  <div class='ocr_page' id='page_1' title='image "/cluster/home/n/w/nwhite01/storage/ocr_20150623/76:no.9/coo.31924054869775/577.png"; bbox 0 0 4060 6422; ppageno 0'>
   <div class='ocr_carea' id='block_1_1' title="bbox 504 453 642 508">
    <p class='ocr_par' dir='ltr' id='par_1_1' title="bbox 504 453 642 508">
     <span class='ocr_line' id='line_1_1' title="bbox 504 453 642 508; baseline 0.007 -1"><span class='ocrx_word' id='word_1_1' title='bbox 504 453 642 508; x_wconf 73' lang='lat'><strong>“59</strong></span> 
     </span>
    </p>
   </div>
   <div class='ocr_carea' id='block_1_2' title="bbox 1517 449 2745 510">
    <p class='ocr_par' dir='ltr' id='par_1_2' title="bbox 1517 449 2745 510">
     <span class='ocr_line' id='line_1_2' title="bbox 1517 449 2745 510; baseline 0.002 -4"><span class='ocrx_word' id='word_1_2' title='bbox 1517 452 1572 506; x_wconf 87' lang='lat' dir='ltr'><strong>S.</strong></span> <span class='ocrx_word' id='word_1_3' title='bbox 1613 449 1881 506; x_wconf 72' lang='lat' dir='ltr'><strong>CYRILLI</strong></span> <span class='ocrx_word' id='word_1_4' title='bbox 1922 452 2388 508; x_wconf 72' lang='lat' dir='ltr'><strong>ALEXANDRlNl</strong></span> <span class='ocrx_word' id='word_1_5' title='bbox 2426 455 2745 510; x_wconf 75' lang='lat' dir='ltr'><strong>AllClllEP.</strong></span> 
     </span>
    </p>
   </div>
   <div class='ocr_carea' id='block_1_3' title="bbox 3639 465 3779 520">
    <p class='ocr_par' dir='ltr' id='par_1_3' title="bbox 3639 465 3779 520">
     <span class='ocr_line' id='line_1_3' title="bbox 3639 465 3779 520; baseline 0.014 -2"><span class='ocrx_word' id='word_1_6' title='bbox 3639 465 3779 520; x_wconf 71' lang='grc'><strong>1140</strong></span> 
     </span>
    </p>
   </div>
   <div class='ocr_carea' id='block_1_4' title="bbox 503 569 2082 648">
    <p class='ocr_par' dir='ltr' id='par_1_4' title="bbox 503 569 2082 644">
     <span class='ocr_line' id='line_1_4' title="bbox 503 569 2082 644; baseline -0.001 -19"><span class='ocrx_word' id='word_1_7' title='bbox 503 574 735 640; x_wconf 79' lang='lat' dir='ltr'><strong>sceptris</strong></span> <span class='ocrx_word' id='word_1_8' title='bbox 779 582 1050 644; x_wconf 59' lang='lat' dir='ltr'><strong>perpetua:</strong></span> <span class='ocrx_word' id='word_1_9' title='bbox 1098 574 1463 630; x_wconf 89' lang='lat' dir='ltr'><strong>successionis</strong></span> <span class='ocrx_word' id='word_1_10' title='bbox 1495 588 1646 643; x_wconf 83' lang='lat' dir='ltr'><strong>spem</strong></span> <span class='ocrx_word' id='word_1_11' title='bbox 1679 569 1877 634; x_wconf 73' lang='lat' dir='ltr'><strong>aﬂert;</strong></span> <span class='ocrx_word' id='word_1_12' title='bbox 1915 570 2082 626; x_wconf 86' lang='lat' dir='ltr'><strong>altera</strong></span> 
     </span>
    </p>
   </div>
   <div class='ocr_carea' id='block_1_5' title="bbox 2186 569 3776 648">
    <p class='ocr_par' dir='ltr' id='par_1_5' title="bbox 2193 571 3776 648">
     <span class='ocr_line' id='line_1_5' title="bbox 2193 571 3776 648; baseline 0.006 -23"><span class='ocrx_word' id='word_1_13' title='bbox 2193 573 2380 637; x_wconf 73' lang='grc' dir='ltr'>ζουσα,</span> <span class='ocrx_word' id='word_1_14' title='bbox 2408 573 2502 626; x_wconf 71' lang='grc' dir='ltr'>καὶ</span> <span class='ocrx_word' id='word_1_15' title='bbox 2531 573 2628 636; x_wconf 76' lang='grc' dir='ltr'><strong>τὰς</strong></span> <span class='ocrx_word' id='word_1_16' title='bbox 2662 577 2761 643; x_wconf 76' lang='grc' dir='ltr'>τῆς</span> <span class='ocrx_word' id='word_1_17' title='bbox 2792 571 3184 645; x_wconf 70' lang='grc' dir='ltr'>εὖκλεεστάτης</span> <span class='ocrx_word' id='word_1_18' title='bbox 3213 576 3368 646; x_wconf 78' lang='grc' dir='ltr'>ὑμῶν</span> <span class='ocrx_word' id='word_1_19' title='bbox 3399 577 3672 648; x_wconf 65' lang='grc' dir='ltr'>βασιλείας</span> <span class='ocrx_word' id='word_1_20' title='bbox 3699 583 3776 634; x_wconf 85' lang='grc' dir='ltr'><strong>οἰ-</strong></span> 
     </span>
    </p>
   </div>
   <div class='ocr_carea' id='block_1_6' title="bbox 505 663 2084 736">
    <p class='ocr_par' dir='ltr' id='par_1_6' title="bbox 505 663 2084 736">
     <span class='ocr_line' id='line_1_6' title="bbox 505 663 2084 736; baseline 0.003 -24"><span class='ocrx_word' id='word_1_21' title='bbox 505 677 659 727; x_wconf 69' lang='grc' dir='ltr'>τει-ο,</span> <span class='ocrx_word' id='word_1_22' title='bbox 691 663 835 718; x_wconf 90' lang='lat' dir='ltr'><strong>inter</strong></span> <span class='ocrx_word' id='word_1_23' title='bbox 863 666 1132 735; x_wconf 80' lang='lat' dir='ltr'><strong>virgineas</strong></span> <span class='ocrx_word' id='word_1_24' title='bbox 1164 682 1407 736; x_wconf 84' lang='lat' dir='ltr'><strong>gemmas</strong></span> <span class='ocrx_word' id='word_1_25' title='bbox 1429 666 1767 726; x_wconf 87' lang='lat' dir='ltr'><strong>adolescens,</strong></span> <span class='ocrx_word' id='word_1_26' title='bbox 1805 663 1954 731; x_wconf 88' lang='lat' dir='ltr'><strong>regni</strong></span> <span class='ocrx_word' id='word_1_27' title='bbox 1990 679 2084 716; x_wconf 82' lang='lat' dir='ltr'><strong>ve-</strong></span> 
     </span>
    </p>
   </div>
   <div class='ocr_carea' id='block_1_7' title="bbox 502 753 2087 821">
    <p class='ocr_par' dir='ltr' id='par_1_7' title="bbox 502 753 2087 821">
     <span class='ocr_line' id='line_1_7' title="bbox 502 753 2087 821; baseline 0.001 -16"><span class='ocrx_word' id='word_1_28' title='bbox 502 753 600 806; x_wconf 80' lang='lat' dir='ltr'><strong>stri</strong></span> <span class='ocrx_word' id='word_1_29' title='bbox 654 753 1055 821; x_wconf 70' lang='lat' dir='ltr'><strong>praeclarissimi</strong></span> <span class='ocrx_word' id='word_1_30' title='bbox 1111 772 1276 814; x_wconf 89' lang='lat' dir='ltr'><strong>curas</strong></span> <span class='ocrx_word' id='word_1_31' title='bbox 1325 758 1602 812; x_wconf 78' lang='lat' dir='ltr'><strong>vobiscum</strong></span> <span class='ocrx_word' id='word_1_32' title='bbox 1641 768 1958 810; x_wconf 74' lang='lat' dir='ltr'><strong>communes</strong></span> <span class='ocrx_word' id='word_1_33' title='bbox 1990 753 2087 808; x_wconf 87' lang='lat' dir='ltr'><strong>ha-</strong></span> 
     </span>
    </p>
   </div>
   <div class='ocr_carea' id='block_1_8' title="bbox 502 843 2083 918">
    <p class='ocr_par' dir='ltr' id='par_1_8' title="bbox 502 843 2083 918">
     <span class='ocr_line' id='line_1_8' title="bbox 502 843 2083 918; baseline 0.003 -22"><span class='ocrx_word' id='word_1_34' title='bbox 502 843 611 896; x_wconf 88' lang='lat' dir='ltr'><strong>het.</strong></span> <span class='ocrx_word' id='word_1_35' title='bbox 683 844 852 913; x_wconf 85' lang='lat' dir='ltr'><strong>Igitur</strong></span> <span class='ocrx_word' id='word_1_36' title='bbox 907 859 967 902; x_wconf 87' lang='lat' dir='ltr'><strong>ut</strong></span> <span class='ocrx_word' id='word_1_37' title='bbox 1021 852 1326 904; x_wconf 79' lang='lat' dir='ltr'><strong>veneranda</strong></span> <span class='ocrx_word' id='word_1_38' title='bbox 1385 849 1558 918; x_wconf 92' lang='lat' dir='ltr'><strong>capita</strong></span> <span class='ocrx_word' id='word_1_39' title='bbox 1593 856 1862 903; x_wconf 79' lang='lat' dir='ltr'><strong>exornant</strong></span> <span class='ocrx_word' id='word_1_40' title='bbox 1917 844 2083 901; x_wconf 91' lang='lat' dir='ltr'><strong>lndicl</strong></span> 
     </span>
    </p>
   </div>
   <div class='ocr_carea' id='block_1_9' title="bbox 502 935 2084 1009">
    <p class='ocr_par' dir='ltr' id='par_1_9' title="bbox 502 935 2084 1009">
     <span class='ocr_line' id='line_1_9' title="bbox 502 935 2084 1009; baseline 0.006 -25"><span class='ocrx_word' id='word_1_41' title='bbox 502 935 767 1003; x_wconf 72' lang='lat' dir='ltr'><strong>uniones,</strong></span> <span class='ocrx_word' id='word_1_42' title='bbox 825 937 897 992; x_wconf 88' lang='lat' dir='ltr'><strong>ita</strong></span> <span class='ocrx_word' id='word_1_43' title='bbox 961 941 1222 1009; x_wconf 70' lang='lat' dir='ltr'><strong>spiritalis</strong></span> <span class='ocrx_word' id='word_1_44' title='bbox 1266 941 1460 994; x_wconf 66' lang='lat' dir='ltr'><strong>anima:</strong></span> <span class='ocrx_word' id='word_1_45' title='bbox 1509 939 1815 1008; x_wconf 88' lang='lat' dir='ltr'><strong>mentisque</strong></span> <span class='ocrx_word' id='word_1_46' title='bbox 1860 946 2084 993; x_wconf 88' lang='lat' dir='ltr'><strong>ornatus</strong></span> 
     </span>
    </p>
   </div>
   <div class='ocr_carea' id='block_1_10' title="bbox 500 1025 2083 1102">
    <p class='ocr_par' dir='ltr' id='par_1_10' title="bbox 500 1025 2083 1102">
     <span class='ocr_line' id='line_1_10' title="bbox 500 1025 2083 1102; baseline 0.005 -28"><span class='ocrx_word' id='word_1_47' title='bbox 500 1025 608 1077; x_wconf 89' lang='lat' dir='ltr'><strong>erit</strong></span> <span class='ocrx_word' id='word_1_48' title='bbox 655 1037 823 1093; x_wconf 87' lang='lat' dir='ltr'><strong>recta,</strong></span> <span class='ocrx_word' id='word_1_49' title='bbox 851 1029 906 1102; x_wconf 62' lang='grc' dir='ltr'>ἦ,</span> <span class='ocrx_word' id='word_1_50' title='bbox 933 1032 1142 1086; x_wconf 83' lang='lat' dir='ltr'><strong>sincera</strong></span> <span class='ocrx_word' id='word_1_51' title='bbox 1201 1031 1586 1102; x_wconf 87' lang='lat' dir='ltr'><strong>inculpataque</strong></span> <span class='ocrx_word' id='word_1_52' title='bbox 1645 1031 1696 1084; x_wconf 92' lang='lat' dir='ltr'><strong>in</strong></span> <span class='ocrx_word' id='word_1_53' title='bbox 1729 1029 1897 1084; x_wconf 86' lang='lat' dir='ltr'><strong>Deum</strong></span> <span class='ocrx_word' id='word_1_54' title='bbox 1931 1029 2083 1083; x_wconf 82' lang='lat' dir='ltr'><strong>ﬁdes.</strong></span> 
     </span>
    </p>
   </div>
   <div class='ocr_carea' id='block_1_11' title="bbox 501 1115 2086 1194">
    <p class='ocr_par' dir='ltr' id='par_1_11' title="bbox 501 1115 2086 1194">
     <span class='ocr_line' id='line_1_11' title="bbox 501 1115 2086 1194; baseline 0.006 -25"><span class='ocrx_word' id='word_1_55' title='bbox 501 1115 672 1179; x_wconf 87' lang='lat' dir='ltr'><strong>Quam</strong></span> <span class='ocrx_word' id='word_1_56' title='bbox 701 1123 920 1190; x_wconf 85' lang='lat' dir='ltr'><strong>quidem</strong></span> <span class='ocrx_word' id='word_1_57' title='bbox 968 1122 1148 1188; x_wconf 82' lang='lat' dir='ltr'><strong>ﬁdem,</strong></span> <span class='ocrx_word' id='word_1_58' title='bbox 1194 1123 1320 1193; x_wconf 81' lang='lat' dir='ltr'><strong>quia</strong></span> <span class='ocrx_word' id='word_1_59' title='bbox 1354 1138 1447 1177; x_wconf 83' lang='lat' dir='ltr'><strong>vos</strong></span> <span class='ocrx_word' id='word_1_60' title='bbox 1484 1131 1901 1179; x_wconf 79' lang='lat' dir='ltr'><strong>conservaturos</strong></span> <span class='ocrx_word' id='word_1_61' title='bbox 1927 1122 2086 1194; x_wconf 82' lang='lat' dir='ltr'><strong>plane</strong></span> 
     </span>
    </p>
   </div>
   <div class='ocr_carea' id='block_1_12' title="bbox 501 1215 2084 1286">
    <p class='ocr_par' dir='ltr' id='par_1_12' title="bbox 501 1215 2084 1286">
     <span class='ocr_line' id='line_1_12' title="bbox 501 1215 2084 1286; baseline 0.002 -20"><span class='ocrx_word' id='word_1_62' title='bbox 501 1215 734 1279; x_wconf 74' lang='grc' dir='ltr'>ιυοιιῐὶάο,</span> <span class='ocrx_word' id='word_1_63' title='bbox 800 1230 1039 1284; x_wconf 66' lang='lat' dir='ltr'><strong>praesens</strong></span> <span class='ocrx_word' id='word_1_64' title='bbox 1114 1217 1217 1271; x_wconf 87' lang='lat' dir='ltr'><strong>hoc</strong></span> <span class='ocrx_word' id='word_1_65' title='bbox 1263 1218 1523 1286; x_wconf 88' lang='lat' dir='ltr'><strong>scriptum</strong></span> <span class='ocrx_word' id='word_1_66' title='bbox 1591 1217 1758 1272; x_wconf 75' lang='lat' dir='ltr'><strong>veluti</strong></span> <span class='ocrx_word' id='word_1_67' title='bbox 1816 1216 2084 1286; x_wconf 80' lang='lat' dir='ltr'><strong>quoddam</strong></span> 
     </span>
    </p>
   </div>
   <div class='ocr_carea' id='block_1_13' title="bbox 501 1306 2085 1378">
    <p class='ocr_par' dir='ltr' id='par_1_13' title="bbox 501 1306 2085 1378">
     <span class='ocr_line' id='line_1_13' title="bbox 501 1306 2085 1378; baseline 0.002 -19"><span class='ocrx_word' id='word_1_68' title='bbox 501 1307 698 1361; x_wconf 86' lang='lat' dir='ltr'><strong>mentis</strong></span> <span class='ocrx_word' id='word_1_69' title='bbox 748 1306 1172 1373; x_wconf 78' lang='lat' dir='ltr'><strong>ﬁrmamentum,</strong></span> <span class='ocrx_word' id='word_1_70' title='bbox 1224 1308 1525 1378; x_wconf 72' lang='lat' dir='ltr'><strong>animaeque</strong></span> <span class='ocrx_word' id='word_1_71' title='bbox 1558 1309 1760 1369; x_wconf 88' lang='lat' dir='ltr'><strong>lumen.</strong></span> <span class='ocrx_word' id='word_1_72' title='bbox 1798 1317 1849 1363; x_wconf 93' lang='lat' dir='ltr'><strong>et</strong></span> <span class='ocrx_word' id='word_1_73' title='bbox 1902 1309 2085 1362; x_wconf 78' lang='lat' dir='ltr'><strong>cordis</strong></span> 
     </span>
    </p>
   </div>
   <div class='ocr_carea' id='block_1_14' title="bbox 497 1395 2087 1467">
    <p class='ocr_par' dir='ltr' id='par_1_14' title="bbox 497 1395 2087 1467">
     <span class='ocr_line' id='line_1_14' title="bbox 497 1395 2087 1467; baseline 0.003 -18"><span class='ocrx_word' id='word_1_74' title='bbox 497 1413 756 1451; x_wconf 82' lang='lat' dir='ltr'><strong>coronam</strong></span> <span class='ocrx_word' id='word_1_75' title='bbox 794 1395 986 1452; x_wconf 76' lang='lat' dir='ltr'><strong>ollero.</strong></span> <span class='ocrx_word' id='word_1_76' title='bbox 1027 1397 1300 1467; x_wconf 87' lang='lat' dir='ltr'><strong>Scriptum</strong></span> <span class='ocrx_word' id='word_1_77' title='bbox 1352 1410 1435 1454; x_wconf 90' lang='lat' dir='ltr'><strong>est</strong></span> <span class='ocrx_word' id='word_1_78' title='bbox 1479 1399 1624 1454; x_wconf 89' lang='lat' dir='ltr'><strong>enim</strong></span> <span class='ocrx_word' id='word_1_79' title='bbox 1674 1417 1688 1454; x_wconf 91' lang='lat'><strong>:</strong></span> <span class='ocrx_word' id='word_1_80' title='bbox 1728 1419 1747 1452; x_wconf 71' lang='grc' dir='ltr'>ς</span> <span class='ocrx_word' id='word_1_81' title='bbox 1788 1399 1977 1454; x_wconf 83' lang='lat' dir='ltr'><strong>Melior</strong></span> <span class='ocrx_word' id='word_1_82' title='bbox 2002 1408 2087 1454; x_wconf 90' lang='lat' dir='ltr'><strong>est</strong></span> 
     </span>
    </p>
   </div>
   <div class='ocr_carea' id='block_1_15' title="bbox 495 1489 2085 1562">
    <p class='ocr_par' dir='ltr' id='par_1_15' title="bbox 495 1489 2085 1562">
     <span class='ocr_line' id='line_1_15' title="bbox 495 1489 2085 1562; baseline 0.002 -20"><span class='ocrx_word' id='word_1_83' title='bbox 495 1490 759 1560; x_wconf 74' lang='lat' dir='ltr'><strong>sapientia</strong></span> <span class='ocrx_word' id='word_1_84' title='bbox 804 1489 1079 1558; x_wconf 77' lang='lat' dir='ltr'><strong>lapidibus</strong></span> <span class='ocrx_word' id='word_1_85' title='bbox 1116 1491 1405 1562; x_wconf 88' lang='lat' dir='ltr'><strong>pretiosis;</strong></span> <span class='ocrx_word' id='word_1_86' title='bbox 1437 1499 1492 1545; x_wconf 89' lang='lat' dir='ltr'><strong>et</strong></span> <span class='ocrx_word' id='word_1_87' title='bbox 1521 1506 1683 1546; x_wconf 88' lang='lat' dir='ltr'><strong>omne</strong></span> <span class='ocrx_word' id='word_1_88' title='bbox 1724 1490 2085 1546; x_wconf 83' lang='lat' dir='ltr'><strong>desiderabile</strong></span> 
     </span>
    </p>
   </div>
   <div class='ocr_carea' id='block_1_16' title="bbox 495 1580 2087 1652">
    <p class='ocr_par' dir='ltr' id='par_1_16' title="bbox 495 1580 2087 1652">
     <span class='ocr_line' id='line_1_16' title="bbox 495 1580 2087 1652; baseline 0.002 -18"><span class='ocrx_word' id='word_1_89' title='bbox 495 1580 544 1634; x_wconf 90' lang='lat' dir='ltr'><strong>ci</strong></span> <span class='ocrx_word' id='word_1_90' title='bbox 594 1597 700 1635; x_wconf 93' lang='lat' dir='ltr'><strong>non</strong></span> <span class='ocrx_word' id='word_1_91' title='bbox 753 1590 929 1650; x_wconf 88' lang='lat' dir='ltr'><strong>potest</strong></span> <span class='ocrx_word' id='word_1_92' title='bbox 973 1582 1281 1651; x_wconf 88' lang='lat' dir='ltr'><strong>comparari</strong></span> <span class='ocrx_word' id='word_1_93' title='bbox 1321 1583 1365 1638; x_wconf 79' lang='lat'><strong>’.</strong></span> <span class='ocrx_word' id='word_1_94' title='bbox 1399 1601 1418 1634; x_wconf 72' lang='grc' dir='ltr'><strong>ι</strong></span> <span class='ocrx_word' id='word_1_95' title='bbox 1466 1582 1542 1637; x_wconf 87' lang='lat' dir='ltr'><strong>De</strong></span> <span class='ocrx_word' id='word_1_96' title='bbox 1593 1582 1863 1652; x_wconf 89' lang='lat' dir='ltr'><strong>Unigeniti</strong></span> <span class='ocrx_word' id='word_1_97' title='bbox 1903 1582 2087 1650; x_wconf 86' lang='lat' dir='ltr'><strong>itaque</strong></span> 
     </span>
    </p>
   </div>
   <div class='ocr_carea' id='block_1_17' title="bbox 497 1672 2084 1744">
    <p class='ocr_par' dir='ltr' id='par_1_17' title="bbox 497 1672 2084 1744">
     <span class='ocr_line' id='line_1_17' title="bbox 497 1672 2084 1744; baseline 0.001 -17"><span class='ocrx_word' id='word_1_98' title='bbox 497 1675 874 1729; x_wconf 86' lang='lat' dir='ltr'><strong>incarnatione</strong></span> <span class='ocrx_word' id='word_1_99' title='bbox 922 1672 1160 1729; x_wconf 81' lang='lat' dir='ltr'><strong>breviter</strong></span> <span class='ocrx_word' id='word_1_100' title='bbox 1202 1674 1366 1729; x_wconf 78' lang='lat' dir='ltr'><strong>verba</strong></span> <span class='ocrx_word' id='word_1_101' title='bbox 1415 1674 1678 1740; x_wconf 80' lang='lat' dir='ltr'><strong>facturus,</strong></span> <span class='ocrx_word' id='word_1_102' title='bbox 1715 1689 1960 1744; x_wconf 78' lang='lat' dir='ltr'><strong>quamam</strong></span> <span class='ocrx_word' id='word_1_103' title='bbox 1995 1689 2084 1730; x_wconf 85' lang='lat' dir='ltr'><strong>sa-</strong></span> 
     </span>
    </p>
   </div>
   <div class='ocr_carea' id='block_1_18' title="bbox 497 1767 2080 1838">
    <p class='ocr_par' dir='ltr' id='par_1_18' title="bbox 497 1767 2080 1838">
     <span class='ocr_line' id='line_1_18' title="bbox 497 1767 2080 1838; baseline 0 -16"><span class='ocrx_word' id='word_1_104' title='bbox 497 1767 771 1823; x_wconf 87' lang='lat' dir='ltr'><strong>cramenti</strong></span> <span class='ocrx_word' id='word_1_105' title='bbox 806 1769 966 1838; x_wconf 87' lang='lat' dir='ltr'><strong>hujus</strong></span> <span class='ocrx_word' id='word_1_106' title='bbox 1010 1769 1148 1824; x_wconf 88' lang='lat' dir='ltr'><strong>ratio</strong></span> <span class='ocrx_word' id='word_1_107' title='bbox 1176 1769 1424 1833; x_wconf 82' lang='lat' dir='ltr'><strong>exsistat,</strong></span> <span class='ocrx_word' id='word_1_108' title='bbox 1468 1779 1670 1838; x_wconf 77' lang='lat' dir='ltr'><strong>quanta</strong></span> <span class='ocrx_word' id='word_1_109' title='bbox 1704 1767 1922 1838; x_wconf 85' lang='lat' dir='ltr'><strong>quidem</strong></span> <span class='ocrx_word' id='word_1_110' title='bbox 1958 1783 2080 1837; x_wconf 86' lang='lat' dir='ltr'><strong>per-</strong></span> 
     </span>
    </p>
   </div>
   <div class='ocr_carea' id='block_1_19' title="bbox 496 1858 2088 1930">
    <p class='ocr_par' dir='ltr' id='par_1_19' title="bbox 496 1858 2088 1930">
     <span class='ocr_line' id='line_1_19' title="bbox 496 1858 2088 1930; baseline 0 -17"><span class='ocrx_word' id='word_1_111' title='bbox 496 1862 782 1929; x_wconf 81' lang='lat' dir='ltr'><strong>spicuitate</strong></span> <span class='ocrx_word' id='word_1_112' title='bbox 822 1863 888 1915; x_wconf 90' lang='lat' dir='ltr'><strong>ab</strong></span> <span class='ocrx_word' id='word_1_113' title='bbox 940 1860 1006 1916; x_wconf 85' lang='lat' dir='ltr'><strong>iis</strong></span> <span class='ocrx_word' id='word_1_114' title='bbox 1067 1861 1119 1915; x_wconf 94' lang='lat' dir='ltr'><strong>id</strong></span> <span class='ocrx_word' id='word_1_115' title='bbox 1168 1859 1282 1915; x_wconf 83' lang='lat' dir='ltr'><strong>lleri</strong></span> <span class='ocrx_word' id='word_1_116' title='bbox 1334 1859 1533 1930; x_wconf 86' lang='lat' dir='ltr'><strong>poterit</strong></span> <span class='ocrx_word' id='word_1_117' title='bbox 1595 1859 1688 1928; x_wconf 92' lang='lat' dir='ltr'><strong>qui</strong></span> <span class='ocrx_word' id='word_1_118' title='bbox 1749 1859 1801 1912; x_wconf 93' lang='lat' dir='ltr'><strong>in</strong></span> <span class='ocrx_word' id='word_1_119' title='bbox 1864 1858 2088 1927; x_wconf 88' lang='lat' dir='ltr'><strong>speculo</strong></span> 
     </span>
    </p>
   </div>
   <div class='ocr_carea' id='block_1_20' title="bbox 2191 661 3776 736">
    <p class='ocr_par' dir='ltr' id='par_1_20' title="bbox 2191 661 3776 736">
     <span class='ocr_line' id='line_1_20' title="bbox 2191 661 3776 736; baseline 0.004 -21"><span class='ocrx_word' id='word_1_120' title='bbox 2191 663 2486 734; x_wconf 76' lang='grc' dir='ltr'>κειουμένη</span> <span class='ocrx_word' id='word_1_121' title='bbox 2518 665 2823 736; x_wconf 81' lang='grc' dir='ltr'><strong>φροντίδας.</strong></span> <span class='ocrx_word' id='word_1_122' title='bbox 2856 664 3008 718; x_wconf 87' lang='grc' dir='ltr'>Λίθοι</span> <span class='ocrx_word' id='word_1_123' title='bbox 3045 665 3143 734; x_wconf 77' lang='grc' dir='ltr'>μὲν</span> <span class='ocrx_word' id='word_1_124' title='bbox 3183 661 3277 718; x_wconf 76' lang='grc' dir='ltr'><strong>οὖν</strong></span> <span class='ocrx_word' id='word_1_125' title='bbox 3306 666 3518 720; x_wconf 68' lang='grc' dir='ltr'>Ἰνδικοὶ</span> <span class='ocrx_word' id='word_1_126' title='bbox 3535 669 3633 732; x_wconf 87' lang='grc' dir='ltr'><strong>τάς</strong></span> <span class='ocrx_word' id='word_1_127' title='bbox 3659 671 3776 724; x_wconf 87' lang='grc' dir='ltr'>ἀοι-</span> 
     </span>
    </p>
   </div>
   <div class='ocr_carea' id='block_1_21' title="bbox 2189 756 3775 830">
    <p class='ocr_par' dir='ltr' id='par_1_21' title="bbox 2189 756 3775 830">
     <span class='ocr_line' id='line_1_21' title="bbox 2189 756 3775 830; baseline 0.004 -21"><span class='ocrx_word' id='word_1_128' title='bbox 2189 756 2377 827; x_wconf 86' lang='grc' dir='ltr'>δίμους</span> <span class='ocrx_word' id='word_1_129' title='bbox 2421 757 2576 826; x_wconf 81' lang='grc' dir='ltr'>ὑμῶν</span> <span class='ocrx_word' id='word_1_130' title='bbox 2623 759 3119 829; x_wconf 75' lang='grc' dir='ltr'>καταφαιδρύνουσι</span> <span class='ocrx_word' id='word_1_131' title='bbox 3175 759 3450 828; x_wconf 78' lang='grc' dir='ltr'>κεφαλὰς,</span> <span class='ocrx_word' id='word_1_132' title='bbox 3501 760 3676 830; x_wconf 70' lang='grc' dir='ltr'>ψυχῆς</span> <span class='ocrx_word' id='word_1_133' title='bbox 3719 763 3775 815; x_wconf 77' lang='grc' dir='ltr'>δὲ</span> 
     </span>
    </p>
   </div>
   <div class='ocr_carea' id='block_1_22' title="bbox 2191 845 3775 921">
    <p class='ocr_par' dir='ltr' id='par_1_22' title="bbox 2191 845 3775 921">
     <span class='ocr_line' id='line_1_22' title="bbox 2191 845 3775 921; baseline 0.002 -21"><span class='ocrx_word' id='word_1_134' title='bbox 2191 848 2285 900; x_wconf 67' lang='grc' dir='ltr'>καὶ</span> <span class='ocrx_word' id='word_1_135' title='bbox 2318 845 2409 899; x_wconf 85' lang='grc' dir='ltr'><strong>νοῦ</strong></span> <span class='ocrx_word' id='word_1_136' title='bbox 2447 847 2634 917; x_wconf 77' lang='grc' dir='ltr'>νοητὸς</span> <span class='ocrx_word' id='word_1_137' title='bbox 2665 847 2732 900; x_wconf 80' lang='grc' dir='ltr'>ἂν</span> <span class='ocrx_word' id='word_1_138' title='bbox 2766 847 3016 916; x_wconf 77' lang='grc' dir='ltr'><strong>γένοιτο¹</strong></span> <span class='ocrx_word' id='word_1_139' title='bbox 3056 848 3278 918; x_wconf 87' lang='grc' dir='ltr'>κόσμος,</span> <span class='ocrx_word' id='word_1_140' title='bbox 3311 851 3493 914; x_wconf 80' lang='grc' dir='ltr'><strong>πίστις</strong></span> <span class='ocrx_word' id='word_1_141' title='bbox 3525 849 3775 921; x_wconf 75' lang='grc' dir='ltr'>ὀρθὴκαὶ</span> 
     </span>
    </p>
   </div>
   <div class='ocr_carea' id='block_1_23' title="bbox 2192 936 3772 1009">
    <p class='ocr_par' dir='ltr' id='par_1_23' title="bbox 2192 936 3772 1009">
     <span class='ocr_line' id='line_1_23' title="bbox 2192 936 3772 1009; baseline 0.002 -20"><span class='ocrx_word' id='word_1_142' title='bbox 2192 936 2588 1007; x_wconf 78' lang='grc' dir='ltr'>ἀκαπήλευτος.</span> <span class='ocrx_word' id='word_1_143' title='bbox 2622 939 2726 990; x_wconf 81' lang='grc' dir='ltr'>Ἦν</span> <span class='ocrx_word' id='word_1_144' title='bbox 2757 938 2839 990; x_wconf 85' lang='grc' dir='ltr'><strong>δτι</strong></span> <span class='ocrx_word' id='word_1_145' title='bbox 2873 939 3144 1007; x_wconf 76' lang='grc' dir='ltr'><strong>τηρήσετε</strong></span> <span class='ocrx_word' id='word_1_146' title='bbox 3179 937 3557 1009; x_wconf 86' lang='grc' dir='ltr'>τεθαρσηκὼς,</span> <span class='ocrx_word' id='word_1_147' title='bbox 3601 956 3772 1009; x_wconf 86' lang='grc' dir='ltr'>προσ-</span> 
     </span>
    </p>
   </div>
   <div class='ocr_carea' id='block_1_24' title="bbox 2190 1028 3774 1101">
    <p class='ocr_par' dir='ltr' id='par_1_24' title="bbox 2190 1028 3774 1101">
     <span class='ocr_line' id='line_1_24' title="bbox 2190 1028 3774 1101; baseline 0.003 -20"><span class='ocrx_word' id='word_1_148' title='bbox 2190 1028 2309 1095; x_wconf 87' lang='grc' dir='ltr'><strong>άγω</strong></span> <span class='ocrx_word' id='word_1_149' title='bbox 2375 1030 2467 1082; x_wconf 78' lang='grc' dir='ltr'><strong>τὸν</strong></span> <span class='ocrx_word' id='word_1_150' title='bbox 2525 1029 2718 1097; x_wconf 86' lang='grc' dir='ltr'>λόγον,</span> <span class='ocrx_word' id='word_1_151' title='bbox 2774 1030 2850 1092; x_wconf 85' lang='grc' dir='ltr'><strong>ὡς</strong></span> <span class='ocrx_word' id='word_1_152' title='bbox 2905 1030 3138 1100; x_wconf 69' lang='grc' dir='ltr'>ἔρεισμα</span> <span class='ocrx_word' id='word_1_153' title='bbox 3214 1030 3345 1092; x_wconf 86' lang='grc' dir='ltr'>νοῦ,</span> <span class='ocrx_word' id='word_1_154' title='bbox 3435 1031 3528 1084; x_wconf 78' lang='grc' dir='ltr'>καὶ</span> <span class='ocrx_word' id='word_1_155' title='bbox 3596 1031 3774 1101; x_wconf 73' lang='grc' dir='ltr'>ψυχῆς</span> 
     </span>
    </p>
   </div>
   <div class='ocr_carea' id='block_1_25' title="bbox 2189 1121 3765 1194">
    <p class='ocr_par' dir='ltr' id='par_1_25' title="bbox 2189 1121 3765 1194">
     <span class='ocr_line' id='line_1_25' title="bbox 2189 1121 3765 1194; baseline 0.001 -21"><span class='ocrx_word' id='word_1_156' title='bbox 2189 1121 2496 1192; x_wconf 81' lang='grc' dir='ltr'>ἀγλάϊσμα,</span> <span class='ocrx_word' id='word_1_157' title='bbox 2538 1122 2632 1175; x_wconf 73' lang='grc' dir='ltr'>καὶ</span> <span class='ocrx_word' id='word_1_158' title='bbox 2664 1123 2892 1194; x_wconf 79' lang='grc' dir='ltr'><strong>καρδίας</strong></span> <span class='ocrx_word' id='word_1_159' title='bbox 2942 1123 3224 1191; x_wconf 80' lang='grc' dir='ltr'>στέφανον.</span> <span class='ocrx_word' id='word_1_160' title='bbox 3275 1123 3588 1194; x_wconf 81' lang='grc' dir='ltr'>Γέγραπται</span> <span class='ocrx_word' id='word_1_161' title='bbox 3629 1123 3765 1193; x_wconf 89' lang='grc' dir='ltr'><strong>γάρ,</strong></span> 
     </span>
    </p>
   </div>
   <div class='ocr_carea' id='block_1_26' title="bbox 2189 1213 3774 1284">
    <p class='ocr_par' dir='ltr' id='par_1_26' title="bbox 2189 1213 3774 1284">
     <span class='ocr_line' id='line_1_26' title="bbox 2189 1213 3774 1284; baseline -0.001 -17"><span class='ocrx_word' id='word_1_162' title='bbox 2189 1214 2271 1267; x_wconf 85' lang='grc' dir='ltr'>ὅτι</span> <span class='ocrx_word' id='word_1_163' title='bbox 2314 1233 2331 1265; x_wconf 76' lang='grc' dir='ltr'><strong>ί</strong></span> <span class='ocrx_word' id='word_1_164' title='bbox 2375 1213 2664 1284; x_wconf 82' lang='grc' dir='ltr'>Κρείσσων</span> <span class='ocrx_word' id='word_1_165' title='bbox 2706 1215 2864 1282; x_wconf 73' lang='grc' dir='ltr'>σοφία</span> <span class='ocrx_word' id='word_1_166' title='bbox 2891 1215 3054 1268; x_wconf 82' lang='grc' dir='ltr'>λίθων</span> <span class='ocrx_word' id='word_1_167' title='bbox 3086 1214 3423 1268; x_wconf 57' lang='grc' dir='ltr'>’πολυτελῶν</span> <span class='ocrx_word' id='word_1_168' title='bbox 3457 1216 3565 1268; x_wconf 74' lang='grc' dir='ltr'><strong>πᾶν</strong></span> <span class='ocrx_word' id='word_1_169' title='bbox 3606 1214 3662 1268; x_wconf 80' lang='grc' dir='ltr'>δὲ</span> <span class='ocrx_word' id='word_1_170' title='bbox 3696 1214 3774 1267; x_wconf 80' lang='grc' dir='ltr'>τί-</span> 
     </span>
    </p>
   </div>
   <div class='ocr_carea' id='block_1_27' title="bbox 2193 1303 3776 1375">
    <p class='ocr_par' dir='ltr' id='par_1_27' title="bbox 2193 1303 3776 1375">
     <span class='ocr_line' id='line_1_27' title="bbox 2193 1303 3776 1375; baseline 0 -19"><span class='ocrx_word' id='word_1_171' title='bbox 2193 1321 2314 1375; x_wconf 88' lang='grc' dir='ltr'>μιον</span> <span class='ocrx_word' id='word_1_172' title='bbox 2345 1304 2446 1357; x_wconf 83' lang='grc' dir='ltr'><strong>ούκ</strong></span> <span class='ocrx_word' id='word_1_173' title='bbox 2491 1303 2640 1368; x_wconf 80' lang='grc' dir='ltr'>ἀξιον</span> <span class='ocrx_word' id='word_1_174' title='bbox 2673 1305 2840 1374; x_wconf 74' lang='grc' dir='ltr'>αὐτῆς</span> <span class='ocrx_word' id='word_1_175' title='bbox 2888 1307 3052 1360; x_wconf 77' lang='grc' dir='ltr'>ἐστιν.</span> <span class='ocrx_word' id='word_1_176' title='bbox 3084 1323 3102 1355; x_wconf 80' lang='grc'>›</span> <span class='ocrx_word' id='word_1_177' title='bbox 3148 1304 3355 1357; x_wconf 67' lang='grc' dir='ltr'>Οὐκοῦν</span> <span class='ocrx_word' id='word_1_178' title='bbox 3389 1304 3478 1357; x_wconf 87' lang='grc' dir='ltr'><strong>διά</strong></span> <span class='ocrx_word' id='word_1_179' title='bbox 3526 1303 3776 1375; x_wconf 87' lang='grc' dir='ltr'>βραχέων</span> 
     </span>
    </p>
   </div>
   <div class='ocr_carea' id='block_1_28' title="bbox 2189 1395 3772 1468">
    <p class='ocr_par' dir='ltr' id='par_1_28' title="bbox 2189 1395 3772 1468">
     <span class='ocr_line' id='line_1_28' title="bbox 2189 1395 3772 1468; baseline -0.001 -18"><span class='ocrx_word' id='word_1_180' title='bbox 2189 1398 2363 1451; x_wconf 75' lang='grc' dir='ltr'>εἰπεῖν</span> <span class='ocrx_word' id='word_1_181' title='bbox 2401 1399 2734 1468; x_wconf 83' lang='grc' dir='ltr'>πειράσομαι</span> <span class='ocrx_word' id='word_1_182' title='bbox 2768 1397 2834 1450; x_wconf 71' lang='grc' dir='ltr'><strong>τὰ</strong></span> <span class='ocrx_word' id='word_1_183' title='bbox 2865 1399 2993 1468; x_wconf 70' lang='grc' dir='ltr'>περὶ</span> <span class='ocrx_word' id='word_1_184' title='bbox 3028 1398 3130 1468; x_wconf 70' lang='grc' dir='ltr'>τῆς</span> <span class='ocrx_word' id='word_1_185' title='bbox 3172 1397 3636 1468; x_wconf 63' lang='grc' dir='ltr'>ὲεοαθθρωπήσεως</span> <span class='ocrx_word' id='word_1_186' title='bbox 3678 1395 3772 1448; x_wconf 89' lang='grc' dir='ltr'><strong>τοῦ</strong></span> 
     </span>
    </p>
   </div>
   <div class='ocr_carea' id='block_1_29' title="bbox 2191 1485 3775 1557">
    <p class='ocr_par' dir='ltr' id='par_1_29' title="bbox 2191 1485 3775 1557">
     <span class='ocr_line' id='line_1_29' title="bbox 2191 1485 3775 1557; baseline -0.004 -13"><span class='ocrx_word' id='word_1_187' title='bbox 2191 1488 2550 1557; x_wconf 82' lang='grc' dir='ltr'>Μονογενοῦς,</span> <span class='ocrx_word' id='word_1_188' title='bbox 2585 1490 2676 1542; x_wconf 70' lang='grc' dir='ltr'>καὶ</span> <span class='ocrx_word' id='word_1_189' title='bbox 2707 1489 2734 1542; x_wconf 85' lang='grc' dir='ltr'><strong>ὃ</strong></span> <span class='ocrx_word' id='word_1_190' title='bbox 2767 1489 2820 1541; x_wconf 84' lang='grc' dir='ltr'><strong>τί</strong></span> <span class='ocrx_word' id='word_1_191' title='bbox 2857 1489 2985 1542; x_wconf 86' lang='grc' dir='ltr'>ποτέ</span> <span class='ocrx_word' id='word_1_192' title='bbox 3018 1489 3133 1540; x_wconf 84' lang='grc' dir='ltr'>ὲστι</span> <span class='ocrx_word' id='word_1_193' title='bbox 3174 1487 3234 1541; x_wconf 84' lang='grc' dir='ltr'>τὸ</span> <span class='ocrx_word' id='word_1_194' title='bbox 3269 1489 3354 1541; x_wconf 72' lang='grc' dir='ltr'><strong>ἐπ’</strong></span> <span class='ocrx_word' id='word_1_195' title='bbox 3386 1485 3536 1556; x_wconf 85' lang='grc' dir='ltr'><strong>αὑτῷ</strong></span> <span class='ocrx_word' id='word_1_196' title='bbox 3568 1485 3775 1557; x_wconf 80' lang='grc' dir='ltr'>μυστή-</span> 
     </span>
    </p>
   </div>
   <div class='ocr_carea' id='block_1_30' title="bbox 2191 1579 3777 1652">
    <p class='ocr_par' dir='ltr' id='par_1_30' title="bbox 2191 1579 3777 1652">
     <span class='ocr_line' id='line_1_30' title="bbox 2191 1579 3777 1652; baseline 0.001 -21"><span class='ocrx_word' id='word_1_197' title='bbox 2191 1597 2328 1652; x_wconf 87' lang='grc' dir='ltr'>ριον,</span> <span class='ocrx_word' id='word_1_198' title='bbox 2369 1579 2658 1650; x_wconf 78' lang='grc' dir='ltr'>διαρθροῦν</span> <span class='ocrx_word' id='word_1_199' title='bbox 2688 1581 2771 1633; x_wconf 85' lang='grc' dir='ltr'><strong>δτι</strong></span> <span class='ocrx_word' id='word_1_200' title='bbox 2805 1580 3039 1649; x_wconf 84' lang='grc' dir='ltr'>μάλιστα</span> <span class='ocrx_word' id='word_1_201' title='bbox 3077 1579 3292 1647; x_wconf 79' lang='grc' dir='ltr'>σαφῶς,</span> <span class='ocrx_word' id='word_1_202' title='bbox 3322 1579 3462 1633; x_wconf 86' lang='grc' dir='ltr'>κατά</span> <span class='ocrx_word' id='word_1_203' title='bbox 3493 1596 3555 1648; x_wconf 91' lang='grc' dir='ltr'><strong>γε</strong></span> <span class='ocrx_word' id='word_1_204' title='bbox 3583 1579 3645 1631; x_wconf 85' lang='grc' dir='ltr'>τὸ</span> <span class='ocrx_word' id='word_1_205' title='bbox 3683 1580 3777 1646; x_wconf 80' lang='grc' dir='ltr'><strong>ἐγ-</strong></span> 
     </span>
    </p>
   </div>
   <div class='ocr_carea' id='block_1_31' title="bbox 2190 1667 3775 1740">
    <p class='ocr_par' dir='ltr' id='par_1_31' title="bbox 2190 1667 3775 1740">
     <span class='ocr_line' id='line_1_31' title="bbox 2190 1667 3775 1740; baseline 0.001 -20"><span class='ocrx_word' id='word_1_206' title='bbox 2190 1667 2402 1740; x_wconf 78' lang='grc' dir='ltr'>χωροῦν</span> <span class='ocrx_word' id='word_1_207' title='bbox 2429 1670 2539 1733; x_wconf 82' lang='grc' dir='ltr'>τοῖς</span> <span class='ocrx_word' id='word_1_208' title='bbox 2571 1669 2628 1720; x_wconf 80' lang='grc' dir='ltr'>ὲν</span> <span class='ocrx_word' id='word_1_209' title='bbox 2653 1669 2904 1739; x_wconf 77' lang='grc' dir='ltr'><strong>ἐσόπτρῳ</strong></span> <span class='ocrx_word' id='word_1_210' title='bbox 2937 1671 3031 1722; x_wconf 76' lang='grc' dir='ltr'>καὶ</span> <span class='ocrx_word' id='word_1_211' title='bbox 3058 1669 3341 1739; x_wconf 72' lang='grc' dir='ltr'>αἰνίγματι</span> <span class='ocrx_word' id='word_1_212' title='bbox 3375 1669 3653 1739; x_wconf 77' lang='grc' dir='ltr'><strong>βλέπουσι,</strong></span> <span class='ocrx_word' id='word_1_213' title='bbox 3683 1668 3775 1722; x_wconf 72' lang='grc' dir='ltr'><strong>καὶ</strong></span> 
     </span>
    </p>
   </div>
   <div class='ocr_carea' id='block_1_32' title="bbox 2189 1757 3773 1831">
    <p class='ocr_par' dir='ltr' id='par_1_32' title="bbox 2189 1757 3773 1831">
     <span class='ocr_line' id='line_1_32' title="bbox 2189 1757 3773 1831; baseline 0.003 -20"><span class='ocrx_word' id='word_1_214' title='bbox 2189 1761 2254 1812; x_wconf 84' lang='grc' dir='ltr'>ὲκ</span> <span class='ocrx_word' id='word_1_215' title='bbox 2287 1758 2486 1830; x_wconf 82' lang='grc' dir='ltr'>μέρους</span> <span class='ocrx_word' id='word_1_216' title='bbox 2523 1757 2876 1827; x_wconf 84' lang='grc' dir='ltr'>γινώσκουσι,</span> <span class='ocrx_word' id='word_1_217' title='bbox 2921 1759 3064 1812; x_wconf 81' lang='grc' dir='ltr'>κατά</span> <span class='ocrx_word' id='word_1_218' title='bbox 3095 1760 3154 1812; x_wconf 81' lang='grc' dir='ltr'>τὸ</span> <span class='ocrx_word' id='word_1_219' title='bbox 3194 1761 3394 1831; x_wconf 85' lang='grc' dir='ltr'>μέτρον</span> <span class='ocrx_word' id='word_1_220' title='bbox 3437 1761 3537 1829; x_wconf 82' lang='grc' dir='ltr'>τῆς</span> <span class='ocrx_word' id='word_1_221' title='bbox 3565 1759 3773 1829; x_wconf 84' lang='grc' dir='ltr'>δωρεᾶς</span> 
     </span>
    </p>
   </div>
   <div class='ocr_carea' id='block_1_33' title="bbox 2189 1849 3772 1922">
    <p class='ocr_par' dir='ltr' id='par_1_33' title="bbox 2189 1849 3772 1922">
     <span class='ocr_line' id='line_1_33' title="bbox 2189 1849 3772 1922; baseline 0.002 -20"><span class='ocrx_word' id='word_1_222' title='bbox 2189 1849 2288 1919; x_wconf 75' lang='grc' dir='ltr'>τῆς</span> <span class='ocrx_word' id='word_1_223' title='bbox 2337 1850 2694 1921; x_wconf 75' lang='grc' dir='ltr'><strong>ἐπιχορηγίας</strong></span> <span class='ocrx_word' id='word_1_224' title='bbox 2724 1849 2817 1903; x_wconf 89' lang='grc' dir='ltr'><strong>τοῦ</strong></span> <span class='ocrx_word' id='word_1_225' title='bbox 2849 1850 3185 1922; x_wconf 85' lang='grc' dir='ltr'>Πνεύματος,</span> <span class='ocrx_word' id='word_1_226' title='bbox 3217 1851 3360 1904; x_wconf 84' lang='grc' dir='ltr'><strong>καθά</strong></span> <span class='ocrx_word' id='word_1_227' title='bbox 3394 1852 3487 1905; x_wconf 68' lang='grc' dir='ltr'><strong>καὶ</strong></span> <span class='ocrx_word' id='word_1_228' title='bbox 3520 1853 3549 1905; x_wconf 81' lang='grc' dir='ltr'>ὁ</span> <span class='ocrx_word' id='word_1_229' title='bbox 3577 1852 3772 1905; x_wconf 84' lang='grc' dir='ltr'>θεσπέ-</span> 
     </span>
    </p>
   </div>
   <div class='ocr_carea' id='block_1_34' title="bbox 500 1935 2082 2021">
    <p class='ocr_par' dir='ltr' id='par_1_34' title="bbox 500 1949 2082 2021">
     <span class='ocr_line' id='line_1_34' title="bbox 500 1949 2082 2021; baseline -0.003 -17"><span class='ocrx_word' id='word_1_230' title='bbox 500 1963 710 2005; x_wconf 89' lang='lat' dir='ltr'><strong>tantum</strong></span> <span class='ocrx_word' id='word_1_231' title='bbox 737 1961 790 2004; x_wconf 89' lang='lat' dir='ltr'><strong>et</strong></span> <span class='ocrx_word' id='word_1_232' title='bbox 819 1951 1109 2021; x_wconf 74' lang='lat' dir='ltr'><strong>aznigmate</strong></span> <span class='ocrx_word' id='word_1_233' title='bbox 1152 1949 1558 2018; x_wconf 86' lang='lat' dir='ltr'><strong>conspicantur,</strong></span> <span class='ocrx_word' id='word_1_234' title='bbox 1607 1958 1661 2002; x_wconf 92' lang='lat' dir='ltr'><strong>et</strong></span> <span class='ocrx_word' id='word_1_235' title='bbox 1703 1963 1766 2002; x_wconf 80' lang='lat' dir='ltr'><strong>ex</strong></span> <span class='ocrx_word' id='word_1_236' title='bbox 1804 1962 1957 2015; x_wconf 87' lang='lat' dir='ltr'><strong>parte</strong></span> <span class='ocrx_word' id='word_1_237' title='bbox 1991 1962 2082 2001; x_wconf 89' lang='lat' dir='ltr'><strong>so-</strong></span> 
     </span>
    </p>
   </div>
   <div class='ocr_carea' id='block_1_35' title="bbox 2186 1935 3771 2021">
    <p class='ocr_par' dir='ltr' id='par_1_35' title="bbox 2186 1941 3771 2016">
     <span class='ocr_line' id='line_1_35' title="bbox 2186 1941 3771 2016; baseline 0.002 -22"><span class='ocrx_word' id='word_1_238' title='bbox 2186 1957 2298 2004; x_wconf 89' lang='grc' dir='ltr'>σιος</span> <span class='ocrx_word' id='word_1_239' title='bbox 2332 1941 2531 2012; x_wconf 81' lang='grc' dir='ltr'>γράφει</span> <span class='ocrx_word' id='word_1_240' title='bbox 2561 1943 2792 2007; x_wconf 86' lang='grc' dir='ltr'>Παῦλος⁶</span> <span class='ocrx_word' id='word_1_241' title='bbox 2837 1958 2856 1994; x_wconf 86' lang='lat' dir='ltr'><strong>t</strong></span> <span class='ocrx_word' id='word_1_242' title='bbox 2887 1943 3077 2008; x_wconf 70' lang='grc' dir='ltr'>Οὐδεὶς</span> <span class='ocrx_word' id='word_1_243' title='bbox 3109 1943 3216 2016; x_wconf 82' lang='grc' dir='ltr'><strong>γάρ</strong></span> <span class='ocrx_word' id='word_1_244' title='bbox 3241 1943 3391 2012; x_wconf 83' lang='grc' dir='ltr'>λέγει</span> <span class='ocrx_word' id='word_1_245' title='bbox 3429 1943 3634 2014; x_wconf 79' lang='grc' dir='ltr'>Κύριον</span> <span class='ocrx_word' id='word_1_246' title='bbox 3667 1945 3771 2014; x_wconf 85' lang='grc' dir='ltr'>Ἰη-</span> 
     </span>
    </p>
   </div>
   <div class='ocr_carea' id='block_1_36' title="bbox 499 2038 2081 2110">
    <p class='ocr_par' dir='ltr' id='par_1_36' title="bbox 499 2038 2081 2110">
     <span class='ocr_line' id='line_1_36' title="bbox 499 2038 2081 2110; baseline -0.001 -16"><span class='ocrx_word' id='word_1_247' title='bbox 499 2045 608 2097; x_wconf 83' lang='grc' dir='ltr'>Ιιιηι</span> <span class='ocrx_word' id='word_1_248' title='bbox 633 2042 676 2107; x_wconf 85' lang='grc'>⁸,</span> <span class='ocrx_word' id='word_1_249' title='bbox 709 2058 901 2110; x_wconf 87' lang='lat' dir='ltr'><strong>nempe</strong></span> <span class='ocrx_word' id='word_1_250' title='bbox 924 2041 1220 2097; x_wconf 88' lang='lat' dir='ltr'><strong>secundum</strong></span> <span class='ocrx_word' id='word_1_251' title='bbox 1259 2056 1569 2094; x_wconf 84' lang='lat' dir='ltr'><strong>mensuram</strong></span> <span class='ocrx_word' id='word_1_252' title='bbox 1611 2038 1925 2093; x_wconf 87' lang='lat' dir='ltr'><strong>donationis</strong></span> <span class='ocrx_word' id='word_1_253' title='bbox 1955 2038 2081 2108; x_wconf 88' lang='lat' dir='ltr'><strong>Spi-</strong></span> 
     </span>
    </p>
   </div>
   <div class='ocr_carea' id='block_1_37' title="bbox 497 2129 2083 2200">
    <p class='ocr_par' dir='ltr' id='par_1_37' title="bbox 497 2129 2083 2200">
     <span class='ocr_line' id='line_1_37' title="bbox 497 2129 2083 2200; baseline -0.003 -14"><span class='ocrx_word' id='word_1_254' title='bbox 497 2135 634 2189; x_wconf 90' lang='lat' dir='ltr'><strong>ritus</strong></span> <span class='ocrx_word' id='word_1_255' title='bbox 677 2135 872 2198; x_wconf 86' lang='lat' dir='ltr'><strong>sancti,</strong></span> <span class='ocrx_word' id='word_1_256' title='bbox 905 2142 964 2188; x_wconf 93' lang='lat' dir='ltr'><strong>ut</strong></span> <span class='ocrx_word' id='word_1_257' title='bbox 997 2133 1213 2187; x_wconf 86' lang='lat' dir='ltr'><strong>divinus</strong></span> <span class='ocrx_word' id='word_1_258' title='bbox 1265 2129 1466 2185; x_wconf 89' lang='lat' dir='ltr'><strong>Paulus</strong></span> <span class='ocrx_word' id='word_1_259' title='bbox 1492 2130 1730 2200; x_wconf 89' lang='lat' dir='ltr'><strong>loquitur</strong></span> <span class='ocrx_word' id='word_1_260' title='bbox 1779 2131 1824 2196; x_wconf 83' lang='lat'><strong>&#39;,</strong></span> <span class='ocrx_word' id='word_1_261' title='bbox 1878 2143 2083 2200; x_wconf 88' lang='lat' dir='ltr'><strong>cogno-</strong></span> 
     </span>
    </p>
   </div>
   <div class='ocr_carea' id='block_1_38' title="bbox 2185 2033 3769 2107">
    <p class='ocr_par' dir='ltr' id='par_1_38' title="bbox 2185 2033 3769 2107">
     <span class='ocr_line' id='line_1_38' title="bbox 2185 2033 3769 2107; baseline 0.004 -22"><span class='ocrx_word' id='word_1_262' title='bbox 2185 2033 2332 2097; x_wconf 92' lang='grc' dir='ltr'>σοῦν,</span> <span class='ocrx_word' id='word_1_263' title='bbox 2361 2035 2410 2086; x_wconf 83' lang='grc' dir='ltr'><strong>εί</strong></span> <span class='ocrx_word' id='word_1_264' title='bbox 2446 2033 2520 2104; x_wconf 80' lang='grc' dir='ltr'>μὴ</span> <span class='ocrx_word' id='word_1_265' title='bbox 2547 2035 2604 2087; x_wconf 82' lang='grc' dir='ltr'>ὲν</span> <span class='ocrx_word' id='word_1_266' title='bbox 2632 2035 2910 2105; x_wconf 89' lang='grc' dir='ltr'>Πνεύματι</span> <span class='ocrx_word' id='word_1_267' title='bbox 2941 2036 3083 2107; x_wconf 86' lang='grc' dir='ltr'>ἀγίῳ</span> <span class='ocrx_word' id='word_1_268' title='bbox 3101 2053 3113 2066; x_wconf 90' lang='grc'><strong>·</strong></span> <span class='ocrx_word' id='word_1_269' title='bbox 3142 2037 3237 2090; x_wconf 78' lang='grc' dir='ltr'>καὶ</span> <span class='ocrx_word' id='word_1_270' title='bbox 3263 2036 3438 2100; x_wconf 69' lang='grc' dir='ltr'>οὐδεὶς</span> <span class='ocrx_word' id='word_1_271' title='bbox 3466 2037 3613 2106; x_wconf 81' lang='grc' dir='ltr'>λέγει</span> <span class='ocrx_word' id='word_1_272' title='bbox 3640 2038 3769 2092; x_wconf 84' lang='grc' dir='ltr'>ἀνά-</span> 
     </span>
    </p>
   </div>
   <div class='ocr_carea' id='block_1_39' title="bbox 2185 2125 3297 2198">
    <p class='ocr_par' dir='ltr' id='par_1_39' title="bbox 2185 2125 3297 2198">
     <span class='ocr_line' id='line_1_39' title="bbox 2185 2125 3297 2198; baseline 0.001 -19"><span class='ocrx_word' id='word_1_273' title='bbox 2185 2125 2329 2197; x_wconf 81' lang='grc' dir='ltr'>θεμα</span> <span class='ocrx_word' id='word_1_274' title='bbox 2364 2127 2593 2196; x_wconf 83' lang='grc' dir='ltr'>Ἰησοῦν,</span> <span class='ocrx_word' id='word_1_275' title='bbox 2624 2127 2673 2180; x_wconf 84' lang='grc' dir='ltr'><strong>εί</strong></span> <span class='ocrx_word' id='word_1_276' title='bbox 2709 2128 2785 2198; x_wconf 73' lang='grc' dir='ltr'>μὴ</span> <span class='ocrx_word' id='word_1_277' title='bbox 2814 2129 2871 2180; x_wconf 83' lang='grc' dir='ltr'>ὲν</span> <span class='ocrx_word' id='word_1_278' title='bbox 2904 2125 3252 2192; x_wconf 77' lang='grc' dir='ltr'>Βεελξεϐούλ.</span> <span class='ocrx_word' id='word_1_279' title='bbox 3278 2147 3297 2180; x_wconf 72' lang='grc' dir='ltr'><strong>ι</strong></span> 
     </span>
    </p>
   </div>
   <div class='ocr_carea' id='block_1_40' title="bbox 496 2218 3773 2296">
    <p class='ocr_par' dir='ltr' id='par_1_40' title="bbox 496 2218 3773 2296">
     <span class='ocr_line' id='line_1_40' title="bbox 496 2218 3773 2296; baseline -0.001 -14"><span class='ocrx_word' id='word_1_280' title='bbox 496 2233 654 2282; x_wconf 88' lang='lat' dir='ltr'><strong>scunt</strong></span> <span class='ocrx_word' id='word_1_281' title='bbox 684 2226 729 2296; x_wconf 72' lang='grc' dir='ltr'><strong>(ι</strong></span> <span class='ocrx_word' id='word_1_282' title='bbox 762 2224 934 2280; x_wconf 83' lang='lat' dir='ltr'><strong>Nemo</strong></span> <span class='ocrx_word' id='word_1_283' title='bbox 971 2226 1114 2278; x_wconf 89' lang='lat' dir='ltr'><strong>enim</strong></span> <span class='ocrx_word' id='word_1_284' title='bbox 1165 2223 1297 2277; x_wconf 91' lang='lat' dir='ltr'><strong>dicit</strong></span> <span class='ocrx_word' id='word_1_285' title='bbox 1335 2221 1618 2276; x_wconf 90' lang='lat' dir='ltr'><strong>Dominum</strong></span> <span class='ocrx_word' id='word_1_286' title='bbox 1650 2219 1856 2284; x_wconf 76' lang='lat' dir='ltr'><strong>Iesum,</strong></span> <span class='ocrx_word' id='word_1_287' title='bbox 1892 2221 1992 2274; x_wconf 79' lang='lat' dir='ltr'><strong>nisi</strong></span> <span class='ocrx_word' id='word_1_288' title='bbox 2034 2234 2131 2288; x_wconf 91' lang='lat' dir='ltr'><strong>per</strong></span> <span class='ocrx_word' id='word_1_289' title='bbox 2170 2218 2431 2288; x_wconf 90' lang='lat' dir='ltr'><strong>Spiritum</strong></span> <span class='ocrx_word' id='word_1_290' title='bbox 2467 2229 2713 2274; x_wconf 85' lang='lat' dir='ltr'><strong>sanctum</strong></span> <span class='ocrx_word' id='word_1_291' title='bbox 2746 2236 2760 2273; x_wconf 92' lang='lat'><strong>:</strong></span> <span class='ocrx_word' id='word_1_292' title='bbox 2795 2219 2937 2275; x_wconf 89' lang='lat' dir='ltr'><strong>sicut</strong></span> <span class='ocrx_word' id='word_1_293' title='bbox 2975 2234 3134 2275; x_wconf 87' lang='lat' dir='ltr'><strong>nemo</strong></span> <span class='ocrx_word' id='word_1_294' title='bbox 3199 2236 3412 2276; x_wconf 91' lang='lat' dir='ltr'><strong>rursum</strong></span> <span class='ocrx_word' id='word_1_295' title='bbox 3462 2220 3593 2277; x_wconf 91' lang='lat' dir='ltr'><strong>dicit</strong></span> <span class='ocrx_word' id='word_1_296' title='bbox 3643 2237 3773 2278; x_wconf 83' lang='lat' dir='ltr'><strong>ana-</strong></span> 
     </span>
    </p>
   </div>
   <div class='ocr_carea' id='block_1_41' title="bbox 498 2309 2230 2382">
    <p class='ocr_par' dir='ltr' id='par_1_41' title="bbox 498 2309 2230 2382">
     <span class='ocr_line' id='line_1_41' title="bbox 498 2309 2230 2382; baseline -0.006 -12"><span class='ocrx_word' id='word_1_297' title='bbox 498 2320 676 2373; x_wconf 81' lang='lat' dir='ltr'><strong>thema</strong></span> <span class='ocrx_word' id='word_1_298' title='bbox 702 2317 909 2382; x_wconf 79' lang='lat' dir='ltr'><strong>Jesutu,</strong></span> <span class='ocrx_word' id='word_1_299' title='bbox 957 2316 1058 2369; x_wconf 84' lang='lat' dir='ltr'><strong>nisi</strong></span> <span class='ocrx_word' id='word_1_300' title='bbox 1089 2316 1141 2369; x_wconf 94' lang='lat' dir='ltr'><strong>in</strong></span> <span class='ocrx_word' id='word_1_301' title='bbox 1187 2311 1492 2368; x_wconf 87' lang='lat' dir='ltr'><strong>Beelzebub</strong></span> <span class='ocrx_word' id='word_1_302' title='bbox 1520 2313 1565 2344; x_wconf 79' lang='grc'><strong>¹⁶</strong></span> <span class='ocrx_word' id='word_1_303' title='bbox 1597 2311 1643 2382; x_wconf 78' lang='grc' dir='ltr'>ι)</span> <span class='ocrx_word' id='word_1_304' title='bbox 1680 2311 1955 2381; x_wconf 73' lang='lat' dir='ltr'><strong>explicare</strong></span> <span class='ocrx_word' id='word_1_305' title='bbox 1993 2309 2230 2365; x_wconf 86' lang='lat' dir='ltr'><strong>tentabo.</strong></span> 
     </span>
    </p>
   </div>
   <div class='ocr_carea' id='block_1_42' title="bbox 565 2404 2076 2475">
    <p class='ocr_par' dir='ltr' id='par_1_42' title="bbox 565 2404 2076 2475">
     <span class='ocr_line' id='line_1_42' title="bbox 565 2404 2076 2475; baseline -0.006 -11"><span class='ocrx_word' id='word_1_306' title='bbox 565 2410 632 2464; x_wconf 88' lang='lat' dir='ltr'><strong>V.</strong></span> <span class='ocrx_word' id='word_1_307' title='bbox 683 2410 889 2465; x_wconf 76' lang='lat' dir='ltr'><strong>Dixerit</strong></span> <span class='ocrx_word' id='word_1_308' title='bbox 917 2419 1097 2463; x_wconf 89' lang='lat' dir='ltr'><strong>autem</strong></span> <span class='ocrx_word' id='word_1_309' title='bbox 1157 2408 1246 2462; x_wconf 89' lang='lat' dir='ltr'><strong>hic</strong></span> <span class='ocrx_word' id='word_1_310' title='bbox 1293 2407 1600 2475; x_wconf 89' lang='lat' dir='ltr'><strong>quispiam:</strong></span> <span class='ocrx_word' id='word_1_311' title='bbox 1630 2404 2076 2473; x_wconf 83' lang='lat' dir='ltr'><strong>Quandoquidem</strong></span> 
     </span>
    </p>
   </div>
   <div class='ocr_carea' id='block_1_43' title="bbox 495 2494 2078 2569">
    <p class='ocr_par' dir='ltr' id='par_1_43' title="bbox 495 2494 2078 2569">
     <span class='ocr_line' id='line_1_43' title="bbox 495 2494 2078 2569; baseline -0.004 -14"><span class='ocrx_word' id='word_1_312' title='bbox 495 2502 652 2569; x_wconf 79' lang='lat' dir='ltr'><strong>hujus</strong></span> <span class='ocrx_word' id='word_1_313' title='bbox 682 2504 760 2554; x_wconf 92' lang='lat' dir='ltr'><strong>rei</strong></span> <span class='ocrx_word' id='word_1_314' title='bbox 793 2516 956 2553; x_wconf 88' lang='lat' dir='ltr'><strong>causa</strong></span> <span class='ocrx_word' id='word_1_315' title='bbox 988 2500 1039 2552; x_wconf 93' lang='lat' dir='ltr'><strong>in</strong></span> <span class='ocrx_word' id='word_1_316' title='bbox 1081 2513 1304 2552; x_wconf 84' lang='lat' dir='ltr'><strong>arenam</strong></span> <span class='ocrx_word' id='word_1_317' title='bbox 1333 2496 1693 2560; x_wconf 90' lang='lat' dir='ltr'><strong>descendere,</strong></span> <span class='ocrx_word' id='word_1_318' title='bbox 1729 2494 2078 2562; x_wconf 88' lang='lat' dir='ltr'><strong>laboremque</strong></span> 
     </span>
    </p>
   </div>
   <div class='ocr_carea' id='block_1_44' title="bbox 496 2583 2075 2662">
    <p class='ocr_par' dir='ltr' id='par_1_44' title="bbox 496 2583 2075 2662">
     <span class='ocr_line' id='line_1_44' title="bbox 496 2583 2075 2662; baseline -0.007 -16"><span class='ocrx_word' id='word_1_319' title='bbox 496 2608 666 2662; x_wconf 90' lang='lat' dir='ltr'><strong>usque</strong></span> <span class='ocrx_word' id='word_1_320' title='bbox 712 2592 846 2644; x_wconf 90' lang='lat' dir='ltr'><strong>adeo</strong></span> <span class='ocrx_word' id='word_1_321' title='bbox 891 2588 1159 2645; x_wconf 77' lang='lat' dir='ltr'><strong>diliicilem</strong></span> <span class='ocrx_word' id='word_1_322' title='bbox 1202 2597 1368 2656; x_wconf 87' lang='lat' dir='ltr'><strong>atque</strong></span> <span class='ocrx_word' id='word_1_323' title='bbox 1422 2587 1650 2641; x_wconf 90' lang='lat' dir='ltr'><strong>arduum</strong></span> <span class='ocrx_word' id='word_1_324' title='bbox 1686 2585 1870 2639; x_wconf 82' lang='lat' dir='ltr'><strong>subire</strong></span> <span class='ocrx_word' id='word_1_325' title='bbox 1911 2583 2075 2650; x_wconf 90' lang='lat' dir='ltr'><strong>libet;</strong></span> 
     </span>
    </p>
   </div>
   <div class='ocr_carea' id='block_1_45' title="bbox 495 2673 2079 2753">
    <p class='ocr_par' dir='ltr' id='par_1_45' title="bbox 495 2673 2079 2753">
     <span class='ocr_line' id='line_1_45' title="bbox 495 2673 2079 2753; baseline -0.006 -19"><span class='ocrx_word' id='word_1_326' title='bbox 495 2697 614 2753; x_wconf 83' lang='lat' dir='ltr'><strong>age,</strong></span> <span class='ocrx_word' id='word_1_327' title='bbox 651 2681 701 2735; x_wconf 83' lang='lat' dir='ltr'><strong>si</strong></span> <span class='ocrx_word' id='word_1_328' title='bbox 733 2679 926 2750; x_wconf 86' lang='lat' dir='ltr'><strong>placet,</strong></span> <span class='ocrx_word' id='word_1_329' title='bbox 977 2679 1228 2732; x_wconf 87' lang='lat' dir='ltr'><strong>oratione</strong></span> <span class='ocrx_word' id='word_1_330' title='bbox 1275 2675 1498 2730; x_wconf 87' lang='lat' dir='ltr'><strong>minime</strong></span> <span class='ocrx_word' id='word_1_331' title='bbox 1537 2674 1602 2727; x_wconf 87' lang='lat' dir='ltr'><strong>ad</strong></span> <span class='ocrx_word' id='word_1_332' title='bbox 1648 2673 1828 2728; x_wconf 82' lang='lat' dir='ltr'><strong>lucum</strong></span> <span class='ocrx_word' id='word_1_333' title='bbox 1861 2688 2079 2742; x_wconf 78' lang='lat' dir='ltr'><strong>compa-</strong></span> 
     </span>
    </p>
   </div>
   <div class='ocr_carea' id='block_1_46' title="bbox 496 2764 2080 2838">
    <p class='ocr_par' dir='ltr' id='par_1_46' title="bbox 496 2764 2080 2838">
     <span class='ocr_line' id='line_1_46' title="bbox 496 2764 2080 2838; baseline -0.007 -10"><span class='ocrx_word' id='word_1_334' title='bbox 496 2783 631 2838; x_wconf 89' lang='lat' dir='ltr'><strong>rata,</strong></span> <span class='ocrx_word' id='word_1_335' title='bbox 667 2772 761 2827; x_wconf 90' lang='lat' dir='ltr'><strong>sed</strong></span> <span class='ocrx_word' id='word_1_336' title='bbox 790 2786 936 2835; x_wconf 88' lang='lat' dir='ltr'><strong>vera,</strong></span> <span class='ocrx_word' id='word_1_337' title='bbox 969 2771 1062 2824; x_wconf 88' lang='lat' dir='ltr'><strong>sed</strong></span> <span class='ocrx_word' id='word_1_338' title='bbox 1090 2769 1329 2834; x_wconf 87' lang='lat' dir='ltr'><strong>sincera,</strong></span> <span class='ocrx_word' id='word_1_339' title='bbox 1362 2767 1454 2821; x_wconf 87' lang='lat' dir='ltr'><strong>sed</strong></span> <span class='ocrx_word' id='word_1_340' title='bbox 1489 2766 1556 2818; x_wconf 88' lang='lat' dir='ltr'><strong>ab</strong></span> <span class='ocrx_word' id='word_1_341' title='bbox 1585 2765 1733 2818; x_wconf 87' lang='lat' dir='ltr'><strong>omni</strong></span> <span class='ocrx_word' id='word_1_342' title='bbox 1764 2775 1890 2819; x_wconf 89' lang='lat' dir='ltr'><strong>nota</strong></span> <span class='ocrx_word' id='word_1_343' title='bbox 1926 2764 2080 2817; x_wconf 82' lang='lat' dir='ltr'><strong>vitiu-</strong></span> 
     </span>
    </p>
   </div>
   <div class='ocr_carea' id='block_1_47' title="bbox 492 2854 2078 2934">
    <p class='ocr_par' dir='ltr' id='par_1_47' title="bbox 492 2854 2078 2934">
     <span class='ocr_line' id='line_1_47' title="bbox 492 2854 2078 2934; baseline -0.005 -16"><span class='ocrx_word' id='word_1_344' title='bbox 492 2881 599 2934; x_wconf 90' lang='lat' dir='ltr'><strong>que</strong></span> <span class='ocrx_word' id='word_1_345' title='bbox 624 2863 813 2930; x_wconf 85' lang='lat' dir='ltr'><strong>libera,</strong></span> <span class='ocrx_word' id='word_1_346' title='bbox 845 2861 1049 2916; x_wconf 85' lang='lat' dir='ltr'><strong>Christi</strong></span> <span class='ocrx_word' id='word_1_347' title='bbox 1081 2859 1396 2930; x_wconf 86' lang='lat' dir='ltr'><strong>mysterium</strong></span> <span class='ocrx_word' id='word_1_348' title='bbox 1424 2856 1638 2924; x_wconf 76' lang='lat' dir='ltr'><strong>expedi.</strong></span> <span class='ocrx_word' id='word_1_349' title='bbox 1670 2854 1804 2908; x_wconf 87' lang='lat' dir='ltr'><strong>Nam</strong></span> <span class='ocrx_word' id='word_1_350' title='bbox 1837 2857 2078 2923; x_wconf 87' lang='lat' dir='ltr'><strong>oracula,</strong></span> 
     </span>
    </p>
   </div>
   <div class='ocr_carea' id='block_1_48' title="bbox 491 2947 2077 3026">
    <p class='ocr_par' dir='ltr' id='par_1_48' title="bbox 491 2947 2077 3026">
     <span class='ocr_line' id='line_1_48' title="bbox 491 2947 2077 3026; baseline -0.003 -19"><span class='ocrx_word' id='word_1_351' title='bbox 491 2971 612 3026; x_wconf 70' lang='lat' dir='ltr'><strong>qua:</strong></span> <span class='ocrx_word' id='word_1_352' title='bbox 639 2970 760 3009; x_wconf 90' lang='lat' dir='ltr'><strong>cum</strong></span> <span class='ocrx_word' id='word_1_353' title='bbox 791 2954 846 3008; x_wconf 92' lang='lat' dir='ltr'><strong>in</strong></span> <span class='ocrx_word' id='word_1_354' title='bbox 883 2951 1052 3018; x_wconf 72' lang='lat' dir='ltr'><strong>Nora,</strong></span> <span class='ocrx_word' id='word_1_355' title='bbox 1085 2961 1194 3005; x_wconf 90' lang='lat' dir='ltr'><strong>tum</strong></span> <span class='ocrx_word' id='word_1_356' title='bbox 1231 2952 1284 3004; x_wconf 91' lang='lat' dir='ltr'><strong>in</strong></span> <span class='ocrx_word' id='word_1_357' title='bbox 1321 2950 1499 3004; x_wconf 82' lang='lat' dir='ltr'><strong>Veteri</strong></span> <span class='ocrx_word' id='word_1_358' title='bbox 1541 2963 1758 3020; x_wconf 85' lang='lat' dir='ltr'><strong>quoque</strong></span> <span class='ocrx_word' id='word_1_359' title='bbox 1791 2947 2077 3019; x_wconf 83' lang='lat' dir='ltr'><strong>Scriptura</strong></span> 
     </span>
    </p>
   </div>
   <div class='ocr_carea' id='block_1_49' title="bbox 492 3039 2079 3118">
    <p class='ocr_par' dir='ltr' id='par_1_49' title="bbox 492 3039 2079 3118">
     <span class='ocr_line' id='line_1_49' title="bbox 492 3039 2079 3118; baseline -0.006 -15"><span class='ocrx_word' id='word_1_360' title='bbox 492 3064 556 3103; x_wconf 89' lang='lat' dir='ltr'><strong>ea</strong></span> <span class='ocrx_word' id='word_1_361' title='bbox 585 3047 650 3104; x_wconf 87' lang='lat' dir='ltr'><strong>de</strong></span> <span class='ocrx_word' id='word_1_362' title='bbox 676 3063 734 3102; x_wconf 86' lang='lat' dir='ltr'><strong>re</strong></span> <span class='ocrx_word' id='word_1_363' title='bbox 757 3047 955 3118; x_wconf 84' lang='lat' dir='ltr'><strong>passim</strong></span> <span class='ocrx_word' id='word_1_364' title='bbox 989 3051 1307 3106; x_wconf 90' lang='lat' dir='ltr'><strong>occurrunt,</strong></span> <span class='ocrx_word' id='word_1_365' title='bbox 1333 3057 1394 3097; x_wconf 92' lang='lat' dir='ltr'><strong>ea</strong></span> <span class='ocrx_word' id='word_1_366' title='bbox 1427 3041 1648 3112; x_wconf 80' lang='lat' dir='ltr'><strong>quidam</strong></span> <span class='ocrx_word' id='word_1_367' title='bbox 1679 3040 1845 3096; x_wconf 86' lang='lat' dir='ltr'><strong>variis</strong></span> <span class='ocrx_word' id='word_1_368' title='bbox 1867 3039 2079 3110; x_wconf 87' lang='lat' dir='ltr'><strong>opinio-</strong></span> 
     </span>
    </p>
   </div>
   <div class='ocr_carea' id='block_1_50' title="bbox 493 3133 2078 3207">
    <p class='ocr_par' dir='ltr' id='par_1_50' title="bbox 493 3133 2078 3207">
     <span class='ocr_line' id='line_1_50' title="bbox 493 3133 2078 3207; baseline -0.007 -11"><span class='ocrx_word' id='word_1_369' title='bbox 493 3142 653 3196; x_wconf 89' lang='lat' dir='ltr'><strong>nibus</strong></span> <span class='ocrx_word' id='word_1_370' title='bbox 684 3139 822 3195; x_wconf 80' lang='lat' dir='ltr'><strong>ebrii</strong></span> <span class='ocrx_word' id='word_1_371' title='bbox 865 3155 892 3193; x_wconf 89' lang='lat' dir='ltr'><strong>a</strong></span> <span class='ocrx_word' id='word_1_372' title='bbox 934 3151 1064 3192; x_wconf 79' lang='lat' dir='ltr'><strong>vero</strong></span> <span class='ocrx_word' id='word_1_373' title='bbox 1101 3149 1468 3207; x_wconf 81' lang='lat' dir='ltr'><strong>germanoque</strong></span> <span class='ocrx_word' id='word_1_374' title='bbox 1497 3147 1657 3189; x_wconf 84' lang='lat' dir='ltr'><strong>sensu</strong></span> <span class='ocrx_word' id='word_1_375' title='bbox 1696 3133 1750 3186; x_wconf 92' lang='lat' dir='ltr'><strong>in</strong></span> <span class='ocrx_word' id='word_1_376' title='bbox 1783 3141 2078 3201; x_wconf 59' lang='lat' dir='ltr'><strong>praeposte-</strong></span> 
     </span>
    </p>
   </div>
   <div class='ocr_carea' id='block_1_51' title="bbox 493 3218 2152 3299">
    <p class='ocr_par' dir='ltr' id='par_1_51' title="bbox 493 3218 2152 3299">
     <span class='ocr_line' id='line_1_51' title="bbox 493 3218 2152 3299; baseline -0.005 -14"><span class='ocrx_word' id='word_1_377' title='bbox 493 3247 613 3286; x_wconf 89' lang='lat' dir='ltr'><strong>rum</strong></span> <span class='ocrx_word' id='word_1_378' title='bbox 649 3230 990 3299; x_wconf 85' lang='lat' dir='ltr'><strong>detorquent.</strong></span> <span class='ocrx_word' id='word_1_379' title='bbox 1041 3227 1156 3282; x_wconf 82' lang='lat' dir='ltr'><strong>Non</strong></span> <span class='ocrx_word' id='word_1_380' title='bbox 1203 3225 1336 3296; x_wconf 79' lang='lat' dir='ltr'><strong>fugit</strong></span> <span class='ocrx_word' id='word_1_381' title='bbox 1383 3239 1484 3280; x_wconf 81' lang='lat' dir='ltr'><strong>nos</strong></span> <span class='ocrx_word' id='word_1_382' title='bbox 1512 3239 1644 3280; x_wconf 87' lang='lat' dir='ltr'><strong>sane</strong></span> <span class='ocrx_word' id='word_1_383' title='bbox 1683 3222 1819 3278; x_wconf 84' lang='lat' dir='ltr'><strong>nihil</strong></span> <span class='ocrx_word' id='word_1_384' title='bbox 1865 3230 2081 3278; x_wconf 73' lang='lat' dir='ltr'><strong>exstare</strong></span> <span class='ocrx_word' id='word_1_385' title='bbox 2108 3218 2152 3276; x_wconf 78' lang='grc' dir='ltr'><strong>ϐ</strong></span> 
     </span>
    </p>
   </div>
   <div class='ocr_carea' id='block_1_52' title="bbox 495 3318 2081 3390">
    <p class='ocr_par' dir='ltr' id='par_1_52' title="bbox 495 3318 2081 3390">
     <span class='ocr_line' id='line_1_52' title="bbox 495 3318 2081 3390; baseline -0.004 -14"><span class='ocrx_word' id='word_1_386' title='bbox 495 3334 605 3377; x_wconf 90' lang='lat' dir='ltr'><strong>tam</strong></span> <span class='ocrx_word' id='word_1_387' title='bbox 632 3322 947 3385; x_wconf 85' lang='lat' dir='ltr'><strong>absurdum,</strong></span> <span class='ocrx_word' id='word_1_388' title='bbox 975 3321 1116 3389; x_wconf 87' lang='lat' dir='ltr'><strong>quod</strong></span> <span class='ocrx_word' id='word_1_389' title='bbox 1147 3318 1466 3390; x_wconf 89' lang='lat' dir='ltr'><strong>insipientes</strong></span> <span class='ocrx_word' id='word_1_390' title='bbox 1503 3333 1612 3372; x_wconf 89' lang='lat' dir='ltr'><strong>nou</strong></span> <span class='ocrx_word' id='word_1_391' title='bbox 1641 3323 1915 3370; x_wconf 90' lang='lat' dir='ltr'><strong>attentent</strong></span> <span class='ocrx_word' id='word_1_392' title='bbox 1943 3331 1957 3367; x_wconf 92' lang='lat'><strong>:</strong></span> <span class='ocrx_word' id='word_1_393' title='bbox 1992 3329 2081 3369; x_wconf 70' lang='lat' dir='ltr'><strong>ve-</strong></span> 
     </span>
    </p>
   </div>
   <div class='ocr_carea' id='block_1_53' title="bbox 495 3405 2082 3483">
    <p class='ocr_par' dir='ltr' id='par_1_53' title="bbox 495 3405 2082 3483">
     <span class='ocr_line' id='line_1_53' title="bbox 495 3405 2082 3483; baseline -0.005 -15"><span class='ocrx_word' id='word_1_394' title='bbox 495 3431 616 3468; x_wconf 88' lang='lat' dir='ltr'><strong>rum</strong></span> <span class='ocrx_word' id='word_1_395' title='bbox 649 3424 913 3468; x_wconf 87' lang='lat' dir='ltr'><strong>corruunt</strong></span> <span class='ocrx_word' id='word_1_396' title='bbox 944 3411 1018 3466; x_wconf 90' lang='lat' dir='ltr'><strong>Illi</strong></span> <span class='ocrx_word' id='word_1_397' title='bbox 1046 3411 1202 3483; x_wconf 90' lang='lat' dir='ltr'><strong>proni</strong></span> <span class='ocrx_word' id='word_1_398' title='bbox 1245 3413 1297 3464; x_wconf 92' lang='lat' dir='ltr'><strong>in</strong></span> <span class='ocrx_word' id='word_1_399' title='bbox 1328 3407 1654 3479; x_wconf 78' lang='lat' dir='ltr'><strong>profundum</strong></span> <span class='ocrx_word' id='word_1_400' title='bbox 1691 3405 1910 3470; x_wconf 78' lang='lat' dir='ltr'><strong>inferni,</strong></span> <span class='ocrx_word' id='word_1_401' title='bbox 1941 3405 2082 3461; x_wconf 89' lang='lat' dir='ltr'><strong>sicut</strong></span> 
     </span>
    </p>
   </div>
   <div class='ocr_carea' id='block_1_54' title="bbox 494 3492 2082 3573">
    <p class='ocr_par' dir='ltr' id='par_1_54' title="bbox 494 3492 2082 3573">
     <span class='ocr_line' id='line_1_54' title="bbox 494 3492 2082 3573; baseline -0.007 -15"><span class='ocrx_word' id='word_1_402' title='bbox 494 3505 757 3573; x_wconf 88' lang='lat' dir='ltr'><strong>scriptmn</strong></span> <span class='ocrx_word' id='word_1_403' title='bbox 785 3512 869 3557; x_wconf 91' lang='lat' dir='ltr'><strong>est</strong></span> <span class='ocrx_word' id='word_1_404' title='bbox 896 3503 962 3566; x_wconf 81' lang='lat'><strong>“,</strong></span> <span class='ocrx_word' id='word_1_405' title='bbox 996 3511 1050 3554; x_wconf 92' lang='lat' dir='ltr'><strong>et</strong></span> <span class='ocrx_word' id='word_1_406' title='bbox 1079 3501 1132 3554; x_wconf 95' lang='lat' dir='ltr'><strong>in</strong></span> <span class='ocrx_word' id='word_1_407' title='bbox 1170 3498 1390 3569; x_wconf 88' lang='lat' dir='ltr'><strong>pedicas</strong></span> <span class='ocrx_word' id='word_1_408' title='bbox 1426 3497 1654 3561; x_wconf 87' lang='lat' dir='ltr'><strong>mortis;</strong></span> <span class='ocrx_word' id='word_1_409' title='bbox 1688 3511 1710 3546; x_wconf 72' lang='grc' dir='ltr'><strong>ι</strong></span> <span class='ocrx_word' id='word_1_410' title='bbox 1742 3509 1846 3548; x_wconf 91' lang='lat' dir='ltr'><strong>non</strong></span> <span class='ocrx_word' id='word_1_411' title='bbox 1882 3492 2082 3548; x_wconf 87' lang='lat' dir='ltr'><strong>intelli-</strong></span> 
     </span>
    </p>
   </div>
   <div class='ocr_carea' id='block_1_55' title="bbox 495 3583 2083 3664">
    <p class='ocr_par' dir='ltr' id='par_1_55' title="bbox 495 3583 2083 3664">
     <span class='ocr_line' id='line_1_55' title="bbox 495 3583 2083 3664; baseline -0.008 -14"><span class='ocrx_word' id='word_1_412' title='bbox 495 3604 683 3664; x_wconf 69' lang='lat' dir='ltr'><strong>gentes</strong></span> <span class='ocrx_word' id='word_1_413' title='bbox 726 3608 899 3663; x_wconf 86' lang='lat' dir='ltr'><strong>neque</strong></span> <span class='ocrx_word' id='word_1_414' title='bbox 922 3591 1053 3661; x_wconf 89' lang='lat' dir='ltr'><strong>quid</strong></span> <span class='ocrx_word' id='word_1_415' title='bbox 1084 3591 1395 3659; x_wconf 84' lang='lat' dir='ltr'><strong>loquantur,</strong></span> <span class='ocrx_word' id='word_1_416' title='bbox 1423 3602 1597 3657; x_wconf 87' lang='lat' dir='ltr'><strong>neque</strong></span> <span class='ocrx_word' id='word_1_417' title='bbox 1628 3588 1695 3642; x_wconf 91' lang='lat' dir='ltr'><strong>de</strong></span> <span class='ocrx_word' id='word_1_418' title='bbox 1721 3585 1918 3656; x_wconf 89' lang='lat' dir='ltr'><strong>quibus</strong></span> <span class='ocrx_word' id='word_1_419' title='bbox 1945 3583 2083 3638; x_wconf 73' lang='lat' dir='ltr'><strong>amr-</strong></span> 
     </span>
    </p>
   </div>
   <div class='ocr_carea' id='block_1_56' title="bbox 499 3674 2082 3746">
    <p class='ocr_par' dir='ltr' id='par_1_56' title="bbox 499 3674 2082 3746">
     <span class='ocr_line' id='line_1_56' title="bbox 499 3674 2082 3746; baseline -0.006 -8"><span class='ocrx_word' id='word_1_420' title='bbox 499 3696 648 3740; x_wconf 77' lang='lat' dir='ltr'><strong>ruent</strong></span> <span class='ocrx_word' id='word_1_421' title='bbox 681 3687 746 3738; x_wconf 87' lang='grc'><strong>¹².</strong></span> <span class='ocrx_word' id='word_1_422' title='bbox 782 3703 800 3736; x_wconf 88' lang='grc'><strong>›</strong></span> <span class='ocrx_word' id='word_1_423' title='bbox 834 3680 1104 3737; x_wconf 73' lang='lat' dir='ltr'><strong>Retulerit</strong></span> <span class='ocrx_word' id='word_1_424' title='bbox 1140 3691 1320 3734; x_wconf 89' lang='lat' dir='ltr'><strong>autem</strong></span> <span class='ocrx_word' id='word_1_425' title='bbox 1376 3692 1554 3744; x_wconf 85' lang='lat' dir='ltr'><strong>nosse,</strong></span> <span class='ocrx_word' id='word_1_426' title='bbox 1591 3685 1645 3731; x_wconf 93' lang='lat' dir='ltr'><strong>et</strong></span> <span class='ocrx_word' id='word_1_427' title='bbox 1685 3689 1932 3746; x_wconf 77' lang='lat' dir='ltr'><strong>quamam</strong></span> <span class='ocrx_word' id='word_1_428' title='bbox 1977 3674 2082 3729; x_wconf 70' lang='lat' dir='ltr'><strong>ilhc</strong></span> 
     </span>
    </p>
   </div>
   <div class='ocr_carea' id='block_1_57' title="bbox 497 3767 1764 3845">
    <p class='ocr_par' dir='ltr' id='par_1_57' title="bbox 497 3767 1764 3845">
     <span class='ocr_line' id='line_1_57' title="bbox 497 3767 1764 3845; baseline -0.008 -13"><span class='ocrx_word' id='word_1_429' title='bbox 497 3774 962 3845; x_wconf 83' lang='lat' dir='ltr'><strong>sintsingnlorum</strong></span> <span class='ocrx_word' id='word_1_430' title='bbox 1004 3787 1159 3840; x_wconf 71' lang='lat' dir='ltr'><strong>nugre</strong></span> <span class='ocrx_word' id='word_1_431' title='bbox 1190 3770 1506 3840; x_wconf 65' lang='lat' dir='ltr'><strong>stolataeque</strong></span> <span class='ocrx_word' id='word_1_432' title='bbox 1549 3767 1764 3824; x_wconf 63' lang='lat' dir='ltr'><strong>fabula}.</strong></span> 
     </span>
    </p>
   </div>
   <div class='ocr_carea' id='block_1_58' title="bbox 571 3857 2076 3935">
    <p class='ocr_par' dir='ltr' id='par_1_58' title="bbox 571 3857 2076 3935">
     <span class='ocr_line' id='line_1_58' title="bbox 571 3857 2076 3935; baseline -0.007 -13"><span class='ocrx_word' id='word_1_433' title='bbox 571 3867 656 3922; x_wconf 79' lang='lat' dir='ltr'><strong>VI.</strong></span> <span class='ocrx_word' id='word_1_434' title='bbox 689 3867 916 3932; x_wconf 87' lang='lat' dir='ltr'><strong>Quidam</strong></span> <span class='ocrx_word' id='word_1_435' title='bbox 969 3865 1133 3935; x_wconf 83' lang='lat' dir='ltr'><strong>igitur</strong></span> <span class='ocrx_word' id='word_1_436' title='bbox 1183 3860 1417 3917; x_wconf 87' lang='lat' dir='ltr'><strong>Verbmn</strong></span> <span class='ocrx_word' id='word_1_437' title='bbox 1452 3876 1516 3915; x_wconf 81' lang='lat' dir='ltr'><strong>ex</strong></span> <span class='ocrx_word' id='word_1_438' title='bbox 1559 3859 1670 3916; x_wconf 85' lang='lat' dir='ltr'><strong>Deo</strong></span> <span class='ocrx_word' id='word_1_439' title='bbox 1704 3869 1758 3915; x_wconf 93' lang='lat' dir='ltr'><strong>et</strong></span> <span class='ocrx_word' id='word_1_440' title='bbox 1797 3857 1957 3913; x_wconf 84' lang='lat' dir='ltr'><strong>Patre</strong></span> <span class='ocrx_word' id='word_1_441' title='bbox 1987 3873 2076 3929; x_wconf 86' lang='lat' dir='ltr'><strong>ge-</strong></span> 
     </span>
    </p>
   </div>
   <div class='ocr_carea' id='block_1_59' title="bbox 495 3951 2080 4024">
    <p class='ocr_par' dir='ltr' id='par_1_59' title="bbox 495 3951 2080 4024">
     <span class='ocr_line' id='line_1_59' title="bbox 495 3951 2080 4024; baseline -0.007 -8"><span class='ocrx_word' id='word_1_442' title='bbox 495 3961 668 4016; x_wconf 88' lang='lat' dir='ltr'><strong>nitum</strong></span> <span class='ocrx_word' id='word_1_443' title='bbox 721 3959 774 4014; x_wconf 88' lang='lat' dir='ltr'><strong>in</strong></span> <span class='ocrx_word' id='word_1_444' title='bbox 838 3959 1075 4013; x_wconf 90' lang='lat' dir='ltr'><strong>hominis</strong></span> <span class='ocrx_word' id='word_1_445' title='bbox 1135 3956 1307 4010; x_wconf 81' lang='lat' dir='ltr'><strong>forma</strong></span> <span class='ocrx_word' id='word_1_446' title='bbox 1359 3954 1696 4024; x_wconf 88' lang='lat' dir='ltr'><strong>apparuisse,</strong></span> <span class='ocrx_word' id='word_1_447' title='bbox 1746 3955 1888 4008; x_wconf 91' lang='lat' dir='ltr'><strong>haud</strong></span> <span class='ocrx_word' id='word_1_448' title='bbox 1925 3951 2080 4006; x_wconf 85' lang='lat' dir='ltr'><strong>inviti</strong></span> 
     </span>
    </p>
   </div>
   <div class='ocr_carea' id='block_1_60' title="bbox 495 4042 2082 4117">
    <p class='ocr_par' dir='ltr' id='par_1_60' title="bbox 495 4042 2082 4117">
     <span class='ocr_line' id='line_1_60' title="bbox 495 4042 2082 4117; baseline -0.009 -8"><span class='ocrx_word' id='word_1_449' title='bbox 495 4050 827 4117; x_wconf 84' lang='lat' dir='ltr'><strong>concedunt;</strong></span> <span class='ocrx_word' id='word_1_450' title='bbox 857 4059 912 4104; x_wconf 87' lang='lat' dir='ltr'><strong>at</strong></span> <span class='ocrx_word' id='word_1_451' title='bbox 939 4065 1068 4104; x_wconf 74' lang='lat' dir='ltr'><strong>vero</strong></span> <span class='ocrx_word' id='word_1_452' title='bbox 1096 4063 1160 4101; x_wconf 81' lang='lat' dir='ltr'><strong>ex</strong></span> <span class='ocrx_word' id='word_1_453' title='bbox 1193 4061 1346 4102; x_wconf 87' lang='lat' dir='ltr'><strong>sacra</strong></span> <span class='ocrx_word' id='word_1_454' title='bbox 1380 4056 1435 4100; x_wconf 92' lang='lat' dir='ltr'><strong>et</strong></span> <span class='ocrx_word' id='word_1_455' title='bbox 1466 4045 1681 4114; x_wconf 90' lang='lat' dir='ltr'><strong>deipara</strong></span> <span class='ocrx_word' id='word_1_456' title='bbox 1714 4042 1936 4115; x_wconf 82' lang='lat' dir='ltr'><strong>Virgine</strong></span> <span class='ocrx_word' id='word_1_457' title='bbox 1963 4057 2082 4096; x_wconf 87' lang='lat' dir='ltr'><strong>car-</strong></span> 
     </span>
    </p>
   </div>
   <div class='ocr_carea' id='block_1_61' title="bbox 497 4136 2076 4212">
    <p class='ocr_par' dir='ltr' id='par_1_61' title="bbox 497 4136 2076 4212">
     <span class='ocr_line' id='line_1_61' title="bbox 497 4136 2076 4212; baseline -0.009 -12"><span class='ocrx_word' id='word_1_458' title='bbox 497 4161 618 4200; x_wconf 88' lang='lat' dir='ltr'><strong>nem</strong></span> <span class='ocrx_word' id='word_1_459' title='bbox 662 4143 980 4212; x_wconf 88' lang='lat' dir='ltr'><strong>sumpsisse,</strong></span> <span class='ocrx_word' id='word_1_460' title='bbox 1033 4139 1084 4194; x_wconf 89' lang='lat' dir='ltr'><strong>id</strong></span> <span class='ocrx_word' id='word_1_461' title='bbox 1110 4139 1298 4192; x_wconf 88' lang='lat' dir='ltr'><strong>audaci</strong></span> <span class='ocrx_word' id='word_1_462' title='bbox 1369 4138 1673 4193; x_wconf 85' lang='lat' dir='ltr'><strong>temeritate</strong></span> <span class='ocrx_word' id='word_1_463' title='bbox 1723 4136 2076 4190; x_wconf 87' lang='lat' dir='ltr'><strong>inliciantur:</strong></span> 
     </span>
    </p>
   </div>
   <div class='ocr_carea' id='block_1_62' title="bbox 497 4224 2080 4304">
    <p class='ocr_par' dir='ltr' id='par_1_62' title="bbox 497 4224 2080 4304">
     <span class='ocr_line' id='line_1_62' title="bbox 497 4224 2080 4304; baseline -0.008 -14"><span class='ocrx_word' id='word_1_464' title='bbox 497 4235 766 4304; x_wconf 87' lang='lat' dir='ltr'><strong>siquidem</strong></span> <span class='ocrx_word' id='word_1_465' title='bbox 811 4242 976 4286; x_wconf 86' lang='lat' dir='ltr'><strong>totam</strong></span> <span class='ocrx_word' id='word_1_466' title='bbox 1009 4230 1336 4286; x_wconf 85' lang='lat' dir='ltr'><strong>sacramenti</strong></span> <span class='ocrx_word' id='word_1_467' title='bbox 1372 4228 1533 4300; x_wconf 86' lang='lat' dir='ltr'><strong>hujus</strong></span> <span class='ocrx_word' id='word_1_468' title='bbox 1575 4229 1835 4282; x_wconf 84' lang='lat' dir='ltr'><strong>rationem</strong></span> <span class='ocrx_word' id='word_1_469' title='bbox 1882 4225 1934 4279; x_wconf 88' lang='lat' dir='ltr'><strong>in</strong></span> <span class='ocrx_word' id='word_1_470' title='bbox 1967 4224 2080 4279; x_wconf 83' lang='lat' dir='ltr'><strong>solo</strong></span> 
     </span>
    </p>
   </div>
   <div class='ocr_carea' id='block_1_63' title="bbox 495 4318 2078 4392">
    <p class='ocr_par' dir='ltr' id='par_1_63' title="bbox 495 4318 2078 4392">
     <span class='ocr_line' id='line_1_63' title="bbox 495 4318 2078 4392; baseline -0.006 -16"><span class='ocrx_word' id='word_1_471' title='bbox 495 4337 724 4382; x_wconf 63' lang='lat' dir='ltr'><strong>externo</strong></span> <span class='ocrx_word' id='word_1_472' title='bbox 759 4327 1036 4380; x_wconf 85' lang='lat' dir='ltr'><strong>schemate</strong></span> <span class='ocrx_word' id='word_1_473' title='bbox 1082 4323 1310 4392; x_wconf 87' lang='lat' dir='ltr'><strong>positam</strong></span> <span class='ocrx_word' id='word_1_474' title='bbox 1359 4321 1528 4376; x_wconf 76' lang='lat' dir='ltr'><strong>fuisse</strong></span> <span class='ocrx_word' id='word_1_475' title='bbox 1586 4318 1849 4388; x_wconf 83' lang='lat' dir='ltr'><strong>sacrilege</strong></span> <span class='ocrx_word' id='word_1_476' title='bbox 1893 4331 2078 4371; x_wconf 88' lang='lat' dir='ltr'><strong>emen-</strong></span> 
     </span>
    </p>
   </div>
   <div class='ocr_carea' id='block_1_64' title="bbox 497 4410 2076 4485">
    <p class='ocr_par' dir='ltr' id='par_1_64' title="bbox 497 4410 2076 4485">
     <span class='ocr_line' id='line_1_64' title="bbox 497 4410 2076 4485; baseline -0.007 -14"><span class='ocrx_word' id='word_1_477' title='bbox 497 4420 726 4474; x_wconf 88' lang='lat' dir='ltr'><strong>tiuntur.</strong></span> <span class='ocrx_word' id='word_1_478' title='bbox 782 4417 885 4470; x_wconf 85' lang='lat' dir='ltr'><strong>Alii</strong></span> <span class='ocrx_word' id='word_1_479' title='bbox 937 4426 1092 4485; x_wconf 91' lang='lat' dir='ltr'><strong>turpe</strong></span> <span class='ocrx_word' id='word_1_480' title='bbox 1129 4414 1545 4484; x_wconf 86' lang='lat' dir='ltr'><strong>pudendumque</strong></span> <span class='ocrx_word' id='word_1_481' title='bbox 1574 4411 1701 4476; x_wconf 78' lang='lat' dir='ltr'><strong>rati,</strong></span> <span class='ocrx_word' id='word_1_482' title='bbox 1730 4411 1772 4464; x_wconf 91' lang='lat' dir='ltr'><strong>si</strong></span> <span class='ocrx_word' id='word_1_483' title='bbox 1805 4410 2076 4463; x_wconf 84' lang='lat' dir='ltr'><strong>hominem</strong></span> 
     </span>
    </p>
   </div>
   <div class='ocr_carea' id='block_1_65' title="bbox 499 4508 2082 4573">
    <p class='ocr_par' dir='ltr' id='par_1_65' title="bbox 499 4508 2082 4573">
     <span class='ocr_line' id='line_1_65' title="bbox 499 4508 2082 4573; baseline -0.005 -11"><span class='ocrx_word' id='word_1_484' title='bbox 499 4512 730 4565; x_wconf 76' lang='lat' dir='ltr'><strong>adorare</strong></span> <span class='ocrx_word' id='word_1_485' title='bbox 796 4508 1104 4570; x_wconf 81' lang='lat' dir='ltr'><strong>videantur,</strong></span> <span class='ocrx_word' id='word_1_486' title='bbox 1162 4517 1542 4573; x_wconf 85' lang='lat' dir='ltr'><strong>terrenamque</strong></span> <span class='ocrx_word' id='word_1_487' title='bbox 1590 4516 1810 4556; x_wconf 89' lang='lat' dir='ltr'><strong>carnem</strong></span> <span class='ocrx_word' id='word_1_488' title='bbox 1866 4514 2082 4556; x_wconf 90' lang='lat' dir='ltr'><strong>summo</strong></span> 
     </span>
    </p>
   </div>
   <div class='ocr_carea' id='block_1_66' title="bbox 497 4590 2074 4664">
    <p class='ocr_par' dir='ltr' id='par_1_66' title="bbox 497 4590 2074 4664">
     <span class='ocr_line' id='line_1_66' title="bbox 497 4590 2074 4664; baseline -0.008 -9"><span class='ocrx_word' id='word_1_489' title='bbox 497 4602 703 4656; x_wconf 90' lang='lat' dir='ltr'><strong>honore</strong></span> <span class='ocrx_word' id='word_1_490' title='bbox 739 4597 1008 4664; x_wconf 80' lang='lat' dir='ltr'><strong>alliciant,</strong></span> <span class='ocrx_word' id='word_1_491' title='bbox 1068 4598 1193 4650; x_wconf 92' lang='lat' dir='ltr'><strong>dum</strong></span> <span class='ocrx_word' id='word_1_492' title='bbox 1239 4595 1384 4650; x_wconf 70' lang='lat' dir='ltr'><strong>foedo</strong></span> <span class='ocrx_word' id='word_1_493' title='bbox 1430 4595 1531 4648; x_wconf 91' lang='lat' dir='ltr'><strong>hoc</strong></span> <span class='ocrx_word' id='word_1_494' title='bbox 1583 4592 1812 4647; x_wconf 62' lang='lat' dir='ltr'><strong>inscitia:</strong></span> <span class='ocrx_word' id='word_1_495' title='bbox 1865 4590 2074 4653; x_wconf 90' lang='lat' dir='ltr'><strong>morbo,</strong></span> 
     </span>
    </p>
   </div>
   <div class='ocr_carea' id='block_1_67' title="bbox 497 4680 2075 4762">
    <p class='ocr_par' dir='ltr' id='par_1_67' title="bbox 497 4680 2075 4762">
     <span class='ocr_line' id='line_1_67' title="bbox 497 4680 2075 4762; baseline -0.006 -16"><span class='ocrx_word' id='word_1_496' title='bbox 497 4706 770 4762; x_wconf 85' lang='lat' dir='ltr'><strong>pravaque</strong></span> <span class='ocrx_word' id='word_1_497' title='bbox 800 4699 851 4744; x_wconf 89' lang='lat' dir='ltr'><strong>et</strong></span> <span class='ocrx_word' id='word_1_498' title='bbox 887 4690 1185 4744; x_wconf 87' lang='lat' dir='ltr'><strong>adulterina</strong></span> <span class='ocrx_word' id='word_1_499' title='bbox 1236 4687 1496 4757; x_wconf 79' lang='lat' dir='ltr'><strong>religione</strong></span> <span class='ocrx_word' id='word_1_500' title='bbox 1533 4684 1801 4748; x_wconf 85' lang='lat' dir='ltr'><strong>laborant,</strong></span> <span class='ocrx_word' id='word_1_501' title='bbox 1840 4680 2075 4738; x_wconf 86' lang='lat' dir='ltr'><strong>Verbum</strong></span> 
     </span>
    </p>
   </div>
   <div class='ocr_carea' id='block_1_68' title="bbox 494 4775 2078 4846">
    <p class='ocr_par' dir='ltr' id='par_1_68' title="bbox 494 4775 2078 4846">
     <span class='ocr_line' id='line_1_68' title="bbox 494 4775 2078 4846; baseline -0.004 -9"><span class='ocrx_word' id='word_1_502' title='bbox 494 4799 558 4837; x_wconf 80' lang='lat' dir='ltr'><strong>ex</strong></span> <span class='ocrx_word' id='word_1_503' title='bbox 608 4783 716 4837; x_wconf 89' lang='lat' dir='ltr'><strong>Deo</strong></span> <span class='ocrx_word' id='word_1_504' title='bbox 757 4791 938 4836; x_wconf 87' lang='lat' dir='ltr'><strong>uatum</strong></span> <span class='ocrx_word' id='word_1_505' title='bbox 998 4783 1051 4835; x_wconf 92' lang='lat' dir='ltr'><strong>iu</strong></span> <span class='ocrx_word' id='word_1_506' title='bbox 1103 4780 1332 4846; x_wconf 88' lang='lat' dir='ltr'><strong>ossium,</strong></span> <span class='ocrx_word' id='word_1_507' title='bbox 1362 4788 1416 4833; x_wconf 91' lang='lat' dir='ltr'><strong>et</strong></span> <span class='ocrx_word' id='word_1_508' title='bbox 1458 4791 1748 4831; x_wconf 81' lang='lat' dir='ltr'><strong>nervorum</strong></span> <span class='ocrx_word' id='word_1_509' title='bbox 1791 4775 2078 4846; x_wconf 88' lang='lat' dir='ltr'><strong>carnisque</strong></span> 
     </span>
    </p>
   </div>
   <div class='ocr_carea' id='block_1_69' title="bbox 499 4867 2078 4938">
    <p class='ocr_par' dir='ltr' id='par_1_69' title="bbox 499 4867 2078 4938">
     <span class='ocr_line' id='line_1_69' title="bbox 499 4867 2078 4938; baseline -0.005 -9"><span class='ocrx_word' id='word_1_510' title='bbox 499 4885 750 4929; x_wconf 90' lang='lat' dir='ltr'><strong>naturam</strong></span> <span class='ocrx_word' id='word_1_511' title='bbox 805 4874 1137 4929; x_wconf 86' lang='lat' dir='ltr'><strong>demutatum</strong></span> <span class='ocrx_word' id='word_1_512' title='bbox 1201 4871 1490 4925; x_wconf 84' lang='lat' dir='ltr'><strong>aﬂirtnant.</strong></span> <span class='ocrx_word' id='word_1_513' title='bbox 1539 4869 1718 4938; x_wconf 83' lang='lat' dir='ltr'><strong>Atque</strong></span> <span class='ocrx_word' id='word_1_514' title='bbox 1770 4869 1842 4922; x_wconf 89' lang='lat' dir='ltr'><strong>ita</strong></span> <span class='ocrx_word' id='word_1_515' title='bbox 1892 4867 2078 4922; x_wconf 86' lang='lat' dir='ltr'><strong>miseri</strong></span> 
     </span>
    </p>
   </div>
   <div class='ocr_carea' id='block_1_70' title="bbox 501 4959 2080 5034">
    <p class='ocr_par' dir='ltr' id='par_1_70' title="bbox 501 4959 2080 5034">
     <span class='ocr_line' id='line_1_70' title="bbox 501 4959 2080 5034; baseline -0.004 -15"><span class='ocrx_word' id='word_1_516' title='bbox 501 4966 599 5034; x_wconf 87' lang='lat' dir='ltr'><strong>illi,</strong></span> <span class='ocrx_word' id='word_1_517' title='bbox 629 4966 996 5021; x_wconf 85' lang='lat' dir='ltr'><strong>Etnmanuelis</strong></span> <span class='ocrx_word' id='word_1_518' title='bbox 1018 4981 1083 5020; x_wconf 79' lang='lat' dir='ltr'><strong>ex</strong></span> <span class='ocrx_word' id='word_1_519' title='bbox 1107 4964 1325 5032; x_wconf 86' lang='lat' dir='ltr'><strong>Virgine</strong></span> <span class='ocrx_word' id='word_1_520' title='bbox 1346 4972 1524 5018; x_wconf 91' lang='lat' dir='ltr'><strong>ortum</strong></span> <span class='ocrx_word' id='word_1_521' title='bbox 1548 4961 1837 5016; x_wconf 86' lang='lat' dir='ltr'><strong>ludibrium</strong></span> <span class='ocrx_word' id='word_1_522' title='bbox 1873 4959 2080 5014; x_wconf 84' lang='lat' dir='ltr'><strong>haben-</strong></span> 
     </span>
    </p>
   </div>
   <div class='ocr_carea' id='block_1_71' title="bbox 501 5050 2075 5128">
    <p class='ocr_par' dir='ltr' id='par_1_71' title="bbox 501 5050 2075 5128">
     <span class='ocr_line' id='line_1_71' title="bbox 501 5050 2075 5128; baseline -0.003 -19"><span class='ocrx_word' id='word_1_523' title='bbox 501 5067 600 5122; x_wconf 90' lang='lat' dir='ltr'><strong>tes,</strong></span> <span class='ocrx_word' id='word_1_524' title='bbox 647 5058 906 5128; x_wconf 89' lang='lat' dir='ltr'><strong>optimam</strong></span> <span class='ocrx_word' id='word_1_525' title='bbox 954 5058 1099 5112; x_wconf 83' lang='lat' dir='ltr'><strong>illam</strong></span> <span class='ocrx_word' id='word_1_526' title='bbox 1159 5055 1660 5124; x_wconf 88' lang='lat' dir='ltr'><strong>divinissimamque</strong></span> <span class='ocrx_word' id='word_1_527' title='bbox 1713 5050 2075 5107; x_wconf 68' lang='lat' dir='ltr'><strong>(economiatn</strong></span> 
     </span>
    </p>
   </div>
   <div class='ocr_carea' id='block_1_72' title="bbox 501 5140 2076 5218">
    <p class='ocr_par' dir='ltr' id='par_1_72' title="bbox 501 5140 2076 5218">
     <span class='ocr_line' id='line_1_72' title="bbox 501 5140 2076 5218; baseline -0.004 -16"><span class='ocrx_word' id='word_1_528' title='bbox 501 5149 810 5204; x_wconf 88' lang='lat' dir='ltr'><strong>iudecoram</strong></span> <span class='ocrx_word' id='word_1_529' title='bbox 834 5149 1096 5218; x_wconf 87' lang='lat' dir='ltr'><strong>judicaut.</strong></span> <span class='ocrx_word' id='word_1_530' title='bbox 1133 5147 1273 5200; x_wconf 90' lang='lat' dir='ltr'><strong>Sunt</strong></span> <span class='ocrx_word' id='word_1_531' title='bbox 1297 5146 1386 5212; x_wconf 91' lang='lat' dir='ltr'><strong>qui</strong></span> <span class='ocrx_word' id='word_1_532' title='bbox 1424 5153 1753 5200; x_wconf 64' lang='lat' dir='ltr'><strong>coaeternum</strong></span> <span class='ocrx_word' id='word_1_533' title='bbox 1792 5141 1898 5198; x_wconf 88' lang='lat' dir='ltr'><strong>Deo</strong></span> <span class='ocrx_word' id='word_1_534' title='bbox 1930 5140 2076 5195; x_wconf 81' lang='lat' dir='ltr'><strong>Patri</strong></span> 
     </span>
    </p>
   </div>
   <div class='ocr_carea' id='block_1_73' title="bbox 499 5232 2080 5301">
    <p class='ocr_par' dir='ltr' id='par_1_73' title="bbox 499 5232 2080 5301">
     <span class='ocr_line' id='line_1_73' title="bbox 499 5232 2080 5301; baseline -0.006 -8"><span class='ocrx_word' id='word_1_535' title='bbox 499 5239 737 5294; x_wconf 86' lang='lat' dir='ltr'><strong>Verbum</strong></span> <span class='ocrx_word' id='word_1_536' title='bbox 773 5240 922 5293; x_wconf 84' lang='lat' dir='ltr'><strong>tarde</strong></span> <span class='ocrx_word' id='word_1_537' title='bbox 966 5246 1170 5301; x_wconf 85' lang='lat' dir='ltr'><strong>natum,</strong></span> <span class='ocrx_word' id='word_1_538' title='bbox 1203 5237 1306 5290; x_wconf 91' lang='lat' dir='ltr'><strong>hoc</strong></span> <span class='ocrx_word' id='word_1_539' title='bbox 1338 5243 1441 5297; x_wconf 91' lang='lat' dir='ltr'><strong>est,</strong></span> <span class='ocrx_word' id='word_1_540' title='bbox 1494 5244 1602 5287; x_wconf 90' lang='lat' dir='ltr'><strong>tum</strong></span> <span class='ocrx_word' id='word_1_541' title='bbox 1634 5235 1847 5286; x_wconf 87' lang='lat' dir='ltr'><strong>demmn</strong></span> <span class='ocrx_word' id='word_1_542' title='bbox 1882 5232 2080 5299; x_wconf 80' lang='lat' dir='ltr'><strong>produ-</strong></span> 
     </span>
    </p>
   </div>
   <div class='ocr_carea' id='block_1_74' title="bbox 501 5321 2081 5390">
    <p class='ocr_par' dir='ltr' id='par_1_74' title="bbox 501 5321 2081 5390">
     <span class='ocr_line' id='line_1_74' title="bbox 501 5321 2081 5390; baseline -0.004 -9"><span class='ocrx_word' id='word_1_543' title='bbox 501 5338 644 5382; x_wconf 89' lang='lat' dir='ltr'><strong>ctum</strong></span> <span class='ocrx_word' id='word_1_544' title='bbox 678 5328 928 5390; x_wconf 89' lang='lat' dir='ltr'><strong>credunt,</strong></span> <span class='ocrx_word' id='word_1_545' title='bbox 955 5341 1076 5381; x_wconf 89' lang='lat' dir='ltr'><strong>cum</strong></span> <span class='ocrx_word' id='word_1_546' title='bbox 1108 5324 1403 5379; x_wconf 87' lang='lat' dir='ltr'><strong>secundum</strong></span> <span class='ocrx_word' id='word_1_547' title='bbox 1433 5339 1650 5376; x_wconf 88' lang='lat' dir='ltr'><strong>carnem</strong></span> <span class='ocrx_word' id='word_1_548' title='bbox 1681 5324 1732 5376; x_wconf 93' lang='lat' dir='ltr'><strong>in</strong></span> <span class='ocrx_word' id='word_1_549' title='bbox 1766 5323 1941 5376; x_wconf 90' lang='lat' dir='ltr'><strong>lucem</strong></span> <span class='ocrx_word' id='word_1_550' title='bbox 1971 5321 2081 5375; x_wconf 90' lang='lat' dir='ltr'><strong>edi-</strong></span> 
     </span>
    </p>
   </div>
   <div class='ocr_carea' id='block_1_75' title="bbox 503 5410 2080 5486">
    <p class='ocr_par' dir='ltr' id='par_1_75' title="bbox 503 5410 2080 5486">
     <span class='ocr_line' id='line_1_75' title="bbox 503 5410 2080 5486; baseline -0.001 -18"><span class='ocrx_word' id='word_1_551' title='bbox 503 5425 616 5470; x_wconf 88' lang='lat' dir='ltr'><strong>tum</strong></span> <span class='ocrx_word' id='word_1_552' title='bbox 649 5415 699 5486; x_wconf 83' lang='lat'><strong>5</strong></span> <span class='ocrx_word' id='word_1_553' title='bbox 729 5425 830 5470; x_wconf 87' lang='lat' dir='ltr'><strong>est.</strong></span> <span class='ocrx_word' id='word_1_554' title='bbox 858 5414 975 5470; x_wconf 76' lang='lat' dir='ltr'><strong>Non</strong></span> <span class='ocrx_word' id='word_1_555' title='bbox 1004 5417 1199 5470; x_wconf 89' lang='lat' dir='ltr'><strong>desunt</strong></span> <span class='ocrx_word' id='word_1_556' title='bbox 1235 5428 1448 5468; x_wconf 87' lang='lat' dir='ltr'><strong>rursum</strong></span> <span class='ocrx_word' id='word_1_557' title='bbox 1501 5413 1591 5482; x_wconf 87' lang='lat' dir='ltr'><strong>qui</strong></span> <span class='ocrx_word' id='word_1_558' title='bbox 1625 5413 1676 5466; x_wconf 91' lang='lat' dir='ltr'><strong>in</strong></span> <span class='ocrx_word' id='word_1_559' title='bbox 1716 5423 1918 5467; x_wconf 77' lang='lat' dir='ltr'><strong>tantum</strong></span> <span class='ocrx_word' id='word_1_560' title='bbox 1943 5410 2080 5466; x_wconf 81' lang='lat' dir='ltr'><strong>stul-</strong></span> 
     </span>
    </p>
   </div>
   <div class='ocr_carea' id='block_1_76' title="bbox 574 5567 1056 5632">
    <p class='ocr_par' dir='ltr' id='par_1_76' title="bbox 574 5567 1056 5632">
     <span class='ocr_line' id='line_1_76' title="bbox 574 5567 1056 5632; baseline 0.002 -11"><span class='ocrx_word' id='word_1_561' title='bbox 574 5569 592 5599; x_wconf 88' lang='lat'><strong><em>&quot;</em></strong></span> <span class='ocrx_word' id='word_1_562' title='bbox 620 5567 780 5622; x_wconf 83' lang='lat' dir='ltr'><strong>Prov.</strong></span> <span class='ocrx_word' id='word_1_563' title='bbox 810 5584 928 5632; x_wconf 80' lang='lat' dir='ltr'><strong>vm,</strong></span> <span class='ocrx_word' id='word_1_564' title='bbox 968 5568 1056 5622; x_wconf 72' lang='lat' dir='ltr'><strong>‘ll.</strong></span> 
     </span>
    </p>
   </div>
   <div class='ocr_carea' id='block_1_77' title="bbox 1146 5563 2199 5633">
    <p class='ocr_par' dir='ltr' id='par_1_77' title="bbox 1146 5563 2199 5633">
     <span class='ocr_line' id='line_1_77' title="bbox 1146 5563 2199 5633; baseline -0.001 -12"><span class='ocrx_word' id='word_1_565' title='bbox 1146 5568 1208 5621; x_wconf 87' lang='lat' dir='ltr'><strong>&#39;l</strong></span> <span class='ocrx_word' id='word_1_566' title='bbox 1245 5565 1372 5621; x_wconf 88' lang='lat' dir='ltr'><strong>Cor.</strong></span> <span class='ocrx_word' id='word_1_567' title='bbox 1416 5581 1534 5626; x_wconf 78' lang='lat' dir='ltr'><strong>xm,</strong></span> <span class='ocrx_word' id='word_1_568' title='bbox 1571 5565 1656 5621; x_wconf 69' lang='lat'><strong>12.</strong></span> <span class='ocrx_word' id='word_1_569' title='bbox 1734 5563 1792 5617; x_wconf 76' lang='grc' dir='ltr'><strong>Ἰ</strong></span> <span class='ocrx_word' id='word_1_570' title='bbox 1824 5563 1950 5621; x_wconf 87' lang='lat' dir='ltr'><strong>Cor.</strong></span> <span class='ocrx_word' id='word_1_571' title='bbox 1982 5581 2077 5632; x_wconf 79' lang='lat' dir='ltr'><strong>xtt,</strong></span> <span class='ocrx_word' id='word_1_572' title='bbox 2113 5567 2199 5633; x_wconf 85' lang='lat' dir='ltr'><strong>ll,</strong></span> 
     </span>
    </p>
   </div>
   <div class='ocr_carea' id='block_1_78' title="bbox 2259 2401 3774 2478">
    <p class='ocr_par' dir='ltr' id='par_1_78' title="bbox 2259 2401 3774 2478">
     <span class='ocr_line' id='line_1_78' title="bbox 2259 2401 3774 2478; baseline 0.004 -22"><span class='ocrx_word' id='word_1_573' title='bbox 2259 2404 2334 2456; x_wconf 87' lang='lat' dir='ltr'><strong>E&#39;.</strong></span> <span class='ocrx_word' id='word_1_574' title='bbox 2376 2404 2515 2474; x_wconf 80' lang='grc' dir='ltr'>Φαίη</span> <span class='ocrx_word' id='word_1_575' title='bbox 2551 2404 2594 2456; x_wconf 79' lang='grc' dir='ltr'>δ’</span> <span class='ocrx_word' id='word_1_576' title='bbox 2623 2403 2710 2470; x_wconf 84' lang='grc' dir='ltr'>ἂν,</span> <span class='ocrx_word' id='word_1_577' title='bbox 2739 2401 2914 2476; x_wconf 79' lang='grc' dir='ltr'>οἶμαι,</span> <span class='ocrx_word' id='word_1_578' title='bbox 2943 2405 3052 2468; x_wconf 67' lang='grc' dir='ltr'>τὶς,</span> <span class='ocrx_word' id='word_1_579' title='bbox 3094 2404 3303 2460; x_wconf 88' lang='grc' dir='ltr'>Ούκοῦν</span> <span class='ocrx_word' id='word_1_580' title='bbox 3336 2406 3520 2478; x_wconf 76' lang='grc' dir='ltr'>ἔπειδὴ</span> <span class='ocrx_word' id='word_1_581' title='bbox 3560 2425 3641 2460; x_wconf 90' lang='grc' dir='ltr'><strong>σοι</strong></span> <span class='ocrx_word' id='word_1_582' title='bbox 3675 2407 3774 2468; x_wconf 68' lang='grc' dir='ltr'>καὶ</span> 
     </span>
    </p>
   </div>
   <div class='ocr_carea' id='block_1_79' title="bbox 2183 2494 3772 2565">
    <p class='ocr_par' dir='ltr' id='par_1_79' title="bbox 2183 2494 3772 2565">
     <span class='ocr_line' id='line_1_79' title="bbox 2183 2494 3772 2565; baseline 0.002 -18"><span class='ocrx_word' id='word_1_583' title='bbox 2183 2494 2286 2564; x_wconf 76' lang='grc' dir='ltr'>τῆς</span> <span class='ocrx_word' id='word_1_584' title='bbox 2319 2495 2411 2546; x_wconf 76' lang='grc' dir='ltr'><strong>ἐπὶ</strong></span> <span class='ocrx_word' id='word_1_585' title='bbox 2449 2495 2624 2565; x_wconf 83' lang='grc' dir='ltr'>τούτῳ</span> <span class='ocrx_word' id='word_1_586' title='bbox 2663 2495 2862 2558; x_wconf 84' lang='grc' dir='ltr'>κόνεως</span> <span class='ocrx_word' id='word_1_587' title='bbox 2900 2495 3132 2565; x_wconf 69' lang='grc' dir='ltr'>ἅψεσθαι</span> <span class='ocrx_word' id='word_1_588' title='bbox 3165 2495 3331 2559; x_wconf 79' lang='grc' dir='ltr'>δοκεῖ,</span> <span class='ocrx_word' id='word_1_589' title='bbox 3361 2495 3455 2548; x_wconf 71' lang='grc' dir='ltr'>καὶ</span> <span class='ocrx_word' id='word_1_590' title='bbox 3497 2495 3587 2549; x_wconf 76' lang='grc' dir='ltr'><strong>τὸν</strong></span> <span class='ocrx_word' id='word_1_591' title='bbox 3628 2495 3772 2550; x_wconf 76' lang='grc' dir='ltr'>οὕτω</span> 
     </span>
    </p>
   </div>
   <div class='ocr_carea' id='block_1_80' title="bbox 2184 2585 3772 2657">
    <p class='ocr_par' dir='ltr' id='par_1_80' title="bbox 2184 2585 3772 2657">
     <span class='ocr_line' id='line_1_80' title="bbox 2184 2585 3772 2657; baseline 0.002 -19"><span class='ocrx_word' id='word_1_592' title='bbox 2184 2585 2435 2657; x_wconf 75' lang='grc' dir='ltr'>διαὸριθῆ</span> <span class='ocrx_word' id='word_1_593' title='bbox 2473 2587 2565 2639; x_wconf 71' lang='grc' dir='ltr'>καὶ</span> <span class='ocrx_word' id='word_1_594' title='bbox 2606 2585 2881 2640; x_wconf 73' lang='grc' dir='ltr'>δύσοιστον</span> <span class='ocrx_word' id='word_1_595' title='bbox 2924 2587 3221 2656; x_wconf 75' lang='grc' dir='ltr'>ἀνατλῆναι</span> <span class='ocrx_word' id='word_1_596' title='bbox 3254 2588 3435 2650; x_wconf 86' lang='grc' dir='ltr'>πόνον,</span> <span class='ocrx_word' id='word_1_597' title='bbox 3468 2588 3772 2649; x_wconf 80' lang='grc' dir='ltr'>ἀοκνότατα</span> 
     </span>
    </p>
   </div>
   <div class='ocr_carea' id='block_1_81' title="bbox 2184 2677 3770 2749">
    <p class='ocr_par' dir='ltr' id='par_1_81' title="bbox 2184 2677 3770 2749">
     <span class='ocr_line' id='line_1_81' title="bbox 2184 2677 3770 2749; baseline 0.001 -19"><span class='ocrx_word' id='word_1_598' title='bbox 2184 2677 2438 2746; x_wconf 74' lang='grc' dir='ltr'>διασάφει</span> <span class='ocrx_word' id='word_1_599' title='bbox 2475 2677 2566 2730; x_wconf 63' lang='grc' dir='ltr'><strong>τὸν</strong></span> <span class='ocrx_word' id='word_1_600' title='bbox 2592 2677 2794 2748; x_wconf 79' lang='grc' dir='ltr'>άκριδῆ</span> <span class='ocrx_word' id='word_1_601' title='bbox 2822 2695 2882 2730; x_wconf 87' lang='grc' dir='ltr'><strong>τε</strong></span> <span class='ocrx_word' id='word_1_602' title='bbox 2911 2678 3005 2731; x_wconf 73' lang='grc' dir='ltr'><strong>καὶ</strong></span> <span class='ocrx_word' id='word_1_603' title='bbox 3029 2677 3434 2748; x_wconf 78' lang='grc' dir='ltr'>ἀκιϐδήλευτον,</span> <span class='ocrx_word' id='word_1_604' title='bbox 3467 2679 3561 2733; x_wconf 78' lang='grc' dir='ltr'>καὶ</span> <span class='ocrx_word' id='word_1_605' title='bbox 3588 2680 3770 2749; x_wconf 89' lang='grc' dir='ltr'>πάσης</span> 
     </span>
    </p>
   </div>
   <div class='ocr_carea' id='block_1_82' title="bbox 2185 2768 3768 2841">
    <p class='ocr_par' dir='ltr' id='par_1_82' title="bbox 2185 2768 3768 2841">
     <span class='ocr_line' id='line_1_82' title="bbox 2185 2768 3768 2841; baseline 0 -19"><span class='ocrx_word' id='word_1_606' title='bbox 2185 2769 2364 2833; x_wconf 81' lang='grc' dir='ltr'>αίτίας</span> <span class='ocrx_word' id='word_1_607' title='bbox 2406 2769 2829 2840; x_wconf 81' lang='grc' dir='ltr'>ἀπηλλαγμένον</span> <span class='ocrx_word' id='word_1_608' title='bbox 2864 2769 2957 2822; x_wconf 74' lang='grc' dir='ltr'><strong>ἐπὶ</strong></span> <span class='ocrx_word' id='word_1_609' title='bbox 3003 2768 3224 2840; x_wconf 83' lang='grc' dir='ltr'>Χριστῷ</span> <span class='ocrx_word' id='word_1_610' title='bbox 3270 2769 3447 2839; x_wconf 88' lang='grc' dir='ltr'>λόγον.</span> <span class='ocrx_word' id='word_1_611' title='bbox 3483 2771 3768 2841; x_wconf 71' lang='grc' dir='ltr'>Διαφόροις</span> 
     </span>
    </p>
   </div>
   <div class='ocr_carea' id='block_1_83' title="bbox 2182 2860 3770 2934">
    <p class='ocr_par' dir='ltr' id='par_1_83' title="bbox 2182 2860 3770 2934">
     <span class='ocr_line' id='line_1_83' title="bbox 2182 2860 3770 2934; baseline -0.001 -19"><span class='ocrx_word' id='word_1_612' title='bbox 2182 2862 2291 2934; x_wconf 75' lang='grc' dir='ltr'><strong>γάρ</strong></span> <span class='ocrx_word' id='word_1_613' title='bbox 2322 2860 2501 2927; x_wconf 81' lang='grc' dir='ltr'>δόξαις</span> <span class='ocrx_word' id='word_1_614' title='bbox 2533 2860 2944 2930; x_wconf 85' lang='grc' dir='ltr'>καταμεθύουσί</span> <span class='ocrx_word' id='word_1_615' title='bbox 2975 2879 3139 2924; x_wconf 84' lang='grc' dir='ltr'>τινες,</span> <span class='ocrx_word' id='word_1_616' title='bbox 3176 2861 3656 2932; x_wconf 82' lang='grc' dir='ltr'>παραπλάττοντες</span> <span class='ocrx_word' id='word_1_617' title='bbox 3690 2862 3770 2926; x_wconf 67' lang='grc' dir='ltr'><strong>εἰς⁹</strong></span> 
     </span>
    </p>
   </div>
   <div class='ocr_carea' id='block_1_84' title="bbox 2183 2951 3773 3023">
    <p class='ocr_par' dir='ltr' id='par_1_84' title="bbox 2183 2951 3773 3023">
     <span class='ocr_line' id='line_1_84' title="bbox 2183 2951 3773 3023; baseline -0.001 -17"><span class='ocrx_word' id='word_1_618' title='bbox 2183 2953 2242 3007; x_wconf 81' lang='grc' dir='ltr'>τὸ</span> <span class='ocrx_word' id='word_1_619' title='bbox 2311 2952 2541 3016; x_wconf 76' lang='grc' dir='ltr'>ἀκαλλὲς</span> <span class='ocrx_word' id='word_1_620' title='bbox 2587 2953 2654 3006; x_wconf 91' lang='grc' dir='ltr'><strong>τά</strong></span> <span class='ocrx_word' id='word_1_621' title='bbox 2693 2953 2777 3005; x_wconf 74' lang='grc' dir='ltr'><strong>ἐπ’</strong></span> <span class='ocrx_word' id='word_1_622' title='bbox 2821 2951 2968 3022; x_wconf 81' lang='grc' dir='ltr'>αύτῷ</span> <span class='ocrx_word' id='word_1_623' title='bbox 3020 2951 3526 3023; x_wconf 78' lang='grc' dir='ltr'>κεχρησμῳδημένα</span> <span class='ocrx_word' id='word_1_624' title='bbox 3553 2953 3576 2991; x_wconf 73' lang='grc'><strong>⁸</strong></span> <span class='ocrx_word' id='word_1_625' title='bbox 3620 2953 3773 3021; x_wconf 79' lang='grc' dir='ltr'>παρά</span> 
     </span>
    </p>
   </div>
   <div class='ocr_carea' id='block_1_85' title="bbox 2181 3045 3772 3116">
    <p class='ocr_par' dir='ltr' id='par_1_85' title="bbox 2181 3045 3772 3116">
     <span class='ocr_line' id='line_1_85' title="bbox 2181 3045 3772 3116; baseline 0 -18"><span class='ocrx_word' id='word_1_626' title='bbox 2181 3063 2240 3099; x_wconf 90' lang='grc' dir='ltr'><strong>τε</strong></span> <span class='ocrx_word' id='word_1_627' title='bbox 2273 3045 2374 3115; x_wconf 83' lang='grc' dir='ltr'>τῆς</span> <span class='ocrx_word' id='word_1_628' title='bbox 2411 3045 2555 3108; x_wconf 87' lang='grc' dir='ltr'>Νέας</span> <span class='ocrx_word' id='word_1_629' title='bbox 2591 3045 2686 3098; x_wconf 76' lang='grc' dir='ltr'>καὶ</span> <span class='ocrx_word' id='word_1_630' title='bbox 2725 3045 3107 3116; x_wconf 78' lang='grc' dir='ltr'>’Λρχαιοτέρας</span> <span class='ocrx_word' id='word_1_631' title='bbox 3139 3045 3381 3114; x_wconf 79' lang='grc' dir='ltr'>Γραφῆς.</span> <span class='ocrx_word' id='word_1_632' title='bbox 3421 3046 3533 3098; x_wconf 88' lang='grc' dir='ltr'><strong>Ούκ</strong></span> <span class='ocrx_word' id='word_1_633' title='bbox 3568 3045 3772 3115; x_wconf 76' lang='grc' dir='ltr'>ἠγνοή-</span> 
     </span>
    </p>
   </div>
   <div class='ocr_carea' id='block_1_86' title="bbox 2182 3131 3772 3208">
    <p class='ocr_par' dir='ltr' id='par_1_86' title="bbox 2182 3131 3772 3208">
     <span class='ocr_line' id='line_1_86' title="bbox 2182 3131 3772 3208; baseline -0.001 -17"><span class='ocrx_word' id='word_1_634' title='bbox 2182 3155 2360 3208; x_wconf 85' lang='grc' dir='ltr'>καμεν</span> <span class='ocrx_word' id='word_1_635' title='bbox 2403 3131 2519 3201; x_wconf 71' lang='grc' dir='ltr'>οὖν,</span> <span class='ocrx_word' id='word_1_636' title='bbox 2550 3136 2626 3201; x_wconf 83' lang='grc' dir='ltr'>ὡς</span> <span class='ocrx_word' id='word_1_637' title='bbox 2655 3137 2755 3190; x_wconf 87' lang='grc' dir='ltr'><strong>ούκ</strong></span> <span class='ocrx_word' id='word_1_638' title='bbox 2795 3136 3218 3206; x_wconf 74' lang='grc' dir='ltr'>ἀνεπιτήδευτόν</span> <span class='ocrx_word' id='word_1_639' title='bbox 3253 3139 3368 3190; x_wconf 77' lang='grc' dir='ltr'>ἐστι</span> <span class='ocrx_word' id='word_1_640' title='bbox 3401 3136 3510 3188; x_wconf 83' lang='grc' dir='ltr'>τῶν</span> <span class='ocrx_word' id='word_1_641' title='bbox 3551 3137 3772 3190; x_wconf 83' lang='grc' dir='ltr'>ἀτόπων</span> 
     </span>
    </p>
   </div>
   <div class='ocr_carea' id='block_1_87' title="bbox 2184 3228 3773 3299">
    <p class='ocr_par' dir='ltr' id='par_1_87' title="bbox 2184 3228 3773 3299">
     <span class='ocr_line' id='line_1_87' title="bbox 2184 3228 3773 3299; baseline -0.001 -15"><span class='ocrx_word' id='word_1_642' title='bbox 2184 3233 2298 3294; x_wconf 79' lang='grc' dir='ltr'>τοϊς</span> <span class='ocrx_word' id='word_1_643' title='bbox 2336 3230 2614 3293; x_wconf 84' lang='grc' dir='ltr'>ἀσυνέτοις</span> <span class='ocrx_word' id='word_1_644' title='bbox 2643 3228 2795 3282; x_wconf 80' lang='grc' dir='ltr'>οὐδέν</span> <span class='ocrx_word' id='word_1_645' title='bbox 2817 3245 2830 3259; x_wconf 90' lang='grc'><strong>·</strong></span> <span class='ocrx_word' id='word_1_646' title='bbox 2862 3228 3123 3282; x_wconf 84' lang='grc' dir='ltr'>πίπτουσι</span> <span class='ocrx_word' id='word_1_647' title='bbox 3157 3228 3215 3281; x_wconf 86' lang='grc' dir='ltr'>δὲ</span> <span class='ocrx_word' id='word_1_648' title='bbox 3255 3230 3349 3281; x_wconf 71' lang='grc' dir='ltr'><strong>καὶ</strong></span> <span class='ocrx_word' id='word_1_649' title='bbox 3386 3228 3505 3282; x_wconf 86' lang='grc' dir='ltr'>λίαν</span> <span class='ocrx_word' id='word_1_650' title='bbox 3537 3229 3773 3299; x_wconf 82' lang='grc' dir='ltr'>ἑτοίμως</span> 
     </span>
    </p>
   </div>
   <div class='ocr_carea' id='block_1_88' title="bbox 2183 3320 3775 3394">
    <p class='ocr_par' dir='ltr' id='par_1_88' title="bbox 2183 3320 3775 3394">
     <span class='ocr_line' id='line_1_88' title="bbox 2183 3320 3775 3394; baseline -0.002 -17"><span class='ocrx_word' id='word_1_651' title='bbox 2183 3326 2263 3388; x_wconf 83' lang='grc' dir='ltr'><strong>είς</strong></span> <span class='ocrx_word' id='word_1_652' title='bbox 2306 3324 2576 3393; x_wconf 82' lang='grc' dir='ltr'>πέταυρον</span> <span class='ocrx_word' id='word_1_653' title='bbox 2630 3322 2780 3394; x_wconf 62' lang='grc' dir='ltr'>ᾅδου,</span> <span class='ocrx_word' id='word_1_654' title='bbox 2815 3320 2956 3375; x_wconf 84' lang='grc' dir='ltr'>κατὰ</span> <span class='ocrx_word' id='word_1_655' title='bbox 2997 3322 3059 3374; x_wconf 84' lang='grc' dir='ltr'>τὸ</span> <span class='ocrx_word' id='word_1_656' title='bbox 3098 3321 3507 3393; x_wconf 81' lang='grc' dir='ltr'>γεγραμμένον,</span> <span class='ocrx_word' id='word_1_657' title='bbox 3550 3322 3645 3375; x_wconf 69' lang='grc' dir='ltr'><strong>καὶ</strong></span> <span class='ocrx_word' id='word_1_658' title='bbox 3691 3323 3775 3386; x_wconf 80' lang='grc' dir='ltr'><strong>είς</strong></span> 
     </span>
    </p>
   </div>
   <div class='ocr_carea' id='block_1_89' title="bbox 2185 3412 3772 3484">
    <p class='ocr_par' dir='ltr' id='par_1_89' title="bbox 2185 3412 3772 3484">
     <span class='ocr_line' id='line_1_89' title="bbox 2185 3412 3772 3484; baseline -0.002 -14"><span class='ocrx_word' id='word_1_659' title='bbox 2185 3415 2390 3484; x_wconf 79' lang='grc' dir='ltr'>παγίδα</span> <span class='ocrx_word' id='word_1_660' title='bbox 2421 3414 2677 3479; x_wconf 83' lang='grc' dir='ltr'>θανάτου,</span> <span class='ocrx_word' id='word_1_661' title='bbox 2710 3432 2727 3465; x_wconf 79' lang='lat' dir='ltr'><strong>t</strong></span> <span class='ocrx_word' id='word_1_662' title='bbox 2761 3413 2838 3484; x_wconf 79' lang='grc' dir='ltr'>μὴ</span> <span class='ocrx_word' id='word_1_663' title='bbox 2863 3413 3109 3476; x_wconf 86' lang='grc' dir='ltr'>νοοῦντες</span> <span class='ocrx_word' id='word_1_664' title='bbox 3141 3415 3279 3484; x_wconf 81' lang='grc' dir='ltr'>μήτε</span> <span class='ocrx_word' id='word_1_665' title='bbox 3302 3412 3337 3467; x_wconf 76' lang='grc' dir='ltr'>ἃ</span> <span class='ocrx_word' id='word_1_666' title='bbox 3359 3412 3600 3480; x_wconf 82' lang='grc' dir='ltr'>λέγουσι,</span> <span class='ocrx_word' id='word_1_667' title='bbox 3629 3415 3772 3484; x_wconf 81' lang='grc' dir='ltr'>μήτε</span> 
     </span>
    </p>
   </div>
   <div class='ocr_carea' id='block_1_90' title="bbox 2185 3497 3771 3578">
    <p class='ocr_par' dir='ltr' id='par_1_90' title="bbox 2185 3497 3771 3578">
     <span class='ocr_line' id='line_1_90' title="bbox 2185 3497 3771 3578; baseline -0.003 -18"><span class='ocrx_word' id='word_1_668' title='bbox 2185 3508 2314 3578; x_wconf 75' lang='grc' dir='ltr'>περὶ</span> <span class='ocrx_word' id='word_1_669' title='bbox 2347 3506 2510 3560; x_wconf 84' lang='grc' dir='ltr'>τίνων</span> <span class='ocrx_word' id='word_1_670' title='bbox 2535 3503 2992 3559; x_wconf 72' lang='grc' dir='ltr'>διαϐεϐαιοῦνται.</span> <span class='ocrx_word' id='word_1_671' title='bbox 3023 3523 3041 3556; x_wconf 84' lang='grc'>›</span> <span class='ocrx_word' id='word_1_672' title='bbox 3074 3504 3232 3568; x_wconf 87' lang='grc' dir='ltr'>Τίνες</span> <span class='ocrx_word' id='word_1_673' title='bbox 3260 3504 3303 3557; x_wconf 84' lang='grc' dir='ltr'>δ’</span> <span class='ocrx_word' id='word_1_674' title='bbox 3327 3502 3393 3558; x_wconf 79' lang='grc' dir='ltr'>ἂν</span> <span class='ocrx_word' id='word_1_675' title='bbox 3423 3497 3532 3557; x_wconf 74' lang='grc' dir='ltr'>εἷεν</span> <span class='ocrx_word' id='word_1_676' title='bbox 3557 3504 3606 3557; x_wconf 83' lang='grc' dir='ltr'>οἱ</span> <span class='ocrx_word' id='word_1_677' title='bbox 3639 3504 3771 3574; x_wconf 88' lang='grc' dir='ltr'>παρ’</span> 
     </span>
    </p>
   </div>
   <div class='ocr_carea' id='block_1_91' title="bbox 2184 3594 3774 3669">
    <p class='ocr_par' dir='ltr' id='par_1_91' title="bbox 2184 3594 3774 3669">
     <span class='ocr_line' id='line_1_91' title="bbox 2184 3594 3774 3669; baseline -0.003 -17"><span class='ocrx_word' id='word_1_678' title='bbox 2184 3599 2401 3669; x_wconf 79' lang='grc' dir='ltr'>ἑκάστῳ</span> <span class='ocrx_word' id='word_1_679' title='bbox 2442 3596 2659 3669; x_wconf 87' lang='grc' dir='ltr'>θρύλλοι</span> <span class='ocrx_word' id='word_1_680' title='bbox 2714 3598 2808 3652; x_wconf 76' lang='grc' dir='ltr'>καὶ</span> <span class='ocrx_word' id='word_1_681' title='bbox 2858 3597 2930 3650; x_wconf 86' lang='grc' dir='ltr'><strong>τά</strong></span> <span class='ocrx_word' id='word_1_682' title='bbox 2977 3597 3153 3666; x_wconf 85' lang='grc' dir='ltr'>σεμνά</span> <span class='ocrx_word' id='word_1_683' title='bbox 3224 3595 3496 3669; x_wconf 79' lang='grc' dir='ltr'>μυθάρια,</span> <span class='ocrx_word' id='word_1_684' title='bbox 3541 3594 3774 3649; x_wconf 84' lang='grc' dir='ltr'>διειπεῖν</span> 
     </span>
    </p>
   </div>
   <div class='ocr_carea' id='block_1_92' title="bbox 2183 3692 2502 3760">
    <p class='ocr_par' dir='ltr' id='par_1_92' title="bbox 2183 3692 2502 3760">
     <span class='ocr_line' id='line_1_92' title="bbox 2183 3692 2502 3760; baseline -0.009 -14"><span class='ocrx_word' id='word_1_685' title='bbox 2183 3692 2502 3760; x_wconf 38' lang='grc' dir='ltr'>ἀναγκαῖον..</span> 
     </span>
    </p>
   </div>
   <div class='ocr_carea' id='block_1_93' title="bbox 2201 3861 3765 3938">
    <p class='ocr_par' dir='ltr' id='par_1_93' title="bbox 2201 3861 3765 3938">
     <span class='ocr_line' id='line_1_93' title="bbox 2201 3861 3765 3938; baseline -0.001 -16"><span class='ocrx_word' id='word_1_686' title='bbox 2201 3861 2203 3864; x_wconf 26' lang='grc'><em>⁴</em></span> <span class='ocrx_word' id='word_1_687' title='bbox 2262 3868 2353 3935; x_wconf 73' lang='grc' dir='ltr'><strong>ς’.</strong></span> <span class='ocrx_word' id='word_1_688' title='bbox 2399 3869 2462 3920; x_wconf 80' lang='grc' dir='ltr'><strong>Οἱ</strong></span> <span class='ocrx_word' id='word_1_689' title='bbox 2501 3867 2600 3937; x_wconf 85' lang='grc' dir='ltr'>μὲν</span> <span class='ocrx_word' id='word_1_690' title='bbox 2630 3866 2762 3938; x_wconf 85' lang='grc' dir='ltr'>γάρ,</span> <span class='ocrx_word' id='word_1_691' title='bbox 2809 3866 2891 3920; x_wconf 83' lang='grc' dir='ltr'><strong>δτι</strong></span> <span class='ocrx_word' id='word_1_692' title='bbox 2931 3867 3140 3936; x_wconf 76' lang='grc' dir='ltr'>πέφηνε</span> <span class='ocrx_word' id='word_1_693' title='bbox 3185 3866 3284 3936; x_wconf 76' lang='grc' dir='ltr'>μὲν</span> <span class='ocrx_word' id='word_1_694' title='bbox 3322 3866 3604 3936; x_wconf 75' lang='grc' dir='ltr'>ἄνθρωπος</span> <span class='ocrx_word' id='word_1_695' title='bbox 3629 3865 3659 3918; x_wconf 84' lang='grc' dir='ltr'><strong>δ</strong></span> <span class='ocrx_word' id='word_1_696' title='bbox 3697 3865 3765 3920; x_wconf 76' lang='grc' dir='ltr'>ὲκ</span> 
     </span>
    </p>
   </div>
   <div class='ocr_carea' id='block_1_94' title="bbox 2182 3959 3770 4032">
    <p class='ocr_par' dir='ltr' id='par_1_94' title="bbox 2182 3959 3770 4032">
     <span class='ocr_line' id='line_1_94' title="bbox 2182 3959 3770 4032; baseline 0.001 -20"><span class='ocrx_word' id='word_1_697' title='bbox 2182 3959 2317 4013; x_wconf 88' lang='grc' dir='ltr'>Θεοῦ</span> <span class='ocrx_word' id='word_1_698' title='bbox 2347 3960 2564 4032; x_wconf 83' lang='grc' dir='ltr'>Πατρδς</span> <span class='ocrx_word' id='word_1_699' title='bbox 2592 3959 2785 4028; x_wconf 89' lang='grc' dir='ltr'>Λόγος,</span> <span class='ocrx_word' id='word_1_700' title='bbox 2810 3960 2871 4013; x_wconf 87' lang='grc' dir='ltr'><strong>ού</strong></span> <span class='ocrx_word' id='word_1_701' title='bbox 2905 3960 3014 4031; x_wconf 78' lang='grc' dir='ltr'>μὴν</span> <span class='ocrx_word' id='word_1_702' title='bbox 3037 3960 3120 4013; x_wconf 83' lang='grc' dir='ltr'>ὅτι</span> <span class='ocrx_word' id='word_1_703' title='bbox 3143 3960 3238 4014; x_wconf 73' lang='grc' dir='ltr'>καὶ</span> <span class='ocrx_word' id='word_1_704' title='bbox 3273 3959 3550 4031; x_wconf 81' lang='grc' dir='ltr'>πεφόρηκε</span> <span class='ocrx_word' id='word_1_705' title='bbox 3576 3959 3676 4029; x_wconf 74' lang='grc' dir='ltr'>τὴν</span> <span class='ocrx_word' id='word_1_706' title='bbox 3700 3959 3770 4014; x_wconf 76' lang='grc' dir='ltr'>ὲκ</span> 
     </span>
    </p>
   </div>
   <div class='ocr_carea' id='block_1_95' title="bbox 2181 4050 3769 4121">
    <p class='ocr_par' dir='ltr' id='par_1_95' title="bbox 2181 4050 3769 4121">
     <span class='ocr_line' id='line_1_95' title="bbox 2181 4050 3769 4121; baseline 0 -17"><span class='ocrx_word' id='word_1_707' title='bbox 2181 4052 2280 4121; x_wconf 79' lang='grc' dir='ltr'>τῆς</span> <span class='ocrx_word' id='word_1_708' title='bbox 2309 4050 2468 4118; x_wconf 82' lang='grc' dir='ltr'>ἁγίας</span> <span class='ocrx_word' id='word_1_709' title='bbox 2502 4050 2779 4120; x_wconf 81' lang='grc' dir='ltr'>Παρθένου</span> <span class='ocrx_word' id='word_1_710' title='bbox 2813 4054 2910 4105; x_wconf 70' lang='grc' dir='ltr'>καὶ</span> <span class='ocrx_word' id='word_1_711' title='bbox 2932 4051 3202 4104; x_wconf 87' lang='grc' dir='ltr'>Θεοτόκου</span> <span class='ocrx_word' id='word_1_712' title='bbox 3233 4050 3434 4121; x_wconf 82' lang='grc' dir='ltr'>σάρκα,</span> <span class='ocrx_word' id='word_1_713' title='bbox 3467 4052 3684 4121; x_wconf 86' lang='grc' dir='ltr'>φρονεῖν</span> <span class='ocrx_word' id='word_1_714' title='bbox 3707 4066 3769 4104; x_wconf 80' lang='grc' dir='ltr'><strong>τε</strong></span> 
     </span>
    </p>
   </div>
   <div class='ocr_carea' id='block_1_96' title="bbox 2184 4141 3769 4214">
    <p class='ocr_par' dir='ltr' id='par_1_96' title="bbox 2184 4141 3769 4214">
     <span class='ocr_line' id='line_1_96' title="bbox 2184 4141 3769 4214; baseline -0.001 -18"><span class='ocrx_word' id='word_1_715' title='bbox 2184 4143 2277 4196; x_wconf 70' lang='grc' dir='ltr'>καὶ</span> <span class='ocrx_word' id='word_1_716' title='bbox 2312 4142 2492 4210; x_wconf 84' lang='grc' dir='ltr'>λέγειν</span> <span class='ocrx_word' id='word_1_717' title='bbox 2515 4143 2905 4214; x_wconf 85' lang='grc' dir='ltr'>τετολμήκασι,</span> <span class='ocrx_word' id='word_1_718' title='bbox 2933 4142 3359 4212; x_wconf 73' lang='grc' dir='ltr'>καταψεύδονται</span> <span class='ocrx_word' id='word_1_719' title='bbox 3390 4142 3446 4196; x_wconf 80' lang='grc' dir='ltr'>δὲ</span> <span class='ocrx_word' id='word_1_720' title='bbox 3476 4142 3645 4212; x_wconf 88' lang='grc' dir='ltr'>μόνην</span> <span class='ocrx_word' id='word_1_721' title='bbox 3670 4141 3769 4194; x_wconf 90' lang='grc' dir='ltr'><strong>τοῦ</strong></span> 
     </span>
    </p>
   </div>
   <div class='ocr_carea' id='block_1_97' title="bbox 2185 4227 3771 4306">
    <p class='ocr_par' dir='ltr' id='par_1_97' title="bbox 2185 4227 3771 4306">
     <span class='ocr_line' id='line_1_97' title="bbox 2185 4227 3771 4306; baseline 0 -20"><span class='ocrx_word' id='word_1_722' title='bbox 2185 4233 2488 4306; x_wconf 83' lang='grc' dir='ltr'>μυστηρίου</span> <span class='ocrx_word' id='word_1_723' title='bbox 2537 4233 2638 4304; x_wconf 83' lang='grc' dir='ltr'>τὴν</span> <span class='ocrx_word' id='word_1_724' title='bbox 2689 4234 2931 4304; x_wconf 85' lang='grc' dir='ltr'>δόκησιν.</span> <span class='ocrx_word' id='word_1_725' title='bbox 2958 4235 3176 4305; x_wconf 84' lang='grc' dir='ltr'>’Ἐτεροι</span> <span class='ocrx_word' id='word_1_726' title='bbox 3204 4234 3248 4287; x_wconf 78' lang='grc' dir='ltr'>δ’</span> <span class='ocrx_word' id='word_1_727' title='bbox 3281 4227 3346 4287; x_wconf 81' lang='grc' dir='ltr'>αὖ</span> <span class='ocrx_word' id='word_1_728' title='bbox 3398 4231 3771 4303; x_wconf 81' lang='grc' dir='ltr'>κατερυθριᾷν</span> 
     </span>
    </p>
   </div>
   <div class='ocr_carea' id='block_1_98' title="bbox 2185 4322 3772 4394">
    <p class='ocr_par' dir='ltr' id='par_1_98' title="bbox 2185 4322 3772 4394">
     <span class='ocr_line' id='line_1_98' title="bbox 2185 4322 3772 4394; baseline -0.001 -17"><span class='ocrx_word' id='word_1_729' title='bbox 2185 4324 2541 4394; x_wconf 84' lang='grc' dir='ltr'>σκεπτόμενοι</span> <span class='ocrx_word' id='word_1_730' title='bbox 2580 4325 2606 4364; x_wconf 71' lang='grc' dir='ltr'><strong>δ</strong></span> <span class='ocrx_word' id='word_1_731' title='bbox 2665 4324 2726 4376; x_wconf 78' lang='grc' dir='ltr'>τὸ</span> <span class='ocrx_word' id='word_1_732' title='bbox 2759 4324 2939 4377; x_wconf 86' lang='grc' dir='ltr'>δοκεῖν</span> <span class='ocrx_word' id='word_1_733' title='bbox 2981 4322 3254 4394; x_wconf 82' lang='grc' dir='ltr'>ἀνθρώπῳ</span> <span class='ocrx_word' id='word_1_734' title='bbox 3296 4325 3642 4394; x_wconf 88' lang='grc' dir='ltr'>προσκυνεῖν,</span> <span class='ocrx_word' id='word_1_735' title='bbox 3673 4325 3772 4376; x_wconf 69' lang='grc' dir='ltr'>καὶ</span> 
     </span>
    </p>
   </div>
   <div class='ocr_carea' id='block_1_99' title="bbox 2183 4414 3772 4488">
    <p class='ocr_par' dir='ltr' id='par_1_99' title="bbox 2183 4414 3772 4488">
     <span class='ocr_line' id='line_1_99' title="bbox 2183 4414 3772 4488; baseline 0 -20"><span class='ocrx_word' id='word_1_736' title='bbox 2183 4416 2282 4488; x_wconf 76' lang='grc' dir='ltr'>τὴν</span> <span class='ocrx_word' id='word_1_737' title='bbox 2318 4416 2427 4470; x_wconf 76' lang='grc' dir='ltr'>ἀπὸ</span> <span class='ocrx_word' id='word_1_738' title='bbox 2459 4416 2564 4486; x_wconf 81' lang='grc' dir='ltr'>γῆς</span> <span class='ocrx_word' id='word_1_739' title='bbox 2602 4415 2782 4486; x_wconf 88' lang='grc' dir='ltr'>σάρκα</span> <span class='ocrx_word' id='word_1_740' title='bbox 2810 4418 2931 4479; x_wconf 78' lang='grc' dir='ltr'>ταῖς</span> <span class='ocrx_word' id='word_1_741' title='bbox 2957 4416 3218 4471; x_wconf 88' lang='grc' dir='ltr'>ἀνωτάτω</span> <span class='ocrx_word' id='word_1_742' title='bbox 3251 4415 3430 4482; x_wconf 81' lang='grc' dir='ltr'>δόξαις</span> <span class='ocrx_word' id='word_1_743' title='bbox 3464 4414 3772 4484; x_wconf 75' lang='grc' dir='ltr'>στεφανοῦν</span> 
     </span>
    </p>
   </div>
   <div class='ocr_carea' id='block_1_100' title="bbox 2185 4507 3770 4580">
    <p class='ocr_par' dir='ltr' id='par_1_100' title="bbox 2185 4507 3770 4580">
     <span class='ocr_line' id='line_1_100' title="bbox 2185 4507 3770 4580; baseline 0 -18"><span class='ocrx_word' id='word_1_744' title='bbox 2185 4507 2635 4580; x_wconf 84' lang='grc' dir='ltr'>παραιτούμενοι,</span> <span class='ocrx_word' id='word_1_745' title='bbox 2665 4510 2729 4562; x_wconf 75' lang='grc' dir='ltr'>ἐκ</span> <span class='ocrx_word' id='word_1_746' title='bbox 2754 4509 2853 4578; x_wconf 75' lang='grc' dir='ltr'>τῆς</span> <span class='ocrx_word' id='word_1_747' title='bbox 2881 4510 3020 4577; x_wconf 78' lang='grc' dir='ltr'>ἀγαν</span> <span class='ocrx_word' id='word_1_748' title='bbox 3058 4509 3298 4579; x_wconf 85' lang='grc' dir='ltr'>ἀμαθίας</span> <span class='ocrx_word' id='word_1_749' title='bbox 3332 4508 3494 4580; x_wconf 88' lang='grc' dir='ltr'>νόθην</span> <span class='ocrx_word' id='word_1_750' title='bbox 3518 4507 3640 4563; x_wconf 75' lang='grc' dir='ltr'>τινὰ</span> <span class='ocrx_word' id='word_1_751' title='bbox 3672 4510 3770 4562; x_wconf 77' lang='grc' dir='ltr'>καὶ</span> 
     </span>
    </p>
   </div>
   <div class='ocr_carea' id='block_1_101' title="bbox 2189 4601 3768 4673">
    <p class='ocr_par' dir='ltr' id='par_1_101' title="bbox 2189 4601 3768 4673">
     <span class='ocr_line' id='line_1_101' title="bbox 2189 4601 3768 4673; baseline 0.001 -19"><span class='ocrx_word' id='word_1_752' title='bbox 2189 4603 2655 4673; x_wconf 78' lang='grc' dir='ltr'>παρεφθαρμένην</span> <span class='ocrx_word' id='word_1_753' title='bbox 2707 4601 2990 4665; x_wconf 86' lang='grc' dir='ltr'>νοσοῦντες</span> <span class='ocrx_word' id='word_1_754' title='bbox 3047 4601 3366 4666; x_wconf 74' lang='grc' dir='ltr'>εὐλάϐειαν,</span> <span class='ocrx_word' id='word_1_755' title='bbox 3416 4602 3768 4673; x_wconf 83' lang='grc' dir='ltr'>παρατετρά-</span> 
     </span>
    </p>
   </div>
   <div class='ocr_carea' id='block_1_102' title="bbox 2188 4692 3770 4764">
    <p class='ocr_par' dir='ltr' id='par_1_102' title="bbox 2188 4692 3770 4764">
     <span class='ocr_line' id='line_1_102' title="bbox 2188 4692 3770 4764; baseline -0.001 -19"><span class='ocrx_word' id='word_1_756' title='bbox 2188 4692 2322 4762; x_wconf 72' lang='grc' dir='ltr'>φθαι</span> <span class='ocrx_word' id='word_1_757' title='bbox 2387 4693 2522 4763; x_wconf 71' lang='grc' dir='ltr'>φασὶ</span> <span class='ocrx_word' id='word_1_758' title='bbox 2577 4693 2669 4746; x_wconf 72' lang='grc' dir='ltr'><strong>τὸν</strong></span> <span class='ocrx_word' id='word_1_759' title='bbox 2712 4694 2776 4746; x_wconf 83' lang='grc' dir='ltr'>ὲκ</span> <span class='ocrx_word' id='word_1_760' title='bbox 2845 4692 2980 4747; x_wconf 86' lang='grc' dir='ltr'>Θεοῦ</span> <span class='ocrx_word' id='word_1_761' title='bbox 3015 4693 3225 4764; x_wconf 76' lang='grc' dir='ltr'>[ἰατρὸς</span> <span class='ocrx_word' id='word_1_762' title='bbox 3260 4693 3433 4762; x_wconf 80' lang='grc' dir='ltr'>φύντα</span> <span class='ocrx_word' id='word_1_763' title='bbox 3474 4692 3649 4760; x_wconf 82' lang='grc' dir='ltr'>Λόγον</span> <span class='ocrx_word' id='word_1_764' title='bbox 3683 4693 3770 4754; x_wconf 87' lang='grc' dir='ltr'><strong>εἰς</strong></span> 
     </span>
    </p>
   </div>
   <div class='ocr_carea' id='block_1_103' title="bbox 2185 4778 3772 4853">
    <p class='ocr_par' dir='ltr' id='par_1_103' title="bbox 2185 4778 3772 4853">
     <span class='ocr_line' id='line_1_103' title="bbox 2185 4778 3772 4853; baseline -0.003 -18"><span class='ocrx_word' id='word_1_765' title='bbox 2185 4782 2389 4836; x_wconf 81' lang='grc' dir='ltr'>ὀστέων</span> <span class='ocrx_word' id='word_1_766' title='bbox 2435 4799 2496 4835; x_wconf 86' lang='grc' dir='ltr'><strong>τε</strong></span> <span class='ocrx_word' id='word_1_767' title='bbox 2548 4783 2642 4836; x_wconf 77' lang='grc' dir='ltr'>καὶ</span> <span class='ocrx_word' id='word_1_768' title='bbox 2681 4781 2888 4853; x_wconf 81' lang='grc' dir='ltr'>νεύρων</span> <span class='ocrx_word' id='word_1_769' title='bbox 2933 4781 3028 4834; x_wconf 78' lang='grc' dir='ltr'>καὶ</span> <span class='ocrx_word' id='word_1_770' title='bbox 3077 4780 3279 4852; x_wconf 75' lang='grc' dir='ltr'>σαρκὸς</span> <span class='ocrx_word' id='word_1_771' title='bbox 3337 4779 3520 4849; x_wconf 77' lang='grc' dir='ltr'>φύσιν,</span> <span class='ocrx_word' id='word_1_772' title='bbox 3564 4778 3663 4844; x_wconf 77' lang='grc' dir='ltr'><strong>τὴν</strong></span> <span class='ocrx_word' id='word_1_773' title='bbox 3699 4779 3772 4831; x_wconf 84' lang='grc' dir='ltr'>ὲκ</span> 
     </span>
    </p>
   </div>
   <div class='ocr_carea' id='block_1_104' title="bbox 2188 4869 3770 4944">
    <p class='ocr_par' dir='ltr' id='par_1_104' title="bbox 2188 4869 3770 4944">
     <span class='ocr_line' id='line_1_104' title="bbox 2188 4869 3770 4944; baseline -0.003 -18"><span class='ocrx_word' id='word_1_774' title='bbox 2188 4871 2468 4943; x_wconf 87' lang='grc' dir='ltr'>Παρθένου</span> <span class='ocrx_word' id='word_1_775' title='bbox 2499 4872 2754 4943; x_wconf 77' lang='grc' dir='ltr'>γέννησιν</span> <span class='ocrx_word' id='word_1_776' title='bbox 2781 4872 2873 4926; x_wconf 85' lang='grc' dir='ltr'><strong>τοῦ</strong></span> <span class='ocrx_word' id='word_1_777' title='bbox 2910 4871 3258 4944; x_wconf 73' lang='grc' dir='ltr'>Ἐμμανουὴλ</span> <span class='ocrx_word' id='word_1_778' title='bbox 3291 4872 3466 4925; x_wconf 80' lang='grc' dir='ltr'>πλατὺ</span> <span class='ocrx_word' id='word_1_779' title='bbox 3496 4869 3770 4940; x_wconf 83' lang='grc' dir='ltr'>γελῶντες</span> 
     </span>
    </p>
   </div>
   <div class='ocr_carea' id='block_1_105' title="bbox 2185 4961 3768 5036">
    <p class='ocr_par' dir='ltr' id='par_1_105' title="bbox 2185 4961 3768 5036">
     <span class='ocr_line' id='line_1_105' title="bbox 2185 4961 3768 5036; baseline 0 -21"><span class='ocrx_word' id='word_1_780' title='bbox 2185 4964 2232 5015; x_wconf 81' lang='grc' dir='ltr'>οἱ</span> <span class='ocrx_word' id='word_1_781' title='bbox 2279 4962 2529 5026; x_wconf 86' lang='grc' dir='ltr'>τάλανες,</span> <span class='ocrx_word' id='word_1_782' title='bbox 2563 4964 2658 5016; x_wconf 76' lang='grc' dir='ltr'>καὶ</span> <span class='ocrx_word' id='word_1_783' title='bbox 2686 4963 2746 5015; x_wconf 80' lang='grc' dir='ltr'>τὸ</span> <span class='ocrx_word' id='word_1_784' title='bbox 2776 4964 3024 5035; x_wconf 78' lang='grc' dir='ltr'>ἀπρεπὲς</span> <span class='ocrx_word' id='word_1_785' title='bbox 3062 4964 3508 5036; x_wconf 72' lang='grc' dir='ltr'>καταγράφοντες</span> <span class='ocrx_word' id='word_1_786' title='bbox 3544 4963 3641 5031; x_wconf 81' lang='grc' dir='ltr'>τῆς</span> <span class='ocrx_word' id='word_1_787' title='bbox 3669 4961 3768 5015; x_wconf 85' lang='grc' dir='ltr'>οῦ-</span> 
     </span>
    </p>
   </div>
   <div class='ocr_carea' id='block_1_106' title="bbox 2185 5051 3769 5124">
    <p class='ocr_par' dir='ltr' id='par_1_106' title="bbox 2185 5051 3769 5124">
     <span class='ocr_line' id='line_1_106' title="bbox 2185 5051 3769 5124; baseline 0.001 -19"><span class='ocrx_word' id='word_1_788' title='bbox 2185 5069 2290 5115; x_wconf 88' lang='grc' dir='ltr'><strong>τως</strong></span> <span class='ocrx_word' id='word_1_789' title='bbox 2325 5051 2558 5122; x_wconf 85' lang='grc' dir='ltr'>ἀρίστης</span> <span class='ocrx_word' id='word_1_790' title='bbox 2591 5055 2686 5105; x_wconf 77' lang='grc' dir='ltr'>καὶ</span> <span class='ocrx_word' id='word_1_791' title='bbox 2723 5053 3060 5124; x_wconf 85' lang='grc' dir='ltr'>θεοπρεποῦς</span> <span class='ocrx_word' id='word_1_792' title='bbox 3093 5054 3428 5124; x_wconf 80' lang='grc' dir='ltr'>οἰκονομίας.</span> <span class='ocrx_word' id='word_1_793' title='bbox 3467 5053 3530 5105; x_wconf 86' lang='grc' dir='ltr'><strong>Οἱ</strong></span> <span class='ocrx_word' id='word_1_794' title='bbox 3564 5052 3621 5105; x_wconf 81' lang='grc' dir='ltr'>δὲ</span> <span class='ocrx_word' id='word_1_795' title='bbox 3668 5054 3769 5106; x_wconf 69' lang='grc' dir='ltr'><strong>καὶ</strong></span> 
     </span>
    </p>
   </div>
   <div class='ocr_carea' id='block_1_107' title="bbox 2183 5138 3770 5216">
    <p class='ocr_par' dir='ltr' id='par_1_107' title="bbox 2183 5138 3770 5216">
     <span class='ocr_line' id='line_1_107' title="bbox 2183 5138 3770 5216; baseline 0.003 -24"><span class='ocrx_word' id='word_1_796' title='bbox 2183 5139 2412 5212; x_wconf 60' lang='grc' dir='ltr'>ὀψιγενῆ</span> <span class='ocrx_word' id='word_1_797' title='bbox 2458 5141 2549 5195; x_wconf 79' lang='grc' dir='ltr'><strong>τὸν</strong></span> <span class='ocrx_word' id='word_1_798' title='bbox 2599 5143 2868 5197; x_wconf 85' lang='grc' dir='ltr'>συναῖδιον</span> <span class='ocrx_word' id='word_1_799' title='bbox 2901 5142 2978 5215; x_wconf 82' lang='grc' dir='ltr'>τῷ</span> <span class='ocrx_word' id='word_1_800' title='bbox 3031 5144 3207 5216; x_wconf 73' lang='grc' dir='ltr'>Πατρὶ</span> <span class='ocrx_word' id='word_1_801' title='bbox 3242 5145 3372 5198; x_wconf 75' lang='grc' dir='ltr'>Θεὸν</span> <span class='ocrx_word' id='word_1_802' title='bbox 3407 5143 3579 5211; x_wconf 89' lang='grc' dir='ltr'>Λόγον</span> <span class='ocrx_word' id='word_1_803' title='bbox 3622 5138 3770 5198; x_wconf 79' lang='grc' dir='ltr'>εἶναι</span> 
     </span>
    </p>
   </div>
   <div class='ocr_carea' id='block_1_108' title="bbox 2186 5233 3769 5309">
    <p class='ocr_par' dir='ltr' id='par_1_108' title="bbox 2186 5233 3769 5309">
     <span class='ocr_line' id='line_1_108' title="bbox 2186 5233 3769 5309; baseline 0.001 -23"><span class='ocrx_word' id='word_1_804' title='bbox 2186 5233 2605 5302; x_wconf 83' lang='grc' dir='ltr'>πεπιστεύκασι,</span> <span class='ocrx_word' id='word_1_805' title='bbox 2635 5236 2726 5289; x_wconf 74' lang='grc' dir='ltr'>καὶ</span> <span class='ocrx_word' id='word_1_806' title='bbox 2749 5238 2827 5301; x_wconf 79' lang='grc' dir='ltr'>εἰς</span> <span class='ocrx_word' id='word_1_807' title='bbox 2853 5238 2912 5290; x_wconf 80' lang='grc' dir='ltr'>τὸ</span> <span class='ocrx_word' id='word_1_808' title='bbox 2942 5237 3092 5308; x_wconf 84' lang='grc' dir='ltr'>μόλις</span> <span class='ocrx_word' id='word_1_809' title='bbox 3116 5237 3357 5309; x_wconf 78' lang='grc' dir='ltr'>ὑπάρξαι</span> <span class='ocrx_word' id='word_1_810' title='bbox 3375 5236 3769 5307; x_wconf 82' lang='grc' dir='ltr'>διακεκλῆσθαι</span> 
     </span>
    </p>
   </div>
   <div class='ocr_carea' id='block_1_109' title="bbox 2184 5323 3767 5401">
    <p class='ocr_par' dir='ltr' id='par_1_109' title="bbox 2184 5323 3767 5401">
     <span class='ocr_line' id='line_1_109' title="bbox 2184 5323 3767 5401; baseline 0.003 -26"><span class='ocrx_word' id='word_1_811' title='bbox 2184 5323 2326 5388; x_wconf 83' lang='grc' dir='ltr'>τότε,</span> <span class='ocrx_word' id='word_1_812' title='bbox 2357 5325 2444 5378; x_wconf 85' lang='grc' dir='ltr'>ὅτε</span> <span class='ocrx_word' id='word_1_813' title='bbox 2480 5328 2572 5379; x_wconf 78' lang='grc' dir='ltr'>καὶ</span> <span class='ocrx_word' id='word_1_814' title='bbox 2603 5331 2701 5399; x_wconf 79' lang='grc' dir='ltr'>τῆς</span> <span class='ocrx_word' id='word_1_815' title='bbox 2730 5328 2872 5382; x_wconf 79' lang='grc' dir='ltr'>κατὰ</span> <span class='ocrx_word' id='word_1_816' title='bbox 2914 5330 3092 5399; x_wconf 86' lang='grc' dir='ltr'>σάρκα</span> <span class='ocrx_word' id='word_1_817' title='bbox 3136 5331 3444 5401; x_wconf 81' lang='grc' dir='ltr'>γεννήσεως</span> <span class='ocrx_word' id='word_1_818' title='bbox 3475 5329 3636 5398; x_wconf 75' lang='grc' dir='ltr'>ἔλαχε</span> <span class='ocrx_word' id='word_1_819' title='bbox 3663 5328 3767 5398; x_wconf 81' lang='grc' dir='ltr'>τὴν</span> 
     </span>
    </p>
   </div>
   <div class='ocr_carea' id='block_1_110' title="bbox 2183 5414 3766 5491">
    <p class='ocr_par' dir='ltr' id='par_1_110' title="bbox 2183 5414 3766 5491">
     <span class='ocr_line' id='line_1_110' title="bbox 2183 5414 3766 5491; baseline 0.004 -25"><span class='ocrx_word' id='word_1_820' title='bbox 2183 5414 2380 5486; x_wconf 74' lang='grc' dir='ltr'>ἀρχήν.</span> <span class='ocrx_word' id='word_1_821' title='bbox 2418 5417 2539 5471; x_wconf 80' lang='grc' dir='ltr'>Εἰσὶ</span> <span class='ocrx_word' id='word_1_822' title='bbox 2578 5417 2634 5471; x_wconf 84' lang='grc' dir='ltr'>δὲ</span> <span class='ocrx_word' id='word_1_823' title='bbox 2672 5421 2720 5472; x_wconf 85' lang='lat' dir='ltr'><strong>ol</strong></span> <span class='ocrx_word' id='word_1_824' title='bbox 2759 5419 2852 5473; x_wconf 70' lang='grc' dir='ltr'>καὶ</span> <span class='ocrx_word' id='word_1_825' title='bbox 2890 5420 3026 5491; x_wconf 76' lang='grc' dir='ltr'>πρὸς</span> <span class='ocrx_word' id='word_1_826' title='bbox 3051 5420 3210 5474; x_wconf 87' lang='grc' dir='ltr'>τοῦτο</span> <span class='ocrx_word' id='word_1_827' title='bbox 3253 5421 3450 5490; x_wconf 86' lang='grc' dir='ltr'>μανίας</span> <span class='ocrx_word' id='word_1_828' title='bbox 3482 5418 3766 5483; x_wconf 74' lang='grc' dir='ltr'>δυσσεϐῶς</span> 
     </span>
    </p>
   </div>
   <div class='ocr_carea' id='block_1_111' title="bbox 2280 5569 3607 5640">
    <p class='ocr_par' dir='ltr' id='par_1_111' title="bbox 2280 5569 3607 5640">
     <span class='ocr_line' id='line_1_111' title="bbox 2280 5569 3607 5640; baseline 0.005 -16"><span class='ocrx_word' id='word_1_829' title='bbox 2280 5569 2322 5599; x_wconf 85' lang='grc'><strong>¹⁰</strong></span> <span class='ocrx_word' id='word_1_830' title='bbox 2346 5570 2473 5625; x_wconf 90' lang='lat' dir='ltr'><strong>ibid.</strong></span> <span class='ocrx_word' id='word_1_831' title='bbox 2509 5572 2562 5625; x_wconf 77' lang='lat'><strong>5.</strong></span> <span class='ocrx_word' id='word_1_832' title='bbox 2643 5572 2682 5603; x_wconf 85' lang='lat'><strong>&quot;</strong></span> <span class='ocrx_word' id='word_1_833' title='bbox 2708 5571 2850 5626; x_wconf 76' lang='lat' dir='ltr'><strong>Psal.</strong></span> <span class='ocrx_word' id='word_1_834' title='bbox 2887 5589 2994 5640; x_wconf 78' lang='grc' dir='ltr'><strong>ων,</strong></span> <span class='ocrx_word' id='word_1_835' title='bbox 3034 5573 3118 5630; x_wconf 80' lang='grc'><strong>16.</strong></span> <span class='ocrx_word' id='word_1_836' title='bbox 3201 5572 3282 5628; x_wconf 80' lang='lat' dir='ltr'><strong>&quot;l</strong></span> <span class='ocrx_word' id='word_1_837' title='bbox 3313 5572 3454 5630; x_wconf 85' lang='lat' dir='ltr'><strong>Tim.</strong></span> <span class='ocrx_word' id='word_1_838' title='bbox 3485 5589 3522 5639; x_wconf 83' lang='grc' dir='ltr'><strong>ι,</strong></span> <span class='ocrx_word' id='word_1_839' title='bbox 3554 5575 3607 5630; x_wconf 89' lang='grc'><strong>7.</strong></span> 
     </span>
    </p>
   </div>
   <div class='ocr_carea' id='block_1_112' title="bbox 1607 5695 2680 5768">
    <p class='ocr_par' dir='ltr' id='par_1_112' title="bbox 1607 5695 2680 5768">
     <span class='ocr_line' id='line_1_112' title="bbox 1607 5695 2680 5768; baseline 0.006 -21"><span class='ocrx_word' id='word_1_840' title='bbox 1607 5695 1775 5750; x_wconf 71' lang='lat' dir='ltr'><strong>\‘arize</strong></span> <span class='ocrx_word' id='word_1_841' title='bbox 1810 5695 2067 5754; x_wconf 86' lang='lat' dir='ltr'><strong>lectiones</strong></span> <span class='ocrx_word' id='word_1_842' title='bbox 2095 5698 2298 5754; x_wconf 62' lang='lat' dir='ltr'><strong>codicis</strong></span> <span class='ocrx_word' id='word_1_843' title='bbox 2327 5697 2680 5768; x_wconf 74' lang='lat' dir='ltr'><strong>Seguict&#39;iani.</strong></span> 
     </span>
    </p>
   </div>
   <div class='ocr_carea' id='block_1_113' title="bbox 585 5826 2085 5902">
    <p class='ocr_par' dir='ltr' id='par_1_113' title="bbox 585 5826 2085 5902">
     <span class='ocr_line' id='line_1_113' title="bbox 585 5826 2085 5902; baseline 0.004 -22"><span class='ocrx_word' id='word_1_844' title='bbox 585 5829 600 5870; x_wconf 77' lang='grc' dir='ltr'><strong>ί</strong></span> <span class='ocrx_word' id='word_1_845' title='bbox 637 5829 864 5894; x_wconf 70' lang='grc' dir='ltr'>λέγοιτο.</span> <span class='ocrx_word' id='word_1_846' title='bbox 944 5843 967 5879; x_wconf 76' lang='grc' dir='ltr'>ι</span> <span class='ocrx_word' id='word_1_847' title='bbox 996 5829 1564 5902; x_wconf 76' lang='grc' dir='ltr'>κεχρησμοδοτημένα.</span> <span class='ocrx_word' id='word_1_848' title='bbox 1642 5826 1669 5865; x_wconf 73' lang='grc'><strong>1³</strong></span> <span class='ocrx_word' id='word_1_849' title='bbox 1700 5830 2085 5900; x_wconf 82' lang='grc' dir='ltr'>σκηπτόμενοι.</span> 
     </span>
    </p>
   </div>
  </div>
