4060 6422
329 428 461 483 li“

1291 430 1380 485 DE
1421 431 1648 486 liECTA
1693 431 1871 494 FIDE,
1915 431 2005 483 Al)
2047 430 2496 489 TllEODOSlUM
2537 433 2677 492 lMP.

3460 437 3594 489 ιιιε

332 543 582 614 ἠγμένοι,
613 544 752 599 ὥστε
791 552 886 601 καὶ
933 549 1305 602 ἀνυπόστατον
1339 550 1432 600 τὸν
1474 550 1539 602 ὲκ
1573 549 1707 601 Θεοῦ
1759 567 1921 617 φασιν

2028 551 2201 603 titiam
2249 561 2301 604 et
2333 552 2666 620 impietatem
2702 550 2938 622 prolapsi
2967 560 3118 618 sunt,
3147 560 3204 607 ut
3233 553 3327 607 Dei
3361 554 3594 608 Verbum

325 631 470 688 εἶναι
498 637 692 704 Λόγον,
721 638 874 708 ῥῆμα
900 639 955 692 δὲ
991 640 1178 703 ἁπλῶς
1207 641 1268 692 τὸ
1299 640 1440 694 κατά
1483 641 1653 709 μόνην
1685 640 1910 709 νοούμε-

327 741 421 778 νον
459 727 742 797 προφορὰν
775 731 834 781 ὲν
860 729 1134 801 ἀνθρώπῳ
1181 729 1458 798 γενέσθαι.
1507 730 1825 801 Μάρκελλος
1857 731 1912 783 δὲ

325 809 476 870 οὗτοι
511 820 605 871 καὶ
641 819 924 884 Φωτεινός.
955 823 1114 874 Δοκεῖ
1144 839 1207 890 γε
1239 822 1346 894 μὴν
1376 822 1471 874 καὶ
1500 821 1708 892 ἑτέροις
1758 823 1913 874 ἐναν-

325 906 620 976 θρωπῆσαι
658 909 758 978 μὲν
806 910 1021 980 ἀληθῶς
1047 913 1138 966 τὸν
1169 913 1479 984 Μονογενῆ,
1513 913 1608 966 καὶ
1650 913 1710 966 ὲν
1750 913 1916 984 σαρκὶ

325 998 582 1066 γενέσθαι
628 1001 922 1068 πιστεύειν,
958 1005 1032 1074 μὴ
1068 1003 1173 1075 μὴν
1199 1004 1279 1058 ἐτι
1316 1006 1409 1058 καὶ
1437 1005 1794 1074 ἐμψυχῶσθαι
1821 1022 1912 1058 τε-

322 1089 490 1153 λείως
531 1091 630 1158 τήν
675 1093 1080 1162 ἀναληφθεῖσαν
1121 1094 1302 1164 σάρκα
1344 1095 1491 1167 ψυχῇ
1534 1097 1762 1168 λογικῇ,
1817 1097 1914 1150 καὶ

323 1179 455 1231 νοῦν
487 1180 687 1254 ἐχούσῃ
715 1183 806 1236 τὸν
841 1183 962 1236 καθ’
1001 1185 1147 1255 ἡμᾶς
1167 1201 1184 1219 ο
1215 1189 1294 1250 είς
1329 1187 1556 1257 ἑνότητα
1601 1187 1659 1240 δὲ
1691 1188 1792 1258 τὴν
1833 1190 1914 1252 είς

322 1273 497 1340 ἅπαν,
531 1273 722 1346 ὥσπερ
751 1271 845 1330 οὖν
875 1278 1096 1346 οἴονται,
1129 1281 1598 1348 κατασφίγγοντες
1623 1283 1716 1336 τόν
1755 1299 1815 1335 τε
1849 1283 1916 1336 ὲκ

323 1363 466 1417 Θεοῦ
505 1367 700 1434 Λόγον,
729 1369 823 1421 καὶ
857 1371 951 1422 τὸν
991 1371 1056 1423 ἐκ
1103 1373 1203 1441 τῆς
1252 1373 1415 1441 ἁγίας
1446 1373 1727 1445 Παρθένου
1763 1375 1914 1440 ναὸν,

322 1459 653 1528 κατοικῆσαι
685 1477 849 1529 φασιν
877 1463 935 1515 ὲν
968 1463 1116 1536 αύτῷ
1141 1465 1232 1519 τὸν
1263 1467 1437 1534 Λόγον
1459 1483 1472 1496 ·
1512 1467 1609 1520 καὶ
1653 1469 1783 1522 ἴδιον
1815 1469 1914 1537 μὲν

321 1551 664 1620 ποιήσασθαι
705 1552 767 1606 τὸ
801 1553 960 1624 σῶμα
999 1555 1062 1608 τὸ
1091 1557 1418 1628 ἀναληφθὲν,
1445 1557 1625 1628 ψυχῆς
1658 1558 1716 1611 δὲ
1752 1558 1916 1612 αὑτὸν

319 1642 426 1710 τῆς
473 1642 698 1713 λογικῆς
737 1662 798 1698 τε
839 1646 934 1699 καὶ
977 1649 1170 1718 νοερᾶς
1207 1649 1558 1722 ἀναπληροῦν
1590 1650 1682 1704 τὸν
1724 1651 1911 1706 τόπον.

322 1733 548 1804 ’Έτεροι
597 1734 642 1787 δ’
682 1729 748 1789 αὖ
787 1737 1155 1806 πρεσϐεύουσι
1206 1739 1306 1809 μὲν
1345 1743 1466 1804 ταῖς
1494 1741 1701 1795 τούτων
1735 1741 1916 1806 δόξαις

319 1822 396 1876 τὰ
442 1825 693 1890 ἐναντία,
739 1829 835 1880 καὶ
868 1828 1250 1900 ἀντιφέρονται
1295 1835 1408 1896 τοῖς
1445 1834 1808 1904 φρονήμασιν,
1849 1833 1914 1888 ἐκ

321 1933 383 1968 τε
419 1916 554 1970 Θεοῦ
583 1918 756 1986 Λόγου
793 1921 887 1972 καὶ
913 1920 1092 1993 ψυχῆς
1121 1923 1221 1992 τῆς
1253 1923 1479 1993 λογικῆς
1511 1925 1605 1978 καὶ
1639 1925 1911 1994 σώματος,

319 2007 450 2076 ἦτοι
496 2008 712 2072 τελείας
763 2011 950 2076 ἀπλῶς
986 2013 1430 2085 ἀνθρωπότητος,
1479 2018 1803 2070 συνεστάναι
1853 2035 1913 2071 τε

323 2099 425 2151 καὶ
451 2100 861 2172 ἀναπεπλέχθαι
887 2105 1361 2177 διαϐεϐαιούμενοι
1387 2108 1480 2162 τὸν
1523 2109 1876 2180 Ἐμμανουήλ
1896 2126 1910 2140 ·

321 2189 387 2242 ού
427 2190 534 2259 μὴν
579 2191 659 2244 ἔτι
700 2193 796 2245 καὶ
844 2195 974 2261 ὑγιᾶ
1017 2196 1113 2248 καὶ
1157 2196 1460 2268 ἀμώμητον
1494 2200 1777 2264 παντελῶς
1815 2201 1915 2270 τὴν

321 2282 414 2335 ἐπ’
455 2282 602 2350 αύτῷ
648 2287 982 2356 τετηρήκασι
1014 2287 1193 2352 δόξαν.
1245 2290 1646 2344 Καταδιιστᾶσι
1678 2291 1789 2363 γὰρ
1835 2292 1916 2355 εἰς

322 2372 422 2426 δύο
475 2375 566 2427 τὸν
618 2376 714 2428 ἕνα
763 2378 1022 2447 Χριστὸν,
1077 2381 1170 2433 καὶ
1220 2383 1454 2451 παχεῖαν
1493 2383 1684 2454 ὥσπερ
1731 2382 1919 2446 αὐτοῖς

325 2466 564 2531 ἐνιέντες
613 2467 709 2539 τὴν
755 2468 1039 2540 διατομὴν,
1085 2470 1188 2525 ἀνὰ
1226 2472 1388 2543 μέρος
1418 2473 1680 2544 ἑκάτερον
1728 2489 1920 2544 μονον-

321 2559 452 2628 ουχὶ
497 2560 592 2612 και)⁵
622 2561 837 2613 ἑστῶτα
869 2561 1390 2632 παραδεικνύουσιν·
1422 2562 1612 2634 ἕτερον
1643 2563 1743 2634 μὲν
1777 2560 1921 2618 εἶναι

322 2651 720 2721 διατεινόμενοι
749 2651 840 2704 τὸν
874 2653 938 2705 ὲκ
969 2651 1248 2722 Παρθένου
1287 2653 1550 2724 τεχθέντα
1578 2654 1800 2717 τελείως
1829 2655 1922 2708 ἀν-

327 2739 570 2811 θρωπον,
597 2741 782 2811 ἕτερον
812 2741 856 2792 δ’
880 2738 948 2794 αὖ
979 2743 1070 2794 τὸν
1096 2745 1160 2795 ὲκ
1188 2742 1325 2796 Θεοῦ
1343 2744 1563 2815 Πατρὸς
1582 2744 1759 2813 Λόγον
1780 2763 1791 2776 ·
1821 2746 1923 2814 οὐχ

330 2833 359 2884 ὅ
383 2832 435 2884 τί
466 2833 598 2886 ποτέ
626 2834 774 2886 ἐστιν
802 2834 836 2904 ἦ
869 2851 928 2886 τε
961 2833 1079 2886 τοῦο
1100 2833 1237 2888 Θεοῦ
1267 2833 1282 2872 ί
1316 2835 1498 2904 φύσις,
1531 2837 1627 2889 καὶ¹
1653 2838 1754 2908 τῆς
1789 2853 1922 2908 σαρ⁴

333 2930 449 2994 κὸς,
485 2931 872 3002 διακρίνοντες,
899 2932 1024 2986 οὐδὲ
1066 2935 1258 3004 μόναις
1296 2937 1417 2999 ταῖς
1442 2937 1523 2999 εἰς
1551 2935 1712 2990 τοῦτο
1739 2937 1923 3004 διαφο-

329 3024 459 3090 ραῖς
497 3022 898 3093 ἐμφιλοχωρεῦ
947 3022 1242 3088 ἐθέλοντες.
1277 3026 1412 3079 Οὐδὲ
1455 3025 1565 3096 γὰρ
1599 3026 1666 3080 ἂν
1713 3026 1922 3090 ἑννοίας

326 3115 430 3182 τῆς
466 3113 698 3184 ἀληθοῦς
731 3116 810 3178 είς
845 3114 1002 3170 τοῦτο
1039 3115 1362 3186 διήμαρτον,
1405 3117 1528 3170 ἐπεὶ
1575 3117 1651 3188 μὴ
1695 3117 1858 3187 φύσις
1884 3120 1918 3188 ἡ

2017 643 2438 712 anhypostnton,
2499 644 2600 698 hoc
2639 653 2742 707 est,
2795 645 2994 698 nullam
3035 643 3240 700 habens
3291 645 3593 701 subsisten—

2019 733 2145 789 tiam
2188 735 2582 805 (cnjuscemodi
2622 735 2751 790 illud
2789 744 2891 800 est,
2935 735 3075 803 quod
3119 745 3247 790 tunc
3285 737 3460 791 solum
3513 744 3598 792 est

2016 835 2071 880 et
2105 825 2443 896 intelligitur,
2482 826 2607 880 dum
2637 840 2732 880 ore
2762 824 3077 894 profertur),
3123 826 3304 882 dicere
3333 825 3592 890 audeant,

2021 919 2234 986 taleque
2269 918 2502 973 Verbum
2547 918 2600 971 in
2646 917 2864 971 homine
2903 915 3104 970 factum
3145 917 3496 971 contendunt.
3529 915 3594 970 lli

2017 1025 2144 1068 vero
2170 1019 2298 1066 sunt
2324 1008 2610 1064 Marcellus
2637 1019 2692 1062 et
2723 1007 3003 1062 Photinus.
3035 1007 3455 1076 Comperiuntur
3505 1007 3596 1060 alii

2017 1102 2133 1171 qui,
2164 1101 2265 1157 etsi
2294 1101 2626 1170 unigenitum
2661 1100 2752 1155 Dei
2785 1099 3016 1156 Verbum
3048 1115 3174 1154 vere
3218 1100 3490 1152 hominem
3521 1097 3599 1150 ia-

2017 1201 2162 1247 ctum
2194 1203 2250 1246 et
2283 1191 2625 1246 incarnatum
2657 1206 2760 1246 non
2792 1200 3012 1259 negent,
3073 1191 3252 1244 induci
3290 1200 3470 1244 tamen
3505 1203 3600 1243 ne-

2017 1293 2242 1354 queunt,
2273 1290 2332 1337 ut
2354 1287 2596 1345 carnem,
2624 1297 2786 1353 quant
2823 1282 3136 1351 assumpsit,
3167 1282 3350 1336 anima
3387 1281 3599 1336 ratione

2014 1383 2071 1429 et
2116 1383 2296 1428 mente
2317 1383 2512 1428 nostra:
2558 1373 2718 1427 simili
2764 1374 2985 1442 praedita
3045 1372 3338 1442 perfectam
3389 1371 3600 1424 anima-

2018 1475 2239 1535 tamque
2294 1465 2460 1522 fuisse
2501 1465 2748 1521 credant.
2803 1465 3014 1520 Etenim
3070 1463 3304 1520 Verbum
3347 1462 3490 1532 quod
3529 1476 3599 1516 ex

2015 1558 2195 1622 Patre,
2225 1567 2278 1612 et
2310 1557 2567 1626 templum
2596 1556 2741 1627 quod
2765 1571 2829 1613 ex
2861 1571 3021 1612 sacra
3043 1555 3263 1625 Virgine
3283 1564 3464 1610 ortum
3489 1561 3598 1618 est,

2016 1649 2072 1704 in
2104 1665 2264 1705 unam
2297 1649 2590 1718 perfectam
2627 1649 2892 1704 unitatem
2916 1649 3325 1713 contrahentes,
3358 1644 3599 1702 Verbum

2017 1739 2071 1796 in
2103 1741 2192 1796 illo
2241 1740 2591 1805 inhabitasse,
2637 1755 2945 1809 corpusque
2989 1747 3329 1808 assumptum
3361 1736 3426 1791 ad
3473 1750 3601 1790 eum

2018 1835 2237 1888 modum
2259 1833 2361 1888 sibi
2385 1833 2661 1903 proprium
2687 1831 2934 1888 etl'ecisse
2956 1830 3296 1899 conﬁngunt,
3325 1837 3385 1882 ut
3407 1827 3602 1881 animae

2016 1926 2226 1982 ratione
2284 1925 2485 1982 utentis
2552 1925 2729 1980 locum
2778 1938 2872 1992 per
2927 1937 2987 1978 se
3039 1923 3212 1992 ipsum
3262 1917 3590 1989 expleverit.

2017 2017 2156 2071 Sunt
2193 2017 2428 2086 denique
2490 2017 2606 2086 qui,
2657 2016 2849 2072 horum
2909 2013 3150 2068 omnium
3197 2009 3599 2081 opinationibus

2017 2110 2364 2164 adversantes
2393 2106 2786 2177 sententiisque
2815 2105 3173 2175 refragantes,
3192 2117 3260 2158 ex
3281 2099 3377 2155 Dei
3396 2099 3598 2166 Verbo,

2019 2199 2308 2267 animaque
2347 2197 2701 2268 intelligente,
2736 2207 2791 2252 et
2819 2210 3067 2267 corpore,
3102 2196 3206 2249 hoc
3231 2203 3336 2262 est,
3365 2193 3599 2247 humana

2019 2300 2208 2344 natura
2241 2289 2481 2344 numeris
2507 2288 2760 2344 omnibus
2785 2288 3020 2357 perfecta
3063 2285 3439 2355 absolutaque,
3471 2283 3600 2338 Em-

2023 2381 2323 2435 manuelem
2373 2379 2728 2435 constitutum
2772 2378 3240 2449 compositumque
3285 2383 3599 2432 constanter

2022 2471 2326 2539 aﬂirment;
2384 2462 2577 2541 neque”
2613 2471 2794 2528 adhuc
2871 2479 3050 2524 tamen
3127 2483 3316 2522 sanam
3376 2481 3601 2536 prorsus

2020 2565 2308 2632 omnisque
2338 2563 2455 2617 vitii
2484 2573 2763 2631 expertem
2794 2561 3124 2618 sententiam
3154 2569 3390 2616 tuentur.
3417 2557 3602 2624 Quan-

2022 2657 2312 2727 doquidem
2358 2672 2524 2712 unum
2558 2655 2835 2710 Christum
2884 2655 2939 2710 in
2989 2653 3125 2708 duos
3181 2661 3492 2715 secernunt,
3525 2662 3602 2718 et,

2023 2764 2210 2806 crassa
2257 2749 2489 2818 quadam
2537 2748 2880 2816 separatione
2903 2746 3046 2802 inter
3078 2745 3220 2798 hunc
3251 2752 3307 2798 et
3340 2743 3488 2797 illum
3521 2743 3604 2796 in-

2024 2841 2204 2902 ducta,
2266 2848 2556 2908 utrumque
2599 2853 2846 2893 seorsum
2900 2851 2964 2891 ac
3007 2835 3165 2905 quasi
3211 2849 3304 2903 per
3348 2849 3409 2889 se
3455 2841 3603 2888 stare

2023 2928 2358 2984 contendunt
2389 2943 2404 2979 :
2440 2937 2495 2982 et
2521 2928 2747 2982 alterum
2783 2926 3024 2994 quidem,
3061 2939 3183 2978 eum
3215 2924 3469 2976 nimirum
3507 2921 3600 2990 qui

2023 3036 2090 3078 ex
2126 3020 2348 3089 Virgine
2373 3029 2532 3073 natus
2561 3029 2664 3082 est,
2697 3016 2997 3088 perfectum
3029 3014 3335 3076 hominem;
3365 3012 3596 3066 alterum

2025 3126 2240 3167 rursum
2275 3110 2449 3178 ipsum
2482 3108 2576 3162 Dei
2603 3106 2783 3162 Patris
2815 3105 3052 3161 Verbum
3090 3119 3210 3160 esse
3234 3103 3452 3167 dicunt;
3492 3115 3599 3155 non

322 3205 468 3276 αὐτὴ
505 3206 708 3276 σαρκός
733 3224 795 3260 τε
821 3210 918 3261 καὶ
945 3208 1219 3280 θεότητος.
1261 3209 1423 3264 ’Λλλά
1452 3211 1544 3263 τὸν
1581 3211 1680 3281 μὲν
1712 3213 1788 3274 ὠς
1826 3211 1920 3266 ἀνο

2025 3203 2155 3274 qnid
2197 3203 2338 3256 inter
2386 3199 2481 3254 Dei
2537 3211 2594 3254 et
2637 3200 2822 3254 carnis
2869 3210 3115 3253 naturam
3159 3195 3372 3249 intersit
3411 3191 3601 3247 distin-

325 3298 548 3368 θρωπον
579 3297 684 3370 ίδίᾳ
711 3297 952 3360 τιθέντες
975 3301 1070 3354 καὶ
1100 3299 1205 3354 ἀνὰ
1234 3301 1422 3371 μέρος,
1453 3301 1544 3356 τὸν
1573 3303 1652 3368 δὲ,
1685 3303 1762 3367 ὡς
1785 3303 1918 3358 Θεὸν

324 3387 492 3456 φύσει
540 3407 600 3440 τε
647 3390 742 3442 καὶ
789 3390 1008 3459 ἀληθῶς
1053 3391 1412 3461 ὀνομάζουσι,
1451 3394 1631 3448 καίτοι
1669 3394 1920 3459 θέλοντες

325 3477 469 3534 εἶναι
500 3481 836 3552 Χριστιανοί.
861 3483 971 3535 Καὶ
999 3481 1064 3552 δὴ
1097 3485 1188 3537 καὶ
1208 3483 1418 3552 ).ογίδια
1451 3485 1589 3539 ἀττα
1626 3488 1755 3557 περὶ
1795 3489 1922 3540 τού-

327 3591 438 3627 των
471 3574 910 3643 συγγράφοντες,
949 3575 1126 3626 είπείν
1153 3575 1557 3646 τετολμήκασιν
1601 3577 1794 3639 αὐταῖς
1835 3577 1922 3630 λέ-

329 3666 479 3729 ξεσιν
506 3659 639 3718 ὧδε·
695 3664 753 3718 '0
787 3666 886 3735 μὲν
919 3665 1028 3737 γὰρ
1057 3665 1216 3734 φύσει
1256 3667 1351 3721 καὶ
1381 3667 1597 3736 ἀληθῶς
1634 3668 1759 3728 Υἱὸς
1789 3669 1818 3720 ὁ
1858 3669 1923 3722 ὲκ

323 3755 466 3809 Θεοῦ
502 3754 718 3825 Πατρδς
759 3755 930 3823 Λόγος
979 3755 1148 3820 ἐστὶν,
1181 3758 1210 3810 ὁ
1245 3757 1322 3821 δὲ,
1361 3757 1669 3828 ὁμωνύμως
1695 3757 1775 3828 τῷ
1807 3757 1923 3831 Υἱῷ

327 3851 481 3912 Υἱός.
512 3851 621 3903 Καὶ
656 3849 774 3920 μεθ’
802 3849 964 3919 ἕτερα
995 3849 1186 3904 πάλιν·
1210 3848 1356 3920 Σάρξ
1385 3850 1414 3901 ό
1440 3849 1536 3902 τοῦ
1561 3849 1700 3903 Θεοῦ
1725 3851 1921 3919 Λόγος,

327 3942 470 3994 ἀλλά
511 3940 799 4010 ἄνθρωπον
845 3940 1176 4010 ἀνειληφώς.
1227 3940 1284 3994 '0
1326 3941 1423 4010 μὲν
1453 3940 1564 4011 γὰρ
1610 3941 1924 4011 Μονογενὴς

330 4029 762 4103 προηγουμένως
801 4030 894 4082 καὶ
929 4029 1050 4083 καθ’
1082 4028 1298 4095 ἑαυτὸν,
1341 4029 1467 4092 Υἱὸς
1498 4027 1594 4081 τοῦ
1627 4028 1763 4081 Θεοῦ
1807 4031 1923 4081 ἐστι

327 4133 426 4187 τοῦ
460 4132 680 4187 πάντων
708 4130 1045 4202 δημιουργοῦ
1069 4144 1081 4157 ·
1114 4129 1173 4184 ὃν
1217 4128 1274 4184 δὲ
1302 4128 1564 4183 ἀνέλαϐεν
1612 4127 1921 4199 ἄνθρωπον,

326 4225 392 4278 οῦ
423 4224 583 4293 φύσει
611 4222 743 4285 Θεὸς
776 4221 872 4284 ὢν,
901 4221 988 4276 διὰ
1022 4221 1114 4275 τὸν
1146 4220 1489 4275 ἀναλαϐόντα
1515 4219 1682 4275 αὐτὸν
1705 4219 1925 4291 ἀληθῶς

331 4317 464 4368 Υἱόν
490 4314 648 4382 Θεοῦ,
673 4314 981 4385 ὁμωνύμως
1008 4313 1155 4383 αὐτῷ
1185 4312 1538 4385 χρηματίζει.
1559 4311 1635 4366 Th
1662 4311 1922 4383 μὲνγὰρ,

336 4428 355 4459 ι
386 4399 578 4469 Οὐδεὶς
606 4405 748 4475 ἔγνω
783 4406 875 4459 τὸν
907 4405 1052 4469 Υἱὸν,
1084 4407 1133 4457 εί
1168 4405 1243 4476 μὴ
1279 4407 1306 4458 ὁ
1346 4405 1561 4474 Πατὴρ,
1601 4422 1619 4454 ι
1646 4403 1737 4456 τὸν
1766 4403 1925 4472 φύσει

330 4502 542 4554 τέλειον
568 4497 664 4551 καὶ
695 4497 925 4570 ἀληθείᾳ
953 4496 1105 4566 δηλοῖ
1127 4497 1193 4549 ὲκ
1225 4493 1318 4549 τοῦ
1345 4495 1560 4565 Πατρδς
1586 4495 1736 4549 Υίόν.
1759 4495 1832 4548 Τὸ
1868 4494 1926 4550 δὲ

2023 3303 2270 3366 guentes,
2305 3307 2480 3362 neque
2503 3292 2644 3346 intra
2666 3289 2810 3345 solos
2833 3289 3252 3359 discrepantium
3285 3293 3600 3340 naturarum

2023 3387 2282 3442 terminos
2327 3386 2708 3441 consistentes.
2765 3381 2844 3435 ita
2914 3381 3060 3436 enim
3121 3396 3150 3433 a
3201 3378 3428 3433 veritate
3495 3389 3601 3428 non

2022 3474 2383 3529 aberrarent:
2433 3473 2536 3528 alia
2587 3473 2733 3528 enim
2787 3471 2993 3536 carnis,
3048 3469 3151 3524 alia
3204 3481 3393 3523 rursus
3442 3464 3603 3520 Verbi

2020 3573 2105 3619 est
2132 3572 2348 3618 natura.
2399 3563 2470 3618 Λι
2514 3562 2567 3617 hi
2597 3562 2828 3616 alterum
2871 3574 3118 3615 seorsum
3151 3572 3212 3612 ac
3244 3570 3341 3625 per
3366 3569 3450 3619 se,
3483 3562 3604 3608 tan-

2022 3673 2184 3726 quam
2225 3672 2432 3711 merum
2471 3655 2746 3711 hominem
2792 3662 3074 3718 statuunt;
3125 3649 3351 3705 alterum
3388 3661 3515 3703 vero
3547 3655 3603 3700 ut

2022 3763 2211 3803 verum
2264 3747 2675 3816 naturalemque
2715 3747 2881 3801 Deum
2933 3742 3254 3807 nominant,
3299 3754 3422 3796 cum
3469 3739 3608 3793 intc-
3703 3791 3712 3798 _

2024 3841 2128 3894 rim
2163 3850 2218 3893 et
2239 3839 2558 3895 Christiano.
2586 3837 2804 3891 nomine
2829 3833 2930 3889 sibi
2960 3831 3327 3894 blandiantur,
3355 3837 3411 3884 et
3440 3841 3606 3896 quos-

2023 3932 2148 3985 dam
2174 3945 2388 3999 quoque
2417 3929 2564 3984 hisce
2594 3928 2660 3983 de
2688 3927 2847 3982 rebus
2888 3924 3099 3978 libellos
3156 3920 3602 3988 conscripserint.

2024 4024 2106 4078 Ad
2153 4023 2376 4076 verbum
2429 4029 2609 4075 autem
2661 4019 2802 4073 hunc
2847 4017 2898 4071 in
2944 4015 3162 4068 modum
3207 4012 3446 4066 scribere
3487 4011 3604 4065 ausi

2024 4124 2198 4170 sunt:
2243 4113 2341 4168 llic
2377 4112 2644 4182 siquidem
2695 4111 2928 4178 (nempe
2980 4105 3072 4160 Dei
3124 4105 3298 4159 Patris
3327 4099 3604 4170 Verbum)

2027 4219 2190 4261 verus
2215 4213 2269 4260 et
2296 4201 2557 4258 naturalis
2577 4211 2658 4256 est
2685 4199 2854 4253 Filius
2885 4215 2898 4251 :
2934 4195 3022 4252 ille
3050 4210 3178 4250 vero
3204 4194 3353 4266 (puta
3369 4190 3608 4262 Virginis

2028 4296 2229 4367 natus)
2277 4294 2550 4364 acquivoce
2593 4291 2686 4346 Dei
2731 4288 2900 4344 Filius
2945 4287 3168 4342 dicitur.
3203 4284 3268 4341 Et
3298 4283 3455 4353 paulo
3487 4292 3610 4350 post

2028 4391 2268 4446 iterum:
2325 4388 2523 4456 Utique
2575 4384 2668 4440 Dei
2719 4382 2958 4438 Verbum
3006 4395 3111 4434 non
3160 4389 3243 4434 est
3283 4377 3465 4441 homo,
3513 4373 3610 4429 sed

2031 4481 2306 4538 hominem
2373 4475 2687 4545 assumpsit.
2763 4469 3210 4539 Quandoquidem
3289 4463 3610 4532 Unigenitus

330 4551 626 4662 λεγόμενον
670 4551 912 4644 ὐπδιτοῦ
959 4551 1215 4660 Γαϐριὴλ,
1254 4607 1272 4640 ι
1302 4587 1393 4660 Μὴ
1427 4551 1617 4657 φοϐοῦ,
1661 4588 1915 4659 Μαριάμο

2020 4574 2132 4643 jam
2171 4570 2296 4626 inde
2330 4569 2397 4624 ab
2426 4565 2580 4621 initio
2607 4579 2703 4634 per
2727 4575 2809 4627 se,
2837 4559 2928 4618 Dei
2947 4557 3186 4612 omnium
3204 4554 3414 4625 Opiﬁcis
3441 4551 3610 4605 Filius

336 4645 496 4755 εὗρες
524 4683 636 4755 γὰρ
667 4682 825 4754 χάριν
855 4681 1004 4750 παρὰ
1032 4645 1110 4749 τέ’)
1136 4645 1257 4752 Θεῷ
1277 4698 1291 4712 ·
1329 4645 1422 4734 κάκ
1441 4645 1563 4734 ’ἰδοὺ
1593 4645 1921 4751 ἑτυλλήέιῃίν

2032 4674 2116 4720 εει
2145 4683 2158 4718 :
2197 4663 2360 4717 homo
2393 4669 2596 4721 autem,
2619 4670 2780 4725 quem
2804 4652 3067 4722 suscepit,
3099 4664 3222 4705 cum
3246 4657 3441 4702 natura
3469 4645 3610 4699 Deus

335 4749 560 4842 γαστρὶ,
593 4749 701 4826 δὶαῖ
716 4749 846 4844 τέξῃ
887 4749 1022 4836 υἱίδν,
1056 4771 1152 4824 καὶ
1179 4749 1432 4834 καλέσεις
1462 4770 1522 4823 τὺ
1552 4770 1724 4840 ὄνομα
1750 4749 1921 4822 ίαύτοῦ

2036 4774 2141 4814 non
2175 4758 2265 4822 sit,
2311 4761 2530 4826 propter
2574 4752 2631 4823 6
2663 4764 2787 4805 eum
2821 4763 2851 4803 a
2885 4761 2992 4817 quo
3033 4751 3337 4812 assumptus
3383 4749 3486 4804 est,
3520 4753 3612 4806 qut

349 4829 586 4936 :lqcoﬁv'
613 4882 630 4914 ι
659 4863 735 4934 τῷ
771 4829 1047 4934 ἐξέθρώπῴ
1071 4862 1394 4933 ἐφαρμόζει.
1413 4829 1589 4914 ⁷’Λλλά
1615 4829 1774 4915 ταυτὶ
1805 4861 1921 4930 μὲν,

2037 4863 2196 4904 verus
2218 4847 2310 4902 Dei
2343 4845 2513 4899 Filius
2536 4851 2642 4908 est,
2673 4841 2866 4897 eodem
2892 4853 3014 4893 cum
3041 4838 3157 4905 ipso
3183 4833 3403 4936 nomine
3429 4829 3613 4933 appel-

336 4923 559 5011 ἐκεῖνοι.
582 4923 929 5026 Φρονήσομεν
952 4923 1062 5024 at};
1214 4923 1313 5023 «Ssx—
1333 4946 1456 5007 ὧδε.
1493 4923 1921 5024 ’Λναπείσειηγὰρ

2040 4941 2200 4995 Iatur.
2251 4939 2432 5005 Quare
2475 4937 2579 4991 hoc
2619 4931 2828 4989 Christi
2878 4929 3206 4986 oraculum:
3244 4944 3263 4978 ι
3295 4924 3466 4980 Nemo
3509 4923 3614 4977 scit

336 5047 593 5117 οὐδαμῶς
632 5017 756 5099 ’τῶν
782 5017 1108 5117 ἑτεροδόξων
1149 5046 1177 5098 ό
1211 5017 1403 5113 λόγος,
1436 5045 1660 5116 τροχιάν
1694 5017 1921 5113 ἀφέντας

2037 5033 2160 5104 quis
2189 5032 2260 5086 sit
2287 5029 2476 5094 Filius,
2519 5028 2622 5082 nisi
2658 5026 2818 5081 Pater
2857 5024 2920 5088 ",
2960 5041 2980 5076 ι
3008 5036 3199 5078 verum
3225 5029 3280 5075 et
3312 5017 3613 5074 naturalem

333 5139 438 5208 τὴν
465 5109 552 5188 ἐπ’
569 5138 784 5190 εὐθεῖαν
806 5135 820 5186 i
843 5179 855 5201 ,
878 5109 1187 5206 διατρέχειν
1206 5134 1230 5173 ι
1259 5109 1452 5205 ἑτέραν
1590 5133 1695 5200 ἔξω
1726 5109 1921 5187 σκοποῦ

2039 5128 2132 5183 Dei
2161 5126 2339 5180 Patris
2360 5125 2558 5180 Filium
2589 5121 2844 5177 ostendit.
2884 5120 2954 5174 At
2985 5118 3114 5173 illud
3145 5129 3276 5172 vero
3305 5131 3334 5168 a
3366 5109 3615 5208 Gabriele

339 5201 438 5284 καὶ
464 5228 923 5302 ὃιεστραμμένην.
1003 5201 1016 5206 1
1071 5201 1104 5206 Π
1352 5201 1363 5205 -
1528 5201 1537 5204 ν

2037 5217 2484 5290 pronuntiatum:
2530 5214 2651 5269 «Νε
2697 5215 2910 5278 timeas,
2958 5210 3144 5275 Maria,
3189 5203 3438 5262 invenisti
3465 5201 3610 5256 enim

341 5325 574 5395 gratiam
613 5327 753 5394 apud
796 5324 1002 5378 Deum:
1049 5331 1103 5377 et
1149 5337 1278 5377 ecce
1327 5319 1601 5389 concipies
1637 5319 1690 5372 in
1745 5328 1922 5380 utero.
1962 5323 2018 5370 et
2045 5315 2228 5385 paries
2291 5311 2459 5366 lilium
2506 5318 2561 5366 et
2641 5308 2860 5364 vocabis
2892 5320 3087 5361 nomen
3119 5303 3236 5372 ejus
3263 5298 3446 5354 Jesum
3481 5296 3545 5395 “-,
3588 5314 3606 5346 ι

430 5387 704 5468 hominem
734 5413 984 5483 quadrat.
1017 5412 1082 5468 Et
1128 5413 1242 5468 hare
1297 5411 1370 5466 illi
1403 5387 1684 5464 hactenus.
1718 5407 1826 5461 Nos
1851 5413 2031 5463 autem
2096 5404 2212 5476 ejus
2277 5403 2562 5458 sententia:
2613 5413 2951 5472 nequaquam
2993 5407 3200 5451 sumus.
3259 5387 3610 5452 Absitenim,

438 5566 482 5598 ⁸³
506 5564 638 5620 Luc.
673 5581 726 5629 π,
761 5565 854 5619 22.
955 5565 997 5597 ⁸⁵
1021 5564 1152 5620 Luc.
1189 5581 1225 5631 ι,
1264 5565 1353 5619 30.

1428 5674 1598 5730 Varia:
1624 5673 1882 5728 lectiones
1907 5669 2113 5724 codicis
2158 5667 2515 5739 Seguieriani.

402 5835 441 5888 _|
479 5821 515 5893 ἤ
545 5837 603 5873 τε
640 5820 730 5876 τοῦ
761 5821 934 5890 Λόγου
967 5819 1146 5891 φύσις,
1234 5819 1244 5870 i
1290 5819 1379 5872 ἐπ’
1415 5819 1563 5874 εὐθύ.
1645 5819 1666 5859 ιι
1697 5815 2045 5885 διαστείχειν.
