4060 6492
380 472 521 527 1145

1339 471 1424 524 DE
1463 470 1688 527 RECTA
1731 469 1908 534 FIDE,
1956 469 2046 523 AD
2086 471 2538 529 THEODOSIUM
2577 470 2716 529 IMP.

3496 481 3634 535 Hl6

379 587 566 653 μένοις
593 582 880 654 βοηθῆσαι.
906 585 1040 638 Οὖδέ
1067 585 1174 656 γὰρ
1204 585 1267 638 ἄν
1296 603 1346 639 τι
1371 588 1534 640 πάθοι
1568 587 1714 650 σκιὲι,
1742 587 1937 655 allevat

2052 598 2225 658 potest
2257 590 2325 645 iis
2357 591 2447 660 qui
2477 597 2754 644 tentantur
2778 588 3130 670 opent_l‘erre.
3168 590 3454 662 Siquidem
3486 597 3631 652 nulla

374 675 442 744 δὴ
478 671 573 727 οὖν
605 674 665 726 τὺ
697 673 918 744 σύμπαν
954 678 1084 745 ἡμῖν
1115 677 1195 740 εἰς
1223 677 1283 730 τὸ
1314 678 1480 748 μηδὲν
1526 678 1761 749 ἀληθῶς.
1795 678 1954 731 Ποῖον

371 768 486 838 γὰρ
523 765 602 819 ἐτι
651 765 819 819 νῶτον
866 766 1096 820 δέδωκεν
1139 770 1279 840 ὑπὲρ
1313 770 1501 840 ἡμῶν;
1557 773 1590 842 ἢ
1636 772 1794 826 ποίαν
1841 775 1954 832 τοῖς

373 859 601 912 παίουσι
635 859 870 929 παρειὰν
905 860 1283 930 ὑποστρώσας,
1319 863 1455 933 πρὸς
1481 864 1580 929 τὰς
1607 865 1670 917 ἐκ
1691 864 1794 918 τῶν
1829 865 1956 918 ’1ου-

371 949 542 1001 δαίων
579 950 923 1020 διεκαρτέρει
971 951 1218 1022 πληγὰς;
1278 953 1430 1022 ἥλοις
1475 955 1531 1008 δέ
1582 955 1952 1026 διαπεπάρθαι

371 1041 566 1111 χεῖράς
592 1059 652 1094 τε
683 1042 778 1094 καὶ
808 1042 975 1105 πόδας
992 1043 1082 1094 τὸν
1112 1044 1210 1096 οὐκ
1232 1046 1290 1096 ἐν
1315 1047 1478 1114 σαρκὶ
1505 1047 1805 1115 πεφηνότα,
1831 1047 1953 1098 τίνα

373 1131 441 1201 δὴ
468 1132 670 1203 τρόπον
698 1133 904 1204 οἰηθείη
935 1152 1016 1197 τις
1046 1135 1144 1200 άν;
1197 1135 1229 1205 ἢ
1265 1136 1444 1200 ποίαν,
1477 1137 1598 1191 εἰπέ
1636 1155 1750 1207 μοι,
1792 1138 1952 1190 πλευ-

374 1221 480 1290 ρὰν
525 1221 904 1286 διανύττοντες
935 1225 983 1277 οἱ
1042 1225 1276 1279 Πιλάτου
1306 1227 1614 1297 δορυφόροι,
1661 1228 1721 1279 τὸ
1770 1229 1950 1296 τίμιον

369 1308 514 1382 αἷμα
543 1313 945 1379 συναναόλύςον
965 1314 1118 1368 ὕδατι
1140 1320 1251 1380 τοῖς
1277 1317 1570 1387 θεωμένοις
1594 1319 1946 1389 παρέδειξαν;

371 1407 486 1459 Καὶ
526 1409 574 1459 εί
607 1407 711 1476 χρὴ
751 1407 957 1459 τούτων
991 1409 1050 1460 τὸ
1076 1409 1332 1462 ἐπέκεινα
1359 1409 1559 1477 λέγειν,
1588 1410 1711 1462 οὔτε
1745 1411 1950 1466 ἀπέθα-

367 1515 464 1550 νεν
495 1497 636 1569 ὑπὲρ
669 1497 849 1568 ἡμῶν,
892 1497 1017 1551 οὔτε
1058 1500 1162 1569 μὴν
1199 1501 1546 1572 ἐγήγερταιὸ
1579 1503 1831 1573 Χριστός.
1871 1497 1947 1558 Οὗ

367 1587 808 1659 παραδεχθέντος
853 1590 934 1652 εἰς
972 1588 1251 1660 ἀλήθειαν,
1298 1591 1597 1644 κεκένωται
1640 1592 1738 1661 μὲν
1785 1594 1817 1662 ἡ
1858 1593 1946 1645 πίο

369 1695 513 1742 στις,
550 1679 757 1748 οἴχεται
795 1678 852 1731 δὲ
899 1680 928 1731 6
967 1667 1282 1751 σταυρὸς,ἡ
1319 1681 1414 1734 τοῦ
1463 1683 1666 1752 κόσμου
1703 1683 1946 1754 σωτηρία

369 1770 464 1820 καὶ
499 1768 637 1838 ζωὴ,
661 1770 752 1822 καί
780 1769 994 1824 διόλωλε
1022 1771 1304 1834 παντελῶς
1338 1775 1371 1842 ἡ
1404 1772 1512 1825 τῶν
1547 1775 1604 1826 ἐν
1639 1773 1818 1826 πίστει
1849 1791 1944 1826 κε-

365 1861 725 1930 κοιμημένων
749 1861 926 1925 ἐλπίς.
956 1857 1028 1916 Εὖ
1078 1862 1184 1934 γὰρ
1226 1857 1328 1917 ὧδε
1366 1863 1509 1934 ἔχειν
1539 1865 1710 1918 ἐδόκει
1749 1867 1842 1919 καὶ
1867 1865 1944 1936 τῷ

371 1950 631 2019 μακαρίῳ
670 1949 901 2021 Παύλῳο
941 1969 959 2002 ι
989 1952 1290 2023 Παρέδωκα
1329 1953 1438 2024 γὰρ
1479 1955 1626 2025 ὑμῖν,
1662 1956 1848 2026 φησὶν,
1885 1957 1942 2008 ἐν

365 2037 630 2107 πρώτοις,
675 2039 705 2091 ὃ
749 2041 843 2092 καὶ¹
891 2041 1221 2112 παρέλαϐον,
1263 2045 1344 2097 ὅτι
1397 2044 1630 2114 Χριστδς
1672 2046 1943 2100 ἀπέθανεν

365 2129 511 2199 ὑπὲρ
544 2129 654 2182 τῶν
707 2132 994 2202 ἁμαρτιῶν
1029 2133 1186 2204 ήμῶν
1222 2135 1361 2189 κατὰ
1408 2135 1508 2200 τὰς
1556 2138 1799 2207 Γραφὰς,
1848 2139 1942 2192 καὶ

361 2220 450 2272 ὅτι
478 2219 673 2291 ἐτάφη,
726 2222 822 2274 καὶ
871 2222 954 2275 ὅτι
1003 2224 1296 2295 ἐγήγερται
1340 2228 1408 2298 τῇ
1453 2227 1636 2298 ἡμέρᾳ
1679 2230 1745 2298 τῇ
1783 2228 1940 2299 τρίτῃ

362 2312 510 2365 κατὰ
547 2311 646 2375 τὰς
678 2313 920 2384 Γραφὰς,
973 2316 1067 2369 καὶ
1111 2317 1193 2369 ὅτι
1223 2315 1378 2388 ὤφθη
1432 2319 1619 2388 Κηφᾷ,
1664 2316 1782 2372 εἶτα
1826 2324 1942 2384 τοῖς

360 2401 610 2455 δώδεκαο
647 2402 841 2457 ἔπειτα
872 2403 1025 2475 ῶφθη
1067 2406 1252 2460 ἐπάνω
1287 2410 1663 2473 πεντακοσίοις
1692 2411 1942 2481 ἀδελφοῖς

360 2491 605 2560 ἐφάπαξ,
637 2496 695 2560 ἐξ
735 2489 810 2549 ὧν
848 2498 896 2548 oi
941 2497 1160 2560 πλείους
1193 2497 1444 2568 μένουσιν
1484 2501 1589 2564 ἕως
1620 2495 1764 2571 ἄρτι,
1800 2502 1943 2566 τινὲς

358 2583 418 2637 δὲ
453 2586 549 2638 καὶ
582 2587 954 2657 ἐκοιμήθησαν
975 2604 988 2619 ’
1019 2587 1208 2642 ἔπειτα
1245 2588 1403 2659 ῶφθη
1449 2591 1710 2661 Ἰακώϐῳ,
1750 2591 1942 2646 ἔπειτα

360 2680 481 2740 τοῖς
516 2679 838 2743 ἀποστόλοις
868 2683 1033 2734 πᾶσιν
1053 2698 1068 2713 ο
1100 2681 1326 2753 ἔσχατον
1359 2683 1415 2736 δε
1453 2683 1671 2737 πάντων
1702 2684 1942 2754 ὠσπερεὶ

358 2772 440 2842 τῷ
467 2773 800 2844 ἐκτρώματι,
826 2773 980 2846 ὤφθη
1006 2776 1194 2846 κάμοί.
1228 2797 1246 2829 ο
1272 2777 1383 2831 Καὶ
1414 2778 1532 2848 μεθ’
1561 2779 1722 2849 ἕτερα
1748 2780 1939 2832 πάλιν·

372 2882 391 2914 ι
429 2863 488 2916 Ei
519 2865 574 2917 δὲ
605 2866 841 2936 Χριστὸς
865 2867 1221 2938 κηρύσσεται,
1248 2869 1330 2921 ὅτι
1376 2871 1440 2922 ἐκ
1468 2870 1677 2940 νεκρῶν
1711 2871 1943 2942 ἐγήγερ-

359 2969 473 3016 ται,
517 2954 635 3016 πῶς
673 2953 922 3022 λέγουσιν
956 2958 1012 3008 ἐν
1044 2957 1174 3026 ὑμῖν
1202 2974 1373 3020 τινες,
1412 2958 1494 3010 ὃτι
1528 2959 1822 3022 ἀνάστασις
1851 2976 1940 3012 νε-

358 3042 512 3110 κρῶν
542 3045 644 3097 οὐκ
676 3044 861 3112 ἔστιν;
907 3049 957 3099 εἰ
985 3046 1043 3100 δὲ
1077 3047 1378 3111 ἀνάστασις
1405 3048 1617 3120 νεκρῶν
1643 3051 1742 3104 οὐκ
1771 3049 1940 3112 ἔστιν,

350 3137 475 3190 οὑδέ
509 3137 743 3207 Χριστὸς
769 3141 1067 3209 ἐγήγερται
1094 3157 1107 3170 ο
1149 3141 1196 3192 εἰ
1224 3140 1280 3192 δέ
1315 3141 1550 3212 Χριστὸς
1575 3141 1674 3193 οὐκ
1704 3143 1940 3214 ἐγήγερ-

2061 682 2111 735 in
2145 682 2388 736 umbram
2440 682 2620 751 passio
2650 681 2846 736 cadere
2893 692 3090 751 potest,
3127 686 3300 756 atque
3334 687 3406 741 ita
3442 691 3624 743 omnia

2057 787 2175 840 qua:
2201 773 2389 827 salutis
2430 782 2628 826 nostrze
2657 787 2818 826 causa
2852 771 2991 826 facta
3034 786 3180 839 sunt,
3212 791 3340 832 vere
3398 779 3450 832 in
3487 780 3634 832 nihi-

2057 864 2164 918 lum
2199 864 2459 937 recident.
2489 861 2620 915 Nam
2648 862 2804 931 quale
2839 862 3084 930 dorsum,
3118 882 3324 935 quaeso,
3348 883 3446 937 pro
3471 871 3634 924 nobis

2055 934 2364 1006 caedendum
2416 951 2643 1021 praebuit
2682 953 2776 1006 “7
2823 962 2916 1008 aut
2957 934 3147 1024 quales
3201 934 3631 1025 percutientihns

2055 1044 2518 1111 genasexhibuit?
2556 1051 2647 1096 aut
2699 1046 2971 1113 quomodo
3016 1047 3082 1101 ad
3145 1046 3453 1104 Judmorum
3510 1066 3630 1106 ver-

2054 1133 2178 1186 bera
2218 1133 2430 1187 fortiter
2458 1135 2742 1204 perstitit?
2808 1144 2905 1190 aut
2962 1136 3263 1204 cujusmodi
3310 1155 3501 1194 manus
3537 1152 3632 1198 aut

2053 1224 2215 1294 pedes
2244 1225 2411 1279 clavis
2447 1226 2662 1293 pervios
2694 1227 2879 1281 habuit
2912 1227 2936 1280 ?
2974 1238 3067 1282 aut
3104 1230 3266 1298 quale
3291 1231 3431 1287 latus
3467 1231 3628 1288 Pilati

2052 1317 2314 1376 satellites
2377 1316 2743 1383 perfodientes
2792 1320 3094 1387 pretiosum
3154 1324 3474 1392 sanguinem
3521 1343 3626 1381 una

2051 1423 2171 1460 cum
2205 1421 2342 1476 aqua
2386 1407 2637 1462 ﬂuentem
2676 1411 3027 1466 cernentibus
3058 1414 3414 1467 ostenderunt
3441 1416 3488 1447 “
3517 1417 3624 1471 ?Et

2048 1509 2106 1552 ut
2145 1499 2225 1552 his
2264 1498 2494 1568 amplius
2533 1501 2788 1568 quiddam
2833 1502 3005 1554 dicam
3043 1517 3058 1556 :
3092 1503 3200 1558 Nec
3249 1519 3374 1559 vere
3413 1520 3625 1575 quoque

2048 1605 2145 1658 pro
2172 1591 2324 1644 nobis
2348 1602 2574 1645 mortem
2606 1591 2832 1660 oppetiit
2862 1591 3112 1647 Christus
3139 1595 3418 1662 Dominus,
3450 1613 3626 1666 neque

2045 1693 2108 1733 ex
2127 1679 2354 1733 mortuis
2369 1681 2734 1735 exsuscitalus
2752 1689 2850 1735 est.
2874 1681 2984 1736 Hoc
2997 1691 3174 1736 autem
3190 1699 3473 1748 concesso.
3491 1688 3623 1741 ﬁdes

2047 1779 2229 1825 nostra
2281 1771 2436 1838 plane
2479 1773 2798 1840 evanescit;
2855 1775 2921 1826 ad
2977 1775 3090 1828 haec
3138 1791 3270 1830 crux
3299 1817 3315 1842 ,
3379 1793 3498 1847 qua!
3539 1789 3623 1832 est

2050 1863 2232 1916 mundi
2282 1861 2429 1916 salus
2481 1871 2533 1916 et
2581 1863 2688 1915 vita
2725 1903 2741 1926 ,
2794 1863 3020 1927 interit;
3065 1865 3249 1920 interit
3295 1867 3528 1936 denique
3569 1879 3622 1922 et

2047 1955 2295 2008 universa
2325 1967 2540 2023 quoque
2575 1953 2786 2006 illorum
2849 1953 3045 2008 ﬁducia
3097 1957 3186 2024 qui
3239 1959 3291 2010 in
3337 1958 3440 2012 ﬁde
3493 1960 3621 2013 dor-

2047 2045 2302 2098 inierunt.
2346 2043 2459 2099 Hoc
2495 2059 2726 2112 namque
2765 2053 2913 2099 recte
2959 2045 3084 2100 hinc
3128 2049 3421 2119 consequi,
3454 2058 3510 2104 et
3537 2052 3618 2105 di~

2044 2137 2168 2189 vino
2198 2150 2411 2206 quoque
2437 2134 2606 2190 Paulo
2626 2135 2799 2189 visum
2836 2135 2971 2204 fuit;
3001 2137 3077 2193 ait
3107 2153 3340 2208 namque
3367 2155 3381 2192 :
3414 2157 3434 2192 ι
3475 2140 3617 2195 Tra-

2043 2226 2150 2278 didi
2177 2227 2322 2278 enim
2347 2226 2500 2279 vobis
2529 2225 2580 2279 in
2614 2225 2826 2292 primis,
2856 2227 3000 2294 quod
3032 2236 3087 2281 et
3114 2230 3294 2297 accepi
3320 2245 3335 2282 :
3361 2230 3614 2299 quoniam

2043 2316 2290 2372 Christus
2341 2325 2589 2370 mortuus
2641 2326 2726 2372 est
2765 2332 2862 2385 pro
2881 2318 3119 2386 peccatis
3167 2320 3370 2374 nostris
3423 2335 3619 2376 secun-

2043 2409 2166 2462 dum
2192 2406 2531 2476 Scripturas;
2578 2416 2633 2461 et
2669 2410 2796 2477 quia
2846 2409 3090 2477 sepultus
3133 2419 3252 2474 est,
3285 2418 3340 2465 et
3375 2412 3501 2481 quia
3523 2426 3616 2467 re-

2043 2501 2283 2554 surrexit
2333 2501 2490 2554 tcrtia
2528 2500 2616 2554 die
2662 2501 2958 2555 secundum
3011 2499 3354 2571 Scripturas;
3396 2512 3450 2558 et
3487 2502 3615 2571 quia

2043 2594 2192 2647 visus
2221 2601 2304 2646 est
2323 2591 2538 2661 (Iephte,
2563 2603 2618 2647 et
2647 2601 2768 2661 post
2792 2593 2897 2647 hoc
2923 2593 3172 2648 undecim
3199 2594 3432 2649 :deinde
3465 2597 3619 2652 visus

2043 2693 2127 2737 est
2156 2682 2438 2751 plusquam
2463 2682 2774 2751 quingentis
2805 2681 3067 2736 fratribus
3093 2683 3291 2749 simul;
3320 2697 3384 2737 ex
3407 2684 3612 2751 quibus

2045 2773 2196 2846 multi
2235 2781 2455 2827 manent
2489 2787 2662 2840 usque
2693 2773 2890 2834 adhuc.
2919 2774 3136 2842 quidam
3162 2784 3341 2829 autem
3381 2775 3619 2829 dormie-

2044 2874 2218 2919 runt:
2255 2863 2450 2918 deinde
2495 2863 2641 2917 visus
2701 2873 2784 2917 est
2839 2874 2893 2917 et
2935 2861 3178 2927 Iacobo,
3241 2865 3434 2918 deinde
3485 2880 3618 2933 apo-

2044 2953 2197 3009 stolis
2217 2953 2470 3006 omnibus
2503 2968 2516 3004 :
2547 2951 2840 3004 novissime
2870 2959 3051 3004 autem
3080 2950 3322 3004 omnium
3357 2961 3614 3019 tanquam

2046 3042 2297 3097 abortivo
2331 3040 2479 3094 visus
2507 3048 2590 3093 est
2633 3047 2689 3092 et
2735 3038 2864 3092 mihi
2908 3039 2976 3093 ³³.
3026 3057 3047 3090 ›
3101 3038 3168 3093 Et
3217 3041 3403 3108 paucis
3447 3041 3617 3094 inter-

2039 3136 2238 3207 jectis:
2279 3151 2298 3184 ι
2352 3132 2407 3186 Si
2459 3140 2638 3185 autem
2677 3131 2931 3184 Christus
2980 3129 3305 3199 praedicatur
3363 3133 3421 3202 8
3467 3131 3611 3200 quod

348 3247 469 3291 ται.
508 3230 667 3284 κενὸν
719 3230 826 3302 ἄρα
869 3231 932 3284 τὸ
965 3233 1227 3302 κήρυγμα
1272 3231 1448 3301 ἡμῶν.
1484 3233 1632 3304 Κενὴ
1669 3235 1726 3287 δὲ
1760 3237 1852 3288 καὶ
1897 3238 1930 3306 ἡ

2045 3225 2346 3284 resurrexit
2373 3240 2400 3277 a
2447 3223 2700 3286 mortuis,
2757 3222 3027 3291 quomodo
3075 3222 3292 3293 quidam
3335 3225 3524 3278 dicunt
3559 3225 3613 3276 in

349 3325 540 3386 πίστις
571 3323 746 3394 ἡμῶν,
775 3323 1148 3395 εὑρισκόμεθα
1174 3324 1230 3378 δέ
1253 3324 1349 3377 καὶ
1369 3324 1812 3396 ψευδομάρτυρες
1838 3327 1930 3380 τοῦ

2039 3322 2212 3384 vobis,
2262 3317 2517 3386 quoniam
2566 3314 2899 3369 resurrectio
2945 3325 3284 3369 mortuorum
3329 3330 3436 3369 non
3477 3315 3612 3369 est?

348 3413 511 3477 Θεοῦ,
535 3415 615 3466 ὅτι
649 3416 1113 3485 ἐμαρτυρήσαμεν
1144 3415 1286 3468 κατὰ
1313 3415 1404 3468 τοῦ
1435 3415 1590 3479 Θεοῦ,
1627 3417 1708 3470 ὅτι
1743 3418 1937 3488 ἧγειρε

2039 3419 2130 3474 Sin
2163 3424 2344 3469 autem
2373 3413 2704 3466 resurrectio
2736 3419 3072 3465 mortuorum
3108 3426 3212 3464 non
3268 3419 3352 3464 est
3373 3448 3389 3472 ,
3437 3425 3614 3480 neque

347 3504 446 3556 τὸν
473 3505 727 3574 Χριστὸν,
762 3505 821 3556 ὃν
864 3505 966 3558 οὐκ
997 3505 1242 3575 ἤγειρεν,
1283 3507 1442 3575 εῖπερ
1477 3505 1588 3577 ἄρα
1614 3509 1799 3576 νεκροὶ
1832 3509 1934 3562 οὐκ

348 3593 674 3664 ἐγείρονται.
713 3614 731 3646 ι
766 3595 999 3665 Τεθναίη
1030 3595 1139 3666 γὰρ
1169 3594 1256 3660 ἂν,
1276 3597 1398 3649 εἰπέ
1426 3613 1535 3664 μοι,
1562 3597 1683 3649 τίνα
1711 3597 1774 3667 δὴ
1805 3598 1932 3668 τρό-

346 3699 453 3736 πον
483 3686 516 3754 ἡ
551 3685 708 3751 σκιά;
742 3684 862 3748 πῶς
889 3682 984 3740 οὖν
1016 3686 1282 3757 ἀνέστησε
1311 3687 1404 3740 τὸν
1429 3688 1664 3756 Χριστὸν
1686 3691 1714 3741 6
1742 3689 1932 3757 Πατὴρ

349 3777 511 3832 σκιὰν
535 3779 666 3832 ὄντα
699 3781 794 3832 καὶ
842 3778 1084 3848 δόκησιν,
1128 3779 1224 3832 καὶ
1269 3780 1382 3842 τοῖς
1424 3779 1520 3832 τοῦ
1571 3779 1804 3832 θανάτου
1846 3779 1933 3832 δε-

348 3871 511 3937 σμοῖς
539 3870 638 3939 οὐχ
669 3868 975 3939 άλώσιμον;
1006 3869 1250 3940 Οίχέσθω
1276 3870 1340 3940 δὴ
1371 3866 1464 3924 οὖν
1490 3871 1520 3923 6
1546 3872 1769 3925 ἐκείνων
1800 3873 1931 3941 ἐμε-

344 3957 459 4021 τὸς,
496 3957 669 4028 μύθου
699 3959 758 4012 δέ
786 3959 982 4023 ἄλλως,
1019 3960 1115 4012 καὶ
1165 3959 1381 4011 ἀνοσίου
1435 3958 1634 4028 βουλῆς
1680 3961 1926 4030 ἀποδρά-

347 4067 532 4122 σματα
570 4052 639 4104 τὰ
667 4052 796 4122 παρ’
839 4052 1022 4113 αὐτοῖς
1050 4061 1077 4100 ι)
1102 4049 1405 4120 ἡγούμεθα.
1438 4051 1576 4114 Τοὺς
1607 4051 1715 4120 γὰρ
1749 4053 1927 4105 τοιού-

343 4160 471 4206 τους
519 4145 652 4212 ἡμῖν
707 4141 1158 4213 προκαταμηνύει
1205 4141 1432 4210 γράφων
1481 4141 1576 4195 τοῦ
1605 4143 1859 4214 Σωτῆρος
1896 4145 1924 4198 6

347 4234 618 4305 μαθητής·
656 4251 674 4285 ι
714 4235 834 4288 Ὅτι
858 4233 1041 4286 πολλοὶ
1067 4233 1512 4305 ψευδοπροφῆται
1538 4233 1923 4301 ἐξεληλύθασιν

344 4330 429 4391 εἰς
460 4327 558 4380 τὸν
598 4327 822 4398 κόσμον.
873 4327 961 4380 Ἐν
1002 4327 1176 4396 τούτῳ
1220 4327 1546 4394 γινώσκεται
1583 4327 1645 4379 τὸ
1699 4327 1923 4397 Πνεῦμα

341 4419 439 4473 τοῦ
475 4419 630 4475 Θεοῦ.
675 4421 791 4473 Πᾶν
830 4418 1047 4489 πνεῦμα
1077 4419 1106 4470 δ
1135 4417 1386 4488 ὁμολογεῖ
1446 4417 1654 4488 Ἰησοῦν
1687 4417 1922 4488 Χριστὸν

341 4513 401 4566 ἐν
450 4510 615 4582 σαρκὶ
661 4509 979 4581 ἐληλυθότα,
1037 4511 1102 4563 ἐκ
1140 4507 1232 4562 τοῦ
1291 4508 1431 4562 Θεοῦ
1485 4510 1624 4563 ἐστι.
1656 4510 1765 4563 Καὶ
1808 4510 1918 4564 πᾶν

2033 3510 2282 3567 Christus
2314 3506 2635 3560 resurrexit.
2668 3503 2722 3557 Si
2775 3513 2957 3558 autem
2987 3503 3240 3558 Christus
3286 3520 3392 3558 non
3427 3518 3613 3558 resur-

2033 3600 2197 3663 rexit,
2252 3599 2426 3652 inanis
2465 3605 2546 3650 est
2585 3595 2908 3662 praedicatio
2939 3605 3122 3649 nostra
3147 3634 3162 3658 ,
3197 3596 3375 3650 inanis
3426 3605 3510 3649 est
3555 3603 3612 3649 et.

2034 3691 2166 3745 ﬁdes
2197 3697 2380 3742 nostra
2408 3702 2423 3750 ;
2459 3687 2769 3739 invenimur
2821 3695 3002 3739 autem
3032 3695 3088 3740 ct
3130 3685 3248 3740 falsi
3298 3695 3462 3739 testes
3491 3685 3607 3751 Dei,

2032 3781 2289 3850 quoniam
2315 3777 2685 3833 testimonium
2707 3777 2941 3832 diximus
2965 3779 3230 3832 adversus
3249 3775 3437 3841 Deum,
3466 3779 3610 3848 quod

2031 3871 2379 3927 suscitaverit
2445 3869 2764 3932 Christum,
2809 3884 2968 3938 quem
3019 3885 3123 3923 non
3183 3870 3508 3932 suscitavit.
3563 3871 3609 3925 si

2030 3961 2228 4016 mortui
2261 3975 2364 4013 non
2407 3968 2696 4027 resurgunt
2735 3959 2801 4012 ³⁵.
2844 3976 2862 4008 ι
2897 3957 2996 4012 Hic
3041 3973 3142 4027 ego
3181 3958 3291 4026 jam
3335 3969 3386 4012 te
3440 3959 3610 4012 inter-

2034 4065 2202 4120 rogo:
2235 4047 2551 4116 Ecquonam
2586 4047 2746 4101 modo
2773 4049 2963 4100 umhra
3002 4048 3313 4101 moriatur?
3352 4064 3458 4116 quo
3490 4064 3611 4104 rur-

2025 4156 2144 4196 sum
2181 4149 2340 4208 pacto
2377 4137 2618 4194 ccclesiis
2650 4137 2814 4192 Pater
2845 4138 3122 4194 Christum
3167 4141 3233 4192 ad
3278 4139 3443 4194 vitam
3506 4155 3596 4196 re-

2027 4233 2263 4294 vocavit,
2292 4228 2468 4298 utqui
2500 4228 2744 4291 quaedam
2777 4235 2986 4283 tantum
3021 4229 3208 4284 umbra
3240 4243 3295 4286 et
3341 4249 3436 4286 rex
3471 4234 3610 4287 ima-

2023 4323 2270 4394 ginaria,
2317 4336 2438 4390 qua:
2487 4321 2682 4375 mortis
2745 4321 2987 4376 vinculis
3033 4324 3152 4393 capi
3203 4339 3308 4378 non
3378 4337 3603 4394 potest,

2021 4414 2343 4471 exstiterit?
2385 4413 2678 4468 Facessant
2703 4413 3320 4482 proindeistiuscemodi
3353 4417 3568 4484 ineptiae
3589 4457 3604 4480 ,

2023 4507 2342 4562 insanorum
2385 4503 2548 4574 plane
2605 4505 2959 4560 consiliorum
3005 4516 3062 4560 et
3105 4504 3408 4560 fabularum
3453 4507 3608 4560 ebul-

341 4598 564 4668 πνεῦμα
611 4599 640 4652 6
684 4599 758 4670 μὴ
805 4598 1060 4669 ὁμολογεῖ
1099 4599 1190 4652 τὸν
1246 4598 1474 4668 Ἰησοῦν,
1528 4601 1594 4652 ἐκ
1644 4599 1740 4652 τοῦ
1784 4599 1918 4653 Θεοῦ

2039 4599 2248 4653 intenta
2293 4597 2437 4651 dicta
2486 4594 2705 4650 illorum
2739 4596 3023 4650 habemus.
3075 4595 3389 4663 Huiusmodi
3434 4611 3606 4664 nuga-

336 4693 440 4746 οὐκ
484 4691 619 4749 ἐστι.
671 4693 783 4746 Καὶ
833 4692 991 4746 τοῦτό
1047 4694 1164 4744 ἐστι
1213 4693 1276 4744 τὸ
1321 4691 1414 4744 τοῦ
1475 4692 1842 4763 Ἀντιχρίστου
1892 4692 1922 4745 ὃ

338 4784 637 4855 ἀκηκόατε,
669 4786 750 4838 ὅτι
787 4783 1027 4854 ἔρχεται,
1058 4784 1152 4836 καὶ
1201 4781 1296 4836 νῦν
1327 4786 1384 4836 ἐν
1438 4783 1515 4854 τῷ
1549 4784 1741 4855 κόσμῳ
1773 4784 1920 4837 ἐστὶν

335 4875 462 4946 ἢδη.
498 4876 561 4927 El
592 4875 700 4944 γὰρ
734 4876 806 4945 μὴ
846 4875 1072 4944 γέγονεν
1108 4874 1417 4946 ἄνθρωπος,
1456 4876 1594 4945 μήτε
1629 4874 1736 4946 μὴν
1787 4876 1920 4929 ἀνα-

335 4967 573 5036 ὕέὸηκεν
601 4968 659 5018 ἐν
687 4967 853 5035 σαρκὶ
898 4966 1036 5038 πρὸς
1066 4967 1157 5020 τὸν
1187 4967 1247 5020 ἐν
1274 4964 1526 5036 οὐρανοῖς
1563 4966 1780 5037 Πατέρα
1828 4966 1923 5020 καὶ

333 5059 490 5121 Θεὸν,
530 5059 637 5111 οὐδ’
662 5058 727 5112 ἂν
753 5058 1070 5130 ὑποστρέψῃ
1097 5059 1156 5123 ἐξ
1191 5059 1424 5130 οὐρανοῦ
1468 5058 1590 5114 καθ’
1624 5059 1792 5130 ἡμᾶς,
1829 5057 1922 5112 ἄνα

332 5148 556 5220 θρωπος
580 5149 823 5219 δηλονότι
859 5151 952 5204 καὶ
981 5151 1040 5204 ἐν
1071 5151 1255 5220 σαρκί.

2020 4699 2167 4744 tores
2218 4687 2529 4742 exorituros
2597 4685 2826 4741 dilectus
2881 4685 3184 4741 Salvatoris
3227 4686 3400 4742 nostri
3436 4687 3603 4741 disci-

2022 4781 2178 4850 pulus
2228 4792 2326 4832 nos
2365 4786 2492 4830 ante
2519 4777 2888 4844 praemonuit:
2947 4795 2966 4827 ι
3013 4776 3279 4842 Quoniam
3307 4815 3324 4841 ,
3381 4777 3601 4847 inquit,

2023 4868 2176 4924 multi
2210 4866 2688 4938 pseudoprophetae
2714 4867 2970 4922 exierunt
3004 4867 3057 4921 in
3093 4868 3375 4921 mundum.
3407 4867 3465 4922 lu
3498 4867 3604 4923 hoc

2023 4960 2372 5031 cognoscitur
2399 4956 2637 5026 Spiritus
2659 4956 2755 5012 Dei
2794 4975 2808 5012 :
2839 4957 3032 5014 Omnis
3058 4958 3282 5028 spiritus
3311 4959 3404 5028 qui
3439 4959 3602 5014 conﬁ-

2025 5063 2171 5108 tetur
2211 5049 2400 5105 Jesum
2442 5048 2717 5104 Christum
2762 5049 2817 5103 in
2875 5064 3040 5105 carne
3072 5049 3318 5115 venisse,
3363 5066 3432 5104 ex
3491 5048 3604 5105 Deo

2021 5154 2140 5208 est;
2192 5153 2249 5198 et
2296 5139 2474 5196 onmis
2511 5139 2732 5210 spiritus
2785 5141 2875 5211 qui
2927 5142 3089 5198 solvit
3127 5141 3348 5208 Jesum,
3383 5157 3450 5196 ex
3493 5142 3605 5197 Deo

331 5260 440 5298 non
493 5255 597 5300 est.
673 5245 740 5301 Et
809 5246 898 5305 hic
947 5246 1350 5311 Antichristus,
1411 5247 1476 5302 de
1533 5261 1642 5317 quo
1688 5243 1938 5308 audistis,
1974 5241 2233 5312 quoniam
2289 5237 2464 5300 venit,
2497 5245 2552 5290 et
2586 5237 2810 5292 nuncin
2849 5238 3051 5294 mundo
3089 5250 3171 5295 est
3198 5240 3265 5294 ³³.
3304 5258 3324 5292 ι
3364 5237 3420 5293 Si
3454 5237 3599 5292 enim

327 5338 449 5405 ipse
518 5349 678 5395 natus
708 5355 811 5395 non
877 5350 980 5408 est,
1060 5356 1235 5411 neque
1309 5355 1473 5394 carne
1515 5339 1736 5394 indutus
1803 5338 1871 5392 ad
1927 5334 2207 5391 caelestem
2267 5329 2480 5384 Patrem
2533 5339 2589 5385 et
2646 5331 2814 5385 Deum
2864 5331 3152 5397 ascendit;
3215 5345 3388 5401 neque
3436 5330 3601 5386 homo

330 5442 550 5496 quoque
619 5428 842 5498 perinde
897 5444 962 5484 ac
990 5444 1087 5485 nos
1145 5443 1308 5486 carne
1329 5427 1639 5484 vesﬁtusde
1668 5426 1822 5482 cmlis
1879 5425 2007 5480 olim
2052 5433 2371 5477 reversurus
2401 5427 2508 5474 est.

402 5587 576 5643 “15a.
612 5605 662 5655 ι,
689 5589 721 5643 6
824 5592 864 5621 ”
891 5589 1046 5645 Joan.
1088 5606 1198 5657 ιικ,
1237 5592 1326 5646 Si.
1408 5591 1452 5623 ³³
1477 5589 1493 5644 l
1523 5588 1650 5645 Cor.
1682 5602 1770 5656 xv,
1799 5587 1922 5642 5-8.

2015 5587 2061 5619 “
2102 5587 2229 5642 ibid.
2267 5587 2449 5644 12-15.
2529 5587 2572 5618 "
2615 5579 2818 5638 lJoan.
2852 5596 2924 5645 Iv,
2961 5580 3065 5634 l-5.

1421 5723 1590 5780 Variae
1614 5723 1869 5780 lectiones
1901 5721 2102 5778 codicis
2126 5719 2483 5791 Seguieriani.

401 5867 430 5910 ν
455 5857 694 5912 ἐκείνων.

2176 5982 2206 5996 Ι-
