4060 6480
441 424 579 479 ΗΠ

1445 420 1505 476 S.
1544 421 1824 476 CYRILLI
1865 419 2335 475 ALEXANDRINI
2377 421 2700 477 ARCIIIEP.

3581 425 3720 479 1148

504 537 574 594 Χ.
614 536 781 590 Porro
806 543 986 588 autem
1016 532 1336 590 existimare
1388 534 1470 604 (ut
1501 535 1593 588 alii
1633 535 1853 603 quidam
1907 544 2018 589 sto-

2202 537 2258 587 l'.
2301 533 2375 586 Τὸ
2405 533 2461 586 δὲ
2485 533 2548 604 δὴ
2581 534 2676 587 καὶ
2706 535 2924 605 ἑτέρους
2958 534 3166 588 οἴεσθαὲ
3201 553 3259 586 τε
3291 534 3388 588 καὶ
3412 539 3630 606 φρονεῖν
3660 541 3719 594 ἐξ

436 629 702 684 Ιὶιίίδδίιιιθ
739 625 1058 681 existimant
1091 635 1144 680 et
1172 625 1471 694 praedicant
1503 625 1764 696 (Verbum
1809 643 1873 682 ex
1913 625 2027 682 Deo

435 720 698 789 genitum,
725 727 844 769 ortu
865 731 929 770 ex
950 729 1109 770 sacra
1132 714 1354 784 Virgine
1389 716 1677 784 repudiato
1707 728 2029 788 naturaeque

436 823 636 865 nostra
669 809 878 863 ratione
902 817 1236 878 contempta,
1266 808 1319 861 in
1353 818 1623 863 terrenam
1651 825 1874 864 carnem
1905 823 2028 864 esse

435 905 772 957 demutatum
795 941 811 965 ,
842 903 893 955 id
931 901 1078 956 aliud
1109 901 1370 966 nihilest,
1403 917 1566 970 quam
1597 902 2029 972 dispensationis

436 1004 842 1047 sacramentum
871 1004 1059 1062 aperte
1098 993 1512 1062 blasphemare,
1548 993 1866 1064 divinisque
1901 1011 2030 1050 con-

437 1087 577 1141 siliis
613 1096 817 1141 temere
849 1086 1135 1141 insultare.
1183 1086 1399 1140 Etenim
1448 1087 1831 1142 universorum
1884 1089 2030 1142 (Jon-

439 1181 623 1245 ditor,
681 1189 736 1233 et
783 1179 1010 1233 multum
1055 1178 1110 1232 in
1167 1177 1543 1231 misericordia
1598 1178 1691 1233 Dei
1746 1177 2026 1245 Verbum,

441 1283 662 1341 pr0pter
684 1286 782 1325 nos
815 1271 976 1324 homo
999 1269 1200 1324 factum
1225 1270 1293 1336 “,
1318 1280 1372 1326 et
1387 1286 1454 1325 ex
1489 1271 1715 1327 muliere
1749 1283 1930 1326 natum
1958 1273 2028 1338 ³⁷,

438 1363 791 1430 semetipsum
846 1362 1220 1416 exinanivit“
1254 1379 1267 1416 :
1306 1381 1324 1412 ι
1376 1362 1447 1418 Ut
1476 1365 1734 1432 quoniam
1775 1363 1950 1432 pueri,
1991 1381 2011 1416 ι

441 1455 545 1508 hoc
580 1463 664 1508 est
699 1469 817 1518 nos,
853 1473 871 1504 ι
915 1454 1623 1509 communicaverantcarni
1645 1465 1703 1510 et
1738 1456 2016 1525 sanguini,

441 1555 494 1600 et
523 1547 637 1614 ipse
673 1545 929 1600 similiter
955 1547 1310 1614 participaret
1340 1548 1544 1602 eisdem
1577 1564 1592 1602 :
1645 1557 1703 1600 ut
1749 1563 1844 1617 per
1880 1563 2029 1602 mor-

442 1644 549 1688 tem
580 1639 883 1690 destrueret
920 1651 1045 1690 eunt
1081 1639 1171 1705 qui
1207 1637 1444 1692 habebat
1475 1639 1673 1692 mortis
1710 1639 2026 1708 imperium,

444 1727 545 1782 hoc
569 1737 651 1783 est
678 1729 950 1783 diabolum
971 1769 986 1794 ,
1024 1738 1076 1782 et
1105 1727 1364 1783 liberaret
1413 1744 1508 1784 eos
1542 1731 1632 1798 qui
1663 1731 1862 1782 timore
1889 1746 2032 1785 mor-

445 1818 516 1872 tis
545 1832 639 1886 per
658 1826 821 1872 totam
843 1817 1008 1870 vitam
1029 1819 1421 1873 obnoxiierant
1439 1819 1687 1872 servituti
1708 1820 1807 1869 η.»
1832 1819 1894 1872 Et
1919 1820 2033 1873 haec

444 1877 663 1979 quidem
683 1910 860 1962 divina
875 1907 1181 1977 Scriptura.
1198 1909 1277 1964 llli
1300 1920 1477 1964 autem
1497 1920 1602 1964 tam
1622 1910 1827 1964 salubri
1845 1912 2036 1964 decen—
2063 1877 2107 1932 Β

446 2001 592 2068 tique
620 1999 847 2055 consilio
896 2000 1218 2056 indecentizn
1247 2009 1427 2055 notam
1481 2001 1741 2066 inurunt,
1788 2009 1844 2055 et
1877 2002 2032 2069 quasi

445 2090 503 2161 9
530 2089 722 2158 majori
747 2090 1014 2160 sapientia
1041 2091 1277 2160 praediti,
1307 2091 1479 2161 ipsius
1495 2107 1712 2161 quoque
1749 2091 2036 2162 sapientia:

445 2187 664 2240 decreta
696 2185 1120 2253 reprehendunt.
1155 2184 1324 2239 Aiunt
1364 2186 1506 2240 enim
1543 2201 1651 2241 non
1686 2187 1918 2252 decere,
1975 2196 2036 2240 ut

450 2277 795 2349 Unigeuitum
852 2294 976 2334 cum
1025 2278 1212 2334 dolore
1251 2287 1439 2347 partus
1477 2293 1541 2334 ex
1590 2278 1814 2334 muliere
1849 2290 2033 2333 natum

447 2380 793 2435 astruamus;
818 2369 996 2438 potius
1026 2379 1206 2423 autem
1228 2369 1656 2424 existimandum
1685 2369 1850 2424 divini
1869 2369 2035 2426 Verbi

448 2472 700 2515 naturam
743 2461 796 2513 in
824 2471 1097 2514 terrenum
1127 2459 1230 2514 hoc
1254 2459 1637 2527 inﬁrmumque
1672 2472 1874 2529 corpus
1907 2472 2037 2512 con-

446 2568 660 2607 versam
676 2553 1012 2619 esse.Atque
1035 2551 1108 2606 ita
1141 2565 1264 2605 eum
1281 2551 1371 2618 qui
1389 2550 1570 2605 omnis
1590 2550 1910 2604 mutationis
1939 2565 2035 2605 ex-

449 2661 576 2714 pers
598 2653 715 2708 est,
770 2643 1056 2697 mutationi
1094 2641 1397 2708 subjectum
1419 2641 1758 2712 contingunt.
1795 2640 2034 2695 Firmata

449 2749 532 2792 est
562 2753 795 2806 namque
822 2735 913 2790 Dei
945 2745 1136 2790 natura
1168 2735 1219 2788 in
1249 2735 1487 2805 propriis
1506 2735 1664 2789 bonis
1694 2735 2033 2804 immOquue

454 2830 507 2884 in
528 2830 724 2898 quibus
739 2839 822 2882 est
841 2827 1140 2883 commodis
1156 2842 1375 2896 semper
1402 2828 1666 2896 persistit.
1695 2829 1767 2882 At
1789 2843 1918 2883 vero
1937 2845 2039 2883 na-

453 2929 574 2972 tura
603 2927 906 2987 procreata,
934 2927 988 2973 et
1011 2919 1062 2972 in
1093 2929 1334 2989 tempore
1361 2921 1726 2974 utexsisteret
1749 2921 2032 2987 producta,

455 3027 560 3066 non
597 3020 772 3081 potest
799 3011 1085 3065 mutationi
1121 3027 1228 3064 non
1261 3027 1388 3066 esse
1422 3011 1691 3082 subjecta.
1743 3011 1854 3068 Nec
1880 3013 2035 3067 ﬁrma

455 3103 610 3156 nobis
650 3103 971 3156 asscrtionis
1007 3102 1170 3172 hujus
1205 3103 1556 3157 fundamenta
1625 3104 2036 3175 verissiutmque

2131 625 2446 696 ἀμετρήτου
2479 625 2709 688 νωθείας
2736 627 2989 696 γέννησιν
3016 625 3117 694 μὲν
3143 627 3445 695 ἀνήνασθαι
3497 628 3596 698 τὴν
3633 628 3723 682 διά

2129 716 2228 785 τῆς
2260 717 2424 784 ἁγίας
2460 717 2738 788 Παρθένου
2781 717 2873 770 τὸν
2916 719 2980 769 ὲκ
3010 717 3147 770 θεοῦ
3181 717 3378 785 φύνταλ
3402 718 3596 786 Λόγον,
3626 721 3718 774 καί

2133 811 2295 878 φύσιν
2328 809 2431 880 μὲν
2459 811 2731 880 ἀτιμάσαι
2752 811 2853 880 τὴν
2891 809 3015 864 καθ’
3047 812 3218 880 ἡμᾶς,
3266 812 3721 882 παρατετράφθαι

2130 903 2187 956 δὲ
2220 901 2423 971 μᾶλλον
2454 901 2619 955 αὑτὸν
2653 903 2734 966 εἰς
2758 902 2858 972 τὴν
2883 901 2992 954 ἀπὸ
3025 900 3127 970 τῆς
3150 901 3252 972 γῆς
3275 903 3477 970 σάρκα,
3514 902 3720 973 δυσφη-

2135 994 2382 1064 μούντων
2412 993 2531 1046 ἐστὶ
2562 993 2662 1065 τὴν
2693 994 3031 1064 οἰκονομίαν,
3060 995 3158 1047 καὶ¹
3191 996 3304 1058 τοῖς
3340 993 3508 1059 θείοις
3546 997 3723 1066 σκέμ-

2136 1101 2303 1152 μασιν
2349 1085 2610 1154 ἐπιτιμᾷν
2668 1084 2977 1155 ᾑρημένων.
3021 1084 3077 1136 Ὀ
3129 1083 3227 1153 μὲν
3273 1082 3381 1152 γάρ
3418 1083 3529 1137 τῶν
3584 1085 3725 1138 ὅλων

2131 1177 2501 1246 Δημιουργὸς,
2535 1175 2628 1228 καὶ
2655 1175 2821 1238 πολὺς
2845 1177 2926 1238 εἰς
2949 1175 3096 1228 ἔλεον
3127 1174 3222 1230 τοῦ
3244 1174 3381 1229 Θεοῦ
3426 1177 3597 1244 Λόγος
3625 1193 3724 1231 κε-

2133 1269 2375 1323 κένωκεν
2411 1270 2604 1324 ἑαυτὸν
2631 1271 2697 1324 δι’
2722 1272 2893 1340 ἡμᾶς,
2915 1271 3208 1342 γενόμενος
3233 1273 3540 1344 ἄνθρωπος,
3570 1273 3730 1341 γενό-

2136 1377 2298 1431 μενος
2332 1364 2396 1414 ἐκ
2421 1363 2700 1431 γυναικός·
2743 1383 2760 1414 ι
2796 1365 2891 1416 Ἱν’
2924 1364 3157 1436 ἐπείπερ
3192 1364 3421 1435 αἵματος
3462 1366 3556 1418 καί⁵
3587 1383 3728 1434 σαρ-

2131 1453 2228 1516 κὸς
2250 1453 2613 1524 κεκοινώνηκε
2634 1455 2702 1508 τά
2735 1456 2944 1519 παιδία,
2983 1476 3002 1509 ι
3038 1457 3319 1510 τουτέστιν
3349 1460 3534 1529 ἡμεῖς,
3568 1477 3587 1510 ι
3622 1460 3726 1512 καὶ

2133 1544 2298 1608 αὐτὸς
2346 1546 2746 1617 παραπλησίως
2799 1551 3047 1618 μετασχῇ
3100 1549 3210 1601 τῶν
3247 1550 3460 1602 αὐτῶν·
3511 1550 3597 1603 ἵνα
3635 1549 3732 1605 διὰ

2133 1633 2231 1687 τοῦ
2262 1635 2496 1690 θανάτου
2559 1639 2882 1711 καταργήσῃ
2921 1639 3013 1691 τὸν
3055 1640 3117 1692 τὸ
3150 1641 3349 1711 κράτος
3396 1640 3589 1710 ἔχοντα
3627 1641 3729 1695 τοῦ

2135 1729 2396 1790 θανάτου,
2425 1729 2673 1782 τουτέστι
2712 1731 2802 1783 τὸν
2831 1731 3099 1796 διάϐολον,
3151 1733 3244 1786 καὶ
3282 1733 3567 1804 ἀπαλλάξῃ
3601 1734 3722 1788 τού-

2133 1835 2280 1883 τους,
2314 1821 2427 1873 ὅσοι
2455 1819 2608 1890 φόϐῳ
2649 1820 2881 1876 θανάτου
2915 1822 3001 1875 διά
3050 1823 3250 1886 παντὸς
3287 1824 3382 1877 τοῦ
3415 1826 3516 1895 ζῇν
3549 1825 3730 1896 ἔνοχοι

2140 1909 2282 1982 ἦσαν
2315 1914 2580 1978 δουλείας.
2616 1935 2633 1967 ι
2673 1911 2800 1968 Ὧδε
2833 1916 2941 1988 γὰρ
2966 1917 3068 1987 ἔφη
3101 1917 3163 1969 τὸ
3191 1918 3432 1988 Γράμμα
3462 1918 3524 1970 τὸ
3556 1917 3724 1988 ἱερόν.

2142 2007 2203 2059 Oi
2253 2005 2310 2058 δὲ
2358 2007 2459 2074 τῆς
2487 2005 2630 2060 οὕτω
2673 2008 2957 2075 παγκάλου
3004 2008 3100 2061 καὶ
3149 2008 3379 2078 ἀρίστης
3426 2007 3620 2078 βουλῆς
3660 2009 3730 2062 τὸ

2141 2095 2390 2164 ἀπρεπὲς
2437 2097 2816 2168 καθορίζουσι,
2859 2098 2953 2150 καὶ
3010 2097 3202 2166 ὥσπερ
3245 2097 3366 2150 ὲνδν
3422 2098 3604 2160 αὐτοῖς
3654 2096 3731 2150 τὰ

2139 2186 2353 2256 ἀμείνω
2384 2191 2626 2258 φρονεῖν,
2647 2189 2872 2252 καὶτοῖς
2902 2189 2999 2256 τῆς
3022 2189 3211 2256 σοφίας
3240 2188 3535 2258 ἐπιτιμῶσι
3561 2188 3733 2257 σκέμ-

2144 2297 2298 2350 μασι.
2339 2280 2430 2351 Μὴ
2460 2281 2569 2352 γάρ
2594 2280 2658 2350 δὴ
2687 2280 2888 2352 χρῆναι
2932 2281 3183 2348 λέγουσιν
3227 2280 3394 2333 ὠδῖνα
3437 2280 3530 2332 καὶ
3563 2280 3730 2333 τόκον

2141 2375 2207 2427 ἑκ
2231 2373 2490 2442 γυναικὸς
2522 2373 2899 2443 καταγράφειν
2922 2374 3068 2444 ἡμᾶς
3094 2373 3188 2426 τοῦ
3219 2372 3580 2440 Μονογενοῦς,
3615 2373 3730 2425 ote-

2143 2463 2269 2518 σθαι
2297 2465 2355 2517 δὲ
2387 2464 2588 2534 μᾶλλον
2615 2465 2715 2536 τὴν
2762 2463 2856 2518 τοῦ
2889 2464 3066 2532 Λόγου
3103 2463 3264 2532 φύσιν
3300 2465 3378 2526 εἰς
3423 2461 3486 2515 τὸ
3525 2461 3728 2533 σαθρὸν

2140 2559 2204 2629 δὴ
2244 2558 2403 2612 τοῦτο
2453 2559 2547 2612 καί
2598 2558 2829 2628 γηγενὲς
2863 2555 3377 2627 μετεστοιχειῶσθαι
3411 2555 3590 2624 σῶμα,
3627 2553 3728 2608 καὶ

2141 2647 2351 2718 τροπὴν
2373 2646 2744 2715 φαντάζεσθαι
2771 2646 2867 2699 τοῦ
2890 2648 3096 2716 τροπὴν
3115 2646 3216 2698 οὐκ
3235 2646 3457 2708 εἰδότος.
3476 2646 3729 2715 Ἑρήρειο

2144 2755 2266 2792 σται
2316 2738 2424 2808 γὰρ
2459 2739 2492 2808 ὴ
2539 2736 2632 2790 τοῦ
2666 2736 2800 2790 Θεοῦ
2832 2736 2993 2805 φύσις
3053 2738 3111 2790 ὲν
3148 2737 3297 2798 ἰδίοις
3347 2736 3592 2806 ἀγαθοῖς,
3630 2737 3728 2789 καὶ

2141 2830 2538 2884 ἀκατάσειστον
2566 2829 2676 2900 ἔχει
2711 2829 2809 2882 σὺν
2838 2828 2922 2897 ἐφ’
2953 2839 2978 2879 τι
3006 2823 3089 2892 οἷς
3119 2831 3235 2882 ἐστι
3256 2829 3539 2899 διαμονήν.
3557 2826 3729 2891 Φύσις

2146 2921 2248 2993 μὲν
2294 2923 2405 2994 γὰρ
2433 2924 2467 2992 ἡ
2512 2921 2738 2991 γενητὴ,
2786 2923 2880 2974 καί⁵
2920 2920 3099 2991 χρόνῳ
3148 2919 3543 2990 παρενεχθεῖσα
3587 2917 3729 2988 πρὸς

2143 3013 2359 3082 γένεσιν
2390 3023 2434 3077 ι’,
2480 3013 2644 3066 πάθοι
2695 3011 2760 3066 ἂν
2807 3013 2906 3081 τὴν
2959 3011 3266 3064 ἀλλοίωσιν.
3317 3008 3427 3063 Καὶ
3470 3007 3572 3061 οὐκ
3619 3005 3731 3072 ἔξω

2142 3106 2304 3175 λόγου
2355 3105 2449 3160 τοῦ
2502 3105 2835 3176 καθήκοντός
2883 3120 2941 3156 τε
2993 3103 3087 3157 καὶ
3143 3101 3376 3171 ἀληθοῦς
3419 3100 3482 3152 τὸ
3535 3099 3731 3170 χρῆμα

455 3195 693 3248 rationes
723 3194 942 3249 desunt.
978 3194 1109 3249 Nam
1144 3210 1309 3250 omne
1339 3196 1483 3264 quod
1530 3195 1613 3248 sui
1654 3210 1776 3250 esse
1829 3195 2038 3266 simpli-

2145 3200 2410 3254 κείσεται.
2437 3200 2511 3252 Τὸ
2542 3198 2652 3269 γὰρ
2685 3198 2861 3269 ἀρχὴν
2892 3197 3029 3259 ὅλως
3058 3196 3152 3250 τοῦ
3177 3190 3315 3250 εἶναι
3347 3193 3527 3263 λαχὸν,
3559 3191 3731 3245 οἰονεί

454 3288 594 3341 citer
625 3287 839 3341 initium
874 3287 1087 3350 habuit,
1113 3286 1225 3355 jam
1261 3287 1665 3356 quodammodo
1695 3287 1858 3342 simul
1900 3287 2038 3342 insi-

456 3388 568 3434 tam
601 3380 762 3433 habet
802 3381 1242 3436 mutabilitatem.
1276 3380 1345 3433 At
1374 3395 1503 3436 vero
1539 3379 1684 3436 Deus
1706 3421 1721 3446 ,
1754 3381 1848 3450 qui
1893 3378 2041 3434 omni

456 3484 656 3537 mente,
693 3484 747 3527 et
776 3482 990 3538 natura,
1013 3482 1066 3526 et
1089 3472 1466 3543 generatione,
1489 3481 1543 3526 et
1571 3473 1921 3541 corruptione
1947 3486 2043 3524 su-

459 3571 643 3634 perior
670 3577 772 3633 est,
805 3569 1166 3622 substantiam
1213 3571 1360 3623 omni
1412 3569 1719 3624 mutatione
1752 3569 2042 3626 sublimio-

459 3675 594 3722 rem,
624 3659 986 3727 potentiorem
1011 3658 1386 3728 maioremque
1441 3660 1628 3714 habet.
1680 3659 1745 3713 Et
1788 3660 2045 3729 quemad-

462 3751 690 3802 modum
743 3751 787 3802 is
851 3759 1058 3803 naturaa
1105 3765 1217 3803 sure
1263 3751 1529 3818 qualitate
1581 3751 1837 3807 omnibus
1882 3754 2044 3808 rebus

459 3842 664 3897 creatis
705 3851 946 3912 praestat,
979 3843 1356 3910 immensoque
1382 3842 1669 3897 intervallo
1698 3853 1820 3914 post
1863 3859 1923 3898 se
1952 3859 2042 3899 re-

461 3935 659 4005 linquit
689 3945 806 3990 orla
847 3936 1029 3989 omnia
1063 3955 1075 3990 :
1108 3936 1179 3991 ita
1211 3950 1273 3988 ea
1308 3936 1670 3998 incommoda,
1733 3951 1852 4005 quae
1883 3937 2046 3991 rebus

461 4029 531 4082 ab
569 4028 660 4081 illo
681 4029 913 4081 conditis
951 4028 1201 4082 accidere
1242 4027 1437 4091 solent,
1492 4026 1629 4081 adeo
1687 4028 2043 4092 transcendit,

462 4129 520 4172 ut
549 4119 681 4172 nihil
723 4120 792 4172 ab
825 4119 952 4182 illis,
992 4117 1206 4172 tametsi
1260 4129 1454 4171 natura
1510 4133 1606 4171 sua
1661 4118 1838 4172 noxiae
1883 4118 1997 4172 sint
2028 4155 2044 4181 ,

2145 3313 2266 3360 πως
2311 3295 2412 3364 ἦδη
2463 3296 2559 3347 καὶ
2617 3290 3064 3361 συνεσπαρμένον
3114 3289 3225 3360 ἔχει
3270 3287 3330 3340 τὸ
3380 3282 3729 3339 ἀλλοιοῦσθαι

2142 3387 2270 3442 δεῖν.
2301 3386 2434 3449 Θεὸς
2465 3385 2523 3438 δὲ
2563 3387 2592 3437 ό
2634 3383 2839 3445 παντὸς
2887 3381 3148 3435 ἐπέκεινα
3193 3378 3309 3443 νοῦ,
3356 3379 3452 3430 καὶ
3487 3376 3727 3443 φύσεως,

2144 3480 2239 3534 καὶ
2270 3479 2556 3546 γενέσεως,
2594 3477 2689 3528 καὶ
2719 3475 2947 3544 φθορᾶς,
2973 3473 3070 3543 τὴν
3099 3470 3328 3542 ὓπαρξιν
3358 3469 3494 3538 ἔχων
3528 3467 3731 3540 ἐξῃρη-

2148 3571 2318 3641 μένην
2351 3569 2447 3622 καὶ
2485 3567 2888 3638 ὑπερίσχουσαν
2912 3576 2958 3629 ³,
2993 3563 3234 3632 ἀμείνων
3275 3560 3426 3613 ἔσται
3478 3559 3572 3611 καὶ
3605 3574 3731 3627 τρο‹⁵

2147 3663 2274 3731 πῆς.
2328 3659 2439 3712 Καὶ
2489 3656 2679 3726 ῶσπερ
2723 3654 2799 3724 τῷ
2828 3654 2928 3722 τῆς
2965 3652 3100 3714 ἰδίας
3136 3650 3348 3719 φύσεως
3393 3647 3536 3716 λόγῳ
3587 3663 3729 3700 παν·
3776 3647 3788 3670 ‘

2144 3755 2234 3816 τὸς
2286 3751 2381 3805 τοῦ
2422 3749 2746 3819 κεκλιμένου
2796 3746 2932 3817 πρὸς
2967 3745 3178 3813 γένεσιν
3221 3738 3623 3811 ὑπερανέστηκέ
3666 3753 3726 3789 τε

2145 3845 2241 3900 καὶ
2296 3842 2698 3913 ὑπερφέρεται,
2760 3839 2856 3891 καὶ
2909 3835 3070 3889 τοῦτο
3135 3832 3489 3903 ἀσυγκρίτοις
3539 3829 3722 3897 διαφο-

2149 3939 2302 4006 ραῖςο
2357 3931 2499 3984 οῦτω
2560 3930 2657 3983 καί
2717 3931 2774 3982 ὲν
2827 3929 2940 3990 τοῖς
3003 3925 3218 3978 εἰωθόσι
3268 3921 3584 3992 συμδαινειν
3617 3921 3729 3981 τοῖς

2146 4026 2212 4080 δι’
2265 4024 2428 4077 αὐτοῦ
2482 4022 2761 4090 γεγονόσιν
2810 4016 3236 4089 ύπερανεστήξει
3290 4013 3450 4068 πάλιν
3503 4011 3730 4075 παθεῖν,

2147 4119 2246 4172 οὐκ
2293 4116 2447 4176 εἰδὼς
2504 4115 2565 4165 τὸ
2620 4111 2862 4180 πεφυκὸς
2928 4110 3154 4162 ἀδικεῖν.
3211 4105 3420 4159 Οὐκοῦν
3472 4105 3529 4156 ὲν
3595 4104 3736 4171 ἀγα-

463 4212 571 4280 pati
606 4223 789 4280 queat.
835 4211 974 4265 Deus
1009 4226 1243 4278 namque
1295 4211 1350 4264 in
1381 4211 1540 4264 bonis
1567 4219 1650 4264 est
1697 4209 1829 4263 nulli
1875 4219 2038 4262 muta-

2153 4211 2268 4272 θοῖς
2302 4209 2400 4279 μὲν
2434 4207 2495 4259 τὸ
2523 4206 2680 4258 Θεῖον
2721 4200 3137 4273 ἀμεταπτώτως
3177 4198 3328 4251 ἐστί’
3361 4196 3430 4249 τά
3458 4196 3513 4250 δέ
3543 4212 3606 4263 γε
3634 4195 3733 4263 τῆς

465 4302 596 4354 tioni
647 4301 961 4367 subjectus;
1009 4311 1276 4355 creaturae
1311 4312 1494 4354 autem
1531 4302 1583 4353 in
1632 4301 1868 4368 quadam
1919 4315 2046 4369 per-

2152 4302 2385 4362 κτίσεως
2437 4300 2496 4351 ὲν
2541 4295 2829 4351 ἀλλοιώσει
2861 4295 2955 4346 καὶ
2997 4293 3259 4362 τροπαῖς,
3306 4291 3399 4343 καὶ
3437 4287 3736 4357 ἀγχίθυρον

462 4405 622 4462 petua
651 4395 952 4446 mutatione
983 4406 1049 4446 ac
1096 4392 1479 4446 vicissitudine
1529 4399 1842 4444 versantur.
1885 4386 2038 4456 Cujus

2153 4392 2346 4463 ἔχοντα
2405 4391 2503 4458 τὴν
2555 4385 2883 4458 παραφορὰν
2917 4386 2956 4437 ί.
2994 4384 3105 4435 Καὶ
3137 4381 3296 4434 τοῦτο
3344 4380 3629 4444 γινώσκων
3673 4372 3734 4430 εὗ

466 4486 541 4540 rei
575 4486 836 4554 propheta
869 4481 1140 4537 Jeremias
1165 4498 1509 4552 nequaquam
1547 4483 1804 4551 ignarus,
1844 4483 2049 4552 optime

2157 4485 2324 4556 μάλα,
2351 4481 2446 4535 καὶ
2483 4481 2560 4544 ώς
2594 4481 2792 4550 ἀριστα
2833 4473 3139 4545 φιλοσοφῶν
3170 4473 3199 4525 ό
3247 4472 3531 4541 προφήτης
3565 4470 3736 4538 Ἱερε-

465 4580 896 4646 philosophatus,
932 4575 1105 4630 Deum
1149 4576 1222 4630 ita
1264 4575 1600 4644 compellat:
1641 4591 1658 4624 ι
1714 4572 1792 4626 Tu
1824 4573 2038 4641 quidem

2155 4575 2304 4644 μίας,
2349 4569 2616 4640 ἀνεφώνει
2653 4569 2789 4638 πρὸς
2820 4567 2910 4618 τὸν
2937 4563 3102 4628 Θεὸν,
3131 4565 3214 4616 ὅτι
3255 4582 3273 4613 ι
3305 4562 3376 4613 Σὺ
3425 4559 3737 4627 καθήμενος

467 4679 518 4729 in
545 4676 801 4729 saeculum
830 4688 1156 4743 permanes;
1191 4687 1289 4725 nos
1334 4679 1516 4723 autem
1552 4682 1658 4724 una
1689 4682 1812 4722 cum
1847 4666 2049 4722 saeculo

467 4766 752 4820 interimus
777 4765 842 4821 ³⁸.
881 4783 900 4815 ι
937 4762 1104 4819 Sedet
1131 4765 1278 4817 enim
1313 4763 1456 4817 Deus
1487 4771 1744 4828 tanquam
1789 4760 1842 4813 in
1886 4757 2047 4821 solio,

469 4873 686 4926 semper
723 4870 977 4926 regnans,
1033 4865 1086 4910 et
1119 4856 1170 4908 in
1198 4870 1389 4909 omnes
1435 4853 1724 4922 imperium
1761 4864 2050 4914 exercens,

469 4964 646 5017 neque
672 4948 795 5001 ullis
827 4963 1064 5015 unquam
1097 4946 1603 5016 perturbationibus
1630 4944 1872 5014 agitatur
1901 4957 1915 4994 :
1948 4955 2049 4996 nos

2153 4668 2231 4729 εἰς
2255 4665 2346 4718 τὸν
2379 4661 2576 4726 αἰῶνα,
2609 4661 2704 4713 καὶ
2740 4659 2902 4728 ἡμεῖς
2941 4653 3307 4723 ἀπολλύμενοι
3347 4650 3438 4703 τὸν
3474 4647 3668 4701 αἰῶνα.
3712 4665 3731 4697 t

2153 4755 2476 4810 Καθεδεῖται
2504 4751 2613 4819 γάρ
2647 4748 2838 4818 ὥσπερ
2865 4747 2921 4798 ὲν
2962 4745 3112 4806 ἰδίοις
3144 4741 3342 4804 θώκοις
3378 4740 3438 4791 τὸ
3461 4737 3613 4790 Θεῖον
3646 4735 3740 4788 ἀεὶ

2157 4843 2440 4917 βασιλεῦον
2471 4843 2565 4895 καὶ
2595 4836 2977 4909 κατακρατοῦν
3001 4835 3107 4888 τῶν
3133 4835 3290 4897 ὅλων,
3323 4832 3417 4885 καὶ
3441 4827 3544 4882 ὑπὸ
3568 4825 3739 4896 μηδε-

2155 4938 2245 5000 νὸς
2295 4935 2402 4990 τῶν
2436 4931 2627 4986 παθῶν
2677 4926 3112 5000 τυραννούμενον
3134 4942 3146 4954 ·
3180 4925 3342 4994 ἡμεῖς
3365 4922 3423 4974 δὲ
3451 4918 3548 4989 τὴν
3576 4917 3739 4985 φύσιν

469 5050 678 5104 autem,
717 5050 969 5095 naturam
1015 5041 1080 5094 ad
1126 5041 1486 5094 mutatiOncm
1529 5037 2038 5105 conversionemqut

2150 5027 2564 5099 εὑτροχωτάτην
2591 5024 2683 5076 καὶ
2706 5019 3092 5091 εὐπαράφορον
3122 5015 3320 5084 κομιδῇ
3350 5012 3487 5105 προς
3516 5007 3742 5062 ἀλλοίω-

474 5130 960 5200 propensissimam
1013 5131 1217 5196 sortiti,
1263 5129 1426 5184 simul
1467 5145 1591 5182 cum
1641 5127 1842 5182 smeulo
1888 5127 2056 5180 inter-

479 5223 620 5278 imus
640 5263 655 5287 ,
690 5223 793 5278 hoc
821 5234 924 5288 est,
950 5223 1196 5292 quolibet
1225 5231 1485 5290 tempore,
1517 5220 1886 5289 temporisque
1915 5219 2048 5271 arti-

471 5313 595 5369 culo
663 5313 1022 5368 vicissitudini
1107 5313 1454 5381 interitnique
1508 5312 1799 5366 obnoxiam
1881 5309 2049 5363 vitam

475 5402 739 5474 (legimus.
772 5401 959 5472 Neque
987 5418 1117 5472 ergo
1146 5402 1401 5457 divinitas
1435 5402 1910 5471 perturbationum
1949 5401 2054 5453 iut-

543 5559 587 5594 ³⁸
623 5559 781 5615 Joan.
812 5575 849 5626 ι,
885 5560 972 5616 14.

2154 5141 2239 5177 σιν
2269 5122 2486 5190 ἔχοντες
2511 5116 2610 5168 καὶ
2630 5115 2860 5185 τροπὴν,
2886 5107 3242 5178 ἀπολλύμεθα
3262 5106 3353 5159 τὸν
3375 5103 3568 5164 αἰῶνα,
3592 5114 3743 5151 τουτ-

2154 5215 2302 5268 έστιν
2329 5214 2389 5264 ὲν
2433 5207 2597 5262 παντί
2626 5224 2685 5262 τε
2741 5203 2920 5274 καιρῷ
2950 5203 3046 5256 καὶ
3080 5201 3259 5272 χρόνῳ
3305 5194 3536 5267 φθαρτοί
3571 5195 3742 5262 ἐσμεν

2155 5307 2250 5359 καὶ⁸
2278 5300 2516 5374 τρεπτοί.
2569 5297 2695 5352 Οῦτ⁹
2742 5293 2836 5350 οὖν
2865 5295 2926 5348 τὸ
2959 5295 3114 5348 Θεῖον
3165 5291 3362 5360 γένοιτ’
3405 5288 3468 5341 ἄν
3503 5301 3633 5338 ποτε
3683 5284 3743 5335 ἐν

2160 5395 2492 5467 παρατροπῇ
2522 5392 2621 5462 τῆς
2653 5390 2790 5452 ἰδίας
2823 5387 3194 5457 ὲδραιότητος,
3229 5383 3464 5449 ἐξωσθὲν
3494 5381 3600 5434 ὑπὸ
3634 5377 3744 5431 τῶν

1070 5561 1110 5592 ’⁷
1153 5559 1332 5614 Galat.
1368 5573 1439 5623 ιν,
1469 5558 1522 5611 4.
1601 5557 1646 5588 ’⁸
1689 5556 1918 5626 Philipp.
1948 5572 2007 5620 ιι,

2174 5555 2218 5587 ⁸³
2258 5549 2424 5609 Hebr.
2460 5565 2519 5616 ιι,
2553 5549 2640 5603 Η.
2719 5547 2762 5579 ³ο
2804 5545 3036 5601 Baruch.
3074 5559 3154 5608 ιιι,
3189 5543 3242 5598 3.

1564 5695 1738 5748 Variae
1763 5694 2022 5749 lectiones
2046 5692 2250 5748 codicis
2278 5687 2636 5759 Seguicriani.

551 5837 582 5877 ς
618 5829 716 5898 τὴν
747 5828 848 5896 ἐφ’.
933 5841 950 5867 τ
990 5829 1242 5898 ὓπαρξιν.

1325 5838 1345 5864 ⁸
1389 5827 1844 5898 ὑπερισχύουσαν.
1932 5833 1947 5866 ⁸
1988 5830 2368 5903 παραφθοράν.
