4060 6412
316 441 459 498 H59

313 553 506 608 παθῶν
524 569 540 584 ο
567 551 681 606 οὔτ’
713 551 780 605 ἂν
807 551 841 622 ἠ
871 550 1085 621 φθαρτή
1108 567 1168 603 τε
1193 551 1288 604 xui
1320 551 1679 624 άλλοιουμένη
1708 556 1895 624 φύσις,

311 643 599 697 τουτέστιν
642 643 676 712 ἡ
726 642 985 711 γεννητὴ,
1013 640 1512 710 καταπλουτήσειεν
1545 641 1613 695 ἂν
1659 644 1895 714 οὐσιώδη

313 734 416 806 τὴν
443 733 729 805 άτρεψίαν,
795 730 902 786 οὐδ’
955 730 1022 785 ἂν
1061 732 1393 800 ὲπαυχήσειε
1437 735 1550 796 τοϊς
1597 736 1696 804 τῆς
1744 734 1895 798 θείας

316 825 536 894 φύσεως
565 824 809 893 ἀγαθοῖς,
845 824 920 884 ὡς
955 823 1127 887 ἰδίοις,
1155 825 1189 892 ἡ
1234 824 1434 887 κτίσις·
1467 825 1758 879 ἀκούσεται
1785 827 1896 898 γὰρ

315 919 582 987 εὐλόγως·
617 937 635 969 t
656 917 844 986 Τίγάρ
866 915 1006 985 ἔχεις
1026 915 1054 968 ὃ
1086 916 1184 968 οὐκ
1207 915 1433 983 ἔλαϐες;
1461 936 1479 968 ι
1516 917 1640 970 Ὅτι
1658 919 1715 972 δέ
1748 921 1896 972 ἐστιν

314 1011 588 1080 ἄτρεπτος
613 1008 710 1079 μὲν
744 1008 838 1061 xui
860 1006 1222 1070 ἀναλλοίωτος
1245 1008 1523 1073 παντελῶς
1549 1010 1582 1079 ἡ
1603 1009 1697 1063 τοῦ
1721 1011 1895 1078 Λόγου

314 1101 502 1171 φύσις,
538 1098 802 1168 ἀλλοιωτὴ
829 1097 886 1150 δὲ
913 1095 1148 1167 πάντηὴ
1177 1097 1398 1166 γενητὴ,
1436 1098 1780 1170 καταθρήσαι
1810 1118 1896 1164 τις

313 1191 382 1245 ἂν
419 1192 514 1245 xui
543 1191 665 1244 λίαν
704 1189 962 1253 εὐκόλως,
989 1188 1466 1258 άναμελῳδοῦντος
1504 1191 1562 1242 ἐν
1607 1191 1894 1260 Πνεύματι

314 1281 412 1336 τοῦ
447 1281 714 1352 μακαρίου
740 1279 904 1331 Δαυῖδ
923 1296 938 1310 υ
977 1299 993 1327 ‹
1016 1280 1080 1331 Οἱ
1105 1277 1328 1349 οὐρανοὶ
1362 1279 1710 1344 ἀπολοῦνται,
1746 1281 1809 1332 σὺ
1839 1281 1896 1335 δὲ

313 1373 598 1442 διαμένεις
620 1391 632 1404 ο
661 1375 758 1430 xui
787 1377 990 1440 πάντες
1022 1377 1098 1440 ὼς
1143 1378 1360 1448 ἱμάτιον
1398 1378 1893 1448 παλαιωθήσονται,

315 1466 414 1518 xui
443 1466 575 1518 ὡσεὶ
630 1467 980 1539 περιϐόλαιον
1016 1468 1210 1536 ἑλίξεις
1247 1471 1468 1534 αὐτοὺς,
1511 1471 1605 1523 καὶ
1656 1471 1891 1541 ἀλλαγή-

317 1573 505 1608 σονται
525 1572 539 1584 °
573 1557 637 1609 σὺ
667 1558 724 1610 δὲ
761 1561 790 1612 ό
821 1560 985 1624 αὐτὸς
1016 1556 1085 1624 εἴ,
1113 1561 1210 1614 xui
1235 1561 1306 1614 τὰ
1334 1561 1426 1633 ἔτη
1462 1578 1554 1614 σου
1588 1562 1688 1615 οὐκ
1718 1563 1897 1616 ἐκλεί-

311 1645 497 1713 ψουσι.
537 1666 556 1699 ι
591 1648 701 1702 Ποῦ
731 1650 1023 1721 τοιγαροῦν
1062 1652 1373 1722 μεμένηκεν
1404 1653 1432 1705 ὁ
1473 1653 1636 1715 αὐτὸς
1667 1652 1748 1705 ἔτι
1776 1655 1804 1706 ό
1833 1656 1896 1706 ἐκ

313 1735 452 1789 Θεοῦ
505 1738 700 1806 Λόγος,
751 1739 915 1810 εἴπερ
945 1741 1093 1794 ἐστὶν
1145 1741 1343 1810 ἀληθὲς
1375 1743 1571 1805 εἰπεῖν,
1596 1743 1676 1796 ὅτι
1713 1743 1897 1814 μεθεὶς

311 1829 377 1882 τὸ
403 1830 814 1901 έρηρεισμένως
833 1849 892 1884 τε
919 1834 1013 1885 xui
1038 1833 1349 1904 άκλονήτως
1373 1833 1536 1904 ἔχειν,
1557 1833 1894 1902 καταπεφοί-

1277 437 1367 494 DE
1408 437 1638 494 RECTA
1676 439 1854 508 non,
1895 441 1985 496 an
2024 427 2466 498 TllEODOSlUM
2509 441 2650 496 inp.

3433 445 3572 503 1150

1997 556 2249 626 pulsione
2269 566 2424 611 extra
2449 557 2683 626 propria:
2699 555 3013 612 stabilitatis
3040 554 3246 610 limites
3275 553 3571 626 aliquando

1996 645 2422 714 exturbabitur;
2463 662 2638 716 neque
2671 647 3040 717 corruptibilis
3081 662 3299 701 rursum
3332 656 3387 700 et
3431 646 3572 702 alte-

1999 736 2184 791 rabilis
2215 747 2429 800 natura,
2469 738 2572 792 hoc
2604 747 2690 793 est
2735 747 2944 804 creata,
2986 737 3335 792 essentialem
3373 737 3573 791 immu-

1999 827 2321 882 tabilitatem
2382 828 2708 897 quandoque
2767 827 3144 897 adipiscetur;
3213 843 3390 898 neque
3464 828 3573 882 ulla

1995 921 2216 975 omnino
2249 933 2500 973 creatura
2530 920 2728 974 divinae
2763 929 2970 974 natura:
3002 919 3159 973 bonis
3210 918 3380 973 veluti
3434 933 3565 986 pro-

1996 1011 2130 1081 priis
2187 1009 2480 1078 aliquando
2524 1011 2918 1076 coronabitur;
2968 1009 3152 1064 audiet
3210 1011 3380 1078 enim,
3426 1020 3479 1063 et
3520 1009 3574 1063 id

1996 1100 2210 1169 quidem
2251 1101 2447 1156 merito
2501 1119 2515 1156 :
2573 1119 2592 1151 ‹
2649 1100 2787 1167 Quid
2839 1101 3007 1155 habes
3048 1102 3192 1172 quod
3257 1116 3361 1155 non
3425 1115 3578 1154 acce-

1997 1189 2213 1260 pisti”?
2238 1209 2256 1242 ι
2286 1190 2439 1257 Quod
2469 1201 2646 1245 autem
2669 1192 2837 1261 ipsius
2851 1190 3015 1246 Verbi
3039 1202 3230 1246 natura
3257 1193 3428 1246 modis
3461 1207 3578 1244 om-

1997 1282 2156 1336 nibus
2179 1283 2251 1336 sit
2279 1283 2656 1349 immutabilis,
2699 1296 2754 1338 et
2799 1284 3140 1339 invariabilis
3167 1325 3182 1349 ,
3226 1284 3405 1337 omnis
3446 1297 3578 1338 vero

1996 1382 2175 1427 creata
2206 1375 2424 1427 omnino
2461 1375 2734 1429 mutabilis
2765 1376 2888 1445 ιο,
2919 1375 2972 1429 id
3004 1390 3070 1430 ex
3113 1375 3296 1428 divino
3351 1373 3574 1438 Davide,

1997 1465 2234 1519 suaviter
2251 1465 2304 1518 in
2328 1463 2530 1534 Spiritu
2551 1465 2884 1531 modulante,
2907 1465 3052 1518 nullo
3069 1466 3289 1534 negotio
3309 1462 3577 1531 perspici-

1999 1564 2087 1609 tur
2115 1570 2129 1608 :
2165 1573 2184 1606 ι
2214 1554 2370 1619 Cteli,
2399 1555 2547 1608 canit
2574 1555 2641 1622 is,
2666 1555 2942 1624 peribunt,
2967 1563 3020 1609 tu
3039 1566 3218 1609 autem
3249 1566 3572 1624 permanes;

1997 1657 2052 1702 et
2080 1663 2269 1702 omnes
2303 1648 2446 1702 sicut
2474 1648 2855 1702 vestimentum
2887 1655 3231 1701 veterascent
3257 1685 3272 1711 ,
3331 1654 3387 1698 et
3430 1644 3571 1698 sicut

1996 1739 2335 1810 opertorium
2372 1739 2614 1793 involves
2653 1754 2769 1803 eos,
2803 1739 3234 1794 etmntabuntur
3266 1755 3279 1790 :
3310 1746 3365 1789 tu
3390 1745 3571 1788 autem

1998 1829 2140 1884 idem
2185 1830 2299 1900 ipse
2339 1844 2420 1894 es,
2453 1837 2507 1882 et
2545 1831 2670 1883 anni
2716 1831 2790 1884 tui
2837 1845 2943 1884 non
2969 1827 3308 1884 deficient".
3351 1826 3456 1878 »Αι
3482 1823 3576 1893 qui

312 1935 452 1986 τηκε
494 1922 592 1990 μὲν
617 1923 696 1985 είς
725 1924 863 1992 ὅπερ
887 1924 988 1976 ούκ
1020 1919 1109 1994 ἧν,
1155 1924 1591 1994 μεταπεποίηται
1615 1925 1670 1978 δὲ
1698 1926 1792 1978 xui
1821 1926 1902 1988 είς

2005 1919 2119 1974 lleri
2152 1929 2352 1990 potest,
2380 1929 2437 1973 ut
2469 1920 2563 1974 Dei
2589 1919 2826 1975 Verbum
2861 1921 3000 1975 idem
3027 1933 3252 1990 prorsus
3283 1913 3570 1977 manserit,

316 2011 522 2082 σαρκὸς
562 2012 744 2082 φύσιν,
779 2014 872 2065 xui
905 2015 984 2074 είς
1008 2014 1068 2066 τὸ
1105 2014 1428 2087 φθείρεσθαι
1458 2015 1736 2084 πεφυκός
1767 2010 1892 2085 ’Ἆρ’

311 2100 408 2158 οῦν
436 2105 554 2175 ούχὶ
575 2105 740 2176 λῆρός
767 2124 825 2159 τε
864 2106 968 2176 ήδη
990 2106 1085 2160 xui
1118 2107 1282 2178 μανία
1311 2107 1504 2173 ταυτί;
1537 2108 1716 2160 καίτοι
1775 2107 1894 2169 πῶς

310 2193 380 2248 ἂν
406 2195 701 2247 ὲνδοιάσειέ
739 2213 826 2258 τις
858 2213 873 2259 ;

313 2300 459 2351 ram,
498 2285 600 2341 hoc
630 2296 735 2351 est,
787 2288 839 2340 in
905 2289 959 2342 id
1020 2289 1164 2358 quod
1206 2289 1480 2356 corrumpi
1532 2297 1716 2343 natum
1762 2298 1865 2341 est.
1931 2287 2150 2348 Annon,
2211 2287 2462 2352 obsecro,

2003 2013 2047 2066 si
2070 2027 2195 2066 vere
2219 2011 2484 2066 asseritur
2507 2011 2806 2066 stabilitate
2827 2010 3386 2077 immutabilitateque
3411 2020 3575 2075 quam

2006 2103 2260 2169 habebat,
2297 2103 2512 2168 relicta,
2560 2103 2612 2157 in
2646 2104 2776 2158 illud
2833 2102 3142 2166 transiisse,
3193 2099 3335 2169 quod
3387 2110 3579 2167 suapte

2011 2204 2203 2249 natura
2241 2210 2348 2250 non
2380 2207 2541 2260 erat,
2589 2204 3124 2264 transmutatumque
3163 2207 3283 2248 esse
3312 2194 3366 2245 in
3416 2199 3576 2244 natu-

2536 2287 2724 2342 isthmc
2766 2301 2916 2343 mera
2947 2295 3075 2341 sunt
3105 2285 3341 2342 deliria?
3368 2297 3577 2349 annon,

313 2388 506 2448 aperte
555 2389 684 2433 sunt
737 2379 1008 2435 insanias?
1067 2383 1208 2436 Sunt
1259 2384 1508 2451 equidem
1541 2383 1674 2435 citra
1725 2381 1888 2435 ullam
1931 2395 2158 2452 prorsus
2187 2379 2650 2435 controversiam.

389 2473 495 2524 IA'.
540 2472 682 2542 Ὥρα
712 2473 823 2542 γὰρ
855 2473 1030 2526 εἰπεῖν
1057 2476 1180 2538 ταῖς
1209 2474 1434 2527 ἐκείνων
1462 2473 1726 2544 ἀμαθίαις
1755 2474 1901 2526 ἀντι-

315 2563 596 2624 τείνοντας
645 2563 1043 2633 άμαθέστερον,
1092 2564 1167 2627 ὡς
1203 2563 1351 2616 ἔστιν
1394 2566 1493 2617 οὐκ
1531 2564 1759 2628 ἀπεικὸς
1805 2563 1899 2616 xui

317 2652 420 2717 τὴν
472 2652 574 2704 οὐκ
609 2651 719 2704 άπὸ
746 2650 854 2721 γῆς
900 2652 1078 2722 σάρκα
1123 2652 1260 2723 πρὸς
1285 2661 1314 2689 ιι
1356 2653 1456 2723 τὴν
1497 2655 1596 2720 τῆς
1643 2653 1901 2724 θεότητος

319 2741 485 2809 φύσιν
529 2723 828 2810 ἁναφοίτᾷν
882 2739 1142 2794 δύνασθαί
1174 2758 1323 2805 ποτε,
1360 2742 1456 2795 xui
1488 2742 1589 2811 τῆς
1640 2742 1898 2795 ἀνωτάτω

327 2831 517 2884 πασῶν
547 2832 736 2893 οὐσίας
777 2831 1028 2899 γενέσθαι
1076 2832 1351 2884 σύστασιν.
1394 2833 1456 2885 El
1501 2832 1607 2903 γὰρ
1640 2833 1781 2902 αὐτὴ
1807 2834 1906 2902 τῆς

326 2921 582 2990 θεότητος
613 2922 795 2990 φύσις,
825 2921 968 2974 κατά
1001 2939 1062 2990 γε
1108 2922 1205 2993 τὴν
1251 2923 1478 2976 ἐκείνων
1510 2924 1908 2994 ἐμϐροντησίαν

321 3014 404 3076 εἰς
431 3012 530 3082 τὴν
560 3013 657 3084 τῆς
695 3014 898 3083 σαρκὸς
933 3015 1359 3084 μετακεχώρηκε
1404 3013 1586 3082 φύσιν,
1625 3015 1798 3077 οὐδὲν,
1833 3015 1910 3079 ὡς

321 3104 497 3169 ἔοικε,
535 3106 596 3157 τὸ
643 3105 908 3177 ἀπεῖργον
946 3107 1048 3171 ἔτι,
1074 3105 1172 3177 τὴν
1200 3106 1300 3176 μὲν
1347 3107 1500 3159 κάτω
1531 3123 1590 3158 τε
1629 3108 1725 3159 καὶ
1768 3106 1908 3159 ἰδίαν

2073 2471 2166 2526 Xl.
2204 2472 2418 2541 Alioqui
2450 2480 2621 2525 restat
2653 2479 2709 2524 ut
2741 2469 3009 2534 dicamus,
3044 2465 3258 2524 illorum
3288 2464 3578 2524 stoliditati

1999 2565 2249 2621 stolidius
2283 2565 2566 2635 quidpiam
2597 2573 2957 2634 opponentes,
2991 2563 3283 2618 absurdum
3315 2576 3418 2615 non
3449 2577 3572 2616 esse

2003 2666 2061 2710 nt
2090 2665 2301 2710 terrena
2331 2655 2498 2710 etiam
2530 2669 2658 2709 caro
2699 2655 2871 2723 possit
2896 2655 2947 2708 in
2975 2652 3279 2709 divinitatis
3320 2661 3571 2706 naturam

2003 2745 2294 2815 aliquando
2342 2745 2628 2808 converti,
2678 2743 2906 2813 ﬁerique
2964 2742 3269 2798 substantia
3331 2742 3579 2795 onmium

2003 2852 2252 2906 suprema
2285 2835 2384 2906 (li.
2415 2834 2548 2888 Nam
2580 2836 2626 2888 si
2658 2835 2840 2887 divina
2868 2834 2982 2901 ipsa
3016 2843 3232 2900 natura,
3260 2832 3416 2896 juxta
3463 2840 3582 2887 stu-

2004 2926 2185 2995 pidum
2225 2926 2442 2980 illorum
2466 2939 2709 2986 sensum,
2744 2925 2966 2978 transiit
2997 2925 3047 2977 in
3080 2924 3266 2980 carnis
3301 2932 3579 2988 naturam,

2005 3017 2138 3072 nihil
2163 3017 2384 3072 obstare
2414 3016 2649 3078 videtur,
2675 3015 2964 3085 quominus
2992 3029 3141 3080 caro,
3191 3013 3504 3069 inferiorem
3531 3024 3587 3068 et

2004 3107 2284 3177 prepriam
2339 3105 2734 3160 transcendens
2799 3112 3096 3170 naturam,
3166 3101 3588 3157 transformetnr

323 3196 489 3266 φύσιν
545 3197 962 3267 ύπερπέτασθαι
1017 3197 1116 3266 τὴν
1175 3197 1374 3268 σάρκα,
1431 3197 1902 3268 μεταπλάττεσθαι

2010 3198 2174 3252 etiam
2229 3198 2280 3250 in
2341 3197 2596 3250 deitatem
2640 3204 2695 3248 et
2733 3209 3001 3249 summam
3056 3194 3370 3248 essentiam.
3415 3193 3581 3260 Atqui

318 3289 377 3342 δὲ
423 3289 518 3340 xui
569 3288 704 3359 πρὸς
760 3287 1033 3359 θεότητα,
1092 3290 1188 3341 καὶ
1230 3290 1310 3351 είς
1357 3289 1544 3341 οὐσίαν
1599 3288 1698 3360 τὴν
1760 3290 1904 3341 ἀνω·

317 3379 489 3433 τάτω.
543 3377 682 3430 Ἀλλ’
731 3378 792 3430 ού
848 3380 970 3441 ταῖς
1044 3379 1267 3430 ἐκείνων
1319 3377 1634 3440 ἀσυνεσίαις
1702 3377 1765 3430 τὸ
1815 3377 1906 3429 εύ-

323 3468 512 3532 πειθὲς
573 3469 951 3541 χαριούμεθα,
1018 3468 1262 3541 ἑψόμεθα
1305 3479 1334 3507 ν
1383 3469 1441 3523 δὲ
1515 3470 1718 3541 μᾶλλον
1784 3473 1904 3534 ταῖς

323 3562 499 3624 Θείαις
522 3562 786 3632 Γραφαῖς,
822 3562 922 3617 καὶ
955 3563 1243 3634 Προφήτου
1277 3564 1375 3634 μὲν
1411 3564 1660 3633 λέγοντος
1683 3581 1696 3595 ·
1734 3582 1753 3615 t
1774 3563 1904 3618 Ἰδοὺ

321 3657 359 3727 ἡ
394 3653 664 3725 παρθένος
709 3656 767 3708 ὲν
816 3655 1017 3724 γαστρὶ
1064 3656 1196 3721 ἕξει,
1240 3657 1334 3709 xui
1368 3657 1580 3723 τέξεται
1630 3658 1766 3724 υἱὸν,
1811 3657 1908 3711 xui

324 3747 620 3804 καλέσουσι
671 3747 733 3799 τὸ
785 3746 954 3818 ὄνομα
995 3747 1158 3800 αὐτοῦ
1221 3749 1596 3820 Ἐμμανουήλ·
1653 3769 1672 3802 ι
1733 3768 1906 3805 κατα-

326 3837 723 3908 σφραγίξοντος
755 3837 813 3891 δὲ
851 3838 950 3908 τὴν
984 3839 1445 3910 προαναφὼνησιν
1489 3839 1582 3893 τοῦ
1633 3842 1903 3914 μακαρίου

326 3930 367 3986 Γ
373 3929 590 4001 αὸριὴλ,
619 3930 712 3982 καὶ
733 3929 831 4000 τὴν
858 3930 1065 3984 ἄνωθεν
1097 3930 1277 4000 ψῆφον
1305 3934 1369 4000 τῇ
1409 3931 1666 4003 παρθένῳ
1689 3933 1908 4004 διερμη-

325 4021 608 4085 νεύοντος·
645 4041 665 4072 ‹
691 4021 783 4092 Μὴ
826 4021 991 4090 φοϐοῦ
1028 4022 1154 4092 γάρ,
1185 4021 1312 4090 ἔφη,
1357 4024 1628 4094 Μαριάμ·
1661 4025 1743 4078 ὅτι
1795 4027 1906 4080 ίδοὺ

330 4113 578 4184 συλλήψῃ
613 4116 672 4165 ἐν
699 4114 918 4184 γαστρὶ,
957 4113 1214 4186 καὶρτέξῃ
1246 4113 1382 4177 υἱὸν,
1423 4116 1517 4167 καὶ
1568 4116 1821 4182 καλέσεις
1848 4119 1908 4172 τὸ

326 4204 500 4275 ὄνομα
551 4204 718 4258 αὐτοῦ
767 4205 998 4274 Ἰησοῦν.
1040 4224 1058 4258 ι
1106 4207 1201 4258 Ἐκ
1253 4209 1513 4274 γυναικὸς
1558 4204 1652 4262 οὖν
1691 4209 1909 4282 ἀληθῶς

328 4297 694 4366 γεγεννῆσθαι
745 4298 1078 4368 πιστεύομεν
1136 4298 1227 4351 τὸν
1279 4299 1650 4371 Ἑμμανουὴλ,
1704 4303 1800 4355 καὶ
1848 4302 1910 4355 τὸ

328 4389 586 4459 λαμπρόν
615 4406 676 4442 τε
703 4391 797 4445 xui
833 4390 1163 4458 ἀξιάγαστον
1203 4392 1302 4462 τῆς
1341 4393 1552 4446 ἑαυτῶν
1583 4393 1802 4462 φύσεως
1847 4395 1909 4448 οὐ

2008 3305 2113 3345 non
2153 3290 2224 3342 ita
2265 3288 2582 3356 desipimus,
2627 3301 2729 3340 nec
2777 3295 2922 3340 tanta
2979 3285 3202 3338 levitate
3252 3298 3464 3346 sumus,
3501 3291 3578 3349 ut,

2007 3380 2338 3452 posthabitis
2371 3387 2577 3433 sanctae
2606 3378 2907 3447 Scriptura:
2942 3377 3162 3438 litteris,
3203 3375 3407 3428 insana:
3462 3373 3586 3426 illo-

2011 3489 2129 3527 rum
2184 3470 2473 3526 sententiae
2527 3481 2636 3524 tam
2712 3469 2906 3525 leviter
2967 3467 3414 3529 subscribamus,
3465 3481 3588 3520 cum

2008 3563 2272 3633 propheta
2317 3563 2519 3616 diserte
2574 3560 2760 3614 dicat:
2800 3578 2818 3610 ‹
2861 3559 3002 3613 Ecce
3047 3557 3200 3628 virgo
3229 3554 3498 3623 concipiet
3535 3562 3592 3607 et

2007 3654 2182 3724 pariet
2239 3653 2441 3719 lilium,
2489 3661 2545 3707 et
2594 3651 2878 3706 vocabitur
2933 3664 3128 3704 nomen
3197 3648 3314 3715 eius
3368 3646 3591 3700 Emma-

2009 3746 2132 3802 nuel
2161 3746 2237 3812 ³³;
2262 3764 2282 3797 ›
2325 3745 2625 3813 beatusque
2667 3742 2880 3796 Domini
2919 3740 3147 3809 angelus
3187 3737 3432 3803 Gabriel,
3462 3751 3592 3806 pro-

2007 3838 2184 3905 phetze
2217 3835 2498 3891 oraculum
2546 3834 2885 3888 conﬁrmans
2934 3831 3269 3898 cmlesteqne
3311 3831 3592 3882 decretum

2013 3926 2212 3996 Virgini
2236 3940 2532 3995 exponens,
2561 3925 2632 3978 ita
2661 3923 2916 3992 praedicet
2945 3937 2960 3973 :
2991 3939 3009 3971 ‹
3033 3920 3110 3973 Ne
3140 3920 3354 3982 timeas,
3386 3917 3588 3970 Maria:

2009 4033 2134 4074 ecce
2166 4019 2438 4082 concipies
2464 4018 2516 4071 in
2539 4027 2715 4078 utero,
2741 4022 2795 4068 et
2817 4014 2994 4082 paries
3031 4011 3220 4074 lilium,
3275 4019 3330 4062 et
3361 4007 3588 4063 vocabis

2012 4124 2203 4164 nomen
2239 4107 2355 4178 ejus
2397 4107 2578 4162 Jesutn
2608 4106 2674 4159 ³⁸.
2725 4123 2744 4154 ‹
2785 4102 3191 4157 Etnmanuelem
3229 4099 3458 4167 proinde
3516 4111 3584 4152 ex

2011 4201 2237 4256 muliere
2261 4213 2386 4254 vere
2444 4210 2632 4252 natum
2665 4205 2832 4263 ,certo
2871 4195 3187 4258 credimus;
3237 4207 3412 4261 neque
3460 4190 3588 4244 illu-

2011 4301 2179 4348 strem
2211 4291 2377 4354 illam,
2425 4303 2750 4358 summaque
2795 4285 3156 4340 admiratione
3191 4284 3407 4352 dignam
3435 4290 3594 4334 natu-

2012 4399 2088 4438 ra;
2109 4391 2306 4438 nostrae
2327 4381 2574 4453 gloriam,
2606 4381 2650 4434 si
2676 4387 2826 4433 certe
2852 4377 3113 4446 sapimus,
3137 4372 3593 4443 aspernabimnr;

329 4481 642 4552 διωσόμεθα
697 4483 994 4556 καύχημα,
1035 4485 1359 4556 φρονοῦντες
1398 4485 1594 4556 ὀρθῶς.
1650 4487 1902 4558 Ἐπεδρά‹

2014 4476 2254 4544 suscepit
2294 4487 2527 4543 namque
2566 4472 2897 4543 Unigenitus
2951 4483 3058 4522 non
3102 4466 3375 4537 propriam
3431 4471 3593 4517 natu-

335 4572 466 4636 ξατο
494 4585 521 4613 κ
551 4572 660 4643 γὰρ
685 4573 714 4625 ὁ
747 4574 1057 4645 Μονογενὴς
1102 4575 1225 4644 οὐχὶ
1260 4574 1360 4644 τῆς
1406 4575 1543 4638 ιδίας
1570 4576 1788 4645 φύσεως
1815 4572 1910 4648 (ἦν

328 4660 443 4730 γὰρ
477 4660 543 4714 ἂν
571 4661 726 4715 οὐδέν
750 4679 802 4716 τι
834 4662 1034 4733 μᾶλλον
1060 4663 1129 4717 τά
1150 4662 1273 4717 καθ’
1309 4665 1459 4734 ἡμᾶς
1489 4665 1547 4718 ὲν
1577 4666 1910 4736 ἀμείνοσιν),

329 4751 446 4804 ἀλλ’
463 4753 584 4806 οὐδὲ
605 4755 704 4824 τῆς
731 4755 1004 4824 ἀγγέλων*
1025 4755 1181 4823 ἀλλὰ,
1209 4775 1227 4807 ‹
1261 4757 1579 4826 σπέρματος
1602 4757 1876 4829 Ἀϐραὰμ,
1891 4777 1910 4811 ι

329 4844 480 4897 καθὰ
526 4845 857 4917 γέγραπται.
883 4843 992 4900 τΗν
1039 4848 1148 4916 γάρ
1198 4848 1368 4913 οὕτω,
1405 4851 1501 4902 xui
1543 4849 1640 4919 οὐχ
1684 4850 1911 4922 ἑτέρως,

328 4937 390 4988 τὸ
425 4935 776 5007 διολισθῆσαν
806 4940 888 5002 είς
918 4938 1127 5010 φθοράν
1165 4938 1556 4993 ἀνασώσασθαι
1587 4939 1764 5007 γένος.

403 5113 507 5167 IB'.
550 5113 615 5166 Τί
657 5114 749 5181 at;
782 5115 905 5186 οὐχὶ
945 5116 1166 5170 κάκεῖνο
1211 5115 1351 5188 πρὸς
1390 5118 1574 5170 τοῖσδε
1632 5116 1910 5170 καταθαυ-

334 5205 475 5274 page
488 5221 536 5258 ιν
569 5205 754 5273 ἆξιον;
791 5208 1075 5278 μονονουχὶ
1103 5208 1212 5280 γὰρ
1254 5210 1350 5262 καὶ
1390 5209 1452 5263 τὸ
1479 5209 1754 5282 ἐρρῶσθαι
1785 5209 1920 5278 φρά-

2015 4583 2129 4622 rant
2170 4567 2297 4639 (hac
2345 4567 2488 4621 enim
2527 4565 2739 4620 ratione
2775 4562 2908 4616 nihil
2958 4558 3208 4614 utilitatis
3249 4567 3454 4611 natum
3496 4571 3596 4610 no-

2010 4670 2140 4715 strai
2169 4659 2536 4730 accessisset),
2563 4658 2655 4713 sed
2686 4671 2862 4726 neque
2886 4653 3184 4725 angelicam
3213 4662 3428 4720 quoque
3470 4662 3591 4702 sus-

2014 4753 2195 4822 cepit;
2241 4767 2452 4814 verum,
2482 4761 2540 4806 ttt
2576 4751 2842 4822 scriptum
2889 4757 3009 4814 est,
3039 4764 3058 4797 ‹
3119 4742 3350 4798 Abrahae
3407 4752 3594 4794 semcn

2017 4843 2377 4912 apprehendit
2409 4843 2479 4898 ³⁸.
2514 4861 2532 4895 ›
2577 4842 2692 4898 Hoc
2725 4841 2894 4902 enim,
2923 4854 3027 4892 nou
3054 4835 3160 4890 alio
3197 4834 3354 4888 modo
3398 4831 3595 4884 huma-

2018 4951 2145 4990 num
2185 4951 2356 5007 genus
2387 4936 2440 4990 in
2476 4934 2759 4989 interitum
2808 4931 3118 5004 prolapsum
3155 4921 3448 4981 instaurari
3494 4935 3597 4989 po-

2019 5035 2181 5080 terat.

2083 5118 2197 5175 XII.
2233 5117 2371 5186 Quid
2405 5119 2627 5174 autem?
2675 5119 2871 5172 Annon
2909 5129 3144 5180 summa,
3173 5123 3380 5180 quaeso,
3414 5102 3595 5159 admi-

2015 5210 2229 5266 ratione
2258 5211 2478 5281 dignum
2513 5220 2617 5276 est,
2664 5209 2957 5278 quosdam,
2989 5208 3116 5261 dum
3155 5211 3390 5258 mentem
3439 5209 3597 5253 suam

405 5361 448 5392 ³¹
491 5361 508 5416 l
544 5359 670 5416 Cor.
705 5377 778 5425 tv,
806 5361 858 5417 7.
937 5362 981 5394 ³³
1020 5360 1162 5418 Psal.
1195 5377 1268 5428 cr,
1305 5363 1389 5428 l7,
1420 5362 1508 5418 l8.
1585 5361 1630 5395 ³⁸
1672 5363 1773 5419 lsa.
1831 5379 1902 5417 vtt

2004 5364 2047 5418 ι.
2126 5365 2173 5397 ³δ
2212 5362 2343 5420 Luc.
2375 5378 2413 5429 ι,
2443 5362 2534 5419 ⁸50.
2613 5363 2656 5396 ³³
2701 5361 2866 5418 Hebr.
2897 5378 2959 5428 tt,
2998 5359 3084 5416 16.

1425 5515 1597 5570 Variae
1617 5517 1872 5572 lectiones
1901 5517 2106 5573 codicis
2131 5517 2491 5586 Seguieriani.

444 5660 470 5686 υ
505 5653 604 5714 εἰς.
681 5660 707 5686 τ
735 5649 1192 5721 προσκεισόμεθα.
1273 5666 1295 5692 ι
1340 5651 1654 5705 ἐπελάϐετο.

411 5801 489 5874 (ι)
519 5802 599 5857 Al.
628 5813 676 5861 et
710 5819 968 5872 suprema:
999 5804 1231 5858 omnium
1257 5805 1567 5860 substantia:
1599 5803 1897 5872 subjectum
1938 5821 2045 5858 esse
2073 5805 2262 5872 possit.
