4060 6446
477 427 606 482 libi

1469 422 1530 478 S.
1570 423 1843 479 CYRILLI
1885 421 2352 477 ALEXANDHINI
2395 423 2712 477 AliClIIEP.

3611 426 3746 480 1152

473 557 724 597 errorum
755 540 1039 611 spiritibus
1073 541 1510 604 accommodant,
1551 541 1858 609 disinmque
1897 538 2046 594 Scri-

2163 554 2350 599 σαντες
2378 539 2444 606 τῇ
2472 535 2818 605 θεοπνεύστῳ
2854 535 3066 605 Γραφῇ,
3103 534 3196 587 καὶ
3225 534 3498 605 πνεύματι
3535 536 3744 608 πλάνης

474 648 644 704 ριιιτευ
682 634 780 702 ll
811 642 1017 687 tantum
1053 647 1156 686 non
1187 633 1434 686 nuntium
1462 633 1704 696 mittunt,
1742 634 1792 685 in
1819 647 1936 685 eam
1976 641 2051 686 teo

475 727 819 789 merimtem,
884 723 1253 793 puerilemque
1290 724 1572 778 stultitiam
1627 724 1945 786 devenisse.
1997 735 2054 779 ut

476 816 799 868 sa-cnlnrum
831 814 1082 882 Opilicem
1142 815 1306 867 Deum
1341 813 1580 867 Verbum
1609 856 1623 879 ,
1664 816 1771 869 Deo
1805 825 1858 869 et
1905 815 2052 869 Patri

473 918 830 967 «ou-ternum,
869 921 963 972 per
985 906 1168 960 carnis
1196 906 1462 974 originem
1493 907 1724 973 primum
1751 907 2051 961 exsislendi

473 997 690 1049 initium
744 997 998 1064 adeptum
1051 1012 1169 1050 esse
1221 998 1596 1060 arbitrentur;
1637 997 1898 1067 illumque
1938 999 2051 1066 jam

474 1103 616 1139 nunc
650 1089 865 1139 demum
907 1099 1092 1139 natmn
1147 1087 1534 1154 imaginentur,
1583 1090 1672 1157 qui
1716 1104 1875 1142 omne
1922 1100 2055 1143 tem-

474 1191 574 1244 pus
623 1186 674 1228 et
707 1193 879 1228 :rvum
916 1176 1210 1237 antecedit,
1255 1185 1307 1229 ut
1362 1175 1502 1231 Deus
1534 1179 1621 1231 vix
1673 1181 1892 1232 tandem
1946 1179 2054 1232 ali-

472 1267 715 1334 quando,
751 1279 944 1332 nempe
984 1264 1245 1318 extremis
1284 1266 1432 1320 hisce
1476 1267 1873 1322 incarnationis
1915 1278 2053 1322 tem-

473 1355 699 1423 poribus
736 1355 909 1409 l'actus
939 1357 1010 1408 sit
1049 1354 1241 1422 Pater;
1299 1367 1351 1411 et
1401 1358 1468 1422 is,
1519 1374 1613 1428 per
1657 1376 1816 1429 quem
1847 1364 2052 1426 omnia,

473 1456 526 1500 et
558 1449 606 1499 in
644 1462 750 1515 quo
782 1447 984 1511 omnia,
1013 1457 1192 1501 sumat
1221 1450 1518 1504 cxsistendi
1552 1451 1761 1504 initium
1797 1468 1901 1505 una
1932 1469 2054 1507 cum

474 1536 700 1604 templo,
764 1537 907 1603 quod
941 1537 1112 1590 edidit
1144 1535 1352 1608 Virgo?
1382 1540 1572 1592 Annon
1603 1540 1766 1608 igitur
1796 1541 1859 1594 ad
1910 1556 2056 1594 sum-

477 1642 621 1678 mum
657 1626 926 1680 malorum
968 1626 1248 1695 fastigium
1284 1642 1652 1696 pervenerunt
1680 1669 1695 1693 ,
1730 1631 1819 1698 qui
1858 1631 2056 1685 mentis

477 1727 698 1785 stupore
730 1719 972 1786 oppressi
1001 1759 1015 1782 ,
1051 1717 1247 1773 fabulae
1279 1720 1415 1774 adeo
1451 1721 1671 1774 animali
1708 1731 1763 1774 et
1793 1737 2052 1776 exsecra-

477 1810 569 1862 bili
621 1819 727 1863 tam
769 1819 1021 1878 prompto
1059 1811 1243 1864 animo
1285 1811 1594 1866 inhrrreut?
1628 1830 1646 1863 ι
1693 1812 1831 1867 Vere
1867 1813 2054 1881 sepul-

2160 630 2252 682 τὸν
2287 630 2486 682 οἰκεῖόν
2531 645 2675 689 τινες
2707 627 3073 696 ἀπονέμοντες
3115 625 3260 690 νοῦν,
3291 629 3372 690 είς
3409 627 3566 680 τοῦτο
3610 631 3746 682 καθ-

2166 720 2340 772 ίκοντο
2363 718 2705 781 δυσϐουλίας,
2741 719 2832 770 καὶ
2868 717 3262 787 μειρακιώδους
3291 717 3640 788 ἀϐελτηρίας,
3667 720 3744 784 ὠς

2160 810 2366 863 οἴεσθαι
2403 810 2532 871 δεῖν,
2563 810 2654 861 τὸν
2699 809 2805 860 τῶν
2841 806 3054 860 αἰώνων
3099 808 3451 880 δημιουργὸν,
3487 808 3580 862 τὸν
3621 828 3745 866 συν-

2162 901 2331 953 αἲδιον
2363 901 2439 969 τῷ
2484 899 2603 968 Θεῷ
2634 899 2728 952 καὶ
2775 883 2950 965 Πατρὶ
2979 898 3112 950 Θεὸν
3152 899 3345 967 Λόγον,
3376 903 3441 971 τῇ
3470 901 3571 971 τῆς
3608 919 3746 973 σαρ-

2163 993 2256 1054 κὸς
2288 992 2498 1059 γενέσει
2531 989 3115 1061 συμπαρομαρτοῦσαν
3157 990 3300 1059 ἔχειν
3327 993 3426 1062 τῆς
3457 994 3747 1065 ὑπάρξεως

2162 1085 2262 1153 τὴν
2297 1084 2492 1152 ἀρχὴν,
2538 1083 2636 1135 καὶ
2687 1083 2913 1150 ὀψιγενῆ
2949 1081 3315 1149 φαντάζεσθαι
3347 1083 3437 1136 τὸν
3487 1085 3748 1138 ἐπέκεινα

2165 1176 2366 1238 παντὸς
2393 1175 2589 1236 αἰῶνος
2625 1175 2720 1226 καὶ
2753 1173 2948 1242 χρόνου
2969 1191 2982 1202 ·
3002 1173 3077 1235 ὡς
3109 1173 3166 1224 ἐν
3190 1174 3445 1242 ἐσχάτοις
3474 1177 3568 1227 καὶ
3594 1176 3750 1245 μόλις

2162 1265 2384 1333 τοῖςτῆς
2406 1263 2868 1334 ὲνανθρωπήσεως
2893 1267 3126 1334 καιροῖς,
3151 1265 3369 1334 Πατέρα
3385 1265 3750 1334 μὲνγενέσθαι

2162 1355 2252 1407 τὸν
2281 1355 2442 1407 Θεόν·
2480 1353 2857 1408 συνεισϐαλεῖν
2889 1354 2946 1406 δὲ
2978 1353 3167 1424 ὥσπερ
3195 1355 3274 1417 εἰς
3297 1355 3357 1407 τὸ
3382 1351 3524 1409 εἶναί
3557 1373 3617 1409 τε
3655 1357 3752 1410 καὶ

2164 1443 2463 1510 ὑφεστάναι
2510 1443 2588 1512 τῷ
2631 1446 2694 1496 ἐκ
2743 1444 2844 1512 τῆς
2891 1443 3166 1514 Παρθένου
3197 1443 3329 1510 ναῷ,
3371 1445 3462 1498 τὸν
3490 1446 3556 1499 δι’
3588 1441 3648 1498 οὗ
3680 1450 3748 1501 τὰ

2163 1535 2364 1598 πάντα,
2393 1536 2487 1590 καὶ
2521 1534 2578 1587 ἐν
2601 1526 2646 1600 ᾧ
2669 1533 2736 1586 τὰ
2759 1535 2957 1588 πάντα.
2987 1529 3112 1604 'Ap‘
3145 1529 3239 1587 οῦν
3271 1535 3394 1604 οὑχ).
3425 1536 3561 1606 πρὸς
3594 1537 3752 1606 λῆξιν

2164 1625 2262 1695 ἤδη
2291 1626 2389 1694 τὴν
2422 1624 2684 1678 ἀνωτάτω
2712 1623 3064 1694 διεληλάκασι
3114 1622 3222 1678 τῶν
3255 1624 3463 1688 κακῶν,
3493 1627 3543 1678 οἱ
3578 1626 3750 1697 μῦθον

2163 1714 2306 1768 οὕτω
2341 1715 2562 1787 γραώδη
2597 1716 2691 1768 καὶ
2730 1714 2985 1785 βδελυρὸν
3031 1716 3433 1786 προχειρότατα
3461 1717 3749 1788 προσηκάο

2169 1823 2340 1876 μενοι,
2364 1807 2457 1858 καὶ
2494 1807 2594 1877 τῆς
2625 1807 2866 1878 ἀκράτου
2896 1806 3127 1868 νωθείας
3163 1807 3252 1858 τὸν
3277 1808 3477 1859 οἰκεῖον
3504 1809 3750 1879 ἀναπλη-

478 1917 629 1953 erum
670 1911 862 1970 patens
894 1911 978 1954 est
1007 1912 1192 1970 guttur
1221 1919 1446 1968 eorum;
1482 1915 1536 1958 et
1573 1905 1769 1975 linguis
1809 1907 1921 1959 suis
1959 1907 2054 1961 do-

2163 1895 2436 1966 ρώσαντες
2476 1896 2633 1960 νοῦν;
2676 1915 2693 1947 ι
2730 1897 2913 1965 Τάφος
2959 1895 3173 1965 ἀληθῶς
3209 1896 3562 1966 ἀνεῳγμένος
3587 1900 3614 1950 ὁ
3647 1897 3748 1952 λά-

478 1991 593 2046 lose
619 2003 782 2060 agunt
811 2016 820 2046 :
855 2007 1122 2046 venenum
1160 1995 1408 2063 aspidum
1435 1997 1535 2049 sub
1565 1996 1722 2050 labiis
1751 2012 1938 2050 eorum
1962 2015 1976 2062 ;
1998 2015 2058 2052 os

477 2095 664 2134 eorum
703 2079 1087 2136 maledictione
1117 2089 1170 2136 et
1193 2083 1557 2139 amaritudine
1583 2085 1796 2154 plenum
1827 2098 1910 2142 est
1933 2087 1997 2140 “.
2035 2108 2051 2140 ι

475 2169 629 2226 Illum
664 2189 934 2242 namque,
972 2190 1071 2244 per
1106 2190 1267 2243 quem
1320 2176 1627 2232 subsistunt
1674 2180 1878 2245 omnia,
1933 2191 2059 2236 ante

476 2265 656 2318 omnia
686 2264 962 2322 exstitisse
1012 2268 1324 2322 necessario
1359 2269 1768 2337 intelligendum
1814 2282 1916 2326 est.
1950 2270 2058 2327 Sed

477 2355 609 2425 quid
663 2365 920 2425 agerent,
954 2373 1078 2411 cum
1126 2355 1369 2413 Joannes
1403 2360 1651 2415 scribat:
1687 2378 1707 2412 ι
1760 2361 1816 2414 In
1853 2363 2056 2432 princi-

477 2446 567 2514 pio
607 2457 724 2502 erat
769 2447 1028 2514 Verbum,
1058 2459 1112 2504 et
1146 2448 1382 2505 Verbum
1417 2461 1535 2505 erat
1573 2453 1714 2520 apud
1749 2451 1960 2521 Deum;
2005 2462 2060 2509 et

481 2537 622 2592 Deus
657 2549 777 2593 erat
829 2540 1110 2597 Verbum:
1168 2541 1269 2596 hoc
1320 2552 1440 2596 erat
1499 2544 1551 2598 in
1599 2543 1868 2615 principio
1917 2547 2059 2616 apud

480 2629 691 2685 Deum?
726 2630 918 2686 Omnia
956 2649 1051 2702 per
1087 2634 1261 2701 ipsum
1303 2633 1446 2691 facta
1497 2645 1644 2697 sunt.
1685 2646 1738 2691 et
1771 2638 1892 2692 sine
1940 2638 2059 2709 ipso

479 2721 683 2776 factum
719 2733 802 2778 est
835 2739 1010 2794 neque
1044 2741 1235 2790 unum,
1273 2727 1416 2796 quod
1457 2725 1656 2780 factum
1707 2737 1791 2783 est
1819 2728 1883 2782 ⁸⁷.
1922 2747 1940 2781 ι
1995 2730 2062 2785 Et

478 2815 588 2867 alio
619 2831 833 2870 rursum
863 2814 1023 2871 loco:
1066 2833 1086 2867 ι
1124 2816 1277 2884 Quod
1327 2817 1426 2871 fuit
1457 2817 1525 2871 ab
1555 2819 1731 2884 initio,
1769 2820 1912 2888 quod
1963 2833 2060 2874 au—

479 2905 738 2971 divimus,
789 2909 930 2976 quod
964 2908 1198 2961 vidimus
1231 2910 1409 2964 oculis
1470 2913 1696 2976 nostris,
1740 2912 1880 2980 quod
1931 2928 2058 2982 per-

479 2998 794 3066 speximus,
851 3009 903 3053 et
957 3017 1152 3056 manus
1209 3015 1408 3056 nostra:
1464 3012 1947 3059 contrectaverunt
1995 3006 2060 3060 de

480 3088 660 3145 Verbo
687 3093 809 3146 vitae
836 3109 850 3147 :
875 3103 928 3147 et
949 3093 1054 3147 vita
1088 3096 1426 3148 manifestata
1463 3105 1587 3162 est;
1617 3105 1671 3149 et
1704 3097 1939 3150 vidimus
1963 3138 1978 3162 ,
2007 3105 2061 3151 et

480 3191 766 3249 testamur,
801 3195 854 3238 et
889 3187 1278 3241 annuntiamus
1337 3189 1489 3241 vobis
1539 3189 1704 3240 vitam
1768 3199 2053 3250 mternam,

478 3291 596 3344 qua:
628 3287 745 3329 erat
777 3279 916 3344 apud
955 3277 1192 3342 Patrem,
1223 3289 1277 3333 et
1299 3279 1550 3347 apparuit
1579 3280 1735 3333 nobis
1766 3279 1830 3332 ³⁸.
1861 3297 1880 3330 ι
1916 3279 2056 3344 Quin

477 3379 532 3423 et
586 3369 699 3436 ipse
734 3386 947 3439 quoque
993 3371 1250 3425 Christus
1296 3371 1500 3427 Judaeis
1549 3380 1656 3424 tam
1704 3373 2056 3439 spectabilem

478 3460 795 3514 Substantiae
819 3477 930 3515 suae
961 3463 1342 3528 antiquitatem
1371 3463 1688 3531 neutiquam
1713 3465 1944 3517 obscure
1966 3464 2051 3517 in-

480 3549 682 3604 sinuat.
718 3552 850 3606 Cum
880 3553 1023 3606 enim
1054 3555 1303 3608 dicerent
1341 3571 1354 3606 :
1398 3571 1418 3604 ι
1453 3553 1852 3622 Quinquaginta
1889 3569 2060 3610 annos

481 3644 718 3694 nondum
752 3643 944 3706 habes,
977 3653 1031 3698 et
1064 3645 1338 3718 Abraham
1384 3645 1569 3698 vidisti
1599 3645 1688 3698 ὀἳ
1722 3664 1738 3696 ι
1783 3645 2060 3713 Ejusmodi

480 3748 801 3802 responsum
824 3745 1010 3802 aperte
1036 3735 1272 3789 tulerunt
1299 3754 1311 3766 ·
1349 3755 1366 3786 ι
1399 3737 1592 3798 Amen,
1623 3751 1778 3789 amen
1809 3736 1932 3789 dico
1963 3752 2058 3790 vo-

481 3825 585 3886 bis.
621 3837 910 3895 antequam
962 3827 1236 3881 Abraham
1285 3829 1463 3894 ﬁeret,
1502 3843 1598 3896 ego
1636 3844 1753 3884 sum
1779 3828 1844 3884 “.
1883 3848 1899 3878 ι
1936 3827 2058 3883 Jam

479 3933 600 3969 cum
630 3920 854 3971 verbum
890 3919 1018 3972 illud
1062 3919 1458 3986 substantiale,
1499 3931 1650 3983 erat,
1688 3930 1752 3980 tet
1789 3937 1925 3985 sum,
1965 3922 2062 3974 ah-

480 4009 657 4064 solute
710 4010 814 4065 hoc
882 4010 1003 4066 low
1063 4022 1357 4080 ponantur,
1415 4013 1484 4066 ita
1539 4014 1777 4081 quidem,
1827 4022 1882 4067 nt
1927 4013 2060 4069 nihil

481 4117 703 4169 prorsus
740 4102 1008 4156 inferatur
1036 4120 1050 4169 ;
1083 4105 1446 4170 ecquodnam,
1469 4104 1718 4167 obsecro.
1753 4107 2060 4174 generatio-

481 4191 564 4243 nis
598 4191 809 4244 initium
865 4193 1150 4262 imaginari
1194 4194 1279 4248 hic
1335 4196 1606 4266 quispiam
1661 4199 1902 4266 poterit?
1955 4202 2062 4254 Ant

478 4297 584 4350 qua
632 4286 846 4336 tandem
903 4287 1113 4340 ratione
1163 4287 1281 4341 lieri
1333 4298 1532 4354 potest,
1561 4298 1618 4341 ut
1665 4289 1708 4342 is
1752 4292 1841 4359 qui
1897 4307 2058 4360 supra

478 4385 694 4424 onlnem
749 4381 984 4426 mentem
1029 4382 1083 4427 et
1135 4389 1356 4428 sensum
1403 4377 1456 4428 in
1509 4375 1774 4446 principio
1821 4389 1959 4442 erat,
2007 4381 2058 4433 in

481 4472 721 4530 tempore
752 4473 807 4516 ut
861 4465 1210 4527 subsisteret,
1248 4466 1539 4521 inclinatus
1581 4467 1789 4522 fuerit?
1826 4470 1978 4535 Quod
2010 4469 2055 4523 si

2165 1989 2298 2059 ρυγξ
2345 1989 2526 2042 αὑτῶν
2549 2031 2563 2054 ,
2597 1992 2717 2052 ταῖς
2767 1987 3040 2057 γλώσσαις
3075 1988 3252 2042 αὑτῶν
3286 1988 3624 2042 ἐδολιοῦσαν·
3670 1991 3748 2054 ίὺς

2160 2079 2403 2133 ἀσπίδων
2437 2081 2542 2132 ὑπὸ
2571 2079 2641 2132 τά
2687 2081 2840 2150 χείλη
2890 2080 3089 2145 αὐτῶν,
3135 2073 3210 2133 ὧν
3259 2081 3435 2150 στόμα
3476 2082 3615 2151 ἀρᾶς
3651 2083 3748 2135 καὶ

2165 2171 2397 2242 πικρίας
2436 2173 2620 2242 γέμει.
2652 2191 2670 2223 ι
2705 2172 2808 2224 Τὸν
2833 2172 2942 2242 γάρ
2975 2190 3058 2225 τοι
3093 2172 3160 2226 δι’
3189 2165 3251 2224 οὗ
3294 2173 3366 2226 τά
3399 2174 3612 2238 πάντα,
3651 2173 3748 2227 καὶ

2163 2264 2575 2334 προϋφεστάναι
2604 2264 2714 2317 τῶν
2750 2265 3014 2320 πάντων]
3049 2265 3263 2337 ἀνάγκη
3295 2268 3456 2319 νοεῖν.
3495 2264 3640 2318 Τίδέ
3679 2265 3746 2336 δὴ

2163 2357 2258 2408 καὶ
2284 2356 2458 2427 δρῷεν
2485 2355 2585 2422 ἀνς
2625 2357 2875 2411 Ἰωάννου
2909 2357 3009 2427 μὲν
3040 2357 3381 2428 γράφοντος·
3424 2377 3443 2409 ι
3484 2359 3572 2412 Ἐν
3599 2358 3743 2428 ἀρχῇ

2159 2444 2228 2520 ἦν
2259 2449 2288 2502 ὁ
2321 2449 2512 2517 Λόγος.
2542 2448 2635 2502 καὶ
2663 2451 2691 2507 ό
2719 2448 2891 2517 Λόγος
2922 2445 2991 2520 ἦν
3032 2448 3167 2520 πρὸς
3202 2449 3292 2502 τὸν
3320 2449 3474 2514 Θεὸν,
3495 2449 3588 2502 καὶ
3613 2448 3747 2511 Θεὸς

2159 2537 2228 2612 ἦν
2247 2543 2276 2594 ὁ
2297 2541 2465 2610 Λόγος
2484 2557 2499 2572 ·
2531 2533 2687 2604 οὗτος
2718 2535 2789 2612 ἦν
2828 2543 2886 2593 ἐν
2918 2541 3063 2616 ἀρχῇ
3095 2539 3233 2612 πρὸς
3265 2539 3356 2594 τὸν
3383 2540 3536 2594 Θεόν·
3566 2539 3748 2593 πάντα

2160 2633 2228 2690 δι’
2263 2631 2431 2688 αὑτοῦ
2464 2633 2704 2702 ἐγένετο,
2734 2631 2830 2686 καὶ
2853 2632 3025 2703 χωρὶς
3057 2631 3226 2688 αὑτοῦ
3262 2631 3480 2700 ἐγένετο
3509 2631 3630 2685 οὑδέ
3663 2630 3743 2696 ἐν,

2160 2726 2189 2780 ὃ
2226 2725 2442 2795 γέγονε.
2479 2743 2498 2775 ι
2532 2726 2640 2778 Καὶ
2678 2725 2841 2782 πάλιν
2861 2741 2876 2755 ο
2909 2742 2930 2776 ι
2963 2726 3028 2778 '0
3057 2719 3127 2795 ἦν
3152 2724 3250 2783 ἀπ’
3291 2724 3466 2796 ἀρχῆς
3491 2765 3508 2789 ,
3541 2724 3570 2778 δ
3604 2725 3747 2794 ἀκη-

2161 2817 2388 2888 κόαμεν,
2420 2816 2448 2869 ὃ
2476 2815 2808 2886 ἑωράκαμεν
2840 2816 2956 2878 τοῖς
2987 2814 3289 2884 ὀφθαλμοῖς
3319 2816 3500 2886 ἡμῶν,
3533 2815 3563 2868 ὃ
3587 2815 3745 2869 ἐθεα-

2162 2907 2397 2978 σάμεθα,
2432 2908 2526 2967 καὶ
2562 2908 2618 2960 αἱ
2649 2909 2832 2977 χεῖρες
2876 2905 3037 2978 ἡμῶν
3068 2905 3454 2977 ἐψηλάφησαν,
3490 2907 3618 2978 περὶ
3647 2905 3747 2960 τοῦ

2160 3000 2337 3067 Λόγου
2368 3000 2462 3070 τῆς
2501 2998 2651 3068 ζωῆς
2671 3015 2686 3030 ·
2725 2998 2818 3051 καὶ
2849 2999 2883 3067 ἡ
2917 2997 3031 3068 ζωὴ
3057 2996 3402 3068 ἐφανερώθη,
3431 2998 3528 3051 καὶ
3564 2998 3747 3068 ἑωρά-

2162 3108 2338 3161 καμεν
2363 3132 2378 3156 ,
2424 3091 2518 3143 καὶ
2554 3089 2964 3162 μαρτυροῦμεν,
3015 3089 3110 3142 καὶ
3160 3089 3575 3160 ἀπαγγέλλομεν
3616 3090 3747 3160 ὑμῖν

2161 3183 2260 3252 τὴν
2307 3181 2451 3253 ζωὴν
2491 3180 2592 3252 τὴν
2639 3180 2878 3244 αἰώνιον,
2915 3181 3038 3250 ἥτις
3079 3175 3148 3251 ἦν
3196 3180 3333 3251 πρὸς
3366 3181 3460 3233 τὸν
3497 3182 3744 3252 Πατέρα,

2166 3275 2258 3326 καὶ
2292 3272 2614 3344 ἐφανερώθη
2647 3273 2802 3342 ἡμῖν.
2840 3290 2860 3324 ι
2908 3271 3082 3325 Αὑτοῦ
3117 3273 3174 3326 δέ
3204 3271 3443 3343 Χριστοῦ
3475 3273 3574 3344 τῆς
3609 3273 3750 3338 ιδίας

2165 3365 2455 3436 ὑπάρξεως
2495 3366 2594 3433 τὴν
2638 3364 2882 3418 ἄποπτον
2929 3365 3264 3436 ἀρχαιότητα
3307 3368 3420 3430 τοῖς
3472 3365 3749 3431 Ἰουδαίοις

2164 3459 2680 3528 κατασημήναντος.
2749 3457 2970 3529 Ἐπειδὴ
3017 3458 3124 3529 γὰρ
3166 3457 3434 3528 ἔφασκον·
3483 3478 3502 3510 ι
3550 3459 3751 3531 Πεντή-

2164 3542 2330 3601 κοντα
2377 3548 2471 3618 ἐτη
2517 3546 2670 3601 οὑπω
2715 3547 2893 3617 ἔχεις,
2946 3550 3041 3602 καὶ
3095 3548 3346 3620 Ἀδραάμ
3400 3548 3684 3620 ἐώρακας;
3721 3569 3742 3602 ι

2163 3641 2504 3711 ἀντήκουσαν
2575 3639 2861 3710 ἐναργῶς·
2919 3659 2938 3692 ι
2983 3640 3156 3712 Ἀμὴν
3205 3641 3350 3708 λέγω
3394 3641 3559 3712 ὑμῖν,
3614 3643 3749 3711 πρὶν

2175 3732 2426 3803 Ἀϐραὰμ
2466 3731 2759 3799 γενέσθαι,
2798 3731 2908 3800 ἐγώ
2945 3734 3080 3802 εἰμι.
3121 3751 3140 3784 ι
3185 3728 3260 3787 Ob
3291 3732 3349 3786 δὲ
3380 3733 3441 3786 τὸ
3472 3730 3552 3804 ἦν
3595 3735 3744 3788 ἐστιν

2163 3821 2602 3892 ἐπενηνεγμένου
2637 3822 2886 3892 μηδενὸς,
2923 3821 3014 3874 ναὶ
3047 3821 3154 3892 μὴν
3181 3822 3274 3875 καὶ
3303 3823 3384 3886 τὸ,
3415 3823 3556 3892 εἰμὶ,
3585 3823 3741 3877 τέτα-

2164 3930 2290 3966 κται
2329 3913 2537 3982 σαφῶς,
2569 3913 2689 3965 τίνα
2725 3912 2824 3982 τῆς
2866 3913 3136 3980 γενέσεως
3169 3914 3381 3967 κατίδοι
3411 3932 3496 3977 τις
3543 3914 3610 3968 ἂν
3643 3919 3747 3984 τὴν

2162 4004 2365 4074 ἀρχήν;
2405 4004 2474 4056 Ἢ
2515 4003 2638 4058 τίνα
2677 4004 2742 4074 δὴ
2772 4005 2973 4076 τρόπον
3011 4005 3040 4057 ὁ
3072 4003 3146 4057 ὣν
3179 4005 3238 4057 ἐν
3278 4005 3422 4076 ἀρχῇ
3452 4008 3516 4076 τῇ
3546 4006 3750 4070 παντὸς

2163 4096 2421 4148 ἐπέκεινα
2451 4095 2568 4158 νοῦ,
2589 4097 2958 4166 παραδέξαιτο
2978 4095 3045 4156 ἂν
3073 4096 3134 4149 τὸ
3162 4097 3218 4148 ἐν
3251 4097 3430 4167 καιρῷ
3460 4097 3749 4154 κεκλίσθαι

2167 4185 2300 4255 πρὸς
2333 4185 2595 4260 ὓπαρξινς
2642 4187 2704 4239 Et
2739 4187 2838 4256 μὲν
2867 4182 2960 4240 οὖν
2984 4203 3068 4250 τις
3109 4186 3283 4245 ἕλοιτο
3308 4197 3329 4223 ι
3378 4186 3590 4250 τούτοις
3623 4203 3751 4257 σχο-

2164 4277 2438 4350 λαιότερον
2489 4279 2878 4350 ἀντιφέρεθαι,
2934 4278 3167 4349 χαλεπὸν
3225 4279 3399 4344 οὐδὲν,
3455 4281 3585 4343 τοὺς
3645 4279 3751 4350 τῆς

2165 4371 2523 4425 θεοπνεύστου
2567 4372 2605 4424 Γ
2613 4372 2789 4443 ραφῆς
2830 4373 3307 4444 παρακομίζοντας
3332 4375 3544 4442 λόγους,
3580 4374 3648 4427 τά
3683 4376 3751 4427 ἐκ

2164 4465 2264 4531 τῆς
2295 4463 2519 4517 ἐκείνων
2537 4465 2934 4537 ἐμϐροντησίας
2966 4466 3371 4538 ἀποκρούεσθαι
3403 4466 3554 4537 βέλη.
3579 4467 3661 4520 Τά
3682 4483 3750 4533 γε

477 4553 602 4621 quis
630 4553 788 4621 paulo
813 4554 1018 4609 diutius
1054 4555 1258 4608 versari
1313 4556 1366 4612 in
1409 4556 1510 4610 hac
1539 4557 1906 4627 disputatione
1941 4560 2055 4613 vel-

2174 4554 2279 4626 μὴν
2307 4555 2478 4618 οὕτως
2521 4555 2728 4628 ἐναργῆ
2773 4558 3035 4611 νοσοῦντα
3074 4559 3165 4611 τὸν
3193 4557 3434 4628 ἔλεγχον,
3479 4557 3576 4612 καὶ
3610 4557 3749 4616 πολὺ

478 4642 572 4708 let,
606 4643 823 4698 diﬂicile
847 4662 951 4701 non
989 4657 1157 4712 esset,
1185 4647 1516 4704 testimoniis
1547 4648 1854 4702 divinarum
1885 4649 2057 4707 Litte-

478 4753 657 4791 rarum
695 4739 798 4810 12
843 4740 896 4792 in
941 4740 1178 4794 medium
1230 4740 1498 4805 adductis,
1541 4743 1778 4796 vesania:
1830 4742 2057 4812 hujusce

479 4830 582 4884 tela
619 4833 903 4899 repellere.
952 4830 1150 4885 Verum
1194 4847 1662 4900 supervacaneum
1699 4834 1859 4898 duco,
1897 4835 1963 4888 de
1990 4834 2058 4889 iis

477 4936 597 4989 quae
626 4931 734 4976 tam
765 4930 953 4990 aperta
984 4923 1321 4992 turpitudine
1353 4923 1630 4989 laborant,

2167 4645 2286 4701 λίαν
2317 4646 2508 4716 ἔχοντα
2555 4647 2617 4700 τὸ
2659 4648 2930 4712 ἀκαλλὲς,
2993 4649 3246 4720 περιττὸν
3289 4645 3446 4720 οἶμαί
3511 4665 3612 4701 που
3654 4649 3751 4702 καὶ

2167 4740 2447 4809 φροντίδος
2496 4738 2700 4806 ἀξιοῦν.
2751 4741 2962 4794 Οὐκοῦν
3008 4743 3096 4794 ἐπ’
3138 4743 3314 4796 ἐκεῖνο
3363 4741 3564 4813 ἴωμεν,
3609 4741 3750 4812 ὅπερ

2165 4833 2282 4885 ἐστὶ
2317 4833 2426 4885 τῶν
2457 4833 2920 4904 κατεγνωσμένων
2952 4833 3233 4903 συγγενές.

1706 4933 1964 4994 tantaque
2031 4923 2295 4977 facilitate
2371 4923 2620 4993 redargui
2646 4936 2892 4993 possunt,
2938 4927 3165 4981 omnino
3225 4939 3444 4982 curare.
3471 4923 3649 4990 Quare
3677 4920 3749 4976 ad
3814 4919 3823 4926 ’

479 5019 531 5073 id
572 5017 712 5084 quod
747 5016 1040 5081 damnatis,
1077 5017 1228 5072 hisce
1255 5015 1604 5085 opinionibus
1631 5027 1919 5086 cognatum
1951 5025 2056 5084 est,
2089 5015 2200 5084 jam
2233 5032 2378 5072 nunc
2409 5019 2715 5072 orationem
2780 5031 3186 5076 convertamus.

548 5107 687 5164 XIII.
724 5106 864 5162 Snnt
895 5107 985 5162 alii
1019 5109 1184 5179 igitur
1213 5149 1228 5174 ,
1276 5109 1368 5178 qui
1412 5110 1656 5165 veritatis
1697 5109 2054 5179 pulchritudi-

480 5218 600 5256 nem
641 5204 972 5264 ohseurant,
1025 5200 1383 5270 eamdemque
1427 5201 1652 5268 perinde
1685 5216 1749 5256 ac
1785 5201 2053 5256 nnmisma

480 5295 749 5361 quoddam
804 5291 1211 5356 adulterantes,
1271 5293 1706 5362 extollentesque
1775 5295 1827 5348 in
1883 5294 2071 5349 altum.

480 5398 671 5451 cornu,
715 5383 1105 5452 iniquitatem,
1137 5393 1195 5438 ut
1233 5385 1494 5452 scriptum
1542 5394 1628 5440 est
1672 5385 1742 5449 “,
1790 5385 2055 5442 adversus

2236 5109 2300 5162 ΙΓ
2301 5116 2333 5162 ⁸.
2375 5111 2865 5181 Παρασημαίνουσι
2915 5112 3022 5185 γάρ
3053 5129 3198 5175 τινες
3237 5110 3337 5180 τῆς
3386 5108 3646 5180 ἀληθείας
3683 5107 3746 5160 τὸ

2163 5200 2390 5268 κάλλος,
2441 5203 2692 5275 καθάπερ
2729 5221 2781 5257 τι
2810 5205 3054 5275 νόμισμα
3105 5201 3515 5274 κιὸδηλεύοντες
3537 5241 3551 5264 ,
3583 5201 3748 5255 ἐπαί-

2164 5289 2349 5360 ροντές
2377 5307 2435 5342 τε
2462 5291 2540 5354 εἰς
2571 5291 2707 5361 ὕψος
2734 5291 2794 5344 τὸ
2824 5293 2992 5363 κέρας
3013 5333 3028 5358 ,
3078 5293 3172 5346 καὶ
3201 5291 3417 5346 ἀδικίαν
3452 5288 3745 5354 λαλοῦντες

2164 5384 2305 5440 κατά
2337 5387 2432 5440 τοῦ
2463 5386 2620 5452 Θεοῦ,
2658 5385 2801 5440 κατά
2832 5385 2894 5439 τὸ
2916 5387 3324 5459 γεγραμμένον.
3365 5382 3742 5455 Ἀνύπαρκτόν

545 5540 752 5596 "Psal.
788 5557 902 5607 xm,
929 5541 984 5608 5,
1018 5543 1069 5598 4.
1149 5544 1191 5575 ³⁷
1222 5541 1380 5598 Joau.
1417 5559 1454 5610 ι,
1492 5545 1596 5600 1-5.
1636 5541 1718 5595 ³³1
1755 5537 1972 5610 learnt,
2008 5545 2056 5610 I,

2187 5545 2232 5579 ⁸⁸
2255 5543 2407 5600 Joan.
2440 5562 2556 5611 vni,
2586 5544 2675 5598 57.
2719 5543 2763 5574 “
2805 5543 2932 5598 ibid.
2964 5544 3053 5599 58.
3123 5544 3163 5578 "
3207 5541 3346 5599 Psal.
3379 5557 3564 5604 ωιιίιν,
3600 5541 3652 5606 5,
3685 5541 3736 5594 6.

1570 5699 1743 5756 Varia:
1767 5701 2024 5760 lectiones
2049 5702 2248 5759 codicis
2272 5701 2632 5773 Seguicriani.

550 5837 578 5877 1
606 5832 789 5884 ὄντων.
873 5841 891 5866 τ
923 5833 1161 5901 βούλοιτο
1182 5835 1262 5889 vel
1289 5833 1398 5890 ἕλοι
1427 5833 1503 5886 τό.
