4060 6412
334 383 471 439 H53

1289 379 1378 435 DE
1414 379 1642 436 RECTA
1685 379 1866 439 FIDE.
1909 380 2000 433 Al)
2040 379 2481 438 TIIEODOSIUM
2524 381 2663 438 NP.

3465 399 3603 456 ΗΜ.

325 519 386 552 τε
456 499 551 552 καὶ
605 496 791 560 ίδικῶς
840 496 938 566 οὑχ
994 495 1343 567 ὑφεστηκότα
1405 495 1763 566 φαντάζονται
1818 499 1903 552 τὸν

2017 497 2182 551 Deum
2236 496 2552 568 loquuntur.
2617 502 2991 571 tutaginantur
3035 507 3180 562 enim
3251 509 3598 582 Uuigcuitum

325 589 637 660 Μονογενῆ·
673 589 768 642 καὶ
797 588 896 641 οὐκ
925 585 1063 642 εἶναι
1101 588 1200 658 μὲν
1244 589 1302 640 ὲν
1345 589 1640 642 ὑποστάσει
1671 591 1738 659 τῇ
1788 587 1910 641 καθ’

327 682 546 743 ἑαυτὸν,
577 680 730 753 ῥῆμα
755 679 814 731 δὲ
843 677 1034 741 ἁπλῶς
1057 719 1072 744 ,
1115 680 1207 732 καὶ
1239 678 1394 746 λόγον
1439 678 1529 732 τὸν
1561 679 1704 732 κατὰ
1745 679 1912 749 μόνην

318 769 427 840 τὴν
461 770 744 843 προφορὰν
772 767 1027 838 γενέσθαι
1072 768 1226 841 παρά
1278 767 1436 822 Θεοῦ.
1476 769 1564 832 Ὧς
1608 770 1703 822 καὶ
1731 771 1788 823 ὲν
1827 771 1913 822 άν-

328 861 535 932 θρώπῳ
565 859 888 930 κατοικῆσαί
931 877 1095 929 φασιν
1143 862 1193 913 οἱ
1233 860 1483 925 τάλανες.
1532 860 1821 926 Συνθέντες
1853 861 1910 914 δὲ

326 955 472 1010 οὕτω
498 953 591 1008 τὸν
624 952 852 1026 Ἰησοῦν,
886 952 1060 1020 ἁγίων
1090 952 1190 1023 μὲν
1224 947 1364 1004 εἷναί
1397 970 1562 1022 φασιν
1587 955 1907 1024 ἁγιώτερον,

323 1049 390 1101 οὑ
423 1046 528 1118 μὴν
555 1044 636 1098 ἐτι
670 1047 764 1099 καὶ
782 1043 938 1103 Θεὸν.
963 1044 1174 1098 Οὐκοῦν
1199 1043 1341 1098 καθὰ
1365 1045 1459 1098 καὶ⁹
1491 1048 1519 1099 6
1539 1044 1634 1098 τοῦ
1659 1046 1910 1116 Σωτῆρος

327 1139 636 1193 ἐπιστέλλει
672 1137 922 1209 μαθητὴς
945 1177 960 1201 ,
993 1137 1078 1201 τίς
1124 1139 1276 1190 ἐστιν
1309 1139 1336 1191 6
1365 1136 1625 1207 ψεύστης,
1675 1139 1724 1190 εί
1775 1138 1848 1208 μὴ
1881 1139 1910 1190 6

324 1232 684 1304 ἀρνούμενος,
715 1231 796 1284 ὅτι
839 1229 1048 1302 Ἰησοῦς
1072 1231 1173 1284 οὑκ
1213 1229 1362 1284 ἐστιν
1395 1233 1423 1284 6
1450 1230 1720 1302 Χριστός;
1753 1226 1910 1294 οὗτός

323 1327 474 1378 ἐστιν
521 1328 549 1377 6
584 1323 973 1394 Ἀντίχριστος,
1015 1325 1042 1376 6
1071 1322 1408 1393 ἀρνούμενος
1439 1321 1532 1376 τδν
1559 1322 1780 1393 Πατέρα
1814 1321 1910 1375 καὶ

320 1415 418 1468 τὸν
450 1413 590 1466 Υίόν.
625 1413 741 1475 Πᾶς
774 1413 802 1464 6
833 1410 1165 1482 ἀρνούμενος
1195 1411 1287 1463 τὸν
1317 1411 1467 1474 Υίὺν,
1519 1411 1642 1464 οὐδὲ
1672 1411 1764 1463 τὸν
1797 1412 1909 1464 Πα-

321 1506 460 1576 τέρα
499 1505 643 1574 ἔχει·
687 1505 716 1556 6
761 1503 1039 1574 ὁμολογῶν
1079 1502 1169 1556 τὸν
1212 1503 1368 1568 Υἱὸν,
1411 1503 1506 1556 καὶ
1551 1505 1641 1558 τὸν
1687 1503 1908 1576 Πατέρα

323 1597 464 1666 ἔχει.
517 1597 720 1664 Ἀμφω
766 1595 876 1665 γὰρ
929 1595 1020 1648 καὶ
1071 1593 1138 1646 δι’
1195 1595 1434 1664 ἀμφοῖν,
1497 1596 1593 1648 καὶ
1650 1597 1910 1668 ἑκάτερος

323 1691 384 1742 ὲν
417 1688 662 1758 ἑκατέρῳ
687 1727 700 1753 ,
738 1687 878 1758 πρός
924 1703 983 1740 τε
1023 1686 1184 1757 ἡμῶν
1229 1687 1414 1740 αὑτῶν
1475 1689 1569 1740 καὶ
1600 1687 1708 1740 τῶν
1738 1687 1907 1756 ἁγίων

321 1782 577 1851 ἀγγέλων
623 1779 1099 1849 ἐπι-γινώσκονται.
1131 1783 1205 1834 ()6
1237 1781 1344 1853 γὰρ
1384 1783 1448 1836 ἀν
1479 1799 1562 1846 τις
1611 1783 1904 1854 ἀναμάθοι,

2015 587 2108 642 Dei
2162 589 2395 644 Verbum
2431 594 2854 663 anhyposlaton,
2892 598 2996 653 hoc
3046 610 3150 667 est,
3199 603 3596 670 subsistentia,

2015 680 2097 734 vel
2130 681 2428 751 hypostasi,
2459 699 2562 750 qua
2604 699 2701 754 per
2728 701 2788 741 se
2817 703 2943 742 vere
2972 705 3036 745 ac
3061 693 3283 762 proprie
3311 697 3597 764 subsistat,

2013 771 2376 840 destitutum;
2415 777 2621 830 nudtnn
2667 789 2851 834 autem
2891 782 3141 852 verbum,
3195 801 3260 842 ac
3292 788 3598 860 simplicem

2012 879 2322 920 sermonem
2353 867 2464 921 sola
2499 871 2947 936 pronuntiatione
2979 888 3009 927 a
3053 875 3162 931 Deo
3200 879 3406 933 editum
3447 894 3593 936 esse.

2014 956 2124 1011 Hoc
2154 972 2318 1028 porro
2343 960 2680 1028 prolatitium
2714 962 2942 1019 verbum
2975 967 3162 1024 miseri
3191 970 3267 1025 illi
3298 973 3348 1026 in
3377 973 3597 1031 homine

2012 1048 2350 1105 inhabitasse
2379 1051 2670 1108 afﬁrmant.
2698 1053 2774 1109 Ita
2800 1061 3163 1127 compositum
3199 1061 3388 1119 Jesum
3422 1077 3586 1121 caete-

2011 1141 2088 1196 ris
2117 1142 2328 1198 sanctis
2351 1158 2473 1198 esse
2493 1145 2644 1199 aiunt
2671 1148 3026 1216 sanctiorem,
3052 1167 3159 1208 non
3187 1165 3368 1211 tamen
3401 1158 3593 1215 Deum.

2010 1233 2082 1287 At
2123 1235 2266 1303 quis,
2321 1245 2382 1290 ut
2433 1235 2733 1294 Salvatoris
2792 1243 2962 1296 nostri
3016 1245 3321 1315 discipulus
3382 1251 3594 1317 scribit,

2013 1328 2242 1381 mendax
2271 1336 2376 1392 est,
2412 1329 2515 1383 nisi
2556 1330 2601 1385 is
2632 1333 2724 1402 qui
2795 1345 2959 1403 negat
2987 1340 3242 1406 quoniam
3284 1339 3444 1396 Iesus
3488 1360 3594 1398 non

2010 1429 2096 1475 est
2119 1422 2390 1477 Christus.
2424 1421 2526 1478 Hic
2580 1435 2666 1479 est
2716 1424 3108 1494 Antichristus,
3139 1433 3230 1500 qui
3283 1445 3442 1502 negat
3493 1434 3594 1488 Pa-

2015 1521 2149 1566 trem
2196 1525 2250 1566 et
2298 1513 2519 1568 Fliium.
2570 1513 2765 1572 Omnis
2816 1519 2908 1588 qui
2957 1532 3122 1590 negat
3171 1522 3388 1590 Filium,
3420 1542 3596 1595 neque

2010 1600 2229 1657 Patrem
2284 1603 2494 1659 habet:
2531 1606 2623 1674 qui
2670 1607 2960 1662 conﬁtetur
3005 1610 3223 1675 Filium,
3275 1624 3329 1667 et
3373 1613 3593 1670 Patrem

2011 1695 2194 1749 habet.
2221 1693 2463 1766 Uterque
2490 1704 2573 1752 est.
2597 1699 2744 1752 enim
2779 1715 2878 1769 per
2907 1710 3202 1771 utrumque
3233 1721 3247 1770 ;
3283 1714 3336 1759 et
3369 1717 3598 1776 uterque

2011 1803 2224 1841 rursum
2251 1803 2375 1842 cum
2407 1791 2476 1844 ab
2510 1791 2742 1859 angelis,
2781 1801 2893 1846 tum
2936 1809 2964 1846 a
3007 1795 3168 1850 nobis
3215 1797 3348 1866 ipsis
3381 1813 3598 1867 quoque

320 1875 377 1927 τί
412 1877 528 1926 ἐστι
559 1871 770 1943 Πατὴρ,
811 1874 859 1925 εί
894 1871 968 1943 μὴ
1000 1872 1128 1925 Υίὸν
1163 1873 1452 1939 ὑφεστῶτά
1484 1891 1544 1926 τε
1590 1874 1684 1927 καὶ
1714 1890 1903 1942 γεγεν-

2013 1876 2064 1929 in
2103 1876 2280 1932 altero
2337 1892 2470 1932 esse
2526 1881 2887 1949 dignoseitur.
2923 1880 3072 1937 Haud
3126 1859 3270 1939 enim
3326 1859 3594 1957 quismatn

320 1968 560 2038 νημένον
616 1965 918 2031 είσδέξαιτο
962 1967 1106 2020 κατά
1149 1966 1294 2020 νοῦν.
1339 1967 1477 2021 Ἀλλ’
1509 1968 1618 2021 οὐδ’
1678 1969 1744 2022 ἂν
1781 1969 1810 2021 ὃ
1855 1968 1910 2021 τί

322 2060 458 2114 ποτέ
489 2063 637 2113 ἐστιν
666 2061 694 2112 6
722 2060 849 2123 Υίὸς
876 2059 1146 2130 ἀναμάθοι
1177 2060 1360 2124 πάλιν,
1389 2062 1437 2113 εί
1463 2062 1560 2130 μὴ,
1579 2061 1661 2114 ὅτι
1691 2061 1910 2114 τέτοκεν

320 2155 353 2206 6
396 2151 610 2223 Πατὴρ,
647 2151 982 2221 διενθυμοῖτο
1017 2150 1224 2218 σαφῶς.
1259 2151 1471 2204 Οὐκοῦν
1505 2153 1798 2218 ἀναγκαῖον
1832 2147 1912 2204 οἷ-

324 2245 426 2315 μαί
454 2260 556 2296 που
587 2244 681 2296 καὶ
706 2241 946 2311 ἀσφαλὲς
977 2244 1171 2307 εἰπεῖν,
1199 2243 1274 2304 ὡς
1303 2244 1460 2314 εἴπερ
1491 2243 1639 2296 ἐστὶν
1671 2242 1913 2313 όινύιιταρ⁶

321 2354 455 2400 κτος
486 2339 515 2390 6
542 2335 689 2400 Υἱὸς,
739 2335 849 2388 οὐδ’
898 2335 962 2390 ἂν
1001 2336 1094 2390 τὸν
1151 2336 1374 2407 Πατέρα
1408 2335 1622 2406 πατέρα
1672 2335 1814 2389 κατά
1849 2335 1909 2388 16

319 2428 523 2498 ἀληθὲς
547 2428 828 2498 νοήσωμεν
853 2427 938 2481 ἄν.
971 2426 1081 2482 Ποῦ
1108 2427 1214 2497 γάρ
1239 2428 1356 2481 ἐστι
1398 2427 1601 2497 πατὴρ,
1636 2429 1685 2479 εί
1717 2427 1791 2498 μὴ
1823 2429 1911 2479 τέ-

318 2539 482 2576 τοκεν
523 2519 770 2592 ἀληθῶς;
822 2520 1046 2590 ἢεῖπερ
1081 2522 1380 2592 γεγέννηκε
1419 2520 1481 2573 τὸ
1519 2519 1596 2591 μὴ
1638 2519 1906 2588 ὑφεστὼς,

323 2612 463 2684 μηδὲ
511 2611 754 2682 ὑπάρχον
801 2611 958 2676 ὅλως,
997 2611 1060 2664 16
1108 2612 1370 2684 γεννηθὲν
1409 2612 1560 2665 ἔσται
1607 2612 1668 2665 16
1721 2611 1906 2682 μηδέν.

318 2705 399 2758 T6
435 2702 547 2776 γάρ
573 2721 657 2757 τοι
693 2703 768 2774 μὴ
791 2703 1041 2773 ὑφεστὼς
1065 2744 1080 2768 ,
1112 2705 1171 2756 ἐν
1203 2705 1304 2774 ῐσῳ
1333 2703 1410 2775 τῷ
1443 2703 1654 2774 μηδενὶ,
1705 2705 1908 2773 μᾶλλον

322 2795 379 2849 δὲ
408 2791 684 2857 παντελῶς
717 2791 903 2847 οὐδέν’
930 2786 1050 2846 εἶτα
1081 2789 1173 2846 τοῦ
1208 2790 1435 2863 μηδενὸς
1473 2790 1626 2844 ἔσται
1659 2789 1850 2861 Πατὴρ
1877 2791 1907 2843 6

322 2884 477 2949 Θεός.

2010 1968 2140 2036 quid
2199 1969 2269 2023 sit
2328 1968 2492 2023 Pater
2529 1971 2803 2038 didicerit,
2861 1975 2963 2028 nisi
3023 1974 3217 2030 Filium
3275 1989 3482 2045 natum,
3540 1991 3596 2036 et

2007 2069 2390 2129 enypostaton,
2428 2061 2531 2116 hoc
2564 2072 2647 2116 est
2694 2078 2791 2132 per
2845 2080 2904 2120 se
2955 2066 3368 2136 subsistentem,
3413 2084 3595 2128 mente

2007 2153 2304 2221 concipiat.
2342 2150 2448 2205 Sed
2481 2168 2657 2223 neque
2686 2156 2814 2224 quid
2843 2159 2914 2212 sit
2944 2159 3136 2226 Filius,
3173 2178 3390 2217 rursum
3427 2165 3594 2220 itrtet-

2009 2242 2102 2313 ligi
2155 2258 2184 2296 a
2232 2257 2505 2312 quoquam
2561 2249 2911 2330 queathnisi
2947 2253 3086 2319 quod
3126 2252 3289 2308 Pater
3319 2259 3591 2326 genuerit,

2014 2331 2219 2402 liquido
2248 2333 2389 2402 apud
2421 2348 2542 2390 sese
2579 2339 2896 2394 constituat.
2933 2340 3300 2408 Quamobrem
3333 2363 3592 2402 necessa-

2015 2424 2156 2478 rium
2188 2435 2318 2494 puto
2351 2439 2413 2480 ac
2441 2442 2693 2483 securum
2747 2431 2864 2486 lore
2906 2433 3089 2489 dicere
3119 2438 3287 2506 quod,
3336 2440 3381 2493 si
3421 2439 3595 2497 Filius

2011 2529 2116 2568 non
2154 2515 2427 2582 subsistit,
2464 2533 2640 2588 neque
2668 2519 2834 2575 Pater
2869 2537 3085 2592 quoque
3112 2541 3240 2581 vere
3271 2527 3432 2583 Pater
3465 2532 3590 2586 erit.

2009 2605 2115 2662 Ubi
2148 2606 2294 2661 enim
2327 2610 2433 2662 erit
2474 2620 2650 2678 pater,
2708 2613 2752 2666 si
2791 2626 2919 2669 vere
2949 2631 3054 2670 non
3101 2621 3330 2687 genuit?
3357 2619 3594 2679 Rursum

2006 2697 2051 2752 si
2088 2698 2140 2750 id
2187 2698 2329 2766 quod
2358 2702 2566 2766 genuit,
2611 2715 2718 2756 non
2759 2705 3028 2774 subsistit,
3088 2720 3180 2764 aut
3228 2715 3449 2769 omnino
3489 2733 3593 2773 non

2005 2787 2262 2854 exsistit,
2324 2788 2498 2857 ipsum
2572 2793 2814 2860 genitum
2887 2797 3024 2865 nihil
3085 2801 3382 2871 quidquam
3445 2808 3590 2863 erit:

2009 2877 2451 2948 quandoquidem
2487 2881 2634 2949 quod
2677 2897 2784 2937 non
2837 2885 3118 2953 subsistit,
3154 2905 3310 2961 teque
3341 2907 3404 2948 ac
3437 2897 3593 2966 nihil,

2007 2978 2101 3022 aut
2125 2967 2210 3040 (ut
2248 2970 2429 3025 verius
2473 2970 2673 3043 dicam)
2701 2974 2836 3030 nihil
2878 2986 2964 3034 est
2992 2992 3259 3050 prorsus:
3285 2999 3418 3057 ergo
3451 2986 3596 3045 Deus

2007 3060 2190 3116 nullus
2212 3061 2375 3117 Pater
2400 3063 2528 3119 erit.

391 3143 492 3198 lA'.
547 3141 687 3196 Ἀλλ’
734 3134 781 3194 ὧ
819 3139 1108 3212 βέλτιστοι,
1150 3138 1318 3210 φαίην
1358 3139 1426 3194 ἃν
1459 3138 1635 3210 ἔγωγε
1669 3139 1808 3212 πρός
1838 3155 1902 3208 γε

2077 3151 2222 3208 XIV.
2283 3154 2485 3209 Verum
2545 3155 2854 3226 huiusmodi
2913 3161 3166 3220 doctores
3219 3169 3413 3225 merito
3459 3187 3596 3228 sane

313 3235 449 3297 τοὺς
475 3233 583 3287 τῶν
603 3231 860 3287 τοιούτων
911 3231 1206 3302 ἐξηγητὰς,
1249 3230 1406 3296 ὕθλος
1431 3232 1638 3294 εἰκαῖος
1666 3231 1736 3284 τὰ
1769 3231 1900 3302 παρ’

314 3325 497 3395 ὑμῶν.
527 3326 598 3378 Ἦ
630 3324 763 3394 γοῦν
793 3325 1042 3396 ἐρομένῳ
1087 3324 1321 3396 φράζετε
1343 3362 1357 3386 ,
1394 3322 1511 3386 πῶς
1556 3321 1833 3393 ἐξαίρετος
1866 3322 1902 3392 ἡ

313 3421 400 3482 είς
431 3419 580 3488 ἡμᾶς
605 3417 884 3487 ἀγάπησις
909 3416 1003 3470 τοῦ
1027 3415 1161 3469 Θεοῦ
1192 3415 1288 3469 καὶ
1334 3415 1567 3486 Πατρός.
1599 3415 1709 3467 Καὶ
1735 3417 1784 3467 εί
1813 3413 1900 3468 δέ·

311 3506 494 3559 δωκεν
517 3505 656 3574 ὑπὲρ
689 3505 845 3576 ήμῶν
886 3504 978 3558 τὸν
1017 3504 1165 3565 Υἰὸν.
1197 3505 1288 3558 τὸν
1319 3504 1439 3558 καθ’
1483 3505 1627 3575 ὑμᾶς
1674 3505 1773 3575 οὑχ
1803 3507 1900 3573 ὑφ-

313 3594 608 3667 εστηκότα,
653 3593 714 3646 τὸ
750 3593 918 3664 μηδὲν
965 3595 1071 3665 ἄρα
1115 3595 1349 3648 δέδωκεν
1381 3595 1521 3665 ὑπὲρ
1568 3594 1746 3664 ἡμῶν.
1790 3595 1902 3648 Καὶ

312 3689 442 3742 οὔτε
475 3688 612 3759 σὰρξ
639 3689 668 3740 6
693 3687 864 3754 Λόγος
894 3688 1140 3755 γέγονεν,
1171 3686 1298 3740 οὑτε
1346 3688 1440 3739 τὸν
1474 3690 1655 3756 τίμιον
1689 3686 1900 3756 ὑπέστη

315 3781 578 3852 σταυρὸν,
615 3778 740 3833 οὔτε
771 3783 1093 3849 κατήργηκε
1139 3778 1236 3832 τοῦ
1285 3779 1519 3832 θανάτου
1573 3779 1635 3832 16
1677 3779 1898 3848 κράτος,

313 3873 442 3926 οὗτε
473 3874 579 3944 μὴν
603 3871 868 3926 ἀνεϐίωσε
898 3871 1081 3927 πάλιν.
1111 3872 1173 3923 El
1207 3871 1316 3940 γάρ
1357 3873 1470 3922 ἐστι
1504 3869 1566 3922 τὸ
1610 3871 1777 3941 μηδὲν
1805 3870 1902 3923 καὶ

313 3963 687 4034 ἀνύπαρκτος,
729 3959 850 4014 καθ’
884 3961 1065 4029 ὑμᾶς,
1091 3959 1208 4023 πῶς
1263 3957 1319 4011 ἔν
1359 3974 1422 4025 γε
1454 3956 1666 4018 τούτοις
1703 3956 1899 4023 γένοιτ’

312 4053 419 4119 ἀν;
452 4051 825 4119 Πεφενάκικεν
868 4045 961 4102 οῦν
994 4048 1102 4119 ἄρα
1138 4050 1236 4117 τῆς
1289 4046 1449 4114 ἁγίας
1489 4046 1714 4116 Γραφῆς
1752 4047 1779 4098 6
1815 4045 1901 4098 λό-

314 4163 416 4215 γος
445 4145 570 4207 τοὺς
600 4143 1058 4205 πεπιστευκότας,
1093 4141 1188 4192 καὶ
1223 4141 1257 4210 ἡ
1283 4139 1381 4208 τῆς
1421 4139 1656 4202 πίστεως
1684 4136 1898 4206 ἑδραιό-

312 4256 418 4309 της
465 4238 677 4306 οἴχεται
711 4234 848 4306 πρὸς
895 4233 956 4287 16
1005 4232 1192 4302 μηδέν.
1239 4231 1302 4284 Τί
1333 4230 1424 4296 δέ;
1485 4230 1586 4283 οὐκ
1619 4232 1676 4283 ὲν
1713 4230 1896 4300 μορφῇ

313 4328 454 4382 Θεοῦ
485 4327 752 4398 ὑπάρχειν
784 4325 875 4377 τὸν
906 4324 1054 4389 Υίὸν,
1097 4323 1158 4376 τὸ
1189 4323 1331 4396 ἱερὸν
1372 4325 1504 4393 ἡμῖν
1550 4325 1897 4394 κατεσήμανε

310 4417 580 4490 Γράμμα,
621 4415 806 4469 εἰκόνα
845 4431 907 4467 τε
937 4414 1098 4466 αὑτὸν
1134 4413 1230 4465 καὶ
1262 4411 1592 4483 χαρακτῆρα
1634 4429 1767 4483 φησι
1799 4412 1895 4466 τοῦ

2005 3259 2237 3315 magnos
2285 3256 2584 3316 nugatores
2635 3251 3044 3320 appellaverim.
3085 3257 3299 3330 Alioqui
3355 3277 3594 3332 percon-

2003 3336 2152 3391 canti
2208 3337 2343 3391 mihi
2375 3340 2722 3409 respondete,
2753 3357 3058 3415 ecquonam
3094 3361 3252 3419 pacto
3279 3351 3373 3409 Dei
3406 3365 3462 3410 et
3491 3353 3594 3410 Pa-

2006 3427 2107 3481 tris
2127 3442 2256 3499 erga
2291 3444 2388 3484 nos
2438 3430 2654 3487 dilectio
2680 3435 2882 3490 eximia
2909 3440 3203 3495 exstiterit.
3236 3441 3370 3498 Nam
3422 3447 3468 3501 si
3499 3447 3593 3502 Fi-

2005 3516 2156 3585 lium,
2225 3520 2318 3589 qui
2357 3531 2543 3576 vestra
2585 3526 2856 3580 sententia
2903 3543 3009 3583 non
3047 3531 3330 3599 subsistit,
3365 3550 3462 3604 pro
3496 3553 3594 3594 no-

2004 3611 2089 3665 bis
2119 3611 2367 3678 tradidit,
2404 3614 2539 3668 nihil
2576 3616 2762 3686 utique
2788 3620 3013 3676 omnino
3057 3625 3228 3679 nostri
3263 3640 3427 3681 causa
3479 3639 3594 3684 tra-

2005 3703 2162 3758 didit.
2199 3703 2306 3760 Sed
2340 3721 2518 3776 neque
2564 3706 2802 3764 Verbum
2833 3727 3048 3783 quoque
3083 3715 3284 3771 factum
3317 3727 3406 3774 est
3439 3735 3590 3792 caro,

2004 3809 2184 3862 neque
2209 3795 2508 3864 pretiosam
2536 3797 2638 3868 13
2661 3815 2880 3855 crucem
2910 3804 3194 3874 sustinuit,
3227 3824 3405 3880 neque
3436 3829 3587 3868 mor-

2006 3886 2074 3941 tis
2103 3887 2390 3956 imperium
2430 3888 2652 3955 delevit,
2687 3906 2864 3961 neque
2911 3895 2964 3948 in
3009 3897 3202 3962 vitam,
3228 3916 3388 3970 quam
3424 3905 3593 3974 depo-

2002 3987 2207 4042 suerat,
2245 3979 2423 4032 denuo
2456 3995 2734 4036 reversum
2783 3995 2885 4040 est.
2922 3984 3057 4041 Nam
3094 3991 3162 4053 si,
3205 4002 3260 4044 ιιι
3290 4008 3383 4048 vos
3414 4011 3587 4065 nuga-

2001 4067 2156 4134 tnitti,
2187 4068 2322 4123 niltil
2350 4078 2455 4133 est,
2493 4066 2668 4139 neque
2725 4076 2776 4129 in
2827 4093 3008 4134 rerum
3059 4092 3248 4136 natura
3299 4087 3586 4156 subsistit;

2001 4174 2109 4228 quo
2147 4171 2304 4230 pacto
2354 4164 2466 4218 ha'c
2507 4165 2560 4218 iu
2609 4166 2756 4219 illum
2801 4172 3173 4228 conveniunt?
3209 4174 3416 4232 Divina:
3459 4194 3589 4250 ergo

2002 4253 2297 4324 Scriptura:
2335 4257 2420 4312 his
2449 4257 2540 4327 qui
2573 4259 2924 4317 crediderunt
2968 4263 3299 4334 imposuere,
3357 4257 3590 4342 ﬁdeique

2000 4345 2234 4402 ﬁrmitas
2273 4353 2489 4405 redacta
2519 4359 2602 4406 est
2648 4352 2702 4406 in
2741 4353 2996 4410 nihilum.
3038 4359 3235 4416 Annon
3274 4377 3446 4416 sacra:
3473 4362 3590 4418 Lit-

2002 4445 2132 4492 tera:
2157 4437 2356 4494 Filium
2400 4441 2450 4495 in
2486 4441 2657 4497 forma
2711 4443 2805 4499 Dei
2855 4462 2976 4500 esse
3015 4463 3114 4503 nos
3160 4451 3357 4506 docent
3393 4452 3490 4507 ""3
3518 4472 3585 4511 an

309 4508 750 4580 Γεγεννηκότος;
780 4507 974 4560 Καίτοι
1008 4505 1125 4568 πῶς
1160 4502 1320 4556 τοῦτό
1357 4505 1506 4558 ἐστιν
1551 4505 1650 4575 οὑχ
1691 4507 1896 4560 ἅπασιν

313 4601 330 4614 .
487 4597 501 4614 ε
626 4597 670 4614 κ.
723 4597 766 4614 ..-
1101 4595 1262 4614 1d,,
1433 4596 1446 4614 ι
1574 4613 1591 4614 η
1662 4597 1738 4614 ε..
1817 4598 1828 4614 ε

2006 4542 2110 4582 non
2135 4528 2412 4585 Genitoris
2446 4532 2739 4604 imaginem
2779 4544 2833 4589 et
2868 4537 3237 4594 characterem
3289 4541 3440 4597 illum
3489 4561 3580 4614 ap-

309 4597 566 4668 ἐναργὲς,
615 4597 672 4651 αἱ
719 4597 776 4649 δὲ
820 4595 1048 4662 εἰκόνες,
1095 4595 1170 4658 ὡς
1199 4595 1268 4648 τὰ
1313 4596 1627 4666 ἀρχέτυπας
1657 4597 1738 4649 δεῖ
1767 4598 1896 4668 γὰρ,

309 4690 488 4753 οὕτως
533 4689 703 4753 αὑτὰς
746 4689 842 4742 καὶ
878 4688 979 4759 οὑχ
1025 4689 1228 4759 ἑτέρως
1262 4687 1424 4759 ἔχειν.
1459 4689 1690 4753 Οὐκοῦν,
1740 4692 1790 4743 εί
1821 4691 1898 4761 μὴ

306 4783 680 4844 ἑνυπόστατος
730 4783 764 4850 ἠ
800 4779 986 4844 εἰκὼν,
1041 4780 1180 4851 μήτε
1228 4781 1334 4852 μὴν
1373 4784 1430 4835 ὲν
1461 4781 1694 4853 ὑπάρξει
1727 4785 1900 4836 νοοῖτο

274 4878 375 4945 ,τῇ
403 4873 525 4927 καθ’
551 4873 742 4926 ἑαυτὸν
789 4875 816 4926 6
843 4874 1133 4944 χαρακτήρ
1153 4889 1170 4904 ·
1211 4874 1584 4929 ἀνυπόστατον
1625 4871 1765 4929 εἶναι
1795 4875 1898 4928 δὼ-

313 4982 529 5030 σουσιν,
567 4964 642 5028 ῶς
679 4965 738 5032 ὲξ
775 4965 1078 5032 ἀναγκαίου
1113 4965 1293 5034 λόγου,
1322 4966 1419 5019 καὶ
1454 4967 1546 5020 τὸν
1575 4962 1748 5037 οὗπέρ
1782 4970 1896 5021 ἐστι

307 5057 624 5131 χαρακτὴρ,
655 5059 750 5111 καὶ
773 5058 832 5110 16
861 5058 960 5130 τῆς
990 5058 1198 5124 εἰκόνος
1230 5059 1463 5125 ἀκαλλὲς
1499 5061 1894 5141 ἀναδραμεῖται

305 5151 532 5212 πάντως
554 5149 648 5202 ἐπὶ
675 5148 736 5201 16
765 5149 1097 5220 ἀρχέτυπον.

382 5326 483 5380 lE'.
527 5319 662 5378 Εἶτα
712 5325 835 5405 εἰπέ
888 5343 1020 5396 μοι,
1073 5327 1342 5392 Φίλιππος
1392 5332 1766 5405 χριστομαθὴς
1816 5335 1895 5390 ὣν

303 5423 472 5488 ἄγαν,
518 5418 611 5472 τὸν
658 5419 792 5472 ὄντα
845 5421 940 5472 καὶ
983 5421 1329 5492 ὑφεστηκότα
1377 5425 1598 5496 Πατέρα
1650 5427 1893 5484 κατιδεῖν

305 5510 487 5577 ἠξίου,
521 5509 694 5577 λέγων
720 5525 732 5539 ·
773 5528 791 5560 ι
820 5509 1016 5581 Κύριε,
1046 5511 1216 5578 δεῖξον
1246 5512 1377 5583 ἡμῖν
1399 5514 1490 5570 τὸν
1525 5517 1764 5590 Πατέρα,
1797 5524 1892 5576 καὶ

304 5599 472 5672 ἀρκεῖ
503 5601 672 5671 ήμῖν;
703 5619 721 5651 ι
773 5599 808 5668 ἧ
859 5600 988 5668 γοῦν
1035 5601 1126 5655 τὸν
1167 5604 1269 5658 οὑκ
1307 5605 1436 5660 ὄντα
1467 5609 1562 5660 καὶ
1589 5610 1890 5666 ἀνυπόστα-

306 5705 430 5755 τον;
465 5689 628 5755 Ἀλλ’,
641 5684 815 5760 οἶμαι,
843 5691 976 5764 φαίη
994 5709 1078 5756 τις
1100 5692 1165 5746 ἂν
1198 5695 1471 5767 μελλήσας
1501 5700 1672 5766 οὐδὲν,
1691 5703 1773 5755 ὃτι
1797 5705 1887 5759 τὸν

381 5827 428 5860 δ’
473 5826 707 5898 Philipp.
742 5845 800 5898 tt,
835 5829 887 5884 6.
968 5832 1011 5861 ⁸³
1054 5831 1218 5888 llebr.
1251 5849 1304 5900 ιι,
1342 5835 1392 5892 5.

1475 5838 1518 5871 ⁸⁸
1556 5838 1716 5897 Joan.
1751 5861 1863 5918 xtv,
1893 5851 1947 5904 8.

1999 4619 2270 4689 pellant“
2293 4621 2318 4674 ?
2343 4622 2408 4675 At
2443 4624 2530 4677 cui
2567 4624 2790 4679 dubium
2821 4642 2942 4682 esse
2997 4640 3176 4699 potest
3218 4633 3480 4704 imagines
3510 4638 3584 4692 ita

2000 4723 2098 4778 per
2135 4712 2316 4767 omnia
2352 4713 2576 4771 aﬂ'ectas
2599 4731 2720 4772 esse
2750 4731 3025 4789 oportere,
3062 4723 3198 4778 sicut
3236 4726 3349 4796 ipsa
3385 4741 3585 4798 proto-

2001 4802 2172 4872 typa?
2209 4805 2282 4858 ita
2311 4807 2482 4872 enim,
2519 4824 2618 4864 nec
2648 4811 2807 4866 aliter
2857 4827 3080 4870 necesse
3112 4827 3195 4872 est
3227 4820 3346 4877 illas
3376 4840 3434 4880 se
3480 4826 3580 4880 ha-

1998 4893 2150 4951 bere.
2190 4897 2246 4951 Si
2281 4913 2411 4968 ergo
2440 4901 2620 4969 imago
2655 4918 2758 4956 non
2786 4905 3060 4973 subsistit,
3089 4925 3263 4980 neque
3297 4918 3586 4975 character

2002 5002 2102 5057 per
2130 5003 2188 5042 se
2228 4991 2479 5057 exsistit;
2517 5004 2571 5045 et
2603 4993 2750 5047 illum
2781 4996 2956 5065 ipsum
2993 5015 3229 5072 quoque,
3263 5007 3416 5077 cujus
3443 5011 3580 5066 inta-

2000 5091 2070 5146 go
2106 5077 2186 5132 vel
2239 5081 2528 5135 character
2573 5093 2678 5150 est,
2739 5102 2843 5142 non
2893 5092 3196 5152 subsistere
3240 5111 3495 5170 oportet:
3535 5107 3580 5160 si

1999 5169 2217 5236 quidem
2251 5170 2504 5239 imaginis
2537 5175 2728 5231 vitium
2758 5179 2812 5234 in
2853 5181 3028 5253 ipsum
3079 5169 3432 5262 archetypum
3468 5209 3582 5250 om.

1997 5261 2128 5315 nino
2158 5262 2446 5318 redundat.

2067 5349 2188 5405 XV.
2214 5350 2485 5408 l’raaterea
2518 5356 2626 5423 dic,
2662 5365 2876 5428 amabo.
2914 5382 3036 5422 cum
3068 5368 3346 5442 Philippus
3374 5374 3576 5434 Christi

1997 5442 2316 5513 discipulus,
2348 5444 2551 5515 Patris,
2585 5453 2676 5520 qui
2722 5465 2804 5510 est
2830 5466 2884 5510 et
2913 5460 3184 5526 subsistit,
3215 5467 3428 5522 videndi
3456 5487 3580 5540 per-

1997 5534 2225 5602 cupidus
2252 5537 2432 5592 aiebat
2464 5556 2478 5592 :
2516 5558 2534 5591 ι
2566 5541 2814 5612 Domine,
2854 5553 3081 5608 ostende
3125 5557 3283 5613 nobis
3336 5534 3574 5629 Patrem,

1993 5633 2048 5678 et
2077 5625 2270 5682 suﬂicit
2301 5630 2456 5685 nobis
2477 5630 2558 5700 “;
2593 5652 2612 5685 ι
2646 5635 2908 5704 ejusmodi
2941 5650 3188 5704 contueri
3231 5651 3465 5720 volebat,
3487 5625 3576 5723 qui

1995 5731 2170 5789 neque
2202 5721 2510 5804 exsisteret,
2547 5743 2722 5800 neque
2769 5733 3129 5794 srbsistcret?
3156 5742 3292 5802 Puto
3321 5759 3451 5802 sane
3485 5721 3579 5806 ne-
