4060 6416
526 375 660 429 Iis}

1500 390 1558 424 δ.
1602 371 1875 425 ωἰιιιλΛ
1920 371 2388 426 ALEXANDRINI
2430 371 2747 427 ARCHIEP.

3641 375 3776 433 “56

520 490 720 541 minem
783 485 1042 551 futurum,
1092 486 1184 554 qui
1252 498 1355 538 non
1416 484 1681 554 intrepide
1754 488 2093 557 respondeat,

2201 489 2328 541 ὄντα
2362 506 2422 540 τε
2458 489 2553 541 καὶ
2588 487 2951 558 ὑφεστηκότα.
2989 487 3159 557 Εἴπερ
3202 481 3294 538 οὖν
3324 486 3440 539 ἐστι
3468 486 3530 540 τὸ
3561 489 3721 559 μηδὲν
3749 495 3779 546 6

521 580 666 632 illum
695 579 874 633 videre
900 577 1241 633 desiderasse
1283 575 1374 646 qui
1419 578 1709 632 exsisteret
1748 589 1802 632 et
1836 580 2101 636 subsiste-

519 681 622 724 ret.
677 669 731 724 Si
780 685 928 735 ergo,
971 669 1123 739 juxta
1153 667 1470 723 effrenatam
1522 667 1734 722 illorum
1793 672 2097 735 audaciam,

519 761 692 816 Filius
723 761 877 815 -nihil
935 771 1040 824 est,
1066 770 1125 815 ut
1185 761 1277 830 qui
1322 775 1424 815 non
1462 761 1756 827 subsistat;
1795 777 1894 814 cur
1938 763 2101 832 igitur

518 869 614 923 per
646 868 703 906 se
757 853 953 922 ipsum,
985 860 1043 904 ut
1085 851 1398 919 imaginem,
1435 851 1500 903 ad
1556 851 1736 906 Patris
1765 854 2096 922 agnitionem

517 945 788 998 adducere
820 957 918 997 nos
973 941 1187 997 voluit?
1238 942 1328 994 Ait
1358 942 1498 995 enim
1536 959 1550 995 :
1587 959 1605 989 σ
1648 941 1824 996 Tanto
1860 954 2100 1013 tempore

516 1035 801 1088 vobiscum
829 1050 972 1099 sum,
1008 1043 1064 1086 et
1088 1048 1191 1087 non
1225 1034 1523 1104 cognovisti
1559 1048 1664 1098 me,
1700 1033 1982 1105 Philippe?
2008 1038 2098 1105 qui

517 1127 662 1178 videt
702 1140 806 1191 me,
841 1126 985 1180 videt
1017 1134 1070 1178 et
1101 1124 1334 1178 Patrem.
1367 1123 1482 1178 Non
1520 1126 1719 1190 credis,
1757 1127 1880 1194 quia
1912 1142 2012 1196 ego
2047 1128 2098 1182 in

520 1217 700 1284 Patre,
735 1231 788 1272 et
836 1217 996 1272 Pater
1030 1217 1082 1271 in
1139 1232 1224 1270 me
1255 1227 1337 1272 cst
1365 1217 1448 1271 "‘1
1485 1218 1595 1286 Ego
1626 1228 1681 1272 et
1725 1218 1887 1273 Pater
1933 1237 2096 1274 unum

518 1326 705 1365 smnus
725 1310 794 1363 “.
831 1330 848 1362 ι
881 1308 1020 1375 Jam,
1054 1319 1112 1363 ut
1135 1325 1236 1378 ego
1262 1310 1474 1378 Opinor,
1514 1325 1672 1364 nemo
1698 1325 1818 1364 eum
1846 1312 1934 1380 qui
1966 1313 2098 1366 sub-

516 1403 680 1468 sistit,
699 1403 750 1456 in
778 1417 840 1457 eo
857 1403 949 1470 qui
969 1419 1073 1456 non
1095 1403 1359 1466 subsistit,
1385 1404 1565 1456 videre
1581 1413 1763 1473 queat.
1787 1402 1892 1458 Nec
1917 1404 2094 1472 aliqua

518 1509 731 1547 rursum
767 1494 975 1547 ratione
1033 1494 1258 1562 intelligi
1318 1503 1516 1562 potest,
1541 1494 1813 1563 quomodo
1855 1496 1993 1548 idem
2026 1497 2098 1550 sit

513 1599 609 1655 per
629 1585 832 1648 omnia,
855 1585 996 1653 quod
1027 1601 1134 1638 non
1171 1585 1410 1646 exsistit,
1444 1599 1564 1637 cum
1599 1600 1665 1638 eo
1694 1587 1837 1654 quod
1855 1588 2091 1643 exsistit.

514 1676 796 1742 Quomodo
826 1691 954 1731 vero
985 1676 1146 1732 Pater
1171 1678 1276 1731 erit
1309 1678 1360 1730 in
1390 1675 1546 1740 Filio,
1578 1688 1634 1732 et
1655 1677 1826 1734 Filius
1853 1680 2092 1735 vicissim

517 1767 571 1819 in
618 1763 823 1820 Patre?
858 1766 1053 1820 Annon
1104 1767 1432 1836 respondere
1482 1765 1536 1820 in
1603 1777 1852 1836 promptu
1903 1778 2008 1833 est,
2045 1769 2090 1823 si

2205 579 2352 642 Υἱὸς,
2390 581 2485 633 ἅτε
2541 579 2606 648 δὴ
2655 578 2729 650 μὴ
2779 576 3125 648 ὑφεστηκὼς,
3172 577 3317 631 κατά
3349 593 3412 644 γε
3456 576 3518 630 τὸ
3558 580 3779 633 ἐκείνων

2203 671 2457 740 ἀχάλινον
2501 671 2724 742 θράσος·
2753 672 2833 733 είς
2877 671 3062 723 εἰκόνα
3091 670 3188 723 καὶ
3219 670 3422 738 γνῶσιν
3451 671 3652 742 ἀκριϐῆ
3686 674 3778 727 τοῦ

2203 761 2415 832 Πατρός
2460 761 2651 814 ἑαυτὸν
2701 762 2831 831 ἡμῖν
2879 760 3108 814 ἀνθότου
3162 760 3524 832 παρεκόμιζε,
3570 762 3776 830 λέγων·

2205 871 2224 903 ι
2255 853 2520 906 Τοσοῦτον
2550 851 2739 922 χρόνον
2773 851 2894 921 μεθ’
2919 852 3076 923 ὑμῶν
3115 854 3250 921 είμι,
3279 853 3376 905 καὶ
3409 853 3510 906 οὑκ
3538 851 3782 922 ἔγνωκάς

2203 961 2293 1014 με,
2320 945 2582 1010 Mitt-ima;
2617 947 2646 998 6
2673 944 2934 1017 ἑωρακὼς
2973 945 3095 1014 ἐμὲ,
3129 942 3345 1014 ἑώρακε
3389 943 3485 997 καὶ
3536 944 3626 996 τὸν
3671 947 3785 998 Πα-

2201 1035 2354 1106 τέρα.
2393 1036 2469 1089 Οὑ
2497 1037 2796 1099 πιστεύεις,
2826 1037 2910 1089 ὅτι
2941 1036 3052 1104 ἐγὼ
3081 1037 3139 1089 ὲν
3170 1035 3248 1106 τῷ
3291 1037 3468 1107 llapr
3494 1036 3590 1090 καὶ
3613 1041 3641 1090 ό
3668 1039 3786 1092 Πα-

2198 1127 2304 1197 τὴρ
2352 1129 2410 1181 ὲν
2459 1128 2582 1198 ὲμοί
2613 1130 2798 1193 ὲστιν;
2841 1126 2982 1195 Ἐγὼ
3009 1128 3104 1181 καὶ
3131 1129 3159 1180 6
3188 1127 3380 1197 Πατὴρ
3405 1129 3465 1180 ἓν
3497 1129 3668 1198 ἐσμεν
3700 1147 3714 1196 ;
3762 1150 3781 1182 ι

2211 1218 2352 1272 Ἀλλ’
2381 1219 2482 1272 οὑκ
2500 1219 2587 1283 ἂν,
2615 1214 2770 1288 οἶμαί
2793 1235 2919 1284 που,
2938 1219 3028 1271 τὸν
3044 1218 3390 1288 ὑφεστηκότα
3416 1216 3786 1290 καταθρήσειὲ

2197 1324 2283 1368 τις
2320 1307 2377 1360 ἐν
2410 1323 2474 1374 γε
2512 1307 2592 1376 τῷ
2623 1307 2698 1376 μὴ
2727 1307 3094 1375 ὑφεστηκότιο
3129 1305 3238 1359 οὐδ’
3277 1306 3345 1359 ἂν
3382 1307 3614 1359 ἑννοοίτό
3649 1323 3786 1360 ποτε

2198 1398 2294 1449 καὶ
2324 1397 2522 1449 ταυτὸν
2549 1398 2628 1460 είς
2663 1397 2811 1450 ἆπαν
2839 1395 2917 1466 τῷ
2963 1396 3037 1466 μὴ
3085 1396 3385 1466 ὑπάρχοντι
3413 1397 3472 1450 τδ
3509 1397 3783 1467 ὑπάρχον.

2201 1488 2394 1540 Ἔσται
2424 1487 2480 1539 δὲ
2510 1487 2659 1549 ὅπως
2693 1487 2753 1538 ὲν
2781 1485 2897 1555 Υίῷ
2930 1487 3026 1556 μὲν
3056 1487 3084 1538 6
3115 1486 3326 1555 Πατὴρ,
3352 1487 3380 1538 6
3411 1485 3538 1548 Υίδς
3564 1485 3608 1538 δ’
3629 1481 3698 1538 αὑ
3724 1489 3786 1538 ἐν

2194 1578 2270 1648 τῷ
2301 1579 2506 1648 Πατρί;
2543 1579 2612 1630 Ἥ
2647 1577 2746 1646 οὐχ
2788 1577 3007 1644 ἕτοιμον
3041 1577 3236 1643 είπείν,
3268 1577 3344 1639 ὡς
3375 1578 3423 1629 εί
3461 1577 3536 1646 μή
3569 1578 3714 1630 ἐστιν
3757 1577 3786 1628 6

2193 1671 2366 1737 Λόγος
2409 1670 2466 1722 ὲν
2505 1668 2736 1738 ὑπάρξει
2764 1670 2830 1738 τῇ
2863 1667 2986 1721 καθ’
3017 1667 3228 1733 ἑαυτὸν,
3269 1667 3668 1720 κινδυνεύσειεν
3710 1667 3788 1721 ἂν

2196 1761 2289 1814 καὶ
2334 1759 2495 1823 αὑτὸς
2538 1762 2567 1812 6
2615 1759 2828 1829 Πατὴρ,
2857 1758 2998 1828 ἔχων
3039 1758 3139 1828 μὲν
3185 1759 3243 1810 ὲν
3288 1759 3467 1829 ἑαυτῷ
3499 1759 3560 1812 τὸ
3587 1759 3784 1829 μηδὲν.

522 1854 750 1909 Verbum
782 1857 997 1924 propria
1021 1855 1370 1910 subsistentia
1394 1857 1724 1922 destituitur,
1752 1858 1924 1927 ipsum
1958 1873 2090 1927 quo-

2195 1851 2482 1921 νοούμενος
2507 1851 2564 1904 δὲ
2592 1851 2858 1919 ὑπάρχειν
2893 1851 2950 1902 ἐν
2984 1848 3061 1918 τῷ
3093 1849 3310 1920 μηδενί;
3344 1850 3415 1902 Τὸ
3445 1849 3553 1920 γὰρ
3588 1852 3687 1904 οὑκ
3716 1851 3785 1904 ὃν

510 1951 620 2017 une
658 1945 872 2002 Patrem
928 1947 979 2001 in
1011 1947 1303 2002 discrimen
1351 1947 1643 2003 adductum
1693 1949 1782 2014 iri,
1821 1958 1879 2004 ut
1909 1950 2001 2020 qui
2040 1951 2091 2006 id

513 2039 566 2092 in
595 2053 652 2094 sc
683 2038 875 2094 habeat
899 2039 1044 2108 quod
1087 2039 1221 2096 nihil
1252 2049 1356 2105 est,
1389 2049 1551 2109 atque
1579 2042 1650 2095 ita
1677 2041 1728 2094 in
1754 2040 1900 2095 nullo
1937 2053 2114 2112 pror-'

512 2143 606 2184 sus
648 2144 770 2184 esse
825 2129 1196 2198 intelligatur?
1220 2128 1354 2184 Nam
1390 2132 1532 2200 quod
1567 2133 1790 2186 omnino
1826 2147 1930 2187 non
1983 2141 2088 2198 est,

514 2219 566 2272 id
600 2219 868 2274 nihilcsse
895 2219 1119 2289 intelligi
1147 2221 1324 2276 debet.
1353 2221 1491 2277 Sunt
1527 2237 1660 2278 sane
1692 2223 1881 2279 isthmc
1910 2224 2089 2278 omnia

511 2311 908 2380 spinosissima,
962 2313 1256 2382 multisque
1302 2323 1358 2369 et
1403 2317 1614 2383 magnis
1668 2316 2091 2372 absurditatibus

511 2401 689 2469 plena.
726 2400 924 2456 Verum
975 2401 1410 2457 adversariorum
1451 2403 1646 2474 dogma
1679 2404 1731 2458 in
1771 2407 1951 2459 omnia
1978 2406 2092 2460 haec

512 2493 744 2546 absurda
800 2502 977 2562 urget.
1043 2491 1174 2549 Jurc
1239 2509 1372 2549 sane
1431 2495 1734 2566 meritoque
1789 2496 2091 2552 admiretur

510 2585 804 2654 quispiam,
833 2601 939 2656 qua
988 2588 1202 2642 ratione
1254 2586 1418 2642 Pater
1449 2590 1630 2642 omnia
1670 2605 1791 2660 quae
1827 2591 1879 2645 in
1908 2605 2088 2646 rerum

512 2676 614 2728 hac
649 2675 1001 2731 universitate
1041 2688 1362 2745 cernuntur,
1395 2695 1491 2748 per
1518 2677 1714 2734 Filium
1757 2681 2091 2746 condiderit,

508 2763 554 2814 si
615 2763 814 2817 nullam
875 2764 964 2820 ille
1045 2782 1280 2836 unquam
1341 2768 1562 2823 sortitus
1622 2779 1706 2824 est
1761 2771 2092 2841 hypostasin.

514 2851 620 2926 ιε,
647 2853 798 2920 Quod
832 2855 876 2910 si
905 2855 1026 2926 quis
1064 2857 1446 2927 interrogetur,
1482 2871 1658 2913 utrum
1700 2860 1767 2915 iis
1801 2875 1922 2930 quae
1943 2873 2088 2929 sunt,

508 2960 629 3000 esse
653 2946 716 3000 sit
744 2947 963 3014 bonum,
983 2963 1053 3002 an
1084 2946 1226 3002 forte
1255 2964 1362 3004 non
1383 2964 1524 3016 esse,
1551 2952 1732 3005 statim
1761 2952 1902 3006 haud
1932 2953 2094 3008 dubie

511 3038 860 3106 respondebit
908 3041 1081 3095 satius
1124 3056 1247 3096 esse
1275 3041 1538 3098 exsistere
1603 3057 1766 3112 quam
1811 3059 1916 3099 non
1950 3044 2095 3098 exsi-

2193 1943 2350 2007 ὅλως,
2381 1943 2534 1996 οὐδὲν
2565 1942 2632 1995 ἂν
2659 1944 2831 1995 νοοῖτο
2864 1940 3071 1995 λοιπόν.
3105 1942 3216 1994 Καὶ
3263 1941 3364 1994 οὑκ
3395 1943 3635 2012 ἄιραχυς
3673 1942 3784 2012 μὲν

2192 2037 2221 2088 6
2250 2034 2405 2103 λόγος
2425 2049 2438 2061 ·
2480 2033 2739 2103 πλείστην
2764 2032 2872 2103 γὰρ
2899 2033 3033 2101 ὅσην
3083 2032 3140 2084 ἐν
3190 2032 3368 2102 ἑαυτῷ
3399 2032 3498 2103 τὴν
3543 2033 3786 2088 ἀτοπίαν

2193 2131 2360 2182 voce?
2397 2125 2744 2196 περιίστησιν
2785 2120 2877 2178 οὑν
2924 2125 3074 2195 ὅμως
3107 2125 3188 2188 είς
3218 2122 3276 2177 τὸ
3308 2125 3519 2194 ἀπηχὲς
3555 2125 3664 2176 τῶν
3694 2125 3786 2178 δι’

2192 2217 2440 2280 ἐναντίας
2473 2217 2535 2269 τὸ
2565 2215 2761 2285 δόγμα.
2795 2213 3180 2284 Κατατεϐήποι
3213 2214 3257 2267 δ’
3287 2215 3354 2269 ἄν
3395 2231 3478 2279 τις
3524 2215 3784 2282 εἰκότως,

2191 2309 2314 2362 τίνα
2341 2306 2405 2377 δὴ
2437 2307 2636 2379 τρόπον
2685 2307 2744 2359 ἐν
2777 2304 2856 2375 τῷ
2884 2303 2997 2374 Υίῷ
3029 2302 3107 2374 τῷ
3154 2303 3230 2374 μὴ
3263 2303 3480 2374 λαχόντι
3519 2303 3581 2356 τό
3610 2299 3784 2367 εἶναι,

2191 2399 2262 2453 τὰ
2308 2400 2436 2453 ὄντα
2483 2398 2786 2468 πεποίηκεν
2831 2397 2860 2449 6
2908 2395 3120 2466 Πατήρ.
3167 2395 3228 2448 Ei
3261 2395 3319 2448 δὲ
3355 2394 3419 2466 δή
3453 2411 3537 2459 τις
3569 2394 3782 2466 ἔροιτο,

2192 2492 2398 2561 πότερα
2426 2492 2538 2553 τοῖς
2573 2485 2694 2542 οὖσι
2719 2487 2781 2541 τὸ
2811 2483 3156 2550 εἷναικαλὺν,
3192 2485 3224 2555 ἢ
3259 2485 3392 2553 γοῦν
3429 2486 3490 2539 τὸ
3523 2486 3598 2556 μὴ
3631 2481 3785 2540 εἶναι

2191 2583 2390 2653 τυχόνο
2423 2581 2560 2652 φαίη
2604 2596 2689 2644 τις
2725 2579 2790 2634 ἂν
2824 2579 3006 2642 εὐθὺς,
3041 2579 3123 2631 ὃτι
3156 2578 3216 2630 τὸ
3252 2573 3410 2630 εἶναι.
3427 2576 3486 2630 '0
3514 2577 3622 2647 γὰρ
3659 2579 3788 2640 τοῖς

2192 2676 2294 2728 οὐκ
2338 2669 2457 2727 οὖσί
2504 2690 2633 2726 ποτε
2683 2673 2743 2726 τὸ
2788 2665 2930 2726 εῖναι
2980 2671 3126 2735 δοὺς,
3157 2668 3364 2738 ἀγαθὸς
3406 2669 3491 2722 ὅτι
3540 2669 3788 2739 μάλιστα

2193 2764 2570 2837 κεχρημάτικέ
2620 2781 2679 2818 τε
2709 2764 2804 2817 καὶ
2849 2763 2997 2816 ἔστιν
3044 2763 3072 2814 6
3114 2761 3491 2832 Δημιουργός·
3524 2761 3636 2831 ἔχοι
3667 2760 3788 2832 γὰρ

2194 2859 2260 2912 ἂν
2305 2853 2406 2913 ὧδε
2440 2859 2502 2912 τὸ
2532 2857 2723 2929 χρῆμα
2752 2861 2819 2928 τῇ
2848 2857 3027 2927 φύσει.
3060 2855 3270 2910 Οὐκοῦν
3313 2859 3371 2910 ἐν
3411 2856 3693 2925 ἀμείνοσιν
3746 2858 3785 2926 ἡ

2193 2949 2387 3012 κτίσις,
2417 2949 2560 3019 ἥπερ
2587 2951 2615 3001 6
2640 2947 2707 3000 δι’
2732 2942 2794 3002 οὗ
2821 2949 2891 3001 τὰ
2919 2948 3096 3001 πάντα
3131 2947 3388 3017 παρήχθη
3438 2947 3574 3017 πρὸς
3623 2946 3790 3012 γένε-

2196 3056 2278 3093 σιν
2298 3056 2311 3069 ·
2347 3041 2375 3092 6
2407 3040 2507 3109 μὲν
2550 3037 2659 3110 γὰρ
2688 3039 2786 3109 οὑχ
2816 3038 3182 3108 ὑφεστηκέναι
3213 3039 3452 3106 λέγεται,
3485 3037 3553 3090 τὰ
3579 3037 3635 3090 δὲ
3671 3039 3786 3106 ὑφ-

509 3139 677 3194 stere,
697 3130 838 3185 unde
865 3130 1046 3201 Opifex
1071 3131 1160 3188 ille
1199 3149 1406 3198 rerum,
1428 3134 1519 3204 qui
1547 3134 1651 3189 illis
1666 3150 1786 3204 quae
1804 3137 2091 3206 aliquando

2194 3130 2414 3200 ἔστηκε,
2456 3132 2548 3184 καὶ
2575 3131 2634 3182 ὲν
2665 3129 2742 3200 τῷ
2775 3126 2911 3182 εἶναι
2939 3131 3232 3183 νοεῖται.Ὢ
3261 3130 3362 3199 τῆς
3404 3130 3512 3183 τῶν
3558 3129 3787 3183 ἐννοιῶν

511 3235 615 3275 non
645 3231 826 3289 erant,
853 3197 976 3278 esse
1001 3223 1312 3296 impertitus
1351 3197 1462 3292 est,
1487 3197 1725 3293 optimus
1765 3197 2085 3298 appellatur,

2194 3197 2422 3284 ἀτοπίας
2447 3223 2460 3275 !
2502 3223 2682 3290 ἄπαγε
2707 3197 2807 3291 τῆς
2837 3221 3180 3292 δυσφημίαςῑ
3224 3240 3242 3272 ι
3275 3197 3392 3274 Ζῶν
3420 3221 3529 3293 γὰρ
3552 3223 3581 3276 6
3605 3221 3786 3289 Λόγος

510 3323 566 3364 et
593 3323 696 3366 est.
719 3312 872 3379 Quod
911 3314 958 3370 si
1006 3315 1077 3369 ita
1121 3331 1207 3372 res
1253 3317 1434 3383 habet,
1478 3326 1536 3371 ut
1598 3318 1842 3387 profecto
1903 3319 2088 3384 habet,

512 3405 889 3472 consequitur,
924 3417 984 3459 ut
1041 3407 1251 3462 meliori
1311 3409 1623 3464 conditione
1659 3409 1767 3463 sint
1801 3419 2090 3475 creaturae,

512 3511 672 3565 quam
715 3498 805 3553 ille
837 3497 973 3568 ipse,
1001 3514 1098 3569 per
1129 3514 1294 3569 quem
1319 3500 1503 3555 omnia
1525 3511 1712 3555 creata
1738 3509 1902 3555 sunt:
1925 3515 2096 3570 quan-

515 3587 803 3655 doquidem
846 3589 896 3642 is
916 3589 1212 3644 subsistere
1240 3600 1486 3659 negatur,
1521 3591 1609 3644 illa
1642 3605 1768 3644 vero
1793 3591 2096 3646 subsistunt

520 3681 905 3748 propriamque
940 3689 1188 3736 naturam
1217 3683 1409 3738 sortita
1465 3693 1882 3752 cognoscuntur.
1919 3681 1963 3738 Ο
1987 3683 2084 3738 ab-

518 3769 711 3825 surdas
765 3771 1153 3840 cogitationes!
1193 3772 1443 3830 facessite
1473 3789 1596 3829 cum
1650 3774 1772 3830 istis
1803 3781 2088 3828 contume-

518 3858 668 3914 liosis
719 3861 966 3917 vocibus.
1001 3881 1020 3915 ι
1059 3861 1254 3917 Vivum
1304 3873 1388 3918 est
1427 3864 1569 3918 enim
1619 3863 1712 3919 Dei
1751 3862 2012 3925 Verbum,
2037 3871 2094 3918 et

514 3947 722 4015 eilicax,
763 3969 781 4003 ι
810 3952 1149 4020 ntscriptum
1187 3967 1271 4010 est
1293 3954 1358 4009 ".
1398 3955 1580 4022 Quare
1627 3964 1683 4010 et
1731 3955 1848 4025 ipse
1873 3969 2092 4025 quoque

517 4036 776 4094 Dominus
799 4041 978 4096 aiebat
1012 4058 1026 4096 :
1067 4058 1088 4093 ι
1131 4041 1240 4112 Ego
1270 4059 1388 4097 sum
1413 4045 1521 4100 vita
1552 4045 1617 4098 ⁸⁸.
1655 4064 1674 4098 ›
1716 4044 1879 4114 Atqui
1913 4045 2088 4098 sinon

514 4129 782 4196 subsistit,
823 4134 1095 4200 quomodo
1157 4135 1262 4188 vita
1307 4135 1410 4190 dici
1461 4146 1555 4190 aut
1608 4137 1834 4206 cogitari
1863 4135 2093 4206 potest?

2190 3313 2283 3366 τοῦ
2312 3312 2470 3379 Θεοῦ,
2501 3314 2596 3366 καὶ⁷
2625 3313 2876 3383 ἐνεργὴς,
2899 3332 2918 3363 ι
2945 3313 3089 3366 καθὰ
3117 3314 3448 3384 γέγραπται.
3483 3312 3784 3385 Τοιγάρτοι

2191 3405 2284 3459 καὶ
2315 3405 2572 3474 ἔφασκεν·
2603 3424 2622 3458 ι
2645 3405 2786 3473 Ἐγώ
2815 3408 2930 3476 εἰμι
2958 3407 2990 3476 ὴ
3021 3405 3157 3476 ζωή.
3185 3423 3205 3456 ι
3229 3405 3369 3458 Ἀλλ’
3385 3405 3486 3458 οὑκ
3515 3404 3581 3458 ἂν
3604 3407 3786 3460 νοοῖτο

2193 3493 2330 3565 ζωὴ,
2372 3495 2447 3566 μὴ
2482 3494 2834 3564 ὑφεστηκώςθ
2871 3493 2986 3565 ζωὴ
3031 3494 3090 3548 δέ
3126 3495 3416 3549 ὲστικατὰ
3439 3493 3626 3565 φύσιν
3661 3494 3784 3549 δια-

2191 3582 2452 3652 ψεύσεται
2478 3582 2586 3654 γὰρ
2620 3583 2889 3652 οὐδαμῶς.
2923 3583 2996 3636 Τὸ
3024 3583 3133 3654 ἄρα
3170 3582 3244 3654 μὴ
3273 3584 3570 3652 ὑφεστάναι
3595 3582 3785 3651 λέγειν

2193 3673 2284 3727 τὸν
2317 3675 2383 3727 ἐκ
2415 3673 2552 3727 Θεοῦ
2583 3675 2860 3744 πεφηνότα
2888 3674 3083 3743 Λόγον,
3106 3674 3502 3745 ψευδηγόρημα
3551 3675 3773 3746 σαθρὸν,

2194 3771 2288 3824 καὶ
2333 3771 2530 3841 φρενὸς
2574 3771 2910 3840 ἀπόϐρασμα
2951 3771 3049 3840 τῆς
3095 3770 3411 3834 λιθώδουςι.
3439 3772 3628 3825 Μωσεῖ
3661 3771 3771 3840 γὰρ

2193 3861 2429 3930 ἔφασκεν
2461 3862 2621 3926 αὑτός
2644 3878 2658 3891 °
2694 3880 2712 3913 ι
2737 3861 2879 3930 Ἐγώ
2910 3862 3026 3933 είμι
3051 3863 3080 3914 ὁ
3112 3861 3207 3916 ὢν.
3235 3881 3253 3912 ι
3285 3861 3356 3914 T6
3383 3861 3438 3916 δὲ
3465 3861 3526 3914 6v
3557 3861 3770 3933 ἀληθῶς

2195 3955 2252 4007 ἔν
2298 3952 2592 4007 ὑποστάσει
2638 3957 2704 4024 τῇ
2755 3954 2878 4006 καθ’
2932 3953 3098 4008 ἑαυτὸ
3151 3953 3487 4024 σωζόμενον,
3542 3954 3661 4017 πῶς
3710 3953 3776 4006 ἂν

2193 4045 2366 4098 νοοῖτό
2394 4061 2522 4098 ποτε
2560 4044 2633 4115 μὴ
2666 4045 3009 4116 ὑφεστηκόςς
3041 4037 3252 4099 ῡὺκοῦν
3279 4044 3386 4097 τῶν
3411 4046 3538 4116 τῇδε
3577 4046 3778 4117 διειληο

2196 4136 2372 4204 φότων
2405 4135 2771 4207 καθοριοῦμεν
2806 4137 3032 4200 εἰκότως
3062 4137 3123 4189 1:6
3147 4138 3229 4200 είς
3256 4136 3425 4208 ἄκρον
3462 4136 3698 4206 ἀμαθές.

518 4219 610 4274 Est
637 4233 816 4276 autem
845 4227 951 4277 vita
991 4239 1179 4296 suapte
1225 4238 1441 4293 natura,
1492 4229 1641 4284 nullo
1665 4231 1810 4284 enim
1852 4236 2009 4298 pacto
2051 4227 2326 4283 mentitur.
2374 4227 2526 4284 Unde
2567 4229 2878 4298 quicunque
2921 4227 3180 4294 Verbum,
3232 4231 3375 4298 quod
3412 4245 3478 4284 ex
3519 4230 3630 4284 Deo
3679 4245 3778 4284 na-

517 4321 626 4366 tum
655 4326 759 4377 est,
784 4315 1129 4372 subsistentia
1155 4319 1409 4388 spoliant,
1448 4319 1520 4374 illi
1551 4321 1896 4375 mendacium
1962 4317 2120 4390 longe
2195 4319 2600 4389 putidissimam
2656 4318 2931 4386 eﬂ'utiunt,
2984 4318 3566 4388 stolidissimarnmque
3616 4335 3771 4373 men-

517 4405 649 4457 tium
679 4405 869 4459 sordes
896 4419 1176 4463 evomunt.
1203 4409 1284 4462 Ad
1316 4407 1532 4481 Moysen
1587 4410 1732 4465 enim
1771 4411 1944 4479 ipsttm
1977 4408 2088 4462 ait:
2137 4424 2156 4459 ι
2187 4405 2300 4476 Ego
2357 4422 2476 4462 sum
2533 4409 2627 4477 qui
2683 4423 2800 4463 sum
2837 4408 2903 4462 “.
2942 4426 2961 4460 ι
2995 4407 3150 4473 Quod
3189 4413 3372 4462 autem
3405 4421 3533 4462 vere
3578 4422 3679 4476 per
3717 4427 3777 4466 se

515 4508 619 4562 est,
678 4497 949 4566 quomodo
987 4499 1038 4552 id
1086 4501 1302 4570 propria
1356 4501 1709 4556 subsistentia
1768 4500 2088 4555 deSIitutum
2127 4497 2360 4566 contingi
2427 4499 2751 4568 quandoque
2773 4498 2985 4569 potest?
3011 4497 3124 4552 Hos
3155 4499 3339 4567 itaque
3375 4497 3468 4568 qui
3537 4497 3610 4552 ita
3647 4513 3773 4552 scn-

517 4593 675 4658 tiunt,
711 4591 834 4661 jure
888 4608 1114 4648 summa:
1159 4594 1442 4664 cujusdam
1489 4596 1720 4650 inscitia:
1763 4593 2264 4651 condemnabimus.

582 4684 724 4740 XVI.
765 4687 871 4743 Sed
899 4704 1073 4757 neque
1098 4687 1218 4743 illos
1242 4703 1476 4759 quoque,
1506 4703 1602 4744 nos
1627 4689 1718 4760 qui
1751 4687 1935 4743 sedula
1963 4687 2086 4742 dili-

2259 4687 2374 4752 ις’.
2422 4684 2498 4740 Οὐ
2529 4685 2636 4755 μὴν
2655 4686 2682 4725 b
2713 4686 2835 4741 οὑδὲ
2859 4686 3100 4750 ἐκείνους
3131 4687 3514 4757 ὲπαινέσομεν,
3554 4686 3772 4757 φιλοθη-

515 4778 772 4847 gentique
801 4779 1218 4848 investigatione
1247 4781 1528 4832 veritatem
1577 4779 1852 4848 inquirere
1899 4776 2092 4830 didici-

518 4883 663 4931 mus,
708 4868 866 4923 facile
919 4869 1444 4936 commcndabimus,
1501 4869 1592 4938 qui
1636 4884 1855 4924 carnem
1915 4865 2093 4922 Verbo

519 4956 726 5009 nnitam
753 4957 932 5012 anima
955 4959 1182 5014 rationis
1210 4961 1468 5031 participe
1489 4958 1801 5015 destitutam
1821 4958 2093 5022 arbitrati,

520 5044 756 5099 Verbum
820 5061 1003 5112 carne,
1035 5061 1155 5117 qua;
1200 5048 1422 5103 vitalem
1478 5059 1683 5104 tantum
1733 5061 1789 5104 et
1840 5049 2094 5103 sensilem

522 5139 811 5193 motionem
838 5139 1029 5192 sortita
1065 5139 1155 5202 sit,
1190 5137 1435 5193 indutum
1487 5140 1841 5196 introducunt
1874 5157 1888 5194 :
1924 5150 2093 5194 totam

520 5242 649 5282 vero
675 5229 870 5282 mentis
887 5235 940 5282 et
962 5225 1312 5298 intelligentis
1346 5231 1539 5285 animae
1569 5231 1674 5284 vim
1705 5231 2092 5302 energiamque

523 5318 810 5392 linigenito
840 5321 1176 5388 attribuunt;
1223 5320 1380 5377 fateri
1415 5323 1584 5390 enim,
1609 5324 1793 5381 nescio
1821 5323 2093 5395 quomodo

587 5477 634 5508 ι’
669 5474 829 5533 Joan.
853 5492 962 5543 xtv,
997 5478 1051 5533 9.
1129 5478 1172 5509 "
1209 5477 1362 5536 Joan.
1401 5493 1455 5543 κ,
1487 5478 1574 5534 50.

2199 4780 2314 4848 ρεϊν
2348 4772 2408 4830 εὖ
2451 4777 2595 4847 μάλα
2625 4776 2994 4847 δεδιδαγμένοι
3037 4778 3099 4830 τὸ
3141 4775 3359 4846 ἀληθὲς,
3409 4777 3457 4829 οἳ
3504 4778 3776 4846 τητᾶσθαι

2197 4870 2414 4939 λέγουσι
2475 4870 2650 4941 ψυχῆς
2711 4870 2933 4942 λογικῆς
2986 4871 3087 4943 τὴν
3138 4869 3428 4924 ἐνωθεῖσαν
3479 4869 3559 4939 τῷ
3617 4871 3778 4942 Λόγῳ

2202 4963 2401 5033 σάρκα.
2431 4962 2606 5031 Σαρκὶ
2654 4961 2762 5032 γάρ
2807 4979 2908 5015 που
2957 4963 3124 5033 μόνην
3171 4960 3271 5033 τὴν
3313 4960 3552 5032 ζωτικήν
3589 4978 3648 5014 τε
3683 4963 3778 5015 καὶ

2198 5051 2520 5124 αἰσθητικὴν
2548 5052 2790 5123 λαχούσῃ
2811 5053 3025 5124 κίνησιν
3052 5053 3444 5124 ἀμφιεννύντες
3464 5052 3554 5106 τὸν
3579 5053 3778 5122 Λόγον,

2197 5144 2610 5216 παραφέρουσιν
2637 5146 2714 5208 είς
2746 5146 2974 5216 κόσμον,
3003 5145 3103 5214 τὴν
3139 5143 3232 5198 νοῦ
3263 5146 3361 5199 καὶ
3394 5144 3574 5214 ψυχῆς
3623 5145 3780 5216 ὲνέρ-

2196 5251 2353 5304 γειαν
2403 5233 2767 5305 ἀπονέμοντες
2813 5235 2894 5306 τῷ
2953 5236 3266 5304 Μονογενεϊ.
3316 5236 3781 5307 Καταπεφρίκασι

2197 5324 2328 5398 γὰρ,
2365 5327 2466 5379 οὑκ
2493 5323 2589 5379 οἷδ’
2620 5326 2789 5392 ὅπως,
2821 5325 3139 5400 ψυχωθείσῃ
3188 5327 3378 5400 λογικῇ
3405 5327 3550 5399 ψυχῇ
3581 5329 3648 5399 τῇ
3678 5329 3779 5382 ἀν-

1680 5481 1721 5510 δτ
1765 5477 1927 5535 Hebr.
1962 5496 2033 5542 tv,
2070 5480 2157 5536 ιε.
2236 5482 2280 5514 ⁸⁸
2319 5479 2475 5539 Joan.
2507 5497 2619 5548 xtv,
2648 5480 2702 5536 6.
2781 5482 2826 5514 “
2867 5483 3038 5542 Exod.
3074 5501 3158 5554 ιιι,
3195 5484 3281 5541 14.

1626 5634 1791 5690 Varia
1829 5635 2082 5694 lectiones
2117 5636 2318 5695 codicis
2347 5636 2705 5710 Seguieriani.

592 5751 620 5781 ³
656 5751 1034 5825 ἠλιθιωτάτης.
1115 5753 1142 5791 b
1176 5751 1389 5807 οὐκοῦν.
