4060 6462
310 396 442 451 H57

1244 393 1332 448 DE
1369 391 1596 448 RECTA
1640 393 1816 460 FIDE,
1858 395 1950 448 AD
1993 393 2438 450 TllEODOSlUM
2479 395 2620 452 IMP.

3418 407 3558 463 “58

303 511 552 585 Ορωπίνῃ
612 517 778 583 σαρκὶ
838 510 978 566 κατά
1031 511 1195 580 φύσιν
1258 511 1498 582 ἡνῶσθαι
1558 512 1650 566 τὸν
1709 513 1881 580 Λόγον

1995 520 2262 579 verentur,
2285 512 2518 568 Verbum
2542 516 2692 569 carni
2726 515 2990 580 humanae,
3021 517 3201 571 anima
3229 517 3558 588 intelligente

301 604 582 674 ὁμολογεῖν
603 618 616 632 ·
657 606 754 673 τῆς
807 603 906 674 μὲν
939 601 1146 655 ἄνωθέν
1175 619 1235 655 τε
1267 603 1360 656 καὶ
1390 603 1753 673 ἀρχαιοτάτης
1786 603 1879 653 πί-

304 712 474 758 στεως
533 697 630 765 τὴν
684 694 979 765 παράδοσιν
1033 693 1212 763 ὀλίγου
1275 694 1554 758 παντελῶς
1603 694 1880 759 ἀξιοῦντες

301 787 481 855 λόγου,
515 787 732 856 θελήσει
780 785 837 839 δὲ
887 786 1025 859 μόνῃ
1074 789 1139 857 τῇ
1174 786 1316 840 κατὰ
1364 788 1505 854 σφᾶς
1549 786 1746 849 αὐτοὺς
1789 791 1881 840 καὶ

302 881 414 942 τοῖς
466 877 830 948 ἀνθρωπίνοις
879 877 990 929 δεῖν
1039 876 1268 930 ἕπεσθαι
1317 876 1620 945 λογισμοῖς,
1650 876 1881 946 ἀμαθῶς

301 969 593 1039 ᾑρημένοι,
620 968 714 1020 καὶ
737 967 1058 1038 φρονοῦντες
1081 967 1295 1037 ἀληθῶς
1324 967 1452 1036 παρ’
1487 967 1512 1019 ὃ
1541 967 1622 1019 δεῖ
1642 971 1879 1038 φρονεῖν.

302 1064 414 1116 Καὶ
464 1063 546 1124 τίς
578 1063 606 1114 ὁ
650 1062 806 1128 λόγος
839 1061 1021 1124 αὐτοῖς
1053 1059 1146 1113 τοῦ
1194 1059 1397 1112 τοιοῦδε
1442 1060 1732 1130 δόγματος,
1773 1058 1883 1128 ἐγὼ

304 1156 516 1228 φράσω.
548 1155 650 1208 Τὸν
683 1153 818 1208 Θεοῦ
853 1154 1081 1225 μεσίτην
1110 1155 1203 1206 καὶ
1235 1152 1558 1226 ἀνθρώπων,
1597 1153 1736 1207 κατὰ
1784 1153 1882 1218 τὰς

302 1248 548 1317 Γραφάς,
583 1247 904 1315 συγκεῖσθαι
947 1263 1126 1316 φαμεν
1158 1245 1220 1299 ἐκ
1252 1263 1310 1298 τε
1343 1246 1440 1316 τῆς
1475 1245 1594 1298 καθ’
1624 1247 1771 1316 ἡμᾶς
1791 1247 1884 1299 ἀν-

304 1342 656 1412 θρωπότητος
693 1339 915 1402 τελείως
943 1339 1175 1409 ἐχούσης
1208 1337 1352 1391 κατά
1399 1338 1488 1391 τὸν
1523 1338 1653 1392 ἴδιον
1701 1339 1880 1407 λόγον,

304 1435 399 1488 καὶ
447 1438 510 1486 ἐκ
562 1432 656 1486 τοῦ
713 1431 1015 1502 πεφηνότος
1065 1433 1129 1484 ὲκ
1177 1429 1313 1483 Θεοῦ
1361 1430 1502 1483 κατὰ
1533 1432 1694 1499 φύσιν
1727 1429 1882 1496 Υίοῦ,

303 1525 548 1580 τουτέστι
572 1524 668 1577 τοῦ
695 1521 1054 1592 Μονογενοῦς.
1086 1523 1553 1593 Διαὸεόαιούμεθα
1583 1524 1639 1576 δὲ
1669 1523 1886 1578 σύνοδον

309 1618 408 1688 μέν
439 1635 577 1682 τινα,
607 1616 702 1669 καὶ
743 1614 842 1685 τὴν
889 1616 1027 1686 ὑπὲρ
1059 1615 1215 1684 λόγον
1239 1616 1566 1686 συνδρομὴν,
1591 1618 1670 1677 είς
1692 1617 1885 1669 ἕνωσιν

305 1712 506 1765 ἀνίσων
547 1726 607 1762 τε
641 1708 734 1762 καὶ
763 1708 1029 1778 ἀνομοίων
1058 1709 1372 1778 πεπρᾶχθαι
1411 1708 1790 1778 φύσεων.“Ενα
1829 1709 1888 1762 δ’

305 1798 400 1855 οὖν
449 1802 597 1870 ὅμως
665 1797 922 1870 Χριστὸν,
963 1800 1057 1852 καὶ
1101 1799 1306 1870 Κύριον
1343 1799 1570 1870 Ἰητοῦν,
1609 1799 1702 1852 καὶ
1758 1800 1885 1853 Υἱὸν

1986 604 2223 673 perfecte
2272 613 2327 660 et
2370 605 2656 662 informate
2701 608 2994 662 secundum
3042 619 3294 664 naturam
3351 611 3558 665 unitum

1985 709 2124 749 esse.
2163 694 2384 761 Verum,
2416 698 2542 751 dum
2597 699 2669 752 ita
2722 699 3186 769 philosophantur,
3213 702 3448 770 antiqua:
3508 713 3562 757 et

1986 785 2112 839 olim
2149 787 2358 842 tradita:
2405 788 2530 842 fidei
2583 789 2846 842 rationem
2902 792 3122 846 omnino
3169 792 3469 862 negligunt,
3503 804 3560 848 ct

1989 881 2280 934 voluntatis
2309 895 2419 935 suae
2443 881 2644 950 judicio
2670 881 2806 936 male
2851 897 2983 938 sano
3009 885 3097 955 (ut
3121 885 3262 954 quod
3294 887 3559 940 humanas

1991 979 2195 1024 tantum
2219 971 2456 1026 rationes
2489 985 2541 1028 et
2585 974 2923 1042 conjecturas
2959 977 3110 1044 sequi
3147 975 3350 1044 soleat)
3396 990 3561 1044 prave

1990 1062 2177 1127 innixi,
2211 1076 2368 1118 secus
2415 1079 2580 1133 quant
2627 1080 2813 1120 revera
2869 1076 3205 1137 oportuerat,
3252 1071 3467 1137 sapiunt
3505 1079 3562 1122 et

1988 1158 2247 1211 sentiunt.
2279 1155 2346 1209 Et
2379 1171 2648 1225 quaenam,
2674 1157 2926 1223 obsecro,
2963 1158 3232 1228 dogmatis
3273 1159 3433 1229 hujus
3478 1167 3565 1212 est

1989 1247 2165 1302 ratio?
2196 1247 2402 1303 Dicam.
2457 1247 2808 1303 Mediatorcm
2853 1251 2943 1305 Dei
2971 1261 3026 1305 et
3056 1251 3333 1305 hominum
3365 1250 3432 1318 ³ο,
3460 1251 3563 1304 hoc

1989 1350 2073 1395 est
2101 1341 2402 1408 Christum,
2429 1356 2498 1396 ex
2525 1341 2863 1396 humanitate
2911 1342 3152 1396 numeris
3192 1343 3444 1396 omnibus
3475 1355 3564 1396 se-

1990 1435 2223 1486 cundum
2267 1436 2538 1502 propriam
2595 1436 2857 1490 rationem
2918 1440 3156 1504 perfecta
3211 1445 3266 1489 et
3315 1434 3560 1489 absoluta

1993 1524 2332 1592 natur.:lique
2360 1525 2470 1579 Dei
2505 1525 2666 1592 Filio,
2709 1528 2812 1581 hoc
2851 1536 2933 1581 est
2964 1525 3273 1596 Uuigeuito,
3299 1527 3563 1580 constitu-

1994 1625 2131 1680 tum,
2169 1616 2468 1687 Scripturis
2502 1619 2886 1674 convenienter
2913 1621 3287 1688 praedicamus.
3316 1618 3565 1671 Allirma-

1994 1723 2113 1762 mus
2150 1717 2332 1763 autem
2360 1719 2580 1764 naturas
2605 1710 2872 1780 dispares,
2901 1724 2964 1764 ac
2988 1709 3130 1764 inter
3167 1723 3227 1764 se
3252 1707 3562 1769 dissimiles.

1992 1801 2226 1868 quadam
2281 1801 2516 1857 coitione
2561 1812 2615 1857 et
2657 1817 2926 1857 concursu
2953 1802 3044 1871 qui
3095 1801 3274 1856 verbis
3307 1802 3565 1871 explicari

306 1891 670 1962 ὀνομάζεσθαι
727 1891 1184 1960 ἐπιγινώσκομεν,
1222 1893 1278 1944 ἐν
1336 1892 1520 1962 ταυτῷ
1566 1895 1660 1945 καὶ
1716 1893 1891 1964 ὑπάρ-

1995 1907 2097 1945 non
2129 1901 2326 1961 potest,
2354 1893 2404 1947 in
2433 1908 2598 1946 unum
2630 1893 2973 1948 convenisse.
2998 1892 3358 1962 Agnoscimus
3387 1901 3564 1946 tamen

306 2003 490 2058 χοντα,
526 1985 620 2037 καὶ
668 1983 957 2053 νοούμενον
1000 1983 1134 2036 Θεόν
1177 2001 1237 2036 τε
1283 1982 1419 2053 ὁμοῦ
1452 1984 1544 2036 καὶ
1577 1983 1885 2055 ἄνθρωπον.

323 2078 712 2130 Ἀδιάσπαστον
749 2076 806 2128 δὲ
844 2075 1127 2138 παντελῶς
1155 2074 1252 2144 τὴν
1284 2075 1475 2129 ἕνωσιν
1502 2075 1780 2147 διατηρεῖν
1809 2079 1889 2130 εί-

309 2167 564 2238 θίσμεθα,
593 2166 683 2220 τὸν
712 2166 875 2220 αὐτὸν
910 2161 1051 2220 εἶναι
1083 2167 1178 2220 καὶ
1207 2166 1492 2236 Μονογενῆ
1518 2167 1888 2233 πιστεύοντες,

310 2260 405 2313 καὶ
454 2258 822 2328 πρωτότοκον·
874 2257 1150 2327 Μονογενῆ
1204 2256 1322 2325 μὲν,
1353 2256 1428 2318 ὡς
1472 2255 1620 2309 Θεοῦ
1680 2258 1893 2328 Πατρὸς

306 2353 503 2420 Λόγον,
544 2351 639 2403 καὶ
666 2351 731 2402 ἐκ
762 2349 861 2420 τῆς
889 2348 1074 2412 οὐσίας
1111 2348 1276 2402 αὐτοῦ
1316 2348 1599 2420 πεφηνότα.
1619 2366 1634 2381 ο
1668 2351 1884 2421 πρωτό-

307 2462 468 2498 τοκον
506 2445 550 2496 δ’
581 2437 670 2508 αὖ,
702 2441 836 2495 καθὸ
869 2443 1094 2511 γέγονεν
1123 2440 1428 2511 ἄνθρωπος,
1465 2441 1560 2494 καὶ
1587 2442 1645 2494 ὲν
1670 2440 1888 2504 πολλοῖς

309 2535 799 2605 ἀδελφοῖς.”Ωτπερ
833 2534 943 2604 γὰρ
974 2528 1053 2596 εἷς
1101 2536 1217 2586 ἐστι
1249 2532 1383 2596 Θεὸς
1411 2535 1438 2586 ό
1468 2532 1680 2603 Πατὴρ,
1724 2533 1783 2596 ἐξ
1825 2524 1888 2585 οὗ

307 2627 376 2682 τὰ
410 2628 586 2682 πάντα
608 2642 620 2655 ·
653 2624 798 2678 οὕτω
822 2625 915 2678 καὶ
943 2619 1022 2688 εἷς
1057 2625 1259 2694 Κύριος
1296 2622 1504 2693 Ἰησοῦς
1533 2622 1789 2694 Χριστὸς,
1817 2623 1895 2677 δι’

309 2717 371 2777 οὗ
395 2721 462 2774 τά
489 2720 686 2773 πάντα.
713 2718 847 2772 Θεὸν
875 2718 984 2786 γὰρ
1013 2718 1141 2771 ὄντα
1171 2716 1312 2770 κατά
1339 2715 1500 2784 φύσιν
1531 2715 1892 2783 ἐπιγινώσκο-

316 2831 414 2882 μεν
449 2812 542 2865 τὸν
582 2811 647 2864 δι’
680 2804 743 2864 οὗ
768 2809 836 2863 τά
867 2810 1064 2874 πάντα,
1094 2809 1289 2878 Λόγον,
1317 2809 1411 2862 καὶ
1442 2809 1490 2861 εί
1516 2807 1706 2876 γέγονε
1735 2807 1892 2878 σὰρξ,

317 2901 590 2954 τουτέστιν
615 2899 923 2968 ἄνθρωπος.

1987 1997 2154 2036 unum
2196 1983 2297 2053 l5
2326 1983 2696 2049 Christum,et
2721 1984 3004 2038 Dominum
3036 1981 3243 2049 Jesnm,
3275 1993 3330 2037 et
3361 1982 3560 2036 Filium

1989 2081 2278 2138 vocatum;
2317 2075 2513 2144 quippe
2543 2088 2663 2129 cum
2687 2075 2846 2129 simul
2874 2072 3018 2129 Deus
3040 2083 3097 2128 et
3132 2075 3294 2129 homo
3335 2075 3566 2129 exsistat

1989 2168 2267 2238 mentique
2314 2184 2373 2223 se
2427 2168 2642 2223 offerat.
2670 2168 2884 2223 Etenim
2926 2169 3057 2224 unio
3111 2169 3198 2224 illa
3244 2180 3566 2224 naturarum

1991 2275 2164 2329 usque
2219 2263 2355 2316 adeo
2407 2262 2682 2317 individua
2745 2263 3120 2333 indivulsaque
3170 2273 3256 2318 est
3297 2274 3357 2317 ut
3401 2278 3566 2319 unum

1993 2350 2352 2420 eamdemque
2413 2353 2749 2422 unigenitum
2809 2355 2971 2409 simul
3032 2365 3088 2410 et
3149 2354 3567 2424 primogenitum

1995 2439 2318 2494 credamus:
2353 2440 2688 2510 unigenitum
2724 2443 2964 2512 quidem,
2989 2453 3242 2513 tanquam
3278 2445 3368 2498 Dei
3394 2443 3570 2497 Patris

1995 2530 2256 2594 Verbum,
2282 2547 2347 2584 ex
2375 2531 2518 2588 illius
2542 2532 2848 2588 substantia
2891 2543 3074 2588 natum
3098 2553 3112 2602 ;
3146 2535 3566 2605 primogenitum

1992 2637 2143 2690 vero,
2177 2631 2442 2692 quatenus
2489 2624 2630 2680 inter
2663 2626 2860 2681 multos
2888 2626 3087 2680 fratres
3134 2628 3294 2681 homo
3323 2627 3572 2681 exstitit:

1992 2713 2428 2783 quandoquidem
2475 2724 2532 2768 ut
2590 2730 2728 2770 unus
2787 2725 2871 2771 est
2923 2717 3068 2772 Deus
3117 2715 3301 2781 Pater,
3347 2731 3411 2771 ex
3466 2731 3574 2784 quo

1991 2804 2206 2870 Omnia;
2240 2805 2310 2858 ita
2350 2819 2491 2859 unus
2519 2820 2736 2875 quoque
2769 2817 2855 2862 est
2893 2807 3156 2863 Dominus
3207 2807 3366 2862 .lesus
3419 2807 3576 2862 Chri-

1991 2904 2127 2958 stus,
2158 2910 2255 2965 per
2301 2908 2460 2965 quem
2512 2897 2693 2951 omnia
2716 2896 2784 2952 ⁵³.
2817 2897 2952 2952 Nam
3009 2898 3244 2953 Verbum
3293 2899 3444 2962 illud,
3480 2913 3576 2968 per

315 2993 454 3063 quod
497 2991 678 3047 omnia
725 2992 1053 3054 consistunt,
1083 2987 1380 3044 secundum
1422 2995 1671 3043 naturam
1712 2987 1878 3042 Deum
1919 2999 2041 3040 esse
2060 2987 2334 3052 novimus,
2365 2987 2580 3044 etiamsi
2619 3002 2772 3056 caro,
2840 2988 2944 3044 hoc
2997 2999 3080 3045 est
3151 2990 3314 3046 homo
3371 2990 3574 3045 factum

313 3095 418 3142 €81.

380 3175 486 3237 lZ'.
537 3177 679 3231 Ἀλλ’
709 3175 825 3231 οὔτι
854 3192 956 3228 που
986 3174 1188 3245 σφόδρα
1214 3176 1334 3237 ταῖς
1360 3174 1418 3226 ὲν
1441 3175 1575 3244 ἡμῖν
1601 3171 1730 3242 περὶ
1764 3169 1887 3223 τού-

2060 3167 2224 3224 XVII.
2277 3170 2570 3237 Caeterum,
2596 3186 2783 3228 eorum
2835 3173 2980 3228 dicta
3025 3187 3149 3228 cum
3217 3175 3418 3230 nostris
3469 3188 3574 3228 non

312 3289 406 3342 του
455 3270 638 3338 δόξαις
683 3272 753 3324 τά
798 3269 1025 3322 ἐκείνων
1079 3267 1581 3337 συμφέρεται.Ἔνα
1631 3265 1731 3336 μὲν
1783 3264 1892 3334 γὰρ

189 3351 214 3365 Ἦ
311 3363 764 3436 ὁμολογουμένως
830 3360 1228 3431 παραδέχονται
1293 3358 1388 3412 καὶ
1449 3356 1604 3410 αὐτοὶ
1686 3355 1894 3427 Ἰησοῦν

313 3457 572 3530 Χριστὸν,
603 3452 985 3526 παρωθοῦνται
1017 3452 1074 3506 δὲ
1103 3451 1243 3513 λίαν,
1277 3450 1350 3513 ὡς
1378 3449 1635 3512 δυσσεσὲς
1659 3449 1742 3502 ὄτι
1787 3447 1894 3518 μά-

311 3551 492 3613 λιστα,
523 3546 873 3616 καταδιιστᾷν
914 3546 995 3607 εἰς
1037 3542 1131 3597 δύο
1174 3543 1268 3596 τὸν
1301 3541 1668 3613 Ἐμμανουήλ.
1702 3541 1895 3613 Ψυχῆς

314 3639 362 3695 δ’
387 3633 483 3694 οὖν
510 3639 660 3708 ὅμως
686 3635 788 3705 τῆς
817 3633 1166 3706 ἀνθρωπίνης
1211 3633 1306 3686 καὶ
1333 3633 1558 3704 λογικῆς
1586 3633 1687 3704 τὴν
1717 3633 1897 3703 σάρκα

317 3727 656 3798 χωρίσαντες
699 3723 794 3777 καὶ
835 3722 1241 3794 γυμνώσαντες,
1278 3721 1519 3794 ἡνῶσθαι
1559 3739 1724 3791 φασιν
1757 3724 1896 3795 αὐτῇ

315 3822 408 3875 τὸν
438 3821 502 3872 ὲκ
531 3817 666 3872 Θεοῦ
697 3817 895 3886 Λόγονο
923 3814 1214 3887 ἐξεύρηται
1238 3815 1296 3868 δέ
1328 3831 1414 3878 τις
1447 3815 1630 3878 αὐτοῖς
1676 3815 1770 3869 καὶ
1811 3833 1899 3869 πι-

319 3908 500 3974 θανὸς,
545 3908 620 3970 ὡς
664 3904 893 3971 οἴονται,
930 3903 1065 3975 πρὸς
1099 3903 1257 3956 τοῦτο
1295 3903 1474 3972 λόγος.
1509 3903 1591 3956 Τὰ
1636 3903 1745 3974 γάρ
1791 3919 1896 3970 τοι,

318 4003 487 4074 φασὶ,
532 4001 674 4054 κατά
723 3998 977 4054 σύνθεσιν
1027 3998 1164 4068 πρὸς
1213 3995 1332 4059 ἑνὸς
1377 3995 1585 4050 τελείου
1637 3997 1898 4049 σύστασιν

319 4090 836 4164 συνδεδραμηκότα,
875 4090 1018 4162 μέρη
1045 4105 1104 4140 τε
1143 4099 1166 4127 ο
1195 4087 1290 4141 καὶ
1316 4085 1376 4152 ἐξ
1417 4086 1624 4141 ἀτελῶν
1667 4086 1899 4158 ὁρᾶσθαι

319 4167 489 4257 φιλεῖ·
520 4183 614 4237 τοῦ
651 4183 874 4246 τελείως
923 4182 1138 4252 ἔχοντος
1185 4178 1308 4233 καθ’
1337 4178 1533 4243 ἑαυτὸ,
1569 4179 1664 4232 καὶ
1714 4177 1790 4242 ὡς
1840 4178 1898 4230 ὲν

323 4278 433 4348 ἰδίᾳ
465 4274 648 4345 φύσει,
684 4276 786 4345 τῆς
823 4274 889 4326 ἐκ
919 4271 1100 4342 μερῶν
1127 4269 1430 4334 συνθέσεως
1463 4269 1525 4323 οὺ
1552 4267 1896 4338 δεδεημένου.

1999 3263 2134 3319 satis
2165 3271 2486 3333 congruunt.
2533 3261 2665 3318 Nam
2713 3273 2770 3319 et
2801 3263 2904 3334 ipsi
2931 3279 3149 3336 quoque
3183 3281 3349 3321 unum
3401 3265 3574 3321 solum

2000 3355 2272 3411 Christum
2336 3366 2524 3425 aperte
2588 3359 2947 3423 constituunt,
3007 3366 3060 3412 et
3117 3371 3283 3411 unum
3360 3357 3578 3412 Emma-

2001 3447 2213 3503 nuelem
2261 3448 2313 3502 in
2368 3449 2504 3504 duos
2557 3446 2836 3513 divellere,
2889 3459 3144 3518 tanquam
3189 3464 3302 3504 rem
3365 3463 3577 3504 summa

2001 3552 2124 3594 cum
2165 3539 2446 3608 impietate
2487 3538 2854 3607 coniunctam,
2896 3554 3244 3609 summopere
3286 3554 3580 3594 exsecran-

2004 3638 2094 3685 tur
2127 3649 2141 3686 :
2172 3630 2268 3685 sed
2299 3629 2538 3686 Verbum
2592 3631 2810 3685 interim
2840 3633 3016 3696 carui,
3049 3647 3168 3702 qua:
3190 3631 3452 3698 humana,
3475 3633 3580 3687 hoc

2003 3735 2105 3788 est,
2133 3725 2344 3779 ratione
2376 3723 2601 3794 pradita
2652 3724 2832 3779 anima
2883 3734 3046 3778 exuta
3097 3723 3460 3793 destitutoque
3487 3724 3578 3786 sit,

2004 3815 2213 3869 unitum
2242 3815 2569 3884 praedicant;
2599 3823 2653 3869 et
2683 3831 2782 3870 cur
2822 3817 2961 3870 istud
3007 3815 3301 3884 praedicare
3324 3815 3578 3878 debeant,

2005 3902 2268 3958 rationem
2301 3903 2590 3957 admodum
2616 3902 2956 3972 plausibilem
2986 3905 3320 3973 comperisse
3336 3919 3397 3959 se
3421 3915 3582 3960 autu-

2005 4002 2174 4048 mant.
2205 3993 2374 4047 Aiunt
2400 3993 2709 4061 enim,quae
2739 3994 2806 4047 ad
2851 3993 3012 4048 unius
3054 3991 3280 4062 perfecti
3318 3997 3583 4048 constitu-

2007 4084 2208 4138 tionem
2252 4095 2352 4150 per
2397 4082 2846 4150 compositionem
2903 4091 3260 4146 concurrunt,
3289 4096 3353 4137 ea
3401 4092 3585 4152 partes

2004 4187 2126 4230 esse
2141 4185 2196 4230 et
2216 4174 2656 4246 imperfectorum
2684 4179 2945 4233 rationem
2979 4176 3264 4241 obtinere;
3291 4192 3416 4232 nam
3439 4176 3586 4247 quod

2004 4265 2305 4336 perfectum
2335 4276 2421 4322 est
2445 4281 2540 4338 per
2577 4281 2656 4334 se,
2687 4276 2850 4340 atque
2875 4277 2936 4322 nt
2985 4268 3040 4322 in
3095 4267 3310 4340 propria
3364 4277 3584 4331 natura,

321 4367 638 4438 Τοιγάρτοι,
679 4363 832 4433 φασὶ,
897 4359 1258 4433 παραιτητέον
1324 4358 1567 4424 εἰκότως,
1613 4356 1891 4426 ἄνθρωπον

2007 4373 2114 4412 non
2154 4371 2290 4428 opus
2347 4358 2530 4424 habet.
2567 4367 2630 4413 ut
2682 4358 2751 4414 ad
2799 4358 3080 4429 partialem
3134 4356 3581 4426 compositionem

320 4457 506 4512 δοῦναι
540 4456 767 4519 τέλειον,
797 4454 888 4508 τὸν
920 4451 1286 4506 συνενωθὲντα
1316 4449 1396 4521 τῷ
1428 4449 1590 4520 Λόγῳ
1630 4447 1778 4514 ναὸν,
1811 4447 1903 4502 ἵνα

320 4552 418 4604 καὶ
452 4551 485 4620 ἡ
518 4547 777 4612 ἓνωσιςά,
811 4548 956 4618 ἥπερ
987 4545 1053 4600 ἂν
1099 4546 1194 4598 ἐπὶ
1225 4541 1448 4614 Χριστῷ
1494 4544 1668 4597 νοοῖτο
1713 4539 1901 4610 τυχὸν,

320 4640 529 4712 ἀκριϐῆ
558 4657 620 4693 τε
669 4638 766 4692 καὶ
799 4637 1120 4707 ἀδιάϐλητον
1169 4636 1261 4690 τὸν
1315 4635 1402 4687 ἐπ’
1428 4633 1596 4704 αὐτῆς
1626 4631 1903 4696 ἀποσώζοι

315 4732 500 4800 λόγον.
543 4731 652 4784 Καὶ
707 4730 815 4801 μὴν
859 4731 1079 4784 κάκεῖνο
1131 4726 1417 4798 προσθεῖεν
1460 4725 1548 4788 ἂν,
1578 4724 1767 4796 ὥσπερ
1809 4720 1903 4778 οὖν

315 4823 562 4896 ἠγοῦμαι
589 4834 634 4889 θ,
659 4821 838 4876 πάλιν.
869 4821 930 4874 Ei
957 4820 1064 4891 γὰρ
1095 4818 1155 4883 ἐξ
1183 4817 1472 4888 ἀνθρώπου
1493 4815 1724 4882 τελείου,
1742 4816 1900 4886 φασὶ,

312 4913 415 4966 καὶ
446 4913 540 4966 τοῦ
576 4912 642 4966 ὲκ
670 4911 764 4965 τοῦ
795 4910 1009 4982 Πατρδς
1046 4909 1196 4973 ὄντος
1221 4908 1398 4978 Λόγου
1428 4908 1675 4979 φήσομεν
1698 4906 1718 4946 ἲ
1757 4902 1897 4960 εἶναι

312 5007 410 5060 τὸν
444 5003 816 5076 Ἐμμανουὴλ,
849 5003 910 5056 οὐ
974 5001 1148 5074 βραχὺ
1204 5001 1265 5053 τὸ
1319 4999 1517 5070 δεῖμα,
1577 4999 1777 5070 μᾶλλον
1838 4998 1896 5052 δὲ

310 5095 654 5166 ἀδιάφυκτον
719 5094 819 5164 ἤδη
859 5109 976 5156 πως
1041 5093 1394 5161 ἀναφανεῖται
1453 5088 1661 5153 λοιπὸν,
1693 5088 1754 5140 τὸ
1799 5087 1894 5141 καὶ

309 5185 637 5257 ἀϐουλήτως
681 5183 794 5238 δεῖν
839 5183 933 5237 δύο
978 5182 1077 5254 μὲν
1107 5182 1275 5247 υἱοὺς,
1321 5180 1594 5248 Χριστοὺς
1634 5180 1680 5233 δ’
1702 5173 1768 5233 αὗ
1804 5178 1898 5232 δύο

311 5278 540 5348 φρονεῖν
582 5293 644 5329 τε
690 5275 786 5329 καὶ
835 5274 1034 5344 λέγειν.
1065 5269 1200 5330 Εἶτα
1232 5271 1520 5334 τίτούτοις
1564 5270 1896 5342 ἀντεροῦμεν

308 5372 512 5438 ἡμεῖςς
563 5365 788 5438 Πρῶτον
819 5369 936 5436 μὲν,
967 5367 1046 5419 ὃτι
1073 5365 1175 5436 τῆς
1207 5366 1440 5428 πίστεως
1469 5363 1568 5433 τὴν
1593 5361 1762 5425 οὕτως
1794 5363 1895 5432 ἀρ·-

388 5527 436 5557 ⁸⁰
479 5525 494 5578 1
529 5526 668 5582 Tim.
700 5540 762 5588 tt,
793 5525 846 5580 5.
921 5524 965 5555 ⁸¹
1007 5522 1024 5576 Ι
1055 5523 1175 5580 Cor.
1207 5538 1324 5587 \‘Ill,
1357 5521 1411 5577 6.

2002 4449 2185 4505 veniat
2213 4467 2230 4504 :
2262 4457 2427 4520 atque
2451 4450 2574 4506 ideo
2597 4450 2899 4506 cavendum
2926 4463 3062 4505 esse
3100 4449 3290 4504 sedqu
3341 4462 3409 4504 ne
3447 4456 3587 4502 tem-

2001 4542 2173 4613 plum,
2201 4543 2348 4612 quod
2378 4541 2559 4598 Verbo
2584 4543 2800 4598 unitum
2835 4551 2940 4607 est,
2975 4541 3276 4611 perfectum
3306 4540 3581 4594 hominem

2002 4635 2278 4691 exstitisse
2324 4635 2706 4702 concedentes,
2728 4643 2976 4691 exactam
3031 4634 3177 4688 illam
3226 4632 3386 4687 unius
3413 4633 3584 4687 ratio-

2001 4739 2145 4791 nem,
2174 4740 2296 4794 quae
2335 4726 2389 4780 in
2410 4725 2630 4782 Christo
2675 4726 2940 4781 accidisse
2984 4724 3343 4792 dignoscitur,
3372 4723 3586 4778 merita:

2001 4815 2283 4871 calumnia:
2329 4831 2686 4886 exponamus.
2721 4816 2860 4882 Quin
2915 4824 2970 4870 et
3017 4815 3149 4870 illud
3201 4828 3417 4885 quoque
3478 4814 3588 4870 huc

2007 4907 2314 4978 adjecturos
2344 4908 2624 4977 suspicor;
2663 4919 2879 4976 nempe,
2904 4905 2949 4962 si
2975 4919 3044 4961 ex
3071 4906 3290 4961 homine
3320 4905 3583 4975 perfecto,

2007 5007 2062 5054 et
2085 4997 2178 5055 Dei
2207 4997 2390 5054 Patris
2420 4998 2598 5054 Verbo
2653 4997 3066 5054 Emmanuelem
3117 4997 3390 5053 coaluisse
3434 4996 3590 5052 dica-

1999 5104 2141 5154 mus,
2175 5090 2232 5144 in
2260 5089 2393 5145 illud
2423 5104 2522 5146 nos
2567 5099 2620 5146 et
2663 5105 2941 5162 magnum,
2973 5100 3023 5146 et
3059 5089 3220 5162 plano
3270 5091 3588 5147 inevitabile

1996 5179 2294 5248 periculum
2321 5187 2582 5235 venturos
2611 5193 2752 5246 esse,
2774 5189 2834 5235 ut
2863 5179 2946 5235 vel
2977 5180 3132 5236 inviti
3155 5182 3289 5236 duos
3311 5180 3581 5244 Christos,

1997 5281 2050 5326 et
2083 5273 2218 5328 duos
2271 5273 2458 5329 itidem
2499 5271 2640 5330 filios
2675 5283 2881 5330 'tenere
2925 5283 2980 5330 et
3026 5273 3270 5345 proﬁteri
3301 5286 3582 5340 cogamur.

1995 5363 2163 5429 Cedo,
2195 5363 2323 5433 quid
2383 5379 2482 5421 nos
2539 5365 2606 5421 ad
2665 5365 2779 5424 haec
2825 5364 3588 5438 respondebimus?Apprime

1417 5664 1587 5720 Variae
1617 5665 1877 5721 lectiones
1907 5665 2110 5721 codicis
2151 5664 2512 5734 chnicriaui.

392 5815 416 5842 ε
461 5802 602 5874 μέρη
628 5803 686 5856 τέ
712 5803 838 5859 εἱσι.
913 5801 939 5842 ἀ
979 5800 1246 5864 σύνθεσις.
1330 5813 1351 5840 ε
1393 5795 1637 5872 ἐγῷμαι.

1723 5801 1741 5840 ί
1777 5802 2100 5874 συντίθεμεν
2129 5803 2221 5856 τὸν
2263 5802 2632 5872 Ἐμμανουήλ.
