4060 6418
512 379 651 437 1159

1480 367 1540 426 S.
1576 369 1852 426 CYlllLLl
1883 365 2354 422 ALEXANDBINI
2396 365 2715 422 ARClllEP.

3636 377 3770 432 “80

513 495 794 562 indignum
826 503 947 544 esse
1008 501 1106 542 nos
1130 484 1563 554 antiquissimam
1597 483 1720 538 ﬁdei
1749 483 2092 537 traditionem

2199 483 2512 551 χαιοτάτην,
2539 483 2633 534 καὶ
2673 480 2731 546 ἐξ
2762 483 2939 535 αὐτῶν
2973 482 3083 535 τῶν
3124 485 3293 551 ἁγίων
3340 485 3652 540 ἀποστόλων
3695 491 3774 542 δι-

511 586 603 657 (υι
661 600 782 654 qua:
821 581 888 637 ab
919 581 1049 650 ipsis
1099 577 1306 632 sanctis
1337 576 1592 645 apostolis
1627 575 1867 644 profecta
1893 577 1958 627 ad
1996 590 2093 628 nos

512 691 682 746 usque
701 673 982 745 pervenit)
1009 681 1227 742 prapter
1252 669 1498 723 curiosas
1535 666 1794 735 quasdam
1820 680 1882 719 ac
1904 680 2094 734 super-

512 780 781 822 vacaneas
826 764 1071 819 rationes
1116 775 1180 815 ac
1229 758 1650 828 disceptationes
1699 757 1974 822 deserere,
2013 757 2093 811 vel

513 858 697 914 nimiis
723 855 1167 926 inquisitionibns
1200 854 1447 905 humana:
1473 850 1669 903 mentis
1694 860 1910 918 captum
1935 864 2096 903 exce-

511 949 694 1004 dentia
720 947 1030 1015 subjicere;
1066 943 1172 1013 ιθ
1196 941 1278 995 vel
1309 942 1360 994 in
1389 939 1622 993 medium
1667 940 1893 994 exsilire
1928 939 2092 992 veluti

509 1042 742 1112 )udices,
774 1048 834 1092 ut
865 1047 1050 1092 nostro
1089 1049 1275 1098 sensu,
1307 1040 1616 1100 contempto
1645 1031 1906 1101 periculo,
1940 1031 2097 1099 quid-

512 1134 598 1188 vis
633 1133 940 1193 metientes,
969 1128 1213 1182 dicamus
1243 1143 1256 1179 :
1288 1123 1398 1178 Iloc
1441 1132 1588 1177 recte
1639 1138 1696 1177 se
1751 1123 1932 1186 habet,
1966 1123 2095 1176 illud

515 1238 644 1276 vero
676 1234 852 1274 secus.
872 1216 1084 1283 Quanto
1127 1214 1322 1277 satius,
1357 1223 1668 1281 quantoque
1717 1211 1902 1265 utilius
1933 1211 2094 1275 foret,

513 1311 913 1382 sapientissimo
934 1307 1042 1362 Deo
1074 1306 1425 1361 consiliorum
1471 1318 1693 1358 suorum
1742 1302 1981 1356 rationes
2008 1303 2092 1355 in-

516 1415 664 1472 tegre
691 1402 1027 1472 permittere,
1063 1410 1118 1454 et
1142 1413 1204 1453 ea
1239 1412 1359 1466 qua:
1403 1397 1502 1467 ipsi
1531 1395 1914 1466 probatissima
1947 1404 2095 1460 sunt,

514 1497 679 1566 impie
699 1511 804 1550 non
828 1493 1245 1565 reprehendere,
1281 1492 1578 1560 presset-tim
1598 1505 1721 1546 cum
1749 1490 1893 1543 illum
1911 1499 2098 1558 aperte

514 1587 882 1650 dicentem,et
931 1585 1088 1655 quasi
1122 1584 1556 1653 expostulantetn
1592 1584 1910 1636 audiamus:
1937 1599 1954 1632 ι
1980 1579 2095 1634 Νοη

515 1689 640 1734 sunt
675 1679 897 1732 consilia
931 1692 1049 1730 mea
1079 1677 1213 1729 sicut
1235 1675 1457 1729 consilia
1495 1684 1693 1736 vestra,
1722 1688 1819 1726 nec
1845 1673 1940 1725 viae
1966 1687 2097 1726 mea:

517 1780 578 1824 ut
602 1771 702 1825 vim
738 1780 969 1824 vestrae:
998 1768 1091 1820 sed
1147 1767 1290 1820 sicut
1330 1767 1494 1820 distat
1544 1765 1740 1820 caelum
1773 1780 1802 1817 a
1830 1774 1995 1828 terra,
2022 1767 2094 1817 ita

517 1865 617 1918 viae
641 1877 822 1916 meaea
852 1863 953 1916 viis
995 1863 1211 1925 vestris,
1236 1869 1291 1914 et
1333 1859 1688 1928 cogitationes
1721 1873 1852 1913 mea:
1883 1873 1911 1911 a
1941 1859 2092 1929 cogi-

517 1954 810 2008 tationibus
842 1955 1034 2008 vestris
1054 1953 1120 2005 ⁸¹.
1153 1971 1172 2003 ι

585 2045 774 2101 XVIII.
810 2044 989 2111 Quare
1028 2045 1156 2100 licet
1192 2041 1472 2112 templum,
1507 2040 1648 2110 quod
1677 2039 1856 2097 Verbo
1884 2041 2092 2095 unitum

515 2149 620 2206 est,
660 2139 838 2192 anima
869 2137 1106 2192 humana
1136 2137 1435 2205 perlectum
1464 2144 1518 2189 et
1563 2134 1914 2189 informatum
1943 2142 2096 2187 certo

515 2233 824 2295 credamus,
865 2245 970 2283 non
1023 2231 1160 2284 duos
1212 2238 1391 2283 tamen
1447 2226 1591 2281 ﬁlios
1650 2227 1962 2288 adoramus,
1996 2237 2095 2278 nec

514 2325 650 2379 duos
681 2322 930 2378 Christos
961 2322 1326 2392 agnoscimus.
1355 2318 1426 2374 Ut
1457 2318 1603 2372 enim
1635 2317 1849 2371 tametsi
1879 2315 2096 2369 Emma-

517 2415 729 2469 nuelem
787 2429 850 2468 ex
908 2413 1022 2468 sola
1078 2427 1243 2466 carne
1277 2420 1333 2462 ct
1370 2409 1462 2463 Dei
1510 2407 1686 2462 Patris
1721 2403 2094 2470 Verbo,juxta

518 2507 834 2574 opinionem
897 2519 1059 2570 quam
1117 2502 1193 2556 illi
1249 2495 2093 2568 complectuntur,compositum

518 2602 787 2655 statuant,
848 2591 993 2644 nulla
1025 2591 1199 2643 adhuc
1234 2597 1414 2642 tamen
1465 2587 1673 2640 ratione
1707 2585 1809 2639 huc
1847 2584 1921 2638 illi
1955 2582 2095 2652 adigi

517 2696 579 2737 se
617 2687 953 2750 paterentur,
999 2689 1053 2731 ut
1077 2692 1242 2732 carne
1277 2690 1546 2735 seorsum,
1571 2683 1627 2727 et
1658 2673 1946 2741 Unigenito
1973 2687 2094 2724 rur-

517 2786 636 2827 sum
668 2784 912 2824 seorsum
967 2767 1164 2838 posito,
1210 2768 1344 2820 duos
1383 2765 1628 2819 Christos
1675 2762 2091 2832 proﬁterentur;

519 2863 595 2918 Ita
625 2877 722 2918 nos
773 2874 1004 2930 quoque,
1035 2858 1286 2928 quamvis
1337 2855 1435 2911 Dei
1475 2853 1732 2917 Verbum,
1769 2855 2094 2908 humanitati

519 2965 720 3012 nostra:
752 2954 1046 3008 secundum
1072 2950 1304 3022 propriae
1334 2959 1540 3004 natura:
1573 2949 1839 3003 rationeut
1871 2947 2095 3002 omnino

517 3046 758 3118 perfecte
807 3045 1044 3110 unitum,
1086 3041 1453 3113 ineﬁ'abilique
1519 3055 1583 3096 ac
1643 3039 2097 3108 incomprehenso

517 3138 679 3210 plane
707 3139 868 3193 modo
909 3136 1178 3191 sociatum
1213 3133 1569 3198 aﬂlrmamus,
1619 3147 1725 3188 non
1756 3132 1892 3188 duos
1915 3143 2093 3185 tamen

518 3229 658 3286 ﬁlios
711 3237 891 3284 mente
937 3226 1299 3298 concipimus,
1332 3225 1428 3281 sed
1494 3240 1659 3279 unum
1715 3224 2092 3293 eumdemque,

517 3319 609 3390 qui
641 3318 860 3388 quidem
909 3325 1103 3372 natura
1145 3315 1288 3370 Deus
1337 3314 1632 3377 exsistcns,
1662 3322 1848 3381 utpote
1883 3327 1950 3367 ex
2000 3310 2094 3366 Dei

517 3419 575 3465 et
606 3408 785 3464 Patris
819 3407 1125 3463 substantia
1163 3415 1336 3469 ortus,
1368 3413 1423 3458 et
1475 3404 1528 3457 in
1592 3401 1857 3456 extremis
1912 3400 2095 3456 satculi

518 3501 856 3572 temporibus
913 3500 1076 3553 homo
1124 3496 1303 3552 Iactus
1338 3495 1408 3556 ⁸³,
1449 3504 1508 3549 et
1551 3507 1618 3548 ex
1671 3507 1826 3548 sacra
1876 3493 2096 3562 deipara

518 3593 744 3664 Virgine
772 3597 954 3652 natus,
980 3603 1104 3642 cum
1135 3602 1165 3640 a
1198 3584 1378 3650 nobis,
1419 3593 1531 3637 tum
1579 3583 1648 3637 ab
1704 3583 1836 3652 ipsis
1880 3596 2097 3652 quoque

517 3683 726 3737 sanctis
762 3677 991 3748 angelis,
1025 3674 1323 3732 secundum
1379 3673 1687 3744 Scripturas
1723 3673 1790 3742 “,
1821 3675 2018 3730 colitur
2042 3682 2097 3730 et

520 3771 800 3825 adoratur.

592 3861 730 3918 XIX.
764 3862 917 3930 Quod
967 3861 1012 3918 si
1054 3860 1290 3916 dixerint
1319 3876 1488 3932 genus
1524 3870 1769 3917 nostrum
1805 3861 1920 3916 solo
1963 3861 2093 3918 Uni-

519 3957 686 4028 geniti
742 3957 975 4012 adventu
1030 3955 1329 4026 indiguisse
1392 3967 1556 4026 atque
1596 3957 1718 4010 ideo
1748 3956 1920 4022 illum,
1950 3955 2093 4026 quod

516 4051 586 4105 ab
623 4052 689 4106 iis
720 4052 812 4120 qui
841 4051 894 4104 in
941 4051 1101 4105 terris
1139 4051 1360 4120 degunt,
1399 4050 1572 4114 cerni,
1626 4050 1908 4118 amiceque
1970 4065 2092 4103 cum

518 4144 826 4198 hominibus
852 4143 1185 4206 conversari,
1222 4153 1275 4196 et
1303 4143 1424 4198 vitae
1456 4143 1784 4212 evangelica
1830 4141 1968 4195 viam
2000 4156 2095 4195 no-

516 4234 602 4288 bis
632 4243 1050 4303 praemonstrare
1101 4235 1282 4298 vellet,
1305 4235 1702 4303 dispensatoria
1731 4235 1966 4304 quadam
2001 4249 2092 4286 ra-

517 4328 667 4380 tione
689 4325 858 4380 solam
898 4340 1125 4381 carnem
1167 4327 1324 4382 nobis
1357 4326 1592 4381 similem
1647 4325 1886 4380 induisse
1916 4324 2094 4394 (Deus

516 4433 751 4487 namque
787 4421 1082 4473 secundum
1108 4433 1259 4472 suam
1281 4429 1526 4472 naturam
1545 4418 1648 4472 sub
1682 4425 1961 4486 aspectum
1987 4430 2092 4468 non

2194 576 2436 644 ήκουσαν
2463 575 2542 636 είς
2571 575 2717 642 ἡμᾶς
2751 573 3069 643 παράδοσιν,
3103 575 3163 626 οὑ
3206 577 3329 638 ταῖς
3360 576 3728 648 ὑπερμέτροις
3749 590 3773 627 s

2194 663 2500 734 ἀκριϐείαις
2522 664 2809 716 καταλύειν
2828 666 2852 704 h
2877 664 3048 731 ἀξιον,
3077 664 3200 719 οὔτε
3227 667 3334 738 μὴν
3355 672 3476 732 ταῖς
3506 672 3585 732 είς
3607 671 3775 742 ἀκρον

2195 753 2444 824 ἐρεύναις
2489 753 2784 824 ὑποφέρειν
2827 754 2898 806 τὰ
2965 755 3106 824 ὺπέρ
3155 755 3297 821 νοῦν,
3327 757 3443 812 ἀλλ’
3467 758 3587 812 οὒδέ
3621 761 3777 830 ἥκειν

2193 847 2273 908 είς
2321 846 2486 915 μέσον
2533 843 2730 917 οἷάπερ
2753 848 2906 910 τινάς
2946 848 3202 918 ὁριστὰς,
3249 849 3343 902 καὶ
3392 850 3779 920 ῥιψοκινδύνως

2194 937 2486 1006 λέγοντας,
2531 939 2606 1003 ὼς
2659 939 2720 991 τὸ
2764 940 2912 994 δεῖνα
2959 939 3059 1010 μέν
3107 939 3307 1012 ὀρθῶς,
3337 940 3398 994 τὸ
3433 942 3580 994 δεῖνα
3627 943 3671 995 δ’
3708 940 3776 997 αῦ

2195 1030 2400 1101 ἑτέρως
2428 1030 2593 1101 ἔχειν.
2613 1031 2810 1102 Ἐχρῆν
2845 1031 3042 1102 δήπου,
3065 1032 3163 1085 καὶ
3189 1027 3256 1103 ἦν
3284 1033 3506 1102 ἄμεινον
3539 1033 3776 1104 ἀληθῶς,

2195 1122 2492 1192 ἀπονέμειν
2528 1123 2732 1193 μᾶλλον
2785 1125 2864 1195 τῷ
2895 1125 3154 1195 πανσόφῳ
3182 1125 3303 1196 Θεῷ
3339 1125 3450 1179 τῶν
3487 1125 3631 1180 ίδίων
3660 1126 3779 1180 δια-

2198 1216 2442 1284 σκέψεων
2487 1217 2588 1287 τὴν
2637 1218 2777 1283 ὁδὸν,
2814 1219 2909 1272 καὶ
2941 1218 3015 1289 μὴ
3043 1223 3155 1283 τοῖς
3193 1215 3251 1273 εῦ
3288 1219 3433 1289 ἔχειν
3465 1220 3597 1291 παρ’
3626 1221 3776 1290 αὑτῷ

2193 1307 2696 1378 δεδοκιμασμένοις,
2766 1310 2996 1374 ἀνοσίως
3057 1313 3344 1382 ἐπιτιμᾷν.
3402 1312 3776 1383 ’Δκουσόμεθα

2195 1397 2304 1468 γὰρ
2333 1398 2582 1467 λέγοντος
2613 1401 2858 1470 ἐναργῶς
2878 1417 2890 1428 ·
2925 1421 2944 1453 ι
2972 1403 3046 1454 Οὐ
3075 1401 3183 1472 γάρ
3209 1405 3346 1456 εἰσιν
3380 1405 3434 1456 αἱ
3460 1402 3644 1473 βουλαί
3674 1420 3777 1473 μου

2195 1489 2383 1560 ῶσπερ
2416 1491 2473 1543 αί
2505 1490 2692 1560 βουλαὶ
2719 1492 2894 1562 ὑμῶν,
2925 1493 3046 1545 οὐδὲ
3088 1493 3277 1564 ὥσπερ
3309 1496 3364 1547 αί
3395 1495 3503 1548 όδοὶ
3533 1495 3690 1565 ὑμῶν
3721 1496 3776 1549 αί

2194 1579 2302 1631 όδοί
2337 1593 2471 1648 μου·
2526 1580 2642 1632 ἀλλ’
2670 1581 2746 1644 ὡς
2777 1581 2969 1650 ἀπέχει
3012 1583 3040 1632 ὁ
3073 1583 3301 1653 οὐρανὸς
3350 1583 3456 1636 ἀπὸ
3499 1585 3597 1654 τῆς
3627 1585 3732 1654 γῆς
3761 1626 3775 1647 ι

2194 1670 2368 1734 οὕτως
2393 1671 2588 1741 ἀπέχει
2620 1675 2654 1742 ἡ
2684 1674 2800 1736 ὁδός
2835 1691 2936 1743 μου
2965 1675 3074 1728 ἀπὸ
3101 1676 3210 1728 τῶν
3226 1676 3362 1728 ὁδῶν
3392 1676 3566 1747 ὑμῶν,
3589 1678 3683 1731 καὶ
3708 1677 3775 1732 τά

2195 1761 2534 1831 διανοήματα
2568 1761 2722 1832 ὑμῶν
2754 1764 2862 1816 ἀπὸ
2895 1763 2993 1834 τῆς
3021 1765 3259 1831 διανοίας
3295 1783 3416 1837 μου.
3451 1786 3468 1818 ι

2267 2033 2375 2086 III'.
2420 2033 2582 2096 Υίοὺς
2642 2034 2698 2088 δέ
2725 2032 2842 2088 οῦτι
2878 2051 2982 2089 που
3018 2034 3110 2089 δύο
3147 2036 3618 2107 προσκυνήσομεν,
3647 2035 3773 2090 ἀλλ’

2195 2127 2316 2180 οὐδὲ
2347 2128 2617 2198 Χριστοῦς
2646 2128 2878 2198 ἐροῦμεν
2897 2125 3008 2190 δύο,
3033 2126 3137 2180 κᾶν
3161 2127 3474 2198 ἐψυχῶσθαι
3508 2128 3771 2182 πιστεύω-

2198 2235 2298 2287 μεν
2319 2217 2464 2288 ψυχῇ
2488 2219 2679 2289 λογικῇ
2708 2220 2797 2272 τὸν
2824 2218 3095 2272 ἐνωθέντα
3114 2219 3193 2289 τῷ
3226 2220 3383 2290 Λόγῳ
3411 2220 3774 2290 ναόν.”Ωσπερ

2195 2311 2330 2380 γὰρ,
2360 2310 2500 2363 κατά
2525 2327 2587 2378 γε
2619 2310 2680 2362 τὸ
2725 2311 2955 2373 ἐκείνοις
2983 2307 3041 2364 εὖ
3073 2311 3218 2380 ἐχειν
3247 2311 3458 2375 δοκοῦν,
3495 2311 3598 2365 κᾶν
3630 2313 3679 2363 εί
3711 2313 3774 2365 ἐι

2199 2401 2364 2471 μόνης
2392 2400 2602 2469 λέγοιτο
2622 2402 2695 2450 i-l
2721 2401 2822 2469 τῆς
2850 2400 3072 2470 σαρκὸς,
3101 2401 3300 2453 καὶτοῦ
3318 2403 3383 2453 ἐκ
3403 2400 3536 2454 Θεοῦ
3566 2403 3775 2472 [ἰατρὸς

2196 2491 2502 2561 πεφηνότος
2552 2491 2750 2558 Λόγου,
2781 2490 2955 2554 οὐδεὶς
2996 2491 3193 2554 αὐτοὺς
3230 2491 3511 2544 ἀναπείσει
3551 2493 3772 2563 τρόπος,

2195 2581 2301 2634 ἀνά
2334 2581 2496 2652 μέρος
2523 2581 2621 2652 τὴν
2658 2582 2836 2652 σάρκα
2866 2581 3134 2647 τιθέντας,
3171 2581 3264 2634 καὶ
3288 2582 3389 2635 ἀνέι
3425 2582 3591 2652 μέρος
3613 2583 3776 2636 αὑτὸν

2196 2671 2500 2740 Μονογενῆ,
2528 2670 2696 2724 δυάδα
2746 2672 2802 2724 δὲ
2843 2671 3092 2742 Χριστῶν
3129 2671 3412 2740 ὁμολογεῖν
3435 2687 3447 2700 ·
3479 2669 3622 2723 οῦτω
3675 2671 3776 2724 κᾶν

2195 2765 2262 2830 τῇ
2286 2759 2405 2814 καθ’
2434 2763 2584 2830 ἡμᾶς
2619 2762 3002 2832 ἀνθρωπότητι
3029 2761 3248 2824 τελείως
3277 2761 3497 2834 ἐχούσῃ,
3543 2761 3686 2814 κατά
3711 2779 3773 2830 γε

2194 2853 2286 2905 τὸν
2314 2853 2413 2924 τῆς
2447 2853 2582 2916 ἰδίας
2630 2853 2844 2922 φύσεως
2895 2854 3072 2922 λόγον,
3103 2855 3266 2906 οίονεὶ
3301 2854 3687 2924 συνενηνέχθαι
3717 2871 3774 2906 τε

2196 2944 2292 2996 καὶ
2325 2941 2569 3012 ἡνῶσθαι
2616 2942 2860 3012 λέγωμεν
2891 2943 3225 3013 ἀπηρῥήτως
3255 2959 3314 2994 τε
3353 2941 3449 2994 καὶ
3478 2941 3616 3012 ὑπὲρ
3651 2940 3775 2994 νοῦν

2195 3035 2287 3087 τὸν
2330 3035 2394 3087 ἐκ
2436 3033 2571 3086 Θεοῦ
2613 3034 2806 3102 Λόγον,
2841 3036 2940 3104 οὐχ
2970 3034 3102 3086 υίῶν
3125 3033 3291 3086 δυάδα
3317 3034 3608 3104 νοήσομεν,
3647 3033 3777 3086 ἀλλ’

2197 3125 2294 3178 ἐνα
2322 3126 2417 3178 καὶ
2448 3124 2540 3178 τὸν
2567 3125 2752 3188 αὑτὸν,
2785 3123 2948 3193 φύσει
2986 3125 3086 3195 μὲν
3115 3127 3244 3180 δντα
3276 3125 3430 3190 Θεὸν,
3456 3125 3551 3177 καὶ
3595 3123 3656 3190 ἐξ
3683 3125 3780 3179 αὐ·

2197 3215 2295 3286 τῆς
2327 3215 2605 3287 πεφηνότα
2647 3215 2748 3286 τῆς
2793 3216 2980 3280 οὐσίας
3009 3217 3106 3270 τοῦ
3138 3216 3273 3270 Θεοῦ
3320 3217 3413 3271 καὶ
3447 3217 3690 3289 Πατρός*
3719 3219 3781 3270 ἐν

2195 3307 2445 3375 ἐσχάτοις
2474 3307 2532 3361 δέ
2556 3305 2650 3360 τοῦ
2678 3307 2873 3371 αίῶνος
2901 3310 3114 3379 καιροῖς
3149 3309 3439 3380 γενόμενον
3463 3308 3777 3379 ἄνθρωπον,

2198 3399 2293 3452 καὶ
2323 3399 2413 3453 διὰ
2452 3399 2551 3470 τῆς
2588 3399 2752 3468 ἁγίας
2782 3401 2877 3454 καὶ
2905 3401 3169 3455 Θεοτόκου
3207 3402 3480 3474 Παρθένου
3514 3419 3780 3473 γεγεννη-

2199 3488 2379 3560 μένον,
2415 3489 2511 3543 καὶ
2541 3490 2679 3561 πρός
2711 3509 2770 3544 τε
2801 3491 2959 3562 ήμῶν
2990 3492 3170 3547 αὐτῶν
3200 3493 3294 3546 καὶ
3330 3494 3438 3546 τῶν
3467 3493 3640 3564 ἀγίων
3671 3494 3778 3563 ἀγ-

2196 3580 2372 3650 γέλων
2405 3581 2903 3654 προσκυνούμενον,
2938 3585 3081 3639 κατά
3105 3583 3203 3648 τὰς
3230 3584 3473 3656 Γραφάς.

2268 3871 2368 3924 ΙΘ’.
2410 3871 2472 3924 Εί
2501 3870 2559 3924 δέ
2587 3869 2653 3942 δὴ
2681 3866 2855 3939 φατεν,
2887 3870 2970 3924 ὅτι
3001 3869 3170 3941 μόνης
3203 3867 3302 3939 μὲν
3339 3867 3513 3922 ἐδεῖτο
3536 3867 3605 3920 τά
3633 3864 3771 3920 καθ’

2195 3964 2344 4035 ἡμᾶς
2388 3965 2485 4034 τῆς
2529 3961 2626 4015 τοῦ
2674 3961 3014 4030 Μονογενοῦς
3058 3959 3388 4030 ἐπιδημίαςο
3420 3957 3682 4030 ἐθελήσας
3716 3957 3779 4012 δὲ

2195 4055 2429 4125 ὀφθῆναι
2454 4058 2567 4117 τοῖς
2596 4055 2687 4108 ἐπὶ
2717 4055 2838 4125 γῆς,
2863 4057 2958 4108 καὶ
2980 4053 3287 4124 ἀνθρώποις
3319 4051 3777 4120 συναναστραφῆ-

2195 4164 2302 4210 ναι,
2335 4144 2657 4217 παραδείξαί
2699 4163 2759 4199 τε
2799 4148 2934 4216 ἡμῖν
2981 4147 3082 4214 τῆς
3129 4145 3466 4215 ἀγγελικῆςιί
3500 4142 3776 4206 πολιτείας

2195 4239 2292 4308 τὴν
2325 4238 2463 4300 ὁδον,
2495 4238 2852 4307 οίκονομικῶς
2873 4235 3215 4307 ἠμπίσχετοι
3248 4236 3348 4307 τὴν
3377 4235 3617 4306 όμοίανιιεΙ
3639 4237 3780 4304 ἡμῖν

2161 4399 2168 4402 _
2196 4332 2376 4400 σάρκα
2423 4328 2504 4399 (τὸ
2531 4329 2638 4398 γάρ
2667 4346 2749 4382 τοι
2792 4329 2946 4382 Θεϊον
2977 4328 3117 4381 κατὰ
3145 4326 3307 4396 φύσιν
3341 4326 3476 4380 ίδίαν
3507 4325 3606 4396 οὐχ
3640 4326 3781 4395 δρα-

2194 4422 2328 4488 τόν)·
2367 4422 2698 4491 ἠγνοηκότες
2738 4419 3034 4474 ἁλώσονται
3054 4422 3153 4490 τῆς
3185 4418 3648 4489 ἐνανθρωπήσεως
3683 4416 3780 4470 τὸν

516 4510 722 4580 cadit),
763 4509 837 4563 illi
878 4510 1273 4565 incarnationis
1323 4524 1548 4578 scopum
1593 4523 1652 4562 se
1677 4508 1944 4577 ignorare,
1981 4520 2092 4560 ma-

2201 4513 2422 4577 σιιοπὸν,
2439 4512 2532 4564 καὶ
2549 4512 2822 4574 συνιέντες
2842 4510 3093 4580 οὐδαμῶς
3119 4510 3179 4562 τὸ
3203 4511 3347 4580 μέγα
3369 4508 3465 4578 τῆς
3493 4507 3744 4560 εὑσεϐεία
3758 4527 3780 4570 ;

516 4616 790 4671 gnumque
857 4602 986 4657 illud
1045 4603 1264 4672 pietatis
1299 4602 1614 4674 mysterium
1650 4601 1696 4632 "
1732 4616 1953 4671 prorsus
1982 4615 2090 4654 non

518 4693 838 4764 intelligere,
865 4705 1053 4764 aperte
1086 4695 1401 4748 ostendunt.
1430 4693 1563 4747 Nam
1590 4694 1634 4748 si
1670 4691 1996 4762 Unigenitus
2027 4700 2091 4744 ea

517 4787 688 4840 solum
724 4791 790 4841 de
840 4802 1001 4841 causa
1051 4787 1386 4854 incarnatus,
1409 4787 1509 4840 hoc
1558 4795 1660 4851 est,
1700 4787 1859 4840 homo
1921 4785 2096 4839 lactus

517 4887 746 4944 est,quo
772 4878 839 4930 ab
884 4878 949 4930 iis
967 4878 1057 4945 qtti
1095 4878 1148 4930 in
1189 4878 1347 4932 terris
1388 4887 1601 4932 aetatem
1637 4887 1822 4945 agunt,
1852 4876 2094 4944 conspici

519 4978 722 5038 posset,
752 4969 997 5036 nihilque
1043 4969 1188 5024 aliud
1245 4981 1506 5039 praeterea
1540 4970 1808 5025 commodi
1839 4968 1983 5022 illius
2013 4968 2097 5022 in-

517 5059 766 5114 carnatio
796 5059 1042 5114 humana:
1085 5072 1288 5114 natura:
1334 5063 1513 5115 attulit
1543 5081 1556 5116 :
1587 5076 1683 5115 cur
1724 5060 1937 5115 illorum
1969 5074 2092 5115 sen-

520 5151 703 5205 tentia:
746 5152 1092 5208 subscribere
1127 5153 1229 5222 l7
1263 5169 1364 5207 non
1396 5154 1598 5222 pigeat,
1628 5152 1718 5221 qui
1749 5152 2090 5221 phantastica

521 5252 728 5297 tantum
786 5259 952 5299 carne
1001 5257 1056 5301 et
1089 5259 1317 5313 corpore
1349 5243 1579 5300 Verbum
1621 5245 2090 5311 indutum,neqne

2203 4603 2520 4674 μυστήριον.
2550 4602 2611 4655 El
2657 4601 2765 4672 γὰρ
2804 4601 2868 4672 δὴ
2912 4602 3079 4672 μόνην
3108 4601 3222 4672 ἔχει
3255 4603 3354 4674 τὴν
3388 4602 3644 4673 ἀφορμὴν
3677 4601 3776 4655 τοῦ

2195 4695 2424 4766 ὀφθῆναι
2453 4699 2567 4760 τοῖς
2600 4697 2693 4749 ἐπὶ
2726 4697 2830 4767 γῆς
2863 4696 2958 4750 τοῦ
3008 4699 3345 4768 Μονογενοῦς
3395 4702 3426 4769 ἡ
3472 4700 3776 4770 σάρκωσις,

2195 4788 2412 4856 ἡγουνη
2464 4786 2906 4858 ἐνανθρώπησις,
2961 4787 3260 4859 προσετέθη
3293 4797 3397 4856 γεο
3450 4788 3556 4858 μὴν
3586 4789 3779 4859 ἕτερον

2194 4877 2347 4930 οὐδὲν
2383 4881 2448 4948 τῇ
2477 4877 2768 4949 ἀνθρώπου
2794 4879 2973 4947 φύσει·
3007 4879 3124 4942 πῶς
3154 4879 3254 4932 οὐκ
3277 4879 3499 4950 ἄμεινον
3526 4879 3627 4950 ἤδη
3657 4898 3781 4944 πως

2195 4969 2288 5020 καὶ
2321 4969 2500 5037 σοφῶν
2520 4980 2566 5033 ι’,
2607 4972 2673 5040 τῇ
2701 4969 2810 5023 τῶν
2844 4971 3097 5041 Δοκητῶν
3128 4970 3500 5042 συμφέρεσθαι
3525 4971 3652 5042 δόξῃ
3679 4973 3782 5024 καὶ

2197 5061 2345 5130 ἡμᾶς
2377 5061 2594 5125 αὐτοὺς,
2613 5063 2662 5114 οἳ
2701 5063 2904 5132 σαρκός
2931 5080 2988 5115 τε
3017 5062 3156 5134 όμοῦ
3183 5064 3278 5116 καὶ¹
3305 5062 3492 5133 γηῖνου
3519 5063 3784 5134 σώματος

2199 5152 2674 5222 ἀπαμφιεννύντες
2717 5154 2807 5206 τὸν
2841 5155 3032 5222 Λόγον,
3067 5149 3246 5223 ὦφθαι
3285 5155 3380 5226 μὲν
3431 5155 3524 5206 ἐπὶ
3562 5154 3668 5225 γῆς
3700 5157 3784 5220 ὡς

2197 5243 2481 5313 ἄνθρωπον
2510 5245 2978 5316 μυθοπλαστοῦσιν
3003 5248 3051 5298 οί
3071 5246 3324 5310 δείλαιοι;
3363 5245 3785 5318 Ἦμαρτηκότες

587 5398 634 5430 "
672 5398 773 5453 lsa.
804 5415 890 5466 t.v,
925 5401 978 5456 8.
1055 5400 1100 5431 ⁵³
1141 5396 1301 5451 Ilcbr.
1337 5413 1376 5462 I,
1412 5398 1463 5465 l,
1495 5399 1550 5450 2.
1625 5399 1670 5430 ’δ
1711 5398 1853 5453 Psal.
1886 5415 2028 5464 xcvr,
2061 5399 2092 5454 8

2194 5400 2235 5431 ”
2278 5402 2293 5454 I
2326 5399 2465 5454 Tim.
2500 5415 2586 5464 Ill,
2622 5400 2708 5455 16.

1630 5551 1802 5605 Varia:
1839 5552 2095 5608 lectiones
2127 5555 2329 5610 codicis
2363 5554 2719 5626 Seguieriani.

593 5711 1018 5781 ελμῦπέρμετρον.
1096 5721 1122 5749 ⁸
1148 5710 1486 5765 καταλιπεῖν.

523 5779 704 5847 σετίθη
727 5779 813 5846 γεζ
889 5779 917 5828 15
956 5782 1136 5848 σοφόν.

1572 5709 1656 5761 i-i
1694 5708 1916 5766 ἕλοιντο.
1983 5711 2005 5750 ¹ι
2040 5710 2421 5782 εὐαγγελικῆς.
2483 5709 2860 5782 1ἠμπέσχετο.
2919 5727 2958 5754 ιη
3003 5716 3155 5771 ἰδίαν.
3196 5727 3222 5758 η
3271 5714 3503 5773 είτόῦν.

3584 5728 3609 5755 ο
3637 5732 3778 5787 προ-
