4060 6414
323 378 457 436 “6|

1280 373 1367 431 DE
1408 372 1634 430 RECTA
1676 372 1832 427 FIDE
1871 371 1961 425 AD
2001 372 2448 431 TIIEODOSIUH
2491 375 2627 431 1MP.

3449 386 3590 444 “62

320 495 382 551 δὲ
410 490 677 565 τάληθοῦς
726 490 904 546 ἀλοϊεν
941 490 1008 545 ἂν
1041 488 1135 546 καὶ
1168 489 1227 544 οὐ
1261 492 1357 545 σὺν
1390 490 1577 561 ἱδρῶτι
1608 488 1906 561 μακρῷ.ΊΙ

2016 489 2065 543 in
2103 491 2336 546 hominis
2368 500 2582 559 natura,
2617 492 2708 548 sed
2737 493 2789 548 in
2823 495 3062 554 hominis
3093 504 3303 556 tantum
3336 502 3591 559 similitu-

319 588 426 643 οὐκ
452 587 675 658 ἄμεινον
703 586 944 658 ἐροῦσιν,
975 587 1024 639 εί
1053 584 1221 657 μηδὲν
1247 586 1455 655 ὀνίνησι
1487 585 1585 655 τὴν
1612 584 1903 655 ἀνθρώπου

320 679 487 748 φύσιν
530 679 560 731 6
604 679 668 732 hc
705 678 842 731 Θεοῦ
869 677 1063 746 Λόγος,
1098 677 1148 729 εί
1178 679 1273 730 καὶ
1306 677 1499 745 γέγονε
1531 678 1687 747 σὰρξ,
1727 677 1904 731 ἀπαλ-

321 769 614 823 λάττεσθαι
642 769 741 840 μὲν
788 766 1129 839 ἀκαθαρσίας
1178 768 1485 837 σαρκικῆς,
1515 766 1662 832 δόξαι
1687 766 1777 838 [δ’]
1809 762 1904 819 οὖν

320 858 473 925 anas
513 858 589 929 τῷ
620 860 793 929 γηΐνῳ
821 858 1265 930 προσκεχρῆσθαι
1301 857 1536 927 σώματι,
1573 858 1901 926 διαπερᾶναι

319 969 383 1006 τε
407 952 550 1006 οὔτω
581 951 673 1005 τὸν
703 950 1040 1022 προτεθέντα
1070 950 1300 1015 σκοπόν;
1334 950 1428 1014 Τίς
1459 945 1551 1005 οῦν
1580 950 1646 1004 ἂν
1693 952 1905 1019 γένοιτο

318 1044 507 1098 λοιπὸν
539 1044 641 1114 τῆς
698 1041 993 1114 ἐπιδημίας
1025 1043 1055 1095 6
1080 1042 1239 1111 λόγος
1259 1084 1274 1106 ,
1312 1043 1345 1115 ἢ
1390 1041 1472 1107 τίς
1506 1043 1534 1095 ὁ
1573 1042 1773 1114 τρόπος
1805 1044 1905 1115 τῆς

321 1136 829 1207 ὲνανθρωπήσεως,
877 1136 1194 1207 πέπρακται
1229 1135 1287 1188 δὲ
1331 1136 1454 1189 ὅτου
1484 1137 1666 1207 χάριν,
1723 1136 1778 1189 εἴ
1819 1154 1904 1201 τις

319 1228 502 1300 ἔροιτο
529 1228 711 1298 τυχὸν,
730 1227 1128 1283 ἀντακούσεται
1157 1230 1288 1299 παρ’
1314 1229 1501 1299 ἡμῶν·
1533 1229 1598 1283 Ἡ
1614 1227 1735 1283 θεία
1759 1228 1905 1284 διδά-

321 1321 404 1386 ξει
434 1319 761 1390 Γραφή.ἰθι
789 1320 853 1389 δὴ
896 1316 1010 1387 οὖν,
1035 1314 1080 1373 ὧ
1129 1324 1367 1388 γενναῖε,
1397 1320 1571 1374 πυθοῦ
1601 1321 1711 1375 τῶν
1742 1321 1905 1392 ἱερῶν

318 1415 361 1467 Γ
366 1413 695 1485 ραμμάτων,
728 1413 822 1466 καὶ
848 1414 968 1474 ταῖς
1012 1412 1120 1473 τῶν
1152 1414 1321 1482 ἀγίων
1351 1415 1665 1469 ἀποστόλων
1693 1420 1903 1485 φωναῖς

318 1504 602 1575 ἐνερείσας
630 1500 690 1557 εὖ
721 1504 867 1574 μάλα
898 1506 996 1576 τῆς
1035 1504 1273 1569 διανοίας
1292 1506 1391 1560 ’τὸν
1419 1506 1720 1577 ὀφθαλμὸν,
1749 1506 1904 1577 ἄθρει

318 1597 387 1668 δὴ
424 1596 608 1659 καλῶς
639 1597 700 1649 τὸ
721 1597 1076 1668 ζητούμενον.
1102 1599 1248 1669 Ἔφη
1286 1598 1470 1653 τοίνυν
1501 1601 1530 1652 6
1562 1599 1724 1669 σοφὸς
1770 1603 1904 1671 ἡμῖν

325 1687 559 1752 Παῦλος,
604 1687 766 1740 αὑτὸν
813 1686 951 1756 ἔχων
998 1688 1057 1740 ὲν
1107 1686 1289 1757 ἑαυτῷ
1332 1686 1597 1741 λαλοῦντα
1644 1688 1900 1759 Χριστόν

327 1780 593 1851 «Ἐπειδὴ
644 1779 703 1833 δὲ
753 1780 824 1833 τά
874 1779 1065 1833 παιδία
1113 1778 1513 1851 κεκοινώνηκεν
1550 1780 1780 1851 αἵματος
1809 1782 1905 1836 καὶ

322 1872 548 1943 σαρκὸς,
564 1873 659 1925 καὶ
688 1871 849 1936 αὐτὸς
880 1873 1278 1944 παραπλησίως
1304 1874 1535 1945 μετέσχε
1566 1873 1675 1927 τῶν
1697 1873 1898 1938 αὐτῶν,

323 1963 415 2018 ινα
438 1963 526 2017 διὰ
545 1962 639 2017 τόῦ
671 1962 904 2018 θανάτου
933 1967 1261 2037 καταργήσῃ
1284 1966 1376 2019 τὸν
1398 1966 1459 2020 τὸ
1485 1967 1690 2036 κράτος
1712 1966 1904 2037 ἔχοντα

317 2051 418 2104 τοῦ
452 2050 704 2116 θανάτου,
733 2052 982 2105 τουτέστι
1014 2053 1104 2105 τὸν
1156 2053 1430 2121 διάὸολον,
1468 2057 1564 2109 καὶ
1613 2057 1901 2130 ἀπαλλάξῃ

318 2142 565 2207 τούτους,
612 2143 728 2196 ὅσοι
783 2144 934 2214 φόϐῳ
985 2144 1217 2199 θανάτου
1267 2146 1355 2199 διὰ
1404 2148 1603 2211 παντὸς
1649 2147 1744 2201 τοῦ
1804 2150 1904 2220 ζῇν

317 2235 496 2305 ἔνοχοι
520 2232 660 2307 ἦσαν
696 2236 959 2301 δουλείας.
986 2256 1005 2289 ι
1035 2240 1144 2291 Καὶ
1178 2239 1284 2310 μὴν
1313 2241 1408 2293 καὶ
1437 2240 1662 2311 ἑτέρωθι
1702 2241 1903 2313 τρόπον

318 2329 454 2399 ἡμῖν
500 2328 916 2407 ἀφηγούμενος,
958 2349 975 2381 ι
1007 2329 1079 2382 Τὸ
1127 2330 1234 2402 γάρ
1282 2331 1544 2386 ἀδύνατον
1583 2333 1676 2386 τοῦ
1711 2335 1899 2404 νόμου,

318 2421 511 2492 φησὶν,
547 2424 605 2474 ὲν
631 2416 675 2490 ᾧ
706 2422 921 2490 ἠσθένει
946 2422 1037 2476 διὰ
1058 2423 1158 2492 τῆς
1188 2425 1410 2493 σαρκὸς,
1439 2426 1615 2489 όΘεὸς
1646 2426 1737 2479 τὸν
1768 2428 1901 2481 ἑαυ-

318 2515 417 2569 τοῦ
453 2515 583 2569 Υίὸν
613 2514 905 2586 ἐκπέμψας
935 2516 993 2569 ὲν
1018 2515 1329 2586 ὁμοιώματι
1374 2517 1579 2589 σαρκὸς
1602 2519 1899 2589 ἁμαρτίας,

318 2608 416 2660 καὶ
460 2607 591 2677 περὶ
633 2607 930 2676 ἁμαρτίας,
963 2607 1254 2678 κατέκρινε
1301 2608 1401 2676 τὴν
1448 2606 1725 2680 ἁμαρτίαν
1750 2611 1807 2665 έν
1833 2614 1900 2682 τῇ

320 2698 509 2767 σαρκὶ,
545 2696 633 2750 ἵνα
660 2695 722 2749 τὸ
753 2696 1031 2767 δικαίωμα
1055 2696 1149 2749 τοῦ
1174 2697 1340 2767 νόμου
1369 2697 1631 2769 πληρωθῇ
1662 2699 1721 2751 ὲν
1746 2701 1901 2770 ἡμῖν,

322 2794 433 2854 τοῖς
572 2788 715 2844 κατὰ
740 2793 919 2861 σάρκα
953 2790 1371 2861 περιπατοῦσιν,
1398 2790 1535 2845 ἀλλὰ
1563 2790 1706 2845 κατά
1739 2790 1905 2846 πνεῦ-

328 2901 473 2955 μα.»

2012 581 2138 636 dine
2177 583 2227 636 in
2261 585 2421 638 terris
2452 584 2775 664 apparuisse
2808 586 3153 644 fabulantur?
3186 592 3380 648 Verum
3415 610 3590 664 quan-

2016 682 2125 728 tum
2151 672 2202 727 hi
2230 675 2415 728 miseri
2449 690 2479 729 a
2508 658 2754 732 veritatis
2797 693 2961 748 scopo
3004 682 3283 750 aberrent,
3320 685 3463 740 facili
3493 706 3588 741 uc-

2012 765 2158 832 gmio
2207 766 2417 822 ostendi
2472 776 2671 837 potest.
2724 768 2803 834 Si,
2866 771 3105 842 inquam,
3168 777 3260 831 Dei
3324 779 3590 847 Verbum,

2012 856 2222 912 etiamsi
2249 873 2376 913 caro
2405 859 2606 915 factum
2650 871 2754 927 est,
2782 862 2986 918 nullum
3018 866 3161 921 aliud
3192 868 3440 927 humanm
3492 890 3591 926 nn-

2014 956 2145 1001 tura:
2171 949 2508 1004 commodum
2530 950 2740 1019 attulit,
2776 968 2844 1007 an
2881 969 2989 1010 non
3022 958 3221 1014 rectius
3257 969 3592 1018 statueretur

2012 1040 2248 1095 acarnis
2294 1042 2512 1110 quidem
2565 1043 2907 1100 immunditia
2966 1048 3190 1103 omnino
3239 1050 3585 1120 abstinuisse,

2013 1139 2227 1187 terreno
2262 1131 2614 1190 nihilominus
2646 1150 2877 1205 corpore
2936 1140 3010 1193 uti
3046 1140 3216 1196 visum
3253 1157 3395 1209 esse,
3426 1154 3593 1216 atque

2010 1222 2111 1277 hac
2142 1223 2352 1279 ratione
2392 1225 2532 1294 quod
2575 1226 2893 1283 decreverat
2948 1230 3278 1297 perfecisse?
3317 1236 3588 1294 Caeterum

2010 1314 2132 1382 quis
2154 1314 2413 1370 adventus
2444 1315 2585 1371 illius
2626 1317 2790 1373 fuerit
2841 1335 2993 1386 usus,
3020 1331 3075 1377 et
3100 1323 3277 1392 qualis
3326 1326 3586 1384 incarna-

2012 1405 2175 1462 tionis
2208 1409 2474 1474 modns,si
2498 1409 2620 1477 quis
2650 1409 2788 1466 forte
2807 1427 2836 1465 a
2862 1412 3018 1468 nobis
3042 1415 3373 1484 sciscitetur,
3404 1422 3587 1489 cujus-

2011 1515 2117 1569 que
2161 1501 2238 1557 rei
2293 1505 2467 1573 gratia
2505 1514 2716 1574 patrata
2761 1507 2863 1575 sit;
2899 1509 2987 1563 ille
3025 1512 3272 1580 responsi
3330 1513 3447 1570 loco
3484 1516 3587 1571 hoc

2010 1595 2199 1663 paucis
2248 1594 2493 1651 habeat:
2527 1597 2659 1667 Age,
2705 1599 2851 1654 istud
2912 1600 3091 1656 divina
3146 1602 3432 1674 Scriptura
3490 1609 3587 1663 tibi

2011 1687 2317 1756 patefaciet.
2349 1686 2500 1743 Vade
2560 1703 2689 1761 ergo
2737 1701 2793 1745 et
2846 1706 3034 1748 sacras
3063 1693 3296 1751 Litteras
3345 1698 3588 1767 consule,

2010 1780 2318 1850 mentisque
2363 1783 2579 1838 oculum
2617 1793 2933 1841 sanctorum
2959 1788 3326 1855 aposwlorum
3367 1792 3589 1847 vocibus

2006 1869 2181 1938 infer;
2212 1881 2265 1927 et
2292 1874 2434 1942 quod
2453 1875 2983 1944 quaeritur,dilucide
3015 1879 3102 1934 hic
3127 1894 3247 1934 mox
3277 1881 3582 1939 intuebere.

2005 1962 2173 2032 Igitur
2224 1964 2663 2033 sapientissimus
2712 1967 2994 2035 apostolus
3037 1968 3262 2039 Paulus,
3300 1974 3390 2041 qui
3427 1972 3588 2029 Chri-

2006 2064 2148 2110 stum
2169 2055 2220 2109 in
2245 2070 2303 2111 se
2324 2056 2632 2126 loquentem
2667 2058 2921 2127 habebat,
2957 2062 3026 2116 ad
3056 2061 3199 2118 hunc
3220 2066 3435 2120 modum
3458 2081 3589 2121 con-

2005 2148 2353 2202 cionaturzr
2419 2148 2556 2214 Quia
2628 2164 2758 2220 ergo
2824 2153 2976 2220 pueri
3049 2159 3589 2213 communicaverunt

2007 2241 2158 2294 carni
2186 2249 2241 2295 et
2269 2240 2540 2311 sanguini,
2564 2250 2619 2296 et
2667 2242 2781 2311 ipse
2810 2243 3064 2298 similiter
3108 2246 3585 2316 participaviteis-

2011 2331 2158 2395 dem,
2187 2339 2241 2385 ut
2268 2346 2374 2400 .per
2421 2341 2650 2385 mortem
2697 2334 3005 2397 destrueret
3048 2350 3172 2390 eum
3214 2337 3306 2405 qui
3353 2337 3590 2394 habebat

2012 2423 2205 2475 mortis
2238 2421 2543 2492 imperium,
2581 2422 2633 2476 id
2668 2433 2752 2477 est
2792 2424 3089 2491 diabolum,
3121 2437 3176 2481 et
3204 2426 3464 2483 liberaret
3492 2443 3588 2484 eos

2012 2514 2104 2583 qui
2136 2510 2251 2584 pcr‘
2279 2522 2446 2568 totam
2497 2514 2661 2567 vitam
2713 2514 2936 2571 obnoxii
2983 2523 3140 2571 erant
3183 2519 3431 2573 servituti
3458 2516 3529 2574 ³⁸.
3562 2538 3583 2572 ι
3638 2568 3641 2571 λ

2012 2608 2153 2661 Alibi
2178 2607 2318 2661 idem
2350 2607 2511 2660 aliam
2548 2620 2763 2675 quoque
2802 2606 2965 2677 hujus
3012 2609 3090 2664 rei
3137 2625 3361 2666 causam
3392 2613 3587 2681 aperit.

2013 2701 2217 2757 Scribit
2243 2700 2430 2754 enim:
2466 2718 2484 2750 ι
2520 2700 2671 2765 Quod
2720 2700 3054 2769 impossibile
3089 2713 3208 2757 erat
3237 2704 3366 2774 legi,
3398 2705 3452 2760 in
3481 2720 3591 2776 quo

2010 2793 2391 2849 intirmahatur
2439 2806 2536 2859 per
2566 2806 2786 2846 carnem
2810 2833 2825 2857 ,
2865 2792 3004 2848 Dens
3026 2794 3222 2850 Filium
3257 2799 3591 2853 suum.mit-

2015 2898 2134 2942 tens
2166 2886 2218 2937 in
2249 2882 2660 2938 similitudinem
2700 2883 2882 2937 carnis
2924 2886 3155 2951 peccati,
3186 2895 3241 2941 et
3266 2887 3332 2942 de
3363 2899 3589 2957 peccato

323 2980 601 3036 damnavit
644 2987 928 3050 peCcatum
990 2956 1043 3035 in
1081 2995 1268 3044 carne,
1304 2988 1362 3036 ut
1399 2981 1719 3051 justiﬁeatio
1760 2982 1894 3053 legis
1933 2981 2253 3051 impleretur
2310 2977 2365 3031 in
2388 2975 2563 3040 nobis,
2591 2973 2682 3043 qui
2714 2988 2820 3028 non
2893 2977 3187 3031 secundum
3222 2993 3440 3035 carnem
3460 2984 3590 3035 'am-

320 3074 593 3136 bulamus,
617 3074 709 3128 sed
746 3072 1040 3127 secundum
1076 3074 1328 3141 spiritum
1348 3074 1418 3127 ⁸⁷.
1456 3093 1475 3126 υ

390 3169 481 3222 K’.
526 3162 648 3239 Ἆρ’
674 3162 789 3230 οῦν,
822 3165 944 3235 οὐχὶ
982 3166 1397 3237 προδηλότατον,
1428 3168 1523 3221 κα)⁵
1573 3169 1752 3223 οὐδενὶ
1799 3168 1908 3223 τῶν

2088 3167 2203 3222 xx.
2234 3177 2423 3221 Annon
2463 3162 2869 3235 apertissimum
2926 3171 3031 3228 est,
3092 3164 3348 3230 Obsecro,-
3397 3168 3589 3239 unige-

317 3260 492 3315 όντων
523 3260 861 3331 ἀσυμφανὲς,
888 3260 973 3313 ὃτι
1002 3257 1124 3312 καθ’
1158 3259 1305 3329 ἡμᾶς
1344 3258 1569 3328 γέγονεν
1602 3262 1631 3313 6
1659 3261 1901 3328 Μονογε-

319 3351 440 3423 νὴς,
469 3351 717 3405 τουτέστι
745 3351 949 3413 τέλειος
976 3350 1284 3420 ἄνθρωπος,
1318 3350 1404 3404 ἴνα
1438 3350 1541 3420 τῆς
1576 3350 1677 3421 μὲν
1720 3354 1906 3405 ἐπεισ-

321 3446 492 3500 άκτου
527 3444 733 3517 φθορᾶς
762 3445 824 3496 τὸ
857 3444 1045 3514 γήϊνον
1086 3444 1118 3512 ή
1130 3442 1247 3513 μῶν
1289 3442 1579 3514 ἀπαλλάξῃ
1621 3444 1801 3513 σῶμα,
1838 3446 1904 3514 τῇ

319 3539 447 3594 καθ’
481 3538 675 3591 ἕνωσιν
715 3535 999 3606 οἰκονομίᾳ
1040 3534 1141 3606 τὴν
1176 3534 1313 3588 ἰδίαν
1342 3533 1493 3604 αὐτῷ
1522 3534 1666 3605 ζωὴν
1704 3534 1865 3598 ὲνιείς
1888 3552 1901 3565 ο

320 3630 504 3703 ψυχὴν
525 3631 581 3683 δὲ
608 3629 745 3684 ίδίαν
764 3629 865 3701 τὴν
888 3627 1237 3699 ἀνθρωπίνην
1259 3628 1606 3699 ποιούμενος,
1631 3628 1910 3699 ἁμαρτίας

322 3722 498 3795 αὐτὴν
528 3722 785 3794 ἀποφήνῃ
830 3720 1138 3792 κρείττονα,
1175 3719 1277 3789 τῆς
1310 3720 1446 3783 ἰδίας
1478 3720 1694 3789 φύσεως
1721 3720 1780 3773 τὸ
1816 3736 1912 3773 πε-

323 3812 506 3884 πηγός
534 3828 593 3864 τε
622 3812 717 3865 καὶ
740 3809 1033 3883 ἄτρεπτον,
1064 3803 1262 3878 οἷάπερ
1283 3810 1415 3881 ἐρίῳ
1443 3810 1644 3879 βαφὴν,
1676 3811 1912 3877 ὲγκαταυ

327 3904 550 3976 χρώσας
596 3902 771 3975 αὑτῇ;
822 3904 943 3955 Δεῖν
970 3902 1080 3973 γὰρ
1112 3895 1267 3970 οἶμαι
1297 3904 1410 3965 τοῖς
1441 3902 1569 3971 περὶ
1592 3903 1797 3956 τούτων
1826 3903 1911 3955 λό-

324 4010 447 4065 γοις
478 3992 961 4064 παραδειγμάτων,
980 3990 1113 4045 πολὺ
1141 3990 1261 4044 λίαν
1289 3990 1550 4061 έχουσιτὸ
1566 3992 1908 4062 ἀσυμφανές·

326 4086 441 4159 ὁρῶ
474 4085 573 4157 μὲν
600 4084 707 4155 γὰρ
745 4083 898 4154 μόλις
930 4085 987 4137 έν
1014 4082 1264 4154 ἐσόπτρῳ
1287 4098 1346 4135 τε
1392 4083 1487 4136 καὶ
1531 4083 1813 4152 αἰνίγματι
1844 4082 1913 4135 τά

330 4177 453 4231 θεῖά
482 4193 542 4230 τε
570 4176 667 4231 καὶ
695 4175 837 4245 ὑπὲρ
868 4174 995 4228 νοῦν
1028 4174 1327 4244 μυστήρια.
1364 4171 1464 4241 Εῐη
1489 4170 1535 4224 δ’
1567 4172 1634 4225 ἂν
1660 4171 1762 4225 οὐκ
1790 4171 1912 4225 ἀτο-

329 4286 460 4334 πον,
487 4263 666 4339 οἶμαι,
701 4266 763 4319 τὸ
791 4265 1012 4337 χρῆμα·
1042 4264 1198 4335 φέρει
1245 4264 1355 4335 γὰρ
1385 4265 1444 4318 ἐν
1478 4262 1656 4333 ἑαυτῷ
1700 4263 1794 4317 τὸν
1834 4266 1914 4316 εί-

331 4362 488 4425 κὸτα,
510 4358 710 4429 μᾶλλον
737 4358 795 4411 δὲ
824 4357 922 4411 καὶ
948 4357 1039 4410 τὸν
1072 4355 1247 4426 ἀληθῆ
1274 4355 1772 4427 λογισμόν.”Ωσπερ
1795 4351 1910 4419 οὖν,

333 4453 521 4525 ἐπειδὴ
541 4452 735 4521 γέγονε
757 4450 895 4522 σὰρξ
916 4449 1007 4504 τοῦ
1030 4448 1418 4515 ζωοποιοῦντος
1434 4447 1504 4501 τὰ
1519 4447 1697 4502 πάντα
1710 4449 1907 4518 Λόγου,

2014 3260 2184 3314 nilum
2215 3257 2308 3313 Dei
2336 3256 2530 3311 Filium
2558 3256 2788 3312 similem
2818 3255 2995 3320 nobis,
3024 3256 3124 3310 hoc
3152 3267 3259 3321 est,
3288 3258 3587 3327 perfectum

2010 3353 2282 3407 hominem
2336 3349 2536 3404 factum
2577 3362 2721 3410 esse,
2743 3361 2849 3417 quo
2874 3347 3134 3401 nimirum
3186 3358 3459 3402 terrenum
3488 3350 3591 3405 hoc

2010 3455 2254 3500 nostrum
2284 3457 2505 3512 corpus,
2528 3441 2638 3495 vita
2663 3439 2880 3510 propria
2897 3455 2991 3509 per
3012 3440 3399 3495 aaconomicam
3438 3442 3594 3496 unio—

2011 3552 2131 3591 nem
2157 3535 2230 3589 illi
2264 3534 2531 3593 inuuissa,
2559 3531 2627 3585 ah
2652 3532 2870 3585 inducta
2902 3531 3248 3598 corruptione
3294 3530 3591 3598 liberaret;

2010 3626 2244 3680 animam
2275 3639 2487 3678 rursum
2541 3621 2860 3683 humanam,
2884 3629 3236 3689 posteaquam
3276 3621 3423 3676 illam
3463 3637 3593 3691 μνοί-

2012 3718 2187 3786 priam
2216 3714 2319 3768 sibi
2346 3714 2700 3776 reddidisset,
2737 3726 2957 3779 suaeque
3000 3719 3208 3765 natura;
3246 3710 3502 3768 ﬁrmitate
3532 3728 3597 3770 at:

2017 3806 2456 3862 immutabilitate
2480 3804 2706 3873 perinde
2739 3818 2803 3858 ac
2846 3804 3014 3857 vellus
3051 3804 3233 3859 colore
3277 3806 3592 3871 imbuisset,

2013 3907 2235 3970 peccato
2266 3898 2612 3965 superiorem
2628 3896 2930 3950 declararet
2948 3898 3235 3951 ?Arbitror
3254 3900 3398 3952 enim
3416 3914 3594 3954 exem-

2013 3992 2139 4061 plis,
2181 4000 2300 4058 qute
2332 4002 2444 4042 rem
2481 4002 2577 4057 per
2598 4002 2658 4042 se
2691 3987 2978 4040 obscuram
3014 3988 3255 4041 nonnihil
3297 3989 3591 4057 illustrent,

2015 4082 2067 4135 in
2102 4081 2202 4134 hac
2249 4078 2491 4133 doctrina
2530 4086 2666 4148 opus
2694 4092 2852 4132 esse:
2880 4078 3142 4147 siquidem
3185 4080 3291 4150 18
3335 4083 3595 4152 mysteria

2013 4173 2219 4238 divina,
2254 4179 2512 4238 tanquam
2565 4169 2817 4222 humanae
2848 4169 3046 4223 mentis
3074 4184 3295 4225 sensum
3321 4176 3594 4229 exceden-

2012 4264 2110 4329 tia,
2137 4263 2221 4316 vix
2266 4263 2318 4316 in
2376 4260 2599 4328 speculo
2646 4271 2701 4314 et
2741 4260 3080 4328 mnigmatice
3122 4263 3363 4319 videmus
3389 4266 3455 4321 ⁸⁸.
3501 4266 3596 4321 Est

2015 4365 2192 4412 autem
2232 4354 2538 4423 exemplum
2595 4353 2815 4407 allatum
2851 4355 2916 4406 ad
2947 4368 3062 4407 rem
3103 4367 3594 4425 peropportunum,

2014 4448 2386 4519 quippe'quod
2405 4460 2595 4501 verum
2642 4447 2839 4516 potius,
2872 4460 3039 4513 quam
3070 4448 3364 4502 verisimile
3390 4450 3491 4513 rei,
3524 4452 3593 4503 de

332 4546 396 4599 τὸ
428 4545 634 4614 φθορᾶς
670 4543 766 4596 καὶ
810 4541 1041 4596 θανάτου
1090 4538 1457 4611 ὑπερφέρεται
1504 4539 1737 4610 κράτος·
1773 4539 1908 4591 κατά

2020 4557 2125 4611 qua
2156 4555 2339 4595 sermo
2365 4548 2465 4602 est,
2498 4538 2821 4609 -symbolmu
2875 4552 2987 4606 prae
3016 4552 3075 4591 se
3135 4537 3294 4592 ferat.
3324 4540 3598 4605 Quemad-

331 4640 428 4695 τὸν
477 4637 661 4703 αὐτὸν,
709 4631 883 4705 οἶμαι,
931 4633 1157 4705 τρόπον,
1215 4633 1337 4686 ἐπεὶ
1381 4631 1575 4702 γέγονε
1624 4631 1770 4702 ψυχὴ
1821 4628 1916 4683 τοῦ

336 4729 680 4802 πλημμελεῖν
720 4726 824 4780 οὐκ
866 4725 1099 4789 εἰδότος,
1130 4723 1531 4795 ἐρηρεισμένην
1566 4722 1681 4793 ἔχει
1730 4722 1917 4776 λοιπὸν

331 4825 436 4895 τὴν
482 4820 567 4891 ἐφ’
590 4819 763 4873 ἅπασι
813 4819 927 4880 τοῖς
976 4815 1203 4884 ἀγαθοῖς
1251 4815 1655 4886 ἀμεταποίητον
1704 4814 1912 4879 στάσιν,

336 4916 432 4969 καλ¹
469 4914 570 4983 τῆς
613 4910 783 4964 πάλαι
826 4906 949 4961 καθ’
978 4908 1011 4977 ἡ
1022 4905 1138 4976 μῶν
1166 4904 1605 4977 τυραννευούσης
1634 4905 1914 4976 ἁμαρτίας

337 5003 688 5076 ἀσυγκρίτως
710 4997 1151 5069 εὐσθενεστέραν.
1182 4996 1407 5068 Πρῶτός
1426 5012 1486 5048 τε
1514 4996 1623 5067 γάρ
1645 4995 1740 5049 καὶ
1762 4994 1922 5065 μόνος

339 5096 627 5168 ἄνθρωπος
677 5092 771 5145 ἐπὶ
820 5091 920 5161 τῆς
962 5091 1066 5160 γῆς
1110 5089 1140 5142 6
1181 5087 1418 5160 Χριστὸς
1467 5106 1487 5139 ι
1514 5088 1616 5141 οὐκ
1663 5087 1923 5158 ἐποίησεν

343 5188 641 5261 ἁμαρτίαν,
674 5185 795 5238 οὐδὲ
827 5181 1024 5253 εὑρέθη
1053 5180 1201 5244 δόλος
1231 5183 1291 5234 ὲν
1316 5180 1396 5251 τῷ
1426 5180 1651 5250 στόματι
1679 5177 1865 5231 αὑτοῦ.
1898 5195 1917 5228 ι

357 5282 508 5346 Ῥίζα
533 5280 591 5334 δὲ
620 5278 806 5347 ὥσπερ
839 5276 933 5329 καὶ
965 5273 1191 5344 ἀπαρχὴ
1220 5271 1534 5343 τεθειμένος
1560 5270 1670 5326 τῶν
1697 5274 1777 5335 εἰς
1805 5288 1925 5325 και-

351 5374 544 5445 νόνητα
573 5371 719 5440 ζωῆς
748 5366 1251 5438 ἀναμορςρουμένων
1281 5367 1340 5420 ὲν
1370 5366 1667 5437 Πνεύματι,
1691 5369 1785 5421 καὶ
1816 5366 1917 5439 τὴν

346 5463 443 5519 τοῦ
467 5462 716 5534 σώματος
735 5458 1063 5529 ἀφθαρσίαν,
1086 5456 1265 5511 καὶτὸ
1284 5457 1383 5526 τῆς
1406 5455 1659 5528 θεότητος
1680 5459 1920 5529 ἀσφαλὲς

288 5607 301 5617 ,
347 5551 760 5629 ἑρηρεισμένον,
788 5548 865 5613 ὡς
891 5550 948 5602 ὲν
981 5547 1195 5617 μεθέξει
1226 5547 1320 5601 καὶ
1347 5546 1492 5601 κατά
1513 5549 1691 5619 χάριν,
1721 5548 1816 5602 καὶ
1840 5549 1921 5614 είς

350 5649 498 5702 ἅπαν
553 5642 654 5714 ἤδη
706 5640 765 5694 τὸ
811 5638 1152 5708 ἀνθρώπινον
1198 5637 1559 5708 παραπέμψει
1598 5640 1773 5708 γένος.
1810 5640 1922 5693 Καὶ

2026 4629 2244 4685 modum
2272 4642 2403 4699 ergo
2432 4642 2581 4693 caro,
2606 4636 2960 4696 posteaquam
2997 4628 3153 4682 Verbi
3181 4631 3361 4683 omnia
3414 4632 3597 4688 viviti-

2024 4721 2206 4777 cantis
2234 4736 2362 4777 caro
2380 4720 2570 4776 cti‘ecta
2597 4729 2702 4785 est,
2741 4720 2930 4775 mortis
2960 4731 3017 4775 et
3039 4722 3597 4794 corruptionisimpe-

2023 4818 2106 4872 rio
2127 4816 2377 4885 superior
2393 4816 2598 4871 evasit:
2622 4814 2703 4870 sic
2733 4816 2934 4880 anima,
2967 4825 3024 4869 ut
3039 4832 3138 4886 ego
3154 4818 3371 4887 quidem
3395 4822 3595 4887 sentio,

2024 4916 2372 4979 posteaquam
2405 4906 2549 4961 illius
2569 4905 2759 4961 eti‘ecta
2796 4914 2880 4961 est
2914 4907 3004 4977 qui
3033 4918 3314 4977 peccatum
3358 4926 3468 4967 non
3501 4928 3602 4969 no-

2023 5000 2122 5067 vit,
2145 5015 2175 5055 e
2204 4999 2433 5069 vestigio
2479 5007 2680 5053 statum
2715 5000 2953 5066 lirmum,
2995 5013 3058 5054 ac
3086 5000 3138 5053 in
3164 5002 3417 5058 ominibus
3443 5004 3603 5061 bonis

2024 5093 2296 5158 stabilem,
2321 5101 2650 5161 peccatoque
2686 5092 2829 5160 quod
2855 5091 2982 5147 olim
3017 5095 3355 5163 tyrannidem
3381 5111 3605 5151 exerce-

2027 5187 2139 5253 bat,
2170 5185 2355 5241 multis
2412 5187 2656 5255 partibus
2700 5186 3059 5255 potentiorem
3091 5196 3251 5243 nacta
3308 5195 3412 5242 est.
3443 5186 3603 5242 Chri-

2028 5286 2144 5332 stus
2199 5290 2433 5346 namque
2472 5277 2680 5345 primus
2729 5286 2782 5332 et
2812 5278 2960 5333 solus
2989 5294 3053 5334 es
3087 5281 3339 5334 omnibus
3362 5280 3416 5331 in
3451 5286 3601 5334 terra

2032 5384 2052 5417 ι
2087 5375 2370 5436 peccatum
2406 5382 2513 5421 non
2536 5368 2683 5434 fecit,
2720 5384 2819 5424 nec
2851 5369 3005 5425 dolus
3042 5370 3294 5424 inventus
3316 5376 3400 5425 est
3430 5369 3483 5425 in
3506 5385 3604 5427 ore

2029 5457 2173 5513 illius
2199 5458 2265 5511 ”.
2312 5477 2330 5511 ι
2368 5457 2471 5525 Qui
2520 5475 2657 5514 unus
2699 5460 2921 5529 proinde
2954 5461 3162 5529 positus
3197 5468 3455 5532 tanquam
3512 5478 3602 5517 ra-

2030 5546 2121 5605 dix
2161 5562 2216 5607 et
2246 5552 2457 5606 initium
2505 5549 2774 5621 quoddam
2811 5563 3156 5620 cunctorum,
3190 5548 3282 5625 qui
3306 5554 3361 5609 in
3396 5551 3601 5623 Spiritu

2034 5643 2101 5697 ad
2152 5644 2277 5698 vitae
2335 5645 2628 5699 novitatem
2686 5644 3062 5705 instaurantur
3081 5684 3113 5737 ,0
3137 5654 3193 5702 et
3224 5646 3469 5717 corporis
3504 5645 3607 5700 im-

422 5798 469 5830 "
509 5795 671 5850 Hebr.
705 5809 764 5859 tt,
799 5794 886 5858 Η,
923 5793 1006 5847 15.
1082 5792 1127 5822 ⁸⁷
1168 5791 1326 5847 Rom.
1357 5808 1476 5862 vm,
1512 5795 1566 5861 5,
1605 5795 1660 5849 4.
1736 5796 1781 5827 ⁵⁸
1821 5794 1908 5850 lC

2026 5812 2148 5862 xm,
2184 5800 2264 5853 l2.
2348 5803 2391 5834 ’9
2434 5803 2449 5855 Ι
2485 5799 2629 5857 Petr.
2666 5818 2724 5869 ιι,
2755 5803 2844 5856 ‘22.

558 5894 830 5951 Parnm.
872 5890 988 5950 Gtt.
1039 5887 1307 5951 LXXVI.

3212 5895 3285 5959 37
