4060 6422
482 397 620 455 1163

1475 379 1532 435 S.
1573 378 1844 435 CYRILLI
1885 374 2352 432 ALEXANDRINI
2395 369 2708 430 .-\liCll|EP.

3611 355 3751 408 H61

479 515 887 578 mortalitatem,
913 515 966 566 et
994 520 1112 563 eam
1134 517 1249 574 quze
1273 516 1338 558 ex
1365 501 1649 556 divinitate
1669 500 2054 569 proﬁciscitur,

2179 499 2319 551 τοῦτο
2362 497 2516 560 εἰδὼς
2562 498 2590 549 ὁ
2641 492 2926 554 θεσπέσιος
2958 486 3159 560 γράφει
3209 479 3454 542 Παῦλος⁶
3504 475 3750 543 «Ὥσπερ

481 610 832 667 securitatem
895 618 957 657 ac
1021 599 1356 660 limtitatcm,
1409 597 1702 650 secundum
1766 592 2053 660 quamdam

482 701 670 772 gratia:
729 691 1276 751 communicationem
1335 687 1388 741 in
1430 686 1742 740 universum
1771 683 2052 737 hominum

481 807 648 863 genus
675 789 1030 844 transmitlet.
1056 783 1225 854 Cujus
1242 779 1458 851 quidem
1505 792 1580 832 re.
1608 777 1822 831 divinus
1854 774 2058 828 Paulus

479 902 584 940 non
623 885 865 954 ignarus,
911 880 981 934 ita
1015 877 1244 933 scribit:
1287 893 1304 926 ι
1355 873 1504 928 Sicut
1542 870 1878 941 portavimus
1925 869 2060 923 itna-

479 979 661 1045 ginem
703 973 931 1037 terreni,
963 980 1240 1041 portemus
1272 975 1324 1021 et
1353 965 1644 1035 imaginem
1674 962 1914 1017 crelestis
1943 962 2008 1015 ‘°.
2033 980 2052 1012 ι

478 1066 774 1136 Imaginem
838 1061 1042 1116 terreni
1075 1055 1328 1128 peccandi
1366 1052 1802 1123 propensionem,
1830 1059 1884 1105 et
1911 1065 2058 1104 mor-

477 1169 588 1215 tem
617 1171 736 1227 qure
757 1155 884 1208 hinc
919 1151 1114 1210 oritur,
1147 1156 1338 1202 vocat:
1365 1153 1420 1199 at
1461 1159 1590 1199 vero
1634 1157 1729 1213 per
1765 1143 2053 1212 imaginem

2163 590 2270 661 γὰρ
2311 590 2653 658 ἐφορέσαμεν
2685 585 2783 656 τὴν
2825 581 3008 635 εἰκόνα
3053 577 3146 632 τοῦ
3190 571 3400 646 χοϊκοῦ,
3429 567 3754 661 φορέσωμεν

2164 653 2257 734 καί
2283 653 2380 748 τὴν
2414 653 2602 732 εἰκόνα
2629 675 2724 731 τοῦ
2741 653 3099 743 ἐπουρανίου.
3128 688 3145 720 ι
3173 665 3371 722 Εἰκόνα
3403 662 3499 732 μὲν
3525 658 3636 727 γὰρ
3656 653 3753 748 τοῦ

2167 747 2377 842 χοϊκοῦ,
2415 770 2472 822 τὸ
2518 767 2794 822 εύόλισθον
2851 765 2954 834 ἔφη
3006 761 3142 832 πρὸς
3179 755 3477 829 ἁμαρτίαν,
3508 750 3619 842 καί.
3659 747 3752 842 τὸν

2166 830 2418 917 ἐντεῦθεν
2452 864 2583 932 ἡμῖν
2629 830 2990 930 ὲπιρῤιφέντα
3022 830 3253 908 θάνατον
3280 866 3295 880 ο
3342 845 3529 900 εἰκόνα
3580 840 3636 893 δὲ
3684 830 3753 891 αὖ

2166 956 2260 1009 τοῦ
2316 954 2664 1024 ἐπουρανίου,
2697 951 2948 1005 τουτέστι
2999 943 3260 1018 Χριστοῦ,
3304 939 3367 994 τὸ
3413 935 3626 1007 ἑδραῖον
3674 932 3757 992 εἰς

2168 1048 2460 1118 ἁγιασμδν,
2492 1047 2585 1100 καὶ
2618 1045 2715 1116 τὴν
2741 1045 2807 1098 ὲκ
2831 1042 3062 1096 θανάτου
3111 1039 3205 1092 καὶ
3240 1035 3450 1106 φθορᾶς
3491 1030 3759 1095 ἀνακομι-

2165 1141 2262 1213 δήν
2294 1158 2352 1193 τε
2381 1140 2476 1193 καὶ
2502 1137 2847 1193 ἁνακαίνισιν
2871 1139 2950 1200 εἰς
2977 1131 3290 1204 ἀφθαρσίαν
3321 1126 3415 1182 καὶ
3444 1123 3612 1193 ζωήν,

480 1226 738 1310 caelestis,
769 1248 869 1298 hoc
893 1238 1247 1302 est,Chrisll,
1279 1235 1644 1290 constantiam
1706 1234 1757 1287 in
1816 1231 2133 1299 sanctitate,
2172 1232 2517 1300 reditumque
2563 1239 2617 1284 et
2668 1228 3115 1284 instaurationem
3141 1239 3208 1279 ex
3244 1230 3419 1277 morte
3462 1227 3534 1278 et
3566 1226 3760 1269 corru-

479 1343 662 1412 ptione
696 1339 762 1393 ad
792 1338 952 1390 vitam
974 1329 1506 1388 etimmortalitatetn
1535 1328 1803 1398 designat.

550 1430 693 1486 XXI.
737 1427 932 1481 Totum
968 1425 1151 1491 itaque
1192 1420 1288 1474 Dei
1325 1420 1558 1473 Verbum
1593 1418 1690 1471 toti
1729 1427 1938 1471 natura:
1974 1431 2070 1472 no-

479 1534 608 1579 stra:
658 1521 910 1574 humanae
957 1514 1166 1569 unitum
1219 1511 1538 1566 asserirnus.
1586 1509 1740 1565 Nulla
1794 1511 1937 1565 enim
1983 1525 2070 1564 ra-

483 1617 631 1670 tione
664 1609 961 1681 putandum
989 1613 1096 1669 est,
1139 1602 1385 1673 principe
1421 1601 1592 1656 nostri
1622 1612 1798 1671 parte,
1832 1602 1937 1656 hoc
1963 1610 2067 1664 cst,

482 1706 661 1760 anima
691 1700 959 1769 neglecta,
989 1695 1449 1767 peregrinationis
1472 1709 1584 1749 sua:
1619 1693 1896 1749 molestias
1918 1693 2068 1748 carni

485 1795 671 1864 largiri
706 1778 962 1847 voluisse.
995 1788 1232 1842 Pulchre
1276 1795 1455 1840 autem
1492 1801 1588 1855 per
1624 1796 1913 1856 utramque
1945 1801 2071 1856 par-

487 1900 594 1942 tem
655 1879 1080 1953 dispensationis
1135 1886 1537 1933 sacramentum
1583 1877 1854 1946 perfecit:
1905 1890 2071 1931 carne

487 1993 583 2033 sua
624 1985 877 2043 tanquam
909 1986 1114 2042 organo
1160 1969 1226 2023 ad
1263 1969 1446 2024 carnis
1478 1984 1664 2038 opera,
1694 1968 2072 2038 naturalesque

487 2068 856 2138 aegritudines,
885 2079 949 2118 ac
983 2072 1177 2118 caetera
1219 2060 1391 2115 ol'licia
1435 2061 1850 2129 vituperationis
1879 2075 2073 2130 exper-

487 2159 598 2223 tia;
641 2156 820 2209 anima
863 2167 1075 2207 rursum
1105 2151 1171 2204 ad
1223 2150 1491 2204 humanas
1544 2149 1956 2219 inculpatasque
1989 2148 2071 2202 af-

489 2248 754 2302 fectiones
802 2244 1074 2298 utebatur.
1119 2239 1256 2294 Nam
1306 2248 1360 2293 et
1405 2239 1666 2304 esuriem,
1715 2249 1770 2292 et
1813 2239 2074 2308 longioris

489 2340 700 2396 itineris
730 2337 994 2400 laborem,
1043 2344 1096 2388 et
1142 2346 1397 2400 pavorem
1440 2347 1503 2385 ac
1538 2342 1766 2395 metum,
1809 2340 1864 2385 et
1903 2330 2074 2384 tristi-

492 2433 644 2496 tiam,
678 2438 733 2484 et
767 2441 1048 2494 angorem,
1078 2433 1133 2477 et
1165 2423 1334 2492 ipsam
1371 2422 1605 2490 denique
1639 2423 1692 2474 in
1729 2436 1890 2476 cruce
1929 2436 2077 2474 mor-

493 2537 599 2577 tem
631 2517 920 2589 pertulisse
951 2514 1202 2569 traditur.
1233 2513 1445 2566 Etenim
1492 2513 1639 2567 nullo
1675 2521 1922 2582 cogente,
1959 2513 2076 2566 ani-

492 2628 634 2668 mam
675 2625 829 2665 suam
867 2607 1038 2661 nostri
1074 2621 1238 2660 causa
1274 2605 1458 2674 posuit
1482 2605 1548 2670 ",
1594 2620 1702 2674 quo
1735 2606 1986 2658 nimirum
2022 2614 2076 2659 et

492 2703 632 2757 vivis
661 2709 715 2756 et
741 2699 968 2754 mortuis
991 2698 1368 2752 dominaretur
1390 2697 1457 2750 ".
1493 2697 1556 2750 Et
1580 2697 1796 2766 quidem
1825 2696 1932 2766 19
1955 2711 2076 2751 car-

493 2805 804 2849 netn.suam
833 2789 972 2843 citra
1010 2787 1442 2842 controversiam
1475 2785 1814 2841 liherationis
1842 2787 2075 2855 pretium

495 2899 594 2956 pro
628 2882 869 2938 omnium
907 2893 1073 2935 carne
1107 2878 1408 2947 dependit;
1438 2877 1675 2932 animam
1709 2893 1838 2934 vero
1869 2877 2072 2946 justum

495 2991 594 3046 pro
645 2971 952 3027 mortalium
996 2969 1239 3024 omnium
1293 2967 1579 3023 animabus
1623 2958 1868 3036 pretium
1922 2967 2077 3022 exhi-

495 3067 637 3130 buit,
686 3063 904 3118 tametsi
937 3062 1100 3116 vitam
1130 3075 1292 3130 quam
1340 3069 1597 3129 posuerat
1629 3060 1776 3129 (nam
1805 3061 1912 3114 vita
1959 3068 2079 3114 erat

2247 1420 2380 1474 ΚΝ.
2427 1417 2589 1472 Ὄλον
2639 1412 2732 1471 οῦν
2772 1414 2869 1487 ὅλῃ
2919 1407 3259 1483 συνηνῶσθαί
3304 1420 3484 1476 φαμεν
3528 1401 3596 1469 τῇ
3636 1371 3758 1449 καθς

2174 1511 2322 1582 ἡμᾶς
2349 1509 2733 1581 ἀνθρωπότητι
2775 1507 2869 1561 τὸν
2899 1507 2964 1559 ὲκ
2997 1502 3134 1557 Θεοῦ
3162 1501 3355 1568 Λόγον.
3393 1494 3470 1548 Οὐ
3512 1490 3623 1560 γάρ
3653 1503 3760 1582 που

2281 1579 2506 1672 ἄμεινον
2567 1605 2625 1657 ὲν
2666 1579 2826 1672 γήμίν,
2869 1598 3113 1652 τουτέστι
3176 1591 3377 1663 ψυχὴν,
3434 1584 3646 1645 οὐδενὸς
3695 1579 3763 1632 ἂν

2173 1697 2374 1768 ἠξίωσε
2419 1697 2602 1765 λόγου,
2655 1695 2793 1766 μόνῃ
2839 1691 3183 1764 δωρούμενος
3209 1689 3276 1757 τῇ
3307 1681 3474 1755 σαρκὶ
3504 1676 3762 1768 τῆς-ἑπι-

2173 1766 2236 1856 δη
2248 1789 2375 1859 μίας
2403 1789 2530 1851 τοὺς
2562 1786 2778 1850 πόνους.
2821 1786 3155 1855 Ἐπράττετο
3191 1780 3248 1832 δὲ
3283 1773 3466 1835 καλῶς
3495 1771 3561 1824 δι’
3589 1766 3765 1859 ait?!»

2326 1879 2641 1950 οἰκονομίας
2692 1880 2756 1931 τὸ
2812 1879 3149 1950 μυστήριονο
3202 1866 3620 1941 προσεχρήσατο
3679 1857 3761 1950 δὲ)

2176 1948 2432 2044 καθάπερ
2457 1948 2695 2042 ὀργάνῳ,
2729 1948 2943 2042 τῇτμὲν
2993 1967 3098 2038 ἰδία
3141 1962 3328 2034 σαρκὶ,
3369 1955 3486 2031 [τὰ]
3522 1948 3764 2044 πρὸςτά

2179 2042 2565 2134 σαρκδςήέργα
2589 2080 2648 2116 τε
2686 2062 2781 2116 καὶ
2813 2059 3233 2132 ἀρρωστήματα
3266 2048 3494 2122 φυσικὰ,
3535 2045 3630 2098 καὶ
3661 2042 3764 2096 ὅσα

2181 2157 2371 2228 μώμου
2407 2156 2624 2226 μακράν
2646 2168 2660 2183 ⁶
2694 2154 2839 2225 ψυχῇ
2866 2153 2909 2205 δ’
2937 2147 3004 2204 αὖ
3038 2153 3102 2220 τῇ
3142 2147 3269 2218 ἰδίᾳ,
3299 2144 3436 2219 πρὸς
3463 2141 3531 2194 τὰ
3553 2135 3765 2207 ἀνθρώ-

2178 2250 2309 2303 πινά
2340 2265 2398 2300 τε
2429 2248 2521 2302 καὶ
2546 2248 2844 2301 άνυπαίτια
2874 2243 3045 2313 πάθη.
3074 2242 3336 2310 Πεινῆσαι
3381 2235 3491 2305 γὰρ
3517 2233 3763 2300 λέγεται,

2178 2343 2380 2404 κόπους
2442 2341 2767 2408 ὑπενεγκεῖν
2819 2338 2947 2399 τοὺς
3003 2336 3066 2388 ὲκ
3115 2331 3352 2404 μακρῶν
3419 2322 3766 2397 ὁδοιποριῶν,

2179 2433 2369 2496 πτοίας
2403 2450 2463 2485 τε
2503 2432 2596 2485 καὶ
2628 2431 2852 2501 φόϐους,
2883 2429 2977 2481 καὶ
3011 2426 3211 2496 λύπην,
3243 2423 3338 2476 καὶ
3367 2418 3630 2488 ἀγωνίαν,
3667 2413 3767 2468 καὶ

2180 2527 2268 2580 τὸν
2303 2524 2398 2578 ὲπί
2431 2523 2510 2594 τῷ
2555 2521 2778 2593 σταυρῷ
2814 2520 3067 2573 θάνατον.
3109 2509 3622 2581 Ἐπαναγκάζοντος
3656 2505 3767 2576 γὰρ

2179 2612 2415 2676 οὐδενὸς,
2448 2610 2692 2664 τέθεικεν
2735 2609 2828 2678 ἀφ’
2873 2607 3067 2661 ἑαυτοῦ
3102 2605 3199 2676 τὴν
3235 2603 3370 2658 ἰδίαν
3397 2600 3577 2670 ψυχὴν
3624 2596 3767 2665 ὑπὲρ

2179 2705 2362 2777 ἡμῶν,
2398 2706 2485 2759 ἵνα
2514 2704 2608 2758 καὶ
2628 2704 2838 2774 νεκρῶν
2877 2703 2970 2755 καὶ
3006 2699 3223 2764 ζώντων
3252 2694 3547 2765 κυριεύσῃ·
3587 2689 3767 2760 σάρκα

2184 2799 2284 2869 μὲν
2320 2797 2418 2869 τὴν
2467 2797 2626 2863 ἰδίαν,
2657 2797 2755 2866 τῆς
2803 2795 3060 2849 ἁπάντων
3100 2789 3302 2861 σαρκὸς
3350 2782 3768 2844 ἀνταποτιννὺς,

2180 2890 2351 2961 δῶρον
2391 2888 2606 2958 ἀληθῶς
2628 2887 2901 2953 ἀντάξιονο
2920 2884 3098 2955 ψυχὴν
3122 2882 3200 2945 δὲ,
3234 2880 3414 2951 ψυχῆς
3447 2878 3772 2946 ἀντίλυτρον

2180 2978 2282 3048 τῆς
2310 2978 2568 3032 ἁπάντων
2599 2977 2946 3044 ποιούμενος,
2986 2974 3036 3027 εἰ
3071 2973 3165 3026 καὶ
3199 2971 3402 3026 ἀνεϐίω
3437 2968 3619 3030 πάλιν,
3653 2965 3772 3036 ζωὴ
3865 2984 3878 2994 ο

2184 3071 2328 3124 κατὰ
2358 3070 2520 3140 φύσιν
2551 3069 2813 3139 ὑπάρχων
2840 3068 2916 3128 ῶς
2945 3065 3100 3128 Θεός.
3134 3065 3245 3118 Καὶ
3268 3063 3401 3132 γοῦν
3423 3063 3452 3114 ό
3482 3060 3773 3122 θεσπέσιος

493 3173 555 3220 ut
593 3161 734 3217 Deus
789 3158 1084 3214 secundum
1145 3161 1421 3222 naturanﬁ,
1469 3153 1647 3207 denuo
1697 3153 2075 3223 resumpserit.

2185 3163 2392 3235 Πέτρος
2415 3203 2429 3228 ,
2468 3183 2484 3214 t
2525 3162 2752 3233 ’Ἄνδρες
2782 3159 3027 3228 ἀδελφοὶ,
3058 3158 3247 3228 φησὶν,
3278 3156 3397 3223 ἐξὸν
3427 3155 3601 3208 εἰπεῖν
3630 3154 3776 3224 μετὰ

486 3255 633 3312 Hine
661 3253 877 3308 divinus
920 3250 1159 3304 Petrus:
1197 3265 1216 3298 t
1248 3245 1382 3312 Viri,
1419 3245 1614 3315 inquit,
1665 3245 1886 3305 fratres.
1923 3245 2084 3299 liceat

497 3351 762 3404 audenter
796 3346 978 3399 dicere
1024 3341 1091 3395 ad
1130 3355 1222 3394 vos
1253 3339 1318 3393 de
1367 3338 1674 3408 patriarcha
1709 3337 1901 3401 David,
1948 3351 2083 3406 quo-

497 3440 642 3494 niam
672 3447 725 3492 et
751 3434 1039 3490 defunctus
1070 3439 1176 3494 est,
1209 3439 1259 3484 et
1293 3428 1538 3499 sepultus
1559 3437 1664 3492 est,
1691 3435 1743 3481 et
1769 3427 2082 3496 sepulcrum

495 3529 615 3600 ejus
642 3537 728 3583 est
759 3526 899 3595 apud
952 3539 1050 3578 nos
1085 3535 1255 3590 usque
1299 3521 1351 3574 in
1399 3520 1720 3576 hodiernum
1753 3521 1920 3574 diem.
1952 3518 2085 3573 Pro-

497 3624 660 3692 pheta
700 3620 866 3690 igitur
903 3631 1027 3670 cutn
1061 3622 1228 3676 esset,
1272 3622 1329 3667 et
1376 3613 1542 3667 sciret
1576 3613 1703 3681 quia
1732 3611 2085 3680 jurejurando

495 3717 739 3784 iurasset
799 3710 872 3764 illi
935 3708 1095 3770 Deus,
1155 3705 1222 3760 de
1282 3704 1460 3760 fructu
1510 3705 1679 3759 lumbi
1733 3705 1851 3774 ejus
1893 3706 2086 3759 sedere

500 3823 666 3878 super
693 3807 874 3861 sedem
905 3802 1043 3871 ejus,
1100 3798 1390 3870 providens
1427 3798 1636 3854 locutus
1673 3809 1756 3854 est
1800 3801 1866 3853 de
1905 3812 2087 3852 resur-

504 3901 744 3955 rectione
787 3897 1012 3964 Christi,
1067 3897 1194 3965 quia
1227 3909 1402 3963 neque
1453 3895 1744 3949 derelictus
1789 3903 1872 3948 est
1906 3894 1958 3948 in
2002 3893 2088 3947 in-

502 3993 682 4057 ferno,
714 4005 890 4060 neque
915 4003 1044 4042 caro
1076 3988 1193 4055 ejus
1228 3986 1362 4040 vidit
1386 3985 1791 4054 corruptionem
1815 3985 1882 4038 ⁸³.
1922 4003 1939 4035 ι
1976 3983 2088 4038 Nec

501 4083 648 4137 enim
705 4080 786 4132 las
830 4087 914 4132 est
965 4077 1166 4140 dicere,
1223 4087 1443 4128 carnem
1495 4070 1674 4126 Verbo
1726 4072 1936 4126 unitam
1986 4069 2088 4122 ali-

504 4171 722 4244 quando
757 4171 995 4240 putuisse
1044 4165 1338 4234 corrumpi,
1374 4175 1466 4219 aut
1503 4163 1742 4219 divinam
1780 4161 1924 4216 illam
1969 4160 2088 4214 ani-

507 4283 648 4321 maut
697 4267 838 4319 intra
885 4263 1082 4318 inferni
1120 4272 1308 4331 portas
1349 4259 1603 4314 detineri.
1637 4258 1794 4323 Nam,
1852 4266 1911 4310 ut
1949 4255 2088 4309 divi-

509 4375 614 4414 nus
664 4357 859 4413 Petrus
883 4355 978 4420 ait,
1021 4353 1200 4408 anima
1251 4350 1370 4419 ejus
1401 4351 1453 4403 in
1490 4349 1707 4403 inferno
1752 4347 1942 4401 relicta
1979 4359 2086 4400 non

505 4452 628 4508 fuit.
674 4450 860 4520 Neque
910 4462 1038 4502 vero
1087 4455 1338 4498 naturam
1389 4441 1707 4508 illam,qute
1753 4453 1855 4493 nec
1906 4447 2087 4492 mente

505 4541 928 4614 comprehendi,
989 4553 1162 4608 neque
1213 4551 1310 4606 per
1360 4542 1590 4589 mortem
1653 4531 1922 4586 ullatenus
1968 4529 2087 4599 capi

505 4647 703 4708 potest,
732 4637 833 4690 hoc
859 4643 944 4688 est
966 4630 1243 4701 Unigeniti
1271 4627 1633 4690 divinitatem,
1660 4639 1690 4678 e
1715 4623 2088 4679 subterraneis

506 4730 613 4784 illis
643 4728 910 4795 specubus
947 4737 1162 4778 rursum
1205 4719 1496 4776 emersisse
1529 4719 1813 4773 dicemus:
1841 4714 2087 4784 quando-

507 4823 725 4890 quidem
789 4818 935 4872 uulla
984 4814 1345 4869 admiratione
1392 4811 1610 4880 dignum
1659 4819 1844 4873 esset,
1894 4809 1940 4863 si
1995 4808 2088 4864 Dei

510 4913 750 4969 Verbum
787 4910 1085 4965 divinitatis
1114 4908 1164 4960 vi
1200 4907 1560 4975 ejusdemque
1592 4901 1830 4958 eﬂicacia
1878 4905 2085 4968 nixum,

509 5005 650 5076 apud
673 5003 878 5057 inferos
910 5015 1018 5055 non
1054 4999 1366 5062 mansisset,
1394 5013 1514 5051 cttrn
1545 4995 1940 5051 admirabiliter
1966 5010 2086 5050 om-

512 5099 669 5151 nibus
735 5093 898 5155 adsit,
957 5090 1285 5160 impleatque
1343 5092 1546 5143 omnia.
1610 5087 1795 5142 Deitas
1851 5100 2087 5155 namque

509 5187 656 5241 omni
695 5185 814 5239 loco
843 5192 899 5237 et
929 5181 1460 5250 circumscriptione,
1497 5176 1551 5232 et
1589 5179 1942 5234 mensurabili
1974 5194 2090 5233 ma-

505 5277 790 5348 gnitudine
838 5273 1106 5343 superior,
1161 5290 1190 5327 a
1243 5271 1394 5326 nullo
1460 5271 1578 5336 capi
1632 5270 2088 5338 comprehendive

509 5381 706 5437 potest.

585 5511 628 5542 ‘°
671 5510 841 5565 lCor.
887 5524 974 5576 xv,
1003 5506 1093 5562 49.
1171 5505 1212 5534 σί
1255 5501 1462 5557 lJoan.
1495 5519 1574 5567 ιιι,
1613 5503 1696 5559 16.

1777 5502 1818 5532 ⁶¹
1864 5502 2018 5567 Rom.
2056 5517 2165 5568 xiv,
2195 5503 2249 5558 9.

2186 3255 2497 3326 παρρησίας
2531 3254 2669 3325 πρὸς
2709 3253 2855 3322 ὑμᾶς
2904 3251 3034 3321 περὶ
3063 3249 3156 3302 τοῦ
3188 3248 3529 3320 πατριάρχου
3583 3244 3773 3306 Δαϐὶδ,

2183 3345 2267 3398 ὃτι
2296 3345 2392 3397 καὶ
2424 3343 2745 3414 ἐτελεύτησε
2783 3343 2877 3396 καὶ
2912 3341 3086 3412 ἐτάφη
3113 3381 3127 3405 ,
3160 3341 3254 3394 καί
3287 3340 3346 3392 τὸ
3381 3339 3570 3410 μνῆμα
3604 3335 3773 3389 αὑτοῦ

2184 3439 2333 3493 ἐστιν
2365 3440 2423 3492 ὲν
2470 3440 2601 3509 ἡμῖν
2647 3437 2776 3509 ἄχρι
2821 3435 2921 3506 τῆς
2957 3437 3169 3506 ἡμέρας
3203 3435 3429 3504 ταύτης.
3479 3435 3776 3504 Προερήτης

2185 3526 2279 3583 οὖν
2312 3530 2597 3599 ὑπάρχων,
2643 3529 2735 3581 καὶ
2766 3527 2925 3587 εἰδὼς
2953 3565 2967 3589 ,
2999 3527 3080 3580 ὅτι
3127 3527 3277 3596 ὅρκῳ
3320 3526 3533 3595 ὤμοσεν
3565 3525 3720 3595 αύτῷ
3746 3527 3777 3578 ὁ

2186 3624 2342 3688 Θεὸς,
2372 3624 2436 3676 ὲκ
2464 3621 2679 3692 καρποῦ
2723 3621 2819 3690 τῆς
2855 3619 3053 3688 ὀσφύος
3083 3618 3248 3673 αὐτοῦ
3291 3618 3513 3672 καθίσαι
3561 3620 3653 3672 ἐπὶ
3679 3619 3776 3673 τοῦ

2189 3714 2380 3784 θρόνου
2425 3712 2614 3778 αὑτοῦ,
2664 3710 2929 3782 προειδὼς
2975 3709 3205 3780 ὲλάλησε
3253 3711 3383 3781 περί
3411 3711 3509 3780 τῆς
3538 3711 3774 3764 ἀναστάς

2191 3824 2329 3870 σεως
2360 3805 2455 3858 τοῦ
2501 3804 2761 3875 Χριστοῦ,
2798 3806 2880 3857 ὃτι
2923 3801 3048 3856 οὔτε
3095 3802 3500 3873 ἐγκατελείφθη
3546 3806 3578 3874 ὴ
3627 3803 3769 3874 ψυχὴ

2189 3896 2358 3950 αὑτοῦ
2384 3899 2463 3960 εἰς
2489 3897 2645 3968 ᾅδην,
2672 3896 2786 3950 οὗθ’
2814 3899 2846 3967 ἡ
2885 3895 3024 3966 σὰρξ
3052 3895 3218 3949 αὐτοῦ
3243 3892 3351 3949 οἵδε
3384 3896 3702 3966 διαφθοράν.
3747 3915 3766 3947 r

2189 3988 2266 4041 Ού
2301 3987 2410 4058 γάρ
2433 4005 2514 4041 τοι
2540 3987 2700 4058 θέμις
2735 3989 2930 4052 εἰπεῖν,
2983 3987 3160 4058 φθορᾷ
3201 3985 3302 4056 μὲν
3331 3985 3590 4040 δύνασθαι
3640 4005 3776 4058 κρα-

2187 4080 2400 4134 τεῖσθαί
2431 4097 2560 4134 ποτε
2605 4080 2704 4152 τὴν
2747 4079 3042 4133 ένωθεῖσαν
3084 4079 3163 4150 τῷ
3201 4079 3358 4150 Λόγῳ
3407 4081 3608 4150 σάρκα,
3642 4082 3776 4135 κάτ-

2190 4188 2314 4242 οχον
2332 4173 2377 4226 δ’
2395 4167 2464 4226 αὖ
2485 4174 2603 4236 ταῖς
2626 4172 2752 4243 ᾅδου
2783 4171 2978 4235 πύλαις
3003 4173 3100 4242 τὴν
3125 4171 3276 4224 θείαν
3297 4172 3773 4242 γενέσθαιψυχήν·

2189 4264 2293 4318 οὐκ
2314 4264 2709 4334 ἐγκατελείφθη
2729 4265 2836 4335 γὰρ
2861 4266 2940 4328 εἰς
2970 4264 3122 4334 ᾅδην,
3142 4263 3286 4318 καθὰ
3312 4264 3404 4317 καὶ
3431 4266 3458 4317 ὁ
3482 4264 3777 4327 θεσπέσιος

2192 4353 2294 4424 ἔφη
2333 4353 2562 4424 Πέτρος.
2595 4353 2670 4405 Ού
2703 4355 2810 4423 γάρ
2849 4370 2953 4404 που
2979 4354 3080 4422 τήν
3109 4370 3168 4405 τε
3207 4352 3448 4420 ἄληπτον
3475 4353 3776 4419 παντελῶς,

2197 4446 2290 4498 καὶ
2335 4445 2609 4499 ἀνάλωτον
2652 4443 2730 4514 τῷ
2767 4445 2984 4514 θανάτῳ
3018 4444 3202 4512 φύσιν,
3235 4446 3482 4498 τουτέστι
3513 4444 3615 4515 τὴν
3658 4446 3777 4498 θεό-

2121 4511 2165 4566 D
2194 4551 2334 4605 τητα
2362 4535 2457 4588 τοῦ
2491 4511 2832 4602 Μονογενοῦς
2855 4573 2872 4596 ,
2923 4511 3039 4586 τῶν
3067 4535 3172 4587 ὑπὸ
3219 4534 3381 4606 χθόνα
3419 4511 3608 4607 μυχῶν
3648 4538 3780 4591 ἀνα-

2195 4626 2518 4697 κεκομίσθαι
2546 4629 2791 4697 φήσομεν
2812 4645 2825 4658 ο
2856 4627 2979 4680 οὔτε
3013 4627 3121 4698 γὰρ
3151 4627 3217 4680 ἂν
3254 4627 3464 4698 ἠξιώθη
3494 4629 3554 4682 τὸ
3587 4631 3781 4702 χρῆμα

2157 4767 2160 4772 .
2193 4719 2496 4787 θαύματος,
2531 4720 2579 4770 εἰ
2623 4720 2698 4789 μὴ
2759 4718 3068 4790 μεμένηκεν
3095 4721 3175 4782 εἰς
3204 4720 3297 4772 τὸν
3328 4719 3460 4791 ᾅδην
3493 4723 3521 4773 ό
3550 4723 3615 4774 ὲκ
3643 4723 3778 4775 Θεοῦ

2190 4813 2383 4881 Λόγος,
2449 4815 2516 4882 τῇ
2561 4813 2658 4881 τῆς
2728 4812 2982 4881 θεότητος
3041 4812 3294 4881 ἐνεργείᾳ
3334 4829 3391 4864 τε
3447 4816 3541 4864 καὶ
3565 4813 3778 4881 -φύσει,

2193 4903 2518 4975 παραδόξως
2579 4919 2637 4954 τε
2701 4904 2796 4955 καί.
2857 4903 2997 4972 ὑπὲρ
3058 4903 3236 4970 λόγον,
3283 4903 3506 4974 πληρῶν
3562 4903 3662 4974 μὲν
3715 4907 3780 4959 τὰ

2197 4997 2394 5060 πάντα,
2427 4997 2524 5050 καὶ
2553 4998 2665 5058 τοῖς
2697 4997 2863 5049 πᾶσιν
2891 4995 3194 5066 ἐπιδημῶν.
3212 4995 3508 5066 Ἀνώτερον
3535 4996 3645 5065 γάρ
3676 5011 3777 5048 που

2199 5089 2291 5139 καὶ
2325 5086 2688 5158 περιορισμοῦ
2723 5087 2818 5140 καὶ
2843 5086 3007 5139 τόπου
3039 5087 3134 5139 καὶ
3163 5085 3425 5156 μεγέθους
3459 5084 3780 5158 μετρητοῦσι

2195 5182 2258 5232 τὸ
2286 5180 2465 5243 Θεῖον,
2503 5180 2634 5232 αὐτὸ
2673 5180 2730 5232 δὲ
2764 5180 2869 5232 ὑπὸ
2900 5179 3128 5249 μηδενὸς
3156 5178 3522 5250 χωρούμενον.

2332 5502 2374 5533 ⁵³
2414 5501 2534 5556 Act.
2571 5519 2629 5566 tt,
2665 5502 2842 5557 29-51.

1613 5654 1779 5707 Variae
1812 5653 2078 5710 lectiones
2117 5655 2320 5710 codicis
2353 5653 2716 5724 Seguieriani.

645 5817 842 5890 μέτρου
869 5816 959 5868 καὶ
988 5813 1178 5883 τόμου.
1210 5809 1508 5879 Utrumque
1533 5809 1687 5865 deest
1715 5808 1766 5861 in
1807 5809 2076 5864 manuscri

2216 5810 2574 5878 Seguierano.
