4060 6414
364 397 504 459 1165

1315 372 1406 444 DE
1444 383 1674 441 REC'I‘A
1715 382 1872 439 FIDE
1911 382 2000 438 an
2042 382 2490 441 TIIEGDOSIUM
2529 383 2672 438 IMP.

3480 389 3620 446 H66

435 515 563 570 KB'.
588 508 899 583 Παράδοξον
916 516 941 547 τ
969 505 1027 562 δὲ
1054 504 1150 561 καὶ
1180 504 1361 560 οὐδενὶ
1395 503 1504 561 τῶν
1529 504 1699 559 ὄντων
1728 502 1945 575 θαυμα-

2115 502 2281 559 XXII.
2326 502 2520 558 Mirum
2568 517 2699 559 vero
2750 458 2923 559 videri
2976 503 3158 571 debet,
3215 506 3357 576 quod
3425 520 3627 581 corpus

361 602 488 659 στὸν
508 611 556 668 ³,
586 604 669 656 ὅτι
700 599 862 671 σῶμα
902 598 1001 669 μὲν
1035 596 1233 650 ἀνεῦίω
1266 595 1326 649 ca
1362 599 1432 667 τῇ
1481 595 1640 665 φύσει
1668 593 1939 666 φθαρτόν·

359 688 429 762 ἦν
456 690 566 760 γάρ
602 689 735 742 ἴδιον
758 686 852 740 τοῦ
883 684 1163 757 ἀφθάρτου
1191 683 1561 756 Λόγου.Ψυχὴ
1583 684 1639 737 δὲ
1666 684 1732 756 δὴ
1758 684 1944 749 πάλιν,

360 781 462 851 τὴν
509 778 645 852 πρὸς
693 778 857 834 αὑτὸν
886 774 1132 846 λαχοῦσα
1161 774 1471 848 συνδρομήν
1501 791 1561 826 τε
1592 778 1686 830 καὶ
1716 775 1936 840 ἕνωσιν,

362 872 808 943 καταπεφοίτηκε
842 870 941 943 μὲν
990 856 1071 935 είς
1104 870 1258 943 ᾅδου,
1304 870 1602 941 θεοπρεπεῖ
1625 869 1685 923 δὲ
1713 867 1945 939 δυνάμει

363 965 462 1019 καὶ
523 963 745 1036 ἐξουσίᾳ.
796 962 1078 1035 χρωμένη,
1124 962 1372 1025 καὶτοῖς
1424 964 1605 1016 ἐκεῖσε
1668 959 1945 1028 πνεύμασι

364 1056 743 1126 κατεφαίνετο.
805 1055 1102 1128 Τοιγάρτοι
1180 1055 1276 1109 καὶ
1337 1052 1544 1122 ἔφασκε
1588 1055 1700 1116 τοῖς
1754 1054 1813 1105 ὲν
1863 1050 1948 1104 δε-

367 1152 553 1222 σμοῖς
589 1168 610 1202 ι
659 1135 933 1214 Ἐξέλθετε
952 1166 966 1180 ο
997 1147 1093 1203 καὶ
1118 1149 1229 1213 τοῖς
1255 1149 1312 1201 ὲν
1344 1145 1421 1218 τῷ
1448 1146 1659 1200 σκότει·
1708 1145 1942 1198 Ἀνακα-

363 1241 654 1296 λύπτεσθε.
691 1259 710 1293 ι
749 1240 857 1294 Καί
890 1258 980 1312 μοι
1031 1241 1180 1294 δοκεῖ
1222 1239 1389 1309 φάναι
1422 1255 1474 1292 τι
1517 1236 1758 1292 τοιοῦτον
1790 1235 1887 1290 καὶ
1918 1235 1948 1288 ὁ

364 1327 652 1392 θεσπέσιος
695 1326 901 1398 Πέτρος
945 1328 1077 1399 περὶ
1117 1326 1215 1381 τοῦ
1271 1326 1407 1381 Θεοῦ
1462 1326 1661 1396 Λόγου,
1706 1325 1803 1379 καὶ
1846 1324 1946 1395 τῆς

354 1423 489 1477 καθ’
514 1422 708 1476 ἕνωσιν
746 1422 1058 1494 οἰκονομίας
1080 1423 1098 1459 ί
1130 1420 1509 1492 γεγενημένης
1540 1416 1704 1473 αὐτοῦ
1727 1416 1908 1489 ψυχῆς
1927 1433 1942 1448 ’

370 1535 391 1569 ι
427 1518 693 1589 Κρεῖττον
724 1516 833 1588 γὰρ
858 1512 1346 1585 ἀγαθοποιοῦντας,
1381 1515 1431 1566 el
1464 1511 1607 1566 θέλοι
1643 1510 1705 1563 τὸ
1732 1508 1945 1581 θέλημα

362 1610 460 1665 τοῦ
487 1608 644 1676 Θεοῦ,
673 1610 927 1681 πάσχειν,
954 1608 987 1680 ἢ
1018 1606 1453 1668 κακοποιοῦντας
1473 1621 1484 1637 '
1513 1605 1596 1658 ὅτι
1627 1603 1722 1657 κα)⁸
1755 1604 1784 1655 ό
1806 1602 1947 1673 Χρι-

365 1702 493 1767 στὸς
529 1700 679 1766 άπαξ
711 1701 853 1771 ὑπὲρ
883 1699 1228 1771 ἁμαρτωλῶν
1262 1698 1501 1752 ἀπέθανε
1524 1734 1539 1761 ,
1568 1695 1775 1757 δίκαιος
1805 1693 1946 1764 ὑπὲρ

363 1794 587 1860 ἀδίκων,
637 1793 704 1846 ἶν’
732 1794 881 1863 ἡμᾶς
930 1790 1260 1864 προσαγάγῃ
1310 1789 1389 1860 τῷ
1433 1787 1575 1858 Θεῷ,
1609 1784 1946 1848 θανατωθεὶς

2049 604 2240 664 suapte
2276 602 2468 649 natura
2514 594 2755 649 interitui
2802 606 2857 649 et
2895 595 3055 650 morti
3084 597 3380 652 obnoxium
3437 599 3506 653 ad
3545 601 3626 654 vi-

2049 692 2159 738 tam
2203 684 2381 738 denuo
2447 683 2676 739 redierit
2718 701 2734 738 :
2780 682 2833 739 id
2883 685 3027 739 enim
3081 684 3410 743 immortalis
3458 685 3624 743 Verbi

2049 776 2327 847 proprium
2376 783 2517 831 erat.
2567 773 2660 831 Sic
2708 789 2925 846 quoque
2972 778 3172 843 anima,
3214 794 3335 848 qua:
3366 795 3490 835 cum
3533 778 3637 835 illo

2050 867 2336 936 conjuncta
2367 869 2725 939 copulataque
2757 869 2956 937 fuerat,
2984 872 3050 925 ad
3076 871 3280 927 inl‘éros
3304 874 3623 939 descendit,

2049 960 2337 1030 divinaque
2364 961 2564 1016 virtute
2598 975 2662 1017 ac
2695 962 2937 1032 potentia
2969 970 3149 1027 utens,
3179 965 3458 1033 spiritibus
3485 980 3626 1036 quo-

2047 1065 2155 1121 que
2184 1050 2382 1105 ibidem
2415 1051 2648 1121 captivis
2675 1067 2796 1108 sese
2825 1052 3072 1109 exhibuit
3095 1052 3160 1107 “.
3196 1053 3411 1110 Etenim
3441 1056 3507 1112 lis
3530 1057 3625 1127 qui

2047 1139 2281 1196 vinculis
2333 1141 2403 1196 ibi
2438 1140 2720 1197 constricti
2759 1142 3151 1199 detinebantur
3181 1162 3195 1199 :
3233 1161 3251 1195 ι
3283 1144 3462 1210 Exite,
3500 1147 3578 1201 ait
3607 1162 3623 1201 :

2049 1234 2116 1289 iis
2140 1248 2265 1289 vero
2302 1232 2393 1303 qui
2434 1233 2675 1290 tenebris
2696 1234 3116 1305 operiebantur:
3141 1236 3477 1293 Revelamini
3504 1240 3572 1293 ".
3600 1256 3619 1293 ι

2047 1327 2225 1397 Atque
2276 1328 2383 1382 huc
2436 1326 2567 1381 mihi
2618 1341 2846 1398 magnus
2920 1328 3009 1383 ille
3063 1329 3257 1386 Petrus
3314 1332 3627 1402 respexisse

2047 1416 2279 1482 videtur,
2318 1430 2440 1471 cum
2469 1416 2536 1470 de
2572 1414 2668 1470 Dei
2702 1415 2902 1482 Verbo,
2938 1415 3289 1489 ejusdemque
3322 1420 3624 1476 secundum

2048 1499 2502 1578 dispensatoriam
2555 1507 2811 1564 unionem
2861 1510 3064 1577 anima,
3121 1512 3266 1567 hunc
3300 1512 3353 1566 in
3403 1513 3624 1569 modum

2048 1599 2408 1656 concinnatur
2439 1617 2453 1653 :
2488 1618 2507 1652 ι
2537 1598 2731 1656 Melius
2774 1612 2858 1657 est
2905 1603 3052 1657 enim
3107 1603 3512 1661 benefacientes
3556 1606 3627 1676 (si

2046 1693 2297 1749 voluntas
2331 1691 2425 1748 Dei
2462 1691 2613 1764 velit)
2648 1693 2785 1763 pati,
2816 1708 2977 1764 quam
3010 1694 3417 1752 malefacientes
3449 1715 3462 1751 :
3496 1699 3628 1768 qttia

2048 1794 2104 1840 et
2130 1783 2384 1841 Christus
2417 1784 2583 1840 semel
2621 1800 2720 1855 pro
2747 1786 2987 1856 peccatis
3019 1790 3220 1844 nostris
3249 1799 3496 1845 mortuus
3519 1800 3623 1858 est,

365 1885 468 1955 μὲν
517 1858 720 1956 σαρκὶ,
753 1858 1131 1954 ⁷ξωοσιοιιλθεὶς
1397 1879 1705 1950 πνεύματι⁶
1772 1879 1831 1932 ὲν
1875 1870 1941 1946 ᾧ,

2050 1877 2221 1947 iustus
2264 1890 2361 1948 pro
2386 1876 2625 1958 injustis,
2654 1878 2764 1947 20
2790 1886 2849 1931 ut
2893 1893 2994 1933 nos
3025 1878 3246 1936 oﬂ‘erret
3275 1881 3424 1947 Deo;
3473 1897 3626 1937 mor-

363 1976 529 2047 φησὶ,
576 1975 674 2028 καὶ
734 1975 846 2038 τοῖς
909 1975 968 2027 ὲν
1038 1975 1252 2045 φυλακῇ
1318 1971 1593 2043 πνεύμασι
1655 1969 1943 2041 πορευθεὶς

2045 1968 2282 2031 tilicatus
2343 1968 2559 2037 quidem
2630 1983 2835 2033 carne,
2902 1968 3207 2026 viviﬁcatus
3275 1982 3453 2027 autem
3512 1975 3625 2043 spi-

361 2046 999 2139 ἔκήρῦξεν,άπειθήσασί
1022 2082 1174 2119 ποτε.
1203 2083 1222 2118 ι
1253 2063 1387 2119 Οὐδὲ
1413 2063 1543 2134 γὰρ,
1575 2060 1752 2133 οἶμαι,
1784 2063 1942 2131 φαῖεν

2050 2060 2232 2126 ritu“,
2295 2059 2347 2114 in
2398 2073 2505 2129 quo
2548 2068 2603 2114 et
2649 2059 2735 2114 his
2768 2060 2859 2130 qui
2899 2061 2952 2115 in
3000 2076 3223 2118 carcere
3272 2073 3430 2118 erant
3459 2065 3625 2136 spiri-

361 2154 453 2220 ἂν,
498 2154 570 2219 ὡς
618 2153 801 2225 γυμνὴ
830 2155 924 2208 καὶ
954 2154 1074 2208 καθ’
1114 2154 1312 2225 ἑαυτὴν
1353 2155 1386 2224 ἡ
1420 2153 1612 2225 θεότης
1639 2150 1732 2206 τοῦ
1763 2154 1940 2206 Μονο-

2044 2152 2186 2208 tibus
2236 2151 2461 2207 veniens
2512 2150 2865 2221 praedicavit,
2921 2152 3013 2222 qui

3086 2154 3350 2211 increduli
3407 2155 3628 2213 fuerant

359 2242 557 2312 γενοῦς
597 2243 1042 2314 καταπεφοίτηκε
1088 2243 1187 2315 μὲν
1221 2244 1301 2307 εἰς
1347 2243 1499 2316 ᾅδου,
1556 2240 1843 2313 διεκήρυξε
1882 2237 1939 2294 δὲ

2050 2241 2351 2313 aliquando.
2366 2257 2386 2292 ι
2414 2238 2527 2296 Nec
2548 2253 2678 2296 vero
2696 2242 2880 2297 dicent
2904 2241 3243 2299 divinitatem
3264 2260 3357 2314 per
3378 2261 3437 2303 se
3456 2247 3625 2303 solam

358 2337 474 2398 τοῖς
521 2336 700 2388 ἐκεῖσε
746 2334 1053 2405 πνεύμασιν
1086 2375 1101 2400 ,
1153 2335 1396 2400 ἄποπτος
1442 2331 1577 2390 οῦσα
1621 2333 1934 2397 παντελῶςο

360 2428 606 2497 κρεῖττον
635 2426 743 2497 γάρ
771 2426 858 2480 ἀεὶ
895 2426 990 2479 τοῦ
1016 2428 1246 2498 ὁρᾶσθαι
1273 2428 1335 2480 τὸ
1375 2427 1551 2481 Θεῖον.
1589 2424 1733 2480 Ἀλλ’
1759 2426 1819 2479 οὐ
1852 2424 1939 2478 δο-

359 2518 521 2587 κήσει
548 2518 642 2570 καὶ
665 2517 1153 2588 ἐσχηματισμένως
1195 2519 1277 2580 είς
1307 2518 1367 2572 τὸ
1394 2517 1576 2589 ψυχῆς
1606 2512 1745 2581 εἶδος
1771 2516 1939 2588 αὐτὴν
1968 2520 1969 2523 “

364 2606 762 2681 μεμορφῶσθαι
809 2607 1089 2678 δώσομεν*
1141 2609 1510 2678 παραιτητέον
1543 2607 1653 2678 γάρ
1692 2608 1943 2678 πανταχῆ

361 2700 462 2770 τὴν
489 2700 730 2770 δόκησιν.
749 2699 889 2752 Ἀλλ’
917 2699 1108 2772 ὥσπερ
1138 2703 1251 2764 τοῖς
1274 2701 1368 2754 ἐπὶ
1394 2700 1501 2771 γῆς
1524 2700 1939 2770 συνανεστράιρη

369 2792 508 2864 μετά
534 2793 757 2864 σαρκὸς,
793 2792 934 2846 οὕτω
980 2793 1075 2846 καὶ
1120 2796 1243 2856 ταῖς
1274 2795 1354 2856 είς
1382 2792 1509 2863 ᾅδου
1538 2791 1738 2863 ψυχαῖς
1764 2791 1945 2861 διεκή-

368 2884 546 2956 ρυξεν,
598 2885 729 2940 ἴδιον
785 2884 925 2955 ἔχων
983 2885 1234 2955 φόρημα,
1286 2884 1386 2956 τὴν
1442 2883 1737 2937 ἑνωθεῖσαν
1790 2881 1940 2951 αὑτῷ

366 2977 570 3049 ψυχήν-

2048 2333 2117 2389 ad
2154 2333 2360 2387 inferos
2401 2334 2771 2400 descendisse,
2815 2333 3207 2406 spiritibusque
3252 2338 3452 2394 ibidem
3495 2355 3629 2396 con-‘

2047 2424 2215 2481 clusis
2262 2425 2621 2503 praedicasse;
2671 2441 2795 2482 eum
2850 2426 2967 2496 ipsa
3019 2429 3241 2485 omnino
3287 2431 3390 2487 sub
3440 2433 3628 2489 oculos

2049 2531 2157 2572 non
2186 2517 2378 2583 cadat,
2422 2518 2878 2588 prrestantiorque
2934 2518 3026 2586 sit,
3072 2533 3238 2588 quam
3297 2531 3357 2576 ut
3400 2525 3468 2578 ab
3515 2524 3627 2580 ullo

2050 2606 2199 2662 cerni
2236 2615 2424 2678 queat.
2456 2606 2566 2663 Nec
2594 2608 2757 2662 etiam
2797 2609 3203 2664 concedendum
3240 2621 3325 2667 est
3369 2612 3537 2682 ipsam
3573 2615 3624 2669 iu

2051 2708 2400 2769 apparentem
2446 2699 2642 2754 animae
2691 2701 2927 2768 speciem
2969 2703 3410 2758 transformatam
3458 2712 3628 2762 esse:

2048 2790 2319 2859 siquidem
2373 2798 2611 2843 externae
2663 2789 2822 2844 istius
2870 2793 3199 2859 apparentia:
3259 2803 3626 2858 commentum

2049 2882 2276 2939 omnino
2312 2880 2583 2949 repudiari
2633 2881 2812 2935 debet.
2860 2881 2967 2936 Sed
3002 2884 3457 2951 quemadmodum
3499 2884 3631 2942 Uni-

2046 2975 2263 3046 genitus
2312 2988 2440 3028 cum
2498 2973 2599 3037 iis,
2645 2972 2735 3041 qui
2785 2971 2845 3027 in
2914 2976 3237 3044 Corporibus
3284 2979 3397 3032 suis
3446 2979 3629 3035 adhuc

363 3070 654 3137 degebant,
706 3077 951 3124 versatus
999 3077 1082 3124 est
1113 3068 1166 3123 in
1216 3080 1490 3137 corpore;
1524 3066 1599 3122 ita
1666 3066 1969 3139 spiritibus,
2044 3066 2137 3136 qui
2191 3065 2332 3135 apud
2382 3063 2586 3118 inferos
2640 3063 2993 3132 tenebantur,
3053 3067 3291 3122 animam
3338 3081 3521 3126 mente
3572 3083 3628 3127 et

364 3162 582 3217 ratione
621 3162 902 3230 praeditam
940 3160 1042 3216 sibi
1075 3159 1421 3230 conjunctam
1458 3160 1687 3224 habens,
1723 3159 2083 3214 concinnatus
2123 3165 2229 3213 est.

440 3255 569 3307 Kl".
608 3254 718 3307 Καὶ
755 3252 923 3322 βαθὺς
954 3253 1053 3324 μὲν
1085 3252 1215 3316 ἴσως
1243 3252 1341 3305 καὶ
1368 3252 1685 3325 ἀπόρρητος
1732 3252 1945 3323 άληθῶς

2120 3249 2309 3305 XXIII.
2352 3249 2448 3305 Est
2496 3264 2630 3306 sane
2661 3250 3061 3309 incarnationis
3105 3256 3294 3311 modus
3340 3258 3625 3318 admodum

363 3346 465 3401 καὶ
503 3348 626 3409 ταῖς
671 3347 969 3417 ἡμετέραις
1016 3344 1279 3409 διανοίαις
1321 3345 1422 3415 οὐχ
1466 3343 1740 3416 ἁλώσιμος
1778 3346 1806 3398 ὁ
1843 3343 1944 3413 τῆς

361 3437 833 3509 ὲνανθρωπήσεως
861 3436 1081 3508 τρόπος.
1126 3436 1336 3490 Ἐκεῖνο
1365 3437 1410 3490 δ’
1442 3430 1536 3490 οῦν
1568 3436 1718 3506 ὅμως
1749 3435 1941 3490 ἀναλο-

362 3527 617 3598 γίζεσθαι
662 3525 897 3598 πρέπει·
942 3527 1012 3581 τά
1052 3526 1163 3598 γάρ
1189 3534 1274 3580 τοι
1325 3525 1400 3598 μὴ
1443 3524 1568 3579 καθ’
1600 3526 1750 3596 ἡμᾶς
1786 3525 1948 3578 πολυ-

365 3621 730 3691 πραγμονεῖν,
764 3619 866 3672 οὐκ
894 3619 1130 3690 ἀζήμιον
1150 3635 1166 3652 ·
1219 3620 1550 3673 άνούστατον
1585 3617 1643 3671 δὲ
1668 3617 1948 3682 παντελῶς

363 3714 430 3767 τὸ
464 3711 718 3782 βασάνοις
756 3711 1053 3782 ὑποφέρειν
1077 3711 1145 3765 τά
1177 3712 1319 3783 ὑπὲρ
1344 3711 1494 3776 νοῦν,
1531 3711 1625 3765 καὶ
1655 3709 1949 3782 πειρᾶσθαι

365 3805 511 3859 νοεῖν
547 3803 584 3857 ἃ
634 3803 733 3874 οὐχ
757 3798 869 3856 οἶόν
891 3820 973 3858 τε.
1005 3805 1077 3857 Ἦ
1105 3805 1204 3858 οὐκ
1244 3801 1423 3871 οἶσθα,
1469 3806 1553 3860 ὅτι
1596 3806 1660 3857 τδ
1710 3802 1845 3873 βαθὺ
1885 3803 1948 3875 δὴ

365 3894 530 3949 τοῦτο
562 3895 881 3965 μυστήριον,
913 3894 1008 3957 καὶ
1033 3893 1158 3948 νοῦν
1185 3895 1455 3967 ὑπερέχον
1485 3894 1576 3948 τδν
1605 3895 1664 3946 ὲν
1694 3893 1850 3963 ἡμῖν,
1881 3895 1949 3964 τῇ

367 3986 529 4060 ἡμῶν
552 3985 976 4056 άπεριεργάστῳ
1004 3985 1184 4039 πίστει
1240 3986 1565 4057 τετίμηται;
1594 3986 1667 4039 Τὸ
1692 3987 1749 4040 δὲ
1782 3987 1950 4041 ἀσυν-

367 4083 509 4146 έτως
544 4082 757 4151 λέγειν,
807 4101 825 4133 ι
858 4080 979 4144 Πῶς
1005 4078 1223 4132 δύναται
1252 4076 1423 4132 ταῦτα
1464 4077 1754 4147 γενέσθαι;
1793 4095 1812 4128 ι
1849 4077 1951 4130 Νι-

369 4174 601 4246 κοδήμῳ
619 4190 679 4227 τε
704 4173 899 4243 ἐκείνῳ
941 4170 1036 4225 καὶ
1067 4171 1181 4234 τοῖς
1207 4170 1332 4224 κατ’
1365 4169 1530 4223 αὐτὸν
1555 4168 1948 4241 ἀπονέμοντες,

371 4263 764 4326 ἁνενδοιάστως
796 4258 1231 4333 παραδεξώμεθα
1264 4259 1334 4314 τὰ
1356 4258 1444 4313 διά
1460 4258 1557 4313 τοῦ
1599 4258 1746 4312 θείου
1780 4257 1952 4313 Πνεῦ-

378 4362 551 4425 ματος
596 4350 1089 4423 χρησμῳδούμενα,
1129 4349 1223 4403 καὶ
1275 4347 1423 4419 αὐτῷ
1459 4348 1519 4402 δὲ
1568 4348 1951 4419 πιστεύσωμεν

372 4444 585 4513 λέγοντι
622 4441 873 4514 Χριστῷ·
913 4459 932 4493 ι
973 4440 1165 4512 Ἀμὴν,
1198 4439 1343 4512 ἀμὴν
1366 4439 1510 4510 λέγω
1560 4441 1709 4511 ὑμῖν,
1736 4439 1773 4494 ἃ
1804 4441 1945 4493 οῖδα-

376 4550 500 4609 μεν,
534 4536 842 4607 Δλαλοῦμεν,
891 4534 987 4589 καὶ
1028 4533 1064 4588 ἃ
1098 4534 1444 4605 ἑωράκαμεν,
1486 4532 1891 4606 μαρτυροῦμεν.
1927 4550 1945 4585 ι

2051 3343 2288 3408 subtilis,
2329 3356 2564 3412 vereque
2605 3342 3042 3414 ineXplicabilis;
3093 3346 3216 3403 talis
3249 3349 3486 3419 demum,
3530 3355 3626 3423 qui

2051 3435 2401 3506 cogitationis
2441 3443 2742 3506 captusque
2770 3438 2946 3493 nostri
2976 3442 3255 3511 angustias
3285 3442 3469 3499 multis
3505 3460 3633 3515 par“-

2051 3529 2199 3584 tibus
2237 3526 2487 3583 excedat.
2520 3527 2865 3599 Quapropter
2900 3531 3038 3586 illud
3084 3533 3278 3589 iterum
3326 3536 3632 3609 iterumque

2052 3620 2361 3690 expendere
2415 3635 2512 3675 nos
2557 3622 2768 3677 decet:
2810 3637 3040 3692 nempe,
3095 3634 3154 3679 ut
3209 3627 3452 3695 periculo
3524 3645 3633 3686 non

2055 3721 2213 3768 vacat
2256 3712 2531 3768 curiosius
2569 3713 2623 3767 in
2662 3727 2726 3769 ea
2758 3714 3056 3784 inquirere,
3093 3732 3213 3787 quae
3245 3718 3479 3777 humana
3524 3737 3633 3779 non

2055 3815 2219 3859 sunt:
2249 3804 2321 3860 ita
2364 3814 2623 3860 extrema:
2656 3805 2945 3861 dementia:
2976 3808 3147 3862 videri
3185 3825 3248 3864 ea
3284 3826 3404 3882 quae
3435 3815 3635 3870 mentis

2054 3904 2257 3951 nostrae
2308 3898 2481 3952 aciem
2526 3897 2838 3964 excedunt,
2886 3898 3112 3953 humani
3152 3900 3343 3970 judicii
3405 3907 3629 3960 trutina:

2054 3989 2323 4058 subjicere
2363 3987 2587 4043 moliri:
2619 3988 2703 4042 vel
2750 3989 2818 4043 ad
2862 4002 3051 4043 eorum
3105 4005 3319 4046 rursum
3368 3995 3635 4065 cognitio-

2053 4095 2178 4135 nem
2233 4070 2392 4144 eniti,
2452 4094 2572 4150 quae
2623 4079 2772 4136 nullo
2823 4087 3222 4151 pact0°nostra
3275 4082 3633 4156 intelligentia

2054 4170 2443 4241 comprehendi
2493 4179 2738 4240 possunt.
2781 4168 2972 4226 Nescis
3002 4172 3322 4242 profundum
3370 4175 3472 4231 hoc
3518 4193 3637 4248 my.-

2055 4264 2308 4330 sterium,
2338 4262 2599 4332 omnique
2632 4263 3058 4331 humanosensu
3094 4265 3401 4330 sublimius,
3431 4269 3536 4324 lide
3566 4271 3636 4325 ab

2055 4355 2202 4410 omni
2259 4355 2475 4411 curiosa
2527 4354 2780 4425 indagine
2822 4356 2998 4413 aliena
3050 4356 3309 4413 honorari
3360 4375 3391 4413 a
3439 4352 3642 4417 nobis?

2057 4446 2421 4513 Quamobrem
2455 4445 2673 4501 stultam
2703 4445 2846 4501 illam
2877 4447 3228 4516 qumstionem
3255 4464 3271 4504 :
3309 4467 3328 4500 ι
3356 4449 3636 4515 Quomodo

2057 4548 2285 4609 possunt
2326 4540 2440 4594 haec
2474 4537 2587 4594 ﬁeri
2615 4530 2750 4591 "1M
2796 4537 3088 4593 Nicodemo
3115 4524 3340 4608 ejusque
3369 4541 3638 4597 similibus

371 4629 617 4702 υίχέσθω
644 4629 708 4700 δὴ
742 4622 837 4683 οῦν
864 4627 1031 4699 λῆρος
1063 4626 1164 4697 μὲν
1193 4624 1360 4693 ἅπας,
1410 4625 1577 4698 μῦθός
1606 4642 1666 4679 τε
1693 4623 1945 4695 ἀδρανὴς,

2062 4628 2469 4698 relinquentes,
2524 4628 2659 4683 citra
2724 4626 2886 4682 ullam
2946 4627 3340 4684 haesitationem
3401 4629 3636 4700 Spiritus

369 4724 470 4777 καὶ
509 4721 850 4791 ψευδοδοξία,
885 4720 979 4773 καὶ
1013 4717 1475 4790 κεκομψευμένων
1519 4718 1823 4790 ρημάτωνιι
1868 4732 1945 4785 φε·

2055 4720 2232 4777 sancti
2265 4720 2483 4776 oracula
2525 4719 2907 4788 suscipiamus,
2948 4720 3159 4788 ipsique
3199 4720 3419 4776 Christo
3461 4722 3527 4777 de
3577 4733 3637 4778 se

371 4814 671 4885 νακισμός⁸
723 4810 1064 4884 προσιέμεθα
1108 4809 1226 4863 οῦτι
1278 4827 1380 4863 που
1431 4808 1494 4863 τὸ
1565 4808 1945 4864 κατασίνεσθαι

2055 4813 2297 4882 loquenti
2348 4812 2508 4867 iidem
2561 4810 2902 4866 habeamus:
2936 4824 2955 4863 ι
2985 4810 3180 4879 Amen,
3233 4811 3428 4882 inquit,
3477 4828 3635 4871 amen

372 4906 622 4977 πεφυκὸς
645 4945 659 4971 ,
691 4905 794 4960 κᾶν
833 4906 882 4957 εί
915 4906 1028 4967 τοῖς
1060 4902 1200 4973 ἄγαν
1241 4901 1660 4974 ὲξησκημένοις,
1712 4902 1808 4955 καὶ
1850 4900 1945 4972 μῆιΙ

2055 4904 2177 4959 dico
2215 4901 2394 4967 vobis,
2450 4901 2576 4971 quia
2629 4915 2748 4971 quae
2782 4900 3005 4968 scimus,
3056 4901 3364 4971 loquimur;
3432 4912 3639 4974 etquae

285 5039 291 5042 ν
372 5001 471 5054 καὶ
499 4999 718 5069 πικροῖς
744 4998 896 5067 ἡμᾶς
921 4998 1310 5069 κατακροτοῖεν
1350 5005 1379 5035 ν
1410 4994 1592 5064 λόγοις
1619 4996 1667 5048 οἱ
1708 4993 1777 5048 δι’
1800 4995 1945 5047 ὲναν-

2055 4994 2310 5059 vidimus,
2336 4990 2679 5048 testamur“.
2713 5011 2731 5045 ι
2765 4991 2996 5049 Valeant
3027 4993 3195 5065 igitur
3219 4994 3433 5064 deliria,
3465 4997 3642 5053 faces-

363 5092 515 5159 ftia;.
552 5091 709 5143 Ἔστι
739 5089 849 5159 γὰρ
892 5088 954 5142 τὸ
996 5087 1140 5142 θεῖον
1187 5087 1348 5158 ἡμῶν
1397 5087 1700 5160 μυστήριον
1748 5083 1849 5137 οὐκ
1893 5084 1945 5136 ὲν

2061 5094 2185 5141 sant
2216 5096 2405 5139 omnes
2437 5082 2665 5139 inlirnue
2697 5084 2761 5137 ad
2795 5086 3228 5154 persuadendum
3272 5086 3485 5151 fabulae,
3520 5089 3639 5157 opis

374 5180 584 5244 πειθοῖς
611 5180 803 5251 σοφίας
829 5179 1177 5252 ἀνθρωπίνης
1206 5178 1408 5248 λόγοις,
1441 5176 1558 5232 ἀλλ’
1586 5178 1646 5229 ὲν
1674 5173 1945 5238 ἀποδείξει

2064 5176 2361 5243 nionesque
2393 5172 2564 5240 falsae,
2597 5187 2661 5228 ac
2691 5173 3093 5244 phaleratarum
3123 5176 3433 5231 vocularum
3469 5176 3643 5246 impo-

374 5272 720 5344 Πνεύματος.
1954 5314 1963 5323 ,
2068 5259 2233 5344 sturte
2258 5281 2274 5320 :
2301 5264 2434 5319 nihil
2463 5264 2607 5318 enim
2649 5265 2793 5334 quod
2826 5265 3210 5338 detrimentum
3242 5264 3440 5320 all‘erre
3481 5266 3642 5331 solet,

378 5341 743 5430 admittimus;
784 5363 998 5418 etiamsi
1059 5362 1354 5419 adversarii
1415 5359 1889 5417 exercitatissimis
1951 5341 2347 5427 acerrimisque
2400 5355 2704 5413 rationibus
2764 5372 2863 5413 nos
2926 5358 3280 5427 pulsaverint.
3342 5356 3437 5414 Est
3495 5359 3650 5414 enim

452 5519 500 5551 ”
540 5519 555 5571 Ι
588 5518 732 5574 Petr.
763 5533 842 5584 ιιι,
874 5516 959 5572 I9.
1038 5518 1083 5550 ⁸⁸
1122 5515 1229 5572 Isa.
1260 5526 1408 5582 x'th,
1438 5515 1493 5572 9.
1573 5514 1619 5547 "
1658 5514 1677 5567 Ι
1706 5515 1852 5570 Pctr.
1887 5529 1945 5569 ιιι

2050 5515 2092 5581 7,
2128 5511 2218 5569 18.
2298 5513 2341 5547 ⁸⁷
2382 5514 2538 5569 Jean.
2572 5529 2658 5579 ιιι,
2691 5514 2745 5567 9.
2826 5514 2870 5545 ⁸⁸
2911 5513 3039 5569 ibid.
3072 5513 3160 5568 11.

1472 5669 1646 5727 Varia:
1677 5669 1937 5725 lectiones
1969 5668 2174 5726 codicis
2199 5669 2561 5741 Segueiriani.
2659 5742 2662 5746 ἰ

461 5821 485 5851 τ
513 5811 574 5865 οὐ
601 5810 920 5878 παράδοξον.
998 5818 1020 5848 ³
1049 5809 1414 5882 ἀθαύμαστον.
1495 5812 1515 5850 ί
1547 5812 1915 5883 οἰκονομικήν.
1990 5818 2018 5848 ιι
2050 5809 2354 5882 ῥηματίωνι
2430 5819 2459 5849 ν
2490 5811 2760 5881 κρατοῖενσ
