4060 6422
468 371 603 427 116⁸1

1427 361 1484 416 S.
1525 356 1807 417 CYRILLI
1847 352 2317 413 ALEXANDRINI
2355 353 2677 412 AliClllEP.

3584 352 3728 415 "03

466 481 705 535 divinum
723 477 830 536 hoc
861 484 1103 534 nostrum
1137 482 1561 541 sacramentum,
1594 489 1704 530 non
1740 472 1792 526 in
1856 467 2306 541 persuasibilibus
2368 468 2621 523 humanae
2691 466 2972 538 sapientia:
2998 468 3180 526 verbis
3214 488 3227 527 :
3260 472 3356 528 sed
3397 470 3452 527 in
3493 469 3729 544 Spiritus

463 572 778 627 ostensione
815 571 1048 641 positum
1070 568 1138 625 ".
1170 588 1188 621 ι

533 662 726 719 XXIV.
770 661 1087 732 Unigenitus
1116 662 1301 732 igitur,
1333 661 1425 732 qui
1449 669 1503 715 et
1535 659 1702 725 Deus,
1729 667 1786 713 et
1816 656 2035 713 univer-

2215 656 2337 710 ΚΝ.
2380 655 2513 722 Θεὸς
2555 650 2649 710 οὖν
2683 653 2968 726 ὑπάρχων,
3011 654 3107 708 καὶ
3165 654 3273 708 τῶν
3313 654 3451 709 ὅλων
3497 655 3726 727 Κύριος,

438 766 645 810 ‘snrum
699 754 999 810 secundum
1048 754 1365 824 Scripturas
1408 752 1670 808 Dominus
1721 759 1838 817 est,
1885 750 2043 806 nobis

463 846 715 915 apparuit
748 864 762 900 :
795 846 944 902 visus
973 855 1060 902 est
1094 847 1148 901 in
1185 855 1329 901 terra
1353 846 1423 913 ",
1451 854 1507 899 et
1535 845 1698 900 homo
1721 842 1919 910 factus,
1951 842 2038 899 his

461 938 549 1004 qui
593 940 648 992 in
693 937 934 993 tenebris
978 937 1356 1001 versabantur,
1407 934 1603 1000 illuxit,
1661 950 1770 988 non
1811 933 2044 1003 phanta-

460 1036 654 1094 smate,
697 1035 791 1083 aut
837 1038 1066 1084 externo
1107 1036 1313 1082 tantum
1366 1027 1675 1093 schemate,
1713 1026 1885 1082 absit!
1938 1027 2043 1082 hoc

460 1121 603 1173 enim
635 1121 858 1186 sentire,
888 1129 980 1174 aut
1006 1119 1208 1184 dicere,
1237 1129 1317 1174 est
1346 1128 1533 1189 aperte
1568 1118 1832 1173 insanire.
1859 1116 2044 1187 Neque

462 1224 678 1265 rursum
718 1223 814 1280 per
845 1210 927 1264 sui
976 1208 1349 1275 mutationem,
1389 1217 1481 1261 aut
1509 1208 1942 1275 conversionem,
1986 1209 2040 1263 in

462 1316 683 1357 carnem
729 1300 1153 1356 transformatus
1184 1300 1287 1370 21
1321 1311 1405 1355 est
1435 1318 1449 1354 :
1480 1298 1574 1354 Dei
1626 1300 1771 1355 enim
1802 1300 2040 1354 Verbum

460 1392 639 1447 omnis
687 1391 1004 1446 mutationis
1053 1404 1271 1461 expers,
1318 1407 1428 1446 uno
1478 1405 1694 1461 semper
1740 1391 2042 1459 eodemque

460 1482 622 1537 modo
668 1496 729 1537 se
767 1481 955 1537 habet.
999 1481 1186 1551 Neque
1232 1496 1472 1535 comvam
1525 1496 1648 1536 cum
1697 1492 1862 1536 carne
1909 1481 2039 1536 sub-

462 1573 720 1628 stantiam
747 1573 973 1627 sortitus
994 1581 1079 1627 est
1106 1589 1120 1624 :
1153 1573 1266 1642 ipse
1295 1586 1528 1641 namque
1569 1571 1889 1627 saeculorum
1919 1587 2043 1628 con-

459 1664 604 1718 ditor
639 1672 747 1719 est.
786 1661 976 1734 Neque
1016 1664 1373 1733 hypostaseos
1400 1678 1608 1727 exsors,
1642 1671 1699 1718 ut
1732 1678 1914 1718 sermo
1949 1673 2043 1717 aut

460 1757 661 1811 nudum
689 1765 898 1810 tantum
934 1755 1275 1824 simplexque
1304 1755 1551 1819 verbum,
1576 1755 1719 1824 quod
1747 1754 1799 1808 in
1824 1754 2041 1808 homine

460 1849 783 1904 inhabitavit
813 1867 826 1903 :
859 1865 983 1903 nam
1016 1848 1104 1917 qui
1154 1863 1215 1902 ea
1259 1863 1380 1917 qua:
1423 1864 1528 1901 non
1565 1857 1712 1912 sunt,
1753 1856 1943 1901 evocat
1985 1856 2044 1900 ut

2145 748 2287 802 κατὰ
2328 749 2428 813 τὰς
2466 747 2725 820 Γραφὰς,
2771 749 2800 800 ὁ
2837 746 3187 818 Μονογενὴς,
3246 748 3517 818 ἐπέφανεν
3554 750 3728 820 ἡμῖν·

2144 835 2300 908 ὤφθη
2345 838 2455 910 γὰρ
2500 838 2594 891 ἐπὶ
2634 837 2774 908 γῆς,
2814 837 2910 890 καὶ
2943 836 3227 909 ἐπέλαμψε
3270 840 3384 903 τοῖς
3404 840 3486 897 ,ἐν
3523 840 3726 902 σκότει.

2143 929 2432 1000 γενόμενος
2455 928 2740 1001 ἄνθρωπος
2763 968 2779 996 ,
2804 929 2865 982 οὐ
2898 927 3114 999 δοκήσει
3136 968 3152 996 ,
3185 928 3260 1001 μὴ
3283 929 3524 998 γένοιτοῐ
3560 931 3728 1000 μανία

2144 1019 2254 1092 γὰρ
2283 1020 2441 1074 τοῦτό
2473 1038 2536 1089 γε
2566 1022 2805 1092 φρονεῖν,
2832 1020 2865 1090 ἢ
2894 1020 3075 1090 λέγειν
3100 1037 3113 1050 ·
3143 1021 3268 1074 οὔτε
3299 1021 3406 1093 μὴν
3435 1024 3517 1086 εἰς
3549 1023 3730 1093 σάρκα

2145 1111 2501 1183 παρενεχθεὶς
2526 1110 2670 1166 κατὰ
2712 1112 3067 1182 μετάστασιν,
3101 1112 3134 1183 ἢ
3165 1113 3405 1184 τροπήν·
3428 1112 3725 1167 ἀναλλοίω-

2144 1222 2236 1270 τος
2268 1206 2377 1277 γὰρ
2419 1206 2509 1260 ἀεὶ
2542 1206 2685 1260 κατὰ
2709 1205 2771 1260 τὸ
2809 1205 2941 1259 αὐτὸ
2987 1206 3082 1259 καὶ
3126 1205 3388 1270 ὡσαύτως
3431 1204 3570 1277 ἔχων
3605 1207 3635 1258 ό
3661 1205 3728 1259 ὲκ

2145 1299 2279 1353 Θεοῦ
2310 1300 2500 1367 Λόγος.
2546 1298 2686 1352 Ἀλλ’
2716 1298 2840 1352 οὐδὲ
2869 1299 3167 1369 ὀμόχρονον
3190 1302 3256 1371 τῇ
3292 1299 3456 1370 σαρκὶ
3482 1299 3581 1371 τήν
3619 1299 3727 1353 ῦπ-

2145 1389 2302 1462 αρξιν
2330 1389 2470 1460 ἔχων
2495 1405 2506 1417 ”
2542 1389 2705 1454 αὐτὸς
2745 1391 2845 1462 γάρ
2872 1393 2988 1444 ἐστι
3020 1390 3129 1443 τῶν
3159 1389 3371 1444 αἰώνων
3405 1392 3433 1444 ό
3460 1390 3724 1463 Ποιητής.

2146 1481 2285 1535 Οῦτε
2313 1482 2419 1551 μὴν
2444 1480 2521 1544 ὡς
2544 1479 2702 1547 λόγος
2731 1480 3126 1547 ἀνυπόστατος,
3154 1481 3273 1535 οὐδὲ
3295 1481 3371 1545 ὡς
3394 1482 3546 1554 ῥῆμα
3568 1483 3728 1553 ψιλὸν

2146 1576 2204 1627 ἐν
2239 1571 2515 1642 ἀνθρώπῳ
2541 1570 2763 1640 γεγονός
2779 1579 2805 1607 ι
2829 1589 2842 1601 ·
2868 1572 2896 1623 ὁ
2930 1571 3037 1642 γάρ
3066 1588 3148 1624 τοι
3174 1570 3352 1625 καλῶν
3378 1571 3445 1625 τὰ
3470 1573 3570 1625 οῦκ
3594 1572 3727 1627 ὄντα

2148 1664 2278 1717 ποτὲ
2357 1662 2494 1735 πρὸς
2550 1661 2785 1733 ὓπαρξιν
2850 1662 2947 1717 καὶ
3003 1663 3251 1732 γένεσιν.
3308 1666 3726 1735 προῦφέστηκεν

2145 1755 2495 1824 ἀναγκαίωςο
2545 1754 2710 1817 αὐτὸς
2752 1754 2862 1826 γάρ
2893 1755 3040 1807 ἐστιν
3091 1756 3124 1825 ἠ
3170 1754 3321 1823 ζωὴ,
3356 1755 3612 1824 πεφηνὼς
3659 1758 3726 1810 ἐκ

2146 1848 2292 1918 ζωῆς
2329 1846 2423 1900 τοῦ
2456 1844 2592 1899 Θεοῦ
2628 1844 2722 1899 καὶ
2754 1845 2968 1916 Πατρός
2989 1883 3004 1909 ,
3035 1845 3187 1909 όντος
3213 1862 3272 1899 τε
3300 1846 3392 1899 καὶ
3430 1848 3725 1916 νοουμένου

460 1944 569 1998 sint
616 1951 672 1996 et
714 1941 1003 2005 exsistant,
1062 1940 1108 1993 is
1156 1940 1466 1993 necessario
1511 1940 1840 2009 prmexsistit
1872 1958 1887 1996 :
1923 1940 2035 2010 ipse

2148 1940 2267 1992 κατ’
2315 1938 2448 1991 ἱδέαν
2496 1937 2814 1991 ὑπόστασιν.
2855 1937 2996 1990 Ἀλλ’
3034 1938 3155 1990 οὐδὲ
3191 1938 3362 2009 μόνην
3410 1938 3728 2010 ἠμπέσχετο

459 2034 603 2088 enim
655 2042 738 2089 est
783 2033 888 2087 vita
925 2046 993 2086 ex
1043 2030 1149 2085 vita
1209 2031 1320 2085 Deo
1365 2028 1528 2084 Patre
1577 2033 1900 2099 procedens,
1945 2009 2035 2101 qui

2149 2030 2326 2101 σάρκα
2354 2029 2531 2101 ψυχῆς
2563 2030 2779 2100 ἐρήμην
2816 2027 2917 2097 τῆς
2961 2028 3215 2099 λογικῆς·
3257 2009 3578 2100 γεγέννηται
3617 2030 3727 2102 γὰρ

459 2124 678 2196 quidem
726 2124 1024 2179 secundum
1062 2124 1341 2193 propriam
1390 2123 1704 2192 hypostasin
1756 2131 1811 2176 et
1856 2130 1940 2177 est
1983 2134 2039 2178 et

460 2215 797 2286 intelligitur.
834 2214 941 2269 Sed
978 2228 1153 2283 neque
1191 2229 1410 2269 carnem
1442 2227 1680 2282 quoque,
1706 2227 1826 2281 qua:
1855 2212 2035 2267 anima

457 2307 668 2363 ratione
702 2308 926 2377 praedita
965 2314 1204 2371 vacaret,
1237 2305 1411 2359 induit
1439 2304 1914 2374 :qoandoquidern
1958 2304 2036 2358 vi-

453 2412 578 2450 vum
620 2396 751 2451 illud
793 2397 1228 2465 subsistensqoe,
1276 2410 1341 2450 ac
1371 2395 1479 2450 Deo
1505 2394 1656 2449 Patri
1698 2403 2029 2449 comternnm

452 2488 595 2543 Deus
619 2486 858 2543 Verbum
889 2489 1076 2543 servili
1119 2487 1293 2541 ferina
1323 2495 1597 2558 suscepta,
1646 2500 1776 2540 vere
1807 2501 1874 2539 ex
1919 2502 2038 2537 inu-

452 2581 585 2635 liere
633 2590 841 2647 natum,
889 2589 943 2635 et
978 2580 1139 2634 homo
1182 2578 1385 2635 factum
1435 2587 1553 2643 est,
1589 2587 1778 2645 estque
1809 2577 2037 2647 perinde

445 2671 752 2741 perlectum
806 2671 860 2724 in
906 2670 1249 2725 humanitate
1279 2685 1346 2726 ac
1391 2670 1445 2724 in
1480 2670 1702 2724 doitate.
1747 2666 1861 2721 Non
1895 2668 2035 2722 enim

452 2779 518 2817 ex
567 2761 683 2818 sola
728 2777 893 2817 carne
939 2770 995 2815 et
1044 2761 1265 2827 deitate,
1316 2762 1410 2816 sed
1452 2775 1517 2815 ex
1551 2758 1791 2829 perlecta
1841 2758 2036 2812 huma-

2150 2121 2291 2176 κατὰ
2319 2121 2576 2193 ἀλήθειαν
2606 2122 2668 2173 ὲκ
2702 2119 2981 2189 γυναικὸς,
3016 2121 3110 2173 καὶ
3142 2120 3385 2189 πέφηνεν
3414 2119 3724 2191 ἄνθρωπος,

2149 2212 2177 2263 ὁ
2201 2211 2309 2274 ζῶν
2337 2212 2433 2264 καὶ
2465 2212 2749 2284 ὑπάρχων,
2766 2212 2860 2264 καὶ
2892 2211 3161 2274 συναῖδιος
3183 2210 3260 2281 τῷ
3289 2210 3409 2282 Θεῷ
3440 2211 3533 2265 καὶ
3550 2212 3727 2284 lla-:91

2148 2303 2280 2366 Θεὸς
2304 2304 2498 2371 Λόγος,
2544 2303 2757 2375 μορφὴν
2777 2302 2963 2356 δούλου
2995 2302 3175 2356 λαϐὼν
3195 2321 3208 2335 ·
3243 2304 3337 2356 καῖ⁵
3366 2303 3511 2357 ἔστιν
3535 2302 3726 2376 ὥσπερ

2141 2393 2199 2444 ὲν
2236 2391 2452 2464 θεότητι
2502 2393 2750 2460 τέλειος,
2797 2392 2942 2446 οὕτω
2975 2393 3068 2446 καὶ
3112 2393 3171 2445 ὲν
3214 2393 3595 2466 ἁνθρωπότητι
3635 2396 3726 2448 τέ·-

2141 2483 2316 2546 λειος’
2356 2483 2457 2536 οὐκ
2499 2486 2563 2536 ὲκ
2617 2483 2782 2555 μόνης
2831 2483 3082 2554 θεότητος
3128 2483 3223 2537 καὶ
3270 2484 3470 2556 σαρκὸς
3515 2487 3594 2550 εἰς
3627 2485 3727 2539 ἕνα

2143 2574 2381 2646 Χριστὸν
2430 2575 2527 2628 καὶ
2558 2575 2765 2647 Κύριον
2810 2576 2906 2629 καὶ
2938 2576 3067 2629 Υἱὸν
3100 2576 3476 2647 συγκείμενος,
3512 2576 3628 2631 ἀλλ’
3659 2578 3726 2630 ἐκ

2141 2668 2289 2721 δυοῖν
2336 2667 2589 2732 τελείοιν,
2631 2666 3031 2738 ἀνθρωπότητα
3060 2668 3124 2740 δὴ
3153 2667 3297 2736 λέγω
3342 2669 3437 2723 καὶ
3467 2667 3722 2740 θεότητα,

2143 2762 2223 2824 εἰς
2251 2760 2349 2813 ἕνα
2375 2760 2467 2813 καὶ
2495 2759 2585 2812 τόν
2612 2758 2773 2813 αὑτὸν
2802 2759 3121 2831 παραδόξως
3154 2758 3528 2830 συνεσόμενος.

452 2859 623 2913 nitate
652 2866 707 2912 et
741 2858 1026 2913 divinitate
1056 2857 1109 2913 in
1157 2872 1322 2913 unum
1388 2858 1753 2927 eumdemque
1818 2854 2109 2910 Dominum
2150 2864 2206 2910 et
2247 2856 2443 2910 Filium
2496 2866 2552 2911 et
2598 2855 2879 2910 Christum
2927 2857 3232 2913 admirabili
3274 2861 3509 2929 quodam
3562 2857 3725 2914 modo

453 2952 756 3019 concrevit,
782 2951 1112 3021 coaluitquc.

526 3043 691 3101 XXV.
734 3046 802 3099 At
843 3045 931 3100 hic
980 3045 1352 3101 sciscitabitnr
1405 3045 1545 3102 forte
1578 3047 1848 3118 quispiam
1881 3070 1894 3104 :
1935 3063 2034 3103 cu-

446 3137 686 3206 jusmodi
737 3138 952 3192 tandem
982 3152 1134 3193 saera
1180 3138 1341 3210 Virgo
1367 3140 1615 3211 peperit,
1662 3139 2031 3204 hominemne,

2207 3044 2336 3097 KE’.
2393 3044 2540 3115 Ἰἰρεί
2570 3044 2625 3096 δέ
2656 3061 2761 3111 τις,
2791 3042 2933 3098 κατὰ
2964 3041 3026 3095 τὸ
3054 3041 3220 3105 εἰκός*
3253 3042 3385 3096 Τίνα
3412 3043 3473 3115 δὴ
3506 3038 3600 3097 οὖν
3630 3045 3724 3098 τέ-

2134 3152 2297 3188 τοκεν
2346 3136 2378 3205 ἡ
2431 3135 2562 3201 ἁγία
2598 3136 2915 3208 Παρθένοςς
2966 3135 3057 3188 τὸν
3101 3136 3407 3209 ἄνθρωπον,
3443 3138 3475 3209 ἢ
3519 3138 3611 3191 τὸν
3657 3142 3724 3193 ἐκ

451 3248 520 3285 an
554 3229 651 3284 Dei
686 3230 954 3286 Verbum?
985 3230 1083 3286 Cui
1107 3245 1207 3286 nos
1233 3209 1643 3301 respondemus,
1670 3230 1813 3286 istud
1844 3231 2035 3302 exqui-

2139 3225 2272 3279 Θεοῦ
2304 3226 2509 3294 Λόγον;
2543 3228 2728 3297 Φαμὲν
2765 3228 2822 3280 δὲ
2849 3229 3008 3298 ἡμεῖς
3028 3244 3041 3258 ·
3077 3228 3187 3280 Καὶ
3209 3227 3368 3281 τοῦτό
3397 3228 3460 3298 γέ
3498 3232 3647 3285 ἐστιν
3684 3234 3720 3301 ἠ

452 3337 597 3387 rere,
648 3322 778 3377 nihil
838 3322 985 3377 aliud
1045 3337 1190 3385 esse,
1240 3337 1401 3392 quam
1452 3337 1664 3390 errare,
1718 3331 1773 3378 et
1827 3337 1859 3377 a
1904 3337 2035 3379 vero

451 3415 791 3486 honestoque
824 3413 1036 3470 abduci.
1069 3412 1242 3469 Nemo
1277 3423 1400 3483 post
1426 3416 1683 3470 unionem
1710 3415 2031 3472 divisionem

454 3505 584 3560 inihi
641 3506 845 3575 lingat;
918 3519 1093 3573 neque
1163 3501 1575 3559 Emmanuelem
1637 3503 1694 3558 in
1756 3504 2032 3558 hominem

452 3611 740 3662 seorsum,
785 3606 838 3650 et
887 3595 943 3650 in
992 3593 1162 3648 Deum
1215 3610 1465 3650 seorsum
1515 3596 1853 3666 dispescens,
1899 3597 2033 3652 duas

448 3702 711 3759 personas
757 3686 1006 3741 eli'ormet
1032 3704 1044 3740 :
1073 3701 1139 3742 ne
1180 3687 1306 3757 quis
1346 3688 1594 3743 meritam
1640 3688 1795 3743 vobis
1826 3686 2028 3760 [nobis]

450 3787 639 3833 notam
693 3777 891 3840 inurat,
954 3785 1210 3845 tanquam
1252 3776 1343 3847 qui
1394 3777 1529 3831 nihil
1580 3786 1786 3832 rectum
1836 3790 2031 3847 sapere

447 3868 745 3926 instituatis
771 3866 1187 3940 [instituamus],
1215 3867 1309 3923 sed
1341 3869 1393 3923 id
1428 3867 1601 3924 solum
1636 3868 1779 3938 quod
1808 3882 1906 3937 per
1942 3867 2028 3923 di-

447 3963 605 4019 vinas
642 3962 958 4031 Scripturas
991 3960 1414 4017 condemnatum
1446 3970 1551 4016 est.
1596 3959 1748 4017 Unus
1783 3961 1927 4015 enim
1959 3975 2029 4017 ex

447 4053 648 4109 Christi
694 4053 979 4135 discipulis
1012 4052 1131 4107 ait:
1169 4071 1187 4105 ι
1224 4051 1354 4118 Vos,
1390 4052 1725 4120 charissimi,
1755 4066 2028 4108 memores

446 4152 621 4198 estote
666 4143 980 4210 verborum,
1028 4159 1148 4213 quae
1188 4144 1447 4214 prmdiCta
1487 4153 1613 4201 sunt
1662 4144 1732 4200 ab
1769 4142 2028 4214 apostolis

448 4234 660 4289 Domini
715 4236 883 4290 nostri
933 4234 1065 4289 Jesu
1111 4233 1341 4301 Christi,
1404 4236 1496 4305 qui
1546 4235 1801 4290 dicebant
1849 4233 2025 4300 vobis,

445 4324 705 4396 quoniam
754 4325 807 4379 in
857 4324 1170 4382 novissimis
1198 4325 1531 4396 temporibus
1571 4326 1791 4380 venient
1838 4324 2026 4379 illuso-

447 4434 558 4482 res,
595 4418 893 4474 secundum
924 4416 1194 4475 desideria
1230 4434 1328 4475 sua
1358 4418 1704 4474 ambulantes
1739 4418 1793 4472 in
1840 4417 2028 4488 impie.

447 4510 664 4566 tatibus.
712 4508 777 4565 lli
816 4510 1061 4580 suntqui
1104 4518 1415 4581 segregant,
1447 4509 1736 4574 animales,
1770 4509 2021 4579 spiritum

447 4614 552 4652 non
589 4599 938 4655 habentes“.
979 4618 998 4651 ι
1044 4598 1201 4655 Nullo
1251 4599 1435 4669 itaque
1478 4600 1635 4655 modo
1683 4600 2020 4671 segregatio-

2136 3317 2425 3388 πλάνησις,
2461 3320 2556 3372 καὶ
2586 3319 2646 3371 τὸ
2672 3319 2979 3389 ἁμάρτημα
2992 3327 3019 3366 ϊ
3051 3318 3146 3371 τοῦ
3192 3319 3494 3389 πρέποντάς
3527 3338 3587 3374 τε
3623 3324 3724 3377 καὶ

2133 3410 2389 3482 ἀληθοῦς.
2419 3411 2511 3481 Μὴ
2546 3412 2654 3482 γάρ
2684 3428 2775 3481 μοι
2807 3411 2984 3483 διέλῃς
3024 3411 3162 3482 μετὰ
3206 3411 3305 3483 τὴν
3336 3412 3549 3479 ἕνωσιν,
3580 3414 3723 3485 μηῶ

2133 3503 2342 3568 διιστὰς
2375 3505 2455 3567 εἰς
2476 3503 2764 3575 ἄνθρωπον
2797 3503 3041 3567 ἰδικῶςι,
3078 3505 3172 3557 καὶ
3199 3507 3280 3568 εἰς
3308 3505 3463 3570 Θεὸν,
3489 3506 3722 3578 διπρόσ-

2133 3610 2281 3646 ωπον
2328 3594 2463 3664 ἡμῖν
2505 3592 2784 3647 ἀνατύπου
2834 3593 2925 3647 τὸν
2966 3595 3346 3665 Ἐμμανουήλο
3378 3596 3454 3668 μὴ
3489 3596 3597 3667 ἄρα
3634 3616 3725 3662 τις

2133 3687 2266 3756 ἡμῖν
2291 3697 2315 3726 α
2349 3686 2576 3749 εἰκότως
2603 3686 3042 3756 διαμωμήσαιτο,
3077 3689 3294 3757 φρονεῖν
3317 3687 3597 3758 ἑλομένοις
3626 3689 3721 3761 ὀρ.

2133 3777 2224 3832 θὸν
2259 3779 2357 3849 μὲν
2387 3779 2563 3843 οὐδὲν,
2585 3780 2761 3831 ἐκεῖνο
2783 3779 2840 3832 δὲ
2877 3778 3100 3849 μᾶλλον,
3131 3779 3160 3832 ὃ
3190 3780 3284 3833 καὶ
3311 3779 3400 3833 διὰ
3426 3780 3526 3850 τῆς
3555 3781 3715 3849 ἁγίας

2133 3868 2505 3940 κατεδικάσθη
2559 3870 2598 3922 Γ
2605 3870 2805 3941 ραιρῆς.
2843 3863 2969 3923 Ὧδε
3014 3872 3123 3942 γάρ
3176 3888 3261 3934 τις
3318 3871 3422 3942 ἔφη
3469 3872 3579 3925 τῶν
3619 3871 3716 3925 τοῦ

2132 3960 2371 4032 Χριστοῦ
2401 3961 2659 4037 μαθητῶν
2682 3978 2693 3990 ·
2729 3981 2746 4012 ι
2791 3961 2978 4031 Ὑμεῖς
3011 3962 3089 4025 δὲ,
3113 3964 3408 4034 ἀγαπητοὶ,
3435 3962 3718 4034 μνήσθητε

2129 4051 2239 4105 τῶν
2262 4053 2528 4123 ῥημάτων
2558 4051 2668 4105 τῶν
2701 4053 3117 4125 προειρημένων
3138 4055 3243 4108 ὑπὸ
3270 4054 3380 4109 τῶν
3399 4055 3719 4110 ἀποστόλων

2128 4142 2222 4197 τοῦ
2255 4143 2460 4213 Κυρίου
2489 4142 2649 4213 ἡμῶν
2693 4144 2867 4214 Ἰησοῦ
2917 4144 3180 4216 Χριστοῦ,
3220 4146 3302 4198 ὅτι
3344 4146 3530 4215 ἔλεγον
3561 4147 3716 4217 ὑμῖν,

2129 4238 2211 4291 ὅτι
2261 4238 2350 4291 ἐπ’
2371 4237 2601 4308 ἐσχάτου
2644 4237 2754 4291 τῶν
2783 4237 2989 4309 χρόνων
3035 4237 3345 4291 ἐλεύσονται
3380 4239 3437 4292 ὲν
3470 4240 3721 4308 ἐμπαιγ-

2131 4333 2265 4402 μονῇ
2306 4332 2635 4402 ἐμπαῖκται,
2688 4330 2830 4384 κατὰ
2862 4331 2960 4393 τὰς
3021 4330 3234 4385 ἑαυτῶν
3276 4331 3571 4403 ἐπιθυμίας
3614 4348 3718 4387 πο-

2135 4421 2422 4491 ρευόμενοι
2451 4420 2562 4473 τῶν
2586 4419 2873 4473 ἀσεϐειῶν.
2906 4414 3064 4474 Οὗτοί
3093 4422 3229 4474 εἰσιν
3262 4421 3312 4474 οἱ
3336 4420 3713 4492 ἀποδιορίζον-

2127 4529 2240 4577 τες,
2272 4511 2514 4582 ψυχικοῖ,
2556 4511 2775 4582 πνεῦμα
2802 4512 2879 4582 μὴ
2909 4512 3143 4583 ἔχοντες.
3167 4531 3188 4565 ι
3213 4514 3287 4566 Οὐ
3308 4514 3602 4585 διοριστέον
3616 4509 3714 4568 οὖν

2127 4605 2241 4676 ἄρα
2264 4605 2386 4657 κατ’
2411 4604 2602 4657 οὐδένα
2630 4604 2854 4674 τρόπον,
2883 4604 2991 4656 εἴτε
3018 4603 3097 4657 δεῖ
3123 4603 3360 4674 μάλιστα
3388 4606 3458 4659 τὰ
3486 4604 3579 4658 δύο
3600 4624 3709 4675 φα-

445 4706 568 4745 nem
623 4692 923 4747 concedere
967 4689 1051 4747 fas
1101 4699 1204 4755 est,
1251 4691 1379 4746 licet
1428 4700 1551 4761 post
1609 4692 1866 4746 unionem
1919 4694 2026 4746 duo

2139 4695 2286 4765 νῆναι
2328 4696 2469 4765 μετὰ
2517 4696 2616 4763 τὴν
2669 4694 2884 4759 ἕνωσιν,
2944 4693 3038 4747 καὶ
3090 4693 3195 4747 ἀνὰ
3250 4696 3410 4767 μέρος
3444 4696 3710 4768 ἑκάτερον

446 4797 707 4853 apparere
733 4782 987 4849 debeant,
1021 4792 1077 4838 et
1106 4782 1361 4837 distincte
1388 4783 1460 4838 sit
1492 4791 1782 4852 utrumque
1822 4782 2027 4837 intelli-

2139 4789 2285 4840 νοεῖν.
2336 4785 2532 4840 Ἰστέον
2560 4782 2673 4851 οῦν,
2717 4786 2798 4838 ὅτι
2834 4784 3031 4856 θεωρεῖ
3061 4785 3164 4855 μέν
3192 4802 3314 4839 τινα
3350 4786 3563 4855 φύσεων
3594 4788 3711 4844 δια-

443 4874 700 4943 gendum.
751 4874 1015 4940 Quocirca
1067 4876 1370 4940 sciendum,
1417 4875 1761 4931 considerari
1807 4875 2022 4946 quidem

2139 4879 2300 4951 ρορὰν
2328 4882 2357 4931 ὁ
2393 4879 2516 4941 νοῦς
2536 4896 2549 4909 ·
2582 4878 2777 4932 ταυτὸν
2809 4879 2916 4949 γὰρ
2948 4876 3066 4931 οῦτι
3116 4896 3214 4931 που
3242 4877 3494 4947 θεότητός
3525 4897 3584 4932 τε
3614 4882 3712 4935 καὶ
3792 4908 3797 4911 λ

446 4968 513 5017 ab
545 4964 820 5020 intellectu
854 4967 1143 5036 quamdam
1166 4975 1485 5022 naturarum
1518 4966 1877 5023 diﬂerentiam
1901 4965 2019 5038 (ne-

2139 4968 2619 5040 ὶνθρωπότητοςὺο
2655 4968 2955 5033 εἰσδέξεται
2998 4968 3055 5021 δὲ
3096 4968 3231 5039 ὁμοῦ
3277 4973 3396 5034 ταῖς
3433 4972 3559 5042 περὶ
3587 4977 3710 5025 τοῦ·

442 5072 547 5123 que
578 5056 721 5111 enim
748 5066 831 5111 est
854 5057 1044 5112 eadem
1070 5058 1286 5114 deitatis
1311 5067 1365 5114 et
1398 5058 1754 5114 humanitatis
1775 5057 2018 5127 natura),

2139 5077 2234 5113 των
2261 5060 2490 5124 ἐννοίαις
2522 5061 2617 5112 καὶ
2644 5060 2741 5131 τὴν
2766 5062 2972 5131 ἀμφοῖν
3012 5062 3090 5123 εἱς
3126 5061 3351 5132 ἑνότητα
3379 5062 3704 5133 συνδρομήν.

440 5148 535 5201 sed
581 5162 685 5201 una
719 5162 841 5202 cum
886 5149 991 5205 hac
1039 5150 1480 5204 consideratione
1509 5150 1784 5220 percipiet
1816 5149 2022 5203 utrius-

2139 5148 2340 5203 Οὐκοῦν
2385 5150 2559 5213 Θεδςο
2607 5150 2711 5222 μὲν
2757 5150 2920 5220 ἐξέφυ
2956 5151 3049 5203 τοῦ
3085 5151 3297 5223 Πατρὸς
3335 5151 3411 5215 ὼς
3450 5153 3615 5217 Θεὸς,
3647 5157 3710 5208 ἐκ

441 5255 544 5307 que
580 5253 908 5296 concursum
938 5240 1006 5295 ad
1035 5240 1311 5294 unionem.
1350 5239 1500 5296 Unus
1536 5246 1719 5311 itaque
1746 5250 1832 5297 est
1858 5240 2022 5297 Chri-

2139 5241 2408 5312 Παρθένου
2455 5242 2512 5295 δὲ
2560 5243 2866 5313 ἄνθρωπος.
2916 5240 2975 5295 '0
3025 5242 3135 5314 γὰρ
3184 5245 3248 5296 ὲκ
3309 5243 3443 5296 Θεοῦ
3496 5244 3711 5314 Πατρός

498 5394 555 5424 ’⁸
596 5392 616 5446 ι
647 5390 772 5448 Cor.
804 5406 863 5456 tt,
895 5390 949 5445 4.
1029 5392 1073 5423 ⁷ο
1114 5391 1325 5449 Baruch
1356 5409 1436 5463 ιη,
1469 5394 1558 5451 58.
1637 5395 1681 5426 ἰ
1723 5393 1845 5450 Jud.
1880 5396 2058 5451 17-19.

1536 5548 1708 5605 Variae
1738 5552 1998 5608 lectiones
2040 5551 2244 5609 codicis
2274 5552 2632 5624 Seguieriani.

506 5701 538 5732 ι
569 5693 826 5768 γεγονώς.
889 5703 929 5768 _I
959 5694 1244 5768 ἁμαρτεῖν.
1360 5702 1382 5729 ι
1415 5688 1654 5760 ἀληθῶν,
1687 5693 1777 5747 καὶ
1804 5693 1881 5757 εἰς
1907 5692 2027 5749 θεὸν
2065 5693 2223 5764 λόγον
2256 5694 2458 5759 ἰδικῶς.
2535 5753 2545 5763 ,
2573 5706 2591 5727 ⁸
2615 5696 2699 5751 τσ.
2739 5697 2885 5766 ὑμῖν.
3004 5699 3029 5738 ιι
3068 5699 3152 5752 ἷσ.
3188 5698 3376 5768 θεότης
3409 5715 3463 5751 τε
3494 5700 3586 5751 καὶ
3608 5701 3702 5750 ὰνο

440 5757 746 5831 θρωπότης.
826 5774 846 5799 ε
881 5757 1037 5815 Θεοῦ.
1079 5757 1089 5765 ’
1381 5784 1393 5795 ’
