4060 6416
364 436 505 495 H69

1318 437 1407 493 DE
1443 438 1675 498 RECTA
1712 440 1871 498 FIDE
1912 443 2005 499 AD
2046 443 2499 504 TllEODOSIUM
2533 443 2672 502 IMP.

3478 442 3617 499 H70

359 558 691 630 ἀπορρἠως
724 557 818 613 καὶ
848 558 989 629 ὑπὲρ
1020 558 1145 614 νοῦν
1169 559 1492 632 ἀναλάμψας
1517 565 1709 633 Λόγος,
1743 583 1923 637 γεγεν·

2038 578 2173 635 stus,
2222 569 2313 640 qui
2347 569 2566 639 quidem
2618 582 2684 623 ex
2721 565 2828 622 Deo
2866 563 3029 620 Patre
3061 561 3319 620 'naseitur
3349 572 3408 619 ut
3451 563 3614 630 Deus,

358 650 558 720 νῆσθαι
596 644 812 718 πέτεται
844 652 909 705 ἐκ
950 652 1239 721 γυναικὸς,
1286 658 1699 727 καταφοιτήσας
1737 659 1796 713 ὲν
1846 661 1943 717 ἀν-

356 739 705 813 θρωπότητι,
735 743 829 796 καὶ
857 742 1046 807 καθεὶς
1076 744 1268 800 ἑαυτὸν
1296 747 1377 810 είς
1403 747 1541 819 ὅπερ
1572 749 1673 803 οὐκ
1700 744 1770 821 ἦν
1790 767 1805 782 ’
1840 754 1937 824 οὐχ

358 830 449 886 In
478 832 638 905 μείνῃ
665 834 1058 904 κεκενωμένος,
1089 835 1205 889 ἀλλ’
1233 836 1321 891 ἵνα
1343 837 1475 903 Θεὸς
1513 835 1649 894 εῖναι
1676 842 1937 915 πιστεύη-

354 940 485 987 ται,
522 924 616 978 καὶ⁵
644 926 702 979 ἐν
732 926 861 979 εῖδει
888 925 966 997 τῷ
1010 927 1132 981 καθ’
1177 931 1326 1001 ἡμᾶς
1355 931 1615 1003 πεφηνὼς
1658 934 1752 988 ἐπὶ
1794 938 1933 1006 γῆς,

351 1019 455 1089 οὐχ
477 1018 552 1082 ὡς
579 1020 638 1073 ἐν
662 1020 937 1092 ἀνθρώπῳ
964 1024 1318 1094 κατοικήσας,
1348 1025 1466 1080 ἀλλ’
1497 1027 1575 1090 ὡς
1599 1028 1761 1093 αὐτὸς
1792 1029 1936 1084 κατά

353 1110 657 1181 ἀλήθειανά
706 1112 995 1184 ἄνθρωπος
1026 1116 1286 1185 γεγονὼς,
1336 1119 1477 1190 μετὰ
1513 1121 1611 1173 τοῦ
1657 1121 1756 1191 τὴν
1794 1121 1932 1179 ἰδίαν

353 1201 739 1258 ἀνασώσασθαι
786 1205 963 1271 δόξαν.
1014 1207 1125 1260 Καὶ⁵
1166 1207 1295 1276 γοῦν
1325 1211 1353 1263 ὁ
1392 1208 1678 1275 θεσπέσιος
1719 1212 1933 1279 Παῦλος

351 1293 426 1346 τά
452 1294 585 1347 πολὺ
615 1295 714 1365 τῆς
748 1296 992 1368 ἀλλήλων
1025 1299 1442 1370 ὀμοουσιότητος
1500 1301 1825 1374 διεστηκότα
1872 1322 1932 1359 τε

353 1383 451 1436 καὶ
494 1385 791 1455 ἀμετρήτῳ
819 1386 1053 1458 διαφορᾷ
1095 1388 1547 1461 διεσχοινισμένα,
1595 1391 1827 1463 θεότητά
1871 1411 1931 1447 τε

353 1474 450 1527 καὶ
473 1476 888 1548 ἀνθρωπότητα,
923 1477 1197 1548 συλλέγων
1224 1480 1306 1543 είς
1334 1480 1393 1534 ἓν
1424 1483 1805 1553 οἰκονομικῶς,
1838 1485 1931 1539 καὶ

349 1565 414 1632 ἐξ
437 1567 641 1638 ἀμφοῖν
670 1568 760 1621 τὸν
790 1567 886 1621 ἕνα
920 1568 1350 1640 κατασημαίνων
1381 1570 1616 1643 Χριστὸν
1659 1575 1753 1627 καὶ
1803 1574 1932 1630 Υίὸν

351 1658 447 1711 καὶ
472 1658 625 1725 Θεὸν,
685 1678 702 1710 ι
744 1659 957 1724 Παῦλος
982 1658 1190 1727 δοῦλος,
1237 1663 1423 1733 φησὶν,
1460 1662 1635 1731 Ἰησοῦ
1667 1665 1928 1734 Χριστοῦ,

349 1748 548 1821 κλητὸς
615 1750 948 1819 ἀπόστολος,
1002 1753 1387 1825 ἀφωρισμένος
1451 1757 1532 1819 είς
1599 1757 1928 1826 Εὑαγγέλιον

2039 662 2148 731 22
2179 676 2244 717 ex
2270 675 2427 716 sacra
2457 669 2635 716 autem
2659 658 2880 730 Virgine
2909 666 2969 713 ut
3005 657 3190 713 homo.
3236 655 3446 711 Etenim
3475 655 3616 709 idem

2040 752 2168 807 illud
2215 751 2449 809 Verbum
2498 751 2643 822 quod
2690 748 3055 821 inexplicabili
3098 749 3295 814 modo,
3346 760 3619 818 supraque

2038 856 2254 898 omnem
2305 843 2555 898 humanas
2610 840 2810 896 mentis
2867 849 3085 913 captum
3146 838 3316 894 eluxit
3379 853 3445 893 ex
3503 836 3617 893 Deo

2038 931 2219 1000 Patre,
2257 933 2308 987 in
2344 934 2640 988 humanam
2677 940 2929 987 naturam
2964 929 3321 996 descendens,
3366 937 3423 983 et
3462 928 3515 982 in
3560 928 3614 982 id

2038 1027 2183 1096 quod
2219 1041 2331 1083 non
2377 1036 2499 1083 erat
2546 1040 2607 1083 se
2654 1025 2957 1090 dimittens,
3005 1037 3077 1079 ex
3126 1020 3355 1077 muliere
3402 1034 3617 1091 quoque

2038 1118 2237 1174 dicitur
2272 1128 2458 1174 natum
2490 1138 2502 1173 :
2538 1132 2645 1174 non
2693 1132 2804 1188 quo
2838 1122 3086 1172 maneret
3125 1112 3487 1175 exinanitum,
3519 1110 3615 1166 sed

2036 1208 2181 1265 Deus
2227 1223 2351 1265 esse
2385 1208 2730 1274 crederetur,
2767 1215 3056 1278 postquam
3102 1203 3267 1260 etiam
3318 1203 3372 1258 in
3406 1210 3617 1257 naturae

2036 1306 2236 1354 nostra:
2262 1297 2435 1353 forma
2466 1298 2520 1353 in
2572 1298 2735 1353 terris
2778 1297 3030 1367 apparuit
3068 1313 3083 1350 :
3119 1310 3227 1350 non
3264 1303 3519 1363 tanquam
3565 1294 3615 1349 is

2035 1391 2127 1462 qui
2167 1391 2443 1447 hominem
2478 1390 2775 1457 inhabitet,
2808 1389 2902 1445 sed
2936 1394 3193 1459 tanquam
3240 1388 3287 1444 is
3318 1388 3408 1457 qui
3449 1386 3613 1442 homo

2034 1484 2212 1553 reipsa
2242 1484 2496 1548 exsistat,
2531 1482 2702 1554 gloria
2739 1489 2920 1537 tamen
2958 1494 3057 1536 sua
3094 1494 3318 1550 prorsus
3353 1478 3612 1534 incolumi

2033 1582 2089 1628 et
2113 1572 2285 1628 salva.
2318 1570 2660 1642 Quapropter
2689 1571 2906 1627 divinus
2934 1569 3134 1625 Paulus
3168 1568 3528 1637 divinitatem,
3558 1578 3637 1625 et,

2034 1664 2429 1720 humanitatem
2458 1703 2473 1728 ,
2531 1679 2651 1734 quae
2692 1663 2839 1735 quod
2894 1663 2962 1718 ad
3020 1672 3230 1718 natura;
3277 1661 3612 1719 identitatem

2034 1757 2253 1821 attinet,
2288 1755 2606 1826 longissimo
2638 1753 2950 1819 intervallo,
3003 1754 3377 1824 immensoque
3415 1752 3614 1809 discri-

347 1842 508 1910 Θεοῦ,
537 1843 566 1899 ὃ
600 1845 1073 1917 προεπηγγείλατο
1096 1846 1184 1900 διά
1208 1846 1318 1900 τῶν
1350 1847 1649 1921 προφητῶν
1678 1848 1844 1902 αὑτοῦ
1870 1850 1923 1902 ὲν

2036 1850 2181 1903 mine
2226 1864 2255 1902 a
2299 1863 2358 1903 se
2405 1855 2592 1901 mutuo
2624 1846 2851 1911 distant,
2898 1844 3302 1914 dispensatione
3348 1843 3404 1899 in
3445 1857 3613 1898 unum

347 1933 594 2004 Γραφαῖς
628 1912 977 2008 arietem-:91
999 1937 1094 1990 τοῦ
1123 1936 1255 1991 Υἰοῦ
1284 1912 1483 2002 αὑτοῦ,
1503 1912 1598 1992 τοῦ
1626 1940 1923 2010 γενομένου

2036 1952 2254 2008 cogens,
2290 1946 2345 1992 et
2378 1951 2443 1992 ex
2489 1936 2741 2005 utrisque
2774 1948 2941 1989 unum
2985 1912 3285 1996 Christum,
3315 1931 3485 1987 Deum
3513 1930 3612 1987 Fi-

344 2024 414 2077 ικ
460 2025 776 2097 σπέρματος
827 2028 992 2083 Δαῦὶδ
1033 2029 1175 2083 κατά
1213 2029 1413 2101 σάρκα,
1465 2029 1560 2084 τοῦ
1615 2032 1927 2103 ὁρισθέντος

343 2110 480 2164 Υίοῦ
511 2112 647 2168 Θεοῦ
687 2117 746 2169 ὲν
783 2116 1052 2187 δυνάμει,
1095 2115 1238 2170 κατά
1280 2116 1496 2187 πνεῦμα
1526 2118 1861 2190 ἁγιωσύνης.
1898 2138 1917 2172 ι

356 2204 490 2259 Ἰδοὺ
512 2205 575 2276 δὴ
610 2206 798 2276 σαφῶς
825 2207 1134 2278 ἀφωρίσθαι
1162 2208 1328 2279 φησιν
1352 2210 1542 2263 ἑαυτὸν
1562 2210 1643 2273 είς
1673 2210 1922 2280 Εὐαγγέ-

339 2297 457 2350 λιον
477 2297 633 2364 Θεοῦ,
673 2300 851 2353 καίτοι
881 2301 1110 2370 γράφων
1143 2301 1469 2371 ἀναφανδόν*
1507 2320 1527 2353 ‹
1556 2304 1630 2356 Οὐ
1657 2302 1767 2375 γὰρ
1796 2305 1923 2357 ἑαυ-

337 2390 469 2453 τοὺς
496 2391 862 2462 κηρύσσομεν,
887 2392 1022 2446 ἀλλά
1047 2393 1283 2463 Χριστὸν
1313 2394 1540 2464 Ἰησοῦν·
1571 2415 1589 2447 ι
1621 2396 1716 2449 καὶ
1736 2394 1919 2448 πάλιν

344 2498 366 2533 ι
402 2481 477 2533 Οὐ
508 2481 617 2553 γὰρ
647 2482 838 2553 ἔκρινά
876 2501 928 2537 τι
962 2484 1160 2538 εἰδέναι
1188 2486 1244 2538 ἐν
1295 2486 1444 2553 ὑμῖν,
1476 2488 1525 2539 εἰ
1572 2486 1647 2557 μὴ
1688 2486 1923 2558 Χριστὸν

351 2574 585 2645 Ἰησοῦν,
619 2577 713 2629 καὶ
738 2575 927 2630 τοῦτον
958 2578 1396 2650 ἐσταυρωμένον.
1432 2598 1449 2629 ι

2033 2028 2164 2083 lium
2200 2037 2455 2083 constare
2502 2026 2822 2093 ostendens,
2851 2025 2926 2080 ita
2959 2024 3038 2079 ait
3073 2042 3087 2079 :
3124 2042 3143 2075 ι
3172 2022 3373 2077 Paulus
3421 2037 3612 2079 servus

2034 2119 2159 2176 Jesu
2191 2119 2417 2185 Christi,
2438 2129 2665 2174 vocatus
2694 2118 2992 2188 apostolus,
3020 2125 3335 2187 segregatus
3355 2115 3408 2169 in
3433 2113 3613 2168 Evan-

2030 2212 2227 2282 gelium
2284 2210 2399 2275 Dei,
2446 2209 2587 2280 quod
2637 2216 2762 2263 ante
2809 2206 3137 2277 promiserat
3184 2218 3284 2275 per
3319 2205 3614 2275 prophetas

2030 2319 2157 2359 suos
2192 2304 2246 2359 in
2275 2302 2577 2373 Scripturis
2620 2302 2828 2358 sanctis
2863 2301 2930 2356 de
2973 2298 3111 2355 Filio
3144 2313 3267 2364 suo,
3295 2297 3389 2368 qui
3432 2297 3612 2353 factus

2029 2406 2114 2450 est
2164 2395 2212 2450 ei
2270 2409 2337 2450 ex
2385 2394 2595 2449 semine
2647 2391 2819 2447 David
2872 2391 3172 2448 secundum
3226 2404 3471 2453 carnem,
3518 2390 3615 2458 qui

2029 2485 2444 2557 praedestinatus
2476 2494 2560 2539 est
2590 2483 2761 2537 Filius
2782 2480 2885 2538 Dei
2934 2482 2988 2537 in
3034 2481 3259 2545 virtute,
3308 2476 3611 2538 secundum

2030 2578 2287 2648 spiritum
2330 2576 2875 2633 sanctiﬁcationis".
2914 2594 2934 2628 ι
2988 2575 3130 2630 Ecce
3183 2574 3279 2628 tibi
3317 2581 3505 2642 aperte
3555 2570 3612 2625 in

334 2665 695 2735 Evangelium
746 2667 838 2722 Dei
891 2681 1233 2739 segregatum
1284 2671 1538 2727 aliirmat.
1584 2671 1746 2740 Atqui
1797 2670 1923 2726 alibi
1965 2671 2169 2726 diserte
2239 2669 2305 2724 ad
2351 2670 2494 2725 hunc
2543 2669 2762 2725 modum
2810 2668 3044 2724 scribit:
3078 2686 3097 2719 ι
3162 2666 3281 2722 Νοιι
3330 2681 3430 2721 nos
3468 2664 3614 2735 ipsos

336 2759 736 2827 prmdicamus,
784 2762 878 2815 sed
923 2764 1113 2818 Jesum
1161 2762 1440 2818 Christum
1463 2765 1531 2815 τ’.
1562 2781 1580 2815 ι
1635 2761 1871 2818 Rursum
1907 2780 1921 2817 :
1968 2780 1987 2815 ι
2023 2759 2398 2831 Nonjudicavi
2435 2776 2520 2817 me
2545 2759 2753 2831 aliquid
2812 2761 2954 2817 scire
3014 2761 3069 2816 in
3097 2760 3274 2826 vobis,
3304 2757 3609 2815 nisiJesum

355 2850 657 2918 Christum,
680 2865 734 2909 et
757 2856 900 2911 hunc
924 2855 1241 2910 crucifixum
1264 2856 1330 2910 ⁷³.
1371 2873 1390 2907 ι

410 2944 559 3010 K7.
601 2945 728 2999 Υἱὸν
752 2946 809 2999 δὲ
834 2946 996 2999 αὐτὸν
1040 2947 1316 3016 ὀνομάσας
1349 2945 1508 3011 Θεοῦ,
1538 2948 1635 3001 καὶ
1660 2947 1724 3000 ἐκ
1752 2946 1920 3019 σπέρ-

338 3049 513 3105 ματος
565 3035 661 3089 τοῦ
720 3036 883 3090 Δαὸὶδ
935 3037 1296 3106 γεγεννῆσθαί
1359 3053 1545 3107 φησιν,
1579 3038 1811 3110 ὡρίσθαι
1858 3055 1920 3092 τε

333 3126 733 3198 διισχυρίζεται
766 3129 858 3181 καὶ
888 3130 967 3192 εἰς
998 3130 1125 3182 Υἰὸν
1152 3129 1310 3183 Θεοῦ.
1354 3131 1478 3194 Πῶς
1505 3125 1619 3196 οῦν,
1648 3132 1771 3184 εἰπέ
1803 3148 1915 3203 μοι,

332 3216 471 3281 Θεὸς
513 3220 542 3272 ὁ
593 3220 657 3272 ἐκ
691 3220 1006 3292 σπέρματος
1035 3223 1244 3291 ἀναφῦς
1293 3220 1386 3275 τοῦ
1433 3223 1632 3289 Δαὸίδ;
1677 3225 1736 3277 Ὀ
1767 3224 1823 3277 δὲ
1855 3224 1920 3295 δὴ

333 3311 434 3364 καὶ
465 3312 570 3383 πρὸ
611 3311 844 3377 αἰώνων,
892 3313 987 3367 καὶ
1015 3313 1202 3378 ἀῐδίως
1238 3314 1380 3378 Υἱὸς,
1417 3315 1555 3369 καθὸ
1584 3317 1824 3387 πέφηνεν
1856 3319 1921 3371 ἐκ

330 3402 497 3469 Θεοῦ,
525 3404 648 3458 τίνα
678 3405 740 3476 δὴ
763 3404 967 3475 τρόπον
997 3407 1076 3469 εἰς
1098 3406 1227 3459 Υἱὸν
1246 3405 1455 3477 ὡρίσθη
1487 3406 1646 3474 Θεοῦ,
1665 3408 1921 3480 καθάπερ

331 3496 416 3559 είς
460 3495 633 3566 ἀρχὰς
655 3507 678 3536 θ
712 3497 807 3550 τοῦ
843 3498 1143 3566 ὑφεστάναι
1194 3497 1590 3568 παρενεχθείς;
1630 3498 1777 3569 Ἔφη
1810 3500 1922 3572 γὰρ

331 3586 497 3650 αὐτὸς
520 3589 647 3659 περὶ
677 3588 872 3642 ἑαυτοῦ
893 3606 905 3618 ο
936 3609 953 3640 ‹
980 3585 1116 3643 Είπε
1139 3590 1344 3659 Κύριος
1373 3589 1509 3662 πρός
1541 3605 1632 3661 με’
1664 3590 1793 3656 Υίός
1817 3609 1920 3663 μου

330 3673 388 3729 εἴ
434 3676 521 3743 σὺ,
571 3676 683 3745 ἐγὼ
732 3679 975 3751 σήμερον
1019 3680 1326 3750 γεγέννηκά
1367 3696 1449 3733 σε.
1494 3698 1513 3731 ι
1566 3680 1742 3734 καίτοι
1785 3679 1918 3746 τοῦ,

329 3767 623 3838 σήμερον,
656 3770 862 3834 ἀείπως
889 3772 1024 3841 ἡμῖν
1051 3772 1149 3841 οὐχ
1172 3772 1255 3824 ὅτι
1285 3772 1376 3825 τὸν
1407 3772 1805 3843 παρῳχηκότα,
1827 3771 1921 3826 τὸν

329 3860 607 3915 ἐνεστῶτα
637 3861 692 3914 δὲ
726 3861 927 3931 μᾶλλον
950 3863 1388 3936 καταδηλοῦντος
1417 3865 1632 3934 καιρόν.
1669 3865 1815 3919 Βαθὺ
1853 3866 1916 3919 τὸ

333 3954 657 4025 μυστήριον,
705 3954 845 4008 ἀλλά
890 3957 1003 4018 τοῖς
1054 3956 1153 4025 μὲν
1197 3954 1305 4008 ἀνὰ
1354 3956 1520 4028 μέρος
1567 3955 1765 4009 τιθεῖσι
1822 3956 1920 4009 καὶ

326 4044 625 4118 διορίζουσι
652 4046 976 4116 δυσέφικτόν
1000 4062 1060 4098 τε
1086 4047 1181 4112 καὶ
1210 4046 1416 4117 ἄπορον
1441 4045 1679 4117 ἀληθῶς.
1706 4047 1832 4109 Τοῖς
1853 4062 1918 4115 γε

331 4140 445 4212 μὴν
496 4140 577 4204 εἱς
633 4139 862 4211 ἑνότητα
909 4140 1349 4208 κατασφίγγουσι
1400 4140 1493 4194 τὸν
1543 4140 1915 4211 Ἐμμανουήλ,

330 4230 502 4300 ἐγγύς
529 4248 589 4283 τε
624 4231 765 4284 ἑλεῖν
822 4231 917 4285 καὶ
962 4229 1289 4302 ὲτοιμοτάτη
1339 4229 1460 4283 λίαν
1510 4231 1544 4301 ἡ
1595 4230 1705 4283 τῶν
1756 4230 1919 4299 ἱερῶν

326 4322 616 4393 δογμάτων
647 4322 1030 4394 ἀκιϐδήλευτος
1081 4319 1302 4389 γνῶσις.
1339 4321 1400 4372 '0
1429 4319 1542 4391 γὰρ
1572 4319 1651 4390 τῷ
1682 4320 1919 4390 φύσαντι

331 4411 624 4477 συναῑδιος,
650 4412 748 4465 καὶ
771 4412 878 4483 πρὸ
905 4411 1108 4475 παντὸς
1141 4409 1335 4474 αἰῶνος
1355 4409 1502 4474 Υἱὸς,
1526 4410 1717 4481 ἐπειδὴ
1743 4427 1918 4464 καταο·

330 4502 567 4575 βέϐηκεν
601 4503 682 4566 εἰς
710 4502 808 4575 τὴν
842 4502 1136 4574 ἀνθρώπου
1173 4501 1358 4571 φύσιν,
1389 4498 1491 4555 οὐκ
1542 4501 1917 4572 ἀπολισθήσας

2102 2944 2295 3001 XXVI.
2338 2943 2510 3001 Porro
2560 2955 2738 2999 autem
2778 2958 2902 3000 cum
2938 2943 3113 3014 ipsum
3151 2941 3247 2997 Dei
3277 2941 3476 2998 Filium
3507 2959 3609 2999 nn-

2028 3037 2221 3101 minet,
2254 3045 2309 3091 et
2352 3038 2418 3091 de
2461 3035 2673 3090 semine
2724 3035 2891 3089 David
2930 3042 3119 3087 natum
3163 3034 3436 3101 enuntiat,
3469 3044 3526 3090 et
3554 3035 3612 3091 in

2029 3127 2122 3183 Dei
2182 3126 2378 3182 Filium
2429 3126 2875 3197 praedestinatum
2942 3126 3228 3181 continuat
3264 3127 3412 3197 :jatn
3482 3128 3608 3196 die,

2027 3235 2231 3290 quaeso,
2282 3235 2391 3291 qua
2442 3220 2654 3275 ratione
2706 3221 2752 3276 is
2806 3220 2949 3275 Deus
2996 3206 3237 3290 εει,ᾳυί
3291 3236 3358 3276 ex
3401 3220 3610 3277 semine

1972 3299 1993 3370 ῗ
2026 3310 2198 3368 David
2235 3320 2396 3368 natus
2424 3313 2549 3368 est?
2578 3312 2840 3379 Rursum,
2872 3327 3030 3382 quem
3066 3320 3196 3369 ante
3221 3314 3417 3369 saecula
3447 3298 3611 3369 Pater

2024 3404 2125 3459 sibi
2167 3411 2497 3459 comternum
2542 3404 2750 3475 genuit,
2805 3420 3039 3474 quonam
3090 3414 3253 3475 pacto
3290 3405 3466 3463 Filius
3511 3406 3611 3463 Dei

2023 3495 2447 3566 prredestinatus
2498 3505 2603 3562 est,
2654 3497 2878 3567 perinde
2926 3498 3140 3553 scilicet
3183 3497 3341 3568 quasi
3391 3498 3607 3557 initium

2025 3587 2357 3643 subsistendi
2402 3589 2721 3657 acciperet?
2745 3584 2868 3658 Ipse
2904 3605 3139 3660 namque
3172 3588 3241 3645 de
3273 3590 3453 3659 seipso
3485 3589 3563 3645 ait
3591 3608 3607 3650 :

2032 3694 2051 3729 ι
2084 3675 2348 3732 Dominus
2394 3678 2532 3732 dixit
2577 3679 2645 3732 ad
2687 3692 2811 3733 me:
2847 3676 3019 3735 Filius
3060 3694 3212 3735 meus
3272 3694 3333 3735 es
3387 3689 3465 3745 tu,
3510 3694 3610 3749 ego

2024 3769 2186 3823 hodie
2212 3769 2373 3839 genui
2402 3778 2453 3824 te
2474 3768 2544 3827 ⁷⁸.
2568 3766 2597 3821 ³»
2635 3768 2779 3824 Sane
2806 3785 2929 3825 cum
2959 3770 3227 3840 particula
3262 3770 3401 3838 haec,
3428 3771 3605 3837 hodie,

2022 3873 2262 3928 praesens
2295 3858 2411 3914 fere
2443 3873 2663 3928 semper
2711 3875 2985 3930 nunquam
3026 3860 3358 3930 praeteritum
3398 3870 3609 3932 tempus

2023 3950 2265 4012 denotet,
2295 3949 2623 4019 profundum
2650 3950 2870 4021 aliquod
2893 3955 3221 4023 myslerium
3251 3953 3338 4007 hic
3368 3953 3608 4008 insinua-

2023 4049 2130 4105 tur,
2161 4040 2257 4095 sed
2294 4040 2361 4096 iis
2396 4041 2492 4111 qui
2528 4043 2771 4098 sectione
2800 4042 3021 4098 inducta
3059 4057 3307 4101 seorsum
3344 4043 3600 4101 conside-

2021 4140 2145 4186 rant
2180 4141 2234 4187 et
2261 4131 2555 4187 collocant.
2590 4132 2725 4187 Nam
2757 4133 2850 4203 qui
2874 4131 3284 4195 Emmanuelem
3321 4135 3388 4190 ad
3421 4136 3606 4191 unita-

2024 4231 2130 4277 tem
2162 4232 2442 4292 revocant,
2475 4224 2541 4280 iis
2589 4234 2644 4281 et
2692 4226 2795 4280 hoc
2836 4224 3039 4296 ipsum,
3081 4234 3136 4283 et
3164 4235 3361 4283 caetera
3401 4228 3602 4297 omnia,

2021 4330 2141 4385 quae
2170 4315 2239 4371 ad
2279 4316 2548 4373 sinceram
2579 4332 2864 4383 sacrorum
2893 4319 3204 4389 dogmatum
3240 4319 3605 4390 cognitionem

2020 4408 2319 4478 pertinent,
2379 4421 2509 4466 sunt
2559 4411 2736 4473 obvia,
2792 4419 3061 4481 captuque
3098 4409 3382 4466 facillima.
3434 4410 3605 4467 Filius

2021 4499 2230 4570 itaque,
2266 4500 2357 4569 qui
2392 4501 2674 4571 generanti
2714 4499 2864 4557 Patri
2896 4510 3201 4556 coaeternus
3239 4510 3347 4567 est,
3378 4509 3433 4557 et
3477 4513 3606 4558 ante

324 4593 423 4648 τοῦ
466 4590 606 4647 εἶναι
638 4593 791 4658 Θεὸς,
815 4591 1147 4665 προσλαϐὼν
1172 4592 1236 4645 τὸ
1265 4590 1630 4663 ἀνθρώπινον,
1663 4594 1823 4647 νοοϊτ⁹
1846 4592 1912 4647 ἂν

2026 4590 2264 4643 omnium
2301 4591 2624 4645 saeculorum
2669 4598 2884 4646 aetatem
2917 4588 3223 4646 subsistens
3254 4598 3358 4656 est,
3386 4601 3604 4659 postea-

326 4686 556 4749 εἰκότως
586 4684 684 4738 καὶ
723 4686 789 4738 ὲκ
829 4686 1144 4754 σπέρματος
1184 4682 1544 4752 γεγεννῆσθαι
1574 4681 1778 4747 Δαϐὶδ,
1818 4682 1913 4736 καὶ

326 4778 605 4850 νεωτάτην
631 4777 776 4848 ἐχειν
819 4777 916 4849 τὴν
947 4779 1006 4832 ἐν
1038 4775 1418 4847 ἀνθρωπότητι
1448 4776 1737 4846 γέννησιντ
1760 4794 1775 4810 ·
1807 4774 1916 4829 ῶσ-

324 4887 388 4924 τε
413 4871 516 4923 οὐκ
536 4871 561 4909 ⁸
594 4868 876 4941 ἀλλότριον
922 4868 1090 4924 αὐτοῦ
1132 4868 1193 4921 τὸ
1230 4868 1597 4939 προσληφθέν,
1631 4868 1747 4922 ἀλλ’
1782 4867 1914 4922 ίδιον

325 4962 568 5034 ἀληθῶς.
622 4962 947 5031 Δελόγισται
993 4960 1284 5031 τοιγαροῦν
1312 4961 1388 5025 ὡς
1437 4960 1495 5012 ἓν
1536 4960 1672 5031 πρὸς
1724 4959 1909 5026 αὐτὸν,

324 5052 583 5123 καθάπερ
615 5051 807 5121 ἀμέλει
838 5051 933 5105 καὶ
970 5049 1069 5121 τὴν
1096 5049 1442 5120 ἀνθρωπείαν
1463 5049 1712 5103 σύνθεσιν
1739 5067 1909 5104 κατα·
1954 5082 1957 5089 ~

324 5142 506 5213 θρήσῃ
550 5158 635 5204 τις
673 5141 765 5196 ἀν·
811 5140 1237 5211 συμπέκλεκταιι
1270 5141 1381 5212 γὰρ
1413 5140 1473 5207 ἐξ
1504 5142 1772 5212 ἀνομοίων
1812 5142 1912 5213 τὴν

324 5234 513 5303 φύσιν,
558 5234 738 5304 ψυχῆς
766 5233 854 5305 δὴ,
887 5233 1052 5303 λέγω,
1088 5234 1185 5287 καὶ
1230 5233 1483 5306 σώματος
1506 5250 1520 5264 '
1559 5236 1674 5289 ἀλλ’
1705 5232 1798 5290 οὖν
1830 5231 1911 5299 εἷς

325 5324 535 5375 νοεῖται
561 5320 622 5374 τὸ
655 5321 1066 5393 συναμφότερον
1108 5320 1426 5394 ἄνθρωπος·
1474 5323 1551 5387 ὡς
1584 5324 1694 5377 ἀπὸ
1737 5326 1909 5395 μόνης

329 5411 431 5483 μὲν
457 5411 560 5483 τῆς
589 5410 793 5483 σαρκὸς
830 5411 950 5465 ὅλον
975 5410 1089 5465 ἐσθ’
1106 5412 1194 5465 ὅτε
1222 5414 1643 5484 κατωνομάσθαι
1667 5414 1729 5466 τὸ
1746 5414 1905 5479 ζῶον,

398 5566 470 5601 τί*
509 5567 668 5628 Rom.
702 5584 743 5633 ι,
777 5568 885 5625 1-4.
962 5570 1008 5602 ⁷³
1045 5568 1067 5624 ι
1097 5569 1224 5626 Cor.
1260 5585 1335 5639 tv,
1365 5571 1420 5627 5.
1496 5572 1541 5604 ⁷³
1582 5571 1599 5626 l
1633 5571 1756 5629 Cor.
1792 5589 1853 5640 ιι,
1892 5574 1949 5628 2.

2018 4693 2179 4750 quam
2215 4678 2502 4735 divinitate
2555 4695 2664 4735 non
2710 4679 2934 4746 amissa,
3001 4679 3096 4734 sed
3128 4679 3473 4736 humanitate
3516 4695 3604 4737 asc

2018 4781 2253 4841 sumpta,
2322 4774 2379 4827 in
2439 4772 2675 4827 hominis
2718 4771 2827 4842 23
2870 4778 3124 4826 naturam
3195 4784 3316 4828 sese
3362 4771 3601 4840 dimisit;

2019 4864 2327 4933 meritoque
2357 4872 2412 4918 et
2447 4878 2515 4919 ex
2550 4862 2722 4918 David
2764 4878 2982 4934 quoque
3022 4862 3234 4920 semine
3260 4864 3601 4936 progenitus,

2020 4966 2076 5011 et
2118 4958 2316 5027 oppido
2372 4972 2563 5013 recens
2613 4965 2774 5012 natus
2833 4956 3173 5012 humanitate
3222 4958 3600 5027 praedicatur:

2023 5051 2225 5120 quippe
2262 5066 2382 5107 cum
2423 5051 2476 5106 id
2518 5050 2662 5120 quod
2697 5051 3016 5120 assumpsit,
3064 5049 3132 5109 ab
3163 5064 3228 5109 eo
3258 5052 3407 5107 nullo
3442 5052 3604 5107 modo

2020 5141 2256 5198 alienum
2290 5142 2383 5199 sed
2418 5158 2545 5199 vere
2580 5142 2725 5198 illius
2758 5144 3041 5215 proprium
3078 5143 3149 5203 sit
3182 5162 3197 5199 :
3234 5159 3403 5215 quare
3429 5161 3600 5201 unum

2021 5243 2276 5293 censetur
2309 5253 2431 5292 cum
2468 5238 2607 5308 ipso.
2635 5236 3105 5305 Quemadmodum
3136 5238 3372 5308 exempli
3413 5252 3598 5307 causa,

2020 5328 2075 5383 in
2110 5329 2345 5383 hominis
2395 5345 2609 5400 quoque
2647 5330 3037 5401 compositione
3073 5329 3325 5386 accidere
3357 5328 3601 5385 animad-

2018 5418 2309 5485 vertimus;
2344 5419 2388 5475 is
2424 5421 2626 5477 ctenim
2659 5436 2723 5476 ex
2753 5421 2935 5477 anima
2972 5429 3026 5479 et
3055 5433 3313 5493 corpore,
3349 5419 3601 5490 partibus

2032 5576 2080 5607 ⁷⁸
2117 5576 2262 5639 Psal.
2292 5592 2350 5643 tt,
2380 5579 2431 5635 7.

1438 5728 1612 5784 Varia:
1649 5728 1907 5786 lectiones
1959 5733 2161 5790 codicis
2198 5732 2556 5806 Seguicriani.

402 5853 433 5898 ⁴
463 5852 601 5911 κατὰ
625 5854 803 5925 φύσιν.

887 5870 908 5896 ’³
942 5856 1138 5927 ἀρχὴν.
1224 5859 1240 5896 ί
1273 5858 1502 5927 γὲνῡτιν.
1584 5872 1605 5908 5
1648 5861 1755 5913 ἔστι
1785 5860 1837 5913 δὲ
1863 5862 1979 5919 οὐκ,
