4060 6414
470 403 598 460 1171
695 399 702 408 ’

1457 413 1512 468 S.
1553 411 1824 466 CYRlLl-ll
1868 413 2332 470 ALEXANDllINI
2375 418 2696 476 ARCIIIEP.

3577 430 3717 488 H72

464 521 651 589 utique
698 521 992 575 secundum
1032 530 1280 578 naturam
1328 526 1706 592 dissimilibus,
1757 530 2039 584 constitui-

2147 531 2318 602 ψυχῆς
2351 533 2408 586 δὲ
2456 535 2853 608 ὠνομασμένης
2902 541 3139 596 νοεῖσθαι
3184 541 3245 596 τὸ
3289 545 3715 614 συναμφότερον.

469 625 588 677 tur;
644 624 878 667 attamen
931 615 1072 683 quod
1127 629 1191 676 ex
1247 625 1476 687 utroque
1538 620 1850 685 concrcdit,
1899 636 2038 676 unus

469 704 633 755 homo
679 712 1005 770 reputatur;
1045 714 1097 766 et
1149 708 1603 774 quemadmodum
1651 723 1681 762 a
1723 710 1837 765 sola
1875 724 2040 765 carne

469 797 640 840 tutum
702 789 972 844 interdum
1027 793 1227 847 animal
1281 795 1689 865 denominatur;
1741 811 1795 853 et
1857 800 2036 852 anima

468 869 680 932 rursum
735 881 1028 949 nominata,
1071 885 1122 938 id
1174 887 1314 954 quod
1365 902 1427 940 ex
1476 897 1704 958 utroque
1745 888 2039 946 conﬂatum

2145 622 2300 700 ἰξατᾶ
2331 623 2420 676 τὸν
2450 624 2563 678 ἴσον
2588 628 2695 696 ἄρα
2722 629 2923 699 τρόπον
2965 633 3060 687 xal
3093 635 3178 687 ἐπ’
3212 634 3375 688 αὑτοῦ
3406 635 3720 704 παραδεξὼο

2146 713 2288 782 μεθα
2339 713 2432 768 τοῦ
2479 717 2741 786 Χριστοῦ.
2775 715 2869 785 Εἷς
2895 724 3004 794 γάρ
3049 725 3214 790 Υἱὸς,
3265 728 3359 781 καὶ
3401 721 3481 790 εἷς
3514 727 3718 796 Κύριος

2155 803 2363 874 Ἰησοῦς
2399 809 2669 878 Χριστὸς,
2715 813 2808 866 καὶ
2830 814 2935 885 πρὸ
2969 818 3189 886 σαρκὸς,
3226 820 3317 872 καὶ
3344 821 3434 874 ὅτε
3477 820 3718 890 πέφηνεν

2144 897 2241 952 ἄνθ
2249 917 2431 970 ρωπος
2438 942 2451 955 .

467 983 704 1036 est,nnn
737 974 1437 1049 infrequentcrintelligitur
1471 983 1574 1035 :ad
1636 985 1884 1038 eumdem
1945 986 2103 1055 plane
2135 993 2382 1059 modum,
2437 1011 2558 1063 qua:
2605 998 2672 1052 de
2709 997 2929 1056 Christo
2979 1018 3195 1072 quoque
3247 1003 3525 1067 dicuntur,
3573 1001 3718 1058 acci-

469 1061 663 1123 pienda
699 1073 842 1117 sunt.
879 1063 1027 1120 Unus
1066 1077 1148 1122 est
1185 1068 1326 1121 enim
1367 1067 1558 1138 Filius,
1592 1085 1734 1134 unus
1775 1071 2034 1130 Dominus
2104 1075 2260 1136 Jesns
2305 1061 2578 1152 Christus,
2631 1097 2687 1143 et
2744 1100 2874 1146 ante
2927 1061 3173 1158 carnem,
3225 1102 3281 1150 et
3360 1103 3715 1164 posteaquam

470 1153 631 1207 homo
663 1155 934 1223 apparuit.

542 1249 754 1312 XXVII.
795 1250 862 1315 Et
901 1254 1150 1320 quamvis
1188 1254 1328 1313 idem
1366 1255 1454 1310 ille
1495 1256 1820 1325 Redemptor
1853 1268 2038 1314 noster

467 1355 564 1411 per
594 1342 840 1396 humana:
876 1353 1083 1398 natura:
1114 1348 1495 1416 proprietates,
1541 1348 2035 1419 exinanitionisque

468 1431 805 1488 conditiones
841 1435 1114 1490 interdum
1163 1437 1318 1496 nobis
1359 1439 1692 1504 insinuetur,
1729 1457 1833 1494 non
1882 1442 1950 1495 ob
1986 1441 2038 1496 id

471 1531 649 1584 tamen
702 1524 987 1580 Dominum
1045 1528 1135 1597 qui
1193 1543 1290 1583 nos
1344 1530 1596 1595 redemit,
1655 1531 2037 1585 iuﬁciahimur.

469 1611 685 1670 Judaeos
716 1630 848 1670 sane
871 1617 1124 1672 Christus
1150 1619 1412 1674 Dominus
1449 1621 1519 1673 ita
1549 1620 1845 1690 alloquitur
1873 1639 1883 1674 :
1922 1642 1938 1673 ι
1984 1620 2042 1676 Si

471 1707 566 1760 ﬁlii
617 1708 850 1763 Abrahae
900 1709 1068 1775 estis,
1121 1726 1285 1780 opera
1345 1711 1579 1767 Abrahae
1624 1712 1787 1766 facile
1841 1731 1853 1764 :
1903 1727 2044 1767 nunc

471 1809 650 1853 autem
685 1800 926 1868 quaeritis
948 1817 1032 1855 me
1066 1801 1372 1857 interﬁcere
1405 1803 1698 1870 hominem,
1726 1805 1818 1874 qui
1845 1805 2043 1858 verita-

476 1899 581 1944 tem
643 1891 794 1944 voliis
853 1891 1063 1946 locutus
1120 1908 1236 1948 sum
1281 1911 1294 1946 :
1343 1894 1446 1949 hoc
1486 1895 1758 1950 Abraham
1812 1912 1915 1950 non
1962 1893 2041 1950 ie-

474 1981 684 2035 cit".»
740 1981 943 2039 Scribit
991 1985 1056 2039 de
1108 2000 1173 2040 eo
1218 1983 1414 2040 Paulus
1465 2003 1678 2056 quoque
1718 2008 1731 2043 :
1784 2007 1803 2040 ι
1833 1989 1934 2056 Qui
1989 1989 2043 2044 in

471 2071 662 2128 diebus
730 2075 910 2129 carnis
974 2090 1084 2130 suae
1141 2091 1333 2146 preces
1401 2078 1929 2150 supplicationesque
1981 2081 2046 2134 ad

473 2178 619 2230 eum,
649 2165 737 2234 qui
784 2168 953 2236 possit
986 2169 1134 2224 illum
1165 2171 1374 2227 salvum
1411 2172 1592 2228 facere
1625 2187 1656 2226 a
1700 2183 1894 2236 morte,
1923 2188 2044 2228 cum

473 2254 713 2310 clamore
749 2257 926 2314 valido
964 2268 1018 2314 et
1065 2259 1322 2332 lacrytuis
1355 2260 1608 2328 oﬂ'erens,
1641 2263 1924 2317 exauditus
1963 2271 2047 2316 est

472 2359 571 2412 pro
624 2361 720 2401 sua
783 2353 1138 2406 reverentia:
1172 2361 1226 2410 et
1271 2353 1487 2423 quidem
1525 2369 1648 2409 cum
1695 2367 1839 2410 esset
1881 2356 2046 2411 Filius

474 2433 594 2502 Dei,
625 2437 812 2494 didicit
840 2455 906 2495 ex
939 2442 1024 2496 his
1051 2459 1170 2510 qua:
1201 2458 1392 2512 passus
1425 2455 1512 2504 est
1531 2445 1894 2503 obedientiam
1919 2446 1985 2500 ⁷⁸.
2020 2466 2038 2498 ι

471 2523 725 2598 Nunquid
768 2540 897 2600 ergo
932 2533 1074 2586 hunc
1101 2534 1272 2602 ipsum
1310 2534 1584 2590 Christum
1638 2537 1909 2592 hominem
1939 2554 2043 2592 nu-

473 2618 600 2671 dum
637 2619 846 2675 cmteris
869 2622 1012 2676 nulla
1044 2638 1105 2678 ex
1143 2634 1294 2692 parte
1330 2627 1765 2683 excellentiorem
1798 2629 2046 2684 censebi-

476 2709 634 2764 tnus?
660 2709 842 2766 Absit!
890 2714 1116 2780 ltursus,
1153 2715 1316 2770 Deine
1341 2718 1662 2787 sapientiam
1696 2728 1752 2775 et
1789 2721 2042 2777 virtutem

475 2800 529 2856 in
557 2816 674 2854 eam
708 2817 766 2857 se
799 2803 1166 2861 inﬁrmitatem
1199 2807 1462 2873 abjecisse
1489 2809 1756 2876 dabimus,
1792 2821 1849 2866 ut
1893 2828 2042 2868 mor-

473 2901 582 2946 tem
624 2894 976 2964 evtimuerit,
1031 2907 1083 2952 et
1131 2913 1161 2953 a
1216 2899 1376 2956 Patre
1431 2901 1630 2957 salvari
1685 2905 2045 2975 expetiverit?

473 2981 724 3053 Nunquid
772 2985 1174 3044 Eu'tmanuelem
1228 2992 1392 3047 vitam
1445 2995 1739 3049 secundum
1794 3007 2042 3052 naturam

472 3089 594 3130 esse
639 3075 848 3134 inﬁcias
892 3077 1124 3136 ibimus?
1156 3085 1235 3137 An
1278 3100 1382 3139 non
1423 3086 1602 3154 potius
1625 3087 1690 3141 ad
1733 3087 2042 3143 humanita-

2221 1276 2348 1330 KZ'.
2389 1277 2500 1330 Kal
2551 1278 2640 1330 τὸν
2691 1279 3042 1348 ἀγοράσαντα
3089 1280 3235 1351 ἡμᾶς
3287 1280 3566 1349 Δεσπότην
3616 1279 3718 1334 οὐκ

2149 1367 2542 1437 ἀρνησώμεθα,
2584 1369 2685 1423 κᾶν
2715 1372 2763 1424 εί
2788 1370 2878 1424 aia
2904 1371 3013 1423 τῶν
3043 1371 3398 1442 ἀνθρωπίνων
3437 1374 3591 1440 ἡμῖν,
3625 1372 3719 1424 καὶ

2144 1458 2209 1510 ἐκ
2234 1458 2341 1511 τῶν
2361 1463 2458 1530 τῆς
2483 1461 2766 1525 κενώσεως
2810 1462 3043 1534 μέτρων,
3075 1462 3186 1515 ἐσθ’
3225 1464 3316 1517 ὅτε
3363 1463 3717 1532 κατασημαί-

2143 1568 2322 1620 νηται.
2365 1553 2638 1618 Ἰουδαίοις
2672 1555 2770 1624 μὲν
2803 1555 2906 1625 ἔφη
2933 1554 3254 1625 προσλαλῶν
3273 1557 3302 1608 ὁ
3328 1555 3530 1625 Κύριος
3560 1553 3720 1624 ήμῶν

2159 1643 2366 1713 Ἰησοῦς
2396 1645 2662 1714 Χριστός·
2704 1665 2722 1696 ι
2762 1647 2822 1700 Et
2859 1646 3026 1701 τέκνα
3053 1646 3148 1700 τοῦ
3190 1645 3440 1716 ’Δόραὰμ
3485 1642 3610 1715 ἦτε,
3651 1646 3720 1698 τὰ

2147 1733 2282 1804 ἔργα
2321 1734 2416 1788 τοῦ
2461 1736 2709 1806 ’Δ6ραὰμ
2740 1738 2974 1790 ἐποιεῖτε
3019 1737 3118 1792 ἄν’
3169 1736 3265 1792 νῦν
3310 1737 3365 1790 δὲ
3399 1737 3610 1806 ζητεῖτέ
3651 1753 3718 1806 με

2076 1868 2116 1923 Β
2147 1826 2493 1889 ἀποκτεῖναι,
2529 1828 2836 1898 ἄνθρωπον,
2883 1829 2938 1891 ὃς
2968 1829 3067 1898 τὴν
3092 1828 3350 1900 ἀλήθειαν
3392 1829 3520 1923 ύμῖν
3545 1827 3720 1923 Δλελάῗ

2148 1919 2318 1988 ληκα·
2351 1918 2513 1973 τοῦτο
2549 1919 2802 1989 Ἀϐραάμ
2829 1920 2928 1972 ούκ
2970 1919 3215 1988 ἐποίησε.
3252 1938 3268 1971 ι
3305 1917 3510 1987 Γράφει
3541 1915 3721 1970 δὲκαὶ

2147 2006 2358 2069 Παῦλος
2415 2008 2544 2078 περί
2599 2008 2804 2062 αὐτοῦ·
2855 2028 2871 2059 ι
2924 2009 3023 2071 ’ος
3065 2010 3123 2061 ἐν
3172 2010 3290 2070 ταῖς
3336 2007 3574 2078 ἡμέραις
3621 2009 3720 2074 τῆς

2147 2099 2350 2168 σαρκὸς
2393 2098 2581 2160 αὑτοῦ,
2622 2099 2837 2169 δεήσεις
2866 2117 2926 2152 τε
2969 2101 3065 2154 καὶ
3115 2100 3397 2170 ἱκετηρίας
3446 2097 3581 2168 πρὸς
3627 2095 3718 2149 τὸν

2144 2189 2441 2259 δυνάμενον
2488 2190 2678 2254 σώζειν
2716 2192 2879 2245 αὑτὸν
2917 2193 2981 2245 ἐκ
3011 2191 3240 2246 θανάτου
3289 2190 3423 2261 μετά
3472 2189 3720 2259 κραυγῆς

2149 2285 2374 2353 ἰσχυρᾶς
2401 2283 2494 2336 καὶ
2513 2283 2764 2354 δακρύων
2799 2284 3194 2354 προσενέγκας,
3222 2283 3314 2336 καὶ
3345 2279 3719 2341 εἰσακουσθεὶς

2146 2375 2252 2428 ἀπὸ
2287 2375 2388 2442 τῆς
2413 2375 2721 2438 εὐλαϐείας·
2755 2375 2954 2444 καίπερ
3000 2375 3075 2428 ὢν
3101 2375 3247 2438 Υἱὸς,
3287 2375 3485 2446 ἔμαθεν
3515 2374 3608 2442 ἀφ’
3643 2368 3721 2425 ὧν

2147 2467 2315 2522 ἔπαθε
2346 2467 2444 2535 τὴν
2480 2468 2746 2538 ὑπακοήν.
2777 2487 2794 2518 ι
2828 2464 2954 2537 'Ap’
2996 2463 3089 2522 οῦν
3134 2467 3418 2536 ἄνθρωπον
3453 2466 3615 2520 αὐτὸν
3653 2462 3719 2532 δὴ

2145 2559 2331 2612 τοῦτον
2355 2557 2529 2626 ψιλὸν,
2549 2558 2642 2611 καὶ
2669 2558 2788 2612 κατ’
2815 2559 3004 2612 οὐδένα
3025 2559 3224 2629 τρόπον
3251 2557 3587 2626 ἀνεστηκότα
3608 2555 3720 2607 τῶν

2146 2647 2268 2700 καθ’
2318 2648 2484 2716 ἡμᾶς,
2536 2646 2866 2718 λογιούμεθα
2907 2648 2999 2702 τὸν
3049 2648 3316 2718 Χριστόν;
3351 2646 3442 2715 Μὴ
3475 2643 3717 2714 γένοιτοί

2147 2737 2259 2806 Τὴν
2284 2736 2340 2790 δὲ
2377 2737 2470 2789 τοῦ
2497 2737 2632 2790 Θεοῦ
2664 2737 2855 2806 σοφίαν
2885 2740 2980 2792 καὶ
3028 2739 3279 2808 δύναμιν,
3319 2736 3602 2797 ἀσθενείας
3640 2735 3723 2796 εἰς

2145 2829 2303 2884 τοῦτο
2333 2830 2652 2885 καθικέσθαι
2679 2831 2943 2904 δώσομεν,
2967 2833 3040 2896 ὡς
3067 2833 3295 2886 δεδιέναι
3335 2832 3432 2901 μὲν
3465 2829 3723 2895 θάνατον,

2148 2922 2380 2987 ἐξαιτεῖν
2405 2921 2462 2974 δὲ
2488 2922 2546 2975 τὸ
2575 2921 2842 2986 σώζεσθαι
2883 2924 3034 2995 παρὰ
3064 2923 3158 2977 τοῦ
3195 2922 3440 2993 Πατρός;
3495 2920 3589 2974 καὶ
3623 2918 3723 2972 τοῦ

2148 3014 2290 3068 κατά
2319 3013 2482 3082 φύσιν
2508 3010 2644 3068 εἶναι
2668 3015 2811 3084 ζωὴν
2838 3015 3195 3086 ἐκπέμψομεν
3217 3015 3307 3068 τὸν
3335 3011 3721 3084 Ἐμμανουήλς

2151 3108 2221 3160 Ἦ
2270 3107 2692 3177 περιτρέποντες
2748 3108 2827 3170 είς
2878 3107 2976 3177 τὴν
3027 3107 3448 3180 ἀνθρωπότητα,
3498 3105 3592 3158 καὶ
3643 3103 3724 3164 είς

470 3174 602 3231 tem,
658 3177 713 3223 et
773 3179 972 3226 nostra;
1026 3185 1234 3230 naturae
1281 3176 1662 3242 humilitatem,
1713 3193 2044 3248 quaecunque

2159 3174 2357 3268 μέτρον
2401 3174 2616 3267 φύσεως
2659 3199 2757 3268 τῆς
2791 3199 2912 3252 καθ’
2933 3174 3107 3269 ημᾶς,
3130 3174 3198 3252 -τὸ
3225 3198 3299 3262 ὡς
3331 3174 3386 3250 ἐν
3415 3196 3594 3264 λόγοις
3629 3209 3725 3261 μιιε

423 3287 438 3298 -
472 3256 690 3315 humilia
735 3262 801 3316 de
851 3262 967 3333 ipso
1009 3265 1282 3332 dicuntur,
1335 3267 1652 3336 referentes,
1703 3269 2047 3325 laudabiliter

474 3364 572 3410 nos
595 3365 865 3420 geremus,
905 3355 948 3410 si
983 3371 1047 3411 ex
1084 3357 1171 3422 iis,
1216 3358 1410 3426 quibus
1448 3358 1593 3414 Deus
1619 3375 1739 3415 esse
1771 3360 2046 3430 dignosci-

474 3450 599 3507 tur,
665 3459 933 3499 summam
1005 3447 1175 3517 ipsius
1236 3449 1576 3516 majeStatem
1647 3464 2048 3518 agnoscamus.

473 3533 723 3589 eumdem
769 3536 942 3604 ipsum
976 3535 1144 3591 Deum
1197 3538 1401 3606 pariter
1451 3548 1503 3594 et
1542 3538 1840 3600 hominem,
1878 3540 2046 3594 Deum

472 3624 723 3679 videlicet
751 3625 1106 3681 humanatum
1140 3642 1260 3683 esse
1296 3629 1694 3700 intelligentes?
1725 3631 1834 3706 24,
1862 3630 1965 3686 Sed
1995 3632 2046 3686 in

477 3715 715 3772 medium
753 3717 980 3784 prodeat
1014 3718 1430 3787 prohatissimus
1463 3721 1550 3776 ille
1589 3725 1865 3791 apostolus
1909 3725 2049 3779 Pau-

477 3804 586 3868 lus,
611 3807 702 3876 qui
736 3806 875 3862 elata
904 3824 1034 3864 voce
1070 3810 1122 3863 in
1146 3809 1260 3870 haec
1286 3811 1445 3866 verba
1476 3815 1864 3870 concionatur:
1898 3835 1916 3869 ι
1951 3816 2047 3873 Sa-

450 3897 734 3966 pientiam
758 3899 1028 3970 loquimur
1062 3903 1203 3958 inter
1225 3904 1494 3975 perfectos
1521 3924 1534 3960 :
1565 3909 1885 3978 sapientiam
1921 3924 2050 3966 vero

478 4002 588 4043 non
633 3990 795 4059 hujus
845 3993 1048 4059 szeculi,
1083 4009 1258 4062 neque
1294 3997 1598 4068 principum
1635 4000 1795 4071 hujus
1839 4001 2047 4067 Steculi,

476 4082 567 4152 qui
621 4081 1021 4140 destruuntur:
1055 4085 1148 4140 sed
1196 4086 1467 4158 loquimur
1505 4090 1597 4146 Dei
1644 4093 1962 4162 sapientiam
1995 4093 2048 4148 in

478 4175 760 4242 mysterio,
795 4190 915 4244 quae
956 4176 1271 4235 abscondita
1311 4192 1414 4249 est,
1450 4198 1613 4252 quam
1649 4185 2051 4253 praedestinavit

479 4266 622 4321 Deus
648 4277 774 4324 ante
814 4270 1009 4325 srecula
1057 4271 1110 4326 in
1140 4273 1365 4342 gloriam
1397 4284 1660 4342 nostram,
1694 4292 1854 4346 quam
1891 4291 2049 4334 nemo

477 4358 780 4430 principum
809 4361 967 4432 hujus
990 4363 1172 4418 surculi
1206 4366 1475 4434 Cognovit.
1502 4364 1557 4420 Si
1585 4367 1728 4420 enim
1763 4369 2048 4439 cognovis-

481 4460 620 4518 sent,
655 4467 932 4523 nunquam
972 4453 1255 4510 Dominum
1285 4455 1469 4527 gloriae
1503 4457 1906 4521 eruciﬁxissent
1928 4461 1995 4515 ".
2026 4480 2044 4513 ι

481 4543 548 4597 Ει
591 4546 697 4602 alio
741 4565 951 4603 rursum
991 4549 1152 4605 loco:
1189 4569 1206 4601 ι
1241 4550 1340 4618 Qui
1373 4567 1493 4606 cum
1531 4553 1603 4608 sit
1646 4553 1900 4623 splendor
1930 4554 2048 4625 glo-
2081 4543 2126 4599 Ῑ)

481 4636 597 4702 riae,
641 4647 695 4693 et
735 4640 901 4711 ﬁgura
949 4641 1270 4697 substantia:
1317 4643 1455 4713 ejus,
1491 4653 1820 4714 portansque
1869 4646 2051 4701 omnia

475 4730 640 4784 verbo
671 4731 890 4786 virtutis
915 4749 1023 4787 sua:
1046 4735 1422 4804 purgationem
1451 4745 1797 4806 peccatorum
1827 4737 2052 4806 faciens,

476 4823 628 4876 sedet
671 4837 698 4875 a
739 4825 980 4879 dexteris
1025 4825 1329 4895 majestatis
1372 4829 1423 4883 in
1456 4829 1720 4896 excelsis;
1758 4839 1907 4884 tanto
1940 4845 2053 4884 me-

478 4910 579 4966 lior
635 4914 841 4982 angelis
899 4914 1160 4981 eﬂ'ectus,
1208 4929 1411 4989 quanto
1465 4920 1803 4978 diﬂ'erentius
1856 4939 2052 4982 nomen

476 5018 588 5071 prae
618 5003 723 5059 illis
756 5006 1094 5063 luereditavit
1117 5010 1183 5062 ⁷⁸.
1222 5029 1239 5062 ι
1277 5012 1438 5081 Atqui
1470 5013 1653 5082 gloriae
1679 5015 1963 5071 Dominum
1996 5025 2052 5072 et

476 5107 597 5147 esse
627 5103 683 5148 et
717 5095 1007 5162 nominari,
1044 5110 1221 5150 nonne
1265 5097 1528 5156 immenso
1560 5104 1736 5173 Spatio
1786 5103 1836 5158 id
1889 5119 2053 5162 omne

479 5192 601 5250 post
640 5200 698 5240 se
729 5185 1006 5257 relinquit,
1049 5187 1191 5257 quod
1233 5202 1476 5245 creatum
1522 5202 1578 5248 et
1611 5196 1887 5252 conditum
1931 5198 2053 5252 est?

479 5273 628 5328 Mitto
661 5276 892 5342 humana
925 5275 1074 5347 (sunt
1099 5279 1240 5332 enim
1275 5280 1460 5336 isthaac
1484 5288 1666 5342 tenuia
1711 5287 2046 5359 admodum),

477 5380 678 5429 annon,
711 5368 961 5432 obsecro,
1004 5370 1201 5439 quivis,
1237 5375 1394 5428 modo
1431 5376 1644 5441 ingenio
1673 5361 1737 5431 et
1785 5380 2052 5448 sapientia

477 5456 694 5523 polleat,
739 5459 853 5513 sive
889 5460 1123 5531 Angelos
1174 5466 1476 5529 nominare,
1528 5467 1640 5520 sive
1685 5466 2050 5540 Principatus,

477 5546 748 5615 Thronos,
788 5551 1196 5612 Dominationes
1240 5571 1584 5626 percensere,
1629 5568 1684 5613 et
1727 5568 1786 5613 ut
1821 5562 2052 5630 amplius

478 5639 608 5708 quid
643 5642 839 5708 dicam,
871 5645 987 5702 sive
1014 5661 1256 5702 summos
1289 5645 1617 5716 Seraphicos
1645 5651 1872 5719 spiritus
1901 5668 2052 5709 cout-

2091 3349 2099 3356 ,
2151 3292 2462 3364 κροπρεπὲς
2486 3333 2500 3357 ,
2531 3291 2804 3363 δράσομέν
2845 3309 2898 3344 τι
2927 3290 3036 3344 τῶν
3077 3291 3519 3358 ἐπαινουμένων·
3554 3287 3613 3351 ἐξ
3647 3278 3725 3336 ὧν

2147 3383 2205 3437 δέ
2243 3386 2358 3437 ἐστι
2391 3383 2522 3447 Θεὸς
2546 3422 2560 3446 ,
2608 3383 2707 3454 τὴν
2755 3381 3122 3452 ὑπερκόσμιον
3164 3380 3339 3436 αὐτοῦ.
3372 3371 3727 3448 κατοψόμεθα

2149 3476 2329 3542 δόξαν,
2356 3475 2446 3528 τὸν
2477 3474 2636 3528 αὑτὸν
2670 3470 2808 3526 εἶναι
2854 3474 3127 3536 συνιέντες
3150 3474 3282 3526 Θεόν
3311 3489 3367 3526 τε
3400 3470 3599 3541 ὁμοίως
3629 3469 3728 3521 καὶ

2149 3569 2458 3639 ἄνθρωπον,
2485 3567 2603 3635 ἦτοι
2630 3565 2762 3618 Θεὸν
2785 3564 3246 3636 ἐνηνθρωπηκότα
3267 3580 3282 3627 ;
3300 3561 3512 3615 Ἡκέτω
3541 3559 3605 3627 δὴ
3630 3554 3727 3612 οῦν

2152 3662 2230 3726 εἰς
2273 3661 2436 3730 μέσον
2483 3660 2615 3730 ἡμῖν
2645 3659 2672 3711 ὁ
2703 3658 3074 3728 δοκιμώτατος
3116 3655 3360 3719 Παῦλος,
3394 3653 3550 3707 ταυτὶ
3586 3650 3730 3718 βοῶν.

2149 3769 2209 3806 τε
2241 3750 2335 3804 καὶ
2369 3749 2564 3816 λέγων·
2585 3766 2603 3798 ι
2624 3747 2824 3815 Σοφίαν
2857 3746 2914 3798 δέ
2951 3744 3221 3809 λαλοῦμεν
3255 3745 3312 3796 ἐν
3340 3742 3452 3803 τοῖς
3477 3736 3720 3796 τελείοις

2153 3842 2348 3910 σοφίαν
2377 3839 2434 3893 δὲ
2463 3839 2524 3891 ού
2553 3837 2647 3891 τοῦ
2681 3838 2878 3902 αἰῶνος
2917 3836 3128 3901 τούτου,
3162 3834 3284 3888 οὐδὲ
3312 3833 3420 3885 τῶν
3445 3829 3716 3901 ἀρχόντων

2150 3927 2244 3984 τοῦ
2276 3927 2473 3991 αίῶνος
2499 3926 2690 3980 τούτου
2719 3925 2828 3979 τῶν
2854 3923 3344 3998 καταργουμένωνο
3372 3917 3508 3974 ἀλλά
3531 3914 3691 3969 λαλοῦ
3705 3943 3730 3998 -ι

2155 4035 2252 4088 μεν
2273 4014 2408 4070 Θεοῦ
2433 4016 2623 4085 σοφίαν
2660 4015 2717 4068 ἐν
2746 4013 3170 4086 μυστηρίῳ,τὴν
3202 4005 3724 4078 ἀποκεκρυμμένην.

2151 4109 2218 4177 ἢν
2247 4105 2422 4169 οὐδεὶς
2466 4104 2575 4157 τῶν
2617 4103 2942 4176 ἀνθρώπων,
2979 4102 3178 4174 μᾶλλον
3219 4101 3276 4155 δέ
3313 4100 3422 4153 τῶν
3451 4097 3729 4168 ἀρχόντων

2150 4198 2244 4252 τοῦ
2276 4198 2468 4262 αἰῶνος
2505 4197 2697 4258 τούτου
2731 4195 2989 4264 ἔγνωκεν.
3022 4195 3084 4248 Εἰ
3112 4193 3220 4267 γὰρ
3247 4189 3629 4261 ἐγνωσαν,ούκ
3659 4186 3732 4240 ἂν

2149 4291 2242 4344 τὸν
2286 4289 2491 4361 Κύριον
2521 4289 2619 4360 τῆς
2640 4287 2797 4358 δόξης
2833 4286 3204 4357 ἐσταύρωσαν.
3243 4304 3260 4336 ι
3315 4283 3426 4338 Kal
3479 4282 3583 4353 μὴν
3630 4280 3732 4334 καὶ⁵

2151 4382 2244 4436 ἐπὶ
2286 4381 2529 4443 τούτοις·
2579 4398 2597 4430 ι
2636 4381 2730 4443 Ὃς
2769 4378 2844 4431 ὢν
2879 4379 3219 4448 ἀπαύγασμα
3264 4377 3362 4446 τῆς
3404 4375 3592 4443 δόξης.
3634 4373 3732 4425 καὶ

2153 4471 2442 4544 χαρακτὴρ
2466 4471 2564 4540 τῆς
2592 4469 2943 4532 ὑποστάσεως
2965 4468 3152 4533 αὑτοῦ,
3173 4468 3352 4537 φέρων
3380 4483 3441 4519 τε
3461 4465 3527 4518 τὰ
3550 4464 3732 4518 πάντα

2155 4563 2232 4634 τῷ
2278 4563 2484 4634 ῥήματι
2526 4561 2626 4630 τῆς
2673 4561 2954 4630 δυνάμεως
3005 4558 3193 4622 αὑτοῦ,
3240 4556 3578 4627 καθαρισμὸν
3618 4555 3734 4608 τῶν

2153 4653 2441 4726 ἁμαρτιῶν
2469 4653 2624 4723 ἡμῶν
2654 4651 3023 4721 ποιησάμενος
3043 4691 3059 4716 ,
3091 4651 3344 4705 ἐκάθισεν
3368 4649 3426 4702 ἐν
3459 4647 3608 4718 δεξιᾷ
3630 4647 3731 4717 τῆς

2155 4741 2550 4816 μεγαλωσύνης
2593 4742 2652 4793 ἐν
2693 4743 2808 4804 τοῖς
2862 4740 3115 4810 ὑψηλοῖς·
3165 4738 3418 4792 τοσοῦτον
3466 4736 3732 4808 κρείττων

2151 4836 2442 4906 ¹γενόμενος
2465 4832 2573 4886 τῶν
2601 4833 2869 4901 ἀγγέλων,
2897 4833 3020 4887 ὅσον
3049 4831 3447 4902 διαφορώτερον
3479 4832 3606 4902 παρ’
3635 4830 3734 4883 αύ-

2150 4928 2276 4991 τοὺς
2311 4925 2786 4996 κεκληρονόμηκεν
2823 4924 3014 4994 ὄνομα.
3042 4943 3061 4975 ι
3104 4924 3298 4977 Καίτοι
3324 4940 3388 4992 γε
3413 4923 3474 4976 τὸ
3497 4918 3637 4976 εἷναί
3669 4939 3730 4974 τε

2155 5017 2250 5070 καὶ
2296 5015 2663 5086 ὀνομάζεσθαι
2717 5017 2816 5086 τῆς
2856 5016 3013 5087 δόξης
3071 5016 3295 5088 Κύριον,
3343 5016 3462 5078 πῶς
3499 5017 3562 5070 ού
3610 5016 3732 5069 λίαν

2152 5106 2464 5179 ύπερτενὲς,
2511 5107 2605 5160 καὶ
2633 5107 2833 5170 παντὸς
2863 5108 3122 5160 ἐπέκεινα
3150 5106 3408 5178 γεννητοῦ
3445 5107 3540 5160 καὶ
3596 5123 3734 5177 παρ·

2157 5198 2399 5270 ηγμένου
2433 5197 2568 5269 πρὸς
2594 5199 2847 5266 γένεσιν;
2883 5197 2993 5250 Kal
3019 5197 3256 5268 παρίημι
3292 5197 3391 5267 μὲν
3417 5197 3486 5250 τὰ
3523 5195 3733 5267 ἀνθρὼ-

2158 5309 2290 5344 πινα
2315 5289 2553 5360 (σμικρά
2569 5289 2676 5361 γάρ
2699 5289 2764 5360 δὴ
2787 5288 2955 5359 λίαν),
2975 5288 3085 5359 ἐρῶ
3108 5289 3150 5342 δ’
3162 5285 3273 5342 οὖν·
3297 5289 3416 5343 Κᾶν
3438 5287 3734 5358 Ἀγγέλους

2151 5381 2442 5452 ὀνομάσαι,
2476 5382 2572 5435 καὶ
2600 5382 2820 5452 Ἀρχὰς,
2855 5382 2949 5434 καὶ
2969 5381 3226 5451 Θρόνους,
3263 5381 3356 5434 καὶ
3385 5381 3733 5452 Κυριότητας

2153 5471 2601 5544 ἀπαριθμήσαιτό
2647 5489 2730 5535 τις
2754 5513 2770 5539 ,
2807 5471 2904 5525 καὶ
2947 5473 3055 5543 μὴν
3089 5474 3183 5525 καὶ
3226 5474 3275 5526 εί
3317 5472 3428 5526 τῶν
3469 5471 3733 5525 ἀνωτάτω

2151 5564 2525 5634 διαμέμνηται
2549 5563 2822 5634 Σεραφὶμ,
2838 5563 3067 5616 κατόπιν
3095 5563 3240 5617 ίόντα
3258 5563 3358 5632 τῆς
3373 5561 3546 5625 οὕτως
3569 5562 3734 5632 ὑπερ-

2155 5654 2342 5718 τενοῦς
2371 5655 2760 5726 ὁμολογήσειεν
2789 5655 2854 5708 ἂν
2883 5654 3153 5722 εὐκλείας,
3187 5656 3300 5724 εἴγε
3337 5652 3464 5710 νοῦν
3495 5654 3608 5725 ἔχει
3639 5651 3735 5706 τὸν

549 5796 594 5827 ⁷⁵
622 5793 778 5865 Joan.
807 5815 923 5868 vui,
951 5803 1041 5868 59,
1068 5803 1152 5856 40.
1231 5804 1274 5836 ⁷⁸
1301 5802 1460 5860 Ilebt‘.
1495 5821 1543 5872 ν,
1582 5807 1629 5874 7,
1663 5807 1712 5863 8.
1793 5811 1835 5840 ⁷⁷
1869 5811 1894 5882 Ι,
1916 5809 2041 5867 Cor.

2168 5811 2298 5870 6-8.
2376 5814 2419 5846 ⁷⁸
2454 5812 2615 5869 Hebr.
2656 5830 2690 5882 ι,
2717 5815 2768 5880 5,
2804 5815 2848 5869 ι.
