4060 6416
329 380 472 440 H73

1290 381 1378 436 DE
1416 382 1639 440 BECTA
1688 384 1844 441 FIDE
1881 386 1976 441 AD
2016 385 2466 447 THEODOSIUM
2504 388 2643 446 IMP.

3459 393 3597 450 H74

326 495 389 554 εὖ
415 498 687 570 βεϐηκότα
711 497 805 553 καὶ
835 500 1018 569 σοφόν.
1056 501 1350 570 Ἕκκριτον
1374 501 1485 573 γὰρ
1516 498 1657 557 εἷναί
1685 520 1827 576 φημι
1851 503 1911 558 τὸ

2026 523 2320 566 memorare
2352 510 2512 577 velit,
2571 495 2774 577 antfon,
2807 515 3049 582 inquam,
3082 510 3184 567 hos
3207 523 3397 567 omnes
3424 511 3596 582 gloria

328 591 522 664 γέρας,
552 590 648 644 καὶ
676 589 787 643 δεῖν
815 590 1136 644 ἀνακεῖσθαι
1185 591 1320 662 μόνῃ
1350 594 1415 663 τῇ
1458 593 1567 646 τῶν
1595 593 1731 649 ὅλων
1766 594 1916 665 βασι-

327 682 437 738 λίδι
471 681 653 751 φύσει.
682 681 807 746 Πῶς
832 678 927 736 οὖν
976 682 1043 736 ἂν
1082 682 1293 753 γένοιτο
1328 683 1534 754 Κύριος
1560 685 1659 755 τῆς
1691 684 1848 756 δόξης
1886 686 1915 739 6

330 770 788 841 ὲσταυρωμένος;
825 790 844 824 ι
881 770 954 825 Τὸ
976 770 1034 824 δὲ
1062 771 1404 843 ἀπαύγασμα
1431 772 1524 827 τοῦ
1556 774 1792 846 Πατρδς,
1822 776 1917 829 καὶ

329 865 432 936 τῆς
460 866 650 930 οὐσίας
674 867 702 919 6
724 867 1074 939 χαρακτὴρ,ὁ
1101 868 1281 939 φέρων
1308 869 1375 923 τὰ
1404 870 1580 925 πάντα
1600 870 1678 942 τῷ
1710 872 1916 943 ῥήματι

254 978 259 981 -
328 955 432 1020 τῆς
460 955 747 1028 δυνάμεως
769 958 1235 1030 αὑτοῦ,κρείττων
1262 960 1511 1029 ἀγγέλων
1533 980 1552 1014 ι
1586 962 1916 1033 γεγενῆσθαι

328 1045 550 1114 λέγεται
571 1064 584 1077 ·
616 1048 759 1121 τάχα
792 1067 895 1103 που
926 1040 986 1103 τδ
1013 1050 1254 1117 ἔλαττον,
1305 1054 1381 1115 ὡς
1412 1053 1677 1124 ἡγοῦμαι,
1711 1052 1913 1120 λαὸὼν,

329 1139 424 1193 ὅτε
452 1138 698 1211 πέφηνεν
726 1140 1034 1213 ἄνθρωπος.
1068 1143 1385 1211 Γέγραπται
1416 1144 1520 1215 γάρ
1543 1161 1554 1174 ·
1584 1143 1717 1198 «Τὸν
1742 1144 1914 1217 βραχύ

328 1248 386 1285 τι
417 1232 548 1301 παρ’
583 1231 848 1300 ἀγγέλους
871 1233 1254 1303 ἠλαττωμένον
1279 1234 1548 1305 βλέπομεν
1573 1234 1801 1307 Ἰησοῦν,
1830 1235 1919 1293 διὰ

329 1321 396 1375 τδ
424 1321 654 1393 πάθημα
685 1321 778 1376 τοῦ
809 1322 1066 1388 θανάτου,
1088 1322 1214 1395 δόξῃ
1244 1325 1337 1378 καὶ
1363 1328 1497 1397 τιμῇ
1525 1326 1916 1398 ἐστεφανωμέ-

332 1430 445 1469 νον.
470 1430 504 1465 ’›
538 1410 666 1486 Ἆρ’
698 1410 793 1469 οὖν
818 1415 1095 1488 ὲξώσομεν
1122 1417 1214 1471 τὸν
1236 1418 1300 1471 ὲκ
1326 1418 1462 1472 Θεοῦ
1497 1420 1711 1491 Πατρός
1742 1436 1920 1492 πεφη-

331 1507 464 1563 νότα
492 1508 668 1577 Λόγον
717 1508 819 1580 τῆς
865 1508 1015 1581 αὑτῷ
1063 1510 1385 1583 πρεπούσης
1428 1512 1719 1577 οὐσιὼδους
1751 1514 1921 1583 {irrepo

332 1598 486 1670 οχῆς,
513 1599 608 1653 καὶ
649 1599 749 1670 τῆς
792 1599 930 1672 πρὸς
958 1600 1120 1655 αὑτὸν
1162 1602 1427 1674 ἀκριϐοῦς
1455 1605 1776 1676 ὲμφερείας,
1823 1604 1921 1659 καὶ

330 1692 435 1762 τῆς
465 1693 575 1745 τῶν
605 1694 856 1762 ἀγγέλων
889 1693 1142 1759 εὐκλείας
1172 1694 1485 1767 ἡττώμενον
1514 1696 1804 1767 βλέποντες
1832 1697 1920 1757 διὰ

330 1785 397 1843 τὸ
426 1784 525 1855 τῆς
560 1785 876 1856 οἰκονομίας
924 1788 1303 1859 μικροπρεπὲς
1331 1789 1652 1861 νοούμενονς
1700 1791 1776 1843 Οὐ
1814 1790 1918 1862 μὲν

2018 600 2415 673 majestateque
2448 616 2624 673 usque
2672 602 2807 658 adeo
2836 602 3159 673 pmcelleuti
3201 603 3387 659 multis
3425 604 3596 673 parti-

2018 694 2122 751 bus
2162 693 2456 750 inferiores
2486 694 2876 751 conﬁtebitur?
2909 694 3179 751 Ilonorem
3219 694 3418 766 quippe
3456 710 3599 765 prae-

2020 785 2469 841 cellentissimum
2502 799 2625 841 esse
2667 786 2812 851 dico,
2847 785 3056 856 solique
3088 786 3319 856 principi
3353 786 3596 841 omnium

2019 886 2235 931 naturae
2267 874 2637 931 tribuendum.
2670 873 2954 942 Quomodo
2990 890 3119 946 ergo
3146 874 3308 931 fuerit
3333 873 3597 931 Dominus

2021 966 2208 1037 gloriae
2249 965 2304 1021 in
2348 980 2511 1023 cruce
2555 965 2820 1022 suilixus?
2874 985 2894 1020 ι
2929 966 3196 1037 Splendor
3231 981 3361 1022 vero
3394 964 3594 1028 Patris,

2019 1063 2075 1110 et
2101 1055 2417 1111 substantiae
2455 1056 2604 1113 illius
2626 1056 2937 1122 character,
2970 1066 3195 1126 portans
3219 1057 3400 1111 omnia
3430 1055 3596 1111 verbo

2022 1146 2248 1204 virtutis
2288 1161 2424 1211 sum,
2471 1146 2681 1218 angelis
2724 1147 3073 1217 praestantior
3108 1145 3396 1201 effectus"
3427 1164 3447 1196 ι
3479 1160 3601 1215 ρει-ο

2024 1238 2286 1294 hibetur:
2319 1237 2559 1295 fortasse
2587 1240 2737 1308 quia,
2771 1247 2830 1294 ut
2867 1238 3127 1305 arbitror,
3154 1239 3335 1293 minus
3368 1237 3597 1306 accepit,

2022 1330 2238 1403 quando
2266 1330 2515 1401 apparuit
2543 1330 2720 1387 factus
2765 1330 2949 1385 homo.
2986 1329 3259 1400 Scriptum
3297 1337 3381 1384 est
3410 1328 3554 1383 enim
3583 1349 3597 1383 :

2028 1445 2047 1479 ι
2079 1426 2216 1480 Eum
2272 1424 2365 1494 qui
2416 1423 2633 1479 modico
2686 1437 2849 1492 quam
2895 1422 3094 1494 angeli,
3145 1422 3448 1476 minoratus
3493 1429 3597 1483 est,

2024 1518 2275 1574 videmus
2298 1514 2485 1572 JeSum
2516 1525 2741 1585 propter
2768 1515 3073 1585 passionem
3105 1513 3319 1576 mortis,
3351 1512 3520 1583 gloria
3546 1520 3601 1566 et

2024 1609 2234 1664 honore
2269 1615 2591 1664 coronatum
2608 1607 2678 1661 “.
2711 1626 2730 1660 ι
2769 1604 2877 1662 Sed
2924 1605 3164 1676 nunquid
3190 1604 3428 1660 Verbum
3458 1604 3603 1672 quod

2023 1716 2092 1755 ex
2142 1698 2307 1756 Patre
2359 1707 2547 1756 natum
2597 1708 2704 1763 est,
2748 1699 2819 1754 ob
2868 1698 2921 1753 id
2973 1698 3041 1753 ab
3077 1696 3370 1753 eminentia
3405 1695 3494 1751 illa
3548 1704 3605 1751 et

2025 1792 2312 1863 dignitate,
2350 1805 2473 1862 qua:
2513 1790 2880 1849 essentialiter
2907 1791 2960 1846 in
2999 1789 3128 1845 illud
3157 1789 3432 1852 convenit,
3471 1800 3603 1843 nee-

330 1866 448 1929 οὖν.
480 1852 659 1944 *Οἶμαι
682 1852 792 1945 γάρ
819 1852 950 1942 δεῖν,
977 1852 1099 1929 οῦτε
1123 1852 1229 1931 τῶν
1254 1852 1612 1949 ἀνθρωπίνων
1640 1852 1920 1934 ἀπαλλάτ-

2026 1852 2132 1940 ηοῖι
2164 1885 2234 1939 ab
2276 1852 2468 1939 exacta
2513 1882 2604 1937 illa
2634 1882 2818 1937 Patris
2846 1881 3204 1939 similitudine
3230 1874 3600 1944 exéludemus,

330 1981 449 2019 τειν
491 1965 773 2030 παντελῶς
817 1965 908 2020 τὸν
955 1970 1019 2022 ὲκ
1056 1967 1193 2022 Θεοῦ
1243 1971 1418 2040 Λόγον
1465 1972 1606 2042 μετὰ
1640 1974 1739 2044 τὴν
1784 1974 1921 2045 πρὸς

2026 1974 2166 2045 quod
2219 1973 2517 2030 secundum
2572 1972 2999 2043 dispensationis
3054 1984 3363 2027 mensuram
3421 1970 3602 2024 animo

332 2058 516 2129 σάρκα
568 2057 823 2121 σύνοδον,
871 2058 997 2113 οὔτε
1051 2061 1160 2132 μὴν
1214 2062 1373 2131 δόξης
1425 2065 1524 2135 τῆς
1584 2063 1922 2136 θεοπρεποῦς

2026 2076 2370 2138 conceptum,
2420 2065 2736 2137 angelorum
2782 2064 3011 2135 gloriam
3049 2078 3154 2119 non
3202 2060 3460 2132 attingit?
3489 2060 3601 2117 Ne-

331 2148 660 2221 ἀποστερεῖν
685 2150 745 2203 τὸ
773 2151 1137 2221 ἀνθρώπινον,
1182 2157 1230 2209 εξ
1273 2157 1332 2209 ἐν
1375 2155 1596 2228 Χριστῷ
1621 2160 1794 2212 νοοῖτο
1826 2161 1921 2213 καὶ

2026 2173 2293 2231 quaquam
2319 2176 2335 2214 :
2367 2157 2607 2212 arbitror
2655 2158 2800 2211 enim
2833 2155 2928 2210 Dei
2957 2154 3194 2210 Verbum
3223 2163 3347 2224 post
3390 2168 3603 2208 assum-

328 2240 567 2310 λέγοιτο.
2023 2261 2168 2322 ptam
2209 2249 2377 2306 semel
2412 2262 2655 2313 carnem,
2689 2247 2758 2302 ab
2794 2247 3048 2302 humanas
3086 2255 3292 2300 naturae
3337 2242 3604 2299 conditio-

329 2336 496 2392 nibus
519 2337 626 2408 25
657 2354 763 2394 non
811 2353 934 2394 esse
986 2341 1221 2411 penitus.
1251 2341 1684 2411 excludendum;
1743 2360 1919 2416 neque
1958 2343 2283 2401 humanitati
2357 2355 2597 2406 rursum,
2627 2341 2697 2406 si,
2732 2349 2792 2395 ut
2832 2340 2887 2394 in
2924 2337 3144 2395 Christo
3220 2344 3321 2403 est,
3349 2334 3603 2392 conside-

330 2435 506 2492 retur,
532 2427 784 2497 gloriam,
813 2442 934 2497 qua:
964 2429 1131 2484 Deum
1162 2432 1339 2496 decet,
1371 2431 1744 2502 denegandam
1771 2449 1912 2491 esse.

403 2520 542 2573 KH'.
584 2519 732 2590 Πλὴν
757 2520 1127 2591 ἐρησομένους
1175 2524 1275 2576 οὐκ
1317 2523 1566 2595 ἠγνόησά
1606 2542 1758 2591 τινας
1782 2543 1795 2556 ·
1823 2527 1921 2591 Τίς

2093 2523 2335 2579 XXVIII.
2367 2524 2486 2579 Non
2542 2506 2788 2593 ignoravi
2834 2532 3014 2578 autem
3045 2520 3276 2585 futuros,
3309 2519 3398 2590 qui
3430 2522 3604 2575 inter-

327 2608 398 2680 δὴ
426 2606 534 2677 ἄρα
557 2607 706 2661 ἐστὶν
734 2606 950 2680 ἀληθῶς
983 2608 1192 2681 Ἰησοῦς
1226 2611 1491 2684 Χριστός;
1521 2614 1549 2667 6
1572 2614 1639 2667 ὲκ
1664 2615 1922 2684 γυναικὸς

2026 2625 2259 2685 rogent:
2296 2616 2566 2686 Agedum,
2621 2624 2743 2671 uter
2792 2628 2921 2670 vere
2972 2622 3058 2668 est
3106 2611 3264 2669 Jesus
3308 2610 3608 2667 Christus?

331 2699 644 2771 ἄνθρωπος,
678 2701 847 2772 ἧγουν
875 2703 904 2755 ό
939 2702 1004 2755 ἐκ
1029 2700 1166 2759 Θεοῦ
1199 2702 1405 2774 Λόγος;
1445 2706 1558 2760 Καὶ
1584 2707 1790 2776 ἠλίθιον
1826 2708 1927 2780 μὲν

334 2791 531 2864 κομιδῇ
593 2791 656 2846 τὸ
718 2792 1084 2848 διατείνεσθαι
1141 2796 1409 2865 περιττὰ,
1466 2797 1561 2851 καὶ
1623 2798 1926 2869 φληνάφοις

337 2882 710 2953 είκαιομύθοις
738 2883 1144 2953 ἀνταναφωνεῖν
1160 2882 1210 2941 Ιι.
1231 2884 1372 2957 Ἑρῶ
1396 2886 1440 2939 δ’
1469 2883 1585 2953 οῦν,
1613 2889 1696 2943 ὅτι
1726 2890 1926 2959 σφαλε-

337 2975 430 3048 ρόν
462 2992 521 3028 τε
553 2977 647 3029 καὶ
678 2974 1044 3047 οὑκάζήμιον
1085 2976 1148 3030 τὸ
1196 2977 1506 3048 διατέμνειν
1548 2979 1631 3043 είς
1675 2980 1789 3047 δύο,
1833 2982 1928 3036 καὶ

330 3067 614 3140 ἁναμέρος
664 3068 839 3140 ἱστᾷν,
876 3067 1166 3140 ἄνθρωπόν
1217 3086 1278 3124 τε
1333 3072 1430 3125 καὶ
1458 3071 1652 3140 Λόγον,
1683 3075 1786 3127 οὐκ
1829 3075 1926 3129 ἀν-

2027 2713 2144 2769 isne
2195 2712 2286 2783 qui
2341 2712 2504 2767 homo
2533 2724 2598 2765 ex
2651 2708 2876 2764 muliere
2926 2716 3086 2762 natus
3137 2714 3242 2775 est,
3265 2721 3336 2761 an
3368 2703 3607 2760 Verbum

2025 2809 2169 2878 quod
2229 2821 2294 2861 ex
2348 2805 2459 2859 Deo
2497 2803 2740 2871 genitum
2775 2801 2894 2858 est?
2916 2800 3010 2856 Nae
3039 2800 3265 2856 stultum
3293 2806 3378 2855 est
3413 2810 3607 2866 super-

2027 2892 2282 2948 vacaneis
2309 2891 2493 2948 verbis
2509 2889 2859 2954 contendere,
2896 2903 2961 2943 ae
2999 2885 3332 2956 quibuslibet
3373 2884 3609 2940 anilibus

2026 2982 2184 3052 nugis
2217 2995 2343 3037 sese
2388 2991 2682 3049 opponere.
2717 2977 3040 3046 Respondeo
3093 2973 3451 3031 nihilominus
3498 2987 3608 3029 non

2027 3072 2201 3131 solum
2264 3070 2654 3142 periculosum,
2682 3068 2776 3125 sed
2827 3069 2992 3123 etiam
3048 3065 3411 3136 perniciosum
3462 3078 3608 3130 esse,

331 3138 607 3237 εχομένης
650 3138 771 3235 τῆς
795 3138 1132 3235 οἰκονομίας,
1164 3166 1260 3221 καὶ
1285 3166 1521 3239 Χριστὸν
1547 3138 1662 3220 -ἓνα
1709 3165 1922 3238 βοώσης

2029 3138 2304 3222 hominem
2336 3172 2392 3218 et
2418 3160 2657 3218 Verbum
2693 3160 2999 3231 seiungere,
3039 3157 3295 3228 factaque
3344 3156 3624 3213 divisione-

331 3256 434 3327 τῆς
476 3254 837 3309 θεοπνεύστου
866 3256 1123 3327 Γωφῆςδ
1158 3257 1357 3328 χρῆναι
1392 3256 1502 3329 γὰρ
1553 3255 1729 3325 ἔγωγέ
1755 3272 1920 3327 φημι,

336 3349 479 3417 μήτε
525 3346 617 3400 τδν
652 3348 716 3400 ὲκ
742 3345 880 3399 Θεοῦ
917 3346 1092 3415 Λόγον
1139 3346 1561 3418 ἁνθρωπότητος
1602 3345 1746 3416 δίχα,
1785 3346 1925 3416 μήτε

336 3437 448 3512 μὴν
477 3439 571 3493 τὸν
602 3440 667 3493 ὲκ
695 3438 956 3508 γυναικὸς
987 3438 1358 3510 ἀποτεχθέντα
1400 3438 1550 3501 ναὸν,
1584 3438 1660 3501 ὡς
1689 3438 1763 3508 μὴ
1790 3439 1924 3491 ἑνω-

333 3528 501 3585 θέντα
541 3530 620 3602 τῷ
644 3530 823 3602 Λόγῳ,
868 3531 1105 3601 Χριστὸν
1136 3531 1346 3603 Ἰησοῦν
1392 3531 1778 3602 ὀνομάζεσθαι.
1807 3528 1926 3586 Ἀν-

333 3622 655 3693 θρωπότητι
680 3620 787 3695 γάρ
813 3619 937 3675 καθ’
971 3621 1167 3676 ἕνωσιν
1195 3620 1547 3693 οἰκονομικὴν
1595 3620 1929 3692 ἀπορῤήτως

335 3713 802 3787 συνενηνεγμένος
849 3715 879 3768 6
931 3716 997 3769 ὲκ
1040 3713 1176 3771 Θεοῦ
1212 3715 1405 3783 Λόγος,
1437 3716 1640 3770 νοεῖται
1668 3696 1925 3784 Χριστός.

347 3806 649 3880 ’Δνώτερος
695 3806 796 3879 μὲν
845 3806 1285 3877 ἀνθρωπότητος,
1319 3806 1396 3869 ὡς
1446 3806 1609 3876 φύσει
1656 3805 1789 3870 Θεὸς
1834 3805 1929 3859 καὶ

333 3898 501 3963 Υἱός·
550 3899 653 3952 οὐκ
683 3897 971 3969 ἀτιμάζων
1013 3897 1072 3951 δὲ
1129 3898 1226 3951 καὶ
1270 3897 1332 3950 τὸ
1359 3898 1420 3949 ὲν
1450 3897 1642 3963 ὑφέσει
1675 3895 1929 3964 γενέσθαι

332 3994 537 4058 δοκεῖν,
582 3993 671 4048 διὰ
717 3992 779 4047 τὸ
831 3991 1192 4064 ἀνθρώπινον.
1266 3990 1555 4062 Τοιγάρτοι
1633 3990 1763 4044 ποτὲ
1829 3989 1928 4060 μὲν

333 4086 611 4155 ἔφασκεν*
653 4086 752 4139 (Ὀ
796 4082 1059 4158 ἑωρακὼς
1112 4083 1233 4155 ἐμὲ,
1280 4083 1495 4155 ἑώρακε
1540 4082 1632 4137 τὸν
1687 4082 1927 4154 Πατέρα.

349 4177 497 4248 Ἐγὼ
539 4179 635 4232 καὶ
661 4179 690 4230 6
718 4176 910 4251 Πατὴρ
946 4174 1005 4229 ἓν
1034 4176 1232 4246 ἐσμεν·
1265 4193 1284 4228 ι
1324 4174 1454 4229 ποτὲ
1501 4174 1558 4228 δὲ
1603 4168 1670 4230 αὖ
1722 4172 1885 4228 πάλιν
1914 4188 1927 4201 ·

343 4270 449 4327 «Ὀ
480 4271 673 4342 Πατήρ
705 4287 805 4342 μου
853 4267 1058 4340 μείζων
1096 4284 1198 4338 μου
1246 4266 1423 4321 ἐστίν’
1463 4286 1482 4318 ι
1517 4266 1577 4319 οὐ
1614 4265 1782 4337 μείων
1822 4263 1930 4336 γὰρ

337 4362 418 4423 ὢν
451 4362 547 4417 τοῦ
595 4362 809 4434 Πατρός
861 4360 1005 4416 κατά
1050 4377 1114 4431 γε
1165 4359 1228 4413 τὸ
1279 4361 1339 4417 ὲν
1385 4359 1545 4430 οὐσίᾳ,
1586 4357 1801 4423 ταυτὸν,
1834 4357 1932 4413 καὶ

2028 3263 2324 3323 utrumque
2366 3265 2613 3308 seorsum
2653 3258 2930 3314 statuere;
2975 3250 3175 3319 quippe
3234 3261 3357 3303 eum
3391 3246 3612 3316 dispeno

2028 3346 2259 3404 sationis
2288 3344 2606 3417 mysterium
2624 3342 2891 3415 ejusmodi
2923 3341 3221 3397 sectionem
3265 3352 3625 3410 nequaquam.

2027 3440 2300 3507 admittat,
2333 3450 2389 3494 et
2411 3438 2593 3493 divina
2628 3447 2893 3509 praeterea
2949 3435 3230 3506 Scriptura
3278 3448 3445 3489 unum
3479 3431 3615 3488 dun-

2031 3539 2182 3588 taxat
2236 3529 2517 3586 Christum
2552 3544 2676 3586 esse
2733 3528 2939 3584 diserte
2996 3528 3202 3594 tradat;
3239 3539 3428 3582 assero
3464 3525 3614 3581 enim

2029 3639 2207 3694 neque
2238 3621 2334 3677 Dei
2379 3620 2610 3677 Verbum
2651 3622 2859 3691 absque
2890 3619 3254 3685 humanitate,
3278 3631 3453 3688 neque
3475 3626 3614 3672 tem-

2031 3714 2180 3785 plum
2215 3728 2452 3776 rursum,
2493 3713 2637 3776 quod
2680 3726 2746 3766 ex
2794 3711 3023 3766 muliere
3071 3710 3125 3764 in
3170 3708 3347 3765 lucem
3406 3707 3614 3764 editum

2033 3816 2140 3873 est,
2165 3805 2268 3860 nisi
2299 3819 2423 3861 cum
2440 3801 2617 3859 Verbo
2632 3801 2982 3872 coniunctum
3013 3802 3105 3868 sit,
3123 3800 3403 3857 Christum
3429 3799 3614 3856 Iesum

2032 3877 2294 3967 appellari
2348 3909 2529 3965 posse.
2587 3893 3034 3963 Quandoquidem
3089 3892 3186 3946 Dei
3228 3892 3463 3946 Verbum
3516 3903 3617 3959 per

2034 3986 2490 4058 dispensator-iatn
2535 3986 2784 4055 ecpulam
2825 3984 3131 4039 admirabili
3169 3983 3332 4038 modo
3361 3982 3616 4037 humanm

2032 4089 2243 4135 natura:
2296 4079 2532 4142 unitum,
2569 4078 2822 4133 Christus
2878 4090 3011 4132 esse
3059 4073 3426 4143 cognoscitur.
3479 4070 3615 4128 Nam

2031 4170 2135 4227 etsi
2170 4169 2301 4225 illud
2343 4179 2404 4224 ut
2460 4168 2606 4225 Deus
2637 4168 3014 4237 naturalisque
3067 4166 3166 4222 Dei
3212 4165 3393 4223 Patris
3421 4164 3613 4232 Filius,

2034 4262 2374 4319 humanitate
2409 4262 2660 4334 superius
2687 4261 3034 4328 sit,attamen
3064 4268 3289 4330 propter
3307 4265 3618 4328 susceptam

2033 4355 2267 4412 hominis
2301 4366 2553 4413 naturam
2581 4355 2637 4411 in
2666 4355 2973 4411 humilitate
3003 4353 3193 4424 jacere
3213 4366 3319 4408 non
3345 4351 3619 4407 detrecta-

337 4457 486 4513 κατὰ
530 4457 639 4510 πᾶν
687 4454 866 4515 ὁτιοῦν
898 4454 960 4509 τὸ
996 4451 1338 4517 ίσοστατοῦν,
1382 4453 1441 4507 ὲν
1477 4452 1754 4508 ἐλάττοσιν
1785 4445 1922 4506 εῖναι

2035 4448 2134 4502 vit.
2180 4450 2359 4520 Atque
2412 4450 2519 4506 huc
2554 4449 2721 4517 tendit
2771 4447 2904 4504 illud
2946 4446 3149 4509 Christi
3184 4464 3199 4501 :
3240 4459 3269 4499 ι
3316 4442 3417 4510 Qui
3470 4440 3619 4497 videt

338 4507 1079 4621 ἐξῆέιῖδιᾶἒεδιζωρξδέτὶνον.
1158 4507 1165 4508 ί
1228 4507 1269 4533 ’ί
1323 4507 1337 4517 ’
1486 4507 1489 4508 ί
1704 4526 1709 4529 ’

2039 4556 2147 4610 me,
2186 4507 2333 4598 videt
2358 4549 2415 4598 et
2437 4511 2654 4601 Patrem
2691 4555 2871 4597 meum
2891 4540 2971 4610 εις
3002 4557 3022 4593 ι
3050 4547 3127 4605 et,
3167 4557 3190 4591 ι
3228 4536 3339 4607 Ego
3371 4543 3426 4590 et
3453 4533 3620 4592 Pater

338 4657 512 4700 unum
546 4657 734 4699 sumus
759 4642 843 4709 3';
873 4660 892 4694 ι
921 4652 978 4695 et
1034 4640 1164 4699 illud
1238 4653 1456 4695 rursum
1501 4636 1769 4709 ejusdem,
1799 4633 1971 4691 Pater
2001 4650 2155 4693 meus
2202 4631 2381 4704 major
2421 4649 2506 4690 me
2579 4645 2662 4692 est
2689 4635 2816 4696 ".a
2850 4632 3110 4701 Quamvis
3136 4629 3305 4695 enim,
3341 4627 3457 4684 sive
3486 4626 3617 4682 sub-

340 4738 562 4795 stantia:
598 4737 967 4804 identitatem,
990 4735 1109 4790 sive
1139 4735 1284 4791 aliud
1318 4735 1703 4804 quodcunque,
1738 4731 1789 4785 in
1820 4745 1930 4801 quo
2003 4746 2125 4786 cum
2176 4729 2340 4785 Patre
2391 4729 2628 4786 conferri
2683 4736 2865 4799 queat,
2925 4734 3156 4798 spectes,
3186 4722 3366 4779 Patre‘
3407 4734 3618 4791 nequa-

341 4846 511 4909 quam
548 4830 724 4885 minor
754 4829 862 4896 sit;
906 4837 1087 4884 tamen
1110 4837 1334 4899 propter
1370 4833 1708 4895 assumptam
1730 4822 2148 4891 humanitatem,
2168 4823 2331 4880 Patre
2355 4825 2621 4879 minorem
2648 4837 2706 4878 se
2739 4829 2919 4878 vocat.

415 4925 548 4981 KO’.
589 4921 936 4993 Κηρύττεται
966 4918 1025 4975 δὲ
1056 4920 1153 4973 καὶ
1183 4918 1273 4972 διὰ
1304 4917 1415 4973 τῶν
1462 4916 1623 4988 ἱερῶν
1663 4915 1922 4989 Γραμμά‹

2113 4916 2309 4974 XXIX.
2344 4917 2483 4986 Quin
2510 4930 2679 4972 sacra:
2707 4914 2926 4986 quoque
2952 4912 3176 4968 Litteras
3223 4908 3621 4981 dispensatoris

340 5034 479 5085 των,
516 5016 645 5070 ποτὲ
681 5014 780 5085 μὲν
806 5012 883 5077 ὡς
911 5011 1033 5076 ὅλος
1066 5009 1145 5063 ὢν
1171 5009 1481 5081 ἄνθρωπος,
1515 5005 1922 5078 σεσιωπημένης

2043 5010 2275 5080 quadam
2331 5010 2560 5072 ratione,
2588 5007 2870 5063 divinitate
2929 5005 3074 5061 illius
3097 5016 3411 5074 suppressa,
3448 5009 3621 5059 tutum

344 5108 516 5166 αὐτοῦ
545 5107 647 5175 τῆς
671 5104 925 5175 θεότητος
954 5100 1319 5173 οἰκονομικῶς
1338 5118 1352 5133 ·
1385 5102 1518 5155 ποτὲ
1560 5100 1619 5154 δὲ
1666 5094 1734 5154 αὖ
1772 5098 1922 5153 nam

2044 5096 2319 5153 interdum
2354 5097 2656 5166 praedicant
2706 5104 2765 5151 ut
2795 5094 3321 5162 hominem;contra
3366 5103 3621 5145 nonnun-

345 5202 425 5266 ὡς
477 5199 631 5265 Θεὸς,
670 5195 1094 5267 σεσιωπημένης
1142 5192 1308 5248 αὑτοῦ
1338 5193 1440 5263 τῆς
1468 5191 1922 5264 ἁνθρωπότητοςε

2044 5203 2207 5259 quam
2231 5188 2572 5244 humanitate
2599 5185 2843 5261 ejusdem
2877 5186 3059 5252 tacita,
3091 5193 3263 5241 totum
3297 5179 3621 5253 quandoque

347 5292 617 5348 ἀδικεῖται
638 5290 697 5343 δὲ
734 5288 855 5344 κατ’
888 5286 1083 5342 οὐδένα
1105 5286 1327 5359 τρόπον,
1354 5283 1443 5339 διὰ
1480 5275 1581 5356 τὴν
1624 5284 1828 5355 ἀμφοῖν
1854 5284 1922 5347 είς

2047 5279 2325 5335 insinuant
2346 5287 2406 5335 ut
2433 5278 2623 5334 Deum.
2654 5280 2908 5334 Attamen
2957 5283 3182 5348 propter
3209 5271 3491 5341 utriusque
3524 5281 3624 5323 na-

348 5379 584 5449 ὲνότητα
631 5375 923 5448 σύμϐασιν.
966 5376 1079 5430 Καὶ
1113 5374 1242 5445 γοῦν
1266 5377 1294 5428 ὁ
1325 5373 1613 5439 θεσπέσιος
1642 5373 1874 5438 Παῦλος,
1905 5375 1922 5427 ἐ

2047 5381 2182 5426 turae
2240 5370 2292 5425 in
2347 5386 2510 5426 unam
2573 5369 2927 5441 eamdemque
2955 5379 3242 5439 personam
3304 5360 3619 5426 coitionem,

428 5537 475 5572 ⁷⁸
500 5537 664 5594 llebr.
699 5535 740 5600 l,
770 5535 826 5601 3,
862 5536 917 5589 Δ.
993 5533 1038 5565 ⁸⁸
1069 5532 1233 5590 Hebr.
1279 5547 1338 5597 tt,
1371 5529 1425 5586 9.
1501 5526 1726 5585 “Joan.
1774 5542 1883 5595 xiv,
1920 5536 1922 5553 ⁴

2049 5526 2094 5559 δ’
2129 5525 2287 5583 Joan.
2321 5542 2376 5594 κ,
2423 5525 2511 5581 50.
2589 5526 2636 5559 ⁸³
2664 5512 2847 5583 ,Ιοοιιζ
2876 5538 2990 5595 nv,
3025 5520 3118 5579 28.

1468 5669 1642 5727 Variae
1672 5669 1933 5726 lectiones
1964 5666 2167 5725 codicis
2210 5664 2577 5739 Seguieriani.

433 5819 468 5863 ιι
489 5814 801 5888 φληνάφους
824 5807 1204 5880 εἰκαιομυθίας
1235 5806 1660 5875 ἁνταναφωνεῖν.
