4060 6464
433 417 571 476 1175

1422 423 1484 479 8:
1519 420 1790 480 CYRILLI
1833 416 2302 477 ALEXANDRINI
2344 422 2666 479 ARtIlllEP.

3560 420 3700 476 H76

431 531 578 589 nulla
601 532 703 589 hac
733 534 946 603 quidem
988 536 1040 590 in
1069 551 1128 593 re
1151 536 1378 594 adicitur
1410 537 1630 607 injuria.
1666 537 2008 606 Quapropter

2134 538 2372 609 Ἐϐραῖος
2404 539 2463 605 ἐξ
2485 539 2777 611 Ἐϐραίων,
2813 537 2907 591 καὶ
2939 537 3111 611 φυλῆς
3146 534 3471 606 Βενιαμὶν,ὁ
3501 534 3701 605 κλητὸς

431 622 649 683 divinus
687 624 885 685 Paulus
922 625 1180 682 l-lcbra-us
1224 643 1290 684 ex
1341 627 1604 695 Hebraeis,
1637 644 1702 683 ex
1740 625 2011 694 Benjami-

434 718 541 778 tira
576 718 715 775 tribu
754 719 820 773 ad
841 720 1201 788 apostolatum
1233 731 1473 786 vocatus,
1509 722 1594 777 his
1613 721 1703 792 qni
1731 736 1828 791 per
1854 719 2011 775 ﬁdem

428 808 715 877 jnstiiicati
768 810 1002 878 fuerant,
1041 812 1394 881 cerealiaque
1445 814 1707 878 membra,
1742 822 1866 881 puta
1903 810 2014 865 for-

433 900 783 968 nicationem,
808 904 1112 972 avaritiam,
1140 905 1336 963 malam
1362 905 1738 973 cupiditatem,
1770 914 1824 959 et
1857 914 2014 959 caete-

433 1004 525 1044 ras
559 991 725 1047 animi
760 995 1197 1058 perturbationes
1248 996 1732 1062 mortificaverant,
1769 997 1837 1050 ad
1870 996 2014 1051 hunc

434 1082 657 1138 modum
688 1086 916 1142 scribit:
955 1105 974 1138 ε
1014 1086 1209 1151 Μοτιυί
1256 1087 1401 1141 enim
1438 1089 1591 1153 estis,
1620 1098 1675 1142 et
1702 1089 1810 1143 vita
1834 1099 2012 1144 vestra

436 1183 522 1227 est
562 1175 876 1231 abscondita
911 1192 1036 1230 cum
1092 1176 1317 1234 Christo
1356 1178 1415 1232 in
1445 1178 1553 1232 Deo
1574 1178 1642 1234 ⁸⁸.
1673 1197 1692 1230 ι
1720 1178 1835 1232 lmo
1888 1193 2016 1233 vero

437 1264 552 1333 ipse
606 1266 852 1322 Christus
905 1269 976 1322 ita
1009 1280 1306 1341 precatur:
1354 1289 1373 1321 ι
1412 1269 1573 1325 Pater
1611 1279 1823 1338 sancte,
1859 1285 2017 1326 serva

436 1373 531 1411 eos
557 1357 609 1411 in
642 1359 857 1414 nomine
888 1367 1001 1425 tuo,
1033 1375 1171 1429 quos
1199 1361 1392 1417 dedisti
1421 1361 1571 1425 mihi,
1597 1371 1656 1415 ut
1684 1363 1793 1416 sint
1826 1377 2017 1423 unum,

436 1452 577 1509 sicut
615 1459 669 1504 ct
725 1467 843 1507 nos.
880 1450 1019 1506 Cum
1054 1468 1229 1507 essem
1280 1469 1402 1507 cum
1450 1454 1551 1515 eis,
1584 1469 1685 1523 ego
1734 1454 2018 1507 servabam

437 1557 532 1598 eos
564 1543 614 1596 in
648 1546 865 1602 nomine
923 1556 1012 1600 tuo
1042 1566 1055 1602 :
1098 1562 1235 1616 quos
1281 1549 1475 1603 dedisti
1542 1550 1671 1603 mihi
1707 1565 1807 1616 ego
1840 1563 2020 1603 cusm—

439 1636 547 1688 divi
575 1653 590 1700 ;
627 1646 682 1693 et
709 1653 866 1691 nemo
898 1654 961 1693 ex
988 1641 1068 1694 eis
1097 1640 1282 1709 periit,
1327 1641 1432 1696 nisi
1487 1641 1630 1697 ﬁlius
1672 1643 2019 1708 perditionis,

441 1736 500 1780 ut
524 1728 802 1797 Scriptura
826 1732 936 1802 23
962 1732 1272 1803 impleatur.
1309 1736 1460 1792 Nunc
1510 1746 1691 1791 autem
1745 1738 1810 1789 ad
1842 1748 1891 1789 te
1929 1751 2019 1789 reo

2118 633 2436 700 ἀπόστολος,
2472 610 2778 687 ἐπιστέλλει
2803 632 2915 694 τοῖς
2947 610 3051 683 διὰ.
3077 628 3316 692 πίστεως
3341 625 3700 697 δεδικαιωμέ-

2116 743 2248 788 νοις,
2294 725 2387 779 κα)⁸
2420 723 2871 795 κατανεκρώσασι
2902 720 2970 775 τά
3000 721 3135 794 μέλη
3178 719 3380 791 σαρκὸς
3408 717 3701 790 (πορνείαν

2116 817 2180 889 δὴ
2231 817 2374 885 λέγω
2428 817 2523 869 καὶ
2582 815 2792 878 πάθος,
2837 812 3134 884 ἐπιθυμίαν
3185 811 3404 881 κακὴν,
3460 808 3552 863 καὶ
3601 806 3702 879 τὴν

2122 908 2459 979 πλεονεξίαν)
2477 926 2492 941 ·
2532 929 2548 958 ι
2574 907 2900 961 Ἀπεθάνετε
2946 905 3075 976 γὰρ,
3109 905 3203 958 καὶ
3231 905 3265 974 ἠ
3293 902 3405 974 ζωὴ
3428 899 3582 972 ὑμῶν
3607 898 3697 953 κέ-

2118 1017 2357 1070 κρυπται
2386 1000 2483 1051 σὺν
2505 999 2582 1070 τῷ
2617 998 2837 1069 Χριστῷ
2864 999 2921 1051 ἐν
2951 996 3029 1068 τῷ
3057 995 3194 1066 Θεῷ.
3224 1016 3241 1047 ι
3275 994 3445 1057 Αὐτὸς
3478 988 3572 1047 οὖν
3595 989 3703 1060 ἔφη

2120 1094 2250 1164 περὶ
2292 1092 2402 1146 τῶν
2437 1092 2633 1146 ἑαυτοῦ
2679 1090 2937 1162 μαθητῶν
2959 1107 2971 1119 ⁸
3010 1109 3028 1142 ι
3062 1089 3245 1160 Πάτερ
3281 1088 3425 1156 ἅγιε,
3461 1086 3703 1155 τήρησον

2119 1187 2319 1252 αὐτοὺς
2372 1186 2430 1240 ὲν
2468 1184 2546 1255 τῷ
2593 1184 2818 1253 ὀνόματί
2875 1200 2991 1248 σου,
3023 1181 3118 1245 οὓς
3164 1180 3402 1243 δέδωκάς
3457 1195 3568 1248 μοι,
3613 1173 3705 1229 ἵνα

2122 1273 2257 1334 ὦσιν
2309 1279 2389 1345 ἓν,
2420 1276 2603 1340 καθὼς
2654 1275 2972 1347 ὴμεῖς.Ὂτε
3018 1273 3166 1351 ἢμην
3202 1271 3319 1343 μετ’
3356 1269 3557 1332 αὐτῶν,
3588 1264 3706 1335 ἐγὼ

2122 1370 2349 1439 ἐτήρουν
2377 1366 2575 1429 αὐτοὺς
2603 1367 2661 1419 ἐν
2698 1364 2777 1434 τῷ
2801 1362 3026 1433 ὀνόματί
3061 1378 3179 1422 σου,
3207 1358 3300 1424 οὒς
3326 1356 3566 1427 δέδωκάς
3589 1373 3705 1427 μοι,

2124 1464 2218 1515 καὶ
2248 1460 2490 1530 ἐφύλαξα
2520 1459 2739 1521 αὐτοὺς,
2776 1457 2871 1511 καὶ
2929 1456 3107 1518 οὐδεὶς
3138 1455 3195 1519 ἐξ
3230 1450 3409 1506 αὐτῶν
3434 1447 3705 1515 ἀπώλετο,

2123 1556 2172 1608 εί
2211 1555 2284 1625 μὴ
2325 1554 2353 1605 ὁ
2398 1552 2512 1615 υίὸς
2540 1551 2639 1621 τῆς
2679 1546 2977 1612 ἀπωλείας,
3012 1545 3101 1599 ἴνα
3129 1546 3162 1614 ἡ
3191 1541 3384 1614 Γραφὴ
3418 1540 3703 1612 πληρωθῇ.

2124 1647 2239 1701 Νῦν
2268 1647 2323 1700 δὲ
2353 1645 2489 1717 πρὸς
2520 1644 2578 1696 σὲ
2601 1643 2849 1715 ἔρχομαι,
2865 1642 2958 1693 καὶ
2973 1637 3147 1692 ταῦτα
3162 1635 3310 1690 λαλῶ
3326 1636 3382 1688 ὲν
3397 1633 3474 1704 τῷ
3490 1634 3706 1703 κόσμῳ,

2127 1741 2215 1793 ἵνα
2264 1738 2430 1810 ἔχωσι
2471 1737 2571 1806 τὴν
2620 1733 2794 1806 χαράν
2839 1734 2938 1803 τὴν
2989 1730 3129 1802 ἐμὴν
3175 1724 3616 1797 πεπληρωμένην
3649 1725 3710 1776 ὲν

444 1817 533 1870 nio
568 1836 581 1872 :
609 1827 662 1873 et
692 1820 802 1873 ha-c
850 1821 1040 1892 loquor
1078 1825 1130 1879 in
1168 1828 1385 1892 mundo,
1416 1839 1473 1882 ut
1506 1829 1739 1882 habeant
1766 1827 2018 1898 gaudium

2134 1834 2329 1894 αὑτοῖς.
2362 1852 2379 1883 ι
2409 1829 2607 1898 Συνίης
2634 1823 2748 1893 οῦν,
2781 1827 2929 1887 ὅπως
2975 1823 3082 1877 ἀπὸ
3108 1822 3276 1892 μόνης
3305 1817 3700 1923 ὦσπερνὴμῖνί

447 1926 625 1964 meum
667 1914 945 1981 impletum
983 1918 1042 1971 in
1087 1921 1396 1989 semetipsis
1419 1918 1485 1973 ⁸³.
1527 1939 1544 1971 ι
1581 1920 1842 1987 lnlelligis
1885 1934 2020 1987 «111οο

445 2002 606 2055 ιιιοάο
629 2019 724 2071 ρον
750 2004 941 2068 ευιδιιι,
966 2021 1116 2063 more
1135 2019 1340 2076 nostro,
1362 2010 1752 2065 humanitatem
1784 2011 1871 2064 hic
1895 2008 2024 2065 insi-

445 2090 600 2142 nuari
640 2090 923 2147 videatur?
950 2092 1136 2164 Neque
1182 2099 1324 2153 enim
1367 2113 1433 2153 ex
1495 2098 1643 2155 hisce
1699 2100 2026 2156 concludere

445 2180 570 2239 licet
619 2182 851 2243 Verbum
880 2188 1061 2258 aliquo
1095 2206 1153 2245 se
1180 2190 1472 2258 abdidisse,
1497 2202 1588 2247 aut
1623 2209 1654 2247 e
1698 2196 1898 2249 mundo
1924 2195 2026 2250 hoc

445 2274 1250 2349 emigrasse:constatnamque
1270 2280 1397 2337 alibi
1427 2292 1612 2350 aperte
1661 2284 2021 2338 disseruisse:

452 2383 474 2417 ι
507 2366 702 2435 Amen,
730 2384 885 2425 amen
941 2370 1062 2425 dico
1108 2371 1281 2435 vobis,
1315 2373 1403 2428 ubi
1456 2382 1581 2427 sunt
1636 2374 1742 2428 duo
1791 2386 1883 2428 aut
1916 2384 2029 2431 tres

447 2460 757 2530 congregati
831 2462 883 2516 in
947 2465 1166 2520 nomine
1230 2479 1371 2532 meo,
1423 2466 1494 2521 ibi
1559 2482 1679 2522 sum
1728 2467 1780 2520 in
1853 2469 2029 2523 medio

447 2553 712 2607 eorum”.
753 2571 773 2603 ›
797 2553 862 2608 Ει
894 2555 1087 2611 iterum
1113 2572 1128 2610 :
1159 2576 1179 2609 ι
1217 2556 1356 2613 Ecce
1387 2558 1661 2613 vobiscum
1709 2574 1825 2614 sum
1860 2574 2029 2629 usque

450 2641 517 2701 ad
562 2644 1086 2703 consummationem
1119 2648 1302 2703 sarculi
1331 2650 1397 2701 δῖ.
1436 2669 1453 2699 ι
1503 2650 1699 2706 Videas
1747 2663 1802 2706 et
1843 2665 2029 2707 sacra-

451 2733 721 2793 tissimum
780 2753 997 2809 quoque
1045 2739 1268 2796 Paulum
1309 2758 1451 2813 sa'pe
1491 2744 1785 2814 multisque
1810 2744 1863 2799 in
1897 2746 2031 2800 locis

450 2827 690 2883 hominis
725 2831 986 2886 vocabulo
1023 2835 1371 2890 cunctantius
1400 2837 1646 2890 eumdem
1697 2838 1985 2908 designare
2015 2857 2026 2891 :

459 2937 478 2977 ι
523 2918 744 2986 Paulus,
800 2923 997 2993 inquit,
1058 2926 1353 2996 apostolus,
1400 2946 1505 2983 non
1565 2931 1634 2985 ab
1694 2931 2026 2999 hominibus,

452 3025 631 3080 neque
659 3029 754 3082 per
792 3014 1087 3083 hominem,
1116 3021 1209 3074 sed
1251 3035 1346 3089 per
1383 3019 1568 3075 Iesum
1606 3021 1887 3076 Christum
1906 3022 1971 3077 ⁸⁸.
2007 3042 2026 3073 ι

451 3100 719 3163 Rursum:
748 3123 766 3157 ι
792 3104 985 3163 Notum
1019 3119 1199 3165 autem
1228 3111 1380 3166 vobis
1415 3112 1574 3187 facio,
1601 3112 1821 3180 fratres,
1854 3113 2033 3169 Evan-

2130 1927 2227 1995 τῆς
2263 1919 2685 1992 ἀνθρωπότητος
2714 1915 2771 1970 ἔν
2816 1931 2876 1984 γε
2923 1912 3158 1967 τουτοισὶ
3197 1904 3710 2004 κατασημαίνεσθαι

2130 2016 2307 2077 δοκεῖς
2359 2006 2660 2082 Οἱήσομαιὶ
2708 2004 2817 2076 γάρ
2853 2000 3100 2071 οὐδαμῶς
3153 1995 3459 2068 κεκρύφθαι
3501 2009 3561 2045 τε
3604 1995 3711 2095 ⁸καὶ

2131 2105 2431 2175 ἀποδημεῖν
2492 2099 2585 2153 τοῦ
2645 2098 2884 2167 κόσμου,
2930 2094 3109 2147 καίτοι
3173 2090 3424 2158 λέγοντος
3486 2090 3707 2183 σαφιῑὲς·

2138 2220 2156 2249 r
2180 2172 2370 2265 Ἀμην,
2419 2190 2567 2261 ἀμὴν
2613 2187 2759 2255 λέγω
2806 2186 2953 2255 ὑμῖν,
2986 2183 3067 2235 ὅτι
3113 2181 3245 2234 ὅπου
3277 2178 3369 2231 ἐὰν
3403 2172 3711 2265 συναχθιῖισι

2132 2262 2301 2354 δύονῆ
2345 2283 2490 2352 τρεῖς
2528 2280 2605 2342 εἰς
2633 2277 2695 2331 τὸ
2724 2278 2857 2348 ὲμδν
2904 2275 3093 2344 ὖνομα,
3131 2272 3248 2325 ἐκεῖ
3294 2270 3409 2338 εἰμι
3458 2267 3516 2319 ὲν

2133 2380 2377 2435 αὐτῶν.»
2430 2375 2544 2429 Καὶ
2590 2371 2785 2425 πάλιν⁸
2847 2389 2865 2420 ι
2895 2367 3028 2421 Ἰδοὺ
3082 2362 3195 2433 ἐγὼ
3245 2360 3362 2433 μεθ’
3392 2357 3545 2430 ὑμῶν
3596 2356 3714 2425 είμι

2135 2472 2316 2533 πάσας
2345 2467 2442 2529 τὰς
2474 2465 2710 2534 ἡμέρας,
2743 2460 2849 2522 ἓως
2880 2458 2979 2528 τῆς
3006 2454 3314 2516 συντελείας
3338 2450 3431 2504 τοῦ
3457 2448 3707 2512 αίῶνος.ι

2138 2562 2298 2624 Ι’ῐδοις
2331 2558 2375 2611 δ’
2409 2555 2472 2608 ἂν
2501 2555 2595 2607 καὶ
2623 2550 2788 2605 αὑτὸν
2830 2548 2919 2603 τὸν
2951 2545 3242 2619 ἱερώτατον
3268 2542 3479 2597 Παῦλον
3513 2541 3719 2609 καταρ-

2137 2648 2485 2725 ρᾳθυμοῦντα
2538 2644 2798 2706 πολλάκις
2836 2641 2931 2694 τοῦ
2980 2639 3074 2694 καὶ
3111 2636 3398 2708 ἄνθρωπον
3430 2633 3541 2725 δεῖν
3581 2632 3720 2725 ἀνα-

2136 2721 2428 2814 κηρύττειν
2444 2738 2625 2791 αὐτόν.
2654 2755 2671 2787 ι
2698 2734 2910 2797 Παῦλος
2928 2731 3057 2802 γάρ,
3081 2729 3267 2800 φησὶν,
3286 2723 3602 2787 ἀπόστολος,
3618 2721 3721 2814 οὐκ

2137 2811 2231 2891 as;
2258 2834 2584 2904 ἀνθρώπων,
2627 2829 2747 2883 οὐδὲ
2790 2827 2857 2881 δι’
2887 2823 3199 2895 ἀνθρώπου,
3250 2819 3384 2874 ἀλλὰ
3415 2816 3507 2870 eis
3541 2811 3720 2885 Ἰησοῦ

2138 2928 2399 3002 Χριστοῦ.
2435 2946 2453 2979 ι
2493 2924 2605 2978 Καὶ
2635 2919 2702 2978 αὖ
2732 2922 2825 2974 ἐπὶ
2858 2918 3100 2980 τούτοις·
3151 2936 3167 2966 ι
3196 2911 3451 3002 Γνωρίξω
3489 2908 3723 3002 saepe:

2139 2997 2203 3074 τδ
2225 3016 2582 3085 Εὑαγγέλιον,
2615 3011 2770 3082 φησὶ,
2798 3010 2859 3063 τὸ
2899 3004 3284 3075 εὐαγγελισθὲν
3328 3000 3419 3055 ὑπ’
3448 2997 3605 3071 ἐμοῦ,
3639 2997 3725 3050 δτι

2140 3114 2241 3168 οὐκ
2291 3111 2404 3163 ἐστι
2460 3107 2581 3161 κατ’
2612 3103 2921 3175 ἄνθρωπον.
2957 3099 3097 3153 Οὐδὲ
3137 3097 3247 3168 γὰρ
3279 3092 3391 3164 ἐγὼ
3429 3090 3581 3162 παρά
3629 3091 3727 3142 ἀν-

453 3191 672 3260 gelium,
706 3195 849 3264 quod
880 3198 1310 3269 evangelizatum
1340 3212 1423 3257 est
1455 3217 1481 3255 a
1510 3182 1617 3266 me,
1655 3204 1781 3272 quia
1812 3220 1916 3259 non
1949 3213 2028 3260 est

2142 3201 2362 3274 θρώπου
2409 3196 2717 3272 παρέλαϐον
2765 3193 2917 3259 αὐτὸ,
2947 3191 3068 3245 οὐδὲ
3115 3187 3421 3259 ἐδιδάχθην,
3454 3183 3597 3288 ἀλλά
3647 3182 3729 3288 δι

456 3285 751 3341 secundum
806 3287 1103 3349 hominem.
1142 3289 1330 3361 Neque
1391 3297 1534 3346 enim
1562 3308 1662 3362 ego
1716 3294 1784 3348 ah
1818 3294 2038 3350 homine

456 3372 640 3448 accepi
695 3377 843 3443 illud,
903 3396 1079 3451 neque
1141 3382 1327 3447 didici,
1365 3384 1462 3438 sed
1520 3399 1616 3453 per
1658 3384 2038 3440 rcvelationem

453 3463 585 3524 Jesu
643 3469 849 3526 Christi
881 3473 949 3526 ".
987 3491 1007 3525 ο
1045 3472 1113 3526 Et
1142 3473 1248 3528 alio
1277 3474 1347 3528 ita
1391 3474 1510 3530 loco
1544 3493 1556 3528 :
1589 3494 1607 3526 ι
1647 3474 1728 3541 Si,
1756 3476 1853 3544 ait,
1886 3476 2042 3532 Chri-

457 3571 602 3616 stum
634 3565 988 3633 cognovimus
1033 3566 1333 3620 secundum
1357 3581 1597 3632 carnem,
1631 3570 1725 3621 sed
1758 3566 1867 3634 jam
1900 3583 2043 3624 nunc

458 3668 565 3708 non
616 3655 866 3713 novimus
896 3655 964 3708 9°.
1015 3673 1035 3707 ι
1071 3653 1191 3709 Jam
1238 3656 1555 3725 ecquisnam
1616 3667 1701 3713 est
1747 3658 1835 3713 ille
1887 3658 2044 3715 Jesus

460 3745 734 3811 Christus,
781 3746 873 3815 qui
924 3748 1226 3815 apostolum
1294 3748 1597 3803 divinorum
1661 3752 2042 3819 mysteriorum

464 3836 654 3891 notitia
688 3851 860 3907 usque
893 3838 1027 3894 adeo
1062 3839 1296 3905 occulta,
1321 3850 1471 3897 certa
1498 3856 1563 3897 ac
1590 3840 1769 3897 divina
1804 3842 2044 3898 illustra-

462 3929 582 3983 vit?
613 3931 805 3985 Annon
858 3930 1117 3999 Verbum,
1165 3933 1308 4002 quod
1367 3935 1537 3989 nostri
1571 3949 1736 3990 causa
1764 3935 1925 3991 homo
1964 3934 2043 3989 fa-

463 4032 611 4079 ctum
673 4039 738 4078 ex
798 4023 1026 4079 muliere
1084 4024 1235 4080 nasci
1268 4040 1373 4081 non
1422 4026 1729 4082 recusavit?
1760 4026 1843 4081 An
1877 4025 2040 4092 istud,

462 4128 667 4183 quaeso,
692 4130 797 4169 non
820 4125 903 4170 est
920 4116 1151 4171 verum?
1175 4116 1282 4171 imo
1305 4117 1668 4175 verissimum.
1697 4118 2046 4174 Meminimus

463 4201 702 4276 namque
730 4206 1036 4265 Gabrielem
1079 4209 1351 4279 ejusmodi
1381 4210 1627 4267 oratione
1682 4224 1895 4271 sacram
1923 4210 2047 4266 Vir-

465 4300 644 4369 ginem
686 4300 1033 4370 appellasse:
1073 4319 1097 4356 r
1143 4301 1221 4358 Ne
1242 4305 1454 4369 timeas,
1490 4304 1663 4361 Maria
1693 4321 1708 4358 :
1739 4318 1868 4360 ecce
1897 4303 2045 4359 enim

441 4391 742 4461 'concipies
775 4393 827 4447 in
856 4404 1030 4461 utero,
1061 4404 1118 4451 et
1161 4396 1341 4465 paries
1385 4395 1670 4458 Filium,et
1696 4397 1919 4452 vocabis
1949 4411 2049 4454 no-

465 4500 591 4541 men
633 4486 753 4556 ejus
813 4484 997 4543 Jesum
1030 4490 1096 4543 “.
1130 4507 1149 4542 ι
1185 4489 1392 4546 Nomen
1421 4492 1524 4545 hoc
1574 4502 1773 4544 novum
1797 4503 1826 4543 a
1858 4487 2046 4555 Patre,

2144 3273 2539 3362 ἀποκαλύψεως
2578 3286 2752 3360 Ἰησοῦ
2776 3283 3037 3358 Χριστοῦ.
3058 3302 3076 3335 ι
3104 3281 3216 3336 Καὶ
3245 3279 3351 3352 μὴν
3382 3277 3478 3331 καὶ⁸
3500 3273 3734 3347 ἑτέρωθί

2145 3403 2309 3458 φησιν
2333 3400 2348 3415 ο
2386 3403 2403 3435 ι
2436 3381 2500 3435 Et
2524 3381 2582 3434 δὲ
2617 3380 2713 3433 καὶ
2737 3376 3057 3446 ἐγνώκαμεν
3084 3372 3228 3428 κατά
3264 3370 3444 3442 σάρκα
3466 3366 3727 3439 Χριστὸν,

2143 3478 2280 3532 ἀλλά
2313 3475 2407 3529 νῦν
2434 3473 2619 3528 οὐκέτι
2653 3469 3014 3541 γινώσκομεν.
3047 3486 3063 3519 ι
3094 3466 3189 3529 Τίς
3215 3460 3307 3518 οῦν
3334 3465 3482 3517 ἐστιν
3520 3458 3732 3530 Ἰησοῦς

2144 3573 2173 3624 ὁ
2219 3568 2475 3641 Χριστὸς,
2518 3568 2547 3620 ὁ
2591 3563 2688 3635 τὴν
2718 3562 2891 3624 οὕτως
2923 3559 3137 3631 ἀπλανῆ
3184 3575 3243 3610 τε
3279 3555 3374 3610 καὶ
3420 3552 3733 3624 ἀπόρρητον

2146 3662 2298 3716 θείαν
2329 3656 2673 3726 ἀποκάλυψιν
2706 3655 2813 3708 τῶν
2853 3649 3049 3707 ἑαυτοῦ
3101 3647 3415 3722 μυστηρίων
3463 3642 3732 3715 ὲναστρά·

2148 3770 2298 3808 πτων
2331 3750 2513 3821 αὐτῷ;
2546 3744 2636 3820 ἆρ’
2664 3747 2784 3817 οὐχὶ
2833 3744 3127 3816 γενόμενος
3185 3739 3323 3812 σὰρξ
3354 3741 3382 3793 ὁ
3415 3737 3607 3805 Λόγος,
3635 3734 3730 3787 καὶ

2145 3846 2247 3919 τὴν
2293 3845 2358 3898 ὲκ
2406 3839 2666 3912 γυναικὸς
2697 3838 2765 3893 δι’
2801 3839 2948 3909 ἡμᾶς
2995 3836 3096 3915 οῦκ
3142 3831 3418 3903 ἀτιμάσας
3444 3827 3723 3898 γέννησινς

2147 3941 2343 3998 Καίτοι
2373 3938 2490 4002 πῶς
2513 3937 2615 3991 οὐκ
2642 3933 2839 4005 ἀληθὲς
2868 3934 3004 4004 ὅπερ
3033 3930 3171 4003 ἔφην
3195 3947 3209 3995 ;
3243 3923 3590 3999 Μεμνήμεθα
3621 3920 3731 3990 γὰρ

2146 4034 2241 4090 τοῦ
2288 4028 2529 4101 Γαϐριὴλ
2573 4026 2823 4097 λέγοντος
2870 4025 3008 4098 πρὸς
3052 4023 3153 4093 τὴν
3208 4019 3370 4089 ἁγίαν
3413 4013 3688 4087 Παρθένον
3714 4028 3728 4042 ο

2156 4144 2173 4178 ι
2202 4123 2294 4195 Μὴ
2326 4120 2516 4191 φοϐοῦ,
2542 4119 2776 4191 Μαριάμ
2796 4134 2810 4148 ο
2851 4117 2960 4171 ίδοὺ
2995 4115 3105 4187 γὰρ
3151 4110 3395 4181 συλλήψῃ
3425 4109 3483 4161 ὲν
3506 4104 3734 4175 γαστρὶ,

2150 4216 2245 4271 καὶ
2268 4214 2397 4287 τέξῃ
2422 4212 2558 4277 υἱὸν,
2581 4211 2677 4266 καὶ
2697 4209 2948 4272 καλέσεις
2973 4207 3033 4261 τὸ
3052 4206 3225 4277 ὄνομα
3252 4201 3418 4258 αὑτοῦ
3455 4196 3683 4287 Ἰησοῦν.
3708 4215 3728 4248 ι

2149 4306 2352 4363 Καινὺν
2373 4285 2456 4360 ᾐδὲ
2505 4301 2659 4375 οἶμαι
2688 4300 2847 4355 τοῦτο
2884 4298 3037 4372 παρά
3068 4295 3165 4351 τοῦ
3196 4292 3410 4366 Πατρδς
3441 4289 3615 4359 ϐνομα
3645 4285 3736 4363 δε-

2150 4400 2338 4457 δόσθαι
2368 4396 2447 4470 τῷ
2475 4396 2634 4466 Λόγῳ
2671 4392 2759 4448 διὰ
2791 4393 2893 4463 τῆς
2935 4389 3031 4444 τοῦ
3078 4386 3314 4457 ἀγγέλου
3356 4380 3562 4454 φωνῆς.
3592 4378 3739 4470 Προ-

2152 4466 2514 4562 ανεκεκράγει
2535 4484 2645 4556 γὰρ
2669 4484 2812 4539 οὕτω
2839 4481 2935 4537 καὶ
2961 4476 3347 4552 χρησμῴδημα
3375 4466 3736 4562 προφητικόνο

465 4579 680 4648 Opinor,
698 4594 794 4649 per
822 4582 997 4651 angeli
1024 4596 1211 4637 vocem
1246 4582 1557 4651 impositum
1581 4588 1683 4637 est.
1710 4579 2023 4637 Praedixera

2161 4605 2180 4638 ι
2208 4583 2323 4639 Καὶ
2351 4558 2641 4636 καλέσουσι
2675 4577 2737 4631 τὸ
2777 4575 2951 4646 ὄνομα
2993 4570 3159 4627 αὐτοῦ
3193 4570 3253 4623 τὺ
3280 4565 3485 4627 καινὸν,
3507 4562 3537 4616 ὃ
3564 4564 3592 4615 ὁ
3622 4558 3740 4613 Κύ-

466 4670 613 4726 enim
647 4673 816 4732 multo
842 4684 970 4731 ante
997 4676 1262 4746 propheta
1292 4693 1307 4729 :
1348 4692 1368 4727 ι
1403 4674 1470 4729 Et
1512 4674 1794 4730 vocabitur
1827 4674 1925 4730 tibi
1952 4689 2028 4732 no

2154 4693 2267 4747 ριος
2287 4672 2549 4744 ὀνομάσει
2572 4670 2757 4725 αὑτό.»
2789 4666 2919 4723 Ὅτε
2938 4666 3120 4719 τοίνυν
3146 4660 3414 4722 ωναῖδιος
3437 4655 3514 4726 τῷ
3535 4652 3736 4723 Πατρὶ,

468 4775 594 4816 men
625 4780 843 4830 novum,
877 4766 1021 4836 quod
1049 4781 1112 4822 os
1140 4767 1353 4822 Domini
1388 4766 1689 4823 nominabit
1718 4767 1786 4822 ".
1824 4786 1845 4820 ι
1871 4767 2028 4834 Quan

2151 4769 2250 4823 καὶ
2282 4767 2389 4839 πρὸ
2420 4764 2621 4826 παντὸς
2646 4761 2844 4825 αίῶνος
2878 4760 3007 4823 Υἱὸς
3044 4755 3361 4829 μονογενὴς,
3392 4752 3449 4803 ὲν
3483 4747 3743 4839 ἐσχάτοις

469 4856 539 4913 do
565 4871 694 4927 ergo
733 4858 1049 4927 unigenitus
1084 4858 1276 4926 Filius,
1305 4859 1398 4930 qui
1422 4859 1570 4916 Patri
1589 4869 1895 4917 coaeternus
1922 4870 2028 4917 antt

2151 4836 2365 4930 καιροῖς
2414 4856 2641 4926 γέγονεν
2689 4853 2997 4925 ἄνθρωπος,
3042 4849 3365 4919 γεγέννηται
3420 4841 3477 4895 δὲ
3530 4837 3625 4930 zeal.
3674 4836 3743 4888 ὲκ

468 4949 651 5003 omnia
687 4948 884 5005 szecula
916 4950 1145 5017 exstitit,
1183 4928 1495 5008 novissimis
1518 4952 1852 5022 temporibus
1885 4953 2028 5008 homt

2152 4928 2434 5022 γυναικὸς,
2473 4947 2572 5002 καὶ⁸
2615 4945 2826 5018 ὡρίσθη
2883 4944 2982 5014 μὲν
3018 4940 3145 5004 Υἱὸς
3173 4936 3332 4999 Θεοῦ,
3363 4928 3742 5022 κεχρημάτικε

469 5039 671 5103 factus,
706 5051 763 5095 et
797 5056 861 5096 ex
908 5040 1132 5100 muliere
1182 5054 1344 5099 natus
1365 5043 1433 5111 ”,
1458 5050 1514 5098 et
1554 5021 1727 5100 Filius
1767 5043 2028 5114 praedocti

2164 5021 2222 5099 δὲ
2248 5044 2343 5098 καὶ
2371 5039 2734 5113 πρωτότοκος,
2771 5035 2867 5089 καὶ
2892 5035 3117 5103 γέγονεν
3142 5034 3199 5085 ὲν
3228 5027 3437 5122 πολλοῖς
3466 5021 3737 5122 ἀδελφοῖς

474 5142 658 5199 natus,
683 5142 738 5187 et
780 5134 1172 5206 primogenitus
1216 5135 1534 5206 appellatus,
1563 5147 1618 5195 et
1671 5137 1813 5193 inter
1853 5135 2028 5192 multo;

2161 5137 2285 5190 τότε
2317 5135 2412 5189 καὶ
2463 5135 2493 5187 ὁ
2541 5132 2701 5202 φύσει
2730 5128 2921 5198 Πατὴρ
2963 5125 3135 5195 ὁρίζει
3165 5122 3227 5177 τὸ
3255 5121 3446 5190 ὄνομα,
3497 5116 3610 5177 τοῖς
3642 5116 3743 5180 τῆς

473 5225 674 5292 fratres
713 5238 1030 5283 numeratus
1060 5236 1145 5282 est
1168 5229 1237 5292 ",
1268 5238 1399 5283 tunc
1436 5229 1525 5285 ille
1577 5243 1813 5300 quoque,
1847 5228 1940 5300 qui
1969 5241 2028 5283 se

2168 5227 2532 5299 πατρότητος,
2568 5224 2635 5277 ἶν’
2664 5222 2838 5284 οὕτως
2867 5217 3133 5288 εἴπωμεν,
3164 5214 3354 5284 νόμοις
3380 5209 3667 5315 ἑπόμενος.

471 5318 710 5387 cundum
779 5329 1029 5375 naturam
1085 5320 1248 5376 Pater
1320 5334 1422 5389 est,
1483 5323 1825 5393 paternitatis
1884 5321 2060 5393 leges,
2108 5328 2169 5377 ut
2213 5322 2284 5377 ita
2339 5322 2547 5393 loquar,
2574 5326 2811 5381 secutus,
2853 5325 3051 5369 nomen
3092 5310 3194 5365 hoc
3222 5307 3474 5377 imponit.

574 5503 623 5538 ⁸⁴
648 5502 858 5561 Coloss.
906 5520 993 5569 ιιι,
1029 5506 1081 5571 5.
1171 5504 1219 5536 ⁸⁸
1250 5502 1408 5559 Joan.
1465 5520 1599 5566 xm,
1638 5503 1840 5560 M-i5.
1915 5504 1961 5536 °°
1999 5502 2028 5556 h

2135 5504 2193 5556 h.
2229 5515 2385 5566 xviii,
2405 5499 2497 5571 2Q.
2602 5497 2657 5571 ξ’,
2680 5494 2870 5571 Matth.
2897 5505 3094 5571 xxviii,
3314 5482 3370 5571 ξ’
3393 5478 3650 5571 (aenigmata.
3691 5476 3741 5528 1ο

480 5570 525 5603 ⁸⁸
550 5546 778 5630 ίυίιιῗῖῖ
781 5546 807 5639 ζ
812 5546 858 5627 "1'
868 5546 993 5628 22'"
1018 5546 1131 5629 οῖίι
1159 5546 1899 5640 003716?""u'tluéf'n,
1937 5546 2028 5628 δοῖ

2134 5546 2520 5636 δἰεξίίῖἶιῗέ.
2614 5567 2660 5613 θ’
2678 5546 2865 5622 65m.
2887 5579 2959 5628 tv,
2996 5563 3047 5617 4.
3075 5546 3093 5559 ’
3125 5560 3173 5592 ⁸⁸
3215 5556 3373 5612 Rom.
3413 5564 3537 5614 vm,
3576 5546 3672 5603 S9.

1580 5725 1754 5781 Varia:
1781 5724 2042 5809 lectiones
2090 5722 2293 5782 codicis
2327 5716 2688 5794 Seguicriani.

567 5865 583 5909 ἱ
629 5865 715 5947 ῖσ.
741 5864 815 5929 ὡς
856 5865 983 5937 παρ’
1009 5867 1164 5938 ἡμῖν.
1246 5862 1258 5911 i
1295 5860 1611 5945 οίησόμεθα.
