4060 6418
338 382 473 437 1177

1292 382 1379 438 DE
1416 383 1644 440 RECTA
1687 383 1841 438 FIDE
1879 384 1970 439 AD
2011 384 2457 443 THEODOSIUM
2498 386 2633 441 IMP.

3450 387 3592 445 1178

405 498 486 549 Δ’.
539 493 600 550 Ὀ
646 495 808 559 αὐτὸς
847 492 941 550 οὖν
994 493 1101 566 ἄρα
1152 496 1246 550 καὶ
1297 498 1591 568 μονογενής
1641 500 1778 561 ὲστι,
1823 498 1913 551 καὶ

2090 499 2257 555 XXX.
2303 501 2446 557 Idem
2508 504 2692 571 itaque
2744 500 3050 571 unigenitus
3095 508 3152 558 et
3198 501 3595 571 primogenitus

334 587 713 657 πρωτότοκοζ’
749 589 779 640 ό
803 588 913 659 γάρ
941 604 1024 642 τοι
1065 586 1359 658 μονογενὴς
1393 588 1467 651 ὡς
1493 589 1646 654 Θεὸς,
1695 590 1909 660 πρωτό-

331 694 494 740 τοκος
552 679 612 731 ὲν
660 678 813 748 ἡμῖν,
848 678 972 732 καθ’
1005 678 1200 731 ἕνωσιν
1251 680 1609 750 οἰκονομικῶς
1629 678 1678 743 ι,
1710 680 1803 735 καὶ
1852 681 1911 734 ὲν

334 769 552 831 πολλοῖς
585 768 834 838 ἀδελφοῖς
878 769 954 832 ὠς
998 769 1283 840 ἄνθρωπος
1302 786 1317 801 °
1372 771 1440 824 ἶν’
1465 772 1629 842 ἡμεῖς
1659 764 1807 840 ὦμεν
1835 770 1912 833 ὡς

334 861 395 913 ὲν
427 859 579 930 αὐτῷ
617 877 679 913 τε
716 861 812 915 καὶ
842 860 911 914 δι’
940 860 1105 915 αὑτοῦ
1140 861 1247 914 υἱοὶ
1274 861 1411 915 Θεοῦ
1445 862 1689 930 φυσικῶς
1726 878 1786 917 τε
1819 861 1912 914 καὶ

335 952 478 1005 κατὰ
507 950 670 1023 χάριν
694 967 708 982 ·
738 952 984 1021 φυσικῶς
1018 952 1137 1023 μὲν,
1160 953 1235 1017 ὡς
1258 955 1317 1006 ὲν
1337 952 1486 1023 αὐτῷ
1512 970 1572 1006 τε
1604 953 1698 1007 καὶ
1726 953 1871 1024 μόνῳ
1893 969 1907 987 ε

339 1042 679 1113 μεθεκτικῶς
713 1044 772 1098 δὲ
800 1044 894 1097 καὶ
942 1043 1085 1098 κατὰ
1116 1044 1276 1115 χάριν
1323 1047 1487 1115 ἡμεῖς
1531 1045 1599 1098 δι’
1631 1045 1796 1098 αὑτοῦ
1853 1046 1911 1098 ὲν

336 1132 857 1205 Πνεύματι.”Ωσπερ
886 1128 979 1188 οῦν
1017 1135 1238 1203 γέγονεν
1267 1135 1396 1189 ἴδιον
1425 1138 1523 1207 τῆς
1551 1135 1911 1207 ἀνθρωπότη-

337 1238 429 1286 τος
481 1225 540 1276 ὲν
577 1223 801 1294 Χριστῷ
846 1223 907 1276 τὸ
957 1224 1265 1293 μονογενὲς,
1303 1224 1393 1279 διὰ
1435 1225 1495 1278 τὸ
1542 1225 1788 1296 ἡνῶσθαι
1835 1226 1913 1297 τῷ

335 1313 497 1383 Λόγῳ
542 1313 685 1367 κατὰ
731 1312 1001 1385 σύμϐασιν
1048 1315 1429 1387 οἰκονομικήν*
1462 1315 1635 1379 οὕτως
1662 1318 1792 1371 ῐδιον
1817 1316 1911 1371 τοῦ

335 1405 538 1474 Λόγου,
555 1403 637 1467 τὸ,
647 1404 717 1458 ἐν
734 1403 985 1471 πολλοῖς
996 1403 1300 1474 ἀδελφοῖς,
1321 1407 1414 1461 καὶ
1425 1407 1506 1471 τὸ,
1519 1411 1910 1475 πρωτότοκος,

336 1497 429 1552 διὰ
461 1496 522 1550 τὸ
547 1495 788 1567 ἡνῶσθαι
819 1495 1005 1566 σαρκί.
1029 1495 1446 1567 Ἔρηρεισμένον
1472 1498 1517 1553 δ’
1542 1494 1633 1552 οῦν
1673 1498 1813 1569 ἔχων
1850 1501 1913 1556 τὸ

338 1583 480 1641 εἶναι
498 1587 651 1652 Θεὸς,
684 1586 780 1640 καὶ
804 1586 1012 1657 τροπῆς
1039 1586 1280 1657 ἀμείνων
1312 1588 1594 1659 ὑπάρχων,
1623 1591 1711 1643 ἀεὶ
1744 1590 1913 1660 μεμέ-

338 1696 504 1751 νηκεν
533 1679 669 1749 ὅπερ
698 1672 786 1749 ἦν,
819 1677 915 1731 καὶ
952 1679 1042 1732 ὅτε
1073 1678 1297 1746 γέγονεν
1339 1678 1434 1731 ἄνθ
1445 1696 1646 1750 ρωπος,
1674 1684 1741 1752 τῇ
1769 1681 1912 1734 κατὰ

2013 594 2119 663 27
2158 602 2240 648 est
2270 611 2285 647 :
2325 594 2634 662 unigenitus
2663 595 2877 662 quidem
2913 602 2972 648 ut
3002 594 3166 658 Deus,
3198 595 3593 664 primogenitus

2014 692 2143 732 vero
2199 688 2468 748 quatenus
2533 683 2831 735 secundum
2881 682 3270 736 meonomicam
3333 684 3589 739 unionem

2016 767 2155 822 inter
2179 784 2276 824 nos
2295 781 2351 824 et
2391 770 2533 824 inter
2559 770 2754 825 mullos
2789 770 2985 825 fratres
3028 770 3189 825 homo
3210 781 3461 829 versatus
3482 784 3588 838 est,

2013 872 2120 927 quo
2144 867 2199 914 et
2235 874 2333 913 nos
2363 875 2576 930 quoque
2620 860 2672 914 in
2702 860 2821 931 ipso
2851 870 2909 916 et
2945 876 3040 929 per
3079 863 3254 932 ipsum
3290 865 3587 919 secundum
3618 889 3629 898 -

2014 960 2263 1004 naturam
2289 961 2345 1005 et
2368 953 2595 1020 gratiam
2629 952 2725 1006 lilii
2758 953 2847 1007 Dei
2879 951 3215 1009 eﬂiceremur
3243 973 3257 1009 :
3289 956 3588 1010 secundum

2014 1052 2265 1098 naturam
2295 1046 2530 1113 quidem,
2560 1053 2619 1098 ut
2652 1045 2705 1099 in
2739 1046 2856 1114 ipso
2895 1053 2950 1099 et
2981 1060 3089 1101 uno
3130 1063 3145 1099 :
3180 1047 3592 1116 participatione

2014 1148 2165 1198 vero,
2206 1142 2259 1186 et
2295 1134 2586 1189 secundum
2622 1135 2852 1204 gratiam
2906 1149 3002 1203 per
3032 1136 3208 1204 ipsum
3269 1136 3322 1190 in
3357 1136 3586 1204 Spiritu.

2014 1223 2475 1290 Quemadmodum
2503 1225 2664 1294 igitur
2693 1224 2892 1280 Christi
2928 1226 3273 1292 humanitati,
3305 1237 3591 1296 propterea

2014 1314 2155 1382 quod
2184 1316 2484 1369 secundum
2512 1315 2932 1386 dispensationis
2963 1316 3211 1383 copulam
3246 1315 3424 1371 Verbo
3458 1332 3591 1372 con-

2010 1406 2191 1476 juncta
2223 1417 2325 1469 est,
2353 1407 2690 1477 unigenitum
2726 1421 2847 1462 esse
2878 1418 2933 1460 et
2986 1407 3089 1460 dici
3154 1408 3431 1477 proprium
3460 1406 3590 1463 επε-

2014 1508 2162 1554 ctum
2201 1509 2283 1554 est
2318 1517 2332 1553 :
2371 1501 2439 1553 ita
2478 1500 2763 1563 Verbo,eo
2792 1499 2935 1568 quod
2965 1500 3176 1554 unitum
3210 1509 3292 1556 est
3323 1501 3494 1567 carni,
3531 1501 3589 1555 id

2014 1593 2293 1661 proprium
2352 1591 2558 1646 factum
2588 1601 2690 1657 est,
2724 1605 2783 1646 ut
2830 1592 2970 1645 inter
3018 1592 3216 1646 multos
3259 1592 3591 1659 iratrespri.

2015 1684 2314 1753 mogenitus
2346 1684 2417 1738 sit
2443 1690 2499 1737 et
2530 1684 2851 1753 appelletur.
2886 1683 3019 1737 Cum
3054 1683 3145 1737 Dei
3186 1684 3365 1752 itaque
3394 1692 3587 1736 natura

340 1776 558 1830 πάντων
589 1774 854 1846 ὑπεροχῇ,
890 1771 1015 1844 δόξῃ
1048 1789 1108 1825 τε
1136 1775 1203 1844 τῇ
1237 1772 1498 1827 ἀνωτάτω
1532 1770 1912 1841 κατεστεμμές

2016 1774 2247 1839 stabilis,
2274 1775 2496 1828 immota
2542 1775 2827 1842 omnisque
2883 1776 3199 1830 mutationis
3246 1790 3440 1844 expers
3494 1774 3584 1840 sit,

337 1883 451 1930 νος.
475 1866 763 1935 Τοιγάρτοι
791 1864 1145 1918 κεκέλευσται
1182 1863 1302 1934 μεθ’
1324 1864 1482 1933 ἡμῶν
1514 1865 1608 1917 καὶ
1636 1865 1775 1933 αύτὴ
1802 1863 1912 1917 τῶν

337 1958 454 2013 άνω
481 1957 807 2027 πνευμάτων
844 1958 878 2027 ἡ
910 1956 1042 2025 ἁγία
1075 1973 1135 2009 τε
1162 1956 1255 2009 καὶ
1289 1955 1658 2027 παμμακαρία
1706 1956 1915 2025 πληθὺς

338 2048 665 2118 προσκυνεῖν
711 2043 1007 2117 αὐτῷ.τΗν
1052 2046 1161 2117 γὰρ
1205 2046 1377 2116 δήπου
1426 2045 1520 2099 καὶ
1571 2046 1717 2117 μάλα
1767 2046 1915 2110 εἰκὸς

342 2139 646 2210 ἀνήνασθαι
695 2138 795 2210 τὴν
820 2137 1213 2210 προσκύνησιν,
1241 2138 1335 2191 καὶ
1364 2138 1697 2207 κατοκνῆσαι
1722 2139 1910 2209 τιμᾷν,

336 2230 402 2284 τὸ
441 2230 541 2299 τῆς
588 2228 1005 2299 ἀνθρωπότητος
1055 2227 1467 2300 σμικροπρεπὲς
1516 2229 1778 2298 ὁρῶντας,
1820 2230 1915 2284 καὶ

335 2325 433 2381 τὸν
460 2328 528 2380 δι’
559 2328 705 2397 ἡμᾶς
737 2326 1029 2397 γενόμενον
1058 2325 1178 2380 καθ’
1205 2326 1353 2395 ἡμᾶς
1380 2326 1479 2377 οὐκ
1510 2324 1739 2389 ἀξιῶσαι
1769 2325 1915 2390 δοξο-

335 2416 542 2485 λογεῖν,
571 2415 981 2485 ἀποφοιτῶντας
1010 2415 1085 2478 ὡς
1112 2415 1385 2470 ἀπωτάτω
1416 2414 1509 2467 τοῦ
1536 2414 1915 2485 πεπλανῆσθαι

335 2509 823 2562 δοκεῖν.”Αποπτον
846 2507 957 2579 γὰρ
985 2506 1079 2560 καὶ
1099 2507 1282 2571 αὐτοῖς
1307 2503 1375 2578 ἦν
1404 2506 1481 2560 ἔτι
1503 2510 1564 2559 τὸ
1591 2507 1917 2578 ὲπὶΧριστῷ

341 2597 665 2667 μυστήριον,
705 2594 1037 2659 ἐξειάλυπτε
1088 2594 1144 2645 δὲ
1197 2593 1258 2646 τὸ
1308 2593 1533 2661 Πνεῦμα
1582 2593 1784 2656 αὐτοῖς,
1823 2592 1919 2646 καὶ

336 2682 620 2740 δυσσεϐεἰν
665 2688 763 2739 οὐκ
805 2685 955 2755 ἠφίει
999 2686 1125 2748 τοὺς
1170 2683 1553 2754 ἡγιασμένους.
1622 2683 1917 2754 Τοιγάρτοι

341 2781 507 2851 φησιν
539 2782 567 2833 ό
600 2779 884 2842 Θεσπέσιος
914 2777 1120 2839 Παῦλος
1143 2793 1155 2807 ·
1193 2778 1393 2829 ι”Οταν
1439 2776 1496 2828 δὲ
1525 2776 1794 2847 εἰσαγάγῃ
1824 2774 1919 2831 τὸν

348 2872 700 2942 Πρωτότοκον
747 2873 826 2933 εἰς
856 2870 952 2941 τὴν
1001 2869 1349 2940 οἰκουμένην,
1378 2869 1527 2936 λέγει
1550 2886 1563 2900 ·
1593 2869 1702 2922 Καὶ
1743 2884 1917 2939 προσ-

338 2964 738 3034 κυνησάτωσαν
791 2962 939 3033 αὑτῴ
994 2964 1191 3024 πάντες
1235 2960 1456 3029 ἄγγελοι
1497 2961 1656 3015 Θεοῦ.
1683 2961 1779 3012 »Ὀ
1807 2960 1918 3032 γὰρ

341 3054 571 3124 ἰδιότητι
616 3055 812 3123 φυσικῇ
848 3052 943 3121 τῆς
985 3051 1309 3121 οἰκουμένης
1343 3050 1565 3121 ἀπάσης
1596 3048 1911 3117 διενεγκὼν,

2016 1881 2288 1934 nunquam
2321 1866 2460 1920 Deus
2497 1865 2727 1920 Verbum
2759 1882 2862 1919 non
2907 1867 3107 1921 mansit
3143 1868 3285 1935 quod
3320 1864 3586 1921 erat.Ne-

2013 1972 2118 2025 que
2151 1973 2277 2012 vero
2308 1969 2416 2010 tum
2450 1960 2664 2025 quando
2682 1958 2843 2012 homo
2865 1958 3040 2012 factus
3064 1967 3166 2021 est,
3191 1973 3417 2013 summae
3440 1958 3587 2012 illius

2016 2048 2313 2116 tnajestatis
2337 2046 2728 2115 etglorite,qua
2760 2057 2984 2101 caeteros
3014 2061 3204 2102 omnes
3235 2045 3391 2116 longe
3415 2061 3585 2113 supe-

2015 2148 2118 2203 rat,
2168 2140 2419 2194 coronam
2468 2138 2677 2192 amisit.
2737 2139 3094 2204 Quamobrem
3150 2148 3338 2192 sancta
3389 2138 3477 2191 illa
3533 2139 3588 2192 in

2015 2232 2312 2301 primisque
2344 2233 2500 2286 beata
2531 2232 2833 2287 caelestium
2859 2232 3148 2299 spirituum
3189 2230 3499 2292 multitudo,
3532 2239 3592 2284 ut

2015 2320 2161 2376 illum
2206 2323 2417 2388 adoret,
2444 2338 2594 2392 mque
2647 2338 2711 2377 ac
2746 2338 2845 2377 nos
2879 2323 3191 2376 mandatum
3228 2321 3461 2388 accepit.
3484 2319 3589 2374 Po-

2019 2422 2159 2469 terat
2183 2416 2349 2482 enitn,
2387 2416 2501 2471 sola
2527 2416 2884 2470 humanitatis
2915 2415 3180 2484 parvitate
3208 2424 3263 2467 et
3290 2413 3591 2479 abjectione

2018 2507 2351 2577 inspecta,et
2380 2510 2595 2577 quidem
2637 2508 2759 2576 jure
2810 2508 3131 2576 meritoque,
3167 2504 3427 2573 ejusmodi
3461 2505 3591 2557 ado-

2018 2602 2281 2657 rationem
2312 2614 2583 2663 recusare,
2616 2608 2671 2653 et
2721 2599 2942 2652 honoris
2993 2599 3197 2651 cultum
3250 2596 3593 2650 cunctantius

2019 2692 2349 2760 impendere,
2399 2707 2462 2745 ac
2524 2690 2597 2743 illi
2631 2690 2722 2757 qui
2788 2700 3007 2758 propter
3041 2705 3142 2744 nos
3182 2690 3353 2743 nostri
3401 2687 3593 2743 similis

2017 2780 2241 2837 elfeettts
2295 2780 2488 2846 fuerat,
2519 2780 2965 2850 gloriﬁcationetn
3014 2780 3305 2847 denegare,
3368 2790 3434 2830 ne
3487 2789 3594 2844 quo

2017 2888 2202 2927 errore
2227 2872 2597 2941 imprudentes
2619 2873 3122 2940 constringerentur
3149 2886 3163 2923 :
3191 2868 3416 2922 necdum
3443 2867 3587 2921 enim

2016 2975 2071 3020 et
2110 2964 2282 3035 ipsius
2334 2964 2651 3034 mysterium
2704 2963 2834 3017 illud
2878 2961 3081 3016 Christi
3127 2959 3398 3030 cognitum
3451 2966 3591 3023 erat,

2019 3070 2204 3111 rerum
2250 3069 2319 3109 ne
2348 3054 2709 3109 sanctissima:
2761 3054 2864 3108 illa:
2888 3062 3152 3107 creaturae
3207 3052 3258 3103 in
3316 3065 3437 3104 eam
3491 3049 3594 3101 im-

337 3146 448 3212 Εξω
475 3162 533 3196 τε
560 3144 728 3213 αὐτῆς
766 3142 1046 3212 ὑπάρχων,
1077 3141 1212 3195 καθὸ
1238 3142 1439 3193 νοεῖται
1475 3140 1627 3203 Θεὸς,
1664 3139 1914 3209 εἰσϐέὸη-

2019 3147 2269 3216 pietatem
2321 3145 2648 3209 inciderent,
2678 3143 2918 3214 Spiritus
2946 3143 2998 3197 id
3037 3143 3145 3196 illis
3177 3140 3409 3209 aperuit.
3452 3138 3592 3193 lline

334 3254 435 3293 κεν
465 3238 546 3298 εἰς
572 3234 760 3306 αὐτὴν,
791 3235 955 3305 μέρος
978 3233 1185 3303 κόσμου
1210 3231 1487 3301 πεφηνὼς,
1511 3231 1585 3293 ὡς
1607 3230 1911 3301 ἄνθρωπος·

335 3328 484 3400 πλὴν
516 3328 579 3381 ού
606 3328 693 3381 διά
721 3326 880 3379 τοῦτο
916 3325 1017 3395 τῆς
1050 3323 1512 3388 θείαςκὰπώλισθε
1543 3325 1916 3395 δόξης.Προσ-

2013 3237 2143 3294 illud
2192 3235 2380 3292 Pauli:
2418 3253 2438 3287 ι
2494 3235 2559 3289 Ει
2610 3249 2731 3289 cum
2797 3234 3002 3288 inducit
3068 3228 3492 3300 Primogenitum
3535 3227 3590 3280 in

2012 3328 2198 3384 orbem
2234 3336 2412 3392 terrae,
2439 3326 2570 3381 dicit
2603 3344 2617 3380 :
2650 3325 2715 3379 Et
2760 3325 2987 3378 adorent
3013 3336 3135 3375 eum
3192 3335 3383 3375 omnes
3407 3316 3585 3387 angeli

336 3421 585 3474 κυνεῖται
610 3417 717 3489 γὰρ
743 3416 819 3479 ὡς
846 3416 1179 3486 Μονογενὴς,
1202 3415 1306 3468 κᾶν
1322 3415 1371 3466 εὶ
1396 3414 1614 3466 καλοῖτο
1642 3414 1916 3484 πρωτότο-

2016 3418 2130 3487 ejus
2150 3418 2218 3472 ".
2244 3437 2263 3471 ι
2300 3417 2351 3473 Is
2390 3417 2557 3482 enim,
2580 3418 2671 3485 qui
2722 3424 2931 3470 natura:
2963 3415 3293 3484 prOprietate
3336 3410 3593 3465 universo

336 3529 470 3575 κος·
523 3511 660 3581 ὅπερ
706 3509 865 3577 ἐστὶν⁸
903 3507 1150 3580 ἐναργῶς
1196 3508 1311 3570 τοῖς
1353 3505 1455 3576 τῆς
1500 3505 1916 3577 ἀνθρωπότητος

2016 3516 2284 3563 terrarum
2316 3508 2449 3563 orbe
2493 3506 2780 3571 suhlimior
2803 3515 2909 3573 est,
2933 3514 2985 3561 et
3011 3511 3171 3575 prout
3223 3501 3366 3556 Deus
3415 3506 3596 3553 mente

341 3603 568 3675 μέτροις
596 3603 678 3657 ὅτι
712 3602 948 3673 μάλιστα
977 3604 1209 3671 πρέπον.

2016 3598 2343 3668 concipitur,
2373 3607 2531 3653 extra
2556 3599 2732 3667 ipsum
2757 3607 2865 3661 est,
2902 3599 2956 3652 in
2990 3597 3169 3675 ipsum
3222 3602 3282 3648 ut
3317 3592 3479 3646 homo
3506 3590 3595 3642 in-

335 3711 579 3767 gressus,
611 3709 738 3762 pars
764 3692 950 3746 mundi
983 3690 1205 3746 eﬂ'ectus
1230 3701 1352 3746 est:
1388 3700 1761 3746 verumtamen
1796 3688 1994 3743 nullam
2058 3704 2122 3744 ea
2148 3691 2214 3745 de
2236 3704 2400 3747 causa
2461 3691 2659 3745 divinae
2701 3689 2890 3760 glorize
2951 3689 3219 3755 jacturam
3254 3689 3403 3744 fecit.
3454 3686 3599 3741 Ado-

338 3800 495 3846 ratur
521 3801 749 3856 namque
778 3795 836 3840 ut
873 3785 1216 3854 Unigenitus,
1274 3787 1375 3840 etsi
1421 3785 1719 3855 appelletur
1779 3787 2193 3855 primogenitus,
2250 3800 2371 3856 qua:
2430 3799 2563 3840 sane
2608 3780 2896 3855 appellatio
2956 3782 3601 3841 humanitatis‘modnlis

338 3894 508 3953 quam
548 3883 750 3948 optime
785 3880 1056 3933 eomenit.

414 3967 677 4042 AA’.'Ap'
707 3965 800 4024 οὖν
837 3971 913 4033 ὡς
955 3968 1247 4039 ἄνθρωπον
1277 3969 1731 4038 προσκυνήσομεν
1762 3968 1921 4038 μόνον
1955 3988 1967 4011 ο

338 4067 433 4121 τὸν
467 4064 852 4135 Ἐμμανουήλ;
891 4063 982 4130 Μὴ
1010 4060 1252 4128 γένοιτοῐ
1284 4058 1453 4128 λῆρος
1483 4058 1590 4129 γάρ
1633 4059 1733 4128 ἤδη
1764 4059 1921 4112 τοῦτο

339 4158 440 4214 καὶ
471 4157 677 4225 ἀπάτη,
718 4156 813 4209 καὶ
846 4153 1131 4223 πλάνησις.
1183 4150 1466 4220 Διοίσομεν
1506 4151 1565 4204 δὲ
1612 4152 1734 4204 κατ’
1767 4151 1921 4204 οὐδὲν

337 4249 452 4303 τῶν
478 4251 543 4318 τῇ
578 4247 755 4301 κτίσει
786 4243 1225 4314 λελατρευκότων
1248 4242 1400 4313 παρὰ
1421 4241 1512 4294 τὸν
1538 4242 1799 4296 κτίσαντα
1823 4241 1919 4295 καὶ

2093 3966 2286 4023 XXXI.
2327 3969 2542 4037 Ergone
2574 3964 2977 4022 Emmanuelem
3014 3974 3073 4019 ut
3115 3965 3287 4021 solum
3324 3966 3595 4020 hominem

2018 4057 2399 4113 adorabimus?
2442 4057 2662 4113 Minime
2710 4060 2949 4128 gentium
2998 4076 3011 4111 :
3067 4058 3214 4112 istud
3268 4058 3412 4111 enim
3464 4056 3595 4111 nihil

2018 4148 2162 4202 aliud
2213 4147 2562 4218 foret,quam
2622 4149 2917 4214 errare,-in
2975 4148 3223 4203 fraudem
3286 4148 3488 4211 induci,
3533 4161 3599 4201 ac

2022 4240 2277 4296 delirare.
2302 4239 2414 4295 Hac
2454 4241 2721 4309 siquidem
2764 4241 2975 4297 ratione
3028 4242 3165 4297 nihil
3204 4242 3494 4311 quidquam
3531 4240 3600 4295 ab

341 4338 598 4409 ποιητὴν,
653 4337 854 4399 οἵτινες
912 4354 931 4387 ι
979 4332 1317 4405 μετήλλαξαν
1367 4332 1466 4403 τὴν
1514 4332 1772 4403 ἀλήθειαν
1823 4332 1916 4386 τοῦ

2025 4334 2090 4388 iis
2120 4333 2564 4409 dissentiremusJ
2600 4335 2694 4404 qui
2737 4335 2950 4405 opiﬁcis
2975 4343 3029 4389 et
3065 4333 3427 4403 procreatoris
3483 4332 3600 4386 loco

340 4428 482 4485 Θεοῦ
514 4430 572 4482 ἐν
600 4428 677 4500 τῷ
707 4426 915 4498 ψεύδει,
950 4445 970 4479 ι
1016 4424 1161 4479 κατὰ
1202 4424 1264 4478 τὸ
1310 4423 1714 4496 γεγραμμένον.
1743 4418 1847 4507 Οἷς.
1870 4426 1916 4478 sl

2021 4435 2323 4479 creaturam
2357 4426 2740 4491 adoraverunt,
2760 4445 2779 4478 (
2810 4426 3219 4494 veritatemque,
3248 4431 3307 4477 ut
3336 4422 3598 4490 scriptum

342 4521 724 4591 φρονήσαιμεν
771 4516 1001 4585 ἀδελφὰ,
1034 4515 1130 4569 καὶ
1174 4513 1618 4584 συνακουσόμεθα
1663 4514 1882 4577 πάντως
1906 4530 1923 4546 ο

348 4633 371 4667 ι
401 4612 709 4673 Φάσκοντες
732 4605 872 4664 εἶναι
900 4608 1075 4677 σοφοὶ,
1101 4606 1523 4678 ἐμωράνθησαν,
1552 4606 1646 4657 καὶ
1685 4605 1922 4675 ἡλλαξαν

338 4704 449 4776 τὴν
482 4702 640 4768 δόξαν
681 4699 776 4754 τοῦ
808 4698 1087 4770 ἀφθάρτου
1123 4696 1259 4750 Θεοῦ
1287 4699 1344 4749 ὲν
1368 4694 1676 4767 ὁμοιώματι
1717 4697 1923 4762 εἰκόνος

343 4792 593 4865 φθαρτοῦ
626 4790 938 4863 ἀνθρώπου,
973 4790 1066 4843 καὶ
1096 4789 1381 4852 πετεινῶν,
1408 4787 1504 4841 καὶ
1552 4787 1918 4855 τετραπόδων,

340 4888 444 4941 καὶ
493 4884 760 4957 ἑρπετῶν.
797 4882 899 4937 »Ἢ
946 4882 1057 4953 γάρ
1109 4882 1230 4951 οὐχὶ
1276 4880 1370 4934 καὶ
1420 4882 1583 4950 ἡμεῖς
1630 4880 1784 4932 αὐτοὶ
1827 4880 1922 4933 καὶ

346 4978 596 5048 ῖσουργοὶ
613 4977 707 5029 καὶ
729 4974 1037 5047 σύμφρονες
1060 4976 1169 5036 τοῖς
1195 4971 1643 5043 μνημονευθεῖσιν
1663 4972 1919 5042 ἐσόμεθα,

340 5067 446 5141 τὴν
470 5068 563 5121 τοῦ
592 5066 728 5121 Θεοῦ
759 5066 919 5132 δόξαν
954 5068 1017 5119 ὲν·
1039 5064 1117 5135 τῷ
1141 5064 1324 5134 ψεύδει
1360 5063 1834 5133 μεταλλάττοντες,
1865 5066 1923 5118 ὲν

339 5158 655 5230 ὁμοιώματι
675 5158 882 5220 εἰκόνος
905 5155 1144 5227 φθαρτοῦ
1162 5154 1473 5225 ἀνθρώπου,
1491 5158 1539 5208 εἰ
1554 5155 1630 5219 ὡς
1649 5156 1923 5229 ἀνθρώπῳ

341 5250 510 5322 ψιλῷ,
548 5249 642 5303 καί
674 5249 754 5301 ἑνὶ
781 5248 896 5302 τῶν
929 5247 1055 5301 καθ’
1081 5248 1228 5318 ἡμᾶς
1248 5247 1611 5319 προσοίσομεν
1628 5247 1727 5317 τὴν
1754 5265 1924 5318 προσ·

342 5340 579 5411 κύνησιν
618 5338 698 5410 τῷ
730 5338 1110 5410 Ἐμμανουήλ;
1145 5339 1188 5392 Τ
1193 5339 1209 5391 ι
1235 5337 1327 5404 δέ;
1353 5338 1473 5408 οὐχὶ
1505 5339 1598 5391 xat‘l.
1638 5339 1777 5409 αὑτὴ
1809 5339 1916 5392 τῶν

413 5495 463 5533 ’⁸
498 5495 657 5550 Hebr.
688 5511 728 5562 1,
760 5494 813 5549 6.
892 5493 939 5525 ⁹⁶
973 5493 1128 5550 Rom.
1156 5512 1193 5560 ι,
1221 5494 1309 5550 25.
1387 5495 1430 5526 ⁸⁷
1462 5494 1591 5548 ibid.
1624 5493 1713 5559 εξ,
1734 5494 1822 5549 25.

2024 4527 2106 4571 est
2138 4517 2185 4548 "
2214 4518 2267 4571 in
2294 4518 2634 4572 mendacium
2664 4524 3102 4572 converterunt.)
3137 4515 3194 4569 Si
3222 4514 3435 4569 illorum
3467 4527 3600 4582 ergo

2018 4609 2301 4662 sententiae
2322 4610 2739 4674 accesserimus,
2759 4608 2979 4663 omnino
2996 4620 3098 4659 una
3123 4621 3245 4661 cum
3271 4604 3377 4659 illis
3397 4615 3452 4659 et
3466 4603 3627 4658 illud-

2016 4698 2261 4767 Apostoli
2308 4714 2525 4768 quoque
2596 4700 2878 4753 audiemus
2923 4716 2937 4751 :
2987 4715 3006 4748 ι
3070 4698 3322 4751 Dicentes
3361 4710 3421 4750 se
3476 4709 3598 4750 esse

2016 4789 2310 4859 sapientes,
2337 4790 2450 4860 28
2473 4790 2623 4844 stulti
2662 4789 2789 4844 l‘aeti
2823 4796 2977 4854 sunt;
3009 4796 3064 4843 et
3090 4797 3436 4844 mutaverunt
3486 4788 3599 4858 glo-

2022 4881 2158 4935 riam
2205 4880 2634 4948 incorruptibilis
2670 4881 2765 4936 Dei
2798 4881 2850 4934 in
2900 4879 3312 4935 similitudinem
3350 4881 3600 4951 imaginis

2020 4972 2385 5041 corruptibilis
2411 4973 2665 5037 hominis,
2685 4983 2738 5027 et
2766 4973 3064 5036 volucrum,
3083 4983 3139 5028 et
3165 4975 3599 5041 quadrupedum,

2020 5073 2075 5118 et
2105 5073 2414 5131 serpentum
2446 5064 2513 5119 ’7.
2549 5081 2568 5115 ι
2598 5063 2787 5130 Quid?
2816 5078 2995 5118 nonne
3023 5073 3078 5117 et
3105 5079 3203 5119 nos
3252 5063 3348 5132 ipsi
3386 5077 3602 5132 quoque

2022 5156 2109 5221 iis,
2140 5169 2371 5225 quorum
2434 5156 2593 5210 modo
2643 5155 3015 5219 meminimus,
3054 5155 3250 5211 similia
3305 5152 3484 5208 facere
3547 5161 3601 5207 et

2022 5247 2224 5301 sentire
2255 5246 2620 5313 censebimur,
2648 5248 2820 5318 utqui
2858 5247 2949 5301 Dei
2999 5246 3226 5315 gloriam
3281 5245 3333 5298 in
3381 5245 3603 5298 menda-

2025 5339 2166 5394 cium
2194 5351 2249 5394 et
2270 5340 2679 5400 similitudinem
2723 5340 2978 5411 imaginis
3005 5337 3375 5408 corruptibilis
3423 5338 3600 5390 homi-

1454 5629 1627 5687 Variae
1663 5631 1925 5689 lectiones
1953 5633 2157 5693 codicis
2197 5631 2559 5706 Seguieriani.

428 5773 452 5814 Ιι
482 5769 847 5839 οἰκονομικήν.
