4060 6414
459 390 601 449 H79

1453 380 1510 435 S.
1553 377 1829 434 (ZYRILLI
1871 344 2335 429 ALEXANDRINI
2376 369 2692 427 AllClllEP.

3571 370 3721 426 “80

458 505 545 560 nis
622 498 1100 561 dentutaverimus,
1165 497 1211 551 si
1287 495 1692 555 Etnmanuelem
1771 504 2025 561 tanquam

2147 488 2377 558 ὶγγέλων
2426 489 2458 558 ἡ
2506 487 2719 559 πληθὺς
2762 488 2875 551 τοῖς
2918 488 2998 551 εἰς
3048 485 3207 541 τοῦτο
3263 485 3460 557 μανίας
3512 486 3711 557 ἥκουσι

386 588 389 591 “
460 596 686 659 nudum,
719 600 1023 658 nostraeque
1044 586 1373 642 conditionis
1395 584 1666 639 hominem
1695 578 2031 635 atlorationis

457 683 601 739 cultu
658 676 1082 751 prosequemur?
1118 674 1309 732 Nonne
1362 674 1599 730 caelestis
1664 685 1877 741 quoque
1944 669 2033 723 ille

458 773 773 843 angelorum
827 778 1001 825 matus
1062 768 1116 823 in
1176 775 1379 823 tantam
1437 763 1703 820 insaniam
1769 759 2034 831 prolapsis

458 860 943 919 annumerabitur?
969 859 1112 928 Quin
1173 868 1229 914 et
1284 870 1501 928 gregent
1551 854 1915 918 ethnicorum,
1945 866 2034 905 ar-

459 958 653 1020 bitror,
684 971 791 1013 non
833 954 940 1011 erit
974 969 1071 1009 cur
1098 953 1551 1015 condemnemus;
1593 963 1690 1003 nec
1721 946 1879 1001 facile
1927 945 2033 1001 elui

460 1049 660 1119 poterit
700 1054 942 1103 veterum
985 1044 1266 1114 culparum
1298 1057 1457 1096 noxa.
1494 1041 1655 1095 Errat
1702 1021 1937 1109 namque
1981 1047 2038 1095 et

462 1155 604 1195 nunc
636 1153 852 1209 quoque
883 1137 1104 1208 perinde
1141 1150 1203 1191 ac
1232 1134 1382 1201 olim,
1414 1143 1469 1188 et
1501 1134 1749 1188 semitam
1799 1148 1920 1202 quae
1969 1132 2036 1186 ad

462 1231 750 1286 veritatem
804 1228 974 1293 ducit,
1038 1226 1302 1295 ignorat:
1345 1238 1521 1293 neque
1578 1225 1766 1278 beatus
1835 1222 2038 1278 Paulus

462 1320 597 1378 satis
660 1327 965 1389 opportune
1028 1315 1250 1372 Galatas
1301 1315 1564 1383 increpat.
1624 1314 1715 1367 Ait
1762 1327 2035 1382 namque:

467 1429 487 1465 ι
525 1410 678 1464 Tunc
729 1409 1042 1479 ignorantes
1076 1406 1265 1472 Deum,
1298 1407 1364 1461 iis
1403 1404 1496 1476 qui
1527 1413 1722 1460 natura
1758 1421 1863 1461 non
1915 1413 2042 1459 sunt

462 1501 561 1564 dii,
592 1499 933 1555 serviebatis.
989 1496 1142 1553 Nunc
1192 1506 1374 1552 autem
1401 1511 1524 1552 cum
1554 1495 1720 1552 Deum
1765 1509 2033 1567 cognove-

465 1591 607 1656 ritis,
642 1591 751 1645 imo
784 1588 985 1659 cogniti
1043 1588 1165 1645 sitis
1198 1603 1228 1642 a
1261 1587 1393 1652 Deo,
1433 1588 1705 1659 quomodo
1768 1585 2039 1643 converti—

464 1680 598 1735 mini
636 1681 829 1735 iterum
859 1679 925 1734 ad
960 1678 1174 1733 inﬁrma
1205 1687 1369 1748 atque
1400 1692 1570 1749 egena
1601 1679 1892 1744 elementa,
1920 1678 2043 1747 qui-

466 1775 569 1830 bus
603 1775 778 1827 demto
827 1771 1031 1828 servire
1066 1770 1226 1827 vultis
1257 1770 1353 1824 "‘2
1399 1788 1418 1822 ι
1453 1769 1588 1824 Nam
1619 1769 1720 1826 nisi
1768 1767 2037 1836 Christus,

2140 579 2552 644 συντετάξεται;
2594 577 2932 650 ’Δνεξίτητον
2960 578 3037 644 δὲ,
3061 573 3217 649 οἶμαί
3243 594 3369 643 που,
3392 577 3491 649 τὴν
3513 577 3606 630 ἐπὶ
3631 576 3714 647 τῷ

2137 668 2518 739 πεπλανῆσθαι
2543 669 2760 738 γραφὴν
2812 670 2908 722 καὶ
2932 672 2996 740 τῇ
3026 669 3137 722 τῶν
3160 669 3329 722 ἐθνῶν
3357 668 3526 739 ἀγέλῃ
3552 685 3713 739 περι-

2138 762 2406 833 θήσομεν·
2442 763 2534 816 καὶ
2566 762 2966 818 δυσαπόνιπτον
2989 764 3100 835 ἔχει
3129 764 3239 818 τῶν
3268 764 3512 835 ἀρχαίων
3533 766 3712 819 αἰτια-

2142 854 2329 925 μάτων
2378 854 2440 908 τὸ
2486 854 2701 925 βλάσος.
2752 855 3029 909 Πλανᾶται
3065 855 3196 927 γάρ,
3236 850 3391 925 οἶμαι
3415 897 3430 920 ,
3479 854 3575 908 καὶ
3617 853 3716 909 νῦν

2140 945 2293 999 οὐδὲν
2319 940 2502 1016 ἦττον,
2533 947 2566 1016 ἢ
2596 948 2782 1012 πάλαι,
2806 947 2904 1001 καὶ
2930 947 3029 1017 τὴν
3053 949 3134 1011 είς
3155 947 3284 1001 εὐθὺ
3304 947 3719 1018 διαστείχουσαν

2140 1037 2377 1107 ἠγνόηκε
2409 1036 2612 1107 τρίϐον.
2642 1039 2753 1092 Καὶ
2777 1038 3049 1109 περιττὸς,
3075 1038 3149 1103 ὡς
3174 1037 3371 1105 ἔοικεν,
3393 1041 3421 1093 6
3447 1037 3721 1110 μακάριος

2143 1128 2376 1193 Παῦλος,
2417 1129 2756 1201 προσφωνῶν
2799 1147 2859 1185 τε
2910 1132 3096 1195 αὐτοῖς
3127 1130 3222 1184 καὶ
3263 1131 3472 1200 λέγων·
3513 1149 3530 1181 ι
3554 1129 3718 1184 vim

2141 1218 2262 1271 τότε
2296 1219 2396 1290 μὲν
2429 1219 2529 1273 ούκ
2574 1219 2776 1282 εἰδότες
2823 1220 2979 1287 Θεὸν,
3008 1220 3358 1274 ἐδουλεύσατε
3403 1221 3519 1283 τοῖς
3557 1219 3719 1289 φύσει

2146 1311 2220 1382 μὴ
2247 1306 2363 1365 οὖσι
2411 1310 2572 1375 θεοῖς.
2602 1310 2715 1364 Νῦν
2743 1311 2801 1365 δὲ
2828 1313 3045 1382 γνόντες
3069 1312 3221 1376 Θεὸν,
3261 1313 3462 1384 μᾶλλον
3488 1313 3722 1381 δὲ’γνωο

2145 1403 2362 1467 σθέντες
2409 1403 2514 1457 ὑπὸ
2560 1402 2718 1467 Θεοῦ,
2756 1404 2875 1468 πῶς
2912 1404 3271 1475 ἐπιστρέφετε
3308 1406 3470 1460 πάλιν
3515 1406 3607 1459 ἐπὶ
3652 1404 3724 1457 τὰ

2143 1494 2343 1566 ἀσθενῆ
2390 1493 2483 1549 καὶ
2515 1495 2709 1566 πτωχά
2755 1498 3014 1567 στοιχεῖα,
3058 1492 3139 1559 οἶς
3165 1495 3329 1551 πάλιν
3354 1496 3561 1550 ἀνωθεν
3596 1496 3723 1549 δου-

2143 1575 2320 1640 λεύειν
2366 1585 2585 1652 Θέλετες
2617 1605 2637 1639 ι
2693 1586 2853 1641 Ποῖον
2882 1588 2991 1660 γὰρ
3021 1588 3101 1642 ἔτι
3131 1588 3263 1641 Θεὸν
3307 1586 3632 1657 ἐγνώκασιν,
3668 1587 3718 1639 εί

2148 1679 2224 1750 μὴ
2274 1677 2433 1748 φύσει
2478 1678 2612 1743 Θεὸς
2657 1680 2687 1732 6
2731 1681 2985 1752 Χριστὸς,
3018 1681 3099 1744 εἰς
3145 1680 3205 1735 ὃν
3254 1680 3721 1743 πεπιστεύκασινς

2146 1769 2257 1821 Καὶ
2308 1768 2357 1821 εί
2408 1769 2835 1841 λελατρεύκασιν
2882 1768 3175 1841 ἀνθρώπῳ,
3200 1772 3315 1834 τοῖς
3358 1771 3460 1841 τῆς
3488 1770 3726 1840 ἀρχαίας

468 1864 523 1918 in
545 1878 706 1934 quem
746 1864 1115 1927 crediderunt,
1136 1871 1325 1933 suapte
1363 1870 1552 1917 natura
1582 1861 1725 1917 Deus
1765 1871 1868 1925 est,
1901 1876 2037 1931 qua-

2149 1861 2359 1932 πλάνης
2412 1861 2688 1932 ἐνέχονται
2737 1862 3054 1934 βρόχοις.Ἦ
3087 1864 3187 1918 ούκ
3214 1862 3413 1934 ἀληθὲς
3461 1864 3491 1917 ὃ
3537 1880 3723 1932 φημι;

468 1952 595 2017 lem,
650 1965 855 2021 quzeso,
917 1951 1086 2007 Deum
1149 1951 1560 2021 cognoverunt?
1606 1950 1675 2006 Et
1735 1950 1781 2007 si
1838 1950 2049 2006 homini

468 2045 795 2109 servierunt,
848 2057 955 2097 non
997 2041 1204 2111 antiqui
1261 2043 1465 2097 erroris
1498 2041 1709 2112 laqueis
1748 2039 2044 2095 etiamnum

469 2136 663 2190 irretiti
697 2133 990 2189 tenentur?
1020 2133 1234 2204 Λιμεεο
1272 2147 1377 2187 non
1430 2147 1615 2187 verum
1670 2132 1829 2186 dico?
1860 2132 2047 2201 utique

471 2227 613 2283 dico.
669 2226 863 2282 Cernis
941 2226 1130 2296 igitur,
1189 2224 1658 2281 Christianissime
1729 2225 2045 2294 imperator,

468 2318 738 2389 quomodo
765 2317 1091 2373 necessariis
1142 2317 1452 2371 nationibus
1507 2315 1749 2382 adducti,
1784 2314 1876 2369 Dei
1916 2315 2050 2369 Ver-

468 2412 620 2476 bum,
646 2411 833 2466 estoiu
862 2409 1033 2466 forma
1064 2419 1249 2465 nostra
1297 2409 1630 2480 apparuerit,
1653 2417 1913 2478 tanquam
1958 2421 2050 2463 ve-

468 2520 588 2560 rum
619 2514 812 2557 natura
840 2503 1005 2557 Deum
1038 2503 1334 2571 prudenter
1379 2500 1611 2555 adorare
1650 2498 1764 2555 fere
1809 2498 2049 2567 compel-

470 2590 645 2647 lamur
665 2610 678 2646 :
701 2591 900 2661 quippe
926 2605 1049 2645 cum
1071 2592 1299 2644 duarum
1324 2598 1643 2644 naturarum
1686 2588 1739 2643 in
1782 2589 2047 2644 unitatem

471 2696 770 2737 concursus
802 2681 959 2735 facile
986 2680 1180 2750 possit,
1213 2679 1257 2734 si
1288 2694 1395 2750 qua
1415 2694 1513 2735 nos
1535 2680 2048 2749 turbataliquando,

471 2773 834 2843 suspicionem
872 2772 1059 2828 tollere
1111 2775 1176 2825 de
1216 2770 1330 2826 sola
1382 2771 1736 2826 humanitate.
1764 2772 2052 2827 Enimvero

471 2862 636 2919 Verbi
684 2873 873 2917 natura
928 2863 1217 2917 humanam
1271 2870 1520 2916 naturam
1564 2864 1888 2933 suscipiens,
1943 2877 2049 2916 non

2159 1954 2380 2025 ’Λληθὲς
2409 1954 2508 2026 μὲν
2527 1949 2843 2026 οῦν.Ἀορει
2861 1956 2925 2025 δὴ
2946 1951 3060 2020 οῦν,
3081 1948 3127 2008 ὦ
3149 1954 3459 2026 φιλόχριστε
3476 1954 3722 2025 βασιλεῦ,

2147 2046 2295 2109 ὅπως
2320 2046 2377 2113 ἐξ
2404 2045 2722 2113 ἀναγκαίων
2747 2046 2869 2118 ἤδη⁸
2885 2046 3261 2117 συλλογισμῶν
3286 2045 3566 2116 μονονουχὶ
3599 2062 3725 2099 συν-

2146 2136 2436 2209 ωθούμεθα
2482 2137 2618 2208 πρός
2669 2154 2734 2206 γε
2779 2138 2841 2191 τὸ
2887 2139 3000 2192 δεῖν
3045 2138 3354 2208 ἐμφρόνως,
3382 2136 3459 2201 ὡς
3489 2135 3610 2208 Θεῷ
3647 2136 3727 2206 τῷ

2147 2230 2288 2284 κατά
2337 2229 2519 2300 φύσιν,
2546 2231 2873 2301 προσκυνεῖν
2904 2228 2983 2300 τῷ
3015 2231 3080 2283 ὲκ
3124 2227 3257 2282 Θεοῦ
3298 2227 3517 2299 Πατρδς
3566 2227 3725 2298 φύντι

2149 2323 2328 2394 Λόγῳ,
2358 2322 2452 2376 καὶ
2479 2323 2540 2376 ἐν
2570 2322 2649 2391 τῷ
2688 2321 2805 2375 καθ’
2834 2324 2984 2392 ἡμᾶς
3028 2321 3292 2392 πεφηνότι
3323 2322 3592 2390 σχήματι⁸
3624 2320 3729 2387 τῆς

2147 2413 2352 2483 ἀμφοῖν
2374 2413 2452 2474 είς
2478 2411 2706 2481 ἑνότητα
2730 2411 3038 2481 συνδρομῆς
3058 2411 3160 2464 ούκ
3203 2410 3473 2473 ἀνικάνως
3494 2408 3730 2478 ἐχούσης

2150 2503 2286 2575 πρὸς
2328 2503 2390 2556 τὸ
2433 2502 2696 2571 ἀφανίσαι
2739 2501 2900 2572 τυχὸν
2935 2501 3119 2556 τὺοκαὶ
3147 2501 3259 2555 ἐσθ’
3289 2502 3377 2555 ὅτε
3416 2499 3619 2554 λυποῦν
3649 2501 3732 2563 είς

2152 2595 2321 2666 μόνης
2364 2595 2510 2665 ἡμᾶς
2555 2593 2974 2664 ἀνθρωπότητος
3024 2593 3295 2662 ύποψίανυ
3345 2590 3730 2662 προσλαόοῦσα

2149 2686 2259 2757 γάρ
2285 2692 2317 2755 ἡ
2353 2685 2445 2738 τοῦ
2489 2685 2663 2753 Λόγου
2695 2684 2859 2754 φύσις
2890 2685 2952 2738 τὸ
2980 2685 3338 2757 ἀνθρώπινον,
3376 2685 3478 2737 οὐκ
3515 2683 3730 2754 ἀνθρω-

2151 2775 2323 2846 πότης
2355 2774 2509 2828 ἔσται
2538 2775 2705 2845 eiu;-
2748 2774 2953 2828 νικῶσα
3003 2775 3059 2828 δὲ
3111 2775 3311 2842 μᾶλλον
3356 2774 3462 2845 ἰδία
3502 2773 3632 2846 δόξῃ
3669 2774 3734 2826 τὸ

2153 2866 2520 2938 προσληφθὲν,
2556 2868 2614 2920 ὲν
2640 2867 2920 2937 ἀκλονήτῳ
2954 2866 3186 2930 σώζεται
3211 2868 3440 2938 διαμονῇ
3478 2867 3577 2936 τῆς
3609 2865 3731 2919 Oso-

471 2966 557 3013 est
599 2957 739 3010 nuda
784 2955 1132 3010 humanitas:
1163 2956 1270 3009 imo
1325 2970 1453 3009 vero
1518 2955 1736 3025 pr0pria
1792 2955 1961 3025 gloria
1996 2964 2042 3010 et

2154 2957 2397 3029 πρεποῦς
2432 2956 2730 3028 ὑπεροχῆς.
2759 2957 2945 3010 Ταῦτα
2993 2958 3319 3028 φρονοῦντες
3366 2960 3415 3011 οἱ
3466 2957 3732 3028 μαθηταὶ,

473 3048 757 3117 majestate
824 3056 1161 3117 assumptaut
1215 3056 1464 3101 naturam
1516 3050 1808 3111 excedens,
1862 3046 2052 3102 incon-

2154 3046 2523 3118 προσεκύνουν
2565 3047 2848 3117 λέγοντες’
2905 3068 2922 3099 ι
2948 3048 3186 3116 Ἀληθῶς
3226 3047 3362 3101 Θεοῦ
3405 3048 3532 3112 Υἱὸς
3585 3043 3674 3099 εἷο
3710 3065 3731 3098 s

470 3150 736 3205 russaque
789 3151 853 3190 ac
904 3134 1125 3191 immota
1196 3137 1510 3207 persistens,
1568 3137 1765 3192 nullam
1828 3151 2042 3208 prorsut

2155 3139 2335 3193 καίτοι
2389 3137 2557 3209 βάδην
2602 3138 2748 3191 ἰόντα
2794 3137 3104 3207 βλέποντες,
3144 3139 3239 3192 καὶ
3286 3138 3345 3190 ὲν
3395 3137 3559 3210 σαρκὶ
3599 3136 3739 3189 καθ’

473 3227 669 3284 divina:
696 3227 840 3283 illius
856 3228 1192 3284 excellentiae
1236 3244 1396 3299 passa
1440 3238 1528 3284 est
1561 3228 1856 3296 jacturam.
1888 3227 2042 3297 Cujus

2155 3229 2305 3299 ἡμᾶς
2325 3245 2338 3259 ⁸
2381 3227 2468 3279 ἐπ’
2503 3228 2676 3297 ἀκρου
2706 3226 2813 3299 γάρ
2855 3227 2918 3298 δὴ
2950 3227 3116 3282 διέθει
3146 3228 3390 3299 κύματος
3417 3226 3740 3297 παραδόξως

470 3318 688 3387 quidem
737 3318 814 3372 rei
846 3315 1048 3373 Christi
1085 3317 1334 3386 discipuli
1371 3333 1478 3372 non
1513 3318 1711 3387 ignari,
1738 3317 2042 3372 adorabant

2148 3319 2224 3381 ὼς
2249 3316 2402 3381 Θεός.

470 3425 617 3477 eum,
665 3412 949 3466 dicentes:
988 3428 1008 3463 ι
1048 3408 1183 3465 Vere
1253 3409 1422 3464 Filius
1472 3409 1564 3463 Dei
1623 3424 1683 3465 es
1722 3419 1776 3464 tu
1813 3411 1881 3475 ”,
1922 3430 1942 3462 ι
1985 3410 2088 3466 etsi
2166 3410 2317 3465 illum
2374 3411 2601 3481 pedibus
2652 3420 2894 3474 euntem.
2945 3421 3240 3483 nostroque
3298 3413 3457 3470 modo
3511 3427 3743 3483 corpore

472 3502 720 3558 indutum
782 3501 1101 3566 cernebant,
1127 3500 1272 3570 quod
1303 3498 1697 3555 admirabiliter
1724 3501 1777 3553 in
1819 3501 2053 3556 summis
2089 3499 2343 3557 ﬂuctibus
2368 3500 2703 3564 ambulabat,
2727 3501 2803 3554 uti
2840 3500 3002 3555 Deus.

541 3589 885 3664 asxxxu.
913 3589 1020 3645 Sed
1044 3590 1243 3659 aliquis
1265 3588 1407 3644 forte
1426 3606 1491 3644 ex
1515 3590 1601 3653 iis,
1624 3590 1715 3660 qui
1742 3590 1864 3645 huic
1888 3599 2052 3646 tanta:

2229 3556 2353 3644 AB'C.
2400 3591 2547 3662 Ἐρεῖ
2586 3590 2643 3643 δὲ
2685 3556 2815 3653 ίσως
2846 3591 2873 3643 6
2908 3593 2972 3662 τῇ
3014 3591 3191 3662 τοιᾷδε
3234 3592 3360 3665 δόξῃ
3395 3556 3734 3667 μαχόμενοξ·

470 3688 657 3759 gloria:
703 3685 1078 3747 adversantur,
1137 3680 1281 3736 dicet
1319 3697 1334 3735 :
1370 3682 1567 3751 Ecquis
1618 3682 1707 3737 ille
1756 3692 1897 3747 erat,
1958 3680 2042 3752 qui

2158 3680 2273 3736 Kal.
2299 3680 2383 3743 τίς
2413 3675 2483 3750 ἦν
2516 3682 2544 3733 6
2573 3680 2751 3748 λέγων
2785 3680 2921 3753 πρὸς
2948 3680 3048 3751 τὴν
3074 3684 3131 3735 ὲν
3157 3684 3439 3756 Σαμαρείᾳ
3470 3693 3734 3755 γυναῖκαο

472 3776 686 3834 mulieri
742 3774 1098 3830 Samaritana
1147 3772 1372 3827 aiebat:
1407 3790 1427 3825 ι
1468 3771 1577 3829 Vos
1622 3773 1862 3830 adoratis
1908 3773 2042 3843 quod

2162 3790 2182 3823 ι
2243 3770 2432 3840 Ὑμεῖς
2465 3771 2821 3840 προσκυνεῖτε
2867 3771 2895 3823 ὂ
2925 3772 3024 3825 ούκ
3061 3772 3262 3837 οἴδατε,
3308 3776 3466 3846 ἡμεῖς
3492 3795 3731 3849 προσκυσ

473 3870 736 3929 nescitis:
770 3883 869 3922 uos
922 3874 1104 3921 autem
1151 3865 1443 3920 adoramus
1491 3865 1633 3934 quod
1687 3865 1890 3921 scimus
1919 3865 1976 3919 ‘?
2024 3883 2042 3918 ι

2156 3861 2356 3932 νοῦμεν
2381 3861 2410 3914 ὃ
2447 3862 2669 3932 οἴδαμεν
2696 3880 2709 3929 ;
2748 3882 2765 3913 ι
2790 3859 2939 3922 ,Εἶτα
2967 3864 3084 3961 πῶς
3116 3864 3265 3920 ἔσται
3296 3871 3675 3940 προσκυνητδς
3702 3872 3734 3925 6

471 3962 753 4030 Quomodo
789 3974 920 4030 ergo
958 3965 1105 4012 recte
1134 3956 1414 4022 adoratur,
1446 3956 1541 4026 qui
1573 3957 1718 4044 inter
1759 3955 2042 4012 adorantes

2153 3956 2265 4017 τοῖς
2314 3953 2679 4024 προσκυνοῦσι
2743 3953 3204 4026 συντεταγμένοςς
3259 3958 3401 4027 Ἐγὼ
3456 3961 3513 4014 δὲ
3568 3962 3735 4034 φαίην

470 4048 759 4110 censetur?
823 4052 903 4105 Ad
953 4050 1056 4105 hoc
1102 4048 1363 4125 equidem
1417 4041 1816 4117 responderim,
1869 4047 2042 4114 istud.

2154 4045 2242 4109 ἂν,
2277 4046 2359 4099 ὅτι
2415 4046 2496 4113 τὸ,
2528 4045 2624 4109 Τίς
2672 4041 2778 4118 ἦν;
2809 4046 2947 4110 ὅλως
3002 4047 3096 4101 ἐπὶ
3138 4048 3377 4119 Χριστοῦ
3421 4051 3735 4124 λεγόμενον,

471 4147 603 4213 Quis
643 4145 730 4199 ille
758 4153 896 4209 erat,
930 4142 997 4196 de
1023 4140 1237 4196 Christo
1276 4140 1469 4197 stolide
1499 4140 1724 4196 omnino
1753 4147 1917 4211 atque
1947 4141 2042 4194 im-

2154 4139 2433 4211 ἀσύφηλόν
2460 4156 2519 4192 τε
2552 4140 2649 4192 καὶ
2682 4139 2894 4209 ἀμαθές
2918 4157 2931 4169 ·
2969 4140 3296 4212 μεμέρισται
3325 4144 3434 4213 γὰρ
3461 4146 3733 4217 οὐδαμῶς.

469 4240 646 4309 perite
677 4236 782 4292 dici
813 4251 828 4289 :
866 4233 1015 4289 nullo
1038 4234 1181 4288 enim
1224 4233 1380 4288 modo
1413 4232 1669 4288 Christus
1698 4232 1908 4287 divisus
1941 4241 2042 4288 est.

2166 4229 2226 4282 ’0
2254 4229 2311 4283 δὲ
2346 4227 2425 4299 τῷ
2456 4228 2664 4300 γυναίῳ
2694 4229 3030 4300 προσλαλῶν,
3059 4233 3088 4283 6
3115 4227 3197 4295 εἷς
3215 4249 3275 4285 τε
3311 4234 3403 4287 καὶ
3429 4236 3587 4305 μόνος
3622 4238 3738 4290 Κύ-

471 4332 653 4398 Quare
700 4328 792 4399 qui
829 4341 952 4382 cum
988 4325 1301 4381 muliercula
1343 4324 1689 4395 loquebatur,
1722 4333 1840 4378 erat
1885 4338 2042 4391 unus.

2160 4337 2274 4391 ριος
2302 4315 2371 4391 ἦν
2412 4318 2620 4392 Ἰησοῦς
2658 4319 2914 4391 Χριστὸς,
2947 4322 3012 4374 ὲκ
3049 4321 3151 4391 τῆς
3191 4325 3604 4396 προσκυνούσης
3637 4329 3735 4380 ἀν-

468 4434 526 4480 et
556 4422 706 4478 solus
757 4419 1016 4475 Dominus
1066 4416 1223 4473 Jesus
1274 4416 1545 4479 Cbrisms,
1590 4431 1656 4471 ex
1710 4416 2042 4473 humanitate

2157 4411 2671 4484 ορωπότητος,’καὶ
2695 4414 2759 4467 ὲκ
2798 4412 2899 4483 τῆς
2941 4415 3422 4487 προσκυνουμένης
3460 4416 3735 4489 Θεότητος,

469 4514 729 4571 adorante
756 4520 811 4567 et
838 4509 1108 4565 adoranda
1145 4508 1423 4563 divinitate
1446 4506 1795 4572 constitutus,
1823 4505 1951 4562 illud
1995 4507 2042 4562 in

2154 4504 2218 4558 τὸ
2256 4500 2396 4557 εἷναί
2434 4521 2492 4558 τε
2544 4504 2640 4557 καὶ
2678 4504 3039 4575 ὀνομάζεσθαι
3070 4505 3202 4570 Θεός
3230 4524 3290 4560 τε
3342 4508 3477 4578 ὁμοῦ
3516 4510 3611 4563 καὶ
3643 4512 3738 4565 ἀνι-

468 4619 531 4661 se
582 4604 969 4674 complectens,
1029 4600 1174 4656 unde
1230 4600 1369 4654 Deus
1418 4597 1577 4652 simul
1615 4607 1672 4654 et
1716 4599 1879 4655 homo
1921 4614 2042 4656 vere

2156 4592 2392 4664 θρωπος,
2445 4591 2646 4663 ἀληθὲς
2674 4592 2813 4664 ἔχων
2858 4593 2944 4663 ἔφ’
2993 4593 3206 4666 ἐαυτῷ⁸
3257 4595 3508 4668 καθάπερ
3538 4598 3739 4669 ἀμέλει

468 4697 599 4763 dici,
631 4696 927 4765 haberique
953 4691 1123 4764 possit
1151 4708 1166 4745 :
1210 4690 1659 4759 quemadmodum
1696 4689 1950 4746 videlicet
1983 4691 2042 4746 de

2158 4685 2293 4757 φαίη
2329 4702 2413 4749 τις
2445 4684 2512 4739 ἀν
2547 4685 2643 4739 καὶ
2682 4685 2883 4754 ἑτέρως
2912 4687 3041 4757 περὶ
3068 4688 3259 4741 αὐτοῦ’
3358 4690 3456 4760 μὲν
3478 4688 3586 4762 γάρ
3619 4693 3737 4747 ἐστι

468 4803 534 4842 eo
562 4787 719 4843 aliter
757 4787 938 4841 dicere
977 4782 1100 4854 quis
1140 4791 1357 4851 potest;
1391 4790 1656 4851 quatenus
1703 4781 1847 4838 enim
1909 4782 2042 4837 Deui

2157 4777 2310 4843 Θεὸς,
2349 4777 2507 4830 νοοῖτ*
2547 4775 2614 4831 ἂν
2639 4776 2903 4849 ὑπάρχων
2928 4776 3090 4841 αὐτὸς
3120 4780 3148 4831 6
3193 4779 3291 4849 τῆς
3312 4779 3470 4851 δόξης
3496 4781 3735 4853 Κύριος·

468 4887 573 4941 est,
607 4877 721 4945 ipse
772 4874 1030 4930 Dominus
1078 4874 1263 4945 gloriae
1291 4876 1459 4930 'esse
1515 4872 1871 4943 intelligitur;
1915 4886 2051 4943 qua-

470 4980 629 5025 tenus
676 4983 805 5023 vero
833 4968 1008 5023 l‘actus
1057 4976 1141 5023 est
1177 4966 1340 5022 homo
1365 4965 1456 5020 ille
1482 4964 1574 5034 qui
1625 4963 1721 5020 Del
1770 4963 2049 5020 consortio

471 5059 893 5128 gloriﬁcabatur,
917 5058 1087 5129 gloria
1116 5057 1411 5127 indigebat,
1433 5056 1581 5125 juxta
1612 5055 1741 5111 illud
1768 5071 1784 5111 :
1817 5074 1836 5107 ι
1859 5053 2043 5119 Pater,

472 5147 710 5204 clarifica
758 5148 954 5203 Filium
993 5155 1142 5200 tuum
1179 5145 1222 5200 ⁸.
1271 5162 1291 5197 ι
1345 5142 1459 5211 Nze,
1495 5144 1590 5201 sed
1635 5159 1774 5200 unus
1830 5143 2049 5199 interim

473 5239 766 5294 secundum
816 5237 1122 5306 Scripturas
1145 5243 1228 5290 est
1263 5234 1540 5301 Dominus,
1568 5250 1674 5290 una
1706 5234 1860 5300 fides,
1881 5249 2049 5289 umtm

2158 4863 2192 4944 ᾖ
2221 4869 2278 4921 δὲ
2306 4868 2530 4938 γέγονεν
2550 4868 2589 4921 ’ὁ
2618 4866 2759 4921 κατὰ
2798 4867 3015 4938 μέθεξιν
3046 4870 3145 4939 τὴν
3173 4869 3324 4940 παρά
3345 4870 3482 4925 Θεοῦ
3518 4872 3741 4940 δοξαζό-

2156 4977 2315 5030 μενος
2359 4960 2666 5032 ἄνθρωπος,
2705 4960 2876 5014 ἐδεῖτο
2906 4961 3001 5014 καὶ
3033 4960 3212 5030 δόξης,
3238 4962 3411 5031 λέγων
3430 4980 3445 4995 θ
3475 4982 3494 5014 ι
3531 4965 3737 5036 Πάτερ,

2153 5049 2375 5117 δόξασόν
2399 5067 2490 5104 σου
2514 5051 2606 5105 τὸν
2624 5050 2772 5107 Υἱόν.
2791 5070 2810 5103 ι
2831 5050 2995 5116 Ἀλλ’,
3018 5046 3141 5115 «Εἷς
3165 5052 3388 5124 Κύριος,
3408 5054 3505 5125 μία
3532 5055 3739 5122 πίστις,

2153 5141 2212 5195 ἓν
2228 5141 2533 5212 βάπτισμα,
2561 5161 2581 5195 ι
2602 5142 2744 5196 κατά
2771 5143 2833 5197 τὸ
2859 5143 3488 5217 γεγραμμένον.”οσπερ
3504 5142 3597 5200 οὖν
3620 5148 3740 5201 ἐστι

2159 5234 2257 5305 μία
2295 5234 2481 5298 πίστις
2509 5236 2541 5305 ἡ
2566 5236 2623 5288 ὲν
2645 5235 2867 5307 Χριστῷ
2892 5234 2936 5300 ι,
2971 5235 3067 5289 καὶ
3095 5235 3154 5290 ἓν
3184 5235 3397 5308 ἀληθῶς
3429 5237 3739 5309 βάπτισμα,

475 5331 741 5402 baptisma
776 5329 819 5386 ⁵.
890 5328 959 5384 Et
1007 5326 1458 5397 quemadmodum
1504 5341 1610 5381 una
1673 5336 1756 5382 est
1802 5327 1935 5383 ﬁdes
1993 5326 2042 5380 in

2154 5324 2333 5379 καίτοι
2373 5323 2785 5396 βαπτιζομένων
2824 5325 2919 5380 καὶ
2952 5326 3396 5382 πεπιστευκότων
3450 5328 3608 5399 ἡμῶν
3657 5330 3741 5393 εἰς

544 5487 593 5520 ’⁸
612 5485 790 5541 Galat.
821 5499 896 5548 tv,
923 5482 978 5549 8,
1002 5481 1053 5536 9.
1130 5481 1177 5514 ⁹⁹
1199 5480 1385 5537 Matth.
1411 5495 1522 5546 stv,
1553 5479 1642 5534 33.
1724 5479 1741 5509 ⁸
1779 5479 1940 5535 Joan.
1979 5494 2042 5534 ιν.

2147 5487 2172 5533 ι.
2253 5481 2273 5510 ²
2297 5478 2319 5532 ι
2345 5478 2470 5535 Cor.
2506 5496 2567 5546 ιι,
2598 5482 2651 5536 8.
2725 5481 2746 5514 ³
2774 5480 2932 5538 Joan.
2961 5497 3096 5551 xvii,
3135 5483 3189 5538 l.
3267 5484 3291 5518 ⁸
3319 5480 3518 5555 Ephes.
3551 5495 3627 5575 Iv,
3652 5481 3712 5543 5.

1578 5636 1750 5694 Varia:
1784 5639 2048 5697 lectiones
2079 5639 2282 5697 codicis
2327 5639 2687 5712 Seguicriani.

562 5771 579 5821 λ
611 5775 689 5836 εἰς
725 5774 976 5844 Χριστόν.
