4060 6412
294 367 423 427 1131

291 490 535 561 Πατέρα,
567 490 663 544 κο.ιὺ⁸
693 489 842 551 Υἱὺν,
877 490 972 543 καὶ
1014 490 1167 559 ἅγιον
1196 490 1423 563 Πνεῦμα
1443 510 1456 523 ·
1489 492 1629 547 κατὰ
1654 492 1747 546 τὸν
1775 492 1875 545 αύ-

1998 492 2286 564 Zhristum,
2337 508 2391 553 et
2438 517 2602 556 unum

287 582 406 646 τὸν,
436 576 612 651 οἴμαι,
652 581 853 651 τρόπον
891 596 951 634 τε
981 583 1076 635 καὶ
1098 581 1278 649 λόγον,
1318 582 1417 652 μία
1446 582 1818 653 προσκύνησις
1841 580 1875 650 ἡ

289 671 543 743 Πατρδς,
560 672 656 724 καὶ
687 671 1207 743 ὲνανθρωπήσαντος
1233 671 1386 739 Υἱοῦ,
1415 674 1508 727 καὶ
1531 673 1686 743 ἁγίου
1715 673 1878 727 Πνεύ-

291 780 486 833 ματος.
547 763 950 832 Ἐξωσθήσεται
1001 763 1111 836 γὰρ
1142 763 1380 836 οὐδαμοῦ
1423 764 1518 819 τοῦ
1557 767 1878 837 προσκυνεῖ-

290 852 425 907 σθαι
451 852 561 906 δεῖν
601 854 737 923 πρός
762 869 821 905 τε
851 855 884 923 ή
894 852 1011 921 μῶν
1036 853 1217 907 αὐτῶν
1255 855 1351 908 καὶ
1379 853 1490 909 τῶν
1518 855 1691 924 ἁγίων
1715 855 1879 924 ἀγγέ-

287 944 404 998 λων
429 946 458 998 6
480 945 811 1017 Μονογενὴς,
845 947 894 998 εἰ
918 946 1011 1000 καὶ
1037 946 1228 1015 γέγονε
1257 945 1414 1018 σάρξ,
1444 947 1540 1001 καὶ
1568 947 1878 1019 ἐσκήνωσεν

286 1039 353 1090 ὲν
380 1038 533 1109 ἡμῖν,
561 1037 939 1109 κεχρημάτικέ
980 1055 1041 1092 τε
1072 1037 1418 1111 πρωτότοκος
1464 1038 1540 1102 ὡς
1574 1040 1631 1094 ἐν
1664 1038 1879 1104 πολλοῖς

284 1132 548 1200 ἀδελφοῖς
567 1144 581 1159 ·
614 1131 737 1184 ἐπεὶ
773 1132 859 1195 τίς
881 1130 947 1185 ἂν
981 1131 1067 1204 εἴη
1115 1131 1278 1186 πάλιν
1308 1132 1337 1186 6
1366 1132 1466 1203 τῆς
1497 1133 1585 1185 ἐπ’
1615 1131 1764 1204 αὑτῷ
1790 1132 1880 1187 πί·
1964 1142 1967 1147 ’

290 1242 472 1290 στεως
513 1224 706 1293 λόγος;
756 1223 884 1288 Πῶς
917 1219 1011 1278 οῦν
1042 1224 1143 1278 ούκ
1172 1224 1322 1289 ἄξιον
1373 1225 1534 1290 ἰδεῖν;
1571 1224 1710 1280 Οὐδὲ
1748 1224 1878 1296 γὰρ,

289 1312 475 1387 οἶμαι,
506 1317 663 1386 φαῖεν
691 1314 779 1379 ἂν,
811 1315 971 1387 εἴπερ
1003 1332 1067 1385 γε
1102 1316 1308 1370 ἕλοιντο
1338 1318 1555 1386 φρονεῖν
1580 1315 1778 1386 ὀρθῶς,
1805 1315 1881 1380 ὡς

290 1409 396 1471 Εἰς
422 1407 583 1478 μόνον
610 1407 1055 1479 πεπιστεύκαμεν
1076 1406 1169 1461 τὸν
1190 1410 1256 1463 ὲκ
1288 1407 1423 1463 Θεοῦ
1458 1408 1672 1480 Πατρὸς
1706 1406 1884 1477 φύντα

292 1497 493 1567 Λόγον,
546 1496 987 1569 ἀπογυμνοῦντες
1031 1498 1194 1555 αὐτὸν
1221 1498 1322 1569 τῆς
1375 1500 1603 1571 σαρκός·
1653 1499 1765 1553 οὐδ’
1813 1497 1881 1555 αὖ

294 1592 480 1643 ἐκεῖνο
510 1591 833 1662 παρήσομεν
859 1591 1062 1645 εἰπεῖν*
1098 1590 1368 1659 λελέξεται
1400 1593 1508 1663 γάρ
1527 1609 1542 1625 ’
1576 1593 1638 1646 οὐ
1668 1592 1778 1664 γὰρ
1803 1594 1884 1659 εἰς

294 1684 398 1737 ἕνα
425 1683 533 1737 τῶν
565 1682 687 1737 καθ’
713 1685 886 1755 ἡμᾶς,
912 1683 1035 1738 οῦτε
1056 1686 1163 1756 μὴν
1192 1687 1271 1748 εἰς
1298 1684 1586 1757 ἄνθρωπον
1608 1686 1640 1758 ή
1678 1686 1884 1753 πίστις,

1251 368 1341 426 DE
1381 370 1611 429 RECTA
1645 370 1804 427 FIDE
1842 371 1935 427 AD
1973 370 2423 436 TIIEODOSIUM
2462 379 2594 438 IMP.

3419 390 3562 455 1182

2680 504 2807 557 item
2892 505 3181 575 baptisma,
3232 507 3449 563 etiamsi
3502 512 3558 566 in

1977 582 2218 651 Patrem,
2246 597 2300 644 et
2349 590 2565 658 Filium,
2590 601 2645 647 et
2675 591 2936 664 Spiritum
2966 605 3213 650 sanctum
3249 599 3560 668 credamus,

1978 685 2034 732 et
2062 678 2403 746 baptizemur
2432 699 2446 737 :
2482 683 2553 736 ita
2587 684 2764 752 plane,
2788 694 2848 739 ut
2870 700 2969 756 ego
2999 687 3260 750 arbitror,
3287 703 3392 744 una
3424 704 3561 759 quo-

1980 782 2086 839 que
2118 769 2318 837 Patris,
2356 782 2411 827 et
2451 774 2718 829 incarnati
2748 775 2896 841 Filii,
2928 785 2983 831 et
3014 776 3250 846 Spiritus
3277 781 3450 835 sancti
3481 790 3565 834 cst

1979 862 2247 920 adoratio.
2305 861 2562 931 Quamvis
2630 868 2774 923 enim
2826 866 3150 939 Unigenitus
3200 884 3328 926 caro
3386 870 3566 926 lactus

1981 952 2121 1011 inter
2165 968 2264 1011 nos
2319 956 2597 1023 habitarit,
2648 973 2748 1014 nec
2804 973 2910 1014 non
2975 960 3370 1031 primogenitus
3426 963 3566 1016 inter

1979 1047 2180 1104 multos
2242 1045 2440 1104 fratres
2487 1051 2784 1120 appellatus
2840 1053 2912 1108 sit
2944 1053 3002 1119 ⁸,
3044 1052 3149 1107 hoc
3196 1062 3374 1108 tamen
3435 1054 3567 1108 nihil

1981 1137 2224 1208 impedit,
2262 1141 2547 1210 quominus
2600 1159 2721 1199 cum
2752 1158 2783 1199 a
2808 1142 2986 1208 nobis,
3015 1153 3130 1199 tum
3160 1145 3229 1200 ab
3260 1145 3392 1215 ipsis
3435 1160 3570 1213 quo-

1981 1248 2088 1300 que
2136 1233 2342 1305 angelis
2385 1235 2598 1289 adorari
2644 1236 2859 1291 debeat.
2913 1236 3047 1290 Nam
3100 1251 3221 1306 qua:
3287 1236 3389 1290 alia
3446 1235 3568 1290 ﬁdei

1982 1326 2120 1380 ratio
2153 1324 2207 1379 in
2238 1329 2413 1395 ipsum
2456 1334 2707 1381 constare
2732 1328 2955 1396 posset?
2983 1327 3269 1395 Quomodo
3291 1344 3418 1383 vero
3465 1330 3569 1382 hoc

1982 1417 2212 1488 quzesitu
2249 1432 2352 1472 non
2384 1417 2650 1488 dignum?
2698 1418 2882 1488 Neque
2926 1420 3071 1476 enim
3104 1420 3185 1492 (si
3217 1423 3377 1475 modo
3424 1430 3569 1476 recte

1982 1522 2173 1577 sapere
2202 1508 2507 1580 voluerint)
2541 1509 2735 1565 dicturi
2764 1523 2914 1579 sunt,
2962 1513 3181 1583 opinor,
3216 1514 3359 1583 quod
3390 1514 3441 1566 in
3475 1512 3568 1567 Dei

1983 1600 2162 1656 Patris
2217 1600 2450 1656 Verbum
2496 1601 2671 1657 solum
2735 1618 2899 1658 carne
2946 1614 3168 1659 exutum
3235 1609 3567 1660 credamus:

1984 1706 2162 1763 neque
2196 1691 2325 1747 illud
2361 1707 2576 1748 rursum
2606 1694 3025 1763 praeteriblmus,
3055 1709 3250 1763 nempe
3281 1696 3423 1764 quod
3465 1709 3571 1749 non

296 1775 420 1829 ἀλλ’
449 1777 532 1841 εἰς
566 1775 699 1830 Θεὸν
742 1776 1046 1849 πράττεται
1092 1775 1186 1831 τὸν
1232 1776 1392 1847 φύσει
1427 1777 1774 1849 καῖ’άληθῶς
1825 1781 1885 1833 ὲν

1998 1785 2042 1840 in
2085 1799 2249 1839 unum
2282 1785 2516 1854 aliquem
2559 1786 2730 1840 nostri
2775 1786 3033 1852 similem,
3077 1796 3170 1841 aut
3202 1786 3255 1841 in
3295 1786 3572 1841 hominem

297 1866 584 1939 προσώπῳ
633 1847 894 1939 Χριστοῦ.
940 1868 1277 1940 Συλλήψεται
1332 1868 1390 1922 δὲ
1420 1869 1500 1940 τῷ
1542 1847 1687 1942 λόγιρ
1731 1870 1827 1923 καὶ
1857 1872 1887 1925 6

1998 1874 2093 1930 [ide
2132 1847 2436 1941 tendamus,
2467 1876 2563 1931 sed
2585 1876 2748 1945 quod,
2774 1878 2875 1933 sub
2898 1847 3126 1947 persona
3144 1878 3367 1942 Christi,
3396 1879 3448 1931 in
3482 1892 3574 1931 ve-
3680 1869 3690 1878 ’

300 1958 470 2028 σοφὸς
495 1957 725 2030 γράφων
755 1958 969 2024 Παῦλος
989 1977 1001 1990 ο
1042 1979 1061 2013 ι
1109 1962 1183 2014 Οὐ
1222 1960 1331 2033 γάρ
1361 1961 1587 2025 ἑαυτοὺς
1616 1961 1888 2033 κηρύσσο-

302 2067 429 2120 μεν,
464 2050 599 2104 ἀλλὰ
624 2052 859 2123 Χριστὸν
900 2050 1108 2123 Ἰησοῦν
1146 2051 1351 2124 Κύριον
1376 2070 1392 2085 ·
1436 2053 1664 2117 ἑαυτοὺς
1693 2053 1748 2107 δὲ
1769 2053 1888 2108 δού-

299 2140 429 2203 λους
454 2139 611 2210 ὑμῶν
653 2140 741 2194 διὰ
782 2142 957 2212 Ἰησοῦ
990 2141 1254 2214 Χριστοῦ.
1280 2143 1400 2197 Ὅτι
1434 2143 1462 2196 6
1492 2142 1627 2208 Θεὸς
1665 2146 1692 2197 6
1718 2143 1887 2198 εἰπὼν

301 2234 369 2287 ὲκ
404 2234 630 2298 σκότους
650 2234 766 2303 φῶς
794 2234 1030 2307 λάμψαι,
1062 2236 1121 2301 ὃς
1143 2236 1383 2308 ἔλαμψεν
1405 2240 1464 2292 ἐν
1493 2240 1611 2302 ταῖς
1640 2239 1889 2311 καρδίαις

300 2321 484 2393 ἡμῶν,
521 2323 659 2394 πρὸς
681 2328 962 2396 φωτισμὸν
984 2329 1084 2398 τῆς
1110 2327 1367 2396 γνώσεως
1401 2327 1500 2398 τῆς
1522 2327 1681 2400 δόξης
1721 2327 1887 2383 αὑτοῦ

302 2417 364 2479 ὲν
406 2414 685 2488 προσώπῳ
732 2417 906 2490 Ἰησοῦ
950 2419 1210 2491 Χριστοῦ.
1254 2438 1273 2471 ›
1318 2420 1448 2475 Ἰδοὺ
1477 2420 1542 2492 δὴ
1592 2421 1781 2491 σαφῶς
1830 2438 1889 2475 τε

304 2506 404 2561 καὶ¹
431 2506 679 2578 ἐναργῶς
714 2510 743 2562 6
768 2510 1051 2582 φωτισμὸς
1081 2511 1181 2583 τῆς
1212 2510 1468 2580 γνώσεως
1490 2510 1584 2566 τοῦ
1627 2511 1764 2566 Θεοῦ
1797 2514 1892 2568 κα)⁸

304 2600 523 2673 Πατρὸς
551 2601 608 2655 ὲν
633 2601 908 2675 προσώπῳ
931 2603 1194 2674 διέλαμψε
1217 2602 1312 2657 τοῦ
1345 2602 1583 2675 Χριστοῦ
1608 2620 1621 2635 ·
1666 2604 1890 2676 τοιγάρ-

304 2698 399 2757 τοι
419 2692 514 2747 καὶ
542 2693 778 2763 ἔφασκεν
797 2709 813 2726 ’
845 2712 864 2746 ι
907 2694 965 2749 '0
989 2694 1249 2766 ἑωρακὼς
1282 2695 1403 2766 ἐμὲ,
1429 2694 1640 2769 ἑώρακε
1668 2696 1759 2751 τὸν
1782 2697 1893 2757 Πα-

308 2784 461 2856 τέρα.
493 2816 564 2827 --
609 2785 751 2856 Ἐγὼ
778 2787 873 2842 καὶ
898 2789 925 2842 6
954 2787 1142 2859 Πατὴρ
1169 2787 1229 2841 ἓν
1254 2789 1441 2859 ἐσμεν.
1489 2808 1508 2841 ι

379 2967 503 3022 ΔΓ.
537 2967 837 3040 Χαρακτὴρ
868 2967 925 3021 δὲ
966 2969 994 3021 6
1029 2966 1170 3032 θεῖος
1216 2968 1277 3022 οὐ
1314 2967 1646 3039 σωματικδς,
1688 2966 1804 3021 ἀλλ’
1833 2966 1892 3021 ἑν

306 3060 538 3131 δυνάμει
582 3059 676 3113 καὶ
723 3060 850 3132 δόξῃ
892 3063 958 3131 τῇ
1004 3060 1471 3133 θεοπρεπεστάτῃ.
1522 3060 1693 3115 Τοῦτο
1738 3059 1796 3114 δὲ
1824 3054 1891 3131 ἦν

1989 1982 2108 2021 rum
2147 1976 2201 2022 et
2244 1968 2545 2022 naturalem
2596 1967 2818 2022 Deum..
2850 1968 2948 2023 Cui
2992 1978 3045 2024 et
3092 1969 3309 2039 sapiens
3358 1983 3574 2038 quoque

1988 2058 2188 2113 Paulus
2218 2059 2590 2128 patrocinatur
2617 2076 2631 2114 :
2662 2060 2852 2115 scribit
2881 2060 3025 2115 enim
3058 2075 3073 2115 :
3112 2080 3131 2112 ι
3174 2060 3289 2116 Νοη
3327 2062 3577 2115 nosmet:

1990 2147 2137 2217 ipsos
2181 2147 2559 2217 prmdicamus,
2604 2149 2700 2203 sed
2746 2146 2928 2203 Jesum
2962 2149 3240 2204 Christum
3275 2148 3573 2203 Dominmn

1991 2248 2274 2306 nostrum;
2305 2253 2405 2294 nos
2434 2249 2615 2294 antem
2641 2254 2831 2297 servos
2852 2251 3066 2297 vestros
3093 2257 3187 2313 per
3203 2241 3407 2297 desum.
3440 2240 3579 2308 Quo-

1991 2332 2134 2384 niam
2164 2328 2304 2384 Deus
2326 2329 2420 2399 qui
2444 2329 2580 2385 dixit
2606 2330 2672 2387 de
2700 2332 2937 2403 tenebris
2970 2332 3142 2388 lucem
3172 2332 3576 2402 splendescere,

1992 2426 2106 2495 ipse
2164 2423 2341 2478 illuxit
2382 2424 2437 2479 in
2493 2423 2748 2480 cordibus
2796 2426 2995 2480 nostris
3025 2427 3091 2480 ad
3134 2425 3579 2480 illuminationem

1992 2515 2230 2571 scientia:
2268 2516 2535 2572 claritatis
2561 2515 2657 2571 Dei
2689 2520 2743 2571 in
2775 2516 2912 2572 facie
2938 2517 3046 2588 3o
3076 2518 3276 2571 Christi
3314 2516 3441 2571 Jcsu
3466 2516 3510 2569 ‘.
3554 2535 3575 2568 ι

1993 2606 2134 2663 Ecce
2178 2617 2364 2679 aperte
2418 2607 2801 2677 evidenterque
2846 2608 3170 2663 illuminatio
3215 2606 3458 2662 scientia:
3487 2606 3582 2661 Dei

1992 2696 2173 2755 Patris
2212 2700 2266 2754 in
2304 2713 2533 2771 persona
2582 2698 2786 2755 Christi
2827 2699 3048 2755 ell'ulsit.
3115 2698 3268 2755 Unde
3310 2707 3365 2754 ct
3419 2698 3581 2766 ipse:

2004 2811 2024 2845 ι
2048 2793 2150 2860 Qui
2179 2794 2326 2848 videt
2358 2809 2468 2859 me,
2496 2795 2693 2865 inquit,
2726 2795 2870 2850 videt
2897 2802 2949 2849 et
2996 2791 3214 2847 Patrem
3233 2793 3276 2847 ".
3301 2821 3369 2831 —
3399 2791 3509 2861 Ego
3531 2797 3588 2847 et

1994 2884 2163 2943 Pater
2197 2899 2361 2939 ttnum
2389 2900 2577 2939 sumus
2601 2886 2644 2939 ⁸.
2676 2904 2695 2938 ι

2064 2974 2308 3030 XXXIII.
2337 2975 2604 3031 Caeterum
2633 2976 2848 3031 divinus
2893 2975 3181 3031 character
3211 2990 3315 3030 non
3346 2983 3429 3030 est
3461 2988 3584 3030 cor-

1993 3081 2209 3139 porcus,
2246 3067 2340 3122 sed
2394 3068 2446 3121 in
2496 3082 2707 3122 summa
2764 3068 2963 3121 virtute
3006 3076 3062 3120 et
3095 3066 3261 3136 gloria
3313 3080 3432 3134 qum
3475 3064 3588 3119 Deo

308 3152 613 3225 ἀκραιφνὲς
650 3154 709 3207 ἐν
749 3154 990 3226 Χριστῷ.
1024 3154 1390 3227 Γνωρίζεσθαι
1420 3154 1477 3207 δὲ
1517 3153 1608 3207 καὶ
1648 3153 1738 3207 διὰ
1767 3153 1893 3207 τού-

1998 3157 2271 3225 convenit,
2299 3158 2529 3229 positus.
2573 3158 2705 3211 Erat
2731 3158 2777 3214 is
2804 3171 2967 3226 porro
2999 3157 3053 3210 in
3083 3156 3304 3211 Christo
3343 3155 3586 3226 apprime

307 3262 420 3301 των
446 3244 621 3315 ἠξίου,
654 3247 747 3299 καὶ
777 3245 864 3300 διὰ
907 3247 1008 3317 τῆς
1043 3246 1150 3300 τῶν
1182 3246 1480 3317 δρωμένων
1519 3246 1794 3319 ὑπεροχῆς
1818 3247 1897 3311 εἰς

1999 3259 2223 3305 exactus
2251 3257 2305 3305 et
2335 3249 2566 3305 lucidus.
2621 3246 2803 3303 Voluit
2830 3257 3014 3304 autem
3045 3261 3150 3303 non
3180 3261 3278 3317 per
3309 3247 3423 3302 hrcc
3465 3255 3587 3301 tan-
3644 3312 3651 3317 _

310 3336 525 3399 ἐννοίας
569 3336 864 3407 άναφοιτᾷν
906 3325 1121 3400 τὰς’ὲπ’
1161 3336 1310 3408 αὐτῷ
1343 3336 1470 3399 τοὺς
1514 3337 1899 3407 ἀκροωμένους
1947 3353 1954 3361 ’

310 3428 495 3502 ἧθελε,
526 3429 1075 3501 κατασμικρυνούσης
1095 3430 1256 3483 αὑτὸν
1284 3430 1470 3501 ἠρέμα
1496 3430 1649 3501 παρά
1686 3447 1750 3499 γε
1786 3431 1900 3493 τοῖς

310 3522 599 3586 ἀσυνέτοις
627 3521 728 3591 τῆς
768 3522 1054 3593 όρωμένης
1104 3523 1326 3595 σαρκός.
1366 3541 1385 3575 ι
1416 3522 1479 3575 Εἰ
1511 3521 1622 3593 γάρ
1668 3522 1727 3575 ού
1760 3522 1902 3575 ποιῶ

311 3614 382 3669 τά
413 3613 552 3686 ἔργα
595 3612 691 3667 τοῦ
725 3614 938 3686 Πατρός
987 3631 1110 3684 μου,
1143 3614 1296 3685 φησὶ,
1327 3612 1401 3686 μὴ
1452 3613 1738 3667 πιστεύετέ
1773 3631 1899 3685 μοι·

313 3709 363 3760 εἰ
396 3706 454 3759 δὲ
476 3704 637 3772 ποιῶ,
669 3705 771 3759 κᾶν
814 3706 938 3776 ἐμοὶ
966 3705 1042 3777 μὴ
1072 3705 1387 3777 πιστεύητε,
1418 3707 1529 3768 τοῖς
1566 3704 1749 3776 ἔργοις
1800 3722 1902 3775 μου

313 3797 664 3853 πιστεύσατε.
703 3819 721 3851 ι
754 3800 923 3854 Φάναι
948 3799 1004 3853 δὲ
1026 3796 1177 3870 οἶμαι
1209 3800 1368 3853 ταυτὶ
1390 3800 1451 3854 τὸ
1481 3800 1735 3872 τηνικάδε
1766 3801 1903 3871 Χρι-

316 3890 465 3956 στὸν,
524 3890 625 3944 οὐκ
662 3890 948 3954 άσυντελὲς
990 3892 1070 3952 εἰς
1119 3891 1305 3963 ὄνησιν
1354 3891 1533 3945 εἰδότα
1581 3891 1643 3944 τὸ
1692 3891 1900 3962 χρῆμα.

328 3982 551 4053 Ἐπειδὴ
579 3982 689 4052 γὰρ
730 3982 899 4054 ᾤοντο
938 3981 1071 4036 Θεὸν
1094 3982 1212 4061 ,μὲν
1255 3984 1357 4045 οὐκ
1395 3980 1534 4046 εἶναι
1567 3984 1707 4037 κατὰ
1743 3983 1904 4052 φύσιν

314 4075 410 4129 τὸν
465 4074 534 4128 δι’
573 4076 722 4145 ἡμᾶς
771 4073 1255 4149 ὲνηνθρωπηκότα,
1308 4073 1463 4143 ψιλὸν
1512 4073 1569 4128 δὲ
1620 4074 1905 4145 ἄνθρωπον

315 4166 510 4232 ἁπλῶς
540 4168 661 4223 καθ’
693 4170 861 4240 ἡμᾶς,
896 4168 1272 4240 ἀπαράδεκτον
1301 4167 1356 4221 δὲ
1389 4168 1476 4221 διὰ
1499 4164 1660 4222 τοῦτο
1686 4166 1787 4238 τὴν
1816 4167 1904 4221 ἐπ’

317 4258 472 4330 αὐτῷ
506 4260 691 4313 πίστιν
728 4258 1006 4313 ἐποιοῦντό
1045 4274 1191 4322 τινες
1213 4275 1226 4289 ο
1276 4258 1591 4327 ἀναγκαίως
1628 4258 1689 4312 τὸ
1719 4259 1903 4329 δεῖμα,

320 4354 417 4413 καὶ
466 4353 559 4406 τὸν
618 4353 713 4406 ἐπὶ
745 4350 956 4415 τούτοις
986 4350 1144 4404 δκνον
1190 4349 1646 4420 ὑποτεμνόμενος,
1693 4352 1758 4420 τῇ
1806 4351 1909 4421 τῆς

320 4443 578 4514 θεότητος
608 4441 770 4512 φύσει
790 4441 891 4514 τὴν
919 4441 1100 4494 πίστιν
1125 4439 1398 4503 ἀνατιθεὶς
1429 4432 1519 4503 ὡς’
1538 4441 1596 4492 ὲν
1630 4439 1907 4512 προσώπῳ

2002 3352 2112 3396 tum
2172 3341 2314 3395 dicta
2370 3342 2742 3406 innotescere,
2788 3338 2883 3394 sed
2934 3353 3031 3411 per
3082 3353 3305 3407 operum
3373 3351 3589 3407 quoque

2000 3431 2375 3488 excellentiam
2427 3430 2648 3486 volebat
2690 3429 2967 3485 auditores
3005 3430 3072 3485 ad
3123 3429 3371 3485 notitiam
3421 3427 3591 3497 ipsius

2004 3526 2409 3590 conscendere;
2448 3523 2493 3577 si
2538 3524 2755 3591 quidem
2798 3537 2999 3592 corpus
3045 3521 3189 3591 quod
3243 3521 3590 3584 cernebatur,

2003 3617 2380 3671 auctoritatem
2420 3614 2566 3669 illius
2590 3613 2733 3682 apud
2768 3612 3138 3683 imprudentes
3189 3613 3359 3682 magis
3393 3612 3591 3681 magis-

2003 3724 2108 3778 que
2149 3708 2378 3764 subinde
2422 3707 2718 3763 minuebat.
2773 3706 2863 3759 Ait
2903 3721 3033 3775 ergo
3068 3724 3083 3760 :
3130 3725 3148 3758 ι
3179 3706 3235 3760 Si
3303 3721 3406 3760 non
3456 3704 3597 3759 facie

2004 3816 2165 3870 Opera
2201 3799 2382 3855 Patris
2443 3798 2569 3865 mei,
2621 3797 2787 3853 nolite
2832 3800 3058 3854 credere
3084 3814 3098 3849 :
3126 3797 3172 3851 si
3211 3808 3391 3851 autem
3434 3796 3592 3862 facio,

2006 3892 2108 3946 etsi
2137 3891 2265 3946 mihi
2298 3907 2404 3945 non
2431 3890 2674 3954 creditis,
2708 3889 2968 3958 operibus
2995 3888 3205 3944 credite
3238 3890 3282 3945 ’.
3338 3907 3357 3940 ι
3390 3889 3461 3942 Ea
3494 3903 3594 3943 au-

2010 3994 2116 4037 tem
2152 3981 2431 4037 Christum
2467 3982 2667 4036 dixisse
2697 3979 2974 4046 existimo,
3000 3994 3121 4049 quae
3155 3988 3280 4033 tunc
3306 3979 3591 4034 utilitatem

2005 4075 2237 4130 allatura
2269 4082 2513 4128 noverat.
2558 4072 2693 4129 Nam
2743 4089 2865 4128 cum
2908 4072 3066 4142 vulgo
3100 4086 3416 4142 persuasum
3450 4080 3596 4127 esset

2007 4181 2152 4231 eum,
2172 4166 2263 4236 qui
2296 4166 2466 4220 nostri
2485 4181 2647 4221 causa
2677 4166 2839 4222 homo
2872 4163 3048 4222 factus
3067 4175 3173 4231 est,
3205 4176 3399 4221 natura
3426 4165 3594 4221 Deum

2009 4272 2114 4313 non
2150 4272 2293 4325 esse,
2318 4260 2412 4312 scd
2435 4258 2707 4313 hominem
2753 4258 3075 4328 simpliciter
3102 4258 3260 4314 nobis
3283 4273 3379 4329 per
3415 4257 3595 4313 omnia

2009 4349 2263 4415 similem,
2296 4358 2352 4404 et
2379 4348 2447 4404 ob
2475 4350 2523 4404 id
2553 4350 2772 4420 quidam
2806 4349 2964 4405 Iidem
3001 4351 3057 4405 in
3082 4350 3230 4405 illum
3264 4367 3369 4404 non
3400 4349 3598 4402 admit-

2012 4441 2225 4495 tendam
2274 4439 2605 4495 alIirtuarent
2650 4458 2664 4499 :
2708 4440 2854 4495 omni
2908 4450 3082 4497 metus
3133 4439 3598 4509 cunctationisque

319 4533 559 4604 Πατρὸς,
586 4533 683 4586 καὶ
712 4532 831 4603 οὐχὶ
853 4533 919 4603 τῇ
951 4530 1072 4585 καθ’
1096 4531 1242 4601 ἡμᾶς
1267 4530 1709 4601 σμικροπρεπεία
1740 4546 1898 4600 προσ-

2009 4547 2169 4587 causa
2220 4532 2478 4600 prazcisa,
2526 4531 2866 4602 Paternaque
2918 4546 3148 4602 persona
3203 4538 3451 4600 sumpta,
3486 4544 3595 4584 non

320 4628 543 4698 νέμων,
585 4626 864 4695 ἔφασκεν·
920 4644 940 4676 ι
990 4624 1048 4677 '0
1103 4623 1375 4679 πιστεύων
1420 4623 1501 4687 εἰς
1543 4621 1663 4693 ἐμὲ,
1700 4622 1760 4675 οὐ
1815 4639 1905 4675 πι-

322 4719 506 4775 στεύει
552 4698 632 4783 εἰς
670 4718 791 4790 ἐμὲ,
838 4717 975 4772 ἀλλὰ
1027 4719 1104 4781 εἰς
1133 4718 1224 4771 τὸν
1263 4716 1558 4788 πέμψαντά
1602 4732 1703 4787 με·
1753 4716 1847 4770 καὶ
1877 4717 1906 4770 6

321 4811 551 4882 θεωρῶν
579 4810 702 4881 ἐμὲ,
748 4809 942 4881 θεωρεῖ
994 4808 1087 4862 τὸν
1123 4807 1417 4879 πέμψαντὰ
1467 4823 1555 4877 με.
1590 4826 1608 4858 ι
1639 4802 1767 4877 Ἆρ’
1811 4799 1906 4861 οὗν

319 4902 425 4957 οὐκ
451 4904 564 4957 ῐσον
609 4904 819 4957 εἰπεῖν’
850 4898 919 4953 Ὦ
959 4899 1069 4954 τῶν
1110 4899 1259 4970 ὲμῶν
1304 4899 1566 4968 κατήκοοι
1604 4897 1797 4968 λόγων,
1830 4896 1906 4969 μὴ

230 5000 241 5009 ⁸
325 4994 505 5067 μικρά
540 4995 632 5049 καὶ
654 4992 1005 5066 χαμιρῤιφῆ
1035 4991 1104 5046 τὰ
1131 4991 1211 5055 εἰς
1237 4990 1336 5061 ἐμὲ
1371 4989 1621 5063 δοξάζετε
1641 5003 1655 5017 ’
1686 4989 1797 5042 ῐστε
1824 4989 1905 5056 δὲ,

320 5087 410 5141 ὅτι
435 5085 535 5156 τὴν
582 5086 663 5148 εἰς
702 5084 863 5137 αὑτὸν
912 5082 1014 5153 ἐμὲ
1058 5081 1119 5135 τὸ
1144 5080 1419 5151 ὁρώμενον
1445 5081 1503 5133 ὲν
1538 5079 1703 5151 σαρκὶ
1734 5095 1908 5150 προσ-

325 5174 532 5247 ιέμενοι
596 5174 783 5227 πίστιν
806 5210 830 5239 ,,
866 5173 967 5226 οὐκ
1019 5172 1100 5235 εἰς
1139 5169 1426 5242 ἄνθρωπον
1476 5167 1661 5231 ἁπλῶς
1720 5166 1909 5221 ἔσεσθε

323 5266 777 5334 πεπιστευκότες,
809 5264 925 5319 ἀλλ’
968 5264 1048 5329 εῖς
1078 5262 1240 5325 αὐτὸν
1278 5261 1368 5315 τὸν
1409 5260 1628 5332 Πατέρα
1656 5260 1723 5313 δι’
1752 5259 1910 5329 ἐμοῦ,

317 5344 425 5414 ἶτοῦ
450 5360 593 5423 κατὰ
612 5359 721 5415 πᾶν
744 5356 921 5412 ὁτιοῦν
962 5357 1092 5419 ἴσως
1113 5372 1174 5409 τε
1197 5355 1291 5411 καὶ
1315 5352 1753 5424 ἀπαραλλάκτως
1770 5351 1914 5422 ἔχον·

325 5466 423 5513 τος
445 5448 601 5515 Υῐοῦ,
636 5446 1013 5519 σαρκωθέντος
1062 5446 1162 5518 μὲν
1190 5445 1258 5501 δι’
1285 5444 1453 5515 ὑμᾶς,
1479 5445 1573 5497 καὶ¹
1599 5442 1915 5515 περίόλημα

330 5539 749 5614 σμικροπρεπὲς
799 5537 1227 5607 οἱκειωσαμένου
1293 5538 1393 5606 τὴν
1467 5535 1863 5606 ἀνθρωπότητα
1892 5551 1906 5565 ⁸

330 5632 396 5690 τό
426 5648 492 5700 γε
526 5631 634 5703 μὴν
664 5630 880 5701 ἱσοφυές
909 5647 970 5683 τε
994 5630 1088 5683 καὶ
1115 5627 1384 5699 ἱσουργὸν,
1418 5627 1510 5681 καὶ
1540 5628 1595 5679 ἐν
1622 5627 1910 5698 ταυτότητι

2014 4624 2261 4678 humanae
2295 4622 2610 4692 ahjectioni,
2649 4625 2743 4679 sed
2770 4623 2967 4679 divinae
2996 4631 3203 4678 natura:
3236 4623 3393 4676 {idem
3438 4622 3597 4676 attri-

2012 4715 2168 4780 buit;
2203 4714 2281 4769 ait
2322 4715 2511 4769 enim:
2550 4734 2569 4766 ι
2609 4714 2710 4782 Qui
2754 4715 2925 4769 credit
2954 4714 3007 4769 in
3035 4728 3141 4779 me,
3180 4728 3287 4769 non
3331 4712 3503 4767 credit
3545 4713 3599 4765 iu

2014 4820 2117 4871 me,
2152 4804 2247 4861 sed
2275 4804 2330 4861 in
2359 4820 2482 4861 eum
2510 4807 2600 4875 qui
2636 4806 2785 4861 misit
2813 4821 2899 4862 me
2931 4824 2945 4861 :
2979 4814 3029 4861 et
3070 4806 3161 4875 qui
3194 4806 3337 4859 videt
3368 4819 3476 4868 me,
3518 4807 3603 4856 vi-

2014 4897 2103 4952 det
2142 4910 2264 4952 eum
2290 4896 2385 4966 qui
2427 4898 2577 4952 misit
2602 4913 2689 4953 me
2715 4898 2778 4950 ιο.
2834 4915 2855 4949 ι
2899 4896 3133 4954 Perinde
3171 4912 3236 4953 ac
3263 4896 3308 4952 si
3334 4896 3477 4953 dicat
3508 4914 3523 4950 :
3558 4895 3602 4951 Ο

2014 4987 2117 5042 viri
2160 4987 2252 5057 qui
2293 5001 2380 5042 me
2415 4985 2637 5054 auditis,
2685 5003 2755 5044 ne
2806 5003 2972 5058 parva
3017 4997 3072 5043 et
3122 4988 3345 5042 humilia
3392 4987 3459 5041 de
3515 5000 3602 5039 me

2017 5078 2310 5150 opinemini
2360 5095 2376 5136 :
2427 5078 2560 5150 quin
2627 5080 2682 5136 id
2756 5082 2939 5151 potius
3007 5080 3076 5137 de
3139 5095 3226 5137 me
3285 5093 3599 5149 persuasum

2017 5171 2171 5226 vobis
2201 5171 2477 5235 habetote,
2527 5187 2721 5243 nempe
2749 5174 2794 5228 si
2821 5175 2873 5228 in
2915 5189 3002 5231 me
3041 5188 3202 5245 quem
3246 5174 3297 5228 in
3324 5172 3428 5226 hoc
3475 5186 3610 5226 cor-.

2018 5275 2151 5331 pore
2188 5261 2434 5326 cernitis,
2481 5263 2846 5331 credideritis,
2904 5280 3011 5319 non
3063 5264 3117 5318 in
3163 5278 3326 5318 unum
3364 5260 3607 5330 aliquem

2011 5365 2078 5407 ex
2106 5351 2288 5407 multis
2315 5354 2619 5409 credituros
2651 5371 2745 5409 vos
2770 5369 2911 5421 esse,
2945 5354 3037 5409 sed
3064 5354 3116 5407 iu
3149 5353 3323 5422 ipsum
3355 5351 3605 5416 Patrem,

2011 5460 2110 5516 per
2137 5460 2224 5500 me
2246 5444 2443 5502 Filium
2476 5463 2490 5500 :
2519 5448 2610 5518 qui
2655 5449 2785 5504 licet
2826 5448 2993 5504 vestri
3038 5461 3200 5502 causa
3246 5460 3376 5500 caro
3423 5444 3607 5500 factus

2012 5537 2138 5603 sim,
2184 5548 2241 5594 et
2284 5539 2442 5594 vilem
2506 5540 2666 5595 istam
2718 5540 2953 5596 hominis
3003 5539 3231 5594 formam
3290 5537 3600 5600 induerim,

2011 5628 2159 5684 Patri
2206 5640 2383 5685 tamen
2427 5633 2650 5687 omnino
2685 5632 2932 5702 aequalis,
2960 5629 3215 5700 nullaque
3259 5629 3314 5684 iu
3344 5643 3402 5684 re
3433 5628 3503 5684 ab
3532 5643 3600 5685 eo

407 5792 431 5827 ⁵
456 5791 615 5850 Rom.
652 5809 766 5860 vut,
800 5794 887 5849 ΞΕ).
956 5793 975 5825 ⁸
1006 5792 1175 5848 ιςοτ.
1218 5807 1289 5857 ιν,
1326 5792 1378 5859 5,
1412 5793 1465 5845 6.
1537 5793 1555 5821 ⁷
1588 5788 1741 5846 Joan.
1783 5805 1893 5856 xw,

2038 5789 2058 5819 "
2087 5787 2241 5845 Joan.
2280 5806 2332 5856 χ,
2361 5790 2448 5845 30.
2520 5791 2539 5821 ’
2568 5791 2724 5847 Joan.
2768 5806 2818 5857 κ,
2845 5788 2935 5842 57.
2996 5788 3034 5820 ιο
3072 5784 3208 5843 Joan
3241 5802 3341 5853 xu,
3381 5786 3474 5852 44,
3501 5784 3595 5841 45.
