4060 6488
417 446 558 506 1183

1447 442 1503 499 5.
1545 438 1810 498 ΕΥΒΙΙᾸΔ
1850 433 2319 494 ΑιΕχΑΝοιιιΝι
2360 433 2676 490 ARCHIEP.

3538 420 3678 479 “86

418 561 683 628 divulsus,
720 568 813 617 aut
841 568 1123 631 separatus
1164 575 1305 626 sum,
1336 569 1520 631 utpote
1550 559 1740 615 eadem
1773 571 1878 626 qua
1904 553 1992 609 ille
2021 588 2031 612 Α

2133 551 2252 622 όξης
2291 549 2658 621 ἀδιαλώόητον
2700 545 2979 610 παντελῶς
3031 542 3245 615 ἔχοντος
3299 540 3433 604 πρὸς
3473 538 3675 607 αύτόνς

420 666 634 719 natura,
660 647 893 724 poténtia
924 670 987 709 ac
1016 656 1184 726 gloria
1210 656 1489 725 praeditus.

494 743 733 798 XXXIV.
783 743 1196 800 Animadvertat
1239 745 1506 816 quispiam
1533 742 1638 797 alio
1674 741 1800 797 item
1837 740 1997 795 modo

424 837 582 890 iidem
635 836 688 890 in
744 850 804 891 se
851 852 1195 907 nequaquam
1245 836 1530 908 repulisse,
1577 833 1793 889 etiamsi
1837 834 1999 887 homo

424 929 599 985 factus
618 941 797 998 esset;
828 931 921 986 sed
950 931 1086 986 citra
1114 930 1273 986 ullam
1299 929 1521 985 omnino
1556 928 1877 992 sectionem,
1908 932 2001 979 aut

424 1022 830 1080 distinctionem
872 1023 929 1078 in
974 1024 1244 1094 propriam
1297 1037 1584 1092 personam
1630 1019 1777 1075 illam
1824 1018 1999 1073 admi-

426 1114 564 1169 sisse
593 1132 607 1169 :
639 1114 1073 1185 quandoquidem
1107 1129 1228 1170 cum
1255 1113 1323 1169 ab
1353 1122 1473 1171 ortu
1499 1126 1700 1168 caecum
1732 1116 1999 1175 sanasset,

426 1214 483 1259 et
524 1205 679 1260 dulce
728 1206 830 1261 hoc
877 1204 1257 1276 insuetumque
1305 1205 1405 1276 ipsi
1451 1205 1629 1260 lumen
1685 1203 2002 1258 intuendum

426 1296 764 1365 praebuisset,
797 1296 850 1350 in
877 1312 1073 1367 magna
1105 1299 1301 1354 merito
1333 1297 1692 1353 admiratione
1722 1295 1865 1366 apud
1887 1309 2005 1350 om-

430 1401 524 1441 nes
551 1385 655 1456 31
678 1394 816 1443 erat.
845 1385 1044 1441 Verum
1070 1388 1138 1453 is,
1160 1389 1251 1458 qui
1296 1390 1485 1444 morbo
1513 1388 1776 1443 liberatus
1804 1386 2006 1451 fuerat,

429 1480 556 1532 dum
579 1493 607 1534 a
629 1477 827 1534 Judaeis
853 1480 1297 1549 interrogaretur,
1322 1479 1591 1536 medicum
1635 1477 2005 1546 proﬁtebatur.

432 1566 565 1622 Nam
604 1582 728 1624 cum
756 1568 1007 1625 Christus
1034 1569 1174 1625 forte
1211 1571 1263 1624 iu
1292 1569 1440 1624 illum
1486 1569 1731 1624 incidens
1778 1581 2007 1643 percon-

434 1666 641 1715 taretur
683 1675 700 1713 :
746 1677 766 1712 ‹
817 1660 1008 1716 Credis
1048 1662 1100 1715 iu
1142 1661 1338 1716 Filium
1391 1660 1483 1716 Dei
1530 1660 1613 1714 “?
1676 1678 1694 1712 ι
1750 1658 1838 1713 ille
1882 1671 2012 1713 vero

435 1761 622 1808 contra
659 1754 1086 1809 succlamasset:
1127 1773 1143 1806 ι
1190 1754 1323 1821 Quis
1366 1763 1469 1821 est,
1516 1753 1762 1819 Domine,
1796 1759 1853 1805 ut
1891 1765 2012 1805 cre-

435 1843 556 1895 dam
575 1842 626 1896 in
647 1856 768 1897 eum
787 1846 829 1876 ¹¹
846 1845 899 1897 ?i
923 1859 1236 1913 responsum
1262 1843 1378 1898 tulit
1395 1842 1654 1913 ejusmodi
1676 1866 1688 1897 :
1713 1862 1731 1894 ι
1756 1840 2010 1895 Etvidisti

437 1948 583 1999 eum,
625 1946 679 1991 et
717 1935 806 2004 qui
836 1934 1073 2005 loquitur
1112 1944 1314 2001 tecum,
1342 1935 1431 1990 ille
1470 1945 1570 1989 est.
1613 1936 1682 1989 At
1726 1932 1815 1989 ille
1840 1933 2011 1988 dixit:

436 2024 639 2091 Credo,
676 2025 901 2081 Domine
933 2044 946 2080 :
978 2034 1032 2080 et
1058 2027 1305 2081 adoravit
1330 2042 1452 2081 eum
1477 2026 1542 2080 ".
1588 2044 1606 2078 ι
1633 2027 1701 2080 At
1725 2026 1869 2080 enim
1894 2025 2017 2095 quis

441 2115 614 2170 nescit
666 2116 901 2171 divinam
953 2118 1097 2171 illam
1152 2132 1567 2187 supremamque
1623 2128 1869 2172 naturam
1918 2117 2018 2171 sub

396 2228 403 2239 ο
441 2216 718 2276 aspectum
749 2207 905 2277 plane
935 2223 1040 2263 non
1074 2208 1314 2263 cadere?
1348 2227 1368 2260 ι
1400 2207 1565 2262 Deum
1606 2207 1775 2273 enim,
1802 2218 1859 2262 ut
1888 2208 2022 2261 scri-

443 2307 592 2366 ptum
616 2307 701 2351 est
726 2298 789 2363 “,
828 2313 984 2353 nemo
1013 2298 1143 2353 vidit
1176 2314 1436 2369 unquam.
1476 2319 1495 2352 ι
1542 2299 1598 2353 Si
1625 2299 1789 2368 igitur
1828 2298 2021 2352 huma-

443 2388 669 2443 nitatem
699 2405 728 2443 a
759 2404 817 2445 se
845 2389 1156 2461 sejungens,
1182 2392 1335 2461 quasi
1363 2392 1416 2447 in
1446 2391 1540 2448 Dei
1571 2391 1800 2448 Verbum
1848 2391 2021 2446 solum

444 2495 509 2535 ac
530 2479 731 2536 nudum
763 2481 919 2536 fidem
946 2484 1127 2551 exegit
1160 2499 1175 2537 :
1210 2499 1309 2538 cur
1338 2497 1482 2539 caeco
1508 2483 1797 2538 sanitatem
1829 2483 2024 2551 adepto

447 2588 553 2627 nou
600 2574 908 2643 imperavit,
954 2590 1022 2629 ne
1061 2576 1113 2629 iu
1160 2590 1237 2641 se,
1268 2578 1362 2631 sed
1405 2576 1458 2630 in
1499 2576 1733 2631 divinam
1773 2584 2023 2630 naturam

449 2665 647 2717 mentis
705 2664 891 2719 oculos
957 2665 1274 2734 conjiceret,
1326 2664 1421 2719 sed
1470 2665 1706 2736 seipsum
1765 2680 2026 2735 corporeo

449 2756 729 2811 schemate
750 2755 1014 2820 indutum,
1041 2757 1280 2827 ipsisque
1316 2756 1488 2812 oculis
1518 2757 1819 2827 expositum
1845 2768 2027 2813 osten-

451 2846 567 2900 dit?
605 2848 681 2900 ait
725 2846 869 2900 enim
905 2863 920 2899 :
964 2865 984 2899 ι
1036 2848 1101 2904 Ει
1158 2848 1339 2903 vidisti
1382 2863 1526 2916 eum,
1567 2859 1621 2903 et
1660 2850 1751 2919 qui
1793 2848 2029 2920 loquitur

455 2948 629 2993 tecum
680 2941 793 3008 ipse
839 2950 939 2995 est.
977 2959 995 2991 ι
1048 2941 1183 2996 Ecce
1230 2942 1449 2996 dubium
1492 2956 1613 2995 esse
1666 2949 1861 3011 potest,
1899 2942 2030 3011 quin

453 3043 649 3099 corpus
680 3043 835 3083 suum
865 3045 1045 3084 coram
1079 3031 1404 3086 cernendum
1438 3032 1785 3087 exhibuerit?
1827 3034 1897 3087 At
1928 3049 2033 3104 quo

457 3122 669 3174 tandem
714 3129 871 3189 pacto
907 3122 1019 3189 ipse
1053 3128 1135 3177 est
1174 3138 1329 3188 caro,
1361 3123 1461 3180 nisi
1496 3124 1545 3179 id
1575 3125 1749 3194 ipsum
1782 3140 1906 3181 esse
1948 3127 2033 3181 in-

2170 753 2289 805 AA'.
2318 749 2495 805 Μὰθοι
2524 749 2569 802 δ’
2594 728 2665 801 ’ἄν
2697 764 2780 810 τις
2811 744 2906 799 καὶ
2938 742 3137 814 ἑτέρως
3170 739 3334 793 αύτδν
3376 736 3464 808 τὴν
3498 735 3682 788 πίστιν

2098 845 2159 899 ού
2195 843 2578 914 διωθούμενον,
2610 840 2746 894 ἀλλὰ
2771 839 2942 909 τομῆς
2983 852 3126 898 τινος
3156 834 3279 903 δίχα
3301 829 3395 885 καὶ
3420 827 3686 897 διαφορᾶς

2101 934 2505 1004 εἰσδεδεγμένον
2544 931 2713 1002 αὐτὴν
2741 929 2814 993 ὡς
2844 930 2901 981 ὲν
2934 927 3049 996 ἰδίῳ
3075 922 3372 993 προσώπῳ,
3402 919 3496 973 καὶ
3521 919 3571 970 εἱ
3592 915 3687 984 γέ-

2100 1043 2255 1095 γονεν
2278 1025 2583 1097 ἄνθρωπος.
2603 1021 2820 1091 Ἐπειδὴ
2841 1019 2950 1091 γὰρ
2976 1019 3070 1073 τὸν
3106 1018 3169 1070 ὲκ
3198 1014 3425 1083 γενετῆς
3449 1011 3566 1063 ἰᾶτο
3587 1026 3685 1062 τυ-

2104 1115 2256 1184 φλὸν,
2296 1117 2391 1169 καὶ
2438 1114 2501 1168 τὸ
2531 1112 2703 1182 γλυκὺ
2748 1112 2869 1184 μὲν,
2910 1109 3077 1179 ἄηθες
3131 1106 3175 1159 δ’
3222 1099 3315 1158 οῦν
3361 1099 3688 1171 ὲνεφύτευσε

2105 1205 2222 1275 φῶς
2253 1204 2422 1275 αὐτῷ,
2454 1202 2606 1275 παρὰ
2639 1202 2856 1257 πάντων
2894 1201 3118 1263 εἰκότως
3142 1194 3506 1266 ἐθαυμάζετο.
3546 1189 3688 1243 Ἀλλ’

2105 1300 2134 1351 6
2158 1297 2259 1368 μὲν
2279 1296 2372 1351 τοῦ
2404 1275 2606 1360 πάθούς
2627 1292 3066 1367 ἀπηλλαγμένος,
3094 1287 3247 1358 παρὰ
3272 1287 3383 1350 τοῖς
3413 1281 3694 1344 Ἰουδαίοις

2108 1389 2376 1460 ἐκρίνετο,
2402 1389 2497 1441 καὶ
2526 1385 2795 1457 ὡμολόγει
2822 1383 2911 1439 τὸν
2950 1380 3153 1454 ἰατρόν·
3190 1376 3422 1451 Χριστὸς
3451 1374 3509 1428 δὲ
3541 1369 3715 1439 αὐτῷ-

2110 1480 2445 1551 περιτυχών·
2469 1500 2487 1533 ι
2519 1480 2590 1533 Σὺ
2618 1478 2914 1543 πιστεύεις,
2936 1476 3194 1546 ἔφασκεν,
3221 1474 3300 1537 εἰς
3329 1470 3419 1523 τὸν
3443 1466 3572 1521 Υῖδν
3597 1462 3695 1519 τοῦ

2112 1572 2244 1631 Θεοῦ
2266 1589 2281 1638 ;
2303 1590 2321 1622 ι
2355 1571 2461 1625 Τοῦ
2490 1570 2547 1623 δὲ
2567 1611 2582 1636 ,
2616 1590 2633 1621 ι
2672 1569 2768 1634 Τίς
2797 1570 2934 1633 ἐστι,
2966 1565 3159 1638 Κύριε,
3186 1582 3204 1616 ι
3247 1555 3694 1631 διακεκραγότος,

2119 1682 2138 1714 ι
2167 1663 2253 1716 ἴνα
2287 1662 2562 1715 πιστεύσω
2584 1663 2663 1725 εἰς
2693 1659 2855 1720 αἰπύν
2879 1677 2892 1727 ;
2918 1676 2937 1712 ›
2964 1654 3281 1725 ἀντεφώνει,
3312 1644 3507 1718 λέγων’
3538 1667 3557 1700 ι
3586 1644 3719 1705 Καὶ,

2115 1754 2367 1825 ἑώρακας
2389 1753 2573 1815 αὐτὸν,
2605 1752 2697 1805 καὶ
2718 1753 2746 1804 6
2768 1750 2947 1804 λαλῶν
2976 1746 3113 1819 μετὰ
3148 1743 3264 1810 σοῦ,
3294 1741 3502 1803 ἐκεῖνός
3524 1741 3698 1794 ἐστιν.

2130 1846 2190 1898 '0
2204 1845 2257 1899 δὲ
2280 1845 2404 1916 ἔφη·
2428 1842 2697 1909 Πιστεύω,
2719 1841 2911 1913 Κύριε.
2927 1841 3039 1893 Kal
3060 1836 3467 1909 προσεκύνησεν
3492 1827 3694 1900 αύτίξω
3775 1900 3791 1909 ⁵

2120 1938 2312 1992 Καίτοι
2348 1936 2463 1999 πῶς
2493 1935 2590 2006 οὐχ
2623 1935 2795 1989 ἆπασι
2827 1932 3126 2003 συμφανὲς,
3160 1929 3236 1992 ὡς
3266 1928 3509 1987 ἄποπτος
3564 1937 3698 1975 παν‹

2118 2028 2286 2091 τελῶς
2312 2030 2344 2098 ἡ
2373 2026 2491 2080 θεία
2516 2044 2574 2079 τε
2602 2028 2694 2079 καὶ
2710 2025 2971 2078 ἀνωτάτω
2994 2022 3154 2093 φύσις
3178 2019 3365 2103 ,ιΘεδν
3395 2018 3504 2088 γὰρ
3527 2014 3717 2103 οὐδεὶς.

2121 2120 2331 2192 ἑώρακε
2375 2117 2617 2184 πώποτε,
2648 2138 2666 2169 ι
2693 2118 2833 2171 κατὰ
2864 2119 2923 2169 τὸ
2951 2114 3360 2187 γεγραμμένον.
3392 2111 3566 2179 Εἴπερ
3608 2102 3725 2159 οῦν.

2121 2211 2331 2274 διιστὰς
2358 2210 2554 2265 ἑαυτοῦ
2581 2211 2641 2263 τὸ
2667 2208 3029 2280 ἀνθρώπινον,
3062 2207 3137 2270 ὡς
3168 2204 3299 2258 αὐτὸ
3321 2202 3384 2273 δὴ
3408 2199 3586 2265 τοῦτο,
3608 2196 3706 2252 καὶ

2124 2304 2382 2375 πεφηνὼς
2429 2306 2493 2360 ix
2522 2304 2656 2357 Θεοῦ
2689 2302 2903 2374 Πατρός
2933 2300 3104 2368 Λόγος
3132 2293 3357 2367 γυμνὸς,
3410 2291 3506 2346 καὶ
3546 2288 3706 2361 μόνος

2123 2399 2278 2470 ἠξίου
2306 2397 2678 2452 πιστεύεσθαι·
2704 2396 2756 2450 τί
2782 2396 2857 2468 μὴ
2891 2394 3090 2467 μᾶλλον
3120 2392 3218 2464 τὴν
3242 2390 3336 2445 τοῦ
3367 2386 3502 2441 Θεοῦ
3543 2383 3722 2455 φύσιν,

2126 2488 2539 2558 ἀναλογίζεσθαι
2555 2488 2686 2553 δεῖν,
2707 2488 2829 2559 ἥτις
2853 2486 2981 2539 ποτέ
3010 2484 3146 2548 ἐστι,
3171 2483 3261 2535 τὸν
3283 2476 3341 2534 εὖ
3364 2477 3607 2532 παθόντα
3624 2474 3709 2529 δι-

2056 2616 2069 2632 ,
2127 2579 2430 2647 εκελεύετο,
2464 2577 2751 2651 παρέδειξε
2792 2578 2851 2631 δὲ
2892 2574 3245 2646 σωματικῶς,
3282 2570 3357 2634 ὠς
3396 2569 3491 2622 καὶ
3525 2565 3712 2628 αὐτοῖς

2127 2674 2339 2745 ὄμμασι
2388 2671 2835 2726 καταθεὰσασθαι
2883 2679 2923 2707 ω
2974 2666 3147 2739 παρόν
3178 2676 3234 2733 ιι;
3284 2663 3388 2733 εφη
3441 2658 3571 2731 γὰρ,
3626 2657 3713 2711 ὅτι

2136 2786 2155 2819 ι
2185 2765 2295 2822 Kal
2322 2764 2573 2834 ἑώρακας
2601 2764 2783 2830 αὑτὸν,
2815 2762 2907 2817 καὶ
2937 2764 2965 2817 6
2985 2760 3161 2814 λαλῶν
3190 2757 3327 2829 μετὰ
3367 2753 3482 2818 σοῦ,
3507 2749 3717 2817 ἐκεῖνός

2134 2860 2302 2911 ἐστιν.
2339 2875 2359 2909 ι
2392 2857 2464 2909 Ἦ
2511 2855 2633 2926 οὐχὶ
2680 2854 2778 2926 τὴν
2820 2854 2999 2924 σάρκα
3052 2846 3371 2921 παραδεῖξαι
3424 2845 3713 2915 φήσομενς

2134 2945 2253 3003 εἷτα
2301 2947 2418 3012 πῶς
2446 2947 2608 3011 αὐτὸς
2641 2946 2706 3000 ἂν
2752 2946 2837 3015 εἴη
2869 2943 3053 2997 λοιπὸν
3080 2943 3112 3012 ἡ
3150 2938 3307 3012 σὰρξ,
3340 2939 3388 2990 εἰ
3418 2934 3493 3006 μὴ
3542 2934 3720 2991 νοοῖτο

2135 3040 2256 3095 καθ’
2283 3040 2500 3105 ἕνωσιν,
2520 3038 2595 3102 ὡς
2626 3037 2785 3099 αὐτὸς
2807 3035 3066 3105 ὑπάρχων
3091 3031 3152 3086 τὸ
3177 3030 3307 3083 ἴδιον
3329 3025 3493 3081 αὐτοῦ
3515 3042 3529 3090 ;
3561 3021 3683 3077 Καθ
3694 3050 3727 3075 -,

2137 3128 2279 3199 ἅπερ
2324 3128 2519 3199 ἀμέλει
2567 3127 2661 3180 καὶ
2708 3123 2793 3194 ἐφ’
2832 3122 2987 3193 ἡμῶν
3018 3119 3211 3190 γένοιτ’
3249 3117 3313 3173 ἄν
3338 3135 3352 3148 ·
3382 3109 3725 3176 καταδεῐξειε

456 3212 751 3281 telligatur,
781 3215 923 3283 quod
947 3215 1238 3269 secundum
1269 3215 1519 3270 unionem
1555 3216 1696 3271 illius
1723 3216 1921 3271 factum
1952 3226 2031 3271 est

2137 3221 2246 3292 γὰρ
2275 3219 2339 3273 ἄν
2366 3235 2449 3282 τις
2481 3217 2542 3270 ού
2590 3214 3047 3289 μεμερισμένους,
3074 3210 3193 3265 οὐδὲ
3232 3205 3438 3269 ἀτελῶς
3473 3205 3564 3257 τὸν
3594 3199 3724 3258 καθ’

389 3365 403 3379 .
458 3300 777 3370 proprium?
821 3300 1007 3357 Simile
1035 3303 1164 3372 quid
1206 3303 1259 3356 in
1306 3303 1459 3358 nobis
1498 3318 1715 3374 quoque
1753 3304 2031 3361 observare

2149 3312 2290 3383 ἡμᾶς
2321 3309 2629 3380 ἄνθρωπον,
2657 3305 2749 3358 τὸν
2772 3306 2835 3357 ὲκ
2862 3302 3037 3373 ψυχῆς
3076 3300 3140 3372 δὴ
3162 3298 3305 3370 λέγω
3327 3297 3419 3351 καὶ
3448 3292 3727 3366 σώματος,

460 3391 606 3446 licet.
651 3390 818 3447 Nemo
866 3392 1009 3447 enim
1056 3394 1331 3449 hominem
1376 3410 1439 3449 ex
1493 3396 1673 3448 anima
1721 3407 1774 3451 et
1815 3411 2043 3465 corpore

459 3495 799 3539 constantem
851 3487 1068 3541 divisim
1119 3502 1181 3541 ac
1231 3502 1297 3541 ex
1350 3494 1505 3557 parte
1565 3498 1840 3545 ostensum
1904 3491 2041 3559 vult,

461 3579 671 3633 etiamsi
694 3578 864 3633 solam
896 3593 1114 3632 carnem
1143 3579 1385 3648 designet
1412 3596 1426 3645 ;
1460 3580 1556 3633 sed
1586 3588 1776 3635 totum.

538 3665 754 3721 XXXV.
832 3666 1033 3721 Scribit
1076 3666 1177 3722 hac
1217 3669 1283 3722 de
1339 3681 1398 3721 re
1430 3668 1758 3738 evangelista
1808 3668 2047 3728 Joannes

465 3770 731 3827 quoque:
771 3776 791 3808 ι
830 3756 1015 3831 Multa,
1051 3757 1146 3824 ait,
1193 3767 1248 3812 et
1288 3757 1394 3813 alia
1437 3759 1589 3830 signa
1634 3759 1762 3815 fecit
1802 3759 1961 3818 Jcsus
1993 3766 2047 3820 in

467 3858 763 3916 conspectu
816 3848 1220 3919 discipulorum,
1258 3865 1380 3920 qua:
1424 3867 1528 3906 non
1568 3863 1696 3908 sunt
1738 3856 1936 3927 scripta
1994 3858 2047 3912 in

470 3940 612 3995 libro
653 3940 780 3995 hoc.
837 3940 964 3996 Haec
1023 3951 1205 3996 autem
1252 3943 1452 4013 scripta
1508 3954 1668 4011 sunt,
1721 3959 1782 4001 ut
1823 3949 2051 4005 credatis

384 4106 387 4109 ν
470 4032 599 4101 quia
635 4031 794 4088 Jesus
820 4041 904 4088 est
933 4032 1183 4089 Christus
1211 4033 1381 4089 Filius
1438 4035 1555 4102 Dei,
1587 4045 1642 4092 et
1672 4047 1730 4092 ut
1769 4042 2053 4096 credentes

472 4125 636 4179 vitam
666 4125 911 4180 habeatis
938 4125 995 4180 in
1032 4126 1251 4181 nomine
1275 4127 1393 4198 ejus
1411 4128 1477 4183 ¹⁸.
1508 4148 1526 4180 ι
1562 4128 1739 4199 Eque
1788 4131 2053 4189 admirari

474 4220 579 4274 hoc
609 4219 726 4274 loco
750 4228 805 4273 et
833 4218 1073 4274 divinum
1096 4235 1312 4290 quoque
1341 4219 1559 4277 Petrum
1585 4222 1710 4278 licet
1740 4238 1754 4276 :
1789 4224 1876 4280 hic
1908 4224 2053 4279 cnim

474 4308 740 4378 intrepide
796 4310 1106 4381 discrthue
1135 4310 1353 4367 Judmos
1395 4314 1661 4384 ejusmodi
1693 4315 1939 4370 oratione
1970 4314 2054 4369 af-

474 4397 621 4452 Iatur
649 4415 665 4455 :
707 4417 726 4450 ι
764 4398 1043 4468 Principes
1076 4400 1277 4470 populi,
1311 4410 1366 4456 et
1393 4404 1661 4467 seniores,
1692 4406 1735 4458 si
1768 4418 1868 4459 nos
1897 4404 2059 4460 hodie

2145 3404 2237 3459 ml
2270 3401 2377 3456 ἀπὸ
2403 3400 2569 3472 μόνης
2603 3394 2765 3451 αὑτοῦ
2793 3394 2889 3466 τῆς
2920 3392 3145 3463 σαρκός.

2220 3675 2343 3729 AE'.
2372 3671 2623 3741 Γέγραφε
2653 3668 2711 3723 δέ
2745 3684 2847 3722 που
2892 3667 2987 3720 καὶ
3008 3667 3036 3719 6
3073 3664 3236 3734 σοφὸς
3278 3660 3411 3732 ἡμῖν
3449 3654 3730 3727 Ἰωάννης,

2151 3768 2234 3822 ὅτι
2271 3785 2289 3817 ι
2320 3761 2500 3819 Πολλὰ
2548 3762 2645 3833 μὲν
2673 3754 2766 3814 οῦν
2790 3760 2883 3814 καὶ
2916 3757 3049 3813 ἄλλα
3073 3756 3275 3827 σημεῖα
3298 3752 3554 3822 ἐποίησεν
3582 3745 3730 3817 6‘11]-

2154 3858 2280 3923 σοῦς
2312 3854 2541 3910 ἐνώπιον
2586 3853 2694 3906 τῶν
2745 3848 3004 3922 μαθητῶν
3045 3846 3232 3909 αὑτοῦ,
3270 3844 3305 3900 ἃ.
3340 3845 3440 3898 οὐκ
3482 3841 3598 3895 ἔστι
3635 3855 3726 3907 γε·

2153 3949 2447 4024 γραμμένα
2473 3948 2531 4001 ὲν
2561 3945 2637 4017 τῷ
2665 3943 2855 4015 βιϐλίῳ
2880 3942 3074 4013 τούτῳ.
3102 3938 3289 3994 Ταῦτα
3315 3937 3371 3989 δὲ
3396 3935 3731 4024 γέγραπται,

2154 4021 2245 4097 ἵνα
2276 4038 2627 4109 πιστεύσητε,
2653 4038 2736 4090 ὅτι
2776 4033 2983 4106 Ἰησοῦς
3030 4034 3178 4085 ἐστιν
3213 4031 3241 4082 6
3273 4025 3508 4099 Χριστὸς
3549 4024 3577 4077 6
3608 4021 3738 4085 Υἱὸς

2154 4132 2249 4190 τοῦ
2291 4132 2429 4188 Θεοῦ
2454 4175 2469 4200 ,
2518 4132 2615 4185 καὶ⁸
2660 4130 2748 4183 ἵνα
2790 4124 3142 4187 πιστεύοντες
3180 4122 3325 4188 ζωὴν
3373 4119 3531 4189 ἔχητε
3564 4117 3622 4169 ὲν
3658 4114 3741 4182 τῷ

2156 4227 2381 4297 ὀνόματι
2412 4221 2601 4279 αὑτοῦ.
2628 4240 2646 4274 ι
2676 4217 3066 4289 Κατατεθήποι
3097 4214 3142 4268 δ’
3171 4215 3236 4269 ἄν
3261 4229 3346 4275 τις
3377 4210 3438 4264 οὐ
3471 4210 3621 4281 μεῖον
3644 4206 3742 4259 καὶ

2156 4320 2249 4374 τὸν
2293 4316 2582 4373 θεσπέσιον
2629 4312 2859 4383 Πέτρον,
2906 4307 3183 4369 Ἰουδαίοις
3231 4298 3744 4375 προσπεφωνηκότα

2162 4410 2349 4481 σαφῶς
2391 4409 2484 4464 καὶ
2537 4404 2878 4475 ἀναφανδόνσ
2917 4418 2935 4453 t
2978 4400 3276 4470 ’Ἄρχοντες
3311 4393 3406 4449 τοῦ
3456 4392 3585 4447 λαοῦ
3644 4389 3745 4455 καὶ

476 4490 837 4561 dijudicamur
887 4494 939 4548 in
991 4493 1277 4551 benefacta
1321 4496 1558 4553 hominis
1606 4498 1827 4563 infirmi,
1861 4498 1915 4553 in
1952 4514 2031 4568 (ιω

2162 4499 2545 4573 πρεσϐύτεροι,
2600 4497 2649 4549 εἰ
2698 4495 2861 4565 ἡμεῖς
2910 4492 3155 4564 σήμερον
3204 4483 3612 4573 ἀνακρινόμεθα
3654 4482 3744 4536 ἐπ’
3832 4546 3835 4549 Α

478 4583 581 4638 iste
610 4586 791 4642 salvus
831 4586 1006 4642 factus
1044 4600 1127 4644 est
1160 4606 1174 4642 :
1215 4600 1399 4645 notum
1435 4594 1506 4647 sit
1536 4592 1790 4647 orunihus
1822 4593 1975 4649 vobis
2007 4610 2031 4649 c

2133 4568 2455 4663 ἐύεργεσία
2498 4586 2785 4658 ἀνθρώπου
2832 4583 3111 4649 ἀσθενοῦς,
3137 4583 3195 4637 ὲν
3236 4579 3343 4634 τινι
3373 4571 3527 4639 οὗτος
3570 4576 3749 4628 σέσω-

476 4678 623 4730 omni
652 4678 791 4748 plebi
827 4680 1009 4747 Israel,
1049 4683 1189 4752 quod
1217 4684 1269 4737 in
1311 4684 1529 4738 nomine
1557 4683 1682 4739 Jesu
1712 4684 1913 4741 Christi
1957 4683 2061 4740 Na-

481 4771 686 4836 zareni,
723 4786 886 4841 quem
919 4788 1015 4828 vos
1043 4775 1414 4841 crucifixistis,
1446 4793 1608 4847 quem
1653 4777 1794 4831 Deus
1830 4778 2059 4832 suscita-

481 4861 558 4916 vit
591 4876 654 4915 ex
694 4865 941 4931 mortuis,
981 4865 1035 4917 in
1084 4866 1188 4920 hoc
1229 4866 1331 4922 iste
1374 4876 1514 4922 astat
1556 4880 1740 4922 coram
1786 4868 1937 4923 vobis
1970 4882 2060 4923 sa-

487 4968 587 5006 nus
613 4953 675 5007 ¹⁶.
714 4972 733 5006 ι
763 4955 826 5008 Et
846 4965 968 5023 post
990 4956 1090 5011 alia
1115 4972 1330 5012 rursum
1358 4976 1371 5012 :
1408 4977 1427 5011 ι
1459 4959 1526 5013 Et
1558 4974 1664 5014 non
1693 4970 1775 5014 est
1802 4960 1853 5014 in
1879 4959 2060 5030 aliquo

487 5042 593 5096 alio
622 5044 790 5101 salus.
848 5047 1035 5117 Neque
1060 5050 1204 5105 enim
1240 5051 1384 5107 aliud
1423 5066 1616 5107 nomen
1650 5051 1756 5122 32
1786 5051 1887 5107 sub
1924 5052 2063 5107 caelo

490 5135 672 5188 datum
706 5146 791 5191 est
829 5137 1157 5208 hominibus,
1209 5143 1261 5198 in
1309 5159 1417 5213 quo
1449 5153 1699 5213 oporteat
1739 5160 1838 5199 nos
1886 5144 2065 5199 salvos

494 5223 609 5279 ﬁeri
642 5226 704 5280 "'.
770 5245 789 5278 ι
834 5227 1051 5297 Ecquis,
1095 5234 1342 5299 obsecro,
1371 5245 1455 5288 est
1501 5234 1601 5289 ille
1628 5236 1718 5306 qui
1750 5246 1805 5291 et
1837 5246 2063 5290 mortem

494 5316 677 5382 subiit,
710 5327 762 5371 ct
792 5334 913 5374 cum
945 5321 1216 5392 triumpho
1246 5341 1274 5377 a
1310 5326 1538 5379 mortuis
1563 5327 1850 5393 excitatus,
1878 5337 1933 5383 et
1963 5325 2065 5380 Na-

576 5488 617 5518 ¹¹
643 5487 798 5543 Joatt.
825 5507 901 5555 lx,
933 5492 1023 5547 25.
1094 5496 1137 5527 ¹¹
1167 5495 1299 5549 ihid.
1325 5495 1414 5550 56.

506 5555 546 5586 ¹⁷
576 5556 706 5613 ibid.
735 5561 815 5613 l2.

2166 4701 2287 4737 σται
2307 4700 2319 4712 ο
2358 4681 2600 4752 γνωστὸν
2632 4679 2771 4732 έστω
2819 4679 2984 4731 πᾶσιν
3018 4677 3168 4746 ὑμῖν,
3205 4674 3300 4728 καὶ
3336 4669 3497 4725 παντὶ
3521 4666 3601 4738 τῷ
3631 4664 3749 4737 λαῷ

2175 4775 2413 4847 Ἰσραὴλ,
2450 4774 2532 4827 ὅτι
2559 4775 2615 4826 εν
2639 4770 2716 4842 τῷ
2753 4770 2979 4841 ὀνόματι
3019 4764 3194 4837 Ἰησοῦ
3230 4762 3468 4836 Χριστοῦ
3493 4758 3588 4813 τοῦ
3629 4757 3746 4811 Non

2167 4867 2427 4939 ζωραιου,
2456 4864 2516 4917 ὃν
2550 4866 2706 4934 ὑμεῖς
2747 4860 3153 4931 ἐσταυρώσατε,
3181 4856 3239 4910 ὃν
3267 4855 3296 4907 6
3342 4852 3474 4915 Θεὸς
3525 4851 3748 4922 ἤγειρεν

2168 4959 2234 5012 ὲκ
2279 4956 2508 5027 νεκρῶν,
2563 4955 2620 5007 ὲν
2674 4953 2849 5022 τούτῳ
2893 4945 3047 5014 οὗτος
3107 4946 3455 5021 παρέστηκεν
3517 4940 3750 4994 ἐνώπιον
3824 5008 3829 5011 _

2166 5048 2323 5118 ὑμῶν
2346 5048 2560 5116 ὑγιής.»
2591 5046 2704 5099 Kal
2724 5043 2841 5116 μεθ’
2864 5043 3027 5115 ἕτερα
3056 5038 3221 5094 πάλιν
3243 5054 3258 5068 ·
3288 5055 3308 5089 ι
3335 5034 3446 5088 Kal
3471 5033 3574 5086 οὐκ
3603 5028 3753 5083 ἐστιν

2167 5143 2225 5195 ὲν
2255 5140 2399 5211 ἄλλῳ
2432 5138 2667 5209 ούδενὶὴ
2713 5135 2957 5207 σωτηρία
2980 5148 2997 5167 ο
3031 5132 3151 5186 οὐδὲ
3197 5129 3308 5201 γὰρ
3338 5127 3527 5197 ἕτερον
3579 5120 3755 5193 ὄνομά

2170 5233 2316 5283 ἐστιν
2341 5230 2446 5283 ὑπὸ
2473 5230 2564 5282 τὸν
2593 5227 2821 5300 οὐρανὸν
2843 5226 2901 5278 τὺ
2932 5221 3216 5294 δεδομένον
3250 5222 3310 5274 ὲν
3333 5214 3664 5287 ἀνθρώποις,
3694 5214 3754 5266 ἐν

2169 5318 2215 5395 ᾧ
2249 5325 2329 5378 δεῖ
2364 5324 2603 5395 σωθῆναι
2629 5323 2794 5394 ἡμᾶς.
2838 5338 2856 5373 ι
2890 5319 2987 5380 Τις
3019 5313 3112 5371 οῦν
3151 5314 3260 5387 ἄρα
3299 5312 3446 5367 ἐστὶν
3482 5311 3511 5363 6
3536 5308 3631 5362 καὶ
3660 5306 3757 5361 θά-

1520 5496 1563 5528 ¹⁹
1591 5498 1721 5552 ibid.
1762 5499 1852 5563 57,
1900 5501 1989 5555 58.

2157 5499 2313 5556 Joan.
2344 5515 2382 5566 ι,
2426 5500 2512 5553 18.
2581 5498 2625 5531 ³⁸
2669 5495 2825 5553 Joan.
2857 5510 2950 5563 xx,
2978 5493 3071 5562 30,
3099 5491 3189 5548 51.
3262 5487 3308 5523 ⁸⁸
3332 5486 3453 5544 Act.
3487 5498 3561 5552 tv,
3600 5478 3757 5537 8-10.

1610 5721 1782 5779 Vat-ite
1818 5725 2073 5786 lectiones
2117 5728 2323 5786 codicis
2355 5725 2711 5797 chuieriaui.

584 5860 624 5897 ιη
654 5848 1017 5920 καταθεᾶσθαι
1050 5849 1255 5918 παρὼν.
1332 5859 1360 5887 ι’
1396 5852 1655 5919 παρόντα.
