4060 6416
302 386 446 442 1185

1263 380 1350 435 DE
1389 379 1612 435 RECTA
1655 381 1810 435 FiDE
1853 380 1943 433 AD
1984 380 2430 437 TllEODOSIUM
2472 381 2607 435 lMP.

3424 370 3557 431 “86

299 514 466 554 νατον
498 495 716 559 ὑποδὺς,
757 494 849 550 καὶ
886 492 1254 566 ἐγηγερμένος
1296 496 1353 547 ἐν
1390 495 1535 568 δόξῃ,
1564 497 1659 549 καὶ
1686 497 1750 550 ἐκ
1770 497 1882 550 Να-

2005 512 2216 554 ιατσηυε
2276 497 2570 567 appellatus
2610 496 2729 564 fuit,
2780 496 2878 551 nisi
2930 496 3178 552 Christus
3227 493 3404 557 Iesus,
3458 492 3561 545 hoc

302 590 496 659 ζαρὲτ,
527 588 576 641 εί
606 587 681 659 μὴ
704 586 939 658 Χριστὸς
980 587 1202 658 Ἰησοῦς,
1245 588 1520 640 τουτέστιν
1549 591 1577 642 6
1609 588 1713 658 πρὸ
1746 607 1880 643 παν-

302 681 399 745 τὸς
431 680 530 752 μὲν
565 678 759 742 αἰῶνος
787 679 854 733 ὲκ
874 678 1010 732 Θεοῦ
1038 680 1251 750 Πατρὸς
1272 681 1598 752 ἁπορρήτως
1624 698 1885 753 γεγεννη-

308 773 493 844 μένος,
529 772 587 824 ὲν
615 771 671 825 δέ
697 787 760 839 γε
793 768 871 840 τῷ
901 770 1098 841 λοίσθῳ
1140 773 1232 824 xal.
1260 772 1341 836 εἰς
1368 772 1538 843 πέρας
1575 774 1760 844 ἥκοντι
1789 772 1883 826 τοῦ

304 863 505 927 αἰῶνος
548 862 747 933 καιρῷ,
774 863 869 917 καὶ
917 864 1241 933 σωματικῶς
1275 866 1338 918 ἐκ
1371 866 1660 934 γυναικὸς;
1696 866 1753 919 '0
1792 867 1884 935 eti;

308 971 429 1008 στιν
464 944 557 1009 οῦν
587 953 694 1025 ἄρα
723 953 821 1024 τὴν
869 954 1006 1025 πρὸς
1046 955 1210 1008 αὐτὸν
1243 963 1267 991 ο
1303 957 1682 1028 προσιέμενος,
1713 959 1886 1030 γέρας

305 1044 601 1098 ἀποίσεται
647 1044 707 1096 τὸ
774 1043 1083 1115 ἐξαίρετον
1134 1046 1550 1118 διακεκλήσεται
1603 1049 1711 1119 γὰρ
1771 1049 1886 1113 υίὸς

304 1136 468 1192 Θεοῦ.
508 1155 527 1188 ι
563 1135 718 1190 Ὅσοι
755 1135 864 1208 γὰρ
895 1136 1085 1190 ἔλαϐον
1123 1139 1309 1205 αὐτὸν,
1347 1139 1543 1194 ἔδωκεν
1584 1142 1766 1205 αὐτοῖς
1802 1141 1888 1207 ἐξ-

304 1227 499 1281 ουσίαν
534 1225 701 1281 τέκνα
730 1227 867 1281 Θεοῦ
900 1227 1175 1296 γενέσθαι,
1208 1233 1319 1293 τοῖς
1347 1230 1691 1285 πιστεύουσιν
1714 1234 1794 1296 εἰς
1828 1233 1889 1286 τὸ

306 1316 483 1391 ὄνομα
509 1317 676 1374 αὐτοῦ
701 1337 716 1351 ο
744 1319 794 1372 οἳ
828 1319 928 1374 οὐκ
951 1321 1009 1388 ἐξ
1037 1322 1302 1392 αἱμάτων,
1338 1324 1457 1377 οὐδὲ
1493 1326 1557 1379 ἐκ
1587 1325 1889 1397 θελήματος

310 1409 535 1481 σαρκὸς,
587 1409 709 1463 οὐδὲ
752 1410 817 1464 ὲκ
867 1410 1171 1483 θελήματος
1221 1414 1431 1486 ἀνδρὸς,
1489 1416 1602 1470 ἀλλ’
1637 1419 1701 1471 ὲκ
1752 1418 1887 1472 θεοῦ

308 1498 700 1571 ἐγεννήθησαν.
738 1519 757 1551 ι
799 1501 918 1555 Ἵνα
949 1502 1058 1573 γὰρ
1096 1503 1320 1575 γένηται
1363 1506 1660 1578 πρωτεύων
1691 1511 1750 1564 ἐν
1781 1512 1887 1564 πᾶ-

312 1609 398 1643 σιν
432 1590 615 1656 αὐτὸς,
671 1592 815 1645 καθὰ
866 1593 1197 1664 γέγραπται,
1246 1614 1264 1647 σ
1310 1597 1635 1670 γεγέννηται
1690 1600 1791 1671 μὲν
1825 1602 1889 1655 ὲκ

309 1681 595 1750 γυναικός.
637 1701 657 1734 ι

383 1773 524 1839 Aq'.
566 1773 783 1843 Ἐπειδὴ
817 1773 874 1827 δέ
906 1776 1056 1829 ἐστιν
1086 1777 1307 1850 ἀπαρχὴ
1340 1778 1441 1851 τῆς
1466 1781 1884 1855 ἁναμορφουμέ-

312 1881 412 1934 νης
441 1864 673 1927 κτίσεως
692 1865 761 1918 δι’
790 1866 1064 1937 ἁγιασμοῦ
1090 1869 1227 1940 πρὸς
1252 1870 1407 1936 Θεὸν,
1438 1875 1532 1927 καὶ
1560 1877 1666 1947 πρό
1691 1888 1756 1946 γε
1778 1878 1889 1932 τῶν

313 1955 493 2008 ἄλλων
525 1955 689 2019 αὐτὸς
733 1958 988 2027 γεννητὸς
1033 1959 1248 2033 ἐδείχθη
1309 1963 1375 2017 ἐκ
1405 1965 1742 2037 Πνεύματος,
1792 1970 1890 2041 τὴν

312 2047 510 2118 ἀνδρός
539 2064 598 2099 τε
632 2047 727 2101 καὶ
772 2050 1030 2116 γυναικὸς
1055 2051 1117 2103 οὐ
1158 2055 1467 2124 περιμένων
1518 2059 1755 2122 σύνοδον,
1797 2064 1892 2116 καὶ
1926 2052 1953 2063 ’

313 2138 417 2191 οὐκ
450 2138 647 2209 ἀτιμίᾳ.
679 2139 774 2194 καὶ
807 2139 983 2213 μὼμῳ
1032 2144 1409 2209 καταδικάςων
1451 2150 1548 2220 τὴν
1584 2152 1745 2220 φύσιν
1791 2155 1893 2223 (τί-

317 2246 439 2301 μιος
466 2233 575 2302 γὰρ
594 2233 622 2284 6
652 2232 851 2302 γάμος,
881 2234 975 2286 καὶ
1010 2252 1029 2286 ι
1057 2235 1084 2287 6
1120 2236 1333 2301 πλάσας
1371 2240 1464 2292 ἀπ’
1493 2242 1688 2313 ἀρχῆς,
1726 2243 1894 2316 ἄρσεν

314 2320 412 2374 καὶ
449 2321 585 2391 θῆλυ
639 2323 897 2393 ἐποίησεν
928 2325 1172 2397 αὐτοὺς),
1205 2326 1338 2382 ἀλλὰ
1375 2329 1453 2400 τῷ
1504 2332 1710 2401 μείζονι
1741 2346 1766 2385 P
1801 2337 1894 2389 καὶ

315 2413 667 2482 ἀσυγκρίτως
717 2413 1099 2485 ὑπερκειμένη)
1155 2419 1480 2489 προσνέμων
1529 2423 1627 2493 ἤδη
1680 2441 1796 2489 πως
1828 2426 1897 2480 τὰ

315 2499 668 2570 ἁνθρώπινα’
704 2499 998 2571 γεννητοὺς
1037 2502 1145 2574 γὰρ
1179 2504 1515 2575 Πνεύματος,
1548 2509 1648 2561 οὐκ
1686 2511 1898 2583 ἀνδρῶν

315 2592 466 2662 ἡμᾶς
509 2590 590 2643 ἔτι
639 2590 1000 2661 χρηματίζειν
1042 2593 1220 2663 ἤθελε.
1256 2597 1366 2649 Kal.
1404 2598 1553 2664 γοῦν,
1603 2617 1621 2650 ι
1654 2601 1896 2672 Πατέρα,

317 2682 477 2753 φησὶ,
509 2681 585 2753 μὴ
608 2681 875 2752 καλέσητε
904 2683 1057 2753 ὑμῶν
1087 2685 1180 2738 ἐπὶ
1218 2685 1319 2755 τῆς
1357 2685 1489 2759 γῆς·
1522 2685 1602 2753 εἷς
1624 2691 1728 2762 γάρ
1752 2695 1901 2747 ἐστιν

326 2773 356 2823 6
382 2770 569 2843 Πατὴρ
611 2771 766 2842 ὑμῶν
793 2774 821 2825 6
852 2772 1121 2843 οὐράνιος,
1155 2774 1355 2838 πάντες
1397 2778 1454 2830 δὲ
1488 2780 1645 2848 ὑμεῖς
1687 2782 1900 2850 ἀδελφοί

332 2865 476 2915 ἐστε.
510 2880 529 2914 ι
566 2862 774 2916 Οὐκοῦν
803 2863 1103 2935 ἀμώμητον
1136 2868 1413 2931 παντελῶς
1436 2869 1495 2921 τὸ
1520 2872 1796 2924 πιστεύειν
1821 2876 1902 2937 εὶς

329 2957 514 3021 αὐτὸν,
558 2958 758 3037 μάλλον
786 2957 843 3011 δὲ
869 2959 962 3012 καὶ
993 2960 1058 3029 τῇ
1083 2958 1193 3011 τῶν
1216 2959 1702 3033 πλημμελημάτων
1727 2967 1903 3037 ἀμνη-

1985 599 2086 656 est,
2143 607 2279 644 unus
2323 591 2427 655 ille,
2477 591 2566 659 qui
2623 589 2982 657 inexplicabili
3028 588 3187 643 modo
3235 597 3359 640 ante
3402 598 3565 639 omne

1985 696 2154 735 aevum
2185 697 2250 737 ex
2279 681 2387 735 Deo
2421 680 2579 734 Patre
2606 679 2839 754 genitus,
2870 680 3057 733 ultimo
3089 678 3190 731 hoc
3219 689 3273 731 et
3302 677 3367 729 ad
3401 675 3562 728 tinem

1980 770 2090 841 jam
2120 772 2439 826 decurrente
2471 770 2649 825 smculi
2684 778 2923 836 tempore
2967 768 3322 838 corporaliter
3351 780 3566 836 quoque

1985 864 2322 919 ett/muliere
2379 872 2536 917 natus
2587 861 2713 915 est?
2758 859 2908 915 Unde
2969 861 3059 930 qui
3120 860 3274 912 tidem
3306 860 3358 912 in
3390 858 3565 927 ipsum

1987 955 2297 1024 complexus
2326 954 2505 1021 fuerit,
2537 954 2788 1009 eximiam
2816 954 2939 1007 inde
2975 951 3272 1005 mercedem
3304 948 3564 1017 gloriam-

1988 1061 2092 1115 que
2133 1046 2426 1115 reportabit
2458 1061 2471 1097 :
2506 1043 2784 1098 vocabitur
2829 1056 3059 1111 namque
3103 1040 3268 1095 Filius
3299 1039 3413 1092 Dei.
3475 1032 3570 1091 Est

1988 1139 2129 1192 enim
2158 1138 2294 1207 apud
2324 1149 2568 1192 sanctum
2598 1135 2861 1191 Joannem
2897 1150 2912 1190 :
2948 1152 2966 1183 ι
2998 1132 3270 1200 Quotquot
3296 1131 3439 1183 enim
3484 1141 3569 1181 rc-

1988 1239 2249 1300 cvperuul
2277 1230 2447 1296 illum,
2477 1229 2628 1283 dedit
2659 1229 2765 1283 illis
2798 1235 3117 1296 potestatem
3151 1223 3286 1276 ﬁlios
3315 1222 3405 1275 Dei
3431 1219 3567 1282 fieri,

1990 1324 2073 1378 his
2110 1323 2199 1392 qui
2241 1323 2468 1377 credunt
2509 1326 2562 1375 in
2597 1321 2811 1375 nomine
2864 1322 3020 1387 ejus;
3059 1316 3148 1383 qui
3194 1330 3296 1367 non
3331 1328 3395 1367 ex
3445 1326 3570 1366 san-
3639 1363 3643 1369 ,

1990 1416 2261 1487 gniuibus,
2303 1429 2475 1484 neque
2502 1430 2565 1468 ex
2606 1413 2878 1467 voluntate
2922 1409 3120 1475 carnis,
3179 1420 3351 1477 neque
3380 1419 3442 1458 ex
3476 1418 3572 1455 vo-

1990 1507 2199 1583 luntate
2227 1508 2347 1572 viri,
2375 1508 2464 1561 sed
2495 1522 2558 1559 ex
2594 1505 2700 1559 Deo
2726 1504 2834 1557 nati
2859 1501 3064 1557 sunt".
3107 1520 3125 1552 ι
3162 1498 3291 1552 Nam
3324 1511 3430 1566 quo
3459 1495 3572 1564 ipse

1990 1595 2278 1665 primatum
2313 1596 2363 1648 in
2392 1609 2579 1647 omnes
2609 1594 2897 1655 obtineret,
2920 1602 2975 1644 ut
3001 1590 3258 1659 scriptum
3280 1586 3471 1652 est”,t
3506 1598 3572 1637 ex

1923 1721 1965 1775 Β
1992 1684 2215 1738 muliere
2245 1684 2391 1736 nasci
2434 1683 2598 1737 voluit
2626 1682 2692 1736 ”.
2744 1700 2763 1732 ι

2064 1773 2303 1828 XXXVI.
2338 1774 2469 1840 Quia
2507 1790 2633 1827 vero
2673 1782 2935 1826 creaturae
2968 1787 3063 1841 per
3094 1756 3601 1823 sanctificatimxen‘

1995 1869 2134 1937 apud
2185 1867 2349 1921 Deum
2402 1864 2703 1921 reformatae
2742 1863 2951 1918 initium
3018 1863 3252 1923 exstitit,
3295 1862 3409 1930 ipse
3465 1874 3576 1929 prae

1996 1961 2206 2013 caeteris
2233 1958 2479 2012 omnibus
2514 1973 2578 2010 ex
2615 1956 2823 2024 Spiritu
2868 1955 3080 2025 genitus
3122 1952 3445 2016 declaratur,
3482 1958 3573 2003 ut-

1997 2064 2121 2123 pOIe
2179 2050 2383 2118 absque
2429 2049 2528 2101 viri
2581 2048 2927 2116 mulierisque
2976 2060 3264 2112 congressu
3308 2043 3361 2097 in
3400 2041 3572 2095 lucem

2002 2145 2171 2199 fusus.
2199 2142 2387 2211 Neque
2423 2142 2623 2196 idcirco
2665 2150 2839 2193 tamen
2873 2139 3102 2207 aliquam
3148 2136 3450 2208 ignominiae
3481 2150 3575 2188 no-

1999 2246 2108 2293 tam
2138 2243 2344 2289 uatum
2374 2235 2589 2289 inurere
2619 2232 2786 2286 voluit
2817 2240 2980 2303 (sunt
3007 2230 3147 2284 enim
3181 2228 3382 2298 nuptiae
3409 2228 3578 2279 hono-

2001 2327 2202 2381 rabiles
2229 2324 2292 2392 ²¹,
2321 2334 2374 2380 et
2407 2345 2423 2376 ι
2451 2325 2540 2395 qui
2573 2323 2722 2377 initio
2754 2321 3004 2377 formavit
3031 2321 3232 2384 omnia,
3279 2316 3575 2372 masculum

2003 2427 2056 2473 et
2088 2417 2338 2472 feminam
2371 2415 2498 2470 fecit
2544 2431 2638 2470 eos
2663 2414 2707 2444 "
2739 2433 2758 2465 ι
2783 2414 2824 2485 ),
2870 2414 2964 2467 sed
3014 2420 3260 2464 naturam
3288 2410 3575 2462 humanam

2004 2510 2361 2579 [tl‘ﬂlSlﬂttliOl‘i
2405 2506 2694 2575 multisque
2724 2504 2965 2573 partibus
2996 2501 3363 2557 excellentiori
3403 2500 3579 2569 digni-

2009 2609 2115 2654 tate
2175 2598 2632 2652 cuhouestandam
2685 2595 2894 2665 putavit
2929 2608 2943 2645 :
2983 2609 3086 2669 non
3125 2593 3268 2645 enim
3321 2590 3444 2657 viri,
3488 2591 3581 2645 sed

2009 2690 2241 2761 Spiritus
2278 2705 2495 2757 germen
2539 2702 2658 2742 esse
2699 2687 2951 2752 deinceps
2996 2699 3092 2738 nos
3144 2682 3311 2737 voluit
3344 2697 3357 2734 :
3396 2691 3450 2736 et
3480 2683 3584 2735 huc

2009 2789 2217 2848 spectat
2250 2797 2264 2833 :
2300 2796 2319 2829 ι
2356 2775 2569 2831 Patrem
2600 2777 2765 2829 nolite
2786 2774 2937 2827 vobis
2960 2787 3152 2826 vocare
3176 2785 3335 2839 super
3358 2779 3580 2824 terram.

2012 2872 2162 2928 Unus
2192 2870 2334 2924 enim
2366 2880 2448 2923 est
2488 2868 2643 2921 Pater
2674 2876 2853 2920 vester
2884 2863 3118 2919 cmlestis
3152 2880 3164 2915 :
3194 2878 3380 2917 omnes
3404 2873 3582 2917 autem

2009 2979 2106 3017 vos
2146 2961 2342 3015 fratres
2384 2960 2516 3014 estis
2536 2959 2601 3012 ’³.
2642 2976 2660 3009 ι
2699 2955 3056 3022 Quamobrem
3095 2953 3148 3006 in
3184 2952 3330 3007 illum
3364 2954 3587 3006 credere

329 3049 455 3119 στίᾳ
504 3049 810 3120 τετίμηται.
861 3049 1067 3120 Γράφει
1118 3049 1175 3102 δὲ
1212 3043 1313 3103 ὧδε
1366 3050 1526 3105 πάλιν
1566 3052 1595 3107 6
1651 3054 1902 3127 ἔκκριτος

2009 3056 2153 3111 omni
2183 3068 2402 3124 prorsus
2448 3052 2864 3122 reprehensione
2896 3059 3048 3103 vacat
3078 3064 3092 3112 ;
3132 3049 3239 3101 imo
3270 3046 3411 3100 istud
3460 3059 3588 3113 pec-

320 3139 536 3203 Παῦλος
555 3156 569 3169 ·
604 3160 622 3191 ι
656 3140 874 3203 Είδότες
896 3140 973 3205 δὲ,
1003 3140 1084 3194 ὅτι
1114 3142 1174 3194 οὐ
1200 3140 1503 3195 δικαιοῦται
1529 3143 1815 3217 ἄνθρωπος
1844 3149 1903 3213 ἐξ

321 3229 501 3301 ἔργων
547 3229 737 3301 νόμου,
770 3230 865 3284 ἐὰν
900 3231 974 3303 μὴ
1016 3230 1106 3285 διὰ
1149 3232 1382 3297 πίστεως
1427 3234 1602 3306 Ἰησοῦ
1641 3238 1901 3308 Χριστοῦ,

322 3324 419 3376 καὶ
448 3324 608 3393 ἡμεῖς
654 3324 735 3386 είς
773 3323 1008 3394 Χριστὸν
1054 3323 1458 3394 ἐπιστεύσαμεν
1488 3326 1576 3379 ἵνα
1602 3326 1906 3382 δικαιωθῶ-

326 3429 429 3485 μεν
459 3415 517 3465 ὲν
566 3413 734 3485 αὐτῷ.
777 3433 796 3466 ι
836 3415 1174 3486 Κατοκνήσω
1216 3414 1274 3468 δὲ
1304 3417 1574 3487 οὐδαμῶς,
1627 3421 1765 3490 ὅπερ
1805 3421 1905 3491 ἤδη

326 3504 542 3576 φθάσας
568 3504 726 3575 ἔφην,
757 3505 1141 3577 ἀνακυκλήσας
1183 3509 1380 3574 εἰπεῖν,
1417 3510 1496 3562 ὅτι
1524 3512 1758 3581 Χριστὸς
1800 3513 1905 3583 Ἰη-

327 3595 457 3658 σοῦς
488 3596 551 3649 οὐ
589 3596 797 3667 γυμνὸς
831 3597 926 3651 καὶ
976 3596 1099 3651 καθ’
1136 3599 1327 3653 ἑαυτὸν
1353 3603 1553 3654 νοεῖται
1602 3604 1630 3654 6
1660 3605 1725 3655 ἐκ
1770 3603 1905 3656 Θεοῦ

327 3684 524 3752 Λόγος,
549 3685 664 3738 ἀλλ’
691 3686 780 3738 ὅτε
806 3686 1112 3755 προσέλαϐε
1134 3686 1194 3740 τὸ
1216 3687 1578 3759 ἀνθρώπινον,
1613 3692 1706 3743 καὶ
1739 3693 1910 3760 ἀσυγ-

327 3777 508 3849 χύτως
535 3777 810 3849 ὲνεπλάκη
842 3777 1025 3850 σαρκί.
1045 3779 1233 3844 Οὕτως
1266 3779 1457 3850 ἔχοντα
1488 3781 1582 3834 καὶ
1609 3782 1909 3851 ὁρώμενον,

328 3875 426 3925 καὶ
458 3872 516 3924 ὲν
557 3871 687 3925 εἴδει
719 3870 797 3941 τῷ
848 3870 970 3925 καθ’
998 3872 1147 3942 ἡμᾶς
1192 3872 1548 3942 τυγχάνοντα,
1582 3877 1693 3937 τοῖς
1736 3875 1911 3943 ἁγίοις

327 3962 650 4027 ἀποστόλοις
694 3961 1012 4035 παρέδειξεν
1037 3963 1065 4015 6
1098 3963 1310 4034 Πατὴρ,
1346 3966 1532 4035 φωνῆς
1580 3964 1788 4018 ἄνωθεν
1821 3966 1914 4017 ὲκ-

328 4055 697 4127 πεμπομένης
744 4055 996 4109 τοιᾶσδεο
1038 4073 1058 4106 ι
1093 4050 1261 4119 Οὗτός
1312 4057 1460 4109 ἐστιν
1503 4057 1532 4108 6
1570 4056 1696 4120 Υίὸς
1745 4074 1846 4127 μου
1882 4056 1912 4105 6

329 4148 635 4220 ἀγαπητὸς,
675 4151 731 4201 ὲν
769 4141 814 4216 ᾧ
844 4147 1156 4218 ηὑδόκησα·
1202 4146 1369 4200 αὐτοῦ
1408 4147 1655 4201 ἀκούετε.
1693 4169 1711 4201 ι
1748 4147 1914 4212 Σύνες

328 4235 448 4303 οὖν,
485 4239 635 4302 ὅπως
665 4238 786 4307 οὐκ,
824 4239 913 4293 Ἐν
946 4239 1140 4310 τούτῳ,
1176 4239 1363 4308 φησὶν,
1392 4240 1542 4293 ἐστὶν
1570 4242 1598 4292 6
1635 4241 1757 4303 Υἱός
1786 4258 1911 4311 μου,

330 4334 422 4388 ἵνα
459 4332 534 4404 μὴ
568 4331 673 4387 ἀνὰ
708 4332 892 4404 μέρος,
929 4333 1004 4395 ὡς
1051 4332 1239 4404 ἔτερος
1282 4335 1340 4386 ὲν
1370 4334 1541 4406 ἑτέρῳ
1587 4332 1767 4403 τυχὸν,
1797 4333 1913 4387 ἀλλ’

2006 3156 2247 3201 catormn
2279 3144 2569 3208 oblivione,
2593 3142 2693 3196 hoc
2721 3152 2802 3196 est
2835 3140 3230 3197 continuatione
3260 3139 3582 3192 honoratum

2006 3247 2108 3295 est.
2164 3236 2367 3293 Scribit
2395 3238 2539 3289 enim
2578 3234 2807 3289 eximius
2847 3233 2932 3287 ille
2962 3231 3236 3302 apostolus
3286 3229 3479 3282 Paulus
3519 3230 3586 3282 ad

2006 3332 2149 3386 hunc
2182 3327 2420 3383 modum.
2472 3344 2490 3376 ι
2528 3326 2771 3381 Scientes
2806 3317 2985 3379 autem
3036 3324 3160 3393 quia
3191 3338 3295 3377 non
3322 3320 3587 3391 justifica—

2011 3428 2098 3476 tur
2148 3423 2308 3476 homo
2355 3436 2420 3474 ex
2462 3419 2714 3489 operibus
2763 3418 2913 3487 legis,
2962 3416 3059 3469 nisi
3105 3429 3199 3485 per
3241 3414 3395 3468 fidem
3459 3410 3588 3466 Jesu

2009 3512 2242 3579 Christi;
2278 3523 2329 3566 et
2362 3527 2456 3566 nos
2482 3513 2532 3565 in
2559 3512 2773 3566 Christo
2811 3509 2938 3565 Jcsu
2972 3508 3318 3571 credidimus,
3348 3516 3405 3560 ut
3427 3505 3590 3575 justi-

2013 3603 2235 3657 ficcmur
2265 3603 2318 3657 in
2351 3602 2466 3672 ipso
2493 3601 2557 3654 ".
2594 3620 2612 3652 ι
2666 3600 2931 3656 (ὲαιιετυιιι
2959 3599 3101 3667 quod
3140 3613 3299 3667 supra
3336 3596 3587 3659 iudicavi,

2011 3695 2063 3750 id
2093 3706 2335 3766 repetere
2373 3709 2475 3748 non
2522 3694 2807 3763 gravabor,
2840 3699 2968 3760 puta
3006 3689 3096 3744 Dei
3128 3686 3301 3741 Patris
3350 3685 3585 3740 Verbum

2014 3789 2152 3842 nude
2198 3801 2295 3855 per
2342 3801 2400 3840 se
2453 3786 2687 3855 positum
2738 3799 2841 3837 non
2892 3781 3114 3851 intelligi
3158 3779 3464 3839 Christum;
3494 3773 3589 3830 sed

2016 3890 2141 3933 tunc
2167 3879 2377 3931 demum
2415 3878 2465 3930 id
2500 3891 2691 3929 nomen
2722 3873 3040 3938 obtinuisse,
3078 3887 3201 3925 cum
3234 3871 3465 3924 humana
3495 3883 3588 3921 na-

2014 3974 2133 4017 tura
2158 3972 2428 4032 assumpta
2464 3963 2598 4017 citra
2643 3962 2802 4015 ullam
2843 3959 3065 4014 omnino
3095 3957 3460 4012 confusionem
3492 3955 3589 4010 ad-

2008 4057 2252 4126 jttnctum
2279 4065 2359 4108 est
2389 4053 2559 4108 carui.
2595 4051 2668 4107 Ita
2696 4052 2968 4115 allectum,
2998 4063 3051 4105 et
3078 4048 3401 4118 aspectabile
3425 4046 3587 4101 eerc-

2018 4156 2158 4207 tum,
2208 4154 2499 4212 nostraque
2563 4144 2733 4197 forma
2789 4144 3045 4196 vesuitum
3096 4140 3334 4195 coalestis
3404 4138 3587 4204 Pater,

2013 4250 2146 4292 voce
2191 4235 2404 4290 c‘uelitus
2450 4233 2690 4302 delapsa,
2746 4232 2950 4287 sanctis
2997 4231 3232 4287 ostendit
3277 4230 3534 4300 apostolis
3571 4242 3587 4283 :'

2023 4347 2041 4380 ε
2084 4325 2202 4393 llic,
2233 4326 2428 4397 inquit,
2462 4336 2543 4380 est
2570 4325 2742 4379 Filius
2773 4339 2926 4379 meus
2964 4324 3212 4385 dilectus.
3251 4322 3357 4392 33
3390 4324 3441 4377 in
3482 4333 3592 4389 quo

331 4420 414 4489 εἷς
445 4427 617 4478 νοοῖτο
645 4427 674 4479 6
704 4424 863 4490 αὐτὸς
891 4434 920 4476 τι
947 4424 1068 4479 καθ’
1097 4425 1291 4479 ἕνωσιν
1322 4427 1694 4496 οἰκονομικήν.
1720 4426 1902 4497 Πλημ-

2022 4423 2150 4476 mihi
2195 4421 2333 4476 bene
2371 4418 2704 4490 complacui;
2740 4418 2915 4488 ipsum
2961 4418 3142 4470 audite
3175 4416 3239 4469 ’⁸.
3286 4434 3304 4466 ι
3359 4417 3593 4468 Advorte

334 4516 499 4589 μελὲς
527 4517 584 4570 δὲ
604 4517 684 4571 ὅτι
714 4517 774 4571 τὸ
795 4518 1113 4573 ἀντιτείνειν
1139 4519 1277 4585 ἐστὶ,
1308 4519 1405 4572 καὶ
1430 4518 1538 4572 τῶν
1564 4520 1646 4573 ὅτι
1683 4518 1915 4590 μάλιστα

335 4604 791 4677 σφαλερωτάτων,
852 4607 1136 4662 ἀναπείθει
1188 4609 1418 4682 γράφων
1483 4608 1737 4680 Ἰωάννης
1786 4609 1913 4663 ὡδί·

339 4712 359 4746 ι
398 4693 521 4747 Ὅτι
557 4694 695 4767 αὕτη
740 4696 887 4749 ἐστὶν
933 4697 965 4767 ἡ
1008 4698 1286 4769 μαρτυρία
1330 4697 1425 4752 τοῦ
1458 4696 1617 4763 Θεοῦ,
1646 4700 1729 4753 ὅτι
1764 4708 1787 4737 ι·
1822 4716 1913 4770 με·

336 4784 659 4857 μαρτύρηκε
706 4787 836 4858 περὶ
883 4787 976 4840 τοῦ
1015 4787 1146 4840 Υίοῦ
1192 4788 1382 4842 αὑτοῦ.
1418 4789 1476 4842 Ὀ
1525 4790 1793 4844 πιστεύων
1837 4790 1918 4853 είς

332 4875 427 4927 τὸν
456 4874 586 4928 Υίὸν
614 4875 709 4929 τοῦ
750 4875 908 4953 Θεοῦ,
938 4877 1052 4947 ἔχει
1079 4876 1176 4948 τὴν
1213 4879 1521 4950 μαρτυρίαν
1566 4880 1659 4932 τοῦ
1690 4879 1826 4934 Θεοῦ
1861 4882 1919 4935 ὲν

334 4965 533 5037 ἑαυτῷ·
554 4967 583 5018 6
607 4967 681 5037 μὴ
700 4967 970 5022 πιστεύων
1000 4967 1126 5040 [εἰς]
1149 4969 1241 5022 τὸν
1264 4970 1411 5033 Υίὸν,
1431 4970 1667 5041 ψεύστην
1692 4972 1921 5042 πεποίη-

334 5073 434 5110 κεν
466 5057 649 5121 αὐτὸν,
679 5058 762 5111 ὅτι
786 5059 887 5111 οὐκ
910 5058 1231 5113 ἐπίστευσεν
1267 5062 1348 5124 εις
1373 5062 1474 5131 τὴν
1503 5062 1827 5133 μαρτυρίαν,
1853 5064 1919 5132 ἣν

337 5149 767 5221 μεμαρτύρηκεν
810 5153 839 5203 6
880 5151 1011 5214 Θεὸς
1041 5152 1168 5223 περὶ
1213 5152 1309 5206 τοῦ
1349 5153 1479 5206 Υίοῦ
1521 5154 1707 5207 αὑτοῦ.
1750 5174 1767 5207 ι
1802 5156 1919 5207 Με-

337 5240 660 5311 μαρτύρηκε
698 5239 776 5304 δὲ,
809 5241 891 5294 ὅτι
923 5236 1091 5304 Οὗτος
1118 5245 1146 5296 6
1178 5243 1315 5312 μετὰ
1368 5243 1589 5314 σαρκὸς,
1625 5244 1721 5297 καὶ
1750 5245 1808 5297 έν
1848 5247 1915 5315 τῇ

430 5400 647 5457 1".Ioan.
718 5417 758 5463 ι,

337 5486 501 5533 nm,
538 5473 592 5525 9.
685 5470 729 5502 ’θ’
780 5469 955 5525 Galat.
990 5486 1049 5534 ιι,
1093 5471 1180 5525 16.
1292 5474 1336 5504 ³³
1369 5475 1559 5528 Matth.
1587 5489 1723 5539 xvn,
1767 5476 1819 5529 ὃ.

822 5400 909 5463 12,
940 5399 1028 5455 15.
1105 5400 1146 5433 ³9
1188 5399 1395 5457 Coloss.
1423 5420 1463 5467 ι,
1498 5402 1584 5457 18.
1652 5405 1698 5436 ²⁰
1721 5404 1896 5460 Galat.
1929 5405 2073 5471 ιν,4.
2146 5405 2186 5435 ²¹
2228 5402 2391 5457 Hebr.
2421 5401 2621 5465 ιιιι,4.

2013 4521 2192 4567 autem
2233 4510 2502 4581 quomodo
2549 4509 2636 4563 hic
2674 4525 2777 4562 non
2819 4508 3008 4563 dicat:
3044 4505 3099 4559 In
3147 4507 3247 4561 hoc
3291 4514 3375 4558 est
3428 4504 3593 4558 Filius

2012 4620 2199 4672 meus;
2236 4620 2334 4660 nec
2386 4617 2630 4659 seorsum
2673 4611 2734 4656 ut
2776 4600 2913 4655 alter
2949 4601 3002 4654 in
3030 4598 3200 4654 altero
3243 4596 3591 4666 intelligatur,

2013 4699 2107 4752 sed
2147 4700 2440 4752 secundum
2468 4693 2918 4767 dispensatoriam
2952 4693 3204 4746 unionem
3247 4700 3387 4742 unus
3423 4689 3595 4741 idem;
3644 4678 3653 4686 ί

2013 4803 2119 4857 que
2171 4786 2492 4857 simpliciter
2560 4783 2880 4852 accipiatur.
2966 4779 3177 4846 Quanto
3233 4786 3410 4831 autem
3471 4791 3594 4830 cum

2021 4877 2335 4932 discrimine
2379 4888 2674 4944 errareque
2716 4872 3064 4949 coniunctum
3097 4872 3189 4935 sit,
3217 4870 3364 4924 hisee
3398 4866 3594 4931 obniti,

2021 4968 2072 5023 id
2100 4956 2331 5023 dilucide
2345 4963 2954 5028 demonstratJoannes,
2978 4965 3046 5017 ita
3081 4963 3328 5017 scribens
3357 4979 3370 5014 :
3402 4981 3421 5014 ι
3453 4962 3599 5029 Quo-

2019 5062 2161 5114 niam
2193 5062 2295 5114 hoe
2324 5068 2409 5114 cst
2441 5057 2810 5113 testimonium
2845 5057 2961 5118 Dei,
2998 5056 3141 5125 quod
3172 5065 3256 5110 est
3281 5055 3601 5110 testiﬁcatus

2017 5153 2085 5206 de
2113 5151 2251 5206 Filio
2281 5165 2403 5206 suo.
2444 5150 2546 5216 Qui
2585 5148 2759 5204 credit
2793 5149 2848 5203 in
2883 5147 3081 5201 Filium
3118 5147 3234 5213 Dei,
3263 5148 3425 5200 habet
3451 5146 3603 5199 testi-

2020 5244 2258 5297 monium
2313 5243 2401 5296 Dei
2452 5243 2505 5294 in
2548 5255 2628 5295 se.
2672 5239 2773 5305 Qui
2817 5252 2923 5293 non
2970 5237 3141 5293 credit
3178 5235 3333 5301 Filio,
3374 5235 3601 5288 menda-

2702 5403 2747 5435 "
2790 5398 2977 5454 Matth.
3023 5413 3137 5463 xxx,
3169 5396 3224 5452 4.
3325 5395 3371 5428 ’³
3395 5392 3591 5449 Matth.

1427 5628 1596 5683 Variae
1627 5628 1892 5684 lectiones
1932 5629 2131 5684 codicis
2183 5626 2543 5698 Seguieriaui.

430 5766 457 5796 θ
490 5764 567 5824 τίς
596 5760 777 5813 αὐτόν.
858 5770 885 5808 P
920 5759 1206 5830 κρείττονι.
1288 5772 1313 5811 ει
1352 5763 1444 5815 καὶ
1478 5763 1660 5825 αὐτός,
1741 5772 1762 5799 r
1804 5763 1890 5832 ἦν,
