4060 6424
514 403 653 475 I187

1552 402 1611 466 s.
1654 396 1932 467 crtum
1972 394 2444 462 ALEXANDRINI
2481 383 2803 459 ARClllEf’.

3658 393 3797 451 H88

512 546 632 587 cem
664 529 793 588 fecit
813 544 961 596 eum,
987 528 1114 599 quia
1146 542 1252 584 non
1286 526 1461 583 credit
1489 526 1542 583 in
1570 529 1939 584 testimonium
1959 527 2104 599 quod

2212 525 2303 579 τοῦ
2334 523 2520 579 δούλου
2560 526 2765 596 μορφῇ,
2791 519 3098 595 μοναδικῶς
3126 518 3223 574 καὶ
3267 518 3453 583 ὶδικῶς
3489 516 3620 588 ἐμὸς
3661 517 3798 584 ἀλη-

513 622 836 677 testillcatus
868 630 951 677 est
991 619 1136 675 Deus
1187 620 1255 675 de
1283 618 1421 675 Filio
1449 634 1551 675 suo
1573 620 1640 673 “.
1683 603 1703 670 ἱ
1757 618 2104 675 Testificatus

2205 617 2314 682 θῶς
2343 617 2489 681 Υἱός.
2520 617 2629 671 Καὶ
2653 615 2822 686 αὐτὴν
2853 614 2911 667 δὲ
2940 613 3040 685 τὴν
3064 612 3153 667 διά
3180 612 3276 666 τοῦ
3304 610 3458 681 ἁγίου
3486 609 3799 677 βαπτίσμα-

512 721 597 764 est
629 723 808 765 autem
842 726 991 779 eum,
1026 712 1120 778 qui
1153 724 1317 765 carne
1347 710 1639 779 servilique
1672 708 1847 765 forma
1887 710 2104 764 indutus

2212 727 2295 774 τος
2327 708 2527 763 εὐκλεᾶ
2554 709 2735 779 χάριν,
2775 706 2872 761 καὶ
2916 706 3015 777 τὴν
3040 705 3098 760 ἐν
3128 703 3278 776 αὐτῷ
3324 701 3678 773 ζωοποίησιν,
3705 700 3802 751 καὶ

513 805 783 870 apparuit,
818 804 998 867 unice.
1029 804 1250 874 proprie
1286 818 1351 858 ac
1381 817 1505 858 vere
1536 818 1695 858 suum
1726 817 1848 858 esse
1881 800 2100 856 Filium.

512 891 779 949 Praeterea
826 894 1095 948 illustrem
1128 893 1273 948 illam
1300 894 1444 947 sacri
1481 893 1824 964 baptismatis
1848 893 2100 963 gratiam,

511 1000 743 1053 qmcque
788 986 887 1054 ipsi
926 986 1165 1040 cohaeret
1204 985 1645 1051 vivificatiouem,
1675 994 1732 1041 et
1761 984 1853 1041 Dei
1884 985 2106 1056 partici-

512 1077 783 1146 pationem
815 1067 912 1147 per
940 1076 1423 1137 sanctificationem
1458 1077 1511 1130 in
1544 1076 1749 1147 Spiritu
1795 1090 1892 1147 per
1915 1075 2103 1132 Jesutn

510 1169 784 1222 Christum
841 1168 1000 1223 nobis
1058 1169 1362 1237 obtingere,
1430 1167 1725 1224 fatebimur
1769 1169 2101 1224 necessario.

509 1258 853 1315 Meminimus
916 1260 1059 1315 enim
1114 1258 1377 1314 Joannem
1420 1259 1688 1315 dicentem
1723 1278 1737 1315 :
1774 1277 1793 1311 ι
1831 1256 1934 1325 Qui
1984 1270 2107 1329 post

508 1365 594 1404 me
638 1361 899 1406 venturus
947 1361 1052 1416 est,
1101 1350 1293 1406 fortior
1337 1367 1422 1406 me
1468 1360 1571 1415 est,
1613 1351 1773 1422 cujus
1829 1367 1935 1407 non
1983 1368 2103 1407 sum

508 1437 703 1504 dignus
759 1437 1125 1493 calceatuenta
1176 1450 1444 1508 portare:
1496 1441 1600 1497 iste
1659 1456 1756 1496 vos
1812 1441 2107 1512 baptizabit

510 1527 718 1598 Spiritu
767 1541 955 1585 sancto
987 1540 1044 1586 et
1075 1532 1185 1600 igni
1217 1532 1285 1586 ’⁷.
1335 1550 1354 1584 ι
1409 1531 1529 1587 .lam
1572 1533 1663 1589 hic
1699 1540 1755 1589 te
1783 1533 2103 1605 interrogo:

510 1639 637 1678 num
677 1623 881 1692 Spiritu
912 1632 1106 1678 sancto
1138 1634 1193 1678 et
1216 1624 1324 1693 igni
1364 1623 1649 1693 baptizare
1684 1640 1844 1697 posse
1874 1641 2012 1696 opus
2034 1627 2108 1681 sit

502 1715 683 1769 solius
716 1717 964 1770 humana:
999 1715 1247 1771 natuer
1281 1716 1436 1783 Quis,
1464 1732 1671 1786 quaeso,
1697 1718 1842 1773 istud
1883 1718 2108 1773 credat?

506 1808 670 1876 Atqui
710 1809 884 1861 virum
921 1808 1070 1861 illum
1108 1808 1200 1877 qui
1238 1824 1362 1864 mox
1413 1809 1705 1864 adfuturus
1731 1824 1794 1865 ac
1841 1809 2106 1865 videndus

2203 801 2303 874 τὴν
2330 801 2466 855 Θεοῦ
2499 799 2719 871 μέθεξιν
2747 799 2817 852 δι’
2838 795 3116 869 ἀγιασμοῦ
3148 798 3205 850 ἐν
3233 794 3535 865 Πνεύματι,
3565 790 3654 845 διὰ
3695 790 3805 858 Ἰη-

2206 894 2301 948 σοῦ
2324 892 2564 965 Χριστοῦ
2593 890 2912 963 πεπρᾶχθαι
2933 887 3178 961 δώσομεν
3203 887 3540 957 ἀναγκαίως.
3566 884 3796 955 Μεμνή-

2210 985 2349 1058 μεθα
2373 986 2484 1055 γάρ
2519 984 2766 1038 Ἰωάννου
2796 982 3049 1052 λέγοντος
3073 998 3087 1011 ο
3118 999 3137 1033 ι
3193 980 3252 1034 '0
3291 980 3469 1032 ὀπίσω
3509 994 3612 1049 μου
3644 974 3803 1047 ἐρχό-

2210 1096 2393 1149 μενος,
2418 1076 2767 1148 ἰσχυρότερός
2796 1092 2900 1147 μου
2940 1075 3112 1139 ἐστὶν,
3143 1064 3205 1126 οὗ
3235 1073 3335 1125 οὐκ
3361 1070 3477 1142 είμὶ
3525 1068 3710 1131 ἱκανὸς
3732 1064 3802 1120 τά

2207 1171 2535 1242 ὑποδήματα
2555 1168 2845 1240 βαστάσαι’
2864 1170 3071 1232 ἐκεῖνος
3092 1166 3238 1238 ὑμᾶς
3259 1164 3518 1237 βαπτίσει
3538 1164 3596 1217 ἐν
3624 1158 3803 1214 Πνεύ-

2209 1279 2340 1333 ματι
2376 1261 2516 1333 ἀγίῳ
2545 1262 2640 1315 καί⁸
2668 1261 2855 1331 πυρί.»
2884 1254 3057 1331 τΔρα,
3085 1259 3210 1313 εἰπέ
3241 1274 3352 1328 μοι,
3382 1255 3485 1326 τῆς
3512 1253 3804 1326 καθ’ήμᾶς

2206 1353 2629 1427 ἀνθρωπότητος
2655 1352 2816 1425 ἔργον
2837 1350 2975 1407 εἷναί
2992 1368 3172 1423 φαμεν
3194 1351 3254 1404 τὸ
3275 1353 3333 1404 ἐν
3354 1347 3636 1420 Πνεύματι
3661 1345 3804 1417 ἁγίῳ

2208 1442 2493 1514 βαπτίζειν
2520 1444 2784 1498 δύνασθαι
2815 1445 2912 1497 καὶ
2940 1443 3075 1513 πυρί
3100 1460 3116 1510 ;
3156 1443 3268 1496 Kal.
3295 1440 3415 1505 πῶς
3447 1439 3515 1495 ἂν
3536 1440 3621 1512 εῖη
3642 1440 3802 1492 τοῦτό

2206 1555 2307 1609 γε;
2358 1539 2469 1594 Καὶ
2518 1539 2625 1611 μὴν
2674 1540 2844 1611 ἀνδρα
2889 1538 3067 1609 λέγων
3108 1537 3199 1592 τὸν
3243 1537 3370 1591 ὂσον
3409 1536 3625 1591 οὐδέπω
3658 1553 3803 1607 παρ-

2207 1632 2467 1703 εσόμενόν
2493 1648 2553 1685 τε
2575 1632 2669 1685 καὶ
2684 1630 3081 1703 ὀφθησόμενον,
3109 1630 3273 1685 αὐτὸν
3299 1629 3404 1700 ἔφη
3432 1627 3716 1700 βαπτίζειν
3743 1631 3801 1680 ἐν

2208 1723 2342 1794 πυρὶ
2374 1722 2469 1776 καὶ
2507 1722 2651 1792 ἁγίῳ
2681 1720 2981 1791 Πνεύματι,
3011 1720 3073 1773 οὐ
3120 1718 3182 1774 τὸ
3225 1718 3508 1790 ἀλλότριον
3554 1718 3669 1780 τοῖς
3702 1715 3803 1787 βα-

2210 1813 2555 1885 πτιζομένοις
2581 1812 2791 1867 ἐνιέντα
2816 1812 3043 1882 Πνεῦμα
3065 1808 3451 1881 δουλοπρεπῶς
3480 1810 3574 1863 καὶ
3604 1810 3806 1879 ὑπουρ-

507 1910 644 1961 erat,
677 1896 881 1967 Spiritu
910 1908 1100 1964 sancto
1126 1911 1179 1953 et
1215 1899 1339 1970 igne
1372 1900 1776 1969 baptizaturum
1809 1901 2102 1969 prmdicat:

2212 1905 2405 1974 γικῶς,
2432 1904 2547 1958 ἀλλ’
2565 1905 2657 1969 -ὼς
2681 1903 2816 1958 Θεὸν
2868 1903 3014 1957 κατὰ
3047 1902 3210 1972 φύσιν
3249 1904 3371 1974 μετ’
3420 1901 3667 1969 ἐξουσίας
3701 1900 3804 1969 τῆς

507 1991 704 2058 quippe
731 2006 853 2045 cum
903 1992 1159 2045 immittat
1189 1990 1452 2061 Spiritum
1485 1990 1796 2060 baptizatis,
1833 2006 1939 2046 non
1973 1990 2107 2046 alie-

511 2097 663 2147 num,
697 2093 757 2137 ut
780 2099 972 2138 servus
1006 2093 1058 2139 et
1098 2084 1362 2147 minister,
1401 2083 1493 2137 sed
1528 2093 1586 2137 ut
1618 2083 1762 2137 Deus
1797 2070 2102 2137 secundum

406 2200 413 2207 -
510 2188 757 2234 naturain
806 2190 928 2229 cum
969 2190 1178 2229 summa
1227 2183 1492 2244 potestate
1516 2184 1569 2228 et
1600 2176 1928 2229 auctoritate
1980 2191 2103 2229 eum

512 2270 604 2338 qui
670 2284 734 2323 ex
791 2268 884 2322 illo
915 2278 997 2323 est
1052 2279 1108 2322 et
1166 2268 1335 2337 ipsius
1372 2275 1456 2321 est
1486 2268 1761 2338 prOprius.
1825 2265 1929 2321 Per
1964 2268 2106 2321 hunc

508 2377 728 2432 quoque
764 2362 980 2415 divinus
1017 2362 1305 2415 character
1333 2359 1491 2414 nobis
1531 2359 1899 2427 imprimitur;
1937 2359 2106 2414 refor-

508 2465 727 2504 mamur
755 2449 899 2504 enim
928 2450 982 2502 in
1021 2447 1303 2502 Christum
1334 2445 1543 2514 Jesum,
1577 2446 1744 2501 veluti
1781 2449 1834 2500 in
1865 2448 2101 2501 divinam

510 2543 803 2610 quamdam
831 2541 1125 2610 imaginem
1159 2554 1174 2592 :
1212 2553 1319 2592 non
1343 2540 1488 2607 quod
1523 2551 1839 2607 corpoream
1870 2538 2105 2607 aliquam

511 2632 1013 2685 conformationem
1062 2632 1353 2685 subeamus
1393 2630 1582 2700 (istud
1624 2645 1861 2699 namque
1894 2632 2105 2702 Opinari

511 2724 757 2792 desipere
785 2723 998 2795 esset);
1028 2724 1120 2778 sed
1168 2724 1311 2793 quod
1343 2723 1580 2793 Spiritus
1610 2725 1782 2779 sancti
1811 2725 2106 2795 participes

510 2813 710 2880 ell‘ecti,
753 2817 926 2885 ipsum
954 2816 1005 2869 iu
1035 2815 1191 2869 nobis
1234 2814 1518 2869 Christum
1575 2815 1894 2881 habeamus,
1935 2816 2007 2869 ita
2049 2826 2110 2871 ut

2210 1996 2475 2050 ἀνωτάτω
2504 1996 2564 2049 τὸ
2596 1995 2656 2061 ἐξ
2699 1994 2867 2049 αὐτοῦ
2900 2012 2958 2048 τε
2999 1995 3093 2049 καί
3126 1995 3258 2048 ῖδιον
3286 1993 3450 2048 αὐτοῦ
3473 2010 3488 2026 ο
3518 1993 3587 2047 δι’
3616 1985 3678 2046 οὗ
3709 1991 3806 2045 καὶ

2211 2089 2240 2140 6
2279 2089 2422 2152 θεῖος
2468 2089 2601 2159 ἡμῖν
2648 2087 3041 2158 ἐνσημαίνεται
3074 2088 3387 2160 χαρακτήρ.
3427 2085 3804 2157 Ἀναμορφού-

2217 2179 2357 2248 μεθα
2387 2180 2518 2253 γὰρ,
2543 2179 2619 2244 ὡς
2644 2180 2725 2244 εἰς
2752 2178 2936 2233 είκόνα
2968 2179 3066 2251 τὴν
3098 2180 3268 2245 Θείαν,
3304 2182 3385 2244 είς
3414 2179 3648 2251 Χριστὸν
3693 2179 3805 2249 ἰη-

2216 2270 2365 2336 σοῦν,
2430 2272 2491 2324 οὐ
2545 2272 2860 2342 σωματικὸν
2908 2272 3273 2342 ὑπομένοντες
3312 2271 3403 2325 τὸν
3445 2271 3806 2341 ἀναπλασμὸν

2213 2362 2431 2434 (κομιδῇ
2448 2363 2557 2436 γάρ
2575 2363 2769 2434 εὔηθες
2800 2363 3011 2417 οἴεσθαι
3035 2362 3343 2434 ταυτὶ),διά
3365 2362 3422 2417 δὲ
3450 2361 3542 2415 τοῦ
3575 2362 3808 2433 μεταλα-

2211 2456 2327 2525 χεῖν
2358 2455 2514 2522 ἁγίου
2541 2454 2880 2527 Πνεύματος,
2913 2454 3077 2508 αὐτὸν
3111 2456 3169 2508 ἐν
3202 2455 3417 2517 ἑαυτοῖς
3446 2452 3807 2519 πλουτοῦντες

2211 2545 2477 2616 Χριστόνο
2516 2545 2590 2610 ὡς
2619 2546 2719 2617 ἤδη
2750 2547 3042 2618 χαίροντας
3066 2547 3245 2601 ἐκεῖνο
3279 2550 3478 2618 φωνεῖν
3497 2564 3510 2578 ’
3545 2567 3564 2600 ι
3610 2547 3810 2617 ’Δγαλ-

2211 2636 2417 2690 λιάσθω
2443 2638 2475 2708 ἡ
2502 2638 2647 2709 ψυχή
2701 2656 2805 2709 μου
2841 2639 2934 2691 ἐπὶ
2972 2637 3049 2709 τῷ
3076 2637 3267 2710 Κυρίῳ
3287 2655 3300 2669 ’
3345 2638 3563 2693 ἐνέδυσε
3593 2637 3705 2709 γάρ
3737 2654 3807 2709 με

2215 2728 2432 2800 ἱμάτιον
2463 2728 2753 2799 σωτηρίου,
2784 2732 2878 2783 καὶ
2922 2729 3127 2802 χιτῶνα
3164 2730 3523 2803 εὐφροσύνης.
3547 2761 3619 2771 —
3647 2730 3808 2785 Ὅσοι

2213 2820 2323 2890 γάρ
2346 2822 2426 2885 εἰς
2453 2821 2688 2894 Χριστὸν
2712 2822 3099 2893 ἐϐαπτίσθητε,
3135 2824 3374 2896 Χριστὸν
3397 2823 3741 2880 ἐνεδύσασθε.
3779 2842 3801 2877 ο

506 2907 618 2975 jam
667 2909 793 2963 illud
863 2910 1236 2978 propheticum
1278 2908 1603 2963 laetabuudis
1655 2917 1880 2963 cantare
1923 2908 2085 2964 liceat
2126 2929 2140 2965 :
2188 2932 2206 2964 ι
2248 2913 2494 2969 Exsultet
2541 2915 2721 2969 anima
2758 2931 2876 2972 mea
2934 2917 2986 2970 in
3022 2917 3290 2973 Domino:
3324 2918 3498 2974 induit
3529 2919 3673 2975 enim
3719 2929 3809 2973 me

510 3001 712 3053 amictu
753 3000 965 3065 salutis,
995 2999 1243 3067 stnlaque
1284 2998 1480 3053 laetitia:
1509 3000 1650 3053 ²⁸.-
1674 2999 2002 3069 Quicunque
2062 3001 2207 3055 enim
2259 3003 2313 3057 in
2349 3004 2569 3060 Christo
2602 3005 2857 3075 baptizati
2885 3007 3041 3070 estis,
3074 3007 3354 3064 Christum
3396 3009 3649 3066 induistis
3673 3013 3744 3067 ”.
3782 3024 3804 3059 ι

582 3091 845 3150 XXXVII.
888 3094 1041 3161 Quod
1084 3096 1125 3149 si
1157 3094 1281 3164 quis
1309 3093 1539 3150 ulterius
1581 3096 1923 3166 interroget:
1965 3092 2102 3149 Num

2284 3095 2405 3151 AZ'.
2440 3098 2502 3151 Εί
2535 3098 2592 3152 δὲ
2613 3098 2677 3170 δή
2708 3117 2791 3165 τις
2819 3099 2997 3171 ἔροιτο
3025 3095 3266 3172 προσιών
3291 3118 3305 3132 ·
3328 3096 3455 3174 Ἆρ’
3485 3098 3579 3158 οῦν
3608 3106 3691 3170 είς
3711 3108 3810 3162 ἀν’

510 3203 640 3259 ergo
667 3189 718 3241 in
744 3187 1015 3242 hominem
1062 3185 1323 3255 baptizati
1371 3186 1612 3240 smnus?
1657 3188 1722 3241 Et
1749 3187 1851 3242 hoc
1893 3187 2106 3243 inlicia-

2214 3187 2433 3261 θριυπον
2456 3189 2869 3262 βεϐαπτίσμεθα
2894 3210 2909 3257 ;
2935 3192 3045 3245 Ka‘t
3070 3191 3229 3246 τοῦτο
3253 3188 3394 3249 εἶναι
3413 3196 3658 3266 φήσομεν
3679 3198 3815 3269 ἀλή-

510 3280 611 3337 l-or
669 3281 909 3334 minime.
968 3269 1078 3351 34
1147 3279 1252 3333 Sed
1297 3278 1400 3333 hoc
1462 3294 1489 3330 a
1558 3280 1714 3335 nobis
1783 3295 2105 3349 responsum

512 3374 697 3429 audiet
761 3391 774 3427 :
831 3375 982 3427 Heus
1052 3384 1141 3435 ιιι,
1207 3372 1455 3441 quisquis
1498 3387 1589 3436 es,
1660 3373 1789 3442 quid
1864 3372 2111 3429 moliris?

515 3468 658 3519 itane
716 3481 932 3520 onmem
998 3480 1150 3533 spent
1216 3465 1267 3516 in
1324 3473 1522 3519 terram
1564 3464 1885 3520 detrahis?
1923 3464 2108 3534 Bapti-

514 3558 622 3612 zati
666 3572 797 3612 s-ine
849 3570 1040 3609 sumus
1082 3569 1184 3607 non
1241 3554 1293 3607 in
1333 3554 1603 3608 hominem
1644 3554 1983 3623 simpliciter,
2020 3569 2111 3611 ve-

515 3665 638 3705 rum
659 3651 710 3703 in
734 3647 902 3702 Deum
924 3647 1197 3701 hominem
1220 3645 1445 3711 factum,
1460 3646 1548 3716 qui
1571 3660 1778 3715 pennas,
1796 3656 2110 3717 veteresque

514 3755 689 3795 noxas
722 3739 788 3793 iis
809 3737 901 3808 qui
930 3736 1086 3791 fidem
1114 3736 1166 3789 in
1193 3735 1338 3789 illum
1385 3735 1861 3805 praestolabantur,
1887 3736 1970 3792 vel
2009 3753 2109 3807 ρο-

519 3832 626 3885 tius
665 3828 927 3900 complexi
976 3834 1124 3894 sunt,
1157 3826 1400 3881 remittit.
1463 3826 1611 3881 Unde
1650 3826 1869 3882 divinus
1913 3826 2110 3883 Petrus

516 3922 731 3978 Iudaeos
760 3923 833 3976 ita
862 3921 1159 3991 alloquitur
1185 3938 1197 3974 :
1240 3938 1257 3971 ι
1289 3918 1673 3973 Paenitentiam
1702 3920 1865 3990 agite,
1892 3930 1946 3975 et
1975 3920 2108 3991 bap-

519 4017 714 4070 Iizetur
740 4012 1118 4082 unusquisque
1147 4021 1389 4064 vestrum
1426 4011 1477 4064 in
1509 4013 1731 4065 nomine
1753 4009 1882 4066 Jesu
1907 4010 2110 4067 Christi

518 4107 571 4161 in
604 4105 974 4159 remissionem
1013 4099 1360 4171 peccatorum
1401 4112 1751 4169 vestrorum;
1789 4112 1843 4157 ct
1876 4103 2111 4173 accipio.

519 4199 589 4252 tis
617 4198 817 4251 donum
860 4196 1095 4263 Spiritus
1124 4194 1296 4248 sancti
1321 4192 1385 4246 “.
1434 4210 1453 4245 ι
1505 4192 1730 4248 Peccata
1769 4209 2003 4262 namque
2044 4194 2110 4250 iis

519 4289 610 4353 qui
648 4290 720 4342 illi
763 4288 1062 4351 adhaerent,
1117 4285 1451 4349 condonans,
1492 4299 1590 4339 suo
1635 4301 1760 4340 mox
1817 4285 1969 4354 ungit
2014 4300 2110 4341 eos

517 4384 736 4455 Spiritu,
778 4396 940 4452 quem
972 4378 1191 4450 quidem
1232 4389 1293 4431 ιιι
1323 4377 1413 4431 Dei
1464 4376 1641 4433 Patris
1697 4378 1936 4433 Verbum
1998 4378 2111 4448 ipse

517 4476 785 4539 lmntittit,
815 4485 867 4528 ct
892 4489 955 4529 ex
984 4472 1198 4543 propria
1233 4481 1428 4525 natura
1470 4470 1522 4523 in
1558 4486 1657 4525 nos
1687 4471 1840 4539 quasi
1866 4486 1931 4524 ex
1962 4469 2110 4525 fonte

2212 3282 2363 3337 θειαν
2390 3293 2437 3348 ³,
2472 3285 2568 3338 καὶ
2597 3284 2736 3356 πρὸς
2764 3284 2922 3356 ἡμῶν
2942 3284 3334 3341 ἀντακούσεται
3357 3304 3371 3318 ⁸
3402 3289 3679 3360 Εὐφήμει,
3709 3292 3809 3347 ἄν·-

2212 3375 2399 3447 θρωπε
2421 3390 2435 3406 ⁸
2477 3376 2531 3429 τί
2578 3376 2733 3448 δρᾷς,
2762 3371 2809 3431 ὦ
2848 3369 3025 3442 οὗτος,
3060 3379 3446 3449 κατακομίζων
3484 3382 3501 3418 ι
3529 3381 3692 3453 ἡμῶν
3726 3385 3813 3448 είς

2211 3471 2315 3541 γῆν
2345 3470 2446 3540 τὴν
2478 3468 2704 3532 ἐλπίδας
2736 3469 3160 3541 Βεϐαπτίσμεθα
3207 3470 3315 3542 γάρ
3347 3472 3446 3526 οὐκ
3473 3476 3553 3537 είς
3594 3475 3813 3545 ἀνθρωέ

2213 3577 2312 3613 πον
2333 3560 2539 3624 ἁπλῶς,
2561 3560 2677 3615 ἀλλ’
2698 3561 2776 3624 είς
2795 3560 2927 3615 Θεὸν
2952 3561 3437 3634 ἐνηνθρωπηκότα,
3464 3565 3560 3619 καὶ
3583 3566 3811 3621 ἀνιέντα

2212 3649 2405 3719 ποινῆς
2430 3656 2482 3713 τι,
2522 3648 2620 3702 καὶ
2644 3648 2751 3701 τῶν
2779 3649 3025 3720 ἀρχαίων
3058 3650 3403 3721 αίτιαμάτων
3441 3653 3568 3717 τοὺς
3595 3654 3696 3725 τὴν
3725 3656 3809 3719 είς

2211 3739 2375 3793 αὐτὸν
2406 3739 2589 3794 πίστιν
2618 3740 3040 3811 ὲκδεδεγμένους
3072 3751 3121 3807 τ,
3147 3741 3352 3814 μᾶλλον
3372 3742 3428 3798 δὲ
3458 3744 3804 3816 είσδεδεγμέ-

2212 3844 2361 3897 νους⁶
2391 3832 2485 3886 καὶ
2507 3832 2637 3900 γοῦν
2658 3833 2686 3884 6
2713 3832 2999 3897 θεσπέσιος
3026 3834 3232 3905 Πέτρος
3265 3834 3540 3898 Ἰουδαίοις
3566 3836 3799 3908 προσλα-

2211 3924 2320 3978 λῶν
2338 3925 2440 3997 ἔφη
2460 3941 2473 3954 ·
2501 3943 2518 3977 ι
2545 3926 2934 3997 Μετανοήσατε
2955 3923 3070 3995 οὖν,
3090 3928 3184 3981 καί⁵
3207 3926 3562 4000 βαπτισθήτω
3576 3928 3802 3995 ἕκαστος

2214 4012 2368 4085 ὑμῶν
2419 4016 2517 4068 ἐπὶ.
2569 4016 2647 4086 τῷ
2702 4016 2929 4087 ὀνόματι
2977 4015 3154 4088 Ἰησοῦ
3198 4015 3435 4088 Χριστοῦ
3482 4018 3562 4081 είς
3607 4018 3805 4087 ἄφεσιν

2213 4107 2498 4178 ἁμαρτιῶν
2533 4108 2717 4178 ὑμῶν·
2754 4108 2848 4162 καὶ
2869 4107 3106 4180 λήψεσθε
3140 4108 3239 4180 τὴν
3274 4107 3483 4181 δωρεὰν
3516 4108 3611 4163 τοῦ
3644 4110 3804 4178 ἁγίου

2212 4198 2552 4268 Πνεύματος.
2601 4217 2620 4251 ι
2675 4197 2952 4252 Ἀπολύων
3002 4197 3109 4271 γὰρ
3165 4198 3445 4269 ἁμαρτίας
3508 4198 3601 4252 τὸν
3652 4198 3808 4270 αὐτῷ

2213 4289 2634 4362 προσκείμενον,
2674 4288 2752 4360 τῷ
2776 4288 2892 4360 ἰδίῳ
2927 4289 3113 4343 λοιπὸν
3150 4288 3438 4360 καταχρίει
3479 4289 3762 4360 Πνεῦματι
3787 4331 3804 4355 ,

2211 4380 2349 4451 ὅπερ
2383 4381 2560 4451 ἐνίησι
2610 4379 2708 4450 μὲν
2737 4380 2924 4446 αὐτὸς,
2951 4380 3025 4443 ὡς
3065 4381 3131 4433 ἐκ
3174 4379 3308 4433 Θεοῦ
3342 4380 3561 4452 Πατρὺς
3607 4382 3807 4449 Λόγος,

2213 4472 2308 4524 καὶ
2358 4471 2420 4537 ἐξ
2467 4472 2605 4534 ἰδίας
2650 4473 2782 4542 ἡμῖν
2834 4470 3182 4543 ἀναπηγάζει
3222 4471 3458 4540 φύσεως.
3511 4472 3708 4531 Κοινὸν
3748 4473 3810 4528 δέ

420 4628 425 4631 _
517 4569 752 4640 quodam
794 4565 1121 4636 transfutulit
1163 4582 1176 4618 :
1217 4564 1521 4634 quinetiam
1561 4562 1819 4625 facultate
1851 4563 1949 4618 hac
1994 4577 2106 4632 pro-

2214 4560 2405 4630 ὥσπερ
2450 4559 2513 4612 τὸ
2561 4559 2751 4631 χρῆμα
2781 4558 2951 4623 τιθεὶς
2992 4561 3058 4630 τῇ
3092 4557 3230 4630 μετὰ
3267 4557 3470 4630 σαρκὸς
3521 4558 3812 4631 οἰκονομίᾳ.

517 4672 636 4733 pter
704 4660 959 4715 unionem
999 4668 1053 4712 et
1096 4656 1492 4713 incarnationis
1544 4655 1930 4722 mconomiam,
1979 4671 2102 4710 cum

2212 4653 2301 4707 διὰ
2325 4652 2424 4723 τὴν
2472 4651 2686 4715 ἕνωσιν,
2726 4653 2822 4706 καὶ
2863 4652 2939 4715 ὡς
2973 4652 3259 4724 ἄνθρωπος
3314 4649 3529 4705 ἐνέπνει
3562 4667 3814 4721 σωματι-

518 4756 738 4810 homine
761 4753 1182 4815 communicata,
1208 4748 1566 4819 corporaliter
1598 4762 1818 4818 quoque
1848 4756 1910 4801 ut
1946 4748 2106 4801 homo

2216 4745 2361 4809 κῶς·
2398 4744 2699 4815 ἐνεφύσησε
2729 4745 2836 4817 γάρ
2866 4746 2979 4810 τοῖς
3012 4743 3187 4813 ἁγίοις
3212 4742 3554 4806 ἀποστόλοις,
3596 4743 3771 4798 είπὼν
3791 4760 3810 4779 ο

520 4844 854 4915 inSpirabat;
896 4841 1189 4897 insulllavit
1243 4840 1389 4895 cnim
1441 4837 1496 4893 in
1544 4846 1762 4893 sanctos
1812 4835 2106 4907 apostolus,

2222 4858 2241 4891 ι
2276 4838 2483 4893 Λάϐετε
2531 4837 2755 4908 Πνεῦμα
2787 4839 2963 4906 ἅγιον.
3007 4855 3025 4889 ι
3058 4837 3167 4891 Ka‘t
3201 4854 3219 4888 ι
3249 4837 3352 4890 οὐκ
3393 4838 3457 4889 ἐκ
3490 4836 3695 4906 μέτρου
3724 4836 3814 4889 δί-

521 4936 735 4990 dicens:
761 4953 779 4986 ι
800 4933 1042 5002 Accipite
1065 4931 1329 5000 Spiritum
1347 4937 1597 4984 sanctum
1615 4928 1679 4981 ".
1708 4946 1728 4979 ι
1756 4926 1862 4982 Sed
1887 4944 1906 4977 ι
1934 4941 2106 4996 neque

2212 4929 2366 4997 δωσι,
2398 4948 2417 4981 ι
2471 4929 2609 4983 κατὰ
2639 4928 2738 5000 τὴν
2760 4929 3030 4983 -Ἰωάννου
3056 4930 3262 4999 φωνὴν,
3292 4928 3355 4981 τὸ
3388 4927 3638 4997 Πνεῦμα,
3688 4928 3813 4981 ἀλλ’

518 5042 585 5081 ex
611 5039 865 5080 mensura
910 5026 1001 5078 dat
1035 5022 1319 5092 Spiritum,
1353 5041 1371 5075 ι
1400 5020 1557 5091 juxta
1584 5019 1811 5076 Joannis
1831 5034 2015 5073 vocem
2037 5017 2106 5084 ³¹,

2215 5022 2377 5085 αὐτὸς
2401 5023 2609 5092 ἐνίησιν
2638 5021 2697 5086 ἐξ
2722 5021 2943 5087 ἑαυτοῦ,
2980 5020 3234 5091 καθάπερ
3281 5018 3476 5089 ἀμέλει
3513 5018 3607 5072 καὶ
3635 5020 3665 5071 6
3691 5019 3814 5071 Πα-

518 5118 612 5171 scd
646 5132 710 5171 ex
749 5130 810 5170 se
866 5131 971 5168 non
1022 5128 1182 5169 secus
1214 5129 1277 5167 ac
1319 5112 1482 5168 Pater
1537 5114 1789 5167 eumdem
1854 5107 2106 5164 infundit.

2218 5116 2343 5183 τήρ.
2374 5114 2485 5167 Kal.
2507 5113 2637 5181 γοῦν
2660 5115 2688 5166 6
2733 5112 3023 5176 θεσπέσιος
3054 5111 3287 5175 Παῦλος,
3323 5110 3451 5181 ὃλην
3493 5110 3815 5180 ἀποστήσας

525 5210 677 5266 Unde
717 5224 947 5278 magnus
970 5208 1056 5261 ille
1077 5207 1279 5263 Paulus
1303 5216 1468 5262 totam
1496 5207 1638 5261 hanc
1668 5203 2106 5262 controversiam

2218 5204 2318 5275 τὴν
2340 5203 2396 5257 ἐν
2426 5221 2490 5273 γε
2516 5204 2691 5275 τούτῳ
2719 5203 3007 5277 διαφοράν,
3039 5202 3172 5255 ποτὲ
3209 5203 3308 5275 μὲν
3336 5200 3485 5272 αὐτῷ
3526 5214 3554 5241 ι
3585 5199 3664 5271 τῷ
3691 5199 3817 5269 Θεῷ

520 5315 552 5354 o
583 5302 759 5356 medio
784 5301 994 5363 tollens,
1039 5300 1197 5353 modo
1238 5299 1500 5368 Spiritum
1543 5298 1648 5352 Deo
1672 5308 1728 5353 et
1757 5296 1926 5364 Patri,
1951 5297 2106 5351 modo

2219 5296 2315 5350 καὶ
2358 5296 2535 5366 Πατρὶ
2588 5294 2913 5365 προσνέμων
2949 5294 3165 5364 ὁρᾶται,
3194 5294 3323 5348 ποτὲ
3364 5293 3408 5346 δ’
3447 5288 3514 5345 αὖ
3541 5291 3622 5362 τῷ
3674 5292 3811 5360 Υίῴ.

525 5405 740 5446 rursum
784 5391 886 5460 ipsi
926 5390 1061 5447 Ftlio
1097 5389 1309 5445 tribuit.
1363 5386 1455 5442 Sic
1493 5389 1635 5443 enim
1674 5383 1901 5444 scribit:
1937 5407 1957 5440 ι
2000 5386 2106 5444 Vos

2220 5386 2428 5459 Γράφει
2476 5386 2582 5458 γὰρ
2621 5380 2755 5439 ὧδεο
2797 5405 2815 5437 ι
2865 5387 3053 5456 Ὑμεῖς
3100 5385 3156 5438 δέ
3202 5385 3303 5438 οὐκ
3352 5372 3475 5437 ἐστέ
3526 5385 3586 5437 ἐν
3619 5384 3820 5461 σαρκὶ,

594 5543 641 5575 ²⁶
665 5544 681 5598 l
703 5540 861 5600 Joan.
899 5560 950 5611 v,
982 5546 1035 5610 9,
1072 5546 1158 5598 lO.
1189 5579 1207 5587 ι
1237 5543 1280 5573 ³⁷
1321 5541 1509 5595 Matth.
1540 5557 1622 5608 ιιι,
1663 5544 1749 5596 ll.
1793 5543 1838 5574 ’⁸
1870 5542 2010 5598 Psal.
2036 5558 2104 5597 xx

2212 5542 2301 5607 ,9.
2346 5543 2390 5574 "
2415 5542 2592 5596 Galat.
2623 5558 2705 5607 ιιι,
2731 5542 2818 5595 Ἥ.
2870 5541 2913 5571 ³⁰
2951 5542 3077 5595 Act.
3113 5556 3169 5605 ll,
3200 5538 3291 5595 28.
3335 5540 3376 5572 ³¹
3406 5540 3561 5595 Joan.
3591 5555 3682 5603 xx,
3713 5539 3811 5593 22.
3892 5577 3912 5593 .

1623 5697 1796 5753 Variae
1827 5699 2083 5753 lectiones
2138 5700 2342 5755 codicis
2374 5698 2736 5770 Segutcriani.

486 5824 509 5843 ’
602 5842 625 5875 ³
662 5837 885 5910 ἀληθές.
969 5833 1421 5905 ίκατακομίξεις.
1500 5849 1523 5876 υ
1557 5836 1775 5890 ποινῶν.
1855 5845 1879 5869 τ
1917 5835 2106 5888 εἴσδεδι

2212 5836 2360 5899 ἐνους
2395 5835 2599 5906 absque
2632 5836 2756 5889 alits
2791 5835 2993 5891 verbis.
3080 5845 3104 5873 ι
3132 5830 3285 5884 αὐτό.
