  <div class='ocr_page' id='page_1' title='image "/cluster/home/n/w/nwhite01/storage/ocr_20150623/76:no.9/coo.31924054869775/602.png"; bbox 0 0 4060 6414; ppageno 0'>
   <div class='ocr_carea' id='block_1_1' title="bbox 326 396 469 459">
    <p class='ocr_par' dir='ltr' id='par_1_1' title="bbox 326 396 469 459">
     <span class='ocr_line' id='line_1_1' title="bbox 326 396 469 459; baseline 0 -1"><span class='ocrx_word' id='word_1_1' title='bbox 326 396 469 459; x_wconf 73' lang='lat' dir='ltr'><strong>H89</strong></span> 
     </span>
    </p>
   </div>
   <div class='ocr_carea' id='block_1_2' title="bbox 1297 392 2651 499">
    <p class='ocr_par' dir='ltr' id='par_1_2' title="bbox 1297 392 2651 499">
     <span class='ocr_line' id='line_1_2' title="bbox 1297 392 2651 499; baseline -0.003 -43"><span class='ocrx_word' id='word_1_2' title='bbox 1297 401 1386 458; x_wconf 89' lang='lat' dir='ltr'><strong>DE</strong></span> <span class='ocrx_word' id='word_1_3' title='bbox 1426 399 1655 458; x_wconf 79' lang='lat' dir='ltr'><strong>RECTA</strong></span> <span class='ocrx_word' id='word_1_4' title='bbox 1694 395 1852 454; x_wconf 86' lang='lat' dir='ltr'><strong>FIDE</strong></span> <span class='ocrx_word' id='word_1_5' title='bbox 1892 394 1983 450; x_wconf 81' lang='lat' dir='ltr'><strong>Ai)</strong></span> <span class='ocrx_word' id='word_1_6' title='bbox 2022 392 2470 499; x_wconf 40' lang='lat' dir='ltr'><strong>TllEOI)OSiI’JM</strong></span> <span class='ocrx_word' id='word_1_7' title='bbox 2511 393 2651 452; x_wconf 82' lang='lat' dir='ltr'><strong>IMP.</strong></span> 
     </span>
    </p>
   </div>
   <div class='ocr_carea' id='block_1_3' title="bbox 3468 400 3612 457">
    <p class='ocr_par' dir='ltr' id='par_1_3' title="bbox 3468 400 3612 457">
     <span class='ocr_line' id='line_1_3' title="bbox 3468 400 3612 457; baseline 0.014 -1"><span class='ocrx_word' id='word_1_8' title='bbox 3468 400 3612 457; x_wconf 76' lang='lat' dir='ltr'><strong>H90</strong></span> 
     </span>
    </p>
   </div>
   <div class='ocr_carea' id='block_1_4' title="bbox 326 500 1926 597">
    <p class='ocr_par' dir='ltr' id='par_1_4' title="bbox 326 520 1913 597">
     <span class='ocr_line' id='line_1_4' title="bbox 326 520 1913 597; baseline -0.006 -17"><span class='ocrx_word' id='word_1_9' title='bbox 326 527 444 580; x_wconf 78' lang='grc' dir='ltr'>ἀλλ’</span> <span class='ocrx_word' id='word_1_10' title='bbox 492 526 551 579; x_wconf 82' lang='grc' dir='ltr'>ὲν</span> <span class='ocrx_word' id='word_1_11' title='bbox 585 523 897 597; x_wconf 83' lang='grc' dir='ltr'>Πνεύματι,</span> <span class='ocrx_word' id='word_1_12' title='bbox 939 524 1098 597; x_wconf 80' lang='grc' dir='ltr'>εἰπερ</span> <span class='ocrx_word' id='word_1_13' title='bbox 1145 523 1374 595; x_wconf 80' lang='grc' dir='ltr'>Πνεῦμα</span> <span class='ocrx_word' id='word_1_14' title='bbox 1423 522 1560 578; x_wconf 89' lang='grc' dir='ltr'>Θεοῦ</span> <span class='ocrx_word' id='word_1_15' title='bbox 1609 521 1810 575; x_wconf 80' lang='grc' dir='ltr'><strong>ἐνοικεῖ</strong></span> <span class='ocrx_word' id='word_1_16' title='bbox 1855 520 1913 571; x_wconf 85' lang='grc' dir='ltr'>ὲν</span> 
     </span>
    </p>
   </div>
   <div class='ocr_carea' id='block_1_5' title="bbox 2031 500 3608 597">
    <p class='ocr_par' dir='ltr' id='par_1_5' title="bbox 2031 500 3608 592">
     <span class='ocr_line' id='line_1_5' title="bbox 2031 500 3608 592; baseline 0.008 -24"><span class='ocrx_word' id='word_1_17' title='bbox 2031 523 2199 569; x_wconf 82' lang='lat' dir='ltr'><strong>uitem</strong></span> <span class='ocrx_word' id='word_1_18' title='bbox 2241 516 2293 569; x_wconf 92' lang='lat' dir='ltr'><strong>in</strong></span> <span class='ocrx_word' id='word_1_19' title='bbox 2335 530 2498 571; x_wconf 85' lang='lat' dir='ltr'><strong>carne</strong></span> <span class='ocrx_word' id='word_1_20' title='bbox 2522 533 2626 572; x_wconf 91' lang='lat' dir='ltr'><strong>non</strong></span> <span class='ocrx_word' id='word_1_21' title='bbox 2660 500 2814 584; x_wconf 82' lang='lat' dir='ltr'><strong>estis,</strong></span> <span class='ocrx_word' id='word_1_22' title='bbox 2855 518 2948 575; x_wconf 92' lang='lat' dir='ltr'><strong>sed</strong></span> <span class='ocrx_word' id='word_1_23' title='bbox 2978 520 3033 575; x_wconf 91' lang='lat' dir='ltr'><strong>in</strong></span> <span class='ocrx_word' id='word_1_24' title='bbox 3068 519 3272 592; x_wconf 88' lang='lat' dir='ltr'><strong>Spiritu</strong></span> <span class='ocrx_word' id='word_1_25' title='bbox 3304 536 3319 575; x_wconf 90' lang='lat'><strong>:</strong></span> <span class='ocrx_word' id='word_1_26' title='bbox 3351 522 3399 578; x_wconf 89' lang='lat' dir='ltr'><strong>si</strong></span> <span class='ocrx_word' id='word_1_27' title='bbox 3426 531 3608 580; x_wconf 86' lang='lat' dir='ltr'><strong>tamen</strong></span> 
     </span>
    </p>
   </div>
   <div class='ocr_carea' id='block_1_6' title="bbox 326 606 1916 689">
    <p class='ocr_par' dir='ltr' id='par_1_6' title="bbox 326 606 1916 689">
     <span class='ocr_line' id='line_1_6' title="bbox 326 606 1916 689; baseline -0.005 -16"><span class='ocrx_word' id='word_1_28' title='bbox 326 619 476 689; x_wconf 82' lang='grc' dir='ltr'>ὑμῖν.</span> <span class='ocrx_word' id='word_1_29' title='bbox 514 617 584 671; x_wconf 64' lang='lat' dir='ltr'><strong>Et</strong></span> <span class='ocrx_word' id='word_1_30' title='bbox 607 635 692 681; x_wconf 88' lang='grc' dir='ltr'><strong>τις</strong></span> <span class='ocrx_word' id='word_1_31' title='bbox 718 617 776 672; x_wconf 81' lang='grc' dir='ltr'>δὲ</span> <span class='ocrx_word' id='word_1_32' title='bbox 803 616 1031 688; x_wconf 80' lang='grc' dir='ltr'><strong>Πνεῦμα</strong></span> <span class='ocrx_word' id='word_1_33' title='bbox 1056 614 1297 686; x_wconf 78' lang='grc' dir='ltr'>Χριστοῦ</span> <span class='ocrx_word' id='word_1_34' title='bbox 1324 615 1426 670; x_wconf 88' lang='grc' dir='ltr'><strong>ούκ</strong></span> <span class='ocrx_word' id='word_1_35' title='bbox 1459 614 1592 686; x_wconf 77' lang='grc' dir='ltr'>ἔχει,</span> <span class='ocrx_word' id='word_1_36' title='bbox 1629 606 1786 677; x_wconf 74' lang='grc' dir='ltr'>οὗτος</span> <span class='ocrx_word' id='word_1_37' title='bbox 1816 613 1916 666; x_wconf 82' lang='grc' dir='ltr'><strong>οὐκ</strong></span> 
     </span>
    </p>
   </div>
   <div class='ocr_carea' id='block_1_7' title="bbox 328 703 1916 778">
    <p class='ocr_par' dir='ltr' id='par_1_7' title="bbox 328 703 1916 778">
     <span class='ocr_line' id='line_1_7' title="bbox 328 703 1916 778; baseline -0.003 -17"><span class='ocrx_word' id='word_1_38' title='bbox 328 707 475 761; x_wconf 74' lang='grc' dir='ltr'>ἔστιν</span> <span class='ocrx_word' id='word_1_39' title='bbox 509 707 674 762; x_wconf 81' lang='grc' dir='ltr'>αὐτοῦ</span> <span class='ocrx_word' id='word_1_40' title='bbox 701 723 714 736; x_wconf 93' lang='grc'><strong>·</strong></span> <span class='ocrx_word' id='word_1_41' title='bbox 757 709 806 761; x_wconf 88' lang='grc' dir='ltr'><strong>εἰ</strong></span> <span class='ocrx_word' id='word_1_42' title='bbox 855 708 913 761; x_wconf 82' lang='grc' dir='ltr'>δὲ</span> <span class='ocrx_word' id='word_1_43' title='bbox 955 707 1191 778; x_wconf 76' lang='grc' dir='ltr'>Χριστὸς</span> <span class='ocrx_word' id='word_1_44' title='bbox 1219 706 1297 760; x_wconf 65' lang='grc' dir='ltr'>ἐν·</span> <span class='ocrx_word' id='word_1_45' title='bbox 1326 707 1477 778; x_wconf 86' lang='grc' dir='ltr'>ὑμῖν,</span> <span class='ocrx_word' id='word_1_46' title='bbox 1513 705 1575 759; x_wconf 87' lang='grc' dir='ltr'>τὸ</span> <span class='ocrx_word' id='word_1_47' title='bbox 1606 705 1705 776; x_wconf 84' lang='grc' dir='ltr'><strong>μὲν</strong></span> <span class='ocrx_word' id='word_1_48' title='bbox 1754 703 1916 774; x_wconf 85' lang='grc' dir='ltr'>σῶμα</span> 
     </span>
    </p>
   </div>
   <div class='ocr_carea' id='block_1_8' title="bbox 327 796 1919 871">
    <p class='ocr_par' dir='ltr' id='par_1_8' title="bbox 327 796 1919 871">
     <span class='ocr_line' id='line_1_8' title="bbox 327 796 1919 871; baseline -0.003 -19"><span class='ocrx_word' id='word_1_49' title='bbox 327 799 524 868; x_wconf 78' lang='grc' dir='ltr'>νεκρὸν</span> <span class='ocrx_word' id='word_1_50' title='bbox 553 799 643 853; x_wconf 84' lang='grc' dir='ltr'>διὰ</span> <span class='ocrx_word' id='word_1_51' title='bbox 679 798 977 871; x_wconf 73' lang='grc' dir='ltr'>ἁμαρτίαν,</span> <span class='ocrx_word' id='word_1_52' title='bbox 1012 799 1074 853; x_wconf 84' lang='grc' dir='ltr'>τὺ</span> <span class='ocrx_word' id='word_1_53' title='bbox 1111 799 1169 852; x_wconf 85' lang='grc' dir='ltr'>δὲ</span> <span class='ocrx_word' id='word_1_54' title='bbox 1199 797 1419 870; x_wconf 89' lang='grc' dir='ltr'>πνεῦμα</span> <span class='ocrx_word' id='word_1_55' title='bbox 1452 796 1561 862; x_wconf 81' lang='grc' dir='ltr'><strong>ζῶν</strong></span> <span class='ocrx_word' id='word_1_56' title='bbox 1601 796 1689 851; x_wconf 84' lang='grc' dir='ltr'>διὰ</span> <span class='ocrx_word' id='word_1_57' title='bbox 1712 796 1919 850; x_wconf 84' lang='grc' dir='ltr'>δικαιο-</span> 
     </span>
    </p>
   </div>
   <div class='ocr_carea' id='block_1_9' title="bbox 328 887 1917 965">
    <p class='ocr_par' dir='ltr' id='par_1_9' title="bbox 328 887 1917 965">
     <span class='ocr_line' id='line_1_9' title="bbox 328 887 1917 965; baseline -0.002 -21"><span class='ocrx_word' id='word_1_58' title='bbox 328 892 517 963; x_wconf 91' lang='grc' dir='ltr'>σύνην.</span> <span class='ocrx_word' id='word_1_59' title='bbox 560 912 579 945; x_wconf 72' lang='grc' dir='ltr'><strong>ι</strong></span> <span class='ocrx_word' id='word_1_60' title='bbox 630 894 867 965; x_wconf 77' lang='grc' dir='ltr'>’Δραρεν</span> <span class='ocrx_word' id='word_1_61' title='bbox 897 888 1014 959; x_wconf 86' lang='grc' dir='ltr'>οῦν,</span> <span class='ocrx_word' id='word_1_62' title='bbox 1045 894 1125 948; x_wconf 86' lang='grc' dir='ltr'><strong>ὅτι</strong></span> <span class='ocrx_word' id='word_1_63' title='bbox 1157 893 1252 947; x_wconf 74' lang='grc' dir='ltr'><strong>καὶ</strong></span> <span class='ocrx_word' id='word_1_64' title='bbox 1290 894 1422 948; x_wconf 72' lang='grc' dir='ltr'>ἴδιόν</span> <span class='ocrx_word' id='word_1_65' title='bbox 1459 894 1576 945; x_wconf 76' lang='grc' dir='ltr'>ἐστι</span> <span class='ocrx_word' id='word_1_66' title='bbox 1604 891 1664 944; x_wconf 84' lang='grc' dir='ltr'><strong>τὸ</strong></span> <span class='ocrx_word' id='word_1_67' title='bbox 1691 887 1917 959; x_wconf 80' lang='grc' dir='ltr'>Πνεῦμα</span> 
     </span>
    </p>
   </div>
   <div class='ocr_carea' id='block_1_10' title="bbox 324 980 1918 1059">
    <p class='ocr_par' dir='ltr' id='par_1_10' title="bbox 324 980 1918 1059">
     <span class='ocr_line' id='line_1_10' title="bbox 324 980 1918 1059; baseline -0.001 -23"><span class='ocrx_word' id='word_1_68' title='bbox 324 983 421 1038; x_wconf 89' lang='grc' dir='ltr'><strong>τοῦ</strong></span> <span class='ocrx_word' id='word_1_69' title='bbox 458 984 615 1050; x_wconf 85' lang='grc' dir='ltr'>Υἰοῦ,</span> <span class='ocrx_word' id='word_1_70' title='bbox 649 984 743 1038; x_wconf 75' lang='grc' dir='ltr'><strong>καὶ</strong></span> <span class='ocrx_word' id='word_1_71' title='bbox 764 983 880 1038; x_wconf 74' lang='grc' dir='ltr'>οὔτι</span> <span class='ocrx_word' id='word_1_72' title='bbox 914 1002 1016 1039; x_wconf 91' lang='grc' dir='ltr'><strong>που</strong></span> <span class='ocrx_word' id='word_1_73' title='bbox 1056 985 1217 1056; x_wconf 87' lang='grc' dir='ltr'>μόνον</span> <span class='ocrx_word' id='word_1_74' title='bbox 1310 985 1482 1054; x_wconf 83' lang='grc' dir='ltr'><strong>Λόγος</strong></span> <span class='ocrx_word' id='word_1_75' title='bbox 1508 984 1626 1037; x_wconf 77' lang='grc' dir='ltr'>ἐστὶ</span> <span class='ocrx_word' id='word_1_76' title='bbox 1657 980 1918 1054; x_wconf 83' lang='grc' dir='ltr'>πεφηνὼς</span> 
     </span>
    </p>
   </div>
   <div class='ocr_carea' id='block_1_11' title="bbox 326 1078 1917 1151">
    <p class='ocr_par' dir='ltr' id='par_1_11' title="bbox 326 1078 1917 1151">
     <span class='ocr_line' id='line_1_11' title="bbox 326 1078 1917 1151; baseline 0 -21"><span class='ocrx_word' id='word_1_77' title='bbox 326 1079 394 1131; x_wconf 80' lang='grc' dir='ltr'>ὲκ</span> <span class='ocrx_word' id='word_1_78' title='bbox 427 1078 663 1150; x_wconf 78' lang='grc' dir='ltr'>Πατρὸς,</span> <span class='ocrx_word' id='word_1_79' title='bbox 706 1079 822 1134; x_wconf 81' lang='grc' dir='ltr'>ἀλλ’</span> <span class='ocrx_word' id='word_1_80' title='bbox 849 1081 897 1134; x_wconf 87' lang='grc' dir='ltr'><strong>εἰ</strong></span> <span class='ocrx_word' id='word_1_81' title='bbox 939 1081 1035 1135; x_wconf 68' lang='grc' dir='ltr'><strong>καὶ</strong></span> <span class='ocrx_word' id='word_1_82' title='bbox 1069 1082 1242 1134; x_wconf 78' lang='grc' dir='ltr'>νοοῖτο</span> <span class='ocrx_word' id='word_1_83' title='bbox 1280 1079 1403 1135; x_wconf 87' lang='grc' dir='ltr'>καθ’</span> <span class='ocrx_word' id='word_1_84' title='bbox 1441 1081 1592 1151; x_wconf 76' lang='grc' dir='ltr'>ἡμᾶς</span> <span class='ocrx_word' id='word_1_85' title='bbox 1628 1079 1917 1149; x_wconf 85' lang='grc' dir='ltr'>ἄνθρωπος</span> 
     </span>
    </p>
   </div>
   <div class='ocr_carea' id='block_1_12' title="bbox 326 1169 1918 1244">
    <p class='ocr_par' dir='ltr' id='par_1_12' title="bbox 326 1169 1918 1244">
     <span class='ocr_line' id='line_1_12' title="bbox 326 1169 1918 1244; baseline -0.001 -20"><span class='ocrx_word' id='word_1_86' title='bbox 326 1169 590 1240; x_wconf 84' lang='grc' dir='ltr'>γεγονὼς,</span> <span class='ocrx_word' id='word_1_87' title='bbox 619 1170 680 1224; x_wconf 85' lang='grc' dir='ltr'><strong>ού</strong></span> <span class='ocrx_word' id='word_1_88' title='bbox 709 1170 821 1225; x_wconf 86' lang='grc' dir='ltr'>τῶν</span> <span class='ocrx_word' id='word_1_89' title='bbox 847 1172 944 1243; x_wconf 79' lang='grc' dir='ltr'>τῆς</span> <span class='ocrx_word' id='word_1_90' title='bbox 971 1172 1226 1244; x_wconf 82' lang='grc' dir='ltr'><strong>θεότητος</strong></span> <span class='ocrx_word' id='word_1_91' title='bbox 1258 1172 1567 1244; x_wconf 70' lang='grc' dir='ltr'><strong>ἰδιωμάτων</strong></span> <span class='ocrx_word' id='word_1_92' title='bbox 1599 1169 1675 1235; x_wconf 86' lang='grc' dir='ltr'>ὡς</span> <span class='ocrx_word' id='word_1_93' title='bbox 1706 1174 1763 1225; x_wconf 77' lang='grc' dir='ltr'>ἐν</span> <span class='ocrx_word' id='word_1_94' title='bbox 1812 1169 1918 1241; x_wconf 68' lang='grc' dir='ltr'>ἰδίᾳ</span> 
     </span>
    </p>
   </div>
   <div class='ocr_carea' id='block_1_13' title="bbox 327 1262 1916 1336">
    <p class='ocr_par' dir='ltr' id='par_1_13' title="bbox 327 1262 1916 1336">
     <span class='ocr_line' id='line_1_13' title="bbox 327 1262 1916 1336; baseline -0.002 -19"><span class='ocrx_word' id='word_1_95' title='bbox 327 1264 491 1333; x_wconf 85' lang='grc' dir='ltr'>φύσει</span> <span class='ocrx_word' id='word_1_96' title='bbox 524 1262 866 1335; x_wconf 87' lang='grc' dir='ltr'>λειπόμενος.</span> <span class='ocrx_word' id='word_1_97' title='bbox 903 1264 1012 1320; x_wconf 77' lang='grc' dir='ltr'>Καὶ</span> <span class='ocrx_word' id='word_1_98' title='bbox 1054 1263 1182 1335; x_wconf 90' lang='grc' dir='ltr'>γοῦν</span> <span class='ocrx_word' id='word_1_99' title='bbox 1211 1265 1374 1330; x_wconf 83' lang='grc' dir='ltr'>αὐτὸς</span> <span class='ocrx_word' id='word_1_100' title='bbox 1416 1263 1680 1336; x_wconf 83' lang='grc' dir='ltr'><strong>ὑπάρχων</strong></span> <span class='ocrx_word' id='word_1_101' title='bbox 1704 1264 1738 1333; x_wconf 86' lang='grc' dir='ltr'>ἡ</span> <span class='ocrx_word' id='word_1_102' title='bbox 1778 1263 1916 1317; x_wconf 67' lang='grc' dir='ltr'>πάνε-</span> 
     </span>
    </p>
   </div>
   <div class='ocr_carea' id='block_1_14' title="bbox 326 1353 1920 1426">
    <p class='ocr_par' dir='ltr' id='par_1_14' title="bbox 326 1353 1920 1426">
     <span class='ocr_line' id='line_1_14' title="bbox 326 1353 1920 1426; baseline -0.002 -18"><span class='ocrx_word' id='word_1_103' title='bbox 326 1371 436 1408; x_wconf 89' lang='grc' dir='ltr'><strong>των</strong></span> <span class='ocrx_word' id='word_1_104' title='bbox 476 1353 613 1426; x_wconf 79' lang='grc' dir='ltr'>ζωὴ,</span> <span class='ocrx_word' id='word_1_105' title='bbox 640 1354 731 1409; x_wconf 79' lang='grc' dir='ltr'>διὰ</span> <span class='ocrx_word' id='word_1_106' title='bbox 776 1355 876 1426; x_wconf 84' lang='grc' dir='ltr'>τὴν</span> <span class='ocrx_word' id='word_1_107' title='bbox 924 1356 989 1410; x_wconf 84' lang='grc' dir='ltr'>ὲκ</span> <span class='ocrx_word' id='word_1_108' title='bbox 1026 1356 1122 1410; x_wconf 87' lang='grc' dir='ltr'><strong>τοῦ</strong></span> <span class='ocrx_word' id='word_1_109' title='bbox 1170 1355 1375 1421; x_wconf 79' lang='grc' dir='ltr'>ζῶντος</span> <span class='ocrx_word' id='word_1_110' title='bbox 1418 1356 1634 1426; x_wconf 85' lang='grc' dir='ltr'>Πατρὸς</span> <span class='ocrx_word' id='word_1_111' title='bbox 1679 1355 1920 1425; x_wconf 70' lang='grc' dir='ltr'>ἄρρητον</span> 
     </span>
    </p>
   </div>
   <div class='ocr_carea' id='block_1_15' title="bbox 326 1444 1916 1521">
    <p class='ocr_par' dir='ltr' id='par_1_15' title="bbox 326 1444 1916 1521">
     <span class='ocr_line' id='line_1_15' title="bbox 326 1444 1916 1521; baseline -0.001 -22"><span class='ocrx_word' id='word_1_112' title='bbox 326 1447 608 1518; x_wconf 76' lang='grc' dir='ltr'><strong>γέννησιν,</strong></span> <span class='ocrx_word' id='word_1_113' title='bbox 637 1448 1020 1513; x_wconf 79' lang='grc' dir='ltr'>ζωοποιεῖσθαι</span> <span class='ocrx_word' id='word_1_114' title='bbox 1049 1448 1269 1519; x_wconf 87' lang='grc' dir='ltr'>λέγεται</span> <span class='ocrx_word' id='word_1_115' title='bbox 1304 1448 1427 1521; x_wconf 89' lang='grc' dir='ltr'>μεθ’</span> <span class='ocrx_word' id='word_1_116' title='bbox 1472 1446 1648 1519; x_wconf 76' lang='grc' dir='ltr'>ἡμῶν.</span> <span class='ocrx_word' id='word_1_117' title='bbox 1685 1446 1842 1516; x_wconf 84' lang='grc' dir='ltr'>Πάρα</span> <span class='ocrx_word' id='word_1_118' title='bbox 1871 1444 1916 1497; x_wconf 88' lang='grc' dir='ltr'>δ’</span> 
     </span>
    </p>
   </div>
   <div class='ocr_carea' id='block_1_16' title="bbox 326 1534 1920 1611">
    <p class='ocr_par' dir='ltr' id='par_1_16' title="bbox 326 1534 1920 1611">
     <span class='ocr_line' id='line_1_16' title="bbox 326 1534 1920 1611; baseline -0.002 -19"><span class='ocrx_word' id='word_1_119' title='bbox 326 1534 423 1592; x_wconf 89' lang='grc' dir='ltr'><strong>οῦν</strong></span> <span class='ocrx_word' id='word_1_120' title='bbox 448 1540 597 1610; x_wconf 87' lang='grc' dir='ltr'>ὅμως</span> <span class='ocrx_word' id='word_1_121' title='bbox 644 1540 772 1593; x_wconf 85' lang='grc' dir='ltr'>ἰδεῖν</span> <span class='ocrx_word' id='word_1_122' title='bbox 800 1539 1160 1610; x_wconf 75' lang='grc' dir='ltr'>χαριζόμενον</span> <span class='ocrx_word' id='word_1_123' title='bbox 1196 1539 1295 1610; x_wconf 76' lang='grc' dir='ltr'>μὲν</span> <span class='ocrx_word' id='word_1_124' title='bbox 1343 1540 1410 1611; x_wconf 81' lang='grc' dir='ltr'>τῇ</span> <span class='ocrx_word' id='word_1_125' title='bbox 1459 1538 1564 1610; x_wconf 77' lang='grc' dir='ltr'>ἰδίᾳ</span> <span class='ocrx_word' id='word_1_126' title='bbox 1608 1536 1775 1608; x_wconf 79' lang='grc' dir='ltr'>σαρκὶ</span> <span class='ocrx_word' id='word_1_127' title='bbox 1820 1536 1920 1607; x_wconf 81' lang='grc' dir='ltr'>τῆς</span> 
     </span>
    </p>
   </div>
   <div class='ocr_carea' id='block_1_17' title="bbox 330 1622 1916 1704">
    <p class='ocr_par' dir='ltr' id='par_1_17' title="bbox 330 1622 1916 1704">
     <span class='ocr_line' id='line_1_17' title="bbox 330 1622 1916 1704; baseline -0.003 -19"><span class='ocrx_word' id='word_1_128' title='bbox 330 1630 673 1704; x_wconf 80' lang='grc' dir='ltr'>θεοπρεποῦς</span> <span class='ocrx_word' id='word_1_129' title='bbox 702 1631 986 1702; x_wconf 73' lang='grc' dir='ltr'>ἐνεργείας</span> <span class='ocrx_word' id='word_1_130' title='bbox 1025 1630 1124 1704; x_wconf 78' lang='grc' dir='ltr'><strong>τὴν</strong></span> <span class='ocrx_word' id='word_1_131' title='bbox 1162 1630 1342 1699; x_wconf 82' lang='grc' dir='ltr'>δόξαν,</span> <span class='ocrx_word' id='word_1_132' title='bbox 1370 1629 1745 1700; x_wconf 83' lang='grc' dir='ltr'>οἰκειούμενον</span> <span class='ocrx_word' id='word_1_133' title='bbox 1783 1628 1829 1681; x_wconf 83' lang='grc' dir='ltr'>δ’</span> <span class='ocrx_word' id='word_1_134' title='bbox 1850 1622 1916 1680; x_wconf 84' lang='grc' dir='ltr'><strong>αὖ</strong></span> 
     </span>
    </p>
   </div>
   <div class='ocr_carea' id='block_1_18' title="bbox 329 1722 1919 1797">
    <p class='ocr_par' dir='ltr' id='par_1_18' title="bbox 329 1722 1919 1797">
     <span class='ocr_line' id='line_1_18' title="bbox 329 1722 1919 1797; baseline -0.004 -18"><span class='ocrx_word' id='word_1_135' title='bbox 329 1726 431 1795; x_wconf 85' lang='grc' dir='ltr'><strong>τὴν</strong></span> <span class='ocrx_word' id='word_1_136' title='bbox 462 1725 637 1797; x_wconf 79' lang='grc' dir='ltr'>σάρκα</span> <span class='ocrx_word' id='word_1_137' title='bbox 666 1733 716 1788; x_wconf 74' lang='grc' dir='ltr'>γ,</span> <span class='ocrx_word' id='word_1_138' title='bbox 749 1724 843 1778; x_wconf 73' lang='grc' dir='ltr'><strong>καὶ</strong></span> <span class='ocrx_word' id='word_1_139' title='bbox 874 1723 1037 1777; x_wconf 83' lang='grc' dir='ltr'>οἰονεί</span> <span class='ocrx_word' id='word_1_140' title='bbox 1071 1741 1190 1788; x_wconf 89' lang='grc' dir='ltr'><strong>πως</strong></span> <span class='ocrx_word' id='word_1_141' title='bbox 1230 1722 1355 1778; x_wconf 79' lang='grc' dir='ltr'>καθ’</span> <span class='ocrx_word' id='word_1_142' title='bbox 1400 1722 1595 1777; x_wconf 76' lang='grc' dir='ltr'>ἕνωσιν</span> <span class='ocrx_word' id='word_1_143' title='bbox 1642 1722 1919 1790; x_wconf 87' lang='grc' dir='ltr'>οἰκονομι-</span> 
     </span>
    </p>
   </div>
   <div class='ocr_carea' id='block_1_19' title="bbox 332 1812 1418 1887">
    <p class='ocr_par' dir='ltr' id='par_1_19' title="bbox 332 1812 1418 1887">
     <span class='ocr_line' id='line_1_19' title="bbox 332 1812 1418 1887; baseline -0.001 -18"><span class='ocrx_word' id='word_1_144' title='bbox 332 1816 457 1887; x_wconf 79' lang='grc' dir='ltr'>κὴν,</span> <span class='ocrx_word' id='word_1_145' title='bbox 492 1815 587 1868; x_wconf 74' lang='grc' dir='ltr'><strong>καὶ</strong></span> <span class='ocrx_word' id='word_1_146' title='bbox 616 1816 683 1885; x_wconf 85' lang='grc' dir='ltr'>τῇ</span> <span class='ocrx_word' id='word_1_147' title='bbox 719 1813 826 1885; x_wconf 82' lang='grc' dir='ltr'>ἰδίᾳ</span> <span class='ocrx_word' id='word_1_148' title='bbox 859 1812 1205 1884; x_wconf 81' lang='grc' dir='ltr'>περιτιθέντα</span> <span class='ocrx_word' id='word_1_149' title='bbox 1236 1812 1418 1883; x_wconf 84' lang='grc' dir='ltr'>φύσει.</span> 
     </span>
    </p>
   </div>
   <div class='ocr_carea' id='block_1_20' title="bbox 404 2063 1917 2137">
    <p class='ocr_par' dir='ltr' id='par_1_20' title="bbox 404 2063 1917 2137">
     <span class='ocr_line' id='line_1_20' title="bbox 404 2063 1917 2137; baseline -0.001 -19"><span class='ocrx_word' id='word_1_150' title='bbox 404 2065 536 2118; x_wconf 79' lang='grc' dir='ltr'><strong>ΑΠ’.</strong></span> <span class='ocrx_word' id='word_1_151' title='bbox 582 2065 652 2117; x_wconf 86' lang='grc' dir='ltr'><strong>Ἦ</strong></span> <span class='ocrx_word' id='word_1_152' title='bbox 679 2064 801 2134; x_wconf 79' lang='grc' dir='ltr'>ούχὶ</span> <span class='ocrx_word' id='word_1_153' title='bbox 828 2064 891 2135; x_wconf 77' lang='grc' dir='ltr'>δὴ</span> <span class='ocrx_word' id='word_1_154' title='bbox 933 2065 1169 2135; x_wconf 81' lang='grc' dir='ltr'>μάλιστα</span> <span class='ocrx_word' id='word_1_155' title='bbox 1201 2065 1438 2137; x_wconf 80' lang='grc' dir='ltr'>πρέπειν</span> <span class='ocrx_word' id='word_1_156' title='bbox 1466 2065 1584 2137; x_wconf 81' lang='grc' dir='ltr'>ὲρεῖ</span> <span class='ocrx_word' id='word_1_157' title='bbox 1615 2081 1699 2127; x_wconf 90' lang='grc' dir='ltr'><strong>τις</strong></span> <span class='ocrx_word' id='word_1_158' title='bbox 1737 2063 1817 2134; x_wconf 82' lang='grc' dir='ltr'><strong>τῷ</strong></span> <span class='ocrx_word' id='word_1_159' title='bbox 1851 2080 1917 2132; x_wconf 85' lang='grc' dir='ltr'><strong>γε</strong></span> 
     </span>
    </p>
   </div>
   <div class='ocr_carea' id='block_1_21' title="bbox 328 2155 1922 2231">
    <p class='ocr_par' dir='ltr' id='par_1_21' title="bbox 328 2155 1922 2231">
     <span class='ocr_line' id='line_1_21' title="bbox 328 2155 1922 2231; baseline 0 -22"><span class='ocrx_word' id='word_1_160' title='bbox 328 2157 442 2210; x_wconf 74' lang='grc' dir='ltr'>δντι</span> <span class='ocrx_word' id='word_1_161' title='bbox 474 2156 617 2210; x_wconf 68' lang='grc' dir='ltr'>κατὰ</span> <span class='ocrx_word' id='word_1_162' title='bbox 662 2156 824 2226; x_wconf 81' lang='grc' dir='ltr'>φύσιν</span> <span class='ocrx_word' id='word_1_163' title='bbox 854 2157 919 2210; x_wconf 78' lang='grc' dir='ltr'>ὲκ</span> <span class='ocrx_word' id='word_1_164' title='bbox 964 2156 1100 2211; x_wconf 86' lang='grc' dir='ltr'>Θεοῦ</span> <span class='ocrx_word' id='word_1_165' title='bbox 1129 2159 1343 2231; x_wconf 73' lang='grc' dir='ltr'>Πατρός</span> <span class='ocrx_word' id='word_1_166' title='bbox 1380 2158 1561 2229; x_wconf 83' lang='grc' dir='ltr'>Λόγῳ,</span> <span class='ocrx_word' id='word_1_167' title='bbox 1598 2156 1677 2228; x_wconf 82' lang='grc' dir='ltr'>τῷ</span> <span class='ocrx_word' id='word_1_168' title='bbox 1715 2155 1922 2210; x_wconf 85' lang='grc' dir='ltr'>ἄνωθεν</span> 
     </span>
    </p>
   </div>
   <div class='ocr_carea' id='block_1_22' title="bbox 329 2241 1924 2320">
    <p class='ocr_par' dir='ltr' id='par_1_22' title="bbox 329 2241 1924 2320">
     <span class='ocr_line' id='line_1_22' title="bbox 329 2241 1924 2320; baseline -0.001 -19"><span class='ocrx_word' id='word_1_169' title='bbox 329 2250 488 2320; x_wconf 72' lang='grc' dir='ltr'>ἥκειν</span> <span class='ocrx_word' id='word_1_170' title='bbox 514 2248 609 2301; x_wconf 77' lang='grc' dir='ltr'><strong>καὶ</strong></span> <span class='ocrx_word' id='word_1_171' title='bbox 634 2247 695 2313; x_wconf 82' lang='grc' dir='ltr'>ὲξ</span> <span class='ocrx_word' id='word_1_172' title='bbox 719 2247 951 2318; x_wconf 85' lang='grc' dir='ltr'>ούρανοῦ</span> <span class='ocrx_word' id='word_1_173' title='bbox 975 2288 989 2313; x_wconf 92' lang='grc'><strong>,</strong></span> <span class='ocrx_word' id='word_1_174' title='bbox 1012 2248 1075 2301; x_wconf 82' lang='grc' dir='ltr'><strong>τὸ</strong></span> <span class='ocrx_word' id='word_1_175' title='bbox 1116 2248 1403 2318; x_wconf 81' lang='grc' dir='ltr'>ζωογονεῖν</span> <span class='ocrx_word' id='word_1_176' title='bbox 1443 2246 1705 2301; x_wconf 87' lang='grc' dir='ltr'>δύνασθαι</span> <span class='ocrx_word' id='word_1_177' title='bbox 1734 2246 1805 2300; x_wconf 78' lang='grc' dir='ltr'>τὰ</span> <span class='ocrx_word' id='word_1_178' title='bbox 1843 2241 1924 2310; x_wconf 71' lang='grc' dir='ltr'>οἷς</span> 
     </span>
    </p>
   </div>
   <div class='ocr_carea' id='block_1_23' title="bbox 330 2339 1921 2412">
    <p class='ocr_par' dir='ltr' id='par_1_23' title="bbox 330 2339 1921 2412">
     <span class='ocr_line' id='line_1_23' title="bbox 330 2339 1921 2412; baseline -0.003 -18"><span class='ocrx_word' id='word_1_179' title='bbox 330 2341 399 2394; x_wconf 84' lang='grc' dir='ltr'><strong>ἂν</strong></span> <span class='ocrx_word' id='word_1_180' title='bbox 429 2340 630 2393; x_wconf 72' lang='grc' dir='ltr'>ἐνιέναι</span> <span class='ocrx_word' id='word_1_181' title='bbox 661 2339 906 2410; x_wconf 85' lang='grc' dir='ltr'>βούλοιτο</span> <span class='ocrx_word' id='word_1_182' title='bbox 929 2341 1031 2411; x_wconf 83' lang='grc' dir='ltr'>τὴν</span> <span class='ocrx_word' id='word_1_183' title='bbox 1054 2340 1232 2412; x_wconf 78' lang='grc' dir='ltr'>ζωήν;</span> <span class='ocrx_word' id='word_1_184' title='bbox 1265 2342 1331 2394; x_wconf 88' lang='grc' dir='ltr'>Τί</span> <span class='ocrx_word' id='word_1_185' title='bbox 1359 2340 1417 2393; x_wconf 82' lang='grc' dir='ltr'><strong>δὲ</strong></span> <span class='ocrx_word' id='word_1_186' title='bbox 1448 2339 1509 2393; x_wconf 86' lang='grc' dir='ltr'><strong>τὸ</strong></span> <span class='ocrx_word' id='word_1_187' title='bbox 1540 2340 1921 2411; x_wconf 84' lang='grc' dir='ltr'>δημιουργεῖν,</span> 
     </span>
    </p>
   </div>
   <div class='ocr_carea' id='block_1_24' title="bbox 204 2429 1920 2506">
    <p class='ocr_par' dir='ltr' id='par_1_24' title="bbox 204 2429 1920 2506">
     <span class='ocr_line' id='line_1_24' title="bbox 204 2429 1920 2506; baseline -0.001 -21"><span class='ocrx_word' id='word_1_188' title='bbox 204 2457 215 2463; x_wconf 90' lang='grc'><strong><em>-</em></strong></span> <span class='ocrx_word' id='word_1_189' title='bbox 328 2433 453 2486; x_wconf 81' lang='grc' dir='ltr'>εἰπέ</span> <span class='ocrx_word' id='word_1_190' title='bbox 488 2449 615 2504; x_wconf 88' lang='grc' dir='ltr'>μοι;</span> <span class='ocrx_word' id='word_1_191' title='bbox 650 2431 849 2497; x_wconf 84' lang='grc' dir='ltr'>θεῖκῶς</span> <span class='ocrx_word' id='word_1_192' title='bbox 881 2433 998 2506; x_wconf 86' lang='grc' dir='ltr'>δοίη</span> <span class='ocrx_word' id='word_1_193' title='bbox 1032 2451 1117 2499; x_wconf 88' lang='grc' dir='ltr'><strong>τις</strong></span> <span class='ocrx_word' id='word_1_194' title='bbox 1138 2434 1207 2490; x_wconf 86' lang='grc' dir='ltr'>ἂν</span> <span class='ocrx_word' id='word_1_195' title='bbox 1242 2429 1405 2499; x_wconf 82' lang='grc' dir='ltr'>εἶναι,</span> <span class='ocrx_word' id='word_1_196' title='bbox 1442 2435 1474 2505; x_wconf 80' lang='grc' dir='ltr'>ἢ</span> <span class='ocrx_word' id='word_1_197' title='bbox 1502 2433 1612 2487; x_wconf 85' lang='grc' dir='ltr'>τῶν</span> <span class='ocrx_word' id='word_1_198' title='bbox 1644 2431 1920 2505; x_wconf 85' lang='grc' dir='ltr'>ἀνθρωπί-</span> 
     </span>
    </p>
   </div>
   <div class='ocr_carea' id='block_1_25' title="bbox 328 2524 1925 2598">
    <p class='ocr_par' dir='ltr' id='par_1_25' title="bbox 328 2524 1925 2598">
     <span class='ocr_line' id='line_1_25' title="bbox 328 2524 1925 2598; baseline -0.001 -20"><span class='ocrx_word' id='word_1_199' title='bbox 328 2538 470 2591; x_wconf 83' lang='grc' dir='ltr'>νων;</span> <span class='ocrx_word' id='word_1_200' title='bbox 498 2524 780 2596; x_wconf 79' lang='grc' dir='ltr'>Οὐδαμῶς.</span> <span class='ocrx_word' id='word_1_201' title='bbox 812 2526 934 2590; x_wconf 78' lang='grc' dir='ltr'>Πῶς</span> <span class='ocrx_word' id='word_1_202' title='bbox 963 2526 1178 2593; x_wconf 87' lang='grc' dir='ltr'>τοίνυν;</span> <span class='ocrx_word' id='word_1_203' title='bbox 1221 2528 1399 2598; x_wconf 81' lang='grc' dir='ltr'>Ἠμᾶς</span> <span class='ocrx_word' id='word_1_204' title='bbox 1429 2526 1683 2591; x_wconf 74' lang='grc' dir='ltr'>ζωοποιεῖ</span> <span class='ocrx_word' id='word_1_205' title='bbox 1722 2526 1820 2596; x_wconf 78' lang='grc' dir='ltr'><strong>μὲν</strong></span> <span class='ocrx_word' id='word_1_206' title='bbox 1849 2524 1925 2589; x_wconf 83' lang='grc' dir='ltr'>ὡς</span> 
     </span>
    </p>
   </div>
   <div class='ocr_carea' id='block_1_26' title="bbox 288 2614 1926 2691">
    <p class='ocr_par' dir='ltr' id='par_1_26' title="bbox 288 2614 1926 2691">
     <span class='ocr_line' id='line_1_26' title="bbox 288 2614 1926 2691; baseline 0.003 -22"><span class='ocrx_word' id='word_1_207' title='bbox 288 2674 294 2685; x_wconf 54' lang='grc'><em>,</em></span> <span class='ocrx_word' id='word_1_208' title='bbox 329 2616 499 2681; x_wconf 77' lang='grc' dir='ltr'>Θεός·</span> <span class='ocrx_word' id='word_1_209' title='bbox 535 2617 676 2690; x_wconf 82' lang='grc' dir='ltr'>πλὴν</span> <span class='ocrx_word' id='word_1_210' title='bbox 718 2619 780 2671; x_wconf 86' lang='grc' dir='ltr'><strong>ού</strong></span> <span class='ocrx_word' id='word_1_211' title='bbox 818 2614 966 2689; x_wconf 75' lang='grc' dir='ltr'>μόνῳ</span> <span class='ocrx_word' id='word_1_212' title='bbox 999 2617 1077 2691; x_wconf 82' lang='grc' dir='ltr'>τῷ</span> <span class='ocrx_word' id='word_1_213' title='bbox 1113 2620 1442 2691; x_wconf 86' lang='grc' dir='ltr'>μεταλαχεῖν</span> <span class='ocrx_word' id='word_1_214' title='bbox 1476 2619 1632 2689; x_wconf 88' lang='grc' dir='ltr'>άγίου</span> <span class='ocrx_word' id='word_1_215' title='bbox 1668 2618 1926 2688; x_wconf 88' lang='grc' dir='ltr'>Πνεύμα-</span> 
     </span>
    </p>
   </div>
   <div class='ocr_carea' id='block_1_27' title="bbox 329 2708 1927 2785">
    <p class='ocr_par' dir='ltr' id='par_1_27' title="bbox 329 2708 1927 2785">
     <span class='ocr_line' id='line_1_27' title="bbox 329 2708 1927 2785; baseline 0.004 -25"><span class='ocrx_word' id='word_1_216' title='bbox 329 2722 452 2774; x_wconf 82' lang='grc' dir='ltr'>τος,</span> <span class='ocrx_word' id='word_1_217' title='bbox 501 2708 617 2762; x_wconf 84' lang='grc' dir='ltr'>ἀλλ’</span> <span class='ocrx_word' id='word_1_218' title='bbox 661 2708 887 2780; x_wconf 83' lang='grc' dir='ltr'>ὲδεστὴν</span> <span class='ocrx_word' id='word_1_219' title='bbox 919 2712 1192 2782; x_wconf 80' lang='grc' dir='ltr'>παραθεὶς</span> <span class='ocrx_word' id='word_1_220' title='bbox 1239 2713 1335 2766; x_wconf 77' lang='grc' dir='ltr'>καὶ</span> <span class='ocrx_word' id='word_1_221' title='bbox 1374 2712 1473 2784; x_wconf 78' lang='grc' dir='ltr'><strong>τὴν</strong></span> <span class='ocrx_word' id='word_1_222' title='bbox 1519 2713 1927 2785; x_wconf 80' lang='grc' dir='ltr'>ἀναληφθεῖσαν</span> 
     </span>
    </p>
   </div>
   <div class='ocr_carea' id='block_1_28' title="bbox 336 2800 1922 2877">
    <p class='ocr_par' dir='ltr' id='par_1_28' title="bbox 336 2800 1922 2877">
     <span class='ocr_line' id='line_1_28' title="bbox 336 2800 1922 2877; baseline 0.004 -25"><span class='ocrx_word' id='word_1_223' title='bbox 336 2802 515 2871; x_wconf 76' lang='grc' dir='ltr'>σάρκα</span> <span class='ocrx_word' id='word_1_224' title='bbox 536 2801 629 2853; x_wconf 82' lang='grc' dir='ltr'><strong>τοῦ</strong></span> <span class='ocrx_word' id='word_1_225' title='bbox 646 2800 776 2854; x_wconf 87' lang='grc' dir='ltr'>Υἰοῦ</span> <span class='ocrx_word' id='word_1_226' title='bbox 799 2801 894 2854; x_wconf 86' lang='grc' dir='ltr'><strong>τοῦ</strong></span> <span class='ocrx_word' id='word_1_227' title='bbox 918 2800 1228 2874; x_wconf 84' lang='grc' dir='ltr'>ἀνθρώπου.</span> <span class='ocrx_word' id='word_1_228' title='bbox 1256 2803 1400 2874; x_wconf 82' lang='grc' dir='ltr'><strong>Ἔφη</strong></span> <span class='ocrx_word' id='word_1_229' title='bbox 1432 2803 1658 2875; x_wconf 81' lang='grc' dir='ltr'>γὰρ,ὃτι</span> <span class='ocrx_word' id='word_1_230' title='bbox 1688 2824 1706 2857; x_wconf 76' lang='grc' dir='ltr'><strong>ι</strong></span> <span class='ocrx_word' id='word_1_231' title='bbox 1731 2806 1922 2877; x_wconf 80' lang='grc' dir='ltr'>Ἀμὴν,</span> 
     </span>
    </p>
   </div>
   <div class='ocr_carea' id='block_1_29' title="bbox 336 2888 1925 2965">
    <p class='ocr_par' dir='ltr' id='par_1_29' title="bbox 336 2888 1925 2965">
     <span class='ocr_line' id='line_1_29' title="bbox 336 2888 1925 2965; baseline 0.004 -24"><span class='ocrx_word' id='word_1_232' title='bbox 336 2888 484 2961; x_wconf 73' lang='grc' dir='ltr'>ἀμην</span> <span class='ocrx_word' id='word_1_233' title='bbox 532 2891 868 2962; x_wconf 85' lang='grc' dir='ltr'>λέγω-ὑμῖν,</span> <span class='ocrx_word' id='word_1_234' title='bbox 922 2892 1019 2946; x_wconf 77' lang='grc' dir='ltr'><strong>ἐὰν</strong></span> <span class='ocrx_word' id='word_1_235' title='bbox 1074 2893 1148 2963; x_wconf 84' lang='grc' dir='ltr'>μὴ</span> <span class='ocrx_word' id='word_1_236' title='bbox 1190 2892 1402 2964; x_wconf 78' lang='grc' dir='ltr'>φάγητε</span> <span class='ocrx_word' id='word_1_237' title='bbox 1446 2893 1546 2964; x_wconf 72' lang='grc' dir='ltr'><strong>τὴν</strong></span> <span class='ocrx_word' id='word_1_238' title='bbox 1595 2893 1776 2965; x_wconf 88' lang='grc' dir='ltr'>σάρκα</span> <span class='ocrx_word' id='word_1_239' title='bbox 1829 2894 1925 2947; x_wconf 91' lang='grc' dir='ltr'><strong>τοῦ</strong></span> 
     </span>
    </p>
   </div>
   <div class='ocr_carea' id='block_1_30' title="bbox 335 2981 1925 3058">
    <p class='ocr_par' dir='ltr' id='par_1_30' title="bbox 335 2981 1925 3058">
     <span class='ocr_line' id='line_1_30' title="bbox 335 2981 1925 3058; baseline 0.003 -23"><span class='ocrx_word' id='word_1_240' title='bbox 335 2982 468 3035; x_wconf 76' lang='grc' dir='ltr'>Υἰοῦ</span> <span class='ocrx_word' id='word_1_241' title='bbox 497 2981 591 3035; x_wconf 89' lang='grc' dir='ltr'><strong>τοῦ</strong></span> <span class='ocrx_word' id='word_1_242' title='bbox 637 2982 951 3055; x_wconf 86' lang='grc' dir='ltr'>ἀνθρώπου,</span> <span class='ocrx_word' id='word_1_243' title='bbox 996 2986 1092 3038; x_wconf 75' lang='grc' dir='ltr'>καὶ</span> <span class='ocrx_word' id='word_1_244' title='bbox 1125 2985 1289 3056; x_wconf 86' lang='grc' dir='ltr'>πίητε</span> <span class='ocrx_word' id='word_1_245' title='bbox 1321 2984 1383 3038; x_wconf 87' lang='grc' dir='ltr'>τὸ</span> <span class='ocrx_word' id='word_1_246' title='bbox 1416 2981 1588 3056; x_wconf 85' lang='grc' dir='ltr'>αἷμα,</span> <span class='ocrx_word' id='word_1_247' title='bbox 1632 2986 1733 3039; x_wconf 81' lang='grc' dir='ltr'><strong>οὐκ</strong></span> <span class='ocrx_word' id='word_1_248' title='bbox 1773 2985 1925 3058; x_wconf 79' lang='grc' dir='ltr'>ἔχετε</span> 
     </span>
    </p>
   </div>
   <div class='ocr_carea' id='block_1_31' title="bbox 333 3073 1927 3150">
    <p class='ocr_par' dir='ltr' id='par_1_31' title="bbox 333 3073 1927 3150">
     <span class='ocr_line' id='line_1_31' title="bbox 333 3073 1927 3150; baseline 0.005 -25"><span class='ocrx_word' id='word_1_249' title='bbox 333 3073 482 3147; x_wconf 74' lang='grc' dir='ltr'>ζωὴν</span> <span class='ocrx_word' id='word_1_250' title='bbox 511 3076 570 3127; x_wconf 86' lang='grc' dir='ltr'>ὲν</span> <span class='ocrx_word' id='word_1_251' title='bbox 599 3075 830 3139; x_wconf 80' lang='grc' dir='ltr'>ἑαυτοῖς.</span> <span class='ocrx_word' id='word_1_252' title='bbox 864 3095 881 3126; x_wconf 78' lang='grc' dir='ltr'><strong>ι</strong></span> <span class='ocrx_word' id='word_1_253' title='bbox 916 3076 1491 3150; x_wconf 82' lang='grc' dir='ltr'>Κατακερτομούντων</span> <span class='ocrx_word' id='word_1_254' title='bbox 1518 3077 1577 3131; x_wconf 85' lang='grc' dir='ltr'>δὲ</span> <span class='ocrx_word' id='word_1_255' title='bbox 1617 3078 1779 3132; x_wconf 79' lang='grc' dir='ltr'>αὑτὸν</span> <span class='ocrx_word' id='word_1_256' title='bbox 1815 3079 1927 3133; x_wconf 74' lang='grc' dir='ltr'>τῶν</span> 
     </span>
    </p>
   </div>
   <div class='ocr_carea' id='block_1_32' title="bbox 345 3164 829 3231">
    <p class='ocr_par' dir='ltr' id='par_1_32' title="bbox 345 3164 829 3231">
     <span class='ocr_line' id='line_1_32' title="bbox 345 3164 829 3231; baseline 0 -13"><span class='ocrx_word' id='word_1_257' title='bbox 345 3164 619 3219; x_wconf 79' lang='grc' dir='ltr'>Ἰουδαίων</span> <span class='ocrx_word' id='word_1_258' title='bbox 663 3165 793 3219; x_wconf 86' lang='grc' dir='ltr'>ποτὲ</span> <span class='ocrx_word' id='word_1_259' title='bbox 815 3207 829 3231; x_wconf 90' lang='grc'><strong>,</strong></span> 
     </span>
    </p>
   </div>
   <div class='ocr_carea' id='block_1_33' title="bbox 334 3351 1931 3427">
    <p class='ocr_par' dir='ltr' id='par_1_33' title="bbox 334 3351 1931 3427">
     <span class='ocr_line' id='line_1_33' title="bbox 334 3351 1931 3427; baseline 0.002 -22"><span class='ocrx_word' id='word_1_260' title='bbox 334 3351 515 3423; x_wconf 82' lang='grc' dir='ltr'>καρίῳ</span> <span class='ocrx_word' id='word_1_261' title='bbox 542 3353 751 3419; x_wconf 67' lang='lat' dir='ltr'><strong>Monet,</strong></span> <span class='ocrx_word' id='word_1_262' title='bbox 779 3351 1080 3424; x_wconf 74' lang='grc' dir='ltr'>εἰρηκότων</span> <span class='ocrx_word' id='word_1_263' title='bbox 1101 3353 1159 3406; x_wconf 80' lang='grc' dir='ltr'>δὲ</span> <span class='ocrx_word' id='word_1_264' title='bbox 1184 3354 1488 3423; x_wconf 78' lang='grc' dir='ltr'>ἀναφανδόν</span> <span class='ocrx_word' id='word_1_265' title='bbox 1509 3372 1522 3385; x_wconf 95' lang='grc'><strong>·</strong></span> <span class='ocrx_word' id='word_1_266' title='bbox 1552 3373 1570 3406; x_wconf 80' lang='grc' dir='ltr'><strong>ι</strong></span> <span class='ocrx_word' id='word_1_267' title='bbox 1603 3357 1666 3409; x_wconf 77' lang='lat' dir='ltr'><strong>Oi</strong></span> <span class='ocrx_word' id='word_1_268' title='bbox 1693 3357 1931 3427; x_wconf 82' lang='grc' dir='ltr'>πατέρες</span> 
     </span>
    </p>
   </div>
   <div class='ocr_carea' id='block_1_34' title="bbox 335 3446 1933 3520">
    <p class='ocr_par' dir='ltr' id='par_1_34' title="bbox 335 3446 1933 3520">
     <span class='ocr_line' id='line_1_34' title="bbox 335 3446 1933 3520; baseline 0.002 -20"><span class='ocrx_word' id='word_1_269' title='bbox 335 3447 498 3518; x_wconf 83' lang='grc' dir='ltr'>ἡμῶν</span> <span class='ocrx_word' id='word_1_270' title='bbox 538 3446 741 3517; x_wconf 76' lang='grc' dir='ltr'>ἔφαγον</span> <span class='ocrx_word' id='word_1_271' title='bbox 778 3448 842 3501; x_wconf 85' lang='grc' dir='ltr'><strong>τὸ</strong></span> <span class='ocrx_word' id='word_1_272' title='bbox 883 3446 1060 3518; x_wconf 82' lang='grc' dir='ltr'>μάννα</span> <span class='ocrx_word' id='word_1_273' title='bbox 1105 3449 1161 3500; x_wconf 82' lang='grc' dir='ltr'>ὲν</span> <span class='ocrx_word' id='word_1_274' title='bbox 1208 3451 1272 3520; x_wconf 84' lang='grc' dir='ltr'>τῇ</span> <span class='ocrx_word' id='word_1_275' title='bbox 1319 3449 1541 3520; x_wconf 77' lang='grc' dir='ltr'>ἐρήμῳ,</span> <span class='ocrx_word' id='word_1_276' title='bbox 1587 3448 1771 3513; x_wconf 88' lang='grc' dir='ltr'>καθώς</span> <span class='ocrx_word' id='word_1_277' title='bbox 1812 3450 1933 3503; x_wconf 81' lang='grc' dir='ltr'>ἐστι</span> 
     </span>
    </p>
   </div>
   <div class='ocr_carea' id='block_1_35' title="bbox 334 3539 1932 3610">
    <p class='ocr_par' dir='ltr' id='par_1_35' title="bbox 334 3539 1932 3610">
     <span class='ocr_line' id='line_1_35' title="bbox 334 3539 1932 3610; baseline 0.001 -18"><span class='ocrx_word' id='word_1_278' title='bbox 334 3540 748 3610; x_wconf 82' lang='grc' dir='ltr'>γεγραμμένον·</span> <span class='ocrx_word' id='word_1_279' title='bbox 772 3540 990 3610; x_wconf 76' lang='grc' dir='ltr'>’Ἄρτον</span> <span class='ocrx_word' id='word_1_280' title='bbox 1001 3539 1070 3594; x_wconf 85' lang='grc' dir='ltr'>ἐκ</span> <span class='ocrx_word' id='word_1_281' title='bbox 1087 3540 1193 3595; x_wconf 87' lang='grc' dir='ltr'><strong>τοῦ</strong></span> <span class='ocrx_word' id='word_1_282' title='bbox 1208 3541 1471 3609; x_wconf 80' lang='grc' dir='ltr'>οὐρανοῦ</span> <span class='ocrx_word' id='word_1_283' title='bbox 1487 3541 1711 3597; x_wconf 78' lang='grc' dir='ltr'>ἔδωκεν</span> <span class='ocrx_word' id='word_1_284' title='bbox 1724 3541 1932 3608; x_wconf 80' lang='grc' dir='ltr'>αὐτοῖς</span> 
     </span>
    </p>
   </div>
   <div class='ocr_carea' id='block_1_36' title="bbox 337 3631 1924 3707">
    <p class='ocr_par' dir='ltr' id='par_1_36' title="bbox 337 3631 1924 3707">
     <span class='ocr_line' id='line_1_36' title="bbox 337 3631 1924 3707; baseline 0.001 -22"><span class='ocrx_word' id='word_1_285' title='bbox 337 3631 558 3702; x_wconf 66' lang='grc' dir='ltr'>φαγεῖν</span> <span class='ocrx_word' id='word_1_286' title='bbox 578 3648 592 3663; x_wconf 97' lang='grc'><strong>·</strong></span> <span class='ocrx_word' id='word_1_287' title='bbox 622 3632 677 3686; x_wconf 88' lang='grc' dir='ltr'><strong>τί</strong></span> <span class='ocrx_word' id='word_1_288' title='bbox 706 3635 879 3697; x_wconf 86' lang='grc' dir='ltr'>ποιεῖς</span> <span class='ocrx_word' id='word_1_289' title='bbox 907 3633 972 3686; x_wconf 78' lang='grc' dir='ltr'><strong>σὺ</strong></span> <span class='ocrx_word' id='word_1_290' title='bbox 996 3636 1243 3705; x_wconf 88' lang='grc' dir='ltr'>σημεῖον,</span> <span class='ocrx_word' id='word_1_291' title='bbox 1272 3633 1360 3689; x_wconf 82' lang='grc' dir='ltr'><strong>ἵνα</strong></span> <span class='ocrx_word' id='word_1_292' title='bbox 1381 3633 1726 3707; x_wconf 87' lang='grc' dir='ltr'>πιστεύωμέν</span> <span class='ocrx_word' id='word_1_293' title='bbox 1760 3651 1876 3701; x_wconf 84' lang='grc' dir='ltr'>σοι;</span> <span class='ocrx_word' id='word_1_294' title='bbox 1906 3653 1924 3686; x_wconf 81' lang='grc' dir='ltr'><strong>ι</strong></span> 
     </span>
    </p>
   </div>
   <div class='ocr_carea' id='block_1_37' title="bbox 336 3724 1931 3799">
    <p class='ocr_par' dir='ltr' id='par_1_37' title="bbox 336 3724 1931 3799">
     <span class='ocr_line' id='line_1_37' title="bbox 336 3724 1931 3799; baseline 0.002 -20"><span class='ocrx_word' id='word_1_295' title='bbox 336 3726 393 3779; x_wconf 82' lang='grc' dir='ltr'><strong>τί</strong></span> <span class='ocrx_word' id='word_1_296' title='bbox 432 3724 673 3796; x_wconf 78' lang='grc' dir='ltr'>ἐργάζῃ,</span> <span class='ocrx_word' id='word_1_297' title='bbox 715 3725 792 3791; x_wconf 84' lang='grc' dir='ltr'><strong>ὼς</strong></span> <span class='ocrx_word' id='word_1_298' title='bbox 832 3724 1037 3780; x_wconf 90' lang='grc' dir='ltr'>ἄνωθεν</span> <span class='ocrx_word' id='word_1_299' title='bbox 1075 3727 1208 3797; x_wconf 83' lang='grc' dir='ltr'>ἡμῖν</span> <span class='ocrx_word' id='word_1_300' title='bbox 1255 3726 1350 3780; x_wconf 76' lang='grc' dir='ltr'>καὶ</span> <span class='ocrx_word' id='word_1_301' title='bbox 1390 3726 1450 3791; x_wconf 82' lang='grc' dir='ltr'>ἐξ</span> <span class='ocrx_word' id='word_1_302' title='bbox 1486 3726 1718 3799; x_wconf 82' lang='grc' dir='ltr'>ούρανοῦ</span> <span class='ocrx_word' id='word_1_303' title='bbox 1759 3744 1931 3782; x_wconf 87' lang='grc' dir='ltr'>κατα-</span> 
     </span>
    </p>
   </div>
   <div class='ocr_carea' id='block_1_38' title="bbox 339 3818 1929 3892">
    <p class='ocr_par' dir='ltr' id='par_1_38' title="bbox 339 3818 1929 3892">
     <span class='ocr_line' id='line_1_38' title="bbox 339 3818 1929 3892; baseline -0.001 -20"><span class='ocrx_word' id='word_1_304' title='bbox 339 3819 576 3888; x_wconf 85' lang='grc' dir='ltr'>κομίσας</span> <span class='ocrx_word' id='word_1_305' title='bbox 603 3820 662 3872; x_wconf 76' lang='grc' dir='ltr'>τὸ</span> <span class='ocrx_word' id='word_1_306' title='bbox 692 3818 888 3888; x_wconf 86' lang='grc' dir='ltr'>σῶμα;</span> <span class='ocrx_word' id='word_1_307' title='bbox 921 3819 1085 3890; x_wconf 80' lang='grc' dir='ltr'>φησίν</span> <span class='ocrx_word' id='word_1_308' title='bbox 1104 3835 1119 3849; x_wconf 95' lang='grc'><strong>·</strong></span> <span class='ocrx_word' id='word_1_309' title='bbox 1153 3838 1170 3871; x_wconf 85' lang='grc' dir='ltr'><strong>ι</strong></span> <span class='ocrx_word' id='word_1_310' title='bbox 1212 3818 1404 3891; x_wconf 75' lang='grc' dir='ltr'>Ἀμὴν,</span> <span class='ocrx_word' id='word_1_311' title='bbox 1435 3819 1583 3892; x_wconf 82' lang='grc' dir='ltr'>ἀμὴν</span> <span class='ocrx_word' id='word_1_312' title='bbox 1610 3820 1752 3891; x_wconf 86' lang='grc' dir='ltr'>λέγω</span> <span class='ocrx_word' id='word_1_313' title='bbox 1777 3821 1929 3892; x_wconf 82' lang='grc' dir='ltr'>ύμῖν,</span> 
     </span>
    </p>
   </div>
   <div class='ocr_carea' id='block_1_39' title="bbox 340 3910 1930 3985">
    <p class='ocr_par' dir='ltr' id='par_1_39' title="bbox 340 3910 1930 3985">
     <span class='ocr_line' id='line_1_39' title="bbox 340 3910 1930 3985; baseline 0.001 -20"><span class='ocrx_word' id='word_1_314' title='bbox 340 3912 405 3965; x_wconf 77' lang='grc' dir='ltr'><strong>οὐ</strong></span> <span class='ocrx_word' id='word_1_315' title='bbox 434 3910 678 3979; x_wconf 77' lang='grc' dir='ltr'>Μωῦσῆς</span> <span class='ocrx_word' id='word_1_316' title='bbox 715 3911 949 3965; x_wconf 83' lang='grc' dir='ltr'>δέδωκεν</span> <span class='ocrx_word' id='word_1_317' title='bbox 981 3912 1113 3982; x_wconf 85' lang='grc' dir='ltr'>ὑμῖν</span> <span class='ocrx_word' id='word_1_318' title='bbox 1141 3912 1233 3966; x_wconf 82' lang='grc' dir='ltr'><strong>τὸν</strong></span> <span class='ocrx_word' id='word_1_319' title='bbox 1262 3912 1427 3983; x_wconf 83' lang='grc' dir='ltr'>ἄρτον</span> <span class='ocrx_word' id='word_1_320' title='bbox 1456 3913 1521 3966; x_wconf 82' lang='grc' dir='ltr'>ἐκ</span> <span class='ocrx_word' id='word_1_321' title='bbox 1547 3912 1642 3966; x_wconf 86' lang='grc' dir='ltr'><strong>τοῦ</strong></span> <span class='ocrx_word' id='word_1_322' title='bbox 1672 3910 1930 3985; x_wconf 80' lang='grc' dir='ltr'>ούρανοῦ,</span> 
     </span>
    </p>
   </div>
   <div class='ocr_carea' id='block_1_40' title="bbox 339 4003 1934 4076">
    <p class='ocr_par' dir='ltr' id='par_1_40' title="bbox 339 4003 1934 4076">
     <span class='ocr_line' id='line_1_40' title="bbox 339 4003 1934 4076; baseline -0.002 -14"><span class='ocrx_word' id='word_1_323' title='bbox 339 4004 456 4062; x_wconf 78' lang='grc' dir='ltr'>ἀλλ’</span> <span class='ocrx_word' id='word_1_324' title='bbox 486 4006 515 4058; x_wconf 98' lang='lat'><strong>6</strong></span> <span class='ocrx_word' id='word_1_325' title='bbox 544 4005 736 4076; x_wconf 84' lang='grc' dir='ltr'>Πατήρ</span> <span class='ocrx_word' id='word_1_326' title='bbox 769 4021 872 4075; x_wconf 87' lang='grc' dir='ltr'><strong>μου</strong></span> <span class='ocrx_word' id='word_1_327' title='bbox 906 4003 1119 4058; x_wconf 78' lang='grc' dir='ltr'>δίδωσιν</span> <span class='ocrx_word' id='word_1_328' title='bbox 1150 4004 1280 4075; x_wconf 85' lang='grc' dir='ltr'>ὑμῖν</span> <span class='ocrx_word' id='word_1_329' title='bbox 1303 4005 1395 4059; x_wconf 82' lang='grc' dir='ltr'><strong>τὸν</strong></span> <span class='ocrx_word' id='word_1_330' title='bbox 1424 4005 1591 4076; x_wconf 80' lang='grc' dir='ltr'>ἄρτον</span> <span class='ocrx_word' id='word_1_331' title='bbox 1625 4007 1690 4058; x_wconf 81' lang='grc' dir='ltr'>ὲκ</span> <span class='ocrx_word' id='word_1_332' title='bbox 1718 4005 1813 4059; x_wconf 86' lang='grc' dir='ltr'><strong>τοῦ</strong></span> <span class='ocrx_word' id='word_1_333' title='bbox 1843 4006 1934 4059; x_wconf 86' lang='grc' dir='ltr'>ού-</span> 
     </span>
    </p>
   </div>
   <div class='ocr_carea' id='block_1_41' title="bbox 343 4096 1934 4173">
    <p class='ocr_par' dir='ltr' id='par_1_41' title="bbox 343 4096 1934 4173">
     <span class='ocr_line' id='line_1_41' title="bbox 343 4096 1934 4173; baseline 0 -20"><span class='ocrx_word' id='word_1_334' title='bbox 343 4098 511 4173; x_wconf 85' lang='grc' dir='ltr'>ρανοῦ</span> <span class='ocrx_word' id='word_1_335' title='bbox 556 4098 646 4152; x_wconf 79' lang='grc' dir='ltr'><strong>τὸν</strong></span> <span class='ocrx_word' id='word_1_336' title='bbox 678 4097 952 4167; x_wconf 82' lang='grc' dir='ltr'>ἀληθινόν.</span> <span class='ocrx_word' id='word_1_337' title='bbox 985 4097 1046 4150; x_wconf 84' lang='grc' dir='ltr'>Ὀ</span> <span class='ocrx_word' id='word_1_338' title='bbox 1075 4098 1184 4167; x_wconf 85' lang='grc' dir='ltr'><strong>γὰρ</strong></span> <span class='ocrx_word' id='word_1_339' title='bbox 1219 4096 1385 4169; x_wconf 82' lang='grc' dir='ltr'>ἄρτος</span> <span class='ocrx_word' id='word_1_340' title='bbox 1413 4096 1506 4152; x_wconf 88' lang='grc' dir='ltr'><strong>τοῦ</strong></span> <span class='ocrx_word' id='word_1_341' title='bbox 1541 4097 1679 4152; x_wconf 89' lang='grc' dir='ltr'>Θεοῦ</span> <span class='ocrx_word' id='word_1_342' title='bbox 1726 4100 1875 4153; x_wconf 81' lang='grc' dir='ltr'>ὲστιν</span> <span class='ocrx_word' id='word_1_343' title='bbox 1906 4101 1934 4153; x_wconf 90' lang='lat'><strong>6</strong></span> 
     </span>
    </p>
   </div>
   <div class='ocr_carea' id='block_1_42' title="bbox 342 4187 1934 4262">
    <p class='ocr_par' dir='ltr' id='par_1_42' title="bbox 342 4187 1934 4262">
     <span class='ocr_line' id='line_1_42' title="bbox 342 4187 1934 4262; baseline 0 -17"><span class='ocrx_word' id='word_1_344' title='bbox 342 4189 695 4245; x_wconf 75' lang='grc' dir='ltr'>καταϐαίνων</span> <span class='ocrx_word' id='word_1_345' title='bbox 734 4191 800 4242; x_wconf 78' lang='grc' dir='ltr'>ὲκ</span> <span class='ocrx_word' id='word_1_346' title='bbox 846 4188 940 4242; x_wconf 88' lang='grc' dir='ltr'><strong>τοῦ</strong></span> <span class='ocrx_word' id='word_1_347' title='bbox 992 4188 1248 4259; x_wconf 86' lang='grc' dir='ltr'>ούρανοῦ,</span> <span class='ocrx_word' id='word_1_348' title='bbox 1292 4189 1387 4243; x_wconf 72' lang='grc' dir='ltr'><strong>καὶ</strong></span> <span class='ocrx_word' id='word_1_349' title='bbox 1438 4187 1585 4262; x_wconf 76' lang='grc' dir='ltr'>ζωὴν</span> <span class='ocrx_word' id='word_1_350' title='bbox 1631 4190 1808 4254; x_wconf 77' lang='grc' dir='ltr'>διδοὺς</span> <span class='ocrx_word' id='word_1_351' title='bbox 1854 4189 1934 4262; x_wconf 85' lang='grc' dir='ltr'>τῷ</span> 
     </span>
    </p>
   </div>
   <div class='ocr_carea' id='block_1_43' title="bbox 344 4281 1934 4355">
    <p class='ocr_par' dir='ltr' id='par_1_43' title="bbox 344 4281 1934 4355">
     <span class='ocr_line' id='line_1_43' title="bbox 344 4281 1934 4355; baseline -0.001 -18"><span class='ocrx_word' id='word_1_352' title='bbox 344 4284 556 4354; x_wconf 82' lang='grc' dir='ltr'>κόσμῳ.</span> <span class='ocrx_word' id='word_1_353' title='bbox 585 4301 603 4335; x_wconf 78' lang='grc' dir='ltr'><strong>ι</strong></span> <span class='ocrx_word' id='word_1_354' title='bbox 639 4282 752 4335; x_wconf 58' lang='grc' dir='ltr'><strong>Καὶ⁸</strong></span> <span class='ocrx_word' id='word_1_355' title='bbox 792 4281 929 4354; x_wconf 84' lang='grc' dir='ltr'>πρός</span> <span class='ocrx_word' id='word_1_356' title='bbox 962 4298 1027 4351; x_wconf 89' lang='grc' dir='ltr'><strong>γε</strong></span> <span class='ocrx_word' id='word_1_357' title='bbox 1071 4281 1280 4344; x_wconf 79' lang='grc' dir='ltr'>τούτοις</span> <span class='ocrx_word' id='word_1_358' title='bbox 1310 4281 1475 4336; x_wconf 90' lang='grc' dir='ltr'>πάλιν</span> <span class='ocrx_word' id='word_1_359' title='bbox 1519 4284 1805 4355; x_wconf 74' lang='grc' dir='ltr'>μονονουχὶ</span> <span class='ocrx_word' id='word_1_360' title='bbox 1840 4283 1934 4338; x_wconf 76' lang='grc' dir='ltr'><strong>καὶ</strong></span> 
     </span>
    </p>
   </div>
   <div class='ocr_carea' id='block_1_44' title="bbox 342 4373 1935 4448">
    <p class='ocr_par' dir='ltr' id='par_1_44' title="bbox 342 4373 1935 4448">
     <span class='ocr_line' id='line_1_44' title="bbox 342 4373 1935 4448; baseline -0.001 -18"><span class='ocrx_word' id='word_1_361' title='bbox 342 4376 594 4448; x_wconf 80' lang='grc' dir='ltr'>δακτύλῳ</span> <span class='ocrx_word' id='word_1_362' title='bbox 622 4385 644 4412; x_wconf 79' lang='grc'><strong>²</strong></span> <span class='ocrx_word' id='word_1_363' title='bbox 677 4374 1033 4439; x_wconf 76' lang='grc' dir='ltr'>καταδεικνὺς</span> <span class='ocrx_word' id='word_1_364' title='bbox 1073 4375 1265 4428; x_wconf 74' lang='grc' dir='ltr'>ἑαυτὸν</span> <span class='ocrx_word' id='word_1_365' title='bbox 1295 4373 1610 4445; x_wconf 82' lang='grc' dir='ltr'>ὲνσώματον</span> <span class='ocrx_word' id='word_1_366' title='bbox 1635 4387 1660 4416; x_wconf 69' lang='lat'><strong>8</strong></span> <span class='ocrx_word' id='word_1_367' title='bbox 1679 4392 1692 4407; x_wconf 93' lang='grc'><strong>·</strong></span> <span class='ocrx_word' id='word_1_368' title='bbox 1729 4394 1748 4427; x_wconf 78' lang='grc' dir='ltr'><strong>ι</strong></span> <span class='ocrx_word' id='word_1_369' title='bbox 1793 4374 1935 4445; x_wconf 80' lang='grc' dir='ltr'><strong>Ἐγώ</strong></span> 
     </span>
    </p>
   </div>
   <div class='ocr_carea' id='block_1_45' title="bbox 343 4464 1935 4540">
    <p class='ocr_par' dir='ltr' id='par_1_45' title="bbox 343 4464 1935 4540">
     <span class='ocr_line' id='line_1_45' title="bbox 343 4464 1935 4540; baseline 0.001 -18"><span class='ocrx_word' id='word_1_370' title='bbox 343 4470 460 4540; x_wconf 79' lang='grc' dir='ltr'>εἰμι</span> <span class='ocrx_word' id='word_1_371' title='bbox 488 4470 515 4521; x_wconf 89' lang='lat'><strong>6</strong></span> <span class='ocrx_word' id='word_1_372' title='bbox 540 4467 703 4538; x_wconf 83' lang='grc' dir='ltr'>ἄρτος</span> <span class='ocrx_word' id='word_1_373' title='bbox 728 4467 756 4519; x_wconf 95' lang='lat'><strong>6</strong></span> <span class='ocrx_word' id='word_1_374' title='bbox 791 4465 920 4530; x_wconf 74' lang='grc' dir='ltr'>ζῶν,</span> <span class='ocrx_word' id='word_1_375' title='bbox 950 4466 978 4517; x_wconf 88' lang='lat'><strong>6</strong></span> <span class='ocrx_word' id='word_1_376' title='bbox 1008 4467 1072 4519; x_wconf 86' lang='grc' dir='ltr'>ὲκ</span> <span class='ocrx_word' id='word_1_377' title='bbox 1116 4465 1210 4519; x_wconf 91' lang='grc' dir='ltr'><strong>τοῦ</strong></span> <span class='ocrx_word' id='word_1_378' title='bbox 1238 4464 1471 4537; x_wconf 86' lang='grc' dir='ltr'>ούρανοῦ</span> <span class='ocrx_word' id='word_1_379' title='bbox 1500 4467 1765 4531; x_wconf 72' lang='grc' dir='ltr'>καταϐάς.</span> <span class='ocrx_word' id='word_1_380' title='bbox 1807 4468 1935 4523; x_wconf 89' lang='grc' dir='ltr'>Ἐάν</span> 
     </span>
    </p>
   </div>
   <div class='ocr_carea' id='block_1_46' title="bbox 874 3167 1998 3264">
    <p class='ocr_par' dir='ltr' id='par_1_46' title="bbox 874 3167 1998 3264">
     <span class='ocr_line' id='line_1_46' title="bbox 874 3167 1998 3264; baseline 0.004 -44"><span class='ocrx_word' id='word_1_381' title='bbox 874 3168 971 3221; x_wconf 75' lang='grc' dir='ltr'><strong>καὶ</strong></span> <span class='ocrx_word' id='word_1_382' title='bbox 1015 3167 1116 3239; x_wconf 85' lang='grc' dir='ltr'><strong>τὴν</strong></span> <span class='ocrx_word' id='word_1_383' title='bbox 1162 3168 1256 3220; x_wconf 76' lang='grc' dir='ltr'><strong>ἐπὶ</strong></span> <span class='ocrx_word' id='word_1_384' title='bbox 1299 3170 1414 3231; x_wconf 83' lang='grc' dir='ltr'>τοῖς</span> <span class='ocrx_word' id='word_1_385' title='bbox 1448 3168 1700 3239; x_wconf 85' lang='grc' dir='ltr'>ἀμείνοσι</span> <span class='ocrx_word' id='word_1_386' title='bbox 1746 3169 1927 3241; x_wconf 73' lang='grc' dir='ltr'>ψῆφον</span> <span class='ocrx_word' id='word_1_387' title='bbox 1954 3208 1998 3264; x_wconf 70' lang='lat' dir='ltr'><strong><em>C</em></strong></span> 
     </span>
    </p>
   </div>
   <div class='ocr_carea' id='block_1_47' title="bbox 240 3256 1928 3333">
    <p class='ocr_par' dir='ltr' id='par_1_47' title="bbox 240 3256 1928 3333">
     <span class='ocr_line' id='line_1_47' title="bbox 240 3256 1928 3333; baseline 0.003 -21"><span class='ocrx_word' id='word_1_388' title='bbox 240 3321 245 3325; x_wconf 31' lang='grc'>,</span> <span class='ocrx_word' id='word_1_389' title='bbox 333 3260 629 3328; x_wconf 80' lang='grc' dir='ltr'>ἀνάπτειν,</span> <span class='ocrx_word' id='word_1_390' title='bbox 669 3261 770 3314; x_wconf 81' lang='grc' dir='ltr'><strong>οὐκ</strong></span> <span class='ocrx_word' id='word_1_391' title='bbox 807 3256 905 3313; x_wconf 78' lang='grc' dir='ltr'>οἶδ’</span> <span class='ocrx_word' id='word_1_392' title='bbox 935 3261 1116 3326; x_wconf 83' lang='grc' dir='ltr'>ὅπως,</span> <span class='ocrx_word' id='word_1_393' title='bbox 1160 3261 1660 3333; x_wconf 82' lang='grc' dir='ltr'>ἐπικεχειρηκότων</span> <span class='ocrx_word' id='word_1_394' title='bbox 1706 3261 1785 3333; x_wconf 85' lang='grc' dir='ltr'><strong>τῷ</strong></span> <span class='ocrx_word' id='word_1_395' title='bbox 1823 3280 1928 3333; x_wconf 87' lang='grc' dir='ltr'>μα-</span> 
     </span>
    </p>
   </div>
   <div class='ocr_carea' id='block_1_48' title="bbox 2022 603 3611 685">
    <p class='ocr_par' dir='ltr' id='par_1_48' title="bbox 2022 603 3611 685">
     <span class='ocr_line' id='line_1_48' title="bbox 2022 603 3611 685; baseline 0.005 -25"><span class='ocrx_word' id='word_1_396' title='bbox 2022 603 2259 675; x_wconf 77' lang='lat' dir='ltr'><strong>Spiritus</strong></span> <span class='ocrx_word' id='word_1_397' title='bbox 2300 606 2392 662; x_wconf 86' lang='lat' dir='ltr'><strong>Dei</strong></span> <span class='ocrx_word' id='word_1_398' title='bbox 2435 606 2645 662; x_wconf 90' lang='lat' dir='ltr'><strong>habitat</strong></span> <span class='ocrx_word' id='word_1_399' title='bbox 2689 608 2744 662; x_wconf 87' lang='lat' dir='ltr'><strong>in</strong></span> <span class='ocrx_word' id='word_1_400' title='bbox 2784 608 2958 678; x_wconf 69' lang='lat' dir='ltr'><strong>vobis,</strong></span> <span class='ocrx_word' id='word_1_401' title='bbox 2999 609 3055 666; x_wconf 92' lang='lat' dir='ltr'><strong>Si</strong></span> <span class='ocrx_word' id='word_1_402' title='bbox 3094 612 3218 682; x_wconf 91' lang='lat' dir='ltr'><strong>quis</strong></span> <span class='ocrx_word' id='word_1_403' title='bbox 3263 622 3443 669; x_wconf 88' lang='lat' dir='ltr'><strong>autem</strong></span> <span class='ocrx_word' id='word_1_404' title='bbox 3486 615 3611 685; x_wconf 82' lang='lat' dir='ltr'><strong>Spi-</strong></span> 
     </span>
    </p>
   </div>
   <div class='ocr_carea' id='block_1_49' title="bbox 2022 696 3611 771">
    <p class='ocr_par' dir='ltr' id='par_1_49' title="bbox 2022 696 3611 771">
     <span class='ocr_line' id='line_1_49' title="bbox 2022 696 3611 771; baseline 0.006 -20"><span class='ocrx_word' id='word_1_405' title='bbox 2022 697 2184 751; x_wconf 87' lang='lat' dir='ltr'><strong>ritum</strong></span> <span class='ocrx_word' id='word_1_406' title='bbox 2225 696 2427 753; x_wconf 86' lang='lat' dir='ltr'><strong>Christi</strong></span> <span class='ocrx_word' id='word_1_407' title='bbox 2470 714 2574 753; x_wconf 91' lang='lat' dir='ltr'><strong>non</strong></span> <span class='ocrx_word' id='word_1_408' title='bbox 2606 699 2786 765; x_wconf 89' lang='lat' dir='ltr'><strong>habet,</strong></span> <span class='ocrx_word' id='word_1_409' title='bbox 2829 699 2919 756; x_wconf 83' lang='lat' dir='ltr'><strong>hic</strong></span> <span class='ocrx_word' id='word_1_410' title='bbox 2957 716 3065 757; x_wconf 91' lang='lat' dir='ltr'><strong>non</strong></span> <span class='ocrx_word' id='word_1_411' title='bbox 3105 713 3190 758; x_wconf 89' lang='lat' dir='ltr'><strong>est</strong></span> <span class='ocrx_word' id='word_1_412' title='bbox 3229 703 3365 771; x_wconf 80' lang='lat' dir='ltr'><strong>ejtts.</strong></span> <span class='ocrx_word' id='word_1_413' title='bbox 3409 704 3465 759; x_wconf 91' lang='lat' dir='ltr'><strong>Si</strong></span> <span class='ocrx_word' id='word_1_414' title='bbox 3514 721 3611 761; x_wconf 87' lang='lat' dir='ltr'><strong>au-</strong></span> 
     </span>
    </p>
   </div>
   <div class='ocr_carea' id='block_1_50' title="bbox 2022 787 3606 862">
    <p class='ocr_par' dir='ltr' id='par_1_50' title="bbox 2022 787 3606 862">
     <span class='ocr_line' id='line_1_50' title="bbox 2022 787 3606 862; baseline 0.004 -19"><span class='ocrx_word' id='word_1_415' title='bbox 2022 797 2129 843; x_wconf 90' lang='lat' dir='ltr'><strong>tem</strong></span> <span class='ocrx_word' id='word_1_416' title='bbox 2157 787 2406 845; x_wconf 86' lang='lat' dir='ltr'><strong>Christus</strong></span> <span class='ocrx_word' id='word_1_417' title='bbox 2437 789 2489 843; x_wconf 93' lang='lat' dir='ltr'><strong>in</strong></span> <span class='ocrx_word' id='word_1_418' title='bbox 2525 790 2681 845; x_wconf 83' lang='lat' dir='ltr'><strong>vobis</strong></span> <span class='ocrx_word' id='word_1_419' title='bbox 2714 798 2821 855; x_wconf 88' lang='lat' dir='ltr'><strong>est,</strong></span> <span class='ocrx_word' id='word_1_420' title='bbox 2848 806 3049 862; x_wconf 88' lang='lat' dir='ltr'><strong>corpus</strong></span> <span class='ocrx_word' id='word_1_421' title='bbox 3083 794 3298 862; x_wconf 85' lang='lat' dir='ltr'><strong>quidem</strong></span> <span class='ocrx_word' id='word_1_422' title='bbox 3333 806 3606 851; x_wconf 86' lang='lat' dir='ltr'><strong>mortuum</strong></span> 
     </span>
    </p>
   </div>
   <div class='ocr_carea' id='block_1_51' title="bbox 2020 883 3611 957">
    <p class='ocr_par' dir='ltr' id='par_1_51' title="bbox 2020 883 3611 957">
     <span class='ocr_line' id='line_1_51' title="bbox 2020 883 3611 957; baseline 0.005 -22"><span class='ocrx_word' id='word_1_423' title='bbox 2020 889 2104 936; x_wconf 89' lang='lat' dir='ltr'><strong>est</strong></span> <span class='ocrx_word' id='word_1_424' title='bbox 2141 889 2362 950; x_wconf 90' lang='lat' dir='ltr'><strong>propter</strong></span> <span class='ocrx_word' id='word_1_425' title='bbox 2398 892 2703 950; x_wconf 87' lang='lat' dir='ltr'><strong>peccatum,</strong></span> <span class='ocrx_word' id='word_1_426' title='bbox 2742 883 2968 952; x_wconf 85' lang='lat' dir='ltr'><strong>spiritus</strong></span> <span class='ocrx_word' id='word_1_427' title='bbox 3005 894 3187 939; x_wconf 89' lang='lat' dir='ltr'><strong>autem</strong></span> <span class='ocrx_word' id='word_1_428' title='bbox 3220 887 3354 940; x_wconf 91' lang='lat' dir='ltr'><strong>vivit</strong></span> <span class='ocrx_word' id='word_1_429' title='bbox 3383 897 3611 957; x_wconf 83' lang='lat' dir='ltr'><strong>propter</strong></span> 
     </span>
    </p>
   </div>
   <div class='ocr_carea' id='block_1_52' title="bbox 2015 971 3612 1047">
    <p class='ocr_par' dir='ltr' id='par_1_52' title="bbox 2015 971 3612 1047">
     <span class='ocr_line' id='line_1_52' title="bbox 2015 971 3612 1047; baseline 0.004 -21"><span class='ocrx_word' id='word_1_430' title='bbox 2015 971 2462 1042; x_wconf 82' lang='lat' dir='ltr'><strong>justiticationem</strong></span> <span class='ocrx_word' id='word_1_431' title='bbox 2493 973 2558 1027; x_wconf 86' lang='grc'><strong>³⁸.</strong></span> <span class='ocrx_word' id='word_1_432' title='bbox 2610 992 2629 1025; x_wconf 72' lang='grc' dir='ltr'><strong>ι</strong></span> <span class='ocrx_word' id='word_1_433' title='bbox 2674 973 2830 1028; x_wconf 83' lang='lat' dir='ltr'><strong>Patet</strong></span> <span class='ocrx_word' id='word_1_434' title='bbox 2869 990 3000 1046; x_wconf 81' lang='lat' dir='ltr'><strong>ergo</strong></span> <span class='ocrx_word' id='word_1_435' title='bbox 3028 974 3296 1045; x_wconf 92' lang='lat' dir='ltr'><strong>Spiritum</strong></span> <span class='ocrx_word' id='word_1_436' title='bbox 3326 977 3446 1032; x_wconf 86' lang='lat' dir='ltr'><strong>Filii</strong></span> <span class='ocrx_word' id='word_1_437' title='bbox 3475 993 3612 1047; x_wconf 54' lang='lat' dir='ltr'><strong>qnoc</strong></span> 
     </span>
    </p>
   </div>
   <div class='ocr_carea' id='block_1_53' title="bbox 2021 1064 3611 1137">
    <p class='ocr_par' dir='ltr' id='par_1_53' title="bbox 2021 1064 3611 1137">
     <span class='ocr_line' id='line_1_53' title="bbox 2021 1064 3611 1137; baseline 0.003 -18"><span class='ocrx_word' id='word_1_438' title='bbox 2021 1079 2129 1135; x_wconf 91' lang='lat' dir='ltr'><strong>que</strong></span> <span class='ocrx_word' id='word_1_439' title='bbox 2179 1064 2454 1134; x_wconf 89' lang='lat' dir='ltr'><strong>proprium</strong></span> <span class='ocrx_word' id='word_1_440' title='bbox 2495 1079 2651 1130; x_wconf 83' lang='lat' dir='ltr'><strong>esse,</strong></span> <span class='ocrx_word' id='word_1_441' title='bbox 2690 1080 2791 1121; x_wconf 91' lang='lat' dir='ltr'><strong>nec</strong></span> <span class='ocrx_word' id='word_1_442' title='bbox 2826 1066 3004 1121; x_wconf 84' lang='lat' dir='ltr'><strong>solum</strong></span> <span class='ocrx_word' id='word_1_443' title='bbox 3044 1076 3318 1137; x_wconf 87' lang='lat' dir='ltr'><strong>quatenus</strong></span> <span class='ocrx_word' id='word_1_444' title='bbox 3373 1067 3611 1124; x_wconf 81' lang='lat' dir='ltr'><strong>Verbum</strong></span> 
     </span>
    </p>
   </div>
   <div class='ocr_carea' id='block_1_54' title="bbox 2021 1157 3615 1231">
    <p class='ocr_par' dir='ltr' id='par_1_54' title="bbox 2021 1157 3615 1231">
     <span class='ocr_line' id='line_1_54' title="bbox 2021 1157 3615 1231; baseline 0.002 -17"><span class='ocrx_word' id='word_1_445' title='bbox 2021 1168 2107 1214; x_wconf 91' lang='lat' dir='ltr'><strong>est</strong></span> <span class='ocrx_word' id='word_1_446' title='bbox 2138 1174 2202 1215; x_wconf 74' lang='lat' dir='ltr'><strong>ex</strong></span> <span class='ocrx_word' id='word_1_447' title='bbox 2230 1157 2390 1214; x_wconf 86' lang='lat' dir='ltr'><strong>Patre</strong></span> <span class='ocrx_word' id='word_1_448' title='bbox 2424 1161 2699 1228; x_wconf 88' lang='lat' dir='ltr'><strong>prodiens,</strong></span> <span class='ocrx_word' id='word_1_449' title='bbox 2726 1160 2820 1215; x_wconf 90' lang='lat' dir='ltr'><strong>sed</strong></span> <span class='ocrx_word' id='word_1_450' title='bbox 2850 1160 3013 1215; x_wconf 85' lang='lat' dir='ltr'><strong>etiam</strong></span> <span class='ocrx_word' id='word_1_451' title='bbox 3041 1160 3087 1215; x_wconf 89' lang='lat' dir='ltr'><strong>si</strong></span> <span class='ocrx_word' id='word_1_452' title='bbox 3121 1162 3390 1231; x_wconf 88' lang='lat' dir='ltr'><strong>cogitetur</strong></span> <span class='ocrx_word' id='word_1_453' title='bbox 3417 1178 3615 1217; x_wconf 85' lang='lat' dir='ltr'><strong>secun-</strong></span> 
     </span>
    </p>
   </div>
   <div class='ocr_carea' id='block_1_55' title="bbox 2021 1251 3609 1323">
    <p class='ocr_par' dir='ltr' id='par_1_55' title="bbox 2021 1251 3609 1323">
     <span class='ocr_line' id='line_1_55' title="bbox 2021 1251 3609 1323; baseline 0.002 -17"><span class='ocrx_word' id='word_1_454' title='bbox 2021 1251 2146 1306; x_wconf 89' lang='lat' dir='ltr'><strong>dum</strong></span> <span class='ocrx_word' id='word_1_455' title='bbox 2207 1265 2306 1306; x_wconf 88' lang='lat' dir='ltr'><strong>nos</strong></span> <span class='ocrx_word' id='word_1_456' title='bbox 2344 1251 2506 1307; x_wconf 89' lang='lat' dir='ltr'><strong>homo</strong></span> <span class='ocrx_word' id='word_1_457' title='bbox 2562 1252 2758 1318; x_wconf 77' lang='lat' dir='ltr'><strong>factus,</strong></span> <span class='ocrx_word' id='word_1_458' title='bbox 2804 1252 3101 1308; x_wconf 81' lang='lat' dir='ltr'><strong>divinitatis</strong></span> <span class='ocrx_word' id='word_1_459' title='bbox 3161 1252 3609 1323; x_wconf 81' lang='lat' dir='ltr'><strong>praprietatibus,</strong></span> 
     </span>
    </p>
   </div>
   <div class='ocr_carea' id='block_1_56' title="bbox 2021 1346 3611 1416">
    <p class='ocr_par' dir='ltr' id='par_1_56' title="bbox 2021 1346 3611 1416">
     <span class='ocr_line' id='line_1_56' title="bbox 2021 1346 3611 1416; baseline 0.003 -17"><span class='ocrx_word' id='word_1_460' title='bbox 2021 1359 2143 1416; x_wconf 71' lang='lat' dir='ltr'><strong>quae</strong></span> <span class='ocrx_word' id='word_1_461' title='bbox 2182 1360 2233 1398; x_wconf 90' lang='lat' dir='ltr'><strong>tn</strong></span> <span class='ocrx_word' id='word_1_462' title='bbox 2276 1346 2548 1415; x_wconf 86' lang='lat' dir='ltr'><strong>propriam</strong></span> <span class='ocrx_word' id='word_1_463' title='bbox 2604 1346 2749 1401; x_wconf 88' lang='lat' dir='ltr'><strong>illius</strong></span> <span class='ocrx_word' id='word_1_464' title='bbox 2792 1355 3041 1400; x_wconf 85' lang='lat' dir='ltr'><strong>naturam</strong></span> <span class='ocrx_word' id='word_1_465' title='bbox 3095 1347 3444 1415; x_wconf 87' lang='lat' dir='ltr'><strong>conveniunt,</strong></span> <span class='ocrx_word' id='word_1_466' title='bbox 3503 1362 3611 1403; x_wconf 90' lang='lat' dir='ltr'><strong>non</strong></span> 
     </span>
    </p>
   </div>
   <div class='ocr_carea' id='block_1_57' title="bbox 2022 1435 3614 1505">
    <p class='ocr_par' dir='ltr' id='par_1_57' title="bbox 2022 1435 3614 1505">
     <span class='ocr_line' id='line_1_57' title="bbox 2022 1435 3614 1505; baseline 0.002 -15"><span class='ocrx_word' id='word_1_467' title='bbox 2022 1437 2335 1492; x_wconf 86' lang='lat' dir='ltr'><strong>destitutus.</strong></span> <span class='ocrx_word' id='word_1_468' title='bbox 2376 1435 2510 1490; x_wconf 85' lang='lat' dir='ltr'><strong>Nam</strong></span> <span class='ocrx_word' id='word_1_469' title='bbox 2552 1436 2678 1492; x_wconf 86' lang='lat' dir='ltr'><strong>licet</strong></span> <span class='ocrx_word' id='word_1_470' title='bbox 2714 1448 2773 1491; x_wconf 91' lang='lat' dir='ltr'><strong>ut</strong></span> <span class='ocrx_word' id='word_1_471' title='bbox 2810 1439 2970 1491; x_wconf 91' lang='lat' dir='ltr'><strong>homo</strong></span> <span class='ocrx_word' id='word_1_472' title='bbox 3010 1436 3241 1505; x_wconf 86' lang='lat' dir='ltr'><strong>proinde</strong></span> <span class='ocrx_word' id='word_1_473' title='bbox 3279 1452 3344 1493; x_wconf 88' lang='lat' dir='ltr'><strong>ac</strong></span> <span class='ocrx_word' id='word_1_474' title='bbox 3383 1453 3483 1493; x_wconf 91' lang='lat' dir='ltr'><strong>nos</strong></span> <span class='ocrx_word' id='word_1_475' title='bbox 3530 1439 3614 1493; x_wconf 91' lang='lat' dir='ltr'><strong>vi-</strong></span> 
     </span>
    </p>
   </div>
   <div class='ocr_carea' id='block_1_58' title="bbox 2023 1520 3614 1600">
    <p class='ocr_par' dir='ltr' id='par_1_58' title="bbox 2023 1520 3614 1600">
     <span class='ocr_line' id='line_1_58' title="bbox 2023 1520 3614 1600; baseline 0.003 -21"><span class='ocrx_word' id='word_1_476' title='bbox 2023 1527 2231 1581; x_wconf 83' lang='lat' dir='ltr'><strong>viticari</strong></span> <span class='ocrx_word' id='word_1_477' title='bbox 2270 1520 2541 1582; x_wconf 79' lang='lat' dir='ltr'><strong>interdum</strong></span> <span class='ocrx_word' id='word_1_478' title='bbox 2573 1528 2823 1593; x_wconf 85' lang='lat' dir='ltr'><strong>dicatur;</strong></span> <span class='ocrx_word' id='word_1_479' title='bbox 2864 1537 3103 1581; x_wconf 90' lang='lat' dir='ltr'><strong>attamen</strong></span> <span class='ocrx_word' id='word_1_480' title='bbox 3139 1529 3614 1600; x_wconf 83' lang='lat' dir='ltr'><strong>propterinexpli-</strong></span> 
     </span>
    </p>
   </div>
   <div class='ocr_carea' id='block_1_59' title="bbox 2023 1617 3615 1690">
    <p class='ocr_par' dir='ltr' id='par_1_59' title="bbox 2023 1617 3615 1690">
     <span class='ocr_line' id='line_1_59' title="bbox 2023 1617 3615 1690; baseline 0.001 -16"><span class='ocrx_word' id='word_1_481' title='bbox 2023 1618 2252 1674; x_wconf 85' lang='lat' dir='ltr'><strong>cabilem</strong></span> <span class='ocrx_word' id='word_1_482' title='bbox 2286 1618 2429 1673; x_wconf 82' lang='lat' dir='ltr'><strong>illam</strong></span> <span class='ocrx_word' id='word_1_483' title='bbox 2470 1633 2537 1674; x_wconf 82' lang='lat' dir='ltr'><strong>ex</strong></span> <span class='ocrx_word' id='word_1_484' title='bbox 2577 1620 2795 1673; x_wconf 82' lang='lat' dir='ltr'><strong>vivente</strong></span> <span class='ocrx_word' id='word_1_485' title='bbox 2828 1617 2991 1674; x_wconf 87' lang='lat' dir='ltr'><strong>Patre</strong></span> <span class='ocrx_word' id='word_1_486' title='bbox 3028 1619 3455 1690; x_wconf 80' lang='lat' dir='ltr'><strong>generationem,</strong></span> <span class='ocrx_word' id='word_1_487' title='bbox 3485 1636 3615 1675; x_wconf 76' lang='lat' dir='ltr'><strong>om-</strong></span> 
     </span>
    </p>
   </div>
   <div class='ocr_carea' id='block_1_60' title="bbox 2025 1708 3615 1766">
    <p class='ocr_par' dir='ltr' id='par_1_60' title="bbox 2025 1708 3615 1766">
     <span class='ocr_line' id='line_1_60' title="bbox 2025 1708 3615 1766; baseline 0.001 -1"><span class='ocrx_word' id='word_1_488' title='bbox 2025 1711 2175 1765; x_wconf 90' lang='lat' dir='ltr'><strong>nium</strong></span> <span class='ocrx_word' id='word_1_489' title='bbox 2211 1710 2320 1766; x_wconf 89' lang='lat' dir='ltr'><strong>vita</strong></span> <span class='ocrx_word' id='word_1_490' title='bbox 2358 1711 2599 1766; x_wconf 82' lang='lat' dir='ltr'><strong>exsistit.</strong></span> <span class='ocrx_word' id='word_1_491' title='bbox 2663 1708 2859 1764; x_wconf 89' lang='lat' dir='ltr'><strong>Videre</strong></span> <span class='ocrx_word' id='word_1_492' title='bbox 2899 1719 2984 1764; x_wconf 90' lang='lat' dir='ltr'><strong>est</strong></span> <span class='ocrx_word' id='word_1_493' title='bbox 3030 1716 3208 1764; x_wconf 87' lang='lat' dir='ltr'><strong>autem</strong></span> <span class='ocrx_word' id='word_1_494' title='bbox 3245 1709 3335 1764; x_wconf 91' lang='lat' dir='ltr'><strong>ubi</strong></span> <span class='ocrx_word' id='word_1_495' title='bbox 3378 1709 3615 1766; x_wconf 86' lang='lat' dir='ltr'><strong>Verbum</strong></span> 
     </span>
    </p>
   </div>
   <div class='ocr_carea' id='block_1_61' title="bbox 2026 1798 3615 1871">
    <p class='ocr_par' dir='ltr' id='par_1_61' title="bbox 2026 1798 3615 1871">
     <span class='ocr_line' id='line_1_61' title="bbox 2026 1798 3615 1871; baseline -0.001 -14"><span class='ocrx_word' id='word_1_496' title='bbox 2026 1803 2221 1857; x_wconf 67' lang='lat' dir='ltr'><strong>divina:</strong></span> <span class='ocrx_word' id='word_1_497' title='bbox 2267 1801 2505 1856; x_wconf 84' lang='lat' dir='ltr'><strong>actionis</strong></span> <span class='ocrx_word' id='word_1_498' title='bbox 2551 1800 2781 1871; x_wconf 81' lang='lat' dir='ltr'><strong>gloriam</strong></span> <span class='ocrx_word' id='word_1_499' title='bbox 2832 1800 3068 1868; x_wconf 69' lang='lat' dir='ltr'><strong>propria:</strong></span> <span class='ocrx_word' id='word_1_500' title='bbox 3101 1798 3251 1854; x_wconf 85' lang='lat' dir='ltr'><strong>carni</strong></span> <span class='ocrx_word' id='word_1_501' title='bbox 3294 1798 3559 1870; x_wconf 74' lang='lat' dir='ltr'><strong>largiatur</strong></span> <span class='ocrx_word' id='word_1_502' title='bbox 3597 1816 3615 1857; x_wconf 91' lang='lat'><strong>:</strong></span> 
     </span>
    </p>
   </div>
   <div class='ocr_carea' id='block_1_62' title="bbox 2027 1889 3615 1961">
    <p class='ocr_par' dir='ltr' id='par_1_62' title="bbox 2027 1889 3615 1961">
     <span class='ocr_line' id='line_1_62' title="bbox 2027 1889 3615 1961; baseline -0.003 -12"><span class='ocrx_word' id='word_1_503' title='bbox 2027 1902 2212 1948; x_wconf 86' lang='lat' dir='ltr'><strong>contra</strong></span> <span class='ocrx_word' id='word_1_504' title='bbox 2238 1907 2456 1946; x_wconf 89' lang='lat' dir='ltr'><strong>rursum</strong></span> <span class='ocrx_word' id='word_1_505' title='bbox 2493 1892 2583 1947; x_wconf 92' lang='lat' dir='ltr'><strong>ubi</strong></span> <span class='ocrx_word' id='word_1_506' title='bbox 2609 1906 2731 1961; x_wconf 69' lang='lat' dir='ltr'><strong>qua:</strong></span> <span class='ocrx_word' id='word_1_507' title='bbox 2757 1890 2939 1945; x_wconf 88' lang='lat' dir='ltr'><strong>carnis</strong></span> <span class='ocrx_word' id='word_1_508' title='bbox 2967 1899 3116 1957; x_wconf 90' lang='lat' dir='ltr'><strong>sunt,</strong></span> <span class='ocrx_word' id='word_1_509' title='bbox 3135 1889 3187 1943; x_wconf 92' lang='lat' dir='ltr'><strong>in</strong></span> <span class='ocrx_word' id='word_1_510' title='bbox 3217 1904 3275 1944; x_wconf 87' lang='lat' dir='ltr'><strong>se</strong></span> <span class='ocrx_word' id='word_1_511' title='bbox 3300 1889 3615 1957; x_wconf 79' lang='lat' dir='ltr'><strong>transferat,</strong></span> 
     </span>
    </p>
   </div>
   <div class='ocr_carea' id='block_1_63' title="bbox 2025 1980 3615 2052">
    <p class='ocr_par' dir='ltr' id='par_1_63' title="bbox 2025 1980 3615 2052">
     <span class='ocr_line' id='line_1_63' title="bbox 2025 1980 3615 2052; baseline 0.001 -17"><span class='ocrx_word' id='word_1_512' title='bbox 2025 1997 2089 2037; x_wconf 89' lang='lat' dir='ltr'><strong>ac</strong></span> <span class='ocrx_word' id='word_1_513' title='bbox 2139 1990 2359 2052; x_wconf 86' lang='lat' dir='ltr'><strong>propter</strong></span> <span class='ocrx_word' id='word_1_514' title='bbox 2406 1980 2830 2050; x_wconf 88' lang='lat' dir='ltr'><strong>dispensationis</strong></span> <span class='ocrx_word' id='word_1_515' title='bbox 2889 1980 3143 2035; x_wconf 90' lang='lat' dir='ltr'><strong>unionem</strong></span> <span class='ocrx_word' id='word_1_516' title='bbox 3195 1981 3428 2050; x_wconf 77' lang='lat' dir='ltr'><strong>propria:</strong></span> <span class='ocrx_word' id='word_1_517' title='bbox 3477 1996 3615 2051; x_wconf 90' lang='lat' dir='ltr'><strong>quo-</strong></span> 
     </span>
    </p>
   </div>
   <div class='ocr_carea' id='block_1_64' title="bbox 2026 2071 2818 2127">
    <p class='ocr_par' dir='ltr' id='par_1_64' title="bbox 2026 2071 2818 2127">
     <span class='ocr_line' id='line_1_64' title="bbox 2026 2071 2818 2127; baseline -0.003 0"><span class='ocrx_word' id='word_1_518' title='bbox 2026 2071 2315 2127; x_wconf 82' lang='lat' dir='ltr'><strong>dammodo</strong></span> <span class='ocrx_word' id='word_1_519' title='bbox 2355 2080 2563 2125; x_wconf 70' lang='lat' dir='ltr'><strong>naturae</strong></span> <span class='ocrx_word' id='word_1_520' title='bbox 2593 2071 2818 2126; x_wconf 88' lang='lat' dir='ltr'><strong>tribuat.</strong></span> 
     </span>
    </p>
   </div>
   <div class='ocr_carea' id='block_1_65' title="bbox 2098 2161 3621 2235">
    <p class='ocr_par' dir='ltr' id='par_1_65' title="bbox 2098 2161 3621 2235">
     <span class='ocr_line' id='line_1_65' title="bbox 2098 2161 3621 2235; baseline 0.002 -17"><span class='ocrx_word' id='word_1_521' title='bbox 2098 2163 2382 2219; x_wconf 76' lang='lat' dir='ltr'><strong>XXXVIII.</strong></span> <span class='ocrx_word' id='word_1_522' title='bbox 2445 2164 2642 2217; x_wconf 82' lang='lat' dir='ltr'><strong>Annon</strong></span> <span class='ocrx_word' id='word_1_523' title='bbox 2694 2163 2746 2217; x_wconf 92' lang='lat' dir='ltr'><strong>in</strong></span> <span class='ocrx_word' id='word_1_524' title='bbox 2804 2161 3063 2229; x_wconf 82' lang='lat' dir='ltr'><strong>Verbum,</strong></span> <span class='ocrx_word' id='word_1_525' title='bbox 3128 2165 3270 2235; x_wconf 89' lang='lat' dir='ltr'><strong>quod</strong></span> <span class='ocrx_word' id='word_1_526' title='bbox 3315 2163 3621 2221; x_wconf 86' lang='lat' dir='ltr'><strong>secundum</strong></span> 
     </span>
    </p>
   </div>
   <div class='ocr_carea' id='block_1_66' title="bbox 2028 2242 3620 2324">
    <p class='ocr_par' dir='ltr' id='par_1_66' title="bbox 2028 2242 3620 2324">
     <span class='ocr_line' id='line_1_66' title="bbox 2028 2242 3620 2324; baseline 0.002 -15"><span class='ocrx_word' id='word_1_527' title='bbox 2028 2266 2277 2310; x_wconf 87' lang='lat' dir='ltr'><strong>naturam</strong></span> <span class='ocrx_word' id='word_1_528' title='bbox 2325 2268 2356 2309; x_wconf 90' lang='lat' dir='ltr'><strong>a</strong></span> <span class='ocrx_word' id='word_1_529' title='bbox 2424 2254 2534 2309; x_wconf 91' lang='lat' dir='ltr'><strong>Deo</strong></span> <span class='ocrx_word' id='word_1_530' title='bbox 2566 2251 2730 2310; x_wconf 87' lang='lat' dir='ltr'><strong>Patre</strong></span> <span class='ocrx_word' id='word_1_531' title='bbox 2785 2255 3053 2324; x_wconf 87' lang='lat' dir='ltr'><strong>procedit,</strong></span> <span class='ocrx_word' id='word_1_532' title='bbox 3082 2242 3319 2311; x_wconf 71' lang='lat' dir='ltr'><strong>maxime</strong></span> <span class='ocrx_word' id='word_1_533' title='bbox 3361 2258 3620 2313; x_wconf 85' lang='lat' dir='ltr'><strong>convenit</strong></span> 
     </span>
    </p>
   </div>
   <div class='ocr_carea' id='block_1_67' title="bbox 2027 2345 3617 2420">
    <p class='ocr_par' dir='ltr' id='par_1_67' title="bbox 2027 2345 3617 2420">
     <span class='ocr_line' id='line_1_67' title="bbox 2027 2345 3617 2420; baseline 0.001 -17"><span class='ocrx_word' id='word_1_534' title='bbox 2027 2361 2263 2418; x_wconf 77' lang='lat' dir='ltr'><strong>sitperne</strong></span> <span class='ocrx_word' id='word_1_535' title='bbox 2293 2362 2356 2402; x_wconf 88' lang='lat' dir='ltr'><strong>ac</strong></span> <span class='ocrx_word' id='word_1_536' title='bbox 2386 2347 2452 2401; x_wconf 91' lang='lat' dir='ltr'><strong>de</strong></span> <span class='ocrx_word' id='word_1_537' title='bbox 2487 2345 2625 2403; x_wconf 64' lang='lat' dir='ltr'><strong>caelo</strong></span> <span class='ocrx_word' id='word_1_538' title='bbox 2655 2345 2866 2412; x_wconf 87' lang='lat' dir='ltr'><strong>venire,</strong></span> <span class='ocrx_word' id='word_1_539' title='bbox 2900 2347 3009 2418; x_wconf 81' lang='lat'><strong>35</strong></span> <span class='ocrx_word' id='word_1_540' title='bbox 3040 2363 3214 2418; x_wconf 89' lang='lat' dir='ltr'><strong>eaque</strong></span> <span class='ocrx_word' id='word_1_541' title='bbox 3270 2351 3470 2420; x_wconf 87' lang='lat' dir='ltr'><strong>quibus</strong></span> <span class='ocrx_word' id='word_1_542' title='bbox 3531 2351 3617 2404; x_wconf 88' lang='lat' dir='ltr'><strong>vi-</strong></span> 
     </span>
    </p>
   </div>
   <div class='ocr_carea' id='block_1_68' title="bbox 2030 2439 3620 2511">
    <p class='ocr_par' dir='ltr' id='par_1_68' title="bbox 2030 2439 3620 2511">
     <span class='ocr_line' id='line_1_68' title="bbox 2030 2439 3620 2511; baseline 0.006 -20"><span class='ocrx_word' id='word_1_543' title='bbox 2030 2449 2140 2493; x_wconf 89' lang='lat' dir='ltr'><strong>tam</strong></span> <span class='ocrx_word' id='word_1_544' title='bbox 2169 2439 2434 2509; x_wconf 88' lang='lat' dir='ltr'><strong>impartiri</strong></span> <span class='ocrx_word' id='word_1_545' title='bbox 2464 2439 2723 2507; x_wconf 88' lang='lat' dir='ltr'><strong>voluerit,</strong></span> <span class='ocrx_word' id='word_1_546' title='bbox 2762 2455 2922 2509; x_wconf 79' lang='lat' dir='ltr'><strong>posse</strong></span> <span class='ocrx_word' id='word_1_547' title='bbox 2951 2440 3267 2497; x_wconf 88' lang='lat' dir='ltr'><strong>viviticare?</strong></span> <span class='ocrx_word' id='word_1_548' title='bbox 3295 2443 3409 2510; x_wconf 91' lang='lat' dir='ltr'><strong>Dic,</strong></span> <span class='ocrx_word' id='word_1_549' title='bbox 3434 2458 3620 2511; x_wconf 67' lang='lat' dir='ltr'><strong>quaeso</strong></span> 
     </span>
    </p>
   </div>
   <div class='ocr_carea' id='block_1_69' title="bbox 2032 2536 3618 2611">
    <p class='ocr_par' dir='ltr' id='par_1_69' title="bbox 2032 2536 3618 2611">
     <span class='ocr_line' id='line_1_69' title="bbox 2032 2536 3618 2611; baseline 0.003 -20"><span class='ocrx_word' id='word_1_550' title='bbox 2032 2546 2105 2602; x_wconf 93' lang='lat' dir='ltr'><strong>te,</strong></span> <span class='ocrx_word' id='word_1_551' title='bbox 2136 2536 2377 2605; x_wconf 75' lang='lat' dir='ltr'><strong>nunquid</strong></span> <span class='ocrx_word' id='word_1_552' title='bbox 2440 2537 2625 2592; x_wconf 87' lang='lat' dir='ltr'><strong>divino</strong></span> <span class='ocrx_word' id='word_1_553' title='bbox 2692 2537 2853 2591; x_wconf 85' lang='lat' dir='ltr'><strong>modo</strong></span> <span class='ocrx_word' id='word_1_554' title='bbox 2889 2538 3125 2594; x_wconf 88' lang='lat' dir='ltr'><strong>condere</strong></span> <span class='ocrx_word' id='word_1_555' title='bbox 3188 2554 3251 2594; x_wconf 83' lang='lat' dir='ltr'><strong>ac</strong></span> <span class='ocrx_word' id='word_1_556' title='bbox 3311 2555 3618 2611; x_wconf 89' lang='lat' dir='ltr'><strong>procreare,</strong></span> 
     </span>
    </p>
   </div>
   <div class='ocr_carea' id='block_1_70' title="bbox 2029 2626 3619 2703">
    <p class='ocr_par' dir='ltr' id='par_1_70' title="bbox 2029 2626 3619 2703">
     <span class='ocr_line' id='line_1_70' title="bbox 2029 2626 3619 2703; baseline 0.003 -21"><span class='ocrx_word' id='word_1_557' title='bbox 2029 2626 2280 2682; x_wconf 76' lang='lat' dir='ltr'><strong>humana:</strong></span> <span class='ocrx_word' id='word_1_558' title='bbox 2311 2638 2519 2683; x_wconf 75' lang='lat' dir='ltr'><strong>natura:</strong></span> <span class='ocrx_word' id='word_1_559' title='bbox 2551 2628 2892 2698; x_wconf 81' lang='lat' dir='ltr'><strong>largiendum</strong></span> <span class='ocrx_word' id='word_1_560' title='bbox 2924 2630 3049 2684; x_wconf 87' lang='lat' dir='ltr'><strong>est?</strong></span> <span class='ocrx_word' id='word_1_561' title='bbox 3081 2628 3306 2685; x_wconf 79' lang='lat' dir='ltr'><strong>Minime</strong></span> <span class='ocrx_word' id='word_1_562' title='bbox 3351 2632 3619 2703; x_wconf 89' lang='lat' dir='ltr'><strong>gentium.</strong></span> 
     </span>
    </p>
   </div>
   <div class='ocr_carea' id='block_1_71' title="bbox 2029 2717 3729 2788">
    <p class='ocr_par' dir='ltr' id='par_1_71' title="bbox 2029 2717 3729 2788">
     <span class='ocr_line' id='line_1_71' title="bbox 2029 2717 3729 2788; baseline 0.001 -16"><span class='ocrx_word' id='word_1_563' title='bbox 2029 2717 2217 2787; x_wconf 87' lang='lat' dir='ltr'><strong>Ecquo</strong></span> <span class='ocrx_word' id='word_1_564' title='bbox 2248 2734 2380 2788; x_wconf 80' lang='lat' dir='ltr'><strong>ergo</strong></span> <span class='ocrx_word' id='word_1_565' title='bbox 2428 2719 2587 2774; x_wconf 89' lang='lat' dir='ltr'><strong>modo</strong></span> <span class='ocrx_word' id='word_1_566' title='bbox 2637 2734 2737 2775; x_wconf 93' lang='lat' dir='ltr'><strong>nos</strong></span> <span class='ocrx_word' id='word_1_567' title='bbox 2780 2718 3052 2775; x_wconf 81' lang='lat' dir='ltr'><strong>viviﬁcat?</strong></span> <span class='ocrx_word' id='word_1_568' title='bbox 3089 2731 3146 2775; x_wconf 89' lang='lat' dir='ltr'><strong>ut</strong></span> <span class='ocrx_word' id='word_1_569' title='bbox 3189 2720 3333 2777; x_wconf 88' lang='lat' dir='ltr'><strong>Deus</strong></span> <span class='ocrx_word' id='word_1_570' title='bbox 3361 2739 3375 2776; x_wconf 93' lang='lat'><strong>:</strong></span> <span class='ocrx_word' id='word_1_571' title='bbox 3406 2737 3623 2777; x_wconf 86' lang='lat' dir='ltr'><strong>verum-</strong></span> <span class='ocrx_word' id='word_1_572' title='bbox 3728 2770 3729 2773; x_wconf 44' lang='grc' dir='ltr'><strong>η</strong></span> 
     </span>
    </p>
   </div>
   <div class='ocr_carea' id='block_1_72' title="bbox 2031 2812 3620 2883">
    <p class='ocr_par' dir='ltr' id='par_1_72' title="bbox 2031 2812 3620 2883">
     <span class='ocr_line' id='line_1_72' title="bbox 2031 2812 3620 2883; baseline 0.003 -17"><span class='ocrx_word' id='word_1_573' title='bbox 2031 2821 2211 2867; x_wconf 75' lang='grc' dir='ltr'>ιιιιι·ειι</span> <span class='ocrx_word' id='word_1_574' title='bbox 2274 2828 2378 2865; x_wconf 91' lang='lat' dir='ltr'><strong>non</strong></span> <span class='ocrx_word' id='word_1_575' title='bbox 2433 2828 2527 2881; x_wconf 86' lang='lat' dir='ltr'><strong>per</strong></span> <span class='ocrx_word' id='word_1_576' title='bbox 2561 2813 2662 2867; x_wconf 91' lang='lat' dir='ltr'><strong>hoc</strong></span> <span class='ocrx_word' id='word_1_577' title='bbox 2694 2812 2866 2866; x_wconf 85' lang='lat' dir='ltr'><strong>solum</strong></span> <span class='ocrx_word' id='word_1_578' title='bbox 2903 2813 2956 2868; x_wconf 90' lang='lat' dir='ltr'><strong>id</strong></span> <span class='ocrx_word' id='word_1_579' title='bbox 3013 2812 3163 2879; x_wconf 79' lang='lat' dir='ltr'><strong>facit,</strong></span> <span class='ocrx_word' id='word_1_580' title='bbox 3194 2816 3338 2883; x_wconf 91' lang='lat' dir='ltr'><strong>quod</strong></span> <span class='ocrx_word' id='word_1_581' title='bbox 3372 2826 3620 2871; x_wconf 87' lang='lat' dir='ltr'><strong>sanctum</strong></span> 
     </span>
    </p>
   </div>
   <div class='ocr_carea' id='block_1_73' title="bbox 2030 2903 3618 2978">
    <p class='ocr_par' dir='ltr' id='par_1_73' title="bbox 2030 2903 3618 2978">
     <span class='ocr_line' id='line_1_73' title="bbox 2030 2903 3618 2978; baseline 0.005 -22"><span class='ocrx_word' id='word_1_582' title='bbox 2030 2903 2187 2958; x_wconf 87' lang='lat' dir='ltr'><strong>nobis</strong></span> <span class='ocrx_word' id='word_1_583' title='bbox 2232 2904 2495 2972; x_wconf 85' lang='lat' dir='ltr'><strong>Spiritum</strong></span> <span class='ocrx_word' id='word_1_584' title='bbox 2557 2904 2890 2973; x_wconf 88' lang='lat' dir='ltr'><strong>impartitur,</strong></span> <span class='ocrx_word' id='word_1_585' title='bbox 2924 2905 3016 2960; x_wconf 87' lang='lat' dir='ltr'><strong>sed</strong></span> <span class='ocrx_word' id='word_1_586' title='bbox 3069 2920 3165 2976; x_wconf 91' lang='lat' dir='ltr'><strong>per</strong></span> <span class='ocrx_word' id='word_1_587' title='bbox 3216 2907 3317 2962; x_wconf 90' lang='lat' dir='ltr'><strong>hoc</strong></span> <span class='ocrx_word' id='word_1_588' title='bbox 3374 2920 3618 2978; x_wconf 89' lang='lat' dir='ltr'><strong>quoque,</strong></span> 
     </span>
    </p>
   </div>
   <div class='ocr_carea' id='block_1_74' title="bbox 2029 2992 3622 3068">
    <p class='ocr_par' dir='ltr' id='par_1_74' title="bbox 2029 2992 3622 3068">
     <span class='ocr_line' id='line_1_74' title="bbox 2029 2992 3622 3068; baseline 0.006 -23"><span class='ocrx_word' id='word_1_589' title='bbox 2029 2994 2172 3064; x_wconf 88' lang='lat' dir='ltr'><strong>quod</strong></span> <span class='ocrx_word' id='word_1_590' title='bbox 2224 2992 2344 3047; x_wconf 91' lang='lat' dir='ltr'><strong>Filii</strong></span> <span class='ocrx_word' id='word_1_591' title='bbox 2412 2995 2649 3048; x_wconf 89' lang='lat' dir='ltr'><strong>hominis</strong></span> <span class='ocrx_word' id='word_1_592' title='bbox 2681 3010 2924 3063; x_wconf 80' lang='lat' dir='ltr'><strong>carnem,</strong></span> <span class='ocrx_word' id='word_1_593' title='bbox 2957 3011 3119 3065; x_wconf 90' lang='lat' dir='ltr'><strong>quam</strong></span> <span class='ocrx_word' id='word_1_594' title='bbox 3153 3001 3481 3068; x_wconf 88' lang='lat' dir='ltr'><strong>assumpsit,</strong></span> <span class='ocrx_word' id='word_1_595' title='bbox 3530 3015 3622 3054; x_wconf 87' lang='lat' dir='ltr'><strong>ve-</strong></span> 
     </span>
    </p>
   </div>
   <div class='ocr_carea' id='block_1_75' title="bbox 2034 3084 3623 3154">
    <p class='ocr_par' dir='ltr' id='par_1_75' title="bbox 2034 3084 3623 3154">
     <span class='ocr_line' id='line_1_75' title="bbox 2034 3084 3623 3154; baseline 0.003 -14"><span class='ocrx_word' id='word_1_596' title='bbox 2034 3084 2291 3140; x_wconf 87' lang='lat' dir='ltr'><strong>sccndam</strong></span> <span class='ocrx_word' id='word_1_597' title='bbox 2344 3084 2617 3154; x_wconf 89' lang='lat' dir='ltr'><strong>proponit.</strong></span> <span class='ocrx_word' id='word_1_598' title='bbox 2653 3084 2741 3139; x_wconf 84' lang='lat' dir='ltr'><strong>Ait</strong></span> <span class='ocrx_word' id='word_1_599' title='bbox 2773 3086 2917 3139; x_wconf 88' lang='lat' dir='ltr'><strong>enim</strong></span> <span class='ocrx_word' id='word_1_600' title='bbox 2948 3102 2963 3139; x_wconf 85' lang='lat'><strong>:</strong></span> <span class='ocrx_word' id='word_1_601' title='bbox 3003 3104 3022 3137; x_wconf 77' lang='grc' dir='ltr'><strong>ι</strong></span> <span class='ocrx_word' id='word_1_602' title='bbox 3060 3086 3261 3151; x_wconf 86' lang='lat' dir='ltr'><strong>Amen,</strong></span> <span class='ocrx_word' id='word_1_603' title='bbox 3288 3102 3447 3143; x_wconf 89' lang='lat' dir='ltr'><strong>amen</strong></span> <span class='ocrx_word' id='word_1_604' title='bbox 3498 3089 3623 3144; x_wconf 88' lang='lat' dir='ltr'><strong>dico</strong></span> 
     </span>
    </p>
   </div>
   <div class='ocr_carea' id='block_1_76' title="bbox 2031 3176 3619 3248">
    <p class='ocr_par' dir='ltr' id='par_1_76' title="bbox 2031 3176 3619 3248">
     <span class='ocr_line' id='line_1_76' title="bbox 2031 3176 3619 3248; baseline 0.004 -19"><span class='ocrx_word' id='word_1_605' title='bbox 2031 3176 2207 3241; x_wconf 78' lang='lat' dir='ltr'><strong>vobis,</strong></span> <span class='ocrx_word' id='word_1_606' title='bbox 2240 3177 2339 3231; x_wconf 85' lang='lat' dir='ltr'><strong>nisi</strong></span> <span class='ocrx_word' id='word_1_607' title='bbox 2394 3177 2855 3234; x_wconf 89' lang='lat' dir='ltr'><strong>manducaveritis</strong></span> <span class='ocrx_word' id='word_1_608' title='bbox 2911 3193 3130 3234; x_wconf 88' lang='lat' dir='ltr'><strong>carnem</strong></span> <span class='ocrx_word' id='word_1_609' title='bbox 3184 3179 3307 3234; x_wconf 86' lang='lat' dir='ltr'><strong>Filii</strong></span> <span class='ocrx_word' id='word_1_610' title='bbox 3360 3180 3619 3248; x_wconf 91' lang='lat' dir='ltr'><strong>hominis,</strong></span> 
     </span>
    </p>
   </div>
   <div class='ocr_carea' id='block_1_77' title="bbox 2031 3264 3621 3339">
    <p class='ocr_par' dir='ltr' id='par_1_77' title="bbox 2031 3264 3621 3339">
     <span class='ocr_line' id='line_1_77' title="bbox 2031 3264 3621 3339; baseline 0.004 -16"><span class='ocrx_word' id='word_1_611' title='bbox 2031 3277 2086 3323; x_wconf 89' lang='lat' dir='ltr'><strong>et</strong></span> <span class='ocrx_word' id='word_1_612' title='bbox 2115 3268 2360 3323; x_wconf 89' lang='lat' dir='ltr'><strong>biberitis</strong></span> <span class='ocrx_word' id='word_1_613' title='bbox 2402 3267 2520 3335; x_wconf 86' lang='lat' dir='ltr'><strong>ejus</strong></span> <span class='ocrx_word' id='word_1_614' title='bbox 2562 3264 2906 3339; x_wconf 81' lang='lat' dir='ltr'><strong>sanguinem,</strong></span> <span class='ocrx_word' id='word_1_615' title='bbox 2957 3284 3062 3326; x_wconf 93' lang='lat' dir='ltr'><strong>non</strong></span> <span class='ocrx_word' id='word_1_616' title='bbox 3115 3271 3389 3327; x_wconf 80' lang='lat' dir='ltr'><strong>habebitis</strong></span> <span class='ocrx_word' id='word_1_617' title='bbox 3453 3273 3621 3330; x_wconf 80' lang='lat' dir='ltr'><strong>vitam</strong></span> 
     </span>
    </p>
   </div>
   <div class='ocr_carea' id='block_1_78' title="bbox 2031 3357 3667 3434">
    <p class='ocr_par' dir='ltr' id='par_1_78' title="bbox 2031 3357 3667 3434">
     <span class='ocr_line' id='line_1_78' title="bbox 2031 3357 3667 3434; baseline 0.005 -21"><span class='ocrx_word' id='word_1_618' title='bbox 2031 3360 2084 3413; x_wconf 91' lang='lat' dir='ltr'><strong>in</strong></span> <span class='ocrx_word' id='word_1_619' title='bbox 2111 3357 2263 3414; x_wconf 89' lang='lat' dir='ltr'><strong>vobis</strong></span> <span class='ocrx_word' id='word_1_620' title='bbox 2282 3358 2349 3411; x_wconf 67' lang='grc'><strong>³⁵.</strong></span> <span class='ocrx_word' id='word_1_621' title='bbox 2386 3377 2406 3412; x_wconf 78' lang='grc' dir='ltr'><strong>ι</strong></span> <span class='ocrx_word' id='word_1_622' title='bbox 2445 3360 2681 3413; x_wconf 73' lang='lat' dir='ltr'><strong>ltnrsuni</strong></span> <span class='ocrx_word' id='word_1_623' title='bbox 2714 3375 2839 3415; x_wconf 89' lang='lat' dir='ltr'><strong>cum</strong></span> <span class='ocrx_word' id='word_1_624' title='bbox 2875 3359 3048 3416; x_wconf 64' lang='lat' dir='ltr'><strong>Judaei</strong></span> <span class='ocrx_word' id='word_1_625' title='bbox 3096 3363 3270 3433; x_wconf 89' lang='lat' dir='ltr'><strong>ipsum</strong></span> <span class='ocrx_word' id='word_1_626' title='bbox 3319 3364 3667 3434; x_wconf 81' lang='lat' dir='ltr'><strong>aliquando’</strong></span> 
     </span>
    </p>
   </div>
   <div class='ocr_carea' id='block_1_79' title="bbox 2030 3452 3623 3525">
    <p class='ocr_par' dir='ltr' id='par_1_79' title="bbox 2030 3452 3623 3525">
     <span class='ocr_line' id='line_1_79' title="bbox 2030 3452 3623 3525; baseline 0.004 -19"><span class='ocrx_word' id='word_1_627' title='bbox 2030 3452 2365 3515; x_wconf 86' lang='lat' dir='ltr'><strong>deriderent,</strong></span> <span class='ocrx_word' id='word_1_628' title='bbox 2425 3453 2799 3523; x_wconf 84' lang='lat' dir='ltr'><strong>conviciisque</strong></span> <span class='ocrx_word' id='word_1_629' title='bbox 2873 3463 3213 3525; x_wconf 84' lang='lat' dir='ltr'><strong>appeterent,</strong></span> <span class='ocrx_word' id='word_1_630' title='bbox 3265 3471 3331 3512; x_wconf 89' lang='lat' dir='ltr'><strong>ac</strong></span> <span class='ocrx_word' id='word_1_631' title='bbox 3402 3457 3623 3512; x_wconf 87' lang='lat' dir='ltr'><strong>beatum</strong></span> 
     </span>
    </p>
   </div>
   <div class='ocr_carea' id='block_1_80' title="bbox 2030 3544 3624 3620">
    <p class='ocr_par' dir='ltr' id='par_1_80' title="bbox 2030 3544 3624 3620">
     <span class='ocr_line' id='line_1_80' title="bbox 2030 3544 3624 3620; baseline 0.003 -20"><span class='ocrx_word' id='word_1_632' title='bbox 2030 3544 2251 3617; x_wconf 78' lang='lat' dir='ltr'><strong>Moysen</strong></span> <span class='ocrx_word' id='word_1_633' title='bbox 2293 3544 2369 3599; x_wconf 93' lang='lat' dir='ltr'><strong>illi</strong></span> <span class='ocrx_word' id='word_1_634' title='bbox 2400 3545 2584 3600; x_wconf 88' lang='lat' dir='ltr'><strong>nescio</strong></span> <span class='ocrx_word' id='word_1_635' title='bbox 2624 3560 2734 3616; x_wconf 90' lang='lat' dir='ltr'><strong>quo</strong></span> <span class='ocrx_word' id='word_1_636' title='bbox 2779 3547 2940 3601; x_wconf 90' lang='lat' dir='ltr'><strong>modo</strong></span> <span class='ocrx_word' id='word_1_637' title='bbox 2983 3556 3399 3618; x_wconf 86' lang='lat' dir='ltr'><strong>anteponentes,</strong></span> <span class='ocrx_word' id='word_1_638' title='bbox 3436 3560 3624 3620; x_wconf 86' lang='lat' dir='ltr'><strong>aperte</strong></span> 
     </span>
    </p>
   </div>
   <div class='ocr_carea' id='block_1_81' title="bbox 2032 3635 3625 3697">
    <p class='ocr_par' dir='ltr' id='par_1_81' title="bbox 2032 3635 3625 3697">
     <span class='ocr_line' id='line_1_81' title="bbox 2032 3635 3625 3697; baseline 0.003 -4"><span class='ocrx_word' id='word_1_639' title='bbox 2032 3638 2312 3693; x_wconf 85' lang='lat' dir='ltr'><strong>dicerent:</strong></span> <span class='ocrx_word' id='word_1_640' title='bbox 2353 3656 2372 3689; x_wconf 77' lang='grc' dir='ltr'><strong>ι</strong></span> <span class='ocrx_word' id='word_1_641' title='bbox 2414 3635 2605 3693; x_wconf 88' lang='lat' dir='ltr'><strong>Patres</strong></span> <span class='ocrx_word' id='word_1_642' title='bbox 2661 3639 2830 3694; x_wconf 87' lang='lat' dir='ltr'><strong>nostri</strong></span> <span class='ocrx_word' id='word_1_643' title='bbox 2884 3643 3356 3696; x_wconf 87' lang='lat' dir='ltr'><strong>manducavernnt</strong></span> <span class='ocrx_word' id='word_1_644' title='bbox 3423 3657 3625 3697; x_wconf 88' lang='lat' dir='ltr'><strong>manna</strong></span> 
     </span>
    </p>
   </div>
   <div class='ocr_carea' id='block_1_82' title="bbox 2031 3727 3624 3805">
    <p class='ocr_par' dir='ltr' id='par_1_82' title="bbox 2031 3727 3624 3805">
     <span class='ocr_line' id='line_1_82' title="bbox 2031 3727 3624 3805; baseline 0.004 -23"><span class='ocrx_word' id='word_1_645' title='bbox 2031 3727 2354 3799; x_wconf 42' lang='lat' dir='ltr'><strong>inuleserto,</strong></span> <span class='ocrx_word' id='word_1_646' title='bbox 2397 3729 2537 3782; x_wconf 90' lang='lat' dir='ltr'><strong>sicut</strong></span> <span class='ocrx_word' id='word_1_647' title='bbox 2579 3729 2843 3805; x_wconf 87' lang='lat' dir='ltr'><strong>scriptum</strong></span> <span class='ocrx_word' id='word_1_648' title='bbox 2879 3739 2961 3785; x_wconf 90' lang='lat' dir='ltr'><strong>est</strong></span> <span class='ocrx_word' id='word_1_649' title='bbox 2990 3748 3005 3786; x_wconf 92' lang='lat'><strong>:</strong></span> <span class='ocrx_word' id='word_1_650' title='bbox 3040 3730 3242 3786; x_wconf 82' lang='lat' dir='ltr'><strong>Panem</strong></span> <span class='ocrx_word' id='word_1_651' title='bbox 3271 3733 3334 3787; x_wconf 82' lang='lat' dir='ltr'><strong>de</strong></span> <span class='ocrx_word' id='word_1_652' title='bbox 3375 3732 3500 3788; x_wconf 78' lang='lat' dir='ltr'><strong>caelo</strong></span> <span class='ocrx_word' id='word_1_653' title='bbox 3527 3732 3624 3789; x_wconf 52' lang='lat' dir='ltr'><strong>dea</strong></span> 
     </span>
    </p>
   </div>
   <div class='ocr_carea' id='block_1_83' title="bbox 2031 3820 3627 3893">
    <p class='ocr_par' dir='ltr' id='par_1_83' title="bbox 2031 3820 3627 3893">
     <span class='ocr_line' id='line_1_83' title="bbox 2031 3820 3627 3893; baseline 0.004 -19"><span class='ocrx_word' id='word_1_654' title='bbox 2031 3820 2108 3874; x_wconf 79' lang='lat' dir='ltr'><strong>dit</strong></span> <span class='ocrx_word' id='word_1_655' title='bbox 2141 3821 2214 3875; x_wconf 80' lang='lat' dir='ltr'><strong>eis</strong></span> <span class='ocrx_word' id='word_1_656' title='bbox 2252 3822 2620 3886; x_wconf 83' lang='lat' dir='ltr'><strong>manducare;</strong></span> <span class='ocrx_word' id='word_1_657' title='bbox 2656 3822 2797 3892; x_wconf 88' lang='lat' dir='ltr'><strong>quod</strong></span> <span class='ocrx_word' id='word_1_658' title='bbox 2839 3837 2969 3893; x_wconf 84' lang='lat' dir='ltr'><strong>ergo</strong></span> <span class='ocrx_word' id='word_1_659' title='bbox 3009 3831 3064 3877; x_wconf 90' lang='lat' dir='ltr'><strong>tu</strong></span> <span class='ocrx_word' id='word_1_660' title='bbox 3105 3823 3318 3893; x_wconf 79' lang='lat' dir='ltr'><strong>signum</strong></span> <span class='ocrx_word' id='word_1_661' title='bbox 3366 3825 3521 3892; x_wconf 75' lang='lat' dir='ltr'><strong>facis,</strong></span> <span class='ocrx_word' id='word_1_662' title='bbox 3566 3835 3627 3881; x_wconf 85' lang='lat' dir='ltr'><strong>ut</strong></span> 
     </span>
    </p>
   </div>
   <div class='ocr_carea' id='block_1_84' title="bbox 2033 3913 3625 3987">
    <p class='ocr_par' dir='ltr' id='par_1_84' title="bbox 2033 3913 3625 3987">
     <span class='ocr_line' id='line_1_84' title="bbox 2033 3913 3625 3987; baseline 0.004 -20"><span class='ocrx_word' id='word_1_663' title='bbox 2033 3913 2322 3968; x_wconf 88' lang='lat' dir='ltr'><strong>credamus</strong></span> <span class='ocrx_word' id='word_1_664' title='bbox 2346 3913 2440 3967; x_wconf 90' lang='lat' dir='ltr'><strong>tibi</strong></span> <span class='ocrx_word' id='word_1_665' title='bbox 2468 3913 2558 3966; x_wconf 64' lang='lat'><strong>&#39;5?</strong></span> <span class='ocrx_word' id='word_1_666' title='bbox 2589 3914 2727 3981; x_wconf 85' lang='lat' dir='ltr'><strong>Quid</strong></span> <span class='ocrx_word' id='word_1_667' title='bbox 2761 3914 3030 3984; x_wconf 87' lang='lat' dir='ltr'><strong>operaris,</strong></span> <span class='ocrx_word' id='word_1_668' title='bbox 3063 3924 3123 3969; x_wconf 88' lang='lat' dir='ltr'><strong>ut</strong></span> <span class='ocrx_word' id='word_1_669' title='bbox 3148 3931 3347 3984; x_wconf 87' lang='lat' dir='ltr'><strong>corpus</strong></span> <span class='ocrx_word' id='word_1_670' title='bbox 3388 3931 3625 3987; x_wconf 83' lang='lat' dir='ltr'><strong>superne</strong></span> 
     </span>
    </p>
   </div>
   <div class='ocr_carea' id='block_1_85' title="bbox 2032 4003 3623 4078">
    <p class='ocr_par' dir='ltr' id='par_1_85' title="bbox 2032 4003 3623 4078">
     <span class='ocr_line' id='line_1_85' title="bbox 2032 4003 3623 4078; baseline 0.004 -18"><span class='ocrx_word' id='word_1_671' title='bbox 2032 4003 2102 4060; x_wconf 90' lang='lat' dir='ltr'><strong>de</strong></span> <span class='ocrx_word' id='word_1_672' title='bbox 2131 4004 2276 4059; x_wconf 73' lang='lat' dir='ltr'><strong>caelo</strong></span> <span class='ocrx_word' id='word_1_673' title='bbox 2323 4005 2479 4060; x_wconf 92' lang='lat' dir='ltr'><strong>nobis</strong></span> <span class='ocrx_word' id='word_1_674' title='bbox 2533 4005 2784 4061; x_wconf 86' lang='lat' dir='ltr'><strong>attulisse</strong></span> <span class='ocrx_word' id='word_1_675' title='bbox 2837 4006 3127 4062; x_wconf 82' lang='lat' dir='ltr'><strong>credaris?</strong></span> <span class='ocrx_word' id='word_1_676' title='bbox 3153 4005 3459 4078; x_wconf 81' lang='lat' dir='ltr'><strong>Respondit</strong></span> <span class='ocrx_word' id='word_1_677' title='bbox 3486 4009 3577 4064; x_wconf 90' lang='lat' dir='ltr'><strong>ille</strong></span> <span class='ocrx_word' id='word_1_678' title='bbox 3607 4029 3623 4067; x_wconf 89' lang='lat'><strong>:</strong></span> 
     </span>
    </p>
   </div>
   <div class='ocr_carea' id='block_1_86' title="bbox 2040 4095 3629 4169">
    <p class='ocr_par' dir='ltr' id='par_1_86' title="bbox 2040 4095 3629 4169">
     <span class='ocr_line' id='line_1_86' title="bbox 2040 4095 3629 4169; baseline 0.004 -20"><span class='ocrx_word' id='word_1_679' title='bbox 2040 4115 2060 4149; x_wconf 72' lang='grc' dir='ltr'><strong>ι</strong></span> <span class='ocrx_word' id='word_1_680' title='bbox 2088 4095 2287 4163; x_wconf 87' lang='lat' dir='ltr'><strong>Amen,</strong></span> <span class='ocrx_word' id='word_1_681' title='bbox 2327 4109 2490 4149; x_wconf 87' lang='lat' dir='ltr'><strong>amen</strong></span> <span class='ocrx_word' id='word_1_682' title='bbox 2515 4095 2641 4150; x_wconf 90' lang='lat' dir='ltr'><strong>dico</strong></span> <span class='ocrx_word' id='word_1_683' title='bbox 2681 4096 2857 4161; x_wconf 87' lang='lat' dir='ltr'><strong>vobis,</strong></span> <span class='ocrx_word' id='word_1_684' title='bbox 2897 4111 3003 4150; x_wconf 87' lang='lat' dir='ltr'><strong>non</strong></span> <span class='ocrx_word' id='word_1_685' title='bbox 3048 4095 3260 4169; x_wconf 79' lang='lat' dir='ltr'><strong>Moyses</strong></span> <span class='ocrx_word' id='word_1_686' title='bbox 3302 4098 3447 4153; x_wconf 91' lang='lat' dir='ltr'><strong>dedit</strong></span> <span class='ocrx_word' id='word_1_687' title='bbox 3474 4098 3629 4156; x_wconf 88' lang='lat' dir='ltr'><strong>vobis</strong></span> 
     </span>
    </p>
   </div>
   <div class='ocr_carea' id='block_1_87' title="bbox 2034 4187 3624 4262">
    <p class='ocr_par' dir='ltr' id='par_1_87' title="bbox 2034 4187 3624 4262">
     <span class='ocr_line' id='line_1_87' title="bbox 2034 4187 3624 4262; baseline 0.001 -17"><span class='ocrx_word' id='word_1_688' title='bbox 2034 4204 2230 4262; x_wconf 86' lang='lat' dir='ltr'><strong>panem</strong></span> <span class='ocrx_word' id='word_1_689' title='bbox 2261 4187 2329 4244; x_wconf 90' lang='lat' dir='ltr'><strong>de</strong></span> <span class='ocrx_word' id='word_1_690' title='bbox 2373 4187 2533 4255; x_wconf 61' lang='lat' dir='ltr'><strong>ratio,</strong></span> <span class='ocrx_word' id='word_1_691' title='bbox 2570 4187 2663 4243; x_wconf 90' lang='lat' dir='ltr'><strong>sed</strong></span> <span class='ocrx_word' id='word_1_692' title='bbox 2712 4187 2877 4242; x_wconf 90' lang='lat' dir='ltr'><strong>Pater</strong></span> <span class='ocrx_word' id='word_1_693' title='bbox 2927 4203 3081 4245; x_wconf 89' lang='lat' dir='ltr'><strong>meus</strong></span> <span class='ocrx_word' id='word_1_694' title='bbox 3124 4189 3216 4245; x_wconf 88' lang='lat' dir='ltr'><strong>dat</strong></span> <span class='ocrx_word' id='word_1_695' title='bbox 3248 4191 3403 4247; x_wconf 89' lang='lat' dir='ltr'><strong>vobis</strong></span> <span class='ocrx_word' id='word_1_696' title='bbox 3430 4206 3624 4262; x_wconf 88' lang='lat' dir='ltr'><strong>panem</strong></span> 
     </span>
    </p>
   </div>
   <div class='ocr_carea' id='block_1_88' title="bbox 2035 4279 3628 4353">
    <p class='ocr_par' dir='ltr' id='par_1_88' title="bbox 2035 4279 3628 4353">
     <span class='ocr_line' id='line_1_88' title="bbox 2035 4279 3628 4353; baseline 0.001 -16"><span class='ocrx_word' id='word_1_697' title='bbox 2035 4285 2104 4337; x_wconf 88' lang='lat' dir='ltr'><strong>de</strong></span> <span class='ocrx_word' id='word_1_698' title='bbox 2136 4281 2276 4338; x_wconf 67' lang='lat' dir='ltr'><strong>caelo</strong></span> <span class='ocrx_word' id='word_1_699' title='bbox 2328 4294 2515 4335; x_wconf 84' lang='lat' dir='ltr'><strong>verum</strong></span> <span class='ocrx_word' id='word_1_700' title='bbox 2545 4296 2560 4335; x_wconf 91' lang='lat'><strong>:</strong></span> <span class='ocrx_word' id='word_1_701' title='bbox 2596 4280 2754 4349; x_wconf 87' lang='lat' dir='ltr'><strong>panis</strong></span> <span class='ocrx_word' id='word_1_702' title='bbox 2809 4280 2955 4335; x_wconf 88' lang='lat' dir='ltr'><strong>enim</strong></span> <span class='ocrx_word' id='word_1_703' title='bbox 3005 4279 3100 4335; x_wconf 89' lang='lat' dir='ltr'><strong>Dei</strong></span> <span class='ocrx_word' id='word_1_704' title='bbox 3126 4290 3229 4348; x_wconf 90' lang='lat' dir='ltr'><strong>est,</strong></span> <span class='ocrx_word' id='word_1_705' title='bbox 3263 4284 3356 4353; x_wconf 89' lang='lat' dir='ltr'><strong>qui</strong></span> <span class='ocrx_word' id='word_1_706' title='bbox 3386 4284 3454 4339; x_wconf 90' lang='lat' dir='ltr'><strong>de</strong></span> <span class='ocrx_word' id='word_1_707' title='bbox 3486 4284 3628 4340; x_wconf 66' lang='lat' dir='ltr'><strong>caelo</strong></span> 
     </span>
    </p>
   </div>
   <div class='ocr_carea' id='block_1_89' title="bbox 2038 4373 3627 4445">
    <p class='ocr_par' dir='ltr' id='par_1_89' title="bbox 2038 4373 3627 4445">
     <span class='ocr_line' id='line_1_89' title="bbox 2038 4373 3627 4445; baseline -0.001 -13"><span class='ocrx_word' id='word_1_708' title='bbox 2038 4375 2335 4441; x_wconf 89' lang='lat' dir='ltr'><strong>descendit,</strong></span> <span class='ocrx_word' id='word_1_709' title='bbox 2365 4383 2419 4430; x_wconf 91' lang='lat' dir='ltr'><strong>et</strong></span> <span class='ocrx_word' id='word_1_710' title='bbox 2468 4374 2560 4429; x_wconf 90' lang='lat' dir='ltr'><strong>dat</strong></span> <span class='ocrx_word' id='word_1_711' title='bbox 2600 4373 2772 4429; x_wconf 84' lang='lat' dir='ltr'><strong>vitam</strong></span> <span class='ocrx_word' id='word_1_712' title='bbox 2808 4374 3010 4430; x_wconf 80' lang='lat' dir='ltr'><strong>mundo</strong></span> <span class='ocrx_word' id='word_1_713' title='bbox 3041 4373 3108 4430; x_wconf 79' lang='grc'><strong>³⁸.</strong></span> <span class='ocrx_word' id='word_1_714' title='bbox 3150 4393 3168 4426; x_wconf 77' lang='grc' dir='ltr'><strong>ι</strong></span> <span class='ocrx_word' id='word_1_715' title='bbox 3211 4375 3457 4445; x_wconf 88' lang='lat' dir='ltr'><strong>Denique</strong></span> <span class='ocrx_word' id='word_1_716' title='bbox 3506 4387 3627 4431; x_wconf 60' lang='lat' dir='ltr'><strong>lana</strong></span> 
     </span>
    </p>
   </div>
   <div class='ocr_carea' id='block_1_90' title="bbox 2040 4465 3626 4537">
    <p class='ocr_par' dir='ltr' id='par_1_90' title="bbox 2040 4465 3626 4537">
     <span class='ocr_line' id='line_1_90' title="bbox 2040 4465 3626 4537; baseline 0 -15"><span class='ocrx_word' id='word_1_717' title='bbox 2040 4476 2153 4522; x_wconf 90' lang='lat' dir='ltr'><strong>tum</strong></span> <span class='ocrx_word' id='word_1_718' title='bbox 2208 4481 2315 4522; x_wconf 91' lang='lat' dir='ltr'><strong>non</strong></span> <span class='ocrx_word' id='word_1_719' title='bbox 2368 4465 2538 4536; x_wconf 79' lang='lat' dir='ltr'><strong>digito</strong></span> <span class='ocrx_word' id='word_1_720' title='bbox 2598 4465 2841 4534; x_wconf 80' lang='lat' dir='ltr'><strong>seipsuin</strong></span> <span class='ocrx_word' id='word_1_721' title='bbox 2887 4466 2940 4520; x_wconf 91' lang='lat' dir='ltr'><strong>in</strong></span> <span class='ocrx_word' id='word_1_722' title='bbox 2988 4481 3218 4537; x_wconf 90' lang='lat' dir='ltr'><strong>corpore</strong></span> <span class='ocrx_word' id='word_1_723' title='bbox 3272 4470 3626 4522; x_wconf 82' lang='lat' dir='ltr'><strong>constitutum</strong></span> 
     </span>
    </p>
   </div>
   <div class='ocr_carea' id='block_1_91' title="bbox 341 4555 1926 4631">
    <p class='ocr_par' dir='ltr' id='par_1_91' title="bbox 341 4556 1926 4631">
     <span class='ocr_line' id='line_1_91' title="bbox 341 4556 1926 4631; baseline 0 -16"><span class='ocrx_word' id='word_1_724' title='bbox 341 4576 430 4624; x_wconf 83' lang='grc' dir='ltr'><strong>τις</strong></span> <span class='ocrx_word' id='word_1_725' title='bbox 457 4560 605 4631; x_wconf 77' lang='grc' dir='ltr'>φάγῃ</span> <span class='ocrx_word' id='word_1_726' title='bbox 633 4560 698 4613; x_wconf 82' lang='grc' dir='ltr'>ἐκ</span> <span class='ocrx_word' id='word_1_727' title='bbox 726 4558 821 4613; x_wconf 87' lang='grc' dir='ltr'><strong>τοῦ</strong></span> <span class='ocrx_word' id='word_1_728' title='bbox 859 4556 1024 4630; x_wconf 82' lang='grc' dir='ltr'>ἄρτου</span> <span class='ocrx_word' id='word_1_729' title='bbox 1061 4557 1274 4624; x_wconf 87' lang='grc' dir='ltr'>τούτου,</span> <span class='ocrx_word' id='word_1_730' title='bbox 1301 4557 1457 4631; x_wconf 76' lang='grc' dir='ltr'>ζήσει</span> <span class='ocrx_word' id='word_1_731' title='bbox 1488 4559 1568 4623; x_wconf 76' lang='grc' dir='ltr'>εἰς</span> <span class='ocrx_word' id='word_1_732' title='bbox 1605 4559 1697 4613; x_wconf 81' lang='grc' dir='ltr'><strong>τὸν</strong></span> <span class='ocrx_word' id='word_1_733' title='bbox 1723 4559 1926 4615; x_wconf 85' lang='grc' dir='ltr'>αἰῶνα·</span> 
     </span>
    </p>
   </div>
   <div class='ocr_carea' id='block_1_92' title="bbox 2031 4555 3626 4631">
    <p class='ocr_par' dir='ltr' id='par_1_92' title="bbox 2041 4555 3626 4631">
     <span class='ocr_line' id='line_1_92' title="bbox 2041 4555 3626 4631; baseline -0.001 -16"><span class='ocrx_word' id='word_1_734' title='bbox 2041 4560 2443 4623; x_wconf 83' lang='lat' dir='ltr'><strong>demonstrans,</strong></span> <span class='ocrx_word' id='word_1_735' title='bbox 2479 4557 2553 4612; x_wconf 89' lang='lat' dir='ltr'><strong>ita</strong></span> <span class='ocrx_word' id='word_1_736' title='bbox 2593 4556 2713 4612; x_wconf 87' lang='lat' dir='ltr'><strong>ait:</strong></span> <span class='ocrx_word' id='word_1_737' title='bbox 2753 4575 2774 4609; x_wconf 78' lang='grc' dir='ltr'><strong>ι</strong></span> <span class='ocrx_word' id='word_1_738' title='bbox 2810 4555 2922 4626; x_wconf 88' lang='lat' dir='ltr'><strong>Ego</strong></span> <span class='ocrx_word' id='word_1_739' title='bbox 2966 4571 3087 4631; x_wconf 73' lang='lat' dir='ltr'><strong>sum</strong></span> <span class='ocrx_word' id='word_1_740' title='bbox 3131 4557 3289 4627; x_wconf 90' lang='lat' dir='ltr'><strong>panis</strong></span> <span class='ocrx_word' id='word_1_741' title='bbox 3331 4560 3508 4625; x_wconf 89' lang='lat' dir='ltr'><strong>vivus,</strong></span> <span class='ocrx_word' id='word_1_742' title='bbox 3533 4561 3626 4628; x_wconf 86' lang='lat' dir='ltr'><strong>qui</strong></span> 
     </span>
    </p>
   </div>
   <div class='ocr_carea' id='block_1_93' title="bbox 344 4649 1933 4726">
    <p class='ocr_par' dir='ltr' id='par_1_93' title="bbox 344 4649 1933 4726">
     <span class='ocr_line' id='line_1_93' title="bbox 344 4649 1933 4726; baseline 0.001 -20"><span class='ocrx_word' id='word_1_743' title='bbox 344 4654 443 4707; x_wconf 76' lang='grc' dir='ltr'><strong>καὶ</strong></span> <span class='ocrx_word' id='word_1_744' title='bbox 480 4654 509 4705; x_wconf 89' lang='lat'><strong>6</strong></span> <span class='ocrx_word' id='word_1_745' title='bbox 543 4653 705 4723; x_wconf 84' lang='grc' dir='ltr'>ἄρτος</span> <span class='ocrx_word' id='word_1_746' title='bbox 738 4650 796 4705; x_wconf 82' lang='grc' dir='ltr'>δὲ</span> <span class='ocrx_word' id='word_1_747' title='bbox 825 4650 883 4705; x_wconf 86' lang='grc' dir='ltr'>ὃν</span> <span class='ocrx_word' id='word_1_748' title='bbox 919 4649 1031 4721; x_wconf 79' lang='grc' dir='ltr'><strong>ἐγὼ</strong></span> <span class='ocrx_word' id='word_1_749' title='bbox 1057 4650 1233 4716; x_wconf 88' lang='grc' dir='ltr'>δώσω,</span> <span class='ocrx_word' id='word_1_750' title='bbox 1271 4654 1305 4723; x_wconf 84' lang='grc' dir='ltr'><strong>ἡ</strong></span> <span class='ocrx_word' id='word_1_751' title='bbox 1351 4650 1488 4722; x_wconf 84' lang='grc' dir='ltr'>σάρξ</span> <span class='ocrx_word' id='word_1_752' title='bbox 1521 4668 1623 4723; x_wconf 83' lang='grc' dir='ltr'><strong>μου</strong></span> <span class='ocrx_word' id='word_1_753' title='bbox 1654 4653 1827 4722; x_wconf 73' lang='grc' dir='ltr'>ἐστὶν,</span> <span class='ocrx_word' id='word_1_754' title='bbox 1865 4653 1933 4726; x_wconf 75' lang='grc' dir='ltr'>ἢν</span> 
     </span>
    </p>
   </div>
   <div class='ocr_carea' id='block_1_94' title="bbox 344 4741 1934 4817">
    <p class='ocr_par' dir='ltr' id='par_1_94' title="bbox 344 4741 1934 4817">
     <span class='ocr_line' id='line_1_94' title="bbox 344 4741 1934 4817; baseline 0 -19"><span class='ocrx_word' id='word_1_755' title='bbox 344 4744 460 4814; x_wconf 77' lang='grc' dir='ltr'>ἐγὼ</span> <span class='ocrx_word' id='word_1_756' title='bbox 497 4742 652 4797; x_wconf 86' lang='grc' dir='ltr'>δώσω</span> <span class='ocrx_word' id='word_1_757' title='bbox 691 4742 831 4810; x_wconf 82' lang='grc' dir='ltr'>ὑπὲρ</span> <span class='ocrx_word' id='word_1_758' title='bbox 878 4743 977 4815; x_wconf 80' lang='grc' dir='ltr'>τῆς</span> <span class='ocrx_word' id='word_1_759' title='bbox 1019 4743 1113 4797; x_wconf 91' lang='grc' dir='ltr'><strong>τοῦ</strong></span> <span class='ocrx_word' id='word_1_760' title='bbox 1156 4743 1360 4814; x_wconf 80' lang='grc' dir='ltr'>κόσμου</span> <span class='ocrx_word' id='word_1_761' title='bbox 1402 4741 1570 4814; x_wconf 78' lang='grc' dir='ltr'>ζωῆς.</span> <span class='ocrx_word' id='word_1_762' title='bbox 1603 4744 1664 4797; x_wconf 78' lang='grc'><strong>’0</strong></span> <span class='ocrx_word' id='word_1_763' title='bbox 1702 4743 1934 4817; x_wconf 85' lang='grc' dir='ltr'>τρώγων</span> 
     </span>
    </p>
   </div>
   <div class='ocr_carea' id='block_1_95' title="bbox 348 4827 1935 4909">
    <p class='ocr_par' dir='ltr' id='par_1_95' title="bbox 348 4827 1935 4909">
     <span class='ocr_line' id='line_1_95' title="bbox 348 4827 1935 4909; baseline 0 -21"><span class='ocrx_word' id='word_1_764' title='bbox 348 4853 452 4909; x_wconf 85' lang='grc' dir='ltr'><strong>μου</strong></span> <span class='ocrx_word' id='word_1_765' title='bbox 482 4835 582 4906; x_wconf 82' lang='grc' dir='ltr'>τὴν</span> <span class='ocrx_word' id='word_1_766' title='bbox 613 4833 812 4905; x_wconf 81' lang='grc' dir='ltr'>σάρκα,</span> <span class='ocrx_word' id='word_1_767' title='bbox 843 4835 935 4888; x_wconf 75' lang='grc' dir='ltr'><strong>καὶ</strong></span> <span class='ocrx_word' id='word_1_768' title='bbox 964 4833 1134 4887; x_wconf 81' lang='grc' dir='ltr'>πίνων</span> <span class='ocrx_word' id='word_1_769' title='bbox 1167 4851 1270 4904; x_wconf 87' lang='grc' dir='ltr'><strong>μου</strong></span> <span class='ocrx_word' id='word_1_770' title='bbox 1301 4833 1363 4887; x_wconf 84' lang='grc' dir='ltr'><strong>τὸ</strong></span> <span class='ocrx_word' id='word_1_771' title='bbox 1398 4827 1559 4906; x_wconf 76' lang='grc' dir='ltr'>αἷμα,</span> <span class='ocrx_word' id='word_1_772' title='bbox 1592 4835 1650 4888; x_wconf 80' lang='grc' dir='ltr'><strong>ἐν</strong></span> <span class='ocrx_word' id='word_1_773' title='bbox 1678 4834 1805 4906; x_wconf 71' lang='grc' dir='ltr'>ἐμοὶ</span> <span class='ocrx_word' id='word_1_774' title='bbox 1837 4834 1935 4905; x_wconf 78' lang='grc' dir='ltr'>μέ-</span> 
     </span>
    </p>
   </div>
   <div class='ocr_carea' id='block_1_96' title="bbox 346 4923 1935 4997">
    <p class='ocr_par' dir='ltr' id='par_1_96' title="bbox 346 4923 1935 4997">
     <span class='ocr_line' id='line_1_96' title="bbox 346 4923 1935 4997; baseline -0.001 -15"><span class='ocrx_word' id='word_1_775' title='bbox 346 4944 449 4992; x_wconf 89' lang='grc' dir='ltr'>νει,</span> <span class='ocrx_word' id='word_1_776' title='bbox 481 4924 636 4995; x_wconf 81' lang='grc' dir='ltr'>κάγὼ</span> <span class='ocrx_word' id='word_1_777' title='bbox 663 4926 721 4978; x_wconf 80' lang='grc' dir='ltr'>ὲν</span> <span class='ocrx_word' id='word_1_778' title='bbox 754 4923 923 4996; x_wconf 80' lang='grc' dir='ltr'>αὐτῷ.</span> <span class='ocrx_word' id='word_1_779' title='bbox 968 4924 1166 4988; x_wconf 83' lang='grc' dir='ltr'>Καθὼς</span> <span class='ocrx_word' id='word_1_780' title='bbox 1198 4925 1487 4980; x_wconf 85' lang='grc' dir='ltr'>ἀπέστειλέ</span> <span class='ocrx_word' id='word_1_781' title='bbox 1522 4943 1588 4997; x_wconf 90' lang='grc' dir='ltr'><strong>με</strong></span> <span class='ocrx_word' id='word_1_782' title='bbox 1615 4924 1644 4976; x_wconf 92' lang='lat'><strong>6</strong></span> <span class='ocrx_word' id='word_1_783' title='bbox 1679 4925 1788 4991; x_wconf 79' lang='grc' dir='ltr'><strong>ζῶν</strong></span> <span class='ocrx_word' id='word_1_784' title='bbox 1822 4926 1935 4980; x_wconf 82' lang='grc' dir='ltr'>Πα-</span> 
     </span>
    </p>
   </div>
   <div class='ocr_carea' id='block_1_97' title="bbox 345 5016 1932 5091">
    <p class='ocr_par' dir='ltr' id='par_1_97' title="bbox 345 5016 1932 5091">
     <span class='ocr_line' id='line_1_97' title="bbox 345 5016 1932 5091; baseline -0.002 -17"><span class='ocrx_word' id='word_1_785' title='bbox 345 5019 475 5091; x_wconf 86' lang='grc' dir='ltr'>τὴρ,</span> <span class='ocrx_word' id='word_1_786' title='bbox 519 5016 674 5088; x_wconf 82' lang='grc' dir='ltr'><strong>κάγὼ</strong></span> <span class='ocrx_word' id='word_1_787' title='bbox 713 5017 791 5083; x_wconf 79' lang='grc' dir='ltr'><strong>ζῶ</strong></span> <span class='ocrx_word' id='word_1_788' title='bbox 833 5018 924 5073; x_wconf 77' lang='grc' dir='ltr'>διὰ</span> <span class='ocrx_word' id='word_1_789' title='bbox 963 5017 1053 5071; x_wconf 81' lang='grc' dir='ltr'><strong>τὸν</strong></span> <span class='ocrx_word' id='word_1_790' title='bbox 1087 5017 1337 5089; x_wconf 87' lang='grc' dir='ltr'>Πατέρα·</span> <span class='ocrx_word' id='word_1_791' title='bbox 1369 5018 1464 5071; x_wconf 80' lang='grc' dir='ltr'><strong>καὶ</strong></span> <span class='ocrx_word' id='word_1_792' title='bbox 1500 5019 1528 5072; x_wconf 89' lang='grc' dir='ltr'><strong><em>ὁ</em></strong></span> <span class='ocrx_word' id='word_1_793' title='bbox 1555 5016 1785 5089; x_wconf 84' lang='grc' dir='ltr'>τρώγων</span> <span class='ocrx_word' id='word_1_794' title='bbox 1832 5035 1932 5088; x_wconf 89' lang='grc' dir='ltr'><strong>με,</strong></span> 
     </span>
    </p>
   </div>
   <div class='ocr_carea' id='block_1_98' title="bbox 347 5104 1943 5179">
    <p class='ocr_par' dir='ltr' id='par_1_98' title="bbox 347 5104 1943 5179">
     <span class='ocr_line' id='line_1_98' title="bbox 347 5104 1943 5179; baseline -0.002 -16"><span class='ocrx_word' id='word_1_795' title='bbox 347 5110 604 5172; x_wconf 80' lang='grc' dir='ltr'>κάκεῖνος</span> <span class='ocrx_word' id='word_1_796' title='bbox 630 5104 786 5179; x_wconf 79' lang='grc' dir='ltr'>ζήσει</span> <span class='ocrx_word' id='word_1_797' title='bbox 818 5107 887 5160; x_wconf 85' lang='grc' dir='ltr'>δι’</span> <span class='ocrx_word' id='word_1_798' title='bbox 910 5107 1033 5179; x_wconf 79' lang='grc' dir='ltr'>ἐμέ.</span> <span class='ocrx_word' id='word_1_799' title='bbox 1065 5126 1083 5160; x_wconf 77' lang='grc' dir='ltr'><strong>ι</strong></span> <span class='ocrx_word' id='word_1_800' title='bbox 1120 5107 1312 5160; x_wconf 84' lang='grc' dir='ltr'>Καίτοι</span> <span class='ocrx_word' id='word_1_801' title='bbox 1345 5106 1463 5170; x_wconf 77' lang='grc' dir='ltr'><strong>πῶς</strong></span> <span class='ocrx_word' id='word_1_802' title='bbox 1503 5106 1601 5160; x_wconf 81' lang='grc' dir='ltr'><strong>οὐκ</strong></span> <span class='ocrx_word' id='word_1_803' title='bbox 1639 5105 1837 5177; x_wconf 82' lang='grc' dir='ltr'>ἀληθὲς</span> <span class='ocrx_word' id='word_1_804' title='bbox 1867 5108 1943 5160; x_wconf 85' lang='grc' dir='ltr'><strong>εἰ-</strong></span> 
     </span>
    </p>
   </div>
   <div class='ocr_carea' id='block_1_99' title="bbox 349 5197 1939 5271">
    <p class='ocr_par' dir='ltr' id='par_1_99' title="bbox 349 5197 1939 5271">
     <span class='ocr_line' id='line_1_99' title="bbox 349 5197 1939 5271; baseline -0.001 -18"><span class='ocrx_word' id='word_1_805' title='bbox 349 5202 499 5267; x_wconf 86' lang='grc' dir='ltr'>πεῖν,</span> <span class='ocrx_word' id='word_1_806' title='bbox 524 5197 598 5264; x_wconf 85' lang='grc' dir='ltr'>ὡς</span> <span class='ocrx_word' id='word_1_807' title='bbox 627 5199 1071 5271; x_wconf 84' lang='grc' dir='ltr'>καταπεφοίτηκε</span> <span class='ocrx_word' id='word_1_808' title='bbox 1104 5200 1202 5270; x_wconf 79' lang='grc' dir='ltr'><strong>μὲν</strong></span> <span class='ocrx_word' id='word_1_809' title='bbox 1230 5200 1332 5253; x_wconf 73' lang='grc' dir='ltr'><strong>οὐκ</strong></span> <span class='ocrx_word' id='word_1_810' title='bbox 1361 5199 1423 5264; x_wconf 78' lang='grc' dir='ltr'>ἐξ</span> <span class='ocrx_word' id='word_1_811' title='bbox 1444 5198 1689 5271; x_wconf 74' lang='grc' dir='ltr'>οὐρανῶν</span> <span class='ocrx_word' id='word_1_812' title='bbox 1710 5202 1744 5271; x_wconf 82' lang='grc' dir='ltr'>ὴ</span> <span class='ocrx_word' id='word_1_813' title='bbox 1779 5199 1939 5270; x_wconf 77' lang='grc' dir='ltr'>σὰρξ,</span> 
     </span>
    </p>
   </div>
   <div class='ocr_carea' id='block_1_100' title="bbox 2042 4647 3627 4719">
    <p class='ocr_par' dir='ltr' id='par_1_100' title="bbox 2042 4647 3627 4719">
     <span class='ocr_line' id='line_1_100' title="bbox 2042 4647 3627 4719; baseline 0 -12"><span class='ocrx_word' id='word_1_814' title='bbox 2042 4651 2109 4707; x_wconf 89' lang='lat' dir='ltr'><strong>de</strong></span> <span class='ocrx_word' id='word_1_815' title='bbox 2166 4648 2307 4706; x_wconf 82' lang='lat' dir='ltr'><strong>ccelo</strong></span> <span class='ocrx_word' id='word_1_816' title='bbox 2353 4649 2630 4707; x_wconf 79' lang='lat' dir='ltr'><strong>descendi.</strong></span> <span class='ocrx_word' id='word_1_817' title='bbox 2656 4647 2714 4704; x_wconf 89' lang='lat' dir='ltr'><strong>Si</strong></span> <span class='ocrx_word' id='word_1_818' title='bbox 2757 4649 2882 4719; x_wconf 91' lang='lat' dir='ltr'><strong>quis</strong></span> <span class='ocrx_word' id='word_1_819' title='bbox 2927 4650 3345 4705; x_wconf 88' lang='lat' dir='ltr'><strong>manducaverit</strong></span> <span class='ocrx_word' id='word_1_820' title='bbox 3394 4665 3461 4706; x_wconf 82' lang='lat' dir='ltr'><strong>ex</strong></span> <span class='ocrx_word' id='word_1_821' title='bbox 3520 4650 3627 4707; x_wconf 89' lang='lat' dir='ltr'><strong>hoc</strong></span> 
     </span>
    </p>
   </div>
   <div class='ocr_carea' id='block_1_101' title="bbox 2042 4740 3626 4812">
    <p class='ocr_par' dir='ltr' id='par_1_101' title="bbox 2042 4740 3626 4812">
     <span class='ocr_line' id='line_1_101' title="bbox 2042 4740 3626 4812; baseline -0.001 -15"><span class='ocrx_word' id='word_1_822' title='bbox 2042 4756 2202 4812; x_wconf 84' lang='lat' dir='ltr'><strong>pane,</strong></span> <span class='ocrx_word' id='word_1_823' title='bbox 2233 4742 2378 4797; x_wconf 87' lang='lat' dir='ltr'><strong>vivet</strong></span> <span class='ocrx_word' id='word_1_824' title='bbox 2409 4741 2461 4796; x_wconf 90' lang='lat' dir='ltr'><strong>in</strong></span> <span class='ocrx_word' id='word_1_825' title='bbox 2492 4751 2755 4796; x_wconf 80' lang='lat' dir='ltr'><strong>aeternum</strong></span> <span class='ocrx_word' id='word_1_826' title='bbox 2791 4756 2806 4794; x_wconf 90' lang='lat'><strong>:</strong></span> <span class='ocrx_word' id='word_1_827' title='bbox 2838 4748 2894 4794; x_wconf 89' lang='lat' dir='ltr'><strong>et</strong></span> <span class='ocrx_word' id='word_1_828' title='bbox 2920 4741 3076 4812; x_wconf 90' lang='lat' dir='ltr'><strong>panis</strong></span> <span class='ocrx_word' id='word_1_829' title='bbox 3106 4756 3268 4811; x_wconf 87' lang='lat' dir='ltr'><strong>quem</strong></span> <span class='ocrx_word' id='word_1_830' title='bbox 3314 4754 3414 4811; x_wconf 86' lang='lat' dir='ltr'><strong>ego</strong></span> <span class='ocrx_word' id='word_1_831' title='bbox 3463 4740 3626 4808; x_wconf 87' lang='lat' dir='ltr'><strong>dabo,</strong></span> 
     </span>
    </p>
   </div>
   <div class='ocr_carea' id='block_1_102' title="bbox 2044 4813 3630 4904">
    <p class='ocr_par' dir='ltr' id='par_1_102' title="bbox 2044 4813 3630 4904">
     <span class='ocr_line' id='line_1_102' title="bbox 2044 4813 3630 4904; baseline -0.001 -14"><span class='ocrx_word' id='word_1_832' title='bbox 2044 4848 2173 4890; x_wconf 88' lang='lat' dir='ltr'><strong>caro</strong></span> <span class='ocrx_word' id='word_1_833' title='bbox 2190 4848 2308 4890; x_wconf 86' lang='lat' dir='ltr'><strong>mea</strong></span> <span class='ocrx_word' id='word_1_834' title='bbox 2339 4843 2425 4889; x_wconf 90' lang='lat' dir='ltr'><strong>est</strong></span> <span class='ocrx_word' id='word_1_835' title='bbox 2454 4848 2554 4904; x_wconf 85' lang='lat' dir='ltr'><strong>pro</strong></span> <span class='ocrx_word' id='word_1_836' title='bbox 2593 4833 2777 4889; x_wconf 88' lang='lat' dir='ltr'><strong>mundi</strong></span> <span class='ocrx_word' id='word_1_837' title='bbox 2804 4813 2937 4888; x_wconf 73' lang='lat' dir='ltr'><strong>vita.</strong></span> <span class='ocrx_word' id='word_1_838' title='bbox 2973 4832 3074 4900; x_wconf 84' lang='lat' dir='ltr'><strong>Qui</strong></span> <span class='ocrx_word' id='word_1_839' title='bbox 3108 4833 3400 4889; x_wconf 87' lang='lat' dir='ltr'><strong>manducat</strong></span> <span class='ocrx_word' id='word_1_840' title='bbox 3453 4829 3630 4888; x_wconf 81' lang='lat' dir='ltr'><strong>meam</strong></span> 
     </span>
    </p>
   </div>
   <div class='ocr_carea' id='block_1_103' title="bbox 2045 4924 3685 5003">
    <p class='ocr_par' dir='ltr' id='par_1_103' title="bbox 2045 4924 3685 5003">
     <span class='ocr_line' id='line_1_103' title="bbox 2045 4924 3685 5003; baseline -0.004 -23"><span class='ocrx_word' id='word_1_841' title='bbox 2045 4932 2364 4991; x_wconf 89' lang='lat' dir='ltr'><strong>carnem,et</strong></span> <span class='ocrx_word' id='word_1_842' title='bbox 2399 4924 2537 4981; x_wconf 86' lang='lat' dir='ltr'><strong>bibit</strong></span> <span class='ocrx_word' id='word_1_843' title='bbox 2579 4938 2759 4980; x_wconf 88' lang='lat' dir='ltr'><strong>meum</strong></span> <span class='ocrx_word' id='word_1_844' title='bbox 2790 4924 3133 4995; x_wconf 88' lang='lat' dir='ltr'><strong>sanguinem,</strong></span> <span class='ocrx_word' id='word_1_845' title='bbox 3177 4925 3229 4978; x_wconf 93' lang='lat' dir='ltr'><strong>in</strong></span> <span class='ocrx_word' id='word_1_846' title='bbox 3282 4939 3369 4979; x_wconf 88' lang='lat' dir='ltr'><strong>me</strong></span> <span class='ocrx_word' id='word_1_847' title='bbox 3428 4938 3631 4988; x_wconf 83' lang='lat' dir='ltr'><strong>manet,</strong></span> <span class='ocrx_word' id='word_1_848' title='bbox 3678 4997 3685 5003; x_wconf 21' lang='grc' dir='ltr'>δ</span> 
     </span>
    </p>
   </div>
   <div class='ocr_carea' id='block_1_104' title="bbox 2045 5014 3636 5087">
    <p class='ocr_par' dir='ltr' id='par_1_104' title="bbox 2045 5014 3636 5087">
     <span class='ocr_line' id='line_1_104' title="bbox 2045 5014 3636 5087; baseline 0 -16"><span class='ocrx_word' id='word_1_849' title='bbox 2045 5025 2098 5071; x_wconf 91' lang='lat' dir='ltr'><strong>et</strong></span> <span class='ocrx_word' id='word_1_850' title='bbox 2126 5030 2226 5087; x_wconf 89' lang='lat' dir='ltr'><strong>ego</strong></span> <span class='ocrx_word' id='word_1_851' title='bbox 2254 5016 2307 5071; x_wconf 93' lang='lat' dir='ltr'><strong>in</strong></span> <span class='ocrx_word' id='word_1_852' title='bbox 2354 5014 2470 5073; x_wconf 90' lang='lat' dir='ltr'><strong>illo.</strong></span> <span class='ocrx_word' id='word_1_853' title='bbox 2516 5014 2670 5071; x_wconf 84' lang='lat' dir='ltr'><strong>Sicut</strong></span> <span class='ocrx_word' id='word_1_854' title='bbox 2702 5029 2789 5071; x_wconf 89' lang='lat' dir='ltr'><strong>rue</strong></span> <span class='ocrx_word' id='word_1_855' title='bbox 2822 5016 2972 5072; x_wconf 88' lang='lat' dir='ltr'><strong>misit</strong></span> <span class='ocrx_word' id='word_1_856' title='bbox 3000 5015 3189 5072; x_wconf 88' lang='lat' dir='ltr'><strong>vivens</strong></span> <span class='ocrx_word' id='word_1_857' title='bbox 3229 5014 3414 5081; x_wconf 87' lang='lat' dir='ltr'><strong>Pater,</strong></span> <span class='ocrx_word' id='word_1_858' title='bbox 3448 5024 3503 5071; x_wconf 90' lang='lat' dir='ltr'><strong>et</strong></span> <span class='ocrx_word' id='word_1_859' title='bbox 3533 5030 3636 5085; x_wconf 85' lang='lat' dir='ltr'><strong>ego</strong></span> 
     </span>
    </p>
   </div>
   <div class='ocr_carea' id='block_1_105' title="bbox 2041 5103 3634 5178">
    <p class='ocr_par' dir='ltr' id='par_1_105' title="bbox 2041 5103 3634 5178">
     <span class='ocr_line' id='line_1_105' title="bbox 2041 5103 3634 5178; baseline 0.004 -21"><span class='ocrx_word' id='word_1_860' title='bbox 2041 5106 2167 5161; x_wconf 84' lang='lat' dir='ltr'><strong>vivo</strong></span> <span class='ocrx_word' id='word_1_861' title='bbox 2195 5114 2419 5177; x_wconf 88' lang='lat' dir='ltr'><strong>propter</strong></span> <span class='ocrx_word' id='word_1_862' title='bbox 2455 5103 2678 5161; x_wconf 89' lang='lat' dir='ltr'><strong>Patrem</strong></span> <span class='ocrx_word' id='word_1_863' title='bbox 2706 5124 2721 5161; x_wconf 90' lang='lat'><strong>:</strong></span> <span class='ocrx_word' id='word_1_864' title='bbox 2755 5115 2811 5163; x_wconf 90' lang='lat' dir='ltr'><strong>et</strong></span> <span class='ocrx_word' id='word_1_865' title='bbox 2842 5107 2936 5178; x_wconf 92' lang='lat' dir='ltr'><strong>qui</strong></span> <span class='ocrx_word' id='word_1_866' title='bbox 2965 5107 3262 5163; x_wconf 89' lang='lat' dir='ltr'><strong>manducat</strong></span> <span class='ocrx_word' id='word_1_867' title='bbox 3293 5123 3401 5172; x_wconf 85' lang='lat' dir='ltr'><strong>me,</strong></span> <span class='ocrx_word' id='word_1_868' title='bbox 3433 5118 3488 5163; x_wconf 93' lang='lat' dir='ltr'><strong>et</strong></span> <span class='ocrx_word' id='word_1_869' title='bbox 3516 5108 3634 5174; x_wconf 87' lang='lat' dir='ltr'><strong>ipse</strong></span> 
     </span>
    </p>
   </div>
   <div class='ocr_carea' id='block_1_106' title="bbox 2042 5196 3639 5269">
    <p class='ocr_par' dir='ltr' id='par_1_106' title="bbox 2042 5196 3639 5269">
     <span class='ocr_line' id='line_1_106' title="bbox 2042 5196 3639 5269; baseline 0.001 -18"><span class='ocrx_word' id='word_1_870' title='bbox 2042 5199 2191 5254; x_wconf 85' lang='lat' dir='ltr'><strong>vivet</strong></span> <span class='ocrx_word' id='word_1_871' title='bbox 2230 5205 2453 5268; x_wconf 86' lang='lat' dir='ltr'><strong>propter</strong></span> <span class='ocrx_word' id='word_1_872' title='bbox 2494 5212 2583 5254; x_wconf 87' lang='lat' dir='ltr'><strong>me</strong></span> <span class='ocrx_word' id='word_1_873' title='bbox 2610 5196 2677 5253; x_wconf 82' lang='lat'><strong>&quot;.</strong></span> <span class='ocrx_word' id='word_1_874' title='bbox 2731 5215 2749 5249; x_wconf 75' lang='grc' dir='ltr'><strong>ι</strong></span> <span class='ocrx_word' id='word_1_875' title='bbox 2795 5198 2960 5269; x_wconf 86' lang='lat' dir='ltr'><strong>Atqui</strong></span> <span class='ocrx_word' id='word_1_876' title='bbox 3017 5199 3148 5255; x_wconf 87' lang='lat' dir='ltr'><strong>nulli</strong></span> <span class='ocrx_word' id='word_1_877' title='bbox 3212 5199 3503 5254; x_wconf 88' lang='lat' dir='ltr'><strong>obscurum</strong></span> <span class='ocrx_word' id='word_1_878' title='bbox 3553 5206 3639 5254; x_wconf 88' lang='lat' dir='ltr'><strong>cst</strong></span> 
     </span>
    </p>
   </div>
   <div class='ocr_carea' id='block_1_107' title="bbox 348 5278 1926 5362">
    <p class='ocr_par' dir='ltr' id='par_1_107' title="bbox 348 5286 1926 5362">
     <span class='ocr_line' id='line_1_107' title="bbox 348 5286 1926 5362; baseline -0.003 -15"><span class='ocrx_word' id='word_1_879' title='bbox 348 5290 466 5347; x_wconf 76' lang='grc' dir='ltr'>ἀλλ’</span> <span class='ocrx_word' id='word_1_880' title='bbox 504 5286 574 5362; x_wconf 75' lang='grc' dir='ltr'>ἦν</span> <span class='ocrx_word' id='word_1_881' title='bbox 616 5291 682 5344; x_wconf 80' lang='grc' dir='ltr'>ἐκ</span> <span class='ocrx_word' id='word_1_882' title='bbox 713 5289 1016 5362; x_wconf 75' lang='grc' dir='ltr'>Παρθένου,</span> <span class='ocrx_word' id='word_1_883' title='bbox 1047 5291 1190 5344; x_wconf 80' lang='grc' dir='ltr'>κατὰ</span> <span class='ocrx_word' id='word_1_884' title='bbox 1219 5290 1320 5355; x_wconf 75' lang='grc' dir='ltr'>τὰς</span> <span class='ocrx_word' id='word_1_885' title='bbox 1357 5290 1618 5362; x_wconf 74' lang='grc' dir='ltr'>Γραφάςς</span> <span class='ocrx_word' id='word_1_886' title='bbox 1657 5289 1782 5345; x_wconf 73' lang='grc' dir='ltr'>Ὀτι</span> <span class='ocrx_word' id='word_1_887' title='bbox 1825 5290 1926 5344; x_wconf 53' lang='grc' dir='ltr'>ἔστι</span> 
     </span>
    </p>
   </div>
   <div class='ocr_carea' id='block_1_108' title="bbox 2031 5278 3636 5362">
    <p class='ocr_par' dir='ltr' id='par_1_108' title="bbox 2044 5278 3636 5354">
     <span class='ocr_line' id='line_1_108' title="bbox 2044 5278 3636 5354; baseline -0.003 -7"><span class='ocrx_word' id='word_1_888' title='bbox 2044 5305 2265 5347; x_wconf 86' lang='lat' dir='ltr'><strong>carnem</strong></span> <span class='ocrx_word' id='word_1_889' title='bbox 2290 5288 2417 5345; x_wconf 89' lang='lat' dir='ltr'><strong>Filii</strong></span> <span class='ocrx_word' id='word_1_890' title='bbox 2444 5290 2681 5347; x_wconf 89' lang='lat' dir='ltr'><strong>hominis</strong></span> <span class='ocrx_word' id='word_1_891' title='bbox 2708 5278 2815 5347; x_wconf 81' lang='lat' dir='ltr'><strong>non</strong></span> <span class='ocrx_word' id='word_1_892' title='bbox 2867 5293 3214 5348; x_wconf 79' lang='lat' dir='ltr'><strong>descendisse</strong></span> <span class='ocrx_word' id='word_1_893' title='bbox 3239 5291 3307 5347; x_wconf 90' lang='lat' dir='ltr'><strong>de</strong></span> <span class='ocrx_word' id='word_1_894' title='bbox 3349 5290 3523 5354; x_wconf 73' lang='lat' dir='ltr'><strong>cmlis,</strong></span> <span class='ocrx_word' id='word_1_895' title='bbox 3540 5292 3636 5345; x_wconf 80' lang='lat' dir='ltr'><strong>sed</strong></span> 
     </span>
    </p>
   </div>
   <div class='ocr_carea' id='block_1_109' title="bbox 426 5468 1576 5539">
    <p class='ocr_par' dir='ltr' id='par_1_109' title="bbox 426 5468 1576 5539">
     <span class='ocr_line' id='line_1_109' title="bbox 426 5468 1576 5539; baseline 0.001 -15"><span class='ocrx_word' id='word_1_896' title='bbox 426 5469 473 5502; x_wconf 82' lang='grc'><strong><em>²²</em></strong></span> <span class='ocrx_word' id='word_1_897' title='bbox 500 5468 656 5526; x_wconf 80' lang='lat' dir='ltr'><strong>Joan.</strong></span> <span class='ocrx_word' id='word_1_898' title='bbox 692 5487 775 5539; x_wconf 85' lang='grc' dir='ltr'>ιιι,</span> <span class='ocrx_word' id='word_1_899' title='bbox 829 5472 881 5527; x_wconf 80' lang='lat'><strong>5.</strong></span> <span class='ocrx_word' id='word_1_900' title='bbox 962 5471 1006 5503; x_wconf 88' lang='grc'>³³</span> <span class='ocrx_word' id='word_1_901' title='bbox 1030 5470 1189 5531; x_wconf 81' lang='lat' dir='ltr'><strong>Rom,</strong></span> <span class='ocrx_word' id='word_1_902' title='bbox 1225 5488 1344 5537; x_wconf 86' lang='lat' dir='ltr'><strong>vm,</strong></span> <span class='ocrx_word' id='word_1_903' title='bbox 1394 5472 1447 5536; x_wconf 84' lang='lat'><strong>9,</strong></span> <span class='ocrx_word' id='word_1_904' title='bbox 1488 5472 1576 5525; x_wconf 88' lang='lat' dir='ltr'><strong>l0.</strong></span> 
     </span>
    </p>
   </div>
   <div class='ocr_carea' id='block_1_110' title="bbox 355 5539 679 5609">
    <p class='ocr_par' dir='ltr' id='par_1_110' title="bbox 355 5539 679 5609">
     <span class='ocr_line' id='line_1_110' title="bbox 355 5539 679 5609; baseline 0 -15"><span class='ocrx_word' id='word_1_905' title='bbox 355 5539 446 5605; x_wconf 71' lang='lat'><strong>52,</strong></span> <span class='ocrx_word' id='word_1_906' title='bbox 473 5542 564 5609; x_wconf 84' lang='lat'><strong>57,</strong></span> <span class='ocrx_word' id='word_1_907' title='bbox 589 5541 679 5597; x_wconf 81' lang='lat'><strong>58.</strong></span> 
     </span>
    </p>
   </div>
   <div class='ocr_carea' id='block_1_111' title="bbox 1673 5472 1926 5543">
    <p class='ocr_par' dir='ltr' id='par_1_111' title="bbox 1673 5472 1916 5529">
     <span class='ocr_line' id='line_1_111' title="bbox 1673 5472 1916 5529; baseline -0.008 0"><span class='ocrx_word' id='word_1_908' title='bbox 1673 5472 1719 5504; x_wconf 73' lang='grc'><strong>³⁸</strong></span> <span class='ocrx_word' id='word_1_909' title='bbox 1756 5473 1916 5529; x_wconf 79' lang='lat' dir='ltr'><strong>Joan.</strong></span> 
     </span>
    </p>
   </div>
   <div class='ocr_carea' id='block_1_112' title="bbox 2031 5472 3637 5543">
    <p class='ocr_par' dir='ltr' id='par_1_112' title="bbox 2031 5472 3637 5543">
     <span class='ocr_line' id='line_1_112' title="bbox 2031 5472 3637 5543; baseline 0.007 -16"><span class='ocrx_word' id='word_1_910' title='bbox 2031 5512 2045 5538; x_wconf 86' lang='lat'><strong>,</strong></span> <span class='ocrx_word' id='word_1_911' title='bbox 2078 5472 2171 5529; x_wconf 77' lang='grc'><strong>54.</strong></span> <span class='ocrx_word' id='word_1_912' title='bbox 2250 5473 2295 5504; x_wconf 83' lang='grc'>³⁸</span> <span class='ocrx_word' id='word_1_913' title='bbox 2323 5473 2457 5530; x_wconf 85' lang='lat' dir='ltr'><strong>ibid.</strong></span> <span class='ocrx_word' id='word_1_914' title='bbox 2480 5472 2571 5541; x_wconf 80' lang='lat'><strong>50,</strong></span> <span class='ocrx_word' id='word_1_915' title='bbox 2595 5474 2687 5530; x_wconf 79' lang='lat'><strong>5|.</strong></span> <span class='ocrx_word' id='word_1_916' title='bbox 2767 5472 2814 5505; x_wconf 85' lang='grc'><strong><em>³⁸</em></strong></span> <span class='ocrx_word' id='word_1_917' title='bbox 2837 5473 2970 5531; x_wconf 85' lang='lat' dir='ltr'><strong>ibid.</strong></span> <span class='ocrx_word' id='word_1_918' title='bbox 2999 5473 3090 5543; x_wconf 69' lang='lat'><strong>52,</strong></span> <span class='ocrx_word' id='word_1_919' title='bbox 3123 5475 3213 5532; x_wconf 75' lang='grc'><strong>53.</strong></span> <span class='ocrx_word' id='word_1_920' title='bbox 3291 5477 3334 5509; x_wconf 78' lang='grc'>³⁷</span> <span class='ocrx_word' id='word_1_921' title='bbox 3376 5475 3510 5533; x_wconf 88' lang='lat' dir='ltr'><strong>ibid.</strong></span> <span class='ocrx_word' id='word_1_922' title='bbox 3541 5474 3637 5539; x_wconf 72' lang='grc'><strong>51,</strong></span> 
     </span>
    </p>
   </div>
   <div class='ocr_carea' id='block_1_113' title="bbox 1462 5681 2595 5752">
    <p class='ocr_par' dir='ltr' id='par_1_113' title="bbox 1462 5681 2595 5752">
     <span class='ocr_line' id='line_1_113' title="bbox 1462 5681 2595 5752; baseline 0.003 -16"><span class='ocrx_word' id='word_1_923' title='bbox 1462 5682 1639 5738; x_wconf 80' lang='lat' dir='ltr'><strong>Variae</strong></span> <span class='ocrx_word' id='word_1_924' title='bbox 1672 5684 1935 5740; x_wconf 87' lang='lat' dir='ltr'><strong>lectiones</strong></span> <span class='ocrx_word' id='word_1_925' title='bbox 1968 5683 2186 5740; x_wconf 90' lang='lat' dir='ltr'><strong>codices</strong></span> <span class='ocrx_word' id='word_1_926' title='bbox 2222 5681 2595 5752; x_wconf 80' lang='lat' dir='ltr'><strong>Segnieriani.</strong></span> 
     </span>
    </p>
   </div>
   <div class='ocr_carea' id='block_1_114' title="bbox 432 5814 795 5887">
    <p class='ocr_par' dir='ltr' id='par_1_114' title="bbox 432 5814 795 5887">
     <span class='ocr_line' id='line_1_114' title="bbox 432 5814 795 5887; baseline 0.014 -23"><span class='ocrx_word' id='word_1_927' title='bbox 432 5821 461 5864; x_wconf 72' lang='grc' dir='ltr'><strong><em>γ</em></strong></span> <span class='ocrx_word' id='word_1_928' title='bbox 484 5814 549 5868; x_wconf 77' lang='grc' dir='ltr'>τὰ</span> <span class='ocrx_word' id='word_1_929' title='bbox 577 5814 795 5887; x_wconf 80' lang='grc' dir='ltr'>σαρκός.</span> 
     </span>
    </p>
   </div>
   <div class='ocr_carea' id='block_1_115' title="bbox 877 5812 2240 5888">
    <p class='ocr_par' dir='ltr' id='par_1_115' title="bbox 877 5812 2240 5888">
     <span class='ocr_line' id='line_1_115' title="bbox 877 5812 2240 5888; baseline 0.001 -20"><span class='ocrx_word' id='word_1_930' title='bbox 877 5824 898 5853; x_wconf 77' lang='grc' dir='ltr'><strong><em>ι</em></strong></span> <span class='ocrx_word' id='word_1_931' title='bbox 934 5812 1218 5879; x_wconf 83' lang='grc' dir='ltr'>δακτύλοις</span> <span class='ocrx_word' id='word_1_932' title='bbox 1250 5813 1679 5888; x_wconf 80' lang='grc' dir='ltr'>κατασημαίνων</span> <span class='ocrx_word' id='word_1_933' title='bbox 1712 5815 1876 5871; x_wconf 76' lang='grc' dir='ltr'>αὑτὸν</span> <span class='ocrx_word' id='word_1_934' title='bbox 1904 5814 2240 5886; x_wconf 77' lang='grc' dir='ltr'>ὲνσώματον.</span> 
     </span>
    </p>
   </div>
   <div class='ocr_carea' id='block_1_116' title="bbox 2320 5814 2695 5887">
    <p class='ocr_par' dir='ltr' id='par_1_116' title="bbox 2320 5814 2695 5887">
     <span class='ocr_line' id='line_1_116' title="bbox 2320 5814 2695 5887; baseline 0.016 -20"><span class='ocrx_word' id='word_1_935' title='bbox 2320 5823 2341 5848; x_wconf 75' lang='grc'>⁸</span> <span class='ocrx_word' id='word_1_936' title='bbox 2375 5816 2431 5869; x_wconf 81' lang='grc' dir='ltr'>ὲν</span> <span class='ocrx_word' id='word_1_937' title='bbox 2461 5814 2695 5887; x_wconf 74' lang='grc' dir='ltr'>σώματι.</span> 
     </span>
    </p>
   </div>
  </div>
