4060 6416
490 382 623 439 ΗΜ

1485 372 1542 427 S.
1583 366 1863 427 CYRILLI
1902 365 2377 423 ALEXANDRINI
2417 365 2741 423 ARCIHEP.

3615 366 3745 425 “9‘2

487 508 518 549 e
547 470 936 561 sacravirgine
965 485 1262 544 secundum
1297 484 1611 555 Scripturas
1632 494 1898 554 sumptam
1924 497 2065 547 esse,

2194 480 2224 533 ἑὲ
2259 481 2360 534 οὐκ
2389 480 2605 544 ὲδεστὸς
2636 482 2665 532 ὁ
2706 478 2900 547 Λόγος,
2934 476 3048 533 ἀλλ’
3080 477 3158 542 είς
3197 478 3254 530 ἓν
3286 478 3453 548 ἄμφω
3484 478 3746 547 συλλέγων

486 599 640 653 mque
668 592 873 637 certum
908 591 989 635 e5t
1016 595 1029 633 :
1069 578 1299 633 Verbqu
1329 576 1629 631 secundum
1666 592 1724 630 se
1753 576 2066 630 manducari

488 692 593 730 non
623 689 814 745 posse;
836 682 1074 727 attamen
1107 670 1406 726 secundum
1433 669 1889 737 dispensatoriam
1922 669 2069 722 illam

488 767 768 830 unionem,
789 763 974 818 multis
1002 763 1204 833 passim
1234 761 1367 815 locis
1394 761 1577 814 videre
1599 759 1745 821 licet,
1772 769 1830 812 ut
1868 760 2073 812 utrius-

488 871 595 927 que
618 864 825 910 naturae
859 854 1225 923 proprietates
1272 851 1613 906 familiariter
1659 850 1761 905 sibi
1819 850 2076 904 vindicet

490 957 841 1017 usurpctqne.
871 947 1051 1012 Quare
1089 944 1383 998 Nicodcmo
1434 945 1752 1013 mysterium
1818 943 1921 997 hoc
1965 957 2072 996 non

491 1039 832 1108 intelligenti,
865 1037 959 1092 sed
988 1036 1233 1105 imperite
1267 1052 1280 1087 :
1321 1052 1338 1084 ι
1382 1032 1663 1099 Quomodo
1700 1038 1932 1103 possunt
1961 1033 2075 1086 bazc

494 1130 647 1184 ﬁeri?
670 1149 688 1182 ι
720 1128 1040 1191 sciscitanti,
1063 1127 1131 1179 ita
1158 1124 1431 1203 occurrit:
1461 1143 1479 1176 ι
1506 1124 1562 1177 Si
1593 1135 1809 1178 terrena
1842 1124 1952 1177 dixi
1984 1136 2075 1195 vo-

496 1224 600 1287 bis,
620 1233 671 1275 ct
690 1236 791 1274 non
812 1220 1052 1282 creditis,
1069 1216 1338 1286 quomodo
1366 1216 1409 1270 si
1437 1215 1678 1270 ctelestia
1698 1215 1848 1270 vobis
1869 1215 2078 1279 dixero,

495 1311 782 1366 credetis?
818 1310 883 1363 Et
928 1325 1089 1363 nemo
1151 1308 1398 1362 ascendit
1457 1306 1510 1359 in
1568 1305 1785 1369 ctL-lum,
1820 1303 1922 1358 nisi
1987 1304 2077 1373 qui

494 1400 773 1456 descendit
806 1399 872 1453 de
906 1398 1067 1463 cmlo,
1106 1398 1276 1451 Filius
1317 1386 1427 1465 36
1469 1392 1706 1448 hominis
1730 1390 1795 1445 ³⁸.
1823 1409 1840 1442 ι
1881 1388 2082 1445 ludatis

495 1504 674 1545 autem
722 1491 909 1545 eodem
940 1489 1098 1558 plane
1135 1486 1363 1542 inscitiae
1398 1486 1589 1539 morbo
1632 1498 1755 1536 cum
1792 1480 2083 1535 Nicodemo

497 1580 887 1642 laborantibus,
914 1579 1125 1647 ipsique
1173 1576 1316 1646 quod
1360 1587 1557 1642 corpus
1583 1588 1738 1626 suum
1782 1570 2079 1634 vivilicum,

498 1687 707 1726 necnon
728 1673 794 1725 de
812 1671 950 1725 caelo
983 1670 1247 1738 dilapsum
1270 1666 1590 1731 afﬁrmaret,
1610 1665 1791 1720 nescio
1816 1665 2083 1733 quomodo

500 1764 726 1817 illudere
780 1778 884 1816 non
924 1761 1317 1823 dubitantibus,
1346 1761 1426 1813 sic
1478 1759 1657 1812 aiebat
1700 1771 1716 1811 :
1764 1776 1782 1808 ι
1826 1744 1939 1811 Hoc
1991 1771 2083 1809 vos

2174 570 2316 623 κατὰ
2339 569 2400 621 σύ
2410 568 2608 640 μὸασιν
2630 566 2978 639 οἰκονομικὴν
3000 566 3067 620 τά
3092 567 3199 621 τῶν
3222 566 3436 636 φύσεων
3461 566 3743 638 ίδιώματα,

2171 660 2262 713 διὰ
2293 659 2502 729 μυρίων
2541 659 2680 712 ὅσων
2707 660 2840 729 ἡμῖν
2864 658 3055 729 ὁρᾶται
3085 656 3283 726 λόγων.
3316 657 3610 727 Νικοδήμῳ
3651 659 3747 727 μὲν

2174 751 2283 822 γὰρ
2304 753 2363 804 οὐ
2398 752 2634 806 συνιέντι
2658 750 2720 804 τὸ
2752 752 3075 823 μυστήριον,
3102 750 3505 821 ἀνακεκραγὸτι
3530 750 3588 803 δὲ
3614 751 3751 820 ἀμα-

2181 843 2478 907 θῶςοιιῖῶς
2505 842 2729 897 δύναται
2756 842 2927 897 ταῦτα
2956 841 3211 911 γενέσθαι
3232 843 3386 905 ;—El
3414 841 3482 895 τά
3518 842 3750 910 ἐπίγεια,

2178 936 2361 1006 φησὶν,
2395 930 2546 988 εἶπον
2581 936 2732 1005 ὑμῖν,
2775 935 2869 989 καὶ
2896 935 2958 988 οὐ
2993 934 3313 988 πιστεύετε·
3346 934 3461 997 πῶς
3496 933 3589 988 ἐὰν
3620 935 3752 987 εἴπω

2176 1029 2246 1081 τὰ
2280 1027 2584 1099 ἐπουράνια
2620 1029 2769 1098 ὑμῖν,
2804 1027 3161 1099 πιστεύσητε;
3196 1026 3306 1081 Καὶ
3342 1026 3515 1089 οὐδεὶς
3560 1026 3752 1079 ἀναδέ-

2181 1112 2349 1191 6ηκεν
2379 1122 2457 1183 εἰς
2483 1118 2573 1173 τὸν
2601 1117 2851 1191 οὐρανὸν,
2879 1120 2929 1173 εί
2965 1119 3041 1191 μὴ
3070 1121 3098 1173 ὁ
3128 1119 3255 1183 Υἱὸς
3280 1118 3374 1172 τοῦ
3408 1118 3695 1188 ἀνθρώπου
3728 1120 3756 1171 ὁ

2182 1212 2247 1263 ὲκ
2285 1209 2379 1263 τοῦ
2414 1209 2643 1282 οὐρανοῦ
2687 1210 2952 1275 καταϐάς.
2979 1228 2998 1262 ι
3045 1209 3320 1274 Ἰουδαίοις
3357 1228 3414 1264 τε
3456 1210 3618 1264 πάλιν
3663 1209 3757 1281 τὴν

2182 1305 2305 1375 ῐσην
2335 1303 2528 1374 ἐκείνῳ
2560 1304 2806 1358 νοσοῦσιν
2828 1302 3207 1367 ἀπαιδευσίαν,
3242 1305 3335 1358 καὶ
3367 1303 3641 1375 διαγελᾷν,
3664 1304 3759 1357 οὐκ

2184 1392 2276 1450 οἷδ’
2298 1397 2466 1464 ὅπως,
2494 1397 2773 1468 ἑλομένοις
2795 1396 2977 1462 αὑτὸν,
2993 1392 3185 1449 ὲπείπε
3194 1413 3226 1467 ρ
3250 1396 3355 1467 ἔφη
3383 1395 3646 1460 ζωοποιδν
3671 1394 3762 1448 καὶ

2184 1488 2243 1556 ἐξ
2276 1489 2507 1560 οὐρανοῦ
2550 1490 2612 1542 τὸ
2645 1490 2775 1543 ἴδιον
2811 1489 2998 1561 σῶμα·
3034 1507 3052 1541 ‹
3089 1488 3261 1542 Τοῦτο
3300 1489 3445 1558 ὑμᾶς
3489 1477 3765 1542 σκανδαλίο

2187 1579 2300 1644 ζεις
2344 1580 2508 1651 φησίν
2535 1597 2547 1609 ⁸
2583 1580 2677 1635 ἐὰν
2702 1575 2794 1634 οὖν
2825 1580 3064 1652 θεωρῆτε
3087 1579 3177 1633 τὸν
3203 1576 3331 1632 Υἱον
3357 1577 3452 1632 τοῦ
3483 1577 3763 1650 ἀνθρώπου

2187 1672 2545 1727 ἀναϐαίνοντα
2590 1674 2726 1727 ὅπου
2759 1670 2827 1744 ἦν
2868 1672 2929 1725 τὸ
2972 1673 3271 1743 πρότερον;
3304 1691 3320 1723 ι
3364 1660 3435 1724 Ἢ
3471 1671 3593 1742 οὐχὶ
3623 1656 3767 1723 τετέ-

2188 1760 2313 1831 χθαι
2349 1760 2527 1831 φαμὲν
2569 1764 2633 1838 εκ
2677 1758 2936 1829 γυναικὸς
2981 1759 3070 1812 τὸν
3106 1759 3494 1831 Ἐμμανουήλ;
3538 1756 3646 1812 Ποῦ
3679 1754 3767 1810 οὖν

499 1850 869 1904 scandalixat?
895 1849 949 1902 Si
979 1864 1108 1917 ergo
1132 1847 1379 1903 videritis
1402 1847 1597 1902 Filium
1632 1847 1865 1900 hominis
1898 1861 2082 1900 ascen-

2194 1854 2249 1907 τὸ
2278 1854 2543 1925 πρότερον
2567 1836 2659 1923 ἦν,
2689 1850 2721 1924 ἢ
2754 1852 2871 1915 πῶς
2900 1849 3240 1920 ἀναϐέϐηκεν
3272 1849 3398 1903 ἔνθα
3434 1852 3606 1922 φησὶν
3635 1847 3768 1903 εἶναι

500 1941 715 1993 denlem
764 1940 851 1995 ubi
902 1941 1049 2008 prius
1096 1939 1319 1994 erat"?
1356 1957 1375 1991 ο
1426 1938 1604 2006 Quid?
1639 1953 1816 1992 nonne
1868 1937 2083 1992 Emma-

500 2029 716 2084 nnclem
748 2045 813 2085 ex
843 2032 1069 2085 muliere
1119 2040 1305 2085 natum
1340 2029 1610 2084 dicimUs?
1646 2028 1743 2084 Ubi
1777 2043 1907 2100 ergo
1935 2031 2084 2099 prius

499 2129 640 2187 erat,
677 2133 770 2174 aut
800 2136 905 2189 qua
949 2122 1159 2175 ratione
1187 2135 1252 2175 eo
1284 2121 1595 2175 ascendisse
1635 2134 1695 2174 se
1739 2119 1955 2182 asserit,
1991 2118 2079 2173 ubi

504 2221 631 2264 ante
654 2211 811 2264 erat?
841 2210 1024 2265 Nonne
1064 2225 1293 2281 corpore
1329 2211 1433 2265 sibi
1465 2210 1615 2264 unito
1642 2225 1703 2264 ex
1734 2218 1918 2265 sancta
1957 2207 2080 2263 Vir-

503 2304 629 2372 gine
676 2312 864 2356 natum
921 2303 1276 2373 proﬁtemur?
1323 2305 1515 2356 Annon
1567 2317 1785 2356 carnem
1845 2317 1965 2371 qua:
2017 2301 2084 2355 de

506 2405 650 2447 terra
676 2395 936 2464 est,quod
972 2396 1189 2462 quidem
1212 2394 1277 2447 ad
1295 2393 1567 2464 propriam
1595 2404 1840 2446 naturam
1869 2393 2084 2459 attinet,

504 2484 830 2539 ineliicacem
881 2487 1081 2540 adhoc
1127 2501 1249 2541 esse
1302 2487 1673 2555 agnoscimus,
1716 2498 1775 2540 ut
1811 2488 2088 2542 vivilicare

506 2572 718 2644 p0ssit?
750 2577 865 2642 Quo
897 2578 1059 2647 igitur
1116 2578 1276 2632 modo
1306 2579 1419 2643 die,
1444 2592 1646 2646 quat-so,
1672 2586 1764 2631 aut
1797 2594 1924 2632 caro
1953 2581 2088 2633 vivi-

507 2666 607 2719 lica
647 2674 750 2731 est,
782 2676 876 2717 aut
922 2682 1120 2735 corpus
1164 2667 1305 2734 quod
1361 2677 1632 2719 terrenum
1666 2676 1747 2719 cst
1773 2680 1803 2719 e
1842 2665 1979 2719 cudo
2008 2668 2090 2720 di-

506 2761 715 2826 lapsum
744 2757 965 2827 intelligi
1005 2767 1178 2826 potest
1204 2756 1226 2809 ?
1254 2752 1450 2825 Utique
1480 2757 1778 2811 secundum
1815 2758 2089 2824 unionem,

2191 1945 2393 2005 αὐτὸν,
2435 1944 2613 1997 καίτοι
2668 1942 2953 2013 τεχθέντος
3005 1940 3093 1995 διὰ
3130 1942 3228 2012 τῆς
3282 1940 3446 2010 ἁγίας
3500 1941 3769 2014 Παρθένου

2191 2034 2284 2089 τοῦ
2311 2034 2601 2097 ἐνωθέντος
2625 2033 2773 2104 αὐτῷ
2802 2032 3073 2104 σώματος;
3097 2033 3231 2103 Οὐχὶ
3253 2034 3310 2086 δὲ
3342 2034 3437 2087 καὶ
3478 2036 3772 2105 ἀπρακτεῖν

2191 2126 2586 2197 ὁμολογήσαιμ“
2611 2124 2639 2165 ι)
2669 2124 2735 2178 ἂν
2765 2123 2863 2195 τὴν
2897 2124 3006 2177 ἀπὸ
3040 2124 3145 2192 γῆς
3180 2124 3359 2195 σάρκα
3406 2125 3550 2196 πρὸς
3588 2124 3646 2177 τὸ
3687 2122 3774 2176 δύ-

2189 2218 2384 2272 νασθαι
2416 2218 2721 2283 ζωοποιεῖν,
2766 2219 2888 2271 ὅσον
2931 2213 3066 2288 ἦκεν
3113 2218 3191 2280 εἰς
3228 2218 3364 2270 ἰδίαν
3412 2216 3614 2287 φύσινς
3656 2216 3773 2280 Πῶς

2191 2305 2302 2374 οῦν,
2326 2309 2448 2362 είπέ
2480 2326 2592 2380 μοι,
2621 2308 2885 2373 ζωοποιδς
2911 2311 2943 2380 ὴ
2973 2307 3141 2375 σάρξ;
3172 2309 3204 2378 ἢ
3239 2308 3357 2372 πῶς
3383 2309 3451 2362 ἀν
3486 2311 3658 2362 νοοῖτο
3684 2308 3775 2360 καὶ

2193 2399 2252 2465 ἐξ
2286 2398 2520 2469 οὐρανοῦ
2564 2399 2626 2451 τὸ
2668 2400 2778 2453 ἀπὸ
2807 2401 2939 2471 γῆς;
2982 2399 3120 2453 Καθ’
3160 2400 3353 2453 ἕνωσιν
3386 2400 3653 2470 δηλονότι,
3683 2398 3775 2469 τὴν

2193 2489 2333 2560 πρός
2372 2489 2437 2558 γέ
2481 2507 2622 2559 φημι
2654 2490 2744 2544 τὸν
2780 2491 2959 2555 ζῶντά
3000 2508 3060 2543 τε
3106 2492 3199 2545 καὶ
3243 2492 3541 2560 οὐρανόθεν
3569 2491 3770 2560 Λόγον·

2194 2582 2539 2652 φρονήσομεν
2578 2584 2686 2652 γὰρ
2731 2582 2828 2635 ὡδὶ
2862 2581 2932 2634 τὰ
2979 2581 3099 2636 λίαν
3133 2583 3291 2653 ὀρθὰ,
3329 2584 3421 2636 καὶ
3464 2586 3579 2647 τοῖς
3619 2583 3777 2654 ἱεροῖς

2197 2671 2566 2741 συμϐαίνοντα
2601 2672 2815 2739 Λόγοις.
2834 2672 2932 2741 Εῖη
2951 2672 3058 2743 γὰρ
3077 2675 3173 2744 οὐχ
3200 2675 3387 2744 ἕτερος
3403 2676 3501 2726 καὶ
3524 2676 3778 2745 Δημιουρ-

2196 2762 2291 2831 γὸς
2316 2762 2533 2827 θεῖκῶς,
2566 2764 2659 2815 καὶ
2688 2764 2775 2816 ὅτε
2805 2763 2880 2834 μὴ
2910 2764 3032 2833 δίχα
3063 2767 3235 2817 νοοῖτο
3264 2764 3491 2835 σαρκός.

509 2866 615 2917 qua
665 2851 786 2903 vivo
835 2848 908 2903 illi
964 2848 1282 2918 cmlestique
1335 2846 1513 2902 Verbo
1572 2848 1922 2917 conjunctum
1978 2862 2083 2904 est.
2138 2851 2292 2908 llune
2337 2870 2469 2925 ergo
2519 2856 2573 2908 in
2624 2856 2839 2910 modum
2886 2856 3205 2922 sentientes,
3260 2871 3412 2922 vera,
3477 2854 3778 2923 divinisque

424 2976 445 2991 κ
509 2938 731 2996 Litteris
789 2946 1160 2994 consentanea
1229 2935 1715 2991 sentiemus.Unus
1748 2937 1890 2989 enim
1924 2937 2173 3007 idemque
2212 2942 2429 2997 divinus
2450 2955 2533 2997 est
2555 2941 2749 3013 Opilex
2773 2945 2935 2998 etiam
2959 2960 3125 2999 carne
3158 2944 3403 2999 vestitus.

580 3026 822 3085 XXXIX.
869 3029 1205 3099 Astipulatur
1244 3028 1366 3082 ltuie
1402 3042 1620 3097 quoque
1648 3026 1909 3081 doctrina:
1960 3028 2089 3081 divi-

2272 3034 2395 3087 AB'.
2438 3033 2796 3105 Συλλήπτορα
2844 3034 2899 3086 δὲ
2940 3032 3035 3087 τοῦ
3081 3033 3242 3102 λόγου
3282 3036 3583 3106 ποιήσομαι
3619 3035 3779 3091 πάλιν

509 3138 614 3178 nus
642 3123 753 3185 ille,
786 3121 1135 3188 cmlestisque
1168 3120 1449 3189 sapientia:
1495 3118 1755 3188 magister
1804 3117 2093 3185 Apostolus

513 3213 729 3267 Paulus.
749 3210 951 3265 Scribit
981 3218 1161 3262 autem
1187 3209 1239 3262 in
1267 3209 1379 3262 lucc
1403 3210 1563 3261 verba
1594 3226 1605 3260 :
1640 3214 1658 3258 ι
1696 3206 1914 3261 Gratias
1936 3223 2096 3277 agen-

456 3368 477 3383 .
514 3317 595 3359 tes
617 3304 749 3367 Deo,
778 3302 867 3372 qui
902 3302 1090 3370 dignos
1124 3315 1220 3355 nos
1256 3298 1383 3354 fecit
1417 3300 1469 3353 in
1517 3310 1725 3369 partem
1774 3301 1937 3354 sortis
1968 3316 2093 3355 san-

514 3406 722 3451 ctorum
777 3394 829 3447 in
878 3391 1235 3459 lumine;qui
1299 3391 1498 3459 eripuit
1548 3406 1647 3445 nos
1706 3391 1772 3445 de
1828 3401 2096 3458 potestate

518 3487 891 3547 tenebrarum,
917 3493 970 3537 et
1003 3482 1277 3535 transtulit
1302 3482 1355 3534 in
1382 3497 1605 3549 regnum
1635 3478 1759 3535 Filii
1790 3482 2097 3536 dilectioais

516 3592 651 3642 suae,
698 3576 748 3627 in
803 3588 909 3643 quo
962 3573 1224 3625 habemus
1285 3573 1733 3640 redemptionem,
1789 3581 1841 3627 et
1900 3574 2093 3626 remis-

518 3670 726 3725 sionem
781 3675 1122 3734 pecc:itornm
1158 3680 1170 3715 :
1200 3663 1290 3732 qui
1321 3674 1403 3717 est
1433 3664 1608 3732 imago
1657 3662 1751 3717 Dei
1784 3662 2093 3728 invisibilis,

517 3756 909 3828 primbgenltus
935 3757 1110 3810 oumls
1130 3766 1427 3808 creaturae:
1453 3755 1706 3822 quoniam
1739 3753 1790 3807 in
1820 3753 1936 3823 ipso
1964 3769 2096 3807 con-

520 3853 628 3905 dita
664 3859 789 3904 sunt
822 3849 1074 3902 universa
1109 3847 1161 3900 in
1188 3846 1362 3911 caelis,
1405 3857 1459 3900 et
1495 3848 1547 3900 in
1581 3854 1745 3909 terra,
1779 3845 2010 3900 visibilia
2044 3853 2099 3900 et

519 3938 839 4003 invisibilia,
885 3939 998 3992 sive
1044 3936 1271 4004 Tlironi,
1322 3938 1437 3991 sive
1484 3935 1923 4000 Dominationes,
1986 3938 2098 3990 sive

519 4032 882 4101 Principatus,
917 4030 1032 4085 sive
1086 4029 1393 4084 l’otestates
1420 4045 1433 4083 :
1461 4029 1642 4081 omnia
1687 4042 1784 4098 per
1812 4030 2012 4099 ipsum,
2045 4038 2099 4083 ct

520 4125 574 4177 in
599 4124 714 4192 ipso
741 4131 923 4175 creata
953 4129 1119 4186 sunt;
1155 4129 1209 4173 et
1240 4122 1355 4189 ipse
1387 4128 1470 4173 est
1502 4129 1628 4173 ante
1656 4132 1869 4186 omnes,
1902 4132 1957 4174 et
1978 4137 2099 4175 Olli-

522 4216 611 4269 nia
646 4216 698 4267 in
730 4214 845 4282 ipso
873 4213 1352 4280 constant.Etipse
1369 4214 1890 4282 estcaputcorporis
1913 4212 2099 4267 Eccle-

521 4309 634 4369 siae,
666 4307 756 4373 qui
787 4315 864 4359 est
898 4306 1242 4375 principium,
1276 4303 1668 4373 primogenitus
1712 4314 1778 4358 ex
1834 4305 2097 4369 mortuis;

2195 3122 2291 3177 ὡδὶ
2325 3125 2644 3196 γεγραφότα
2666 3125 2756 3177 τὸν
2784 3125 3160 3195 οὐρανόφρονα
3197 3125 3290 3178 καὶ
3323 3125 3609 3180 θεσπέσιον
3640 3121 3783 3182 Παῦε

2195 3211 2313 3265 λον·
2350 3231 2368 3263 ι
2400 3213 2861 3286 Εὐχαριστοῦντες
2908 3213 2985 3284 τῷ
3021 3214 3140 3285 Θεῷ
3175 3215 3271 3268 καὶ
3305 3218 3513 3288 Πατρὶ,
3547 3218 3624 3287 τῷ
3664 3220 3783 3271 ἱκα-

2196 3303 2428 3357 νώσαντι
2460 3307 2607 3375 ἡμᾶς
2640 3308 2719 3369 εἰς
2746 3305 2843 3376 τὴν
2875 3307 3070 3376 μερίδα
3104 3306 3195 3359 τοῦ
3227 3307 3431 3378 κλήρου
3468 3309 3574 3363 τῶν
3609 3311 3781 3379 ἁγίων

2197 3396 2254 3447 ὲν
2284 3395 2360 3465 τῷ
2390 3397 2560 3464 φωτί·
2593 3397 2651 3461 ὃς
2689 3396 2959 3468 ἐρρύσατο
2990 3399 3137 3468 ἡμᾶς
3175 3400 3237 3451 ἐκ
3276 3400 3369 3469 τῆς
3412 3397 3662 3465 ἐξουσίας
3690 3401 3784 3454 τοῦ

2199 3488 2442 3555 σκότους,
2469 3489 2563 3541 καὶ
2597 3490 2930 3559 μετέστησεν
2960 3492 3039 3553 εἰς
3069 3490 3166 3560 τὴν
3198 3492 3481 3560 βασιλείαν
3515 3493 3608 3544 τοῦ
3646 3494 3778 3547 Υἱοῦ

2198 3579 2297 3649 τῆς
2329 3580 2551 3649 ἀγάπης
2590 3579 2788 3642 αὑτοῦ,
2835 3581 2891 3631 ὲν
2924 3573 2968 3646 ᾧ
3008 3579 3202 3649 ἔχομεν
3241 3582 3338 3651 τὴν
3383 3570 3784 3651 ἀπολύτρωσιν,

2198 3671 2296 3740 τὴν
2322 3669 2515 3737 ἄφεσιν
2549 3668 2658 3722 τῶν
2691 3668 2979 3738 ἁμαρτιῶν
3005 3687 3017 3699 ·
3052 3671 3108 3733 ὃς
3144 3673 3291 3726 ἐστιν
3318 3673 3481 3724 εἰκὼν
3511 3672 3606 3725 τοῦ
3649 3672 3788 3727 Θεοῦ

2198 3760 2293 3814 τοῦ
2342 3760 2606 3832 ἀοράτου,
2650 3761 2995 3828 πρωτότοκος
3051 3763 3231 3833 πάσης
3279 3764 3548 3827 κτίσεως·
3596 3765 3677 3819 ὅτι
3730 3768 3789 3822 ἐν

2200 3851 2349 3922 αὐτῷ
2388 3851 2610 3921 ἐκτίσθη
2640 3852 2707 3904 τὰ
2739 3851 2938 3916 πάντα,
2967 3852 3034 3905 τά
3064 3853 3121 3904 ἐν
3149 3856 3261 3915 τοῖς
3293 3855 3565 3924 οὐρανοῖς,
3597 3856 3690 3908 καὶ
3722 3855 3788 3911 τὰ

2203 3944 2295 3996 ἐπὶ
2330 3942 2431 4010 τῆς
2470 3940 2595 4010 γῆς,
2627 3942 2696 3996 τά
2732 3942 2902 4013 ὀρατά
2937 3944 3032 3995 καὶ
3060 3943 3131 3996 τά
3162 3943 3367 4014 ἀόρατα
3390 3958 3406 3974 ·
3431 3943 3542 3996 εἴτε
3574 3944 3784 4014 Θρόνοι,

2201 4034 2311 4088 εἴτε
2348 4034 2718 4109 Κυριότητες,
2767 4036 2877 4087 εἴτε
2930 4035 3158 4107 Ἀρχαὶ,
3206 4036 3318 4088 εἴτε
3372 4036 3684 4105 Ἐξουσίαι,
3720 4038 3787 4091 τά

2202 4126 2379 4179 πάντα
2408 4125 2475 4178 δι’
2500 4125 2665 4179 αὐτοῦ
2717 4127 2810 4178 καὶ
2845 4127 2925 4190 εἰς
2957 4128 3119 4180 αὐτὶν
3167 4126 3410 4181 ἔκτισται
3435 4144 3447 4159 ·
3487 4129 3583 4181 καὶ
3625 4118 3788 4194 αὑτός

2203 4220 2320 4271 ἐστι
2344 4217 2451 4289 πρὸ
2470 4219 2708 4281 πάντων,
2742 4218 2835 4272 καὶ
2869 4218 2937 4272 τὰ
2970 4220 3147 4273 πάντα
3181 4220 3239 4271 ὲν
3269 4218 3419 4290 αὐτῷ
3451 4221 3783 4293 συνέστηκε·

2202 4311 2298 4363 καὶ
2323 4307 2484 4373 αὐτός
2507 4310 2657 4362 ἐστιν
2690 4310 2722 4380 ἡ
2754 4309 2965 4380 κεφαλὴ
2994 4309 3087 4362 τοῦ
3125 4308 3379 4379 σώματος
3418 4312 3521 4381 τῆς
3558 4311 3789 4382 Ἐκκλη-

522 4408 580 4451 υι
607 4398 678 4450 sit
713 4397 763 4450 in
827 4396 1079 4449 omnibus
1142 4396 1257 4463 ipse
1308 4393 1598 4462 primatum
1633 4402 1841 4446 tenens.
1879 4392 2015 4458 Quia
2048 4394 2089 4445 in

2209 4402 2350 4464 σίας,
2384 4396 2442 4464 ὅς
2472 4401 2619 4452 ἐστιν
2646 4400 2810 4471 ἀρχὴ,
2844 4400 3191 4471 πρωτότοκος
3217 4403 3280 4454 ἐκ
3309 4402 3417 4453 τῶν
3442 4403 3679 4474 νεκρῶν,
3707 4403 3790 4455 ἵνα

523 4491 640 4561 ipso
675 4490 1006 4558 complacuit
1057 4503 1273 4543 omnem
1328 4486 1717 4556 plenitudinem
1773 4485 2097 4548 inhabitare,

521 4594 579 4638 et
610 4598 704 4653 per
746 4598 867 4636 enm
915 4580 1267 4635 reconciliare
1297 4580 1477 4632 omnia
1509 4576 1561 4630 in
1596 4576 2101 4645 ipsum,pacilicans

522 4689 618 4744 per
646 4673 964 4741 sanguinem
995 4671 1174 4726 crucis
1202 4672 1341 4737 ejus,
1376 4670 1492 4724 sive
1525 4683 1645 4737 qua:
1679 4667 1733 4721 in
1778 4667 1957 4732 terris,
1987 4667 2102 4721 sive

524 4781 643 4837 qua:
683 4766 733 4818 in
761 4765 911 4818 curiis
939 4763 1147 4818 sunt".
1190 4780 1209 4813 ι
1257 4761 1334 4815 En
1372 4761 1459 4815 hic
1492 4760 1683 4814 iterum
1711 4759 1910 4813 diserte
1932 4774 2099 4826 expo-

526 4855 692 4917 nitur,
720 4871 814 4924 per
857 4856 1062 4926 ipsum,
1098 4864 1155 4910 et
1209 4855 1262 4908 in
1300 4854 1414 4923 ipso
1459 4851 1639 4906 omnia
1674 4864 1794 4905 esse
1846 4850 2099 4908 condita:

526 4956 742 5001 rursum
778 4956 905 5000 ante
949 4947 1436 5006 omniaexsistere.
1465 4942 1572 5013 37
1629 4944 1993 5009 universaque
2048 4942 2098 4992 in

527 5041 644 5108 ipso
667 5050 940 5106 constare,
970 5050 1078 5092 tum
1112 5041 1285 5109 ipsum
1341 5047 1564 5106 quoque
1585 5036 2000 5106 primogenitum
2035 5044 2100 5088 ex

532 5132 757 5184 mortuis
813 5132 1087 5198 praedicat,
1137 5136 1225 5199 qui
1266 5148 1359 5197 per
1410 5131 1726 5198 sanguinem
1776 5128 1955 5183 crucis
1994 5140 2105 5180 sua:

527 5222 707 5276 Omnia
750 5221 1069 5291 pacillcarit,
1096 5231 1202 5274 tam
1258 5235 1375 5288 qua:
1410 5220 1459 5271 in
1488 5220 1642 5274 uelis
1689 5234 1849 5288 quam
1877 5232 1995 5285 qua:
2049 5219 2101 5269 in

531 5313 716 5366 terris.
746 5316 815 5366 At
870 5314 1015 5383 quis,
1064 5330 1268 5382 (ιιιιυδο,
1314 5327 1377 5366 ex
1440 5312 1669 5365 mortuis
1712 5312 2106 5381 primogenitns

603 5467 645 5499 ”'
671 5466 828 5522 Jnan.
868 5482 949 5530 Ill,
981 5466 1132 5532 942,
1176 5469 1262 5522 15.
1342 5466 1386 5499 ⁸⁸
1414 5465 1573 5522 Joan.
1606 5466 1796 5533 vr,63.

2207 4490 2433 4559 γένηται
2460 4491 2518 4542 ἐν
2551 4491 2715 4543 πᾶσιν
2742 4488 2905 4552 αὐτὸς
2935 4490 3253 4560 πρωτεύων.
3281 4491 3403 4545 Ὅτι
3432 4493 3491 4545 ὲν
3519 4493 3667 4565 αὑτῷ
3706 4492 3790 4545 εὑ-

2207 4582 2403 4653 δόκησε
2439 4569 2545 4635 πᾶν
2588 4582 2650 4633 τὸ
2680 4581 2953 4652 πλήρωμα
2994 4581 3347 4653 κατοικῆσαι,
3390 4584 3483 4636 κάι
3526 4585 3592 4638 δι’
3625 4568 3787 4640 αὑτοῦ

2209 4675 2655 4741 ἀποκαταλλάξαι
2693 4674 2759 4727 τά
2811 4677 2987 4727 πάντα
3034 4676 3113 4738 είς
3156 4675 3340 4738 αὑτὸν,
3373 4678 3790 4748 εἰρηνοποιήσας

2210 4763 2297 4818 διὰ
2352 4765 2445 4818 τοῦ
2501 4765 2732 4833 αἵματος
2775 4762 2869 4816 τοῦ
2930 4765 3166 4837 σταυροῦ
3208 4765 3398 4829 αὑτοῦ,
3450 4767 3560 4819 εἴτε
3598 4768 3665 4820 τὰ
3700 4765 3791 4819 ἐπὶ
3822 4754 3839 4775 ’

2208 4854 2308 4926 τῆς
2337 4856 2461 4923 γῆς,
2508 4856 2617 4908 εἴτε
2656 4853 2725 4906 τὰ
2766 4855 2824 4905 ὲν
2859 4856 2972 4917 τοῖς
3000 4857 3270 4926 οὐρανοῖς.
3300 4874 3317 4904 ι
3367 4854 3499 4907 Ἰδοὺ
3534 4858 3599 4928 δὴ
3634 4856 3792 4910 πάλιν

2209 4945 2513 5013 ἀναφανδὸν
2540 4945 2605 4998 δι’
2630 4944 2822 5008 αὐτοῦ,
2851 4946 3124 5016 φησὶ,καὶ
3153 4946 3234 5007 είς
3258 4944 3418 4998 αὑτὸν
3449 4946 3693 4999 ἔκτισται
3728 4946 3794 4997 τὰ

2206 5038 2402 5099 πάντα,
2433 5038 2526 5090 καὶ
2560 5036 2664 5108 μὴν
2686 5038 2767 5091 ὅτι
2792 5038 2897 5106 πρὸ
2911 5038 3126 5091 πάντων
3146 5037 3281 5098 ἐστὶ,
3304 5039 3395 5091 καὶ
3414 5038 3497 5091 ὅτι
3525 5040 3593 5093 τὰ
3615 5039 3792 5093 πάντα

2208 5127 2541 5198 συνέστηκεν
2574 5130 2631 5181 ὲν
2688 5127 2866 5198 αὐτῷ·
2933 5127 3027 5180 καὶ
3059 5128 3218 5182 αὐτὸν
3252 5124 3392 5182 εἷναί
3460 5147 3595 5199 φησι
3639 5146 3790 5197 πρω-

2204 5220 2424 5273 τότοκον
2449 5222 2513 5273 ἐκ
2546 5222 2778 5291 νεκρῶν,
2804 5219 3291 5291 εἰρηνοποιήσαντα
3317 5220 3407 5275 διὰ
3430 5221 3524 5274 τοῦ
3558 5221 3788 5292 αἵματος

2204 5309 2299 5364 τοῦ
2329 5311 2565 5383 σταυροῦ
2589 5313 2778 5377 αὐτοῦ,
2797 5314 2865 5368 τά
2881 5330 2939 5366 τε
2965 5314 3022 5367 ὲν
3041 5313 3308 5388 οὐρανοῖς,
3333 5313 3426 5369 καὶ
3450 5313 3518 5369 τὰ
3546 5313 3640 5367 ἐπὶ
3665 5312 3786 5383 γῆς

1872 5467 1918 5498 ⁸⁸
1942 5465 2153 5522 Coloss.
2201 5483 2243 5532 ι,
2273 5466 2462 5522 12-90.

1638 5622 1818 5678 Varia:
1854 5623 2115 5681 lectiones
2142 5624 2345 5680 codicis
2372 5621 2733 5692 Seguieriani.

613 5751 639 5790 δ
664 5756 1099 5828 ὁμολογήσωμεν,
1130 5760 1256 5831 [vel]
1286 5758 1707 5829 ὁμολογήσομεν.
