4060 6410
334 405 473 462 H95
1280 410 1367 464 DE
1402 409 1627 466 RECTA
1670 402 1825 465 FIDE
1862 406 1952 464 AD
1989 397 2432 465 TllEODOSlllM
2470 407 2607 462 1MP.
3439 404 3578 462 H96

332 514 469 571 Εἶτα
498 517 586 582 τίς
615 517 645 571 ό
676 520 740 573 ἐκ
777 516 988 591 νεκρῶν
1037 522 1412 591 πρωτότοκος,
1456 525 1504 576 εἰ
1558 523 1632 593 μὴ
1675 523 1909 592 Χριστὸς

1973 532 2111 583 ,est.
2152 523 2520 578 ιιίμίϐιιτίειυε
2549 521 2726 585 Jesus,
2755 520 2855 575 hoc
2892 528 2997 584 est,
3035 522 3087 574 in
3148 533 3314 576 carne
3360 530 3416 576 et
3454 536 3576 576 cum

346 608 574 679 Ἰησοῦς,
598 611 877 664 τουτέστιν
919 612 977 664 ὲν
1010 613 1172 684 σαρκὶ
1206 613 1300 666 καὶ
1344 614 1482 681 μετὰ
1515 614 1715 683 σαρκὸς
1748 616 1777 665 ὀ
1805 610 1907 665 Λό-

2010 631 2174 668 carne
2207 614 2488 670 Verbum?
2515 614 2647 668 Nam
2696 628 2817 668 cum
2854 613 3086 668 Verbum
3122 612 3266 669 Deus
3321 614 3412 682 sit,
3435 616 3577 685 quod

332 716 465 766 70;;
495 699 727 769 Τιθναίη
759 703 868 772 γὰρ
901 700 965 754 ἂν
993 702 1246 771 οὐδαμῶς
1277 704 1339 755 τό
1367 720 1431 770 γε
1461 705 1539 765 είς
1573 703 1708 756 ίδίαν
1746 702 1909 771 φύσιν

2010 706 2226 772 quidem
2272 708 2337 759 ad
2402 706 2674 775 propriam
2735 714 2984 759 naturam
3044 706 3256 769 attinet,
3297 706 3580 761 intermori

331 787 490 861 ἧκον,
519 791 650 855 Θεδς
680 791 755 845 ὢν
782 794 810 845 6
842 782 1013 859 Λόπίος
1033 809 1047 823 ⁸
1075 778 1184 846 οὐδ’
1207 795 1273 847 ἂν
1306 797 1478 846 νοοῖτο
1505 793 1612 846 τῶν
1644 795 1781 846 ὅλων
1815 794 1912 861 δη-

2011 794 2161 849 nullo
2190 797 2348 874 modo
2398 806 2617 864 potest:
2649 809 2827 864 neque
2867 795 2912 849 si
2957 796 3119 849 homo
3160 803 3367 849 tantum
3405 796 3580 850 nostri

336 881 619 951 μιουργὸς,
648 881 770 934 καθ’
797 883 944 951 ἡμᾶς
967 881 1043 935 ῶν
1073 883 1379 952 ἄνθρωπος,
1410 884 1459 935 εί
1493 885 1568 954 μὴ
1597 883 1910 954 δεδημιούρ-

2011 886 2205 939 similis
2230 887 2319 951 sit,
2350 886 2727 939 universorum
2763 885 3014 938 conditor
3049 884 3151 937 dici
3193 894 3405 955 potest;
3441 899 3578 939 con-

332 989 472 1042 γηκε
499 973 599 1042 μὲν
621 973 696 1035 ὡς
719 971 872 1034 Θεὸς,
899 971 1003 1025 κᾶν
1027 973 1075 1024 εί
1096 972 1177 1043 ’μὴ
1201 973 1325 1043 δίχα
1348 974 1547 1046 σαρκὸς
1570 979 1741 1027 νοοῖτο
1770 976 1908 1045 μετὰ

2016 976 2151 1031 didit
2186 987 2365 1030 autem
2392 986 2451 1029 ut
2494 975 2654 1039 Deus,
2687 975 2788 1029 etsi
2844 983 2965 1043 post
2996 974 3250 1027 unionem
3284 976 3422 1028 citra
3457 990 3580 1029 car-

330 1062 431 1132 τὴν
459 1062 674 1115 ἕνωσιν.
706 1060 1052 1129 Πρωτότοκος
1077 1062 1135 1114 δὲ
1163 1065 1261 1116 καὶ
1293 1068 1356 1118 ἐκ
1386 1065 1617 1134 νεκρῶν,
1646 1066 1783 1119 καθὸ
1812 1066 1909 1119 πέ-

2012 1082 2134 1121 nem
2161 1081 2266 1119 non
2302 1065 2655 1135 intelligatur.
2692 1065 3094 1135 Primogenitus
3115 1072 3295 1119 autem
3322 1080 3399 1135 ex
3431 1080 3581 1120 mor-

332 1168 502 1222 φηνεν
528 1150 836 1222 ἄνθρωπος,
858 1151 959 1205 οὐκ
982 1152 1272 1208 ἀποϐαλὼν
1293 1154 1354 1208 τὸ
1373 1151 1510 1208 εἶναι
1537 1156 1669 1219 Θεὸς
1695 1156 1783 1210 διὰ
1805 1156 1906 1224 τὴν

2013 1151 2122 1205 tuis
2156 1162 2412 1217 vcratur;
2463 1161 2623 1219 prout
2670 1152 2834 1206 homo
2879 1152 3152 1221 apparuit,
3182 1154 3361 1207 divina
3389 1164 3582 1209 natura

332 1241 767 1314 ὲνανθρὼπησιν.

2012 1251 2135 1310 post
2164 1252 2490 1309 assumptam
2531 1242 2925 1296 humanitatem
2969 1257 3074 1297 non
3110 1244 3338 1313 abjecta.

406 1335 495 1387 M'.
536 1333 695 1396 Ἰδοις
728 1334 771 1385 δ’
800 1332 865 1389 ἂν
892 1334 985 1387 καὶ
1015 1334 1243 1405 ἑτέρωθι
1272 1334 1359 1389 διὰ
1386 1336 1496 1390 τῶν
1530 1336 1707 1391 αὐτῶν
1734 1337 1909 1401 ἰόντας

2084 1328 2197 1384 XL.
2234 1329 2432 1386 Videas
2456 1341 2512 1385 et
2532 1332 2671 1388 alios
2704 1347 2915 1401 quoque
2936 1333 3117 1389 divino
3141 1333 3345 1403 Spiritu
3377 1335 3585 1391 amatos

331 1425 508 1493 λόγων
533 1427 657 1488 τοὺς
682 1427 1182 1498 πνευματοφῴους.
1216 1418 1469 1499 Ὶωάννῆς
1497 1430 1594 1500 μὲν
1615 1430 1724 1500 γὰρ
1740 1470 1756 1494 ,
1780 1450 1798 1483 ι
1823 1432 1910 1485 Ἐν

2014 1420 2284 1477 similibus
2314 1423 2598 1477 sententiis
2630 1439 3012 1492 nonnunquam
3034 1425 3132 1478 uti.
3149 1425 3301 1493 Apud
3319 1424 3580 1481 Joannem

334 1518 500 1589 ἀρχῇ,
536 1517 722 1586 φησὶν,
758 1513 826 1587 ἦν
859 1520 888 1573 6
914 1519 1109 1586 Λόγος,
1152 1520 1246 1572 καὶ
1282 1520 1311 1570 6
1343 1519 1514 1586 Λόγος
1550 1516 1617 1588 ἦν
1652 1522 1788 1591 πρὸς
1819 1520 1912 1574 τὸν

2014 1511 2128 1565 hanc
2153 1511 2381 1582 legimus
2415 1531 2430 1568 :
2473 1532 2492 1564 ι
2537 1513 2593 1567 ιιι
2627 1515 2891 1583 principio
2934 1526 3053 1569 erat
3076 1512 3336 1581 Verbum,
3365 1526 3420 1570 et
3453 1515 3582 1571 Ver-

332 1607 487 1670 Θεδν,
520 1609 614 1660 καὶ
644 1608 777 1669 Θεὸς
815 1604 884 1678 ἦν
908 1609 936 1660 6
970 1609 1160 1676 Λόγος.
1209 1604 1379 1672 Οὗτος
1410 1606 1479 1680 ἦν
1508 1613 1566 1663 ὲν
1595 1613 1738 1683 ἀρχῇ
1775 1612 1909 1683 πρὸς

2014 1603 2144 1657 bum
2188 1614 2307 1658 erat
2345 1604 2484 1673 apud
2539 1607 2727 1671 Deum,
2757 1616 2811 1659 et
2856 1605 2994 1660 Deus
3033 1616 3149 1661 erat
3195 1606 3444 1662 Verbum.
3470 1610 3586 1663 Hoc

332 1698 424 1751 τὸν
458 1697 611 1751 Θεόν.
647 1697 832 1750 Πάντα
859 1697 926 1749 δι’
949 1698 1115 1750 αὑτοῦ
1144 1698 1382 1765 ἐγένετο,
1411 1699 1504 1751 καὶ
1534 1701 1705 1771 χωρὶς
1744 1701 1909 1755 αὑτοῦ

2012 1703 2134 1747 erat
2175 1695 2230 1749 in
2281 1698 2552 1766 principio
2605 1697 2746 1766 apud
2810 1698 3000 1769 Deum.
3026 1698 3221 1755 Omnia
3280 1714 3375 1769 per
3410 1701 3583 1770 ipsum

333 1788 554 1854 ἐγένετο
591 1787 709 1841 οὐδὲ
740 1787 819 1840 ἓν.
850 1806 868 1838 ι
906 1787 1117 1851 Παῦλος
1144 1788 1201 1841 δὲ
1238 1784 1306 1841 αὖ
1328 1805 1340 1817 ·
1382 1806 1403 1840 ι
1435 1784 1530 1851 Εἷς
1572 1790 1704 1854 Θεὸς
1732 1793 1761 1844 6
1793 1794 1909 1847 Πα-

2014 1782 2156 1839 l‘acta
2183 1798 2331 1851 sunt,
2360 1798 2413 1842 et
2442 1788 2562 1843 sine
2588 1789 2708 1857 ipso
2734 1789 2934 1843 factum
2959 1800 3044 1844 est
3072 1807 3245 1861 neque
3277 1809 3440 1848 unum
3462 1794 3529 1849 “.
3560 1814 3580 1847 ι

331 1878 460 1948 τὴρ,
498 1878 559 1942 ἐξ
592 1872 653 1930 οὗ
684 1878 754 1930 τὰ
782 1879 993 1932 πάντα·
1041 1880 1134 1933 καὶ
1176 1875 1256 1943 εἷς
1299 1880 1504 1952 Κύριος
1538 1882 1743 1953 Ἰησοῦς
1774 1886 1908 1954 Χρι-

1982 1878 2167 1943 ὶΛριιό
2209 1876 2426 1931 beatum
2475 1877 2701 1932 Paulum
2751 1894 2941 1935 rursus
2992 1882 3151 1936 verba
3203 1883 3289 1937 illa
3327 1902 3341 1936 :
3387 1904 3405 1936 ι
3435 1883 3585 1940 Unus

337 1968 458 2033 στος
480 2010 496 2034 ,
527 1970 596 2022 δι’
635 1964 697 2022 οὗ
731 1970 797 2022 τὰ
828 1971 1025 2025 πάντα.
1054 1990 1072 2022 ι
1122 1971 1261 2024 Ἀλλ’
1291 1971 1449 2039 εἴπερ
1479 1968 1546 2042 ἦν
1579 1990 1632 2026 τι
1674 1976 1910 2043 μεσολα-

2013 1974 2099 2020 est
2146 1966 2287 2021 Deus
2318 1966 2496 2030 Pater,
2522 1983 2589 2022 ex
2637 1983 2746 2036 quo
2791 1970 3091 2024 omnia:et
3145 1987 3280 2025 unns
3325 1973 3585 2027 Dominus

332 2060 467 2113 ϐοῦν
501 2061 637 2130 μετὰ
659 2062 720 2113 τὸ
753 2061 991 2130 ἡνῶσθαι
1024 2062 1188 2133 σαρκὶ
1213 2062 1303 2114 τὸν
1337 2063 1531 2129 Λόγον,
1563 2064 1657 2117 καὶ
1685 2067 1769 2128 είς
1798 2067 1912 2118 ἑτε-

2011 2056 2168 2112 Jesus
2192 2057 2460 2123 Christus,
2481 2075 2576 2127 per
2616 2075 2776 2127 quem
2819 2063 3001 2116 omnia
3030 2061 3097 2116 δ’.
3136 2082 3158 2114 ι
3199 2061 3371 2119 Porro
3401 2076 3581 2119 autem

336 2152 539 2223 ρότητα
577 2152 963 2222 καταδιαιρῶν
1007 2153 1107 2222 τὴν
1147 2152 1221 2215 ὡς
1251 2154 1309 2205 ὲν
1345 2152 1458 2223 Υίῷ
1495 2152 1660 2209 δυάδα
1687 2165 1709 2193 ο
1745 2157 1908 2225 φημὶ,

2012 2149 2058 2202 si
2090 2159 2438 2219 posteaqumn
2489 2149 2724 2205 Verbum
2787 2153 2997 2208 unitum
3035 2165 3122 2209 est
3145 2156 3316 2222 carni,
3348 2158 3582 2212 medium

334 2241 478 2294 κατὰ
502 2241 562 2293 τό
590 2252 697 2294 τισι
730 2243 945 2297 δοκοῦν·
975 2242 1092 2305 πῶς
1121 2241 1343 2313 ἐκτίσθη
1375 2242 1590 2296 ἅπαντα
1613 2245 1701 2298 διὰ
1738 2246 1910 2314 Ἰησοῦ

2013 2238 2227 2307 aliquod
2266 2240 2551 2303 divelleris,
2580 2257 2643 2295 ac
2676 2243 2728 2296 in
2787 2243 3025 2308 diversa,
3058 2257 3184 2314 puta
3235 2247 3287 2301 in
3346 2248 3575 2303 ﬁliorum

333 2330 609 2401 Χριστοῢ;
646 2332 808 2385 Ἀλλὰ
860 2332 968 2404 μὴν
1019 2332 1243 2405 ἐκτίσθη
1295 2334 1362 2387 δι’
1402 2335 1567 2389 αὑτοῦ
1600 2336 1668 2389 τὰ
1712 2338 1907 2392 πάντα.

2014 2327 2352 2390 dualitatem,
2378 2338 2435 2382 ut
2471 2329 2788 2397 quibusdam
2831 2333 3028 2401 placet,
3080 2336 3588 2401 tlistrabels,inter-

332 2422 611 2492 Πρόδηλον
655 2419 771 2486 οὖν,
819 2425 901 2476 ὅτι
933 2423 1002 2476 τὰ
1041 2424 1198 2492 φύσει
1232 2442 1290 2478 τε
1340 2425 1433 2480 καὶ
1478 2426 1622 2489 ἰδίως
1670 2429 1908 2498 ἐνυπάρ-

2013 2418 2187 2481 cedit;
2228 2420 2496 2487 quomodo
2546 2421 2729 2474 omnia
2769 2436 2864 2489 per
2910 2423 3095 2477 Jesum
3145 2426 3418 2482 Christum
3449 2443 3585 2484 con-

332 2529 500 2583 χοντα
539 2512 619 2583 τῷ
662 2516 726 2568 ὲκ
767 2515 980 2587 Πατρὸς
1022 2516 1136 2569 ὄντι
1187 2517 1363 2587 Λόγῳ,
1410 2522 1705 2589 τετήρηται
1750 2519 1912 2574 πάλιν

2014 2507 2125 2562 dita
2174 2523 2294 2563 esse
2349 2524 2473 2562 vere
2507 2511 2807 2565 asserilur?
2839 2512 3004 2581 Atqui
3055 2517 3236 2568 onmia
3280 2532 3375 2586 per
3408 2518 3582 2587 ipsum

331 2604 503 2674 αὐτῷ,
549 2605 645 2659 καὶ
685 2607 774 2659 ὅτε
815 2608 1051 2676 πέφηνεν
1101 2607 1409 2679 ἄνθρωπος.
1448 2609 1777 2677 Ἐπισφαλὲς
1820 2607 1913 2664 οὖν

2016 2607 2141 2652 sunt
2197 2598 2435 2653 condita.
2470 2599 2827 2668 Perspicuum
2886 2612 2971 2656 est
3026 2620 3177 2674 ergo,
3233 2609 3437 2671 omnia,
3471 2623 3590 2677 qua:

332 2696 442 2765 ἄρα
485 2695 546 2748 τὺ
582 2696 893 2767 διατέμνειν
936 2697 1270 2769 ἀποτολμᾷν.
1303 2693 1398 2763 Εἷς
1422 2700 1533 2770 γὰρ
1570 2700 1773 2771 Κύριος
1816 2702 1914 2772 Ἰη-

2017 2689 2195 2745 Verbo
2215 2706 2280 2744 ex
2318 2691 2477 2744 Patre
2510 2707 2636 2746 nato
2679 2695 2897 2762 proprie
2923 2704 2977 2749 et
3025 2698 3347 2753 naturaliter
3381 2700 3583 2763 insunt,

336 2784 464 2849 σοῦς
498 2788 751 2856 Χριστὸς,
783 2790 875 2842 καὶ
896 2788 963 2841 δι’
990 2788 1156 2842 αὐτοῦ
1197 2789 1267 2842 τὰ
1301 2790 1480 2844 πάντα
1511 2791 1910 2863 δεδημιούργη-

2014 2794 2077 2834 ea
2109 2781 2223 2849 ipsa
2261 2782 2468 2850 integra
2499 2784 2546 2835 ei
2594 2785 2974 2850 permansisse,
3000 2788 3163 2841 etiam
3204 2798 3314 2841 tum
3347 2804 3471 2845 cum
3507 2791 3588 2845 fa-

338 2891 429 2928 κεν
451 2877 481 2929 6
508 2878 717 2948 Πατήρ.
746 2878 1051 2949 Τοιγαροῦν
1083 2881 1175 2933 καὶ
1204 2880 1536 2951 δημιουργὸς
1563 2882 1780 2945 θεῖκῶς,
1818 2885 1911 2938 καὶ

2012 2883 2157 2926 ctum
2194 2883 2276 2927 est
2304 2874 2484 2927 homo.
2525 2873 2893 2931 Periculosum
2928 2880 3155 2948 proinde
3177 2890 3262 2936 est
3289 2884 3582 2939 sectionem

332 2965 600 3031 ζωοποιὺς
630 2969 705 3030 ὡς
741 2968 877 3039 ζωὴ,
910 2968 1271 3040 ἀνθρωπίνοις
1298 2988 1357 3024 τε
1387 2967 1454 3025 αὖ
1491 2973 1585 3025 καὶ
1624 2975 1737 3036 τοῖς
1770 2974 1912 3044 ὑπὲρ

2013 2964 2249 3052 aliquam
2280 2964 2535 3017 inducere
2569 2983 2583 3018 :
2618 2982 2757 3020 unus
2795 2968 2938 3021 enim
2988 2979 3073 3023 cst
3120 2970 3382 3026 Dominus
3426 2971 3587 3027 Jesus

333 3055 622 3127 ἄνθρωπον
654 3057 941 3128 ίδιὼμασιν
980 3062 1058 3123 εἰς
1090 3060 1149 3114 ἓν
1177 3077 1232 3112 τι
1263 3060 1324 3113 τὸ
1373 3060 1574 3130 μεταξὺ
1614 3063 1909 3133 συγκείμε-

2013 3056 2284 3120 Christus,
2323 3072 2419 3125 per
2469 3073 2630 3128 quem
2680 3060 2838 3115 l’ater
2889 3064 3131 3118 condidit
3182 3067 3384 3121 omnia.
3437 3066 3589 3122 Unde

330 3164 444 3211 νος.
495 3148 737 3220 Μεσίτης
780 3151 888 3221 γάρ
932 3153 1048 3203 ἐστι
1090 3150 1226 3204 Θεοῦ
1266 3152 1359 3204 καὶ
1403 3152 1727 3223 ἀνθρώπων,
1770 3153 1911 3207 κατὰ

2015 3151 2265 3205 conditor
2314 3159 2418 3215 est,
2463 3161 2517 3204 ιιι
2568 3153 2746 3216 Deus;
2783 3153 3088 3209 viviﬁcator
3151 3172 3280 3211 vero
3339 3169 3396 3212 ut
3438 3161 3586 3222 vita;

328 3238 433 3302 τὰς
473 3239 725 3309 Γραφὰς,
768 3240 926 3309 φύσει
968 3241 1065 3311 μὲν
1098 3243 1358 3314 ὑπάρχων
1388 3242 1520 3305 Θεὸς
1551 3246 1643 3296 καὶ
1682 3244 1742 3297 οὐ
1787 3243 1910 3314 δίχα

2013 3255 2079 3295 ex
2103 3242 2522 3311 proprietatibus
2553 3243 2802 3297 humanis
2829 3254 2884 3299 et
2909 3248 3328 3314 superhumanis
3346 3250 3399 3303 in
3423 3265 3588 3305 unum

332 3328 571 3400 σαρκός·
618 3329 906 3401 ἅνθρωπος
953 3333 1010 3385 δὲ
1043 3332 1292 3402 ἀληθῶς,
1340 3337 1434 3388 καὶ
1467 3336 1529 3388 οὐ
1573 3337 1729 3405 ψιλὸς
1783 3338 1908 3393 καθ’

2012 3332 2282 3401 quoddam
2311 3333 2543 3386 medium
2563 3334 2888 3390 coeuntibus
2911 3339 3257 3394 constitutus.
3282 3337 3584 3412 Siquidem,

329 3420 502 3488 ἡμᾶς,
529 3419 643 3473 ἀλλ’
665 3419 739 3473 ῶν
763 3422 903 3492 ὅπερ
926 3417 1015 3492 ἦν,
1040 3424 1130 3475 καὶ
1147 3425 1193 3476 εί
1209 3424 1399 3492 γέγονε
1422 3424 1577 3497 σάρξ.
1598 3426 1913 3496 Γέγραπται

2014 3424 2309 3478 secundum
2369 3423 2705 3493 Scripturas,
2747 3423 2842 3480 Dei
2886 3436 2963 3503 et
2993 3430 3270 3483 hominum
3324 3433 3589 3488 mediator

329 3510 465 3581 γὰρ,
490 3511 570 3564 ὅτι
599 3530 619 3562 ι
654 3511 860 3582 Ἰησοῦς
891 3514 1123 3585 Χριστὸς
1143 3514 1270 3584 χθὲς
1300 3516 1394 3570 καὶ
1414 3518 1674 3589 σήμερον,
1698 3519 1728 3571 6
1750 3518 1913 3581 αὐτὸς

2013 3521 2098 3567 est
2132 3511 2214 3577 “;
2239 3510 2332 3581 qui
2360 3513 2577 3581 quidem
2615 3522 2805 3568 natura
2842 3526 2929 3571 est
2961 3516 3124 3585 Deus,
3157 3520 3322 3575 etiam
3345 3522 3390 3576 si
3421 3537 3590 3580 carne

329 3601 430 3652 καὶ
461 3601 542 3663 είς
565 3602 693 3665 τοὺς
721 3601 943 3666 αἰῶνας.
979 3622 999 3653 ι

2016 3605 2088 3658 sit
2122 3602 2379 3671 in'dutus;
2418 3618 2578 3659 verus
2619 3616 2797 3661 autem
2846 3608 3025 3674 homo,
3059 3625 3163 3664 non
3203 3621 3382 3667 tamen
3422 3629 3590 3683 purus

330 3705 395 3746 ιιι
415 3709 514 3748 nos
541 3713 554 3748 :
581 3711 703 3749 nam
734 3698 835 3752 etsi
868 3696 1101 3754 Verbum
1138 3700 1339 3757 factum
1372 3711 1457 3757 est
1494 3717 1646 3771 caro,
1679 3701 1878 3757 mansit
1915 3711 2097 3756 tamen
2123 3699 2433 3770 quoderat.
2452 3697 2724 3771 Scriptum
2749 3711 2833 3757 est
2855 3703 3038 3760 enim:
3070 3715 3090 3756 ι
3133 3704 3289 3763 Jesus
3343 3707 3591 3767 Christus

332 3789 451 3844 heri
485 3797 539 3843 et
572 3789 749 3856 hodie,
775 3802 829 3844 et
868 3792 1008 3846 idem
1038 3804 1093 3847 et
1120 3793 1173 3846 in
1212 3795 1407 3849 saecula
1428 3795 1495 3849 “.
1532 3816 1552 3849 ι

404 3876 542 3932 MA'.
586 3880 656 3931 Ἢ
697 3879 807 3950 γὰρ
855 3880 976 3952 οὐχὶ
1014 3883 1102 3936 διὰ
1139 3883 1240 3953 τῆς
1282 3886 1443 3953 ἁγίας
1502 3887 1598 3940 καὶ
1645 3887 1905 3941 Θεοτόκου

2087 3881 2221 3937 XLI.
2269 3883 2463 3937 Annon
2509 3883 2916 3939 Emmanuelem
2957 3886 3011 3940 in
3057 3888 3367 3944 novissimis
3403 3893 3589 3949 saeculi

333 3969 613 4042 Παρθένου
642 3972 892 4043 τετέχθαι
924 3978 1104 4044 φαμὲν
1143 3978 1238 4028 καὶ
1273 3977 1604 4047 πιστεύομεν
1632 3979 1693 4030 ὲν
1741 3976 1907 4047 ἐσχά-

2016 3970 2349 4039 tetnporibus
2372 3986 2439 4025 ex
2468 3985 2619 4025 sacra
2638 3971 2863 4041 Deipara
2896 3971 3116 4044 Virgine
3137 3987 3314 4031 ortum
3350 3981 3585 4037 dicimus

329 4078 447 4124 τοις
475 4060 566 4114 τοῦ
602 4062 798 4122 αἰῶνος
827 4068 1037 4136 καιροῖς
1061 4067 1153 4119 τὸν
1198 4068 1580 4137 Ἐμμανουήλς
1619 4064 1754 4123 Εἶτα
1788 4067 1906 4132 πῶς

2014 4070 2073 4117 ct
2110 4060 2421 4116 credimus?
2451 4061 2629 4129 Sane;
2665 4077 2767 4118 nec
2810 4064 2864 4118 id
2919 4064 2972 4119 in
3014 4067 3365 4135 quaestionem
3414 4072 3585 4129 cadit.

328 4152 491 4206 τοῦτο
538 4154 638 4206 οὐκ
668 4154 929 4225 ἀλήθειας
966 4156 1039 4209 T6
1066 4157 1123 4210 δὲ
1143 4157 1228 4226 δὴ,
1270 4158 1397 4229 χθὲς
1436 4159 1532 4213 καὶ
1569 4161 1830 4231 σήμερον,
1861 4153 1907 4213 ὦ

2013 4151 2280 4207 Craterum
2340 4165 2460 4205 cum
2513 4150 2629 4206 heri
2667 4162 2723 4205 et
2761 4152 2920 4208 hodie
2975 4157 3308 4222 praeteritum
3354 4168 3410 4213 et
3445 4177 3583 4231 pra!-

331 4240 644 4312 φι).όχριστε
670 4242 911 4312 βασιλεῦ,
936 4247 1125 4316 καιρὸν
1154 4248 1285 4317 ἡμῖν
1310 4247 1403 4300 τὸν
1427 4249 1783 4319 ἐνεστηκότα,
1811 4251 1906 4303 καὶ

2014 4257 2140 4298 sens
2168 4253 2380 4312 tempus
2399 4242 2701 4311 signiﬁcent
2732 4259 2747 4307 ;
2781 4241 2893 4313 38
2917 4246 3212 4314 quomodo,
3233 4247 3588 4306 Christianis-

329 4335 424 4386 τὸν
453 4334 551 4404 ἤδη
587 4338 953 4405 παρῳχηκότα
991 4339 1451 4411 κατασημαίνειεν
1472 4338 1497 4379 δ
1538 4340 1622 4393 ἄν.
1654 4341 1777 4404 Πῶς
1813 4338 1907 4397 οὖν

2013 4334 2149 4390 sime
2179 4335 2494 4403 imperator,
2520 4334 2660 4389 idem
2695 4336 2918 4392 omnino
2961 4338 3068 4393 dici
3102 4348 3281 4407 potest
3310 4346 3588 4411 praeterito

330 4426 361 4477 6
391 4424 551 4488 αὐτὸς
579 4424 645 4478 ἂν
687 4427 771 4496 εἴη
802 4425 883 4488 εἵς
927 4443 985 4479 τε
1029 4428 1121 4480 τὸν
1171 4429 1576 4500 παρῳχηκότα,
1626 4431 1803 4484 καίτοι
1841 4450 1906 4501 γε

2011 4434 2275 4497 tempore,
2291 4427 2336 4480 si
2372 4427 2668 4481 secundum
2699 4442 2916 4483 carnem
2948 4431 3176 4484 necdum
3191 4444 3307 4486 erat
3333 4435 3589 4503 genitus?

331 4512 548 4579 γένεσιν
590 4511 742 4565 οὔπω
783 4514 924 4567 κατὰ
952 4515 1050 4585 τὴν
1083 4517 1223 4569 κατὰ
1251 4517 1430 4585 σάρκα
1459 4516 1638 4587 λαχών
1659 4535 1675 4584 ;
1698 4520 1906 4573 Οὐκοῦν

2015 4517 2248 4573 Verbum
2269 4519 2405 4572 citra
2424 4516 2584 4570 ullam
2616 4520 3038 4592 controversiam
3062 4519 3114 4572 in
3148 4521 3414 4591 principio
3440 4536 3580 4587 erat,

322 4600 399 4674 ἦν
426 4604 456 4655 6
494 4603 661 4671 Λόγος
692 4605 748 4657 ὲν
781 4606 947 4675 ἀρχῇ,
990 4607 1084 4659 καὶ
1116 4607 1192 4669 ῶς
1227 4606 1287 4670 ἐξ
1326 4606 1497 4659 ἀϊδίου
1529 4623 1590 4660 τε
1621 4608 1715 4660 καὶ
1747 4608 1909 4679 ἀτρέο

2013 4620 2177 4679 atque
2197 4620 2260 4664 ut
2288 4624 2354 4664 ex
2384 4620 2586 4663 aeterno
2605 4620 2660 4664 et
2685 4608 3003 4664 immutabili
3055 4608 3162 4664 Deo
3205 4611 3367 4667 Patre
3394 4627 3587 4682 proce-

330 4712 471 4747 πτου
504 4694 761 4766 πεφηνὼς
787 4695 883 4748 τοῦ
911 4696 1048 4750 Θεοῦ
1088 4699 1181 4751 καὶ
1212 4698 1444 4769 Πατρός,
1477 4698 1589 4770 ἔχει
1617 4700 1713 4752 καὶ
1746 4699 1908 4763 αὐτὸς

2015 4703 2116 4767 dit,
2161 4703 2231 4755 ita
2265 4702 2441 4772 ipsum
2468 4716 2682 4771 quoque
2702 4702 2994 4754 secundum
3040 4705 3313 4771 propriam
3341 4715 3586 4761 naturam

330 4788 391 4838 ὲν
416 4785 525 4855 ἰδίᾳ
552 4785 712 4854 φύσει
738 4785 800 4838 τὸ
824 4787 995 4841 ἀΐδιόν
1018 4805 1078 4841 τε
1107 4791 1201 4842 καὶ
1230 4791 1521 4859 ἄτρεπτον.
1550 4791 1621 4843 ’Ἡ
1639 4791 1758 4860 οὐχὶ
1777 4791 1909 4844 νεώ-

2012 4794 2366 4849 :eternitatem
2390 4802 2446 4846 et
2467 4793 2951 4848 immutabilitatem
2975 4797 3230 4864 possidet.
3254 4798 3358 4850 Sed
3386 4813 3584 4864 nonne,

325 4891 492 4927 τατον
526 4876 741 4947 κομιδῇ,
770 4877 1005 4941 καὶτοῖς
1043 4878 1144 4948 τῆς
1184 4880 1654 4951 ἐνανθρωπήσεως
1694 4881 1907 4953 χρόνοις

2014 4884 2212 4952 inquis,
2245 4897 2437 4936 nomen
2471 4883 2572 4935 hoc
2603 4881 2760 4935 ,Ιειιιι
2785 4882 3024 4937 Christus
3049 4884 3335 4938 admodum
3371 4901 3584 4948 recens,

328 4965 774 5038 συνδεδραμηκὸς
795 4967 962 5039 ὄνομα
975 4969 1053 5040 τῷ
1075 4970 1234 5039 Λόγῳ
1256 4970 1337 5035 τὸ,
1357 4972 1612 5040 Χριστὸς
1640 4971 1905 5040 Ἰησοῦς;

2016 4975 2120 5030 hoc
2158 4983 2241 5029 est
2271 4974 2385 5044 ipso
2416 4971 2807 5027 incarnationis
2835 4975 3087 5039 articulo,
3111 4973 3290 5032 Verbo
3318 4978 3588 5034 accessit?

327 5056 444 5109 Καὶ
477 5055 587 5126 μὴν
617 5056 777 5111 τοῦτο
808 5059 938 5130 ἡμῖν
969 5059 1069 5131 ήδη
1107 5059 1196 5113 διὰ
1222 5059 1490 5119 πλείστων
1529 5062 1668 5115 ὅσων
1694 5061 1904 5133 ἐδείχθη

2016 5069 2144 5136 Nae;
2177 5070 2278 5123 hoc
2306 5068 2447 5123 enim
2482 5069 2725 5138 pluribus
2752 5062 2863 5136 iam
2898 5081 3023 5125 ante
3048 5088 3075 5123 a
3110 5072 3264 5127 nobis
3313 5082 3588 5128 ostensum

326 5147 527 5214 λόγων.
556 5147 720 5212 Σύνες
763 5146 878 5213 οὖν,
910 5152 991 5205 ὃτι
1032 5152 1268 5222 Χριστὸν
1302 5151 1529 5221 Ἰησοῦν,
1565 5152 1661 5206 καὶ
1703 5154 1765 5205 οὐ
1811 5170 1909 5222 μο-

2018 5172 2120 5218 est.
2140 5162 2392 5216 Advertis
2423 5177 2554 5231 ergo
2592 5161 2735 5231 quod
2778 5161 3050 5218 Christum
3078 5162 3284 5227 Jesum,
3313 5172 3369 5217 et
3400 5178 3505 5216 non
3531 5164 3586 5217 in

327 5236 551 5300 νοειδῶς
579 5238 670 5290 τὸν
699 5239 889 5308 Λόγον,
924 5239 1056 5310 χθές
1088 5258 1147 5295 τε
1195 5242 1288 5295 καὶ
1333 5243 1572 5311 σήμερον
1613 5242 1704 5295 τὸν
1747 5244 1911 5296 αὐτὸν

2017 5267 2124 5304 una
2160 5251 2331 5305 forma
2366 5249 2620 5314 Verbum,
2648 5254 2763 5305 hcrt
2781 5261 2836 5307 et
2864 5252 3026 5306 hodie
3052 5264 3107 5307 et
3133 5254 3184 5306 in
3213 5254 3406 5307 saecula
3437 5268 3589 5307 emn-

307 5323 472 5409 ,εἷναί
505 5346 638 5400 φησι
672 5332 764 5383 καὶ
792 5332 872 5393 είς
910 5333 1035 5396 τοὺς
1074 5333 1295 5397 αἰῶνας.
1330 5332 1453 5395 Πῶς
1484 5331 1529 5385 δ’
1560 5332 1626 5385 ἂν
1659 5332 1757 5402 ἔχῃ
1786 5345 1810 5371 ε
1849 5335 1910 5388 τὸ

2018 5339 2138 5392 dem
2174 5351 2298 5391 esse
2335 5338 2499 5391 dicat.
2528 5340 2596 5392 At
2649 5341 2918 5409 quomodo
2951 5342 3184 5397 humana
3237 5350 3592 5412 natura,qua3

403 5481 624 5538 "Joan.
669 5500 705 5547 ι,
740 5484 858 5537 15.
936 5485 980 5513 ³’
1010 5482 1025 5536 1
1053 5483 1176 5541 Cur.
1211 5502 1324 5553 vm,
1364 5487 1413 5539 6.
1496 5484 1580 5537 ⁸³1
1611 5486 1748 5541 Tim.
1796 5502 1854 5552 ιι,

936 5485 980 5513 ³’
1010 5482 1025 5536 1
1053 5483 1176 5541 Cur.
1211 5502 1324 5553 vm,
1364 5487 1413 5539 6.
1496 5484 1580 5537 ⁸³1
1611 5486 1748 5541 Tim.
1796 5502 1854 5552 ιι,
2015 5485 2072 5518 ⁸³⁷⁸
2107 5488 2267 5542 llcbr.
2308 5506 2419 5547 xm.
2446 5490 2494 5544 8.

1434 5645 1602 5698 Vttrize
1631 5644 1889 5701 lectiones
1917 5644 2118 5700 codicis
2150 5643 2509 5716 Seguieriani.

402 5793 429 5821 ι
461 5783 518 5835 ὲν
552 5780 683 5834 υἱῶν
711 5781 881 5835 δυάδι.
954 5783 979 5820 ά
1014 5784 1426 5852 κατασημαίγει.
1510 5796 1532 5822 ε
1564 5782 1695 5853 ἔχοι.

651 5874 918 5935 ΡΑτιιοι.
964 5876 1079 5934 Gn.
1131 5875 1381 5934 LXXVI.
1454 5958 1463 5965 ν

3150 5878 3225 5939 38
