4060 6418
523 409 658 464 H95

1521 407 1577 459 S.
1623 405 1886 460 CYBlLIJ
1929 405 2394 460 ALEXANDIUNI
2436 404 2756 460 ARCHIEP.

3621 403 3756 461 H95

521 523 807 577 mutationi
855 522 1084 576 obnoxia
1124 529 1225 586 est,
1253 531 1306 575 et
1356 523 1653 590 prtesertim
1691 523 1788 587 illi,
1813 523 1956 592 quod
2019 523 2085 577 de

2193 522 2455 590 άτρεπτόν
2504 538 2559 573 τε
2610 521 2704 572 καί⁵
2744 519 2842 589 τὴν
2877 520 2932 570 ὲν
2977 517 3263 586 ταυτότητι
3299 517 3558 588 διαμονὴν
3591 520 3621 587 ἡ
3663 520 3757 570 ἀν-

523 630 630 669 non
659 629 777 668 esse
811 614 878 666 ad
921 627 1040 667 esse
1072 623 1128 667 et
1161 614 1342 667 vivere
1391 622 1575 666 evecta
1604 622 1705 675 est,
1733 613 2085 686 immutabili-

524 716 684 758 tatem
715 713 768 757 et
792 704 845 757 in
880 703 1163 758 identitate
1213 703 1562 757 stabilitatem
1595 703 1839 758 obtinere
1871 706 2089 772 potest?

519 796 876 848 Aberravitne
910 810 1040 865 ergo
1073 810 1101 848 a
1129 794 1373 849 veritatis
1403 809 1565 862 scopo
1591 793 1869 862 Scriptura
1909 808 2084 857 sacra,

522 888 644 937 dum
683 900 804 938 eum
836 885 926 953 qui
976 885 1090 938 heri
1121 899 1223 939 non
1257 893 1395 946 erat,
1429 884 1577 951 prius
1605 885 1884 938 exstitisse
1934 897 2086 936 com-

523 975 820 1026 memorat?
853 974 1007 1028 Absit
1038 974 1242 1041 procul,
1271 984 1328 1026 ut
1367 973 1473 1027 tale
1505 973 1780 1042 quidpiam
1839 972 2086 1040 equidem

523 1066 695 1119 dicam
734 1065 1012 1134 (Christus
1033 1065 1186 1130 ,enim
1208 1061 1364 1116 Iesus
1389 1063 1529 1117 idem
1557 1073 1641 1117 est
1662 1064 1799 1128 heri,
1822 1072 1878 1118 et
1906 1063 2085 1126 hodie,

523 1166 577 1209 et
604 1156 654 1209 in
687 1155 935 1224 smcula),
965 1164 1056 1208 aut
1091 1164 1148 1207 ut
1185 1154 1432 1217 Verbum,
1468 1156 1684 1209 tametsi
1719 1169 1851 1209 caro
1884 1153 2087 1208 factum

521 1257 622 1309 est,
651 1245 1083 1314 ntiquissimum
1127 1253 1180 1299 et
1232 1244 1566 1299 immutabile
1615 1259 1740 1300 esse
1792 1247 2088 1314 pra-dicare

521 1338 804 1392 dubitem!
877 1348 1006 1406 puto
1068 1336 1210 1390 enim
1265 1337 1510 1390 eumdem
1577 1336 1870 1406 signiﬁcari
1923 1337 2087 1390 etiam

521 1438 642 1496 p08t
669 1430 918 1482 unionem
951 1444 1070 1480 cum
1104 1430 1321 1496 propria
1354 1442 1540 1490 carne,
1563 1439 1620 1481 ut
1671 1428 1787 1482 heri
1818 1428 2090 1482 exsisten-

523 1530 627 1574 tem
681 1531 844 1588 atque
889 1523 1374 1587 Prmexsislentem.
1420 1521 1634 1574 Etenim
1689 1533 1810 1572 cum
1866 1519 2089 1572 insanus

520 1611 738 1666 Jndteus
803 1612 1086 1667 Christum
1149 1619 1557 1676 sexsecraretnr,
1601 1609 1923 1680 repulsaque
1988 1607 2090 1662 [ide

523 1703 788 1772 lapidibus
844 1704 1090 1758 eumdem
1125 1705 1360 1758 obruere
1405 1703 1710 1757 adoriretur
1760 1701 1916 1767 (nam
1968 1715 2087 1752 cum

525 1795 794 1848 hominem
852 1795 1022 1849 nostri
1076 1795 1308 1849 similem
1359 1803 1626 1858 cerneret,
1686 1792 2086 1860 indignabatur,

2189 613 2407 683 θρὼπου
2441 611 2621 679 φύσις,
2654 613 2829 663 καίτοι
2862 613 3073 678 κίνησιν
3122 609 3490 679 ὑπομένουσα,
3528 609 3622 661 καὶ
3645 611 3760 679 ,πρό

2188 723 2249 772 γε
2281 705 2389 756 τῶν
2415 704 2590 758 ἄλλων
2619 704 2717 773 τὴν
2741 703 2800 765 ἐξ
2828 703 2928 754 οὐκ
2952 702 3120 754 ὅντων
3149 702 3228 763 εἰς
3254 701 3314 752 τὸ
3339 697 3474 753 εἶναι
3502 699 3595 752 καὶ
3628 699 3758 769 ζῇν;

2189 793 2572 862 Διημάρτηκεν
2599 789 2692 844 οὖν
2720 791 2828 862 ἄρα
2862 789 3129 860 τάληθοῦς
3177 791 3309 859 ἡμῖν
3335 788 3396 840 τὸ
3429 789 3665 858 Γράμμα
3701 788 3763 839 τὺ

2191 884 2370 953 ίερόν;
2421 885 2514 936 καὶ
2543 884 2633 936 τὸν
2674 885 2796 952 χθὲς
2831 883 2928 935 ούκ
2955 883 3081 935 ὄντα
3115 881 3360 952 προεῖναί
3393 897 3559 950 φησις
3594 881 3763 948 Φαίην

2190 975 2256 1027 ἂν
2293 976 2411 1043 οὑχί
2442 975 2596 1027 τοῦτο
2629 974 2756 1041 ἐγὼ,
2789 973 2986 1026 πολλοῦ
3018 989 3081 1039 γε
3115 973 3208 1024 καὶ
3236 971 3346 1023 δεῖ·
3381 970 3506 1040 χθὲς
3538 969 3646 1038 γὰρ
3672 969 3764 1022 καὶ

2191 1068 2428 1135 σήμερον
2470 1066 2498 1116 ὀ
2528 1065 2686 1124 αὐτὸς
2722 1064 2816 1116 καὶ
2846 1065 2924 1124 εἰς
2969 1062 3096 1123 τοὺς
3148 1061 3350 1121 αἰῶνας
3381 1057 3587 1128 Ἰησοῦς
3632 1059 3765 1126 Χρι-

2192 1159 2333 1219 στός.
2363 1156 2405 1208 Τ
2409 1158 2436 1208 ὸ
2463 1157 2518 1208 δὲ
2557 1155 2650 1209 τοῦ
2685 1156 2856 1222 Λόγου
2905 1152 3286 1224 πρεσϐύτατόν
3325 1169 3384 1204 τε
3423 1152 3516 1204 καὶ
3550 1150 3766 1212 ἀκλινὲς

2188 1251 2386 1319 ἥκιστα
2414 1249 2514 1317 μὲν
2539 1249 2866 1317 ἀρνήσομαι,
2893 1245 2986 1300 καὶ
3014 1247 3061 1298 εἰ
3089 1247 3278 1314 γέγονε
3309 1243 3481 1314 σάρξ·
3506 1245 3766 1312 οἰήσομαι

2187 1341 2244 1394 δὲ
2276 1342 2394 1394 καθ’
2417 1339 2609 1392 ἕνωσιν
2643 1339 2778 1409 μετὰ
2817 1341 2915 1408 τῆς
2951 1338 3086 1400 ἰδίας
3121 1335 3324 1407 σαρκὸς
3353 1336 3429 1398 ὡς
3467 1334 3595 1404 χθὲς
3635 1334 3765 1386 ὄντα

2191 1435 2282 1484 καὶ
2316 1433 2734 1502 προϋπάρχοντα
2780 1428 3208 1499 καταδηλοῦσθαι
3250 1427 3410 1480 πάλιν
3439 1425 3621 1480 αὐτόν.
3650 1424 3762 1477 Καὶ

2190 1523 2319 1590 γοῦν
2379 1522 2817 1592 κατεμυσάττετο
2859 1521 2957 1589 μὲν
3023 1517 3389 1589 παραφρονῶν
3416 1516 3436 1555 ί
3493 1515 3762 1577 Ἰουδαῖος,

2190 1615 2284 1668 καί
2341 1605 2666 1667 καταλιθοῶ
2689 1611 2849 1664 αὑτὸν
2871 1611 3166 1680 ἐπεχείρει,
3190 1610 3288 1680 τὴν
3309 1609 3492 1660 πίστιν
3513 1609 3575 1659 οὐ
3602 1622 3769 1676 προσ-

2193 1705 2424 1772 ιέμενος.
2476 1702 2854 1770 Κατετεθήπει
2911 1701 3037 1770 γάρ,
3089 1701 3170 1752 ὅτι
3219 1699 3396 1752 καίτοι
3446 1698 3568 1751 καθ’
3617 1699 3762 1767 ἡμᾶς

2191 1796 2465 1865 ὁρώμενος
2498 1793 2801 1864 ἄνθρωπος,
2829 1793 2926 1860 τῆς
2970 1792 3110 1861 ὑπὲρ
3140 1789 3424 1859 ἄνθρωπον
3471 1790 3767 1860 ἀρχαιότη-

519 1886 659 1952 quod
696 1894 905 1938 (etatem
936 1885 1168 1938 humana
1204 1884 1460 1951 majorem
1491 1883 1590 1936 sibi
1620 1889 1959 1950 arrogaret),
1985 1879 2087 1931 tale

2193 1904 2279 1948 τος
2319 1885 2500 1952 ἑαυτῷ
2545 1884 2606 1935 τὸ
2645 1882 3016 1952 πρεσϐύτατον
3051 1879 3439 1950 ἐπεμαρτύρει,
3486 1879 3658 1947 λέγων
3689 1878 3766 1940 ὡς

520 1983 576 2027 ιιι
611 1975 752 2027 Deus
797 1973 863 2027 tle
898 1989 956 2028 se
1003 1973 1366 2027 testimonium
1423 1973 1560 2026 dixit
1595 1990 1606 2024 :
1646 1991 1662 2020 ε
1703 1971 1893 2031 Amen,
1931 1983 2086 2022 amen

517 2066 639 2119 dico
663 2066 836 2128 vobis,
865 2065 1179 2133 priusquam
1213 2065 1484 2118 Abraham
1513 2063 1663 2116 ﬁeret
1698 2078 1798 2131 ego
1831 2073 1951 2115 sum
1971 2061 2038 2112 “l.
2065 2079 2082 2111 ι

516 2154 596 2206 Ad
627 2153 742 2206 haec
773 2161 958 2206 contra
994 2152 1068 2206 illi
1101 2171 1114 2206 :
1147 2170 1165 2204 t
1220 2152 1618 2221 Quinquaginta
1655 2166 1826 2204 annos
1853 2149 2088 2204 nondum

519 2245 705 2307 habes,
764 2253 818 2299 et
875 2244 1147 2297 Abraham
1198 2243 1376 2297 vidisti
1399 2243 1476 2295 “‘l
1521 2261 1538 2292 ›
1594 2240 1828 2295 Joannes
1879 2253 2092 2308 quoque

519 2337 590 2388 ita
624 2337 700 2388 ait
731 2353 744 2387 :
776 2353 795 2385 t
833 2333 930 2388 llic
953 2342 1057 2398 est,
1082 2334 1148 2388 de
1174 2348 1280 2402 quo
1308 2333 1415 2385 dixi
1451 2332 1633 2385 vobis:
1665 2331 1793 2384 Post
1829 2345 1913 2383 me
1946 2329 2091 2382 venit

516 2426 622 2489 vir,
657 2425 746 2493 qui
775 2433 897 2476 ante
930 2436 1014 2476 me
1041 2423 1212 2476 factus
1253 2430 1355 2485 est,
1393 2419 1516 2489 quia
1547 2423 1693 2488 prior
1726 2434 1808 2472 me
1834 2427 1948 2472 erat
1968 2417 2036 2469 ".
2063 2435 2083 2468 ι

515 2514 587 2568 At
619 2515 889 2582 quomodo
923 2527 1042 2566 cum
1080 2511 1480 2565 Emmanuelem
1505 2520 1558 2565 et
1593 2512 1768 2563 virum
1805 2519 2086 2578 agnoscat,

517 2605 764 2658 etvirum
792 2603 1052 2666 nominet,
1079 2600 1225 2653 illum
1279 2601 1537 2668 priorem,
1575 2609 1628 2652 et
1655 2607 1778 2651 ante
1812 2615 1872 2652 se
1895 2599 2088 2650 factum

518 2694 795 2760 praedicat,
829 2708 951 2746 cum
981 2702 1161 2746 tamen
1192 2700 1247 2744 et
1305 2690 1530 2752 tardius,
1555 2699 1609 2742 et
1643 2698 1764 2756 post
1790 2689 1964 2756 ipsum
1992 2703 2088 2739 na-

518 2794 604 2840 tus
631 2784 812 2840 esset?
834 2783 941 2838 Sed
963 2782 1129 2852 gloria
1157 2781 1294 2835 forte
1322 2794 1385 2834 ac
1421 2780 1680 2848 dignitate
1725 2777 1934 2832 JOanne
1978 2793 2090 2830 ma-

512 2877 688 2946 jorem
707 2876 1051 2944 prioremque
1078 2872 1351 2928 exstitisse
1371 2871 1512 2925 dicet
1535 2870 1823 2939 quispiam,
1847 2880 1903 2922 ut
1925 2869 2087 2937 ohjici

519 2967 809 3034 intelligo:
849 2981 1033 3020 verum
1093 2965 1339 3018 oratione
1371 2978 1475 3016 non
1533 2963 1820 3015 admodum
1879 2961 2088 3026 prolixa

517 3059 729 3116 ostendi
757 3067 956 3127 potest,
985 3056 1255 3125 ejusmodi
1283 3054 1675 3124 expositionem
1703 3063 1755 3107 et
1783 3037 2003 3121 pravam
2037 3062 2089 3106 et

2192 1977 2321 2038 Θεός
2345 1990 2361 2006 ⁶
2399 1997 2415 2025 t
2459 1975 2650 2044 Ἀμὴν,
2683 1975 2830 2042 ἀμὴν
2860 1973 3002 2038 λέγω
3037 1973 3186 2040 ὑμῖν,
3220 1972 3348 2040 πρὶν
3386 1969 3638 2039 Ἀϐραὰμ
3667 1986 3766 2036 γε-

2190 2064 2409 2127 νέσθαι,
2457 2061 2566 2130 ἐγώ
2619 2064 2754 2131 εἰμι.
2784 2080 2801 2112 ι
2849 2061 2977 2112 Ὅτε
3025 2059 3291 2128 καὶπρὸς
3332 2058 3489 2111 τοῦτο
3528 2058 3767 2127 ἔφασκον

2191 2158 2416 2208 ἐκεῖνοι·
2451 2175 2467 2205 t
2501 2155 2842 2223 Πεντήκοντα
2872 2151 2965 2220 ἐτη
2991 2149 3145 2203 οὔπω
3184 2149 3346 2219 ἔχεις,
3391 2152 3483 2203 καὶ
3515 2150 3766 2220 Ἀϐραὰμ

2191 2247 2477 2318 ὲώρακας;
2519 2264 2536 2296 ›
2587 2245 2730 2313 Ἔφη
2776 2244 2833 2296 δὲ
2885 2243 3044 2296 πάλιν
3088 2243 3182 2296 καὶ
3219 2241 3470 2311 Ἰωάννης
3497 2258 3510 2271 ·
3549 2236 3767 2304 «Οὗτός

2191 2343 2307 2391 ἐστι
2327 2379 2340 2402 ,
2385 2340 2512 2408 περὶ
2543 2331 2604 2389 οὗ
2647 2335 2758 2404 ἐγὼ
2787 2331 2938 2387 εἷπον
2970 2335 3128 2403 ὑμῖν*
3171 2334 3378 2388 Ὀπίσω
3410 2351 3509 2404 μου
3545 2333 3765 2404 ἔρχεται

2191 2430 2349 2498 ἀνὴρ,
2390 2429 2448 2490 ὃς
2487 2426 2799 2496 ἔμπροσθέν
2843 2443 2943 2495 μου
2988 2426 3231 2493 γέγονεν,
3274 2425 3354 2476 ὅτι
3401 2423 3616 2493 πρῶτός
3659 2439 3762 2492 μου

2189 2514 2277 2588 ἦν.
2307 2538 2324 2569 ι
2363 2517 2550 2571 Καίτοι
2587 2515 2704 2579 πῶς
2738 2516 2903 2586 ἄνδρα
2935 2532 2995 2567 τε
3034 2514 3188 2578 εἰδὼς
3217 2515 3310 2567 καὶ
3352 2515 3633 2585 ὀνομάζων
3675 2516 3767 2570 τὸν

2203 2609 2573 2678 Ἐμμανουήλ,
2605 2607 2914 2678 ἔμπροσθέν
2953 2624 3010 2659 τε
3043 2606 3241 2671 αὐτοῦ,
3286 2608 3380 2660 καὶ
3416 2607 3630 2676 πρῶτον
3667 2624 3765 2674 γε·

2190 2701 2377 2754 νέσθαι
2417 2701 2551 2770 φησί
2590 2699 2680 2751 τὸν
2717 2699 2942 2768 ὀψιγενῆ
2977 2715 3035 2751 τε
3082 2699 3178 2751 καί⁸
3225 2699 3344 2765 μετ’
3387 2699 3584 2765 αὺτόν;
3625 2697 3768 2750 Ἀλλ’

2190 2795 2307 2862 ὲρεῖ
2333 2808 2418 2853 τις
2459 2790 2614 2852 ἴσως·
2653 2791 2999 2860 Ἐμπροσθεν
3032 2790 3194 2842 αὑτὸν
3227 2790 3320 2842 καὶ
3363 2789 3578 2862 πρῶτον
3615 2795 3769 2857 γενέ-

2192 2884 2315 2937 σθαι
2355 2883 2490 2952 φησὶ
2523 2882 2665 2936 κατά
2694 2898 2756 2950 γε
2787 2882 2886 2952 τὴν
2914 2881 3091 2944 δόξαν,
3117 2880 3304 2951 ὥσπερ
3337 2878 3430 2934 οὖν
3463 2881 3639 2933 ἔπεισί
3677 2899 3767 2951 μοι

2190 2977 2360 3027 νοεῖν*
2393 2975 2488 3027 καὶ
2535 2973 2641 3043 μὴν
2677 2974 2759 3025 ὅτι
2792 2971 3044 3042 κίϐδηλόν
3076 2989 3135 3024 τε
3170 2973 3264 3026 καὶ
3296 2973 3503 3043 ἀμαθὲς
3546 2973 3609 3026 τὸ
3639 2977 3769 3046 τῇδε

2191 3067 2352 3127 νοεῖν,
2382 3066 2443 3116 οὐ
2483 3064 2688 3134 μακρὸς
2719 3066 2851 3133 ἡμῖν
2879 3061 3081 3126 διδάξει
3114 3063 3289 3131 λόγος.
3324 3064 3771 3134 Παραδεξάμενοι

519 3149 746 3202 inscitia:
779 3146 992 3216 plenam
1048 3159 1188 3198 esse.
1216 3141 1348 3197 Nam
1390 3143 1434 3197 si
1483 3144 1722 3212 priorem
1769 3157 1913 3207 esse,
1947 3143 2086 3197 idem

2193 3156 2299 3224 γάρ
2316 3155 2378 3208 τὸ
2403 3176 2419 3205 t
2442 3155 2746 3225 ἔμπροσθεν
2779 3172 2796 3204 ι
2819 3157 2897 3218 εἰς
2916 3155 2996 3218 τὸ,
3027 3155 3246 3225 ἄμεινον
3261 3156 3317 3208 ὲν
3348 3156 3496 3226 δόξῃ,
3520 3157 3661 3210 κατὰ
3678 3159 3771 3210 τὸν

516 3255 639 3296 esse
670 3238 1022 3294 statuerimus
1055 3236 1196 3304 quod
1231 3233 1341 3304 39
1365 3235 1416 3288 in
1436 3233 1605 3302 gloria
1637 3233 1901 3302 potiorem
1932 3248 2084 3299 esse;

517 3333 703 3386 eadem
747 3330 968 3383 omnino
1011 3327 1222 3381 ratione
1257 3325 1611 3394 posteriorem
1645 3338 1765 3379 esse
1801 3324 1942 3378 idem
1984 3325 2092 3379 erit

520 3423 661 3491 quod
684 3421 851 3489 gloria
884 3418 1194 3471 inferiorem
1225 3434 1238 3468 :
1264 3423 1428 3483 atque
1461 3416 1534 3468 ita
1569 3414 1846 3467 Christum
1882 3411 2091 3467 Joanne

519 3513 831 3568 inferiorem
871 3509 934 3577 (ο
969 3523 1080 3562 rem
1129 3507 1364 3561 maxime
1397 3505 1688 3559 absurdam
1713 3505 1726 3556 1
1750 3505 1767 3572 )
1790 3505 2088 3559 concedere

521 3602 908 3672 compellemur
946 3617 958 3651 :
1001 3599 1090 3651 Ait
1131 3597 1274 3651 enim
1326 3613 1339 3648 :
1383 3613 1401 3646 t
1440 3595 1567 3650 Post
1615 3610 1702 3648 me
1742 3595 1886 3648 venit
1924 3595 2024 3650 vir.
2067 3614 2084 3645 ι

524 3694 670 3748 Sane
699 3691 744 3744 si
780 3699 948 3753 recte,
979 3687 1118 3754 quod
1139 3686 1190 3738 in
1220 3682 1447 3737 Psalmis
1476 3684 1543 3737 de
1565 3697 1633 3739 eo
1667 3681 1928 3750 scriptum
1964 3680 2094 3749 legi-

522 3791 633 3846 tur,
659 3779 1096 3850 expendet-imus,
1123 3790 1232 3828 rem
1268 3773 1422 3844 longe
1445 3771 1602 3827 aliter
1631 3773 1829 3827 habere
1861 3772 2092 3825 arbitra-

520 3874 700 3930 bimur
727 3889 740 3924 :
775 3888 793 3922 t
824 3870 975 3937 Quis,
1011 3871 1204 3938 inquit,
1230 3867 1284 3921 in
1316 3865 1546 3921 nubibus
1570 3865 1868 3934 aequabitur
1904 3862 2086 3918 Domi-

521 3967 630 4023 no?
663 3965 856 4022 similis
891 3965 995 4018 erit
1028 3961 1252 4015 Domino
1285 3960 1336 4014 in
1389 3959 1512 4014 liliis
1569 3957 1663 4012 Dei
1690 3955 1777 4010 δεῖ
1813 3974 1832 4008 ι
1867 3954 2089 4022 Summa

520 4063 685 4131 igitur
715 4057 1008 4126 antiquitas
1036 4053 1212 4107 Verbo
1250 4061 1504 4120 tanquam
1535 4049 1644 4105 Deo
1668 4049 1968 4105 secundum
1997 4063 2091 4102 na-

527 4162 725 4213 turam,
756 4147 969 4201 etiamsi
1031 4142 1178 4196 carni
1210 4144 1418 4195 unitum
1447 4141 1538 4205 sit,
1567 4140 1904 4209 propriaeque
1932 4148 2089 4190 natu-

523 4255 596 4294 ra:
623 4241 760 4293 bona
782 4252 904 4291 cum
928 4249 1155 4303 corpore
1175 4232 1318 4300 quod
1350 4232 1661 4300 assumpsit,
1692 4229 2092 4284 communicare

520 4328 882 4389 consueverit,
909 4324 1254 4379 attribuenda
1283 4333 1384 4378 est.

594 4420 751 4477 XLII.
787 4417 940 4483 Quod
977 4416 1118 4471 istud
1159 4426 1336 4468 autem
1366 4416 1436 4468 ita
1479 4427 1538 4468 se
1588 4411 1802 4475 habeat,
1841 4420 2092 4479 recteque

2195 3249 2308 3300 ἴσον
2338 3264 2439 3299 που
2469 3247 2645 3314 λόγον,
2677 3248 2771 3298 καὶ
2797 3248 2858 3298 τὸ
2891 3265 2908 3296 t
2944 3246 3119 3299 ὀπίσω
3152 3265 3169 3297 ι
3221 3247 3464 3317 φήσομεν
3491 3247 3551 3300 τὸ
3604 3248 3680 3310 ὠς
3713 3251 3772 3300 ὲν

2195 3340 2416 3410 εὐκλείᾳ
2468 3339 2719 3408 δεύτερον
2748 3335 2806 3393 εὖ
2842 3339 2985 3409 μάλα
3019 3339 3374 3409 καταδηλοῦν.
3421 3341 3770 3410 Συμδήσεται

2193 3432 2372 3484 τοίνυν
2405 3431 2480 3494 ὡς
2520 3429 2580 3495 ἐξ
2611 3431 2861 3500 ἀνάγκης
2899 3432 3030 3500 ἡμῖν
3067 3431 3168 3500 τῆς
3197 3430 3445 3483 Ἰωάννου
3479 3429 3635 3499 δόξης
3673 3434 3773 3501 1):-

2193 3519 2387 3572 τᾶσθαι
2429 3519 2683 3590 Χριστὸν,
2709 3519 2804 3572 καὶ
2830 3519 3006 3572 ὀπίσω
3044 3519 3292 3589 δραμεῖν,
3334 3521 3608 3584 ἀσυνέτως
3635 3521 3770 3590 ὀμο-

2194 3611 2370 3678 λογεῖν
2397 3614 2441 3663 ε.
2473 3613 2618 3682 Ἔφη
2646 3612 2773 3680 γάρ,
2802 3612 2883 3664 ὃτι
2908 3631 2925 3662 t
2966 3611 3174 3666 Ὀπίσω
3203 3629 3303 3682 μου
3329 3611 3545 3682 ἔρχεται
3570 3612 3762 3683 ἀνήρ.»

2203 3702 2268 3754 Ὢ
2292 3703 2392 3772 τῆς
2421 3703 2684 3767 ἀτοπίαςί
2715 3702 3012 3773 οἰησόμεθα
3048 3702 3264 3772 γὰρούκ
3291 3696 3391 3755 ὧδε
3425 3703 3590 3772 ἔχειν,
3620 3705 3765 3756 ὲννε-

2195 3794 2451 3862 νοηκότες
2485 3793 2660 3864 ὀρθῶς
2693 3793 2754 3847 τὸ
2835 3796 2891 3847 ἐν
2934 3793 3186 3864 Ψαλμοῖς
3226 3795 3611 3865 γεγραμμένον
3634 3837 3647 3861 ,
3684 3797 3759 3847 ὅτι

2199 3904 2218 3936 t
2247 3884 2341 3946 Τίς
2375 3886 2432 3936 ὲν
2462 3884 2713 3954 νεφέλαις
2767 3885 3090 3955 ἰσωθήσεται
3121 3883 3200 3954 τῷ
3243 3885 3465 3955 κυρίως
3501 3888 3764 3956 ὀμοιωθῂ.

2196 3993 2346 4028 σεται
2375 3976 2452 4046 τῷ
2481 3976 2671 4048 Κυρίῳ
2696 3978 2752 4028 ὲν
2779 3977 2916 4039 υἱοῖς
2940 3976 3074 4029 Θεοῦ
3100 3994 3113 4040 ;
3141 3994 3158 4027 ι
3198 3976 3511 4030 Ἀναθετέον
3539 3973 3632 4030 οὖν
3661 3977 3768 4047 ἄρα

2194 4061 2288 4114 καί.
2320 4063 2460 4116 κατὰ
2492 4063 2688 4132 σαρκὸς
2710 4062 2860 4130 αὐτῷ
2883 4064 2944 4116 τὸ
2972 4064 3363 4135 πρεσϐύτατον,
3385 4065 3460 4128 ὡς
3484 4065 3603 4136 Θεῷ
3627 4067 3769 4118 κατὰ.

2194 4152 2357 4220 φύσιν
2410 4152 2662 4206 ἐνωθέντι
2713 4155 2897 4225 σαρκὶ,
2949 4157 3040 4207 καὶ
3071 4155 3138 4208 τὰ
3162 4156 3265 4225 τῆς
3311 4157 3519 4220 οἰκείας
3554 4158 3770 4230 φύσεως

2194 4245 2374 4313 ἀγαθά
2401 4249 2723 4300 κοινοποιεῖν
2755 4248 2969 4301 εἰωθότι
2997 4248 3075 4318 τῷ
3106 4249 3220 4320 ἰδίῳ
3255 4249 3483 4320 σώματι.

2266 4423 2398 4477 MB’.
2440 4421 2610 4475 Τοῦτο
2651 4424 2694 4475 δ’
2735 4423 2801 4476 ἂν
2839 4423 3028 4492 μάθοις
3063 4419 3164 4478 ὧδέ
3209 4443 3266 4478 τε
3301 4427 3441 4496 ἔχον,
3485 4429 3580 4481 καὶ
3613 4433 3770 4500 εἰρη-

520 4515 723 4570 dictum
756 4511 847 4577 sit,
887 4510 939 4564 id
969 4523 1038 4564 ex
1065 4506 1185 4561 aliis
1222 4519 1435 4574 quoque
1473 4503 1817 4568 testimoniis,
1855 4503 1898 4557 si
1933 4503 2087 4556 modo

2198 4512 2358 4583 μένον
2389 4511 2582 4584 ὀρθῶς,
2613 4513 2706 4565 καὶ
2733 4513 2789 4578 ἐξ
2820 4513 3020 4584 ἐτέρων
3048 4515 3228 4580 εὐθὺς,
3257 4516 3413 4588 εἰπερ
3439 4517 3596 4580 ἕλοιο,
3634 4537 3766 4589 μαρ-

517 4605 757 4668 libuerit,
777 4603 936 4657 facile
963 4600 1258 4656 didiceris:
1291 4597 1423 4652 dicit
1445 4611 1679 4664 namque
1713 4594 1907 4650 alicubi
1950 4594 2091 4648 Deus

523 4711 618 4766 per
673 4695 961 4764 quemdam
1021 4701 1331 4746 sanctorum
1357 4688 1738 4756 prephetarum
1774 4687 1838 4740 de
1869 4684 2088 4739 Christo

517 4804 580 4842 ex
611 4788 818 4843 semine
873 4785 1037 4840 David
1077 4781 1371 4836 secundum
1404 4793 1624 4834 carnem
1655 4787 1812 4831 orto:
1853 4795 1870 4826 ι
1912 4776 1977 4829 Ει
2010 4784 2084 4836 ιιι,

522 4878 799 4931 Bethleem
847 4877 1043 4929 domus
1090 4873 1346 4941 Ephrata,
1381 4887 1486 4926 non
1516 4868 1735 4939 parvula
1779 4883 1837 4922 es
1873 4867 1924 4920 in
1969 4866 2088 4920 mil-

520 4968 661 5021 libus
690 4965 846 5020 Juda.
871 4965 950 5018 Ex
989 4975 1039 5018 te
1073 4963 1202 5018 mihi
1233 4964 1538 5033 egredietur
1568 4959 1661 5030 qui
1706 4961 1778 5014 sit
1834 4958 2081 5013 Domina-

521 5071 604 5114 tor
636 5057 824 5118 Israel,
856 5067 910 5110 et
939 5070 1188 5125 egressus
1219 5055 1334 5124 ejus
1365 5055 1432 5108 ab
1469 5054 1625 5109 initio
1646 5068 1672 5104 a
1709 5051 1898 5106 diebus
1929 5059 2088 5104 alter-

521 5151 708 5204 nitatis
730 5149 796 5202 δ’.
829 5167 848 5199 ι
878 5149 952 5202 De
980 5149 1102 5201 ﬁliis
1125 5163 1250 5200 vero
1277 5145 1441 5199 lsrael
1469 5145 1871 5199 sacratissimus
1893 5142 2089 5196 Paulus

521 5255 593 5295 tta
648 5241 840 5296 scribit
877 5259 888 5293 :
927 5257 945 5291 t
986 5237 1186 5294 Omnes
1231 5238 1284 5290 in
1334 5233 1514 5304 Moyse
1554 5235 1810 5306 baptizali
1859 5244 1986 5290 sunt
2035 5235 2087 5287 in

524 5333 666 5387 nube
681 5342 735 5385 et
762 5332 812 5386 in
829 5331 985 5394 mari,
999 5341 1054 5386 et
1068 5343 1256 5385 omnes
1280 5326 1521 5381 eamdem
1541 5340 1718 5381 escam
1753 5325 2086 5395 spiritualem

524 5424 1003 5487 manducaverunt,
1037 5431 1091 5475 et
1141 5432 1329 5474 omnes
1379 5417 1627 5471 eumdem
1682 5426 1865 5486 potum
1931 5419 2091 5487 spiri-

2196 4603 2417 4674 τυριῶν.
2447 4603 2589 4673 Ἔφη
2633 4606 2731 4674 μὲν
2766 4605 2873 4674 γάρ
2906 4623 3006 4658 που
3040 4607 3170 4669 Θεὸς
3201 4609 3328 4677 περὶ
3363 4609 3456 4661 τοῦ
3490 4611 3553 4662 ὲκ
3598 4612 3767 4680 σπέρ-

2199 4711 2366 4764 ματος
2409 4695 2568 4748 Δαυῖδ
2616 4696 2677 4748 τὸ
2717 4698 2857 4749 κατὰ.
2893 4698 3068 4768 σάρκα
3104 4700 3337 4769 Χριστοῦ
3381 4701 3448 4752 δι’
3492 4702 3610 4765 ἐνὸς
3657 4703 3763 4756 τῶν

2193 4785 2361 4854 ἁγίων
2409 4787 2739 4856 προφητῶνο
2785 4808 2802 4839 ι
2847 4791 2954 4842 Καὶ
3009 4791 3093 4854 σὺ,
3151 4790 3430 4862 Βηθλεὲμ,
3479 4790 3624 4857 οἶκος
3673 4795 3765 4848 τοῦ

2208 4877 2469 4946 Ἐφραθᾶ,
2496 4878 2570 4948 μὴ
2599 4879 2875 4947 ὀλιγοστὸς
2899 4878 2950 4933 εἴ
2975 4881 3067 4934 τοῦ
3090 4878 3222 4935 εἶναι
3245 4885 3300 4934 ὲν
3315 4883 3546 4953 χιλιάσιν
3576 4886 3767 4941 Ἰούο..,

2212 4968 2304 5021 Ἐκ
2325 4970 2419 5021 σοῦ
2445 4987 2535 5040 μοι
2557 4970 2896 5035 ἐξελεύσεται
2923 4972 3014 5025 τοῦ
3045 4969 3182 5026 εἶναι
3204 4978 3281 5037 εἰς
3308 4977 3577 5046 ’Λρχοντα
3602 4977 3659 5028 ἐν
3691 4977 3770 5048 τῷ

2208 5060 2452 5130 Ἰσραήλ·
2487 5060 2580 5113 καὶ
2620 5064 2674 5114 αί
2708 5061 2874 5127 ἔξοδοι
2909 5063 3070 5116 αὑτοῦ
3111 5066 3206 5118 ἀπ’
3231 5065 3406 5137 ἀρχῆς
3444 5066 3502 5130 ἐξ
3543 5067 3766 5137 ἡμερῶν

2195 5151 2408 5213 αἰῶνος.
2441 5172 2458 5204 ι
2497 5153 2632 5222 Περί
2664 5153 2718 5207 δέ
2753 5171 2815 5223 γε
2845 5157 2952 5208 τῶν
2989 5156 3122 5208 ulth
3158 5157 3372 5229 Ἰσραὴλ
3400 5161 3427 5211 ὁ
3475 5159 3764 5230 ἱερώτατος

2196 5239 2427 5304 Παῦλος,
2458 5241 2538 5294 ὅτι
2575 5259 2592 5291 t
2624 5244 2831 5308 Πάντες
2858 5247 2936 5309 εἰς
2971 5245 3061 5298 τὸν
3095 5247 3332 5317 Μωῦσῆν
3361 5248 3768 5318 ἐϐαπτίσθησαν

2197 5333 2255 5383 ὲν
2287 5333 2353 5400 τῇ
2386 5331 2586 5403 νεφέλῃ
2615 5333 2707 5385 καὶ
2731 5335 2788 5386 ὲν
2809 5337 2875 5405 τῇ
2909 5334 3172 5407 θαλάσσῃ,
3209 5336 3302 5389 καί
3332 5337 3531 5400 πάντες
3569 5337 3770 5407 βρῶμα

2199 5424 2566 5493 πνευματικὸν
2612 5425 2674 5477 τὸ
2716 5427 2848 5479 αὐτὸ
2895 5428 3112 5497 ἔφαγον,
3159 5431 3251 5482 καὶ
3296 5431 3492 5493 πάντες
3538 5431 3598 5484 τὸ
3635 5431 3769 5484 αὐτὸ

595 5538 638 5567 ⁸⁸
676 5536 832 5590 Joan.
868 5536 1091 5601 vnt,58.
1167 5534 1212 5564 “
1243 5533 1370 5586 ibid.
1407 5533 1494 5585 57.
1570 5531 1613 5561 "
1644 5531 1798 5585 Joan.
1839 5549 1875 5596 ι,
1903 5535 1981 5588 50.
2064 5536 2083 5565 ⁸

2193 5537 2279 5590 sal.
2312 5555 2573 5606 Lxxxvm,
2602 5541 2658 5596 7.
2732 5543 2777 5573 δ’
2809 5541 2968 5598 Mich.
3011 5559 3063 5609 ν,
3092 5545 3158 5611 2;
3192 5544 3376 5599 Matth.
3425 5561 3483 5610 ιι,
3515 5544 3565 5598 6.

1632 5646 1803 5701 Varia:
1835 5647 2092 5705 lectiones
2115 5651 2316 5707 codicis
2348 5651 2704 5724 Seguieriani.

607 5762 624 5800 ί
657 5766 684 5815 ὀ
717 5764 1034 5833 παράφρων.
1115 5767 1138 5802 ⁸
1171 5766 1435 5816 ὑπονοεῖν.
