4060 6418
339 397 477 456 1ζ97

1292 392 1642 450 DE'RECTA
1684 388 1840 450 FIDE
1880 393 1969 447 AD
2010 393 2452 473 TIIEODUSIUM
2492 398 2620 455 IMP.

3444 404 3584 462 1198

337 512 713 582 πνευματικὸν
747 510 898 564 ἔπιον
932 511 1078 579 πόμα
1099 526 1111 540 ·
1149 508 1331 563 ἔπινον
1371 509 1477 582 γάρ
1505 512 1567 564 ἐκ
1617 526 1915 581 πνευματι-

2021 510 2217 566 tualem
2306 513 2609 568 biberunt:
2662 511 2912 567 bibebam
2969 522 3150 571 autem
3202 515 3270 571 de
3316 516 3584 586 spirituali

338 609 442 678 κῆς
460 604 855 675 ἀκολουθούσης
881 603 1084 674 πέτρας
1103 620 1116 633 ’
1141 605 1174 673 ἡ
1200 602 1256 655 δὲ
1278 602 1453 673 πέτρα
1470 599 1538 674 ἦν
1560 605 1589 657 6
1611 603 1862 673 Χριστός.
1887 620 1905 653 t

341 700 533 769 Ἃθρει
573 697 638 767 δὴ
681 692 775 749 οὖν
811 697 870 748 ἐν
916 693 1137 764 Χριστῷ
1182 690 1357 764 Ἰησσῦ
1402 694 1752 765 δεικνύμενον
1789 692 1909 747 καθ’

335 791 531 844 ἕνωσιν
570 785 917 856 οἰκονομικὴν
946 784 1006 838 τὸ
1047 784 1228 848 ίδικῶς
1259 785 1354 837 τοῦ
1388 785 1561 852 Λόγου
1600 783 1911 854 πρεσϐύτα-

335 900 451 934 τον.
484 876 554 933 Ἢ
590 878 689 931 οὐκ
716 877 951 947 ἐναργὴς
986 877 1014 929 ό
1043 874 1235 943 λόγος;
1269 874 1371 927 Τὸν
1399 875 1590 944 γάρτοι
1620 874 1914 945 Βηθλεεμί-

334 988 460 1041 την,
496 969 571 1033 ὼς
600 969 885 1038 ἄνθρωπον
920 967 1014 1021 καὶ
1052 969 1115 1019 ἐκ
1148 965 1428 1034 γυναικὸς,
1461 966 1556 1018 ἀπ’
1584 967 1757 1037 ἀρχῆς
1784 966 1915 1019 αιῶ-

336 1080 429 1126 νος
466 1061 566 1124 τάς
610 1060 823 1126 ἐξόδους
853 1057 996 1128 ἐχειν
1032 1054 1092 1110 εὖ
1122 1056 1266 1126 μάλα
1303 1057 1467 1125 φησίν
1488 1072 1501 1087 ⁸
1534 1058 1592 1109 ἐν
1626 1057 1767 1128 ἀρχῇ
1803 1057 1914 1127 γάρ

336 1150 406 1222 ἧν
431 1152 526 1207 καὶ
555 1150 664 1222 πρὸ
687 1149 888 1212 παντὸς
926 1148 1122 1212 αἰῶνος
1145 1148 1176 1200 6
1204 1146 1631 1218 ἐνανθρωπήσας
1652 1146 1788 1210 Θεὸς
1813 1147 1913 1200 Λό-

337 1258 466 1314 γος’
502 1245 596 1297 καὶ
626 1241 790 1304 αὐτὸς
822 1236 889 1313 ἦν
920 1241 953 1309 ή
989 1239 1186 1310 πέτρα,
1216 1238 1543 1308 δεδιψηκότα
1575 1241 1666 1292 τὸν
1698 1240 1914 1311 Ἰσραὴλ

336 1339 452 1399 τοῖς
476 1334 608 1405 παρ’
635 1331 827 1385 ἐλπίδα
860 1331 955 1386 καὶ
976 1331 1256 1401 ἀδοκήτως
1291 1329 1655 1401 ἐκμεθύσκων
1680 1330 1912 1401 νάμασιο

338 1428 519 1483 καίτοι
552 1425 834 1495 γεννηθεὶς
870 1421 1015 1476 κατά
1038 1438 1102 1489 γε
1143 1421 1241 1491 τὴν
1274 1421 1450 1491 σάρκα
1481 1421 1574 1474 καὶ
1610 1422 1673 1474 τὸ
1709 1420 1918 1493 ἀνθρώ-

338 1535 497 1572 πινον
542 1519 600 1570 ἐν
630 1516 879 1585 ἐσχάτοις
919 1511 1015 1566 τοῦ
1058 1513 1252 1575 αἰῶνος
1306 1515 1539 1583 καιροῖς,
1578 1514 1674 1565 καὶ
1730 1505 1919 1582 κεχρίυ

344 1598 541 1678 σμένος
564 1607 665 1678 τὴν
687 1607 767 1669 εἰς
794 1603 943 1657 τόνδε
974 1602 1066 1656 τὸν
1096 1602 1299 1673 κόσμον
1314 1602 1616 1671 ἀποστολὴν
1647 1601 1795 1672 παρά
1821 1602 1915 1655 τοῦ

338 1698 477 1753 Θεοῦ
503 1700 595 1751 καὶ
624 1696 866 1767 Πατρός·
899 1693 1318 1763 κατωνόμασται
1347 1694 1454 1764 γάρ
1480 1695 1579 1763 οὐχ
1611 1695 1800 1764 ἐτέρου
1822 1710 1916 1745 του

339 1789 564 1861 χάρινῆ
592 1789 682 1842 διὰ
722 1787 879 1840 τοῦτο
911 1786 1163 1857 Χριστός.
1210 1787 1445 1855 Χριστὸς
1487 1786 1544 1839 δὲ
1575 1783 1643 1858 ἦν
1678 1787 1917 1858 ήπέτρα

340 1876 487 1931 κατά
518 1876 611 1930 τὸν
650 1875 836 1945 νόμον,
883 1875 977 1927 καὶ
1027 1873 1121 1927 τὸν
1157 1873 1389 1928 Παῦλον.
1428 1876 1843 1943 Ἐπαγωνιείται
1871 1876 1916 1929 δ’

341 1965 411 2022 αὖ
444 1969 538 2021 καὶ
584 1966 908 2037 συναθλήσει
951 1964 1026 2034 τῷ
1055 1964 1198 2034 λόγῳ
1244 1967 1339 2018 καὶ
1378 1968 1407 2019 ό
1436 1967 1598 2034 σοφὸς
1631 1966 1915 2035 Ἰωάννης,

341 2057 626 2129 μονονουχὶ
653 2057 748 2109 καὶ
778 2056 1112 2126 συναγείρων
1151 2057 1247 2119 τὰς
1282 2056 1504 2126 φύσεις,
1551 2059 1647 2112 καὶ
1687 2058 1918 2111 συνδέων

337 2153 423 2214 είς
469 2150 664 2203 ἐνωσιν
703 2148 812 2201 τῶν
856 2149 1094 2219 ἑκατέρᾳ
1127 2150 1437 2219 προσόντων
1470 2152 1777 2221 ἰδιωμάτων
1817 2153 1917 2223 τὴν

335 2241 590 2311 δύναμιν.
627 2239 738 2292 Θέα
786 2238 897 2309 γάρ
942 2240 970 2291 ὅ
1002 2254 1200 2308 φησιν’
1244 2255 1264 2303 ς
1300 2241 1362 2292 Ὃ
1400 2235 1467 2309 ἦν
1510 2241 1604 2293 ἀπ’
1644 2242 1850 2312 ἀρχῆς,
1890 2243 1919 2294 δ

335 2330 680 2400 ἀκηκόαμεν,
733 2328 761 2381 ὃ
812 2328 1137 2399 ἑωράκαμεν
1182 2330 1292 2390 τοῖς
1338 2327 1633 2398 ὀφθαλμοῖς
1671 2330 1852 2399 ἡμῶν,
1889 2329 1920 2383 ὃ

338 2421 712 2490 ἐθεασάμεθα,
745 2421 840 2473 καὶ
870 2420 924 2472 αἱ
970 2423 1149 2490 χεῖρες
1196 2420 1353 2489 ἡμῶν
1390 2421 1746 2490 ἐψηλάφησαν
1789 2424 1919 2493 περὶ

334 2511 434 2566 τοῦ
482 2512 660 2580 Λόγου
707 2512 806 2581 τῆς
857 2508 1041 2578 ζωῆς’
1081 2511 1227 2581 καὶὴ
1260 2509 1372 2580 ζωὴ
1429 2512 1779 2582 ἐφανερώθη,
1827 2516 1919 2567 καὶ

335 2603 696 2673 ἑωράκαμεν,
744 2602 839 2654 καὶ
892 2600 1302 2672 μαρτυροῦμεν,
1360 2602 1455 2654 καὶ
1500 2603 1921 2674 ἀπαγγέλλομεν

338 2696 472 2761 ὑμῖν
508 2692 652 2763 ζωὴν
681 2692 780 2761 τὴν
820 2691 1056 2757 αἰώνιον,
1094 2691 1213 2760 ἥτις
1254 2686 1322 2761 ἦν
1366 2693 1503 2761 πρὸς
1540 2694 1631 2747 τὸν
1678 2695 1917 2766 Πατέρα,

338 2787 437 2840 καὶ
496 2783 819 2854 ἐφανερώθη
865 2783 1015 2853 ύμῖν.
1047 2802 1066 2834 ι
1113 2782 1243 2835 Ἰδοὺ
1292 2783 1383 2835 τὸν
1438 2783 1571 2838 ὄντα
1616 2787 1712 2838 ἀπ»
1747 2787 1921 2857 ἀρχῆς

339 2870 521 2944 ὦφθαι
557 2874 616 2927 τέ
647 2890 813 2942 φησιν
859 2871 1140 2942 ἐναργῶς,
1174 2872 1463 2942 ὑπομεῖναι
1514 2874 1570 2926 δὲ
1617 2876 1709 2928 καὶ
1750 2879 1916 2947 ἁφήν.

350 2965 739 3036 ’Λνεκεκράγει
769 2964 875 3034 γάρ
903 2964 932 3016 6
958 2962 1161 3033 Θωμᾶς
1181 2978 1193 2993 ·
1234 2983 1253 3015 ι
1293 2963 1352 3016 ἺΟ
1382 2963 1586 3035 Κύριός
1616 2982 1740 3036 μου,
1773 2971 1866 3022 καὶ
1891 2972 1921 3024 6

336 3057 473 3120 Θεός
505 3070 632 3126 μου,
664 3074 682 3107 ι
728 3054 1117 3125 ἀναμετρήσας
1145 3054 1395 3125 δακτύλῳ
1450 3058 1690 3126 πλευράν
1725 3076 1784 3112 τε
1822 3060 1921 3131 τὴν

2012 610 2374 672 consequente
2394 619 2485 659 eos
2518 613 2688 673 petra,
2702 614 2850 673 petra
2870 616 3047 661 autem
3066 618 3183 663 erat
3197 607 3443 665 Christus
3463 610 3530 665 ⁸⁸.
3559 633 3578 665 ι

2013 692 2090 747 En
2120 710 2385 751 summam
2420 697 2564 751 illam
2586 698 2983 765 antiquitatem,
3012 713 3133 768 quae
3154 700 3209 754 in
3245 699 3427 756 Verbo
3450 717 3582 771 pro-

2014 786 2128 855 prie
2186 787 2459 853 convenit,
2511 788 2808 843 secundum
2867 789 3258 845 meonomicam
3328 791 3583 846 unionem

2021 876 2108 931 hic
2138 875 2359 943 Christo
2396 877 2522 932 Jesu
2558 878 2885 947 assignatam
2907 892 3046 933 esse.
3086 879 3167 932 An
3211 881 3475 935 obscurus
3498 891 3584 935 est

2016 965 2104 1021 hic
2124 967 2345 1022 sermo?
2377 966 2668 1023 Evidenter
2704 970 2849 1023 enim
2904 971 3125 1038 exponit
3176 971 3584 1026 Bethleemitam

2014 1056 2186 1122 illum,
2214 1058 2307 1127 qui
2355 1072 2422 1114 ex
2481 1058 2706 1113 muliere
2750 1070 2911 1113 natus
2961 1069 3046 1114 est
3105 1061 3287 1127 homo,
3318 1062 3388 1116 ab
3430 1060 3585 1115 initio

2015 1147 2194 1203 διεπυιί
2216 1148 2419 1202 exitum
2450 1149 2773 1203 habere:in
2836 1149 3106 1218 principio
3154 1150 3303 1205 enim
3362 1160 3419 1204 et
3461 1160 3586 1204 autc

2015 1237 2194 1292 omnia
2246 1238 2443 1293 secula
2462 1248 2582 1294 erat
2619 1242 2763 1308 quod
2811 1241 3151 1295 incarnatum
3198 1252 3283 1295 est
3321 1240 3582 1307 Verbum,

2017 1329 2239 1398 ipseque
2262 1338 2377 1384 erat
2430 1339 2583 1398 petra
2624 1330 2880 1400 illa,qua:
2923 1331 3281 1387 lsraeliticum
3324 1333 3583 1402 populum

2016 1421 2289 1476 sitientem
2321 1421 2611 1491 insperatis
2648 1423 3143 1493 inexspectatisque
3172 1416 3343 1494 aquae‘
3370 1423 3587 1480 ﬂuentis

2019 1512 2305 1568 iuehriavit
2337 1531 2352 1567 :
2391 1513 2606 1568 etiamsi
2627 1514 2681 1566 in
2700 1514 3012 1569 novissimis
3039 1515 3220 1569 smculi
3249 1515 3586 1585 temporibus

2016 1605 2312 1663 secundum
2339 1618 2582 1667 carnem,
2608 1606 3010 1675 humanamque
3043 1615 3295 1659 naturam
3332 1606 3586 1676 progeni-

2020 1705 2128 1758 tus,
2159 1696 2485 1751 etmissione
2524 1696 2581 1750 in
2609 1697 2752 1751 hunc
2786 1697 3043 1750 mundum
3080 1712 3111 1751 a
3145 1698 3253 1751 Deo
3298 1696 3458 1751 Patre
3505 1696 3588 1750 in-

2020 1796 2213 1842 unctus
2242 1788 2540 1859 sit:neque
2583 1788 2729 1844 enim
2775 1789 2992 1844 aliunde
3024 1790 3125 1845 boc
3154 1805 3350 1845 nomen
3384 1790 3588 1846 Christi

2018 1877 2246 1932 sortitus
2283 1890 2393 1944 est,
2424 1894 2586 1948 quam
2645 1879 2715 1933 ab
2759 1895 2865 1933 una
2897 1883 3000 1935 hac
3043 1882 3299 1936 unctione
3352 1891 3408 1936 et
3469 1881 3592 1935 fuit-

2019 1969 2232 2035 ctione;
2261 1969 2414 2039 atqui
2445 1967 2718 2031 Christus,
2750 1969 3051 2023 secundum
3094 1968 3264 2037 legem
3305 1981 3362 2025 et
3395 1984 3592 2025 secun-

2018 2054 2146 2115 dum
2169 2060 2390 2116 beatum
2408 2058 2659 2121 Paulum,
2682 2068 2800 2113 erat
2826 2058 2917 2113 illa
2934 2068 3105 2126 petra.
3124 2057 3431 2114 Conﬁrmat
3452 2061 3592 2114 hanc

2021 2166 2234 2207 rursum
2266 2151 2594 2205 sententiam
2624 2162 2680 2205 et
2710 2151 2930 2220 sapiens
2957 2149 3195 2206 Joannes
3224 2165 3477 2220 quoque;
3516 2156 3592 2207 si-

2016 2243 2233 2312 quidem
2260 2241 2372 2313 ω
2405 2250 2629 2295 naturas
2659 2242 2714 2294 in
2748 2256 2911 2295 unum
2942 2242 3339 2310 quodammodo
3369 2257 3588 2311 cogens,

2018 2334 2527 2405 proprietatumque
2579 2333 2709 2397 vim,
2749 2346 2871 2401 quae
2939 2333 3154 2402 utrique
3220 2332 3485 2399 adjacent,
3537 2332 3592 2386 in

2019 2423 2273 2478 unionem
2301 2422 2571 2490 redigens,
2596 2421 2671 2474 ita
2688 2421 2881 2475 scribit
2911 2438 2925 2474 :
2961 2439 2981 2472 ι
3006 2422 3158 2487 Quod
3183 2419 3285 2475 fuit
3313 2423 3380 2475 ab
3412 2422 3588 2487 initio,

2019 2512 2163 2582 quod
2188 2512 2513 2575 audivimus,
2543 2511 2687 2579 quod
2714 2510 2948 2565 vidimus
2976 2509 3149 2565 oculis
3191 2511 3414 2576 nostris,
3450 2513 3589 2579 quod

2021 2604 2415 2674 perspeximus,
2452 2612 2508 2657 et
2567 2616 2759 2655 manus
2787 2602 2985 2655 noStrte
3016 2609 3497 2656 contrectaverunt
3528 2603 3596 2655 de

2020 2694 2200 2751 Verbo
2258 2694 2404 2759 vitae,
2420 2704 2475 2749 et
2507 2694 2616 2747 vita
2663 2692 3002 2748 manifestata
3042 2700 3147 2755 est,
3167 2702 3223 2747 et
3262 2692 3516 2758 vidimus,
3540 2702 3596 2747 et

2023 2794 2304 2850 testamur,
2354 2793 2409 2839 et
2458 2785 2842 2837 annuntiamus
2882 2781 3035 2836 vobis
3092 2782 3256 2835 vitam
3308 2792 3589 2847 ateroam,

2019 2888 2142 2943 quae
2190 2881 2311 2928 erat
2362 2874 2505 2943 apud
2560 2869 2799 2934 Patrem,
2856 2880 2912 2924 et
2968 2870 3218 2939 apparuit
3268 2870 3425 2925 nobis
3452 2870 3521 2925 δί.
3566 2894 3589 2925 ο

2020 2963 2161 3018 Ecce
2211 2962 2410 3017 diserte
2463 2959 2696 3014 alBrmat
2750 2973 2897 3021 eum,
2927 2958 3017 3026 qui
3058 2958 3162 3012 fuit
3207 2960 3276 3013 ab
3337 2960 3510 3024 initio,
3539 2970 3596 3014 et

2020 3052 2195 3107 visum
2249 3064 2394 3115 esse,
2439 3059 2497 3104 et
2548 3048 2869 3119 palpabilem
2932 3047 3138 3102 factum
3191 3063 3332 3103 esse.
3379 3050 3592 3103 Etenim

335 3145 435 3201 τοῦ
474 3144 745 3215 σώματος,
775 3143 872 3196 καὶ
908 3142 1007 3205 τὰς
1053 3141 1365 3212 διατρήσείς
1396 3143 1506 3197 τῶν
1557 3143 1915 3216 ἧλων.Τεγε-

2021 3139 2276 3204 Thomas,
2305 3148 2654 3209 posteaquam
2695 3151 2887 3192 manus
2925 3136 2980 3191 in
3032 3137 3195 3202 latus,
3228 3148 3283 3192 et
3310 3138 3510 3208 digitos
3534 3138 3589 3193 in

336 3237 535 3308 νῆσθαι
578 3236 636 3290 δέ
676 3252 809 3305 φησι
846 3234 973 3297 τοὺς
1005 3233 1191 3302 ἁγίους
1232 3235 1562 3300 ἀποστόλους
1594 3239 1689 3291 καὶ
1717 3241 1746 3291 6
1777 3238 1918 3304 θεῖος

335 3330 472 3400 ἡμῖν
512 3328 725 3389 Λουκᾶς
770 3324 1043 3387 αὐτόπτας
1092 3338 1151 3376 τε
1202 3325 1295 3377 καὶ
1347 3325 1628 3396 ὑπηρέτας
1680 3329 1773 3382 τοῦ
1808 3330 1916 3384 Λά.

336 3438 437 3489 γου
458 3436 471 3449 ·
505 3418 698 3487 γέγονε
734 3415 847 3486 γὰρ
876 3416 1126 3486 ἐμφανὴς
1152 3418 1181 3468 6
1209 3418 1526 3486 ἀσώματος,
1558 3420 1652 3471 καὶ
1670 3421 1857 3485 ιάπτὸς
1887 3423 1917 3476 6

337 3511 584 3582 ἀναφὴς·
615 3510 717 3563 οὐκ
761 3507 965 3561 ὀθνεῖον
994 3506 1132 3577 ἔχων
1163 3508 1481 3579 πρίόλημα
1527 3510 1625 3582 τὴν
1671 3513 1781 3567 ἀπὸ
1812 3514 1917 3583 γῆς

339 3602 551 3673 σάρκα,
589 3599 704 3654 ἀλλ’
741 3599 874 3653 ῐδιον
905 3597 1077 3667 αὐτὴν
1113 3598 1483 3669 ποιησάμενος
1527 3602 1676 3668 ναὸν,
1724 3606 1819 3660 καὶ
1857 3607 1917 3658 ἐν

338 3694 482 3763 αὐτῇ
515 3732 531 3757 ,
557 3690 652 3744 καὶ⁵
687 3690 785 3742 σὺν
812 3688 949 3758 αὐτῇ
982 3687 1385 3759 γνωριζόμενος
1412 3690 1489 3755 ὡς
1515 3691 1649 3756 Θεὸς
1677 3696 1774 3748 καὶ
1803 3696 1918 3749 κύ-

343 3801 481 3855 ριος.
522 3779 845 3853 Γεγραιρότα
889 3779 947 3832 δὲ
989 3774 1147 3835 οἶσθά
1192 3797 1296 3834 που
1342 3782 1439 3836 καὶ
1479 3782 1572 3837 τὸν
1621 3785 1917 3855 ἱερώτατον

339 3874 587 3929 Παῦλον·
629 3890 648 3923 ι
677 3870 864 3933 Οὐδεὶς
896 3868 1005 3940 γάρ
1050 3868 1207 3939 ήμῶν
1246 3870 1426 3939 ἐαυτῷ
1461 3869 1564 3941 ζῇ,
1603 3874 1696 3926 καὶ
1737 3874 1916 3939 οὐδεὶς

338 3963 522 4035 ἐαυτῷ
561 3961 918 4032 ἀποθνήσκει.
953 3959 1078 4013 Ἐάν
1116 3972 1176 4012 τε
1218 3960 1334 4031 γὰρ
1375 3960 1577 4031 ζῶμεν,
1613 3963 1693 4034 τῷ
1726 3966 1918 4038 κυρίῳ

338 4056 560 4125 ζῶμεν·
602 4054 698 4107 ἐάν
734 4070 795 4105 τε
842 4050 1296 4119 ἀποθνήσκωμεν,
1324 4050 1404 4121 τῷ
1437 4053 1632 4125 Κυρίῳ
1672 4055 1916 4127 ἀποθνή-

341 4159 580 4217 σκομεν’
623 4143 720 4197 ἐάν
759 4159 817 4195 τε
848 4130 950 4194 ὀὖν
980 4138 1182 4210 ζῶμεν,
1216 4140 1311 4194 ἐάν
1351 4158 1411 4194 τε
1457 4142 1912 4214 ἀποθνήσκωμεν,

336 4238 434 4293 τοῦ
467 4234 676 4305 Κυρίου
708 4231 896 4303 ἐσμέν.
937 4232 1030 4294 Εἰς
1061 4230 1218 4283 τοῦτο
1258 4231 1368 4300 γὰρ
1400 4233 1636 4304 Χριστὸς
1680 4236 1917 4292 ἀπέθανε

340 4329 437 4380 καὶ
459 4324 675 4393 ἔζησεν,
704 4322 789 4375 ἵνα
813 4319 1025 4389 νεκρῶν
1055 4320 1148 4371 καὶ
1175 4318 1395 4383 ζώντων
1430 4321 1714 4395 κυριεύσῃ.
1742 4344 1761 4375 ι

2022 3233 2295 3287 clavorum
2348 3229 2612 3286 foramina
2662 3228 2949 3294 intulisset,
2991 3228 3172 3282 statim
3214 3229 3539 3283 exclamavit
3575 3248 3591 3285 :

2027 3343 2046 3374 ι
2076 3323 2336 3377 Dominus
2358 3336 2530 3385 meus,
2568 3328 2624 3374 et
2651 3320 2796 3374 Deus
2835 3335 2987 3374 meus
3014 3319 3083 3373 ³³.
3120 3337 3140 3371 ι
3170 3319 3310 3386 Quin
3359 3320 3593 3375 eximius

2023 3427 2237 3482 quoque
2262 3412 2597 3480 evangelista
2634 3410 2814 3465 Lucas
2842 3419 3061 3466 sanctos
3104 3409 3377 3479 apostolos
3428 3410 3594 3466 Verbi

2024 3512 2380 3573 spectatores,
2429 3502 2673 3571 ejusdem
2729 3500 3011 3555 ministros
3073 3500 3347 3555 exstitisse
3395 3498 3471 3554 ait
3496 3498 3591 3555 “:

2025 3610 2149 3650 nam
2184 3595 2277 3664 qui
2304 3593 2550 3664 corporis
2564 3607 2758 3663 expers
2791 3602 2932 3657 erat,
2952 3592 3127 3646 iactus
3142 3601 3227 3646 est
3244 3590 3590 3660 spectabilis:

2022 3699 2078 3745 et
2097 3687 2190 3756 qui
2218 3686 2361 3757 tangi
2383 3700 2489 3741 non
2513 3695 2744 3755 poterat,
2767 3694 2981 3740 terrena
3002 3699 3168 3740 carne
3188 3699 3294 3739 non
3332 3694 3588 3755 tanquam

2022 3787 2286 3835 extraneo
2323 3777 2556 3841 amictu,
2588 3776 2683 3831 sed
2711 3786 2970 3844 tanquam
3000 3776 3218 3846 proprio
3247 3778 3448 3845 templo
3475 3791 3594 3832 sese

2024 3870 2272 3933 induens,
2316 3867 2493 3921 factus
2547 3876 2629 3920 est
2672 3865 2975 3934 palpabilis,
3008 3875 3065 3920 et
3109 3867 3167 3921 in
3208 3865 3342 3933 ipsa,
3367 3874 3424 3920 et
3467 3881 3591 3919 cum

2021 3961 2136 4029 ipsa
2150 3958 2314 4013 etiam
2346 3959 2425 4011 uti
2443 3956 2584 4010 Deus
2611 3966 2667 4010 et
2687 3955 2947 4010 Dominus
2971 3956 3221 4025 cognitus
3248 3953 3368 4009 fuit.
3398 3955 3593 4010 Hemi-

2023 4048 2182 4104 nistis
2234 4062 2449 4118 quoque
2499 4046 2933 4100 sacratissimum
2981 4044 3205 4100 Paulum
3263 4046 3462 4101 alicubi
3515 4048 3590 4101 ita

2021 4139 2338 4207 scripsisse:
2371 4155 2393 4189 ι
2414 4136 2583 4191 Nemo
2613 4146 2854 4191 nostrum
2889 4135 2993 4191 sibi
3020 4136 3172 4201 vivit,
3194 4143 3252 4192 et
3283 4153 3443 4193 nemo
3475 4138 3578 4193 sibi

2021 4232 2269 4287 moritur.
2305 4230 2432 4286 Sive
2475 4230 2727 4294 vivimus,
2764 4229 2993 4285 Domino
3037 4230 3299 4295 vivimus,
3332 4233 3445 4286 sive
3480 4247 3592 4287 mo-

2031 4325 2223 4387 rimur,
2268 4323 2497 4377 Domino
2531 4321 2812 4375 morimur.
2841 4318 2968 4376 Sive
3008 4335 3139 4390 ergo
3182 4320 3433 4386 vivimus,
3477 4322 3593 4376 sive

341 4418 630 4481 morimur,
670 4413 877 4469 Domini
922 4427 1127 4468 sumus.
1169 4411 1227 4466 ln
1268 4415 1387 4483 hoc,
1409 4416 1550 4470 enim
1594 4416 1842 4474 Christus
1898 4431 2143 4476 mortuus
2182 4426 2311 4485 ‘est,
2343 4428 2395 4474 et
2434 4417 2749 4483 resurrexit.
2803 4425 2862 4470 ut
2913 4426 2968 4471 et
3032 4417 3277 4470 vivorum
3333 4428 3389 4472 et
3441 4435 3590 4474 mox--

340 4525 556 4569 tuorqu
595 4510 902 4567 dominetur
923 4507 989 4559 5‘.
1014 4526 1034 4558 ι

408 4608 541 4664 Ml".
592 4608 832 4677 Ἀραρεν
858 4600 951 4657 οὖν
982 4602 1219 4672 ἀληθῶς,
1254 4605 1334 4657 ὅτι
1382 4607 1738 4677 κεκυρίευκεν
1783 4610 1915 4679 άλη-

2090 4607 2269 4663 XLIII.
2317 4606 2453 4663 Vere
2486 4607 2671 4676 itaque
2700 4605 2945 4668 decebat,
2981 4614 3040 4658 ut
3071 4606 3315 4658 vivorum
3352 4615 3591 4660 mortuo-

333 4700 447 4765 θῶς
478 4697 690 4768 νεκρῶν
721 4714 781 4750 τε
808 4698 901 4749 καὶ
943 4695 1164 4759 ζώντων
1189 4700 1219 4750 6
1269 4695 1344 4769 μὴ
1375 4697 1562 4768 ἐτέρου
1607 4715 1700 4752 του
1732 4700 1910 4773 χάριν,

335 4790 478 4861 πλὴν
511 4790 595 4842 ὅτι
630 4787 783 4841 τοῦδέ
817 4804 879 4841 τε
924 4789 1022 4840 ’καὶ
1061 4787 1244 4857 μόνου,
1277 4787 1509 4853 τεθνεὼς
1544 4792 1637 4846 καὶ
1683 4794 1914 4863 ἐγηγερ-

335 4884 520 4953 μένος.
554 4881 695 4933 Τίνα
715 4880 780 4950 δὴ
814 4875 909 4933 οὖν
937 4880 1045 4951 ἀρα
1079 4880 1280 4949 φαμὲν,
1310 4881 1386 4943 ὡς
1416 4882 1582 4935 ὑπέδυ
1615 4884 1715 4953 μὲν
1746 4875 1913 4938 θάνά-

328 4990 447 5034 τον,
480 4971 681 5025 ἀνεϐίω
727 4971 773 5023 δ’
800 4966 894 5038 αὖ,
930 4970 964 5041 ἢ
1012 4970 1103 5023 τὸν
1134 4970 1263 5023 Υίὸν
1310 4971 1585 5041 δηλονότι;
1639 4973 1784 5026 Ἀλλ’
1830 4976 1912 5028 ὅτι

332 5065 436 5135 μὲν
464 5064 554 5117 τὸν
575 5064 726 5129 Υἰὸν,
761 5060 1118 5124 άπαστισοῦν,
1153 5057 1326 5131 οἶμαι,
1361 5063 1704 5117 συννεύσειεν
1720 5063 1810 5118 ἀν.
1843 5064 1908 5117 Τί

328 5150 426 5207 οὖν
460 5151 722 5223 ἐροῦμεν;
754 5150 956 5221 πότερα
971 5150 1175 5221 ’θνητός
1204 5149 1264 5203 τέ
1289 5152 1406 5203 ἐστι
1441 5152 1537 5205 καὶ
1566 5152 1741 5224 φθορᾷ
1770 5153 1908 5207 κάτ-

327 5262 455 5315 οχος
489 5247 517 5298 6
566 5245 630 5296 ἐκ
670 5240 805 5295 Θεοῦ
841 5242 1053 5312 Πατρός
1078 5241 1330 5311 Λόγος,ἢ
1365 5240 1509 5312 πέρα
1546 5241 1782 5297 θανάτου
1815 5246 1908 5298 καὶ

328 5335 537 5406 φθορᾶς
569 5333 808 5403 ἀμείνων
834 5333 911 5395 ὼς
950 5332 1104 5402 {mf};
1151 5332 1344 5386 Καίτοι
1402 5332 1520 5396 πῶς
1549 5334 1648 5404 οὐχ
1702 5333 1908 5388 ἅπασιν

328 5424 581 5494 ἐναργὲς.
610 5425 691 5477 ὃτι
732 5423 965 5476 θανάτου
1002 5423 1264 5492 κρείττων
1309 5421 1385 5484 ὡς
1421 5421 1577 5493 (tot);
1623 5419 1760 5478 Εἶτα
1791 5424 1909 5487 πῶς

330 5517 562 5585 γέγονεν
586 5518 642 5568 ἐν
667 5517 880 5585 νεκροῖς
910 5514 1003 5567 καὶ⁵
1025 5512 1325 5584 ἐλεύθερος,
1350 5513 1493 5568 κατά
1530 5512 1630 5576 τὰς
1655 5514 1912 5584 Γραφάς;

326 5607 554 5677 τεθναίη
587 5609 696 5678 γὰρ
725 5605 842 5660 οὔτι
889 5622 994 5659 που
1042 5604 1164 5659 καθ’
1194 5604 1381 5658 ἐαυτὸν
1422 5606 1451 5658 6
1501 5604 1688 5672 Λόγος.
1733 5605 1914 5675 Φαμὲν

407 5775 456 5815 ⁸ο
478 5781 495 5835 l
519 5782 841 5851 Cor.x,‘:!-.i.
919 5781 959 5814 ⁵¹
987 5779 1001 5833 l
1026 5777 1180 5834 Joau.
1215 5792 1252 5841 t,
1282 5778 1334 5844 l,
1356 5778 1411 5831 9..
1490 5781 1534 5811 ⁵⁸
1560 5776 1714 5833 Joau.
1738 5793 1826 5841 xx,
1847 5779 1936 5833 ‘28.

2018 4716 2245 4772 rumque
2280 4700 2669 4762 dominaretur,
2704 4697 2795 4768 qui
2834 4696 3029 4750 nullius
3068 4694 3319 4759 alterius,
3356 4696 3448 4750 sed
3489 4698 3589 4750 hu-

2014 4794 2104 4863 jus
2130 4793 2301 4849 solius
2331 4804 2517 4853 causa,
2548 4797 2603 4845 et
2622 4797 2879 4845 mortuus
2908 4796 3070 4850 esset,
3101 4793 3155 4841 ct
3185 4786 3489 4844 revixisset.
3517 4788 3589 4842 At

2020 4897 2180 4951 quem
2208 4881 2392 4947 alium,
2420 4893 2628 4950 quaeso,
2655 4887 2881 4934 mortem
2913 4877 3170 4940 subiisse,
3198 4877 3504 4945 iterumque
3532 4876 3588 4932 in

2020 4972 2183 5025 vitam
2229 4972 2457 5027 rediisse
2501 4970 2837 5040 putabimus,
2884 4983 3046 5038 quam
3096 4966 3326 5023 Filium?
3369 4966 3587 5022 Nullum

2017 5062 2198 5132 itaque
2221 5062 2419 5127 alium;
2448 5075 2621 5131 neque
2646 5059 2701 5114 id
2734 5059 2894 5125 ullus,
2920 5058 3132 5129 Opinor,
3159 5058 3375 5114 inﬁcias
3404 5058 3582 5113 iverit.

2016 5153 2152 5220 Quid
2196 5153 2359 5223 igitur
2378 5151 2671 5207 dicemus?
2711 5151 2953 5222 nunquid
3000 5151 3091 5206 Dei
3134 5148 3313 5204 Patris
3353 5146 3586 5202 Verbum

2020 5244 2176 5297 morti
2200 5244 2643 5313 corruptionique
2664 5245 2958 5300 obnoxium
2983 5257 3124 5304 esse.
3150 5256 3216 5294 an
3241 5240 3417 5308 potius
3437 5239 3584 5292 omni

2017 5342 2226 5398 morte,
2274 5333 2530 5403 omnique
2574 5335 2953 5402 corruptione,
3001 5330 3433 5402 quandoquidem
3478 5329 3584 5383 vita

2013 5433 2114 5485 est,
2142 5424 2494 5493 praestantius
2521 5425 2684 5481 esse?
2711 5425 2899 5493 Atqui,
2935 5433 2993 5478 ut
3022 5423 3129 5477 vita
3160 5430 3260 5486 est,
3293 5430 3466 5475 morte
3495 5434 3588 5475 su-

2013 5514 2195 5580 perius
2220 5528 2363 5580 esse,
2392 5515 2514 5583 quis
2545 5530 2650 5570 non
2678 5513 2862 5569 videt?
2890 5513 3169 5579 Quomodo
3199 5512 3361 5583 igitur
3385 5526 3583 5566 secun-

2013 5604 2140 5658 dum
2184 5604 2496 5675 Scripturas
2512 5605 2559 5638 "
2594 5606 2738 5673 inter
2781 5617 3022 5659 mortuos
3061 5604 3293 5659 liberum
3336 5602 3587 5660 exstitit?

2016 5778 2211 5836 "Luc.
2241 5779 2346 5848 1,2.
2426 5780 2646 5838 “Rern.
2672 5795 2782 5849 xtv,
2808 5780 2862 5848 7,
2892 5781 2944 5838 8.
3015 5782 3060 5814 "
3091 5780 3233 5836 Psal.
3259 5796 3502 5848 Lxxxvtt,
3525 5780 3578 5838 6.
