4060 6456
474 429 609 487 “99

1457 421 1508 479 ε
1551 414 1824 480 CYRILLI
1862 384 2332 477 ALEXA'Nom-xt
2371 420 2687 477 ARClllEP.

3566 420 3603 482 ἰ
3616 394 3720 483 suo

469 544 615 599 Sane
645 540 770 596 licet
794 538 1025 595 Verbum
1055 551 1151 610 per
1174 550 1234 592 se
1262 536 1429 591 emori
1462 550 1803 607 nequaquam
1829 534 2041 602 valeat,

2152 532 2260 601 οὖν,
2308 537 2389 590 ὅτι
2426 535 2731 609 τεθνεώσης
2764 536 2933 591 αὑτοῦ
2956 528 3059 611 τῆς
3091 538 3312 612 σαρκὸς,
3364 538 3524 603 αὐτὸς
3563 539 3724 594 τοῦτο

468 643 707 686 attamen
746 643 913 683 carne
953 627 1096 682 illius
1138 626 1580 691 iutermoriente,
1618 627 1791 695 ipsum
1828 639 2043 696 quoque

472 732 695 777 mortem
727 733 1046 789 perpessum
1082 727 1233 774 recte
1263 720 1602 789 perhibetur.
1635 716 1803 788 Igitur
1831 719 1921 786 qui
1956 730 2043 772 se—

468 814 700 866 cundum
732 811 915 865 carnis
944 808 1151 880 legem,
1180 810 1584 879 humanamque
1616 817 1865 862 naturam
1898 823 2041 863 mor-

469 913 592 959 tuus
618 913 723 968 est,
752 914 806 958 et
832 902 1161 967 resurrexit;
1193 901 1334 955 idem
1368 902 1456 956 ille
1488 916 1590 955 non
1621 901 1826 969 absque
1856 915 2040 967 carne,

470 998 578 1051 imo
612 1011 742 1051 vero
779 1009 902 1050 cum
942 1007 1140 1056 carne,
1177 1002 1232 1047 et
1267 992 1321 1045 in
1361 1005 1525 1047 carne
1562 990 1776 1060 imperii
1815 991 2042 1061 gloriam

467 1088 730 1151 obtinuit;
765 1086 1093 1154 planumque
1122 1083 1271 1143 fecit,
1300 1080 1404 1152 ὧι
1438 1090 1667 1135 mortem
1697 1081 1914 1149 quidem
1949 1095 2045 1134 na-

470 1188 605 1233 tura:
638 1180 881 1231 humana:
911 1174 1247 1228 aﬂectionem
1275 1186 1425 1234 esse;
1455 1186 1486 1224 a
1515 1173 1743 1225 mortuis
1774 1180 1956 1225 autem
1985 1185 2045 1226 se

471 1268 648 1323 denuo
686 1266 947 1328 excitare,
986 1263 1182 1317 divina:
1220 1263 1438 1316 virtutis
1481 1276 1637 1330 opus.
1674 1261 1797 1328 Quo
1842 1262 2042 1316 factum

471 1367 577 1421 est,
610 1367 670 1411 ut
703 1371 798 1426 per
831 1364 1120 1424 utrumque
1152 1364 1530 1425 cognoscatur,
1567 1362 1623 1408 et
1659 1353 1813 1407 nobis
1846 1353 2045 1410 similis

471 1460 527 1504 ut
550 1449 728 1509 homo,
754 1457 811 1501 et
838 1446 993 1501 nobis
1020 1459 1235 1500 rursum
1267 1445 1518 1514 superior
1540 1454 1597 1497 ut
1628 1445 1787 1510 Deus,
1814 1444 2038 1499 univer-

469 1553 764 1607 serumque
790 1536 1068 1602 Dominus,
1092 1536 1181 1605 qui
1209 1536 1374 1589 etiam
1402 1544 1530 1589 ante
1555 1544 1889 1604 assumptum
1921 1548 2044 1587 car-

472 1647 592 1685 nem
629 1644 732 1684 una
768 1643 887 1683 cum
928 1627 1089 1681 Patre
1122 1641 1221 1681 suo
1258 1626 1537 1695 regnabat.
1574 1628 1753 1696 Atque
1788 1625 1945 1681 talem
1983 1625 2047 1681 il-

472 1722 581 1776 lum
636 1733 757 1775 esse
812 1718 1146 1786 intelligebat
1199 1714 1538 1781 Nathanael,
1593 1731 1718 1771 cum
1770 1716 1975 1771 diceret
2031 1734 2044 1769 :

2141 628 2361 696 λέγεται
2391 626 2604 682 παθεῖν.
2639 626 2849 681 Οὐκοῦν
2870 629 2932 683 οὐ
2958 630 3081 699 δίχα
3113 630 3336 701 σαρκὸς,
3372 630 3469 683 σὺν
3493 630 3631 700 αὐτῇ
3662 630 3722 684 δὲ

2146 716 2347 786 μᾶλλον
2397 716 2493 770 καὶ
2536 718 2594 769 ἐν
2639 717 2774 787 αὐτῇ
2807 718 2906 789 τὴν
2938 719 3037 788 τῆς
3066 719 3386 788 κυριότητος
3434 718 3724 783 ἀνεδέξατο

2142 805 2321 870 δόξαν,
2346 806 2375 857 6
2401 806 2551 877 νόμῳ
2582 806 2781 876 σαρκὸς
2807 807 2903 860 καὶ⁵
2927 807 3085 876 φύσει
3111 812 3176 879 τῇ
3209 808 3329 861 καθ’
3358 809 3507 877 ἡμᾶς
3534 808 3727 880 τεθνη-

2143 898 2277 964 κὼς,
2314 898 2411 952 καὶ
2437 898 2812 968 ἐγηγερμένος
2833 916 2846 931 ο
2874 899 3216 970 ἀνθρώπινον
3254 901 3351 970 μὲν
3379 899 3439 952 τὸ
3472 900 3724 954 τεθνάναι

2144 990 2339 1055 πάθος,
2364 991 2644 1061 ἐνέργημα
2674 990 2730 1043 δέ
2758 990 2939 1044 θεῖκὸν
2964 991 3025 1044 τὸ
3050 991 3343 1045 ἀναϐιῶναι
3370 992 3603 1057 δεικνὺς,
3636 992 3727 1046 ἵνα

2132 1078 2211 1132 δι’
2242 1081 2446 1149 ἀμφοῖν
2473 1080 2812 1151 γνωρίζηται
2846 1078 2966 1132 καθ’
3012 1082 3160 1150 ἡμᾶς
3201 1098 3257 1134 τε
3289 1081 3425 1152 ἅμα,
3462 1082 3555 1135 καὶ
3586 1083 3728 1153 ὑπὲρ

2142 1170 2290 1239 ἡμᾶς
2313 1169 2391 1233 ὡς
2413 1169 2566 1234 Θεὸς,
2596 1170 2691 1223 καὶ
2723 1170 2832 1223 τῶν
2853 1170 2990 1224 ὅλων
3020 1169 3260 1239 γεγονὼς
3289 1171 3467 1242 ὁρῷτο
3497 1173 3725 1243 Κύριος,

2144 1265 2173 1316 6
2203 1263 2297 1317 xui.
2339 1262 2446 1332 πρὸ
2500 1262 2704 1332 σαρκὸς
2744 1261 3044 1332 βασιλεύων
3092 1262 3232 1332 μετά
3286 1262 3381 1315 τοῦ
3434 1262 3565 1316 ίδίου
3614 1264 3730 1318 [Ia-

2144 1353 2292 1423 τρός.
2321 1351 2508 1414 Οὕτως
2526 1351 2687 1406 αὑτὸν
2715 1353 2744 1405 6
2758 1352 3051 1423 Ναθαναὴλ
3068 1352 3465 1421 ἐπιγινώσκων,
3487 1334 3691 1422 ἔφασκε
3712 1371 3725 1383 ·

2152 1462 2171 1494 ι
2222 1442 2433 1504 Ῥαδδὶ,
2466 1443 2530 1495 σὺ
2558 1437 2610 1495 εἴ
2640 1444 2669 1496 6
2700 1442 2828 1506 Υἱὸς
2872 1442 2964 1496 τοῦ
3014 1442 3172 1507 Θεοῦ,
3222 1444 3287 1496 σὺ
3321 1439 3370 1496 εἷ
3400 1444 3429 1495 6
3476 1443 3729 1513 βασιλεὺς

2146 1530 2242 1585 τοῦ
2307 1524 2616 1602 Ἰσραήλ.ἳ
2677 1532 2850 1595 Αὐτὸς
2894 1532 2951 1585 δέ
2999 1534 3113 1595 τοῖς
3163 1532 3356 1585 ἑαυτοῦ
3419 1534 3726 1603 μαθηταῖς·

2155 1644 2174 1678 ι
2207 1626 2398 1697 Ὑμεῖς
2432 1625 2648 1679 καλεῖτέ
2674 1642 2763 1695 με,
2792 1624 2980 1696 φησὶν,
3010 1625 3038 1676 6
3060 1626 3260 1694 Κύριος
3292 1625 3427 1677 καὶὸ
3458 1625 3730 1679 Διδάσκα-

2147 1715 2258 1780 λος,
2293 1716 2387 1768 καὶ
2417 1714 2596 1778 καλῶς
2627 1715 2812 1784 λέγετε
2834 1732 2849 1747 ⁸
2898 1719 3014 1787 εἰμὶ
3036 1720 3163 1791 γάρ.
3220 1738 3238 1770 ι
3279 1721 3465 1792 Ἕργῳ
3493 1719 3549 1773 δὲ
3594 1720 3730 1773 αὐτὸ

478 1830 496 1863 ι
530 1812 726 1875 Rabbi,
756 1819 809 1865 tu
840 1824 900 1865 es
930 1807 1097 1863 Filius
1130 1807 1246 1874 Dei,
1278 1815 1332 1860 tu
1364 1821 1424 1861 es
1455 1822 1547 1862 rex
1578 1805 1745 1862 Israel
1767 1807 1834 1860 ".
1872 1826 1890 1859 ι
1929 1807 2047 1877 Ipse

2152 1806 2531 1878 πιστούμενος,
2560 1808 2742 1879 ἀνίησι
2781 1809 2883 1880 μὲν
2926 1812 3221 1882 ἁμαρτίας,
3258 1812 3507 1878 ἐξουσίαν
3536 1811 3593 1865 δέ
3639 1812 3729 1865 δέ-

474 1913 656 1959 autem
686 1903 753 1956 ad
784 1916 913 1957 suos
943 1899 1234 1967 discipulos
1262 1898 1335 1951 ita
1363 1897 1616 1952 dicebat:
1653 1916 1672 1949 ι
1708 1898 1814 1954 Vos
1840 1899 2044 1954 vocatis

2152 1897 2293 1950 δωκε
2326 1897 2469 1950 κατά
2516 1899 2843 1968 πνευμάτων
2884 1881 3235 1972 ἀκαθάρτων,
3267 1901 3405 1955 ὣστε
3448 1901 3730 1955 ἐκϐάλλειν

474 2008 579 2057 me.
612 1992 866 2061 Magister
891 1998 947 2044 et
977 1988 1224 2052 Domine,
1257 1994 1311 2042 et
1342 1983 1479 2041 Bene
1513 1987 1695 2042 dicitis
1728 2002 1743 2041 :
1790 2002 1909 2042 sum
1959 1997 2042 2043 et-

2150 1988 2311 2052 αὺτά,
2341 1988 2436 2042 καὶ
2471 1988 2796 2059 θεραπεύειν
2825 1992 3006 2044 πᾶσαν
3036 1992 3191 2045 νόσον
3222 1992 3316 2044 καὶ
3343 1993 3524 2044 πᾶσαν
3564 1991 3732 2062 μαλα-

473 2085 618 2139 enim
637 2083 705 2137 ".
750 2100 767 2133 ι
806 2078 873 2134 Et
915 2093 1081 2149 opere
1110 2078 1230 2147 ipso
1258 2077 1441 2132 verbis
1483 2077 1598 2132 suis
1643 2076 2047 2132 ﬁdem-faciens

2152 2078 2276 2131 κίαν
2298 2078 2355 2129 ἐν
2374 2075 2452 2147 τῷ
2479 2076 2613 2147 λαῷ.
2655 2078 2743 2131 Ἐν
2766 2078 2991 2149 ὀνόματι
3022 2081 3133 2149 γὰρ
3169 2079 3344 2150 Ἰησοῦ
3372 2081 3608 2150 Χριστοῦ
3633 2082 3729 2134 τοῦ

473 2185 695 2246 peccata
744 2169 983 2235 remisit,
1024 2175 1458 2238 potestatemque
1500 2176 1692 2222 contra
1742 2169 2047 2225 immundos

2152 2168 2477 2239 Ναζωραίου
2506 2168 2902 2239 τεθεράπευται
2945 2172 3041 2241 μὲν
3082 2173 3111 2224 6
3138 2169 3217 2224 τὼ
3259 2171 3386 2224 πόδε
3419 2171 3733 2243 λελωϐημέ-

472 2266 694 2335 spiritus
728 2261 987 2332 apostolis
1023 2258 1361 2330 impertivit;
1401 2272 1509 2327 quo
1544 2258 1799 2313 nimirum
1834 2270 1891 2314 et
1926 2258 2047 2315 illos

2153 2274 2263 2323 νος,
2326 2258 2420 2312 καὶ
2451 2262 2516 2327 τῇ
2561 2259 2750 2332 Ὡραίᾳ
2795 2259 3136 2331 προσιζάνων
3178 2262 3343 2333 πύλῃ.
3395 2262 3731 2333 Ἀρῤωστίαν

472 2355 715 2426 ejiciant,
756 2363 810 2409 et
849 2366 1064 2407 onmem
1107 2360 1366 2418 praeterea
1411 2349 1785 2421 aagritudinem
1827 2360 1883 2406 et
1926 2350 2045 2404 lan-

2152 2348 2209 2402 δέ
2237 2348 2334 2419 τὴν
2366 2348 2510 2401 οὕτω
2541 2350 2758 2420 μακράν
2786 2351 3129 2418 ἀπεσείσατο,
3160 2353 3253 2405 καὶ
3286 2353 3479 2423 κομιδῇ
3513 2351 3730 2405 δυσδιά-

472 2460 692 2517 guorem
742 2444 798 2498 in
848 2441 1044 2513 populo
1086 2448 1299 2496 curent.
1344 2438 1402 2493 ln
1453 2440 1672 2494 nomine
1717 2443 1865 2494 enim
1913 2439 2043 2496 Jesu

2153 2454 2356 2508 φυκτον
2406 2438 2588 2509 διέδρα
2641 2439 2793 2492 νόσον
2836 2440 3049 2504 Αἰνέας,
3084 2441 3220 2511 πρὸς
3271 2443 3331 2495 δν
3372 2438 3400 2495 6
3445 2442 3730 2504 θεσπέσιος

473 2537 671 2592 Cliristi
718 2532 1006 2598 Nazareni,
1049 2530 1272 2584 claudus
1313 2528 1405 2597 qui
1448 2529 1517 2583 ad
1561 2528 1876 2597 Speciosam
1920 2542 2047 2597 por-

2152 2528 2257 2599 ἐφη
2285 2529 2520 2599 Πέτρος’
2556 2547 2576 2581 ι
2622 2530 2807 2596 Αἰνέα,
2838 2532 2980 2584 ίᾶταί
3025 2549 3083 2585 σε
3130 2533 3337 2603 Ἰησοῦς
3369 2537 3397 2587 6
3422 2534 3676 2607 Χριστός.
3701 2553 3720 2585 ι

477 2641 588 2684 tam
637 2627 888 2691 sedebat,
936 2631 1159 2678 sanatus
1204 2629 1288 2676 est
1309 2620 1375 2672 ".
1423 2618 1547 2673 Pari
1597 2620 1761 2674 modo
1806 2617 2044 2685 Encas,
2080 2634 2204 2675 cum
2266 2621 2572 2674 diutissime
2639 2624 3034 2690 aegrotat-isset,
3072 2609 3366 2690 convaluit,
3401 2636 3454 2679 et
3486 2627 3728 2680 morbum

476 2730 614 2788 pene
650 2709 1100 2768 immedicabilem
1135 2708 1342 2774 evasit;
1378 2721 1503 2762 cum
1551 2720 1780 2777 magnus
1817 2705 1908 2761 ille
1942 2705 2137 2763 Petrus
2210 2710 2313 2765 hac
2378 2723 2502 2763 eum
2536 2710 2782 2764 oratione
2815 2712 3206 2781 compellaret:
3240 2732 3257 2764 ι
3326 2713 3523 2781 Enen,
3572 2726 3731 2772 sanat

479 2823 529 2866 te
562 2805 819 2863 Dominus
847 2800 1003 2856 Iesus
1030 2799 1280 2854 Christus
1302 2798 1371 2850 ".
3764 2842 3775 2873 ‘

546 2896 731 2956 ιιιν.
793 2893 1160 2962 Undecunque
1214 2892 1379 2960 igitur
1428 2890 1495 2944 ad
1547 2890 1832 2946 veritatem
1889 2905 2043 2946 com-

2223 2891 2353 2946 ΜΔΖ
2383 2891 2726 2963 Πανταχόθεν
2751 2887 2842 2946 οὖν
2873 2892 2982 2962 ἀρα
3010 2892 3409 2963 συνωθούμενοι
3440 2893 3575 2964 πρὸς
3597 2893 3731 2964 άλή-
3766 2888 3775 2959 ἰ

474 2991 649 3063 pulsi,
676 2996 733 3042 et
763 3000 883 3055 qua:
913 2983 1087 3039 sacris
1117 2981 1336 3037 Litteris
1367 2982 1582 3037 decreta
1616 2991 1772 3050 sunt,
1806 2983 2047 3038 studiose

2157 2985 2333 3052 θειαν,
2382 2985 2476 3039 καὶ¹
2504 2984 2567 3038 τὸ
2610 2987 2721 3048 τοῖς
2755 2986 2919 3056 ἱεροῖς
2965 2984 3260 3056 Γράμμασι
3293 2984 3483 3038 δοκοῦν
3515 2985 3733 3055 ἰχνηλα-
3770 2968 3776 2983 ’

477 3078 721 3134 venerari
757 3075 1066 3138 studentes,
1102 3080 1157 3127 et
1189 3070 1411 3127 Patrum
1445 3073 1745 3128 sententias
1776 3072 2047 3138 aemulati,

2153 3076 2265 3128 τεῖν
2290 3070 2371 3128 εὖ·
2395 3074 2543 3145 μάλα
2586 3074 2998 3139 σπουδάζοντες,
3025 3076 3121 3128 καὶ
3161 3077 3282 3138 ταῖς
3323 3073 3432 3128 τῶν
3480 3077 3732 3146 πατέρων

477 3186 600 3227 eum
633 3168 725 3238 qui
759 3182 826 3221 ex
860 3164 1043 3219 radice
1071 3162 1245 3227 Jesse,
1275 3161 1369 3233 qui
1401 3177 1466 3217 ex
1496 3164 1706 3218 semine
1736 3165 1924 3230 David,
1957 3166 2048 3233 qui

478 3278 545 3318 ex
588 3260 814 3315 muliere
853 3255 1152 3313 secundum
1194 3270 1442 3324 carnem,
1480 3256 1573 3326 qui
1618 3256 1901 3311 nobiscum
1949 3256 2051 3322 legi

478 3352 773 3417 obnoxius,
805 3358 864 3403 ut
894 3348 1084 3411 homo,
1116 3361 1280 3421 supra
1312 3362 1414 3402 nos
1444 3355 1657 3411 autem,
1692 3357 1745 3401 et
1777 3361 1945 3415 supra
1976 3347 2054 3402 leo

480 3459 627 3514 gem,
656 3451 715 3495 ut
744 3440 885 3494 Deus
917 3456 931 3493 :
964 3438 1056 3507 qui
1089 3445 1312 3507 propter
1343 3451 1461 3500 nos,
1497 3447 1811 3505 nostrasque
1840 3446 2049 3491 natura

481 3532 915 3590 similitudinem.
941 3528 1222 3582 nobiscum
1249 3528 1393 3580 inter
1415 3535 1659 3580 mortuos
1684 3526 1903 3581 habitus
1928 3537 2010 3581 est
2034 3544 2048 3581 :

482 3624 572 3695 qui
607 3635 769 3690 supra
806 3633 904 3672 nos
937 3616 1167 3685 denique
1200 3630 1295 3683 per
1323 3615 1560 3684 seipsum
1595 3624 1651 3671 et
1678 3615 1976 3670 viviﬁcator
2000 3625 2056 3671 et

485 3712 594 3766 vita
632 3718 735 3771 est,
770 3721 955 3761 verum
995 3704 1089 3759 Dei
1128 3703 1322 3758 Filium
1363 3719 1489 3760 esse
1529 3707 1837 3772 credimus;
1882 3722 2055 3778 neque

484 3800 875 3857 humanitatem
922 3795 1205 3850 divinitate
1247 3796 1560 3866 spoliantes,
1604 3812 1779 3865 neque
1818 3797 2052 3853 Verbum

486 3907 697 3947 rursum
731 3896 852 3959 post
883 3886 1312 3957 inexplicabilem
1345 3888 1490 3941 illam
1517 3898 1573 3941 et
1603 3902 1858 3942 arcanam
1893 3888 2049 3945 unio-

454 3996 606 4037 ‘nem
648 3981 985 4036 humanitate
1022 3987 1317 4044 ementes;
1357 3979 1451 4033 sed
1492 3994 1655 4032 unum
1698 3979 2055 4051 eumdemque

486 4071 677 4126 Filium
703 4085 768 4125 ex
797 4068 1007 4124 duabus
1035 4066 1196 4122 rebus
1223 4067 1275 4121 in
1305 4081 1468 4120 unum
1496 4067 1788 4135 quoddam,
1814 4069 1957 4136 quod
1984 4083 2053 4123 ex

486 4169 716 4227 utroque
746 4157 1175 4212 non~seeundum
1208 4166 1412 4211 natura:
1437 4156 1801 4222 eversionem,
1831 4158 1924 4213 sed
1954 4173 2052 4212 ex-

485 4246 875 4301 cellentissima
912 4244 1002 4298 illa
1044 4244 1243 4299 unione
1279 4244 1669 4300 admirabiliter
1702 4246 2050 4302 constitutum

485 4347 587 4400 est,
617 4336 957 4393 conﬁtentes.
1046 4335 1057 4341 “

2154 3154 2409 3236 ἑπόμενοι
2449 3164 2649 3231 δόξαις,
2694 3166 2784 3218 τὸν
2814 3167 2876 3219 ἐκ
2916 3165 3072 3236 ῥίζης
3113 3166 3328 3226 Ἰεσσαὶ,
3354 3166 3444 3219 τὸν
3469 3167 3533 3219 ἐκ
3567 3166 3736 3235 σπέρ-

2157 3273 2324 3328 ματος
2348 3256 2533 3322 Δαυῖδ,
2556 3256 2648 3309 τὸν
2674 3257 2738 3309 ἐκ
2765 3256 3025 3325 γυναικὸς
3060 3255 3203 3308 κατά
3243 3256 3442 3325 σάρκα,
3473 3255 3563 3309 τὸν
3612 3254 3732 3324 μεθ’

2152 3348 2311 3418 ἡμῶν
2366 3348 2471 3400 ὑπὸ
2519 3347 2686 3416 νόμον
2735 3346 2810 3410 ὡς
2862 3346 3170 3416 ἄνθρωπον,
3222 3345 3317 3398 καὶ
3369 3346 3509 3418 ὑπὲρ
3548 3347 3726 3417 ἡμᾶς,

2156 3436 2295 3507 ὑπὲρ
2346 3437 2510 3506 νόμον
2552 3435 2632 3497 ὡς
2677 3435 2833 3500 Θεὸν,
2884 3435 2977 3487 τὸν
3021 3436 3088 3489 δι’
3134 3436 3282 3506 ἡμᾶς
3330 3452 3412 3500 τε,
3463 3436 3558 3490 καὶ
3610 3436 3735 3490 καθ’

2155 3528 2322 3597 ἡμᾶς,
2379 3525 2499 3596 μεθ’
2553 3526 2711 3595 ἡμῶν
2758 3526 2816 3577 ἐν
2868 3527 3105 3596 νεκροῖς,
3154 3526 3245 3578 τὸν
3280 3526 3420 3596 ὑπὲρ
3468 3526 3616 3596 ἡμᾶς
3659 3525 3732 3577 δι’

2157 3618 2352 3689 ἑαυτὸν
2373 3615 2657 3683 ζωοποιὸν,
2688 3616 2782 3669 καὶ
2807 3615 2974 3686 ζωὴν,
2998 3616 3126 3671 Υἰὸν
3150 3613 3286 3670 εἶναι
3312 3617 3406 3669 τοῦ
3432 3614 3566 3668 Θεοῦ
3590 3617 3733 3671 κατά

2155 3707 2413 3778 ἀλήθειαν
2462 3705 2828 3775 πιστεύομεν·
2883 3703 3005 3758 οὔτε
3047 3704 3328 3775 ψιλοῦντες
3378 3702 3629 3775 θεότητος
3672 3704 3736 3758 τὸ

2154 3795 2514 3868 ἀνθρώπινον,
2541 3795 2665 3848 οὔτε
2690 3795 2797 3866 μὴν
2825 3794 3241 3866 ἀνθρωπότητος
3261 3794 3736 3864 ἀπαμφιεννύντες

2153 3887 2246 3941 τὸν
2272 3887 2444 3956 Λόγον
2492 3885 2634 3957 μετά
2678 3885 2777 3954 τὴν
2823 3886 3102 3957 άφραστόν
3132 3901 3194 3937 τε
3242 3884 3338 3940 καὶ
3376 3880 3735 3954 ἀτὲερινόητον

2153 3978 2346 4033 ἕνωσιν
2366 3995 2380 4011 ⁸
2412 3977 2533 4032 ἀλλ’
2565 3977 2662 4032 ἕνα
2698 3979 2792 4031 καὶ
2836 3978 2927 4031 τὸν
2956 3977 3119 4032 αὐτὸν
3144 3975 3533 4048 ὁμολογοῦντες
3580 3975 3730 4040 Υίὸν,

2153 4070 2217 4123 ἐκ
2241 4070 2387 4123 δυοῖν
2425 4070 2778 4140 πραγμάτοιν
2808 4070 2889 4131 είς
2917 4068 2977 4120 ἓν
3021 4085 3075 4121 τι
3103 4067 3195 4121 τὸν
3225 4067 3285 4131 ἐξ
3325 4067 3528 4137 ἀμφοῖν
3557 4067 3733 4138 ἀπορ-

2156 4160 2334 4230 ῥήτως
2378 4159 2746 4229 ἐκπεφηνότα,
2796 4157 2916 4212 καθ’
2948 4157 3142 4211 ἕνωσιν
3182 4157 3425 4227 δηλονότι
3454 4157 3555 4228 τὴν
3578 4158 3733 4212 ’ἀνω-

2154 4250 2320 4311 τάτω,
2351 4251 2445 4303 καὶ⁸
2480 4250 2540 4301 οὐ
2572 4248 2786 4316 φύσεως
2818 4248 3198 4320 παρατροπήν.

556 4425 719 4482 XLV.
756 4425 927 4482 Porro
958 4436 1140 4481 autem
1170 4436 1436 4496 quantum
1470 4428 1820 4483 emolumenti
1856 4429 1889 4484 ii
1925 4444 2047 4499 per-

2229 4433 2364 4486 ME’.
2405 4433 2568 4485 Ὅσον
2603 4431 2712 4501 γὰρ
2755 4431 2867 4492 τοῖς
2925 4426 3069 4481 οὕτω
3118 4425 3400 4491 δοξάζουσι
3450 4428 3734 4497 περιέσται

484 4520 693 4589 cepturi
716 4527 864 4585 sunt,
889 4518 980 4587 qui
1004 4518 1075 4571 ita
1098 4517 1361 4581 sentiunt.
1386 4518 1487 4572 hoc
1510 4518 1722 4573 divinus
1747 4518 1832 4574 ille
1855 4518 2056 4574 Christi

485 4609 779 4679 discipulus
814 4609 897 4665 his
924 4608 1107 4664 verbis
1137 4607 1381 4663 declarat
1412 4623 1427 4661 :
1465 4626 1485 4660 ι
1522 4609 1656 4676 Qui,
1692 4611 2059 4681 inquit,-con-

487 4705 660 4757 lessus
685 4699 867 4764 fuerit,
892 4703 1032 4770 quod
1054 4696 1211 4754 Iesus
1234 4708 1319 4755 est
1341 4697 1513 4754 Filius
1537 4699 1661 4767 Dei;
1688 4702 1741 4755 in
1766 4702 1865 4757 huc
1890 4703 2057 4770 Deus,

484 4803 537 4846 et
571 4795 686 4863 ipse
712 4792 951 4847 vicissim
981 4792 1034 4845 in
1070 4791 1178 4846 Deo
1210 4800 1391 4844 manet
1415 4791 1481 4843 5°.
1520 4809 1539 4843 ι
1575 4790 1727 4858 Quod
1759 4802 1936 4848 autem
1963 4791 2058 4849 Je-

488 4900 579 4939 sus
606 4883 1002 4951 Christus,-qui
1034 4882 1333 4938 secundum
1361 4896 1580 4937 carnem
1611 4898 1676 4938 ex
1707 4882 1874 4939 David
1903 4894 2059 4940 ortus

488 4981 591 5036 est,
618 4972 687 5025 sit
714 4986 872 5026 verus
898 4981 951 5025 et
980 4971 1242 5026 naturalis
1271 4969 1365 5026 Dei
1395 4970 1595 5038 Filius,
1624 4981 1894 5041 quatenus
1914 4970 2056 5028 Ver-

490 5065 614 5118 bum
642 5078 767 5116 caro
793 5061 991 5116 factum
1023 5062 1289 5116 habitavit
1315 5065 1366 5116 in
1395 5063 1550 5119 nobis
1575 5081 1587 5118 :
1613 5064 1755 5118 istud
1779 5062 1887 5135 42
1917 5064 2057 5118 idem

491 5154 578 5208 ille
602 5151 838 5208 Joannes
868 5152 1128 5223 ejusmodi
1159 5153 1407 5207 oratione
1433 5156 1687 5224 explanat
1718 5173 1731 5209 :
1766 5172 1786 5207 ‹
1821 5155 2057 5221 Scimus,

490 5248 598 5312 ait,
633 5247 887 5316 quoniam
925 5243 1092 5298 Filius
1129 5241 1224 5298 Dei
1263 5246 1441 5310 venit,
1475 5252 1529 5299 et
1562 5246 1706 5300 dedit
1741 5247 1898 5301 nobis
1930 5260 2059 5302 sen-

464 5354 629 5400 ‘sunt,
655 5348 712 5391 ut
736 5352 1123 5407 cognoscamus
1148 5350 1333 5390 verum
1364 5335 1555 5401 Deum,
1577 5338 1830 5392 etsimus
1856 5339 1910 5392 in
1933 5353 2060 5394 vero

491 5427 625 5482 Filio
653 5429 770 5497 ejus
798 5427 925 5482 Jesu
955 5426 1176 5481 Christo
1208 5445 1219 5480 :
1255 5427 1342 5480 hic
1372 5435 1456 5481 est
1482 5442 1643 5482 verus
1673 5427 1835 5495 Deus,
1867 5440 1921 5484 et
1947 5432 2059 5484 vita

488 5520 777 5572 aeterna“:
811 5538 830 5570 ι
862 5533 955 5586 per
978 5519 1148 5587 ipsum
1175 5526 1372 5571 etcum
1404 5518 1520 5587 ipso
1547 5518 1653 5573 Deo
1677 5516 1824 5572 Patri
1853 5520 1922 5574 sit
1946 5524 2060 5589 glo—

492 5609 588 5674 ria,
610 5624 729 5663 cum
756 5620 940 5664 sancto
962 5621 1018 5664 et
1042 5609 1314 5663 adorando
1336 5619 1389 5663 et
1415 5610 1628 5664 vivilico
1656 5611 1884 5679 Spiritu,
1910 5628 2058 5667 nunc

373 5769 378 5773 '
487 5709 541 5751 et
573 5716 784 5768 semper
812 5712 865 5753 et
902 5703 950 5755 in
988 5701 1181 5756 saecula
1219 5683 1559 5755 seculorum.
1593 5705 1783 5756 Amen.
1888 5722 1899 5731 ·

553 5812 599 5843 ⁸⁸
636 5810 789 5868 Joan.
820 5828 857 5877 ι,
898 5812 976 5865 i9.
1043 5815 1084 5846 ’τ
1111 5812 1266 5866 Joan.
1312 5829 1427 5879 ιιιιι,
1454 5814 1537 5867 l5.
1615 5814 1659 5845 "‘
1691 5817 1807 5869 Act.
1843 5831 1926 5879 ιιι,
1956 5817 2009 5871 9.

2164 5819 2281 5872 Act.
2336 5835 2409 5887 ιχ,
2442 5820 2529 5873 50.
2609 5819 2652 5850 ⁶⁰
2687 5818 2877 5880 Hann.
2917 5837 2989 5883 tv,
3031 5820 3112 5874 l5.

2158 4524 2219 4576 τὸ
2248 4523 2457 4593 κέρδος,
2483 4524 2734 4591 σαφηνιεί
2755 4520 2983 4591 γράφων
3010 4520 3039 4572 6
3064 4507 3416 4589 τοῦΧριστοῦ
3447 4517 3695 4588 μαθητής
3715 4530 3730 4547 ·

2166 4633 2184 4665 ι
2228 4616 2324 4676 Ὃς
2364 4612 2430 4667 ἀν
2477 4612 2806 4683 ὁμολογήσῃ,
2858 4613 2940 4664 ὅτι
2973 4609 3181 4681 Ἰησοῦς
3223 4611 3371 4663 ἐστιν
3410 4611 3441 4663 ὀ
3480 4610 3607 4673 Υἱὸς
3634 4609 3734 4663 τοῦ

2158 4705 2316 4769 Θεοῦ,
2347 4708 2375 4760 6
2402 4704 2534 4767 Θεὸς
2557 4706 2616 4756 ἐν
2637 4701 2786 4773 αὐτῷ
2817 4703 2989 4774 μένει,
3027 4703 3124 4756 καὶ
3151 4694 3306 4765 οὗτος
3334 4703 3392 4755 ἐν
3417 4700 3496 4771 τῷ
3531 4699 3671 4769 Θεῷ.
3710 4718 3730 4750 ι

2161 4799 2283 4851 Ὄσι
2330 4798 2388 4850 δὲ
2443 4796 2652 4867 Ἰησοῦς
2694 4794 2930 4868 Χριστὸς
2974 4796 3004 4849 6
3040 4798 3105 4850 ἐκ
3151 4793 3317 4849 Δαυῒδ
3345 4791 3486 4846 κατά
3530 4793 3734 4862 σάρκα,

2160 4886 2299 4941 κατά
2327 4885 2487 4955 φύσιν
2524 4886 2618 4939 καὶ
2662 4885 2881 4957 ἀληθῶς
2926 4888 3074 4940 ἐστιν
3115 4886 3241 4949 re;
3266 4883 3363 4938 τοῦ
3392 4882 3551 4949 Θεοῦ,
3595 4883 3737 4938 καθὸ

2160 4978 2349 5046 γέγονε
2379 4976 2572 5047 σάρξό
2608 4977 2802 5045 Λόγος,
2836 4977 2933 5031 καὶ
2962 4979 3270 5049 ἐσκήνωσεν
3296 4977 3354 5028 ἐν
3374 4976 3529 5046 ἡμῖν,
3562 4991 3739 5029 κατα-

2161 5069 2419 5138 σφραγιεῖ
2459 5066 2634 5137 λέγων
2678 5069 2708 5120 6
2754 5068 2915 5138 σοφὸς
2972 5067 3223 5137 Ἰωάννης
3247 5084 3260 5096 ·
3294 5084 3317 5118 ι
3358 5066 3470 5119 Καὶ
3513 5065 3739 5135 οἴδαμεν

2158 5159 2240 5212 ὅτι
2269 5158 2397 5223 Υἱὸς
2432 5158 2527 5213 τοῦ
2558 5158 2693 5213 Θεοῦ
2737 5160 2886 5231 ἥκει,
2938 5160 3032 5213 καὶ⁵
3080 5157 3280 5211 ἔδωκεν
3316 5159 3450 5228 ἡμῖν
3477 5156 3736 5219 διάνοιαν,

2162 5251 2249 5304 ἵνα
2277 5250 2633 5323 γινώσκωμεν
2658 5253 2750 5305 τὸν
2780 5252 3032 5323 ἀληθινὸν
3058 5250 3209 5305 Θεόν.
3240 5251 3351 5306 Καὶ
3379 5248 3543 5319 ἐσμὲν
3572 5250 3630 5301 ἐν
3659 5247 3740 5318 τῷ

2159 5340 2418 5411 ἀληθινῷ,
2464 5343 2527 5396 ἐν
2570 5340 2649 5411 τῷ
2703 5340 2802 5411 υἱῷ
2848 5339 3014 5394 αὐτοῦ
3058 5339 3234 5410 Ἰησοῦ
3281 5335 3521 5408 Χριστῷ.
3568 5326 3740 5393 Οὗτός

2160 5434 2308 5485 ἐστιν
2329 5435 2358 5485 6
2374 5432 2624 5504 ἀληθινὸς
2646 5432 2799 5496 Θεὸς,
2823 5432 2915 5485 καὶ
2936 5430 3049 5502 ζωὴ
3089 5432 3305 5493 αἰώνιος
3323 5445 3339 5460 ·
3365 5427 3459 5482 καὶ
3480 5425 3549 5479 δι’
3571 5422 3738 5477 αὐτοῦ

2159 5539 2218 5574 τε
2250 5523 2344 5576 καὶ
2376 5523 2471 5575 σὺν
2501 5523 2651 5592 αὐτῷ
2679 5522 2758 5593 τῷ
2789 5522 2965 5593 Πατρ“ι
3002 5524 3096 5575 καὶ
3122 5523 3241 5593 Θεῴ
3266 5524 3299 5593 ἡ
3341 5521 3489 5585 δόξα,
3523 5519 3620 5573 σὺν
3640 5517 3740 5585 σῷ

2160 5616 2321 5687 ἁγίῳ,
2354 5617 2449 5669 καὶ
2481 5614 2861 5686 προσκυνητῷ,
2910 5615 3003 5666 καὶ
3033 5613 3283 5684 ζωοποιῷ
3316 5613 3615 5681 Πνεύματι,
3645 5607 3740 5661 νῦν

2162 5708 2256 5760 καὶ
2281 5709 2385 5773 ἀεὶ,
2418 5708 2511 5759 καὶ
2543 5708 2622 5769 εἰς
2651 5707 2777 5770 τοὺς
2806 5706 3007 5769 αἰῶνας
3036 5706 3143 5758 τῶν
3173 5704 3405 5758 αἰώνων.
3452 5703 3648 5772 Ἀμήν.

3212 5820 3253 5849 ⁶¹
3292 5817 3491 5872 lJoan.
3529 5831 3615 5884 ιιι,
3647 5813 3737 5869 20.
