  <div class='ocr_page' id='page_1' title='image "/cluster/home/n/w/nwhite01/storage/ocr_20150623/76:no.9/coo.31924054869775/608.png"; bbox 0 0 4060 6436; ppageno 0'>
   <div class='ocr_carea' id='block_1_1' title="bbox 340 414 463 469">
    <p class='ocr_par' dir='ltr' id='par_1_1' title="bbox 340 414 463 469">
     <span class='ocr_line' id='line_1_1' title="bbox 340 414 463 469; baseline 0 -2"><span class='ocrx_word' id='word_1_1' title='bbox 340 414 463 469; x_wconf 70' lang='grc' dir='ltr'><strong>ιεοι</strong></span> 
     </span>
    </p>
   </div>
   <div class='ocr_carea' id='block_1_2' title="bbox 1439 414 2480 477">
    <p class='ocr_par' dir='ltr' id='par_1_2' title="bbox 1439 414 2480 477">
     <span class='ocr_line' id='line_1_2' title="bbox 1439 414 2480 477; baseline -0.005 0"><span class='ocrx_word' id='word_1_2' title='bbox 1439 418 1530 477; x_wconf 79' lang='lat' dir='ltr'><strong>DE</strong></span> <span class='ocrx_word' id='word_1_3' title='bbox 1564 415 1793 476; x_wconf 82' lang='lat' dir='ltr'><strong>RECTA</strong></span> <span class='ocrx_word' id='word_1_4' title='bbox 1836 414 1991 470; x_wconf 83' lang='lat' dir='ltr'><strong>FIDE</strong></span> <span class='ocrx_word' id='word_1_5' title='bbox 2029 415 2120 469; x_wconf 80' lang='lat' dir='ltr'><strong>AD</strong></span> <span class='ocrx_word' id='word_1_6' title='bbox 2164 415 2480 472; x_wconf 75' lang='lat' dir='ltr'><strong>REGINAS.</strong></span> 
     </span>
    </p>
   </div>
   <div class='ocr_carea' id='block_1_3' title="bbox 3437 407 3588 465">
    <p class='ocr_par' dir='ltr' id='par_1_3' title="bbox 3437 407 3588 465">
     <span class='ocr_line' id='line_1_3' title="bbox 3437 407 3588 465; baseline 0 -3"><span class='ocrx_word' id='word_1_7' title='bbox 3437 407 3588 465; x_wconf 65' lang='lat'><strong>1202-</strong></span> 
     </span>
    </p>
   </div>
   <div class='ocr_carea' id='block_1_4' title="bbox 1574 719 2355 839">
    <p class='ocr_par' dir='ltr' id='par_1_4' title="bbox 1574 719 2355 839">
     <span class='ocr_line' id='line_1_4' title="bbox 1574 719 2355 839; baseline 0.003 -2"><span class='ocrx_word' id='word_1_8' title='bbox 1574 719 2355 839; x_wconf 85' lang='grc' dir='ltr'><strong>ΚΥΡΙΛΛΟΥ</strong></span> 
     </span>
    </p>
   </div>
   <div class='ocr_carea' id='block_1_5' title="bbox 1302 936 2503 997">
    <p class='ocr_par' dir='ltr' id='par_1_5' title="bbox 1302 936 2503 997">
     <span class='ocr_line' id='line_1_5' title="bbox 1302 936 2503 997; baseline -0.001 -4"><span class='ocrx_word' id='word_1_9' title='bbox 1302 963 1306 967; x_wconf 45' lang='grc'><em>⁴</em></span> <span class='ocrx_word' id='word_1_10' title='bbox 1372 937 1937 997; x_wconf 77' lang='grc' dir='ltr'><strong>ΑΡΧΙΕΠΙΣΚΟΠΟΥ</strong></span> <span class='ocrx_word' id='word_1_11' title='bbox 1988 936 2503 993; x_wconf 70' lang='grc' dir='ltr'><strong>ΑΛΕΞΑΝΔΡΕῘᾹΣ</strong></span> 
     </span>
    </p>
   </div>
   <div class='ocr_carea' id='block_1_6' title="bbox 1472 1123 2423 1213">
    <p class='ocr_par' dir='ltr' id='par_1_6' title="bbox 1472 1123 2423 1213">
     <span class='ocr_line' id='line_1_6' title="bbox 1472 1123 2423 1213; baseline -0.004 -4"><span class='ocrx_word' id='word_1_12' title='bbox 1472 1123 2423 1213; x_wconf 84' lang='grc' dir='ltr'><strong>ΠΡΟΣΦΩΝΗΤΙΚΟΣ</strong></span> 
     </span>
    </p>
   </div>
   <div class='ocr_carea' id='block_1_7' title="bbox 1162 1300 2729 1359">
    <p class='ocr_par' dir='ltr' id='par_1_7' title="bbox 1162 1300 2729 1359">
     <span class='ocr_line' id='line_1_7' title="bbox 1162 1300 2729 1359; baseline 0.003 -6"><span class='ocrx_word' id='word_1_13' title='bbox 1162 1300 1359 1356; x_wconf 72' lang='grc' dir='ltr'><strong>ΤΑΙΣ</strong></span> <span class='ocrx_word' id='word_1_14' title='bbox 1414 1300 2120 1355; x_wconf 78' lang='grc' dir='ltr'><strong>ΕΥΣΕΒΕΣΤΑΤΑῙΣ</strong></span> <span class='ocrx_word' id='word_1_15' title='bbox 2172 1302 2729 1359; x_wconf 65' lang='grc' dir='ltr'><strong>ΒΔΣἉΔΙΣΣΛΙΣ.</strong></span> 
     </span>
    </p>
   </div>
   <div class='ocr_carea' id='block_1_8' title="bbox 1932 1488 2001 1496">
    <p class='ocr_par' dir='ltr' id='par_1_8' title="bbox 1932 1488 2001 1496">
     <span class='ocr_line' id='line_1_8' title="bbox 1932 1488 2001 1496; baseline 0 0"><span class='ocrx_word' id='word_1_16' title='bbox 1932 1488 2001 1496; x_wconf 72' lang='grc' dir='ltr'><strong>ε--ι</strong></span> 
     </span>
    </p>
   </div>
   <div class='ocr_carea' id='block_1_9' title="bbox 1677 1634 2256 1788">
    <p class='ocr_par' dir='ltr' id='par_1_9' title="bbox 1677 1634 2256 1788">
     <span class='ocr_line' id='line_1_9' title="bbox 1677 1634 2256 1788; baseline 0.003 -42"><span class='ocrx_word' id='word_1_17' title='bbox 1677 1634 2256 1788; x_wconf 79' lang='lat' dir='ltr'><strong>CYRILLI</strong></span> 
     </span>
    </p>
   </div>
   <div class='ocr_carea' id='block_1_10' title="bbox 1435 1806 2454 1909">
    <p class='ocr_par' dir='ltr' id='par_1_10' title="bbox 1435 1806 2454 1909">
     <span class='ocr_line' id='line_1_10' title="bbox 1435 1806 2454 1909; baseline 0.002 -5"><span class='ocrx_word' id='word_1_18' title='bbox 1435 1806 1952 1909; x_wconf 72' lang='lat' dir='ltr'><strong>ARCHIEPISCOPl</strong></span> <span class='ocrx_word' id='word_1_19' title='bbox 1990 1851 2454 1908; x_wconf 77' lang='lat' dir='ltr'><strong>ALEXANDRlNI</strong></span> 
     </span>
    </p>
   </div>
   <div class='ocr_carea' id='block_1_11' title="bbox 1760 2026 2106 2113">
    <p class='ocr_par' dir='ltr' id='par_1_11' title="bbox 1760 2026 2106 2113">
     <span class='ocr_line' id='line_1_11' title="bbox 1760 2026 2106 2113; baseline 0.009 -3"><span class='ocrx_word' id='word_1_20' title='bbox 1760 2026 2106 2113; x_wconf 72' lang='lat' dir='ltr'><strong>LIBER</strong></span> 
     </span>
    </p>
   </div>
   <div class='ocr_carea' id='block_1_12' title="bbox 1320 2214 2582 2295">
    <p class='ocr_par' dir='ltr' id='par_1_12' title="bbox 1320 2214 2582 2295">
     <span class='ocr_line' id='line_1_12' title="bbox 1320 2214 2582 2295; baseline 0.004 -21"><span class='ocrx_word' id='word_1_21' title='bbox 1320 2214 1823 2292; x_wconf 80' lang='lat' dir='ltr'><strong>Religiosissimis</strong></span> <span class='ocrx_word' id='word_1_22' title='bbox 1866 2215 2122 2293; x_wconf 82' lang='lat' dir='ltr'><strong>Reginis</strong></span> <span class='ocrx_word' id='word_1_23' title='bbox 2166 2223 2582 2295; x_wconf 81' lang='lat' dir='ltr'><strong>nuncupatus.</strong></span> 
     </span>
    </p>
   </div>
   <div class='ocr_carea' id='block_1_13' title="bbox 398 2547 1931 2623">
    <p class='ocr_par' dir='ltr' id='par_1_13' title="bbox 398 2547 1903 2621">
     <span class='ocr_line' id='line_1_13' title="bbox 398 2547 1903 2621; baseline 0 -18"><span class='ocrx_word' id='word_1_24' title='bbox 398 2550 480 2604; x_wconf 76' lang='lat' dir='ltr'><strong>A&#39;.</strong></span> <span class='ocrx_word' id='word_1_25' title='bbox 522 2547 914 2620; x_wconf 81' lang='grc' dir='ltr'><strong>Σεμνολόγημα</strong></span> <span class='ocrx_word' id='word_1_26' title='bbox 960 2548 1059 2620; x_wconf 78' lang='grc' dir='ltr'><strong>μὲν</strong></span> <span class='ocrx_word' id='word_1_27' title='bbox 1095 2549 1491 2620; x_wconf 81' lang='grc' dir='ltr'><strong>οἱκουμενικὸν,</strong></span> <span class='ocrx_word' id='word_1_28' title='bbox 1541 2549 1804 2621; x_wconf 81' lang='grc' dir='ltr'><strong>καύχημα</strong></span> <span class='ocrx_word' id='word_1_29' title='bbox 1845 2551 1903 2603; x_wconf 83' lang='grc' dir='ltr'><strong>δὲ</strong></span> 
     </span>
    </p>
   </div>
   <div class='ocr_carea' id='block_1_14' title="bbox 2003 2547 3569 2623">
    <p class='ocr_par' dir='ltr' id='par_1_14' title="bbox 2080 2551 3569 2623">
     <span class='ocr_line' id='line_1_14' title="bbox 2080 2551 3569 2623; baseline 0.004 -19"><span class='ocrx_word' id='word_1_30' title='bbox 2080 2552 2120 2604; x_wconf 91' lang='lat' dir='ltr'><strong>l.</strong></span> <span class='ocrx_word' id='word_1_31' title='bbox 2155 2551 2294 2605; x_wconf 85' lang='lat' dir='ltr'><strong>Sane</strong></span> <span class='ocrx_word' id='word_1_32' title='bbox 2319 2565 2411 2605; x_wconf 82' lang='lat' dir='ltr'><strong>ros</strong></span> <span class='ocrx_word' id='word_1_33' title='bbox 2435 2566 2622 2607; x_wconf 85' lang='lat' dir='ltr'><strong>sacras</strong></span> <span class='ocrx_word' id='word_1_34' title='bbox 2645 2553 3085 2623; x_wconf 87' lang='lat' dir='ltr'><strong>castissimasquc</strong></span> <span class='ocrx_word' id='word_1_35' title='bbox 3106 2552 3307 2609; x_wconf 78' lang='lat' dir='ltr'><strong>Christi</strong></span> <span class='ocrx_word' id='word_1_36' title='bbox 3331 2554 3569 2611; x_wconf 88' lang='lat' dir='ltr'><strong>omnium</strong></span> 
     </span>
    </p>
   </div>
   <div class='ocr_carea' id='block_1_15' title="bbox 326 2639 1915 2712">
    <p class='ocr_par' dir='ltr' id='par_1_15' title="bbox 326 2639 1915 2712">
     <span class='ocr_line' id='line_1_15' title="bbox 326 2639 1915 2712; baseline -0.002 -16"><span class='ocrx_word' id='word_1_37' title='bbox 326 2641 438 2696; x_wconf 87' lang='grc' dir='ltr'><strong>τῶν</strong></span> <span class='ocrx_word' id='word_1_38' title='bbox 467 2640 638 2711; x_wconf 87' lang='grc' dir='ltr'><strong>ἀγίων</strong></span> <span class='ocrx_word' id='word_1_39' title='bbox 681 2639 1016 2711; x_wconf 85' lang='grc' dir='ltr'><strong>Ἐκκλησιῶν</strong></span> <span class='ocrx_word' id='word_1_40' title='bbox 1051 2641 1151 2695; x_wconf 91' lang='grc' dir='ltr'><strong>τοῦ</strong></span> <span class='ocrx_word' id='word_1_41' title='bbox 1198 2642 1417 2695; x_wconf 83' lang='grc' dir='ltr'><strong>πάντων</strong></span> <span class='ocrx_word' id='word_1_42' title='bbox 1467 2642 1716 2712; x_wconf 81' lang='grc' dir='ltr'><strong>Σωτῆρος</strong></span> <span class='ocrx_word' id='word_1_43' title='bbox 1743 2641 1915 2712; x_wconf 77' lang='grc' dir='ltr'><strong>ήμῶν-</strong></span> 
     </span>
    </p>
   </div>
   <div class='ocr_carea' id='block_1_16' title="bbox 339 2730 1903 2803">
    <p class='ocr_par' dir='ltr' id='par_1_16' title="bbox 339 2730 1903 2803">
     <span class='ocr_line' id='line_1_16' title="bbox 339 2730 1903 2803; baseline -0.002 -17"><span class='ocrx_word' id='word_1_44' title='bbox 339 2732 517 2803; x_wconf 88' lang='grc' dir='ltr'><strong>Ἰησοῦ</strong></span> <span class='ocrx_word' id='word_1_45' title='bbox 543 2730 778 2802; x_wconf 79' lang='grc' dir='ltr'><strong>Χριστοῦ</strong></span> <span class='ocrx_word' id='word_1_46' title='bbox 809 2732 942 2803; x_wconf 86' lang='grc' dir='ltr'><strong>φαίη</strong></span> <span class='ocrx_word' id='word_1_47' title='bbox 970 2750 1050 2795; x_wconf 88' lang='grc' dir='ltr'><strong>τις</strong></span> <span class='ocrx_word' id='word_1_48' title='bbox 1073 2732 1160 2794; x_wconf 81' lang='grc' dir='ltr'><strong>ἂν,</strong></span> <span class='ocrx_word' id='word_1_49' title='bbox 1195 2733 1290 2785; x_wconf 69' lang='grc' dir='ltr'><strong>καὶ</strong></span> <span class='ocrx_word' id='word_1_50' title='bbox 1322 2732 1468 2802; x_wconf 83' lang='grc' dir='ltr'><strong>μάλα</strong></span> <span class='ocrx_word' id='word_1_51' title='bbox 1490 2731 1733 2796; x_wconf 78' lang='grc' dir='ltr'><strong>εἰκότως,</strong></span> <span class='ocrx_word' id='word_1_52' title='bbox 1758 2732 1903 2801; x_wconf 78' lang='grc' dir='ltr'><strong>ὑμᾶς</strong></span> 
     </span>
    </p>
   </div>
   <div class='ocr_carea' id='block_1_17' title="bbox 327 2818 1904 2895">
    <p class='ocr_par' dir='ltr' id='par_1_17' title="bbox 327 2818 1904 2895">
     <span class='ocr_line' id='line_1_17' title="bbox 327 2818 1904 2895; baseline -0.002 -19"><span class='ocrx_word' id='word_1_53' title='bbox 327 2823 393 2894; x_wconf 84' lang='grc' dir='ltr'><strong>δὴ</strong></span> <span class='ocrx_word' id='word_1_54' title='bbox 416 2824 516 2886; x_wconf 82' lang='grc' dir='ltr'><strong>τὰς</strong></span> <span class='ocrx_word' id='word_1_55' title='bbox 548 2822 698 2895; x_wconf 83' lang='grc' dir='ltr'><strong>ίεράς</strong></span> <span class='ocrx_word' id='word_1_56' title='bbox 733 2823 827 2877; x_wconf 66' lang='grc' dir='ltr'><strong>καὶ⁵</strong></span> <span class='ocrx_word' id='word_1_57' title='bbox 869 2824 1177 2891; x_wconf 86' lang='grc' dir='ltr'><strong>πανάγνους</strong></span> <span class='ocrx_word' id='word_1_58' title='bbox 1222 2823 1386 2875; x_wconf 84' lang='grc' dir='ltr'><strong>αὐτοῦ</strong></span> <span class='ocrx_word' id='word_1_59' title='bbox 1408 2818 1648 2892; x_wconf 83' lang='grc' dir='ltr'><strong>νύμφας,</strong></span> <span class='ocrx_word' id='word_1_60' title='bbox 1683 2821 1904 2874; x_wconf 78' lang='grc' dir='ltr'><strong>εὐσεϐέ-</strong></span> 
     </span>
    </p>
   </div>
   <div class='ocr_carea' id='block_1_18' title="bbox 332 2906 1903 2983">
    <p class='ocr_par' dir='ltr' id='par_1_18' title="bbox 332 2906 1903 2983">
     <span class='ocr_line' id='line_1_18' title="bbox 332 2906 1903 2983; baseline -0.003 -17"><span class='ocrx_word' id='word_1_61' title='bbox 332 2930 524 2968; x_wconf 86' lang='grc' dir='ltr'><strong>σταται</strong></span> <span class='ocrx_word' id='word_1_62' title='bbox 565 2915 660 2968; x_wconf 85' lang='grc' dir='ltr'><strong>καὶ</strong></span> <span class='ocrx_word' id='word_1_63' title='bbox 689 2913 1099 2983; x_wconf 82' lang='grc' dir='ltr'><strong>θεοφιλέσταται</strong></span> <span class='ocrx_word' id='word_1_64' title='bbox 1135 2912 1423 2982; x_wconf 84' lang='grc' dir='ltr'><strong>βασιλίδες,</strong></span> <span class='ocrx_word' id='word_1_65' title='bbox 1454 2906 1542 2975; x_wconf 79' lang='grc' dir='ltr'><strong>αἷς</strong></span> <span class='ocrx_word' id='word_1_66' title='bbox 1568 2912 1627 2964; x_wconf 87' lang='grc' dir='ltr'><strong>τὸ</strong></span> <span class='ocrx_word' id='word_1_67' title='bbox 1657 2910 1903 2981; x_wconf 79' lang='grc' dir='ltr'><strong>παμποί-</strong></span> 
     </span>
    </p>
   </div>
   <div class='ocr_carea' id='block_1_19' title="bbox 326 3002 1902 3076">
    <p class='ocr_par' dir='ltr' id='par_1_19' title="bbox 326 3002 1902 3076">
     <span class='ocr_line' id='line_1_19' title="bbox 326 3002 1902 3076; baseline -0.003 -17"><span class='ocrx_word' id='word_1_68' title='bbox 326 3004 478 3059; x_wconf 80' lang='grc' dir='ltr'><strong>κιλον</strong></span> <span class='ocrx_word' id='word_1_69' title='bbox 508 3005 610 3075; x_wconf 84' lang='grc' dir='ltr'><strong>τῆς</strong></span> <span class='ocrx_word' id='word_1_70' title='bbox 633 3006 833 3076; x_wconf 85' lang='grc' dir='ltr'><strong>ἀρετῆς</strong></span> <span class='ocrx_word' id='word_1_71' title='bbox 860 3004 1307 3074; x_wconf 81' lang='grc' dir='ltr'><strong>ἐναπαστράπτει-</strong></span> <span class='ocrx_word' id='word_1_72' title='bbox 1331 3004 1544 3068; x_wconf 84' lang='grc' dir='ltr'><strong>κάλλος,</strong></span> <span class='ocrx_word' id='word_1_73' title='bbox 1574 3003 1634 3055; x_wconf 84' lang='grc' dir='ltr'><strong>τὸ</strong></span> <span class='ocrx_word' id='word_1_74' title='bbox 1660 3005 1773 3065; x_wconf 83' lang='grc' dir='ltr'><strong>τοῖς</strong></span> <span class='ocrx_word' id='word_1_75' title='bbox 1800 3002 1902 3071; x_wconf 83' lang='grc' dir='ltr'><strong>τῆς</strong></span> 
     </span>
    </p>
   </div>
   <div class='ocr_carea' id='block_1_20' title="bbox 326 3093 1901 3166">
    <p class='ocr_par' dir='ltr' id='par_1_20' title="bbox 326 3093 1901 3166">
     <span class='ocr_line' id='line_1_20' title="bbox 326 3093 1901 3166; baseline -0.001 -19"><span class='ocrx_word' id='word_1_76' title='bbox 326 3093 583 3165; x_wconf 82' lang='grc' dir='ltr'><strong>θεότητος</strong></span> <span class='ocrx_word' id='word_1_77' title='bbox 619 3094 919 3166; x_wconf 82' lang='grc' dir='ltr'><strong>ὀφθαλμοῖς</strong></span> <span class='ocrx_word' id='word_1_78' title='bbox 948 3094 1042 3166; x_wconf 80' lang='grc' dir='ltr'><strong>ἡδύ</strong></span> <span class='ocrx_word' id='word_1_79' title='bbox 1075 3111 1135 3147; x_wconf 90' lang='grc' dir='ltr'><strong>τε</strong></span> <span class='ocrx_word' id='word_1_80' title='bbox 1187 3096 1279 3148; x_wconf 87' lang='grc' dir='ltr'><strong>καί</strong></span> <span class='ocrx_word' id='word_1_81' title='bbox 1305 3093 1730 3164; x_wconf 80' lang='grc' dir='ltr'><strong>γνωριμώτατον</strong></span> <span class='ocrx_word' id='word_1_82' title='bbox 1751 3110 1764 3123; x_wconf 91' lang='grc'><strong>·</strong></span> <span class='ocrx_word' id='word_1_83' title='bbox 1802 3110 1901 3164; x_wconf 80' lang='grc' dir='ltr'><strong>με·-</strong></span> 
     </span>
    </p>
   </div>
   <div class='ocr_carea' id='block_1_21' title="bbox 323 3183 1902 3256">
    <p class='ocr_par' dir='ltr' id='par_1_21' title="bbox 323 3183 1902 3256">
     <span class='ocr_line' id='line_1_21' title="bbox 323 3183 1902 3256; baseline -0.001 -18"><span class='ocrx_word' id='word_1_84' title='bbox 323 3185 458 3255; x_wconf 80' lang='grc' dir='ltr'><strong>λέτῃ</strong></span> <span class='ocrx_word' id='word_1_85' title='bbox 487 3186 543 3238; x_wconf 85' lang='grc' dir='ltr'><strong>δὲ</strong></span> <span class='ocrx_word' id='word_1_86' title='bbox 568 3186 663 3238; x_wconf 77' lang='grc' dir='ltr'><strong>καὶ</strong></span> <span class='ocrx_word' id='word_1_87' title='bbox 703 3185 905 3256; x_wconf 80' lang='grc' dir='ltr'><strong>σπουδῇ</strong></span> <span class='ocrx_word' id='word_1_88' title='bbox 941 3184 1140 3255; x_wconf 79' lang='grc' dir='ltr'><strong>μᾶλλον</strong></span> <span class='ocrx_word' id='word_1_89' title='bbox 1168 3185 1225 3238; x_wconf 87' lang='grc' dir='ltr'><strong>δὲ</strong></span> <span class='ocrx_word' id='word_1_90' title='bbox 1258 3185 1357 3256; x_wconf 75' lang='grc' dir='ltr'><strong>ήδη</strong></span> <span class='ocrx_word' id='word_1_91' title='bbox 1390 3183 1770 3255; x_wconf 76' lang='grc' dir='ltr'><strong>κατώρθωται,</strong></span> <span class='ocrx_word' id='word_1_92' title='bbox 1809 3184 1902 3237; x_wconf 80' lang='grc' dir='ltr'><strong>καὶ</strong></span> 
     </span>
    </p>
   </div>
   <div class='ocr_carea' id='block_1_22' title="bbox 322 3274 1902 3347">
    <p class='ocr_par' dir='ltr' id='par_1_22' title="bbox 322 3274 1902 3347">
     <span class='ocr_line' id='line_1_22' title="bbox 322 3274 1902 3347; baseline -0.001 -16"><span class='ocrx_word' id='word_1_93' title='bbox 322 3276 391 3346; x_wconf 83' lang='grc' dir='ltr'><strong>δὴ</strong></span> <span class='ocrx_word' id='word_1_94' title='bbox 440 3275 500 3326; x_wconf 83' lang='grc' dir='ltr'><strong>ὲν</strong></span> <span class='ocrx_word' id='word_1_95' title='bbox 552 3274 736 3328; x_wconf 80' lang='grc' dir='ltr'><strong>πίστει</strong></span> <span class='ocrx_word' id='word_1_96' title='bbox 773 3275 1064 3346; x_wconf 82' lang='grc' dir='ltr'><strong>διαπρέπει</strong></span> <span class='ocrx_word' id='word_1_97' title='bbox 1110 3275 1265 3346; x_wconf 82' lang='grc' dir='ltr'><strong>όρθῇ,</strong></span> <span class='ocrx_word' id='word_1_98' title='bbox 1319 3275 1439 3328; x_wconf 85' lang='grc' dir='ltr'><strong>κατ’</strong></span> <span class='ocrx_word' id='word_1_99' title='bbox 1470 3276 1656 3329; x_wconf 83' lang='grc' dir='ltr'><strong>οὐδένα</strong></span> <span class='ocrx_word' id='word_1_100' title='bbox 1704 3276 1902 3347; x_wconf 84' lang='grc' dir='ltr'><strong>τρόπον</strong></span> 
     </span>
    </p>
   </div>
   <div class='ocr_carea' id='block_1_23' title="bbox 325 3366 1902 3439">
    <p class='ocr_par' dir='ltr' id='par_1_23' title="bbox 325 3366 1902 3439">
     <span class='ocr_line' id='line_1_23' title="bbox 325 3366 1902 3439; baseline 0 -19"><span class='ocrx_word' id='word_1_101' title='bbox 325 3367 722 3439; x_wconf 82' lang='grc' dir='ltr'><strong>σεσαλευμένῃ.</strong></span> <span class='ocrx_word' id='word_1_102' title='bbox 771 3368 1002 3438; x_wconf 83' lang='grc' dir='ltr'><strong>Γράφων</strong></span> <span class='ocrx_word' id='word_1_103' title='bbox 1044 3368 1100 3421; x_wconf 84' lang='grc' dir='ltr'><em>δέ</em></span> <span class='ocrx_word' id='word_1_104' title='bbox 1153 3366 1254 3421; x_wconf 85' lang='grc' dir='ltr'><strong>πού</strong></span> <span class='ocrx_word' id='word_1_105' title='bbox 1305 3384 1469 3436; x_wconf 86' lang='grc' dir='ltr'><strong>φησιν</strong></span> <span class='ocrx_word' id='word_1_106' title='bbox 1516 3369 1545 3420; x_wconf 85' lang='grc' dir='ltr'><strong>ὁ</strong></span> <span class='ocrx_word' id='word_1_107' title='bbox 1597 3368 1902 3437; x_wconf 78' lang='grc' dir='ltr'><strong>σοφώτατος</strong></span> 
     </span>
    </p>
   </div>
   <div class='ocr_carea' id='block_1_24' title="bbox 325 3456 1925 3528">
    <p class='ocr_par' dir='ltr' id='par_1_24' title="bbox 325 3456 1925 3528">
     <span class='ocr_line' id='line_1_24' title="bbox 325 3456 1925 3528; baseline -0.003 -15"><span class='ocrx_word' id='word_1_108' title='bbox 325 3458 539 3521; x_wconf 80' lang='grc' dir='ltr'><strong>Παῦλος</strong></span> <span class='ocrx_word' id='word_1_109' title='bbox 568 3457 884 3528; x_wconf 69' lang='grc' dir='ltr'><strong>ὀνομασθείς</strong></span> <span class='ocrx_word' id='word_1_110' title='bbox 914 3456 1150 3527; x_wconf 83' lang='grc' dir='ltr'><strong>ἀληθῶς,</strong></span> <span class='ocrx_word' id='word_1_111' title='bbox 1180 3459 1275 3511; x_wconf 80' lang='grc' dir='ltr'><strong>καὶ</strong></span> <span class='ocrx_word' id='word_1_112' title='bbox 1312 3458 1372 3510; x_wconf 80' lang='grc' dir='ltr'><strong>τὸ</strong></span> <span class='ocrx_word' id='word_1_113' title='bbox 1400 3457 1495 3511; x_wconf 90' lang='grc' dir='ltr'><strong>τοῦ</strong></span> <span class='ocrx_word' id='word_1_114' title='bbox 1527 3457 1763 3527; x_wconf 82' lang='grc' dir='ltr'><strong>Χριστοῦ</strong></span> <span class='ocrx_word' id='word_1_115' title='bbox 1792 3461 1925 3522; x_wconf 63' lang='grc' dir='ltr'><strong>τοῖς»</strong></span> 
     </span>
    </p>
   </div>
   <div class='ocr_carea' id='block_1_25' title="bbox 324 3548 1903 3619">
    <p class='ocr_par' dir='ltr' id='par_1_25' title="bbox 324 3548 1903 3619">
     <span class='ocr_line' id='line_1_25' title="bbox 324 3548 1903 3619; baseline -0.001 -17"><span class='ocrx_word' id='word_1_116' title='bbox 324 3549 537 3602; x_wconf 73' lang='grc' dir='ltr'><strong>ἔθνεσιν</strong></span> <span class='ocrx_word' id='word_1_117' title='bbox 590 3549 948 3619; x_wconf 79' lang='grc' dir='ltr'><strong>ἱερουργήσας</strong></span> <span class='ocrx_word' id='word_1_118' title='bbox 998 3549 1325 3618; x_wconf 82' lang='grc' dir='ltr'><strong>μυστήριον·</strong></span> <span class='ocrx_word' id='word_1_119' title='bbox 1383 3566 1401 3599; x_wconf 80' lang='grc' dir='ltr'><strong>ι</strong></span> <span class='ocrx_word' id='word_1_120' title='bbox 1454 3548 1638 3614; x_wconf 80' lang='grc' dir='ltr'><strong>Ὥστε,</strong></span> <span class='ocrx_word' id='word_1_121' title='bbox 1688 3548 1903 3616; x_wconf 86' lang='grc' dir='ltr'><strong>ἀδελφοί</strong></span> 
     </span>
    </p>
   </div>
   <div class='ocr_carea' id='block_1_26' title="bbox 329 3639 1905 3712">
    <p class='ocr_par' dir='ltr' id='par_1_26' title="bbox 329 3639 1905 3712">
     <span class='ocr_line' id='line_1_26' title="bbox 329 3639 1905 3712; baseline 0.001 -19"><span class='ocrx_word' id='word_1_122' title='bbox 329 3657 434 3712; x_wconf 85' lang='grc' dir='ltr'><strong>μου</strong></span> <span class='ocrx_word' id='word_1_123' title='bbox 464 3641 759 3708; x_wconf 78' lang='grc' dir='ltr'><strong>ἀγαπητοὶ,</strong></span> <span class='ocrx_word' id='word_1_124' title='bbox 813 3640 1016 3711; x_wconf 79' lang='grc' dir='ltr'><strong>ἑδραῖοι</strong></span> <span class='ocrx_word' id='word_1_125' title='bbox 1058 3639 1292 3707; x_wconf 84' lang='grc' dir='ltr'><strong>γίνεσθε,</strong></span> <span class='ocrx_word' id='word_1_126' title='bbox 1353 3641 1762 3710; x_wconf 82' lang='grc' dir='ltr'><strong>ἀμετακίνητοι,</strong></span> <span class='ocrx_word' id='word_1_127' title='bbox 1805 3658 1905 3694; x_wconf 87' lang='grc' dir='ltr'><strong>πε-</strong></span> 
     </span>
    </p>
   </div>
   <div class='ocr_carea' id='block_1_27' title="bbox 329 3728 1903 3801">
    <p class='ocr_par' dir='ltr' id='par_1_27' title="bbox 329 3728 1903 3801">
     <span class='ocr_line' id='line_1_27' title="bbox 329 3728 1903 3801; baseline 0.001 -19"><span class='ocrx_word' id='word_1_128' title='bbox 329 3728 673 3800; x_wconf 80' lang='grc' dir='ltr'><strong>ρισσεύοντες</strong></span> <span class='ocrx_word' id='word_1_129' title='bbox 703 3731 760 3782; x_wconf 84' lang='grc' dir='ltr'><strong>ὲν</strong></span> <span class='ocrx_word' id='word_1_130' title='bbox 787 3729 864 3799; x_wconf 80' lang='grc' dir='ltr'><strong>τῷ</strong></span> <span class='ocrx_word' id='word_1_131' title='bbox 886 3728 1031 3800; x_wconf 78' lang='grc' dir='ltr'><strong>ἔργῳ</strong></span> <span class='ocrx_word' id='word_1_132' title='bbox 1051 3728 1144 3782; x_wconf 82' lang='grc' dir='ltr'><strong>τοῦ</strong></span> <span class='ocrx_word' id='word_1_133' title='bbox 1170 3729 1373 3801; x_wconf 80' lang='grc' dir='ltr'><strong>Κυρίου</strong></span> <span class='ocrx_word' id='word_1_134' title='bbox 1395 3731 1645 3784; x_wconf 86' lang='grc' dir='ltr'><strong>πάντοτε.</strong></span> <span class='ocrx_word' id='word_1_135' title='bbox 1678 3750 1698 3783; x_wconf 71' lang='grc' dir='ltr'><strong>ι</strong></span> <span class='ocrx_word' id='word_1_136' title='bbox 1729 3732 1903 3784; x_wconf 88' lang='grc' dir='ltr'><strong>Ὅπου</strong></span> 
     </span>
    </p>
   </div>
   <div class='ocr_carea' id='block_1_28' title="bbox 323 3820 1904 3892">
    <p class='ocr_par' dir='ltr' id='par_1_28' title="bbox 323 3820 1904 3892">
     <span class='ocr_line' id='line_1_28' title="bbox 323 3820 1904 3892; baseline 0.001 -18"><span class='ocrx_word' id='word_1_137' title='bbox 323 3822 439 3891; x_wconf 78' lang='grc' dir='ltr'><strong>γὰρ</strong></span> <span class='ocrx_word' id='word_1_138' title='bbox 469 3823 649 3884; x_wconf 80' lang='grc' dir='ltr'><strong>πίστις</strong></span> <span class='ocrx_word' id='word_1_139' title='bbox 672 3820 806 3891; x_wconf 84' lang='grc' dir='ltr'><strong>ὀρθὴ</strong></span> <span class='ocrx_word' id='word_1_140' title='bbox 827 3823 920 3873; x_wconf 75' lang='grc' dir='ltr'><strong>καὶ</strong></span> <span class='ocrx_word' id='word_1_141' title='bbox 940 3821 1242 3891; x_wconf 77' lang='grc' dir='ltr'><strong>ἀμώμητος</strong></span> <span class='ocrx_word' id='word_1_142' title='bbox 1261 3824 1375 3884; x_wconf 88' lang='grc' dir='ltr'><strong>τοῖς</strong></span> <span class='ocrx_word' id='word_1_143' title='bbox 1399 3821 1459 3885; x_wconf 78' lang='grc' dir='ltr'>ἐξ</span> <span class='ocrx_word' id='word_1_144' title='bbox 1480 3821 1657 3892; x_wconf 81' lang='grc' dir='ltr'><strong>ἔργων</strong></span> <span class='ocrx_word' id='word_1_145' title='bbox 1685 3822 1904 3890; x_wconf 85' lang='grc' dir='ltr'><strong>ἀγαθῶν</strong></span> 
     </span>
    </p>
   </div>
   <div class='ocr_carea' id='block_1_29' title="bbox 327 3906 1903 3983">
    <p class='ocr_par' dir='ltr' id='par_1_29' title="bbox 327 3906 1903 3983">
     <span class='ocr_line' id='line_1_29' title="bbox 327 3906 1903 3983; baseline -0.001 -17"><span class='ocrx_word' id='word_1_146' title='bbox 327 3914 681 3982; x_wconf 83' lang='grc' dir='ltr'><strong>καυχήμασιν</strong></span> <span class='ocrx_word' id='word_1_147' title='bbox 710 3906 771 3965; x_wconf 81' lang='grc' dir='ltr'><strong>εὖ</strong></span> <span class='ocrx_word' id='word_1_148' title='bbox 805 3912 948 3982; x_wconf 84' lang='grc' dir='ltr'><strong>μάλα</strong></span> <span class='ocrx_word' id='word_1_149' title='bbox 981 3912 1337 3981; x_wconf 84' lang='grc' dir='ltr'><strong>συμφέρεται,</strong></span> <span class='ocrx_word' id='word_1_150' title='bbox 1371 3915 1464 3965; x_wconf 82' lang='grc' dir='ltr'><strong>καὶ</strong></span> <span class='ocrx_word' id='word_1_151' title='bbox 1490 3914 1768 3983; x_wconf 82' lang='grc' dir='ltr'><strong>ἱσόδρομον</strong></span> <span class='ocrx_word' id='word_1_152' title='bbox 1790 3913 1903 3983; x_wconf 77' lang='grc' dir='ltr'><strong>ἔχει</strong></span> 
     </span>
    </p>
   </div>
   <div class='ocr_carea' id='block_1_30' title="bbox 323 4001 1905 4074">
    <p class='ocr_par' dir='ltr' id='par_1_30' title="bbox 323 4001 1905 4074">
     <span class='ocr_line' id='line_1_30' title="bbox 323 4001 1905 4074; baseline -0.001 -17"><span class='ocrx_word' id='word_1_153' title='bbox 323 4003 430 4074; x_wconf 79' lang='grc' dir='ltr'><strong>τὴν</strong></span> <span class='ocrx_word' id='word_1_154' title='bbox 455 4002 746 4073; x_wconf 83' lang='grc' dir='ltr'><strong>συμϐολὴν,</strong></span> <span class='ocrx_word' id='word_1_155' title='bbox 779 4005 895 4056; x_wconf 81' lang='grc' dir='ltr'><strong>ἐκεῖ</strong></span> <span class='ocrx_word' id='word_1_156' title='bbox 920 4020 1019 4056; x_wconf 89' lang='grc' dir='ltr'><strong>που</strong></span> <span class='ocrx_word' id='word_1_157' title='bbox 1039 4001 1259 4067; x_wconf 80' lang='grc' dir='ltr'><strong>’πάντως</strong></span> <span class='ocrx_word' id='word_1_158' title='bbox 1284 4004 1367 4073; x_wconf 68' lang='grc' dir='ltr'><strong>εἴη</strong></span> <span class='ocrx_word' id='word_1_159' title='bbox 1389 4003 1455 4057; x_wconf 82' lang='grc' dir='ltr'><strong>ἂν</strong></span> <span class='ocrx_word' id='word_1_160' title='bbox 1484 4005 1542 4057; x_wconf 86' lang='grc' dir='ltr'><strong>ὲν</strong></span> <span class='ocrx_word' id='word_1_161' title='bbox 1567 4005 1730 4056; x_wconf 72' lang='grc' dir='ltr'><strong>παντὶ</strong></span> <span class='ocrx_word' id='word_1_162' title='bbox 1754 4003 1905 4072; x_wconf 89' lang='grc' dir='ltr'><strong>καλῷ</strong></span> 
     </span>
    </p>
   </div>
   <div class='ocr_carea' id='block_1_31' title="bbox 322 4093 1905 4165">
    <p class='ocr_par' dir='ltr' id='par_1_31' title="bbox 322 4093 1905 4165">
     <span class='ocr_line' id='line_1_31' title="bbox 322 4093 1905 4165; baseline -0.001 -17"><span class='ocrx_word' id='word_1_163' title='bbox 322 4094 625 4163; x_wconf 83' lang='grc' dir='ltr'><strong>τελειότης,</strong></span> <span class='ocrx_word' id='word_1_164' title='bbox 658 4095 753 4147; x_wconf 77' lang='grc' dir='ltr'><strong>καὶ</strong></span> <span class='ocrx_word' id='word_1_165' title='bbox 797 4094 858 4147; x_wconf 75' lang='grc' dir='ltr'><strong>τὸ</strong></span> <span class='ocrx_word' id='word_1_166' title='bbox 902 4095 1100 4164; x_wconf 78' lang='grc' dir='ltr'><strong>ἀρτίως</strong></span> <span class='ocrx_word' id='word_1_167' title='bbox 1130 4093 1253 4165; x_wconf 76' lang='grc' dir='ltr'><strong>ἔχον</strong></span> <span class='ocrx_word' id='word_1_168' title='bbox 1279 4096 1356 4158; x_wconf 88' lang='grc' dir='ltr'><strong>εἰς</strong></span> <span class='ocrx_word' id='word_1_169' title='bbox 1401 4095 1691 4165; x_wconf 83' lang='grc' dir='ltr'><strong>ἁγιασμόν.</strong></span> <span class='ocrx_word' id='word_1_170' title='bbox 1735 4095 1905 4163; x_wconf 77' lang='grc' dir='ltr'><strong>Λόγος</strong></span> 
     </span>
    </p>
   </div>
   <div class='ocr_carea' id='block_1_32' title="bbox 329 4181 1931 4255">
    <p class='ocr_par' dir='ltr' id='par_1_32' title="bbox 329 4181 1931 4255">
     <span class='ocr_line' id='line_1_32' title="bbox 329 4181 1931 4255; baseline 0 -18"><span class='ocrx_word' id='word_1_171' title='bbox 329 4185 437 4255; x_wconf 86' lang='grc' dir='ltr'><strong>μὲν</strong></span> <span class='ocrx_word' id='word_1_172' title='bbox 483 4181 575 4239; x_wconf 84' lang='grc' dir='ltr'><strong>οῦν</strong></span> <span class='ocrx_word' id='word_1_173' title='bbox 614 4185 760 4248; x_wconf 77' lang='grc' dir='ltr'><strong>ἅπας</strong></span> <span class='ocrx_word' id='word_1_174' title='bbox 797 4187 826 4238; x_wconf 89' lang='grc' dir='ltr'><strong>ό</strong></span> <span class='ocrx_word' id='word_1_175' title='bbox 852 4186 910 4239; x_wconf 80' lang='grc' dir='ltr'><strong>ὲν</strong></span> <span class='ocrx_word' id='word_1_176' title='bbox 937 4187 1085 4255; x_wconf 81' lang='grc' dir='ltr'><strong>ἡμῖν,</strong></span> <span class='ocrx_word' id='word_1_177' title='bbox 1115 4185 1216 4253; x_wconf 82' lang='grc' dir='ltr'><strong>τῆς</strong></span> <span class='ocrx_word' id='word_1_178' title='bbox 1245 4184 1469 4255; x_wconf 75' lang='grc' dir='ltr'><strong>ἐνούσης</strong></span> <span class='ocrx_word' id='word_1_179' title='bbox 1501 4186 1629 4253; x_wconf 83' lang='grc' dir='ltr'><strong>ὑμῖν</strong></span> <span class='ocrx_word' id='word_1_180' title='bbox 1658 4184 1931 4248; x_wconf 79' lang='grc' dir='ltr'><strong>εὐκλείας·</strong></span> 
     </span>
    </p>
   </div>
   <div class='ocr_carea' id='block_1_33' title="bbox 330 4267 1906 4345">
    <p class='ocr_par' dir='ltr' id='par_1_33' title="bbox 330 4267 1906 4345">
     <span class='ocr_line' id='line_1_33' title="bbox 330 4267 1906 4345; baseline -0.001 -18"><span class='ocrx_word' id='word_1_181' title='bbox 330 4275 567 4327; x_wconf 81' lang='grc' dir='ltr'><strong>κατόπιν</strong></span> <span class='ocrx_word' id='word_1_182' title='bbox 595 4273 832 4345; x_wconf 76' lang='grc' dir='ltr'><strong>ἔρχεται,</strong></span> <span class='ocrx_word' id='word_1_183' title='bbox 863 4274 957 4326; x_wconf 74' lang='grc' dir='ltr'><strong>καὶ</strong></span> <span class='ocrx_word' id='word_1_184' title='bbox 980 4272 1231 4342; x_wconf 82' lang='grc' dir='ltr'><strong>ὁμολογεῖ</strong></span> <span class='ocrx_word' id='word_1_185' title='bbox 1246 4273 1345 4342; x_wconf 82' lang='grc' dir='ltr'><strong>τὴν</strong></span> <span class='ocrx_word' id='word_1_186' title='bbox 1363 4267 1553 4344; x_wconf 83' lang='grc' dir='ltr'><strong>ἧτταν,</strong></span> <span class='ocrx_word' id='word_1_187' title='bbox 1579 4271 1906 4343; x_wconf 80' lang='grc' dir='ltr'><strong>ἐρυθριάσας</strong></span> 
     </span>
    </p>
   </div>
   <div class='ocr_carea' id='block_1_34' title="bbox 326 4362 1906 4434">
    <p class='ocr_par' dir='ltr' id='par_1_34' title="bbox 326 4362 1906 4434">
     <span class='ocr_line' id='line_1_34' title="bbox 326 4362 1906 4434; baseline -0.002 -16"><span class='ocrx_word' id='word_1_188' title='bbox 326 4365 520 4419; x_wconf 74' lang='grc' dir='ltr'><strong>οὐδέν’</strong></span> <span class='ocrx_word' id='word_1_189' title='bbox 567 4366 651 4434; x_wconf 79' lang='grc' dir='ltr'><strong>εῐη</strong></span> <span class='ocrx_word' id='word_1_190' title='bbox 702 4365 746 4417; x_wconf 85' lang='grc' dir='ltr'><strong>δ’</strong></span> <span class='ocrx_word' id='word_1_191' title='bbox 795 4365 862 4417; x_wconf 83' lang='grc' dir='ltr'><strong>ἂν</strong></span> <span class='ocrx_word' id='word_1_192' title='bbox 905 4364 998 4417; x_wconf 76' lang='grc' dir='ltr'><strong>καὶ</strong></span> <span class='ocrx_word' id='word_1_193' title='bbox 1045 4363 1376 4434; x_wconf 78' lang='grc' dir='ltr'><strong>συγγνώμης</strong></span> <span class='ocrx_word' id='word_1_194' title='bbox 1429 4364 1596 4430; x_wconf 80' lang='grc' dir='ltr'><strong>ἄξιος,</strong></span> <span class='ocrx_word' id='word_1_195' title='bbox 1640 4364 1697 4415; x_wconf 71' lang='lat' dir='ltr'><strong>et</strong></span> <span class='ocrx_word' id='word_1_196' title='bbox 1738 4362 1906 4416; x_wconf 78' lang='grc' dir='ltr'><strong>δέδιεν</strong></span> 
     </span>
    </p>
   </div>
   <div class='ocr_carea' id='block_1_35' title="bbox 327 4448 1906 4526">
    <p class='ocr_par' dir='ltr' id='par_1_35' title="bbox 327 4448 1906 4526">
     <span class='ocr_line' id='line_1_35' title="bbox 327 4448 1906 4526; baseline -0.002 -17"><span class='ocrx_word' id='word_1_197' title='bbox 327 4458 593 4520; x_wconf 77' lang='grc' dir='ltr'><strong>ἐπαινεῖν,</strong></span> <span class='ocrx_word' id='word_1_198' title='bbox 620 4448 695 4510; x_wconf 84' lang='grc' dir='ltr'><strong>ὧν</strong></span> <span class='ocrx_word' id='word_1_199' title='bbox 724 4456 824 4508; x_wconf 78' lang='grc' dir='ltr'><strong>οὐκ</strong></span> <span class='ocrx_word' id='word_1_200' title='bbox 863 4454 928 4508; x_wconf 85' lang='grc' dir='ltr'><strong>ἂν</strong></span> <span class='ocrx_word' id='word_1_201' title='bbox 961 4455 1200 4525; x_wconf 76' lang='grc' dir='ltr'><strong>ἐφίκοιτο</strong></span> <span class='ocrx_word' id='word_1_202' title='bbox 1235 4455 1336 4525; x_wconf 84' lang='grc' dir='ltr'><strong>τῆς</strong></span> <span class='ocrx_word' id='word_1_203' title='bbox 1364 4454 1538 4520; x_wconf 84' lang='grc' dir='ltr'><strong>ἀξίας.</strong></span> <span class='ocrx_word' id='word_1_204' title='bbox 1568 4456 1632 4508; x_wconf 78' lang='lat' dir='ltr'><strong>Et</strong></span> <span class='ocrx_word' id='word_1_205' title='bbox 1665 4454 1768 4525; x_wconf 87' lang='grc' dir='ltr'><strong>μὲν</strong></span> <span class='ocrx_word' id='word_1_206' title='bbox 1796 4452 1906 4526; x_wconf 84' lang='grc' dir='ltr'><strong>γὰρ</strong></span> 
     </span>
    </p>
   </div>
   <div class='ocr_carea' id='block_1_36' title="bbox 327 4546 1907 4619">
    <p class='ocr_par' dir='ltr' id='par_1_36' title="bbox 327 4546 1907 4619">
     <span class='ocr_line' id='line_1_36' title="bbox 327 4546 1907 4619; baseline -0.002 -18"><span class='ocrx_word' id='word_1_207' title='bbox 327 4548 449 4619; x_wconf 73' lang='grc' dir='ltr'><strong>ἔχει</strong></span> <span class='ocrx_word' id='word_1_208' title='bbox 485 4550 547 4601; x_wconf 82' lang='grc' dir='ltr'><strong>τὸ</strong></span> <span class='ocrx_word' id='word_1_209' title='bbox 593 4548 851 4619; x_wconf 76' lang='grc' dir='ltr'><strong>δύνασθαι</strong></span> <span class='ocrx_word' id='word_1_210' title='bbox 899 4546 1201 4618; x_wconf 84' lang='grc' dir='ltr'><strong>κατορθοῦν</strong></span> <span class='ocrx_word' id='word_1_211' title='bbox 1230 4547 1292 4600; x_wconf 77' lang='grc' dir='ltr'><strong>τὺ</strong></span> <span class='ocrx_word' id='word_1_212' title='bbox 1322 4547 1676 4618; x_wconf 84' lang='grc' dir='ltr'><strong>ποθούμενον,</strong></span> <span class='ocrx_word' id='word_1_213' title='bbox 1725 4546 1907 4600; x_wconf 77' lang='grc' dir='ltr'><strong>διαϐε-</strong></span> 
     </span>
    </p>
   </div>
   <div class='ocr_carea' id='block_1_37' title="bbox 326 4637 1907 4709">
    <p class='ocr_par' dir='ltr' id='par_1_37' title="bbox 326 4637 1907 4709">
     <span class='ocr_line' id='line_1_37' title="bbox 326 4637 1907 4709; baseline -0.001 -18"><span class='ocrx_word' id='word_1_214' title='bbox 326 4639 593 4709; x_wconf 77' lang='grc' dir='ltr'><strong>ϐλήσεται</strong></span> <span class='ocrx_word' id='word_1_215' title='bbox 624 4638 742 4708; x_wconf 87' lang='grc' dir='ltr'><strong>μὲν,</strong></span> <span class='ocrx_word' id='word_1_216' title='bbox 774 4640 907 4693; x_wconf 80' lang='grc' dir='ltr'><strong>πολὺ</strong></span> <span class='ocrx_word' id='word_1_217' title='bbox 936 4639 1171 4709; x_wconf 71' lang='grc' dir='ltr'><strong>νοσήσας</strong></span> <span class='ocrx_word' id='word_1_218' title='bbox 1192 4638 1255 4692; x_wconf 83' lang='grc' dir='ltr'><strong>τὸ</strong></span> <span class='ocrx_word' id='word_1_219' title='bbox 1282 4638 1526 4709; x_wconf 77' lang='grc' dir='ltr'><strong>ἀδρανὲς.</strong></span> <span class='ocrx_word' id='word_1_220' title='bbox 1551 4638 1662 4692; x_wconf 74' lang='grc' dir='ltr'><strong>Καὶ</strong></span> <span class='ocrx_word' id='word_1_221' title='bbox 1687 4637 1795 4709; x_wconf 78' lang='grc' dir='ltr'><strong>τὴν.</strong></span> <span class='ocrx_word' id='word_1_222' title='bbox 1826 4639 1907 4701; x_wconf 88' lang='grc' dir='ltr'><strong>είς</strong></span> 
     </span>
    </p>
   </div>
   <div class='ocr_carea' id='block_1_38' title="bbox 326 4725 1907 4798">
    <p class='ocr_par' dir='ltr' id='par_1_38' title="bbox 326 4725 1907 4798">
     <span class='ocr_line' id='line_1_38' title="bbox 326 4725 1907 4798; baseline -0.001 -18"><span class='ocrx_word' id='word_1_223' title='bbox 326 4727 495 4781; x_wconf 86' lang='grc' dir='ltr'><strong>τοῦτο</strong></span> <span class='ocrx_word' id='word_1_224' title='bbox 523 4728 779 4798; x_wconf 73' lang='grc' dir='ltr'><strong>μέλλησιν</strong></span> <span class='ocrx_word' id='word_1_225' title='bbox 808 4727 1193 4782; x_wconf 81' lang='grc' dir='ltr'><strong>ἀπαλλαττέτω</strong></span> <span class='ocrx_word' id='word_1_226' title='bbox 1234 4728 1423 4798; x_wconf 78' lang='grc' dir='ltr'><strong>μηδεὶς</strong></span> <span class='ocrx_word' id='word_1_227' title='bbox 1466 4727 1575 4781; x_wconf 83' lang='grc' dir='ltr'><strong>τῶν</strong></span> <span class='ocrx_word' id='word_1_228' title='bbox 1616 4730 1697 4790; x_wconf 86' lang='grc' dir='ltr'><strong>είς</strong></span> <span class='ocrx_word' id='word_1_229' title='bbox 1743 4725 1907 4798; x_wconf 76' lang='grc' dir='ltr'><strong>ρᾳθυο</strong></span> 
     </span>
    </p>
   </div>
   <div class='ocr_carea' id='block_1_39' title="bbox 331 4813 1907 4889">
    <p class='ocr_par' dir='ltr' id='par_1_39' title="bbox 331 4813 1907 4889">
     <span class='ocr_line' id='line_1_39' title="bbox 331 4813 1907 4889; baseline 0 -20"><span class='ocrx_word' id='word_1_230' title='bbox 331 4817 473 4887; x_wconf 87' lang='grc' dir='ltr'><strong>μίαν</strong></span> <span class='ocrx_word' id='word_1_231' title='bbox 505 4817 876 4887; x_wconf 68' lang='grc' dir='ltr'><strong>αίτιαμάτωψ</strong></span> <span class='ocrx_word' id='word_1_232' title='bbox 918 4817 1011 4880; x_wconf 81' lang='grc' dir='ltr'><strong>οὒς</strong></span> <span class='ocrx_word' id='word_1_233' title='bbox 1047 4817 1157 4889; x_wconf 86' lang='grc' dir='ltr'><strong>γὰρ</strong></span> <span class='ocrx_word' id='word_1_234' title='bbox 1184 4813 1253 4888; x_wconf 80' lang='grc' dir='ltr'><strong>ἦν</strong></span> <span class='ocrx_word' id='word_1_235' title='bbox 1300 4817 1444 4881; x_wconf 61' lang='lat' dir='ltr'><strong>me;</strong></span> <span class='ocrx_word' id='word_1_236' title='bbox 1487 4817 1907 4872; x_wconf 84' lang='grc' dir='ltr'><strong>κατακαλλύνειν</strong></span> 
     </span>
    </p>
   </div>
   <div class='ocr_carea' id='block_1_40' title="bbox 323 4907 1904 4980">
    <p class='ocr_par' dir='ltr' id='par_1_40' title="bbox 323 4907 1904 4980">
     <span class='ocr_line' id='line_1_40' title="bbox 323 4907 1904 4980; baseline -0.001 -18"><span class='ocrx_word' id='word_1_237' title='bbox 323 4908 596 4964; x_wconf 85' lang='grc' dir='ltr'><strong>δύνασθαι</strong></span> <span class='ocrx_word' id='word_1_238' title='bbox 624 4911 746 4973; x_wconf 85' lang='grc' dir='ltr'><strong>ταῖς</strong></span> <span class='ocrx_word' id='word_1_239' title='bbox 769 4910 847 4972; x_wconf 87' lang='grc' dir='ltr'><strong>είς</strong></span> <span class='ocrx_word' id='word_1_240' title='bbox 867 4909 1068 4980; x_wconf 83' lang='grc' dir='ltr'><strong>ἀρετὴν</strong></span> <span class='ocrx_word' id='word_1_241' title='bbox 1088 4908 1406 4977; x_wconf 82' lang='grc' dir='ltr'><strong>εὐφημίαις,</strong></span> <span class='ocrx_word' id='word_1_242' title='bbox 1427 4908 1543 4963; x_wconf 83' lang='grc' dir='ltr'><strong>ἀνθ’</strong></span> <span class='ocrx_word' id='word_1_243' title='bbox 1574 4909 1694 4962; x_wconf 80' lang='grc' dir='ltr'><strong>ὅτου</strong></span> <span class='ocrx_word' id='word_1_244' title='bbox 1725 4907 1904 4974; x_wconf 83' lang='grc' dir='ltr'><strong>λυπεῖ,</strong></span> 
     </span>
    </p>
   </div>
   <div class='ocr_carea' id='block_1_41' title="bbox 328 4988 1909 5070">
    <p class='ocr_par' dir='ltr' id='par_1_41' title="bbox 328 4988 1909 5070">
     <span class='ocr_line' id='line_1_41' title="bbox 328 4988 1909 5070; baseline 0.001 -18"><span class='ocrx_word' id='word_1_245' title='bbox 328 4999 547 5068; x_wconf 76' lang='grc' dir='ltr'><strong>σιωπᾷν</strong></span> <span class='ocrx_word' id='word_1_246' title='bbox 587 4999 881 5069; x_wconf 73' lang='grc' dir='ltr'><strong>ᾑρημένοςς</strong></span> <span class='ocrx_word' id='word_1_247' title='bbox 930 4988 991 5051; x_wconf 86' lang='grc' dir='ltr'><strong>Εί</strong></span> <span class='ocrx_word' id='word_1_248' title='bbox 1026 4999 1083 5051; x_wconf 82' lang='grc' dir='ltr'><strong>δὲ</strong></span> <span class='ocrx_word' id='word_1_249' title='bbox 1112 5000 1311 5064; x_wconf 81' lang='grc' dir='ltr'><strong>ἀτονεῖ,</strong></span> <span class='ocrx_word' id='word_1_250' title='bbox 1336 4999 1431 5052; x_wconf 78' lang='grc' dir='ltr'><strong>’καὶ</strong></span> <span class='ocrx_word' id='word_1_251' title='bbox 1466 4998 1624 5062; x_wconf 76' lang='grc' dir='ltr'><strong>δέδιε,</strong></span> <span class='ocrx_word' id='word_1_252' title='bbox 1655 5000 1748 5052; x_wconf 70' lang='grc' dir='ltr'><strong>καὶ</strong></span> <span class='ocrx_word' id='word_1_253' title='bbox 1782 5001 1909 5070; x_wconf 87' lang='grc' dir='ltr'><strong>ὁμο-</strong></span> 
     </span>
    </p>
   </div>
   <div class='ocr_carea' id='block_1_42' title="bbox 226 5083 1909 5160">
    <p class='ocr_par' dir='ltr' id='par_1_42' title="bbox 226 5083 1909 5160">
     <span class='ocr_line' id='line_1_42' title="bbox 226 5083 1909 5160; baseline 0.002 -19"><span class='ocrx_word' id='word_1_254' title='bbox 226 5100 231 5104; x_wconf 77' lang='lat'><strong>‘</strong></span> <span class='ocrx_word' id='word_1_255' title='bbox 326 5089 487 5156; x_wconf 85' lang='grc' dir='ltr'><strong>λογεί</strong></span> <span class='ocrx_word' id='word_1_256' title='bbox 512 5088 609 5158; x_wconf 88' lang='grc' dir='ltr'><strong>τὴν</strong></span> <span class='ocrx_word' id='word_1_257' title='bbox 626 5083 827 5158; x_wconf 69' lang='grc' dir='ltr'><strong>ἧτταν,</strong></span> <span class='ocrx_word' id='word_1_258' title='bbox 852 5090 961 5143; x_wconf 82' lang='grc' dir='ltr'><strong>οὐκ</strong></span> <span class='ocrx_word' id='word_1_259' title='bbox 976 5089 1125 5160; x_wconf 85' lang='grc' dir='ltr'><strong>αὐτῷ</strong></span> <span class='ocrx_word' id='word_1_260' title='bbox 1143 5089 1208 5160; x_wconf 82' lang='grc' dir='ltr'><strong>δὴ</strong></span> <span class='ocrx_word' id='word_1_261' title='bbox 1238 5089 1437 5159; x_wconf 81' lang='grc' dir='ltr'><strong>μᾶλλον</strong></span> <span class='ocrx_word' id='word_1_262' title='bbox 1456 5090 1556 5154; x_wconf 80' lang='grc' dir='ltr'><strong>τὰς</strong></span> <span class='ocrx_word' id='word_1_263' title='bbox 1576 5091 1752 5155; x_wconf 77' lang='grc' dir='ltr'><strong>αἰτίας</strong></span> <span class='ocrx_word' id='word_1_264' title='bbox 1781 5093 1909 5144; x_wconf 84' lang='grc' dir='ltr'><strong>ἀνα-</strong></span> 
     </span>
    </p>
   </div>
   <div class='ocr_carea' id='block_1_43' title="bbox 2005 2640 3573 2715">
    <p class='ocr_par' dir='ltr' id='par_1_43' title="bbox 2005 2640 3573 2715">
     <span class='ocr_line' id='line_1_43' title="bbox 2005 2640 3573 2715; baseline 0.004 -20"><span class='ocrx_word' id='word_1_265' title='bbox 2005 2651 2244 2695; x_wconf 75' lang='lat' dir='ltr'><strong>nostrum</strong></span> <span class='ocrx_word' id='word_1_266' title='bbox 2278 2640 2574 2698; x_wconf 82' lang='lat' dir='ltr'><strong>Salvatoris</strong></span> <span class='ocrx_word' id='word_1_267' title='bbox 2604 2658 2832 2713; x_wconf 90' lang='lat' dir='ltr'><strong>sponsas</strong></span> <span class='ocrx_word' id='word_1_268' title='bbox 2862 2644 3334 2715; x_wconf 60' lang='lat' dir='ltr'><strong>(religiosissima,</strong></span> <span class='ocrx_word' id='word_1_269' title='bbox 3369 2661 3431 2701; x_wconf 89' lang='lat' dir='ltr'><strong>ac</strong></span> <span class='ocrx_word' id='word_1_270' title='bbox 3464 2646 3573 2701; x_wconf 90' lang='lat' dir='ltr'><strong>Deo</strong></span> 
     </span>
    </p>
   </div>
   <div class='ocr_carea' id='block_1_44' title="bbox 2005 2733 3573 2806">
    <p class='ocr_par' dir='ltr' id='par_1_44' title="bbox 2005 2733 3573 2806">
     <span class='ocr_line' id='line_1_44' title="bbox 2005 2733 3573 2806; baseline 0.003 -20"><span class='ocrx_word' id='word_1_271' title='bbox 2005 2733 2363 2787; x_wconf 71' lang='lat' dir='ltr'><strong>dilectissima:</strong></span> <span class='ocrx_word' id='word_1_272' title='bbox 2392 2736 2787 2806; x_wconf 87' lang='lat' dir='ltr'><strong>imperatrices)</strong></span> <span class='ocrx_word' id='word_1_273' title='bbox 2813 2736 2960 2791; x_wconf 88' lang='lat' dir='ltr'><strong>orbis</strong></span> <span class='ocrx_word' id='word_1_274' title='bbox 2990 2746 3253 2791; x_wconf 91' lang='lat' dir='ltr'><strong>terrarum</strong></span> <span class='ocrx_word' id='word_1_275' title='bbox 3283 2752 3573 2792; x_wconf 86' lang='lat' dir='ltr'><strong>ornamen-</strong></span> 
     </span>
    </p>
   </div>
   <div class='ocr_carea' id='block_1_45' title="bbox 2006 2825 3597 2896">
    <p class='ocr_par' dir='ltr' id='par_1_45' title="bbox 2006 2825 3597 2896">
     <span class='ocr_line' id='line_1_45' title="bbox 2006 2825 3597 2896; baseline 0.004 -20"><span class='ocrx_word' id='word_1_276' title='bbox 2006 2834 2115 2877; x_wconf 88' lang='lat' dir='ltr'><strong>tum</strong></span> <span class='ocrx_word' id='word_1_277' title='bbox 2134 2863 2149 2888; x_wconf 93' lang='lat'><strong>,</strong></span> <span class='ocrx_word' id='word_1_278' title='bbox 2177 2825 2750 2894; x_wconf 84' lang='lat' dir='ltr'><strong>sanctissimarumque</strong></span> <span class='ocrx_word' id='word_1_279' title='bbox 2782 2826 3144 2880; x_wconf 88' lang='lat' dir='ltr'><strong>Ecclesiarum</strong></span> <span class='ocrx_word' id='word_1_280' title='bbox 3175 2826 3339 2880; x_wconf 87' lang='lat' dir='ltr'><strong>decus</strong></span> <span class='ocrx_word' id='word_1_281' title='bbox 3369 2827 3597 2896; x_wconf 75' lang='lat' dir='ltr'><strong>optimo&#39;</strong></span> 
     </span>
    </p>
   </div>
   <div class='ocr_carea' id='block_1_46' title="bbox 1997 2914 3573 2984">
    <p class='ocr_par' dir='ltr' id='par_1_46' title="bbox 1997 2914 3573 2984">
     <span class='ocr_line' id='line_1_46' title="bbox 1997 2914 3573 2984; baseline 0.004 -19"><span class='ocrx_word' id='word_1_282' title='bbox 1997 2914 2119 2984; x_wconf 87' lang='lat' dir='ltr'><strong>jure</strong></span> <span class='ocrx_word' id='word_1_283' title='bbox 2147 2914 2410 2981; x_wconf 83' lang='lat' dir='ltr'><strong>quispiam</strong></span> <span class='ocrx_word' id='word_1_284' title='bbox 2446 2915 2727 2984; x_wconf 88' lang='lat' dir='ltr'><strong>appellarit</strong></span> <span class='ocrx_word' id='word_1_285' title='bbox 2762 2934 2775 2970; x_wconf 90' lang='lat'><strong>:</strong></span> <span class='ocrx_word' id='word_1_286' title='bbox 2805 2915 2859 2970; x_wconf 89' lang='lat' dir='ltr'><strong>in</strong></span> <span class='ocrx_word' id='word_1_287' title='bbox 2893 2916 3090 2984; x_wconf 88' lang='lat' dir='ltr'><strong>quibus</strong></span> <span class='ocrx_word' id='word_1_288' title='bbox 3124 2916 3377 2969; x_wconf 90' lang='lat' dir='ltr'><strong>nimirum</strong></span> <span class='ocrx_word' id='word_1_289' title='bbox 3411 2931 3573 2971; x_wconf 88' lang='lat' dir='ltr'><strong>onme</strong></span> 
     </span>
    </p>
   </div>
   <div class='ocr_carea' id='block_1_47' title="bbox 2002 3004 3573 3075">
    <p class='ocr_par' dir='ltr' id='par_1_47' title="bbox 2002 3004 3573 3075">
     <span class='ocr_line' id='line_1_47' title="bbox 2002 3004 3573 3075; baseline 0.003 -19"><span class='ocrx_word' id='word_1_290' title='bbox 2002 3004 2259 3057; x_wconf 80' lang='lat' dir='ltr'><strong>virtutum</strong></span> <span class='ocrx_word' id='word_1_291' title='bbox 2286 3019 2474 3073; x_wconf 83' lang='lat' dir='ltr'><strong>genus,</strong></span> <span class='ocrx_word' id='word_1_292' title='bbox 2502 3007 2785 3073; x_wconf 88' lang='lat' dir='ltr'><strong>omnisque</strong></span> <span class='ocrx_word' id='word_1_293' title='bbox 2808 3015 3030 3060; x_wconf 88' lang='lat' dir='ltr'><strong>ornatus</strong></span> <span class='ocrx_word' id='word_1_294' title='bbox 3054 3005 3248 3059; x_wconf 71' lang='lat' dir='ltr'><strong>divinae</strong></span> <span class='ocrx_word' id='word_1_295' title='bbox 3271 3006 3573 3075; x_wconf 76' lang='lat' dir='ltr'><strong>maiestatis</strong></span> 
     </span>
    </p>
   </div>
   <div class='ocr_carea' id='block_1_48' title="bbox 2002 3095 3573 3171">
    <p class='ocr_par' dir='ltr' id='par_1_48' title="bbox 2002 3095 3573 3171">
     <span class='ocr_line' id='line_1_48' title="bbox 2002 3095 3573 3171; baseline 0.003 -22"><span class='ocrx_word' id='word_1_296' title='bbox 2002 3095 2171 3149; x_wconf 89' lang='lat' dir='ltr'><strong>oculis</strong></span> <span class='ocrx_word' id='word_1_297' title='bbox 2209 3104 2394 3165; x_wconf 88' lang='lat' dir='ltr'><strong>gratus</strong></span> <span class='ocrx_word' id='word_1_298' title='bbox 2429 3106 2788 3167; x_wconf 87' lang='lat' dir='ltr'><strong>acceptusque</strong></span> <span class='ocrx_word' id='word_1_299' title='bbox 2824 3097 3049 3152; x_wconf 89' lang='lat' dir='ltr'><strong>miriﬁce</strong></span> <span class='ocrx_word' id='word_1_300' title='bbox 3085 3097 3351 3167; x_wconf 81' lang='lat' dir='ltr'><strong>splendet.</strong></span> <span class='ocrx_word' id='word_1_301' title='bbox 3387 3096 3573 3171; x_wconf 82' lang='lat' dir='ltr'><strong>Neque</strong></span> 
     </span>
    </p>
   </div>
   <div class='ocr_carea' id='block_1_49' title="bbox 2004 3184 3571 3256">
    <p class='ocr_par' dir='ltr' id='par_1_49' title="bbox 2004 3184 3571 3256">
     <span class='ocr_line' id='line_1_49' title="bbox 2004 3184 3571 3256; baseline 0.003 -19"><span class='ocrx_word' id='word_1_302' title='bbox 2004 3184 2088 3239; x_wconf 85' lang='lat' dir='ltr'><strong>his</strong></span> <span class='ocrx_word' id='word_1_303' title='bbox 2120 3185 2310 3250; x_wconf 85' lang='lat' dir='ltr'><strong>opibus</strong></span> <span class='ocrx_word' id='word_1_304' title='bbox 2342 3194 2631 3253; x_wconf 65' lang='lat' dir='ltr'><strong>contentae,</strong></span> <span class='ocrx_word' id='word_1_305' title='bbox 2665 3200 2880 3240; x_wconf 91' lang='lat' dir='ltr'><strong>omnem</strong></span> <span class='ocrx_word' id='word_1_306' title='bbox 2914 3202 3128 3256; x_wconf 73' lang='lat' dir='ltr'><strong>quoque</strong></span> <span class='ocrx_word' id='word_1_307' title='bbox 3162 3203 3347 3242; x_wconf 86' lang='lat' dir='ltr'><strong>curam</strong></span> <span class='ocrx_word' id='word_1_308' title='bbox 3381 3203 3571 3243; x_wconf 88' lang='lat' dir='ltr'><strong>omne-</strong></span> 
     </span>
    </p>
   </div>
   <div class='ocr_carea' id='block_1_50' title="bbox 2003 3274 3572 3345">
    <p class='ocr_par' dir='ltr' id='par_1_50' title="bbox 2003 3274 3572 3345">
     <span class='ocr_line' id='line_1_50' title="bbox 2003 3274 3572 3345; baseline 0.004 -20"><span class='ocrx_word' id='word_1_309' title='bbox 2003 3278 2105 3342; x_wconf 88' lang='lat' dir='ltr'><strong>que</strong></span> <span class='ocrx_word' id='word_1_310' title='bbox 2148 3274 2380 3328; x_wconf 90' lang='lat' dir='ltr'><strong>studium</strong></span> <span class='ocrx_word' id='word_1_311' title='bbox 2425 3274 2715 3339; x_wconf 84' lang='lat' dir='ltr'><strong>adhibetis,</strong></span> <span class='ocrx_word' id='word_1_312' title='bbox 2760 3290 2869 3345; x_wconf 91' lang='lat' dir='ltr'><strong>quo</strong></span> <span class='ocrx_word' id='word_1_313' title='bbox 2919 3275 3023 3330; x_wconf 88' lang='lat' dir='ltr'><strong>ﬁde</strong></span> <span class='ocrx_word' id='word_1_314' title='bbox 3069 3285 3215 3331; x_wconf 88' lang='lat' dir='ltr'><strong>recta</strong></span> <span class='ocrx_word' id='word_1_315' title='bbox 3263 3276 3572 3345; x_wconf 87' lang='lat' dir='ltr'><strong>nullamque</strong></span> 
     </span>
    </p>
   </div>
   <div class='ocr_carea' id='block_1_51' title="bbox 2004 3364 3570 3434">
    <p class='ocr_par' dir='ltr' id='par_1_51' title="bbox 2004 3364 3570 3434">
     <span class='ocr_line' id='line_1_51' title="bbox 2004 3364 3570 3434; baseline 0.004 -18"><span class='ocrx_word' id='word_1_316' title='bbox 2004 3364 2057 3417; x_wconf 91' lang='lat' dir='ltr'><strong>in</strong></span> <span class='ocrx_word' id='word_1_317' title='bbox 2091 3372 2296 3432; x_wconf 89' lang='lat' dir='ltr'><strong>partem</strong></span> <span class='ocrx_word' id='word_1_318' title='bbox 2327 3364 2616 3419; x_wconf 70' lang='lat' dir='ltr'><strong>Vacillante</strong></span> <span class='ocrx_word' id='word_1_319' title='bbox 2648 3367 2960 3434; x_wconf 77' lang='lat' dir='ltr'><strong>excellatis;</strong></span> <span class='ocrx_word' id='word_1_320' title='bbox 2995 3381 3263 3423; x_wconf 87' lang='lat' dir='ltr'><strong>memores</strong></span> <span class='ocrx_word' id='word_1_321' title='bbox 3295 3367 3438 3423; x_wconf 89' lang='lat' dir='ltr'><strong>haud</strong></span> <span class='ocrx_word' id='word_1_322' title='bbox 3473 3369 3570 3423; x_wconf 90' lang='lat' dir='ltr'><strong>du-</strong></span> 
     </span>
    </p>
   </div>
   <div class='ocr_carea' id='block_1_52' title="bbox 2002 3436 3566 3527">
    <p class='ocr_par' dir='ltr' id='par_1_52' title="bbox 2002 3436 3566 3527">
     <span class='ocr_line' id='line_1_52' title="bbox 2002 3436 3566 3527; baseline 0.003 -20"><span class='ocrx_word' id='word_1_323' title='bbox 2002 3453 2091 3508; x_wconf 82' lang='lat' dir='ltr'><strong>bie</strong></span> <span class='ocrx_word' id='word_1_324' title='bbox 2119 3453 2284 3521; x_wconf 89' lang='lat' dir='ltr'><strong>illius,</strong></span> <span class='ocrx_word' id='word_1_325' title='bbox 2314 3456 2455 3523; x_wconf 85' lang='lat' dir='ltr'><strong>quod</strong></span> <span class='ocrx_word' id='word_1_326' title='bbox 2489 3454 2922 3523; x_wconf 87' lang='lat' dir='ltr'><strong>sapientissimus</strong></span> <span class='ocrx_word' id='word_1_327' title='bbox 2953 3457 3331 3527; x_wconf 86' lang='lat' dir='ltr'><strong>mysteriorum</strong></span> <span class='ocrx_word' id='word_1_328' title='bbox 3364 3436 3566 3512; x_wconf 79' lang='lat' dir='ltr'><strong>Christi</strong></span> 
     </span>
    </p>
   </div>
   <div class='ocr_carea' id='block_1_53' title="bbox 2004 3548 3572 3618">
    <p class='ocr_par' dir='ltr' id='par_1_53' title="bbox 2004 3548 3572 3618">
     <span class='ocr_line' id='line_1_53' title="bbox 2004 3548 3572 3618; baseline 0.001 -15"><span class='ocrx_word' id='word_1_329' title='bbox 2004 3548 2362 3617; x_wconf 82' lang='lat' dir='ltr'><strong>dispensator,</strong></span> <span class='ocrx_word' id='word_1_330' title='bbox 2378 3549 2724 3618; x_wconf 80' lang='lat' dir='ltr'><strong>gentiumque</strong></span> <span class='ocrx_word' id='word_1_331' title='bbox 2738 3548 2947 3607; x_wconf 90' lang='lat' dir='ltr'><strong>doctor.</strong></span> <span class='ocrx_word' id='word_1_332' title='bbox 2966 3549 3163 3604; x_wconf 88' lang='lat' dir='ltr'><strong>Paulus</strong></span> <span class='ocrx_word' id='word_1_333' title='bbox 3181 3550 3400 3605; x_wconf 83' lang='lat' dir='ltr'><strong>scribit:</strong></span> <span class='ocrx_word' id='word_1_334' title='bbox 3428 3567 3447 3601; x_wconf 80' lang='grc' dir='ltr'><strong>ι</strong></span> <span class='ocrx_word' id='word_1_335' title='bbox 3471 3549 3572 3605; x_wconf 87' lang='lat' dir='ltr'><strong>lta-</strong></span> 
     </span>
    </p>
   </div>
   <div class='ocr_carea' id='block_1_54' title="bbox 2005 3638 3575 3708">
    <p class='ocr_par' dir='ltr' id='par_1_54' title="bbox 2005 3638 3575 3708">
     <span class='ocr_line' id='line_1_54' title="bbox 2005 3638 3575 3708; baseline 0.001 -14"><span class='ocrx_word' id='word_1_336' title='bbox 2005 3654 2128 3708; x_wconf 89' lang='lat' dir='ltr'><strong>que,</strong></span> <span class='ocrx_word' id='word_1_337' title='bbox 2154 3638 2348 3695; x_wconf 83' lang='lat' dir='ltr'><strong>fratres</strong></span> <span class='ocrx_word' id='word_1_338' title='bbox 2380 3640 2483 3694; x_wconf 91' lang='lat' dir='ltr'><strong>mei</strong></span> <span class='ocrx_word' id='word_1_339' title='bbox 2510 3639 2712 3707; x_wconf 89' lang='lat' dir='ltr'><strong>dilecti,</strong></span> <span class='ocrx_word' id='word_1_340' title='bbox 2735 3640 2831 3704; x_wconf 86' lang='lat' dir='ltr'><strong>ait,</strong></span> <span class='ocrx_word' id='word_1_341' title='bbox 2855 3640 3075 3695; x_wconf 88' lang='lat' dir='ltr'><strong>stabiles</strong></span> <span class='ocrx_word' id='word_1_342' title='bbox 3102 3651 3273 3696; x_wconf 90' lang='lat' dir='ltr'><strong>estote</strong></span> <span class='ocrx_word' id='word_1_343' title='bbox 3299 3650 3354 3695; x_wconf 89' lang='lat' dir='ltr'><strong>et</strong></span> <span class='ocrx_word' id='word_1_344' title='bbox 3380 3641 3575 3696; x_wconf 84' lang='lat' dir='ltr'><strong>immo-</strong></span> 
     </span>
    </p>
   </div>
   <div class='ocr_carea' id='block_1_55' title="bbox 2004 3729 3574 3801">
    <p class='ocr_par' dir='ltr' id='par_1_55' title="bbox 2004 3729 3574 3801">
     <span class='ocr_line' id='line_1_55' title="bbox 2004 3729 3574 3801; baseline -0.001 -15"><span class='ocrx_word' id='word_1_345' title='bbox 2004 3730 2162 3795; x_wconf 90' lang='lat' dir='ltr'><strong>biles,</strong></span> <span class='ocrx_word' id='word_1_346' title='bbox 2181 3731 2513 3787; x_wconf 88' lang='lat' dir='ltr'><strong>abundautes</strong></span> <span class='ocrx_word' id='word_1_347' title='bbox 2537 3731 2589 3785; x_wconf 93' lang='lat' dir='ltr'><strong>iu</strong></span> <span class='ocrx_word' id='word_1_348' title='bbox 2611 3744 2772 3799; x_wconf 87' lang='lat' dir='ltr'><strong>opere</strong></span> <span class='ocrx_word' id='word_1_349' title='bbox 2795 3730 3003 3785; x_wconf 88' lang='lat' dir='ltr'><strong>Domini</strong></span> <span class='ocrx_word' id='word_1_350' title='bbox 3025 3745 3237 3801; x_wconf 89' lang='lat' dir='ltr'><strong>semper</strong></span> <span class='ocrx_word' id='word_1_351' title='bbox 3250 3731 3316 3784; x_wconf 78' lang='lat'><strong>“.</strong></span> <span class='ocrx_word' id='word_1_352' title='bbox 3334 3749 3354 3785; x_wconf 72' lang='grc' dir='ltr'><strong>ι</strong></span> <span class='ocrx_word' id='word_1_353' title='bbox 3388 3729 3574 3797; x_wconf 85' lang='lat' dir='ltr'><strong>Quan-</strong></span> 
     </span>
    </p>
   </div>
   <div class='ocr_carea' id='block_1_56' title="bbox 2006 3822 3572 3893">
    <p class='ocr_par' dir='ltr' id='par_1_56' title="bbox 2006 3822 3572 3893">
     <span class='ocr_line' id='line_1_56' title="bbox 2006 3822 3572 3893; baseline 0 -16"><span class='ocrx_word' id='word_1_354' title='bbox 2006 3823 2297 3893; x_wconf 83' lang='lat' dir='ltr'><strong>doquidem</strong></span> <span class='ocrx_word' id='word_1_355' title='bbox 2323 3823 2411 3877; x_wconf 90' lang='lat' dir='ltr'><strong>ubi</strong></span> <span class='ocrx_word' id='word_1_356' title='bbox 2442 3822 2572 3877; x_wconf 88' lang='lat' dir='ltr'><strong>ﬁdes</strong></span> <span class='ocrx_word' id='word_1_357' title='bbox 2598 3831 2745 3876; x_wconf 90' lang='lat' dir='ltr'><strong>recta</strong></span> <span class='ocrx_word' id='word_1_358' title='bbox 2775 3831 2827 3876; x_wconf 86' lang='lat' dir='ltr'><strong>et</strong></span> <span class='ocrx_word' id='word_1_359' title='bbox 2862 3822 3128 3891; x_wconf 84' lang='lat' dir='ltr'><strong>inculpata</strong></span> <span class='ocrx_word' id='word_1_360' title='bbox 3161 3837 3279 3877; x_wconf 91' lang='lat' dir='ltr'><strong>cum</strong></span> <span class='ocrx_word' id='word_1_361' title='bbox 3309 3824 3572 3877; x_wconf 89' lang='lat' dir='ltr'><strong>bonarum</strong></span> 
     </span>
    </p>
   </div>
   <div class='ocr_carea' id='block_1_57' title="bbox 1934 3889 3593 3981">
    <p class='ocr_par' dir='ltr' id='par_1_57' title="bbox 1934 3889 3593 3981">
     <span class='ocr_line' id='line_1_57' title="bbox 1934 3889 3593 3981; baseline -0.001 -17"><span class='ocrx_word' id='word_1_362' title='bbox 1934 3889 1976 3944; x_wconf 77' lang='grc' dir='ltr'><strong>Β</strong></span> <span class='ocrx_word' id='word_1_363' title='bbox 2008 3889 2279 3965; x_wconf 78' lang='lat' dir='ltr'><strong>actionum</strong></span> <span class='ocrx_word' id='word_1_364' title='bbox 2323 3910 2607 3965; x_wconf 82' lang='lat' dir='ltr'><strong>honestate</strong></span> <span class='ocrx_word' id='word_1_365' title='bbox 2643 3889 3022 3979; x_wconf 50' lang='lat' dir='ltr'><strong>conjungitur;</strong></span> <span class='ocrx_word' id='word_1_366' title='bbox 3047 3911 3406 3981; x_wconf 70' lang='lat' dir='ltr'><strong>aequabilique</strong></span> <span class='ocrx_word' id='word_1_367' title='bbox 3451 3914 3593 3967; x_wconf 91' lang='lat' dir='ltr'><strong>nisu.</strong></span> 
     </span>
    </p>
   </div>
   <div class='ocr_carea' id='block_1_58' title="bbox 2005 4000 3571 4077">
    <p class='ocr_par' dir='ltr' id='par_1_58' title="bbox 2005 4000 3571 4077">
     <span class='ocr_line' id='line_1_58' title="bbox 2005 4000 3571 4077; baseline 0.001 -22"><span class='ocrx_word' id='word_1_368' title='bbox 2005 4010 2060 4056; x_wconf 87' lang='lat' dir='ltr'><strong>et</strong></span> <span class='ocrx_word' id='word_1_369' title='bbox 2089 4002 2248 4055; x_wconf 82' lang='lat' dir='ltr'><strong>cursu</strong></span> <span class='ocrx_word' id='word_1_370' title='bbox 2279 4015 2401 4077; x_wconf 77' lang='lat' dir='ltr'><strong>cum</strong></span> <span class='ocrx_word' id='word_1_371' title='bbox 2434 4001 2537 4054; x_wconf 89' lang='lat' dir='ltr'><strong>illis</strong></span> <span class='ocrx_word' id='word_1_372' title='bbox 2567 4001 2887 4069; x_wconf 86' lang='lat' dir='ltr'><strong>copulatur;</strong></span> <span class='ocrx_word' id='word_1_373' title='bbox 2924 4000 2992 4055; x_wconf 90' lang='lat' dir='ltr'><strong>ibi</strong></span> <span class='ocrx_word' id='word_1_374' title='bbox 3023 4001 3200 4056; x_wconf 88' lang='lat' dir='ltr'><strong>omnis</strong></span> <span class='ocrx_word' id='word_1_375' title='bbox 3230 4002 3357 4056; x_wconf 89' lang='lat' dir='ltr'><strong>boni</strong></span> <span class='ocrx_word' id='word_1_376' title='bbox 3389 4003 3571 4068; x_wconf 82' lang='lat' dir='ltr'><strong>perfe-</strong></span> 
     </span>
    </p>
   </div>
   <div class='ocr_carea' id='block_1_59' title="bbox 2005 4090 3570 4161">
    <p class='ocr_par' dir='ltr' id='par_1_59' title="bbox 2005 4090 3570 4161">
     <span class='ocr_line' id='line_1_59' title="bbox 2005 4090 3570 4161; baseline -0.001 -15"><span class='ocrx_word' id='word_1_377' title='bbox 2005 4091 2113 4146; x_wconf 92' lang='lat' dir='ltr'><strong>ctio</strong></span> <span class='ocrx_word' id='word_1_378' title='bbox 2144 4091 2695 4161; x_wconf 87' lang='lat' dir='ltr'><strong>sanctiﬁcationisque</strong></span> <span class='ocrx_word' id='word_1_379' title='bbox 2729 4090 3013 4160; x_wconf 85' lang='lat' dir='ltr'><strong>integritas</strong></span> <span class='ocrx_word' id='word_1_380' title='bbox 3043 4091 3394 4161; x_wconf 89' lang='lat' dir='ltr'><strong>comperitur.</strong></span> <span class='ocrx_word' id='word_1_381' title='bbox 3423 4092 3570 4159; x_wconf 87' lang='lat' dir='ltr'><strong>Qua-</strong></span> 
     </span>
    </p>
   </div>
   <div class='ocr_carea' id='block_1_60' title="bbox 2006 4176 3574 4254">
    <p class='ocr_par' dir='ltr' id='par_1_60' title="bbox 2006 4176 3574 4254">
     <span class='ocr_line' id='line_1_60' title="bbox 2006 4176 3574 4254; baseline 0.002 -17"><span class='ocrx_word' id='word_1_382' title='bbox 2006 4176 2226 4253; x_wconf 83' lang='lat' dir='ltr'><strong>pr0pter</strong></span> <span class='ocrx_word' id='word_1_383' title='bbox 2244 4198 2341 4238; x_wconf 88' lang='lat' dir='ltr'><strong>nos</strong></span> <span class='ocrx_word' id='word_1_384' title='bbox 2362 4183 2544 4252; x_wconf 69' lang='lat' dir='ltr'><strong>gloria:</strong></span> <span class='ocrx_word' id='word_1_385' title='bbox 2565 4193 2618 4237; x_wconf 90' lang='lat' dir='ltr'><strong>et</strong></span> <span class='ocrx_word' id='word_1_386' title='bbox 2639 4183 2937 4238; x_wconf 86' lang='lat' dir='ltr'><strong>celebritati</strong></span> <span class='ocrx_word' id='word_1_387' title='bbox 2954 4192 3146 4240; x_wconf 78' lang='lat' dir='ltr'><strong>vestra:</strong></span> <span class='ocrx_word' id='word_1_388' title='bbox 3169 4198 3352 4254; x_wconf 90' lang='lat' dir='ltr'><strong>parem</strong></span> <span class='ocrx_word' id='word_1_389' title='bbox 3373 4187 3574 4240; x_wconf 88' lang='lat' dir='ltr'><strong>oratio-</strong></span> 
     </span>
    </p>
   </div>
   <div class='ocr_carea' id='block_1_61' title="bbox 2006 4272 3569 4348">
    <p class='ocr_par' dir='ltr' id='par_1_61' title="bbox 2006 4272 3569 4348">
     <span class='ocr_line' id='line_1_61' title="bbox 2006 4272 3569 4348; baseline 0.004 -20"><span class='ocrx_word' id='word_1_390' title='bbox 2006 4276 2091 4329; x_wconf 92' lang='lat' dir='ltr'><strong>nis</strong></span> <span class='ocrx_word' id='word_1_391' title='bbox 2120 4274 2438 4345; x_wconf 84' lang='lat' dir='ltr'><strong>dignitatem</strong></span> <span class='ocrx_word' id='word_1_392' title='bbox 2472 4272 2664 4330; x_wconf 81' lang='lat' dir='ltr'><strong>aﬂ&#39;erre</strong></span> <span class='ocrx_word' id='word_1_393' title='bbox 2697 4290 2802 4329; x_wconf 92' lang='lat' dir='ltr'><strong>non</strong></span> <span class='ocrx_word' id='word_1_394' title='bbox 2837 4291 3025 4346; x_wconf 87' lang='lat' dir='ltr'><strong>posse,</strong></span> <span class='ocrx_word' id='word_1_395' title='bbox 3059 4278 3285 4348; x_wconf 86' lang='lat' dir='ltr'><strong>ingenue</strong></span> <span class='ocrx_word' id='word_1_396' title='bbox 3316 4279 3569 4344; x_wconf 77' lang='lat' dir='ltr'><strong>fatemur,</strong></span> 
     </span>
    </p>
   </div>
   <div class='ocr_carea' id='block_1_62' title="bbox 2007 4364 3570 4440">
    <p class='ocr_par' dir='ltr' id='par_1_62' title="bbox 2007 4364 3570 4440">
     <span class='ocr_line' id='line_1_62' title="bbox 2007 4364 3570 4440; baseline 0.006 -22"><span class='ocrx_word' id='word_1_397' title='bbox 2007 4380 2106 4420; x_wconf 89' lang='lat' dir='ltr'><strong>nec</strong></span> <span class='ocrx_word' id='word_1_398' title='bbox 2140 4364 2512 4421; x_wconf 81' lang='lat' dir='ltr'><strong>erubescimus</strong></span> <span class='ocrx_word' id='word_1_399' title='bbox 2545 4384 2559 4420; x_wconf 92' lang='lat'><strong>:</strong></span> <span class='ocrx_word' id='word_1_400' title='bbox 2590 4367 2734 4422; x_wconf 89' lang='lat' dir='ltr'><strong>unde</strong></span> <span class='ocrx_word' id='word_1_401' title='bbox 2761 4376 2816 4422; x_wconf 91' lang='lat' dir='ltr'><strong>et</strong></span> <span class='ocrx_word' id='word_1_402' title='bbox 2843 4369 2995 4422; x_wconf 85' lang='lat' dir='ltr'><strong>venia</strong></span> <span class='ocrx_word' id='word_1_403' title='bbox 3027 4383 3242 4439; x_wconf 89' lang='lat' dir='ltr'><strong>quoque</strong></span> <span class='ocrx_word' id='word_1_404' title='bbox 3273 4370 3420 4440; x_wconf 80' lang='lat' dir='ltr'><strong>digni</strong></span> <span class='ocrx_word' id='word_1_405' title='bbox 3452 4387 3570 4427; x_wconf 87' lang='lat' dir='ltr'><strong>me-</strong></span> 
     </span>
    </p>
   </div>
   <div class='ocr_carea' id='block_1_63' title="bbox 2005 4454 3570 4528">
    <p class='ocr_par' dir='ltr' id='par_1_63' title="bbox 2005 4454 3570 4528">
     <span class='ocr_line' id='line_1_63' title="bbox 2005 4454 3570 4528; baseline 0.004 -20"><span class='ocrx_word' id='word_1_406' title='bbox 2005 4455 2112 4509; x_wconf 90' lang='lat' dir='ltr'><strong>rito</strong></span> <span class='ocrx_word' id='word_1_407' title='bbox 2154 4454 2516 4519; x_wconf 73' lang='lat' dir='ltr'><strong>censebimur,</strong></span> <span class='ocrx_word' id='word_1_408' title='bbox 2563 4456 2609 4511; x_wconf 90' lang='lat' dir='ltr'><strong>si</strong></span> <span class='ocrx_word' id='word_1_409' title='bbox 2654 4471 2716 4511; x_wconf 91' lang='lat' dir='ltr'><strong>ea</strong></span> <span class='ocrx_word' id='word_1_410' title='bbox 2762 4456 2984 4513; x_wconf 86' lang='lat' dir='ltr'><strong>laudare</strong></span> <span class='ocrx_word' id='word_1_411' title='bbox 3026 4473 3294 4524; x_wconf 84' lang='lat' dir='ltr'><strong>veremur,</strong></span> <span class='ocrx_word' id='word_1_412' title='bbox 3341 4473 3570 4528; x_wconf 90' lang='lat' dir='ltr'><strong>quorum</strong></span> 
     </span>
    </p>
   </div>
   <div class='ocr_carea' id='block_1_64' title="bbox 2006 4543 3573 4617">
    <p class='ocr_par' dir='ltr' id='par_1_64' title="bbox 2006 4543 3573 4617">
     <span class='ocr_line' id='line_1_64' title="bbox 2006 4543 3573 4617; baseline 0.003 -18"><span class='ocrx_word' id='word_1_413' title='bbox 2006 4543 2383 4599; x_wconf 83' lang='lat' dir='ltr'><strong>excellentiam</strong></span> <span class='ocrx_word' id='word_1_414' title='bbox 2426 4559 2525 4599; x_wconf 90' lang='lat' dir='ltr'><strong>nos</strong></span> <span class='ocrx_word' id='word_1_415' title='bbox 2563 4545 2776 4614; x_wconf 86' lang='lat' dir='ltr'><strong>assequi</strong></span> <span class='ocrx_word' id='word_1_416' title='bbox 2818 4560 2976 4616; x_wconf 84' lang='lat' dir='ltr'><strong>posse</strong></span> <span class='ocrx_word' id='word_1_417' title='bbox 3015 4561 3120 4602; x_wconf 93' lang='lat' dir='ltr'><strong>non</strong></span> <span class='ocrx_word' id='word_1_418' title='bbox 3159 4557 3410 4617; x_wconf 89' lang='lat' dir='ltr'><strong>putamus</strong></span> <span class='ocrx_word' id='word_1_419' title='bbox 3452 4566 3466 4603; x_wconf 91' lang='lat'><strong>:</strong></span> <span class='ocrx_word' id='word_1_420' title='bbox 3509 4563 3573 4604; x_wconf 90' lang='lat' dir='ltr'><strong>ac</strong></span> 
     </span>
    </p>
   </div>
   <div class='ocr_carea' id='block_1_65' title="bbox 2007 4634 3574 4704">
    <p class='ocr_par' dir='ltr' id='par_1_65' title="bbox 2007 4634 3574 4704">
     <span class='ocr_line' id='line_1_65' title="bbox 2007 4634 3574 4704; baseline 0.001 -15"><span class='ocrx_word' id='word_1_421' title='bbox 2007 4634 2273 4704; x_wconf 83' lang='lat' dir='ltr'><strong>siquidem</strong></span> <span class='ocrx_word' id='word_1_422' title='bbox 2302 4635 2379 4700; x_wconf 91' lang='lat' dir='ltr'><strong>id,</strong></span> <span class='ocrx_word' id='word_1_423' title='bbox 2404 4635 2544 4703; x_wconf 85' lang='lat' dir='ltr'><strong>quod</strong></span> <span class='ocrx_word' id='word_1_424' title='bbox 2572 4644 2827 4704; x_wconf 84' lang='lat' dir='ltr'><strong>praestare</strong></span> <span class='ocrx_word' id='word_1_425' title='bbox 2851 4635 3242 4703; x_wconf 86' lang='lat' dir='ltr'><strong>desideramus,</strong></span> <span class='ocrx_word' id='word_1_426' title='bbox 3269 4652 3388 4691; x_wconf 92' lang='lat' dir='ltr'><strong>cum</strong></span> <span class='ocrx_word' id='word_1_427' title='bbox 3416 4636 3574 4692; x_wconf 85' lang='lat' dir='ltr'><strong>laude</strong></span> 
     </span>
    </p>
   </div>
   <div class='ocr_carea' id='block_1_66' title="bbox 2007 4722 3572 4795">
    <p class='ocr_par' dir='ltr' id='par_1_66' title="bbox 2007 4722 3572 4795">
     <span class='ocr_line' id='line_1_66' title="bbox 2007 4722 3572 4795; baseline 0.002 -17"><span class='ocrx_word' id='word_1_428' title='bbox 2007 4724 2297 4794; x_wconf 69' lang='lat' dir='ltr'><strong>praestaudi</strong></span> <span class='ocrx_word' id='word_1_429' title='bbox 2332 4723 2644 4779; x_wconf 80' lang='lat' dir='ltr'><strong>facultatem</strong></span> <span class='ocrx_word' id='word_1_430' title='bbox 2681 4724 3022 4789; x_wconf 86' lang='lat' dir='ltr'><strong>haberemus,</strong></span> <span class='ocrx_word' id='word_1_431' title='bbox 3048 4724 3171 4795; x_wconf 87' lang='lat' dir='ltr'><strong>jure</strong></span> <span class='ocrx_word' id='word_1_432' title='bbox 3203 4722 3445 4794; x_wconf 81' lang='lat' dir='ltr'><strong>profecto</strong></span> <span class='ocrx_word' id='word_1_433' title='bbox 3477 4740 3572 4782; x_wconf 87' lang='lat' dir='ltr'><strong>ac-</strong></span> 
     </span>
    </p>
   </div>
   <div class='ocr_carea' id='block_1_67' title="bbox 2008 4814 3572 4883">
    <p class='ocr_par' dir='ltr' id='par_1_67' title="bbox 2008 4814 3572 4883">
     <span class='ocr_line' id='line_1_67' title="bbox 2008 4814 3572 4883; baseline 0.001 -12"><span class='ocrx_word' id='word_1_434' title='bbox 2008 4830 2344 4883; x_wconf 86' lang='lat' dir='ltr'><strong>cusaremur,</strong></span> <span class='ocrx_word' id='word_1_435' title='bbox 2373 4816 2417 4870; x_wconf 89' lang='lat' dir='ltr'><strong>si</strong></span> <span class='ocrx_word' id='word_1_436' title='bbox 2447 4816 2518 4871; x_wconf 90' lang='lat' dir='ltr'><strong>de</strong></span> <span class='ocrx_word' id='word_1_437' title='bbox 2543 4814 2857 4869; x_wconf 81' lang='lat' dir='ltr'><strong>inﬁrmitate</strong></span> <span class='ocrx_word' id='word_1_438' title='bbox 2886 4822 3071 4869; x_wconf 87' lang='lat' dir='ltr'><strong>nostra</strong></span> <span class='ocrx_word' id='word_1_439' title='bbox 3098 4814 3260 4870; x_wconf 79' lang='lat' dir='ltr'><strong>anxie</strong></span> <span class='ocrx_word' id='word_1_440' title='bbox 3287 4815 3448 4872; x_wconf 91' lang='lat' dir='ltr'><strong>nimis</strong></span> <span class='ocrx_word' id='word_1_441' title='bbox 3477 4831 3572 4872; x_wconf 90' lang='lat' dir='ltr'><strong>co-</strong></span> 
     </span>
    </p>
   </div>
   <div class='ocr_carea' id='block_1_68' title="bbox 2009 4906 3574 4979">
    <p class='ocr_par' dir='ltr' id='par_1_68' title="bbox 2009 4906 3574 4979">
     <span class='ocr_line' id='line_1_68' title="bbox 2009 4906 3574 4979; baseline 0 -17"><span class='ocrx_word' id='word_1_442' title='bbox 2009 4908 2263 4979; x_wconf 84' lang='lat' dir='ltr'><strong>gitantes,</strong></span> <span class='ocrx_word' id='word_1_443' title='bbox 2291 4906 2637 4963; x_wconf 87' lang='lat' dir='ltr'><strong>cunctantius</strong></span> <span class='ocrx_word' id='word_1_444' title='bbox 2666 4920 2947 4975; x_wconf 79' lang='lat' dir='ltr'><strong>ageremus</strong></span> <span class='ocrx_word' id='word_1_445' title='bbox 2971 4922 2986 4959; x_wconf 92' lang='lat'><strong>:</strong></span> <span class='ocrx_word' id='word_1_446' title='bbox 3014 4921 3186 4976; x_wconf 88' lang='lat' dir='ltr'><strong>neque</strong></span> <span class='ocrx_word' id='word_1_447' title='bbox 3215 4907 3442 4977; x_wconf 71' lang='lat' dir='ltr'><strong>ignaviae</strong></span> <span class='ocrx_word' id='word_1_448' title='bbox 3468 4907 3574 4962; x_wconf 85' lang='lat' dir='ltr'><strong>cri-</strong></span> 
     </span>
    </p>
   </div>
   <div class='ocr_carea' id='block_1_69' title="bbox 2009 4996 3575 5067">
    <p class='ocr_par' dir='ltr' id='par_1_69' title="bbox 2009 4996 3575 5067">
     <span class='ocr_line' id='line_1_69' title="bbox 2009 4996 3575 5067; baseline -0.001 -15"><span class='ocrx_word' id='word_1_449' title='bbox 2009 5014 2130 5053; x_wconf 88' lang='lat' dir='ltr'><strong>men</strong></span> <span class='ocrx_word' id='word_1_450' title='bbox 2163 4998 2349 5053; x_wconf 89' lang='lat' dir='ltr'><strong>liceret</strong></span> <span class='ocrx_word' id='word_1_451' title='bbox 2376 4996 2632 5067; x_wconf 85' lang='lat' dir='ltr'><strong>ell‘ugere,</strong></span> <span class='ocrx_word' id='word_1_452' title='bbox 2662 5005 2845 5066; x_wconf 89' lang='lat' dir='ltr'><strong>utpote</strong></span> <span class='ocrx_word' id='word_1_453' title='bbox 2873 4996 2963 5066; x_wconf 91' lang='lat' dir='ltr'><strong>qui</strong></span> <span class='ocrx_word' id='word_1_454' title='bbox 2997 4997 3212 5052; x_wconf 90' lang='lat' dir='ltr'><strong>silentio</strong></span> <span class='ocrx_word' id='word_1_455' title='bbox 3243 5006 3476 5065; x_wconf 88' lang='lat' dir='ltr'><strong>utentes,</strong></span> <span class='ocrx_word' id='word_1_456' title='bbox 3509 4998 3575 5052; x_wconf 88' lang='lat' dir='ltr'><strong>iis</strong></span> 
     </span>
    </p>
   </div>
   <div class='ocr_carea' id='block_1_70' title="bbox 2010 5085 3576 5158">
    <p class='ocr_par' dir='ltr' id='par_1_70' title="bbox 2010 5085 3576 5158">
     <span class='ocr_line' id='line_1_70' title="bbox 2010 5085 3576 5158; baseline -0.002 -15"><span class='ocrx_word' id='word_1_457' title='bbox 2010 5103 2145 5158; x_wconf 88' lang='lat' dir='ltr'><strong>quos</strong></span> <span class='ocrx_word' id='word_1_458' title='bbox 2184 5088 2254 5143; x_wconf 90' lang='lat' dir='ltr'><strong>ob</strong></span> <span class='ocrx_word' id='word_1_459' title='bbox 2286 5088 2539 5142; x_wconf 81' lang='lat' dir='ltr'><strong>virtutem</strong></span> <span class='ocrx_word' id='word_1_460' title='bbox 2583 5086 2795 5142; x_wconf 89' lang='lat' dir='ltr'><strong>meritis</strong></span> <span class='ocrx_word' id='word_1_461' title='bbox 2835 5085 3050 5141; x_wconf 88' lang='lat' dir='ltr'><strong>laudum</strong></span> <span class='ocrx_word' id='word_1_462' title='bbox 3093 5088 3378 5156; x_wconf 84' lang='lat' dir='ltr'><strong>praeconiis</strong></span> <span class='ocrx_word' id='word_1_463' title='bbox 3417 5101 3576 5141; x_wconf 79' lang='lat' dir='ltr'><strong>exor-</strong></span> 
     </span>
    </p>
   </div>
   <div class='ocr_carea' id='block_1_71' title="bbox 327 5176 1931 5267">
    <p class='ocr_par' dir='ltr' id='par_1_71' title="bbox 327 5177 1907 5251">
     <span class='ocr_line' id='line_1_71' title="bbox 327 5177 1907 5251; baseline 0.002 -21"><span class='ocrx_word' id='word_1_464' title='bbox 327 5177 605 5248; x_wconf 81' lang='grc' dir='ltr'><strong>θήσομεν,</strong></span> <span class='ocrx_word' id='word_1_465' title='bbox 632 5180 748 5232; x_wconf 87' lang='grc' dir='ltr'><strong>ἀλλ’</strong></span> <span class='ocrx_word' id='word_1_466' title='bbox 783 5180 911 5249; x_wconf 82' lang='grc' dir='ltr'><strong>ὑμῖν</strong></span> <span class='ocrx_word' id='word_1_467' title='bbox 959 5183 1079 5243; x_wconf 77' lang='grc' dir='ltr'><strong>ταῖς</strong></span> <span class='ocrx_word' id='word_1_468' title='bbox 1113 5178 1256 5234; x_wconf 78' lang='grc' dir='ltr'><strong>οὕτω</strong></span> <span class='ocrx_word' id='word_1_469' title='bbox 1299 5180 1671 5251; x_wconf 61' lang='grc' dir='ltr'><strong>περιφανέσιν,</strong></span> <span class='ocrx_word' id='word_1_470' title='bbox 1705 5181 1761 5235; x_wconf 79' lang='grc' dir='ltr'><strong>αῖ</strong></span> <span class='ocrx_word' id='word_1_471' title='bbox 1789 5184 1907 5246; x_wconf 87' lang='grc' dir='ltr'><strong>ταῖς</strong></span> 
     </span>
    </p>
   </div>
   <div class='ocr_carea' id='block_1_72' title="bbox 2003 5176 3577 5267">
    <p class='ocr_par' dir='ltr' id='par_1_72' title="bbox 2012 5176 3577 5247">
     <span class='ocr_line' id='line_1_72' title="bbox 2012 5176 3577 5247; baseline -0.003 -14"><span class='ocrx_word' id='word_1_472' title='bbox 2012 5192 2144 5233; x_wconf 89' lang='lat' dir='ltr'><strong>nare</strong></span> <span class='ocrx_word' id='word_1_473' title='bbox 2186 5178 2566 5242; x_wconf 89' lang='lat' dir='ltr'><strong>debueramus,</strong></span> <span class='ocrx_word' id='word_1_474' title='bbox 2607 5176 2906 5232; x_wconf 86' lang='lat' dir='ltr'><strong>molestiam</strong></span> <span class='ocrx_word' id='word_1_475' title='bbox 2949 5179 3151 5247; x_wconf 89' lang='lat' dir='ltr'><strong>potius,</strong></span> <span class='ocrx_word' id='word_1_476' title='bbox 3196 5177 3577 5244; x_wconf 87' lang='lat' dir='ltr'><strong>tristitiamque</strong></span> 
     </span>
    </p>
   </div>
   <div class='ocr_carea' id='block_1_73' title="bbox 325 5262 1931 5352">
    <p class='ocr_par' dir='ltr' id='par_1_73' title="bbox 325 5268 1904 5343">
     <span class='ocr_line' id='line_1_73' title="bbox 325 5268 1904 5343; baseline 0.005 -23"><span class='ocrx_word' id='word_1_477' title='bbox 325 5269 445 5321; x_wconf 82' lang='grc' dir='ltr'><strong>τῶν</strong></span> <span class='ocrx_word' id='word_1_478' title='bbox 507 5268 673 5323; x_wconf 69' lang='grc' dir='ltr'><strong>ἰδίω(</strong></span> <span class='ocrx_word' id='word_1_479' title='bbox 710 5272 1214 5343; x_wconf 68' lang='grc' dir='ltr'><strong>ἀνδραγαθημάτων</strong></span> <span class='ocrx_word' id='word_1_480' title='bbox 1269 5273 1563 5343; x_wconf 81' lang='grc' dir='ltr'><strong>ὑπεροχαῖς</strong></span> <span class='ocrx_word' id='word_1_481' title='bbox 1623 5274 1718 5327; x_wconf 79' lang='grc' dir='ltr'><strong>καὶ</strong></span> <span class='ocrx_word' id='word_1_482' title='bbox 1777 5275 1904 5337; x_wconf 83' lang='grc' dir='ltr'><strong>τοὺς</strong></span> 
     </span>
    </p>
   </div>
   <div class='ocr_carea' id='block_1_74' title="bbox 2003 5262 3577 5352">
    <p class='ocr_par' dir='ltr' id='par_1_74' title="bbox 2010 5262 3577 5352">
     <span class='ocr_line' id='line_1_74' title="bbox 2010 5262 3577 5352; baseline -0.005 -29"><span class='ocrx_word' id='word_1_483' title='bbox 2010 5281 2345 5340; x_wconf 85' lang='lat' dir='ltr'><strong>pareremus.</strong></span> <span class='ocrx_word' id='word_1_484' title='bbox 2375 5264 2481 5338; x_wconf 58' lang='lat'><strong>5,3</strong></span> <span class='ocrx_word' id='word_1_485' title='bbox 2511 5264 2775 5321; x_wconf 74' lang='lat' dir='ltr'><strong>Caeterum</strong></span> <span class='ocrx_word' id='word_1_486' title='bbox 2808 5266 3024 5336; x_wconf 90' lang='lat' dir='ltr'><strong>quando</strong></span> <span class='ocrx_word' id='word_1_487' title='bbox 3048 5262 3155 5352; x_wconf 76' lang='lat' dir='ltr'><strong>jam</strong></span> <span class='ocrx_word' id='word_1_488' title='bbox 3186 5263 3345 5319; x_wconf 82' lang='lat' dir='ltr'><strong>an&#39;tea</strong></span> <span class='ocrx_word' id='word_1_489' title='bbox 3376 5263 3441 5317; x_wconf 93' lang='lat' dir='ltr'><strong>de</strong></span> <span class='ocrx_word' id='word_1_490' title='bbox 3475 5263 3577 5315; x_wconf 88' lang='lat' dir='ltr'><strong>im-</strong></span> 
     </span>
    </p>
   </div>
   <div class='ocr_carea' id='block_1_75' title="bbox 328 5360 1902 5433">
    <p class='ocr_par' dir='ltr' id='par_1_75' title="bbox 328 5360 1902 5433">
     <span class='ocr_line' id='line_1_75' title="bbox 328 5360 1902 5433; baseline 0.003 -19"><span class='ocrx_word' id='word_1_491' title='bbox 328 5360 584 5423; x_wconf 79' lang='grc' dir='ltr'><strong>ἆπαντας</strong></span> <span class='ocrx_word' id='word_1_492' title='bbox 615 5365 837 5433; x_wconf 79' lang='grc' dir='ltr'><strong>κοσμεῖν</strong></span> <span class='ocrx_word' id='word_1_493' title='bbox 874 5363 1130 5430; x_wconf 77' lang='grc' dir='ltr'><strong>εἰωθότας</strong></span> <span class='ocrx_word' id='word_1_494' title='bbox 1174 5364 1363 5429; x_wconf 83' lang='grc' dir='ltr'><strong>λόγους</strong></span> <span class='ocrx_word' id='word_1_495' title='bbox 1407 5364 1557 5418; x_wconf 79' lang='grc' dir='ltr'><strong>οὐδὲν</strong></span> <span class='ocrx_word' id='word_1_496' title='bbox 1587 5365 1747 5428; x_wconf 72' lang='grc' dir='ltr'><strong>ὄντας</strong></span> <span class='ocrx_word' id='word_1_497' title='bbox 1793 5365 1902 5419; x_wconf 85' lang='grc' dir='ltr'><strong>ἀπ-</strong></span> 
     </span>
    </p>
   </div>
   <div class='ocr_carea' id='block_1_76' title="bbox 326 5450 1907 5527">
    <p class='ocr_par' dir='ltr' id='par_1_76' title="bbox 326 5450 1907 5527">
     <span class='ocr_line' id='line_1_76' title="bbox 326 5450 1907 5527; baseline 0.003 -24"><span class='ocrx_word' id='word_1_498' title='bbox 326 5452 593 5522; x_wconf 80' lang='grc' dir='ltr'><strong>εφήνατε.</strong></span> <span class='ocrx_word' id='word_1_499' title='bbox 625 5450 775 5523; x_wconf 77' lang='grc' dir='ltr'><strong>Αἷμα</strong></span> <span class='ocrx_word' id='word_1_500' title='bbox 803 5455 901 5525; x_wconf 82' lang='grc' dir='ltr'><strong>μὲν</strong></span> <span class='ocrx_word' id='word_1_501' title='bbox 930 5454 1038 5525; x_wconf 83' lang='grc' dir='ltr'><strong>γὰρ</strong></span> <span class='ocrx_word' id='word_1_502' title='bbox 1068 5458 1195 5527; x_wconf 86' lang='grc' dir='ltr'><strong>ὑμῖν</strong></span> <span class='ocrx_word' id='word_1_503' title='bbox 1237 5456 1443 5510; x_wconf 84' lang='grc' dir='ltr'><strong>ἀνωθεν</strong></span> <span class='ocrx_word' id='word_1_504' title='bbox 1471 5457 1566 5509; x_wconf 78' lang='grc' dir='ltr'><strong>καὶ</strong></span> <span class='ocrx_word' id='word_1_505' title='bbox 1593 5458 1658 5509; x_wconf 83' lang='grc' dir='ltr'><strong>ὲκ</strong></span> <span class='ocrx_word' id='word_1_506' title='bbox 1682 5455 1907 5527; x_wconf 85' lang='grc' dir='ltr'><strong>μακρῶν</strong></span> 
     </span>
    </p>
   </div>
   <div class='ocr_carea' id='block_1_77' title="bbox 324 5541 1907 5617">
    <p class='ocr_par' dir='ltr' id='par_1_77' title="bbox 324 5541 1907 5617">
     <span class='ocr_line' id='line_1_77' title="bbox 324 5541 1907 5617; baseline 0.005 -26"><span class='ocrx_word' id='word_1_507' title='bbox 324 5541 461 5607; x_wconf 73' lang='grc' dir='ltr'><strong>ἥκει</strong></span> <span class='ocrx_word' id='word_1_508' title='bbox 510 5541 715 5613; x_wconf 85' lang='grc' dir='ltr'><strong>χρόνων</strong></span> <span class='ocrx_word' id='word_1_509' title='bbox 763 5544 826 5596; x_wconf 79' lang='grc' dir='ltr'><strong>τὺ</strong></span> <span class='ocrx_word' id='word_1_510' title='bbox 875 5544 1179 5614; x_wconf 84' lang='grc' dir='ltr'><strong>βασιλικόν·</strong></span> <span class='ocrx_word' id='word_1_511' title='bbox 1227 5545 1542 5617; x_wconf 85' lang='grc' dir='ltr'><strong>παρατείνει</strong></span> <span class='ocrx_word' id='word_1_512' title='bbox 1587 5546 1644 5600; x_wconf 84' lang='grc' dir='ltr'><strong>δὲ</strong></span> <span class='ocrx_word' id='word_1_513' title='bbox 1690 5546 1784 5598; x_wconf 76' lang='grc' dir='ltr'><strong>καὶ</strong></span> <span class='ocrx_word' id='word_1_514' title='bbox 1827 5546 1907 5608; x_wconf 85' lang='grc' dir='ltr'><strong>είς</strong></span> 
     </span>
    </p>
   </div>
   <div class='ocr_carea' id='block_1_78' title="bbox 324 5631 1906 5708">
    <p class='ocr_par' dir='ltr' id='par_1_78' title="bbox 324 5631 1906 5708">
     <span class='ocr_line' id='line_1_78' title="bbox 324 5631 1906 5708; baseline 0.003 -23"><span class='ocrx_word' id='word_1_515' title='bbox 324 5631 517 5703; x_wconf 81' lang='grc' dir='ltr'><strong>δεῦρο,</strong></span> <span class='ocrx_word' id='word_1_516' title='bbox 551 5633 643 5687; x_wconf 79' lang='grc' dir='ltr'><strong>καὶ</strong></span> <span class='ocrx_word' id='word_1_517' title='bbox 673 5634 774 5702; x_wconf 77' lang='grc' dir='ltr'><strong>ἔτι,</strong></span> <span class='ocrx_word' id='word_1_518' title='bbox 823 5636 967 5690; x_wconf 84' lang='grc' dir='ltr'><strong>καθά</strong></span> <span class='ocrx_word' id='word_1_519' title='bbox 1011 5638 1469 5708; x_wconf 86' lang='grc' dir='ltr'><strong>πεπιστεύκαμεν.</strong></span> <span class='ocrx_word' id='word_1_520' title='bbox 1511 5637 1647 5691; x_wconf 85' lang='grc' dir='ltr'><strong>Ἀλλ’</strong></span> <span class='ocrx_word' id='word_1_521' title='bbox 1686 5638 1794 5691; x_wconf 78' lang='grc' dir='ltr'><strong>ίδοῦ</strong></span> <span class='ocrx_word' id='word_1_522' title='bbox 1842 5637 1906 5706; x_wconf 79' lang='grc' dir='ltr'><strong>δὴ</strong></span> 
     </span>
    </p>
   </div>
   <div class='ocr_carea' id='block_1_79' title="bbox 441 5787 929 5857">
    <p class='ocr_par' dir='ltr' id='par_1_79' title="bbox 441 5787 929 5857">
     <span class='ocr_line' id='line_1_79' title="bbox 441 5787 929 5857; baseline 0.004 -15"><span class='ocrx_word' id='word_1_523' title='bbox 441 5791 485 5822; x_wconf 84' lang='lat'>&quot;</span> <span class='ocrx_word' id='word_1_524' title='bbox 518 5787 681 5845; x_wconf 86' lang='lat' dir='ltr'><strong>lCor.</strong></span> <span class='ocrx_word' id='word_1_525' title='bbox 718 5806 805 5857; x_wconf 75' lang='lat' dir='ltr'><strong>xv,</strong></span> <span class='ocrx_word' id='word_1_526' title='bbox 844 5790 929 5847; x_wconf 81' lang='lat'><strong>58.</strong></span> 
     </span>
    </p>
   </div>
   <div class='ocr_carea' id='block_1_80' title="bbox 2012 5356 3575 5426">
    <p class='ocr_par' dir='ltr' id='par_1_80' title="bbox 2012 5356 3575 5426">
     <span class='ocr_line' id='line_1_80' title="bbox 2012 5356 3575 5426; baseline -0.004 -11"><span class='ocrx_word' id='word_1_527' title='bbox 2012 5357 2305 5415; x_wconf 85' lang='lat' dir='ltr'><strong>becillitate</strong></span> <span class='ocrx_word' id='word_1_528' title='bbox 2341 5366 2527 5413; x_wconf 87' lang='lat' dir='ltr'><strong>nostra</strong></span> <span class='ocrx_word' id='word_1_529' title='bbox 2568 5359 2620 5411; x_wconf 94' lang='lat' dir='ltr'><strong>in</strong></span> <span class='ocrx_word' id='word_1_530' title='bbox 2665 5357 2911 5423; x_wconf 89' lang='lat' dir='ltr'><strong>dicendo,</strong></span> <span class='ocrx_word' id='word_1_531' title='bbox 2958 5358 3257 5426; x_wconf 86' lang='lat' dir='ltr'><strong>timoreque</strong></span> <span class='ocrx_word' id='word_1_532' title='bbox 3296 5356 3575 5425; x_wconf 87' lang='lat' dir='ltr'><strong>conquesti</strong></span> 
     </span>
    </p>
   </div>
   <div class='ocr_carea' id='block_1_81' title="bbox 2013 5446 3576 5518">
    <p class='ocr_par' dir='ltr' id='par_1_81' title="bbox 2013 5446 3576 5518">
     <span class='ocr_line' id='line_1_81' title="bbox 2013 5446 3576 5518; baseline -0.002 -14"><span class='ocrx_word' id='word_1_533' title='bbox 2013 5447 2356 5517; x_wconf 88' lang='lat' dir='ltr'><strong>confessique</strong></span> <span class='ocrx_word' id='word_1_534' title='bbox 2385 5462 2595 5516; x_wconf 89' lang='lat' dir='ltr'><strong>sumus,</strong></span> <span class='ocrx_word' id='word_1_535' title='bbox 2624 5462 2832 5518; x_wconf 87' lang='lat' dir='ltr'><strong>nosque</strong></span> <span class='ocrx_word' id='word_1_536' title='bbox 2857 5449 3008 5504; x_wconf 88' lang='lat' dir='ltr'><strong>oneri</strong></span> <span class='ocrx_word' id='word_1_537' title='bbox 3042 5457 3189 5502; x_wconf 86' lang='lat' dir='ltr'><strong>tanto</strong></span> <span class='ocrx_word' id='word_1_538' title='bbox 3220 5448 3454 5516; x_wconf 87' lang='lat' dir='ltr'><strong>impares</strong></span> <span class='ocrx_word' id='word_1_539' title='bbox 3484 5446 3576 5501; x_wconf 91' lang='lat' dir='ltr'><strong>de-</strong></span> 
     </span>
    </p>
   </div>
   <div class='ocr_carea' id='block_1_82' title="bbox 2013 5535 3572 5609">
    <p class='ocr_par' dir='ltr' id='par_1_82' title="bbox 2013 5535 3572 5609">
     <span class='ocr_line' id='line_1_82' title="bbox 2013 5535 3572 5609; baseline -0.004 -14"><span class='ocrx_word' id='word_1_540' title='bbox 2013 5540 2369 5607; x_wconf 86' lang='lat' dir='ltr'><strong>claravimus;</strong></span> <span class='ocrx_word' id='word_1_541' title='bbox 2405 5554 2502 5595; x_wconf 85' lang='lat' dir='ltr'><strong>vos</strong></span> <span class='ocrx_word' id='word_1_542' title='bbox 2538 5540 2711 5607; x_wconf 79' lang='lat' dir='ltr'><strong>magis</strong></span> <span class='ocrx_word' id='word_1_543' title='bbox 2746 5539 2943 5594; x_wconf 86' lang='lat' dir='ltr'><strong>silentii</strong></span> <span class='ocrx_word' id='word_1_544' title='bbox 2977 5538 3135 5609; x_wconf 81' lang='lat' dir='ltr'><strong>hujus</strong></span> <span class='ocrx_word' id='word_1_545' title='bbox 3168 5536 3381 5606; x_wconf 87' lang='lat' dir='ltr'><strong>culpam</strong></span> <span class='ocrx_word' id='word_1_546' title='bbox 3415 5535 3572 5591; x_wconf 83' lang='lat' dir='ltr'><strong>susti-</strong></span> 
     </span>
    </p>
   </div>
   <div class='ocr_carea' id='block_1_83' title="bbox 2013 5626 3572 5701">
    <p class='ocr_par' dir='ltr' id='par_1_83' title="bbox 2013 5626 3572 5701">
     <span class='ocr_line' id='line_1_83' title="bbox 2013 5626 3572 5701; baseline -0.003 -16"><span class='ocrx_word' id='word_1_547' title='bbox 2013 5631 2232 5699; x_wconf 88' lang='lat' dir='ltr'><strong>nebitis,</strong></span> <span class='ocrx_word' id='word_1_548' title='bbox 2255 5644 2375 5701; x_wconf 68' lang='lat' dir='ltr'><strong>qua:</strong></span> <span class='ocrx_word' id='word_1_549' title='bbox 2396 5630 2632 5687; x_wconf 90' lang='lat' dir='ltr'><strong>illustres</strong></span> <span class='ocrx_word' id='word_1_550' title='bbox 2654 5631 2811 5695; x_wconf 86' lang='lat' dir='ltr'><strong>adeo,</strong></span> <span class='ocrx_word' id='word_1_551' title='bbox 2835 5631 3077 5701; x_wconf 89' lang='lat' dir='ltr'><strong>adeoque</strong></span> <span class='ocrx_word' id='word_1_552' title='bbox 3100 5628 3405 5699; x_wconf 71' lang='lat' dir='ltr'><strong>conspicua:</strong></span> <span class='ocrx_word' id='word_1_553' title='bbox 3426 5626 3572 5683; x_wconf 82' lang='lat' dir='ltr'><strong>estis.</strong></span> 
     </span>
    </p>
   </div>
  </div>
