4060 6420
470 382 607 435 £9.05

1452 387 1507 441 8.
1549 387 1822 442 CYRILLI
1864 387 2330 444 ALEXANDIHNI
2372 383 2689 442 ARCHIEP.

3575 386 3711 441 lem

471 507 533 552 ut
566 507 754 552 vestrae
785 500 1012 553 virtutes
1045 515 1109 554 ac
1144 510 1287 556 recte
1321 501 1457 556 facta
1493 505 1731 558 omnium
1767 513 2033 559 oratorum

2147 507 2241 558 καὶ
2271 505 2415 574 μάλα
2446 504 2649 571 σαφῶς,
2685 503 2779 555 καὶ
2819 502 2915 571 τῆς
2945 503 3001 552 ἐν
3043 503 3263 572 Χριστῳ
3295 503 3565 569 βασιλείας
3593 503 3711 551 ὲπι-

472 591 831 656 eloqueutiam
865 591 1022 658 longe
1048 591 1286 645 vincant.
1317 591 1448 647 Nam
1480 603 1534 649 et
1567 596 1768 663 regium
1798 606 2032 651 vestrum

471 692 638 748 genus
673 680 782 748 jam
825 679 948 733 inde
985 680 1053 734 ab
1095 682 1320 736 exordio
1357 683 1514 752 longa
1556 692 1855 752 temporum
1895 685 2038 739 serie

470 769 749 838 hucusque
779 779 862 824 est
894 782 1269 842 propagatum,
1301 781 1354 826 et
1383 773 1630 838 ulterius,
1658 783 1716 826 ut
1744 774 2034 839 credimus,

469 859 524 912 in
563 871 834 928 posterum
874 862 1049 917 adhuc
1090 863 1472 932 propagabitur
1506 878 1522 918 :
1559 879 1659 918 nec
1694 879 1800 918 non
1835 865 2033 919 Christi

471 966 700 1019 regnum
730 968 1036 1020 capessere,
1063 963 1117 1007 et
1143 967 1230 1016 ea,
1257 969 1375 1020 qua:
1403 953 1476 1007 illi
1504 963 1656 1024 grata
1685 964 1830 1019 sunt,
1860 953 2036 1008 facere

466 1049 522 1094 et
559 1043 757 1098 sentire
789 1044 1042 1109 studetis;
1077 1045 1275 1112 partim
1313 1044 1526 1113 quidem
1561 1045 1833 1113 praeclaris
1865 1047 2034 1099 actiu-

467 1132 630 1186 nibus
673 1134 1048 1204 inculpataque
1097 1136 1221 1200 ﬁde,
1256 1146 1314 1189 ut
1349 1135 1509 1205 paulo
1541 1147 1667 1188 ante
1700 1135 2029 1199 dicebamus,

2142 595 2519 666 δραττόμεναι,
2549 594 2615 646 τὸ
2644 593 2792 662 αὐτῷ
2823 592 3080 646 δοκοῦντα
3112 596 3327 662 φρονεῖν
3359 609 3414 646 τε
3449 591 3542 644 καὶ
3579 593 3708 660 δρᾷν

2144 685 2469 748 σπουδάζετε
2490 702 2504 714 ⁸
2532 685 2688 736 τοῦτο
2719 685 2839 754 μὲν,
2865 684 2939 746 ὡς
2972 685 3126 752 ἔφην.
3155 683 3332 752 ἔργοις
3357 700 3410 736 τε
3441 684 3532 734 καὶ
3556 684 3708 750 ἁμω-

2147 776 2302 845 μήτῳ
2350 775 2748 846 διαπρέπουσαι
2792 774 2990 836 πίστει,
3034 774 3126 826 καὶ
3174 774 3269 836 τὰς
3316 772 3468 842 ὑμῶν
3517 776 3574 824 τε
3618 771 3709 823 καὶ

2145 866 2446 936 βασιλείους
2474 866 2641 930 αὐλὰς
2663 868 2729 936 τῇ
2770 864 2870 933 τῆς
2897 864 3188 934 παρθενίας
3219 861 3708 932 καταλαμπρύνουα

2146 973 2234 1010 σαι
2287 957 2446 1028 δόξῃ·
2512 955 2668 1009 τοῦτο
2731 957 2810 1020 δὲ,
2877 954 3362 1016 πολυτελεστάτους
3414 953 3708 1006 άνιστῶσαι

2143 1050 2300 1111 ναοὺς
2338 1049 2412 1122 τῷ
2452 1047 2688 1118 Χριστῷ.
2732 1048 3066 1116 Κεχάρισται
3098 1046 3204 1115 γάρ
3239 1047 3365 1114 παρ’
3397 1043 3560 1096 αὑτοῦ
3590 1046 3708 1104 ταῖς

2140 1137 2320 1204 ἁγίαις
2347 1137 2498 1206 ὑμῶν
2526 1137 2723 1206 ψυχαῖς
2755 1136 2890 1204 μετὰ.
2918 1135 3023 1187 τῶν
3052 1134 3225 1188 ἄλλων
3255 1135 3348 1186 καὶ
3374 1133 3547 1186 τοῦτο.

468 1235 782 1292 prmstantes
813 1241 827 1289 ;
857 1227 1050 1296 partim
1083 1236 1290 1282 vestras
1319 1227 1602 1296 regiasque
1640 1226 1791 1280 aulas
1834 1228 2157 1295 virginitatis
2202 1229 2368 1294 gloria
2397 1230 2850 1292 condecoratttes;
2903 1228 3093 1295 partim
3144 1225 3374 1293 denique
3426 1235 3705 1293 sumptuo-

465 1319 679 1374 sissima
717 1321 909 1390 templa
945 1321 1160 1376 ChriSto
1195 1323 1512 1376 excitantes.
1540 1320 1670 1374 Nam
1707 1331 1760 1376 et
1796 1320 1895 1375 hoc
1934 1335 2144 1390 quoque
2171 1323 2384 1390 pictatis
2416 1322 2646 1375 studium
2701 1321 2838 1373 inter
2881 1330 3073 1373 cmtera
3122 1319 3209 1372 ille
3260 1319 3462 1371 sauctis
3514 1318 3709 1372 Vestris

464 1410 658 1465 animis
690 1411 988 1479 itnpertitus
1020 1421 1120 1469 est.

539 1503 601 1556 ll.
645 1505 837 1570 Igitur,
882 1514 940 1557 ut
983 1520 1048 1560 ex
1093 1507 1263 1561 sacris
1307 1507 1529 1561 Litteris
1573 1505 1774 1573 aliquid
1819 1520 2034 1575 quoque

437 1595 780 1663 depromatn
817 1613 832 1651 :
867 1615 885 1648 ι
925 1595 1165 1652 Gaudete
1185 1597 1238 1652 in
1276 1596 1502 1652 Domino
1539 1611 1752 1666 semper
1786 1615 1798 1649 :
1837 1599 2031 1650 iterum

465 1687 874 1756 dico,gaudcte,
907 1688 1166 1743 modestia
1191 1697 1373 1743 vestra
1405 1699 1527 1742 nota
1559 1690 1627 1742 sit
1656 1687 1906 1743 omnibus
1935 1689 2032 1743 ho-

464 1779 702 1832 minibus
725 1779 790 1832 ⁸³.
834 1798 852 1830 ι
893 1779 1001 1834 Ιιηο
1036 1794 1164 1834 vero
1198 1778 1515 1849 jamdudum
1549 1779 1636 1832 illa
1672 1779 1811 1848 apud
1847 1794 2035 1834 omnes

464 1868 743 1924 civitatum
785 1879 838 1922 et
881 1870 1158 1937 regionum
1197 1870 1438 1924 omnium
1480 1869 1725 1923 homines
1762 1869 2026 1939 divulgata

462 1961 805 2027 percrebuit;
839 1976 1011 2031 neque
1039 1975 1197 2017 secus
1228 1961 1342 2017 fere
1373 1971 1536 2030 atque
1566 1960 1756 2016 tabella
1787 1963 2028 2030 quaedam

464 2047 732 2114 depictam
768 2050 819 2104 in
852 2066 910 2105 se
942 2052 1163 2122 pietatis
1190 2053 1243 2108 in
1273 2053 1545 2108 Christum
1575 2061 1910 2106 venustatem
1941 2066 2030 2121 ge.

463 2154 622 2206 rens,
659 2140 870 2210 lateque
916 2143 1294 2212 resplendens,
1331 2145 1572 2200 omnium
1618 2143 2028 2197 admirationem

465 2232 744 2287 excitavit.
778 2232 949 2288 Batus
981 2249 1098 2289 sum
1135 2245 1312 2289 autem
1348 2235 1661 2290 nonnullum
1695 2248 1872 2304 operae
1903 2247 2026 2301 pre-

465 2324 599 2378 tium
652 2339 737 2379 me
785 2325 1086 2390 iacturum,
1129 2328 1175 2378 si
1219 2324 1372 2378 vobis
1415 2339 1540 2377 vere
1586 2323 1790 2378 sanctis
1831 2322 2030 2378 Christi

463 2416 676 2484 sponsis
707 2416 1037 2484 (quanquam
1072 2414 1136 2469 ad
1168 2414 1395 2483 quodvis
1424 2429 1559 2482 opus
1591 2413 1790 2466 bonum
1823 2413 2032 2468 abunde

462 2507 743 2562 instructae
769 2507 1082 2576 videamini)
1113 2505 1346 2559 libellum
1377 2505 1552 2571 hunc,
1585 2520 1690 2560 non
1722 2505 1793 2558 ita
1826 2504 2030 2572 pridem

463 2612 494 2648 a
533 2611 618 2650 me
651 2597 1022 2660 elaboratum,
1059 2597 1203 2649 velut
1236 2595 1477 2664 spiritale
1511 2595 1776 2664 quoddam
1813 2595 2029 2650 xenium

464 2701 834 2754 nuncuparent
875 2705 888 2750 ς
928 2687 1016 2755 qui
1058 2687 1270 2755 quidem
1314 2702 1416 2740 non
1461 2686 1939 2748 contemnendum,
1977 2695 2032 2739 ut

460 2779 672 2848 opinor,
721 2779 1013 2835 lectoribus
1057 2779 1314 2833 allaturus
1359 2787 1445 2833 cst
1489 2778 1734 2834 utilitatis
1775 2778 2027 2832 fructum.

464 2871 742 2941 Siquidem
783 2884 906 2936 eos,
942 2872 1030 2938 qui
1073 2881 1218 2926 recte
1257 2886 1450 2940 sapere
1489 2871 1891 2936 dedidicerant,
1930 2871 2033 2925 hoc

462 2971 582 3028 est,
617 2962 814 3031 quibus
849 2961 920 3016 ita
959 2976 1276 3030 persuasum
1315 2971 1398 3016 est
1434 2961 1502 3015 de
1535 2962 1756 3017 Christo
1792 2962 2030 3016 omnium

464 3053 767 3116 Salvatore,
800 3053 853 3107 in
883 3053 1024 3122 viam
1055 3055 1298 3118 reducet,
1329 3063 1384 3108 et
1411 3055 1476 3107 ad
1503 3068 1686 3118 veram
1711 3052 2030 3122 sapientiam

463 3139 712 3198 instituet
749 3160 762 3195 :
800 3149 1026 3197 emleros
1059 3157 1216 3205 vero,
1251 3142 1341 3211 qui
1377 3154 1583 3197 rectum
1617 3143 1779 3197 animi
1815 3155 2029 3196 sensum
2061 3175 2103 3232 ο

462 3233 684 3298 habent,
710 3242 763 3289 et
790 3233 842 3287 iu
869 3235 1113 3289 veritatis
1137 3235 1379 3289 doctrina
1412 3235 1724 3303 persistunt,
1753 3233 1918 3288 variis
1943 3246 2034 3286 ar-

466 3333 844 3391 gumentorum
878 3333 932 3378 et
965 3323 1356 3381 sententiarum
1394 3325 1658 3386 inventis,
1694 3323 2029 3377 divinarum-

465 3431 572 3484 que
605 3416 1012 3482 Seriptttrarum
1045 3415 1595 3470 demonstrationibus
1625 3413 1679 3467 in
1711 3413 1814 3466 fide
1845 3427 2031 3467 corro-

463 3507 698 3562 borabit.
747 3505 883 3560 Hinc
929 3505 1128 3559 etenim
1182 3513 1233 3557 et
1284 3502 1685 3556 Emmanuelem
1734 3516 1920 3554 verum
1969 3515 2033 3554 ac

464 3595 764 3649 naturalem
794 3594 982 3657 Deum,
1007 3603 1060 3645 et
1081 3589 1356 3659 Virginem
1383 3603 1621 3653 rursum,
1646 3604 1763 3659 quae
1789 3603 1912 3642 eum
1940 3602 2035 3656 pe-

465 3685 603 3754 perit
624 3725 639 3750 ,
669 3698 848 3738 veram
879 3691 1101 3750 propter
1132 3682 1303 3750 ipsum
1334 3680 1614 3748 Deiparam
1644 3694 1784 3744 esse,
1813 3681 2030 3750 planum

468 3778 579 3831 liet.
616 3775 670 3829 Si
708 3775 798 3845 qui
836 3784 1015 3826 autem
1053 3781 1208 3835 sunt,
1244 3773 1332 3840 qui
1370 3772 1512 3825 istud
1543 3772 1748 3826 sentire
1779 3780 1834 3824 et
1869 3769 2033 3839 proﬁ-

465 3866 565 3921 teri
609 3874 888 3930 vcrentur,
933 3865 983 3918 hi
1030 3853 1352 3932 profundum
1400 3861 1526 3914 illud
1569 3861 1786 3931 pietatis
1831 3868 2034 3932 myste-

467 3959 604 4013 rium
624 3999 639 4025 ,
671 3967 729 4012 ut.
759 3973 891 4011 sane
919 3957 1148 4018 videtur,
1181 3969 1516 4024 nequaquam
1546 3955 1874 4023 expendunt.
1904 3953 2034 4008 Per-

466 4050 833 4105 necessarium
889 4057 1066 4102 autem
1119 4047 1356 4112 iudicavi
1411 4061 1471 4098 ea
1524 4045 1712 4114 paucis
1764 4047 1866 4100 hoc
1918 4045 2037 4099 loco

465 4150 732 4209 repetere,
759 4157 875 4206 qum
899 4139 1123 4209 apostoli
1151 4149 1205 4194 ct
1230 4137 1574 4206 evangelista:
1601 4138 1666 4191 de
1686 4135 1796 4208 44
1816 4135 2032 4191 Christo

2210 1509 2281 1560 B'.
2323 1506 2532 1560 Οὐκοῦν
2583 1505 2715 1576 (ἐρῶ
2743 1505 2849 1574 γάρ
2881 1521 2932 1556 τι
2964 1503 3142 1556 λαϐὼν
3171 1504 3262 1556 καὶ
3293 1505 3356 1554 ὲκ
3401 1503 3506 1554 τῶν
3548 1503 3709 1571 ἱερῶν

2140 1599 2517 1669 Γραμμάτων)
2563 1617 2580 1648 t
2620 1597 2850 1667 Χαίρετε
2900 1599 2958 1649 ὲν
3008 1596 3194 1666 Κυρίῳ
3229 1595 3489 1648 πάντοτε·
3548 1597 3707 1649 πάλιν

2139 1689 2268 1758 ἐρῶ,
2318 1689 2556 1758 χαίρετε.
2603 1688 2676 1740 Τὸ
2719 1687 2959 1748 ἐπιεικὲς
3007 1686 3159 1756 ὑμῶν
3206 1686 3500 1754 γνωσθήτω
3544 1687 3708 1738 πᾶσιν

2139 1777 2462 1850 ἀνθρώποις.
2515 1798 2532 1830 ι
2587 1777 2859 1846 Ἐγνώσθη
2913 1777 3010 1846 μὲν
3043 1771 3160 1836 οὖν,
3200 1778 3292 1828 καί
3337 1775 3704 1845 διαϐεϐόηται,

2138 1871 2232 1923 καὶ
2275 1873 2386 1932 τοῖς
2423 1869 2527 1922 ἀνά
2561 1871 2739 1922 πᾶσαν
2790 1867 2973 1937 χώραν
3005 1885 3066 1919 τε
3098 1869 3191 1920 καὶ
3239 1867 3408 1924 πόλιν,
3456 1866 3706 1938 καθάπερ

2136 1977 2218 2023 τις
2251 1959 2413 2012 εἰκὼν
2429 1961 2645 2030 γραφὴν
2674 1959 2868 2028 ἔχουσα
2896 1960 2995 2030 τῆς
3027 1961 3105 2022 είς
3134 1959 3368 2027 Χριστὸν
3398 1959 3702 2023 εὐσεϐείας,

2135 2051 2197 2102 τὸ
2249 2051 2441 2114 κάλλος
2502 2051 2794 2120 διέλαμψεν
2873 2051 3156 2121 ἐναργῶς,
3221 2051 3314 2102 καὶ
3362 2049 3455 2101 τοῦ
3506 2049 3705 2111 παντὸς

2135 2141 2340 2212 ἠξιώθη
2372 2141 2664 2210 θαύματος.
2711 2141 2906 2212 ᾯήθην
2935 2142 2991 2194 δὲ
3023 2141 3131 2193 δεῖν
3169 2142 3261 2193 καὶ
3284 2143 3402 2202 ταῖς
3439 2140 3574 2209 πρὸς
3597 2140 3707 2192 πᾶν

2136 2231 2312 2285 ὁτιοῦν
2344 2232 2452 2284 τῶν
2481 2232 2699 2300 ἀγαθῶν
2733 2232 2985 2303 ἐχούσαις
3018 2233 3219 2301 ἀρτίως
3247 2233 3492 2303 χάρισμά
3518 2250 3569 2284 τι
3611 2249 3704 2302 μευ

2136 2321 2383 2375 ταδοῦναι
2414 2324 2802 2391 πνευματικὸν,
2833 2323 2908 2386 ὡς
2938 2323 3120 2389 ἁγίαις
3163 2323 3396 2390 Χριστοῦ
3443 2323 3702 2391 νύμφαις,

2135 2409 2291 2464 τοῦτο
2319 2412 2382 2481 δὴ
2411 2413 2469 2464 τὸ
2499 2414 2699 2482 ἀρτίως
2728 2415 2854 2483 ἐμοὶ
2885 2415 3114 2484 πονηθὲν
3147 2413 3367 2483 βιϐλίον,
3392 2414 3451 2466 οὐ
3481 2415 3706 2482 μετρίαν

2139 2503 2396 2573 παρέχειν
2429 2503 2748 2573 δυνάμενον,
2781 2504 2857 2566 ὦς
2876 2522 2939 2572 γε
2964 2502 3134 2574 οἶμαι,
3174 2507 3286 2568 τοῖς
3306 2504 3706 2574 ἐντευξομένοις

2136 2594 2232 2663 τὴν
2267 2596 2471 2664 ὄνησιν.
2518 2596 2656 2659 Τοὺς
2706 2597 2804 2664 μὲν
2838 2595 2946 2666 γὰρ
2993 2596 3093 2648 οὐκ
3135 2595 3269 2666 ὀρθὰ
3316 2597 3530 2663 φρονεῖν
3573 2595 3706 2647 δεδι-

2136 2687 2454 2756 δαγμένους,
2486 2687 2651 2756 ἤγουν
2684 2687 3186 2753 ἅναπεπεισμένους
3216 2684 3342 2755 περὶ
3368 2683 3462 2736 τοῦ
3491 2684 3710 2736 πάντων

2138 2777 2293 2846 ήμῶν
2328 2778 2578 2847 Σωτῆρος
2621 2776 2877 2847 Χριστοῦ,
2921 2776 3054 2843 πρὸς
3101 2777 3468 2847 ἐπανόρθωσιν
3515 2775 3711 2828 tivam-

2141 2871 2274 2939 μιεῖ,
2311 2869 2404 2923 καὶ
2451 2870 2870 2938 μυσταγωγήσει
2900 2869 3080 2930 καλῶς
3105 2885 3116 2898 ο
3151 2867 3276 2932 τούς
3318 2885 3383 2936 γε
3428 2870 3534 2938 μὴν
3561 2869 3708 2939 ὀρθῷ

2140 2959 2438 3030 βεϐηκότας
2467 2949 2561 3029 νῷ,
2592 2960 2684 3014 καὶ
2710 2962 2825 3022 τοῖς
2860 2960 2959 3030 τῆς
2989 2958 3243 3027 ἀληθείας
3272 2959 3708 3028 ἐμφιλοχωροῦν-

2137 3068 2236 3112 τας
2264 3051 2542 3120 δόγμασιν,
2581 3051 3013 3121 ἁσφαλεστέρους
3042 3051 3310 3118 ἀποφανεῖ
3338 3052 3450 3112 τοῖς
3480 3048 3539 3113 ἐξ
3567 3050 3704 3115 ἀγα-

2140 3141 2247 3194 θῶν
2280 3141 2498 3194 ὲννοιῶν
2525 3142 2882 3212 πολυτρόποις
2914 3141 3199 3213 εύρὲμασι,
3227 3141 3320 3194 καὶ
3358 3142 3478 3204 ταῖς
3506 3141 3570 3192 ἐκ
3608 3143 3706 3210 τῆς

2136 3231 2488 3286 θεοπνεύστου
2501 3233 2720 3303 Γραφῆς
2736 3233 3089 3298 ἀποδείξεσιν.
3103 3232 3453 3302 Μαθήσεταιιι
3475 3232 3604 3300 γὰρ,
3622 3231 3706 3285 ὅτι

2135 3325 2294 3391 φύσει
2344 3324 2440 3393 μὲν
2483 3325 2578 3377 καὶ
2618 3322 2846 3392 ἀληθείᾳ
2886 3323 3017 3386 Θεός
3062 3324 3208 3375 ἐστιν
3252 3323 3280 3374 ὁ
3337 3320 3704 3391 Ἐμμανουὴλ,

2135 3414 2394 3477 Θεοτόκος
2441 3414 2498 3467 δὲ
2540 3414 2606 3467 δι’
2637 3413 2800 3466 αὑτὸν
2844 3414 2936 3466 καὶ
2963 3415 2996 3483 ἡ
3046 3413 3281 3466 τεκοῦσα
3317 3411 3610 3482 Παρθένος.
3642 3412 3709 3465 Ei

2135 3505 2242 3576 γὰρ
2279 3505 2342 3574 δὴ
2372 3506 2536 3573 φάναι
2567 3522 2622 3557 τε
2657 3504 2812 3558 τοῦτο
2842 3505 2936 3558 καὶ
2981 3507 3194 3574 φρονεῖν
3224 3503 3471 3567 δεδιότες,
3518 3503 3578 3554 οὐ
3620 3519 3705 3554 νε-

2137 3598 2384 3666 νοήκασι,
2414 3596 2553 3648 κατὰ
2577 3595 2640 3648 τὸ
2676 3595 2846 3661 εἰκὸς,
2885 3596 2945 3649 τὸ
2975 3595 3110 3665 βαθὺ
3152 3594 3254 3665 τῆς
3285 3593 3564 3656 εὐσεϐείας
3598 3609 3702 3662 μυ-

2141 3685 2378 3754 στήριον.
2415 3685 2626 3754 Χρῆναι
2653 3684 2709 3736 δὲ.
2749 3683 3114 3754 ὑπολαμϐάνω
3141 3682 3226 3735 διὰ
3262 3681 3500 3752 βραχέων
3529 3681 3704 3733 εἰπεῖν

2135 3774 2234 3843 τήν
2283 3790 2341 3826 τε
2370 3772 2733 3844 ἁποστολικὴν
2764 3773 2858 3826 καὶ
2903 3772 3259 3842 εὐαγγελικὴν
3292 3770 3609 3841 παράδοσιν,
3639 3768 3708 3836 ἥν

2134 3865 2228 3917 ἐπὶ
2257 3865 2475 3936 Χριστῷ
2529 3868 2542 3908 i
2585 3867 2876 3934 πεποίηται
2925 3865 3002 3935 τῷ
3045 3866 3261 3919 πάντων
3298 3863 3562 3936 Δεσπότῃ,
3613 3865 3710 3914 καὶ

2132 3957 2350 4026 ἁπάσης
2393 3957 2450 4009 δὲ
2491 3958 2587 4026 τῆς
2617 3957 2973 4012 θεοπνεύστου
3025 3955 3249 4025 Γραφῆς
3288 3954 3378 4007 τὸν
3429 3953 3513 4007 ἐπ’
3563 3951 3710 4020 αὐτῷ

2134 4049 2352 4109 σκοπὸν,
2394 4049 2488 4102 καὶ
2516 4049 2636 4101 ὅποι
2688 4049 2817 4101 ποτὲ
2857 4047 3027 4116 βλέπῃ
3058 4044 3164 4097 τῶν
3203 4046 3304 4114 τῆς
3336 4044 3593 4114 ἀληθείας
3625 4043 3710 4098 δο-

2131 4138 2358 4210 γμάτων
2389 4141 2422 4210 ἡ
2450 4139 2696 4210 δύναμις.

463 4226 700 4284 omnium
745 4231 970 4285 Domino
1011 4229 1379 4295 tradiderunt,
1415 4237 1527 4284 tum
1568 4243 1629 4281 ea
1670 4243 1882 4297 quoque
1923 4244 2027 4283 non
2102 4230 2400 4300 praeterire,
2437 4245 2556 4298 qum
2598 4230 2651 4286 in
2730 4232 2942 4285 caateris
2981 4240 3182 4286 sancta:
3221 4229 3512 4296 Scriptura:
3553 4226 3709 4278 libris

464 4344 526 4382 ca
563 4331 676 4397 ipsa
715 4329 779 4382 de
817 4343 872 4382 re
908 4327 1212 4391 habentur;
1247 4337 1301 4380 et
1332 4327 1552 4380 omnino
1585 4340 1890 4393 exponere,
1927 4340 2038 4394 quo
2074 4336 2283 4394 spectet
2313 4328 2394 4381 vis
2459 4308 2768 4395 dogmatum
2799 4327 3062 4381 veritatis.

538 4427 626 4482 III.
666 4425 949 4480 Credimus
984 4423 1146 4492 igitur
1179 4422 1230 4474 in
1255 4437 1416 4474 unum
1439 4419 1602 4474 Deum
1624 4418 1838 4472 Patrem
1860 4419 2033 4474 omni-

2213 4421 2284 4473 I“.
2327 4419 2661 4491 Πιστεύομεν
2688 4419 2864 4474 τοίνυν
2890 4422 2972 4483 εἰς
2996 4419 3091 4472 ἕνα
3111 4418 3242 4472 Θεὸν
3268 4418 3486 4487 Πατέρα
3514 4433 3712 4468 παντοιτ

465 4524 734 4584 potentem
758 4555 772 4575 ,
801 4511 1091 4567 visibilium
1148 4519 1202 4564 et
1230 4509 1576 4564 invisibilium
1604 4509 1843 4563 omnium
1903 4524 2035 4563 con-

467 4610 719 4663 ditorem.
745 4606 811 4660 Et
841 4606 896 4660 in
928 4620 1091 4658 unum
1129 4601 1411 4658 Dominum
1439 4599 1621 4656 Jesum
1648 4600 1917 4654 Christum
1945 4600 2035 4655 Fi-

470 4699 594 4754 lium
638 4697 776 4769 ejus,
816 4706 943 4752 ante
980 4709 1140 4750 omne
1176 4692 1429 4748 saeculum
1468 4700 1520 4745 et
1561 4699 1772 4759 tempus
1812 4705 1879 4746 ex
1920 4692 2034 4760 ipso

473 4789 793 4845 naturaliter
824 4787 1086 4857 genitum.
1121 4783 1252 4838 Nam
1289 4782 1430 4851 quod
1461 4781 1528 4836 ad
1563 4790 1775 4849 tempus
1805 4781 2029 4845 attinet,

469 4892 621 4946 a-que
659 4875 903 4944 principii
943 4889 1166 4942 expers,
1207 4882 1261 4928 et
1297 4882 1596 4928 coazternus
1636 4877 1749 4938 est,
1788 4881 1950 4940 atque
1987 4871 2033 4924 is

470 4968 561 5037 qui
609 4967 758 5020 illum
807 4966 1021 5036 genuit;
1066 4965 1361 5033 eademque
1410 4978 1622 5033 quoque
1672 4971 1938 5030 potestate
1980 4971 2038 5016 et

468 5057 637 5123 gloria
674 5071 795 5112 cum
833 5054 923 5109 illo
956 5065 1070 5121 est,
1101 5069 1196 5124 per
1225 5055 1403 5109 omnia
1433 5053 1662 5122 denique
1691 5062 1747 5108 et
1777 5053 1829 5107 in
1859 5053 2035 5108 omni-

471 5146 571 5204 ltus
597 5145 769 5201 eidem
799 5145 1041 5214 aequalis.
1066 5142 1264 5213 Figura
1294 5156 1523 5210 namque
1549 5151 1604 5196 et
1630 5141 1883 5211 splendor
1906 5141 2034 5198 sub-

468 5239 679 5290 stantiae
719 5236 865 5290 illius
904 5235 1073 5291 est“.
1114 5233 1395 5290 Credimus
1434 5233 1775 5288 similiteret
1815 5233 1866 5286 in
1908 5247 2037 5288 san-

438 5364 440 5367 -
471 5340 612 5382 ctum
632 5343 846 5397 quoque
864 5327 1147 5397 Spiritum,
1168 5340 1326 5395 quem
1346 5341 1374 5378 a
1395 5325 1575 5384 divina
1593 5337 1783 5382 natura
1803 5325 2033 5386 alienum

563 5488 607 5519 ⁸³
647 5488 871 5556 Philipp.
898 5504 967 5549 tv,
1015 5487 1056 5538 ί.
1156 5487 1196 5516 ⁸⁸
1233 5485 1392 5541 Hebr.
1420 5502 1454 5548 t,
1487 5487 1538 5538 5.

2142 4515 2404 4585 κράτορα,
2447 4513 2666 4567 πάντων
2695 4511 2903 4584 ὁρατῶν
2935 4529 2994 4564 τε
3039 4511 3134 4564 καὶ
3165 4511 3410 4580 ἀοράτων
3457 4509 3707 4578 ποιητήν.

2141 4605 2251 4656 Καὶ
2281 4606 2358 4665 εἰς
2388 4603 2482 4656 ἕνα
2507 4602 2711 4672 Κύριον
2745 4601 2951 4671 Ἰησοῦν
2981 4600 3215 4672 Χριστὸν
3246 4599 3333 4652 τὸν
3368 4599 3493 4651 Υἱδν
3521 4597 3708 4660 αὐτοῦ,

2140 4691 2463 4760 γεννηθέντα
2494 4690 2636 4744 κατὰ
2667 4691 2826 4759 φύσιν
2857 4690 2914 4756 ἐξ
2947 4689 3110 4744 αὑτοῦ
3144 4689 3247 4761 πρὸ
3290 4686 3486 4748 παντὸς
3517 4685 3713 4747 αἰῶνος

2140 4785 2234 4837 καὶ
2264 4783 2488 4854 χρόνου’
2524 4782 2617 4836 καὶ
2648 4781 2756 4852 γάρ
2801 4781 2916 4834 ἔστι
2947 4781 3280 4851 συνάναρχος
3312 4778 3456 4833 κατὰ
3497 4777 3711 4847 χρόνον,

2140 4875 2232 4928 καὶ
2272 4874 2539 4935 συναῒδιος
2590 4871 2668 4942 τῷ
2717 4872 2832 4942 ἰδίῳ
2877 4872 3189 4942 Γεννήτορι,
3242 4867 3491 4938 σύνεδρός
3519 4883 3578 4918 τε
3615 4868 3714 4919 καὶ

2142 4962 2584 5034 ίσοκλεὴςαύτῷ,
2619 4963 2712 5016 καὶ
2745 4964 2949 5033 ἰσότητι
2998 4959 3435 5029 κατεστεμμένος
3475 4960 3541 5028 τῇ
3575 4956 3709 5028 πρὸς

2139 5054 2247 5105 πᾶν
2281 5051 2488 5106 ὁτιοῦν·
2510 5051 2798 5122 χαρακτὴρ
2829 5052 2935 5121 γάρ
2969 5051 3081 5102 ἐστι
3118 5048 3214 5101 καὶ
3242 5047 3582 5114 ἀπαύγασμα
3609 5046 3710 5112 τῆς

2142 5143 2487 5205 ὑποστάσεως
2519 5141 2704 5196 αὑτοῦ.
2738 5141 3072 5209 Πιστεύομεν
3098 5139 3154 5192 δὲ
3183 5139 3382 5208 ὁμοίως
3423 5138 3514 5190 καὶ
3543 5139 3622 5199 εἰς
3650 5136 3712 5187 τὸ

2141 5235 2364 5304 Πνεῦμα
2401 5235 2460 5287 τὸ
2488 5234 2661 5302 ἅγιον,
2703 5235 2802 5287 οὐκ
2834 5231 3108 5301 ἀλλότριον
3137 5231 3267 5284 αὐτὸ
3296 5230 3396 5298 τῆς
3425 5228 3574 5290 θείας
3604 5226 3710 5295 φύ-

2141 5343 2277 5387 σεως
2309 5324 2782 5394 καταλογιζόμενοι
2801 5340 2813 5353 ’
2845 5323 2938 5377 καὶ
2963 5322 3070 5392 γάρ
3100 5325 3246 5375 ἐστιν
3271 5321 3336 5374 ἐκ
3367 5316 3580 5390 Πατρὸς
3609 5335 3714 5386 φυα-

1584 5615 1752 5668 Variae
1785 5615 2040 5670 lectiones
2074 5617 2275 5672 (adicis
2309 5619 2670 5687 Seguicriaui.

541 5748 566 5801 l‘
599 5751 948 5831 μαθήσονται.
1029 5753 1045 5790 ί
1090 5750 1156 5801 ἵσ
1200 5753 1231 5803 '3
1259 5751 1350 5803 ἐπὶ
1379 5751 1483 5818 Χρ.
