4060 6422
499 387 522 440 ί
533 385 633 443 207

1485 399 1542 454 ε.
1581 400 1850 457 CYRILLI
1890 405 2354 466 ALEXANDRINI
2392 413 2704 472 ARClllEP.

3599 429 3736 484 1208

496 519 601 557 non
653 505 792 574 quod
853 507 903 560 in
963 523 1182 562 carnem
1239 511 1571 567 demutatum
1633 518 1931 584 transierit,
1969 535 2048 576 set

2170 525 2346 594 σάρκα
2382 529 2581 594 λαϐὼν,
2614 531 2689 594 ὡς
2717 533 2871 601 ἔφην,
2908 536 3002 587 καὶ
3044 538 3391 609 ἀνθρωπίνην
3425 541 3544 610 μεθ’
3578 541 3736 611 ἡμῶν

505 594 648 662 quod
684 609 748 648 ex
783 594 894 663 ipsa
929 609 1080 650 sacra
1116 596 1333 668 Virgine
1365 615 1581 656 carnem
1625 608 1938 674 susceperit,
1969 609 2067 664 hu-

498 699 845 753 manamque,
899 696 957 739 ut
1011 696 1136 741 ante
1192 691 1493 758 expositum
1551 706 1653 760 est,
1708 697 2060 766 nativitatem,

493 775 718 844 perinde
747 793 810 832 ac
841 794 958 842 nos,
990 781 1282 847 subiverit;
1321 800 1426 852 quo
1461 786 1714 839 nimirum
1759 788 1921 844 homo
1963 805 2061 845 no-

491 869 586 923 stri
624 884 785 923 causa
817 869 1039 937 factum,
1075 889 1226 927 more
1260 875 1477 942 quidem
1511 875 1740 930 aliorum
1784 880 2060 935 hominum

492 972 718 1014 mortem
752 972 1049 1030 pateretur,
1095 967 1403 1033 proculcato
1433 978 1610 1021 autem
1656 972 1846 1025 mortis
1891 971 2059 1041 impe-

491 1045 592 1110 rio,
625 1050 804 1104 divina
844 1052 892 1104 vi
932 1069 1142 1106 rursum
1188 1068 1513 1124 resurgeret.
1561 1057 1671 1111 Hoc
1715 1060 1857 1113 enim
1900 1063 2060 1118 modo

489 1127 690 1190 factum
727 1149 831 1202 est,
863 1150 922 1195 ut
965 1158 1060 1194 nos
1108 1159 1322 1211 quoque
1369 1161 1464 1213 per
1512 1146 1785 1202 Christum
1824 1150 2060 1217 vincere,

488 1237 815 1297 peccatoque
853 1231 1138 1296 debellato,
1165 1249 1227 1288 ac
1263 1237 1434 1302 posita
1489 1241 1833 1307 corruptione
1857 1281 1871 1303 ,
1914 1259 2060 1297 mor-

493 1329 595 1372 tem
626 1318 856 1388 ellugere
890 1336 1190 1389 possemus,
1221 1324 1512 1395 laetitiaque
1564 1327 1613 1380 in
1653 1328 1874 1382 Christo
1915 1332 2056 1400 pleni

2170 615 2470 684 ὑπομείνας
2521 621 2809 690 γέννησιν”
2873 625 2960 678 ἵνα
3017 628 3108 680 καὶ
3159 629 3441 698 ἄνθρωπος
3496 631 3735 698 γεγονὼς

2169 704 2309 775 ὑπὲρ
2363 709 2538 778 ἡμῶν,
2585 713 2829 784 ἀποθάνῃ
2873 715 2970 783 μὲν
3021 718 3395 788 ἀνθρωπίνως,
3431 721 3637 789 ἀναστῇ
3677 720 3734 772 δὲ

2167 796 2386 861 θεῖκῶς,
2419 803 2666 872 πατήσας
2703 805 2796 857 τοῦ
2827 804 3056 860 θανάτου
3086 809 3146 860 τὸ
3185 811 3404 878 κράτος.
3437 810 3592 864 υῦτω
3625 811 3734 879 γάρ

2163 881 2231 957 ἧν
2279 889 2537 944 δύνασθαι
2588 896 2681 947 καὶ
2721 897 2866 964 ἡμᾶς
2909 897 2983 960 ώς
3028 899 3086 951 ὲν
3133 900 3352 971 Χριστῷ
3403 903 3733 972 νικήσαντας

2169 983 2645 1052 κατευμεγεθῆσαι
2684 988 2782 1055 μὲν
2811 987 2908 1055 τῆς
2945 990 3240 1059 ἁμαρτίας,
3273 991 3648 1045 ἀποδύσασθαι
3675 991 3734 1044 δὲ

2165 1068 2262 1138 τὴν
2299 1070 2523 1140 φθορὰν,
2566 1075 2658 1126 καὶ
2691 1075 2975 1143 διαδρᾶναι
3007 1077 3257 1142 θάνατον,
3290 1079 3430 1133 οὕτω
3469 1098 3528 1133 τε
3559 1083 3733 1133 εἰπεῖν

2164 1160 2225 1210 ὲκ
2263 1164 2616 1232 περιχαρείας
2661 1167 2759 1234 τῆς
2787 1169 2843 1219 ἐν
2898 1170 3146 1240 Χριστῷ·
3182 1191 3201 1223 ‹
3238 1172 3344 1225 Ποῦ
3378 1175 3410 1242 ἡ
3442 1173 3562 1245 νίκη
3601 1191 3730 1238 σου,

2161 1247 2390 1313 θάνατες
2440 1253 2542 1305 ποῦ
2573 1255 2632 1306 τὸ
2660 1255 2884 1325 κέντρον
2917 1275 3031 1324 σου,
3063 1259 3200 1329 ᾂδη;
3238 1278 3256 1310 ι
3287 1260 3498 1330 Ὠσπερ
3531 1261 3638 1331 γὰρ
3673 1263 3732 1312 ἐν

2173 1339 2344 1408 ’Λδάμ
2387 1340 2773 1414 πεπτώκαμεν,
2820 1344 2962 1398 οῦτω
3005 1349 3368 1418 νενικήκαμεν
3400 1351 3457 1401 ὲν
3488 1349 3730 1419 Χριστῷ.

495 1411 794 1466 diceremus
824 1431 838 1466 :
875 1432 893 1464 ι
932 1412 1032 1469 Ubi
1060 1425 1162 1479 est,
1195 1431 1359 1482 mors,
1401 1418 1625 1472 victoria
1670 1424 1804 1474 tua?
1849 1423 1936 1477 ubi
1968 1434 2050 1480 est
2090 1427 2341 1484 stimulus
2366 1441 2510 1495 tuus,
2551 1411 2761 1490 inferne
2786 1436 2870 1489 "?
2897 1455 2914 1488 ι
2953 1435 3019 1491 Ut
3073 1411 3216 1492 enim
3247 1411 3299 1492 in
3336 1439 3502 1493 Adam
3531 1411 3725 1493 devicti

495 1518 700 1567 sumus,
733 1504 801 1557 ita
830 1520 1038 1558 rursum
1068 1507 1120 1560 in
1154 1507 1369 1562 Christo
1401 1511 1717 1566 devicimus.

555 1592 664 1648 Vll.
699 1596 850 1660 Quod
882 1597 927 1651 si
962 1598 1199 1667 vulgaris
1231 1609 1438 1653 tantum
1476 1601 1634 1656 homo
1661 1613 1806 1658 esset
1834 1603 2050 1660 Emma-

490 1685 632 1749 nuel,
663 1689 931 1754 quomodo
966 1704 1107 1743 mors
1139 1691 1372 1745 hominis
1398 1691 1643 1746 humana:
1668 1704 1870 1750 natura:
1897 1712 2052 1766 opem

2235 1612 2310 1666 Z'.
2356 1614 2416 1667 Εἰ
2446 1615 2501 1669 δὲ
2537 1616 2821 1688 ἄνθρωπος
2858 1614 2927 1690 ἦν
2958 1619 3131 1683 κοινὸς
3163 1619 3585 1692 ό.Ἐμμανουὴλ,
3613 1622 3732 1684 πῶς

2161 1700 2227 1755 ἂν
2250 1703 2498 1774 ὠφέλησε
2526 1709 2626 1777 τὴν
2669 1709 2958 1780 ἀνθρώπου
2987 1711 3146 1778 φύσιν
3179 1713 3206 1764 6
3231 1711 3518 1781 ἀνθρώπου
3567 1712 3732 1764 θάνα·

485 1775 739 1831 tulisset?
774 1778 1059 1834 Enimvero
1111 1796 1216 1834 non
1273 1783 1432 1851 pauci
1471 1793 1779 1838 sanctorum
1832 1789 2048 1855 prophe-

2160 1808 2280 1859 τος;
2333 1795 2522 1849 Καίτοι
2574 1800 2758 1852 πολλοὶ
2802 1801 3183 1870 προαπέθανον
3239 1801 3383 1868 ἆγιοι
3431 1802 3727 1870 προφῆται.

485 1877 660 1920 tarum
690 1878 918 1922 mortem
951 1870 1226 1934 obierunt,
1257 1883 1310 1926 ut
1346 1874 1747 1929 laudatissimus
1778 1876 1866 1930 ille
1892 1878 2059 1931 Abra-

482 1959 632 2023 ham,
687 1958 856 2022 Isaac,
907 1961 1110 2028 Iacob,
1158 1963 1403 2034 Moyses.
1455 1965 1703 2030 Samuel,
1758 1968 2057 2036 reliquique

480 2051 756 2120 deinceps,
792 2053 882 2122 qui
913 2055 1038 2107 vitae
1069 2057 1429 2110 sanctimonia
1455 2057 1760 2111 claruerunt
1788 2077 1802 2122 ;
1835 2075 2055 2113 verum-

483 2152 663 2197 tamen
703 2159 848 2198 mors
905 2144 1119 2199 illorum
1154 2149 1336 2212 generi
1390 2147 1626 2200 humano
1659 2148 1788 2201 nihil
1834 2150 2055 2202 omnino

479 2233 708 2288 contulit
739 2251 754 2288 :
789 2245 845 2288 at
892 2250 1020 2290 vero
1055 2251 1203 2291 mors
1250 2235 1450 2291 Christi
1486 2237 1710 2292 salutem
1765 2242 2050 2308 praestitit;

481 2325 747 2395 siquidem
775 2328 1047 2397 propriam
1077 2342 1174 2395 pro
1217 2328 1371 2382 nobis
1415 2326 1528 2399 ω
1571 2344 1788 2384 carnem
1835 2332 2051 2393 obtulit,

481 2415 752 2482 mortique
782 2415 1129 2482 semetipsum
1157 2415 1325 2470 nostri
1355 2431 1516 2470 causa
1555 2421 1898 2480 contradens,
1934 2434 2052 2469 Olli-

480 2518 579 2557 nes
603 2518 668 2556 ex
712 2505 902 2558 mortis
936 2492 1140 2572 laqueis
1174 2507 1396 2559 exeruit.
1451 2504 1600 2559 Unus
1633 2505 1774 2559 enim
1812 2523 1908 2574 pro
1936 2523 2051 2560 om-

480 2595 640 2648 nibus
673 2595 910 2648 moriens
954 2594 1234 2658 satisfecit,
1288 2606 1346 2649 ut
1385 2597 1473 2664 qui
1510 2597 1797 2664 plurimum
1843 2599 2052 2650 cmteris

479 2688 746 2756 omnibus
793 2688 1051 2758 dignitate
1103 2698 1404 2759 praestaret.
1459 2689 1594 2744 Nam
1635 2700 1687 2745 et
1738 2691 1829 2744 Dei
1877 2693 2051 2748 Patris

483 2778 714 2834 Verbum
750 2789 853 2843 est,
897 2790 952 2835 et
1005 2789 1193 2836 natura
1239 2782 1400 2848 Deus,
1445 2794 1500 2837 et
1535 2797 1729 2850 corpus
1769 2788 1908 2851 quod
1955 2801 2050 2853 pro

483 2873 636 2926 nobis
670 2873 719 2926 in
749 2874 966 2927 odorem
999 2875 1283 2929 suavitatis
1327 2874 1432 2928 Deo
1477 2885 1531 2927 et
1575 2873 1719 2930 Patri
1763 2874 2047 2941 offerebat,

478 2968 620 3021 illius
661 2969 934 3037 proprium
991 2967 1108 3022 fuit.
1169 2965 1391 3036 hnpium
1433 2978 1518 3022 est
1565 2983 1728 3039 ergo,
1782 2967 2049 3038 longeque

476 3059 945 3122 absurdissimum,
1002 3073 1167 3112 unum
1228 3058 1511 3114 Dominum
1564 3068 1806 3115 nostrum
1860 3057 2043 3116 Jesum

476 3148 750 3202 Christum
784 3149 836 3202 in
866 3149 998 3204 duos
1029 3149 1168 3204 ﬁlios
1209 3149 1482 3217 divellere,
1511 3151 1747 3205 maxime
1793 3167 1914 3206 cum
1959 3167 2044 3206 sa-

477 3239 850 3308 pientissimus
884 3239 1082 3295 Paulus
1127 3241 1251 3298 huic
1289 3243 1576 3296 sententiae
1626 3242 1826 3296 diserte
1871 3243 2046 3298 recla-

477 3343 604 3388 met.
637 3335 724 3387 Ait
763 3334 904 3387 enim
940 3349 952 3385 :
995 3351 1013 3384 ‹
1058 3332 1207 3388 Unus
1239 3333 1520 3398 Dominus,
1556 3350 1663 3388 una
1701 3334 1854 3399 ﬁdes,
1881 3349 2046 3389 unum

475 3423 739 3491 baptisma
766 3424 830 3476 “.
873 3442 896 3476 ι
930 3421 1061 3476 Nam
1091 3424 1134 3478 si
1169 3439 1309 3478 unus
1345 3425 1606 3478 duntaxat
1641 3434 1722 3479 est
1764 3424 2044 3490 Dominus,

473 3529 632 3582 quem
665 3514 736 3567 ilii
772 3515 825 3568 in
860 3515 991 3568 duos
1027 3515 1166 3568 lilios
1196 3515 1544 3578 distrahunt,
1573 3514 1708 3578 utri,
1742 3529 1950 3583 quaeso.
1975 3529 2042 3568 ex

475 3605 582 3659 illis
631 3604 1015 3657 dominationis
1054 3605 1277 3672 gloriam
1323 3604 1762 3672 assignabimus?
1823 3607 1903 3657 An
1952 3604 2044 3657 Dei

472 3695 653 3750 Patris
685 3696 866 3763 genito
895 3694 1110 3748 Verbo?
1134 3695 1187 3748 in
1223 3695 1365 3748 hunc
1393 3709 1642 3764 namque,
1670 3709 1790 3748 eum
1830 3695 2044 3748 univer-

473 3799 655 3837 sorum
685 3783 942 3838 Dominus
974 3784 1148 3852 reipsa
1180 3783 1284 3846 sit,
1311 3792 1363 3836 et
1397 3785 1702 3837 dominatus
1731 3798 1957 3848 nomen,
1989 3792 2044 3838 et

474 3890 562 3931 res
598 3877 713 3942 ipsa
746 3889 961 3944 quoque
995 3876 1162 3929 multo
1195 3879 1430 3931 maxime
1457 3877 1730 3929 convenit.
1766 3876 1910 3930 Cedo
1946 3891 2042 3928 au-

471 3978 605 4032 tem,
645 3982 755 4036 quo
781 3966 996 4022 interim
1047 3968 1166 4021 loco
1215 3966 1443 4020 alterum
1493 3966 1642 4020 illum
1683 3965 2044 4020 habebimus?

468 4057 603 4112 Nam
639 4072 760 4112 cum
811 4057 899 4112 hic
942 4057 1107 4126 priori
1159 4057 1260 4120 illi,
1307 4064 1494 4126 utpote
1544 4056 1768 4110 inﬁnitis
1800 4055 2044 4125 partibus

467 4147 778 4214 excelsiori,
815 4147 936 4216 jure
971 4148 1272 4216 meritoque
1317 4161 1570 4202 cessurus
1613 4148 1702 4212 sit,
1754 4162 2038 4201 necessum

468 4248 555 4293 est
612 4247 672 4292 ut
718 4239 1101 4292 dominationis
1154 4237 1364 4292 titulum
1415 4223 1639 4306 prorsus
1686 4239 1918 4292 amittat.
1973 4241 2043 4290 At

467 4329 853 4384 dominationis
885 4329 1090 4399 gloria,
1135 4338 1192 4382 ut
1233 4329 1307 4382 illi
1354 4329 1452 4396 ipsi
1492 4329 1582 4398 qui
1625 4339 1898 4396 separant,
1957 4329 2040 4382 di-

2173 1883 2422 1954 Ἀδραάμ
2471 1888 2676 1950 ἐκεῖνος
2721 1893 2750 1943 ό
2793 1890 3108 1960 διαὸόητος,
3147 1891 3350 1952 Ἰσαὰκ,
3384 1891 3476 1944 καὶ
3513 1891 3729 1954 Ἰακὼϐ,

2158 1973 2362 2044 Μωσῆς
2393 1993 2472 2037 τε,
2507 1979 2601 2031 καὶ
2632 1980 2884 2051 Σαμουὴλ
2909 2019 2923 2041 ,
2960 1982 3052 2034 καὶ
3095 1983 3143 2033 οἱ
3188 1982 3420 2051 καθεξῆς
3445 1983 3728 2050 γεγονότες

2159 2061 2303 2128 ἅγιοι
2325 2080 2336 2092 ⁸
2371 2063 2484 2115 ἀλλ’
2508 2065 2682 2136 ὢνησε
2725 2069 2822 2137 μὲν
2853 2069 3003 2122 οὐδὲν
3032 2070 3091 2122 τὸ
3118 2071 3210 2121 ἐπὶ
3239 2071 3341 2136 γῆς
3375 2070 3482 2122 τῶν
3511 2070 3728 2140 ἀνθρώ-

2158 2165 2280 2203 πων
2305 2152 2458 2220 γένος
2490 2156 2518 2206 6
2552 2157 2775 2210 ἐκείνων
2804 2157 3052 2223 θάνατος,
3076 2159 3282 2211 σέσωκε
3311 2159 3366 2211 δὲ
3395 2160 3422 2210 ὁ
3447 2159 3682 2230 Χριστοῦ
3707 2174 3723 2189 ⁸

2158 2245 2563 2314 προσκεκόμικε
2602 2249 2710 2316 γὰρ
2747 2249 2884 2318 ὑπὲρ
2919 2249 3074 2319 ἡμῶν
3103 2249 3200 2318 τὴν
3231 2249 3363 2301 ἰδίαν
3410 2251 3607 2317 σάρκα,
3633 2250 3729 2302 καὶ

2154 2333 2276 2397 δοὺς
2307 2335 2508 2406 αὐτὴνὶ
2571 2337 2647 2407 τῷ
2676 2338 2890 2408 θανάτῳ
2935 2339 3004 2391 δι’
3046 2341 3214 2408 ἡμᾶς,
3257 2340 3462 2402 πάντας
3494 2339 3728 2404 ἐξείλετο

2153 2424 2262 2476 τῶν
2308 2427 2401 2478 τοῦ
2447 2427 2675 2480 θανάτου
2724 2429 2959 2498 δεσμῶν.
2996 2430 3245 2498 ,Ἤρκεσε
3299 2430 3406 2499 γὰρ
3461 2426 3540 2491 εἷς
3585 2429 3726 2498 ὑπὲρ

2157 2515 2374 2567 πάντων
2423 2517 2708 2569 ἀποθανὼν
2766 2522 2794 2570 6
2844 2521 3060 2574 πάντων
3107 2520 3398 2590 ἀξιώτερος
3421 2561 3434 2582 ,
3492 2521 3575 2572 ὅτι
3630 2521 3726 2572 καὶ

2157 2605 2317 2672 φύσει
2352 2607 2484 2667 Θεὸς
2513 2609 2540 2659 ό
2570 2609 2633 2660 ἐκ
2663 2609 2870 2677 Πατρός
2904 2613 3019 2664 ἐστι
3046 2611 3240 2678 Λόγος,
3272 2608 3364 2662 καὶ
3401 2611 3528 2661 ίδιον
3558 2608 3722 2662 αὐτοῦ

2156 2692 2335 2760 σῶμα,
2367 2694 2424 2746 τὸ
2450 2694 2589 2765 ὑπὲρ
2625 2697 2781 2766 ἡμῶν
2812 2700 2890 2760 είς
2915 2699 3092 2769 ὀσμὴν
3120 2700 3346 2762 εὐωδίας
3378 2700 3452 2770 τῷ
3478 2699 3596 2768 Θεῷ
3629 2700 3724 2752 καὶ

2157 2783 2332 2853 Πατρὶ
2365 2787 2925 2856 προσκεκομισμένον.
2973 2788 3182 2841 Οὐκοῦν
3231 2789 3424 2851 ἀσεϐὲς
3446 2828 3460 2848 ,
3491 2789 3584 2840 καὶ
3614 2788 3724 2840 τῶν

2151 2873 2272 2925 λίαν
2307 2874 2719 2940 ὲκτοπωτάτων,
2752 2876 2813 2929 τὸ
2837 2877 3054 2948 τέμνειν
3082 2879 3158 2943 εἰς
3193 2879 3342 2942 υἱοὺς
3375 2879 3473 2931 δύο
3507 2877 3592 2931 τὸν
3623 2879 3720 2931 ἕνα

2151 2965 2354 3038 Κύριον
2389 2967 2594 3038 Ἰησοῦν
2640 2971 2890 3039 Χριστόν.
2931 2971 3298 3037 ’Λντιτὰξεται
3339 2971 3395 3022 δὲ
3427 2971 3607 3032 αὐτοῖς
3631 2970 3725 3022 καὶ

2154 3058 2182 3109 6
2211 3057 2518 3126 σοφώτατος
2554 3059 2764 3122 Παῦλος
2798 3060 3004 3128 λέγων·
3046 3081 3064 3112 ι
3106 3059 3206 3124 Εἷς
3235 3060 3460 3133 Κύριος,
3492 3061 3588 3130 μία
3629 3061 3724 3112 πί-

2153 3165 2291 3212 στις,
2335 3148 2392 3202 ἓν
2426 3150 2728 3220 βάπτισμα.
2772 3172 2789 3203 ι
2830 3154 2890 3206 Εἰ
2917 3154 3025 3224 γάρ
3069 3153 3183 3206 ἐστι
3219 3151 3423 3222 Κύριος
3455 3145 3534 3212 είς
3605 3145 3725 3204 εἶτα

2150 3241 2410 3309 τέμνουσι
2435 3260 2578 3305 τινες
2617 3246 2696 3308 είς
2727 3243 2820 3298 δύο
2853 3245 3003 3307 υἱοὺς
3043 3244 3134 3296 τὸν
3166 3243 3286 3306 ἕνα,
3327 3242 3434 3294 τίνι
3480 3241 3577 3312 τὴν
3623 3241 3723 3311 τῆς

2150 3332 2471 3401 κυριότητος
2497 3333 2654 3398 δόξαν
2687 3335 3088 3406 περιθήσομεν;
3136 3331 3246 3405 ἆρα
3291 3333 3370 3404 τῷ
3414 3334 3478 3385 ὲκ
3513 3325 3726 3402 Πατρὶς

2150 3421 2312 3488 φύντι
2360 3423 2550 3494 Λόγῳ;
2585 3424 2789 3494 πρέπει
2839 3425 2949 3496 γὰρ
2994 3424 3141 3494 αὐτῷ
3169 3424 3228 3477 τὸ
3257 3426 3356 3493 τῆς
3404 3423 3725 3493 κυριότητος

2149 3511 2324 3580 δνομά
2349 3529 2404 3564 τε
2441 3514 2677 3582 μάλιστα
2705 3515 2796 3566 καὶ
2822 3514 3032 3584 χρῆμα,
3061 3513 3157 3565 καὶ
3185 3511 3330 3565 ἔστιν
3369 3511 3582 3580 ἀληθῶς
3610 3509 3723 3562 τῶν

2149 3601 2288 3654 ὅλων
2319 3604 2615 3672 Δεσπότης.
2653 3598 2785 3656 Εἶτα
2820 3605 2943 3657 ὅποι
2973 3604 3102 3656 ποτὲ
3130 3603 3220 3656 τὸν
3249 3603 3432 3675 ἕτερον
3451 3602 3718 3672 θήσομεν;

2149 3691 2255 3756 ἔξω
2304 3694 2412 3764 γάρ
2443 3693 2684 3747 κείσεται
2718 3695 2810 3749 τοῦ
2840 3691 2978 3748 εἶναι
3016 3694 3240 3765 Κύριος,
3267 3693 3608 3765 παραχωρῶν
3641 3693 3723 3762 τῷ

2148 3785 2582 3854 προῦπάρχοντι,
2625 3786 2720 3838 καὶ
2753 3785 3101 3856 ἀσυγκρίτως
3138 3785 3520 3855 ὑπερηρμένῳ.
3557 3782 3724 3836 Ἀλλὰ

2148 3876 2227 3946 τῷ
2257 3877 2321 3928 ἐκ
2351 3876 2626 3942 γυναικὸς,
2658 3876 2732 3940 ὡς
2766 3867 2918 3930 αὐτοί
2961 3894 3124 3946 φασιν
3160 3875 3592 3938 ἀποδιιστάντες,
3623 3872 3724 3936 τὴν

2147 3967 2248 4036 τῆς
2302 3968 2619 4038 κυριότητος
2670 3967 2948 4038 ἀνάψομεν
2987 3967 3161 4032 δόξαν.
3215 3953 3519 4027 Εἶταπῶς
3571 3964 3725 4017 ἔσται

2149 4057 2352 4126 Κύριος
2394 4059 2421 4110 6
2461 4058 2524 4109 ὲκ
2565 4057 2700 4109 Θεοῦ
2738 4059 2950 4129 Πατρὸς
2989 4059 3181 4126 Λόγος,
3234 4059 3390 4126 εἴπερ
3422 4055 3572 4118 ὄντος
3603 4055 3725 4116 ἑνὸς

2146 4147 2374 4215 Κυρίου,
2411 4147 2552 4198 κατά
2595 4147 2694 4210 τὰς
2743 4147 3000 4218 Γμφάς,
3047 4145 3320 4218 ἀνθρώπῳ
3350 4145 3489 4215 ψιλῷ
3527 4145 3587 4197 τὸ
3621 4144 3722 4213 τῆς

2147 4237 2463 4306 κυριότητος
2489 4238 2658 4306 ὄνομα
2684 4238 3056 4308 χαριούμεθα;
3106 4237 3228 4300 Πῶς
3266 4237 3322 4289 δὲ
3355 4238 3448 4287 καὶ
3499 4235 3596 4304 μία
3629 4233 3722 4288 πί-

2148 4344 2299 4391 στις,
2329 4328 2360 4397 ἦ
2393 4327 2507 4390 πῶς
2534 4329 2591 4381 ἓν
2615 4329 2676 4380 τὸ
2702 4320 3015 4399 βάπτισμσὶ;
3048 4330 3113 4381 Ei
3142 4329 3250 4398 γὰρ
3278 4329 3383 4380 υἱοὶ
3411 4327 3533 4390 δύο,
3581 4325 3724 4378 κατά

466 4431 684 4497 cunt,_e
719 4421 943 4475 muliere
975 4428 1237 4490 prognato
1268 4420 1554 4474 tribuetur.
1585 4418 1718 4474 Cum
1761 4418 1925 4487 igitur
1952 4434 2040 4473 sa-

2155 4436 2320 4480 τινας,
2365 4420 2444 4480 είς
2483 4419 2603 4470 τίνα
2653 4419 3014 4489 πιστεύομεν;
3059 4418 3170 4489 Τῆς
3211 4417 3432 4470 ἐκείνων
3480 4414 3719 4485 ἀμαθίας

465 4527 681 4566 crarum
735 4512 1064 4570 Litterarum
1121 4510 1459 4573 testimonio,
1499 4525 1640 4564 unus
1691 4519 1902 4564 tantum
1963 4511 2037 4564 sit

465 4605 763 4669 Dominus;
799 4605 843 4658 si
874 4603 1258 4657 dominationis
1301 4600 1615 4656 vocabulum
1649 4602 1790 4656 nudo
1828 4601 2034 4656 homini

2145 4508 2306 4578 ἔργον
2347 4508 2411 4561 ἂν
2445 4508 2528 4578 εἴη
2560 4508 2758 4574 λέγειν,
2809 4509 2887 4572 εἷς
2918 4526 2970 4577 γε
3025 4510 3171 4572 τίνος
3232 4509 3403 4578 ὄνομα
3455 4504 3718 4577 βεόαπτί-

2147 4599 2341 4669 σμεθα,
2374 4600 2549 4653 καίτοι
2582 4600 2956 4670 βαπτίσματος
2994 4601 3142 4664 ὄντος
3174 4601 3310 4662 ἑνός.

466 4697 834 4767 iinpartimur,
892 4698 1164 4766 quomodo
1205 4697 1296 4750 Dei
1341 4695 1517 4750 Patris
1581 4695 1815 4750 Verbum
1875 4693 2258 4750 dominationis
2320 4694 2678 4762 appellatiOne
2726 4694 3549 4760 cohonestahimus?Quomodo
3597 4707 3720 4745 rur-
3815 4717 3824 4720 -

463 4803 579 4839 sum
633 4803 736 4840 una
768 4789 871 4840 erit
902 4789 1054 4850 ﬁdes,
1081 4799 1136 4844 et
1183 4805 1346 4843 unum
1403 4790 1532 4844 item
1588 4789 1894 4858 baptisma?
1932 4787 2064 4843 Nam
2108 4789 2153 4843 si
2185 4788 2288 4868 duo
2340 4796 2463 4841 sunt
2495 4787 2610 4850 lilii,
2656 4797 2712 4839 ut
2752 4787 2970 4856 quidam
3009 4789 3316 4856 opinantur,
3356 4787 3408 4840 in
3444 4799 3602 4853 quem
3651 4798 3719 4839 ex

463 4878 569 4932 illis
605 4878 918 4932 credimus?
956 4879 1168 4935 Illorum
1199 4882 1439 4944 inscitia:
1481 4882 1588 4936 erit
1637 4883 1848 4946 dicere,
1886 4881 1939 4934 in
1979 4879 2135 4950 cujus
2172 4879 2334 4935 etiam
2384 4878 2601 4932 nomine
2674 4880 2928 4946 baptizati
2993 4893 3216 4943 sumus,
3270 4893 3392 4932 cum
3447 4891 3609 4931 unum
3648 4875 3723 4930 sit

467 4970 752 5035 baptisma.

536 5063 668 5118 Vlll.
703 5062 956 5134 lntelligit
987 5067 1271 5134 prudentia
1312 5076 1488 5122 vestra
1535 5068 1818 5138 perspicue
1841 5109 1856 5135 ,
1888 5068 2030 5123 insa-

464 5172 588 5209 nam
619 5155 760 5209 hanc
793 5155 1093 5208 doctrinam
1133 5155 1184 5208 in
1221 5172 1466 5226 magnam
1515 5159 1898 5212 absurditatern
1951 5157 2036 5211 in-

461 5247 688 5310 clinare,
723 5248 833 5300 imo
859 5261 990 5302 vero
1025 5248 1078 5302 in
1117 5258 1416 5302 extremam
1461 5249 1801 5318 impietatem
1848 5250 2038 5320 praeci-

463 5334 623 5401 pitem
659 5334 809 5388 ferri.
838 5335 1098 5390 Existimo
1127 5347 1306 5391 autem
1335 5351 1448 5403 vos,
1478 5353 1597 5407 qua:
1631 5339 1869 5393 divinum
1903 5338 2032 5393 illud

2217 5067 2298 5119 H'.
2336 5065 2473 5118 Ἀλλ’
2504 5066 2606 5135 ὁρᾷ
2641 5082 2743 5118 που
2771 5065 2986 5127 πάντως
3027 5067 3061 5134 ἠ
3091 5065 3149 5116 ὲν
3177 5062 3305 5132 ὑμῖν
3343 5062 3592 5133 ἀγχίνοια
3629 5078 3722 5132 με-

2147 5155 2347 5208 θύοντά
2372 5173 2430 5208 τε
2482 5155 2574 5207 τὸν
2605 5155 2698 5207 ἐπὶ
2731 5156 2904 5224 τούτῳ
2941 5154 3118 5222 λόγον,
3169 5154 3264 5206 καὶ
3295 5152 3720 5222 κατασειόμενον

2143 5248 2222 5310 εἷς
2247 5263 2310 5314 γε
2359 5245 2420 5298 τὸ
2453 5245 2704 5312 ἀκαλλὲς,
2759 5245 2957 5316 μᾶλλον
3002 5245 3102 5314 ήδη
3155 5246 3248 5296 καὶ
3295 5244 3433 5314 πρὸς
3480 5243 3718 5314 ἐσχάτην

2146 5337 2400 5392 ἀσέϐειαν
2423 5334 3018 5408 ἀπονενευκότα.οἷμαι
3040 5337 3096 5390 δὲ
3121 5337 3268 5392 δείν’ι
3295 5337 3460 5407 ὑμᾶς,
3483 5334 3545 5442 τὸ
3570 5333 3718 5391 θεῖον

541 5489 586 5519 ⁸⁸
624 5490 794 5546 lCor.
831 5506 920 5556 xv,
956 5491 1042 5544 15.
1121 5492 1164 5524 ⁶⁹
1190 5491 1365 5562 Ephes
1395 5507 1470 5557 tv,
1497 5493 1548 5548 5.

1539 5649 1712 5706 Variae
1741 5652 2001 5710 lectiones
2039 5657 2241 5715 codicis
2274 5658 2630 5730 Seguieriani.

541 5778 553 5826 Ι
593 5779 802 5836 ἑαυτόν.
841 5780 1002 5834 αὐτόν
1023 5781 1082 5860 in
1105 5797 1206 5838 ms.
1242 5783 1612 5852 Seguicriano.
1694 5788 1720 5826 ιε
1745 5788 1830 5857 δή.
