4060 6410
314 423 456 481 1209

1412 411 1501 468 DE
1546 410 1775 470 RECTA
1812 408 1970 466 FIDE
2007 408 2101 463 AD
2145 403 2468 463 REGINAS.
2566 400 2579 409 ’

3416 390 3552 447 1210

312 529 480 587 αὐτοῦ
528 527 1093 598 πολυπραγμονούσας
1139 524 1455 596 μυστήριον,
1501 523 1613 589 ὀξεῖ
1651 523 1887 586 διανοίας

1991 522 2189 579 Christi
2242 516 2562 590 mysterium
2614 511 2919 569 accuratius
2964 507 3295 580 expenditis,
3344 505 3553 576 perspi-

311 620 523 693 ὄμματι
566 616 804 688 καθορᾷν
848 617 975 680 τοὺς
1025 615 1391 687 συναρπάζειν
1427 614 1743 677 ἐθέλοντας,
1786 615 1881 667 καὶ

314 711 655 780 προσωπεῖον
688 708 788 778 μὲν
840 706 1059 769 εὐσεϐὲς
1094 708 1207 770 τοῖς
1239 706 1390 771 ίδίοις
1419 706 1882 777 περιπλάττοντας

312 800 516 868 λόγοις,
550 795 754 868 βολίδος
777 813 838 865 γε
868 796 972 868 μὴν
1003 797 1219 866 ἁπάσης
1259 796 1512 867 ὀξύτερον
1536 796 1755 865 ἔχοντας
1782 796 1882 848 αὑ-

314 891 462 953 τούς.
502 888 815 957 ’Ᾱρνοῦντσι
853 887 952 957 μὲν
983 887 1111 957 γὰρ,
1151 888 1274 940 ὅσον
1303 883 1438 959 ἧκεν
1466 888 1639 940 εἰπεῖν
1667 889 1748 949 είς
1787 887 1882 940 δύ-

313 997 481 1049 ναμιν
506 977 767 1046 ἀληθείας
790 1020 805 1040 ,
860 979 952 1030 τὸν
984 978 1329 1047 ἀγοράσαντα
1359 977 1555 1040 αὐτοὺς
1583 977 1879 1047 Δεσπότην,

314 1068 565 1121 τουτέστι
594 1066 850 1137 Χριστόν.
884 1066 1126 1129 Δεδιότες
1171 1067 1225 1119 δὲ
1273 1065 1379 1119 τῶν
1424 1064 1664 1118 εὐσεϐεῖν
1695 1066 1883 1119 εἰωθό-

314 1175 426 1211 των
464 1156 564 1219 τὰς
611 1157 705 1208 ἐπὶ
735 1156 870 1226 τῷδε
953 1155 1163 1220 λύπας,
1221 1157 1314 1210 καὶ
1360 1157 1541 1227 μέντοι
1584 1157 1744 1225 ζῆλον
1794 1156 1884 1209 τὸν

314 1250 644 1316 ἀξιάγαστον
673 1288 685 1311 ,
720 1248 1098 1318 ὁμολογοῦσιν,
1140 1250 1221 1301 ὅτι
1269 1249 1363 1300 καὶ
1406 1247 1538 1309 Θεός
1579 1250 1724 1300 ἐστιν
1761 1248 1789 1300 ὁ
1820 1250 1885 1300 ἐκ

313 1338 416 1409 τῆς
462 1339 623 1405 ἁγίας
652 1338 929 1409 Παρθένου
960 1339 1376 1408 γεγεννημένος.
1412 1337 1504 1390 καὶ
1532 1339 1638 1407 μὴν
1678 1337 1760 1390 ὅτι
1790 1338 1883 1390 καὶ

315 1428 523 1499 Κύριος
548 1469 563 1492 ,
620 1429 714 1481 καὶ
762 1429 889 1490 Υἱὸς
939 1428 1033 1481 τοῦ
1076 1428 1232 1481 Θεοῦ.
1275 1430 1385 1481 Καὶ
1427 1430 1475 1481 εί
1522 1429 1620 1498 μέν
1652 1445 1734 1491 τις
1774 1427 1883 1482 τῶν

326 1518 516 1573 ἁπλῶν
543 1518 670 1582 τοὺς
702 1520 831 1590 παρ’
860 1518 1039 1571 αὐτῶν
1081 1518 1301 1589 δέξηται
1330 1518 1543 1587 λόγους,
1564 1523 1742 1589 νομιεῖ
1756 1539 1882 1585 που,

315 1607 458 1661 κατὰ
478 1607 539 1660 τὸ
582 1609 749 1673 είκδς,
793 1607 927 1679 ὀρθὰ
956 1609 1049 1661 καί⁵
1080 1609 1265 1662 εἰκότα
1292 1608 1491 1678 λέγειν,
1521 1611 1613 1664 καὶ
1638 1613 1751 1675 τοῖς
1783 1611 1885 1681 τῆς

316 1699 579 1769 ἀληθείας
612 1700 712 1753 οὐκ
743 1700 1018 1772 ἀπᾴδοντα
1040 1700 1327 1770 δόγμασιν.
1356 1703 1419 1755 El
1438 1703 1494 1755 δὲ
1519 1703 1582 1772 δή
1605 1720 1689 1769 τις
1711 1703 1884 1757 ἕλοιτο

317 1791 646 1861 κατισχνοῦν
700 1794 821 1855 ταῖς
860 1791 1110 1863 ἐρεύναις
1158 1794 1390 1857 αὐτοὺς,
1445 1796 1540 1847 καὶ
1586 1795 1648 1847 τὺ
1680 1794 1880 1866 ἀκριϐῆ

318 1884 590 1935 ποιεῖσθαι
636 1882 743 1935 τῶν
783 1884 1088 1954 εἰρημένων
1120 1884 1216 1955 τὴν
1264 1883 1516 1954 βάσανον,
1552 1886 1649 1956 οὐχ
1684 1884 1885 1939 ἁπλοῦν

318 1973 560 2043 εὑρήσει.
588 1973 710 2026 Εἰσὶ
736 1973 833 2044 μὲν
862 1973 971 2044 γὰρ
997 1974 1108 2027 θεοὶ
1136 1974 1343 2040 πολλοὶ,
1370 1977 1465 2029 καὶ
1492 1976 1672 2047 κύριοι
1704 1977 1889 2032 πολλοὶ

317 2062 377 2116 εν
409 2080 470 2117 τε
504 2062 720 2134 οὖρανῷ
752 2064 847 2116 καὶ
874 2063 967 2116 ἐπὶ
1000 2064 1098 2134 τῆς
1122 2065 1246 2133 γῆς,
1268 2066 1408 2118 καθὰ
1442 2066 1536 2120 καὶ
1563 2068 1591 2119 ὁ
1621 2069 1888 2139 μακάριος

317 2154 454 2222 ἡμῖν
488 2153 689 2223 γράφει
723 2150 952 2215 Παῦλος.
994 2171 1013 2204 ι
1062 2152 1220 2205 Ἀλλά
1260 2155 1390 2223 ἡμῖν
1427 2152 1507 2218 εἷς
1552 2156 1683 2218 Θεὸς
1710 2157 1739 2207 ό
1771 2157 1883 2209 Πα-

313 2244 422 2314 τὴρ
442 2283 457 2307 ,
502 2243 563 2307 ἐξ
588 2238 649 2298 οῦ
677 2244 744 2298 τὰ
781 2244 959 2297 πάντα
980 2284 995 2309 ,
1043 2244 1139 2299 καὶ
1173 2246 1332 2316 ἡμεῖς
1358 2247 1438 2310 είς
1462 2246 1653 2299 αὐτόν’
1685 2247 1780 2300 καὶ
1807 2242 1887 2312 εἷς

314 2333 522 2404 Κύριος
558 2333 765 2401 Ἰησοῦς
792 2332 1049 2404 Χριστὸς,
1073 2333 1142 2386 δι’
1170 2328 1230 2388 οὗ
1259 2335 1328 2387 τὰ
1359 2334 1559 2398 πάντα,
1602 2337 1699 2388 καὶ⁵
1724 2337 1888 2407 ἡμεῖς

313 2424 386 2478 δι’
415 2423 602 2479 αὐτοῦ.
627 2442 646 2475 ι
678 2424 825 2494 Πλὴν
852 2425 982 2477 ὅταν
1009 2417 1215 2493 Ἰησοῦν
1240 2426 1473 2498 Χριστὸν
1502 2427 1882 2498 ὀνομάζωμεν,

310 2512 407 2567 τὸν
449 2514 516 2565 ἐκ
558 2512 692 2566 Θεοῦ
738 2512 955 2584 Πατρδς
1003 2514 1175 2582 Λόγον
1224 2516 1283 2567 ὲν
1328 2515 1644 2587 ἀνθρωπείᾳ
1702 2521 1884 2589 μορφῇ

314 2603 597 2674 πεφηνότα
629 2603 985 2675 σημαίνομεν,
1012 2606 1109 2659 οὐκ
1133 2608 1191 2659 ἐν
1217 2607 1436 2677 χάριτος
1472 2609 1627 2679 μέρει
1665 2610 1758 2662 καὶ
1787 2611 1886 2661 ἐπ-

312 2694 480 2747 ακτὸν
531 2693 729 2760 ἔξωθεν
779 2688 973 2764 ἔχοντα
1015 2696 1074 2749 τὸ
1115 2695 1364 2766 ἀξίωμα,
1408 2697 1543 2751 ἀλλὰ
1573 2698 1702 2751 ὄντα
1731 2699 1888 2751 τοῦτο

315 2782 455 2837 κατά
486 2783 765 2853 ἀλήθειαν,
810 2786 949 2856 ὅπερ
992 2781 1135 2839 εἶναι
1174 2786 1551 2839 πεπίστευται.
1599 2788 1730 2850 Θεὸς
1779 2790 1886 2859 γὰρ

314 2876 391 2928 ὢν
416 2874 575 2944 φύσει
606 2876 699 2928 καὶ
725 2875 848 2946 δίχα
888 2876 1108 2947 σαρκὸς,
1145 2875 1422 2945 μεμένηκε
1451 2875 1583 2939 Θεὸς
1620 2878 1714 2930 καὶ
1748 2878 1885 2947 μετά

314 2966 550 3037 σαρκός·
584 2966 678 3019 καὶ
721 2967 848 3029 Υἱὸς
873 2967 949 3019 ὣν
979 2966 1137 3035 φύσει
1168 2968 1264 3020 καὶ
1316 2968 1421 3037 πρὸ
1456 2968 1676 3040 σαρκὸς,
1713 2970 1884 3039 μεμέ-

310 3071 478 3125 νηκεν
502 3053 631 3117 Υίὺς
673 3054 768 3108 καὶ
806 3054 944 3124 ὅπερ
970 3052 988 3091 ι
1022 3053 1213 3121 γέγονε
1256 3053 1391 3121 σάρξ
1413 3070 1427 3084 ’
1456 3054 1549 3105 καὶ
1576 3054 1778 3125 Κύριος
1810 3052 1884 3106 ὢν

313 3145 531 3216 ἀληθῶς
569 3145 678 3198 τῶν
710 3145 867 3210 ὅλων,
902 3146 960 3198 ὲν
1006 3146 1183 3216 τοιᾷδε
1229 3145 1391 3198 πάλιν
1438 3146 1630 3215 ὁρᾶται
1673 3122 1798 3217 δόξῃ
1822 3157 1882 3206 σι,

314 3237 410 3289 καὶ
439 3238 497 3288 ἐν
527 3236 909 3307 ἀνθρωπότητι
940 3235 1198 3304 γεγονώς.
1223 3235 1431 3288 Οὐκοῦν
1460 3239 1508 3288 εί
1536 3236 1667 3289 Θεὸν
1697 3236 1886 3305 ἀληθι-

312 3327 407 3381 νὸν
441 3322 579 3380 εἶναι
610 3326 827 3394 λέγουσι
863 3326 955 3379 τὸν
983 3327 1046 3378 ὲκ
1072 3327 1169 3395 τῆς
1199 3326 1358 3393 ἁγίας
1378 3325 1669 3397 Παρθένου
1694 3336 1899 3395 γεγεν-’

313 3415 570 3485 νημένον,
610 3416 858 3468 τουτέστι
886 3414 975 3469 τὸν
1005 3417 1067 3467 ὲκ
1102 3415 1234 3467 Θεοῦ
1267 3414 1478 3485 Πατρδς
1517 3415 1711 3483 Λόγον,
1749 3415 1887 3467 κατά

314 3507 482 3575 φύσιν
513 3507 784 3560 ὲνωθέντα
814 3507 1001 3578 σαρκὶ,
1019 3507 1108 3560 διὰ
1136 3506 1188 3559 τί
1219 3507 1453 3560 δεδίασιν
1481 3507 1787 3575 ὁμολογεῖν,
1805 3507 1887 3559 ὅτι

312 3598 573 3660 Θεοτόκος
611 3598 758 3650 ἐστὶν
785 3599 818 3667 ἠ
852 3598 982 3664 ἁγία
1009 3587 1319 3667 Παρθένος;
1360 3597 1523 3651 Ἀλλὰ
1550 3597 1751 3661 σκοπὸς
1789 3598 1913 3675 αὑ·-⁸

315 3688 432 3749 τοῖς
461 3686 895 3740 ὑποπλάττεσθαι
926 3687 1044 3755 μὲν,
1079 3689 1173 3740 καὶ
1203 3686 1401 3754 λέγειν,
1424 3688 1505 3740 ὅτι
1537 3689 1626 3761 να¹ι
1650 3688 1744 3741 καὶ
1758 3688 1909 3752 Θεός,

315 3777 458 3831 ἐστι.
505 3776 598 3828 καὶ
644 3773 849 3845 Κύριος
873 3813 888 3838 ,
917 3776 1012 3827 καὶ
1047 3774 1353 3846 συνεδρεύει
1398 3774 1475 3844 τῷ
1522 3769 1719 3847 Πατρί.
1752 3777 1882 3845 Φρο-

316 3864 471 3918 νοῦσί
498 3882 560 3933 γε
612 3864 718 3934 μὴν
746 3865 844 3934 οὐχ
871 3863 1013 3917 οὕτω
1057 3867 1199 3918 κατὰ
1247 3854 1526 3933 ἀλήθειαν,
1560 3866 1678 3919 ἀλλ’
1718 3856 1798 3931 ὡς
1830 3870 1887 3921 ὲν

315 3957 538 4030 χάριτος
586 3955 762 4028 μέρει,
795 3955 890 4008 καὶ
925 3955 1001 4017 ὼς
1032 3956 1096 4007 ὲκ
1138 3957 1417 4027 προκοπῆς
1464 3956 1708 4009 δεδόσθαι
1755 3959 1888 4025 φασὶ

314 4047 395 4118 τῷ
444 4048 510 4100 ὲκ
544 4047 643 4114 τῆς
691 4045 852 4113 ἁγίας
900 4042 1178 4114 Παρθένου
1209 4044 1372 4114 κοινῷ
1424 4045 1543 4098 καθ’
1597 4048 1745 4116 ἡμᾶς
1791 4049 1884 4100 ἁν-

316 4139 521 4210 θρώπῳ
550 4133 934 4217 γεγεννημένῳ
973 4138 1075 4208 τήν
1123 4154 1183 4190 τε
1221 4138 1319 4209 τῆς
1360 4137 1605 4208 υίότητος
1648 4139 1743 4192 καὶ
1787 4134 1909 4210 τῆς

318 4231 641 4301 κυριότητος
678 4229 856 4294 δόξαν.

1988 616 2098 670 caci
2131 613 2328 667 mentis
2364 609 2524 666 oculo
2560 607 2680 662 illos
2714 607 3109 668 internoscere,
3146 600 3237 669 qui
3286 598 3555 667 impostu-

1984 720 2101 760 ram
2130 703 2444 766 moliuntur,
2474 697 2818 765 orationique
2854 708 2967 750 sua:
3013 692 3228 763 pietatis
3265 700 3553 759 personam

1987 794 2269 857 inducunt,
2303 805 2426 847 cum
2453 788 2645 859 quovis
2675 785 2896 841 interim
2926 788 3190 837 venenato
3210 772 3553 848 jaculojma-

1985 883 2069 953 gis
2107 881 2307 936 feriant
2333 894 2349 933 :
2382 893 2505 933 nam
2531 877 2578 931 si
2605 874 2750 944 quod
2779 887 2865 927 res
2887 872 2999 940 ipsa
3023 877 3127 932 est,
3160 867 3335 937 palam
3365 863 3547 953 dicere

1987 950 2133 1038 licet,
2186 970 2472 1025 Dominum
2527 966 2761 1036 quieos
2807 960 3056 1024 redemit,
3103 959 3206 1012 hoc
3247 963 3350 1019 est,
3385 950 3571 1007 οιιτῑ-.

1986 1070 2152 1127 stum,
2210 1059 2539 1115 inﬁciantur.
2596 1055 2992 1111 Verumtamen
3055 1048 3265 1117 piorum
3309 1044 3378 1097 ob
3413 1042 3550 1094 hanc

1987 1168 2101 1209 rem
2149 1150 2536 1214 offensionem,
2592 1147 2876 1214 telumque
2926 1137 3273 1195 mmolatinne
3332 1132 3553 1200 dignum

1987 1253 2313 1308 metuentes,
2342 1257 2465 1298 eum
2498 1239 2592 1311 qui
2624 1253 2690 1293 ex
2723 1249 2879 1291 sacra
2916 1230 3132 1302 Virgine
3162 1235 3319 1282 natus
3353 1234 3470 1284 est,
3500 1228 3555 1274 et

1988 1338 2152 1392 Deum
2186 1348 2241 1391 et
2263 1334 2573 1395 Dominum,
2601 1338 2657 1386 et
2699 1327 2796 1383 Dei
2829 1325 3023 1381 Filium
3050 1334 3174 1377 esse
3202 1317 3547 1388 profitentur.

1986 1425 2141 1493 Quod
2170 1423 2218 1479 si
2262 1424 2354 1494 qui
2398 1435 2465 1477 ex
2508 1416 2821 1475 rudioribus
2868 1414 3080 1468 illorum
3110 1418 3385 1465 sermones
3417 1401 3556 1454 forte

1986 1515 2264 1581 hauriunt,
2288 1520 2436 1569 recta
2457 1525 2605 1576 mox,
2624 1518 2689 1563 ut
2715 1503 2996 1577 probabile
3026 1509 3129 1565 est,
3149 1506 3202 1553 et
3230 1494 3336 1568 47
3357 1504 3553 1581 conre-

1986 1606 2210 1672 nientia,
2244 1580 2300 1660 et
2320 1618 2441 1673 qua:
2472 1617 2503 1656 a
2536 1601 2767 1656 veritate
2792 1612 2897 1651 non
2933 1589 3293 1652 dissentiant,
3322 1583 3441 1638 illos
3473 1580 3554 1673 io—

1985 1695 2078 1765 qui
2105 1671 2459 1749 arbitrantur.
2507 1690 2707 1746 Verum
2742 1687 2834 1757 qui
2875 1684 3018 1739 dicta
3065 1679 3276 1733 illorum
3314 1671 3556 1727 exactius

1987 1761 2419 1857 perscrutantur,
2450 1792 2505 1838 et
2525 1780 2692 1852 justis
2722 1776 3051 1850 ponderibus
3099 1767 3435 1829 examinant,
3470 1761 3557 1816 ni-

1989 1877 2061 1931 hil
2108 1890 2213 1931 non
2251 1877 2491 1929 fucatum
2529 1887 2595 1926 ac
2645 1869 2959 1939 perplexum
3013 1860 3353 1931 comperiunt
3383 1872 3399 1911 :
3433 1861 3561 1910 sunt

1986 1968 2129 2025 enim
2158 1966 2230 2022 dii
2263 1963 2418 2020 multi
2454 1971 2511 2019 et
2560 1958 2764 2018 domini
2810 1955 2982 2020 multi,
3025 1963 3080 2008 et
3124 1952 3178 2023 in
3225 1947 3363 2005 ctelo
3401 1954 3458 2000 et
3501 1944 3556 1998 in

1986 2068 2152 2123 terra,
2175 2054 2630 2127 quemadmodum
2665 2050 2878 2106 divinus
2913 2045 3111 2100 Paulus
3154 2039 3415 2108 scriptum
3452 2048 3562 2089 no-

1984 2150 2070 2205 bis
2101 2138 2361 2217 reliqniti
2410 2164 2430 2196 ι
2472 2142 2639 2198 Nobis
2677 2151 2856 2196 tamen
2900 2152 3040 2193 unus
3074 2142 3157 2190 est
3196 2133 3334 2186 Deus
3370 2127 3556 2217 Pater,

1984 2254 2051 2294 ex
2082 2240 2189 2308 quo
2211 2216 2416 2302 omnia,
2451 2244 2507 2308 et
2554 2248 2652 2288 nos
2696 2232 2752 2286 in
2792 2229 2986 2285 illum:
3032 2235 3087 2280 et
3124 2236 3264 2278 unus
3299 2216 3557 2272 Dominus

1988 2303 2171 2386 noster
2201 2327 2359 2384 Jesus
2390 2303 2656 2389 Christus,
2692 2336 2786 2392 per
2817 2333 2977 2389 quem
3004 2315 3210 2393 omnia,
3247 2317 3299 2365 et
3334 2321 3431 2361 nos
3460 2316 3556 2373 per

1985 2421 2163 2490 ipsum
2187 2418 2257 2471 τ’.
2294 2437 2313 2470 ι
2345 2417 2610 2472 Caeterum
2652 2427 2775 2467 cum
2816 2410 2910 2464 Dei
2957 2406 3136 2461 Patris
3162 2402 3399 2457 Verbum
3445 2394 3557 2450 hu-

1988 2526 2145 2565 mana
2180 2507 2351 2564 forma
2380 2508 2654 2571 indutum,
2684 2502 2866 2558 Jesum
2892 2498 3168 2556 Christum
3191 2492 3556 2550 nominamus,

1987 2604 2306 2672 dignitatem
2340 2601 2487 2655 hanc
2518 2613 2624 2653 non
2660 2596 2869 2650 muneri
2904 2592 3110 2663 datam,
3142 2594 3237 2641 aut
3266 2583 3314 2638 ei
3346 2579 3555 2672 extrin-Z

1986 2667 2144 2747 secus
2178 2688 2531 2745 adventitiam
2567 2684 2828 2753 obtigisse
2861 2678 3259 2753 significamus;
3295 2670 3388 2725 sed
3417 2667 3560 2738 quod

1987 2784 2251 2838 creditum
2283 2787 2369 2834 est
2397 2790 2540 2839 esse,
2577 2777 2678 2829 hoc
2714 2775 2885 2841 ipsum
2929 2760 3229 2824 seettndum
3276 2761 3557 2816 veritatem

1986 2856 2107 2925 esse
2131 2869 2452 2924 indicamus.
2480 2865 2613 2919 Nam
2640 2879 2764 2918 cum
2797 2868 2953 2915 extra
2981 2871 3203 2913 carnem
3243 2862 3431 2922 suapte
3463 2865 3561 2905 na-

1989 2972 2112 3015 tura
2150 2959 2290 3013 Deus
2321 2966 2489 3021 esset,
2522 2964 2878 3026 posteaquam
2926 2963 3144 3004 carnem
3194 2947 3385 3010 induit,
3420 2943 3561 2996 Dens

1986 3067 2107 3107 esse
2143 3064 2247 3105 non
2293 3047 2543 3128 destitit,
2580 3044 2813 3099 Rursum
2870 3026 3018 3097 cum.
3049 3048 3173 3093 ante
3228 3041 3557 3102 assumptam

1991 3156 2212 3198 carnem
2268 3130 2535 3215 naturalis
2585 3137 2678 3190 Dei
2737 3134 2907 3189 Filius
2946 3141 3119 3195 esset,
3163 3128 3383 3199 quando
3430 3139 3562 3179 caro

1984 3234 2094 3303 jam
2124 3222 2322 3287 faclttm
2358 3238 2464 3294 est,
2497 3227 2617 3283 Filii
2653 3227 2915 3280 rationem
2949 3238 3052 3277 non
3089 3220 3289 3289 amisit.
3318 3216 3559 3270 Tandem

1986 3320 2110 3382 cum
2134 3324 2510 3379 universorum
2545 3319 2806 3374 Dominus
2836 3327 2960 3370 ante
3004 3313 3318 3370 exsisteret,
3355 3316 3564 3377 postea-

1986 3431 2148 3487 quam
2179 3414 2416 3468 humana
2447 3419 2639 3464 natura
2666 3416 2918 3461 ornatum
2947 3401 3169 3471 prodiit,
3195 3399 3263 3452 ab
3286 3394 3577 3471 eoordine

1987 3517 2043 3562 et
2072 3506 2336 3576 dignitate
2363 3519 2471 3558 non
2503 3498 2725 3556 excidit.
2749 3498 2918 3566 Igitur
2940 3496 2984 3550 si
3015 3508 3162 3557 enm,
3188 3490 3277 3560 qni
3313 3504 3379 3542 ex
3407 3500 3561 3542 sacra

1989 3583 2209 3667 Virgine
2242 3594 2464 3665 prodiit,
2483 3593 2588 3647 hoc
2618 3600 2700 3646 est
2728 3588 2823 3643 Dei
2850 3586 3025 3641 Patris
3040 3581 3279 3637 Verbum
3300 3577 3453 3635 carni
3476 3591 3565 3630 se-

1988 3691 2222 3744 cundum
2250 3697 2500 3743 naturam
2530 3683 2761 3747 unitum,
2798 3693 2983 3734 verum
3017 3675 3190 3729 Deum
3226 3684 3346 3726 esse
3396 3680 3564 3736 agno-

1990 3787 2170 3845 scunt,
2204 3795 2303 3835 cur
2341 3777 2591 3833 eamdem
2629 3772 2906 3841 Virginem
2941 3782 3060 3824 esse
3093 3765 3376 3833 Deiparam
3412 3755 3566 3811 fateri

1989 3868 2286 3924 verentur?
2314 3846 2509 3921 Verum
2532 3863 2662 3932 ipsis
2678 3857 3007 3930 propositum
3022 3864 3114 3929 est
3134 3853 3277 3923 haud
3299 3864 3363 3904 ex
3387 3847 3587 3925 animo~

1987 3955 2231 4027 profiteri
2256 3953 2499 4029 Virginis
2519 3951 2714 4029 Filium
2742 3948 2911 4001 Deum
2939 3958 3001 3996 ac
3018 3940 3325 4004 Dominum,
3351 3936 3568 3991 eadem-

1986 4023 2093 4119 que
2112 4061 2233 4101 cum
2269 4023 2431 4097 Patre
2455 4023 2775 4097 auctoritate
2794 4033 3075 4105 praeditum
3103 4042 3244 4094 esse,
3269 4027 3362 4082 sed
3388 4023 3567 4103 verbis

1988 4115 2199 4192 tantum
2222 4136 2323 4190 hoc
2338 4120 2516 4203 ipsum
2542 4125 2819 4186 simulare.
2840 4124 3164 4203 Existimant
3179 4115 3567 4199 enim,_homini

1989 4228 2057 4283 ad
2077 4234 2312 4281 nostram
2331 4192 2736 4301 similitudinem
2754 4233 2820 4273 ex
2835 4192 3028 4297 sancta
3045 4210 3266 4280 Virgine
3281 4192 3586 4295 prognato,‘

1900 4315 1906 4322 ’
1990 4333 2111 4374 cum
2138 4296 2434 4378 ﬁliationis,
2461 4323 2571 4366 tum
2598 4292 2980 4389 dominationis
2999 4316 3210 4389 quoque
3228 4299 3453 4389 gloriam
3470 4288 3587 4376 per;

385 4500 463 4553 Θ’.
497 4499 620 4552 Ὀτι
644 4499 701 4552 δὲ
728 4482 821 4552 καὶ
850 4500 884 4567 ἡ
922 4497 1209 4564 Θεοτόκος
1257 4498 1408 4569 φωνὴ
1439 4499 1533 4581 καὶ
1566 4500 1758 4564 ἀὐτοῖς
1797 4477 1967 4585 ire-.0

206 4650 213 4655 ,
312 4607 441 4659 γονε
473 4589 711 4659 συνήθης
736 4590 848 4652 τοῖς
877 4589 984 4659 πρὸ
1010 4588 1167 4659 ἡμῶν
1197 4588 1373 4657 ἁγίοις
1400 4589 1697 4675 Πατρόισιν,
1719 4591 1768 4644 οἳ
1794 4591 1911 4665 xui:

314 4683 405 4734 ἐπ’
435 4680 570 4751 ὀρθῇ
597 4679 967 4750 θαυμάζονται
991 4681 1192 4741 πίστει.
1211 4681 1304 4733 καὶ
1334 4682 1412 4743 είς
1438 4680 1597 4751 δεῦρο
1619 4683 1753 4735 πᾶσι
1775 4685 1887 4746 τοῖς

313 4772 420 4825 ἁνᾶ
455 4771 658 4834 πᾶσαν,
693 4771 768 4832 ὡς
796 4770 926 4832 ἔπος
963 4770 1156 4833 εἰπεῖν,
1201 4768 1300 4837 τὴν
1345 4759 1439 4819 ὑπ’
1476 4768 1726 4837 οὐρανὸν,
1776 4769 1886 4821 δεῖν
1904 4756 1911 4771 ’

312 4862 506 4933 ᾠήθην
534 4860 748 4931 ἀληθῶς
776 4859 1071 4929 ἀποφῆναι.
1096 4857 1216 4911 Ἵνα
1239 4857 1348 4927 γὰρ
1384 4857 1458 4927 μὴ
1487 4856 1700 4928 δοκοίην
1723 4858 1783 4910 τὸ
1807 4852 1917 4920 sit;~

314 4954 442 5006 νοῦν
487 4947 624 5023 ἧκον
671 4950 858 5014 ἁπλῶς
888 4948 1263 5010 ἀϐασανίστως
1292 4946 1489 5014 λέγειν,
1523 4949 1585 4999 ὲκ
1613 4947 1722 5000 τῶν
1749 4940 1917 4999 ὲκεί-’

317 5062 433 5107 νοις
482 5043 866 5113 πεποιημένων
916 5039 1137 5110 βιϐλίων
1184 5039 1241 5091 ὲν
1279 5038 1629 5109 Ἐκκλησίᾳιι
1652 5039 1681 5105 ,”
1707 5032 1911 5104 τὰέίς’

314 5136 479 5190 τοῦτο
528 5135 778 5205 χρήσιμα
824 5120 1295 5199 συνεισενεγκὼν,
1352 5131 1446 5181 καὶ
1491 5129 1758 5205 παραθεὶς
1809 5132 1917 5196 εἰς’

315 5202 1041 5302 ἀπόδειξινεῗκατασφραγιῶ
1065 5230 1089 5257 ο
1117 5224 1197 5286 είς
1217 5222 1474 5292 ἀλήθειαν
1494 5223 1621 5286 τοὺς
1639 5202 1887 5293 ⁵ιέμαυιιξοῦ

314 5319 534 5386 λόγους.
555 5319 702 5386 Ἔφη
735 5316 913 5369 τοίνυν
936 5314 1011 5379 ὡς
1034 5312 1250 5383 ἀληθῶς
1272 5314 1302 5367 ὁ
1329 5312 1727 5383 τρισμακάριος
1748 5315 1842 5368 καὶ
1858 5324 1888 5366 P

391 5471 438 5505 ⁷³
469 5468 490 5525 Ι
522 5469 648 5527 Cor.
676 5483 792 5536 vm,
822 5470 875 5523 6.

1995 4392 2215 4463 modum
2233 4390 2509 4475 cujusdam
2526 4382 2914 4475 gratiaacfper
2927 4380 3250 4475 progressus
3261 4387 3565 4465 obvenisse.

2068 4498 2163 4553 ιχ.
2190 4476 2368 4551 Porro
2390 4472 2568 4548 autem
2594 4478 2778 4546 Vocem
2817 4467 2980 4551 hanc:
3009 4467 3261 4551 Deip'ara',
3291 4472 3589 4561 veteribus:

1996 4570 2271 4655 Patribus,
2302 4577 2532 4657 quorum
2577 4579 2990 4657 sanctimoniam
3006 4570 3015 4649 ξ
3031 4562 3240 4649 etii-dei
3278 4567 3562 4647 integrita-

1998 4683 2102 4736 tem
2125 4668 2458 4734 admiramur
2481 4716 2497 4741 ,
2530 4660 2743 4729 necnon.
2767 4654 3019 4725 omnibus
3051 4665 3144 4735 qui
3179 4677 3272 4717 eos
3312 4660 3567 4725 deinceps

1997 4760 2273 4840 hucusque
2293 4764 2418 4825 sunt
2447 4752 2754 4845 'secuti‘per
2786 4749 3208 4845 universum-(ut
3250 4758 3322 4811 ita
3365 4753 3587 4833 dicam)l

1998 4850 2541 4929 terrarumnrbem,
2586 4836 2907 4910 familiarem
2955 4835 3135 4915 esse,"
3169 4836 3566 4903 ostendendum

1995 4940 2121 5011 esse
2154 4933 2489 5009 existimavi.
2512 4936 2592 5003 Ne
2621 4948 2764 5002 enim
2791 4932 2926 4998 citra
2949 4942 3241 5017 delectum,
3268 4952 3337 5016 ac_
3365 4946 3595 5018 temere

1996 5032 2608 5119 quidquid'in'mentem
2649 5030 2876 5119 venerit,
2902 5033 3130 5119 effutire
3170 5031 3376 5111 videar,
3409 5043 3591 5111 argui

1996 5116 2191 5193 mentis
2234 5150 2302 5191 ex
2352 5110 2528 5199 libris,
2560 5110 2949 5205 quos‘,illi_‘a‘d‘
2980 5110 3241 5203 Ecclesiae
3265 5110 3589 5203 utilitatem

1995 5216 2367 5301 composuere,
2400 5208 2637 5301 petitis,
2658 5231 2821 5301 atque
2856 5222 2962 5275 huc
2996 5218 3059 5296 ἱη⁸
3092 5214 3323 5298 medium
3349 5208 3589 5295 .a_llatis,.

1993 5298 2256 5374 orationis
2284 5304 2419 5371 inea:
2444 5298 2727 5371 veritatem
2762 5298 3085 5369 conﬁrmare
3119 5301 3360 5393 studebo.
3395 5299 3592 5379 Igitur.

1390 5604 1565 5711 Variae
1594 5599 1854 5713 lectiones
1882 5607 2474 5704 codicis.Seguieriani.

388 5722 583 5822 ἴστέ(
669 5769 711 5795 ³·
744 5718 932 5827 τάξει.⁸
990 5770 1017 5798 ιι
1040 5728 1384 5836 ’ἐκκλησίαις
1408 5744 1488 5795 ’”⁰
1518 5717 1961 5828 κατασφραγιιῦν.
2016 5742 2068 5806 Δ’1)
2389 5730 2403 5739 ’
