4060 6476
438 437 571 492 ﬁll

1428 440 1484 495 S.
1516 440 1797 496 CYRILLI
1848 435 2315 492 ALBXANDRINI
2352 438 2672 495 ARCIIIEP.

440 551 790 604 beatissimus
820 550 929 613 ille,
956 566 1019 605 ac
1038 561 1257 621 propter
1285 554 1502 620 pietatis
1526 553 1836 622 opinionem
1869 553 2007 619 apud

2135 550 2391 620 ῐιαὸόητος
2447 554 2527 615 είς
2575 550 2855 604 εύσέσειαν
2904 548 3258 612 Ἀθανάσιος,
3313 547 3341 598 6
3386 545 3678 616 γενόμενος

438 655 628 693 omnes
676 640 1061 695 celeberrimus
1104 642 1463 707 Athanasius,
1499 645 1591 713 qui
1633 643 2007 712 superioribus

2135 641 2250 694 ιατά
2300 644 2524 712 καιροὺς
2580 643 2675 712 τῆς
2733 639 3124 712 Ἀλεξανδρέων
3185 635 3509 708 Ἐκκλησίας
3560 636 3681 690 ἐπί-

442 730 775 799 temporibus
823 730 1163 787 Alexandria:
1206 732 1460 789 Ecclesia:
1511 735 1881 803 episcopatum
1930 743 2009 787 te-

2111 747 2312 795 σκοπος
2337 775 2351 798 ,
2389 734 2447 786 ἐν
2473 732 2552 804 τῷ
2578 732 2705 803 περὶ
2736 730 3065 803 σαρκώσεως
3098 730 3259 800 λόγῳ.
3286 729 3416 800 περὶ
3441 725 3677 798 Χριστοῦ

442 824 577 883 nuit,
610 821 749 876 libro
779 822 845 875 de
875 821 1094 878 Christo
1120 824 1403 879 incarnato
1439 825 1806 891 hujuscemodi
1831 825 2012 880 verbis
2109 820 2235 875 τάδε
2261 839 2275 853 ·

442 912 659 967 disserit
692 928 710 968 :

441 1023 554 1097 48
578 1027 859 1082 Athanasii
874 1029 1097 1095 episcopi
1122 1028 1462 1083 Alexandria:
1491 1047 1555 1083 ea:
1582 1029 1715 1083 libro
1742 1029 1818 1084 De
1839 1031 2012 1083 incar-

795 1100 1007 1152 natione
1046 1098 1213 1153 Verbi.
1236 1128 1305 1138 —
1328 1099 1402 1152 De
1432 1100 1665 1154 Christo.

513 1209 865 1278 Agnoscimus
901 1212 1045 1265 illum
1088 1212 1177 1267 Dei
1211 1210 1427 1277 Filium,
1460 1221 1513 1267 et
1558 1213 1723 1266 Deum
1762 1226 1884 1267 esse
1925 1226 2013 1267 se-

2125 1041 2475 1113 Ἆοανασίου
2529 1041 2871 1113 ἐπισκόπου.
2918 1036 3362 1113 Ἀλεξαζδρείας
3385 1077 3401 1099 ,
3458 1035 3539 1113 ἐλς⁵
3571 1031 3683 1086 τοῦ

2222 1112 2363 1178 Περὶ
2397 1109 2757 1178 σαρκώσεως
2784 1109 3000 1178 Λόγου.
3023 1138 3089 1149 -
3113 1106 3256 1175 Περὶ
3286 1106 3565 1173 Χριστοῦ,

2195 1220 2595 1291 Ὀμολογοῦμεν
2615 1222 2745 1292 γάρ,
2772 1222 2929 1292 φησὶ,
2951 1222 3043 1274 καὶ
3071 1216 3211 1275 εἶναι
3244 1218 3403 1273 αὐτὸν
3438 1216 3564 1270 Υἱὸν
3587 1215 3681 1270 τοῦ

446 1299 678 1352 cundum
702 1300 950 1368 spiritum
977 1317 991 1365 ;
1015 1301 1207 1355 Filium
1242 1313 1420 1357 autem
1451 1302 1685 1356 hominis
1719 1305 2011 1357 secundum

2135 1310 2272 1376 3206,
2308 1312 2403 1364 καὶ
2426 1312 2559 1365 Θεὸν
2586 1312 2725 1366 κατὰ
2753 1310 3007 1384 πνεῦμα,
3042 1312 3170 1365 Υἰδν
3214 1309 3503 1382 ἀνθρώπου
3539 1309 3686 1361 κατὰ

446 1402 705 1442 carnem:
756 1404 859 1444 non
907 1391 1039 1446 duas
1091 1401 1311 1445 naturas
1368 1408 1531 1446 unum
1585 1391 1801 1459 Filium,
1851 1407 2012 1447 unam

446 1478 795 1544 adorandam,
831 1481 1056 1536 alteram
1086 1499 1191 1537 non
1219 1485 1574 1545 adorandam,
1602 1484 1693 1537 sed
1726 1498 1887 1537 unam
1921 1498 2016 1536 na-

2117 1402 2317 1474 σάρκα,
2347 1403 2407 1455 οὐ
2440 1403 2533 1456 δύο
2567 1403 2759 1473 φύσεις
2786 1403 2878 1456 τὸν
2907 1404 3005 1458 ἕνα
3028 1402 3176 1468 Υίὸν,
3211 1402 3339 1472 μίαν
3376 1415 3689 1472 «pacatum-

2115 1493 2231 1563 τὴν,
2262 1493 2355 1547 καὶ
2387 1495 2517 1564 μίαν
2547 1494 2990 1565 ἀπροσκύνητονο
3025 1492 3162 1546 ἀλλὰ
3209 1491 3336 1562 μίαν
3383 1490 3544 1560 φύσιν
3588 1487 3684 1541 τοῦ

449 1577 619 1622 turam
671 1572 835 1625 divini
887 1572 1045 1628 Verbi
1097 1575 1464 1638 incarnatam,
1516 1590 1637 1644 qure
1682 1573 1842 1629 simul
1892 1590 2013 1629 cum

2135 1585 2249 1638 θεοῦ
2305 1585 2477 1652 Λόγου
2533 1585 2991 1655 σεσαρκωμένην,
3047 1583 3140 1637 καὶ
3201 1581 3687 1653 προσκυνουμένην

448 1659 563 1727 ejus
598 1677 762 1716 carne
796 1678 896 1717 una
953 1665 1268 1719 adoratione
1309 1665 1604 1721 adoratur:
1655 1677 1829 1733 neque
1882 1664 2016 1719 duos

450 1764 660 1805 rursum
688 1752 847 1818 ﬁlios,
873 1753 1098 1810 alterum
1124 1770 1308 1811 verum
1335 1756 1798 1827 adorandumque,
1826 1769 2017 1824 nempe

450 1836 641 1893 Filium
688 1841 816 1910 Dei;
865 1843 1090 1899 alterum
1124 1861 1186 1900 ex
1227 1844 1395 1899 Maria
1452 1846 1722 1901 hominem
1768 1860 1872 1899 non
1918 1846 2015 1899 ad-

450 1930 738 1994 orandum,
768 1935 859 1986 sed
890 1949 985 2003 per
1010 1935 1261 2005 gratiam,
1294 1937 1513 2004 perinde
1537 1951 1600 1992 ac
1629 1938 1807 1992 caeteri
1846 1936 2020 1991 homi-

452 2035 568 2086 nes,
613 2022 664 2075 in
704 2021 895 2078 Filium
944 2034 1246 2095 cooptatum
1286 2044 1299 2079 :
1344 2041 1529 2081 verum
1567 2043 1755 2095 unum,
1788 2037 1843 2083 ttt
1875 2027 2018 2093 dixi,

451 2110 645 2168 Filium
684 2113 797 2179 Dei,
839 2115 986 2170 illum
1033 2118 1204 2186 ipsum
1251 2118 1529 2183 nimirum,
1567 2128 1621 2174 et
1665 2135 1769 2175 non
1813 2120 2017 2183 alium,

452 2204 541 2273 qui
581 2219 647 2257 ex
689 2205 797 2260 Deo
837 2216 939 2260 est.
985 2208 1084 2273 Qui
1133 2210 1439 2266 novissimis
1486 2211 1676 2266 diebus
1725 2212 2019 2267 secundum

445 2311 671 2375 ‘carnem
703 2312 765 2348 ex
802 2296 967 2352 Maria
994 2309 1149 2354 natus
1180 2311 1283 2365 est,
1316 2303 1766 2370 quemadmodum
1799 2303 2022 2373 angelus

451 2386 692 2455 Deiparae
739 2384 953 2441 Maria}:
1011 2404 1030 2438 ι
1087 2387 1365 2454 Quomodo
1410 2390 1501 2444 [iet
1550 2391 1723 2457 istud,
1765 2395 2021 2461 quoniam

450 2478 626 2533 virum
657 2494 759 2532 non
790 2494 1057 2549 cognosco
1082 2480 1167 2532 "?
1208 2500 1226 2532 ι
1262 2481 1559 2536 sciscitanti
1621 2486 1890 2554 exposuit.
1933 2487 2023 2541 Ait

454 2584 724 2638 namque:
768 2589 787 2621 ι
828 2570 1065 2639 Spiritus
1108 2578 1331 2626 sanctus
1375 2575 1717 2640 superveniet
1762 2575 1813 2629 in
1853 2586 1924 2643 te,
1970 2588 2025 2632 et

452 2661 627 2714 virtus
675 2660 940 2714 Altissimi
996 2661 1338 2717 obumbrabit
1412 2663 1505 2717 tibi
1550 2681 1562 2718 :
1616 2665 1844 2734 ideoque
1882 2670 2023 2735 quod

454 2761 708 2802 nascetur
736 2764 799 2803 ex
850 2760 900 2803 te
935 2759 1203 2816 sanctum,
1239 2752 1523 2805 vocabitur
1564 2752 1733 2809 Filius
1768 2755 1858 2810 Dei
1885 2757 1951 2809 ".
2001 2775 2019 2807 ι

453 2839 502 2894 ls
534 2841 693 2909 igitur
715 2856 873 2909 quem
903 2839 1067 2909 Virgo
1093 2842 1319 2910 peperit,
1350 2850 1434 2896 est
1462 2858 1618 2897 verus
1655 2846 2028 2916 naturalisque

344 3000 347 3007 ε
456 2932 548 2986 Dei
581 2932 769 3000 Filius,
801 2943 854 2988 et
887 2933 1026 2988 Deus
1054 2948 1233 2998 verus,
1266 2948 1369 2987 non
1402 2935 1811 3004 participatione
1843 2937 1926 2992 vel
1958 2952 2024 2991 ex

458 3023 663 3090 gratia;
699 3024 989 3077 secundum
1017 3035 1232 3076 carnem
1269 3030 1473 3076 tantum
1515 3039 1676 3093 quam
1707 3026 1938 3093 sumpsit
1961 3040 2027 3079 ex

456 3111 655 3178 Maria,
688 3114 885 3181 homo;
926 3113 1219 3168 secundum
1263 3114 1545 3182 spiritum,
1591 3113 1759 3170 Fiiius
1800 3116 1929 3180 Dei,
1976 3127 2030 3170 ct

2119 1675 2259 1745 μετὰ
2297 1676 2397 1744 τῆς
2428 1675 2630 1745 σαρκὸς
2661 1674 2825 1729 αὑτοῦ
2864 1676 2963 1745 μιᾷ
3004 1674 3405 1745 προσκυνήσει⁸
3442 1669 3564 1723 ούδέ
3590 1667 3689 1721 δύο

2119 1766 2288 1830 υίοὺς,
2324 1764 2483 1819 ἄλλον
2511 1766 2609 1835 μὲν
2641 1765 2768 1817 Υἱὸν
2792 1761 2929 1816 Θεοῦ
2960 1762 3214 1831 ἀληθινὸν
3235 1762 3331 1814 καὶ
3359 1757 3692 1831 προσκυνού-

2053 1901 2099 1954 Β
2126 1873 2305 1927 μενον,
2340 1857 2496 1910 ἄλλον
2543 1856 2601 1908 δὲ
2644 1857 2708 1908 ἐκ
2740 1855 2961 1924 Μαρίας
2993 1854 3302 1923 ἄνθρωπον,
3335 1852 3410 1922 μὴ
3441 1866 3688 1954 προσκυῗ

2122 1945 2401 2015 νούμενον,
2430 1945 2572 1999 κατὰ
2609 1946 2769 2016 χάριν
2799 1944 2933 1997 Υἱὸν
2974 1942 3110 1997 Θεοῦ
3144 1943 3456 2012 γενόμενον,
3489 1941 3564 2003 ὡς
3592 1940 3687 1991 καὶ

2120 2034 2429 2105 ἄνθρωποι·
2467 2034 2604 2088 ἀλλὰ
2646 2034 2738 2087 τὸν
2780 2034 2845 2086 ἐκ
2893 2032 3064 2097 Θεοῦ,
3111 2032 3187 2095 ὡς
3217 2032 3373 2102 ἔφην,
3418 2030 3512 2087 ἕνα
3559 2028 3692 2081 Υίὺν

2121 2126 2280 2189 Θεοῦ,
2308 2128 2403 2178 καὶ
2428 2125 2561 2179 Θεὸν
2580 2124 2762 2189 αὐτὸν,
2791 2125 2884 2178 καὶ
2903 2125 3003 2177 ούκ
3034 2122 3211 2177 ἄλλον.
3244 2122 3353 2175 Καὶ
3380 2122 3445 2173 ἐκ
3470 2117 3693 2191 Μαρίας

2120 2217 2484 2288 γεγεννῆσθαι
2518 2218 2659 2270 κατά
2694 2216 2873 2285 σάρκα
2907 2213 2995 2266 ἐπ’
3031 2214 3275 2283 ἐσχάτων
3307 2212 3415 2264 τῶν
3445 2208 3690 2281 ἡμερῶν,

2121 2308 2196 2371 ὡς
2239 2308 2268 2359 ὁ
2312 2305 2541 2374 ἄγγελος
2578 2307 2645 2375 τῇ
2694 2303 2943 2372 Θεοτόκῳ
2986 2302 3175 2373 Μαρίᾳ
3209 2299 3444 2373 λεγούσῃ
3466 2315 3480 2330 ’
3514 2319 3531 2350 ι
3565 2298 3691 2361 Πῶς

2121 2398 2278 2451 τοῦτο
2337 2396 2514 2460 ἔσται,
2548 2396 2671 2448 ἐπεὶ
2728 2394 2896 2464 ἄνδρα
2948 2393 3009 2445 οὐ
3064 2390 3354 2461 γινώσκω;
3389 2409 3407 2442 t
3457 2389 3689 2457 Ἐλεγε-

2130 2507 2148 2537 ι
2183 2485 2408 2556 Πνεῦμα
2453 2486 2608 2554 ἆγιον
2656 2482 3010 2537 ἐπελεύσεται
3055 2481 3149 2533 ἐπὶ
3196 2482 3275 2545 σὲ,
3325 2481 3421 2534 καὶ
3470 2479 3695 2547 δύναμις

2136 2577 2392 2648 Ὑψίστου
2437 2576 2746 2629 ἐπισκιάσει
2805 2591 2915 2627 σοι·
2969 2573 3049 2626 διὸ
3100 2573 3195 2625 καὶ
3236 2572 3297 2624 τὸ
3358 2569 3697 2639 γεννώμενον

2126 2669 2300 2738 ἅγιον,
2329 2666 2663 2737 κληθήσεται
2709 2666 2838 2728 Υίὸς
2865 2663 3021 2718 Θεοῦ.
3057 2683 3076 2715 ι
3127 2664 3185 2716 '0
3214 2664 3391 2716 τοίνυν
3417 2661 3699 2731 γεννηθεὶς

2125 2763 2190 2812 ἐκ
2222 2762 2320 2829 τῆς
2357 2758 2517 2826 ἁγίας
2555 2758 2854 2826 Παρθένου,
2887 2757 3014 2820 Υἱὸς
3043 2755 3178 2809 Θεοῦ
3210 2754 3370 2824 φύσει
3394 2792 3410 2819 ,
3442 2755 3538 2807 καὶ
3564 2753 3697 2815 Θεὸς

2128 2849 2400 2920 ἀληθινὸς,
2445 2849 2539 2901 καὶ
2572 2848 2633 2901 ού
2677 2848 2859 2919 χάριτι
2896 2848 2990 2901 καὶ¹
3023 2847 3316 2918 μετουσίᾳ,
3348 2846 3490 2899 κατὰ
3517 2846 3721 2915 σάρκα,

2132 2941 2293 3009 μόνον
2332 2939 2429 3009 τὴν
2463 2940 2527 2992 ἐκ
2553 2939 2797 3009 Μαρίας,
2830 2938 3137 3009 ἄνθρωπος,
3174 2937 3316 2991 κατὰ
3354 2939 3411 2991 δὲ
3457 2937 3698 3007 πνεῦμα,

2129 3029 2293 3093 αὐτὸς
2324 3030 2452 3094 Υίδς
2491 3028 2584 3083 τοῦ
2620 3029 2756 3083 Θεοῦ
2792 3030 2883 3083 καὶ
2915 3029 3078 3092 Θεός·
3115 3029 3304 3084 παθὼν
3339 3032 3438 3099 μὲν
3467 3029 3536 3083 τὰ
3562 3028 3700 3099 ἡμέ-

2128 3135 2263 3187 τερα
2294 3119 2439 3189 πάθη
2462 3117 2601 3173 κατὰ
2637 3119 2851 3186 σάρκα,
2888 3118 3078 3190 ὥσπερ
3127 3119 3466 3190 γέγραπται·
3520 3138 3539 3169 ι
3575 3120 3707 3188 Χρι-

459 3202 600 3256 Deus
636 3204 768 3272 ipse.
797 3192 895 3271 Qui
937 3207 1149 3274 quidem
1189 3208 1483 3263 secundum
1528 3220 1745 3260 carnem
1776 3206 2028 3259 humana:

2135 3204 2259 3257 στοῦ
2287 3205 2548 3269 παθόντος
2577 3206 2714 3277 ὑπὲρ
2737 3206 2890 3276 ἡμῶν
2916 3206 3106 3277 σαρκί.
3144 3226 3161 3257 ι
3194 3208 3300 3259 Καὶ
3334 3208 3515 3260 πάλιν·
3557 3225 3576 3257 ι
3608 3207 3705 3270 ’ος

459 3302 660 3345 natura!
688 3295 1061 3348 convenientia
1090 3311 1280 3365 passus
1305 3304 1406 3351 est.
1434 3295 1709 3363 Seriptum
1741 3303 1825 3350 est
1847 3295 1989 3349 enim
2013 3313 2026 3349 :

465 3401 484 3433 ι
522 3382 738 3439 Chri'sto
768 3399 864 3453 pro
904 3386 1058 3440 nobis
1093 3388 1143 3439 in
1188 3403 1353 3442 carne
1402 3401 1561 3455 passo
1579 3386 1649 3439 ".
1692 3404 1711 3437 ι
1748 3384 1983 3439 Rursum
2016 3401 2031 3436 :

467 3491 486 3523 ι
525 3473 624 3540 Qui
675 3476 838 3528 etiam
885 3476 1102 3545 proprio
1132 3476 1268 3530 Filio
1316 3492 1419 3532 non
1477 3476 1748 3546 pepercit,
1799 3476 1891 3531 sed
1936 3490 2035 3544 pro

465 3564 714 3620 omnibus
759 3566 914 3620 nobis
944 3567 1163 3621 tradidit
1206 3567 1352 3629 illum
1377 3567 1467 3622 τις
1504 3586 1523 3618 ι
1563 3567 1911 3623 nihilominus
1949 3584 2037 3623 se-

467 3656 701 3709 cundum
733 3656 966 3709 divinant
998 3666 1245 3712 naturam
1292 3657 1641 3726 impassibilis
1682 3671 1747 3712 ac
1781 3659 2036 3712 immuta-

469 3745 592 3798 bilis
618 3760 787 3814 usque
816 3747 1132 3815 permansit,
1154 3747 1307 3816 juxta
1336 3747 1466 3801 illud
1498 3748 1772 3817 prophetae
1802 3762 2038 3817 pronun-

472 3838 659 3890 tiatum
692 3853 705 3890 :
743 3855 763 3888 ι
798 3839 906 3907 Ego
948 3837 1106 3902 Deus,
1149 3849 1204 3894 et
1248 3855 1354 3893 non
1405 3839 1671 3893 mutor".
1706 3858 1725 3891 ι
1798 3839 2039 3895 Mortuus

467 3939 550 3982 est
575 3944 708 3984 sane
745 3931 1037 3986 secundum
1088 3947 1308 3986 carnem
1354 3939 1534 3987 nostra
1581 3944 1776 3998 morte,
1824 3940 2036 3987 nostro-

467 4036 694 4091 rumque
721 4030 1063 4088 peccatorum
1094 4038 1295 4089 causa;
1326 4038 1432 4092 quo
1474 4023 1730 4077 nimirum
1774 4039 1871 4092 per
1900 4039 2043 4077 mor-

471 4119 577 4165 tem
640 4111 812 4165 nostri
869 4112 1042 4181 gratia
1099 4123 1447 4182 susceptam,
1499 4122 1727 4168 mortem
1775 4113 2039 4167 aboleret.

470 4201 607 4257 Hinc
641 4203 928 4273 Apostolus
960 4222 973 4257 :
1031 4220 1050 4253 ι
1083 4203 1345 4273 Absorpta
1374 4211 1459 4257 est
1496 4219 1645 4260 mors
1678 4204 1732 4258 in
1775 4204 1998 4259 victoria
2027 4221 2040 4257 :

475 4294 562 4349 ubi
596 4305 699 4359 est,
736 4308 901 4357 mors,
949 4295 1171 4348 victoria
1219 4296 1354 4349 tua?
1387 4296 1474 4350 ubi
1501 4305 1585 4350 est
1630 4295 1877 4350 stimulus
1901 4304 2044 4362 tuus,

474 4381 682 4436 inferne
699 4382 783 4436 7‘?
823 4401 842 4435 ι
892 4382 1131 4437 lterum:
1190 4402 1209 4435 ι
1242 4383 1489 4439 Christus
1538 4394 1783 4438 mortuus
1821 4395 1905 4438 est
1948 4399 2047 4454 pro

474 4473 709 4542 peccatis
743 4474 961 4540 nostris,
989 4475 1282 4528 secundum
1314 4475 1624 4543 Scripturas
1650 4476 1720 4528 ⁷⁸⁷.
1763 4494 1782 4528 ι
1821 4476 1888 4528 At
1917 4491 2047 4531 vero

2133 3313 2197 3365 γε
2242 3296 2335 3348 τοῦ
2390 3296 2520 3350 ἰδίου
2567 3295 2696 3349 Υίοῦ
2737 3297 2838 3349 οὐκ
2889 3297 3176 3365 ἐφείσατο,
3211 3297 3340 3376 ἀλλ’.
3376 3297 3515 3365 ὑπὲρ
3547 3296 3706 3366 ήμῶν

2135 3384 2354 3438 πάντων
2386 3385 2707 3456 παρέδωκεν
2754 3385 2939 3438 αὐτόν.
2988 3403 3006 3436 ι
3050 3384 3289 3450 Ἀπαθὴς
3326 3383 3383 3436 δὲ
3424 3382 3708 3452 διαμείνας

2134 3474 2229 3527 καὶ
2266 3474 2624 3536 ἀναλλοίωτος
2662 3474 2802 3526 κατὰ
2826 3473 2923 3544 τὴν
2955 3474 3202 3543 θεότητα,
3235 3472 3453 3525 κατὰτὸ
3475 3473 3705 3540 λεγόμε-

2135 3582 2224 3618 νον
2250 3565 2355 3618 ὑπὸ
2382 3563 2477 3617 τοῦ
2510 3567 2790 3635 προφήτου
2808 3581 2820 3593 ·
2848 3585 2865 3615 ι
2893 3564 3033 3631 Ἐγὼ
3052 3566 3204 3628 Θεὸς,
3238 3565 3331 3618 καὶ
3359 3565 3457 3617 ούκ
3485 3564 3710 3633 ἠλλοίω-

2140 3674 2253 3727 μαιῠ.
2291 3676 2309 3708 ι
2355 3656 2667 3709 Ἀποθανὼν
2706 3656 2803 3726 μὲν
2852 3657 2941 3709 τὸν
2980 3657 3249 3727 ἡμέτερον
3294 3656 3520 3709 θάνατον
3566 3655 3709 3708 κατὰ

2139 3748 2318 3818 σάρκα
2364 3747 2504 3816 ὑπὲρ
2530 3746 2638 3800 τῶν
2673 3748 2954 3818 ἁμαρτιῶν
3001 3748 3179 3819 ἡμῶν,
3228 3748 3314 3801 ἵνα
3340 3749 3430 3800 τὸν
3479 3746 3711 3800 θάνατον

2140 3837 2303 3908 ἀνέλῃ
2330 3836 2416 3890 διὰ
2446 3837 2538 3890 τοῦ
2569 3838 2708 3910 ὑπὲρ
2740 3838 2895 3908 ἡμῶν
2930 3838 3181 3906 Θανάτου,
3207 3838 3347 3891 κατὰ
3371 3837 3459 3890 τὸν
3487 3836 3714 3905 λέγοντα

2152 3927 2504 3981 Ἀπόστολον’
2559 3927 2892 3998 «Κατεπόθη
2940 3930 2968 3981 ὁ
3020 3928 3247 3992 θάνατος
3292 3930 3371 3992 εἰς
3406 3930 3573 3990 νῖκος.
3601 3927 3715 3980 Ποῦ

2144 4036 2259 4084 σου,
2292 4018 2510 4086 θάνατε,
2544 4018 2604 4072 τὸ
2643 4021 2824 4085 νῖκος;
2856 4019 2956 4073 ποῦ
2994 4037 3107 4084 σου,
3142 4020 3267 4092 eaq,
3301 4020 3361 4073 τὸ
3404 4020 3661 4086 κέντρον;
3690 4037 3709 4069 ι

2144 4109 2255 4162 Καὶ
2292 4108 2450 4162 πάλιν
2470 4125 2481 4137 ·
2514 4129 2531 4160 ι
2569 4108 2803 4180 Χριστὸς
2842 4108 3112 4164 ἀπέθανεν
3136 4111 3275 4180 ὑπὲρ
3300 4110 3408 4163 τῶν
3431 4108 3717 4179 ἁμαρτιῶν

2144 4198 2320 4270 ἡμῶν,
2348 4198 2491 4253 κατὰ
2523 4200 2621 4262 τὰς
2651 4199 2891 4270 Γραφάς.
2926 4219 2965 4250 »ι
2993 4200 3283 4263 Ἀθάνατος
3307 4199 3364 4252 δὲ
3408 4200 3505 4252 καὶ
3542 4200 3718 4269 ἀκρά-

2143 4308 2305 4362 τητος
2361 4291 2439 4362 τῷ
2484 4290 2698 4357 θανάτῳ
2746 4292 3027 4361 διαμείνας
3070 4290 3159 4344 διὰ
3188 4291 3288 4361 τὴν
3330 4291 3593 4361 θεότητα,
3639 4290 3718 4355 ὡς

2146 4381 2364 4452 ἀπαθὴς
2389 4380 2484 4433 τοῦ
2514 4381 2727 4451 Πατρὸς
2759 4381 3006 4451 δύναμις,
3044 4383 3185 4434 κατὰ
3215 4381 3306 4435 τὸν
3351 4382 3577 4450 λέγοντα
3610 4382 3721 4435 Πέ-

2149 4488 2276 4540 τρον
2297 4485 2311 4498 °
2348 4470 2409 4523 ού
2440 4470 2547 4540 γάρ
2590 4466 2657 4541 ἦν
2685 4471 2908 4523 δυνατὸν
2938 4471 3257 4542 κρατεῖσθαι
3283 4472 3444 4527 αὑτὸν
3484 4474 3589 4527 ὑπὸ
3616 4473 3715 4526 τοῦ

475 4566 769 4621 secundum
797 4565 1133 4619 divinitatem
1159 4566 1503 4630 immortalis,
1536 4565 1793 4634 omnique
1822 4566 2033 4622 interitu

2148 4562 2398 4617 θανάτου.
2445 4558 2579 4614 Εἶτα
2626 4562 2838 4625 τούτοις
2884 4563 3176 4633 ἐπιφέρει,
3224 4565 3515 4635 παρενθεὶς
3558 4565 3747 4635 ἐτερας

476 4656 722 4724 superior
744 4667 881 4721 erat,
912 4666 971 4709 ut
999 4656 1093 4723 qui
1129 4655 1441 4725 impatibilis
1466 4654 1643 4711 Patris
1677 4656 1848 4711 virtus
1880 4666 2044 4724 esset,

478 4745 951 4816 morteque,juxta
1006 4745 1149 4799 Petri
1201 4746 1523 4800 sententiam
1548 4746 1630 4812 ⁷⁸,
1687 4747 1854 4801 teneri
1902 4747 2049 4801 nullo

480 4837 641 4890 modo
684 4845 883 4905 posset.
931 4835 1136 4891 Deinde
1184 4836 1307 4890 aliis
1354 4835 1826 4906 “quibusdam
1873 4835 2048 4890 inter-

474 4926 654 4994 iectis,
719 4926 835 4981 haec
894 4927 1206 4996 subjungit:
1268 4927 1324 4981 Si
1383 4929 1503 4995 quis
1547 4935 1724 4981 autem
1778 4926 1922 4981 aliud
1982 4941 2050 4982 ex

482 5016 677 5069 divinis
733 5016 952 5069 Litteris
1011 5016 1292 5081 docuerit,
1341 5026 1395 5070 et
1438 5017 1603 5071 alium
1656 5016 1746 5072 Dei
1801 5016 1997 5073 Filium
2030 5058 2048 5084 ,

482 5102 647 5157 alium
723 5101 905 5157 Mariae
987 5117 1084 5171 per
1163 5104 1392 5173 gratiam
1467 5107 1637 5158 instar
1708 5104 1876 5159 nostri
1956 5103 2053 5156 ad-

486 5204 751 5265 optatum,
802 5191 1077 5263 prol‘essus
1126 5194 1308 5259 fuerit,
1354 5203 1605 5264 tanquam
1655 5195 1761 5249 duo
1796 5194 1904 5249 sint
1936 5193 2051 5259 ﬁlii,

489 5289 626 5341 alter
674 5285 766 5340 Dei
813 5287 1107 5341 secundum
1170 5296 1457 5351 naturam,
1510 5286 1599 5341 ille
1656 5287 1907 5341 videlicet
1963 5285 2057 5355 qui

489 5393 552 5432 ex
592 5377 699 5433 Deo
737 5388 928 5445 natus;
964 5377 1102 5432 alter
1132 5379 1429 5432 secundum
1461 5378 1760 5447 adoptionis
1793 5386 2055 5446 gratiam,

493 5468 655 5522 homo
686 5468 937 5522 nimirum
965 5468 1054 5537 qui
1092 5483 1157 5522 ex
1186 5465 1355 5521 Maria
1380 5469 1624 5523 exstitit:
1658 5475 1752 5523 aut
1781 5470 1825 5524 si
1848 5469 2058 5525 Domini

497 5559 661 5613 nostri
691 5573 908 5614 carnem
938 5574 1042 5615 non
1070 5574 1136 5613 ex
1167 5557 1392 5628 Deipara
1439 5557 1658 5628 Virgine
1702 5558 1865 5613 Maria
1913 5574 2058 5615 sum-

2156 4651 2358 4723 μεταξὺ
2387 4649 2592 4713 οὕτως·
2625 4651 2688 4703 El
2729 4650 2786 4703 δέ
2825 4667 2908 4713 τις
2941 4652 3091 4721 παρὰ
3127 4650 3298 4704 ταῦτα
3333 4655 3398 4705 ἐκ
3427 4652 3534 4704 τῶν
3561 4651 3725 4705 θείων

2151 4741 2385 4815 Γραφῶν
2429 4741 2669 4795 διδάσκει
2695 4782 2710 4805 ,
2742 4741 2931 4811 ἕτερον
2960 4742 3133 4810 λέγων
3161 4742 3251 4796 τὸν
3285 4743 3407 4797 Υἰὸν
3440 4744 3534 4795 τοῦ
3561 4742 3725 4804 Θεοῦ,

2153 4832 2248 4883 καὶ
2273 4830 2459 4900 ἓτερον
2488 4829 2576 4882 τὸν
2599 4829 2662 4881 ἐκ
2688 4830 2927 4898 Μαρίας,
2959 4830 3098 4883 κατὰ
3131 4831 3289 4902 χάριν
3321 4830 3725 4901 υίοποιηθέντα,

2155 4922 2231 4985 ὼς
2267 4923 2425 4991 ἡμεῖς
2450 4936 2463 4948 '
2490 4920 2566 4982 ὡς
2596 4916 2734 4973 εἶναι
2764 4920 2863 4972 δύο
2888 4922 3035 4984 υἱοὺς
3054 4961 3069 4985 ,
3102 4921 3196 4974 ἕνα
3238 4921 3377 4974 κατὰ
3409 4920 3568 4989 φύσιν
3596 4920 3727 4974 Υίδν

2154 5011 2249 5065 τοῦ
2280 5010 2414 5065 Θεοῦ
2444 5011 2535 5063 τὸν
2569 5012 2633 5063 ἐκ
2674 5010 2809 5065 Θεοῦ
2831 5049 2847 5074 ,
2876 5011 2970 5064 καὶ
3000 5011 3095 5063 ἕνα
3125 5011 3265 5064 κατὰ
3309 5012 3493 5081 χάριν,
3529 5011 3622 5063 τὸν
3660 5011 3727 5064 ἐκ

2156 5103 2378 5175 Μαρίας
2418 5096 2743 5173 ἄνθρωπον·
2775 5101 2807 5172 ἦ
2841 5102 2893 5153 εί
2923 5118 3006 5163 τις
3045 5101 3144 5170 τὴν
3188 5099 3279 5152 τοῦ
3322 5084 3528 5171 Κυρίου
3568 5100 3729 5171 ἡμῶν

2160 5194 2340 5264 σάρκα
2365 5191 2571 5247 ἄνωθεν
2601 5192 2774 5261 λέγει,
2822 5192 2917 5266 καὶ
2948 5191 3023 5261 μὴ
3052 5192 3115 5243 ἐκ
3160 5191 3259 5259 τῆς
3296 5191 3571 5263 Παρθένου
3608 5193 3730 5245 Μα-

2161 5285 2283 5355 ρίας
2303 5301 2316 5315 ⁸
2354 5285 2387 5354 ἢ
2412 5286 2714 5355 τραπεῖσαν
2735 5283 2832 5353 τὴν
2855 5282 3081 5351 θεότητα
3112 5284 3190 5345 εἰς
3220 5283 3421 5355 σάρκα,
3452 5282 3495 5353 ἦ
3515 5299 3729 5352 συγχυ-

2161 5377 2368 5440 θεῖσαν,
2414 5377 2447 5447 ἢ
2485 5374 2887 5435 ἁλλοιωθεῖσαν,
2923 5372 2956 5445 ἦ
2992 5372 3241 5443 παθητὴν
3266 5376 3366 5443 τὴν
3392 5374 3487 5426 τοῦ
3519 5373 3731 5443 Κυρίου

2162 5467 2426 5537 θεότητα,
2477 5465 2510 5536 ἦ
2559 5464 2971 5536 ἀπροσκύνητον
3019 5464 3117 5534 τὴν
3166 5464 3260 5517 τοῦ
3315 5464 3521 5534 Κυρίου
3573 5463 3734 5533 ἡμῶν

2166 5558 2346 5630 σάρκα
2390 5558 2464 5620 ὡς
2515 5556 2802 5627 ἀνθρώπου
2863 5555 2956 5608 καὶ
2990 5555 3064 5625 μὴ
3095 5555 3475 5627 προσκυνητὴν
3505 5555 3580 5618 ὡς
3615 5556 3733 5607 Ku-

568 5716 607 5744 "‘
637 5708 765 5768 Cur.
803 5730 841 5774 t,
876 5713 985 5767 34;
1039 5713 1085 5744 ⁷⁸
1114 5710 1244 5765 ibid.
1276 5714 1363 5767 55.
1441 5714 1486 5745 ⁷³
1514 5712 1532 5766 Ι
1561 5715 1697 5767 Pctr.
1741 5728 1810 5780 tv,
1847 5714 1892 5767 l.
1973 5714 2019 5746 ⁷⁸
2054 5715 2209 5769 Rom.
2242 5730 2360 5781 vttl,
2401 5712 2488 5766 5‘2.
2565 5712 2611 5744 ⁷⁵
2640 5708 2868 5766 Malach.
2905 5726 2993 5774 tu,
3022 5709 3074 5763 6.
3151 5709 3199 5742 "
3233 5707 3252 5762 Ι
3308 5709 3431 5765 Cor.
3489 5724 3577 5778 xv,
3638 5707 3729 5765 55.

480 5781 547 5836 t"
583 5786 707 5838 ibid.
745 5786 797 5837 4.
876 5780 923 5812 ⁷⁸
960 5786 1063 5836 Act
1118 5795 1180 5844 tt,
1214 5781 1266 5835 4.

3534 434 3689 489 ηις-
3793 396 3810 412 ’
