4060 6416
318 413 458 472 1913

1406 410 1491 465 DE
1535 410 1762 467 RECTA
1801 408 1958 466 FIDE
1994 411 2082 465 AD
2122 407 2438 465 REGINAS.

3415 407 3554 465 1214

322 533 436 604 ρίου
464 530 558 583 καὶ
594 527 728 582 Θεοῦ
760 529 957 598 σάρκα,
991 526 1201 593 τοῦτον,
1232 526 1618 597 ἀναθεματίζει
1671 530 1705 597 ἡ
1753 527 1883 594 ἁγία

1997 533 2151 591 alam,
2183 524 2276 578 sed
2306 521 2521 578 ccelitus
2555 520 2815 588 dilapsam
2847 518 3247 589 prmdicaverit;
3295 527 3386 571 aut
3417 519 3553 573 'livio

319 620 579 691 καθολικὴ
614 618 1253 691 Ἐκκλησία,·πειθομένη
1291 619 1370 689 τῷ
1397 618 1527 690 θείῳ
1572 619 1883 689 Ἀποστόλῳ

1997 616 2205 668 titatem
2243 614 2294 666 in
2328 620 2545 666 carnem
2573 624 2808 671 versam,
2846 621 2938 664 aut
2967 610 3269 673 confusam,
3301 619 3393 661 aut
3439 624 3544 662 mu-

318 718 560 783 λέγοντι·
599 734 617 767 ι
658 714 725 768 Εἴ
766 732 850 778 τις
881 716 1009 786 ὑμῖν
1038 713 1449 783 εὐαγγελίζεται
1473 754 1489 778 ,
1521 713 1649 785 παρ’
1681 712 1710 764 ὃ
1738 728 1882 783 παρ-

1980 712 2189 769 tatam;
2247 712 2341 756 aut
2402 700 2614 756 Domini
2661 700 3001 755 divinitatem
3053 698 3402 768 passibilem;
3461 704 3556 750 aut
3637 736 3639 740 ι

319 804 560 865 ελὰὄετε,
590 805 839 874 ἀνάθεμα
866 804 1024 857 ἔστω.
1052 821 1070 853 ι
1103 803 1212 857 Καὶ
1232 802 1405 859 ταῦτα
1433 801 1532 872 μὲν
1559 802 1587 853 ὁ
1615 800 1884 872 μακάριος

1997 794 2217 864 sjusdem
2261 792 2468 847 Domini
2497 791 2663 846 nostri
2709 806 2945 852 carnem,
2991 790 3154 846 veluti
3196 789 3323 843 nudi
3379 787 3556 841 homi-

332 894 649 959 Ἀθανάσιος
675 911 690 925 ·

1982 886 2085 949 nis,
2116 883 2338 937 minime
2377 882 2702 937 adorandam
2755 881 2987 945 dixerit;
3034 883 3177 934 hunc
3215 879 3554 932 anathemate

318 987 504 1058 plectit
536 996 720 1041 sancta
752 995 808 1041 et
838 985 1112 1072 .catholica
1186 984 1446 1047 Ecclesia,
1514 982 1672 1037 dictis
1716 977 1957 1047 Apostoli
2000 989 2193 1044 parens
2230 976 2301 1027 ita
2350 974 2678 1028 scribentis:
2726 990 2744 1023 ι
2783 970 2838 1026 Si
2874 971 2999 1039 quis
3028 970 3180 1023 vobis
3218 964 3551 1036 evangeliza-

317 1078 462 1132 verit
489 1088 684 1147 praeter
713 1079 763 1132 id
804 1063 946 1146 quod
992 1077 1292 1145 accepistis,
1335 1079 1620 1130 anathema
1684 1073 1845 1127 sit".
1883 1087 1902 1119 ι
1949 1066 2234 1133 llucusque
2269 1067 2458 1119 beatus
2512 1063 2862 1118 Athanasius.

392 1168 449 1222 l'.
493 1163 661 1239 Οἶμαι
706 1168 763 1223 δὲ
801 1168 911 1223 δεῖν
965 1169 1058 1221 καὶ
1112 1167 1315 1240 ἑτέρων
1356 1166 1526 1235 ἁγίων
1573 1163 1886 1216 ἐπισκόπων

319 1256 644 1327 παραθεῖναι
679 1258 882 1327 φωνὰς,
914 1259 1005 1313 τὸν
1039 1258 1199 1312 αὑτὸν
1227 1258 1454 1328 ἐχούσας
1488 1254 1710 1309 σκοπόν.

766 1500 1040 1556 Ἀττικοῦ
1076 1500 1435 1554 ἐπισκόπου.

393 1636 639 1706 Σήμερον
674 1634 908 1705 Χριστὸς
935 1636 964 1688 ὁ
995 1635 1273 1705 Δεσπότης
1304 1635 1403 1704 τὴν
1436 1634 1533 1704 τῆς
1580 1633 1879 1701 φιλανθρω-

323 1728 456 1792 πίας
485 1728 737 1797 γέννησιν
764 1726 1080 1792 ἀνεδέξατο*
1104 1726 1202 1796 τὴν
1242 1725 1350 1797 γὰρ
1375 1725 1471 1794 τῆς
1517 1724 1703 1794 θεϊκῆς
1731 1724 1889 1789 ἀξίας

324 1816 701 1889 πῳῦπῆρχεν.
727 1812 873 1870 Εἶτα
904 1817 1137 1882 τούτοις
1161 1815 1428 1884 ἐπιφέρει
1456 1815 1669 1885 ,τεάλιν-
1704 1814 1761 1867 Ὀ
1790 1814 1890 1883 τῆς
1923 1845 1964 1898 Β

325 1907 736 1978 φιλανθρωπίας
769 1907 941 1976 Λόγος
971 1906 1220 1961 κενοῦται
1243 1946 1258 1970 ,
1300 1906 1571 1969 ἀκένωτος
1602 1907 1702 1974 τὴν
1728 1905 1889 1975 φύσιν

323 1998 633 2069 τυγχάνων·
665 1998 854 2051 ἑαυτὸν
885 1997 993 2068 γὰρ
1022 1996 1288 2060 ἐκένωσε,
1323 1996 1537 2067 μορφὴν
1570 1995 1755 2048 δούλου
1795 1994 1891 2048 λα-

324 2086 460 2142 ϐών.
496 2088 554 2141 Ὀ
602 2088 843 2159 ἄσαρκος
891 2087 1209 2157 σαρκοῦται,
1246 2104 1265 2137 ι
1307 2086 1368 2139 '0
1395 2086 1566 2155 Λόγος
1600 2085 1734 2155 σὰρξ
1771 2084 1889 2153 ὲγέ-

324 2196 468 2234 νετο.
504 2198 523 2231 ι
574 2180 632 2235 '0
665 2180 777 2249 ἁφῇ
828 2179 903 2249 μὴ
944 2178 1267 2231 ὑποπίπτων
1313 2176 1401 2231 διὰ
1440 2175 1500 2229 τὸ
1534 2178 1631 2245 τῆς
1673 2174 1890 2243 φύσεως

321 2270 633 2342 ἀσώματον,
669 2270 1005 2341 ψηλαφᾶται.
1049 2269 1108 2321 Ὀ
1138 2267 1371 2338 ἄναρχος
1404 2266 1508 2318 ὑπὸ
1534 2265 1708 2336 ἀρχὴν
1740 2265 1889 2332 γίνε-

320 2377 413 2414 ται
445 2362 783 2431 σωματικήν.
837 2359 896 2413 '0
941 2357 1144 2419 τέλειος
1176 2355 1364 2422 αὔξει,
1405 2354 1435 2407 ὁ
1468 2355 1735 2425 ἄτρεπτος
1763 2369 1890 2422 προ-

320 2449 534 2515 κόπτει,
561 2452 589 2503 ὀ
615 2449 868 2512 πλούσιος
900 2450 957 2501 ἐν
987 2448 1329 2517 καταλύματι
1354 2445 1699 2499 τίκτεται.’ῡ
1733 2460 1889 2514 περι-

326 2538 541 2594 ϐάλλων
568 2537 659 2593 τὸν
691 2538 916 2610 οὐρανὸν
956 2539 1015 2591 ὲν
1058 2537 1310 2607 νεφέλαις
1332 2576 1348 2602 ,
1386 2533 1792 2607 σπαργανοῦται
1814 2547 1828 2561 ⁸
1863 2534 1892 2585 ὁ

326 2631 583 2704 βασιλεὺιι⁸
615 2633 675 2687 ὲν
702 2630 878 2703 φάτνῃ
913 2630 1279 2686 κατατίθεται.

761 2932 1069 3003 Ἀντιόχου
1097 2906 1453 2986 ἐπισκόπου.

401 3064 501 3122 “Ov
524 3064 652 3136 χθὲς
681 3065 967 3137 ἀκράντοις
1005 3064 1241 3134 λοχείαις
1281 3063 1510 3134 Σωτῆρα
1539 3062 1669 3131 ἡμῖν
1694 3061 1727 3129 ἡ
1756 3060 1890 3124 Cmo—

2062 1156 2129 1211 Χ.
2166 1157 2431 1212 Existimo
2457 1165 2636 1210 autem
2662 1164 2716 1210 et
2744 1155 2968 1208 aliorum
2999 1165 3216 1221 quoque
3246 1157 3554 1204 sanctorum

1989 1246 2362 1317 episcoporum
2401 1246 2718 1309 sententias,
2743 1246 2939 1314 quibus
2970 1243 3110 1296 idem
3143 1243 3339 1295 docere
3362 1251 3558 1308 propoo

1987 1338 2149 1391 situm
2180 1344 2283 1405 est,
2314 1336 2623 1405 neutiquam
2664 1336 2750 1390 hic
2774 1334 3098 1389 omittendas
3128 1346 3270 1386 esse.

2551 1469 2714 1522 Attici
2738 1468 2986 1537 episcOpi.

2064 1604 2237 1659 Hodie
2264 1601 2510 1659 Christus
2558 1601 2817 1657 Dominus
2848 1596 3193 1666 benignitatis
3226 1609 3349 1665 erga
3380 1591 3554 1647 homi-

1994 1711 2090 1749 nes
2118 1695 2456 1748 nativitatem
2482 1691 2725 1760 suscepit
2756 1706 2770 1741 :
2814 1688 3010 1741 divina:
3048 1686 3241 1754 quippe
3283 1681 3558 1753 dignitatis

1997 1784 2277 1837 nativitate
2318 1781 2743 1853 prmexsistebat.
2785 1779 2943 1832 Addit
2990 1778 3074 1831 Itis
3110 1788 3358 1829 rursum:
3400 1771 3559 1826 Beni-

1992 1876 2210 1944 gnitatis
2243 1872 2499 1937 Verbum,
2538 1880 2659 1925 cum
2701 1877 2889 1936 suapte
2932 1875 3123 1922 natura
3171 1861 3557 1919 exinanitionis

1990 1980 2159 2035 capax
2213 1981 2317 2020 non
2365 1972 2528 2028 esset,
2573 1960 2911 2023 exinanitur,
2959 1957 3141 2013 servili
3191 1956 3334 2010 enim
3383 1953 3554 2006 forma

1988 2067 2235 2127 suscepta
2278 2056 2624 2125 semetipsum
2669 2051 2983 2109 exinanivit.
3038 2049 3139 2115 Qui
3194 2060 3391 2115 expers
3441 2052 3558 2098 erat

1988 2151 2205 2213 carnis,
2255 2162 2419 2202 carne
2470 2145 2741 2209 induitur,
2798 2161 2817 2194 ‹
2872 2140 3101 2197 Verbum
3173 2152 3299 2192 caro
3357 2135 3555 2189 factum

1989 2251 2071 2297 est
2100 2241 2167 2295 ⁸ο.
2200 2257 2218 2292 ι
2270 2239 2369 2305 Qui
2419 2239 2489 2293 ob
2546 2246 2793 2290 naturam
2840 2232 3083 2300 corporis
3131 2236 3405 2296 expertem
3460 2223 3558 2278 sub

1993 2342 2193 2387 tactum
2225 2346 2329 2385 non
2356 2328 2625 2391 veniebat,
2662 2324 2943 2395 palpabilis
2978 2320 3227 2376 edicitur.
3278 2316 3376 2382 Qui
3409 2314 3560 2384 prin-

1989 2424 2188 2491 cipium
2216 2420 2510 2485 nesciebat,
2563 2417 2858 2472 secundum
2909 2426 3105 2481 corpus
3145 2408 3358 2465 initium
3396 2407 3560 2461 sorti-
3598 2453 3613 2457 ,

1994 2524 2100 2568 tur.
2124 2513 2224 2579 Qui
2254 2512 2501 2565 absolute
2528 2508 2801 2579 perfectus
2829 2514 2971 2569 erat,
3008 2505 3341 2556 incrementa
3369 2498 3555 2552 sumit.

1993 2608 2093 2674 Qui
2121 2606 2361 2660 converti
2394 2619 2498 2657 non
2530 2593 2727 2671 potest,
2753 2598 2985 2668 prolicit.
3020 2594 3123 2661 Qui
3166 2594 3315 2650 dives
3342 2598 3468 2653 est,
3506 2588 3560 2642 in

1993 2697 2292 2752 diversorio
2318 2696 2574 2767 gignitur.
2601 2692 2702 2757 Qui
2726 2689 2924 2745 malum
2952 2687 3180 2741 nubibus
3205 2685 3356 2754 tegit,
3382 2679 3563 2734 fasciis

1996 2786 2304 2842 involvitur.
2335 2784 2439 2851 Qui
2469 2798 2562 2837 rex
2599 2790 2706 2844 est,
2741 2781 2794 2833 in
2826 2776 3089 2847 praesepio
3117 2773 3424 2843 deponitur.

2518 2910 2763 2968 Antiochi
2786 2911 3030 2980 episcopi.

2067 3055 2235 3122 Quem
2268 3053 2519 3106 hesterno
2548 3028 2632 3103 die
2667 3060 2763 3116 pro
2796 3053 2978 3099 nostra
3012 3040 3186 3095 salute
3218 3035 3566 3092 immaculato

324 3128 561 3227 1:620:31
589 3128 923 3221 καλλιτόκος,
944 3157 977 3225 ἡ
1007 3128 1387 3224 με’γαλοτὸκος,
1493 3128 1820 3221 φαεσφόρος.
1851 3149 1883 3217 ἡ

2000 3145 2286 3217 puerperio
2322 3141 2553 3212 genitrix
2588 3141 2737 3201 vitae,
2772 3145 2945 3190 mater
2969 3128 3381 3203 pulchritudinis
3404 3169 3418 3192 ,
3450 3140 3567 3179 tua--

326 3247 700 3319 δλπιδοφόρος,
728 3248 760 3317 ἡ
785 3247 1065 3311 Θεοτόκος,
1098 3248 1131 3317 ἡ
1158 3245 1455 3310 ξενοτόκος,
1481 3246 1514 3314 ἡ
1546 3240 1895 3311 παρθενομή-

326 3356 443 3409 τωρ
467 3338 621 3392 ῶδινε
646 3340 855 3409 Μαρία.

340 3558 716 3638 Ἂμφιλοχίου
769 3558 1105 3638 ἑπισμόπου
1160 3558 1436 3638 Ἰκονίου,
1488 3559 1555 3612 ἐκ
1603 3558 1711 3612 τοῦ
1756 3559 1891 3626 Περὶ

641 3628 751 3694 τῆς
787 3629 938 3682 κατὰ
972 3629 1170 3697 σάρκα
1200 3628 1556 3698 γεννήσεως.

408 3761 473 3813 Ἡ
500 3760 726 3831 ἀλήθεια
770 3762 1040 3832 ἐγνώσθη,
1093 3764 1126 3833 ἡ
1173 3746 1334 3833 χάρις
1370 3758 1522 3833 ἦλθε,
1568 3762 1662 3815 καὶ
1709 3763 1741 3830 ή
1783 3759 1897 3831 ζωὴ

326 3855 522 3924 ἐφάνη.
567 3854 627 3907 '0
654 3852 748 3906 τοῦ
774 3852 907 3906 Θεοῦ
951 3852 1025 3906 ὢν
1054 3853 1199 3916 Υἱὸς,
1232 3855 1260 3906 ὁ
1284 3854 1347 3905 ἐκ
1372 3853 1506 3906 Θεοῦ
1532 3853 1722 3920 Λόγος,
1761 3850 1899 3921 σὰρξ

328 3943 547 4011 ἐγένετο
582 3944 648 3997 δι’
676 3944 845 4014 ἡμᾶς,
877 3943 963 3996 ἵνα
995 3943 1220 4009 θνητοὺς
1239 3943 1318 4004 είς
1346 3941 1490 4011 ζωὴν
1523 3941 1739 3994 αἰώνιον
1765 3943 1897 3994 ἀνα-

329 4035 525 4104 στήσῃ,
552 4034 647 4088 καὶ
676 4036 740 4087 ὲκ
768 4034 876 4087 τῶν
905 4033 1112 4104 νεκρῶν
1140 4033 1417 4104 ἀνεγείρῃ.
1451 4033 1508 4085 '0
1532 4031 1768 4099 Ποιητὴς
1788 4030 1896 4083 τῶν

328 4125 491 4185 ὅλων,
520 4126 549 4177 ὁ
579 4124 685 4195 πρὸ
712 4124 892 4195 πάσης
919 4124 1150 4186 κτίσεως
1177 4122 1386 4193 ὁρατῶν
1418 4140 1477 4175 τε
1507 4123 1598 4175 καὶ
1626 4122 1893 4192 ἀοράτων,

331 4216 479 4289 μόνῳ
521 4215 697 4286 Πατρὶ
738 4215 833 4267 καὶ
882 4213 1160 4283 Πνεύματι
1206 4213 1563 4283 συνυπάρχων
1596 4213 1895 4273 ἀθάνατος,

329 4306 571 4378 σήμερον
613 4306 723 4360 ἰδοὺ
752 4308 885 4376 ἡμῖν
915 4308 980 4358 ἐκ
1011 4303 1287 4373 Παρθένου
1326 4305 1661 4374 γεννώμενος
1680 4343 1695 4363 ,
1726 4302 1897 4373 χωρὶς

328 4397 513 4467 πάσης
547 4395 845 4467 ἁμαρτίας,
876 4396 1004 4450 ἄνευ
1032 4394 1341 4466 ἀνθρώπου,
1372 4395 1490 4464 ἦτοι
1527 4393 1739 4465 ἀνδρὸς.

493 4616 795 4686 Ἄμμωνος
818 4612 1157 4668 ἐπισκόπου
1190 4609 1741 4680 Ἀδριανουπόλεως.

370 4751 525 4820 Ἔφη
553 4747 666 4818 reip
694 4760 814 4801 που
840 4744 938 4799 καὶ
968 4742 1146 4821 αὐτὸς
1174 4741 1305 4809 περὶ
1342 4739 1447 4794 τοῦ
1473 4739 1621 4794 Θεοῦ
1652 4739 1867 4808 Λόγου.

403 4880 468 4933 El
491 4877 550 4931 δὲ
581 4876 740 4941 αὐτὸς
762 4875 893 4939 Θεὸς
924 4872 1023 4945 τὴν
1051 4872 1214 4942 φύσιν
1237 4871 1519 4942 ὑπάρχων,
1544 4870 1619 4933 ὡς
1650 4868 1745 4922 τοῦ
1767 4866 1903 4922 Θεοῦ

338 4971 634 5047 μονογενὴς
671 4966 840 5033 Υἱὸς,
876 4970 933 5020 ὲν
968 4964 1270 5036 προσλήψει
1313 4965 1411 5032 τῆς
1455 4962 1641 5016 δούλου
1689 4962 1903 5032 μορφῆς

333 5063 650 5133 γενόμενος,
675 5061 772 5113 καὶ
801 5057 1141 5129 πρωτότοκος
1169 5055 1295 5118 Υἱὸς
1318 5055 1415 5124 τῆς
1448 5054 1606 5122 ἁγίας
1625 5051 1904 5122 Παρθένου

336 5154 606 5225 κληθῆναι
640 5149 1005 5214 καταξιώσας,
1036 5146 1352 5217 ἀντίλυτρον
1379 5145 1572 5198 ἑαυτὸν
1596 5144 1738 5215 ὑπὲρ
1768 5145 1906 5197 πάνο

332 5260 445 5297 των
498 5242 720 5296 δέδωκε.
770 5237 1142 5307 Προσεπάγει
1187 5235 1255 5290 δὲ
1306 5236 1563 5301 τούτοις·
1616 5235 1756 5304 Ἤδη
1806 5234 1905 5304 μὲν

336 5332 516 5398 ἔδειξα
558 5330 656 5402 τὴν
701 5330 974 5395 ἀσέϐειαν,
1074 5328 1490 5399 περιπίπτουσιν
1521 5327 1572 5379 οἱ
1618 5325 1907 5397 ’Δρειανοὶ,

335 5424 587 5492 λέγοντες
637 5421 826 5493 χρείαν
883 5420 1182 5489 ἐσχηκέναι
1234 5419 1336 5490 τὴν
1381 5417 1641 5471 Θεοτόκον
1688 5417 1907 5486 Μαρίαν

335 5517 446 5570 τῶν
492 5513 639 5568 κατὰ
687 5512 780 5566 τὸν
826 5512 988 5583 νόμον
1030 5512 1152 5566 τότε
1202 5511 1662 5581 προσφερομένων
1709 5509 1909 5563 θυσιῶν

336 5607 481 5678 ὑπὲρ
508 5604 617 5659 τῶν
644 5604 946 5658 τικτουσῶν
983 5603 1275 5671 γυναικῶν.

336 5786 383 5820 ’δ’
409 5760 584 5849 Calai.
627 5800 661 5846 ι.
701 5784 751 5838 9.
832 5782 876 5813 "
908 5780 1061 5835 Joan.
1090 5795 1129 5844 ι,
1155 5778 1239 5831 Η.

2000 3236 2325 3311 gnilicentiae
2369 3233 2612 3301 lucisque
2643 3243 2862 3298 parens,
2890 3226 3000 3295 spei
3043 3222 3400 3292 apportatrix,
3443 3220 3565 3273 Dei-

2000 3344 2154 3401 para,
2184 3341 2305 3396 qua:
2336 3337 2476 3379 novo
2504 3319 2919 3393 peperit~tnodo,
2946 3316 3097 3384 virgo
3123 3323 3178 3368 et
3206 3321 3377 3366 mater
3406 3324 3567 3378 pepe-

1997 3421 2068 3474 rit
2093 3417 2281 3472 Maria.
2802 3417 2809 3425 ’

2001 3551 2108 3622 50
2144 3547 2513 3622 Amphilochia;
2532 3544 2754 3622 episcopi
2781 3538 2973 3622 Iconii,
3000 3554 3065 3592 ex
3100 3535 3233 3588 libro
3260 3533 3324 3586 de
3349 3546 3567 3601 genera-

2300 3619 2438 3671 tione
2473 3613 2686 3668 Domini
2716 3611 2999 3665 secundum
3033 3621 3263 3660 carnem.

2070 3755 2283 3811 Veritas
2316 3751 2528 3821 cognita
2581 3757 2684 3809 est,
2717 3746 2891 3814 gratia
2946 3745 3115 3806 venit,
3139 3741 3248 3793 vita
3297 3734 3565 3807 apparuit,

2000 3848 2092 3903 llei
2128 3845 2391 3906 Verbum,
2417 3841 2618 3907 Deique
2644 3838 2813 3892 Filius
2857 3845 3074 3904 prapter
3123 3847 3221 3885 nos
3255 3831 3569 3883 incarnatus

1998 3947 2102 4003 est,
2132 3950 2239 4006 quo
2268 3933 2521 3987 nimirum
2562 3929 2821 3983 mortales
2843 3941 2871 3978 a
2895 3934 3070 3977 morte
3099 3922 3162 3974 ad
3211 3921 3375 3972 vitam
3406 3928 3567 3970 mter-

2000 4045 2122 4084 nam
2158 4032 2455 4080 revocaret.
2490 4020 2875 4075 Universorum
2913 4013 3125 4082 Opifex,
3163 4011 3253 4079 qui
3289 4017 3414 4061 ante
3444 4019 3564 4058 om-

2000 4132 2122 4172 nem
2179 4121 2485 4168 creaturam
2543 4118 2652 4161 tam
2720 4103 2986 4159 visibilem
3046 4116 3206 4168 quant
3243 4094 3565 4152 invisibiletn

2001 4207 2102 4263 soli
2138 4204 2284 4260 Patri
2318 4211 2367 4256 et
2408 4199 2632 4269 Spiritui
2686 4204 2872 4251 sancto
2931 4191 3292 4247 coexsistehat
3345 4188 3569 4242 immor-

2001 4299 2146 4363 talis,
2170 4309 2296 4351 ecce
2324 4295 2373 4350 is
2424 4292 2559 4346 citra
2597 4288 2760 4343 ullum
2794 4294 3095 4356 peccatum,
3150 4281 3422 4349 ullamque
3470 4277 3567 4355 ho-

2000 4389 2162 4443 minis
2219 4396 2311 4440 aut
2352 4385 2451 4439 viri
2507 4395 2752 4451 operam,
2791 4377 2951 4432 hodie
3006 4374 3163 4428 nobis
3218 4388 3284 4426 ex
3350 4368 3570 4437 Virgine

1931 4497 1975 4550 ι)
2006 4480 2247 4535 nascitur

2288 4613 2559 4667 Ammonis
2601 4608 2825 4679 episcopi
2852 4602 3287 4670 Adrianapoleos.

2319 4740 2408 4796 Sic
2428 4741 2564 4794 enim
2597 4739 2706 4808 ipse
2725 4736 2800 4789 ait
2825 4735 2888 4787 de
2912 4732 3018 4786 Deo
3051 4729 3238 4784 Verbo.

2075 4876 2228 4944 Quod
2278 4875 2321 4929 si
2368 4874 2433 4937 is,
2484 4871 2574 4939 qui
2634 4868 2774 4923 Deus
2828 4868 3123 4924 secundum
3179 4875 3425 4919 naturam
3466 4871 3574 4927 est,

2008 4976 2191 5039 utpote
2218 4966 2529 5033 unigenitns
2557 4962 2647 5018 Dei
2670 4961 2863 5024 Filius,
2882 4959 3063 5015 servili
3084 4957 3253 5010 forma
3274 4962 3574 5023 assumpta,

2012 5073 2290 5127 sacraeque
2317 5057 2553 5126 Virginis
2585 5053 2976 5124 pritnogenitus
2996 5049 3252 5119 appellari
3278 5064 3381 5103 non
3424 5046 3579 5100 dedi-

2010 5162 2226 5223 gnatus,
2286 5148 2635 5216 semetipsnm
2704 5144 3128 5213 redemptionem
3179 5156 3277 5211 pro
3328 5137 3579 5192 omnibus

2010 5240 2250 5295 tradidit.
2284 5238 2445 5292 Addit
2482 5245 2736 5304 pt-wterea
2763 5251 2781 5288 :
2812 5233 2971 5289 Clare
3000 5240 3168 5301 patet,
3220 5229 3272 5282 in
3314 5233 3577 5296 quantam

2010 5330 2341 5398 impietatem
2391 5326 2747 5397 prolabantnr
2788 5323 2999 5388 Ariani,
3029 5320 3119 5390 qui
3153 5319 3438 5387 Deiparam
3466 5313 3579 5367 Ma-

2008 5422 2146 5476 riam
2168 5421 2236 5476 iis
2260 5418 2570 5482 sacriﬁciis,
2590 5432 2709 5487 quae
2734 5430 2834 5486 pro
2854 5412 3136 5485 puerperis
3159 5424 3227 5464 ex
3254 5409 3371 5478 lege
3394 5404 3578 5462 οιτσηὶ
3664 5408 3681 5427 ‘

2010 5526 2127 5569 mos
2156 5519 2292 5577 erat,
2323 5524 2458 5580 Opus
2481 5508 2735 5563 habuisse
2765 5509 3040 5560 asserunt.
