4060 6424
454 418 597 475 ωε

1468 419 1523 475 S.
1568 419 1840 475 CYRlLLI
1882 418 2348 473 ALEXANDRINI
2390 416 2707 472 AliCIiiEP.

3565 412 3706 470 i216

457 532 691 587 Joannis
722 530 949 600 episcopi
992 528 1536 599 Constantinopoleos,
1568 530 1640 583 De
1669 531 1850 584 divina
1871 547 2030 601 gene-

2144 530 2418 583 ‘lwdrrov
2443 525 3520 601 émoxoxov‘Kwrotarnrovxdlewc,
3567 527 3705 596 Περὶ

1127 602 1348 652 ratione.

790 712 926 766 Dicit
950 723 1124 765 autem
1150 714 1213 765 de
1238 724 1418 766 sancto
1451 712 1683 783 Virgine.

525 825 669 879 Loco
724 823 876 891 solis,
923 824 1020 891 ait,
1051 825 1535 894 incircumscripta:
1583 824 1813 893 iustitiae
1854 829 2026 881 solem

455 917 738 985 complexa
767 914 889 970 fuit.
929 914 1113 985 Neque
1160 915 1247 969 hic
1292 916 1574 984 quaesieris
1624 920 1898 987 quomodo
1926 920 2029 974 hoc

456 1006 658 1062 factum
691 1007 782 1072 sit,
817 1016 908 1061 aut
940 1006 1058 1061 ﬁeri
1108 1007 1363 1074 potuerit.
1395 1005 1498 1061 Ubi
1532 1008 1678 1063 enim
1725 1009 1867 1065 Deus
1895 1011 2026 1073 vult,

457 1100 530 1154 ibi
595 1109 801 1154 natura:
838 1098 973 1154 ordo
1026 1098 1189 1153 cedit.
1226 1096 1425 1163 Voluit,
1475 1100 1672 1167 pomit,
1725 1101 2027 1163 descendit,

457 1188 686 1245 salvavit
719 1191 938 1245 :omnia
987 1188 1081 1243 Dei
1136 1199 1324 1243 notum
1381 1200 1700 1257 sequuntur.
1736 1190 1905 1247 Hodie
1937 1196 2027 1262 qui

458 1282 849 1351 est,gignitur;
883 1289 938 1335 et
995 1295 1208 1335 rursum
1258 1280 1349 1349 qui
1395 1290 1499 1346 est,
1528 1282 1587 1336 tit
1639 1283 1689 1336 id
1726 1284 1868 1352 quod
1921 1301 2026 1339 non

456 1379 594 1440 erat,
626 1386 749 1425 nam
781 1386 904 1426 eum
943 1371 1084 1425 Deus
1126 1377 1294 1436 esset,
1326 1370 1386 1424 lit
1422 1371 1621 1425 homo:
1649 1372 1715 1425 ab
1754 1387 1816 1427 ea
1852 1383 2026 1427 tamen

457 1476 618 1529 quam
645 1460 876 1517 habebat
902 1462 1104 1517 deitate
1128 1476 1232 1517 non
1263 1462 1501 1528 excidit;
1528 1478 1626 1519 nec
1651 1478 1773 1518 cum
1808 1464 2029 1519 deitatis

449 1549 665 1618 jactura
689 1550 867 1608 factus
895 1561 979 1607 est
1028 1553 1209 1615 homo,
1248 1567 1423 1621 neque
1470 1569 1687 1608 rursum
1721 1570 1816 1625 per
1843 1570 2031 1610 succe-

457 1643 641 1698 dentia
674 1644 1009 1698 incrementa
1046 1658 1110 1698 ex
1144 1643 1363 1697 homine
1412 1642 1586 1698 factus
1608 1654 1693 1715 est
1726 1644 1901 1702 Deus:
1933 1648 2028 1701 sed

460 1733 699 1790 Verbum
729 1736 1021 1800 exsistens,
1063 1745 1254 1789 natura
1285 1735 1502 1805 prapria
1535 1735 1604 1791 ob
1638 1736 1718 1790 sui
1754 1738 2027 1806 itnpalibio

460 1823 665 1878 litatem
703 1833 954 1878 manente
988 1821 1089 1892 5]
1118 1822 1241 1877 inde
1269 1831 1493 1886 mutata,
1526 1822 1728 1878 factum
1756 1837 1840 1879 est
1878 1841 2024 1881 caro.

458 1914 715 1983 Adjnngit
740 1914 957 1969 demum
992 1930 1006 1967 :
1048 1911 1148 1979 Qui
1185 1913 1237 1966 in
1261 1913 1397 1967 solio
1415 1913 1628 1967 sublimi
1664 1914 2032 1985 praecelsoque

458 2005 726 2070 considet,
755 2005 801 2058 is
825 2005 878 2058 in
914 2003 1177 2073 praesepio
1217 2003 1436 2073 ponitur
1469 2021 1481 2057 :
1514 2005 1605 2075 qui
1650 2006 2029 2075 impalpahilis,

458 2095 709 2164 simplex,
732 2111 794 2151 ac
825 2097 1177 2165 incorporeus
1211 2105 1316 2159 est,
1346 2097 1597 2150 humanis
1629 2098 1878 2151 manibus
1900 2115 2033 2155 con-

456 2194 722 2239 trectatur
746 2206 755 2239 :
782 2186 870 2255 qui
899 2194 1243 2255 peccatorum
1277 2185 1488 2239 vincula
1512 2185 1821 2256 disrumpit,
1852 2189 2035 2245 fasciis

458 2273 863 2344 constringitur.

970 2390 1242 2446 Severioni
1267 2392 1517 2467 episcopi.
1548 2462 1553 2467 ι

556 2500 1006 2571 Quandoquidem
1065 2500 1301 2557 Verbum
1348 2505 1489 2573 quod
1552 2518 1784 2575 superne
1836 2520 2033 2561 arcana

460 2591 695 2660 quadam
733 2590 1228 2661 inexplicabilique,
1254 2608 1318 2646 ac
1341 2594 1792 2664 incomprehensa
1828 2599 2035 2653 ratione

459 2696 529 2737 ex
571 2680 682 2737 Deo
707 2682 866 2737 Patre
884 2683 951 2737 ab
978 2684 1124 2738 omni
1155 2686 1460 2741 aeternitate
1499 2688 1767 2752 nascitur,
1801 2690 2033 2758 idipsum

462 2772 674 2828 inferne
700 2789 764 2828 ex
789 2774 1009 2845 Virgine
1032 2775 1200 2830 Maria
1227 2777 1282 2831 in
1307 2788 1551 2848 tempore
1578 2792 1899 2849 generatur;
1929 2798 2037 2852 quo

463 2862 518 2915 hi
567 2862 839 2924 nimirum,
877 2867 968 2933 qui
1014 2866 1123 2920 nati
1170 2874 1327 2922 erant
1367 2867 1595 2936 inferne,
1634 2885 1701 2925 ex
1745 2874 1851 2927 Deo
1883 2888 2041 2928 reua-

462 2962 683 3006 scantnr
718 2954 896 3007 denuo
928 2969 1181 3023 superne.

709 3062 891 3118 Vitalii
930 3068 1177 3137 episcopi,
1206 3084 1272 3124 ea:
1305 3085 1540 3127 sermone
1578 3072 1652 3127 De
1682 3073 1805 3142 ﬁde.

532 3240 819 3297 Credimus
867 3241 935 3296 ad
980 3242 1117 3308 haec,
1149 3244 1293 3313 quod
1345 3246 1564 3315 quidem
1621 3246 1685 3298 ad
1741 3245 2041 3301 Salvatoris

467 3334 637 3388 nostri
690 3333 1143 3404 dispensationem
1188 3339 1482 3390 secundum
1542 3352 1761 3390 carnem
1824 3338 2039 3402 attinet,

469 3426 917 3493 incarnationem,
945 3427 1038 3483 Dei
1069 3426 1248 3482 Verbo
1270 3428 1587 3483 immutabili
1611 3429 2043 3484 inconvertibili-

468 3532 572 3584 que
600 3528 970 3584 permanente,
995 3519 1060 3572 ad
1088 3519 1339 3572 humanm
1367 3528 1571 3572 naturm
1596 3519 2039 3575 instaurationem

472 3606 669 3661 factam
696 3621 837 3660 esse.
864 3605 998 3661 Nam
1029 3624 1149 3662 cum
1183 3609 1314 3663 illud
1363 3610 1659 3663 secundum
1692 3617 1950 3662 aeternam
1976 3625 2041 3664 ex

474 3698 583 3751 Deo
605 3695 766 3751 Patre
801 3698 1062 3765 originem
1094 3713 1253 3754 verus
1289 3700 1377 3755 Dei
1412 3699 1580 3754 Filius
1614 3701 1704 3765 sit,
1737 3703 2040 3755 secundum

468 3802 588 3839 eam
617 3802 734 3855 qua:
768 3795 854 3840 est
881 3804 945 3841 ex
971 3786 1221 3857 Virgine,
1253 3790 1459 3846 factum
1484 3800 1563 3845 est
1590 3791 1760 3846 Filius
1787 3792 2041 3847 hominis.

484 3876 678 3943 'dstque
711 3894 848 3933 unus
893 3888 947 3933 et
993 3881 1133 3933 idem
1173 3883 1467 3935 secundum
1504 3883 1841 3937 divinitatem
1877 3882 2043 3938 Filius

494 3966 747 4023 Icrfectns
772 3980 825 4024 et
846 3968 993 4024 Patri
1018 3972 1535 4040 consubstantialis;
1560 3983 1614 4028 et
1654 3974 1795 4028 idem
1830 3988 2042 4028 rursum

471 4061 764 4114 secundum
799 4062 1203 4130 generationem
1248 4078 1313 4116 ex
1354 4062 1574 4131 Virgine
1627 4062 1900 4132 perfectus
1941 4063 2045 4117 ho-

477 4132 584 4213 mo,
612 4151 852 4217 ejusdem
874 4165 994 4202 cum
1016 4154 1225 4206 cmteris
1253 4152 1560 4207 hominibus
1579 4153 1829 4206 essentia:
1855 4167 2047 4206 secun-

476 4242 602 4293 dum
640 4257 881 4295 carnem.
916 4242 972 4295 Si
1004 4244 1127 4310 quis
1157 4254 1333 4298 autem
1387 4242 1581 4299 dixerit
1610 4244 1812 4299 Christi
1847 4230 2069 4312 corpus

476 4347 506 4383 e
534 4332 673 4386 coelo
703 4332 1043 4403 deportatum
1076 4351 1213 4399 esse,
1251 4346 1341 4389 aut
1392 4352 1612 4390 carnem
1643 4352 1805 4406 quam
1860 4337 2042 4397 habet,

478 4419 587 4475 Deo
626 4408 1145 4479 consubstantialem
1187 4439 1327 4488 esse,
1378 4427 1663 4479 anathema
1703 4426 1793 4479 sit.
1840 4424 1896 4480 Si
1923 4426 2047 4494 quis

2570 595 2681 665 τῆς
2712 595 2873 662 θείας
2898 594 3261 665 γεννήσεως.

2341 708 2495 775 Φησὶ
2528 707 2595 759 δὲ
2624 705 2758 774 περὶ
2787 706 2898 775 τῆς
2934 707 3108 776 ἁγίας
3140 709 3448 774 Παρθένου

2214 821 2357 873 Ἀντὶ
2400 821 2455 873 δὲ
2504 820 2675 890 ἡλίου,
2720 817 2853 889 φησὶ
2878 858 2892 881 ,
2922 816 3009 872 τὸν
3043 817 3195 887 ἥλιον
3236 818 3331 885 τῆς
3359 814 3705 884 δικαιοσύνης

2130 913 2556 985 ἁπεριγράπτως
2577 913 2800 982 χωρήσα
2829 913 2894 963 P'.
2912 911 3020 963 Καὶ
3050 908 3124 980 μὴ
3149 909 3386 979 ζητήσης
3404 907 3540 969 πῶς’
3569 908 3703 959 ὅπου

2131 1004 2239 1073 γὰρ
2267 1003 2510 1073 βούλεται
2538 1003 2690 1066 Θεὸς,
2714 1002 2930 1054 νικᾶται
2960 1000 3357 1067 φύσεως-τάξις
3378 1015 3390 1028 ·
3429 996 3705 1067 ἠϐουλήθη

2130 1093 2259 1163 γὰρ.
2322 1091 2583 1162 ἠδυνήθη,
2630 1090 2915 1159 κατῆλθεν,
2956 1088 3145 1141 ἔσωσε.
3199 1087 3483 1155 Σύνδρομα
3528 1084 3707 1137 πάντα

2130 1183 2266 1252 Θεῷ.
2298 1184 2545 1252 Σήμερον
2578 1183 2605 1234 ὁ
2633 1180 2708 1233 ὢν
2737 1179 3000 1241 τίκτεται,
3036 1178 3129 1233 καὶ
3164 1179 3192 1229 ό
3220 1175 3294 1228 ὢν
3325 1175 3532 1244 γίνεται
3566 1174 3704 1242 ὅπερ

2130 1275 2230 1327 οὐκ
2251 1271 2338 1344 ἦν.
2367 1275 2462 1326 Ὧν
2485 1271 2593 1342 γὰρ
2622 1270 2774 1334 Θεὸς,
2802 1271 3011 1338 γίνεται
3040 1268 3346 1337 ἄνθρωπος,
3376 1266 3474 1318 οὐκ
3504 1262 3704 1324 ἐκστὰς

2129 1363 2223 1416 τοῦ
2273 1357 2412 1415 εἶναι
2457 1360 2609 1423 Θεός.
2657 1358 2795 1412 Οὔτε
2831 1357 2940 1427 γὰρ
2990 1357 3109 1410 κατ’
3149 1355 3403 1408 ἔκστασιν
3450 1352 3705 1420 θεότητος

2130 1455 2354 1522 γέγονεν
2379 1452 2683 1522 ἄνθρωπος,
2706 1449 2829 1503 οὔτε
2860 1447 3001 1501 κατὰ
3027 1444 3310 1518 προκοπὴν
3332 1443 3391 1510 ἐξ
3414 1441 3703 1513 ἀνθρώπου

2130 1546 2319 1613 γέγονε
2365 1543 2496 1606 Θεός
2518 1556 2531 1569 ·
2576 1541 2711 1595 ἀλλὰ
2740 1540 2913 1610 Λόγος
2951 1538 3026 1593 ὣν
3061 1539 3149 1593 διὰ
3193 1538 3255 1592 τὸ
3280 1535 3488 1599 ἀπαθὲς
3510 1577 3525 1599 ,
3568 1533 3708 1619 σὰρξ

2133 1633 2388 1701 ἐγένετο,
2439 1631 2814 1701 ἀμεταϐλήτου
2866 1630 3133 1701 μενούσης
3170 1630 3273 1699 τῆς
3320 1628 3553 1698 φύσεως.
3595 1627 3707 1691 Καὶ

2133 1721 2497 1791 προσεπάγει
2554 1723 2820 1787 τούτοις’
2871 1720 2931 1774 '0
2978 1721 3072 1773 ἐπὶ
3118 1719 3308 1790 θρόνου
3358 1717 3564 1788 ὑψηλοῦ
3610 1718 3721 1771 καὶ*

2136 1818 2447 1888 ἐπηρμένου
2490 1815 2814 1886 καθήμενος,
2841 1816 2897 1867 ὲν
2930 1815 3105 1887 φάτνῃ
3149 1814 3388 1867 τίθεται·
3417 1815 3445 1866 ὁ
3472 1811 3704 1882 ἀναφὴς,

2134 1908 2232 1963 καὶ
2277 1907 2512 1971 ἁπλοῦς,
2570 1907 2664 1961 καὶ
2719 1905 3041 1976 ἀσώματος,
3105 1906 3293 1976 χερσὶν
3338 1903 3712 1974 ἀνθρωπίναις

2133 2000 2456 2052 εἱλίσσεται·
2513 2000 2543 2051 ὁ
2597 1997 2665 2051 τά
2706 1997 2805 2067 τῆς
2867 1996 3146 2068 ἁμαρτίας
3204 1994 3448 2049 διασπῶν
3507 1992 3704 2062 δεσμὰ,

2137 2092 2471 2163 σπαργάνοις
2504 2090 2857 2161 ἐμπλέκεται.

2536 2375 2897 2443 Σεὸηριανοῦ
2936 2374 3296 2426 ἐπισκόπου.

2218 2490 2276 2541 '0
2305 2488 2412 2560 γὰρ
2443 2486 2720 2558 γεννηθεὶς
2749 2485 2953 2540 ἄνωθεν
2978 2488 3041 2538 ὲκ
3067 2484 3278 2555 [ἰατρὸς
3315 2484 3504 2550 Λόγος,
3541 2484 3729 2557 άπορος

2141 2581 2339 2650 ρήτως,
2369 2579 2686 2648 ἀφράστως,
2719 2577 3142 2647 ἀκαταλήπτως.
3171 2575 3378 2637 ἀϊδίως,
3411 2576 3439 2628 ὁ
3470 2575 3632 2637 αὐτὸς
3654 2576 3733 2631 ὲν-

2137 2672 2312 2741 χρόνῳ
2358 2672 2613 2739 γεννᾶται
2645 2668 2887 2723 κάτωθεν
2919 2670 2982 2720 ἐκ
3010 2667 3287 2737 Παρθένου
3323 2666 3541 2737 Μαρίας
3561 2683 3575 2696 ·
3624 2667 3714 2719 ἵνα

2136 2762 2186 2812 ot
2216 2760 2479 2831 πρότερον
2507 2758 2859 2828 γεννηθέντες
2886 2757 3155 2823 κάτωθεν,
3187 2756 3397 2811 ἄνωθεν
3439 2755 3715 2826 γεννηθῶ-

2139 2868 2223 2904 σιν
2258 2854 2322 2903 ἐκ
2347 2851 2603 2922 δευτέρας
2620 2852 2670 2914 εἴ,
2711 2852 2957 2903 τουτέστι
2987 2847 3142 2902 Θεοῦ.

2142 3061 2463 3114 Οὐτταλιόυ
2523 3058 2897 3182 timcndae/pd,
2958 3058 3028 3111 ἐκ
3088 3057 3195 3111 τοῦ
3254 3055 3392 3125 Περὶ
3456 3056 3719 3121 πίστεως

2886 3144 3013 3182 γου.

2886 3144 3013 3197 γου.

2216 3242 2337 3294 Ἔτι
2365 3241 2422 3294 δὲ
2457 3241 2552 3294 καὶ
2595 3242 2723 3312 περὶ
2748 3241 2846 3312 τῆς
2890 3240 3032 3294 κατὰ
3063 3241 3241 3312 σάρκα
3269 3241 3582 3311 οἰκονομίας
3614 3240 3713 3297 τοῦ

2142 3334 2392 3404 Σωτῆρος
2431 3333 2776 3403 πιστεύομεν,
2810 3334 2891 3386 ὅτι
2925 3331 3284 3386 άναλλοιὼτου
3314 3334 3409 3385 καὶ
3440 3333 3716 3403 ἀτρέπτου

2145 3424 2397 3493 μένοντος
2421 3423 2515 3477 τοῦ
2550 3424 2685 3477 Θεοῦ
2712 3424 2908 3492 Λόγου,
2935 3424 3033 3495 τὴν
3062 3422 3336 3493 σάρκωσιν
3378 3422 3708 3493 γεγενῆσθαι

2144 3513 2278 3584 πρὸς
2308 3515 2648 3568 ἀνακαίνισιν
2670 3524 2691 3551 τ
2720 3514 3160 3587 ἀνθρωπότητος.
3193 3515 3319 3580 Υἱὸς
3345 3515 3453 3586 γὰρ
3484 3514 3559 3569 ὢν
3587 3517 3723 3585 ἀλη-

2145 3604 2250 3667 θῶς
2280 3605 2414 3658 Θεοῦ
2444 3606 2582 3659 κατὰ
2607 3604 2707 3675 τὴν
2740 3607 2910 3659 erat.»
2939 3606 3003 3658 ὲκ
3041 3604 3177 3658 Θεοῦ
3228 3604 3501 3676 γέννησιν,
3528 3607 3720 3675 γέγονε

2144 3695 2238 3748 καὶ
2270 3695 2397 3758 Υἱὸς
2430 3694 2718 3764 ἀνθρώπου
2750 3695 2891 3749 κατὰ
2918 3698 3017 3766 τὴν
3045 3697 3109 3747 ὲκ
3134 3696 3409 3767 Παρθένου
3441 3696 3716 3766 γέννησιν.

2146 3786 2255 3839 Καὶ
2299 3786 2445 3837 ἔστιν
2493 3782 2572 3849 εἷς
2608 3787 2701 3839 καὶ
2751 3788 2778 3838 ὁ
2819 3787 2979 3850 αὐτὸς
3008 3787 3211 3850 τέλειος
3254 3787 3387 3850 Θεὸς
3438 3786 3576 3839 κατὰ
3619 3787 3721 3857 τὴν

2146 3876 2374 3945 θεότητα
2395 3917 2409 3940 ,
2440 3877 2535 3931 καὶ
2577 3879 2860 3947 ὁμοούσιος
2900 3877 2977 3948 τῷ
3014 3877 3185 3948 Πατρί
3207 3894 3223 3910 ·
3254 3880 3350 3930 καὶ
3391 3877 3594 3940 τέλειος
3623 3877 3721 3931 άν-

2146 3966 2363 4036 θρωπος
2392 3969 2419 4019 ὁ
2442 3967 2605 4031 αὐτὸς
2628 3968 2769 4021 κατᾶ
2794 3969 2891 4037 τὴν
2924 3970 2987 4020 ὲκ
3013 3966 3294 4039 Παρθένου
3321 3969 3598 4038 γέννησιν,
3624 3968 3723 4021 καὶ

2144 4057 2428 4127 ὁμοούσιος
2477 4058 2784 4129 ἀνθρώποις
2829 4058 2968 4112 κατὰ
2995 4059 3091 4130 τὴν
3127 4060 3327 4130 σάρκα.
3361 4058 3428 4112 Ei
3458 4077 3539 4123 τις
3573 4058 3631 4113 δὲ
3662 4059 3744 4128 ἐξ..

2145 4149 2374 4219 ούρανοῦ
2404 4149 2554 4219 λέγει
2589 4150 2747 4219 σῶμα
2783 4151 2928 4221 ἔχειν
2957 4152 3048 4205 τὸν
3081 4150 3337 4221 Χριστὸν,
3369 4152 3402 4222 ἢ
3438 4151 3723 4220 ὁμοούσιον

2145 4239 2223 4309 τῷ
2250 4240 2368 4312 Θεῷ
2410 4241 2551 4295 κατὰ
2592 4241 2690 4313 τὴν
2736 4243 2934 4313 σάρκα,
2958 4241 3099 4295 ἔστω
3132 4240 3399 4311 ἀνάθεμα.
3432 4242 3500 4297 Εἴ
3524 4259 3605 4305 τις
3644 4241 3722 4311 μὴ

2146 4330 2397 4400 ὁμολογεῖ
2440 4331 2536 4402 τὴν
2561 4331 2654 4384 τοῦ
2688 4332 2889 4402 Κυρίου
2930 4332 3103 4404 σάρκα
3148 4333 3211 4384 ὲκ
3247 4334 3345 4404 τῆς
3378 4334 3536 4401 ἁγίας
3570 4335 3722 4403 Παρ-

2148 4419 2323 4484 θένου,
2360 4421 2453 4473 καὶ
2478 4420 2785 4491 ἀνθρώποις
2819 4421 3135 4491 όμοούσιον,
3175 4422 3314 4476 ἔστω
3354 4424 3618 4493 ἀνάθεμα.
3662 4424 3730 4477 Εἰ

480 4514 753 4580 negaverit
804 4512 1007 4568 Domini
1048 4530 1268 4569 carnem
1311 4531 1374 4569 ex
1415 4530 1568 4570 sacra
1620 4516 1838 4585 Virgine
1901 4531 2038 4570 sum-

2152 4528 2236 4575 τις
2261 4511 2350 4564 τὸν
2380 4511 2582 4583 Κύριον
2607 4514 2637 4580 ἡ
2648 4512 2763 4582 μῶν
2790 4514 2884 4566 καὶ
2912 4513 3161 4584 Σωτῆρα,
3190 4514 3282 4567 τὸν
3313 4516 3377 4568 ὲκ
3410 4514 3725 4585 Πνεύματος

479 4610 621 4667 ptam
652 4618 793 4667 esse,
823 4615 916 4658 aut
975 4605 1284 4661 hmninibns
1323 4606 1840 4661 consubstantialem
1891 4621 2036 4670 esse,

480 4693 765 4747 anathema
817 4696 909 4752 sit.
939 4697 995 4750 Si
1037 4698 1161 4765 quis
1208 4698 1409 4752 dixerit
1438 4697 1723 4752 Dominum
1755 4714 1817 4751 ac
1856 4697 2047 4752 Salva-

481 4789 654 4837 torem
687 4793 952 4848 nostrum,
980 4786 1072 4853 qui
1098 4784 1161 4840 ex
1185 4784 1389 4854 Spiritu
1422 4796 1612 4840 sancto
1639 4796 1695 4840 et
1734 4785 1903 4842 Maria
1922 4788 2045 4842 Vir-

481 4870 605 4938 gine
656 4875 950 4927 secundum
997 4889 1216 4930 carnem
1264 4885 1421 4932 natus
1464 4887 1568 4941 est,
1609 4876 1811 4943 anima,
1846 4886 2044 4942 mente,

481 4971 575 5016 aut
626 4977 785 5018 sensu
837 4967 1148 5021 destitutum
1194 4985 1336 5033 esse,
1367 4972 1654 5025 anathema
1686 4972 1776 5024 sit.
1835 4971 1893 5024 Si
1928 4971 2050 5040 quis

481 5055 680 5107 audeat
720 5056 900 5111 dicere
950 5057 1225 5114 Christum
1286 5061 1490 5115 deitate
1542 5076 1782 5130 passum,
1845 5071 1900 5116 et
1944 5074 2048 5116 non

482 5160 672 5212 carne,
704 5157 759 5201 ut
792 5149 1052 5216 scriptum
1107 5162 1211 5215 est,
1254 5151 1326 5205 sit
1360 5153 1669 5208 anathema.
1703 5152 1759 5206 Si
1789 5154 1910 5221 quis
1940 5152 2047 5207 Do-

483 5237 687 5291 minum
724 5252 787 5291 ac
817 5237 1153 5294 Salvatorem
1199 5249 1444 5294 nostrum
1471 5242 1522 5295 in
1563 5243 1700 5297 duos
1741 5243 1968 5307 divellit,
1994 5254 2048 5296 et

482 5327 710 5386 alterum
745 5329 961 5399 quidem
994 5329 1190 5384 Filium
1226 5329 1460 5386 Verbum
1490 5332 1581 5389 Dei
1626 5333 2048 5403 appellat,‘alte-

2154 4604 2307 4671 ἁγίου
2353 4603 2446 4657 καὶ
2486 4603 2706 4673 Μαρίας
2749 4605 2849 4675 τῆς
2890 4605 3170 4675 Παρθένου
3215 4606 3544 4675 γεννηθέντα
3574 4598 3726 4660 ’κατὰ

2156 4697 2356 4767 σάρκα,
2407 4695 2612 4767 ἄψυχον
2653 4696 2821 4764 λέγει,
2851 4695 2905 4767 -ἢ
2953 4695 3298 4765 ἀναίσθητον,
3343 4697 3376 4766 ἢ
3428 4696 3725 4767 άλογον,ἢ

2154 4788 2399 4857 ἀνόητον,
2449 4787 2589 4839 ἔστω
2634 4787 2900 4856 ἀνάθεμα.
2955 4786 3023 4839 Εἴ
3064 4804 3147 4850 τις
3188 4787 3362 4865 τολμᾷ
3404 4787 3584 4855 λέγειν
3634 4787 3728 4840 τὸν

2154 4877 2391 4949 Χριστὸν
2417 4877 2630 4948 θεότητι
2663 4878 3021 4943 πεπονθέναι,
3064 4879 3158 4932 καὶ
3199 4879 3275 4950 μὴ
3306 4879 3490 4950 σαρκὶ,
3518 4879 3594 4942 ὡς
3629 4879 3726 4946 γέο

2148 4985 2427 5040 γραπται,
2456 4967 2596 5021 ἔστω
2622 4969 2891 5039 ἀνάθεμα.
2926 4969 2993 5023 Εἴ
3016 4986 3098 5032 τις
3130 4969 3331 5040 διαιρεῖ
3356 4972 3451 5023 καὶ
3499 4969 3745 5041 χωρίζει-

2147 5060 2240 5115 τὺν
2276 5059 2483 5129 Κύριον
2508 5059 2664 5129 ἡμῶν
2695 5060 2791 5113 καὶ
2821 5061 3073 5130 Σωτῆρα,
3103 5060 3196 5112 καὶ
3226 5060 3374 5127 λέγει
3404 5061 3591 5131 ἕτερον
3627 5061 3727 5131 μὲν

2148 5147 2285 5205 εῖναι
2326 5149 2453 5203 Υίὺν
2482 5150 2572 5203 τὸν
2613 5151 2745 5204 Θεὸν
2781 5152 2952 5220 Λόγον
2973 5190 2987 5215 ,
3021 5150 3118 5203 καὶ
3161 5150 3346 5222 ἔτερον
3380 5152 3471 5206 τὸν
3520 5152 3727 5222 ἀναλη-

2148 5242 2352 5311 φθέντα
2378 5242 2686 5315 ἄνθρωπον,
2722 5244 2817 5296 καὶ
2857 5244 2931 5314 μὴ
2964 5243 3216 5312 ὁμολογεί
3240 5244 3338 5297 ἕνα
3370 5245 3465 5298 καὶ
3498 5243 3592 5299 τὸν
3619 5244 3723 5299 αὐ-

2153 5333 2265 5399 τὸν,
2308 5332 2448 5385 ἔστω
2479 5332 2643 5387 άνάθε
2652 5349 2747 5403 μα.

484 5433 604 5474 rum
643 5433 775 5475 vero
833 5418 1105 5475 hominem
1163 5429 1518 5491 assumptum,
1557 5438 1734 5493 neque
1769 5425 2060 5479 conﬁtetur
2092 5439 2258 5479 unum
2308 5433 2362 5479 et
2386 5424 2659 5490 eumdem,
2684 5423 2968 5478 anathema
3003 5422 3090 5477 sit.

1536 5561 1711 5614 Varla:
1740 5557 1997 5614 lectiones
2025 5559 2229 5616 codicis
2258 5558 2622 5631 Seguieriani.

561 5708 980 5786 Ρξῆζχὼρησε.
1034 5710 1355 5786 ιιῇδευτέρου
1408 5711 1572 5769 codex
1605 5712 2038 5783 Seguierianus,i

2141 5731 2224 5786 luo
2255 5715 2393 5771 tituli
2427 5714 2852 5771 testimoniorum
2884 5714 2938 5743 συ
2960 5711 2991 5740 -ε
3015 5711 3029 5728 ‘

473 5780 746 5855 ‘termissi.
804 5791 826 5818 τ
862 5780 964 5835 ἀνα
1000 5780 1259 5835 καίνοσιν.
