4060 6414
354 424 509 487 ἶΙΞΙἹ
585 447 592 453 ’

1463 434 1552 489 DE
1590 433 1813 490 RECTA
1855 434 2009 488 FIDE
2047 436 2136 489 AD
2176 435 2497 492 REGINAS.

3462 435 3602 490 ηίῆ

370 551 662 619 Θεοφίλου
689 552 1041 637 ἐπισκόπου,
1068 554 1138 606 ἐκ
1160 552 1269 633 τοῦ
1300 553 1804 637 Προσξωηςικώ
1837 552 1931 606 λόε

2039 551 2145 622 52
2188 552 2464 617 Timon/iiii
2484 557 2811 637 episcopalis:
2838 573 3077 637 sermone
3110 554 3373 625 inscripto
3421 555 3489 608 ad
3514 571 3602 609 eos

471 637 581 694 γου
624 621 775 688 πρὸς
796 622 938 688 τοὺς
964 624 1336 692 φρονοῦντας
1367 624 1439 677 τὰ
1475 622 1823 691 Ὠριγένους.

687 730 836 797 Ἔφη
865 728 933 782 δὲ
955 729 1143 796 οὕτως
1170 731 1304 799 περὶ
1337 731 1612 799 Χριστοῦ.

370 830 377 837 ’
436 838 554 903 Ἵνα
601 839 676 910 μὴ
717 840 773 890 έν
800 839 944 909 λόγῳ
977 840 1142 911 μόνῳ,
1172 840 1306 893 ἀλλὰ
1331 840 1427 893 καὶ
1459 842 1516 893 ὲν
1544 839 1768 908 δυνάμει
1798 841 1931 903 Θεὸς

362 929 635 999 ἀληθινὸς,
660 932 689 983 ό
718 931 905 998 φανεὶς
932 926 1071 985 εἶναι
1104 931 1449 1001 πιστεύηται,
1479 933 1545 1001 τῇ
1580 930 1687 983 τῶν
1713 931 1928 1001 δρωμέ-

359 1037 470 1075 νων
514 1022 881 1093 μεγαλουργίᾳ
920 1023 1018 1093 τὴν
1058 1025 1186 1094 περὶ
1216 1023 1379 1076 αὐτοῦ
1405 1021 1579 1092 δηλῶν
1610 1022 1925 1091 ἀσφάλειαν.

362 1112 583 1182 Πλήρης
617 1114 715 1182 μὲν
737 1113 811 1165 ὣν
843 1114 1355 1177 Θεὸς,υαύτοθελῶς³
1393 1114 1449 1167 δὲ
1481 1112 1926 1183 ὲνανθρωπήσας,

362 1204 456 1253 καὶ
492 1202 667 1271 μηδὲν,
695 1203 1038 1274 ἀνθρωπείας
1060 1204 1369 1274 ὁμοιώσεως
1391 1203 1723 1272 καταλείψας
1750 1203 1925 1269 ἐκτὸς,

362 1293 500 1363 πλὴν
544 1294 710 1363 μόνης
759 1296 858 1364 τῆς
903 1296 1118 1349 ἀνοσίου
1168 1296 1401 1357 κακίας·
1438 1295 1533 1348 καὶ
1574 1294 1769 1365 βρέφος
1821 1295 1929 1365 γὰρ

359 1385 679 1455 γενόμενος,
724 1386 1075 1457 Ἐμμανουὴλ
1122 1386 1493 1456 ὡμολογεῖτο,
1542 1386 1731 1456 μάγων
1792 1386 1929 1456 πρὸς

359 1476 523 1529 αὑτὸν
551 1477 736 1529 ἰόντων
771 1478 862 1529 καὶ
890 1477 966 1548 τῷ
1000 1482 1326 1548 προσκυνεῖν
1378 1481 1470 1535 καὶ
1499 1478 1632 1531 Θεὸν
1665 1474 1805 1530 εἶναι
1836 1478 1927 1529 τὸν

366 1565 601 1634 φανέντα
627 1566 893 1635 βοώντων
918 1568 998 1620 ὅτι
1022 1568 1117 1621 καλ
1145 1569 1307 1636 σαρκὶ
1328 1569 1559 1639 σταυρού
1570 1585 1745 1637 μενος,
1775 1567 1925 1638 ἡλίου

362 1652 711 1703 συνέστελλεν
740 1653 986 1717 ἀκτῖνας,
1020 1655 1114 1707 καὶ
1142 1656 1219 1725 τῷ
1250 1655 1384 1726 ξένῳ
1428 1655 1664 1726 θαύματι
1704 1656 1803 1723 τὴν
1847 1657 1926 1707 oi-

360 1741 511 1793 κείαν
542 1742 849 1811 σαφηνίζων
879 1742 1129 1815 θεότητα,
1174 1745 1410 1814 οὐδαμοῦ
1457 1747 1758 1816 σκορπίσας
1810 1746 1928 1799 ἑαυο

357 1830 470 1894 τὸν,
523 1832 555 1901 ἢ
609 1831 861 1895 διαλύσας
907 1834 987 1895 είς
1021 1836 1271 1903 σωτῆρας
1317 1835 1429 1889 δύο.
1480 1836 1637 1888 Ἀλλὰ
1679 1837 1771 1889 καί⁵
1816 1839 1927 1900 τοῖς

360 1920 627 1990 μαθηταῖς
656 1921 808 1987 ἔλεγε
833 1937 847 1951 ⁶
888 1940 907 1973 ι
939 1924 1031 1992 Μὴ
1065 1924 1332 1994 καλέσητε
1364 1926 1679 1979 διδάσκαλον
1707 1929 1799 1981 ἐπὶ
1827 1929 1925 1998 τῆς

359 2009 497 2076 γῆς’
538 2004 619 2071 εἷς
665 2011 774 2081 γάρ
817 2013 963 2065 ἐστιν
993 2013 1148 2082 ὑμῶν
1183 2014 1503 2085 καθηγητὴς
1545 2018 1573 2068 ό
1610 2016 1862 2086 Χριστός.
1900 2039 1917 2070 ι

358 2102 434 2152 Οὐ
462 2102 569 2171 γὰρ
602 2103 692 2154 ὅτε
723 2103 879 2156 τοῦτο
908 2107 1023 2168 τοῖς
1049 2105 1366 2169 ἀποστόλοις
1397 2108 1731 2177 παρήγγειλε
1754 2111 1795 2173 ί,
1822 2109 1919 2162 τοῦ

356 2193 679 2261 φαινομένου
736 2197 989 2264 σώματος
1033 2197 1130 2265 τὴν
1162 2197 1366 2250 οἰκείαν
1400 2198 1617 2269 διώριζε
1661 2200 1915 2270 θεότηταο

354 2284 477 2336 οὐδὲ
504 2285 591 2336 ὅτε
623 2287 856 2355 Χριστὸν
885 2287 1076 2340 ἑαυτὸν
1118 2289 1511 2360 διεμαρτύρετο
1544 2287 1702 2353 εῖναι,
1749 2291 1926 2361 ψυχῆς

344 2377 453 2427 ’καὶ
494 2375 695 2445 σαρκὸς
725 2375 1005 2445 διωρίζετο
1027 2395 1038 2408 ·
1074 2376 1246 2441 οὕτως
1284 2381 1450 2449 ἄμφω
1477 2384 1762 2451 τυγχάνων
1795 2382 1927 2445 Θεός

344 2481 412 2516 τε
470 2466 562 2517 καὶ
617 2465 923 2535 ἄνθρωπος,
976 2467 1161 2532 δοῦλος
1216 2452 1522 2540 ὁρώμενος,
1579 2473 1672 2526 καὶ
1719 2473 1926 2545 Κύριος

356 2554 774 2624 γνωριζόμενος.
811 2548 884 2607 Τὸ
922 2557 1017 2625 μὲν
1074 2557 1274 2629 ὑψηλὸν
1306 2560 1405 2629 τῆς
1444 2560 1696 2632 θεότητος
1722 2562 1798 2633 τῷ
1829 2580 1927 2617 τα-

357 2645 528 2715 πεινῷ
558 2646 656 2714 τῆς
699 2645 1167 2717 ἐνανθρωπήσεως
1213 2651 1691 2723 ὑποκρυπτόμενος
1725 2655 1929 2725 φρονή-

362 2752 514 2804 ματι,
570 2736 631 2789 τὸ
658 2736 715 2789 δέ
756 2754 819 2805 γε
852 2741 1107 2823 ταπεινὸν
1139 2741 1247 2793 τοῦ
1268 2744 1543 2812 ὁρωμένου
1580 2745 1828 2815 σώματος
1863 2750 1928 2819 τῇ

360 2826 458 2895 τῆς
486 2825 740 2897 θεότητος
771 2829 1086 2900 ὑπεραίρων
1119 2832 1388 2902 ἐνεργείᾳ.

2424 627 2514 694 qui
2537 642 2653 679 cum
2695 626 2915 695 Origene
2935 630 3212 681 sentirent.

2417 737 2509 793 Sic
2541 750 2711 793 autem
2737 739 2949 792 dicitde
2987 737 3217 791 Christo.
3282 750 3301 755 '

2102 844 2364 901 Craterum
2402 863 2468 902 ne
2492 848 2536 904 is
2579 850 2669 919 qui
2696 849 2966 919 apparuit,
3001 849 3117 903 solo
3151 849 3339 911 verbo,
3361 848 3457 903 sed
3487 848 3599 903 vir-

2035 945 2143 991 tute
2172 953 2386 1008 quoque
2427 954 2586 995 verus
2614 942 2755 995 Deus
2782 954 2903 994 esse
2939 940 3274 1003 crederetur,
3302 940 3425 1009 ipse
3466 953 3601 1008 ope-

2035 1043 2151 1081 rum
2228 1029 2621 1101 magnificentia
2697 1030 3059 1084 certissimum
3127 1029 3426 1083 divinitatis
3488 1043 3600 1083 suae

2026 1117 2284 1186 judicium
2312 1119 2464 1175 fecit.
2500 1119 2781 1176 Perfectus
2837 1121 3020 1190 itaque
3073 1120 3217 1175 Deus
3255 1135 3374 1174 cum
3430 1128 3600 1183 esset,

2032 1207 2206 1265 factus
2259 1221 2342 1265 est
2378 1212 2650 1266 voluntate
2699 1228 2795 1266 sua
2848 1212 3046 1278 Immo;
3087 1226 3261 1280 neque
3305 1211 3600 1279 quidquam

2030 1300 2270 1364 omnino,
2329 1301 2469 1369 quod
2526 1302 2773 1354 humanae
2832 1311 3039 1354 natura:
3087 1312 3374 1365 cognatum
3430 1309 3598 1364 esset,

2032 1397 2225 1456 praeter
2246 1404 2407 1441 unam
2463 1390 2681 1457 impiam
2718 1389 3003 1456 malitiam,
3034 1390 3250 1455 reliquit
3282 1406 3297 1441 :
3333 1403 3456 1441 nam
3491 1389 3597 1443 etsi

2031 1477 2230 1542 infans,
2256 1477 2568 1533 Emmanuel
2596 1490 2769 1533 tamen
2790 1494 2909 1533 esse
2944 1481 3354 1549 agnoscebatur.
3375 1478 3602 1533 Constat

2031 1582 2263 1635 namque
2310 1582 2494 1637 magos
2538 1568 2627 1637 qui
2683 1571 2748 1621 ad
2778 1567 2925 1621 illum
2954 1577 3238 1631 venerunt,
3266 1583 3387 1621 eum
3424 1568 3599 1636 ipsum

2030 1657 2119 1725 qui
2154 1668 2500 1726 apparuerat,
2533 1659 2847 1711 adoratioue
2866 1673 2961 1711 sua
2988 1656 3057 1711 ἰιι
3084 1657 3259 1710 Deum
3289 1659 3598 1726 agnovisse.

2031 1745 2123 1800 Sic
2150 1762 2365 1816 quoque
2398 1748 2523 1802 licet
2561 1747 2856 1802 secundum
2886 1763 3104 1802 carnem
3139 1749 3190 1801 in
3219 1764 3439 1802 crucem
3472 1764 3601 1817 age-

2031 1847 2200 1903 retur,
2257 1838 2387 1893 solis
2444 1848 2621 1894 tamen
2695 1841 2874 1893 radios
2938 1838 3289 1906 reprimebat,
3354 1852 3602 1906 novoque

2000 1926 2003 1947 ί
2038 1929 2300 1984 miraculo
2355 1931 2687 1985 divinitatem
2726 1947 2879 1985 suam
2927 1931 3044 1985 orbi
3096 1940 3360 1984 terrarum
3395 1926 3602 1999 patefa-

2035 2017 2231 2073 ciebat.
2265 2017 2539 2087 Nusquam
2570 2030 2749 2074 autem
2781 2030 2874 2074 aut
2924 2020 3156 2087 seipsum
3208 2019 3476 2084 divisisse,
3508 2030 3602 2073 aut

2035 2108 2087 2161 iu
2138 2111 2274 2163 duos
2329 2110 2624 2164 salvatores
2682 2111 3007 2165 dissecuisse
3063 2109 3416 2179 comperitur.
3460 2108 3601 2175 Quin

2032 2198 2292 2266 ejusmodi
2360 2201 2539 2269 potius
2569 2216 2821 2256 sermone
2858 2201 3152 2271 discipulos
3180 2217 3307 2256 suos
3364 2203 3600 2270 compel—

2033 2287 2175 2341 lasse
2208 2288 2415 2357 legitur
2452 2308 2465 2343 :
2511 2308 2530 2340 ι
2585 2288 2659 2342 Ne
2718 2290 2924 2343 vocetis
2974 2290 3285 2359 magistrum
3320 2292 3372 2344 in
3411 2301 3551 2346 terra
3583 2305 3601 2345 :

2035 2395 2172 2434 unus
2194 2388 2278 2433 est
2306 2381 2448 2433 enim
2482 2381 2738 2451 magister
2781 2392 2960 2436 vester
2992 2381 3239 2436 Christus
3260 2382 3324 2435 '“.
3365 2401 3385 2434 υ
3415 2382 3604 2453 Neque

2033 2470 2176 2524 enim
2205 2471 2421 2539 quando
2456 2472 2710 2538 apostolis
2744 2473 2858 2526 haec
2910 2464 3232 2541 imperabat,
3265 2474 3601 2528 divinitatem

2036 2576 2189 2617 suam
2220 2577 2250 2615 a
2282 2576 2509 2632 corpore
2557 2565 2698 2631 quod
2742 2565 3091 2627 cernebatur,
3127 2562 3475 2632 sejungebat;
3509 2577 3604 2617 ne-

2035 2668 2140 2722 que
2188 2668 2424 2717 rursum,
2461 2669 2584 2707 cum
2615 2668 2673 2707 se
2718 2652 2993 2708 Christum
3028 2668 3148 2709 esse
3202 2655 3521 2720 testabatur,
3546 2668 3604 2708 se

2038 2738 2220 2796 animo
2258 2753 2312 2798 et
2361 2759 2592 2813 corpore
2634 2745 2940 2811 divelleba‘t,
2977 2745 3071 2800 sed
3100 2743 3259 2797 simul
3292 2754 3601 2812 utrumque,

2036 2834 2144 2888 hoc
2188 2843 2291 2900 est,
2328 2835 2467 2888 Deus
2507 2844 2562 2889 et
2611 2836 2771 2889 homo
2807 2845 2943 2890 erat.
2982 2836 3181 2889 Servus
3229 2836 3429 2906 quippe
3462 2843 3602 2899 erat,

362 2918 453 2985 qui
498 2920 853 2983 cernebatur;
899 2920 1157 2975 Dominus
1193 2936 1321 2975 vero
1366 2924 1452 2990 qui
1514 2924 1938 2991 intelligebatur.
2011 2921 2236 2975 Deitatis
2291 2920 2664 2977 celsitudinem
2720 2922 2908 2976 humili
2992 2920 3381 2978 incarnationis
3432 2922 3604 2978 forma

362 3009 707 3065 occultabat:
737 3020 923 3065 contra
955 3026 1081 3065 vero
1128 3013 1395 3080 corporis,
1439 3013 1595 3081 (μιοὰ
1628 3014 1930 3078 videbatur,
1967 3010 2322 3066 humilitatem
2371 3011 2586 3065 deitatis
2652 3010 2968 3079 operatione
3023 3010 3307 3064 evellebat.

436 3100 539 3156 IA'.
582 3103 818 3181 Εὐχερὲς
856 3104 996 3172 μὲνιι
1024 3100 1115 3157 οὖν
1144 3104 1235 3157 καὶ¹
1267 3105 1431 3174 ’ἐτερα
1465 3104 1671 3168 τούτοις
1698 3105 1925 3173 ἐπενεγ-

2100 3102 2193 3158 Xl.
2228 3103 2344 3158 Non
2376 3103 2538 3156 fuerit
2566 3112 2746 3156 autem
2784 3100 3001 3155 diﬂicile
3036 3100 3139 3153 alia
3168 3100 3431 3169 ejusmodi
3466 3116 3604 3171 pra:-

354 3195 484 3247 κεῖν
524 3193 750 3247 πλεῖστά
781 3210 841 3245 τε
872 3195 972 3247 ὅσα
1015 3196 1107 3246 καὶ
1140 3195 1314 3266 ἁληθῆ
1363 3196 1664 3267 μαρτύρια·
1696 3197 1933 3268 παρίημι

358 3284 445 3348 δὲ,
478 3284 540 3337 τὸ
564 3284 949 3355 γεγραμμένον
1001 3284 1189 3349 εἰδῶς’
1227 3305 1244 3336 ι
1278 3286 1436 3340 Δίδου
1480 3286 1628 3358 σοφῷ
1656 3289 1933 3359 ἀφορμὴν,

358 3375 461 3427 ικαὶ
486 3373 792 3443 σοφώτερος
816 3374 966 3427 ἔσται
988 3392 1000 3405 ο
1027 3375 1260 3446 γνώριζε
1289 3378 1503 3448 δικαίῳ,
1523 3379 1615 3430 καὶ
1638 3379 1935 3451 προσθήσει

361 3465 461 3526 τοῦ
489 3464 758 3534 δέχεσθαι.
793 3484 810 3516 ι
848 3466 994 3536 Πλὴν
1025 3468 1201 3520 ἐκεῖνό
1247 3486 1456 3538 φαμεν·
1488 3470 1596 3522 ἰδοὺ
1633 3471 1696 3541 δὴ
1739 3472 1937 3535 πάντες
1972 3516 1973 3521 η

364 3557 417 3609 οἱ
451 3554 774 3624 πανάριστοί
803 3572 862 3607 τε
890 3557 989 3609 καὶ
1022 3560 1175 3624 σοφοὶ
1211 3557 1351 3610 κατὰ
1382 3561 1609 3629 καιροὺς
1652 3553 1807 3631 ἡμῶν
1845 3577 1938 3629 γε-

364 3645 589 3715 γονότες
620 3645 885 3716 Πατέρες,
916 3648 1006 3699 καὶ
1025 3647 1285 3702 Θεοτόὸιον
1302 3648 1625 3719 ὀνομάζουσι
1652 3652 1750 3722 τὴν
1780 3652 1936 3720 ἁγίαν

356 3737 645 3807 ιΠαρθένον
664 3754 680 3769 ο
709 3737 972 3808 ἡνῶσθαι
1005 3738 1062 3791 δὲ
1099 3726 1253 3792 κατὰ]
1279 3739 1440 3809 φύσιν
1474 3742 1937 3813 διαϐεϐαιούμενοι

366 3830 435 3896 τῇ
466 3829 628 3898 σαρκὶ
650 3827 739 3881 τὸν
769 3829 833 3880 ἐκ
861 3828 996 3881 Θεοῦ
1021 3828 1217 3896 Λόγον,
1236 3830 1302 3881 ἐν
1327 3848 1384 3882 τε
1415 3833 1478 3901 τῇ
1505 3832 1659 3901 νηδύϊ
1685 3833 1936 3900 γενέσθαι

369 3920 502 3986 φασὶ
530 3922 596 3990 τῇ
628 3919 931 3990 παρθενικῇ
959 3959 974 3983 ,
1023 3920 1118 3972 καὶ
1150 3920 1210 3984 ἐξ
1253 3921 1422 3989 αὐτῆς
1467 3921 1750 3992 προελθεῖν
1798 3924 1938 3977 κατὰ

364 4010 579 4080 σάρκα*
611 4011 788 4062 καίτοι
840 4011 940 4080 τὴν
979 4009 1214 4080 ἄναρχον
1241 4013 1336 4063 καὶ
1377 4011 1483 4080 πρὸ
1513 4013 1713 4086 παντὸς
1743 4012 1936 4077 αἰῶνος

367 4099 465 4150 καὶ
490 4098 684 4168 χρόνου
718 4098 949 4167 λαχόντα
978 4098 1233 4167 γέννησιν
1261 4101 1323 4151 ὲκ
1353 4099 1581 4169 Πατρός.
1627 4096 1841 4169 Ἐπειδὴ
1879 4102 1936 4153 δὲ

365 4182 436 4257 ἦν
462 4188 627 4252 εἰκὸς,
650 4189 707 4240 ἐν
728 4191 845 4250 ταῖς
873 4187 1238 4259 μακροτέραις
1265 4191 1358 4241 καὶ
1383 4189 1580 4259 ἐφεξῆς
1603 4191 1711 4242 τῶν
1740 4191 1935 4261 στίχων

370 4277 663 4346 συνθήκαις
697 4276 973 4346 ὀλιγώρως
1000 4276 1190 4346 ἔχοντα
1223 4279 1312 4332 τὸν
1342 4278 1485 4342 νοῦν,
1516 4280 1768 4349 ἐθελῆσαι
1798 4282 1934 4351 μᾶλ-

366 4370 456 4423 λον
484 4369 561 4433 δὲ,
589 4369 663 4431 ὡς
693 4372 749 4421 ἐν
780 4368 985 4438 βραχεῖ
1016 4370 1108 4421 καὶ
1158 4371 1643 4439 συνεσταλμένως*
1677 4373 1804 4425 ἰδεῖν
1828 4372 1934 4425 τῶν

2050 3192 2197 3247 clara
2250 3193 2558 3246 testimonia
2595 3207 2699 3245 non
2742 3206 2908 3258 pauca
2949 3190 3034 3244 his
3060 3190 3469 3259 adjicere;quze
3525 3203 3606 3245 ta-

2037 3297 2159 3336 men
2212 3293 2497 3351 praetereo,
2537 3297 2658 3336 cum
2695 3281 2957 3350 scriptum
3003 3295 3122 3334 esse
3174 3295 3278 3334 non
3317 3281 3556 3350 ignorem
3591 3304 3603 3337 :

2041 3392 2061 3424 ι
2095 3373 2167 3426 Da
2198 3373 2430 3442 sapienti
2498 3372 2859 3433 occasionem,
2897 3380 2951 3423 et
2984 3371 3209 3425 addetur
3235 3372 3284 3424 ei
3307 3372 3606 3440 sapientia:

2038 3454 2173 3519 doce
2198 3462 2422 3531 justum,
2453 3472 2507 3517 et
2532 3452 2810 3517 festinabit
2839 3462 3115 3531 suscipere
3137 3461 3206 3515 ⁸³.
3243 3480 3262 3512 ι
3296 3461 3407 3516 Hoc
3442 3478 3607 3517 unum

2047 3555 2261 3609 interim
2298 3569 2404 3607 non
2429 3553 2892 3623 praetermiserim,
2927 3552 3159 3621 optimos
3181 3566 3243 3606 ac
3264 3553 3607 3620 sapientissi-

2043 3660 2161 3699 mos
2190 3658 2430 3714 quosque
2463 3644 2651 3697 Patres
2684 3651 2947 3712 quotquot
2974 3651 3099 3696 ante
3128 3656 3227 3697 nos
3256 3644 3604 3707 exstiterunt,

2039 3750 2227 3789 omnes
2244 3748 2449 3788 sacram
2472 3731 2745 3801 Virginem
2768 3732 3054 3801 Deiparam
3079 3746 3291 3802 quoque
3316 3732 3608 3802 appellare,

2038 3824 2240 3894 Deique
2294 3820 2547 3889 Verbum,
2589 3821 2803 3877 etiamsi
2876 3820 3124 3889 principii
3186 3836 3380 3888 expers
3416 3822 3507 3884 sit,
3556 3831 3613 3874 et

2038 3924 2164 3969 ante
2186 3929 2343 3969 omne
2373 3929 2543 3968 aevum
2577 3925 2895 3981 tempusque
2935 3927 3003 3965 ex
3034 3910 3197 3964 Patre
3226 3921 3435 3978 natum,
3457 3914 3608 3966 carni

2039 4006 2332 4059 secundum
2375 4015 2623 4058 naturam
2667 4004 2878 4057 unitum
2904 4017 3042 4066 esse,
3076 4016 3174 4057 uec
3206 4017 3310 4056 non
3350 4003 3403 4056 in
3445 4013 3602 4058 utero

2037 4096 2279 4162 virgineo
2313 4084 2561 4158 latuisse,
2596 4097 2686 4147 ac‘
2714 4093 2839 4147 inde
2887 4093 3184 4147 secundum
3228 4106 3449 4145 carnem
3479 4107 3607 4161 pro-

2038 4187 2220 4253 diisse,
2240 4185 2505 4239 attestari.
2524 4183 2789 4250 Quoniam
2813 4198 2943 4237 vero
2959 4182 3179 4237 dubium
3201 4197 3307 4237 nou
3332 4193 3434 4246 est,
3455 4197 3609 4236 tuen-

2040 4285 2144 4329 tem
2188 4275 2394 4343 prolixa
2439 4272 2820 4347 auctoritatum
2846 4271 3344 4342 sententiarumque
3379 4271 3488 4343 53
3527 4290 3612 4327 re.

2038 4367 2297 4422 citatione
2316 4348 2563 4429 Obtundi,
2592 4345 3067 4431 remissioremque
3084 4362 3222 4427 ﬁeri,
3252 4361 3410 4415 malle
3427 4374 3608 4416 autem

364 4460 460 4511 ἐπὶ
501 4457 723 4528 Χριστῷ
770 4459 1055 4528 δογμάτων
1098 4460 1159 4511 τὸ
1204 4462 1668 4530 ἀκραιφνέστατον
1717 4463 1931 4527 κάλλος,

2044 4456 2191 4512 brevi
2218 4452 2448 4525 quodam
2480 4454 2802 4523 compendio
2830 4453 3138 4519 dogmatum
3169 4454 3236 4506 de
3269 4451 3487 4506 Christo
3514 4468 3606 4504 ve-

363 4547 539 4608 αὑτὰς
569 4546 710 4599 κατὰ
736 4547 903 4615 μόνας
930 4547 1028 4612 τὰς
1054 4548 1163 4601 τῶν
1193 4550 1429 4609 ἐννοιῶν,
1464 4551 1548 4602 ἵνα
1571 4550 1743 4614 οὕτως
1772 4553 1932 4616 εἴπω,

366 4638 612 4706 καρδίας,
646 4639 709 4690 ἐκ
744 4639 842 4706 τῆς
870 4638 1228 4692 θεοπνεύστου
1254 4642 1343 4692 καὶ
1388 4641 1533 4705 Νέας
1563 4642 1782 4712 Γραφῆς
1809 4660 1933 4696 συν-

2044 4554 2314 4601 uustatem
2347 4534 3013 4613 dilucideperspicueque
3061 4543 3130 4595 ob
3162 4541 3363 4614 ’oculos
3409 4540 3607 4607 propo-

2044 4638 2203 4692 sitam
2239 4650 2492 4701 cernere;
2526 4634 2645 4688 ideo
2687 4637 2850 4702 ipsas,
2891 4642 2949 4685 ut
3011 4632 3089 4685 sic
3136 4631 3345 4701 loquar,
3391 4638 3609 4720 senten-

360 4724 694 4796 αγηγερκὼς
719 4763 734 4787 9
770 4724 1034 4794 πέπομφα
1076 4728 1140 4795 τῇ
1168 4726 1412 4802 ὑμετέρᾳ
1444 4727 1585 4779 κατὰ
1617 4728 1748 4780 Θεὸν
1776 4728 1929 4779 εὐσε-

2036 4730 2229 4782 tiarum
2251 4725 2506 4780 medullas
2524 4740 2591 4778 ex
2606 4724 2802 4807 divinis
2818 4718 2947 4778 Novi
2968 4721 3296 4778 Testamenti
3311 4718 3610 4790 scripturis

367 4815 519 4885 ὅείᾳ·
560 4815 632 4877 ώς
660 4816 723 4868 ἂν
756 4816 1198 4884 ἐντυγχάνουσαι,
1233 4817 1374 4869 κατὰ
1402 4816 1574 4886 βραχύ
1613 4834 1672 4869 τε
1706 4818 1801 4869 καὶ
1832 4818 1934 4871 ἀνὰ

358 4907 536 4979 σμέρος
562 4907 724 4960 αὐταί
752 4924 813 4959 τε
835 4908 928 4959 τὸν
976 4908 1035 4959 ἐν
1074 4907 1201 4975 ὑμῖν
1238 4910 1334 4960 καὶ
1358 4908 1437 4960 ἔτι
1469 4909 1730 4979 μειζόνως
1770 4926 1936 4963 κατα-

368 4998 699 5069 φαιδρύνητε
727 4998 885 5051 νοῦν’
916 4998 1349 5068 φωταγωγοῦσαι
1390 4999 1448 5052 δὲ
1492 4999 1628 5069 πρὸς
1677 5001 1935 5070 ἀλήθειαν

368 5091 466 5143 καὶ
494 5089 588 5153 οὓς
615 5090 679 5171 ἂν
700 5090 927 5157 ὠφελεῖν
948 5089 1167 5160 ἕλησθε,
1186 5091 1360 5161 καυχή
1372 5108 1534 5159 μασιν
1558 5091 1936 5155 ἀποστολικοίς

367 5183 466 5246 τὰς
505 5184 655 5246 ὁσίας
687 5183 840 5252 ὑμῶν
879 5181 1345 5250 καταφαιδρύνητε
1380 5182 1639 5251 κεφαλάς.
1677 5184 1937 5245 Πλούσιος

358 5275 427 5326 δὲ
458 5274 578 5327 λίαν
623 5275 652 5326 ὁ
698 5275 790 5326 ἐπὶ
826 5273 1000 5342 τούτῳ
1034 5273 1252 5343 μισθό;”
1281 5273 1590 5341 γέγραπται
1633 5276 1772 5345 γάρ·
1813 5294 1831 5325 ε
1878 5276 1938 5327 '0

366 5364 703 5435 ἐπιστρέψας
737 5363 1058 5433 ἁμαρτωλὸν
1082 5364 1145 5415 ὲκ
1176 5361 1381 5431 πλάνης
1403 5361 1545 5427 ὁδοῦ,
1569 5362 1733 5416 σώσει
1761 5362 1938 5433 ψυχὴν

443 5515 487 5548 ἐ
522 5515 708 5569 Matth.
736 5529 891 5579 χχιιι,
932 5515 1012 5569 l0.
1090 5516 1134 5550 δ’
1172 5513 1329 5568 Prov.
1381 5531 1455 5575 Ix,
1489 5515 1541 5568 9.

2042 4820 2324 4882 collectas,
2348 4819 2413 4871 ad
2444 4824 2680 4871 vestram
2717 4816 2770 4870 in
2817 4816 2983 4869 Deum
3027 4815 3285 4884 pietatem
3319 4813 3610 4867 mittendas

2042 4909 2370 4966 existimavi.
2421 4907 2537 4974 Qua
2601 4908 2853 4961 nimirum
2908 4905 3274 4960 breviterac
3316 4901 3610 4973 'sigillatim

2044 5004 2205 5057 hasce
2236 4999 2565 5061 evolventes,
2597 4996 2835 5051 vestram
2863 4998 2916 5049 in
2943 4980 3134 5065 primis
3176 5003 3410 5048 mentem
3447 4991 3609 5046 etiam

2043 5108 2184 5147 llllllc
2210 5094 2583 5154 cohonestare,
2617 5088 2811 5144 deinde
2869 5089 2935 5141 ad
2983 5087 3375 5157 agnoscendam
3409 5083 3610 5137 verita-

2044 5176 2341 5246 tem,'aliis
2388 5182 2800 5250 quibuscunque
2849 5180 3022 5233 visum
3085 5176 3267 5239 fuerit,
3304 5172 3610 5241 adjumento

2043 5289 2165 5328 esse
2201 5288 2406 5327 necnon
2442 5271 2755 5341 apostolicis
2787 5256 3081 5338 praeconiis
3103 5259 3324 5336 perinde
3355 5278 3418 5316 ac
3447 5263 3611 5315 sertis

2045 5364 2364 5432 quibusdam
2415 5363 2590 5430 capita
2630 5348 2809 5416 vestra
2862 5359 3114 5415 redimire
3166 5354 3402 5422 possitis.
3429 5351 3610 5420 Quau.

1457 5651 1629 5706 Varia:
1655 5650 1908 5706 lectiones
1929 5650 2128 5705 codicis
2160 5651 2513 5720 Seguiet'iani.

452 5791 477 5824 ³
505 5786 829 5850 αὐτοτελῶς.
912 5786 929 5822 ⁸
964 5783 1297 5855 παρήγγελε.
1375 5799 1399 5827 υ
1431 5805 1529 5841 ουκ
1560 5800 1810 5857 ασχερες.
1887 5794 1914 5824 ν
1941 5795 2359 5855 σινεστα).μενῳ.
