4060 6424
450 426 587 482 1⁸219

1419 419 1478 476 S.
1519 414 1801 472 CYRILLI
1836 412 2305 472 ALEXANDRINI
2344 410 2665 470 AllClllEl’.

3555 409 3694 465 1220

448 535 736 608 doquidem
770 535 987 605 copiosa
1035 547 1247 588 merces
1284 547 1349 588 ea
1393 534 1460 588 de
1499 548 1660 589 causa
1718 531 1866 587 reddi
1893 546 2023 587 eon-

2138 530 2293 585 κὺτοῦ
2325 533 2389 584 ἑκ
2421 530 2674 593 θανάτου,
2706 529 2799 582 καὶ
2822 526 3052 597 καλύψει
3083 525 3286 598 πλῆθος
3321 525 3623 597 ἁμαρτιῶν.
3665 542 3688 577 ι

449 629 625 684 suevit
657 646 672 682 :
702 626 964 694 scriptum
999 635 1084 679 est
1115 624 1258 679 enim
1288 641 1302 678 :
1334 640 1354 676 ι
1406 623 1509 691 Qui
1543 623 1781 679 converti
1830 623 2019 678 fecerit

450 728 787 790 peccatorem
830 717 899 772 ab
936 729 1125 771 errore
1184 716 1282 771 viae
1334 715 1727 781 suae,salvabit
1784 716 2016 769 animam

448 813 563 881 ejus
578 827 608 866 a
626 818 818 873 morte,
836 820 891 864 et
907 809 1114 878 operiet
1143 807 1533 862 multitudinem
1548 816 1892 878 peccatorum
1904 806 1971 861 ⁸³.
1993 824 2011 857 ι

450 904 617 957 l’orro
664 910 843 955 autem
874 916 998 955 cum
1031 899 1295 969 ejusmbdi
1331 898 1616 954 sententiis
1665 895 2018 961 adducendis,

448 992 532 1047 vel
571 993 884 1047 earumdem
931 1006 1145 1059 quoque
1195 988 1656 1051 conclusionibus,
1683 988 1911 1042 subinde
1933 986 2018 1041 di-

450 1084 588 1137 cturi
637 1097 844 1146 sumus,
899 1084 1039 1137 Deus
1096 1084 1259 1153 igitur
1300 1092 1381 1136 est
1423 1080 1830 1147 Cliristus;aut
1886 1094 2023 1134 unus

449 1189 579 1243 ergo
609 1171 778 1229 Filius
818 1184 873 1229 et
902 1174 1161 1227 Dominus
1192 1182 1272 1227 est
1298 1172 1549 1226 Christus
1579 1191 1591 1225 :
1621 1186 1727 1227 non
1760 1185 1826 1226 eo
1858 1184 2021 1223 sensu

451 1264 505 1318 id
562 1265 812 1327 dicimus,
851 1278 958 1333 quo
1012 1263 1121 1327 illi;
1167 1263 1321 1333 quasi
1388 1263 1643 1316 nimirum
1705 1260 2021 1315 Emmanuel

449 1355 741 1408 secundum
792 1353 1021 1421 gratiam
1075 1362 1283 1407 tantum
1347 1350 1511 1417 Deus,
1556 1363 1652 1406 aut
1711 1350 1903 1416 Filius,
1933 1360 2026 1404 aut

449 1442 711 1497 Dominus
736 1443 805 1494 sit
837 1442 1179 1507 nominatus;
1208 1451 1299 1494 aut
1317 1456 1414 1510 per
1440 1441 1687 1495 assiduos
1708 1454 2025 1511 progressus

449 1539 503 1584 et
547 1531 897 1593 incrementa,
940 1530 1161 1597 perinde
1194 1544 1257 1584 ac
1306 1545 1446 1584 unus
1493 1528 1764 1597 quispiam
1790 1543 1820 1583 e
1848 1529 2025 1603 medio

449 1635 611 1687 grege
632 1621 909 1686 nostrique
939 1618 1132 1673 similis
1174 1618 1334 1673 homo
1364 1618 1766 1683 sanetillcalus,
1802 1617 1866 1670 ad
1899 1616 2025 1670 illud

450 1710 632 1778 gloriae
660 1710 872 1764 culmen
894 1710 1296 1763 conscenderit.
1328 1707 1524 1763 Verum
1553 1725 1719 1762 unum
1752 1710 1849 1762 hoc
1873 1707 2027 1761 insti-

2137 626 2225 677 Ἑν
2253 622 2310 676 δέ
2348 640 2412 691 γε
2440 625 2560 685 ταῖς
2590 620 2698 674 τῶν
2736 619 2954 673 ἐννοιῶν
2979 619 3289 688 εὑρέσεσιν,
3316 617 3435 687 ἦτοι
3478 630 3692 685 συμπε-

2126 714 2420 785 ράσμασιν,
2449 712 2578 764 ὅταν
2605 710 2876 780 λέγωμεν,
2918 708 3050 771 Θεὸς
3091 704 3184 761 οὖν
3212 708 3320 778 ἄρα
3359 708 3389 759 ὁ
3436 705 3692 777 Χριστὸς,

2122 806 2288 876 ἤγουν
2331 798 2412 867 εἷς
2443 804 2550 873 ἄρα
2578 803 2608 854 ὁ
2636 802 2765 866 Υἱὸς
2806 802 2899 855 καὶ
2932 801 3135 871 Κύριος
3172 798 3378 869 Ἰησοῦς
3420 798 3690 868 Χριστός.

2124 897 2222 965 οὐχ
2261 893 2403 947 οὓτω
2447 894 2648 964 φαμὲν,
2691 892 2765 957 ὡς
2810 894 3027 956 ἐκεῖνοι,
3082 890 3215 944 Θεὸν
3252 890 3396 943 κατά
3439 882 3622 958 χάριν,
3660 886 3696 957 ἢ

2130 985 2280 1049 Υἱὸν,
2339 985 2372 1054 ἢ
2411 981 2613 1054 Κύριον
2662 982 2975 1053 ὠνομάσθαι
3014 982 3106 1035 τὸν
3146 979 3521 1051 Ἐμμανουὴλ,
3557 979 3591 1048 ἢ
3632 979 3698 1031 ἐκ

2131 1076 2411 1145 προκοπῆς
2433 1113 2447 1137 ,
2482 1074 2515 1144 ἦ
2552 1074 2845 1137 ἐπιδόσεως
2865 1113 2880 1138 ,
2913 1075 2992 1136 είς
3019 1071 3175 1126 τοῦτο
3205 1072 3363 1143 δόξης
3390 1069 3582 1134 ἐλθεῖν,
3620 1069 3697 1132 ὡς

2139 1165 2237 1219 ’ένα
2264 1166 2357 1220 τὸν
2386 1165 2508 1219 καθ’
2530 1166 2675 1235 ἡμᾶς
2708 1165 2883 1219 κοινὸν
2909 1166 3001 1218 καὶ
3025 1162 3358 1235 ἡγιασμένον
3377 1161 3660 1231 ἄνθρωπον
3679 1176 3693 1189 ο

2135 1256 2311 1308 έκεῖνο
2351 1255 2410 1308 δὲ
2455 1254 2674 1324 μᾶλλον,
2702 1255 2783 1307 ὅτι
2814 1253 2945 1316 Θεὸς
2975 1251 3050 1306 ὢν
3073 1255 3102 1306 ό
3127 1253 3297 1320 Λόγος
3315 1291 3331 1318 ,
3359 1245 3479 1303 εἶτα
3512 1249 3697 1310 καθεὶς

2125 1346 2317 1399 ἑαυτὸν
2342 1346 2423 1420 είς
2454 1346 2703 1409 κένωσιν,
2732 1346 2824 1397 καὶ
2853 1346 2910 1397 ὲν
2942 1344 3129 1397 δούλου
3177 1345 3357 1414 μορφῇ
3390 1326 3721 1409 καταὸεὸη-’

2125 1434 2259 1501 κὼς,
2289 1436 2441 1488 οὐδὲν
2467 1432 2627 1507 ἧττόν
2659 1437 2775 1488 ἐστι
2800 1435 2933 1498 Θεὸς
2964 1434 3237 1505 ἀληθινὸς,
3266 1430 3364 1487 καὶ
3394 1432 3555 1501 φύσει
3588 1431 3698 1484 τῶν

2123 1525 2260 1579 ὅλων
2306 1525 2508 1597 Κύριος
2541 1525 2715 1587 ἔσται,
2754 1525 2847 1579 καὶ
2878 1525 3058 1595 μόνος,
3106 1526 3198 1578 καὶ
3232 1524 3412 1586 tamn;
3446 1523 3588 1585 Υἱός.
3622 1514 3695 1592 ⁷ῼ

2125 1617 2218 1670 καὶ
2243 1618 2402 1686 ἡμεῖς
2430 1615 2908 1688 συμμορφούμενοι
2932 1614 3075 1669 κατά
3102 1615 3261 1685 χάριν
3287 1613 3387 1684 τὴν
3409 1613 3473 1666 δι’
3502 1610 3690 1677 αὐτοῦ,

2126 1708 2263 1779 πρὸς
2295 1706 2394 1778 τὴν
2425 1710 2523 1778 τῆς
2558 1708 2830 1771 υἱοθεσίας
2857 1706 3221 1777 ἀναϐαίνομεν
3252 1706 3429 1770 δόξαν.
3484 1710 3499 1725 ’

455 1804 653 1859 luimus
686 1813 739 1857 et
762 1803 1009 1865 dicimus,
1033 1817 1223 1871 nempe
1255 1802 1485 1857 Verbum
1543 1817 1666 1857 cum
1742 1803 1882 1857 Deus
1927 1810 2092 1864 esset,
2129 1803 2198 1856 ad
2251 1802 2697 1867 exinanitionem,
2736 1800 3366 1873 servilemquell‘ormam
3423 1815 3481 1854 re
3525 1798 3699 1852 demi-

450 1892 589 1944 sisse
620 1906 683 1945 ac
713 1891 1087 1955 descendisse;
1118 1891 1189 1943 ita
1224 1900 1400 1944 tamen
1433 1900 1491 1944 ut
1536 1905 1696 1946 verus
1748 1890 2099 1945 nihilominus
2138 1890 2279 1946 Deus
2326 1907 2390 1946 ac
2448 1893 2741 1948 secundum
2787 1902 3036 1946 naturam
3094 1893 3467 1946 universorum
3519 1889 3700 1943 Domi-

462 1994 565 2032 nus
619 1978 998 2047 permanserit,
1044 1978 1302 2046 solusque
1344 1988 1399 2032 et
1439 1979 1657 2048 proprie
1714 1978 1879 2033 Filius
1906 1996 1920 2032 :
1946 1979 2032 2034 cui
2072 1988 2126 2034 et
2147 1995 2246 2035 nos
2299 1996 2516 2051 quoque
2574 1997 2669 2051 per
2716 1984 2947 2052 gratiam
2981 1982 3151 2052 ipsius
3183 1982 3607 2043 conformantur,
3640 1987 3698 2031 et

451 2070 517 2123 ad
538 2069 838 2137 adeptiouis
871 2067 1095 2136 gloriam
1126 2067 1566 2122 conscendimus.

548 2158 660 2212 Xll.
711 2158 978 2213 Caaterum
1033 2173 1226 2212 nomen
1288 2158 1410 2223 hoc,
1479 2157 1752 2224 Christus,
1780 2158 2022 2227 quidam,

2198 2157 2295 2212 IB’.
2328 2161 2536 2232 Ὀνομα
2561 2163 2616 2215 δὲ
2646 2162 3019 2233 τὸ,Χριστὸς,
3056 2165 3284 2234 πρέπειν
3315 2166 3435 2235 μὲν,
3452 2166 3552 2218 οὐκ
3579 2160 3699 2217 οἶδα.

456 2248 637 2301 nescio
667 2247 969 2316 quomodn,
1000 2247 1092 2301 Dei
1139 2246 1314 2301 Patris
1357 2247 1530 2301 Verbo
1582 2247 1744 2301 etiam
1782 2261 2026 2300 seorsum

455 2357 517 2396 ac
552 2357 644 2410 per
669 2356 748 2405 se,
783 2343 883 2395 hoc
905 2352 1008 2405 εει,
1058 2351 1117 2395 ut
1144 2350 1296 2396 extra
1340 2356 1558 2393 carnem
1589 2341 1820 2408 positum
1850 2348 2031 2393 mente

454 2431 775 2499 concipitur,
810 2430 1105 2485 convenire
1142 2439 1418 2493 asserunt,
1463 2444 1585 2483 mox
1630 2444 1759 2483 vero
1792 2429 1844 2482 in
1883 2427 2028 2481 illum

457 2538 672 2592 quoque
727 2522 977 2575 similiter
1025 2521 1153 2575 illud
1207 2533 1516 2590 competere
1565 2520 1917 2584 contendunt,
1939 2518 2029 2588 qui

454 2629 523 2668 ex
549 2628 697 2667 sacra
734 2612 955 2680 Virgine
981 2621 1138 2667 natus
1158 2621 1262 2674 est,
1315 2623 1472 2680 prout
1501 2612 1589 2667 hic
1612 2626 1829 2681 quoque
1855 2624 1951 2679 per
1974 2625 2034 2664 se

458 2704 749 2773 separatim
806 2703 1102 2758 subsistere
1153 2703 1572 2758 consideratur:
1601 2716 1878 2772 postremo
1919 2716 2034 2755 am-

462 2797 635 2850 bobus
694 2794 855 2848 simul
912 2794 1137 2862 perinde
1182 2809 1245 2847 ac
1303 2795 1392 2847 uni
1439 2809 1737 2865 congruere
1793 2796 2031 2860 tradunt,

457 2887 666 2940 ratione
725 2886 978 2937 nimirum
1016 2884 1441 2953 conjunctionis,
1473 2896 1535 2938 ut
1578 2885 1678 2953 ipsi
1715 2885 2031 2954 loquuntur,

459 2977 511 3030 in
543 2992 703 3029 unam
730 2976 847 3031 illos
873 2991 1157 3042 personam
1185 2975 1503 3045 colligautes
1530 2975 1549 3044 (
1577 2992 1699 3029 nam
1722 2991 1862 3031 verae
1893 2976 2034 3033 illius

460 3066 828 3135 naturalisth
885 3065 1121 3131 uuionis,
1162 3066 1373 3120 etiamsi
1409 3082 1570 3120 unam
1602 3068 1742 3121 hanc
1782 3069 2027 3137 mysterii

461 3157 618 3226 hujus
654 3157 794 3210 viam
823 3156 1059 3224 planam,
1092 3166 1147 3211 et
1195 3158 1264 3211 ab
1308 3158 1453 3210 omni
1492 3172 1680 3212 errore
1710 3167 1879 3211 tutam
1910 3173 2035 3226 pro-

461 3248 690 3316 positam
734 3246 991 3308 habeant,
1026 3247 1171 3300 nulla
1207 3249 1347 3316 apud
1400 3246 1520 3302 illos
1552 3247 1781 3301 habetur
1819 3249 2029 3317 ratio):

457 3346 513 3391 et
544 3337 657 3391 haec
686 3335 895 3390 illorum
925 3336 1180 3390 simulata
1207 3336 1479 3391 confessio
1514 3353 1616 3391 non
1669 3347 1752 3391 est
1799 3339 2032 3403 sincera,

460 3428 553 3482 sed
576 3429 678 3481 atri
715 3427 907 3483 veneni
943 3429 1361 3497 imposturazque
1406 3428 1583 3498 plena.
1632 3427 1763 3481 Nam
1788 3444 1908 3482 cum
1954 3430 2035 3481 di-

2131 2252 2719 2315 πῶς,δια6ε6αιοῦνταί
2758 2272 2901 2319 τινες
2942 2262 3038 2311 καὶ
3087 2257 3270 2320 ῖδικῶς
3309 2273 3369 2310 τε
3420 2258 3513 2310 καὶ
3562 2257 3702 2312 κατά

2134 2343 2320 2412 μόνας,
2350 2342 2441 2397 καὶ
2471 2343 2574 2411 ἔξω
2610 2348 2809 2417 σαρκὸς
2836 2346 2948 2400 ὸντι
2990 2364 3050 2400 τε
3087 2349 3180 2401 καὶ
3224 2348 3497 2417 νοουμένῳ
3526 2347 3606 2417 τῷ
3637 2350 3701 2400 ὲκ

2131 2435 2266 2490 Θεοῦ
2294 2437 2449 2504 φύντι
2477 2436 2634 2508 Λόγῳ
2655 2456 2666 2467 ·
2701 2439 2932 2509 πρέπειν
2955 2440 3012 2493 δὲ
3040 2442 3242 2511 ὁμοίως
3268 2442 3361 2494 καὶ
3396 2440 3475 2510 τῷ
3506 2442 3570 2493 ὲκ
3598 2439 3701 2508 τῆς

2135 2527 2298 2594 ἁγίας
2323 2528 2602 2599 Παρθένου
2628 2532 3027 2602 γεγεννημένῳ,
3056 2532 3159 2585 κᾶν
3183 2533 3231 2584 εί
3251 2535 3422 2584 νοοῖτο
3442 2532 3702 2600 ὑπάρχων

2134 2620 2274 2674 κατά
2305 2621 2472 2691 μόνας
2499 2621 2578 2674 ἔτι
2607 2622 2702 2675 καὶ
2726 2622 2848 2676 καθ’
2871 2624 3063 2676 ἑαυτόν
3084 2640 3097 2654 ·
3127 2625 3221 2678 καὶ
3255 2619 3453 2694 τρίτως
3484 2623 3541 2675 δὲ
3571 2621 3706 2691 πρέ-

2134 2728 2257 2764 πειν
2308 2712 2529 2781 ἀμφοῖν,
2576 2713 2772 2766 ὡσανεὶ
2812 2728 2836 2754 ι
2887 2714 2982 2767 τοῦ
3026 2715 3128 2783 τῆς
3175 2714 3470 2783 συναφείας
3517 2712 3701 2781 λόγου,

2136 2802 2383 2871 καθάπερ
2416 2802 2568 2855 αὐτοί
2611 2821 2794 2871 φασιν,
2828 2806 2907 2867 εἰς
2946 2804 3004 2857 ἓν
3035 2806 3230 2869 αὐτοὺς
3259 2806 3546 2871 πρόσωπον
3583 2820 3707 2856 συν-

2135 2890 2433 2953 εισδέοντες
2451 2898 2479 2938 1
2507 2905 2517 2916 ’
2545 2891 2790 2957 ὲνὼσεως
2816 2892 2924 2963 γὰρ
2945 2894 3049 2963 ,τῆς
3078 2894 3218 2946 κατὰ
3257 2893 3418 2961 φύσιν
3443 2894 3537 2946 καὶ
3569 2892 3707 2961 ἀλη-

2136 2978 2262 3041 θοῦς
2295 2979 2472 3042 οὐδεὶς
2497 2980 2649 3047 λόγος
2678 2982 2859 3044 αὐτοῖς
2879 3000 2893 3013 ·
2921 2984 3098 3051 καίτοι
3133 2983 3337 3052 ταύτην
3366 2983 3582 3054 ἔχοντος
3612 2982 3708 3034 τοῦ

2140 3072 2439 3141 μυστηρίου
2465 3074 2562 3139 τὴν
2597 3072 2715 3127 ὁδὸν
2746 3074 2911 3145 ὀρθὴν
2954 3076 3048 3129 καὶ
3079 3074 3517 3143 ἀπλανεστάτην·
3551 3074 3647 3127 καὶ
3674 3076 3710 3143 ἡ

2139 3158 2335 3229 σκῆψις
2379 3161 2556 3214 αὐτῶν
2602 3164 2700 3232 οὐχ
2746 3163 2890 3232 ἁπλῆ
2918 3201 2933 3225 ,
2991 3165 3215 3235 πικρίας
3255 3164 3312 3217 δὲ
3367 3162 3568 3234 μᾶλλον
3614 3164 3713 3216 καὶ

2138 3250 2354 3321 ἀπάτης
2426 3252 2796 3321 μεμέστωται.
2850 3254 3066 3323 Ἐπειδὴ
3114 3254 3223 3323 γάρ
3265 3257 3298 3323 ἠ
3353 3254 3712 3316 θεόπνευστος

2140 3341 2328 3412 Γραφὴ
2370 3343 2604 3411 Χριστὸν
2634 3345 2996 3416 ὀνομάζουσα,
3028 3347 3206 3401 πάντα
3231 3346 3381 3417 αὐτῷ
3414 3346 3713 3418 προσνέμει

2141 3436 2208 3486 τὰ
2235 3433 2514 3504 θεοπρεπῆ
2561 3432 2708 3499 (οἶδε
2752 3438 2881 3508 γὰρ,
2932 3434 3041 3492 οἶδε
3080 3441 3138 3492 ὲν
3170 3439 3487 3509 ἀνθρωπεία
3522 3442 3712 3509 μορφῇ

460 3519 583 3573 vina
613 3519 887 3588 Scriptura
917 3510 1191 3573 Christum
1217 3520 1524 3584 nominans,
1550 3520 1730 3573 omnia
1757 3521 1830 3573 illi
1856 3521 2031 3574 divina

2144 3525 2419 3594 πεφηνότα
2450 3529 2543 3580 καὶ
2576 3507 2991 3599 σεσαρκωμένον
3021 3531 3112 3583 τὸν
3144 3507 3287 3584 Θεοῦ-
3315 3507 3544 3602 Λόγον),
3581 3507 3713 3584 σκο-

461 3607 779 3675 simpliciter
804 3605 911 3678 54.
929 3607 1124 3660 tribuat
1165 3608 1351 3678 (novit
1403 3608 1572 3671 enim,
1598 3608 1768 3671 novit,
1794 3609 2033 3678 inquam,

462 3698 578 3761 illa,
611 3698 702 3750 Dei
734 3696 965 3750 Verbum
1004 3697 1058 3750 in
1120 3698 1355 3752 humana
1405 3699 1576 3753 forma
1626 3701 1940 3770 apparuisse
1983 3717 2038 3756 et

462 3802 680 3841 carnem
706 3787 907 3842 factum
946 3790 1134 3860 esse);
1180 3790 1391 3845 illorum
1420 3799 1599 3846 autem
1642 3793 1956 3851 institutum
1985 3804 2039 3847 et

464 3895 680 3949 scopas,
713 3879 805 3951 qui
855 3880 1067 3935 diversa
1099 3883 1166 3935 ab
1206 3881 1290 3937 his
1320 3883 1579 3948 sentiunt,
1615 3885 1687 3939 sit
1715 3885 2040 3953 persuadere

462 3986 583 4025 eum
609 3973 699 4042 qui
726 3988 791 4027 ex
826 3974 1051 4029 muliere
1087 3983 1243 4030 natus
1267 3983 1369 4041 est,
1394 3975 1666 4031 hominem
1715 3989 1835 4031 esse
1861 3992 2024 4030 unum

464 4065 901 4134 quempiam,qui
942 4080 1037 4134 per
1066 4066 1422 4132 incrementa,
1456 4077 1514 4121 ut
1541 4067 1677 4132 dixi,
1713 4077 1767 4123 et
1802 4084 1901 4138 per
1924 4082 2042 4138 pro-

2143 3620 2242 3680 πὸς
2273 3619 2330 3671 δὲ
2364 3622 2477 3682 τοῖς
2521 3618 2686 3690 ἕτερα
2737 3622 2888 3691 παρά
2927 3622 3085 3675 τοῦτο
3130 3626 3343 3693 φρονεῖν
3378 3625 3674 3695 ᾑρημένοις
3697 3663 3712 3685 ,

2144 3709 2238 3760 καὶ
2268 3707 2444 3760 κοινὸν
2476 3708 2761 3776 ἄνθρωπον
2789 3709 3112 3777 ἀποφαίνειν
3139 3710 3228 3763 τὸν
3254 3712 3319 3763 ὲκ
3346 3709 3623 3785 γυναικὸς,
3654 3708 3719 3774 ἐξ

2141 3797 2452 3861 ἐπιδόσεως,
2488 3798 2563 3861 ὡς
2592 3799 2750 3869 ἔφην,
2774 3802 2867 3854 καὶ
2899 3801 2958 3866 ἐξ
2993 3801 3128 3865 ἰδίας
3152 3818 3211 3854 τε
3246 3802 3341 3854 καὶ
3365 3800 3718 3870 ἀνθρωπίνης

2142 3888 2345 3958 ἀρετῆς
2376 3878 2524 3953 ἄξιον
2568 3891 2759 3944 ἑαυτὸν
2793 3894 3222 3963 παραστήσαντα
3264 3891 3359 3946 τοῦ
3394 3894 3592 3963 χρῆναι
3629 3909 3718 3944 τι-

2147 3980 2352 4049 μᾶσθαι
2385 3983 2478 4034 καὶ
2502 3982 2761 4052 συναφιίᾳ
2790 3982 3083 4053 προσώπου
3109 3986 3175 4053 τῇ
3207 3983 3342 4053 πρὸς
3370 3984 3459 4037 τὸν
3483 3985 3548 4036 ἐκ
3576 3982 3715 4036 Θεοῦ

2145 4070 2338 4138 Λόγον,
2373 4072 2466 4124 καὶ
2494 4072 2788 4126 ἀπόλεκτον
2814 4072 3067 4143 γενέσθαι
3100 4074 3241 4128 κατά
3273 4074 3603 4145 πρόγνωσιν.

471 4146 667 4226 priam,
708 4158 810 4212 hoc
855 4166 936 4212 est
973 4159 1259 4213 humanam
1319 4160 1569 4214 virtutem
1629 4161 1849 4231 dignum
1912 4176 1970 4216 se
2026 4166 2332 4230 praebuerit,
2376 4164 2467 4233 qui
2518 4167 2776 4219 honorem
2815 4181 3031 4235 quoque
3073 4166 3426 4220 connexionis
3458 4180 3579 4219 cum
3620 4165 3715 4221 Dei

471 4249 645 4303 Verbo
718 4259 1119 4318 assequeretur,
1187 4261 1242 4305 et
1298 4252 1491 4319 insigni
1572 4254 2045 4322 prmdestiuatione
2082 4256 2392 4326 eligeretur.

536 4338 678 4393 Xlll.
719 4336 926 4394 Idcirco
973 4356 1167 4396 nomen
1216 4342 1333 4405 hoc,
1371 4340 1640 4408 Christus,
1665 4344 1763 4399 soli
1823 4360 2040 4414 quoque

474 4430 645 4487 Verbo
674 4432 817 4500 quod
844 4446 907 4487 ex
934 4430 1042 4486 Deo
1086 4432 1246 4487 Patre
1284 4443 1462 4488 ortum
1498 4446 1601 4500 est,
1626 4446 1683 4487 ul
1717 4436 1941 4490 scorsim
1975 4449 2041 4490 ac

468 4538 563 4593 per
601 4536 661 4577 se
684 4522 980 4577 subsistere
1009 4524 1409 4591 consideratur,
1450 4527 1743 4580 convenire
1766 4537 2042 4580 asserunt.

467 4613 579 4669 Nos
608 4622 787 4667 autem
813 4613 884 4667 ita
911 4616 1118 4669 sentire
1155 4626 1248 4669 aut
1281 4617 1424 4685 loqui
1482 4632 1821 4685 nequaquam
1859 4618 2047 4672 didici-

472 4718 590 4759 mus
645 4724 657 4759 :
706 4705 1140 4775 quandoquidem
1195 4717 1321 4762 tunc
1375 4708 1606 4776 primum
1660 4709 1889 4763 Verbum
1921 4707 2046 4765 Jesu

2218 4348 2314 4399 ll".
2348 4348 2554 4401 Ἑκεῖνό
2595 4365 2778 4417 φασιν,
2813 4350 2992 4413 ὅτιτὸ,
3025 4348 3302 4415 Χριστὸς,
3320 4348 3490 4418 δνομα
3514 4347 3717 4417 πρέπει

2149 4438 2243 4489 καὶ
2279 4438 2446 4508 μόνῳ,
2491 4439 2585 4491 καὶ
2633 4439 2758 4510 ἰδίᾳ,
2809 4440 2901 4492 καὶ
2931 4439 3053 4492 καθ’
3082 4439 3273 4491 ἑαυτὸν
3301 4438 3576 4508 νοουμένῳ
3620 4440 3720 4491 καὶ

2144 4530 2437 4600 ὑπάρχοντι
2488 4528 2567 4598 τῷ
2618 4533 2681 4582 ὲκ
2739 4530 2874 4582 Θεοῦ
2922 4529 3134 4600 Πατρὸς
3177 4529 3485 4599 πεφηνότιιι
3534 4528 3715 4597 Λόγῳ.

2154 4620 2346 4689 Ἡμεῖς
2388 4621 2444 4674 δὲ
2470 4621 2568 4689 οὐχ
2605 4621 2748 4673 οὕτω
2775 4620 3130 4689 δεδιδάγμεθα
3180 4623 3417 4690 φρονεῖν,
3448 4620 3481 4687 ἦ
3516 4619 3716 4685 λέγειν.

2150 4713 2279 4764 Ὅτε
2308 4712 2416 4781 γὰρ
2450 4713 2639 4778 γέγονε
2669 4710 2806 4781 σάρξ
2833 4714 2861 4765 ὁ
2887 4714 3079 4780 Λόγος,
3113 4712 3235 4765 τότε
3271 4714 3365 4765 καὶ
3401 4711 3719 4781 ὠνομάσθαι

469 4795 667 4851 Christi
703 4798 1111 4867 appellationem
1133 4800 1380 4854 sortitum
1408 4798 1662 4865 dicimus,
1684 4816 1806 4854 cum
1843 4799 2031 4856 facturr.

2151 4805 2332 4872 φαμὲν
2381 4801 2543 4856 αὑτὸν
2586 4800 2820 4871 Χριστὸν
2857 4799 3082 4872 Ἰησοῦν.
3126 4801 3341 4870 Ἐπειδὴ
3389 4800 3498 4871 γὰρ
3528 4800 3719 4869 κέχρι-

470 4897 556 4942 est
604 4900 770 4951 caro;
816 4890 1082 4956 siquidem
1135 4892 1205 4947 ob
1252 4891 1302 4945 id
1332 4890 1582 4949 Christus
1641 4902 1884 4960 vocatur,
1917 4894 2042 4962 quia

467 4976 851 5033 exsultationis
907 4980 1048 5047 oleo,
1078 4982 1179 5037 huc
1216 4993 1299 5037 est
1357 4983 1562 5052 Spiritu
1596 4994 1807 5049 sancto,
1854 5002 1884 5039 a
1940 4986 2045 5040 Deo

471 5067 628 5123 Patre
658 5068 937 5124 inunctutn
964 5081 1066 5127 est.
1093 5070 1246 5137 Quod
1274 5082 1451 5128 autem
1472 5076 1715 5130 iuunctio
1733 5076 1820 5129 illa
1841 5090 2047 5131 assum-

471 5168 573 5227 pta:
620 5158 972 5215 humanitatis
1024 5162 1235 5218 ratione
1297 5164 1371 5218 illi
1429 5166 1737 5231 conveniat,
1805 5167 1855 5221 id
1905 5166 2044 5237 apud

473 5261 618 5305 recte
670 5250 964 5307 sentientes
999 5252 1051 5306 iu
1097 5255 1447 5322 quazstionem
1483 5272 1589 5311 non
1634 5259 1820 5312 venit:
1849 5272 1970 5312 nam
1998 5261 2043 5312 si

474 5339 565 5394 Dei
597 5338 833 5396 Verbum
870 5344 1010 5398 Deus
1034 5353 1139 5410 est,
1172 5344 1538 5415 nulla'utique
1597 5349 1854 5403 unctione
1899 5350 2043 5404 iudi-

537 5491 587 5524 ⁸³
618 5494 728 5552 Jac.
760 5513 813 5560 ν,
840 5500 931 5555 20.

2153 4911 2275 4947 σται
2332 4891 2409 4962 τῷ
2456 4892 2620 4962 ἐλαίῳ
2672 4893 2772 4960 τῆς
2823 4891 3216 4959 ἀγαλλιάσεως,
3272 4892 3390 4959 ἤτοι
3445 4889 3524 4959 τῷ
3578 4890 3721 4960 ἁγίῳ

2154 4984 2427 5054 Πνεῦματι
2475 4983 2628 5053 παρά
2672 4980 2768 5033 τοῦ
2818 4979 2953 5033 Θεοῦ
3019 4980 3113 5033 καὶ
3157 4980 3404 5050 Πατρὸς,
3461 4977 3720 5047 ταύτητοι

2153 5075 2386 5145 Χριστὸς
2421 5073 2762 5142 ὀνομάζεται.
2792 5073 2916 5126 Ὅτι
2962 5072 3017 5126 δὲ
3053 5072 3182 5142 περὶ
3212 5072 3275 5125 τὸ
3312 5069 3649 5140 ἀνθρώπινον
3686 5071 3721 5139 ἡ

2154 5166 2355 5235 χρίσις,
2385 5166 2485 5217 οὐκ
2514 5164 2580 5218 ἂν
2611 5163 2902 5219 ὲνδοιάσειέ
2936 5181 3018 5227 τις
3049 5163 3161 5218 τῶν
3192 5162 3329 5232 ὀρθά
3353 5163 3570 5232 φρονεῖν
3594 5161 3721 5215 εἰω-

2155 5256 2359 5311 θότων·
2404 5257 2494 5308 είιι
2538 5256 2639 5325 μὲν
2670 5256 2776 5327 γάρ
2820 5255 2952 5318 Θεός
3001 5257 3117 5308 ἐστι
3162 5255 3256 5308 καὶ
3294 5254 3486 5320 Λόγος,
3524 5252 3625 5303 οὐκ
3657 5249 3727 5302 ἂν

2152 5347 2345 5419 ἐδεήθη
2381 5347 2617 5420 κρίσεως
2648 5364 2659 5375 ·
2697 5349 2756 5401 οὐ
2790 5348 2897 5418 γάρ
2926 5362 3030 5401 που
3058 5346 3191 5419 φαίη
3227 5363 3308 5409 τις
3340 5344 3406 5400 ἂν
3439 5340 3722 5414 κεκρίσθαι

1533 5654 1707 5710 Varia:
1734 5654 1990 5709 lectiones
2020 5656 2224 5712 codicis
2253 5655 2612 5726 Seguieriani.

543 5788 571 5817 κ
602 5781 801 5853 ἀμφοῖν
829 5786 903 5850 ὡς
924 5785 1028 5839 ἐνί.
1107 5793 1135 5833 7
1171 5788 1583 5854 συνεισδέοντος.
1662 5802 1684 5827 ι
1711 5791 2041 5860 γεννηθέντι.
2121 5806 2146 5837 ι
2179 5794 2343 5861 ισως,
