4060 6418
338 412 487 468 1221

1461 416 1550 472 DE
1591 417 1823 475 RECTA
1863 418 2022 477 FIDE
2061 419 2151 474 AD
2191 420 2506 480 REGINAS.

3455 428 3595 483 1222

348 529 444 584 καὶ
470 528 729 598 ήγιάσθαι
759 529 846 584 τον
888 532 954 586 ὲκ
986 532 1122 585 Θεοῦ
1152 533 1324 601 Λόγον
1363 534 1441 605 τῷ
1478 536 1593 607 ίδίῳ
1622 538 1912 607 Πνεύματι,

2028 550 2135 611 get.
2163 540 2274 597 Nec
2301 542 2440 597 ullus
2480 557 2714 613 unquam
2746 543 2929 599 docuit
2957 542 3051 599 Dei
3100 542 3333 600 Verbum
3386 544 3594 616 Spiritu

343 625 423 683 ὡς
463 620 640 692 ἑτέρῳ
678 624 808 693 παρ’
844 623 1007 678 αὑτὸν
1046 624 1147 695 τὴν
1186 624 1347 694 φύσιν
1404 628 1785 701 ὑπερκειμένῳ
1824 630 1919 684 καὶ

344 709 657 781 προῦχοντι.
689 732 707 764 ι
734 715 917 785 Χωρὶς
946 715 1057 787 γὰρ
1086 719 1268 788 πάσης
1291 718 1597 789 ἀντιλογίας
1619 721 1679 775 τὺ
1701 722 1919 776 ἔλαττον

346 800 453 853 ὑπὸ
476 800 570 853 τοῦ
595 803 902 874 κρείττονος
929 807 1251 876 εὑλογείται.
1274 828 1293 862 ι
1340 810 1561 882 Ἐπειδὴ
1588 812 1644 865 δὲ
1672 815 1787 876 τοῖς
1817 814 1917 882 τῆς

342 889 763 965 ἀνθρωπότητος
792 896 1012 968 μέτροις
1032 899 1093 952 τὸ
1111 900 1434 968 ἁγιάζεσθαί
1457 919 1519 957 τε
1545 904 1642 958 καὶ
1666 904 1917 975 χρίεσθαι

342 981 567 1051 πρέπει,
601 985 751 1039 πᾶσά
780 1003 894 1050 πως
921 989 1133 1060 ἀνάγκη
1167 992 1403 1063 Χριστὸν
1436 992 1798 1063 ὀνομάζεσθαι
1823 994 1915 1048 τὸν

335 1071 408 1124 ὲκ
440 1071 575 1125 Θεοῦ
624 1074 834 1144 Λόγον,
879 1078 978 1148 οὑχ
1019 1080 1107 1133 ὅτε
1141 1082 1347 1151 γυμνὸς
1378 1080 1447 1153 ἦν
1488 1083 1570 1137 ἔτι
1616 1085 1711 1138 καὶ
1761 1082 1915 1139 οὔπω

342 1168 785 1238 σεσαρκωμένος,
833 1170 951 1223 ἀλλ’
994 1172 1083 1226 ὅτε
1121 1174 1361 1243 γεγονὼς
1393 1175 1516 1230 καθ’
1554 1178 1722 1248 ἡμᾶς,
1752 1194 1911 1233 τουτ-

336 1259 489 1312 έστιν
515 1260 820 1332 ἄνθρωπος,
856 1264 1079 1337 ἐχρίσθη
1106 1267 1249 1320 κατὰ
1277 1268 1339 1320 τὸ
1361 1268 1719 1339 ἀνθρώπινον.
1749 1270 1910 1323 Ὥστε

336 1348 399 1401 τὺ
443 1349 697 1417 Χριστός
734 1351 903 1422 ὄνομα
950 1355 1148 1425 πρέποι
1189 1356 1257 1409 ἂν
1302 1356 1421 1409 κατ’
1472 1358 1664 1412 οὐδένα
1708 1360 1909 1430 τρόπον

335 1438 491 1493 οὑπω
530 1439 651 1494 καθ’
680 1442 825 1512 ἡμᾶς
854 1446 1103 1513 γεγονότι
1134 1446 1212 1518 τῷ
1248 1449 1313 1500 ἐκ
1338 1447 1473 1501 Θεοῦ
1507 1449 1718 1521 Πατρδς
1748 1450 1911 1519 φύντι

334 1530 519 1601 Λόγῳ.
569 1533 632 1586 Et
660 1534 716 1587 δὲ
740 1535 1061 1606 ὀνομάζοιτό
1102 1555 1208 1592 που
1236 1540 1474 1611 Χριστὸς
1495 1579 1511 1604 ,
1559 1542 1911 1613 ὲνανθρωπήι

336 1620 510 1673 σαντά
540 1637 629 1690 μοι
657 1624 872 1693 νοήσεις
902 1626 1094 1680 αὐτόν·
1142 1627 1245 1681 κᾶν
1295 1630 1469 1698 Λόγον
1504 1630 1774 1703 ἀκούσῃς,
1813 1649 1911 1685 πε-

336 1712 662 1783 πραγμένης
699 1715 800 1784 ήδη
829 1717 927 1787 τῆς
964 1719 1449 1791 ὲνανθρωπήσεως,
1483 1721 1583 1791 τῆς
1617 1722 1910 1791 ὲνωθείσης

333 1807 483 1877 αὑτῷ
514 1809 588 1878 μὴ
628 1810 1027 1884 ἁμνημονήσῃς
1064 1817 1434 1887 σαρκός.’Δνὰ
1465 1817 1629 1888 μέρος
1651 1818 1708 1871 δὲ
1734 1817 1907 1888 τούτῳ

2023 647 2121 688 suo
2155 634 2432 688 inunctum
2458 644 2550 688 aut
2572 635 2963 689 sanctiﬁcatum
2988 650 3131 704 esse,
3158 637 3312 707 quasi
3333 638 3379 691 is
3394 652 3595 693 secun-

2024 725 2147 778 dum
2178 733 2424 778 naturam
2449 728 2517 779 ab
2547 724 2638 781 illo
2664 726 2734 780 sit
2753 726 3021 793 diversus,
3057 726 3304 796 superior
3328 736 3384 782 et
3412 729 3595 784 excel-

2024 813 2237 869 lentior.
2273 834 2292 867 ι
2340 815 2514 871 Minus
2548 832 2783 886 namque
2817 818 2936 872 sine
2961 818 3067 871 ulla
3098 820 3530 875 contradictione
3559 838 3594 874 ιι

2023 905 2234 959 meliori
2271 919 2484 974 semper
2505 906 2845 961 benedicitur
2864 906 2931 960 “.
2967 925 2986 958 ι
3023 906 3159 973 Quia
3192 922 3322 978 ergo
3352 910 3595 964 sanctiﬁ-

2020 996 2166 1051 catio
2220 1007 2275 1052 et
2315 997 2559 1052 inunctio
2615 999 2866 1052 humana:
2907 1006 3121 1052 natura:
3148 999 3439 1054 humilitati
3466 1015 3594 1054 con-

2021 1093 2247 1156 gruunt,
2285 1088 2345 1141 ﬁt
2371 1088 2678 1143 necessario
2696 1086 2865 1141 utDei
2896 1086 3129 1142 Verbum
3160 1104 3266 1144 non
3298 1100 3407 1144 tum
3431 1090 3594 1144 ϐίη-ἰ·

2020 1178 2090 1233 sti
2113 1178 2330 1233 nomine
2352 1177 2609 1232 donatum
2638 1178 2728 1242 sit,
2758 1193 2881 1233 cum
2908 1179 3206 1233 etiamnum
3238 1180 3462 1245 nudum,
3491 1182 3594 1236 hoc

2018 1275 2126 1333 est,
2157 1268 2392 1322 nondum
2450 1268 2788 1321 iucarnatum
2829 1278 2994 1334 esset,
3032 1270 3128 1323 sed
3185 1277 3314 1324 tunc
3349 1271 3589 1333 demum,

2017 1370 2141 1413 cum
2162 1372 2310 1412 more
2344 1368 2528 1412 nostro
2574 1357 2774 1413 factum
2806 1359 2986 1423 homo,
3012 1360 3308 1415 secundum
3340 1368 3591 1413 naturam

2018 1449 2311 1503 humanam
2354 1449 2629 1504 inunctum
2682 1459 2769 1505 est
2802 1468 2814 1503 :
2849 1450 3210 1516 Quamobrem
3254 1465 3452 1505 nomen
3489 1451 3593 1505 hoc

2016 1539 2280 1606 Christus,
2304 1541 2445 1596 nulla
2510 1543 2717 1598 ratione
2745 1544 2895 1614 prius
2925 1543 2980 1597 in
3017 1543 3110 1598 Dei
3145 1543 3323 1597 Patris
3359 1540 3588 1598 Verbum

2014 1634 2389 1697 conveniebat,
2427 1649 2587 1703 quam
2623 1635 2857 1687 humano
2886 1625 3034 1687 more
3060 1642 3222 1703 atque
3251 1634 3409 1688 modo
3439 1633 3590 1702 geni-

2016 1734 2128 1777 tum
2156 1734 2321 1779 esset.
2354 1725 2505 1791 Quod
2530 1726 2576 1779 si
2612 1725 2857 1779 absolute
2897 1725 3091 1779 alicubi
3134 1724 3385 1779 Christus
3416 1724 3590 1779 nomi-

2016 1826 2195 1882 natur,
2215 1832 2338 1872 mox
2358 1817 2486 1871 illud
2504 1818 2842 1871 incarnatum
2862 1815 3131 1885 intelligas
3157 1834 3172 1873 :
3195 1827 3246 1872 et
3271 1817 3321 1871 si
3352 1814 3588 1871 Verbum

333 1898 576 1970 κάκείνῳ
605 1901 840 1970 πρέπειν
866 1904 1076 1960 οῐεσθαι
1101 1912 1202 1977 τὴν
1235 1909 1437 1979 φωνήν,
1483 1910 1741 1962 ἀσύνετον
1771 1927 1907 1963 παν-

2015 1904 2202 1958 audias
2226 1915 2442 1973 peracta
2472 1906 2584 1974 jam
2614 1904 3009 1968 incarnatione,
3041 1907 3204 1959 unita;
3261 1906 3359 1973 ipsi
3405 1907 3591 1960 carnis

331 1989 527 2058 τελῶς,
566 1991 766 2063 μᾶλλον
794 1995 860 2067 δὴ
879 1995 907 2036 ιι
936 1997 1030 2050 καὶ
1053 1998 1265 2051 ἀνόσιον
1296 1999 1328 2069 ἢ
1356 2002 1590 2069 φρονεῖν,
1640 2000 1674 2069 ἢ
1706 1999 1907 2067 λέγειν.

330 2077 433 2146 Εἷς
461 2082 572 2154 γὰρ
597 2083 808 2155 Κύριος
846 2085 1052 2154 Ἰησοῦς
1073 2088 1327 2157 Χριστὸς,
1353 2089 1446 2140 καὶ
1469 2089 1530 2141 οὑ
1558 2089 1905 2159 μεμέρισται,

334 2170 482 2225 καθα
509 2176 603 2225 καὶ
624 2173 787 2237 αὑτὸς
817 2176 846 2227 6
869 2174 1181 2243 σοφώτατος
1210 2178 1485 2244 Παῦλος,ὀ
1513 2179 1749 2250 Χριστὸν
1772 2179 1909 2248 ἔχων

328 2262 391 2314 ἐν
417 2263 620 2333 ἑαυτῷ,
644 2264 707 2317 τὸ
744 2264 890 2319 θεῖον
925 2267 1074 2337 αὑτῷ
1102 2268 1365 2321 λαλοῦντα
1395 2270 1714 2340 μυστήριον.
1736 2272 1910 2340 Προσ-

338 2352 601 2408 ϐαλοῦσαι
631 2354 688 2408 δὲ
714 2358 825 2417 τοῖς
860 2356 1054 2426 ἐφεξῆς
1087 2358 1398 2427 κεφαλαίοις
1422 2398 1437 2424 ,
1471 2359 1604 2429 εὑθῆ
1655 2360 1750 2413 καὶ
1800 2361 1909 2413 ἁπ-

329 2442 624 2512 εξεσμένον
670 2447 748 2508 εἰς
794 2445 1051 2516 ἀλήθειαν
1107 2449 1199 2501 τὸν
1241 2450 1373 2518 ἐμὸν
1422 2451 1685 2521 εὑρήσετε
1729 2451 1906 2518 λόγον.

324 2533 925 2604 Προδιαμαρτύρασθαι
966 2535 1021 2588 δὲ
1049 2531 1203 2607 οἶμαι
1244 2539 1466 2592 κάκεῖνο
1495 2538 1656 2591 καλόν
1677 2555 1690 2569 ·
1722 2538 1910 2607 ὥσπερ

330 2624 446 2693 γάρ
477 2624 625 2677 ἔστιν
656 2626 714 2678 ὲν
746 2624 959 2695 θεότητι
981 2628 1186 2693 τέλειος
1219 2631 1247 2683 6
1290 2630 1356 2682 ἐκ
1381 2628 1515 2682 Θεοῦ
1557 2630 1767 2699 Πατρδς
1804 2629 1910 2683 A6-

329 2731 448 2782 γος,
478 2714 624 2768 οὑτω
651 2716 746 2768 καὶ
776 2718 834 2769 ἐν
860 2717 1241 2789 ἁνθρωπότητι
1270 2718 1476 2782 τέλειος
1495 2759 1509 2783 ,
1545 2719 1688 2774 κατά
1719 2736 1782 2787 γε
1820 2719 1911 2772 τὸν

328 2806 429 2875 τῆς
463 2807 881 2877 ἁνθρωπότητος
910 2810 1068 2878 λόγον
1087 2827 1102 2841 ·
1153 2812 1253 2864 οὑκ
1280 2812 1487 2881 ἄψυχον
1521 2811 1682 2881 σῶμα
1708 2810 1907 2872 λαϐὼν,

328 2897 685 2967 ἐψυχωμένον
705 2910 727 2938 ο
751 2900 810 2953 δὲ.
847 2901 1045 2969 μᾶλλον
1073 2901 1220 2971 ψυχῇ
1251 2901 1465 2971 λογικῇ.
1483 2902 1540 2953 Ὀ
1563 2901 1620 2954 δὲ
1646 2901 1778 2963 Θεὸς
1801 2900 1910 2953 τῶν

329 2987 490 3050 ὅλων,
516 2990 544 3042 6
569 2992 681 3052 τοῖς
709 2991 998 3059 ἀγαπῶσιν
1022 2994 1185 3046 αὑτὸν
1206 2994 1275 3046 τὰ
1302 2994 1364 3058 ἐξ
1385 2993 1615 3064 ούρανοῦ
1639 2993 1910 3061 διανέμων

327 3079 514 3147 ἀγαθὰ
536 3120 551 3138 .
585 3083 683 3145 τὰς
726 3082 878 3146 ὁσίας
906 3085 1060 3154 ὑμῶν
1103 3085 1383 3155 ὲμπλήσαι
1414 3084 1590 3154 ψυχὰς
1618 3086 1733 3145 τοῖς
1778 3084 1907 3153 παρ’

2015 2009 2119 2048 non
2144 1994 2499 2049 obliviscaris.
2536 1994 2709 2049 Porro
2738 2004 2917 2049 autem
2947 1996 3198 2049 arbitrari
3234 2011 3414 2051 vocent
3447 1996 3589 2050 hanc

2011 2082 2250 2138 Christus
2273 2087 2500 2139 seorsim
2529 2084 2676 2153 huic,
2711 2093 2763 2139 et
2792 2084 3026 2139 seorsim
3064 2099 3249 2140 rursus
3280 2084 3352 2138 illi
3389 2099 3587 2139 conve-

2013 2177 2149 2243 nire,
2185 2176 2349 2240 istud,
2393 2175 2635 2245 inquam,
2672 2176 2876 2231 sentire
2910 2175 2995 2231 vel
3037 2177 3183 2244 loqui
3232 2176 3453 2231 stultum
3500 2185 3587 2229 est

2009 2265 2251 2330 omnino,
2276 2266 2384 2321 imo
2432 2282 2562 2321 vero
2597 2267 2842 2335 impium,
2883 2279 2938 2322 et
2973 2268 3277 2337 profanum.
3328 2265 3476 2321 Unus
3500 2279 3584 2321 est

2010 2356 2152 2411 enim
2192 2356 2450 2411 Dominus
2494 2355 2655 2412 Iesus
2691 2357 2969 2422 Christus,
3019 2374 3124 2411 non
3157 2358 3381 2422 divisus,
3412 2373 3587 2427 neque

2012 2448 2307 2513 dissectus;
2367 2449 2818 2516 quemadmodum
2876 2449 3311 2519 sapientissimus
3368 2448 3585 2512 Paulus,

2013 2539 2105 2606 qui
2141 2536 2421 2593 Christum
2451 2539 2504 2592 in
2551 2554 2610 2594 se
2649 2539 2892 2593 divinum
2928 2540 3031 2594 hoc
3061 2541 3377 2610 mysterium
3412 2540 3587 2595 reclu-

2013 2628 2226 2682 dentem
2252 2629 2507 2693 habebat,
2552 2628 2843 2684 manifeste
2876 2630 3033 2684 docet
3051 2628 3121 2684 ³³.
3157 2630 3353 2685 Verum
3396 2630 3463 2684 ad
3494 2646 3585 2684 ca-

2013 2720 2122 2787 pita
2153 2719 2345 2773 ordine
2374 2720 2592 2786 hicjam
2621 2721 2904 2787 sequentia
2936 2722 3175 2774 animum
3210 2723 3582 2790 adjungentes,

2011 2805 2310 2859 orationem
2359 2820 2534 2858 meam
2584 2817 2787 2859 rectam
2835 2807 2940 2876 55
2976 2817 3029 2861 et
3066 2808 3133 2861 ad
3168 2809 3414 2862 veritatis
3453 2825 3583 2862 nor-

2012 2911 2153 2949 mam
2210 2899 2673 2951 accommodatam
2729 2899 3096 2967 comperietis.
3147 2898 3583 2955 Consentaneum

2009 2998 2091 3041 est
2129 2997 2329 3052 autem,
2357 2989 2571 3057 opinor,
2622 3000 2680 3044 ut
2713 2989 2841 3043 illud
2891 3003 3105 3058 quoque
3141 2993 3244 3045 hoc
3290 2990 3407 3045 loco
3460 3007 3586 3057 pro-

2013 3090 2213 3146 tester;
2266 3090 2393 3149 puta
2452 3081 2541 3135 Dei
2576 3080 2755 3136 Patris
2793 3080 3026 3137 Verbum
3088 3099 3243 3153 teque
3285 3084 3581 3153 perfectum

325 3168 527 3222 ἑαυτοῦ
560 3169 586 3208 ἀ
623 3171 987 3242 χαρίσμασιν·
1039 3174 1126 3228 ἵνα
1179 3175 1272 3229 καὶ
1318 3175 1397 3237 είς
1451 3174 1648 3243 μέτρον
1693 3172 1908 3242 ήλικίας

2015 3169 2235 3238 suisque
2267 3170 2506 3224 numeris
2545 3170 2852 3225 absolutum
2891 3185 3013 3225 esse
3057 3173 3112 3227 in
3143 3174 3503 3239 humanitate,
3529 3185 3587 3228 et

326 3260 719 3316 ἀναϐαίνουσαι
748 3263 844 3316 τοῦ
868 3264 1234 3334 πληρώματος
1280 3262 1373 3316 τοῦ
1414 3263 1675 3333 Χριστοῦ,
1708 3262 1908 3315 εὐκλεᾶ

2015 3259 2310 3315 secundum
2342 3261 2693 3317 humanitatis
2750 3262 3038 3328 rationem,
3073 3272 3235 3333 atque
3286 3264 3583 3332 perfectum

326 3350 429 3403 καὶ
481 3351 765 3422 εὐδόκιμον
822 3354 921 3424 τὴν
984 3354 1315 3422 ἀξιάγαστον
1373 3353 1530 3424 ὑμῶν
1590 3355 1906 3425 ἀποφήνητε

327 3440 501 3511 ζωὴν,
532 3441 684 3509 ἀγίαι
711 3443 920 3513 νύμφαι
948 3445 1207 3515 Χριστοῦ.

2012 3360 2096 3406 est
2123 3352 2178 3405 in
2214 3351 2517 3406 divinitate.
2550 3353 2686 3407 Tum
2723 3367 2919 3421 corpus
2957 3368 3171 3423 quoque
3198 3355 3340 3423 quod
3370 3372 3585 3411 assum-

2012 3443 2119 3513 psit
2152 3456 2256 3496 non
2293 3442 2591 3497 inanimum
2610 3459 2750 3511 esse,
2783 3445 2876 3499 sed
2901 3445 3077 3497 anima
3102 3445 3434 3517 intelligente
3463 3463 3587 3517 per-

327 3531 531 3586 fectum
559 3543 618 3589 et
652 3534 1020 3590 informatum.
1088 3536 1472 3592 Universarum
1532 3551 1711 3593 rerum
1754 3536 1933 3606 opifex
2014 3544 2312 3604 auctorque
2357 3535 2497 3589 Deus
2551 3535 2790 3606 (sancta:
2847 3539 3048 3594 Christi
3101 3540 3348 3609 sponsaa)
3397 3538 3489 3609 qui
3524 3552 3585 3592 se

328 3626 680 3699 diligentibus
696 3628 940 3683 coalestia
968 3630 1453 3699 bonaitnpertitur,
1515 3631 1699 3685 beatas
1721 3631 1932 3684 animas
1974 3636 2183 3682 vestras
2213 3628 2331 3682 suis
2364 3627 2522 3683 donis
2560 3628 2802 3698 impleat,
2869 3646 2974 3699 quo
3024 3631 3078 3685 in
3119 3644 3424 3685 mensuram
3452 3643 3585 3685 teta-

330 3718 404 3772 tis
451 3718 800 3787 plenitudinis
882 3718 1086 3773 Christi
1146 3731 1556 3789 consurgentes,
1613 3723 1781 3775 vitam
1832 3718 2124 3790 gloriosam
2187 3718 2610 3786 probatumque,
2666 3729 2720 3774 et
2781 3721 2926 3774 omni
2965 3719 3321 3774 admiratione
3367 3719 3584 3789 dignam

328 3809 672 3879 Hansigatis.

502 3942 687 3997 ΤΑΔΕ
724 3944 1048 3995 ΕΝΕΣΤῘΝ
1082 3943 1184 3995 ΕΝ
1222 3944 1386 3997 ΤΟΙΣ
1423 3943 1734 3997 ΕΦΕΞΗΣ.

405 4078 529 4132 Ὀτι
577 4075 709 4140 Θεὸς
759 4079 788 4130 6
836 4076 1091 4148 Χριστὸς,
1128 4073 1317 4128 ἐνὼσει
1368 4079 1435 4146 τῇ
1469 4074 1606 4146 πρὸς
1640 4076 1732 4128 τὸν
1768 4074 1901 4126 Θεὸν

328 4169 504 4237 Λόγον
527 4169 607 4231 είς
629 4166 726 4238 τὴν
745 4166 908 4220 αὑτοῦ
924 4166 1080 4231 δόξαν
1101 4166 1480 4228 ἀναϐαίνοντος
1502 4166 1595 4219 καὶ
1616 4164 1709 4218 τοῦ
1734 4180 1904 4236 προσ-

329 4257 629 4328 ληφθέντος
654 4255 807 4322 ναοῦ,
832 4259 896 4310 ὲκ
918 4255 1027 4308 τῶν
1052 4254 1443 4308 ἀωστολικῶν.

417 4349 512 4402 Ἐκ
545 4346 651 4400 τῶν
688 4346 989 4401 καθολικῶν
1025 4345 1262 4416 ὲκλογὴο
1304 4348 1381 4408 είς
1419 4345 1480 4398 τὸ
1515 4344 1665 4397 αὑτό.

413 4442 510 4493 Ἐκ
545 4440 655 4493 τῶν
691 4438 1059 4508 εὑαγγελικῶν
1096 4436 1333 4509 ἐκλογὴί
1375 4439 1456 4500 εἰς
1491 4437 1551 4489 τὸ
1585 4436 1734 4489 αὑτό.

406 4532 530 4584 Ὀτι
556 4530 670 4600 ζωὴ
704 4531 797 4584 καὶ
827 4530 1089 4592 ζωοποιὸς
1119 4531 1148 4582 6
1173 4528 1426 4598 Χριστός,
1457 4529 1521 4580 ὲκ
1566 4514 1681 4579 τῶν
1716 4524 1908 4595 κειμὲ-

2012 3941 2188 3998 ΗίΕΟ
2241 3943 2532 3999 INSUNT
2583 3943 2672 4000 IN
2722 3945 2829 4001 IIS
2880 3945 3055 4011 ριιτΑΞ
3104 3946 3580 4014 ΒΕΟΠΠΝΤΠΗ.

2080 4074 2232 4142 Quod
2275 4075 2524 4131 Christus
2558 4078 2627 4130 sit
2655 4078 2818 4139 Deus,
2866 4077 3061 4131 unione
3128 4079 3192 4132 ad
3238 4079 3404 4132 Deum
3458 4079 3584 4134 Ver-

2015 4168 2141 4221 bum
2187 4169 2516 4221 ascendente
2561 4168 2625 4220 ad
2675 4168 2793 4236 ejus
2837 4167 3061 4236 gloriam
3117 4172 3315 4239 templo
3365 4186 3581 4239 quoque

2011 4267 2309 4325 assumpto,
2347 4272 2411 4310 ex
2444 4258 2780 4324 apostolicis.

2083 4348 2162 4402 Ex
2195 4350 2481 4404 catholicis
2522 4352 2808 4405 sententiae
2837 4353 2889 4406 in
2924 4354 3085 4407 idem.

1940 4468 1983 4521 υ
2092 4442 2171 4495 Ex
2202 4441 2533 4510 evangeliCIs
2560 4444 2844 4498 sententiae
2883 4443 2933 4493 itt
2959 4447 3121 4497 idem.

2081 4530 2231 4596 Quod
2262 4528 2515 4583 Christus
2548 4530 2619 4583 sit
2655 4531 2788 4597 vita,
2821 4539 2877 4585 et
2907 4533 3230 4591 viviﬁcalor,
3262 4542 3577 4600 argumenta

332 4643 443 4678 νων
472 4624 625 4695 παρὰ
652 4622 731 4693 τῷ
759 4621 1043 4691 ἀποστόλῳ
1078 4619 1296 4690 Παύλῳ,
1329 4619 1422 4671 καὶ
1459 4620 1517 4672 ὲν
1548 4619 1658 4681 τοῖς
1684 4618 1912 4671 ἀποστο-

2015 4636 2072 4674 ex
2123 4620 2352 4688 apostoli
2389 4618 2538 4672 Pauli
2584 4619 2922 4689 aliormnque
2974 4621 3338 4688 apostolorum
3387 4622 3582 4677 litteris

332 4720 506 4781 λικοῖς
533 4717 788 4787 εὑρήσεις
808 4715 856 4767 ε.

404 4806 531 4859 "Ott
575 4806 654 4867 είς
700 4803 932 4873 Χριστὸν
983 4803 1015 4872 ή
1070 4801 1252 4861 πίστις
1293 4798 1368 4862 ὡς
1399 4800 1477 4862 εἰς
1504 4799 1656 4864 θεὸν,
1694 4799 1759 4850 ὲκ
1800 4796 1909 4852 τῶν
1974 4795 1981 4802 ’

333 4895 660 4960 καθολικῶν,
692 4897 784 4948 καὶ
810 4894 875 4947 ὲκ
903 4893 1011 4947 τῶν
1044 4893 1432 4960 εὑαγγελικῶν.

411 4987 532 5040 Ὅτι
576 4984 691 5057 ζωὴ
732 4986 826 5038 καὶ
863 4985 1168 5055 ἱλαστήριον
1198 4985 1226 5037 6
1256 4982 1514 5052 Χριστὸς,
1549 4981 1769 5050 ἐκλογαὶ
1796 4981 1911 5035 διά-

334 5094 515 5150 φοροι.

406 5169 530 5221 Ὅτι
561 5169 591 5221 6
617 5165 853 5237 Χριστοῦ
898 5166 1125 5228 θάνατος
1171 5163 1250 5234 τῷ
1291 5164 1482 5234 κόσμῳ
1530 5166 1812 5236 σωτήριος,
1847 5166 1912 5219 ὲκ

333 5261 447 5314 τῶν
476 5255 850 5313 ἀποστολικῶν
877 5258 972 5310 καὶ
1001 5253 1370 5323 εὑαγγελικῶν
1398 5254 1639 5323 ὲκλογαί.

407 5432 456 5465 ⁸⁸
483 5431 649 5488 Hebr.
685 5447 785 5497 Vtt,
825 5430 877 5485 7.
954 5430 1000 5463 "
1032 5429 1200 5487 lCor.
1227 5428 1269 5495 1,
1303 5429 1338 5482 2
1368 5444 1520 5498 seqq.

2012 4712 2197 4780 petita.

2081 4801 2233 4867 Quod
2278 4800 2411 4854 ﬁdes
2444 4801 2514 4853 sit
2559 4800 2610 4855 in
2650 4799 2946 4864 Christum,
2994 4812 3048 4853 ut
3082 4802 3131 4854 itt
3171 4801 3356 4866 Deum,
3389 4819 3452 4856 ex
3488 4819 3579 4858 ca-

2014 4889 2229 4944 tholicis
2262 4900 2315 4945 et
2342 4891 2692 4961 evangelicis.

2082 4962 2236 5047 Quod
2275 4982 2526 5037 Christus
2572 4984 2641 5036 sit
2671 4983 2775 5035 vita
2822 4994 2873 5035 et
2902 4983 3356 5052 pr0pitiatoriunt,
3389 4986 3580 5057 expla-

2014 5072 2259 5125 nationes
2289 5074 2472 5126 variae.

2084 5163 2235 5227 Quod
2270 5161 2473 5217 Christi
2501 5177 2646 5218 tuors
2679 5163 2878 5219 mundo
2917 5164 3170 5219 salutaris
3199 5163 3488 5233 exstiterit,
3513 5179 3582 5219 ex

2017 5253 2332 5321 apostolicis
2363 5264 2417 5308 et
2449 5256 2777 5325 evangelicis
2812 5252 3211 5315 simulationes.

1410 5580 1583 5636 Variae
1607 5580 1866 5635 lectiones
1898 5580 2101 5634 codicis
2131 5578 2491 5648 Seguicriani.

415 5767 445 5811 lt
471 5766 549 5823 δι.
626 5774 651 5805 ο
692 5764 1105 5836 ὲμψνχωμένον.
1181 5763 1206 5803 ἀ
1244 5763 1439 5833 ἐαυτῷ.

1558 5773 1579 5801 ε
1614 5759 1869 5833 ὲκλογαίη
1935 5759 1954 5799 ι’
1988 5760 2229 5829 ἐκλογαί.

2311 5764 2335 5803 Β
2357 5762 2444 5816 ιον.
2476 5761 2745 5834 εὑρέσεις.
