4060 6440
479 426 619 482 1225

1474 422 1535 477 S.
1572 420 1852 478 CYRiLLl
1890 417 2358 474 ALEXANDRINI
2395 417 2718 476 ARCHIEP.

3576 415 3709 471 1221

475 540 628 606 Quod
683 537 921 593 Christus
980 539 1048 591 sit
1099 535 1261 600 Deus,
1304 550 1396 606 per
1442 536 1686 590 unionem
1744 535 1834 606 ad
1865 532 2031 587 Deum

2137 532 2258 584 Ὅτι
2284 532 2469 606 Θεὸς-λ
2499 536 2532 585 d
2580 531 2856 606 Χριστὸς,
2888 531 3100 606 ένώσει
3130 531 3207 606 τῇ
3248 530 3402 606 πρὸς
3429 528 3536 583 τὸν
3557 530 3715 606 ,Θεὸν-

554 607 776 662 Verbum
824 608 1131 661 ascendente
1171 608 1239 659 ad
1271 604 1388 675 ejus
1422 606 1645 673 gloriam
1677 604 1868 672 templo
1900 619 2033 672 quo-

541 693 639 747 que
666 685 956 744 assumpto.

884 783 969 839 Ex
1001 785 1221 855 epistola
1254 786 1323 837 ad
1347 782 1629 838 Romanos.

548 919 566 951 ι
594 897 794 953 Paulus
833 911 1021 953 servus
1056 894 1181 951 Jesu
1216 894 1441 958 Christi,
1476 902 1698 948 vocatus
1739 890 2034 962 apostolus,

469 1001 782 1061 segregatus
818 990 871 1043 in
907 988 1258 1056 Evangelium
1291 985 1409 1049 Dei.
1437 986 1579 1054 quod
1612 993 1738 1037 ante
1772 982 2037 1051 promise-

470 1093 555 1137 rat
590 1096 684 1150 per
736 1082 1028 1149 prephetas
1079 1092 1207 1133 suos
1248 1076 1303 1129 in
1353 1074 1653 1143 Scripturis
1706 1073 1931 1136 sanctis,
1966 1073 2034 1127 de

468 1172 605 1227 Filio
636 1185 753 1234 suo,
785 1169 878 1237 qui
912 1168 1089 1222 factus
1118 1176 1200 1221 est
1234 1167 1282 1220 ei
1309 1181 1375 1219 ex
1403 1164 1608 1219 semine
1640 1162 1805 1216 David
1837 1176 2033 1216 secun-

468 1263 595 1317 dum
636 1275 893 1324 carnem;
927 1258 1017 1325 qui
1057 1255 1481 1326 praedestinatus
1514 1263 1598 1307 est
1634 1250 1804 1305 Filius
1839 1250 1933 1303 Dei
1972 1248 2026 1301 in

466 1351 575 1421 53
618 1351 851 1413 virtute,
912 1345 1208 1401 secundum
1270 1344 1530 1412 Spiritum
1585 1338 2035 1394 sanctiﬁcationis

465 1457 531 1495 ex
580 1440 982 1495 resurrectione
1030 1446 1368 1491 mortuorum
1416 1432 1544 1487 Jesu
1590 1431 1787 1486 Christi
1822 1427 2032 1483 Domini

466 1532 636 1587 nostri
670 1531 740 1586 ".
772 1549 790 1581 ι
824 1530 991 1597 Igitur
1013 1527 1058 1581 si
1083 1525 1396 1595 praedicatio
1418 1522 1484 1576 de
1506 1521 1722 1576 Christo
1748 1529 1826 1573 est
1859 1519 2034 1572 Evan-

464 1622 660 1691 gelium
690 1621 782 1675 Dei
807 1660 823 1685 ,
863 1617 1131 1687 quomodo
1156 1615 1409 1671 Christus
1442 1628 1547 1667 non
1579 1623 1661 1667 est
1692 1611 1864 1666 Deus?
1888 1610 2030 1663 Rur-

463 1724 583 1763 sum
632 1708 676 1762 si
729 1721 922 1762 omnes
969 1706 1189 1760 omnino
1239 1704 1514 1773 prophetae
1558 1703 1620 1754 ad
1662 1703 1834 1769 ipsum
1874 1698 2028 1767 quasi

464 1800 532 1853 ad
578 1813 801 1867 sc0pnm
849 1798 1149 1859 collimant,
1185 1795 1487 1861 divinaeque
1534 1793 1830 1860 Scriptura:
1877 1791 2025 1845 illum

2209 604 2400 667 Λόγον
2419 603 2507 666 είς
2537 598 2652 667 τὴν
2674 598 2859 655 αὐτοῦ
2892 602 3081 665 δόξαν
3109 598 3583 665 ἀναϐαίνοντοςὶι
3610 600 3711 654 καὶ

2208 669 2316 723 τοῦ
2342 670 2839 738 προσληφθέντος
2868 672 3040 725 ναοῦ.

2518 782 2620 835 Ἐκ
2657 780 2768 849 τῆς
2803 781 2953 850 πρὸς
2994 784 3327 852 Ῥωμαίους.

2215 913 2233 947 t
2252 894 2463 956 Παῦλος
2490 895 2674 959 δοῦλος
2698 896 2870 967 Ἰησοῦ
2892 897 3147 968 Χριστοῦ,
3166 898 3362 967 κλητὸς
3387 899 3706 967 ἀπόστολος,

2137 988 2519 1058 ἀφωρισμένος
2548 990 2629 1049 είς
2658 988 2987 1056 Εὐαγγέλιω
3005 988 3160 1054 Θεοῦ,
3187 988 3215 1041 ὸ
3238 993 3711 1060 προεπηγγείλατο

2136 1077 2225 1130 διὰ
2261 1077 2371 1129 τῶν
2417 1078 2709 1146 προφητῶν
2747 1077 2911 1131 αὐτοῦ
2960 1080 3017 1130 ὲν
3064 1078 3308 1147 Γραφαῖς
3336 1080 3540 1148 ἀγίαις,
3581 1082 3710 1151 περὶ

2136 1167 2230 1220 τοῦ
2260 1165 2390 1219 Υίοῦ
2420 1166 2606 1230 αὑτοῦ,
2641 1165 2735 1219 τοῦ
2771 1166 3064 1236 γενομένου
3096 1168 3160 1219 ἐκ
3192 1168 3503 1241 σπέρματος
3547 1167 3709 1223 Δαυῒδ

2138 1255 2277 1309 κατά
2310 1256 2521 1326 σάρκαο
2555 1254 2646 1310 τοῦ
2683 1255 2988 1324 ὁρισθέντος
3023 1256 3154 1310 Υίοῦ
3201 1257 3337 1310 Θεοῦ
3378 1260 3435 1311 ἐν
3477 1258 3705 1327 δυνάμει

2137 1346 2276 1400 κατά
2328 1347 2552 1415 Πνεῦμα
2601 1346 2930 1416 ἁγιωσύνης,
2977 1346 3037 1411 ἐξ
3084 1348 3424 1412 ἀναστάσεως
3471 1351 3704 1420 νεκρῶν,

2150 1437 2322 1506 Ἰησοῦ
2352 1434 2588 1507 Χριστοῦ
2635 1435 2729 1488 τοῦ
2779 1436 2981 1506 Κυρίου
3013 1436 3189 1507 ἡμῶν.
3223 1456 3242 1488 ι
3276 1438 3507 1500 Οὐκοῦν,
3544 1439 3704 1511 εἴπερ

2135 1526 2282 1578 ἐστὶν
2328 1526 2657 1592 Εὐαγγέλιον
2697 1525 2831 1578 Θεοῦ
2876 1527 2937 1578 τὸ
2979 1526 3108 1596 περὶ
3139 1526 3374 1596 Χριστοῦ
3420 1529 3703 1598 κήρυγμα,

2135 1614 2250 1678 πῶς
2279 1617 2339 1668 οῦ
2375 1615 2505 1678 Θεὸς
2536 1617 2565 1669 ὸ
2593 1616 2856 1685 Χριστόςς
2891 1617 3003 1670 Καὶ
3044 1619 3092 1669 εί
3139 1619 3320 1685 πάσης
3367 1618 3707 1689 προφητείας

2135 1705 2221 1759 ἐπ’
2255 1705 2385 1758 αὐτὸ
2431 1704 2729 1775 βλεπούσης
2764 1706 2954 1775 πέρας,
2992 1706 3086 1759 καὶ
3130 1706 3259 1759 Υίὸν
3301 1705 3394 1759 τοῦ
3427 1706 3562 1759 Θεοῦ
3607 1724 3707 1776 κη-

2138 1793 2418 1865 ρύττουσιν
2444 1797 2516 1873 ⁸αἱ
2548 1796 2759 1865 Γραφαὶ
2786 1795 2877 1849 τὸν
2926 1797 2991 1850 ἐκ
3041 1795 3354 1865 σπέρματος
3379 1795 3561 1859 Δαυῒδ,
3599 1796 3705 1850 κᾶν

464 1891 661 1959 ipsum,
695 1889 787 1957 qui
835 1903 900 1941 ex
947 1887 1156 1941 semine
1189 1885 1356 1939 David
1406 1895 1558 1938 ortus
1589 1893 1693 1945 est,
1719 1895 2024 1950 quanquam

2136 1883 2361 1953 ὡρίσθαι
2385 1884 2595 1951 λέγοιτο
2634 1884 2777 1938 κατά
2803 1885 3029 1955 Πνεῦμα
3058 1885 3369 1953 ἁγιωσύνης
3402 1885 3491 1939 διά
3517 1886 3579 1939 τὸ
3605 1888 3705 1956 τῆς

463 1992 684 2049 propter
718 1980 1113 2035 incarnationis
1156 1978 1476 2047 mysterium
1504 1974 1796 2030 secundum
1827 1973 2029 2025 sancti-

2133 1971 2596 2043 ἐνανθρωπήσεως
2625 1974 2941 2044 μυστήριον
2968 1973 3082 2037 πῶς
3110 1974 3207 2043 οὐχ
3227 1973 3353 2036 Υἱὸς
3382 1974 3619 2044 ἀληθῶς,
3641 1977 3706 2028 ὲκ

462 2070 730 2123 ﬁcationis
774 2068 1030 2138 Spiritum
1084 2068 1496 2138 prmdestinatus
1547 2066 1778 2126 dicatur,
1833 2061 2026 2117 Fililll“

2136 2062 2230 2131 τῆς
2270 2063 2377 2115 τῶν
2404 2064 2612 2135 νεκρῶν
2642 2065 2988 2127 ἀναστάσεως
3022 2064 3497 2135 μαρτυρούμενοςς
3545 2066 3709 2135 Ἐγή-

459 2160 553 2216 Dei
608 2162 924 2229 praedicant,
978 2176 1085 2229 quo
1119 2169 1282 2229 pacto
1326 2173 1434 2211 non
1485 2166 1567 2212 est
1616 2171 1775 2209 verus
1827 2153 2025 2219 Filius;

2136 2169 2321 2223 γερται
2355 2154 2464 2224 γάρ
2492 2155 2592 2208 οὐκ
2621 2154 2905 2227 ἄνθρωπος
2936 2155 3110 2219 κοινὸς
3143 2155 3263 2209 καθ’
3291 2156 3458 2225 ἡμᾶς,
3490 2156 3604 2209 ἀλλ’
3627 2156 3704 2218 ὼς

463 2252 696 2305 maxime
734 2266 862 2305 vero
910 2267 1031 2305 cum
1061 2264 1158 2321 per
1194 2249 1645 2304 resurrectionem
1692 2262 1756 2299 ex
1805 2246 2029 2300 mortuis

2136 2245 2365 2299 θανάτου
2403 2247 2690 2317 κρείττων,
2724 2246 2860 2301 καθὸ
2885 2248 2980 2301 καὶ
3004 2246 3117 2313 ζωὴ
3147 2248 3241 2300 καί
3267 2247 3419 2312 Θεός.

460 2346 683 2402 evidens
716 2347 1082 2402 testimonium
1113 2342 1558 2411 habeat?Neque
1623 2343 1768 2395 enim
1828 2340 1879 2393 in
1914 2342 2077 2394 vitam
2137 2342 2495 2396 resuscitatus
2551 2351 2634 2396 est
2688 2351 2747 2396 ut
2796 2357 2934 2398 unus
2984 2343 3250 2413 quispiam
3311 2342 3472 2396 homo
3527 2343 3698 2396 nostri

459 2438 687 2499 similis,
743 2437 837 2491 sed
894 2446 1149 2504 tanquam
1198 2443 1373 2489 morte
1424 2445 1704 2500 superior,
1755 2440 2022 2500 quatenus
2061 2430 2316 2485 nimirum
2344 2432 2449 2485 vita
2485 2439 2646 2486 estet
2675 2430 2833 2486 Deus.

534 2530 608 2582 De
646 2528 729 2581 his
778 2529 868 2596 qui
913 2526 1192 2582 Creatoris
1236 2529 1354 2584 loco
1396 2538 1700 2585 creaturam
1750 2526 2024 2580 adorant:

2208 2526 2344 2594 Περὶ
2373 2525 2481 2579 τῶν
2508 2523 2953 2595 προσκυνούντων
2981 2528 3045 2596 τῆ
3079 2526 3253 2580 κτίσει
3284 2527 3432 2598 παρά
3465 2527 3556 2579 τὸν
3582 2525 3703 2581 κτί-

380 2622 401 2635 “
465 2640 484 2672 ε
520 2621 655 2685 Quia
706 2634 829 2673 cum
876 2620 1259 2687 cogitavissent
1288 2619 1478 2683 Deum,
1523 2634 1626 2672 non
1673 2619 1812 2672 sicut
1856 2618 2024 2673 Deum

2136 2633 2302 2671 σαντα
2322 2631 2336 2645 ο
2388 2635 2406 2667 ι
2433 2616 2576 2668 Διότι
2610 2615 2829 2683 γνόντες
2853 2614 2947 2668 τὸν
2978 2614 3129 2679 Θεὸν,
3171 2618 3268 2686 οὐχ
3312 2617 3387 2680 ὼς
3425 2617 3559 2670 Θεὸν
3586 2617 3705 2670 ἐδί-

364 4000 371 4006 -
459 3970 549 4039 qui
573 3971 717 4027 enim
745 3972 920 4027 modis
938 3971 1195 4026 omnibus
1218 3970 1379 4026 fateri
1399 3982 1696 4040 oporteret,
1721 3988 1821 4027 nos
1843 3973 2032 4027 etiam.

468 2713 926 2783 gloriﬁcaverunt,
951 2723 1041 2764 aut
1064 2712 1261 2778 gratias
1282 2721 1542 2778 egerunt;
1571 2712 1664 2765 sed
1686 2718 2025 2766 evanuerunt

2136 2708 2321 2774 ξασαν,
2351 2706 2384 2778 ἦ
2414 2707 2838 2776 εὐχαρίστησαν,
2889 2706 3003 2760 ἀλλ’
3035 2707 3473 2778 ἐματαιώθησαν,
3501 2709 3563 2762 ἐν
3590 2712 3703 2772 τοῖς

458 2802 514 2854 in
549 2800 966 2869 cogitationibus
1001 2800 1134 2861 suis.
1179 2807 1233 2854 et
1262 2800 1608 2854 obscuratum
1641 2809 1722 2853 est
1760 2799 2022 2868 insipiens

2136 2798 2495 2868 διαλογισμοῖς
2521 2796 2722 2863 αὐτῶν,
2755 2798 2849 2851 καὶ
2879 2798 3167 2868 ἐσκοτίσθη
3192 2799 3226 2869 η
3250 2798 3502 2862 ἀσύνετος
3524 2797 3704 2854 αὐτῶν

460 2906 556 2945 cor
578 2905 783 2945 eorum.
818 2889 1070 2943 Dicentes
1100 2891 1242 2944 enim
1286 2904 1346 2943 se
1386 2904 1504 2944 esse
1548 2891 1843 2959 sapientes,
1877 2889 2026 2945 stulti

2136 2889 2355 2962 καρδίαο
2417 2891 2720 2959 φάσκοντες
2770 2885 2908 2944 εἶναι
2968 2891 3161 2959 σοφοὶ,
3219 2891 3639 2960 ἐμωράνθησαν.
3676 2910 3697 2942 ι

460 2979 585 3033 facti
611 2987 735 3031 sunt
759 2976 825 3031 ⁸⁷.
861 2995 879 3028 ι
919 2976 1125 3029 Scribit
1160 2978 1298 3030 idem
1330 2975 1525 3031 Paulus
1566 2979 1690 3031 alibi
1727 2979 1814 3041 iis,
1844 2979 1934 3048 qui
1958 2993 2028 3032 ex

2136 2985 2333 3055 Γράφει
2359 2999 2463 3035 που
2491 2980 2701 3045 Παῦλος
2728 2984 2841 3044 τοῖς
2869 2981 2929 3048 ἐξ
2954 2981 3122 3035 ἐθνῶν
3147 2981 3521 3051 κεκλημένοις,
3549 2996 3706 3034 τουτ-

457 3069 709 3139 gentibus
739 3065 914 3121 vocati
946 3065 1185 3131 fuerunt,
1217 3068 1319 3122 hoc
1358 3077 1441 3121 est
1474 3068 1649 3130 nobis,
1681 3069 1782 3123 hoc
1821 3068 1982 3124 modo
2008 3085 2023 3123 :

2136 3075 2275 3129 ίστιν
2309 3076 2468 3144 ἡμῖν’
2503 3091 2522 3125 ‹
2552 3073 2688 3126 Νυνὶ
2723 3073 2781 3126 δέ
2814 3073 3031 3141 γνόντες
3058 3073 3213 3139 Θεὸν,
3244 3072 3443 3142 μᾶλλον
3472 3072 3528 3126 δὲ
3558 3088 3704 3141 γνω-

463 3175 483 3208 t
511 3154 665 3210 Nunc
701 3166 877 3207 autem
908 3170 1030 3207 cum
1061 3155 1424 3225 cogitaveritis
1449 3156 1637 3222 Deum,
1674 3158 1781 3212 imo
1812 3159 2022 3226 cognoti

2136 3140 2483 3226 neévrscvbno
2511 3162 2667 3215 Θεοῦ.
2702 3181 2722 3213 ι
2766 3140 2899 3215 Τίνα
2930 3162 3107 3215 τοίνυν
3133 3140 3450 3233 ἐγνώκαμεν
3484 3140 3577 3215 διά
3599 3160 3706 3231 τῆς

458 3248 577 3301 sitis
621 3262 650 3299 a
692 3245 800 3299 Deo
825 3245 891 3298 ⁸⁸.
930 3263 950 3297 ι
1004 3245 1170 3311 Quem
1228 3246 1457 3300 obsecro
1512 3247 1673 3300 alium
1723 3264 1817 3317 per
1866 3249 2021 3303 iidem

2136 3255 2390 3318 πίστεως,
2420 3255 2452 3324 ἦ
2486 3254 2706 3316 πάντως
2735 3252 2967 3324 Χριστὸν
3005 3253 3244 3323 Ἰησοῦν;
3285 3253 3497 3307 Οὐκοῦν
3525 3256 3573 3307 εί
3603 3254 3707 3324 μὶν

459 3338 829 3407 cognovimus,
870 3335 967 3391 nisi
1017 3337 1188 3404 ipsum
1219 3352 1443 3406 prorsus
1471 3336 1654 3393 lesum
1708 3338 2019 3394 Christum?

2136 3345 2207 3409 ὥς
2238 3344 2370 3399 Θεὸν
2401 3343 2742 3414 ἐγνώκαμεν,
2786 3344 2880 3396 καὶ
2904 3342 2979 3406 ώς
3007 3343 3138 3396 Θεὸν
3171 3342 3484 3413 δοξάζομεν,
3515 3360 3706 3409 πεφω-

459 3428 639 3492 Quare
686 3428 729 3478 si
768 3427 914 3481 illum
972 3437 1029 3479 ut
1057 3426 1222 3480 Deum
1266 3428 1633 3496 cognovimus,
1670 3439 1725 3482 et
1770 3439 1827 3483 ut
1862 3429 2027 3484 Deum

2136 3429 2366 3499 τίσμεθα
2394 3429 2536 3483 κατὰ
2566 3429 2853 3500 ἀλήθειαν·
2886 3433 2933 3483 εί
2961 3430 3017 3483 δὲ
3045 3430 3384 3500 ἀλλάσσομεν
3404 3430 3571 3485 αὐτοῦ
3603 3430 3706 3500 τὴν

461 3519 643 3573 debito
670 3519 875 3572 honore
902 3517 1303 3587 prosequimur,
1329 3532 1459 3571 vere
1487 3516 1769 3572 illuminati
1800 3533 1985 3573 sumus
2011 3536 2024 3572 :

2136 3520 2319 3587 δόξαν,
2351 3519 2784 3589 μεματαιώμεθα
2812 3520 2905 3573 καὶ
2931 3522 3091 3591 ἡμεῖς
3119 3523 3176 3573 ἐν
3199 3524 3312 3585 τοῖς
3337 3522 3708 3591 διαλογισμοῖς

459 3612 543 3665 sin
594 3622 773 3665 autem
820 3610 963 3663 illius
995 3608 1221 3679 gloriam
1264 3618 1653 3678 permutamus,
1705 3610 1897 3664 merito
1928 3624 2027 3665 nos

2136 3611 2310 3680 ἡμῶν.
2342 3611 2405 3662 Ei
2436 3610 2541 3680 γάρ
2569 3609 2704 3672 ὅλως
2735 3609 3178 3679 πεπιστεύκαμεν
3203 3613 3283 3675 είς
3313 3611 3494 3673 αὐτὸν,
3519 3611 3594 3673 ώς
3622 3614 3707 3676 εἰς

460 3703 562 3770 ipsi
615 3686 831 3770 quoque
905 3702 955 3753 in
1018 3700 1219 3753 nostris
1273 3700 1698 3770 cogitationibus
1742 3702 2028 3755 evanuisse

2136 3699 2260 3752 Θεὸν
2312 3699 2737 3769 πιστεύομεν.Ἢ
2786 3700 2969 3769 δεήσει
3008 3700 3186 3770 πάντη
3238 3717 3297 3753 τε
3343 3702 3437 3754 καὶ
3485 3703 3704 3766 πάντως

457 3791 935 3860 deprehendimur.
988 3788 1121 3844 Nam
1173 3792 1218 3843 si
1263 3805 1390 3844 vere
1437 3792 1489 3843 in
1537 3790 1685 3843 illum
1728 3791 2027 3858 credimus,

2136 3788 2429 3859 ὁμολογεῖν,
2458 3790 2540 3841 ὅτι
2569 3791 2680 3851 τοῖς
2722 3788 2822 3858 τῆς
2862 3788 3095 3859 ἀρχαίας
3133 3789 3348 3859 ἀπάτης
3374 3792 3469 3844 καὶ
3493 3789 3588 3843 νῦν
3619 3793 3706 3843 εν.

460 3881 648 3949 ntique
687 3890 943 3950 tanquam
985 3880 1039 3933 in
1069 3882 1235 3934 Deum
1284 3881 1336 3933 in
1370 3878 1517 3934 illum
1560 3882 1855 3937 credimus.
1888 3882 2030 3936 Alio-

2136 3880 2407 3949 ισχήμεθα
2441 3878 2677 3950 βρόχοις,
2710 3878 2982 3950 ἀνθρώπῳ
3015 3879 3179 3951 κοινῷ
3210 3881 3309 3951 τὴν
3331 3880 3514 3934 πίστιν
3536 3898 3707 3952 προσ-

2133 3972 2374 4040 άγοντες.
2394 3971 2532 4023 Ἀλλ’
2558 3969 2700 4024 οῦτω
2728 3971 2789 4023 τὸ
2818 3971 3015 4042 ἀληθές
3040 3973 3084 4025 ί.

463 4078 588 4116 num
635 4062 801 4130 prisci
845 4062 1050 4115 erroris
1118 4058 1326 4129 laqueis
1370 4061 1616 4117 irretitos
1648 4062 1846 4129 teneri,
1880 4069 2065 4132 utpote
2103 4062 2154 4114 in
2193 4074 2536 4115 communem
2598 4059 2872 4114 hominem
2904 4059 3205 4117 credentes.
3261 4062 3332 4116 At
3368 4077 3473 4118 non
3506 4063 3579 4118 ita
3614 4077 3702 4119 res

474 4155 655 4209 habet.

535 4262 554 4294 ι
591 4242 659 4296 Et
690 4242 832 4295 sicut
858 4257 963 4296 non
995 4252 1366 4312 pronaverant
1409 4243 1579 4298 Deum
1610 4244 1809 4300 habere
1838 4245 1890 4298 in
1926 4257 2022 4300 no-

462 4334 601 4397 titia,
644 4333 867 4386 tradidit
910 4348 1005 4388 eos
1054 4334 1197 4389 Deus
1239 4335 1293 4389 in
1341 4337 1633 4405 reprobum
1678 4350 1920 4399 sensum,
1967 4341 2026 4388 ut

2214 4262 2234 4295 ε
2262 4243 2371 4298 Καὶ
2419 4242 2598 4305 καθὼς
2642 4244 2742 4296 ούκ
2790 4242 3118 4313 ἐδοκίμασαν
3165 4244 3258 4297 τὸν
3299 4243 3431 4297 Θεὸν
3470 4244 3615 4317 ἔχειν
3645 4248 3702 4299 ἐν

2134 4331 2442 4400 ἐπιγνώσει,
2475 4331 2786 4401 παρέδωκεν
2832 4332 2862 4384 ό
2906 4330 3037 4395 Θεὸς
3080 4331 3277 4396 αὐτοὺς
3322 4334 3402 4397 είς
3444 4334 3703 4405 ἀδόκιμον

462 4425 660 4479 iaciant
711 4439 777 4478 ea
828 4439 948 4493 qua:
998 4439 1103 4478 non
1150 4425 1563 4480 conveniunt“.
1594 4444 1613 4477 ι
1654 4424 1713 4479 Si
1751 4426 2025 4481 Christum

2136 4420 2277 4483 νοῦν,
2303 4423 2477 4474 ποιεῖν
2508 4420 2576 4473 τά
2621 4419 2697 4491 μὴ
2740 4419 3068 4491 καθήκοντα.
3100 4441 3120 4473 ι
3156 4421 3219 4476 Ei
3253 4422 3485 4493 Χριστὸν
3525 4424 3698 4490 ἐγνώ-

460 4516 806 4587 agnoscimus
842 4524 899 4569 ut
928 4515 1122 4581 Deum,
1154 4518 1434 4586 cognitum
1469 4531 1809 4585 nequaquam
1841 4530 2026 4585 asper-

461 4622 673 4671 nemur,
708 4606 984 4675 vulgarem
1016 4606 1393 4661 tantummodo
1424 4607 1697 4661 hominem
1721 4606 1873 4661 illum
1902 4620 2027 4660 esse

460 4697 788 4752 dictitantes.
840 4696 934 4751 Sin
987 4707 1169 4752 autem
1216 4695 1430 4752 inscitia
1462 4698 1720 4752 excaecati
1758 4697 1899 4752 istud
1942 4695 2027 4751 fa-

460 4801 587 4840 cere
611 4788 767 4839 veriti
797 4802 901 4840 non
933 4785 1220 4852 fuerimus,
1247 4786 1411 4841 simul
1450 4800 1573 4840 cum
1603 4785 1725 4841 aliis
1753 4784 1807 4839 in
1841 4798 2027 4854 repro-

460 4880 588 4932 bum
621 4893 839 4931 sensum
867 4878 1174 4947 praecipites
1200 4892 1422 4932 ruamus
1447 4890 1671 4931 necesse
1701 4885 1806 4931 est.

541 4987 560 5018 ι
592 4966 901 5022 Secundum
951 4970 1205 5023 duritiam
1239 4979 1405 5032 tuam.
1446 4978 1502 5023 et
1532 4967 1876 5038 impmnitens
1911 4978 2028 5029 cor,

464 5055 809 5110 thesaurizas
842 5058 937 5110 tibi
965 5056 1101 5110 iram
1131 5057 1186 5112 in
1219 5057 1305 5111 die
1332 5058 1426 5111 ira:
1448 5065 1502 5111 et
1534 5054 1878 5110 revelationis
1896 5052 2026 5120 justi

458 5140 651 5207 judicii
690 5139 806 5205 Dei,
851 5143 942 5212 qui
984 5143 1172 5196 reddet
1200 5144 1494 5212 unicuique
1534 5145 1830 5200 secundum
1862 5156 2028 5211 opera

462 5231 579 5299 ejus
596 5232 667 5284 ⁸ο.
700 5250 718 5283 ι
759 5231 924 5286 Docet
969 5231 1055 5285 bic
1082 5231 1274 5288 beatus
1300 5232 1520 5295 Paulus,
1553 5249 1650 5288 nos
1676 5247 1867 5289 omnes
1903 5242 2030 5287 ante

465 5321 699 5376 tribunal
746 5322 951 5377 Christi
1010 5323 1346 5379 manifestari
1385 5335 1656 5396 oportere,
1713 5340 1822 5394 quo
1867 5338 2027 5378 unus-

2132 4524 2310 4580 καμεν
2347 4510 2421 4574 ώς
2453 4510 2605 4574 Θεὸν,
2640 4511 2739 4579 τὴν
2766 4511 2853 4564 ἐπ’
2872 4509 3020 4581 αύτῷ
3048 4511 3248 4578 γνῶσιν
3273 4512 3348 4583 μὴ
3370 4512 3705 4582 ἀποδοκιμά-

2132 4603 2333 4673 ζωμεν,
2371 4602 2655 4672 ἄνθρωπον
2685 4600 2823 4657 εἶναι
2856 4602 3102 4671 λέγοντες
3130 4605 3325 4660 κοινόν.
3359 4605 3424 4657 Ei
3453 4604 3512 4658 δέ
3540 4604 3703 4658 τοῦτο

2131 4692 2264 4764 δρᾷν
2296 4694 2357 4757 ἐξ
2384 4693 2622 4764 ἀμαθίας
2649 4692 3297 4764 τολμῶμεν,βαδιούμεθα
3327 4694 3542 4758 πάντως
3565 4694 3702 4763 ὁμοῦ

2132 4787 2246 4848 τοῖς
2278 4784 2457 4847 ἄλλοις
2487 4786 2567 4847 εἰς
2596 4783 2852 4855 ἀδόκιμον
2881 4784 3025 4838 νοῦν.

2217 4979 2235 5011 ι
2262 4959 2418 5014 Κατὰ
2454 4959 2508 5011 δὲ
2555 4957 2651 5028 τὴν
2688 4958 3030 5029 σκληρότητά
3060 4976 3154 5014 σου
3204 4959 3298 5014 καὶ
3338 4960 3704 5032 ἀμετανόητον

2136 5051 2363 5124 καρδίαν
2388 5051 2734 5122 θησαυρίζεις
2762 5051 2973 5122 σεαυτῷ
3000 5052 3168 5124 ὀργὴν
3197 5056 3256 5107 ἐν
3288 5056 3472 5125 ἡμέρᾳ
3511 5056 3702 5126 ὀργῆς.

2135 5141 2231 5193 καὶ
2269 5140 2681 5208 ἀποκαλύψεως,
2727 5145 2820 5196 καὶ
2870 5142 3265 5213 δικαιοκρισίας
3310 5146 3405 5199 τοῦ
3450 5144 3606 5209 Θεοῦ,
3645 5146 3704 5208 ὸς

2137 5229 2404 5286 ἀποδώσει
2434 5231 2650 5302 ἑκάστῳ
2670 5234 2813 5286 κατά
2842 5234 2911 5286 τὰ
2936 5234 3073 5305 ἔργα
3098 5237 3281 5291 αὑτοῦ.
3313 5258 3332 5289 ι
3355 5239 3411 5290 ’0
3436 5238 3706 5307 μακάριος

2142 5323 2371 5388 Παῦλος,
2402 5322 2526 5387 τοῦς
2568 5323 2771 5387 πάντας
2809 5327 2958 5395 ἡμᾶς
2984 5326 3085 5392 δεῖ,
3123 5330 3276 5401 φησὶ,
3324 5328 3705 5400 φανερωθῆναι

535 5474 579 5505 ⁸⁸
607 5476 762 5530 Boni.
798 5491 833 5532 I.
876 5476 980 5531 1-4.
1067 5476 1107 5507 ⁸⁷
1142 5477 1272 5531 ibid.
1312 5477 1395 5544 21,
1432 5477 1524 5531 22.
1598 5477 1645 5509 ⁸⁸
1675 5475 1851 5531 Galat.
1882 5492 1953 5544 tv,
1988 5477 2038 5531 9.

2136 5476 2162 5506 η’
2192 5476 2326 5529 Rom
2400 5491 2413 5528 I
2472 5474 2561 5531 28.
2640 5477 2685 5510 9°
2721 5476 2875 5532 Rom.
2910 5494 2953 5546 ι,
2982 5480 3034 5535 5.

1527 5630 1698 5683 Varia:
1731 5630 1987 5685 lectiones
2019 5630 2222 5684 codicis
2252 5630 2609 5700 Seguicriani.

545 5768 576 5809 ι
606 5764 847 5833 Quatuor
869 5782 989 5837 qum
1018 5777 1318 5834 sequuntur
1340 5782 1498 5821 voces
1532 5769 1728 5821 absunt
1756 5779 1782 5818 a
1820 5768 1939 5821 cod.
1972 5764 2217 5835 Segnior.

2300 5776 2315 5802 ι
2347 5763 2407 5814 ού
2432 5762 2590 5815 τοῦτο
2617 5762 2834 5835 ἀληθές.
