4060 6450
328 444 352 499 1
364 444 471 500 9:25

1430 439 1516 497 DE
1556 435 1791 496 RECTA
1831 431 1988 490 FIDE
2026 435 2117 490 AD
2159 435 2480 494 REGINAS.

3464 438 3601 495 1226

327 560 640 633 ἔμπροσθεν
662 558 755 614 τοῦ
777 557 1022 632 βήματος
1040 558 1133 613 τοῦ
1150 559 1386 632 Χριστοῦ
1408 577 1422 591 ο
1453 578 1471 610 ι
1494 560 1579 613 ἵνα
1604 559 1905 629 κομίσηται

2012 554 2239 622 quisque
2298 556 2539 622 referat,
2593 568 2713 623 qua:
2757 553 2813 608 in
2863 567 3093 623 corpore
3132 553 3325 626 gessit,
3351 553 3457 625 57
3484 557 3602 609 sive

325 655 556 716 ἕκαστος
597 650 666 705 τὰ
706 650 798 705 διὰ
828 649 923 705 τοῦ
970 649 1243 721 σώματος,
1275 650 1414 722 πρὸς
1445 649 1481 704 ἃ
1510 650 1769 720 ἔπραξεν,
1802 649 1910 702 είτε

326 743 554 812 ἀγαθὸν,
586 744 696 796 είτε
729 742 954 811 φαῦλον.
985 761 1005 794 ι
1033 742 1178 813 Ἔφη
1205 742 1262 795 δέ
1294 759 1382 806 τις
1433 742 1528 796 καὶ
1567 742 1753 813 ἕτερος
1803 737 1912 794 τῶν

326 836 501 904 ἁγίων
526 834 843 889 ἀποστόλων
861 852 874 865 ·
913 851 934 885 ι
967 828 1061 898 Εἷς
1090 836 1237 889 ἐστιν
1265 837 1293 888 6
1322 835 1640 907 νρμοθέτης,
1670 836 1766 888 καὶ
1790 851 1913 907 κρι-

323 929 445 999 τής.
479 946 497 976 ι
531 924 738 980 Ψάλλει
781 925 839 978 δὲ
877 926 971 979 καὶ
1008 925 1171 1005 αὑτὸς
1210 928 1239 980 6
1264 926 1462 980 Δαυῖδ·
1520 927 1674 980 «Ὅτι
1710 927 1738 979 6
1780 925 1914 990 Θεὸς

322 1020 523 1089 κριτής
555 1020 721 1072 ἐστιν.
754 1018 914 1072 »Ὅτε
944 1017 1121 1072 τοίνυν
1152 1018 1550 1091 δικαιοκρισίαν
1576 1017 1713 1072 Θεοῦ
1746 1034 1912 1090 φησιν

321 1108 460 1165 εἶναι
492 1111 589 1182 τὴν
620 1111 713 1164 ἐπὶ
740 1110 835 1164 τοῦ
866 1110 1109 1182 βήματος
1146 1110 1241 1165 τοῦ
1278 1111 1422 1165 θείου
1451 1112 1537 1181 ἐφ’
1562 1111 1782 1183 ἑκάστῳ
1806 1110 1913 1183 ψῆ-

322 1220 445 1272 φον,
472 1203 536 1274 ῆν
568 1201 728 1264 αὑτὸς
773 1200 969 1264 ἐξοίσει
1003 1201 1242 1273 Χριστὸς
1271 1201 1763 1273 (παραστησόμεθα
1802 1199 1913 1273 γὰρ

318 1296 400 1365 τῷ
449 1294 654 1366 βήματι
700 1291 892 1356 αὑτοῦ,
925 1294 1019 1347 κα)⁸
1048 1294 1148 1365 οὑχ
1195 1293 1272 1357 ὡς
1310 1293 1391 1348 ἑνὶ
1424 1294 1534 1347 τῶν
1583 1293 1704 1347 καθ’
1740 1294 1910 1364 ἡμᾶς,

317 1387 435 1440 ἀλλ’
454 1386 530 1448 ὡς
559 1387 720 1457 κριτῇ
748 1386 841 1437 καί
856 1384 976 1456 Θεῷ
1003 1386 1097 1439 καὶ
1129 1384 1441 1459 νομοθέτῃ),
1625 1386 1747 1458 οὐχὶ
1780 1386 1913 1450 Θεὸς

316 1476 345 1528 6
376 1473 651 1545 Χριστός;
698 1492 716 1524 ι
749 1473 847 1526 Διὰ
890 1475 999 1544 γὰρ
1047 1475 1215 1545 νόμου
1269 1476 1565 1544 ἐπίγνωσις
1608 1476 1909 1548 ἁμαρτίας.

315 1567 458 1620 Νυνὶ
487 1565 543 1618 δὲ
582 1565 749 1636 χωρὶς
780 1565 947 1634 νόμου
974 1554 1288 1637 δικαιοσύνη
1332 1566 1466 1622 Θεοῦ
1498 1568 1909 1640 πεφανέρωται,

319 1654 741 1728 μαρτυρουμένη
792 1654 898 1709 ὑπὸ
946 1654 1042 1709 τοῦ
1088 1655 1253 1726 νόμου
1289 1656 1384 1711 καὶ
1429 1657 1538 1711 τῶν
1589 1660 1908 1730 προφητῶν.

313 1746 638 1818 Δικαιοσύνη
668 1747 725 1799 δὲ
767 1746 901 1800 Θεοῦ
941 1746 1032 1800 διὰ
1074 1748 1310 1813 πίστεως
1342 1749 1519 1820 Ἰησοῦ
1550 1751 1791 1822 Χριστοῦ
1827 1754 1910 1817 είς

314 1840 527 1903 πάντας
554 1840 680 1901 τοὺς
708 1837 1081 1905 πιστεύοντας.
1118 1858 1137 1892 t
1176 1838 1309 1911 Δίχα
1335 1840 1502 1912 νόμου
1531 1841 1902 1915 δικαιοσύνην,

314 1932 415 2013 (fy)
456 1931 552 1982 καὶ
595 1929 701 1983 ὑπὸ
751 1930 863 1985 τῶν
909 1931 1081 2000 ἁγίων
1130 1931 1426 2003 προφητῶν
1450 1934 1904 2005 μεμαρτυρῆσθαί

312 2020 503 2093 φησι),
532 2024 630 2093 τὴν
655 2020 744 2075 διὰ
768 2022 1003 2087 πίστεως
1026 2016 1164 2076 εἶναι
1190 2022 1338 2092 λέγει
1361 2023 1459 2094 τὴν
1482 2022 1527 2061 ι’
1556 2026 1636 2089 εἰς
1664 2026 1902 2097 Χριστὸν

323 2100 551 2184 ’Ῑηῖςοῦνι
588 2107 741 2177 Εἶτα,
769 2111 886 2175 πῶς
916 2113 977 2167 οὑ
1001 2112 1133 2177 Θεὸς
1159 2116 1187 2167 6
1219 2112 1446 2168 δικαιῶν
1470 2116 1597 2181 τοὺς
1622 2116 1905 2171 πιστεύον-

309 2221 434 2267 τας,
469 2204 663 2275 ὅτιπερ
698 2203 782 2275 εἴη
810 2203 943 2268 Θεὸς
967 2203 1218 2276 ἁληΟῶς;
1254 2204 1357 2278 ὁρᾷ
1385 2208 1496 2278 γὰρ
1530 2210 1612 2272 είς
1649 2208 1808 2262 τοῦτο
1840 2210 1902 2263 τὸ

241 2337 251 2351 .
307 2295 411 2364 τῆς
464 2295 701 2358 πίστεως
744 2294 942 2366 πέρας.
976 2297 1424 2369 Μαρτυρούντων
1472 2299 1530 2352 δὲ
1579 2299 1687 2353 τῶν
1731 2301 1901 2370 ἁγίων

308 2387 610 2458 προφητῶν
634 2389 700 2457 τῇ
724 2389 805 2451 είς
831 2386 1065 2460 Χριστὸν
1093 2389 1294 2454 πίστει,
1318 2391 1403 2455 τίς
1427 2392 1455 2444 ὁ
1478 2391 1643 2461 φάναι
1662 2391 1898 2463 τολμῶν,

306 2478 411 2531 οὑκ
455 2475 595 2531 εἶναι
630 2477 762 2532 Θεὸν
797 2480 961 2534 αὑτὸν
991 2479 1077 2535 διὰ
1105 2481 1169 2535 τὸ
1206 2483 1567 2556 ἀνθρώπινον,
1603 2486 1771 2557 ἤγουν
1808 2486 1898 2541 ὅτε

306 2568 504 2637 γέγονε
537 2568 673 2640 σὰρξ
702 2569 937 2640 ὀηΛόγος
960 2592 977 2645 ;

387 2767 405 2799 ι
438 2749 646 2812 Πάντες
670 2748 779 2820 γὰρ
807 2749 1080 2821 ἥμαρτον,
1102 2750 1199 2804 καὶ
1231 2752 1589 2825 ὑστεροῦνται
1618 2756 1718 2828 τῆς
1738 2755 1899 2828 δόξης

308 2841 402 2895 τοῦ
435 2840 594 2906 Θεοῦ,
634 2840 999 2913 δικαιούμενοι
1044 2842 1255 2914 δωρεὰν
1280 2847 1347 2917 τῇ
1373 2846 1541 2900 αὑτοῦ
1571 2849 1779 2920 χάριτι,
1806 2850 1899 2904 διὰ

306 2935 408 3005 τῆς
460 2932 892 3006 ἀπολυτρώσεως
940 2935 1039 3006 τῆς
1087 2936 1146 2989 ὲν
1195 2937 1420 3009 Χριστῷ
1454 2939 1652 3010 Ἰησοῦ.
1686 2959 1705 2992 ι
1744 2941 1810 2994 El
1839 2940 1900 2994 τὸ

306 3022 647 3098 ἁμαρτάνειν
691 3027 838 3098 ἡμᾶς
887 3026 1231 3098 ὑστερεῖσθαι
1279 3032 1424 3083 ποιεῖ
1470 3031 1568 3102 τῆς
1599 3031 1758 3104 δόξης
1802 3031 1898 3086 τοῦ

305 3116 472 3182 Θεοῦ,
502 3118 584 3171 ὅτι
636 3118 710 3188 μὴ
758 3114 899 3171 οἶδεν
941 3119 1251 3190 ἁμαρτίαν’
1303 3110 1615 3193 γέγραπται
1661 3124 1720 3177 δὲ
1771 3126 1899 3196 περὶ⁴

2020 648 2259 713 bonum,
2302 648 2421 703 sive
2466 647 2685 702 malum.
2745 647 2889 703 Dixit
2929 648 3057 704 item
3098 647 3240 704 alius
3290 661 3359 702 ex
3392 650 3602 702 sanctis

2015 740 2277 808 apostolis
2308 758 2323 794 :
2357 759 2376 793 ι
2411 740 2560 796 Unus
2587 747 2672 796 est
2709 739 2989 811 legislator
3015 750 3070 797 et
3095 740 3259 811 jndex
3281 742 3353 796 οι.
3382 760 3405 794 ι
3439 741 3602 796 Canit

2015 843 2071 888 et
2130 833 2243 902 ipse
2301 831 2470 887 David
2525 848 2748 904 quoque
2795 850 2809 888 :
2858 851 2876 884 ι
2909 833 3175 900 Quoniam
3230 831 3374 888 Deus
3429 832 3597 903 jndex

2014 934 2098 980 est
2119 926 2188 979 θ’.
2220 943 2236 977 ι
2267 924 2403 980 Cum
2438 925 2606 996 igitur
2638 926 2965 982 sententiam
3003 940 3167 995 quam
3210 923 3462 980 Christus
3500 939 3600 993 pro

2015 1018 2201 1073 divino
2239 1018 2497 1073 tribunali
2532 1021 2732 1073 sedens
2759 1019 3047 1088 (sistemur
3078 1008 3223 1072 enim
3264 1025 3390 1070 ante
3428 1015 3600 1069 tribu-

2015 1107 2103 1162 nal
2129 1108 2295 1170 illius,
2327 1121 2432 1161 non
2474 1117 2729 1178 tanquam
2768 1106 3004 1163 hominis
3036 1106 3208 1161 nostri
3244 1103 3458 1173 similis,
3501 1105 3598 1160 sed

2017 1209 2275 1268 tanquam
2303 1198 2398 1254 Dei
2438 1210 2493 1255 et
2515 1199 2738 1270 judicis,
2775 1208 2831 1254 et
2868 1197 3219 1271 lcgislatoris)
3263 1198 3329 1253 de
3360 1195 3602 1267 quolibet

2014 1291 2226 1346 laturus
2250 1302 2352 1360 est,
2374 1290 2579 1360 justum
2600 1290 2695 1347 Dei
2724 1291 2988 1360 judicium
3023 1289 3315 1361 Apostolus
3339 1286 3597 1359 appellet,

2014 1382 2290 1452 quomodo
2312 1382 2562 1439 Christus
2592 1397 2700 1439 non
2730 1391 2815 1438 est
2839 1382 3019 1438 Deus?
3054 1402 3073 1434 ι
3105 1382 3212 1437 Per
3239 1381 3413 1451 legem
3448 1378 3597 1434 enim

2015 1474 2258 1544 cognitio
2316 1474 2546 1544 peccati.
2596 1473 2750 1529 Nunc
2807 1483 2987 1529 autem
3049 1474 3168 1528 sine
3217 1470 3436 1542 justitia
3498 1468 3596 1523 Dei

2016 1565 2369 1621 manifestata
2401 1576 2507 1633 est,
2541 1565 2830 1622 testiﬁcata
2872 1582 2902 1621 a
2939 1566 3056 1634 lege
3088 1574 3139 1619 et
3176 1562 3478 1634 prophetis.
3508 1561 3597 1616 .ln-

2015 1656 2165 1711 stitia
2200 1664 2380 1710 autem
2426 1655 2522 1713 Dei
2567 1671 2664 1726 per
2706 1654 2864 1710 ﬁdem
2896 1652 3024 1710 .lesu
3063 1653 3267 1709 Christi
3316 1652 3369 1707 in
3406 1666 3598 1707 omnes

2014 1758 2070 1802 et
2095 1762 2260 1817 super
2290 1762 2497 1810 omnes,
2527 1749 2620 1819 qui
2661 1746 2892 1803 credunt
2924 1747 2977 1801 in
3018 1760 3141 1800 eum
3160 1745 3229 1800 ”.
3262 1764 3281 1797 ι
3319 1745 3449 1799 Sine
3480 1743 3597 1813 lege

2009 1839 2277 1910 justitiam
2321 1838 2507 1911 (quam
2553 1854 2582 1893 a
2633 1839 2840 1895 sanctis
2879 1852 3093 1909 qumque
3123 1837 3404 1908 prophetis
3436 1836 3593 1890 testi-

2011 1932 2249 1986 monium
2277 1931 2533 1987 habuisse
2559 1932 2802 2001 asserit),
2821 1946 2940 1987 eam
2963 1931 3064 1985 hoc
3093 1929 3212 1984 loco
3235 1927 3444 1989 deﬁnit.
3470 1941 3593 1996 qua:

2005 2032 2091 2077 est
2129 2037 2227 2093 per
2259 2021 2419 2077 ﬁdem
2475 2024 2528 2078 in
2560 2023 2850 2103 Christum
2895 2022 3104 2078 .lesum.
3144 2022 3215 2075 At
3264 2021 3410 2075 enim
3451 2034 3591 2099 qua-

2006 2131 2155 2183 nam,
2196 2130 2403 2187 quaeso,
2450 2116 2661 2172 ratione
2708 2117 2756 2170 is
2793 2117 2937 2172 Deus
2969 2116 3277 2171 censendus
3324 2129 3431 2169 non
3475 2126 3584 2175 est,

2004 2207 2096 2278 qui
2140 2206 2430 2262 credentes
2477 2206 2624 2261 illum
2673 2222 2860 2262 verum
2911 2206 3078 2261 Deum
3118 2220 3241 2263 esse
3284 2204 3591 2276 iustiﬁcati?

2004 2302 2162 2369 Cum,
2207 2302 2450 2371 inquam,
2484 2302 2593 2357 huc
2636 2302 2770 2357 ﬁdes
2806 2311 3061 2371 tanquam
3099 2300 3166 2356 ad
3203 2315 3427 2371 scopum
3468 2309 3589 2354 ten-

2005 2393 2119 2459 dat,
2165 2402 2221 2448 et
2268 2395 2410 2449 sacri
2458 2402 2722 2464 praeterea
2770 2396 3049 2465 prophetae
3092 2394 3215 2449 ﬁdei
3260 2407 3381 2463 qua
3418 2402 3502 2448 est
3532 2394 3586 2447 in

2003 2485 2282 2545 Christum
2308 2485 2492 2562 Jesum
2534 2487 2902 2542 testimonium
2946 2485 3426 2556 perhibeant,quis
3454 2499 3585 2553 pro-

2005 2587 2129 2649 pter
2151 2578 2442 2633 humanam
2476 2586 2751 2641 naluram,
2801 2578 2903 2632 hoc
2933 2585 3016 2631 est
3041 2574 3206 2631 Verbi
3228 2575 3587 2656 .incarnatio-

2005 2682 2153 2731 nent,
2195 2666 2343 2723 illius
2379 2666 2722 2722 divinitatem
2757 2665 2989 2721 inﬁciari
3021 2665 3257 2722 audeat?

2081 2777 2100 2810 ι
2132 2755 2334 2813 Omnes
2360 2748 2507 2813 enim
2550 2765 2939 2827 peccaverunt,
2965 2765 3022 2811 et
3069 2765 3229 2827 egent
3258 2755 3429 2825 gloria
3469 2756 3586 2818 Dei.

1998 2850 2282 2923 justiﬁcati
2318 2850 2491 2921 gratis
2523 2863 2622 2919 per
2654 2848 2886 2919 gratiam
2913 2847 3109 2917 ipsius,
3138 2862 3235 2915 per
3259 2847 3589 2919 redemptio-
3672 2852 3679 2857 '

2002 2957 2127 2999 nem
2158 2956 2277 3014 qua:
2313 2949 2397 2997 est
2442 2940 2495 2995 in
2545 2938 2765 2995 Christo
2789 2936 3005 2995 Jesu”.
3044 2955 3064 2990 ι
3110 2935 3168 2992 Si
3204 2937 3417 3008 peccati
3465 2937 3590 2992 labe

2003 3033 2367 3092 contaminari
2417 3031 2550 3088 facit
2596 3046 2693 3088 nos
2748 3045 2909 3102 egere
2947 3029 3120 3102 gloria
3171 3029 3285 3095 Dei,
3331 3028 3587 3100 quoniam

2003 3122 2289 3201 peceatum
2321 3141 2429 3181 non
2461 3123 2614 3180 novit
2638 3138 2654 3178 :
2692 3125 2758 3179 de
2785 3123 3003 3180 Christo
3024 3131 3202 3178 autem
3227 3133 3308 3177 est
3331 3122 3385 3177 in
3412 3123 3589 3177 sacris

303 3207 569 3280 Χριστοῦ,
605 3210 685 3262 ὅτι
718 3209 993 3281 ἁμαρτίαν
1026 3214 1127 3264 οὑκ
1171 3212 1428 3283 ἐποίησεν
1452 3230 1467 3245 ·
1514 3215 1897 3287 ὑστερούμεθα

2009 3220 2246 3282 Litteris.
2278 3217 2420 3289 quod
2449 3214 2733 3288 pecdatum
2772 3232 2881 3271 non
2912 3214 3136 3281 fecerit;
3170 3230 3267 3270 nos
3301 3223 3488 3269 autem
3522 3229 3586 3266 ea

303 3301 365 3353 δὲ
406 3301 502 3354 καὶ
534 3300 676 3354 κατὰ
715 3301 875 3355 τοῦτο
903 3301 1000 3373 τῆς
1031 3302 1191 3374 δόξης
1230 3304 1397 3357 αὑτοῦ
1432 3305 1899 3377 ιπλημμελοῦντες

304 3395 472 3465 ἡμεῖς
494 3410 507 3424 ·
540 3392 672 3458 Θεὸς
703 3393 810 3466 ἄρα
854 3397 971 3449 ἐστὶ
1011 3396 1108 3449 καὶ
1136 3397 1275 3468 μετὰ
1303 3398 1507 3470 σαρκὸς
1535 3401 1563 3453 6
1593 3400 1765 3470 Λόγος
1790 3419 1803 3433 ο
1836 3404 1897 3457 οὑ

304 3487 380 3555 γὰ
389 3503 419 3556 ρ
443 3485 698 3557 εποίησεν
732 3486 1025 3559 ἁμαρτίαν.

389 3686 408 3719 ι
440 3666 621 3751 Νύμον
676 3662 777 3722 οὖν
807 3669 1192 3743 καταργοῦμεν
1237 3672 1325 3727 διὰ
1370 3676 1472 3743 τῆς
1508 3674 1772 3741 πίστεως;
1824 3675 1901 3748 μὴ

304 3759 521 3828 γένοιτο
539 3776 552 3788 ·
583 3758 721 3812 ἀλλὰ
747 3760 910 3831 νόμον
944 3762 1205 3833 ἱστῶμεν.
1234 3783 1252 3816 ι
1274 3765 1331 3818 '0
1356 3765 1447 3819 διὰ
1466 3766 1710 3831 Μωσέως
1737 3767 1903 3838 νόμος

305 3851 441 3904 Θεὸν
469 3850 565 3903 ἕνα
608 3855 936 3923 προσκυνεῖν
963 3853 1168 3919 ἐδίδαξε
1201 3856 1330 3920 τοὺς
1355 3857 1417 3922 ἐξ
1448 3858 1667 3930 Ἰσραήλ
1686 3874 1702 3890 ·
1731 3877 1751 3911 t
1784 3860 1902 3913 Κύ-

305 3958 428 4013 ριος
457 3941 589 4012 γὰρ,
626 3943 815 4014 φησιν,
849 3944 877 3994 6
907 3943 1040 4009 Θεός
1076 3930 1193 4011 σου,
1225 3947 1435 4019 Κύριος
1463 3945 1543 4013 εἷς
1574 3950 1723 4003 ἐστι’
1753 3969 1772 4001 ι
1805 3953 1903 4005 καὶ

306 4033 475 4096 αὑτὸς
527 4033 584 4087 δὲ
630 4034 659 4085 6
706 4033 840 4097 Θεὸς
887 4035 1232 4106 προσεφώνει
1263 4037 1443 4107 λέγων
1485 4041 1703 4105 αὐτοῖς’
1739 4061 1757 4094 ι
1787 4042 1902 4096 Οὐκ

306 4127 527 4181 ἔσονταί
581 4144 664 4180 σοι
709 4127 823 4182 θεοὶ
869 4127 1045 4199 ἕτεροι
1094 4130 1233 4201 πλὴν
1277 4131 1437 4201 ἐμοῦ.
1466 4128 1621 4204 »Ἆρ’
1650 4128 1742 4189 οῦν
1771 4152 1902 4204 μετ-

307 4218 540 4288 έστησεν
559 4220 593 4290 ἡ
619 4218 802 4283 πίστις
831 4220 863 4291 ἡ
894 4221 973 4283 είς
994 4221 1225 4291 Χριστὸν
1250 4223 1378 4286 τοὺς
1404 4223 1471 4276 δι’
1498 4214 1671 4298 αὑτῆς
1700 4226 1903 4298 κεκλη-

316 4311 513 4381 μένους
543 4312 622 4376 είς
650 4311 711 4365 τὸ
737 4311 811 4384 μὴ
834 4312 913 4365 ἑνὶ
938 4313 1017 4382 τῷ
1048 4312 1188 4366 κατὰ
1211 4313 1372 4383 φύσιν
1394 4314 1514 4387 Θεῷ
1540 4291 1868 4388 προσκυνεῖν
1883 4335 1901 4385 ;

312 4400 463 4474 'Apa
497 4403 882 4476 καταργοῦμεν
918 4404 1082 4476 νόμον
1126 4406 1206 4478 τῷ
1242 4408 1326 4460 ἑνὶ
1371 4408 1450 4480 τῷ
1499 4409 1620 4462 κατ’
1643 4409 1903 4482 ἀλήθειαν

312 4496 436 4566 Θεῷ
455 4496 894 4567 προσκομίζοντα
915 4514 930 4564 ;
958 4519 975 4550 ι
995 4498 1087 4569 Μὴ
1106 4501 1339 4568 γένοιτο⁹
1360 4500 1545 4573 φησὶν,
1579 4501 1715 4556 ἁλλὰ
1738 4503 1902 4576 νόμον

315 4590 608 4660 ἱστῶμεν.)
640 4591 851 4645 Οὐκοῦν
878 4592 954 4657 ὡς
978 4592 1098 4663 Θεῷ
1125 4594 1425 4665 προσίεμεν
1444 4593 1522 4665 τῷ
1550 4594 1793 4667 Χριστῷ,
1813 4597 1902 4650 ἵνα

313 4684 393 4756 μὴ
425 4683 862 4757 κατηγορώμεθα
881 4728 897 4753 ,
933 4686 1010 4750 ὡς
1042 4687 1413 4758 παραλύοντες
1442 4688 1629 4759 νόμον,
1661 4690 1902 4745 ἐπαινῶ-

314 4776 458 4849 μεθα
511 4777 569 4831 δὲ
616 4777 839 4848 μᾶλλον,
867 4779 943 4843 ὡς
1004 4779 1260 4843 ίστῶντες
1305 4783 1469 4852 νόμον
1522 4779 1611 4834 διὰ
1659 4781 1758 4851 τῆς
1808 4782 1902 4836 πί-

315 4885 510 4933 στεως.
1531 4862 1540 4881 ⁸

386 4962 525 5032 Περὶ
546 4960 642 5015 τοῦ
678 4961 928 5034 ’Δόραὰμ
957 4962 1091 5035 φησι
1111 4981 1127 4996 ο
1158 4982 1177 5016 ι
1196 4960 1584 5039 Κατέναντι-οὗ
1612 4968 1902 5024 ἐπίστευσε

312 5053 475 5118 Θεοῦ,
510 5052 605 5107 τοῦ
635 5053 1025 5120 ζωοποιοῦντος
1048 5057 1175 5121 τοὺς
1201 5060 1447 5129 νεκροὺς,
1472 5060 1569 5113 καὶ
1610 5060 1904 5126 καλοῦντος

313 5148 407 5200 τὰ.
428 5145 501 5217 μὴ
532 5146 661 5201 ὄντα
693 5146 767 5210 ὡς
797 5146 946 5203 ὄντα.
980 5147 1142 5202 »Ὅτε
1184 5150 1365 5205 τοίνυν
1392 5151 1455 5205 τὸ
1491 5153 1776 5217 ζωοποιεῖν
1808 5152 1903 5208 δύ·
1922 5174 1934 5191 ι

315 5235 513 5289 νασοαι
560 5237 688 5299 τοὺς
736 5237 963 5308 νεκροὺς
997 5239 1291 5311 ἁρμόσειεν
1323 5240 1391 5296 ἂν
1417 5243 1516 5313 οὑχ
1543 5245 1734 5317 ἑτέρῳ,
1765 5245 1906 5317 πλὴν

317 5331 401 5383 ὅτι
434 5327 581 5398 μόνῳ
607 5325 685 5399 τῷ
721 5329 863 5383 κατὰ
890 5329 1052 5399 φύσιν
1079 5330 1229 5403 Θιῷο
1272 5332 1527 5398 ζωοποιεῖ
1571 5336 1629 5390 δὲ
1674 5338 1908 5408 Χριστὸς

398 5510 451 5581 ⁸³1
483 5508 598 5565 Jac.
642 5524 719 5578 tv,
754 5509 839 5565 l2.
961 5513 1006 5544 "
1037 5511 1180 5568 Psal.
1211 5531 1397 5581 Lxxw,
1424 5516 1477 5574 7.

323 5580 367 5611 ⁸⁷
415 5579 585 5635 Exod.
622 5597 712 5644 xx,
745 5581 801 5638 4,
878 5583 925 5614 ⁸⁸
954 5582 1110 5639 Rom.
1146 5601 1219 5648 tv,
1247 5587 1331 5639 l7.

1591 5516 1637 5549 "
1670 5515 1828 5573 Rom.
1864 5533 1947 5586 ut,
1973 5517 2162 5572 20-23.

2002 3313 2069 3369 de
2099 3326 2266 3367 causa
2294 3310 2365 3365 ab
2396 3307 2514 3378 ejus
2540 3304 2710 3380 gloiia
2739 3308 3019 3372 absumus,
3048 3306 3175 3377 quia
3211 3305 3418 3376 absque
3448 3303 3585 3359 deli-

2002 3413 2090 3461 cto
2140 3417 2249 3458 non
2294 3400 2532 3456 vivimus
2565 3417 2579 3455 :
2609 3399 2694 3455 cui
2740 3398 2964 3454 dubium
3015 3412 3136 3454 esse
3183 3407 3393 3468 potest,
3453 3396 3586 3467 quin

2004 3496 2241 3554 Verbum
2287 3496 2626 3550 incarnatum
2661 3491 2803 3546 Deus
2847 3489 2958 3546 sit?
2993 3504 3117 3544 nam
3158 3498 3443 3560 peccatum
3479 3503 3586 3541 non

2003 3592 2153 3649 fecit.
2322 3590 2323 3593 “

2081 3702 2099 3735 ι
2126 3682 2325 3754 Legem
2361 3697 2490 3751 ergo
2528 3683 2860 3735 destruimus
2900 3691 2995 3748 per
3034 3673 3234 3730 ﬁdem?
3259 3673 3445 3729 Absit!
3494 3675 3591 3727 sed

2003 3775 2178 3846 legem
2241 3771 2621 3829 statuimus".
2655 3789 2675 3823 ι
2737 3769 2847 3824 Lex
2899 3766 3135 3823 Mosaica
3196 3767 3370 3821 Deum
3424 3781 3590 3820 unum

2002 3866 2339 3922 adorandum
2375 3878 2496 3919 esse
2532 3861 2737 3918 docuit.
2768 3861 2860 3916 Ait
2884 3861 3029 3916 enim
3061 3878 3075 3915 :
3109 3876 3128 3912 ι
3160 3859 3424 3915 Dominus
3446 3857 3592 3913 Deus

2005 3966 2130 4012 tuus
2150 3954 2338 4020 Israel,
2363 3954 2508 4009 Deus
2544 3968 2687 4008 unus
2715 3960 2799 4007 est
2817 3952 2898 4018 ";
2930 3969 2948 4003 ι
2985 3959 3040 4005 et
3066 3949 3182 4019 ipse
3209 3963 3427 4019 quoque
3446 3946 3594 4004 Dens

2001 4048 2222 4104 eosdem
2251 4046 2355 4102 hac
2383 4045 2635 4122 oratione
2665 4042 3030 4112 compellabat
3055 4059 3069 4096 :
3100 4059 3119 4093 ι
3147 4038 3266 4095 Non
3300 4047 3463 4096 erunt
3491 4039 3592 4094 tibi

2004 4140 2078 4195 dii
2128 4139 2219 4193 alii
2272 4146 2470 4209 prteter
2507 4150 2594 4191 me
2616 4134 2684 4189 ".
2720 4154 2740 4188 ι
2780 4133 3033 4203 Nunquid
3085 4133 3250 4204 igitur
3294 4133 3429 4190 ﬁdes
3469 4148 3593 4205 qtne

2003 4241 2090 4289 est
2124 4233 2180 4287 in
2215 4230 2516 4295 Christum,
2559 4242 2654 4284 cos
2684 4227 2778 4299 qui
2825 4241 2924 4297 per
2969 4241 3087 4282 eam
3122 4226 3301 4282 vocati
3336 4232 3481 4292 sunt,
3524 4241 3613 4281 οοι

2005 4324 2303 4389 transtulit,
2339 4331 2400 4378 ut
2442 4336 2607 4376 unum
2647 4320 2945 4376 secundum
2978 4328 3227 4374 naturam
3269 4317 3439 4375 Deum
3481 4334 3591 4374 ncn

2008 4417 2276 4475 adorent?
2312 4417 2562 4487 legemne
2590 4428 2722 4484 ergo
2765 4412 3126 4476 destruimus,
3168 4426 3293 4483 qua:
3324 4412 3391 4466 ad
3423 4427 3591 4466 unum

2008 4524 2196 4565 verum
2213 4508 2382 4564 Deum
2410 4521 2510 4564 nos
2527 4505 2699 4561 ducit?
2737 4523 2754 4556 ι
2782 4504 2972 4559 Absit!
3008 4503 3185 4575 inquit
3216 4502 3306 4558 ille
3335 4521 3350 4558 :
3378 4502 3473 4559 sed
3509 4503 3592 4557 lc—

2011 4617 2133 4673 gem
2161 4602 2477 4658 statuimus.
2503 4618 2523 4652 »
2558 4598 2914 4668 Adjungintus
2937 4611 3067 4666 ergo
3099 4611 3198 4652 nos
3218 4595 3438 4652 Christo
3475 4604 3594 4651 tan-

2013 4712 2179 4766 quam
2209 4710 2338 4751 vero
2366 4694 2497 4759 Deo,
2536 4707 2608 4748 ne
2638 4690 2848 4746 violatae
2891 4690 3027 4762 legis
3060 4689 3465 4757 insimulemur,
3498 4692 3597 4747 sed

2012 4788 2479 4852 commendemur,
2514 4785 2689 4856 utqui
2726 4783 2898 4851 legem
2935 4796 3030 4852 per
3062 4781 3221 4837 ﬁdem
3266 4790 3596 4841 statuamus.

3170 4902 3183 4925 κ
3407 4919 3420 4931 ι

2084 4971 2196 5042 58
2225 4969 2291 5025 Et
2342 4968 2411 5023 de
2461 4946 2736 5021 Abraham
2764 4956 3018 5020 scribit:
3055 4981 3074 5015 ι
3105 4961 3248 5019 Ante
3301 4962 3468 5021 Deum
3513 4966 3599 5022 cui

2013 5064 2264 5141 credidit,
2292 5062 2384 5131 qui
2415 5058 2656 5114 viviﬁcat
2684 5067 2948 5123 mortuos,
2981 5069 3037 5113 et
3063 5067 3222 5114 vocat
3252 5071 3315 5112 ea
3340 5073 3458 5128 qua
3488 5074 3599 5113 non

2015 5166 2164 5219 sunt,
2210 5164 2467 5222 tanquam
2513 5164 2577 5205 ea
2619 5165 2741 5219 qua
2777 5150 2994 5205 sunt".
3027 5168 3046 5202 ι
3100 5150 3233 5204 Cum
3268 5149 3432 5219 igitur
3456 5165 3602 5204 mor—
3642 5180 3651 5187 ι

2018 5259 2141 5303 tuos
2168 5245 2293 5299 vita;
2336 5245 2629 5298 restituere
2659 5257 2819 5312 posse
2863 5242 2917 5298 in
2955 5241 3161 5297 nullum
3210 5241 3374 5296 alium
3402 5255 3602 5297 conre-

2023 5337 2158 5400 niat,
2206 5334 2307 5389 nisi
2345 5334 2398 5388 in
2442 5332 2620 5388 solum
2665 5333 2971 5389 naturalem
3004 5330 3602 5401 Deum;Christusqne

2721 5515 2930 5573 “.ibid.
2958 5517 3045 5573 5|.

2272 5517 2316 5549 "
2348 5517 2480 5574 ibid.
2517 5517 2606 5573 25.
2721 5517 2930 5573 “.ibid.
2958 5517 3045 5573 5|.
3152 5518 3196 5550 ⁹⁶
3233 5519 3387 5576 Deut.
3420 5534 3492 5586 νι,
3544 5519 3599 5575 4.

1417 5737 1591 5796 Variae
1619 5739 1879 5799 lectiones
1909 5741 2110 5800 codicis
2138 5741 2499 5814 Seguieriani.

403 5872 443 5909 ι·
476 5868 561 5925 tor.
594 5867 715 5941 τῆς.

620 6048 627 6055 ι
659 5963 933 6028 Ριιτιιοι..
980 5958 1098 6027 (in.
1146 5962 1436 6028 LXXVI.

3239 5970 3322 6040 39
