4060 6416
519 411 534 459 i
561 409 648 460 1‘37

1540 400 1595 452 S.
1639 396 1910 451 CVRILLI
1957 396 2422 453 ALEXANDRINI
2465 399 2785 455 ARCHIEP.

3637 403 3776 458 12-28

517 534 745 588 pt'ttprlte
773 518 952 570 carnis
987 525 1238 570 contactu
1273 530 1366 570 eos
1395 515 1630 568 viviﬁcet
1657 528 1720 568 ac
1756 529 1822 567 ex
1864 511 2081 566 mortuis

2195 515 2288 566 καὶ
2338 515 2426 567 διὰ
2471 513 2570 583 τῆς
2623 515 2759 578 ιδίας
2809 514 3009 585 σαρκὸς
3061 516 3181 578 τοὺς
3247 513 3723 586 κατεφθαρμένους
3755 548 3774 577 .

514 613 734 670 excitet,
761 609 851 677 qui
894 617 1068 662 morte
1098 607 1367 676 absumpti
1393 605 1606 660 fuerant
1643 623 1656 658 :
1681 604 1954 676 quomodo
1982 619 2088 658 non

515 713 598 755 est
642 715 808 756 verus
859 699 1021 763 Deus,
1059 699 1293 752 maxime
1343 710 1473 750 vero
1526 709 1648 748 cum
1702 694 1838 748 alios
1878 707 2091 762 quoque

517 796 627 861 ipse
655 807 716 845 ea
750 799 1013 859 potestate
1043 789 1286 849 donarit,
1325 796 1379 840 ut
1419 786 1471 839 in
1520 784 1738 839 nomine
1772 783 1946 854 ipsius
1981 783 2088 837 vita

522 885 737 938 functos
767 885 819 937 in
854 884 1025 936 lucem
1059 894 1315 936 revocare
1349 875 1608 947 possent?

587 995 604 1028 ι
643 977 852 1045 Itaque,
886 974 1080 1029 fratres
1112 973 1236 1035 mei,
1272 981 1324 1025 et
1352 985 1447 1024 vos
1485 968 1791 1023 mortiﬁcati
1825 967 1958 1022 estis
1985 966 2086 1036 legi

515 1085 610 1140 per
645 1083 841 1138 corpus
874 1066 1099 1129 Christi,
1136 1076 1191 1118 ut
1222 1065 1340 1118 sitis
1369 1063 1615 1124 alterius,
1645 1059 1735 1130 qui
1764 1075 1830 1113 ex
1859 1059 2088 1113 mortuis

513 1160 835 1226 resurrexit,
881 1168 933 1212 ut
974 1158 1362 1211 l'ructilicemus
1396 1153 1504 1208 Deo
1526 1154 1596 1205 ”.
1629 1169 1648 1203 ι
1700 1150 2088 1205 Mortificamur

513 1253 638 1321 legi,
668 1251 883 1320 quando
913 1250 981 1304 ab
1020 1248 1162 1302 illius
1192 1247 1454 1301 servitute
1475 1254 1530 1298 et
1559 1243 1704 1297 cultu
1739 1241 2084 1307 desistimus;

511 1344 786 1398 evadimus
814 1351 990 1394 autem
1017 1339 1195 1404 alteri,
1227 1340 1327 1392 hoc
1357 1347 1442 1391 cst
1469 1336 1706 1400 Christo,
1726 1333 1814 1403 qui
1849 1348 1915 1387 ex
1942 1346 2088 1386 mor-

515 1433 619 1486 tuis
646 1431 968 1493 resurrexit,
997 1429 1240 1491 obnoxii,
1281 1427 1404 1480 dum
1439 1435 1496 1478 ut
1533 1424 1923 1478 fructiﬁeemus
1952 1424 2081 1483 Deo,

509 1523 746 1578 oraculis
789 1521 1112 1591 evangelieis
1163 1521 1230 1575 ab
1262 1520 1381 1588 ipso
1428 1518 1589 1572 editis
1638 1530 1840 1570 morem
1900 1529 2086 1584 gerere

509 1616 668 1669 enixe
693 1613 1092 1669 contendimus.
1137 1614 1205 1664 At
1246 1624 1376 1664 vero
1403 1623 1612 1662 summa
1639 1616 1691 1662 et
1725 1613 1887 1674 caput
1920 1619 2085 1658 evan-

511 1707 802 1775 gelicorum
858 1713 1248 1774 praceptorum
1298 1709 1384 1756 est
1435 1700 1568 1754 lides
1625 1699 1678 1752 in
1737 1699 1933 1767 ipsum.
1988 1695 2085 1750 Hic

510 1795 652 1849 enim
680 1803 866 1849 noster
884 1801 966 1847 est
993 1793 1222 1856 fructus,
1244 1805 1403 1860 quem
1422 1789 1659 1852 Christo,
1676 1797 1929 1856 tanquam
1953 1786 2082 1850 Deo,

510 1884 786 1940 oﬂerimus
817 1904 829 1939 :
861 1897 990 1952 ergo
1037 1883 1128 1951 qtti
1175 1897 1239 1936 ex
1291 1880 1521 1935 mortuis
1573 1878 1895 1942 resurrexit,
1940 1876 2085 1931 Deus

508 1973 745 2038 exsistit,
782 1973 927 2042 quod
962 1971 1194 2026 Verbum
1227 1983 1357 2024 caro
1390 1967 1472 2021 sit.
1495 1965 1718 2020 factum.

585 2085 602 2117 ι
634 2064 733 2130 Qui
764 2073 942 2116 autem
971 2062 1023 2114 in
1055 2074 1221 2114 carne
1253 2070 1400 2124 sunt,
1439 2057 1546 2110 Deo
1569 2057 1785 2126 placere
1817 2069 1922 2108 non
1959 2067 2084 2122 pos-

509 2165 652 2210 sunt.
679 2155 788 2209 Vos
811 2163 990 2208 autem
1021 2153 1072 2206 in
1113 2165 1279 2205 carne.
1322 2164 1426 2203 non
1456 2150 1610 2214 estis,
1645 2149 1737 2201 sed
1777 2148 1826 2200 in
1857 2145 2082 2215 spiritu;

510 2249 552 2300 si
584 2257 760 2300 tamen
793 2243 1026 2314 Spiritus
1069 2243 1158 2296 Dei
1191 2241 1398 2296 habitat
1436 2240 1488 2292 in
1532 2239 1702 2292 vobis.
1740 2235 1796 2289 Si
1832 2237 1953 2304 quis
1988 2250 2083 2288 au-

423 2376 428 2380 .
512 2348 616 2392 tem
648 2335 851 2390 Christi
887 2334 1137 2402 spiritum
1186 2347 1293 2386 non
1339 2331 1523 2395 habet,
1556 2329 1643 2383 hic
1684 2343 1790 2382 non
1822 2337 1906 2382 est
1949 2327 2083 2394 ejus.

509 2429 565 2478 Si
624 2437 804 2480 autem
854 2425 1102 2480 Christus
1144 2423 1197 2476 in
1257 2423 1408 2476 vobis
1462 2429 1566 2484 est,
1615 2433 1816 2488 corpus
1868 2418 2084 2480 quidem

510 2531 781 2572 Itturtttuttt
831 2525 914 2569 est
946 2524 1166 2585 prepter
1198 2521 1502 2582 peccatum,
1545 2509 1772 2579 spiritus
1812 2523 1942 2562 vero
1975 2509 2085 2562 vita

509 2602 1214 2674 propterjustilicatiouem.
1247 2599 1403 2665 Quod
1453 2597 1496 2651 si
1535 2594 1772 2665 Spiritus
1816 2593 1952 2661 ejus,
1994 2593 2084 2661 qui

508 2698 784 2752 suscitavit
817 2695 1000 2750 Jcsum
1034 2693 1309 2748 Christum
1357 2705 1428 2746 ex
1477 2688 1728 2754 mortuis,
1779 2686 1988 2742 habitat
2029 2686 2083 2739 in

510 2791 700 2842 vobis:
731 2787 821 2858 qui
871 2785 1155 2840 suscitavit
1181 2782 1366 2837 Jesum
1420 2780 1695 2836 Christum
1745 2794 1776 2832 a
1831 2778 2080 2844 mortuis,

511 2879 800 2935 vivilicabit
827 2889 880 2932 et
909 2875 1154 2931 mortalia
1187 2887 1415 2942 corpora
1447 2879 1651 2932 vestra,
1680 2878 1898 2939 propter
1923 2869 2078 2922 inha-

2194 605 2495 673 ἁπτόμενος
2525 604 2634 657 τῶν
2659 605 2886 675 νεκρῶν,
2925 607 3018 658 καὶ
3047 605 3268 669 ἀνιστὰς
3301 605 3497 668 αὐτούς
3522 623 3534 637 ο
3569 605 3686 667 πῶς
3713 606 3775 656 οῦ

2191 692 2323 755 Θεὸς
2342 693 2645 763 ἀληθινὸς,ό
2661 694 2784 756 δοὺς
2805 695 2898 747 καὶ
2921 695 3127 765 ἑτέροις
3148 695 3393 760 ἐξουσίαν
3412 696 3533 758 τοὺς
3549 696 3776 766 νεκροὺς

2191 781 2428 851 ἐγείρειν
2461 783 2549 835 διὰ
2578 784 2672 836 τοῦ
2706 783 2968 854 ὀνόματος
3000 784 3196 848 abaci;

2267 963 2483 1025 ι”Ωστε,
2518 961 2739 1032 ἀδελφοί
2769 982 2890 1034 μου,
2923 966 3016 1018 καὶ
3063 966 3221 1034 ὑμεῖς
3269 962 3650 1033 ἐθανατώθητε
3695 962 3776 1034 τῷ

2189 1053 2338 1123 νόμῳ
2365 1054 2453 1108 διὰ
2485 1054 2577 1106 τοῦ
2615 1056 2868 1125 σώματος
2892 1056 2986 1108 τοῦ
3015 1053 3273 1126 Χριστοῦ,
3304 1057 3383 1118 είς
3423 1054 3484 1108 τὸ
3519 1054 3774 1124 γενέσθαι

2191 1143 2333 1212 ὑμᾶς
2354 1143 2524 1213 ἐτέρῳ
2553 1143 2628 1212 τῷ
2649 1145 2713 1197 ἐκ
2735 1144 2948 1214 νεκρῶν
2975 1144 3274 1214 ἐγερθέντι,
3309 1145 3394 1196 ἵνα
3424 1146 3776 1215 καρποφορή-

2193 1253 2372 1305 σωμεν
2405 1235 2482 1305 τῷ
2519 1235 2655 1306 Θεῷ.
2690 1254 2707 1286 ι
2751 1236 3142 1305 Θανατοῦμεθα
3173 1235 3252 1305 τῷ
3279 1238 3451 1306 νόμῳ,
3497 1237 3598 1305 τῆς
3641 1236 3776 1289 καί-οι⁹

2189 1324 2351 1376 αὐτὸν
2375 1325 2628 1395 λατρείας
2657 1325 3063 1394 ἁποπαυόμενοι
3083 1341 3096 1353 °
3128 1324 3392 1394 γινόμεθα
3421 1325 3478 1379 δὲ
3504 1326 3677 1397 ἑτέρῳ
3698 1325 3776 1396 τῷ

2186 1416 2250 1466 ἐκ
2287 1415 2495 1484 νεκρῶν
2535 1415 2834 1486 ἐγερθέντι,
2867 1415 3113 1468 τουτέστι
3165 1415 3408 1486 Χριστῷ,
3439 1419 3552 1480 τοῖς
3606 1414 3774 1470 αὑτοῦ

2186 1506 2553 1577 θεσπίσμασιν
2585 1508 2959 1575 εὐαγγελικοῖς
2987 1507 3411 1560 κατακολουθεῖν
3438 1508 3770 1572 σπουδάζον-

2185 1613 2296 1660 τες,
2331 1597 2416 1664 ῖνα
2468 1598 2983 1666 καρποφορήσωμεν
3036 1595 3115 1666 τῷ
3169 1595 3309 1666 Θεῷ.
3355 1598 3666 1666 Κεφάλαιον
3717 1599 3774 1652 δέ

2186 1689 2293 1740 τῶν
2325 1688 2694 1756 εὐαγγελικῶν
2731 1688 3118 1758 θεσπισμάτων
3144 1689 3176 1759 ὴ
3209 1689 3389 1752 πίστις
3424 1691 3456 1760 ή
3487 1693 3566 1754 είς
3587 1691 3770 1746 αὐτόν.

2187 1779 2298 1832 Καὶ
2346 1771 2503 1842 οὗτος
2538 1777 2696 1848 ήμῶν
2741 1780 2769 1831 6
2803 1778 3033 1849 καρπὸς,
3065 1783 3141 1842 ὡς
3184 1778 3326 1849 Θεῷ,
3362 1781 3774 1850 προσαγόμενος

2187 1867 2266 1938 τῷ
2289 1867 2530 1938 Χριστῷ.
2565 1868 2695 1930 Θεὸς
2717 1863 2810 1921 οὖν
2834 1869 2941 1938 ἄρα
2962 1868 3109 1921 ἐστὶν
3132 1870 3160 1922 6
3187 1869 3249 1921 ἐκ
3271 1869 3484 1940 νεκρῶν
3508 1871 3770 1936 ἀναστὰς,

2186 1959 2261 2023 ὡς
2303 1961 2504 2030 σαρκὸς
2534 1960 2819 2028 γεγονότος
2841 1959 2936 2012 τοῦ
2971 1960 3174 2028 Λόγου.

2263 2071 2282 2102 ι
2313 2053 2375 2104 0i
2422 2051 2478 2103 δέ
2523 2052 2580 2104 ἐν
2629 2050 2794 2122 σαρκὶ
2822 2050 2994 2116 ὄντες,
3027 2051 3146 2122 Θεῷ
3180 2052 3376 2123 ἀρέσαι
3405 2054 3463 2106 οὐ
3493 2053 3768 2108 δύνανται,

2199 2142 2387 2208 Ὑμεῖς
2410 2141 2465 2194 δὲ
2491 2142 2590 2194 οὐκ
2619 2141 2744 2194 ἐστὲ
2776 2144 2834 2194 ἐν
2863 2141 3048 2212 σαρκὶ,
3074 2142 3187 2194 ἀλλ’
3213 2145 3270 2196 ἐν
3298 2143 3587 2214 πνεύματι,
3614 2144 3771 2215 εἴπερ

2190 2235 2414 2304 Πνεῦμα
2453 2233 2588 2287 Θεοῦ
2621 2236 2762 2286 οἰκεῖ
2804 2235 2861 2287 ἐν
2894 2235 3042 2304 ὑμῖν.
3090 2234 3152 2286 Ei
3182 2234 3238 2286 δέ
3270 2252 3353 2297 τις
3387 2234 3608 2304 πνεῦμα
3640 2236 3772 2306 Χρι-

2190 2325 2316 2378 στοῦ
2344 2325 2443 2377 οῦκ
2478 2325 2611 2395 ἔχει,
2645 2317 2800 2388 οὗτος
2828 2325 2926 2377 οὐκ
2962 2324 3108 2377 ἐστιν
3137 2323 3322 2378 αὐτοῦ.
3355 2325 3417 2376 Ei
3449 2325 3506 2377 δὲ
3537 2325 3770 2395 Χριστὸς

2188 2419 2246 2469 ἐν
2296 2417 2445 2485 ὑμῖν,
2476 2417 2538 2468 τὸ
2585 2415 2684 2485 μὲν
2730 2413 2888 2484 σῶμα
2937 2415 3130 2486 νεκρὸν
3176 2415 3242 2467 δι’
3281 2415 3574 2486 ἁμαρτίαν,
3608 2415 3668 2468 τὸ
3713 2415 3770 2467 δέ

2187 2506 2406 2576 πνεῦμα
2454 2506 2568 2574 ζωὴ
2617 2505 2706 2557 διὰ
2741 2505 3110 2575 δικαιοσύνην.
3149 2506 3210 2558 Εἰ
3239 2505 3294 2558 δὲ
3325 2505 3385 2557 τὸ
3422 2504 3646 2576 Πνεῦμα
3675 2505 3768 2558 τοῦ

2186 2597 2498 2669 ἐγείραντος
2547 2597 2638 2649 τὸν
2674 2595 2880 2667 Ἰησοῦν
2933 2599 2996 2649 ἐκ
3042 2597 3252 2666 νεκρῶν
3298 2599 3439 2650 οίκεῖ
3471 2598 3529 2649 ἐν
3561 2599 3706 2667 ὑμῖν,
3739 2597 3770 2648 6

2185 2688 2404 2758 ἐγείρας
2436 2689 2499 2740 ἐκ
2531 2687 2740 2759 νεκρῶν
2766 2689 2999 2759 Χριστὸν
3041 2687 3270 2758 Ἰησοῦν,
3306 2689 3634 2758 ζωοποιήσει
3674 2692 3769 2741 καὶ

2184 2780 2251 2834 τὰ
2295 2779 2464 2850 θνητὰ
2513 2778 2742 2849 σώματα
2776 2780 2930 2847 ὑμῶν
2979 2779 3066 2832 διὰ
3117 2779 3210 2832 τοῦ
3242 2779 3576 2842 ἐνοικοῦντος
3602 2781 3767 2845 αὐτοῦ

2185 2872 2507 2942 Πνεῦματος
2533 2873 2589 2924 ἐν
2614 2873 2764 2942 ὑμῖν.
2799 2890 2816 2922 ι
2840 2871 2969 2924 Ἰδοὺ
2998 2871 3061 2941 δὴ
3090 2871 3274 2938 σαφῶς
3302 2870 3361 2922 τὸ
3381 2869 3514 2923 Θεοῦ
3543 2868 3769 2939 Πνεῦμα

510 2973 764 3024 bitautem
799 2967 1062 3034 Spiritum
1096 2966 1210 3032 ejus
1239 2963 1290 3016 in
1329 2961 1480 3016 vobis
1504 2961 1544 3012 ί.
1580 2979 1597 3011 ι
1637 2958 1715 3012 En
1753 2958 1843 3012 hic
1877 2957 2079 3012 Christi

2187 2962 2398 3032 λέγεται
2453 2962 2546 3016 τοῦ
2597 2962 2858 3034 Χριστοῦ.
2897 2963 3036 3016 Ἀλλ’
3085 2962 3242 3032 εἴπερ
3289 2962 3436 3016 ἐστὶν
3483 2963 3770 3032 ἄνθρωπος

510 3061 766 3129 Spiritus,
809 3057 901 3112 Dei
937 3056 1173 3124 Spiritus
1205 3067 1328 3108 esse
1374 3053 1576 3106 diserte
1607 3050 1892 3104 asseritur.
1937 3050 1999 3102 At
2036 3049 2079 3102 si

508 3152 759 3205 Christus
787 3163 880 3217 per
900 3161 958 3201 se
987 3155 1040 3200 et
1069 3142 1364 3199 secundum
1397 3156 1454 3195 se
1481 3140 1624 3194 aliud
1655 3139 1789 3193 nihil
1811 3149 1892 3193 est
1919 3154 2078 3205 quam

508 3243 688 3303 homo,
720 3238 953 3293 Verbum
997 3234 1090 3289 Dei
1131 3233 1396 3302 hospitem
1438 3231 1610 3284 solum
1656 3230 1706 3284 itt
1759 3243 1818 3283 se
1852 3228 2076 3289 habens,

507 3329 779 3395 quomodo
806 3327 1022 3380 divinus
1055 3323 1145 3379 ille
1182 3323 1420 3392 Spiritus
1449 3335 1569 3374 esse
1602 3319 1717 3388 ejus
1739 3319 1971 3373 dicitur?
2002 3328 2085 3371 est

509 3432 688 3474 autem
738 3419 826 3472 hic
867 3417 1102 3487 Spiritus
1140 3415 1281 3469 illius
1313 3413 1586 3483 preprius.
1630 3410 1771 3464 Deus
1814 3418 2082 3476 estergo,

509 3526 606 3564 nec
650 3509 810 3562 aliter
853 3523 939 3560 res
971 3506 1154 3560 habet.
1188 3502 1297 3556 Nec
1324 3501 1467 3555 enim
1507 3499 1742 3555 Verbum
1783 3498 1878 3553 Dei
1909 3498 1961 3551 in
1993 3497 2086 3553 lto-

509 3604 653 3655 mine
702 3598 1057 3664 inhabitavil,
1110 3596 1203 3652 sed
1259 3597 1539 3649 divinitate
1585 3594 1796 3664 integre
1845 3603 2082 3658 retenta,

508 3692 671 3743 homo
711 3702 836 3741 vere
887 3684 1089 3738 factum
1126 3694 1209 3738 est
1240 3702 1251 3736 :
1283 3693 1444 3751 atque
1491 3685 1591 3737 hac
1636 3682 1866 3748 ratione,
1909 3681 2087 3738 Patris

511 3780 768 3850 Spiritus,
795 3777 992 3832 Christi
1019 3791 1233 3846 quoque
1256 3774 1490 3844 Spiritus
1515 3774 1872 3845 intellligitur.

585 3893 601 3924 ι
623 3872 940 3943 Quicunque
960 3871 1100 3926 enim
1129 3870 1330 3940 Spiritu
1358 3867 1447 3922 Dei
1486 3877 1742 3939 aguntur,
1762 3867 1796 3921 ii
1837 3877 1965 3922 sunt
1990 3866 2082 3921 lilii

509 3967 621 4020 Dei.
641 3962 756 4016 Non
771 3964 914 4018 enim
939 3962 1222 4030 accepistis
1241 3961 1484 4029 spiritum
1509 3957 1785 4014 servitutis
1807 3957 2001 4011 iterum
2028 3956 2081 4010 in

511 4059 723 4119 timore,
755 4055 846 4109 sed
877 4053 1160 4121 accepistis
1195 4052 1443 4120 spiritum
1481 4051 1786 4120 adoptionis
1811 4050 2042 4104 ﬁliorum
2065 4090 2078 4114 ,

507 4145 614 4216 59
639 4147 688 4199 in
719 4161 824 4213 quo
850 4145 1170 4207 clamamus,
1201 4142 1348 4196 Abba
1377 4184 1390 4208 ,
1418 4142 1575 4197 l’ater
1596 4144 1650 4209 ’;
1683 4162 1700 4196 ι
1745 4151 1799 4198 et
1824 4143 1928 4197 alio
1961 4157 2081 4195 rur-

507 4252 625 4287 sunt
669 4235 787 4288 loco
817 4235 1007 4288 beatus
1055 4234 1254 4288 Paulus
1287 4252 1299 4288 :
1337 4251 1354 4283 t
1387 4233 1675 4300 Quoniam,
1726 4235 1918 4304 inquit,
1949 4233 2081 4286 estis

510 4328 624 4390 lilii,
657 4327 805 4379 misit
839 4326 978 4380 Deus
1020 4326 1280 4395 Spiritum
1313 4325 1433 4378 Filii
1468 4326 1547 4378 sui
1589 4326 1639 4378 in
1673 4325 1835 4378 corda
1873 4333 2077 4388 vestra,

506 4420 851 4492 clamantem,
881 4417 1052 4482 Abba,
1086 4414 1246 4468 Pater
1269 4416 1308 4469 '.
1344 4432 1361 4465 ι
1389 4414 1445 4468 Si
1495 4415 1657 4484 igitur
1687 4429 1781 4482 per
1810 4412 1930 4466 Filii
1958 4413 2079 4480 Spi-

2187 3054 2369 3117 ῖδικῶς
2414 3055 2509 3107 καὶ⁷
2544 3054 2646 3106 ἀνὰ
2696 3054 2861 3124 μέρος
2909 3053 3182 3124 κείμενος,
3214 3053 3576 3124 κατῳκηκότα
3606 3054 3768 3123 μόνον

2188 3147 2244 3196 ἐν
2265 3146 2414 3216 αὑτῷ
2439 3146 2530 3199 τὸν
2552 3146 2644 3199 τοῦ
2668 3146 2801 3199 Θεοῦ
2829 3145 3002 3212 Λόγου
3031 3145 3190 3215 ἔχων,
3218 3144 3334 3209 πῶς
3368 3145 3530 3199 αὐτοῦ
3548 3145 3607 3198 τὸ
3626 3144 3769 3198 θεῖον

2186 3235 2402 3304 λέγεται
2439 3237 2696 3308 Πνεῦμα;
2725 3237 2859 3291 ἀλλὰ
2899 3237 3003 3308 μὴν
3040 3237 3170 3290 [διον
3215 3235 3377 3289 αὐτοῦ
3430 3235 3491 3289 τὸ
3539 3234 3770 3304 Πνεῦμά

2184 3328 2328 3381 ἐστι’
2360 3328 2491 3392 Θεὸς
2521 3331 2650 3400 ἄρα,
2673 3329 2768 3384 καὶ
2793 3331 2890 3400 οὐχ
2921 3329 3141 3400 ἑτέρως.
3178 3328 3252 3382 Οὐ
3281 3329 3391 3400 γὰρ
3414 3328 3470 3381 ἐν
3495 3326 3768 3400 ἀνθρώπῳ

2184 3419 2407 3488 γέγονεν
2441 3423 2469 3474 6
2510 3421 2603 3474 τοῦ
2650 3421 2786 3475 Θεοῦ
2821 3422 3013 3488 Λόγος,
3046 3420 3182 3474 ἀλλὰ
3225 3420 3450 3489 γέγονεν
3482 3420 3768 3492 ἄνθρωπος

2184 3509 2421 3578 ἀληθῶς,
2462 3509 2602 3579 μετὰ
2641 3510 2734 3563 τοῦ
2780 3513 2960 3580 μεῖναι
2989 3510 3140 3573 Θεός.
3175 3509 3332 3564 Οῦτω
3359 3511 3469 3583 γὰρ
3499 3511 3564 3565 ἂν
3595 3514 3770 3566 νοοῖτο

2187 3603 2422 3670 Χριστοῦ
2456 3603 2516 3655 τὸ
2543 3603 2766 3672 Πνεῦμα
2796 3602 3065 3672 ὑπάρχειν
3093 3602 3155 3655 τὸ
3183 3600 3276 3655 τοῦ
3302 3601 3536 3674 Πατρός.

2262 3865 2446 3917 «Ὅσοι
2494 3865 2602 3934 γὰρ
2642 3863 2917 3934 Πνεῦματι
2959 3865 3095 3919 Θεοῦ
3142 3866 3389 3935 ἄγονται,
3435 3858 3580 3919 οῦτοί
3609 3867 3768 3919 ἐἰσιν

2187 3957 2292 4007 υἱοὶ
2313 3955 2470 4008 Θεοῦ.
2498 3955 2572 4007 Οὐ
2603 3956 2711 4026 γὰρ
2741 3956 2964 4010 ἐλάϐετε
2991 3956 3208 4028 πνεῦμα
3226 3958 3467 4021 δουλείας
3493 3958 3656 4010 πάλιν
3685 3961 3768 4020 είς

2185 4046 2370 4114 φόϐον,
2409 4045 2523 4099 ἀλλ’
2549 4047 2768 4101 ἐλάϐετε
2803 4049 3021 4119 πνεῦμα
3064 4049 3354 4112 υἱοθεσίας,
3392 4051 3450 4103 ἐν
3487 4043 3531 4116 ᾧ
3561 4050 3766 4121 κράζο-

2187 4154 2306 4208 μεν,
2325 4137 2514 4202 ’Λϐϐᾶ,
2533 4141 2560 4191 6
2597 4139 2808 4210 Πατήρ.
2837 4158 2854 4190 ι
2877 4139 2933 4193 ὐ
2968 4141 3238 4212 μακάριος
3279 4141 3476 4212 γράφει
3507 4141 3722 4205 Παῦλος
3747 4157 3763 4173 ⁸

2189 4229 2341 4280 ιὍτι
2375 4228 2430 4280 δέ
2463 4229 2585 4282 ἐστε
2615 4230 2743 4295 υἱοὶ,
2779 4229 3162 4294 ἐξαπέστειλεν
3205 4232 3234 4282 6
3279 4232 3412 4294 Θεὸς
3448 4230 3506 4284 τὸ
3537 4232 3768 4301 Πνεῦμα

2181 4318 2274 4372 τοῦ
2299 4319 2426 4372 Υίοῦ
2464 4319 2626 4373 αὑτοῦ
2659 4323 2738 4383 είς
2765 4322 2864 4384 τὰς
2890 4322 3116 4391 καρδίας
3147 4321 3557 4394 ὑμῶν,κράζον.
3575 4324 3764 4389 Ἀϐϐᾶ,

2179 4415 2208 4466 6
2245 4414 2452 4483 Πατήρ.
2489 4432 2507 4465 ι
2547 4413 2756 4466 Οὐκοῦν
2789 4415 2836 4465 εί
2872 4414 2928 4465 ἐν
2951 4411 3227 4482 Πνεῦματι
3259 4412 3352 4466 τοῦ
3381 4412 3510 4466 Υίοῦ
3543 4415 3766 4485 παρρη-

507 4509 670 4561 ritum
729 4505 977 4559 ﬁduciam
1047 4505 1225 4566 nacti,
1295 4504 1514 4558 Patrem
1576 4517 1774 4557 vocare
1821 4503 2079 4556 audemus

2187 4504 2306 4558 σίαν
2349 4505 2544 4576 ἔχομεν
2586 4506 2806 4576 Πατέρα
2841 4505 3023 4558 καλεῖν
3048 4506 3140 4558 τὸν
3166 4504 3321 4567 Θεὸν,
3351 4505 3428 4570 ὡς
3477 4505 3572 4558 τοῦ
3620 4508 3767 4562 κατὰ

507 4599 695 4660 Deum,
733 4608 989 4667 tauquam
1023 4597 1113 4664 qui
1163 4596 1429 4648 naturalis
1459 4593 1681 4660 verique
1709 4591 1834 4646 Filii
1873 4591 2076 4658 Spirittt

506 4693 674 4745 simus
701 4689 1011 4758 locupletati
1039 4705 1050 4740 :
1090 4687 1360 4756 quomodo
1379 4686 1629 4739 Christus
1665 4699 1771 4738 non
1797 4693 1880 4737 est
1913 4683 2073 4746 Deus,

473 4795 478 4802 '
509 4798 612 4836 non
648 4791 854 4834 tantum
882 4789 1146 4848 quatenus
1161 4777 1352 4832 similis
1371 4777 1526 4830 nobis
1545 4777 1708 4830 homo
1736 4775 2077 4844 intelligitur,

507 4873 600 4927 sed
631 4883 897 4940 quatenus
937 4867 1164 4924 Verbum
1193 4871 1390 4932 factum
1424 4877 1503 4923 est
1539 4883 1685 4932 caro,
1711 4881 1884 4937 neque
1923 4880 2079 4921 secus

506 4979 569 5018 ac
599 4977 698 5016 nos
728 4962 910 5015 carnis
938 4969 990 5014 et
1021 4961 1296 5029 sanguinis
1323 4961 1590 5030 particeps
1623 4959 1874 5013 elfectum
1905 4958 2026 5013 est?

581 5070 602 5104 ι
638 5051 768 5117 Quis
803 5068 900 5104 nos
931 5053 1205 5120 separabit
1232 5067 1259 5103 a
1292 5052 1558 5104 charitate
1587 5049 1834 5104 Christi?
1861 5047 2081 5102 tribula-

506 5146 583 5199 tio
609 5184 624 5209 ,
675 5160 740 5197 an
774 5143 1021 5213 angustia
1045 5182 1058 5206 ,
1094 5159 1158 5196 an
1204 5142 1406 5207 fames,
1441 5159 1508 5195 an
1551 5142 1765 5196 nuditas
1788 5185 1801 5205 ,
1832 5155 1898 5192 an
1933 5140 2078 5208 peri-

506 5237 729 5299 culum,
781 5251 845 5288 an
893 5235 1230 5303 persecutio,
1279 5249 1346 5286 an
1393 5231 1702 5302 gladius"?
1732 5252 1750 5282 ι
1809 5231 1916 5284 Lex
1969 5229 2079 5283 Mo-

505 5330 652 5381 saica
695 5329 835 5380 inter
864 5336 1056 5381 caetera
1099 5327 1358 5388 dictabat,
1397 5325 1745 5392 graviterque
1789 5322 2069 5391 praecipie-

508 5418 635 5472 bat:
671 5437 689 5469 ι
724 5417 922 5490 Diliges
952 5419 1239 5474 Dominum
1281 5420 1444 5469 Deum
1477 5427 1623 5468 tuttm
1663 5431 1728 5467 ex
1777 5425 1890 5468 toto
1919 5416 2081 5469 corde

508 5520 620 5571 tuo.
675 5527 738 5564 ex
797 5521 908 5565 tota
971 5511 1149 5564 anima
1207 5519 1318 5572 tua,
1375 5517 1427 5560 ct
1485 5523 1549 5559 ex
1604 5516 1712 5560 tota
1771 5505 2084 5561 fortitudine

511 5611 598 5655 tua
627 5602 668 5655 ⁸.
704 5620 721 5652 ι
773 5602 907 5656 Cum
967 5603 1130 5670 igitur
1189 5599 1576 5661 dilectionem,
1633 5612 1752 5664 qum
1805 5598 1857 5650 itt
1915 5598 2080 5650 [leum

580 5735 625 5765 "
654 5735 807 5787 lion).
842 5750 933 5789 vtt.
969 5735 1020 5786 ι.

517 5803 698 5857 .‘iattlt.
735 5821 864 5864 xm,
892 5804 976 5854 37.

1103 5736 1114 5763 ¹
1165 5734 1324 5786 Boni.
1375 5746 1466 5784 vttt
1524 5731 1675 5786 8-H).
1756 5733 1775 5761 ¹
1811 5732 1938 5786 ibid.
1980 5730 2174 5796 14,13.

2187 4595 2346 4663 φύσιν
2390 4597 2484 4649 καὶ
2531 4596 2764 4668 ἀληθοῦς
2791 4596 2923 4649 Υίοῦ
2968 4595 3028 4649 τὸ
3062 4595 3288 4668 Πνεῦμα
3317 4599 3720 4666 πλουτήσαντες
3746 4615 3761 4630 ο

2187 4686 2303 4749 πῶς
2331 4686 2391 4739 οὐ
2418 4687 2548 4749 Θεὸς
2591 4689 2620 4738 6
2660 4685 2922 4756 Χριστός;
2957 4687 3019 4739 οὐ
3053 4686 3189 4739 καθὸ
3218 4689 3421 4740 νοεῖται
3459 4688 3582 4740 καθ’
3616 4689 3766 4759 ἡμᾶς

2187 4777 2472 4848 ἄνθρωπος
2525 4778 2702 4847 μόνον,
2733 4779 2870 4833 ἀλλὰ
2917 4776 3050 4832 καθὸ
3099 4780 3288 4848 γέγονε
3344 4778 3480 4849 σὰρξ
3516 4780 3762 4847 όΛόγος,

2189 4869 2280 4920 καὶ
2315 4870 2614 4939 μετέσχηκε
2645 4871 3041 4942 παραπλησίως
3067 4872 3198 4942 ήμῖν
3227 4871 3458 4940 αἵματος
3503 4871 3598 4924 καὶ
3633 4887 3767 4942 σαρ-

2188 4960 2282 5022 κός
2301 4976 2314 5023 ;

2266 5067 2284 5098 ι
2319 5047 2414 5110 Τίς
2445 5049 2591 5118 ἡμᾶς
2623 5050 2846 5121 χωρίσει
2898 5050 3006 5104 ἀπὸ
3053 5052 3149 5120 τῆς
3195 5051 3417 5121 ἀγάπης
3461 5051 3558 5106 τοῦ
3589 5051 3764 5117 Θεοῦ;

2186 5141 2363 5210 θλίψις
2387 5181 2402 5205 ,
2447 5141 2479 5210 ἢ
2509 5143 2840 5213 στενοχωρία
2861 5183 2876 5205 ,
2924 5143 2956 5212 ἢ
2989 5143 3225 5212 διωγμὸς
3246 5183 3260 5207 ,
3307 5144 3339 5213 ἦ
3367 5144 3558 5213 λιμὸς,
3585 5143 3618 5214 ἦ
3649 5145 3766 5196 κίν-

2185 5233 2372 5296 δυνος,
2407 5231 2439 5303 ἢ
2471 5232 2754 5304 μάχαιρα;
2788 5252 2806 5284 ι
2845 5232 2906 5288 Ὀ
2937 5233 3098 5302 νόμος
3136 5234 3372 5303 ἔφασκεν
3409 5237 3438 5287 6
3480 5235 3568 5288 διὰ
3597 5237 3768 5289 Μωῦ-

2190 5324 2346 5386 σέως,
2399 5322 2490 5375 καὶ
2548 5323 2764 5390 ἐντολὴν
2816 5323 3082 5375 ἐποιεῖτο³
3127 5342 3145 5374 ι
3181 5324 3514 5394 Ἀγαπήσεις
3559 5325 3768 5394 Κύριον

2184 5413 2278 5465 τὸν
2321 5411 2454 5463 Θεὸν
2499 5428 2592 5464 σου
2628 5411 2687 5475 ἐξ
2712 5411 2839 5480 ὅλης
2869 5411 2968 5481 τῆς
3000 5411 3221 5482 καρδίας
3257 5430 3374 5477 σου,
3417 5415 3512 5466 καὶ
3554 5413 3614 5480 ἐξ
3637 5413 3768 5483 ὅλης

2188 5502 2285 5571 τῆς
2317 5501 2497 5572 ψυχῆς
2539 5520 2654 5565 σου,
2687 5501 2779 5555 καὶ
2817 5502 2875 5566 ἐξ
2922 5502 3049 5572 ὅλης
3101 5503 3202 5572 τῆς
3251 5504 3432 5574 ισχύος
3460 5521 3574 5558 σου.
3608 5505 3770 5557 »Ὅτε

2189 5595 2366 5647 τοίνυν
2405 5596 2503 5664 τήν
2539 5596 2758 5666 ἀγάπην
2790 5595 2893 5666 τὴν
2923 5594 2998 5665 τῷ
3028 5595 3146 5666 Θεῷ
3179 5595 3657 5668 πρεπωδεστάτην,
3690 5594 3768 5659 ὡς

2259 5732 2277 5762 ³
2305 5730 2480 5785 Galat.
2511 5743 2590 5794 tv,‘
2615 5732 2665 5784 6.
2746 5732 2788 5763 ³⁶
2818 5732 2975 5787 Rom.
3009 5747 3125 5796 vttt,
3152 5731 3238 5788 35.
3333 5732 3353 5763 ‘
3385 5733 3537 5790 Deut.
3585 5747 3656 5798 vt,
3701 5731 3763 5800 5;
