4060 6410
216 439 358 495 {.239

1317 436 1407 492 DE
1446 435 1674 493 llECTA
1713 436 1869 494 FIDE
1912 438 2002 493 AD
2042 436 2360 494 acamas.
2404 415 2408 418 ’

3338 433 3476 488 ἱεὶπο

213 555 277 621 ἐξ
309 555 436 622 ὅλης
464 551 644 621 ἰσχύκ
676 550 772 604 καὶ
789 550 1050 606 ἀνωτάτω
1079 550 1124 616 i,
1165 552 1253 623 τὴν
1301 553 1460 625 μέχρι
1491 554 1669 626 ψυχῆς
1704 555 1798 608 καὶ

1909 555 2140 608 maxime
2183 552 2462 613 convenit,
2512 547 2813 616 cuiusmodi
2853 563 2911 602 ea
2948 555 3048 611 est,
3086 560 3206 616 qua:
3251 560 3316 600 ex
3369 557 3480 602 tota

214 647 454 716 αἵματος
498 643 592 696 καὶ
642 640 789 713 αύτῷ
836 643 1188 716 προσάγομεν
1239 642 1316 712 τῷ
1359 644 1612 714 Χριστῷ·
1663 644 1746 707 τίς
1775 645 1803 696 ὁ

214 737 387 806 φάναι
409 733 643 805 τολμῶν,
672 734 747 798 ὠς
775 735 874 788 οὐκ
900 735 965 788 ἂν
995 736 1081 805 εἴη
1113 735 1245 799 Θεὸς
1269 754 1283 803 ;
1318 736 1671 808 Διημάρτηκε
1696 736 1802 808 γὰρ

213 828 312 882 τοῦ
344 827 647 898 πρέποντος
682 828 802 880 κατ’
829 826 1019 880 ούδένα
1053 828 1253 898 τρόπον
1285 829 1312 880 ὁ
1341 827 1448 880 τῶν
1478 828 1652 896 ἁγίων
1681 845 1803 882 σκο-

215 921 340 984 πός.

297 1137 314 1168 ι
343 1117 654 1187 Πέπεισμαι
709 1116 836 1188 γάρ,
888 1116 970 1170 ὅτι
1018 1116 1140 1170 οὔτε
1195 1117 1446 1182 Θάνατος,
1493 1116 1617 1172 οῦτε
1667 1116 1799 1189 ζωὴ,

215 1211 348 1264 οὔτε
390 1211 630 1278 ἄγγελοι,
664 1209 786 1262 οὔτε
819 1211 1004 1280 ἀρχαὶ,
1033 1211 1152 1264 οῦτε
1189 1212 1478 1276 ἐνεστῶτα,
1510 1211 1632 1265 οῦτε
1676 1212 1803 1281 μέλ-

216 1303 401 1364 λοντα,
431 1301 554 1354 οῦτε
590 1301 870 1371 δυνάμεις,
901 1301 1022 1353 οῦτε
1059 1300 1282 1371 ὕψωμα,
1310 1301 1433 1354 οῦτε
1462 1302 1645 1373 βάθος,
1679 1303 1802 1356 οῦτε

217 1413 304 1457 τις
338 1393 515 1456 κτίσις
541 1392 702 1462 ἑτέρα
730 1393 1016 1464 δυνήσεται
1040 1394 1186 1464 ἡμᾶς
1209 1394 1436 1465 χωρίσαι
1462 1395 1561 1465 τῆς
1585 1389 1803 1466 ἀγάπης

220 1485 316 1537 τοῦ
348 1484 506 1548 Θεοῦ,
545 1485 642 1552 τῆς
672 1486 729 1537 ἐν
757 1483 977 1554 Χριστῷ
1019 1485 1192 1555 Ἰησοῦ
1235 1486 1312 1556 τῷ
1348 1485 1537 1556 Κυρίῳ
1567 1485 1741 1556 ἡμῶν.
1778 1504 1796 1536 ι

222 1576 288 1628 Εἰ
341 1574 509 1644 μηδὲν
558 1575 695 1634 ὅλως
732 1575 880 1642 ἡμᾶς
914 1574 1146 1643 χωρίσαι
1190 1573 1413 1627 δύναται
1458 1575 1556 1644 τῆς
1583 1573 1804 1643 ἀγάπης

221 1663 317 1716 τοῦ
347 1662 505 1728 Θεοῦ,
540 1663 840 1732 πράττεται
878 1663 933 1714 δὲ
977 1662 1114 1734 αὐτὴ
1152 1663 1280 1733 παρ’
1309 1663 1467 1732 ἡμῶν
1498 1665 1555 1716 ἐν
1583 1664 1802 1733 Χριστῷ

242 1754 446 1826 Ἰησοῦ,
477 1755 593 1818 πῶς
616 1755 676 1807 ού
700 1754 833 1818 Θεὸς
850 1754 1139 1824 ἐναργῶςό
1169 1755 1404 1823 Χριστὸς
1421 1794 1435 1818 ,
1462 1755 1619 1823 εἴπερ
1643 1755 1803 1807 αὐτὸν

224 1846 570 1914 ἀγαπῶντες,
604 1845 695 1898 τὸν
727 1845 836 1897 τῶν
869 1845 1005 1898 ὅλων
1035 1846 1338 1916 ἀγαπῶμεν
1375 1846 1542 1910 Θεόν;
1574 1846 1807 1916 Χριστὸν

217 1937 281 1991 δὲ
330 1939 380 1990 εἰ
427 1937 664 2008 λέγοιμι,
692 1937 781 1991 τὸν
824 1939 888 1991 ἐκ
936 1937 1070 1991 Θεοῦ
1121 1938 1291 2006 Λόγον
1345 1937 1807 2009 ἐνηνθρωπηκότα

219 2028 390 2100 δηλῶ.

300 2233 559 2296 «Πάντες
623 2234 732 2306 γάρ
791 2234 1255 2305 παραστησόμεθα
1319 2233 1398 2306 τῷ
1459 2233 1663 2307 βήματι
1715 2229 1807 2288 τοῦ

224 2325 488 2397 Χριστοῦ,
511 2313 538 2377 ἰ
591 2328 759 2398 φησί⁶
806 2326 1274 2398 παραστησόμεθα
1325 2327 1380 2380 δὲ
1433 2328 1510 2398 τῷ
1560 2327 1804 2399 Χριστῷ.

229 2417 514 2470 Καθιεῖται
548 2418 656 2487 γάρ
699 2417 795 2469 ἐπὶ
841 2417 1030 2488 θρόνου
1058 2417 1214 2487 δόξης
1257 2417 1444 2483 αὑτοῦ,
1478 2419 1680 2490 κρίνων
1712 2421 1810 2490 τὴν

222 2507 552 2578 οἰκουμένην
612 2511 670 2561 ἐν
741 2509 1078 2582 δικαιοσύνῃ.
1152 2510 1342 2564 Καίτοι
1409 2510 1658 2577 λέγοντος
1718 2511 1808 2565 τοῦ

222 2597 412 2663 Δαυῒδ,
439 2597 522 2651 ὃτι
562 2596 693 2660 Θεὸς
738 2598 930 2670 κριτής
962 2599 1097 2652 ἐστι’
1126 2597 1257 2663 Θεὸς
1285 2599 1392 2669 ἄρα
1421 2601 1568 2654 ἐστὶν
1602 2603 1630 2654 ὁ
1676 2602 1811 2671 Χρι-

227 2690 377 2754 στός.

308 2823 326 2856 ι
355 2803 766 2874 Τολμηρότερον
813 2801 869 2856 δὲ
920 2802 1134 2872 ἔγραψα
1183 2803 1312 2874 ὑμῖν
1341 2806 1451 2858 ἀπὸ
1483 2806 1700 2876 μέρους,
1736 2807 1812 2870 ῶς

225 2895 664 2964 ἀναμιμνήσκων
697 2895 863 2963 ὑμᾶς,
883 2893 970 2946 διά
995 2895 1092 2962 τὴν
1121 2895 1284 2964 χάριν
1312 2896 1409 2966 τὴν
1435 2897 1680 2950 δοθεῖσάν
1719 2915 1809 2967 μοι

225 2985 335 3039 ὑπὸ
384 2983 478 3036 τοῦ
528 2983 686 3045 Θεοῦ,
733 2987 817 3046 εἰς
859 2985 920 3037 τὸ
970 2981 1110 3038 εἷναί
1160 3003 1228 3053 με
1283 2985 1594 3058 λειτουργὸν
1634 2988 1807 3059 Ἰησοῦ

226 3075 470 3147 Χριστοῦ
493 3078 572 3139 εἰς
600 3075 670 3128 τὰ
700 3075 850 3145 ἔθνη,
879 3075 947 3130 τὰ
980 3076 1366 3147 ἱερουργοῦντα
1388 3079 1446 3132 τὸ
1478 3080 1808 3149 Εύαγγέλιον

224 3168 323 3220 τοῦ
372 3166 509 3236 Θεοῦ
531 3181 544 3195 ⁸
589 3167 674 3220 ἵνα
708 3167 937 3240 γένηται
981 3170 1013 3240 ἠ
1061 3169 1347 3241 προσφορά
1377 3173 1486 3224 τῶν
1518 3172 1687 3227 ἐθνῶν
1716 3175 1808 3228 εύ-

1908 662 2272 716 supremaque
2308 643 2628 698 fortitudine
2661 651 2781 698 orta
2840 643 2904 695 ad
2945 643 3115 711 ipsam
3154 655 3328 710 usque
3363 643 3483 694 ani-

1907 753 2050 791 mam
2085 749 2137 792 et
2181 737 2498 806 sanguinem
2536 735 2816 804 pertingit,
2845 734 2946 803 ipsi
2973 733 3193 788 Christo
3221 732 3482 787 exhiben-

1905 842 2025 883 mus
2048 870 2062 894 ,
2086 829 2204 897 quis
2237 829 2414 882 dicere
2448 827 2638 880 amicat
2676 824 2954 880 Christum
2985 838 3089 878 non
3117 837 3239 877 esse
3277 821 3483 876 Deum?

1905 915 2090 987 Neque
2129 917 2272 972 enim
2304 916 2562 971 credibile
2601 922 2686 970 est
2727 922 3041 976 sanctorum
3074 909 3338 980 judicium
3374 909 3446 964 ull

1905 1010 2067 1065 modo
2103 1025 2132 1064 a
2165 1010 2409 1064 veritatis
2437 1023 2602 1077 scopo
2627 1008 2938 1062 aberrasse.

1981 1143 1998 1176 ι
2030 1123 2225 1178 Certus
2251 1136 2368 1174 sum
2394 1121 2560 1184 enim,
2590 1119 2712 1186 quia
2738 1129 2914 1188 neque
2939 1130 3104 1179 mors,
3139 1127 3314 1182 neque
3344 1113 3453 1164 vita
3474 1147 3488 1172 ,

1907 1230 2084 1287 neque
2123 1214 2335 1284 Angeli,
2375 1227 2547 1283 neque
2587 1211 2930 1280 Principatus
2954 1251 2968 1275 ,
3005 1221 3179 1278 neque
3219 1207 3490 1267 Virtutes,

1908 1320 2085 1374 neque
2113 1305 2394 1370 instantia,
2424 1317 2602 1373 neque
2636 1302 2836 1366 futura,
2868 1313 3040 1369 neque
3071 1296 3355 1359 fortitudo,
3395 1308 3493 1348 nc-

1906 1412 2010 1467 que
2051 1396 2298 1462 altitudo,
2355 1409 2531 1464 neque
2559 1392 2910 1464 profundum
2939 1431 2955 1459 ,
3001 1405 3180 1461 neque
3233 1397 3486 1444 creatura

1908 1487 2011 1541 alia
2055 1487 2255 1554 poterit
2302 1501 2399 1540 nos
2434 1498 2690 1555 separare
2730 1498 2758 1537 a
2789 1481 3058 1538 charitate
3090 1479 3207 1546 Dei,
3241 1491 3363 1548 quze
3406 1486 3490 1530 cst

1909 1579 1961 1632 in
2003 1577 2219 1632 Christo
2262 1575 2388 1632 Jesu
2435 1576 2661 1631 Domino
2707 1584 2894 1629 nostro
2918 1573 2962 1629 ⁸.
3016 1591 3034 1624 ο
3084 1569 3204 1626 1am
3255 1569 3301 1624 si
3355 1567 3490 1622 nihil

1907 1668 2131 1723 omnino
2161 1682 2189 1720 a
2216 1667 2482 1722 charitate
2519 1665 2612 1720 Dei
2645 1664 2933 1734 seiungere
2969 1677 3069 1717 nos
3093 1667 3306 1732 potest,
3335 1659 3488 1712 exhi-

1910 1758 2069 1814 betur
2123 1759 2238 1814 hzec
2289 1768 2471 1813 autem
2512 1773 2540 1811 a
2592 1757 2748 1813 nobis
2801 1756 2853 1810 in
2886 1753 3102 1810 Christo
3147 1752 3272 1808 Jesu
3323 1769 3336 1804 :
3405 1751 3488 1806 cui

1909 1851 2202 1906 obscurum
2233 1865 2355 1906 esse
2396 1857 2592 1920 potest,
2633 1848 2761 1918 quin
2796 1847 3045 1902 Christus
3077 1846 3150 1902 sit
3188 1845 3332 1900 Deus
3355 1883 3372 1910 ,
3418 1845 3492 1898 si-

1910 1941 2128 2011 quidem
2183 1941 2358 2010 ipsutn
2407 1949 2679 2003 amantes,
2736 1937 3112 1992 universorum
3167 1935 3334 1989 Deum
3374 1933 3489 1988 dili-

1837 2060 1843 2064 -
1911 2033 2086 2101 gimus
2116 2031 2139 2084 ἰ
2170 2031 2443 2086 Christum
2483 2039 2659 2084 autem
2681 2028 2808 2084 dum
2859 2027 3100 2093 nomino,
3150 2026 3487 2080 incarnatum

1910 2122 2004 2178 Dei
2042 2122 2278 2178 Verbum
2311 2121 2578 2191 intelligo.

1989 2255 2007 2288 ε
2037 2235 2238 2291 Omnes
2262 2235 2406 2290 enim
2432 2235 2699 2289 stabimus
2733 2241 2859 2288 ante
2900 2232 3137 2288 tribunal
3169 2230 3438 2295 Christi‘,
3466 2249 3484 2283 ι

1913 2327 2125 2394 inquit;
2155 2339 2344 2379 omnes
2377 2334 2558 2378 autem
2590 2323 2849 2378 sistemur
2877 2323 3096 2378 Christo
3125 2339 3139 2377 :
3167 2322 3376 2378 sedebit
3403 2323 3492 2377 hic

1911 2418 2052 2472 enim
2103 2430 2266 2487 super
2316 2416 2570 2471 thronum
2616 2413 2805 2484 gloria:
2854 2429 3004 2481 suae,
3047 2429 3154 2484 quo
3215 2424 3488 2470 terrarum

1912 2511 2099 2565 orbem
2129 2507 2337 2575 iudicet
2389 2507 2714 2578 in-justitia.
2750 2506 2889 2562 Cum
2941 2522 3072 2576 ergo
3103 2507 3270 2562 David
3318 2506 3490 2562 Deum

1907 2601 2146 2671 iudicem
2189 2608 2365 2667 vocet,
2406 2599 2759 2671 consequitur
2800 2599 3024 2655 omnino
3050 2597 3329 2656 Christum
3371 2613 3494 2656 esse

1915 2692 2106 2748 Deum.

1989 2823 2009 2856 ι
2036 2803 2307 2858 Audacius
2334 2813 2510 2858 autem
2537 2805 2729 2874 scripsi
2763 2804 2933 2870 vobis,
2971 2804 3186 2869 fratres,
3211 2820 3276 2860 ex
3315 2815 3490 2874 parte.

1915 2904 2172 2964 tanquam
2231 2895 2283 2948 in
2341 2897 2660 2948 memoriam
2721 2909 2816 2949 vos
2885 2894 3192 2962 reducens,
3260 2904 3488 2966 propter

1912 2987 2141 3056 gratiam
2181 3000 2300 3054 qua:
2331 2986 2453 3040 data
2487 2993 2571 3040 cst
2613 2985 2746 3040 mihi
2779 3001 2808 3038 a
2840 2985 2970 3052 Deo,
2995 2995 3056 3040 ut
3099 2985 3200 3040 sim
3242 2986 3493 3042 minister

1908 3075 2038 3131 Jesu
2067 3077 2265 3132 Christi
2309 3076 2362 3130 in
2415 3076 2668 3145 gentibus
2691 3116 2706 3140 ,
2741 3075 3093 3131 sanctificans
3133 3075 3482 3146 Evangelium

1913 3168 2030 3232 Dei,
2067 3177 2124 3222 ut
2155 3168 2246 3221 fiat
2284 3167 2487 3222 oblatio
2516 3167 2755 3238 gentium
2789 3177 3012 3238 accepta
3054 3178 3108 3223 et
3154 3169 3486 3224 sanctiﬁcata

227 3259 580 3328 πρόσδεκτος,
614 3261 920 3331 ἡγιασμένη
975 3263 1032 3314 ἐν
1084 3262 1362 3333 Πνεύματι
1405 3265 1566 3335 ἁγίῳ.
1602 3284 1621 3316 ι
1661 3269 1722 3320 Οἱ
1751 3269 1808 3321 τὸ

1915 3261 1966 3315 ἰη
2001 3259 2204 3330 Spiritu
2251 3269 2442 3316 sancto
2469 3259 2520 3313 ⁷.
2560 3279 2578 3311 ι
2617 3259 2760 3315 Sane
2798 3260 2991 3330 quibus
3029 3261 3169 3314 sacri
3200 3256 3490 3316 ministeri’

223 3352 329 3419 τῆς
363 3352 676 3423 ἱερουργίας
703 3351 893 3424 χρῆμα
921 3355 1378 3426 πεπιστευμένοι,
1411 3357 1530 3429 Θεῷ
1568 3359 1810 3431 λειτουρ-

228 3441 391 3509 γοῦσι
450 3442 635 3512 μόνῳο
677 3444 1058 3514 παρεστήκασι
1103 3444 1209 3516 γάρ
1259 3446 1358 3499 οὐκ
1405 3446 1717 3518 ἀνθρώποις
1761 3451 1810 3502 οἱ

228 3536 420 3604 ἱερεῖς.
442 3533 571 3586 Ἰδοὺ
601 3535 892 3605 τοιγαροῦν
919 3534 946 3584 ὁ
983 3536 1274 3600 θεσπέσιος
1321 3538 1534 3602 Παῦλος
1566 3539 1810 3594 δεδόσθαι

228 3627 399 3696 φησὶν
426 3626 604 3700 ἐαυτῷ
634 3627 794 3697 χάριν
823 3627 970 3698 παρὰ
999 3628 1094 3681 τοῦ
1120 3629 1276 3692 Θεοῦ,
1311 3631 1391 3693 εἰς
1429 3631 1490 3683 τὸ
1531 3627 1670 3684 εἶναι
1697 3633 1810 3686 λει-

225 3718 459 3784 τουργὸν
513 3718 748 3788 Χριστοῦ
801 3719 997 3790 Ἰησοῦ,
1055 3721 1148 3774 καὶ
1211 3723 1514 3792 ἱερουργεῖν
1582 3725 1640 3779 ἐν
1699 3729 1812 3792 τοῖς

227 3807 415 3896 ἔθνεσι
463 3807 522 3860 τὸ
569 3809 900 3877 Εὐαγγέλιον
947 3810 1039 3862 τοῦ
1083 3812 1344 3882 Χριστοῦ.
1375 3815 1509 3877 Θεὸς
1553 3813 1646 3870 οὖν
1701 3817 1810 3888 ἄρα

229 3898 489 3970 Χριστὸς,
525 3901 573 3952 εἰ
599 3901 834 3968 Χριστὸν
868 3900 1154 3972 κηρύττων
1181 3906 1290 3966 τοῖς
1316 3904 1517 3969 ἔθνεσι,
1552 3906 1647 3960 τοῦ
1675 3907 1808 3961 Θεοῦ

232 4007 399 4060 φησιν
424 3989 754 4058 Εύαγγέλιον
785 3992 1090 4061 ἱερουργεῖν
1118 3991 1321 4057 αὐτοῖς,
1359 3994 1444 4046 ἵνα
1474 3997 1811 4067 προσδεχθῶ-

232 4099 340 4147 σιν,
372 4081 450 4145 ὡς
483 4083 801 4153 ἡγιασμένοι
831 4086 888 4136 ἐν
915 4083 1214 4154 Πνεύματι.

306 4193 494 4263 «Ἕχω
535 4189 628 4246 οῦν
669 4193 935 4264 καύχησιν
985 4196 1042 4247 ἐν
1079 4194 1302 4266 Χριστῷ
1345 4195 1520 4267 Ἰησοῦ
1567 4199 1637 4250 τά
1674 4199 1808 4270 πρὸς

228 4281 323 4336 τὸν
359 4282 512 4338 Θεόν.
550 4284 625 4338 Οὐ
660 4285 769 4356 γὰρ
801 4285 1056 4357 τολμήσω
1081 4304 1134 4340 τι
1163 4287 1362 4352 λαλεῖν,
1391 4283 1466 4342 ὧν
1498 4290 1559 4342 ού
1588 4308 1809 4362 κατειρ-

229 4375 442 4444 γάσατο
482 4378 717 4448 Χριστὸς
762 4378 828 4432 δι’
855 4378 1014 4449 ἐμοῦ,
1047 4381 1124 4444 εἰς
1169 4381 1415 4453 ὑπακοὴν
1448 4383 1637 4448 ἐθνῶν,
1667 4384 1810 4456 λόγῳ

229 4468 328 4521 καὶ
364 4468 532 4538 ἔργῳ,
568 4470 626 4521 ἐν
671 4469 896 4541 δυνάμει
945 4473 1190 4541 σημείων
1233 4491 1293 4526 τε
1341 4475 1432 4527 καὶ
1475 4476 1718 4546 τεράτων
1751 4479 1810 4530 ἐν

1911 3351 2186 3419 provincia
2234 3351 2697 3414 concredita'eSt,
2745 3351 2782 3406 ii
2832 3351 2933 3406 soli
2982 3351 3093 3408 Deo
3124 3352 3484 3407 ministrant:

1910 3441 2021 3512 ϐο
2048 3457 2221 3512 neque
2266 3443 2410 3496 enim
2465 3443 2778 3498 hominibus
2823 3444 3092 3499 assistunt
3144 3445 3485 3501 sacerdotes.

1911 3532 2045 3586 Cum
2089 3532 2228 3586 hanc
2265 3532 2428 3602 igitur
2457 3534 2694 3603 gratiam
2731 3533 2832 3588 sibi
2876 3548 2906 3588 a
2941 3534 3051 3589 Deo
3081 3533 3333 3589 donatam
3362 3521 3491 3606 pro-

1916 3623 2131 3680 fiteatur
2172 3624 2485 3694 Apostolus,
2541 3635 2599 3680 ut
2654 3627 2726 3682 sit
2775 3626 3024 3682 minister
3067 3624 3195 3683 Jesu
3256 3627 3484 3692 Christi,

1913 3717 2221 3786 Christique
2246 3715 2597 3787 Evangelium
2635 3718 2776 3771 inter
2807 3727 2993 3787 gentes
3035 3718 3402 3784 administret,
3434 3730 3491 3774 et

1912 3807 2186 3862 Christum
2235 3808 2448 3862 tandem
2487 3810 2840 3874 annuntians,
2891 3810 2980 3864 Del
3029 3810 3377 3880 Evangelium
3426 3827 3487 3870 se

1913 3887 2018 3954 illis
2048 3899 2343 3967 pmdieare
2384 3900 2586 3954 diserte
2637 3899 2888 3965 afﬁrmet,
2921 3915 3029 3969 quo
3063 3901 3320 3956 nimirum
3363 3910 3489 3956 tan~

1913 4003 2077 4056 quam
2111 3988 2317 4056 Spiritu
2346 3987 2456 4054 jam
2496 3988 2869 4051 sanctificatze,
2921 3987 3275 4042 admittantur
3315 4004 3330 4042 :
3364 3992 3487 4059 quis

1911 4078 2114 4134 Christi
2147 4079 2486 4133 divinitatem
2539 4080 2592 4132 in
2635 4079 2988 4148 quaestionem
3025 4093 3224 4135 vocare
3255 4080 3492 4136 audeat?

1989 4209 2008 4243 ι
2043 4191 2226 4246 llabeo
2251 4191 2417 4262 igitur
2448 4190 2680 4262 gloriam
2710 4191 2762 4244 in
2789 4190 3006 4246 Christo
3038 4189 3163 4248 Jesu
3196 4192 3263 4247 ad
3295 4192 3486 4250 Deum.

1911 4285 2028 4341 Non
2064 4287 2205 4341 enim
2240 4285 2409 4341 audeo
2454 4285 2656 4355 aliquid
2711 4285 2860 4355 loqui
2891 4301 3102 4352 eorum,
3131 4303 3250 4357 quae
3277 4303 3375 4358 per
3404 4305 3491 4344 me

1913 4396 2018 4435 non
2047 4379 2226 4435 effecit
2255 4365 2508 4436 Christus
2545 4380 2599 4433 in
2648 4361 3007 4434 obedientiam
3037 4379 3276 4450 gentium
3321 4383 3490 4436 verbo

1911 4481 1964 4527 et
2010 4470 2192 4536 factis,
2240 4472 2292 4525 in
2329 4471 2529 4525 virtute
2572 4470 2851 4542 signorum
2901 4479 2954 4525 et
2996 4470 3389 4539 prodigiorum,
3431 4472 3484 4525 in

227 4557 459 4628 δυνάμει
503 4559 816 4629 Πνεύματος
847 4561 1011 4614 Θεοῦο
1046 4562 1185 4615 ὥστε
1216 4582 1282 4634 με
1314 4565 1423 4618 άπὸ
1457 4566 1808 4638 Ἰερουσαλὴμ

1916 4565 2116 4619 virtute
2158 4564 2396 4634 Spiritus
2446 4564 2658 4626 sancti;
2709 4564 2783 4617 ita
2841 4573 2898 4616 ιιι
2945 4564 3012 4617 ab
3050 4562 3348 4617 Jerusalem
3393 4579 3491 4634 per

228 4647 440 4719 κύκλῳ,
472 4649 567 4702 καὶ
619 4651 782 4722 μέχρι
827 4652 920 4705 τοῦ
953 4652 1246 4723 Ἰλλυρικοῦ
1297 4656 1718 4726 πεπληρωκέναι
1752 4659 1812 4712 τὸ

228 4740 563 4808 Εύαγγέλιον
601 4739 694 4793 τοῦ
729 4741 988 4813 Χριστοῦ.
1022 4761 1041 4794 ›
1078 4743 1164 4796 Ἐν
1190 4743 1266 4814 τῷ
1301 4745 1476 4815 Ἰησοῦ
1506 4747 1812 4816 καυχᾶσθαι
1835 4730 1848 4742 κ

227 4849 388 4902 φησι,
418 4831 479 4884 τὸ
504 4830 768 4904 καύχημα
797 4833 970 4903 λέγων
993 4835 1137 4905 ἔχειν
1163 4837 1298 4908 πρὸς
1323 4837 1603 4893 Θεόν.”οτι
1627 4839 1683 4892 δέ
1707 4840 1809 4894 ούκ

229 4920 577 4992 ἀνθρώπινον
631 4923 692 4976 τὸ
744 4924 840 4977 καὶ
887 4925 946 4977 ἐν
987 4924 1214 4995 δυνάμει
1257 4926 1572 4998 Πνεύματος
1601 4930 1659 4982 ἐν
1696 4931 1809 4994 τοῖς

227 5010 411 5079 ἁγίοις
439 5012 760 5076 ἀποστόλοις
792 5015 1037 5085 ἐνεργεῖν
1068 5013 1325 5067 δύνασθαι
1359 5015 1450 5068 τὸν
1478 5017 1712 5086 Χριστὸν
1739 5018 1810 5070 τὰ

227 5102 533 5169 παράδοξα,
563 5103 676 5166 πῶς
698 5103 775 5156 ἔνι
803 5105 1194 5174 ἁμφιὸάλλειν;
1216 5104 1429 5178 ’Ὠσπερ
1450 5109 1558 5178 γὰρ
1583 5108 1810 5171 ἕκαστος

226 5192 342 5245 τῶν
371 5192 494 5244 καθ’
529 5193 673 5262 ἡμᾶς
701 5193 758 5244 ἐν
787 5193 891 5263 ἰδίᾳ
916 5193 1143 5263 δυνάμει
1168 5193 1234 5246 τά
1267 5195 1460 5248 ἐαυτοῦ
1487 5195 1622 5264 ἔργα
1643 5185 1808 5258 ποιεῖ,

226 5285 374 5338 οῦτω
408 5285 501 5338 καὶ
531 5286 558 5337 ό
586 5284 841 5355 Χριστὸς,
872 5284 948 5349 ὼς
996 5286 1101 5357 ἰδία
1146 5286 1372 5357 δυνάμει
1419 5287 1497 5358 τῷ
1535 5287 1809 5356 [Ινεύματι

226 5376 536 5447 χρώμενος,
568 5377 780 5447 ἐνεργεῖ
819 5376 889 5429 τὰ
925 5378 1206 5448 παράδοξα
1248 5378 1336 5432 διὰ
1364 5380 1463 5450 τῆς
1499 5380 1606 5433 τῶν
1639 5381 1809 5448 ἁγίων

304 5550 506 5606 “.Rom.
538 5569 656 5619 vm,
694 5554 780 5616 58,
817 5554 904 5609 '59.
984 5557 1001 5587 °
1037 5555 1192 5613 Rom.
1228 5572 1336 5622 xw,
1373 5557 1460 5611 10.

1537 5559 1556 5588 ⁷
1587 5555 1746 5614 Rom.
1781 5575 1866 5627 xv,
1899 5559 1983 5626 13,
2013 5560 2096 5617 16.

1913 4651 2197 4706 circuitum
2247 4667 2416 4721 usque
2447 4653 2512 4705 ad
2551 4651 2818 4720 Illyricum
2875 4650 3190 4720 repleverim
3239 4649 3488 4722 Evange-

1911 4743 2043 4797 lium
2072 4743 2276 4798 Christi
2298 4743 2340 4797 ⁸.
2377 4761 2396 4795 ι
2430 4742 2504 4797 En
2532 4743 2654 4796 dum
2685 4742 2738 4795 in
2771 4741 2991 4797 Christo
3013 4740 3295 4811 gloriatur,
3328 4742 3380 4796 in
3407 4743 3489 4797 his

1913 4851 2032 4905 quae
2075 4835 2164 4890 Dei
2194 4844 2319 4890 sunt
2351 4833 2572 4905 gloriari
2609 4849 2667 4888 se
2693 4832 2845 4887 dicit.
2880 4832 3032 4899 Quod
3075 4839 3256 4887 autem
3289 4833 3490 4889 virtute

1917 4927 2152 4996 Spiritus
2201 4942 2299 4997 per
2351 4925 2627 4996 apostolos
2669 4934 2890 4980 sanctos
2937 4923 3179 4994 prodigia
3226 4934 3282 4978 et
3335 4925 3487 4996 signa

1915 5019 2190 5073 Christum
2237 5033 2397 5088 posse
2444 5019 2627 5082 cdere,
2672 5032 2808 5088 opus
2863 5016 2935 5072 sit
2984 5017 3237 5071 humanis
3283 5017 3491 5074 viribus

1917 5109 2112 5179 majus,
2139 5110 2191 5164 id
2226 5111 2278 5164 in
2315 5110 2537 5166 dubium
2565 5105 2822 5166 revocare
2847 5125 2952 5164 non
2981 5109 3127 5164 licet.
3161 5108 3314 5163 Sicut
3343 5110 3485 5164 enim

1918 5201 2288 5272 unusquisque
2310 5211 2551 5256 nostrum
2575 5201 2627 5255 in
2653 5201 2868 5272 propria
2895 5201 3094 5254 virtute
3131 5215 3249 5268 quae
3282 5209 3488 5253 natura:

1917 5293 2089 5362 ipsius
2104 5304 2228 5348 sunt
2246 5302 2528 5360 operatur,
2547 5293 2619 5348 ita
2639 5295 2801 5348 etiam
2821 5293 3088 5360 Christus,
3111 5295 3161 5348 in
3184 5293 3351 5364 ipsius
3370 5291 3490 5361 Spi-

1919 5383 2024 5438 ritu
2051 5393 2261 5449 sancto,
2289 5393 2346 5438 ut
2379 5385 2469 5454 qui
2496 5384 2614 5455 ejus
2648 5384 2870 5455 prapria
2906 5385 2976 5440 sit
3006 5385 3200 5454 virtus,
3227 5383 3486 5441 miracula

2185 5561 2205 5592 ⁸
2246 5560 2403 5617 Rom.
2436 5578 2524 5631 xv,
2561 5563 2742 5620 l7-l9.

1323 5713 1492 5767 Variae
1531 5714 1783 5768 lectiones
1819 5716 2018 5770 codicis
2051 5716 2410 5786 Seguietiaui.

313 5862 324 5899 t
369 5851 440 5902 al.
470 5849 770 5916 ἀνωτάτην.
