4060 6422
644 380 771 438 1231
1673 389 1729 444 S.
1772 389 2042 447 CYltllJJ
2085 392 2558 453 ALEXANDRINI
2600 401 2923 459 ARCIIIEP.
3773 416 3920 475 1232

632 512 892 570 operatur
933 518 1030 571 per
1057 519 1249 560 manus
1290 515 1625 561 sanctorum.
1665 506 1833 562 Porro
1865 511 2137 577 quomodo
2172 510 2215 564 is

2318 515 2520 585 χειρός.
2558 514 2689 572 Εἶτα
2737 518 2856 583 πῶς
2888 521 2948 575 οὑ
2981 521 3113 587 Θεός
3141 523 3310 591 ἐστιν,
3347 519 3407 581 οὗ
3436 527 3566 582 ἴδιον
3593 528 3652 582 τὸ
3680 530 3914 605 Πνεῦμα

630 593 772 650 Deus
812 610 915 648 uou
945 607 1050 659 est,
1083 596 1238 666 cujus
1274 595 1512 667 Spiritus
1554 611 1776 655 sanctus
1804 600 2061 669 proprius
2091 601 2212 655 est?
2319 605 2380 658 τὸ
2410 607 2603 675 ἄγιονς

702 705 721 739 t
752 687 1003 742 Salutant
1048 705 1143 745 vos
1189 705 1382 746 omnes
1429 691 1688 747 Ecclesia:
1736 691 2026 757 Christi’;
2094 713 2112 743 β
2155 703 2209 747 et

2395 714 2414 747 t
2437 698 2798 762 Ἀσπάζονται
2833 702 2977 772 ὑμᾶς
3008 704 3062 757 αἱ
3097 705 3417 779 Ἕκκλησίαι
3446 711 3619 764 πᾶσαι
3648 710 3742 765 τοῦ
3769 713 3905 785 Χρι-

620 781 733 834 aiio
754 783 988 849 quodam
1030 782 1151 838 loco
1178 783 1244 838 ad
1272 784 1620 839 Timotheum
1651 785 1927 850 scribens,
1970 788 2041 839 ila
2079 786 2156 839 ait
2189 804 2202 839 :

2318 790 2466 846 στοῦ.
2501 809 2520 843 ι
2559 793 2750 847 Καίτοι
2786 794 2951 865 φησὶν
2995 798 3053 851 ἐν
3092 799 3319 870 ἑτέροις,
3351 801 3603 874 Τιμοθέῳ
3632 781 3861 877 γράφων
3892 825 3904 836 ·

628 889 644 922 ι
676 871 748 926 Ut
776 872 921 928 scias
943 875 1215 942 quomodo
1239 884 1485 948 oporteat
1514 889 1563 930 te
1590 876 1642 930 in
1669 877 1830 931 domo
1858 877 1949 932 Dei
1976 892 2206 931 conver-

2320 881 2474 935 «Ἵνα
2522 883 2671 955 εἰδῇς
2699 885 2817 949 πῶς
2841 886 2925 940 δεῖ
2953 889 3011 942 ἐν
3044 890 3180 959 οἴκῳ
3208 891 3345 944 Θεοῦ
3379 871 3837 965 ἀναστρέφεσθαι,
3882 918 3900 949 ι

618 964 726 1017 sari
758 964 822 1017 ‘°.
855 982 874 1015 ι
925 963 1079 1032 Quod
1124 967 1170 1021 si
1210 967 1486 1025 Ecclesias
1516 968 1718 1024 Christi
1753 985 1875 1025 esse
1899 971 2201 1041 cognoscit,

2312 973 2374 1026 Ei
2391 973 2447 1028 δὲ
2473 976 2712 1047 Χριστοῦ
2737 980 2839 1044 τὰς
2863 978 3332 1052 Ἐκκλησίαςοίδε,
3348 984 3444 1038 καὶ
3473 963 3898 1060 μεμαρτύρηκε’

617 1054 779 1124 tdque
823 1063 1080 1111 testatum
1128 1056 1295 1121 facit,
1353 1060 1491 1113 citra
1554 1059 1718 1113 ullam
1768 1063 2199 1119 controversiam

1256 1098 1295 1121 η,
1353 1060 1491 1113 citra
1554 1059 1718 1113 ullam
1768 1063 2199 1119 controversiam
2308 1065 2441 1131 Θεὸς
2466 1069 2576 1140 ἄρα
2604 1071 2859 1142 Χριστός.

611 1145 866 1202 Christus
896 1147 1036 1203 Deus
1061 1149 1186 1204 erit.
1536 1176 1546 1192 ι

2383 1162 2482 1215 «Ὀ
2531 1162 2588 1217 δὲ
2636 1164 2770 1229 Θεὸς
2809 1166 2909 1237 τῆς
2949 1168 3174 1240 εἰρήνης
3222 1170 3502 1243 συντρίψει
3529 1173 3899 1229 τδνΣατανΞίν

692 1257 711 1289 ι
745 1237 889 1294 Deus
918 1251 1098 1296 autem
1135 1242 1284 1312 pacis
1324 1253 1572 1300 conteret
1611 1244 1870 1301 Satanam
1903 1248 2004 1304 sub
2039 1250 2192 1319 pedi-

2305 1253 2410 1306 ὑπὸ
2454 1256 2581 1320 τοῦς
2630 1257 2799 1322 πόδας
2839 1237 3098 1329 ὑμῶννέν
3130 1237 3312 1333 τάχει.
3405 1237 3541 1318 Θεοῦ
3587 1266 3898 1340 λεγομένης

607 1330 708 1386 hus
759 1334 955 1388 vestris
998 1333 1346 1392 velociter“.
1393 1356 1412 1388 ι
1460 1338 1593 1393 Cum
1649 1355 1751 1408 pax
1800 1341 2018 1395 dicatur
2070 1357 2193 1398 esse

2300 1343 2442 1398 εἶναι
2473 1346 2574 1415 τῆς
2606 1349 2830 1420 εἰρήνης
2863 1350 2991 1420 (ἔφη
3022 1352 3129 1425 γάρ
3291 1354 3527 1426 Χριστὸς
3551 1330 3672 1422 τοῖς,
3702 1330 3884 1427 αγίοις

607 1425 719 1487 Dei,
756 1426 1007 1483 Christus
1055 1439 1235 1485 autem
1287 1430 1354 1485 ad
1404 1444 1622 1488 sanctos
1669 1435 1946 1505 apostolos
1991 1437 2064 1493 ita
2109 1438 2189 1492 iu—

2299 1437 2618 1503 ἀποστόλοις
2638 1458 2651 1470 ·
2681 1440 2949 1512 (Εἰρήνην
2975 1442 3073 1513 τὴν
3100 1444 3239 1514 ἐμὴν
3258 1445 3453 1517 δίδωμι
3477 1448 3628 1517 ὑμῖν,
3662 1425 3891 1523 είρηνην

600 1523 754 1589 quiat
790 1540 804 1576 :
837 1540 853 1574 ι
887 1520 1085 1578 Pacem
1129 1524 1382 1595 relinquo
1430 1527 1606 1593 vobis,
1661 1544 1849 1597 pacem
1903 1546 2077 1585 meam
2117 1533 2187 1587 tlo

2294 1523 2396 1598 τὴν
2424 1528 2563 1599 ἐμὴν
2585 1529 2789 1601 ἀφίημι
2806 1532 2956 1605 ὑμῖν)
2975 1575 2988 1597 ,
3016 1552 3034 1584 ι
3064 1530 3184 1587 εἶτα
3212 1535 3328 1599 πῶς
3355 1537 3416 1590 οὑ
3448 1537 3580 1603 Θεὸς
3602 1520 3826 1612 ’ἀληθῶς
3845 1520 3889 1597 -δ

601 1613 860 1668 vobis":
902 1634 921 1668 ο
949 1617 1220 1685 quomodo
1268 1618 1336 1680 is,
1379 1634 1583 1689 qumso.
1638 1622 1730 1690 qui
1788 1637 1975 1691 pacem
2018 1623 2182 1680 veluti

2292 1619 2393 1691 τῆς
2433 1622 2661 1694 εἰρήνης
2710 1624 2895 1696 δοτὴρ,
2940 1625 3033 1678 καὶ
3062 1625 3138 1690 ὼς
3170 1627 3301 1683 ίδιον
3331 1629 3537 1700 ἀγαθὸν
3569 1634 3683 1698 τοῖς
3710 1633 3887 1701 ἀξίοις

599 1707 878 1776 proprium
910 1708 1109 1762 bonum
1145 1709 1323 1780 dignis
1354 1710 1626 1781 impertiri
1669 1714 1860 1768 solitus
1886 1725 1991 1780 est,
2018 1731 2181 1773 verus

1102 1725 1109 1762 |
1145 1709 1323 1780 dignis
1354 1710 1626 1781 impertiri
1669 1714 1860 1768 solitus
1886 1725 1991 1780 est,
2018 1731 2181 1773 verus
2288 1712 2466 1777 διδοὺς
2496 1715 2705 1785 αὖτήν;

596 1799 735 1854 Deus
764 1815 867 1854 non
898 1801 1021 1854 est?

1010 1886 1092 1942 Ea:
1121 1890 1300 1957 priore
1329 1892 1399 1946 ad
1431 1890 1751 1948 Corinthios.
2212 1878 2254 1932 Β
2532 1893 2613 1947 ἘΑ

2212 1878 2254 1932 Β
2532 1893 2628 1948 Ἐκ
2659 1893 2769 1962 τῆς
2804 1895 2956 1964 πρὸς
2994 1899 3344 1967 Κορινθίους
3383 1901 3635 1971 πρώτης.

664 2022 683 2057 ι
713 2004 913 2060 Paulus
953 2003 1237 2074 apostolus
1275 2003 1403 2061 Jcsu
1444 2007 1669 2073 Christi,
1706 2025 1803 2080 per
1842 2011 2175 2068 voluntatem

2363 2027 2382 2057 ι
2427 2007 2642 2072 Παῦλος
2672 2009 2973 2077 ἀπόστολος
2998 2014 3237 2085 Χριστοῦ
3292 2015 3467 2087 Ἰησοῦ
3506 2017 3596 2072 διὰ
3631 2019 3877 2093 θελήμα-

588 2096 702 2157 Dei.
732 2104 785 2150 ct
821 2096 1118 2151 Sosthenes
1147 2095 1335 2161 frater,
1367 2097 1622 2155 Ecclesiae
1654 2100 1747 2157 Dei
1773 2103 1838 2159 ".
1877 2122 1895 2156 ι
1931 2103 2172 2159 Observa

2278 2116 2370 2163 τος
2398 2098 2556 2167 Θεοῦ,
2590 2100 2683 2154 καὶ
2701 2102 2987 2175 Σωσθένης
3016 2107 3045 2159 6
3070 2105 3322 2177 ἀδελφὸς,
3350 2111 3416 2178 τῇ
3449 2110 3746 2185 Ἐκκλησία
3773 2113 3874 2168 τοῦ

583 2192 670 2245 hic
687 2207 701 2244 :
720 2188 993 2246 Romanos
1010 2188 1311 2260 alloquens.
1331 2209 1350 2244 t
1372 2190 1621 2246 Salutant
1643 2207 1760 2254 vos.
1777 2194 1944 2264 inquit
1958 2210 2173 2260 ,omnes

2278 2187 2440 2244 Θεοῦ.
2493 2208 2513 2241 ι
2581 2190 2972 2262 Ἐπιτήρησον,
3007 2194 3090 2248 ὅτι
3136 2195 3432 2267 Ῥωμαίοις
3483 2202 3873 2275 προειρηκώς·

580 2281 835 2337 Ecclesia:
870 2281 1106 2349 Christi;
1140 2301 1157 2333 ι
1207 2297 1351 2340 nunc
1390 2298 1520 2340 vero
1567 2284 1869 2342 Corinthiis
1899 2287 2168 2352 scribens,

2282 2299 2300 2331 t
2352 2279 2715 2345 Ἀσπάζονται
2743 2282 2889 2353 ὑμᾶς
2919 2285 2976 2337 αἱ
3021 2285 3339 2359 Ἐκκλησίαι
3374 2291 3543 2345 πᾶσαι
3591 2292 3683 2346 τοῦ
3724 2294 3871 2365 Χρισ-

579 2373 880 2431 Ecclesiam
931 2373 1028 2429 Dei
1064 2388 1186 2430 esse
1219 2374 1433 2431 asserit.
1462 2376 1569 2447 31
1600 2395 1619 2428 ι
1655 2375 1769 2431 Hoc
1802 2387 1985 2434 autem
2023 2379 2166 2441 dico.

2276 2373 2432 2427 στοῦ·
2458 2391 2477 2425 ι
2515 2374 2824 2445 Κορινθίοις
2858 2378 3209 2446 ἐπιστέλλων,
3238 2380 3376 2436 Θεοῦ
3402 2400 3567 2455 φησιν
3599 2381 3736 2439 εἶναι
3766 2387 3869 2459 τὴν

575 2471 719 2523 «mod
764 2468 1136 2539 unusquisque
1171 2479 1410 2525 vestrum
1440 2472 1612 2527 dicit:
1644 2471 1758 2543 Ego
1782 2473 2001 2543 quidem
2044 2491 2164 2531 sum

2282 2462 2637 2535 Ἐκκλησίαν.
2685 2485 2704 2518 ι
2752 2464 2911 2535 Λέγω
2954 2466 3011 2521 δὲ
3061 2468 3238 2535 τοῦτο,
3282 2471 3364 2525 ὅτι
3422 2472 3655 2539 ἕκαστος
3708 2477 3868 2547 ὑμῶν

577 2565 748 2631 Pauli,
780 2580 882 2632 ego
918 2573 1099 2620 autem
1144 2566 1358 2634 Apollo,
1384 2580 1485 2636 ego
1519 2581 1646 2621 vero
1674 2566 1890 2637 Cephaz,
1920 2584 2021 2640 ego
2058 2586 2164 2625 au-

2270 2556 2452 2626 λέγει’
2499 2556 2641 2627 Ἐγὼ
2662 2560 2776 2629 ’μέν
2799 2561 2914 2630 είμι
2944 2560 3182 2627 Παύλου,
3209 2562 3320 2633 ἐγὼ
3350 2563 3408 2618 δὲ
3454 2566 3722 2633 Ἀπολλὼ,
3750 2569 3864 2637 ἐγὼ

575 2671 682 2711 tem
718 2656 946 2711 Christi.
986 2656 1200 2712 Divisus
1249 2665 1330 2713 est
1360 2656 1652 2713 Christus?
1683 2657 1932 2729 Nunquid
1963 2660 2163 2717 Paulus

2267 2646 2547 2717 δὲ’Κηφᾶ,
2583 2648 2693 2716 ἐγὼ
2724 2647 2781 2702 δὲ
2818 2650 3076 2721 Χριστοῦ.
3129 2652 3475 2726 Μεμέρισται
3517 2657 3547 2709 6
3591 2658 3861 2729 Χριστόςς

569 2750 864 2806 cruciﬁxus
889 2758 974 2803 est
1006 2765 1103 2821 pro
1128 2749 1304 2814 vobis,
1338 2759 1433 2804 aut
1465 2750 1518 2804 in
1547 2750 1765 2807 nomine
1792 2749 1941 2805 Pauli
1980 2754 2161 2823 bapti-

2267 2739 2360 2811 Μὴ
2397 2739 2610 2802 Παῦλος
2659 2742 2979 2814 ἐσταυρώθη
3014 2743 3155 2815 ὑπὲρ
3186 2745 3375 2817 ὑμῶν,
3406 2747 3439 2819 ἢ
3476 2749 3557 2813 είς
3586 2750 3647 2804 τὸ
3687 2751 3864 2824 ὄνομα

572 2844 674 2898 zati
723 2843 857 2913 estis
882 2842 964 2894 “‘2
995 2841 1115 2897 ’.εἰ
1171 2858 1302 2913 ergo
1334 2841 1588 2897 Christus
1641 2858 1747 2896 non
1791 2852 1878 2898 est
1926 2844 2155 2912 divisus,

2267 2831 2435 2886 αὑτοῦ
2485 2832 2889 2905 west-riches;
2946 2855 2963 2887 ι
3009 2838 3221 2892 Οὐκοῦν
3251 2840 3300 2893 εί
3340 2840 3416 2912 μὴ
3463 2842 3790 2914 μεμέρισται
3832 2848 3862 2899 6

564 2933 747 2989 omnia
795 2942 847 2987 et
889 2945 1079 2987 omnes
1116 2931 1260 2986 illius
1307 2940 1455 2986 sunt.
1498 2931 1562 2985 Et
1600 2932 1644 2985 si
1704 2930 1749 2985 is
1783 2931 1955 2985 nostri
1991 2947 2155 2987 causa

2265 2924 2526 2995 Χριστὸς,
2570 2926 2751 2981 πάντα
2798 2926 2986 2993 αὑτοῦ,
3028 2929 3121 2982 καὶ
3167 2929 3371 2995 πάντες
3413 2931 3600 2985 αὑτοῦ.
3653 2934 3763 2988 Καὶ
3810 2937 3860 2990 εί

562 3024 858 3079 crucifixus
900 3034 1003 3084 est.
1053 3033 1107 3078 et
1154 3039 1252 3078 nus
1308 3022 1359 3077 in
1415 3022 1634 3078 nmuine
1684 3023 2153 3101 ipsius_baplizati

2262 3016 2427 3082 αὐτὸς
2455 3016 2778 3090 ἐσταυρώθη
2806 3019 2947 3091 ὑπὲρ
2972 3020 3154 3092 ἡμῶν,
3180 3023 3273 3076 καὶ
3301 3024 3380 3087 είς
3399 3023 3461 3077 τὸ
3486 3023 3657 3095 ὄνομα
3682 3025 3854 3080 αὑτοῦ

560 3132 769 3176 sumus.
816 3131 1007 3170 omnes
1051 3116 1236 3185 utique
1283 3115 1359 3170 illi
1408 3115 1704 3180 debemur;
1741 3132 1930 3172 sumus
1971 3125 2151 3172 autem

2261 3109 2702 3182 ἐϐαπτίσθημεν,
2728 3111 2876 3183 αὑτῷ
2894 3112 3137 3185 δηλονότι
3160 3116 3660 3188 κεχρεωστήμεθα·
3683 3119 3855 3189 ἐσμὲν

562 3212 637 3264 illi
666 3209 911 3273 obnoxii,
945 3224 1054 3264 non
1090 3218 1348 3279 tanquam
1386 3208 1590 3264 homini
1629 3208 1804 3264 nostri
1841 3208 2027 3278 simili,
2058 3209 2151 3265 sed

2257 3203 2315 3257 δὲ
2347 3204 2448 3257 οὑκ
2490 3202 2783 3292 ἀνθρώπου
2829 3204 2935 3259 τῶν
2967 3205 3263 3278 καθ’ήμᾶς
3306 3207 3445 3275 ἐνὸς,
3495 3208 3634 3263 ἀλλὰ
3684 3209 3852 3265 Θεοῦ.

560 3312 817 3372 tanquam
847 3302 979 3356 Deo.
1018 3300 1185 3355 Nobis
1218 3316 1349 3370 ergo
1382 3300 1634 3356 Christus
1662 3310 1749 3357 est
1775 3299 1941 3357 Deus.

1490 3301 1634 3356 'istus
1662 3310 1749 3357 est
1775 3299 1941 3357 Deus.
2188 3285 2222 3292 v
2256 3289 2490 3368 Χριστδς
2519 3297 2628 3369 ἄρα
2651 3285 2785 3360 Θεδς
2810 3297 2897 3367 ἐφ’
2925 3298 3093 3368 ἡμᾶς.

635 3412 655 3445 ι
687 3392 953 3461 Quoniam
997 3402 1056 3448 et
1108 3392 1280 3449 .ludtei
1338 3391 1552 3463 signum
1586 3401 1823 3461 petunt,
1872 3403 1927 3449 et
1970 3392 2147 3450 Graeci

2331 3407 2350 3441 ι
2400 3387 2622 3461 Ἐπειδὴ
2655 3389 2754 3445 κα)⁸
2789 3390 3036 3445 Ἰουδαῖοι
3069 3393 3294 3463 σημεῖον
3319 3392 3556 3459 αίτοῦσι,
3594 3394 3686 3448 καὶ
3718 3394 3858 3449 "El-

556 3486 885 3555 sapieutiam
919 3492 1176 3552 quzeruut
1204 3501 1218 3537 :
1255 3498 1354 3538 nos
1376 3494 1557 3538 autem
1600 3484 1960 3553 prtedicamus
1983 3486 2145 3541 Chri-

2253 3479 2414 3551 ληνες
2455 3478 2650 3549 σοφίαν
2686 3480 2973 3552 ζητοῦσινσ
3006 3483 3167 3553 ἡμεῖς
3221 3482 3278 3537 δέ
3315 3484 3669 3556 κηρύσσομεν
3707 3486 3851 3557 Χρι-

557 3587 701 3631 stum
736 3575 1080 3638 cruciﬁxum,
1108 3573 1311 3629 .ludteis
1346 3574 1564 3644 quidem
1597 3573 1935 3649 scandalum,
1971 3576 2147 3645 genti-

2253 3569 2380 3623 στὸν
2400 3570 2857 3641 ἐσταυρωμένον,
2902 3571 3182 3635 Ἰουδαίοις
3212 3573 3313 3643 μὲν
3367 3574 3687 3642 σκάνδαλον,
3714 3575 3850 3629 Ἐλ-

555 3670 658 3723 bus
717 3677 896 3720 autent
940 3664 1227 3720 stultitiam
1256 3665 1320 3719 ³⁵.
1356 3682 1374 3716 ι
1408 3665 1601 3719 Annon
1638 3664 1842 3735 quivis,
1888 3666 2139 3733 obsecro,

2249 3660 2375 3731 λησι
2403 3660 2460 3714 δέ
2488 3661 2721 3733 μωρίαν.
2775 3680 2794 3713 ι
2834 3657 2963 3734 Ἆρ’
2993 3662 3114 3734 οὐχὶ
3144 3665 3255 3728 πᾶς
3296 3665 3547 3721 ὁστισοῦν
3572 3667 3851 3740 ὁμολογή-

553 3759 714 3815 fateri
737 3758 896 3813 debet
921 3757 1288 3828 evangelicam
1308 3756 1751 3826 praedicationem
1775 3773 1969 3813 omnes
1991 3770 2147 3829 quot-

2248 3768 2395 3805 σειεν
2424 3751 2512 3817 ἂν,
2542 3750 2626 3805 ὅτι
2657 3751 2818 3807 καλεῖ
2846 3752 2985 3824 πρὸς
3017 3753 3351 3822 θεογνωσίαν
3379 3757 3481 3829 τὴν
3505 3757 3683 3830 ἀληθῆ
3710 3760 3845 3823 τοὺς

550 3860 685 3920 quot
723 3863 820 3920 per
848 3849 1036 3905 orbem
1068 3847 1246 3917 sparsi
1285 3856 1435 3910 sunt,
1486 3848 1552 3901 ad
1598 3862 1783 3903 veram
1820 3848 1915 3904 Dei
1951 3850 2140 3921 casui-

2244 3842 2352 3899 ἀνὰ
2398 3846 2579 3899 πᾶσαν
2626 3844 2727 3917 τὴν
2768 3845 2871 3917 γῆν
2919 3846 2983 3900 τὸ
3029 3847 3295 3919 κήρυγμα
3329 3848 3391 3903 τὸ
3440 3849 3832 3921 εὑαγγελικόνς

551 3940 756 3997 tionem
785 3939 1056 3995 invitare?
1090 3937 1162 3992 At
1183 3952 1287 4008 qua
1326 3939 1543 3993 tandem
1574 3937 1785 3993 ratione
1806 3938 1948 3995 istud
1975 3940 2138 3995 alicui

2242 3934 2378 3992 Εἶτα
2410 3937 2549 4002 πῶς,
2583 3938 2617 4009 ἢ
2652 3938 2817 4009 πόθεν
2856 3938 3016 3992 τοῦτο
3045 3939 3388 4010 ἀμφίϐολονς
3421 3940 3547 4006 Πῶς
3589 3937 3686 3996 οῦν
3724 3942 3838 4014 ἄρα

546 4031 865 4104 ambiguum
904 4046 1026 4087 esse
1054 4030 1255 4100 queat?
1287 4029 1353 4083 At
1378 4029 1704 4099 cuiusmodi,
1743 4048 1949 4100 quaeso,
1980 4033 2139 4088 Chri-

2242 4029 2609 4103 κηρύττουσιν
2645 4032 2693 4084 οί
2729 4031 3082 4101 μυσταγωγοὶ
3110 4032 3348 4105 Χριστὸν
3377 4034 3833 4107 ἐσταυρωμένονς

548 4138 694 4180 stum
724 4124 1049 4180 cruciﬁxum
1075 4123 1216 4177 sacri
1241 4126 1491 4179 doctores
1520 4124 1853 4194 praedicant?
1893 4126 2136 4194 nunquid

2240 4116 2350 4192 ἆρα
2379 4120 2456 4184 ὡς
2499 4121 2596 4175 ἕνα
2625 4121 2735 4175 τῶν
2766 4121 2889 4175 καθ’
2918 4123 3086 4192 ἡμᾶς,
3122 4122 3214 4177 τὸν
3260 4124 3354 4178 ἐπὶ
3385 4126 3622 4197 σταυροῦ
3663 4127 3835 4182 θάνα-

546 4216 721 4271 solum
744 4215 1020 4271 hominem
1049 4213 1219 4268 nostri
1245 4214 1503 4279 similem,
1525 4216 1614 4284 qui
1644 4225 1874 4271 mortem
1898 4216 1949 4271 in
1971 4231 2135 4273 cruce

2236 4228 2331 4266 τον
2375 4212 2781 4284 ὑπομείναντα,
2815 4212 2911 4266 καὶ
2956 4214 3037 4278 είς
3074 4213 3359 4286 ἄνθρωπον
3395 4217 3428 4288 ὴ
3474 4216 3569 4271 τοῦ
3618 4219 3830 4292 κόσμου

541 4307 860 4379 pertulisset
881 4347 895 4370 ,
922 4308 993 4360 ita
1027 4305 1215 4375 utjam
1246 4305 1299 4359 in
1329 4306 1633 4374 simplicem
1664 4306 1938 4362 hominem
1975 4323 2133 4362 mun-

2238 4300 2421 4368 πίστις
2452 4304 2789 4376 πράττεταις
2844 4305 2936 4376 Μὴ
2980 4305 3229 4373 γένοιτοί
3272 4307 3727 4380 Πεπιστεὺκαμεν
3773 4312 3831 4366 δὲ

543 4405 645 4456 dus
686 4399 914 4456 credat?
942 4397 1131 4453 Absit!
1175 4398 1519 4453 Credidimus
1559 4398 1703 4453 enim
1742 4399 1795 4452 in
1829 4399 1994 4454 Deum
2046 4401 2130 4454 vi-

2233 4396 2356 4467 Θεῷ
2383 4395 2547 4461 ζῶντι
2584 4396 2677 4449 καὶ
2714 4396 2978 4467 ἀληθινῷ.
3024 4397 3158 4451 Θεὸν
3183 4393 3278 4452 οῦν
3302 4394 3411 4453 οἶδε
3450 4401 3688 4467 Χριστὸν
3734 4403 3830 4457 τὸν

540 4507 666 4545 vum
697 4499 753 4545 et
780 4505 990 4547 vermn.
1022 4487 1299 4543 Christum
1336 4486 1565 4556 proinde
1601 4487 1918 4543 cruciﬁxum
1959 4487 2127 4543 Deum

2234 4488 2673 4561 ἐσταυρωμένον,
2708 4487 2803 4542 καὶ
2835 4488 2914 4559 τῷ
2936 4488 3125 4560 κόσμῳ
3164 4489 3446 4562 κηρύττει,
3464 4491 3829 4565 τεθαρσηκὼς

540 4592 661 4638 esse
698 4580 877 4645 uorat,
906 4580 1241 4649 mundoque,
1274 4579 1418 4648 quod
1470 4579 1523 4633 itt
1568 4577 1716 4634 illum
1763 4580 1989 4636 credens
2020 4597 2127 4636 non

1177 4596 1241 4644 te,
1274 4579 1418 4648 quod
1470 4579 1523 4633 in
1568 4577 1716 4634 illum
1763 4580 1989 4636 credens
2020 4597 2127 4636 non
2160 4579 2207 4639 D
2233 4584 2315 4637 ὅτι
2354 4582 2428 4653 μὴ
2463 4581 2780 4651 σφάλλεται.

539 4683 707 4739 erret,
732 4673 999 4743 intrepide
1027 4670 1335 4726 annuntiat.

615 4785 635 4818 ε
667 4766 733 4820 Et
762 4781 864 4835 ego
899 4780 1021 4819 cum
1054 4764 1325 4819 venissem
1368 4763 1452 4833 ad,
1473 4778 1586 4825 vos,
1606 4762 1823 4828 fratres,
1856 4764 1978 4818 veui
2017 4779 2120 4819 non

2308 4779 2328 4812 ι
2376 4759 2550 4829 Κάγὼ
2580 4758 2751 4813 ἐλθὼν
2770 4759 2906 4829 πρὸς
2935 4760 3101 4832 ὑμᾶς,
3134 4759 3374 4830 ἀδελφοὶ,
3408 4757 3574 4834 ἦλθον
3601 4764 3665 4818 οὑ
3698 4766 3824 4821 καθ’

540 4857 595 4914 in
633 4858 965 4914 sublimitate
995 4856 1285 4919 sermonis,
1324 4864 1418 4908 aut
1462 4855 1763 4923 sapientiae,
1795 4856 2122 4925 annuntians

2230 4852 2506 4925 ὑπεροχὴν
2552 4851 2734 4921 λόγου,
2785 4851 2819 4922 ἢ
2866 4852 3091 4923 σοφίας,
3142 4854 3533 4924 καταγγέλλων
3584 4858 3715 4929 ὑμῖν
3763 4860 3824 4913 τὸ

538 4950 695 5005 vobis
737 4948 1108 5006 testimonium
1154 4946 1380 5003 Christi.
1432 4945 1547 5000 Non
1583 4948 1727 5001 enim
1762 4946 1997 5015 judicavi
2037 4963 2121 5002 me

2232 4947 2535 5019 μαρτύριον
2575 4943 2669 5000 τοῦ
2714 4944 2871 4998 Θεοῦ.
2912 4945 2989 4998 υὺ
3037 4945 3147 5016 γὰρ
3192 4944 3385 5015 ἐκρινα
3434 4947 3636 5002 ειδέναι
3672 4969 3724 5004 τι
3762 4953 3823 5004 ἐν

536 5043 679 5098 seire
723 5040 929 5111 aliquid
984 5042 1127 5095 inter
1155 5056 1272 5101 vos,
1327 5039 1430 5093 nisi
1481 5037 1667 5094 Jesum
1712 5038 2015 5103 Christum,
2067 5047 2124 5094 et

2225 5043 2377 5111 ὑμῖν,
2410 5041 2458 5093 εί
2486 5040 2562 5111 μὴ
2608 5037 2814 5110 Ἰησοῦν
2834 5038 3093 5109 Χριστὸν,
3124 5038 3219 5092 καὶ
3248 5038 3437 5093 τοῦτον
3459 5042 3818 5115 ἐσταυρωμέ-

534 5136 681 5191 huuc
728 5132 1140 5186 cruciﬁxum”.
1179 5150 1196 5183 ι
1230 5130 1370 5186 Ecce
1422 5130 1513 5186 hic
1560 5145 1681 5209 cum
1726 5132 1817 5185 Dei
1870 5132 2122 5187 testimo-

2224 5152 2334 5189 νον,
2376 5152 2394 5185 ι
2445 5132 2577 5185 Ἰδοὺ
2602 5131 2668 5201 δὴ
2708 5130 2895 5201 σαφῶς
2926 5129 2987 5183 τὸ
3019 5130 3319 5200 μαρτύριον
3351 5132 3446 5186 τοῦ
3480 5132 3618 5188 Θεοῦ
3645 5134 3823 5204 λέγων

535 5228 682 5281 nium
726 5224 931 5279 mundo
974 5240 1033 5279 se
1076 5226 1407 5278 annuntiare
1454 5223 1661 5291 liquido
1697 5231 1953 5292 exponat.
1994 5239 2119 5279 mox

2228 5224 2623 5294 καταγγέλλειν
2652 5222 2730 5295 τῷ
2773 5223 2984 5292 κόσμῳ,
3016 5224 3249 5293 Χριστὸν
3293 5225 3500 5295 Ἰησοῦν
3542 5228 3818 5298 ἐπήγαγε,

531 5330 709 5374 tamen
754 5317 1031 5374 Christum
1078 5317 1263 5372 Jcsmu
1321 5317 1599 5388 adjungit,
1642 5327 1698 5372 et
1757 5333 1881 5373 eum
1941 5319 2119 5375 cruci-

2227 5320 2325 5375 καὶ
2365 5317 2556 5373 τοῦτον
2607 5316 3044 5387 ἐσταυρωμένον.
3100 5316 3234 5380 Θεὸς
3285 5312 3379 5371 οῦν
3437 5316 3545 5388 ἄρα
3599 5320 3750 5373 ἐστὶν
3791 5323 3824 5374 6

532 5414 719 5466 lix‘um.
766 5410 911 5467 Deus
957 5412 1122 5481 igitur
1157 5419 1242 5465 est
1287 5407 1540 5464 Christus
1583 5406 1761 5471 Jesus,
1809 5412 1900 5480 qui
1937 5414 2118 5468 crucis

2228 5410 2459 5483 σταυρὸν
2508 5409 2577 5479 δι’
2626 5409 2773 5479 ἡμᾶς
2806 5407 3107 5478 ὑπομείνας
3154 5408 3386 5480 Χριστὸς
3454 5409 3699 5479 Ἰησοῦς⁹
3754 5406 3817 5465 οῦ

529 5503 853 5574 supplicium
904 5503 1074 5558 nostri
1134 5516 1299 5557 causa
1352 5499 1649 5564 sustinuit;
1707 5499 1862 5570 cujus
1897 5517 2116 5573 quoque

2225 5505 2320 5560 καὶ
2365 5503 2425 5558 τὸ
2471 5500 2772 5575 μαρτύριον
2814 5500 2915 5553 οὑκ
2965 5502 3024 5554 ἐν
3075 5501 3317 5572 ὑπεροχῇ
3362 5501 3524 5570 λόγου
3579 5503 3675 5556 καὶ
3725 5521 3817 5556 σο-

529 5598 901 5652 testimonium
943 5596 1143 5651 mttndo
1177 5611 1273 5666 per
1321 5601 1539 5650 sanctos
1578 5593 1854 5662 apostolos
1893 5611 2106 5650 annun-

2217 5596 2347 5666 φίας
2396 5594 2666 5663 κοσμικῆς
2723 5591 3152 5661 καταγγέλλεται
3202 5591 3281 5664 τῷ
3337 5593 3527 5666 κόσμῳ
3568 5593 3661 5648 διὰ
3702 5593 3811 5646 τῶν

605 5750 798 5803 ’Rum.
823 5766 931 5809 xvi.
968 5752 1047 5805 lli.
1117 5747 1453 5805 “l'l‘itnuth.
1488 5764 1567 5807 tu.
1590 5751 1680 5806 25.
1763 5752 1800 5783 “
1829 5750 1984 5806 Rom.
2021 5748 2239 5816 “1,20.
2322 5750 2362 5780 η
2391 5747 2548 5803 Joan.
2586 5763 2695 5811 xw,
2728 5746 2817 5798 9.7.
2902 5749 2943 5777 ”
2977 5748 2990 5801 1
3022 5747 3146 5803 Cur.
3176 5765 3208 5810 ι,
3258 5750 3301 5803 l.
3386 5749 3576 5807 “ibid.
3604 5750 3685 5815 l2,
3719 5750 3803 5805 l5.

533 5820 574 5853 ιι
608 5820 737 5876 ibid.
769 5820 861 5886 εν,
886 5821 977 5876 νδ.
1092 5820 1134 5853 ιο
1164 5820 1185 5876 ι
1219 5818 1345 5876 Cor.
1379 5835 1438 5889 ιι,
1478 5821 1530 5889 t,
1568 5821 1623 5877 9..
