4060 6420
262 392 399 451 1935

1367 392 1459 449 DE
1496 392 1719 448 RECTA
1763 390 1921 446 FIDE
1958 388 2049 445 AD
2090 384 2410 444 llEGlNAS.

3401 380 3535 433 193$

254 509 429 577 ἁγίων
476 505 809 573 ἀποστόλων,
853 508 966 562 ἀλλ’
1009 508 1084 573 ὡς
1123 509 1180 561 ἐν
1219 508 1446 581 δυνάμει
1497 509 1826 579 Ιῐνεῦματος

1951 506 2138 560 tiatnm
2182 513 2287 568 est,
2332 515 2436 554 non
2492 498 2761 554 sermonis
2803 495 3125 563 eminentia,
3179 494 3532 549 mnndanmvc

328 702 348 736 ι
394 682 596 752 Σοφίαν
638 682 696 736 δὲ
726 682 996 753 λαλοῦμεν
1034 678 1091 737 ἓν
1121 685 1231 748 τοῖς
1263 684 1523 747 τελείοις·
1558 682 1750 752 σοφίαν
1778 682 1836 736 δὲ

248 776 311 830 οὐ
341 773 663 838 τοῦναίὦνος
686 775 898 842 τούτου,
929 774 1049 828 οὐδὲ
1078 773 1187 827 τῶν
1213 774 1489 845 ἀρχόντων
1522 773 1618 827 τοῦ
1641 773 1834 836 αἰῶνος

246 868 464 932 τούτου,
494 867 603 922 τῶν
652 868 1146 940 καταργουμένων·
1197 866 1334 921 ἀλλὰ
1381 866 1651 936 λαλοῦμεν
1695 864 1832 917 Θεοῦ

250 958 445 1026 σοφίαν
476 959 532 1010 ὲν
568 958 873 1029 μυστηρίῳ,
906 956 1560 1028 τὴν-ἀποκεκρυμμένην,
1592 940 1673 1026 ἦν’
1701 973 1833 1026 προ-

247 1051 448 1122 ώρισεν
486 1052 516 1103 6
551 1050 684 1114 Θεὸς
711 1052 818 1120 πρὸ
846 1050 953 1103 τῶν
986 1049 1198 1103 αἰώνων
1226 1051 1306 1112 είς
1350 1049 1512 1116 δόξαν
1537 1048 1697 1119 ἡμῶν
1720 1064 1732 1077 ⁸
1765 1048 1833 1118 ἦν

245 1142 424 1204 οὐδεὶς
450 1140 562 1194 τῶν
581 1141 860 1211 ἀρχόντων
887 1140 983 1194 τοῦ
1013 1140 1208 1204 αἰῶνος
1259 1139 1450 1194 τούτου
1475 1139 1730 1208 ἔγνωκεν.
1771 1137 1834 1190 Εἰ

245 1234 360 1302 γὰρ
387 1232 652 1301 ἔγνωσαν,
691 1234 793 1285 οὐκ
831 1232 897 1286 ἂν
923 1233 1014 1286 τὸν
1060 1232 1265 1303 Κύριον
1306 1232 1407 1301 τῆς
1435 1232 1593 1301 δόξης
1636 1229 1835 1282 ἐσταύ-

249 1342 453 1398 ρωσαν.
495 1345 515 1377 ι
555 1325 618 1378 Εί
651 1323 787 1377 Θεοῦ
820 1324 980 1393 σοφία
1007 1324 1067 1377 τὸ
1098 1325 1395 1395 μυστήριον
1427 1321 1685 1395 Χριστοῦ,
1716 1319 1833 1376 εἶτα

246 1415 325 1485 τῷ
356 1419 550 1486 κόσμῳ
579 1415 934 1487 κηρύττεται,
988 1416 1083 1469 καὶ
1125 1415 1260 1479 Θεὸς
1298 1416 1399 1468 οὐκ
1437 1415 1584 1468 ἐστιν
1615 1414 1832 1484 ἀληθῶς

246 1507 388 1560 κατὰ
414 1509 476 1560 τό
504 1524 667 1572 τισιν,
698 1509 798 1561 οὐκ
826 1503 922 1561 οἶδ’
954 1509 1123 1572 ὅπως,
1150 1507 1362 1570 δοκοῦν,
1384 1507 1478 1561 καί
1509 1510 1588 1571 εἰς
1606 1508 1769 1560 αὑτὸν
1795 1510 1827 1578 ἡ

246 1599 429 1660 πίστις
445 1596 547 1668 (1)’
577 1598 694 1661 πῶς
715 1598 903 1651 ἔστιτὸ
922 1599 1224 1670 μυστήριον
1242 1597 1421 1667 σοφὸν,
1442 1598 1603 1667 εἱτῆς
1618 1598 1833 1669 ἀληθῶς

245 1688 935 1758 θεογνωσίαςάποκομίζει
968 1690 1093 1752 τοὺς
1145 1691 1236 1742 ἐπὶ
1267 1691 1536 1761 τῆς.γῆς,
1595 1691 1689 1741 καὶ
1735 1690 1831 1744 λα.-

242 1780 430 1850 τρείαν
478 1779 767 1853 ἁνθρώτωῦ
795 1781 896 1851 τὴν
925 1781 1307 1853 οἰκοῦμενικὴν
1351 1782 1640 1845 ἁποτελεῖ;
1690 1782 1829 1834 Ἀλλ’

243 1874 304 1926 οῦ
348 1872 505 1926 τοῦτο
530 1874 680 1926 ἐστιν
729 1871 946 1943 ἀληθές.
983 1873 1152 1943 Σοφὸν
1180 1872 1238 1926 δὲ
1282 1873 1343 1926 τὸ
1387 1874 1706 1944 μυστήριον,
1749 1874 1831 1926 ὅτι

242 1963 364 2034 (α)εῷ
416 1964 682 2034 προσάγει
734 1965 861 2027 τοὺς
919 1965 1402 2035 πεπλανημένους’
1459 1965 1591 2029 Θεὸς
1643 1965 1752 2041 ἄρα
1801 1967 1829 2017 ὁ

244 2056 497 2126 Χριστός.
542 2050 770 2127 Εἴρηται
797 2055 854 2109 δὲ
884 2058 978 2110 καὶ⁸
1010 2056 1234 2121 δικαίως
1268 2057 1470 2129 Κύριος
1492 2059 1589 2128 τῆς
1621 2056 1776 2127 δόξης
1800 2057 1828 2107 ὁ

242 2147 269 2196 ἔ
276 2154 407 2199 σταυ
415 2165 492 2216 ρω
499 2147 678 2218 μένος.

246 2256 464 2297 rursum
512 2242 755 2298 reducat.
804 2238 935 2298 Jure
988 2242 1155 2311 igitur
1212 2240 1518 2311 meritoque
1576 2251 1628 2296 ct
1681 2242 1820 2295 Deus

242 2334 578 2405 perhibetur.
1466 2322 1480 2336 ’

316 2443 335 2476 ι
382 2423 541 2487 Κατὰ
568 2425 667 2496 τὴν
706 2424 864 2497 χάριν
902 2424 995 2480 τοῦ
1037 2424 1173 2481 Θεοῦ
1219 2427 1317 2498 τὴν
1339 2424 1587 2480 δοθεῖσάν
1617 2442 1730 2496 μοι,
1754 2425 1831 2491 ὡς

242 2515 401 2582 σοςρὸς
437 2516 774 2586 ἁρχιτέκτων
835 2515 1083 2587 θεμέλιον
1110 2517 1305 2590 ἔθηκα,
1343 2517 1501 2582 ἄλλος
1529 2518 1587 2571 δὲ
1616 2520 1831 2572 ἐποικο-

236 2605 411 2675 δομεῖ.
435 2603 693 2674 Θεμέλιον
712 2606 822 2678 γὰρ
843 2606 1005 2673 ἄλλος
1036 2609 1461 2673 οὺδεὶςδύναται
1484 2609 1656 2665 θεῖναι
1679 2610 1831 2683 παρὰ

239 2697 331 2749 τὸν
374 2695 647 2766 κείμενον,
689 2698 748 2763 ὅς
791 2702 965 2755 ἐστιν-κ
981 2700 1193 2774 Ἰησοῦς
1221 2703 1508 2773 Χριστός.»
1537 2703 1600 2756 Εἰ
1629 2705 1831 2776 ἐπερη-

247 2786 510 2856 ρεισμεοα
556 2788 811 2861 καθάπερ
860 2791 967 2845 τινὶ
1014 2791 1252 2864 θεμελίῳ
1296 2794 1553 2866 Χριστῷ,
1602 2782 1697 2849 καὶ
1737 2797 1825 2849 ἐπ’

241 2877 388 2961 αὐτῷ
412 2878 503 2931 διὰ
531 2880 769 2945 πίστεως
804 2882 1252 2954 οἰκοδομούμεθα,
1283 2887 1380 2938 καὶ
1419 2885 1568 2940 ἐστιν
1595 2886 1756 2950 αὐτὸς
1788 2887 1822 2956 ἠ

238 2970 458 3025 πάντων
485 2973 780 3041 ἀσφάλεια,
817 2973 934 3038 πῶς
959 2975 1061 3029 οὐκ
1100 2975 1167 3029 ἂν
1206 2974 1293 3049 εἴη
1337 2976 1470 3042 Θεὸς
1498 2977 1733 3049 ἀληθῶς,
1766 2979 1827 3032 ἐν

233 3057 279 3131 ᾧ
308 3062 380 3118 τὰ
406 3063 608 3128 πάντα,
638 3067 732 3120 καὶ
763 3068 796 3138 ή
828 3067 979 3139 παρὰ
1016 3068 1236 3122 πάντων
1259 3068 1535 3136 πίστιςΓ,
1555 3071 1617 3124 οὐ
1645 3070 1826 3155 καθῲς

1943 595 2221 665 sapientia:
2258 594 2422 658 fastu,
2449 593 2541 646 sed
2601 588 2837 659 Spiritus
2886 594 3084 643 virtute
3114 596 3168 652 et
3199 589 3530 643 ostensione.

2017 703 2036 737 ι
2069 686 2398 756 Sapientiam
2460 692 2640 738 autem
2670 668 2687 683 ⁸
2710 681 2982 750 loquimur
3019 681 3163 734 inter
3217 679 3527 750 perfectos:

1943 776 2264 848 sapientiam
2315 789 2444 830 vero
2496 789 2601 828 non
2646 771 2806 842 hujus
2857 770 3067 834 saeculi,
3112 785 3286 839 neque
3330 770 3533 839 princi-

1942 886 2067 941 pum
2096 870 2255 939 hujus
2293 866 2501 929 steculi,
2550 858 3074 935 qui‘destrunntur;
3130 865 3223 917 scd
3260 863 3533 929 loquimur

1944 964 2034 1018 Dei
2085 961 2405 1031 sapientiam
2456 960 2509 1012 in
2559 958 2849 1028 mysterio;
2895 970 3014 1025 qum
3062 955 3377 1011 abscondita
3420 965 3530 1013 est.

1940 1069 2107 1123 quam
2149 1051 2556 1123 praedestinavit
2612 1048 2752 1103 Deus
2793 1058 2919 1101 ante
2972 1046 3165 1101 sa'cnla
3207 1046 3259 1100 iu
3297 1042 3527 1115 glorifun

1942 1153 2217 1205 nostram;
2263 1155 2424 1211 quam
2464 1152 2624 1193 nemo
2650 1137 2961 1206 principum
3013 1136 3177 1203 hujus
3217 1133 3401 1189 saeculi
3437 1146 3532 1186 co-

1940 1234 2147 1304 gnovit.
2186 1231 2243 1286 Si
2284 1230 2428 1284 enim
2462 1228 2866 1298 cognovissent,
2913 1239 3189 1293 nunquam
3240 1222 3532 1276 D'Ominum

1938 1321 2131 1393 plurim
2147 1318 2544 1376 crucilixisseut
2571 1317 2635 1370 "'.
2670 1333 2688 1368 ι
2726 1315 2783 1372 Si
2816 1315 3021 1371 Christi
3047 1314 3398 1384 mysterium,
3419 1311 3530 1382 62

1939 1416 2081 1485 quod
2130 1414 2332 1468 mundo
2375 1413 2756 1467 annuntiatnm
2811 1420 2918 1473 est,
2966 1407 3059 1463 Dei
3109 1407 3375 1477 sapientia
3422 1417 3529 1465 est,

1940 1520 2116 1576 neque
2155 1514 2335 1560 tamen
2375 1504 2648 1568 Christus,
2684 1507 2739 1557 in
2779 1517 2943 1573 quem
2997 1500 3130 1554 lides
3170 1498 3434 1568 exigitur,
3467 1510 3530 1551 ιιι

1940 1599 2079 1653 male
2126 1597 2314 1653 nescio
2356 1597 2630 1665 quomodo
2675 1593 3002 1665 quibusdam
3059 1604 3386 1661 persuasum
3421 1601 3527 1650 esu,

1940 1705 2099 1745 verus
2158 1689 2297 1743 Deus
2348 1697 2479 1742 est:
2525 1686 2803 1758 quomodo
2842 1692 3242 1739 sacramentum
3289 1680 3395 1736 hoc
3440 1693 3530 1733 sn-

1941 1785 2189 1839 hlime-et
2218 1785 2437 1853 sapiens
2481 1793 2584 1847 esr,
2622 1780 2673 1835 si
2704 1777 2957 1834 homines
2989 1792 3016 1830 a
3050 1790 3173 1829 vera
3217 1773 3310 1827 Dei
3350 1771 3533 1838 cogni-

1871 1856 1910 1910 Β
1941 1877 2105 1929 tione
2138 1870 2383 1941 abducit;
2434 1883 2490 1930 et
2534 1874 2601 1926 ab
2651 1871 2787 1927 orbe
2841 1879 3134 1928 terrarum,
3205 1873 3265 1918 ut
3322 1862 3526 1917 homini

1920 1963 2176 2021 ‘divinum
2211 1966 2412 2019 cultum
2438 1964 2806 2034 impertiatur,
2831 1958 3042 2029 exigit?
3076 1958 3274 2011 Verum
3310 1970 3412 2009 non
3448 1956 3525 2008 ita

1935 2069 2024 2110 res
2059 2054 2242 2109 habet.
2276 2052 2608 2109 Profundum
2661 2049 2809 2105 enim
2855 2058 2912 2103 et
2946 2048 3165 2117 sapiens
3201 2043 3520 2116 mysterium

1935 2157 2037 2213 est,
2086 2147 2286 2219 quippe
2326 2146 2468 2216 quod
2515 2146 2565 2200 in
2610 2156 2855 2199 errorem
2900 2139 3163 2195 abductos
3221 2139 3287 2190 ad
3346 2135 3516 2190 Dt‘lllll

1860 2238 2161 2311 appellatur
2196 2236 2472 2304 Christus,
2550 2244 2606 2291 et
2678 2232 2865 2303 gloria:
2909 2231 3171 2309 Dominus
3207 2226 3514 2317 cruciﬁxus

2012 2444 2031 2477 ι
2063 2424 2370 2480 Secundum
2407 2412 2637 2493 gratiam
2676 2418 2791 2485 Dei,
2828 2432 2947 2488 qua:
2989 2419 3225 2472 data'est
3260 2412 3389 2467 mihi
3413 2457 3426 2479 ,
3463 2418 3522 2465 ut

1937 2514 2153 2584 sapiens
2174 2512 2505 2568 architectus
2528 2509 2939 2564 fundamentum
2965 2506 3146 2576 posui,
3171 2504 3309 2559 alius
3337 2512 3519 2557 autem

1935 2604 2358 2676 supertedilicat.
2424 2602 2867 2659 Fundamentum
2938 2599 3084 2653 enim
3150 2596 3310 2651 aliud
3362 2612 3522 2649 neum

1933 2706 2114 2768 potest
2139 2712 2345 2768 ponere
2373 2708 2574 2767 prater
2610 2694 2660 2749 id
2695 2696 2839 2763 quod
2858 2693 3093 2763 positum
3129 2700 3237 2755 est,
3267 2689 3407 2759 quod
3440 2698 3522 2742 est

1933 2789 2188 2846 Christus
2228 2788 2472 2845 Iesus“.
2508 2807 2526 2839 ι
2576 2786 2632 2842 Si
2684 2785 2904 2842 Christo
2952 2782 3184 2852 perinde
3225 2796 3289 2836 ac
3319 2779 3519 2833 funda-

1933 2892 2114 2937 mento
2146 2882 2380 2951 cuipiam
2432 2881 2735 2944 innitimur,
2777 2885 2833 2931 et
2862 2891 2959 2945 per
2988 2874 3151 2930 tidem
3199 2888 3362 2943 super
3395 2888 3518 2927 eum

1928 2972 2322 3039 construimur,
2362 2981 2420 3027 et
2458 2972 2571 3041 ipse
2603 2969 2845 3024 omnium
2891 2976 2976 3023 est
3020 2966 3212 3022 salus:
3251 2964 3341 3034 qui
3388 2964 3504 3017 licri

1930 3072 2124 3134 potest,
2151 3073 2208 3119 ut
2235 3078 2399 3119 verus
2432 3062 2573 3118 Deus
2607 3076 2711 3117 non
2736 3060 2842 3125 sit,
2891 3073 3014 3115 eum
3040 3060 3094 3113 in
3118 3072 3184 3112 eo
3216 3056 3520 3112 consistant

233 3155 319 3217 είς
361 3154 458 3209 ἕνα
490 3155 601 3209 τῶν
634 3156 753 3211 καθ’
786 3158 955 3228 ἡμᾶς,
996 3159 1080 3212 ὃτι
1125 3159 1202 3231 μὴ
1235 3160 1410 3215 κτίσει
1459 3147 1825 3233 λελατρεύκα-

1929 3153 2135 3217 omnia,
2185 3152 2426 3222 ﬁdesque
2472 3163 2657 3207 uosua
2698 3151 2767 3214 de
2807 3151 2926 3220 ipso
2968 3149 3061 3212 sit,
3116 3162 3221 3202 non
3272 3147 3414 3202 sicut
3449 3148 3516 3200 de

236 3262 361 3317 μεν,
390 3246 527 3302 ἀλλὰ
548 3247 669 3319 Θεῷ
693 3247 772 3320 τῷ
803 3249 964 3318 φύσει
1008 3251 1103 3304 καὶ
1141 3250 1394 3323 ἄληθῶςς

311 3529 334 3568 t
381 3511 496 3567 Οὐκ
541 3511 743 3578 οἴδατε,
794 3513 874 3566 ὅτι
909 3514 1034 3579 ναὸς
1064 3512 1200 3569 Θεοῦ
1233 3516 1358 3570 ὲστε
1387 3518 1567 3588 ὑμεῖς,
1618 3520 1710 3573 καὶ
1760 3521 1823 3574 τὸ

230 3603 582 3674 Π-νεῦματοῦ
617 3602 752 3658 Θεοῦ
781 3606 1006 3659 οίκείλὲν
1037 3606 1196 3677 ὑμῖν;
1232 3608 1298 3660 Εἴ
1319 3626 1403 3673 τις
1429 3609 1521 3663 τὸν
1556 3610 1682 3665 ναὸν
1725 3612 1821 3666 τοῦ

228 3695 372 3750 Θεοῦ
420 3695 654 3767 φθείρει,
696 3696 889 3767 φθερεῖ
934 3699 1124 3753 τοῦτον
1162 3701 1190 3753 6
1232 3701 1387 3766 Θεός.
1440 3702 1500 3756 '0
1534 3703 1649 3774 γὰρ
1697 3705 1822 3768 ναὸς

226 3790 328 3843 τοῦ
357 3787 491 3841 Θεοῦ
542 3789 698 3857 ἅγιός
750 3790 921 3854 ἐστιν,
947 3791 1145 3855 οἵτινές
1195 3790 1319 3845 ἐστε
1369 3794 1549 3863 ὑμεῖς.
1587 3817 1608 3847 ι
1666 3796 1729 3848 EE
1762 3795 1822 3848 τὸ

228 3882 462 3952 Πνεῦμα
503 3880 741 3952 Χριστοῦ
786 3881 1088 3953 δεχόμενοι,
1139 3883 1266 3947 ναὸς
1313 3883 1448 3938 Θεοῦ
1490 3886 1822 3957 χρηματίζο-

232 3989 358 4041 ps»,
391 3969 508 4034 πῶς
537 3969 600 4025 οὗ
630 3968 765 4034 Θεὸς
797 3970 1036 4042 ἀληθῶς,
1065 3972 1094 4023 6
1115 3969 1184 4024 δι’
1212 3970 1272 4025 ὃν
1316 3974 1477 4042 ἡμεῖς
1506 3974 1675 4042 ἐσμεν
1699 3975 1819 4026 ναοὶ

224 4062 370 4117 Θεοῦ
390 4080 423 4128 ;.

304 4173 325 4205 ‹
373 4154 539 4207 Ὥστε
569 4152 647 4225 μὴ
678 4153 785 4223 πρὸ
816 4152 1088 4224 καιροῦ-τι
1121 4153 1363 4226 κρίνετε,
1397 4153 1503 4217 ἓως
1536 4152 1604 4208 ἂν
1634 4153 1765 4227 ἔλθῃ
1789 4157 1818 4208 6

223 4245 460 4318 Κύριος,
488 4246 548 4309 ὃς
583 4244 682 4299 καὶ
708 4244 935 4316 φωτίσει
978 4245 1048 4299 τὰ
1073 4247 1293 4317 κρυπτά
1320 4246 1416 4299 τοῦ
1449 4246 1694 4310 σκότους,
1722 4246 1819 4300 καὶ

222 4336 540 4410 φανερώσει
587 4339 688 4402 τὰς
733 4337 930 4408 βουλὰς
976 4336 1088 4391 τῶν
1141 4338 1400 4409 καρδιῶν.
1450 4340 1561 4394 Καὶ
1623 4339 1746 4393 τότε
1791 4341 1819 4394 6

216 4429 454 4493 ἔπαινος
504 4432 798 4501 γενήσεται
848 4430 1063 4501 ἑκάστῳ
1110 4432 1262 4501 παρὰ
1306 4431 1402 4485 τοῦ
1449 4430 1606 4485 Θεοῦ.
1652 4451 1671 4485 ι
1708 4431 1815 4486 Τὸν

1930 3244 2148 3306 homine
2201 3244 2437 3313 quodam
2475 3242 2645 3297 nostri
2680 3240 2874 3306 simili,
2904 3239 3173 3309 siquidem
3208 3247 3516 3295 creaturam

1930 3350 2034 3389 non
2085 3333 2400 3401 adoramus,
2462 3335 2557 3389 sed
2616 3348 2739 3389 eum
2789 3333 2882 3403 qui
2933 3330 3165 3386 veritate
3219 3340 3274 3384 et
3324 3338 3518 3383 natura

1930 3425 2069 3479 Deus
2091 3435 2173 3479 est
2197 3425 2241 3478 ?‘

2004 3534 2023 3567 ι
2053 3515 2288 3573 Nescitis
2308 3518 2437 3588 quia
2468 3515 2728 3586 templum
2755 3515 2853 3571 Dei
2880 3515 3016 3571 estis
3043 3529 3173 3580 vos,
3196 3522 3251 3568 et
3282 3510 3518 3582 Spiritus

1930 3607 2021 3664 Dei
2058 3608 2271 3665 habitat
2304 3610 2357 3665 iu
2408 3608 2603 3666 vobis?
2636 3608 2693 3665 Si
2724 3608 2848 3679 quis
2892 3615 3085 3663 autem
3111 3606 3369 3676 templum
3415 3603 3514 3660 Dei

1928 3700 2231 3766 violaverit,
2286 3701 2569 3772 disperdet
2624 3701 2775 3756 illum
2812 3699 2973 3756 Deus.
3038 3698 3320 3766 Templum
3369 3697 3516 3751 enim

1928 3790 2023 3845 Dei
2068 3800 2321 3845 sanctum
2362 3800 2470 3855 est,
2523 3791 2669 3861 quod
2724 3790 2856 3846 estis
2907 3803 3006 3845 vos
3031 3788 3095 3842 ¹⁹.
3125 3805 3146 3837 ι
3202 3784 3258 3840 Si
3309 3783 3517 3842 Christi

1926 3879 2187 3950 Spiritum
2226 3880 2608 3950 suscipientes,
2653 3880 2913 3949 templum
2966 3877 3061 3932 Dei
3102 3892 3290 3931 sumus
3325 3892 3340 3928 :
3380 3893 3519 3945 quo-

1923 3971 2085 4026 modo
2134 3986 2297 4027 verus
2344 3969 2489 4026 Deus
2537 3972 2847 4026 censendus
2902 3985 3008 4025 non
3057 3977 3161 4034 est,
3210 3979 3306 4036 per
3350 3982 3512 4036 quem

1924 4063 2120 4133 templa
2150 4064 2244 4119 Dei
2284 4063 2707 4121 constituimur?

1998 4176 2018 4208 σ
2050 4157 2237 4228 Itaque
2277 4156 2447 4213 nolite
2483 4166 2614 4212 ante
2655 4167 2869 4228 tempus
2922 4156 3509 4231 judicare,_quoadus-

1921 4263 2026 4318 que
2054 4247 2236 4304 veniat
2268 4247 2550 4316 Dominus,
2582 4249 2672 4318 qui
2716 4256 2773 4304 et
2802 4248 3138 4307 illuminabit
3180 4251 3506 4308 abscondita

1924 4339 2289 4404 tenebrarum,
2320 4347 2385 4417 et
2432 4338 2810 4395 manilestabit
2859 4338 3085 4395 consilia
3134 4341 3380 4396 eordium
3413 4359 3426 4394 :
3458 4352 3515 4396 et

1924 4438 2051 4484 tunc
2082 4429 2201 4483 laus
2243 4429 2352 4484 erit
2391 4429 2690 4500 unicuique
2724 4444 2755 4484 a
2786 4429 2898 4485 Deo
2921 4430 2989 4486 ³⁸.
3016 4449 3044 4485 .r
3083 4431 3372 4487 Dominum
3410 4448 3510 4485 uo-

174 4546 179 4549 ·
215 4521 441 4595 Κύριον
465 4523 626 4594 ἡμῶν
674 4523 882 4593 Ἰησοῦν
925 4522 1017 4578 τὸν
1063 4524 1303 4604 Χριστὸν
1339 4522 1398 4590 ἐξ
1444 4523 1814 4593 οὐρανοῦκαι

1928 4530 2094 4577 strum
2127 4519 2312 4577 J'esum
2342 4519 2626 4576 Christum
2672 4519 2801 4577 olim
2849 4535 2880 4574 e
2924 4522 3081 4578 ctelis
3112 4523 3508 4577 descensurum
3554 4536 3561 4545 ε

211 4615 462 4686 ταεῆναι
511 4612 902 4688 προσδοκῶμεν
936 4616 1079 4671 κατὰ
1111 4618 1358 4688 καιροὺς,
1391 4608 1438 4684 ᾧ
1472 4615 1569 4669 καὶ
1614 4612 1827 4679 itane;

213 4706 701 4780 παραστησόμεθα
730 4708 967 4780 κρίνοντι
998 4709 1069 4762 τὰ
1101 4706 1344 4781 κρυπτὰ,
1371 4707 1466 4761 καὶ
1492 4706 1835 4778 φανεροῦντι-

209 4798 326 4864 τὰς
361 4798 573 4869 βουλὰς
592 4798 702 4852 τῶν
732 4800 994 4872 καρδιῶν.
1023 4801 1147 4854 ’Ότι
1173 4800 1230 4854 δὲ
1260 4801 1355 4854 καὶ
1383 4801 1659 4853 ἐπαινέσει
1688 4798 1834 4878 τοὺς.

208 4889 495 4955 δικαίους,
530 4889 1092 4961 πεπληροφορὴμεθα.
1132 4890 1258 4954 Τοῖς
1282 4890 1391 4961 γὰρ
1430 4888 1718 4960 ὲστηκόσιν
1752 4890 1817 4940 ἐκ

209 4983 421 5048 δεξιῶν
471 4985 620 5055 ὲρεῖλ
672 5003 690 5035 ι
726 4983 923 5050 Δεῦτε,
962 4987 1012 5038 οῖ
1049 4982 1405 5054 εὐλογημένοι
1454 4981 1549 5035 τοῦ
1598 4982 1813 5051 Πατρός

211 5091 359 5144 μου,
407 5072 859 5146 κληρονομήσατε
886 5073 991 5146 τὴν
1034 5073 1447 5146 ἡτοιμασμένην
1494 5074 1625 5144 ὑμῖν
1658 5073 1813 5144 βασι-

205 5165 383 5219 λείαν
423 5165 535 5219 ἀπὸ
579 5165 887 5235 καταϐολῆς
931 5165 1158 5238 κόσμου.
1198 5184 1219 5218 ›
1255 5165 1386 5218 Ὅτε
1417 5163 1600 5218 τοίνυν
1643 5165 1817 5217 ἐπαι-

208 5256 454 5321 νοῦντος
495 5257 763 5329 Χριστοῦ,
809 5258 903 5313 τὸν
948 5257 1179 5313 ἔπαινον-
1220 5259 1437 5329 ἑκάστῳ
1487 5255 1817 5327 γενήσεσθαί

209 5364 368 5421 φησι
404 5349 556 5420 παρὰ
586 5348 681 5403 τοῦ
730 5349 890 5414 Θεοῦ,
922 5348 1040 5414 πῶς
1083 5351 1144 5404 οῦ
1190 5349 1321 5414 Θεός
1353 5351 1502 5404 ἐστιν
1531 5347 1780 5420 ἐναργῶς
1801 5365 1826 5415 ',

1919 4621 2323 4681 exspectamus,
2374 4613 2460 4668 cui
2513 4612 2726 4668 occulta
2771 4610 3104 4681 iudicaturo,
3149 4613 3510 4683 cordiumque

1921 4701 2146 4758 consilia
2170 4699 2509 4773 patefactum
2541 4704 2800 4757 sistemur
2825 4716 3038 4761 omnes.
3072 4703 3224 4770 Quod
3250 4704 3295 4759 is
3323 4713 3508 4758 autem

1915 4790 2093 4860 iustos
2114 4792 2189 4847 sit
2212 4793 2719 4859 commendaturus,
2749 4793 3064 4857 edocemur,
3093 4793 3236 4862 quod
3260 4796 3329 4849 ad
3362 4794 3510 4859 illus.

1920 4885 2015 4956 qui
2056 4898 2084 4937 a
2112 4886 2337 4940 dextera
2372 4885 2445 4941 illi
2480 4886 2764 4952 assistunt,
2800 4886 2877 4940 ita
2898 4886 3157 4941 dicturus
3190 4887 3264 4942 sit
3294 4904 3309 4942 :
3346 4906 3366 4940 ι
3407 4888 3510 4943 Ve-

1921 4979 2054 5045 nite,
2088 4977 2359 5033 benedicti
2393 4977 2573 5034 Patris
2598 4980 2724 5044 rnei,
2756 4978 3032 5050 possidete
3072 4991 3323 5050 paratum
3355 4981 3510 5036 vobis

1921 5086 2147 5142 regnum
2202 5086 2231 5125 a
2299 5072 2691 5127 constitutione
2756 5073 2941 5128 mundi
2973 5073 3043 5126 ²¹.
3077 5091 3097 5125 ι
3155 5072 3288 5128 Cum
3345 5073 3510 5144 igitur

1919 5162 2140 5218 Christo
2194 5162 2663 5226 laudante,.stmm
2710 5165 3004 5235 unicuique
3054 5181 3083 5219 a
3135 5164 3244 5221 Deo
3293 5165 3506 5219 laudem

1923 5255 2288 5310 tributum'iri
2342 5256 2546 5315 diserte
2586 5258 2865 5325 praedicet,
2909 5259 3182 5329 quomodo
3223 5257 3504 5313 Christum

1924 5343 2093 5399 Deum
2122 5359 2242 5399 esse
2275 5361 2378 5398 non
2410 5346 2696 5404 manifeste
2719 5349 2986 5419 apparet?

301 5461 351 5494 "
388 5462 404 5517 I
436 5460 564 5517 Cor.
596 5478 637 5529 ι,
675 5461 799 5517 6-8.
878 5459 961 5514 "l
988 5461 1118 5518 Cor.
1167 5476 1250 5528 nl,
1296 5461 1385 5528 10,
1423 5462 1510 5516 ll.
1589 5462 1632 5493 "
1680 5459 1813 5515 ibid.

1934 5494 1952 5522 ,
1992 5455 2081 5510 ΓΙ.
2160 5454 2250 5508 "1
2285 5454 2413 5511 Cor.
2444 5471 2518 5521 ιν,
2548 5456 2601 5525 5,
2633 5457 2685 5511 6.
2765 5460 2807 5507 ιι
2840 5458 3027 5517 Matth.
3066 5474 3189 5522 xxv,
3225 5457 3314 5512 54.

1318 5587 1494 5645 Variae
1520 5590 1776 5648 lectiones
1808 5590 2010 5648 codicis
2037 5590 2397 5662 Seguieriani.

298 5660 353 5714 ἱ·
378 5660 528 5732 παρὰ
549 5659 730 5715 αὐτῶν
754 5660 957 5722 πίστις.

297 5753 382 5825 (l)
406 5752 636 5829 Phrasis
669 5753 1005 5829 perturbata.
1036 5766 1197 5819 quam
1231 5752 1462 5827 fortasse
1499 5755 1801 5823 sanaveris,

1928 5755 1992 5813 ha
2026 5753 2117 5809 καὶ
2154 5755 2232 5819 είς
2260 5753 2418 5810 αὐτὸν
2457 5754 2635 5820 πίστις
2667 5767 2789 5827 post
2819 5756 2894 5829 τῷ
2925 5757 3114 5829 κόσμῳ
3146 5753 3493 5828 κηρύττεται.

216 5822 651 5897 ιτειιιεροιιειιιιο.
695 5822 851 5878 Eutr.
886 5822 1128 5879 ΙἈιιιοι..
