4060 6466
513 382 652 438 ίὶόὗ

1540 375 1599 431 S.
1639 371 1914 429 CYRILLI
1951 366 2423 425 ALEXANDRINI
2461 364 2784 423 ARCHIEP.

3634 360 3775 419 1256
3800 350 3813 361 κ

588 523 610 557 ι
643 507 729 558 An
763 503 986 559 nescitis
1021 501 1277 573 quoniam
1314 497 1553 555 membra
1589 505 1771 554 vestra
1825 494 2082 565 templum
2116 546 2117 551 η

2265 510 2283 542 ι
2336 491 2406 544 Ἦ
2439 489 2541 543 οὐκ
2570 487 2773 551 οἴδατε,
2816 486 2899 541 ὅτι
2932 484 3002 540 τὰ
3042 482 3273 573 σώματιι
3320 481 3479 555 ὐμῶν
3525 481 3652 545 ναὸς
3679 483 3777 536 τοῦ

520 604 650 652 sunt
678 594 914 665 Spiritus
942 595 1140 661 sancti,
1172 592 1263 662 qui
1294 593 1347 646 in
1378 590 1531 645 vobis
1553 599 1657 655 est,
1687 603 1846 658 quem
1880 587 2090 642 habetis

515 703 546 741 ι
580 688 711 752 Deo,
760 694 815 741 et
840 678 947 757 63
979 700 1082 739 nou
1119 685 1254 739 estis
1298 682 1514 737 vestri?
1547 681 1722 752 Empti
1760 680 1904 734 enim
1957 678 2091 733 estis

516 778 692 846 pretio
722 791 943 846 magno.
983 774 1308 831 Gloriiicate
1351 783 1404 828 et
1432 782 1644 842 portate
1680 772 1845 826 Deum
1879 770 1929 823 in
1969 785 2095 824 cor-

515 884 648 937 pore
700 879 880 923 vestro
903 870 967 922 ".
1004 886 1023 919 ι
1078 866 1137 923 Si
1193 867 1400 937 Spiritu
1449 864 1652 920 Christi
1699 874 1924 932 acrepto
1968 862 2094 917 facti

516 975 706 1015 sumus
740 960 940 1030 templa
977 960 1093 1025 Dei,
1120 959 1402 1029 \redempti
1436 957 1701 1029 sanguine
1738 956 1909 1021 illius,
1936 956 2008 1010 ita
2040 964 2099 1009 ut

514 1052 629 1123 jam
661 1067 768 1107 non
806 1051 945 1106 ultra
991 1052 1044 1106 in
1091 1061 1276 1107 nostra
1320 1052 1560 1120 ipsorum
1598 1057 1867 1119 potestate
1904 1048 2096 1111 simus,

522 1158 699 1213 neque
747 1144 903 1199 nobis
952 1144 1082 1214 ipsis
1127 1144 1238 1213 jam
1289 1144 1523 1215 amplius
1565 1145 1830 1209 vivamus,
1879 1142 1974 1197 sed
2024 1142 2099 1196 illi

519 1235 614 1303 qui
669 1250 770 1290 nos
807 1246 1080 1291 mercatus
1119 1244 1201 1291 est
1236 1253 1250 1291 :
1284 1235 1553 1305 quomodo
1599 1230 1946 1304 perspicuum
1992 1249 2098 1287 non

522 1335 608 1382 est
646 1326 945 1392 Christum,
984 1343 1080 1395 per
1106 1343 1266 1397 quem
1311 1326 1510 1395 templa
1541 1326 1636 1382 Dei
1665 1324 1951 1392 efﬁcimur,
1982 1326 2101 1382 cui-

525 1432 630 1487 que
654 1419 878 1487 perinde
911 1434 976 1473 ac
1000 1419 1112 1475 Deo
1140 1421 1433 1485 servimus,
1462 1433 1646 1473 verum
1676 1432 1797 1475 esse
1826 1418 2032 1474 Deum?

604 1528 624 1562 ι
653 1510 728 1565 De
765 1511 904 1566 escis
946 1521 1154 1575 autem,
1198 1527 1319 1583 quae
1364 1511 1523 1567 idolis
1568 1511 1943 1576 immolantur,
1989 1513 2096 1566 sci—

529 1616 648 1657 mus
685 1602 810 1672 quia
844 1602 978 1657 nihil
1010 1612 1093 1658 est
1127 1602 1329 1658 idolum
1373 1602 1426 1657 in
1461 1603 1680 1668 mundo,
1716 1612 1771 1658 et
1798 1603 1940 1673 quod
1982 1604 2103 1658 nul-

532 1692 615 1747 lus
638 1704 723 1748 est
751 1692 915 1759 Deus,
948 1692 1053 1749 nisi
1084 1708 1244 1748 unus.
1272 1692 1405 1747 Nam
1427 1693 1529 1748 etsi
1558 1702 1705 1757 sunt,
1740 1694 1832 1763 qui
1855 1694 2106 1750 dicantur

533 1785 629 1852 dii,
662 1786 778 1841 sive
810 1786 864 1840 in
895 1785 1052 1852 cmlo,
1090 1786 1209 1841 sive
1246 1787 1473 1841 interra
1529 1785 1817 1856 (siquidem
1865 1795 1994 1841 sunt
2031 1786 2103 1840 dii

535 1876 711 1943 multi,
734 1884 789 1932 et
819 1876 1026 1931 domini
1054 1875 1254 1946 multi),
1296 1877 1453 1932 nobis
1488 1885 1667 1951 tamen
1696 1892 1834 1932 unus
1856 1886 1939 1932 cst
1967 1876 2107 1932 Deus

532 1970 715 2032 Pater,
745 1982 810 2023 ex
841 1983 950 2037 quo
977 1968 1186 2034 omnia,
1236 1976 1291 2023 et
1325 1981 1423 2023 nos
1460 1968 1514 2022 in
1542 1968 1722 2032 illum;
1749 1978 1803 2022 et
1833 1982 1972 2021 unus
2001 1967 2105 2021 D0-

532 2059 716 2113 miuus
741 2057 901 2115 Iesus
936 2058 1211 2122 Christus,
1248 2074 1344 2128 per
1372 2073 1531 2128 quem
1563 2060 1766 2123 omnia,
1805 2068 1860 2113 et
1890 2073 1988 2113 nos
2014 2073 2110 2128 per

535 2148 710 2214 ipsum
734 2147 801 2201 ".
836 2166 855 2200 ι
891 2147 949 2202 Si
990 2163 1133 2203 unus
1176 2148 1323 2204 solus
1355 2156 1438 2204 est
1470 2149 1629 2215 Deus,
1664 2158 1719 2204 et
1749 2149 1886 2204 alius
1918 2159 2111 2220 prrcter

534 2236 684 2293 illum
730 2236 941 2304 nullus;
991 2241 1287 2295 assumitur
1348 2249 1526 2296 autem
1583 2240 1635 2295 in
1714 2255 1873 2294 unam
1939 2242 2111 2297 deita-

537 2328 605 2380 tis
670 2335 919 2383 naturam
997 2345 1134 2385 unus
1171 2330 1262 2386 ille
1305 2328 1462 2386 Iesus
1492 2329 1763 2393 Christus,
1806 2344 1903 2399 per
1950 2345 2108 2400 quem

533 2419 804 2474 exsistunt
835 2419 1015 2475 omnia
1055 2435 1072 2473 :
1121 2419 1263 2475 Deus
1326 2422 1511 2490 utique
1570 2421 1676 2477 erit
1721 2420 1997 2487 Christus,
2055 2431 2112 2476 ut

533 2507 627 2577 qui
671 2509 834 2565 etiam
891 2517 1025 2577 tum,
1059 2525 1183 2566 cum
1234 2526 1299 2566 ex
1366 2513 1589 2567 muliere
1659 2520 1842 2578 natus,
1882 2512 2116 2581 appella-

537 2610 624 2652 tus
663 2609 747 2653 est
774 2597 935 2656 Jesus
973 2601 1249 2668 Christus,
1290 2601 1517 2657 immote
1559 2603 1614 2657 in
1657 2602 1834 2657 Patris
1885 2604 2116 2658 consub-

537 2689 900 2745 stantialitate
955 2693 1299 2747 subsisteret.
1351 2692 1405 2746 Id
1463 2693 1625 2747 etiam
1680 2692 2116 2748 animadvertere

538 2780 627 2834 hic
658 2779 805 2847 licet,
842 2797 1036 2852 nempe
1065 2782 1207 2852 quod
1233 2782 1414 2839 omnia
1439 2797 1535 2853 per
1567 2798 1731 2837 unum
1760 2783 1930 2847 illum,
1957 2774 2114 2852 quem

536 2870 721 2930 Jesum
773 2871 1044 2926 Christum
1100 2873 1213 2943 ipse
1254 2882 1448 2941 vocat,
1492 2883 1749 2944 tanquam
1802 2865 1898 2943 per
1950 2889 2114 2926 unum

539 2958 736 3017 Filium
771 2961 1069 3016 secundum
1101 2962 1552 3032 dispensatoriam
1599 2963 1857 3017 unionem
1899 2962 2115 3016 condita

540 3066 663 3106 esse
696 3050 942 3107 afﬁrmet.

2193 582 2250 635 ἐν
2284 582 2412 652 ὑμῖν
2450 579 2606 648 ἁγίου
2637 577 2953 648 Πνεῦματός
2991 577 3158 639 εστιν,
3195 566 3257 629 οῦ
3292 574 3445 644 ἔχετε
3477 572 3585 626 ἀπὸ
3614 571 3776 639 Θεοῦ,

2194 673 2290 726 καὶ
2327 675 2427 727 οὐκ
2459 673 2583 727 ἐστὲ
2620 662 2865 736 iamdiu;
2908 669 3281 742 Ἤγοράσθητε
3314 667 3424 737 γὰρ
3454 665 3641 737 τιμῆς.
3675 667 3779 717 Ao-

2196 764 2395 830 ξάσατε
2430 764 2494 836 δὴ
2527 764 2617 817 τὸν
2660 763 2794 817 Θεὸν
2842 764 2899 815 ἐν
2947 760 3025 832 τῷ
3073 759 3286 830 σώματι
3333 758 3508 829 ὑμῶν.
3547 776 3566 809 ι
3622 757 3684 809 Εἰ
3714 755 3781 808 τὸ

2200 856 2423 927 Πνεῦμα
2447 853 2688 927 Χριστοῦ
2718 853 2995 920 λαϐόντες,
3019 853 3326 922 γεγόναμεν
3353 852 3475 904 ναοὶ
3502 849 3658 912 Θεοῦ,
3682 847 3782 901 καὶ.

2197 948 2297 1001 οὐκ
2330 948 2496 1019 ἐσμεν
2525 945 2756 1013 ἑαυτῶν,
2792 943 3190 1016 ἀγορασθέντες
3235 942 3315 1013 τῷ
3346 942 3540 1015 agrum
3588 938 3779 1002 αὑτοῦ,

2197 1039 2270 1104 ὡς
2321 1040 2519 1111 μηκέτι
2564 1040 2665 1110 ζῇν
2698 1040 2845 1111 ἡμᾶς
2877 1038 3113 1101 ἑαυτοῖς,
3150 1034 3285 1089 ἀλλὰ
3332 1033 3410 1104 τῷ
3460 1031 3779 1104 πριαμένῳ·

2202 1133 2319 1196 πῶς
2343 1134 2404 1185 οὐ
2435 1132 2566 1196 Θεὸς
2596 1134 2625 1184 ὁ
2657 1130 2891 1204 Χριστὸς
2933 1131 3196 1200 ἐναργῶς,
3237 1130 3266 1182 ὁ
3310 1127 3379 1180 δι’
3424 1125 3483 1180 ὃν
3526 1129 3622 1180 καὶ
3659 1124 3783 1177 ναοὶ

2201 1219 2336 1272 Θεοῦ
2373 1222 2540 1292 ἐσμεν
2570 1212 2752 1293 ἡμεῖς,
2781 1214 2827 1290 ᾧ
2854 1220 2951 1274 καὶ
2982 1218 3056 1281 ὡς
3085 1218 3204 1290 Θεῷ
3241 1216 3598 1287 δουλεύομενς

2282 1553 2300 1585 ι
2325 1534 2461 1604 Περὶ
2474 1532 2576 1601 τῆς
2606 1530 2863 1603 βρώσεως
2889 1527 2983 1583 οὖν
3003 1528 3111 1585 τῶν
3145 1527 3529 1590 εἰδωλοθύτων,
3559 1525 3788 1595 οἴδαμεν

2204 1627 2283 1680 ὅτι
2322 1625 2476 1679 οὐδὲν
2510 1624 2727 1678 εἴδωλον
2766 1624 2824 1676 ὲν
2854 1623 3064 1691 κόσμῳ,
3099 1620 3191 1674 καὶ
3219 1620 3301 1673 ὅτι
3332 1618 3507 1682 οὐδεὶς
3549 1617 3704 1681 Θεὸς,
3735 1618 3786 1669 εξ

2209 1716 2284 1787 μὴ
2316 1708 2416 1779 εἷς.
2444 1714 2555 1768 Καὶ
2578 1713 2691 1785 γὰρ
2721 1714 2879 1784 εἴπερ
2913 1713 3021 1766 είσὶ
3033 1710 3314 1781 λεγόμενοι
3350 1708 3605 1773 θεοὶ,είτε
3621 1707 3679 1760 ὲν
3697 1707 3790 1759 οὑο

2141 1853 2179 1907 Β
2212 1806 2377 1878 ρανῷ,
2425 1807 2535 1860 εἴτε
2587 1807 2681 1859 ἐπὶ
2723 1805 2824 1876 τῆς
2868 1805 2971 1876 γῆς
3018 1804 3226 1874 (ὥσπερ
3286 1801 3393 1855 εἰσὶ
3424 1798 3786 1884 θεοὶ-πολλοὶ,

2210 1897 2306 1951 καὶ
2348 1896 2529 1970 κύριοι
2579 1897 2814 1967 πολλοὶ),
2860 1897 2992 1966 ἡμῖν
3021 1894 3077 1948 δὲ
3118 1890 3199 1957 εἷς
3235 1893 3370 1956 Θεὸς
3408 1892 3437 1944 ό
3480 1878 3686 1961 Πατὴρ,
3727 1890 3792 1955 ἐξ

2209 1983 2270 2043 οῦ
2315 1989 2384 2042 τὰ
2428 1988 2626 2054 πάντα,
2661 1989 2756 2043 καὶ
2802 1988 2964 2057 ἡμεῖς
3007 1988 3088 2050 είς
3111 1985 3304 2039 αὐτόν·
3336 1983 3428 2037 καὶ
3463 1976 3544 2047 εἷς
3583 1980 3791 2051 Κύριος

2224 2078 2430 2151 Ἰησοῦς
2463 2078 2718 2151 Χριστὸς,
2741 2079 2808 2133 δι’
2840 2073 2902 2134 οῦ
2926 2078 2994 2132 τὰ
3020 2076 3217 2142 πάντα,
3243 2076 3337 2130 καὶ
3364 2076 3525 2147 ἡμεῖς
3580 2073 3649 2127 δι’
3684 2074 3791 2127 αὐ·

2209 2171 2326 2226 τοῦ.
2360 2190 2378 2222 ι
2415 2171 2480 2226 El
2508 2172 2670 2241 μόνος
2695 2166 2778 2235 εἷς
2803 2174 2921 2225 ἐστι
2942 2169 3095 2233 Θεὸς,
3131 2169 3226 2222 καὶ
3260 2167 3445 2238 ἕτερος
3471 2165 3600 2232 παρ’
3624 2163 3795 2218 αὑτὸν

2212 2263 2404 2331 οὐδεὶς,
2446 2262 3049 2334 συμπαραλαμϐάνεται
3069 2260 3126 2314 δὲ
3154 2261 3234 2323 είς
3264 2258 3364 2325 τὴν
3391 2258 3520 2327 μίαν
3549 2255 3645 2326 τῆς
3675 2254 3791 2308 θεό-

2211 2371 2372 2423 τητος
2395 2353 2556 2422 φύσιν
2584 2356 2612 2407 ὁ
2633 2348 2714 2417 εἷς
2741 2352 2974 2425 Χριστὸς
3010 2350 3239 2423 Ἰησοῦς,
3289 2349 3356 2403 δι’
3383 2341 3447 2402 οῦ
3476 2346 3546 2401 τὰ
3574 2347 3748 2401 πάντα
3771 2359 3793 2379 ο

2214 2446 2345 2510 Θεὸς
2369 2440 2462 2498 οῦν
2485 2443 2594 2516 ἄρα
2619 2444 2771 2497 ἐστὶν
2802 2445 2860 2497 ὲν
2888 2442 3268 2512 ὁμοουσιότητι
3291 2438 3386 2492 τοῦ
3419 2436 3630 2507 [ἰατρὸς
3649 2435 3796 2489 νοούς

2218 2553 2379 2608 μενος
2401 2534 2616 2599 θετκῶς,
2639 2536 2733 2590 καὶ
2756 2535 2844 2588 ὅτε
2868 2534 3278 2605 κεχρημάτικεν
3306 2529 3513 2601 Ἰησοῦς
3532 2527 3795 2599 Χριστὸς,

2216 2627 2505 2698 γενόμενος
2549 2629 2615 2680 ὲκ
2666 2627 2944 2694 γυναικός.
3013 2625 3377 2695 Ἐπιτηρῆσαι
3432 2622 3489 2676 δὲ
3534 2621 3662 2692 χρὴ,
3710 2619 3798 2673 δτι

2216 2719 2450 2789 Χριστὸν
2489 2716 3027 2789 ἰησοῦν’ὸνομάσας,
3065 2715 3132 2769 δι’
3168 2712 3334 2768 αὑτοῦ
3385 2713 3452 2766 τὰ
3493 2713 3669 2765 πάντα
3700 2725 3801 2777 γε-

2218 2788 2410 2863 νέσθαι
2438 2788 2626 2880 φησιν,
2656 2807 2733 2873 ὼς
2764 2808 2883 2871 ἑνὸς
2914 2806 3066 2869 ὄντος
3094 2805 3227 2859 Υίοῦ
3260 2803 3383 2859 καθ’
3416 2804 3608 2859 ἕνωσιν
3645 2804 3797 2861 οἰκο-

2219 2901 2469 2972 νομικὴν.

620 3162 636 3193 ι
673 3141 892 3211 Factus,
939 3144 1135 3214 inquit,
1181 3160 1300 3200 sum
1345 3146 1413 3201 iis
1452 3146 1543 3215 qui
1595 3146 1717 3201 sine
1761 3146 1881 3217 lege
1935 3158 2116 3211 erant,

2298 3178 2317 3212 ι
2376 3159 2693 3230 Ἐγενόμην,
2735 3161 2888 3229 φησι,
2935 3160 3048 3223 τοῖς
3083 3138 3320 3229 ⁵ἀνόμοις
3352 3157 3429 3220 ὡς
3465 3156 3683 3226 ἄνομος,
3724 3156 3807 3227 μὴ

547 3246 806 3306 tanquam
839 3236 956 3292 sine
1008 3236 1124 3307 lege
1161 3252 1336 3294 essem
1362 3280 1377 3305 ,
1424 3253 1547 3295 cum
1582 3238 1702 3293 sine
1736 3237 1851 3310 lege
1880 3239 1971 3294 Dei
2017 3255 2117 3294 non

2227 3247 2304 3302 ὢν
2347 3250 2547 3320 ἄνομος
2577 3250 2715 3321 Θεῷ,
2763 3249 2879 3303 ἀλλ’
2924 3248 3147 3318 ἔννομος
3182 3245 3421 3319 Χριστῷ.
3471 3264 3491 3299 ο
3525 3245 3639 3298 EH
3667 3245 3806 3315 Χρι-

545 3342 746 3394 essem,
798 3328 893 3383 sed
944 3329 995 3381 in
1040 3327 1157 3395 lege
1192 3344 1369 3384 essem
1416 3329 1621 3385 Christi
1647 3331 1709 3381 ³⁸.
1746 3349 1765 3382 ι
1821 3329 1879 3385 Si
1926 3330 2124 3385 Christi

546 3418 721 3488 legem
756 3420 987 3483 habens,
1020 3419 1111 3475 Dei
1155 3420 1324 3490 legem
1361 3420 1544 3488 habet,
1573 3421 1847 3491 quomodo
1881 3421 2128 3476 Christus

550 3525 657 3566 non
688 3518 774 3565 est
801 3509 982 3564 Deus?

625 3618 644 3652 ι
673 3597 802 3654 Sine
844 3599 1146 3655 offensione
1191 3607 1365 3655 estote
1392 3598 1595 3654 Iudaeis
1643 3609 1696 3655 et
1727 3581 2027 3671 'gentibus,
2075 3613 2130 3657 et

550 3690 811 3749 Ecclesia:
848 3690 943 3747 Dei
969 3691 1033 3746 ”.
1066 3710 1085 3744 ι
1132 3692 1367 3746 Adverte
1415 3693 1501 3746 hic
1539 3708 1786 3759 rursum,
1829 3695 1970 3763 quod
2009 3710 2129 3749 eam

556 3781 879 3848 i-Icclesiam,
937 3798 1098 3852 quam
1148 3780 1245 3840 Dei
1295 3783 1398 3838 hoc
1452 3784 1571 3840 loco
1629 3784 1882 3855 appellat,
1930 3785 2130 3843 Christi

555 3890 677 3931 esse
711 3873 995 3944 intelligat.

631 3986 652 4020 ι
680 3966 815 4023 Volo
852 3978 1036 4024 autem
1064 3983 1162 4024 vos
1213 3968 1379 4033 scire,
1433 3969 1575 4038 quod
1613 3969 1792 4024 omnis
1832 3969 1930 4023 \‘iri
1974 3964 2141 4039 caput

553 4057 804 4115 Christus
831 4068 937 4127 est,
969 4069 1133 4130 caput
1181 4070 1363 4115 autem
1398 4060 1642 4115 mulieris
1673 4061 1784 4129 vir;
1819 4071 1981 4131 caput
2007 4077 2137 4117 vero

553 4147 757 4203 Christi
791 4146 934 4204 Deus
954 4148 1021 4202 ".
1058 4167 1076 4201 ι
1116 4147 1316 4204 Beatus
1351 4147 1527 4205 Lucas
1558 4149 1683 4204 dum
1706 4148 1911 4205 Christi
1942 4165 2137 4221 genea-

557 4238 756 4308 Iogiam
785 4238 945 4306 texit,
973 4253 1003 4293 a
1034 4238 1235 4309 Ioseph
1272 4253 1535 4303 exorsus,
1574 4240 1832 4311 paulatim
1861 4241 1927 4296 ad
1965 4240 2136 4297 Adam

556 4342 729 4398 usque
782 4330 1051 4395 ascendit,
1106 4345 1170 4386 ac
1216 4330 1433 4386 tandem
1473 4331 1639 4386 infert
1667 4349 1682 4386 :
1710 4330 1813 4397 Qui
1860 4331 1961 4400 {uit
2000 4331 2138 4396 Dei,

559 4421 735 4489 ipsum
781 4421 1038 4476 nimirum
1068 4432 1370 4477 creatorem
1407 4420 1576 4478 Deum
1608 4423 1864 4494 principii
1896 4423 2014 4479 loco
2044 4425 2140 4478 ho-

2230 3340 2356 3394 στοῦ
2394 3341 2558 3412 νόμον
2603 3341 2760 3411 ἔχων,
2796 3340 2957 3411 νόμον
2992 3339 3106 3410 ἔχει
3145 3337 3305 3406 Θεοῦ,
3345 3337 3463 3402 πῶς
3506 3337 3567 3390 οὐ
3611 3335 3743 3399 Θεὸς
3776 3336 3811 3388 ὁ

2227 3433 2457 3505 Χριστός
2482 3451 2496 3501 ;

2307 3628 2326 3662 ι
2383 3608 2745 3680 ’Δπρόσκοποι
2796 3582 2891 3660 καὶ
2941 3602 3214 3683 Ἰουδαίοις
3252 3599 3488 3671 γίνεσθε,
3537 3599 3632 3654 καὶ
3679 3597 3812 3652 Ἐλ-

2231 3700 2377 3771 λησι,
2407 3700 2502 3753 καὶ
2521 3700 2588 3769 τῇ
2638 3694 2934 3767 Ἐκκλησία
2962 3694 3058 3749 τοῦ
3088 3691 3246 3747 Θεοῦ.
3284 3710 3304 3744 ι
3342 3690 3702 3763 Σημειωτέον,
3726 3689 3812 3743 ὅτι

2232 3788 2368 3842 Θεοῦ
2397 3787 2572 3857 λέγων
2610 3788 2708 3858 τὴν
2767 3784 3118 3857 Ἐκκλησίαν,
3168 3780 3410 3854 Χριστοῦ
3455 3780 3617 3835 πάλιν
3667 3775 3817 3833 οῐδεν

2235 3880 2424 3950 αὑτήν.

2313 3992 2332 4027 ι
2377 3972 2527 4027 Θέλω
2563 3972 2620 4033 δὲ
2648 3970 2795 4042 ὑμᾶς
2822 3969 3045 4034 εἰδέναι,
3076 3968 3160 4022 ὅτι
3189 3967 3391 4034 παντὸς
3424 3965 3618 4037 ἀνδρὸς
3651 3966 3685 4035 ἡ
3718 3979 3815 4019 κε-

2237 4062 2380 4133 φαλὴ
2409 4064 2437 4115 ὁ
2463 4060 2697 4131 Χριστός
2736 4061 2883 4113 ἐστι·
2914 4057 3127 4129 κεφαλὴ
3169 4057 3226 4110 δὲ
3258 4056 3537 4125 γυναικὸς,
3565 4056 3594 4108 ὁ
3640 4053 3813 4124 ἀνήρ·

2239 4154 2449 4225 κεφαλὴ
2472 4154 2529 4207 δὲ
2557 4150 2819 4224 Χριστοῦ,
2847 4152 2876 4205 ὁ
2927 4149 3080 4213 Θεός.
3116 4168 3136 4201 ι
3187 4150 3246 4202 '0
3283 4148 3553 4220 μακάριος
3599 4146 3818 4208 Λουκᾶς

2238 4246 2337 4317 τὴν
2372 4244 2497 4315 περὶ
2523 4240 2760 4315 Χριστοῦ
2787 4240 3138 4310 γενεαλογίαν
3168 4241 3299 4311 ἡμῖν
3335 4238 3624 4301 συντιθεὶς,
3659 4236 3817 4309 ἆρχε-

2237 4351 2329 4387 cat
2360 4332 2459 4404 μὲν
2492 4331 2603 4385 ἀπὸ
2628 4329 2721 4384 τοῦ
2756 4329 2975 4402 Ἰωσὴφ,
3002 4327 3121 4383 εἶτα
3148 4328 3361 4399 φθάσας
3384 4328 3474 4381 ἐπὶ
3498 4327 3588 4381 τὸν
3623 4326 3816 4396 Ἀδὰμ,

2242 4426 2513 4497 ἐπιφέρει,
2548 4423 2748 4491 λέγων,
2801 4422 2914 4477 Τοῦ
2951 4420 3135 4477 Θεοῦ·
3192 4422 3367 4493 ἀρχὴν
3412 4419 3493 4491 τῷ
3544 4416 3822 4490 ἀνθρώπῳ

556 4512 694 4568 mini
736 4514 1023 4584 assignans
1049 4513 1115 4568 π.
1166 4511 1292 4569 Pari
1353 4515 1537 4586 itaque
1593 4514 1755 4571 modo
1798 4515 1977 4570 omnis
2036 4516 2117 4569 vir

2241 4518 2414 4582 τιθεὶς
2441 4519 2533 4575 τὸν
2562 4518 2867 4589 ποιήσαντα
2900 4514 3054 4568 Θεόν.
3096 4511 3283 4577 υῦτως
3307 4508 3447 4567 εἷναί
3485 4527 3666 4581 φαμεν
3690 4526 3822 4563 παν-

557 4613 726 4677 caput
759 4602 1035 4661 Christum
1066 4604 1393 4673 deﬁnimus;
1435 4621 1531 4675 per
1561 4606 1734 4675 ipsum
1770 4608 1913 4661 enim
1944 4607 2135 4661 curuli-

559 4710 648 4756 tus
677 4707 733 4754 et
762 4699 831 4753 ad
886 4709 1066 4755 ortum
1098 4710 1320 4753 evectus
1347 4707 1429 4753 est
1458 4714 1472 4752 :
1511 4713 1617 4752 non
1650 4699 1795 4767 quod
1838 4697 1931 4753 Dei
1969 4697 2140 4753 Filius

560 4793 859 4849 creationis
892 4793 1037 4849 illius
1066 4793 1489 4848 instrumentum
1522 4792 1603 4847 vel
1638 4792 1887 4847 minister
1912 4792 2139 4847 exstite-

561 4887 665 4954 rit;
707 4887 800 4941 sed
837 4885 982 4955 quod
1013 4895 1269 4957 tanquam
1311 4884 1571 4945 naturalis
1607 4900 1787 4941 rerum
1826 4883 2022 4955 Opifex
2057 4883 2137 4938 di-

564 4979 688 5031 vina
721 4978 920 5032 virtute
948 4978 1097 5032 illum
1121 4978 1457 5050 produxerit.
1485 4979 1663 5046 Caput
1682 4987 1869 5034 autem
1896 4976 2141 5034 mulieris

558 5077 649 5128 est
684 5068 800 5133 vir,
835 5068 1274 5139 quandoquidem
1314 5086 1381 5128 ex
1417 5086 1582 5127 carne
1606 5071 1748 5126 illius
1776 5079 1989 5138 sumpta
2034 5076 2138 5134 est,

566 5160 855 5229 ipsumque
901 5169 1161 5231 tanquam
1191 5162 1462 5232 quoddam
1493 5162 1605 5236 64
1627 5164 1708 5223 sui
1758 5162 1973 5218 initium
2007 5175 2142 5216 sor-

566 5252 664 5306 tita
704 5260 810 5307 est.
857 5250 1033 5323 Caput
1068 5251 1254 5308 itidem
1293 5252 1492 5311 Christi
1529 5257 1673 5313 Deus
1704 5264 1789 5313 est
1818 5273 1832 5309 :
1865 5253 2132 5325 siquidem

2238 4611 2330 4675 τὸς
2359 4610 2551 4681 ἀνδρὸς
2589 4607 2828 4677 κεφαλὴν
2859 4606 2950 4660 τὸν
2982 4603 3251 4681 Χριστόν·
3282 4603 3575 4673 πεποίηται
3608 4600 3720 4672 γὰρ
3752 4599 3823 4653 δι’

2241 4700 2429 4765 αὑτοῦ,
2459 4701 2555 4755 καὶ
2587 4698 2844 4771 παρήχθη
2892 4696 3030 4769 πρὸς
3059 4697 3309 4766 γένεσινο
3347 4695 3447 4766 οὐχ
3471 4691 3825 4763 ὑπουργικιῖκ

2243 4794 2521 4857 κτίζοντος
2550 4791 2714 4847 αὐτὸν
2741 4790 2833 4845 τοῦ
2882 4791 3038 4858 Υίοῦ,
3069 4787 3401 4860 θεουργικῶς
3432 4787 3458 4827 Ιι
3500 4786 3559 4839 δὲ
3598 4784 3821 4856 μᾶλλον,

2244 4884 2321 4948 ὡς
2355 4884 2516 4955 φύσει
2550 4883 2917 4955 Δημιουργοῦ.
2951 4883 3180 4954 Κεφαλὴ
3224 4883 3281 4935 δὲ
3316 4879 3572 4950 γυναικὸς
3599 4878 3627 4931 ὁ
3659 4876 3821 4947 ἀνὴρ,

2244 4978 2328 5030 ὅτι
2367 4979 2432 5030 ὲκ
2457 4976 2556 5047 τῆς
2602 4977 2821 5048 σαρκὸς-
2841 4976 3008 5037 αὐτοῦ
3056 4974 3287 5045 ἐλήφθη,
3318 4970 3604 5029 καὶαύτὸν
3636 4969 3825 5040 ὥσπερ

2248 5068 2361 5139 ἔχει
2398 5068 2497 5140 τὴν
2541 5070 2737 5140 ἀρχήν.
2782 5068 3011 5140 Κεφαλὴ
3043 5068 3101 5122 δὲ
3138 5068 3340 5138 ὁμοίως
3383 5064 3478 5119 τοῦ
3510 5062 3749 5135 Χριστοῦ
3797 5063 3829 5115 ὁ

2247 5159 2402 5227 Θεὸς,
2439 5160 2521 5214 ὅτι
2567 5161 2626 5225 ὲξ
2653 5161 2820 5215 αὑτοῦ
2860 5160 3001 5217 κατὰ
3040 5158 3231 5229 φύσινο
3284 5158 3611 5228 γεγέννηται
3657 5154 3769 5224 γὰρ
3798 5153 3826 5205 ὁ

2245 5252 2416 5321 Λόγος
2446 5254 2512 5307 ἐκ
2540 5257 2633 5307 τοῦ
2666 5253 2801 5308 Θεοῦ
2831 5253 2925 5309 καὶ
2961 5251 3195 5324 Πατρός.
3229 5247 3363 5305 Εἶτα
3396 5249 3511 5312 πῶς
3545 5249 3606 5340 οὐ
3636 5247 3769 5309 Θεὸς
3796 5249 3824 5302 ὁ

637 5418 683 5450 ”
719 5419 739 5471 i
771 5418 898 5473 Cor.
932 5431 1014 5481 vr,
1058 5415 1148 5483 19,
1180 5414 1273 5479 20.
1350 5415 1396 5447 ’³
1425 5414 1441 5468 Ι
1467 5414 1592 5469 Cor.
1626 5428 1753 5477 vni,
1784 5412 1902 5468 4-6.
1981 5411 2027 5447 ἰ
2055 5411 2078 5469 ι
2107 5415 2117 5463 4

2219 5451 2232 5466 .
2262 5427 2339 5477 ιι,
2372 5411 2464 5467 21.
2539 5411 2586 5445 ⁸³
2621 5409 2641 5467 l
2671 5411 2797 5468 Cor.
2820 5428 2875 5477 ι,
2902 5408 2994 5471 52.
3069 5409 3116 5443 ⁸⁸
3147 5407 3315 5468 lCor.
3347 5422 3448 5474 xu,
3479 5405 3533 5461 5.
3609 5406 3654 5439 "
3688 5404 3825 5461 Luc.

571 5501 656 5553 ιιι,
681 5488 769 5545 58.

1660 5634 1836 5699 Varia
1860 5636 2117 5698 lectiones
2151 5640 2356 5700 codicis
2388 5637 2746 5713 Seguieriani.

634 5778 658 5820 Ιι
689 5771 908 5838 θεῖκῶς.
