4060 6426
352 362 513 435 ιεδπτ

1450 362 1538 417 DE
1577 359 1806 418 RECTA
1846 358 2004 413 FIDE
2042 357 2133 411 AD
2179 351 2503 410 RECINAS.

3477 336 3609 391 F338

346 492 605 563 Χριστὸς,
649 481 711 545 οῦ
745 487 956 560 κεφαλὴ
985 486 1222 541 τέθειται
1270 481 1411 537 κατά
1445 481 1607 550 φύσιν
1633 481 1662 532 ὁ
1697 479 1926 549 Πατήρ;

2054 474 2358 530 naturaliter
2410 485 2477 526 ex
2527 469 2655 538 ipso
2688 473 2791 526 est.
2844 461 3076 517 Verbum
3125 472 3359 528 namque
3398 471 3463 512 ex
3505 456 3611 509 Deo

347 584 587 659 Χριστὸν
615 582 672 636 δὲ
708 582 837 636 ὅταν
864 579 1100 649 λέγοιμι,
1152 564 1210 629 ὲν
1243 572 1560 644 ἀνθρωπεία
1604 571 1787 643 μορφῇ
1829 584 1926 621 πε-

344 679 562 749 φηνότα
588 675 678 730 τὸν
705 672 841 728 Θεοῦ
870 671 1040 739 Λόγον
1071 667 1257 722 ὲννοιῖ).

2037 573 2091 621 et
2129 564 2290 618 Patre
2335 558 2576 631 genitum
2623 562 2724 610 est.
2771 552 2887 606 iam
2924 565 3031 620 qua
3087 549 3301 604 ratione
3343 544 3610 605 Christus,

2037 656 2191 726 cuius
2248 660 2414 724 caput
2458 646 2755 705 secundum
2806 652 3054 698 naturam
3096 640 3303 709 positus
3356 646 3441 693 est
3475 636 3613 690 Deus

358 731 549 833 Pater,
588 782 694 823 non
717 765 822 821 erit
857 731 1193 820 Deu's?Cum
1216 769 1397 819 autem
1434 758 1715 815 Christum
1738 751 1970 824 appello,
2011 748 2102 805 Dei
2137 745 2312 802 Patris
2360 742 2594 798 Verbum
2644 735 2912 805 intelligo,
2946 733 3089 806 quod
3145 733 3198 786 in
3236 731 3469 795 humana
3514 745 3610 784 na-

371 872 494 916 tura
528 858 802 929 apparuit.

433 973 454 1005 ι
496 951 589 1005 Διὸ
616 947 871 1022 γνωρίζω
901 947 1053 1019 ὑμῖν,
1081 948 1162 1001 ὅτι
1185 944 1362 1009 οὐδεὶς
1389 945 1469 997 ἐν·
1491 940 1771 1011 Πνεύματι
1793 936 1931 992 Θεοῦ

351 1044 558 1109 λαλῶν,
588 1041 737 1110 λέγει
783 1039 1030 1110 ἀνάθεμα
1069 1037 1276 1109 Ἰησοῦν
1301 1052 1314 1065 ·
1366 1023 1462 1089 καὶ
1491 1033 1665 1096 οὐδεὶς
1712 1030 1935 1086 δύναται

355 1137 553 1199 εἰπεῖν,
590 1132 794 1202 Κύριος
848 1129 1075 1201 Ἰησοῦς,
1122 1131 1171 1183 εἰ
1223 1128 1299 1200 μὴ
1347 1127 1406 1181 ὲν
1456 1123 1733 1195 Πνεύματι
1772 1121 1933 1191 ἁγίῳ.

355 1224 659 1297 Διαιρέσεις
686 1223 743 1292 δὲ
768 1220 1124 1292 χαρισμάτων
1151 1218 1281 1284 εἰσὶ,
1331 1216 1394 1269 τὸ
1427 1215 1484 1268 δὲ
1519 1214 1651 1266 αὐτὸ
1673 1211 1896 1281 Πνεῦμα
1916 1227 1929 1239 ·

356 1317 455 1370 καὶ
489 1313 785 1385 διαιρέσεις
831 1309 1116 1364 διακονιῶν
1157 1308 1317 1372 εἰσιν,
1347 1308 1376 1359 ό
1407 1304 1464 1358 δὲ
1489 1302 1653 1366 αὐτὸς
1692 1301 1895 1372 Κύριος
1917 1314 1931 1329 ’

355 1407 456 1462 καὶ
503 1404 796 1476 διαιρέσεις
841 1398 1234 1472 ἐνεργημάτων
1262 1396 1423 1462 εἰσὶν,
1455 1396 1484 1449 ό
1527 1393 1584 1448 δὲ
1614 1392 1777 1454 αὐτὸς
1804 1390 1935 1454 Θεὸς

356 1501 387 1552 ὁ
411 1496 652 1570 ἐνεργῶν
692 1496 809 1548 εστι
846 1492 1121 1569 τάιπάντα
1156 1493 1215 1545 ὲν
1246 1491 1434 1543 πᾶσιν.
1478 1506 1498 1540 ι
1543 1486 1605 1538 Ei
1639 1485 1701 1539 τὸ
1733 1483 1934 1552 λέγειν,

357 1592 444 1646 ὅτι
472 1590 572 1643 ούκ
615 1587 731 1641 ἔστι
758 1586 920 1656 φύσει
957 1585 1053 1639 καὶ⁹
1092 1582 1322 1655 ἀληθείᾳ
1348 1580 1481 1642 Θεὸς
1509 1582 1539 1633 ὁ
1562 1576 1820 1648 Χριστὸς,
1851 1576 1940 1628 ού-

356 1684 450 1737 δὲν
478 1680 663 1752 ἕτερόν
693 1678 862 1746 ἐστιν,
902 1676 939 1748 ἢ
976 1678 1151 1730 εἰπεῖν
1177 1672 1428 1743 ἀνάθεμα
1467 1669 1706 1743 Ἰησοῦν,
1746 1667 1796 1721 οἱ
1847 1667 1941 1718 ὲκ-

326 1812 333 1815 ι
362 1772 652 1832 ϐάλλοντες
675 1769 839 1829 αὑτὸν
864 1767 960 1822 τοῦ
985 1765 1125 1821 εἶναι
1154 1765 1297 1819 κατά
1319 1762 1580 1834 ἀλήθειαν
1617 1754 1951 1829 Ἰησοῦνρὺκ

2117 955 2135 988 ι
2168 931 2295 990 Ideo
2329 920 2513 986 notum
2546 925 2699 981 vobis
2744 921 2901 982 facio,
2938 917 3079 987 quod
3125 929 3282 969 nemo
3311 913 3364 966 in
3410 911 3615 981 Spiritu

2039 1026 2135 1083 Dei
2179 1024 2428 1094 loquens,
2459 1018 2588 1075 dicit
2626 1015 2915 1071 anathema
2944 1008 3071 1064 Jesn
3102 1026 3114 1060 :
3147 1015 3200 1059 et
3252 1020 3408 1058 nemo
3440 1012 3612 1072 potest

2039 1093 2263 1180 dicere,
2283 1111 2545 1168 Dominus
2572 1107 2758 1170 Iesus,
2796 1104 2901 1158 nisi
2945 1101 2998 1157 in
3040 1098 3248 1167 Spiritu
3278 1104 3485 1149 sancto.
3525 1093 3617 1147 Di-
3664 1154 3667 1157 η

2039 1206 2282 1263 visiones
2332 1216 2461 1259 vero
2510 1199 2809 1270 gratiarum
2841 1200 2990 1257 sunt,
3039 1191 3185 1244 idem
3228 1195 3409 1242 autem
3445 1184 3616 1255 Spiri-

2042 1309 2128 1354 tus
2158 1315 2172 1352 :
2199 1304 2254 1351 et
2299 1292 2597 1350 divisiones
2639 1285 3099 1342 ministrationum
3141 1287 3288 1342 sunt,
3342 1277 3479 1331 idem
3519 1291 3620 1328 (ιιι-

2042 1398 2149 1444 tem
2209 1383 2514 1440 Dominus:
2558 1388 2613 1434 et
2672 1376 2969 1432 divisiones
3033 1369 3409 1443 Operationum
3464 1376 3615 1423 sunt.

2044 1478 2186 1533 idem
2238 1488 2368 1531 vero
2417 1473 2586 1537 Deus,
2648 1468 2742 1539 qui
2787 1473 3049 1535 operatur
3096 1460 3278 1517 omnia
3331 1460 3381 1511 in
3439 1457 3617 1509 omni-

2050 1568 2151 1623 bus
2177 1566 2247 1620 ’⁸.
2277 1584 2296 1618 ι
2336 1562 2481 1621 Sane
2521 1562 2567 1618 si
2618 1557 2757 1615 nihil
2803 1555 2947 1611 aliud
2997 1562 3079 1610 est
3126 1552 3308 1623 dicere
3343 1548 3618 1603 Christum

2044 1673 2152 1713 non
2194 1671 2317 1713 esse
2361 1669 2546 1709 verum
2578 1660 2633 1705 et
2671 1646 2976 1704 naturalem
3018 1644 3205 1706 Deum,
3239 1654 3400 1713 quam
3439 1639 3622 1693 dicere

2042 1756 2328 1805 anathema
2360 1743 2545 1801 Jesum
2575 1783 2597 1808 ,
2626 1741 2721 1811 qui
2759 1738 2911 1793 illum
2961 1735 3136 1804 reipsa
3166 1730 3350 1787 Jesum
3391 1742 3511 1789 esse
3540 1728 3622 1782 in-

362 1862 422 1914 ὲν
462 1859 605 1931 ἁγίῳ
642 1855 922 1927 Πνεύματι
958 1854 1121 1910 τοῦτο
1162 1852 1396 1907 ποιοῦσι·
1457 1852 1550 1907 καὶ
1586 1850 1637 1903 εί
1688 1847 1787 1912 τάς
1833 1844 1943 1901 τῶν

2054 1837 2322 1900 ﬁeiatitur,
2372 1833 2446 1890 illi
2481 1832 2669 1900 utique
2714 1829 2766 1884 in
2810 1827 3014 1897 Spiritu
3044 1831 3236 1880 sancto
3269 1820 3410 1875 istud
3451 1818 3625 1874 neuti-

363 1949 722 2023 χαρισμάτων
751 1945 1046 2019 διαιρέσεις
1074 1943 1205 1997 ποτὲ
1233 1942 1334 2014 μὲν
1362 1942 1606 2011 ἐνεργεῖν
1643 1935 1945 2007 τὸΠνεῦμά

363 2038 681 2111 φησι,.πατὲ
718 2037 777 2091 δὲ
804 2036 897 2090 τὸν
938 2033 1102 2088 αὐτὸν
1132 2032 1357 2105 Κύριον,
1386 2030 1518 2085 ποτὲ
1556 2029 1614 2083 δὲ
1655 2027 1749 2081 τὸν
1780 2025 1945 2085 αὐτὸν

362 2129 533 2193 Θεὸν,
582 2122 725 2181 οἶδεν
760 2125 871 2197 ἄρα
917 2123 1050 2178 Θεὸν
1085 2122 1216 2175 ὄντα
1263 2119 1520 2191 Χριστὸν,
1566 2118 1657 2172 τὸν
1690 2119 1766 2182 ὡς
1812 2116 1948 2171 Θεὸν

362 2216 695 2291 ἐνεργοῦντα
719 2216 810 2270 διὰ
837 2213 932 2268 τοῦ
972 2213 1309 2284 Πνεύματος,
1338 2211 1434 2264 καὶ
1465 2210 1541 2274 ὼς
1571 2208 1778 2278 Κύριον
1805 2206 1947 2261 κατά

367 2308 533 2381 φύσιν
566 2307 894 2378 διανέμοντα
936 2307 1052 2377 μετ’
1087 2302 1357 2370 ἐξουσίας,
1396 2303 1586 2371 ὥσπερ
1632 2299 1699 2353 ἂν
1750 2300 1945 2363 ἕλοιτο,

364 2399 467 2463 τὰς
508 2396 715 2453 ἀνωθεν
742 2396 970 2469 δωρεάς.
1009 2392 1401 2465 Μνημονεῦσαι
1441 2391 1498 2445 δὲ
1532 2391 1633 2456 δεῖ,
1666 2391 1748 2444 ὅτι
1796 2390 1889 2442 καὶ
1919 2390 1949 2442 ό

365 2489 584 2553 Παῦλος
624 2488 729 2559 ἔφη
763 2488 894 2560 περὶ
924 2485 1182 2558 Χριστοῦ,
1226 2484 1302 2550 ὡς
1349 2484 1745 2556 ὲνεργήσαντος
1779 2481 1947 2537 αὐτοῦ

365 2581 426 2635 ὲν
454 2580 682 2652 δυνάμει
717 2578 1033 2651 Πνεύματος
1065 2578 1246 2649 ἁγίουθ

446 2835 466 2869 ι
511 2815 621 2869 Καὶ
657 2814 751 2878 οὓς
778 2815 876 2887 μὲν
905 2814 1058 2868 ἔθετο
1086 2816 1112 2869 ὁ
1135 2814 1269 2878 Θεὸς
1294 2816 1355 2868 ἐν
1378 2817 1444 2886 τῇ
1482 2777 1779 2887 Ἐκκλησία
1807 2815 1952 2886 πρῶ-

371 2925 464 2962 τον
496 2909 847 2971 ἀποστόλους,
873 2905 1123 2978 δεύτερον
1154 2909 1459 2978 προφήτας,
1488 2907 1669 2978 τρίτον
1695 2907 1950 2962 διδασκά-

369 2998 519 3063 λους,
544 2999 733 3052 ἔπειτα
752 2996 1031 3069 δυνάμεις,
1055 2994 1174 3051 εἷτα
1203 2996 1251 3037 ¹ι⁶
1277 2996 1592 3070 χαρίσματα
1628 2997 1895 3068 ίαμάτων.
1923 3017 1942 3051 ι
1986 3019 1993 3026 ε

374 3087 509 3141 Θεοῦ
549 3087 842 3159 λεγομένου
883 3087 1059 3142 ταῦτα
1104 3086 1425 3157 κατορθοῦν,
1457 3087 1693 3158 Χριστὸς
1737 3090 1767 3141 ό
1798 3090 1951 3159 svsp-

2045 1941 2205 1996 quam
2260 1924 2489 1979 faciunt.
2553 1921 2794 1975 ltursum
2867 1916 2911 1970 si
2973 1915 3273 1983 gratiarum
3329 1909 3623 1965 divisiones

2046 2016 2321 2071 interdum
2384 2012 2675 2084 Spiritttm,
2737 2018 3123 2073 nonnunquam
3179 2016 3307 2056 vero
3368 1998 3616 2054 eumdem

2051 2105 2371 2171 Dominum,
2409 2098 2702 2173 aliquando
2734 2104 2917 2150 autem
2945 2092 3191 2148 eumdem
3218 2089 3381 2143 Deum
3411 2084 3624 2156 operari

2046 2198 2357 2271 proﬁtetur,
2392 2193 2672 2269 Christum
2708 2202 2843 2258 ergo
2888 2186 3055 2241 Deum
3102 2198 3221 2239 esse
3250 2195 3356 2239 non
3391 2181 3624 2249 ignorat,

2047 2269 2140 2359 qui
2173 2303 2274 2358 per
2300 2285 2566 2355 Spiritum
2589 2288 2848 2350 operetur
2879 2286 2937 2335 ut
2966 2276 3132 2341 Deus,
3159 2273 3360 2344 quique
3386 2269 3625 2327 caelestia

2048 2380 2233 2440 dona,
2283 2366 2703 2445 quibuscunque
2752 2378 2807 2424 ct
2849 2367 3337 2437 quomodocunque
3376 2361 3623 2423 voluerit,

2051 2479 2311 2537 tanquam
2353 2473 2551 2518 natura
2598 2459 2865 2514 Dominus
2906 2471 3012 2510 non
3062 2454 3269 2522 absque
3305 2450 3631 2507 auctoritate

2050 2556 2367 2613 distribuat.
2393 2552 2547 2621 Quod
2572 2559 2749 2605 autem
2785 2545 3036 2601 Christus
3081 2542 3135 2596 in
3165 2544 3366 2597 virtute
3399 2538 3632 2608 Spiritus

2052 2649 2232 2703 sancti
2264 2654 2544 2717 operetur,
2583 2641 2634 2696 id
2676 2638 2871 2694 Paulus
2910 2637 2976 2691 de
3010 2648 3074 2690 co
3103 2634 3329 2703 loquens
3370 2629 3629 2699 ejusmodi

2051 2739 2298 2795 oratione
2329 2736 2581 2802 deinceps
2615 2729 2869 2799 explanat
2906 2743 2925 2779 :

2129 2849 2149 2882 ι
2180 2826 2477 2896 Quosdam,
2509 2821 2704 2891 inquit,
2732 2819 2919 2889 posuit
2936 2820 3076 2874 Deus
3119 2817 3172 2870 in
3221 2812 3489 2875 Ecclesia,
3524 2808 3633 2878 pri-

2055 2895 2217 2967 mum
2245 2911 2542 2978 apostolos,
2590 2904 2829 2960 secundo
2866 2902 3182 2972 prophetas,
3242 2897 3404 2952 tertio
3444 2895 3632 2949 docto—

2055 3018 2164 3068 res,
2187 3000 2378 3056 deinde
2405 2998 2629 3052 virtutes
2661 3036 2675 3062 ,
2706 2994 2900 3050 exinde
2930 2991 3133 3063 gratias
3159 2987 3499 3042 curationum
3517 2983 3582 3035 ".
3610 3000 3630 3033 ι

2053 3091 2189 3147 Cum
2250 3090 2390 3144 Deus
2467 3086 2659 3142 istbaec
2719 3084 2935 3140 edicere
3019 3079 3411 3150 perhibeatur,
3477 3071 3637 3129 Chri~

372 3180 551 3252 γήσας
595 3183 776 3237 ἐστίν’
812 3179 964 3234 ἔθετο
1010 3180 1119 3252 γὰρ
1146 3180 1268 3244 τοὺς
1310 3178 1644 3242 ἀποστόλους
1690 3179 1852 3243 αὐτὸς
1894 3179 1950 3231 ὲν

2056 3191 2172 3238 stus
2200 3190 2286 3237 est
2317 3178 2406 3250 qui
2456 3187 2712 3249 operatur
2747 3193 2760 3229 :
2815 3171 3253 3244 quandoquidem
3306 3168 3350 3222 is
3397 3173 3500 3229 est,
3542 3164 3632 3232 qui

371 3277 444 3345 τῇ
483 3274 803 3346 Ἐκκλησία,
832 3274 929 3327 καὶ
972 3272 1152 3344 μέντοι
1191 3272 1287 3324 καὶ
1313 3269 1691 3335 διδασκάλους,
1730 3270 1954 3341 ὲνεργῆ.

377 3383 469 3418 σαι
499 3365 593 3418 καὶ
624 3365 915 3436 δυνάμεις·
946 3364 1144 3427 δέδωκε
1177 3361 1284 3435 γὰρ
1329 3360 1580 3428 ἐξουσίαν
1622 3364 1736 3425 τοῖς
1779 3362 1954 3431 ἁγίοις

381 3458 675 3529 μαθηταῖς,
720 3456 1045 3528 θεραπεύειν
1078 3456 1260 3510 πᾶσαν
1293 3454 1450 3509 νόσον
1490 3455 1586 3508 καὶ¹
1624 3456 1808 3509 πᾶσαν
1850 3472 1953 3526 μα-

378 3548 576 3603 λακίαν
607 3551 665 3604 ὲν
688 3547 765 3621 τῷ
796 3547 933 3619 λαῷ.

460 3743 479 3777 ι
536 3722 595 3778 '0
638 3724 931 3796 ἀσπασμὸς
965 3726 1034 3795 τῇ
1063 3722 1170 3796 ἐμῇ
1221 3722 1366 3794 χειρὶ⁸
1406 3721 1642 3777 Παύλου.
1689 3723 1759 3777 Εἴ
1779 3739 1862 3787 τις
1896 3723 1960 3777 οὐ

380 3816 529 3886 φιλεῖ
558 3817 650 3871 τὸν
690 3815 911 3887 Κύριον,
946 3816 1062 3888 ήτω
1101 3814 1371 3887 ἀνάθεμα,
1408 3808 1718 3886 μάραναθᾶ.
1756 3834 1776 3868 ι
1817 3818 1964 3887 Ἀρα

380 3908 507 3961 τίνα
539 3909 675 3978 φησὶ
710 3908 918 3980 Κύριον
945 3911 1003 3963 ὲν
1028 3907 1277 3975 τούτοις;
1308 3907 1513 3978 Κύριος
1552 3907 1651 3977 μὲν
1680 3907 1789 3979 γὰρ
1831 3910 1962 3978 ὁμο-

380 3999 748 4070 λογουμένως,
800 4000 895 4054 καὶ
948 3998 1111 4062 αὐτὸς
1165 3998 1333 4061 Υίόςο
1394 3997 1594 4067 ὁμοίως
1649 3998 1706 4050 δὲ
1757 3997 1852 4050 καὶ
1903 3996 1965 4049 τὸ

383 4092 645 4164 Πνεῦμαο
682 4111 701 4144 ι
742 4091 799 4146 '0
821 4091 929 4164 γὰρ
954 4091 1178 4161 Κύριος,
1212 4089 1368 4160 φησὶ,
1392 4090 1455 4143 τὸ
1476 4087 1700 4160 [Ινεῦμά
1731 4090 1899 4141 ἐστιν.
1939 4106 1959 4139 ι

397 4185 459 4239 Ὀ
500 4183 559 4237 δέ
608 4200 672 4253 γε
713 4181 806 4236 τοῦ
860 4183 1131 4255 μακαρίου
1169 4180 1615 4244 Παύλουσκοπὸς
1659 4183 1717 4234 ὲν
1753 4179 1966 4244 τούτοις

386 4278 470 4341 είς
494 4275 657 4330 αὐτὸν
682 4277 1013 4332 συνετείνετο
1041 4274 1171 4329 ιτὸν
1207 4273 1434 4346 Ἰησοῦν.
1470 4294 1489 4327 ι
1525 4270 1620 4339 Εἷς
1644 4272 1775 4345 γὰρ,
1804 4272 1962 4344 φησι,

384 4366 615 4441 Κύριος,
645 4364 851 4437 Ἰησοῦς
878 4366 1134 4439 Χριστός.
1174 4384 1194 4417 ι
1242 4362 1652 4434 Ἀναθεματίζει
1673 4364 1852 4418 τοίνυν
1876 4363 1966 4417 τὸν

392 4455 471 4528 μὴ
499 4454 759 4526 φιλοῦντα
783 4454 965 4509 αὐτόν.
997 4456 1071 4509 Οὐ
1104 4454 1248 4525 φιλεῖ
1271 4453 1326 4507 δὲ
1350 4452 1535 4518 αὐτὸν,
1563 4453 1591 4505 ό
1612 4453 1751 4524 μήτε
1782 4451 1961 4521 φύσει,

2061 3271 2338 3343 apostolos
2368 3268 2420 3323 in
2456 3266 2701 3323 Ecclesia
2734 3263 3041 3328 collocavit,
3069 3263 3269 3331 quique
3302 3259 3552 3312 doctores
3583 3254 3635 3309 in

2056 3364 2244 3419 eadem
2285 3359 2567 3425 instituit,.
2597 3357 2795 3429 quibus
2824 3368 3061 3426 quoque,
3088 3361 3146 3406 ut
3181 3351 3408 3405 virtutes
3445 3352 3639 3415 opera:
3720 3383 3729 3393 .

2058 3464 2266 3520 rentur,
2299 3453 2409 3507 vim
2452 3448 2787 3521 impertivit:
2815 3446 2961 3501 dedit
2993 3456 3226 3512 namque
3256 3438 3460 3496 sanctis
3502 3449 3636 3504 apo-

2059 3543 2215 3601 stolis
2260 3550 2620 3613 potestatem,
2679 3547 2739 3592 ut
2787 3549 2949 3594 omne
2998 3532 3310 3588 morborum
3359 3525 3640 3597 mgritudi-

2063 3649 2303 3705 numque
2330 3646 2502 3704 genus
2529 3632 2583 3686 in
2625 3627 2826 3700 popqu
2854 3622 3223 3696 grassantium
3254 3624 3531 3674 curarent.

2139 3745 2158 3780 ι
2189 3725 2456 3782 Salutatio
2497 3738 2619 3783 mea
2662 3735 2828 3777 manu
2865 3717 3016 3773 Pauli
3052 3734 3069 3771 :
3100 3714 3158 3772 Si
3198 3713 3320 3785 quis
3351 3725 3457 3765 non
3496 3717 3642 3765 amat

2060 3819 2353 3879 Dominum
2377 3856 2393 3884 ,
2431 3815 2503 3871 sit
2542 3815 2852 3877 anathema,
2889 3808 3208 3864 maranatlta
3233 3804 3304 3859 ³⁸.
3345 3821 3364 3853 ι
3402 3802 3639 3870 Ecquam

2065 3910 2313 3974 obsecro,
2394 3907 2679 3962 Dominum
2733 3904 2836 3958 hoc
2888 3903 3006 3956 loco
3060 3898 3251 3953 vocat?
3293 3896 3344 3949 in
3392 3892 3644 3948 confesso

2067 4008 2151 4053 est
2183 3997 2350 4062 enim,
2386 4005 2493 4049 tam
2542 3995 2715 4062 ipsum
2746 3990 2966 4055 Filium,
3001 4001 3164 4057 quam
3209 3982 3472 4052 Spiritum
3505 3995 3644 4052 quo-

2070 4105 2174 4160 que
2225 4097 2468 4144 sanctum
2504 4086 2789 4142 Dominum
2814 4084 3017 4149 vocari,
3038 4091 3104 4137 et
3148 4079 3437 4135 Dominum
3468 4090 3589 4130 esse
3626 4092 3638 4127 :

2070 4185 2329 4253 scriptum
2382 4190 2466 4236 est
2522 4179 2711 4235 enim;
2772 4197 2791 4230 ‹
2842 4175 3080 4247 Spiritus
3126 4174 3385 4227 Dominus
3415 4169 3584 4229 cst".
3620 4187 3637 4217 ι

2072 4274 2217 4330 Sane
2243 4271 2387 4328 beati
2425 4270 2576 4326 Pauli
2617 4285 2767 4324 mens
2796 4270 2847 4323 in
2880 4267 3054 4338 ipsum
3099 4265 3282 4323 Jesum
3316 4263 3403 4317 hic
3432 4260 3641 4324 fertur;

2072 4368 2148 4423 ait
2169 4379 2402 4436 namque
2428 4382 2445 4421 :
2483 4383 2500 4416 ι
2521 4359 3223 4425 UnuscstDominus,.lesus
3251 4356 3581 4414 Christus”.
3624 4373 3641 4405 ι

2074 4460 2256 4528 Itaque
2289 4457 2630 4510 anathemate
2664 4454 2897 4523 percutit
2936 4466 3150 4506 onmem
3211 4448 3431 4504 omnino
3471 4447 3649 4501 homi-

395 4547 536 4619 μήτε
577 4547 809 4621 ἀληθείᾳ
854 4547 1029 4618 λέγων
1056 4548 1183 4602 Υἰὸν
1221 4540 1369 4599 εἶναι
1395 4543 1490 4598 τοῦ
1534 4543 1693 4609 Θεοῦ,
1728 4542 1865 4598 ἀλλὰ
1895 4543 1950 4597 ὡς

2077 4559 2223 4612 nem,
2277 4543 2368 4613 qui
2395 4541 2505 4616 65
2536 4541 2685 4596 illum
2715 4556 2819 4596 non
2852 4529 3045 4609 diligit.
3073 4537 3122 4593 Is
3158 4546 3338 4592 autem
3368 4536 3646 4590 Christum

393 4642 455 4696 ὲν
499 4639 730 4714 δευτέρᾳ
763 4639 916 4706 τάξει
966 4638 1135 4703 τιθεὶς
1169 4636 1323 4707 παρὰ
1364 4635 1457 4691 τὸν
1499 4636 1567 4689 ἐκ
1599 4634 1735 4689 Θεοῦ
1772 4634 1966 4702 Λόγον,

393 4729 578 4785 καὶτὸ
609 4732 709 4801 τῆς
735 4730 1048 4801 οἰκονομίας
1079 4729 1282 4783 ἀδικῶν
1310 4728 1606 4799 μυστήριον
1637 4725 1726 4781 διά
1761 4724 1856 4779 τοῦ
1876 4725 1969 4779 τέ-

396 4837 552 4892 μνειν
589 4822 669 4884 είς
699 4820 794 4875 δύο
818 4820 910 4875 τὸν
936 4820 1035 4875 ἕνα
1074 4819 1281 4891 Κύριον
1319 4818 1415 4871 καὶ
1454 4817 1681 4887 Ἰησοῦν.

2078 4650 2184 4689 non
2220 4634 2433 4704 diligit“
2463 4631 2555 4703 qui
2593 4645 2765 4700 neque
2822 4637 3011 4684 natura
3057 4642 3232 4696 neque
3276 4625 3508 4682 veritate
3554 4622 3648 4678 Dei

2075 4724 2273 4780 Filium
2321 4736 2444 4779 esse
2482 4722 2757 4793 agnoscit,
2793 4723 2883 4786 sed
2913 4735 2942 4774 a
2978 4719 3071 4775 Dei
3100 4708 3278 4772 Verbo
3307 4714 3558 4786 sejungit,
3588 4730 3653 4771 ac

2078 4813 2242 4870 veluti
2298 4813 2359 4867 in
2412 4809 2710 4868 secundum
2813 4808 3059 4866 ordinem
3116 4805 3316 4874 rejicit,
3376 4816 3538 4875 atque
3577 4804 3651 4858 ita

394 4914 524 4968 dum
615 4927 782 4966 unum
834 4910 1121 4967 Dominum
1181 4908 1364 4992 Iesum
1426 4910 1704 4986 Christum
1791 4910 1844 4964 in
1908 4909 2043 4966 duos
2109 4905 2322 4969 dividit,
2372 4902 2790 4974 dispensationis
2841 4899 3158 4971 mysterium
3225 4897 3396 4952 atroci
3458 4895 3655 4967 injuria

395 5004 597 5060 adicit.

736 5121 840 5179 Ἐκ
867 5120 979 5191 τῆς
1015 5122 1167 5188 πρὸς
1197 5119 1545 5184 Κορινθίους
1575 5117 1655 5179 β’.

477 5233 498 5267 ι
537 5214 628 5295 Ἰξῷ
646 5214 704 5270 δὲ
722 5212 841 5284 Θεῷ
865 5214 1051 5284 χάρις,
1076 5210 1305 5265 πάντοτε
1322 5206 1398 5278 τῷ
1421 5205 1806 5277 θριαμόεύοντι
1830 5208 1978 5278 ἡμᾶς

2437 5111 2522 5167 Ea:
2555 5110 2833 5180 posteriori
2868 5109 2936 5162 ad
2982 5106 3304 5162 Corinthios.

2164 5222 2182 5255 r
2217 5204 2324 5258 Deo
2362 5213 2543 5265 autem
2574 5202 2795 5273 gratias,
2830 5202 2922 5270 qui
2972 5213 3186 5266 semper
3212 5193 3507 5261 triumphat
3559 5208 3656 5273 nos

404 5308 464 5360 εν
484 5280 578 5376 rip.
599 5268 981 5376 ⁸Χήριστιῖλῧκαὶ
1004 5268 1124 5373 ’τὴν
1172 5297 1347 5369 ὀσμὴν
1370 5268 1484 5369 ’τῆς
1523 5268 1776 5365 γνώσεως
1812 5268 1950 5351 αῦτοέ

2087 5296 2140 5351 in
2174 5295 2390 5351 Christo
2424 5268 2659 5361 Jesu,—et
2700 5268 2923 5349 odorem
2967 5287 3171 5344 notitiae
3203 5300 3314 5341 sua:
3349 5268 3659 5340 manifestat

475 5459 525 5494 ³⁸
554 5455 729 5515 lCor.
764 5472 864 5525 xu,
895 5455 1014 5514 5-6.
1091 5455 1138 5487 ¹⁹
1171 5452 1345 5509 lCor.
1373 5465 1470 5518 χιι,
1500 5450 1590 5505 28.
1668 5451 1714 5503 ³ο
1750 5451 1772 5504 Ι
1811 5448 1938 5506 Cor.
1970 5462 2079 5516 xvr,
2112 5447 2205 5505 21.
2283 5446 2326 5480 "
2356 5446 2517 5503 Joan.
2550 5462 2623 5513 tv,
2661 5447 2750 5502 21.
2832 5400 2924 5500 "il
2953 5442 3078 5499 Cor.
3111 5455 3226 5506 vnt,
3267 5439 3319 5495 6.

1485 5612 1663 5671 Variae
1690 5611 1949 5669 lectiones
1986 5609 2185 5668 codicis
2216 5609 2567 5679 Seguiet'iani.

461 5750 539 5794 -ιισ
565 5750 775 5807 ἔπειτα,
858 5746 878 5789 1
914 5745 1267 5804 συντείνεται.
