4060 6422
476 364 616 421 1259

1544 372 1599 428 S.
1641 371 1917 429 CYRILLI
1954 368 2426 426 ALEXANDBINI
2464 366 2784 424 ARCHIEP.

3598 369 3734 425 1240

473 496 573 549 per
618 497 717 538 nos
760 485 813 538 in
860 485 1006 539 omni
1055 485 1174 542 loco
1210 510 1219 541 ;
1262 488 1387 555 quia
1442 488 1645 544 Christi
1693 493 1866 545 bonus
1916 489 2048 544 odor

2154 484 2479 558 φανεροῦντι
2519 484 2590 538 δι’
2621 484 2779 555 ἡμῶν
2820 483 2880 538 ἓν
2915 484 3080 539 παντὶ
3128 484 3313 554 τόπῳ·
3359 484 3443 538 δτι
3495 482 3731 554 Χριστοῦ

476 588 663 627 sumus
710 573 819 629 Deo
868 576 921 630 in
977 577 1043 632 iis
1095 577 1184 646 qui
1236 579 1370 633 salvi
1425 580 1580 646 fittnt,
1632 589 1687 635 et
1737 582 1789 634 in
1845 581 1913 634 iis
1956 580 2050 648 qui

478 675 707 729 pereunt
730 667 795 725 ⁸³.
829 685 849 719 ι
895 660 1051 733 Quod
1082 670 1127 725 si
1157 668 1411 726 Christus
1445 670 1693 726 Paterna:
1726 670 2053 739 cognitionis

479 755 649 811 bonus
698 757 836 813 odor
873 769 996 823 est,
1047 760 1319 830 quomodo
1369 759 1512 816 Deus
1566 777 1672 816 non
1728 761 1848 817 est?
1895 759 2050 817 Haud

476 860 709 916 namque
743 846 795 900 in
828 848 1065 901 humana
1099 858 1289 903 natura
1324 850 1520 904 divina:
1562 859 1769 919 natura:
1800 850 2019 921 fragran
2040 882 2052 892 -

474 935 610 989 tiam
638 937 974 1006 compererit
1001 939 1269 1008 quispiam
1304 960 1317 993 :
1350 939 1445 995 sed
1475 941 1927 1009 quemadmodum
1957 941 2053 996 bu-

474 1026 758 1083 manitatis
788 1029 926 1084 odor
964 1032 1123 1099 plane
1151 1029 1447 1096 hominem,
1482 1031 1554 1085 ita
1596 1030 1892 1086 divinitatis
1918 1032 2052 1087 odor

474 1116 651 1173 Deum
691 1119 917 1176 indicat.
949 1121 1067 1177 Jam
1108 1123 1152 1178 si
1194 1121 1450 1177 Christus
1484 1122 1657 1177 bonus
1691 1123 1871 1179 Patris
1914 1124 2053 1179 oder

472 1207 804 1277 appellatur,
835 1224 1068 1279 vereque
1116 1222 1221 1277 est,
1274 1210 1548 1281 quomodo
1594 1211 1737 1268 Deus
1793 1227 1899 1268 non
1943 1223 2048 1277 est,

472 1301 687 1357 etiamsi
720 1301 849 1357 illud
893 1303 1071 1373 ipsum
1130 1304 1235 1358 Dei
1282 1304 1462 1360 Patris
1492 1303 1726 1361 Verbum
1768 1306 2049 1375 dispensa-

474 1392 623 1446 tione
650 1391 815 1447 homo
846 1392 1050 1449 factum
1083 1403 1164 1449 est
1188 1395 1211 1447 ?

547 1498 569 1534 ι
601 1480 845 1551 Epistola
892 1494 1077 1540 nostra
1115 1501 1210 1541 vos
1258 1489 1414 1553 estis,
1444 1488 1645 1558 scripta
1697 1488 1750 1542 in
1794 1488 2048 1544 cordibus

471 1575 703 1641 nostris,
738 1591 859 1646 qua:
902 1578 1075 1633 scitur
1112 1588 1166 1633 et
1201 1579 1398 1649 legitur
1423 1581 1493 1636 ab
1532 1580 1785 1637 omnibus
1812 1581 2049 1636 homini-

470 1669 573 1722 hns
597 1684 612 1720 :
638 1665 965 1722 manifestati
1011 1670 1158 1738 quod
1204 1670 1430 1739 epistola
1460 1672 1592 1727 estis
1625 1671 1853 1736 Christi,
1886 1671 2048 1725 mini-

471 1766 643 1812 strata
684 1773 714 1812 a
745 1757 923 1823 nobis,
955 1768 1012 1814 et
1041 1761 1243 1829 scripta
1296 1776 1401 1816 non
1433 1770 1762 1826 atramento,
1797 1762 1891 1817 sed
1924 1761 2046 1831 Spi-

471 1849 578 1903 ritu
625 1849 756 1915 Dei,
802 1865 908 1905 non
952 1850 1006 1904 in
1060 1850 1256 1907 tabulis
1306 1851 1553 1921 lapideis,
1601 1854 1698 1908 sed
1747 1854 1798 1907 in
1851 1853 2045 1908 tabulis
2076 1832 2119 1887 Β

468 1940 650 1995 cordis
679 1940 996 1997 carnalibus
1020 1940 1086 1993 “.
1121 1960 1139 1994 ι
1178 1940 1323 1997 Deus
1354 1957 1453 2011 per
1484 1944 1771 2013 quemdam
1812 1958 1875 1999 ex
1916 1958 2043 2013 pro-

468 2029 645 2096 phetis
674 2029 870 2086 alicubi
911 2032 991 2087 sic
1036 2031 1318 2103 loquitur:
1358 2051 1377 2085 ι
1412 2032 1544 2089 Post
1586 2034 1706 2090 illos
1747 2035 1883 2101 dies,
1914 2034 2046 2090 dicit

471 2119 751 2184 Dominus,
783 2120 920 2176 dabo
951 2121 1096 2193 leges
1134 2138 1284 2178 meas
1316 2124 1368 2179 in
1401 2133 1633 2180 mentem
1660 2140 1871 2193 eorum,
1906 2136 1961 2181 et
1989 2128 2042 2181 in

466 2212 631 2266 corda
694 2226 883 2268 eorum
941 2213 1235 2269 inscribam
1295 2229 1391 2271 eas
1412 2215 1480 2271 ⁸⁸.
1529 2233 1548 2267 ι
1606 2204 1787 2271 Facti’
1816 2218 2045 2288 proinde

465 2316 653 2357 sumus
681 2301 907 2372 epistola
951 2301 1173 2370 Christi,
1219 2303 1311 2373 qui
1349 2303 1484 2375 legis
1518 2319 1631 2361 sua:
1674 2306 1892 2361 decreta
1935 2322 2041 2361 non

464 2402 786 2458 atramento,
809 2393 909 2449 sed
933 2394 1162 2449 viventis
1196 2394 1290 2450 Dei
1324 2396 1533 2465 Spiritu
1566 2397 1620 2451 in
1652 2397 1811 2477 nobis
1836 2397 2043 2451 descri-

465 2484 589 2540 bit:
620 2493 786 2555 atque
815 2485 919 2541 hoc
963 2486 1136 2554 ipsum
1179 2500 1286 2540 non
1339 2501 1434 2554 per
1474 2487 1691 2541 modum
1733 2485 2039 2551 ministerii,

463 2577 558 2632 sed
590 2592 691 2647 per
718 2576 995 2647 propriam
1039 2575 1122 2646 (ut
1167 2576 1237 2631 ita
1268 2574 1470 2648 dicam)
1511 2575 1886 2632 ellicacitatem
1920 2592 1933 2629 :
1962 2577 2039 2631 si-

462 2667 684 2737 quidem
730 2666 967 2737 Spiritus
1023 2667 1127 2737 ipsi
1184 2666 1437 2737 proprius
1488 2676 1592 2722 est.
1647 2667 1717 2721 At
1758 2683 1865 2737 quo
1910 2682 2041 2738 ergo

462 2757 625 2813 modo
652 2757 699 2813 is
726 2756 869 2813 Deus
911 2764 1150 2820 nonest,
1185 2756 1278 2825 qui
1326 2756 1523 2810 divinas
1565 2755 1771 2812 notitia:
1799 2756 2040 2813 rationes

462 2848 680 2918 proprio
727 2847 932 2918 Spiritu
989 2846 1527 2917 nobis'insculpsit?
1557 2846 1634 2904 De
1664 2848 1862 2905 Judmis
1909 2850 2037 2905 sub-

440 2938 632 3008 .jungit
660 2956 673 2992 :

536 3049 556 3085 ι
591 3030 699 3088 Sed
732 3032 912 3088 obtusi
945 3040 1073 3088 sunt
1103 3045 1296 3087 sensus
1330 3045 1546 3087 eorum.
1574 3029 1759 3101 Usque
1785 3030 1931 3087 enim
1982 3030 2036 3084 in

461 3124 778 3179 hodiernum
817 3123 958 3179 diem
992 3123 1227 3194 idipsum
1254 3122 1501 3178 velamen
1528 3123 1580 3177 in
1617 3122 1848 3177 lectione
1876 3120 2038 3177 Vete-

2151 578 2348 632 εύωδία
2366 577 2536 646 ἐσμὲν
2563 576 2641 647 τῷ
2668 576 2788 647 Θεῷ
2808 579 2867 630 ὲν
2890 579 3001 641 τοῖς
3024 576 3373 648 σωζομένοις,
3396 578 3492 631 καὶ
3530 579 3588 631 ὲν
3615 579 3731 642 τοῖς

2151 668 2566 737 ἀπολλυμένοις.
2612 687 2630 719 ι
2674 665 2809 721 Εἶτα
2843 668 2961 732 πῶς
2992 668 3055 721 ού
3077 667 3209 733 Θεὸς
3236 670 3266 723 ὁ
3296 668 3554 738 Χριστὸς,
3572 670 3729 738 είπερ

2150 760 2299 814 ἑστιν
2333 756 2496 821 αὐτὸς
2523 759 2668 829 ὀσμή
2692 758 2796 828 τῆς
2822 758 3080 827 γνώσεως
3111 758 3204 811 τοῦ
3238 758 3487 827 Πατρός;
3517 759 3593 812 Οὐ
3619 760 3730 831 γάρ

2150 850 2207 904 ἐν
2256 866 2320 918 γε
2366 850 2431 918 τῇ
2471 848 2764 919 ἀνθρώπου
2822 848 2982 917 φύσει
3027 850 3126 919 τὴν
3164 848 3265 918 τῆς
3312 847 3463 912 θείας
3513 848 3730 917 φύσεως

2148 941 2376 995 εὐωδίαν
2419 938 2694 1010 ἀναμάοοι
2730 957 2817 1004 τις
2862 940 2966 994 ἄν·
3001 939 3116 993 ἀλλ’
3167 940 3353 1012 ῶσπερ
3402 942 3436 1010 ἡ
3477 940 3578 1010 τῆς
3635 940 3729 993 άν-

2152 1032 2506 1103 θρωπὸτητος
2556 1030 2702 1101 ὀσμὴ
2736 1030 2992 1101 σημαίνει
3030 1047 3134 1084 που
3170 1030 3386 1093 πάντως
3417 1031 3723 1101 ἄνθρωπον,

2148 1122 2293 1175 οῦτω
2332 1122 2481 1191 καὶὴ
2520 1121 2624 1190 τῆς
2656 1120 2932 1191 θεότητος.
2968 1120 3122 1174 Θεόν.
3155 1121 3219 1173 ΕΞ
3256 1119 3314 1173 δὲ
3355 1120 3591 1191 Χριστὸς
3633 1121 3726 1173 εύ-

2150 1211 2285 1265 ωδία
2326 1210 2424 1264 τοῦ
2461 1211 2674 1280 Πατρὸς
2714 1205 2855 1264 εἶναι
2889 1210 3139 1278 λέγεται,
3173 1211 3271 1264 καὶ
3295 1209 3444 1263 ἔστιν
3471 1209 3725 1280 ἀληθῶς,

2149 1301 2265 1364 πῶς
2290 1301 2352 1354 οὐ
2377 1301 2510 1365 Θεός
2536 1303 2654 1354 ἐστι
2686 1299 2943 1372 Χριστὸς,
2980 1300 3086 1354 κᾶν
3113 1302 3162 1353 εί
3188 1302 3412 1369 γέγονεν
3438 1299 3726 1372 ἄνθρωπος

2146 1392 2504 1461 οἰκονομικῶς
2527 1392 2557 1444 ὁ
2590 1394 2657 1446 εκ
2686 1390 2824 1445 Θεοῦ
2864 1392 3079 1463 Πατρὸς
3107 1393 3313 1461 Λόγοςς

2223 1501 2243 1533 ι
2297 1483 2364 1536 Ἠ
2392 1481 2648 1553 ἐπιστολὴ
2667 1485 2700 1554 ἡ
2711 1482 2826 1553 μῶν
2850 1482 3011 1554 ὑμεῖς
3034 1484 3179 1547 ἐστε,
3210 1483 3638 1554 ὲγγεγραμμένη
3665 1484 3724 1536 ὲν

2145 1575 2264 1637 ταῖς
2296 1573 2545 1644 καρδίαις
2573 1574 2753 1646 ἡμῶν,
2800 1575 3181 1647 γινωσκομένη
3224 1576 3319 1629 καὶ
3356 1576 3725 1643 ἀναγινωσκο-

2150 1663 2287 1735 μένη
2349 1664 2455 1717 ὑπὸ
2507 1663 2731 1718 πάντων
2799 1664 3105 1737 ἀνθρώπων
3124 1683 3137 1694 ·
3198 1665 3591 1736 φανερούμενοι
3641 1667 3725 1720 ὅτι

2148 1756 2271 1809 ἐστὲ
2302 1755 2559 1828 ἐπιστολὴ
2592 1757 2854 1830 Χριστοῦ,
2891 1757 3273 1829 διακονηθεῖσα
3300 1759 3392 1827 ὑφ’
3424 1758 3603 1828 ἡμῶν,
3632 1760 3726 1827 ὲγ-

2145 1846 2510 1916 γεγραμμένη
2532 1847 2593 1899 οὐ
2623 1846 2836 1918 μέλανι,
2870 1848 3005 1901 ἀλλὰ
3034 1847 3313 1919 Πνεύματι
3337 1848 3473 1901 Θεοῦ
3500 1849 3722 1914 ζῶντος,

2144 1937 2246 1991 οὐκ
2281 1937 2341 1989 ἐν
2389 1937 2553 2004 πλαξὶ
2590 1937 2844 2003 λιθίναις,
2877 1938 2994 1993 ἀλλ’
3026 1940 3085 1992 ιν
3118 1938 3282 2004 πλαξὶ
3317 1939 3546 2011 καρδίας
3587 1957 3723 2011 σαρ-

2144 2030 2319 2100 κίνης.
2355 2047 2373 2082 ι
2413 2029 2557 2100 Ἔφη
2590 2047 2691 2084 που
2739 2030 2872 2093 Θεὸς
2910 2030 2979 2084 δι’
3011 2031 3129 2095 ἐνὸς
3164 2030 3273 2084 τῶν
3304 2032 3473 2101 ἁγίων
3508 2050 3722 2104 προφη-

2142 2119 2251 2173 τῶν
2272 2114 2299 2150 ·’
2329 2140 2348 2170 ι
2390 2120 2479 2173 ἐν
2508 2120 2586 2191 τῷ
2626 2119 2804 2192 καιρῷ
2849 2121 3063 2193 ἆκείνῳ,
3094 2121 3240 2192 λέγει
3272 2123 3496 2193 Κύριος,
3546 2123 3722 2186 διδοὺς

2143 2213 2339 2282 νόμους
2372 2229 2474 2281 μου
2498 2213 2580 2275 εὶς
2607 2212 2709 2283 τὴν
2739 2212 2979 2267 διάνοιαν
3003 2213 3203 2280 αὐτῶν,
3227 2214 3322 2267 καὶ
3343 2212 3437 2267 ἐπὶ
3461 2213 3559 2277 τὰς
3586 2230 3721 2285 καρ-

2140 2302 2259 2367 δίας
2296 2302 2475 2355 αὐτῶν
2504 2303 2795 2372 ἐπιγράψω
2842 2303 3058 2367 αὐτούς.
3118 2321 3137 2354 ι
3191 2302 3498 2374 Γεγόναμεν
3539 2306 3720 2357 τοίνυν

2144 2393 2404 2465 ἐπιστολὴ
2432 2393 2693 2464 Χριστοῦ,
2720 2393 3022 2463 γράφοντος
3055 2396 3187 2464 ἡμῖν
3216 2394 3315 2447 οὐκ
3345 2395 3403 2447 ὲν
3443 2395 3633 2464 μέλανι
3657 2395 3721 2448 τὸ

2142 2484 2288 2556 αὐτῷ
2307 2484 2515 2551 δοκοῦν,
2542 2484 2655 2539 ἀλλ’
2673 2485 2731 2539 ἐν
2754 2485 3029 2556 Πνεύματι
3053 2486 3187 2539 Θεοῦ
3210 2485 3427 2552 ζῶντος·
3452 2487 3512 2541 οι)
3535 2486 3719 2540 διακο-

2140 2574 2305 2639 νικῶς
2322 2576 2542 2645 μᾶλλον,
2569 2576 2703 2642 ἀλλ’,
2733 2576 2819 2630 ἵνα
2831 2575 3004 2639 οὕτως
3020 2576 3285 2648 εἴπωμεν,
3307 2577 3681 2649 αὐτουργικῶς
3702 2595 3715 2609 ·

2142 2665 2272 2718 ίδιον
2299 2665 2408 2737 γὰρ
2435 2664 2598 2718 αὑτοῦ
2638 2665 2697 2717 τὸ
2725 2664 2953 2737 Πνεῦμά
2981 2667 3147 2721 ἐστιν.
3178 2662 3312 2721 Εἶτα
3346 2668 3464 2732 πῶς
3491 2668 3550 2721 οὐ
3585 2667 3720 2731 Θεδς

2139 2757 2168 2808 ὁ
2196 2755 2253 2809 ὲν
2278 2755 2391 2825 ἰδίῳ
2425 2755 2705 2826 Πνεύματι
2732 2756 2961 2826 γράφων
2994 2756 3127 2827 ἡμῖν
3148 2760 3248 2829 τῆς
3272 2756 3602 2826 θεογνωσίας
3619 2756 3720 2823 τὴν

2144 2845 2298 2912 ὀδόν;
2338 2847 2473 2918 Περὶ
2502 2844 2608 2900 τῶν
2652 2844 2921 2900 Ἰουδαίων
2960 2846 3152 2917 φησιν’

2218 3041 2237 3074 ι
2297 3023 2436 3076 Ἀλλ’
2473 3021 2742 3095 ἐπωρώθη
2769 3024 2840 3078 τὰ
2886 3026 3135 3096 νοήματα
3177 3026 3379 3083 αὐτῶν.
3419 3024 3582 3100 ’Δχρι
3609 3026 3719 3098 γάρ

2140 3112 2239 3183 τῆς
2271 3114 2512 3184 σήμερον
2548 3113 2765 3188 ἡμέρας
2797 3113 2858 3167 τὸ
2888 3115 3020 3169 αὐτὸ
3048 3116 3314 3189 κάλυμμα
3350 3118 3443 3171 ἐπὶ
3470 3121 3536 3190 τῇ
3581 3118 3720 3173 ἀνα-

463 3218 538 3271 ris
558 3213 889 3271 Testamenti
919 3184 1102 3270 manet
1128 3228 1232 3269 non
1264 3214 1561 3269 revelatum
1591 3212 1756 3284 (quod
1788 3212 1841 3268 in
1874 3210 2037 3267 Chri-

2145 3205 2341 3274 γνώσει
2381 3205 2480 3275 τῆς
2532 3184 2779 3269 Παλαιᾶς
2811 3204 3085 3278 Διαθήκης
3115 3184 3358 3279 διαμένει
3390 3208 3464 3280 μὴ
3508 3184 3722 3263 avetau—

459 3319 544 3361 sto
605 3304 957 3375 evacuatur),
1010 3303 1103 3361 sed
1146 3318 1315 3374 usque
1371 3304 1424 3358 in
1486 3302 1808 3361 hodiernum
1858 3302 2033 3365 diem,

2145 3295 2497 3366 λυπτόμενον,
2531 3295 2560 3349 ὅ
2582 3312 2634 3348 τι
2673 3297 2731 3349 ἐν
2762 3295 2985 3368 Χριστῷ
3025 3299 3413 3368 καταργεῖται·
3444 3295 3579 3352 ἀλλὰ
3615 3299 3720 3363 ἕως

461 3413 586 3452 cum
614 3397 814 3469 legitur
845 3394 1080 3468 Moyses,
1101 3394 1473 3467 ﬁevelamen
1500 3394 1734 3463 positum
1763 3403 1849 3449 est
1876 3406 2038 3461 super

2145 3388 2233 3459 τῆς
2251 3388 2510 3459 σήμερον,
2531 3387 2695 3458 ἡνίκα
2713 3387 3150 3456 ἀναγινώσκεται
3170 3389 3428 3458 Μωῦσῆς,
3451 3389 3719 3459 κάλυμμα

459 3504 557 3544 cur
594 3502 805 3544 eorum.
833 3488 967 3542 Cum
1009 3496 1187 3541 autem
1219 3485 1469 3541 conversi
1514 3484 1715 3539 fuerint
1757 3483 1822 3539 ad
1856 3483 2037 3539 Domi-

2145 3479 2231 3533 ἐπὶ
2274 3479 2374 3549 τὴν
2413 3479 2641 3550 καρδίαν
2691 3479 2873 3533 αὐτῶν
2925 3481 3122 3534 κεῖται.
3182 3479 3375 3533 Ἢνίκα
3427 3481 3471 3533 δ’
3502 3481 3567 3534 ἂν
3596 3482 3721 3533 ἐπι-

350 3600 368 3619 »
461 3594 615 3643 num,
648 3577 925 3632 auferetur
954 3575 1220 3630 velamen.
1273 3574 1536 3630 Dominus
1570 3582 1753 3628 autem
1793 3573 2035 3641 Spiritus

2145 3567 2349 3642 στρέφῃ
2384 3568 2521 3639 πρὸς
2551 3568 2777 3639 Κύριον,
2810 3572 3179 3639 περιαιρεῖται
3221 3568 3284 3623 τὸ
3329 3569 3609 3642 κάλυμμα.
3657 3569 3723 3625 '0

459 3675 565 3718 est.
613 3663 714 3719 Ubi
743 3670 923 3718 autem
950 3661 1189 3732 Spiritus
1218 3661 1457 3729 Domini,
1478 3662 1550 3718 ibi
1577 3662 1801 3718 libertas
1818 3671 1902 3720 est
1920 3663 1985 3717 ³⁸.
2013 3681 2034 3715 s

2145 3659 2195 3713 δὲ
2223 3658 2427 3730 Κύριος
2449 3660 2512 3713 τὸ
2532 3658 2759 3730 Πνεῦμα
2789 3662 2935 3713 ἐστιν
2951 3675 2967 3690 ⁶
2989 3656 3050 3715 οὗ
3071 3660 3128 3713 δὲ
3156 3661 3216 3715 τὸ
3245 3662 3471 3732 Πνεῦμα
3491 3663 3720 3733 Κυρίου,

463 3756 522 3811 Si
555 3756 691 3826 legis
736 3764 793 3812 et
818 3755 1206 3826 prophetarum
1254 3755 1376 3811 nnis
1418 3765 1505 3811 est
1539 3754 1818 3823 Christus,
1864 3771 2040 3828 neque

2145 3751 2256 3803 ἐκεῖ
2299 3748 2601 3821 ἐλευθερία.
2654 3767 2673 3801 ι
2711 3750 2773 3802 El
2809 3748 2962 3813 τέλος
3009 3750 3172 3820 νόμου
3223 3751 3318 3805 καὶ
3362 3750 3656 3822 προφητῶν
3695 3755 3725 3805 ὁ

460 3846 708 3903 velamen
738 3845 881 3917 quod
908 3842 1122 3902 Veteris
1161 3844 1495 3901 Testamenti
1532 3844 1749 3902 lectioni
1779 3846 2036 3913 cohmret,

2145 3840 2397 3913 Χριστὸς,
2432 3844 2527 3895 καὶ
2556 3841 2657 3894 οὐκ
2687 3841 3131 3895 ἀποκαλύπτεται
3158 3842 3217 3896 τὸ
3251 3842 3514 3914 κάλυμμα
3542 3843 3603 3896 τὸ
3628 3844 3726 3896 ἐπὶ

464 3937 694 4004 tollitur,
727 3938 826 3993 nisi
858 3953 955 4010 per
991 3937 1163 3993 solum
1194 3937 1477 3994 Christum’
1497 3955 1513 3995 :
1542 3939 1811 4010 quomodo
1842 3939 2037 3993 rationi

2145 3933 2205 4002 τῇ
2235 3932 2539 3999 ἀναγνώσει
2567 3931 2665 4002 τῆς
2695 3930 2937 3995 Παλαιᾶς
2966 3932 3258 4005 Διαθήκης,
3289 3934 3336 3986 εί
3372 3934 3447 4004 μὴ
3480 3935 3537 3987 ὲν
3572 3935 3724 4004 μόνρ

460 4040 888 4086 consentaneum
934 4030 1059 4096 erit,
1112 4027 1286 4101 ipsum
1339 4030 1543 4085 nudum
1588 4045 1713 4086 esse
1764 4032 2037 4085 hominem

2145 4022 2217 4093 τῷ
2261 4021 2483 4094 Χριστῷ
2506 4039 2520 4053 ⁸
2556 4025 2708 4077 ποῖον
2762 4023 2875 4095 ἔχει
2904 4022 3063 4094 λόγον
3114 4024 3196 4091 τὸ,
3244 4024 3527 4096 ἄνθρωπον
3559 4026 3725 4078 αὐτὸ)

460 4120 799 4185 existimare,
830 4130 886 4175 et
930 4118 1046 4175 sola
1078 4119 1361 4175 ﬁliatiouis
1393 4119 1756 4191 appellatione
1800 4121 2038 4175 honora-

2145 4116 2348 4171 οἴεσθαι
2368 4116 2547 4171 κοινὸν
2577 4117 2868 4189 ὑπάρχειν,
2905 4118 3043 4190 μόνῃ
3071 4121 3137 4189 τῇ
3168 4118 3267 4189 τῆς
3290 4119 3537 4191 υἱότητος
3556 4135 3727 4189 προσ·

434 4211 618 4267 -tuml
649 4211 843 4266 Annon
888 4212 995 4267 hac
1041 4211 1298 4283 opinione
1337 4213 1512 4277 fieret,
1541 4221 1634 4287 ⁹ιιι
1686 4212 1820 4272 fides
1852 4221 2036 4267 nostra

2145 4209 2338 4280 ηγορίᾳ
2367 4209 2765 4281 τετιμημένον;
2790 4209 3116 4281 Εὐρίσκεται
3142 4209 3253 4281 γὰρ
3283 4209 3348 4265 ἂν
3382 4210 3553 4274 οὕτως
3575 4210 3723 4281 ἔχει)

458 4319 567 4359 non
599 4301 904 4360 collimaret
932 4304 984 4358 in
1021 4303 1214 4368 Deum,
1245 4314 1502 4374 tauquam
1535 4303 1587 4359 in
1625 4304 1810 4370 finem,
1852 4304 1945 4358 sed
1983 4303 2036 4356 in

2145 4300 2201 4352 τὸ
2227 4298 2326 4370 τῆς
2356 4299 2589 4363 πίστεως
2616 4294 2775 4370 ἡμῶν
2801 4299 2950 4362 τέλος
2979 4299 3078 4367 οὐκ
3096 4301 3174 4363 είς
3193 4298 3324 4353 Θεὸν
3350 4300 3573 4370 μᾶλλον,
3602 4301 3729 4354 ἀλλ’

459 4394 738 4451 hominem
771 4395 944 4449 nostri
975 4392 1247 4449 similem?
1282 4393 1357 4448 Eo
1385 4402 1563 4449 autent
1594 4393 1723 4463 quid
1762 4393 1846 4449 vel
1886 4393 2036 4464 cogi-

2145 4393 2220 4456 εἱς
2271 4392 2367 4445 ένα
2418 4382 2527 4446 τῶν
2581 4392 2703 4445 καθ’
2759 4393 2944 4464 ἡμᾶς·
3012 4391 3149 4462 ὅπερ
3204 4392 3322 4445 ἐστὶ
3357 4392 3466 4445 τῶν
3506 4393 3724 4446 ἀτοπωο

458 4485 565 4542 tari
601 4493 767 4556 queat
801 4485 1111 4543 absurdius.
1236 4525 1247 4536 .
1960 4556 1969 4561 _

2145 4484 2339 4539 τάτων.

536 4595 556 4630 ι
586 4575 740 4644 Quod
785 4577 832 4634 si
884 4578 1049 4633 etiam
1099 4586 1347 4649 opertum
1402 4585 1486 4631 est
1541 4575 1890 4646 Evangelium
1942 4590 2040 4630 no-

2207 4595 2223 4628 ι
2248 4577 2311 4630 Εἰ
2332 4575 2387 4629 δὲ
2414 4575 2509 4629 καὶ
2536 4572 2651 4628 ἔστι
2682 4575 3093 4647 κεκαλυμμένον
3122 4575 3183 4629 τὸ
3216 4574 3545 4643 Εὑαγγέλιον
3564 4573 3722 4645 ἡμῶν

463 4678 639 4724 strum
676 4668 729 4724 in
766 4669 834 4725 iis
879 4670 969 4740 qui
1014 4678 1276 4740 pereunt,
1323 4678 1407 4723 est
1449 4668 1696 4738 opertum
1744 4668 1797 4722 in
1843 4666 2041 4737 quibus

2145 4669 2200 4723 ὲν
2240 4670 2350 4733 τοῖς
2388 4666 2800 4738 ἀπολλυμένοις,
2839 4666 2955 4722 ἐστι
3019 4668 3435 4739 κεκαλυμμένον
3478 4669 3536 4721 ὲν
3579 4662 3661 4729 οἷς
3692 4666 3721 4719 ὁ

462 4759 609 4815 Deus
645 4760 807 4831 hujus
842 4762 1027 4817 saeculi
1057 4762 1354 4818 excmcavit
1380 4770 1593 4816 mentes
1632 4748 1954 4824 infidelium,
1983 4771 2041 4814 ιιι

2145 4762 2275 4827 Θεὸς
2306 4761 2398 4815 τοῦ
2435 4762 2630 4825 αἰῶνος
2678 4761 2867 4815 τούτου
2899 4760 3176 4830 ἐτύφλωσε
3224 4762 3295 4816 τὰ
3327 4761 3575 4833 νοήματα
3611 4760 3723 4812 τῶν

469 4868 577 4908 non
612 4853 816 4924 fulgeat
849 4855 958 4911 illis
990 4855 1317 4912 illuminatio
1361 4855 1635 4928 Evangelii
1664 4855 1850 4928 glorize
1876 4851 2040 4910 Chri-

2145 4854 2411 4919 ἀπίστων,
2444 4855 2523 4918 είς
2550 4852 2611 4905 τὸ
2641 4848 2717 4923 μὴ
2743 4854 2977 4923 αὐγάσαι
3008 4855 3097 4909 τὸν
3121 4854 3395 4925 φωτισμὸν
3423 4851 3518 4906 τοῦ
3551 4853 3725 4921 Εὐαγο

464 4945 534 4998 sti
579 4945 669 5015 qui
715 4955 799 5001 est
839 4947 1017 5016 imago
1046 4945 1140 5001 Dei
1166 4948 1231 5001 ³⁷.
1267 4965 1284 4998 ι
1322 4947 1401 5016 Si,
1440 4957 1498 5002 ut
1525 4949 1743 5018 quidam
1775 4951 2039 5015 sentiunt,

2145 4945 2325 5015 γελίου
2368 4944 2467 5014 τῆς
2499 4943 2657 5015 δόξης
2704 4943 2799 4998 τοῦ
2850 4945 3109 5017 Χριστοῦ,
3143 4946 3201 5009 ὃς
3245 4947 3395 4999 ἐστιν
3439 4943 3602 4997 εἰκὼν
3627 4943 3724 4997 τοῦ

464 5031 714 5087 Christus
766 5043 849 5089 est
900 5035 1063 5089 homo
1114 5036 1454 5101 communis,
1516 5038 1631 5092 sola
1682 5051 2039 5107 personarqu

2145 5037 2298 5091 Θεοῦ.
2343 5055 2363 5089 ι
2398 5037 2463 5090 Εἰ
2492 5037 2635 5099 κατά
2679 5055 2744 5106 γε
2771 5038 2832 5091 τό
2857 5055 2969 5092 τισι
2998 5037 3190 5093 δοκοῦν
3220 5037 3398 5100 κοινὸς
3438 5036 3722 5107 ἄνθρωπός

465 5126 663 5180 unione
698 5140 821 5179 cum
856 5123 951 5181 Dei
978 5124 1159 5182 Verbo
1186 5127 1500 5182 societatem
1530 5128 1740 5184 habens
1775 5130 1864 5201 (ad
1898 5129 2044 5186 hunc

2145 5129 2293 5182 ἐστιν
2315 5130 2343 5181 δ
2371 5126 2626 5198 Χριστὸς,
2656 5126 2847 5181 ένώσει
2881 5129 3014 5200 μόνῃ
3037 5131 3102 5199 τῇ
3133 5131 3273 5183 κατὰ
3309 5128 3600 5199 πρόσωπον
3623 5127 3724 5198 τὴν

464 5217 610 5271 enim
657 5218 874 5272 modum
920 5217 1219 5288 loquuntur
1249 5219 1371 5291 illi),
1406 5223 1678 5290 quomodo
1714 5221 1766 5275 in
1817 5220 1923 5276 illis
1950 5223 2043 5291 qui

2148 5219 2440 5288 συνάφειαν
2476 5218 2615 5287 ἔχων
2647 5218 2782 5290 πρὸς
2819 5219 2911 5273 τὸν
2958 5222 3022 5272 ὲκ
3051 5219 3185 5273 Θεοῦ
3216 5219 3386 5289 Λόγον
3418 5218 3575 5290 (φασὶ
3614 5219 3725 5289 γὰρ

468 5316 719 5375 pereunt,
749 5307 1101 5378 Evangelium
1158 5309 1301 5365 illius
1333 5309 1705 5364 absconditum
1734 5311 1861 5366 est!
1897 5309 2042 5366 Geu-

2145 5310 2315 5373 οῦτως
2345 5308 2522 5382 αὐτοί)
2545 5326 2559 5340 ·
2586 5311 2702 5374 πῶς
2730 5312 2789 5363 ὲν
2814 5313 2927 5374 τοῖς
2946 5310 3344 5383 ἀπολλυμένοις
3369 5310 3724 5379 κεκαλυμμέ-

472 5409 547 5453 tes
586 5401 733 5455 enim
771 5415 876 5456 non
918 5401 1114 5468 Deum,
1160 5402 1255 5458 sed
1291 5400 1567 5457 hominem
1608 5401 1778 5456 nostri
1810 5401 2043 5458 similem

2150 5421 2238 5459 vov
2266 5401 2385 5457 ἐστὶ
2425 5404 2486 5459 τὸ
2524 5403 2856 5473 Εὑαγγέλιον
2882 5403 2977 5458 τοῦ
3003 5402 3138 5458 Θεοῦ
3168 5421 3206 5444 ιι
3229 5421 3244 5471 ;
3272 5403 3579 5457 Διάκε.νται
3611 5401 3721 5472 γάρ

541 5535 583 5567 ³³
614 5535 655 5589 ll
680 5536 805 5591 Cor.
841 5553 899 5603 Il,
928 5537 1017 5591 Η.
1097 5536 1141 5569 ³’δ
1165 5534 1208 5592 ll
1237 5536 1364 5593 Cor.
1411 5549 1493 5602 III,
1524 5535 1580 5599 2,
1617 5534 1669 5592 ὅ.
1746 5534 1791 5567 ³⁸
1824 5534 2027 5592 Jerem.

2145 5551 2228 5604 st,
2257 5534 2347 5591 53.
2460 5534 2507 5568 “
2533 5532 2577 5589 ll
2601 5535 2729 5592 Cor.
2757 5550 2842 5604 tn,
2871 5535 3058 5593 H-l7.
3178 5537 3221 5568 ³⁴
3247 5533 3288 5590 ll
3322 5534 3449 5591 Cor.
3486 5548 3560 5599 tv,
3592 5532 3647 5589 3.
3762 5530 3786 5547 ‘

1554 5650 1727 5707 Variae
1756 5651 2015 5710 lectiones
2044 5652 2247 5711 codicis
2275 5650 2644 5722 Seguieriaui.

543 5771 581 5801 ἠ
606 5760 781 5818 αὑτοῦ
