4060 6418
1330 307 1338 338 l

317 389 448 444 12‘.“

1408 397 1496 452 DE
1535 397 1762 454 RECTA
1803 397 1959 452 FIDE
2001 399 2091 452 AD
2126 398 2447 453 lil‘lCiNAS.

3429 395 3567 448 1⁸242

310 507 384 557 τὰ
414 505 560 577 ἔθνη,
587 507 684 577 οὐχ
713 508 794 560 ὅτι
823 509 952 573 Θεός
982 510 1148 575 ἐστιν,
1180 511 1291 565 ἀλλ’
1325 513 1407 566 ὅτι
1456 513 1580 580 καθ’
1613 515 1760 584 ἡμᾶς
1792 513 1872 566 ἄν·

1988 529 2107 567 esse
2159 528 2474 582 persuasmn
2525 511 2746 564 habent.
2799 509 3080 574 Quomodo
3127 507 3253 562 item
3298 507 3553 562 obcaecati

289 588 552 666 Ἔρωτος.
582 598 706 662 Πῶς
743 600 800 652 δὲ
838 603 930 653 καὶ
957 601 1322 671 τετύφλωνται
1365 605 1513 674 παρὰ
1541 604 1634 658 τοῦ
1680 607 1895 659 Σατανᾶ

311 689 363 739 oi
421 689 548 759 περὶ
598 689 884 760 ἀνθρώπου
935 692 1204 760 λέγοντες,
1265 696 1347 748 ὅτι
1403 695 1688 766 ἄνθρωπός
1741 699 1892 760 tam;

313 778 470 841 Ποῖος
520 779 575 832 δὲ
624 782 719 832 καὶ
773 785 1051 854 φωτισμὸς
1102 784 1278 838 ἔνεστι
1318 786 1394 855 τῷ
1441 787 1760 856 Εὐαγγελίῳ
1797 787 1892 840 τοῦ

312 869 574 939 Χριστοῦ,
626 874 674 924 εἰ
711 874 784 944 μὴ
823 874 954 936 Θεός
995 876 1130 938 ἐστι,
1183 877 1274 928 καὶ
1320 877 1396 938 ὼς
1428 877 1586 930 τοῦτο
1631 879 1892 949 ὑπάρχων

311 959 660 1024 δεδόξασταις
698 963 821 1026 Πῶς
867 965 910 1016 δ’
962 965 1027 1017 ἂν
1071 967 1156 1034 εῐη
1190 967 1284 1019 καὶ
1317 967 1482 1021 εἰκὼν
1513 969 1607 1021 τοῦ
1647 969 1804 1028 Θεοῦ,
1843 971 1889 1021 εὶ

306 1051 478 1129 ,μέχρι
509 1053 685 1120 μόνων
711 1054 818 1106 τῶν
849 1056 947 1125 τῆς
980 1056 1395 1126 ἁνθρωπότητος
1423 1061 1756 1128 ἀφικνεῖται,
1790 1060 1890 1112 οὐκ

307 1141 453 1209 ἔχων
486 1143 546 1194 τὸ
583 1139 723 1196 εἶναι
756 1149 897 1199 κατὰ
941 1148 1200 1217 ἀλήθειαν
1235 1148 1356 1209 Υἱὸς
1386 1150 1479 1201 καὶ
1509 1149 1676 1214 Θεός;

389 1247 409 1279 ι
435 1231 527 1283 Διὸ
577 1234 672 1285 καὶ
717 1235 1165 1305 φιλοτιμούμεθα,
1194 1237 1304 1287 εἴτε
1349 1236 1732 1306 ἐνδημοῦντες,
1777 1237 1888 1288 εἴτε

307 1319 692 1390 ἐκδημοῦντες,
718 1325 1004 1395 εὐάρεστοι
1035 1325 1183 1395 αὐτῷ
1213 1322 1372 1379 εἶναι.
1392 1329 1528 1388 Τοὺς
1552 1326 1661 1396 γὰρ
1682 1329 1888 1390 πάντας

309 1414 459 1480 ἡμᾶς
489 1413 870 1485 φανερωθῆναι
916 1417 995 1469 δεῖ
1031 1417 1340 1486 ἔμπροσθεν
1383 1419 1475 1471 τοῦ
1512 1419 1752 1488 βήματος
1790 1417 1884 1471 τοῦ

306 1504 568 1573 Χριστοῦ,
600 1507 686 1558 ἵνα
724 1507 1108 1578 διακομίσηται
1142 1509 1370 1572 ἕκαστος
1396 1510 1463 1562 τὰ
1491 1510 1620 1562 Stin
1649 1509 1742 1562 τοῦ
1781 1508 1885 1562 σώ-

310 1611 501 1663 ματος,
533 1597 669 1666 πρὸς
695 1599 730 1651 ἃ
756 1598 1012 1668 ἔπραξεν,
1043 1600 1151 1652 εἴτε
1195 1601 1415 1667 ἀγαθὸν,
1458 1602 1568 1653 εἴτε
1600 1601 1816 1669 φαῦλον.
1858 1621 1877 1652 ι

306 1686 372 1736 Εἰ
399 1688 546 1739 πᾶσα
575 1691 686 1751 τοῖς
720 1690 894 1756 ἁγίοις
927 1690 1128 1760 σπουδὴ
1171 1691 1232 1743 τὸ
1262 1691 1572 1760 εὐαρεστεῖν
1605 1691 1682 1760 τῷ
1721 1689 1840 1759 Θεῷ
1864 1731 1879 1756 ,

305 1778 733 1848 φιλοτιμούμεθα
771 1782 827 1834 δὲ
855 1782 1083 1835 τοιοῦτοι
1116 1783 1401 1851 φαίνεσθαι
1439 1783 1515 1853 τῷ
1543 1783 1780 1854 Χριστῷ,
1821 1784 1881 1836 τὸ

2003 616 2125 658 Sttnt
2154 623 2181 655 a
2216 609 2442 667 Satana,
2476 603 2565 672 qui
2595 603 2658 655 de
2689 600 2909 655 homine
2933 600 3198 662 sentiunt,
3229 600 3370 668 quod
3409 599 3568 652 homo

2001 693 2126 745 est?
2162 693 2346 758 Qualis
2387 703 2650 759 praeterea
2695 689 3018 742 illutninatio
3051 688 3102 740 in
3142 686 3347 744 Christi
3392 686 3576 740 Evan-
3648 681 3652 690 ’

1997 784 2136 852 gelio
2174 793 2278 845 est,
2331 783 2376 836 si
2430 784 2542 850 ipse
2595 781 2736 834 Deus
2788 795 2894 832 non
2943 789 3046 841 est,
3096 795 3273 848 neque
3331 790 3388 831 ut
3426 779 3566 833 Deus

1995 875 2358 942 gloriﬁcatur?
2393 874 2495 940 Qui
2539 873 2774 941 denique
2805 873 2984 939 imago
3020 871 3108 924 Dei
3151 882 3253 934 est,
3291 872 3332 923 si
3377 886 3438 924 ea
3480 887 3567 926 so-

1993 967 2103 1020 lum
2149 967 2385 1034 attingit,
2417 982 2536 1036 qum
2575 967 2823 1019 humanm
2859 973 2981 1018 sunt
3022 973 3262 1027 naturae,
3306 977 3482 1031 neque
3515 965 3564 1016 id

1993 1059 2174 1125 reipsa
2209 1058 2437 1120 obtinet,
2470 1067 2527 1110 ut
2557 1057 2722 1110 Filius
2755 1065 2806 1110 et
2840 1055 2981 1108 Deus
3016 1054 3124 1108 sit?

2067 1248 2086 1281 ι
2130 1230 2196 1284 Ει
2234 1231 2355 1286 ideo
2393 1233 2767 1286 contendimus
2799 1234 2913 1286 sive
2947 1231 3220 1294 absentes,
3264 1233 3378 1284 sive
3414 1246 3554 1298 prae-

1989 1331 2176 1377 sentes
2215 1323 2426 1391 placere
2479 1324 2573 1378 illi.
2631 1324 2830 1379 Omnes
2883 1325 3026 1377 enim
3070 1338 3168 1376 nos
3227 1323 3562 1375 manifestari

1988 1424 2206 1481 oportet
2239 1423 2364 1468 ante
2400 1414 2634 1468 tribunal
2664 1413 2887 1478 Christi,
2919 1424 2978 1466 ut
3021 1412 3218 1466 referat
3271 1413 3564 1478 unusquis-

1989 1518 2092 1570 que
2125 1506 2338 1572 propria
2365 1505 2632 1572 corporis,
2659 1514 2816 1572 prout
2847 1503 3030 1571 gessit,
3059 1503 3170 1555 sive
3204 1504 3422 1566 bonum,
3450 1503 3564 1555 sive

1989 1594 2188 1647 tnalum
2220 1596 2288 1648 ³⁸.
2324 1615 2342 1646 ι
2377 1597 2432 1650 Si
2463 1598 2516 1650 in
2553 1612 2716 1649 unum
2756 1596 2857 1650 hoe
2895 1595 3067 1648 sancti
3100 1595 3417 1647 incumbunt
3446 1609 3563 1645 om-

1986 1699 2102 1748 nes,
2133 1695 2192 1738 ut
2232 1685 2340 1740 Deo
2379 1687 2669 1754 placeant,
2709 1685 3098 1754 repudiatoque
3143 1684 3448 1737 mortalium
3488 1683 3564 1736 fa-

1985 1789 2132 1838 vore,
2167 1775 2430 1843 ejusmodi
2480 1792 2582 1831 nos
2608 1778 2828 1832 Christo
2871 1777 3103 1845 probare
3141 1777 3298 1829 enixe
3341 1785 3565 1829 conten-

303 1867 614 1938 ἀνθρώποις
660 1870 916 1940 ἀρέσκειν
969 1870 1426 1942 παραιτούμενον
1479 1871 1594 1934 πῶς
1641 1873 1700 1923 οὐ
1747 1871 1872 1934 Θεὸς

1983 1865 2158 1918 dimus
2188 1886 2201 1920 :
2246 1869 2518 1934 quomodo
2545 1868 2820 1921 Christum
2855 1867 3024 1921 Deum
3061 1882 3179 1920 esse
3209 1867 3425 1934 planum
3457 1882 3560 1920 non

303 1957 550 2028 ἐναργῶς
578 1961 606 2010 ὁ
637 1960 907 2026 Χριστός;
944 1962 1052 2013 Καὶ
1099 1962 1143 2011 εὶ
1192 1962 1368 2030 κρινεῖ
1412 1960 1510 2030 τὴν
1555 1960 1881 2029 οἰκουμένην

301 2050 488 2114 αὐτὸς,
530 2050 648 2113 ἑνὸς
686 2048 822 2104 εἶναι
867 2052 1158 2122 νομοθέτου
1193 2052 1486 2123 λεγομένου
1535 2053 1627 2105 καὶ
1666 2053 1879 2122 κριτοῦ,

301 2142 570 2213 πρόδηλον
604 2145 685 2197 ὅτι
718 2144 811 2197 καὶ
833 2145 972 2198 κατὰ
995 2146 1149 2198 τοῦτο
1170 2138 1301 2208 Θεὸς
1330 2148 1468 2211 ἐστι,
1494 2145 1586 2197 καὶ
1619 2146 1666 2197 εἰ
1690 2145 1881 2213 γέγονε

302 2233 442 2305 σὰρξ
477 2237 503 2288 ὁ
529 2236 724 2304 Λόγος.

379 2428 396 2460 ι
420 2409 486 2461 Ἦ
514 2409 620 2480 γὰρ
650 2409 838 2480 ἀγάπη
865 2410 956 2463 τοῦ
983 2411 1116 2463 Θεοῦ
1144 2412 1356 2481 συνέχει
1387 2413 1553 2482 ἡμᾶς,
1587 2413 1880 2481 κρίναντας

300 2499 483 2563 τοῦτο,
549 2502 628 2554 ὅτι
663 2504 710 2554 εἰ
758 2497 838 2565 εἷς
892 2503 1030 2572 ὑπὲρ
1070 2503 1284 2556 πάντων
1324 2503 1612 2568 ἀπέθανεν,
1673 2503 1783 2574 ἄρα
1830 2506 1879 2556 οἱ

297 2593 503 2654 πάντες
548 2593 836 2646 ἀπέθανον.
888 2595 998 2647 Καὶ
1049 2594 1188 2664 ὑπὲρ
1221 2594 1438 2646 πάντων
1467 2595 1755 2658 ἀπέθανεν,
1792 2596 1878 2648 ἵνα

290 2681 344 2734 οἱ
379 2681 601 2746 ζῶντες,
635 2684 833 2754 μηκέτι
862 2685 1072 2748 ἑαυτοῖς
1108 2683 1296 2749 ζῶσιν,
1333 2683 1469 2737 ἀλλὰ
1501 2685 1579 2754 τῷ
1613 2685 1751 2753 ὑπὲρ
1784 2687 1880 2737 αὐ-

293 2772 403 2826 τῶν
434 2773 756 2826 ἀποθανόντι
784 2774 877 2826 καὶ
904 2773 1202 2844 ἐγερθέντι.
1253 2794 1271 2825 ›
1303 2777 1362 2827 ΕΞ
1388 2776 1585 2838 πάντες
1607 2774 1664 2826 ἓν
1688 2777 1875 2846 ἐσμεν,

301 2859 392 2908 καὶ
438 2859 587 2928 αὐτῷ
627 2859 725 2929 ζῇν
771 2860 1065 2930 εὐχόμεθα,
1105 2863 1607 2932 κατασεμνύνοντες
1635 2863 1891 2932 δηλονότιθ

289 2950 382 2999 τὶν
406 2949 617 3002 ἑαυτῶν
640 2949 750 3020 βίον
773 2949 860 3003 διὰ
887 2966 949 3018 γε
975 2950 1068 3003 τοῦ
1091 2955 1290 3023 χρῆναι
1318 2953 1558 3023 πληροῦν
1579 2955 1637 3008 τὸ
1663 2955 1874 3025 θέλημα

294 3039 486 3102 αὐτοῦ,
511 3039 692 3110 ζῶμεν
720 3038 778 3093 δὲ
809 3041 886 3111 τῷ
913 3043 1162 3113 Χριστῷο
1193 3045 1309 3107 πῶς
1343 3046 1403 3098 οὐ
1436 3045 1567 3109 Θεὸς
1595 3047 1677 3116 εἴη
1711 3047 1797 3111 ἂν,
1830 3041 1874 3113 ᾧ

287 3133 605 3202 κεχρεωστή
617 3132 774 3202 μεθα,
799 3135 891 3186 καὶ
915 3135 1013 3205 ζῇν
1035 3136 1428 3207 σπουδάζομεν,
1449 3139 1525 3201 ὼς
1551 3139 1691 3208 ὑπὲρ
1711 3139 1871 3209 ἡμῶν

284 3221 563 3286 τεθνεῶτι,
592 3223 685 3276 καὶ
715 3223 1002 3295 πριαμένῳ
1033 3225 1240 3290 πάντας
1271 3228 1464 3298 αἵματι
1495 3227 1571 3298 τῷ
1611 3229 1763 3300 ἱδίῳς

365 3485 578 3556 «Ὑπὲρ
623 3487 860 3558 Χριστοῦ
905 3486 1000 3544 οῦν
1049 3491 1447 3564 πρεσϐεύομεν,
1479 3495 1554 3559 ὡς
1598 3495 1692 3548 τοῦ
1731 3495 1867 3550 Θεοῦ

281 3577 729 3648 παρακαλοῦντος
777 3579 843 3635 δι’
874 3581 1061 3652 ἡμῶν·
1107 3583 1342 3654 δεόμεθα
1398 3586 1540 3657 ὑπὲρ
1589 3588 1824 3659 Χριστοῦ
1851 3629 1865 3654 ,

278 3668 662 3740 καταλλάγητε
693 3671 771 3741 τῷ
792 3671 930 3743 Θεῷ,
961 3691 979 3724 ι
1000 3671 1366 3746 Ἐπιτήρησον
1398 3677 1477 3730 ὅτι
1507 3679 1868 3749 πρεσϐεύουσι

284 3757 387 3816 μὲν
415 3757 554 3829 ὑπὲρ
584 3759 846 3830 Χριστοῦ,
875 3763 1312 3832 παρακαλεῖσθαι
1349 3766 1407 3818 δὲ
1435 3767 1687 3835 λέγουσιν
1721 3771 1867 3839 ἡμᾶς

280 3847 390 3900 ὐπὸ
415 3848 508 3900 τοῦ
543 3848 698 3904 Θεοῦ.
746 3847 879 3904 Εἶτα
910 3853 1072 3906 πάλιν
1094 3896 1108 3919 ,
1149 3872 1166 3905 ι
1197 3855 1460 3926 Δεόμεθα,
1495 3859 1682 3928 φησὶν,
1724 3860 1865 3930 ὑπὲρ

277 3937 542 4006 Χριστοῦ,
576 3939 951 4012 καταλλάγητε
997 3942 1072 4012 τῷ
1120 3944 1256 4014 Θεῷ.
1291 3964 1308 3996 ι
1340 3946 1472 4009 Θεὸς
1510 3944 1602 4000 οῦν
1636 3949 1742 4020 ἄρα
1771 3953 1865 4004 καὶ

277 4028 534 4098 Χριστὸς,
570 4022 614 4097 ᾧ
645 4031 738 4084 καὶ
767 4033 1223 4104 κατηλλαγμένοι,
1255 4035 1376 4106 Θεῷ
1406 4039 1856 4108 κατηλλάγμεθα.

355 4224 375 4258 ι
401 4207 542 4259 Ἀλλ’
576 4211 635 4264 ὲν
685 4209 844 4262 παντὶ
896 4211 1244 4274 συνιστάντες
1293 4213 1539 4278 ἑαυτοὺς,
1596 4215 1672 4280 ὡς
1724 4214 1860 4270 Θεοῦ

274 4295 534 4350 διάκονοι.
569 4313 589 4346 ν
625 4297 687 4350 Οἱ
719 4297 850 4351 Θεοῦ
883 4298 1163 4370 λεγόμενοι
1200 4297 1340 4354 εἶναι
1379 4302 1637 4367 διάκονοι,
1673 4307 1856 4377 εἴρην-

273 4402 367 4439 ται
391 4386 487 4440 καὶ
513 4387 774 4457 Χριστοῦ.
799 4389 932 4454 Θεὸς
953 4387 1046 4444 οῦν
1073 4392 1179 4464 ἄρα
1202 4394 1455 4464 Χριστός.
1492 4415 1507 4446 ι
1531 4396 1722 4466 Ἡμεῖς
1745 4401 1852 4469 γὰρ

275 4475 396 4528 ναοί
441 4477 606 4544 ἐσμεν
654 4478 788 4531 Θεοῦ
836 4479 1056 4543 ζῶντος,
1105 4482 1286 4546 καθὼς
1328 4479 1481 4536 εἶπεν
1513 4488 1542 4538 ὁ
1573 4486 1742 4554 Θεὸς,
1771 4491 1855 4542 ὅτι

290 4569 588 4640 Ἐνοικήσω
604 4573 662 4623 ὲν
693 4573 898 4638 αὐτοῖς,
918 4574 1014 4626 καὶ
1029 4576 1466 4646 ὲμπεριπατήσω
1484 4595 1498 4608 ο
1537 4581 1632 4632 κα)⁵
1652 4551 1846 4651 ἔσομαι

1977 4585 2098 4639 ιίιτιιι
2155 4585 2284 4639 dicit
2325 4585 2466 4640 Deus

273 4659 458 4712 0.31:th
488 4659 640 4727 Θεὸς,
684 4665 778 4716 καὶ
811 4664 964 4717 αὐτοὶ
994 4664 1206 4718 ἔσονταί
1259 4685 1348 4736 μοι
1396 4668 1543 4732 λαός.
1574 4689 1592 4720 ›
1643 4670 1704 4723 Εἰ
1738 4674 1857 4726 ναοὶ

273 4749 415 4802 Θεοῦ
460 4751 660 4816 ζῶντός
709 4756 912 4824 ἐσμεν,
961 4755 1036 4818 ὡς
1091 4757 1424 4821 ἐνοικοῦντος
1481 4762 1538 4813 ἐν
1585 4763 1716 4832 ἡμῖν
1763 4764 1856 4816 τοῦ

274 4838 610 4908 Πνεύματος,
639 4841 668 4893 ὃ
717 4844 809 4896 καὶ
854 4841 991 4897 εἷναι
1035 4845 1250 4914 λέγεται
1285 4848 1380 4900 τοῦ
1414 4850 1649 4919 Χριστοῦ
1683 4852 1744 4922 (ι
1780 4855 1843 4906 Εἰ

272 4929 383 5000 γάρ
414 4947 519 4993 τις,
551 4934 704 5002 φησὶ,
735 4933 959 5005 Πνεῦμα
995 4935 1234 5006 Χριστοῦ
1263 4939 1364 4992 οὐκ
1406 4939 1538 5008 ἔχει,
1570 4936 1724 5006 οὗτος
1753 4945 1854 4998 οὐκ

271 5022 425 5074 ἔστιν
451 5022 616 5075 αὐτοῦ
641 5043 660 5076 ι
683 5025 734 5093 )°
765 5025 880 5090 πῶς
911 5027 970 5080 οὐ
1007 5028 1138 5092 θεὸς
1165 5030 1194 5081 ὁ
1220 5030 1487 5101 Χριπόῖἶ

349 5213 369 5246 ι
399 5196 728 5268 Δογισμοὺς,
761 5201 916 5269 φησι,
947 5201 1355 5272 καθαιροῦντες,
1385 5204 1475 5256 καὶ
1517 5208 1626 5260 πᾶν
1653 5207 1854 5280 ὕψωμα

270 5288 631 5356 ἐπαιρόμενον
653 5291 794 5344 κατὰ
817 5292 915 5358 τῆς
944 5292 1197 5360 γνώσεως
1224 5293 1319 5346 τοῦ
1341 5294 1498 5360 Θεοῦ,
1529 5299 1623 5350 καί
1650 5300 1852 5370 αἰχμα-

270 5375 590 5443 λωτίζοντες
613 5383 720 5435 πᾶν
744 5382 921 5455 νόημα
943 5385 1021 5448 εἰς
1046 5385 1143 5455 τὴν
1169 5386 1413 5458 ὑπακοὴν
1439 5389 1530 5441 τοῦ
1551 5391 1841 5462 Χριστοῦ.»

329 5512 374 5542 ³³
404 5513 441 5566 ll
461 5513 585 5569 Cor.
611 5531 660 5582 ι’,
689 5515 739 5571 9.
821 5517 863 5551 ’9
893 5517 1007 5574 Jac.
1045 5534 1117 5586 tv,
1151 5521 1236 5576 12.

1313 5522 1358 5554 ⁸ο
1392 5521 1429 5575 Il
1462 5522 1586 5578 Cor.
1622 5540 1670 5589 ν,
1707 5527 1792 5592 14,
1837 5529 1920 5584 15.

1984 1957 2108 2010 est?
2155 1957 2388 2010 Rursum
2434 1958 2476 2010 si
2517 1958 2608 2010 ille
2651 1971 2918 2011 terrarum
2979 1960 3163 2010 orbem
3220 1958 3560 2026 judicaturus

1983 2058 2065 2100 est
2101 2045 2222 2116 (nec
2250 2049 2390 2101 enim
2444 2048 2582 2103 alius
2610 2059 2664 2101 et
2693 2048 2830 2102 alius
2860 2059 2946 2102 est
2975 2048 3248 2116 legislator
3271 2059 3324 2100 et
3349 2046 3512 2115 jmlex
3539 2086 3555 2110 ,

1983 2139 2075 2191 sed
2125 2155 2266 2192 unus
2311 2147 2366 2193 et
2413 2139 2553 2192 idem
2588 2140 2675 2207 ³⁹),
2725 2139 2806 2193 vel
2862 2141 2963 2194 hac
3012 2153 3226 2208 quoque
3274 2141 3339 2191 de
3393 2153 3557 2190 causa

1983 2225 2323 2292 perspicuum
2364 2226 2563 2293 evadit,
2610 2227 2751 2295 quod
2795 2227 2934 2282 Deus
2969 2237 3083 2291 est,
3125 2227 3335 2280 tametsi
3377 2229 3556 2280 incar-

1988 2325 2150 2366 natus
2192 2323 2295 2368 est.

2050 2404 2158 2473 67
2183 2421 2201 2454 ι
2224 2405 2472 2460 Charitas
2501 2405 2642 2459 enim
2679 2405 2877 2460 Christi
2905 2417 3059 2475 urget
3087 2420 3203 2468 nos,
3226 2407 3557 2460 aestimantes

1982 2497 2084 2552 hoc
2109 2538 2122 2560 ,
2157 2497 2412 2566 quoniam
2466 2497 2510 2552 si
2543 2514 2682 2552 unus
2730 2513 2828 2568 pro
2872 2499 3121 2552 omnibus
3166 2508 3409 2550 mortuus
3442 2508 3556 2560 est,

1982 2603 2112 2658 ergo
2137 2603 2325 2642 onmes
2361 2590 2556 2644 mortui
2590 2599 2734 2644 sunt.
2772 2587 2836 2642 Et
2879 2603 2975 2658 pro
3017 2589 3270 2643 onmibus
3315 2598 3558 2642 mortuus

1980 2690 2063 2732 est
2098 2678 2342 2734 Christus
2364 2719 2380 2746 ,
2415 2691 2471 2734 ut
2508 2690 2563 2736 et
2593 2682 2682 2752 qui
2715 2683 2921 2744 vivunt,
2947 2682 3056 2750 jam
3087 2696 3193 2734 non
3223 2681 3324 2735 sibi
3351 2680 3555 2740 vivant,

1987 2770 2080 2823 sed
2117 2771 2166 2824 ci
2199 2774 2288 2840 qui
2324 2787 2422 2839 pro
2460 2774 2590 2842 ipsis
2623 2785 2870 2828 mortuus
2912 2785 3024 2839 est,
3053 2782 3102 2826 et
3134 2772 3430 2826 resurrexit
3453 2771 3551 2823 ⁸ο.»

1983 2855 2039 2910 Si
2098 2874 2288 2913 omnes
2342 2877 2506 2914 unum
2543 2845 2618 2914 lin
2679 2861 2795 2929 ipso
2847 2863 3054 2927 sumus,
3116 2862 3326 2930 ipsique
3378 2862 3558 2914 vivere

1981 2956 2352 3015 peroptamus,
2390 2949 2556 3002 vitam
2595 2958 2833 3001 nostram
2869 2966 2973 3004 una
3005 2950 3105 3004 hac
3143 2952 3348 3003 ratione
3386 2951 3556 3003 hone-

1978 3048 2116 3092 stam
2149 3040 2456 3102 reddcntes,
2493 3041 2539 3095 si
2569 3041 2773 3097 Christi
2809 3041 3242 3096 obsecundenms
3268 3041 3554 3100 voluntati,

1977 3130 2159 3199 illique
2196 3131 2440 3186 vivamus
2482 3149 2495 3183 :
2531 3135 2800 3202 quomodo
2851 3134 2896 3188 is
2943 3133 3086 3187 Deus
3129 3132 3403 3185 habendus
3448 3149 3552 3184 non

1898 3209 1940 3267 C
1975 3230 2072 3282 est,
2113 3222 2199 3274 cui
2234 3231 2288 3274 et
2321 3224 2538 3277 obnoxii
2575 3240 2780 3288 sumus,
2816 3235 2870 3279 et
2907 3225 2990 3278 cui
3031 3224 3214 3278 vivere
3253 3223 3551 3287 studemus,

1977 3323 2231 3380 tanquam
2279 3313 2353 3367 illi
2399 3315 2488 3383 qui
2541 3316 2712 3369 nostri
2762 3331 2922 3370 causa
2966 3325 3192 3370 mortetn
3233 3314 3549 3382 appetierit,

1974 3417 2181 3469 suoque
2213 3405 2474 3468 sanguine
2500 3421 2689 3460 omnes
2720 3406 3022 3460 eoemerit?

2017 3506 2069 3542 ‘t
2114 3492 2218 3546 Pro
2244 3494 2466 3549 Christo
2499 3510 2629 3565 ergo
2659 3494 2926 3564 legatione
2957 3494 3253 3566 fungimur,
3291 3503 3548 3566 tanquam

1973 3581 2080 3635 Deo
2112 3583 2436 3638 exhortante
2477 3599 2574 3652 per
2632 3600 2732 3640 nos
2759 3597 2774 3635 :
2808 3585 3159 3638 obsecramus
3191 3601 3288 3652 pro
3309 3584 3548 3650 Chrism,

1975 3671 2404 3725 reconciliamini
2441 3670 2551 3727 Deo
2574 3671 2640 3725 “.
2680 3691 2697 3724 ι
2752 3669 2992 3727 Observa
3034 3672 3150 3738 hic,
3181 3673 3321 3741 quod
3349 3673 3550 3726 Chriin

1972 3761 2187 3814 nomine
2219 3763 2486 3831 legatione
2525 3762 2817 3834 fungantur
2852 3763 3116 3832 apostoli,
3165 3764 3412 3832 quodque
3455 3778 3552 3831 per

1967 3866 2150 3905 senos
2184 3866 2213 3904 a
2253 3853 2361 3905 Deo
2391 3854 2676 3907 admoueri
2728 3864 2994 3907 asseraut.
3045 3854 3246 3908 Deinde
3286 3870 3497 3908 rursum
3530 3871 3544 3907 :

1979 3963 1996 3994 ι
2037 3944 2397 3999 Obsecremus
2419 3983 2434 4006 ,
2469 3943 2681 4012 inquit,
2733 3959 2830 4011 pro
2865 3943 3102 4002 Christo,
3127 3942 3544 3996 reconciliamiui

1964 4036 2095 4089 Deo.
2129 4053 2148 4086 ι
2184 4033 2324 4089 Deus
2358 4033 2540 4102 itaque
2572 4042 2656 4086 est
2687 4033 2956 4098 Christus,
2987 4035 3182 4102 quippe
3228 4033 3312 4087 cui
3353 4047 3543 4088 recon-

1937 4127 2155 4190 ‘eiliati,
2193 4127 2301 4180 Deo
2329 4124 2666 4180 reconciliati
2702 4139 2914 4178 sumus.

2043 4236 2062 4267 ι
2103 4218 2208 4272 Sed
2239 4220 2289 4271 in
2320 4217 2574 4272 oninibns
2601 4219 2954 4273 exhibeamus
2989 4217 3370 4282 nosmetipsos,
3402 4219 3541 4271 sicut

1964 4309 2057 4365 Dei
2091 4311 2368 4365 ministros
2396 4311 2467 4365 “.
2505 4331 2523 4364 ι
2576 4312 2676 4379 Qui
2731 4312 2819 4365 hic
2859 4311 2948 4364 Dei
2999 4311 3228 4363 ministri
3269 4310 3542 4389 dicuntur,

1964 4402 2016 4456 hi
2068 4403 2196 4456 alibi
2243 4402 2444 4458 Christi
2495 4404 2730 4457 ministri
2779 4403 3135 4472 appellantur.
3185 4403 3326 4456 Deus
3362 4403 3544 4469 itaque

1962 4493 2223 4548 Christus.
2299 4511 2316 4544 ι
2375 4494 2482 4547 Vos
2541 4494 2682 4549 enim
2738 4495 2868 4549 estis
2924 4495 3179 4562 templum
3234 4495 3328 4548 Dei
3390 4495 3541 4558 vivi,

2508 4605 2522 4641 :
2575 4586 2884 4641 lnhahitabo
2930 4587 2982 4638 in
3026 4587 3153 4646 illis.
3199 4596 3253 4639 et
3297 4569 3543 4638 inambu-

1964 4675 2086 4730 labo
2134 4694 2146 4728 :
2209 4685 2262 4729 et
2305 4657 2398 4730 cro
2453 4677 2660 4730 illorum
2730 4678 2899 4744 Deus,
2950 4686 3003 4730 et
3050 4678 3149 4744 ipsi
3202 4685 3361 4731 erunt
3413 4675 3540 4728 mihi

1958 4769 2274 4836 pOpulus“.
2315 4787 2332 4820 ›
2371 4767 2425 4822 Si
2462 4770 2564 4822 vivi
2612 4769 2703 4823 Dei
2760 4770 2951 4836 templa
2997 4783 3206 4830 sumus,
3259 4766 3420 4819 veluti
3459 4765 3544 4816 in-

1964 4859 2240 4915 hahitaute
2282 4862 2332 4914 iu
2370 4861 2524 4916 nobis
2573 4861 2798 4932 Spiritu,
2832 4860 2923 4930 qui
2971 4870 3024 4915 et
3071 4859 3271 4914 Christi
3326 4871 3563 4928 quoque,

1963 4939 2200 5017 Spiritus
2254 4964 2374 5005 esse
2426 4951 2624 5006 dicitur
2673 4952 2778 5021 (ait
2827 4952 2969 5005 enim
3021 4949 3358 5020 Aposwlus:
3411 4966 3431 5000 ι
3485 4949 3542 5000 Si

1961 5041 2084 5106 quis
2136 5040 2339 5095 Christi
2399 5042 2660 5110 Spiritum
2723 5057 2826 5095 non
2891 5041 3089 5106 habet,
3146 5041 3235 5094 hic
3290 5054 3391 5093 non
3463 5047 3546 5091 est

1960 5126 2078 5194 ejus
2111 5126 2160 5199 ι)
2195 5144 2208 5180 :
2240 5131 2508 5196 quomodo
2537 5129 2790 5185 Christus
2828 5145 2932 5184 non
2973 5139 3054 5184 est
3091 5129 3272 5182 Deus?

2038 5236 2057 5270 ι
2116 5217 2353 5272 Consilia
2401 5221 2777 5287 deStruentes,
2826 5231 2882 5276 et
2929 5235 3143 5275 omnem
3197 5217 3539 5272 altitudinem

1959 5311 2305 5366 extollentem
2333 5327 2391 5366 se
2418 5315 2678 5367 adversus
2709 5314 2993 5368 scientiam
3025 5312 3150 5372 Dei,
3184 5320 3236 5365 et
3269 5311 3321 5362 in
3371 5309 3541 5377 capti-

1957 5400 2176 5456 vitatem
2243 5401 2554 5472 redigentes
2606 5418 2821 5460 omnem
2878 5404 3209 5459 intellectum
3263 5402 3315 5454 iu
3378 5399 3537 5454 obse-

1998 5531 2040 5563 δι
2073 5531 2255 5588 llCor.
2279 5549 2331 5599 v,
2355 5536 2446 5591 ‘20.
2525 5538 2567 5570 δ’
2598 5536 2640 5592 ll
2670 5537 2794 5593 Cor.
2820 5551 2894 5604 vt,
2917 5536 2968 5591 4.
3047 5536 3091 5568 ’⁵³
3124 5533 3281 5600 ibid.,
3314 5531 3402 5587 16.

1361 5681 1531 5736 Variae
1557 5683 1817 5743 lectiones
1848 5689 2046 5747 codicis
2077 5691 2429 5763 Seguicriaui.

252 5847 260 5856 ἱ
344 5793 371 5822 η
404 5782 528 5836 ἴδια.
