4060 6414
376 383 451 441 12
463 381 519 438 l5

1474 379 1562 434 DE
1603 379 1831 436 liECTA
1872 381 2030 437 FIDE
2070 380 2160 436 AD
2198 379 2519 438 REGINAS.

3504 375 3642 430 {Sili

376 500 644 577 ρούμεθα,
677 499 1094 572 συγκλειόμενοι
1149 501 1228 564 εἰς
1284 500 1385 573 τὴν
1443 503 1745 573 μέλλουσαν
1779 505 1963 559 πίστιν

2068 506 2461 570 stodiehaniur,
2492 498 2733 559 conclusi
2763 496 2817 552 in
2845 509 2968 552 eam
3007 494 3189 557 (idem,
3211 507 3333 563 qua:
3356 491 3638 547 revelanda

373 591 861 663 ἀποκαλυφθῆναι·
912 590 1054 645 ὥστε
1106 593 1135 646 ὁ
1183 591 1351 662 νόμος
1400 593 1750 663 παιδαγωγὸς
1798 595 1956 667 ἡμῶν

372 686 599 756 γέγονεν
645 684 725 747 εἰς
773 682 1030 753 Χριστὸν,
1065 683 1153 738 ἴνα
1186 685 1251 737 ἐκ
1279 684 1515 749 πίστεως
1552 686 1952 758 δικαιωθῶμεν.

387 773 679 844 Ἐλθούσης
706 773 763 826 δὲ
791 772 890 844 τῆς
919 774 1154 838 πίστεως
1174 816 1188 837 ,
1213 776 1313 829 οὐκ
1341 775 1420 835 ἔτι
1463 777 1567 830 ὑπὸ
1614 777 1959 848 παιδαγωγόν

374 866 567 935 ἐσμεν.
601 864 809 925 Πάντες
856 861 966 933 γὰρ
1006 863 1113 931 υἱοὶ
1154 862 1290 915 Θεοῦ
1325 866 1450 918 ἐστε
1479 864 1569 918 διὰ
1599 867 1698 936 τῆς
1724 866 1961 930 πίστεως

376 958 436 1009 ἐν
482 953 705 1027 Χριστῷ
755 954 1117 1025 Ἰησοῦ.’”οσοι
1156 956 1265 1026 γὰρ
1316 958 1397 1020 εἰς
1449 957 1685 1027 Χριστὸν
1731 958 1961 1012 ἐϐαπτί-

384 1045 573 1116 σθητε,
615 1044 849 1115 Χριστὸν
893 1042 1289 1123 ἐν[ε]δύσασθε.
1322 1062 1341 1098 ι
1378 1044 1440 1099 Εἰ
1467 1046 1813 1115 παιδαγωγὸς
1836 1044 1904 1118 ἦν
1932 1048 1961 1100 ὀ

377 1136 563 1206 νόμος,
593 1136 696 1188 οὐκ
729 1135 813 1203 ἐφ’
838 1136 1025 1200 ἕτερον
1054 1134 1363 1205 ἀναφέρων,
1402 1136 1540 1206 πλὴν
1569 1137 1651 1190 ὃτι
1680 1137 1843 1205 μόνον
1869 1136 1963 1189 ἐπὶ

375 1227 637 1299 Χριστὸν,
678 1226 858 1280 καίτοι
884 1227 981 1294 τῆς
1008 1225 1243 1294 ἀληθοῦς
1288 1225 1619 1295 θεογνωσίας
1643 1228 1962 1291 διδάσκαλος

377 1316 474 1383 ὢν,
507 1317 626 1380 πῶς
671 1318 733 1370 οὐ
779 1316 911 1380 Θεὸς
959 1318 987 1369 ὁ
1030 1318 1300 1388 Χριστός;
1354 1318 1463 1372 Καὶ
1505 1322 1553 1371 εί
1607 1322 1961 1388 καταργεῖται

378 1407 543 1477 νόμος
585 1407 673 1461 διὰ
723 1409 823 1479 τῆς
865 1409 1104 1472 πίστεως
1149 1410 1245 1480 τῆς
1294 1411 1373 1472 εἰς
1404 1410 1587 1474 αὐτὸν,
1622 1411 1716 1463 καὶ
1757 1410 1817 1463 τὸ
1862 1411 1962 1480 τῆς

380 1500 760 1570 παιδαγωγίας
819 1500 969 1572 αὑτῷ
1020 1501 1175 1565 “ri-fio;
1228 1502 1725 1572 παραδίδωσιν,’ὼς
1777 1502 1859 1565 είς
1902 1502 1963 1554 τὸ

378 1593 547 1664 ἄκρον
572 1591 775 1660 ἀγαθὸν
803 1593 1092 1663 ἀναφέρων
1120 1594 1246 1658 τοὺς
1275 1594 1830 1664 παιδαγωγουμένους
1847 1610 1860 1623 ’
1901 1592 1964 1647 τὸ

376 1683 438 1740 δὲ
468 1684 547 1748 είς
580 1683 736 1754 λῆξιν
759 1683 961 1751 ἀγαθὸν
988 1684 1074 1754 είη
1103 1684 1168 1739 ἂν
1198 1684 1383 1756 ἕτερον
1414 1684 1565 1737 οὐδὲν
1598 1684 1748 1755 παρά
1774 1700 1838 1752 γε
1863 1682 1963 1754 τὴν

377 1775 477 1844 τῆς
501 1772 737 1845 άληθοῦς
776 1773 1108 1842 θεογνωσίας
1139 1775 1346 1845 εἴδησιν
1366 1790 1379 1803 ·
1420 1774 1537 1837 πῶς
1567 1773 1632 1826 ἂν
1667 1772 1961 1826 ἐνδοιάσειέ

2063 610 2201 656 erat.
2233 600 2420 668 Itaque
2446 596 2533 651 lex
2567 596 2890 663 paedagogus
2918 587 3035 659 69
3063 594 3247 641 noster
3277 583 3379 638 fuit
3412 585 3462 638 in
3493 582 3644 638 Chri-

2063 700 2171 755 sto,
2197 700 2256 745 ut
2285 705 2351 746 ex
2390 689 2495 744 ﬁde
2519 686 2900 755 justiﬂcemur’.
2936 684 3006 737 At
3037 682 3127 737 ubi
3169 681 3314 736 venit
3362 679 3494 733 ildes
3531 679 3640 747 jam

2060 796 2166 837 non
2213 796 2403 836 sutnus
2447 780 2550 834 suh
2601 777 2931 847 paedagogo:
2979 789 3168 829 omnes
3205 773 3347 826 enim
3398 771 3493 825 lilii
3548 770 3640 823 Dr-i

2060 873 2192 927 estis
2220 888 2317 942 per
2363 871 2520 925 fidem
2571 871 2623 924 in
2662 868 2881 924 Christo
2918 864 3068 919 Jesu.
3129 865 3449 930 Quicunque
3496 862 3640 913 enim

2063 964 2117 1018 in
2158 962 2373 1017 Christo
2404 960 2659 1028 haptizati
2699 957 2857 1023 estis,
2908 954 3184 1010 Christum
3235 952 3489 1005 induistis
3514 950 3581 1001 ".
3617 969 3634 998 ι

2064 1054 2122 1108 Si
2158 1052 2240 1107 lex
2269 1052 2590 1120 paedagogus
2613 1058 2753 1112 erat,
2781 1048 2924 1102 haud
2953 1049 3020 1099 ad
3050 1045 3216 1099 alium
3255 1057 3353 1097 nos
3404 1042 3642 1107 dirigens

2063 1159 2224 1213 quam
2255 1145 2323 1196 ad
2350 1142 2524 1196 solum
2559 1141 2863 1205 Christum,
2893 1137 3145 1206 quamvis
3178 1135 3270 1189 Dei
3317 1134 3641 1202 cognitionis

2061 1243 2208 1288 εεεει
2253 1234 2528 1299 magistra,
2561 1232 2835 1301 quomodo
2886 1229 3139 1283 Christus
3188 1242 3293 1280 non
3342 1236 3424 1281 est
3463 1224 3642 1277 Dens?

2064 1324 2297 1379 Rursum
2325 1326 2369 1378 si
2401 1326 2482 1377 les
2512 1340 2607 1392 per-
2641 1324 2827 1387 iidem,
2852 1336 2974 1391 qua:
3002 1328 3088 1375 est
3127 1320 3178 1373 in
3230 1319 3423 1386 ipsum,
3459 1316 3642 1369 ahole—

2066 1425 2177 1479 tur,
2197 1416 2554 1481 eamdemque
2578 1430 2606 1465 a
2631 1412 2953 1482 paedagogia:
2978 1423 3203 1463 munere
3229 1406 3461 1473 absolvit
3485 1404 3639 1464 ﬁdes,

2066 1515 2318 1571 tanquam
2362 1517 2481 1572 qua:
2529 1502 2805 1556 institutos
2851 1503 2916 1555 ad
2975 1514 3247 1555 summum
3292 1497 3402 1566 jam
3441 1498 3637 1550 bonum

2063 1595 2346 1658 evexerit;
2412 1610 2684 1648 summum
2731 1603 2908 1646 autem
2965 1591 3164 1644 hortum
3212 1604 3317 1643 non
3367 1594 3450 1641 est
3494 1585 3639 1638 aliud

2064 1701 2228 1755 quam
2281 1685 2518 1754 perfecta
2564 1683 2810 1739 veritatis
2858 1682 3162 1751 divinaque
3223 1679 3429 1734 notitiae
3467 1678 3642 1731 scien-

2066 1778 2191 1830 tia:
2253 1776 2340 1829 cui
2395 1776 2707 1842 ambiguum
2753 1790 2871 1829 esse
2919 1782 3134 1842 potest,
3202 1772 3329 1839 quin
3383 1769 3525 1822 Deus
3571 1767 3645 1819 sit

376 1882 486 1931 τις,
517 1866 597 1920 ὅτι
625 1865 757 1928 Θεός
785 1867 903 1918 ἐστι
928 1865 1366 1934 ;’Βατττιζόμενοι
1395 1864 1453 1919 δέ
1488 1865 1566 1927 είς
1603 1866 1846 1935 Πατέρα,
1867 1863 1961 1916 καὶ

2068 1865 2359 1920 Christus?
2404 1864 2666 1932 Baptizati
2717 1874 2898 1918 autem
2941 1862 2994 1915 in
3040 1859 3293 1923 Patrem,
3326 1867 3376 1911 et
3422 1856 3641 1915 Filium,

377 1956 528 2023 Υἱὸν,
558 1957 650 2010 καὶ
680 1957 835 2025 ἆγιον
871 1956 1119 2028 Πνεῦμα,
1156 1956 1273 2020 πῶς
1315 1957 1395 2019 εἰς
1431 1955 1665 2025 Χριστὸν
1705 1951 1965 2025 βεὸαπτί-

381 2045 580 2118 σμεθα,
610 2047 767 2117 εἴπερ
788 2047 938 2100 ἐστὶν
966 2047 1065 2118 οὐχ
1096 2046 1224 2108 Υἱὸς
1250 2045 1474 2117 ἀληθὴς,
1497 2045 1674 2099 καίτοι
1703 2043 1798 2097 τοῦ
1821 2043 1966 2098 κατὰ

380 2137 544 2210 φύσιν
576 2138 692 2203 ἐνὸς
723 2137 875 2203 δντος
912 2138 1073 2205 Υίοῦ;
1128 2138 1285 2192 Ἀλλὰ
1314 2139 1421 2209 μὴν
1469 2140 1548 2201 εἰς
1598 2135 1761 2189 αὑτὸν
1803 2134 1966 2205 βεϐα-

270 2225 293 2239 ’
378 2231 681 2302 πτίσμεθα·
713 2230 846 2294 Θεὸς
874 2226 966 2284 οῦν
994 2230 1104 2301 ἄρα
1134 2231 1282 2282 ἐστὶν
1316 2230 1391 2294 ὡς
1423 2230 1551 2293 Υἱὸς
1596 2212 1818 2293 εἷςξκαὶ
1850 2227 1964 2281 K6-

380 2340 496 2396 ριος
530 2318 630 2390 εἷς,
664 2322 786 2376 καθ’
812 2323 1009 2376 ἕνωσιν
1043 2322 1395 2395 οἰκονομικὴν
1436 2321 1639 2393 σαρκὸς
1680 2320 1965 2391 γεγονότος

374 2413 474 2469 τοῦ
504 2414 702 2484 Λόγου.
1322 2412 1325 2416 ’

456 2523 479 2559 ε
517 2506 677 2560 Ἀλλὰ
706 2506 826 2561 τότε
859 2506 958 2577 μὲν
980 2505 1080 2560 οὐκ
1100 2504 1297 2568 εἰδότες
1314 2504 1467 2569 Θεὸν,
1482 2502 1830 2556 ἐδουλεύσατε
1852 2504 1965 2565 τοῖς

377 2598 542 2668 φύσει
574 2598 649 2669 μὴ
679 2594 797 2653 οῦσι
842 2598 984 2662 θεοῖς
1006 2614 1019 2628 '
1049 2599 1168 2653 νυνὶ
1216 2597 1274 2650 δὲ
1313 2597 1535 2667 γνόντες
1561 2596 1716 2660 Θεὸν,
1762 2594 1964 2665 μᾶλλον

375 2685 435 2743 δὲ
466 2688 799 2758 γνωσθέντες
820 2688 925 2741 ὑπὸ
955 2686 1112 2752 Θεοῦ,
1138 2687 1255 2752 πῶς
1283 2686 1645 2757 ἐπιστρέφετε
1680 2687 1843 2739 πάλιν
1872 2686 1965 2738 ἐπὶ

375 2780 448 2835 τὰ
479 2779 681 2851 ἀσθενῆ
714 2779 808 2832 καὶ
842 2779 1035 2849 πτωχὰ
1063 2783 1341 2849 στοιχεϊα;
1374 2798 1393 2831 ι
1444 2779 1508 2831 El
1552 2777 1685 2832 Θεὸν
1730 2778 1966 2846 ἐγνώκα-

379 2889 480 2944 μεν
496 2870 896 2943 ’ὁμολογοῦντες
925 2872 1184 2941 Χριστὸν,
1213 2872 1306 2925 καὶ
1337 2869 1607 2938 ἐγνῶσθαι
1649 2887 1829 2940 φαμεν
1859 2869 1963 2922 ὑπὸ

373 2963 472 3018 τοῦ
518 2962 677 3029 Θεοῦ,
704 2963 1039 3032 γνωσθέντες
1082 2961 1269 3033 αὐτῷ,
1322 2963 1439 3028 πῶς
1482 2962 1543 3015 οὐ
1587 2960 1720 3024 Θεὸς
1764 2962 1792 3014 ὁ
1827 2962 1961 3032 Χρι-

377 3055 504 3120 στός
522 3071 536 3120 ;

456 3146 654 3238 «Ἐμοὶ
696 3146 756 3238 δὲ
812 3145 891 3238 μη
933 3146 1143 3238 γένοιτο
1183 3145 1520 3238 καυχᾶσθαι,
1551 3148 1623 3238 εἱὴ
1653 3147 1728 3218 μὴ
1778 3148 1837 3238 ἐν
1880 3146 1960 3216 τῷ
1987 3178 2034 3238 c

379 3236 602 3308 σταυρῷ
625 3236 721 3290 τοῦ
748 3236 956 3308 Κυρίου
986 3236 1146 3308 ἡμῶν
1179 3237 1358 3308 Ἰησοῦ
1385 3236 1650 3309 Χριστοῦ,
1673 3231 1814 3292 διὀὖ
1836 3239 1960 3308 ἐμοὶ

376 3326 584 3397 κόσμος
609 3326 974 3397 ἐσταύρωται,
1009 3326 1166 3396 κάγὼ
1187 3327 1266 3399 τῷ
1298 3328 1511 3399 κόσμῳ.
1546 3347 1565 3381 ι
1605 3329 1662 3384 Ὀ
1692 3329 1961 3400 μακάριος

373 3416 570 3489 ψάλλει
599 3419 761 3472 Δαυῖδ
781 3434 794 3447 ⁸
831 3438 849 3470 ι
879 3420 1243 3491 Καυχήσομαι
1273 3419 1368 3473 ἐπὶ
1392 3421 1471 3492 τῷ
1496 3420 1615 3494 Θεῷ
1647 3420 1728 3492 τῷ
1749 3421 1962 3492 Σωτῆρι

381 3524 511 3581 μου.
542 3510 731 3563 »Ἔστι
759 3509 815 3563 δὲ
842 3510 1005 3580 σοφὸς
1025 3510 1119 3563 καὶ
1144 3512 1489 3583 άγιοπρεπὴς
1514 3514 1543 3566 ό
1564 3512 1721 3581 λόγος
1739 3530 1753 3545 ’
1770 3514 1830 3566 οὑ
1851 3514 1962 3583 γὰρ

377 3600 439 3654 ἐν
489 3598 763 3672 ἀνθρώπῳ
825 3598 1334 3672 κατασεμνῦνεσθαι
1382 3602 1489 3674 χρὴ
1539 3603 1740 3674 μᾶλλον
1789 3604 1961 3674 ἡμᾶς,

375 3690 496 3745 ἀλλ’
528 3691 622 3746 ἐπὶ
646 3691 784 3762 Θεῷ.
816 3692 942 3756 Πῶς
976 3688 1071 3747 οὖν
1101 3696 1128 3747 ό
1165 3694 1378 3759 Παῦλος
1418 3696 1475 3748 ἐν
1504 3694 1583 3765 τῷ
1622 3694 1844 3765 σταυρῷ
1870 3693 1962 3747 τοῦ

375 3777 618 3853 Χριστοῦ
643 3780 952 3851 καυχᾶσθαι
978 3798 1174 3852 (gnam;
1206 3783 1356 3835 Ἔδει
1381 3782 1485 3855 γὰρ
1512 3783 1710 3854 μᾶλλον
1733 3784 1826 3836 ἐπὶ
1844 3780 1965 3852 Θεῷ

376 3873 541 3930 τοῦτο
581 3873 716 3945 δρᾷν
739 3890 755 3906 ο
807 3873 1010 3937 σκοπὸς
1057 3875 1167 3944 γὰρ
1210 3868 1366 3937 οὗτος
1405 3876 1518 3937 τοῖς
1554 3874 1736 3937 ἄλλοις
1762 3873 1958 3942 ἁγίοις.

391 3963 533 4016 Ἀλλ’
563 3963 829 4036 ὑπάρχων
858 3962 1334 4036 Πνευματοφόρος,
1370 3965 1428 4016 ἐν
1467 3964 1682 4036 θανάτῳ
1722 3961 1961 4033 Χριστοῦ

378 4054 687 4127 καυχᾶσθαι
717 4067 904 4124 φησιν.
926 4050 1080 4109 Οἶδεν
1101 4049 1194 4108 οὖν
1217 4054 1327 4127 ἄρα
1347 4055 1479 4111 Θεὸν
1497 4055 1630 4110 ὄντα
1648 4056 1743 4108 καὶ
1764 4053 1961 4125 ἀληθῆ,

377 4145 481 4202 καὶ
506 4146 575 4201 δι’
603 4148 753 4218 ἡμᾶς
782 4145 1024 4203 παθόντα
1052 4145 1237 4218 σαρκί.

763 4362 866 4435 Ἐκ
902 4360 1011 4431 τῆς
1051 4359 1202 4429 πρὸς
1247 4360 1594 4430 Ἐφεσίους.

460 4495 598 4569 Περὶ
642 4494 741 4549 τοῦ
786 4493 922 4550 Θεοῦ
967 4494 1063 4549 καὶ
1115 4495 1327 4567 Πατρός
1380 4511 1513 4564 φησι
1544 4511 1559 4526 °
1612 4512 1630 4545 ι
1660 4492 1819 4547 Κατὰ
1867 4493 1966 4566 τὴν
1999 4524 2045 4582 D

378 4585 665 4658 ἐνέργειαν
689 4585 785 4640 τοῦ
810 4585 1048 4658 κράτους
1071 4586 1173 4655 τῆς
1207 4586 1389 4655 ἰσχύος
1419 4584 1605 4650 αὐτοῦ»
1632 4585 1698 4656 ἣν
1725 4584 1964 4656 ἐνήρϊη-

383 4694 479 4732 σεν
530 4678 589 4731 ἐν
637 4677 717 4748 τῷ
752 4676 1001 4747 Χριστῷ,
1040 4677 1265 4748 ἐγείρας
1314 4676 1477 4730 αὐτὸν
1511 4677 1574 4729 ἐκ
1599 4676 1830 4747 νεκρῶν,
1870 4676 1966 4728 καὶ⁹

381 4769 617 4833 καθίσας
638 4771 695 4822 ἐν
719 4768 869 4840 δεξιᾷ
897 4767 1064 4822 αὑτοῦ
1093 4770 1152 4821 ἐν
1177 4771 1290 4832 τοῖς
1321 4768 1691 4839 ἐπουρανίοις,
1708 4767 1966 4838 ὑπεράνω

380 4859 565 4930 πάσης
601 4856 831 4930 Ἀρχῆς,
883 4859 978 4911 καὶ
1022 4855 1322 4921 Ἑξουσίας,
1377 4858 1473 4911 καὶ
1514 4858 1825 4928 Δυνάμεως,
1872 4856 1968 4912 καὶ

382 4948 745 5019 κυριότητος,
776 4946 872 4999 καὶ
914 4945 1117 5011 παντὸς
1148 4945 1415 5015 ὀνόματος
1439 4947 1869 5018 ὀνομαζομένου,
1904 4948 1964 5000 οὑ

386 5038 549 5108 μόνον
577 5040 636 5090 ἐν
665 5035 745 5107 τῷ
772 5037 928 5092 αἰῶνι
954 5036 1150 5108 τούτῳ,
1170 5036 1306 5090 ἀλλὰ
1336 5039 1431 5091 καὶ
1462 5039 1517 5090 ἐν
1544 5037 1625 5110 τῷ
1656 5039 1960 5110 μέλλοντι.»

294 5165 303 5173 -
396 5129 530 5183 Ἰδοὺ
558 5127 649 5181 τὸν
688 5128 1062 5199 ἐγηγερμένον
1096 5130 1160 5182 ὲκ
1184 5127 1391 5200 νεκρῶν
1409 5129 1703 5183 κεκάθικεν
1723 5131 1751 5182 ὁ
1777 5129 1968 5202 Πατὴρ

384 5221 447 5274 ἐν
462 5218 614 5291 δεξιᾷ
626 5218 1087 5291 αὐτοῦλὺπεράνω
1110 5219 1289 5290 πάσης
1318 5221 1373 5272 Ἀ
1382 5223 1484 5291 ρχῆ
1494 5238 1536 5285 ς,
1552 5223 1645 5274 καὶ
1668 5221 1969 5286 Ἐξουσίας,

386 5312 484 5366 καὶ
513 5311 833 5383 Δυνάμεως,
861 5312 956 5365 καὶ
998 5311 1200 5375 παντὸς
1243 5311 1505 5381 ὀνόματος
1540 5312 1967 5384 ὀνομαζομένου.

290 5428 297 5431 -
383 5398 455 5456 ’Δ
467 5402 517 5474 ρ’
544 5397 639 5457 οὖν
668 5400 979 5472 συνεδρεύει
1003 5403 1070 5473 τῇ
1100 5402 1241 5472 ὑπὲρ
1271 5402 1451 5456 πάντα
1480 5401 1641 5473 φύσει
1674 5402 1799 5476 καθ’
1820 5407 1971 5475 ἡμᾶς

304 5566 307 5573 _
387 5489 678 5560 νοούμενος
702 5489 1008 5560 ἄνθρωπος,
1040 5490 1136 5545 καὶ
1161 5490 1349 5563 ἓτερον
1375 5491 1550 5557 οὐδὲν,
1569 5492 1626 5563 ἢ,
1644 5494 1784 5564 ὅπερ
1816 5493 1966 5547 ἐστὶν

386 5581 609 5653 ἀληθὲς,
644 5581 722 5646 ὡς
758 5581 892 5645 Θεὸς
934 5581 1381 5658 ἐνανθρωπήσας,
1413 5583 1510 5639 καὶ
1557 5583 1821 5655 ὑπάρχων
1873 5585 1972 5656 μὲν

469 5760 515 5794 δ’
544 5758 724 5817 Galat.
758 5775 843 5827 tu,
880 5759 1072 5816 23-27.
1147 5760 1194 5795 ”
1238 5760 1417 5818 Galat.
1459 5777 1533 5829 tv,
1560 5761 1616 5827 8,
1643 5760 1696 5816 9.
1772 5760 1816 5794 ⁸¹
1858 5759 1966 5815 Gal:

2069 5774 2145 5825 vr,
2176 5758 2256 5814 ll.
2336 5761 2381 5794 ³³
2414 5759 2554 5817 Psal.
2589 5776 2701 5828 LXI,
2727 5759 2780 5816 8.

2066 1968 2122 2013 ει
2175 1956 2437 2027 Spiritum
2479 1948 2763 2021 sanctum,
2809 1955 3079 2023 quomodo
3127 1953 3178 2004 in
3220 1950 3495 2004 Christum
3548 1948 3644 2001 ha-

2066 2047 2260 2118 ptizati
2309 2046 2562 2110 dicimur,
2597 2046 2643 2100 si
2692 2043 2945 2099 Christus
2993 2056 3096 2096 non
3138 2050 3218 2093 est
3253 2052 3415 2092 verus
3448 2035 3641 2098 Filius,

2064 2152 2186 2191 cum
2214 2151 2355 2190 unus
2384 2144 2592 2189 tantum
2624 2134 2699 2189 sit
2729 2146 2921 2189 natura
2954 2130 3163 2186 Filius?
3187 2128 3347 2197 Atqui
3380 2128 3433 2179 in
3465 2126 3641 2195 ipsum

2064 2227 2322 2296 baptizati
2358 2241 2586 2281 sumus:
2624 2225 2765 2281 Deus
2798 2226 2962 2294 igitur
2994 2232 3077 2279 est
3106 2232 3164 2275 ut
3193 2221 3362 2275 Filius
3396 2233 3559 2281 unus,
3587 2224 3645 2270 et

2065 2315 2326 2371 Dominus
2368 2331 2530 2378 unus,
2584 2329 2707 2370 cum
2757 2329 2853 2385 per
2899 2312 3119 2368 unionis
3175 2308 3640 2379 dispensationem

2073 2406 2303 2463 Verbum
2333 2422 2459 2461 caro
2483 2407 2686 2461 factum
2718 2406 2809 2460 sit.

2141 2517 2159 2550 ι
2193 2496 2300 2553 Sed
2338 2509 2468 2552 tunc
2498 2498 2719 2567 quidem
2759 2498 3073 2565 ignorantes
3103 2493 3292 2557 Deum,
3321 2491 3388 2545 iis
3417 2490 3508 2561 qui
3544 2503 3644 2541 na-

2067 2599 2186 2644 tura
2224 2605 2331 2644 non
2371 2599 2499 2643 sunt
2543 2589 2639 2651 dii,
2676 2587 3041 2643 serviebatis:
3095 2599 3238 2639 nunc
3284 2590 3465 2635 autem
3519 2594 3643 2633 cum

2066 2680 2430 2750 cognoveritis
2486 2678 2677 2744 Deum,
2722 2678 2831 2733 imo
2861 2677 3064 2747 cogniti
3104 2676 3225 2730 sitis
3267 2689 3296 2727 a
3336 2671 3467 2734 Deo,
3511 2684 3638 2739 quo.

2065 2773 2224 2827 modo
2251 2771 2630 2825 convertimini
2667 2771 2859 2824 iterum
2892 2768 2960 2821 ad
3006 2767 3217 2820 inlirma
3249 2773 3305 2817 et
3339 2778 3504 2832 egena
3532 2760 3645 2813 ele-

2065 2871 2245 2915 menta
2262 2851 2352 2913 ⁵δῖ
2392 2878 2411 2911 ›
2444 2860 2502 2914 Si
2547 2859 2825 2914 Christum
2877 2857 3192 2927 proﬁtentes
3234 2854 3403 2908 Deum
3440 2866 3647 2919 εοειιο-

2063 2950 2261 3014 vimus,
2293 2961 2347 3004 et
2380 2950 2578 3020 cogniti
2611 2965 2641 3003 a
2671 2949 2910 3015 Christo,
2942 2949 3142 3017 cogniti
3172 2947 3402 3002 dicimur
3434 2958 3464 2997 a
3514 2946 3642 3009 Deo,

2063 3045 2336 3111 quomodo
2367 3041 2617 3095 Christus
2656 3050 2873 3096 nonest
2907 3038 3082 3093 Deus?

2142 3150 2161 3183 ι
2200 3131 2327 3186 Mihi
2356 3141 2536 3186 autem
2567 3131 2709 3185 absit
2739 3129 2992 3198 gloriari,
3026 3128 3133 3191 nisi
3160 3127 3214 3180 in
3243 3140 3403 3180 cruce
3431 3122 3642 3177 Domini

2066 3222 2238 3277 nostri
2277 3221 2403 3276 .Iesu
2438 3219 2682 3284 Christi,
2713 3234 2810 3288 per
2837 3233 2995 3287 quem
3030 3217 3159 3271 mihi
3205 3216 3437 3269 mundus
3466 3212 3645 3266 cruci-

2064 3300 2208 3369 ﬁxus
2234 3322 2337 3379 est,
2364 3322 2420 3366 et
2464 3308 2567 3381 ego
2607 3309 2809 3365 mundo
2830 3310 2897 3363 ⁸¹.
2941 3327 2960 3361 ι
3011 3308 3206 3361 Beatus
3246 3305 3410 3358 David
3452 3302 3643 3356 canit:

2071 3426 2091 3460 ι
2132 3405 2419 3461 Gloriahor
2463 3405 2516 3458 in
2560 3402 2670 3457 Deo
2716 3400 2942 3456 salutari
2985 3415 3105 3454 meo
3137 3398 3215 3450 “l
3258 3416 3276 3451 ι
3327 3394 3524 3462 Utique
3557 3407 3647 3446 sa-

2067 3499 2242 3568 piens,
2273 3506 2328 3550 et
2351 3506 2543 3551 sancto
2573 3496 2690 3548 viro
2721 3491 3051 3549 conveniens
3079 3491 3284 3545 dictum
3312 3505 3325 3541 :
3363 3501 3467 3540 non
3497 3484 3645 3537 enim

2068 3592 2121 3643 in
2156 3590 2375 3643 homine
2414 3587 2634 3656 gloriari
2672 3586 2827 3640 nobis
2858 3585 2941 3640 fas
2973 3592 3076 3648 est,
3111 3583 3205 3637 sed
3239 3581 3292 3636 in
3337 3581 3464 3634 Deo.
3502 3580 3648 3644 Quo-

2069 3681 2231 3736 modo
2264 3690 2403 3750 ergo’
2425 3678 2627 3735 Paulus
2658 3678 2714 3732 in
2739 3690 2904 3732 cruce
2929 3675 3139 3729 Domini
3171 3671 3388 3743 gloriari
3417 3685 3477 3726 se
3509 3683 3649 3740 prae-

2069 3774 2238 3837 dicat,
2290 3787 2412 3825 cum
2462 3770 2515 3824 in
2555 3768 2663 3824 Dco
2694 3770 2872 3837 potius
2904 3769 2954 3823 id
2998 3766 3111 3823 ﬂeri
3158 3761 3476 3834 oporteret?
3510 3759 3647 3814 Nam

2069 3863 2158 3918 hic
2186 3861 2415 3915 aliorum
2444 3867 2755 3913 sanctorum
2802 3870 3000 3926 scopus
3046 3868 3262 3922 semper
3294 3853 3524 3907 exstitit.
3556 3850 3650 3904 At-

2071 3937 2376 4023 qui‘etiam
2430 3947 2628 4002 Paulus
2674 3946 2858 4001 divino
2896 3945 3100 4014 Spiritu
3148 3959 3253 3998 non
3298 3943 3555 4008 carebat;
3594 3952 3651 3995 et

2069 4038 2334 4097 tamen-in
2368 4038 2573 4094 Christi
2610 4046 2788 4093 morte
2819 4037 3037 4108 gloriari
3084 4051 3188 4089 non
3220 4036 3448 4088 duhitat.
3480 4033 3649 4109 Norat

2066 4147 2197 4199 ergo
2241 4146 2425 4184 vermu
2474 4129 2637 4183 Deum
2687 4142 2844 4193 esse,
2889 4127 3103 4183 etiarnsi
3163 4128 3331 4182 nostri
3382 4141 3545 4181 causa
3591 4126 3647 4179 in

2068 4237 2236 4278 carne
2272 4229 2501 4276 mortem
2532 4234 2822 4289 perpessus
2861 4218 3018 4274 l'oret.

2269 4372 2293 4390 -
2390 4356 2499 4427 70
2528 4355 2612 4410 Ex
2645 4354 2887 4425 Epistula
2919 4353 2988 4408 ad
3028 4352 3300 4421 Ephesios.

2148 4509 2167 4544 ι
2210 4489 2517 4545 Secundum
2560 4488 2929 4558 operationem
2977 4487 3229 4555 potentiae
3268 4485 3482 4539 virtutis
3529 4485 3653 4555 ejus

2074 4581 2198 4653 (est
2254 4579 2343 4633 hic
2407 4592 2587 4633 sermo
2629 4580 2694 4632 de
2739 4577 2850 4631 Deo
2885 4587 2941 4630 et
2995 4574 3191 4646 Patre)
3238 4591 3399 4643 quam
3457 4589 3653 4645 Operu-

2077 4683 2161 4726 Ius
2189 4682 2273 4727 est
2316 4673 2367 4726 in
2418 4671 2638 4726 Christo
2666 4711 2682 4736 ,
2719 4670 2987 4724 suscitans
3027 4668 3176 4721 illum
3230 4684 3260 4721 a
3300 4669 3561 4733 mortuis,
3594 4680 3652 4723 et
3692 4670 3697 4675 ’

2074 4765 2407 4820 constituens
2432 4764 2499 4817 ad
2529 4764 2810 4817 dexteram
2842 4775 2994 4815 suam
3039 4760 3092 4813 in
3135 4759 3447 4815 coelestibus
3489 4774 3651 4829 super

2074 4872 2288 4912 omnem
2312 4855 2705 4926 Principatum,
2737 4863 2791 4907 et
2815 4853 3166 4916 Potestatom,
3197 4859 3254 4906 et
3281 4851 3313 4907 Χ
3331 4852 3576 4917 irtutem,
3597 4862 3655 4908 et

2075 4948 2532 5013 Dominationem,
2581 4957 2635 5002 et
2677 4960 2840 5001 omne
2880 4959 3081 4999 nomen
3136 4944 3278 5014 quod
3320 4946 3653 5009 nominatur,
3691 4991 3699 4998 .

2078 5051 2184 5091 non
2217 5036 2391 5091 solum
2421 5034 2475 5089 in
2506 5037 2608 5091 hoc
2644 5035 2866 5103 saeculo,
2903 5034 2997 5089 sed
3028 5034 3191 5089 etiam
3227 5035 3278 5089 in
3313 5033 3495 5091 futuro
3517 5036 3589 5091 ⁸⁸.
3627 5056 3659 5093 ι,

2078 5127 2154 5182 En
2181 5127 2326 5180 illum
2354 5126 2526 5197 ipsum
2558 5141 2719 5197 quem
2746 5143 2813 5182 ex
2843 5125 3068 5183 mortuis
3096 5129 3478 5194 exsuscitarat,
3518 5143 3653 5181 εον-ι

2077 5215 2537 5272 stituitPater'ad
2571 5218 2849 5273 dexteram
2892 5234 3047 5274 suam
3072 5235 3234 5289 supra
3256 5214 3471 5274 omnem
3504 5218 3655 5287 prin.

2079 5311 2338 5380 cipatum,
2369 5319 2422 5365 et
2456 5318 2804 5381 potestatem,
2831 5320 2886 5365 et
2927 5313 3218 5377 virtutem,
3261 5319 3316 5365 ct
3353 5324 3516 5365 omne
3551 5326 3651 5363 no-

2079 5415 2201 5455 men
2223 5401 2365 5469 quod
2388 5402 2717 5457 nominatur.
2765 5400 3016 5472 Nunquid
3042 5417 3171 5473 ergo
3206 5403 3444 5456 uthomo
3482 5402 3652 5456 nostri

2078 5490 2290 5556 similis,
2326 5502 2381 5547 et
2410 5492 2544 5547 nihil
2567 5492 2712 5548 aliud
2733 5534 2747 5561 ,
2783 5492 2837 5547 in
2867 5502 3077 5549 natura
3106 5494 3348 5549 omnium
3386 5505 3654 5561 suprema:

2080 5582 2301 5640 dextera
2329 5584 2548 5651 assidet,
2575 5584 2849 5656 aut,quod
2872 5599 3054 5641 rerum
3087 5593 3191 5650 est,
3223 5594 3283 5641 ut
3312 5583 3457 5642 Deus
3491 5584 3654 5640 homo

2892 5761 3167 5836 "Ephes.
3210 5778 3251 5833 ι,
3291 5761 3377 5820 l9-
3414 5760 3503 5820 21.
