4060 6460
377 429 513 483 Di?
1409 419 1466 474 S.
1510 417 1790 474 CYRILLI
1819 415 2285 471 ALEXANDRINI
2326 418 2643 474 ARCIIIEP.
3503 412 3637 469 ιειιι

376 545 553 597 factus
574 540 599 593 ?
624 538 860 594 Verbum
892 549 1123 605 namque
1164 535 1335 597 Patri,
1368 545 1529 603 prout
1563 535 1632 586 ab
1670 548 1734 584 eo
1768 547 1960 601 proce«
1992 586 1993 589 η

2100 531 2351 603 μοούσιος
2372 532 2450 602 τῷ
2480 532 2677 602 Πατρὶ,
2711 512 3130 602 καοὸ’πέφηνεν
3164 528 3222 594 ἐξ
3253 528 3436 592 αὑτοῦ,
3472 546 3639 599 προς-

376 641 479 689 till.
508 626 1004 689 consuhsmntiale,
1053 633 1246 677 natura
1288 626 1523 675 humana
1561 620 1959 688 dispensMorie

2095 620 2240 675 αὸὼν
2266 623 2323 676 δὲ
2348 623 2408 675 τὸ
2438 620 2776 693 ἀνθρώπινον
2802 622 3182 691 οἰκονομικῶς,
3220 622 3304 673 ἶνα
3347 620 3403 672 ὲν
3446 618 3592 687 αὑτῴ
3616 628 3639 666 1·

377 726 650 787 assumpta
678 756 693 778 ,
731 715 931 769 factum
991 721 1074 766 est
1122 713 1305 765 homo.
1356 712 1533 777 Quare
1575 709 1827 763 etlcctum
1872 715 1961 762 est

2095 715 2249 783 οῆται
2275 713 2406 776 Θεός
2432 730 2491 766 τε
2519 713 2655 783 ὁμοῦ
2689 712 2785 766 καὶ
2817 711 3103 782 ἄνθρωπος
3136 714 3163 764 ὁ
3195 710 3380 773 αὑτὸς,
3432 708 3522 762 καὶ
3554 706 3643 761 διὰ

381 821 440 862 ιιι
472 812 524 862 in
550 824 659 862 uno
688 807 989 874 eodemque
1018 805 1177 858 simul
1207 804 1345 858 Deus
1367 803 1677 875 exsisteret,
1701 809 1756 853 et
1777 800 1960 862 homo,

2095 804 2222 857 οῦτο
2245 806 2311 874 τῇ
2347 803 2471 874 θείᾳ
2497 803 2625 876 δόξῃ
2658 802 3137 874 κατεστεμμένοςς
3212 848 3224 862 ,

381 904 564 956 divina
592 900 763 970 gloria
799 898 1104 951 redimitus.
1582 937 1593 941 -

457 1012 475 1042 ι
515 992 745 1059 Propter
770 992 913 1060 quod
947 1003 1213 1043 memores
1242 996 1440 1049 estote,
1475 984 1619 1054 quod
1676 983 1965 1051 aliquando

2147 1005 2165 1034 ι
2203 985 2294 1038 Διὸ
2350 983 2741 1055 μνημονεύετε,
2792 984 2872 1036 ὅτι
2926 983 3056 1036 ποτε
3107 981 3263 1051 ὑμεῖς
3308 979 3375 1032 τὰ
3426 978 3550 1045 ἔθνη
3589 980 3647 1029 ἐν

385 1100 484 1137 vos
516 1083 688 1136 eratis
718 1086 907 1150 gentes
955 1081 1006 1134 iu
1038 1094 1224 1140 carne,
1268 1076 1593 1130 dicebamini
1643 1074 1962 1142 praeputium

2095 1078 2252 1148 ἀρκὶ,
2282 1078 2330 1129 0i
2360 1076 2641 1146 λεγόμενοι
2670 1073 3007 1145 ἀκροϐυστία
3053 1074 3158 1125 ὑπὸ
3205 1071 3301 1140 τῆς
3346 1069 3649 1139 λεγομένης

385 1175 456 1226 ab
488 1174 547 1225 ea
577 1187 697 1240 quia:
730 1171 928 1223 dicitur
966 1169 1311 1223 circumcisio
1338 1166 1392 1220 in
1422 1180 1584 1219 carne
1614 1162 1917 1218 tuannl‘acta
1949 1181 1962 1214 :

2095 1163 2369 1234 περιτομῆς
2416 1165 2474 1217 ἐν
2528 1162 2691 1233 σαρκὶ
2742 1164 3153 1232 χειροποιήτου’
3201 1162 3284 1214 ὃτι
3329 1155 3426 1230 ἦτε
3469 1160 3524 1210 ὲν
3570 1158 3652 1226 τῷ

385 1266 527 1334 quod
558 1264 722 1317 eratis
754 1264 844 1315 illo
877 1262 928 1314 in
969 1270 1213 1329 tempore
1250 1259 1369 1312 sine
1403 1256 1643 1321 Christo,
1677 1256 1893 1310 alienati
1938 1270 1964 1309 a

2095 1254 2248 1325 ιαιρῷ
2272 1256 2466 1325 ἐκείνῳ
2493 1255 2660 1325 χωρὶς
2681 1252 2920 1325 Χριστοῦ
2936 1263 2985 1318 ς,
3019 1250 3528 1321 ἀπηλλοτριωμένοι
3554 1249 3652 1317 τῆς

384 1354 805 1410 ουιινετειιιίοηο
847 1350 1047 1413 lsrael,
1084 1360 1134 1403 ct
1181 1350 1422 1417 hospites
1477 1354 1961 1409 testamentorum,

2095 1347 2345 1410 πολιτείας
2375 1346 2467 1399 τοῦ
2505 1345 2741 1416 Ἰσραὴλ,
2773 1346 2868 1398 καὶ
2916 1344 3059 1409 ξένοι
3085 1344 3194 1397 τῶν
3222 1342 3523 1413 διαθηκῶν,
3551 1341 3653 1408 τῆς

388 1445 761 1516 promissionis
790 1458 939 1513 spem
966 1454 1070 1495 non
1107 1441 1390 1501 habentes,
1416 1447 1472 1490 et
1499 1437 1618 1490 sine
1646 1433 1762 1487 Deo
1790 1436 1840 1487 in
1870 1434 1971 1487 hoc

2095 1438 2405 1508 uenalia;
2468 1437 2659 1491 ἐλπίδα
2729 1438 2803 1509 μὴ
2870 1438 3102 1507 ἔχοντες,
3131 1437 3227 1489 καῖ
3269 1434 3417 1489 ἄθεοι
3470 1437 3527 1487 ἐν
3574 1432 3654 1502 τῷ

388 1537 587 1590 mundo
611 1535 677 1587 “.
717 1553 737 1586 ι
766 1534 824 1589 Si
861 1544 1050 1601 gentes
1091 1531 1363 1584 Christum
1401 1542 1505 1582 non
1565 1528 1863 1591 habentes,
1915 1524 1969 1577 iu

2095 1532 2282 1601 ιόσμῳ.
2319 1549 2337 1582 ι
2372 1531 2437 1584 Εἰ
2467 1530 2700 1600 Χριστὸν
2740 1530 2840 1583 οὑκ
2884 1529 3073 1599 ἔχοντα
3109 1529 3176 1581 τὰ
3219 1528 3346 1598 ἔθνη
3382 1526 3654 1581 διετέλουν

313 1616 330 1639 ⁸
388 1627 670 1695 impietate
696 1626 991 1679 secundum
1032 1624 1173 1676 hunc
1208 1620 1466 1673 mundum
1512 1615 1968 1687 perseverabant;

2095 1642 2134 1677 ιν
2163 1622 2420 1693 ἀθεότητι
2440 1621 2581 1674 κατὰ
2607 1622 2698 1675 τὸν
2720 1622 2926 1691 κόσμον
2948 1661 2961 1683 ,
3002 1620 3188 1691 ἐπειδὴ
3213 1620 3270 1672 δὲ
3299 1619 3460 1673 αὑτὸν
3498 1620 3658 1688 ἐσχή-

390 1730 673 1785 pnstquam
714 1725 891 1770 autem
930 1715 1106 1783 ipsum
1156 1713 1355 1766 habere
1395 1717 1711 1779 ceperunt,
1771 1709 1976 1775 absque

2095 1726 2255 1773 ιασιν,
2287 1710 2348 1761 οὑ
2383 1710 2756 1780 μεμενήκασιν
2803 1709 2952 1763 ἄθεοι
2974 1718 2996 1746 ι’
3018 1725 3032 1739 ·
3072 1709 3187 1773 πῶς
3215 1709 3322 1778 ἄρα
3365 1708 3425 1761 οὑ
3470 1707 3601 1770 Θεὸς
3628 1708 3658 1758 ὁ

391 1807 504 1862 Deo
537 1822 643 1862 non
678 1805 900 1860 fuerunt
931 1823 942 1858 :
974 1805 1110 1874 quid,
1138 1804 1209 1856 ita
1238 1802 1489 1856 Christus
1527 1816 1632 1855 non
1674 1810 1759 1854 est
1788 1799 1973 1854 Deus?
2077 1800 2349 1870 Χριστόςς

469 1917 489 1949 ι
525 1897 696 1964 Hujus
744 1898 819 1951 rei
867 1898 1037 1964 gratia
1082 1894 1240 1948 ﬂecto
1288 1908 1462 1964 genua
1508 1907 1625 1945 mea
1656 1892 1721 1944 ad
1755 1890 1967 1944 Patrem

2155 1909 2173 1943 t
2206 1892 2407 1944 Τούτου
2440 1892 2600 1971 χάριν
2634 1891 2872 1961 κάμπτω
2896 1891 2963 1945 τὰ
2992 1874 3194 1958 γόνατά
3244 1908 3344 1961 μου
3400 1890 3533 1957 πρὸς
3562 1892 3655 1944 τὸν

395 1990 609 2044 Domini
642 1989 814 2042 nostri
850 1986 976 2041 Jesu
1011 1985 1235 2049 Christi,
1269 2000 1334 2037 ex
1369 1998 1478 2052 quo
1517 1984 1696 2036 omnis
1731 1980 1973 2050 paterni-

2095 1982 2300 2053 Πατέρα
2354 1980 2469 2053 [τοῦ
2501 1983 2702 2052 Κυρίου
2760 1981 2916 2052 ἡμῶν
2974 1981 3150 2053 Ἰησοῦ
3190 1980 3479 2052 Χριστοῦ],
3511 1981 3569 2046 ἐξ
3594 1976 3656 2033 οὗ

397 2082 557 2134 tasin
589 2080 743 2135 curiis
769 2088 824 2133 et
876 2079 926 2132 in
978 2089 1119 2132 terra
1167 2076 1518 2129 nominatur:
1568 2083 1630 2127 ut
1678 2074 1771 2126 det
1823 2071 1977 2125 vobis

2095 2075 2229 2130 πᾶσα
2267 2072 2470 2142 πατριὰ
2498 2074 2556 2125 ὲν
2591 2074 2840 2143 οὐρανοῖς
2878 2075 2984 2127 καὶ·
3015 2074 3107 2124 ἐπὶ
3152 2072 3254 2142 γῆς
3295 2072 3652 2142 ὀνομάζεται·

394 2170 695 2225 secundum
736 2170 954 2224 divitias
983 2169 1167 2238 gloria:
1203 2182 1347 2233 sum,
1396 2169 1595 2219 virtute
1632 2164 1976 2218 corroborari

2095 2164 2165 2217 ἴνα
2196 2163 2466 2243 διξιηρμϊν
2495 2166 2637 2217 κατὰ
2686 2164 2779 2217 τὸν
2844 2164 3072 2217 πλοῦτον
3127 2165 3225 2234 τῆς
3283 2165 3440 2234 δόξης
3464 2163 3656 2230 αὑτοῦ,

397 2276 495 2330 per
545 2260 805 2329 Spiritum
860 2260 977 2331 ejus
1023 2260 1074 2312 in
1124 2258 1368 2312 interiori
1418 2255 1657 2320 homine,
1699 2253 1977 2309 Christum

397 2354 644 2406 habitare
674 2368 771 2422 per
797 2352 956 2404 ﬁdem
989 2350 1042 2404 iu
1092 2349 1350 2405 cordibus
1393 2348 1590 2402 vestris
1608 2346 1676 2399 ".
1713 2364 1731 2397 ι
1775 2344 1977 2398 Nomen

400 2448 503 2498 hoc
534 2440 777 2497 Christus
810 2440 966 2495 λειω
999 2443 1079 2511 (ιιι
1127 2439 1426 2507 εωρῑεείιιιο
1461 2438 1572 2507 jam
1618 2446 1745 2490 ante
1771 2435 1981 2489 monui-

398 2533 543 2603 mus)
575 2533 775 2601 ubique
815 2529 906 2583 Dei
945 2530 1123 2584 Patris
1152 2528 1385 2582 Verbum
1420 2528 1654 2580 humana
1688 2527 1859 2580 forma
1893 2526 1978 2581 in-

399 2626 591 2677 tlntum
643 2621 937 2691 significat.
985 2620 1042 2673 Si
1094 2634 1224 2687 ergo
1281 2618 1533 2697 Christus
1587 2616 1978 2687 (posteaquam

400 2713 663 2777 Verbum,
694 2714 838 2783 quod
871 2714 1042 2782 ipsum
1080 2725 1294 2780 quoque
1334 2724 1431 2778 per
1457 2708 1716 2778 Spiritum
1743 2719 1799 2761 ut
1842 2706 1980 2760 Deus

402 2806 458 2861 in
495 2805 649 2859 nobis
691 2804 977 2864 inhabitat.
1014 2817 1236 2858 carnem
1288 2799 1454 2855 semel
1487 2796 1845 2869 assumpsit),
1876 2812 1981 2850 non

401 2906 487 2950 est
527 2893 665 2950 Deus
694 2912 708 2948 :
755 2895 1027 2965 quomodo
1063 2890 1157 2963 pe'r
1202 2894 1361 2947 Iidem
1398 2891 1449 2944 in
1484 2891 1745 2945 cordibus
1780 2890 1987 2943 nostris

403 2988 709 3042 inhabitare
742 2987 943 3041 dicitur
969 2988 992 3039 ?
1020 2985 1255 3040 Rursum
1289 2984 1334 3037 si
1363 2982 1669 3037 communis
1717 2981 1878 3033 homo
1905 2988 1987 3033 est

405 3079 678 3143 Christus,
720 3076 822 3146 71
853 3087 906 3131 et
951 3076 1092 3130 hlius
1152 3077 1220 3130 ab
1263 3090 1327 3129 eo
1357 3074 1605 3128 diversus
1629 3111 1643 3136 ,
1676 3071 1765 3141 qui
1794 3080 1985 3124 natura

406 3166 575 3221 Filius
596 3177 700 3231 est,
725 3176 781 3219 et
807 3166 953 3220 solus
991 3182 1055 3219 ex
1096 3164 1205 3219 Deo
1229 3175 1386 3218 natus
1416 3171 1498 3218 est
1535 3182 1549 3217 :
1589 3163 1731 3231 quis,
1764 3174 1947 3231 quaeso
1969 3198 1985 3226 ,

406 3267 493 3311 est
522 3256 612 3311 ille
658 3258 748 3325 qui
775 3257 981 3310 habitat
1017 3257 1069 3309 itt
1103 3255 1297 3311 nobis?
1353 3264 1447 3307 aut
1492 3255 1763 3324 quomodo
1804 3253 1857 3305 in
1890 3252 1990 3305 bo-

408 3350 650 3405 miuibus
680 3350 947 3404 inhabitat
983 3364 1080 3418 per
1131 3348 1336 3403 ﬁdem?
1375 3363 1498 3401 cum
1542 3332 1779 3401 Joannes
1824 3344 1891 3399 de
1929 3357 1993 3399 eo

411 3439 647 3496 dilucide
677 3440 821 3494 dicat
854 3459 866 3495 :
911 3458 928 3491 ι
953 3438 1023 3528 ⁸Ιιι
1058 3441 1161 3494 hoc.
1206 3437 1601 3509 cognoscimus,
1652 3437 1796 3506 quod
1845 3436 1898 3489 in
1930 3449 1996 3489 eo

410 3548 714 3598 manemus,
742 3543 796 3586 et
822 3534 936 3598 ipse
971 3534 1022 3585 in
1059 3532 1214 3587 nobis
1238 3540 1340 3596 est,
1379 3530 1634 3599 quoniam
1673 3531 1741 3585 de
1785 3528 1994 3598 Spiritu

411 3637 511 3678 suo
538 3622 686 3677 dedit
714 3623 872 3674 nobis
900 3621 969 3673 ".
1016 3638 1034 3671 ο

777 3711 861 3765 Ea:
897 3710 1135 3780 Epistula
1167 3715 1234 3763 ad
1261 3710 1641 3779 Philippenses.

491 3845 509 3878 ι
540 3825 671 3892 Quae
710 3824 839 3879 mihi
883 3824 1101 3879 fuerunt
1139 3824 1283 3879 lucra
1333 3824 1435 3894 (de
1475 3823 1894 3894 gloriationibus
1945 3823 1996 3876 in

414 3915 531 3985 lege
561 3915 839 3985 loquitur).
866 3916 979 3969 lizec
1005 3915 1304 3969 arbitratus
1330 3930 1447 3968 sum
1481 3922 1704 3984 propter
1721 3913 1997 3968 Christum

416 4007 760 4063 detrimenta.
798 4006 1179 4062 Verumtamen
1203 4006 1458 4061 existimo
1483 4008 1662 4059 omnia
1700 4004 1997 4060 detrimen-

418 4109 529 4154 tum
562 4113 684 4155 esse
715 4110 935 4169 propter
977 4099 1304 4153 eminentem
1343 4097 1625 4153 scientiam
1673 4095 1800 4153 Jesu
1839 4095 1997 4154 Chri-

416 4192 486 4246 sti
522 4189 730 4245 Domini
761 4189 951 4256 nostri,
990 4200 1208 4259 propter
1222 4205 1379 4258 quem
1408 4189 1590 4243 omnia
1614 4190 1997 4243 detrimentum

418 4280 629 4346 feci,et
675 4281 916 4334 arbitror
946 4290 999 4334 ut
1044 4289 1307 4345 stercora,
1358 4290 1416 4333 ut
1460 4279 1739 4334 Christum
1773 4278 1998 4333 lucrifa-

418 4372 558 4426 ciam
585 4371 654 4427 ".
697 4389 715 4423 ι
760 4370 898 4437 Quid
949 4380 1054 4437 est,
1103 4371 1317 4435 amabo,
1367 4371 1563 4424 eximia
1617 4369 1816 4425 Christi
1870 4368 1997 4424 Jesu

420 4461 689 4517 scientia?
743 4462 853 4517 Cur
903 4463 1083 4516 omnia
1147 4477 1266 4532 quze
1324 4462 1454 4531 legis
1500 4469 1649 4525 sunt,
1704 4462 2001 4516 detriment

2077 2256 2305 2326 δυνάμει
2335 2255 2743 2327 κραταιωθῆναι
2782 2255 2871 2309 διὰ
2898 2255 2994 2310 τοῦ
3029 2258 3345 2328 Πνεῦματος
3379 2258 3545 2312 αὑτοῦ
3576 2262 3658 2323 εἰς

2078 2346 2170 2400 τὸν
2191 2346 2298 2401 ἔσω
2324 2347 2633 2419 ἄνθρωπον,
2682 2349 3011 2418 κατοικῆσαι
3049 2350 3141 2402 τὸν
3165 2351 3400 2421 Χριστὸν
3436 2350 3526 2404 διὰ
3556 2353 3659 2420 τῆς

2080 2438 2321 2501 πίστεως
2375 2440 2431 2491 ὲν
2500 2441 2622 2502 ταῖς
2674 2440 2925 2510 καρδίαις
2990 2439 3164 2511 ὑμῶν.
3224 2460 3242 2494 ι
3289 2441 3363 2495 Τὸ
3408 2440 3661 2509 Χριστὸς

2094 2529 2334 2596 Ἰησοῦς
2362 2530 2554 2599 ὄνομα,
2588 2528 2724 2584 καθὸ
2752 2530 3071 2594 πλειστάκις
3104 2531 3432 2603 εἰρήκαμεν,
3452 2530 3664 2603 ἀνθρω-

2083 2619 2214 2687 πεία
2251 2621 2435 2689 μορφῇ
2466 2618 2557 2671 τὸν
2588 2620 2651 2672 ὲκ
2682 2619 2818 2674 Θεοῦ
2863 2620 3146 2691 πεφηνότα
3188 2621 3359 2688 Λόγον
3404 2622 3661 2691 σημαίνει

2085 2708 2381 2779 πανταχοῦ.
2410 2710 2534 2773 Πῶς
2563 2708 2656 2764 οὑν
2689 2710 2747 2765 ὲν
2775 2714 2897 2776 ταῖς
2934 2712 3183 2783 καρδίαις
3236 2711 3393 2783 ἡμῶν
3424 2713 3669 2767 κατοικεῖ

2083 2802 2170 2857 διὰ
2223 2804 2322 2872 τῆς
2377 2802 2635 2867 πίστεως,
2688 2805 2737 2856 εί
2794 2804 2871 2875 μὴ
2918 2806 3121 2857 νοεῖται
3164 2803 3319 2869 Θεὸς,
3365 2802 3667 2869 ὲνὼσαντος

2085 2891 2265 2963 ἑαυτῷ
2290 2894 2387 2965 τὴν
2418 2895 2594 2965 σάρκα
2625 2894 2718 2948 τοῦ
2757 2896 2955 2964 Λόγου,
2987 2895 3046 2959 ὸς
3080 2896 3176 2948 καὶ
3210 2894 3408 2959 θεῖκῶς
3446 2897 3504 2949 ἐν
3535 2898 3668 2966 ἡμῖν

2087 2985 2334 3037 κατοικεῖ
2363 2983 2455 3037 διὰ
2495 2984 2587 3038 τοῦ
2612 2985 2966 3056 ιΙνεύματος;
3006 2986 3067 3038 El
3093 2985 3149 3039 δὲ
3180 2986 3359 3050 κοινὸς
3383 2985 3669 3057 ἄνθρωπος

2087 3076 2115 3127 ὁ
2139 3076 2392 3146 Χριστὸς,
2422 3076 2515 3128 καὶ
2541 3076 2729 3147 ἕτερος
2754 3076 2867 3139 υἱὸς
2894 3076 3045 3148 παρὰ
3068 3077 3161 3132 τὸν
3186 3077 3345 3147 φύσει
3372 3078 3465 3131 καὶ
3483 3078 3668 3148 μόνον,

2092 3168 2236 3237 φημὶ
2261 3167 2327 3239 δὴ
2359 3167 2450 3221 τὸν
2479 3170 2544 3221 ὲκ
2567 3168 2723 3236 Θεοῦ,
2754 3168 2838 3232 τίς
2868 3169 2896 3221 ὁ
2929 3170 2987 3222 ὲν
3010 3170 3140 3240 ἡμῖν
3161 3170 3431 3223 κατοικῶν
3454 3186 3467 3231 ;
3493 3169 3525 3240 ἢ
3552 3169 3672 3234 πῶς

2093 3258 2401 3330 ἀνθρώποις
2432 3259 2521 3312 διὰ
2552 3261 2787 3324 πίστεως
2812 3261 3173 3327 ὲνοικίζεταις
3210 3262 3389 3315 καίτοι
3419 3244 3674 3332 λέγοντος

2107 3350 2354 3406 Ἰωάννου
2386 3352 2573 3423 σαφῶς
2600 3353 2730 3425 περὶ
2762 3352 2857 3407 τοῦ
2909 3353 3176 3425 Χριστοῦο
3216 3375 3233 3407 ι
3258 3355 3345 3408 Ἑν
3377 3356 3549 3427 τούτῳ
3584 3372 3674 3424 γι-

2095 3443 2398 3515 νώσκομεν,
2435 3446 2516 3499 ὅτι
2555 3447 2612 3498 ὲν
2644 3446 2777 3515 ἡμῖν
2808 3449 2975 3510 ἐστιν,
3006 3447 3087 3501 ὅτι
3120 3449 3183 3501 ἐκ
3221 3446 3314 3501 τοῦ
3358 3448 3675 3519 Πνεῦματος

2096 3534 2261 3588 αὑτοῦ
2290 3534 2490 3589 ἔδωκεν
2518 3536 2668 3607 ἡμῖν.
2711 3555 2730 3587 ι

2420 3713 2522 3767 Ἐκ
2564 3711 2673 3782 τῆς
2714 3715 2861 3783 πρὸς
2902 3717 3368 3785 Φινιιππησίωυς.

2174 3828 2308 3897 Περὶ
2332 3826 2442 3881 τῶν
2467 3827 2526 3880 ὲν
2548 3828 2699 3900 νόμῳ
2717 3846 2893 3901 καυχη
2903 3830 3088 3900 μάτων
3120 3830 3281 3902 φησίν
3302 3848 3315 3861 ο
3341 3850 3359 3882 ι
3396 3804 3585 3885 "item:
3611 3827 3687 3902 ἦν.

2102 3934 2193 3987 μοι
2240 3916 2428 3988 κέρδη,
2474 3916 2646 3971 ταῦτα
2698 3919 2916 3989 ἥγημαι
2945 3921 3035 3974 διὰ
3072 3921 3162 3973 τὸν
3188 3920 3421 3993 Χριστὸν
3450 3921 3678 3992 ζημίαν.

2114 4007 2274 4061 Ἀλλὰ
2303 4008 2564 4079 μενοῦνγε
2594 4010 2838 4082 ἠγοῦμαι
2866 4013 2933 4065 τὰ
2965 4012 3144 4066 πάντα
3174 4011 3376 4084 ζημίαν
3405 4007 3563 4079 εἶναι,
3591 4012 3684 4067 διὰ

2099 4099 2162 4153 τὸ
2192 4100 2459 4171 ὑπερέχον
2483 4101 2585 4172 τῆς
2607 4100 2862 4170 γνώσεως
2886 4102 3123 4174 Χριστοῦ
3156 4103 3329 4175 Ἰησοῦ
3353 4102 3449 4157 τοῦ
3477 4103 3683 4174 Κυρίου

2101 4189 2279 4261 ἡμῶν,
2306 4190 2374 4244 δι’
2411 4190 2471 4244 δν
2490 4190 2561 4244 τὰ
2581 4190 2759 4245 πάντα
2779 4190 3095 4263 ἐζημιώθην
3113 4232 3127 4255 ,
3158 4194 3251 4246 καὶ
3274 4177 3512 4264 ἡγοῦμαι
3546 4182 3683 4247 σκῦ-

2102 4278 2240 4337 6αλα
2260 4276 2417 4345 εἶναι,
2447 4280 2532 4333 ἵνα
2554 4281 2785 4351 Χριστὸν
2809 4281 3076 4352 κερδήσω.
3091 4301 3108 4334 ι
3142 4283 3207 4336 Τί
3228 4283 3287 4336 δὲ
3314 4283 3489 4337 καὶτὸ
3510 4284 3692 4355 ὑπερ-ο

2101 4368 2223 4441 ἐχον
2267 4369 2370 4441 τῆς
2395 4370 2650 4438 γνώσεως
2696 4371 2867 4441 Ἰησοῦ
2885 4371 3148 4444 Χριστοῦς
3182 4373 3279 4427 Διὰ
3310 4373 3363 4427 τί
3395 4373 3566 4444 ζημία
3587 4374 3685 4427 καὶ

2105 4459 2351 4514 σκύϐαλα
2365 4461 2423 4513 ὲν
2438 4460 2616 4531 νόμῳς
2641 4462 2829 4515 Καίτοι
2854 4461 2986 4515 Θεὸν
3011 4461 3101 4515 τὸν
3123 4461 3286 4531 φύσει
3311 4463 3405 4516 καὶ
3432 4462 3685 4533 ἀληθινὸν

422 4561 597 4608 torum
626 4560 680 4607 et
732 4551 1142 4623 quisquiliarum
1180 4550 1295 4606 loco
1329 4550 1522 4606 duxit?
1571 4549 1741 4604 Porro
1771 4551 1855 4604 lex
1888 4548 1993 4603 Mo-

2108 4552 2136 4605 ό
2166 4551 2253 4605 διὰ
2279 4550 2526 4614 Μωσέως
2558 4549 2720 4621 νόμος
2740 4552 2851 4614 τοῖς
2871 4551 3247 4623 ἀρχαιοτέροις
3272 4552 3566 4622 ἐκήρυττεν
3586 4565 3603 4581 ·
3635 4553 3687 4603 οι

420 4643 566 4697 saica
612 4642 806 4711 priscis
869 4642 974 4697 illis
1018 4641 1325 4697 hominibus
1378 4657 1565 4696 verum
1597 4641 2004 4711 naturalemque

423 4731 591 4787 Deum
648 4733 1055 4803 praedicarerit,
1108 4748 1258 4788 nova;
1315 4745 1495 4788 autem
1545 4733 1680 4803 legis
1744 4732 1995 4789 doctores

425 4822 611 4879 desum
636 4823 911 4879 Christum
953 4841 1097 4880 nunc
1130 4825 1439 4881 hominibus
1481 4826 1827 4880 annuntiant.
1859 4825 2003 4883 Sane

425 4915 470 4966 si
503 4922 709 4967 tantum
740 4916 1045 4971 communis
1079 4916 1357 4986 nostrique
1395 4916 1592 4971 similis
1642 4917 1804 4971 homo
1833 4928 1998 4982 esset,
2045 4900 2065 4916 ’

426 5017 547 5057 cum
600 5001 778 5058 Verbo
824 5005 966 5074 quod
1021 5021 1086 5059 ex
1156 5006 1266 5059 Deo
1326 5006 1573 5075 procedit
1663 5005 1998 5075 hypostatica

426 5095 627 5149 unione
658 5111 762 5149 non
792 5096 1133 5165 coniunctus,
1161 5105 1325 5168 atque
1352 5097 1476 5152 ideo
1512 5112 1611 5152 nec
1659 5096 1802 5152 Deus
1830 5097 2005 5152 credi-

2109 4643 2168 4697 δὲ
2188 4642 2285 4713 τῆς
2312 4641 2436 4705 νέας
2469 4642 2746 4713 Διαθήκης
2777 4644 3127 4714 μυσταγωγοὶ
3144 4643 3375 4714 Χριστὸν
3395 4643 3474 4711 τῷ
3494 4643 3695 4712 κόσμῳ

2111 4733 2566 4805 κατηγγέλκασιν.
2604 4733 2743 4787 Ἀλλ’
2784 4734 2941 4805 εἴπερ
3008 4734 3155 4787 ἐστὶν
3211 4733 3492 4804 ἄνθρωπος
3552 4733 3689 4786 καθ’

2109 4823 2276 4893 ἡμᾶς,
2323 4821 2452 4876 αὑτὸ
2500 4820 2565 4892 δὴ
2610 4820 2769 4875 τοῦτο
2812 4821 3011 4887 κοινὸς,
3051 4822 3149 4892 οὑχ
3202 4819 3392 4875 ὲνώσει
3436 4823 3501 4891 τῇ
3546 4820 3691 4894 καθ’

2108 4914 2424 4981 ὑπόστασιν,
2446 4918 2512 4987 τῇ
2531 4914 2666 4985 πρός
2685 4932 2769 4983 γε,
2792 4917 2955 4987 φημὶ,
2979 4916 3070 4969 τὸν
3096 4918 3164 4969 ὲκ
3184 4915 3318 4968 Θεοῦ
3340 4915 3532 4984 Λόγον,
3548 4910 3699 4967 εἶναι

2108 5004 2240 5069 Θεὸς
2269 5004 2726 5075 πεπιστευμένος,
2758 5006 2875 5071 πῶς
2910 5006 3161 5078 ὑπερέξει
3201 5008 3301 5079 τῆς
3342 5008 3568 5079 νομικῆς
3600 5007 3697 5060 πί-

2115 5114 2283 5162 στεως
2316 5099 2349 5169 ἡ
2379 5098 2499 5153 κατ’
2535 5097 2736 5166 αὑτόν;

426 5192 514 5242 tus
554 5202 570 5243 τ
623 5202 725 5242 non
758 5189 911 5244 video
933 5206 1037 5259 qua
1080 5190 1287 5244 ratione
1318 5188 1449 5245 fides
1475 5190 1527 5244 in
1562 5192 1757 5259 ipsum,
1784 5190 1942 5247 [idem
1985 5205 2103 5261 quae
2127 5204 2192 5245 ex
2218 5190 2335 5262 lege
2358 5200 2462 5256 est,
2488 5191 2738 5247 excellet.

797 5279 883 5334 Ea:
911 5278 1150 5351 Epistola
1183 5283 1251 5333 ad
1279 5277 1633 5335 Colossenses.

504 5389 523 5423 ι
570 5370 792 5426 Gaudeo
817 5369 1236 5443 nunc(inquit)
1273 5372 1326 5424 in
1362 5371 1706 5440 passionibus
1734 5372 1871 5429 meis
1904 5388 2002 5444 pro

2460 5282 2564 5335 Ἕκ
2602 5281 2712 5351 τῆς
2751 5282 2901 5350 πρὸς
2943 5280 3343 5346 Κολασσαεῖς.

2188 5392 2206 5423 ι
2235 5372 2351 5426 Νῦν
2382 5372 2577 5444 χαίρω,
2606 5373 2790 5444 φησὶν,
2821 5358 2879 5427 ἓν
2928 5376 3040 5435 τοῖς
3089 5371 3376 5445 παθήμασί
3416 5388 3518 5443 μου
3548 5368 3690 5442 ὑπὲρ

445 5542 451 5549 ο
498 5512 546 5546 ιι
578 5515 776 5584 Ephes.
805 5532 864 5581 ιι,
901 5515 990 5583 ιι,
1022 5514 1112 5571 is.
1188 5482 1467 5584 ".Ephes.
1498 5531 1578 5581 ιιι,
1616 5515 1803 5569 ιιι-ιι.
1858 5514 1904 5546 δε
1937 5514 1993 5568 l.‘

2095 5531 2140 5571 ιι.
2175 5530 2251 5577 ιν,
2292 5515 2376 5570 15.
2452 5514 2495 5546 ⁸⁷
2529 5510 2755 5584 Philipp.
2788 5529 2873 5580 ιιι,
2903 5511 2957 5579 7,
2981 5514 3034 5569 8.

1511 5668 1684 5725 Varia:
1721 5668 1978 5725 lectiones
2005 5669 2206 5726 codicis
2242 5666 2599 5738 Segnieriani.

507 5814 533 5854 l‘
560 5805 634 5860 al.
668 5805 868 5877 ταύτῷ.
946 5820 973 5858 ιι
996 5805 1151 5861 Θεοῦ.

1236 5816 1255 5843 τ
1291 5806 1442 5860 ἄθεα.
