4060 6416
374 408 390 461 l
406 404 512 461 249

1476 400 1564 456 DE
1606 397 1835 455 RECTA
1880 395 2031 451 FIDE
2072 397 2161 451 AD
2201 396 2521 455 REGINAS.

3503 404 3643 463 1250

379 516 554 588 ὑμῶν,
577 517 671 570 καὶ
696 514 1095 587 ἀνταναπληρῶ
1122 517 1185 570 τὰ
1206 517 1557 588 ὑστερήματα
1583 516 1691 605 τέ’ὒν
1728 515 1962 576 θλίψεων

2070 514 2243 577 vobis.
2274 525 2329 569 et
2356 514 2629 584 adimpleo
2652 529 2716 570 ea
2745 530 2864 585 quae
2888 516 3084 572 desunt
3130 520 3445 591 passionum
3481 522 3642 577 Clu-i-

379 610 474 664 τοῦ
509 607 747 681 Χριστοῦ
794 610 852 661 ὲν
896 612 962 679 τῇ
1015 606 1179 678 σαρκί
1218 627 1319 678 μου
1372 610 1511 679 ὑπὲρ
1565 608 1657 662 τοῦ
1709 608 1960 679 σώματος

380 701 571 765 αὑτοῦ,
601 701 628 753 6
655 703 802 753 ἐστιν
829 703 861 769 ἡ
903 700 1227 768 Ἐκκλησία’
1256 697 1325 772 ἧς
1354 700 1621 771 ἐγενόμην
1653 699 1763 769 ἐγὼ
1781 700 1963 754 διάκο-

379 809 468 855 νος
498 791 639 845 κατὰ
668 790 767 861 τὴν
796 792 1109 861 οἰκονομίαν
1145 791 1239 844 τοῦ
1282 791 1418 845 Θεοῦ
1449 792 1549 863 τὴν
1586 792 1834 847 δοθεῖσάν
1872 809 1960 863 μοι

376 886 459 949 είς
482 885 647 954 ὑμᾶς,
674 882 966 955 πληρῶσαι
1004 886 1096 938 τὸν
1127 885 1290 955 λόγον
1315 887 1410 939 τοῦ
1452 887 1589 940 Θεοῦ
1614 905 1626 917 ·
1661 887 1719 940 τὸ
1753 888 1962 958 μυστή-

379 997 494 1051 ριον
538 979 598 1031 τὸ
638 978 1133 1049 ἀποκεκρυμμένον
1167 979 1276 1032 ἀπὸ
1310 978 1418 1033 τῶν
1462 978 1673 1033 αἰώνων
1717 980 1810 1034 καὶ
1854 981 1963 1035 ἀπὸ

376 1069 486 1122 τῶν
514 1068 738 1138 γενεῶν,
773 1071 892 1123 νυνὶ
944 1070 1001 1123 δὲ
1054 1070 1373 1141 ἐφανερώοη
1416 1074 1529 1135 τοῖς
1564 1073 1741 1138 ἁγίοις
1772 1073 1959 1137 αὑτοῦ,

375 1155 458 1224 οἷς
482 1159 752 1231 ἠθέλησεν
789 1160 817 1212 6
858 1160 991 1224 Θεὸς
1022 1162 1288 1232 γνωρίσαι
1317 1162 1401 1226 τίς
1429 1166 1456 1217 6
1488 1163 1718 1227 πλοῦτος
1747 1165 1848 1235 τῆς
1878 1165 1963 1217 δό-

375 1251 474 1322 ξης
509 1250 604 1304 τοῦ
658 1251 958 1323 μυστηρίου
992 1252 1158 1305 αὑτοῦ
1215 1257 1273 1305 ἐν
1320 1256 1432 1316 τοῖς
1479 1254 1710 1320 ἔθνεσιν,
1739 1256 1798 1319 ὃς
1847 1257 1961 1308 ἐστι

374 1344 610 1414 Χριστὸς
642 1345 698 1397 ὲν
730 1346 883 1414 ἡμῖν,
925 1344 958 1415 ἡ
995 1346 1150 1408 ἐλπὶς
1190 1344 1291 1414 τῆς
1318 1346 1498 1417 δόξης.
1542 1347 1602 1401 ὃν
1631 1350 1794 1417 ἡμεῖς
1827 1365 1964 1402 κατ-

374 1437 735 1508 αγγέλλομεν.
766 1456 787 1490 ι
833 1437 958 1501 Πῶς
1013 1438 1320 1508 κέκρυπται
1353 1438 1414 1491 τὸ
1448 1440 1820 1511 μυστήριον,ἦ
1847 1441 1964 1505 πῶς

374 1529 524 1580 ἐστιν
549 1527 688 1590 ὅλως
717 1527 888 1596 Λόγος
918 1526 1077 1590 Θεοῦ,
1103 1532 1255 1592 ποῖος
1284 1528 1341 1582 δὲ
1367 1531 1396 1583 6
1424 1529 1653 1594 πλοῦτος
1680 1531 1782 1601 τῆς
1804 1532 1964 1601 δόξης

375 1621 585 1674 ἔνεστιν
612 1618 781 1689 αὐτῷ,
807 1618 966 1691 είπερ
999 1621 1115 1673 ἐστὶ
1143 1621 1322 1684 κοινὸς
1352 1620 1640 1693 ἄνθρωπος
1672 1623 1793 1677 καθ’
1817 1625 1965 1695 ἡμᾶς

376 1714 405 1765 6
432 1710 667 1782 Χριστός
693 1727 707 1775 ;
762 1710 898 1763 Οὐδὲ
929 1709 1037 1778 γὰρ
1066 1710 1209 1780 μέγα
1241 1713 1411 1776 ἐστὶν,
1444 1712 1561 1768 ἀλλ’
1590 1714 1711 1767 οὐδὲ
1758 1714 1966 1782 ἀξιόλο-

376 1820 473 1871 γον
504 1803 566 1855 τὸ
602 1804 925 1873 μυστήριον,
959 1805 1008 1855 εί
1051 1804 1126 1873 μὴ
1156 1804 1234 1867 ὠς
1263 1805 1382 1876 Θεῷ
1411 1806 1710 1878 προσίεμεν
1737 1807 1965 1879 τῷΧρι-

381 1894 511 1965 στῷ,
543 1894 636 1947 καὶ
672 1894 956 1964 συνίεμεν,
989 1894 1070 1948 ὅτι
1099 1895 1230 1959 Θεὸς
1255 1897 1331 1949 ὢν
1359 1897 1387 1948 6
1416 1897 1608 1967 Λόγος,
1640 1899 1735 1953 καὶ
1772 1902 1829 1953 ἐν
1859 1901 1966 1953 ἰσό-

377 2004 502 2057 τητι
532 1987 627 2039 καὶ
660 1988 842 2057 μορφῇ
883 1985 978 2039 τοῦ
1009 1987 1249 2060 Πατρὸς,
1279 1988 1520 2059 καθῆκεν
1545 1990 1737 2044 ἑαυτὸν
1768 1994 1849 2055 εἰς
1874 1992 1966 2045 κέ-

378 2095 570 2142 νωσιν,
602 2078 895 2148 γενόμενος
941 2077 1249 2153 ἄνθρωπος,
1300 2081 1396 2133 καὶ
1449 2081 1779 2154 μεμενηκὼς
1829 2085 1965 2156 ὅπερ

378 2166 485 2241 ἦν’
539 2169 795 2223 πλούσιον
844 2169 951 2241 γὰρ
984 2170 1125 2223 οὕτω
1168 2172 1266 2226 καὶ
1308 2172 1435 2246 δόξῃ
1475 2172 1643 2245 πολλῇ
1676 2176 1875 2228 νοεῖται
1905 2175 1967 2229 τὸ

383 2262 685 2331 μυστήριον
698 2304 711 2318 .

461 2453 479 2485 ι
503 2435 591 2500 Ὠς
615 2431 710 2490 οῦν
743 2438 1080 2508 παρελάϐετε
1110 2439 1202 2493 τὸν
1242 2441 1477 2511 Χριστὸν
1510 2441 1719 2514 Ἰησοῦν
1761 2443 1968 2515 Κύριον

381 2526 561 2598 ήμῶν,
591 2530 650 2581 ὲν
672 2528 822 2599 αὑτῷ
848 2533 1220 2602 περιπατεῖτε,
1249 2533 1606 2604 ἐρριζωμένοι
1634 2536 1726 2588 καὶ
1754 2537 1971 2589 ἐποικο-

380 2618 709 2690 δομούμενοι
759 2622 817 2673 ὲν
871 2621 1040 2693 αὐτῷ,
1074 2622 1168 2676 καὶ
1203 2622 1581 2695 βεϐαιούμενοι
1616 2628 1675 2679 ὲν
1705 2626 1905 2681 πίστει.
1944 2647 1964 2680 ι

382 2710 508 2774 Πῶς
540 2708 635 2765 οῦν
665 2712 1047 2785 παρελάϐομεν
1089 2715 1182 2767 τὸν
1207 2716 1468 2785 Χριστὸν,
1506 2717 1706 2785 διδάξει
1736 2719 1907 2789 λέγων
1943 2721 1970 2776 6

383 2801 548 2869 σοφὸς
587 2802 843 2874 Ἰωάννης
862 2820 876 2834 ·
916 2822 934 2856 ι
963 2806 1072 2857 Καὶ
1096 2806 1124 2859 6
1148 2806 1325 2874 Λόγος
1352 2807 1488 2879 σὰρξ
1516 2808 1753 2877 ἐγένετο.
1779 2830 1797 2861 ι
1820 2811 1971 2864 Ἀλλ’

379 2892 443 2943 ού
482 2892 759 2945 πέπαυται
802 2892 895 2946 τοῦ
933 2890 1072 2947 εἷναι
1099 2896 1296 2964 Λόγος,
1324 2898 1417 2952 καὶ
1465 2899 1513 2951 εὶ
1558 2899 1748 2968 γέγονε
1795 2901 1965 2973 σάρξ·

384 2984 697 3055 συνεδρεύει
728 2985 836 3058 γὰρ
867 2986 962 3040 καὶ
1000 2985 1145 3041 οὕτω
1171 2988 1249 3059 τῷ
1272 2988 1392 3060 ίδίῳ
1416 2991 1611 3066 Πατρὶ,
1651 2993 1744 3046 καὶ
1766 2993 1971 3064 Κύρος

381 3076 483 3149 τῆς
510 3076 633 3149 δόξῃ
641 3096 667 3143 ς
692 3080 719 3132 6
751 3081 1167 3152 ἐσταυρωμένος
1192 3080 1526 3151 ὠνόμασται.

456 3353 481 3387 ι
519 3340 596 3414 Τῇ
631 3344 907 3414 προσευχῇ
946 3348 1426 3415 προσκαρτερεῖτε,
1472 3346 1877 3419 γρηγοροῦντες
1912 3351 1971 3404 ἐν

385 3434 524 3505 αὐτῇ
565 3436 623 3487 ὲν
672 3434 1033 3506 εὐχαριστίᾳ’
1084 3437 1512 3508 προσευχόμενοι
1547 3438 1665 3509 ἄμα
1701 3440 1796 3495 καὶ
1844 3443 1975 3514 περ)⁸

386 3526 565 3595 ἡμῶν,
596 3527 682 3580 ἴνα
705 3528 733 3580 6
762 3527 894 3591 Θεὸς
924 3529 1110 3601 ἀνοίξῃ
1150 3532 1280 3602 ἡμῖν
1315 3531 1487 3603 θύραν
1517 3531 1613 3586 τοῦ
1647 3532 1832 3602 λόγου,
1874 3533 1972 3587 λα·-

386 3616 550 3687 λῆσαι
590 3619 651 3672 τὸ
684 3621 984 3692 μυστήριον
1015 3622 1109 3675 τοῦ
1143 3622 1301 3689 Θεοῦ,
1330 3624 1398 3678 δι’
1420 3623 1448 3677 6
1478 3625 1572 3679 καὶ
1599 3624 1853 3695 δέδεμαι*
1888 3625 1978 3682 ἵνα

390 3709 693 3780 φανεριῢσω
730 3712 881 3776 αὐτὸ,
927 3714 1001 3777 ὡς
1033 3714 1116 3767 δεῖ
1157 3731 1226 3785 με
1253 3715 1506 3787 λαλῆσαι.
1532 3735 1549 3767 ι
1586 3718 1649 3771 Εἰ
1682 3719 1757 3789 μὴ
1785 3718 1916 3781 Θεὸς
1949 3721 1978 3772 6

388 3801 644 3872 Χριστὸς,
674 3803 958 3872 ἄνθρωπος
987 3805 1045 3859 δὲ
1084 3806 1205 3877 θείᾳ
1234 3807 1417 3877 χάριτι
1444 3810 1840 3881 τετιμημένος,
1882 3812 1975 3864 ού-

388 3892 478 3946 δὲν
527 3891 640 3963 ἔχει
694 3893 830 3964 βαθὺ
874 3894 936 3947 τὸ
978 3897 1067 3949 ἐπ’
1106 3896 1257 3967 αὐτῷ
1314 3899 1612 3970 μυστήριον
1639 3916 1653 3930 ⁸
1688 3901 1850 3964 ποίας
1883 3897 1978 3957 οὖν

391 3984 561 4037 ἐδεῖτο
595 3984 768 4056 θύρας
806 3989 886 4051 εἰς
914 3986 975 4040 τὸ
1007 3988 1256 4057 φανερῶς
1281 3996 1304 4025 ³
1334 3988 1467 4042 αὐτὸ
1509 3990 1605 4043 καὶ
1646 3989 1829 4056 καθὼς
1869 3993 1976 4047 ἔδει

395 4077 425 4131 λ
462 4075 661 4146 λῆσαι;
692 4078 851 4146 Μέγα
882 4077 991 4148 γὰρ
1018 4078 1173 4131 οὐδὲν
1199 4077 1231 4147 ἢ
1255 4078 1492 4148 χαλεπὸν
1525 4079 1585 4132 τὸ
1615 4082 1745 4153 περὶ
1770 4082 1979 4155 ἀνθρώ-

392 4184 499 4220 που
535 4167 737 4237 λέγειν,
765 4169 840 4233 ὡς
870 4171 954 4240 εἴη
986 4169 1127 4222 κατὰ
1167 4168 1330 4238 φύσιν
1361 4169 1668 4242 ἄνθρωπος.
1696 4174 1759 4226 Ei
1792 4174 1848 4227 δὲ
1887 4174 1980 4229 ἄν·

394 4258 614 4329 θρωπος
649 4260 889 4329 γεγονὼς
914 4261 941 4313 6
967 4262 1030 4313 ἐκ
1068 4260 1202 4314 Θεοῦ
1229 4262 1556 4335 κηρύττεται
1580 4264 1752 4333 Λόγος
1780 4306 1794 4329 ,
1821 4268 1982 4338 χρεία

404 4350 470 4421 δὴ
504 4353 723 4415 πάντως
754 4353 914 4417 θεοῦ,
944 4352 1038 4407 τοῦ
1068 4355 1165 4407 καὶ
1191 4353 1361 4423 θύραν
1408 4356 1736 4425 ἀνοίγοντος,
1770 4360 1867 4412 καὶ
1899 4359 1980 4412 δι-

394 4440 577 4506 δόντος
619 4443 847 4515 λαλῆσαι
876 4444 938 4498 τὸ
967 4446 1288 4516 μυστήριον,
1323 4446 1445 4500 καθ’
1474 4446 1533 4501 ὃν
1562 4436 1829 4521 προσήκει
1856 4453 1981 4524 τρό-

397 4548 521 4586 πον.

787 4753 891 4807 Ἐκ
931 4753 1040 4823 τῆς
1082 4756 1231 4825 πρὸς
1272 4757 1595 4826 Ἑϐραίους.

479 4904 499 4936 ι
535 4885 709 4965 Ὅταν
750 4888 809 4941 δὲ
829 4890 1098 4963 εἰσαγάγῃ
1130 4892 1223 4946 τὸν
1274 4893 1619 4963 πρωτότοκον
1653 4898 1732 4962 είς
1769 4899 1867 4969 τὴν
1898 4902 1985 4953 οἱ-

2064 606 2133 660 sti
2171 606 2221 660 in
2250 621 2415 663 carne
2442 622 2559 662 mea
2592 622 2690 676 pro
2719 622 2946 678 corpore
2980 610 3100 680 ejus
3124 651 3138 676 ,
3174 612 3318 681 quod
3343 623 3427 667 est
3460 611 3648 668 Eccle-

2062 697 2161 763 sia,
2198 699 2354 767 cujus
2398 697 2579 753 factus
2603 713 2719 752 sum
2757 713 2856 770 ego
2902 700 3151 755 minister
3192 701 3490 756 secundum
3535 704 3648 757 dis-

2063 792 2441 860 pensationem
2502 791 2623 857 Dei,
2662 807 2782 861 qna:
2819 792 2943 845 data
2980 803 3063 847 est
3087 793 3217 847 mihi
3271 793 3324 846 in
3373 793 3548 860 vobis,
3592 802 3650 848 ut

2065 883 2315 951 impleam
2347 885 2568 937 verbum
2605 883 2736 949 Dei;
2794 885 3110 952 mysterium
3160 884 3303 954 quod
3354 884 3649 940 abscondi-

2064 980 2179 1027 tum
2207 973 2371 1031 l‘uiLa
2408 975 2622 1030 sarculis
2652 984 2706 1029 ct
2748 974 3224 1045 generationibus,
3272 992 3415 1031 nunc
3466 987 3647 1031 autem

2067 1064 2473 1119 titanifestatum
2507 1077 2590 1120 est
2628 1068 2833 1121 sanctis
2879 1065 3016 1135 ejus,
3050 1067 3247 1136 quibus
3295 1068 3465 1122 voluit
3506 1068 3651 1123 Deus

2065 1166 2221 1211 notas
2247 1156 2431 1212 facere
2452 1158 2674 1213 divitias
2700 1158 2886 1229 glorise
2934 1160 3266 1214 sacramenti
3318 1160 3480 1229 hujus
3527 1177 3653 1229 gen-

2066 1249 2229 1315 tibus,
2279 1250 2422 1319 quod
2470 1260 2554 1304 est
2601 1248 2854 1304 Christus
2912 1250 2964 1303 in
3010 1251 3163 1304 nobis
3198 1291 3214 1317 ,
3267 1267 3391 1320 spes
3444 1253 3651 1319 glorise,

2064 1353 2225 1409 quem
2262 1355 2362 1395 nos
2393 1340 2782 1396 anuuntiamus
2812 1341 2878 1395 ⁸⁸.
2915 1361 2933 1392 ι
2972 1341 3254 1407 Quomodo
3300 1343 3543 1396 abditum
3573 1354 3656 1397 est

2066 1432 2407 1501 mysterium,
2458 1442 2551 1485 aut
2599 1432 2692 1486 Dei
2739 1448 2965 1501 prorsus
2998 1430 3234 1487 Verbum
3278 1441 3382 1497 est,
3432 1442 3528 1487 aut
3561 1450 3657 1486 cu-

2060 1521 2299 1593 jusmodi
2323 1525 2558 1579 tandem
2590 1525 2777 1595 gloria:
2805 1539 2938 1593 opes
2972 1533 3267 1593 suppetunt
3320 1525 3568 1591 Christo,
3608 1527 3652 1580 si

2067 1614 2283 1682 quidem
2336 1613 2575 1685 vulgaris
2632 1623 2839 1668 tantum
2908 1615 3193 1683 nostrique
3252 1614 3447 1669 similis
3493 1616 3656 1669 homo

2067 1706 2282 1761 exsistit
2303 1705 2328 1759 ἲ
2347 1704 2534 1776 Neque
2565 1706 2710 1761 enim
2735 1704 2843 1776 72
2869 1703 3074 1775 grande
3103 1714 3199 1759 aut
3230 1705 3405 1776 magni
3426 1706 3657 1773 alicujus

2071 1798 2327 1869 ponderis
2354 1798 2673 1870 mysterium
2705 1798 2797 1853 hic
2830 1800 2986 1863 latet,
3013 1798 3059 1852 si
3084 1796 3300 1853 Christo
3335 1813 3439 1853 non
3470 1799 3653 1852 colun-

2071 1905 2251 1945 remus
2273 1900 2532 1959 tanquam
2565 1890 2694 1954 Deo,
2728 1900 2987 1959 certoque
3026 1905 3344 1960 persuasum
3393 1890 3654 1944 habemus

2067 1983 2161 2038 Dei
2187 1982 2446 2045 Verbum,
2474 1983 2615 2052 quod
2641 1982 2692 2036 in
2722 1980 2894 2035 forma
2920 1990 2976 2036 et
3005 1981 3320 2051 aqualitate
3347 1979 3526 2036 Patris
3546 1990 3651 2047 est,

2067 2076 2340 2132 hominem
2386 2075 2586 2130 factum
2636 2074 2702 2129 ad
2751 2074 3053 2129 ultroneam
3105 2073 3533 2139 exinanitiouem
3595 2087 3656 2128 se

2067 2168 2372 2236 demisisse,
2403 2182 2625 2226 manens
2676 2167 2897 2221 interim
2953 2167 3058 2221 hoc
3110 2166 3285 2235 ipsum
3332 2167 3474 2235 quod
3511 2176 3652 2222 erat.

2065 2260 2146 2315 ΛιΙ
2181 2262 2323 2316 hunc
2350 2261 2497 2315 enim
2530 2260 2747 2313 modum
2772 2259 3092 2328 mysterium
3125 2259 3229 2313 hoc
3258 2269 3539 2328 acceptum
3568 2259 3657 2313 in-

2067 2363 2255 2424 gentes
2281 2352 2701 2423 magniﬁcentim
2735 2360 2787 2405 et
2816 2350 3002 2421 gloriae
3031 2350 3251 2405 divitias
3282 2350 3458 2405 oll'ert.

2146 2465 2164 2497 ι
2204 2445 2360 2500 Sicut
2409 2460 2537 2515 ergo
2577 2443 2870 2512 accepistis
2912 2442 3097 2496 Jesum
3146 2443 3422 2497 Christum
3472 2443 3656 2498 Domi—

2071 2552 2199 2590 num
2232 2548 2501 2602 nostrum,
2532 2535 2584 2588 in
2610 2535 2729 2605 ipso
2759 2532 3033 2587 ambulate
3059 2573 3074 2597 ,
3109 2533 3334 2587 radicati
3375 2542 3432 2588 et
3463 2549 3658 2604 super-

2070 2628 2320 2683 andilicati
2349 2628 2402 2682 in
2431 2627 2569 2697 ipso,
2599 2636 2653 2681 et
2689 2607 2996 2680 conﬁrmati
3025 2624 3078 2678 in
3102 2625 3206 2681 nde
3230 2626 3297 2681 ⁵⁸.
3335 2643 3353 2678 ι
3381 2626 3662 2693 Quomodo

2072 2738 2172 2777 nos
2233 2710 2510 2776 Christum
2583 2718 3020 2787 susceperimus,
3077 2717 3129 2771 id
3204 2732 3361 2772 sacer
3427 2715 3661 2773 Joannes

2071 2810 2336 2883 ejusmodi
2362 2809 2609 2863 oratione
2633 2808 2872 2863 breviter
2904 2804 3137 2873 explicat
3171 2822 3184 2858 :
3218 2822 3237 2856 ι
3290 2805 3359 2859 Ει
3394 2803 3658 2872 Verbum,

2070 2904 2273 2973 inquit,
2302 2915 2431 2956 caro
2462 2900 2662 2954 factum
2694 2909 2781 2955 est
2802 2898 2864 2952 °°.
2903 2916 2921 2948 ι
2961 2897 3343 2951 Verumtamen
3378 2897 3505 2952 licet
3532 2912 3665 2953 caro

2071 2996 2274 3049 factum
2303 3001 2409 3055 est,
2438 3006 2534 3062 per
2562 2990 2665 3044 hoc
2701 2998 2880 3043 tamen
2925 2987 3155 3043 Verbum
3187 3003 3307 3043 esse
3342 3004 3445 3043 non
3476 2988 3659 3044 desiit.

2071 3085 2208 3139 Nam
2237 3084 2400 3138 etiam
2436 3083 2487 3136 iu
2522 3097 2587 3137 eo
2617 3088 2762 3136 statu
2809 3082 2924 3149 pari
2970 3095 3092 3133 cum
3134 3078 3295 3133 Patre
3342 3080 3664 3134 auctoritate

1998 3210 2041 3266 ο
2075 3178 2271 3248 pollet;
2318 3184 2373 3229 et
2412 3172 2502 3243 qui
2534 3173 2713 3227 crucis
2761 3170 3086 3241 supplicium
3130 3169 3370 3238 pertulit,
3400 3168 3660 3225 Dominus

2077 3269 2262 3340 gloria:
2287 3264 2613 3336 appellatur.

2154 3375 2172 3409 ι
2211 3355 2454 3412 Orationi
2491 3355 2710 3417 instate,
2740 3350 3029 3419 vigilantes
3075 3351 3126 3406 in
3166 3366 3229 3406 ea
3279 3351 3329 3406 iu
3365 3348 3665 3421 gratiarum

2080 3450 2327 3505 actione:
2359 3455 2581 3502 orantes
2614 3443 2773 3501 simul
2801 3452 2857 3500 et
2890 3459 2987 3514 pro
3017 3443 3172 3498 nobis
3196 3482 3211 3509 ,
3252 3452 3310 3496 ιιι
3355 3441 3499 3496 Deus
3536 3457 3667 3512 ape-

2080 3543 2187 3597 riat
2232 3540 2388 3594 nobis
2432 3539 2631 3597 ostium
2678 3535 2946 3590 sermonis
2993 3535 3060 3588 ad
3101 3533 3425 3603 loquendum
3464 3541 3669 3603 mystev

2080 3634 2220 3689 rium
2245 3631 2448 3689 Christi
2488 3630 2737 3699 (prOpter
2768 3627 2910 3696 quod
2939 3627 3102 3680 etiam
3130 3626 3346 3680 vinctus
3376 3639 3499 3678 sum
3520 3623 3561 3694 ),
3606 3632 3667 3679 ut

2082 3725 2425 3783 manifestem
2450 3723 2580 3777 illud
2617 3723 2714 3788 ita,
2750 3729 2808 3774 ut
2832 3728 3048 3790 oportet
3078 3734 3162 3773 me
3190 3718 3334 3789 loqui
3361 3718 3430 3772 ⁸¹.
3472 3735 3491 3769 ι
3525 3715 3670 3771 Sane

2083 3818 2127 3875 si
2158 3818 2411 3874 Cbrisms
2447 3815 2590 3870 Deus
2617 3829 2722 3869 nou
2758 3821 2928 3875 esset,
2958 3812 3051 3866 sed
3089 3811 3253 3865 homo
3289 3817 3496 3863 tantum
3532 3805 3670 3862 divi-

2080 3926 2164 3966 me
2198 3909 2388 3978 gratia:
2420 3921 2652 3961 munere
2681 3905 2940 3967 donatus,
2971 3903 3291 3972 mysterium
3323 3902 3388 3954 de
3415 3901 3531 3967 ipso
3558 3913 3669 3954 non

2082 4002 2367 4058 admodum
2396 3999 2722 4069 profundum
2754 3995 2914 4049 foret.
2945 3997 3063 4061 Quo
3115 3992 3279 4062 igitur
3327 3992 3468 4046 ostio
3514 4000 3668 4060 pate-

2082 4095 2226 4150 facto
2262 4107 2396 4163 opus
2428 4100 2629 4145 eratut
2675 4088 2807 4141 illud
2856 4083 3324 4148 manifestarctur,
3358 4082 3670 4138 commode-

2081 4200 2187 4256 que
2216 4184 2298 4255 (ut
2326 4179 2627 4252 oportebat)
2660 4174 3096 4249 proponeretur?
3127 4173 3406 4244 siquidem
3445 4186 3547 4226 non
3586 4177 3671 4226 est

2082 4291 2171 4331 res
2197 4290 2410 4345 tnagua,
2444 4281 2537 4326 aut
2563 4272 2731 4325 ardua
2763 4270 2829 4322 de
2871 4268 3092 4345 homine
3132 4267 3352 4344 dicere,
3397 4264 3539 4333 quod
3576 4278 3672 4316 ua-

2086 4350 2207 4422 tura
2238 4366 2403 4422 homo
2441 4364 2530 4417 sit.
2562 4360 2618 4417 Si
2654 4371 2835 4416 autem
2868 4359 3106 4415 Verbum
3151 4358 3242 4412 Dei
3270 4358 3432 4411 homo
3464 4355 3668 4409 factum

2085 4459 2428 4531 praedicetur,
2451 4454 2563 4524 jam
2596 4453 2818 4509 omnino
2845 4466 2985 4521 opus
3016 4449 3119 4504 erit
3150 4447 3399 4520 praesidio
3434 4444 3550 4512 Dei,
3576 4445 3667 4513 qui

2010 4540 2054 4596 Ῑ)
2086 4552 2286 4607 ostium
2334 4555 2581 4613 reseret,
2630 4544 3155 4610 convenientemque
3216 4538 3458 4610 mysterii
3510 4537 3671 4606 hujus

2089 4642 2509 4715 explicationem
2540 4639 2828 4710 largiatur.

2489 4773 2577 4828 Ea:
2603 4771 2847 4841 Epistula
2881 4771 2949 4825 ad
2979 4769 3254 4824 Πρω-(εστ.

2174 4932 2192 4966 ι
2231 4912 2363 4967 Cum
2398 4910 2694 4966 introducit
2728 4908 3148 4981 primogenitum
3186 4906 3238 4960 in
3272 4905 3457 4963 orbem
3491 4912 3670 4967 terrm.

400 4980 692 5051 κουμένην,
718 4982 886 5052 λέγει·
915 4986 1025 5038 Καὶ
1052 4990 1588 5058 προσκυνησάτωσαν
1610 4993 1759 5064 αὐτῷ
1786 4997 1970 5050 πάντες

2090 5000 2223 5056 dicit
2256 4998 2614 5054 :Etadoreut
2650 4980 2774 5053 eum
2799 5013 2990 5055 omnes
3015 4997 3191 5067 angeli
3225 4996 3315 5051 Dei
3345 4996 3411 5050 ⁶².
3455 5014 3473 5048 ι
3510 4994 3678 5049 Natu-

400 5071 623 5140 ἄγγελοι
672 5073 830 5130 Θεοῦ.
866 5095 885 5129 ι
940 5078 1253 5151 Μονογενὴς
1300 5081 1443 5135 κατὰ
1473 5082 1637 5151 φύσιν
1682 5088 1711 5139 6
1752 5088 1817 5141 ὲκ
1848 5087 1986 5143 Θεοῦ

330 5182 343 5198 ε
402 5166 617 5236 Πατρὸς
664 5166 983 5238 ὠνόμασται
1017 5171 1227 5239 Λόγος,
1271 5173 1350 5225 ὅτι
1395 5175 1556 5245 μόνος
1587 5177 1652 5230 ἐκ
1695 5178 1858 5247 μόνου
1896 5197 1988 5250 γε-

400 5257 658 5327 γέννηται
700 5259 796 5313 τοῦ
843 5262 1087 5334 Πατρὸςο
1118 5264 1333 5336 εἴρηται,
1362 5265 1418 5318 δὲ
1457 5267 1551 5320 καὶ
1603 5270 1983 5340 πρωτότοκος,

403 5350 491 5402 ὅτε
521 5351 616 5403 καὶ
644 5347 895 5418 εἰσῆλθεν
924 5355 1003 5419 εἰς
1037 5355 1135 5427 τὴν
1159 5357 1487 5429 οἰκουμένην
1510 5357 1796 5431 ἄνθρωπος
1823 5378 1985 5432 γεγοο

2087 5091 2198 5146 rale
2228 5090 2318 5144 Dei
2345 5089 2524 5143 Patris
2547 5088 2783 5145 Verbum
2814 5089 3125 5159 unigenitus
3154 5086 3473 5159 appellatur,
3500 5101 3674 5157 quan-

2086 5184 2375 5253 doquidem
2410 5181 2582 5238 solum
2628 5197 2694 5236 ex
2733 5181 2847 5237 solo
2890 5180 3053 5235 Patre
3096 5180 3336 5252 genitum
3384 5187 3506 5232 est:
3560 5167 3699 5246 pri-‘

2088 5275 2342 5345 mogeuiti
2370 5282 2550 5328 autem
2572 5287 2767 5327 nomen
2795 5281 2908 5327 tum
2934 5272 3147 5327 demum
3173 5269 3431 5333 obtinuit,
3457 5267 3680 5343 quando

2086 5364 2269 5431 homo,
2311 5373 2365 5419 et
2413 5363 2599 5418 mundi
2649 5379 2775 5434 pars
2823 5361 3073 5418 effectum
3120 5359 3359 5415 in.hunc
3405 5365 3672 5414 terrarum

475 5509 522 5541 "
551 5509 805 5576 Colossa,
831 5510 1023 5569 24-28.
1102 5516 1147 5549 ³ο
1175 5515 1382 5574 Coloss.
1419 5533 1477 5583 ιι,
1506 5516 1559 5571 6.
1638 5518 1897 5586 °°‘Joau.,
1930 5538 1968 5584 l,

2070 5554 2091 5575 η.
2169 5523 2209 5553 ⁶¹
2235 5521 2444 5579 Coloss.
2474 5538 2548 5587 tv,
2571 5523 2695 5578 2-4.
2774 5522 2818 5554 "
2848 5519 3013 5576 Hebr.
3048 5534 3086 5585 ι,
3117 5519 3172 5575 6.

1485 5677 1652 5736 Variae
1687 5680 1945 5738 lectiones
1973 5683 2174 5739 codicis
2207 5682 2567 5754 Seguicriuni.

476 5816 497 5843 ³
531 5808 864 5889 φανερὼσαι.
