4060 6418
406 452 532 506 1ῗῖἐί1

1394 435 1452 493 S.
1495 435 1769 493 (εγω-ιιι
1808 434 2277 492 ALEXANDRI’NI
2318 435 2648 492 ARCIIIEP.

3540 439 3678 495 i232

402 571 588 649 orbem
644 565 944 637 ingressum
1000 574 1105 621 est.
1161 564 1548 623 Verumtamen
1606 569 1709 625 hac
1774 583 1990 640 quoque

2096 565 2217 630 νὼς,
2248 566 2342 619 καὶ
2389 563 2555 637 ρος
2584 562 2775 634 αὐτῆς.
2804 561 2949 634 Πλὴν
2984 563 3079 617 καὶ
3105 561 3249 617 οὕτω
3282 564 3673 641 προσκυνεῖται

405 662 613 713 ratione
657 672 685 710 a
753 656 959 711 sanctis
1007 658 1213 726 angelis
1273 663 1546 722 adoralnr,
1616 674 1737 713 enm
1783 660 1982 714 adora-

406 752 480 803 tio
522 750 617 802 soli
683 749 791 802 Deo
826 746 1200 815 debeatnr,et
1241 752 1308 806 ad
1367 752 1512 806 illum
1573 750 1743 806 solum
1778 750 1983 805 refera-

405 853 507 896 tur.
537 841 668 907 Quis
697 841 859 910 igitur
909 841 1188 897 Christum
1237 844 1405 898 Deum
1447 858 1567 897 esse
1615 842 1872 912 ambigat,
1928 849 1989 895 ut

403 935 565 986 etiam
596 935 646 986 in
674 932 810 986 cmlo
841 933 1143 987 adoretur?

474 1024 579 1095 '73
617 1043 634 1075 ι
660 1024 724 1078 Ει
747 1025 813 1078 ad
837 1024 1055 1093 angelos
1069 1025 1284 1093 quidem
1310 1025 1474 1080 dicit:
1500 1024 1599 1092 Qui
1620 1023 1746 1079 facit
1769 1023 1986 1094 angelos

406 1131 530 1167 Suos
560 1117 805 1183 spiritus,
838 1126 891 1167 et
923 1115 1203 1169 ministros
1230 1131 1357 1169 suos
1390 1115 1665 1171 ﬂammam
1711 1116 1869 1187 ignis.
1906 1116 1982 1170 Ad

411 1190 603 1258 Filium
633 1217 844 1259 autem:
879 1204 1127 1260 Thronns
1158 1218 1299 1272 tuus,
1323 1206 1480 1271 Deus,
1513 1210 1563 1261 in
1599 1208 1854 1262 saeculum
1887 1223 1988 1262 sa:-

406 1298 534 1349 euli.
558 1294 833 1366 Et:Virga
859 1297 1128 1365 aequitatis
1156 1299 1302 1368 virga
1335 1301 1481 1369 regni
1511 1298 1866 1353 tui.Di|existi
1896 1297 1987 1368 ju-

406 1390 627 1453 stitiam,
686 1398 740 1442 et
781 1388 939 1442 odisti
985 1388 1365 1457 iniquitatem:
1400 1403 1683 1460 propterea
1723 1393 1880 1446 unxit
1936 1403 1987 1446 te

414 1483 575 1546 Dens,
609 1481 748 1534 Dens
776 1491 915 1544 tuus,
954 1479 1074 1535 oleo
1096 1481 1472 1537 exsultationis
1504 1498 1611 1553 prae
1631 1484 1986 1553 participibus

410 1575 603 1647 tuis".
646 1594 665 1627 ι
729 1572 784 1627 Si
846 1573 1162 1642 angelorum
1195 1575 1440 1627 conditor
1474 1582 1590 1639 est,
1641 1575 1685 1628 si
1728 1575 1986 1629 thronum

407 1664 616 1719 obtinet
650 1665 1064 1732 sempiternum,
1091 1664 1360 1731 justitiam
1396 1666 1608 1731 dilexit,
1641 1678 1697 1720 et
1727 1666 1987 1735 iniquita-

411 1768 516 1809 tem
552 1757 677 1809 odio
710 1756 918 1817 habuit,
952 1770 1124 1824 eaque
1155 1757 1218 1810 de
1249 1771 1412 1811 causa
1442 1758 1820 1813 exsultationis
1868 1757 1988 1812 oleo

408 1864 437 1900 a
472 1848 577 1901 Deo
611 1846 769 1902 Patre
800 1849 1050 1903 inunctns
1082 1849 1185 1902 fuit
1216 1867 1230 1904 :
1264 1850 1391 1918 quid
1426 1859 1666 1904 statuere
1702 1860 1796 1904 aut
1839 1848 1987 1918 cogi-

2094 659 2243 732 παρά
2282 658 2389 711 τῶν
2417 658 2590 726 άγίων
2626 654 2893 725 ἀγγέλων,
2919 657 3281 726 ἀνακειμένου
3308 672 3368 708 τε
3412 653 3506 707 καὶ
3542 655 3679 724 πρέ-

2093 770 2287 816 ποντος
2333 751 2479 822 μόνῳ
2528 749 2647 820 Θεῷ
2676 747 2770 802 τοῦ
2803 748 2898 802 καὶ
2929 747 3354 820 προσκυνεῖσθαι
3384 748 3515 800 δεῖν.
3550 746 3676 811 Πῶς

2090 840 2182 899 οὖν
2211 844 2272 897 οὐ
2299 842 2430 906 Θεὸς
2460 844 2488 896 6
2519 839 2775 912 Χριστὸς,
2802 840 2831 893 6
2862 838 2958 894 καὶ
2989 840 3047 894 ὲν
3081 838 3298 912 οὐρανῷ
3328 838 3677 911 προσκυνού-

2095 953 2255 1008 μενος
2278 953 2293 1002 ;

2170 1046 2189 1080 ι
2222 1026 2335 1079 Καὶ
2358 1025 2492 1097 πρὸς
2516 1024 2615 1095 μὲν
2654 1022 2780 1085 τοὺς
2799 1021 3065 1091 ἀγγέλους
3083 1021 3254 1089 λέγει·
3287 1020 3346 1075 '0
3366 1020 3534 1075 ποιῶν
3556 1022 3682 1085 τοὺς

2092 1113 2356 1182 ἀγγέλους
2382 1112 2547 1164 αὑτοῦ
2571 1111 2875 1182 πνεύματα,
2904 1111 3139 1174 καὶτοὺς
3155 1110 3500 1181 λειτουργοὺς
3515 1108 3681 1164 αὐτοῦ

2094 1204 2264 1274 πυρὸς
2277 1203 2469 1271 φλόγα.
2490 1202 2629 1274 Πρὸς
2645 1202 2701 1255 δὲ
2725 1201 2812 1254 τὸν
2826 1202 2972 1254 Υἱόνο
2989 1202 3046 1254 Ὀ
3060 1201 3246 1272 θρόνος
3265 1203 3415 1268 σου,ὁ
3435 1203 3586 1267 Θεὸς,
3601 1206 3684 1268 εἰς

2092 1296 2182 1351 τὸν
2207 1296 2378 1348 αἰῶνα
2410 1294 2504 1347 τοῦ
2545 1293 2760 1357 αἰῶνος.
2794 1293 2923 1347 Καί·
2960 1294 3024 1346 Ἠ
3043 1293 3237 1363 ῥάϐδος
3261 1297 3357 1366 τῆς
3385 1295 3680 1366 εύθύτητὸς

2095 1404 2188 1440 σου
2231 1386 2424 1457 ῥάϐδος
2450 1384 2550 1455 τῆς
2597 1384 2875 1455 βασιλείας
2903 1400 3018 1436 σου.
3056 1385 3371 1457 Ἠγάπησας
3400 1386 3681 1441 δικαιοσύ-

2093 1493 2212 1545 νην,
2241 1474 2335 1527 καὶ
2352 1473 2621 1543 ἐμίσησας
2634 1472 2848 1525 ἀδικίαν
2866 1472 2881 1507 ί
2896 1490 2907 1502 ι
2928 1471 3018 1524 διὰ
3033 1472 3193 1525 τοῦτο
3207 1472 3393 1544 ἔχρισε
3408 1491 3466 1526 σε
3482 1476 3509 1527 6
3522 1474 3677 1538 Θεὸς.

2092 1566 2119 1617 6
2143 1564 2272 1628 Θεός
2305 1580 2422 1625 σου,
2460 1563 2639 1616 ἔλαιον
2670 1561 3043 1631 ἀγαλλιάσεως
3083 1562 3233 1633 παρὰ
3265 1563 3392 1627 τοὺς
3420 1564 3682 1635 μετόχους

2097 1677 2211 1713 σου.
2240 1678 2257 1711 ι
2294 1659 2357 1712 Εἰ
2400 1654 2631 1729 ποιητὴς
2663 1658 2910 1726 ἀγγέλων
2944 1659 3094 1711 ἐστὶν
3126 1659 3155 1711 6
3189 1659 3378 1730 θρόνον
3409 1659 3551 1730 ἔχων
3596 1662 3680 1725 εἰς

2092 1753 2183 1805 τὸν
2208 1750 2382 1807 αἰῶνα
2405 1749 2500 1804 τοῦ
2528 1749 2745 1815 αἰῶνος,
2778 1750 3072 1819 ἀγαπήσας
3099 1766 3159 1802 τε
3185 1749 3557 1821 δικαιοσύνην,
3584 1747 3681 1804 καὶ

2097 1841 2421 1913 μεμισηκὼς
2450 1841 2664 1894 ἀδικίαν
2684 1847 2735 1905 ’⁸,
2771 1840 2867 1893 καὶ
2897 1839 2986 1893 διά
3016 1840 3174 1893 τοῦτο
3203 1840 3487 1911 κεχρῐσθαι
3520 1841 3678 1911 λεγό-

410 1950 523 1992 tare
555 1955 649 1993 nos
674 1955 771 2009 par
792 1949 893 2004 est,
921 1943 1045 1995 dum
1072 1941 1123 1995 in
1154 1940 1419 2007 ejusmodi
1449 1941 1515 1996 de
1541 1941 1655 2010 ipso
1686 1942 1987 1996 sententias

2096 1951 2252 2004 μενος
2276 1933 2354 2004 τῷ
2383 1931 2550 2002 ἐλαίῳ
2577 1931 2676 2000 τῆς
2705 1930 3081 2000 ἀγαλλιάσεως
3112 1932 3265 2001 παρά
3291 1930 3385 1984 τοῦ
3416 1930 3551 1985 Θεοῦ
3586 1932 3680 1985 καὶ

411 2031 800 2087 inciderimus?
844 2030 977 2085 Nam
1030 2031 1075 2086 si
1116 2031 1370 2087 ctelestes
1419 2032 1645 2100 spiritus
1690 2047 1817 2086 suos
1861 2031 1991 2085 facit

410 2123 708 2187 ministros,
747 2123 1113 2192 thronumque
1154 2123 1397 2191 possidet
1445 2120 1684 2189 deitatis,
1721 2123 1992 2194 quomodo

412 2214 532 2268 oleo
562 2214 947 2268 exsultationis
978 2213 1248 2268 delibutus
1289 2214 1600 2268 asseritur?
1639 2214 1781 2269 Sane
1827 2229 1994 2284 ange—

2094 2028 2338 2098 Πατρός·
2373 2025 2426 2077 τί
2454 2025 2518 2096 δὴ
2544 2025 2651 2096 ἄρα
2692 2025 2870 2096 φαμὲν
2913 2026 2992 2088 είς
3027 2024 3234 2088 ἐννοίας
3266 2014 3553 2097 ἐρχόμενοι
3580 2025 3680 2089 τάς

2092 2118 2180 2170 ἐπ’
2207 2116 2389 2188 αὒτῷς
2425 2116 2489 2169 Εἰ
2520 2116 2629 2188 γάρ
2658 2119 2805 2169 ποιεῖ
2840 2118 2967 2180 τοὺς
2996 2115 3263 2186 ἀγγέλους
3293 2115 3461 2169 αὑτοῦ
3512 2116 3677 2169 πνεύ-

2096 2227 2263 2281 ματα,
2291 2210 2383 2261 καὶ
2414 2207 2603 2278 θρόνον
2631 2207 2743 2278 ἔχει
2770 2207 3045 2279 θεότητος,
3085 2208 3207 2261 τίνα
3234 2208 3435 2278 τρόπον
3461 2208 3677 2279 χρίεται

412 2307 492 2361 los
517 2314 668 2361 creat
696 2316 749 2359 ut
779 2307 939 2372 Deus,
968 2306 1245 2376 inungitur
1267 2315 1445 2361 autem
1478 2315 1536 2362 ut
1578 2307 1738 2361 homo
1758 2348 1773 2374 ,
1831 2308 1903 2361 ita
1935 2317 1990 2362 ut

2096 2298 2171 2368 τῷ
2216 2296 2380 2367 ἐλαίῳ
2425 2298 2523 2367 τῆς
2555 2295 2962 2365 ἀγαλλιάσεωςς
2994 2297 3205 2351 Οὐκοῦν
3248 2296 3423 2362 κτίζει
3471 2298 3571 2367 μὲν
3602 2297 3681 2359 ὡς

413 2401 525 2468 ipsa
559 2399 741 2452 unctio
786 2415 889 2452 non
925 2399 990 2451 ad
1039 2398 1274 2452 divinam
1323 2384 1595 2464 naturain,
1630 2399 1723 2454 sed
1773 2398 1840 2453 ad
1872 2399 1991 2452 dis-

411 2491 743 2558 pensationis
804 2489 1127 2558 sapientiam
1159 2489 1344 2559 procul
1378 2492 1541 2544 dubio
1574 2490 1863 2546 referatur.
1894 2491 1992 2546 Est

414 2582 597 2649 itaque
636 2579 889 2633 Christus
926 2578 1089 2643 Deus,
1130 2589 1183 2633 ct
1218 2581 1420 2635 homo:
1458 2580 1599 2636 Dens
1640 2583 1857 2651 quidem
1902 2598 1996 2637 na-

414 2682 556 2735 tura,
581 2670 744 2725 homo
771 2684 895 2724 vero
921 2672 1087 2723 nostri
1114 2669 1309 2725 similis
1335 2672 1748 2741 dispensatorie,
1776 2673 1994 2743 quando

414 2762 673 2814 nimirum
723 2759 1020 2816 secundum
1052 2775 1273 2815 carnem
1310 2775 1378 2815 ex
1426 2762 1651 2816 muliere
1698 2770 1855 2819 natus
1888 2772 1994 2819 est.

491 2961 510 2995 ι
552 2943 764 3007 Videte,
800 2940 1019 3003 fratres,
1052 2954 1118 2993 ne
1149 2938 1284 2993 forte
1315 2940 1424 2994 sint
1457 2939 1508 2993 in
1544 2939 1726 3010 aliquo
1756 2951 1995 2996 vestrum

414 3050 507 3090 cor
531 3033 728 3087 nmium
763 3032 1153 3087 incredulitatis
1180 3032 1487 3086 discedendi
1526 3048 1554 3086 a
1597 3035 1701 3086 Deo
1724 3035 1847 3087 vivo
1873 3032 1943 3085 “.
1972 3052 1990 3085 ι

417 3127 473 3181 Si
505 3126 775 3181 Christum
804 3123 1155 3193 abnegaittes,
1188 3140 1216 3177 a
1261 3124 1368 3179 Deo
1397 3124 1521 3178 vivo
1555 3134 1609 3179 et
1639 3140 1769 3179 vero
1814 3124 1997 3179 desci-

414 3218 652 3282 scimus;
682 3216 736 3269 in
778 3214 883 3268 fide
913 3229 1039 3268 vero
1072 3230 1190 3283 quae
1220 3214 1269 3268 in
1301 3215 1476 3285 ipsum
1502 3225 1584 3269 est
1607 3216 1988 3285 persistentes,

413 3306 731 3360 defectionis
793 3304 1022 3359 crimine
1080 3304 1389 3361 nullatenus
1435 3304 1736 3375 obligamur
1793 3324 1807 3361 :
1856 3322 1993 3377 quo-

417 3398 575 3449 modo
607 3393 858 3447 Christus
880 3409 992 3448 non
1020 3403 1101 3446 est
1131 3393 1274 3448 Deus
1298 3394 1321 3448 Ἰ

389 3474 401 3485 ’
493 3503 511 3536 ι
548 3485 602 3538 Si
627 3485 769 3539 enim
806 3484 1027 3553 sanguis
1061 3484 1333 3536 hircorum
1361 3492 1417 3536 et
1448 3491 1747 3549 taurorum,
1776 3491 1831 3539 et
1851 3483 1992 3540 cinis

413 3577 596 3631 vitula:
632 3590 903 3643 aspersus,
936 3575 1241 3643 inquinatos
1286 3573 1590 3629 sanctificat
1633 3574 1700 3629 ad
1729 3576 1992 3630 emunda-

417 3673 617 3726 tionem
650 3669 871 3723 carnis:
917 3679 1121 3737 quanto
1168 3666 1337 3736 magis
1378 3667 1598 3735 sanguis
1632 3666 1864 3735 Christi,
1900 3667 1991 3733 qui

417 3777 514 3833 per
545 3761 810 3830 Spiritum
835 3767 1080 3813 sanctum
1110 3760 1458 3827 semetipsum
1496 3758 1693 3812 obtulit
1727 3757 1993 3813 immacu-

412 3838 581 3906 latum
634 3851 778 3916 Deo,
829 3849 1142 3902 cmundabit
1200 3849 1588 3903 conscientiam
1639 3857 1878 3903 nostram
1925 3848 1993 3903 ab

416 3945 670 4015 operibus
702 3943 952 4009 mortuis,
991 3942 1057 3995 ad
1104 3943 1445 3997 serviendum
1477 3941 1585 3997 Deo
1616 3940 1816 3996 viventi
1838 3940 1883 3973 "
1910 3940 1934 3994 ἲ
1968 3958 1987 3992 ο

414 4036 473 4093 Si
501 4035 750 4090 Christus
778 4050 935 4088 verus
963 4032 1107 4087 Deus
1130 4048 1233 4086 non
1266 4042 1370 4097 est,
1404 4048 1589 4101 quam,
1617 4048 1821 4101 quaeso,
1854 4032 1992 4086 utili-

418 4140 580 4184 tatem
624 4128 765 4181 illius
795 4127 1012 4195 sanguis
1045 4125 1197 4179 nobis
1227 4124 1423 4194 poterit
1450 4124 1686 4180 afferre?
1721 4125 1827 4178 Aut
1854 4138 1992 4193 quo-

417 4221 576 4275 modo
604 4218 964 4274 conscientias
1000 4227 1213 4271 nostras
1256 4217 1323 4271 ab
1350 4218 1604 4286 operibus
1640 4214 1867 4271 mortuis
1895 4230 1991 4284 po-

417 4311 543 4365 terit
571 4310 835 4380 expiare?
868 4308 1005 4376 Quid
1042 4310 1185 4362 enim
1230 4307 1468 4377 vulgaris
1500 4307 1737 4361 hominis
1770 4306 1991 4376 sanguis

419 4403 637 4458 virtutis
673 4412 765 4455 ant
795 4400 1131 4456 efﬁcacitatis
1163 4400 1345 4464 habet,
1371 4399 1512 4468 quod
1547 4413 1651 4452 non
1679 4400 1839 4451 etiam
1866 4412 1993 4451 san-

416 4496 535 4564 guis
565 4493 877 4549 hircorum?
910 4492 1042 4546 nihil
1077 4491 1320 4545 omnino.
1368 4489 1483 4545 lloc
1528 4490 1702 4544 solum
1755 4502 1991 4557 namque

2093 2390 2227 2453 Θεὸς
2276 2389 2573 2457 ἀγγέλους,
2623 2387 2836 2459 χρίεται
2870 2388 2927 2441 δὲ
2968 2389 3042 2452 ὡς
3085 2389 3410 2461 ἄνθρωπος’
3455 2390 3556 2444 οὐκ
3593 2391 3675 2454 εἰς

2093 2480 2192 2553 τὴν
2225 2481 2323 2551 τῆς
2359 2480 2611 2550 θεότητος
2643 2478 2826 2548 φύσιν,
2862 2480 2975 2533 ἀλλ’
3005 2483 3083 2545 εἰς
3130 2482 3189 2534 τὸ
3222 2482 3319 2552 τῆς
3358 2480 3671 2551 οἰκονομίας

2096 2571 2344 2642 εύτεχνὲς
2403 2569 2696 2640 ἐρχομένου
2758 2570 2852 2622 τοῦ
2899 2570 3221 2640 χρίσματος.
3264 2570 3396 2635 Θεὸς
3436 2572 3543 2643 ἄρα
3583 2569 3681 2625 καὶ

2096 2660 2381 2732 ἄνθρωπος
2410 2661 2439 2713 6
2468 2659 2702 2729 Χριστός
2723 2674 2737 2689 ο
2772 2657 2904 2721 Θεὸς
2940 2659 3039 2727 μὲν
3070 2661 3134 2730 τῇ
3170 2659 3351 2728 φύσει,
3390 2660 3678 2731 ἄνθρωπος

2095 2748 2153 2801 δὲ
2197 2747 2319 2801 καθ’
2349 2749 2496 2819 ἡμᾶς
2537 2750 2565 2801 6
2600 2748 2761 2811 αὐτὸς
2794 2747 3179 2818 οἰκονομικῶς,
3213 2751 3302 2802 ὅτε
3354 2749 3575 2818 γέγονεν
3612 2748 3678 2802 ὲκ

2096 2840 2355 2910 γυναικὸς
2381 2840 2522 2894 κατὰ
2557 2841 2755 2912 σάρκα.

2174 2950 2194 2983 ι
2222 2930 2482 2992 Βλέπετε,
2526 2930 2768 2999 ἀδελφοὶ,
2810 2930 2882 3001 μή
2916 2929 3048 2982 ποτέ
3082 2931 3229 2983 ἐστιν
3273 2929 3330 2982 έν
3371 2945 3475 2981 τινι
3523 2927 3679 2999 ὑμῶν

2098 3021 2297 3088 καρδία
2324 3020 2537 3092 πονηρά
2566 3020 2844 3087 ἀπιστίας,
2874 3021 2931 3073 ὲν
2961 3019 3038 3091 τῷ
3067 3020 3367 3091 ἀποστῆναι
3401 3018 3509 3072 ἀπὸ
3542 3017 3678 3070 Θεοῦ

2098 3113 2363 3179 ζῶντος.»
2403 3114 2465 3167 Εἰ
2515 3112 2841 3183 ἀρνούμενοι
2892 3113 2983 3165 τὸν
3035 3112 3289 3183 Χριστὸν,
3333 3108 3681 3181 ἀφιστάμεθα

2098 3204 2235 3258 Θεοῦ
2265 3204 2466 3268 ζῶντος
2493 3205 2587 3258 καὶ
2616 3203 2871 3275 ἀληθινοῦ
2892 3244 2906 3269 ,
2934 3204 3263 3273 ἐμμένοντες
3292 3201 3349 3255 δὲ
3377 3204 3444 3272 τῇ
3474 3202 3553 3264 εἰς
3580 3199 3681 3253 αὒ-

2100 3298 2190 3359 τὸν
2225 3297 2426 3362 πίστει,
2458 3297 2579 3351 κατ’
2605 3296 2797 3350 οὐδένα
2836 3297 3036 3368 τρόπον
3072 3295 3375 3367 ποιούμεθα
3402 3296 3501 3366 τὴν
3541 3295 3681 3348 ἀπο.

2103 3389 2327 3443 στασίαν
2349 3430 2363 3457 ,
2397 3388 2511 3453 πῶς
2537 3389 2597 3442 οὐ
2628 3388 2760 3450 Θεὸς
2786 3391 2813 3443 6
2839 3391 3105 3462 Χριστόςς

2178 3500 2197 3533 ι
2226 3481 2289 3534 Ei
2317 3480 2424 3552 γὰρ
2457 3482 2518 3533 τὸ
2547 3475 2686 3551 αἷμα
2721 3483 2936 3553 ταύρων
2966 3482 3062 3537 καὶ
3090 3482 3331 3557 τράγων,
3363 3484 3458 3537 καὶ
3488 3481 3684 3544 σποδὸς

2098 3571 2379 3643 δαμάλεως
2433 3570 2758 3643 ῥαντίζουσα
2805 3574 2931 3637 τοὺς
2971 3575 3398 3646 κεκοινωμένους
3466 3572 3682 3643 ἁγιάζει
3724 3562 3736 3571 ’

2101 3664 2236 3734 πρὸς
2274 3664 2370 3735 τὴν
2407 3664 2506 3733 τῆς
2537 3665 2736 3734 σαρκὸς
2770 3665 3152 3737 καθαρότητα·
3188 3668 3337 3737 πόσῳ
3374 3667 3576 3738 μᾶλλον
3617 3666 3682 3720 τὸ

2100 3751 2240 3826 αἷμα
2282 3754 2376 3808 τοῦ
2411 3755 2671 3826 Χριστοῦ,
2715 3756 2773 3819 6;
2802 3756 2890 3810 διά
2929 3759 3245 3829 Πνεύματος
3291 3758 3446 3828 ἀγιου
3486 3759 3679 3813 ἑαυτὸν

2102 3849 2476 3919 προσήνεγκεν
2516 3848 2747 3919 ἄμωμον
2785 3849 2865 3920 τῷ
2906 3836 3337 3923 Θεῷξκαθαριεί
3363 3853 3461 3924 τὴν
3493 3852 3680 3921 συνεί-

2099 3939 2256 4009 δησιν
2299 3939 2458 4010 ἡμῶν
2503 3939 2611 3993 ἀπὸ
2652 3939 2863 4012 νεκρῶν
2907 3941 3105 4012 ἔργων,
3153 3944 3234 4006 εἰς
3281 3943 3340 3996 τὸ
3387 3942 3677 4013 λατρεύειν

2099 4028 2216 4099 Θεῷ
2264 4028 2466 4096 ζῶναι-ις
2508 4048 2527 4080 ι
2555 4031 2616 4082 Ei
2663 4031 2735 4102 μὴ
2765 4030 2897 4093 Θεὸς
2932 4031 3137 4102 ἀληθής
3171 4032 3320 4086 ἐστιν
3357 4035 3386 4086 6
3421 4034 3677 4103 Χριστὸς,

2098 4116 2179 4181 τίς
2208 4119 2240 4189 ἡ
2263 4117 2444 4187 ὄνησις
2479 4119 2512 4189 ἡ
2540 4117 2627 4171 διὰ
2652 4119 2745 4171 τοῦ
2777 4120 3008 4190 αἵματος
3032 4120 3196 4175 αὑτοῦ
3219 4139 3233 4188 ;
3267 4122 3338 4175 Ἢ
3366 4121 3484 4186 πῶς
3514 4123 3679 4194 ἡμῶν

2099 4209 2351 4280 καθαριεῖ
2392 4210 2489 4279 τὴν
2524 4210 2829 4280 συνείδησιν
2878 4212 2985 4265 ἀπὸ
3011 4212 3221 4284 νεκρῶν
3265 4213 3481 4285 έργων;
3525 4208 3681 4284 Αἷμα

2098 4301 2205 4373 γὰρ
2241 4300 2529 4373 ἀνθρώπου
2558 4302 2736 4355 κοινοῦ
2769 4302 2823 4356 τί
2852 4304 2913 4357 τὸ
2939 4304 3098 4358 πλέον
3129 4304 3240 4375 ἔχει
3273 4305 3425 4377 παρά
3452 4305 3514 4358 τὸ
3538 4299 3681 4376 αἷμα

2098 4394 2205 4447 τῶν
2239 4397 2483 4467 τράγων;
2515 4394 2655 4448 Ἀλλ’
2678 4395 2830 4448 οὐδὲν
2857 4396 3014 4461 ὅλως,
3044 4397 3181 4468 πλὴν
3205 4399 3285 4451 ὅτι
3313 4400 3375 4452 τὸ
3405 4399 3504 4469 μέν
3528 4401 3681 4452 ἐστιν

2100 4486 2296 4554 ἀλόγου
2330 4485 2493 4552 ζὼου,
2524 4486 2584 4539 τὸ
2622 4486 2678 4539 δὲ
2726 4487 2968 4557 λογικοῦ.
3011 4489 3229 4560 Ἐπειδὴ
3272 4490 3330 4544 δὲ
3369 4492 3397 4543 6
3435 4492 3498 4543 ὲκ
3541 4489 3678 4543 Θεοῦ

418 4590 559 4643 inter
594 4588 737 4641 hunc
763 4596 816 4640 et
846 4586 992 4639 illum
1029 4585 1273 4651 interest,
1306 4584 1445 4652 quod
1482 4583 1568 4637 hic
1600 4583 1670 4637 sit
1699 4583 1990 4636 animantis

2099 4578 2238 4631 κατά
2272 4577 2456 4647 φύσιν,
2489 4578 2668 4649 σάρκα
2706 4578 2907 4643 λαὸὼν,
2960 4580 3155 4652 έθηκεν
3198 4580 3339 4653 ὑπὲρ
3372 4578 3589 4634 πάντων
3619 4581 3681 4635 τὸ

266 4692 273 4699 '
344 4740 347 4743 _
417 4678 582 4743 bruti,
617 4678 705 4731 ille
751 4692 879 4732 vero
920 4676 1216 4731 animantis
1260 4676 1473 4729 ratione
1522 4674 1754 4743 praediti.
1790 4672 1991 4728 Verum

415 4768 545 4837 quia
597 4767 862 4823 naturalis
902 4767 996 4821 Dei
1034 4765 1205 4821 Filius
1239 4778 1459 4845 carnem
1512 4763 1837 4834 assumpsit,
1870 4778 1997 4819 san-

417 4857 746 4924 guinemque
776 4871 949 4911 suum-
975 4870 1072 4924 pro
1102 4856 1356 4911 omnibus
1383 4853 1641 4926 profudit,
1671 4854 1874 4930 factum
1914 4863 1998 4908 est

2107 4668 2238 4723 ἴδιον
2285 4664 2462 4739 αἷμα,
2507 4670 2766 4741 ταύτῃτοι
2799 4672 2892 4725 καὶ
2924 4672 3241 4745 καθαρίζειν
3284 4673 3506 4727 δύναται
3552 4674 3682 4737 τοὺς

2103 4761 2458 4825 πιστεύοντας
2485 4763 2566 4826 είς
2600 4763 2782 4827 αὐτὸν,
2814 4766 2909 4818 καὶ
2937 4765 3148 4835 νεκρῶν
3193 4764 3369 4838 ἔργων
3398 4764 3679 4820 ἀπαλλάτ-

2103 4870 2238 4918 τειν,
2269 4853 2364 4906 καὶ
2397 4853 2696 4923 προσάγειν
2725 4857 2805 4920 εἰς
2834 4856 3090 4927 λατρείαν
3118 4855 3194 4928 τῷ
3221 4856 3359 4928 Θεῷ.

417 4949 528 5023 74
562 4960 618 5003 ιιι
647 4951 930 5007 credentes
960 4952 1012 5005 in
1048 4951 1225 5021 ipsum
1254 4950 1433 5005 valeat
1464 4950 1782 5017 emundare,
1816 4963 1993 5020 exque
2033 4950 2267 5005 mortuis
2306 4949 2561 5019 operibus
2584 4949 2839 5008 liberatos
2902 4954 3088 5009 divino
3151 4954 3317 5008 cultui
3347 4954 3678 5036 mancipare,

421 5041 636 5111 Deoque
673 5040 888 5096 oll'erre.
1842 5094 1847 5101 _

495 5152 513 5186 ι
546 5115 761 5188 lrritam
792 5134 913 5202 quis
936 5132 1142 5189 faciens
1169 5133 1343 5203 legem
1377 5132 1567 5207 Moysi,
1598 5134 1716 5190 sine
1748 5132 1857 5189 ulla
1895 5120 1996 5186 mi1

421 5224 690 5277 seratione
711 5224 918 5277 duobus
942 5222 1026 5276 vel
1053 5224 1223 5278 tribus
1240 5224 1476 5295 testibus
1510 5225 1761 5277 moritur.
1785 5223 1999 5287 Quanto

423 5314 591 5382 magis
639 5313 842 5384 putatis
877 5312 1145 5367 deteriora
1187 5314 1379 5369 mereri
1427 5314 1724 5381 supplicia,
1774 5314 1863 5379 qni
1908 5310 1999 5365 Fi-

422 5400 548 5457 lium
594 5404 686 5459 Dei
739 5403 1174 5470 conculcaverit,
1220 5410 1275 5458 et
1317 5405 1640 5473 sanguinem
1685 5403 1992 5458 testamenti

2179 5148 2198 5182 ι
2238 5129 2534 5201 Ἀθετήσας
2562 5150 2645 5196 τις
2670 5135 2836 5205 νόμον
2861 5136 3160 5211 Μωῦσέως,
3189 5139 3359 5211 χωρὶς
3383 5138 3685 5210 οἰκτιρμῶν

2103 5222 2197 5275 ἐπὶ
2230 5222 2381 5276 δυσὶν
2412 5223 2444 5295 ἦ
2479 5227 2627 5295 τρισὶ
2662 5226 2930 5296 μάρτυσιν
2972 5207 3328 5299 ἀποθνήσκει.
3371 5207 3672 5300 Πόσῳςδο-

2102 5316 2285 5379 κεῖτε,
2338 5316 2581 5387 χείρονος
2628 5316 2990 5390 ἀξιωθήσεται
3041 5321 3312 5391 τιμωρίας
3354 5323 3382 5375 6
3416 5322 3507 5374 τὸν
3557 5321 3691 5376 Υίὸν

2097 5405 2233 5459 Θεοῦ
2274 5408 2695 5478 καταπατήσας,
2738 5409 2922 5463 καὶτὸ
2955 5404 3097 5483 αἷμα
3143 5412 3245 5483 τῆς
3271 5412 3533 5485 διαθήκης
3566 5427 3686 5464 κοι-

493 5557 538 5589 ⁶³
565 5557 727 5614 llebr.
756 5573 797 5622 ι,
837 5557 892 5623 8,
919 5558 976 5614 9.
1052 5556 1286 5614 “llebr.
1324 5574 1406 5626 ni,
1439 5558 1527 5625 l2,
1604 5558 1649 5590 ⁸⁸
1681 5557 1845 5616 Hebr.
1871 5575 1945 5627 rx,
1990 5561 2076 5627 15,
2102 5559 2187 5615 14.

1504 5715 1680 5772 Varia:
1710 5717 1967 5776 lectiones
1996 5719 2195 5777 codicis
2232 5717 2584 5791 chuieriani.

502 5848 517 5882 ί
549 5846 797 5916 ἀνομίαν.
828 5822 837 5842 Α
876 5853 901 5882 ιι
941 5845 1189 5915 ἀνομίαν.
