  <div class='ocr_page' id='page_1' title='image "/cluster/home/n/w/nwhite01/storage/ocr_20150623/76:no.9/coo.31924054869775/634.png"; bbox 0 0 4060 6416; ppageno 0'>
   <div class='ocr_carea' id='block_1_1' title="bbox 287 412 429 465">
    <p class='ocr_par' dir='ltr' id='par_1_1' title="bbox 287 412 429 465">
     <span class='ocr_line' id='line_1_1' title="bbox 287 412 429 465; baseline 0 -1"><span class='ocrx_word' id='word_1_1' title='bbox 287 412 429 465; x_wconf 62' lang='lat' dir='ltr'><strong>i955</strong></span> 
     </span>
    </p>
   </div>
   <div class='ocr_carea' id='block_1_2' title="bbox 1391 407 2437 466">
    <p class='ocr_par' dir='ltr' id='par_1_2' title="bbox 1391 407 2437 466">
     <span class='ocr_line' id='line_1_2' title="bbox 1391 407 2437 466; baseline 0.001 -5"><span class='ocrx_word' id='word_1_2' title='bbox 1391 407 1477 461; x_wconf 78' lang='lat' dir='ltr'><strong>DE</strong></span> <span class='ocrx_word' id='word_1_3' title='bbox 1515 409 1744 465; x_wconf 75' lang='lat' dir='ltr'><strong>RECTA</strong></span> <span class='ocrx_word' id='word_1_4' title='bbox 1787 407 1942 465; x_wconf 82' lang='lat' dir='ltr'><strong>FIDE</strong></span> <span class='ocrx_word' id='word_1_5' title='bbox 1983 408 2073 463; x_wconf 74' lang='lat' dir='ltr'><strong>AD</strong></span> <span class='ocrx_word' id='word_1_6' title='bbox 2113 407 2437 466; x_wconf 67' lang='lat' dir='ltr'><strong>RECINAS.</strong></span> 
     </span>
    </p>
   </div>
   <div class='ocr_carea' id='block_1_3' title="bbox 3421 406 3581 462">
    <p class='ocr_par' dir='ltr' id='par_1_3' title="bbox 3421 406 3581 462">
     <span class='ocr_line' id='line_1_3' title="bbox 3421 406 3581 462; baseline -0.006 -1"><span class='ocrx_word' id='word_1_7' title='bbox 3421 406 3581 462; x_wconf 59' lang='grc' dir='ltr'><strong>ΗΒΓ</strong></span> 
     </span>
    </p>
   </div>
   <div class='ocr_carea' id='block_1_4' title="bbox 280 519 1864 602">
    <p class='ocr_par' dir='ltr' id='par_1_4' title="bbox 280 527 1864 602">
     <span class='ocr_line' id='line_1_4' title="bbox 280 527 1864 602; baseline 0.001 -21"><span class='ocrx_word' id='word_1_8' title='bbox 280 530 376 584; x_wconf 78' lang='grc' dir='ltr'><strong>νὺν</strong></span> <span class='ocrx_word' id='word_1_9' title='bbox 424 527 801 598; x_wconf 79' lang='grc' dir='ltr'>ἡγησάμενος,</span> <span class='ocrx_word' id='word_1_10' title='bbox 847 527 938 579; x_wconf 82' lang='grc' dir='ltr'><strong>καὶ</strong></span> <span class='ocrx_word' id='word_1_11' title='bbox 984 527 1044 579; x_wconf 76' lang='grc' dir='ltr'><strong>τὸ</strong></span> <span class='ocrx_word' id='word_1_12' title='bbox 1086 527 1310 598; x_wconf 79' lang='grc' dir='ltr'>Πνεῦμα</span> <span class='ocrx_word' id='word_1_13' title='bbox 1373 529 1471 598; x_wconf 87' lang='grc' dir='ltr'><strong>τῆς</strong></span> <span class='ocrx_word' id='word_1_14' title='bbox 1514 530 1736 602; x_wconf 80' lang='grc' dir='ltr'>χάριτος</span> <span class='ocrx_word' id='word_1_15' title='bbox 1779 530 1864 583; x_wconf 82' lang='grc' dir='ltr'><strong>ὲν-</strong></span> 
     </span>
    </p>
   </div>
   <div class='ocr_carea' id='block_1_5' title="bbox 1967 519 3558 602">
    <p class='ocr_par' dir='ltr' id='par_1_5' title="bbox 1975 519 3558 598">
     <span class='ocr_line' id='line_1_5' title="bbox 1975 519 3558 598; baseline -0.006 -17"><span class='ocrx_word' id='word_1_16' title='bbox 1975 527 2239 598; x_wconf 89' lang='lat' dir='ltr'><strong>pollutum</strong></span> <span class='ocrx_word' id='word_1_17' title='bbox 2269 526 2504 592; x_wconf 84' lang='lat' dir='ltr'><strong>duxerit,</strong></span> <span class='ocrx_word' id='word_1_18' title='bbox 2548 524 2733 593; x_wconf 86' lang='lat' dir='ltr'><strong>inquo</strong></span> <span class='ocrx_word' id='word_1_19' title='bbox 2761 519 3132 578; x_wconf 81' lang='lat' dir='ltr'><strong>sanctiﬁcatus</strong></span> <span class='ocrx_word' id='word_1_20' title='bbox 3172 526 3289 586; x_wconf 89' lang='grc' dir='ltr'>εει,</span> <span class='ocrx_word' id='word_1_21' title='bbox 3340 527 3397 575; x_wconf 86' lang='grc' dir='ltr'><strong>ει</strong></span> <span class='ocrx_word' id='word_1_22' title='bbox 3432 519 3558 588; x_wconf 68' lang='grc' dir='ltr'>δμια</span> 
     </span>
    </p>
   </div>
   <div class='ocr_carea' id='block_1_6' title="bbox 283 611 1868 689">
    <p class='ocr_par' dir='ltr' id='par_1_6' title="bbox 283 611 1868 689">
     <span class='ocr_line' id='line_1_6' title="bbox 283 611 1868 689; baseline 0.001 -21"><span class='ocrx_word' id='word_1_23' title='bbox 283 619 512 689; x_wconf 76' lang='grc' dir='ltr'>υϐρίσας</span> <span class='ocrx_word' id='word_1_24' title='bbox 538 621 609 680; x_wconf 68' lang='grc' dir='ltr'>ιδ’,</span> <span class='ocrx_word' id='word_1_25' title='bbox 642 620 701 670; x_wconf 75' lang='grc' dir='ltr'>ὲν</span> <span class='ocrx_word' id='word_1_26' title='bbox 719 611 775 685; x_wconf 72' lang='grc' dir='ltr'><strong>ᾧ</strong></span> <span class='ocrx_word' id='word_1_27' title='bbox 811 615 1049 687; x_wconf 69' lang='grc' dir='ltr'>ἡγιάσθη</span> <span class='ocrx_word' id='word_1_28' title='bbox 1071 635 1085 682; x_wconf 88' lang='grc'>;</span> <span class='ocrx_word' id='word_1_29' title='bbox 1111 636 1129 667; x_wconf 78' lang='grc' dir='ltr'><strong>ι</strong></span> <span class='ocrx_word' id='word_1_30' title='bbox 1174 618 1232 671; x_wconf 86' lang='lat'><strong>&#39;0</strong></span> <span class='ocrx_word' id='word_1_31' title='bbox 1258 618 1400 672; x_wconf 81' lang='grc' dir='ltr'>θεῖον</span> <span class='ocrx_word' id='word_1_32' title='bbox 1434 619 1665 689; x_wconf 77' lang='grc' dir='ltr'>ὑϐρίσας</span> <span class='ocrx_word' id='word_1_33' title='bbox 1682 620 1868 688; x_wconf 90' lang='grc' dir='ltr'>νόμον,</span> 
     </span>
    </p>
   </div>
   <div class='ocr_carea' id='block_1_7' title="bbox 284 706 1872 781">
    <p class='ocr_par' dir='ltr' id='par_1_7' title="bbox 284 706 1872 781">
     <span class='ocr_line' id='line_1_7' title="bbox 284 706 1872 781; baseline 0 -18"><span class='ocrx_word' id='word_1_34' title='bbox 284 713 453 781; x_wconf 73' lang='grc' dir='ltr'>ἣγουν</span> <span class='ocrx_word' id='word_1_35' title='bbox 498 709 791 779; x_wconf 79' lang='grc' dir='ltr'>ἀθετήσας,</span> <span class='ocrx_word' id='word_1_36' title='bbox 836 709 935 760; x_wconf 69' lang='grc' dir='ltr'><strong>οὐκ</strong></span> <span class='ocrx_word' id='word_1_37' title='bbox 985 706 1097 761; x_wconf 80' lang='grc' dir='ltr'>ἴσον</span> <span class='ocrx_word' id='word_1_38' title='bbox 1141 710 1251 778; x_wconf 77' lang='grc' dir='ltr'>ἕχει</span> <span class='ocrx_word' id='word_1_39' title='bbox 1288 710 1350 763; x_wconf 84' lang='grc' dir='ltr'>τὸ</span> <span class='ocrx_word' id='word_1_40' title='bbox 1384 710 1637 781; x_wconf 81' lang='grc' dir='ltr'>ἔγκλημα</span> <span class='ocrx_word' id='word_1_41' title='bbox 1683 710 1761 781; x_wconf 83' lang='grc' dir='ltr'>τῷ</span> <span class='ocrx_word' id='word_1_42' title='bbox 1794 713 1872 774; x_wconf 88' lang='grc' dir='ltr'>εἰς</span> 
     </span>
    </p>
   </div>
   <div class='ocr_carea' id='block_1_8' title="bbox 274 799 1872 873">
    <p class='ocr_par' dir='ltr' id='par_1_8' title="bbox 274 799 1872 873">
     <span class='ocr_line' id='line_1_8' title="bbox 274 799 1872 873; baseline -0.001 -17"><span class='ocrx_word' id='word_1_43' title='bbox 274 801 568 872; x_wconf 75' lang='grc' dir='ltr'>ἄνθρωπον</span> <span class='ocrx_word' id='word_1_44' title='bbox 594 799 965 870; x_wconf 76' lang='grc' dir='ltr'><strong>ἡμαρτηκότι,</strong></span> <span class='ocrx_word' id='word_1_45' title='bbox 994 799 1292 855; x_wconf 77' lang='grc' dir='ltr'>ἀλλά-πολὺ</span> <span class='ocrx_word' id='word_1_46' title='bbox 1316 802 1717 873; x_wconf 78' lang='grc' dir='ltr'>φορτικώτερον</span> <span class='ocrx_word' id='word_1_47' title='bbox 1734 818 1745 829; x_wconf 89' lang='grc'><strong>·</strong></span> <span class='ocrx_word' id='word_1_48' title='bbox 1776 805 1872 856; x_wconf 74' lang='grc' dir='ltr'><strong>καὶ</strong></span> 
     </span>
    </p>
   </div>
   <div class='ocr_carea' id='block_1_9' title="bbox 278 891 1872 964">
    <p class='ocr_par' dir='ltr' id='par_1_9' title="bbox 278 891 1872 964">
     <span class='ocr_line' id='line_1_9' title="bbox 278 891 1872 964; baseline 0.002 -19"><span class='ocrx_word' id='word_1_49' title='bbox 278 892 415 961; x_wconf 87' lang='grc' dir='ltr'>γοῦν</span> <span class='ocrx_word' id='word_1_50' title='bbox 446 893 475 945; x_wconf 99' lang='lat'><strong>6</strong></span> <span class='ocrx_word' id='word_1_51' title='bbox 511 891 609 963; x_wconf 77' lang='grc' dir='ltr'>μὲν</span> <span class='ocrx_word' id='word_1_52' title='bbox 646 892 809 961; x_wconf 90' lang='grc' dir='ltr'>νόμον</span> <span class='ocrx_word' id='word_1_53' title='bbox 846 892 1272 963; x_wconf 76' lang='grc' dir='ltr'>παραϐεϐηκὼς,</span> <span class='ocrx_word' id='word_1_54' title='bbox 1307 894 1413 946; x_wconf 73' lang='grc' dir='ltr'>ὑπὸ</span> <span class='ocrx_word' id='word_1_55' title='bbox 1442 894 1542 964; x_wconf 80' lang='grc' dir='ltr'>τὴν</span> <span class='ocrx_word' id='word_1_56' title='bbox 1581 894 1676 947; x_wconf 88' lang='grc' dir='ltr'><strong>τοῦ</strong></span> <span class='ocrx_word' id='word_1_57' title='bbox 1709 894 1872 948; x_wconf 81' lang='grc' dir='ltr'>θανά-</span> 
     </span>
    </p>
   </div>
   <div class='ocr_carea' id='block_1_10' title="bbox 278 982 1872 1056">
    <p class='ocr_par' dir='ltr' id='par_1_10' title="bbox 278 982 1872 1056">
     <span class='ocr_line' id='line_1_10' title="bbox 278 982 1872 1056; baseline 0 -19"><span class='ocrx_word' id='word_1_58' title='bbox 278 1002 376 1037; x_wconf 91' lang='grc' dir='ltr'><strong>του</strong></span> <span class='ocrx_word' id='word_1_59' title='bbox 412 984 668 1036; x_wconf 86' lang='grc' dir='ltr'>πέπτωκε</span> <span class='ocrx_word' id='word_1_60' title='bbox 716 982 900 1053; x_wconf 86' lang='grc' dir='ltr'>δίκην·</span> <span class='ocrx_word' id='word_1_61' title='bbox 933 986 962 1036; x_wconf 90' lang='lat'><strong>6</strong></span> <span class='ocrx_word' id='word_1_62' title='bbox 990 984 1047 1037; x_wconf 85' lang='grc' dir='ltr'><strong>δὲ</strong></span> <span class='ocrx_word' id='word_1_63' title='bbox 1087 985 1167 1047; x_wconf 85' lang='grc' dir='ltr'><strong>είς</strong></span> <span class='ocrx_word' id='word_1_64' title='bbox 1211 985 1501 1054; x_wconf 79' lang='grc' dir='ltr'>ἄνθρωπον</span> <span class='ocrx_word' id='word_1_65' title='bbox 1540 986 1872 1056; x_wconf 80' lang='grc' dir='ltr'>πεπλημμε-</span> 
     </span>
    </p>
   </div>
   <div class='ocr_carea' id='block_1_11' title="bbox 278 1072 1871 1147">
    <p class='ocr_par' dir='ltr' id='par_1_11' title="bbox 278 1072 1871 1147">
     <span class='ocr_line' id='line_1_11' title="bbox 278 1072 1871 1147; baseline 0 -19"><span class='ocrx_word' id='word_1_66' title='bbox 278 1073 465 1146; x_wconf 86' lang='grc' dir='ltr'>ληκὼς</span> <span class='ocrx_word' id='word_1_67' title='bbox 495 1075 579 1145; x_wconf 69' lang='grc' dir='ltr'><strong>εἴη</strong></span> <span class='ocrx_word' id='word_1_68' title='bbox 609 1072 675 1127; x_wconf 86' lang='grc' dir='ltr'><strong>ἀν</strong></span> <span class='ocrx_word' id='word_1_69' title='bbox 703 1074 798 1127; x_wconf 76' lang='grc' dir='ltr'><strong>καὶ</strong></span> <span class='ocrx_word' id='word_1_70' title='bbox 830 1074 1156 1145; x_wconf 78' lang='grc' dir='ltr'><strong>συγγνώμης</strong></span> <span class='ocrx_word' id='word_1_71' title='bbox 1188 1076 1359 1141; x_wconf 76' lang='grc' dir='ltr'>ἄξιος.</span> <span class='ocrx_word' id='word_1_72' title='bbox 1388 1077 1510 1141; x_wconf 84' lang='grc' dir='ltr'><strong>Πῶς</strong></span> <span class='ocrx_word' id='word_1_73' title='bbox 1544 1073 1635 1131; x_wconf 77' lang='grc' dir='ltr'><strong>οῦν</strong></span> <span class='ocrx_word' id='word_1_74' title='bbox 1666 1080 1723 1130; x_wconf 85' lang='grc' dir='ltr'><strong>ὲν</strong></span> <span class='ocrx_word' id='word_1_75' title='bbox 1755 1076 1871 1147; x_wconf 81' lang='grc' dir='ltr'>χεί-</span> 
     </span>
    </p>
   </div>
   <div class='ocr_carea' id='block_1_12' title="bbox 285 1162 1868 1238">
    <p class='ocr_par' dir='ltr' id='par_1_12' title="bbox 285 1162 1868 1238">
     <span class='ocr_line' id='line_1_12' title="bbox 285 1162 1868 1238; baseline -0.001 -20"><span class='ocrx_word' id='word_1_76' title='bbox 285 1183 400 1238; x_wconf 85' lang='grc' dir='ltr'>ρονι</span> <span class='ocrx_word' id='word_1_77' title='bbox 426 1163 550 1235; x_wconf 82' lang='grc' dir='ltr'>δίκῃ</span> <span class='ocrx_word' id='word_1_78' title='bbox 586 1162 680 1215; x_wconf 87' lang='grc' dir='ltr'><strong>τοῦ</strong></span> <span class='ocrx_word' id='word_1_79' title='bbox 707 1162 1158 1233; x_wconf 79' lang='grc' dir='ltr'><strong>πλημμελοῦντος</strong></span> <span class='ocrx_word' id='word_1_80' title='bbox 1184 1166 1262 1228; x_wconf 81' lang='grc' dir='ltr'>εἰς</span> <span class='ocrx_word' id='word_1_81' title='bbox 1292 1164 1384 1217; x_wconf 74' lang='grc' dir='ltr'><strong>τὸν</strong></span> <span class='ocrx_word' id='word_1_82' title='bbox 1409 1164 1654 1226; x_wconf 77' lang='grc' dir='ltr'>Μωσέως</span> <span class='ocrx_word' id='word_1_83' title='bbox 1680 1163 1868 1234; x_wconf 91' lang='grc' dir='ltr'>νόμον,</span> 
     </span>
    </p>
   </div>
   <div class='ocr_carea' id='block_1_13' title="bbox 278 1248 1871 1327">
    <p class='ocr_par' dir='ltr' id='par_1_13' title="bbox 278 1248 1871 1327">
     <span class='ocr_line' id='line_1_13' title="bbox 278 1248 1871 1327; baseline -0.001 -16"><span class='ocrx_word' id='word_1_84' title='bbox 278 1260 309 1311; x_wconf 82' lang='lat'><strong>6</strong></span> <span class='ocrx_word' id='word_1_85' title='bbox 360 1255 535 1310; x_wconf 77' lang='grc' dir='ltr'>κοινὸν</span> <span class='ocrx_word' id='word_1_86' title='bbox 581 1253 935 1325; x_wconf 77' lang='grc' dir='ltr'>ἡγησάμενος</span> <span class='ocrx_word' id='word_1_87' title='bbox 970 1254 1031 1307; x_wconf 78' lang='grc' dir='ltr'><strong>τὸ</strong></span> <span class='ocrx_word' id='word_1_88' title='bbox 1080 1248 1223 1326; x_wconf 77' lang='grc' dir='ltr'>αἷμα</span> <span class='ocrx_word' id='word_1_89' title='bbox 1253 1255 1348 1308; x_wconf 83' lang='grc' dir='ltr'><strong>τοῦ</strong></span> <span class='ocrx_word' id='word_1_90' title='bbox 1382 1255 1655 1327; x_wconf 87' lang='grc' dir='ltr'>Χριστοῦ;</span> <span class='ocrx_word' id='word_1_91' title='bbox 1708 1256 1871 1311; x_wconf 80' lang='grc' dir='ltr'>’Λλλά</span> 
     </span>
    </p>
   </div>
   <div class='ocr_carea' id='block_1_14' title="bbox 283 1346 1869 1420">
    <p class='ocr_par' dir='ltr' id='par_1_14' title="bbox 283 1346 1869 1420">
     <span class='ocr_line' id='line_1_14' title="bbox 283 1346 1869 1420; baseline -0.001 -18"><span class='ocrx_word' id='word_1_92' title='bbox 283 1348 392 1420; x_wconf 80' lang='grc' dir='ltr'>μὴν</span> <span class='ocrx_word' id='word_1_93' title='bbox 416 1349 473 1401; x_wconf 81' lang='grc' dir='ltr'>ὲν</span> <span class='ocrx_word' id='word_1_94' title='bbox 498 1346 725 1419; x_wconf 78' lang='grc' dir='ltr'><strong>χείρονι,</strong></span> <span class='ocrx_word' id='word_1_95' title='bbox 753 1346 849 1399; x_wconf 76' lang='grc' dir='ltr'>καὶ</span> <span class='ocrx_word' id='word_1_96' title='bbox 892 1346 1096 1417; x_wconf 73' lang='grc' dir='ltr'>σφόδρα</span> <span class='ocrx_word' id='word_1_97' title='bbox 1123 1347 1369 1410; x_wconf 75' lang='grc' dir='ltr'><strong>εἰκότως.</strong></span> <span class='ocrx_word' id='word_1_98' title='bbox 1411 1348 1524 1401; x_wconf 70' lang='grc' dir='ltr'>Οὐκ</span> <span class='ocrx_word' id='word_1_99' title='bbox 1556 1347 1662 1416; x_wconf 82' lang='grc' dir='ltr'>ἄρα</span> <span class='ocrx_word' id='word_1_100' title='bbox 1688 1347 1869 1400; x_wconf 74' lang='grc' dir='ltr'>κοινὸν</span> 
     </span>
    </p>
   </div>
   <div class='ocr_carea' id='block_1_15' title="bbox 279 1430 1868 1509">
    <p class='ocr_par' dir='ltr' id='par_1_15' title="bbox 279 1430 1868 1509">
     <span class='ocr_line' id='line_1_15' title="bbox 279 1430 1868 1509; baseline -0.002 -17"><span class='ocrx_word' id='word_1_101' title='bbox 279 1438 345 1492; x_wconf 81' lang='grc' dir='ltr'><strong>τὸ</strong></span> <span class='ocrx_word' id='word_1_102' title='bbox 379 1433 521 1509; x_wconf 75' lang='grc' dir='ltr'>αἷμα</span> <span class='ocrx_word' id='word_1_103' title='bbox 554 1434 651 1490; x_wconf 90' lang='grc' dir='ltr'><strong>τοῦ</strong></span> <span class='ocrx_word' id='word_1_104' title='bbox 685 1434 955 1506; x_wconf 78' lang='grc' dir='ltr'>Χριστοῦ’</span> <span class='ocrx_word' id='word_1_105' title='bbox 989 1433 1120 1497; x_wconf 78' lang='grc' dir='ltr'>Θεὸς</span> <span class='ocrx_word' id='word_1_106' title='bbox 1152 1435 1261 1506; x_wconf 82' lang='grc' dir='ltr'><strong>γὰρ</strong></span> <span class='ocrx_word' id='word_1_107' title='bbox 1288 1430 1357 1507; x_wconf 81' lang='grc' dir='ltr'><strong>ῆν</strong></span> <span class='ocrx_word' id='word_1_108' title='bbox 1382 1438 1410 1489; x_wconf 89' lang='lat'><strong>6</strong></span> <span class='ocrx_word' id='word_1_109' title='bbox 1435 1436 1606 1505; x_wconf 80' lang='grc' dir='ltr'><strong>Λόγος</strong></span> <span class='ocrx_word' id='word_1_110' title='bbox 1637 1437 1868 1507; x_wconf 83' lang='grc' dir='ltr'>γενόμε-</span> 
     </span>
    </p>
   </div>
   <div class='ocr_carea' id='block_1_16' title="bbox 281 1528 569 1600">
    <p class='ocr_par' dir='ltr' id='par_1_16' title="bbox 281 1528 569 1600">
     <span class='ocr_line' id='line_1_16' title="bbox 281 1528 569 1600; baseline 0.003 -4"><span class='ocrx_word' id='word_1_111' title='bbox 281 1547 374 1595; x_wconf 81' lang='grc' dir='ltr'><strong>νος</strong></span> <span class='ocrx_word' id='word_1_112' title='bbox 413 1528 569 1600; x_wconf 65' lang='lat' dir='ltr'><strong>adpi-</strong></span> 
     </span>
    </p>
   </div>
   <div class='ocr_carea' id='block_1_17' title="bbox 358 1804 1869 1878">
    <p class='ocr_par' dir='ltr' id='par_1_17' title="bbox 358 1804 1869 1878">
     <span class='ocr_line' id='line_1_17' title="bbox 358 1804 1869 1878; baseline 0.001 -19"><span class='ocrx_word' id='word_1_113' title='bbox 358 1824 379 1858; x_wconf 76' lang='grc' dir='ltr'><strong>ι</strong></span> <span class='ocrx_word' id='word_1_114' title='bbox 414 1805 652 1859; x_wconf 82' lang='grc' dir='ltr'>Βλέπετε</span> <span class='ocrx_word' id='word_1_115' title='bbox 685 1805 762 1876; x_wconf 81' lang='grc' dir='ltr'>μὴ</span> <span class='ocrx_word' id='word_1_116' title='bbox 793 1804 1208 1878; x_wconf 76' lang='grc' dir='ltr'><strong>παραιτήσησθε</strong></span> <span class='ocrx_word' id='word_1_117' title='bbox 1236 1806 1327 1859; x_wconf 80' lang='grc' dir='ltr'><strong>τὸν</strong></span> <span class='ocrx_word' id='word_1_118' title='bbox 1358 1805 1642 1861; x_wconf 86' lang='grc' dir='ltr'>λαλοῦντα.</span> <span class='ocrx_word' id='word_1_119' title='bbox 1668 1807 1732 1860; x_wconf 86' lang='grc' dir='ltr'><strong>Εἰ</strong></span> <span class='ocrx_word' id='word_1_120' title='bbox 1760 1808 1869 1878; x_wconf 73' lang='grc' dir='ltr'><strong>γὰρ</strong></span> 
     </span>
    </p>
   </div>
   <div class='ocr_carea' id='block_1_18' title="bbox 1975 610 3554 691">
    <p class='ocr_par' dir='ltr' id='par_1_18' title="bbox 1975 610 3554 691">
     <span class='ocr_line' id='line_1_18' title="bbox 1975 610 3554 691; baseline -0.006 -16"><span class='ocrx_word' id='word_1_121' title='bbox 1975 622 2097 675; x_wconf 90' lang='lat' dir='ltr'><strong>ritui</strong></span> <span class='ocrx_word' id='word_1_122' title='bbox 2126 620 2312 691; x_wconf 75' lang='lat' dir='ltr'><strong>gratia:</strong></span> <span class='ocrx_word' id='word_1_123' title='bbox 2340 618 2722 675; x_wconf 89' lang='lat' dir='ltr'><strong>contumeliam</strong></span> <span class='ocrx_word' id='word_1_124' title='bbox 2755 615 2944 672; x_wconf 83' lang='lat' dir='ltr'><strong>fecerit</strong></span> <span class='ocrx_word' id='word_1_125' title='bbox 2968 614 3046 668; x_wconf 72' lang='lat'><strong>“2</strong></span> <span class='ocrx_word' id='word_1_126' title='bbox 3078 633 3098 667; x_wconf 81' lang='grc' dir='ltr'><strong>ι</strong></span> <span class='ocrx_word' id='word_1_127' title='bbox 3136 614 3193 668; x_wconf 89' lang='lat' dir='ltr'><strong>Si</strong></span> <span class='ocrx_word' id='word_1_128' title='bbox 3222 612 3422 669; x_wconf 75' lang='lat' dir='ltr'><strong>divina:</strong></span> <span class='ocrx_word' id='word_1_129' title='bbox 3449 610 3554 681; x_wconf 86' lang='lat' dir='ltr'><strong>legi</strong></span> 
     </span>
    </p>
   </div>
   <div class='ocr_carea' id='block_1_19' title="bbox 1974 705 3557 778">
    <p class='ocr_par' dir='ltr' id='par_1_19' title="bbox 1974 705 3557 778">
     <span class='ocr_line' id='line_1_19' title="bbox 1974 705 3557 778; baseline -0.008 -11"><span class='ocrx_word' id='word_1_130' title='bbox 1974 712 2360 767; x_wconf 86' lang='lat' dir='ltr'><strong>contumeliam</strong></span> <span class='ocrx_word' id='word_1_131' title='bbox 2392 710 2616 778; x_wconf 79' lang='lat' dir='ltr'><strong>faciens,</strong></span> <span class='ocrx_word' id='word_1_132' title='bbox 2649 709 2964 764; x_wconf 88' lang='lat' dir='ltr'><strong>eamdemve</strong></span> <span class='ocrx_word' id='word_1_133' title='bbox 2990 705 3421 776; x_wconf 82' lang='lat' dir='ltr'><strong>transgrediens,</strong></span> <span class='ocrx_word' id='word_1_134' title='bbox 3449 718 3557 756; x_wconf 88' lang='lat' dir='ltr'><strong>non</strong></span> 
     </span>
    </p>
   </div>
   <div class='ocr_carea' id='block_1_20' title="bbox 1973 798 3559 875">
    <p class='ocr_par' dir='ltr' id='par_1_20' title="bbox 1973 798 3559 875">
     <span class='ocr_line' id='line_1_20' title="bbox 1973 798 3559 875; baseline -0.004 -19"><span class='ocrx_word' id='word_1_135' title='bbox 1973 804 2086 875; x_wconf 88' lang='lat' dir='ltr'><strong>pari</strong></span> <span class='ocrx_word' id='word_1_136' title='bbox 2114 818 2237 859; x_wconf 84' lang='lat' dir='ltr'><strong>cunt</strong></span> <span class='ocrx_word' id='word_1_137' title='bbox 2269 818 2334 857; x_wconf 88' lang='lat' dir='ltr'><strong>eo</strong></span> <span class='ocrx_word' id='word_1_138' title='bbox 2361 810 2571 856; x_wconf 83' lang='lat' dir='ltr'><strong>tenetur</strong></span> <span class='ocrx_word' id='word_1_139' title='bbox 2600 802 2849 864; x_wconf 88' lang='lat' dir='ltr'><strong>crimine,</strong></span> <span class='ocrx_word' id='word_1_140' title='bbox 2884 799 2975 869; x_wconf 92' lang='lat' dir='ltr'><strong>qui</strong></span> <span class='ocrx_word' id='word_1_141' title='bbox 3024 800 3078 852; x_wconf 92' lang='lat' dir='ltr'><strong>in</strong></span> <span class='ocrx_word' id='word_1_142' title='bbox 3118 798 3397 852; x_wconf 84' lang='lat' dir='ltr'><strong>hominem</strong></span> <span class='ocrx_word' id='word_1_143' title='bbox 3430 810 3559 866; x_wconf 88' lang='lat' dir='ltr'><strong>pec-</strong></span> 
     </span>
    </p>
   </div>
   <div class='ocr_carea' id='block_1_21' title="bbox 1972 888 3555 965">
    <p class='ocr_par' dir='ltr' id='par_1_21' title="bbox 1972 888 3555 965">
     <span class='ocr_line' id='line_1_21' title="bbox 1972 888 3555 965; baseline -0.008 -14"><span class='ocrx_word' id='word_1_144' title='bbox 1972 896 2200 960; x_wconf 89' lang='lat' dir='ltr'><strong>caverit,</strong></span> <span class='ocrx_word' id='word_1_145' title='bbox 2255 895 2348 948; x_wconf 89' lang='lat' dir='ltr'><strong>sed</strong></span> <span class='ocrx_word' id='word_1_146' title='bbox 2396 894 2553 965; x_wconf 89' lang='lat' dir='ltr'><strong>longe</strong></span> <span class='ocrx_word' id='word_1_147' title='bbox 2601 892 2836 963; x_wconf 80' lang='lat' dir='ltr'><strong>graviori</strong></span> <span class='ocrx_word' id='word_1_148' title='bbox 2893 889 3189 960; x_wconf 77' lang='lat' dir='ltr'><strong>(siquidem</strong></span> <span class='ocrx_word' id='word_1_149' title='bbox 3239 888 3332 955; x_wconf 80' lang='lat' dir='ltr'><strong>qui</strong></span> <span class='ocrx_word' id='word_1_150' title='bbox 3383 888 3555 956; x_wconf 76' lang='lat' dir='ltr'><strong>legem</strong></span> 
     </span>
    </p>
   </div>
   <div class='ocr_carea' id='block_1_22' title="bbox 1933 976 3554 1053">
    <p class='ocr_par' dir='ltr' id='par_1_22' title="bbox 1933 976 3554 1053">
     <span class='ocr_line' id='line_1_22' title="bbox 1933 976 3554 1053; baseline -0.006 -15"><span class='ocrx_word' id='word_1_151' title='bbox 1933 984 1941 993; x_wconf 87' lang='grc'><em>’</em></span> <span class='ocrx_word' id='word_1_152' title='bbox 1974 985 2253 1045; x_wconf 85' lang='lat' dir='ltr'><strong>violasset,</strong></span> <span class='ocrx_word' id='word_1_153' title='bbox 2290 983 2482 1037; x_wconf 84' lang='lat' dir='ltr'><strong>mortis</strong></span> <span class='ocrx_word' id='word_1_154' title='bbox 2523 981 2790 1053; x_wconf 84' lang='lat' dir='ltr'><strong>supplicio</strong></span> <span class='ocrx_word' id='word_1_155' title='bbox 2839 978 3197 1045; x_wconf 89' lang='lat' dir='ltr'><strong>multabatur;</strong></span> <span class='ocrx_word' id='word_1_156' title='bbox 3229 976 3322 1048; x_wconf 88' lang='lat' dir='ltr'><strong>qui</strong></span> <span class='ocrx_word' id='word_1_157' title='bbox 3374 987 3554 1030; x_wconf 86' lang='lat' dir='ltr'><strong>autem</strong></span> 
     </span>
    </p>
   </div>
   <div class='ocr_carea' id='block_1_23' title="bbox 1975 1068 3561 1142">
    <p class='ocr_par' dir='ltr' id='par_1_23' title="bbox 1975 1068 3561 1142">
     <span class='ocr_line' id='line_1_23' title="bbox 1975 1068 3561 1142; baseline -0.006 -12"><span class='ocrx_word' id='word_1_158' title='bbox 1975 1079 2027 1130; x_wconf 90' lang='lat' dir='ltr'><strong>itt</strong></span> <span class='ocrx_word' id='word_1_159' title='bbox 2057 1076 2332 1129; x_wconf 87' lang='lat' dir='ltr'><strong>hominem</strong></span> <span class='ocrx_word' id='word_1_160' title='bbox 2378 1074 2640 1142; x_wconf 84' lang='lat' dir='ltr'><strong>deliquit,</strong></span> <span class='ocrx_word' id='word_1_161' title='bbox 2687 1072 2903 1125; x_wconf 81' lang='lat' dir='ltr'><strong>veniam</strong></span> <span class='ocrx_word' id='word_1_162' title='bbox 2950 1069 3221 1123; x_wconf 84' lang='lat' dir='ltr'><strong>interdum</strong></span> <span class='ocrx_word' id='word_1_163' title='bbox 3272 1068 3561 1137; x_wconf 85' lang='lat' dir='ltr'><strong>consequi-</strong></span> 
     </span>
    </p>
   </div>
   <div class='ocr_carea' id='block_1_24' title="bbox 1977 1160 3557 1235">
    <p class='ocr_par' dir='ltr' id='par_1_24' title="bbox 1977 1160 3557 1235">
     <span class='ocr_line' id='line_1_24' title="bbox 1977 1160 3557 1235; baseline -0.008 -14"><span class='ocrx_word' id='word_1_164' title='bbox 1977 1167 2087 1233; x_wconf 88' lang='lat' dir='ltr'><strong>tur)</strong></span> <span class='ocrx_word' id='word_1_165' title='bbox 2117 1186 2129 1221; x_wconf 89' lang='lat'><strong>:</strong></span> <span class='ocrx_word' id='word_1_166' title='bbox 2165 1165 2434 1235; x_wconf 90' lang='lat' dir='ltr'><strong>quomodo</strong></span> <span class='ocrx_word' id='word_1_167' title='bbox 2463 1165 2626 1235; x_wconf 81' lang='lat' dir='ltr'><strong>igitur</strong></span> <span class='ocrx_word' id='word_1_168' title='bbox 2657 1161 2845 1230; x_wconf 85' lang='lat' dir='ltr'><strong>majori</strong></span> <span class='ocrx_word' id='word_1_169' title='bbox 2872 1175 3027 1231; x_wconf 70' lang='lat' dir='ltr'><strong>pmna</strong></span> <span class='ocrx_word' id='word_1_170' title='bbox 3056 1160 3251 1228; x_wconf 83' lang='lat' dir='ltr'><strong>dignus</strong></span> <span class='ocrx_word' id='word_1_171' title='bbox 3282 1168 3557 1221; x_wconf 76' lang='lat' dir='ltr'><strong>censetur,</strong></span> 
     </span>
    </p>
   </div>
   <div class='ocr_carea' id='block_1_25' title="bbox 1973 1249 3560 1327">
    <p class='ocr_par' dir='ltr' id='par_1_25' title="bbox 1973 1249 3560 1327">
     <span class='ocr_line' id='line_1_25' title="bbox 1973 1249 3560 1327; baseline -0.006 -15"><span class='ocrx_word' id='word_1_172' title='bbox 1973 1259 2063 1327; x_wconf 89' lang='lat' dir='ltr'><strong>qui</strong></span> <span class='ocrx_word' id='word_1_173' title='bbox 2091 1257 2296 1313; x_wconf 83' lang='lat' dir='ltr'><strong>Christi</strong></span> <span class='ocrx_word' id='word_1_174' title='bbox 2338 1257 2656 1326; x_wconf 79' lang='lat' dir='ltr'><strong>sanguinem</strong></span> <span class='ocrx_word' id='word_1_175' title='bbox 2710 1254 2969 1325; x_wconf 81' lang='lat' dir='ltr'><strong>pollutum</strong></span> <span class='ocrx_word' id='word_1_176' title='bbox 3014 1251 3251 1315; x_wconf 81' lang='lat' dir='ltr'><strong>duxerit,</strong></span> <span class='ocrx_word' id='word_1_177' title='bbox 3281 1266 3345 1305; x_wconf 91' lang='lat' dir='ltr'><strong>eo</strong></span> <span class='ocrx_word' id='word_1_178' title='bbox 3376 1250 3465 1319; x_wconf 90' lang='lat' dir='ltr'><strong>qui</strong></span> <span class='ocrx_word' id='word_1_179' title='bbox 3506 1249 3560 1302; x_wconf 91' lang='lat' dir='ltr'><strong>in</strong></span> 
     </span>
    </p>
   </div>
   <div class='ocr_carea' id='block_1_26' title="bbox 1971 1344 3558 1418">
    <p class='ocr_par' dir='ltr' id='par_1_26' title="bbox 1971 1344 3558 1418">
     <span class='ocr_line' id='line_1_26' title="bbox 1971 1344 3558 1418; baseline -0.007 -13"><span class='ocrx_word' id='word_1_180' title='bbox 1971 1352 2262 1406; x_wconf 79' lang='lat' dir='ltr'><strong>Mosaicam</strong></span> <span class='ocrx_word' id='word_1_181' title='bbox 2307 1348 2478 1417; x_wconf 81' lang='lat' dir='ltr'><strong>legem</strong></span> <span class='ocrx_word' id='word_1_182' title='bbox 2524 1357 2805 1418; x_wconf 89' lang='lat' dir='ltr'><strong>peccatum</strong></span> <span class='ocrx_word' id='word_1_183' title='bbox 2859 1344 3182 1401; x_wconf 81' lang='lat' dir='ltr'><strong>admiserit?</strong></span> <span class='ocrx_word' id='word_1_184' title='bbox 3215 1344 3377 1415; x_wconf 87' lang='lat' dir='ltr'><strong>Atqui</strong></span> <span class='ocrx_word' id='word_1_185' title='bbox 3431 1358 3558 1413; x_wconf 87' lang='lat' dir='ltr'><strong>gra-</strong></span> 
     </span>
    </p>
   </div>
   <div class='ocr_carea' id='block_1_27' title="bbox 1974 1433 3559 1505">
    <p class='ocr_par' dir='ltr' id='par_1_27' title="bbox 1974 1433 3559 1505">
     <span class='ocr_line' id='line_1_27' title="bbox 1974 1433 3559 1505; baseline -0.008 -8"><span class='ocrx_word' id='word_1_186' title='bbox 1974 1443 2179 1497; x_wconf 90' lang='lat' dir='ltr'><strong>viorem</strong></span> <span class='ocrx_word' id='word_1_187' title='bbox 2214 1441 2351 1496; x_wconf 89' lang='lat' dir='ltr'><strong>citra</strong></span> <span class='ocrx_word' id='word_1_188' title='bbox 2389 1440 2550 1494; x_wconf 83' lang='lat' dir='ltr'><strong>ullam</strong></span> <span class='ocrx_word' id='word_1_189' title='bbox 2581 1436 3006 1493; x_wconf 87' lang='lat' dir='ltr'><strong>controversiam</strong></span> <span class='ocrx_word' id='word_1_190' title='bbox 3046 1446 3411 1505; x_wconf 88' lang='lat' dir='ltr'><strong>promeretur.</strong></span> <span class='ocrx_word' id='word_1_191' title='bbox 3448 1433 3559 1488; x_wconf 87' lang='lat' dir='ltr'><strong>Cur</strong></span> 
     </span>
    </p>
   </div>
   <div class='ocr_carea' id='block_1_28' title="bbox 1974 1527 3556 1602">
    <p class='ocr_par' dir='ltr' id='par_1_28' title="bbox 1974 1527 3556 1602">
     <span class='ocr_line' id='line_1_28' title="bbox 1974 1527 3556 1602; baseline -0.005 -14"><span class='ocrx_word' id='word_1_192' title='bbox 1974 1534 2091 1589; x_wconf 86' lang='lat' dir='ltr'><strong>ita?</strong></span> <span class='ocrx_word' id='word_1_193' title='bbox 2116 1534 2242 1602; x_wconf 90' lang='lat' dir='ltr'><strong>quia</strong></span> <span class='ocrx_word' id='word_1_194' title='bbox 2281 1531 2487 1591; x_wconf 83' lang='lat' dir='ltr'><strong>Christi</strong></span> <span class='ocrx_word' id='word_1_195' title='bbox 2520 1531 2740 1598; x_wconf 79' lang='lat' dir='ltr'><strong>sanguis</strong></span> <span class='ocrx_word' id='word_1_196' title='bbox 2766 1545 2873 1584; x_wconf 91' lang='lat' dir='ltr'><strong>non</strong></span> <span class='ocrx_word' id='word_1_197' title='bbox 2905 1530 3145 1601; x_wconf 87' lang='lat' dir='ltr'><strong>vulgaris</strong></span> <span class='ocrx_word' id='word_1_198' title='bbox 3175 1527 3556 1583; x_wconf 85' lang='lat' dir='ltr'><strong>eommunisve</strong></span> 
     </span>
    </p>
   </div>
   <div class='ocr_carea' id='block_1_29' title="bbox 1973 1606 3560 1696">
    <p class='ocr_par' dir='ltr' id='par_1_29' title="bbox 1973 1606 3560 1696">
     <span class='ocr_line' id='line_1_29' title="bbox 1973 1606 3560 1696; baseline -0.004 -16"><span class='ocrx_word' id='word_1_199' title='bbox 1973 1625 2211 1680; x_wconf 86' lang='lat' dir='ltr'><strong>hominis</strong></span> <span class='ocrx_word' id='word_1_200' title='bbox 2241 1606 2465 1696; x_wconf 61' lang='lat' dir='ltr'><strong>sanguis</strong></span> <span class='ocrx_word' id='word_1_201' title='bbox 2508 1632 2610 1680; x_wconf 97' lang='grc' dir='ltr'>εει.</span> <span class='ocrx_word' id='word_1_202' title='bbox 2642 1622 2877 1678; x_wconf 79' lang='lat' dir='ltr'><strong>Verbum</strong></span> <span class='ocrx_word' id='word_1_203' title='bbox 2904 1624 3050 1677; x_wconf 91' lang='lat' dir='ltr'><strong>enim</strong></span> <span class='ocrx_word' id='word_1_204' title='bbox 3072 1662 3087 1688; x_wconf 96' lang='lat'><strong>,</strong></span> <span class='ocrx_word' id='word_1_205' title='bbox 3117 1620 3260 1691; x_wconf 77' lang='lat' dir='ltr'><strong>qno‘d</strong></span> <span class='ocrx_word' id='word_1_206' title='bbox 3310 1632 3473 1674; x_wconf 89' lang='lat' dir='ltr'><strong>carne</strong></span> <span class='ocrx_word' id='word_1_207' title='bbox 3497 1633 3560 1674; x_wconf 87' lang='lat' dir='ltr'><strong>se</strong></span> 
     </span>
    </p>
   </div>
   <div class='ocr_carea' id='block_1_30' title="bbox 1974 1718 2473 1784">
    <p class='ocr_par' dir='ltr' id='par_1_30' title="bbox 1974 1718 2473 1784">
     <span class='ocr_line' id='line_1_30' title="bbox 1974 1718 2473 1784; baseline -0.006 -11"><span class='ocrx_word' id='word_1_208' title='bbox 1974 1718 2167 1784; x_wconf 86' lang='lat' dir='ltr'><strong>induit,</strong></span> <span class='ocrx_word' id='word_1_209' title='bbox 2198 1719 2344 1773; x_wconf 83' lang='lat' dir='ltr'><strong>Deus</strong></span> <span class='ocrx_word' id='word_1_210' title='bbox 2366 1726 2473 1771; x_wconf 80' lang='lat' dir='ltr'><strong>est.</strong></span> 
     </span>
    </p>
   </div>
   <div class='ocr_carea' id='block_1_31' title="bbox 2052 1801 3558 1875">
    <p class='ocr_par' dir='ltr' id='par_1_31' title="bbox 2052 1801 3558 1875">
     <span class='ocr_line' id='line_1_31' title="bbox 2052 1801 3558 1875; baseline -0.005 -11"><span class='ocrx_word' id='word_1_211' title='bbox 2052 1827 2072 1863; x_wconf 76' lang='grc' dir='ltr'><strong>ι</strong></span> <span class='ocrx_word' id='word_1_212' title='bbox 2115 1807 2311 1864; x_wconf 83' lang='lat' dir='ltr'><strong>Videte</strong></span> <span class='ocrx_word' id='word_1_213' title='bbox 2366 1824 2437 1863; x_wconf 87' lang='lat' dir='ltr'><strong>ne</strong></span> <span class='ocrx_word' id='word_1_214' title='bbox 2496 1806 2762 1862; x_wconf 87' lang='lat' dir='ltr'><strong>recusetis</strong></span> <span class='ocrx_word' id='word_1_215' title='bbox 2818 1805 3151 1875; x_wconf 84' lang='lat' dir='ltr'><strong>loquentem.</strong></span> <span class='ocrx_word' id='word_1_216' title='bbox 3198 1802 3253 1858; x_wconf 90' lang='lat' dir='ltr'><strong>Si</strong></span> <span class='ocrx_word' id='word_1_217' title='bbox 3307 1801 3450 1859; x_wconf 89' lang='lat' dir='ltr'><strong>enim</strong></span> <span class='ocrx_word' id='word_1_218' title='bbox 3482 1801 3558 1857; x_wconf 92' lang='lat' dir='ltr'><strong>illi</strong></span> 
     </span>
    </p>
   </div>
   <div class='ocr_carea' id='block_1_32' title="bbox 272 1896 1864 1970">
    <p class='ocr_par' dir='ltr' id='par_1_32' title="bbox 272 1896 1864 1968">
     <span class='ocr_line' id='line_1_32' title="bbox 272 1896 1864 1968; baseline 0.001 -17"><span class='ocrx_word' id='word_1_219' title='bbox 272 1898 483 1951; x_wconf 66' lang='grc' dir='ltr'>ἐκεῖνοι</span> <span class='ocrx_word' id='word_1_220' title='bbox 511 1898 617 1950; x_wconf 84' lang='grc' dir='ltr'><strong>οὐκ</strong></span> <span class='ocrx_word' id='word_1_221' title='bbox 648 1896 931 1966; x_wconf 74' lang='grc' dir='ltr'>ἐξέφυγον,</span> <span class='ocrx_word' id='word_1_222' title='bbox 966 1896 1058 1949; x_wconf 84' lang='grc' dir='ltr'><strong>τὸν</strong></span> <span class='ocrx_word' id='word_1_223' title='bbox 1095 1896 1188 1948; x_wconf 70' lang='grc' dir='ltr'>ἐπὶ</span> <span class='ocrx_word' id='word_1_224' title='bbox 1231 1896 1335 1967; x_wconf 87' lang='grc' dir='ltr'><strong>τῆς</strong></span> <span class='ocrx_word' id='word_1_225' title='bbox 1372 1897 1477 1966; x_wconf 88' lang='grc' dir='ltr'><strong>γῆς</strong></span> <span class='ocrx_word' id='word_1_226' title='bbox 1524 1899 1864 1968; x_wconf 86' lang='grc' dir='ltr'>παραιτησά-</span> 
     </span>
    </p>
   </div>
   <div class='ocr_carea' id='block_1_33' title="bbox 1967 1896 3557 1970">
    <p class='ocr_par' dir='ltr' id='par_1_33' title="bbox 1972 1896 3557 1970">
     <span class='ocr_line' id='line_1_33' title="bbox 1972 1896 3557 1970; baseline -0.005 -15"><span class='ocrx_word' id='word_1_227' title='bbox 1972 1915 2076 1955; x_wconf 83' lang='grc' dir='ltr'>ιιοιι</span> <span class='ocrx_word' id='word_1_228' title='bbox 2109 1900 2419 1970; x_wconf 82' lang='lat' dir='ltr'><strong>eli&#39;ugerunt</strong></span> <span class='ocrx_word' id='word_1_229' title='bbox 2447 1907 2763 1954; x_wconf 84' lang='lat' dir='ltr'><strong>recusantes</strong></span> <span class='ocrx_word' id='word_1_230' title='bbox 2809 1913 2956 1961; x_wconf 87' lang='lat' dir='ltr'><strong>eum,</strong></span> <span class='ocrx_word' id='word_1_231' title='bbox 3014 1896 3104 1965; x_wconf 90' lang='lat' dir='ltr'><strong>qui</strong></span> <span class='ocrx_word' id='word_1_232' title='bbox 3154 1911 3315 1965; x_wconf 81' lang='lat' dir='ltr'><strong>super</strong></span> <span class='ocrx_word' id='word_1_233' title='bbox 3356 1905 3557 1949; x_wconf 86' lang='lat' dir='ltr'><strong>terram</strong></span> 
     </span>
    </p>
   </div>
   <div class='ocr_carea' id='block_1_34' title="bbox 282 1986 1870 2059">
    <p class='ocr_par' dir='ltr' id='par_1_34' title="bbox 282 1986 1870 2059">
     <span class='ocr_line' id='line_1_34' title="bbox 282 1986 1870 2059; baseline 0 -18"><span class='ocrx_word' id='word_1_234' title='bbox 282 2005 438 2059; x_wconf 87' lang='grc' dir='ltr'>μενοι</span> <span class='ocrx_word' id='word_1_235' title='bbox 471 1987 562 2041; x_wconf 67' lang='grc' dir='ltr'>τὸν</span> <span class='ocrx_word' id='word_1_236' title='bbox 599 1986 1009 2058; x_wconf 77' lang='grc' dir='ltr'>χρηματίζοντα</span> <span class='ocrx_word' id='word_1_237' title='bbox 1029 2029 1044 2053; x_wconf 94' lang='grc'><strong>,</strong></span> <span class='ocrx_word' id='word_1_238' title='bbox 1075 1987 1256 2059; x_wconf 83' lang='grc' dir='ltr'>πολλῷ</span> <span class='ocrx_word' id='word_1_239' title='bbox 1288 1987 1487 2058; x_wconf 81' lang='grc' dir='ltr'>μᾶλλον</span> <span class='ocrx_word' id='word_1_240' title='bbox 1518 1990 1677 2058; x_wconf 80' lang='grc' dir='ltr'>ἡμεῖς</span> <span class='ocrx_word' id='word_1_241' title='bbox 1703 1990 1752 2041; x_wconf 87' lang='grc' dir='ltr'>οἱ</span> <span class='ocrx_word' id='word_1_242' title='bbox 1779 1989 1870 2042; x_wconf 80' lang='grc' dir='ltr'><strong>τὸν</strong></span> 
     </span>
    </p>
   </div>
   <div class='ocr_carea' id='block_1_35' title="bbox 277 2072 1869 2152">
    <p class='ocr_par' dir='ltr' id='par_1_35' title="bbox 277 2072 1869 2152">
     <span class='ocr_line' id='line_1_35' title="bbox 277 2072 1869 2152; baseline -0.001 -17"><span class='ocrx_word' id='word_1_243' title='bbox 277 2079 375 2135; x_wconf 80' lang='grc' dir='ltr'>ἀπ’</span> <span class='ocrx_word' id='word_1_244' title='bbox 419 2078 666 2152; x_wconf 79' lang='grc' dir='ltr'>οὐρανῶν</span> <span class='ocrx_word' id='word_1_245' title='bbox 713 2080 1214 2150; x_wconf 79' lang='grc' dir='ltr'>ἀποστρεφόμενοι,</span> <span class='ocrx_word' id='word_1_246' title='bbox 1256 2072 1316 2133; x_wconf 74' lang='grc' dir='ltr'>οὗ</span> <span class='ocrx_word' id='word_1_247' title='bbox 1360 2082 1393 2151; x_wconf 86' lang='grc' dir='ltr'><strong>ἡ</strong></span> <span class='ocrx_word' id='word_1_248' title='bbox 1437 2079 1590 2149; x_wconf 82' lang='grc' dir='ltr'>φωνὴ</span> <span class='ocrx_word' id='word_1_249' title='bbox 1622 2080 1721 2152; x_wconf 80' lang='grc' dir='ltr'><strong>τὴν</strong></span> <span class='ocrx_word' id='word_1_250' title='bbox 1765 2081 1869 2152; x_wconf 85' lang='grc' dir='ltr'><strong>γῆν</strong></span> 
     </span>
    </p>
   </div>
   <div class='ocr_carea' id='block_1_36' title="bbox 280 2170 1867 2243">
    <p class='ocr_par' dir='ltr' id='par_1_36' title="bbox 280 2170 1867 2243">
     <span class='ocr_line' id='line_1_36' title="bbox 280 2170 1867 2243; baseline 0.001 -18"><span class='ocrx_word' id='word_1_251' title='bbox 280 2171 544 2226; x_wconf 74' lang='grc' dir='ltr'>ἑσάλευσε</span> <span class='ocrx_word' id='word_1_252' title='bbox 579 2171 740 2225; x_wconf 88' lang='grc' dir='ltr'>τότε·</span> <span class='ocrx_word' id='word_1_253' title='bbox 788 2170 882 2225; x_wconf 90' lang='grc' dir='ltr'><strong>νῦν</strong></span> <span class='ocrx_word' id='word_1_254' title='bbox 935 2172 991 2226; x_wconf 84' lang='grc' dir='ltr'><strong>δὲ</strong></span> <span class='ocrx_word' id='word_1_255' title='bbox 1054 2171 1423 2243; x_wconf 73' lang='grc' dir='ltr'>ἐπήγγελται,</span> <span class='ocrx_word' id='word_1_256' title='bbox 1475 2171 1685 2241; x_wconf 81' lang='grc' dir='ltr'>λέγων,</span> <span class='ocrx_word' id='word_1_257' title='bbox 1733 2173 1814 2226; x_wconf 81' lang='grc' dir='ltr'>ὃτι</span> <span class='ocrx_word' id='word_1_258' title='bbox 1842 2181 1867 2210; x_wconf 74' lang='grc' dir='ltr'><strong>ν</strong></span> 
     </span>
    </p>
   </div>
   <div class='ocr_carea' id='block_1_37' title="bbox 278 2261 1869 2335">
    <p class='ocr_par' dir='ltr' id='par_1_37' title="bbox 278 2261 1869 2335">
     <span class='ocr_line' id='line_1_37' title="bbox 278 2261 1869 2335; baseline -0.003 -16"><span class='ocrx_word' id='word_1_259' title='bbox 278 2261 464 2328; x_wconf 77' lang='grc' dir='ltr'>’Ἀπαξ</span> <span class='ocrx_word' id='word_1_260' title='bbox 498 2262 610 2331; x_wconf 78' lang='grc' dir='ltr'>ἐγὼ</span> <span class='ocrx_word' id='word_1_261' title='bbox 656 2262 820 2317; x_wconf 80' lang='grc' dir='ltr'>σείσω</span> <span class='ocrx_word' id='word_1_262' title='bbox 846 2264 906 2317; x_wconf 83' lang='grc' dir='ltr'>οὐ</span> <span class='ocrx_word' id='word_1_263' title='bbox 940 2264 1101 2334; x_wconf 91' lang='grc' dir='ltr'>μόνον</span> <span class='ocrx_word' id='word_1_264' title='bbox 1128 2264 1227 2335; x_wconf 81' lang='grc' dir='ltr'>τὴν</span> <span class='ocrx_word' id='word_1_265' title='bbox 1257 2262 1381 2334; x_wconf 89' lang='grc' dir='ltr'>γῆν,</span> <span class='ocrx_word' id='word_1_266' title='bbox 1402 2262 1538 2317; x_wconf 84' lang='grc' dir='ltr'>ἀλλὰ</span> <span class='ocrx_word' id='word_1_267' title='bbox 1564 2263 1759 2318; x_wconf 78' lang='grc' dir='ltr'>καὶτὸν</span> <span class='ocrx_word' id='word_1_268' title='bbox 1777 2262 1869 2315; x_wconf 66' lang='grc' dir='ltr'><strong>οὓς</strong></span> 
     </span>
    </p>
   </div>
   <div class='ocr_carea' id='block_1_38' title="bbox 279 2354 1866 2428">
    <p class='ocr_par' dir='ltr' id='par_1_38' title="bbox 279 2354 1866 2428">
     <span class='ocr_line' id='line_1_38' title="bbox 279 2354 1866 2428; baseline 0 -20"><span class='ocrx_word' id='word_1_269' title='bbox 279 2354 465 2426; x_wconf 86' lang='grc' dir='ltr'>ρανόν.</span> <span class='ocrx_word' id='word_1_270' title='bbox 492 2374 512 2406; x_wconf 79' lang='grc' dir='ltr'><strong>ι</strong></span> <span class='ocrx_word' id='word_1_271' title='bbox 546 2354 643 2417; x_wconf 83' lang='grc' dir='ltr'>Τίς</span> <span class='ocrx_word' id='word_1_272' title='bbox 680 2355 708 2406; x_wconf 93' lang='lat'><strong>6</strong></span> <span class='ocrx_word' id='word_1_273' title='bbox 745 2355 1091 2426; x_wconf 79' lang='grc' dir='ltr'>χρηματίσας</span> <span class='ocrx_word' id='word_1_274' title='bbox 1125 2355 1218 2407; x_wconf 76' lang='grc' dir='ltr'><strong>ἐπὶ</strong></span> <span class='ocrx_word' id='word_1_275' title='bbox 1248 2356 1382 2426; x_wconf 89' lang='grc' dir='ltr'>γῆς,</span> <span class='ocrx_word' id='word_1_276' title='bbox 1421 2356 1481 2409; x_wconf 84' lang='grc' dir='ltr'>ὃν</span> <span class='ocrx_word' id='word_1_277' title='bbox 1520 2355 1866 2428; x_wconf 75' lang='grc' dir='ltr'>παραιτησάο</span> 
     </span>
    </p>
   </div>
   <div class='ocr_carea' id='block_1_39' title="bbox 280 2443 1865 2520">
    <p class='ocr_par' dir='ltr' id='par_1_39' title="bbox 280 2443 1865 2520">
     <span class='ocr_line' id='line_1_39' title="bbox 280 2443 1865 2520; baseline -0.001 -17"><span class='ocrx_word' id='word_1_278' title='bbox 280 2465 437 2520; x_wconf 90' lang='grc' dir='ltr'>μενοι</span> <span class='ocrx_word' id='word_1_279' title='bbox 477 2447 953 2503; x_wconf 85' lang='grc' dir='ltr'>κεκινδυνεύκασιν</span> <span class='ocrx_word' id='word_1_280' title='bbox 979 2448 1029 2500; x_wconf 81' lang='lat' dir='ltr'><strong>oi</strong></span> <span class='ocrx_word' id='word_1_281' title='bbox 1059 2448 1166 2502; x_wconf 86' lang='grc' dir='ltr'><strong>τῶν</strong></span> <span class='ocrx_word' id='word_1_282' title='bbox 1196 2449 1467 2513; x_wconf 78' lang='grc' dir='ltr'>Ἰουδαίων</span> <span class='ocrx_word' id='word_1_283' title='bbox 1497 2448 1732 2518; x_wconf 79' lang='grc' dir='ltr'>πατέρες</span> <span class='ocrx_word' id='word_1_284' title='bbox 1751 2464 1766 2512; x_wconf 86' lang='grc'>;</span> <span class='ocrx_word' id='word_1_285' title='bbox 1788 2443 1865 2501; x_wconf 86' lang='grc' dir='ltr'><strong>Ἦ</strong></span> 
     </span>
    </p>
   </div>
   <div class='ocr_carea' id='block_1_40' title="bbox 275 2540 1868 2612">
    <p class='ocr_par' dir='ltr' id='par_1_40' title="bbox 275 2540 1868 2612">
     <span class='ocr_line' id='line_1_40' title="bbox 275 2540 1868 2612; baseline 0.001 -20"><span class='ocrx_word' id='word_1_286' title='bbox 275 2540 460 2612; x_wconf 80' lang='grc' dir='ltr'>δῆλον,</span> <span class='ocrx_word' id='word_1_287' title='bbox 504 2540 586 2592; x_wconf 82' lang='grc' dir='ltr'>ὅτι</span> <span class='ocrx_word' id='word_1_288' title='bbox 616 2540 855 2611; x_wconf 77' lang='grc' dir='ltr'>Μωσῆςς</span> <span class='ocrx_word' id='word_1_289' title='bbox 895 2540 1034 2593; x_wconf 81' lang='grc' dir='ltr'>Ἀλλ’</span> <span class='ocrx_word' id='word_1_290' title='bbox 1062 2540 1163 2594; x_wconf 73' lang='grc' dir='ltr'><strong>οὐκ</strong></span> <span class='ocrx_word' id='word_1_291' title='bbox 1190 2541 1255 2594; x_wconf 73' lang='grc' dir='ltr'>ἐκ</span> <span class='ocrx_word' id='word_1_292' title='bbox 1292 2540 1399 2611; x_wconf 91' lang='grc' dir='ltr'><strong>γῆς</strong></span> <span class='ocrx_word' id='word_1_293' title='bbox 1430 2542 1459 2594; x_wconf 86' lang='lat'><strong>6</strong></span> <span class='ocrx_word' id='word_1_294' title='bbox 1503 2540 1761 2612; x_wconf 73' lang='grc' dir='ltr'>Χριστὸς,</span> <span class='ocrx_word' id='word_1_295' title='bbox 1806 2540 1868 2605; x_wconf 73' lang='grc' dir='ltr'>ἐξ</span> 
     </span>
    </p>
   </div>
   <div class='ocr_carea' id='block_1_41' title="bbox 256 2627 1864 2702">
    <p class='ocr_par' dir='ltr' id='par_1_41' title="bbox 256 2627 1864 2702">
     <span class='ocr_line' id='line_1_41' title="bbox 256 2627 1864 2702; baseline 0.001 -19"><span class='ocrx_word' id='word_1_296' title='bbox 256 2628 524 2701; x_wconf 76' lang='grc' dir='ltr'><strong>⁸οὐρανῶν</strong></span> <span class='ocrx_word' id='word_1_297' title='bbox 569 2627 626 2683; x_wconf 79' lang='grc' dir='ltr'><strong>δὲ</strong></span> <span class='ocrx_word' id='word_1_298' title='bbox 662 2630 883 2700; x_wconf 79' lang='grc' dir='ltr'>μᾶλλον.</span> <span class='ocrx_word' id='word_1_299' title='bbox 921 2630 979 2683; x_wconf 84' lang='grc' dir='ltr'><strong>Ὀ</strong></span> <span class='ocrx_word' id='word_1_300' title='bbox 1007 2629 1116 2702; x_wconf 80' lang='grc' dir='ltr'>γὰρ</span> <span class='ocrx_word' id='word_1_301' title='bbox 1150 2630 1357 2685; x_wconf 82' lang='grc' dir='ltr'>ἀνωθεν</span> <span class='ocrx_word' id='word_1_302' title='bbox 1391 2632 1485 2684; x_wconf 77' lang='grc' dir='ltr'>καὶ</span> <span class='ocrx_word' id='word_1_303' title='bbox 1517 2632 1581 2685; x_wconf 81' lang='grc' dir='ltr'>ὲκ</span> <span class='ocrx_word' id='word_1_304' title='bbox 1611 2631 1703 2685; x_wconf 87' lang='grc' dir='ltr'><strong>τοῦ</strong></span> <span class='ocrx_word' id='word_1_305' title='bbox 1750 2632 1864 2684; x_wconf 85' lang='grc' dir='ltr'><strong>Πα-</strong></span> 
     </span>
    </p>
   </div>
   <div class='ocr_carea' id='block_1_42' title="bbox 270 2720 1865 2796">
    <p class='ocr_par' dir='ltr' id='par_1_42' title="bbox 270 2720 1865 2796">
     <span class='ocr_line' id='line_1_42' title="bbox 270 2720 1865 2796; baseline 0.003 -22"><span class='ocrx_word' id='word_1_306' title='bbox 270 2721 407 2794; x_wconf 77' lang='grc' dir='ltr'>τρὸς</span> <span class='ocrx_word' id='word_1_307' title='bbox 434 2720 567 2786; x_wconf 82' lang='grc' dir='ltr'>Θεὸς</span> <span class='ocrx_word' id='word_1_308' title='bbox 590 2721 782 2791; x_wconf 92' lang='grc' dir='ltr'>Λόγος,</span> <span class='ocrx_word' id='word_1_309' title='bbox 811 2720 1098 2793; x_wconf 78' lang='grc' dir='ltr'>ἄνθρωπος</span> <span class='ocrx_word' id='word_1_310' title='bbox 1124 2721 1316 2791; x_wconf 86' lang='grc' dir='ltr'>γέγονε</span> <span class='ocrx_word' id='word_1_311' title='bbox 1342 2724 1438 2777; x_wconf 76' lang='grc' dir='ltr'>καὶ</span> <span class='ocrx_word' id='word_1_312' title='bbox 1466 2723 1617 2788; x_wconf 84' lang='grc' dir='ltr'>Θεός.</span> <span class='ocrx_word' id='word_1_313' title='bbox 1649 2725 1865 2796; x_wconf 84' lang='grc' dir='ltr'>Χείρων</span> 
     </span>
    </p>
   </div>
   <div class='ocr_carea' id='block_1_43' title="bbox 276 2807 1864 2884">
    <p class='ocr_par' dir='ltr' id='par_1_43' title="bbox 276 2807 1864 2884">
     <span class='ocr_line' id='line_1_43' title="bbox 276 2807 1864 2884; baseline 0.004 -21"><span class='ocrx_word' id='word_1_314' title='bbox 276 2807 373 2865; x_wconf 80' lang='grc' dir='ltr'><strong>οὖν</strong></span> <span class='ocrx_word' id='word_1_315' title='bbox 398 2814 433 2883; x_wconf 78' lang='grc' dir='ltr'>ὴ</span> <span class='ocrx_word' id='word_1_316' title='bbox 465 2812 592 2883; x_wconf 86' lang='grc' dir='ltr'>δίκη</span> <span class='ocrx_word' id='word_1_317' title='bbox 625 2814 738 2876; x_wconf 80' lang='grc' dir='ltr'>τοῖς</span> <span class='ocrx_word' id='word_1_318' title='bbox 787 2811 951 2865; x_wconf 83' lang='grc' dir='ltr'>αὐτὸν</span> <span class='ocrx_word' id='word_1_319' title='bbox 995 2813 1528 2884; x_wconf 81' lang='grc' dir='ltr'>ἀποστρεφομένοις,</span> <span class='ocrx_word' id='word_1_320' title='bbox 1580 2815 1678 2868; x_wconf 79' lang='grc' dir='ltr'><strong>καὶ</strong></span> <span class='ocrx_word' id='word_1_321' title='bbox 1718 2814 1864 2884; x_wconf 83' lang='grc' dir='ltr'>μάλα</span> 
     </span>
    </p>
   </div>
   <div class='ocr_carea' id='block_1_44' title="bbox 278 2900 1862 2974">
    <p class='ocr_par' dir='ltr' id='par_1_44' title="bbox 278 2900 1862 2974">
     <span class='ocr_line' id='line_1_44' title="bbox 278 2900 1862 2974; baseline 0.003 -22"><span class='ocrx_word' id='word_1_322' title='bbox 278 2900 523 2964; x_wconf 82' lang='grc' dir='ltr'>είκότως.</span> <span class='ocrx_word' id='word_1_323' title='bbox 555 2901 642 2965; x_wconf 84' lang='grc' dir='ltr'>Ὠς</span> <span class='ocrx_word' id='word_1_324' title='bbox 669 2901 777 2973; x_wconf 88' lang='grc' dir='ltr'><strong>γάρ</strong></span> <span class='ocrx_word' id='word_1_325' title='bbox 806 2904 835 2955; x_wconf 89' lang='lat'><strong>6</strong></span> <span class='ocrx_word' id='word_1_326' title='bbox 862 2901 1025 2969; x_wconf 84' lang='grc' dir='ltr'>σοφός</span> <span class='ocrx_word' id='word_1_327' title='bbox 1047 2918 1210 2971; x_wconf 88' lang='grc' dir='ltr'>φησιν</span> <span class='ocrx_word' id='word_1_328' title='bbox 1245 2902 1498 2974; x_wconf 73' lang='grc' dir='ltr'>Ἰωάννης</span> <span class='ocrx_word' id='word_1_329' title='bbox 1519 2943 1534 2967; x_wconf 90' lang='grc'><strong>,</strong></span> <span class='ocrx_word' id='word_1_330' title='bbox 1565 2924 1584 2954; x_wconf 85' lang='grc'><strong><em>‹</em></strong></span> <span class='ocrx_word' id='word_1_331' title='bbox 1608 2904 1666 2957; x_wconf 88' lang='grc' dir='ltr'>ὐ</span> <span class='ocrx_word' id='word_1_332' title='bbox 1693 2903 1766 2959; x_wconf 83' lang='grc' dir='ltr'><strong>ὢν</strong></span> <span class='ocrx_word' id='word_1_333' title='bbox 1796 2906 1862 2957; x_wconf 81' lang='grc' dir='ltr'>ὲκ</span> 
     </span>
    </p>
   </div>
   <div class='ocr_carea' id='block_1_45' title="bbox 275 2988 1861 3065">
    <p class='ocr_par' dir='ltr' id='par_1_45' title="bbox 275 2988 1861 3065">
     <span class='ocr_line' id='line_1_45' title="bbox 275 2988 1861 3065; baseline 0.004 -24"><span class='ocrx_word' id='word_1_334' title='bbox 275 2988 379 3057; x_wconf 85' lang='grc' dir='ltr'><strong>τῆς</strong></span> <span class='ocrx_word' id='word_1_335' title='bbox 408 2988 532 3060; x_wconf 86' lang='grc' dir='ltr'>γῆς,</span> <span class='ocrx_word' id='word_1_336' title='bbox 561 2992 625 3043; x_wconf 88' lang='grc' dir='ltr'>ὲκ</span> <span class='ocrx_word' id='word_1_337' title='bbox 648 2990 747 3055; x_wconf 85' lang='grc' dir='ltr'><strong>τῆς</strong></span> <span class='ocrx_word' id='word_1_338' title='bbox 776 2989 882 3060; x_wconf 86' lang='grc' dir='ltr'><strong>γῆς</strong></span> <span class='ocrx_word' id='word_1_339' title='bbox 912 2990 1095 3055; x_wconf 85' lang='grc' dir='ltr'>λαλεῖ,</span> <span class='ocrx_word' id='word_1_340' title='bbox 1136 2992 1414 3045; x_wconf 81' lang='grc' dir='ltr'>τουτέστιν</span> <span class='ocrx_word' id='word_1_341' title='bbox 1454 2992 1771 3065; x_wconf 82' lang='grc' dir='ltr'>ἀνθρώπινα</span> <span class='ocrx_word' id='word_1_342' title='bbox 1790 3011 1803 3024; x_wconf 92' lang='grc'><strong>·</strong></span> <span class='ocrx_word' id='word_1_343' title='bbox 1832 2994 1861 3047; x_wconf 90' lang='grc' dir='ltr'><strong>ό</strong></span> 
     </span>
    </p>
   </div>
   <div class='ocr_carea' id='block_1_46' title="bbox 1973 1986 3556 2061">
    <p class='ocr_par' dir='ltr' id='par_1_46' title="bbox 1973 1986 3556 2061">
     <span class='ocr_line' id='line_1_46' title="bbox 1973 1986 3556 2061; baseline -0.003 -18"><span class='ocrx_word' id='word_1_344' title='bbox 1973 1990 2321 2061; x_wconf 88' lang='lat' dir='ltr'><strong>loquebatur,</strong></span> <span class='ocrx_word' id='word_1_345' title='bbox 2372 1991 2545 2045; x_wconf 90' lang='lat' dir='ltr'><strong>multo</strong></span> <span class='ocrx_word' id='word_1_346' title='bbox 2580 1989 2752 2059; x_wconf 86' lang='lat' dir='ltr'><strong>magis</strong></span> <span class='ocrx_word' id='word_1_347' title='bbox 2782 2003 2903 2055; x_wconf 89' lang='lat' dir='ltr'><strong>nos,</strong></span> <span class='ocrx_word' id='word_1_348' title='bbox 2932 1988 3022 2057; x_wconf 92' lang='lat' dir='ltr'><strong>qui</strong></span> <span class='ocrx_word' id='word_1_349' title='bbox 3055 1986 3122 2041; x_wconf 88' lang='lat' dir='ltr'><strong>de</strong></span> <span class='ocrx_word' id='word_1_350' title='bbox 3153 1986 3556 2054; x_wconf 74' lang='lat' dir='ltr'><strong>cmlotoquen-</strong></span> 
     </span>
    </p>
   </div>
   <div class='ocr_carea' id='block_1_47' title="bbox 1973 2080 3554 2152">
    <p class='ocr_par' dir='ltr' id='par_1_47' title="bbox 1973 2080 3554 2152">
     <span class='ocr_line' id='line_1_47' title="bbox 1973 2080 3554 2152; baseline -0.003 -16"><span class='ocrx_word' id='word_1_351' title='bbox 1973 2093 2078 2138; x_wconf 91' lang='lat' dir='ltr'><strong>tem</strong></span> <span class='ocrx_word' id='word_1_352' title='bbox 2107 2083 2264 2139; x_wconf 90' lang='lat' dir='ltr'><strong>nobis</strong></span> <span class='ocrx_word' id='word_1_353' title='bbox 2286 2084 2606 2150; x_wconf 87' lang='lat' dir='ltr'><strong>avertimus,</strong></span> <span class='ocrx_word' id='word_1_354' title='bbox 2638 2082 2798 2152; x_wconf 91' lang='lat' dir='ltr'><strong>cujus</strong></span> <span class='ocrx_word' id='word_1_355' title='bbox 2826 2095 2925 2135; x_wconf 79' lang='lat' dir='ltr'><strong>vox</strong></span> <span class='ocrx_word' id='word_1_356' title='bbox 2955 2080 3124 2134; x_wconf 85' lang='lat' dir='ltr'><strong>movit</strong></span> <span class='ocrx_word' id='word_1_357' title='bbox 3151 2088 3351 2135; x_wconf 90' lang='lat' dir='ltr'><strong>terram</strong></span> <span class='ocrx_word' id='word_1_358' title='bbox 3384 2087 3509 2131; x_wconf 92' lang='lat' dir='ltr'><strong>tunc</strong></span> <span class='ocrx_word' id='word_1_359' title='bbox 3537 2095 3554 2131; x_wconf 88' lang='lat'><strong>:</strong></span> 
     </span>
    </p>
   </div>
   <div class='ocr_carea' id='block_1_48' title="bbox 1970 2170 3646 2243">
    <p class='ocr_par' dir='ltr' id='par_1_48' title="bbox 1970 2170 3646 2243">
     <span class='ocr_line' id='line_1_48' title="bbox 1970 2170 3646 2243; baseline -0.004 -13"><span class='ocrx_word' id='word_1_360' title='bbox 1970 2191 2116 2231; x_wconf 92' lang='lat' dir='ltr'><strong>nunc</strong></span> <span class='ocrx_word' id='word_1_361' title='bbox 2148 2183 2334 2230; x_wconf 87' lang='lat' dir='ltr'><strong>autem</strong></span> <span class='ocrx_word' id='word_1_362' title='bbox 2370 2172 2694 2243; x_wconf 89' lang='lat' dir='ltr'><strong>repromittit</strong></span> <span class='ocrx_word' id='word_1_363' title='bbox 2718 2213 2733 2237; x_wconf 87' lang='lat'><strong>,</strong></span> <span class='ocrx_word' id='word_1_364' title='bbox 2771 2173 2957 2227; x_wconf 85' lang='lat' dir='ltr'><strong>dicens</strong></span> <span class='ocrx_word' id='word_1_365' title='bbox 2987 2189 3002 2225; x_wconf 91' lang='lat'><strong>:</strong></span> <span class='ocrx_word' id='word_1_366' title='bbox 3045 2170 3234 2224; x_wconf 80' lang='lat' dir='ltr'><strong>Adhuc</strong></span> <span class='ocrx_word' id='word_1_367' title='bbox 3264 2170 3432 2224; x_wconf 90' lang='lat' dir='ltr'><strong>semel</strong></span> <span class='ocrx_word' id='word_1_368' title='bbox 3455 2209 3469 2231; x_wconf 91' lang='lat'><strong>,</strong></span> <span class='ocrx_word' id='word_1_369' title='bbox 3506 2177 3561 2223; x_wconf 90' lang='lat' dir='ltr'><strong>et</strong></span> <span class='ocrx_word' id='word_1_370' title='bbox 3638 2178 3646 2187; x_wconf 88' lang='lat'><strong><em>‘</em></strong></span> 
     </span>
    </p>
   </div>
   <div class='ocr_carea' id='block_1_49' title="bbox 1963 2262 3553 2338">
    <p class='ocr_par' dir='ltr' id='par_1_49' title="bbox 1963 2262 3553 2338">
     <span class='ocr_line' id='line_1_49' title="bbox 1963 2262 3553 2338; baseline -0.005 -17"><span class='ocrx_word' id='word_1_371' title='bbox 1963 2282 2067 2338; x_wconf 76' lang='lat' dir='ltr'><strong>ego</strong></span> <span class='ocrx_word' id='word_1_372' title='bbox 2101 2266 2328 2322; x_wconf 83' lang='lat' dir='ltr'><strong>movebo</strong></span> <span class='ocrx_word' id='word_1_373' title='bbox 2368 2281 2477 2320; x_wconf 87' lang='lat' dir='ltr'><strong>non</strong></span> <span class='ocrx_word' id='word_1_374' title='bbox 2504 2266 2680 2321; x_wconf 81' lang='lat' dir='ltr'><strong>solum</strong></span> <span class='ocrx_word' id='word_1_375' title='bbox 2718 2274 2952 2326; x_wconf 89' lang='lat' dir='ltr'><strong>terram,</strong></span> <span class='ocrx_word' id='word_1_376' title='bbox 2984 2263 3078 2319; x_wconf 84' lang='lat' dir='ltr'><strong>sed</strong></span> <span class='ocrx_word' id='word_1_377' title='bbox 3126 2271 3179 2315; x_wconf 87' lang='lat' dir='ltr'><strong>et</strong></span> <span class='ocrx_word' id='word_1_378' title='bbox 3203 2262 3397 2317; x_wconf 67' lang='lat' dir='ltr'><strong>cadum</strong></span> <span class='ocrx_word' id='word_1_379' title='bbox 3427 2264 3494 2315; x_wconf 81' lang='grc'><strong>⁵⁷.</strong></span> <span class='ocrx_word' id='word_1_380' title='bbox 3534 2282 3553 2313; x_wconf 76' lang='grc' dir='ltr'><strong>ι</strong></span> 
     </span>
    </p>
   </div>
   <div class='ocr_carea' id='block_1_50' title="bbox 1968 2354 3559 2426">
    <p class='ocr_par' dir='ltr' id='par_1_50' title="bbox 1968 2354 3559 2426">
     <span class='ocr_line' id='line_1_50' title="bbox 1968 2354 3559 2426; baseline -0.001 -16"><span class='ocrx_word' id='word_1_381' title='bbox 1968 2357 2102 2425; x_wconf 86' lang='lat' dir='ltr'><strong>Quis</strong></span> <span class='ocrx_word' id='word_1_382' title='bbox 2153 2357 2267 2423; x_wconf 90' lang='lat' dir='ltr'><strong>ille,</strong></span> <span class='ocrx_word' id='word_1_383' title='bbox 2317 2372 2537 2426; x_wconf 66' lang='lat' dir='ltr'><strong>quaeso,</strong></span> <span class='ocrx_word' id='word_1_384' title='bbox 2574 2370 2736 2426; x_wconf 88' lang='lat' dir='ltr'><strong>quem</strong></span> <span class='ocrx_word' id='word_1_385' title='bbox 2788 2370 2909 2410; x_wconf 89' lang='lat' dir='ltr'><strong>cum</strong></span> <span class='ocrx_word' id='word_1_386' title='bbox 2953 2356 3007 2408; x_wconf 91' lang='lat' dir='ltr'><strong>in</strong></span> <span class='ocrx_word' id='word_1_387' title='bbox 3054 2356 3215 2409; x_wconf 90' lang='lat' dir='ltr'><strong>terris</strong></span> <span class='ocrx_word' id='word_1_388' title='bbox 3251 2354 3559 2419; x_wconf 84' lang='lat' dir='ltr'><strong>loquentem</strong></span> 
     </span>
    </p>
   </div>
   <div class='ocr_carea' id='block_1_51' title="bbox 1967 2446 3557 2518">
    <p class='ocr_par' dir='ltr' id='par_1_51' title="bbox 1967 2446 3557 2518">
     <span class='ocr_line' id='line_1_51' title="bbox 1967 2446 3557 2518; baseline -0.004 -14"><span class='ocrx_word' id='word_1_389' title='bbox 1967 2447 2282 2504; x_wconf 82' lang='lat' dir='ltr'><strong>Judaeorum</strong></span> <span class='ocrx_word' id='word_1_390' title='bbox 2314 2449 2548 2516; x_wconf 87' lang='lat' dir='ltr'><strong>majores</strong></span> <span class='ocrx_word' id='word_1_391' title='bbox 2575 2454 3038 2518; x_wconf 86' lang='lat' dir='ltr'><strong>aspernarentur,</strong></span> <span class='ocrx_word' id='word_1_392' title='bbox 3071 2459 3237 2515; x_wconf 81' lang='lat' dir='ltr'><strong>grave</strong></span> <span class='ocrx_word' id='word_1_393' title='bbox 3266 2446 3365 2500; x_wconf 86' lang='lat' dir='ltr'><strong>sibi</strong></span> <span class='ocrx_word' id='word_1_394' title='bbox 3411 2447 3557 2516; x_wconf 88' lang='lat' dir='ltr'><strong>peri-</strong></span> 
     </span>
    </p>
   </div>
   <div class='ocr_carea' id='block_1_52' title="bbox 1968 2536 3563 2607">
    <p class='ocr_par' dir='ltr' id='par_1_52' title="bbox 1968 2536 3563 2607">
     <span class='ocr_line' id='line_1_52' title="bbox 1968 2536 3563 2607; baseline -0.004 -12"><span class='ocrx_word' id='word_1_395' title='bbox 1968 2540 2147 2595; x_wconf 89' lang='lat' dir='ltr'><strong>culum</strong></span> <span class='ocrx_word' id='word_1_396' title='bbox 2187 2539 2752 2595; x_wconf 65' lang='lat' dir='ltr'><strong>acciveruntiannon</strong></span> <span class='ocrx_word' id='word_1_397' title='bbox 2809 2538 3019 2592; x_wconf 85' lang='lat' dir='ltr'><strong>clarum</strong></span> <span class='ocrx_word' id='word_1_398' title='bbox 3057 2548 3140 2592; x_wconf 90' lang='lat' dir='ltr'><strong>est</strong></span> <span class='ocrx_word' id='word_1_399' title='bbox 3169 2536 3386 2607; x_wconf 81' lang='lat' dir='ltr'><strong>Moysen</strong></span> <span class='ocrx_word' id='word_1_400' title='bbox 3420 2537 3563 2598; x_wconf 69' lang='lat' dir='ltr'><strong>hunc</strong></span> 
     </span>
    </p>
   </div>
   <div class='ocr_carea' id='block_1_53' title="bbox 1967 2628 3563 2693">
    <p class='ocr_par' dir='ltr' id='par_1_53' title="bbox 1967 2628 3563 2693">
     <span class='ocr_line' id='line_1_53' title="bbox 1967 2628 3563 2693; baseline -0.004 -7"><span class='ocrx_word' id='word_1_401' title='bbox 1967 2632 2290 2687; x_wconf 80' lang='lat' dir='ltr'><strong>exstitisse?</strong></span> <span class='ocrx_word' id='word_1_402' title='bbox 2321 2633 2387 2685; x_wconf 84' lang='lat' dir='ltr'><strong>At</strong></span> <span class='ocrx_word' id='word_1_403' title='bbox 2418 2630 2672 2686; x_wconf 88' lang='lat' dir='ltr'><strong>Christus</strong></span> <span class='ocrx_word' id='word_1_404' title='bbox 2713 2645 2817 2686; x_wconf 92' lang='lat' dir='ltr'><strong>non</strong></span> <span class='ocrx_word' id='word_1_405' title='bbox 2862 2637 2927 2685; x_wconf 86' lang='lat' dir='ltr'><strong>de</strong></span> <span class='ocrx_word' id='word_1_406' title='bbox 2974 2639 3153 2693; x_wconf 87' lang='lat' dir='ltr'><strong>terra,</strong></span> <span class='ocrx_word' id='word_1_407' title='bbox 3198 2630 3290 2684; x_wconf 88' lang='lat' dir='ltr'><strong>sed</strong></span> <span class='ocrx_word' id='word_1_408' title='bbox 3329 2629 3393 2682; x_wconf 92' lang='lat' dir='ltr'><strong>dc</strong></span> <span class='ocrx_word' id='word_1_409' title='bbox 3425 2628 3563 2681; x_wconf 72' lang='lat' dir='ltr'><strong>coelo</strong></span> 
     </span>
    </p>
   </div>
   <div class='ocr_carea' id='block_1_54' title="bbox 1968 2717 3565 2790">
    <p class='ocr_par' dir='ltr' id='par_1_54' title="bbox 1968 2717 3565 2790">
     <span class='ocr_line' id='line_1_54' title="bbox 1968 2717 3565 2790; baseline -0.005 -13"><span class='ocrx_word' id='word_1_410' title='bbox 1968 2733 2070 2779; x_wconf 89' lang='lat' dir='ltr'><strong>est.</strong></span> <span class='ocrx_word' id='word_1_411' title='bbox 2106 2720 2241 2776; x_wconf 76' lang='lat' dir='ltr'><strong>Nam</strong></span> <span class='ocrx_word' id='word_1_412' title='bbox 2282 2722 2425 2776; x_wconf 88' lang='lat' dir='ltr'><strong>Deus</strong></span> <span class='ocrx_word' id='word_1_413' title='bbox 2454 2721 2720 2785; x_wconf 81' lang='lat' dir='ltr'><strong>Verbum,</strong></span> <span class='ocrx_word' id='word_1_414' title='bbox 2768 2721 2911 2790; x_wconf 87' lang='lat' dir='ltr'><strong>quod</strong></span> <span class='ocrx_word' id='word_1_415' title='bbox 2958 2720 3024 2774; x_wconf 90' lang='lat' dir='ltr'><strong>de</strong></span> <span class='ocrx_word' id='word_1_416' title='bbox 3064 2717 3315 2786; x_wconf 90' lang='lat' dir='ltr'><strong>supernis</strong></span> <span class='ocrx_word' id='word_1_417' title='bbox 3351 2725 3464 2781; x_wconf 86' lang='lat' dir='ltr'><strong>est,</strong></span> <span class='ocrx_word' id='word_1_418' title='bbox 3509 2724 3565 2770; x_wconf 89' lang='lat' dir='ltr'><strong>et</strong></span> 
     </span>
    </p>
   </div>
   <div class='ocr_carea' id='block_1_55' title="bbox 1967 2807 3558 2879">
    <p class='ocr_par' dir='ltr' id='par_1_55' title="bbox 1967 2807 3558 2879">
     <span class='ocr_line' id='line_1_55' title="bbox 1967 2807 3558 2879; baseline -0.004 -12"><span class='ocrx_word' id='word_1_419' title='bbox 1967 2829 2031 2867; x_wconf 83' lang='lat' dir='ltr'><strong>ex</strong></span> <span class='ocrx_word' id='word_1_420' title='bbox 2069 2813 2230 2867; x_wconf 81' lang='lat' dir='ltr'><strong>Patre</strong></span> <span class='ocrx_word' id='word_1_421' title='bbox 2254 2824 2433 2866; x_wconf 90' lang='lat' dir='ltr'><strong>ortum</strong></span> <span class='ocrx_word' id='word_1_422' title='bbox 2462 2819 2565 2875; x_wconf 89' lang='lat' dir='ltr'><strong>est,</strong></span> <span class='ocrx_word' id='word_1_423' title='bbox 2591 2810 2766 2865; x_wconf 79' lang='lat' dir='ltr'><strong>factus</strong></span> <span class='ocrx_word' id='word_1_424' title='bbox 2790 2818 2871 2864; x_wconf 91' lang='lat' dir='ltr'><strong>est</strong></span> <span class='ocrx_word' id='word_1_425' title='bbox 2899 2809 3081 2874; x_wconf 91' lang='lat' dir='ltr'><strong>homo,</strong></span> <span class='ocrx_word' id='word_1_426' title='bbox 3111 2808 3362 2879; x_wconf 86' lang='lat' dir='ltr'><strong>idemque</strong></span> <span class='ocrx_word' id='word_1_427' title='bbox 3388 2807 3558 2862; x_wconf 88' lang='lat' dir='ltr'><strong>Deus.</strong></span> 
     </span>
    </p>
   </div>
   <div class='ocr_carea' id='block_1_56' title="bbox 1965 2900 3559 2972">
    <p class='ocr_par' dir='ltr' id='par_1_56' title="bbox 1965 2900 3559 2972">
     <span class='ocr_line' id='line_1_56' title="bbox 1965 2900 3559 2972; baseline -0.003 -15"><span class='ocrx_word' id='word_1_428' title='bbox 1965 2903 2199 2957; x_wconf 79' lang='lat' dir='ltr'><strong>Gravius</strong></span> <span class='ocrx_word' id='word_1_429' title='bbox 2225 2900 2457 2972; x_wconf 86' lang='lat' dir='ltr'><strong>proinde</strong></span> <span class='ocrx_word' id='word_1_430' title='bbox 2492 2901 2821 2970; x_wconf 84' lang='lat' dir='ltr'><strong>supplicium</strong></span> <span class='ocrx_word' id='word_1_431' title='bbox 2848 2901 3075 2955; x_wconf 86' lang='lat' dir='ltr'><strong>debetur</strong></span> <span class='ocrx_word' id='word_1_432' title='bbox 3116 2901 3222 2965; x_wconf 90' lang='lat' dir='ltr'><strong>his,</strong></span> <span class='ocrx_word' id='word_1_433' title='bbox 3261 2900 3349 2969; x_wconf 90' lang='lat' dir='ltr'><strong>qui</strong></span> <span class='ocrx_word' id='word_1_434' title='bbox 3384 2900 3559 2969; x_wconf 87' lang='lat' dir='ltr'><strong>ipsum</strong></span> 
     </span>
    </p>
   </div>
   <div class='ocr_carea' id='block_1_57' title="bbox 1963 2990 3561 3063">
    <p class='ocr_par' dir='ltr' id='par_1_57' title="bbox 1963 2990 3561 3063">
     <span class='ocr_line' id='line_1_57' title="bbox 1963 2990 3561 3063; baseline -0.003 -14"><span class='ocrx_word' id='word_1_435' title='bbox 1963 2990 2307 3061; x_wconf 77' lang='lat' dir='ltr'><strong>aversantur,</strong></span> <span class='ocrx_word' id='word_1_436' title='bbox 2376 3009 2476 3049; x_wconf 91' lang='lat' dir='ltr'><strong>nec</strong></span> <span class='ocrx_word' id='word_1_437' title='bbox 2530 2993 2750 3063; x_wconf 87' lang='lat' dir='ltr'><strong>injuria,</strong></span> <span class='ocrx_word' id='word_1_438' title='bbox 2776 2992 3233 3062; x_wconf 88' lang='lat' dir='ltr'><strong>quandoquidem,</strong></span> <span class='ocrx_word' id='word_1_439' title='bbox 3265 2992 3561 3060; x_wconf 86' lang='lat' dir='ltr'><strong>utsapiens</strong></span> 
     </span>
    </p>
   </div>
   <div class='ocr_carea' id='block_1_58' title="bbox 274 3077 1864 3152">
    <p class='ocr_par' dir='ltr' id='par_1_58' title="bbox 274 3077 1860 3152">
     <span class='ocr_line' id='line_1_58' title="bbox 274 3077 1860 3152; baseline 0.005 -21"><span class='ocrx_word' id='word_1_440' title='bbox 274 3077 335 3131; x_wconf 80' lang='grc' dir='ltr'><strong>δὲ</strong></span> <span class='ocrx_word' id='word_1_441' title='bbox 368 3078 575 3132; x_wconf 79' lang='grc' dir='ltr'>ἄνωθεν</span> <span class='ocrx_word' id='word_1_442' title='bbox 600 3081 914 3152; x_wconf 82' lang='grc' dir='ltr'>ἐρχόμενος,</span> <span class='ocrx_word' id='word_1_443' title='bbox 945 3082 1130 3136; x_wconf 75' lang='grc' dir='ltr'>ἐπάνω</span> <span class='ocrx_word' id='word_1_444' title='bbox 1151 3084 1369 3137; x_wconf 78' lang='grc' dir='ltr'>πάντων</span> <span class='ocrx_word' id='word_1_445' title='bbox 1389 3084 1559 3151; x_wconf 76' lang='grc' dir='ltr'>ἐστὶν,</span> <span class='ocrx_word' id='word_1_446' title='bbox 1585 3105 1602 3135; x_wconf 78' lang='grc' dir='ltr'><strong>ι</strong></span> <span class='ocrx_word' id='word_1_447' title='bbox 1626 3085 1703 3149; x_wconf 84' lang='grc' dir='ltr'>ὡς</span> <span class='ocrx_word' id='word_1_448' title='bbox 1727 3086 1860 3150; x_wconf 84' lang='grc' dir='ltr'>Θεὸς</span> 
     </span>
    </p>
   </div>
   <div class='ocr_carea' id='block_1_59' title="bbox 1967 3077 3559 3152">
    <p class='ocr_par' dir='ltr' id='par_1_59' title="bbox 1967 3084 3559 3152">
     <span class='ocr_line' id='line_1_59' title="bbox 1967 3084 3559 3152; baseline -0.004 -10"><span class='ocrx_word' id='word_1_449' title='bbox 1967 3086 2198 3142; x_wconf 80' lang='lat' dir='ltr'><strong>Joannes</strong></span> <span class='ocrx_word' id='word_1_450' title='bbox 2229 3097 2437 3150; x_wconf 85' lang='lat' dir='ltr'><strong>monet,</strong></span> <span class='ocrx_word' id='word_1_451' title='bbox 2503 3102 2523 3136; x_wconf 77' lang='grc' dir='ltr'><strong>ι</strong></span> <span class='ocrx_word' id='word_1_452' title='bbox 2554 3084 2658 3151; x_wconf 87' lang='lat' dir='ltr'><strong>Qui</strong></span> <span class='ocrx_word' id='word_1_453' title='bbox 2698 3086 2764 3140; x_wconf 88' lang='lat' dir='ltr'><strong>de</strong></span> <span class='ocrx_word' id='word_1_454' title='bbox 2793 3094 2932 3138; x_wconf 88' lang='lat' dir='ltr'><strong>terra</strong></span> <span class='ocrx_word' id='word_1_455' title='bbox 2968 3094 3072 3149; x_wconf 88' lang='lat' dir='ltr'><strong>est,</strong></span> <span class='ocrx_word' id='word_1_456' title='bbox 3110 3084 3178 3138; x_wconf 88' lang='lat' dir='ltr'><strong>de</strong></span> <span class='ocrx_word' id='word_1_457' title='bbox 3212 3094 3352 3139; x_wconf 88' lang='lat' dir='ltr'><strong>terra</strong></span> <span class='ocrx_word' id='word_1_458' title='bbox 3382 3084 3559 3152; x_wconf 90' lang='lat' dir='ltr'><strong>loqui—</strong></span> 
     </span>
    </p>
   </div>
   <div class='ocr_carea' id='block_1_60' title="bbox 270 3167 1611 3246">
    <p class='ocr_par' dir='ltr' id='par_1_60' title="bbox 270 3167 1611 3246">
     <span class='ocr_line' id='line_1_60' title="bbox 270 3167 1611 3246; baseline 0.007 -25"><span class='ocrx_word' id='word_1_459' title='bbox 270 3167 537 3238; x_wconf 84' lang='grc' dir='ltr'>δηλονότι.</span> <span class='ocrx_word' id='word_1_460' title='bbox 571 3171 741 3226; x_wconf 90' lang='grc' dir='ltr'>Τοῦτο</span> <span class='ocrx_word' id='word_1_461' title='bbox 769 3172 825 3226; x_wconf 86' lang='grc' dir='ltr'><strong>δὲ</strong></span> <span class='ocrx_word' id='word_1_462' title='bbox 853 3181 879 3208; x_wconf 72' lang='grc' dir='ltr'><strong>ι</strong></span> <span class='ocrx_word' id='word_1_463' title='bbox 907 3168 972 3243; x_wconf 83' lang='grc' dir='ltr'>ἦν</span> <span class='ocrx_word' id='word_1_464' title='bbox 1003 3190 1061 3227; x_wconf 88' lang='grc' dir='ltr'><strong>τε</strong></span> <span class='ocrx_word' id='word_1_465' title='bbox 1092 3173 1187 3227; x_wconf 72' lang='grc' dir='ltr'><strong>καὶ</strong></span> <span class='ocrx_word' id='word_1_466' title='bbox 1212 3174 1326 3227; x_wconf 79' lang='grc' dir='ltr'>ἐστι</span> <span class='ocrx_word' id='word_1_467' title='bbox 1357 3176 1611 3246; x_wconf 86' lang='grc' dir='ltr'>Χριστός.</span> 
     </span>
    </p>
   </div>
   <div class='ocr_carea' id='block_1_61' title="bbox 1966 3172 3561 3242">
    <p class='ocr_par' dir='ltr' id='par_1_61' title="bbox 1966 3172 3561 3242">
     <span class='ocr_line' id='line_1_61' title="bbox 1966 3172 3561 3242; baseline -0.003 -11"><span class='ocrx_word' id='word_1_468' title='bbox 1966 3187 2074 3242; x_wconf 91' lang='lat' dir='ltr'><strong>tur,</strong></span> <span class='ocrx_word' id='word_1_469' title='bbox 2108 3196 2127 3229; x_wconf 76' lang='grc' dir='ltr'><strong>ι</strong></span> <span class='ocrx_word' id='word_1_470' title='bbox 2171 3177 2274 3231; x_wconf 83' lang='grc' dir='ltr'>Ιιοε</span> <span class='ocrx_word' id='word_1_471' title='bbox 2318 3185 2402 3231; x_wconf 89' lang='grc' dir='ltr'><strong>εει</strong></span> <span class='ocrx_word' id='word_1_472' title='bbox 2431 3176 2666 3230; x_wconf 88' lang='lat' dir='ltr'><strong>humana</strong></span> <span class='ocrx_word' id='word_1_473' title='bbox 2703 3191 2719 3229; x_wconf 87' lang='lat'><strong>:</strong></span> <span class='ocrx_word' id='word_1_474' title='bbox 2755 3190 2774 3224; x_wconf 80' lang='grc' dir='ltr'><strong>ι</strong></span> <span class='ocrx_word' id='word_1_475' title='bbox 2815 3173 2911 3242; x_wconf 90' lang='lat' dir='ltr'><strong>qui</strong></span> <span class='ocrx_word' id='word_1_476' title='bbox 2967 3180 3146 3227; x_wconf 88' lang='lat' dir='ltr'><strong>autem</strong></span> <span class='ocrx_word' id='word_1_477' title='bbox 3186 3172 3255 3227; x_wconf 89' lang='lat' dir='ltr'><strong>de</strong></span> <span class='ocrx_word' id='word_1_478' title='bbox 3305 3173 3561 3241; x_wconf 82' lang='lat' dir='ltr'><strong>supernis</strong></span> 
     </span>
    </p>
   </div>
   <div class='ocr_carea' id='block_1_62' title="bbox 276 3260 3558 3336">
    <p class='ocr_par' dir='ltr' id='par_1_62' title="bbox 276 3260 3558 3336">
     <span class='ocr_line' id='line_1_62' title="bbox 276 3260 3558 3336; baseline 0.001 -24"><span class='ocrx_word' id='word_1_479' title='bbox 276 3260 449 3325; x_wconf 81' lang='lat' dir='ltr'><strong>venit,</strong></span> <span class='ocrx_word' id='word_1_480' title='bbox 491 3277 654 3332; x_wconf 86' lang='lat' dir='ltr'><strong>super</strong></span> <span class='ocrx_word' id='word_1_481' title='bbox 682 3279 874 3318; x_wconf 83' lang='lat' dir='ltr'><strong>omnes</strong></span> <span class='ocrx_word' id='word_1_482' title='bbox 901 3272 985 3319; x_wconf 81' lang='lat' dir='ltr'><strong>est</strong></span> <span class='ocrx_word' id='word_1_483' title='bbox 1013 3265 1058 3295; x_wconf 79' lang='grc'><strong>⁸⁸</strong></span> <span class='ocrx_word' id='word_1_484' title='bbox 1081 3303 1097 3330; x_wconf 92' lang='grc'><strong>,</strong></span> <span class='ocrx_word' id='word_1_485' title='bbox 1140 3283 1158 3317; x_wconf 76' lang='grc' dir='ltr'><strong>ι</strong></span> <span class='ocrx_word' id='word_1_486' title='bbox 1208 3282 1400 3336; x_wconf 89' lang='lat' dir='ltr'><strong>nempe</strong></span> <span class='ocrx_word' id='word_1_487' title='bbox 1431 3276 1488 3321; x_wconf 85' lang='grc' dir='ltr'><strong>ιιι</strong></span> <span class='ocrx_word' id='word_1_488' title='bbox 1516 3267 1675 3322; x_wconf 86' lang='lat' dir='ltr'><strong>Deus.</strong></span> <span class='ocrx_word' id='word_1_489' title='bbox 1710 3265 1864 3325; x_wconf 82' lang='lat' dir='ltr'><strong>ﬂunc</strong></span> <span class='ocrx_word' id='word_1_490' title='bbox 1903 3274 2087 3324; x_wconf 86' lang='lat' dir='ltr'><strong>autem</strong></span> <span class='ocrx_word' id='word_1_491' title='bbox 2144 3267 2424 3323; x_wconf 78' lang='lat' dir='ltr'><strong>Christum</strong></span> <span class='ocrx_word' id='word_1_492' title='bbox 2459 3282 2602 3333; x_wconf 88' lang='lat' dir='ltr'><strong>esse,</strong></span> <span class='ocrx_word' id='word_1_493' title='bbox 2629 3275 2684 3321; x_wconf 90' lang='lat' dir='ltr'><strong>et</strong></span> <span class='ocrx_word' id='word_1_494' title='bbox 2748 3263 2940 3331; x_wconf 78' lang='lat' dir='ltr'><strong>fuisse,</strong></span> <span class='ocrx_word' id='word_1_495' title='bbox 2967 3264 3323 3334; x_wconf 67' lang='lat' dir='ltr'><strong>quaestionem</strong></span> <span class='ocrx_word' id='word_1_496' title='bbox 3356 3262 3558 3318; x_wconf 82' lang='lat' dir='ltr'><strong>nullam</strong></span> 
     </span>
    </p>
   </div>
   <div class='ocr_carea' id='block_1_63' title="bbox 272 3352 463 3409">
    <p class='ocr_par' dir='ltr' id='par_1_63' title="bbox 272 3352 463 3409">
     <span class='ocr_line' id='line_1_63' title="bbox 272 3352 463 3409; baseline -0.005 0"><span class='ocrx_word' id='word_1_497' title='bbox 272 3352 463 3409; x_wconf 85' lang='lat' dir='ltr'><strong>habet.</strong></span> 
     </span>
    </p>
   </div>
   <div class='ocr_carea' id='block_1_64' title="bbox 353 3444 1864 3518">
    <p class='ocr_par' dir='ltr' id='par_1_64' title="bbox 353 3444 1859 3518">
     <span class='ocr_line' id='line_1_64' title="bbox 353 3444 1859 3518; baseline 0.003 -21"><span class='ocrx_word' id='word_1_498' title='bbox 353 3464 373 3497; x_wconf 75' lang='grc' dir='ltr'><strong>ι</strong></span> <span class='ocrx_word' id='word_1_499' title='bbox 415 3444 622 3513; x_wconf 87' lang='grc' dir='ltr'>Ἰησοῦς</span> <span class='ocrx_word' id='word_1_500' title='bbox 653 3444 887 3514; x_wconf 84' lang='grc' dir='ltr'>Χριστὸς</span> <span class='ocrx_word' id='word_1_501' title='bbox 915 3444 1062 3515; x_wconf 78' lang='grc' dir='ltr'>χθὲς,</span> <span class='ocrx_word' id='word_1_502' title='bbox 1088 3446 1181 3500; x_wconf 75' lang='grc' dir='ltr'><strong>καὶ</strong></span> <span class='ocrx_word' id='word_1_503' title='bbox 1215 3447 1457 3518; x_wconf 81' lang='grc' dir='ltr'>σήμερον</span> <span class='ocrx_word' id='word_1_504' title='bbox 1486 3449 1514 3500; x_wconf 93' lang='grc' dir='ltr'><strong>ό</strong></span> <span class='ocrx_word' id='word_1_505' title='bbox 1547 3448 1729 3513; x_wconf 77' lang='grc' dir='ltr'>αὐτὸς,</span> <span class='ocrx_word' id='word_1_506' title='bbox 1764 3449 1859 3502; x_wconf 79' lang='grc' dir='ltr'>καὶ</span> 
     </span>
    </p>
   </div>
   <div class='ocr_carea' id='block_1_65' title="bbox 1967 3444 3558 3518">
    <p class='ocr_par' dir='ltr' id='par_1_65' title="bbox 2042 3446 3558 3516">
     <span class='ocr_line' id='line_1_65' title="bbox 2042 3446 3558 3516; baseline 0.001 -15"><span class='ocrx_word' id='word_1_507' title='bbox 2042 3467 2061 3501; x_wconf 77' lang='grc' dir='ltr'><strong>ι</strong></span> <span class='ocrx_word' id='word_1_508' title='bbox 2093 3447 2254 3504; x_wconf 76' lang='lat' dir='ltr'><strong>Jesus</strong></span> <span class='ocrx_word' id='word_1_509' title='bbox 2281 3447 2534 3505; x_wconf 87' lang='lat' dir='ltr'><strong>Christus</strong></span> <span class='ocrx_word' id='word_1_510' title='bbox 2581 3448 2734 3513; x_wconf 87' lang='lat' dir='ltr'><strong>heri,</strong></span> <span class='ocrx_word' id='word_1_511' title='bbox 2763 3454 2820 3502; x_wconf 88' lang='lat' dir='ltr'><strong>et</strong></span> <span class='ocrx_word' id='word_1_512' title='bbox 2872 3446 3054 3512; x_wconf 86' lang='lat' dir='ltr'><strong>hodie,</strong></span> <span class='ocrx_word' id='word_1_513' title='bbox 3100 3446 3217 3516; x_wconf 88' lang='lat' dir='ltr'><strong>ipse</strong></span> <span class='ocrx_word' id='word_1_514' title='bbox 3249 3456 3306 3504; x_wconf 86' lang='lat' dir='ltr'><strong>et</strong></span> <span class='ocrx_word' id='word_1_515' title='bbox 3356 3447 3408 3501; x_wconf 94' lang='lat' dir='ltr'><strong>in</strong></span> <span class='ocrx_word' id='word_1_516' title='bbox 3452 3459 3558 3503; x_wconf 70' lang='grc' dir='ltr'>ειε-</span> 
     </span>
    </p>
   </div>
   <div class='ocr_carea' id='block_1_66' title="bbox 273 3535 1864 3607">
    <p class='ocr_par' dir='ltr' id='par_1_66' title="bbox 273 3535 1864 3607">
     <span class='ocr_line' id='line_1_66' title="bbox 273 3535 1864 3607; baseline 0.003 -18"><span class='ocrx_word' id='word_1_517' title='bbox 273 3537 359 3599; x_wconf 67' lang='lat' dir='ltr'><strong>sic</strong></span> <span class='ocrx_word' id='word_1_518' title='bbox 386 3537 513 3599; x_wconf 77' lang='grc' dir='ltr'>τοὺς</span> <span class='ocrx_word' id='word_1_519' title='bbox 541 3535 764 3600; x_wconf 78' lang='grc' dir='ltr'>αἰῶνας.</span> <span class='ocrx_word' id='word_1_520' title='bbox 794 3554 812 3587; x_wconf 76' lang='grc' dir='ltr'><strong>ι</strong></span> <span class='ocrx_word' id='word_1_521' title='bbox 838 3536 941 3589; x_wconf 83' lang='grc' dir='ltr'>Τὸν</span> <span class='ocrx_word' id='word_1_522' title='bbox 970 3538 1034 3590; x_wconf 77' lang='grc' dir='ltr'><strong>ὲκ</strong></span> <span class='ocrx_word' id='word_1_523' title='bbox 1063 3536 1198 3590; x_wconf 85' lang='grc' dir='ltr'>Θεοῦ</span> <span class='ocrx_word' id='word_1_524' title='bbox 1231 3537 1404 3607; x_wconf 74' lang='grc' dir='ltr'>φύντα</span> <span class='ocrx_word' id='word_1_525' title='bbox 1426 3538 1600 3607; x_wconf 88' lang='grc' dir='ltr'>Λόγον</span> <span class='ocrx_word' id='word_1_526' title='bbox 1624 3540 1744 3594; x_wconf 89' lang='grc' dir='ltr'>τότε</span> <span class='ocrx_word' id='word_1_527' title='bbox 1777 3557 1864 3594; x_wconf 85' lang='grc' dir='ltr'>κε-</span> 
     </span>
    </p>
   </div>
   <div class='ocr_carea' id='block_1_67' title="bbox 271 3627 1861 3700">
    <p class='ocr_par' dir='ltr' id='par_1_67' title="bbox 271 3627 1861 3700">
     <span class='ocr_line' id='line_1_67' title="bbox 271 3627 1861 3700; baseline 0.002 -18"><span class='ocrx_word' id='word_1_528' title='bbox 271 3627 547 3698; x_wconf 83' lang='grc' dir='ltr'>κλημένον</span> <span class='ocrx_word' id='word_1_529' title='bbox 594 3627 903 3699; x_wconf 76' lang='grc' dir='ltr'>εὑρήσομεν</span> <span class='ocrx_word' id='word_1_530' title='bbox 949 3629 1156 3699; x_wconf 80' lang='grc' dir='ltr'>Ἰησοῦν</span> <span class='ocrx_word' id='word_1_531' title='bbox 1198 3629 1457 3700; x_wconf 77' lang='grc' dir='ltr'>Χριστὸν,</span> <span class='ocrx_word' id='word_1_532' title='bbox 1490 3631 1581 3684; x_wconf 78' lang='grc' dir='ltr'><strong>ὅτε</strong></span> <span class='ocrx_word' id='word_1_533' title='bbox 1639 3632 1861 3700; x_wconf 87' lang='grc' dir='ltr'>γέγονεν</span> 
     </span>
    </p>
   </div>
   <div class='ocr_carea' id='block_1_68' title="bbox 270 3714 1857 3791">
    <p class='ocr_par' dir='ltr' id='par_1_68' title="bbox 270 3714 1857 3791">
     <span class='ocr_line' id='line_1_68' title="bbox 270 3714 1857 3791; baseline 0.002 -21"><span class='ocrx_word' id='word_1_534' title='bbox 270 3714 562 3786; x_wconf 80' lang='grc' dir='ltr'>ἄνθρωπος</span> <span class='ocrx_word' id='word_1_535' title='bbox 591 3716 655 3768; x_wconf 83' lang='grc' dir='ltr'>ὲκ</span> <span class='ocrx_word' id='word_1_536' title='bbox 687 3716 969 3784; x_wconf 88' lang='grc' dir='ltr'>γυναικός.</span> <span class='ocrx_word' id='word_1_537' title='bbox 987 3718 1112 3783; x_wconf 80' lang='grc' dir='ltr'><strong>Πῶς</strong></span> <span class='ocrx_word' id='word_1_538' title='bbox 1139 3714 1233 3772; x_wconf 76' lang='grc' dir='ltr'><strong>οὖν</strong></span> <span class='ocrx_word' id='word_1_539' title='bbox 1256 3720 1284 3771; x_wconf 91' lang='lat'><strong>6</strong></span> <span class='ocrx_word' id='word_1_540' title='bbox 1318 3719 1464 3790; x_wconf 82' lang='grc' dir='ltr'>χθὲς,</span> <span class='ocrx_word' id='word_1_541' title='bbox 1484 3721 1578 3774; x_wconf 67' lang='grc' dir='ltr'><strong>καὶ</strong></span> <span class='ocrx_word' id='word_1_542' title='bbox 1596 3722 1857 3791; x_wconf 72' lang='grc' dir='ltr'>σήμερον,</span> 
     </span>
    </p>
   </div>
   <div class='ocr_carea' id='block_1_69' title="bbox 270 3803 1858 3883">
    <p class='ocr_par' dir='ltr' id='par_1_69' title="bbox 270 3803 1858 3883">
     <span class='ocr_line' id='line_1_69' title="bbox 270 3803 1858 3883; baseline 0.003 -23"><span class='ocrx_word' id='word_1_543' title='bbox 270 3808 304 3860; x_wconf 86' lang='lat'><strong>6</strong></span> <span class='ocrx_word' id='word_1_544' title='bbox 343 3804 505 3869; x_wconf 76' lang='grc' dir='ltr'>αὐτὸς</span> <span class='ocrx_word' id='word_1_545' title='bbox 543 3803 639 3859; x_wconf 72' lang='grc' dir='ltr'>καὶ</span> <span class='ocrx_word' id='word_1_546' title='bbox 681 3807 760 3869; x_wconf 84' lang='grc' dir='ltr'><strong>είς</strong></span> <span class='ocrx_word' id='word_1_547' title='bbox 792 3808 920 3870; x_wconf 81' lang='grc' dir='ltr'>τοὺς</span> <span class='ocrx_word' id='word_1_548' title='bbox 965 3808 1203 3875; x_wconf 85' lang='grc' dir='ltr'>αίῶνας;</span> <span class='ocrx_word' id='word_1_549' title='bbox 1247 3810 1469 3863; x_wconf 82' lang='grc' dir='ltr'>Ἐνώσει</span> <span class='ocrx_word' id='word_1_550' title='bbox 1516 3811 1760 3882; x_wconf 84' lang='grc' dir='ltr'>δηλονότι</span> <span class='ocrx_word' id='word_1_551' title='bbox 1790 3814 1858 3883; x_wconf 75' lang='grc' dir='ltr'>τῇ</span> 
     </span>
    </p>
   </div>
   <div class='ocr_carea' id='block_1_70' title="bbox 273 3897 1860 3975">
    <p class='ocr_par' dir='ltr' id='par_1_70' title="bbox 273 3897 1860 3975">
     <span class='ocr_line' id='line_1_70' title="bbox 273 3897 1860 3975; baseline 0.004 -24"><span class='ocrx_word' id='word_1_552' title='bbox 273 3897 415 3971; x_wconf 81' lang='grc' dir='ltr'>πρὸς</span> <span class='ocrx_word' id='word_1_553' title='bbox 438 3897 531 3951; x_wconf 82' lang='grc' dir='ltr'>τὸν</span> <span class='ocrx_word' id='word_1_554' title='bbox 562 3899 626 3950; x_wconf 85' lang='grc' dir='ltr'>ὲκ</span> <span class='ocrx_word' id='word_1_555' title='bbox 651 3897 787 3952; x_wconf 82' lang='grc' dir='ltr'>Θεοῦ</span> <span class='ocrx_word' id='word_1_556' title='bbox 819 3899 1010 3967; x_wconf 78' lang='grc' dir='ltr'>Λόγον,</span> <span class='ocrx_word' id='word_1_557' title='bbox 1036 3901 1114 3963; x_wconf 88' lang='grc' dir='ltr'><strong>είς</strong></span> <span class='ocrx_word' id='word_1_558' title='bbox 1149 3900 1276 3955; x_wconf 83' lang='grc' dir='ltr'>Υίὺν</span> <span class='ocrx_word' id='word_1_559' title='bbox 1301 3901 1401 3955; x_wconf 69' lang='grc' dir='ltr'>ἕνα</span> <span class='ocrx_word' id='word_1_560' title='bbox 1430 3904 1729 3975; x_wconf 80' lang='grc' dir='ltr'>νοουμένης</span> <span class='ocrx_word' id='word_1_561' title='bbox 1757 3904 1860 3974; x_wconf 90' lang='grc' dir='ltr'><strong>τῆς</strong></span> 
     </span>
    </p>
   </div>
   <div class='ocr_carea' id='block_1_71' title="bbox 272 3991 1858 4068">
    <p class='ocr_par' dir='ltr' id='par_1_71' title="bbox 272 3991 1858 4068">
     <span class='ocr_line' id='line_1_71' title="bbox 272 3991 1858 4068; baseline 0.001 -21"><span class='ocrx_word' id='word_1_562' title='bbox 272 3991 680 4063; x_wconf 77' lang='grc' dir='ltr'>ἀναληφθείσης</span> <span class='ocrx_word' id='word_1_563' title='bbox 719 3991 780 4058; x_wconf 77' lang='grc' dir='ltr'>ἐξ</span> <span class='ocrx_word' id='word_1_564' title='bbox 803 3992 968 4047; x_wconf 80' lang='grc' dir='ltr'>αὐτοῦ</span> <span class='ocrx_word' id='word_1_565' title='bbox 1013 3993 1244 4065; x_wconf 83' lang='grc' dir='ltr'>σαρκός’</span> <span class='ocrx_word' id='word_1_566' title='bbox 1276 3993 1419 4047; x_wconf 75' lang='grc' dir='ltr'>οὕτω</span> <span class='ocrx_word' id='word_1_567' title='bbox 1453 3994 1563 4066; x_wconf 83' lang='grc' dir='ltr'>γὰρ</span> <span class='ocrx_word' id='word_1_568' title='bbox 1594 3995 1656 4048; x_wconf 83' lang='grc' dir='ltr'>τὸ</span> <span class='ocrx_word' id='word_1_569' title='bbox 1694 3996 1858 4068; x_wconf 84' lang='grc' dir='ltr'>ἀτρε-</span> 
     </span>
    </p>
   </div>
   <div class='ocr_carea' id='block_1_72' title="bbox 274 4083 1859 4156">
    <p class='ocr_par' dir='ltr' id='par_1_72' title="bbox 274 4083 1859 4156">
     <span class='ocr_line' id='line_1_72' title="bbox 274 4083 1859 4156; baseline 0.001 -19"><span class='ocrx_word' id='word_1_570' title='bbox 274 4099 410 4137; x_wconf 87' lang='grc' dir='ltr'>πτον</span> <span class='ocrx_word' id='word_1_571' title='bbox 448 4083 543 4137; x_wconf 91' lang='grc' dir='ltr'><strong>τοῦ</strong></span> <span class='ocrx_word' id='word_1_572' title='bbox 577 4084 752 4153; x_wconf 90' lang='grc' dir='ltr'>Λόγου</span> <span class='ocrx_word' id='word_1_573' title='bbox 783 4083 925 4138; x_wconf 84' lang='grc' dir='ltr'><strong>κατά</strong></span> <span class='ocrx_word' id='word_1_574' title='bbox 950 4084 1111 4154; x_wconf 86' lang='grc' dir='ltr'>φύσιν</span> <span class='ocrx_word' id='word_1_575' title='bbox 1140 4087 1292 4155; x_wconf 85' lang='grc' dir='ltr'>μενεῖ</span> <span class='ocrx_word' id='word_1_576' title='bbox 1320 4084 1479 4138; x_wconf 80' lang='grc' dir='ltr'>πάλιν</span> <span class='ocrx_word' id='word_1_577' title='bbox 1510 4085 1678 4156; x_wconf 78' lang='grc' dir='ltr'>αὐτῷ,</span> <span class='ocrx_word' id='word_1_578' title='bbox 1708 4102 1859 4140; x_wconf 88' lang='grc' dir='ltr'>νοου-</span> 
     </span>
    </p>
   </div>
   <div class='ocr_carea' id='block_1_73' title="bbox 277 4171 985 4245">
    <p class='ocr_par' dir='ltr' id='par_1_73' title="bbox 277 4171 985 4245">
     <span class='ocr_line' id='line_1_73' title="bbox 277 4171 985 4245; baseline 0.001 -20"><span class='ocrx_word' id='word_1_579' title='bbox 277 4171 429 4244; x_wconf 81' lang='grc' dir='ltr'>μένῳ</span> <span class='ocrx_word' id='word_1_580' title='bbox 454 4173 551 4228; x_wconf 78' lang='grc' dir='ltr'>καὶ</span> <span class='ocrx_word' id='word_1_581' title='bbox 587 4174 726 4245; x_wconf 85' lang='grc' dir='ltr'><strong>μετά</strong></span> <span class='ocrx_word' id='word_1_582' title='bbox 761 4174 985 4245; x_wconf 88' lang='grc' dir='ltr'>σαρκός.</span> 
     </span>
    </p>
   </div>
   <div class='ocr_carea' id='block_1_74' title="bbox 568 4390 1584 4464">
    <p class='ocr_par' dir='ltr' id='par_1_74' title="bbox 568 4390 1584 4464">
     <span class='ocr_line' id='line_1_74' title="bbox 568 4390 1584 4464; baseline 0.003 -19"><span class='ocrx_word' id='word_1_583' title='bbox 568 4390 665 4446; x_wconf 81' lang='grc' dir='ltr'>Ἐκ</span> <span class='ocrx_word' id='word_1_584' title='bbox 694 4392 805 4462; x_wconf 82' lang='grc' dir='ltr'><strong>τῆς</strong></span> <span class='ocrx_word' id='word_1_585' title='bbox 837 4391 989 4461; x_wconf 80' lang='grc' dir='ltr'>πρὸς</span> <span class='ocrx_word' id='word_1_586' title='bbox 1026 4395 1303 4464; x_wconf 80' lang='grc' dir='ltr'>Τιμόθεον</span> <span class='ocrx_word' id='word_1_587' title='bbox 1331 4392 1584 4462; x_wconf 77' lang='grc' dir='ltr'>πρώτης.</span> 
     </span>
    </p>
   </div>
   <div class='ocr_carea' id='block_1_75' title="bbox 351 4525 1923 4601">
    <p class='ocr_par' dir='ltr' id='par_1_75' title="bbox 351 4525 1923 4601">
     <span class='ocr_line' id='line_1_75' title="bbox 351 4525 1923 4601; baseline 0.002 -21"><span class='ocrx_word' id='word_1_588' title='bbox 351 4545 372 4580; x_wconf 78' lang='lat' dir='ltr'><strong>t</strong></span> <span class='ocrx_word' id='word_1_589' title='bbox 400 4527 614 4592; x_wconf 79' lang='grc' dir='ltr'>Παῦλος</span> <span class='ocrx_word' id='word_1_590' title='bbox 650 4528 948 4591; x_wconf 83' lang='grc' dir='ltr'>ἀπόστολος</span> <span class='ocrx_word' id='word_1_591' title='bbox 983 4525 1158 4599; x_wconf 83' lang='grc' dir='ltr'>Ἰησοῦ</span> <span class='ocrx_word' id='word_1_592' title='bbox 1202 4529 1465 4601; x_wconf 83' lang='grc' dir='ltr'>Χριστοῦ,</span> <span class='ocrx_word' id='word_1_593' title='bbox 1508 4529 1628 4582; x_wconf 82' lang='grc' dir='ltr'>κατ’</span> <span class='ocrx_word' id='word_1_594' title='bbox 1660 4531 1852 4583; x_wconf 81' lang='grc' dir='ltr'>ὲπιτα-</span> <span class='ocrx_word' id='word_1_595' title='bbox 1920 4574 1923 4577; x_wconf 96' lang='grc'><strong>.</strong></span> 
     </span>
    </p>
   </div>
   <div class='ocr_carea' id='block_1_76' title="bbox 271 4616 1852 4691">
    <p class='ocr_par' dir='ltr' id='par_1_76' title="bbox 271 4616 1852 4691">
     <span class='ocr_line' id='line_1_76' title="bbox 271 4616 1852 4691; baseline 0.002 -21"><span class='ocrx_word' id='word_1_596' title='bbox 271 4618 376 4689; x_wconf 79' lang='grc' dir='ltr'><strong>γῆν</strong></span> <span class='ocrx_word' id='word_1_597' title='bbox 404 4616 539 4671; x_wconf 84' lang='grc' dir='ltr'>Θεοῦ</span> <span class='ocrx_word' id='word_1_598' title='bbox 573 4619 825 4689; x_wconf 83' lang='grc' dir='ltr'>Σωτῆρος</span> <span class='ocrx_word' id='word_1_599' title='bbox 854 4618 1033 4690; x_wconf 79' lang='grc' dir='ltr'>ἡμῶν,</span> <span class='ocrx_word' id='word_1_600' title='bbox 1061 4618 1312 4691; x_wconf 82' lang='grc' dir='ltr'>Τιμοθέῳ</span> <span class='ocrx_word' id='word_1_601' title='bbox 1341 4619 1549 4690; x_wconf 83' lang='grc' dir='ltr'>γνησίῳ</span> <span class='ocrx_word' id='word_1_602' title='bbox 1587 4618 1763 4688; x_wconf 87' lang='grc' dir='ltr'>τέκνῳ</span> <span class='ocrx_word' id='word_1_603' title='bbox 1796 4621 1852 4673; x_wconf 85' lang='grc' dir='ltr'>ὲν</span> 
     </span>
    </p>
   </div>
   <div class='ocr_carea' id='block_1_77' title="bbox 273 4708 1850 4782">
    <p class='ocr_par' dir='ltr' id='par_1_77' title="bbox 273 4708 1850 4782">
     <span class='ocr_line' id='line_1_77' title="bbox 273 4708 1850 4782; baseline -0.001 -19"><span class='ocrx_word' id='word_1_604' title='bbox 273 4710 477 4763; x_wconf 85' lang='grc' dir='ltr'>πίστει.</span> <span class='ocrx_word' id='word_1_605' title='bbox 510 4729 528 4760; x_wconf 79' lang='grc' dir='ltr'><strong>ι</strong></span> <span class='ocrx_word' id='word_1_606' title='bbox 564 4708 644 4763; x_wconf 83' lang='grc' dir='ltr'>Τὸ</span> <span class='ocrx_word' id='word_1_607' title='bbox 675 4709 772 4764; x_wconf 89' lang='grc' dir='ltr'><strong>τοῦ</strong></span> <span class='ocrx_word' id='word_1_608' title='bbox 817 4710 1070 4780; x_wconf 84' lang='grc' dir='ltr'>Σωτῆρος</span> <span class='ocrx_word' id='word_1_609' title='bbox 1108 4709 1279 4781; x_wconf 74' lang='grc' dir='ltr'>ὄνομα</span> <span class='ocrx_word' id='word_1_610' title='bbox 1313 4712 1515 4782; x_wconf 87' lang='grc' dir='ltr'>πρέποι</span> <span class='ocrx_word' id='word_1_611' title='bbox 1551 4709 1617 4764; x_wconf 85' lang='grc' dir='ltr'><strong>ἂν</strong></span> <span class='ocrx_word' id='word_1_612' title='bbox 1650 4709 1850 4781; x_wconf 81' lang='grc' dir='ltr'>μᾶλλον</span> 
     </span>
    </p>
   </div>
   <div class='ocr_carea' id='block_1_78' title="bbox 1970 3538 3558 3611">
    <p class='ocr_par' dir='ltr' id='par_1_78' title="bbox 1970 3538 3558 3611">
     <span class='ocr_line' id='line_1_78' title="bbox 1970 3538 3558 3611; baseline -0.001 -15"><span class='ocrx_word' id='word_1_613' title='bbox 1970 3540 2092 3596; x_wconf 84' lang='lat' dir='ltr'><strong>cuia</strong></span> <span class='ocrx_word' id='word_1_614' title='bbox 2121 3542 2188 3596; x_wconf 69' lang='grc' dir='ltr'>θ’.</span> <span class='ocrx_word' id='word_1_615' title='bbox 2229 3559 2248 3593; x_wconf 82' lang='grc' dir='ltr'><strong>ι</strong></span> <span class='ocrx_word' id='word_1_616' title='bbox 2288 3541 2525 3595; x_wconf 88' lang='lat' dir='ltr'><strong>Verbum</strong></span> <span class='ocrx_word' id='word_1_617' title='bbox 2557 3542 2700 3609; x_wconf 90' lang='lat' dir='ltr'><strong>quod</strong></span> <span class='ocrx_word' id='word_1_618' title='bbox 2734 3558 2802 3597; x_wconf 76' lang='lat' dir='ltr'><strong>ex</strong></span> <span class='ocrx_word' id='word_1_619' title='bbox 2847 3544 2956 3598; x_wconf 88' lang='lat' dir='ltr'><strong>Deo</strong></span> <span class='ocrx_word' id='word_1_620' title='bbox 2999 3540 3259 3611; x_wconf 81' lang='lat' dir='ltr'><strong>gignitur,</strong></span> <span class='ocrx_word' id='word_1_621' title='bbox 3289 3548 3416 3593; x_wconf 90' lang='lat' dir='ltr'><strong>tunc</strong></span> <span class='ocrx_word' id='word_1_622' title='bbox 3461 3538 3558 3595; x_wconf 83' lang='lat' dir='ltr'><strong>de-</strong></span> 
     </span>
    </p>
   </div>
   <div class='ocr_carea' id='block_1_79' title="bbox 1969 3617 3560 3711">
    <p class='ocr_par' dir='ltr' id='par_1_79' title="bbox 1969 3617 3560 3711">
     <span class='ocr_line' id='line_1_79' title="bbox 1969 3617 3560 3711; baseline -0.002 -24"><span class='ocrx_word' id='word_1_623' title='bbox 1969 3647 2117 3687; x_wconf 88' lang='lat' dir='ltr'><strong>mutn</strong></span> <span class='ocrx_word' id='word_1_624' title='bbox 2150 3629 2282 3686; x_wconf 82' lang='lat' dir='ltr'><strong>Jesu</strong></span> <span class='ocrx_word' id='word_1_625' title='bbox 2313 3630 2522 3687; x_wconf 86' lang='lat' dir='ltr'><strong>Christi</strong></span> <span class='ocrx_word' id='word_1_626' title='bbox 2545 3617 2961 3711; x_wconf 85' lang='lat' dir='ltr'><strong>appellationem</strong></span> <span class='ocrx_word' id='word_1_627' title='bbox 3005 3631 3253 3686; x_wconf 87' lang='lat' dir='ltr'><strong>sortitum</strong></span> <span class='ocrx_word' id='word_1_628' title='bbox 3292 3631 3560 3699; x_wconf 84' lang='lat' dir='ltr'><strong>comperi-</strong></span> 
     </span>
    </p>
   </div>
   <div class='ocr_carea' id='block_1_80' title="bbox 1970 3722 3563 3793">
    <p class='ocr_par' dir='ltr' id='par_1_80' title="bbox 1970 3722 3563 3793">
     <span class='ocr_line' id='line_1_80' title="bbox 1970 3722 3563 3793; baseline -0.001 -15"><span class='ocrx_word' id='word_1_629' title='bbox 1970 3740 2114 3788; x_wconf 86' lang='lat' dir='ltr'><strong>mus,</strong></span> <span class='ocrx_word' id='word_1_630' title='bbox 2147 3740 2270 3779; x_wconf 90' lang='lat' dir='ltr'><strong>cum</strong></span> <span class='ocrx_word' id='word_1_631' title='bbox 2314 3739 2383 3780; x_wconf 80' lang='lat' dir='ltr'><strong>ex</strong></span> <span class='ocrx_word' id='word_1_632' title='bbox 2432 3724 2661 3780; x_wconf 89' lang='lat' dir='ltr'><strong>muliere</strong></span> <span class='ocrx_word' id='word_1_633' title='bbox 2688 3723 2895 3780; x_wconf 78' lang='lat' dir='ltr'><strong>factum</strong></span> <span class='ocrx_word' id='word_1_634' title='bbox 2942 3734 3024 3779; x_wconf 89' lang='lat' dir='ltr'><strong>est</strong></span> <span class='ocrx_word' id='word_1_635' title='bbox 3054 3724 3235 3778; x_wconf 88' lang='lat' dir='ltr'><strong>homo.</strong></span> <span class='ocrx_word' id='word_1_636' title='bbox 3275 3722 3381 3778; x_wconf 85' lang='lat' dir='ltr'><strong>Sed</strong></span> <span class='ocrx_word' id='word_1_637' title='bbox 3424 3738 3563 3793; x_wconf 90' lang='lat' dir='ltr'><strong>quo-</strong></span> 
     </span>
    </p>
   </div>
   <div class='ocr_carea' id='block_1_81' title="bbox 1968 3814 3559 3889">
    <p class='ocr_par' dir='ltr' id='par_1_81' title="bbox 1968 3814 3559 3889">
     <span class='ocr_line' id='line_1_81' title="bbox 1968 3814 3559 3889; baseline 0.001 -20"><span class='ocrx_word' id='word_1_638' title='bbox 1968 3817 2129 3869; x_wconf 90' lang='lat' dir='ltr'><strong>modo</strong></span> <span class='ocrx_word' id='word_1_639' title='bbox 2158 3815 2300 3869; x_wconf 86' lang='lat' dir='ltr'><strong>idem</strong></span> <span class='ocrx_word' id='word_1_640' title='bbox 2323 3825 2407 3870; x_wconf 82' lang='lat' dir='ltr'><strong>est</strong></span> <span class='ocrx_word' id='word_1_641' title='bbox 2437 3816 2647 3881; x_wconf 89' lang='lat' dir='ltr'><strong>heri,et</strong></span> <span class='ocrx_word' id='word_1_642' title='bbox 2680 3816 2858 3889; x_wconf 88' lang='lat' dir='ltr'><strong>hodie,</strong></span> <span class='ocrx_word' id='word_1_643' title='bbox 2880 3817 2998 3885; x_wconf 82' lang='lat' dir='ltr'><strong>ipse</strong></span> <span class='ocrx_word' id='word_1_644' title='bbox 3021 3825 3077 3869; x_wconf 91' lang='lat' dir='ltr'><strong>et</strong></span> <span class='ocrx_word' id='word_1_645' title='bbox 3103 3815 3157 3868; x_wconf 88' lang='lat' dir='ltr'><strong>in</strong></span> <span class='ocrx_word' id='word_1_646' title='bbox 3187 3814 3378 3869; x_wconf 66' lang='lat' dir='ltr'><strong>saecula</strong></span> <span class='ocrx_word' id='word_1_647' title='bbox 3397 3814 3419 3866; x_wconf 71' lang='grc' dir='ltr'><strong><em>τ</em></strong></span> <span class='ocrx_word' id='word_1_648' title='bbox 3439 3814 3559 3871; x_wconf 85' lang='lat' dir='ltr'><strong>Non</strong></span> 
     </span>
    </p>
   </div>
   <div class='ocr_carea' id='block_1_82' title="bbox 1966 3905 3556 3975">
    <p class='ocr_par' dir='ltr' id='par_1_82' title="bbox 1966 3905 3556 3975">
     <span class='ocr_line' id='line_1_82' title="bbox 1966 3905 3556 3975; baseline 0 -17"><span class='ocrx_word' id='word_1_649' title='bbox 1966 3905 2068 3958; x_wconf 86' lang='lat' dir='ltr'><strong>alia</strong></span> <span class='ocrx_word' id='word_1_650' title='bbox 2107 3905 2291 3973; x_wconf 89' lang='lat' dir='ltr'><strong>utique</strong></span> <span class='ocrx_word' id='word_1_651' title='bbox 2338 3906 2571 3971; x_wconf 87' lang='lat' dir='ltr'><strong>ratione,</strong></span> <span class='ocrx_word' id='word_1_652' title='bbox 2603 3921 2766 3975; x_wconf 89' lang='lat' dir='ltr'><strong>quam</strong></span> <span class='ocrx_word' id='word_1_653' title='bbox 2813 3906 3017 3971; x_wconf 83' lang='lat' dir='ltr'><strong>carnis,</strong></span> <span class='ocrx_word' id='word_1_654' title='bbox 3054 3920 3214 3973; x_wconf 85' lang='lat' dir='ltr'><strong>quam</strong></span> <span class='ocrx_word' id='word_1_655' title='bbox 3244 3906 3556 3974; x_wconf 86' lang='lat' dir='ltr'><strong>assumpsit,</strong></span> 
     </span>
    </p>
   </div>
   <div class='ocr_carea' id='block_1_83' title="bbox 1967 3995 3557 4067">
    <p class='ocr_par' dir='ltr' id='par_1_83' title="bbox 1967 3995 3557 4067">
     <span class='ocr_line' id='line_1_83' title="bbox 1967 3995 3557 4067; baseline 0 -16"><span class='ocrx_word' id='word_1_656' title='bbox 1967 4010 2089 4051; x_wconf 87' lang='lat' dir='ltr'><strong>cum</strong></span> <span class='ocrx_word' id='word_1_657' title='bbox 2111 3996 2202 4051; x_wconf 89' lang='lat' dir='ltr'><strong>Dei</strong></span> <span class='ocrx_word' id='word_1_658' title='bbox 2220 3997 2394 4052; x_wconf 78' lang='lat' dir='ltr'><strong>Verbo</strong></span> <span class='ocrx_word' id='word_1_659' title='bbox 2413 3998 2629 4062; x_wconf 85' lang='lat' dir='ltr'><strong>unione,</strong></span> <span class='ocrx_word' id='word_1_660' title='bbox 2651 4006 2709 4052; x_wconf 92' lang='lat' dir='ltr'><strong>ut</strong></span> <span class='ocrx_word' id='word_1_661' title='bbox 2725 4013 2867 4052; x_wconf 84' lang='lat' dir='ltr'><strong>unus</strong></span> <span class='ocrx_word' id='word_1_662' title='bbox 2884 3996 3213 4067; x_wconf 87' lang='lat' dir='ltr'><strong>intelligatur</strong></span> <span class='ocrx_word' id='word_1_663' title='bbox 3236 3995 3421 4050; x_wconf 85' lang='lat' dir='ltr'><strong>Filius.</strong></span> <span class='ocrx_word' id='word_1_664' title='bbox 3441 3996 3557 4051; x_wconf 78' lang='lat' dir='ltr'><strong>Hac</strong></span> 
     </span>
    </p>
   </div>
   <div class='ocr_carea' id='block_1_84' title="bbox 1969 4086 3552 4156">
    <p class='ocr_par' dir='ltr' id='par_1_84' title="bbox 1969 4086 3552 4156">
     <span class='ocr_line' id='line_1_84' title="bbox 1969 4086 3552 4156; baseline 0.001 -17"><span class='ocrx_word' id='word_1_665' title='bbox 1969 4101 2207 4156; x_wconf 84' lang='lat' dir='ltr'><strong>namque</strong></span> <span class='ocrx_word' id='word_1_666' title='bbox 2236 4087 2696 4152; x_wconf 84' lang='lat' dir='ltr'><strong>consideratione,</strong></span> <span class='ocrx_word' id='word_1_667' title='bbox 2731 4087 2970 4154; x_wconf 87' lang='lat' dir='ltr'><strong>etiamsi,</strong></span> <span class='ocrx_word' id='word_1_668' title='bbox 2996 4095 3055 4141; x_wconf 83' lang='lat' dir='ltr'><strong>ut</strong></span> <span class='ocrx_word' id='word_1_669' title='bbox 3098 4101 3265 4141; x_wconf 88' lang='lat' dir='ltr'><strong>carne</strong></span> <span class='ocrx_word' id='word_1_670' title='bbox 3307 4086 3552 4140; x_wconf 89' lang='lat' dir='ltr'><strong>indutum</strong></span> 
     </span>
    </p>
   </div>
   <div class='ocr_carea' id='block_1_85' title="bbox 1964 4177 3556 4249">
    <p class='ocr_par' dir='ltr' id='par_1_85' title="bbox 1964 4177 3556 4249">
     <span class='ocr_line' id='line_1_85' title="bbox 1964 4177 3556 4249; baseline 0.001 -18"><span class='ocrx_word' id='word_1_671' title='bbox 1964 4187 2068 4243; x_wconf 90' lang='lat' dir='ltr'><strong>est,</strong></span> <span class='ocrx_word' id='word_1_672' title='bbox 2101 4177 2284 4232; x_wconf 86' lang='lat' dir='ltr'><strong>animo</strong></span> <span class='ocrx_word' id='word_1_673' title='bbox 2327 4178 2688 4247; x_wconf 84' lang='lat' dir='ltr'><strong>concipiatur,</strong></span> <span class='ocrx_word' id='word_1_674' title='bbox 2718 4178 2827 4249; x_wconf 80' lang='lat'><strong>75</strong></span> <span class='ocrx_word' id='word_1_675' title='bbox 2871 4194 3026 4234; x_wconf 91' lang='lat' dir='ltr'><strong>suam</strong></span> <span class='ocrx_word' id='word_1_676' title='bbox 3068 4178 3418 4233; x_wconf 88' lang='lat' dir='ltr'><strong>nihilominus</strong></span> <span class='ocrx_word' id='word_1_677' title='bbox 3459 4193 3556 4233; x_wconf 85' lang='lat' dir='ltr'><strong>na-</strong></span> 
     </span>
    </p>
   </div>
   <div class='ocr_carea' id='block_1_86' title="bbox 1965 4267 3389 4342">
    <p class='ocr_par' dir='ltr' id='par_1_86' title="bbox 1965 4267 3389 4342">
     <span class='ocr_line' id='line_1_86' title="bbox 1965 4267 3389 4342; baseline 0.002 -21"><span class='ocrx_word' id='word_1_678' title='bbox 1965 4267 2195 4323; x_wconf 86' lang='lat' dir='ltr'><strong>turalem</strong></span> <span class='ocrx_word' id='word_1_679' title='bbox 2225 4269 2584 4325; x_wconf 81' lang='lat' dir='ltr'><strong>stabilitatem</strong></span> <span class='ocrx_word' id='word_1_680' title='bbox 2621 4271 2882 4342; x_wconf 86' lang='lat' dir='ltr'><strong>integram</strong></span> <span class='ocrx_word' id='word_1_681' title='bbox 2913 4285 3134 4340; x_wconf 83' lang='lat' dir='ltr'><strong>semper</strong></span> <span class='ocrx_word' id='word_1_682' title='bbox 3169 4269 3389 4325; x_wconf 83' lang='lat' dir='ltr'><strong>retinet.</strong></span> 
     </span>
    </p>
   </div>
   <div class='ocr_carea' id='block_1_87' title="bbox 2380 4400 3142 4475">
    <p class='ocr_par' dir='ltr' id='par_1_87' title="bbox 2380 4400 3142 4475">
     <span class='ocr_line' id='line_1_87' title="bbox 2380 4400 3142 4475; baseline 0.001 -18"><span class='ocrx_word' id='word_1_683' title='bbox 2380 4400 2465 4458; x_wconf 73' lang='lat' dir='ltr'><strong>Ea:</strong></span> <span class='ocrx_word' id='word_1_684' title='bbox 2493 4404 2659 4475; x_wconf 79' lang='lat' dir='ltr'><strong>priori</strong></span> <span class='ocrx_word' id='word_1_685' title='bbox 2695 4406 2764 4458; x_wconf 82' lang='lat' dir='ltr'><strong>ad</strong></span> <span class='ocrx_word' id='word_1_686' title='bbox 2794 4403 3142 4458; x_wconf 80' lang='lat' dir='ltr'><strong>Timotheum.</strong></span> 
     </span>
    </p>
   </div>
   <div class='ocr_carea' id='block_1_88' title="bbox 2040 4536 3548 4609">
    <p class='ocr_par' dir='ltr' id='par_1_88' title="bbox 2040 4536 3548 4609">
     <span class='ocr_line' id='line_1_88' title="bbox 2040 4536 3548 4609; baseline 0.003 -20"><span class='ocrx_word' id='word_1_687' title='bbox 2040 4556 2058 4589; x_wconf 81' lang='grc' dir='ltr'><strong>ι</strong></span> <span class='ocrx_word' id='word_1_688' title='bbox 2097 4536 2292 4593; x_wconf 82' lang='lat' dir='ltr'><strong>Paulus</strong></span> <span class='ocrx_word' id='word_1_689' title='bbox 2326 4537 2602 4606; x_wconf 87' lang='lat' dir='ltr'><strong>apostolus</strong></span> <span class='ocrx_word' id='word_1_690' title='bbox 2640 4536 2766 4593; x_wconf 86' lang='lat' dir='ltr'><strong>Jesu</strong></span> <span class='ocrx_word' id='word_1_691' title='bbox 2804 4536 3008 4592; x_wconf 89' lang='lat' dir='ltr'><strong>Christi</strong></span> <span class='ocrx_word' id='word_1_692' title='bbox 3048 4538 3343 4591; x_wconf 89' lang='lat' dir='ltr'><strong>secundum</strong></span> <span class='ocrx_word' id='word_1_693' title='bbox 3377 4538 3548 4609; x_wconf 84' lang='lat' dir='ltr'><strong>impe-</strong></span> 
     </span>
    </p>
   </div>
   <div class='ocr_carea' id='block_1_89' title="bbox 1966 4625 3549 4701">
    <p class='ocr_par' dir='ltr' id='par_1_89' title="bbox 1966 4625 3549 4701">
     <span class='ocr_line' id='line_1_89' title="bbox 1966 4625 3549 4701; baseline 0.006 -21"><span class='ocrx_word' id='word_1_694' title='bbox 1966 4626 2102 4681; x_wconf 91' lang='lat' dir='ltr'><strong>rium</strong></span> <span class='ocrx_word' id='word_1_695' title='bbox 2161 4627 2254 4681; x_wconf 89' lang='lat' dir='ltr'><strong>Dei</strong></span> <span class='ocrx_word' id='word_1_696' title='bbox 2313 4625 2611 4684; x_wconf 87' lang='lat' dir='ltr'><strong>Salvatoris</strong></span> <span class='ocrx_word' id='word_1_697' title='bbox 2663 4638 2853 4691; x_wconf 82' lang='lat' dir='ltr'><strong>llOSll‘l.</strong></span> <span class='ocrx_word' id='word_1_698' title='bbox 2898 4637 2952 4683; x_wconf 88' lang='lat' dir='ltr'><strong>et</strong></span> <span class='ocrx_word' id='word_1_699' title='bbox 3004 4628 3200 4683; x_wconf 84' lang='lat' dir='ltr'><strong>Clu-isti</strong></span> <span class='ocrx_word' id='word_1_700' title='bbox 3259 4629 3383 4684; x_wconf 85' lang='lat' dir='ltr'><strong>Jesn</strong></span> <span class='ocrx_word' id='word_1_701' title='bbox 3433 4636 3549 4701; x_wconf 90' lang='lat' dir='ltr'><strong>spei</strong></span> 
     </span>
    </p>
   </div>
   <div class='ocr_carea' id='block_1_90' title="bbox 1963 4717 3547 4784">
    <p class='ocr_par' dir='ltr' id='par_1_90' title="bbox 1963 4717 3547 4784">
     <span class='ocr_line' id='line_1_90' title="bbox 1963 4717 3547 4784; baseline 0.004 -12"><span class='ocrx_word' id='word_1_702' title='bbox 1963 4729 2190 4784; x_wconf 80' lang='lat' dir='ltr'><strong>nostrae,</strong></span> <span class='ocrx_word' id='word_1_703' title='bbox 2226 4717 2512 4774; x_wconf 87' lang='lat' dir='ltr'><strong>Timotheo</strong></span> <span class='ocrx_word' id='word_1_704' title='bbox 2554 4719 2749 4774; x_wconf 89' lang='lat' dir='ltr'><strong>dilecto</strong></span> <span class='ocrx_word' id='word_1_705' title='bbox 2789 4720 2898 4773; x_wconf 82' lang='lat' dir='ltr'><strong>[ilio</strong></span> <span class='ocrx_word' id='word_1_706' title='bbox 2926 4720 2979 4774; x_wconf 90' lang='lat' dir='ltr'><strong>in</strong></span> <span class='ocrx_word' id='word_1_707' title='bbox 3011 4721 3113 4774; x_wconf 87' lang='lat' dir='ltr'><strong>tlde</strong></span> <span class='ocrx_word' id='word_1_708' title='bbox 3146 4721 3226 4774; x_wconf 73' lang='grc' dir='ltr'>π..</span> <span class='ocrx_word' id='word_1_709' title='bbox 3282 4739 3300 4772; x_wconf 76' lang='grc' dir='ltr'><strong>ι</strong></span> <span class='ocrx_word' id='word_1_710' title='bbox 3340 4720 3547 4779; x_wconf 86' lang='lat' dir='ltr'><strong>Nomen</strong></span> 
     </span>
    </p>
   </div>
   <div class='ocr_carea' id='block_1_91' title="bbox 268 4800 1864 4883">
    <p class='ocr_par' dir='ltr' id='par_1_91' title="bbox 268 4800 1852 4873">
     <span class='ocr_line' id='line_1_91' title="bbox 268 4800 1852 4873; baseline -0.002 -19"><span class='ocrx_word' id='word_1_711' title='bbox 268 4800 371 4871; x_wconf 75' lang='grc' dir='ltr'><strong>οὐχ</strong></span> <span class='ocrx_word' id='word_1_712' title='bbox 406 4802 578 4872; x_wconf 80' lang='grc' dir='ltr'>ἑτέρῳ</span> <span class='ocrx_word' id='word_1_713' title='bbox 606 4802 812 4873; x_wconf 79' lang='grc' dir='ltr'>κυρίως</span> <span class='ocrx_word' id='word_1_714' title='bbox 840 4819 901 4855; x_wconf 84' lang='grc' dir='ltr'><strong>τε</strong></span> <span class='ocrx_word' id='word_1_715' title='bbox 929 4802 1023 4855; x_wconf 69' lang='grc' dir='ltr'>καὶ</span> <span class='ocrx_word' id='word_1_716' title='bbox 1057 4802 1294 4872; x_wconf 86' lang='grc' dir='ltr'>ἀληθῶς,</span> <span class='ocrx_word' id='word_1_717' title='bbox 1326 4802 1468 4872; x_wconf 84' lang='grc' dir='ltr'>πλὴν</span> <span class='ocrx_word' id='word_1_718' title='bbox 1486 4803 1568 4855; x_wconf 83' lang='grc' dir='ltr'>ὅτι</span> <span class='ocrx_word' id='word_1_719' title='bbox 1594 4801 1658 4872; x_wconf 82' lang='grc' dir='ltr'><strong>δὴ</strong></span> <span class='ocrx_word' id='word_1_720' title='bbox 1706 4805 1852 4872; x_wconf 80' lang='grc' dir='ltr'>μόνῳ</span> 
     </span>
    </p>
   </div>
   <div class='ocr_carea' id='block_1_92' title="bbox 1967 4800 3553 4883">
    <p class='ocr_par' dir='ltr' id='par_1_92' title="bbox 1967 4809 3553 4883">
     <span class='ocr_line' id='line_1_92' title="bbox 1967 4809 3553 4883; baseline 0.003 -20"><span class='ocrx_word' id='word_1_721' title='bbox 1967 4810 2060 4865; x_wconf 85' lang='lat' dir='ltr'><strong>hoc</strong></span> <span class='ocrx_word' id='word_1_722' title='bbox 2092 4809 2341 4865; x_wconf 81' lang='lat' dir='ltr'><strong>Salvator</strong></span> <span class='ocrx_word' id='word_1_723' title='bbox 2370 4810 2496 4865; x_wconf 91' lang='lat' dir='ltr'><strong>nulli</strong></span> <span class='ocrx_word' id='word_1_724' title='bbox 2526 4811 2680 4866; x_wconf 90' lang='lat' dir='ltr'><strong>alteri</strong></span> <span class='ocrx_word' id='word_1_725' title='bbox 2719 4827 2872 4882; x_wconf 73' lang='lat' dir='ltr'><strong>aeque</strong></span> <span class='ocrx_word' id='word_1_726' title='bbox 2908 4827 3031 4866; x_wconf 89' lang='lat' dir='ltr'><strong>vere</strong></span> <span class='ocrx_word' id='word_1_727' title='bbox 3064 4813 3388 4883; x_wconf 86' lang='lat' dir='ltr'><strong>proprieque</strong></span> <span class='ocrx_word' id='word_1_728' title='bbox 3426 4830 3553 4870; x_wconf 86' lang='lat' dir='ltr'><strong>con-</strong></span> 
     </span>
    </p>
   </div>
   <div class='ocr_carea' id='block_1_93' title="bbox 270 4889 1853 4963">
    <p class='ocr_par' dir='ltr' id='par_1_93' title="bbox 270 4889 1853 4963">
     <span class='ocr_line' id='line_1_93' title="bbox 270 4889 1853 4963; baseline 0.003 -20"><span class='ocrx_word' id='word_1_729' title='bbox 270 4889 350 4959; x_wconf 83' lang='grc' dir='ltr'><strong>τῷ</strong></span> <span class='ocrx_word' id='word_1_730' title='bbox 387 4890 529 4944; x_wconf 81' lang='grc' dir='ltr'><strong>κατά</strong></span> <span class='ocrx_word' id='word_1_731' title='bbox 560 4891 722 4960; x_wconf 80' lang='grc' dir='ltr'>φύσιν</span> <span class='ocrx_word' id='word_1_732' title='bbox 763 4892 876 4946; x_wconf 77' lang='grc' dir='ltr'>ὄντι</span> <span class='ocrx_word' id='word_1_733' title='bbox 912 4891 1059 4963; x_wconf 73' lang='grc' dir='ltr'><strong>Θεῷ⁸</strong></span> <span class='ocrx_word' id='word_1_734' title='bbox 1094 4892 1235 4946; x_wconf 75' lang='grc' dir='ltr'>οὕτω</span> <span class='ocrx_word' id='word_1_735' title='bbox 1277 4894 1372 4946; x_wconf 72' lang='grc' dir='ltr'><strong>καὶ</strong></span> <span class='ocrx_word' id='word_1_736' title='bbox 1403 4892 1499 4947; x_wconf 86' lang='grc' dir='ltr'><strong>νῦν</strong></span> <span class='ocrx_word' id='word_1_737' title='bbox 1528 4894 1690 4947; x_wconf 83' lang='grc' dir='ltr'>αὐτὸν</span> <span class='ocrx_word' id='word_1_738' title='bbox 1719 4893 1853 4947; x_wconf 85' lang='grc' dir='ltr'>ὠνό-</span> 
     </span>
    </p>
   </div>
   <div class='ocr_carea' id='block_1_94' title="bbox 272 4982 1854 5056">
    <p class='ocr_par' dir='ltr' id='par_1_94' title="bbox 272 4982 1854 5056">
     <span class='ocr_line' id='line_1_94' title="bbox 272 4982 1854 5056; baseline 0.003 -23"><span class='ocrx_word' id='word_1_739' title='bbox 272 4995 447 5050; x_wconf 78' lang='grc' dir='ltr'>μασεν</span> <span class='ocrx_word' id='word_1_740' title='bbox 473 4982 503 5033; x_wconf 87' lang='lat'><strong>6</strong></span> <span class='ocrx_word' id='word_1_741' title='bbox 535 4984 914 5051; x_wconf 85' lang='grc' dir='ltr'>μυσταγωγός.</span> <span class='ocrx_word' id='word_1_742' title='bbox 953 4984 1091 5037; x_wconf 80' lang='grc' dir='ltr'>Ἀλλ’</span> <span class='ocrx_word' id='word_1_743' title='bbox 1123 4983 1237 5037; x_wconf 74' lang='grc' dir='ltr'>ἔστι</span> <span class='ocrx_word' id='word_1_744' title='bbox 1283 4986 1476 5056; x_wconf 78' lang='grc' dir='ltr'>Σωτὴρ</span> <span class='ocrx_word' id='word_1_745' title='bbox 1511 4985 1607 5038; x_wconf 66' lang='grc' dir='ltr'>καὶ</span> <span class='ocrx_word' id='word_1_746' title='bbox 1648 4985 1854 5056; x_wconf 80' lang='grc' dir='ltr'>Κύριος</span> 
     </span>
    </p>
   </div>
   <div class='ocr_carea' id='block_1_95' title="bbox 267 5069 1854 5147">
    <p class='ocr_par' dir='ltr' id='par_1_95' title="bbox 267 5069 1854 5147">
     <span class='ocr_line' id='line_1_95' title="bbox 267 5069 1854 5147; baseline 0.006 -25"><span class='ocrx_word' id='word_1_747' title='bbox 267 5069 460 5141; x_wconf 73' lang='grc' dir='ltr'>ἡμῶν,</span> <span class='ocrx_word' id='word_1_748' title='bbox 499 5072 706 5142; x_wconf 82' lang='grc' dir='ltr'>Ἰησοῦς</span> <span class='ocrx_word' id='word_1_749' title='bbox 736 5073 999 5144; x_wconf 72' lang='grc' dir='ltr'>Χριστόςο</span> <span class='ocrx_word' id='word_1_750' title='bbox 1027 5075 1342 5145; x_wconf 83' lang='grc' dir='ltr'>ὠνόμασται</span> <span class='ocrx_word' id='word_1_751' title='bbox 1371 5076 1480 5147; x_wconf 83' lang='grc' dir='ltr'>γὰρ</span> <span class='ocrx_word' id='word_1_752' title='bbox 1513 5076 1739 5147; x_wconf 85' lang='grc' dir='ltr'>Ἰησοῦς,</span> <span class='ocrx_word' id='word_1_753' title='bbox 1760 5077 1854 5131; x_wconf 80' lang='grc' dir='ltr'>καὶ</span> 
     </span>
    </p>
   </div>
   <div class='ocr_carea' id='block_1_96' title="bbox 264 5163 1853 5242">
    <p class='ocr_par' dir='ltr' id='par_1_96' title="bbox 264 5163 1853 5242">
     <span class='ocr_line' id='line_1_96' title="bbox 264 5163 1853 5242; baseline 0.008 -29"><span class='ocrx_word' id='word_1_754' title='bbox 264 5163 370 5231; x_wconf 78' lang='grc' dir='ltr'>τὴν</span> <span class='ocrx_word' id='word_1_755' title='bbox 411 5163 504 5216; x_wconf 89' lang='grc' dir='ltr'><strong>τοῦ</strong></span> <span class='ocrx_word' id='word_1_756' title='bbox 549 5163 815 5233; x_wconf 83' lang='grc' dir='ltr'>ὀνόματος</span> <span class='ocrx_word' id='word_1_757' title='bbox 858 5165 1109 5237; x_wconf 66' lang='grc' dir='ltr'>δύναμιν,</span> <span class='ocrx_word' id='word_1_758' title='bbox 1150 5168 1319 5239; x_wconf 84' lang='grc' dir='ltr'>ῆγουν</span> <span class='ocrx_word' id='word_1_759' title='bbox 1352 5169 1669 5240; x_wconf 79' lang='grc' dir='ltr'>ἑρμηνείαν,</span> <span class='ocrx_word' id='word_1_760' title='bbox 1706 5171 1853 5242; x_wconf 84' lang='grc' dir='ltr'>σαφῆ</span> 
     </span>
    </p>
   </div>
   <div class='ocr_carea' id='block_1_97' title="bbox 266 5249 1854 5327">
    <p class='ocr_par' dir='ltr' id='par_1_97' title="bbox 266 5249 1854 5327">
     <span class='ocr_line' id='line_1_97' title="bbox 266 5249 1854 5327; baseline 0.008 -25"><span class='ocrx_word' id='word_1_761' title='bbox 266 5249 535 5316; x_wconf 70' lang='grc' dir='ltr'>καθιστὰς</span> <span class='ocrx_word' id='word_1_762' title='bbox 556 5256 584 5306; x_wconf 88' lang='lat'><strong>6</strong></span> <span class='ocrx_word' id='word_1_763' title='bbox 607 5255 875 5325; x_wconf 67' lang='grc' dir='ltr'>μακάριος</span> <span class='ocrx_word' id='word_1_764' title='bbox 901 5256 1131 5325; x_wconf 80' lang='grc' dir='ltr'>ἄγγελος</span> <span class='ocrx_word' id='word_1_765' title='bbox 1162 5256 1366 5327; x_wconf 76' lang='grc' dir='ltr'>ἔφασκε</span> <span class='ocrx_word' id='word_1_766' title='bbox 1384 5276 1399 5289; x_wconf 63' lang='grc' dir='ltr'>θ</span> <span class='ocrx_word' id='word_1_767' title='bbox 1435 5278 1454 5311; x_wconf 72' lang='lat'><strong>4</strong></span> <span class='ocrx_word' id='word_1_768' title='bbox 1479 5261 1588 5316; x_wconf 78' lang='grc' dir='ltr'>Καὶ</span> <span class='ocrx_word' id='word_1_769' title='bbox 1603 5260 1854 5324; x_wconf 84' lang='grc' dir='ltr'>καλέσεις</span> 
     </span>
    </p>
   </div>
   <div class='ocr_carea' id='block_1_98' title="bbox 266 5340 1851 5422">
    <p class='ocr_par' dir='ltr' id='par_1_98' title="bbox 266 5340 1851 5422">
     <span class='ocr_line' id='line_1_98' title="bbox 266 5340 1851 5422; baseline 0.009 -29"><span class='ocrx_word' id='word_1_770' title='bbox 266 5340 331 5393; x_wconf 64' lang='grc' dir='ltr'>τὴ</span> <span class='ocrx_word' id='word_1_771' title='bbox 357 5341 529 5413; x_wconf 75' lang='grc' dir='ltr'>ὄνομα</span> <span class='ocrx_word' id='word_1_772' title='bbox 573 5344 738 5397; x_wconf 77' lang='grc' dir='ltr'>αὑτοῦ</span> <span class='ocrx_word' id='word_1_773' title='bbox 778 5346 1017 5417; x_wconf 79' lang='grc' dir='ltr'>Ἰησοῦνο</span> <span class='ocrx_word' id='word_1_774' title='bbox 1049 5349 1210 5413; x_wconf 71' lang='grc' dir='ltr'>αὐτὸς</span> <span class='ocrx_word' id='word_1_775' title='bbox 1256 5351 1366 5422; x_wconf 86' lang='grc' dir='ltr'>γὰρ</span> <span class='ocrx_word' id='word_1_776' title='bbox 1400 5351 1565 5406; x_wconf 87' lang='grc' dir='ltr'>σώσει</span> <span class='ocrx_word' id='word_1_777' title='bbox 1601 5352 1693 5406; x_wconf 84' lang='grc' dir='ltr'><strong>τὸν</strong></span> <span class='ocrx_word' id='word_1_778' title='bbox 1721 5351 1851 5407; x_wconf 78' lang='grc' dir='ltr'>λαὸν</span> 
     </span>
    </p>
   </div>
   <div class='ocr_carea' id='block_1_99' title="bbox 1960 4901 3552 4973">
    <p class='ocr_par' dir='ltr' id='par_1_99' title="bbox 1960 4901 3552 4973">
     <span class='ocr_line' id='line_1_99' title="bbox 1960 4901 3552 4973; baseline 0.004 -20"><span class='ocrx_word' id='word_1_779' title='bbox 1960 4902 2126 4968; x_wconf 83' lang='lat' dir='ltr'><strong>venit,</strong></span> <span class='ocrx_word' id='word_1_780' title='bbox 2160 4916 2223 4955; x_wconf 91' lang='lat' dir='ltr'><strong>ac</strong></span> <span class='ocrx_word' id='word_1_781' title='bbox 2249 4901 2513 4956; x_wconf 89' lang='lat' dir='ltr'><strong>soli-vero</strong></span> <span class='ocrx_word' id='word_1_782' title='bbox 2564 4904 2910 4973; x_wconf 84' lang='lat' dir='ltr'><strong>naturalique</strong></span> <span class='ocrx_word' id='word_1_783' title='bbox 2967 4903 3095 4957; x_wconf 86' lang='lat' dir='ltr'><strong>Deo.</strong></span> <span class='ocrx_word' id='word_1_784' title='bbox 3161 4903 3313 4959; x_wconf 90' lang='lat' dir='ltr'><strong>Unde</strong></span> <span class='ocrx_word' id='word_1_785' title='bbox 3362 4906 3552 4959; x_wconf 78' lang='lat' dir='ltr'><strong>doctor</strong></span> 
     </span>
    </p>
   </div>
   <div class='ocr_carea' id='block_1_100' title="bbox 1962 4993 3547 5066">
    <p class='ocr_par' dir='ltr' id='par_1_100' title="bbox 1962 4993 3547 5066">
     <span class='ocr_line' id='line_1_100' title="bbox 1962 4993 3547 5066; baseline 0.003 -20"><span class='ocrx_word' id='word_1_786' title='bbox 1962 5001 2148 5047; x_wconf 91' lang='lat' dir='ltr'><strong>noster</strong></span> <span class='ocrx_word' id='word_1_787' title='bbox 2178 4993 2228 5046; x_wconf 87' lang='lat' dir='ltr'><strong>id</strong></span> <span class='ocrx_word' id='word_1_788' title='bbox 2261 4994 2493 5048; x_wconf 88' lang='lat' dir='ltr'><strong>nominis</strong></span> <span class='ocrx_word' id='word_1_789' title='bbox 2534 5008 2678 5047; x_wconf 91' lang='lat' dir='ltr'><strong>nunc</strong></span> <span class='ocrx_word' id='word_1_790' title='bbox 2711 5009 2927 5063; x_wconf 86' lang='lat' dir='ltr'><strong>quoque</strong></span> <span class='ocrx_word' id='word_1_791' title='bbox 2957 4994 3032 5049; x_wconf 88' lang='lat' dir='ltr'><strong>illi</strong></span> <span class='ocrx_word' id='word_1_792' title='bbox 3067 4995 3316 5065; x_wconf 87' lang='lat' dir='ltr'><strong>imponit.</strong></span> <span class='ocrx_word' id='word_1_793' title='bbox 3386 4998 3547 5066; x_wconf 86' lang='lat' dir='ltr'><strong>Atqui</strong></span> 
     </span>
    </p>
   </div>
   <div class='ocr_carea' id='block_1_101' title="bbox 1960 5079 3545 5152">
    <p class='ocr_par' dir='ltr' id='par_1_101' title="bbox 1960 5079 3545 5152">
     <span class='ocr_line' id='line_1_101' title="bbox 1960 5079 3545 5152; baseline 0.003 -18"><span class='ocrx_word' id='word_1_794' title='bbox 1960 5079 2118 5136; x_wconf 83' lang='lat' dir='ltr'><strong>Jesus</strong></span> <span class='ocrx_word' id='word_1_795' title='bbox 2157 5082 2428 5145; x_wconf 86' lang='lat' dir='ltr'><strong>Christus,</strong></span> <span class='ocrx_word' id='word_1_796' title='bbox 2460 5093 2514 5139; x_wconf 90' lang='lat' dir='ltr'><strong>et</strong></span> <span class='ocrx_word' id='word_1_797' title='bbox 2552 5082 2835 5152; x_wconf 90' lang='lat' dir='ltr'><strong>Dominus,</strong></span> <span class='ocrx_word' id='word_1_798' title='bbox 2862 5094 2916 5139; x_wconf 91' lang='lat' dir='ltr'><strong>et</strong></span> <span class='ocrx_word' id='word_1_799' title='bbox 2948 5085 3199 5139; x_wconf 78' lang='lat' dir='ltr'><strong>Salvator</strong></span> <span class='ocrx_word' id='word_1_800' title='bbox 3231 5096 3414 5139; x_wconf 79' lang='lat' dir='ltr'><strong>n05ter</strong></span> <span class='ocrx_word' id='word_1_801' title='bbox 3442 5096 3545 5139; x_wconf 91' lang='lat' dir='ltr'><strong>est.</strong></span> 
     </span>
    </p>
   </div>
   <div class='ocr_carea' id='block_1_102' title="bbox 1962 5170 3547 5246">
    <p class='ocr_par' dir='ltr' id='par_1_102' title="bbox 1962 5170 3547 5246">
     <span class='ocr_line' id='line_1_102' title="bbox 1962 5170 3547 5246; baseline 0.002 -20"><span class='ocrx_word' id='word_1_802' title='bbox 1962 5170 2200 5227; x_wconf 84' lang='lat' dir='ltr'><strong>Vocatus</strong></span> <span class='ocrx_word' id='word_1_803' title='bbox 2227 5185 2310 5229; x_wconf 90' lang='lat' dir='ltr'><strong>est</strong></span> <span class='ocrx_word' id='word_1_804' title='bbox 2337 5175 2481 5229; x_wconf 88' lang='lat' dir='ltr'><strong>enim</strong></span> <span class='ocrx_word' id='word_1_805' title='bbox 2519 5172 2701 5238; x_wconf 83' lang='lat' dir='ltr'><strong>Jesus,</strong></span> <span class='ocrx_word' id='word_1_806' title='bbox 2732 5176 3079 5246; x_wconf 86' lang='lat' dir='ltr'><strong>nominisque</strong></span> <span class='ocrx_word' id='word_1_807' title='bbox 3118 5178 3225 5230; x_wconf 75' lang='lat' dir='ltr'><strong>vim</strong></span> <span class='ocrx_word' id='word_1_808' title='bbox 3260 5191 3323 5231; x_wconf 91' lang='lat' dir='ltr'><strong>ac</strong></span> <span class='ocrx_word' id='word_1_809' title='bbox 3348 5176 3547 5245; x_wconf 79' lang='lat' dir='ltr'><strong>signiti-</strong></span> 
     </span>
    </p>
   </div>
   <div class='ocr_carea' id='block_1_103' title="bbox 1960 5265 3547 5339">
    <p class='ocr_par' dir='ltr' id='par_1_103' title="bbox 1960 5265 3547 5339">
     <span class='ocr_line' id='line_1_103' title="bbox 1960 5265 3547 5339; baseline 0.001 -20"><span class='ocrx_word' id='word_1_810' title='bbox 1960 5265 2229 5321; x_wconf 89' lang='lat' dir='ltr'><strong>cationem</strong></span> <span class='ocrx_word' id='word_1_811' title='bbox 2281 5265 2473 5321; x_wconf 86' lang='lat' dir='ltr'><strong>beatus</strong></span> <span class='ocrx_word' id='word_1_812' title='bbox 2506 5267 2730 5337; x_wconf 81' lang='lat' dir='ltr'><strong>angelus</strong></span> <span class='ocrx_word' id='word_1_813' title='bbox 2768 5274 3077 5339; x_wconf 86' lang='lat' dir='ltr'><strong>exponens.</strong></span> <span class='ocrx_word' id='word_1_814' title='bbox 3115 5270 3186 5322; x_wconf 92' lang='lat' dir='ltr'><strong>ita</strong></span> <span class='ocrx_word' id='word_1_815' title='bbox 3223 5268 3298 5321; x_wconf 87' lang='lat' dir='ltr'><strong>ait</strong></span> <span class='ocrx_word' id='word_1_816' title='bbox 3328 5284 3342 5322; x_wconf 92' lang='lat'><strong>:</strong></span> <span class='ocrx_word' id='word_1_817' title='bbox 3378 5285 3398 5319; x_wconf 75' lang='grc' dir='ltr'><strong>ι</strong></span> <span class='ocrx_word' id='word_1_818' title='bbox 3439 5266 3547 5321; x_wconf 87' lang='lat' dir='ltr'><strong>Vo-</strong></span> 
     </span>
    </p>
   </div>
   <div class='ocr_carea' id='block_1_104' title="bbox 1959 5356 3546 5431">
    <p class='ocr_par' dir='ltr' id='par_1_104' title="bbox 1959 5356 3546 5431">
     <span class='ocr_line' id='line_1_104' title="bbox 1959 5356 3546 5431; baseline 0.002 -22"><span class='ocrx_word' id='word_1_819' title='bbox 1959 5356 2112 5411; x_wconf 88' lang='lat' dir='ltr'><strong>cabis</strong></span> <span class='ocrx_word' id='word_1_820' title='bbox 2141 5371 2335 5411; x_wconf 90' lang='lat' dir='ltr'><strong>nomen</strong></span> <span class='ocrx_word' id='word_1_821' title='bbox 2382 5357 2499 5426; x_wconf 88' lang='lat' dir='ltr'><strong>ejus</strong></span> <span class='ocrx_word' id='word_1_822' title='bbox 2541 5357 2724 5415; x_wconf 80' lang='lat' dir='ltr'><strong>Jesum</strong></span> <span class='ocrx_word' id='word_1_823' title='bbox 2759 5360 2918 5431; x_wconf 81' lang='lat' dir='ltr'><strong>:jpse</strong></span> <span class='ocrx_word' id='word_1_824' title='bbox 2957 5360 3099 5414; x_wconf 86' lang='lat' dir='ltr'><strong>enim</strong></span> <span class='ocrx_word' id='word_1_825' title='bbox 3132 5358 3339 5413; x_wconf 83' lang='lat' dir='ltr'><strong>salvum</strong></span> <span class='ocrx_word' id='word_1_826' title='bbox 3381 5356 3546 5413; x_wconf 77' lang='lat' dir='ltr'><strong>faciet</strong></span> 
     </span>
    </p>
   </div>
   <div class='ocr_carea' id='block_1_105' title="bbox 342 5501 1864 5587">
    <p class='ocr_par' dir='ltr' id='par_1_105' title="bbox 342 5501 1864 5577">
     <span class='ocr_line' id='line_1_105' title="bbox 342 5501 1864 5577; baseline 0.007 -21"><span class='ocrx_word' id='word_1_827' title='bbox 342 5501 571 5558; x_wconf 84' lang='lat' dir='ltr'><strong>“Hebr.</strong></span> <span class='ocrx_word' id='word_1_828' title='bbox 604 5520 657 5568; x_wconf 73' lang='grc' dir='ltr'>ι,</span> <span class='ocrx_word' id='word_1_829' title='bbox 686 5505 776 5570; x_wconf 80' lang='lat'><strong>‘28,</strong></span> <span class='ocrx_word' id='word_1_830' title='bbox 811 5504 903 5563; x_wconf 75' lang='lat'><strong>29.</strong></span> <span class='ocrx_word' id='word_1_831' title='bbox 982 5508 1025 5539; x_wconf 82' lang='grc'><strong>⁸⁷</strong></span> <span class='ocrx_word' id='word_1_832' title='bbox 1060 5508 1222 5563; x_wconf 87' lang='lat' dir='ltr'><strong>llebr.</strong></span> <span class='ocrx_word' id='word_1_833' title='bbox 1256 5527 1356 5576; x_wconf 79' lang='lat' dir='ltr'><strong>xu,</strong></span> <span class='ocrx_word' id='word_1_834' title='bbox 1377 5509 1469 5577; x_wconf 73' lang='lat'><strong>25,</strong></span> <span class='ocrx_word' id='word_1_835' title='bbox 1496 5511 1589 5566; x_wconf 74' lang='lat'><strong>26.</strong></span> <span class='ocrx_word' id='word_1_836' title='bbox 1666 5514 1711 5544; x_wconf 76' lang='grc'><strong>⁸⁸</strong></span> <span class='ocrx_word' id='word_1_837' title='bbox 1739 5512 1864 5569; x_wconf 64' lang='grc' dir='ltr'>ιυίιι</span> 
     </span>
    </p>
   </div>
   <div class='ocr_carea' id='block_1_106' title="bbox 1967 5501 3314 5587">
    <p class='ocr_par' dir='ltr' id='par_1_106' title="bbox 1967 5514 3314 5587">
     <span class='ocr_line' id='line_1_106' title="bbox 1967 5514 3314 5587; baseline 0.004 -20"><span class='ocrx_word' id='word_1_838' title='bbox 1967 5530 2017 5583; x_wconf 67' lang='grc' dir='ltr'><strong>ιι,</strong></span> <span class='ocrx_word' id='word_1_839' title='bbox 2047 5514 2136 5569; x_wconf 81' lang='grc'><strong>51.</strong></span> <span class='ocrx_word' id='word_1_840' title='bbox 2215 5516 2259 5549; x_wconf 78' lang='grc'>⁸⁸</span> <span class='ocrx_word' id='word_1_841' title='bbox 2313 5515 2475 5573; x_wconf 87' lang='lat' dir='ltr'><strong>llehr.</strong></span> <span class='ocrx_word' id='word_1_842' title='bbox 2507 5534 2626 5585; x_wconf 74' lang='lat' dir='ltr'><strong>xm,</strong></span> <span class='ocrx_word' id='word_1_843' title='bbox 2662 5520 2716 5574; x_wconf 87' lang='lat'><strong>8.</strong></span> <span class='ocrx_word' id='word_1_844' title='bbox 2794 5519 2837 5551; x_wconf 85' lang='lat'><em>&quot;</em></span> <span class='ocrx_word' id='word_1_845' title='bbox 2866 5517 2884 5572; x_wconf 87' lang='grc' dir='ltr'><strong>Ι</strong></span> <span class='ocrx_word' id='word_1_846' title='bbox 2920 5515 3157 5573; x_wconf 88' lang='lat' dir='ltr'><strong>Timoth.</strong></span> <span class='ocrx_word' id='word_1_847' title='bbox 3189 5533 3230 5587; x_wconf 86' lang='grc' dir='ltr'><strong>ι,</strong></span> <span class='ocrx_word' id='word_1_848' title='bbox 3263 5517 3314 5574; x_wconf 83' lang='grc'>1.</span> 
     </span>
    </p>
   </div>
   <div class='ocr_carea' id='block_1_107' title="bbox 1301 5637 1321 5657">
    <p class='ocr_par' dir='ltr' id='par_1_107' title="bbox 1301 5637 1321 5657">
     <span class='ocr_line' id='line_1_107' title="bbox 1301 5637 1321 5657; baseline 0 0"><span class='ocrx_word' id='word_1_849' title='bbox 1301 5637 1321 5657; x_wconf 75' lang='grc' dir='ltr'><em>ο</em></span> 
     </span>
    </p>
   </div>
   <div class='ocr_carea' id='block_1_108' title="bbox 1363 5665 2441 5742">
    <p class='ocr_par' dir='ltr' id='par_1_108' title="bbox 1363 5665 2441 5742">
     <span class='ocr_line' id='line_1_108' title="bbox 1363 5665 2441 5742; baseline 0.009 -24"><span class='ocrx_word' id='word_1_850' title='bbox 1363 5665 1537 5722; x_wconf 77' lang='lat' dir='ltr'><strong>Varia:</strong></span> <span class='ocrx_word' id='word_1_851' title='bbox 1557 5668 1815 5726; x_wconf 76' lang='lat' dir='ltr'><strong>lectiones</strong></span> <span class='ocrx_word' id='word_1_852' title='bbox 1846 5672 2049 5727; x_wconf 85' lang='lat' dir='ltr'><strong>codicis</strong></span> <span class='ocrx_word' id='word_1_853' title='bbox 2080 5671 2441 5742; x_wconf 79' lang='lat' dir='ltr'><strong>chuicriani.</strong></span> 
     </span>
    </p>
   </div>
   <div class='ocr_carea' id='block_1_109' title="bbox 339 5796 1527 5867">
    <p class='ocr_par' dir='ltr' id='par_1_109' title="bbox 339 5796 1527 5867">
     <span class='ocr_line' id='line_1_109' title="bbox 339 5796 1527 5867; baseline 0.003 -15"><span class='ocrx_word' id='word_1_854' title='bbox 339 5798 393 5840; x_wconf 71' lang='grc' dir='ltr'>ἰ’</span> <span class='ocrx_word' id='word_1_855' title='bbox 414 5796 708 5867; x_wconf 69' lang='grc' dir='ltr'>ἀτιμάσας.</span> <span class='ocrx_word' id='word_1_856' title='bbox 786 5807 813 5839; x_wconf 72' lang='grc' dir='ltr'><strong>ν</strong></span> <span class='ocrx_word' id='word_1_857' title='bbox 847 5799 944 5851; x_wconf 80' lang='grc' dir='ltr'>ἔτι.</span> <span class='ocrx_word' id='word_1_858' title='bbox 1029 5810 1047 5834; x_wconf 73' lang='grc' dir='ltr'><strong>ι</strong></span> <span class='ocrx_word' id='word_1_859' title='bbox 1080 5800 1246 5867; x_wconf 65' lang='grc' dir='ltr'>ἴσως,</span> <span class='ocrx_word' id='word_1_860' title='bbox 1277 5796 1428 5867; x_wconf 69' lang='grc' dir='ltr'>οὗτος</span> <span class='ocrx_word' id='word_1_861' title='bbox 1450 5802 1527 5858; x_wconf 77' lang='grc' dir='ltr'>δέ.</span> 
     </span>
    </p>
   </div>
  </div>
