4060 6412
482 415 614 472 1235

1470 405 1526 458 S.
1573 402 1843 459 (IYIKILLI
1883 399 2353 456 ALEXANDRIN‘I
2393 397 2712 454 ARClliEP.

3599 403 3738 458 1255

476 529 726 598 populum
773 541 927 580 suum
962 541 988 578 a
1020 525 1260 595 peccatis
1308 537 1494 575 eorum
1535 523 1600 572 τι.
1645 539 1661 568 ι
1713 519 1856 572 Deus
1899 517 2060 584 igitur

2185 514 2328 566 ιῦτοῦ
2371 516 2478 566 ἀπὸ
2527 514 2635 568 τῶν
2684 513 2963 584 ἁμαρτιῶν
3008 515 3206 567 αὐτῶν.
3238 533 3254 563 ι
3287 515 3417 578 Θεὸς
3448 511 3540 569 οῦν
3573 520 3676 586 ἄρα
3707 522 3737 571 6

475 630 554 674 est
583 620 848 681 Christus,
883 634 1002 670 nam
1029 617 1182 683 juxta
1218 616 1380 668 divini
1418 614 1562 667 Pauli
1590 611 1913 674 doctrinam,
1945 610 2059 676 ipse

474 723 555 765 est
592 711 834 762 Salvator
859 710 1098 762 omnium
1132 710 1452 762 hominum“
1830 705 1836 710 ’

919 816 1001 869 Ex
1032 817 1270 885 Epistola
1300 819 1367 867 ad
1410 815 1603 867 Titum.

553 944 572 976 ι
635 924 898 994 Apparuit
959 927 1103 977 enim
1156 925 1326 993 gratia
1395 926 1484 977 Ilei
1543 924 1838 978 Salvatoris
1896 928 2064 980 nostri
2114 969 2120 976 .

482 1017 737 1070 Omnibus
814 1017 1138 1077 hominibus,
1187 1015 1438 1067 erudiens
1481 1031 1578 1068 nos
1631 1027 1687 1067 ut
1737 1019 2064 1086 ahurgantes

484 1105 809 1172 impietatem
841 1114 894 1156 et
923 1102 1200 1156 sateularia
1262 1103 1550 1165 desideria,
1601 1105 1783 1158 sobrie
1829 1117 1880 1158 et
1921 1106 2066 1172 juste

482 1206 535 1248 et
573 1195 655 1261 pie
689 1195 934 1246 vivamus
959 1195 1009 1246 in
1035 1193 1134 1246 hoc
1165 1193 1381 1255 saeculo,
1416 1206 1800 1262 exspectantes
1842 1195 2059 1250 beatam

484 1302 657 1354 spem,
694 1295 746 1337 et
773 1285 1060 1336 adventum
1109 1285 1293 1353 gloria:
1330 1286 1505 1353 magni
1556 1286 1645 1339 Dei
1679 1297 1732 1339 et
1766 1286 2066 1342 Salvaloris

486 1378 651 1428 nostri
678 1373 803 1428 Jesu
829 1375 1054 1437 Christi,
1084 1378 1172 1443 qui
1203 1376 1348 1428 dedit
1381 1375 1729 1445 semetipsum
1764 1393 1860 1445 pro
1889 1378 2065 1439 nobis,

486 1474 542 1515 ut
571 1478 664 1516 nos
691 1463 975 1516 redimeret
1001 1465 1067 1515 ah
1090 1465 1233 1516 oumi
1282 1465 1564 1532 iniquitate
1584 1476 1638 1519 et
1661 1468 1939 1520 mundaret
1966 1467 2067 1521 sibi

487 1555 736 1622 populum
789 1557 1198 1622 acceptabilem,
1240 1566 1561 1610 sectatorem
1627 1558 1888 1611 bonorum
1942 1573 2069 1625 ope-

489 1647 691 1699 rum".
732 1665 749 1696 ι
792 1646 998 1710 Qualis,
1032 1662 1235 1714 qmeso,
1269 1649 1464 1715 gratia,
1498 1658 1591 1702 aut
1637 1649 1912 1717 cujusnam
1976 1647 2068 1702 Dei

499 1740 670 1805 gratia
722 1739 969 1806 apparuit
1048 1738 1222 1800 nobis,
1270 1754 1388 1806 qua:
1449 1740 1696 1792 omuilms
1767 1737 2070 1792 hominibus

2166 606 2417 674 Χριστὸς,
2446 606 2602 674 εἴπερ
2646 605 2762 655 ἐστὶ
2791 605 2981 674 Σωτὴρ
3012 605 3228 658 πάντων
3275 607 3602 678 ἀνθρώπων,
3639 628 3741 662 και

2067 749 2072 753 .
2165 696 2231 749 θά
2268 713 2430 765 φησιν
2457 697 2483 746 6
2513 696 2799 758 Θεσπέσιος
2833 696 3066 758 Παῦλος.

2635 811 2728 863 Ἐκ
2770 810 2880 877 τῆς
2911 811 3060 878 πρὸς
3101 809 3288 863 Τίτον.

2244 945 2259 975 ι
2306 927 2580 997 Ἐπεφάνη
2636 925 2745 997 γὰρ
2790 927 2822 995 ἢ
2871 926 3030 994 χάρις
3075 922 3168 976 τοῦ
3216 924 3348 976 Θεοῦ
3391 927 3423 994 ἠ
3476 927 3744 996 σωτήριος

2168 1013 2331 1063 πᾶσιν
2385 1013 2724 1083 ἀνθρώποις,
2779 1011 3106 1066 παιδεύουσα
3150 1015 3326 1082 ἡμᾶς,
3371 1014 3457 1066 ἵνα
3499 1016 3743 1084 ἀρνησά-

2171 1118 2320 1170 μενοι
2361 1102 2459 1172 τὴν
2507 1102 2785 1162 ἀσέϐειαν,
2832 1103 2926 1154 καὶ
2967 1103 3065 1164 τὰς
3098 1103 3369 1172 κοσμικὰς
3406 1103 3703 1170 ἐπιθυμίας
3728 1145 3743 1168 ,

2171 1192 2462 1262 σωφρόνως
2495 1192 2753 1256 ἐπιεικῶς
2793 1202 2818 1241 1
2867 1193 3122 1262 ζήσωμεν
3175 1194 3232 1244 ὲν
3277 1190 3354 1261 τῷ
3404 1191 3498 1244 νῦν
3549 1193 3744 1257 αίῶνι,

2170 1281 2588 1351 προσδεχόμενοι
2621 1283 2719 1352 τὴν
2754 1282 3027 1351 μακαρίαν
3062 1282 3272 1347 ἐλπίδα,
3303 1283 3394 1334 καὶ
3425 1284 3748 1350 ἐπιφάνειαν

2169 1373 2264 1443 τῆς
2290 1373 2446 1442 δόξης
2473 1372 2566 1425 τοῦ
2599 1374 2835 1443 μεγάλου
2875 1374 3010 1426 Θεοῦ
3037 1375 3129 1426 καὶ
3163 1373 3415 1443 Σωτῆρος
3449 1373 3607 1442 ἡμῶν
3640 1373 3750 1443 Ἰη-

2173 1463 2266 1516 σοῦ
2310 1464 2567 1532 Χριστοῦ,
2596 1465 2652 1526 ὃς
2683 1464 2882 1517 ἔδωκεν
2912 1465 3100 1517 ἑαυτὸν
3142 1466 3281 1536 ὑπὲρ
3313 1465 3490 1535 ἡμῶν,
3529 1467 3616 1519 ἵνα
3653 1465 3748 1518 λυο

2169 1557 2446 1624 τρώσηται
2483 1557 2631 1624 ἡμᾶς
2662 1556 2768 1608 ἀπὸ
2810 1556 2990 1627 πάσης
3034 1557 3290 1626 ἀνομίας,
3337 1555 3430 1608 καὶ
3474 1557 3748 1628 καθαρίσῃ

2173 1646 2349 1716 ἑαυτῷ
2398 1646 2522 1698 λαὸν
2578 1646 2908 1716 περιούσιον,
2966 1647 3213 1717 ζηλωτὴν
3265 1647 3444 1699 καλῶν
3492 1646 3688 1716 ἔργων.
3726 1667 3743 1696 ι

2177 1740 2308 1790 ιιοία
2355 1739 2512 1808 χάρις
2563 1740 2833 1806 ἐπέςρανεν
2881 1740 3034 1808 ἡμῖν,
3079 1738 3111 1807 ἢ
3161 1738 3314 1791 ποίου
3360 1737 3519 1799 Θεοῦ,
3568 1738 3747 1790 καίτοι

488 1829 743 1882 salutaris
791 1831 889 1882 hoc
943 1829 1060 1881 loco
1110 1830 1476 1895 praedicatur?
1529 1828 1754 1882 Planum
1788 1839 1890 1891 est,
1927 1830 2069 1898 quod

2185 1838 2441 1906 λεγομένη
2492 1837 2755 1906 σωτήριος
2808 1831 2947 1889 εἶναι
2997 1837 3163 1887 πᾶσιν
3215 1834 3562 1904 ἀνθρώποις;
3609 1833 3750 1884 ’Δλλ’

491 1922 632 1974 illius
666 1919 754 1972 Dei
791 1933 843 1972 et
875 1920 1083 1974 Domini
1116 1921 1228 1988 qui,
1255 1918 1407 1988 juxta
1434 1921 1646 1973 beatum
1675 1919 1864 1983 David,
1899 1920 2074 1973 illuxit

493 2013 666 2075 nobis,
713 2012 973 2080 cujusque
1022 2012 1311 2080 gloriosam
1343 2013 1836 2067 manilestationem
1872 2014 1936 2066 de
1966 2028 2077 2067 cu:-

492 2104 556 2158 lis
613 2104 1083 2173 exspectamus".
1121 2103 1345 2174 Magnus
1400 2104 1486 2157 hic
1535 2104 1672 2158 Deus
1729 2105 1845 2172 ipse
1892 2101 2077 2157 Salva-

493 2204 577 2248 tor
613 2205 795 2249 noster
842 2194 998 2249 Jesus
1039 2197 1311 2258 Christus,
1349 2195 1438 2264 qui
1487 2194 1681 2248 obtulit
1726 2193 2074 2262 semetipsum

495 2300 592 2353 pro
624 2285 792 2348 nobis,
827 2302 935 2355 quo
960 2288 1026 2339 ab
1054 2288 1196 2339 omni
1225 2296 1446 2356 peccato
1469 2285 1760 2348 absolutos,
1792 2299 2078 2353 germanos

495 2377 594 2430 sibi
629 2378 983 2430 constitueret
1011 2378 1346 2430 adoratorcs.
1385 2377 1519 2430 Cum
1551 2391 1679 2444 ergo
1714 2376 1906 2428 beatus
1934 2373 2077 2426 Pau-

494 2466 577 2519 lus
614 2465 947 2520 Salvatorem
988 2477 1227 2520 nostrqu
1276 2464 1456 2519 Jesutu
1491 2464 1764 2518 Christum
1821 2480 2075 2532 magnum

481 2557 668 2632 \Deum
726 2558 1000 2624 praedicet,
1047 2559 1168 2626 quis
1211 2557 1609 2612 Emmanuelem
1671 2571 1853 2611 verum
1910 2557 2079 2611 Deum

497 2657 618 2698 esse
647 2644 874 2698 inﬂeiari
917 2645 1150 2699 audeat?

924 2839 1031 2910 76
1063 2837 1164 2892 EX
1200 2837 1663 2895 caruoucrs.

1013 2952 1088 3004 Ex
1119 2947 1304 3005 Jacobi
1331 2951 1586 3020 Epistula.

958 3063 1110 3130 Quod
1138 3063 1381 3119 Christus
1407 3067 1472 3118 sit
1501 3065 1658 3119 Deus.

578 3197 595 3229 ι
629 3176 803 3231 Nolite
843 3191 1048 3239 errare,
1095 3176 1289 3231 fratres
1339 3178 1439 3231 mei
1501 3178 1832 3232 dilectissimi

504 3269 686 3323 datum
721 3270 1016 3338 optimum,
1043 3281 1096 3322 et
1117 3283 1288 3321 omne
1317 3268 1515 3321 donum
1543 3268 1835 3337 perfectum
1865 3270 1930 3323 de
1963 3285 2083 3324 sur-

512 3376 631 3415 sum
673 3371 775 3425 est,
815 3361 1200 3414 descendensa
1232 3358 1392 3412 Patre
1436 3360 1698 3413 luminunt
1729 3360 1794 3413 τδ.
1837 3378 1854 3411 ι
1901 3359 2086 3424 Omne,

506 3452 714 3521 inquit,
767 3454 950 3503 datum
1009 3453 1259 3518 optimum
1294 3466 1312 3503 :
1352 3465 1483 3506 sane
1531 3451 1729 3504 bonum
1773 3467 1967 3505 munus
2007 3462 2091 3506 est

507 3545 742 3614 Spiritus
769 3553 1008 3605 sanctus,
1044 3544 1537 3610 patrandoruutque
1586 3544 1970 3597 miraculorum
2011 3543 2091 3598 fa-

508 3635 681 3688 cultas
718 3650 812 3703 per
840 3637 1012 3700 ipsum
1043 3634 1334 3700 impertita.
1367 3633 1501 3685 Cum
1533 3650 1664 3704 ergo
1694 3635 1943 3690 Christus
1971 3636 2088 3704 Spi-

509 3723 672 3776 ritqu
723 3733 968 3775 sanctum
1014 3723 1216 3775 sanctis
1264 3721 1626 3790 iinpertiatur,
1667 3735 2092 3795 potestatemque

511 3823 571 3867 ut
599 3815 776 3868 divina
829 3814 1087 3867 miracula
1133 3815 1316 3876 edant,
1381 3815 1568 3869 iisdem
1626 3816 1923 3885 largiatur:
1955 3834 2092 3888 quo-

512 3907 669 3960 modo
697 3922 801 3959 non
833 3915 916 3959 est
945 3921 1108 3959 verus
1141 3905 1324 3959 Deus?

586 4018 604 4050 ι
641 3997 848 4052 Subditi
886 3999 1047 4067 igitur
1089 4007 1262 4052 estote
1306 3997 1434 4062 Deo,
1478 3998 1711 4054 resistite
1757 4009 1934 4070 autem
1977 4001 2094 4054 dia-

511 4091 654 4155 bolo,
685 4099 739 4143 et
767 4090 932 4158 fugiet
959 4105 986 4141 a
1012 4089 1164 4143 vobis
1195 4090 1261 4144 ⁷⁸.
1312 4107 1330 4140 ι
1373 4089 1507 4143 Ecce
1536 4092 1586 4143 iu
1618 4091 1700 4145 his
1729 4101 1916 4160 aperte
1961 4093 2093 4147 dicit

512 4191 762 4250 oportere
811 4197 908 4234 nos
953 4182 1061 4234 Deo
1104 4181 1316 4250 subjici.
1386 4181 1522 4236 Dicit
1573 4193 1750 4237 autem
1801 4185 2092 4239 Christus:

521 4292 539 4325 ι
583 4273 776 4326 Tollite
823 4273 1010 4341 jugum
1053 4286 1226 4323 meum
1264 4286 1427 4340 super
1462 4288 1560 4327 vos
1592 4274 1660 4327 ".
1703 4293 1722 4325 ι
1777 4274 1909 4329 Cum
1939 4275 1972 4328 ii
2003 4275 2095 4344 qui

516 4364 921 4433 Christijugum
955 4363 1007 4417 in
1034 4377 1092 4418 se
1119 4362 1328 4427 tollunt,
1365 4380 1467 4416 non
1516 4364 1669 4420 alteri
1707 4367 1936 4436 cuipiam
1967 4367 2095 4420 Sub-

510 4457 786 4526 jiciantur,
844 4469 1002 4526 quam
1076 4455 1181 4508 Deo
1216 4471 1228 4506 :
1269 4456 1537 4521 quomodo
1581 4455 1829 4511 Christus
1867 4471 1974 4510 non
2015 4465 2098 4512 est

517 4548 696 4603 Deus?

923 4658 1006 4713 Ea:
1035 4662 1200 4729 priori
1233 4660 1469 4730 Epistola
1508 4657 1671 4713 Petri.

594 4790 611 4822 ι
653 4770 844 4825 Petrus
887 4772 1163 4838 apostolus
1209 4770 1336 4825 Jesu
1377 4770 1603 4835 Christi,
1643 4768 1830 4824 electis
1879 4767 2099 4822 advenis

519 4863 873 4929 dispersionis
903 4861 1080 4922 Ponti,
1109 4863 1352 4927 Galatiaa,
1400 4861 1771 4932 Cappadocim,
1810 4860 1970 4923 Asiae,
2007 4859 2099 4911 Βία

523 4953 750 5023 thyniaa,
788 4956 1082 5008 secundum
1117 4955 1514 5023 prmscientiam
1557 4953 1662 5008 Dei
1690 4953 1864 5006 Patris
1891 4951 1944 5004 iu
1971 4965 2100 5005 san-

522 5043 908 5097 etilicationem
955 5044 1212 5114 Spiritus,
1258 5047 1309 5100 iu
1346 5046 1708 5100 obedientiam
1741 5054 1793 5099 et
1829 5043 2101 5112 aspersio-

525 5149 644 5188 nem
694 5134 969 5204 sanguinis
1028 5135 1152 5188 Jesu
1217 5135 1417 5191 Christi
1477 5139 1646 5206 gratia
1707 5137 1857 5192 vobis
1902 5145 1955 5189 e‘t
1998 5150 2099 5203 pax

524 5224 910 5293 multiplicetur
939 5225 1006 5277 ".
1049 5243 1067 5275 ι
1112 5223 1251 5280 Ecce
1289 5227 1584 5281 secundum
1619 5227 1710 5282 Dei
1757 5227 1934 5281 Patris
1963 5240 2100 5295 prae-

593 5401 636 5431 "
675 5398 864 5458 Matth.
907 5417 944 5463 I,
973 5399 1063 5455 2|.
1139 5399 1326 5454 "Tit.
1363 5416 1421 5466 ιι,
1455 5401 1640 5454 Η-Η.

526 5467 572 5498 ”
600 5467 790 5524 lPetr.
834 5471 1017 5536 1,1-5.

1871 3195 1885 3232 ζ
1927 3193 2086 3233 omne
2114 3203 2155 3260 C

1718 5399 1761 5430 "
1791 5401 1930 5456 Psal.
1956 5417 2122 5468 cxvu,
2157 5402 2246 5455 27.

2183 1922 2296 1974 ἔστι
2320 1922 2496 1991 δῆλον,
2521 1923 2601 1974 ὅτι
2626 1942 2642 1971 ι
2665 1922 2794 1985 Θεὸς
2821 1922 3134 1993 ὣνΚῦριος,
3154 1921 3247 1975 καὶ
3273 1923 3705 1991 ὲπέφανενήμίν,
3731 1941 3748 1971 ι

2178 2016 2318 2068 κατὰ
2356 2015 2447 2067 τὸν
2489 2018 2757 2087 μακάριον
2803 2017 2987 2072 Δαυῖδ.
3040 2015 3214 2068 Αὑτοῦ
3276 2015 3371 2086 τὴν
3403 2015 3462 2079 ἐξ
3510 2017 3756 2087 οὐρανῶν

2177 2107 2499 2175 ἐπιφάνειαν
2525 2109 2620 2177 τῆς
2640 2107 2795 2178 δόξης
2822 2107 3250 2179 προσδεχόμεθα.
3282 2109 3392 2160 Καὶ
3420 2109 3579 2170 αὑτός
3607 2111 3758 2160 ἐστιν

2177 2199 2204 2249 6
2239 2197 2411 2265 μέγας
2441 2197 2571 2260 Θεὸς
2600 2199 2692 2250 καὶ
2725 2199 2913 2270 Σωτὴρ
2941 2199 3094 2268 ἡμῶν
3130 2198 3337 2269 Ἰησοῦς
3367 2201 3394 2252 6
3419 2199 3670 2268 Χριστὸς,
3699 2201 3759 2262 ὃς

2177 2285 2406 2338 δέδωκεν
2453 2287 2645 2339 ἑαυτὸν
2691 2287 2832 2357 ὑπὲρ
2880 2289 3057 2358 ἡμῶν,
3109 2288 3196 2341 ἵνα
3243 2287 3427 2358 πάσης
3479 2289 3759 2359 ἁμαρτίας

2179 2376 2526 2440 ἀπαλλάξας,
2571 2377 2748 2448 ἑαυτῷ
2777 2380 3107 2450 παραστήσῃ
3141 2379 3398 2448 γνησίους
3450 2397 3761 2450 προσκυνη-

2178 2470 2296 2531 τάς.
2342 2464 2472 2521 Εἶτα
2515 2470 2598 2532 τίς
2637 2471 2665 2522 6
2697 2470 2870 2537 λέγων
2902 2471 3000 2522 οῦκ
3043 2465 3184 2522 εἶναι
3215 2471 3346 2522 Θεὸν
3378 2470 3630 2541 ἀληθινὸν
3664 2472 3762 2522 τὸν

2194 2561 2559 2630 Ἑμμανουὴλ,
2587 2561 2680 2613 τοῦ
2720 2561 2990 2632 μακαρίου
3041 2562 3254 2615 Παύλου
3285 2563 3414 2632 περὶ
3463 2561 3627 2614 αὐτοῦ
3666 2560 3760 2612 λέ-

2180 2668 2386 2721 γοντος·
2417 2670 2434 2702 ι
2455 2651 2557 2704 Τοῦ
2590 2653 2826 2723 μεγάλου
2853 2652 2986 2705 Θεοῦ
3015 2653 3107 2706 καὶ
3134 2653 3385 2723 Σωτῆρος
3414 2653 3569 2722 ἡμῶν
3587 2650 3763 2721 Ἰησοῦ

2182 2743 2417 2813 Χριστοῦ
2441 2763 2454 2809 ;
2496 2764 2514 2797 ι

2589 2861 2635 2911 Ε
2640 2862 2683 2911 1(
2732 2861 2871 2912 ΤΩΝ
2899 2861 3140 2913 ΚΛΘΟΛ
3149 2860 3346 2913 [ΚΩΝ.

2510 2969 2605 3023 Ἐκ
2636 2971 2736 3040 τῆς
2773 2970 3027 3024 Ἰακώϐου
3069 2971 3408 3041 Ἐπιστολῆς.

2655 3081 2774 3132 Ὅτι
2811 3080 2955 3145 Θεὸς
2989 3083 3021 3133 ό
3055 3081 3326 3148 Χριστός.

2263 3212 2280 3244 ι
2311 3193 2402 3262 Μὴ
2437 3191 2731 3255 πλανᾶσθε,
2759 3178 2975 3261 ἀδελφοί
3013 3209 3114 3264 μου
3147 3190 3420 3260 ἀγαπητοί
3444 3207 3457 3220 ·
3500 3190 3648 3244 πᾶσα
3681 3189 3772 3241 δός

2193 3302 2274 3348 σις
2319 3283 2518 3353 ἀγαθὴ,
2563 3286 2658 3336 καὶ
2693 3286 2800 3337 πᾶν
2834 3284 3067 3355 δώρημα
3113 3283 3316 3336 τέλειον
3355 3281 3561 3336 ἄνωθέν
3595 3283 3771 3344 ἐστιν,

2191 3375 2520 3429 καταϐαῖνον
2551 3376 2615 3426 ὲκ
2638 3374 2732 3427 τοῦ
2768 3375 2980 3445 Πατρὸς
3009 3375 3114 3427 τῶν
3153 3373 3367 3442 φώτων.
3399 3391 3418 3422 ›
3461 3370 3634 3426 Πᾶσα
3667 3370 3770 3423 δό-

2191 3482 2314 3534 σις,
2349 3465 2512 3536 φησὶν
2535 3504 2548 3528 ,
2577 3464 2768 3533 ἀγαθή
2791 3481 2806 3495 ο
2848 3464 3028 3534 ἀγαθὴ
3058 3464 3114 3516 δὲ
3148 3464 3315 3526 δόσις,
3347 3462 3408 3515 τὸ
3442 3462 3664 3530 Πνεῦμα
3708 3461 3773 3512 τὸ

2193 3557 2365 3622 ἆγιον,
2395 3557 2490 3609 καὶ
2521 3556 2580 3608 τὸ
2606 3555 2865 3609 δύνασθαι
2900 3556 3142 3628 πληροῦν
3169 3557 3225 3608 ὲν
3256 3554 3406 3626 αὐτῷ
3439 3556 3536 3617 τὰς
3577 3553 3774 3622 θεοση-

2195 3647 2372 3716 μείας.
2403 3642 2533 3699 Εἶτα
2560 3647 2606 3698 εί
2636 3649 2746 3709 τοῖς
2778 3639 2954 3714 ἁγίοις
2987 3645 3270 3717 χαρίζεται
3301 3646 3362 3698 τὸ
3391 3645 3615 3714 Πνεῦμα
3643 3645 3773 3710 Χριο

2196 3737 2336 3799 στὸς,
2379 3739 2473 3790 καὶ
2513 3738 2619 3808 μὴν
2668 3739 2761 3789 καὶ
2787 3738 2846 3790 τὸ
2896 3737 3155 3790 δύνασθαι
3210 3735 3451 3806 πληροῦν
3484 3735 3552 3787 τὰ
3585 3734 3772 3804 παρά-

2193 3831 2342 3898 δοξα,
2379 3831 2493 3896 πῶς
2518 3833 2619 3885 οῦκ
2649 3831 2713 3885 ἂν
2744 3833 2827 3902 εῐη
2862 3833 2994 3894 Θεὸς
3025 3830 3277 3900 ἀληθινὸς
3304 3833 3332 3881 6
3362 3827 3630 3898 Χριστός;

2273 4023 2292 4058 ι
2332 4004 2673 4073 Ὑποτάγητε
2718 3997 2810 4055 οῦν
2859 4001 2938 4071 τῷ
2975 4000 3092 4070 Θεῷ
3118 4009 3162 4063 ι,
3207 3999 3493 4066 ἀντίστητε
3544 3996 3620 4066 τῷ
3655 3996 3776 4048 δια-

2196 4095 2358 4162 ϐόλῳ,
2386 4096 2480 4146 καὶ
2512 4093 2764 4161 φεύξεται
2804 4094 2896 4160 ἀφ’
2922 4091 3096 4162 ὑμῶν.
3125 4109 3144 4140 ›
3182 4090 3314 4142 Ἰδοὺ
3348 4087 3534 4157 σαφῶς
3569 4089 3626 4139 ὲν
3655 4085 3779 4138 τού-

2195 4203 2328 4250 τοις,
2361 4183 2758 4237 ὑποτάττεσθαι
2801 4183 2910 4235 δεῖν
2952 4183 3114 4251 ἡμᾶς,
3143 4180 3246 4251 ἔφη
3275 4179 3352 4244 τῷ
3381 4177 3516 4247 Θεῷ.
3548 4177 3687 4245 Φησὶ
3720 4175 3781 4227 δὲ

2197 4277 2431 4345 Χριστός
2453 4292 2466 4306 ·
2505 4295 2523 4327 ι
2558 4277 2760 4346 ’Ἄρατε
2807 4274 2898 4325 τὸν
2933 4271 3097 4340 ζυγόν
3150 4289 3252 4341 μου
3283 4270 3367 4339 ἐφ’
3393 4270 3559 4338 ὑμᾶς.
3589 4285 3608 4318 ›
3646 4266 3780 4338 Ὅτε

2197 4366 2376 4418 τοίνυν
2415 4367 2463 4417 οἱ
2505 4364 2594 4416 τὸν
2629 4363 2792 4432 ζυγὸν
2833 4363 3078 4435 αἴροντες
3124 4363 3215 4415 τὸν
3261 4361 3426 4414 αὑτοῦ
3461 4361 3559 4428 οὺχ
3603 4357 3781 4426 ἑτέρῳ

2199 4457 2305 4510 τινὶ
2346 4459 2496 4526 παρὰ
2525 4457 2615 4508 τὸν
2646 4456 2777 4508 Θεὸν
2830 4455 3223 4508 ὑποτάττονται
3249 4470 3262 4484 ·
3315 4453 3432 4514 πῶς
3462 4451 3562 4503 οὐκ
3593 4448 3658 4502 ἂν
3689 4447 3781 4517 εἴη

2136 4545 2179 4599 ι)
2207 4547 2338 4611 Θεός
2359 4567 2373 4614 ;

2396 4660 2490 4712 Ἐκ
2527 4657 2636 4726 τῆς
2668 4657 2892 4725 Πέτρου
2940 4655 3308 4723 Ἐπιστολῆς
3343 4654 3598 4722 πρώτης.

2284 4791 2302 4821 ι
2334 4771 2536 4841 Πέτρος
2569 4770 2865 4833 ἀπόστολος
2904 4770 3077 4839 Ἰησοῦ
3096 4767 3356 4840 Χριστοῦ,
3389 4766 3612 4836 κλητοῖς
3643 4781 3787 4833 παρ-

2207 4861 2492 4931 επιδήμοις
2533 4860 2832 4930 διασπορᾶς
2871 4860 3096 4924 Πόντου,
3154 4857 3444 4919 Γαλατίας,
3478 4853 3781 4907 Καππαδο-

2206 4953 2350 5014 κίας,
2392 4952 2595 5015 Ἄσίας,
2642 4952 2736 5004 καὶ
2770 4951 3054 5013 Βιθυνίας,
3103 4949 3246 5003 κατὰ
3294 4949 3605 5019 πρόγνωσιν
3644 4943 3781 4996 Θεοῦ

2206 5042 2418 5113 Πατρὸς
2460 5045 2517 5094 ὲν
2557 5043 2817 5114 ἁγιασμῷ
2870 5042 3220 5112 Πνεῦματος,
3269 5043 3346 5104 είς
3400 5039 3647 5108 ὑπακοὴν
3685 5037 3783 5088 καὶ

2207 5135 2502 5204 ῥαντισμὸν
2547 5135 2776 5205 αἵματος
2821 5134 2993 5203 Ἰησοῦ
3026 5131 3263 5205 Χριστοῦ
3287 5149 3300 5162 ο
3333 5132 3492 5202 χάρις
3524 5130 3655 5197 ὑμῖν
3687 5128 3786 5180 καὶ

2204 5225 2396 5295 εἰρήνη
2430 5204 2780 5296 πληθυνθείη.
2798 5243 2814 5275 ι
2853 5225 2984 5277 Ἰδοὺ
3011 5204 3156 5276 κατά
3184 5223 3492 5294 πρόγνωσιν
3519 5219 3653 5273 Θεοῦ
3688 5218 3786 5270 καὶ

2324 5400 2368 5432 ⁷⁸
2398 5399 2511 5454 .Iac.
2551 5417 2588 5465 ι,
2625 5401 2708 5465 l6,
2737 5400 2883 5454 l7."
2911 5399 3025 5456 Jac.
3054 5415 3124 5463 tv,
3150 5400 3201 5455 7.
3280 5401 3325 5431 ⁷⁸
3364 5397 3556 5454 Matth.
3593 5412 3668 5463 ιιι,
3690 5396 3781 5452 29.

1613 5625 1782 5679 Varia:
1811 5625 2068 5682 lectiones
2113 5626 2317 5682 codicis
2349 5626 2708 5696 Seguieriaui.
2753 5631 2756 5634 ’

607 5761 633 5800 ἵ
677 5755 768 5808 καί
792 5753 1032 5815 δικαίως.
1115 5761 1134 5787 ι
1168 5751 1240 5820 τῷ
1272 5753 1476 5822 Κυρίῳ.
