4060 6446
297 441 435 497 ἱὲὸἹ

1394 432 1485 488 DE
1523 432 1751 490 RECTA
1788 431 1947 488 FIDE
1987 434 2077 489 AD
2116 432 2438 489 REGINAS.

3430 433 3566 488 £9.38

296 551 511 626 Πατρὸς
537 550 838 607 ἀπόστολον
862 547 1053 603 ἐαυτὸν
1079 546 1330 619 ὠνόμασε
1356 547 1451 600 τοῦ
1479 546 1718 619 Χριστοῦ
1739 563 1752 577 ·
1785 547 1879 600 καὶ

1998 544 2296 612 scientiam,
2326 545 2451 601 Iesu
2474 544 2677 602 Christi
2710 547 3008 615 apostolum
3042 561 3102 603 se
3141 546 3424 614 nominat;
3463 550 3573 603 sui-

295 648 393 719 τῆς
442 645 748 715 ἀποστολῆς
793 644 884 698 τὸν
933 643 1136 715 τρόπον
1196 643 1333 713 ἡμῖν
1382 640 1783 713 ἐξηγούμενος,
1821 639 1880 691 ἐν

295 739 557 811 ἁγιασμῷ
588 740 931 809 Πνεύματος,
959 741 1038 801 είς
1066 738 1315 808 ὑπακοὴν
1343 737 1441 791 καὶ
1469 736 1766 808 ῥαντισμὸν
1799 734 1883 788 αἴ·

301 850 471 902 ματος
506 831 680 902 Ἰησοῦ
711 829 951 902 Χριστοῦ
986 830 1307 902 πεπρᾶχθαί
1338 847 1502 899 φησιν
1532 830 1722 900 αὐτὴν.
1751 828 1883 881 Ὅτε

297 925 478 979 τοίνυν
508 925 559 978 οἱ
594 923 943 985 πιστεύοντες
975 922 1055 986 είς
1105 923 1290 986 αὐτὸν,
1341 921 1684 993 ἀγιαζὸμεθα
1730 920 1883 991 παρὰ

297 1013 393 1068 τοῦ
425 1014 764 1082 Πνεύματος,
793 1014 1034 1085 ῥαντίζει
1060 1013 1117 1067 δὲ
1146 1014 1297 1084 ἡμᾶς
1326 1013 1421 1067 καὶ
1454 1011 1534 1084 τῷ
1563 1012 1756 1081 αἵματι
1787 1011 1887 1064 αύ-

298 1104 394 1159 τοῦ
434 1105 571 1177 πρὸς
601 1105 981 1177 ἀποκάθαρσιν
1002 1121 1016 1136 ·
1049 1104 1167 1168 πῶς
1202 1107 1305 1158 οὐκ
1336 1103 1403 1158 ἂν
1439 1106 1613 1158 νοοῖτο
1651 1104 1815 1168 Θεὸς,
1855 1104 1884 1157 6

302 1198 548 1267 ἁγιάζων
597 1197 697 1268 μὲν
742 1196 856 1267 ἰδίῳ
904 1197 1207 1266 Πνεύματι,
1240 1194 1553 1265 καθαρίζων
1583 1196 1639 1250 δέ
1674 1196 1770 1249 καὶ
1805 1194 1886 1265 τῷ

302 1288 495 1359 αἵματι
533 1286 661 1350 τοὺς
689 1286 1078 1351 πιστεύοντας;
1108 1286 1246 1351 ’Θεὸς
1276 1287 1385 1357 γάρ
1408 1283 1477 1358 ἦν
1503 1287 1561 1339 ἐν
1594 1286 1777 1357 σαρκί.

378 1489 397 1522 c
427 1469 740 1541 Εὐλογητὸς
762 1471 790 1522 6
820 1467 952 1531 Θεὸς
984 1466 1305 1537 καὶΠατὴρ
1350 1466 1446 1520 τοῦ
1486 1468 1692 1538 Κυρίου
1727 1469 1759 1537 ἡ
1771 1467 1887 1536 μῶν

318 1564 491 1633 Ἰησοῦ
544 1560 807 1634 Χριστοῦ,
837 1564 866 1615 6
902 1560 1046 1613 κατά
1082 1561 1144 1613 τὸ
1180 1561 1316 1614 πολὺ
1353 1559 1516 1614 αὑτοῦ
1560 1560 1708 1623 ἔλεος
1757 1561 1890 1614 ἀνα-

306 1654 577 1724 γεννήσας
618 1653 769 1722 ήμᾶς
813 1651 893 1714 είς
933 1648 1124 1703 ἐλπίδα
1179 1649 1328 1719 ζωῆς
1354 1662 1381 1690 ει
1406 1650 1495 1703 δι’
1538 1649 1890 1713 ἀναστάσεως

317 1746 496 1816 Ἰησοῦ
523 1743 763 1816 Χριστοῦ
793 1745 857 1796 ἐκ
888 1742 1122 1814 νεκρῶν,
1152 1743 1233 1805 είς
1267 1742 1637 1813 κληρονομίαν
1672 1741 1889 1813 ἄφθαρ-

306 1855 419 1900 τον,
452 1837 546 1889 καὶ
574 1836 859 1906 ἀμίαντον,
901 1835 997 1887 καὶ
1029 1834 1363 1906 ἀμάραντον,
1416 1834 1796 1905 τετηρημένην
1833 1835 1891 1886 ἐν

1984 650 2093 705 que
2162 638 2496 709 apostolatus
2558 640 2823 696 rationem
2874 641 3208 706 edisserens,
3278 638 3455 711 ipsum
3518 641 3571 694 in

1986 728 2220 798 Spiritus
2266 729 2865 797 sanctiﬁcationem,-in
2896 730 3285 797 obedientiam,
3339 729 3396 785 in
3441 745 3569 786 san-

1986 820 2162 886 guinis
2187 819 2312 875 Jesu
2337 820 2539 877 Christi
2572 822 2936 893 aspersionem
2970 831 3252 892 peractum
3280 836 3402 877 esse
3430 836 3575 891 prte-

1984 912 2146 966 dicat.
2179 910 2315 968 Cum
2352 913 2515 984 igitur
2535 915 2624 984 qui
2649 916 2700 970 in
2734 916 2907 983 ipsum
2939 915 3230 982 credimus,
3268 914 3578 971 sanctifica-

1988 1004 2147 1061 tionis
2194 1005 2456 1077 Spiritum
2513 1022 2914 1078 consequamur
2962 1008 3238 1079 (aspergit
3283 1008 3427 1062 enim
3477 1022 3577 1062 suo

1987 1111 2087 1151 nos
2133 1099 2394 1167 sanguine
2423 1100 2489 1154 ad
2516 1100 2991 1171 emundationem)
3016 1141 3031 1167 ,
3070 1116 3176 1171 qua
3222 1094 3437 1155 tandem
3481 1115 3571 1154 ra-

1988 1189 2136 1245 tione
2162 1190 2209 1245 is
2236 1189 2378 1247 Deus
2409 1191 2597 1246 haberi
2637 1208 2741 1249 non
2772 1194 2953 1262 debet,
2995 1194 3085 1262 qni
3113 1192 3337 1264 proprio
3371 1191 3577 1262 Spiritu

1988 1281 2311 1348 sanctiﬁcat,
2370 1298 2577 1354 suoque
2627 1285 2890 1355 sanguine
2949 1285 3233 1340 credentes
3284 1286 3340 1339 in
3395 1285 3577 1354 ipsum

1987 1372 2289 1426 emundat?
2327 1382 2444 1427 erat
2472 1374 2618 1428 enim
2653 1373 2793 1429 Deus
2821 1374 2875 1428 in
2916 1387 3100 1428 carne.

2069 1481 2088 1514 ι
2140 1461 2460 1541 Benedictus
2507 1465 2649 1520 Deus
2689 1473 2744 1520 et
2765 1464 2926 1520 Pater
2984 1464 3193 1521 Domini
3234 1462 3402 1518 nostri
3452 1458 3576 1517 Jesu

1989 1553 2213 1618 Christi,
2235 1555 2325 1623 qui
2353 1556 2650 1611 secundum
2682 1557 3116 1613 misericordiam
3140 1571 3294 1611 suam
3323 1569 3575 1624 magnam

1992 1647 2332 1716 regeneravit
2362 1661 2461 1703 nos
2490 1648 2544 1702 in
2574 1661 2726 1718 spem
2769 1648 2946 1702 vivam
2980 1662 3079 1718 per
3121 1645 3587 1702 resurrectionem-

1990 1737 2116 1794 Jesu
2149 1737 2352 1795 Christi
2382 1755 2448 1795 ex
2478 1742 2728 1804 mortuis,
2764 1742 2871 1812 77
2905 1742 2961 1795 in
2997 1739 3368 1796 haereditatem
3401 1738 3583 1793 incor-

1995 1831 2325 1901 ruptihilem,
2354 1840 2411 1887 et
2433 1831 2940 1898 incontaminatam,
2964 1842 3019 1887 et
3040 1830 3578 1893 immarcescihilem,

306 1931 576 2002 οὐρανοῖς.
604 1948 625 1979 ν
665 1929 727 1982 Εἰ
769 1927 902 1991 Θεὸς
928 1928 1075 1997 ἡμᾶς
1107 1928 1398 1997 ἐγέννησεν
1438 1928 1519 1990 είς
1557 1925 1748 1979 ἐλπίδα
1780 1925 1889 1989 ζῶε-

1998 1933 2365 1977 conservatam
2398 1924 2451 1978 in
2485 1924 2637 1980 caelis
2673 1925 2741 1977 ⁷⁸.
2790 1943 2811 1977 ι
2871 1922 2927 1978 Si
2971 1923 3113 1979 Deus
3158 1937 3256 1978 nos
3294 1921 3481 1991 genuit
3524 1920 3610 1974 in'

188 2043 213 2055 ο
309 2039 410 2076 σαν
443 2021 539 2074 καὶ
579 2018 870 2091 μένουσαν,
912 2019 1162 2090 πέπραχε
1194 2019 1252 2073 δὲ
1287 2018 1446 2072 τοῦτο
1478 2017 1566 2071 διὰ
1608 2018 1708 2087 τῆς
1752 2016 1890 2081 ἰδίας

308 2115 373 2167 ἐκ
401 2111 613 2184 νεκρῶν
644 2111 997 2175 ἀναστάσεως
1039 2114 1067 2165 ὁ
1098 2110 1333 2182 Χριστός
1354 2127 1369 2141 ·
1412 2108 1529 2173 πῶς
1560 2108 1660 2162 οὐκ
1698 2110 1764 2163 ἂν
1804 2108 1888 2180 εἴη

307 2204 440 2268 Θεός
460 2220 474 2266 ;

389 2316 409 2349 ι
445 2295 578 2368 Περὶ
611 2290 681 2371 ἦς
734 2292 1009 2366 σωτηρίας
1060 2293 1415 2365 ἐξεζήτησαν,
1450 2294 1620 2364 φησὶ,
1669 2291 1765 2346 καὶ
1804 2290 1893 2359 ἐξ·

309 2389 622 2462 ηρεύνησαν
670 2388 969 2458 προφῆται.
1003 2387 1053 2440 οἱ
1091 2387 1220 2457 περὶ
1251 2386 1349 2457 τῆς
1382 2389 1461 2449 είς
1491 2386 1636 2457 ἡμᾶς
1668 2385 1894 2456 χάριτος

313 2477 820 2552 προφητεύσαντες·
853 2475 1187 2548 ἐρευνῶντες
1221 2477 1302 2540 είς
1334 2474 1485 2540 τίνα,
1535 2475 1569 2545 ἢ
1598 2478 1748 2528 ποῖον
1775 2492 1896 2528 και-

314 2571 408 2641 ρὸν
438 2569 624 2640 ἐδήλου
655 2568 717 2621 τὸ
742 2570 798 2621 ἐν
832 2568 1016 2629 αὐτοῖς
1048 2565 1275 2636 Πνεῦμα
1302 2565 1562 2637 Χριστοῦ.
1591 2585 1610 2618 ι
1650 2566 1782 2619 Ἰδοὺ
1828 2563 1896 2633 δὴ

311 2662 478 2715 πάλιν
511 2662 569 2713 ἐν
597 2658 808 2722 τούτοις
836 2657 1079 2729 Χριστοῦ
1119 2658 1181 2711 τὸ
1212 2657 1366 2726 ἆγιον
1402 2657 1618 2730 εἴρηται
1644 2656 1893 2728 Πνεῦμα,

310 2754 493 2808 καίτοι
541 2749 678 2807 Θεοῦ
706 2750 836 2805 ὸνδ.
877 2749 1011 2813 Θεὸς
1059 2743 1151 2804 οῦν
1196 2751 1307 2821 ἄρα
1354 2750 1614 2822 Χριστὸς,
1641 2750 1717 2814 ὼς
1756 2749 1892 2805 ίδιον

313 2847 451 2918 ἔχων
477 2844 540 2899 τὸ
566 2844 794 2915 Πνεῦμα
818 2843 877 2897 τὸ
905 2842 1079 2912 ἀγιον.

609 2958 706 3011 Ἐκ
734 2954 846 3025 τῆς
880 2952 1106 3023 Πέτρου
1154 2952 1615 3022 Ἐπιστολῆς.β⁹.

387 3089 409 3123 ο
447 3069 727 3139 Ἐγένοντο
758 3066 930 3123 δὲκαὶ
950 3065 1420 3139 ψευδοπροφῆται,
1449 3064 1527 3129 ὡς
1552 3065 1648 3118 καὶ
1681 3065 1740 3118 ἐν
1764 3063 1895 3135 ὑμῖν

310 3162 533 3218 ἔσονται
559 3157 1069 3231 ψευδοδιδάσκαλοι,
1104 3156 1301 3219 οἵτινες
1336 3156 1762 3227 παρεισάξουσιν
1812 3156 1898 3210 αί-

1992 2026 2141 2083 Spem
2176 2014 2351 2068 vivam
2397 2022 2451 2069 et
2482 2013 2755 2078 stabilem,
2815 2013 3105 2082 effecitque
3143 2012 3248 2067 hoc
3283 2011 3457 2080 ipsum
3492 2006 3583 2064 Je-

1992 2116 2085 2157 sus
2106 2102 2355 2158 Christus
2379 2117 2476 2172 per
2527 2104 2771 2159 suam‘ex
2807 2103 3036 2175 mortuis
3076 2100 3528 2159 resurrectionem
3565 2117 3579 2153 :

1994 2194 2083 2264 qui
2110 2195 2223 2249 ﬁeri
2259 2202 2443 2265 queat,
2475 2203 2535 2250 ut
2572 2196 2716 2252 Deus
2743 2210 2849 2251 non
2884 2195 2994 2251 sit?

2068 2303 2088 2336 ‹
2122 2286 2197 2340 De
2225 2300 2333 2355 qua
2361 2285 2597 2357 (inquit)
2623 2286 2800 2343 salute
2825 2285 3235 2356 exquisiverunt
3267 2295 3322 2340 et
3346 2284 3581 2339 scrutati

1994 2386 2119 2432 sunt
2171 2379 2469 2448 prophetae,
2491 2379 2586 2449 qui
2618 2379 2684 2435 de
2722 2377 2902 2433 futura
2944 2379 2999 2433 in
3034 2379 3190 2435 nobis
3245 2380 3417 2449 gratia
3456 2393 3583 2448 pro—

1998 2472 2388 2539 phetaverunt,
2434 2479 2740 2527 scrutantes
2771 2472 2825 2527 in
2887 2472 3031 2542 quod
3064 2471 3150 2525 vel
3181 2472 3341 2541 quale
3372 2480 3589 2542 tempus

1998 2562 2335 2630 signiﬁcaret
2363 2565 2418 2620 in
2447 2565 2527 2620 eis
2558 2563 2794 2636 Spiritus
2819 2563 3024 2621 Christi
3054 2564 3122 2617 7’.
3155 2582 3175 2617 ι
3241 2563 3318 2618 En
3342 2563 3433 2618 hic
3461 2578 3587 2619 rur-

2001 2670 2120 2712 sum
2170 2656 2404 2729 Spiritus
2450 2664 2670 2714 sanctus
2720 2659 2811 2730 qui
2861 2658 2958 2717 Dei
2992 2664 3096 2725 est,
3153 2657 3350 2717 dicitur
3379 2655 3581 2712 Christi

2000 2768 2143 2812 esse.
2200 2752 2344 2810 Deus
2373 2750 2536 2824 igitur
2558 2760 2660 2820 est,
2685 2762 2744 2808 ut
2771 2753 2863 2823 qui
2914 2756 3190 2826 proprium
3224 2751 3387 2812 habet
3415 2749 3588 2828 Spiri—

2001 2854 2117 2900 tum
2151 2854 2420 2902 sanctum.

2370 2953 2460 3010 Ea:
2484 2957 2766 3025 posteriori
2790 2954 3034 3028 Epistola
3059 2960 3233 3019 Petri.

2076 3087 2097 3122 ι
2136 3068 2378 3126 Fuerunt
2422 3078 2601 3125 autem
2632 3079 2687 3126 et
2717 3073 3204 3145 pseudoprophetas
3252 3077 3309 3134 in
3358 3084 3580 3153 populo,

2001 3161 2145 3216 sicut
2172 3160 2305 3217 etin
2333 3159 2485 3217 vobis
2524 3171 2686 3217 erunt
2730 3165 2977 3235 magistri
3025 3169 3336 3240 mendaces,
3369 3175 3463 3244 qui
3495 3177 3583 3232 in-

312 3256 500 3328 ρὲσεις
527 3253 823 3316 ἀπωλείας,
847 3251 944 3306 καὶ
971 3251 1063 3305 τὸν
1095 3249 1446 3321 ἀγοράσαντα
1477 3249 1674 3311 αὐτοὺς
1700 3247 1895 3301 Aeci-c6-

2004 3255 2290 3310 troducent
2335 3263 2515 3311 sectas
2561 3255 2909 3326 perditionis,
2939 3268 2995 3314 et
3019 3276 3143 3317 eum
3188 3267 3280 3335 qui
3307 3268 3441 3323 emit
3467 3285 3586 3337 eos,

310 3363 417 3417 την
440 3347 782 3417 ἀρνούμενοι.
811 3342 1196 3414 Ἦγοράσμεθα
1217 3341 1327 3413 γὰρ
1346 3340 1531 3412 τιμῆς,
1551 3340 1612 3394 οὐ
1635 3340 1895 3411 φθαρτοῖς

310 3437 568 3509 ἀργυρίῳ
605 3436 640 3506 ἢ
672 3434 903 3506 χρυσίῳ,
935 3434 1072 3488 ἀλλά
1100 3433 1178 3504 τῷ
1209 3434 1379 3504 τιμίῳ
1407 3432 1599 3503 αἵματι
1629 3430 1725 3484 τοῦ
1764 3432 1903 3502 Χρι-

316 3528 473 3585 στοῦ.
499 3545 519 3581 ι
564 3528 763 3599 Ἐσμέν
799 3521 893 3580 οῦν
921 3527 1031 3598 ἄρα
1062 3526 1157 3581 τοῦ
1189 3524 1526 3598 πριαμένου,
1562 3524 1740 3579 καίτοι
1782 3524 1903 3597 Θεῷ

312 3617 663 3681 δουλεύοντες
697 3616 862 3681 ζῶντι
886 3617 983 3671 καὶ
1011 3614 1273 3687 ἀληθινῷ.
1308 3611 1444 3669 Εἶτα
1472 3615 1589 3679 πῶς
1625 3615 1685 3669 οὐ
1713 3614 1848 3679 Θεὸς
1872 3614 1903 3667 6

313 3709 576 3781 Χριστὸς,
605 3707 664 3763 ὃν
695 3707 792 3762 καὶ
820 3708 1099 3778 Δεσπότην
1131 3705 1591 3779 ἐπεγραψάμεθα,
1622 3704 1805 3771 ζῶντά
1841 3722 1903 3760 τε

313 3801 543 3873 οῑδαμεν
569 3800 665 3856 καὶ
690 3799 948 3871 ἀληθινόν
971 3817 987 3867 ;

489 4028 586 4084 Ἐκ
626 4029 736 4099 τῆς
777 4028 1051 4085 Ἰωάννου
1095 4026 1462 4096 Ἐπιστολῆς
1494 4027 1751 4096 πρώτης.

401 4165 422 4200 σ
448 4146 563 4200 Καὶ
605 4145 849 4215 οῐδαμεν,
879 4144 961 4197 ὅτι
986 4142 1016 4195 6
1047 4141 1177 4206 Υἱὸς
1212 4141 1306 4196 τοῦ
1336 4140 1472 4196 Θεοῦ
1507 4142 1655 4213 ἥκει,
1689 4141 1783 4196 καὶ
1819 4140 1905 4196 δέ·

317 4237 496 4292 δωκεν
525 4236 657 4307 ἡμῖν
691 4234 948 4298 διάνοιαν,
975 4232 1063 4288 ἵνα
1096 4231 1459 4302 γινώσκωμεν
1488 4231 1582 4285 τὸν
1618 4231 1780 4302 μόνον
1810 4229 1906 4286 καὶ

317 4327 578 4400 ἀληθινὸν
609 4326 771 4380 Θεόν·
804 4325 899 4379 καὶ¹
930 4324 1101 4393 ἐσμέν
1126 4325 1182 4377 ἐν
1206 4322 1285 4394 τῷ
1312 4320 1574 4395 ἀληθινῷ,
1603 4325 1660 4377 ἐν
1685 4322 1762 4394 τῷ
1786 4321 1906 4396 Υίῷ

322 4418 493 4477 αὐτοῦ
528 4415 708 4490 Ἰησοῦ
738 4415 983 4489 Χριστῷ.
1015 4409 1185 4480 Οὗτός
1215 4417 1364 4471 ἐστιν
1394 4417 1423 4470 6
1455 4415 1708 4488 ἀληθινὸς
1749 4416 1903 4486 Θεὸς,

326 4510 418 4562 καὶ
446 4507 559 4579 ζωὴ
595 4504 835 4569 αἰώνιος.
863 4524 883 4557 ι
926 4501 1137 4575 Ἰησοῦς
1168 4504 1424 4576 Χριστὸς,
1466 4504 1528 4558 ού
1562 4505 1767 4576 γυμνὸς
1811 4507 1906 4561 καὶ

2004 3346 2291 3403 Dominum
2344 3354 2544 3416 negant
2574 3346 2641 3404 ⁸ο.
2714 3346 2870 3404 Haud
2931 3352 3075 3406 enim
3107 3353 3287 3426 aliquo
3313 3366 3589 3430 corrupti-

2002 3438 2100 3495 bili
2144 3439 2342 3510 pretio,
2378 3454 2511 3496 auro
2541 3439 2626 3496 vel
2667 3453 2894 3512 argento
2938 3446 3202 3518 redempti
3241 3465 3449 3521 sumus,
3490 3459 3587 3515 sed

2002 3531 2242 3605 pretioso
2269 3532 2473 3588 Christi
2510 3533 2775 3603 sanguine
2798 3534 2871 3591 εί.
2916 3554 2936 3588 ι
2997 3534 3180 3605 Quare
3235 3557 3422 3602 sumus
3468 3547 3589 3619 ejus

2003 3623 2096 3695 qui
2136 3623 2366 3679 redemit
2398 3637 2519 3690 nos,
2548 3632 2604 3680 et
2632 3623 2850 3694 quidem
2894 3626 3007 3684 Deo
3046 3629 3171 3687 vivo
3206 3641 3261 3689 et
3291 3650 3423 3693 vero
3465 3652 3587 3695 ser-

2004 3717 2236 3772 vientes.
2267 3715 2403 3771 Cum
2426 3713 2645 3773 Christo
2673 3717 2837 3788 igitur
2866 3721 3076 3777 Domini
3104 3724 3313 3782 titulum
3346 3728 3591 3801 assigne-

2010 3821 2155 3873 mus,
2184 3806 2470 3876 ipsumque
2506 3806 2685 3863 vivum
2719 3817 2775 3865 et
2805 3825 2993 3867 verum
3027 3813 3312 3873 Dominum
3335 3834 3458 3878 esse
3482 3836 3591 3879 non

2007 3898 2340 3969 ignoremus,
2370 3913 2468 3954 cur
2490 3897 2661 3955 Deum
2694 3913 2816 3956 esse
2854 3902 3065 3960 inficias
3089 3906 3329 3964 ibimus?

2388 4033 2475 4089 Ea:
2502 4033 2743 4105 Epistola
2766 4038 2938 4106 prima
2968 4039 3214 4097 Joannis.

2092 4166 2112 4202 ‹
2151 4148 2222 4205 Ει
2246 4149 2472 4214 scimus,
2517 4149 2774 4217 quoniam
2817 4149 2990 4209 Filius
3021 4155 3115 4211 Dei
3154 4158 3324 4224 venit,
3355 4170 3411 4216 et
3441 4162 3594 4221 dedit

2006 4240 2164 4297 nobis
2191 4255 2432 4307 sensum,
2463 4248 2522 4295 ut
2551 4256 2953 4311 cognoscamus
2989 4260 3178 4304 verum
3209 4248 3403 4319 Deum,
3431 4263 3487 4309 et
3515 4255 3592 4310 si-

2006 4350 2128 4392 mus
2151 4335 2206 4391 in
2238 4350 2368 4393 vero
2390 4335 2530 4391 Filio
2555 4338 2694 4406 ejus.
2746 4338 2846 4395 Hic
2880 4350 2967 4396 est
2992 4357 3153 4399 verus
3188 4345 3350 4413 Deus,
3384 4357 3440 4402 et
3476 4349 3593 4406 vita

2005 4436 2209 4484 aeterna
2237 4425 2308 4484 θ’.
2342 4447 2363 4481 ι
2421 4428 2516 4483 Dei
2568 4429 2747 4486 Patris
2788 4431 3049 4501 Verbum,
3087 4444 3248 4503 prout
3287 4441 3589 4498 secundum

2007 4531 2069 4572 se
2097 4518 2266 4583 nude,
2295 4527 2350 4574 et
2374 4524 2526 4573 extra
2564 4533 2785 4575 carnem
2836 4520 3233 4590 consideratur,
3262 4539 3365 4579 non
3402 4529 3590 4595 appel-

325 4596 451 4652 καθ’
481 4595 674 4651 ἑαυτὸν
702 4597 798 4651 καὶ
838 4594 946 4662 ἐξω
979 4596 1201 4667 σαρκὸς,
1231 4595 1260 4648 6
1290 4595 1356 4648 ἐκ
1388 4594 1480 4649 τοῦ
1515 4594 1651 4648 Θεοῦ
1690 4595 1895 4667 Πατρὸς

2009 4607 2157 4665 latur
2211 4607 2371 4665 Jesus
2414 4607 2667 4666 Christus
2695 4629 2709 4666 :
2740 4609 2945 4666 Chr-isti
2991 4620 3170 4669 autem
3210 4613 3335 4670 Jesu
3391 4594 3591 4676 nomen

319 4692 529 4746 νοεῖται
558 4688 731 4759 Λόγος
749 4705 764 4719 ο
796 4688 911 4743 ἀλλ’
933 4689 1023 4742 ὅτε
1059 4687 1284 4757 γέγονεν
1322 4687 1628 4759 ἄνθρωπος,
1659 4688 1780 4741 τότε
1807 4688 1905 4743 καὶ

323 4782 641 4853 ὠνόμασται
667 4780 899 4852 Χριστὸς
938 4779 1166 4853 Ἰησοῦς.
1191 4781 1323 4834 Ὅτε
1352 4781 1532 4835 τοίνυν
1562 4781 1725 4844 αὐτός
1755 4781 1905 4835 ἐστιν

2011 4709 2142 4758 tunc
2181 4702 2396 4758 demum
2440 4702 2691 4757 sortitum
2721 4712 2826 4769 est,
2859 4719 2983 4758 cum
3024 4705 3187 4760 homo
3224 4705 3428 4763 factum
3485 4720 3589 4768 est.

2013 4792 2150 4850 Cum
2179 4794 2297 4865 ipse
2322 4793 2485 4864 igitur
2509 4808 2671 4850 verus
2699 4794 2770 4849 sit
2790 4795 2955 4861 Deus,
2993 4805 3049 4853 et
3074 4799 3196 4854 vita'
3223 4806 3447 4871 aeterna,
3469 4804 3593 4874 quis

322 4872 584 4944 ἀληθινὸς
613 4872 768 4938 Θεὸς,
801 4873 898 4928 καὶ
927 4872 1040 4944 ζωὴ
1066 4871 1308 4939 αἰώνιος,
1340 4872 1425 4937 τίς
1454 4873 1562 4929 τῶν
1590 4875 1752 4947 ἓτερα
1779 4892 1895 4946 cppe-

2008 4899 2168 4943 secus
2192 4884 2432 4943 sentiens
2451 4885 2595 4942 ferre
2623 4887 2826 4957 queat?

322 4962 564 5019 νούντων
592 4960 841 5027 ἀνέξεται
861 4979 877 5028 ;

680 5076 776 5130 Ἐκ
808 5073 921 5143 τῆς
959 5074 1150 5129 Ἰούδα
1200 5075 1585 5147 Ἐπιστολῆς.

410 5208 430 5242 ι
463 5189 654 5245 Πᾶσαν
705 5187 939 5259 σπουδὴν
996 5186 1318 5259 ποιούμενος
1359 5187 1456 5243 τοῦ
1505 5189 1741 5261 γράφειν
1777 5191 1908 5263 ὑμῖν

322 5281 460 5351 περὶ
502 5279 606 5352 τῆς
651 5277 842 5349 κοινῆς
889 5278 1043 5350 ὑμῶν
1092 5279 1400 5352 σωτηρίας,
1451 5281 1696 5354 ἀνάγκην
1749 5281 1907 5354 ἔσχον

321 5369 541 5443 γράψαι
584 5370 734 5443 ὑμῖν,
777 5371 1114 5442 παρακαλῶν
1159 5371 1598 5443 ἐπαγωνίζεσθαι
1650 5376 1716 5446 τῇ
1760 5374 1908 5441 ἅπαξ

2546 5085 2630 5142 Ea:
2647 5084 2889 5155 Epistola
2916 5090 3097 5148 lude.

2089 5219 2109 5254 ι
2144 5199 2369 5258 Omnem
2406 5202 2826 5263 sollicitudinem
2875 5207 3080 5266 faciens
3128 5212 3402 5269 scribendi
3439 5214 3593 5272 vobis

2016 5290 2082 5344 de
2123 5293 2396 5348 communi
2427 5303 2609 5350 vestra
2660 5297 2853 5363 salute,
2883 5314 3107 5356 necesse
3143 5302 3304 5358 habui
3353 5305 3593 5362 scribere

2016 5381 2188 5451 vobis,
2237 5384 2532 5456 deprecans
2582 5388 2693 5460 78
2745 5401 3124 5461 supercertare
3164 5395 3331 5451 semel
3377 5398 3589 5455 tradita:

405 5545 454 5580 ⁷⁸
485 5546 617 5603 ibid.
657 5545 713 5615 5,
738 5547 793 5602 ι.
869 5545 1072 5603 "ibid.
1098 5547 1190 5618 10,
1218 5549 1304 5604 Η.
1382 5550 1428 5582 ⁸⁸
1453 5549 1498 5605 ΙΙ
1529 5550 1675 5607 Petr.
1702 5567 1764 5619 tt,
1796 5554 1848 5608 1.

1998 5554 2016 5609 l
2047 5554 2191 5612 Petr.
2224 5573 2265 5626 ι,
2303 5558 2392 5615 18.
2466 5561 2514 5594 ⁸³
2537 5559 2558 5615 1
2585 5560 2743 5620 Joan.
2774 5580 2827 5633 v,
2852 5563 2944 5621 20.

1409 5704 1584 5765 Varia:
1607 5706 1867 5768 lectiones
1897 5711 2097 5769 codicis
2132 5710 2488 5782 Seguieriaui.

411 5874 438 5903 ι
466 5861 667 5927 ζῶσαν.
742 5862 773 5902 ι’
804 5861 978 5916 Θεῖον.

618 5958 870 6019 Ρλτοοι.
923 5956 1045 6020 GR.
1084 5957 1364 6022 LXXVI.

3265 5974 3342 6039 4ο
