4060 6436
466 438 487 489 l
506 432 604 488 259

468 546 674 609 sanctis
706 543 847 599 ﬁdei.
888 535 1327 595 Subintroierunt
1361 528 1503 583 enim

470 605 591 713 iqui
634 640 761 694 olim
795 630 1090 704 pt'mscripti
1134 634 1263 681 sunt
1300 622 1356 677 in
1392 620 1498 675 hoc
1538 609 1830 684 judicium)
1873 605 2043 676 impii,

476 735 566 787 Dei
605 730 773 785 nostri
799 726 1028 796 gratiam
1056 717 1445 775 transferentes
1472 704 1852 770 inluxuriam,
1886 708 1942 753 et
1968 711 2049 751 so-

475 826 582 879 ium
618 821 1036 875 Dominntnrem,
1055 822 1106 864 et
1128 810 1407 865 Dominum
1431 810 1671 857 nostrum
1692 794 1876 850 Jesum
1900 789 2053 845 Chri-

476 926 614 969 stum
637 908 970 979 negantes”.
1003 925 1021 957 ι
1044 904 1178 959 Cum
1202 892 1591 954 incarnationis
1613 886 1915 944 doctrinam
1942 879 2057 934 nni-

478 1022 634 1059 νεῖμε
666 1003 1040 1061 διιιιιιιικιιιιιε,
1076 991 1343 1063 quomodo
1374 986 1465 1054 qui
1497 981 1661 1037 semel
1684 975 2054 1033 crediderunt,

480 1097 764 1151 Dnminttttt
798 1102 1037 1143 nostrum
1058 1083 1239 1137 Jesttttt
1260 1078 1532 1132 Christum
1558 1082 1751 1138 negare
1773 1058 2059 1119 dicuntur?

482 1192 627 1242 Sane
661 1188 704 1237 si
739 1185 898 1236 alium
926 1180 1118 1233 Filium
1165 1172 1255 1227 Dei
1286 1168 1464 1225 Patris
1496 1164 1728 1219 Verbum
1762 1172 1884 1212 esse
1906 1155 2058 1207 dixe-

486 1284 673 1345 rimus,
702 1278 864 1330 alium
890 1284 1075 1325 rursus
1102 1280 1246 1325 cum,
1279 1260 1369 1330 qui
1405 1266 1565 1310 natus
1590 1261 1673 1307 est
1698 1265 1764 1304 ex
1800 1244 2061 1306 muliere;

483 1389 646 1426 unum
706 1367 987 1421 Dominum
1048 1361 1249 1412 diserte
1302 1351 1629 1407 inliciamut'.
1704 1340 1857 1397 Unus
1915 1335 2061 1391 enim

485 1465 746 1521 Dominus
775 1458 931 1511 Jesus
968 1453 1239 1511 Christus,
1273 1458 1437 1499 carne
1471 1441 1589 1510 ejus
1626 1434 1923 1491 secundum
1953 1427 2065 1481 dis-

487 1554 846 1627 pensatoriam
902 1562 1022 1602 cum
1072 1543 1165 1596 Dei
1234 1538 1409 1593 Patris
1448 1533 1626 1586 Verbo
1681 1526 1957 1587 unionem,
2000 1519 2067 1571 ad

489 1647 707 1703 deitatis
751 1641 974 1712 gloriam
1008 1643 1218 1691 evecta.
1267 1630 1421 1685 Unus
1451 1622 1678 1696 proinde
1712 1627 1793 1673 est
1816 1614 2070 1671 Christus

490 1749 545 1794 et
589 1738 760 1792 Filius
797 1750 810 1785 :
850 1733 922 1786 ita
968 1726 1114 1783 enim
1151 1722 1253 1778 erit
1296 1718 1456 1788 hujus
1499 1710 1737 1769 universi
1783 1704 2066 1761 Dominus.

741 1960 828 2015 Ea:
857 1951 1143 2023 Evangelia
1171 1944 1459 2002 secundum
1489 1936 1822 1994 Matthazum.

924 2061 1077 2129 Quod
1106 2058 1348 2114 Christus
1385 2053 1449 2107 sit
1487 2049 1647 2103 Deus.

579 2183 765 2239 ιτιιωε
788 2188 969 2234 autem
1004 2188 1069 2230 eo
1096 2171 1391 2241 cogitante,
1426 2179 1553 2220 ecce
1604 2156 1825 2229 angelus
1870 2149 2079 2208 Domini

502 2277 751 2351 apparuit
794 2273 847 2326 in
885 2268 1089 2325 somnis
1145 2265 1233 2326 ei,
1265 2262 1496 2315 dicens:
1538 2252 1734 2321 Joseph
1786 2247 1859 2302 ﬁli
1893 2243 2082 2305 David,

503 2332 589 2351 --η

502 2374 614 2430 noli
648 2372 838 2423 timere
869 2362 1119 2430 accipere
1148 2354 1371 2409 Mariam
1400 2346 1681 2416 coniugem
1715 2352 1862 2394 tuam
1896 2351 1910 2388 :
1942 2332 2085 2403 quod

506 2467 651 2521 enim
685 2462 737 2513 in
766 2474 827 2510 ea
859 2426 1038 2509 natum
1072 2458 1176 2508 est,
1207 2447 1271 2500 de
1303 2442 1507 2512 Spiritu
1544 2443 1735 2491 sancto
1774 2438 1875 2484 est.
1909 2426 2085 2481 Pariet

508 2567 688 2612 autem
718 2553 905 2609 lilium,
940 2554 995 2597 et
1020 2539 1241 2595 vocabis
1291 2548 1485 2588 nomen
1538 2528 1653 2597 ejus
1702 2524 1931 2580 Jesum:
1976 2518 2089 2586 ipse

508 2649 656 2702 enim
692 2642 897 2696 salvum
931 2635 1094 2688 faciet
1139 2628 1392 2699 populum
1440 2637 1595 2677 suttut
1635 2634 1664 2672 a
1716 2612 1951 2687 peccatis
1995 2624 2093 2665 eo-

512 2754 631 2793 rum
664 2734 730 2787 ⁸⁸.
768 2752 785 2783 ι
830 2730 942 2784 Duo
983 2723 1141 2780 simul
1190 2722 1291 2774 hoc
1342 2717 1458 2769 loco
1504 2711 1676 2781 ponit,
1718 2720 1839 2776 quae
1880 2704 1931 2758 itt
1960 2701 2095 2756 divi-

514 2846 637 2883 nam
678 2835 882 2879 tantum
922 2829 1170 2872 naturam
1210 2809 1500 2879 quadrant,
1539 2818 1644 2855 non
1689 2800 1850 2853 etiam
1898 2795 1950 2847 in
1995 2792 2095 2845 hu-

518 2934 753 2974 manant.
800 2910 1010 2966 Asserit
1061 2914 1296 2969 namque
1326 2898 1464 2966 cjtts,
1498 2892 1588 2961 qui
1635 2904 1700 2943 ex
1743 2885 1914 2941 Maria
1943 2887 2097 2935 ortus

516 3023 621 3076 est,
652 3026 744 3063 eos
769 3017 979 3061 omnes,
1011 2998 1099 3065 qui
1136 2994 1360 3049 salutem
1408 3003 1504 3056 per
1535 2986 1711 3053 ipsum
1758 2986 2101 3042 consequun-

523 3118 632 3169 tttr,
693 3099 946 3169 populum
1006 3103 1123 3143 esse
1174 3083 1538 3156 peculiarem;
1593 3083 1703 3126 tum
1746 3075 1803 3123 et.
1868 3064 2001 3133 ipsis
2038 3059 2102 3114 ii-

524 3200 634 3254 lttm
683 3204 899 3263 peccata
936 3185 1304 3239 dimissurum.
1334 3170 1492 3239 Atqui
1536 3165 1628 3219 Dei
1659 3168 1785 3216 sunt
1810 3156 2061 3211 universa
2084 3187 2100 3214 ,

1461 410 1520 462 S.
1556 400 1835 461 CYBILLI
1878 388 2346 451 ALEXANDRINI
2385 381 2703 440 ARCIHEP.

1548 524 1765 593 quidam
1800 517 2047 573 homines
2076 524 2100 573 ι

2202 506 2515 579 αραδοθείσῃ
2550 503 2660 562 τοῖς
2697 495 2873 565 άγίοις
2922 492 3125 546 πίστει.
3176 484 3579 558 Παρεισέδυσαν
3613 479 3725 550 γάρ

3582 361 3722 418 1260

2150 618 2291 664 τινες
2321 598 2618 667 ἄνθρωποι,
2648 592 2695 644 οἱ
2733 588 2899 642 πάλαι
2933 579 3419 656 προγεγραμμένοι
3453 576 3534 638 εἰς
3561 572 3725 627 τοῦτο

2150 692 2213 745 τὸ
2250 691 2445 760 κρῖμα,
2477 683 2718 745 ἀσεϐεῖς,
2750 678 2849 749 τὴν
2877 674 2972 729 τοῦ
3004 671 3140 727 Θεοῦ
3172 669 3327 740 ἡμῶν
3360 667 3519 737 χάριν
3564 679 3732 734 μετα-

2151 782 2390 841 τιθέντες
2420 780 2498 839 εἰς
2533 774 2844 841 ἀσέλγειαν,
2878 767 2971 820 καὶ
2998 764 3090 818 τὸν
3119 762 3280 833 μόνον
3314 759 3593 826 Δεσπότην
3638 753 3736 807 καὶ

2156 874 2358 942 Κύριον
2398 866 2554 938 ἡμῶν
2601 861 2804 933 Ἰησοῦν
2851 856 3087 929 Χριστὸν
3136 852 3488 923 ἀρνούμενοι.
3517 865 3536 897 ι
3574 844 3736 897 Κατὰ

2158 964 2276 1017 τίνα
2314 961 2517 1029 τρόπον
2574 950 2869 1026 ὰρνήσεταί
2913 966 2995 1011 τις
3039 946 3146 1000 τῶν
3182 942 3328 1006 ἅπαξ
3377 934 3738 993 πεπιστευκό-

2157 1072 2264 1109 των
2278 1053 2366 1107 τὸν
2384 1053 2586 1120 Κύριον
2606 1044 2762 1116 ἡμῶν
2796 1039 3000 1112 Ἰησοῦν
3043 1036 3313 1107 Χριστόν;
3373 1030 3566 1085 Καίτοι
3597 1043 3742 1098 παρ-

2158 1142 2462 1215 εδεξάμεθα
2504 1141 2594 1193 τὸν
2622 1182 2635 1207 ι
2659 1138 2757 1206 τῆς
2814 1132 3281 1203 ὲνανθρωπήσεως
3323 1125 3512 1192 λόγον’
3545 1120 3660 1174 ἀλλ’
3692 1119 3743 1170 εἰ

2165 1236 2367 1307 φαμὲν,
2398 1235 2481 1287 ὅτι
2519 1231 2707 1300 ἕτερος
2740 1226 2840 1297 μέν
2874 1226 3021 1278 ἐστιν
3053 1223 3178 1285 Υἱὸς
3204 1223 3232 1274 6
3261 1221 3324 1272 ὲκ
3356 1215 3490 1271 Θεοῦ
3530 1210 3745 1284 Πατρὸς

2166 1300 2359 1395 λόγος,
2390 1325 2578 1393 ἕτερος
2621 1320 2676 1372 δὲ
2709 1318 2830 1369 κατ’
2863 1315 2999 1367 ἰδίαν
3030 1316 3057 1366 ὁ
3089 1315 3154 1365 ὲκ
3193 1307 3471 1379 γυναικὸς,
3500 1300 3748 1374 ἠρνησάς

2171 1392 2310 1491 μεθα
2342 1418 2433 1470 τὸν
2483 1392 2643 1486 μόνον
2685 1414 2984 1480 Δεσπότην.
3021 1401 3115 1467 Εἷς
3152 1402 3261 1473 γὰρ
3296 1400 3501 1469 Κύριος
3539 1392 3748 1464 Ἰησοῦς

2169 1510 2424 1583 Χριστὸς,
2453 1506 2575 1561 καθ’
2604 1506 2797 1558 ἕνωσιν
2821 1496 3192 1569 οἰκονομικὴν,
3227 1492 3323 1563 τὴν
3351 1490 3485 1562 πρός
3515 1486 3579 1553 γέ
3606 1501 3750 1554 φημι

2169 1577 2260 1658 τὸν
2302 1605 2365 1656 ἐκ
2394 1598 2529 1654 Θεοῦ
2560 1598 2753 1665 Λόγον,
2781 1597 2860 1659 είς
2887 1594 2985 1662 τὴν
3013 1590 3109 1659 τῆς
3144 1585 3397 1654 θεότητος
3434 1579 3591 1645 δόξαν
3619 1577 3752 1629 ἀνα-

2175 1693 2445 1765 φοιτώσης
2471 1688 2635 1743 αὐτοῦ
2652 1685 2996 1758 τῆς,σαρκός.
3023 1678 3119 1743 Εἷς
3140 1674 3231 1731 οῦν
3264 1675 3370 1747 ἄρα
3400 1669 3632 1743 Χριστὸς
3656 1666 3754 1719 καὶ

2184 1787 2312 1849 Υἱός
2331 1802 2345 1817 ·
2378 1785 2531 1837 ἔσται
2561 1784 2669 1852 γάρ
2699 1778 2842 1832 οὕτω
2872 1775 2978 1828 τῶν
3007 1773 3143 1826 ὅλων
3176 1766 3471 1834 Δεσπότης.

2368 1917 2468 1969 Ἐκ
2508 1912 2613 1967 τοῦ
2652 1910 2801 1965 κατὰ
2847 1903 3148 1962 Ματθαῖον
3181 1897 3573 1970 Εὐαγγελίου.

2620 2020 2751 2072 Ὀτι
2794 2015 2938 2081 Θεὸς
2970 2017 3003 2069 ό
3043 2011 3321 2082 Χριστίςι

2259 2156 2277 2189 ι
2329 2135 2513 2189 Ταῦτα
2564 2134 2621 2187 δὲ
2671 2132 2835 2188 αὐτοῦ
2890 2128 3318 2199 ἐνθυμηθέντος,
3374 2124 3483 2178 ἰδοὺ
3533 2120 3763 2192 ἄγγελος

2183 2228 2390 2299 Κυρίου
2423 2229 2541 2281 κατ’
2571 2226 2703 2297 ὄναρ
2735 2224 2909 2294 ἐφάνη
2955 2221 3124 2291 αὐτῷ,
3173 2219 3367 2288 λέγων·
3415 2216 3613 2287 Ἰωσὴφ
3647 2214 3765 2277 υἱὸς

2186 2318 2366 2385 Δαυῒδ,
2407 2317 2482 2388 μὴ
2510 2315 2753 2387 φοϐηθῇς
2784 2312 3120 2384 παραλαϐεῖν
3147 2309 3381 2380 Μαριὰμ
3411 2309 3510 2379 τὴν
3532 2306 3768 2376 γυναῖκα

2190 2427 2313 2463 σου·
2342 2410 2403 2462 τὸ
2439 2408 2547 2478 γάρ
2591 2410 2648 2462 ὲν
2684 2409 2822 2475 αὐτῇ
2862 2403 3141 2474 γεννηθὲν,
3174 2403 3238 2454 ὲκ
3276 2399 3591 2470 Πνεῦματός
3621 2400 3770 2451 ἐστιν

2190 2501 2368 2569 ἁγίου.
2398 2499 2624 2564 Τέξεται
2653 2498 2709 2551 δὲ
2737 2497 2872 2559 υἱὸν,
2901 2495 2995 2549 καὶ
3018 2494 3269 2555 καλέσεις
3298 2492 3357 2543 τὸ
3385 2490 3556 2560 ὄνομα
3577 2485 3767 2553 αὑτοῦ,

2203 2589 2444 2661 Ἰησοῦν·
2494 2588 2657 2651 αὐτὸς
2688 2586 2797 2657 γὰρ
2838 2583 3001 2638 σώσει
3030 2583 3121 2635 τὸν
3151 2578 3277 2635 λαὸν
3321 2579 3486 2633 αὑτοῦ
3522 2578 3630 2631 ἀπὸ
3662 2575 3774 2629 τῶν

2192 2682 2476 2755 ἁμαρτιῶν
2506 2681 2706 2735 αὐτῶν.
2756 2699 2772 2728 ι
2810 2678 2913 2731 Δύο
2947 2676 3089 2731 κατὰ
3124 2674 3287 2728 ταυτὸ
3328 2673 3508 2742 τίθησι
3548 2670 3616 2724 τὰ
3663 2669 3780 2722 θεο-

2195 2777 2407 2848 πρεπῆ,
2433 2774 2530 2828 καὶ¹
2557 2774 2657 2827 οὐκ
2691 2770 3006 2842 ἀνθρωπεία
3037 2768 3315 2839 πρέποντα
3334 2764 3511 2833 φύσει.
3529 2761 3636 2816 Τοῦ
3666 2762 3780 2830 γὰρ

2195 2868 2478 2938 τεχθέντος
2525 2867 2589 2918 ὲκ
2637 2863 2738 2932 τῆς
2788 2860 3023 2933 Μαριὰμ
3070 2858 3198 2912 ίδιον
3248 2857 3353 2926 ἔφη
3380 2855 3505 2909 λαὸν
3540 2855 3666 2915 τοῦς
3711 2851 3780 2905 δι’

2199 2959 2363 3014 αὑτοῦ
2404 2954 2783 3025 σεσωσμένους
2806 2970 2819 2984 ⁸
2854 2954 2949 3006 καὶ
2983 2952 3108 3022 μὴν,
3138 2951 3220 3003 ὅτι.
3246 2948 3341 3001 καὶ
3374 2944 3660 3018 ἁμαρτιῶν
3685 2944 3786 2997 αὑ·-

2199 3053 2328 3115 τοὺς
2356 3049 2519 3113 αὐτὸς
2584 3045 2906 3109 ἀπαλλάξει.
2934 3042 3067 3096 Θεοῦ
3092 3042 3147 3094 δὲ
3188 3039 3257 3093 τά
3293 3038 3495 3102 πάντα,
3526 3035 3620 3090 καὶ
3651 3035 3788 3104 πρέ-

2203 3161 2297 3197 ποι
2345 3141 2412 3196 ἂν
2459 3139 2737 3211 αὐτῷκαὶ
2790 3137 2936 3207 μόνῳ
2972 3135 3037 3188 τὸ
3086 3131 3451 3187 ἀπαλλάττειν
3495 3125 3788 3199 ἁμαρτιῶν

524 3215 634 3254 illi“
683 3215 899 3263 I‘Cl'Cal‘d
936 3215 1304 3239 unumunum.
1334 3215 1492 3239 ...Ἰ-η
1536 3215 1565 3219 .,
1617 3215 1627 3217 ν
1669 3215 1676 3216 ,

524 3288 799 3354 ipsiusque
842 3276 1009 3328 solius
1054 3278 1139 3324 est
1208 3270 1552 3335 peccatorum
1606 3248 1815 3321 laqueis
1866 3241 2100 3298 irretitos

2205 3216 2463 3287 δύνασθαι
2509 3231 2636 3293 τοὺς
2680 3224 3092 3298 ἡμαρτηκότας.
3136 3221 3271 3284 Θεὸς
3318 3215 3412 3273 οῦν
3442 3218 3551 3290 ἄρα
3582 3218 3729 3269 ἐστὶν
3760 3216 3792 3267 ὁ

2209 3328 2270 3354 ι...
2299 3326 2401 3354 ...τι
2439 3323 2598 3354 ιυι-..
2634 3320 2909 3354 Πηηηέυηη
2941 3313 3352 3354 veveuunnévnrs
3407 3304 3468 3354 ni}
3516 3310 3612 3354 καὶ

524 3378 801 3445 expedire.
831 3369 881 3422 ls
919 3368 1104 3437 igitur,
1140 3359 1229 3429 qui
1268 3371 1331 3409 ex
1367 3365 1525 3406 sacra
1555 3344 1781 3413 Virgine
1812 3348 1969 3393 natus
2000 3341 2104 3398 est,

527 3423 653 3445 ν⁷“1’““
727 3423 736 3425 “
761 3423 775 3425 “
940 3423 969 3437 ν
1092 3423 1101 3428 ν
1158 3423 1171 3429 -

527 3471 670 3524 Dens
703 3474 806 3525 est,
834 3459 991 3526 cujus
1025 3469 1122 3507 nos
1151 3444 1441 3519 peculiaris
1472 3438 1702 3507 ponulus
1748 3442 1956 3491 smnus,
1988 3423 2110 3494 qui—

528 3574 636 3629 que
676 3573 706 3609 e
734 3559 1084 3622 peccatorum
1134 3536 1363 3593 vinculis
1414 3545 1512 3601 pro
1558 3541 1655 3581 sua
1705 3527 1977 3593 potestate
2012 3528 2112 3569 nos

532 3649 730 3706 exemit
763 3661 824 3695 ac
855 3632 1125 3692 liberavit.
1550 3676 1555 3679 Α

613 3758 630 3791 ι
666 3739 799 3791 Cum
840 3744 969 3798 ergo
1028 3733 1185 3778 natus
1222 3726 1367 3774 esset
1405 3714 1563 3769 Jcsus
1610 3709 1663 3763 in
1709 3702 1978 3760 Bethleem
2021 3697 2116 3753 Ju-

539 3836 667 3888 daeae
690 3829 757 3881 ⁸⁵.
792 3846 810 3878 ι
859 3825 912 3877 In
964 3819 1193 3875 Betlecm
1238 3812 1433 3868 Judaea:
1471 3816 1631 3860 natus
1658 3809 1760 3865 est,
1817 3811 1882 3850 ex
1917 3794 2116 3850 Jessaca

539 3926 743 3982 radice.
774 3918 927 3975 Unde
956 3916 1095 3969 Dens
1119 3918 1173 3962 et
1199 3907 1357 3961 l’ater
1400 3915 1495 3969 per
1546 3893 1831 3965 quemdam
1879 3903 1909 3941 e
1948 3883 2119 3940 sacris

541 4017 754 4070 vatibus
793 4013 865 4065 ita
900 4010 972 4061 ait
1002 4024 1016 4060 :
1048 4022 1068 4055 ι
1118 4002 1186 4056 Ει
1217 4010 1270 4053 ιιι
1338 3992 1609 4048 Bethleem
1639 3988 1830 4039 domus
1858 3980 2118 4049 Ephrata,

543 4116 884 4170 nequaquam
916 4095 1138 4148 minima
1171 4105 1251 4151 es,
1282 4084 1390 4156 79
1421 4091 1479 4135 ttt
1508 4079 1582 4133 sis
1616 4077 1667 4130 itt
1699 4070 1933 4128 millibus
1960 4066 2119 4121 Juda.

543 4197 622 4252 Ex
675 4205 725 4247 te
769 4191 913 4244 enim
968 4184 1278 4256 egredietur
1327 4174 1455 4230 mihi
1511 4170 1602 4241 qui
1662 4174 1815 4236 regat
1868 4158 2122 4232 populum

544 4301 724 4342 meum
769 4282 819 4335 in
844 4248 1026 4334 lsraei
1040 4296 1054 4331 :
1086 4284 1141 4329 ct
1165 4282 1419 4341 egressus
1452 4263 1568 4332 ejus
1591 4259 1659 4313 ab
1687 4255 1840 4310 initio
1864 4267 1893 4305 a
1935 4248 2124 4304 diebus

544 4375 863 4433 aeternitatis
888 4372 954 4425 ευ.
997 4388 1015 4421 ι
1065 4337 1344 4433 Quomodo
1404 4349 1717 4409 Betleemita
1766 4344 1857 4399 ille
1920 4341 1991 4395 ab
2031 4337 2129 4391 ini-

548 4473 622 4525 tio
654 4467 831 4524 saeculi
862 4477 1133 4534 egressus,
1180 4458 1282 4511 hoc
1320 4458 1404 4506 est
1440 4439 1761 4502 substantia:
1803 4432 2128 4506 principium

548 4565 772 4620 sortitus
812 4554 1031 4617 dicitur,
1092 4563 1212 4604 cum
1267 4555 1445 4598 tamen
1496 4538 1551 4590 in
1592 4527 1903 4588 novissimis
1948 4522 2128 4579 sreculi

553 4652 884 4723 temporibus
910 4656 1093 4701 natum
1130 4643 1304 4708 ipsum
1347 4646 1467 4688 esse
1496 4622 1753 4681 constet?
1783 4621 1922 4674 Deus
1962 4615 2129 4686 igitur

551 4756 636 4802 est
676 4744 948 4805 Christus,
996 4737 1276 4805 ipsiusque
1317 4723 1484 4780 divini
1530 4717 1697 4773 Verbi
1750 4709 2042 4786 antiquitas
2077 4708 2132 4762 in

554 4840 703 4893 illum
730 4832 1000 4891 convenit.
1028 4827 1163 4882 Nam
1195 4822 1340 4877 Deus
1368 4825 1508 4878 erat,
1533 4818 1756 4882 propter
1785 4818 1883 4861 nos
1915 4816 1983 4856 ex
2010 4812 2131 4853 tnu-

558 4931 690 4985 liere
718 4931 880 4982 homo
904 4921 1056 4976 nasci
1086 4918 1361 4987 dignatus.

636 4979 809 5086 ἷιέέο
861 5013 1101 5082 quidem,
1146 4979 1358 5073 inquit,
1404 4997 1627 5067 baptizo
1661 5005 1756 5048 vos
1790 4989 1844 5044 in
1897 4995 2038 5051 aqua
2090 4979 2143 5033 in

562 5104 957 5182 paenitentiam.
991 5101 1091 5168 Qui
1125 5070 1304 5151 autem
1333 5101 1457 5159 post
1483 5102 1569 5143 me
1592 5091 1856 5140 venturus
1896 5086 2003 5137 est,
2032 5070 2143 5126 for-

568 5206 671 5260 tior
701 5214 785 5255 me
807 5203 911 5261 est,
934 5193 1088 5262 cujus
1118 5204 1222 5245 non
1248 5200 1367 5241 sum
1391 5184 1585 5252 dignus
1628 5175 1991 5231 calceamenta
2019 5177 2142 5235 por-

568 5305 704 5349 tare.
733 5292 855 5360 Ipse
879 5302 975 5342 vos
1002 5261 1307 5353 baptizabit
1334 5278 1388 5332 in
1438 5271 1644 5341 Spiritu
1683 5273 1871 5323 sancto
1897 5272 1954 5319 et
1996 5261 2139 5330 igne.

568 5387 735 5458 Cujus
776 5351 1132 5437 ventilabrum
1190 5376 1244 5428 in
1292 5382 1453 5425 manu
1512 5377 1631 5428 sua,
1683 5367 1740 5414 et
1769 5351 2147 5428 permundabit

571 5492 755 5535 aream
797 5471 1042 5528 suam".
1093 5486 1112 5519 ι
1164 5463 1598 5531 Iiattdqnaquam
1652 5455 1903 5509 humanae
1941 5455 2146 5502 naturae

573 5585 706 5640 opus
726 5574 810 5623 est
837 5565 891 5619 in
918 5563 1126 5632 Spiritu
1152 5564 1343 5613 sancto
1374 5552 1688 5622 baptizare:
1723 5544 1816 5599 sed
1844 5556 2017 5611 neque
2042 5538 2148 5609 spi-

577 5659 785 5715 ritalem
819 5668 1033 5726 quoque
1063 5665 1269 5713 arcam,
1307 5646 1412 5701 hoc
1449 5651 1535 5699 est
1565 5638 1816 5695 homines
1845 5641 2058 5689 aetatem
2091 5631 2145 5685 in

2208 3328 2273 3380 ὲκ
2299 3326 2401 3395 τῆς
2437 3323 2598 3392 ἁγίας
2634 3320 2909 3390 Παρθένου
2941 3313 3355 3385 γεγεννημένος,
3407 3304 3468 3365 οῦ
3516 3310 3612 3363 καὶ
3658 3307 3792 3370 ἴδιός

2210 3420 2377 3488 ἐσμεν
2404 3415 2553 3481 λαὸς,
2589 3412 2683 3467 καὶ
2732 3407 3020 3479 ἁμαρτιῶν
3051 3405 3107 3457 δὲ
3155 3404 3304 3475 ἡμᾶς
3332 3398 3665 3473 ἀπήλλαξεν,
3714 3396 3792 3459 ὡς

2212 3510 2350 3582 ἔχων
2381 3508 2474 3562 καὶ
2502 3504 2693 3560 τούτου
2726 3501 2825 3572 τὴν
2858 3496 3126 3565 ἐξουσίαν.

2292 3731 2312 3763 ι
2359 3708 2466 3763 Τοῦ
2495 3708 2551 3761 δὲ
2595 3701 2769 3775 Ἰησοῦ
2790 3697 3142 3770 γεννηθέντος
3170 3696 3229 3749 ἐν
3259 3690 3508 3763 Βηθλεὲμ
3535 3687 3633 3758 τῆς
3665 3685 3798 3739 Ἰου-

2217 3802 2390 3864 δαίας.
2433 3819 2450 3850 ι
2499 3798 2589 3851 Ἐν
2619 3792 2867 3864 Βηθλεὲμ
2895 3788 3217 3859 γεγέννηται
3260 3785 3360 3854 τῆς
3405 3779 3691 3842 Ἰουδαίας,
3731 3777 3795 3830 ὲκ

2223 3892 2379 3966 ῥίζης
2419 3886 2636 3943 Ἰεσσαί.
2667 3884 2803 3954 Φησὶ
2830 3882 2887 3934 δὲ
2926 3880 3055 3950 περὶ
3076 3876 3239 3931 αὐτοῦ
3271 3874 3338 3928 δι’
3369 3872 3487 3935 ἑνὸς
3513 3870 3623 3923 τῶν
3669 3883 3793 3939 προς

2223 3956 2407 4055 ws.
2436 3983 2464 4034 6
2493 3979 2623 4041 Θεὸς
2657 3976 2751 4031 και
2776 3974 3000 4044 Πατήρ·
3048 3990 3066 4022 ι
3102 3969 3213 4055 ιςαι
3263 3967 3342 4055 ab“
3368 3961 3618 4035 Βηθλεὲμ
3651 3956 3798 4022 οῐκος

2222 4048 2316 4129 τοῦ
2363 4070 2625 4140 Ἐφραθᾶ,
2664 4067 2737 4136 μὴ
2770 4059 3044 4132 ὀλιγοστὸς
3078 4053 3129 4111 εἷ
3161 4054 3255 4110 τοῦ
3290 4048 3430 4108 εἶναι
3462 4055 3519 4107 ὲν
3567 4049 3801 4122 χιλιάσιν

2236 4163 2409 4217 Ἰούδα
2430 4178 2443 4191 ·
2471 4162 2536 4213 ἐκ
2565 4156 2656 4209 σοῦ
2686 4156 2792 4225 γάρ
2818 4170 2906 4224 μοι
2938 4149 3276 4217 ἐξελεύσεται
3304 4144 3398 4199 τοῦ
3430 4140 3568 4196 εἶναι
3595 4143 3676 4205 είς
3704 4141 3805 4210 ἄρ-

2225 4270 2387 4326 χοντα
2418 4253 2473 4304 ὲν
2503 4248 2580 4320 τῷ
2625 4246 2845 4317 Ἰσραήλ
2867 4262 2881 4277 ι
2910 4243 3004 4296 καὶ
3035 4242 3087 4293 αἱ
3119 4238 3287 4302 ἔξοδοι
3316 4233 3481 4290 αὐτοῦ
3512 4232 3604 4287 ἀπ’
3631 4232 3807 4304 ἀρχῆς

2228 4324 2288 4412 ἐξ
2334 4342 2556 4417 ἡμερῶν
2590 4339 2805 4400 αἰῶνος.
2847 4355 2865 4388 ι
2906 4333 3031 4395 Πῶς
3083 4326 3175 4384 οῦν
3224 4330 3252 4382 ὁ
3301 4325 3700 4396 γεγεννημένος
3750 4324 3815 4374 ὲν

2230 4413 2479 4508 Βηθλεὲ
2506 4431 2603 4500 τῆς
2634 4428 2918 4492 Ἰουδαίας,
2944 4427 3036 4479 ἀπ’
3060 4425 3233 4496 ἀρχῆς
3258 4420 3451 4483 αἰῶνος
3474 4418 3573 4479 τὰς
3597 4413 3811 4481 ἐξόδους

2162 4567 2206 4623 D
2235 4505 2375 4599 ἔχειν
2413 4522 2651 4590 λέγεται,
2699 4517 2944 4572 τουτέστι
2990 4515 3091 4583 τῆς
3139 4510 3424 4583 ὑπάρξεως
3466 4507 3563 4579 τὴν
3614 4505 3810 4575 ἀρχὴν,

2235 4623 2410 4677 καίτοι
2459 4614 2738 4688 γεννηθεὶς
2784 4612 2841 4664 ἐν
2884 4608 3131 4680 ἐσχάτοις
3175 4605 3269 4660 τοῦ
3322 4602 3515 4664 αἰῶνος
3565 4600 3812 4670 καιροῖςς

2236 4715 2367 4778 Θεὸς
2399 4707 2493 4766 οῦν
2527 4709 2635 4781 ἄρα
2664 4704 2920 4776 Χριστὸς,
2946 4702 3039 4755 καὶ
3063 4700 3265 4767 πρέπει
3297 4693 3444 4765 αὑτῷ
3463 4692 3522 4746 τὸ
3551 4690 3647 4743 τοῦ
3680 4688 3815 4744 Θεοῦ

2240 4807 2417 4875 Λόγου
2451 4798 2847 4873 πρεσὸύτατον.
2881 4792 3013 4854 Θεὸς
3032 4790 3140 4860 γὰρ
3157 4786 3244 4859 ἦν,
3277 4787 3342 4839 δι’
3373 4785 3521 4856 ἡμᾶς
3551 4781 3819 4856 σαργικὴν

2244 4895 2544 4968 ὑπομείνας
2574 4890 2826 4960 γέννησιν
2852 4883 2951 4957 τὴν
2981 4884 3045 4935 ὲκ
3075 4879 3351 4950 γυναικός.

2250 5010 2251 5013 η
2323 4956 2368 5042 ι’
2402 4984 2543 5055 Ἐγὼ
2578 4956 2676 5054 μὲν
2705 4956 2816 5050 γὰρ
2854 4956 3000 5047 ὑμᾶς
3042 4976 3100 5027 ὲν
3134 4972 3284 5027 ὕδατι
3320 4967 3583 5039 βαπτίζω,
3636 4956 3821 5035 φησὶν,

2248 5081 2327 5143 εἰς
2365 5076 2683 5148 μετάνοιαν·
2718 5071 2746 5123 6
2776 5069 2835 5123 δὲ
2865 5066 3039 5120 ὀπίσω
3069 5079 3170 5133 μου
3200 5059 3513 5132 ἐρχόμενος,
3548 5056 3852 5124 ἰσχυρότε-ι

2252 5170 2345 5242 ρός
2369 5146 2478 5239 μου
2511 5165 2678 5229 ἐστὶν,
2707 5157 2769 5215 οὗ
2801 5160 2902 5213 οὐκ
2925 5158 3041 5228 εἰμὶ
3076 5154 3258 5216 ἱκανὸς
3286 5150 3355 5204 τὰ
3381 5150 3704 5218 ὑποδήματα
3734 5146 3853 5225 βαι-ς

2252 5216 2467 5316 gratiae
2495 5216 2838 5324 Abzbc'epci't;
2868 5216 3119 5320 βαπτίσει
3158 5246 3218 5299 ὲν
3258 5216 3706 5313 Ιινεύματιῦάγίῳ
3735 5216 3849 5291 και

2252 5351 2402 5422 πυρί.
2435 5341 2510 5404 Ob
2551 5347 2613 5402 τὸ
2640 5345 2805 5399 πτύον
2845 5343 2904 5396 ὲν
2932 5343 2999 5411 τῇ
3030 5337 3175 5410 χειρὶ
3222 5332 3412 5399 αὐτοῦ,
3444 5332 3540 5386 καὶ
3568 5328 3829 5383 διακαθαο

2255 5420 2360 5515 ριεῗ
2386 5440 2484 5511 τὴν
2523 5438 2706 5493 ἅλωνα
2754 5430 2942 5489 αὑτοῦ.
2985 5450 3003 5482 ι
3039 5430 3153 5483 Οὐκ
3204 5425 3623 5496 ὰνθρωπότητος
3672 5420 3832 5492 ἔργον

2251 5508 2390 5588 εἷναί
2436 5508 2617 5601 ξραμεν
2646 5529 2706 5581 τὸ
2741 5522 3023 5596 βαπτίζειν
3069 5523 3127 5574 ὲν
3175 5516 3315 5587 ἁγίῳ
3367 5513 3681 5584 Πνεῦματι·
3718 5508 3829 5565 ἀλλ’

2252 5626 2373 5682 οὐδὲ
2418 5624 2517 5694 τὴν
2546 5620 2748 5692 ⁸ἱιίλωνα
2795 5617 2894 5688 τὴν
2923 5612 3141 5685 νοητὴν,
3173 5609 3418 5665 τουτέστι
3447 5606 3573 5671 τοὺς
3604 5605 3697 5657 ἐπὶ
3735 5602 3836 5671 τῆς

647 5833 693 5863 ⁸³
722 5830 845 5886 Jud.
880 5829 936 5896 5,
965 5829 1020 5885 4.
1070 5827 1127 5905 7”
1157 5823 1347 5880 Matth.
1376 5822 1417 5888 i,
1444 5818 1535 5886 20,
1568 5816 1664 5875 21.
1738 5812 1784 5845 ⁸⁸
1822 5809 2011 5866 Matth.
2048 5822 2100 5873 ιι,

2202 5848 2203 5855 η
2282 5802 2328 5835 ⁸⁸
2358 5798 2523 5858 Mich.
2563 5813 2619 5868 ι’,
2659 5794 2727 5863 2;
2765 5791 2958 5849 Matth.
2990 5804 3052 5857 ιι,
3085 5787 3138 5845 6.
3215 5787 3260 5820 ⁸⁷
3291 5782 3481 5853 Matth,
3508 5795 3589 5848 ιιι,
3624 5778 3713 5847 it,
3748 5775 3836 5831 l2.
