4060 6414
387 394 521 449 HG!

1488 392 1574 448 DE
1614 394 1844 449 RECTA
1886 393 2042 450 FIDE
2080 396 2170 449 AD
2214 396 2529 453 liEGlNAS.

3507 397 3529 451 l
3541 393 3648 449 262

385 509 513 580 γῆς,
540 506 674 563 ίδίαν
698 503 838 562 εἷναί
870 526 1049 581 φαμεν
1080 509 1387 580 ἀνθρώπου.
1410 509 1543 562 Θεοῦ
1575 511 1684 581 γάρ
1707 510 1775 563 τά
1793 512 1967 566 πάντα

2077 522 2217 568 terra
2269 522 2509 584 agentes,
2548 511 2783 567 hominis
2821 511 3094 580 propriam
3152 523 3271 565 esse
3311 511 3649 566 concesseri--

380 602 518 667 ἐστὶ,
551 602 645 656 καὶ
673 601 822 673 αὐτῷ
861 605 955 656 καὶ
1000 603 1144 674 μόνῳ
1187 603 1387 675 πρέπει
1435 604 1495 657 τὸ
1528 605 1586 658 ὲν
1623 606 1763 677 ἀγίῳ
1797 605 1968 659 Ilvati-

383 712 514 766 ματι
545 694 829 765 βαπτίζειν
874 695 1135 749 δύνασθαι
1182 699 1305 760 τοὺς
1356 697 1733 762 πιστεύοντας.
1779 699 1968 769 Ἐνήρ-

379 778 521 854 γηκε
553 784 609 838 δέ
647 786 805 839 τοῦτο
849 787 1083 855 Χριστὸς
1125 788 1154 839 6
1195 789 1333 860 μετά
1379 791 1633 862 Ἰωάννην
1673 792 1967 864 ἐρχόμενος

381 877 524 929 κατά
556 876 757 947 σάρκα,
790 878 910 947 ἦτοι
942 879 1032 932 τὸν
1060 880 1161 949 τῆς
1198 882 1396 951 σαρκὸς
1444 882 1656 952 χρόνον.
1688 883 1882 946 -Λὺτὸς
1911 882 1968 935 δὲ

380 968 474 1023 καὶ
499 968 595 1038 τὴν
619 968 808 1021 ἑαυτοῦ
840 968 1021 1025 ἅλωνα
1065 972 1372 1044 καθαρίζει.
1406 972 1537 1035 Θεὸς
1568 969 1660 1026 οὖν
1689 975 1798 1045 ἄρα
1822 973 1968 1027 ἐστὶν

380 1056 611 1127 ἀληθής.

456 1165 475 1197 Ι
524 1147 634 1199 Καὶ
667 1146 777 1200 ἰδοὺ
807 1146 1009 1217 λεπρὸς
1036 1149 1368 1219 προσελθὼν,
1398 1151 1724 1222 προσεκύνει
1751 1150 1928 1219 λέγων
1948 1167 1961 1182 ·

382 1237 577 1308 Κύριε,
630 1238 726 1291 ἐὰν
774 1239 954 1310 θέλῃς,
989 1240 1216 1294 δύνασαί
1249 1260 1317 1312 με
1364 1243 1678 1313 καθαρίσαι.
1719 1245 1831 1298 Καὶ
1879 1246 1970 1296 ὲκ-

380 1329 560 1392 τείνας
602 1328 702 1400 τὴν
747 1334 927 1402 χεῖρα,
976 1333 1155 1402 ἥψατο
1191 1335 1381 1401 αὐτοῦ,
1415 1334 1622 1404 λέγων’
1657 1335 1826 1400 Θέλω,
1866 1352 1968 1389 κα·

379 1418 686 1487 θαρίσθητι.
716 1421 825 1473 Καὶ
856 1420 1059 1485 εὐθέως
1089 1423 1424 1494 ἐκαθαρίσθη
1454 1425 1617 1478 αὑτοῦ
1651 1428 1683 1496 ἡ
1713 1426 1912 1495 λέπρα.
1940 1444 1959 1477 ι

379 1510 455 1561 Τὸ
478 1512 721 1579 ἐνεργεῖν
760 1511 1017 1565 δύνασθαι
1036 1512 1490 1586 θεοπρεπῶς,οὑκ
1508 1517 1635 1570 ἴδιον
1654 1516 1966 1589 ἀνθρώπου,

380 1602 518 1674 αὐτῇ
539 1602 595 1654 δὲ
617 1601 813 1671 μᾶλλον
838 1603 1073 1656 ἐποιεῖτο
1101 1603 1347 1676 [πρέποι]
1370 1605 1434 1657 ἂν
1457 1606 1550 1659 καὶ
1573 1605 1706 1677 μόνῃ
1733 1607 1797 1675 τῇ
1831 1605 1969 1657 πάν-

378 1711 488 1749 των
519 1696 774 1749 ἐπέκεινα
809 1695 990 1764 ιρύσει.
1033 1697 1277 1768 Ἐνεργεῖ
1306 1697 1361 1750 δὲ
1397 1696 1539 1752 οὕτω
1568 1698 1828 1768 Χριστός·
1871 1698 1971 1751 οὐκ

377 1786 488 1858 ἄρα
531 1785 685 1856 ψιλὸς
730 1786 1019 1859 ἄνθρωπος
1064 1788 1191 1842 καθ’
1229 1789 1399 1859 ἡμᾶς,
1435 1788 1565 1852 Θεὸς
1592 1789 1649 1842 δὲ
1682 1787 1881 1861 μᾶλλον
1910 1789 1970 1841 ἐν

2072 620 2191 658 mus
2218 624 2229 660 :
2261 620 2388 659 nam
2420 604 2606 659 omnia
2645 602 2811 657 solius
2836 601 2928 656 Dei
2954 612 3100 671 sunt,
3153 601 3363 671 ipsique
3394 601 3492 656 soli
3521 615 3647 655 con-

2072 697 2216 767 gruit
2266 695 2411 760 illos,
2455 695 2547 766 qui
2595 696 2853 760 credunt,
2901 692 3211 765 inSpiritu
3250 702 3441 748 sancto
3487 707 3649 762 posse

2072 788 2371 858 baptizare.
2410 787 2572 856 Atqui
2620 786 2893 853 Christus,
2939 786 3031 855 qui
3078 786 3373 861 secundum
3424 799 3645 839 carnem

2071 888 2189 947 post
2211 878 2471 933 Joannem
2498 878 2769 943 veniebat,
2796 886 3043 947 potenter
3069 878 3156 931 isti
3192 881 3304 930 lucc
3333 874 3643 945 praestabat,

2072 969 2322 1039 idemque
2371 984 2523 1025 suam
2576 983 2791 1038 quoque
2827 984 3011 1024 aream
3069 968 3415 1037 permundat.
3470 965 3647 1019 Verus

2071 1059 2251 1127 itaque
2286 1061 2425 1115 Deus
2458 1069 2540 1115 est
2568 1061 2837 1115 Christus.

2148 1167 2168 1201 ι
2204 1149 2267 1204 Et
2303 1164 2431 1205 ecce
2481 1149 2727 1219 leprosos
2773 1148 2999 1203 veniens
3055 1147 3314 1202 adorabat
3365 1160 3523 1209 eum,
3565 1142 3650 1197 di-

2072 1257 2203 1297 cens
2231 1258 2244 1294 :
2270 1241 2517 1305 ῡοηιίιιο,
2550 1241 2595 1294 si
2630 1241 2730 1306 vis,
2763 1249 2918 1310 potes
2950 1254 3037 1293 me
3067 1236 3433 1294 mundare.Et
3460 1245 3649 1290 exten-

2040 1333 2204 1387 'dens
2251 1332 2409 1387 Jesus
2456 1347 2693 1397 manum,
2742 1333 2915 1401 tetigit
2968 1346 3123 1397 eum,
3181 1329 3413 1383 dicens:
3475 1327 3645 1390 Volo,

2071 1428 2354 1482 mundare.
2395 1426 2462 1481 Et
2493 1425 2775 1481 confestim
2809 1425 3063 1478 mundata
3095 1431 3177 1475 est
3206 1422 3353 1491 lepra
3378 1418 3497 1490 ejus
3514 1419 3580 1472 “.
3624 1437 3644 1470 ι

2069 1516 2219 1586 Opus
2248 1516 2488 1570 divinum
2514 1515 2712 1580 moliri,
2747 1528 2854 1568 non
2891 1520 2980 1567 est
3019 1512 3216 1566 virium
3261 1511 3645 1564 humanarum.

2071 1608 2338 1665 Convenit
2378 1609 2429 1662 id
2464 1617 2647 1661 autem
2674 1606 2726 1660 in
2761 1606 3060 1675 principem
3094 1604 3336 1656 omnium
3373 1612 3643 1663 naturam,

2070 1701 2175 1755 hoc
2208 1708 2291 1754 est
2342 1698 2599 1752 divinam.
2654 1697 2815 1765 Atqui
2875 1695 3123 1750 Christus
3168 1691 3432 1762 ejusmodi
3483 1704 3645 1760 opera

2072 1792 2324 1855 molitur;
2357 1805 2463 1844 non
2494 1798 2729 1859 estergo
2759 1788 2935 1843 nudus
2978 1787 3161 1853 homo,
3195 1783 3645 1855 quemadmodum

378 1876 695 1950 ἀνθρωπεία
724 1882 933 1950 μορφῇ.
961 1878 1120 1933 Οὕτω
1147 1880 1360 1953 νοήσεις
1389 1881 1484 1935 καὶ
1510 1880 1606 1933 ἐπὶ
1629 1879 1727 1949 τῆς
1757 1879 1966 1950 Πέτρου

2071 1900 2194 1951 nos,
2230 1884 2322 1938 sed
2368 1881 2512 1947 Deus
2551 1881 2844 1935 humanam
2895 1887 3149 1933 naturam
3191 1878 3435 1933 indutus.
3491 1876 3647 1943 Quod

378 1970 669 2040 πενθερᾶς,
718 1970 822 2023 κᾶν
867 1974 981 2036 τοῖς
1032 1971 1262 2042 ἀνέμοις
1313 1973 1582 2045 ἐπιτιμῶν
1630 1974 1823 2045 ὁρῷτο,
1874 1974 1969 2027 θα·-

376 2059 553 2131 λάσσῃ
583 2078 642 2114 τε
674 2061 766 2114 καὶ
809 2061 1018 2117 ὕδασιν.
1054 2063 1224 2118 Ὅθεν
1251 2065 1343 2119 καὶ
1368 2067 1417 2119 οί
1462 2064 1741 2119 θεσπέσιοι
1790 2067 1968 2139 μαθη-

376 2151 469 2204 ταὶ
503 2151 598 2204 καὶ
642 2151 917 2206 θάλασσαν
946 2154 1043 2207 καὶ
1091 2154 1329 2226 ἀνέμους
1372 2155 1766 2227 ὑποκειμένους
1795 2158 1964 2229 ὁρῶν-

376 2258 492 2307 τες,
516 2242 897 2313 τεθαυμάκασι
915 2244 1166 2314 λέγοντες
1190 2262 1204 2275 ·
1236 2264 1253 2298 ι
1282 2247 1532 2310 Ποταπός
1555 2250 1706 2301 ἐστιν
1725 2243 1912 2314 οὗτος
1939 2268 1959 2302 ι

377 2333 457 2387 Οὐ
504 2333 613 2404 γάρ
666 2329 735 2405 ἦν
769 2333 1059 2406 ἀνθρώπου
1100 2336 1258 2408 ψιλοῦ
1311 2336 1382 2391 τά
1434 2336 1659 2391 τοιαῦτα
1706 2337 1965 2392 δύνασθαι

375 2426 537 2498 δρᾷν.
571 2425 705 2490 Θεὸς
750 2421 847 2481 οὖν
891 2427 1001 2498 ἀρα
1046 2427 1188 2482 κατὰ
1218 2429 1413 2482 ταυτὸν
1465 2428 1561 2484 καὶ
1606 2428 1892 2502 ἄνθρωπος
1939 2429 1968 2482 6

377 2517 636 2592 Χριστός.

455 2813 475 2847 ι
523 2794 587 2848 Οἱ
615 2794 672 2848 δὲ
699 2793 971 2863 δαίμονες,
1002 2793 1156 2864 φησὶ,
1188 2794 1533 2864 παρεκάλουν
1566 2794 1749 2856 αὐτὸν.
1781 2795 1967 2865 λέγον-

379 2903 473 2949 τες
492 2903 507 2918 ⁸
535 2886 599 2939 El
644 2885 926 2948 ἐκϐάλλεις
969 2886 1138 2955 ἡμᾶς,
1170 2884 1490 2940 ἀπόστειλον
1514 2887 1663 2957 ἡμᾶς
1694 2897 1717 2924 ο
1759 2887 1841 2950 είς
1867 2887 1966 2958 τὴν

380 2976 583 3047 ἀγέλην
611 2976 721 3030 τῶν
749 2977 969 3047 χοίρων.
1018 2976 1129 3029 Καὶ
1160 2972 1311 3028 εἶπεν
1355 2978 1573 3040 αὐτοῖς’
1613 2977 1905 3046 Ὑπάγετε.
1941 2996 1960 3031 ι

379 3070 455 3123 Τὸ
487 3071 735 3139 προνοεῖν
781 3067 890 3121 τῶν
936 3067 1094 3132 ὅλων,
1149 3067 1242 3120 καὶ
1278 3065 1473 3131 σώζειν
1514 3068 1677 3131 αὐτὰ,
1710 3069 1854 3132 τίνος
1898 3067 1965 3122 ἂν

382 3161 491 3232 εἴη,
543 3160 683 3231 πλὴν
736 3160 818 3213 ὅτι
873 3158 1035 3230 μόνου
1082 3156 1174 3212 τοῦ
1219 3159 1361 3213 κατὰ
1412 3158 1575 3229 φύσιν
1616 3160 1767 3226 ὄντος
1796 3159 1964 3228 Θεοῧ;

380 3251 542 3306 Οὖτω
579 3252 676 3305 καὶ
719 3253 748 3306 6
793 3251 986 3322 Σωτὴρ
1030 3248 1296 3319 ἔφασκεν·
1335 3267 1354 3302 ι
1394 3250 1529 3320 Οὐχὶ
1570 3250 1663 3304 δύο
1714 3252 1969 3323 στρουθία

381 3343 647 3414 ἀσσαρίου
696 3343 1024 3408 πωλοῦνται,
1072 3343 1165 3397 καὶ
1214 3342 1272 3394 ἓν
1317 3341 1377 3406 ἐξ
1406 3342 1584 3396 αὐτῶν
1614 3344 1673 3395 οὺ
1720 3347 1968 3398 πεσεῖται

382 3436 479 3488 ἐπὶ
517 3435 614 3506 τὴν
640 3435 743 3504 γῆν
773 3433 901 3487 ἄνευ
932 3432 1026 3486 τοῦ
1058 3432 1273 3504 Πατρὸς
1317 3432 1471 3504 ὑμῶν
1501 3432 1595 3486 τοῦ
1640 3436 1697 3486 ἐν
1734 3436 1848 3498 τοῖς
1878 3434 1968 3488 οὑ-

382 3529 603 3599 ρανοῖςς
643 3525 829 3596 ’Υμῶν
858 3525 917 3578 δὲ
958 3525 1052 3577 καὶ
1081 3526 1137 3577 at
1167 3524 1351 3595 τρίχες
1380 3527 1478 3596 τῆς
1513 3524 1755 3596 κεφαλῆς
1798 3527 1968 3579 πᾶσαι

382 3615 760 3687 ἠριθμημέναι
786 3614 945 3669 εἰσίν.
985 3633 1004 3666 ι
1054 3616 1189 3668 Ἰδοὺ
1244 3615 1533 3686 τοιγαροῦν
1560 3615 1830 3687 τοσαύτην
1860 3616 1969 3670 τῶν

382 3706 554 3759 ὄντων
610 3706 871 3775 πρόνοιαν
929 3706 1168 3758 ἐποιεῖτο
1214 3704 1473 3776 Χριστὸς,
1514 3707 1590 3770 ὡς
1641 3707 1715 3777 μὴ
1768 3707 1969 3774 ἐξεῖναι

381 3799 498 3860 τοῖς
541 3796 873 3866 ἀκαθάρτοις
915 3795 1135 3866 δαίμοσι
1172 3795 1308 3866 μηδέ
1349 3797 1547 3866 χοίρων
1584 3798 1787 3869 ἀγέλης
1821 3798 1968 3869 ἔχειν

383 3887 484 3958 τὴν
515 3887 784 3953 ἐξουσίαν.
822 3886 1208 3958 Παρακληθεὶς
1240 3882 1334 3939 οὖν
1364 3887 1630 3958 ἐπέτρεψε
1665 3888 1839 3958 μόλις,
1868 3889 1969 3941 οὐκ

386 3978 618 4042 ἐκείνοις
651 3978 873 4048 πληρῶν
910 3979 1009 4049 τὴν
1044 3978 1280 4046 αττησιν,
1332 3977 1449 4031 ἀλλ’
1499 3978 1585 4031 ἵνα
1634 3978 1782 4048 ἡμᾶς
1835 3980 1967 4031 ἀνα-

383 4070 552 4142 πείσῃ
598 4072 839 4141 φρονεῖν,
876 4069 957 4122 ὅτι
1004 4070 1317 4139 προνοεῖται
1354 4068 1463 4121 τῶν
1509 4068 1644 4122 ὅλων
1690 4068 1764 4132 ὡς
1814 4068 1965 4132 Θεός.

385 4161 521 4217 Εἶτα
551 4162 667 4226 πῶς
696 4162 759 4215 οὐ
793 4161 945 4226 Θεὸς,
980 4163 1009 4215 6
1037 4160 1318 4232 θεοπρεπῆ
1344 4161 1445 4232 τὴν
1476 4160 1744 4226 ἐξουσίαν,
1777 4163 1872 4215 καὶ
1906 4162 1969 4215 τὸ

385 4254 530 4308 κατά
568 4254 787 4307 πάντων
836 4254 1035 4323 κράτος
1060 4251 1087 4291 ἀ
1119 4251 1432 4323 ἀνημμένος
1468 4264 1513 4318 θ,
1545 4251 1638 4306 καὶ
1670 4251 1857 4317 σώζων
1892 4253 1968 4318 ὡς

388 4345 499 4399 ἴδια
524 4344 592 4398 τὰ
613 4343 680 4398 δι’
716 4342 881 4398 αὑτοῦ
911 4345 1171 4414 γεγονότα
1193 4360 1207 4410 ;

464 4553 484 4586 ι
531 4533 664 4588 Τότε
712 4535 861 4603 λέγει
898 4538 1012 4599 τοῖς
1065 4536 1337 4608 μαθηταῖς
1372 4537 1574 4592 αὐτοῦ·
1626 4538 1685 4592 Ὀ
1739 4540 1839 4609 μὲν
1885 4541 1973 4595 Os-

389 4624 587 4695 ρισμὸς
622 4625 809 4693 πολὺς,
844 4628 893 4680 oi
926 4627 983 4680 δὲ
1012 4628 1242 4698 ἐργάται
1270 4628 1461 4697 ὀλίγοι.
1494 4628 1735 4701 Δεήθητε
1755 4625 1847 4684 οὖν
1874 4630 1969 4685 τοῦ

388 4717 577 4787 κυρίου
609 4717 703 4770 τοῦ
731 4717 1015 4789 θερισμοῦ,
1058 4720 1207 4784 ὅπως
1245 4721 1451 4795 ἐκὸάλῃ
1484 4723 1725 4791 ἐργάτας
1756 4724 1837 4784 είς
1874 4723 1967 4776 τὸν

387 4807 650 4877 θερισμὸν
684 4808 873 4862 αὑτοῦ.
911 4810 1023 4862 Καὶ
1053 4811 1570 4883 προσκαλεσάμενος
1596 4813 1722 4876 τοὺς
1766 4813 1973 4867 δώδεκα

390 4895 642 4966 μαθητὰς
675 4896 861 4964 αὑτοῦ,
896 4898 1095 4952 ἔδωκεν
1124 4900 1308 4965 αὐτοῖς
1350 4903 1602 4968 ἐξουσίαν
1635 4903 1775 4956 κατά
1812 4920 1974 4969 πνευ-

391 4987 578 5058 μάτων
616 4988 964 5059 ἀκαθάρτων,
998 4988 1137 5042 ὥστε
1166 4990 1306 5045 αὑτά
1331 4991 1635 5056 ἐκῦάλλειν,
1670 4993 1761 5047 καὶ
1808 4991 1969 5062 θερα-

389 5077 579 5131 πεύειν
626 5080 809 5132 πᾶσαν
842 5079 997 5133 νόσον
1029 5080 1125 5135 καὶ
1169 5082 1351 5135 πᾶσαν
1397 5082 1690 5153 μαλακίαν.
1742 5101 1762 5134 ι
1814 5078 1967 5136 Οἶδεν

386 5165 517 5220 ὄντα
542 5164 636 5220 τοῦ
668 5166 931 5240 θερισμοῦ
960 5168 1145 5239 κύριον
1170 5170 1259 5224 τὸν
1288 5170 1394 5224 τῶν
1436 5171 1574 5226 ὅλων
1603 5171 1735 5225 Θεόν
1755 5188 1769 5201 ο
1801 5170 1966 5225 αὐτοῦ

387 5256 497 5326 γὰρ
522 5258 557 5329 ἡ
606 5257 750 5323 ἀλως
780 5260 813 5330 ἡ
846 5260 1032 5331 νοητὴ,
1069 5261 1344 5317 τουτέστιν
1375 5265 1408 5333 ἡ
1441 5262 1830 5334 ἀνθρωπότηςσ
1869 5263 1968 5316 αὑ-

386 5348 481 5404 τοῦ
516 5352 611 5407 καὶ
637 5353 667 5405 ό
703 5350 983 5423 θερισμός.
1027 5353 1167 5408 Ἀλλ’
1208 5354 1340 5421 ἰδοὺ,
1373 5355 1631 5426 δεηθῆναι
1655 5354 1967 5426 προστάξας

2070 1975 2137 2031 de
2162 1975 2378 2043 leproso
2416 1971 2677 2026 mundato
2724 1972 2813 2026 hic
2851 1970 3080 2037 dicitur,
3110 1968 3213 2024 hoc
3246 1969 3313 2023 de
3363 1981 3519 2023 socru
3551 1966 3650 2024 Pe-

2073 2066 2163 2135 tri,
2198 2067 2264 2122 de
2298 2065 2476 2120 ventis
2504 2063 2632 2118 item
2679 2072 2734 2117 et
2773 2062 2934 2126 mari,
2971 2061 3151 2131 deque
3182 2060 3343 2114 undis
3389 2073 3525 2128 quas
3566 2057 3651 2111 in-

2069 2159 2344 2228 crepavit,
2382 2157 2584 2212 dictum
2629 2156 2947 2225 accipiatur.
2994 2154 3177 2220 Quare
3216 2152 3384 2208 divini
3426 2163 3646 2220 quoque

2070 2251 2216 2305 illius
2245 2248 2495 2320 discipuli
2524 2248 3019 2302 animadvertentes
3050 2245 3125 2299 illi
3148 2252 3205 2299 et
3231 2258 3382 2298 mare
3420 2252 3476 2297 et
3512 2255 3647 2296 ven-

2070 2353 2154 2399 tos
2179 2344 2421 2407 ohedire,
2459 2339 2835 2395 admirabundi
2883 2336 3142 2391 aiebant:
3184 2354 3203 2387 ‹
3267 2332 3648 2404 Ecqualisnam

2070 2435 2160 2490 hic
2198 2444 2281 2489 est
2302 2433 2433 2486 "‘2;
2469 2430 2842 2501 lntelligebant
2869 2429 3011 2484 enim
3043 2427 3301 2497 ejusmodi
3357 2440 3520 2496 opera
3549 2439 3645 2493 pa-

2073 2533 2220 2579 trare
2248 2537 2429 2593 posse,
2466 2537 2582 2577 rem
2625 2533 2772 2585 esse,
2804 2533 2923 2588 quae
2970 2518 3098 2571 nudi
3139 2516 3374 2571 hominis
3420 2515 3649 2570 faculta-

2071 2624 2181 2670 tem
2222 2618 2523 2683 superaret.
2565 2609 2817 2665 Christus
2857 2609 3041 2677 itaque
3095 2615 3150 2663 et
3206 2605 3348 2662 Deus
3395 2616 3450 2661 et
3488 2606 3648 2661 homo

2070 2706 2230 2762 simul
2260 2712 2399 2760 erat.

2145 2816 2165 2850 ι
2208 2799 2489 2854 Daemones
2529 2794 2791 2865 rogabant
2846 2806 2968 2847 eum
2996 2833 3010 2859 ,
3050 2791 3338 2846 dicentes:
3392 2789 3449 2845 Si
3494 2789 3648 2857 ejicis

2069 2903 2190 2954 nos,
2230 2890 2382 2943 mitte
2424 2901 2523 2942 nos
2569 2886 2623 2939 in
2672 2898 2888 2955 gregem
2922 2897 3233 2953 porcorum.
3261 2880 3327 2936 Et
3372 2880 3449 2935 ait
3501 2880 3643 2935 illis.

2067 2980 2180 3051 80
2206 2977 2284 3033 Ite
2307 2978 2375 3032 ".
2414 2996 2432 3030 ›
2466 2974 2733 3033 Omnibus
2760 2973 3064 3045 providere,
3095 2982 3398 3040 cunctaque
3426 2985 3650 3026 conser-

2070 3088 2221 3137 vare,
2242 3072 2307 3127 ad
2326 3085 2507 3142 quem,
2537 3068 2791 3129 obsecro.
2819 3065 3166 3137 spectat,nisi
3196 3063 3263 3118 ad
3294 3079 3415 3118 eum
3451 3062 3649 3130 solum,

2070 3166 2160 3236 qui
2192 3164 2485 3220 secundum
2518 3172 2763 3216 naturam
2807 3159 2947 3215 Deus
2979 3157 3105 3213 est?
3139 3156 3277 3212 Hinc
3310 3164 3364 3210 et
3398 3154 3651 3209 Salvator

2070 3273 2326 3329 quoque:
2366 3274 2385 3308 ‹
2433 3254 2659 3321 Nonne,
2690 3253 2896 3322 inquit,
2946 3253 3051 3307 duo
3091 3264 3340 3321 passeres
3387 3261 3510 3303 asse
3554 3262 3652 3302 ve-

2070 3359 2259 3416 neunt,
2285 3357 2338 3404 et
2363 3364 2504 3404 unus
2529 3362 2595 3403 ex
2621 3347 2728 3402 illis
2754 3362 2859 3402 non
2896 3346 3052 3401 cadet
3091 3358 3255 3412 super
3294 3352 3493 3396 terram
3530 3339 3654 3394 sine

2070 3440 2234 3496 Patre
2264 3448 2469 3505 vestro,
2522 3437 2615 3507 qui
2658 3437 2712 3491 in
2760 3436 2911 3491 caelis
2958 3433 3078 3490 est?
3118 3430 3289 3487 Vestri
3332 3441 3510 3484 autem
3557 3442 3649 3482 ca-

2067 3529 2183 3600 pilli
2217 3529 2413 3599 capitis
2441 3542 2631 3583 omnes
2676 3525 2943 3581 numerati
2987 3523 3203 3579 sunt“.
3242 3542 3261 3575 ι
3313 3521 3391 3575 En
3442 3529 3650 3574 tantam

2072 3635 2255 3676 rerum
2300 3619 2699 3692 providentiam
2746 3616 2986 3673 habebat
3027 3615 3305 3679 Christus,
3350 3622 3408 3666 ut
3440 3610 3650 3679 absque

2073 3713 2216 3767 illius
2245 3712 2515 3781 permissu
2546 3726 2614 3767 ne
2649 3712 2703 3766 in
2731 3725 3018 3781 porcorum
3052 3708 3266 3778 quidem
3311 3719 3527 3776 gregem
3554 3716 3652 3772 po-

2075 3812 2323 3858 testatem
2386 3815 2644 3857 exercere
2701 3800 2995 3855 immundis
3049 3798 3329 3868 spiritibus
3383 3796 3652 3861 integrum

2070 3903 2234 3949 esset.
2262 3893 2335 3947 At
2375 3902 2596 3964 rogatus
2619 3892 2707 3947 vix
2743 3890 3014 3960 permisit,
3051 3902 3159 3942 non
3198 3897 3257 3940 ut
3288 3886 3500 3940 illorum
3530 3883 3652 3939 libi-

2071 3985 2185 4043 dini
2214 3998 2421 4038 morem
2454 3990 2692 4053 gereret,
2728 3982 2823 4035 sed
2847 3989 2906 4035 ut
2935 3979 3110 4044 nobis,
3145 3992 3204 4033 se
3240 3976 3493 4032 omnibus
3525 3985 3647 4028 tan-

2070 4090 2231 4145 quam
2281 4075 2450 4129 Deum
2485 4072 2771 4143 providere
2811 4070 3184 4142 persuaderet.
3229 4066 3297 4121 Et
3332 4080 3441 4137 quo
3490 4064 3650 4120 modo

2071 4166 2289 4222 tandem
2331 4164 2423 4220 ille
2461 4164 2606 4218 Deus
2656 4177 2767 4218 non
2817 4169 2924 4226 est,
2974 4160 3066 4231 qui
3111 4166 3431 4231 potestatem
3464 4156 3646 4221 habet,

2071 4272 2231 4329 quam
2259 4257 2313 4312 in
2344 4256 2518 4312 solum
2548 4256 2713 4310 Detun
2746 4254 2945 4309 cadere
2977 4262 3186 4308 certum
3214 4258 3336 4317 est,
3368 4249 3568 4319 quique
3594 4247 3651 4301 in

2075 4350 2253 4407 omnia
2298 4348 2582 4419 imperium
2628 4354 2870 4409 exercet,
2924 4353 2979 4399 et
3036 4350 3324 4399 conservat
3372 4354 3494 4411 quae
3553 4351 3650 4409 per

1999 4459 2045 4515 ι)
2074 4442 2248 4512 ipsum
2281 4441 2502 4495 condita
2536 4446 2684 4504 sunt,
2721 4447 2974 4505 tanquam
3007 4436 3270 4505 propria?

2148 4551 2166 4584 ι
2191 4530 2343 4587 Tunc
2365 4532 2493 4588 dicit
2514 4530 2792 4599 discipulis
2815 4530 2928 4584 suis
2955 4545 2970 4582 :
2998 4527 3187 4582 Messis
3209 4527 3426 4596 quidem
3455 4530 3646 4599 multa,

2069 4624 2303 4691 operarii
2337 4631 2517 4677 autem
2549 4621 2728 4691 pauci.
2765 4620 2972 4691 Rogate
3021 4634 3149 4689 ergo
3195 4619 3473 4674 dominum
3506 4637 3651 4677 mes-

2070 4718 2164 4781 sis,
2202 4723 2261 4769 ut
2309 4715 2523 4769 emittat
2566 4714 2841 4783 operarios
2894 4713 2948 4768 in
3003 4727 3234 4766 messem
3280 4727 3433 4765 suam
3462 4713 3530 4769 “.
3584 4713 3652 4768 Et

2072 4807 2383 4862 convocatis
2416 4806 2700 4861 duodecim
2732 4803 3013 4874 discipulis
3057 4804 3191 4867 suis,
3227 4803 3373 4858 dedit
3402 4803 3506 4859 illis
3552 4819 3649 4874 po-

2075 4907 2321 4953 testatem
2349 4898 2640 4967 spirituum
2686 4899 3107 4961 immundorum,
3146 4905 3205 4950 ut
3244 4897 3506 4966 ejicerent
3536 4912 3649 4964 eos,

2074 4998 2128 5044 et
2155 4998 2409 5043 curarent
2439 4999 2654 5043 omnem
2698 4989 3038 5058 languorem,
3076 4999 3130 5043 et
3164 5003 3379 5043 omnem
3417 4988 3653 5042 inﬁrmi-

2079 5089 2241 5135 tatem
2264 5080 2330 5134 ”.
2366 5098 2385 5133 ι
2437 5077 2610 5135 Norat
2647 5083 3023 5136 universorum
3074 5079 3249 5134 Deum
3283 5080 3481 5133 messis
3531 5093 3654 5133 esse

2075 5173 2353 5227 dominum
2382 5188 2397 5239 ;
2432 5169 2550 5239 ejus
2587 5187 2822 5242 namque
2847 5182 3140 5241 utrumque
3165 5179 3267 5237 est,
3295 5178 3349 5222 et
3387 5168 3499 5236 ipsa
3544 5168 3656 5236 spi-

2075 5263 2250 5318 ritalis
2277 5278 2427 5328 area,
2459 5263 2563 5318 hoc
2591 5272 2672 5319 est
2701 5263 2995 5318 humanum
3019 5277 3211 5332 genus,
3266 5265 3331 5325 .et
3378 5258 3495 5326 ipsa
3536 5272 3657 5311 rur-

2076 5370 2195 5412 sum
2247 5356 2465 5415 messis.
2519 5356 2625 5413 Sed
2680 5356 2899 5413 adverte
2935 5375 2948 5412 :
2987 5371 3107 5411 cum
3141 5353 3333 5409 messis
3375 5352 3654 5407 dominum

459 5506 509 5539 “
528 5506 715 5563 Matth.
748 5523 869 5576 νηί,
903 5507 959 5576 2,
988 5510 1041 5564 '5.
1118 5510 1163 5542 ⁸³
1188 5510 1318 5566 ibid.
1355 5509 1446 5564 '28.
1523 5511 1569 5541 ’°
1614 5510 1746 5565 ibid.
1777 5510 1866 5565 51.
1944 5512 1964 5544 ⁸

2070 5511 2211 5566 atth.
2251 5528 2304 5578 τ,
2336 5512 2429 5567 29.
2504 5516 2548 5548 θ’
2578 5513 2765 5568 Matth.
2810 5527 2883 5580 lx,
2918 5512 3006 5567 57.
3083 5509 3130 5543 ⁸³
3152 5507 3340 5564 Matth.
3370 5523 3431 5578 ι,
3454 5507 3509 5567 ι.

1458 5671 1632 5726 Varia:
1662 5671 1924 5727 lectiones
1950 5673 2152 5727 codicis
2180 5672 2539 5744 Seguieriani.

468 5810 491 5839 ε
526 5799 817 5871 ἐπίτρεψον
845 5804 975 5872 ἡμῖν
1010 5802 1279 5858 ἀπελθεῖν.
1362 5804 1387 5844 δ
1428 5808 1669 5877 κρατεῖν.
1753 5819 1773 5847 θ
1812 5806 2177 5879 ἀνῃρημένος.
