4060 6432
433 368 564 422 19453

1410 363 1469 418 S.
1508 361 1777 419 CYRILLI
1816 359 2287 418 ALEXANDRINI
2327 361 2652 419 ARCHIEP.

3549 361 3690 417 1264

429 478 815 535 onsecrandum
858 492 979 533 esse
1030 475 1349 543 monuisset,
1393 490 1517 530 mox
1567 477 1803 546 seipsum
1853 475 1996 545 ejus~

2104 474 2201 528 τοῦ
2244 475 2437 547 κυρίου
2477 473 2574 528 τοῦ
2619 471 2906 544 θερισμοῦ,
2965 473 3154 528 ἐαυτὸν
3194 473 3355 537 εὐθὺς
3406 472 3692 539 ἀπέδειξεν

429 570 571 625 modi
607 568 881 622 dominum
917 580 1038 621 esse
1068 564 1303 620 evidenti
1347 574 1666 635 argumento
1696 563 2002 629 declarans,

428 662 607 718 emisit
634 659 940 730 operarios,
966 658 1067 713 hoc
1106 665 1191 712 est
1216 666 1431 713 sanctos
1474 655 1778 726 apostolos,
1810 656 2005 725 quibus

430 760 486 804 nt
530 752 669 805 Deus
709 757 1028 820 potestatem
1082 756 1272 801 contra
1320 746 1624 800 immundos
1666 745 1889 813 spiritus
1919 752 2005 800 est

430 839 753 908 impertitus.
792 836 978 907 Neque
1019 837 1164 891 enim
1207 835 1456 890 humana:
1491 844 1697 890 natura:
1734 833 2004 891 facultatis

427 937 529 992 est,
557 926 793 996 Spiritus
822 926 998 980 sancti
1030 926 1138 980 vim
1166 934 1257 978 aut
1301 924 1668 992 operationem
1700 922 1861 978 alicui
1895 923 2002 977 im-

427 1019 636 1090 pertiri.
686 1018 819 1073 Cum
871 1034 990 1073 eam
1024 1031 1151 1086 ergo
1198 1018 1290 1071 Dei
1319 1015 1577 1080 Verbum,
1620 1016 1832 1071 tametsi
1877 1030 2006 1072 caro

428 1109 666 1176 factum,
716 1109 817 1162 hoc
863 1117 948 1163 est
990 1106 1255 1169 Christus,
1308 1104 1689 1175 impertiatur,
1733 1105 2005 1175 quomodo

428 1202 570 1258 Deus
603 1217 709 1254 non
741 1206 824 1254 est
851 1206 1041 1253 natura
1077 1206 1131 1251 et
1163 1195 1431 1251 veritate?

503 1312 523 1346 ι
556 1294 744 1348 Omnis
775 1306 926 1362 ergo,
951 1290 1039 1360 qui
1070 1303 1154 1345 me
1183 1288 1531 1344 confitebitur
1553 1302 1735 1343 coram
1766 1288 2003 1342 homini-

427 1386 548 1448 bus,
575 1381 875 1438 confitebor
904 1390 956 1433 et
984 1394 1084 1448 ego
1129 1392 1252 1432 eum
1292 1391 1477 1431 coram
1527 1375 1693 1431 Patre
1735 1389 1875 1439 meo,
1912 1376 2003 1443 qui

426 1476 478 1532 in
514 1476 665 1531 caelis
697 1482 799 1528 est.
832 1471 933 1538 Qui
968 1482 1145 1524 autem
1177 1467 1454 1536 negaverit
1485 1481 1571 1520 me
1611 1480 1796 1520 coram
1832 1465 2005 1519 homi-

426 1571 604 1633 nibus,
638 1566 843 1636 negabo
872 1574 927 1620 et
965 1563 1112 1617 illum
1164 1575 1350 1615 coram
1385 1558 1551 1614 Patre
1602 1572 1750 1621 meo,
1803 1556 1897 1626 qui
1948 1555 2003 1611 in

423 1660 577 1716 ccelis
608 1669 689 1713 est
724 1658 793 1711 “.
837 1674 856 1706 ι
912 1652 1029 1709 Νοη
1075 1652 1229 1721 pauci
1283 1659 1592 1705 sanctorum
1646 1649 1713 1702 ad
1758 1645 2004 1718 martyrii

425 1751 651 1821 gloriam
696 1747 937 1813 evocati,
973 1744 1366 1811 Christumque
1416 1739 1682 1809 intrepide
1728 1736 2002 1805 confessi,

2104 564 2232 619 δντα
2270 566 2479 630 τοῦτον,
2514 563 2762 618 ἐκϐαλὼν
2799 564 2927 628 τοὺς
2972 565 3237 635 ἐργάτας,
3293 564 3538 618 τουτέστι
3565 566 3691 628 τοὺς

2103 657 2293 727 ἁγίους
2333 644 2670 720 ἀποστόλους
2691 671 2706 687 °
2750 651 2832 719 οἷς
2869 655 2963 709 καὶ
2995 655 3223 710 δέδωκεν
3255 654 3500 721 ἐξουσίαν
3550 654 3691 708 κατά

2105 745 2433 815 πνευμάτων
2482 744 2813 816 ἀκαθάρτων
2855 745 2931 810 ὡς
2977 744 3128 810 Θεός.
3178 746 3255 799 υύ
3292 747 3402 817 γάρ
3432 746 3549 799 ἐστι
3583 746 3691 798 τῶν

2103 836 2204 906 τῆς
2236 836 2658 909 ἀνθρωπότητος
2691 838 2909 909 μέτρων
2936 838 2998 892 τὸ
3022 838 3220 893 διδόναι
3252 839 3363 891 τισὶ
3396 837 3490 891 τοῦ
3532 837 3689 905 ἁγίου

2106 927 2425 1000 Πνεύματος
2464 928 2565 1000 τὴν
2598 927 2881 1002 ἐνέργειαν
2901 947 2913 958 ·
2943 930 3141 984 δέδωκε
3178 930 3236 984 δέ
3264 931 3517 1001 Χριστός.
3557 924 3691 984 Εἶτα

2106 1021 2224 1085 πῶς
2256 1022 2317 1075 οὐ
2346 1021 2504 1090 φύσει
2533 1038 2591 1076 τε
2618 1021 2714 1076 καὶ
2742 1019 2958 1091 ἀληθῶς
2984 1022 3100 1075 ἐστι
3127 1020 3280 1087 Θεὸς,
3305 1022 3353 1074 εί
3382 1021 3476 1076 καὶ
3496 1021 3688 1091 γέγονε

2108 1111 2245 1184 σὰρξ
2274 1114 2303 1166 6
2332 1113 2502 1182 Λόγος
2524 1130 2540 1179 ;

2181 1312 2199 1343 ι
2245 1292 2362 1355 Πᾶς
2394 1285 2509 1356 οὖν,
2545 1290 2691 1354 ὅστις
2732 1290 3057 1364 ὁμολογήσει
3098 1291 3156 1345 ἐν
3198 1289 3323 1361 ἐμοὶ
3373 1287 3689 1360 ἔμπροσθεν

2105 1382 2213 1436 τῶν
2236 1382 2561 1455 ἀνθρώπων,
2581 1384 2906 1456 ὁμολογήσω
2932 1381 3089 1448 κάγὼ
3116 1383 3173 1436 ἐν
3202 1380 3351 1451 αὐτῷ
3379 1380 3691 1452 ἔμπροσθεν

2103 1472 2198 1527 τοῦ
2231 1475 2445 1546 Πατρός
2492 1492 2591 1545 μου
2624 1472 2718 1528 τοῦ
2758 1475 2816 1528 ἐν
2864 1474 2977 1538 τοῖς
3019 1473 3287 1544 οὐρανοῖς.
3322 1468 3507 1535 Ὅστις
3548 1472 3594 1525 δ’
3620 1471 3687 1526 ἂν

2104 1564 2409 1637 ἀρνήσηταί
2435 1583 2503 1637 με
2543 1565 2851 1638 ἔμπροσθεν
2881 1564 2991 1619 τῶν
3023 1563 3348 1635 ἀνθρώπων,
3380 1565 3686 1635 ἀρνήσομαι

2106 1652 2262 1723 κάγὼ
2289 1654 2452 1708 αὐτὸν
2493 1654 2802 1727 ἔμπροσθεν
2837 1654 2930 1708 τοῦ
2966 1654 3181 1725 Πατρός
3210 1670 3311 1724 μου
3346 1653 3440 1707 τοῦ
3480 1655 3537 1709 ἐν
3573 1652 3689 1718 τοῖς

2104 1746 2376 1818 οὐρανοῖς.
2433 1764 2452 1797 ι
2497 1747 2691 1800 Πολλοὶ
2738 1746 3030 1817 κέκληνται
3063 1744 3172 1799 τῶν
3214 1745 3388 1815 ἁγίων
3424 1744 3562 1816 πρὸς
3589 1744 3689 1816 τήν

427 1814 712 1897 ἶοτιιιειιιὶε
748 1849 802 1894 et
846 1844 1017 1892 morte
1067 1832 1428 1889 consummati
1469 1840 1617 1889 sunt.
1666 1831 1862 1897 Quaero
1906 1844 1996 1886 att-

2105 1814 2201 1893 τοῦ
2238 1838 2539 1909 μαρτυρίου
2571 1837 2748 1904 δόξαν,
2783 1814 3279 1891 καὶντετελείωνται
3310 1836 3398 1890 διὰ
3426 1814 3690 1905 παθημά-

423 1942 557 1995 tem.
589 1946 714 1985 num
740 1930 809 1985 ob
837 1929 889 1984 id
934 1928 1280 1998 martyricam
1325 1938 1582 1979 coronam
1630 1922 1811 1991 adepti
1855 1921 2003 1986 sint,

424 2025 568 2093 quod
605 2020 879 2076 Christum
915 2031 1259 2073 communem
1286 2014 1561 2069 hominem
1593 2026 1715 2067 esse
1748 2020 2003 2067 constan-

426 2125 508 2169 ter
531 2113 638 2183 81
674 2109 1047 2164 allirmarcnt?
1078 2123 1147 2161 au
1170 2107 1241 2161 ob
1270 2105 1322 2159 id
1349 2104 1545 2168 verius,
1580 2102 1722 2173 quod
1757 2117 1852 2157 sua
1879 2116 2001 2157 eum

423 2203 762 2259 confessione
797 2211 1051 2269 tanquam
1092 2198 1257 2251 Deum
1300 2193 1733 2249 venerarenlur?
1772 2192 1879 2247 Res
1919 2202 2004 2247 est

421 2297 610 2362 clara;
659 2301 873 2349 constat
917 2292 1060 2346 enim
1094 2305 1122 2345 a
1171 2284 1420 2358 martyrii
1472 2287 1643 2358 gloria
1695 2286 1998 2353 excidisse,

418 2389 806 2455 Christumque
843 2383 897 2438 iu
938 2383 1025 2438 die
1057 2380 1249 2449 iudicii
1291 2379 1413 2434 illos
1448 2378 1688 2433 vicissim
1729 2377 2001 2447 abnegare

422 2487 795 2547 comperturos
821 2488 961 2537 esse,
995 2473 1085 2543 qui
1111 2471 1260 2526 illum
1289 2469 1512 2525 inliciati
1537 2478 1682 2523 sunt.
1706 2466 1826 2522 Jam
1859 2484 1997 2537 quo-

422 2567 580 2623 modo
606 2564 747 2619 Dens
776 2563 822 2617 is
852 2561 1157 2617 censendus
1185 2574 1289 2614 non
1324 2567 1429 2622 est,
1471 2559 1561 2627 qui
1605 2558 1850 2627 martyrii
1885 2557 2001 2629 glo-

422 2661 501 2714 ria
523 2673 618 2713 eos
643 2655 826 2718 allicit,
844 2653 933 2722 qui
959 2653 1131 2723 ipsum
1154 2665 1275 2705 esse
1294 2664 1422 2704 vere
1451 2648 1615 2706 Deum
1635 2648 1999 2702 conlitontur‘!

506 2768 526 2802 ι
565 2747 756 2803 Venite
800 2745 866 2800 ad
903 2760 1009 2810 me,
1042 2757 1230 2797 omnes
1258 2742 1348 2811 qui
1392 2740 1650 2796 laboratis
1691 2749 1745 2797 et
1786 2739 1997 2795 onerati

420 2842 573 2905 estis,
602 2849 657 2895 et
684 2853 786 2908 ego
809 2836 1049 2891 reficiam
1085 2849 1202 2888 vos.
1245 2832 1435 2887 Tollite
1464 2832 1651 2903 iugum
1694 2845 1870 2887 meum
1907 2845 1999 2887 su-

418 2948 516 3004 per
534 2947 635 2987 vos
653 2931 721 2985 ".
757 2948 777 2982 »
812 2929 870 2983 Si
903 2925 1219 2982 Emmanuel
1241 2940 1398 2980 verus
1422 2925 1562 2980 Deus
1589 2939 1693 2978 non
1717 2932 1802 2979 est
1833 2940 1845 2978 :
1871 2938 1993 2979 cum

416 3025 529 3080 Deo
575 3023 817 3078 serviant
864 3017 1068 3084 omnia,
1118 3032 1217 3071 cur
1265 3031 1423 3072 suum
1474 3014 1565 3069 ille
1599 3013 1788 3084 jugum
1838 3014 1995 3070 nobis

418 3114 685 3185 imponit?
709 3112 901 3179 Jugum
941 3117 1118 3163 autem
1152 3117 1208 3163 et
1261 3107 1379 3177 ipsa
1423 3121 1641 3178 quoque
1691 3106 1776 3161 lex
1814 3104 1995 3175 appel-

419 3211 523 3265 lata
567 3216 673 3263 est.
728 3204 929 3259 Verum
979 3201 1230 3257 Christus
1278 3199 1557 3269 proprium
1612 3196 1768 3252 nobis
1803 3195 1992 3267 jugum

415 3299 667 3369 imponit,
702 3310 909 3366 nosque
942 3292 1208 3350 obnoxios
1234 3290 1339 3347 sibi
1373 3290 1570 3353 reddit,
1603 3287 1817 3343 tametsi
1843 3285 1995 3341 Patri

414 3391 698 3446 submittat
725 3387 930 3443 omnia.
968 3386 1109 3439 Deus
1160 3381 1328 3454 igitur
1362 3389 1467 3436 est.
1516 3377 1671 3434 Unde
1713 3386 1772 3433 ut
1810 3376 1993 3433 omnia

413 3482 487 3535 illi
522 3482 766 3547 subjecta
796 3478 926 3541 sint,
962 3490 1061 3546 par
1095 3482 1200 3528 est.

488 3589 507 3623 ι
527 3571 720 3625 Annon
740 3567 945 3638 legistis
978 3567 1029 3618 in
1061 3564 1200 3634 lege,
1219 3563 1342 3633 quia
1371 3562 1425 3616 in
1464 3559 1715 3617 Sabhatis
1742 3560 1996 3617 sacerdo-

410 3673 493 3717 tes
532 3662 584 3715 in
635 3658 832 3727 templo
879 3655 1175 3710 Sabhatum
1220 3652 1443 3720 violant,
1489 3661 1543 3707 et
1589 3652 1713 3707 sine
1761 3651 1992 3707 crimine

411 3752 580 3806 sunt?
621 3749 753 3804 Dico
798 3757 978 3802 autem
1026 3745 1218 3810 vobis,
1262 3744 1387 3814 quia
1440 3741 1613 3812 major
1657 3743 1858 3814 templo
1906 3744 1993 3799 hic

410 3853 494 3900 est
517 3842 586 3897 ⁸⁸.
628 3860 646 3894 ι
684 3840 741 3897 Si
774 3838 1089 3894 sacerdotes
1120 3837 1210 3906 qui
1235 3836 1532 3890 Sabbatum
1563 3834 1889 3906 profanant,
1920 3836 1991 3893 ob

411 3934 463 3985 id
513 3930 666 4000 culpa
718 3937 936 3992 vacant,
985 3925 1130 3997 quod
1178 3927 1361 3981 divino
1418 3925 1582 3980 cultui
1638 3927 1986 3993 incumbant;

408 4022 680 4093 quomodo
708 4020 883 4076 cultus
917 4020 1008 4089 qui
1036 4018 1255 4074 Christo
1286 4017 1617 4086 impenditur
1638 4057 1653 4083 ,
1688 4017 1992 4073 ministerio

408 4112 550 4178 quod
607 4110 920 4165 sacerdotes
979 4110 1032 4163 in
1088 4106 1288 4177 templo
1330 4107 1588 4174 obibant,
1640 4107 1990 4177 praestantior

407 4200 698 4257 censetur?
724 4199 875 4269 atqui
898 4207 1140 4268 apertum
1175 4208 1261 4253 est
1290 4212 1405 4262 eos,
1433 4198 1526 4267 qui
1559 4196 1659 4252 sub
1690 4197 1806 4267 lege
1835 4197 1988 4252 vive-

404 4294 557 4358 bant,
588 4290 642 4345 in
700 4291 890 4345 umbra
939 4298 995 4343 et
1021 4288 1192 4359 figura
1239 4288 1700 4359 supercmlestium
1746 4287 1855 4343 Deo
1889 4289 1989 4342 mi-

406 4383 685 4439 nistrasse.
724 4380 829 4436 Sed
856 4380 1023 4436 divini
1058 4382 1134 4435 illi
1162 4380 1411 4449 discipuli
1439 4379 1640 4436 Christi
1663 4388 1983 4449 sectatores,

2106 1947 2215 1986 των
2243 1930 2338 1985 καὶ
2378 1928 2629 1995 θανάτου,
2662 1929 2899 2000 Χριστὸν
2947 1926 3387 2000 ὼμολογηκότες.
3434 1922 3564 1999 Ἆρ’
3594 1922 3690 1981 οῦν

2104 2021 2533 2092 ἐστεφάνωνται,
2567 2020 3037 2092 διαϐεϐαιούμενοι
3067 2020 3165 2073 καὶ
3190 2019 3443 2089 λέγοντες
3475 2018 3690 2090 ἄνθρω-

2105 2132 2205 2169 πον
2235 2114 2375 2168 εῖναι
2399 2113 2579 2168 κοινὸν
2611 2114 2793 2179 αὐτὸν,
2825 2114 2858 2184 ἢ
2898 2112 3098 2183 μᾶλλον
3131 2112 3208 2177 ὡς
3236 2112 3371 2166 Θεὸν
3407 2113 3529 2176 ταῖς
3556 2114 3689 2183 6pc-

2102 2201 2315 2270 λογίαις
2354 2203 2747 2273 τετιμηκότες;
2795 2201 2936 2256 Ἀλλ’
2965 2199 3081 2255 ἐστι
3110 2200 3291 2273 δῆλον.
3334 2202 3397 2256 0i
3428 2201 3536 2272 γὰρ
3564 2201 3690 2255 τοῦσ

2104 2310 2194 2346 τον
2221 2293 2613 2365 ἀρνησάμενοι,
2646 2292 2738 2346 καί
2764 2294 2864 2365 τῆς
2908 2293 3002 2346 τοῦ
3048 2291 3350 2364 μαρτυρίου
3392 2288 3549 2359 δόξης
3581 2289 3690 2342 ἀπ⁶

2102 2381 2352 2449 ὤλισθον,
2402 2385 2496 2439 καὶ
2534 2385 2699 2439 αὐτὸν
2749 2385 3074 2456 εὑρήσουσιν
3118 2384 3177 2437 ἐν
3216 2382 3403 2454 ἡμέρᾳ.
3449 2380 3688 2451 κρίσεως

2102 2474 2437 2546 ἀρνούμενον
2465 2475 2660 2539 αὐτοὺς
2687 2476 2777 2530 τὸν
2811 2475 3065 2545 Χριστόν.
3098 2469 3233 2527 Εἶτα
3277 2472 3395 2535 πῶς
3433 2473 3495 2525 οὐ
3528 2470 3682 2534 Θεὸς,

2101 2564 2130 2616 6
2160 2566 2225 2634 τῇ
2252 2563 2346 2618 τοῦ
2378 2564 2679 2636 μαρτυρίου
2713 2563 2839 2635 δόξῃ
2890 2562 3168 2633 στεφανῶν
3194 2563 3343 2628 τοὺς,
3394 2561 3476 2616 δτι
3520 2555 3692 2614 τοῦτό

2101 2653 2251 2706 ἐστιν
2288 2652 2526 2723 ἀληθῶς,
2565 2652 2960 2723 ὁμολογοῦντας
2988 2652 3187 2719 αὐτόν;

2178 2759 2197 2793 ι
2242 2739 2410 2795 Δεῦτε
2458 2741 2598 2813 πρός
2644 2758 2733 2812 με,
2771 2740 2973 2804 πάντες
3020 2740 3070 2793 oi
3114 2737 3415 2802 κοπιῶντες
3463 2736 3558 2792 καὶ
3590 2755 3690 2791 πε-

2100 2833 2475 2905 φορτισμένοι,
2506 2834 2667 2904 κάγὼ
2700 2836 3002 2889 ἀναπαύσω
3027 2834 3193 2905 ὑμᾶς.
3238 2835 3442 2906 Ἀρατε
3478 2831 3570 2886 τὸν
3593 2833 3687 2899 ζυ-

2099 2925 2194 2995 γόν
2230 2942 2334 2997 μου
2382 2924 2468 2993 ἐφ’
2513 2927 2677 2996 ὑμᾶς.
2719 2943 2739 2979 ι
2786 2926 2848 2979 El
2906 2923 2982 2996 μὴ
3024 2923 3158 2985 Θεός
3204 2924 3353 2977 ἐστιν
3397 2921 3612 2994 ἀληθῶς
3652 2924 3685 2975 6

2111 3015 2492 3089 Ἐμμανουήλ,
2541 3016 2663 3071 τίνα
2712 3016 2914 3088 τρόπον
2962 3014 3054 3069 τόν
3098 3012 3294 3068 ἐαυτοῦ
3343 3011 3503 3082 ζυγὸν
3550 3014 3684 3084 ἡμῖν

2099 3108 2415 3183 ἐπιτίθησι;
2466 3108 2602 3164 Θεοῦ
2654 3107 2764 3181 γὰρ
2809 3107 2975 3162 δοῦλα
3002 3106 3072 3160 τὰ
3109 3107 3307 3161 πάντα.
3352 3106 3581 3177 Είρηται
3626 3104 3685 3159 δέ

2098 3200 2261 3270 ζυγὸς
2290 3202 2385 3256 καὶ
2416 3201 2446 3255 6
2478 3201 2661 3272 νόμος.
2706 3199 2867 3254 Ἀλλὰ
2896 3197 3203 3269 ἐπιτίθησιν
3234 3199 3365 3270 ἡμῖν
3391 3198 3420 3251 6
3447 3195 3686 3268 Χριστὸς

2095 3291 2187 3345 τὸν
2217 3292 2348 3346 ίδιον
2369 3290 2554 3360 ζυγὸν,
2576 3290 2754 3363 ἐαυτῷ
2780 3307 2839 3344 τε
2865 3288 3175 3356 ὑποτάττει,
3202 3288 3378 3343 καίτοι
3405 3286 3473 3341 τὰ
3498 3286 3680 3340 πάντα

2096 3386 2388 3455 ὑποφέρων
2419 3384 2495 3455 τῷ
2522 3382 2718 3454 Πατρί.
2751 3380 2882 3445 Θεὸς
2918 3380 3027 3453 ἄρα
3061 3379 3233 3448 ἐστὶν,
3263 3377 3387 3434 ὅθεν
3416 3376 3566 3445 αὐτῷ
3588 3377 3684 3431 καὶ

2096 3474 2417 3531 ὑποκεῖσθαι
2452 3472 2523 3528 τὰ
2551 3475 2731 3528 πάντα
2760 3472 2985 3543 πρέπει.

2171 3586 2191 3621 t
2230 3567 2299 3622 'll
2329 3568 2430 3622 οὐκ
2461 3566 2732 3634 ἀνέγνωτε
2774 3567 2834 3619 ἐν
2869 3565 2947 3638 τῷ
2978 3564 3150 3636 νόμῳ,
3185 3565 3267 3617 ὅτι
3300 3565 3357 3617 ἐν
3398 3563 3512 3627 τοῖς
3542 3560 3685 3616 Σάϐ-

2094 3663 2252 3717 ϐασιν
2279 3662 2330 3715 οἱ
2364 3661 2528 3732 ἱερεῖς
2560 3661 2619 3713 ἐν
2655 3657 2733 3729 τῷ
2763 3656 2892 3730 ἱερῷ
2934 3656 2996 3712 τὸ
3040 3656 3318 3710 Σάϐϐατον
3369 3653 3680 3725 βεϐηλοῦσι,

2092 3755 2187 3810 καὶ
2222 3752 2450 3809 ἀναίτιοί
2488 3753 2630 3817 sint;
2661 3750 2818 3819 Λέγω
2846 3748 2903 3803 δὲ
2934 3748 3084 3821 ὑμῖν,
3132 3749 3214 3802 δτι
3244 3746 3338 3801 τοῦ
3370 3746 3515 3820 ἱεροῦ
3562 3746 3683 3817 μεί-

2092 3845 2201 3910 ζων
2235 3842 2382 3896 ἐστὶν
2422 3833 2546 3896 ὦδε.
2582 3858 2603 3893 ι
2636 3840 2700 3894 El
2731 3837 3086 3911 βεϐηλοῦντες
3115 3839 3177 3892 τὸ
3210 3837 3489 3892 Σάϐϐατον
3517 3839 3566 3890 oi
3600 3838 3680 3889 ἱε-

2093 3936 2207 4007 ρεῖς
2249 3931 2482 3987 ἀναίτιοί
2516 3932 2676 3995 εἰσιν,
2710 3930 2786 3995 ὡς
2815 3928 2935 4001 Θεῷ
2976 3929 3344 4002 προσάγοντες
3371 3929 3471 3994 τὰς
3508 3927 3680 3999 θερα-

2092 4026 2279 4090 πείας⁶
2305 4025 2424 4089 πῶς
2447 4022 2557 4079 τῶν
2578 4026 2635 4079 ἐν
2654 4021 2731 4095 τῷ
2760 4023 2891 4095 ίερῷ
2916 4024 3212 4095 δρωμένων
3239 4023 3439 4076 νοεῖται
3467 4022 3677 4092 μείζων
3768 4067 3785 4082 .

2089 4119 2124 4190 ἠ
2153 4115 2392 4190 Χριστοῦ
2423 4113 2724 4188 θεραπεία;
2761 4113 2904 4166 Ἀλλ’
2936 4112 3052 4167 ἐστι
3083 4111 3262 4183 δῆλον,
3290 4111 3375 4165 ὅτι
3408 4111 3457 4164 οῖ
3486 4111 3585 4182 μὲν
3614 4112 3677 4168 ἐν

2087 4210 2258 4282 νόμῳ,
2277 4209 2372 4263 καὶ
2393 4209 2543 4279 σκιᾷ,
2566 4206 2661 4261 καὶ
2694 4206 3055 4279 ὑποδείγματι
3081 4204 3190 4259 τῶν
3214 4203 3556 4277 ἐπουρανίων
3586 4204 3679 4259 λε-

2087 4300 2449 4373 λατρεύκασιν
2473 4315 2486 4328 ·
2514 4300 2566 4353 οἱ
2593 4298 2653 4354 δὲ
2684 4298 2964 4353 θεσπέσιοι
3005 4295 3247 4369 μαθηταὶ
3278 4296 3673 4369 προσεδρεύον-

2086 4392 2178 4453 τές
2202 4408 2262 4444 τε
2300 4393 2398 4445 καὶ
2429 4389 2869 4463 λειτουργοῦντες
2906 4388 2986 4459 τῷ
3018 4388 3259 4461 Χριστῷ,
3293 4388 3516 4460 μείζονα
3543 4388 3673 4461 [τὴν

405 4473 617 4545 ipsique
649 4473 1044 4540 ministrantes,
1078 4471 1327 4542 ampliori
1362 4471 1569 4529 honore
1594 4479 1649 4524 et
1678 4470 1849 4539 gloria
1880 4486 1978 4542 po-

2099 4476 2276 4551 τιμὴν]
2355 4479 2446 4533 καὶ
2499 4478 2599 4550 τὴν
2645 4479 2802 4545 δόξαν
2836 4474 3003 4549 εἶχον.
3046 4478 3156 4531 Καὶ
3192 4479 3241 4531 εί
3269 4478 3367 4547 τῆς
3412 4477 3471 4531 ἐν
3518 4478 3673 4549 νόμῳ

405 4565 488 4620 titi
519 4573 665 4620 sunt.
704 4564 858 4633 Quod
888 4565 934 4620 si
965 4563 1331 4620 ministerium
1374 4564 1517 4632 quod
1564 4562 1782 4619 Christo
1826 4562 1981 4618 exhio

402 4661 582 4723 betur,
609 4656 770 4727 legali
810 4641 978 4712 cultui
1002 4656 1226 4711 multum
1270 4654 1579 4722 antecellit,
1611 4656 1882 4726 quomodo
1925 4656 1980 4712 in

402 4746 570 4801 sobrii
597 4746 917 4816 cujusquam
949 4745 1337 4813 cogitationem
1373 4745 1569 4801 cadere
1597 4752 1794 4816 potest,
1820 4746 1981 4803 Chri-

402 4848 546 4891 stum
573 4852 678 4892 non
710 4853 829 4893 esse
852 4852 1042 4891 verum
1068 4836 1286 4891 Deum?

475 4945 495 4978 ι
555 4923 611 4981 Si
659 4941 759 4997 ego
808 4927 863 4981 in
928 4925 1230 4981 Beelzebub
1302 4927 1460 4997 ejicio
1525 4929 1817 4996 daemones,
1882 4929 1978 4986 lilii

2084 4570 2343 4641 λατρείας
2407 4571 2466 4623 ἐν
2518 4569 2764 4639 ἀμείνοσι
2812 4568 2871 4623 τὸ
2918 4569 3251 4640 λειτουργεῖν
3301 4566 3382 4640 τῷ
3422 4567 3669 4642 Χριστῷ,

2088 4661 2205 4725 πῶς
2233 4659 2337 4715 οὐκ
2388 4660 2458 4716 ἂν
2493 4663 2667 4716 νοοῖτο
2690 4660 2824 4727 Θεὸς
2860 4659 3102 4733 ἀληθής;

2165 4951 2185 4986 ι
2228 4932 2292 4987 Ei
2318 4930 2429 5002 ἐγὼ
2453 4931 2512 4986 ἐν
2542 4929 2870 4997 Βεελζεϐοὺλ
2897 4929 3144 4985 ἐκϐάλλω
3165 4931 3234 4985 τὰ
3257 4931 3530 5003 δαιμόνια,
3560 4949 3667 5004 φη-

396 5017 564 5074 vestri
628 5016 680 5072 in
741 5032 851 5087 quo
901 5017 1167 5085 ejiciunti
1224 5018 1346 5075 ideo
1393 5021 1492 5090 ipsi
1545 5021 1755 5091 iudices
1808 5023 1977 5078 vestri

2099 5026 2193 5092 τὶν,
2219 5025 2269 5077 oi
2297 5023 2405 5077 υἱοὶ
2434 5022 2587 5095 ὑμῶν
2607 5025 2665 5079 ἐν
2692 5023 2800 5078 τίνι
2825 5021 3179 5090 ἐκϐάλλουσις
3204 5021 3301 5076 Διά
3326 5020 3485 5076 τοῦτο
3509 5023 3664 5076 αὐτοὶ

398 5123 557 5169 erunt
577 5111 645 5168 ’⁷.
695 5129 714 5164 ι
752 5111 809 5165 Si
838 5111 890 5165 in
920 5107 1123 5165 Christi
1152 5112 1371 5166 nomine
1404 5126 1434 5165 a
1458 5111 1723 5167 daemonio
1751 5123 1974 5168 vexatos

2099 5114 2272 5186 cptval.
2303 5112 2520 5168 ἔσονται
2551 5114 2727 5186 ὑμῶν.
2768 5133 2788 5167 ι
2829 5115 2892 5168 Ei
2928 5116 2986 5167 ἐν
3028 5113 3252 5186 ὀνόματι
3291 5113 3383 5167 τοῦ
3426 5111 3663 5185 Χριστοῦ

396 5203 644 5273 discipuli
693 5202 955 5258 curabant
998 5200 1372 5274 (invocabant
1412 5201 1557 5255 enim
1604 5192 1802 5259 nomen
1843 5200 1970 5258 Jesu

2099 5203 2527 5276 τεθεραπεύκασι
2569 5206 2698 5270 τοὺς
2740 5204 3112 5277 δαιμονῶντας
3141 5207 3191 5260 oi
3225 5204 3497 5277 μαθηταὶ,
3542 5207 3664 5272 (ἐπ-

398 5295 726 5368 Nazareni),
774 5293 1047 5366 quomodo
1090 5294 1160 5349 de
1198 5307 1327 5347 vera
1368 5293 1512 5348 illius
1546 5294 1831 5350 divinitate
1863 5310 1974 5350 am-

2099 5294 2322 5366 ιφὼνουν
2366 5296 2507 5368 γάρ’
2558 5296 2646 5350 Ἐν
2675 5296 2901 5368 ὀνόματι
2946 5296 3121 5367 Ἰησοῦ
3153 5294 3389 5369 Χριστοῦ
3424 5294 3519 5349 τοῦ
3543 5295 3661 5349 Να-

399 5386 582 5456 bigere
614 5386 697 5442 fas
725 5397 808 5441 est
833 5387 856 5441 ?
885 5386 1070 5457 Neque
1103 5385 1248 5440 enim
1279 5383 1388 5438 ulla
1418 5384 1640 5439 omnino
1666 5386 1839 5457 gloria
1881 5395 1974 5442 aut

2099 5388 2339 5458 ζωραίου)
2359 5427 2375 5453 ,
2411 5387 2529 5452 πῶς
2564 5388 2665 5441 οὐκ
2696 5389 2762 5443 ἂν
2786 5392 2958 5465 νοοῖτο
2987 5388 3125 5454 Θεὸς
3152 5388 3396 5461 ἀληθής;
3444 5389 3518 5443 Οὐ
3542 5386 3660 5458 γὰρ

397 5480 636 5543 potentia
692 5479 926 5533 humana
980 5486 1067 5533 sat
1117 5475 1281 5531 fuerit
1333 5477 1399 5530 ad
1456 5476 1826 5533 debellandum
1866 5478 1969 5534 Sa-

2099 5478 2141 5531 ιν
2172 5478 2470 5549 ἐξήρκεσεν
2491 5477 2783 5550 ἀνθρώπου
2804 5480 2930 5546 δόξα
2961 5481 3057 5537 καὶ
3073 5480 3299 5553 δύναμις
3329 5481 3409 5544 είς
3441 5479 3501 5536 τὸ
3530 5493 3661 5535 κατ-ο

398 5574 600 5622 tanam.

2100 5568 2201 5639 σχύ
2211 5587 2301 5624 σαι
2336 5569 2429 5623 τοῦ
2461 5571 2699 5625 Σατανᾶ.

465 5740 512 5772 ³⁸
546 5738 734 5794 Matth.
762 5753 816 5806 χ,
857 5740 944 5805 52,
981 5739 1070 5797 55.
1126 5742 1191 5815 ,⁸⁵
1212 5739 1405 5796 Matth.
1436 5754 1509 5806 si,
1543 5738 1631 5805 28,
1670 5739 1760 5794 29.
1826 5740 1883 5817 f‘
1914 5740 1996 5796 Ma

2099 5786 2103 5797 .
2148 5760 2245 5813 xu,
2405 5745 2452 5777 "
2480 5744 2610 5800 ibid.
2641 5745 2733 5801 27.
