4060 6418
361 487 496 542 12ϋῖ

1464 486 1553 542 DE
1595 485 1824 543 RECTA
1866 485 2023 540 FIDE
2061 485 2150 539 AD
2191 481 2507 538 REGINAS.

3483 475 3619 529 ττέιεϐ

446 616 466 649 ι
511 598 724 670 ’Ὥσπερ
770 593 864 652 οὖν
913 600 1229 668 συλλέγεται
1279 599 1346 652 τὰ
1379 599 1620 664 ζιζάνια,
1671 599 1766 652 καὶ
1814 597 1948 668 πυρί

2126 615 2143 648 ι
2184 596 2332 650 Sicut
2373 610 2502 663 ergo
2535 592 2864 660 colliguntur
2900 587 3131 652 zizania,
3163 594 3218 643 et
3257 585 3366 657 igni
3396 587 3621 640 combu-

369 690 757 742 κατακαίεται·
781 689 952 754 οὕτως
991 690 1144 744 ἔσται
1184 691 1242 742 ὲν
1269 692 1333 760 τῇ
1377 689 1659 759 συντελείᾳ
1686 687 1778 742 τοῦ
1810 687 1946 741 αἰῶ-

369 797 478 844 νος.
524 780 839 833 Ἀποστελεῖ
871 784 899 834 6
927 782 1056 846 Υίὸς
1088 780 1182 835 τοῦ
1213 779 1500 852 ἀνθρώπου
1529 781 1655 842 τοὺς
1681 778 1948 847 ἀγγέλους

369 871 560 936 αὑτοῦ,
593 873 687 924 καὶ
716 873 1062 938 συλλέξουσιν
1082 876 1147 928 ὲκ
1174 877 1272 944 τῆς
1291 872 1568 944 βασιλείας
1586 870 1749 925 αὑτοῦ
1771 872 1948 925 πάντα

369 960 438 1012 τὰ
469 961 760 1025 σκάνδαλα,
811 963 907 1016 xal
945 965 1073 1027 τοὺς
1118 963 1404 1026 ποιοῦντας
1431 961 1533 1032 τὴν
1566 961 1822 1031 ἀνομίαν,
1854 962 1948 1015 καὶ

373 1047 625 1118 βαλοῦσιν
651 1053 851 1115 αὐτοὺς
879 1055 958 1116 είς
987 1054 1086 1124 τὴν
1115 1054 1343 1124 κάμινον
1368 1051 1464 1105 τοῦ
1500 1052 1692 1123 πυρός.
1749 1070 1768 1103 ι
1811 1051 1949 1122 Περὶ

371 1140 508 1194 Θεοῦ
560 1143 902 1214 γέγραπται·
954 1163 974 1196 ι
1015 1144 1298 1213 Εὑλογεῖτε
1343 1143 1436 1196 τὸν
1473 1143 1701 1213 Κύριον,
1749 1143 1949 1206 πάντες

371 1234 423 1284 οἱ
452 1232 674 1301 ἄγγελοι
703 1233 886 1288 αὐτοῦ.
925 1253 945 1286 ι
986 1236 1069 1288 οὐ
1113 1235 1221 1307 γὰρ
1249 1233 1479 1302 ἄγγελος
1528 1233 1759 1302 ἀγγέλου
1805 1233 1946 1299 ἐστὶ,

373 1322 511 1376 Θεοῦ
541 1323 599 1376 δὲ
633 1325 833 1394 μᾶλλον
861 1326 930 1380 τὰ
959 1327 1159 1381 πάντα.
1209 1326 1332 1389 Πῶς
1377 1321 1470 1379 οὖν
1503 1341 1636 1396 φησι
1679 1325 1807 1396 περὶ
1852 1325 1948 1379 τοῦ

374 1413 508 1467 Υίοῦ
534 1414 630 1468 τοῦ
662 1416 970 1487 ἀνθρώπου,
995 1418 1076 1470 ὃτι
1103 1417 1393 1470 ἀποστελεῖ
1415 1407 1544 1480 τοὺς
1571 1416 1835 1485 ἀγγέλους
1859 1416 1952 1470 αὐ-

374 1506 509 1574 τοῦ;
559 1508 691 1572 Θεὸς
718 1505 811 1562 οὗν
847 1510 955 1580 ἄρα
990 1511 1161 1574 ἐστὶν,
1191 1510 1268 1574 ὡς
1311 1510 1403 1562 καὶ
1440 1507 1604 1572 ἰδίους
1646 1508 1785 1578 ἔχων
1824 1509 1952 1571 τοὺς

373 1599 662 1668 ἀγγέλους,
695 1602 786 1654 καὶ
831 1602 921 1656 διὰ
953 1601 1062 1656 τῶν
1109 1602 1222 1656 άνω
1271 1600 1596 1673 πνευμάτων
1641 1598 1950 1671 ὑπηρετού-

375 1703 558 1760 μενος.

449 1800 468 1834 ι
523 1783 832 1854 Ἠρώτησεν
859 1786 887 1839 6
916 1785 1168 1856 Χριστός·
1203 1786 1338 1840 Τίνα
1369 1805 1436 1858 με
1481 1788 1728 1858 λέγουσιν
1765 1787 1816 1840 οἱ
1856 1785 1951 1840 άν-

373 1871 582 1942 θρωποι
609 1870 753 1928 εἶναι
799 1876 888 1928 τὸν
918 1875 1046 1930 Υἱὸν
1074 1875 1168 1929 τοῦ
1197 1876 1524 1948 ἀνθρώπου;
1561 1879 1622 1932 Ol
1659 1877 1717 1931 δὲ
1759 1875 1912 1930 εἷπον
1933 1890 1947 1906 ⁶

2052 696 2263 753 runtur,
2313 686 2391 741 sic
2436 685 2539 740 erit
2595 685 2647 736 in
2707 679 3173 736 consummatione
3230 676 3434 732 sa:culi.
3499 674 3623 728 Mit-

2053 784 2130 831 tet
2161 773 2333 830 Filius
2361 774 2596 829 hominis
2627 771 2845 842 angelos
2873 785 3022 834 suos,
3055 779 3110 823 et
3145 768 3397 838 colligent
3434 767 3504 822 de
3541 781 3621 820 re—

2049 884 2155 939 gno
2178 867 2296 938 ejus
2325 867 2504 921 omnia
2537 863 2815 927 scandala,
2853 871 2908 916 et
2931 876 3025 917 eos
3063 860 3154 930 qui
3193 859 3401 914 faciunt
3428 858 3628 926 iniqui-

2050 968 2219 1015 tatem
2254 956 2268 1012 Ξ
2304 967 2358 1013 et
2398 959 2616 1012 mittent
2658 971 2751 1012 eos
2793 956 2847 1009 in
2894 955 3168 1010 caminum
3207 951 3347 1022 ignis
3373 950 3442 1005 ³⁸.
3481 967 3501 1001 ι
3549 949 3625 1002 De

2049 1051 2160 1105 Deo
2175 1051 2285 1121 82
2304 1050 2528 1119 legimus
2559 1067 2572 1102 :
2615 1067 2634 1100 ι
2666 1047 2980 1103 Benedicite
3011 1046 3262 1108 Domino,
3297 1057 3487 1098 omnes
3523 1055 3621 1093 an-

2048 1143 2152 1213 geli
2181 1145 2298 1212 ejus
2331 1143 2398 1195 ⁸⁸.
2433 1160 2450 1193 ι
2489 1139 2674 1209 Neque
2717 1141 2861 1194 enim
2905 1137 3132 1208 angelus
3178 1136 3353 1206 angeli
3384 1145 3497 1197 est,
3530 1131 3624 1187 scd

2047 1232 2146 1288 Dei
2173 1242 2298 1289 sunt
2323 1233 2529 1289 omnia.
2569 1232 2703 1286 Cum
2751 1245 2879 1301 ergo
2929 1230 2996 1284 de
3043 1228 3181 1284 Filio
3218 1226 3454 1281 hominis
3479 1225 3626 1279 dica-

2050 1333 2160 1391 tur,
2199 1324 2342 1394 quod
2374 1324 2640 1379 missurus
2693 1322 2766 1377 sit
2803 1319 3023 1391 angelos
3067 1334 3195 1374 suos
3227 1334 3242 1370 :
3296 1315 3625 1386 angelosque

2048 1425 2104 1472 et
2129 1417 2354 1486 spiritus
2389 1414 2509 1470 illos
2550 1427 2831 1482 supremos
2865 1422 3118 1479 tanquam
3159 1409 3407 1479 proprios
3461 1407 3623 1462 mini-

2051 1515 2192 1563 stros
2217 1504 2511 1576 possideat,
2545 1503 2766 1560 evidens
2799 1501 2858 1556 ﬁt
2888 1501 3036 1555 illum
3069 1513 3189 1555 esse
3220 1500 3407 1554 Deum.

2129 1801 2147 1835 ι
2182 1780 2554 1849 lnterrogabat
2580 1776 2876 1847 discipulos
2909 1788 3076 1830 suos:
3119 1771 3288 1838 Quem
3309 1781 3414 1823 -me
3437 1766 3628 1832 dicunt

2053 1872 2300 1927 homines
2351 1883 2474 1924 esse
2516 1867 2713 1922 Filium
2767 1862 3040 1918 hominis?
3085 1861 3156 1914 At
3201 1857 3278 1911 illi
3327 1853 3622 1910 dixerunt:

371 1967 437 2020 οι
470 1968 589 2038 μὲν,
641 1969 894 2040 Ἰωάννην
934 1971 1024 2024 τὸν
1056 1942 1397 2044 Βαπτιστῆν·
1429 1942 1576 2028 ἄλλοι
1601 1972 1680 2036 δὲ,
1729 1971 1946 2025 Ἠλίαν·

2050 1963 2178 2029 Alii,
2207 1960 2465 2017 Joannem
2518 1957 2852 2026 Baptistam;
2907 1952 3020 2006 alii.
3048 1959 3252 2014 autem,
3288 1947 3494 2011 Etiam;
3533 1942 3626 1996 alii

369 2058 521 2114 ἄλλοι
560 2061 638 2126 δὲ,
678 2061 968 2132 Ἱερεμίαν,
990 2063 1024 2132 ἢ
1051 2062 1149 2116 ἕνα
1172 2063 1281 2117 τῶν
1311 2063 1629 2136 προφητῶν.
1657 2063 1820 2132 Λέγει
1847 2065 1948 2118 αὺ-

368 2150 512 2212 τοῖς·
559 2148 747 2221 Ὑμεῖς
771 2151 850 2216 δὲ,
883 2152 1004 2206 τίνα
1040 2170 1108 2223 με
1137 2152 1324 2221 λέγετε
1366 2149 1542 2222 εῖναι;
1601 2153 1949 2224 Ἀποκριθεὶς

368 2238 446 2303 δὲ,
480 2240 664 2311 φησὶν,
707 2244 735 2295 6
764 2241 991 2314 Πέτρος,
1025 2241 1182 2297 εἷπε·
1229 2245 1303 2298 Σὺ
1336 2240 1386 2300 εἶ
1417 2248 1446 2300 6
1479 2244 1720 2317 Χριστὸς
1760 2246 1790 2298 6
1817 2244 1949 2309 Υἱὸς

365 2330 463 2384 τοῦ
495 2331 630 2385 Θεοῦ
659 2333 752 2386 τοῦ
781 2333 1001 2400 ζῶντος.
1047 2337 1390 2410 Ἀποκριθεὶς
1431 2338 1487 2392 δὲ
1513 2339 1543 2392 6
1583 2336 1790 2410 Ἰησοῦς
1809 2376 1825 2404 ,
1868 2333 1948 2391 el-

368 2440 468 2476 πεν
501 2423 682 2495 αὐτῷ-ς
708 2425 993 2496 Μακάριος
1020 2421 1092 2493 εἴ,
1122 2426 1303 2497 Σίμων
1336 2426 1452 2499 Bap
1493 2428 1667 2492 Ἰωνᾶ,
1698 2427 1780 2480 ὅτι
1812 2426 1948 2499 σὰρξ

367 2515 463 2568 καὶ
507 2513 646 2586 αἷμα
688 2517 799 2582 οὐκ,
835 2518 1152 2588 ἁπεκάλυψέ
1189 2536 1294 2584 σοι,
1327 2518 1445 2572 ἀλλ’
1471 2520 1500 2574 6
1547 2520 1740 2589 Πατήρ
1785 2536 1886 2590 μου
1920 2520 1949 2572 6

367 2607 427 2658 ὲν
463 2611 573 2670 τοῖς
615 2608 884 2678 οὐρανοῖς.
919 2627 937 2660 ι
988 2609 1052 2662 Εἰ
1082 2609 1238 2679 ψιλὸς
1285 2609 1574 2681 ἄνθρωπος
1621 2611 1650 2662 6
1691 2611 1954 2682 Χριστὸς,

364 2697 508 2750 διατί
535 2697 907 2768 τεθαύμασται
936 2700 1143 2772 Πέτρος
1163 2701 1449 2772 ,ὁμολογῶν
1493 2704 1655 2758 αὐτόν
1679 2721 1706 2770 ',
1739 2704 1864 2767 Πῶς
1891 2703 1950 2757 δέ

367 2790 486 2841 ἐστι
529 2789 622 2841 καὶ
653 2789 1008 2854 θεοδίδακτος,
1061 2791 1096 2862 ἤ
1147 2793 1306 2856 ποίας
1341 2793 1536 2865 ἐδεήθη
1585 2795 1948 2864 φωταγωγίας

367 2879 594 2942 ἄνωθεν,
624 2880 710 2933 ἵνα
736 2879 881 2951 μάθῃ
906 2882 964 2934 τὸ
992 2883 1079 2935 ἐπ’
1103 2883 1262 2954 αὐτῷ.
1278 2885 1604 2956 μυστήριον;
1645 2887 1783 2940 Ἀλλ’
1806 2887 1947 2955 ἔγνω

366 2967 501 3020 Θεὸν
534 2966 684 3034 ὅντα,
725 2969 818 3022 καὶ
858 2969 983 3022 Υίὸν
999 2969 1134 3022 Θεοῦ
1181 2970 1382 3034 ζῶντος
1421 2972 1822 3045 διωμολόγησεν
1857 2975 1950 3028 αὑ-

365 3058 458 3111 τόν
477 3075 490 3089 ·
522 3058 775 3131 ταύτῃτοι
798 3059 1191 3130 τεθαύμασται.
1215 3061 1360 3133 Πλὴν
1382 3063 1477 3116 ἕνα
1506 3065 1654 3129 Υίὸν,
1691 3066 1784 3118 καὶ
1827 3067 1947 3137 οὐχὶ

365 3145 462 3200 δύο
492 3147 640 3212 υἱούς
674 3165 830 3219 φησι.
871 3148 1140 3213 Δυσσεόὲς
1183 3145 1274 3204 οὖν
1317 3151 1426 3220 ἄρα
1459 3151 1520 3204 τὸ
1567 3153 1821 3224 διορίζειν
1865 3157 1945 3219 είς

367 3240 482 3295 δύο.
518 3261 537 3294 ι
573 3243 773 3297 Μέλλει
796 3243 906 3314 γὰρ
933 3245 962 3296 6
991 3244 1121 3308 Υἱὸς
1146 3245 1240 3299 τοῦ
1285 3246 1577 3319 ἀνθρώπου
1602 3248 1860 3320 ἔρχεσθαι
1888 3254 1945 3306 ἐν

366 3336 435 3404 τῇ
467 3334 592 3406 δόξῃ
625 3335 720 3388 τοῦ
752 3335 964 3404 Πατρὸς
1007 3335 1195 3403 αὑτοῦ,
1247 3337 1385 3407 μετὰ
1413 3338 1522 3392 τῶν
1558 3340 1808 3409 ἀγγέλων
1846 3343 1947 3396 αὑ-

366 3423 487 3479 τοῦ.
543 3444 562 3478 ι
618 3425 749 3479 Ἰδοὺ
804 3427 965 3481 πάλιν
1010 3428 1273 3496 ἀγγέλους
1315 3429 1480 3482 αὑτοῦ
1535 3448 1668 3502 φησι
1715 3431 1783 3486 τὰ
1836 3433 1950 3488 ἄνω

371 3516 678 3588 πνεύματα,
711 3517 886 3573 καίτοι
914 3517 1208 3590 λεγομένου
1243 3518 1374 3574 Υἱοῦ
1406 3519 1715 3591 ἀνθρώπου.

448 3814 469 3849 ι
526 3797 818 3851 Ἐλθόντων
875 3797 938 3868 δὴ
985 3791 1078 3851 οὖν
1113 3797 1133 3837 f
1195 3799 1276 3862 είς
1315 3797 1710 3870 Καπερναοὺμ,
1780 3817 1950 3871 προσ-

379 3887 542 3958 ῆλθον
567 3889 622 3939 οἱ
649 3886 718 3940 τὰ
737 3887 1012 3959 δίδραχμα,
1031 3888 1417 3959 λαμϐάνοντες,
1435 3891 1512 3960 τῷ
1541 3891 1752 3962 Πέτρῳ,
1767 3892 1863 3944 καὶ
1878 3889 1945 3944 εῖ-

2051 2068 2203 2119 vere,
2243 2051 2555 2116 Jeremiam,
2582 2055 2676 2101 aut
2708 2059 2872 2099 unum
2904 2057 2970 2096 ex
3001 2040 3296 2111 pr0phetis.
3333 2037 3480 2090 Dixit.
3519 2033 3627 2089 illis

2049 2145 2246 2202 Iesus:
2284 2144 2390 2198 Vos
2421 2149 2599 2195 autem
2638 2151 2798 2206 quem
2830 2149 2916 2189 me
2957 2147 3077 2188 esse
3115 2128 3331 2185 dicitis?
3377 2127 3625 2195 Respon-

2049 2238 2182 2292 dens
2212 2235 2398 2290 Simon
2427 2231 2621 2286 Petrus
2650 2229 2823 2284 dixit:
2858 2221 2940 2280 Tti
2971 2240 3029 2281 es
3057 2222 3308 2278 Christus
3331 2217 3502 2272 Filius
3529 2214 3628 2270 Dci

2048 2325 2547 2392 vivi.Respondens
2569 2329 2748 2373 autem
2782 2315 2961 2381 Jcsus,
3003 2313 3138 2368 dixit
3172 2311 3220 2366 ei
3253 2329 3266 2364 :
3307 2308 3509 2363 Beatus
3539 2320 3623 2368 es,

2051 2416 2238 2473 Simon
2262 2415 2369 2468 Bar
2397 2411 2553 2477 Jona,
2575 2410 2702 2480 quia
2729 2421 2859 2463 caro
2885 2415 2939 2461 et
2968 2404 3184 2474 sanguis
3218 2415 3325 2456 non
3359 2396 3627 2454 revelavit

2050 2509 2171 2574 tibi,
2219 2507 2313 2562 sed
2357 2504 2521 2559 Pater
2552 2515 2726 2564 meus,
2749 2500 2843 2569 qui
2867 2508 2953 2554 est
2976 2497 3033 2552 in
3061 2495 3214 2552 caelis
3240 2495 3280 2547 τ.
3320 2511 3339 2545 ι
3377 2493 3435 2546 Si
3461 2488 3624 2545 Chri-

2050 2609 2168 2658 stus
2211 2595 2527 2654 communis.
2556 2592 2864 2664 vulgarisve
2916 2598 3123 2644 tantum
3166 2588 3331 2642 homo
3377 2592 3480 2648 est,
3529 2597 3627 2637 cur

2049 2693 2242 2748 Petrus
2273 2690 2341 2744 ob
2376 2704 2528 2744 suam
2574 2685 2974 2742 confessionem
3016 2678 3350 2735 admirabilis
3386 2675 3627 2731 declara-

2051 2795 2138 2840 tus
2161 2792 2214 2839 et
2247 2781 2494 2836 laudatus
2522 2778 2648 2832 est?
2691 2775 2972 2842 Quomodo
3020 2771 3275 2826 divinitus
3315 2767 3629 2838 perhibetur

2049 2870 2438 2929 edoctus?Aut
2461 2881 2697 2936 quanam
2740 2877 2974 2933 superna
3002 2875 3136 2929 opus
3171 2867 3289 2915 erat
3322 2859 3395 2911 illi
3430 2857 3629 2911 illumi-

2048 2961 2291 3022 natione,
2332 2965 2393 3012 ut
2434 2955 2564 3010 illud
2606 2952 2810 3009 Christi
2863 2949 3180 3021 mysterium
3217 2947 3479 3016 caperet?
3527 2945 3630 3000 Ve-

2048 3068 2168 3108 rum
2206 3051 2333 3121 quia
2365 3050 2530 3104 Deum
2560 3061 2684 3103 esse
2712 3045 2950 3116 agnovit,
2996 3041 3337 3110 viventisque
3382 3038 3476 3093 Dei
3531 3037 3632 3092 Fi-

2047 3143 2176 3198 lium
2218 3156 2340 3198 esse
2382 3138 2740 3210 praedicavit,
2793 3135 2917 3190 ideo
2969 3132 3234 3188 mirabilis
3276 3142 3332 3186 et
3375 3129 3644 3200 egregius.

2054 3235 2269 3289 habitus
2294 3242 2397 3289 est.
2427 3231 2614 3300 Neque
2651 3237 2831 3282 tamen
2864 3227 2999 3281 duos
3029 3224 3312 3280 confessus
3344 3233 3426 3278 est
3461 3221 3624 3283 illius.

2051 3327 2146 3383 sed
2186 3339 2352 3380 unum
2399 3322 2685 3378 duntaxat.
2723 3318 2952 3389 lmpium
2999 3315 3183 3384 itaque
3226 3323 3310 3369 est
3350 3311 3627 3368 Christum

2051 3419 2106 3475 in
2142 3419 2276 3473 duos
2303 3414 2545 3472 dividere
2578 3413 2738 3467 lilios.
2770 3428 2789 3463 ι
2821 3409 2991 3466 Filius
3023 3407 3168 3463 enim
3207 3405 3443 3461 hominis
3493 3418 3628 3458 ven-

2051 3499 2207 3565 turus
2233 3515 2318 3564 est
2351 3507 2402 3561 in
2433 3504 2602 3576 gloria
2631 3503 2810 3558 Patris
2837 3502 2917 3556 sui
2961 3515 3078 3554 cum
3124 3497 3330 3567 angelis
3375 3495 3489 3551 suis
3515 3497 3558 3548 ’.
3604 3513 3623 3545 ι

2053 3604 2131 3658 Ειι
2185 3602 2380 3656 iterum
2433 3597 2685 3654 cmlestes
2717 3595 2942 3666 spiritus
2990 3608 3117 3649 suos
3167 3590 3386 3661 angelos
3434 3599 3630 3654 vocat,

2053 3694 2266 3749 etiamsi
2298 3690 2535 3748 hominis
2564 3689 2735 3743 Filius
2763 3688 2994 3743 dicatur.

2131 3802 2150 3835 ι
2202 3783 2269 3836 Ει
2318 3797 2441 3837 cum
2485 3781 2763 3834 venissent
2827 3777 3230 3847 Capharnaum,
3285 3781 3634 3830 accesserunt

2054 3874 2146 3945 qni
2177 3872 2498 3929 didrachma
2529 3870 2886 3939 accipiebant,
2920 3869 2986 3922 ad
3011 3867 3264 3934 Petrumg,
3296 3874 3350 3918 et
3381 3865 3633 3918 dixerunt

2053 3967 2148 4022 ei:
2202 3963 2456 4034 Magister
2502 3969 2684 4016 vester
2736 3976 2841 4014 non
2875 3958 3034 4013 solvit
3097 3955 3448 4012 didrachma?
3495 3954 3627 4006 Ait:

373 3997 474 4034 πον
493 3997 506 4010 ·
552 3980 610 4033 Ὀ
633 3979 950 4043 διδάσκαλος
974 3979 1126 4050 ὑμῶν
1145 3982 1208 4033 οὺ
1239 3979 1468 4034 τελεῖτὰ
1493 3981 1766 4052 δίδραχμα
1787 3998 1801 4047 ;
1837 3982 1950 4036 Kal

2054 4055 2252 4112 Etiam.
2277 4055 2346 4109 Et
2372 4068 2492 4108 cum
2525 4052 2774 4106 intrasset
2810 4051 2863 4103 in
2916 4049 3159 4112 domum,
3202 4045 3462 4116 praevenit
3508 4058 3630 4097 eum

370 4072 550 4138 λέγει’
604 4071 732 4124 Ναί.
783 4071 893 4125 Kal
939 4070 1252 4124 εἰσελθόντα
1307 4073 1384 4134 εἰς
1428 4072 1527 4142 τὴν
1567 4074 1768 4138 οἰκίαν,
1818 4090 1954 4144 προ-

373 4135 607 4230 έφθασεν
636 4161 797 4215 αὑτὸν
847 4163 874 4214 6
927 4159 1155 4231 Ἰησοῦς,
1182 4160 1389 4228 λέγωνο
1445 4135 1510 4213 Τί
1543 4178 1624 4215 σοι
1667 4135 1831 4227 δοκεῖ,
1867 4135 1948 4214 Σί-

2050 4147 2234 4213 Jesus,
2278 4146 2509 4201 dicens:
2567 4143 2704 4210 Quid
2756 4143 2850 4197 tibi
2881 4141 3118 4204 videtur,
3178 4138 3407 4193 Simon?
3461 4135 3632 4205 Reges

376 4257 529 4324 pinv;
571 4255 620 4307 οἱ
665 4251 905 4322 βασιλεῖς
959 4230 1061 4320 τῆς
1105 4249 1210 4320 γῆς
1259 4250 1369 4304 ἀπὸ
1415 4251 1576 4304 τίνων
1619 4251 1948 4322 λαμϐάνουσι

2056 4248 2216 4295 terrae
2249 4252 2279 4291 a
2319 4236 2517 4307 quibus
2555 4234 2828 4303 accipiunt
2868 4233 3126 4286 tributum
3169 4230 3254 4284 vel
3287 4243 3507 4282 censum
3537 4267 3550 4292 ,
3601 4243 3631 4280 a

370 4343 523 4413 τέλη,
571 4344 603 4414 ἢ
647 4344 880 4414 κῆνσον;
928 4341 1036 4395 ἀπὸ
1075 4340 1186 4394 τῶν
1215 4341 1346 4394 υἱῶν
1376 4339 1642 4411 αὑτῶν,ἢ
1695 4341 1803 4394 ἀπὸ
1846 4341 1948 4395 τῶν

2055 4331 2182 4386 ﬁliis
2210 4329 2342 4394 suis,
2370 4342 2435 4381 an
2467 4327 2535 4381 ab
2572 4324 2807 4380 alienis?
2839 4333 2893 4376 et
2929 4322 3016 4377 ille
3053 4320 3186 4375 dixit
3223 4339 3236 4374 :
3279 4319 3359 4374 Ab
3397 4317 3584 4372 alienis
3618 4337 3630 4372 :

372 4408 668 4506 ἀλλοτρίων
688 4408 872 4502 {etne
887 4434 943 4487 δὲ
972 4433 1150 4504 αὐτῷ·
1185 4433 1316 4487 Ἀπὸ
1343 4432 1452 4487 τῶν
1477 4408 1795 4505 ἀλλοτρίων.
1819 4430 1948 4488 Εἴπε

2058 4422 2194 4478 dixit
2223 4421 2299 4475 illi
2331 4417 2486 4474 Jesus
2515 4433 2530 4471 :
2561 4416 2702 4485 Ergo
2737 4415 2893 4471 liberi
2930 4423 3057 4468 sunt
3087 4413 3184 4467 lilii
3212 4411 3253 4468 ³.
3293 4428 3312 4461 ι
3353 4408 3637 4476 Quomodo

370 4528 427 4581 δὲ
449 4502 598 4596 αὐτῷ
624 4527 653 4578 6
693 4525 900 4597 Ἰησοῦς
919 4541 932 4558 ο
971 4502 1114 4596 Ἀρα
1137 4542 1202 4594 γε
1240 4502 1670 4597 ὲλεύθεροίείσιν
1696 4523 1746 4577 οί
1775 4524 1902 4578 υἱοί.
1930 4543 1948 4576 ι

2056 4512 2310 4577 liberum,
2367 4511 2469 4566 hoc
2523 4518 2604 4564 est
2639 4523 2669 4560 a
2720 4507 2856 4575 legis
2897 4503 3111 4558 vinculo
3165 4502 3458 4570 tribulique
3503 4515 3636 4569 pen-

371 4618 498 4681 Πῶς
532 4591 814 4688 ἐλεύθερον
854 4591 1059 4670 ἑαυτὸν⁷
1075 4591 1212 4670 εἷναί
1260 4591 1438 4686 φησι,
1465 4616 1560 4669 καὶ
1603 4612 1708 4680 ἔξω
1753 4614 1944 4686 νόμου,

2058 4607 2212 4660 sione
2241 4604 2556 4665 immunem,
2586 4614 2797 4654 necnon
2831 4611 3013 4650 verum
3044 4594 3236 4648 Filium
3271 4607 3331 4647 se
3353 4591 3629 4660 praadicat,

370 4709 468 4762 καὶ
495 4685 782 4778 ἀσυντελῆ,
831 4709 926 4762 καὶ
960 4707 1088 4761 Υἱὸν
1133 4706 1369 4776 ἀληθῶς,
1421 4706 1469 4758 εἰ
1516 4705 1590 4776 μὴ
1619 4704 1751 4768 Θεός
1780 4685 1947 4770 ἐστιν,

2061 4699 2106 4752 si
2140 4697 2322 4751 carnis
2347 4706 2398 4749 et
2421 4693 2703 4762 sanguinis
2743 4692 3040 4745 secundum
3067 4685 3458 4757 hypostatieam
3485 4685 3635 4738 unio-

371 4800 563 4854 ἑνώσει
592 4804 659 4872 τῇ
687 4800 808 4854 καθ’
839 4799 1135 4853 ὑπόστασιν
1156 4799 1356 4869 σαρκὸς
1389 4797 1484 4850 καὶ
1513 4797 1744 4866 αἵματος
1770 4811 1948 4848 κεκοι-

2061 4805 2182 4844 nem
2214 4790 2483 4856 particeps
2511 4784 2757 4850 effectus,
2791 4797 2896 4836 non
2929 4790 3013 4836 est
3061 4779 3240 4834 Deus?
3270 4781 3340 4832 At
3384 4777 3636 4845 dependit

369 4869 663 4964 νωνηκώςξ
695 4892 1048 4946 Συντετέλεκε
1079 4891 1136 4944 δὲ
1160 4891 1221 4944 τὸ
1252 4891 1566 4962 δίδραχμον,
1611 4888 1687 4953 ὡς
1714 4886 1948 4956 γεγονὼς

2060 4880 2411 4935 ῐιίιιὶιοιιλιίηυε
2461 4875 2774 4930 didrachma
2845 4884 3102 4942 tanquam
3169 4871 3270 4940 legi
3334 4869 3631 4933 obnoxius,

372 4983 479 5037 ὑπὸ
503 4961 674 5053 ’νόμον
702 4985 730 5035 6
757 4983 896 5053 ὑπὲρ
925 4981 1087 5050 νόμον
1115 4979 1261 5043 Υἱός.
1294 4961 1612 5048 Ἀνθρωπος
1637 4976 1693 5029 δὲ
1717 4975 1813 5040 ὢν,
1857 4977 1948 5044 οὐκ

2061 4987 2183 5027 cum
2221 4981 2398 5024 tamen
2432 4978 2489 5022 ιιι
2516 4968 2682 5022 Filius
2707 4967 2821 5036 lege
2849 4965 3019 5032 major
3049 4971 3212 5018 esset.
3257 4961 3453 5016 Verum
3485 4961 3528 5016 si
3565 4961 3638 5014 sit-

377 5073 514 5145 ὑπὲρ
539 5073 700 5142 νόμον
721 5075 921 5125 νοεῖται
955 5088 969 5102 ο
999 5071 1117 5135 πῶς
1139 5071 1282 5140 γάρ;
1311 5068 1419 5121 οὐδ’
1446 5067 1512 5122 ἂν
1541 5068 1653 5139 έχοι
1681 5068 1822 5120 κατὰ
1850 5067 1948 5135 φύ-

2059 5065 2244 5127 homo,
2279 5077 2384 5116 non
2419 5069 2504 5114 est
2533 5074 2696 5128 supra
2731 5059 2922 5127 legem.
2951 5054 3121 5111 Nemo
3155 5055 3297 5110 enim
3331 5053 3630 5107 naturalem

373 5179 460 5216 σιν
482 5141 567 5214 ’τὸ
596 5141 899 5232 ἐλεύθερον,
943 5163 990 5215 εἰ
1027 5160 1102 5232 μὴ
1130 5162 1330 5213 νοεῖται
1361 5158 1494 5222 Θεὸς
1522 5158 1580 5210 ὲν
1623 5156 1947 5226 ἀνθρωπεία

2059 5155 2362 5208 libertatem
2395 5151 2467 5206 illi
2505 5151 2723 5215 tribuet,
2755 5150 2860 5203 nisi
2893 5157 2951 5202 ut
2995 5147 3162 5202 Deum
3190 5146 3424 5200 humana
3461 5141 3650 5203 fortuna

377 5255 584 5324 μορφῇ-

2059 5245 2305 5300 indntum
2332 5244 2516 5298 animo
2546 5243 2794 5297 eumdem
2826 5239 3116 5308 concipiat.
3446 5258 3447 5261 η

459 5343 861 5407 Ἀναὸαίνοντος
886 5345 944 5397 ὲν
982 5341 1375 5413 Ἱεροσολύμοις
1419 5337 1513 5392 τοῦ
1545 5337 1763 5392 πάντων
1789 5335 1948 5407 ἡμῶν

2129 5335 2352 5390 Christo
2393 5330 2633 5390 omni'utn
2698 5342 2938 5389 nostrum
2990 5330 3271 5383 Salvatore
3320 5324 3638 5381 Ilierosolv-

378 5436 628 5508 Σωτῆρος
653 5434 914 5507 Χριστοῦ,
947 5434 1135 5498 παῖδες
1164 5430 1539 5506 προεϐάδιζον,
1582 5426 1948 5499 εὐφημοῦντες

2064 5440 2204 5479 mam
2237 5427 2584 5490 ascendente,
2609 5424 2760 5493 pueri
2793 5425 3113 5491 praeeuntes,
3135 5415 3458 5484 laudumque
3490 5427 3634 5482 pra:-

457 5593 504 5625 "
537 5590 731 5644 Matth.
763 5604 884 5652 xm,
927 5587 1122 5642 40-42.
1199 5587 1244 5619 "
1277 5584 1422 5642 Psal.
1454 5599 1544 5648 cn,
1587 5581 1677 5636 20.
1760 5575 1948 5635 ’Mattl

2053 5593 2128 5644 vr,
2162 5577 2353 5630 15-17.
2431 5578 2452 5607 ⁸
2487 5575 2616 5631 ibid.
2644 5575 2732 5628 27.
2781 5530 2830 5604 l3
2857 5571 3047 5634 Matth,
3081 5584 3207 5635 xvn,
3237 5567 3444 5623 25-25..

1438 5739 1612 5818 Varia:
1640 5737 1900 5793 lectiones
1931 5735 2131 5791 codicis
2168 5733 2528 5803 chnicriani.

460 5887 477 5926 ί
508 5887 562 5940 δὲ
586 5886 784 5941 αὐτῶν.
