4060 6422
456 458 591 516 1267

1442 460 1501 515 S.
1542 460 1815 517 CYRILLI
1852 458 2316 517 ALEXANDRINI
2364 457 2681 516 ARCHIEP.

3570 463 3595 517 l
3604 462 3706 520 268

451 579 605 635 conia
656 575 1069 647 depromentes,
1102 576 1212 647 33
1259 594 1278 629 ι
1308 574 1560 632 "osanna
1589 578 1699 634 lilio
1748 577 1941 641 David,
1992 598 1998 628 ι

2118 594 2176 630 τε
2195 577 2287 631 καὶ
2313 576 2590 644 λέγοντεςο
2611 592 2628 627 ι
2657 547 2885 627 Ὡσαννὰ
2905 572 2983 644 τῷ
3011 574 3112 644 υἱῷ
3129 574 3312 630 Δαυτδ.
3349 596 3367 630 ι
3384 576 3705 651 Θεοπρεπὴς

448 668 811 723 clamabant‘.
878 666 949 722 At
989 668 1104 724 haec
1179 668 1499 723 acclamatio
1547 670 1599 724 in
1641 669 1813 725 solum
1849 670 2016 725 Deum

448 761 698 827 quadrat.
759 758 1078 828 «indignati
1130 769 1307 815 autem
1363 761 1617 816 Pharisaei
1674 762 1730 816 in
1779 762 2014 818 medium

447 849 1095 916 prorumpunt:Audis,
1146 850 1420 919 inquiunt,
1470 853 1600 920 quid
1649 853 1737 908 isti
1794 854 2018 907 dicunt?

443 936 604 991 Jesus
634 949 811 992 autem
859 940 1000 993 dixit
1047 940 1169 995 eis:
1207 940 1422 1010 Utique.
1459 940 1746 1014 Nunquam
1783 944 2016 1014 legistis,

442 1029 568 1097 quia
598 1029 675 1082 Ex
704 1044 798 1084 ore
835 1030 1119 1085 infantium
1158 1041 1213 1085 et
1237 1032 1552 1087 lactentium
1592 1034 1867 1103 perfecisti
1905 1033 2018 1087 lau-

443 1117 564 1171 dem
588 1118 651 1172 ³ἳ
678 1137 698 1171 ι
725 1118 832 1173 Sed
858 1121 1074 1175 beatum
1113 1120 1280 1176 David
1323 1122 1427 1177 hoc
1458 1123 1579 1178 lo'eo
1610 1124 1801 1179 audire
1839 1138 2017 1194 opera

443 1207 674 1274 pretium
695 1218 815 1274 est;
855 1209 1125 1264 aitautcm
1159 1228 1172 1264 :
1207 1229 1226 1263 ι
1252 1212 1480 1269 Domine
1506 1212 1763 1269 Dominus
1809 1222 2016 1277 noster,

442 1312 602 1367 quam
627 1299 943 1354 admirabile
964 1310 1047 1357 est
1065 1316 1263 1357 nomen
1289 1312 1439 1375 tuum
1472 1304 1523 1359 in
1549 1305 1799 1361 universa
1825 1314 1969 1359 terra
1998 1309 2013 1363 l

448 1390 719 1456 Quoniam
744 1391 957 1446 elevata
990 1402 1074 1447 est
1097 1394 1498 1464 magniﬁcentia
1533 1405 1620 1449 tua
1646 1411 1807 1465 super
1825 1398 2015 1471 ccelos.

439 1480 519 1534 Ex
542 1495 637 1536 ore
663 1480 948 1538 infantium
972 1492 1028 1539 et
1048 1484 1366 1542 lactentium
1387 1486 1665 1556 perfecisti
1685 1490 1897 1545 laudem
1918 1491 1961 1545 ⁸.
1987 1510 2007 1545 ι

436 1567 599 1625 Pueri
657 1587 891 1642 namque
943 1588 1135 1644 magna
1187 1575 1551 1634 exsultatione
1607 1579 2011 1648 acclamantes,

438 1660 678 1725 aiebant,
745 1680 765 1714 ι
816 1661 1068 1720 Hosanua
1120 1665 1230 1722 lilio
1268 1665 1458 1723 David.
1492 1688 1514 1723 ι
1563 1669 1614 1726 Is
1656 1686 1817 1741 porro
1863 1672 2017 1743 cujus

438 1752 675 1823 elogium
707 1753 1087 1823 decantabant,
1111 1758 1374 1825 ejusmodi
1406 1759 1617 1814 laudem
1654 1769 1708 1815 et
1747 1763 2014 1817 acclama-

442 1847 645 1901 tionem
675 1849 990 1917 neutiquam
1029 1850 1369 1919 repudiabat.
1422 1851 1585 1921 Atqui
1618 1854 1808 1908 beatus
1848 1854 2013 1908 David

2117 667 2173 722 δὲ
2193 668 2409 731 πάντως
2426 667 2571 719 ἐστὶν
2602 663 2951 735 ήδοξολογία.
2985 683 3005 717 ι
3040 665 3456 737 Ἦγανάκτησαν
3472 669 3521 719 of.
3538 668 3691 737 Φαρι.

2119 761 2278 822 σαῖοι,
2299 759 2394 812 καὶ
2408 757 2472 828 δὴ
2495 757 2591 811 καὶ
2613 756 2943 827 προσῄεσαν,
2960 755 3229 825 λέγοντες·
3262 757 3505 821 Ἀκούεις
3541 759 3594 811 τί
3617 753 3694 812 οὗ·

2116 869 2199 905 τοι
2224 850 2507 918 λέγουσιν;
2545 850 2601 904 '0
2622 848 2677 901 δὲ
2715 848 2921 919 Ἰησοῦς
2944 843 3096 903 εἶπεν
3123 850 3304 913 αὐτοῖς
3327 867 3342 882 ο
3382 851 3508 906 Ναί.
3548 852 3713 905 Οὐδέν

2119 956 2247 996 ποτε
2270 941 2652 1010 ἀνέγνωτε,ὂτι
2692 939 2786 993 Ἐκ
2805 940 3068 1010 στόματος
3096 942 3305 1013 νηπίων
3321 945 3415 997 καὶ
3440 944 3673 1014 θηλαζόν
3691 977 3706 987 ο

2116 1051 2223 1088 των
2244 1032 2559 1103 κατηρτίσω
2591 1028 2769 1099 αῐνον;
2808 1050 2828 1084 ι
2878 1032 3200 1102 Ἀναγκαῖον
3239 1036 3297 1088 ὲν
3326 1036 3537 1099 τούτοις
3584 1036 3695 1089 δια-

2121 1126 2488 1197 μνημονεῦσαι
2528 1125 2623 1178 τοῦ
2651 1125 2921 1196 μακαρίου
2936 1126 3099 1179 Δαυῒδ
3120 1127 3403 1194 λέγοντος·
3437 1147 3457 1179 ‹
3496 1129 3694 1198 Κύριε,

2117 1218 2145 1271 6
2167 1215 2370 1287 Κύριος
2400 1214 2578 1285 ἡμῶν,
2605 1215 2681 1278 ὡς
2720 1214 3031 1285 θαυμαστὸν
3064 1216 3123 1269 τὸ
3157 1217 3328 1286 ὄνομά
3350 1236 3444 1271 σου
3470 1220 3527 1271 ὲν
3549 1221 3698 1291 πάσῃ

2116 1310 2180 1379 τῇ
2211 1309 2281 1377 γῇ
2310 1308 2323 1360 !
2356 1306 2480 1358 Ὅτι
2521 1304 2733 1376 ἐπήρθη
2758 1307 2791 1375 ἡ
2830 1306 3279 1376 μεγαλοπρέπεια
3315 1326 3408 1362 σου
3441 1310 3703 1381 ὑπεράνω

2114 1397 2223 1451 τῶν
2261 1395 2526 1470 οὐρανῶν.
2573 1397 2667 1449 Ἐκ
2698 1398 2965 1466 στόματος
2994 1398 3203 1467 νηπίων
3235 1400 3328 1453 καὶ
3357 1400 3699 1470 θηλαζόντων

2116 1466 2432 1560 κατηρτίσω
2458 1482 2628 1542 αἶνον.
2670 1504 2688 1539 ι
2725 1490 2787 1541 Oi
2839 1488 2938 1557 μὲν
2963 1488 3074 1559 γὰρ
3112 1489 3298 1554 παῖδες
3324 1466 3691 1563 εὐιρημοῦντες

2114 1581 2323 1650 ἔλεγον·
2359 1597 2381 1632 ι
2443 1579 2672 1634 Ὢσαννέι
2698 1579 2776 1651 τῷ
2804 1580 2905 1650 υίῷ
2935 1581 3122 1635 Δαυῖδ.
3173 1602 3192 1634 t
3228 1584 3591 1654 Καταδέχεται
3632 1585 3692 1638 δὲ

2113 1672 2211 1742 τὴν
2254 1671 2564 1740 δοξολογίαν
2610 1671 3044 1741 εὐφημούμενος.
3103 1674 3163 1726 Ὀ
3206 1674 3263 1727 δέ
3312 1690 3376 1742 γε
3425 1675 3691 1747 μακάριος

2114 1762 2275 1817 Δαυτδ
2302 1763 2403 1816 οὐκ
2424 1760 2696 1833 ἀνθρώπῳ
2716 1762 2921 1832 ταύτην
2945 1764 3261 1817 ἀνατέθεικε
3291 1765 3477 1836 κοινῷ,
3500 1767 3691 1838 Κυρίῳ

2112 1854 2169 1907 δὲ
2202 1852 2427 1924 μᾶλλον,
2464 1847 2525 1906 οὗ
2555 1853 2650 1906 καὶ
2679 1851 2990 1922 θαυμαστὸν
3018 1853 3080 1906 τὸ
3125 1854 3298 1923 ὄνομα
3344 1857 3401 1907 ὲν
3448 1856 3595 1927 πάσῃ
3623 1861 3689 1929 τῇ

434 1952 552 1993 eam
608 1940 1056 1996 acclamationem
1116 1957 1224 1997 non
1272 1944 1543 1998 communi
1585 1944 1748 2001 alicui
1799 1946 1998 2001 homini

2106 1947 2205 2014 γῇ·
2234 1943 2446 2014 ἐπήρθη
2480 1943 2589 2013 γὰρ
2630 1944 2664 2012 ἡ
2709 1944 3153 2014 μεγαλοπρέπεια
3186 1942 3400 2016 [αὑτοῦ]
3431 1946 3690 2017 ὑπεράνω

434 2030 730 2099 tribuebat,
767 2034 861 2088 sed
888 2033 1129 2089 omnium
1170 2034 1438 2092 Domino:
1476 2036 1620 2091 illius
1648 2038 1791 2092 enim
1837 2037 2007 2093 solius

434 2136 629 2178 nomen
666 2123 923 2180 universa
960 2134 1104 2182 terra
1156 2126 1477 2196 demiratur,
1509 2128 1863 2199 ejusdemque
1894 2143 2006 2184 ma-

2112 2036 2219 2090 τῶν
2244 2035 2508 2106 οὐρανῶν.
2533 2031 2684 2100 Εἶτα,
2708 2034 2825 2098 πῶς
2846 2034 2907 2089 οὐ
2926 2034 3058 2099 Θεὸς
3080 2038 3109 2089 6
3134 2035 3263 2099 Υίδς
3282 2035 3441 2091 Δαυῒδ
3464 2038 3525 2091 τὺ
3548 2038 3689 2092 κατὰ

2116 2127 2296 2198 σάρκα
2325 2125 2554 2197 Χριστός
2573 2143 2590 2193 ;

432 2217 741 2289 gniﬁcentia
791 2235 954 2291 super
1000 2236 1190 2278 omnes
1239 2224 1407 2279 caelos
1452 2224 1677 2280 tollitur.
1707 2225 2003 2293 §Quomodo
2038 2236 2168 2293 ergo
2201 2222 2451 2278 Christus
2524 2219 2743 2275 Davidis
2802 2218 3098 2275 secundum
3136 2234 3358 2278 carnem
3378 2220 3540 2291 'blius
3577 2237 3687 2278 non

432 2323 516 2369 est
551 2315 734 2373 Deus?

516 2453 534 2486 ι
561 2431 697 2489 Cum
724 2443 904 2489 autem
934 2438 1145 2491 venerit
1177 2436 1346 2492 Filius
1370 2437 1607 2494 hominis
1637 2440 1690 2492 in
1717 2438 2000 2507 majestate

435 2538 550 2590 sua,
592 2535 647 2579 et
677 2541 867 2581 omnes
911 2528 1084 2597 angeli
1121 2543 1242 2582 cum
1286 2544 1379 2593 eo,
1439 2540 1563 2583 tunc
1597 2529 1806 2584 sedebit
1839 2542 2003 2598 super

429 2615 614 2670 sedem
645 2614 947 2683 majestatis
970 2617 1135 2672 sme".
1170 2637 1189 2669 ι
1218 2618 1469 2687 Nunquid
1490 2619 1741 2673 Christus
1763 2627 1820 2673 ut
1841 2618 2002 2673 homo

428 2706 696 2776 quispiam
731 2709 903 2761 nostri
936 2708 1129 2764 similis
1154 2726 1250 2779 pro
1275 2711 1528 2765 tribunali
1559 2710 1789 2777 sedebit,
1817 2720 2002 2765 astan-

430 2798 681 2867 tibusque
728 2798 981 2855 omnibus
1011 2803 1370 2871 undequaque
1402 2802 1499 2870 ipsi
1543 2802 1771 2872 angelis,
1813 2801 1999 2856 orbem

418 2888 724 2958 judicahit?
758 2889 858 2956 Qui
904 2886 1351 2959 istudfobsccro,
1400 2895 1597 2947 rationi
1640 2903 1725 2948 est
1772 2908 2001 2949 consen-

426 2979 687 3035 laneum?
739 2981 933 3035 Annon
968 2982 1228 3051 scriptum
1273 2992 1393 3038 est:
1431 3002 1447 3032 ι
1478 2983 1631 3039 Unus
1664 2993 1746 3039 est
1776 2984 1996 3051 legisla-

425 3077 531 3135 tor,
557 3070 795 3139 etjudex
818 3072 879 3125 "t‘
911 3092 929 3124 ι
975 3073 1112 3128 Deus
1145 3073 1309 3144 igitur
1330 3085 1415 3128 est
1443 3075 1716 3141 Christus,
1753 3076 1846 3145 qui
1877 3076 1991 3143 pari

2182 2455 2201 2488 ι
2227 2435 2398 2489 Ὅταν
2424 2433 2553 2505 ἔλθῃ
2569 2432 2739 2496 όΥίδς
2762 2431 2854 2486 τοῦ
2882 2430 3170 2504 ἀνθρώπου
3196 2432 3253 2485 ἐν
3267 2433 3331 2503 τῇ
3349 2431 3472 2504 δόξῃ
3497 2434 3683 2503 αὐτοῦ,

2107 2527 2201 2580 καὶ
2242 2514 2443 2589 πάντες
2483 2528 2532 2578 οἱ
2564 2524 2785 2593 ἄγγελοι
2833 2524 2948 2594 μετ’
2979 2524 3165 2590 αὐτοῦ,
3196 2525 3316 2578 τότε
3351 2526 3564 2579 καθίσει
3591 2530 3684 2580 ἐπὶ

2109 2617 2294 2689 θρόνον
2321 2616 2481 2686 δόξης
2531 2614 2717 2669 αὑτοῦ.
2757 2634 2777 2667 ι
2822 2611 2970 2686 *Δρα
3010 2615 3083 2679 ὡς
3129 2614 3410 2684 ἄνθρωπος
3455 2610 3535 2680 εἷς
3576 2617 3688 2670 τῶν

2109 2708 2231 2762 καθ’
2258 2710 2407 2779 ἡμᾶς
2453 2707 2760 2761 καθεδεῖται
2791 2708 3043 2776 Χριστὸς,
3082 2708 3504 2777 παρεστηκότων
3536 2708 3687 2780 αὐτῷ

2106 2801 2325 2853 πάντων
2372 2799 2484 2853 τῶν
2515 2798 2781 2867 ἀγγέλων,
2814 2796 2958 2850 οῦτω
2998 2815 3059 2851 τε
3089 2802 3265 2868 κρινεῖ
3310 2800 3404 2852 τὸν
3444 2801 3684 2870 κόσμον;

2103 2888 2258 2956 Εἶτα,
2308 2892 2461 2944 ποῖον
2491 2889 2603 2961 ἔχει
2651 2889 2809 2943 τοῦτο
2855 2889 3045 2958 λόγονς
3094 2889 3404 2962 Γέγραπται
3438 2890 3570 2962 γὰρ,
3599 2892 3684 2944 ὅτι

2110 2997 2130 3032 ι
2157 2976 2252 3044 Εἷς
2288 2982 2434 3034 ἐστιν
2457 2981 2485 3032 6
2506 2979 2804 3049 νομοθέτης
2830 2979 2925 3032 καὶ
2952 2979 3166 3050 κριτής.
3206 2999 3225 3032 ι
3261 2980 3393 3044 Θεὸς
3419 2977 3512 3033 οὖν
3570 2981 3682 3050 ἄρα.

2100 3072 2353 3139 Χριστὸς,
2368 3072 2396 3123 6
2418 3072 2475 3122 ἐν
2490 3069 2615 3140 δόξῃ
2632 3068 2788 3135 Θεοῦ,
2806 3068 2898 3122 καὶ
2915 3068 3101 3138 θρόνον
3126 3068 3283 3139 ἔχων,
3303 3071 3395 3123 καὶ
3410 3071 3685 3141 παρεστῶ-

421 3178 545 3217 eum
594 3163 704 3218 Deo
758 3162 929 3234 gloria
976 3163 1207 3231 pollens,
1257 3164 1990 3234 thronumquejudiciarium

2102 3179 2197 3224 τας
2230 3161 2515 3230 ἀγγέλους,
2545 3161 2641 3215 καὶ
2682 3161 2883 3232 κρίνων
2908 3161 3006 3233 τὴν
3037 3161 3363 3233 οίκουμένην
3388 3163 3446 3217 ὲν
3471 3164 3678 3217 δικαιο-

420 3255 699 3322 obtinens,
757 3269 822 3309 ac
871 3254 1092 3329 angelos
1136 3256 1562 3326 circumquaque
1612 3264 1853 3310 astantes
1899 3255 1997 3310 ha-

421 3347 576 3412 bens,
608 3346 660 3400 in
686 3345 898 3416 iustitia
924 3358 1194 3402 terrarum
1220 3349 1407 3403 orbem
1436 3346 1719 3416 judicabit.

496 3477 516 3511 ι
549 3458 613 3514 Et
662 3458 916 3529 princeps
940 3460 1286 3515 sacerdotum
1337 3461 1411 3515 ait
1437 3461 1510 3515 illi
1544 3478 1558 3516 :
1589 3461 1793 3530 Adjuro
1821 3469 1873 3516 te
1900 3476 1999 3527 per

419 3550 592 3607 Deum
622 3552 830 3618 vivum,
861 3561 921 3607 ut
956 3552 1103 3607 dicas
1127 3552 1306 3618 nobis,
1335 3552 1380 3606 si
1435 3562 1489 3605 tu
1531 3567 1593 3607 es
1626 3550 1876 3607 Christus
1905 3550 1997 3605 Fi-

421 3644 527 3697 lius
557 3642 654 3697 Dei
694 3643 823 3697 vivi.
871 3642 1011 3697 Dicit
1063 3642 1137 3697 illi
1180 3642 1339 3698 Jesus
1369 3642 1488 3698 :Tu
1533 3643 1751 3711 dixisti;
1778 3658 1999 3698 verum.

421 3744 605 3789 tamen
631 3734 754 3788 dico
804 3734 976 3797 vobis,
1006 3734 1202 3787 amodo
1228 3733 1481 3789 videbitis
1512 3732 1709 3789 Filium
1760 3733 1996 3789 hominis

419 3826 694 3880 sedentem
731 3840 760 3880 a
795 3826 1001 3881 dextris
1052 3825 1271 3879 virtutis
1312 3825 1431 3889 Dei,
1486 3835 1541 3881 et
1597 3825 1904 3881 venientem
1938 3827 1992 3881 in

420 3915 651 3971 nubibus
683 3916 805 3970 coeli
833 3917 878 3971 ’.
907 3933 928 3968 ›
969 3915 1246 3983 Quomodo
1276 3915 1444 3971 Filius
1484 3916 1996 3974 hominisadextris

416 4008 635 4063 virtutis
686 4006 780 4063 Dei
833 4007 1023 4064 sedet?
1062 4007 1289 4062 Planum
1354 4018 1437 4064 est
1482 4007 1577 4064 Dei
1625 4009 1859 4065 Verbum
1918 4011 1995 4066 ita

417 4098 619 4153 factum
650 4113 773 4155 esse
818 4099 1055 4154 hominis
1111 4098 1331 4164 Filium,
1363 4108 1423 4153 ut
1469 4109 1649 4155 tamen
1689 4100 1830 4156 Deus
1873 4116 1994 4157 esse

424 4203 530 4243 non
588 4188 811 4244 desierit
844 4208 858 4244 :
891 4190 1091 4244 mansit
1133 4190 1280 4244 enim
1315 4190 1457 4257 quod
1495 4200 1637 4245 erat.
1664 4188 1778 4245 Hac
1831 4192 1995 4261 igitur

427 4280 632 4336 ratione
651 4282 930 4350 generanti
966 4280 1186 4345 assidet,
1214 4290 1270 4333 et
1303 4281 1354 4334 iu
1399 4280 1703 4336 divinitatis
1733 4282 1905 4352 gloria
1939 4292 1995 4340 et

412 4367 703 4438 majestate
732 4370 1091 4440 conspicuum
1125 4369 1392 4435 cernitur,
1423 4369 1590 4424 etiam
1617 4370 1661 4425 si
1691 4369 1892 4427 factum
1924 4374 1993 4428 sit

411 4473 563 4515 caro.

486 4588 507 4623 ι
543 4569 702 4627 Jesus
725 4577 903 4626 autem
932 4570 1174 4626 clamans
1208 4585 1340 4627 voce
1393 4587 1607 4642 magna,
1641 4573 1823 4628 emisit
1866 4574 1981 4642 spi-

409 4663 597 4717 ritum.
632 4662 698 4718 Et
723 4677 851 4719 ecce
884 4662 1064 4718 velum
1121 4665 1304 4735 templi
1350 4665 1582 4720 scissum
1630 4676 1710 4721 est
1762 4668 1814 4722 in
1852 4668 1986 4723 duas

409 4761 614 4821 partes,
637 4767 668 4807 a
691 4767 906 4809 summo
935 4769 1104 4823 usque
1134 4755 1419 4823 deorsum;
1442 4766 1496 4811 et
1529 4767 1675 4812 terra
1699 4768 1843 4812 mota
1876 4768 1983 4823 est,

408 4850 466 4896 et
494 4849 661 4909 petrae
691 4843 878 4897 scissa:
910 4853 1073 4909 sunt;
1102 4852 1155 4898 et
1186 4856 1531 4901 monumenta
1591 4857 1777 4917 aperta
1831 4857 1981 4911 sunt,

409 4938 466 4985 et
499 4929 665 4984 multa
705 4945 933 5001 corpora
987 4943 1296 4989 sanctorum
1331 4937 1421 5005 qui
1473 4938 1829 5004 dormierant,
1857 4954 1980 4993 sur-

408 5026 669 5075 rexerunt
696 5020 763 5075 ¹⁶.
798 5039 818 5072 ι
848 5021 961 5093 84
980 5023 1036 5076 Si
1059 5023 1310 5081 Christus
1336 5029 1637 5083 communis
1659 5039 1775 5082 erat
1802 5030 1981 5094 homo,

403 5129 502 5170 cur
554 5111 650 5166 illo
707 5113 946 5166 animum
1002 5116 1336 5183 exsitiraule,
1390 5117 1444 5171 in
1504 5118 1637 5187 ipsis
1697 5119 1986 5174 elementis

400 5212 555 5259 tanta
587 5204 786 5258 accidit
807 5206 1189 5261 conturbatio?
1212 5206 1304 5275 Sol
1323 5208 1491 5273 enim,
1515 5211 1768 5266 retractis
1792 5211 1980 5277 radiis,

396 5296 502 5350 diei
541 5294 795 5350 tenebras
822 5294 1012 5351 otl‘udit
1048 5314 1062 5350 :
1102 5307 1244 5352 terra
1268 5299 1334 5352 ad
1369 5299 1483 5353 haec
1514 5299 1797 5356 Dominum
1820 5318 1976 5358 suum

396 5387 710 5441 intimorum
742 5388 1095 5444 contumeliis
1133 5389 1506 5459 indignissime
1551 5390 1803 5446 aﬂectum
1848 5410 1976 5449 con-

394 5474 634 5542 spicata,
667 5476 911 5547 disrupta
943 5488 1058 5545 est;
1090 5488 1144 5533 et
1176 5479 1294 5548 ipse
1327 5481 1543 5534 tandem
1577 5480 1820 5537 infernus
1843 5499 1975 5538 san-

393 5574 611 5621 ctorum
665 5568 877 5623 animas
929 5569 1152 5625 dimisit.
1185 5568 1251 5624 Et
1284 5571 1570 5643 cujusnam
1618 5582 1753 5627 nutu
1786 5574 1969 5628 omnia

2101 3250 2257 3324 σύνῃ.

2176 3469 2194 3502 ι
2226 3450 2336 3504 Καὶ
2355 3452 2383 3505 6
2405 3452 2714 3525 ἀρχιερεὺς,
2741 3453 2928 3523 φησιν,
2955 3445 3109 3507 εἶπεν
3133 3453 3281 3523 αὐτῷ
3300 3472 3314 3486 ·
3349 3453 3586 3527 Ὁρκίζω
3612 3473 3674 3510 σε

2098 3544 2239 3598 κατὰ
2268 3544 2362 3597 τοῦ
2399 3544 2533 3597 Θεοῦ
2558 3544 2653 3599 τοῦ
2696 3543 2917 3609 ζῶντος,
2950 3544 3036 3599 ἵνα
3067 3546 3200 3614 ἡμῖν
3233 3544 3414 3616 εἴπῃς,
3448 3547 3495 3599 εἰ
3528 3547 3589 3600 σὺ
3618 3541 3673 3598 εἷ

2096 3634 2125 3686 6
2157 3633 2389 3705 Χριστὸς
2409 3636 2435 3687 6
2468 3634 2593 3696 Υίδς
2630 3633 2726 3687 τοῦ
2748 3633 2885 3687 Θεοῦ
2919 3634 3014 3687 τοῦ
3046 3634 3272 3698 ζῶντος.
3296 3636 3459 3707 Λέγει
3488 3635 3636 3706 αὐτῷ
3659 3654 3679 3668 ⁸

2097 3726 2169 3778 Σὺ
2209 3721 2391 3787 εἶπας·
2425 3725 2575 3794 Πλὴν
2602 3725 2745 3793 λέγω
2784 3727 2933 3796 ὑμῖν,
2964 3726 3169 3796 ἀπάρτι
3206 3727 3403 3797 ὄψεσθε
3432 3728 3522 3781 τὸν
3547 3729 3679 3783 Υίὸν

2095 3814 2189 3869 τοῦ
2225 3814 2515 3885 ἀνθρώπου
2545 3814 2853 3887 καθήμενον
2900 3817 2964 3869 ὲκ
2994 3815 3182 3882 δεξιῶν
3230 3818 3328 3887 τῆς
3369 3818 3673 3888 δυνάμεως,

2097 3904 2191 3960 καὶ
2217 3904 2515 3977 ἐρχόμενον
2557 3906 2651 3959 ἐπὶ
2682 3906 2792 3960 τῶν
2818 3907 3056 3976 νεφελῶν
3083 3906 3177 3961 τοῦ
3207 3908 3460 3979 οὐρανοῦ.
3499 3928 3516 3960 ι
3552 3909 3677 3974 Πῶς

2095 4001 2124 4054 6
2147 3999 2275 4063 Υίὸς
2301 3998 2397 4052 τοῦ
2428 3998 2718 4072 ἀνθρώπου
2749 4000 2983 4070 κάθηται
3038 4002 3102 4055 ὲκ
3144 4001 3335 4068 δεξιῶν
3379 4002 3479 4072 τῆς
3516 4001 3679 4057 δυνά-

2101 4109 2274 4163 μεως;
2327 4090 2465 4145 Ἀλλ’
2496 4091 2610 4145 ἔστι
2641 4091 2824 4160 δῆλον,
2854 4091 2933 4145 ὅτι
2966 4092 3068 4146 κᾶν
3098 4094 3145 4145 εί
3175 4092 3399 4162 γέγονεν
3428 4093 3554 4156 Υίὸς
3578 4094 3674 4146 τοῦ

2095 4183 2383 4255 ἀνθρώπου
2436 4185 2465 4236 6
2512 4185 2575 4237 ὲκ
2617 4182 2753 4236 Θεοῦ
2792 4183 2986 4252 Λόγος,
3013 4183 3073 4238 οὐ
3108 4184 3382 4237 πέπαυται
3410 4183 3506 4237 τοῦ
3535 4180 3675 4238 εἶναι

2094 4278 2248 4341 Θεὸς,
2294 4277 2589 4335 muth
2630 4276 2659 4329 ὃ
2704 4272 2802 4347 ἦν’
2832 4276 3088 4349 ταύτητοι
3116 4277 3211 4330 καὶ
3255 4270 3565 4347 συνεδρεύει
3594 4277 3677 4346 τῷ

2094 4367 2346 4436 φύσαντι,
2375 4367 2469 4419 καὶ
2492 4367 2549 4419 ὲν
2577 4368 2691 4429 τοῖς
2720 4366 2819 4437 τῆς
2848 4365 3099 4435 θεότητος
3128 4365 3430 4438 ἀξιώμασιν
3461 4367 3671 4438 ἐμπρέ-

2096 4475 2213 4512 πων
2240 4458 2455 4529 ὁρᾶται,
2484 4457 2587 4510 κᾶν
2612 4459 2661 4509 εί
2684 4456 2875 4527 γέγονε
2911 4457 3066 4527 σάρξ.

2114 4616 2117 4625 .
2172 4588 2191 4621 ι
2216 4569 2272 4623 Ὀ
2310 4567 2368 4621 δὲ
2404 4567 2612 4639 Ἰησοῦς
2664 4568 2873 4640 κράξας
2920 4569 3072 4640 φωνῇ
3122 4572 3354 4640 μεγάλῃ,
3387 4568 3565 4639 ἀφῆκε
3606 4569 3671 4621 τδ

2095 4660 2337 4732 πνεῦμα.
2368 4660 2479 4713 Καὶ
2520 4660 2628 4712 ἰδοὺ
2679 4660 2741 4713 τὸ
2793 4658 3193 4730 καταπέτασμα
3240 4659 3334 4713 τοῦ
3363 4660 3491 4714 ναοῦ
3518 4660 3663 4730 ὲσχί-
3776 4662 3791 4671 “

2094 4752 2193 4825 σθη
2232 4753 2312 4816 είς
2356 4752 2470 4817 δύο,
2502 4750 2712 4807 ἄνωθεν
2757 4752 2863 4816 ἕως
2910 4752 3089 4805 κάτω·
3118 4751 3211 4805 καὶ
3250 4755 3283 4821 ἡ
3322 4752 3391 4822 γῆ
3420 4752 3669 4823 ἐσείσθη,

2093 4844 2186 4897 καὶ
2216 4845 2270 4897 αί
2301 4844 2497 4916 πέτραι
2533 4842 2880 4914 ἐσχίσθησαν,
2918 4844 3011 4897 καὶ
3036 4842 3104 4896 τὰ
3136 4844 3378 4915 μνημεῖα
3398 4843 3666 4916 ἀνεῴχθη-

2094 4953 2212 5001 σαν,
2262 4937 2357 4990 καὶ
2403 4935 2574 4989 πολλὰ
2617 4934 2847 5006 σώματα
2896 4933 3004 4988 τῶν
3034 4933 3450 5005 κεκοιμημένων
3493 4934 3665 5002 ἁγίων

2084 5027 2409 5097 ἀνέστησαν.
2439 5045 2457 5078 ι
2493 5027 2555 5079 Ei
2581 5026 2757 5088 κοινὸς
2786 5024 3069 5095 ἄνθρωπος
3097 5021 3165 5095 ἦν
3192 5026 3217 5077 6
3246 5023 3500 5096 Χριστὸς,
3521 5023 3663 5087 πῶς,

2082 5117 2377 5181 τεθνεῶτος
2409 5116 2599 5183 αὐτοῦ,
2626 5112 2881 5180 τοσοῦτος
2927 5110 2994 5186 ἦν
3047 5117 3105 5167 ὲν
3157 5112 3268 5178 τοῖς
3321 5115 3605 5184 στοιχείοις
3635 5118 3664 5168 ὁ

2083 5209 2339 5280 θόρυϐοςς
2383 5210 2442 5261 '0
2470 5208 2567 5278 μὲν
2601 5208 2711 5280 γὰρ
2755 5208 2905 5276 ἥλιος
2945 5206 3043 5277 τὴν
3085 5209 3280 5269 ἀκτῖνα
3330 5205 3661 5270 συνέστειλε,

2083 5304 2175 5356 καὶ
2205 5304 2262 5355 ὲν
2297 5303 2478 5372 ἡμέρᾳ
2510 5301 2699 5364 σκότος
2732 5300 3028 5370 εἰργάσατο
3048 5314 3062 5328 ·
3100 5299 3132 5369 ἡ
3161 5297 3218 5351 δὲ
3250 5297 3317 5368 γῆ
3346 5297 3437 5350 τὸν
3462 5297 3663 5368 ἑαυτῆς

2089 5397 2151 5446 Δε
2162 5392 2364 5463 σπότην
2390 5392 2573 5464 ὁρῶσα
2596 5391 2701 5444 ὑπὸ
2721 5390 2827 5445 τῶν
2854 5388 3119 5444 Ἰουδαίων
3137 5389 3467 5459 ἐμπαροινού
3476 5406 3637 5459 μενον
3660 5436 3668 5449 ,

2085 5485 2364 5577 ἐσχίζετο·
2415 5485 2592 5554 ἀφῆκε
2620 5483 2675 5537 δὲ
2716 5485 2744 5537 6
2784 5483 2919 5554 ᾅδης
2963 5483 3061 5544 τὰς
3109 5482 3219 5536 τῶν
3259 5483 3430 5550 ἁγίων
3458 5482 3649 5552 ψυχάς

2084 5571 2241 5639 Τίνος
2266 5575 2438 5629 ταῦτα
2473 5575 2788 5640 ποιοῦντος;
2816 5571 2925 5646 ἄρα
2950 5576 3072 5645 οὐχὶ
3095 5574 3266 5644 Θεοῦ;
3303 5574 3434 5638 Θεὸς
3465 5575 3570 5645 γὰρ
3607 5573 3670 5647 ἦ»

474 5763 855 5841 fMa_tth._;.v_t_,
887 5768 945 5841 0.
1016 5768 1037 5798 ⁵
1068 5768 1195 5821 ibid.
1229 5769 1443 5841 £15,716.
1522 5771 1542 5803 ‘
1576 5771 1714 5827 Psal.
1754 5788 1874 5840 vm,
1904 5774 1938 5829 2
1973 5776 1998 5830 4

2103 5776 2122 5807 ⁷
2159 5774 2348 5829 Matth.
2385 5787 2508 5839 xxv,
2543 5772 2631 5827 5|.
2710 5774 2730 5805 ⁸
2771 5771 2886 5827 Jac.
2922 5788 2995 5841 tv,
3048 5773 3133 5828 M.
3226 5774 3246 5806 ⁹
3279 5773 3469 5829 Matth.
3516 5791 3661 5833 nu.

427 5834 515 5897 6'5.
552 5833 642 5887 64.
722 5837 761 5867 ¹⁰
800 5836 984 5890 Matth.
1023 5853 1194 5897 xxv".
1225 5839 1413 5893 50-52.
