4060 6440
352 452 374 502 1
388 449 492 504 269

1446 446 1538 502 DE
1576 445 1810 502 RECTA
1849 445 2009 502 FIDE
2050 444 2139 500 AD
2180 440 2505 499 llEGlNAS.

3465 440 3607 495 1270

343 562 405 618 ἐν
438 562 621 633 σαρκὶ,
651 555 695 629 ᾧ
729 563 821 618 καὶ
859 563 895 635 ἡ
936 563 1113 629 κτίσις
1161 561 1507 636 ὑὸριζομένῳ
1553 564 1754 637 τρόπον
1802 563 1927 618 τινὰ

2029 561 2143 617 htec
2175 560 2410 616 ﬁebant?
2439 571 2618 614 nonne
2648 556 2784 612 Dei?
2823 557 2964 613 Deus
2996 558 3139 611 enim
3170 566 3287 613 erat
3318 556 3371 613 in
3415 572 3603 626 carne,

347 653 737 724 συνωργίζετο.

558 938 657 992 Ἐκ
698 939 804 994 τοῦ
842 939 991 995 κατὰ
1031 939 1311 1011 Ἰωάννην
1346 944 1737 1014 Εὐαγτελίου.

426 1068 446 1102 σ
477 1048 648 1114 Αὐτὸς
674 1050 731 1105 δὲ
762 1054 790 1106 6
826 1051 1032 1123 Ἰησοῦς
1061 1054 1161 1107 οὑκ
1196 1054 1479 1109 ἐπίστευεν
1522 1055 1684 1109 αὑτὸν
1716 1057 1923 1119 αὑτοῖς,

347 1141 438 1196 διὰ
480 1144 544 1195 τὸ
588 1143 750 1197 αὑτὸν
782 1147 1072 1213 γινώσκειν
1118 1148 1329 1200 πάντα·
1361 1147 1456 1200 καὶ
1507 1148 1589 1200 ὅτι
1638 1147 1697 1201 οὑ
1738 1146 1926 1217 χρείαν

348 1228 518 1305 εἶχεν,
550 1234 636 1289 ἵνα
661 1253 746 1299 τις
774 1239 1099 1309 μαρτυρήσῃ
1132 1256 1197 1291 πε
1208 1242 1260 1309 ρί
1289 1238 1384 1292 τοῦ
1416 1237 1709 1310 ἀνθρώπου
1727 1256 1739 1269 ·
1763 1239 1927 1303 αὑτὸς

346 1327 460 1395 γὰρ
498 1326 783 1394 ἐγίνωσκε,
811 1328 864 1380 τί
896 1324 964 1401 ἦν
997 1331 1055 1382 ἐν
1096 1329 1175 1399 τῷ
1214 1329 1508 1401 ἀνθρώπῳ.
1545 1349 1562 1382 ι
1609 1332 1745 1400 Περὶ
1790 1330 1925 1384 Θεοῦ

344 1416 681 1488 γέγραπται,
708 1421 790 1473 ὅτι
838 1439 857 1472 (
880 1419 938 1474 Ὁ
965 1420 1175 1484 πλάσας
1205 1422 1517 1492 καταμόνας
1558 1422 1657 1485 τὰς
1702 1422 1927 1494 καρδίας

344 1508 548 1563 αὐτῶν.
578 1528 597 1563 ι
653 1511 762 1563 Καὶ
813 1513 975 1576 αὑτὸς
1024 1512 1083 1566 δέ
1120 1513 1223 1565 πού
1275 1530 1429 1583 φησι’
1491 1534 1509 1565 t
1539 1513 1631 1586 Μὴ
1668 1515 1764 1567 ἀπ’
1787 1513 1924 1585 ἐμοῦ

344 1598 687 1669 κρυϐήσεταί
733 1617 819 1665 “Et;
858 1620 879 1654 ι
927 1603 991 1657 El
1040 1603 1099 1656 δέ
1144 1605 1322 1658 πάντα
1353 1604 1587 1675 Χριστὸς
1615 1605 1922 1671 ἐπίσταται,

343 1690 441 1743 καὶ
470 1686 576 1743 οἶδε
606 1691 676 1745 τὰ
709 1692 805 1746 τοῦ
842 1693 1155 1764 ἀνθρώπου,
1184 1697 1302 1759 πῶς
1330 1696 1430 1749 οὑκ
1460 1696 1526 1751 ἂν
1557 1696 1643 1767 εἴη
1671 1696 1824 1761 Θεὸς,
1848 1696 1924 1761 ὡς

343 1780 595 1850 καρδίας
623 1781 842 1843 ἐτάζων
874 1784 972 1837 καὶ
1001 1787 1259 1856 νεφρούς
1276 1802 1297 1851 ;

417 1970 437 2004 t
460 1952 651 2024 Ὑμεῖς
692 1959 1050 2027 προσκυνεῖτε
1098 1955 1126 2009 ὂ
1176 1957 1276 2011 οὑκ
1320 1957 1520 2022 οἴδατε,
1552 1960 1712 2030 ἡμεῖς
1749 1976 1921 2025 προσ-
1956 1943 1999 2000 Β

339 2044 616 2115 κυνοῦμεν
644 2045 672 2099 6
702 2046 926 2117 οἴδαμεν
945 2065 959 2078 ·
988 2048 1070 2101 ότι
1098 2049 1130 2118 ἠ
1161 2047 1403 2119 σωτηρία
1432 2051 1495 2102 ἐκ
1521 2049 1627 2102 τῶν
1651 2049 1923 2103 Ἰουδαίων

339 2136 511 2189 ἐστίν.
542 2156 561 2189 ι
582 2137 847 2203 Ἀκούεις,
879 2139 961 2191 ὅτι
992 2139 1089 2209 τὴν
1122 2139 1390 2210 σωτηρίαν
1422 2141 1485 2193 ἐκ
1515 2139 1623 2194 τῶν
1656 2140 1921 2195 Ἰουδαίων

338 2221 482 2279 εἷναί
526 2245 701 2300 (mat;
756 2229 947 2283 Καίτοι
1001 2229 1228 2300 Σωτῆρα
1279 2231 1410 2284 Θεὸν
1455 2231 1917 2303 ἐπεγραψὰμεοα·

338 2316 551 2369 σέσωκε
594 2319 703 2389 γὰρ
753 2319 902 2389 ἡμᾶς
947 2319 1007 2372 οὑ
1055 2320 1317 2391 πρέσϐυς,
1359 2321 1460 2374 οὑκ
1501 2321 1752 2389 ἄγγελος,
1795 2321 1923 2375 ἀλλ’

337 2406 502 2471 αὑτὸς
538 2407 567 2460 6
597 2409 821 2479 Κύριος,
857 2412 998 2465 κατὰ
1042 2412 1141 2475 τὰς
1189 2411 1770 2483 Γραφάς.Ὧνόμασται
1814 2412 1922 2486 γὰρ

337 2497 577 2568 Χριστὸς
623 2498 866 2571 Ἰησοῦς,
918 2500 1157 2571 γεγονὼς
1204 2502 1261 2569 ἐξ
1313 2503 1579 2557 Ἰουδαίων
1623 2504 1765 2557 κατὰ
1823 2506 1923 2576 τὴν

339 2587 540 2656 σάρκα.
558 2589 765 2659 Ἰησοῦς
801 2608 864 2659 γε
900 2591 1004 2661 μὴν
1049 2590 1407 2662 ἑρμηνεύεται
1438 2592 1723 2660 σωτηρία.
1751 2591 1923 2654 Αὑτὸς

337 2675 435 2733 οὖν
459 2679 568 2751 ἄρα
594 2682 743 2734 ἐστὶν
774 2682 806 2753 ἡ
830 2682 893 2736 ἐκ
919 2683 1029 2735 τῶν
1064 2682 1331 2736 Ἰουδαίων
1364 2682 1798 2753 σωτηρία.Ὣστε
1821 2681 1924 2736 κᾶν

340 2770 392 2822 εἰ
440 2769 632 2838 γέγονε
681 2771 817 2843 σὰρξ
859 2775 889 2825 6
932 2773 1123 2841 Λόγος,
1154 2773 1248 2826 καὶ
1279 2772 1574 2826 ἐπελάϐετο
1608 2772 1924 2844 σπέρματος

353 2859 625 2934 Ἀϐραὰμ,
661 2862 795 2927 Θεός
821 2865 937 2917 ἐστι
968 2863 1063 2919 καὶ
1096 2864 1235 2934 μετὰ
1264 2862 1486 2933 σαρκός.

420 3147 440 3183 ι
460 3129 655 3203 Ἀμὴν,
689 3128 837 3203 ἀμὴν
861 3129 1004 3200 λέγω
1034 3129 1183 3201 ὑμῖν,
1232 3132 1260 3185 6
1294 3128 1564 3185 πιστεύων
1592 3132 1672 3194 εἰς
1702 3129 1821 3201 ἐμὲ,
1853 3127 1921 3183 τὰ

341 3219 481 3292 ἔργα
531 3222 567 3276 ἃ
618 3221 729 3291 ἐγὼ
787 3221 949 3288 ποιῶ,
978 3224 1229 3285 κάκεῖνος
1276 3222 1514 3292 ποιήσει,
1551 3220 1650 3275 καλ⁸
1698 3220 1922 3290 μείζονα

340 3290 550 3368 τούτων
602 3290 855 3384 ποιήσει’
914 3314 996 3368 ὅτι
1047 3313 1158 3382 ἐγὼ
1206 3314 1345 3383 πρὸς
1392 3290 1496 3366 τὸν
1542 3312 1759 3383 Πατέρα
1819 3329 1921 3383 μου
1951 3290 1997 3354 C

340 3404 667 3479 πορεύομαι.
692 3406 804 3459 Καὶ
824 3407 851 3460 ὅ
876 3424 930 3460 τι
967 3406 1033 3461 ἂν
1066 3407 1327 3476 αἰτήσητε
1360 3406 1419 3459 ἐν
1444 3405 1522 3476 τῷ
1547 3405 1770 3475 ὀνόματί
1794 3422 1918 3475 μου,

338 3496 497 3552 τοῦτο
524 3499 753 3570 ποιήσω.
786 3518 804 3550 ι
834 3497 1155 3570 Πορεύεται,
1179 3499 1331 3568 φησὶ,
1363 3497 1497 3569 πρὸς
1517 3496 1609 3549 τὸν
1636 3497 1855 3568 Πατέρα
1873 3500 1920 3564 Β,

339 3589 519 3644 καίτοι
569 3589 729 3659 φύσει
779 3590 913 3655 Θεὸς
947 3590 1207 3662 ὑπάρχων
1234 3592 1261 3643 ὁ
1296 3591 1443 3655 Υἱὸς,
1468 3590 1562 3642 καὶ
1596 3589 1757 3653 αὑτὸς
1787 3588 1862 3643 ὢν
1893 3592 1922 3645 ό

341 3682 520 3735 πάντα
554 3682 795 3754 πληρῶν.
835 3682 1130 3753 Πορεύεται
1164 3684 1272 3754 γὰρ
1306 3682 1697 3754 ἀνθρωπίνωςο
1731 3683 1923 3753 ἀνελή-

340 3774 451 3844 φθη
485 3774 595 3846 γὰρ
624 3777 703 3839 εἰς
728 3774 818 3828 τὸν
845 3775 1089 3845 οὐρανόν.
1110 3775 1250 3829 Ἀλλ’
1272 3774 1346 3837 ὡς
1373 3774 1505 3837 Θεὸς
1531 3774 1922 3843 ἐπαγγέλλεται

339 3864 583 3938 πληροῦν
615 3865 685 3919 τὰ
713 3867 991 3937 αἰτήματα
1038 3866 1147 3919 τῶν
1181 3865 1652 3936 προσευχομένων,
1682 3868 1730 3919 εἰ
1759 3868 1817 3919 ἐν
1846 3865 1924 3937 τῷ

337 3960 568 4030 ὀνόματι
602 3960 769 4013 αὑτοῦ
798 3962 1032 4013 ποιοῖντο
1064 3960 1162 4022 τὰς
1189 3958 1361 4021 λιτάς.
1398 3955 1532 4011 Εἶτα
1568 3958 1676 4012 τίνι
1703 3959 1769 4011 ἂν
1789 3958 1925 4029 πρέ-

340 4064 434 4102 ποι
470 4047 668 4119 μᾶλλον
699 4051 758 4102 τὸ
792 4049 1033 4120 πληροῦν
1072 4049 1237 4118 εὐχὰς
1277 4048 1469 4117 ἁγίων,
1490 4049 1585 4103 καὶ
1605 4046 1923 4121 χαρίζεσθαι

338 4139 409 4194 τὰ
454 4141 755 4214 αἰτήματα,
792 4140 931 4210 πλὴν
980 4141 1063 4194 ότι
1112 4141 1261 4211 μόνῳ
1306 4139 1386 4211 τῷ
1431 4141 1573 4195 κατὰ
1623 4140 1784 4209 φύσιν
1826 4140 1923 4194 καὶ

341 4233 562 4305 ἀληθῶς
589 4233 702 4287 όντι
740 4232 861 4303 Θεῷ
882 4250 897 4300 ;

418 4345 437 4378 ι
471 4326 583 4398 Οὑχ
614 4327 770 4395 ὑμεῖς
807 4343 876 4396 με
919 4324 1252 4391 ἐξελέξασθε,
1293 4324 1406 4378 ἀλλ’
1436 4322 1547 4393 ἐγὼ
1592 4319 1923 4395 ἐξελεξάμην

340 4419 488 4488 ὑμᾶς
515 4418 610 4470 καὶ
640 4417 815 4488 ἔθηκα
846 4418 1011 4487 ὑμᾶς,
1042 4418 1127 4471 ἴνα
1158 4418 1314 4487 ὑμεῖς
1342 4416 1611 4486 ὑπάγητε,
1644 4414 1739 4467 καὶ
1786 4431 1925 4485 καρ-

346 4508 447 4561 πὸν
482 4509 705 4578 φέρητε,
745 4508 837 4562 καὶ
866 4509 894 4560 6
924 4509 1135 4580 καρπὸς
1170 4508 1325 4579 ὑμῶν
1367 4508 1556 4580 μείνῃο
1590 4507 1677 4559 ἵνα
1710 4506 1738 4560 ὅ
1774 4522 1826 4558 τι
1857 4505 1925 4559 ἂν

2029 669 2137 723 quo
2169 662 2276 707 tam
2323 650 2715 708 contumeliose
2772 659 3026 718 tractato,
3057 652 3172 721 ipsa
3208 666 3425 721 quoque
3451 665 3600 706 erea-

2030 754 2151 799 tura
2206 743 2602 814 quodammodo
2668 742 2747 797 ira
2805 750 2858 796 et
2912 742 3283 813 indignatione
3336 742 3606 799 eﬂ‘ereba-

2031 844 2083 889 tu
2092 851 2139 890 Γ.

2299 939 2384 996 Ex
2417 941 2701 1012 Evangelia
2729 942 3013 996 secundant
3037 941 3316 997 Joannem.

2104 1072 2124 1106 ι
2153 1052 2308 1110 Jesus
2356 1065 2533 1111 autem
2562 1072 2666 1110 non
2708 1055 2968 1110 credebat
3012 1057 3362 1126 semetipsum
3407 1057 3509 1121 eis,
3542 1071 3611 1111 eo

2027 1148 2168 1215 quod
2217 1147 2331 1216 ipse
2364 1158 2551 1201 nosset
2582 1162 2793 1211 omnes,
2831 1157 2886 1201 et
2934 1147 3062 1217 quia
3093 1163 3227 1217 Opus
3273 1148 3321 1202 ei
3355 1164 3459 1202 non
3491 1158 3608 1202 erat

2028 1247 2085 1292 ut
2130 1238 2252 1307 quis
2313 1240 2682 1293 testimonium
2738 1238 3054 1307 perhiberet
3104 1239 3169 1294 de
3217 1240 3456 1294 homine.
3488 1241 3609 1309 ipse

2026 1330 2171 1385 enim
2207 1329 2434 1399 sciebat,
2476 1330 2607 1400 quid
2657 1343 2804 1386 esset
2848 1332 2903 1386 in
2958 1331 3176 1385 homine
3210 1333 3276 1386 “.
3319 1351 3337 1383 ι
3380 1332 3453 1387 De
3498 1333 3608 1388 Deo

2026 1419 2285 1487 scriptum
2344 1430 2577 1475 exstat:
2633 1439 2652 1472 ί
2715 1420 2816 1488 Qui
2886 1421 3041 1475 finxit
3089 1421 3368 1491 sigillatim
3439 1423 3605 1476 corda

2025 1524 2214 1564 eorum
2249 1511 2313 1564 “.
2340 1529 2370 1563 η»
2407 1512 2473 1565 Et
2505 1512 2619 1581 ipse
2652 1511 2779 1565 alibi
2804 1511 2878 1566 ait
2908 1528 2924 1565 :
2964 1529 2984 1564 ι
3016 1510 3133 1565 Non
3174 1511 3440 1565 celabitur
3466 1528 3495 1565 a
3520 1527 3606 1567 me

2026 1601 2247 1655 omnino
2302 1603 2594 1672 quidquam
2626 1602 2691 1657 ”.
2763 1620 2781 1655 ι
2843 1602 2900 1658 Si
2955 1618 3083 1671 ergo
3120 1602 3369 1657 Christus
3423 1604 3606 1657 onmia

2026 1693 2297 1764 intelligit,
2319 1703 2374 1750 et
2394 1696 2571 1749 omnia
2604 1708 2721 1763 qua:
2740 1703 2865 1748 sunt
2889 1695 2941 1748 in
2969 1693 3191 1747 homine
3219 1702 3409 1746 exacte
3437 1694 3604 1759 novit,

2027 1794 2212 1855 utpote
2230 1799 2474 1841 scrutans
2498 1803 2680 1841 eorum
2704 1787 2867 1840 corda
2907 1796 2955 1839 et
3004 1801 3171 1852 renes,
3201 1785 3471 1854 quomodo
3500 1798 3606 1838 non

2025 1888 2110 1932 est
2134 1877 2312 1932 Deus?

2108 1986 2127 2019 ί
2161 1967 2266 2022 Vos
2305 1968 2542 2021 adoratis
2572 1966 2713 2036 quod
2751 1964 2992 2029 nescitis,
3021 1979 3120 2019 nos
3149 1964 3439 2018 adoramus
3464 1961 3608 2032 quod

2029 2059 2234 2114 scimus
2271 2072 2287 2110 τ
2326 2058 2582 2127 quoniam
2631 2057 2779 2111 salus
2816 2072 2881 2111 ex
2914 2054 3115 2109 Judaeis
3172 2063 3253 2107 est
3283 2052 3349 2106 ἰ.
3380 2072 3398 2103 ι
3435 2051 3610 2106 Audis

2028 2147 2255 2204 salutem
2313 2164 2375 2203 ex
2423 2145 2625 2202 Judteis
2678 2160 2799 2201 esse
2856 2143 3400 2211 asserentcm.Atqui
3438 2141 3608 2195 Deum

2030 2239 2367 2294 Salvatorem
2404 2240 2560 2293 nobis
2607 2238 2982 2306 ascripsimus,
3008 2237 3169 2304 eique
3199 2234 3414 2287 nomina
3452 2233 3609 2286 dedi-

2029 2345 2170 2384 mus.
2212 2328 2452 2382 Salvavit
2486 2329 2628 2382 enim
2658 2342 2756 2382 nos
2800 2342 2903 2381 non
2938 2327 3170 2395 legatus,
3202 2341 3308 2379 non
3359 2324 3605 2393 angelus,

2030 2420 2123 2475 sed
2187 2418 2450 2473 homines
2500 2418 2655 2486 ipse,
2726 2417 3020 2471 secundum
3073 2415 3385 2484 Scripturas
3424 2413 3488 2467 ³⁸.
3540 2415 3610 2467 At

2028 2509 2276 2566 Christus
2326 2510 2415 2579 qui
2466 2508 2762 2563 secundum
2812 2498 3032 2562 carnein
3065 2520 3131 2560 ex
3186 2503 3386 2559 Judaeis
3447 2511 3608 2559 natus

2030 2615 2133 2671 est,
2167 2604 2292 2660 Jesu
2352 2618 2545 2657 nomen
2584 2602 2811 2656 sortitus
2855 2612 2955 2655 est.
2991 2598 3121 2653 Jesu
3162 2609 3340 2653 autem
3397 2612 3595 2652 nomen

2031 2690 2446 2758 interpretatum
2486 2688 2712 2741 salutem
2767 2696 2945 2742 sonat.
2970 2687 3088 2756 Ipse
3122 2688 3306 2755 itaque
3360 2686 3610 2740 Christus

2030 2787 2112 2833 est
2142 2777 2290 2831 salus
2326 2777 2434 2843 illa,
2477 2792 2599 2847 quae
2637 2791 2706 2831 ex
2746 2777 2944 2832 Judmis
3008 2777 3250 2846 profecta
3278 2787 3378 2832 est.
3407 2779 3607 2844 Quam-

2026 2869 2219 2923 obrem
2273 2867 2399 2921 licet
2459 2866 2695 2921 Verbum
2749 2883 2878 2923 caro
2944 2867 3142 2921 factum
3201 2868 3290 2932 sit,
3311 2878 3364 2920 et
3422 2883 3607 2923 semen

2028 2959 2261 3013 Abrahae
2330 2959 2783 3026 apprehenderit;
2845 2958 2989 3013 Deus
3062 2957 3413 3014 nihilominus
3483 2975 3608 3014 cum

2029 3058 2306 3119 assumpta
2338 3065 2502 3103 carne
2531 3050 2850 3118 permansit.

2115 3160 2134 3194 ι
2157 3143 2348 3206 Amen,
2375 3156 2530 3194 amen
2555 3139 2676 3194 dico
2706 3140 2877 3205 vobis,
2901 3140 2991 3209 qui
3022 3140 3193 3195 credit
3230 3142 3281 3194 in
3309 3156 3413 3204 me,
3440 3156 3607 3208 opera

2030 3249 2151 3303 quae
2219 3247 2320 3304 ego
2377 3230 2540 3296 iacio,
2565 3241 2620 3287 et
2664 3232 2779 3301 ipse
2832 3231 3018 3298 faciet,
3052 3242 3105 3286 et
3152 3231 3356 3300 majora
3411 3233 3605 3287 horum

2026 3323 2365 3392 faeietzquia
2392 3337 2491 3392 ego
2533 3322 2671 3375 vado
2716 3321 2783 3375 ad
2837 3321 3048 3375 Patrem
3087 3339 3100 3374 :
3136 3330 3191 3375 et
3247 3320 3608 3390 quodcunque

2027 3416 2293 3487 petieritis
2330 3415 2381 3468 in
2410 3414 2628 3468 nomine
2674 3428 2817 3481 meo,
2854 3414 2957 3467 hoc
3018 3412 3212 3467 faciam
3246 3412 3312 3464 “.
3347 3431 3365 3464 ι
3392 3413 3469 3465 Ad
3497 3409 3605 3466 Pa-

2029 3517 2166 3562 trem
2196 3522 2253 3563 se
2288 3506 2441 3561 abire
2480 3505 2785 3569 denuntiat,
2823 3520 2943 3560 cum
2995 3514 3174 3559 tamen
3228 3505 3367 3557 Deus
3411 3510 3607 3557 natura

2028 3598 2199 3654 Filius
2238 3599 2328 3663 sit,
2357 3598 2581 3666 ipseque
2627 3597 2806 3649 omnia
2853 3594 3093 3664 impleat.
3151 3594 3408 3647 Ahscedit
3459 3595 3605 3648 enim

2030 3688 2330 3744 secundum
2398 3689 2689 3740 humanam
2747 3691 3023 3738 naturam.
3069 3684 3142 3738 At
3194 3697 3328 3737 vero
3374 3682 3499 3735 licet
3550 3691 3610 3736 ut

2030 3780 2192 3834 homo
2248 3778 2300 3831 in
2356 3777 2556 3831 coelum
2601 3786 2911 3844 assumptus
2945 3776 3057 3839 sit,
3100 3783 3158 3827 ut
3219 3773 3359 3828 Deus
3427 3783 3610 3827 tamen

2027 3868 2327 3937 supplicum
2351 3877 2473 3921 vota
2493 3880 2551 3921 se
2572 3866 2882 3919 auditurum
2912 3865 3206 3934 promittit,
3236 3865 3279 3917 si
3308 3865 3358 3917 in
3386 3865 3604 3917 nomine

2027 3959 2174 4012 illius
2203 3956 2646 4025 supplicaverint.
2674 3954 2797 4009 Jam
2823 3954 2930 4014 cui,
2967 3969 3172 4022 quaeso,
3203 3954 3382 4007 verius
3405 3969 3607 4008 conve-

2027 4048 2445 4103 nitsanctorum
2481 4044 2768 4113 postulatis
2804 4043 3145 4108 satisfacere,
3165 4041 3274 4112 85
3308 4057 3608 4111 eorumque

2026 4139 2169 4193 votis
2198 4151 2262 4191 ac
2282 4135 2571 4191 desideriis
2603 4135 2954 4206 respondere,
2989 4148 3154 4204 quam
3183 4135 3284 4189 soli
3327 4147 3392 4188 ac
3424 4135 3625 4189 nativo.

2026 4230 2138 4285 Deo
2150 4228 2174 4283 Ἰ

2107 4338 2129 4372 ι
2169 4319 2285 4375 Non
2316 4333 2413 4374 vos
2435 4333 2522 4373 me
2550 4317 2812 4389 elegistis,
2832 4319 2924 4373 sed
2949 4332 3048 4388 ego
3084 4317 3218 4389 elegi
3237 4324 3429 4382 vos,et
3453 4319 3606 4386 posui

2027 4427 2126 4468 vos
2149 4421 2210 4468 ut
2235 4411 2398 4477 eatis,
2445 4420 2500 4466 et
2550 4410 2788 4466 fructum
2814 4410 3076 4474 alleratis,
3102 4418 3157 4464 et
3184 4410 3391 4464 fructus
3424 4423 3607 4464 veswr

2031 4510 2370 4569 maneat;ut
2420 4503 2782 4573 quodcunque
2836 4500 3101 4570 petieritis
3149 4499 3362 4553 Patrem
3409 4500 3462 4552 in
3507 4515 3607 4554 no-

340 4597 607 4667 αἰτὴσητε
655 4597 746 4650 τὸν
789 4596 1009 4666 Πατέρα
1049 4598 1105 4650 ἐν
1146 4596 1224 4668 τῷ
1264 4596 1490 4667 ὀνόματί
1532 4613 1664 4665 μου,
1698 4593 1911 4667 δῴ[σει]

2033 4597 2178 4651 mine
2216 4608 2356 4661 meo,
2395 4595 2487 4649 det
2510 4594 2662 4648 vobis
2694 4593 2759 4647 ".
2795 4611 2815 4643 ι
2851 4592 2928 4645 En
2982 4591 3098 4660 pari
3147 4605 3207 4645 se
3256 4604 3376 4643 cum
3413 4589 3522 4643 Deo
3553 4600 3609 4645 et

340 4690 492 4760 ὑμῖν.
524 4707 544 4740 ι
565 4688 696 4742 Ἰδοὺ
728 4689 1003 4759 πανταχοῦ
1041 4688 1315 4742 δείκνυσιν
1350 4690 1431 4742 ὅτι
1459 4688 1528 4742 τὰ
1555 4689 1645 4741 ἴσα
1691 4687 1808 4758 μετ’
1833 4686 1922 4754 ἐξ·

338 4782 529 4847 ουσίας
558 4784 772 4854 ἐνεργεῖ
802 4782 878 4853 τῷ
905 4781 1079 4853 Πατρί
1096 4783 1400 4851 δ.Ἔ;ρασκε
1429 4780 1557 4852 γὰρ,
1587 4780 1669 4832 ὅτι
1703 4798 1720 4830 t
1739 4780 1803 4831 Ὃ
1824 4778 1921 4831 ἐὰν

339 4876 602 4947 αἰτήσητε
629 4878 685 4929 ἐν
722 4874 800 4946 τῷ
824 4874 1047 4945 ὀνόματί
1079 4891 1204 4944 μου,
1233 4874 1440 4944 ποιήσω
1461 4890 1474 4904 ·
1506 4891 1526 4925 ι
1565 4870 1682 4926 νυνὶ
1722 4869 1780 4924 δέ
1814 4887 1921 4941 φη-

342 4986 427 5023 σιν
447 4984 460 4996 ·
505 4969 603 5022 σ”ο
626 4985 681 5022 τι
713 4967 809 5021 ἐὰν
836 4969 1095 5039 αἰτήσητε
1126 4965 1215 5019 τὸν
1248 4966 1470 5036 Πατέρα
1508 4966 1567 5019 ἐν
1594 4963 1670 5034 τῷ
1697 4962 1921 5033 ὀνόματί

343 5076 448 5131 μου
466 5102 479 5123 ,
505 5057 713 5130 δ‹ρ[σει]
744 5060 891 5129 ὑμῖν.
927 5077 945 5110 ι
965 5054 1112 5129 *Αρα
1133 5053 1227 5111 οὖν
1262 5058 1367 5129 ἰδίᾳ
1391 5057 1490 5128 μὲν
1518 5056 1732 5109 δίδωσιν
1756 5057 1784 5108 6
1808 5055 1923 5107 Πα-

340 5154 448 5223 τὴρ
472 5152 592 5223 δίχα
617 5152 711 5205 τοῦ
743 5152 896 5217 Υίοῦ,
922 5152 1027 5223 ἰδίᾳ
1059 5152 1114 5204 δὲ
1140 5151 1233 5204 καὶ
1267 5150 1371 5202 ἀνὰ
1395 5150 1562 5220 μέρος
1585 5150 1612 5202 6
1640 5146 1770 5210 Υἱὸς
1799 5146 1923 5217 δίχα

341 5243 439 5298 τοῦ
467 5243 708 5316 Πατρός;
738 5243 947 5298 Οὐκοῦν
973 5242 1125 5315 παρὰ
1152 5241 1246 5295 δύο
1269 5241 1407 5294 θεῶν
1430 5242 1541 5303 τοῖς
1562 5240 1737 5307 ἁγίοις
1765 5236 1832 5291 τὰ
1861 5238 1921 5290 ἐν

342 5336 531 5408 εὐχαῖς
563 5336 878 5407 αἰτήματα;
918 5335 1061 5389 Ἀλλ’
1093 5336 1192 5407 οὑχ
1236 5332 1408 5398 οὑτως
1443 5331 1557 5403 ἔχει
1599 5328 1810 5385 ταῦτα’
1847 5326 1922 5398 μὴ

2028 4688 2192 4743 Patre
2241 4694 2509 4757 potestate
2540 4684 2761 4754 pollere,
2806 4682 3065 4751 pariaque
3116 4680 3291 4734 eidem
3344 4690 3609 4747 prmstare

2029 4793 2187 4851 posse
2205 4791 2473 4846 nusquam
2510 4792 2614 4829 non
2642 4773 2904 4828 inculcat.
2928 4773 3148 4827 Dixerat
3174 4772 3315 4825 enim
3341 4788 3355 4824 :
3383 4789 3400 4821 ι
3422 4772 3606 4837 Quod-

2029 4885 2243 4942 cunque
2278 4866 2547 4939 petieritis
2578 4866 2634 4920 in
2685 4866 2905 4919 nomine
2958 4879 3102 4927 meo,
3133 4862 3326 4916 faciam
3354 4880 3367 4916 :
3401 4880 3420 4914 ›
3463 4877 3609 4916 nunc

2030 4973 2210 5019 autem
2247 4962 2360 5016 ait:
2399 4977 2419 5011 ι
2453 4959 2822 5026 Quodcunque
2849 4955 3118 5027 petieritis
3156 4955 3372 5009 Patrem
3418 4956 3469 5009 in
3507 4970 3608 5008 no-

2029 5055 2177 5109 mine
2204 5067 2345 5117 meo,
2375 5051 2525 5105 dabit
2557 5050 2709 5103 vobis
2735 5047 2800 5102 ³⁸.
2837 5065 2857 5099 ι
2896 5046 3149 5116 Nunquid
3197 5060 3327 5116 ergo
3356 5061 3607 5099 seorsum

2025 5146 2206 5215 aliqua
2229 5143 2518 5213 dilargitur
2549 5140 2708 5196 Pater
2750 5140 2958 5209 absque
2989 5137 3150 5204 Filio,
3178 5148 3271 5191 aut
3302 5136 3471 5190 Filius
3490 5132 3609 5189 rur-

2026 5252 2147 5292 sum
2215 5250 2459 5291 seorsum
2498 5232 2887 5304 sigillatimque
2948 5230 3262 5300 impertitur
3338 5227 3596 5280 nonnulla

2030 5327 2234 5394 absque
2263 5322 2446 5389 Patre,
2480 5321 2552 5377 ita
2587 5332 2701 5377 uta
2725 5321 2933 5378 duobus
2971 5320 3075 5376 diis
3104 5324 3448 5389 praestentur,
3476 5330 3597 5384 qtae

421 5496 460 5526 “
489 5494 646 5550 Joan.
683 5508 747 5553 ιι.
775 5492 866 5558 24,
897 5491 990 5549 25.
1069 5491 1111 5523 ¹¹
1133 5488 1279 5546 Psal.
1310 5502 1498 5552 xxxw,
1528 5485 1618 5541 15.
1640 5554 1660 5558 _
1697 5484 1742 5515 ¹³
1766 5480 1925 5538 Jeren

2028 5494 2149 5547 ινιι,
2183 5478 2270 5534 10.
2345 5476 2572 5546 1“.loan,
2600 5492 2674 5547 tv,
2708 5477 2800 5534 92.
2842 5475 2885 5509 ⁸⁵
2916 5472 3022 5530 isa.
3052 5487 3210 5538 mn,
3242 5470 3296 5529 9.
3372 5469 3418 5502 “
3438 5466 3599 5525 Joan.

348 5566 440 5630 £2,
476 5566 565 5620 15.
644 5565 684 5595 ⁸⁷
719 5554 876 5619 σιοαηᾎ
904 5578 998 5628 xv,
1033 5560 1120 5616 i6.
1199 5562 1244 5593 ¹⁸
1270 5558 1436 5615 lCor.
1481 5571 1586 5622 vnn,
1631 5554 1683 5609 6.

1409 5712 1587 5769 Varia:
1613 5709 1873 5768 lectiones
1902 5705 2106 5762 codicis
2135 5701 2501 5775 Seguieriani.

428 5870 451 5909 ³
489 5868 577 5923 ἵσ.
603 5862 936 5939 Πορεύεσθαί
970 5876 1101 5932 φησι
1128 5876 1188 5913 π.
1216 5875 1265 5915 τ.
1295 5859 1362 5913 Π.
1440 5858 1470 5898 h
1502 5856 1577 5928 τῷ
1604 5853 1723 5925 Θεῷ
1754 5852 1846 5908 καὶ
1875 5849 2069 5921 Πατρί.
