4060 6418
464 401 595 456 1271

1466 400 1527 457 S.
1566 398 1843 457 CYRILLI
1879 400 2356 458 ALEXANDRINI
2394 403 2715 462 ARCHIEP.

3605 402 3747 457 19.72

470 508 644 563 sancti
674 509 1005 581 elliagitant‘l
1032 511 1210 579 Absit,
1236 511 1415 569 absit:
1436 528 1579 571 unus
1606 515 1752 571 enim
1789 526 1876 571 est
1905 517 2035 572 Deus

2155 518 2368 586 γένοιτο
2389 537 2403 551 ·
2432 514 2515 585 εἷς
2546 520 2657 592 γὰρ
2688 518 2822 584 Θεὸς
2848 519 2885 573 6-
2907 518 3119 591 Πατὴρ,
3150 519 3245 573 καὶ⁸
3277 516 3358 585 εἷς
3389 520 3594 592 Κύριος
3635 518 3715 589 ’1η

472 602 651 665 l‘ater,
703 612 760 658 et
817 619 957 659 unus
1012 604 1142 660 item
1217 604 1484 663 Dominus
1543 606 1703 663 Iesus
1764 605 2047 663 Christus.

469 692 755 748 Distribuit
777 709 1010 765 namque
1034 695 1199 752 Pater
1223 697 1365 755 dona
1398 714 1495 770 per
1528 697 1727 754 Filium
1753 699 1807 754 in
1839 697 2051 769 Spiritu

466 790 692 849 sancto;
730 794 1104 842 verumtamen
1134 787 1428 859 postulatio
1458 790 1511 844 in
1551 788 1806 860 precibus
1859 791 1920 844 iit
1951 805 2050 860 per

464 872 650 928 Jesum
671 875 969 932 Christum.
994 876 1167 934 Porro
1194 878 1407 935 Domini
1435 878 1564 936 Iesu
1599 880 1821 936 nomine
1844 881 2050 952 accipi-

466 980 587 1020 mus
620 975 675 1021 et
696 966 1043 1039 designamus
1071 969 1309 1026 Verbum
1347 971 1619 1027 hominem
1654 969 1878 1027 factum.

542 1073 562 1108 ι
601 1057 660 1113 in
688 1058 779 1114 illo
816 1060 903 1116 die
928 1076 1014 1116 me
1060 1076 1168 1117 non
1198 1061 1458 1132 rogabitis
1502 1064 1819 1133 quidquam.
1847 1062 2045 1133 Amen,

469 1164 630 1206 amen
643 1150 766 1207 dico
794 1152 965 1218 vobis,
995 1152 1042 1208 si
1077 1154 1203 1223 quid
1221 1155 1489 1224 petieritis
1510 1155 1724 1210 Patrem
1749 1156 1802 1210 in
1827 1156 2049 1212 nomine

470 1256 612 1309 meo,
643 1243 793 1299 dabit
843 1244 1019 1299 vobis.
1045 1244 1241 1311 Petite,
1273 1255 1329 1301 et
1363 1247 1666 1317 accipietis,
1692 1257 1751 1302 ut
1791 1248 2047 1319 gaudium

466 1344 709 1389 vestrum
760 1333 832 1390 sit
873 1336 1093 1405 plenum
1113 1337 1179 1391 ι’.
1208 1355 1228 1390 ι
1266 1337 1394 1393 Haec
1439 1339 1689 1395 eamdem
1716 1339 2046 1396 sententiam

465 1438 587 1480 cum
634 1427 1007 1497 superioribus
1063 1429 1298 1497 habent,
1332 1430 1476 1485 sicut
1520 1429 1609 1485 illa
1663 1446 1899 1502 quoque,
1925 1446 2047 1503 quae

465 1530 593 1571 mox
625 1528 1055 1591 consequuntur.
1080 1519 1173 1577 Ait
1205 1536 1480 1592 namque:
1522 1538 1543 1573 ι
1584 1522 1642 1577 In
1705 1523 1799 1578 illo
1852 1523 1964 1590 die,
1989 1522 2045 1578 in

465 1607 686 1663 nomine
703 1622 825 1664 meo
849 1610 1043 1679 petetis
1068 1628 1083 1666 :
1105 1619 1161 1667 et
1197 1626 1309 1667 non
1337 1611 1459 1667 dico
1480 1612 1636 1667 vobis
1677 1613 1803 1682 quia
1834 1627 1936 1684 ego
1958 1627 2043 1667 ro-

462 1701 600 1770 gabo
617 1700 839 1758 Patrem
868 1703 934 1759 de
961 1703 1154 1759 vobis:
1195 1703 1311 1775 ipse
1354 1705 1499 1760 enim
1541 1703 1705 1759 Pater
1730 1713 1878 1759 amat
1922 1719 2041 1769 vos,

462 1791 587 1861 quia
626 1806 725 1848 vos
758 1807 846 1849 me
869 1792 1116 1861 amastis,
1143 1802 1201 1849 et
1219 1793 1524 1852 credidistis
1544 1793 1674 1866 quia
1706 1807 1806 1864 ego
1827 1808 1856 1849 a
1879 1791 2043 1850 Patre

462 1883 604 1938 exivi
637 1884 707 1938 ⁸ο.
735 1902 756 1937 ι

540 1991 561 2025 ι
590 1972 713 2030 Haec
756 1984 841 2031 est
871 1976 982 2031 vita
1021 1986 1248 2046 aeterna,
1294 1988 1358 2035 ut
1393 1988 1731 2051 cognoscant
1772 1988 1824 2034 te
1864 1978 2044 2035 solum

460 2064 628 2121 Deum
655 2082 867 2136 verum,
899 2077 955 2124 et
997 2085 1160 2140 quem
1192 2069 1392 2126 misisti
1418 2068 1603 2127 Jesum
1626 2070 1904 2127 Christum
1921 2070 1991 2124 ".
2017 2088 2038 2122 ι

460 2157 523 2214 Si
543 2173 665 2215 cum
700 2159 873 2218 solius
913 2163 1139 2233 verique
1179 2163 1278 2220 Dei
1312 2164 1625 2234 cognitione
1664 2162 1791 2220 Jesu
1832 2163 2042 2220 Christi

457 2249 823 2321 cognitionem
850 2253 1160 2310 necessario
1185 2255 1535 2326 coniunctam
1555 2254 2042 2323 consociatamqne

454 2354 580 2397 esse
614 2353 849 2413 oportet,
877 2353 931 2399 et
986 2344 1091 2402 hoc
1130 2346 1308 2417 ipsum
1363 2354 1622 2402 mternam
1653 2346 1819 2400 vitam
1856 2347 2042 2401 conci-

454 2432 590 2487 liat:
625 2433 714 2488 cui
745 2434 1066 2490 'obscurum
1123 2449 1248 2491 esse
1286 2444 1490 2507 potest,
1522 2435 1801 2491 Christum
1851 2450 2039 2491 verum

453 2537 574 2578 esse
620 2523 832 2579 Deum?
862 2522 1105 2582 Verbum
1160 2540 1296 2583 sane
1346 2541 1476 2583 caro
1537 2524 1743 2582 factum
1790 2535 1901 2591 est,
1943 2528 2041 2581 sed

455 2613 656 2670 mansit
681 2614 899 2671 interim
932 2613 1190 2672 Verbum.

529 2724 549 2757 ι
590 2704 665 2761 Ut
708 2708 894 2764 credat
935 2709 1170 2765 mundus
1209 2709 1336 2780 quia
1364 2719 1420 2765 tu
1465 2724 1552 2766 me
1589 2710 1805 2767 misisti.
1840 2709 1903 2766 Et
1936 2725 2039 2779 ego

452 2797 758 2854 claritatem
813 2815 975 2868 quam
1018 2800 1215 2857 dedisti
1270 2802 1426 2867 mihi,
1472 2802 1594 2857 dedi
1648 2803 1771 2870 eis;
1812 2810 1871 2857 ut
1927 2803 2038 2858 sint

451 2904 643 2955 unum,
668 2889 809 2945 sicut
847 2899 903 2945 et
944 2905 1045 2946 nos
1078 2906 1246 2946 unum
1290 2907 1502 2948 sumus.
1529 2891 1643 2962 Ego
1686 2894 1740 2947 in
1766 2893 1868 2957 eis,
1899 2900 1954 2947 ct
1980 2903 2037 2946 tu

449 2982 503 3036 in
534 2995 650 3047 me,
678 2990 739 3036 ut
761 2981 870 3038 sint
891 2983 1255 3038 consummati
1283 2983 1337 3039 in
1364 2999 1531 3039 unum
1560 2984 1631 3039 “.
1665 3002 1686 3035 ι
1726 2983 2035 3054 Perspicaci

447 3075 646 3131 mentis
694 3074 853 3131 oculo
894 3077 952 3131 in
1000 3090 1117 3132 rem
1168 3077 1495 3148 propositam
1530 3076 1892 3142 intendentes,
1923 3076 2037 3148 86

446 3182 697 3239 quaenam
730 3168 784 3224 in
805 3169 921 3241 ipsa
955 3168 1202 3226 abstrusa
1251 3169 1478 3237 lateant,
1506 3169 1796 3240 diligenter
1842 3169 2033 3239 explo-

445 3272 650 3316 remus.
688 3258 912 3327 Qualem
947 3261 1131 3332 itaque
1154 3261 1381 3333 gloriam
1414 3260 1585 3317 Filius
1615 3277 1645 3317 a
1680 3259 1844 3317 Patre
1874 3275 2032 3317 acce-

445 3350 594 3419 pisse
651 3366 713 3410 sc
765 3362 977 3421 narrat,
1026 3368 1187 3423 quam
1242 3353 1399 3410 nobis
1453 3353 1648 3409 deinde
1690 3368 2030 3409 communem

445 3441 671 3499 fecerit?
711 3441 855 3500 Sane
891 3445 1006 3514 ipse
1065 3448 1132 3501 ab
1178 3445 1281 3501 hac
1342 3447 1643 3516 quaestione
1692 3460 1793 3503 nos
1839 3445 2033 3501 liberat

443 3536 569 3590 dum
598 3535 721 3591 ait:
767 3554 788 3588 ι
824 3535 901 3592 Ut
931 3551 1096 3591 unum
1148 3538 1276 3602 sint,
1316 3538 1459 3593 sicut
1499 3548 1549 3592 et
1594 3552 1694 3593 nos
1743 3551 1909 3592 unum
1944 3552 2034 3593 su-

442 3640 584 3680 mus.
625 3643 645 3678 ι
690 3622 826 3678 Nam
852 3625 959 3679 etsi
988 3624 1079 3683 D.ei
1102 3622 1282 3681 Patris
1312 3625 1548 3679 Verbum
1582 3624 1879 3679 secundum
1903 3638 2031 3694 pro-

440 3714 618 3783 priam
647 3712 964 3783 hypostasin
1011 3713 1150 3768 alius
1195 3727 1223 3768 a
1273 3713 1433 3769 Patre
1476 3728 1598 3769 esse
1652 3714 2027 3784 dignoscatur,

444 3800 681 3855 naturali
713 3810 890 3856 tamen
925 3801 1206 3856 identitate
1249 3816 1414 3856 unum
1461 3801 1621 3871 plane
1673 3812 1728 3857 ct
1766 3802 1907 3857 idem
1942 3811 2027 3858 est

449 3908 573 3948 cum
591 3892 703 3949 illo.
719 3893 789 3947 At
816 3900 1092 3963 quopacto
1119 3890 1350 3948 Verbum
1371 3892 1500 3951 illud
1525 3908 1687 3947 unum
1712 3892 1788 3965 (ι)
1808 3908 2025 3963 quoque

443 3984 727 4040 nobiscum
761 3982 961 4040 factum
990 3984 1108 4040 est?
1133 3984 1215 4040 Ad
1246 3984 1494 4041 eumdem
1523 3986 1746 4040 omnino
1778 3986 2020 4053 modum,

440 4084 571 4146 puta
601 4077 902 4132 secundum
926 4084 929 4087 ‘
951 4074 1294 4131 essentialem
1339 4084 1395 4129 et
1432 4074 1734 4130 naturalem
1767 4074 2024 4129 identita—

442 4174 573 4219 tem.
599 4164 668 4218 At
699 4178 822 4219 cum
859 4163 1042 4220 divina
1077 4173 1268 4221 natura
1297 4174 1449 4220 tanto
1491 4180 1521 4219 a
1572 4172 1825 4220 creatura
1859 4165 2023 4222 distet

441 4253 757 4320 intervallo,
778 4264 838 4309 ut
882 4254 1178 4312 secundum
1224 4254 1518 4310 essentiam
1571 4269 1696 4309 cum
1752 4268 1815 4309 ea
1872 4254 2022 4312 coire

441 4361 783 4417 nequaquam
818 4346 1035 4415 valeat,
1068 4361 1262 4416 ecquo,
1291 4346 1494 4416 inquis,
1520 4349 1681 4401 modo
1721 4348 2021 4401 secundum

439 4447 689 4494 naturam
732 4456 897 4495 unum
930 4439 1018 4495 ille
1046 4438 1224 4495 factus
1239 4447 1316 4494 est
1350 4439 1658 4505 nobiscum,
1683 4439 2014 4508 quiomnem

2160 609 2287 677 σοῦς
2343 612 2601 685 Χριστός.
2629 611 2884 684 Διανέμει
2928 610 3039 682 γὰρ
3081 614 3110 665 6
3155 611 3349 684 Πατὴρ
3392 612 3461 666 δι’
3491 609 3624 666 Υίοῦ
3676 612 3747 664 τὰ

2156 700 2339 771 ἀγαθὰ
2369 703 2429 757 ἐν
2466 700 2782 773 Πνεύματι’
2816 699 2957 772 πλὴν
2986 703 3022 771 ἡ
3057 700 3276 770 αἴτησις
3318 701 3354 772 ἡ
3404 701 3462 753 ἐν
3508 715 3747 770 προσευ-

2156 795 2280 863 χαῖς
2308 794 2366 847 ἐν
2403 790 2625 864 Χριστῷ
2657 790 2861 864 Ἰησοῦο
2892 791 2988 845 καὶ
3018 790 3229 860 Κύριος
3262 788 3472 861 Ἰησοῦς
3514 789 3544 842 6
3584 788 3746 841 ἐναν-

2157 883 2455 955 Θρωπήσας
2485 887 2687 940 νοεῖται
2716 883 2811 937 καὶ
2847 882 3176 954 ὀνομάζεται
3199 881 3391 950 Λόγος.

2233 1087 2253 1121 ι
2280 1067 2392 1123 Καὶ
2428 1067 2487 1121 ἐν
2529 1066 2714 1138 ἐκείνῃ
2743 1067 2809 1137 τῇ
2838 1064 3026 1138 ἡμέρᾳ.
3052 1062 3153 1133 ἐμὲ
3181 1062 3280 1116 οὐκ
3310 1061 3615 1134 ἐρωτήσετε
3649 1058 3747 1112 οὕ-

2154 1153 2263 1209 δέν.
2283 1154 2475 1227 Ἀμήν,
2507 1154 2655 1226 ἀμὴν
2684 1154 2828 1223 λέγω
2866 1154 3017 1224 ὑμῖν,
3048 1151 3114 1205 ἄν
3137 1168 3191 1205 τι
3224 1151 3488 1221 αἰτήσητε
3516 1148 3607 1203 τὸν
3635 1150 3747 1203 Παι

2152 1247 2286 1316 τέρα
2333 1247 2391 1300 ἐν
2430 1245 2510 1316 τῷ
2556 1244 2784 1316 ὀνόματί
2836 1262 2960 1316 μου,
2992 1243 3155 1298 δώσει
3197 1243 3346 1314 ὑμῖν.
3375 1243 3607 1305 Αἰτεῖτε,
3642 1240 3745 1295 καὶ

2151 1335 2408 1407 λήψεσθε,
2438 1337 2526 1390 ἵνα
2555 1337 2588 1407 ἡ
2614 1336 2759 1407 χαρὰ
2780 1336 2935 1408 ὑμῶν
3023 1332 3458 1405 πεπληρωμένη.
3488 1351 3508 1386 ι
3530 1332 3620 1387 Ἐν
3648 1332 3743 1405 ίσῃ

2153 1431 2245 1483 καὶ
2279 1428 2438 1483 τοῦτο
2468 1431 2580 1492 τοῖς
2604 1428 2864 1499 ἀνωτέρω
2899 1427 3074 1500 βραχὺ
3099 1425 3313 1497 διανοίᾳ
3348 1424 3615 1490 κείσεται,
3644 1425 3743 1478 καὶ

2150 1520 2213 1574 τὸ
2258 1518 2459 1591 ἐφεξῆς
2506 1519 2895 1590 όμοίως.Ἕχει
2942 1518 2999 1571 δὲ
3043 1517 3236 1581 οὕτως·
3274 1515 3405 1569 «Ἐν
3440 1515 3629 1588 ἐκείνῃ
3667 1518 3738 1587 τῇ

2150 1611 2337 1684 ἡμέρᾳ
2369 1614 2428 1666 ἐν
2464 1610 2543 1683 τῷ
2568 1594 2795 1682 ὀνόματί
2846 1628 2949 1682 μου
2998 1608 3289 1681 αἰτήσεσθε
3310 1623 3326 1641 ο
3375 1608 3472 1663 καὶ
3500 1607 3562 1661 ού
3594 1607 3741 1676 λέγω

2150 1702 2303 1773 ὑμῖν,
2342 1703 2424 1756 ὅτι
2475 1700 2588 1772 ἐγὼ
2637 1702 2903 1773 ἐρωτήσω
2955 1700 3049 1755 τὸν
3079 1700 3332 1773 Πατέρα’
3368 1700 3532 1765 αὐτὸς
3566 1698 3677 1770 γὰρ
3709 1704 3739 1754 6

2149 1795 2339 1866 Πατὴρ
2386 1793 2533 1863 φιλεῖ
2577 1794 2744 1864 ὑμᾶς,
2773 1793 2854 1847 ὅτι
2891 1793 3051 1863 ὑμεῖς
3100 1792 3202 1861 ἐμὲ.
3249 1792 3607 1863 πεφιλήκατε,
3639 1792 3738 1845 καὶ

2071 1882 2119 1943 Β
2148 1886 2552 1943 πεπιστεύκατε
2593 1887 2675 1940 ὅτι
2710 1885 2822 1956 ἐγὼ
2851 1884 3002 1957 παρὰ
3040 1883 3136 1939 τοῦ
3167 1883 3383 1957 Πατρδς
3414 1881 3660 1955 ἐξῆλθον.
3703 1902 3724 1935 ι

2224 2000 2246 2034 ι
2276 1979 2424 2053 Αῦτη
2459 1979 2515 2033 δέ
2542 1981 2691 2033 ἐστιν
2715 1980 2748 2048 ἡ
2775 1978 2997 2042 αἰώνιος
3036 1976 3171 2048 ζωὴ,
3209 1976 3295 2029 ἵνα
3328 1974 3640 2044 γινώσκωσι
3672 1991 3735 2027 σε

2144 2071 2237 2126 τὸν
2268 2071 2431 2142 μόνον
2477 2069 2733 2141 ἀληθινὸν
2765 2068 2921 2133 Θεὸν,
2949 2066 3043 2123 καὶ
3070 2066 3130 2121 ὃν
3159 2065 3490 2129 ἀπέστειλας
3525 2063 3735 2137 Ἰησοῦι

2143 2161 2402 2234 Χριστόν,
2432 2180 2452 2215 ι
2492 2162 2556 2214 Ei
2584 2162 2650 2231 τῇ
2689 2158 2985 2230 ἐπιγνώσει
3017 2156 3112 2212 τοῦ
3162 2157 3324 2228 μόνου
3352 2156 3447 2211 καὶ
3470 2155 3732 2226 ἀληθινοῦ

2144 2254 2280 2310 Θεοῦ
2327 2252 2682 2324 συνεζεῦχθαί
2722 2269 2783 2306 τε
2830 2251 2926 2306 καὶ
2958 2249 3352 2305 συνεισϐαίνειν
3388 2249 3603 2318 ἀνάγκη
3632 2247 3735 2319 τὴν

2143 2345 2441 2413 ἐπίγνωσιν
2489 2340 2666 2412 Ἰησοῦ
2695 2337 2957 2411 Χριστοῦ,
2996 2339 3089 2392 καὶ
3118 2337 3264 2408 ζωὴν
3285 2335 3443 2389 τοῦτο
3469 2334 3568 2404 τήν
3600 2334 3735 2386 αἰώ-

2141 2451 2254 2490 νιον
2294 2433 2590 2505 προξενεῖ*
2624 2431 2744 2495 πῶς
2790 2432 2889 2502 οὐχ
2942 2430 3147 2484 ἅπασιν
3188 2428 3439 2497 ἐναργὲς,
3469 2427 3551 2479 ὅτι
3596 2425 3732 2487 Θεός

2140 2528 2291 2581 ἐστιν
2319 2526 2526 2597 ἀληθής
2561 2527 2591 2579 6
2622 2523 2893 2596 Χριστόςς
2923 2521 3121 2591 Γέγονε
3155 2521 3265 2591 γὰρ
3299 2518 3439 2591 σὰρξ
3470 2520 3500 2572 6
3533 2517 3730 2587 Λόγος,

2140 2619 2237 2674 καὶ
2276 2617 2557 2689 μεμένηκε
2585 2616 2778 2685 Λόγος.

2217 2709 2367 2762 ι’Ὶνα
2416 2710 2445 2761 6
2488 2706 2691 2778 κόσμος
2735 2705 3004 2778 πιστεύσῃ
3035 2706 3115 2760 ὅτι
3146 2703 3211 2759 σύ
3255 2721 3323 2776 με
3369 2701 3723 2765 ἀπέστειλας.

2141 2799 2316 2868 Κάγὼ
2338 2800 2438 2871 τήν
2482 2798 2663 2865 δόξαν,
2690 2799 2759 2870 ἢν
2793 2799 3034 2863 δέδωκάς
3087 2814 3199 2870 μοι,
3237 2796 3448 2850 δέδωκα
3490 2796 3680 2857 αὐτοῖς
3710 2812 3726 2823 ·

2138 2894 2226 2948 ἵνα
2257 2887 2394 2947 ῶσιν
2432 2891 2511 2958 ἓν,
2539 2890 2722 2956 καθὼς
2756 2893 2914 2963 ἡμεῖς
2940 2889 3181 2959 ἐν.Ἐγὼ
3211 2890 3269 2943 ἐν
3294 2889 3499 2951 αὐτοῖς,
3534 2887 3629 2941 καὶ
3659 2887 3727 2940 σὺ

2136 2987 2195 3039 ἐν
2230 2984 2374 3056 ἐμοὶ,
2424 2983 2514 3037 ἴνα
2541 2976 2645 3038 ῶσι
2682 2981 3094 3053 τετελειωμένοι
3118 2983 3198 3045 είς
3225 2981 3305 3034 έν.
3334 2999 3352 3032 ι
3373 2978 3602 3050 Ἀκρισῆ
3622 2977 3728 3048 τῆς

2136 3077 2375 3141 διανοίας
2397 3076 2491 3130 τὸν
2517 3075 2794 3147 ὀφθαλμὸν
2830 3075 3230 3146 ἐπιστήσαντες
3263 3075 3329 3145 τῇ
3361 3071 3457 3125 τοῦ
3497 3076 3726 3141 πρόκει-

2140 3168 2306 3240 μένου
2335 3160 2585 3237 δυνάμει,
2611 3165 2983 3238 θεωρήσωμεν
3002 3164 3070 3218 τὰ
3096 3165 3155 3218 ἐν
3185 3162 3355 3233 αὐτῷ.
3376 3161 3542 3215 Ποίαν
3564 3158 3727 3224 δόξαν

2136 3256 2420 3328 εἰληφέναι
2443 3256 2580 3328 φησὶ
2617 3255 2767 3327 παρὰ
2805 3254 2898 3309 τοῦ
2924 3255 3138 3326 Πατρδς
3168 3255 3197 3309 6
3226 3252 3373 3321 Υἱὸς,
3399 3252 3493 3306 καὶ
3514 3249 3725 3320 ταύτην

2139 3350 2271 3421 ἡμῖν
2297 3347 2573 3403 ἐπιδοῦναι
2594 3364 2609 3412 ;
2636 3348 2806 3411 Αὐτὸς
2831 3346 2889 3400 δὲ
2917 3348 3069 3418 ἡμᾶς
3087 3346 3189 3417 τῆς
3214 3345 3307 3399 ἐπὶ
3333 3343 3545 3408 τούτοις
3565 3342 3724 3416 ξρεσ-

2134 3455 2233 3510 νης
2259 3436 2587 3501 ἀπαλλάξει,
2612 3436 2785 3505 λέγων
2804 3452 2819 3467 '
2856 3436 3001 3489 (Ἵνα
3025 3429 3149 3501 ὦσι,
3182 3434 3364 3499 καθὼς
3393 3435 3578 3506 ἡμεῖς,
3601 3433 3680 3485 ἓν.
3697 3451 3717 3483 ι

2146 3527 2236 3581 Ἐν
2269 3527 2368 3597 μὲν
2392 3526 2503 3597 γὰρ
2526 3528 2591 3597 τῇ
2616 3528 2823 3596 φυσικῇ
2856 3525 3145 3597 ταυτότητι
3177 3524 3236 3578 ἐν
3270 3524 3415 3578 ἐστιν
3448 3526 3476 3577 6
3498 3525 3562 3577 ἐκ
3581 3521 3720 3576 Θεοῦ

2133 3616 2305 3685 Λόγος
2337 3616 2474 3687 πρὸς
2517 3615 2606 3669 τὸν
2641 3614 2835 3669 ἑαυτοῦ
2867 3616 3110 3688 Πατέρα,
3147 3616 3195 3668 εί
3230 3616 3324 3670 καὶ
3352 3615 3550 3670 νοεῖται
3584 3613 3728 3667 καθ’

2137 3710 2433 3763 ὑπόστασιν
2464 3708 2723 3777 ἑκάτερος
2756 3708 2950 3778 ίδικήν.
3003 3705 3129 3772 Πῶς
3156 3707 3214 3761 δὲ
3243 3707 3333 3761 καὶ
3365 3708 3422 3762 ἐν
3450 3708 3582 3778 ἡμῖν
3620 3705 3721 3774 γέ-

2136 3818 2296 3871 γονε;
2324 3798 2482 3853 Κατὰ
2511 3799 2601 3853 τὸν
2629 3800 2742 3853 ίσον
2772 3800 2992 3871 τρόπον,
3026 3798 3301 3863 ούσιωδῶς
3326 3798 3391 3869 δὴ
3426 3798 3591 3867 λέγω,
3620 3799 3720 3849 καὶ

2134 3886 2413 3956 φυσικῶςο
2447 3885 2542 3940 καί
2576 3903 2659 3939 τοι
2694 3886 2829 3940 Θεοῦ
2883 3887 3044 3956 φύσις
3089 3886 3403 3957 ἀσύμϐατος
3437 3885 3718 3949 παντελῶς

2131 3978 2217 4048 εἴη
2264 3978 2331 4032 ἂν
2381 3976 2518 4049 πρὸς
2554 3977 2652 4048 τὴν
2699 3978 2898 4045 κτίσιν,
2929 3979 3007 4042 ὡς
3054 3980 3114 4033 ἐν
3151 3979 3440 4049 ταυτότητι
3472 3977 3615 4047 λέγω
3646 3982 3715 4051 τῇ

2131 4071 2257 4124 κατ’
2287 4070 2495 4124 οὐσίαν.
2521 4069 2647 4134 Πῶς
2683 4066 2777 4125 οὖν
2805 4072 2864 4126 ἐν
2886 4073 3017 4141 ἡμῖν
3040 4071 3231 4140 γέγονε
3264 4070 3509 4139 φυσικῶς
3527 4070 3555 4123 6
3576 4069 3716 4139 ὑπὲρ

2129 4160 2230 4233 τὴν
2263 4161 2478 4229 κτίσιν;
2509 4161 2706 4231 Γέγονε
2740 4162 2849 4234 γὰρ
2879 4161 3187 4234 ἄνθρωπος,
3223 4162 3310 4216 ἵνα
3341 4159 3532 4232 ὥσπερ
3562 4159 3718 4212 ἐστὶν

2128 4256 2226 4310 lvi
2268 4258 2335 4327 τῇ
2362 4256 2463 4327 τῆς
2496 4254 2750 4327 θεότητος
2787 4255 2949 4325 φύσει
2981 4256 3119 4327 πρὸς
3161 4256 3253 4310 τὸν
3299 4255 3541 4327 Πατέρα,
3569 4251 3717 4306 οὕτω

2129 4343 2226 4399 καὶ
2249 4344 2385 4417 πρὸς
2412 4346 2560 4415 ἡμᾶς
2588 4343 2647 4397 ἒν
2684 4345 2912 4415 γένηται
2943 4345 3129 4415 σχέσει
3160 4347 3227 4416 τῇ
3257 4344 3402 4399 κατὰ
3426 4342 3714 4415 ἀνθρωπά-

2126 4453 2269 4507 τητα
2286 4453 2298 4466 ·
2335 4433 2735 4506 τετελειώμεθα
2759 4435 2869 4508 γὰρ
2897 4434 3041 4491 οὕτω
3067 4437 3162 4492 καὶ
3197 4440 3360 4508 ἡμεῖς
3388 4439 3470 4502 είς
3496 4438 3577 4493 ἓν.

436 4531 659 4588 omnino
723 4544 1032 4589 creaturam
1083 4531 1341 4589 excellit?
1389 4530 1621 4589 Verbum
1676 4533 1883 4589 factum
1937 4541 2023 4589 est
2060 4533 2246 4599 immo,
2278 4540 2338 4586 ut
2399 4530 2881 4600 quemadmodum,
2910 4533 3055 4604 quod
3126 4534 3342 4603 quidem
3377 4535 3445 4589 ad
3491 4533 3717 4590 deitatts

437 4633 689 4679 naturam
719 4635 949 4695 spectat,
983 4641 1151 4681 unum
1179 4635 1232 4682 et
1283 4625 1426 4681 idem
1455 4635 1539 4682 est
1585 4640 1708 4682 cum
1772 4625 2053 4693 Patre,ita
2093 4624 2395 4682 secundum
2430 4631 2637 4680 naturae
2706 4624 2959 4681 humanae
3009 4624 3381 4683 habitudinem
3414 4628 3487 4684 sit
3538 4643 3713 4683 unum

435 4735 651 4792 quoque
680 4722 986 4778 nobiscum.
1023 4722 1137 4778 Hac
1166 4723 1311 4778 enim
1351 4725 1560 4781 ratione
1594 4740 1692 4783 nos
1713 4738 1934 4796 quoque
1956 4724 2008 4779 in
2049 4724 2313 4779 unitatem
2342 4723 2705 4780 consummati
2751 4738 2962 4780 sumus.

515 4825 536 4861 ι
565 4809 699 4864 Cum
739 4826 869 4882 ergo
906 4826 1030 4869 sero
1063 4821 1207 4869 esset
1241 4814 1328 4870 die
1356 4814 1466 4880 illo,
1492 4832 1597 4869 una
1630 4815 2023 4881 Sabbatorum,

2209 4833 2228 4866 ι
2260 4811 2443 4885 Οῦσης
2491 4808 2585 4869 οὖν
2630 4813 2788 4884 ὀψίας
2818 4818 2886 4888 τῇ
2921 4815 3107 4888 ἡμέρᾳ
3137 4815 3344 4888 ἐκείνῃ,
3369 4819 3437 4888 τῇ
3474 4817 3574 4886 μιᾷ
3597 4817 3711 4870 τῶν

431 4910 485 4956 et
521 4898 664 4957 fores
685 4913 869 4957 essent
907 4904 1124 4972 clausae,
1150 4906 1241 4962 ubi
1281 4916 1438 4962 erant
1488 4907 1737 4977 discipuli
1788 4922 2025 4978 congre-

432 4992 543 5062 gati
576 5001 799 5062 propter
825 5005 1027 5049 metum
1046 4995 1380 5064 Iudaeorum,
1418 5000 1568 5051 venit
1595 4997 1773 5063 Jesus,
1807 5007 1864 5053 et
1903 5008 2017 5053 ste-

435 5083 500 5137 tit
529 5083 584 5136 in
619 5082 817 5149 medio,
850 5093 906 5138 et
937 5084 1074 5140 dixit
1119 5086 1234 5142 eis:
1262 5085 1371 5140 Pax
1411 5087 1565 5142 vobis
1613 5086 1679 5141 ¹³.
1714 5106 1732 5139 ι
1766 5083 1882 5143 Non
1910 5086 2015 5140 im-

2125 4905 2441 4972 Σαϐϐάτων,
2471 4907 2563 4960 καὶ
2590 4906 2699 4961 τῶν
2727 4905 2908 4979 θυρῶν
2938 4907 3359 4978 κεκλεισμένων,
3398 4908 3532 4961 ὅπου
3566 4902 3709 4979 ἦσαν

2123 5000 2175 5052 οἱ
2214 4997 2455 5070 μαθηταὶ
2491 4998 2819 5069 συνηγμένοι
2851 4998 2943 5053 διὰ
2964 4999 3056 5053 τὸν
3086 4998 3249 5070 φόϐον
3274 5000 3384 5054 τῶν
3417 4999 3705 5065 Ἰουδαίων,

2116 5085 2283 5160 ἦλθεν
2322 5092 2351 5142 6
2392 5087 2621 5161 Ἰησοῦς,
2654 5091 2749 5143 καὶ
2790 5090 2924 5162 ἔστη
2975 5093 3056 5156 εἰς
3096 5091 3157 5146 τὸ
3201 5091 3385 5162 μέσον,
3413 5093 3508 5146 καλ⁵
3552 5091 3706 5161 λέγει

434 5176 635 5230 merito
688 5174 1019 5232 dubitaverit
1068 5177 1160 5233 hic
1208 5178 1509 5247 quispiam,
1538 5193 1603 5234 ac
1650 5178 1850 5234 dixerit
1890 5195 1904 5231 :
1953 5177 2013 5232 Si

2138 5180 2329 5243 ιύτοῖς·
2363 5179 2568 5252 Εἰρήνη
2614 5180 2764 5250 ὑμῖν.
2798 5198 2817 5231 ι
2839 5179 3219 5252 Ἐπαπορήσαι
3262 5199 3345 5244 τις
3371 5180 3437 5239 ἂν
3472 5182 3615 5236 κατὰ
3644 5183 3705 5235 τὸ

433 5262 671 5323 Verbum
692 5277 814 5338 post
843 5269 1298 5325 resurrectionem
1327 5270 1550 5339 perinde
1589 5286 1654 5326 ac
1683 5280 1809 5326 ante
1850 5284 2015 5326 vene-

2138 5267 2264 5331 :ixb;
2314 5267 2518 5335 λέγων·
2549 5266 2612 5322 El
2651 5271 2711 5323 ὲν
2742 5268 2956 5340 σώματι
2983 5269 3078 5324 καὶ
3111 5270 3252 5341 μετὰ
3286 5272 3383 5343 τὴν
3406 5272 3703 5328 ἀνάστασιν

434 5359 656 5414 randam
683 5375 901 5416 crucem
936 5362 989 5415 in
1024 5374 1253 5431 corpore
1281 5369 1420 5426 erat,
1447 5362 1719 5431 quomodo
1741 5361 2014 5418 conclusis

2138 5358 2182 5432 iv
2207 5364 2236 5416 6
2262 5361 2454 5430 Λόγος,
2480 5360 2626 5416 καθὰ
2668 5361 2763 5416 καὶ
2804 5360 2911 5431 πρὸ
2948 5360 3043 5413 τοῦ
3072 5362 3256 5432 τιμίου
3291 5363 3548 5435 σταυροῦ,
3585 5366 3703 5430 πῶς,

504 5513 548 5550 ⁸⁸
572 5514 730 5574 Joan.
765 5532 880 5583 ιιι,
907 5516 1000 5585 23,
1021 5519 1113 5573 24.
1193 5517 1240 5551 ³ο
1276 5517 1405 5575 ibid.
1433 5517 1524 5583 26,
1555 5517 1647 5572 27.
1727 5519 1770 5549 ²¹
1800 5518 1960 5577 Joan.
1990 5536 2035 5574 xi

2146 5520 2202 5578 5.
2274 5522 2320 5552 ³³
2343 5521 2475 5580 ibid.
2506 5522 2695 5578 2l-25.

2775 5521 2820 5555 "
2852 5520 3009 5579 Joan.
3035 5538 3126 5591 xx,
3164 5524 3249 5582 l9.

1507 5612 1681 5667 Varias
1713 5611 1973 5670 lectiones
2009 5616 2215 5670 codicis
2241 5615 2609 5687 Seguicriani.

514 5725 627 5779 ilo‘.
659 5724 739 5783 ἐν.

509 5818 553 5883 (l
570 5830 585 5884 )
624 5816 722 5872 Hic
759 5826 814 5873 et
833 5815 973 5873 infra
1004 5819 1275 5886 interpres
1306 5819 1431 5891 legit
1464 5818 1540 5887 ἐν,
1581 5819 1671 5875 ubi
1704 5821 1761 5875 ἐν
1790 5820 2062 5892 vulgatum
2091 5829 2197 5876 est.
