4060 6422
401 439 540 494 ΙὶἸῦ

1497 432 1586 487 DE
1623 433 1852 490 RECTA
1899 433 2056 488 FIDE
2093 433 2180 487 AI)
2219 432 2536 490 REGINAS.

3513 435 3650 491 ΗΠ

399 555 800 626 κεκλεισμένων
827 552 936 608 τῶν
966 549 1146 624 θυρῶν
1177 550 1454 622 ἀδοκήτως
1500 552 1582 613 είς
1627 551 1793 619 μέσον
1821 549 1961 620 ῶφθτ

2083 549 2287 604 foribus
2320 551 2372 603 in
2401 550 2582 604 medio
2637 548 3024 620 discipulorum
3063 563 3130 604 ex
3182 548 3456 618 insperato
3489 564 3654 620 appa-

394 647 507 701 -τεῖδν
562 646 856 718 μαθητῶν;
889 645 1033 716 Πρὸς
1059 645 1218 698 τοῦτό
1268 659 1470 712 φαμεν,
1500 643 1582 694 ὅτι
1624 643 1853 713 δυνάμει
1905 645 1971 714 τῇ

397 735 576 806 θεῖκῇ.
611 733 939 805 Μεμνῆσθαι
967 732 1048 786 δεῖ
1081 730 1296 784 Παύλου
1334 729 1604 797 λέγοντος,
1639 729 1720 781 ὅτι
1756 747 1773 779 ο
1809 728 1970 781 Ὥστε

397 829 562 898 ήμεῖς
599 826 707 880 ἀπὸ
735 824 830 878 τοῦ
877 823 974 877 νῦν
1013 823 1200 876 οὐδένα
1239 822 1460 892 οἴδαμεν
1495 820 1636 873 κατά
1669 818 1878 889 σάρκα·
1924 819 1974 870 εί

394 918 453 971 δὲ
497 919 592 971 καὶ
639 915 958 987 ἐγνώκαμεν
1001 914 1143 968 κατά
1193 915 1372 979 σάρκα
1412 912 1667 984 Χριστὸν,
1696 910 1834 965 ἀλλά
1879 909 1974 963 νῦν

397 1007 580 1062 οὐκέτι
623 1005 984 1076 γινώσκομεν.
1019 1025 1038 1056 ι
1089 1005 1244 1059 Μετά
1282 1005 1390 1074 γάρ
1419 1020 1502 1056 τοι
1527 1003 1626 1075 τὴν
1667 1005 1732 1056 ἐκ
1763 1002 1974 1074 νεκρῶν

395 1100 713 1163 ἀναϐίωσιν,
745 1099 821 1162 ὡς
850 1097 1240 1167 τετελεσμένης
1265 1096 1364 1166 ήδη
1398 1095 1497 1165 τῆς
1531 1095 1843 1165 οἰκονομίας
1877 1095 1974 1162 ἐφ’

395 1186 432 1263 ᾖ
463 1192 556 1245 καὶ
591 1193 623 1261 ὴ
669 1191 768 1256 τῆς
803 1189 1004 1259 σαρκὸς
1051 1188 1316 1258 ἀνάληψις
1352 1187 1638 1258 sument
1676 1188 1970 1258 χρειωδῶς,

395 1282 617 1352 ἐξουσίᾳ
661 1283 755 1335 καὶ
799 1281 1026 1351 δυνάμει
1067 1279 1335 1351 κέχρηται
1381 1283 1448 1350 τῇ
1502 1279 1829 1350 θεοπρεπεῖ,
1884 1279 1973 1332 διά

393 1374 601 1428 τούτων
635 1373 854 1444 μᾶλλον,
901 1374 933 1442 ἢ
973 1371 1062 1425 διὰ
1103 1372 1213 1425 τῶν
1256 1373 1354 1442 τῆς
1391 1370 1675 1434 κενώσεως
1706 1371 1917 1441 μέτρων
1942 1371 1971 1410 κ

395 1463 857 1535 ἐπιγινώσκεσθαι
887 1464 1073 1528 θέλων,
1101 1463 1177 1527 ὡς
1214 1464 1272 1516 ἐν
1311 1462 1488 1534 καιρῷ
1516 1463 1833 1531 καθήκοντι.

473 1664 493 1698 ι
520 1644 630 1698 Καὶ
665 1642 823 1697 τοῦτο
859 1641 1050 1708 είπὼν,
1080 1642 1402 1712 ἐνεφύσησε,
1438 1641 1532 1694 καὶ
1565 1641 1714 1710 λέγει
1743 1641 1927 1704 αὐτοῖς
1949 1655 1968 1673 ο

393 1736 603 1790 Λάϐετε
622 1734 847 1805 Πνεῦμα
872 1735 1155 1804 ἆγιον.Ἀν
1176 1751 1335 1787 τινων
1358 1733 1534 1803 ἀφῆτε
1557 1733 1654 1796 τάς
1677 1733 1968 1804 ἁμαρτίας,

392 1822 679 1896 ἀφίενταιι
710 1825 892 1887 αὐτοῖς
916 1836 930 1851 '
959 1823 1025 1878 ἄν
1056 1839 1217 1876 τινων
1249 1821 1512 1891 κρατῆτε,
1540 1821 1962 1890 κεκράτηνται.»

393 1917 555 1972 Ὄλον
581 1918 698 1970 ἐστὶ
725 1916 1024 1987 θεοπρεπὲς
1057 1915 1119 1967 τὸ
1145 1911 1529 1984 γεγενημένον,
1575 1912 1670 1965 καὶ
1710 1911 1803 1964 τοῦ
1835 1928 1969 1963 παν⁸
2003 1904 2044 1965 Β

389 2008 485 2070 τὸς
514 2007 660 2072 ἄξιον
687 2006 867 2075 λόγου,
892 2005 1114 2077 Πρῶτον
1145 2005 1244 2074 μὲν
1274 2005 1383 2074 γὰρ
1411 2003 1510 2056 οὐκ
1536 2001 1874 2073 ἀνθρώπινον
1906 2002 1966 2056 τὸ

391 2099 708 2168 ἐμφυσῆσαι
751 2100 862 2160 τοῖς
895 2095 1234 2157 ἀποστόλοις,
1265 2094 1360 2147 κα)⁸
1399 2093 1581 2146 δοῦναι
1623 2093 1683 2145 τὸ
1716 2092 1960 2162 Πνεῦμα.

388 2183 526 2242 Εἴτα
559 2189 720 2260 μέγα,
754 2189 847 2242 καὶ
884 2188 1022 2258 ὑπὲρ
1053 2187 1152 2257 τὴν
1187 2186 1386 2247 κτίσιν,
1425 2184 1486 2236 τὸ
1523 2183 1780 2253 τοιαύτην
1810 2184 1962 2248 ἐξου-

390 2279 511 2332 σίαν
565 2281 889 2349 παρασχεῖν,
929 2277 1070 2331 ὥστε
1118 2278 1361 2347 κρατεῖν,
1397 2267 1471 2328 ὧν
1514 2274 1580 2330 ἂν
1609 2274 1831 2337 ἕλοιντο,
1865 2271 1964 2335 τάς

387 2372 704 2444 ἁμαρτίαςο
752 2371 972 2441 ἀφιέναι
1009 2371 1067 2424 δὲ
1108 2371 1204 2424 καὶ
1237 2365 1318 2434 οἷς
1354 2369 1421 2423 ἂν
1456 2368 1727 2440 βούλοιντο
1772 2367 1956 2436 τυχόν.

387 2465 489 2518 Διά
538 2463 590 2517 τί
636 2465 693 2517 δὲ
737 2465 830 2517 καὶ
859 2464 947 2516 διά
980 2461 1242 2534 σαρκικοῦ
1285 2463 1607 2533 φυσήματος
1647 2460 1708 2513 τὸ
1738 2460 1962 2530 Πνεῦμα

386 2555 642 2621 δίδωσιν;
673 2555 796 2608 Ὅτι
833 2557 907 2626 μή
939 2555 1194 2626 ἀλλοτρία
1222 2553 1316 2607 τοῦ
1345 2554 1519 2622 Λόγου
1551 2552 1772 2622 γέγονεν
1799 2550 1963 2604 αὐτοῦ

2078 639 2222 695 ruit?
2263 642 2342 695 Ad
2373 643 2477 696 hoc
2527 642 2914 712 respondemus
2948 641 3130 696 divina
3185 642 3382 695 virtute
3442 643 3651 696 factum

2075 731 2128 786 id
2157 746 2296 787 esse.
2328 731 2432 786 Par
2455 741 2539 787 est
2590 739 2791 796 autem,
2827 739 2884 785 ut
2941 730 3090 786 Pauli
3160 733 3363 786 dictum
3399 731 3505 785 hoc
3533 731 3654 786 loco

2075 819 2128 874 in
2162 830 2396 875 mentem
2449 835 2803 888 revocemus;
2832 822 2910 876 ait
2953 822 3000 876 is
3042 835 3220 876 vero:
3264 840 3283 872 ‹
3329 820 3518 891 Itaque
3551 836 3654 876 nos

2075 927 2139 967 ex
2169 912 2270 966 hoc
2304 912 2574 967 neminem
2625 913 2880 966 novimus
2926 913 3222 966 secundum
3257 925 3472 966 carnem
3499 929 3512 966 :
3544 912 3652 968 etsi

2074 1002 2422 1070 cognovimus
2452 1003 2749 1057 secundum
2785 1016 3004 1056 carnem
3037 1002 3338 1067 Christum,
3381 1004 3474 1057 sed
3505 1019 3652 1058 nunc

2075 1106 2180 1144 non
2231 1091 2483 1146 novimus
2519 1091 2583 1146 “.
2633 1111 2653 1144 ι
2702 1092 2845 1146 Sane
2889 1103 3014 1160 post
3069 1092 3528 1147 resurrectionem
3583 1107 3651 1147 ex

2075 1185 2325 1250 mortuis,
2381 1185 2799 1256 dispensationis
2881 1188 3174 1256 mysterio,
3231 1199 3453 1258 propter
3509 1191 3651 1260 quod

2074 1289 2291 1329 carnem
2317 1276 2604 1331 salubriter
2627 1286 3016 1346 assumpserat,
3034 1277 3144 1346 jam
3177 1278 3440 1345 perfecto,
3465 1279 3647 1333 divina

2073 1364 2272 1417 virtute
2306 1375 2360 1419 et
2411 1375 2678 1434 potestate
2718 1368 2972 1420 utebatur
3003 1383 3018 1420 :
3049 1376 3107 1420 ut
3135 1369 3226 1435 qui
3259 1367 3420 1422 veluti
3450 1382 3649 1437 oppor-

2075 1467 2206 1509 tuno
2234 1465 2476 1525 tempore
2503 1471 2595 1525 per
2616 1471 2677 1510 ea
2713 1459 2912 1526 potius,
2930 1471 3091 1526 quam
3129 1471 3226 1526 per
3250 1459 3648 1512 exinanitionis

2073 1547 2429 1614 conditiones,
2455 1548 2675 1616 agnosci
2701 1549 2962 1603 voluerit.

2149 1655 2169 1690 ι
2200 1638 2265 1692 Ει
2296 1652 2418 1692 cum
2444 1639 2546 1692 hoc
2573 1637 2824 1704 dixisset,
2851 1640 3168 1705 insumavit,
3197 1649 3254 1693 et
3281 1639 3461 1694 dixit:
3489 1639 3649 1695 Acci-

2072 1729 2180 1797 pite
2209 1729 2468 1798 Spiritum
2499 1739 2747 1784 sanctum
2771 1749 2784 1785 :
2806 1746 3034 1800 quorum
3060 1732 3384 1787 remiseritis
3406 1741 3643 1802 peccata.

2073 1821 2426 1876 remittuntur
2486 1821 2602 1886 eis;
2643 1829 2698 1875 et
2743 1837 2975 1892 quorum
3037 1823 3394 1888 retinueritis,
3437 1831 3646 1876 retenta

2071 1923 2198 1968 sunt
2223 1914 2290 1967 ".
2360 1932 2380 1965 ι
2443 1913 2716 1984 Quidquid
2767 1915 2857 1969 hic
2901 1915 3102 1970 factum
3150 1923 3500 1980 memoratur,
3547 1915 3649 1970 hoc

2073 2015 2245 2060 totum
2297 2005 2565 2074 divinum,
2594 2021 2898 2076 magnaque
2949 2007 3389 2062 consideratione
3424 2007 3644 2076 dignum

2070 2107 2170 2152 est.
2203 2096 2384 2150 Primo
2410 2113 2643 2167 namque
2678 2114 2786 2152 non
2825 2106 2944 2153 erat
2970 2099 3218 2152 humana:
3249 2108 3457 2152 naturae
3482 2113 3641 2166 opus,

2033 2177 2046 2188 “
2071 2200 2167 2254 per
2189 2186 2614 2242 exsumationem
2647 2188 2907 2257 apostolis
2948 2188 3210 2256 Spiritum
3263 2199 3510 2244 sanctum
3559 2191 3644 2243 iu-

2070 2277 2314 2333 fundere.
2351 2277 2556 2333 Deinde
2592 2280 2769 2350 majus
2800 2280 3078 2350 quiddam,
3104 2279 3499 2350 sublimiusque
3529 2290 3637 2346 est,

2071 2383 2230 2439 quam
2254 2371 2395 2438 quod
2428 2370 2480 2424 in
2509 2381 2814 2426 creaturam
2849 2374 3024 2436 cadat,
3055 2381 3256 2425 tantam
3284 2372 3388 2426 illis
3405 2381 3645 2440 potesta-

2073 2469 2178 2516 tem
2244 2461 2536 2530 impertiri,
2593 2463 2702 2532 87
2759 2472 2818 2518 ut
2872 2477 3102 2532 quorum
3156 2463 3361 2518 vellent
3423 2471 3643 2532 peccata

2068 2553 2327 2619 retinere,
2361 2563 2417 2608 et
2447 2569 2678 2624 quorum
2719 2569 2907 2609 rursus
2942 2557 3116 2610 visum
3165 2564 3321 2625 esset.
3371 2555 3643 2617 relaxare,

387 2647 422 2716 ἡ
470 2645 627 2716 σὰρξ,
661 2644 796 2698 ἀλλά
827 2644 1008 2708 ἱδικῶς
1037 2643 1225 2698 αὐτοῦ.
1256 2644 1367 2698 Καὶ
1399 2642 1740 2714 ἀνθρώπινον
1777 2641 1876 2712 μὲν
1903 2640 1961 2693 τὸ

2065 2655 2310 2713 possent.
2363 2644 2435 2698 At
2484 2661 2582 2700 cur
2629 2661 2894 2716 corporeo
2941 2647 3069 2700 Ilatu
3121 2647 3332 2716 impetit
3385 2644 3644 2714 Spiritum

384 2737 472 2790 διὰ
522 2737 722 2806 σαρκὸς
765 2735 1100 2808 ἐμφύσημα,
1138 2736 1323 2805 θεῖκῆς
1351 2735 1409 2788 δὲ
1465 2734 1748 2803 δυνάμεως
1800 2733 1961 2802 ἔργον

2065 2735 2352 2790 sanctum?
2385 2735 2508 2791 ideo
2566 2737 2848 2800 nimirum,
2887 2746 2946 2790 ut
3006 2753 3222 2792 carnem
3256 2751 3284 2790 a
3321 2737 3494 2792 Verbo
3537 2752 3644 2792 non

383 2825 446 2878 τὸ
478 2827 738 2898 μετόχους
766 2825 1042 2895 ἀποφῆναι
1073 2825 1168 2879 τοῦ
1208 2823 1526 2895 Πνεῦματος
1561 2823 1688 2886 τοὺς
1727 2821 1961 2892 ἠξιωμέ-

2064 2825 2433 2890 alienam,sed
2462 2827 2735 2895 propriam
2760 2827 2900 2881 illius
2920 2828 3200 2882 exstitisse
3250 2828 3644 2898 intelligamus.

2055 2907 2212 2986 .Adde
2237 2925 2518 2970 externam
2547 2916 2694 2970 illam
2717 2931 2813 2986 per
2834 2917 3018 2972 carnis
3049 2917 3410 2972 ministerium
3437 2919 3629 2973 exsuf-

383 3010 658 3066 ﬂationem
717 3012 1009 3067 humanam
1072 3008 1274 3076 fuisse,
1351 3007 1448 3064 sed
1518 3007 1756 3078 Spiritus
1807 3005 1986 3062 sancti
2023 3006 2322 3077 participes
2369 3007 2681 3078 dignatione
2733 3023 2830 3064 sua
2905 3007 3371 3078 edicerendivinze
3420 3009 3641 3065 virtutis

379 3088 518 3175 Opus
542 3104 837 3161 exstitisse.

384 2934 530 2981 νους.

603 3237 702 3291 Ἐκ
738 3236 845 3292 τοῦ
882 3235 1033 3292 κατὰ
1067 3235 1310 3293 Λουκᾶν
1345 3236 1739 3307 Εὑαγγελίου.

2377 3243 2463 3299 Ea:
2482 3243 2766 3314 Evangelia
2789 3243 3077 3298 secundum
3102 3241 3323 3298 Lucam.

455 3373 720 3442 Ἀγγελος
751 3373 887 3428 Θεοῦ
933 3373 1014 3444 τῷ
1058 3373 1303 3445 Ζαχαρία
1333 3373 1468 3444 φησὶ
1496 3374 1624 3444 περὶ
1658 3373 1752 3427 τοῦ
1799 3373 1955 3441 ἁγίου

2133 3380 2370 3449 Angelus
2401 3380 2497 3436 Dei
2545 3381 2823 3436 Zacharize
2877 3382 2944 3436 de
2994 3387 3186 3437 sancto
3232 3377 3476 3448 Baptista
3526 3377 3643 3432 hac

378 3465 689 3519 Βαπτιστοῦ
709 3480 724 3495 °
761 3485 780 3518 ι
810 3466 922 3518 Καὶ
949 3465 1100 3518 ἔσται
1125 3465 1269 3535 χαρά
1317 3482 1398 3518 σοι
1457 3465 1552 3518 καὶ
1595 3465 1914 3533 ἀγαλλίασις
1936 3483 1953 3498 ο

2063 3473 2317 3540 exponit:
2351 3491 2371 3524 ‹
2426 3472 2494 3526 Ει
2529 3473 2636 3526 erit
2688 3472 2946 3542 gaudium
3000 3471 3096 3526 tibi
3137 3479 3194 3526 et
3243 3469 3554 3532 exsultatio,
3591 3477 3642 3522 et

378 3557 474 3611 καὶ
513 3557 695 3611 πολλοὶ
720 3557 813 3610 ἐπὶ
832 3560 901 3628 τῇ
926 3557 1178 3627 γεννήσει
1204 3557 1369 3611 αὐτοῦ
1399 3559 1954 3628 χαρήσονται.Ἔσται

2064 3563 2216 3617 multi
2247 3563 2300 3616 in
2352 3563 2634 3617 nativitale
2681 3563 2796 3631 ejus
2833 3563 3164 3632 gaudebunt.
3196 3559 3316 3614 Erit
3345 3561 3488 3614 enim
3523 3575 3641 3612 ma-

376 3649 488 3720 γὰρ
523 3648 696 3718 μέγας
729 3646 957 3700 ἐνώπιον
987 3647 1216 3718 Κυρίου,
1249 3646 1343 3700 καὶ
1373 3642 1514 3700 οἶνον
1549 3645 1644 3700 καὶ
1677 3647 1872 3717 σίκερα
1893 3647 1954 3700 οὑ

380 3740 458 3810 μὴ
498 3742 619 3811 πίῃ,
651 3739 744 3794 καὶ
791 3739 1109 3810 Πνεῦματος
1154 3741 1309 3807 ἀγίου
1358 3739 1726 3811 πλησθήσεται
1765 3739 1844 3792 ἔτι
1889 3741 1955 3791 ἐκ

376 3831 586 3894 κοιλίας
615 3831 820 3902 μητρὸς
849 3830 1036 3884 αὐτοῦ.
1067 3831 1178 3884 Καὶ
1202 3831 1426 3894 πολλοὺς
1453 3832 1560 3886 τῶν
1580 3831 1711 3884 υἱῶν
1738 3830 1951 3901 Ἰσραὴλ

375 3921 694 3994 ἐπιστρέψει
725 3922 818 3974 ἐπὶ
847 3920 1053 3990 Κύριον
1096 3920 1188 3973 τὸν
1239 3921 1370 3974 Θεὸν
1399 3921 1598 3974 αὐτῶν.
1634 3940 1652 3972 ι
1674 3922 1731 3974 '0
1769 3921 1950 3991 μακά-

377 4030 497 4084 ριος
532 4013 806 4084 Ἰωάννης,
834 4012 1107 4084 ἐρομένων
1136 4012 1302 4066 αὑτὸν
1332 4013 1444 4065 τῶν
1483 4012 1751 4066 Ἰουδαίων
1771 4027 1786 4042 ο
1823 4031 1842 4064 ι
1876 4012 1949 4065 Σὺ

373 4105 460 4167 τίς
496 4099 572 4169 ei;
603 4122 622 4155 ι
659 4103 855 4174 φησιν’
893 4121 912 4154 ι
934 4101 1075 4170 Ἐγὼ
1105 4102 1256 4172 φωνὴ
1286 4102 1516 4171 βοῶντος
1542 4105 1600 4156 ἐν
1629 4106 1695 4174 τῇ
1721 4104 1946 4174 ἐρήμῳο

385 4197 746 4266 Ἑτοιμάσατε
780 4196 879 4268 τὴν
911 4196 1028 4251 ὁδὸν
1079 4194 1172 4248 τοῦ
1213 4195 1442 4266 Κυρίου,
1494 4195 1708 4260 εὐθείας
1745 4200 1949 4250 ποιεῖτε

371 4287 475 4352 τὰς
507 4288 728 4360 τρίϐους
763 4287 946 4342 αὐτοῦ.
977 4304 999 4338 ι
1037 4286 1406 4357 Προφητεύων
1431 4287 1488 4339 δὲ
1517 4287 1681 4351 αὐτὸς
1709 4289 1737 4339 ὁ
1767 4289 1946 4359 Ζαχα-

375 4381 501 4450 ρίας
548 4381 640 4433 ἐπὶ
686 4377 764 4450 τῷ
811 4379 925 4449 ίδίῳ
971 4378 1148 4442 παιδὶ,
1189 4378 1353 4448 φησι·
1391 4395 1409 4430 ι
1443 4379 1553 4433 Καὶ
1596 4379 1685 4445 σὺ,
1716 4379 1947 4445 παιδίον,

372 4473 664 4543 προφήτης
698 4470 954 4540 Ὑψίστου
988 4470 1268 4541 κληθήσῃο
1317 4471 1666 4554 προπορεύσῃ
1703 4471 1812 4541 γὰρ
1843 4471 1949 4544 πρὸ

2058 3670 2196 3724 gnus
2235 3670 2416 3710 coram
2444 3655 2694 3719 Domino,
2729 3657 2982 3710 etvinum
3006 3663 3060 3709 et
3080 3654 3311 3710 siceram
3335 3667 3440 3706 non
3466 3651 3638 3714 bibet,

2058 3758 2113 3803 et
2139 3747 2344 3818 Spiritu
2367 3760 2559 3804 sancto
2609 3748 2905 3818 replebitur
2938 3749 3118 3802 adhuc
3155 3762 3223 3802 ex
3254 3756 3414 3801 utero
3451 3744 3640 3797 matris

2058 3855 2202 3894 suae:
2233 3850 2290 3894 et
2317 3839 2512 3894 multos
2547 3839 2780 3893 ﬁliorum
2810 3838 2978 3894 Israel
3012 3847 3296 3893 convertet
3336 3838 3403 3890 ad
3453 3835 3639 3890 Domi-

2059 3945 2189 3983 num
2227 3928 2395 3984 Deum
2429 3931 2667 3998 ipsorum
2699 3929 2772 3982 ".
2807 3948 2828 3980 ι
2869 3929 3110 3982 Rursum
3175 3944 3299 3982 cum
3356 3927 3527 3982 Judaei
3571 3944 3635 3982 ex

2056 4021 2173 4088 ipso
2205 4022 2392 4076 eodem
2440 4020 2648 4075 Joanne
2698 4020 3116 4076 sciscitarentur
3154 4039 3169 4076 :
3207 4039 3226 4072 ι
3267 4021 3344 4074 ’I‘u
3389 4022 3512 4088 quis
3545 4021 3642 4074 es?

2056 4111 2352 4181 Respondit
2382 4111 2472 4167 ille
2500 4129 2514 4165 :
2541 4112 2650 4182 Ego
2684 4127 2785 4166 vox
2827 4112 3116 4167 clamantis
3149 4113 3202 4166 in
3249 4112 3495 4176 deserto,
3539 4109 3638 4164 Pa-

2054 4211 2171 4256 rate
2191 4202 2334 4255 viam
2375 4201 2608 4266 Domini,
2651 4212 2826 4256 rectas
2878 4201 3041 4257 facite
3093 4202 3319 4257 semitas
3361 4200 3566 4270 ejus”.
3614 4218 3634 4251 ι

2057 4293 2298 4348 Tandem
2335 4293 2568 4360 ipsemet
2599 4292 2894 4348 Zacharias
2949 4295 3017 4349 de
3059 4293 3279 4363 proprio
3311 4292 3422 4347 ﬁlio
3449 4293 3641 4347 vatici-

2053 4400 2214 4449 nans,
2252 4386 2322 4439 ita
2357 4384 2544 4440 fatur:
2579 4402 2597 4436 ι
2633 4384 2702 4440 Et
2734 4397 2811 4451 tu,
2869 4401 3026 4457 puer,
3069 4386 3332 4454 propheta
3365 4383 3632 4439 Altissimi

2053 4477 2333 4532 vocaberis
2366 4477 2624 4547 :prseibis
2669 4479 2814 4532 enim
2876 4487 3002 4532 ante
3053 4477 3247 4533 faciem
3289 4476 3498 4531 Domini
3537 4493 3634 4547 pa-

371 4563 668 4635 προσώπου
696 4563 925 4632 Κυρίου,
950 4562 1239 4632 ἑτοιμάσαι
1267 4561 1420 4625 ὁδοὺς
1443 4561 1632 4629 αὐτοῦ,
1649 4563 1744 4616 τοῦ
1767 4562 1950 4618 δοῦναι

2063 4581 2182 4622 rare
2202 4568 2315 4623 vias
2341 4568 2461 4636 ejus
2493 4586 2508 4622 :
2541 4570 2607 4624 ad
2659 4570 2891 4624 dandam
2942 4567 3228 4623 scientiam
3264 4567 3456 4623 salutis
3494 4567 3636 4636 plebi

370 4656 578 4725 γνῶσιν
608 4655 883 4725 σωτηρίας
911 4653 990 4724 τῷ
1013 4653 1128 4723 λαῷ
1160 4653 1345 4718 αὐτοῦ,
1363 4654 1420 4706 ἐν
1449 4654 1641 4722 ἀφέσει
1667 4652 1950 4724 ἁμαρτιῶν

369 4747 574 4802 αὐτῶν.
605 4766 624 4798 ι
675 4745 1005 4817 Προεϐάδιζε
1055 4746 1165 4815 γὰρ
1212 4745 1307 4800 τοῦ
1345 4746 1606 4816 Χριστοῦ,
1638 4748 1732 4800 καὶ
1784 4748 1948 4801 αὑτοῦ

369 4838 566 4907 γέγονε
615 4837 943 4908 πρόδρομος,
969 4835 1064 4888 καὶ
1092 4834 1241 4904 αὐτῷ
1267 4835 1366 4899 τὰς
1413 4837 1568 4900 ὁδοὺς
1617 4837 1948 4908 προετοιμά-

370 4929 564 4994 ζεσθαι
606 4928 948 4999 διεκήρυττε,
994 4926 1090 4980 καὶ¹
1139 4925 1230 4979 τὸν
1274 4927 1363 4978 ἐπ’
1411 4927 1562 4998 αὐτῷ
1607 4931 1949 5000 προεφήτευε

367 5021 548 5089 λόγον,
577 5019 924 5089 ἐπιστρέφων
953 5017 1028 5080 ὡς
1069 5018 1161 5070 ἐπὶ
1201 5015 1322 5087 Θεῷ
1367 5017 1608 5072 δικαιοῦν
1650 5020 1948 5090 ίσχύοντιπι

367 5116 496 5178 τοὺς
519 5115 576 5166 ἐν
613 5112 930 5183 ἁμαρτίαις.
963 5105 1118 5178 Εἶτα,
1154 5109 1272 5172 πῶς
1303 5110 1365 5162 οὐ
1393 5109 1525 5176 Θεὸς
1553 5113 1581 5165 ὁ
1608 5113 1876 5183 Χριστὸς;

446 5307 464 5338 ι
498 5277 665 5347 Οὗτος
699 5283 851 5337 ἐσται
885 5285 1080 5355 μέγας,
1113 5284 1208 5338 καὶ
1240 5283 1352 5346 υίὸς
1386 5284 1640 5355 Ὑψίστου
1683 5288 1948 5359 κληθήσε-

366 5394 488 5431 trav
524 5377 621 5429 καὶ
641 5376 801 5429 δώσει
828 5375 977 5446 αὐτῷ
997 5375 1201 5446 Κύριος
1231 5378 1258 5429 ὁ
1281 5375 1414 5441 Θεὸς
1442 5377 1534 5432 τὸν
1571 5378 1760 5449 θρόνον
1785 5381 1948 5434 Δαυῖδ

2057 4656 2174 4724 ejus
2227 4657 2282 4710 in
2333 4657 2709 4712 remissionem
2757 4666 3104 4726 peccatorum
3163 4671 3350 4710 eorum
3374 4656 3440 4710 ’⁸.
3477 4676 3495 4708 ι
3542 4657 3635 4711 Ille

2056 4761 2293 4815 namque
2317 4746 2593 4802 Christum
2625 4747 2885 4813 anteibat,
2910 4745 3261 4814 ejusdemque
3293 4745 3472 4800 factus
3499 4762 3637 4816 pra:-

2057 4853 2269 4904 cursor,
2318 4847 2377 4893 ut
2423 4839 2568 4893 viam
2627 4839 2701 4893 illi
2746 4846 3136 4908 praepararent,
3171 4838 3548 4906 annuntiabat,
3583 4849 3638 4894 et

2055 4930 2436 5000 propheticum
2474 4929 2752 4983 oraculum
2795 4931 2861 4983 de
2909 4929 3000 4983 illo
3059 4931 3252 4992 edens,
3279 4929 3346 4982 ad
3401 4945 3548 4994 eum,
3579 4940 3638 4984 ut

2057 5019 2149 5090 qui
2175 5018 2476 5086 justiﬁcare
2527 5029 2706 5088 potest
2745 5020 2983 5089 peccatis
3005 5019 3277 5076 obnoxios
3339 5020 3415 5073 uti
3466 5019 3631 5086 Deus,

2055 5111 2429 5172 convertebat.
2465 5109 2532 5164 Et
2576 5111 2756 5167 adhuc
2808 5111 3141 5177 dubitamus,
3193 5109 3430 5166 fueritne
3491 5107 3635 5164 Deus

2053 5201 2341 5255 Christus?

2133 5311 2150 5344 ι
2181 5292 2280 5348 llic
2313 5293 2419 5349 crit
2459 5309 2712 5365 magnus,
2745 5305 2799 5352 et
2822 5296 2990 5352 Filius
3015 5293 3276 5350 Altissimi
3311 5291 3589 5348 vocabitur
3619 5310 3632 5344 :

2053 5392 2108 5439 et
2131 5385 2279 5440 dabit
2313 5386 2364 5441 ei
2399 5386 2657 5445 Dominus
2687 5388 2831 5446 Deus
2889 5387 3074 5444 sedem
3107 5386 3274 5442 David
3306 5384 3476 5456 patris
3495 5383 3632 5457 ejus,

443 5533 488 5563 “
513 5533 555 5587 II
583 5535 708 5588 Cor.
741 5547 794 5598 v,
829 5532 918 5588 16.
994 5534 1040 5566 ’⁸
1064 5533 1220 5590 Joan.
1256 5548 1348 5599 xx,
1375 5533 1463 5588 22.
1538 5535 1586 5565 ²⁶
1625 5532 1755 5591 Luc.
1796 5551 1849 5604 ι,
1891 5539 1954 5593 M

2066 5578 2079 5592 .
2155 5540 2200 5571 ’⁷
2235 5540 2393 5598 Joan.
2422 5546 2460 5611 ι,
2498 5545 2588 5602 I9.
2665 5548 2710 5580 ³⁸
2742 5546 2873 5604 Luc.
2911 5561 2950 5613 ι,
2977 5542 3064 5598 76.

1439 5689 1613 5746 Varia:
1644 5691 1902 5748 lectiones
1933 5696 2136 5752 codicis
2161 5699 2517 5768 Seguieriani.

443 5821 781 5894 ἱὲτελέσθη.
860 5824 885 5862 ιε
920 5824 1156 5893 τρόπων.
1240 5823 1575 5896 ιάφέωνται.

1655 5840 1695 5867 ω
1729 5831 1857 5883 Θεὸν
1888 5832 2128 5888 δικαιοῦν
2156 5835 2406 5904 ἰσχύοντα
