4060 6424
458 445 603 497 1‘27?)

1472 442 1530 496 S.
1567 439 1842 496 CYRILLI
1873 442 2351 500 ALEXANDRINI
2393 441 2718 499 ARCHIEP.

3567 440 3703 496 12ῗὸ

459 572 514 618 et
543 558 791 630 regnabit
817 558 871 611 in
903 557 1060 611 domo
1086 556 1255 612 Jacnb
1275 556 1327 610 in
1347 567 1632 622 aeternum,
1669 567 1723 613 et
1746 560 1896 629 regni
1918 560 2035 629 ejus

2149 561 2230 615 τοῦ
2276 562 2491 632 Πατρὸς
2540 560 2743 614 αὐτοῦ’
2789 557 2883 612 καὶ
2933 558 3244 629 βασιλεύσει
3294 557 3387 610 ἐπὶ
3431 555 3523 610 τὸν
3569 552 3718 610 οἷκον

456 667 567 706 non
604 653 708 706 erit
734 648 855 703 ﬁnis
885 649 951 702 ".
990 667 1008 699 ι
1058 648 1308 717 Nunquid
1344 650 1582 702 hominis
1618 652 1789 702 nostri
1836 650 2032 704 similis

459 741 688 808 imperio
723 751 982 807 perpetuo
1038 740 1173 791 citra
1211 740 1373 791 ullam
1427 740 1879 806 interruptionem
1912 757 2037 809 pre-

461 829 799 883 tuenmrian
857 830 1166 896 imperatori
1227 831 1405 895 potius
1459 829 1570 882 Deo
1631 831 1683 882 in
1729 830 1944 884 Christo
1984 842 2041 886 et

462 935 556 987 per
610 920 885 972 Christum
948 921 1147 971 subditi
1201 921 1428 982 erimus,
1464 935 1569 972 nun
1607 928 1939 986 assumptum
1972 922 2037 975 ad

463 1012 565 1063 hoc
620 1017 877 1078 tanquam
924 1021 1247 1063 extraneum
1308 1010 1619 1079 quempiam
1661 1012 2039 1079 mediatorem,

462 1103 555 1153 sed
592 1116 780 1153 verum
833 1100 1049 1166 Filium,
1083 1116 1178 1169 per
1208 1116 1370 1169 quem
1401 1102 1531 1155 etin
1561 1117 1669 1170 quo
1699 1102 1838 1156 Dens
1877 1101 2041 1156 Pater

464 1193 723 1244 inmunia
756 1206 980 1261 regnum
1031 1192 1459 1259 obtinet?Quod
1499 1194 1545 1247 si
1588 1194 1661 1248 ita
1716 1208 1805 1249 res
1854 1193 2040 1261 habet,

468 1283 613 1334 Deus
643 1296 776 1350 ergo
804 1291 886 1334 est
919 1280 1188 1335 Christus.

540 1389 561 1422 ι
598 1370 740 1425 Dixit
787 1382 965 1425 autem
1002 1370 1167 1427 Maria
1200 1374 1265 1426 ad
1306 1371 1590 1442 angelum:
1627 1375 1741 1445 88
1766 1374 2044 1440 Quomodo

464 1460 557 1514 lict
583 1459 748 1522 istud,
768 1461 1024 1529 quoniam
1060 1462 1236 1515 virum
1265 1477 1368 1516 non
1405 1466 1709 1532 COgnoseo?
1735 1463 1799 1519 Et
1823 1479 2046 1532 respon-

465 1551 600 1604 dens
635 1550 858 1619 angelus
905 1551 1043 1605 dixit
1076 1553 1155 1606 illi
1189 1571 1203 1607 :
1236 1553 1475 1622 Spiritus
1522 1566 1744 1611 sanctus
1787 1569 2047 1625 superve-

466 1639 580 1693 niet
635 1640 690 1693 in
752 1649 826 1702 te,
851 1650 905 1693 et
962 1644 1137 1697 virtus
1194 1644 1457 1699 Altissimi
1513 1648 1858 1700 obumbrabit
1902 1647 2041 1701 tibi:

471 1729 698 1800 ideoque
724 1743 778 1785 et
804 1735 948 1800 quod
983 1742 1235 1787 nascetur
1286 1750 1349 1788 ex
1385 1745 1437 1789 te
1467 1744 1740 1801 sanctum,
1764 1737 2048 1791 vocabitur

475 1818 642 1874 Filius
670 1820 760 1875 Dei
798 1822 864 1876 ³⁸.
903 1840 923 1874 ι
962 1823 1215 1893 Nunquid
1255 1826 1321 1891 is,
1350 1827 1440 1894 qui
1498 1842 1699 1881 arcana
1750 1829 2045 1897 inexplica-

2152 652 2346 706 Ἰακὼϐ
2375 655 2454 716 εἰς
2486 652 2611 715 τοὺς
2641 652 2863 715 αίῶνας,
2890 651 3103 721 καὶτῆς
3131 649 3410 719 βασιλείας
3430 646 3595 705 αὑτοῦ
3617 650 3717 701 οὐκ

2140 745 2291 799 ἔσται
2346 745 2516 807 τέλος.
2555 763 2573 795 ι
2621 739 2747 815 Ἆρ’
2789 739 2883 797 οὖν
2947 744 3032 811 ἐφ’
3072 744 3199 796 ἑνὶιι
3245 741 3354 795 τῶν
3407 742 3527 794 καθ’
3570 743 3719 811 ἡμᾶς

2140 836 2460 905 κεισόμεθα,
2481 835 2891 906 βασιλευόμενοι
2911 835 3175 903 διηνεκῶς
3192 833 3285 885 καὶ
3303 833 3715 901 ἀκαταλήκτωςς

2139 927 2171 997 ἢ
2209 928 2312 979 ὑπὸ
2353 926 2472 996 Θεῷ
2523 926 2722 996 μᾶλλον
2765 925 3001 995 ἐσόμεθα
3028 922 3360 995 βασιλεύοντι
3391 923 3546 994 ἡμῶν
3577 922 3706 993 τῆν’

2139 1019 2197 1071 ὲν
2246 1018 2489 1089 Χριστῷ,
2531 1019 2623 1069 καὶ
2672 1017 2769 1086 οὐχ
2817 1016 2892 1078 ὡς
2929 1016 3128 1080 ἔξωθεν
3175 1015 3396 1085 μεσίτου
3447 1016 3589 1077 τινὸς
3640 1017 3721 1077 είς

2139 1105 2298 1158 τοῦτο
2341 1105 2811 1176 παραληφθέντος,
2841 1106 2954 1159 ἀλλ’
2986 1106 3061 1168 ὡς
3104 1106 3172 1158 δι’
3203 1103 3334 1158 Υἰοῦ
3382 1106 3474 1158 καὶ
3507 1108 3565 1157 ὲν
3602 1104 3721 1174 Υἱῷ

2141 1197 2612 1269 κατακρατοῦντος
2645 1198 2752 1252 τῶν
2781 1197 2917 1251 ὅλων
2958 1197 3052 1249 τοῦ
3096 1198 3231 1250 Θεοῦ
3260 1197 3353 1251 καὶ
3383 1196 3627 1268 Πατρός;
3654 1196 3718 1249 Εί

2140 1290 2197 1343 δὲ
2219 1290 2378 1344 τοῦτο
2405 1290 2622 1359 ἀληθὲς,
2654 1290 2784 1352 Θεὸς
2814 1289 2921 1360 ἄρα
2950 1291 2978 1341 6
3005 1290 3256 1359 Χριστός.

2219 1398 2239 1431 (
2271 1376 2406 1433 Εἶπε
2446 1380 2504 1433 δὲ
2551 1379 2786 1448 Μαριαμ
2829 1380 2966 1448 πρὸς
2992 1378 3083 1431 τὸν
3112 1378 3373 1447 ἄγγελονθ
3412 1376 3538 1441 Πῶς
3567 1375 3722 1430 ἔσται

2148 1486 2238 1541 μοι
2262 1469 2441 1535 τοῦτο,
2473 1470 2596 1522 ἐπεὶ
2638 1469 2808 1540 ἄνδρα
2841 1469 2901 1521 ού
2935 1466 3218 1536 γινώσκω;
3260 1468 3371 1521 Καὶ
3400 1467 3722 1537 ἀποκριθεὶς

2145 1564 2174 1616 6
2216 1564 2447 1632 ἄγγελος
2500 1558 2655 1615 εἶπεν
2705 1564 2841 1633 αύτῇ
2864 1579 2877 1592 ⁸
2907 1562 3135 1633 Πνεῦμα
3166 1556 3333 1629 Ἠγιον
3368 1560 3722 1612 ἐπελεύσεται

2147 1654 2238 1708 ἐπὶ
2269 1655 2347 1717 σὲ,
2380 1654 2475 1707 καὶ
2498 1654 2728 1722 δύναμις
2756 1654 3013 1721 Ὑψίστου
3041 1652 3352 1705 ἐπισκιάσει
3379 1667 3460 1703 σοι
3484 1665 3497 1679 ³
3526 1649 3606 1702 διὸ
3628 1648 3724 1702 καὶ

2145 1743 2207 1797 τὸ
2240 1744 2577 1813 γεννώμενον
2613 1746 2788 1811 ἆγιον,
2820 1743 3155 1814 κληθήσεται
3179 1742 3307 1805 Υἱὸς
3346 1740 3504 1794 Θεοῦ.
3537 1759 3556 1791 ι
3582 1735 3726 1810 ’Ἆρ’

2147 1830 2240 1886 οὖν
2273 1832 2532 1901 κέκληται
2562 1831 2724 1903 μόνον
2758 1832 2905 1894 Υἱὸς,
2935 1834 2965 1884 6
3016 1833 3080 1884 ὲκ
3123 1830 3223 1900 τῆς
3253 1830 3412 1898 ἁγίας
3445 1829 3724 1898 Παρθένου

473 1912 678 1981 bilique
721 1913 959 1982 Spiritus
981 1917 1153 1969 sancti
1188 1918 1504 1986 operatione
1533 1934 1600 1973 ex
1630 1934 1791 1974 sacra
1818 1919 2043 1990 Virgine

2149 1926 2236 1979 διὰ
2266 1924 2361 1978 τοῦ
2388 1924 2706 1994 Πνεύματος
2748 1925 3079 1994 ἀπορρήτους
3104 1921 3524 1991 γεγεννημένος,
3556 1921 3724 1991 ἤγουν

474 2004 739 2058 formatus
762 2016 816 2061 et
851 2016 1009 2060 natus
1047 2017 1150 2072 est,
1188 2010 1300 2062 sola
1324 2010 1684 2079 appellatione
1712 2010 1856 2065 ﬁlius
1888 2011 2046 2065 erat?

468 2111 538 2150 an
569 2111 733 2149 verus
770 2099 951 2166 potius
1008 2100 1382 2169 naturalisque
1429 2099 1520 2154 Dei
1574 2100 1769 2165 Filius,
1796 2111 1849 2155 et
1897 2102 2041 2157 Deus

469 2188 711 2243 creditus
738 2199 821 2244 est
843 2190 865 2242 ?
887 2191 994 2245 Sed
1039 2192 1141 2246 hoc
1163 2192 1347 2259 procul
1375 2192 1541 2246 dubio
1567 2208 1751 2248 verum
1774 2202 1877 2248 est.
1915 2195 2045 2249 Ver-

469 2278 597 2332 bum
639 2280 864 2348 proinde
919 2282 1217 2335 secundum
1275 2282 1591 2351 hypostasin
1642 2297 1772 2337 caro
1815 2282 2038 2348 factum,

471 2372 571 2425 hoc
624 2380 730 2437 est,
754 2387 973 2426 carnem
1022 2388 1119 2442 per
1165 2372 1428 2441 Spiritum
1467 2383 1715 2427 sanctum
1769 2389 1838 2428 ex
1884 2388 2041 2429 sacra

469 2460 692 2529 Virgine
717 2464 1042 2531 sumpsisse,
1071 2478 1301 2531 eamque
1336 2466 1609 2533 propriam
1666 2465 1768 2519 sibi
1822 2464 2035 2531 fecisse,

468 2556 817 2625 intelligatur.
855 2555 967 2609 Hac
1000 2570 1236 2625 namque
1263 2556 1476 2611 ratione
1509 2557 1654 2626 quod
1686 2571 1851 2612 verus
1900 2556 2042 2612 Deus

468 2642 561 2708 sit,
598 2643 1055 2712 deprehendetur.

543 2752 563 2785 ι
605 2734 669 2787 Et
704 2735 899 2787 luctum
948 2745 1054 2798 est,
1084 2735 1382 2791 utaudivit
1433 2737 1816 2791 salutationem
1860 2737 2043 2793 Maria:

469 2826 771 2889 Elisaheth,
790 2826 1273 2881 exsultavitinl‘ans
1306 2828 1361 2881 in
1385 2839 1541 2883 utero
1571 2830 1726 2898 ejus;
1756 2840 1810 2883 et
1839 2830 2039 2896 repleta

469 2926 556 2973 est
590 2917 792 2987 Spiritu
843 2927 1031 2973 sancto
1085 2918 1386 2985 Elisahetlt,
1423 2926 1478 2975 ct
1531 2920 1858 2975 exclamavit
1911 2935 2041 2985 voce

469 3022 682 3078 magna,
719 3018 775 3063 et
827 3010 1001 3064 dixit:
1030 3010 1321 3065 Benedicta
1383 3022 1437 3065 tu
1479 3012 1621 3067 inter
1674 3013 1951 3078 mulieres,
1989 3019 2044 3066 et

468 3099 785 3154 benedictus
817 3099 1021 3155 fructus
1073 3103 1279 3156 ventris
1315 3103 1414 3159 lui.
1451 3101 1517 3157 Et
1568 3106 1711 3156 unde
1759 3103 1861 3158 hoc
1885 3104 2040 3167 mihi,

470 3201 529 3245 ut
556 3193 738 3247 veniat
793 3203 970 3248 mater
1014 3194 1224 3249 Domini
1263 3196 1365 3249 mei
1399 3198 1466 3249 ad
1525 3214 1608 3251 me
1636 3197 1730 3250 "?
1767 3215 1786 3249 ι
1825 3197 2040 3252 lnterna

470 3283 565 3338 Dei
592 3285 807 3353 energia
833 3294 888 3339 et
916 3286 992 3349 vi,
1015 3287 1314 3355 prephetiae
1341 3288 1536 3341 donum
1568 3289 1851 3357 obtingere
1880 3289 2042 3341 alicui

469 3382 675 3446 potest;
709 3392 888 3443 secus,
942 3394 1306 3448 nequaquam.
1363 3380 1496 3435 Cum
1575 3381 1740 3450 igitur
1791 3380 2048 3435 salutatio

468 3480 640 3520 sacrm
671 3464 910 3531 Virginis
955 3467 1137 3522 Mariae
1190 3466 1374 3522 Jesum
1428 3483 1527 3538 per
1572 3469 1625 3523 id
1682 3473 1940 3537 temporls
1992 3469 2046 3523 in

471 3568 628 3613 utero
657 3558 836 3613 adhuc
852 3559 1136 3628 gestantis,
1165 3557 1429 3613 Joannem
1451 3561 1715 3616 maternis
1745 3560 2047 3615 visceribus

474 3653 651 3708 adhuc
700 3652 968 3707 inclusum
1022 3654 1089 3707 ad
1145 3654 1486 3722 prephetiam
1535 3656 1887 3722 promoverit,
1916 3672 2054 3725 quu-

474 3745 635 3797 modo
683 3744 936 3799 Christus
991 3758 1098 3799 non
1147 3754 1232 3799 est
1272 3744 1437 3808 Deus,
1468 3747 1558 3814 qui
1604 3747 1746 3800 intra
1798 3746 2049 3815 virginea

474 3835 709 3888 claustra
739 3836 1035 3889 etiamnum
1078 3835 1319 3898 latitans,
1342 3838 1521 3891 divina
1573 3837 1621 3891 vi
1649 3839 1715 3891 ad
1751 3841 2053 3909 prophetia:

468 3928 702 3993 gratiam
732 3925 1029 3995 Baptistam
1088 3928 1310 3981 evexit?

549 4037 569 4069 ι
600 4017 752 4073 Nunc
786 4018 1020 4073 dimittis
1067 4034 1286 4073 servum
1335 4028 1508 4082 tuum,
1555 4019 1804 4084 Domine,
1854 4035 2051 4075 secun-

473 4114 601 4165 dum
639 4112 861 4165 verbum
920 4120 1094 4173 tuum,
1132 4110 1184 4164 in
1229 4126 1381 4179 pace.
1438 4111 1574 4177 Quia
1625 4113 1882 4167 viderunt
1913 4112 2054 4167 oculi

473 4201 578 4255 mei
611 4198 866 4255 Salutare
893 4210 1064 4256 tuum.
1092 4202 1246 4268 Quod
1276 4204 1478 4272 parasti
1529 4212 1655 4257 ante
1693 4202 1888 4258 faciem
1928 4218 2051 4258 om-

474 4293 624 4347 nium
661 4293 1003 4362 p0pu|orum.
1038 4291 1244 4346 Lumen
1277 4294 1341 4345 ad
1377 4294 1759 4348 revelatiouem
1788 4294 2051 4363 gentium,

474 4394 531 4439 et
575 4384 807 4455 gloriam
865 4383 1035 4452 plebis
1091 4393 1195 4437 tuae
1240 4382 1407 4439 Israel
1437 4384 1506 4441 ".
1538 4403 1557 4436 ι
1610 4384 1829 4439 Simeon
1872 4385 2056 4441 Jesum

475 4478 617 4530 inter
640 4476 796 4531 ulnas
823 4474 1160 4542 complexus,
1194 4474 1455 4542 ejusmodi
1503 4475 1570 4529 de
1604 4477 1722 4543 ipso
1755 4475 1927 4543 elogia
1963 4475 2056 4529 de-

470 4569 775 4638 promebat.
798 4567 868 4621 At
900 4567 1172 4636 quomodo
1201 4566 1443 4621 salutare
1479 4575 1563 4620 est
1590 4606 1607 4631 ,
1641 4575 1736 4621 aut
1784 4567 2055 4635 quomodo

473 4659 655 4714 lumen
688 4660 754 4712 ad
781 4658 1167 4713 revelationem
1191 4658 1431 4728 gentium
1460 4666 1562 4722 est,
1584 4658 1629 4711 si
1656 4674 1796 4713 unus
1815 4668 1871 4712 et
1904 4658 2053 4714 solus

478 4764 639 4804 verus
696 4749 868 4803 Filius
902 4759 973 4805 'et
1040 4749 1185 4804 Deus
1241 4764 1347 4804 non
1399 4759 1514 4814 est,
1580 4762 1773 4804 natura
1826 4750 2053 4819 quidem

477 4849 637 4895 natus
664 4839 917 4895 exPatre
960 4850 1019 4894 ut
1057 4840 1313 4904 Verbum,
1348 4843 1645 4895 secundum
1703 4855 1921 4895 carnem
1958 4856 2055 4895 au-

479 4935 591 4981 tem
632 4937 788 4981 ortus
814 4943 877 4981 ex
918 4926 1174 4998 Virgine?
1202 4926 1332 4993 Quae
1372 4944 1583 4982 rursum
1625 4928 1885 4982 revelatio
1917 4930 2054 4983 facta

481 5026 568 5069 est
608 5015 879 5083 gentibus,
925 5017 1027 5071 nisi
1082 5018 1224 5086 quod
1264 5019 1330 5071 de
1368 5018 1483 5087 ipso
1521 5028 1891 5088 cognoverunt
1931 5020 2055 5088 quia

481 5106 624 5163 Deus
669 5118 753 5163 est
804 5108 1157 5176 divinumque
1194 5108 1395 5161 cultum
1439 5109 1514 5164 illi
1556 5111 1961 5179 impendentes,
2001 5112 2056 5165 in

487 5216 549 5252 ea
602 5200 831 5255 crimina
892 5215 997 5256 non
1040 5200 1370 5264 inciderunt,
1422 5200 1474 5254 in
1524 5217 1645 5270 qua:
1684 5204 1761 5257 illi
1815 5203 2057 5257 incidere

484 5291 680 5357 solent,
711 5294 801 5363 qui
828 5292 984 5349 alteri
1021 5295 1123 5350 deo
1168 5307 1331 5362 quam
1360 5294 1452 5351 uni
1500 5294 1598 5360 illi,
1630 5296 1720 5363 qui
1770 5303 1961 5350 natura
1999 5304 2057 5349 et

488 5384 711 5440 terilate
750 5386 895 5441 Deus
926 5396 1030 5454 est,
1067 5386 1355 5443 serviunt?

2152 2016 2504 2085 ὲκτισμένος;
2540 2015 2572 2085 ἦ
2620 2015 2783 2083 φύσει
2814 2032 2873 2067 τε
2904 2013 2998 2067 καὶ
3033 2013 3250 2084 ἀληθῶς
3278 2010 3403 2075 Υἱὸς
3446 2008 3583 2064 εἶναι
3626 2026 3727 2065 πε-

2151 2109 2438 2161 πίστευται
2470 2146 2486 2169 ,
2539 2109 2634 2160 καὶ
2686 2106 2856 2173 Θεός;
2931 2106 3074 2159 Ἀλλ’
3119 2106 3235 2159 ἔστι
3289 2105 3448 2159 τοῦτο
3500 2105 3723 2175 ἀληθές.

2148 2199 2395 2253 Νοείσθω
2441 2199 2506 2270 δὴ
2557 2194 2651 2251 οῦν
2706 2197 2843 2269 σὰρξ
2888 2197 3011 2251 καθ’
3060 2198 3355 2251 ὑπόστασιν
3411 2195 3650 2264 γεγονὼς
3696 2199 3753 2251 ὀ’

2150 2292 2343 2360 Λόγος,
2380 2290 2659 2345 τουτέστιν
2707 2289 2842 2343 ἰδίαν
2886 2290 3256 2360 ποιησάμενος
3303 2288 3481 2359 σάρκα
3509 2287 3606 2358 τὴν
3634 2287 3727 2340 διὰ

2150 2384 2471 2454 Πνεύματος
2499 2384 2562 2437 ἐκ
2591 2384 2690 2455 τῆς
2724 2382 2886 2452 ἁγίας
2915 2381 3226 2455 Παρθένουο
3258 2381 3401 2435 οὕτω
3427 2382 3535 2453 γὰρ
3572 2380 3728 2433 ἔσται

2148 2477 2242 2530 καὶ¹
2272 2475 2404 2541 Θεὸς
2430 2475 2667 2546 ἀληθῶς.

2227 2761 2245 2793 (
2275 2742 2384 2795 Καὶ
2411 2740 2651 2809 ἐγένετο,
2687 2740 2763 2804 ὡς
2792 2741 2997 2810 ἤκουσε
3026 2741 3115 2794 τὸν
3156 2739 3448 2811 ἀσπασμὸν
3473 2739 3572 2808 τῆς
3600 2740 3727 2794 Μα-

2151 2830 2272 2902 ρίας
2303 2832 2336 2902 ἡ
2373 2830 2675 2893 Ἐλισάεετ,
2701 2831 2989 2904 ἐσκίρτησε
3020 2832 3082 2885 τὸ
3115 2830 3313 2902 βρέφος
3356 2833 3413 2885 ὲν
3440 2833 3505 2902 τῇ
3544 2830 3728 2901 κοιλίᾳ

2149 2924 2343 2995 αὐτῆς·
2384 2924 2477 2977 καὶ
2511 2923 2756 2995 ἐπλήσθη
2796 2925 3114 2995 Πνεύματος
3142 2925 3299 2992 ἁγίου
3347 2926 3379 2995 ή
3425 2922 3723 2989 Ἐλισάϐετ,

2151 3018 2246 3072 καὶ
2276 3016 2594 3087 ἀνεφώνησε
2652 3020 2804 3088 φωνῇ
2857 3017 3092 3090 μεγάλῃ,
3130 3018 3223 3069 καὶ
3264 3012 3451 3068 εἶπενο
3488 3015 3730 3096 Εὐλογη-

2158 3111 2292 3180 μένη
2338 3110 2403 3161 σὺ
2447 3109 2506 3161 ὲν
2537 3107 2776 3177 γυναιξὶ,
2806 3109 2900 3161 καὶ
2927 3108 3292 3177 εὐλογημένος
3326 3109 3354 3158 6
3385 3105 3595 3177 καρπὸς
3626 3105 3730 3173 τῆς

2153 3200 2361 3263 κοιλίας
2389 3217 2503 3253 σου.
2527 3199 2640 3253 Καὶ
2678 3200 2845 3253 πόθεν
2877 3218 2969 3271 μοι
3003 3200 3178 3264 τοῦτο,
3209 3201 3295 3252 ἴνα
3326 3200 3455 3272 ἔλθῃ
3480 3201 3513 3270 ἡ
3542 3200 3728 3269 μήτηρ

2150 3290 2244 3344 τοῦ
2313 3291 2521 3360 Κυρίου
2588 3308 2689 3359 μου
2739 3290 2875 3361 πρός
2902 3307 3005 3361 με;
3041 3310 3060 3343 ι
3101 3290 3528 3361 Ἐνεργήσαντος
3591 3288 3730 3342 Θεοῦ

2150 3379 2488 3450 προφητείας
2519 3379 2701 3449 χάριν,
2734 3379 2888 3431 ἔσται
2916 3397 3002 3443 τις
3028 3383 3314 3452 προφήτης
3336 3398 3348 3411 ·
3386 3381 3508 3434 καθ’
3539 3380 3733 3451 ἕτερον

2149 3470 2206 3523 δὲ
2220 3469 2445 3541 τρόπον,
2472 3467 2876 3540 οὐδαμῶς.”οτε
2887 3470 3066 3525 τοίνυν
3090 3473 3118 3524 6
3135 3472 3426 3543 ἀσπασμὸς
3449 3474 3547 3542 τῆς
3566 3474 3732 3540 ἁγίας

2151 3561 2428 3632 Παρθένου
2485 3561 2707 3632 Μαρίας
2757 3561 3135 3632 κυοφορούσης
3187 3561 3268 3616 ἔτι
3336 3563 3427 3615 τὸν
3482 3560 3731 3633 Ἰησοῦν,

2151 3654 2443 3724 κεκίνηκεν
2494 3654 2553 3705 ὲν
2601 3655 2785 3724 μήτρᾳ
2831 3655 2923 3707 τὸν
2956 3655 3213 3725 Ἰωάννην
3261 3656 3341 3719 είς
3370 3655 3733 3727 προφητείαν,

2152 3744 2270 3807 πῶς
2313 3745 2375 3797 οὐ
2418 3744 2550 3806 Θεὸς
2592 3747 2621 3797 6
2667 3745 2922 3815 Χριστὸς,
2955 3745 3050 3799 καὶ
3097 3748 3157 3800 ὲν
3201 3749 3268 3818 τῇ
3320 3748 3420 3818 τῆς
3453 3747 3733 3817 Παρθένου

2152 3835 2307 3905 νηδύϊ
2359 3836 2590 3905 κινήσας
2635 3835 2951 3907 θεοπρεπῶς
2998 3839 3080 3900 είς
3126 3837 3460 3909 προφητείας
3503 3837 3735 3907 δύναμιν

2149 3926 2245 3980 τὸν
2275 3927 2609 3996 Βαπτιστήνς

2232 4037 2251 4071 (
2282 4018 2395 4072 Νῦν
2429 4019 2692 4082 ἀπολύεις
2720 4021 2811 4075 τὸν
2841 4020 3029 4075 δοῦλόν
3060 4037 3176 4085 σου,
3217 4021 3483 4085 Δέσποτα,
3510 4020 3653 4074 κατὰ
3674 4020 3737 4072 τὸ

2156 4111 2310 4181 ῥῆμά
2343 4127 2459 4177 σου,
2496 4113 2553 4165 ὲν
2595 4114 2943 4185 είρήνῃ.”οτι
2975 4108 3114 4168 εἶδον
3146 4115 3195 4168 οἱ
3230 4113 3495 4184 ὀφθαλμοί
3537 4129 3636 4183 μου
3674 4112 3736 4165 τὸ

2156 4203 2437 4274 Σωτήριόν
2472 4220 2590 4257 σοιν
2628 4203 2657 4257 6
2685 4205 2988 4275 ἡτοίμασας
3014 4206 3155 4260 κατά
3195 4207 3487 4276 πρόσωπον
3515 4204 3737 4258 πάντων

2155 4297 2265 4350 τῶν
2316 4295 2495 4350 λαῶν·
2548 4296 2666 4366 φῶς
2709 4298 2790 4361 είς
2833 4298 3175 4368 ἀποκάλυψιν
3216 4298 3404 4362 ἐθνῶν,
3439 4298 3534 4351 καὶ
3577 4296 3737 4361 δόξαν

2156 4389 2288 4444 λαοῦ
2326 4407 2419 4444 σου
2457 4391 2697 4463 Ἰσραήλ.
2731 4409 2749 4442 ι
2770 4390 2830 4445 '0
2853 4389 3066 4459 Συμεὼκ
3088 4390 3185 4443 ’τὸν
3219 4390 3425 4461 Ἰησοῦν
3458 4390 3539 4448 είς
3560 4387 3740 4455 ἀγκά-

2156 4482 2256 4546 λας
2300 4482 2502 4545 λαϐὼν,
2532 4483 2602 4537 τὰ
2654 4483 2833 4536 τοιάδε
2883 4484 3014 4554 περὶ
3060 4482 3224 4537 αὑτοῦ
3273 4498 3428 4552 φησι.
3457 4479 3583 4541 Πῶς
3638 4474 3739 4532 οῦν

2084 4601 2133 4661 D
2161 4576 2276 4629 ἐστι
2323 4576 2591 4646 σωτήριον
2612 4615 2627 4639 ,
2661 4575 2781 4639 πῶς
2821 4574 2878 4627 δὲ
2923 4573 3040 4644 φῶς
3071 4576 3151 4661 είς
3175 4571 3517 4640 ἀποκάλυψιν
3544 4570 3740 4636 ἐθνῶν,

2162 4669 2211 4720 εί
2267 4667 2342 4738 μὴ
2388 4668 2521 4731 Θεός
2573 4669 2723 4720 ἐστιν
2771 4665 3006 4736 ἀληθῶς,
3054 4660 3136 4729 εἷς
3183 4666 3277 4718 καὶ
3339 4664 3498 4733 μόνος
3528 4662 3679 4724 Υῑδς,
3712 4662 3742 4714 6

2162 4758 2322 4825 φύσει
2377 4758 2476 4829 μὲν
2528 4760 2593 4811 ὲκ
2642 4756 2857 4827 Πατρὸς
2900 4756 2977 4820 ὡς
3004 4757 3196 4824 Λόγος,
3222 4756 3284 4807 ὲκ
3310 4753 3588 4825 Παρθένου
3620 4750 3677 4804 δὲ
3711 4750 3745 4801 6

2162 4850 2324 4912 αὐτὸς
2374 4848 2519 4901 κατὰ
2567 4849 2775 4917 σάρκα;
2828 4848 2962 4901 Ποία
2993 4847 3101 4919 γὰρ
3134 4847 3356 4915 γέγονεν
3398 4840 3743 4909 ἀποκάλυψις

2161 4944 2273 5003 τοῖς
2306 4941 2535 5005 ἔθνεσιν,
2563 4941 2596 5011 ἢ
2632 4942 2718 4993 ἐπ’
2749 4941 2898 5010 αὐτῷ
2926 4940 3172 5009 ἔγνωσαν
3204 4940 3284 4992 ὄτι
3313 4936 3445 4999 Θεός
3480 4936 3618 4996 ἐστι,
3647 4930 3745 4984 καὶ

2166 5031 2316 5102 αὐτῷ
2355 5030 2746 5101 λατρεύσαντες
2775 5030 2974 5099 ἔφυγον
3007 5030 3076 5083 τὰ
3121 5029 3444 5098 ἐγκλήματα
3492 5022 3585 5077 τοῦ
3632 5017 3743 5088 θεῷ

2164 5123 2448 5195 λατρεύειν
2478 5124 2649 5195 ἑτέρῳ
2678 5122 2831 5196 παρὰ
2856 5123 2950 5178 τὸν
2989 5122 3108 5189 ἕνα,
3137 5120 3235 5177 καὶ
3263 5119 3445 5191 φύσει,
3478 5118 3574 5171 καὶ
3605 5114 3743 5185 ἀλη-

2166 5213 2271 5278 θῶς
2287 5232 2300 5281 ;

560 5534 604 5566 ὀ
638 5534 770 5593 Luc.
809 5537 971 5606 1,32,
1009 5539 1099 5594 εδ.
1178 5538 1223 5570 ³ο
1253 5538 1379 5594 ibid.
1419 5536 1507 5602 ει,
1538 5536 1632 5592 55.
1707 5537 1747 5568 ιι
1787 5538 1917 5592 ibid.
1949 5539 2046 5593 ιι-

2216 5538 2259 5570 ³²
2291 5535 2423 5594 Luc.
2446 5553 2484 5592 tt
2508 5576 2525 5603 ,
2552 5536 2743 5595 29-52.

1545 5692 1716 5748 Varia:
1742 5691 2001 5750 lectiones
2029 5694 2229 5750 codicis
2261 5693 2619 5765 Seguieriani.

571 5824 599 5855 ⁸
635 5819 717 5885 ’ῖὶᾷ
758 5818 860 5871 ἐνί.
