4060 6414
336 433 474 488 1277

1438 438 1526 492 DE
1568 440 1789 496 RECTA
1832 445 1988 500 FIDE
2026 448 2115 501 AD
2157 442 2472 500 REGINAS.

3447 444 3583 500 19.73

409 564 430 596 ι
454 543 739 612 Ἐπιγνοὺς
765 541 822 597 δὲ
856 544 884 597 6
921 545 1127 615 Ἰησοῦς
1161 547 1284 611 τοὺς
1305 547 1687 620 διαλογισμοὺς
1710 554 1908 618 αὐτῶν,

2086 577 2105 609 ι
2149 558 2217 614 Ut
2247 554 2500 625 cognovit
2555 559 2732 605 autem
2758 548 2913 603 Iesus
2966 549 3327 618 cogitationes
3376 566 3585 619 eorum,

333 634 657 708 ἀποκριθεὶς
708 631 830 689 εἶπε
880 637 1018 707 πρὸς
1076 638 1309 702 αὐτούς·
1346 639 1410 691 Τί
1446 640 1819 710 διαλογίζεσθε
1855 646 1912 698 ἐν

2024 647 2346 717 respondens
2370 644 2507 698 dixit
2539 643 2603 695 ad
2639 642 2788 696 illos:
2815 640 2953 705 Quid
2973 640 3227 706 cogitatis
3256 642 3307 695 in
3334 642 3591 698 cordibus

331 729 455 790 ταῖς
490 727 740 799 καρδίαις
772 727 961 797 ὑμῶν;
994 729 1059 782 Τί
1105 730 1254 783 ἐστιν
1285 730 1662 804 εὐκοπώτερον
1699 735 1875 787 εἰπεῖν
1896 752 1909 764 ·

347 819 649 888 Ἀφέωνταί
680 836 761 873 σοι
792 822 847 874 αἱ
876 821 1139 890 ἁμαρτίαι
1177 840 1267 875 σου
1290 838 1304 852 ·
1350 823 1382 893 ἢ
1421 825 1592 876 εἰπεῖν
1614 843 1626 856 ·
1660 827 1913 897 Ἕγειραι

333 910 430 961 καὶ
464 909 791 978 περιπάτει;
824 911 940 964 ’Ὶνα
965 911 1020 963 δὲ
1051 913 1226 979 εἰδῆτε
1257 913 1339 965 ὅτι
1363 914 1390 963 ὁ
1422 913 1547 977 Υἱὸς
1576 914 1670 968 τοῦ
1702 916 1913 987 ἀνθρώ-

331 1017 437 1054 που
489 1001 734 1068 ἐξουσίαν
781 1002 892 1072 ἔχει
935 1004 1027 1054 ἐπὶ
1075 1004 1174 1072 τῆς
1224 1003 1328 1073 γῆς
1378 1005 1595 1073 ἀφιέναι
1642 1008 1914 1079 ἁμαρτίας

333 1085 481 1157 (εἶπε
507 1090 584 1160 τῷ
616 1089 999 1162 παραλυτικῷ)
1018 1107 1030 1119 ⁸
1060 1092 1150 1144 Σοὶ
1188 1091 1360 1160 λέγω,
1388 1093 1618 1163 ἕγειραι,
1651 1096 1746 1148 καὶ
1775 1097 1914 1167 ἄρας

329 1182 395 1235 τδ
429 1181 702 1252 κλινάριόν
743 1200 859 1249 σου,
897 1184 1129 1256 πορεύου
1176 1187 1257 1250 είς
1308 1186 1398 1239 τὸν
1446 1184 1593 1241 οἶκόν
1638 1206 1752 1245 σου.
1788 1208 1808 1242 ι
1850 1192 1914 1244 Et

336 1273 496 1343 μόνος
523 1275 680 1343 ἡμᾶς’
700 1276 1031 1329 ἀπαλλάττει
1063 1278 1091 1329 6
1127 1277 1234 1329 τῶν
1272 1277 1408 1331 ὅλων
1434 1279 1567 1343 Θεὸς
1590 1280 1695 1352 πλη
1704 1300 1739 1350 μ
1748 1281 1914 1352 μελη-

336 1363 551 1435 μάτων,
586 1363 757 1433 ἑτέρῳ
791 1365 1090 1435 πρέποντος
1137 1365 1327 1419 τούτου
1374 1367 1562 1437 μηδενί
1585 1386 1599 1399 ·
1633 1370 1914 1440 χαρίζεται

332 1454 400 1507 δὲ
430 1455 524 1506 καὶ
551 1455 708 1508 τοῦτο
730 1455 962 1527 Χριστὸς
993 1458 1108 1524 μετ’
1129 1456 1377 1523 ἐξουσίας
1409 1458 1771 1530 θεοπρεποῦς·
1796 1461 1914 1528 πῶς

330 1544 435 1599 οὐκ
480 1544 546 1599 ἂν
597 1546 680 1617 εἴη
727 1547 890 1615 Θεός;
942 1547 1219 1618 Κέκληται
1267 1550 1375 1621 γὰρ
1419 1550 1547 1614 Υἱὸς
1600 1552 1912 1623 ἀνθρώπου,

333 1636 617 1706 γεννηθεὶς
653 1637 718 1690 ὲκ
743 1637 1000 1706 γυναικὸς
1026 1636 1168 1690 κατὰ
1199 1639 1399 1709 σάρκα,
1423 1639 1599 1693 καίτοι
1628 1640 1760 1704 Θεὸς
1786 1641 1860 1694 ὢν
1885 1644 1915 1695 6

331 1726 526 1796 Λόγος.

410 1835 430 1869 ι
464 1816 554 1870 Ἐν
604 1818 788 1890 ἐκείνῃ
826 1822 891 1891 τῇ
940 1818 1060 1892 ὥρα
1100 1819 1446 1891 ἐθεράπευσε
1532 1822 1760 1887 πολλοὺς
1804 1822 1915 1878 ἀπὸ

2011 736 2405 802 vestris?Quid
2442 744 2525 789 est
2554 732 2764 789 facilius
2809 733 2989 786 dicere
3025 751 3036 786 :
3069 732 3182 801 89
3220 732 3577 787 Dimittuntur

2014 831 2106 884 tibi
2148 838 2367 897 peccata
2401 838 2528 890 tua;
2568 842 2635 878 an
2660 826 2880 877 dicere:
2916 823 3090 892 Surge
3132 835 3187 877 et
3215 823 3483 878 ambula?
3523 824 3591 879 Ut

2012 932 2189 975 autem
2213 919 2417 983 sciatis,
2453 918 2578 987 quia
2608 916 2781 971 Filius
2811 918 3047 973 hominis
3077 926 3397 987 potestatem
3428 917 3591 970 habet

2014 1013 2066 1067 in
2103 1022 2243 1064 terra
2284 1009 2587 1062 dimittendi
2630 1020 2870 1076 peccata,
2898 1009 3011 1080 (ait
3060 1007 3389 1078 paralytico)
3425 1020 3439 1059 :
3470 1005 3590 1060 Tibi

2014 1104 2156 1162 dico.
2188 1114 2367 1168 surge,
2391 1100 2516 1152 tolle
2571 1097 2767 1153 lectum
2801 1109 2971 1164 tuum,
2999 1109 3053 1152 et
3103 1099 3238 1150 vade
3267 1098 3317 1150 in
3372 1099 3589 1150 domum

2016 1182 2163 1248 tuam
2196 1192 2262 1246 ³³.
2296 1212 2315 1245 ›
2343 1191 2400 1247 Si
2428 1190 2575 1245 solus
2610 1190 2986 1244 universorum
3026 1187 3291 1243 Dominus
3319 1201 3349 1240 a
3382 1187 3592 1242 delictis

2013 1302 2112 1340 nos
2137 1286 2340 1355 expiat,
2369 1299 2469 1337 nec
2515 1282 2567 1336 in
2612 1280 2777 1335 ullum
2828 1281 2992 1335 alium
3046 1280 3185 1333 istud
3228 1278 3506 1343 convenit,
3537 1288 3593 1332 et

2014 1377 2262 1432 Christus
2316 1390 2437 1428 cum
2495 1372 2679 1427 divina
2730 1372 3059 1426 auctoritate
3105 1372 3208 1425 hoc
3240 1372 3414 1437 ipsum
3449 1383 3588 1437 prmo

2015 1475 2121 1521 stat
2167 1481 2181 1518 :
2218 1466 2315 1534 qui
2335 1463 2448 1519 ﬁeri
2478 1471 2675 1533 potest,
2706 1472 2764 1516 ut
2804 1462 2950 1516 Deus
2994 1476 3099 1515 non
3157 1460 3425 1514 exsistat?
3453 1457 3590 1511 Nam

2015 1556 2117 1611 etsi
2150 1552 2408 1618 Verbum,
2443 1553 2587 1622 quod
2635 1553 2930 1608 secundum
2980 1566 3200 1606 carnem
3246 1564 3314 1605 ex
3365 1550 3592 1604 muliere
3666 1558 3671 1563 ‘

2015 1656 2205 1702 natum
2255 1654 2362 1711 est,
2388 1645 2513 1699 Filii
2548 1644 2784 1699 hominis
2828 1643 3196 1714 appellatione
3254 1643 3589 1713 designetur,

2021 1736 2367 1793 nihilominus
2398 1745 2576 1789 tamen
2597 1733 2738 1790 Deus
2759 1744 2862 1789 est.

2092 1849 2111 1883 ι
2140 1832 2195 1885 In
2216 1831 2329 1899 ipsa
2353 1829 2487 1883 hora
2512 1837 2692 1882 autem
2723 1827 2921 1882 multos
2941 1826 3147 1881 curavit
3167 1842 3195 1879 a
3220 1823 3589 1891 languoribus,

333 1908 532 1974 νόσων,
564 1909 657 1962 καὶ
690 1910 996 1980 μαστίγων,
1031 1912 1126 1965 καὶ
1157 1913 1489 1982 πνευμάτων
1518 1915 1799 1985 πονηρῶν·
1824 1917 1919 1970 καὶ

2024 1931 2073 1977 et
2096 1921 2291 1991 plagis,
2326 1930 2381 1975 et
2413 1918 2699 1990 spiritibus
2735 1917 2990 1980 malis,et
3020 1917 3178 1970 caecis
3207 1914 3388 1968 multis
3419 1915 3590 1967 dona-

332 1999 561 2071 τυφλοῖς
603 2002 818 2067 πολλοῖς
864 2006 1159 2075 ἐχαρίσατο
1200 2006 1260 2059 τὸ
1309 2006 1548 2075 βλέπειν.
1612 2009 1721 2062 Καὶ
1774 2011 1914 2063 ἁπο-

336 2092 550 2163 κριθεὶς
604 2089 756 2147 εἶπεν
809 2096 991 2157 αὐτοῖς
1019 2111 1034 2127 ·
1110 2095 1475 2165 Πορευθέντες
1544 2098 1915 2168 ἀπαγγείλατε

348 2181 572 2257 Ἰωάννῃ
600 2183 636 2239 ἃ
667 2184 835 2239 εἴδετε
878 2186 974 2239 καὶ
1002 2186 1274 2255 ἠκούσατε
1294 2205 1310 2221 ·
1345 2190 1429 2242 ὅτι
1460 2191 1651 2257 τυφλοὶ
1681 2190 1917 2245 ἀναϐλέ-

336 2292 531 2339 πουσι,
562 2276 724 2347 χωλοὶ
752 2278 1133 2351 περιπατοῦσι,
1156 2278 1348 2349 λεπροὶ
1374 2281 1785 2353 καθαρίζονται,
1808 2302 1918 2336 κω-

336 2366 433 2434 φοὶ
478 2367 767 2431 ἀκούουσι,
794 2371 977 2438 νεκροὶ
1022 2368 1351 2441 ἐγείρονται,
1389 2373 1597 2442 πτωχοὶ
1624 2373 1915 2443 εὐαγγελί-

338 2458 544 2521 ζονται.
580 2459 688 2511 Καὶ
724 2460 995 2529 μακάριός
1023 2461 1191 2523 ἐστιν,
1236 2460 1293 2524 ὃς
1332 2462 1397 2515 ἂν
1435 2463 1508 2534 μὴ
1553 2464 1913 2536 σκανδαλισθῇ

343 2547 405 2600 ἐν
430 2548 576 2618 ἐμοί.
605 2567 625 2600 ι
643 2548 868 2619 Ἔργοις
900 2551 1083 2612 αὐτοῖς
1115 2552 1388 2616 ἐπιδείξας
1422 2555 1612 2607 ἑαυτὸν
1634 2558 1662 2609 6
1687 2555 1917 2627 Χριστὸς

339 2634 452 2692 τῶν
480 2638 804 2711 θεοπρεπῶν
835 2640 1381 2713 μεγαλουργημάτων
1419 2645 1805 2718 ἁποτελεστὴν,
1839 2648 1920 2710 είς

340 2728 649 2803 ἀνάμνησιν
679 2733 942 2803 ἀναφέρει
969 2735 1077 2787 τῶν
1119 2736 1425 2807 εἰρημένων
1455 2738 1540 2792 διὰ
1575 2739 1757 2808 φωνῆς
1788 2756 1921 2808 προ-

343 2823 534 2892 φητῶν
568 2824 695 2895 περὶ
724 2822 1066 2896 αὐτοῦ.Ἕφη
1094 2827 1277 2880 τοίνυν
1310 2830 1338 2881 6
1373 2829 1644 2898 μακάριος
1668 2828 1915 2892 Ἠσαίας·

350 2934 372 2968 ι
392 2916 691 2987 Ἰσχύσατε,
726 2920 905 2987 χεῖρες
941 2919 1245 2988 ἀνειμέναι,
1263 2920 1357 2973 καὶ
1387 2921 1588 2989 γόνατα
1616 2920 1921 2990 παραλελυ-

348 3007 507 3080 μένα.
541 3027 560 3060 ι
598 3004 733 3062 Εἶτα
765 3011 1046 3080 μονονουχὶ
1089 3013 1185 3066 καὶ
1232 3016 1391 3084 χεῖρα
1419 3012 1719 3084 προτείνων
1749 3028 1920 3066 κατα-

342 3098 587 3153 δείκνυσι
624 3100 717 3153 τὸν
770 3100 1156 3170 Ἐμμανουὴλ,
1202 3101 1345 3154 οὕτω
1392 3101 1600 3170 λέγων·
1641 3120 1660 3153 ι
1710 3101 1840 3155 Ἰδοὺ
1892 3102 1921 3153 6

344 3190 481 3253 Θεὸς
505 3190 684 3262 ἡμῶν,
719 3190 827 3244 ἰδοὺ
871 3191 1075 3263 Κύριος
1106 3192 1244 3263 μετὰ
1275 3191 1460 3263 ἰσχύος
1493 3192 1733 3264 ἔρχεται,
1765 3193 1859 3247 καὶ
1892 3195 1921 3246 6

346 3279 589 3354 βραχίων
630 3284 769 3355 μετὰ
816 3285 1058 3356 κυρείας.
1090 3305 1109 3338 ι
1144 3287 1289 3356 Ἔφη
1326 3286 1382 3339 δὲ
1432 3288 1527 3340 καὶ
1564 3288 1622 3340 ὲν
1671 3284 1914 3356 ἑτέροις,
1944 3266 1987 3325 C

342 3372 431 3430 ὅτι
461 3395 480 3429 ι
517 3375 651 3429 Τότε
679 3376 1091 3450 ἀνοιχθήσονται
1116 3376 1387 3449 ὀφθαλμοὶ
1413 3377 1652 3448 τυφλῶν,
1688 3378 1783 3432 καὶ
1810 3372 1924 3431 ῶτα

344 3464 550 3534 κωφῶν
589 3465 950 3520 ἀκούσονται·
985 3468 1105 3521 τότε
1154 3468 1362 3520 ἁλεῖται
1391 3468 1562 3538 χωλὸς
1590 3467 1666 3532 ὡς
1702 3466 1922 3536 ἔλαφος,

343 3552 443 3608 καὶ
501 3555 674 3626 τρανὴ
724 3554 880 3609 ἔσται
926 3555 1149 3625 γλῶσσα
1195 3557 1521 3629 μογιλάλων.
1555 3575 1574 3608 ι
1629 3556 1741 3610 Καὶ
1792 3555 1926 3625 πρὸς

342 3642 559 3709 τούτοις
583 3644 664 3699 ἔτι
685 3662 700 3678 ·
738 3660 758 3698 ι
801 3648 1225 3717 ’Δναστήσονται
1253 3651 1301 3703 οἱ
1344 3650 1552 3721 νεκροὶ,
1580 3649 1673 3702 καὶ
1703 3648 1927 3719 ἐγερθὴ-

346 3754 533 3794 σονται
561 3740 611 3792 οὶ
643 3740 701 3793 ὲν
730 3742 843 3804 τοῖς
880 3741 1202 3812 μνημείοις·
1247 3742 1282 3811 ἡ
1311 3742 1420 3811 γὰρ
1460 3740 1652 3811 δρόσος
1694 3740 1726 3810 ἢ
1774 3739 1927 3810 παρὰ

347 3831 467 3897 σοῦ,
517 3831 656 3904 ῐαμα
701 3833 887 3895 αὐτοῖς
930 3837 1100 3887 ἐστιν.
1144 3852 1162 3886 ι
1208 3834 1355 3901 Ἔφη
1407 3832 1465 3885 δὲ
1512 3833 1675 3884 πάλιν
1720 3830 1814 3884 καὶ
1860 3832 1927 3885 ἐκ

347 3923 646 3997 προσώπου
693 3922 933 3996 Χριστοῦ
955 3941 969 3955 ·
1004 3943 1023 3975 ι
1060 3923 1284 3993 Πνεῦμα
1315 3921 1522 3994 Κυρίου
1571 3922 1657 3975 ἐπ’
1691 3921 1791 3991 ἐμὲ
1813 3959 1829 3984 ,
1862 3913 1924 3974 οὗ

343 4015 556 4071 εἵνεκεν
574 4014 758 4087 ἔχρισέ
781 4030 866 4087 με·
884 4013 1343 4083 εὐαγγελίσασθαι
1360 4014 1594 4083 πτωχοῖς
1611 4010 1925 4064 άπέσταλκέ

349 4125 442 4180 με,
475 4108 713 4180 κηρύξαι
744 4104 1111 4177 αἰχμαλώτοις
1153 4104 1367 4174 ἄφεσιν,
1411 4102 1507 4157 καὶ
1547 4101 1766 4172 τυφλοῖς
1799 4101 1927 4155 ἀνά-

348 4197 557 4271 βλεψιν.
594 4218 614 4252 ι
654 4198 781 4252 Ὅτε
828 4196 1007 4251 τοίνυν
1047 4200 1148 4269 τῆς
1186 4196 1273 4265 ἐφ’
1318 4192 1495 4265 ἐαυτῷ
1543 4193 1778 4256 πίστεως
1825 4192 1927 4257 τὰς

346 4291 458 4347 τῶν
489 4290 786 4363 προφητῶν
819 4291 1003 4359 φωνὰς
1032 4291 1263 4342 ποιεῖται
1291 4289 1539 4358 σημεῖον,
1580 4287 1749 4356 ἤγουν
1792 4285 1930 4340 ἁπό-

347 4382 541 4450 δειξιν,
577 4382 709 4436 Θεὸν
732 4380 788 4435 δὲ
821 4381 984 4435 αὐτὸν
1014 4381 1064 4433 οἱ
1088 4379 1365 4452 προφῆται
1393 4377 1755 4451 κηρύττουσι·
1788 4376 1870 4441 τίς
1899 4377 1928 4430 6

350 4460 563 4535 τούτοις
590 4470 658 4525 τὰ
687 4470 904 4524 ἐναντία
930 4471 1095 4539 φάναι
1123 4469 1369 4540 το).μῶν;

436 4561 840 4635 Ἐχειμάξοντο,
872 4562 1026 4632 φησὶ,
1055 4562 1196 4615 κατὰ
1229 4561 1328 4632 τὴν
1358 4560 1553 4631 λίμνην
1582 4561 1631 4613 οἱ
1664 4557 1923 4630 μαθηταί·

350 4651 472 4710 εἶτα
523 4673 541 4706 ι
572 4653 994 4724 προσελθόντες,
1056 4653 1340 4725 διήγειραν
1394 4653 1580 4718 αὐτὸν,
1637 4652 1926 4720 λέγοντες·

363 4744 682 4810 Ἐπιστάτα,
702 4743 1072 4815 ἀπολλύμεθα.
1090 4743 1148 4796 '0
1170 4744 1229 4796 δὲ
1259 4743 1587 4815 διεγερθεὶς,
1623 4743 1927 4813 ἐπετίμησε

350 4836 432 4909 τῷ
454 4836 662 4908 ἀνέμῳ,
686 4836 782 4890 καὶ
808 4834 886 4905 τῷ
915 4834 1144 4887 κλύδωνι
1169 4834 1264 4887 τοῦ
1294 4832 1487 4897 ὓδατος
1506 4850 1519 4864 ⁸
1559 4834 1655 4887 καὶ
1690 4833 1932 4887 ἐπαύσα-

350 4946 448 4996 το,
476 4931 571 4983 καὶ
598 4927 812 4999 ἐγένετο
836 4927 1066 4999 γαλήνη.
1100 4944 1118 4977 ›
1152 4922 1379 4997 Εἴρηται
1409 4926 1537 4997 περὶ
1574 4924 1811 4994 Χριστοῦ
1843 4922 1932 4978 διὰ

357 5019 542 5090 φωνῆς
585 5017 678 5071 τοῦ
733 5017 1001 5088 μακαρίου
1056 5016 1257 5069 Δαυΐδ·
1317 5035 1335 5068 ι
1377 5016 1449 5070 Σὺ
1493 5014 1775 5080 δεσπόζεις
1835 5013 1930 5069 τοῦ

358 5108 594 5175 κράτους
618 5105 718 5177 τῆς
744 5105 1040 5176 θαλάσσης,
1079 5106 1174 5159 καὶ
1204 5102 1295 5158 τον
1333 5105 1491 5158 σάλον
1524 5104 1632 5157 τῶν
1669 5102 1931 5175 κυμάτων

358 5200 531 5266 αὐτῆς
566 5197 631 5250 σὺ
663 5195 1082 5265 καταπραΰνεις.
1110 5193 1200 5248 Σοί
1227 5196 1364 5248 εἰσιν
1393 5196 1439 5247 οἱ
1465 5194 1706 5265 οὐρανοὶ,
1737 5194 1832 5247 καὶ
1862 5190 1927 5262 σή

357 5297 507 5347 ἐστιν
531 5290 566 5359 ἡ
594 5288 666 5358 γῆ
695 5303 710 5317 ·
741 5285 837 5355 τὴν
869 5287 1217 5358 οἰκουμένην,
1250 5288 1343 5340 καὶ
1371 5286 1430 5339 τὸ
1458 5285 1734 5356 πλήρωμα
1766 5284 1935 5354 αὐτῆς

361 5385 425 5439 σὺ
450 5374 841 5452 ἐθεμελίωσας.
870 5380 1029 5432 »Ὅτε
1061 5382 1243 5432 τοίνυν
1268 5377 1344 5450 τῷ
1370 5378 1812 5448 καταπραΰνοντι
1836 5374 1933 5448 τὴν

358 5473 639 5527 θάλασσαν
678 5467 882 5539 πρέποι
934 5467 1000 5521 ἂν
1048 5469 1143 5522 καὶ
1188 5470 1247 5522 τὸ
1288 5468 1570 5532 δεσπόζειν
1617 5467 1728 5521 τῶν
1772 5467 1931 5531 ὅλων,

360 5568 508 5637 ἔχειν
535 5562 592 5616 δὲ
638 5559 801 5623 ἰδίους
831 5561 957 5623 τοὺς
985 5561 1270 5633 οὐρανοὺς,
1318 5562 1411 5614 καὶ
1452 5560 1736 5633 θεμελιοῦν
1778 5559 1936 5616 δύνα-

2014 2016 2092 2068 vit
2130 2014 2326 2068 visum.
2360 2013 2424 2066 Et
2448 2010 2782 2080 respondens
2810 2008 2947 2061 dixit
2977 2007 3082 2061 illis
3110 2024 3123 2061 :
3162 2007 3366 2060 Euntes
3389 2019 3592 2059 renun-

2018 2105 2150 2159 tiate
2202 2101 2400 2157 Joanni
2453 2115 2575 2171 qua:
2627 2098 2858 2153 audistis
2912 2106 2967 2152 et
2999 2097 3210 2151 vidistis
3246 2110 3262 2150 :
3298 2095 3424 2166 quia
3458 2092 3587 2148 caeci

2014 2196 2222 2260 vident,
2248 2192 2425 2249 claudi
2483 2190 2784 2255 ambulant,
2804 2188 3005 2257 leprosi
3059 2187 3412 2251 mundantur,
3439 2184 3591 2238 surdi

2018 2287 2266 2350 audiunt,
2291 2283 2492 2339 mortui
2547 2289 2861 2351 resurgunt,
2896 2293 3162 2349 pauperes
3214 2276 3594 2347 evangelizan-

2016 2388 2106 2434 tur
2138 2397 2151 2432 :
2190 2385 2244 2431 et
2276 2376 2468 2431 beatus
2496 2381 2579 2428 est
2606 2373 2917 2441 quicunque
2952 2385 3058 2424 non
3120 2369 3286 2424 fuerit
3321 2368 3591 2430 scandali-

2019 2478 2173 2524 zatus
2199 2467 2251 2521 in
2280 2481 2365 2521 me
2393 2464 2457 2518 ³⁸.
2488 2483 2507 2516 ι
2536 2463 2717 2519 Famis
2753 2462 3062 2516 divinorum
3099 2460 3368 2531 planeque
3417 2459 3591 2514 admi—

2020 2557 2267 2613 rabilium
2337 2570 2560 2627 operum
2623 2560 2961 2622 patratorem
3035 2551 3288 2606 Christus
3350 2564 3409 2605 se
3478 2564 3597 2603 esse

2022 2653 2435 2713 demonstrans,
2476 2662 2595 2717 quas
2636 2661 2733 2716 per
2775 2644 3054 2715 prophetae
3101 2657 3290 2698 vocem
3323 2641 3598 2713 quondam

2020 2741 2088 2795 de
2140 2754 2199 2794 se
2250 2736 2506 2809 praedicta
2561 2736 2800 2801 fuerant,
2855 2735 2908 2788 in
2969 2734 3293 2787 memoriam
3360 2732 3594 2786 reducit.

2020 2832 2240 2887 Dixerat
2257 2830 2402 2885 enim
2428 2826 2596 2883 Isaias
2620 2844 2635 2881 :
2664 2845 2684 2878 ι
2703 2824 3098 2880 Confortamini
3126 2838 3315 2877 manus
3336 2822 3600 2884 remissae,

2020 2933 2072 2979 et
2111 2938 2285 2992 genua
2337 2920 2511 2975 soluta
2543 2920 2635 2976 ³⁸⁸.
2675 2937 2695 2971 ι
2729 2916 2849 2971 Mox
2902 2930 3036 2970 vero
3070 2914 3224 2985 quasi
3269 2914 3436 2987 digito
3476 2928 3601 2983 pro-

2025 3022 2248 3068 tensave
2304 3026 2465 3065 manu
2524 3006 2935 3062 Emmanuelem
2985 3008 3302 3071 ostendens,
3355 3005 3430 3058 ita
3484 3005 3599 3057 ait:

2029 3123 2047 3155 ι
2081 3100 2223 3158 Ecce
2270 3101 2413 3157 Deus
2444 3110 2649 3165 noster,
2674 3114 2802 3154 ecce
2830 3099 3090 3153 Dominus
3119 3112 3241 3151 cum
3289 3095 3604 3150 fortitudine

2023 3195 2194 3259 venit,
2247 3203 2303 3248 et
2368 3192 2651 3248 brachium
2707 3206 2829 3246 cum
2893 3190 3263 3245 dominatione
3287 3186 3355 3241 ³⁵.
3403 3206 3422 3239 ›
3464 3186 3604 3241 Dicit

2022 3285 2161 3340 idem
2190 3282 2244 3340 et
2274 3284 2381 3339 alio
2421 3297 2637 3353 quoque
2665 3281 2823 3337 loco:
2851 3299 2871 3332 ‹
2914 3281 3069 3336 Tunc
3104 3280 3422 3350 aperientur
3458 3278 3604 3333 oculi

2024 3391 2313 3440 caecorum,
2345 3384 2399 3430 et
2455 3389 2619 3429 aures
2648 3373 2934 3428 surdorum
2980 3372 3224 3436 audient,
3262 3380 3390 3425 tunc
3450 3369 3607 3424 s’alict

2026 3469 2165 3523 sicut
2197 3482 2390 3522 cervus
2443 3466 2685 3529 claudus,
2721 3474 2776 3520 et
2804 3466 3063 3535 ’expedita
3093 3465 3199 3520 erit
3249 3465 3434 3533 lingua
3491 3462 3607 3517 bal-

2028 3561 2352 3616 butientium
2380 3560 2448 3615 ³⁸.
2477 3579 2495 3612 ι
2530 3559 2694 3614 Addit
2724 3567 2989 3629 praeterea
3025 3576 3040 3614 :
3076 3578 3095 3611 ι
3121 3557 3359 3626 Surgent
3383 3557 3605 3619 mortui,

2029 3662 2084 3705 et
2128 3658 2412 3720 resurgent
2451 3650 2539 3720 qui
2606 3649 2658 3703 in
2712 3650 3082 3704 monumentis
3136 3659 3309 3705 sunt:
3346 3663 3471 3701 nam
3518 3663 3607 3703 ros

2028 3742 2119 3810 qui
2179 3753 2309 3807 ate,
2356 3741 2488 3812 ipsis
2522 3741 2732 3797 sanitas
2767 3751 2854 3796 est
2879 3741 2943 3796 ³⁷.
2988 3760 3007 3793 ι
3065 3740 3297 3796 Rursum
3333 3743 3474 3798 idem
3554 3743 3606 3796 iu

2028 3847 2256 3903 persona
2292 3833 2491 3888 Christi
2544 3832 2617 3886 ita
2674 3833 2750 3886 ait
2783 3849 2797 3886 :
2831 3850 2850 3884 ι
2883 3830 3117 3900 Spiritus
3164 3832 3381 3887 Domini
3443 3848 3609 3903 super

2028 3942 2136 3994 me,
2171 3926 2326 3996 cujus
2355 3942 2519 3982 causa
2553 3927 2705 3981 unxit
2737 3942 2840 3992 me,
2875 3926 3254 3996 evangelizare
3278 3928 3608 3995 pauperibus

2027 4015 2175 4069 misit
2204 3997 2310 4078 me,
2343 4015 2639 4083 praedicare
2657 4013 2891 4081 captivis
2924 4013 3328 4078 remissionem,
3351 4022 3406 4067 et
3443 4015 3605 4068 caecis

2027 4104 2175 4157 visus
2198 4102 2533 4172 apertionem
2561 4100 2629 4155 ³⁸.
2661 4120 2679 4152 ι
2707 4101 2844 4156 Cum
2878 4116 3010 4171 ergo
3045 4102 3431 4171 prophetarum
3472 4116 3605 4156 ora-

2028 4196 2149 4250 cula
2188 4196 2308 4250 fidei
2368 4210 2490 4265 quae
2546 4195 2647 4265 ipsi
2680 4195 2930 4259 debetur,
2966 4203 3342 4266 argumentum
3406 4195 3607 4263 proba-

2031 4287 2343 4357 tionemque
2383 4287 2635 4353 adducat,
2668 4287 2880 4357 ipsique
2918 4287 3195 4356 prophetae
3230 4286 3398 4341 Deum
3454 4287 3605 4341 illum

2029 4393 2152 4434 csse
2211 4377 2529 4448 praedicent,
2571 4379 2693 4449 quis
2755 4378 2843 4434 his
2893 4378 3165 4435 contraria
3211 4393 3462 4434 asserere
3509 4394 3608 4432 au-

2030 4470 2191 4527 deat?

2107 4562 2244 4618 Dum
2275 4561 2522 4632 discipuli
2547 4570 2866 4630 tempestate
2908 4567 2962 4618 ln
2993 4571 3187 4634 stagno
3234 4561 3601 4633 iactarentur,

2040 4671 2059 4705 ι
2083 4654 2403 4709 accedentes
2431 4653 2762 4707 suscitarunt
2784 4668 2929 4719 eum,
2954 4655 3193 4710 dicentes
3225 4671 3238 4707 :
3272 4652 3605 4722 Praeceptor,

2032 4746 2290 4815 perimus.
2321 4749 2390 4800 At
2411 4745 2523 4816 90
2546 4746 2635 4799 ille
2683 4761 2910 4815 surgens
2961 4746 3260 4815 increpavit
3288 4756 3506 4801 ventum
3552 4754 3610 4798 et

2033 4842 2410 4904 tempestatem
2466 4852 2661 4906 aquae:
2695 4847 2748 4891 et
2791 4837 3046 4901 cessavit,
3074 4848 3130 4892 et
3159 4835 3300 4892 facta
3333 4846 3418 4891 est
3463 4845 3617 4890 tran-

2033 4927 2279 4995 quillitas
2319 4928 2389 4981 ”.
2428 4945 2448 4978 ι
2477 4927 2732 4982 Davidica
2760 4943 2892 4983 voce
2932 4927 3193 4995 ejusmodi
3238 4929 3518 4984 oraculum
3550 4929 3617 4982 de

2034 5016 2255 5071 Christo
2309 5017 2513 5071 editum
2580 5028 2701 5072 erat
2745 5037 2759 5073 :
2805 5036 2824 5069 ι
2867 5019 2947 5072 'l‘u
2999 5020 3296 5075 dominaris
3358 5021 3611 5089 potestati

2040 5107 2226 5173 maris,
2266 5116 2321 5162 et
2370 5115 2579 5162 motum
2631 5108 2890 5164 fluctuum
2937 5111 3057 5179 ejus
3114 5121 3170 5166 tu
3228 5112 3468 5180 mitigas.
3515 5111 3615 5166 Tui

2037 5209 2163 5252 sunt
2196 5199 2344 5266 cceli,
2372 5209 2427 5254 et
2447 5208 2536 5253 tua
2560 5210 2647 5255 est
2681 5211 2845 5266 terra,
2876 5203 3064 5258 orbem
3097 5212 3364 5258 terrarum
3396 5210 3452 5257 et
3501 5201 3617 5271 ple-

2037 5289 2333 5344 nitudinem
2371 5291 2487 5359 ejus
2511 5299 2565 5344 tu
2601 5294 2842 5347 fundasti
2864 5292 2931 5348 "°.
2954 5313 2972 5345 ι
3012 5294 3143 5349 Cum
3173 5294 3225 5347 in
3257 5293 3404 5347 illum
3428 5293 3614 5362 igitur,

2036 5380 2128 5449 qui
2182 5381 2354 5435 maria
2386 5385 2559 5448 sedat,
2590 5385 2836 5438 omnium
2886 5399 3068 5439 rerum
3120 5382 3409 5438 Dominum
3466 5398 3612 5449 esse,

2036 5471 2284 5541 proprios
2325 5473 2490 5527 caelos
2545 5475 2844 5542 possidere,
2890 5475 3080 5528 orbem
3125 5482 3420 5541 terrarum,
3468 5474 3615 5544 ejus-

2038 5561 2266 5631 demque
2300 5561 2686 5632 plenitudinem
2746 5577 2905 5634 posse
2937 5564 3183 5631 fundare,
3216 5567 3434 5636 proprie
3482 5580 3616 5621 con.

431 5746 476 5778 ³⁸
507 5746 637 5801 Luc.
663 5762 717 5814 v,
745 5745 936 5799 22—21.
1003 5743 1061 5814 ᾼ³⁵
1094 5741 1224 5796 Luc.
1262 5756 1358 5814 vi},
1379 5739 1578 5814 2l,72§.
1658 5741 1719 5772 W
1747 5740 1923 5814 lsa:_r.1

2024 5779 2038 5814 ,
2068 5740 2129 5814 β.
2177 5739 2252 5814 ,³⁵
2288 5739 2390 5795 lsa.
2421 5756 2510 5805 ιιι,
2542 5740 2628 5814 lt).
2668 5812 2677 5814 Α
2706 5742 2756 5814 ,³⁸
2783 5743 2885 5800 lsa.
2928 5755 3093 5808 xxxv,
3120 5740 3173 5796 5.
3252 5739 3296 5772 ³⁷
3324 5738 3430 5797 lsa.
3462 5756 3612 5803 τινι.

367 5816 456 5871 19.
532 5818 576 5849 ⁴⁶
609 5812 713 5873 ιεο.
743 5832 853 5884 ut,
893 5816 915 5869 1
948 5831 960 5880 ;
997 5812 1129 5868 Luc.
1162 5818 1235 5880 tv‘,
1268 5812 1354 5867 l8.

1454 5813 1496 5844 ⁸⁹
1525 5810 1656 5867 Luc.
1683 5822 1796 5879 riu“,
1823 5811 1912 5867 2-1.
1992 5810 2037 5842 ¹⁵⁰
2068 5809 2211 5866 l’sal.
2245 5825 2512 5879 Lxxxvut,
2544 5811 2631 5880 10,
2662 5812 2746 5868 ll.
