4060 6444
487 483 509 535 1
525 481 624 536 279

1487 485 1544 540 5.
1586 485 1860 541 CYltlLLl
1900 485 2369 541 ALEXANDRINI
2413 484 2733 540 ARCIIIEP.

3610 479 3752 537 ["280

485 596 840 665 veniat;quis
889 596 1190 667 Christum,
1225 601 1316 669 qui
1379 617 1501 657 cum
1556 605 1878 659 auctoritate
1929 605 2066 658 mari

2186 605 2296 658 τθαι
2335 605 2434 677 τὴν
2478 604 2810 674 οἰκουμένην
2838 601 2935 656 καὶ
2977 600 3038 654 τὸ
3078 601 3348 672 πλήρωμα
3395 599 3584 671 αὐτῆς
3635 599 3757 664 πῶς

486 699 541 742 et
594 690 770 745 ventis
830 689 1080 761 imperat,
1136 709 1320 749 verum
1381 695 1548 751 Deum
1622 711 1744 752 esse
1796 698 2072 768 ambigere

488 790 689 848 queat;

567 972 588 1006 ι
622 952 871 1024 Rogabat
898 957 1046 1012 illum
1083 960 1188 1026 vir,
1215 977 1242 1014 a
1285 977 1390 1030 quo
1415 962 1678 1016 dmmonia
1713 963 1980 1028 exierant,
2016 971 2075 1018 ut

489 1061 613 1099 cum
659 1061 723 1101 eo
766 1060 931 1106 esset.
969 1051 1185 1106 Dimisit
1232 1063 1410 1106 autem
1462 1069 1583 1108 eum
1633 1053 1812 1118 Iesus,
1840 1055 2071 1110 dicens:

491 1135 624 1190 Redi
671 1139 724 1191 in
759 1140 976 1194 domum
1019 1153 1189 1207 tuam,
1225 1151 1280 1197 et
1321 1159 1483 1198 narra
1539 1156 1744 1214 quanta
1800 1145 1891 1200 tibi
1947 1149 2076 1201 fecit

496 1223 652 1279 Deus.
687 1226 753 1280 Et
802 1230 936 1282 abiit
984 1245 1079 1298 per
1105 1231 1408 1286 universam
1447 1234 1720 1288 civitatem
1772 1236 2076 1303 praedicans

490 1324 687 1385 quanta
720 1317 793 1370 illi
842 1319 1068 1375 fecisset
1119 1320 1274 1377 Jesus
1305 1323 1370 1377 ⁸⁸.
1398 1343 1416 1376 ι
1451 1324 1506 1378 In
1555 1324 1946 1380 Gerasenorum
1990 1341 2078 1382 re-

491 1409 814 1478 gionecurat
829 1412 864 1464 it
881 1411 1035 1466 Jesus
1059 1414 1451 1470 humanissime
1467 1434 1494 1469 a
1513 1418 1778 1473 dmmonio
1800 1430 2072 1483 vexatum,

491 1500 581 1567 qui
617 1501 779 1554 etiam
813 1514 870 1556 ut
893 1505 1058 1557 vitam
1087 1506 1187 1560 sibi
1221 1523 1343 1561 cum
1367 1523 1431 1562 eo
1457 1524 1616 1578 agere
1661 1511 1915 1580 deinceps
1945 1511 2077 1566 lice-

491 1600 594 1655 ret,
624 1593 820 1647 obnixe
854 1594 1201 1664 eﬂlagitabat.
1254 1597 1324 1652 At
1354 1614 1484 1654 vero
1529 1603 1779 1668 quamvis
1823 1617 1945 1656 eum
1991 1617 2078 1657 sa.

493 1695 698 1749 nasset,
729 1687 1058 1756 spiritusque
1082 1688 1356 1757 ejecisset,
1404 1692 1558 1762 jubet
1584 1704 1760 1747 tamen
1789 1695 2077 1748 utdomum

495 1790 648 1829 suam
673 1787 902 1845 repetat,
933 1793 1244 1850 quantaque
1270 1783 1372 1837 sibi
1414 1783 1635 1839 fecisset
1660 1786 1817 1850 Deus,
1838 1795 2075 1840 enarret.

495 1866 834 1936 Operabatur
881 1872 1060 1940 itaque
1097 1873 1348 1929 Christus
1402 1884 1658 1943 tanquam
1713 1890 1870 1931 verus
1912 1874 2074 1932 Deus.

494 1958 818 2030 Neutiquam
867 1964 1008 2016 enim
1051 1964 1232 2020 dicere
1289 1965 1372 2020 fas
1415 1975 1518 2027 est.
1549 1968 1934 2036 prophetarum
1985 1979 2079 2023 aut
2108 1943 2150 1998 Β

497 2061 803 2107 sanctorum
825 2055 1197 2122 apostolorum
1229 2072 1400 2121 more,
1427 2058 1622 2111 divina:
1647 2059 1836 2128 gratiae
1872 2059 2078 2114 instru-

497 2152 744 2197 mentum
789 2146 1080 2201 exstitisse.
1121 2146 1236 2214 lpse
1283 2162 1514 2216 namque
1571 2152 1809 2218 propria,
1839 2151 1940 2206 hoc
1995 2162 2080 2207 est

497 2236 677 2290 divina
710 2237 903 2290 virtute
927 2236 1184 2291 Satanam
1210 2239 1526 2293 conterebat
1553 2258 1566 2294 :
1594 2241 1722 2308 quin
1755 2250 1807 2294 et
1838 2243 1890 2294 in
1928 2241 2075 2297 illius

496 2340 711 2394 quoque
763 2327 982 2380 nomine
1026 2327 1290 2382 daemonia
1352 2329 1556 2383 sanctis
1613 2330 1868 2398 apos‘tolis
1911 2331 2080 2401 subji-

496 2418 814 2472 ciebantur:
848 2428 1012 2489 atque
1075 2418 1180 2474 hoc
1227 2419 1403 2487 ipsum
1455 2435 1522 2474 ne
1565 2420 1640 2475 illi
1700 2422 1802 2493 ipsi
1857 2423 2076 2493 quidem

498 2505 831 2564 diﬂitebantu
841 2526 886 2566 r.

569 2603 646 2656 De
700 2603 961 2672 principis
1019 2604 1322 2676 Synagogte
1371 2603 1484 2659 ﬁlia
1541 2605 1722 2660 aiebat
1776 2605 2075 2662 Christus:

506 2710 526 2744 ι
553 2691 728 2747 Nolite
753 2695 899 2748 nere.
920 2694 1034 2749 Non
1059 2705 1141 2751 est
1171 2705 1382 2750 mortua
1410 2695 1610 2766 puella,
1632 2698 1723 2750 sed
1741 2699 1938 2753 dormit
1958 2699 2024 2752 δ’.
2053 2718 2070 2750 ι

499 2781 752 2853 Nunquid
789 2784 951 2855 igitur
1011 2787 1272 2841 mentitus
1327 2787 1445 2843 est?
1481 2787 1655 2843 absitl
1692 2804 1878 2844 verum
1934 2791 2078 2844 enim

500 2872 656 2928 dixit.
694 2871 910 2927 Modum
942 2884 1124 2930 autem
1157 2876 1318 2945 hujus
1353 2878 1576 2946 exponit
1608 2877 1804 2933 Paulus
1844 2881 1927 2934 his
1959 2896 2081 2936 ver-

499 2966 584 3021 bis
617 2985 631 3021 :
668 2984 686 3018 ι
721 2966 837 3022 Non
865 2978 948 3022 est
977 2968 1121 3023 Deus
1161 2978 1522 3035 mortuorum,
1555 2971 1653 3024 sed
1680 2971 1928 3026 vivorum
1954 2972 2019 3028 ”.
2056 2991 2075 3026 ι

502 3057 780 3127 Siquidem
809 3061 1119 3129 quicunque
1176 3060 1373 3114 victuri
1432 3069 1581 3126 sunt,
1605 3061 1681 3116 illi
1715 3063 1824 3118 Deo
1859 3063 2079 3132 vivunt;

503 3153 702 3205 mortui
769 3151 998 3221 proinde
1058 3152 1374 3208 hominibus
1439 3154 1638 3208 mortui
1688 3163 2082 3211 sunl:verum

2173 697 2274 750 οὐκ
2318 697 2384 750 ἂν
2419 696 2686 766 ὑπάρχειν
2725 691 2897 746 νοοῖτο
2941 691 3074 755 Θεὸς
3120 691 3337 762 ἀληθῶς
3370 694 3398 745 6
3429 690 3692 762 Χριστὸς,
3729 694 3760 744 ὁ

2175 787 2418 860 Θαλάσσῃ
2469 787 2564 840 καὶ
2608 783 2916 850 πνεύμασιν
2958 782 3252 852 ἐπιτιμῶν,
3297 782 3393 836 καὶ
3433 783 3592 836 τοῦτο
3637 781 3755 851 μετ’

2175 877 2444 944 ἐξουσίας

2252 989 2270 1020 ι
2315 969 2519 1021 Ἐδεῖτο
2543 967 2602 1022 δὲ
2626 965 2791 1020 αὑτοῦ
2823 967 2852 1020 6
2883 965 3044 1037 ἀνὴρ,
3097 965 3194 1035 ἀφ’
3239 957 3300 1019 οὗ
3332 964 3640 1035 ἐξεληλύθει
3688 965 3761 1018 τὰ

2175 1059 2446 1130 δαιμόνια.
2480 1054 2619 1114 εἶναι
2654 1061 2750 1113 σὺν
2798 1057 2965 1128 αὐτῷ.
3007 1055 3320 1110 Ἀπέστειλε
3355 1055 3412 1108 δὲ
3451 1055 3634 1114 αὑτὸν.
3668 1055 3762 1108 λέ-

2176 1167 2289 1218 γων
2311 1165 2322 1177 ·
2366 1149 2710 1220 ’Υπόστρεφε
2743 1151 2824 1212 είς
2854 1149 2944 1201 τὸν
2982 1144 3129 1201 οἶκόν
3167 1165 3284 1210 σου,
3315 1149 3408 1201 καὶ
3439 1147 3627 1217 διηγοῦ
3657 1147 3764 1200 ὅσα

2179 1257 2261 1300 σοι
2297 1238 2598 1306 πεποίηκεν
2645 1240 2674 1291 6
2712 1237 2864 1300 Θεός.
2913 1235 3025 1290 Καὶ
3069 1235 3280 1305 ἀπῆλθε
3324 1236 3448 1288 καθ’
3489 1235 3618 1303 ὃλην
3659 1235 3764 1304 τὴν

2178 1331 2332 1384 πόλιν
2360 1329 2654 1400 κηρύσσων
2688 1330 2789 1382 ὅσα
2823 1328 3080 1396 ἐποίησεν
3111 1326 3259 1396 αὑτῷ
3289 1329 3317 1379 6
3343 1327 3498 1389 Θεός.
3527 1346 3546 1379 ι
3577 1327 3666 1379 Ἐν
3689 1329 3760 1396 τῇ

2175 1422 2285 1474 τῶν
2319 1421 2671 1490 Γεργεσηνῶν
2702 1419 2856 1491 χώρα
2883 1419 3292 1488 τεθεράπευκεν
3321 1419 3350 1470 6
3393 1418 3627 1488 Χριστὸς
3665 1417 3762 1470 τὸν

2178 1514 2386 1583 ἀγρίως
2415 1513 2777 1582 δαιμονῶντα,
2823 1512 2880 1574 ὃς
2911 1512 3004 1564 καὶ⁸
3059 1512 3296 1563 συνεῖναι
3327 1509 3476 1580 αύτῷ
3509 1510 3761 1578 παρεκά-

2179 1604 2280 1656 λει.
2320 1602 2482 1656 Ἀλλὰ
2530 1602 2708 1656 καίτοι
2742 1601 3088 1671 θεραπεύσας
3117 1601 3300 1664 αὑτὸν,
3356 1600 3451 1652 καὶ
3497 1599 3763 1668 ἐκϐεϐλη-

2180 1693 2291 1758 κὼς
2323 1693 2391 1746 τὰ
2416 1692 2725 1764 πνεύματα,
2769 1692 3023 1745 ἐκέλευεν
3058 1691 3311 1744 ἀπελθεῖν
3350 1691 3430 1753 είς
3478 1689 3568 1742 τὸν
3609 1684 3764 1742 οἷκον

2179 1783 2345 1839 αὑτοῦ
2365 1823 2379 1848 ,
2413 1783 2508 1836 καὶ
2551 1782 2845 1854 κηρύττειν
2892 1783 2992 1836 ὅσα
3035 1783 3335 1851 πεποίηκεν
3368 1781 3516 1852 αὐτῷ
3548 1783 3576 1834 6
3600 1780 3761 1844 Θεός.

2192 1876 2530 1946 Ἐνήργηκεν
2561 1870 2655 1928 οὗν
2683 1874 2867 1937 αὐτὸς,
2898 1875 2974 1937 ώς
3005 1873 3137 1937 Θεὸς
3166 1873 3430 1945 ὑπάρχων
3467 1871 3720 1941 ἀληθινός
3742 1889 3760 1903 ο

2179 1967 2241 2021 ού
2275 1968 2379 2039 γάρ
2412 1966 2516 2020 πού
2564 1984 2746 2037 φαμεν
2775 1967 2851 2030 ὡς
2884 1967 3156 2037 ὑπουργὸς
3199 1965 3389 2033 γέγονε
3416 1964 3563 2027 θείας
3588 1965 3753 2034 χάρι-

2177 2077 2270 2123 τος
2296 2059 2416 2112 καθ’
2453 2059 2547 2112 ἕνα
2569 2059 2676 2112 τῶν
2702 2058 3016 2130 προφητῶν,
3050 2059 3220 2129 ἤγουν
3268 2057 3378 2110 τῶν
3421 2057 3591 2124 ἁγίων
3623 2058 3766 2110 ἀπο-

2184 2150 2389 2204 στόλων
2409 2166 2420 2179 ·
2453 2149 2568 2203 ἀλλ’
2597 2145 2666 2220 ἦν
2697 2149 2863 2212 αὑτὸς
2896 2148 3125 2218 δυνάμει
3158 2150 3224 2218 τῇ
3265 2147 3372 2218 ἰδίᾳ
3405 2148 3499 2200 καὶ
3529 2146 3765 2215 Θεοπρε-

2181 2245 2275 2295 πεῖ
2301 2241 2602 2312 συντρίϐων
2631 2240 2721 2294 τὸν
2753 2240 3019 2293 Σατανᾶν.
3066 2240 3153 2292 Ἐν
3178 2239 3404 2312 ὀνόματι
3438 2233 3532 2291 οὖν
3558 2235 3758 2299 αὑτοῦ,

2181 2335 2276 2388 καὶ
2310 2337 2421 2398 τοῖς
2449 2334 2624 2401 ἁγίοις
2663 2331 2934 2403 μαθηταῖς
2974 2331 3337 2385 ὑπετάττοντο
3361 2330 3429 2384 τὰ
3465 2329 3722 2401 δαιμόνια
3742 2344 3762 2358 ⁶

2182 2426 2275 2479 καὶ
2299 2425 2457 2479 τοῦτο
2481 2423 2894 2495 διωμολόγησαν
2925 2423 3100 2478 αὐτοί.

2263 2603 2388 2656 Ἐπὶ
2441 2605 2506 2673 τῇ
2559 2601 2792 2672 Θυγατρὶ
2839 2600 2933 2653 τοῦ
2990 2598 3441 2671 ἀρχισυναγώγου
3505 2598 3672 2669 φησὶν
3731 2599 3766 2652 6

2182 2694 2449 2766 Χριστός·
2491 2712 2508 2745 ι
2543 2694 2635 2762 Μὴ
2667 2691 2918 2746 κλαίετε’
2961 2693 3022 2745 οὑ
3051 2691 3162 2762 γὰρ
3208 2691 3446 2745 ἀπέθανε
3488 2690 3550 2743 τὸ
3592 2690 3767 2761 κορά-

2185 2800 2320 2848 σιον,
2347 2783 2483 2838 ἀλλά
2510 2783 2784 2838 καθεύδει.
2825 2802 2844 2834 ι
2880 2779 3006 2854 'Ap’
3032 2778 3124 2836 οὖν
3153 2783 3406 2853 ἐψεύδετο
3426 2789 3488 2847 ⁰;
3534 2781 3627 2851 Μὴ
3666 2781 3769 2849 γέ-

2183 2878 2359 2932 νοιτοῑ
2401 2877 2657 2948 ἀληθεύει
2686 2876 2774 2930 δέ·
2803 2875 2900 2929 καὶ
2925 2875 3065 2928 κατὰ
3098 2875 3218 2928 τίνα
3243 2875 3466 2945 τρόπον,
3493 2873 3521 2924 6
3551 2871 3768 2934 Παῦλος

2181 2969 2526 3042 διερμηνεύει
2568 2969 2776 3039 λέγων·
2820 2987 2838 3019 ι
2869 2967 2983 3020 υύκ
3028 2966 3143 3019 ἔστι
3183 2965 3314 3028 Θεὸς
3348 2963 3593 3034 νεκρῶν,
3625 2961 3770 3016 ἀλλὰ

2186 3062 2426 3128 ζώντων.
2459 3079 2478 3113 ι
2515 3060 2658 3114 Ζῶσι
2689 3059 2799 3130 γὰρ
2833 3058 2912 3129 τῷ
2956 3057 3076 3128 Θεῷ
3116 3058 3164 3109 οἱ
3211 3056 3397 3126 ζήσειν
3453 3053 3764 3124 μέλλοντες.

2185 3151 2397 3208 Οὑκοῦν
2423 3152 2472 3205 οἱ
2501 3150 2821 3221 τεθνηκότες
2847 3190 2862 3213 ,
2896 3147 3035 3203 κατὰ
3067 3147 3164 3217 μὲν
3195 3144 3514 3215 ἀνθρώπους
3540 3144 3646 3196 εἰσὶ
3677 3159 3769 3196 νε-

499 3252 708 3297 naturte
731 3242 806 3297 illi
837 3242 1084 3308 viviﬁcm,
1111 3243 1215 3298 hoe
1246 3253 1348 3307 est,
1384 3244 1598 3310 divinze,
1631 3243 1874 3300 minime.
1904 3243 2082 3300 Verax

2186 3246 2344 3318 xpoi'
2392 3233 2536 3298 κατά
2584 3242 2641 3295 δὲ
2683 3241 2781 3312 τὴν
2829 3237 3090 3304 ζωοποιὸν
3139 3235 3322 3308 φύσιν,
3369 3235 3615 3288 τουτέστι
3664 3233 3769 3305 τὴν

500 3334 685 3405 itaque
716 3343 819 3400 est,
855 3336 981 3388 dum
1011 3343 1070 3389 ut
1109 3335 1248 3390 Deus
1280 3335 1345 3389 de
1373 3337 1573 3405 puella,
1606 3354 1626 3389 ι
1663 3334 1780 3392 Non
1811 3346 1897 3393 est
1926 3352 2078 3394 mor-

503 3433 616 3490 tua,
649 3426 743 3481 sed
775 3425 995 3494 dormit,
1033 3445 1052 3479 ι
1086 3427 1360 3482 enuntiat.

572 3594 717 3650 idem
776 3610 896 3651 cum
964 3596 1224 3666 apostolis
1291 3610 1595 3651 sermonem
1641 3597 1950 3662 conferens,
2006 3601 2079 3653 ita

504 3689 686 3742 aiebat
713 3705 728 3742 :
755 3705 772 3738 ι
804 3688 935 3753 Quis
965 3688 1140 3757 major
1173 3697 1276 3752 est,
1313 3689 1402 3758 qui
1433 3690 1722 3754 recumbit,
1755 3706 1822 3745 an
1859 3693 1948 3760 qui
1979 3692 2079 3746 mi-

505 3778 728 3846 nistrat";
761 3793 940 3833 nonne
986 3780 1077 3849 qui
1139 3779 1442 3833 recumbit?
1473 3778 1577 3849 91
1633 3780 1743 3851 Ego
1795 3793 1974 3837 autem
2029 3785 2083 3858 in

507 3871 686 3924 medio
713 3871 879 3925 vestri
934 3886 1054 3926 sum
1101 3882 1356 3940 tanquam
1395 3877 1485 3942 qul
1519 3874 1879 3928 ministrat“.
1917 3891 1934 3925 ι
1971 3873 2080 3928 Ob-

505 3977 682 4024 serva,
705 3970 762 4016 ut
807 3964 950 4032 quod
992 3963 1185 4017 attinet
1240 3963 1308 4017 ad
1363 3963 1644 4029 deitatem,
1682 3963 2085 4032 Dominicaeque

487 4054 691 4123 glorize
722 4045 1084 4124 maiestatem,
1120 4055 1171 4108 in
1209 4055 1589 4110 ministrorum
1620 4055 1811 4109 ordine
1845 4055 2082 4118 censeri,

510 4155 719 4200 tantum
784 4161 888 4201 non
944 4154 1245 4212 aversetur,
1301 4156 1640 4216 recusetque.
1695 4145 2083 4201 Verumtamen

508 4247 728 4305 propter
779 4237 1068 4291 humanam
1111 4248 1359 4292 naturam
1414 4240 1778 4294 ministerium
1825 4238 2080 4291 admittit.

506 4328 596 4381 Ait
624 4328 767 4381 enim
798 4346 810 4382 :
847 4346 866 4378 ι
897 4328 1006 4399 Ego
1040 4330 1092 4383 in
1123 4329 1302 4385 medio
1336 4331 1502 4385 vestri
1553 4346 1672 4384 sum
1705 4337 1962 4399 tanquam
1995 4330 2084 4397 qui

508 4419 802 4475 ministrat.
845 4437 864 4471 ι
915 4419 1028 4474 Etsi
1070 4435 1198 4489 ergo
1240 4421 1382 4475 inter
1422 4422 1724 4476 ministeria
1775 4421 1919 4475 ultro
1965 4435 2086 4474 sese

505 4510 794 4578 dimiserit,
815 4519 1052 4567 attamen
1077 4521 1135 4565 ut
1165 4511 1449 4576 Dominus,
1472 4513 1846 4580 nniversaeque
1869 4521 2086 4566 creatu-

510 4619 584 4657 ra:
651 4604 910 4659 famulatu
969 4607 1291 4671 honoratus,
1349 4615 1406 4660 ut
1464 4606 1632 4673 Deus,
1691 4607 1807 4676 ipse
1865 4614 1949 4661 est
1991 4606 2082 4675 qui
2118 4622 2161 4677 ι)

508 4695 799 4751 recumbit.

583 4805 602 4837 ι
636 4785 795 4841 Jesus
841 4787 1006 4855 igitur
1031 4789 1108 4843 ait
1141 4787 1246 4844 illis
1277 4788 1503 4859 (nempe
1544 4788 1892 4845 sacerdotum
1930 4789 2084 4860 prin-

507 4876 716 4944 cipibus
747 4876 817 4932 ab
847 4877 937 4930 illo
964 4879 1295 4947 Christusne
1324 4888 1470 4935 esset
1524 4879 2003 4951 sciscitantibus):
2027 4880 2084 4935 Si

508 4967 661 5020 vobis
688 4968 899 5033 dixero,
931 4985 1038 5024 non
1062 4971 1295 5026 credetis
1343 4973 1498 5026 mihi.
1542 4971 1600 5026 Si
1630 4983 1810 5028 autem
1847 4972 2083 5027 interro-

509 5072 729 5126 gavere,
768 5074 870 5112 non
899 5063 1297 5129 respondebitis
1351 5063 1506 5129 mihi,
1537 5078 1712 5134 neque
1777 5063 2084 5118 dimittetis.

509 5150 586 5204 Ex
631 5147 736 5205 hoc
762 5159 939 5205 autem
973 5154 1079 5207 erit
1104 5152 1274 5207 Filius
1313 5155 1547 5212 hominis
1583 5159 1782 5213 sedens
1816 5171 1845 5210 a
1874 5156 2087 5211 dextris

508 5243 724 5298 virtutis
757 5243 848 5296 Dei
871 5243 936 5297 ⁸⁵.
981 5263 999 5296 ι
1035 5241 1090 5297 Si
1141 5243 1310 5298 Filius
1359 5245 1597 5300 hominis
1651 5248 1855 5301 sedeta
1882 5247 2089 5302 dextris

510 5331 626 5395 Dei,
667 5331 942 5401 quomodo
999 5331 1252 5387 Christus
1294 5348 1507 5388 summo
1545 5334 1635 5388 illo
1672 5335 1866 5391 throno
1923 5338 2086 5391 deco-

511 5430 683 5489 ratus,
713 5428 1016 5493 eademque
1057 5439 1180 5478 cum
1217 5424 1378 5480 Patre
1409 5424 1555 5480 sedis
1586 5427 1912 5481 auctoritate
1947 5442 2088 5496 pra:-

2189 3337 2362 3403 θείαν,
2395 3337 2496 3390 οὐκ
2523 3334 2978 3404 ἀποτεθνήκασιν.
3008 3328 3285 3398 Ἀληθεύει
3317 3327 3427 3398 γὰρ
3456 3328 3532 3391 ὡς
3560 3325 3692 3390 Θεὸς
3713 3328 3766 3390 1³,

2191 3430 2320 3500 περὶ
2371 3427 2467 3481 τοῦ
2519 3425 2776 3499 κορασίου
2822 3423 3029 3493 λέγων’
3077 3443 3093 3475 ι
3131 3422 3244 3476 Οὑκ
3287 3420 3589 3486 ἀπέθανεν,
3627 3417 3768 3472 ἀλλά

2190 3521 2461 3576 καθεύδει.
2497 3539 2514 3571 ι

2261 3614 2387 3676 Τοῖς
2410 3610 2604 3665 ἑαυτοῦ
2635 3609 2905 3682 μαθηταῖς
2943 3608 3345 3676 διαλεγόμενος,
3369 3604 3574 3674 ἔφασκε
3600 3618 3614 3633 ·
3639 3601 3769 3663 ιΤίς

2195 3703 2397 3777 μείζων
2427 3703 2596 3768 ἐστὶν,
2627 3703 2655 3754 6
2684 3701 3072 3770 ἀνακείμενος,
3109 3698 3142 3768 ἢ
3174 3699 3202 3749 6
3240 3696 3536 3760 διακονῶν;
3574 3693 3710 3763 Οὐχὶ
3741 3694 3773 3746 6

2191 3795 2578 3866 ἀνακείμενος;
2623 3789 2765 3860 Ἐγὼ
2791 3790 2848 3843 δὲ
2875 3791 2933 3842 ὲν
2967 3788 3116 3858 μέσῳ
3148 3785 3301 3856 ὑμῶν
3334 3787 3449 3855 εἰμι
3490 3783 3565 3846 ώς
3601 3784 3630 3834 6
3657 3781 3773 3834 δια-

2193 3884 2422 3938 κονῶν.»
2441 3883 2623 3952 Ὁρᾷς,
2650 3882 2819 3943 ὅπως,
2849 3879 2972 3931 ὅσον
2999 3877 3094 3947 μὲν
3116 3871 3249 3947 ἧκεν
3275 3875 3355 3937 είς
3383 3890 3446 3942 γε
3476 3871 3538 3924 τὸ
3556 3874 3623 3942 τῇ
3651 3870 3770 3923 θεό-

2193 3993 2319 4046 τητι
2354 3975 2563 4046 πρέπον
2607 3972 2702 4027 καὶ
2746 3975 2812 4043 τῇ
2844 3968 2967 4039 δόξῃ
3002 3972 3068 4039 τῇ
3114 3969 3448 4038 Δεσποτικῇ,
3489 3964 3774 4035 μονονουχὶ

2195 4067 2290 4120 καὶ
2318 4065 2633 4119 ἀποσείεται
2658 4063 2718 4116 τὸ
2753 4064 2810 4114 ὲν
2837 4061 3084 4114 διακόνου
3113 4058 3350 4111 νοεῖσθαι
3382 4057 3568 4122 τάξεις
3611 4057 3655 4107 Τ
3663 4056 3767 4126 ιμᾷ

2194 4160 2252 4213 δὲ
2280 4158 2438 4212 τοῦτο
2472 4158 2559 4210 διὰ
2591 4155 2651 4209 τὸ
2675 4152 3031 4226 ἀνθρώπινον·
3057 4171 3076 4204 ι
3110 4149 3252 4219 Ἐγὼ
3283 4149 3412 4221 γὰρ,
3435 4147 3620 4218 φησὶν,
3652 4147 3776 4216 ειμι

2195 4251 2252 4303 ὲν
2283 4249 2434 4319 μέσῳ
2470 4245 2622 4317 ὑμῶν
2662 4244 2738 4307 ὡς
2760 4243 3043 4297 διακονῶν.
3084 4261 3105 4294 ›
3140 4239 3350 4295 Οὐκοῦν
3384 4240 3485 4293 κᾶν
3516 4242 3564 4292 εἰ
3605 4255 3776 4290 κατα-

2196 4340 2429 4410 ϐέϐηκεν
2456 4340 2512 4391 ὲν
2541 4336 2829 4399 διακόνοις,
2862 4334 2976 4389 ἀλλ’
2999 4329 3091 4388 οὖν
3119 4333 3182 4401 γέ
3218 4335 3364 4386 ἐστιν
3399 4331 3560 4393 αὑτὸς
3583 4331 3611 4382 6
3633 4330 3771 4384 ἀνα-

2196 4434 2449 4503 κείμενος
2495 4430 2571 4494 ώς
2611 4429 2908 4498 Δεσπότης,
2972 4427 3067 4481 καὶ
3114 4423 3265 4498 παρὰ
3313 4423 3494 4493 πάσης
3541 4420 3774 4483 κτίσεως

2196 4523 2612 4594 διακονούμενος
2642 4519 2718 4584 ὡς
2747 4519 2902 4582 Θεός.

2275 4806 2292 4840 ι
2327 4781 2494 4840 Εἶπεν
2518 4779 2612 4839 οὖν
2647 4784 2826 4846 αὐτοῖς
2853 4783 2881 4836 6
2905 4781 3138 4854 Χριστὸς
3162 4800 3180 4832 ι
3218 4777 3480 4853 (δηλονότι
3516 4777 3628 4840 τοῖς
3675 4776 3777 4846 ἁρ-

2194 4877 2435 4949 χιερεῦσι
2465 4876 2573 4929 τῶν
2615 4875 2884 4929 Ἰουδαίων
2914 4873 3222 4945 ἐρωτῶσινο
3271 4891 3288 4922 ι
3313 4871 3375 4923 Εἰ
3407 4870 3470 4922 σὺ
3498 4864 3549 4921 εἷ
3577 4869 3606 4919 6
3636 4869 3777 4937 Χρι-

2200 4972 2360 5036 στός;
2388 4971 2432 5040 ι)
2467 4989 2484 5022 ι
2523 4968 2647 5023 Ἐὰν
2678 4969 2805 5035 ὑμῖν
2833 4966 2996 5033 εἴπω,
3015 4967 3075 5020 οὐ
3102 4966 3176 5036 μὴ
3199 4963 3526 5032 πιστεύσητε
3548 4978 3560 4991 °
3594 4961 3688 5013 ἐὰν
3717 4959 3776 5012 δὲ

2192 5063 2476 5134 ἐρωτήσω,
2513 5063 2573 5114 ού
2607 5059 2682 5130 μὴ
2712 5059 3069 5130 ἀποκριθῆτε.
3116 5057 3250 5110 Ἀπὸ
3289 5055 3384 5108 τοῦ
3420 5055 3516 5108 νῦν
3539 5053 3594 5106 δὲ
3620 5052 3775 5106 ἔσται

2194 5156 2222 5208 6
2254 5155 2381 5217 Υἱὸς
2406 5151 2499 5206 τοῦ
2530 5152 2818 5223 ἀνθρώπου
2851 5151 3159 5222 καθήμενος
3186 5151 3248 5202 ὲκ
3277 5147 3466 5211 δεξιῶν
3489 5147 3586 5216 τῆς
3616 5146 3777 5199 δυνά-

2199 5264 2343 5316 μεως
2389 5245 2482 5298 τοῦ
2529 5245 2687 5298 Θεοῦ.
2725 5264 2744 5296 ι
2782 5244 2846 5297 Et
2887 5243 3120 5311 κάθηται
3169 5242 3232 5293 ὲκ
3264 5238 3450 5306 δεξιῶν
3477 5239 3576 5308 τῆς
3609 5237 3774 5292 δυνά·-

2198 5355 2343 5410 μεως
2376 5337 2470 5390 τοῦ
2501 5337 2633 5390 Θεοῦ
2666 5338 2693 5389 6
2719 5335 2813 5388 τοῦ
2845 5334 3132 5404 ἀνθρώπου
3159 5333 3310 5396 Υἱὸς,
3343 5330 3459 5393 πῶς
3485 5331 3545 5383 οὐ
3576 5328 3707 5391 Θεὸς
3747 5329 3777 5379 6

2197 5426 2453 5497 Χριστὸς,
2489 5428 2601 5489 τοῖς
2636 5423 2896 5478 ἀνωτάτω
2930 5421 3125 5484 θώκοις
3151 5420 3477 5492 ἐμπρέπων,
3516 5417 3612 5472 καὶ⁸
3639 5416 3774 5487 ὁμό-

580 5581 620 5612 “
658 5579 793 5634 Luc.
828 5595 943 5644 vnt,
980 5581 1069 5647 '58,
1096 5581 1185 5636 '59.
1257 5583 1301 5614 δ’
1336 5583 1464 5638 ibid.
1501 5582 1589 5636 5‘2.
1668 5584 1712 5616 ⁸⁸
1738 5583 1895 5639 Rom.
1934 5601 2039 5651 xiv,
2073 5586 2125 5640 9.
2205 5585 2250 5616 “
2285 5585 2416 5641 Luc.
2446 5600 2582 5649 χχιι,
2605 5583 2694 5639 2?.
2775 5585 2817 5616 ⁸⁵
2852 5583 2980 5638 ibid.
3017 5581 3106 5646 G7,
3142 5580 3228 5637 69.

1571 5739 1746 5797 Variae
1778 5743 2036 5800 lectiones
2061 5745 2261 5801 codicis
2294 5741 2650 5812 Seguicriani.

597 5881 621 5906 °
659 5870 942 5938 ἐψεύσατο.
1038 5885 1060 5921 r
1095 5875 1378 5940 τοιγαροῦν
1407 5877 1480 5939 ὡς
1507 5879 1639 5942 Θεός
