4060 6408
281 351 416 405 1:8!
1383 344 1472 398 DE
1513 341 1737 398 RECTA
1784 341 1940 396 FIDE
1982 342 2073 396 AD
2114 341 2435 396 REGINAS.
3408 341 3544 397 £289

279 464 470 533 θρονος
493 459 570 530 τῷ
601 460 810 531 Πατρί;
847 460 920 511 Οὐ
945 459 1053 529 γὰρ
1081 457 1388 527 συνεδρεύει
1423 457 1499 526 τῷ
1529 456 1672 510 κατὰ
1696 456 1858 526 φύσιν

1980 457 2132 521 litus,
2165 473 2269 511 non
2295 466 2379 512 est
2407 455 2587 510 Deus?
2618 454 2801 524 Neque
2828 455 2971 509 enim
3006 468 3128 508 cum
3160 468 3290 509 vero
3323 464 3544 511 natura-

277 552 403 622 Θεῷ
437 550 640 622 γενητὴ
689 549 852 620 φύσις
882 550 1036 612 ὅλως.
1075 548 1393 618 Συνεδρεύει
1439 548 1494 599 δὲ
1538 549 1565 599 6
1606 547 1736 609 Υἱὸς
1769 545 1861 599 τοῦ

1978 549 2112 616 lique
2154 549 2263 603 Dco
2327 549 2650 618 productitia
2693 557 2882 600 natura
2933 546 3217 600 considere
3255 547 3547 616 aliquando

278 643 594 714 ἀνθρώπου,
646 643 773 696 καθ’
802 643 995 694 ἕνωσιν
1026 639 1377 711 οἰκονομικὴν
1412 639 1616 712 σαρκὸς
1642 638 1863 708 γεγονό-

1978 647 2162 707 potcst.
2203 637 2464 691 Considet
2490 646 2668 691 autem
2702 652 2824 690 cum
2862 652 2925 690 eo
2952 637 3120 692 Filius
3146 637 3402 702 hominis,
3452 637 3544 691 [ιι-ἱ

276 753 372 799 τος
396 734 490 788 τοῦ
525 737 588 788 ὲκ
613 735 749 788 Θεοῦ
786 733 982 803 φύντος
1011 732 1204 800 Λόγου.

521 933 644 986 Ὅτι
683 931 794 1000 ζωὴ
830 930 927 984 καὶ
963 929 1239 995 ζωοποιὸς
1275 933 1307 983 ό
1336 931 1611 997 Χριστός.

512 1048 604 1099 Ἐκ
659 1045 770 1114 τῆς
807 1045 958 1113 πρὸς
997 1045 1346 1112 Κορινθίους
1397 1043 1651 1111 πρώτης.

363 1172 382 1205 ι
421 1154 511 1217 ’ος
552 1155 837 1223 φρονίμοις
879 1153 1049 1222 λέγω·
1083 1153 1304 1221 κρίνατε
1339 1153 1497 1224 ὑμεῖς
1523 1155 1550 1207 ὃ
1579 1172 1754 1225 φημι*
1791 1155 1865 1208 Τὸ

284 1246 546 1316 ποτήριον
579 1245 679 1314 τῆς
706 1243 979 1310 εὐλογίας,
1010 1243 1038 1295 ὃ
1072 1241 1425 1311 εὐλογοῦμεν,
1454 1243 1576 1312 ούχὶ
1606 1244 1866 1299 κοινωνία

284 1336 402 1388 ἐστὶ
430 1335 524 1389 τοῦ
553 1335 787 1404 αἵματος
811 1333 904 1386 τοῦ
933 1331 1207 1403 Χριστοῦ;
1235 1332 1339 1386 Τὸν
1357 1333 1519 1402 ἄρτον
1539 1334 1597 1388 ὃν
1623 1334 1862 1406 κλῶμεν,

282 1429 406 1498 οὐχὶ
438 1427 694 1480 κοινωνία
741 1426 857 1478 ἐστὶ
887 1424 978 1478 τοῦ
1016 1423 1267 1494 σώματος
1303 1425 1396 1478 τοῦ
1430 1425 1700 1495 Χριστοῦ;
1742 1428 1864 1479 Ὅτι

1967 730 2221 782 nimirum
2259 729 2437 784 Verbo
2479 728 2776 783 secundum
2829 729 3042 784 unionis
3077 729 3545 798 dispensationem

1965 819 2266 876 incarnato.

2245 933 2398 1000 Quod
2421 932 2665 988 Christus
2700 932 2905 988 estvita
2938 941 2987 984 et
3011 931 3266 1000 vivi/iens.

2398 1047 2484 1102 Ex
2505 1047 2673 1117 priori
2696 1046 2766 1100 ad
2794 1045 3117 1099 Corinthios.

2039 1177 2062 1212 ι
2096 1159 2167 1214 Ut
2197 1158 2552 1228 prudentibus
2579 1157 2771 1228 loquor
2799 1175 2813 1211 ε
2847 1172 2943 1212 vos
2985 1156 3088 1226 ipsi
3118 1155 3358 1224 iudicate
3397 1157 3545 1225 quod

1965 1251 2110 1306 dico.
2139 1250 2292 1305 Calix
2339 1249 2758 1312 benedictionis,
2785 1249 2871 1303 cui
2929 1247 3328 1310 benedicimus,
3367 1263 3549 1303 nonne

1966 1341 2388 1399 communicatio
2411 1341 2689 1410 sanguinis
2721 1339 2922 1395 Christi
2963 1339 3088 1394 est?
3117 1348 3171 1394 et
3206 1340 3361 1408 panis
3384 1355 3546 1409 quem

1968 1431 2292 1502 frangimus,
2323 1446 2500 1486 nonne
2524 1431 2875 1500 participatio
2907 1430 3151 1498 corporis
3185 1429 3395 1484 Domini
3429 1431 3551 1484 est?

285 1518 365 1587 εἷς
392 1525 578 1594 ἄρτος,
607 1522 664 1574 ἓν
692 1521 854 1591 σῶμά
882 1523 1049 1592 ἐσμεν
1093 1522 1143 1573 οἱ
1177 1520 1362 1574 πολλοί
1383 1538 1396 1552 °
1427 1523 1475 1574 οἱ
1509 1523 1620 1592 γὰρ
1667 1522 1866 1588 πάντες

1978 1525 2232 1592 Quoniam
2265 1539 2409 1578 unus
2431 1524 2607 1594 panis,
2636 1531 2690 1577 et
2711 1538 2874 1576 unum
2907 1537 3102 1591 corpus
3133 1520 3284 1575 multi
3311 1537 3500 1576 sumus
3531 1539 3546 1575 :

285 1618 349 1668 ὲκ
383 1615 474 1668 τοῦ
510 1616 626 1678 ὲνὺς
666 1615 830 1684 ἄρτου
869 1616 1190 1684 μετέχομεν.
1223 1632 1242 1663 ι
1285 1614 1348 1666 Ἡ
1376 1613 1666 1684 ἀνθρώπου
1707 1614 1862 1685 σὰρξ,

1978 1632 2093 1669 nam
2133 1631 2322 1672 omnes
2353 1617 2418 1670 de
2472 1631 2579 1670 uno
2631 1629 2770 1686 pane
2813 1615 3202 1683 participamus
3229 1614 3300 1669 “.
3329 1634 3347 1666 ι
3405 1615 3551 1669 Caro

286 1709 412 1760 ὅσον
469 1703 604 1775 ἧκεν
644 1708 725 1768 εἰς
775 1705 912 1758 ἰδίαν
958 1705 1142 1773 φύσιν,
1192 1705 1292 1758 οὐκ
1339 1705 1405 1757 ἂν
1448 1704 1534 1774 εἴη
1574 1702 1861 1769 ζωοποιός’

1978 1709 2227 1772 hominis,
2261 1709 2403 1778 quod
2441 1708 2658 1776 quidem
2682 1708 2747 1759 ad
2789 1708 3065 1774 propriam
3116 1716 3367 1761 naturam
3405 1706 3552 1762 illius

285 1797 406 1850 ἀλλ’
447 1797 568 1850 οὐδὲ
597 1797 657 1848 τὸ
688 1791 829 1867 αἷμα
857 1796 917 1849 τὸ
951 1794 1316 1866 ἀνθρώπινον,
1345 1796 1395 1847 εἰ
1423 1795 1602 1848 κοινὸν
1647 1797 1732 1866 εῖη
1772 1797 1866 1850 καὶ

1978 1809 2202 1867 spectat,
2239 1811 2581 1866 nequaquam
2630 1795 2888 1850 vivificat.
2925 1795 3029 1850 Sed
3087 1811 3262 1864 neque
3314 1797 3553 1866 vulgaris

285 1889 410 1941 καθ’
456 1889 646 1941 έαυτό’
683 1887 939 1952 ζωοποιεῖ
967 1889 1022 1941 δὲ
1051 1889 1112 1941 τὸ
1155 1888 1314 1958 σῶμα
1342 1887 1434 1941 τοῦ
1474 1888 1735 1959 Χριστοῦ,
1771 1891 1865 1944 καὶ

1978 1903 2189 1958 quoque
2247 1889 2483 1943 hominis
2531 1888 2750 1956 sanguis
2805 1886 2969 1940 ullam
3021 1888 3244 1941 omnino
3291 1903 3467 1957 perse
3497 1895 3552 1942 et

285 1980 348 2031 τὸ
383 1979 562 2049 τίμιον
589 1973 728 2047 αἷμα
749 2020 763 2045 ,
788 1979 1094 2050 πρέποντος
1129 1979 1276 2048 μόνῳ
1307 1979 1426 2048 Θεῷ
1459 1979 1550 2032 τοῦ
1579 1979 1864 2042 ζωοποιεῖν

1978 1981 2266 2035 secundum
2309 1995 2369 2034 se
2397 1978 2702 2032 viviticandi
2738 1981 2846 2031 vim
2888 1979 3071 2034 habet.
3102 1978 3265 2048 Atqui
3300 1995 3422 2032 cum
3449 1979 3548 2032 soli

284 2071 545 2124 δύνασθαι
578 2070 639 2122 τὸ
672 2071 816 2138 ζωῆς
846 2069 1074 2133 ὲπιδεὲς.
1123 2069 1255 2133 Θεὸς
1299 2065 1394 2123 οῦν
1443 2069 1550 2140 ἄρα
1594 2072 1864 2142 Χριστός⁸

1978 2071 2082 2125 Deo
2113 2070 2401 2126 conveniat
2437 2071 2606 2124 vitam
2648 2069 2724 2124 illi
2762 2070 3050 2137 impertiri,
3098 2071 3239 2137 quod
3278 2072 3402 2122 vita:
3433 2070 3548 2137 spi-

285 2163 432 2216 οὕτω
458 2163 568 2232 γὰρ
599 2161 750 2215 ἔσται
781 2160 1045 2224 ζωοποιὸν
1071 2161 1131 2214 τὸ
1165 2162 1324 2230 σῶμα
1365 2163 1551 2219 αὐτοῦ.
1589 2165 1651 2217 Εἰ
1684 2165 1740 2217 δὲ
1774 2165 1867 2218 ἂν·

1978 2161 2076 2214 ritu
2099 2160 2448 2225 destituitur;
2479 2175 2678 2228 corpus
2711 2168 2893 2212 autem
2920 2159 3146 2223 Christi,
3175 2167 3230 2213 et
3276 2160 3551 2228 pretiosus

285 2252 507 2322 θρωπος
556 2251 659 2305 ἀνά
714 2251 880 2322 μέρος
931 2253 1131 2304 νοεῖται
1197 2251 1333 2322 μόνῃ
1378 2255 1443 2322 τῇ
1489 2252 1586 2305 τοῦ
1629 2254 1866 2324 Χριστοῦ

1978 2249 2111 2305 illius
2165 2249 2387 2322 sanguis
2427 2249 2702 2304 vivificent
2743 2267 2755 2302 :
2792 2251 2877 2303 cui
2911 2249 3136 2304 dubium
3171 2263 3290 2304 esse
3347 2258 3548 2317 potest,

285 2342 481 2412 κλήσει
529 2343 933 2414 τετιμημένος,
993 2343 1092 2396 καὶ
1141 2344 1347 2414 γυμνὸν
1395 2343 1526 2398 Υίοῦ
1574 2346 1865 2417 πρόσωπον

1978 2343 2099 2413 quin
2131 2341 2273 2397 Deus
2305 2341 2674 2397 sitChristus?
2703 2342 2840 2397 Hinc
2879 2356 3115 2413 namque
3144 2356 3344 2412 corpus
3388 2342 3552 2396 habet

285 2431 447 2502 ἔχων,
477 2432 592 2494 πῶς
623 2432 690 2485 ἀν
719 2431 805 2502 εἴη
839 2429 1104 2495 ζωοποιὸν
1134 2430 1194 2483 τὸ
1224 2430 1383 2502 σῶμα
1414 2431 1612 2497 αὐτοῦ;

1970 2443 2029 2486 ιιι
2058 2433 2129 2487 sit
2158 2432 2452 2487 vivificum.
2477 2433 2629 2498 Quod
2665 2434 2710 2488 si
2737 2433 2973 2488 uthomo
2996 2448 3094 2502 per
3117 2447 3177 2487 se
3210 2447 3274 2487 ac
3301 2446 3548 2487 seorsum

288 2530 470 2575 mente
523 2521 886 2589 concipiatur,
922 2520 1016 2590 qui
1075 2520 1192 2575 sola
1252 2520 1460 2576 Christi
1507 2520 1865 2592 appellatione
1900 2522 2189 2579 decoratus
2213 2523 2304 2590 sit,
2348 2524 2652 2594 orbamque
2675 2523 2820 2580 Filio
2853 2537 3141 2594 personam
3174 2523 3390 2590 habeat,
3417 2538 3553 2593 quo-

285 2612 450 2666 modo
475 2625 673 2679 corpus
705 2611 848 2666 illius
875 2617 1059 2679 posset
1084 2626 1206 2667 esse
1238 2612 1553 2667 vivificum?

365 2726 384 2760 ι
429 2707 676 2775 Ἐγένετο
703 2707 734 2758 ό
767 2705 984 2779 πρῶτος
1021 2707 1306 2778 ἄνθρωπος
1349 2706 1521 2776 Ἀδὰμ
1561 2707 1642 2771 είς
1687 2707 1868 2778 ψυχὴν

289 2799 499 2862 ζῶσαν·
530 2801 558 2853 6
583 2798 812 2869 ἔσχατος
848 2798 1022 2868 Ἀδὰμ
1045 2807 1074 2848 (ι
1115 2799 1196 2861 είς
1235 2797 1461 2868 Πνεῦμα
1490 2797 1812 2861 ζωοποιοῦν.
1845 2817 1863 2850 ι

288 2891 399 2946 Καὶ
428 2891 591 2944 πάλιν
612 2907 627 2921 ο
677 2910 696 2942 ι
739 2891 796 2945 ’0
825 2889 1044 2960 πρῶτος
1080 2889 1368 2960 ἄνθρωπος
1399 2891 1463 2942 ὲκ
1489 2890 1614 2960 γῆς,
1646 2889 1830 2960 χοϊκός
1851 2906 1866 2920 ·

2041 2707 2150 2779 92
2188 2727 2206 2762 ι
2248 2709 2446 2765 Factus
2478 2717 2562 2765 est
2587 2710 2794 2780 primus
2843 2710 3004 2765 homo
3037 2708 3207 2764 Adam
3238 2710 3289 2763 in
3315 2711 3550 2767 animam

1972 2799 2264 2866 viventem,
2295 2800 2626 2856 novissimus
2657 2800 2829 2855 Adam
2865 2801 2916 2854 in
2955 2798 3219 2868 Spiritum
3269 2801 3556 2856 vivifican-

1973 2900 2078 2947 tem
2107 2891 2174 2946 ⁸⁷.
2206 2909 2226 2942 ι
2267 2891 2504 2947 Rursum
2539 2911 2552 2945 :
2589 2911 2608 2943 ι
2640 2891 2856 2946 Primus
2879 2892 3044 2947 homo
3084 2896 3153 2949 de
3193 2903 3338 2949 terra
3383 2903 3588 2966 terre-_

284 2985 315 3036 6
341 2980 593 3053 δεύτερος
624 2981 909 3052 ἄνθρωπος
932 3020 948 3044 ,
994 2981 1024 3034 ό
1065 2980 1270 3050 Κύριος
1311 2979 1372 3045 ἐξ
1399 2980 1650 3053 ούρανοῦ.
1685 2975 1812 3044 Οἷος
1838 2980 1868 3034 6

1978 2998 2094 3050 nus,
2112 2983 2386 3038 secundus
2418 2982 2577 3038 homo
2609 2980 2868 3038 Dominus
2901 2983 2968 3038 de
2991 2984 3152 3039 coelo.
3174 2983 3357 3050 Qualis
3386 2993 3554 3039 terre-

285 3070 494 3142 χοϊκδς,
522 3071 754 3125 τοιοῦτοι
783 3072 877 3125 καὶ
901 3072 950 3124 οἱ
977 3071 1178 3141 χοϊκοί·
1203 3071 1297 3124 καὶ
1322 3067 1436 3134 οἷος
1461 3074 1490 3126 6
1517 3071 1865 3144 ἐπουράνιος,

1978 3093 2096 3142 nus,
2135 3077 2269 3132 tales
2315 3085 2370 3131 et
2432 3076 2675 3132 terreni:
2717 3087 2771 3131 et
2799 3077 2973 3145 qualis
3021 3077 3290 3142 ccelestis,
3330 3077 3465 3134 tales
3499 3088 3554 3132 et

210 3175 229 3197 ο
284 3161 522 3216 τοιοῦτοι
557 3163 650 3216 καὶ
693 3163 744 3215 οἱ
772 3162 1108 3230 ἐπουράνιοι.
1145 3163 1256 3217 Καὶ
1298 3162 1483 3226 καθὼς
1529 3163 1868 3235 ὲφορέσαμεν

1978 3169 2244 3225 caelestes.
2267 3167 2614 3237 Igitur'sicut
2646 3167 2980 3236 portavimus
3006 3167 3294 3240 imaginem
3326 3168 3552 3234 terreni,

285 3253 388 3326 τὴν
432 3253 618 3308 εἰκόνα
655 3253 748 3306 τοῦ
789 3252 1001 3324 χοϊκοῦ,
1050 3254 1374 3326 φορέσωμεν
1414 3254 1511 3307 καὶ
1544 3254 1644 3324 τὴν
1675 3253 1860 3307 εἰκόνα

1978 3267 2251 3329 portemus
2304 3268 2359 3313 et
2412 3258 2704 3329 imaginem
2765 3259 3026 3315 ctelestis.
3057 3259 3171 3314 Hoc
3199 3269 3377 3315 autem
3407 3260 3550 3327 dico,

284 3347 384 3400 τοῦ
429 3346 772 3417 ἐπουρανίου.
810 3345 981 3399 Τοῦτο
1013 3346 1071 3400 δέ
1103 3364 1281 3418 φημι,
1315 3345 1572 3414 ἀδελφοὶ,
1613 3345 1696 3398 ὅτι
1732 3344 1871 3416 σὰρξ

287 3436 388 3490 καλ
415 3432 555 3507 αἷμα
591 3435 870 3506 βασιλείαν
899 3433 1036 3487 Θεοῦ
1065 3435 1472 3506 κληρονομῆσαι
1499 3434 1558 3487 ού
1590 3433 1869 3497 δύνανται,

285 3528 414 3581 οὐδὲ
461 3529 495 3599 ἡ
547 3528 724 3598 φθορά
769 3529 868 3599 τὴν
906 3528 1217 3600 ἀφθαρσίαν
1251 3526 1592 3598 κληρονομεῖ.
1631 3545 1649 3578 ι
1696 3527 1873 3597 Προσ-

289 3618 490 3687 επάγει
538 3619 597 3672 δὲ
642 3618 888 3684 τούτοις,
919 3621 1002 3673 δτι
1057 3638 1075 3670 ι
1107 3617 1400 3684 Σαλπίσει,
1451 3619 1547 3671 καὶ¹
1595 3619 1643 3670 οἱ
1690 3617 1874 3688 νεκροὶ

289 3711 682 3781 ἐγερθήσονται
729 3709 1035 3782 ἄφθαρτοι,
1080 3711 1178 3766 καὶ
1216 3712 1380 3780 ἡμεῖς
1427 3709 1870 3780 ἀλλαγησόμεθα.

289 3803 385 3854 Δεῖ
422 3800 530 3872 γὰρ
580 3801 641 3854 τὸ
687 3802 925 3871 φθαρτὸν
957 3801 1118 3855 τοῦτο
1161 3800 1486 3854 ἐνδύσασθαι
1520 3801 1619 3869 τὴν
1661 3800 1877 3871 ἀφθαρ-

293 3893 436 3957 σίαν,
451 3893 546 3947 καὶ
570 3894 630 3946 τὸ
653 3893 844 3963 θνητὸν
861 3892 1018 3947 τοῦτο
1041 3891 1370 3948 ἐνδύσασθαι
1395 3891 1494 3961 τὴν
1518 3891 1870 3945 ἀθανασίαν.»

289 3987 388 4050 Εἰς
434 3986 610 4056 ψυχὴν
660 3985 840 4051 ζῶσαν
898 3987 928 4039 6
982 3986 1200 4056 πρῶτος
1261 3983 1548 4054 ἄνθρωπος
1613 3983 1872 4051 γέγονεν⁸

296 4079 470 4133 ἐδεῖτο
495 4079 626 4151 γὰρ,
648 4081 724 4143 ὡς
751 4080 983 4151 ποίημα,
1014 4077 1109 4130 τοῦ
1139 4074 1530 4141 ζωοποιοῦντος
1554 4075 1711 4129 Θεοῦ.
1737 4075 1796 4127 '0
1819 4073 1877 4128 δέ

291 4187 358 4239 γε
386 4170 615 4240 ἔσχατος
651 4171 847 4241 Ἀδὰμ,
879 4168 1128 4223 τουτέστι
1162 4167 1418 4238 Χριστὸς,
1472 4168 1557 4220 ὃτι
1601 4167 1676 4236 μὴ
1707 4165 1878 4219 ἐδεῖτο

293 4263 443 4334 ζωῆς
469 4263 545 4326 ὡς
573 4263 727 4327 Θεὸς,
759 4261 986 4333 Πνεῦμα
1010 4261 1232 4331 γέγονεν
1257 4260 1338 4322 είς
1366 4260 1514 4330 ἡμᾶς
1543 4256 1841 4321 ζωοποιοῦν
1859 4273 1874 4288 ⁸

1974 3351 2195 3415 fratres,
2217 3351 2343 3421 quia
2369 3365 2498 3406 caro
2537 3357 2594 3406 et
2621 3350 2844 3417 sanguis
2871 3365 3097 3420 regnum
3132 3351 3226 3406 Dei
3264 3351 3553 3421 possidere

1974 3457 2082 3496 non
2118 3452 2367 3512 possunt,
2397 3455 2574 3510 neque
2605 3435 2887 3511 corruptio
2916 3442 3342 3511 incorruptelam
3373 3443 3554 3512 possi-

1975 3532 2123 3588 debit
2151 3531 2218 3584 ".
2244 3549 2263 3583 ›
2295 3529 2588 3600 Suhjungit
2641 3531 2851 3599 reliqua
2882 3547 2894 3585 :
2925 3548 2945 3582 ‹
2987 3529 3157 3585 Canet
3211 3531 3354 3585 enim
3397 3531 3553 3595 tuba,

1977 3633 2033 3677 et
2060 3622 2262 3678 mortui
2298 3631 2586 3692 resurgent
2642 3622 2964 3692 incorrupti,
3001 3631 3057 3677 et
3107 3627 3204 3676 nhs
3239 3622 3556 3676 immutabi-

1978 3729 2118 3768 mur.
2139 3713 2364 3784 Oportet
2392 3712 2538 3767 enim
2591 3715 2942 3783 corruptibile
2973 3715 3076 3769 hoc
3122 3713 3346 3769 induere
3374 3714 3557 3768 incor-

1978 3805 2307 3874 ruptionem,
2357 3817 2412 3861 ct
2479 3806 2709 3859 mortale
2754 3804 2854 3860 hoc
2890 3805 3116 3860 induere
3176 3804 3560 3859 immortalita-

1980 3895 2178 3950 tem”.
2231 3914 2250 3946 ι
2315 3895 2531 3950 Primus
2598 3897 2760 3950 homo
2823 3894 3002 3950 factus
3061 3904 3144 3949 est
3199 3895 3252 3948 in
3319 3895 3557 3948 animam

1977 3989 2249 4042 viventem
2279 4006 2293 4042 :
2324 3989 2516 4057 egebat
2557 3987 2702 4041 enim
2745 4025 2762 4053 ,
2803 3996 3058 4054 tanquam
3083 3987 3418 4057 figmentum,
3450 3986 3559 4040 Deo

1977 4079 2310 4136 vivificante.
2363 4079 2431 4132 At
2492 4093 2623 4132 vero
2674 4077 3009 4132 novissimus
3064 4076 3257 4144 Adam,
3321 4077 3421 4131 hoc
3476 4084 3562 4131 est

1980 4172 2248 4236 Christus,
2277 4174 2440 4240 quod,
2475 4181 2532 4227 ut
2558 4174 2719 4238 Deus,
2741 4172 2850 4226 vita
2877 4179 3096 4225 externa
3134 4185 3240 4223 non
3271 4170 3559 4239 indigeret,

1991 4261 2225 4331 Spiritus
2270 4263 2389 4330 fuit,
2416 4264 2508 4332 qui
2562 4263 2728 4317 vitam
2769 4263 2824 4317 in
2867 4276 2965 4317 nos
3018 4260 3364 4316 transfundit.
3397 4261 3562 4330 Atqui

295 4355 435 4424 ὅπερ
485 4355 602 4406 ἐστὶ
633 4354 786 4417 θείας
829 4354 1047 4423 φύσεως
1083 4353 1214 4406 ῐδιον
1247 4350 1650 4420 πλεονέκτημα.
1694 4350 1804 4403 Καὶ
1846 4349 1872 4402 6

1983 4354 2288 4410 viviﬁcandi
2320 4353 2552 4411 facultas
2593 4357 2810 4426 propria
2857 4364 2943 4410 est
2975 4353 3169 4408 divina:
3197 4363 3403 4407 naturae
3435 4367 3564 4420 pos-

296 4445 396 4515 μὲν
431 4445 647 4516 πρῶτος
677 4447 742 4499 ὲκ
769 4445 902 4515 γῆς,
946 4445 1158 4515 χοϊκός·
1194 4443 1224 4495 6
1258 4441 1509 4514 δεύτερος
1540 4441 1597 4494 δὲ
1625 4439 1684 4506 ἐξ
1710 4439 1876 4511 ούρα-

295 4536 412 4602 νοῦ,
462 4537 640 4590 καίτοι
673 4537 958 4607 γεννηθεὶς
1006 4535 1092 4590 διὰ
1122 4534 1399 4604 γυναικός.
1441 4534 1501 4586 Ὀ
1527 4532 1636 4604 γὰρ
1667 4531 1876 4586 ἀνωθεν

292 4629 391 4683 καὶ
425 4628 485 4692 ἐξ
511 4627 742 4699 οὐρανοῦ
769 4669 783 4693 ,
817 4629 913 4680 καὶ
939 4629 1004 4681 ἐκ
1047 4627 1182 4680 Θεοῦ
1212 4625 1428 4697 Πατρὸς
1457 4625 1652 4692 Λόγος,
1687 4623 1792 4677 κᾶν
1825 4625 1875 4676 εί

290 4719 517 4787 γέγονεν
566 4718 852 4788 ἄνθρωπος
876 4759 892 4785 ,
923 4717 1038 4771 ἀλλ’
1073 4717 1225 4770 οὐδὲν
1251 4712 1413 4788 ἧττόν
1439 4717 1586 4768 ἐστιν
1617 4715 1676 4781 ἐξ
1709 4716 1878 4785 ούρα-

292 4808 409 4863 νοῦ.
454 4810 565 4864 Καὶ
609 4811 658 4862 εί
703 4809 882 4879 φθορᾷ
926 4809 1020 4862 καὶ
1065 4808 1283 4878 θανάτῳ
1313 4807 1750 4878 κατεσχημένοι,
1780 4807 1879 4878 τὴν

193 4971 210 4981 ⁸
295 4900 484 4954 εἰκόνα
510 4899 606 4953 τοῦ
634 4899 820 4971 χοϊκοῦ
855 4900 944 4953 διὰ
973 4899 1134 4954 τοῦτο
1169 4899 1397 4970 φορέσαι
1441 4899 1714 4970 λεγόμεσα
1736 4911 1750 4926 °
1779 4898 1880 4970 τὴν

298 4991 609 5063 ἀφθαρσίαν
643 4990 1022 5062 ἐνδυσάμενοι,
1057 4993 1156 5064 τὴν
1187 4992 1373 5044 εἰκόνα
1420 4990 1514 5044 τοῦ
1548 4990 1876 5062 ἐπουρανίου

301 5085 628 5156 φορέσομεν.
693 5083 1001 5156 Ἀφθαρσία
1044 5083 1101 5136 δὲ
1145 5082 1308 5137 πάλιν
1357 5081 1487 5134 ἴδιον
1531 5082 1735 5150 ἀγαθὸν
1780 5081 1882 5152 τῆς

301 5176 444 5232 κατά
489 5175 652 5244 φύσιν
702 5174 988 5247 θεότητος·
1028 5175 1390 5229 ἀλλάσσονται
1425 5174 1535 5244 γὰρ
1581 5175 1630 5226 οἱ
1666 5173 1876 5244 νεκροὶ,

296 5271 395 5326 καὶ
423 5269 484 5322 τὸ
509 5267 747 5340 φθαρτόν
773 5267 1136 5338 ἀμφιέννυται
1167 5269 1266 5340 τὴν
1295 5265 1626 5336 ἀφθαρσίαν,
1660 5265 1880 5334 γεγονό-

1981 4447 2175 4502 sessio.
2210 4447 2278 4501 Et
2306 4449 2515 4518 primus
2541 4447 2755 4516 quidem
2786 4447 2946 4500 homo
2974 4446 3041 4500 de
3075 4454 3217 4500 terra
3249 4454 3368 4498 erat
3390 4453 3564 4498 terre-

1983 4551 2086 4589 nus
2116 4551 2133 4590 :
2161 4537 2430 4591 secundus
2457 4545 2634 4589 autem
2661 4535 2786 4589 licet
2819 4549 2885 4588 ex
2915 4531 3140 4586 muliere
3165 4540 3342 4585 ortum
3380 4530 3563 4584 trahe-

1983 4635 2088 4690 ret,
2113 4628 2179 4680 de
2206 4627 2346 4681 coelo
2377 4635 2621 4680 venerat.
2658 4625 2917 4691 Quamvis
2945 4625 3089 4677 enim
3131 4621 3386 4687 Verbum,
3416 4623 3562 4691 quod

1985 4718 2050 4772 de
2079 4717 2352 4787 supernis,
2389 4719 2492 4772 hoc
2522 4716 2700 4772 estde
2737 4715 2878 4772 cmlo
2913 4724 3016 4779 est,
3053 4722 3107 4768 et
3137 4729 3201 4768 ex
3245 4712 3356 4768 Deo
3402 4713 3565 4768 Patre

1986 4818 2172 4863 natum
2209 4817 2316 4873 est,
2349 4809 2513 4863 homo
2562 4807 2739 4862 factus
2790 4807 2897 4872 sit,
2929 4805 3100 4860 nihilo
3149 4813 3330 4872 tamen
3385 4805 3567 4860 secius

1987 4902 2054 4955 dc
2099 4900 2238 4956 cmlo
2284 4910 2390 4956 est.
2439 4900 2673 4956 Rursum
2709 4900 2810 4965 uti,
2847 4898 3210 4968 corruptionis
3254 4905 3310 4953 et
3373 4896 3570 4953 mortis

1988 4991 2219 5046 vinculis
2242 4989 2544 5053 constricti,
2570 4988 2773 5044 terreni
2819 4987 3114 5059 imaginem
3150 4996 3461 5059 gestamus;
3492 4987 3565 5043 ita

1989 5081 2454 5151 incorruptionem
2479 5079 2591 5149 jam
2623 5080 2819 5149 induti,
2851 5079 3090 5136 cmlestis
3125 5081 3413 5151 imaginem
3449 5094 3571 5148 por-

1990 5175 2248 5229 tabimus.
2301 5172 2464 5242 Atqui
2530 5172 2868 5245 incorruptio
2915 5173 3117 5229 bonum
3177 5180 3258 5227 est
3308 5169 3571 5226 naturalis

1991 5265 2292 5321 divinitatis
2317 5265 2618 5336 proprium.
2637 5264 2775 5324 Nam
2801 5267 3001 5324 mortui
3033 5267 3414 5330 immutantur,
3442 5278 3568 5322 cor-

364 5433 410 5464 “
443 5432 609 5486 ICor.
643 5445 674 5484 ι
698 5469 715 5496 ,
753 5429 844 5498 15,
876 5429 966 5483 17.
1042 5429 1128 5483 ⁸⁷1
1164 5429 1288 5486 Cor.
1326 5445 1416 5496 xv,
1450 5430 1540 5486 45.
1620 5432 1664 5463 ⁸⁸
1694 5429 1824 5485 ibid.
1863 5452 1872 5474 ι

1989 5429 2079 5486 50.
2156 5429 2201 5463 “
2235 5429 2366 5485 ibid.
2401 5427 2490 5499 52,
2519 5431 2609 5488 55.

1364 5584 1538 5639 Variae
1571 5583 1828 5640 lectiones
1859 5583 2059 5639 codicis
2096 5583 2456 5653 Seguieriani.

371 5733 402 5772 «ι
429 5723 680 5788 δεύτερος
715 5707 1026 5791 ἄνθρωπος.
