4060 6420
493 387 632 444 1285

1518 380 1576 434 S.
1619 376 1897 435 CYRILLI
1932 374 2398 432 ALEXANDRIM
2440 374 2781 433 ARCUIEP.'

3603 381 3742 435 ιεει

493 497 850 569 ruptibileque
873 496 1049 550 induit
1074 491 1559 562 incorruptionem,
1582 503 1705 547 cum
1739 491 2065 561 Unigenitus

2180 509 2258 555 τος
2302 492 2426 546 καθ’
2461 495 2606 564 ἡμᾶς
2631 493 2725 546 τοῦ
2754 476 3095 561 Μονογενοῧς
3114 535 3128 559 ,
3176 493 3269 547 καὶ
3300 493 3654 566 μεθιστάντος
3684 499 3750 552 τὸ

493 592 665 646 nostri
720 588 912 645 similis
963 596 1119 641 natus
1168 585 1553 638 mortalitatem
1616 582 1960 638 transtulerit
2012 582 2065 635 in

494 682 997 743 immortalitatem,
1063 685 1118 731 et
1175 674 1578 744 corruptionem
1644 673 2069 728 transformave-

493 776 563 830 rit
616 776 669 828 in
704 770 1156 840 incorruptionem
1190 767 1241 821 in
1294 767 1584 835 semetipso
1619 773 1677 819 et
1717 765 1917 834 primo.
1958 761 2072 819 llac

491 867 638 920 enim
673 865 884 919 ratione
915 860 1072 916 nobis
1110 858 1241 928 ipsis
1274 873 1489 927 quoque
1512 858 1598 911 via
1627 856 1693 909 ad
1712 857 1872 910 vitam
1896 856 2071 912 factus

492 968 595 1012 εει.

864 1066 949 1122 Ex
973 1067 1260 1136 posteriore
1280 1063 1350 1116 ad
1368 1062 1692 1116 Corinthios.

570 1199 590 1233 ι
624 1178 730 1234 Sed
766 1177 867 1247 ipsi
922 1178 975 1232 in
1006 1177 1163 1231 nobis
1217 1175 1347 1243 ipsis
1378 1187 1703 1243 responsum
1753 1169 1943 1225 mortis
1972 1168 2065 1223 ba-

494 1274 731 1335 buituus,
759 1279 819 1324 ut
851 1286 955 1324 non
987 1270 1161 1323 simus
1201 1268 1429 1321 ﬁdentes
1466 1267 1518 1319 in
1543 1266 1718 1328 nobis,
1744 1265 1836 1318 sed
1859 1263 1911 1316 in
1939 1260 2069 1325 Deo,

494 1366 585 1435 qui
634 1364 866 1420 suscitat
915 1372 1161 1416 mortuos
1192 1360 1260 1414 '°.
1304 1379 1322 1410 ε
1351 1358 1408 1412 Si
1448 1366 1783 1412 mortuorum
1827 1354 2073 1408 exsusci-

492 1458 626 1513 tatio
656 1456 709 1508 in
743 1468 887 1516 eum,
919 1452 1011 1523 qui
1038 1463 1231 1505 natura
1260 1448 1411 1503 Deus
1442 1457 1552 1513 est,
1592 1448 1826 1500 maxime
1873 1455 2074 1497 conve-

493 1548 595 1613 nit,
631 1556 915 1616 propterea
945 1544 1089 1613 quod
1120 1543 1271 1598 solus
1306 1540 1410 1593 vita
1450 1540 1520 1593 sit
1555 1548 1611 1592 et
1647 1536 1755 1608 93
1789 1536 2071 1599 vivilicus;

494 1639 745 1694 Christus
799 1646 982 1689 autem
1035 1633 1498 1688 resurrectionem
1551 1638 1605 1684 et
1648 1630 1815 1682 vitam
1868 1625 2073 1680 diserte

495 1745 617 1786 sese
683 1728 933 1798 appellat,
986 1727 1349 1795 eumdemque
1404 1731 1659 1785 mortuos
1703 1720 2073 1774 exsuscitasse

496 1831 646 1878 certo
668 1828 884 1876 constat
914 1834 928 1872 :
955 1819 1075 1889 quis
1105 1828 1159 1873 et
1182 1833 1366 1873 verum
1390 1815 1580 1879 Deum,
1608 1823 1664 1869 et
1690 1813 1858 1867 vitam
1876 1824 2068 1867 secun-
2099 1831 2148 1892 Β

494 1916 620 1972 dum
653 1922 903 1970 naturam
932 1926 1056 1967 esse
1095 1909 1366 1979 ambigat?

908 2048 995 2104 Ea:
1014 2046 1257 2119 Epistula
1287 2045 1355 2100 ad
1392 2044 1667 2100 Hebmos.

570 2162 759 2229 «Quia
816 2175 952 2231 ergo
1012 2158 1165 2230 pueri
1220 2156 1763 2212 communicaverunt
1813 2151 1966 2208 carni
2017 2158 2076 2207 et

499 2256 769 2327 sanguini,
800 2262 856 2309 et
907 2253 1023 2316 ipse
1077 2251 1332 2306 similiter
1382 2247 1729 2319 participavit
1785 2245 2078 2307 iisdem,ut

497 2363 595 2417 per
639 2356 869 2401 mortem
906 2345 1216 2400 destrueret
1279 2356 1401 2395 eum
1453 2339 1544 2408 qui
1604 2337 1840 2393 habebat
1884 2334 2077 2390 mortis

499 2437 875 2510 imperium,id
912 2444 1016 2491 est
1071 2432 1343 2489 diabolum
1365 2431 1436 2484 ⁸¹.
1463 2450 1483 2484 ι
1543 2428 1723 2499 Eque
1751 2443 1814 2481 ac
1856 2443 1955 2482 nos
1984 2426 2074 2495 qui

500 2531 639 2586 inter
686 2529 830 2585 filios
869 2526 966 2582 Dei
1005 2539 1318 2588 censemur,
1347 2521 1536 2578 carnis
1575 2530 1633 2576 et
1670 2519 1950 2589 sanguinis
1984 2518 2076 2573 Dei

500 2619 737 2676 Verbum
787 2617 1066 2688 particeps
1100 2613 1307 2668 factum
1341 2620 1459 2678 est;
1493 2625 1601 2679 quo
1647 2610 1899 2663 nimirum
1949 2624 2071 2678 pro-

500 2711 676 2781 prium
709 2722 907 2777 corpus
953 2705 1007 2760 iu
1055 2714 1285 2758 mortem
1317 2703 1670 2768 contradens,
1700 2700 1875 2769 ipsum
1899 2698 2078 2752 denuo

503 2810 758 2869 tanquam
791 2797 884 2864 qui
916 2803 1107 2863 suapte
1141 2802 1335 2847 natura
1391 2792 1502 2847 vita
1530 2801 1584 2846 et
1636 2791 1777 2845 Deus
1827 2787 2075 2851 exsistat,

500 2892 626 2946 vitae
673 2889 943 2947 reatituat.
1012 2885 1144 2939 Nam
1200 2884 1473 2953 quomodo
1540 2881 1736 2937 mortis
1794 2877 2077 2946 imperium

499 2984 835 3037 destructum
866 2985 972 3038 est,
1001 2976 1046 3029 si
1078 2990 1276 3044 corpus
1304 2973 1448 3042 quod
1482 2971 1782 3027 secundum
1821 2977 2077 3023 naturam

498 3074 650 3138 vitae,
681 3072 784 3125 hoc
812 3082 899 3125 est
923 3067 1082 3123 Verbi
1124 3066 1241 3132 Dei,
1278 3064 1556 3134 proprium
1593 3060 1803 3126 erat,in
1849 3065 2080 3115 mortem

500 3164 835 3237 prolapsum,
862 3161 1057 3216 iterum
1097 3157 1491 3213 exsuscitatum
1530 3168 1635 3209 nou
1670 3151 1796 3208 est?

570 3274 726 3342 Quod
750 3289 885 3328 unus
918 3271 985 3326 sit
1018 3269 1187 3325 Filius
1209 3278 1260 3324 et
1281 3267 1537 3322 Dominus
1568 3264 1601 3319 Ι
1608 3281 1725 3320 esus
1744 3261 2006 3318 Christus.

874 3381 961 3438 Ea:
984 3382 1156 3452 prima
1179 3379 1440 3435 catholica
1458 3377 1705 3431 Joannis.

576 3518 597 3553 ι
619 3498 771 3566 Quod
812 3497 914 3552 fuit
939 3497 1005 3550 ab
1030 3495 1207 3562 initio,
1238 3493 1381 3564 quod
1414 3489 1740 3555 audivimus,
1764 3488 1909 3557 quod
1940 3484 2080 3540 vidi-

499 3606 623 3646 mus
674 3588 848 3644 oculis
911 3585 1134 3649 nostris,
1161 3584 1303 3653 quod
1366 3580 1765 3651 perspeximus,
1800 3588 1855 3633 et
1889 3592 2083 3632 manus

500 3691 704 3737 nostra:
766 3683 1244 3731 contrectaverunt
1300 3673 1366 3727 de
1411 3670 1591 3725 Verbo
1643 3672 1766 3724 vitae
1807 3688 1821 3724 :
1862 3679 1918 3725 et
1970 3670 2081 3723 vita

500 3768 849 3826 manifestata
884 3774 989 3830 est,
1025 3774 1081 3819 et
1104 3764 1360 3828 vidimus,
1391 3772 1748 3826 ettestamur,
1779 3770 1834 3815 et
1862 3776 2080 3815 annun-

502 3864 702 3917 tiamus
729 3859 880 3914 vobis
897 3858 1060 3912 vitam
1083 3864 1363 3921 aeternam,
1383 3871 1504 3925 qua:
1526 3863 1644 3910 erat
1671 3852 1811 3922 apud
1840 3851 2082 3918 Patrem,

500 3968 555 4012 et
598 3954 845 4026 apparuit
872 3951 1028 4007 nobis
1047 3951 1115 4005 ".
1152 3968 1169 4001 ι
1204 3948 1283 4003 Εη
1343 3949 1496 4004 illum
1523 3949 1614 4018 qui
1652 3948 1753 4002 fuit
1794 3948 1862 4003 ab
1904 3947 2080 4014 initio,

499 4049 718 4115 vitaque
752 4053 974 4108 :eterna,
1009 4043 1113 4097 hoc
1147 4050 1231 4096 est
1262 4039 1355 4095 Dei
1386 4040 1562 4096 Patris
1598 4039 1872 4102 Verbum,
1912 4039 2085 4094 oculis

503 4150 564 4191 se
590 4136 816 4195 vidisse,
837 4131 1198 4200 manibusque
1237 4139 1607 4185 contrectasse
1658 4137 1914 4193 testatur,
1960 4142 2083 4183 cum

505 4235 685 4280 tamen
721 4221 950 4277 Verbum
975 4222 1119 4291 quod
1156 4235 1221 4275 ex
1260 4220 1418 4275 Patre
1445 4219 1712 4290 procedit,
1740 4233 1836 4273 sua
1888 4225 2082 4272 natura

2176 580 2367 651 θνητὸν
2394 583 2470 645 είς
2497 584 2815 646 ἀθανασίαν,
2844 584 2938 637 καὶ
2969 583 3030 635 τὸ
3068 581 3306 653 φθαρτὸν
3332 586 3412 648 εἰς
3437 584 3750 657 ἀφθαρσίαν

2173 674 2230 726 ἐν
2274 672 2452 744 ἐαυτῷ
2496 676 2593 728 καὶ
2639 675 2839 745 πρώτῳ
2880 676 3403 745 μετασκευάζοντος.
3437 676 3595 731 Οὕτω
3635 679 3748 749 γὰρ

2173 764 2399 833 γέγονεν
2423 767 2541 830 ὁδὸς
2565 769 2647 831 είς
2673 766 2820 839 ζωὴν
2851 768 2945 822 καὶ
2976 769 3105 839 ἡμῖν
3137 770 3340 833 αὐτοῖς.

2515 1049 2611 1104 Ἐκ
2636 1049 2749 1118 τῆς
2776 1051 2926 1119 πρὸς
2956 1053 3305 1121 Κορινθίους
3333 1056 3415 1121 β’.

2250 1180 2271 1213 ε
2294 1160 2458 1214 ’Λλλά
2488 1162 2644 1215 αὐτοὶ
2665 1204 2679 1228 ,
2707 1164 2894 1231 φησιν,
2924 1165 2981 1218 ἐν
3016 1164 3230 1228 ἑαυτοῖς
3256 1165 3316 1219 τὸ
3338 1167 3621 1239 ἀπόκριμα
3652 1170 3752 1223 τοῦ

2173 1251 2406 1305 θανάτου
2460 1254 2814 1323 ἐσχήκαμεν,
2861 1254 2948 1307 ἵνα
2995 1255 3068 1325 μὴ
3112 1257 3435 1320 πεποιθότες
3486 1254 3637 1329 ὦμεν
3690 1264 3750 1313 ἐν

2174 1342 2406 1403 ἑαυτοῖς,
2436 1342 2550 1395 ἀλλ’
2576 1344 2668 1396 ἐπὶ
2691 1344 2769 1412 τῷ
2784 1343 2902 1414 Θεῷ
2919 1344 2996 1414 τῷ
3012 1345 3286 1415 ἐγεέραντι
3316 1348 3442 1411 τοὺς
3465 1351 3712 1419 νεκρούς.
3729 1370 3749 1403 s

2173 1436 2237 1489 ΕΞ
2264 1435 2384 1506 Θεῷ
2413 1436 2474 1488 τὸ
2496 1443 2522 1474 ν
2555 1436 2694 1489 κατά
2722 1436 2884 1506 φύσιν
2914 1438 3364 1507 πρεπωδέστατον
3390 1436 3532 1493 εἶναι
3569 1460 3754 1513 φαμεν

2172 1528 2233 1581 τὸ
2278 1527 2512 1596 ἐγείρειν
2554 1530 2681 1591 τοὺς
2743 1530 3003 1598 νεκροὺς,
3046 1529 3127 1581 ὄτι
3169 1529 3283 1599 ζωὴ
3340 1533 3433 1584 καὶ
3488 1532 3755 1597 ζωοποιός

2172 1621 2351 1673 ἐστιν’
2387 1620 2491 1689 ἔφη
2515 1620 2572 1673 δὲ
2600 1620 2836 1691 Χριστός
2857 1635 2870 1647 '
2906 1638 2924 1671 ι
2950 1619 3092 1688 Ἐγώ
3124 1622 3241 1691 είμι
3275 1624 3309 1693 ἠ
3338 1623 3633 1686 ἀνάστασις
3656 1630 3753 1677 καὶ

2174 1715 2207 1784 ἡ
2236 1713 2346 1783 ζωή
2375 1729 2390 1743 ·
2425 1729 2443 1763 s
2476 1712 2723 1780 φαίνεται
2757 1712 2814 1765 δὲ
2850 1711 2943 1765 καὶ
2977 1710 3298 1782 ἐγηγερκὼς
3323 1716 3449 1779 τοὺς
3489 1715 3750 1786 νεκρούς.

2173 1805 2308 1869 Θεὸς
2338 1805 2447 1877 ἄρα
2471 1804 2641 1869 ἐστὶν,
2665 1802 2742 1868 ὡς
2775 1801 2887 1875 ζωὴ
2922 1803 3063 1858 κατά
3094 1804 3278 1873 φύσιν.

2573 2032 2667 2086 Ἐκ
2702 2032 2813 2102 τῆς
2848 2033 3000 2103 πρὸς
3034 2034 3363 2104 Ἐϐραίους.

2250 2165 2270 2199 ι
2294 2146 2447 2201 Ἐπεὶ
2486 2142 2581 2200 οὖν
2630 2145 2994 2216 κεκοινώνηκε
3039 2148 3109 2203 τὰ
3151 2150 3342 2204 παιδία
3392 2151 3625 2219 αἵματος
3655 2156 3758 2210 καὶ

2177 2238 2399 2309 σαρκὸς,
2425 2240 2521 2293 καὶ
2545 2240 2711 2304 αὐτὸς
2738 2241 3141 2309 παραπλησίως
3165 2243 3396 2314 μετέσχε
3421 2245 3531 2298 τῶν
3547 2247 3752 2300 αὐτῶνθ

2177 2330 2266 2383 ἵνα
2288 2329 2375 2383 διὰ
2396 2329 2490 2383 τοῦ
2519 2330 2752 2387 Θανάτου
2784 2332 3111 2403 καταργήσῃ
3139 2333 3230 2387 τὸν
3254 2335 3314 2387 τὸ
3335 2337 3536 2402 κράτος
3559 2338 3755 2408 ἔχοντα

2176 2419 2270 2472 τοῦ
2301 2419 2555 2483 θανάτου,
2583 2420 2832 2474 τουτέστι
2861 2421 2952 2474 τὸν
2974 2422 3246 2479 διάὁολον.
3283 2443 3301 2475 ι
3346 2427 3759 2499 Παραπλησίως

2179 2512 2310 2581 ἡμῖν
2334 2514 2446 2574 τοῖς
2471 2512 2530 2564 ἐν
2556 2512 2771 2575 τέκνοις
2797 2511 2932 2565 Θεοῦ
2968 2515 3326 2585 τεταγμένοις
3354 2520 3761 2589 κεκοινώνηκεν

2177 2608 2409 2676 αἵματος
2437 2607 2531 2660 καὶ
2556 2607 2756 2677 σαρκὸς
2782 2609 2812 2660 ὁ
2840 2608 2905 2661 ἐκ
2929 2608 3063 2661 Θεοῦ
3099 2610 3291 2678 Λόγος,
3322 2611 3410 2664 ῖνα
3437 2611 3516 2681 τῷ
3542 2611 3760 2683 θανάτῳ

2178 2697 2237 2753 τὸ
2282 2697 2411 2752 ἴδιον
2456 2698 2617 2767 σῶμα
2666 2697 2813 2763 δοὺς,
2864 2697 3179 2773 ζωοποιήσῃ
3229 2700 3391 2755 πάλιν
3435 2702 3585 2766 αὐτὸ,
3640 2701 3757 2774 ζωὴ

2180 2790 2324 2845 κατά
2352 2789 2515 2859 φύσιν
2546 2791 2829 2863 ὑπάρχων,
2854 2793 2930 2857 ὡς
2955 2794 3108 2856 Θεός.
3141 2795 3301 2847 Ἐπεὶ
3335 2794 3453 2860 πῶς
3478 2797 3764 2865 κατήργη-

2178 2898 2269 2934 ται
2300 2880 2394 2935 τοῦ
2416 2881 2657 2937 θανάτου
2691 2884 2752 2935 τὸ
2779 2885 3009 2955 κράτος,
3044 2885 3112 2939 ἂν
3144 2884 3219 2956 μὴ
3254 2883 3315 2937 τὸ
3346 2885 3510 2938 πεσὸν
3540 2888 3617 2948 εἰς
3655 2885 3759 2939 θά-

2180 2989 2337 3030 νατον
2376 2973 2577 3029 ἀνεϐίω
2603 2974 2784 3045 σῶμα,
2829 2977 2960 3029 ἴδιον
2990 2976 3048 3029 ὃν
3078 2977 3179 3046 τῆς
3208 2976 3353 3031 κατά
3392 2977 3558 3046 φύσιν
3583 2975 3759 3047 ζωῆς,

2180 3065 2430 3119 τουτέστι
2456 3064 2550 3119 τοῦ
2573 3068 2636 3119 ἐκ
2665 3066 2799 3120 Θεοῦ
2832 3068 2984 3131 ὄντος
3015 3068 3190 3137 Λόγου
3210 3084 3225 3096 ·

2278 3267 2401 3320 Ὅτι
2420 3261 2509 3331 εἷς
2536 3270 2569 3321 ὀ
2607 3265 2740 3334 Υἱὸς
2765 3266 2861 3321 καὶ
2892 3268 3107 3336 Κύριος
3137 3268 3370 3338 Ἰησοῦς
3398 3267 3672 3336 Χριστός.

2176 3376 2279 3433 Ἐκ
2300 3376 2408 3447 τῆς
2436 3377 2717 3433 Ἰωάννου
2751 3378 3117 3448 Ἐπιστολῆς
3149 3379 3387 3449 πρώτης
3414 3378 3766 3450 καθολικῆς.

2260 3506 2279 3539 ι
2316 3490 2382 3541 Ὃ
2420 3484 2489 3559 ἦν
2530 3488 2623 3541 ἀπ’
2662 3489 2856 3560 ἀρχῆς,
2902 3489 2930 3544 ὃ
2972 3490 3315 3560 ἀκηκόαμεν,
3358 3490 3387 3545 ὃ
3434 3492 3770 3563 ἑωράκαμεν

2183 3580 2296 3641 τοῖς
2343 3578 2642 3648 ὀφθαλμοῖς
2669 3579 2828 3648 ἡμῶν
2848 3619 2860 3641 ,
2895 3579 2923 3632 ὃ
2953 3579 3297 3650 ἐθεασάμεθα
3321 3620 3335 3646 ,
3366 3584 3461 3636 καὶ⁹
3494 3584 3550 3635 αἱ
3582 3584 3768 3653 χεῖρες

2187 3670 2342 3738 ἡμῶν
2376 3669 2733 3739 ἐψηλάφησαν
2759 3671 2887 3741 περὶ
2919 3670 3013 3725 τοῦ
3045 3672 3216 3739 Λόγου
3247 3673 3347 3742 τῆς
3380 3671 3524 3744 ζωῆς
3544 3691 3556 3704 ·
3600 3674 3698 3727 καὶ
3729 3675 3766 3745 ἠ

2188 3758 2301 3832 ζωὴ
2339 3761 2680 3831 ἐφανερώθη,
2714 3763 2808 3818 καὶ
2839 3763 3185 3834 ἑωράκαμεν,
3219 3763 3314 3818 καὶ
3354 3766 3766 3837 μαρτυροῦμεν,

2186 3851 2283 3906 καὶ
2328 3853 2746 3924 ἀπαγγέλλομεν
2781 3855 2910 3924 ὑμῖν
2938 3855 3083 3926 ζωὴν
3117 3856 3216 3926 τὴν
3258 3857 3497 3925 αἰώνιον,
3543 3859 3666 3928 ἥτις
3699 3854 3767 3929 ἦν

2186 3945 2323 4015 πρὸς
2345 3944 2436 3998 τὸν
2480 3945 2721 4016 Πατέρα,
2781 3947 2877 4000 καὶ
2907 3947 3227 4018 ἐφανερώθη
3264 3950 3414 4018 ἡμῖν.
3451 3968 3471 4000 ι
3512 3949 3643 4003 Ἰδοὺ
3674 3949 3770 4005 τὸν

2184 4033 2315 4088 ὄντα
2342 4033 2441 4086 ἀπ’
2467 4034 2664 4104 ἀρχῆς,
2697 4035 2944 4088 τουτέστι
2982 4036 3074 4089 τὸν
3106 4038 3171 4089 ἐκ
3200 4036 3293 4090 τοῦ
3322 4037 3534 4107 Πατρὺς
3567 4037 3768 4107 Λόγον.

2185 4124 2285 4194 τὴν
2320 4123 2466 4195 ζωὴν
2495 4126 2593 4197 τὴν
2626 4124 2844 4180 αἰώνιον
2892 4128 3198 4199 ἑωρακέναι
3249 4128 3384 4199 φησὶ
3421 4132 3535 4193 τοῖς
3565 4130 3773 4199 ὀφθαλ-

2190 4218 2330 4285 μοῖς,
2377 4215 2471 4268 καὶ
2517 4216 2624 4287 μὴν
2671 4218 2767 4271 καὶ
2810 4218 2967 4288 χερσὶ
2999 4217 3352 4289 ψηλαφῆσαι·
3410 4219 3587 4273 καίτοι
3627 4220 3774 4274 κατά

503 4327 787 4388 aspectum
816 4315 1008 4385 fugiat,
1052 4313 1309 4383 tangique
1350 4322 1613 4381 nequeat:
1639 4310 1909 4380 siquidem
1942 4309 2079 4379 quod

2188 4305 2349 4376 φύσιν
2382 4306 2520 4361 ἰδίαν
2545 4306 2640 4360 τοῦ
2667 4308 2732 4362 ἐκ
2754 4308 2846 4362 τοῦ
2871 4308 3077 4380 [ἰατρὸς
3094 4309 3244 4373 ὄντος
3260 4311 3459 4379 Λόγου,
3487 4310 3583 4363 καὶ
3616 4312 3777 4378 ὄντος

505 4423 731 4479 corpore
780 4415 957 4471 vacat,
994 4405 1048 4461 id
1102 4406 1203 4458 sub
1238 4403 1533 4458 tactionem
1568 4419 1674 4457 non
1718 4401 1883 4456 cadit.
1922 4400 2083 4470 Atqui

504 4498 742 4555 Verbum
784 4498 1127 4553 iucarnatum
1198 4494 1373 4550 oculis

1443 4494 1665 4559 vidisse,
1723 4501 1780 4548 et
1837 4493 2087 4547 manibus

2188 4400 2422 4470 ἀοράτου
2474 4401 2567 4455 καὶ
2606 4401 2883 4471 ἀναφοῦς·
2929 4402 3141 4472 ἀναφὲς
3182 4402 3291 4475 γάρ
3349 4405 3409 4458 τὸ
3452 4403 3771 4475 ἀσώματον.

2201 4492 2341 4545 Ἀλλ’
2370 4496 2427 4547 ἐν
2461 4493 2626 4564 σαρκὶ
2651 4494 2911 4563 γεγονότα
2937 4492 3027 4547 τὸν
3058 4493 3231 4562 Λόγον
3253 4494 3555 4564 ἑωρακέναι
3588 4513 3646 4549 τε
3675 4497 3777 4550 καὶ

505 4598 873 4648 contrectasse
902 4604 961 4644 se
988 4587 1082 4641 ait.
1103 4588 1279 4655 Quare
1312 4587 1438 4641 licet
1464 4586 1697 4642 Verbum
1720 4600 1851 4640 caro
1880 4584 2079 4639 factum

2189 4584 2511 4656 ψηλαφῆσαί
2544 4601 2726 4655 φησιν.
2770 4580 2864 4650 Εἷς
2895 4581 2989 4639 οὖν
3019 4586 3127 4657 ἄρα
3158 4587 3307 4640 ἐστὶν
3343 4587 3472 4652 Υἱὸς
3499 4587 3593 4642 καὶ
3636 4587 3777 4654 Θεὸς

506 4691 611 4748 est,
635 4696 777 4736 unus
825 4687 1005 4734 tamen
1057 4687 1140 4733 est
1181 4676 1374 4744 Filius,
1402 4689 1541 4731 unus
1589 4674 1755 4739 Deus,
1782 4690 1922 4730 unus
1974 4674 2085 4729 Do-

505 4788 707 4829 minus.

505 4885 617 4958 95
658 4885 810 4955 Quod
866 4886 995 4954 ﬁdes
1051 4884 1248 5007 tendab
1295 4884 1349 4938 in
1395 4881 1685 4949 Christum,
1736 4891 1988 4951 tauquam
2031 4880 2084 4934 in

1250 4970 1387 5007 eum.

1250 4970 1387 5009 eum.

929 5065 1015 5123 Ex
1036 5067 1203 5138 priori
1228 5066 1472 5138 Epistola
1495 5069 1661 5126 Petri.

583 5196 606 5232 ι
641 5178 734 5245 Ut,
759 5179 956 5247 inquit,
974 5180 1114 5235 ﬁdes
1148 5188 1353 5249 vestra,
1376 5190 1432 5237 et
1453 5196 1578 5252 spes
1607 5154 1820 5239 essetin
1840 5178 2028 5233 Deo”.
2060 5198 2080 5230 ε

508 5266 671 5339 Λιιιυί
699 5270 946 5326 Christus
972 5285 1065 5342 per
1106 5280 1327 5329 sanctos
1371 5271 1647 5343 apostolos
1703 5270 2082 5332 annuntiatur,

2190 4678 2286 4731 καὶ
2311 4678 2535 4745 Κύριος,
2571 4676 2675 4733 κᾶν
2704 4676 2752 4730 εἰ
2783 4676 2977 4748 γέγονε
3008 4675 3143 4749 σὰρξ
3163 4679 3191 4730 ὁ
3221 4676 3413 4746 Λόγος.

2354 4876 2477 4931 Ὅτι
2499 4878 2586 4942 εὶς
2612 4875 2873 4943 Χριστόν
2909 4876 2948 4945 ἡ
2973 4876 3201 4942 πίστις,
3233 4875 3315 4941 ὡς
3347 4877 3434 4940 εὶς
3460 4875 3628 4930 Θεόν.

2382 5056 2477 5109 Ἐκ
2507 5052 2617 5123 τῆς
2645 5056 2875 5123 Πέτρου
2921 5049 3294 5120 Ἐπιστολῆς
3325 5049 3583 5118 πρώτης.

2273 5192 2291 5225 ι
2332 5173 2530 5236 Ὥστε,
2567 5171 2732 5242 φησι.
2759 5169 2859 5241 τὴν
2888 5168 3071 5223 πίστιν
3102 5163 3259 5235 ὑμῶν
3292 5164 3385 5217 καὶ
3414 5160 3607 5215 ἐλπίδα
3633 5154 3781 5215 εἶναι

2195 5267 2274 5328 εἰς
2294 5263 2447 5319 Θεόν.
2473 5282 2492 5315 ι
2523 5264 2720 5317 Καίτοι
2741 5260 2977 5334 Χριστὸς
3004 5256 3335 5329 κηρύττεται
3361 5255 3449 5309 διὰ
3471 5252 3580 5307 τῶν
3601 5252 3782 5321 ἁγίων

580 5442 627 5475 ⁸⁸
651 5442 694 5498 Il
723 5444 848 5501 Cor.
882 5462 923 5515 ι,
953 5446 1007 5502 9.
1083 5447 1128 5483 ³⁸
1156 5446 1320 5505 Hebr.
1352 5461 1414 5517 tt,
1452 5447 1540 5503 Η.
1613 5447 1659 5481 ⁸⁸
1696 5444 1896 5503 lJoan.
1932 5445 2047 5511 1,1,

2212 5443 2258 5476 ⁸³
2292 5440 2313 5494 1
2344 5441 2489 5496 Petr.
2525 5455 2563 5505 ι,
2597 5438 2693 5495 21.

1566 5600 1741 5657 Varia:
1773 5601 2036 5657 lectiones
2061 5599 2265 5657 codicis
2296 5596 2659 5667 Seguierianl.

590 5759 607 5785 π
642 5750 727 5802 to.
753 5749 852 5812 τῷ.
