4060 6418
366 379 504 432 1235

1458 352 1547 429 ae
1582 371 1810 428 sacra
1850 367 2006 425 nos
2044 368 2135 422 AD
2176 367 2493 425 acamas.

3480 371 3618 428 £236

363 486 676 541 ἀποστόλων
697 503 711 517 ⁸
745 485 839 540 καὶ
861 486 1020 550 αὐτὸς
1045 486 1099 541 δέ
1144 485 1244 539 πού
1274 503 1437 556 φησιν
1458 504 1471 519 ·
1508 504 1526 535 ι
1573 483 1766 553 Ἀμὴν,
1792 482 1937 552 ἀμὴν

2072 494 2158 534 ιιιο
2189 479 2415 549 ipsemet
2443 480 2515 534 ita
2547 480 2623 535 ait
2660 499 2672 534 :
2718 500 2736 534 ι
2771 481 2966 549 Amen,
3000 496 3156 538 amen
3188 483 3311 538 dico
3341 484 3496 540 vobis
3526 482 3619 552 qui

364 583 507 647 λέγω
540 579 686 648 ὑμῖν,
721 581 749 630 ὁ
784 578 1049 631 πιστεύων
1080 579 1159 641 είς
1188 578 1310 647 ἐμὲ,
1335 578 1445 646 ἔχει
1473 575 1619 645 ζωὴν
1647 572 1887 627 αἰώνιον,
1914 590 1932 621 ι

365 671 496 721 ’Ὁτε
550 670 729 721 τοίνυν
776 672 856 731 εἰς
892 670 1023 721 Θεὸν
1055 671 1087 738 ἡ
1120 669 1336 732 πίστις,
1382 666 1619 737 Χριστοῦ
1666 666 1937 733 λέγοντος,

369 778 389 811 ι
415 759 504 821 Εἰς
541 758 640 828 ἐμὲ
675 758 992 810 πιστεύετε·
1029 776 1048 808 ι
1084 756 1199 818 πῶς
1230 757 1331 809 οὐκ
1372 755 1437 808 ἂν
1482 753 1566 824 εἴη
1612 753 1745 816 Θεὸς
1779 753 1938 821 ἐναρ-

362 850 502 919 γῶς;

542 962 644 1015 Ἐκ
682 959 792 1027 τῆς
821 959 1057 1027 πρώτης
1092 957 1373 1012 Ἰωάννου
1417 953 1798 1022 Ἐπιστολῆς.

440 1093 461 1124 ι
499 1075 610 1127 Καὶ
642 1072 779 1142 αῦτη
806 1072 954 1124 ἐστὶν
986 1073 1020 1141 ἡ
1054 1070 1241 1141 ἐντολὴ
1269 1070 1458 1130 αὐτοῦ,
1486 1070 1572 1122 ἵνα
1592 1066 1939 1136 πιστεύωμεν

363 1164 442 1235 τῷ
467 1165 688 1233 ὀνόματι
718 1163 811 1214 τοῦ
840 1160 970 1213 Υἱοῦ
1004 1158 1168 1213 αὑτοῦ
1208 1160 1383 1229 Ἰησοῦ
1413 1157 1669 1229 Χριστοῦ.
1709 1174 1727 1206 ι
1763 1156 1826 1208 Εἰ
1865 1155 1939 1222 μὴ

364 1254 690 1324 ἀνεΟέλητόν
734 1255 850 1306 ἐστι
889 1252 965 1323 τῷ
1020 1252 1138 1320 Θεῴ
1188 1253 1283 1305 καὶ
1333 1251 1508 1320 Ilotth
1555 1248 1616 1301 τὸ
1665 1245 1941 1300 πιστεύειν

365 1350 513 1419 ἡμᾶς
552 1350 631 1410 εἰς
658 1346 719 1400 τὸ
756 1346 925 1415 δνομα
956 1345 1050 1397 τοῦ
1088 1345 1216 1397 Υἱοῦ
1250 1344 1413 1397 αὐτοῦ
1457 1341 1631 1413 Ἰησοῦ
1663 1340 1901 1410 Χριστοῦ
1923 1357 1937 1370 ο

366 1443 666 1512 πράττεται
712 1440 767 1492 δὲ
810 1440 903 1492 καὶ
939 1440 1067 1509 παρ’
1101 1437 1255 1508 ἡμῶν
1287 1438 1320 1506 ἡ
1360 1436 1570 1500 πίστις,
1598 1434 1696 1503 οὐχ
1738 1433 1813 1495 ὠς
1863 1434 1943 1494 εἰς

365 1534 655 1603 ἄνθρωπον
686 1530 907 1593 ἁπλῶς,
939 1530 1053 1583 ἀλλ’
1087 1530 1162 1592 ὡς
1188 1531 1267 1592 εἰς
1298 1528 1429 1580 Θεὸν
1467 1525 1647 1591 ζῶντα
1679 1526 1773 1579 καὶ
1806 1523 1955 1595 αλιι--⁹

367 1625 542 1679 θινόν·
579 1624 711 1685 Θεὸς
734 1624 839 1693 ἄρα
876 1622 1130 1691 Χριστός.

444 1735 465 1768 ι
487 1716 576 1768 Ἐν
603 1717 777 1788 τούτῳ
808 1715 1135 1783 γινώσκεται
1163 1712 1223 1766 τὸ
1256 1713 1482 1783 Πνεῦμα
1510 1711 1602 1765 τοῦ
1633 1709 1769 1764 Θεοῦ
1788 1725 1801 1739 ·
1826 1709 1940 1763 πᾶν

2042 570 2212 626 credit
2243 572 2295 625 in
2330 588 2434 637 me,
2464 572 2626 627 habet
2675 573 2839 627 vitam
2882 574 3230 628 retentam“.
3265 592 3286 625 ι
3318 574 3450 628 Cum
3490 588 3620 641 ergo

2043 665 2174 719 ﬁdes
2214 664 2266 718 in
2316 662 2484 717 Deum
2530 664 2758 731 feratur,
2799 675 2853 719 et
2897 667 3168 729 Christus,
3204 684 3223 717 ‹
3266 665 3323 719 In
3374 680 3460 719 me
3492 680 3621 720 cre-

2042 755 2172 817 dite,
2210 772 2228 806 ι
2254 753 2400 808 dicat
2422 774 2436 809 :
2457 756 2731 824 quomodo
2764 756 2990 825 plauuur
3014 773 3119 810 non
3150 766 3251 822 est,
3291 757 3464 825 ipsum
3492 771 3617 811 esse

2043 845 2250 899 Deum?

2407 952 2488 1006 Ex
2526 953 2767 1024 Epistola
2813 956 2983 1025 prima
3022 954 3268 1011 Joannis.

2121 1089 2140 1122 ι
2184 1070 2247 1123 Et
2293 1069 2396 1122 hoc
2447 1078 2532 1123 est
2574 1071 2886 1123 mandatum
2929 1071 3065 1139 ejus,
3110 1081 3169 1124 ut
3233 1070 3516 1124 credamus
3563 1069 3617 1123 in

2043 1162 2264 1215 nomine
2300 1160 2420 1216 Filii
2476 1160 2591 1229 ejus
2637 1160 2763 1216 Jesu
2796 1162 2999 1216 Christi
3031 1162 3099 1215 ⁸⁸.
3134 1181 3154 1214 ›
3182 1161 3235 1216 Si
3259 1177 3289 1215 a
3322 1162 3411 1215 Dei
3442 1161 3622 1215 Patris

2042 1255 2322 1309 voluntate
2348 1257 2581 1310 aliemnn
2616 1270 2721 1308 non
2759 1265 2862 1318 est,
2896 1265 2954 1308 ut
2992 1256 3042 1308 in
3095 1256 3312 1308 nomine
3358 1253 3476 1307 Filii
3506 1252 3621 1322 ejus

2040 1344 2166 1399 Jesu
2200 1344 2403 1401 Christi
2470 1347 2790 1410 credamus;
2821 1346 2865 1399 si
2919 1346 3051 1400 ﬁdes
3101 1355 3284 1399 nostra
3352 1346 3522 1398 tendit
3565 1344 3620 1397 in

2043 1452 2187 1503 eum,
2222 1453 2325 1491 non
2346 1449 2597 1507 tanquam
2617 1437 2667 1489 in
2695 1435 2961 1489 hominem
2988 1436 3210 1500 nudum,
3241 1434 3335 1488 sed
3367 1444 3620 1502 tanquam

2043 1529 2099 1583 in
2140 1528 2307 1583 Deum
2347 1531 2526 1584 vivum
2560 1536 2616 1582 ct
2650 1543 2862 1593 verum,
2888 1527 3111 1582 evidens
3155 1524 3400 1595 profecto
3441 1524 3627 1580 evadit

2044 1621 2317 1676 Christum
2342 1637 2461 1677 esse
2485 1625 2675 1677 Deum.

2119 1733 2137 1765 ι
2171 1712 2227 1767 1η
2261 1714 2361 1769 hoc
2384 1714 2729 1784 cognoscitur
2751 1710 2989 1781 Spiritus
3015 1709 3104 1765 Dei
3129 1726 3142 1763 :
3172 1707 3352 1763 omnis
3383 1707 3623 1778 spiritus,

369 1806 607 1877 πνεῦμα,
628 1806 656 1859 ὃ
678 1807 929 1876 ὁμολογεῖ
956 1803 1165 1875 Ἰησοῦν
1200 1803 1433 1874 Χριστὸν
1468 1803 1525 1854 ὲν
1554 1800 1718 1871 σαρκὶ
1748 1797 1939 1868 ἐληλυ-

2064 1803 2137 1872 ιιιῑ
2168 1804 2457 1859 conlitetur
2480 1804 2663 1859 Jesum
2686 1802 2965 1857 Christum
2999 1800 3051 1855 in
3080 1814 3245 1854 carne
3292 1800 3530 1863 venisse,
3555 1813 3625 1852 ex

368 1898 520 1963 θότα,
548 1900 612 1951 ὲκ
640 1897 733 1952 τοῦ
765 1896 898 1951 Θεοῦ
933 1897 1080 1949 ἐστι·
1113 1895 1208 1948 καὶ
1242 1897 1349 1948 πᾶν
1381 1893 1616 1963 πνεῦμα,
1657 1892 1686 1945 ὃ
1716 1891 1791 1963 μὴ
1820 1892 1944 1959 ὀμο-

368 1992 519 2060 λογεῖ
558 1990 651 2044 τὸν
690 1990 914 2061 Ἰησοῦν,
943 1989 1008 2042 ἐκ
1039 1988 1133 2041 τοῦ
1168 1986 1304 2040 Θεοῦ
1343 1987 1444 2040 οὐκ
1476 1984 1592 2038 ἔστι
1612 2002 1625 2015 ·
1659 1984 1753 2038 καὶ
1785 1981 1944 2035 τοῦτό

369 2085 488 2137 ἐστι
510 2084 570 2136 τὸ
597 2082 691 2136 τοῦ
721 2079 1154 2152 ’Δντιχρίστου,ὃ
1185 2079 1459 2148 ἀκηκόατε
1482 2079 1561 2131 ὅτι
1589 2075 1826 2147 ἔρχεται,
1852 2074 1945 2128 καὶ

369 2176 468 2230 νῦν
499 2178 556 2228 ἐν
584 2175 665 2245 τῷ
694 2174 884 2245 κόσμῳ
920 2176 1066 2226 ἐστὶν
1092 2173 1213 2244 ἥδη.
1244 2189 1262 2222 ι
1302 2169 1701 2241 Ὀμολογοῦμεν
1725 2167 1815 2220 τὸν
1841 2167 1947 2236 Ἰη-

373 2267 502 2321 σοῦν
530 2241 647 2338 ἄρα.
675 2265 750 2329 ὡς
789 2241 1096 2337 ἇῖθρωπον,
1250 2262 1360 2317 τῶν
1403 2262 1527 2316 καθ’
1558 2262 1706 2332 ἡμᾶς
1730 2261 1830 2313 ἕνα
1854 2276 1869 2326 ;
1910 2260 1943 2331 ἢ

374 2359 578 2429 μᾶλλον
606 2360 689 2412 ὅτι
713 2358 843 2420 Θεὸς
872 2357 947 2410 ὢν
984 2357 1012 2409 6
1054 2356 1248 2424 Λόγος,
1288 2355 1479 2423 γέγονε
1510 2352 1679 2424 σὰρξ,
1710 2353 1811 2405 οὐκ
1837 2352 1948 2405 ὀλι-

370 2452 633 2520 γωρήσας
666 2448 758 2502 τοῦ
797 2445 934 2501 εἶναι
955 2448 1109 2511 Θεὸς,
1142 2444 1469 2518 μεμενηκὼς
1498 2445 1554 2497 6‘s
1588 2444 1787 2514 μᾶλλον
1812 2443 1949 2514 ὅπερ

364 2537 464 2612 ἦν,
506 2540 600 2593 καὶ
623 2540 673 2591 εί
703 2539 925 2608 γέγονεν
948 2537 1274 2608 ἅνθρωπος;
1313 2535 1474 2589 Ἀλλὰ
1501 2535 1643 2588 τοῦτ’
1674 2534 1823 2588 ἔστιν
1851 2535 1952 2587 οὐκ

372 2631 694 2702 ἀμφίόολον.
734 2631 791 2684 '0
835 2630 1017 2684 τοίνυν
1066 2629 1127 2682 οὐ
1176 2629 1351 2697 λέγων
1380 2629 1513 2682 Θεὸν
1553 2623 1693 2681 εἶναι
1735 2626 1954 2697 ἀληθῶς

366 2722 466 2775 τὸν
515 2721 770 2792 Χριστὸν,
820 2719 1043 2789 διαιρῶν
1093 2719 1150 2771 δὲ
1202 2720 1296 2772 καὶ
1339 2717 1802 2788 κατασμικρύνων
1856 2718 1953 2787 τὴν

366 2813 535 2879 δόξαν
595 2813 791 2880 αὐτοῦ,
839 2814 902 2866 τὸ
961 2810 1056 2865 τοῦ
1116 2811 1485 2882 Ἀντιχρίστου
1535 2809 1757 2881 πνεῦμα
1813 2808 1954 2879 ἔχων

381 2905 679 2960 ἁλώσεται.

457 3016 475 3049 ι
507 2999 616 3051 Καὶ
641 2998 803 3066 ἡμεῖς
839 2993 1204 3064 ἐθεασάμεθα,
1257 2991 1355 3046 καὶ
1391 2988 1777 3063 μαρτυροῦμεν
1818 2989 1900 3042 ὄτι
1928 2988 1957 3040 6

381 3089 574 3159 Πατὴρ
603 3086 913 3142 ἀπέσταλκε
941 3087 1032 3140 τὸν
1058 3086 1183 3139 Υίὸν
1213 3085 1442 3154 Σωτῆρα
1466 3082 1561 3135 τοῦ
1598 3082 1828 3151 κόσμου.
1860 3081 1957 3144 Ὃς

2044 1897 2154 1952 Deo
2169 1907 2252 1953 est
2280 1913 2296 1953 :
2328 1898 2577 1969 etomnis
2620 1896 2846 1965 spiritus
2885 1895 2977 1964 qui
3006 1894 3166 1948 solvit
3190 1892 3395 1958 Jesum,
3422 1909 3486 1947 ex
3516 1894 3625 1947 Deo

2045 2005 2151 2045 non
2180 1998 2293 2056 est;
2335 1998 2390 2044 et
2415 1990 2503 2043 hic
2531 1998 2615 2044 est
2643 1989 3038 2054 Antichristus,
3073 1988 3140 2040 de
3188 2001 3296 2053 quo
3341 1984 3627 2039 audivistis

2046 2082 2299 2151 quoniam
2325 2083 2493 2148 venit,
2519 2093 2571 2137 et
2592 2096 2733 2135 nunc
2770 2080 2881 2151 jam
2904 2083 2957 2134 in
2990 2079 3189 2134 mundo
3208 2088 3293 2132 est
3326 2078 3394 2130 ⁵⁸.
3427 2096 3446 2129 ι
3477 2075 3625 2131 Con--

2048 2174 2333 2227 litemurne
2376 2188 2507 2244 ergo
2560 2171 2836 2226 Christum
2887 2170 3073 2227 Iesum
3135 2168 3299 2223 veluti
3355 2169 3627 2222 hominem

2047 2264 2356 2333 quempiam
2392 2263 2562 2318 nostri
2603 2261 2879 2316 similem?
2912 2278 2979 2316 an
3027 2260 3209 2331 potius
3258 2260 3351 2315 Dei
3387 2259 3627 2314 Verbum

2050 2352 2250 2408 factum
2273 2369 2394 2410 esse
2420 2369 2662 2418 carnem,
2693 2370 2798 2409 non
2838 2355 2980 2424 qam]
3020 2353 3355 2407 divinitatem
3387 2351 3627 2417 exuerit,

2052 2453 2143 2498 aut
2173 2445 2467 2513 repudiarit
2494 2443 2847 2514 (constanter
2869 2445 3014 2499 enim
3040 2445 3239 2498 mansit
3267 2444 3410 2511 quod
3439 2442 3627 2513 erat):

2054 2536 2146 2593 sed
2169 2537 2311 2606 quod
2351 2536 2645 2590 humanam
2678 2546 2927 2590 naturam
2965 2533 3360 2603 assumpserit?
3387 2535 3454 2587 At
3487 2533 3635 2587 istud

2054 2637 2205 2682 extra
2228 2629 2654 2683 controversiam
2683 2635 2790 2683 est.
2820 2628 3078 2695 Quisquis
3118 2628 3284 2699 igitur
3334 2625 3635 2687 Christum.

2056 2722 2393 2777 divinitatem
2449 2723 2593 2777 illius
2657 2723 2952 2787 inliciatus,
3016 2723 3227 2786 dividit,
3282 2721 3636 2791 ejusdemque

2056 2813 2282 2882 gloriam
2308 2824 2361 2868 et
2386 2814 2721 2881 maiestatem
2754 2814 3027 2879 diminuit,
3059 2814 3148 2869 hic
3174 2813 3496 2868 Antichristi
3522 2812 3636 2882 spi-

2058 2904 2220 2958 ritum
2264 2904 2512 2959 hausisse
2536 2916 2723 2973 aperte
2750 2906 3114 2959 convincitur.

2133 3010 2155 3044 ι
2191 2993 2253 3047 Et
2282 3009 2378 3047 nos
2406 2994 2660 3058 vidimus,
2684 3004 2739 3048 ct
2767 2995 3124 3049 testificantur
3169 2995 3425 3066 quoniam
3476 2996 3641 3050 Pater

2061 3086 2209 3140 misit
2266 3084 2463 3139 Filium
2514 3101 2671 3141 suum
2726 3085 3062 3141 Salvatorem
3116 3088 3323 3142 mundi.
3382 3087 3641 3156 Quisquis

381 3178 452 3233 ἂν
478 3178 788 3249 ὁμολογήσῃ
828 3177 909 3229 ὅτι
947 3175 1154 3247 Ἰησοῦς
1184 3176 1329 3228 ἔστιν
1371 3176 1399 3228 6
1448 3172 1576 3235 Υἱὸς
1605 3172 1698 3226 τοῦ
1731 3169 1888 3233 Θεοῦ,
1931 3170 1958 3221 6

2066 3176 2346 3232 confessus
2370 3175 2533 3232 fuerit
2564 3179 2820 3246 quoniam
2838 3176 2996 3233 Jesus
3037 3188 3119 3234 est
3144 3179 3315 3234 Filius
3359 3180 3475 3244 Dei,
3502 3181 3643 3235 Deus

384 3270 518 3333 Θεὸς
550 3271 606 3324 ἐν
639 3268 789 3339 αὑτῷ
842 3268 1029 3338 μένει,
1060 3267 1154 3321 καὶ
1189 3265 1349 3328 αὐτὸς
1388 3267 1445 3320 ὲν
1481 3264 1560 3335 τῷ
1590 3264 1728 3334 Θεῷ.
1765 3281 1783 3315 ι
1831 3263 1962 3315 Ἀπ-

387 3362 643 3416 εσταλοαι
672 3361 851 3430 φαμὲν
874 3358 1024 3429 παρὰ
1052 3359 1144 3411 τοῦ
1172 3357 1307 3410 Θεοῦ
1336 3358 1431 3412 καὶ
1457 3357 1670 3427 Πατρὸς
1691 3356 1783 3408 τὸν
1811 3353 1959 3421 Υίὸν,

394 3454 646 3508 τουτέστι
677 3452 767 3506 τὸν
812 3452 872 3515 ἐξ
896 3450 1061 3505 αὑτοῦ
1096 3449 1235 3503 κατὰ
1263 3448 1421 3518 φύσιν
1455 3448 1721 3519 μονογενῆ
1753 3446 1960 3514 Λόγον·

387 3548 710 3619 ὠνομάσθαι
755 3546 814 3599 δὲ
860 3545 1021 3598 αὑτὸν
1076 3543 1324 3615 Ἰησοῦν,
1380 3544 1470 3596 ὅτε
1524 3546 1619 3598 καὶ
1669 3542 1768 3613 τὴν
1822 3541 1966 3597 κατὰ

393 3638 573 3708 σάρκα
596 3637 850 3707 γέννησιν
880 3637 947 3688 ἐκ
976 3633 1233 3702 γυναικὸς
1258 3631 1552 3702 ὑπέμεινεν
1582 3628 1964 3700 οἰκονομικῶς.

392 3728 601 3783 Οὐκοῦν
643 3730 671 3780 6
708 3730 773 3779 ὲκ
821 3724 957 3779 Θεοῦ
1008 3726 1181 3794 Λόγος
1228 3726 1450 3793 γέγονεν
1499 3723 1805 3791 ἄνθρωπος.
1847 3722 1969 3778 Κᾶν

393 3819 528 3881 εἴτις
573 3816 745 3880 οὕτως
794 3816 1181 3886 ὁμολογήσειεν
1228 3814 1412 3878 αὑτὸν,
1458 3813 1571 3882 ἔχει
1627 3812 1857 3884 μένοντα
1911 3814 1970 3864 ὲν

394 3908 572 3977 ἑαυτῴ
621 3908 712 3961 τὸν
757 3908 909 3972 Θεὸν,
964 3905 1117 3960 ἔσται
1149 3905 1206 3958 δὲ
1242 3905 1337 3958 καὶ
1381 3906 1545 3968 αὐτὸς
1589 3906 1649 3958 ἐν
1693 3904 1771 3975 τῷ
1811 3903 1964 3975 Θεῷ·

395 3999 766 4073 μνησθήσεται
792 3998 899 4069 γὰρ
926 3997 1113 4061 αὑτοῦ,
1142 3997 1407 4064 λογιεῖται
1463 3994 1521 4048 δὲ
1565 3995 1727 4048 αὐτὸν
1772 3996 1971 4047 οἰκεῖον

392 4093 469 4155 ὡς
497 4092 718 4161 μέτοχον
746 4088 930 4143 αὑτοῦ.
964 4089 1022 4142 '0
1048 4088 1104 4141 δὲ
1133 4087 1207 4159 μὴ
1234 4088 1539 4158 ὁμολογῶν,
1564 4090 1645 4142 ὅτι
1668 4088 1829 4151 αὐτὸς
1859 4091 1887 4141 ό
1909 4090 1972 4141 ἐκ

392 4183 531 4236 Θεοῦ
558 4183 769 4253 Πατρὸς
800 4184 973 4249 Λόγος
1014 4180 1223 4250 Ἰησοῦς
1266 4182 1412 4245 ἐστι,
1444 4180 1635 4243 καθεὶς
1662 4180 1853 4233 ἑαυτὸν
1891 4182 1972 4244 είς

395 4273 812 4344 ἀνθρωπότητα,
842 4271 966 4325 οὔτε
998 4271 1130 4325 Θεὸν
1161 4272 1222 4323 ὲν
1266 4270 1447 4341 ἐαυτῷ
1488 4271 1845 4342 πλουτήσειεν
1880 4271 1969 4337 ἂν,

395 4364 522 4419 οὔτε
576 4365 682 4435 μὴν
738 4364 899 4427 αὐτὸς
945 4366 1003 4417 ὲν
1066 4362 1187 4432 Θεῷ
1226 4361 1401 4430 ἔσται,
1454 4362 1596 4418 κατὰ
1641 4379 1706 4431 γε
1752 4362 1843 4416 τὸν
1870 4363 1973 4434 τῆς

398 4453 777 4526 πνευματικῆς
805 4453 1132 4524 οἰκειότητος
1162 4453 1383 4525 τρόπον.

478 4655 496 4689 ι
524 4636 641 4698 Πᾶς
666 4636 696 4688 6
714 4633 987 4689 πιστεύων
1012 4635 1096 4689 ὅτι
1141 4632 1349 4705 Ἰησοῦς
1388 4635 1540 4688 ἐστιν
1574 4635 1604 4687 6
1630 4634 1887 4705 Χριστὸς,
1911 4636 1976 4690 ὲκ

398 4727 493 4781 τοῦ
527 4726 663 4780 Θεοῦ
698 4727 1044 4797 γεγέννηται.
1080 4744 1101 4778 ›
1135 4725 1343 4780 Οὐκοῦν
1376 4728 1404 4779 6
1433 4725 1509 4798 μὴ
1543 4725 1831 4793 πιστεύων,
1856 4727 1977 4781 οὐδὲ

402 4822 460 4875 ὲν
499 4820 711 4883 τέκνοις
739 4819 878 4874 Θεοῦ
911 4818 1330 4890 καταλογισθείη
1370 4819 1456 4873 ἄν.
1514 4821 1578 4897 Et
1603 4819 1712 4891 γὰρ
1740 4820 1854 4873 ὅσοι
1886 4821 1980 4874 τὸν

402 4910 532 4966 Υἰὸν
563 4912 775 4976 ἔλαϐον,
811 4911 1013 4965 ἔδωκεν
1037 4912 1221 4975 αὐτοῖς
1246 4911 1497 4976 ἐξουσίαν
1532 4913 1697 4966 τέκνα
1720 4912 1854 4965 Θεοῦ
1883 4929 1981 4982 γε-

406 5002 613 5065 νέσθαι,
640 5004 785 5057 καθά
813 5005 979 5075 φησιν
1009 5005 1037 5057 6
1080 5003 1472 5074 εὐαγγελιστής
1491 5019 1506 5033 ·
1538 5006 1588 5057 oi
1627 5005 1701 5075 μὴ
1726 5003 1982 5069 λαϐόντες

407 5094 590 5156 αὐτὸν,
619 5095 726 5147 οὐδ’
756 5096 823 5148 ἂν
849 5098 909 5149 ὲν
962 5095 1175 5159 τέκνοις
1223 5095 1359 5148 Θεοῦ
1404 5096 1851 5167 καταλογισθεῖεν
1892 5099 1981 5165 ἂν,

408 5182 523 5246 τὸν,
555 5183 620 5235 δι’
647 5176 707 5236 οῦ
737 5182 894 5235 τοῦτο
916 5184 1171 5253 ὑπάρχει,
1199 5182 1273 5254 μὴ
1306 5185 1625 5252 ἐγνωκότες.

488 5376 506 5409 ι
548 5356 643 5420 Τίς
676 5356 731 5409 δέ
759 5358 907 5409 ἐστιν
955 5357 983 5409 ό
1028 5356 1194 5411 νικῶν
1227 5357 1320 5412 τὸν
1353 5358 1591 5430 κόσμον,
1625 5362 1674 5415 εί
1711 5362 1787 5434 μὴ
1824 5365 1854 5418 6
1895 5383 1987 5418 πι-

415 5446 618 5502 στεύων
659 5449 741 5501 an
779 5447 985 5518 Ἰησοῦς
1027 5449 1173 5502 ἐστιν
1217 5451 1245 5501 6
1288 5449 1416 5513 Υἱὸς
1467 5450 1552 5503 τοῦ
1602 5452 1771 5521 Θεοῦ;
1816 5449 1985 5521 Οὗτός

413 5539 577 5592 ἐστιν·
607 5540 636 5591 6
684 5536 854 5591 ἐλθὼν
881 5538 950 5591 δι’
980 5537 1173 5602 ὓδατος
1216 5540 1311 5593 καὶ
1337 5540 1567 5611 αἶματος
1603 5543 1810 5613 Ἰησοῦς
1845 5546 1985 5619 Χρι-

487 5714 725 5795 '_‘_Joan.
764 5731 836 5783 vr,
885 5714 974 5769 47.
1053 5714 1143 5770 "l
1177 5712 1332 5770 Joan.
1362 5731 1446 5779 ιιι,
1472 5715 1565 5771 95.
1641 5717 1735 5772 “l
1769 5719 1922 5778 Joan.

2065 5726 2121 5793 2,
2152 5725 2203 5780 5.
2283 5727 2325 5760 ⁸⁷
2360 5725 2519 5783 Joan.
2552 5742 2623 5795 tv,
2659 5725 2843 5782 ἰαί-16.
2892 5728 2938 5760 ⁸³
2983 5726 3001 5781 l
3035 5724 3191 5783 Joan.
3217 5741 3271 5793 ν,
3305 5728 3355 5782 1.

2068 3270 2121 3324 in
2157 3284 2222 3324 eo
2269 3281 2471 3335 manet,
2505 3279 2560 3324 et
2595 3270 2710 3338 ipse
2763 3271 2818 3323 in
2871 3270 2978 3323 Deo
3009 3271 3077 3324 ⁵⁷.
3116 3288 3133 3320 ι
3175 3269 3518 3339 Unigenitum
3550 3270 3643 3325 Dei

2070 3357 2284 3421 Filium,
2315 3360 2416 3413 hoc
2432 3369 2515 3413 est
2534 3360 2767 3414 Verbum
2790 3362 2935 3430 quod
2954 3362 3271 3416 naturaliter
3293 3378 3359 3417 ex
3387 3364 3494 3417 Deo
3515 3378 3644 3431 pro-

2077 3451 2242 3515 cedit,
2274 3465 2305 3504 a
2354 3449 2466 3505 Deo
2506 3461 2560 3505 et
2592 3449 2755 3506 Patre
2784 3454 3010 3507 missum
3043 3454 3405 3523 agnoscimus.
3430 3453 3540 3523 95
3566 3454 3647 3506 ld-

2073 3543 2245 3614 ipsnm
2272 3554 2449 3598 autem
2486 3552 2599 3598 tum
2641 3546 2857 3599 demum
2889 3544 3072 3599 Jcsum
3122 3546 3447 3615 appellatum
3484 3547 3650 3599 tuisse

2075 3652 2473 3701 asseveramus,
2503 3653 2624 3691 cum
2654 3638 3054 3705 dispensatorie
3084 3642 3381 3693 secundant
3429 3654 3649 3693 carnem

2072 3744 2140 3785 ex
2196 3728 2423 3782 muliere
2472 3728 2621 3782 nasci
2672 3729 3017 3798 dedignatum
3049 3746 3152 3783 non
3204 3739 3304 3784 est.
3338 3730 3431 3784 Dei
3464 3730 3649 3800 itaque

2076 3818 2311 3874 Verbum
2357 3818 2518 3873 homo
2558 3817 2756 3871 factum
2785 3830 2890 3873 est.
2921 3820 2985 3873 Et
3018 3820 3064 3874 si
3088 3819 3209 3889 quis
3232 3820 3303 3873 ita
3346 3823 3651 3889 proﬁtetur,

2078 3912 2122 3966 is
2151 3910 2319 3964 Deum
2355 3909 2409 3963 in
2465 3924 2525 3963 se
2575 3918 2884 3963 manentem
2946 3910 3130 3976 habet,
3168 3920 3224 3964 et
3257 3912 3372 3979 ipse
3411 3912 3651 3966 vicissim

2076 4003 2132 4059 in
2161 4002 2271 4056 Deo
2294 4001 2551 4056 manebit.
2581 3999 2980 4055 Recordabitur
3010 4002 3154 4055 enim
3193 4002 3358 4064 illius,
3394 4018 3459 4057 ac
3488 4004 3653 4057 veluti

2078 4095 2334 4150 societate
2354 4094 2587 4161 quadam
2616 4091 2960 4157 coniunctum
2992 4092 3137 4146 inter
3157 4091 3449 4147 familiares
3468 4108 3657 4149 nume-

2079 4187 2241 4241 rabit.
2276 4186 2344 4237 At
2370 4185 2461 4254 qui
2487 4184 2664 4252 ipsum
2707 4183 2798 4237 Dei
2824 4184 2998 4239 Patris
3030 4181 3266 4239 Verbum
3302 4200 3423 4239 esse
3442 4183 3652 4249 .iesum,

2079 4288 2134 4332 et
2165 4278 2217 4331 in
2258 4277 2545 4331 humanam
2598 4286 2845 4329 naturam
2876 4290 2935 4328 se
2967 4274 3254 4330 demisisse
3294 4293 3398 4329 non
3432 4276 3656 4331 confite-

2083 4380 2192 4433 tur,
2225 4369 2312 4421 ille
2348 4383 2520 4437 neque
2557 4365 2723 4422 Deum
2756 4365 3026 4430 obtinere,
3061 4382 3237 4435 neque
3259 4382 3354 4436 per
3396 4368 3656 4435 spiritalis

2084 4460 2468 4515 familiaritatis
2496 4460 2709 4514 modum
2742 4459 2847 4512 ulla
2894 4459 3183 4514 rationein
3209 4461 3325 4531 ipso
3351 4460 3655 4516 consistere

2008 4537 2054 4593 Ι)
2080 4550 2299 4621 poterit.

2154 4662 2175 4696 ι
2214 4641 2407 4699 Omnis
2436 4642 2524 4713 qui
2545 4642 2717 4697 credit
2746 4641 3003 4713 quoniam
3054 4639 3215 4696 Iesus
3260 4649 3343 4696 est
3376 4641 3653 4708 Christus,

2080 4749 2145 4789 ex
2173 4734 2286 4789 Deo
2312 4747 2474 4790 natus
2508 4745 2595 4791 est
2622 4735 2688 4787 ⁸⁸.
2713 4753 2731 4787 ι
2769 4734 2871 4800 Qui
2911 4733 3078 4803 igitur
3134 4732 3187 4787 id
3223 4749 3331 4787 non
3364 4734 3558 4799 credit,
3610 4734 3657 4789 is

2081 4826 2223 4881 inter
2257 4827 2349 4882 Dei
2376 4828 2514 4883 lilios
2540 4827 2727 4883 haberi
2764 4826 2973 4897 nequit.
3032 4826 3163 4882 Nam
3198 4826 3245 4880 si
3281 4826 3348 4879 iis
3376 4825 3654 4890 omnibus,

2084 4918 2177 4987 qui
2206 4915 2403 4973 Filium
2454 4928 2797 4988 receperunt,
2842 4926 3163 4990 potestatem
3210 4917 3355 4971 dedit
3387 4917 3526 4971 ﬁlios
3566 4916 3657 4971 Dei

2083 5008 2226 5071 ﬁeri,
2259 5021 2316 5065 ιιι
2359 5011 2691 5082 evangelista
2740 5020 2972 5066 testatur
3000 5010 3080 5075 ⁸⁹;
3111 5024 3449 5077 consequens
3489 5010 3580 5075 sit,
3614 5012 3659 5066 si

2086 5101 2179 5170 qui
2205 5099 2357 5155 illum
2388 5118 2495 5157 non
2516 5103 2808 5172 recipiunt,
2844 5117 2939 5158 eos
2964 5102 3108 5156 inter
3142 5100 3235 5155 Dei
3258 5101 3399 5155 [ilius
3452 5102 3660 5155 censeri

2088 5207 2193 5247 non
2233 5208 2423 5263 posse;
2458 5197 2636 5263 utqui
2671 5210 2818 5262 eum,
2853 5210 2950 5265 per
2967 5209 3126 5264 quem
3159 5194 3261 5247 hoc
3305 5193 3481 5260 ipsum
3519 5191 3662 5245 lice-

2090 5282 2203 5346 bat.
2233 5298 2338 5337 non
2365 5285 2706 5353 agnoverint.

2178 5389 2199 5423 ι
2236 5372 2367 5439 Quis
2398 5382 2481 5426 est
2517 5374 2610 5439 qui
2658 5373 2829 5427 vincit
2882 5372 3164 5436 mundum,
3210 5368 3314 5424 nisi
3350 5368 3440 5438 qui
3493 5369 3665 5424 credit

2090 5466 2346 5532 quoniam
2372 5462 2533 5519 Jcsus
2558 5474 2640 5520 est
2664 5465 2836 5519 Filius
2861 5463 2989 5518 Dei?
3022 5461 3121 5517 llic
3145 5461 3343 5532 estqui
3377 5442 3522 5515 vertit
3571 5476 3666 5529 per

2096 5570 2292 5625 aquam
2324 5567 2378 5613 et
2424 5558 2742 5628 sanguinem
2772 5555 2930 5611 Jcsus
2956 5553 3205 5609 Christus
3240 5572 3255 5609 :
3289 5568 3395 5608 non
3433 5555 3483 5609 in
3526 5571 3664 5624 aqua

3435 5728 3480 5760 ⁸⁸
3512 5723 3667 5780 Joan.
