4060 6430
366 394 502 451 128⁵1

1378 393 1439 454 S.
1480 394 1749 452 CYRILLI
1788 396 2260 454 ALEXANDBINI
2299 399 2620 456 ARCIIIEP.

3490 400 3629 457 1288

365 511 574 576 solum,
630 510 723 566 sed
781 512 836 565 in
869 525 1005 578 aqua
1040 519 1097 566 et
1128 510 1411 581 sanguine.
1447 512 1518 568 Et
1568 513 1815 584 Spiritus
1860 523 1942 568 est

2054 514 2205 578 στός·
2243 514 2343 568 οὐκ
2372 516 2429 568 ὲν
2454 514 2534 585 τῷ
2581 513 2731 568 ὕδατι
2772 514 2953 584 μόνον,
2988 514 3102 569 ἀλλ’
3142 515 3200 568 ὲν
3231 513 3307 585 τῷ
3342 513 3493 569 ὕδατι
3535 515 3629 569 καὶ

364 601 458 671 qui
494 600 818 655 testificatur
850 599 1108 669 quoniam
1144 600 1383 669 Spiritus
1406 608 1489 656 est
1524 601 1751 656 veritas.
1800 599 1944 666 Quo-

366 691 515 744 niam
551 698 664 744 tres
696 698 843 757 sunt,
875 688 971 756 qui
1006 688 1377 743 testimonium
1434 689 1567 744 dant
1601 705 1615 742 :
1678 686 1945 756 Spiritus,

366 796 529 852 aqua,
560 789 616 837 et
637 780 897 848 sanguis;
927 788 984 834 et
1018 779 1073 833 bi
1105 791 1216 835 tres
1243 796 1413 835 unum
1453 789 1583 835 sunt
1608 779 1678 837 ".
1708 798 1727 831 ι
1785 777 1945 832 Mun-

367 877 495 928 dum
524 872 915 943 itaquevincit,
946 872 1041 943 qui
1104 872 1281 927 credit
1338 870 1523 927 Jesum
1580 885 1702 927 esse
1748 869 1946 925 Filium

370 965 485 1021 Dei.
508 963 678 1020 Porro
710 972 893 1019 autem
913 964 1163 1033 quisnam
1200 960 1362 1019 Jesus
1388 961 1478 1018 ille
1516 963 1611 1026 sit,
1636 961 1689 1017 id
1720 961 1839 1031 ipse
1866 960 1948 1015 di-

367 1056 609 1126 scipulus
636 1053 767 1111 Jesu
791 1053 1059 1126 ejusmodi
1090 1054 1273 1108 verbis
1304 1052 1462 1108 nobis
1487 1051 1748 1121 exponit:
1787 1048 1949 1121 (Ipse

366 1156 475 1213 est,
506 1146 703 1216 inquit,
729 1146 822 1214 qui
850 1144 996 1198 venit
1015 1157 1113 1212 per
1137 1156 1333 1212 aquam
1352 1155 1406 1197 et
1434 1142 1757 1213 sanguinem
1788 1138 1948 1197 Jesus

368 1239 645 1294 Christus.
675 1255 696 1290 ι
734 1236 1044 1304 Utrumque
1069 1234 1268 1289 asserit
1311 1232 1365 1287 in
1389 1234 1655 1304 sanguine
1687 1232 1946 1287 nimirum

366 1331 604 1396 venisse,
626 1336 679 1384 et
702 1326 912 1396 Spiritu
937 1344 953 1393 ;
983 1333 1039 1381 et
1065 1334 1176 1381 tres
1203 1340 1421 1381 rursum
1452 1341 1618 1380 unum
1642 1339 1788 1381 esse.
1818 1324 1950 1381 Ver-

366 1421 493 1476 bum
523 1421 708 1490 itaque
731 1417 935 1473 factum
970 1426 1058 1472 est
1084 1431 1236 1484 caro,
1278 1417 1423 1487 quod
1452 1414 1660 1485 Spiritu
1697 1432 1797 1473 nos
1824 1431 1951 1471 san-

371 1513 590 1578 ctificat,
650 1520 704 1566 et
739 1508 1006 1580 sanguine
1046 1523 1155 1565 nos
1206 1509 1414 1579 expiat,
1475 1517 1531 1563 et
1577 1523 1718 1579 aqua
1748 1508 1949 1581 munda

367 1617 467 1658 nos
491 1601 679 1658 abluit.
728 1599 881 1657 Unus
917 1608 1101 1655 tamen
1124 1601 1354 1656 omnino
1405 1608 1491 1656 est
1542 1599 1732 1662 Filius,
1795 1599 1950 1671 cujus

369 1694 634 1765 Spiritum
666 1702 721 1748 et
746 1707 969 1762 aquam,
1014 1700 1072 1746 et
1100 1691 1422 1761 sanguinem
1452 1705 1575 1746 esse
1609 1690 1872 1747 dicimus.

442 1804 461 1837 ε
494 1784 551 1840 Si
584 1783 959 1839 testimonium
1008 1782 1291 1838 hominum
1335 1783 1657 1854 accipimus,
1708 1784 1952 1838 testimo-

2049 606 2263 675 αἵματι.
2304 606 2416 659 Καὶ
2462 606 2524 659 τὸ
2569 590 2795 676 Πνεῦμά
2824 607 2940 659 ὲστι
2974 605 3036 659 τδ
3076 605 3392 677 μαρτυροῦν
3453 606 3536 659 ὅτι
3572 605 3633 660 τὺ

2050 696 2276 766 Πνεῦμά
2312 699 2460 751 ἐστιν
2493 696 2756 768 ἀλήθεια·
2807 697 2890 749 ὃτι
2935 700 3090 768 τρεῖς
3141 696 3517 769 μαρτυροῦσιο
3572 698 3634 751 τὸ

2050 786 2295 858 Πνεῦμα,
2336 788 2434 843 καὶ
2457 788 2520 843 τὸ
2545 786 2713 859 ὕδωρ,
2743 787 2840 841 καὶ
2874 787 2937 841 τδ
2981 782 3153 858 αἷμαο
3190 789 3284 842 καὶ
3309 790 3359 842 οἱ
3387 791 3538 861 τρεῖς
3577 789 3636 845 ἓν

2049 878 2179 932 εἱσι.
2221 896 2240 930 ι
2281 880 2429 951 Νικᾷ
2466 881 2566 951 μὲν
2592 880 2685 934 τὸν
2716 880 2923 949 κόσμον
2952 882 2981 932 6
3011 878 3282 933 πιστεύων
3306 881 3390 934 ὅτι
3427 880 3637 951 Ἰησοῦς

2049 968 2199 1024 ἐστιν
2241 971 2272 1024 6
2327 970 2456 1035 Υἱὸς
2497 970 2590 1024 τοῦ
2623 969 2781 1026 Θεοῦ.
2820 970 2920 1033 Τίς
2951 968 3008 1023 δέ
3039 971 3184 1026 ἐστιν
3220 969 3448 1041 Ἰησοῦς,
3476 971 3638 1034 αὐτὸς

2049 1062 2183 1133 ἡμῖν
2217 1063 2248 1115 6
2286 1061 2465 1133 Ἰησοῦ
2517 1062 2768 1134 μαθητὴς
2818 1061 3100 1132 διατρανοῖ
3146 1060 3352 1131 λέγων’
3411 1081 3431 1115 ι
3468 1057 3637 1126 Οὗτός

2052 1151 2203 1205 ἐστιν
2231 1152 2260 1206 6
2287 1151 2460 1206 ἐλθὼν
2506 1152 2575 1206 δι’
2622 1152 2816 1216 ὕδατος
2849 1151 2943 1205 καὶ
2988 1152 3220 1223 αἵματος
3261 1151 3465 1221 Ἰησοῦς
3504 1153 3641 1225 Χρι-

2054 1242 2199 1304 στός.
2235 1261 2255 1294 ι
2297 1242 2456 1297 ’Λλλά
2482 1244 2577 1299 καὶ⁵
2600 1245 2661 1298 ὲν
2691 1243 2886 1314 αῐματί
2915 1260 3072 1315 φησι,
3117 1244 3212 1297 καὶ
3236 1243 3294 1295 ὲν
3323 1242 3635 1314 Πνεύματι·

2050 1334 2304 1398 καὶτοὺς
2329 1337 2479 1405 τρεῖς
2523 1334 2582 1390 ἐν
2630 1330 2771 1390 εἶναι
2814 1350 3001 1406 φησιν.
3057 1333 3266 1388 Οὐκοῦν
3309 1334 3500 1404 γέγονε
3539 1336 3641 1406 μὲν

2054 1426 2194 1498 σὰρξ
2222 1430 2251 1481 6
2288 1428 2462 1497 Λόγος
2485 1470 2501 1495 ,
2548 1430 2768 1499 ἁγιάζει
2797 1430 2853 1484 δὲ
2885 1431 3034 1501 ἡμᾶς
3078 1428 3159 1499 τῷ
3193 1428 3507 1499 Πνεύματι,
3540 1428 3641 1484 καὶ

2051 1519 2343 1592 καθαρίζει
2386 1520 2467 1592 τῷ
2519 1521 2758 1593 αἵματι,
2829 1522 2926 1575 καὶ
2977 1520 3235 1575 ἀπολούει
3282 1521 3445 1575 πάλιν
3488 1520 3642 1575 ῦόατι

2051 1615 2305 1686 καθαρῷ.
2338 1611 2434 1680 Εἷς
2462 1616 2519 1671 δὲ
2546 1617 2612 1688 δὴ
2638 1617 2857 1680 πάντως
2892 1619 2921 1670 6
2950 1616 3077 1681 Υἱὸς
3100 1659 3116 1684 ,
3147 1610 3210 1671 οὗ
3243 1617 3339 1671 καὶ
3365 1611 3503 1671 εἶναι
3536 1633 3643 1686 φας»

2056 1724 2157 1777 μεν
2186 1707 2247 1760 τὸ
2276 1706 2523 1779 Πνεῦμα,
2557 1710 2653 1763 καὶ
2689 1710 2752 1763 τὸ
2782 1708 2949 1781 ὕδωρ,
2976 1710 3071 1763 καὶ
3097 1709 3159 1762 τὸ
3190 1705 3351 1780 αἷμα.

2130 1817 2150 1850 ι
2188 1799 2252 1853 Ei
2277 1800 2375 1871 τὴν
2408 1800 2720 1872 μαρτυρίαν
2762 1801 2872 1855 τῶν
2907 1801 3215 1873 ἀνθρώπων
3258 1801 3639 1874 λαμϐάνομεν,

367 1876 516 1929 nium
554 1876 647 1930 Dei
677 1873 853 1944 majus
879 1882 965 1929 est
991 1894 1003 1929 :
1037 1873 1292 1944 quoniam
1329 1874 1433 1929 hoc
1464 1883 1549 1929 est
1573 1873 1947 1929 testimonium

2054 1891 2087 1960 ἡ
2121 1892 2395 1963 μαρτυρία
2425 1892 2521 1946 τοῦ
2551 1893 2688 1947 Θεοῦ
2735 1894 2939 1965 μείζων
2972 1894 3120 1948 ἐστίν
3140 1911 3154 1926 °
3182 1895 3265 1948 ὅτι
3304 1894 3445 1967 αὕτη
3494 1873 3644 1951 ἐστὶν

370 1968 484 2036 Dei,
514 1965 656 2036 quod
688 1965 865 2036 majus
902 1973 1007 2029 est,
1053 1964 1312 2035 quoniam
1378 1963 1701 2018 testificatus
1747 1970 1834 2018 est
1887 1962 1954 2018 de

370 2035 507 2112 Filio
534 2035 654 2112 suo.
691 2035 794 2123 Qui
822 2055 997 2110 credit
1019 2055 1072 2108 in
1118 2052 1318 2108 Filium
1352 2050 1471 2120 Dei,
1500 2051 1665 2108 habet
1709 2051 1955 2107 testimo-

369 2151 518 2205 nium
546 2151 643 2204 Dei
679 2150 732 2203 in
773 2163 855 2207 se.
896 2147 999 2215 Qui
1049 2161 1157 2203 non
1191 2145 1367 2202 credit
1417 2144 1576 2213 Filio,
1627 2147 1949 2201 mendacem

376 2242 511 2298 facit
540 2256 687 2308 eum,
716 2240 845 2311 quia
880 2255 988 2295 non
1036 2238 1212 2293 credit
1264 2238 1317 2294 in
1370 2238 1765 2303 testimonium,
1807 2236 1953 2308 quod

369 2336 510 2389 Deus
544 2335 877 2389 testificatus
903 2342 986 2386 est
1006 2330 1071 2385 de
1092 2328 1230 2384 Filio
1253 2330 1436 2385 suo“.
1464 2347 1483 2381 ι
1529 2328 1598 2384 Ει
1619 2327 1853 2398 Spiritu,
1885 2336 1942 2384 et

372 2441 504 2482 voce
536 2426 698 2482 Pater
729 2424 868 2480 Filio
905 2424 1019 2495 96
1053 2421 1435 2476 testimonium
1482 2420 1776 2491 perhibuit.
1814 2417 1952 2474 Nam

366 2534 556 2576 verum
583 2518 730 2573 illum
758 2518 875 2587 ejus
897 2531 1020 2571 esse
1042 2513 1265 2578 Filium,
1331 2515 1435 2569 hoc
1497 2514 1619 2585 ipso
1682 2520 1945 2569 testatum

367 2613 530 2671 nobis
562 2611 655 2675 sit,
682 2608 830 2678 quod
859 2607 1126 2678 Spiritum
1180 2614 1428 2663 sanctum
1462 2605 1953 2677 perﬁciendorum-

366 2720 473 2774 que
504 2700 895 2757 miraculorum
928 2700 1035 2753 vim
1060 2699 1267 2754 sanctis
1306 2697 1422 2766 ipse
1452 2696 1700 2764 dilargiri
1751 2696 1948 2766 potuit.

371 2798 551 2864 Atque
582 2793 687 2848 huc
712 2791 901 2861 utique
935 2789 1211 2856 tendebat,
1239 2788 1479 2857 quando,
1513 2806 1534 2840 ι
1568 2785 1661 2843 Ille
1680 2802 1764 2842 me
1792 2786 1954 2842 clari-

370 2885 556 2941 ficabit
583 2883 654 2950 “,
693 2900 713 2935 ι
780 2882 980 2938 aiebat.
1004 2879 1127 2936 Alio
1157 2893 1373 2951 quoque
1388 2879 1547 2936 modo
1581 2878 1950 2935 testimonium

367 2978 546 3035 eidem
584 2974 882 3046 perhibuit.
918 2973 976 3029 Si
1007 2973 1225 3044 quidem
1271 2973 1325 3027 in
1374 2971 1612 3028 Jordane
1680 2970 1952 3041 ejusmodi

364 3070 543 3141 elogio
575 3068 727 3125 illum
759 3065 1114 3139 clarificavit:
1153 3082 1172 3117 ι
1208 3063 1328 3131 llic,
1364 3064 1461 3131 ait,
1490 3063 1770 3120 estFilius
1791 3077 1949 3119 meus

370 3162 624 3226 dilectus,
656 3162 709 3213 in
745 3172 854 3229 quo
884 3157 1018 3212 mihi
1050 3157 1191 3212 bene
1212 3156 1516 3226 complacui
1540 3155 1610 3209 ”.
1643 3172 1665 3209 ι
1706 3154 1952 3237 Quicun-

367 3268 473 3324 que
503 3253 667 3323 igitur
699 3249 968 3306 divisione
995 3247 1220 3304 inducta
1257 3262 1405 3316 eum,
1456 3248 1551 3319 qui
1587 3261 1655 3303 ex
1712 3246 1950 3304 muliere

372 3353 534 3401 natus
568 3353 671 3412 est,
706 3357 895 3397 verum
929 3341 1022 3396 Dei
1056 3339 1256 3395 Filium
1286 3354 1415 3396 esse
1438 3349 1663 3411 negant,
1694 3339 1819 3394 Filii
1856 3355 1955 3395 au-

372 3448 478 3494 tem
514 3450 709 3493 nomen
740 3434 840 3489 soli
864 3433 1119 3502 nudoque
1170 3431 1266 3487 Dei
1320 3431 1501 3488 Verbo
1557 3432 1882 3503 assignant;
1916 3430 1955 3485 ii

371 3528 585 3583 Patrem
612 3528 929 3584 mendacem
961 3526 1188 3590 faciunt,
1243 3535 1306 3578 ut
1358 3524 1448 3591 qui
1481 3521 1723 3579 Verbum
1766 3523 1955 3578 incar—

370 3630 556 3678 natum
587 3621 871 3677 evidenter
898 3618 1204 3675 ostenderit
1228 3616 1282 3671 in
1312 3613 1552 3671 Jordane
1582 3634 1595 3670 :
1628 3616 1757 3685 lquo
1787 3612 1951 3669 etiam

370 3724 613 3784 tempore
640 3711 878 3781 Spiritus
898 3721 954 3764 et
978 3709 1120 3779 quod
1154 3708 1296 3763 Deus
1324 3718 1497 3773 esset,
1531 3717 1587 3764 et
1626 3707 1771 3779 quod
1793 3720 1955 3763 verus

368 3805 541 3863 Filius
562 3813 729 3874 esset,
767 3804 977 3859 diserte
1008 3810 1237 3858 testatus
1258 3812 1361 3857 est.

829 3919 984 3987 Quod
1008 3918 1248 3975 Christus
1272 3918 1343 3972 sit
1361 3918 1485 3973 vita.

581 4038 667 4095 Ea:
716 4035 1004 4109 Evangelia
1041 4034 1334 4091 secundum
1392 4032 1728 4089 Matthamm.

437 4153 519 4209 De
559 4149 980 4222 arcbisynagogi
1042 4148 1154 4204 ﬁlia
1217 4146 1483 4217 scriptum
1548 4154 1745 4212 exstat,
1805 4149 1952 4218 quod

374 4266 395 4300 ι
432 4261 555 4303 cum
585 4243 756 4311 ejecta
787 4252 934 4298 esset
966 4242 1147 4308 turba,
1181 4238 1614 4306 intravitJesus,
1651 4248 1709 4296 et
1768 4240 1949 4295 tenuit

368 4350 587 4404 manum
618 4334 758 4404 eius,
790 4341 847 4389 et
883 4331 1123 4389 surrexit
1165 4328 1344 4401 puella
1374 4330 1440 4387 “.
1477 4348 1497 4383 ι
1555 4330 1667 4386 Cur
1690 4372 1706 4399 ,
1738 4345 1948 4402 qumso,

366 4430 496 4484 dum
537 4427 731 4499 puella;
752 4426 920 4481 vitam
953 4423 1215 4489 restituit,
1246 4437 1353 4477 non
1376 4422 1480 4477 fuit
1503 4432 1951 4479 contentus-ver-

2054 1984 2089 2054 ἡ
2139 1985 2416 2055 μαρτυρία
2455 1985 2552 2040 τοῦ
2585 1985 2747 2052 Θεοῦ,
2799 1987 2882 2041 ὅτι
2928 1987 3326 2059 μεμαρτύρηκε
3369 1989 3500 2058 περὶ
3544 1990 3640 2044 τοῦ

2055 2075 2188 2129 Υίοῦ
2241 2076 2430 2132 αὐτοῦ.
2480 2077 2539 2132 '0
2576 2078 2849 2134 πιστεύων
2892 2081 2976 2143 είς
3019 2079 3111 2133 τὸν
3156 2080 3285 2133 Υίδν
3326 2080 3422 2134 τοῦ
3476 2081 3639 2149 Θεοῦ,

2054 2165 2171 2238 ἔχει
2208 2167 2306 2240 τὴν
2358 2170 2666 2242 μαρτυρίαν
2706 2172 2765 2224 ὲν
2796 2172 2996 2243 ἐαυτῷ.
3035 2172 3094 2227 '0
3133 2173 3208 2245 μὴ
3254 2173 3532 2229 πιστεύων
3560 2175 3642 2246 τῷ

2053 2257 2194 2330 Θεῷ,
2225 2258 2469 2331 ψεύστην
2518 2262 2818 2333 πεποίηκεν
2848 2264 3032 2328 αὐτὸν,
3062 2266 3144 2319 ὅτι
3179 2265 3280 2319 οὐκ
3319 2266 3643 2320 ἐπίστευσεν

2053 2350 2135 2413 είς
2176 2350 2277 2423 τὴν
2335 2353 2665 2425 μαρτυρίαν,
2699 2354 2768 2425 ἢν
2805 2355 3162 2428 ἐμαρτύρησε
3195 2357 3323 2428 περὶ
3368 2358 3465 2411 τοῦ
3508 2359 3642 2413 Υίοῦ

2054 2442 2243 2497 αὑτοῦ.
2286 2462 2306 2496 ι
2351 2445 2798 2518 Μεμαρτύρηκεν
2845 2450 2875 2502 6
2907 2448 3099 2521 Πατὴρ
3131 2448 3210 2521 τῷ
3244 2449 3356 2521 Υἱῷ
3403 2451 3494 2505 διά
3542 2451 3639 2506 τοῦ

2054 2534 2412 2607 Πνεύματος,
2456 2538 2553 2592 καὶ
2591 2539 2684 2593 διά
2732 2540 2950 2612 φωνῆς’
2996 2542 3080 2595 ὅτι
3123 2542 3235 2614 γάρ
3275 2544 3424 2597 ἑστιν
3474 2543 3642 2598 αὑτοῦ

2054 2625 2195 2681 κατά
2254 2628 2533 2700 ἀλήθειαν,
2591 2634 2995 2704 μαρτυρήσειεν
3045 2634 3112 2689 ἂν
3158 2634 3221 2687 τὸ
3252 2638 3512 2707 χορηγεῖν
3546 2635 3641 2691 δύ·

2055 2717 2248 2773 νασθαι
2291 2721 2405 2785 τοῖς
2435 2720 2614 2791 ἁγίοις
2645 2723 2707 2776 τὸ
2750 2723 2978 2793 Πνεῦμα
3018 2726 3200 2794 αὐτὸν,
3249 2728 3340 2781 καὶ
3371 2728 3441 2781 δι’
3471 2729 3640 2783 αὑτοῦ

2052 2807 2315 2878 δυνάμεις
2343 2810 2613 2883 ἐνεργεῖν.
2650 2813 2760 2867 Καὶ
2788 2813 2921 2882 γοῦν
2952 2813 3211 2885 ἔφασκεν,
3242 2817 3327 2870 ὅτι
3358 2836 3375 2870 t
3400 2818 3644 2883 Ἐκεῖνος

2055 2900 2160 2972 ἐμὲ
2200 2901 2437 2970 δοξάσει.
2488 2923 2508 2957 ι
2562 2905 2979 2980 Μεμαρτύρηκε
3033 2909 3091 2963 δὲ
3138 2910 3236 2964 καὶ
3287 2910 3409 2965 καθ’
3451 2911 3641 2983 ἕτερον

2052 2992 2257 3062 τρόπον
2281 3009 2294 3023 ·
2325 2994 2546 3063 ἐδόξατε
2566 3003 2590 3034 ³
2628 2996 2738 3069 γάρ
2766 2998 2932 3052 αὑτὸν
2963 3001 3021 3054 ἐν
3050 2999 3130 3072 τῷ
3161 2999 3403 3073 Ἰορδάνῃ
3440 3001 3639 3072 λέγων’

2062 3101 2081 3136 ι
2116 3078 2286 3150 Οὗτός
2320 3087 2470 3142 ἐστιν
2504 3090 2534 3142 6
2580 3088 2711 3154 Υἱός
2759 3107 2862 3161 μου
2905 3093 2935 3145 6
2969 3092 3280 3165 ἀγαπητὸς,
3320 3095 3378 3148 ὲν
3409 3087 3455 3163 ᾧ
3484 3094 3644 3166 ηὐδόο

2056 3194 2226 3249 κησα.
2253 3198 2272 3231 ι
2296 3181 2453 3235 Ὅσοι
2483 3181 2665 3236 τοίνυν
2704 3183 3155 3257 ἀποδιαιροῦντὲς
3177 3201 3343 3255 φασιν
3373 3186 3475 3240 οὐκ
3499 3182 3641 3242 εῖναι

2061 3270 2187 3324 Υίὸν
2217 3270 2468 3342 ἀληθινὸν
2498 3273 2591 3327 τὸν
2617 3275 2682 3328 ἐκ
2708 3275 2988 3345 γυναικὸς,
3009 3277 3347 3348 ἀναφέρουσι
3373 3279 3431 3334 δὲ
3459 3281 3518 3334 τὸ
3543 3282 3644 3352 τῆς

2056 3362 2305 3434 υίότητος
2336 3363 2508 3436 ὄνομα
2546 3368 2639 3420 ὲπὶ
2684 3368 2888 3438 γυμνὸν
2937 3369 3034 3423 καὶ
3066 3369 3227 3441 μόνον
3255 3370 3347 3425 τὸν
3394 3373 3459 3427 ὲκ
3504 3371 3643 3429 Θεοῦ

2054 3453 2238 3524 Λόγον
2264 3497 2279 3522 ,
2315 3455 2556 3530 ψεύστην
2604 3459 2817 3514 ποιοῦσι
2850 3460 2945 3516 τὸν
2989 3461 3242 3533 Πατέραυ
3287 3463 3645 3536 σαρκωθέντα

2055 3542 2165 3613 γὰρ
2202 3544 2294 3597 τὸν
2348 3545 2521 3615 Λόγον
2550 3545 2838 3612 ἀπέδειξεν
2866 3548 2926 3601 ὲν
2957 3548 3038 3620 τῷ
3076 3549 3349 3624 Ἰορδάνῃ,
3381 3550 3476 3602 καὶ
3519 3549 3644 3602 τότε

2058 3634 2457 3706 μεμαρτύρηκε
2499 3636 2561 3690 τὸ
2608 3637 2835 3709 Πνεῦμα
2866 3639 3037 3711 αὐτῷ,
3099 3642 3180 3696 ὅτι
3210 3640 3304 3695 κα)⁸
3335 3640 3469 3706 Θεός
3500 3641 3642 3709 ἐστι,

2056 3725 2150 3779 καὶ
2182 3725 2311 3791 Υίὸς
2333 3726 2574 3799 ἀληθῶς.

2519 3937 2641 3989 Ὅτι
2677 3934 2789 4005 ζωὴ
2834 3938 2867 3989 ὀ
2907 3938 3181 4007 Χριστός.
3272 3986 3284 3993 ,

2266 4046 2362 4102 Ἐκ
2393 4045 2500 4101 τοῦ
2521 4049 2674 4103 κατὰ
2697 4048 3003 4104 Ματθαῒον
3033 4052 3443 4123 Εὐαγγελίου.

2139 4157 2263 4212 Ἐπὶ
2290 4162 2356 4232 τῇ
2401 4158 2631 4233 θυγατρὶ
2676 4161 2774 4216 τοῦ
2810 4163 3265 4235 ἀρχισυναγώγου
3296 4164 3641 4236 γέγραπται,

2052 4248 2136 4302 ὅτι
2175 4268 2194 4302 r
2229 4251 2358 4305 Ὅτε
2412 4251 2677 4326 ἐξεϐλήθη
2725 4256 2755 4308 6
2796 4255 2958 4326 ὄχλος
2985 4295 3001 4320 ,
3039 4254 3299 4310 εἰσελθὼν
3355 4257 3384 4309 6
3436 4257 3646 4327 Ἰησοῦς

2053 4342 2328 4416 ἐκράτησε
2360 4346 2460 4418 τῆς
2488 4347 2674 4419 χειρὸς
2722 4348 2893 4419 αὐτῆς
2915 4388 2931 4415 ,
2970 4348 3066 4402 καὶ
3097 4348 3306 4420 ἠγέρθη
3358 4348 3421 4402 τὸ
3471 4348 3645 4420 κορά-

2055 4451 2189 4490 σιον.
2226 4454 2246 4488 ι
2280 4435 2380 4491 Διά
2413 4436 2467 4491 τί
2498 4438 2574 4511 μὴ
2602 4438 2807 4510 μᾶλλον
2832 4439 2909 4504 ὡς
2940 4439 3035 4494 ἐπὶ
3065 4439 3162 4493 τοῦ
3194 4439 3452 4513 Λαζάρου
3481 4442 3649 4513 ἠρκέ-

365 4523 459 4589 bo,
486 4530 546 4576 ut
568 4524 619 4575 in
644 4519 841 4574 Lazari
867 4516 1317 4583 exsuscitatione;
1352 4515 1449 4572 sed
1478 4529 1697 4571 manum
1722 4525 1950 4586 praeter-

2059 4526 2161 4597 σθη
2208 4527 2354 4599 λόγῳ
2401 4529 2540 4601 πρὸς
2568 4531 2668 4601 τὴν
2694 4531 2994 4586 ἀνάστασιν
3022 4530 3117 4586 τοῦ
3156 4533 3441 4605 κορασίου,
3475 4533 3647 4604 ἐκρά-

364 4626 429 4668 ea
490 4611 635 4667 illius
676 4607 1072 4681 apprehendit?
1119 4622 1320 4677 nempe
1361 4615 1422 4663 ut
1464 4609 1783 4663 ostenderet
1825 4623 1953 4665 cor-

363 4719 465 4774 pus
501 4720 661 4760 suum
717 4703 967 4757 vivilium
1026 4715 1183 4757 esse:
1255 4710 1346 4755 est
1392 4700 1539 4756 enim
1568 4714 1768 4771 corpus
1797 4702 1948 4756 vitm.

364 4796 730 4862 Quamobrem
785 4794 917 4850 unio
951 4792 1111 4849 Verbi
1176 4808 1303 4849 cum
1362 4807 1528 4849 carne
1585 4792 1853 4849 naturalis
1896 4801 1955 4850 et

365 4901 495 4943 vera
526 4894 633 4952 est,
670 4902 777 4942 non
804 4884 1108 4942 secundum
1150 4884 1327 4942 solam
1363 4900 1722 4956 personarum
1753 4886 1951 4943 coitio-

367 4991 512 5040 nem,
544 4976 628 5031 vel
663 4974 865 5031 nudam
901 4974 1070 5029 fausti
1102 4973 1344 5030 nominis
1389 4974 1831 5042 attributionem,
1856 4985 1953 5031 aut

367 5067 705 5123 voluntatum
756 5066 1129 5130 concordiam,
1199 5065 1316 5121 sive
1359 5066 1667 5139 simplicem
1720 5068 1954 5140 conjun-

367 5163 626 5225 ctionem,
651 5166 709 5211 ut
728 5157 946 5228 quidam
983 5157 1235 5229 imperite
1264 5168 1559 5231 nugantur.

665 5271 755 5328 Ea:
793 5269 1083 5344 Evangelia
1106 5273 1395 5329 secundum
1415 5273 1697 5331 Joannem.

445 5381 465 5415 ι
497 5363 814 5435 Operamini
842 5379 953 5421 non
979 5364 1162 5421 cibum
1197 5364 1289 5434 qui
1323 5368 1487 5436 perit,
1518 5370 1612 5423 sed
1645 5368 1737 5439 qui
1768 5378 1951 5425 manet

2059 4635 2191 4687 τησε
2219 4619 2277 4673 δὲ
2311 4620 2404 4674 καὶ
2432 4622 2533 4692 τῆς
2564 4622 2746 4693 χειρὸς
2784 4623 2994 4695 αύτῆςς
3025 4623 3142 4679 Ἵνα
3186 4623 3334 4696 δείξῃ
3378 4622 3649 4689 ζωοποιὸν

2059 4711 2121 4765 τὸ
2152 4709 2317 4766 αὐτοῦ
2354 4713 2550 4784 σῶμα⁶
2589 4714 2751 4786 σῶμα
2784 4715 2894 4789 γάρ
2933 4717 3053 4771 ἐστι
3086 4717 3253 4789 ζωῆς.
3299 4714 3509 4770 Οὐκοῦν
3546 4732 3653 4784 φυ-

2062 4804 2189 4875 σικὴ
2226 4805 2426 4876 μᾶλλον
2451 4807 2546 4861 καὶ
2574 4807 2782 4880 ἀληθὴς
2813 4810 2844 4879 ἡ
2878 4808 3074 4874 ἓνωσις
3098 4811 3134 4881 ἡ
3166 4808 3304 4880 πρὸς
3330 4807 3430 4880 τὴν
3464 4807 3651 4879 σάρκα

2060 4894 2154 4949 τοῦ
2184 4897 2384 4967 Λόγου,
2410 4899 2506 4953 καὶ
2536 4899 2622 4965 οὐ,
2658 4899 2802 4955 καθά
2826 4919 2991 4971 φασιν
3023 4901 3085 4967 ἐξ
3111 4900 3355 4974 ἀμαθίας
3377 4900 3544 4965 τινες,
3567 4898 3649 4964 ὡς

2061 4987 2120 5041 ὲν
2162 4988 2344 5059 μόνοις
2373 4989 2688 5061 πέπρακται
2723 4991 3064 5061 προσώποις,
3094 4990 3128 5062 ἢ
3171 4987 3516 5059 κατὰ-,ψιλὴν
3547 4986 3644 5039 εὐ-

2062 5081 2275 5152 φημίαν
2308 5082 2404 5136 καὶ
2433 5081 2674 5155 θέλησιν,
2708 5083 2830 5154 ἦτοι
2856 5084 3155 5153 συνάφειαν
3191 5081 3400 5146 ἁπλῶς.

2272 5281 2368 5336 Ἐκ
2399 5282 2509 5338 τοῦ
2537 5285 2689 5341 κατὰ
2730 5285 3019 5353 Ἰωάννην
3045 5282 3441 5353 Edam-c.1101).
3512 5316 3515 5319 -

2140 5389 2160 5423 ι
2205 5372 2559 5446 Ἐργάζεσθε,
2591 5376 2747 5451 φησι,
2790 5377 2867 5449 μὴ
2892 5376 2992 5448 τὴν
3034 5375 3241 5450 βρῶσιν
3269 5374 3370 5447 τὴν
3402 5370 3650 5432 ἀπολλυ-

439 5512 486 5547 ⁶⁹
507 5514 529 5570 l
554 5513 714 5575 Joan.
739 5533 793 5586 v,
817 5517 941 5576 5-7.
1015 5517 1057 5551 "
1084 5517 1217 5576 ibid.
1241 5534 1321 5587 ﬂ,
1346 5517 1435 5575 10.
1512 5520 1557 5553 ⁸¹
1581 5516 1743 5575 Joan.
1775 5536 1884 5591 xvi,
1923 5523 1945 5577 1

2089 5524 2135 5558 ⁸⁸
2167 5525 2359 5582 Matth.
2388 5544 2471 5596 nt,
2510 5531 2599 5587 17.
2675 5530 2721 5565 ⁸⁸
2753 5530 2943 5590 Matth.
2974 5545 3053 5599 ιι,
3080 5530 3173 5589 25.

1427 5675 1605 5733 Vatiae
1627 5676 1886 5737 lectiones
1920 5680 2123 5739 codicis
2147 5679 2507 5753 Seguieriani.

443 5816 466 5847 ³
500 5808 719 5875 ἔδειξεν.
