4060 6412
250 476 390 537 1289

1347 478 1436 534 DE
1477 476 1704 533 RECTA
1747 476 1901 533 FIDE
1940 476 2032 529 AD
2072 472 2387 529 REGIN.\S.

3384 467 3521 522 1290

249 592 441 664 μένην,
490 590 625 645 ἁλλὰ
672 590 772 662 τὴν
831 591 1034 664 βρῶσιν
1088 592 1187 663 τὴν
1244 591 1512 663 μένουσαν
1556 592 1637 655 εἰς
1684 591 1828 662 ζωὴν

1956 605 1986 643 ιι
2023 589 2186 643 vitam
2209 597 2490 647 aeternam,
2522 600 2681 653 quem
2726 583 2892 638 Filius
2927 581 3169 636 bominis
3223 579 3372 635 dabit
3427 595 3521 632 νυ-

243 682 486 747 αἱώνιον,
516 683 579 753 ἢν
606 683 635 734 6
663 682 782 746 Υἱὸς
815 682 909 735 τοῦ
940 681 1228 754 ἀνθρώπου
1262 683 1393 753 ὑμῖν
1422 682 1619 735 δώσει·
1640 681 1835 735 τοῦτον

245 773 416 845 γάρὸ
442 774 633 844 Πατὴρ
664 772 996 843 ἐσφράγισεν
1025 775 1054 825 6
1080 773 1234 836 Θεός.
1270 792 1287 824 ι
1325 770 1538 843 Βρῶσιν
1575 772 1712 841 ἡμῖν
1748 768 1837 821 δέ·

245 864 422 917 δωκεν
462 866 490 916 6
542 863 663 926 Υἱὸς
694 864 786 916 τοῦ
819 863 1108 935 ἀνθρώπου
1136 864 1236 934 τὴν
1270 864 1545 932 μένουσαν
1581 863 1661 926 εἰς
1693 861 1837 931 ζωὴν

248 954 510 1013 αἰώνιον,
548 954 790 1025 δηλονότι
832 955 933 1026 τὴν
973 956 1153 1026 σάρκα
1196 953 1386 1013 αὑτοῦ,
1432 954 1527 1006 καὶ
1568 953 1678 1022 γάρ
1723 954 1838 1004 ὲστι

249 1043 538 1108 ζωοποιός.
573 1040 706 1099 Εἶτα
738 1045 858 1109 πῶς
897 1045 960 1098 οὐ
1006 1045 1140 1108 Θεὸς
1170 1047 1197 1097 6
1229 1044 1514 1108 ζωοποιεῖν
1541 1043 1839 1113 δυνάμενος

249 1137 348 1191 καὶ
379 1136 467 1190 διὰ
501 1138 599 1204 τῆς
627 1136 765 1202 ἰδίας
793 1137 1025 1208 σαρκὸς,
1057 1137 1251 1198 ἐοικώς
1280 1155 1339 1190 τε
1367 1138 1506 1189 κατᾶ
1550 1136 1731 1189 πάντα
1760 1134 1839 1204 τῷ

248 1225 373 1298 Θεῷ
397 1228 491 1283 καὶ
520 1230 693 1299 Πατρί
717 1246 733 1295 ;
778 1230 950 1282 Τοῦτο
980 1229 1088 1300 γάρ
1120 1225 1237 1281 οἶδα
1263 1229 1457 1300 δηλοῦν
1487 1229 1547 1280 τὸ
1576 1229 1841 1297 ἐσφραγῖ-

254 1317 380 1373 σθαι
409 1319 587 1387 λέγειν
628 1321 790 1373 αὑτὸν
820 1320 972 1389 παρὰ
1007 1320 1099 1372 τοῦ
1126 1318 1282 1373 Θεοῦ·
1316 1320 1407 1372 τοῦ
1438 1319 1842 1388 ἐσφραγῖσθαι

252 1407 615 1479 σημαίνοντος
642 1409 703 1461 τὸ
726 1411 973 1482 ἀκριϐῶς
1000 1411 1261 1480 ἐμφερές.
1292 1411 1506 1483 Ὥσπῖρ
1536 1412 1645 1483 γὰρ
1667 1413 1715 1463 εἰ
1739 1428 1842 1480 κη·-

257 1498 338 1569 ρῷ
370 1517 454 1563 τις
486 1500 721 1571 ἐμπήξει
766 1502 1038 1573 σφραγῖδα
1069 1503 1300 1573 χρυσῆν,
1336 1502 1524 1572 ἥγοῦν
1551 1502 1612 1568 ἐξ
1645 1503 1842 1573 ἐτέρας

256 1590 400 1661 ὕλης
436 1596 842 1663 πεποιημένην,
870 1593 1000 1664 ὃλην
1048 1594 1107 1658 ἐξ
1137 1594 1259 1648 ὃ).ου
1305 1596 1405 1663 τὴν
1444 1595 1641 1665 ἑαυτῆς
1670 1594 1845 1664 ἐμφέ-

256 1698 414 1753 ρειαν
462 1684 883 1754 ἐνσημαίνεται·
930 1685 1073 1738 οὕτω
1122 1686 1216 1739 καὶ
1262 1689 1289 1739 ὁ
1337 1686 1472 1750 Θεὸς
1520 1687 1614 1739 καὶ
1655 1686 1845 1758 Πατὴρ

254 1774 385 1835 τοὺς
418 1770 516 1842 τῆς
551 1774 746 1826 ἑαυτοῦ
775 1774 991 1843 φύσεως
1038 1777 1394 1846 χαρακτῆρας
1425 1776 1703 1840 οὑσιωδῶς
1752 1778 1848 1846 ἐμ-

256 1864 573 1935 πρέποντας
600 1865 712 1936 ἔχει
737 1866 813 1936 τῷ
846 1867 980 1937 Υἱῷ.
1014 1868 1125 1922 Καὶ
1153 1868 1313 1922 τοῦτό
1346 1871 1461 1923 ἐστι
1492 1872 1551 1922 τὺ
1576 1871 1843 1939 ἐσφραγῖ-

259 1955 388 2010 σθαι
417 1956 597 2026 λέγειν
629 1959 793 2011 αὐτὸν
818 1961 968 2031 παρὰ
996 1960 1091 2013 τοῦ
1123 1961 1357 2031 Πατρός.

486 2073 588 2126 Ἐκ
618 2074 727 2126 τοῦ
758 2072 909 2126 κατὰ
943 2073 1184 2128 Λουκᾶν
1218 2077 1612 2146 Εὑαγγελίου.

337 2185 567 2257 Ἤγειρε
610 2186 701 2239 τὸν
738 2186 990 2259 Λάζαρον
1021 2191 1048 2241 6
1078 2190 1345 2260 Χριστὸς,
1376 2190 1438 2243 τὸ
1466 2190 1560 2243 τοῦ
1593 2192 1850 2262 ἀρχισυν-

258 2279 484 2348 αγώγου
508 2280 824 2353 Θυγὰτριον,
854 2283 946 2335 τὸν
970 2284 1070 2354 τῆς
1100 2285 1279 2355 χήρας
1304 2284 1441 2336 υἱόν.
1468 2280 1622 2349 Εἶτα,
1650 2284 1768 2347 πῶς
1788 2285 1849 2337 οὐ

258 2373 379 2443 ζωὴ
407 2371 551 2426 κατὰ
578 2373 740 2441 φύσιν
771 2374 920 2428 ἐστὶν
970 2377 999 2427 6
1039 2374 1114 2446 μὴ
1151 2375 1296 2445 μόνῳ
1336 2375 1478 2446 λόγῳ
1524 2378 1852 2429 καταπτοεῖν

256 2466 355 2520 τὸν
381 2466 616 2519 Θάνατον
644 2466 966 2536 δυνάμενος,
997 2467 1133 2520 ἀλλὰ
1159 2466 1267 2538 γὰρ
1299 2468 1391 2521 καὶ
1420 2470 1485 2538 τῇ
1534 2468 1632 2538 τῆς
1671 2467 1849 2539 χειρὸς
1898 2511 1905 2517 .

257 2557 413 2627 ἀφῇς
440 2558 551 2612 Καὶ
588 2558 698 2628 γάρ
741 2554 812 2630 ἦν
839 2558 1135 2612 ἀκόλουθόν
1166 2576 1226 2612 τε
1258 2560 1352 2613 καὶ
1376 2560 1690 2627 ἀναγκαῖον,
1726 2560 1855 2623 ζωο-

257 2648 421 2705 ποιὸν
445 2643 588 2704 εἶναι
612 2649 673 2703 τὸ
705 2650 871 2720 σῶμα
906 2651 1006 2721 τῆς
1032 2652 1174 2704 κατὰ
1208 2649 1370 2719 φύσιν
1400 2649 1566 2721 ζωῆς.

579 2938 697 2991 Ὅτι
736 2940 1093 3005 ἱλαστήριον
1130 2938 1228 2990 διὰ
1263 2940 1542 3002 πίστεως.

663 3042 761 3099 Ἐκ
792 3046 901 3114 τῆς
928 3046 1078 3113 πρὸς
1115 3046 1457 3115 Ῥωμαίους.

335 3161 474 3231 Περὶ
503 3160 739 3231 Χριστοῦ
772 3176 968 3229 φησιν·
1008 3181 1025 3212 ι
1071 3163 1168 3213 Ὃν
1201 3160 1466 3232 προέθετο
1494 3163 1521 3214 6
1546 3161 1679 3225 Θεὸς
1735 3162 1852 3214 ἱλα-

263 3256 491 3322 στήριον
517 3252 607 3304 διὰ
640 3253 874 3315 πίστεως
899 3254 957 3305 ὲν
981 3252 1059 3323 τῷ
1083 3252 1247 3306 αὑτοῦ
1270 3252 1486 3322 αἵματι,
1509 3255 1589 3317 εἰς
1623 3253 1849 3319 ἔνδειξιν

260 3343 365 3411 τῆς
396 3342 740 3413 δικαιοσύνης
772 3342 960 3407 αὑτοῦ,
1010 3342 1098 3395 διὰ
1127 3342 1227 3411 τὴν
1256 3342 1486 3413 πάρεσιν
1515 3343 1624 3396 τῶν
1650 3360 1851 3413 προγε-

262 3434 503 3507 γονότων
530 3435 969 3506 ἁμαρτημάτων,
1005 3436 1062 3488 ὲν
1088 3437 1154 3505 τῇ
1195 3438 1361 3507 ἁνοχῇ
1392 3434 1485 3488 τοῦ
1524 3434 1682 3502 Θεοῦ,
1714 3436 1852 3507 πρὸς

260 3527 364 3598 τὴν
393 3528 617 3595 ἔνδειξιν
640 3529 738 3600 τῆς
762 3527 1107 3598 δικαιοσύνης
1133 3526 1323 3594 αὑτοῦ,
1346 3531 1403 3581 ὲν
1427 3527 1507 3599 τῷ
1525 3528 1622 3581 νῦν
1654 3526 1850 3599 καιρῷ,

261 3620 349 3682 εἰς
379 3618 439 3672 τὸ
467 3613 608 3672 εἶναι
642 3618 807 3672 αὑτὸν
853 3617 1063 3670 δίκαιον
1087 3656 1103 3678 ,
1154 3617 1253 3670 καὶ
1282 3616 1600 3669 δικαιοῦντα
1643 3615 1735 3669 τὸν
1788 3618 1853 3670 ὲκ

261 3709 507 3774 πίστεως
541 3709 769 3780 Ἰησοῦν.
807 3728 826 3761 ι
861 3709 925 3761 El.
948 3708 1051 3761 οὑκ
1079 3704 1147 3779 ἦν
1188 3708 1390 3780 ἑτέρως
1417 3708 1731 3779 ἱλαστήριον
1763 3725 1855 3777 γε·

262 3798 455 3854 νέσθαι
501 3799 737 3870 Χριστὸν
766 3802 879 3863 τοῖς
918 3801 977 3852 ὲν
1010 3786 1257 3870 ἁμαρτία
1289 3798 1385 3853 καὶ
1418 3799 1528 3870 ἀρᾷ
1562 3799 1658 3852 καὶ
1690 3798 1856 3853 θανά-

260 3908 362 3945 του
396 3890 543 3963 δίκῃ,
580 3890 721 3961 πλὴν
746 3892 827 3945 ὅτι
855 3891 922 3944 δι’
958 3891 1191 3960 αἵματος
1231 3889 1320 3943 διὰ
1346 3888 1444 3960 τὴν
1474 3889 1705 3960 πάρεσιν
1743 3888 1854 3943 τῶν

264 3983 689 4055 προγεγονότων
739 3983 1153 4054 ἁμαρτημάτων
1203 3980 1481 4048 ἐκκεῖσθαι
1535 3979 1818 4049 μέλλοντος
1838 3997 1851 4011 ·

263 4076 386 4139 πῶς
429 4077 531 4129 οὐκ
577 4076 876 4143 ἀναγκαῖον
908 4074 1087 4144 σάρκα
1121 4070 1376 4141 γενέσθαι
1406 4070 1499 4123 τὸν
1527 4070 1722 4139 ᾼόγον,
1766 4071 1853 4124 ἵνα

263 4169 363 4221 καὶ
407 4167 603 4236 αἵματι
635 4166 712 4236 τῷ
750 4166 884 4236 ἰδίῳ,
918 4164 1079 4233 δῆλον
1125 4162 1184 4216 δὲ
1239 4163 1344 4225 ὅτι,
1391 4161 1470 4231 τῷ
1514 4161 1615 4230 τῆς
1657 4161 1854 4215 ἑαυτοῦ

268 4258 514 4329 σαρκὸς,
583 4257 854 4328 δικαιώσῃ
919 4257 1128 4320 πάντας
1193 4254 1323 4318 τοὺς
1384 4254 1473 4316 εἰς
1539 4252 1704 4307 αὐτὸν
1770 4272 1857 4308 πιρ

266 4349 560 4413 στεύοντας
573 4366 589 4417 ;

265 4462 399 4517 Ὀτι
448 4460 891 4530 λελυτρώμεθα,
949 4460 1047 4514 καὶ
1096 4460 1212 4527 τὴν
1251 4457 1649 4527 καταλλαγὴν
1699 4457 1851 4526 πρὸς

395 4533 546 4585 Θεὸν
582 4529 932 4603 ἐσχήκαμεν
959 4532 1056 4585 διὰ
1086 4531 1194 4585 τοῦ
1223 4531 1476 4598 αἵματος
1506 4529 1717 4583 αὐτοῦ.

527 4645 630 4698 Ἐκ
658 4644 952 4727 τῆςκπρὸς
983 4644 1332 4712 Κορινθίους
1366 4642 1621 4710 πρώτης.

342 4777 364 4810 ι
414 4757 506 4823 Ἐξ
540 4756 706 4811 αὑτοῦ
754 4756 812 4810 δὲ
844 4757 1004 4825 ὑμεῖς
1038 4758 1159 4808 ἐστε
1193 4757 1252 4809 ὲν
1293 4756 1516 4828 Χριστῷ
1552 4756 1723 4825 Ἰησοῦ
1746 4796 1760 4817 ,
1795 4755 1853 4818 ὃς

261 4851 572 4921 ὲγεννήθηί
610 4850 773 4917 σοφία.
804 4851 935 4919 ἡμῖν
964 4849 1074 4904 ἀπὸ
1100 4848 1257 4914 Θεοῦ,
1293 4848 1607 4917 δικαιοσύνη
1644 4865 1724 4912 τε,
1757 4851 1851 4901 καὶ

262 4942 561 5013 ἁγιασμὸς,
587 4943 682 4996 καὶ
708 4941 1089 5012 ἀπολύτρωσις
1111 4956 1124 4969 ⁸
1160 4941 1269 5006 ἵνα,
1298 4940 1482 5002 καθὼς
1516 4940 1848 5010 γέγραπται,

274 5040 336 5090 ὐ
364 5034 743 5105 καυχώμενος,
774 5036 832 5086 ὲν
847 5033 1038 5103 Κυρίῳ
1068 5032 1381 5102 καυχάσθω.
1410 5051 1427 5082 ι
1453 5030 1854 5101 Λελυτρώμεοα

260 5129 446 5182 τοίνυν
482 5130 541 5180 ὲν
570 5126 813 5197 Χριστῷ,
846 5126 941 5179 καὶ
987 5123 1321 5196 ἡγιὰσμεθα,
1358 5125 1453 5178 καὶ
1500 5124 1658 5190 σοφοὶ
1691 5124 1852 5191 γεγό-

260 5236 458 5289 ναμεν.
492 5237 511 5270 ι
542 5220 703 5272 Πᾶσα
735 5218 790 5270 δὲ
814 5218 960 5280 δόσις
987 5216 1196 5286 ἀγαθὴ,
1228 5220 1321 5269 καὶ
1361 5218 1470 5268 πᾶν
1500 5216 1733 5285 δώρημα
1768 5214 1855 5266 τέ-

260 5312 407 5364 λειον
438 5311 646 5363 ἄνωθέν
676 5313 815 5372 ἐστι,
840 5310 1169 5363 καταϐαῖνον
1202 5309 1356 5379 παρὰ
1384 5309 1476 5361 τοῦ
1504 5308 1715 5378 Ιῐατρὸς
1742 5306 1851 5359 τῶν

262 5399 494 5469 φώτων,
530 5402 778 5456 τουτέστι
803 5400 961 5456 Θεοῦ.
996 5419 1015 5452 ι
1053 5398 1192 5455 Εἶτα
1244 5402 1361 5464 πῶς
1393 5402 1455 5453 οὐ
1492 5400 1624 5463 Θεὸς
1654 5402 1682 5452 6
1717 5401 1852 5471 Χρι-

336 5558 382 5590 ⁸⁶
408 5555 567 5611 Joan.
600 5572 673 5615 νι.
699 5559 790 5609 27.
868 5558 916 5588 “
948 5557 1103 5611 Joan.
1145 5574 1218 5620 xi,
1244 5558 1335 5611 45.

259 5646 303 5692 ι.
348 5628 557 5695 δυβι.
634 5626 820 5684 “Jac.
856 5640 895 5689 ι,
940 5628 1023 5682 I7.
1312 5640 1321 5648 ‘

1448 5557 1487 5587 ⁶⁷
1527 5555 1653 5610 Luc.
1700 5573 1816 5620 \‘Ilt,
1854 5556 1941 5609 δι.

1942 680 2053 734 bis:
2081 680 2224 732 hunc
2251 679 2397 731 enim
2427 675 2586 729 Pater
2612 675 2844 743 signavit
2872 673 3012 727 Deus
3042 673 3109 724 ⁸⁸.
3137 691 3154 722 ι
3194 671 3387 726 Cibum
3428 686 3522 724 no-

1942 770 2025 825 bis
2054 771 2363 840 impertitns
2392 780 2479 823 est
2503 767 3249 822 Filiusltominismancntem
3275 764 3328 816 in
3356 764 3523 815 vitam

1942 874 2224 927 aaternam,
2256 863 2513 917 nimirum
2547 877 2699 916 suam
2732 874 2988 921 carnem;
3042 867 3126 912 est
3168 859 3312 911 enim
3344 872 3406 910 ea
3438 856 3523 907 vi-

1946 956 2125 1010 viﬁca.
2165 954 2285 1010 Jam
2316 957 2590 1023 quomodo
2619 955 2663 1009 is
2692 953 2832 1007 Deus
2860 969 2966 1007 non
2998 963 3105 1014 est,
3133 952 3223 1021 qui
3264 966 3360 1020 per
3400 964 3525 1018 pro-

1945 1046 2116 1114 priam
2149 1062 2367 1116 quoque
2391 1062 2612 1101 carnem
2641 1046 2922 1101 viviﬁcare
2958 1055 3155 1114 potest.
3179 1045 3380 1113 quique
3416 1044 3527 1094 Deo

1950 1150 2005 1190 et
2029 1135 2177 1191 Patri
2210 1153 2309 1205 per
2339 1139 2522 1192 omnia
2552 1138 2778 1207 aequalis
2806 1136 2930 1193 est?
2959 1136 3071 1190 Hoc
3092 1135 3237 1189 enim
3266 1133 3526 1194 insinuat.

1946 1228 2072 1284 dum
2112 1245 2141 1281 a
2180 1230 2286 1283 Deo
2314 1231 2657 1299 obsignatum
2687 1230 2796 1301 97
2820 1245 2881 1285 se
2914 1228 3253 1299 pronuntiat.
3307 1224 3529 1279 Etenim

1945 1318 2333 1390 obsignationis
2358 1323 2684 1378 vocabulum
2714 1337 3033 1393 expressam
3103 1317 3527 1375 similitudinem

1947 1411 2171 1466 indicat.
2215 1412 2685 1479 Quemadmodum
2717 1415 2865 1470 enim
2897 1414 2941 1467 si
2976 1413 3101 1483 quis
3130 1425 3384 1472 aureum,
3424 1416 3523 1461 aut

1948 1502 2174 1557 alterius
2206 1504 2450 1573 cujusvis
2501 1506 2747 1559 materia:
2786 1506 3029 1576 sigillum
3063 1518 3206 1558 certe
3236 1503 3533 1568 impresse-

1948 1593 2040 1660 rit,
2076 1603 2243 1648 IOtam
2273 1597 2502 1651 omnino
2526 1598 2692 1667 sigilli
2724 1597 2867 1652 illius
2901 1596 3131 1666 eﬂigiem
3162 1594 3410 1648 inducit:
3451 1591 3526 1643 ita

1949 1683 2097 1739 Dens
2140 1685 2302 1741 Pater
2321 1702 2542 1757 quoque
2576 1704 2917 1758 expressam,
2954 1687 3302 1752 conspicuam
3356 1696 3537 1738 essen-

1951 1776 2243 1846 tialemque
2299 1787 2506 1832 naturae
2552 1795 2664 1833 sna:
2698 1781 2925 1849 ﬁgurant
2959 1779 3009 1831 in
3045 1776 3182 1831 Filio
3220 1775 3403 1829 habet.
3433 1774 3531 1824 At-

1950 1878 2054 1933 que
2087 1866 2231 1921 istud
2257 1877 2342 1922 est
2372 1869 2512 1937 quod
2537 1884 2596 1923 se
2628 1884 2657 1921 a
2683 1867 2843 1924 Patre
2875 1868 3219 1940 obsignatum
3241 1863 3491 1919 amrmet.

2235 2062 2324 2118 Ea:
2360 2063 2655 2135 Evangelia
2710 2065 2997 2120 secundum
3030 2062 3248 2117 Lucam.

2026 2173 2392 2230 Exsuscitavit
2435 2154 2684 2233 Christus
2742 2176 3008 2231 Lazarum
3056 2176 3139 2245 °°,_
3191 2186 3301 2229 tum
3359 2175 3537 2229 archi-

1958 2270 2220 2340 synagogi
2263 2285 2481 2340 quoque
2516 2271 2683 2325 tiliam
2714 2272 2782 2336 '7',
2806 2280 2861 2325 et
2885 2272 3060 2324 vidum
3097 2269 3268 2324 lilium
3298 2268 3366 2324 “.
3405 2269 3537 2336 Quis

1953 2376 2085 2431 ergo
2116 2371 2295 2433 neget,
2323 2362 2417 2430 qui
2446 2362 2553 2415 vita
2583 2361 2886 2417 secundum
2914 2368 3164 2415 naturam
3195 2361 3447 2424 exsistat,
3481 2369 3539 2412 ut

1953 2452 2046 2521 qui
2071 2467 2175 2506 non
2206 2460 2417 2506 tantum
2462 2454 2648 2519 verbo,
2674 2453 2768 2507 sed
2802 2467 2914 2509 sua:
2944 2467 3159 2522 quoque
3188 2465 3385 2505 manus
3410 2465 3542 2504 eou-

1958 2551 2106 2597 taetn
2132 2552 2366 2605 mortem
2406 2543 2867 2614 perterreiaeiat?
2898 2545 3027 2599 Erat
3066 2545 3210 2599 enim
3251 2552 3542 2597 consenta—

1957 2652 2141 2701 neum,
2196 2637 2307 2690 imo
2359 2652 2490 2692 vero
2552 2638 2774 2692 omnino
2837 2637 3231 2700 necessarium,
3268 2647 3322 2689 nt
3347 2650 3546 2705 corpus

1963 2727 2106 2781 illius
2128 2737 2273 2783 esset
2301 2728 2599 2795 vivitieum,
2628 2731 2721 2798 qui
2760 2730 2866 2784 vita
2898 2737 3021 2782 erat
3047 2729 3344 2783 secundum
3375 2740 3542 2781 natu-

1957 2833 2097 2874 ram.

2144 2933 2298 2997 Quod
2324 2931 2569 2989 Christus
2604 2948 2697 3001 per
2726 2932 2885 2999 ﬁdem
2919 2932 2985 2984 sit
3026 2933 3356 3000 propitiatio.

2383 3041 2465 3095 Ea:
2489 3041 2730 3110 Epistola
2762 3042 2831 3094 ad
2862 3041 3149 3095 Romanos.

2031 3176 2050 3208 ι
2095 3156 2268 3223 Quem
2302 3156 2392 3227 (de
2430 3155 2651 3209 Christo
2699 3169 2881 3209 sermo
2912 3158 3016 3225 est)
3077 3157 3361 3225 proposuit
3397 3154 3542 3213 Dens

1958 3248 2401 3319 propitiationem
2464 3263 2559 3315 per
2594 3247 2755 3301 fidem
2820 3248 2874 3299 in
2925 3249 3190 3317 sanguine
3236 3250 3426 3319 ipsius,
3480 3255 3546 3305 ad

1961 3343 2328 3398 ostensionem
2355 3340 2583 3411 justitia:
2603 3355 2732 3405 sua},
2767 3352 2988 3409 propter
3010 3342 3381 3397 remissionem
3412 3360 3548 3414 pra:-

1962 3436 2270 3490 cedentium
2328 3433 2674 3497 delictorum,
2739 3432 2791 3485 in
2848 3433 3249 3487 sustentatioue
3302 3434 3418 3498 Dei,
3484 3436 3549 3489 ad

1961 3527 2328 3582 ostensionem
2366 3525 2591 3595 iustitia:
2617 3525 2734 3594 ejus
2763 3523 2816 3577 in
2848 3524 2950 3578 hoc
2970 3533 3309 3593 tempore,ut
3331 3526 3403 3581 sit
3432 3528 3551 3598 ipse

1957 3620 2161 3689 justus,
2193 3618 2579 3689 etjnstilicans
2603 3631 2728 3672 eum
2758 3614 2850 3685 qui
2893 3624 2976 3669 est
3004 3630 3069 3669 ex
3109 3616 3211 3671 [ide
3237 3616 3365 3672 Jesu
3389 3618 3552 3674 Chri-

1964 3714 2033 3769 sti
2065 3715 2132 3764 °'.
2173 3732 2191 3764 ι
2222 3711 2279 3766 Si
2314 3710 2419 3763 alia
2453 3710 2664 3764 ratione
2722 3707 2846 3762 illos
2894 3709 3118 3776 expiare
3174 3723 3280 3763 non
3337 3720 3553 3779 poterat

1962 3804 2342 3874 Cltristus,qui
2362 3812 2605 3874 peccato,
2626 3808 2681 3853 et
2700 3799 3097 3865 maledictioni,
3125 3810 3180 3855 et
3198 3803 3391 3857 mortis
3413 3818 3549 3873 sup.

1966 3882 2127 3970 plicio
2154 3896 2376 3951 obnoxii
2405 3894 2761 3953 tenebantur,
2814 3889 2916 3944 nisi
2951 3891 3271 3959 sanguinem
3308 3908 3465 3947 suum
3494 3895 3546 3948 iu

1964 3987 2391 4059 praecedentium
2419 3991 2767 4053 peccatorum
2820 3981 3203 4035 remissionem
3253 3984 3548 4052 profunde-

1967 4092 2082 4147 rel;
2120 4077 2394 4149 quomodo
2427 4084 2485 4128 ut
2522 4072 2755 4129 Verbum
2784 4086 2913 4126 caro
2946 4073 3119 4138 ﬁeret,
3166 4079 3542 4136 necessarium

1967 4187 2072 4226 non
2117 4179 2263 4233 erat,
2310 4181 2503 4236 nempe
2531 4179 2640 4234 quo
2670 4164 2914 4233 proprio.
2966 4164 3068 4219 hoc
3097 4176 3181 4220 est
3223 4181 3337 4221 sua:
3380 4170 3550 4239 ipsius

1964 4265 2148 4323 carnis
2182 4303 2197 4327 ,
2225 4260 2488 4332 sanguine
2532 4273 2745 4323 omnes,
2808 4259 2900 4327 qui
2955 4257 3006 4311 in
3045 4259 3218 4329 ipsum
3292 4265 3548 4318 credituri

1963 4365 2142 4421 erant,
2172 4350 2534 4423 justiliearet?

2059 4469 2211 4535 Quod
2234 4484 2325 4537 per
2354 4465 2555 4522 Christi
2587 4466 2895 4534 sanguinem
2932 4466 3182 4533 redempti
3216 4465 3428 4536 Deoque

2476 4536 2809 4589 reconciliati
2831 4551 3037 4588 sumus.

2376 4647 2462 4700 Ex
2490 4645 2660 4714 priori
2702 4645 2772 4697 ad
2795 4642 3122 4697 Corinthios.

2040 4777 2057 4807 ι
2102 4757 2175 4810 Ex
2214 4758 2333 4825 ipso
2387 4765 2568 4807 autem
2610 4768 2706 4807 vos
2746 4754 2881 4806 estis
2923 4752 2975 4806 in
3014 4754 3234 4809 Christo
3262 4755 3412 4823 Jesu,
3453 4762 3547 4831 qui

1963 4852 2137 4903 factus
2158 4859 2238 4903 est
2265 4848 2424 4901 nobis
2464 4846 2730 4911 sapientia
2768 4844 2883 4914 98
2914 4860 2943 4895 ιι
2977 4845 3103 4910 Deo,
3141 4846 3454 4914 etjustitia,
3493 4864 3548 4908 et

1962 4940 2343 5003 sanctiﬁcatio,
2362 4946 2414 4991 et
2450 4936 2783 5004 redemptio;
2818 4946 2896 5000 ut,
2923 4938 3383 5006 quemadmodum
3417 4945 3548 4998 seri-

1962 5045 2111 5102 ptum
2160 5042 2264 5096 est,
2318 5031 2407 5099 qui
2447 5030 2730 5100 gloriatur,
2786 5032 2839 5083 in
2873 5030 3100 5085 Domino
3131 5032 3394 5102 glorietur
3416 5035 3486 5089 "°.
3520 5055 3539 5087 ι

1966 5125 2019 5179 In
2060 5124 2279 5180 ChriSto
2314 5123 2496 5189 itaque
2528 5122 2820 5191 redempti,
2850 5132 2903 5176 et
2932 5123 3283 5197 sanetilleati,
3346 5135 3399 5178 et
3451 5141 3545 5178 sa-

1965 5221 2175 5288 pientes
2204 5217 2328 5271 faeti
2368 5231 2579 5270 sumus.
2640 5233 2659 5265 ι
2697 5213 2871 5268 Omne
2922 5223 3102 5268 autem
3160 5216 3346 5267 datum
3401 5219 3547 5283 opti-

1966 5325 2137 5371 mum,
2203 5318 2256 5361 et
2286 5322 2449 5361 omne
2488 5308 2687 5359 donum
2746 5304 3046 5373 perfectum
3113 5306 3399 5360 desursum
3439 5319 3543 5371 est,

1967 5399 2305 5454 descendens
2330 5414 2359 5451 ιι
2380 5396 2541 5451 Patre
2566 5397 2830 5452 luminum
2854 5398 2922 5459 “,
2939 5416 2956 5446 ι
2983 5398 3087 5449 hoc
3108 5403 3217 5462 est,
3251 5396 3383 5450 Deo.
3408 5396 3543 5451 Cum

3286 5557 3331 5588 ⁷⁰
3358 5555 3378 5611 l
3416 5555 3542 5612 Cor.

2059 5554 2101 5585 ⁸³
2136 5553 2268 5608 an.
2300 5571 2392 5620 vn,
2438 5554 2521 5608 Μ.
2615 5553 2659 5586 ⁶⁹
2693 5552 2851 5607 Rom.
2881 5568 2963 5620 ιιι,
2992 5551 3084 5622 ‘25,
3110 5553 3202 5610 26.

1334 5767 1506 5820 Varim
1534 5765 1793 5821 lectiones
1821 5764 2024 5820 codicis
2060 5762 2420 5833 Seguieriani.

352 5908 367 5942 ¹
399 5904 650 5975 ἐγενήθη.

467 5999 741 6059 Ριτιιοι.
801 6000 917 6060 (in.
961 5996 1226 6060 LXXVI.

3028 5986 3099 6051 41
