4060 6432
596 508 720 561 ΙῖἔΗ

1638 508 1691 560 s.
1736 505 2006 561 (.YItlLLl
2047 464 2510 565 actamactam
2552 511 2868 571 ARCIIIEP.

3700 519 3830 575 1292

589 643 717 693 ergo
772 624 1019 677 Christus
1071 624 1407 690 sapientiam,
1456 635 1503 675 t-t
1552 623 2059 686 sttitt‘liﬁtttliﬂttCttt,
2107 635 2157 677 et

2266 630 2407 692 στὸς,
2448 631 2475 679 6
2523 630 2715 698 σοφίαν
2762 647 2820 683 τε
2873 633 2964 683 καὶ
3013 632 3286 704 ἀγιασμὸν
3322 634 3415 686 καὶ
3459 632 3830 705 ἀπολύτρωσιν

590 716 1014 781 redemptimtcm
1069 715 1222 768 nobis
1260 714 1536 785 largiatur,
1600 716 1867 783 quomodo
1922 731 2024 768 non
2077 728 2161 770 est

590 806 770 859 Dt'lh?

710 919 867 982 Quod
894 936 985 988 per
1010 917 1203 973 Christi
1232 921 1537 989 sanguinem
1567 920 1812 987 redempti
1845 936 2047 974 sumus.

1001 1028 1084 1082 Ea:
1112 1028 1350 1096 Epistola
1377 1031 1546 1100 ptimo
1572 1030 1736 1086 Petri.

679 1160 697 1192 ι
726 1141 970 1197 δρίοιιιεε
1002 1142 1143 1210 quod
1182 1156 1285 1194 non
1310 1142 1753 1209 corruptibilibus
1783 1159 1915 1197 auro
1942 1142 2023 1196 vel
2067 1157 2158 1195 ar-

586 1243 747 1301 gento
785 1231 1047 1299 redempti
1078 1231 1211 1284 estis
1235 1230 1301 1284 de
1333 1245 1467 1284 vana
1513 1243 1689 1286 vestra
1742 1234 2161 1288 conversatione

585 1335 823 1393 paterna:
854 1322 1184 1389 traditionis,
1242 1323 1335 1376 sed
1388 1324 1627 1392 pretioso
1683 1326 1945 1394 sanguine
2001 1323 2158 1393 quasi

583 1415 705 1486 agni
737 1414 1065 1468 immaculali
1103 1415 1308 1468 Christi
1349 1425 1405 1470 et
1444 1416 1856 1472 incontaminati
1882 1418 1953 1470 τ’.
1992 1435 2013 1469 ι
2050 1416 2157 1471 Re-

584 1508 780 1576 dempti
813 1507 956 1559 enim
997 1521 1207 1570 sumus,
1244 1503 1465 1561 Christo
1517 1507 1795 1576 proprium
1846 1524 1946 1577 pro
2004 1508 2159 1562 nobis

584 1616 783 1670 corpus
819 1597 1184 1669 impendente.
1223 1598 1294 1652 At
1322 1601 1366 1654 si
1406 1609 1463 1653 ut
1493 1602 1653 1654 homo
1683 1601 1919 1670 vnlgaris
1955 1600 2160 1654 habea-

502 1744 513 1755 ,
587 1706 697 1756 tur,
742 1694 1012 1760 quontmlo
1036 1693 1179 1745 illius
1212 1692 1438 1758 sanguis
1473 1693 1591 1745 vitm
1640 1691 1882 1744 omnium
1912 1690 2157 1744 aestima-

588 1786 790 1839 tionem
839 1785 905 1838 ad
966 1785 1286 1852 dignitatem
1341 1781 1629 1851 exaequat?
1683 1781 1739 1834 Si
1786 1793 1963 1836 autem
2019 1782 2158 1835 Deus

583 1887 699 1928 erat
731 1876 781 1928 in
808 1889 993 1939 carne,
1026 1873 1116 1941 qui
1149 1874 1490 1942 undiqnaque
1508 1872 1859 1941 dignissimus
1882 1885 1986 1937 est,
2027 1887 2159 1926 sane

2262 724 2395 790 ἡμῖν
2427 720 2811 791 δωρησάμενος
2832 742 2847 789 ;

2266 922 2389 975 Ὀτι
2429 922 2846 992 λελυτιώμεθα
2870 924 2965 977 διὰ
2994 924 3099 978 τοῦ
3130 927 3377 995 αἵματος
3404 920 3511 981 τοῦ
3553 927 3826 995 Χριστοῦ.

2472 1036 2570 1089 Ἐκ
2596 1034 2707 1103 τῆς
2730 1036 2957 1104 Πέτρου
2995 1040 3353 1108 Ἐπιστολῆς
3378 1040 3633 1109 πρώτης.

2341 1167 2358 1198 ι
2385 1148 2602 1211 Εἰδότες
2621 1150 2703 1201 ὅτι
2732 1151 2792 1203 οῦ
2818 1149 3073 1221 φθαρτοῖς
3101 1151 3444 1224 ἀργυρίῳῘῆ]
3466 1152 3696 1224 χρυσίῳ,
3718 1152 3831 1206 ἐλυ-

2261 1239 2510 1309 τρώθητε
2545 1244 2609 1295 ὲκ
2638 1242 2737 1311 τῆς
2775 1244 3008 1312 ματαίας
3056 1242 3210 1312 ὑμῶν
3254 1243 3602 1314 ἀναστροφῆς
3635 1260 3831 1314 πατρο-

2262 1331 2565 1401 παραδότου
2591 1374 2606 1397 ,
2638 1332 2774 1386 ἀλλά
2814 1333 2981 1404 τιμίῳ
3022 1334 3213 1403 αἵματι
3263 1334 3339 1397 ὡς
3381 1334 3554 1404 ἀμνοῦ
3598 1333 3827 1403 ἀμώμου

2261 1425 2355 1477 καὶ
2393 1425 2625 1477 ἀσπίλου
2655 1425 2915 1495 Χριστοῦ.
2956 1444 2974 1477 t
3009 1426 3407 1495 Λελυτρώμεθα
3436 1424 3566 1495 γάρ,
3610 1425 3671 1478 τὸ
3705 1426 3829 1478 ῖδιον

2263 1515 2425 1585 σῶμα
2455 1515 2750 1580 δεδωκότος
2774 1518 2915 1586 ὑπὲρ
2945 1517 3106 1587 ἡμῶν
3152 1516 3246 1570 τοῦ
3292 1515 3553 1588 Χριστοῦ.
3605 1515 3742 1569 Ἀλλ’
3784 1517 3831 1568 εἰ

2263 1608 2365 1677 μὲν
2389 1607 2466 1671 ὡς
2493 1608 2779 1678 ἄνθρωπος
2820 1612 3020 1662 νοεῖται
3049 1609 3228 1672 κοινὸς
3250 1648 3263 1671 ,
3296 1608 3414 1671 πῶς
3451 1607 3701 1673 ἀντάξιον
3737 1607 3831 1678 τῆς

2261 1698 2514 1751 ἀπάντων
2566 1695 2710 1766 ζωῆς
2760 1698 2820 1750 τὺ
2857 1695 2999 1768 αἷμα
3044 1696 3237 1763 αὐτοῦς
3278 1698 3339 1750 Εἰ
3385 1697 3443 1751 δὲ
3485 1698 3616 1766 Θεὸς
3661 1691 3728 1769 ἦν
3776 1699 3830 1749 ὲν

2262 1789 2425 1857 σαρκὶ
2465 1790 2495 1841 6
2537 1788 2756 1841 πάντων
2799 1787 3127 1857 ἀξιώτερος,
3178 1786 3475 1857 ἀξιόχρεως
3509 1787 3540 1857 ἡ
3570 1785 3829 1856 λύτρωσις

2260 1878 2354 1931 τοῦ
2386 1878 2595 1948 κόσμου
2623 1879 2824 1942 παντὸς
2855 1879 2943 1933 διὰ
2969 1877 3065 1930 τοῦ
3099 1878 3229 1931 ἰδίου
3252 1879 3486 1947 αἵματος
3509 1878 3595 1947 εῖη
3626 1875 3713 1943 ἀν,
3740 1877 3830 1930 καὶ

582 1966 1080 2019 cumulatissimqu
1105 1964 1367 2033 perillius
1406 1964 1723 2033 sanguinem
1772 1964 2004 2029 pretium
2058 1978 2155 2032 pro

2260 1970 2405 2039 μάλα
2441 1971 2686 2034 εἰκότως.

587 2057 751 2110 tutius
808 2055 991 2111 ututtdi
1061 2055 1237 2109 salute
1269 2054 1571 2121 impensum
1612 2062 1719 2115 est,
1780 2063 1835 2106 et
1876 2051 2009 2105 satis
2059 2050 2153 2104 de-

583 2162 789 2202 (Clllt’l’.

678 2260 830 2326 Quod
861 2260 1056 2315 Christi
1088 2276 1228 2315 morr
1256 2260 1452 2314 mundo
1481 2259 1737 2313 salutaris
1774 2257 2054 2312 exstiterit.

976 2372 1061 2427 Ex
1104 2372 1343 2442 Epistola
1377 2374 1445 2426 ad
1484 2371 1770 2426 Romanos.

660 2510 677 2542 ι
718 2490 1072 2544 Commendat
1105 2496 1284 2542 autem
1317 2487 1640 2539 charitatem
1676 2499 1829 2539 suam
1898 2483 2039 2537 Deus
2105 2483 2155 2536 in

586 2582 775 2634 nobis:
808 2580 1089 2649 quoniam,
1130 2594 1251 2631 cunt
1305 2577 1481 2629 adhuc
1526 2588 1841 2644 peccatores
1888 2588 2156 2638 essemus,

584 2671 836 2724 Christus
856 2685 953 2737 pro
984 2668 1137 2721 nobis
1163 2680 1408 2721 mortuus
1438 2678 1541 2720 est.
1583 2665 1748 2719 Multo
1793 2665 1959 2733 igitur
1989 2665 2159 2734 magis

586 2777 729 2815 nunc
752 2759 1034 2828 iustificati
1067 2760 1120 2812 in
1153 2758 1415 2825 sanguine
1446 2759 1639 2825 ipsius,
1662 2757 1796 2809 salvi
1858 2755 2065 2809 erimus
2090 2755 2158 2809 ab

588 2851 664 2904 ira
697 2867 790 2920 per
821 2854 992 2919 ipsum
1025 2848 1090 2901 ".
1131 2866 1148 2898 ι
1174 2846 1441 2899 Rursum:
1475 2866 1492 2896 ι
1530 2847 1583 2898 Si
1616 2846 1784 2910 enim,
1815 2860 1939 2899 cum
1978 2844 2159 2897 inimi-

478 2982 481 2985 γ
583 2946 630 2996 ei
658 2957 939 3004 essemus,
996 2938 1329 2993 reconciliati
1375 2953 1563 2991 smnus
1616 2935 1722 2992 Deo
1785 2952 1876 3005 per
1929 2946 2155 2989 mortem

587 3035 706 3089 Filii
729 3034 869 3103 ejus,
915 3031 1280 3099 multomagis
1314 3028 1646 3083 reconciliati
1704 3028 1836 3081 salvi
1870 3027 2073 3079 eriums
2102 3025 2156 3078 itt

583 3127 695 3179 vita
726 3127 893 3194 ipsius
918 3123 985 3176 7".
1025 3141 1044 3173 ι
1085 3122 1139 3176 Si
1173 3121 1407 3174 mundus
1438 3120 1595 3172 aliter
1621 3134 1782 3188 quam
1833 3131 1927 3184 per
1952 3114 2156 3170 Christi

583 3216 900 3285 sanguinem
933 3226 986 3269 et
1012 3224 1242 3266 mortem
1284 3210 1462 3265 divina
1512 3208 1918 3277 diSpensatione
1956 3204 2159 3283 saluta-

2327 2262 2451 2315 Ὀτι
2484 2265 2516 2316 ό
2552 2261 2812 2330 Χριστοῦ
2839 2262 3096 2327 θάνατος
3122 2259 3202 2326 τῷ
3230 2262 3437 2329 κόσμῳ
3472 2258 3784 2326 σωτήριος.

2663 2376 2756 2427 Ἐκ
2786 2375 2896 2442 τῆς
2921 2375 3072 2442 πρὸς
3109 2373 3451 2442 Ῥωμαίους.

2335 2505 2352 2537 t
2387 2487 2677 2556 Συνίστησι
2722 2486 2777 2538 δὲ
2828 2487 2926 2556 τὴν
2975 2484 3169 2538 ἑαυτοῦ
3215 2485 3437 2556 ἀγάπην
3481 2486 3561 2547 εἰς
3612 2483 3758 2552 ἡμᾶς
3804 2485 3833 2537 6

2259 2577 2412 2643 Θεὸς,
2443 2579 2526 2631 ὅτι
2560 2577 2639 2629 ἔτι
2668 2576 3010 2647 ἁμαρτωλῶν
3040 2576 3210 2629 ὄντων
3231 2575 3409 2646 ἡμῶν,
3435 2573 3671 2645 Χριστὸς
3695 2573 3832 2644 ὑπὲρ

2258 2672 2291 2739 ή
2302 2667 2419 2738 μῶν
2451 2668 2710 2722 ἀπέθανε.
2738 2666 2925 2737 Πολλῷ
2953 2663 3045 2720 οὖν
3089 2666 3288 2738 μᾶλλον
3311 2664 3690 2728 δικαιωθέντες
3738 2662 3831 2717 νῦν

2233 2764 2318 2813 ,ἐν
2370 2760 2447 2831 τῷ
2500 2760 2694 2830 αἵματι
2724 2758 2911 2821 αὑτοῦ,
2942 2756 3302 2829 σωθησόμεθα
3325 2757 3393 2812 δι’
3416 2755 3579 2811 αὐτοῦ
3612 2755 3720 2808 ἀπὸ
3741 2756 3834 2825 τῆς

2258 2853 2447 2924 ὀργῆς.
2480 2871 2498 2904 ι
2530 2852 2638 2905 Καὶ
2672 2851 2853 2904 πάλινο
2875 2868 2893 2903 ι
2914 2852 2977 2904 Εἰ
3011 2850 3119 2921 γὰρ
3148 2849 3333 2920 ἐχθροὶ
3367 2848 3540 2914 ὄντες,
3572 2847 3835 2916 κατηλλά-

2260 2963 2438 3015 γημεν
2481 2944 2558 3015 τῷ
2603 2943 2723 3015 Θεῷ
2764 2943 2851 2998 διὰ
2896 2942 2991 2998 τοῦ
3041 2942 3274 2996 θανάτου
3323 2941 3421 2996 τοῦ
3472 2940 3604 2995 Υἰοῢ
3648 2939 3834 3004 αὐτοῦ,

2260 3035 2440 3107 πολλῷ
2471 3035 2672 3106 μᾶλλον
2702 3034 3138 3104 καταλλαγέντες
3162 3031 3523 3104 σωθησόμεθα
3539 3034 3597 3084 ὲν
3626 3034 3694 3102 τῇ
3724 3030 3834 3100 ζωῇ

2260 3126 2447 3182 αὐτοῦ.
2481 3146 2499 3180 t
2537 3124 2743 3181 Οὐκοῦν
2772 3128 2820 3178 εἰ
2856 3124 2930 3196 μὴ
2958 3124 3162 3196 ἑτέρως
3200 3119 3267 3196 ἦν
3316 3122 3587 3188 σώζεσθαι
3618 3123 3714 3176 τὸν
3745 3123 3838 3174 κό-

2264 3236 2418 3290 σμον,
2449 3220 2497 3272 εἰ
2529 3218 2607 3291 μὴ
2643 3219 2701 3272 ὲν
2746 3219 2939 3288 αἵματι
2973 3217 3069 3270 καὶ
3096 3216 3312 3285 θανάτῳ
3343 3214 3627 3285 χρησίμως
3656 3229 3838 3281 παρα-

589 3311 721 3363 riter
757 3316 1061 3375 susceptam
1097 3315 1319 3374 propter
1356 3301 1782 3371 prtecedeutium
1835 3297 2154 3351 delictorum

2260 3310 2557 3381 ληφθέντι,
2604 3310 2699 3363 καὶ
2745 3307 3106 3379 οἰκονομικῶς
3129 3348 3143 3371 ,
3193 3306 3281 3360 διά
3320 3306 3418 3377 τὴν
3453 3306 3687 3375 πάρεσιν
3728 3303 3839 3355 τῶν

587 3401 1069 3464 continuationem,
1124 3411 1244 3465 quae
1272 3396 1413 3448 Deus
1447 3391 1791 3453 toleraverat,
1830 3387 2026 3442 salvari
2064 3401 2161 3438 ne-

584 3492 794 3561 qnibat,
823 3489 1219 3557 perChristutn
1265 3495 1445 3538 autem
1483 3482 1711 3536 salutem
1741 3494 1930 3535 sumus
1969 3494 2159 3532 conse-

594 3584 749 3637 cuti:
793 3579 1064 3649 quomodo
1120 3575 1517 3630 incarnationis
1577 3572 1772 3625 modus
1840 3570 1931 3624 Dei
1986 3568 2161 3624 Patris

588 3671 765 3725 Verbo
802 3666 1147 3723 necessarius
1201 3679 1305 3718 non
1362 3671 1498 3728 erat,
1549 3675 1654 3728 quo
1706 3660 1848 3723 illus,
1902 3656 2158 3711 nimirunt

586 3761 679 3832 qui
719 3760 771 3814 in
810 3758 983 3827 ipsum
1015 3756 1325 3822 crederent,
1364 3768 1460 3823 per
1514 3750 1835 3820 sanguinem
1873 3764 2030 3803 suum
2065 3747 2157 3819 ju-

586 3852 875 3912 stiﬁcaret,
1044 3843 1409 3914 Patriqueper
1439 3841 1684 3909 corporis
1707 3841 1788 3893 sui
1817 3847 2043 3892 mortem
2074 3850 2158 3890 rc-

584 3941 949 4006 conciliaret,
981 3949 1144 4009 atque
1194 3936 1266 3990 ita
1312 3932 1475 3990 simul
1525 3946 1646 3985 cum
1699 3930 1817 4000 ipso
1839 3931 2006 3984 vitam
2035 3926 2156 3983 adi-

582 4030 958 4108 pisceremur?

660 4145 678 4177 ι
724 4128 804 4179 An
841 4122 1123 4191 ignoratis,
1143 4123 1269 4191 quia
1297 4120 1609 4190 quicunque
1666 4117 1923 4188 baptizati
1960 4130 2154 4171 sumus

585 4221 638 4273 itt
665 4219 886 4273 Christo
910 4215 1056 4279 Jesu.
1086 4215 1138 4268 in
1168 4224 1395 4269 mortem
1431 4214 1599 4285 ipsius
1637 4210 1893 4281 baptizati
1920 4223 2106 4264 sumus
2133 4208 2157 4262 ?

2262 3400 2673 3472 προγεγονότων
2696 3399 3136 3470 ἁμαρτημάτων,
3166 3400 3223 3451 ὲν
3254 3399 3321 3469 τῇ
3362 3398 3528 3466 ἀνοχῇ
3553 3394 3648 3447 τοῦ
3677 3393 3834 3446 Θεοῦ·

2263 3490 2585 3562 σεσώσμεθα
2632 3491 2689 3544 δὲ
2716 3490 2805 3543 διὰ
2841 3487 3112 3561 Χριστοῦ⁸
3146 3488 3263 3551 πῶς
3304 3488 3404 3541 οὐκ
3436 3487 3731 3554 ἀναγκαῖος
3760 3483 3840 3554 τῷ

2260 3585 2325 3637 ὲκ
2352 3581 2489 3635 Θεοῦ
2518 3582 2675 3652 φύντι
2721 3582 2881 3651 Λόγῳ
2924 3583 2953 3635 6
2992 3580 3095 3650 τῆς
3123 3579 3455 3651 σαρκώσεως
3477 3578 3679 3649 τρόπος
3698 3617 3715 3643 ,
3750 3577 3839 3629 ἵνα

2258 3674 2525 3745 δικαιώσῃ
2577 3674 2676 3744 μὲν
2710 3675 2770 3726 ὲν
2811 3671 2891 3742 τῷ
2937 3672 3130 3741 αἵματι
3176 3670 3343 3726 αὐτοῦ
3383 3670 3510 3732 τοὺς
3558 3670 3638 3732 εἰς
3674 3669 3841 3722 αὑτὸν

2262 3765 2636 3830 πιστεύοντας,
2674 3764 2989 3837 καταλλάξῃ
3020 3764 3079 3818 δὲ
3115 3763 3193 3836 τῷ
3224 3763 3400 3834 llath
3421 3761 3510 3815 διὰ
3542 3761 3635 3815 τοῦ
3667 3759 3837 3813 θανά-

2262 3876 2352 3913 του
2380 3857 2476 3912 τοῦ
2507 3858 2637 3912 ἰδίου
2669 3857 2940 3929 σώματος,
2976 3857 3066 3912 ῐνα
3101 3857 3197 3912 καὶ
3224 3853 3549 3927 συζήσωμεν
3575 3851 3763 3923 αύτῷ;

2337 4121 2464 4195 οἫ
2493 4122 2760 4191 ἀγνοεῖτε,
2791 4120 2874 4174 δτι
2903 4120 3019 4173 ὅσοι
3045 4117 3457 4188 ἐϐαπτίσθημεν
3487 4118 3568 4179 εἰς
3596 4113 3837 4187 Χριστὸν

2272 4214 2499 4285 Ἰησοῦν,
2528 4215 2607 4278 εἰς
2636 4213 2739 4266 τὸν⁴
2758 4212 2988 4267 θάνατον
3017 4210 3183 4265 αὐτοῦ
3213 4207 3659 4280 ὲόαπτίσθημενς
3704 4208 3844 4260 Συν-

583 4310 895 4381 Conscpulti
927 4309 1071 4362 enim
1098 4323 1283 4361 sumus
1314 4321 1434 4361 cum
1473 4305 1566 4359 illo
1596 4318 1689 4373 per
1718 4303 2050 4371 baptismum
2099 4299 2154 4353 itt

2260 4306 2541 4377 ετάφημεν
2594 4301 2687 4360 οὖν
2734 4304 2884 4374 αύτῷ
2927 4305 3016 4359 διά
3048 4303 3142 4357 τοῦ
3197 4302 3575 4373 βαπτίσματος
3619 4300 3701 4364 εἰς
3749 4298 3843 4353 τὸν

590 4412 842 4467 mortem,
887 4409 945 4454 ut
976 4399 1247 4467 quomodo
1275 4396 1524 4452 Christus
1555 4391 1799 4448 surrexit
1837 4407 1867 4445 a
1926 4388 2157 4443 mortuis

2260 4398 2488 4453 θάνατον
2509 4415 2521 4429 ⁸
2549 4398 2659 4461 ἵνα,
2688 4397 2877 4467 ὥσπερ
2901 4394 3112 4467 ἠγέρθη
3155 4394 3391 4465 Χριστὸς
3424 4395 3488 4446 ὲκ
3513 4391 3726 4462 νεκρῶν
3753 4389 3845 4443 διά

584 4493 921 4564 pergloriam
955 4490 1154 4554 Patris,
1195 4489 1266 4542 ita
1302 4495 1356 4541 et
1409 4501 1507 4541 nos
1546 4487 1597 4539 in
1630 4484 1871 4539 novitate
1894 4482 2018 4535 vita:
2040 4494 2154 4534 atn—

2260 4488 2357 4559 τῆς
2400 4487 2560 4559 δόξης
2585 4487 2679 4541 τοῦ
2707 4488 2921 4559 [ἰατρὸς
2939 4527 2955 4553 ,
2986 4485 3129 4540 οὕτω
3160 4485 3254 4538 καὶ
3283 4485 3442 4556 ἡμεῖς
3472 4484 3531 4534 ὲν
3555 4481 3846 4550 καινότητι

582 4581 829 4636 bulemus
857 4581 961 4633 ⁷⁵.»
1002 4579 1056 4632 Si
1090 4592 1184 4632 eos
1218 4578 1306 4644 qui
1339 4578 1389 4630 iu
1438 4573 1597 4630 terris
1647 4575 1870 4642 degunt,
1931 4569 2156 4624 Christo

2260 4580 2406 4652 ζωῆς
2440 4580 2925 4651 περιπατήσωμεν.
2964 4595 2983 4629 ι
3023 4576 3087 4630 Εἰ
3127 4574 3279 4629 πᾶσά
3311 4590 3426 4636 πως
3466 4572 3681 4642 ἀνάγκη
3712 4571 3846 4633 τοὺς

582 4685 680 4742 per
707 4670 1033 4739 baptismum
1064 4667 1117 4720 itt
1144 4677 1375 4721 mortem
1408 4665 1577 4733 ipsius
1601 4659 1930 4729 consepeliri
1966 4657 2143 4713 omni-

2264 4672 2359 4726 ἐπὶ
2383 4671 2480 4740 τῆς
2502 4671 2602 4741 γῆς
2629 4668 3030 4723 συνθάπτεσθαι
3056 4664 3277 4737 Χριστῷ
3298 4664 3386 4718 διὰ
3412 4662 3507 4716 τοῦ
3530 4661 3852 4732 βαπτίσμα-

581 4777 655 4817 uo
688 4777 967 4816 necessum
997 4769 1117 4825 est;
1154 4768 1211 4813 ut
1234 4758 1693 4826 quemadmodum
1755 4755 1844 4808 ille
1894 4769 1962 4808 ex
2004 4768 2151 4807 mor-

2261 4780 2354 4827 τος
2382 4764 2463 4826 εἰς
2492 4763 2584 4815 τὸν
2600 4758 2847 4815 ’θάνατον
2876 4748 3063 4821 αὐτοῦ,
3098 4757 3185 4809 ῐνα
3226 4755 3416 4825 ὥσπερ
3458 4752 3624 4815 αὐτὸς
3652 4751 3719 4804 ἐκ
3751 4766 3849 4803 νε-

586 4853 690 4908 tuis
712 4853 1031 4916 resurrexit,
1067 4852 1141 4905 ita
1174 4863 1231 4905 et
1265 4865 1361 4904 nos
1385 4863 1604 4917 quoque
1657 4846 1709 4900 in
1759 4840 1995 4901 novitate
2025 4846 2150 4900 vitat

2264 4852 2413 4924 κρῶν
2441 4855 2763 4923 ἐγήγερται,
2786 4850 2881 4903 καὶ
2917 4851 3080 4920 ἡμεῖς
3105 4849 3163 4900 ὲν
3197 4843 3476 4914 καινότητι
3506 4842 3654 4912 ζωῆς
3687 4856 3852 4910 περι-

585 4942 938 5001 ambulemus,
987 4950 1244 5008 tauquam
1294 4937 1457 4993 simul
1513 4951 1636 4991 cum
1686 4951 1773 5001 eo,
1834 4934 1925 5004 qui
1979 4935 2154 4989 nostri

2266 4946 2629 5017 πατήσωμεν,
2664 4943 2740 5005 ὡς
2773 4938 3207 5012 συντεθαμμένοι
3250 4935 3344 4990 καὶ
3375 4932 3852 5004 συνεγηγερμένοι

585 5045 751 5086 causa
780 5042 1023 5085 mortuus
1062 5039 1147 5084 est
1190 5037 1247 5082 et
1272 5044 1303 5082 a
1335 5028 1569 5083 mortuis
1624 5041 1837 5081 rursum
1883 5027 2157 5083 excitatus

2263 5036 2342 5108 τῷ
2387 5037 2454 5090 δι’
2489 5036 2635 5106 ἡμᾶς
2662 5032 2989 5088 ἀποθανόντι
3031 5029 3129 5084 καὶ
3151 5024 3543 5098 ὲγηγερμένῳ’
3586 5020 3853 5093 χρειωδέ-

582 5135 685 5189 est,
716 5122 912 5177 mortui
944 5130 999 5175 et
1027 5121 1284 5174 excitati:
1319 5118 1565 5189 profecto
1607 5134 1714 5175 non
1760 5120 1968 5189 absque
1999 5134 2150 5173 sunt-

2272 5127 2445 5181 στατά
2468 5143 2531 5180 τε
2560 5127 2656 5180 καὶ
2684 5124 2998 5193 ἀναγκαίως
3025 5121 3089 5175 τὸ
3114 5120 3217 5190 τῆς
3244 5116 3712 5187 ὲνανθρωπήσεως
3744 5112 3854 5165 πέ-

583 5230 670 5270 ma
704 5214 937 5267 utilitate
959 5226 1023 5266 ac
1042 5210 1368 5265 necessitate
1394 5212 1792 5267 incarnationis
1826 5210 2155 5281 mysterium

2270 5238 2511 5293 πρακται
2536 5221 2854 5291 μυστήριον,
2887 5214 3089 5286 σαρκός
3116 5229 3177 5265 τε
3205 5211 3298 5264 καὶ
3324 5209 3556 5279 αἵματος
3581 5205 3859 5293 μετέσχεν

583 5315 850 5376 patratum
882 5312 984 5369 est,
1044 5301 1300 5371 carnique
1326 5310 1381 5356 et
1411 5304 1663 5370 sanguini
1726 5301 2157 5358 communicavit

2267 5314 2297 5364 6
2319 5290 2513 5379 λόγος·
2544 5309 2633 5363 ἵνα
2660 5290 2755 5363 καὶ
2777 5305 3069 5360 ἀποθανεῖν
3109 5300 3389 5370 λεγομένῳ
3416 5294 3721 5367 σαρκικῶς.
3749 5290 3859 5346 καὶ

585 5398 853 5465 Verbum;
887 5410 1018 5465 quo,
1056 5393 1313 5448 videlicet
1338 5391 1499 5447 simul
1524 5409 1645 5448 cum
1701 5395 1796 5449 illo
1828 5394 1921 5465 qui
1951 5408 2154 5449 secun-

2270 5400 2375 5473 μὴν
2403 5400 2497 5453 καὶ
2528 5398 2910 5473 ὲγηγερμένῳ,
2945 5390 3405 5460 ωναποθάνωμεν
3447 5389 3542 5443 καὶ
3582 5397 3858 5453 συνεγερ-

583 5496 705 5543 dum
740 5505 959 5544 carnem
1006 5496 1251 5543 mortuus
1303 5494 1361 5538 et
1417 5486 1765 5540 resuscitatus
1792 5496 1896 5552 est,
1960 5494 2012 5541 et
2058 5497 2155 5541 nos

2267 5493 2470 5563 θῶμεν.
3168 5520 3169 5523 η

582 5592 796 5645 quoque
823 5578 1119 5631 moriamur
1144 5587 1199 5631 et
1222 5590 1598 5646 resurgamus.

658 5687 677 5719 ι
716 5669 771 5722 Si
800 5670 944 5722 enim
1004 5668 1352 5739 complantati
1404 5667 1531 5737 facti
1592 5681 1778 5721 sumus
1810 5665 2154 5722 similitudini

586 5760 774 5814 mortis
801 5759 940 5828 ejus,
996 5760 1155 5814 simul
1209 5769 1266 5813 el.
1316 5758 1732 5815 resurrectionis
1784 5757 1991 5812 erimus
2013 5757 2081 5808 ".
2127 5777 2146 5810 ι

2341 5687 2359 5718 ι
2394 5668 2457 5720 Εἰ
2482 5666 2592 5737 γάρ
2624 5665 2899 5736 σύμφυτοι
2944 5662 3251 5730 γεγόναμεν
3276 5653 3356 5725 τῷ
3398 5649 3713 5737 ὁμοιώματι
3748 5644 3858 5698 τοῦ

2267 5757 2499 5811 θανάτου
2523 5736 2708 5818 αύτοῦ,
2735 5752 2872 5807 ἀλλὰ
2901 5750 2997 5804 καὶ
3023 5749 3121 5818 τῆς
3151 5744 3502 5806 ἀναστάσεως
3523 5736 3796 5809 ἐσόμεθα.
3828 5752 3854 5786 ι

679 5909 1253 5976 ⁷¹1Ριιιτ.ι,18,19.
1331 5908 1559 5962 "item.
1593 5925 1643 5975 ν,
1675 5908 1725 5974 8,
1758 5910 1811 5964 9.
1890 5907 2154 5980 “utri

2301 5905 2343 5939 π
2371 5905 2527 5962 ttom.
2560 5920 2634 5971 νι,
2667 5905 2720 5969 5,
2750 5904 2802 5959 ι.
2882 5903 2927 5933 τι
2956 5899 3088 5955 ibid.
3121 5898 3174 5955 5.
