4060 6414
359 434 503 492 1295

1439 421 1526 477 DE
1564 417 1795 475 RECTA
1836 415 1988 471 FIDE
2027 416 2115 470 AD
2153 411 2472 468 REGINAS.

3470 409 3603 464 12M

360 545 521 604 Κατὰ
552 543 644 598 τὸν
667 542 780 597 ἴσον
805 540 885 611 τῷ
917 538 1114 612 πρώτῳ
1136 538 1335 610 τρόπον
1364 537 1579 607 νοήσεις
1618 535 1713 588 καὶ
1744 532 1928 587 τοῦτο·
1962 566 1971 590 Α

2075 549 2090 585 ι
2122 529 2369 584 eumdem
2394 542 2611 583 sensum
2642 536 2696 581 et
2725 527 2864 581 istud
2883 538 3096 596 quoque
3118 539 3359 595 exponas
3386 546 3400 583 :
3431 525 3603 591 sQuo-

366 658 387 693 s
436 635 654 706 Ἐπειδὴ
688 633 795 706 γὰρ
825 633 892 686 δι’
921 632 1209 704 ἀνθρώπου
1237 632 1265 683 6
1295 628 1525 690 θάνατος
1545 665 1560 691 ,
1589 627 1684 680 καὶ
1726 624 1793 678 δι’
1843 624 1934 676 ἀν·

2041 624 2183 676 niam
2215 619 2429 689 quidem
2465 633 2559 687 per
2597 616 2869 690 hominem
2902 631 3072 681 mors,
3104 626 3160 670 et
3189 630 3287 685 per
3331 616 3603 671 hominem

359 728 582 800 θρώπου
608 725 902 786 ἀνάστασις
933 722 1173 793 νεκρῶνο
1207 720 1396 790 ὥσπερ
1422 719 1530 790 γὰρ
1561 721 1619 771 ἐν
1649 715 1725 787 τῷ
1764 714 1936 784 Ἀδὰμ

2075 710 2368 766 esurrectio
2397 718 2768 773 mortuorum;
2823 718 2876 759 et
2931 707 3072 761 sicut
3104 707 3155 761 in
3211 706 3382 760 Adam
3417 722 3609 763 omnes

361 822 564 881 πάντες
612 816 1069 888 ἀποθνήσκουσιν,
1135 812 1279 866 οῦτω
1326 811 1423 865 καὶ
1468 810 1526 863 ὲν
1582 807 1661 879 τῷ
1713 804 1937 876 Χριστῷ

2076 800 2365 865 toriuntur,
2422 798 2495 851 ita
2549 807 2603 851 et
2647 797 2698 851 in
2768 796 2985 851 Christo
3034 810 3223 851 omnes
3254 796 3603 865 viviﬁcabun-

362 913 567 974 πάντες
611 906 1134 979 ζωοποιηθήσονται.
1169 924 1188 956 ι
1222 903 1482 973 Δεύτερος
1515 900 1687 969 Ἀδὰμ
1735 913 1937 968 κεχρη-

368 1007 599 1074 μάτικεν
625 1003 653 1055 6
680 999 911 1072 Χριστός
931 1015 943 1026 ⁸
970 998 1066 1051 καὶ
1093 996 1281 1066 ὥσπερ
1307 997 1335 1048 ὁ
1362 994 1576 1064 πρῶτος
1591 989 1764 1058 Ἀδὰμ
1790 990 1937 1060 ἡμᾶς

366 1088 729 1144 κατεϐίϐασεν
758 1089 838 1150 εἰς
867 1086 1093 1156 φθορὰν,
1141 1083 1315 1146 οῦτως
1345 1085 1373 1136 ὁ
1398 1081 1649 1151 δεύτερος
1684 1078 1939 1148 ἀνεκόμι-

368 1198 463 1234 σεν
512 1180 593 1242 είς
640 1178 807 1248 ζωήν.
863 1178 975 1246 υύχ
1021 1177 1099 1239 ὡς
1144 1174 1427 1245 ἄνθρωπος
1460 1172 1615 1242 ψιλὸς
1651 1170 1940 1225 ἀποθανὼν

368 1273 511 1343 ὑπὲρ
542 1271 723 1342 ήμῶν,
756 1269 843 1323 ἵνα
876 1268 950 1340 μὴ
987 1269 1084 1322 καὶ
1126 1269 1184 1321 ἐν
1217 1265 1366 1336 αὐτῷ
1417 1264 1689 1336 μείνωμεν
1718 1261 1936 1333 νεκροί·

369 1362 485 1415 ἀλλ’
517 1361 593 1424 ὡς
625 1360 758 1423 Θεὸς
795 1361 853 1411 ὲν
884 1359 1048 1428 σαρκὶ
1089 1358 1183 1410 καὶ
1215 1357 1353 1425 αὐτῇ
1404 1353 1687 1417 πεπονθὼς
1726 1352 1940 1423 ἀνθρω-

371 1453 568 1516 πίνως,
618 1453 705 1505 ἵνα
738 1450 937 1514 θεῖκῶς
976 1450 1342 1517 ἀναστήσαντι
1370 1447 1461 1501 τὸν
1503 1446 1633 1500 [διον
1665 1445 1792 1499 ναὸν
1823 1461 1946 1499 συν-

371 1541 689 1614 εγερθῶμεν
719 1544 898 1613 ἡμεῖς.

481 1758 493 1768 .
800 1718 896 1770 Ἐκ
930 1716 1040 1784 τῆς
1067 1716 1218 1785 πρὸς
1238 1716 1537 1782 Γαλάτας.

452 1826 474 1860 ι
505 1806 740 1880 Χριστὸς
768 1810 916 1878 ἡμᾶς
948 1807 1279 1878 ἐξηγόρασεν
1322 1810 1388 1860 ἐκ
1431 1807 1531 1876 τῆς
1574 1806 1821 1877 κατάρας
1854 1806 1947 1859 τοῦ

377 1879 567 1970 νόμου,
613 1899 905 1968 γενόμενος
952 1899 1093 1970 ὑπὲρ
1133 1898 1290 1967 ήμῶν
1340 1898 1587 1968 κατάρα⁵
1637 1896 1949 1967 γέγραπται
1983 1879 2023 1933 Β

378 1994 521 2063 γάρ’
572 1990 1008 2061 Ἐπικατάρατος
1035 1992 1141 2054 πᾶς
1171 1992 1200 2043 6
1248 1988 1595 2060 κρεμάμενος
1640 1988 1732 2041 ἐπὶ
1765 1987 1949 2052 ξύλου·

383 2084 471 2136 ἵνα
498 2082 579 2144 είς
621 2081 688 2133 τὰ
712 2080 840 2150 ἔθνη
883 2083 917 2148 ή
965 2080 1183 2147 εὐλογία
1220 2079 1313 2132 τοῦ
1355 2078 1607 2149 ’Δϐραὰμ
1635 2078 1858 2147 γένηται
1896 2077 1954 2129 ὲν

381 2171 608 2245 Χριστῷ
647 2172 843 2241 Ἰησοῦ,
878 2172 966 2226 ἵνα
992 2172 1091 2242 τὴν
1119 2171 1452 2240 ἐπαγγελίαν
1498 2169 1594 2223 τοῦ
1644 2169 1957 2239 Πνεύματος

382 2264 641 2335 λάϐωμεν
671 2265 757 2317 διὰ
788 2264 886 2334 τῆς
932 2263 1187 2325 πίστεως.
1235 2282 1252 2313 s
1293 2261 1482 2332 Ἀορει
1515 2261 1579 2332 δή
1613 2278 1702 2330 μοι
1729 2258 1959 2313 κάντεῦ-

386 2356 503 2420 θεν,
532 2356 615 2408 ὅτι
640 2355 832 2423 γέγονε
859 2353 938 2424 τῷ
968 2352 1156 2422 κόσμῳ
1195 2353 1461 2421 σωτήριος
1506 2351 1536 2402 6
1580 2348 1818 2421 Χριστοῦ
1862 2347 1959 2400 θά-

388 2465 551 2511 νατος
573 2464 586 2478 ·
612 2448 804 2516 γέγονε
832 2447 943 2516 γὰρ
974 2445 1113 2513 ὑπὲρ
1139 2443 1295 2514 ἡμῶν
1321 2444 1554 2514 κατάρα,
1575 2442 1804 2512 σταυρὸν
1830 2440 1956 2493 ὑπο-

392 2536 605 2608 μείνας,
648 2534 745 2588 καὶ
784 2532 1116 2603 κρεμασθεὶς
1163 2531 1258 2584 ἐπὶ
1312 2530 1490 2595 ξύλου,
1542 2531 1630 2583 ἵνα
1683 2529 1823 2599 λύσῃ
1866 2527 1961 2579 τοῦ

391 2628 598 2697 κόσμου
619 2626 721 2696 τὴν
741 2624 1040 2695 ἁμαρτίαν,
1076 2623 1164 2677 ἶνα
1196 2624 1275 2686 εἰς
1306 2623 1374 2675 τὰ
1399 2622 1527 2691 ἔθνη
1561 2620 1837 2691 ήεύλογία
1869 2617 1963 2671 τοῦ

404 2716 657 2788 ’Δὸραὰμ
708 2716 932 2786 γένηται
981 2715 1039 2768 ὲν
1106 2712 1328 2785 Χριστῷ
1386 2712 1597 2780 Ἰησοῦ·
1668 2709 1964 2771 τουτέστιν,

394 2805 483 2859 ῖνα
512 2803 777 2874 δικαιωθῇ
816 2804 884 2856 τά
910 2803 1036 2873 ἔθνη
1084 2803 1171 2855 διὰ
1214 2803 1470 2864 πίστεως,
1503 2799 1646 2853 κατὰ
1673 2800 1771 2868 τὴν
1797 2797 1966 2850 δοθεῖ-

396 2914 497 2951 σαν
545 2895 879 2963 ἐπαγγελίαν
920 2892 998 2963 τῷ
1036 2893 1309 2962 Ἀϐραὰμ,
1358 2892 1443 2944 ῖνα
1493 2892 1591 2960 τὴν
1635 2888 1969 2956 ἐπαγγελίαν

394 2988 491 3042 τοῦ
520 2986 839 3056 Πνεύματος
864 2984 1120 3054 λάϐωμεν
1153 2983 1243 3037 διὰ
1274 2983 1373 3049 τῆς
1405 2982 1659 3044 πίστεως.
1694 2981 1822 3033 Ὅτε
1860 2979 1971 3032 τοῖο

396 3095 496 3132 νυν
513 3077 623 3146 ,καὶ
650 3077 750 3144 τὴν
780 3077 838 3128 ὲν
866 3073 1015 3143 νόμῳ
1040 3071 1261 3124 λέλυκεν
1297 3069 1438 3141 ἀρὰν
1478 3071 1506 3122 6
1538 3066 1776 3138 Χριστοῦ
1808 3065 1972 3120 θάναο

2043 900 2128 943 tur
2155 890 2224 941 "".
2268 908 2287 942 ι
2315 888 2566 944 Christus
2615 887 2890 940 secundus
2938 886 3111 939 Adam
3152 888 3453 957 appellatus
3504 899 3611 943 est.

2048 977 2115 1033 Ut
2138 986 2320 1033 autem
2374 977 2586 1046 primus
2633 974 2809 1028 Adam
2839 990 2936 1029 nos
2967 974 3164 1043 dejccit
3221 978 3273 1030 in
3309 980 3616 1048 corruptio-

2045 1084 2192 1133 nem,
2227 1069 2298 1122 ita
2327 1068 2598 1123 secundus
2653 1067 2825 1118 Adam
2855 1081 2953 1121 nos
3011 1068 3265 1138 provexit
3308 1069 3371 1124 ad
3413 1069 3613 1131 vitam;

2046 1175 2151 1215 non
2177 1170 2236 1214 ut
2260 1161 2420 1213 homo
2444 1159 2751 1212 communis
2806 1159 2975 1213 nostri
3033 1174 3194 1214 causa
3234 1170 3463 1215 mortem
3493 1177 3617 1229 per—

2047 1264 2257 1320 pessus,
2283 1265 2349 1304 ne
2385 1248 2435 1302 in
2466 1249 2558 1304 illo
2589 1249 2787 1304 mortui
2828 1264 3164 1314 maneamus,
3228 1251 3320 1305 sed
3374 1261 3433 1305 ut
3478 1252 3620 1306 Deus

2049 1344 2390 1399 incarnatus.
2428 1341 2532 1397 Per
2563 1355 2783 1396 carnem
2828 1355 3066 1408 namque
3101 1354 3291 1408 passus
3314 1349 3396 1394 est
3432 1350 3486 1393 ut
3523 1342 3618 1396 lto-

2051 1449 2171 1501 mo,
2206 1443 2286 1499 ut,
2318 1435 2442 1487 dum
2475 1433 2750 1502 proprimu
2783 1431 3040 1501 templum
3080 1432 3260 1486 divina
3288 1433 3486 1487 virtute
3524 1448 3621 1486 ex-

2052 1526 2302 1591 suscitat,
2342 1534 2399 1580 et
2441 1539 2540 1579 nos
2587 1522 2746 1579 simul
2772 1538 2988 1593 quoque
3032 1537 3153 1577 cum
3184 1523 3275 1577 illo
3318 1524 3620 1579 exsuscite-

2054 1634 2193 1673 mur.

2468 1708 2556 1764 Ex
2580 1708 2815 1777 Epistola
2852 1710 2921 1763 ad
2975 1707 3215 1763 Galatas.

2129 1824 2149 1858 ι
2180 1804 2432 1860 Chrisms
2468 1817 2566 1858 nos
2593 1802 2822 1857 redemit
2855 1804 2922 1857 de
2949 1800 3239 1855 maledicto
3268 1798 3422 1868 legis,
3454 1798 3627 1853 factus

2055 1912 2153 1967 pro
2213 1894 2371 1951 nobis
2427 1893 2804 1957 maledictum;
2836 1893 2962 1962 quia
2995 1891 3254 1960 scriptum
3300 1900 3383 1945 est
3416 1889 3629 1945 :Male-

2056 1989 2231 2042 dictus
2267 1985 2445 2049 omnis
2491 1988 2581 2054 qtti
2606 1985 2803 2053 pendet
2831 1982 3078 2053 inligno:
3113 1990 3169 2034 ut
3195 1985 3245 2034 in
3262 1981 3511 2052 gentibus
3541 1981 3632 2036 be-

2057 2079 2293 2134 nedictio
2324 2077 2477 2130 ﬁeret
2507 2076 2739 2129 Abrahm
2770 2074 2825 2128 in
2860 2074 3080 2129 Chrisw
3109 2070 3260 2132 Jesu,
3319 2081 3377 2124 ut
3406 2070 3625 2140 pollici-

2060 2174 2315 2225 tationem
2367 2168 2605 2238 Spiritus
2631 2167 2965 2237 accipiamus
2997 2180 3095 2235 per
3124 2166 3282 2219 tidem
3308 2163 3379 2216 ⁷⁸.
3422 2182 3442 2216 ι
3496 2162 3634 2219 Hinc
3716 2148 3723 2153 ⁷

2057 2264 2220 2317 etiam
2256 2260 2552 2330 perspicias
2593 2258 2741 2324 licet,
2782 2257 2985 2314 Christi
3029 2265 3256 2312 mortem
3303 2256 3504 2310 muudo
3543 2270 3622 2311 sa-

2060 2355 2292 2409 iutarem
2319 2350 2616 2406 exstitisse.
2669 2347 2803 2403 Nam
2853 2348 3197 2402 maledictum
3248 2347 3420 2419 nostri
3456 2360 3626 2401 causa

2064 2447 2239 2500 factus
2270 2452 2376 2506 est,
2415 2444 2541 2497 dum
2569 2455 2788 2503 crucem
2815 2441 3097 2507 sustinuit,
3139 2440 3298 2509 100
3327 2454 3535 2494 necnon
3569 2456 3638 2496 ex

2065 2539 2213 2607 ligno
2260 2536 2536 2605 pependit,
2591 2549 2719 2604 quo,
2759 2534 2958 2588 mundo
3006 2549 3037 2587 a
3091 2535 3334 2604 peccatis
3397 2537 3638 2602 expiato,

2067 2629 2303 2684 Abrahae
2333 2627 2642 2682 benedictio
2677 2626 2730 2680 in
2761 2625 2982 2679 Christo
3018 2624 3143 2680 Jesu
3182 2626 3337 2680 ﬁeret
3365 2626 3419 2679 in
3454 2626 3647 2695 genti-,

2068 2721 2189 2784 bus,
2222 2721 2322 2774 hoc
2345 2727 2450 2782 est,
2474 2726 2534 2772 ut
2550 2726 2762 2788 gentes,
2791 2716 2946 2786 juxta
2975 2716 3388 2786 promissionem
3404 2716 3637 2770 Abrahae

2072 2810 2292 2872 factam,
2318 2823 2414 2878 per
2441 2808 2597 2863 ﬁdem
2618 2806 3072 2877 justitlcarentur,
3107 2821 3316 2876 nosque
3356 2822 3452 2874 per
3479 2806 3639 2862 tidem

2071 2899 2329 2967 Spiritqu
2352 2898 2678 2966 promissum
2709 2897 3102 2951 obtineremus.
3131 2896 3267 2951 Cum
3290 2897 3452 2967 igitur
3476 2897 3638 2952 Citri-

2072 2989 2139 3043 sti
2172 3002 2318 3041 mors
2335 2986 2470 3057 legis
2493 2985 2931 3042 maledictionetn
2961 3000 2993 3042 e
3023 2989 3202 3041 medio
3243 2988 3551 3052 sustulerit,
3587 2997 3645 3043 et

2074 3079 2323 3149 gentibus
2351 3092 2569 3132 rursum
2623 3076 2847 3131 Abrahae
2900 3076 3361 3141 benedictionem,
3402 3078 3504 3132 hoc
3561 3089 3646 3133 est

397 3185 511 3231 τος,
558 3167 655 3221 καὶ
700 3164 1035 3235 προὺξένησε
1069 3165 1181 3225 τοῖς
1230 3161 1408 3214 ἔθνεσι
1440 3159 1539 3230 τὴν
1586 3156 1837 3224 εὐλογίαν
1872 3152 1968 3207 τοῦ

2075 3168 2301 3237 gratiam
2321 3181 2416 3236 per
2441 3165 2598 3220 [idem
2624 3164 2913 3235 pepererit,
2931 3174 2986 3219 et
3015 3166 3228 3220 tandem
3256 3163 3490 3235 Spiritus
3514 3182 3647 3222 san-

412 3259 687 3331 Ἀϐραάμ,
726 3256 974 3311 τουτέστι
999 3256 1099 3325 τὴν
1128 3254 1215 3307 διὰ
1246 3254 1481 3315 πίστεως
1504 3251 1687 3321 χάριν,
1707 3248 1969 3320 μετόχους

2075 3261 2144 3315 cti
2174 3257 2462 3328 participes
2484 3272 2585 3313 nos
2615 3256 2944 3320 reddiderit;
2978 3256 3291 3325 neutiquam
3332 3257 3648 3313 existimare

398 3348 458 3403 δὲ
486 3350 633 3418 ἡμᾶς
670 3347 919 3416 ἀπέφηνε
951 3344 1046 3397 καὶ
1069 3342 1163 3396 τοῦ
1193 3342 1350 3410 ἁγίου
1381 3341 1717 3411 Πνεύματο;’
1746 3338 1847 3390 οὐκ
1872 3337 1971 3389 ὰν‹

403 3436 624 3507 θρώπου
648 3434 831 3489 κοινοῦ
857 3433 1015 3488 νοοῖτ’
1049 3431 1117 3486 ἂν
1149 3433 1179 3485 6
1202 3431 1433 3493 Θάνατος
1471 3427 1667 3483 αὑτοῦ·
1701 3427 1971 3496 περινοεῖν

402 3527 459 3580 δὲ
509 3529 774 3598 προσήκει
822 3525 1046 3596 μᾶλλον,
1092 3526 1174 3577 ὅτι
1223 3520 1359 3592 σὰρξ
1421 3518 1656 3589 γεγονὼς
1701 3520 1731 3572 6
1777 3516 1973 3585 Λόγος,

407 3622 570 3691 σαρκὶ⁸
600 3618 867 3674 πέπονθεν
911 3618 1051 3689 ὑπὲρ
1076 3617 1171 3670 τοῦ
1202 3616 1432 3684 κόσμου,
1479 3613 1575 3666 καὶ
1602 3613 1825 3680 γέγονεν
1857 3609 1976 3661 ἱκα-

405 3711 495 3764 νὸν
528 3710 588 3763 τὸ
613 3706 781 3763 αὑτοῦ
812 3705 986 3771 πάθος
1013 3708 1092 3770 εἰς
1123 3705 1222 3775 τὴν
1254 3703 1348 3758 τοῦ
1379 3703 1585 3772 κόσμου
1613 3700 1902 3771 λύτρωσιν.

793 3800 895 3853 Ἐκ
934 3796 1044 3865 τῆς
1070 3797 1222 3865 πρὸς
1260 3794 1599 3864 Ἐφεσίους.
1856 3848 1868 3859 ,

486 3911 504 3945 t
541 3893 679 3946 Νυνὶ
707 3892 764 3945 δὲ
793 3892 851 3944 ὲν
882 3889 1105 3961 Χριστῷ
1144 3887 1345 3959 Ἰησοῦ,
1382 3889 1539 3958 ὑμεῖς
1567 3886 1617 3938 οἱ
1648 3883 1780 3937 ποτὲ
1828 3883 1981 3947 ὄντες

412 3985 654 4055 μακρὰν,
698 3983 997 4052 ἐγενήθητε
1045 3979 1212 4047 ἐγγὺς
1266 3979 1324 4030 ἐν
1355 3977 1431 4047 τῷ
1476 3978 1666 4047 αῖματι
1705 3974 1801 4028 τοῦ
1848 3974 1985 4045 Χριο

414 4071 562 4126 στοῦ.
592 4071 761 4135 Αὐτὸς
796 4070 907 4139 γάρ
940 4071 1088 4122 ἐστιν
1112 4070 1146 4138 ἡ
1174 4068 1365 4138 εἰρήνη
1392 4066 1571 4137 ήμῶν,
1598 4068 1628 4120 6
1652 4065 1885 4136 ποιήσας
1914 4062 1981 4116 τὰ

412 4164 701 4233 ἀμφότερα
736 4161 813 4226 ἓν,
863 4161 957 4214 καὶ
988 4161 1051 4213 τὸ
1088 4159 1404 4231 μεσότοιχον
1448 4158 1544 4211 τοῦ
1601 4155 1856 4229 φραγμοῦ
1887 4154 1984 4209 λύ-

414 4270 535 4315 σας,
564 4252 662 4323 τὴν
690 4252 892 4324 ἔχθραν
920 4254 977 4305 ὲν
1001 4254 1067 4322 τῇ
1098 4253 1261 4322 σαρκὶ
1291 4249 1478 4314 αὑτοῦ,
1498 4249 1608 4302 τῶν
1637 4247 1869 4302 ἐντολῶν
1891 4249 1984 4301 τὸν

413 4347 577 4416 νόμον
611 4347 668 4397 ὲν
697 4345 931 4414 δόγμασι
965 4344 1338 4414 καταργήσας.
1375 4363 1394 4395 ι
1431 4343 1493 4395 Ei
1533 4341 1627 4394 καὶ
1669 4340 1798 4403 τοὺς
1822 4340 1986 4404 ὄντας

418 4436 637 4508 μακρὰν
660 4435 750 4489 διὰ
780 4436 842 4488 τὸ
874 4435 1182 4488 πλανᾶσθαι
1223 4434 1367 4488 κατὰ
1409 4434 1501 4487 τὸν
1542 4434 1767 4502 κόσμον,
1805 4432 1897 4485 καὶ
1928 4432 1987 4485 ὲν

2075 3349 2332 3406 debemus
2397 3357 2626 3404 mortem
2687 3348 2827 3402 illius
2884 3347 3126 3417 vulgaris
3183 3347 3486 3418 cuiuspiam
3545 3350 3645 3404 ho-

2078 3442 2238 3497 minis
2256 3449 2487 3496 mortem
2510 3438 2829 3496 exstitisse:
2867 3438 3001 3504 quin
3053 3438 3108 3493 id
3170 3439 3349 3508 potius
3405 3448 3649 3496 statuere

2080 3547 2180 3587 nos
2215 3531 2393 3596 decet,
2431 3544 2623 3599 nempe
2647 3527 2886 3583 Verbum
2921 3529 3266 3583 iucarnatum
3325 3539 3554 3585 mortem
3591 3530 3648 3585 in

2080 3636 2243 3678 carne
2270 3635 2370 3692 pro
2399 3621 2597 3676 mundo
2625 3619 2930 3691 pertulisse,
2970 3619 3197 3689 ejusque
3247 3620 3554 3690 passionem
3584 3622 3653 3677 ad

2080 3728 2295 3769 omnem
2322 3712 2601 3767 hominum
2639 3712 3063 3780 redemptionem
3093 3712 3307 3767 abunde
3346 3724 3431 3768 sat
3458 3713 3649 3770 fuisse.

2498 3802 2582 3857 Ea:
2603 3802 2842 3873 Epistula
2872 3804 2941 3857 ad
2969 3804 3242 3871 Ephesios.

2161 3916 2180 3949 ι
2220 3895 2372 3950 Nunc
2405 3905 2584 3948 autem
2618 3895 2670 3947 in
2701 3893 2917 3948 Christo
2941 3893 3094 3957 Jesu,
3128 3910 3224 3948 vos
3248 3896 3337 3964 qui
3363 3897 3657 3967 aliquando

2084 3988 2250 4043 eratis
2287 3986 2466 4055 longe,
2495 3984 2620 4038 facti
2646 3985 2780 4038 eStis
2816 3999 2981 4052 prope
3012 3985 3069 4038 in
3131 3986 3392 4052 sanguine
3425 3988 3652 4044 Christi.

2087 4078 2203 4147 Ipse
2225 4077 2370 4130 enim
2397 4085 2481 4131 est
2506 4090 2608 4144 pax
2640 4085 2855 4138 nostra,
2891 4074 2981 4142 qui
3017 4072 3145 4129 fecit
3177 4084 3407 4146 utraque
3457 4094 3650 4145 unum,

2087 4181 2142 4225 et
2176 4169 2408 4223 medium
2444 4167 2705 4236 parietem
2764 4168 3014 4222 maceria:
3058 4166 3293 4233 solvens,
3352 4170 3663 4227 inimicitias

2092 4263 2144 4315 in
2173 4274 2336 4314 carne
2371 4274 2491 4322 sua,
2522 4259 2692 4329 legem
2740 4258 3119 4314 mandatorum
3154 4260 3207 4314 in
3255 4263 3490 4317 decretis
3525 4276 3656 4316 eva-

2091 4368 2262 4409 cuans
2292 4352 2362 4406 τ’.
2395 4371 2413 4403 ›
2453 4351 2607 4417 Quod
2639 4351 2683 4403 si
2717 4365 2813 4406 eos
2840 4350 2930 4418 qui
2960 4350 3148 4421 procul
3202 4352 3451 4415 aberant,
3503 4353 3574 4407 ob
3606 4355 3658 4407 id

2095 4445 2349 4499 nimirum
2385 4443 2529 4511 quod
2557 4456 2652 4511 per
2711 4444 2971 4495 mundum
3021 4441 3311 4496 errabundi
3346 4441 3668 4513 divagaren-

416 4529 671 4599 ἀθεότητι
718 4527 1005 4591 διατελεῖν,
1056 4527 1221 4594 ἐγγὺς
1252 4524 1520 4594 πεποίηκε
1561 4523 1625 4576 τὸ
1667 4516 1807 4593 αἷμα
1848 4524 1971 4591 ρΧριη

2103 4545 2193 4589 ιιιι·
2214 4544 2547 4602 mtateniqne
2601 4534 2654 4586 in
2684 4533 2962 4602 impietate
2986 4542 3231 4602 agerent,
3268 4534 3484 4603 sanguis
3509 4534 3670 4588 Chri-

419 4618 570 4674 στοῦ·
603 4619 721 4682 πῶς
749 4621 851 4672 οὐκ
882 4619 1157 4687 ἀναγκαία
1175 4619 1287 4679 τοῖς
1317 4617 1407 4670 ἐπὶ
1434 4618 1534 4687 τῆς
1562 4617 1664 4684 γῆς
1690 4617 1723 4683 ή
1763 4613 1859 4667 τοῦ
1891 4614 1995 4667 Λό-

418 4730 520 4782 γου
552 4713 849 4782 σάρκωσις,
889 4711 1226 4778 συλλέγουσα
1252 4711 1321 4765 τὰ
1345 4711 1675 4781 διῃρημένα,
1702 4708 1797 4762 καὶ
1822 4724 1994 4779 προσ-

420 4802 703 4857 οικειοῦσα
753 4803 854 4874 μὲν
896 4802 975 4873 τῷ
1013 4802 1132 4872 Θεῷ
1175 4803 1300 4865 τοὺς
1350 4803 1589 4872 μακρὰν,
1641 4799 1899 4863 κτίζουσα
1940 4799 1997 4851 δὲ

420 4895 549 4957 τοὺς
593 4893 686 4946 δύο
724 4893 886 4957 λαοὺς
934 4895 1011 4955 εἰς
1057 4892 1153 4945 ἕνα
1202 4892 1391 4945 καινὸν
1437 4892 1724 4963 ἄνθρωπον
1769 4890 1856 4944 διὰ
1898 4892 1999 4959 τῆς

420 4984 589 5038 αὑτοῦ
639 4984 872 5056 σαρκός;
921 4983 1140 5036 Δέδοται
1185 4980 1296 5053 γὰρ
1351 4984 1431 5045 εἰς
1474 4981 1743 5053 λύτρωσιν
1789 4980 1898 5033 τῶν
1939 4981 1998 5032 ὲν

418 5077 743 5147 ἁμαρτίαις,
769 5077 864 5131 καὶ
887 5076 954 5128 δι’
984 5076 1153 5145 αὐτῆς
1202 5074 1270 5128 τὰ
1299 5074 1476 5127 πάντα
1517 5075 1896 5143 κατεκτήσατο
1922 5070 1999 5141 τῷ

420 5164 542 5236 Θεῷ
572 5166 667 5217 καὶ
699 5167 896 5236 Πατρί.
944 5164 1055 5217 Καὶ
1090 5164 1226 5234 πρὸς
1252 5163 1460 5226 τούτοις
1506 5163 1585 5216 ἔτι
1632 5162 1725 5215 καὶ
1755 5164 1784 5215 6
1831 5162 1997 5215 πάλαι

424 5257 773 5327 κατήργηται
816 5255 980 5325 νόμος
1005 5295 1020 5321 ,
1066 5256 1142 5318 ὡς
1186 5254 1327 5325 ὑπὲρ
1360 5254 1521 5307 αὑτὸν
1562 5254 1728 5322 οὔσης
1768 5255 1865 5323 τῆς
1911 5254 1997 5305 πία

428 5364 619 5414 στεως,
651 5348 810 5417 δῆλον
836 5348 892 5401 δὲ
931 5350 1014 5400 ὅτι
1056 5349 1154 5417 τῆς
1198 5350 1257 5401 ὲν
1300 5348 1542 5417 Χριστῷ.
1589 5347 1702 5402 Καὶ
1742 5350 1791 5400 εί
1839 5347 2001 5401 τοῦτό

429 5437 577 5490 ἐστιν
617 5439 837 5510 ἀληθὲς,
886 5438 1007 5501 πῶς
1035 5440 1177 5510 ὑπὲρ
1204 5439 1370 5509 νόμον
1416 5440 1450 5510 ή
1478 5438 1681 5507 πίστις,
1726 5440 1776 5491 εί
1816 5437 1891 5509 μὴ
1927 5439 2003 5501 ὡς

432 5525 554 5595 Θεῴ
578 5529 1023 5600 πεπιστεύκαμεν
1045 5529 1124 5601 τῷ
1155 5528 1377 5601 Χριστῷ
1399 5545 1415 5596 ;

2099 4628 2169 4682 sti
2242 4640 2411 4694 prope
2467 4624 2723 4689 adduxit;
2778 4624 3045 4692 quomodo
3121 4622 3284 4678 Verbi
3345 4625 3668 4692 incarnatio,

2101 4708 2220 4786 qua:
2254 4727 2308 4771 et
2332 4717 2574 4785 dispersa
2636 4716 2687 4787 in
2737 4730 2901 4768 unum
2957 4714 3197 4785 collegit,
3232 4724 3284 4770 et
3324 4715 3482 4785 longe
3514 4720 3674 4772 alier-

2105 4817 2291 4860 rautes
2320 4798 2430 4859 Deo
2455 4804 2850 4868 reconciliavit,
2881 4813 2936 4859 et
2967 4804 3100 4858 duos
3144 4800 3371 4875 populus
3418 4809 3470 4861 in
3505 4824 3669 4862 unum

2101 4910 2297 4949 novum
2318 4894 2594 4948 hominem
2646 4908 2742 4962 per
2770 4908 2989 4948 carnem
3027 4894 3168 4949 illius
3216 4896 3443 4966 redegit,
3479 4900 3673 4967 generi

2109 4988 2347 5041 humano
2374 4999 2479 5038 non
2516 4993 2639 5037 erat
2700 4984 3053 5039 necessaria?
3109 4986 3355 5040 Exhibita
3403 4999 3487 5042 εει
3528 4992 3674 5045 enim

2110 5078 2225 5131 hzec
2250 5089 2380 5130 caro
2444 5074 2495 5126 in
2523 5089 2709 5127 eorum
2760 5075 3132 5129 liberationem
3190 5076 3280 5144 qui
3310 5079 3544 5145 peccatis
3574 5083 3677 5133 oh-

2108 5166 2283 5221 stricti
2350 5168 2695 5228 tenebantur,
2766 5167 3058 5235 omniaque
3114 5184 3210 5237 per
3251 5170 3417 5236 ipsam
3470 5167 3578 5222 Deo
3622 5179 3679 5226 ει

2105 5259 2251 5312 Patri
2306 5255 2585 5311 lucrifacta
2638 5267 2783 5313 sunt.
2814 5257 2922 5313 Lex
2946 5270 3204 5325 praeterea
3231 5261 3569 5326 vetus,quod
3609 5262 3676 5313 tl-

2108 5350 2204 5402 des
2244 5347 2298 5400 in
2342 5347 2619 5402 Christum
2677 5348 2843 5402 multo
2902 5350 2990 5403 illa
3036 5351 3108 5415 sit
3154 5349 3524 5416 excellentior,
3581 5366 3677 5419 per

2112 5437 2360 5490 eamdem
2389 5450 2605 5505 quoque
2639 5438 2837 5492 abolita
2864 5448 2966 5492 est.
3026 5439 3096 5492 At
3127 5438 3398 5507 quomodo
3433 5440 3517 5495 lex
3540 5442 3678 5497 ﬁdei

2109 5525 2272 5589 cedit,
2303 5526 2346 5578 si
2382 5525 2435 5581 in
2464 5527 2737 5582 Christum
2768 5537 3024 5596 tanquam
3058 5527 3110 5581 in
3134 5542 3321 5583 verum
3365 5529 3532 5585 Deum
3569 5545 3680 5587 non

2114 5618 2418 5671 credimus?

504 5788 551 5823 "
578 5787 624 5845 ιι
652 5788 781 5848 Cor.
815 5804 907 5861 xv,
934 5790 1026 5847 21.
1103 5790 1152 5825 τ’
1182 5790 1357 5849 Galat.
1397 5808 1484 5860 ιιι,
1514 5791 1602 5859 l5,
1638 5790 1726 5847 14.
1833 5792 1879 5826 ⁷⁹
1906 5791 1971 5863 Ep

2075 5807 2103 5847 ι.
2140 5806 2197 5857 ιι,
2237 5789 2419 5845 13-15.
