4060 6418
448 430 581 491 1295

860 540 944 596 Ex
977 535 1219 608 Epistula
1249 533 1321 589 ad
1358 531 1632 588 Hebraeos.

522 676 542 710 ι
583 657 704 711 Ideo
747 652 1057 724 ingrediens
1102 645 1366 701 mundum
1408 644 1553 698 .dicit
1600 660 1614 696 :
1675 638 1922 694 Hostiam
1968 647 2022 691 et

447 748 774 803 oblationem
830 742 1073 803 noluisti,
1129 752 1330 806 corpus
1382 744 1562 789 autem
1610 731 1805 801 aptnsti
1848 730 2019 784 mihi:

449 839 889 893 holocautomata
926 839 984 887 et
1029 844 1128 901 pro
1166 837 1387 899 peccato
1433 838 1539 879 nou
1564 822 1658 876 tibi
1685 821 2024 890 placuerunt.

449 931 604 985 Tunc
632 928 786 999 101
820 926 932 981 dixi
964 942 977 978 :
1012 922 1155 978 Ecce
1188 921 1390 985 venio;
1428 919 1481 971 in
1511 916 1696 984 capite
1731 913 1856 968 libri
1885 912 2025 966 scri-

448 1032 600 1092 ptum
655 1028 744 1074 est
791 1021 856 1072 de
908 1030 1044 1071 me:
1101 1010 1173 1067 Ut
1231 1010 1445 1073 faciam,
1497 1006 1658 1070 Deus,
1693 1005 2027 1059 voluntatem

453 1126 602 1168 tuam
624 1111 692 1165 ”.
735 1127 754 1162 ι
788 1107 992 1164 Christi
1028 1104 1216 1176 passio
1268 1100 1475 1155 mundo
1514 1097 1749 1153 salutem
1795 1095 2027 1165 peperit.

457 1207 653 1262 Verum
688 1217 868 1273 operae
899 1198 1132 1271 pretium
1184 1202 1271 1249 est
1319 1202 1653 1261 cognoscere
1714 1185 2030 1256 ecquisnam

455 1298 545 1352 ille
593 1296 666 1351 sit
718 1292 810 1362 qui
840 1287 1177 1345 inmundum
1210 1281 1541 1353 ingreditur,
1587 1276 2030 1349 quandoquidem

455 1388 632 1444 modis
681 1383 935 1439 omnibus
986 1379 1035 1434 is
1079 1386 1234 1431 extra
1274 1373 1536 1428 mundum
1564 1381 1706 1426 erat.
1751 1365 2035 1435 Quomodo

456 1492 609 1549 ergo,
669 1473 765 1545 qui
790 1482 945 1527 extra
1000 1466 1261 1523 mundum
1316 1471 1455 1527 erat,
1517 1463 1801 1530 lngressus
1852 1469 1937 1512 est
1980 1458 2032 1509 in

455 1566 674 1640 ipsum?
701 1566 845 1621 Sane
875 1558 1233 1632 Unigenitus,
1272 1563 1467 1625 suapte
1499 1562 1693 1607 natura
1723 1551 2035 1605 universum

456 1663 717 1717 mundum
761 1655 1035 1711 excedens
1065 1662 1124 1707 ut
1156 1649 1318 1708 Deus.
1351 1647 1404 1701 in
1451 1645 1710 1699 mundum
1754 1643 2034 1712 ingressus

455 1762 560 1819 est,
593 1765 718 1823 pars
756 1747 900 1803 illius
932 1742 1129 1807 factus,
1161 1740 1315 1795 idest
1348 1739 1529 1792 homo.
1547 1734 1623 1789 Ita
1654 1732 1826 1799 enim,
1862 1730 2036 1787 sacri-
2081 1780 2090 1789 ,

457 1846 582 1901 licio
614 1856 711 1913 pro
749 1838 908 1894 nobis
952 1834 1136 1889 oblato
1185 1838 1484 1901 sponteque
1513 1825 1807 1894 semetipso
1825 1831 2037 1878 contra-

456 1939 593 2000 dito,
620 1932 688 1988 ab
728 1928 949 1986 interitu
995 1934 1266 1978 terrarum
1302 1920 1492 1974 orbem
1525 1914 1850 1970 vindicavit.

531 2042 550 2076 ι
597 2022 827 2090 Propter
874 2013 1023 2085 quod
1073 2020 1130 2066 et
1170 2009 1350 2075 .lcsus,
1392 2016 1450 2060 ut
1502 2004 1874 2059 sanctiticaret
1938 2014 2036 2069 per

1444 418 1504 473 S.
1545 414 1823 473 CYRILLI
1862 410 2335 470 ALEXANDRINI
2375 409 2697 467 ARCHIEP.

3565 408 3704 463 1298

2527 528 2619 580 Ἐκ
2657 525 2768 595 τῆς
2806 526 2952 595 πρὸς
2989 526 3322 597 Ἐϐραίους.

2203 661 2219 691 ι
2250 639 2341 693 Διὸ
2375 638 2756 709 εἰσερχόμενος
2789 639 2867 700 εἰς
2895 637 2986 690 τὸν
3017 638 3242 707 κόσμον,
3271 637 3441 707 λέγει·
3495 637 3703 691 θυσίαν

2127 730 2220 782 καὶ
2264 728 2581 800 προσφορὰν
2618 726 2718 781 οὐκ
2748 726 3041 798 ἠθέλησας,
3075 727 3238 798 σῶμα
3284 729 3343 782 δὲ
3389 725 3710 801 κατηρτίσω

2131 833 2255 890 μοι·
2288 816 2715 888 ὁλοκαυτώματα
2765 818 2859 871 καὶ
2906 818 3033 888 περὶ
3067 818 3347 891 ἁμαρτίας
3377 820 3479 873 οὐκ
3509 820 3711 893 ἐζήτη-

2131 929 2227 974 σας
2245 918 2293 964 “.
2329 910 2463 963 Τότε
2514 905 2666 963 εἶπον
2689 926 2703 941 ο
2750 909 2883 962 Ἰδοὺ
2924 909 3046 979 ἥκω
3068 927 3082 940 ·
3113 911 3174 963 ὲν
3206 911 3453 979 κεφαλίδι
3499 911 3710 983 βιϐλίου

2128 1001 2441 1073 γέγραπται
2474 1002 2603 1071 περὶ
2632 998 2767 1069 ἐμοῦ
2791 1016 2805 1030 ⁸
2852 999 2960 1053 Τοῦ
2994 1001 3241 1071 ποιῆσαι,
3269 1004 3298 1056 ό
3338 1001 3491 1068 Θεὸς,
3517 1003 3580 1056 τὸ
3621 1002 3715 1057 θι-

2129 1094 2281 1165 λημά
2315 1110 2429 1146 σου.
2461 1112 2479 1144 ι
2517 1092 2714 1159 Γέγονε
2740 1093 3012 1162 σωτήριον
3040 1092 3120 1164 τῷ
3152 1094 3344 1166 κόσμῳ
3366 1093 3427 1148 τὸ
3451 1094 3548 1149 τοῦ
3572 1095 3714 1167 Χρι-

2134 1186 2260 1240 στοῦ
2290 1185 2481 1249 πάθος.
2518 1185 2665 1256 Πλὴν
2709 1186 3005 1252 ἀναγκαῖον
3039 1184 3169 1239 ίδεῐν
3212 1184 3299 1250 τίς
3333 1187 3362 1238 ὁ
3391 1187 3470 1251 είς
3497 1184 3588 1239 τὸν
3616 1185 3715 1239 κό-

2135 1296 2271 1350 σμον
2301 1277 2711 1349 εἰσερχόμενος·
2751 1271 2819 1348 ἦν
2862 1277 2971 1348 γάρ
3011 1276 3117 1344 ἔξω
3161 1276 3257 1331 τοῦ
3291 1278 3497 1348 κόσμου
3535 1277 3717 1348 πάντη

2134 1387 2191 1423 τε
2224 1371 2317 1423 καὶ
2344 1370 2596 1431 πάντως·
2623 1368 2744 1422 ἐπεὶ
2769 1367 2887 1431 πῶς
2911 1367 3233 1439 είσὸέῦηκεν
3263 1369 3342 1432 εἰς
3373 1368 3534 1423 αὐτὸν
3563 1367 3719 1433 ἔξω*

2135 1461 2340 1531 κόσμου
2358 1477 2373 1527 ;
2392 1457 2718 1529 Τοιγαροῦν,
2737 1458 2878 1512 κατά
2900 1457 3062 1529 φύσιν
3083 1459 3345 1530 ὑπάρχων
3375 1460 3517 1531 ὑπὲρ
3538 1461 3720 1514 πάντα

2136 1553 2226 1605 τὸν
2269 1552 2495 1622 κόσμον,
2526 1552 2601 1614 ὡς
2627 1550 2760 1613 Θεὸς
2788 1540 3120 1619 Μονογενὴς,
3152 1549 3474 1620 είσϐέὸηκεν
3503 1552 3584 1614 είς
3614 1551 3718 1605 αὖ·

2137 1645 2248 1705 τὸν,
2271 1642 2439 1713 μέρος
2470 1641 2636 1695 αὑτοῦ
2666 1639 2924 1709 γεγονὼς,
2944 1641 3219 1693 τουτέστιν
3240 1641 3544 1710 ἄνθρωπος·
3573 1639 3722 1695 οὕτω

2137 1752 2196 1789 τε
2242 1735 2340 1804 τὴν
2389 1733 2528 1801 ὑπὲρ
2557 1731 2716 1803 ἡμῶν
2744 1731 3121 1800 προσκομίσας
3151 1730 3362 1793 θυσίαν,
3399 1732 3492 1785 καὶ
3521 1731 3719 1787 ἑαυτὸν

2140 1825 2379 1892 ἀναθεὶς,
2412 1826 2618 1878 σέσωκε
2647 1822 2746 1893 τὴν
2780 1824 2870 1875 ὑπ’
2900 1822 3150 1893 οὐρανόν.

2219 2022 2236 2053 ι
2264 2001 2354 2055 Διὸ
2370 2001 2463 2055 καὶ
2479 2000 2507 2052 ὁ
2522 1999 2751 2069 Ἰησοῦς,
2769 2000 2857 2053 ἵνα
2883 1999 3085 2070 ἁγιάσῃ
3102 1997 3190 2052 διὰ
3210 1997 3303 2051 τοῦ
3335 1997 3464 2051 ίδίου
3488 1998 3722 2069 αἵματος

456 2128 615 2170 suum
653 2084 975 2181 sanguinem
1019 2101 1321 2174 populum,
1367 2106 1522 2153 extra
1576 2103 1789 2165 portam
1841 2106 2034 2162 passus

2139 2094 2228 2148 τὸν
2261 2093 2409 2153 λαὸν,
2444 2092 2548 2159 ἔξω
2592 2092 2692 2161 τῆς
2736 2090 2909 2155 πύλης
2952 2089 3173 2144 ἔπαθεν.
3204 2108 3222 2142 ι
3256 2084 3406 2160 Αἷμα
3430 2089 3721 2159 ἀνθρώπου

456 2213 541 2260 est
569 2203 639 2257 “.
670 2219 688 2252 ι
720 2200 837 2267 Quo
868 2203 1052 2267 pacto,
1084 2206 1291 2261 quaeso,
1326 2187 1620 2258 promiscui
1647 2184 1882 2239 hominis
1910 2197 2034 2236 san-

2143 2184 2322 2238 κοινοῦ
2354 2185 2477 2237 τίνα
2496 2184 2697 2253 τρόπον
2729 2183 2915 2250 ἁγίους
2938 2183 3087 2250 ἡμᾶς
3110 2183 3394 2253 ἀποφήνῃς
3430 2182 3586 2236 Ἀλλά
3611 2185 3724 2254 μὴν

460 2293 582 2365 guis
611 2302 831 2348 sanctos
860 2299 959 2342 nos
992 2281 1270 2338 etiiceret?
1300 2284 1369 2334 At
1399 2278 1603 2334 Christi
1648 2273 1875 2344 sanguis
1907 2287 2034 2326 san-

2142 2276 2336 2347 ήγίασε
2387 2276 2446 2330 τὸ
2498 2268 2640 2345 αἷμα
2688 2273 2949 2345 Χριστοῦ.
2986 2275 3138 2327 Θεϊον
3181 2269 3274 2327 οὖν
3308 2274 3437 2345 ἄρα,
3487 2278 3579 2328 καὶ
3621 2276 3724 2346 οὐχ

469 2384 730 2442 ctitlcavit
757 2395 879 2436 nos.
920 2377 1144 2432 Divinus
1193 2385 1279 2428 est
1333 2374 1537 2440 itaque,
1566 2383 1672 2423 non
1717 2363 2034 2434 simpliciter

2145 2368 2333 2431 ἁπλῶς
2361 2367 2702 2437 ἀνθρώπινον
2724 2382 2736 2395 ·
2768 2365 2902 2429 Θεὸς
2930 2367 3041 2435 γὰρ
3075 2360 3144 2437 ἦν
3185 2368 3244 2419 ὲν
3285 2367 3469 2437 σαρκὶ,
3500 2366 3578 2436 τῷ
3608 2365 3724 2437 ἰδίῳ

460 2481 772 2536 humanus:
810 2473 954 2527 Deus
983 2468 1130 2524 enim
1167 2474 1288 2520 crat
1334 2464 1389 2517 in
1429 2475 1596 2516 carne
1621 2500 1636 2525 ,
1681 2457 1899 2528 proprio
1940 2469 2034 2509 nos

2144 2462 2335 2529 αἵματι
2373 2459 2688 2530 καθαρίζων
2714 2460 2885 2530 ἡμᾶς.

460 2568 723 2639 sanguine
756 2561 1080 2619 emundans.

822 2676 904 2729 Ea:
935 2670 1174 2742 Epistula
1202 2672 1269 2722 ad
1292 2667 1642 2721 Timotheum.

2549 2662 2649 2714 Ἐκ
2688 2658 2797 2726 τῆς
2836 2659 2984 2727 πρὸς
3025 2660 3320 2729 Τιμόθεον.

537 2815 555 2847 ι
591 2793 740 2848 Unus
768 2790 910 2845 enim
948 2787 1115 2850 Deus,
1140 2795 1195 2840 et
1235 2799 1375 2839 unus
1421 2780 1693 2835 mediator
1731 2776 1821 2830 Dei
1854 2785 1906 2829 et
1943 2775 2034 2828 ho-

2219 2795 2239 2828 ι
2274 2770 2366 2839 Εἷς
2396 2775 2505 2846 γὰρ
2538 2774 2690 2836 Θεὸς,
2726 2769 2807 2837 εἷς
2836 2774 2931 2826 καὶ
2965 2774 3191 2842 μεσίτης
3223 2772 3359 2827 Θεοῦ
3393 2774 3486 2828 καὶ
3511 2774 3728 2848 ἀνθρὼ-

463 2890 668 2943 minum
707 2885 868 2937 hmuu
914 2878 1167 2931 Christus
1207 2874 1403 2939 Jesus,
1459 2871 1551 2941 qui
1608 2864 2034 2935 redemptionem

2146 2885 2264 2920 πων
2304 2866 2589 2937 ἄνθρωπος
2621 2865 2854 2936 Χριστὸς
2886 2864 3113 2934 Ἰησοῦς,
3165 2866 3194 2917 ὁ
3240 2866 3363 2928 δοὺς
3412 2866 3727 2937 ἀντίλυτρον

462 2978 610 3035 dedit
654 2974 896 3044 scipsum
955 2982 1054 3038 pro
1099 2966 1355 3020 omnibus
1393 2964 1462 3017 ⁸⁸.
1516 2981 1535 3013 ι
1586 2958 1850 3013 Salutaris
1904 2956 2034 3009 citra

2147 2961 2339 3013 ἑαυτὸν
2372 2960 2511 3029 ὑπὲρ
2559 2958 2798 3011 πάντων.
2837 2976 2855 3008 ι
2907 2958 3182 3028 Σωτήριος
3224 2956 3671 3029 ὁμολογουμένως
3698 2962 3728 3011 ό

462 3066 888 3128 controversiam
925 3060 1130 3117 Christi
1167 3073 1314 3115 mors
1345 3057 1605 3112 universo
1636 3049 1836 3104 mundo
1869 3045 2034 3101 exsti-

2146 3049 2240 3105 τοῦ
2292 3049 2529 3121 Χριστοῦ
2573 3050 2802 3112 θάνατος
2832 3048 2911 3118 τῷ
2949 3049 3139 3119 κόσμῳ
3180 3048 3363 3105 παντί.
3399 3050 3619 3121 Πλὴνσεί
3650 3051 3726 3121 μή

465 3164 552 3218 tit.
593 3162 848 3216 Attamen
892 3156 938 3211 si
972 3151 1228 3207 Christus
1280 3149 1420 3203 Deus
1454 3159 1559 3199 non
1614 3152 1720 3205 est,
1766 3138 2034 3209 quomodo

2149 3146 2264 3197 ἐστι
2293 3142 2448 3205 Θεὸς,
2479 3141 2597 3204 πῶς
2621 3140 2687 3194 ἂν
2715 3140 3002 3211 ἀρκέσειεν
3035 3142 3115 3204 εἰς
3143 3141 3205 3194 τὸ
3230 3141 3485 3209 γενέσθαι
3508 3141 3730 3195 πάντων

463 3255 580 3322 ipse
607 3252 760 3306 solus
799 3248 894 3301 toti
945 3244 1147 3301 mundo
1186 3237 1469 3295 liberando
1521 3243 1606 3289 sat
1657 3245 1779 3285 esse
1824 3227 2034 3298 potuit?

2146 3234 2465 3305 ἀντίλυτρον
2495 3232 2657 3295 αὑτός
2683 3248 2741 3284 τε
2779 3231 2873 3285 καὶ
2902 3232 3099 3301 μόνος;
3143 3231 3303 3286 Ἀλλά
3332 3233 3536 3305 ἧρκεσε
3568 3234 3731 3303 μόνος

468 3344 537 3399 At
561 3342 688 3412 quia
719 3355 885 3410 super
912 3351 1103 3392 omnes
1132 3340 1216 3389 est
1241 3370 1257 3397 ,
1305 3327 1551 3384 omnium
1604 3335 1771 3376 causa
1807 3328 2034 3373 mortem

2149 3327 2288 3396 ὑπὲρ
2336 3325 2556 3412 πάντων
2600 3323 2907 3385 ἀποθανὼν.
2941 3324 3022 3377 ὅτι
3057 3324 3151 3378 καὶ
3182 3324 3323 3395 ὑπὲρ
3354 3326 3559 3389 πάντας
3586 3324 3726 3379 ἐστί.

465 3409 963 3504 ρειρθεδυε,ευιυε
992 3442 1089 3497 pro
1134 3421 1392 3479 omnibus
1431 3414 1727 3473 satisfecit.
1758 3409 1903 3465 Deus
1937 3410 2034 3462 ita-

2146 3416 2278 3477 Θεὸς
2306 3410 2399 3469 οὖν
2434 3415 2541 3484 ἀρα
2571 3413 2687 3467 ἐστὶ
2714 3412 2792 3483 τῷ
2818 3413 3031 3485 θανάτῳ
3053 3413 3153 3484 τῆς
3194 3413 3328 3478 ίὸίας
3363 3413 3566 3485 σαρκὸς
3588 3415 3731 3467 ἀπο-

464 3500 581 3598 (ιυο
606 3533 712 3588 est,
744 3525 836 3592 qui
873 3520 1089 3590 propria
1115 3513 1296 3570 carnis
1319 3521 1491 3565 morte
1526 3513 1817 3561 mortem.a
1846 3500 2034 3555 munda

2148 3509 2352 3578 στήσας
2383 3508 2478 3561 τοῦ
2514 3507 2721 3577 κόσμου
2751 3506 2841 3561 τὸν
2875 3506 3125 3562 θάνατον.

466 3617 790 3691 proﬂigavit.
2280 3616 2286 3621 ·

2550 3706 2651 3759 ΕΚ
2681 3701 2825 3758 ΤΩΝ
2859 3705 3307 3758 ΚΑΘΟΛΙΚΩΝ.

2472 3816 2568 3870 Ἐκ
2607 3815 2716 3885 τῆς
2753 3815 2981 3885 Πέτρου
3015 3815 3398 3885 Ἐπιστολῆς.

948 3720 1045 3776 EX
1082 3712 1549 3775 CATHOLICIS.

959 3834 1047 3890 Ea:
1076 3833 1315 3904 Epistola
1346 3828 1514 3883 Petri.

540 3953 693 4022 Quod
742 3951 942 4008 Christi
981 3965 1122 4005 mors
1151 3944 1348 4001 mundo
1377 3940 1634 3998 salutaris
1682 3937 1974 3993 exstiterit.

539 4088 559 4122 ι
602 4067 738 4137 Quia
775 4064 1028 4122 Christus
1049 4060 1217 4118 semel
1249 4074 1346 4130 pro
1376 4056 1621 4128 peccatis
1651 4064 1901 4109 mortuus
1933 4058 2034 4113 cst1

2223 4043 2377 4096 «Ὅτι
2463 4041 2693 4137 Χριστὸς
2711 4040 2858 4105 arma
2884 4043 3014 4113 περὶ
3048 4041 3331 4112 ἁμαρτιῶν
3356 4040 3620 4100 ἀπέθανε.
3644 4042 3729 4095 δί-

461 4133 645 4233 justus
694 4171 791 4228 pro
826 4155 1067 4226 iniustis,
1121 4162 1181 4208 ut
1230 4165 1330 4206 nos
1363 4147 1587 4204 oti'erret
1636 4145 1769 4207 Deo,
1813 4141 2034 4196 mortili-

2147 4154 2296 4233 καιος
2344 4136 2486 4233 ὑπὲρ
2528 4135 2748 4198 ἀδίκων,
2778 4135 2865 4188 ἵνα
2899 4135 3049 4204 ἡμᾶς
3095 4134 3427 4208 προσαγάγῃ
3468 4133 3548 4205 τῷ
3582 4133 3726 4205 Θεῷ,

466 4259 621 4307 catus
659 4223 1105 4315 quidem—carne,
1146 4241 1452 4293 vivillratus
1495 4244 1677 4289 autem
1725 4231 1941 4302 spiritu.
1985 4229 2034 4283 In

2147 4226 2480 4315 θανατωθεὶς
2511 4226 2611 4297 μὲν
2642 4225 2826 4315 σαρκὶ,
2861 4223 3217 4294 ζωοποιηθεὶς
3240 4223 3296 4277 δὲ
3324 4225 3617 4295 πνεύματι.
3636 4227 3728 4280 Ἑν

468 4358 576 4414 quo
610 4349 665 4395 ct
714 4338 799 4394 his
832 4336 921 4407 qui
973 4335 1023 4388 in
1057 4348 1278 4387 carcere
1308 4339 1468 4386 erant
1517 4326 1797 4398 spiritibus
1825 4323 2034 4378 veniens

2144 4311 2188 4385 ᾧ
2226 4317 2320 4371 καὶ
2347 4318 2459 4379 τοῖς
2488 4317 2546 4369 ὲν
2573 4313 2786 4385 φυλακῇ
2818 4312 3092 4383 πνεύμασι
3124 4312 3409 4384 πορευθεὶς
3460 4314 3727 4384 ἀκήρυξεν

467 4405 807 4503 prmdicavit,
846 4405 934 4496 qui
1000 4424 1262 4478 increduli
1308 4420 1523 4475 fuerant
1570 4415 1865 4486 aliquando
1897 4412 1965 4465 ⁸³.
2018 4429 2034 4463 ι

2146 4408 2476 4481 ἀπειθήσασι
2530 4424 2682 4461 ποτε.
2716 4426 2733 4458 ι
2793 4405 2986 4460 Πολλοὶ
3037 4405 3145 4459 τῶν
3202 4405 3373 4474 ἁγίων
3425 4406 3726 4477 ἀνῄρηνται

469 4496 614 4578 ὸιυιιί
640 4535 705 4575 ex
728 4519 932 4575 sanctis
960 4515 1118 4586 102
1143 4510 1424 4584 prophetis
1451 4506 1759 4576 interempti
1789 4513 1918 4561 sunt
1942 4520 1957 4567 ;
1988 4511 2034 4555 at

2148 4500 2474 4572 προφητῶν·
2538 4499 2652 4553 ἀλλ’
2699 4496 2872 4560 οὐδεὶς
2935 4496 3161 4550 ἐκείνων
3225 4496 3516 4551 ἀποθανεῖν
3584 4498 3726 4568 ύπέρ

470 4629 627 4670 nemo
650 4614 886 4676 illorum,
906 4620 995 4662 aut
1021 4614 1369 4677 peccatorum
1401 4617 1563 4655 causa
1597 4598 1915 4667 oppetiisse,
1949 4602 2034 4649 aut

2148 4591 2433 4662 ἁμαρτιῶν
2474 4591 2710 4662 εἴρηται,
2737 4587 2860 4641 οὔτε
2904 4588 3009 4658 μὴν
3056 4591 3425 4658 προσαγαγεῖν
3469 4590 3616 4660 ἡμᾶς
3648 4590 3727 4660 τῷ

467 4722 564 4760 sua
596 4718 693 4760 nos
728 4712 904 4756 morte
935 4698 1047 4755 Deo
1071 4697 1360 4759 obtulisse,
1392 4703 1487 4747 aut
1512 4691 1823 4760 spiritibus,
1853 4687 1944 4757 qui
1986 4686 2034 4740 in

2145 4683 2264 4754 Θεῴ
2301 4682 2391 4736 διὰ
2442 4681 2537 4735 τοῦ
2589 4680 2719 4733 ίὸίου
2748 4679 2979 4733 θανάτου
3001 4695 3014 4709 ο
3047 4678 3163 4732 ἀλλ’
3191 4678 3311 4733 οὐδὲ
3358 4681 3594 4751 ἐκήρυξε
3640 4696 3725 4743 τις

467 4810 685 4852 carcere
720 4791 1130 4853 detinebantur,
1172 4786 1501 4858 prmdicasse
1535 4785 1712 4836 dlt'lllS
1744 4787 1869 4847 est:
1906 4793 2034 4847 pra:-

2144 4778 2255 4839 τοῖς
2285 4776 2343 4827 ὲν
2364 4773 2579 4844 φυλακῇ
2603 4774 2894 4843 πνεύμασι.
2926 4771 3181 4845 Πέπραχε
3206 4771 3264 4825 δὲ
3289 4770 3446 4825 τοῦτο
3466 4773 3722 4843 Χριστὸς,

471 4889 611 4942 stitit
645 4887 748 4939 hoc
796 4894 973 4936 autem
1023 4880 1291 4934 Christus.
1348 4875 1449 4929 Per
1497 4874 1674 4944 ipsum
1716 4869 1861 4926 enim
1901 4877 1957 4922 et
1987 4868 2034 4922 in

2146 4870 2240 4922 καὶ
2270 4867 2337 4921 δι’
2364 4865 2531 4920 αὐτοῦ
2564 4881 2623 4918 τε
2656 4866 2749 4919 καὶ
2796 4865 2854 4916 ἐν
2899 4862 3051 4932 αύτῷ
3092 4860 3497 4932 λελυτρώμεθα,
3530 4864 3623 4917 καὶ
3664 4863 3728 4916 τὸ

469 4980 585 5047 ipso
645 4974 905 5041 redempti
942 4966 1201 5029 'sumus,
1259 4966 1537 5035 ipsiusque
1592 4976 1737 5017 mors
1778 4971 2034 5014 terrarum

2149 4959 2312 5013 αὑτοῦ
2340 4958 2509 5021 πάθος
2536 4954 2603 5027 ἦν
2628 4957 2707 5025 τῷ
2734 4956 2925 5026 κόσμῳ
2952 4956 3237 5025 σωτήριον.
3261 4953 3517 5008 Ἀπέθανε
3548 4954 3727 5008 τοίνυν

466 5040 585 5121 orbi
609 5039 843 5120 salutem:
865 5062 1066 5117 attulit.
1087 5057 1316 5112 Mortem
1338 5056 1521 5124 itaque
1547 5069 1645 5121 pro
1678 5051 1832 5107 nobis
1857 5049 2034 5112 subiit1

2150 5051 2289 5121 ὑπὲρ
2328 5048 2504 5120 ἡμῶν,
2533 5049 2631 5116 οὐχ
2653 5047 2726 5110 ὡς
2753 5045 3036 5117 ἄνθρωπος
3064 5039 3145 5108 εἷς
3170 5044 3430 5114 ὑπάρχων
3455 5042 3565 5096 τῶν
3593 5043 3696 5097 καθ
3714 5043 3728 5064 ’

469 5172 575 5213 non
605 5166 665 5209 ut
688 5155 849 5209 homo
878 5151 1146 5220 quispiam
1178 5146 1351 5203 nostri
1389 5144 1608 5211 similis,
1648 5143 1744 5198 sed
1793 5151 1853 5195 ut
1899 5139 2034 5193 Deus

2151 5143 2319 5213 ἡμᾶς,
2354 5140 2469 5193 ἀλλ’
2498 5138 2573 5199 ὡς
2619 5137 2751 5201 Θεὸς
2802 5138 2861 5190 ὲν
2897 5135 3084 5207 σαρκὶ,
3130 5135 3226 5206 τῆς
3278 5133 3534 5188 ἁπάντων
3578 5130 3726 5204 ζωῆς

467 5251 524 5305 in
562 5264 749 5314 carne,
773 5246 865 5317 qui
896 5258 1096 5314 corpus
1122 5256 1278 5296 suum
1312 5253 1409 5309 pro
1443 5235 1757 5292 mortalium
1788 5231 2034 5289 omnium

2148 5231 2502 5300 ἀντάλλαγμα
2533 5229 2596 5281 τὸ
2627 5226 2757 5281 ἴδιον
2786 5226 2945 5297 σῶμα
2973 5223 3167 5289 διδούς.

467 5342 578 5397 vita
607 5338 823 5396 obtulit.

2150 3931 2269 3984 ’Ότι
2303 3933 2337 3983 ό
2378 3928 2482 3983 τοῦ
2506 3928 2762 3998 Χριστοῦ
2787 3927 3044 3994 θάνατος
3068 3927 3153 3994 τῷ
3176 3928 3384 3997 κόσμῳ
3413 3927 3728 3997 σωτήριος.

564 5517 607 5549 ⁸ο
629 5516 791 5573 Hebr.
818 5531 875 5582 ι,
906 5512 1040 5576 5-7;
1072 5507 1217 5573 Psal.
1256 5521 1445 5573 χχχιι,
1482 5503 1597 5560 7-9.
1673 5501 1716 5533 ⁸³
1750 5500 1916 5556 Hebr.
1947 5513 2034 5555 xw

2139 5497 2195 5552 2.
2272 5495 2367 5550 “l
2403 5493 2550 5553 Tim.
2587 5509 2652 5560 ιι,
2691 5492 2747 5548 5.
2833 5486 3096 5544 ⁸³1Ρθιι.
3126 5504 3211 5558 ιιι,
3244 5483 3437 5543 18-20.

1522 5652 1700 5710 Varia
1718 5652 1979 5711 lectiones
2004 5651 2206 5710 codicis
2234 5649 2599 5731 Seguieriani.

545 5804 569 5832 ιι
599 5764 923 5865 ηὐδόκησας.
1000 5803 1027 5835 τ
1055 5798 1082 5851 ὀ
1113 5794 1236 5860 ἔξω.
