4060 6414
384 440 524 491 ΗΞΠ

1463 450 1548 505 DE
1591 449 1815 506 RECTA
1860 450 2016 506 FIDE
2054 450 2144 505 AD
2185 441 2503 506 BECINAS.

3476 440 3615 501 1298

447 573 465 603 ε
492 551 733 625 Χριστοῦ
762 552 854 612 οὖν
889 561 1148 626 παθόντος
1197 564 1335 637 ὑπὲρ
1372 568 1527 636 ἡμῶν
1574 568 1755 638 σαρκί.
1790 587 1807 619 ι
1855 568 1942 631 Ὠς

2127 586 2145 619 ι
2184 566 2403 622 Christo
2447 564 2612 636 igitur
2641 577 2801 633 passo
2832 561 2884 616 in
2928 574 3091 616 carne
3115 558 3185 614 “.
3234 577 3252 611 ι
3288 559 3422 617 Cum
3461 561 3620 616 Chri—

371 642 478 714 ιᾶρ
509 646 844 716 ὑπάρχοντος
888 652 1023 705 Θεοῦ
1066 653 1157 706 τοῦ
1208 655 1465 725 Χριστοῦ,
1500 656 1676 725 σοφῶς
1708 659 1799 710 καί⁵
1841 660 1941 729 ὲμ-

367 738 584 805 γοόνως
633 739 662 790 ὁ
711 742 958 813 μαθητὴς
990 746 1153 815 σαρκὶ
1200 748 1525 802 πεπονθέναι
1563 750 1725 818 φησὶν
1758 750 1941 812 αὐτὸν,

371 827 659 894 ιζπεξάγων
688 830 781 884 τοῦ
810 833 999 887 παθεῖν
1028 836 1125 906 τὴν
1153 837 1462 909 ἀπόρρητον
1492 840 1671 909 φύσιν,
1704 835 1772 911 ἧς
1793 839 1948 893 ἀλλό-

366 934 520 986 τριον
550 918 611 971 τὸ
640 922 850 976 παθεῖν.
872 926 996 996 Ίδίᾳ
1027 928 1206 980 τοίνυν
1251 929 1482 982 πέπονθε
1530 931 1715 1002 σαρκὶ,
1770 932 1947 985 καίτοι

368 1006 465 1059 τοῦ
516 1009 715 1063 παθεῖν
758 1014 1009 1088 ἀμοιρεῖν
1057 1018 1363 1087 εἰθισμένος
1410 1022 1438 1073 6
1482 1022 1546 1074 ἐκ
1586 1020 1721 1074 θεοῦ
1753 1022 1943 1089 Λόγος.

371 1097 504 1160 Θεὸς
527 1095 620 1153 οὖν
647 1101 755 1172 ἄρα
795 1104 1046 1174 Χριστὸς,
1084 1108 1280 1174 θεῖκῶς
1314 1110 1412 1179 μὲν
1445 1111 1683 1182 ἀπαθὴς,
1708 1112 1948 1183 παθητὸς

370 1183 429 1236 δὲ
455 1186 594 1240 κατὰ
627 1186 727 1258 τὴν
754 1191 954 1261 σάρκα.
1596 1216 1605 1221 -

373 1464 499 1519 Ὅτι
528 1470 563 1522 ό
592 1470 699 1524 τοῦ
725 1473 982 1540 Χριστοῦ
1007 1475 1264 1546 Odit-arce
1293 1479 1374 1545 τῷ
1403 1482 1605 1552 κόσμῳ
1636 1486 1947 1554 σωτήριος.

575 1585 671 1641 Ἐκ
708 1589 815 1643 τοῦ
852 1593 1003 1647 κατὰ
1043 1594 1321 1666 Ἰωάννην
1357 1599 1753 1667 Εὺατγελὶου.

448 1709 469 1743 t
498 1695 683 1752 Ταῦτα
707 1701 805 1754 οὐκ
828 1702 1072 1771 ἔγνωσαν
1096 1706 1145 1759 ol
1172 1707 1411 1779 μαθηταὶ
1439 1710 1604 1763 αὑτοῦ
1630 1711 1691 1765 τὸ
1716 1713 1948 1784 πρῶτον·

373 1786 491 1842 ἀλλ’
519 1789 607 1841 ὅτε
660 1791 921 1864 ἐδοξάσθη
974 1797 1003 1850 6
1045 1797 1273 1868 Ἰησοῦς,
1304 1801 1425 1853 τότε
1472 1802 1821 1874 ἐμνήσθησαν
1870 1807 1953 1859 ὅτι

2050 668 2166 713 stus
2197 659 2266 711 sit
2301 670 2462 712 verus
2498 655 2661 718 Deus,
2711 662 2859 708 recte
2901 653 3280 721 sapienterque
3314 651 3620 721 diScipulus

2050 764 2213 805 carne
2244 748 2390 802 illum
2419 762 2633 817 passum
2659 744 2909 799 allirmat.
2945 743 3055 798 Hac
3089 743 3233 798 enim
3274 742 3484 796 ratione
3522 758 3622 795 na-

2052 852 2227 894 turam
2257 840 2402 893 illam
2436 839 2780 899 immensam,
2814 835 2864 888 in
2896 848 3001 903 qua
3041 832 3185 886 nulla
3224 832 3504 901 perpessio
3529 846 3622 884 ca-

2050 929 2147 993 dit,
2180 928 2246 981 ub
2274 927 2419 982 omni
2463 925 2815 996 perpessione
2843 922 3051 978 eximit.
3106 920 3215 975 Sua
3250 922 3412 990 igitur
3449 936 3620 975 carne

2050 1034 2243 1089 passus
2294 1028 2395 1083 est,
2430 1032 2741 1088 quanquam
2789 1015 2882 1070 Dei
2934 1013 3167 1068 Verbum
3221 1014 3517 1068 secundum
3565 1028 3624 1066 se

2052 1111 2256 1164 nullius
2318 1109 2682 1179 perpessiouis
2721 1120 2890 1176 capax
2945 1116 3048 1158 est.
3102 1104 3357 1159 Christus
3400 1104 3629 1172 proinde

2055 1202 2195 1256 Deus
2249 1213 2375 1264 est,
2448 1199 2798 1266 impassihilis
2854 1199 3070 1265 quidem
3115 1196 3413 1249 secundum
3480 1194 3625 1247 divi-

2055 1309 2182 1346 nam
2215 1303 2503 1356 naturam;
2547 1290 2844 1344 secundum
2894 1289 3184 1342 humanam
3235 1297 3417 1341 autem
3450 1287 3627 1355 passi-

2054 1385 2195 1437 bilis.

2289 1496 2440 1560 Quod
2477 1494 2672 1547 Christi
2712 1510 2851 1546 mors
2880 1491 3073 1546 mundo
3116 1490 3392 1546 salutaris.

2322 1608 2403 1662 Ex
2436 1605 2722 1675 Evangelia
2754 1606 3047 1660 secundum
3077 1603 3366 1657 Joannem.

2135 1740 2152 1771 ι
2193 1720 2319 1775 llaec
2360 1736 2464 1775 non
2500 1727 2881 1791 cognoverunt
2913 1715 3163 1786 discipuli
3199 1714 3321 1784 ejus
3352 1714 3587 1784 primum
3617 1731 3629 1767 :

2059 1813 2153 1865 sed
2195 1811 2414 1880 quando
2467 1810 2800 1881 gloriﬁcatus
2844 1818 2927 1865 est
2968 1807 3146 1871 Jesus,
3192 1816 3320 1860 tunc
3368 1806 3633 1860 recordati

373 1877 547 1972 ταῦτα
587 1875 657 1951 ἦν
702 1883 794 1936 ἐπ’
826 1884 975 1956 αὐτῷ
1019 1890 1401 1960 γεγραμμένα.
1435 1910 1454 1942 ι
1486 1894 1595 1947 Καὶ
1623 1895 1819 1948 πάλιν·
1855 1915 1873 1948 ι
1898 1897 1956 1951 '0

2070 1875 2370 1972 suun-quia
2399 1875 2514 1957 meo
2540 1904 2755 1956 fuerant
2781 1901 2983 1968 scripta
3017 1899 3082 1954 de
3105 1912 3170 1951 eo
3200 1897 3271 1962 ἠς
3317 1915 3335 1946 ι
3374 1904 3428 1950 et
3460 1894 3630 1948 infra:

373 1966 433 2061 δὲ
477 1968 685 2041 Ἰησοῦς
729 1975 1082 2047 ἀποκρίνεται
1112 1980 1296 2045 αὐτοῖς
1336 1981 1544 2050 λέγων·
1591 1984 1876 2057 Ἐλήλυθεν
1925 1990 1958 2059 ὴ

2070 2013 2085 2047 ι
2118 1966 2279 2050 Iesus
2294 2002 2476 2048 autem
2506 1982 2799 2061 respondet
2823 1966 2924 2051 eis.
2954 1989 3183 2044 dicens:
3206 1986 3367 2042 Venit
3394 1987 3547 2049 hora,
3571 1995 3632 2041 ut

375 2058 515 2150 ῶρα,
551 2061 638 2116 ἵνα
667 2064 897 2139 δοξασθῇ
928 2069 957 2120 ό
982 2069 1111 2134 Υίδς
1137 2071 1229 2124 τοῦ
1262 2072 1571 2146 ἀνθρώπου.
1590 2076 1781 2146 ’Δμὴν,
1812 2058 1960 2150 ἀμὴν

377 2149 521 2220 λέγω
552 2153 703 2224 ὑμῖν,
734 2156 831 2211 ἐὰν
865 2159 941 2230 μὴ
965 2160 994 2212 6
1023 2160 1222 2226 κόκκος
1250 2162 1345 2216 τοῦ
1372 2164 1520 2219 σίτου
1551 2166 1732 2221 πεσὼν
1755 2169 1836 2232 είς
1862 2149 1961 2242 τὴν

377 2243 483 2312 γῆν
510 2244 779 2335 άποθάνῃ,
808 2249 972 2316 αὐτὸς
1020 2253 1181 2322 μόνος
1218 2254 1369 2324 μένει
1392 2272 1404 2285 ’
1441 2257 1536 2312 ἐὰν
1579 2258 1637 2313 δὲ
1688 2260 1957 2335 ἀποθάνῃ,

377 2333 592 2403 καρπὸν
621 2337 843 2391 πλείονα
873 2340 1055 2411 φέρει.
1091 2362 1109 2396 ι
1139 2345 1297 2398 Ἐστι
1342 2347 1399 2399 δὲ
1448 2347 1550 2402 οὐκ
1588 2350 1889 2421 ἀμφίλογον
1912 2333 1960 2419 ί,

376 2420 462 2474 δτι
494 2423 762 2479 σέσωσται
790 2430 899 2492 πᾶς
923 2432 951 2483 6
980 2430 1201 2500 κόσμος,
1231 2433 1595 2501 ἀποθανόντος
1613 2439 1757 2510 ,ὑπὲρ
1794 2420 1962 2496 αὐτοῦ

379 2511 476 2564 τοῦ
516 2515 883 2589 Ἐμμανουήλ.
915 2519 1059 2591 Πλὴν
1101 2523 1277 2577 ἐκεῖνο
1315 2525 1568 2598 λέγομεν⁹
1598 2530 1724 2593 Πῶς
1757 2533 1965 2588 ἀποθα-

379 2601 489 2657 νὼν
509 2603 809 2676 ὲδοξάσθη;
863 2610 1042 2665 καίτοι
1078 2614 1279 2680 μᾶλλον
1311 2617 1502 2687 μῶμον
1531 2621 1817 2687 ἀσθενείας
1850 2624 1964 2696 ἔχει

377 2699 441 2747 τό
472 2696 662 2767 χρῆμα
684 2714 699 2729 ·
727 2699 850 2754 ὅθεν
882 2704 975 2756 καὶ
1001 2705 1264 2776 αἰσχύνης
1289 2713 1696 2783 καταφρονῆσαι
1723 2716 1964 2784 λέγεται,

382 2785 623 2879 γεγονὼς
676 2790 918 2862 ὑπήκοος
966 2795 1127 2865 μέχρι
1178 2797 1428 2854 θανάτου.
1467 2802 1607 2855 Ἀλλ’
1642 2806 1771 2870 ἴσως
1819 2810 1968 2879 ἐρεῖς

379 2876 695 2944 δεδοξάσθαι
717 2881 805 2935 διὰ
829 2884 929 2953 τὴν
951 2886 1248 2941 ἀνάστασιν
1275 2891 1459 2945 αὐτόν.
1479 2894 1683 2964 Ὀρθῶς
1708 2876 1966 2966 ἔχειίκαὶ

383 2968 591 3063 άληθὴς
625 2972 665 3063 ‘6
716 2971 1026 3046 λόγος.*Αρ’
1050 2972 1143 3030 οὖν
1185 2981 1385 3034 ἀνεϐίω
1429 2984 1625 3048 θεῖκῶς
1674 2988 1894 3056 μᾶλλον,
1930 2992 1964 3063 ἦ

383 3058 776 3128 ἀνθρωπίνως;
812 3065 978 3133 Ἀλλ’,
1004 3063 1176 3135 οἶμαι,
1199 3069 1592 3135 θεῖκῶς.’¹οταν
1621 3072 1715 3129 οὖν
1743 3079 1906 3143 αὐτὸς

385 3151 453 3204 ἐκ
480 3152 614 3206 Θεοῦ
641 3155 812 3223 Λόγος
838 3160 1003 3222 σαρκὶ
1047 3161 1272 3229 λέγηται
1323 3165 1535 3227 παθεῖν.
1574 3168 1649 3238 μὴ
1695 3172 1963 3240 αἰσχυνώ-

2059 2082 2389 2139 clariﬁcetur
2414 2082 2588 2138 Filius
2617 2080 2874 2137 hominis.
2895 2081 3094 2143 Amen,
3127 2092 3285 2132 amen
3311 2077 3431 2131 dico
3458 2076 3634 2143 vobis,

2062 2173 2167 2229 nisi
2197 2188 2426 2243 granum
2461 2171 2722 2227 frumenti
2765 2169 2968 2225 cadens
3009 2169 3064 2222 in
3110 2177 3316 2222 terram
3352 2177 3631 2219 mortuum

2063 2264 2242 2329 fuerit,
2290 2265 2462 2333 ipsum
2519 2262 2690 2319 solum
2739 2270 2920 2314 manet
2960 2277 2974 2314 :
3024 2257 3071 2313 si
3120 2268 3304 2313 autem
3359 2267 3631 2311 mortuum

2064 2353 2249 2415 fuerit.
2300 2353 2525 2407 multum
2570 2351 2806 2406 fructum
2867 2345 3117 2403 aﬂ'ert".
3158 2366 3177 2400 ι
3218 2347 3361 2401 Nulli
3413 2346 3637 2401 dubium

2062 2455 2146 2499 εει
2209 2444 2526 2499 universum
2578 2442 2859 2505 mundum,
2908 2437 3257 2494 Emtuanucle
3302 2446 3528 2491 mortem
3572 2435 3636 2487 il-

2062 2534 2170 2590 lius
2188 2549 2350 2590 causa
2377 2534 2703 2595 sustinente,
2720 2542 2997 2587 servatum
3020 2544 3163 2585 esse.
3189 2532 3257 2583 At
3279 2527 3402 2596 iure
3423 2526 3639 2580 interim

2065 2627 2232 2697 quaeri
2270 2632 2449 2696 potest
2495 2627 2770 2695 quomodo
2834 2621 3063 2691 gloriam
3110 2634 3207 2691 per
3239 2629 3466 2673 mortem
3506 2632 3631 2671 cou-

2067 2730 2286 2773 secutus
2312 2716 2492 2783 fuerit,
2519 2731 2637 2770 cum
2659 2730 2726 2769 ea
2751 2729 2839 2769 res
2864 2723 3065 2782 aperta:
3093 2712 3370 2779 cuiusdam
3404 2708 3632 2763 inﬁrmi-

2070 2813 2200 2864 tatis
2237 2824 2360 2865 esse
2407 2808 2705 2864 videatur:
2748 2807 2891 2859 unde
2933 2807 3096 2859 etiam
3139 2811 3446 2871 contempta
3485 2803 3641 2871 igno-

2069 2897 2234 2950 minia
2267 2897 2311 2930 ⁸⁷
2337 2896 2403 2951 ad
2430 2906 2662 2951 mortem
2691 2909 2863 2965 usque
2881 2894 3143 2947 obediens
3170 2892 3337 2946 fuisse
3359 2889 3639 2963 legitur”.

2069 2988 2228 3044 Dices
2260 2989 2445 3044 forsan
2484 2989 2634 3044 illum
2668 3002 2764 3057 per
2794 2985 3250 3041 resurrectionem
3280 2983 3642 3052 gloriﬁcatqu

2068 3094 2213 3134 esse.
2249 3080 2439 3145 Recte,
2469 3081 2727 3149 inquam;
2759 3092 2884 3132 vera
2927 3077 3078 3130 enim
3101 3084 3186 3129 est
3228 3074 3341 3129 ltazc
3374 3072 3641 3127 doctrina.

2072 3172 2177 3225 Sed
2210 3171 2464 3225 divinane
2492 3172 2695 3225 virtute
2735 3169 2951 3234 revixit,
2997 3182 3064 3221 an
3097 3165 3365 3219 humana?
3392 3163 3647 3217 Arbitror

391 3240 531 3309 μεθα
562 3243 623 3296 τὸ
653 3246 851 3311 πάθος·
879 3250 1037 3317 δόξαν
1088 3253 1200 3323 γὰρ
1244 3252 1356 3324 ἔχει
1398 3257 1459 3308 τὸ
1487 3257 1657 3323 τέλος,
1686 3260 1779 3315 καὶ
1813 3262 1966 3317 τοῦτο

2074 3263 2326 3332 cquide
2355 3301 2370 3325 ,
2419 3262 2623 3316 divina.
2667 3261 2803 3316 Cum
2854 3261 3031 3329 ipsum
3089 3272 3218 3327 ergo
3265 3256 3355 3310 Dei
3411 3256 3646 3310 Verbum

389 3333 689 3406 θεοπρεπῆ.

427 3639 554 3695 Ὀτι
594 3636 679 3710 εἷς
729 3647 863 3712 Υἱὸς
899 3650 934 3701 ό
970 3649 1267 3789 τοῗζρθεοὲ
1305 3655 1403 3707 καὶ
1445 3657 1661 3727 Κύριος
1700 3660 1959 3729 Ἰησοῦς,

832 3736 847 3751 κ
1132 3737 1231 3775 ιστ
1270 3743 1323 3788 ς.

832 3736 847 3751 κ
1044 3736 1323 3788 aptatae.

776 3827 877 3879 Ἕκ
915 3826 1026 3895 τῆς
1065 3831 1214 3897 πρὸς
1250 3832 1591 3901 Ῥωμαίους.

467 3935 625 4005 «Ἆρ’
658 3932 754 3991 οὖν
800 3939 962 4003 αὐτὸς
1012 3940 1122 4009 ἐγὼ
1155 3941 1231 4013 τῷ
1268 3944 1367 4014 μὲν
1413 3946 1494 3999 νοῒ
1540 3947 1776 4002 δουλεύω
1824 3951 1973 4023 νόμῳ

391 4021 548 4090 Θεοῦ,
574 4030 642 4098 τῇ
670 4028 725 4080 δὲ
762 4031 926 4100 σαρκὶ
949 4031 1101 4104 νόμῳ
1128 4034 1424 4107 ἁμαρτίας.
1456 4038 1621 4093 Οὐδὲν
1649 4040 1758 4110 ἄρα
1801 4021 1973 4098 κατάέ

393 4130 566 4185 κριμα
592 4119 705 4179 τοῖς
729 4120 788 4171 ὲν
812 4120 1036 4191 Χριστῷ
1067 4122 1263 4193 Ἰησοῦ.
1280 4124 1341 4179 '0
1366 4126 1476 4198 γάρ
1500 4128 1663 4198 νόμος
1684 4129 1777 4184 τοῦ
1803 4133 1973 4186 Πνεῦ-

397 4223 564 4273 ματος
600 4208 700 4278 τῆς
714 4209 884 4280 ζωῆς,
923 4212 1268 4286 ἠλευθέρωσέ
1305 4235 1372 4287 με
1405 4217 1513 4272 ἀπὸ
1545 4219 1640 4273 τοῦ
1675 4221 1842 4292 νόμου
1873 4225 1975 4295 τῆς

394 4299 668 4370 ἁμαρτίας
696 4301 790 4355 καὶ
821 4302 915 4356 τοῦ
944 4303 1195 4358 θανάτου.
1225 4307 1298 4359 Τὸ
1331 4309 1440 4382 γὰρ
1476 4309 1735 4364 ἀδύνατον
1769 4313 1863 4367 τοῦ
1889 4316 1976 4368 νό-

398 4406 522 4458 μου,
556 4392 614 4444 ὲν
634 4386 678 4459 ᾧ
709 4392 926 4462 ἠσθένει
957 4393 1046 4447 διὰ
1074 4395 1176 4465 τῆς
1202 4397 1420 4467 σαρκὸς,
1453 4400 1480 4452 6
1508 4398 1642 4469 Θεὸς
1669 4398 1760 4452 τὸν
1782 4401 1975 4455 ἑαυτοῦ

397 4476 524 4530 Υἱδν
570 4480 794 4550 πέμψας
843 4483 902 4535 ὲν
947 4483 1256 4555 ὁμοιώματι
1307 4488 1508 4557 σαρκὸς
1554 4491 1849 4561 ἁμαρτίας,
1883 4495 1978 4546 καὶ

2074 3367 2239 3405 carne
2278 3366 2495 3420 passum
2544 3351 2764 3412 dicitur,
2805 3350 2954 3404 nullo
2998 3350 3203 3418 pudore
3249 3344 3648 3401 sutl‘nndan‘mr.

2069 3441 2310 3498 Gloriam
2341 3442 2505 3504 enim,
2533 3457 2763 3510 eamque
2801 3441 2910 3495 Dco
2939 3439 3533 3501 conveniet:tissimant,
3574 3433 3647 3488 rei

2070 3536 2248 3589 exitus
2276 3537 2523 3589 sortitur.

2078 3646 2233 3717 103
2269 3646 2424 3712 Quod
2457 3663 2594 3700 unus
2648 3643 3061 3769 sizlbei‘Filim
3101 3654 3151 3698 et
3196 3642 3451 3697 Dominus
3494 3638 3652 3693 Jews

2762 3731 2858 3769 ms
2885 3731 2965 3769 ut.

2762 3731 2965 3769 ινιειιη.

2480 3828 2563 3882 Ea:
2598 3826 2839 3895 Epistola
2875 3827 2944 3879 ad
2980 3825 3266 3879 Romanos.

2151 3960 2168 3991 ι
2206 3941 2376 4009 Igitur
2419 3955 2519 4009 ego
2560 3940 2674 4009 ipse
2724 3947 2909 3992 mente
2965 3938 3144 3991 servio
3177 3937 3277 4005 legi
3327 3935 3442 4001 Dei,
3489 3948 3660 3988 carne

2078 4039 2259 4083 autem
2300 4029 2404 4097 legi
2443 4030 2671 4103 peccati.
2722 4027 2866 4081 Nihil
2912 4042 3044 4098 ergo
3097 4041 3240 4099 nunc
3288 4025 3655 4078 damnationis

2075 4131 2157 4176 est
2205 4121 2272 4176 iis
2321 4121 2411 4190 qui
2448 4130 2574 4174 sunt
2606 4121 2657 4173 in
2683 4119 2904 4175 Christo
2941 4120 3090 4185 Jesu,
3118 4120 3206 4187 qui
3233 4133 3335 4171 nou
3364 4117 3657 4171 secundum

2077 4226 2293 4266 carnem
2328 4210 2621 4264 ambulant.
2654 4209 2763 4264 Lex
2798 4210 2941 4264 enim
2974 4207 3213 4278 Spiritus
3245 4208 3365 4261 vita:
3410 4208 3460 4259 in
3493 4205 3652 4259 Chri-

2078 4310 2161 4357 sto
2190 4300 2321 4358 Jesu
2351 4301 2602 4356 liberavit
2628 4317 2714 4356 me
2737 4316 2767 4355 a
2802 4300 2919 4369 lege
2945 4300 3152 4369 peccati
3182 4308 3237 4353 et
3273 4298 3483 4352 mortis.
3522 4294 3656 4348 Nam

2078 4395 2222 4463 quod
2256 4392 2594 4462 impossibile
2618 4400 2738 4447 erat
2767 4391 2896 4461 legi,
2932 4392 2983 4444 in
3017 4406 3125 4459 quo
3159 4388 3541 4442 iutirmabatnr
3565 4399 3662 4451 per

2081 4500 2327 4550 carnem,
2363 4485 2503 4539 Deus
2548 4482 2747 4538 Filium
2790 4497 2949 4537 suum
2994 4481 3218 4533 mittens
3260 4478 3314 4533 iu
3352 4476 3660 4531 similitudi-

396 4571 526 4641 περὶ
560 4572 854 4642 ἁμαρτίας,
886 4573 1175 4646 κατέκρινε
1220 4576 1320 4649 τὴν
1365 4580 1641 4650 ἁμαρτίαν
1685 4581 1744 4635 ἐν
1793 4584 1966 4656 σαρκὶ,

2086 4593 2206 4631 netu
2236 4577 2417 4631 carnis
2454 4575 2684 4646 peccati,
2716 4582 2767 4630 et
2801 4575 2866 4628 de
2894 4580 3123 4643 peccato
3158 4569 3433 4625 damnavit
3458 4582 3655 4635 pecca-

397 4661 482 4714 ῐνα
515 4662 578 4715 τὸ
608 4662 883 4733 δικαίωμα
929 4664 1025 4719 τοῦ
1067 4667 1232 4738 νόμου
1281 4669 1542 4743 πληρωθῇ
1574 4673 1634 4724 ὲν
1676 4675 1829 4744 ἡμῖν,
1863 4677 1977 4741 τοῖς

399 4751 475 4822 μὴ
510 4753 654 4807 κατὰ
687 4754 866 4826 σάρκα
895 4757 1312 4827 περιπατοῦσιν,
1346 4761 1483 4815 ἀλλὰ
1516 4764 1658 4818 κατὰ
1685 4765 1923 4836 πνεῦμα.
1951 4786 1985 4820 »-

396 4844 672 4915 Μάχονται
720 4846 820 4915 μὲν
857 4847 967 4919 γὰρ
1006 4848 1452 4921 ὁμολογουμένως
1493 4853 1801 4927 ἀλλήλοιςή
1838 4856 1975 4929 σὰρξ

397 4934 573 4988 καὶτὸ
601 4936 839 5007 πνεῦμα,
865 4939 1110 4993 τουτέστι
1139 4941 1199 4993 τὺ
1228 4942 1481 5014 φρόνημα
1507 4944 1569 4997 τὸ
1596 4946 1856 5016 σαρκικὸν
1880 4949 1976 5003 καὶ

397 5024 508 5077 τῶν
536 5026 793 5096 ἐμφύτων
822 5030 954 5101 ἡμῖν
980 5028 1185 5100 ἡδονῶν
1209 5030 1270 5083 τὸ
1304 5031 1529 5102 κίνημα,
1563 5034 1659 5088 καὶ
1699 5035 1798 5106 τῆς
1838 5037 1981 5090 κατά

397 5114 461 5166 τὸ
504 5114 730 5185 Πνεῦμα
773 5115 920 5188 ζωῆς
951 5119 984 5187 ἡ
1010 5117 1258 5188 δύναμις.
1288 5118 1407 5173 Κᾶν
1438 5122 1467 5174 6
1494 5120 1635 5185 θεῖος
1666 5123 1816 5193 ἡμᾶς
1845 5123 1981 5176 ἀπο-

399 5205 541 5279 φέρῃ
584 5206 748 5276 νόμος
779 5209 858 5272 εἴς
884 5225 949 5276 γε
972 5208 1035 5262 τὸ
1059 5207 1168 5263 δεῖν
1197 5209 1414 5265 ἑλέσθαι
1459 5211 1519 5264 τὸ
1548 5212 1773 5280 ἀγαθὸν,
1804 5213 1917 5268 ἀλλ’
1945 5217 1980 5287 ἡ

400 5294 498 5365 τῆς
530 5296 733 5367 σαρκὸς
759 5297 1023 5369 ἐπιθυμία
1052 5301 1439 5367 καταϐιάζεται
1460 5303 1599 5374 πρὸς
1623 5305 1684 5358 τὸ
1714 5305 1977 5361 ἐναντίον.

470 5448 517 5523 ῥ’
547 5449 563 5500 l
602 5448 849 5529 Petr._tv,
882 5452 929 5509 Ι.
1004 5454 1050 5487 ⁸⁵
1078 5455 1232 5513 .Ioan.
1267 5473 1364 5525 xu,
1395 5456 1479 5514 16.
1502 5456 1515 5467 ‘
1560 5459 1607 5495 ⁸⁸
1632 5460 1767 5515 ibid.
1796 5463 1888 5529 24,
1921 5463 2015 5518 ‘25-

401 5514 510 5583 25;
545 5532 655 5581 Vttl.
694 5522 807 5576 1-4.

2085 4679 2197 4724 tum
2230 4670 2283 4723 in
2316 4684 2507 4734 carne,
2539 4678 2595 4723 ut
2616 4666 2940 4738 justiﬁcatio
2975 4663 3108 4734 legis
3142 4663 3464 4731 impleretur
3491 4661 3542 4714 in
3574 4675 3663 4715 no-

2091 4760 2197 4827 bis,
2252 4759 2347 4830 qui
2396 4774 2502 4814 non
2547 4759 2849 4814 secundum
2887 4771 3110 4812 carnem
3159 4753 3524 4814 ambulamus,
3568 4755 3662 4810 sed

2083 4851 2381 4908 secundum
2418 4850 2668 4921 spiritum
2698 4849 2768 4903 ”.
2802 4866 2820 4900 ι
2863 4848 3184 4918 Depugnant
3218 4860 3451 4914 namque
3476 4851 3663 4912 aperto

2085 4944 2232 5001 inter
2261 4957 2322 4998 se
2351 4952 2528 4998 marte
2549 4957 2680 4996 caro
2709 4949 2764 4995 et
2791 4940 3038 5009 spiritus,
3071 4942 3171 4994 hoc
3204 4946 3288 4995 est
3316 4952 3513 4991 sensus
3543 4951 3664 4991 car-

2085 5035 2169 5089 nis
2216 5033 2616 5101 insitarumque
2647 5031 2803 5087 nobis
2827 5029 3207 5085 illecebrarum
3240 5036 3440 5092 motus,
3469 5036 3519 5080 et
3554 5025 3664 5093 spi-

2085 5126 2265 5182 ritalis
2297 5126 2426 5180 vitae
2465 5123 2715 5180 facultas.
2745 5122 2878 5178 Nam
2910 5123 3016 5178 etsi
3063 5122 3245 5176 divina
3291 5119 3375 5173 lex
3429 5118 3494 5171 ad
3540 5116 3664 5171 boni

2086 5216 2435 5287 cupiditatem
2468 5231 2568 5271 nos
2595 5216 2811 5284 invitet,
2837 5218 3021 5272 carnis
3049 5226 3230 5269 tamen
3264 5212 3665 5277 concupiscen-

2088 5309 2158 5363 tia
2194 5308 2260 5363 ad
2295 5308 2632 5363 contrarium
2659 5319 2836 5379 urget.
2870 5309 2939 5363 At
2964 5309 3077 5362 haec
3108 5307 3221 5361 rixa
3247 5319 3345 5375 per
3376 5301 3658 5357 Christum

2128 5464 2171 5496 ⁸⁷
2208 5464 2370 5520 Hebr.
2401 5479 2499 5529 xu,
2533 5463 2590 5521 9..
2703 5464 2749 5495 ³⁸
2780 5462 3007 5533 Philipp.
3038 5476 3098 5527 ll,
3129 5459 3183 5515 8.
3306 5455 3353 5491 ⁸⁸
3379 5455 3532 5511 Rom.
3568 5467 3664 5524 Vtt,

2910 5644 2944 5666 ﬁ

1471 5681 1646 5741 Varia:
1676 5685 1937 5744 lectiones
1958 5689 2160 5745 codicis
2192 5691 2549 5759 Seguieriani.

480 5818 509 5851 κ
540 5808 864 5881 ἀμφίϐολον.
