4060 6422
412 422 434 476 Ι
445 418 554 477 ’Ξθθ

1369 424 1430 480 S.
1473 424 1745 480 CYRILLI
1789 427 2259 483 ALEXANDRINI
2298 428 2620 486 ABCHIEP.

3517 432 3539 484 1
3553 429 3660 486 500

408 553 551 592 nunc
576 538 791 592 demum
809 539 1076 610 dirempta
1095 550 1180 597 est
1210 558 1225 596 :
1258 543 1723 613 quandoquidem,
1767 546 1977 614 peccati

2097 546 2315 599 Λέλυται
2342 546 2399 600 δὲ
2427 545 2522 600 νῦν
2548 547 2607 599 ὲν
2635 544 2855 617 Χριστῷ
2896 547 2957 598 τδ
3002 543 3376 610 ἁντιστατοῦν,
3409 544 3506 598 καὶ
3541 545 3667 615 i116-
3714 610 3721 619 O

408 630 422 682 l
446 646 525 699 ge
549 646 643 697 per
671 630 818 684 illum
849 631 1198 698 labefactum,
1225 634 1311 688 lex
1364 634 1604 704 Spiritus
1633 650 1855 703 regnum
1882 635 1982 689 ob-

412 722 566 778 tinet.
594 721 705 789 Qua
735 722 879 778 istud
901 734 1083 779 autem
1106 725 1174 779 de
1204 727 1412 783 causa?
1442 746 1461 778 ι
1490 726 1636 782 Misit
1663 728 1807 781 enim
1843 725 1986 782 Deus

409 811 605 866 Filium
655 826 815 868 suum
868 815 920 869 iu
966 814 1381 871 similitudinem
1416 817 1600 871 carnis
1637 817 1877 886 peccati,
1926 826 1987 869 ut

409 912 692 971 peccatum
730 905 1057 961 condemnet
1100 906 1154 961 in
1189 922 1354 961 carne
1382 908 1453 962 ”.
1493 926 1512 959 ι
1547 907 1647 973 Qui
1695 922 1826 977 ergo
1870 906 1984 961 ﬁeri

410 1001 595 1062 potest
658 1002 717 1048 ut
752 994 911 1050 Verbi
952 998 1254 1052 incarnatio
1303 1012 1405 1051 non
1449 997 1615 1052 fuerit
1651 1011 1862 1052 summe
1895 1013 1988 1049 ue-

411 1085 698 1140 cessaria?
741 1087 849 1141 Per
900 1088 1041 1142 hanc
1090 1103 1326 1157 namque
1378 1098 1659 1158 peccatum
1712 1089 1767 1142 in
1821 1100 1987 1142 carne

409 1179 574 1233 etiam
614 1189 801 1234 nostra
846 1181 1270 1236 condemnatmn
1319 1190 1424 1235 est.
1456 1180 1610 1247 Quod
1650 1180 1697 1235 si
1753 1178 1985 1233 Verbum

412 1285 542 1325 caro
569 1270 770 1325 factum
804 1286 911 1325 nou
941 1282 1044 1335 est,
1079 1288 1169 1327 res
1196 1284 1395 1327 nostrre
1426 1273 1648 1325 omnino
1702 1279 1989 1341 prostrata:

419 1366 885 1434 inemendata'que
929 1375 1286 1429 manserunt;
1339 1374 1500 1434 atque
1563 1364 1697 1418 adeo
1744 1379 1837 1432 per
1869 1378 1988 1417 car-

413 1468 538 1508 nem
570 1454 670 1525 legi
707 1456 914 1523 peccati
942 1457 1235 1519 servimus,
1267 1455 1412 1510 nullo
1457 1456 1510 1509 in
1540 1456 1700 1510 nobis
1727 1455 1986 1523 impetum

414 1544 559 1601 illius
651 1548 975 1601 rctundcute
1052 1556 1147 1601 aut
1223 1545 1555 1601 refrenante.
1611 1544 1986 1600 Necessarium

414 1638 643 1706 proinde
674 1639 953 1694 exstitisse
970 1637 1203 1693 dicimus
1228 1638 1626 1708 hypostaticam
1659 1636 1842 1691 carnis
1866 1650 1991 1691 cum

420 1726 595 1782 Verbo
623 1729 915 1791 unionem;
958 1744 1061 1784 non
1089 1744 1441 1799 personarum
1468 1730 1611 1782 inter
1630 1742 1688 1782 se
1715 1726 1987 1796 copulam,

416 1828 510 1872 aut
554 1819 724 1874 solam
779 1820 1112 1873 voluntatum
1176 1819 1523 1874 concordiam
1578 1826 1632 1873 et
1685 1817 1986 1886 simplicem

415 1908 875 1978 coniunctionem,
907 1925 1069 1980 quam
1101 1911 1322 1979 quidam
1362 1918 1626 1965 statuunt.

490 2019 510 2053 ι
545 2000 684 2067 Quid
718 2014 847 2069 ergo
879 2001 1119 2056 dicemus
1165 2002 1232 2054 ad
1279 2000 1438 2056 hzecl
1474 1999 1531 2054 Si
1572 1998 1717 2053 Deus
1757 2013 1854 2068 pro
1887 2012 1988 2052 no-

413 2091 523 2154 bis,
549 2092 673 2161 quis
702 2100 894 2145 contra
927 2092 1063 2147 nos?
1089 2090 1193 2166 Qui
1226 2091 1391 2145 etiam
1435 2090 1657 2161 proprio
1692 2088 1829 2143 Filio
1881 2103 1988 2142 non

413 2184 676 2253 pepercit,
722 2183 816 2238 sed
873 2197 969 2253 pro
1017 2183 1177 2238 nobis
1224 2182 1477 2236 omnibus
1525 2180 1745 2235 tradidit
1796 2179 1988 2246 illum;

413 2272 686 2338 quomodo
745 2286 849 2325 non
881 2272 1046 2325 etiam
1087 2286 1211 2326 cum
1265 2270 1356 2325 illo
1391 2270 1572 2324 omnia
1622 2270 1778 2324 nobis
1824 2269 1989 2322 dona-

413 2360 491 2414 vit
526 2360 616 2412 ἰτ
668 2378 687 2412 ι
726 2357 782 2414 Si
832 2360 974 2415 Deus
1030 2359 1194 2414 Pater
1240 2361 1518 2430 proprium
1568 2357 1807 2421 Filium,
1836 2355 1987 2409 illum

413 2450 588 2518 ipsum
620 2450 877 2504 nimirum
904 2451 997 2520 qui
1027 2465 1095 2505 ex
1143 2450 1288 2505 illius
1316 2449 1620 2504 substantia
1670 2458 1824 2502 ortus
1864 2456 1949 2502 est
1971 2487 1987 2513 ,

417 2541 578 2614 104
619 2556 717 2613 pro
752 2543 905 2597 nobis
938 2544 1175 2609 donavit,
1245 2557 1373 2614 ergo
1423 2559 1620 2613 corpus
1658 2544 1803 2612 quod
1853 2556 1993 2596 moro

416 2642 523 2686 tem
563 2632 845 2697 sustinuit,
877 2632 1155 2702 proprium
1209 2632 1352 2686 illius
1384 2643 1523 2696 erat,
1558 2633 1648 2703 qui
1688 2632 1988 2687 secundum

415 2733 633 2774 carnem
694 2735 885 2790 passus
932 2732 1017 2775 est
1051 2730 1197 2791 (nam
1234 2722 1533 2777 secundum
1579 2723 1877 2776 divinitatis
1901 2735 1991 2775 na-

416 2819 591 2864 turam
622 2811 731 2881 pati
760 2826 866 2865 non
899 2813 1169 2881 poterat);
1199 2813 1272 2867 ita
1303 2814 1448 2867 enim
1472 2815 1560 2881 qui
1596 2813 1890 2867 secundum
1930 2825 1990 2867 se

416 2902 528 2969 pati
557 2904 777 2972 nequit,
825 2904 1222 2972 dispensatoris
1281 2914 1509 2959 mortem
1547 2918 1837 2973 perpessus
1881 2910 1984 2957 est.

422 2993 652 3047 Proinde
692 2996 782 3062 qui
826 3011 989 3050 unum
1025 2996 1078 3049 in
1112 2996 1250 3051 duos
1285 2997 1632 3066 dispertiunt,
1663 3005 1848 3065 aperte
1885 2996 1988 3049 im-

418 3082 632 3151 pietatis
655 3085 888 3139 crimine
934 3100 1053 3140 scse
1083 3086 1505 3156 constringunt:
1544 3086 1985 3157 quandoquidem

2087 654 2217 706 νησε
2254 640 2353 709 μὲν
2384 638 2485 707 τῆς
2516 638 2792 708 ἁμαρτίας
2821 639 2849 690 6
2870 636 3054 706 νόμος.
3087 637 3399 708 κεκράτηκε
3424 636 3482 690 δὲ
3512 638 3542 689 6
3569 634 3666 689 τοῦ

2088 730 2427 798 Πνεῦματος.
2461 730 2561 782 Διὰ
2590 729 2750 783 ποίαν
2779 728 2991 793 αἰτίαν;
3015 748 3033 780 ι
3064 728 3329 797 Πέπομφε
3355 728 3463 796 γὰρ
3487 728 3516 780 6
3535 727 3668 790 Θεὸς

2085 823 2178 875 τὸν
2207 821 2402 874 ἑαυτοῦ
2430 821 2558 874 Υίδν
2581 823 2638 875 ὲν
2669 822 2979 890 ὁμοιώματι
3014 821 3217 891 σαρκὸς
3252 820 3549 889 ἁμαρτίας,
3583 819 3668 872 ἵνα
3708 888 3713 897 ι

2090 913 2390 984 κατακρίνῃ
2412 912 2511 983 τὴν
2539 912 2811 982 ἁμαρτίαν
2840 914 2897 963 ἐν
2924 914 2990 983 τῇ
3028 911 3210 981 σαρκί.
3237 932 3255 963 ι
3277 907 3427 972 Εἶτα,
3459 909 3575 972 πῶς
3605 911 3668 962 οὐ

2088 1003 2488 1074 χρειωδεστάτη
2523 1002 2642 1056 λίαν
2673 1005 2705 1073 ἡ
2741 1002 2834 1055 τοῦ
2864 1003 3038 1070 Λόγου
3066 1003 3379 1081 σᾴρκωσις;
3414 1000 3662 1053 Καττικέ-

2089 1113 2276 1164 κριται
2299 1094 2410 1165 γὰρ
2438 1094 2583 1147 οὕτω
2610 1096 2704 1148 καὶ
2743 1097 2801 1145 ἐν
2834 1097 2899 1165 τῇ
2932 1094 3096 1165 σαρκὶ
3137 1094 3293 1163 ἡμῶν
3321 1097 3354 1163 ή
3391 1092 3661 1163 ἁμαρτία.

2090 1186 2154 1240 El
2183 1187 2239 1240 δὲ
2267 1187 2327 1238 οὐ
2367 1186 2557 1254 γέγονε
2591 1185 2727 1254 σὰρξ
2759 1188 2786 1237 6
2813 1186 3006 1252 Λόγος,
3037 1184 3460 1255 ἀπομεμένηκεν
3491 1184 3672 1253 ἀδιόρ-

2090 1277 2237 1331 θωτα
2264 1276 2335 1329 τὰ
2360 1276 2478 1330 καθ’
2510 1277 2678 1346 ἡμᾶς,
2710 1277 2804 1328 καὶ
2828 1276 3153 1344 δουλεύομεν
3194 1278 3259 1344 τῇ
3312 1274 3478 1343 σαρκὶ
3519 1273 3671 1341 νόμῳ

2091 1368 2403 1437 ἁμαρτίας,
2439 1367 2653 1430 οὐδενὸς
2699 1369 2755 1420 ἐν
2806 1369 2936 1436 ήμῖν
2984 1366 3152 1435 αὐτὴν
3197 1366 3668 1435 καταργήσαντος.

2091 1457 2300 1512 Οὐκοῦν
2331 1457 2637 1524 ἀναγκαίαν
2689 1452 2829 1510 εἷναί
2877 1475 3058 1526 φαμεν
3090 1456 3340 1527 τὴνκαθ*
3371 1456 3672 1509 ὑπόστασιν

2090 1551 2284 1604 ἕνωσιν
2313 1548 2406 1602 τοῦ
2434 1550 2595 1617 λόγου
2624 1549 2759 1619 πρὸς
2782 1549 2878 1619 τὴν
2910 1549 3108 1618 σάρκα,
3144 1550 3238 1601 καὶ
3269 1548 3393 1618 οὐχὶ
3415 1547 3478 1617 δή
3505 1547 3671 1616 μόνην
3756 1620 3765 1626 _

2090 1636 2188 1707 τὴν
2220 1638 2278 1689 ὲν
2305 1635 2639 1705 προσώποις,
2668 1637 2759 1689 καὶ
2789 1637 2929 1690 κατὰ
2958 1637 3195 1709 θέλησιν,
3228 1637 3346 1708 ἦτοι
3374 1635 3672 1706 συνάφειαν

2094 1731 2291 1800 ἁπλῆν,
2313 1729 2457 1784 καθά
2490 1730 2621 1799 φασί
2653 1747 2817 1793 τινες.

2174 2010 2192 2041 ι
2221 1990 2286 2041 Τί
2334 1985 2428 2043 οὖν
2476 1989 2710 2062 ἐροῦμεν
2760 1992 2894 2063 πρὸς
2924 1990 3132 2059 ταῦτα;
3176 1992 3236 2045 El
3281 1991 3310 2044 6
3356 1990 3487 2053 Θεὸς
3532 1988 3674 2059 ὑπὲρ

2096 2081 2277 2151 ἡμῶν,
2312 2082 2394 2144 τίς
2452 2081 2569 2135 καθ’
2604 2084 2795 2152 iuxtim;
2832 2085 2929 2147 ’ος
2973 2100 3036 2152 γε
3084 2082 3179 2136 τοῦ
3232 2082 3362 2135 ίδίου
3389 2081 3522 2135 Υίοῦ
3569 2082 3673 2134 οὐκ

2097 2172 2375 2240 ἐφείσατο,
2405 2172 2520 2225 ἀλλ’
2548 2173 2691 2244 ὑπὲρ
2712 2173 2869 2244 ήμῶν
2899 2174 3117 2227 πάντων
3143 2174 3458 2242 παρέδωκεν
3486 2170 3672 2237 αὐτὸν,

2098 2263 2216 2326 πῶς
2242 2262 2364 2332 οὐχὶ
2393 2263 2489 2316 καὶ
2519 2263 2615 2316 σὺν
2651 2263 2799 2333 αὐτῴ
2832 2266 2900 2318 τὰ
2929 2265 3109 2318 πάντα
3137 2267 3268 2334 ήμῖν
3304 2265 3671 2335 χαρίσεταιςοι

2097 2355 2161 2408 El
2188 2354 2277 2407 τὸν
2304 2355 2436 2407 ῐδιον
2467 2354 2615 2419 Υίὸν,
2642 2356 2799 2425 δῆλον
2825 2356 2883 2409 δὲ
2915 2356 2998 2409 ὅτι
3022 2356 3113 2408 τὸν
3139 2358 3202 2409 ὲκ
3234 2356 3331 2425 τῆς
3361 2357 3547 2419 οὐσίας
3574 2358 3677 2409 αὑ·-

2096 2446 2213 2511 τοῦ,
2247 2446 2479 2501 δέδωκεν
2505 2428 2644 2518 (ius?
2673 2448 2832 2517 ήμῶν
2859 2449 2888 2499 ό
2911 2448 3042 2505 Θεὸς
3073 2448 3166 2501 καὶ
3190 2449 3409 2521 Πατήρ·
3438 2446 3679 2501 πέπονθε

2096 2540 2154 2594 δὲ
2178 2540 2319 2594 κατὰ
2348 2539 2547 2610 σάρκα,
2574 2540 2667 2592 καὶ
2702 2539 2763 2591 οὐ
2798 2539 2957 2606 φύσει
2979 2538 3259 2611 θεότητοςο
3289 2539 3418 2592 [διον
3463 2539 3569 2608 ἄρα
3608 2533 3679 2607 ἦν

2098 2630 2263 2685 αὑτοῦ
2285 2631 2345 2683 τὸ
2367 2630 2635 2693 πεπονθὸς
2660 2631 2839 2700 σῶμα,
2866 2632 2952 2683 ἵνα
2973 2633 3066 2684 καὶ
3093 2632 3255 2694 αὐτὸς
3275 2631 3464 2700 νοῆται
3489 2628 3679 2683 παθὼν

2095 2722 2477 2792 οἰκονομικῶς,
2504 2723 2533 2773 6
2563 2723 2755 2775 παθεῖν
2798 2724 2898 2776 οὑκ
2932 2723 3105 2787 εἰδώς.
3144 2725 3216 2776 Τὴ
3253 2723 3431 2776 τοίνυν
3470 2723 3680 2792 ἀπομε-

2101 2812 2271 2882 ρίζειν
2308 2814 2389 2876 είς
2417 2812 2510 2867 δύο
2533 2813 2624 2866 τὸν
2661 2814 2779 2878 ἕνα,
2808 2814 3101 2878 δυσσεϐές·
3136 2815 3236 2867 οὐκ
3284 2815 3362 2867 ἔτι
3402 2814 3511 2885 γὰρ
3545 2814 3681 2867 ῐδιον

2098 2904 2227 2957 Υίδν
2279 2906 2590 2976 εὑρίσκεται
2634 2906 2759 2970 δοὺς
2806 2907 2947 2972 ὑπὲρ
2995 2908 3154 2978 ήμῶν
3201 2910 3228 2961 6
3279 2908 3487 2977 Πατὴρ,
3521 2907 3680 2975 εῐπερ

2098 2996 2246 3049 ἐστὶν
2278 2996 2563 3067 ἄνθρωπος
2590 2997 2956 3068 διῃρημένως,
2992 3001 3085 3052 καὶ
3117 3000 3235 3068 οὐχὶ
3265 2999 3330 3071 δὴ
3370 2997 3569 3070 μᾶλλον
3601 2995 3681 3059 ὡς

2097 3090 2157 3142 ὲν
2193 3089 2496 3159 προσλήψει
2528 3091 2730 3161 σαρκὸς
2758 3093 2785 3145 6
2815 3094 2879 3144 ὲκ
2916 3092 3052 3145 Θεοῦ
3093 3093 3284 3161 Λόγος.

416 3173 461 3227 si
495 3183 578 3227 est
612 3173 772 3227 homo
803 3188 898 3245 per
924 3189 982 3230 se
1005 3186 1058 3229 et
1093 3178 1392 3231 secundum
1425 3191 1483 3231 se
1519 3177 1757 3241 divisim,
1790 3185 1843 3231 et
1876 3193 1979 3232 non
2051 3179 2340 3249 ipsummet
2398 3180 2492 3235 Dei
2534 3180 2767 3236 Verbum
2837 3199 3001 3238 carne
3040 3185 3308 3251 indutum,
3344 3182 3505 3237 Pater
3547 3196 3678 3249 pro-

416 3265 593 3336 prium
622 3281 722 3336 pro
753 3269 909 3323 nobis
946 3267 1139 3322 Filiqu
1169 3270 1382 3324 dedisse
1410 3285 1514 3324 non
1550 3270 1838 3325 invenitur.

494 3378 513 3410 ι
552 3360 686 3426 Quis
715 3362 993 3416 accusabit
1025 3363 1289 3417 adversus
1312 3363 1517 3419 electos
1550 3363 1683 3417 Dei?
1727 3362 1869 3419 Deus
1900 3367 1991 3435 qui

2176 3384 2195 3419 ι
2228 3366 2325 3430 Τίς
2359 3366 2648 3434 ἐγκαλέσει
2678 3368 2817 3421 κατὰ
2852 3368 3124 3422 ἐκλεκτῶν
3162 3367 3297 3420 Θεοῦ
3323 3383 3336 3431 ;
3366 3365 3499 3429 Θεὸς
3528 3365 3557 3417 6
3595 3363 3679 3418 δι-

411 3454 701 3522 justilieat,
724 3455 849 3524 quis
876 3462 957 3510 est
1002 3455 1093 3524 qui
1139 3453 1508 3510 condemnet?
1545 3456 1800 3511 Christus
1834 3456 1995 3514 Iesus

416 3544 511 3614 qui
542 3553 787 3599 mortuus
808 3552 911 3610 est,
948 3543 1060 3597 imo
1095 3544 1186 3612 qui
1221 3553 1275 3598 et
1313 3547 1637 3611 resurrexit,
1677 3548 1769 3615 qui
1801 3556 1884 3601 est
1926 3549 1993 3603 ad

320 3692 327 3701 ,
420 3636 702 3689 dexteram
736 3633 853 3695 Dei,
883 3634 972 3701 qni
1004 3636 1171 3687 etiam
1212 3634 1523 3704 interpellat
1552 3650 1650 3705 pro
1683 3638 1839 3693 nobis
1860 3640 1928 3693 ".
1971 3657 1990 3691 ι

422 3725 481 3779 Si
512 3724 765 3779 Christus
807 3739 904 3792 per
936 3724 1098 3779 fidem
1124 3725 1412 3795 justiticat,
1456 3725 1605 3782 solus
1646 3738 1824 3782 autem
1854 3730 1998 3784 Dens

418 3827 506 3872 est
543 3817 634 3887 qui
679 3818 907 3885 justitize
954 3817 1156 3873 donum
1202 3828 1425 3887 praestat
1476 3838 1489 3873 :
1532 3832 1876 3889 consequens
1936 3822 1995 3874 ﬁt

417 3909 695 3964 Christum
737 3924 859 3967 esse
885 3925 1073 3966 verum
1110 3909 1300 3969 Deum.
1350 3911 1584 3966 Rursum
1621 3913 1666 3968 si
1700 3912 1766 3966 ad
1800 3914 1994 3968 dexte-

419 4016 535 4056 ram
576 4001 750 4059 Patris
780 4003 952 4068 sedet,
986 4004 1287 4072 eademque
1313 4019 1434 4057 cum
1467 4003 1559 4059 illo
1593 4004 1762 4074 gloria
1790 4016 1842 4059 et
1874 4020 1993 4057 ma-

412 4092 612 4161 jestate
638 4095 825 4162 pollet,
853 4091 1151 4165 etquidem
1188 4105 1436 4150 mortuus
1469 4107 1524 4151 et
1596 4097 1990 4162 resuscitatus;

417 4200 612 4255 corpus
645 4188 827 4255 itaque
849 4198 1187 4257 assumptum
1222 4186 1383 4243 Verbi
1414 4190 1690 4258 proprium
1722 4198 1826 4243 est.
1860 4189 1991 4243 Nam
2032 4202 2043 4207 ·

2096 3456 2289 3522 καιῶν,
2316 3457 2398 3521 τίς
2423 3460 2451 3511 6
2483 3460 2859 3530 κατακρίνων;
2894 3460 3129 3531 Χριστὸς
3175 3458 3382 3530 Ἰησοῦς
3417 3457 3681 3511 όὰποθα-

2098 3550 2228 3613 νὼν,
2250 3550 2447 3621 μᾶλλον
2472 3551 2527 3605 δὲ
2556 3551 2823 3620 ἐγερθεὶς.
2853 3553 2912 3616 ὃς
2948 3553 3095 3605 ἐστιν
3125 3554 3181 3604 ὲν
3219 3551 3370 3621 δεξιᾷ
3399 3549 3493 3602 τοῦ
3517 3546 3678 3611 Θεοῦ,

2098 3640 2153 3704 ὃς
2200 3643 2296 3695 καὶ
2319 3642 2634 3712 ἐντυγχάνει
2673 3643 2815 3712 ὑπὲρ
2839 3643 3016 3714 ἡμῶν.
3051 3663 3069 3695 ι
3098 3644 3159 3696 Εἰ
3180 3644 3380 3696 δικαιοί
3405 3644 3471 3712 τῇ
3497 3641 3680 3694 πίστει

2099 3735 2354 3803 Χριστὸς.
2384 3734 2516 3798 Θεὸς
2545 3734 2599 3787 δέ
2631 3736 2777 3788 ἔστιν
2808 3736 2836 3786 ό
2869 3735 3094 3788 δικαιῶν
3119 3753 3132 3765 ·
3174 3734 3307 3796 Θεὸς
3337 3733 3444 3804 ἄρα
3472 3731 3682 3801 ἀληθὴς

2100 3826 2128 3876 6
2160 3824 2415 3895 Χριστός.
2442 3825 2550 3877 Καὶ
2569 3826 2730 3896 εἴπερ
2761 3827 2907 3879 ἐστὶν
2936 3826 2994 3878 ὲν
3020 3823 3171 3897 δεξιᾷ
3199 3824 3291 3879 τοῦ
3317 3823 3474 3885 Θεοῦ,
3501 3823 3683 3875 καίτοι

2100 3914 2332 3978 τεθνεὼς
2355 3916 2449 3971 καὶ
2475 3917 2866 3988 ἐγηγερμένος,
2906 3918 3245 3989 συγκαθηται
3275 3917 3332 3970 δὲ
3360 3915 3436 3985 τῷ
3469 3914 3678 3984 Πατρί·

2099 4006 2231 4060 ῐδιον
2256 4006 2363 4077 ἄρα
2395 4006 2489 4061 τοῦ
2518 4007 2693 4076 Λόγου
2731 4008 2793 4061 τὸ
2832 4008 2992 4079 σῶμά
3034 4009 3173 4061 ἐστι.
3219 4007 3538 4076 Συνεδρεύει
3568 4006 3682 4074 γὰρ

2098 4096 2243 4151 οὕτω
2275 4096 2352 4166 τῷ
2385 4098 2561 4168 Πατρὶ
2598 4097 2738 4168 μετὰ
2769 4097 2870 4168 τῆς
2904 4097 3309 4168 ἀναληφθείσης
3344 4095 3567 4164 σαρκὸς,
3604 4091 3685 4155 ὡς

2100 4189 2228 4253 Υἱὸς
2256 4190 2398 4243 κατὰ
2424 4189 2606 4257 φύσιν,
2631 4190 2725 4243 καὶ
2754 4191 2803 4242 εί
2827 4190 3019 4258 γέγονε
3050 4188 3187 4260 σὰρξ
3216 4189 3244 4241 6
3271 4187 3464 4256 Λόγος.

416 4279 521 4334 etsi
552 4278 756 4334 factum
785 4290 869 4333 est
898 4295 1047 4345 caro,
1083 4282 1222 4335 haud
1253 4296 1409 4337 secus
1434 4291 1613 4336 tamen
1646 4282 1698 4335 in
1735 4293 1981 4350 suscepta
2021 4295 2184 4335 carne
2229 4297 2353 4335 cum
2415 4281 2575 4336 Patre
2602 4282 2749 4349 regni
2817 4283 3008 4339 solium
3030 4281 3260 4346 obtinet,
3295 4288 3354 4334 ut
3386 4293 3544 4332 verus
3575 4293 3677 4331 na-

420 4371 723 4442 turalisque
746 4371 939 4427 Filius.

496 4481 514 4512 ι
541 4460 673 4527 Quae
717 4474 899 4517 autem
931 4478 997 4518 ex
1047 4463 1149 4518 ﬁde
1182 4475 1264 4520 est
1304 4464 1538 4531 iustitia,
1574 4463 1653 4519 sic
1696 4463 1865 4518 dicit:
1911 4461 1991 4515 Nc

418 4555 622 4610 dixeris
657 4555 707 4608 in
740 4555 906 4611 corde
937 4565 1067 4611 tuo:
1110 4554 1241 4619 Quis
1281 4559 1542 4611 ascendet
1573 4556 1625 4609 in
1670 4554 1907 4609 caelum?
1935 4555 1987 4609 id

2176 4464 2281 4517 «Ἥ
2321 4463 2376 4516 δὲ
2419 4464 2486 4516 ὲκ
2531 4462 2766 4526 πίστεως
2817 4460 3128 4531 δικαιοσύνη
3175 4460 3317 4515 οὕτω
3359 4459 3544 4527 λέγει·
3590 4458 3685 4529 Μὴ

2103 4554 2265 4625 εἴπῃς
2291 4555 2349 4606 ἐν
2382 4556 2449 4624 τῇ
2481 4554 2677 4625 καρδίᾳ
2708 4570 2801 4607 σου
2822 4570 2836 4584 ⁸
2874 4553 2969 4615 Τίς
3000 4553 3334 4622 ἀναϐήσεται
3367 4554 3446 4615 είς
3472 4552 3562 4603 τὸν
3592 4550 3686 4604 οὐ·

330 4678 335 4683 -
418 4657 520 4709 est,
546 4647 820 4703 Christum
844 4648 1133 4703 deducere.
1157 4648 1263 4702 Aut
1284 4649 1405 4718 quis
1423 4647 1715 4702 descendet
1737 4646 1788 4698 in
1820 4645 1992 4715 abys-

2103 4643 2295 4715 ρανόν;
2322 4643 2567 4697 τουτέστι
2602 4641 2832 4715 Χριστὸν
2853 4645 3207 4711 καταγαγεῖν·
3246 4643 3276 4712 ἢ
3314 4643 3408 4706 Τίς
3437 4642 3679 4711 καταδή-
3742 4708 3743 4717 γ

418 4739 576 4792 ιιυωῖ
618 4740 719 4794 hoc
750 4749 857 4803 est,
900 4739 1180 4796 Christum
1224 4754 1250 4792 a
1278 4739 1509 4794 mortuis
1555 4751 1845 4791 revocare.
1891 4735 1997 4790 Sed

417 4832 546 4898 quid
569 4830 704 4885 dicit
722 4832 745 4885 ἲ
763 4832 939 4901 Prope
965 4842 1050 4887 est
1073 4832 1297 4887 verbum
1324 4831 1376 4885 in
1401 4844 1497 4885 ore
1524 4839 1637 4894 tuo,
1664 4840 1718 4883 et
1750 4830 1802 4882 iu
1834 4829 1999 4883 corde

421 4932 514 4973 tuo
545 4937 558 4972 :
592 4919 695 4975 hoc
722 4931 807 4977 est
836 4923 1063 4976 verbum
1100 4921 1244 4978 lidei.
1278 4923 1425 4994 quod
1459 4920 1838 4988 praedicamus.
1861 4918 1997 4984 Quia

419 5007 465 5061 si
502 5007 781 5065 confiteris
814 5009 866 5063 in
889 5024 984 5064 ore
1018 5018 1109 5062 tuo
1130 5008 1416 5069 Dominum
1446 5008 1724 5073 Jesum,et
1759 5008 1809 5062 in
1832 5007 1999 5062 corde

418 5108 513 5153 tuo
548 5099 848 5154 credideris
889 5100 1033 5170 quod
1075 5098 1217 5153 Dens
1266 5101 1550 5155 suscitavit
1596 5100 1746 5154 iltmu
1792 5118 1819 5150 a
1861 5114 2002 5153 mor-

422 5191 550 5255 tuis,
583 5191 767 5247 ealvus
793 5190 925 5246 eris.
956 5191 1129 5244 Corde
1152 5190 1293 5244 enim
1326 5192 1567 5246 creditur
1589 5192 1657 5245 ad
1683 5190 1952 5257 justitiam
1980 5207 1995 5257 ;

422 5296 519 5337 ore
554 5293 737 5337 autem
784 5283 844 5336 ﬁt
875 5281 1146 5336 COIIrt'SSiO
1182 5281 1247 5334 ad
1282 5282 1511 5335 saltHem
1535 5282 1601 5333 ".
1639 5301 1657 5335 ι
1701 5279 1758 5335 Si
1804 5296 2001 5335 secun-

421 5374 551 5424 dum
595 5371 954 5439 quorumdam
1004 5371 1375 5438 opinatiOnem
1418 5371 1668 5424 Christus
1709 5380 1793 5424 est
1835 5370 1999 5423 homo

420 5461 618 5526 deifer,
650 5464 766 5517 sola
813 5472 1169 5532 personarum
1209 5463 1399 5532 copula
1434 5461 1527 5515 Dei
1568 5460 1746 5515 Verbo
1769 5463 1999 5529 conjun-

422 5563 541 5605 ctus
572 5571 583 5607 :
619 5555 707 5623 qui
739 5554 854 5608 ﬁeri
895 5565 1096 5622 potest,
1123 5567 1175 5607 ut
1213 5555 1265 5607 in
1303 5554 1451 5607 illum
1493 5564 1747 5619 tanquam
1796 5554 1847 5605 in
1899 5555 1997 5607 Do-

424 5642 626 5696 minum
685 5646 992 5707 credentes,
1036 5646 1279 5714 ejusdem
1321 5663 1385 5698 ex
1441 5645 1670 5698 mortuis
1747 5659 1997 5697 resurre-

496 5799 541 5828 '°
564 5796 835 5854 Romam.
862 5799 916 5852 5.
991 5802 1030 5830 "
1062 5802 1188 5854 ibid.
1230 5801 1317 5863 5i,
1352 5802 1439 5854 3‘2.

2095 4752 2259 4813 σεται
2294 4736 2374 4799 είς
2403 4735 2502 4805 τὴν
2534 4734 2805 4800 ἄϐυσσονς
2840 4735 3088 4786 τουτέστι
3118 4734 3351 4805 Χριστὸν
3381 4736 3447 4787 ὲκ
3473 4731 3684 4803 νεκρῶν

2105 4828 2424 4896 ἀναγαγεῖν.
2444 4826 2603 4879 ’Λλλὰ
2623 4827 2675 4879 τί
2700 4825 2878 4893 λέγει;
2918 4826 3124 4903 ,Ἐγγύς
3151 4843 3244 4879 σου
3269 4826 3330 4879 τὸ
3357 4825 3513 4897 ῥῆμά
3536 4827 3686 4880 ἐστιν

2106 4918 2166 4971 ὲν
2198 4918 2275 4987 τῷ
2312 4917 2537 4988 στόματί
2575 4933 2667 4970 σου
2700 4917 2798 4970 καὶ
2830 4917 2888 4968 ὲν
2918 4918 2982 4985 τῇ
3016 4915 3213 4987 καρδίᾳ
3240 4933 3332 4969 σου
3357 4935 3369 4947 ο
3414 4916 3682 4981 τουτέστι,

2106 5007 2166 5060 τὸ
2196 5007 2349 5078 ῥῆμα
2381 5009 2480 5077 τῆς
2511 5007 2769 5074 πίστεως,
2794 5006 2821 5059 ὃ
2846 5009 3346 5078 κηρύσσομεν.”οτι
3372 5007 3466 5061 ἐὰν
3493 5007 3685 5076 ὁμολοο

2107 5098 2281 5168 γήσῃς
2330 5100 2388 5150 ὲν
2434 5096 2514 5167 τῷ
2570 5097 2800 5167 στόματί
2846 5115 2939 5152 σου
2971 5098 3173 5169 Κύριον
3207 5098 3434 5170 Ἰησοῦν,
3466 5101 3563 5152 καὶ
3596 5116 3684 5151 πι-

2108 5187 2339 5260 στεύσῃς
2368 5188 2426 5240 ὲν
2465 5189 2531 5259 τῇ
2564 5189 2760 5260 καρδίᾳ
2788 5206 2881 5242 σου
2920 5190 3002 5243 ὄτι
3032 5193 3061 5243 ό
3090 5190 3223 5253 Θεός
3260 5191 3421 5244 αὐτὸν
3463 5192 3684 5261 ἤγειρεν

2108 5279 2172 5330 ἐκ
2203 5276 2435 5347 νεκρῶν,
2473 5276 2695 5348 σωθήσῃ
2720 5294 2735 5307 ι
2770 5278 2970 5349 καρδίᾳ
3009 5279 3118 5347 γὰρ
3148 5279 3465 5333 πιστεύεται
3499 5281 3580 5341 είς
3603 5279 3684 5331 δι-

2108 5367 2422 5436 καιοσύνην,
2461 5368 2691 5438 στόματι
2738 5369 2793 5421 δὲ
2842 5371 3187 5439 ὁμολογεῖται
3220 5371 3299 5431 εἰς
3332 5368 3623 5439 σωτηρίαν.
3660 5385 3679 5418 ι

2107 5461 2167 5512 Εἰ
2201 5459 2342 5512 κατά
2365 5476 2427 5526 γε
2444 5459 2514 5511 ⁹τό
2546 5476 2653 5511 τισι
2678 5459 2892 5525 δοκοῦν,
2925 5460 3210 5532 ἅνθρωπος
3258 5459 3515 5529 θεοφόρος
3545 5461 3682 5510 νοεῖ-

2103 5569 2193 5603 ται
2245 5550 2479 5620 Χριστός
2509 5590 2522 5613 ,
2573 5552 2666 5603 καὶ
2720 5550 2890 5622 μόνην
2941 5552 3079 5621 ἔχων
3122 5550 3221 5623 τὴν
3266 5552 3324 5603 ὲν
3370 5548 3686 5618 προσώποις

2105 5643 2296 5694 ἕνωσιν
2328 5641 2460 5711 πρὸς
2488 5642 2574 5694 τὸν
2598 5639 2732 5693 Θεοῦ
2759 5641 2950 5710 Λόγον
2984 5643 3124 5707 τίνος
3158 5643 3317 5697 ἕνεκα
3343 5640 3685 5703 πιστεύοντες

1516 5803 1558 5830 θ’
1589 5800 1712 5855 ibid.
1746 5800 1836 5862 55,
1861 5800 1949 5853 ὖί.
2028 5801 2069 5831 ⁸³
2094 5800 2249 5852 Rom.
2289 5815 2338 5861 x,
2370 5796 2513 5849 6-1ον
