4060 6412
336 350 465 406 1301

1429 339 1519 396 DE
1560 337 1786 397 RECTA
1827 337 1981 393 FIDE
2019 336 2110 390 AD
2152 329 2470 390 REGINAS.

3442 308 3578 363 i302

336 470 414 530 εἰς
450 465 613 520 αὑτὸν
653 463 727 527 ὡς
775 464 853 526 είς
903 424 1125 533 Κύριον,
1160 458 1546 531 ὁμολογοῦντες
1594 458 1652 511 δὲ
1697 457 1790 512 καὶ
1821 455 1967 528 τὴνὶ

2070 456 2256 509 ,ῑοηειη
2284 451 2599 521 protltentes
2650 438 2909 510 ejusmodi
2938 436 3039 492 ﬁde
3063 426 3456 501 justifieemur?
3489 424 3578 480 Fi-

391 514 604 530 ττ--η
660 514 725 527 η.
782 514 852 526 η.
968 514 1003 533 ν,
1113 514 1125 526 ,
1194 514 1206 531 ,
1337 514 1348 528 ,
1526 514 1544 523 -
1874 514 1888 528 ,
1952 514 1964 516 -

336 556 402 610 ὲιι
441 554 651 625 νεκρῶν
697 554 992 607 ἀνάστασιν
1039 551 1225 611 αὐτοῦ,
1257 547 1610 618 δικαιούμεθα
1638 549 1704 617 τῇ
1736 546 1943 600 πίστει-

2070 561 2115 599 as
2142 543 2283 597 enim
2315 541 2367 593 in
2401 550 2523 591 eum
2555 544 2805 598 tanquam
2837 527 2890 581 in
2923 525 3089 578 Deum
3144 517 3335 574 fertur.
3382 514 3579 567 Neces-

338 652 405 719 τῇ
454 650 534 711 εἰς
580 644 773 710 αὑτὸν;
813 644 1117 715 Πράττεται
1165 608 1221 695 δέ
1271 644 1304 714 ἡ
1356 608 1537 704 πίστις
1566 641 1641 704 ώς
1670 608 1749 703 ei;
1787 638 1918 690 Θεὸν

2070 639 2224 692 trium
2283 643 2367 689 est
2407 643 2538 700 ergo
2584 634 2642 679 ut
2674 623 2766 678 Dei
2798 619 3031 673 Verbum
3079 611 3375 667 secundum
3416 608 3585 676 hypo-

2886 710 2896 719 '
3179 703 3426 719 ¹¹---ς-----.
3516 693 3583 719 ΔΙ

342 739 610 811 δηλονότι.
646 736 943 805 Ἀναγκαία
1007 734 1297 806 τοιγαροῦν
1351 736 1392 803 ,ὴ
1458 732 1581 787 καθ’
1618 733 1917 786 ὑπόστασιν

342 831 535 890 ἓνωσις
564 828 657 881 τοῦ
687 826 820 880 Θεοῦ
847 826 1020 895 Λόγου
1044 826 1178 896 πρὸς
1208 826 1268 879 τὸ
1290 822 1793 895 ἀνθρώπινον.Ἔνα
1815 821 1921 892 γάρ

343 922 489 976 οὕτω
521 919 755 991 Χριστὸν
782 919 855 984 ὡς
892 918 1094 990 Κύριον
1121 918 1259 971 κατὰ
1298 916 1458 986 φύσιν
1491 916 1920 985 ὁμολογήσομεν,

346 1015 447 1069 καὶ
468 1015 566 1082 τῆς
585 1012 751 1066 αὐτοῦ
779 1011 984 1082 σαρκὸς
1003 1012 1099 1081 τὴ·.
1129 1012 1424 1065 ἀνάστασιν
1445 1009 1921 1077 ἐπιγινώσκοντες,

348 1106 425 1170 ὡς
448 1108 527 1168 είς
556 1105 686 1158 Θεὸν
725 1102 1094 1165 πιστεύοντες,
1126 1100 1504 1170 δικαιούμεθα.

431 1219 450 1250 r
479 1198 668 1260 Οὐδεὶς
714 1196 824 1266 γὰρ
869 1195 1028 1266 ήμῶν
1079 1194 1258 1264 ἑαυτῷ
1304 1192 1393 1264 ζῇ,
1421 1192 1516 1247 καὶ
1550 1192 1724 1254 οὐδεὶς
1751 1188 1929 1259 ἐαυτῷ

353 1290 722 1361 ἀποθνήσκει·
754 1289 848 1342 ἐάν
892 1304 952 1341 τε
994 1284 1085 1340 οὖν
1133 1284 1339 1357 ζῶμεν,
1374 1285 1451 1356 τῷ
1485 1284 1674 1353 Κυρίῳ
1707 1281 1888 1352 ζῶμεν
1910 1296 1925 1311 ο

354 1384 451 1436 ἐάν
497 1398 558 1434 τε
614 1379 1077 1449 ἀποθνήσκωμεν.
1127 1377 1205 1447 τῷ
1253 1376 1444 1446 Κυρίῳ
1492 1374 1927 1442 ἀποθνήσκομεν.

368 1475 497 1528 Ἐάν
537 1491 599 1527 τε
651 1472 856 1542 ζῶμεν,
908 1471 1002 1524 ἐάν
1051 1487 1109 1523 τε
1158 1468 1626 1538 ἀποθνήσκωμεν,
1660 1463 1753 1518 τοῦ
1798 1461 1931 1516 Θεοῦ

357 1568 526 1637 ἐσμεν
546 1581 561 1596 ·
596 1566 677 1628 είς
710 1562 868 1618 τοῦτο
895 1563 1005 1634 γάρ
1035 1561 1269 1633 Χριστὸς
1308 1559 1548 1614 ἀπέθανε
1592 1558 1686 1610 καὶ
1719 1554 1931 1625 ἔζησεν,

360 1658 448 1710 ἵνα
494 1657 590 1711 καὶ
633 1655 843 1725 νεκρῶν
873 1655 966 1707 καὶ
994 1654 1217 1718 ζώντων
1242 1650 1522 1721 κυριεύσῃ.
1556 1668 1574 1700 ι
1609 1645 1938 1719 Προσπεφώ-

361 1748 498 1819 νηκέ
532 1765 635 1801 που
674 1749 787 1810 τοῖς
818 1746 877 1812 ἐξ
908 1744 1079 1798 ἐθνῶν
1106 1746 1134 1797 6
1168 1742 1436 1813 μακάριος
1468 1740 1679 1802 Παῦλος
1701 1756 1713 1769 ο
1755 1757 1772 1789 r
1801 1738 1937 1790 Νυνὶ

364 1841 423 1894 δὲ
474 1840 688 1908 γνόντες
736 1837 889 1900 Θεὸν,
929 1835 1130 1907 μᾶλλον
1161 1835 1216 1887 δὲ
1246 1833 1581 1902 γνωσθέντες
1629 1832 1734 1884 ὑπὸ
1776 1828 1936 1890 Θεοῦ,

367 1933 485 1995 πῶς
533 1929 891 2000 ἐπιστρέφετε
917 1928 1011 1980 ἐπὶ
1037 1927 1105 1980 τά
1132 1926 1330 1995 ἀσθενῆ
1362 1923 1456 1977 καὶ
1487 1922 1676 1993 πτωχά
1701 1923 1939 1990 στοιχεῖα

367 2022 463 2076 τοῦ
510 2022 739 2090 κόσμου,
771 2013 854 2083 οἷς
900 2018 1061 2073 πάλιν
1099 2016 1306 2071 ἄνωθεν
1341 2013 1612 2067 δουλεύειν
1662 2012 1876 2077 θέλετε;
1916 2030 1934 2061 ι

370 2112 772 2184 Λελυτρώμεθα
795 2109 974 2165 τοίνυν
994 2109 1082 2162 διὰ
1103 2111 1199 2179 τῆς
1222 2107 1455 2169 πίστεως
1482 2105 1583 2174 τῆς
1610 2106 1689 2167 είς
1710 2102 1943 2173 Χριστὸν

373 2209 440 2260 ὲκ
466 2206 566 2275 τῆς
595 2202 703 2259 τῶν
727 2201 1006 2272 στοιχείων
1037 2199 1300 2263 δουλείας,
1320 2198 1414 2251 καὶ
1442 2197 1753 2266 ἡνέχθημεν
1776 2195 1855 2258 είς
1883 2194 1945 2248 τὸ

372 2295 644 2351 δουλεύειν
673 2293 792 2364 Θεῷ
829 2292 993 2359 ζῶντι
1024 2293 1116 2346 καὶ
1145 2290 1406 2359 ἀληθινῷ.
1441 2289 1504 2342 Εἰ
1539 2288 1594 2341 δὲ
1627 2286 1897 2340 ἀπέθανεν
1918 2287 1947 2337 ὁ

374 2387 630 2459 Χριστὸς,
662 2387 749 2440 ἵνα
780 2385 872 2439 καὶ
900 2383 1110 2455 νεκρῶν
1138 2383 1231 2435 καὶ
1268 2380 1484 2447 ζώντων
1535 2378 1819 2451 κυριεύσῃ,
1855 2378 1949 2431 καὶ

377 2479 528 2550 αὐτῷ
570 2478 753 2549 ζῶμεν
797 2477 872 2541 ὡς
902 2475 1021 2545 Θεῷ
1046 2474 1207 2539 ζῶντι
1247 2475 1338 2527 καὶ
1368 2471 1643 2542 ἀληθινῷ·
1686 2471 1806 2533 πῶς
1851 2470 1951 2523 οὐκ

378 2570 653 2639 ἀναγκαία
705 2568 781 2639 τῷ
828 2568 986 2639 Λόγῳ
1032 2568 1066 2638 ἡ
1116 2566 1254 2639 πρὸς
1289 2564 1470 2636 σάρκα
1496 2564 1717 2633 γέγονεν
1760 2562 1952 2626 ἐνωσις

379 2659 621 2730 ἀληθής;
664 2658 752 2712 Ἐν
795 2658 935 2728 αὐτῇ
990 2656 1099 2726 γάρ
1144 2653 1450 2717 ἀποθανὼν,
1493 2651 1815 2721 κεκυρίευκε
1862 2651 1956 2704 καὶ

382 2749 600 2820 ζώντων
639 2748 732 2802 καὶ
767 2746 1000 2819 νεκρῶν.

611 2957 712 3011 Ἐκ
749 2953 860 3025 τῆς
897 2952 1049 3023 πρὸς
1086 2952 1430 3021 [iopas-aiam
1470 2951 1723 3020 πρώτης.

466 3073 723 3127 «Ἔπινον
756 3070 886 3140 γὰρ,
918 3068 1100 3137 φησὶν,
1134 3068 1198 3119 ὲκ
1231 3063 1610 3134 πνευματικῆς
1640 3058 1962 3115 ἀκολουθού-

395 3185 493 3237 σης
535 3166 760 3235 πέτραςο
788 3164 821 3232 ἡ
858 3160 916 3213 δὲ
949 3148 1125 3229 πέτρα
1154 3152 1223 3227 ἦν
1245 3158 1273 3208 6
1294 3154 1544 3226 Χριστός.
1568 3173 1587 3205 ο
1615 3154 1688 3207 Τὸ
1710 3151 1965 3220 Χριστὸς

392 3260 565 3328 δνομα
596 3255 831 3310 τέθειται
868 3250 947 3320 τῷ
977 3247 1347 3319 Ἐμμανουὴλ,
1387 3247 1476 3299 ὅτε
1512 3244 1834 3314 γεγέννηται
1877 3241 1969 3294 διὰ

396 3351 495 3417 τῆς
547 3346 708 3415 ἁγίας
742 3342 1044 3415 Παρθένου.
1076 3338 1201 3402 Πῶς
1227 3335 1322 3393 οὖν
1362 3337 1522 3398 αὐτὸς
1567 3331 1635 3406 ἦν
1667 3335 1700 3404 ή
1731 3334 1907 3404 πέτρα
1934 3331 1969 3402 ἡ

400 3439 695 3503 ποτίζουσα
725 3435 816 3489 τὸν
844 3432 1092 3503 Ἰσραήλ;
1126 3430 1266 3484 Ἀλλ’
1292 3429 1405 3483 ιστὶ
1431 3427 1609 3499 δῆλον,
1631 3428 1714 3480 ὅτι
1740 3423 1972 3495 Χριστὸν

402 3531 497 3585 καὶ
523 3529 649 3582 Υίὸν
672 3522 814 3581 οἶδεν
839 3525 933 3579 ἕνα
968 3525 1028 3577 τὸ
1051 3524 1292 3595 Γράμμα
1312 3522 1374 3575 τὸ
1405 3521 1565 3590 ἱερόν.
1598 3516 1839 3587 Γεγονὼς
1864 3515 1974 3586 γὰρ
2000 3507 2005 3510 ’

402 3621 433 3675 6
456 3615 633 3688 ’Λόγος
659 3617 813 3690 σὰρξ,
843 3615 1008 3670 πάλιν
1036 3613 1199 3678 αὐτός
1241 3615 1388 3666 ἐστιν
1430 3614 1460 3682 ή
1514 3607 1857 3683 πγευματικὴ
1878 3607 1977 3660 πέ-

404 3729 531 3783 τρα,
563 3712 662 3780 τῆς
692 3710 899 3776 οἰκείας
936 3708 1152 3778 φύσεως
1186 3706 1248 3760 τὸ
1282 3704 1657 3777 πρεσϐύτατον
1702 3702 1801 3755 οὐκ
1847 3701 1980 3754 ἀποο

408 3803 583 3858 ϐαλὼν
620 3803 709 3857 διά
745 3801 808 3855 τὸ
852 3800 970 3855 νέον
992 3800 1092 3869 τῆς
1117 3797 1448 3868 οἰκονομίας.

624 4076 727 4131 Ἐκ
764 4074 874 4144 τῆς
912 4074 1063 4143 πρὸς
1099 4075 1448 4140 Κορινθίους
1483 4070 1784 4139 δευτέρας.

497 4201 517 4234 ε
545 4187 709 4241 Ὥστε
748 4188 909 4257 ἡμεῖς
949 4184 1058 4239 ἀπὸ
1099 4182 1191 4237 τοῦ
1218 4182 1313 4237 νῦν
1358 4182 1547 4236 οὐδένα
1576 4181 1799 4251 οἴδαμεν
1848 4180 1989 4235 κατά

418 4277 632 4349 σάρκα’
672 4279 722 4331 εἰ
767 4277 824 4330 δὲ
867 4277 962 4331 καὶ
990 4273 1310 4344 ἐγνώκαμεν
1351 4272 1491 4326 κατά
1521 4270 1701 4343 σάρκα
1738 4270 1989 4342 Χριστὸν,

418 4369 557 4423 ἀλλά
607 4369 702 4422 νῦν
743 4366 927 4421 οὐκέτι
971 4363 1333 4435 γινώσκομεν.
1366 4380 1386 4413 ι
1438 4363 1504 4414 Τί
1536 4362 1599 4431 δὴ
1633 4362 1741 4431 ἄρα
1770 4363 1934 4432 φησὶν
1965 4362 1994 4413 6

422 4459 666 4523 Παῦλοςς
696 4454 844 4530 'Apa
876 4424 1109 4526 Χριστὸν
1141 4424 1383 4528 ἀρνεῖται
1429 4424 1711 4523 μετὰ-τὴν
1758 4424 1964 4506 ἀνάστα

2070 4490 2072 4506 .
2102 4455 2207 4516 est,
2244 4445 2492 4506 obsecro,
2520 4424 2662 4509 quod
2694 4432 2893 4488 Paulus
2931 4428 3018 4483 ltie
3065 4424 3184 4479 ait?

426 4566 542 4613 σιν;
574 4549 689 4603 Οὐκ
739 4544 880 4601 οἶδεν
926 4546 1089 4600 αὑτὸν
1134 4544 1501 4617 ἐγηγερμένον
1565 4544 1623 4595 ὲν
1682 4544 1867 4615 σαρκὶ,
1903 4543 1997 4595 καὶ

424 4640 805 4712 ἀναληφθέντα
839 4639 957 4709 μετ’
982 4638 1152 4707 αὐτῆς
1193 4639 1273 4700 εἰς
1312 4636 1403 4690 τὸν
1445 4636 1701 4707 οὐρανόν;
1733 4636 1841 4687 Καὶ
1866 4634 1949 4696 τίς
1973 4635 2001 4686 6

428 4733 594 4803 φάναι
621 4733 778 4787 τοῦτο
797 4729 1042 4801 τολμῶν;
1070 4730 1225 4784 Οὕτω
1249 4729 1356 4800 γὰρ
1378 4725 1486 4781 οἶδε
1507 4729 1601 4781 καὶ
1623 4726 2002 4797 ἀναληφθέντα

429 4825 526 4879 καὶ
566 4823 767 4896 ἥξοντα
806 4822 948 4877 κατά
981 4822 1227 4903 καιροὺς,
1252 4821 1311 4874 ὃν
1339 4820 1539 4891 τρόπον
1562 4817 1899 4888 ἀναϐέϐηκεν
1926 4817 2006 4879 είς

433 4916 524 4968 τὸν
549 4917 796 4987 οὐρανόν.
835 4915 959 4979 Πῶς
1003 4910 1099 4967 οὖν
1134 4913 1234 4966 οὐκ
1260 4912 1461 4964 εἰδέναι
1492 4910 1627 4981 φησὶ
1659 4908 1799 4963 κατά
1829 4907 2007 4978 σάρκα

434 5007 596 5072 Υἱόν;
626 5008 750 5061 Ὅτι
781 5006 919 5077 μετὰ
946 5004 1044 5077 τὴν
1083 5006 1146 5058 ὲκ
1184 5003 1393 5074 νεκρῶν
1437 5002 1757 5068 ἀναϐίωσιν,
1804 5001 1904 5054 οὐκ
1947 5001 2011 5052 ἐκ

437 5098 543 5151 τῶν
576 5100 676 5169 τῆς
706 5098 906 5168 σαρκὸς
931 5096 1012 5150 ἔτι
1037 5095 1273 5166 μέτρων,
1306 5093 1419 5145 ἀλλ’
1450 5092 1525 5154 ώς
1555 5094 1620 5145 ἐκ
1651 5089 1801 5153 θείας
1838 5091 2010 5158 ὑπερ-⁹

438 5191 571 5261 οχῆς
597 5192 817 5260 ἄμεινον
842 5188 1003 5243 αὐτὸν
1031 5186 1228 5241 εἰδέναι
1251 5184 1345 5236 καὶ
1377 5182 1658 5253 ὁμολογεῖν
1680 5195 1692 5209 ·
1735 5178 1887 5233 οὔπω
1907 5178 2014 5246 γὰρ

444 5282 826 5353 πληρωθείσης
854 5280 953 5351 τῆς
980 5276 1314 5347 οἰκονομίας,
1344 5272 1674 5344 ὲκηρύττετο
1704 5270 1845 5323 κατά
1887 5267 2018 5339 σάρ-

444 5390 539 5432 κα.
562 5374 651 5427 ῖνα
683 5371 1007 5441 πιστεύηται
1036 5366 1278 5438 γεγονὼς
1304 5365 1587 5434 ἄνθρωπος
1614 5363 1642 5414 6
1671 5360 1981 5428 Μονογενής
2003 5375 2015 5387 ’

448 5466 571 5516 ἐπεὶ
599 5465 657 5517 δὲ
687 5463 999 5517 τετέλεσται
1042 5461 1103 5513 τὸ
1139 5460 1456 5530 μυστήριον,
1493 5454 1584 5521 ἀφ’
1618 5446 1694 5506 ὧν
1736 5453 1853 5503 ἐστι
1886 5448 2019 5510 Θεὸς

450 5557 672 5628 ἄμεινον
722 5554 882 5609 αὐτὸν
918 5552 1220 5622 ὁμολογεῖν,
1262 5548 1296 5616 ἢ
1327 5545 1433 5601 ἀπό
1461 5561 1522 5612 γε
1556 5542 1648 5595 τοῦ
1687 5539 2018 5595 κεκενῶσθαι

529 5733 570 5764 ⁸ο
599 5732 751 5786 itum.
780 5746 888 5796 xiv,
929 5729 1043 5785 7-9.
1122 5726 1167 5757 ’⁵
1192 5724 1365 5780 Galat.
1398 5740 1469 5790 tv,
1506 5724 1558 5778 9.
1636 5718 1720 5773 "l
1749 5717 1874 5774 Cor.
1904 5733 1956 5783 κ,
1990 5714 2046 5769 4.

2021 727 2192 782 stasin
2242 725 2492 778 humanae
2546 724 2753 770 natura:
2808 710 3015 764 unitum
3076 703 3447 773 proliteamur.
3506 693 3585 746 A-l

2025 822 2165 876 hunc
2188 816 2332 873 enim
2357 813 2574 868 modum
2614 820 2777 861 unmn
2815 801 3090 857 Christum
3123 806 3378 860 tauquam
3433 797 3611 857 natu-7

2026 912 2193 967 ralem
2222 906 2503 962 Dominum
2532 899 2872 959 conﬁtentes,
2917 901 2973 946 et
3017 888 3199 944 carnis
3234 885 3351 952 ejus
3407 893 3590 934 resur-

2028 1001 2318 1056 rectionem
2350 1000 2728 1066 agnoscentes,
2767 1001 2829 1040 ac
2860 982 3023 1036 veluti
3056 981 3108 1034 in
3154 979 3319 1031 Deum
3362 974 3590 1027 creden-

2030 1101 2129 1153 tes,
2161 1084 2561 1157 justitieatiuuis
2594 1076 2916 1136 beneﬁcium
2966 1067 3375 1135 consequimur.

2106 1201 2123 1233 ι
2162 1179 2330 1235 Nemo
2370 1175 2514 1231 enim
2561 1179 2805 1226 nostrum
2850 1163 2953 1219 sibi
3000 1161 3155 1219 vivit,
3201 1166 3252 1209 et
3303 1166 3461 1206 nemo
3493 1146 3593 1200 sibi

2033 1274 2308 1329 moritur:
2351 1268 2468 1323 sive
2513 1264 2655 1320 enim
2704 1260 2954 1321 vivimus,
2989 1251 3146 1323 105
3200 1246 3427 1301 Domino
3456 1242 3594 1292 vivi-

2034 1382 2192 1430 mus;
2236 1364 2351 1418 sive
2382 1358 2659 1416 morimur,
2716 1350 2944 1405 Domino
2981 1345 3265 1399 morimur.
3306 1336 3433 1389 Sive
3467 1346 3597 1398 ergo

1994 1506 1997 1507 ν
2035 1456 2287 1518 vivimus,
2312 1452 2425 1506 sive
2456 1446 2732 1500 morimur.
2758 1437 2967 1494 Domini
2999 1447 3205 1490 sumus.
3238 1428 3295 1482 In
3330 1428 3432 1480 hoc
3455 1423 3598 1477 enim

2035 1529 2558 1603 Christusmortutts
2582 1545 2665 1591 est
2695 1543 2749 1587 et
2774 1528 3092 1587 resurrexit,
3141 1530 3199 1574 ttt
3232 1520 3474 1572 vivorum
3526 1512 3605 1567 si-

2038 1639 2149 1693 tnttl
2178 1647 2233 1690 et
2265 1641 2597 1688 mortuorum
2636 1617 3031 1680 dominetur”.
3074 1635 3092 1668 ι
3132 1614 3275 1668 Idem
3317 1603 3606 1675 Apostolus

2041 1729 2163 1784 alibi
2198 1727 2318 1781 illos
2342 1725 2431 1793 qui
2467 1737 2530 1775 ex
2569 1717 2819 1786 gentibus
2850 1708 3096 1765 conversi
3135 1704 3371 1764 fuerant,
3411 1700 3483 1750 ita
3524 1695 3603 1747 al-

2048 1820 2318 1888 loquitur:
2356 1834 2374 1867 ι
2411 1812 2566 1868 Nunc
2622 1819 2801 1862 autem
2854 1818 2977 1859 cum
3024 1794 3384 1868 cognoveritis
3420 1789 3607 1848 Deum,

2048 1911 2157 1963 imo
2185 1904 2386 1976 cogniti
2414 1902 2535 1956 sitis
2572 1917 2598 1951 a
2634 1898 2786 1962 Deo;
2817 1892 3084 1963 quomodo
3134 1886 3327 1939 iterum
3380 1891 3611 1932 conver-

2051 1999 2225 2053 timini
2255 1997 2321 2051 ad
2353 1994 2563 2048 inﬁrma
2592 2001 2646 2045 et
2681 2002 2846 2057 egena
2886 1984 3152 2038 elementa
3180 1972 3390 2034 tuundi,
3415 1968 3611 2038 quibus

2049 2092 2226 2145 denuo
2266 2084 2473 2142 servire
2504 2080 2665 2134 vultis
2684 2055 2765 2129 Ni?
2807 2094 2825 2127 ι
2861 2074 2961 2127 Per
2996 2071 3155 2124 ﬁdem
3187 2079 3314 2133 ergo
3366 2062 3420 2112 in
3465 2055 3617 2111 Chri-

2052 2191 2193 2237 stum
2225 2180 2292 2233 ab
2323 2177 2712 2232 elementorum
2747 2166 3007 2221 servitute
3042 2156 3275 2219 liberati,
3306 2157 3358 2208 in
3392 2150 3482 2203 Dei
3509 2145 3614 2199 vivi

2054 2284 2109 2329 et
2131 2272 2243 2329 veri
2276 2267 2559 2325 servitium
2595 2260 2841 2316 translati
2866 2270 3075 2311 sumus.
3106 2250 3258 2317 Quod
3292 2248 3335 2300 si
3366 2241 3617 2329 (L.ht‘isttts

2057 2375 2303 2422 mortuus
2343 2369 2449 2425 est,
2498 2366 2559 2411 ut
2600 2353 2846 2407 vivorum
2891 2357 2944 2401 et
2990 2355 3324 2399 mortuorum
3356 2320 3417 2392 eti
3470 2346 3623 2401 atquo

2060 2456 2388 2511 dominetur,
2418 2448 2630 2517 ipsique
2662 2455 2920 2511 tanquam
2952 2439 3072 2490 vivo
3100 2442 3153 2487 et
3175 2446 3302 2485 vero
3335 2430 3443 2481 Deo
3484 2423 3624 2477 vivi-

2060 2562 2202 2611 mus,
2233 2540 2501 2613 quomodo
2534 2532 2899 2593 necessarium
2941 2543 3046 2581 non
3099 2531 3217 2578 erat
3282 2531 3338 2573 ut
3389 2516 3623 2570 Verbum

2061 2652 2185 2694 cum
2209 2648 2375 2689 carne
2407 2644 2535 2685 vere
2566 2623 2852 2682 uniretnr?
2884 2620 2941 2673 In
2981 2621 3095 2688 ipsa
3134 2626 3365 2680 namque
3398 2615 3630 2661 mortem

2063 2739 2406 2801 perpessum,
2442 2735 2565 2775 cum
2596 2719 2648 2772 in
2682 2716 2854 2778 vivos,
2893 2722 3002 2765 tum
3050 2710 3101 2762 in
3142 2715 3382 2760 mortuos
3416 2708 3631 2769 quoque

2067 2819 2356 2890 imperium
2389 2810 2648 2868 obtinuit.

2494 2923 2576 2980 Ea:
2597 2920 2761 2992 priori
2787 2918 2853 2970 ad
2886 2911 3209 2969 Corinthios.

2145 3063 2164 3096 ι
2196 3040 2459 3097 Bibebant
2507 3036 2651 3091 enim
2702 3036 2767 3086 de
2811 3026 3064 3096 spiritali,
3118 3027 3481 3086 consequente
3540 3026 3637 3068 eos

1992 3123 2035 3182 ο
2069 3143 2220 3208 petra
2248 3152 2261 3187 :
2302 3141 2451 3202 petra
2479 3136 2658 3181 autem
2691 3134 2809 3176 erat
2837 3117 3089 3173 Christus
3108 3113 3176 3165 ".
3207 3131 3225 3164 ι
3247 3108 3450 3163 Nomen
3479 3104 3639 3159 Chri-

2072 3231 2140 3286 sti
2172 3238 2301 3283 tuuc
2347 3224 2562 3279 demum
2610 3216 2839 3271 inditum
2889 3217 2973 3265 est
3024 3201 3381 3263 Emmanueli,
3427 3197 3644 3267 quando

2075 3337 2141 3377 ex
2180 3332 2335 3374 sacra
2393 3313 2608 3382 Virgine
2657 3306 2924 3376 originem
2969 3300 3142 3354 duxit.
3191 3294 3470 3360 Quomodo
3516 3302 3645 3355 ergo

2077 3422 2231 3483 petra
2264 3420 2386 3463 esse
2435 3381 2670 3473 poterat,
2701 3410 2821 3467 quae
2855 3391 3108 3462 populmn
3155 3384 3507 3440 lsraeiiticum
3549 3381 3648 3434 de-

2079 3470 2229 3558 serto
2261 3470 2517 3569 putarat?
2552 3490 2893 3556 Scripturam
2938 3492 3151 3535 sacram
3185 3488 3347 3528 unum
3384 3470 3653 3522 duntaxat

2086 3564 2304 3656 Filium,
2329 3595 2603 3652 unumque
2653 3576 2930 3634 Christum
2959 3581 3278 3639 agnoscere,
3310 3573 3467 3619 extra
3501 3564 3653 3628 quae-'-

2085 3685 2317 3741 stionem
2342 3687 2444 3735 est.
2486 3673 2728 3730 Verbum
2781 3666 2984 3731 itaque,
3041 3666 3399 3730 posteaquam
3435 3664 3653 3705 carnem

2090 3771 2353 3841 suscepit,
2381 3763 2647 3838 spiritalis
2667 3760 2832 3818 etiam
2868 3762 3020 3825 petra
3051 3759 3159 3812 est,
3195 3752 3418 3817 propter
3438 3743 3657 3811 dispen-

2088 3834 2684 3921 sationis—novitatem,
2744 3848 2978 3920 pr0pria2
3035 3851 3243 3897 natura:
3278 3834 3658 3903 antiquitatem

2092 3970 2198 4010 non
2226 3950 2506 4021 abjiciens.

2457 4059 2540 4114 Ea:
2580 4048 2864 4126 posteriore
2891 4049 2961 4104 ad
2990 4043 3313 4103 Corinthios.

2173 4196 2192 4228 ι
2229 4176 2413 4243 Itaque
2453 4184 2554 4226 nos
2603 4182 2667 4222 ex
2712 4165 2814 4219 hoe
2860 4158 3131 4215 neminem
3182 4150 3431 4207 novimus
3471 4157 3667 4200 secun-

2099 4267 2226 4322 dum
2251 4273 2513 4317 carnem:
2547 4267 2604 4312 et
2634 4257 2677 4311 si
2716 4249 3013 4307 secundum
3054 4256 3274 4300 carnem
3316 4234 3668 4307 cognovimus

2100 4356 2403 4417 Christum,
2457 4349 2553 4406 sed
2601 4360 2743 4427 nunc
2775 4343 2890 4414 jam
2935 4354 3040 4393 non
3093 4334 3339 4389 novimus
3364 4331 3432 4383 ⁸⁷.
3473 4347 3491 4378 ι
3533 4324 3669 4391 Quid
3730 4378 3733 4379 ν

3222 4418 3468 4488 Nunquid
3512 4415 3672 4468 Citri-

2102 4550 2245 4595 stnm
2289 4544 2411 4606 post
2454 4526 2904 4587 resurrectionem
2959 4515 3265 4574 inliciatur?
3310 4512 3496 4563 Nonne
3526 4508 3671 4560 illum

2104 4633 2399 4687 secundum
2451 4636 2668 4680 carnem
2717 4613 3095 4672 resuscitalum
3124 4649 3138 4674 ,
3184 4619 3419 4673 cumque
3489 4601 3675 4654 eadem
3774 4657 3786 4670 .

2104 4723 2193 4777 illa
2221 4734 2386 4775 carne
2412 4717 2464 4770 in
2494 4713 2688 4770 coelum
2720 4706 3018 4779 profectum
3070 4698 3271 4754 norat?
3301 4695 3499 4764 Ecquis
3529 4692 3670 4745 istud

2109 4812 2293 4867 dicere
2348 4805 2572 4861 audeat?
2629 4801 2812 4855 Talem
2858 4810 3091 4863 namque
3160 4794 3211 4846 itt
3260 4789 3456 4844 emittm
3498 4798 3681 4836 ascen-

2115 4901 2281 4963 disse,
2315 4912 2379 4951 ac
2413 4895 2543 4949 olim
2581 4892 2704 4946 inde
2733 4901 2943 4943 rursum
2968 4892 3256 4938 venturum
3288 4876 3511 4934 sciebat,
3546 4889 3680 4941 qua-

2117 4993 2221 5045 lem
2280 4986 2526 5042 cmlestia
2564 4982 2785 5051 petiisse
2834 4977 3146 5044 neutiquam
3201 4968 3504 5043 ignorabat.
3542 4964 3686 5031 Quo-

2120 5085 2280 5138 modo
2311 5079 2475 5148 igitur
2508 5073 2701 5128 Filium
2738 5071 3031 5126 secuttdum
3068 5078 3286 5119 carnem
3320 5076 3377 5115 se
3405 5070 3564 5112 nosse
3594 5070 3688 5107 ne-

2122 5168 2542 5246 gat?Quoniaut
2582 5162 2743 5218 simul
2774 5170 2935 5228 atque
2979 5174 3043 5213 ex
3080 5153 3308 5210 mortuis
3349 5147 3564 5209 revixit,
3598 5161 3688 5197 εον

2126 5266 2230 5320 tius
2266 5278 2329 5317 ex
2381 5258 2560 5312 divina
2608 5254 2768 5324 106
2813 5248 3104 5305 eminentia
3142 5245 3292 5298 illum
3333 5250 3384 5295 et
3432 5251 3592 5291 nosse
3640 5244 3693 5287 et

2124 5350 2558 5424 proﬁteri,quam
2583 5360 2647 5400 ex
2676 5344 2858 5397 carnis
2888 5352 3161 5394 mensura.
3202 5331 3447 5394 Etenim,
3478 5327 3664 5393 dispen

2128 5442 2351 5500 sationis
2403 5438 2660 5509 mysterio
2693 5434 2920 5489 necdum
2955 5428 3191 5495 expleto,
3226 5419 3522 5477 secundum
3570 5431 3697 5470 car—

2128 5550 2248 5590 nem
2295 5531 2703 5602 pnedieabatur,
2747 5520 3144 5595 quopintirttm
3194 5501 3517 5583 Unigeuitus
3571 5522 3697 5560 eam

2125 5708 2214 5764 οτι
2248 5708 2375 5765 Cor.
2408 5721 2460 5773 v,
2492 5701 2573 5757 l6.
