4060 6464
443 343 463 396 l
483 343 575 397 303

1425 347 1481 403 S.
1524 347 1796 405 CYRILLI
1839 350 2307 407 ALEXANDRINI
2350 355 2668 413 ARCHIEP.

3560 361 3693 415 13M

436 461 612 514 factus
664 460 999 518 crederetur.
1052 463 1118 516 At
1149 480 1295 529 vero,
1347 480 1687 522 sacramento
1742 470 1846 524 hoc
1888 471 2001 539 jam

2107 473 2195 527 διὰ
2233 476 2330 545 τὴν
2373 478 2573 547 σάρκα.
2617 471 2711 541 Εἷς
2747 472 2840 530 οὖν
2880 480 3115 548 Χριστὸς
3154 481 3248 533 καὶ
3278 480 3404 553 Υἱὸς
3443 482 3538 535 καὶ
3576 481 3695 532 Κύ-

434 565 832 616 ronsummato.
869 564 1084 622 prmstat
1115 573 1177 609 ex
1208 557 1489 611 divinitate
1520 559 1669 612 illum
1704 576 2000 630 agnoscere

2113 581 2246 635 ριος.

432 645 776 710 etproliteri,
807 659 967 712 quam
1025 661 1088 699 ex
1154 649 1337 703 carnis
1380 651 1685 705 humilitate
1754 665 1809 705 et
1852 655 2238 713 exinanitione.
2296 660 2452 716 Unus
2494 662 2678 732 itaque
2717 672 2798 716 est
2843 662 3097 717 Christus
3166 674 3221 718 et
3279 664 3446 717 Filius
3498 676 3553 717 et
3602 665 3696 717 Do-

435 748 633 787 minus.

509 844 528 876 α
568 827 733 883 Scitis
764 830 910 882 enim
939 831 1171 900 gratiam
1198 831 1406 888 Domini
1437 836 1607 890 nostri
1631 835 1758 891 Jesu
1785 838 2010 902 Christi,

432 918 688 986 quoniam
734 931 954 989 propter
979 938 1077 978 vos
1111 938 1313 991 egenus
1345 924 1524 981 fatttus
1565 938 1679 994 est,
1717 944 1837 982 cum
1866 940 2013 985 esset

433 1010 601 1075 dives,
634 1021 693 1064 ut
740 1011 884 1067 illius
931 1014 1109 1081 inopia
1157 1031 1250 1069 vos
1292 1018 1490 1073 divites
1529 1022 1728 1076 essetis
1772 1023 1838 1077 ".
1888 1041 1906 1074 ι
1951 1022 2008 1077 Si

433 1102 686 1160 Christus
721 1116 804 1159 est
854 1115 1060 1160 tantum
1108 1109 1290 1173 homo,
1325 1126 1429 1163 non
1478 1115 1774 1166 secundum
1823 1129 2005 1167 veram

435 1203 617 1247 autem
643 1209 763 1247 cum
797 1195 890 1250 Dei
917 1195 1093 1253 Verbo
1120 1199 1375 1253 unionem
1402 1203 1715 1268 opulentus.
1740 1215 1799 1258 ut
1829 1207 2004 1273 Deus;

434 1283 707 1350 quomodo
750 1284 923 1339 lactus
974 1295 1058 1340 est
1104 1290 1355 1357 egenus?
1388 1289 1588 1356 Quales
1632 1294 1846 1348 tandem
1883 1308 2008 1351 sunt

432 1386 563 1441 opes
599 1380 808 1429 natum
844 1376 1129 1431 humanae?
1170 1381 1363 1435 Annon
1424 1385 1570 1437 οηιηί
1639 1384 1843 1440 homini
1877 1387 2013 1441 dici-

434 1473 522 1516 tur
554 1481 567 1517 :
609 1482 628 1515 (
661 1464 799 1532 Quid
832 1466 1000 1522 habes
1031 1471 1175 1536 quod
1212 1485 1322 1524 non
1358 1473 1615 1539 accepisti
1638 1473 1733 1527 "‘i
1767 1494 1786 1527 ι
1810 1472 2009 1531 Verum

433 1552 522 1605 hic
553 1568 675 1609 cum
706 1557 855 1611 dives
875 1569 1039 1624 esset,
1060 1568 1243 1630 utpote
1271 1561 1429 1626 Deus,
1460 1562 1635 1619 iactus
1669 1575 1750 1620 est
1769 1580 2005 1637 egenus;

439 1648 709 1716 siquidem
744 1649 977 1706 Verbum
1012 1666 1321 1722 paternum,
1346 1658 1486 1724 quod
1528 1671 1655 1712 vere
1684 1659 1835 1713 dives
1866 1670 2008 1723 erat,

434 1740 687 1797 humanae
732 1752 942 1798 natura:
982 1746 1344 1802 humilitatem
1396 1750 1795 1818 dispensatorie
1845 1766 2005 1805 suam

432 1828 661 1898 faciens,
689 1830 888 1886 factum
935 1844 1018 1888 est
1066 1836 1243 1904 inops.
1284 1836 1435 1891 Unus
1467 1854 1597 1908 ergo
1627 1848 1711 1893 est
1757 1840 2010 1894 Christus

435 1931 489 1974 et
514 1919 703 1987 Filius,
737 1924 827 1992 qui
870 1926 1088 1994 quidem
1134 1929 1284 1982 dives
1336 1939 1419 1983 est
1468 1940 1525 1984 ut
1579 1929 1755 1995 Deus;
1808 1946 2010 2000 panper

436 2026 565 2066 vero
592 2023 696 2078 est,
733 2016 858 2085 quia
891 2027 944 2069 nt
983 2033 1083 2071 nos
1118 2034 1212 2088 per
1239 2034 1299 2075 se
1337 2022 1716 2091 locupletarct,
1745 2024 1909 2078 homo
1937 2024 2008 2076 fa-

434 2114 557 2158 ctus
582 2115 686 2161 θδῑ.

868 2219 950 2277 Ea:
978 2223 1211 2293 Epistula
1240 2229 1308 2279 ad
1336 2225 1575 2282 Galatas.

508 2349 525 2380 ι
563 2329 762 2388 Paulus
802 2339 1101 2406 apostolus,
1135 2355 1239 2392 non
1274 2342 1341 2394 ab
1366 2341 1694 2406 hominibus,
1717 2357 1887 2410 neque
1912 2358 2009 2413 per

433 2420 729 2491 hominem,
749 2428 841 2481 sed
865 2444 960 2496 per
976 2426 1157 2483 Jesum
1176 2431 1543 2498 Christum,et
1572 2433 1741 2488 Deum
1791 2431 2005 2486 Patrem

434 2516 525 2583 qui
581 2518 865 2573 suscitavit
914 2537 1034 2574 eum
1066 2538 1095 2574 a
1151 2524 1448 2579 mortuis‘.
1504 2542 1523 2575 ι
1581 2525 1772 2580 Αιιιιοιι
1838 2525 2005 2580 Deum

429 2603 798 2674 incarnatnm,
856 2625 1128 2680 unumque
1173 2627 1236 2666 ex
1297 2613 1543 2683 utrisque
1574 2614 1770 2670 Filiutn
1828 2627 1882 2670 et
1911 2616 2008 2671 Do-
2061 2676 2071 2687 ,

431 2695 986 2760 minttm,divinorutu
1030 2704 1415 2773 mysteriorum
1462 2706 1729 2775 interpres
1764 2721 1859 2775 per
1892 2707 2007 2763 haec

431 2785 586 2840 nobis
612 2787 888 2843 insinuat?
912 2791 1046 2845 Dicit
1080 2792 1223 2846 enim
1244 2809 1431 2848 senon
1467 2794 1536 2849 ab
1569 2795 1804 2862 homine,
1833 2811 2006 2865 neque

429 2889 527 2941 per
551 2876 843 2957 hominem,
862 2882 955 2935 sed
982 2898 1073 2950 per
1099 2880 1280 2936 Jesutn
1309 2884 1583 2940 Christum
1617 2889 1839 2941 missum
1862 2903 2002 2943 eSsc.

430 2966 570 3036 Quid
596 2970 765 3036 ergo?
797 2969 1050 3039 Nonquid
1113 2972 1283 3036 illum,
1317 2989 1475 3043 quem
1503 2976 1754 3031 universo
1781 2978 1897 3031 orbi
1926 2987 2005 3032 ta-

427 3060 532 3115 lem
583 3063 935 3115 annuntiarat
969 3064 1240 3119 hominem
1275 3079 1397 3121 esse
1431 3067 1747 3136 ignorabat?
1783 3069 2000 3139 Nequa-

424 3169 583 3221 quam
607 3172 620 3207 :
641 3162 796 3207 norat
822 3155 1007 3223 utique
1036 3156 1307 3211 hominem
1333 3171 1456 3213 esse
1477 3181 1490 3212 ι
1511 3167 1566 3211 at
1594 3173 1696 3212 non
1723 3160 1997 3214 hominem

424 3245 626 3310 solum,
658 3246 750 3300 sed
795 3246 887 3301 Dei
954 3247 1188 3301 Verbum
1250 3248 1524 3302 hominem
1562 3250 1787 3303 factum.
1816 3250 2002 3321 Neque

425 3334 598 3390 Deum
637 3351 849 3390 rursum
888 3339 940 3391 in
981 3338 1198 3391 homine
1264 3338 1692 3409 intelligendum,
1721 3342 1815 3395 sed
1854 3342 2001 3396 salva

425 3441 522 3494 per
545 3426 726 3480 omnia
757 3426 960 3481 deitate
1009 3428 1283 3481 hominem
1333 3430 1512 3497 reipsa
1565 3427 1836 3483 eticctum.
1866 3430 2003 3486 Cum

422 3532 552 3589 ergo
580 3532 641 3574 se
687 3533 791 3573 non
827 3518 894 3572 ab
944 3519 1184 3583 homine,
1218 3519 1312 3573 sed
1354 3534 1449 3589 per
1499 3518 1680 3575 Jesum
1727 3521 2002 3577 Christum

425 3611 648 3665 missum
681 3610 827 3665 dicat
862 3626 878 3665 :
913 3610 1035 3679 quis
1086 3611 1288 3664 dubitet
1332 3613 1461 3680 quin
1499 3613 1774 3667 Christum
1818 3613 2000 3669 Iesum

424 3715 609 3756 verum
634 3701 802 3755 Deum
837 3710 1121 3770 agnoscat,
1152 3701 1312 3755 etiam
1334 3702 1421 3756 ubi
1458 3701 1544 3755 ille
1570 3703 1792 3770 perinde
1814 3718 1879 3758 ac
1906 3719 2003 3759 nos

422 3795 571 3846 carni
622 3793 1178 3855 communicavitiAt
1225 3793 1411 3848 maluit
1440 3796 1659 3849 interim
1714 3795 1869 3867 illum
1908 3812 2003 3863 per

423 3882 661 3936 divinam
691 3882 835 3937 illius
870 3897 1033 3950 super
1059 3898 1252 3938 omnes
1282 3885 1679 3948 excellentium,
1702 3902 1861 3953 quam
1906 3901 2001 3956 per

421 3974 809 4029 exinanitionis
841 3966 1149 4031 mensuram
1176 3978 1499 4043 exprimere.

501 4183 520 4216 ι
554 4164 687 4220 Cttm
744 4179 989 4220 essemus
1046 4167 1276 4234 parvuli,
1307 4167 1408 4221 sub
1465 4170 1750 4225 elementis
1814 4172 1997 4224 mundi

2198 865 2216 897 ι
2249 846 2551 901 Γινώσκετε
2576 848 2684 920 γὰρ
2709 847 2806 917 τὴν
2832 848 2989 918 χάριν
3017 845 3112 899 τοῦ
3147 845 3353 915 Κυρίου
3395 846 3553 913 ἡμῶν
3587 846 3693 916 Ἰη-

2122 938 2217 991 σοῦ
2249 941 2511 1010 Χριστοῦ,
2545 941 2626 993 ὅτι
2668 941 2736 993 δι’
2767 941 2910 1009 ὑμᾶς
2954 938 3264 1007 ἐπτώχευσε
3298 938 3550 999 πλούσιος
3594 934 3691 1001 ὣν,

2119 1029 2204 1080 ἵνα
2232 1030 2390 1098 ὑμεῖς
2413 1033 2477 1099 τῇ
2508 1029 2716 1081 ἐκείνου
2743 1030 2985 1100 πτωχείᾳ
3012 1028 3372 1098 πλουτήσητε.
3396 1045 3415 1076 ι
3446 1028 3504 1078 El
3534 1028 3699 1094 μόνον

2116 1120 2402 1189 ἄνθρωπος
2429 1122 2457 1172 ὁ
2487 1121 2741 1191 Χριστὸς,
2778 1122 2871 1174 καὶ
2903 1122 2964 1173 οὐ
2994 1120 3116 1173 καθ’
3150 1119 3346 1173 ἕνωσιν
3391 1117 3564 1190 ἀληθῆ
3593 1119 3698 1191 τὴν

2114 1210 2251 1280 πρὸς
2278 1210 2370 1263 τὸν
2397 1211 2530 1263 Θεὸν
2556 1212 2729 1279 Λόγον
2759 1211 3030 1271 πλούσιος,
3068 1210 3142 1273 ὡς
3183 1210 3333 1272 Θεὸς,
3364 1209 3481 1271 πῶς
3516 1208 3695 1260 ἐπτώ-

2115 1320 2312 1375 χευσε;
2348 1305 2446 1368 Τίς
2476 1303 2584 1374 γὰρ
2616 1305 2755 1368 ὅλως
2787 1306 2815 1357 ὁ
2843 1304 2942 1373 τῆς
2971 1302 3392 1372 άνθρωπότητος
3425 1299 3692 1365 πλοῦτος;

2117 1398 2348 1469 Εῐρηται
2384 1397 2493 1468 γὰρ
2520 1396 2794 1469 ἀνθρώπῳ
2826 1395 2989 1449 παντί
3010 1413 3024 1426 ο
3074 1414 3093 1446 ι
3127 1394 3192 1448 Τί
3218 1393 3329 1464 γάρ
3359 1393 3503 1463 ἔχεις
3533 1393 3561 1445 ὸ
3593 1393 3690 1445 οὐκ

2117 1486 2337 1554 ἔλασεςς
2384 1507 2404 1540 ι
2443 1488 2582 1542 Ἀλλ’
2614 1488 2947 1559 ἐπτώχευσε,
2997 1486 3254 1550 πλούσιος
3299 1485 3376 1539 ὢν
3417 1485 3493 1549 ὡς
3521 1485 3690 1548 Θεός·

2116 1579 2430 1650 ὲπτὼχευσε
2462 1578 2590 1650 γάρ,
2622 1577 2684 1632 τὸ
2715 1578 2815 1650 τῆς
2854 1577 3269 1648 ἀνθρωπότητος
3316 1574 3696 1646 μικροπρεπὲς

2115 1670 2538 1741 οίκειωσάμενος
2587 1669 2973 1739 οἰκονομικῶς,
2999 1669 3029 1721 ὁ
3077 1666 3335 1729 πλούσιος
3381 1663 3596 1735 άληθῶς
3625 1664 3697 1717 ὲκ

2045 1785 2083 1839 Β
2113 1762 2248 1816 Θεοῦ
2281 1762 2493 1834 Πατρὸς
2520 1763 2711 1830 Λόγος.
2745 1757 2840 1824 Εἷς
2875 1760 2985 1832 ἀρα
3020 1758 3254 1831 Χριστὸς
3289 1758 3383 1811 καὶ
3409 1756 3538 1819 Υἱός
3558 1773 3572 1788 ο
3597 1757 3696 1809 καὶ

2113 1849 2366 1913 πλούσιος
2401 1850 2527 1919 μὲν,
2552 1850 2628 1913 ὡς
2657 1849 2788 1911 Θεός
2810 1866 2822 1878 ·
2861 1848 3075 1918 πτωχὸς
3119 1847 3198 1909 δὲ,
3226 1847 3309 1900 ὃτι
3341 1846 3564 1913 γέγονεν
3594 1844 3693 1899 ἀν-

2109 1940 2350 2011 θρωπος,
2387 1941 2473 1993 ἶνα
2505 1942 2667 2009 ἡμεῖς
2699 1939 2985 2009 γενώμεθα
3020 1936 3267 1990 πλούσιοι
3294 1935 3363 1988 δι’
3391 1934 3577 1989 αὐτόν.

2516 2228 2610 2279 Ἐκ
2648 2225 2757 2293 τῆς
2791 2225 2940 2293 πρὸς
2975 2224 3273 2291 Γαλάτας.

2187 2364 2205 2395 ι
2236 2342 2449 2407 Παῦλος
2484 2340 2780 2403 ἀπόστολος
2808 2380 2822 2406 ,
2859 2339 2959 2393 οὐκ
2979 2341 3074 2393 ἀπ’
3102 2338 3427 2411 ἀνθρώπων,
3455 2337 3575 2391 οὐδὲ
3618 2336 3690 2392 δι’

2108 2433 2423 2504 ἀνθρώπου,
2468 2432 2603 2485 ἀλλά
2635 2432 2723 2484 διὰ
2755 2430 2929 2500 Ἰησοῦ
2976 2429 3235 2500 Χριστοῦ,
3266 2430 3362 2483 καὶ
3392 2428 3528 2481 Θεοῦ
3575 2428 3692 2481 Πα-

2108 2523 2236 2595 τρὸς
2280 2522 2372 2575 τοῦ
2419 2521 2729 2591 ἐγείραντος
2774 2519 2935 2573 αὑτὸν
2993 2521 3058 2573 ὲκ
3102 2518 3334 2591 νεκρῶν.
3372 2538 3391 2572 ι
3418 2515 3546 2589 Ἆρ’
3592 2513 3688 2571 οὖν

2107 2614 2227 2684 οὐχὶ
2269 2613 2402 2665 Θεὸν
2432 2610 2921 2682 ὲνηνθρωπηκότα,
2964 2610 3060 2661 καὶ
3105 2609 3204 2663 ἕνα
3249 2606 3340 2662 τὸν
3382 2606 3442 2673 ἐξ
3483 2608 3691 2679 ἀμφοῖν

2107 2704 2398 2773 ἀποφαίνει
2437 2702 2523 2754 διὰ
2547 2701 2896 2770 τούτωνήμίν
2937 2701 3059 2753 Υἰὸν
3086 2702 3179 2753 καὶ
3209 2701 3413 2770 Κύριον
3445 2703 3474 2754 ὁ
3514 2717 3688 2770 μυστ-

2111 2799 2361 2867 αγωγός;
2406 2798 2549 2865 Ἔφη
2592 2797 2687 2865 μὲν
2734 2795 2843 2866 γάρ
2908 2795 3268 2859 ἀπεστάλθαι,
3307 2794 3432 2847 οὔτε
3464 2794 3557 2847 ἀπ’
3589 2795 3689 2846 ἀν-

2109 2890 2364 2961 θρώπων,
2414 2888 2537 2940 οὔτε
2591 2886 2656 2939 δι’
2699 2885 3024 2953 ἀνθρώπου·
3076 2884 3433 2955 προστέθεικε
3474 2882 3558 2947 δὲ,
3605 2883 3690 2935 ὅτι

2114 3001 2133 3032 ι
2176 2979 2337 3033 ’Λλλά
2365 2980 2453 3032 διὰ
2492 2976 2666 3046 Ἰησοῦ
2699 2975 2958 3046 Χριστοῦ.
2987 2994 3005 3026 ι
3036 2975 3227 3029 Καίτοι
3251 2973 3370 3037 πῶς
3410 2974 3510 3026 οὐκ
3546 2968 3690 3025 οἶδεν

2109 3072 2396 3142 ἄνθρωπον
2441 3071 2570 3122 ὂντα
2614 3066 2819 3136 Ἰησοῦν
2870 3067 3128 3136 Χριστὸν.
3159 3067 3187 3118 ὁ
3232 3064 3378 3117 οὕτω
3414 3065 3529 3124 τοῖς
3582 3062 3690 3115 ἀνά

2108 3166 2288 3218 πᾶσαν
2314 3165 2411 3233 τὴν
2441 3160 2764 3231 οἰκουμένην
2783 3167 2814 3208 1
2850 3144 3293 3228 κηρύξαςαύτόν
3319 3172 3334 3220 ;
3377 3155 3518 3207 Ἀλλ’
3543 3149 3689 3206 οἶδεν

2106 3253 2233 3306 ὅντα
2253 3253 2351 3305 οὐκ
2372 3251 2656 3321 ἄνθρωπον
2682 3247 2886 3311 ἁπλῶς,
2909 3246 3372 3318 ὲνηνθρωπηκότα
3397 3244 3453 3297 δὲ
3485 3243 3689 3312 μᾶλλον

2104 3344 2197 3395 τὸν
2221 3343 2285 3395 ὲκ
2327 3339 2464 3393 Θεοῦ
2508 3338 2707 3406 Λόγον·
2744 3338 2838 3390 καὶ
2864 3338 2924 3390 οὐ
2962 3337 3096 3389 Θεὸν
3130 3337 3188 3387 ὲν
3217 3332 3492 3404 ἀνθρώπῳ
3539 3331 3692 3385 νοού-

2110 3449 2288 3503 μενον,
2316 3431 2428 3485 ἀλλ’
2455 3432 2531 3494 ὼς
2559 3431 2880 3502 αὐτόχρημα
2909 3428 3200 3497 γενόμενον
3228 3425 3516 3495 ἄνθρωπον
3551 3423 3691 3495 μετά

2104 3523 2198 3578 τοῦ
2229 3520 2534 3578 εἷναιΘεόν.
2563 3521 2735 3575 Ὀταν
2772 3515 2865 3573 οὖν
2893 3518 3050 3587 λέγῃ,
3091 3516 3243 3588 παρὰ
3277 3515 3567 3586 ἀνθρώπου
3611 3514 3691 3585 μὴ

2105 3612 2464 3676 ἀπεστάλθαι,
2492 3612 2628 3688 ἀλλὰ
2657 3611 2745 3664 διὰ
2782 3607 2956 3679 Ἰησοῦ
2988 3605 3245 3678 Χριστοῦο
3279 3606 3396 3669 πῶς
3417 3607 3516 3675 οὐχ
3549 3604 3693 3658 άπα-

2105 3723 2189 3760 σιν
2226 3705 2477 3777 ἐναργὲς,
2500 3684 2586 3757 bet
2612 3702 2708 3755 καὶ
2737 3700 2869 3754 Θεὸν
2904 3700 3067 3753 αὐτὸν
3097 3696 3237 3751 οἶδεν
3263 3697 3517 3767 ἀληθινὸν
3548 3695 3692 3765 μετά
3738 3684 3750 3693 ’

2103 3799 2163 3851 τὸ
2196 3797 2291 3850 καὶ
2323 3799 2380 3849 ὲν
2416 3794 2582 3865 σαρκὶ
2618 3791 2875 3861 γενέσθαι
2919 3790 3040 3844 καθ’
3069 3790 3249 3860 ήμᾶςς
3284 3787 3549 3858 Σημαίνει
3578 3785 3691 3837 τοί-

2103 3907 2198 3942 νυν
2238 3888 2400 3941 αὐτὸν
2429 3887 2529 3938 οὐκ
2575 3885 2683 3937 ἀπό
2723 3901 2786 3952 γε
2827 3883 2935 3935 τῶν
2979 3882 3077 3951 τῆς
3118 3878 3401 3939 κενώσεως
3450 3876 3687 3947 μέτρων,

2102 3978 2239 4033 ἀλλά
2271 3981 2335 4030 ὲκ
2369 3976 2467 4046 τῆς
2501 3975 2651 4039 θείας
2685 3973 2849 4027 αὑτοῦ
2903 3973 2997 4025 καὶ
3042 3970 3185 4024 κατὰ
3234 3969 3452 4023 πάντων
3502 3968 3689 4037 ὑπερ-

2102 4087 2354 4213 οχῗῗδτε
2397 4154 2538 4229 ἦμεν
2570 4158 2785 4228 νήπιοι,
2814 4156 2920 4208 ὑπὸ
2950 4154 3018 4208 τὰ
3066 4153 3305 4222 στοιχεῖα
3346 4147 3439 4202 τοῦ
3466 4148 3688 4218 οκόσμου

420 4269 642 4310 eramus
698 4255 1017 4311 servientes.
1070 4257 1225 4326 107
1291 4259 1362 4313 At
1408 4260 1495 4331 ubi
1542 4262 1686 4315 venit
1724 4261 1999 4331 plenitudo

2107 4249 2487 4321 δεδουλωμένοι
2526 4244 2686 4319 ἦμεν.
2718 4247 2847 4301 ’Ὀτε
2889 4246 2946 4299 δὲ
2982 4241 3112 4316 ἦλθε
3160 4244 3221 4296 τὸ
3268 4243 3542 4312 πλήρωμα
3589 4237 3686 4292 τοῦ

421 4346 704 4415 temporis,
737 4346 888 4401 misit
941 4345 1084 4401 Deus
1123 4346 1317 4401 Filium
1355 4362 1512 4404 suum
1544 4348 1753 4405 factum
1779 4366 1845 4406 ex
1878 4368 1999 4406 mu-

2107 4342 2314 4413 χρόνον,
2360 4339 2739 4408 ἐξαπέστειλεν
2786 4339 2814 4390 ὁ
2853 4337 2985 4401 Θεὸς
3014 4335 3105 4389 τὸν
3152 4334 3278 4389 Υίὸν
3313 4332 3478 4389 αὑτοῦ
3528 4331 3689 4401 γενό-

419 4436 572 4503 liere,
604 4436 803 4492 factum
835 4438 935 4491 sub
971 4437 1107 4504 lege,
1139 4448 1197 4492 ut
1238 4452 1335 4494 eos
1378 4438 1471 4507 qui
1515 4442 1614 4494 sub
1640 4440 1758 4513 lege
1815 4453 1993 4509 erant,

2107 4450 2265 4503 μενον
2306 4435 2371 4487 ὲκ
2405 4429 2691 4499 γυναικὸς,
2726 4429 3017 4499 γενόμενον
3065 4427 3171 4482 ὑπὸ
3208 4426 3390 4496 νόμον,
3438 4424 3525 4477 ἵνα
3557 4424 3688 4485 τοὺς

420 4527 728 4589 redimeret,
758 4535 817 4580 ut
856 4526 1196 4596 adoptionem
1230 4527 1460 4581 tiliorum
1494 4527 1859 4598 reciperemus
1882 4530 1924 4582 ¹.
1965 4548 1984 4582 ι

2107 4525 2195 4579 ὣπὸ
2235 4523 2399 4594 νόμον
2437 4521 2766 4594 ἐξαγοράσῃ,
2801 4523 2888 4574 ἵνα
2922 4520 3020 4589 τὴν
3070 4519 3342 4572 υἱοθεσίαν
3394 4514 3687 4569 ἀπολάϐω-

417 4618 612 4684 Quem,
634 4633 835 4687 qumso,
866 4618 1007 4673 Deus
1042 4616 1205 4674 Pater
1226 4634 1290 4673 ex
1324 4618 1547 4675 muliere
1589 4629 1770 4675 ortum
1801 4633 1855 4676 et
1890 4622 1991 4679 sub

2107 4633 2213 4671 ιεν.
2241 4634 2259 4666 ι
2306 4614 2442 4668 Τίνα
2476 4613 2767 4682 πέπομφεν
2797 4614 2824 4665 ὁ
2860 4611 2994 4673 Θεὸς
3021 4611 3117 4663 καὶ
3148 4608 3360 4680 Πατὴρ,
3383 4606 3441 4669 ὃς
3462 4605 3688 4674 γέγονεν

419 4710 534 4779 lege
591 4710 791 4764 factum
836 4709 1015 4763 misit?
1054 4708 1247 4765 Annon
1306 4724 1543 4780 congrue
1611 4711 1991 4781 respondetur,

2107 4726 2156 4761 ικ
2200 4706 2492 4777 γυναικὸς,
2538 4704 2732 4774 γέγονε
2772 4703 2829 4757 δὲ
2870 4704 2964 4756 καὶ
3011 4701 3115 4754 ὑπὸ
3158 4700 3354 4770 νόμον;
3383 4693 3528 4767 *Δρα
3562 4696 3688 4765 οὐχὶ

418 4796 687 4867 digneque
715 4797 1005 4865 cogitatur,
1034 4810 1155 4849 eum
1184 4795 1420 4862 misisse,
1445 4798 1535 4866 qui
1569 4811 1743 4866 neque
1765 4812 1829 4852 ex
1873 4813 1992 4851 mu-

2107 4798 2262 4867 ράναι
2286 4795 2519 4867 πρέπει,
2569 4796 2664 4847 καὶ
2719 4795 2990 4866 περινοεῖν
3038 4790 3226 4857 ἄξιον,
3271 4790 3355 4842 ὅτι
3396 4787 3688 4855 πέπομφεν

417 4885 548 4939 liere
586 4894 760 4943 ortus,
792 4900 890 4939 nec
938 4883 1037 4955 legi
1071 4885 1246 4940 fatuus
1299 4895 1443 4940 esset
1482 4887 1771 4953 obnoxius,
1794 4887 1894 4941 nisi
1940 4886 1991 4943 id

2107 4890 2323 4949 ἐκεῖνον,
2348 4886 2405 4950 ὃς
2431 4886 2531 4938 οὐκ
2555 4883 2619 4938 ἂν
2648 4883 2874 4953 γέγονεν
2898 4884 2961 4936 ὲκ
2988 4880 3265 4951 γυναικὸς,
3291 4878 3399 4932 οὐδ’
3422 4875 3488 4930 ἂν
3514 4875 3686 4946 ἔπρα-

417 4991 540 5033 esse
564 4992 669 5030 non
691 4977 984 5038 desineret,
1012 4978 1152 5045 quod
1187 4987 1313 5031 ante
1343 4992 1559 5033 carnem
1593 4987 1647 5033 et
1667 4979 1988 5050 sanguinem

2107 4979 2184 5043 Ξεν
2215 4979 2320 5032 ὑπὸ
2350 4978 2537 5047 νόμον,
2563 4977 2612 5029 εἱ
2654 4975 2729 5046 μὴ
2767 4974 3077 5045 μεμένηκεν
3105 4974 3240 5042 ὅπερ
3273 4966 3362 5041 ἦν,
3394 4968 3499 5033 ἔξω
3527 4965 3681 5036 δηλομ

420 5079 730 5135 susceptum
757 5067 912 5123 erat?
947 5067 1053 5121 [tes
1083 5069 1239 5136 plana
1269 5079 1391 5124 est:
1427 5069 1625 5124 etenim
1674 5069 1767 5124 Dei
1817 5068 1996 5123 Patris

2107 5070 2210 5123 νότι
2249 5069 2451 5140 σαρκὸς
2479 5068 2574 5121 καὶ
2605 5067 2868 5137 αἵματοςς
2912 5063 3052 5117 Ἀλλ’
3074 5062 3187 5117 ἔστι
3222 5061 3398 5131 σαφὴς
3429 5061 3458 5112 ὁ
3485 5058 3643 5126 λόγος
3662 5074 3676 5087 ·

419 5156 655 5213 Verbum
687 5158 982 5215 secundum
1012 5174 1228 5212 carnem
1259 5170 1442 5213 uatum
1494 5170 1579 5215 est
1620 5176 1685 5215 ex
1730 5162 1990 5226 muliere;

2107 5161 2259 5231 5γὰρ
2296 5163 2359 5213 ὲκ
2405 5158 2540 5213 Θεοῦ
2593 5157 2804 5229 Πατρὸς
2840 5156 3011 5224 Λόγος
3042 5155 3266 5224 γέγονεν
3310 5155 3375 5207 ὲκ
3422 5148 3680 5220 γυναικὸς

417 5250 509 5305 ille
528 5267 740 5307 rursum
778 5250 868 5322 qui
898 5251 1136 5317 ntDeus,
1160 5252 1293 5322 legis
1344 5262 1461 5305 erat
1500 5250 1783 5319 Dominus,
1818 5251 1995 5307 factus

2107 5252 2236 5305 κατά
2272 5252 2449 5321 σάρκα
2471 5266 2482 5278 ·
2522 5252 2550 5304 ὁ
2578 5248 2671 5302 τοῦ
2704 5248 2867 5318 νόμον
2906 5246 3109 5317 Κύριος
3153 5246 3228 5311 ὡς
3273 5244 3428 5309 Θεὸς,
3458 5242 3682 5314 γέγονεν

483 5409 568 5462 ³⁸1
598 5409 725 5466 Cor.
758 5426 872 5475 vttt,
907 5409 960 5464 9.
1016 5391 1082 5441 A”
1115 5410 1280 5467 lCor.
1320 5424 1391 5477 tv,
1420 5409 1473 5462 7.
1555 5409 1774 5462 'Calat.
1805 5426 1842 5474 ι,
1880 5412 1926 5464 l.
2004 5412 2023 5441 ¹
2048 5408 2224 5463 Galat.
2259 5424 2329 5473 tv,
2359 5408 2411 5461 ’5.

1476 5542 1649 5623 Vnritc
1678 5569 1941 5626 lectiones
1969 5570 2172 5627 codicis
2203 5569 2563 5641 Seguieriani.

487 5712 513 5753 ν
540 5709 628 5759 ὑπ’
656 5709 716 5763 οὐ
726 5709 880 5777 pavo»
