4060 6410
360 380 499 436 1505
1454 382 1544 436 DE
1584 383 1808 439 RECTA
1853 384 2011 441 FIDE
2052 386 2142 440 AD
2182 386 2502 441 REGINAS.
3479 389 3617 444 I306

351 496 459 551 ὑπὸ
486 496 669 565 νόμον,
694 494 781 547 ἵνα
807 494 1033 564 γένηται
1067 496 1161 549 καὶ
1190 495 1415 564 ἀδελφὸς
1442 500 1553 560 τοῖς
1592 498 1699 551 ὑπὸ
1730 499 1890 569 νόμον
1908 516 1921 528 ο

2032 513 2115 553 est
2141 500 2239 565 legi
2269 500 2683 570 subjecttts,quo
2705 501 2917 555 illorum
2947 501 3168 555 fratrem
3204 515 3264 555 se
3319 500 3616 557 declararet

351 589 493 643 οὕτω
525 590 634 658 γάρ
661 585 1005 657 ἀπελάϐομεν
1034 590 1196 659 ἡμεῖς
1228 589 1324 660 τὴν
1363 590 1656 644 υἱοθεσίαν.
1686 591 1850 643 Ὥστε
1879 593 1928 643 εί

2036 590 2126 658 qui
2178 590 2311 658 legis
2377 589 2595 641 vinculo
2656 591 2975 643 tenebantur
3026 590 3279 644 astricti:
3322 590 3425 644 hac
3507 606 3612 644 una

354 680 430 751 μὴ
459 680 680 748 γέγονεν
709 681 812 734 ὑπὸ
851 680 1013 748 νόμον
1040 680 1131 732 καὶ
1163 681 1226 732 ἐκ
1252 681 1526 743 γυναικὸς,
1559 682 1667 733 οὐδ’
1692 680 1755 733 ἂν
1786 677 1928 751 ἦμεν

2040 697 2276 749 namque
2310 682 2519 735 ratione
2568 682 2620 735 itt
2682 682 2819 735 illius
2875 682 3111 748 coaptati
3161 696 3368 735 sumus.
3392 681 3611 736 Certum

349 771 567 839 ἀδελφοὶ
605 772 681 842 τῷ
712 774 850 826 κατὰ
879 772 1039 840 φύσιν
1071 771 1262 841 Κυρίῳ
1293 771 1370 839 τῷ
1399 770 1516 840 Θεῷ
1540 780 1586 826 ι.
1626 771 1845 840 Ἐπειδὴ
1870 771 1928 824 δὲ

2034 779 2112 823 est
2143 774 2309 829 enim,
2331 770 2374 823 si
2417 770 2463 823 is
2506 771 2608 840 legi
2648 770 2914 824 obnoxius
2950 770 3128 826 factus
3179 786 3284 824 non
3316 781 3484 833 esset,
3519 781 3614 824 aut

346 863 538 932 γέγονε
573 863 638 916 δι’
676 863 840 916 αὑτοῦ
870 864 930 914 τὸ
974 862 1197 931 χρῆμα,
1248 862 1727 932 πεπλουτήκαμεν.
1766 862 1927 915 Ἀπό-

2033 873 2210 916 ortum
2242 877 2307 916 ex
2337 862 2563 916 muliere
2613 878 2723 917 non
2778 863 3054 925 traxisset,
3082 879 3180 918 nos
3207 863 3354 916 illius
3409 862 3610 915 fratres

344 952 511 1017 δειξιν
543 953 601 1006 δὲ
638 956 871 1005 ποιεῖται
910 952 1053 1019 σαφῆ
1088 952 1183 1004 τοῦ
1220 952 1544 1021 πράγματος
1572 956 1600 1005 ὀ
1644 953 1928 1015 θεσπέσιος

2028 958 2259 1012 evadere
2284 973 2385 1011 non
2418 959 2676 1025 potuisse,
2710 958 2801 1025 qui
2848 959 3151 1011 secundum
3185 966 3433 1011 naturam
3469 957 3611 1010 Deus

344 1041 578 1105 Παῦλος,
601 1040 1108 1113 προσ[επ]ενεγκὼν
1133 1039 1313 1103 εὑῡύς·
1351 1061 1368 1091 r
1402 1041 1525 1093 Ὅτι
1561 1041 1617 1093 δέ
1644 1042 1765 1092 ἐστε
1790 1042 1918 1105 υἱοὶ,

2026 1058 2081 1103 ει
2106 1048 2364 1103 Dominus
2406 1057 2525 1103 est:
2557 1049 2680 1117 quia
2738 1063 2870 1102 vero
2917 1059 3211 1115 utrumque
3256 1047 3478 1101 cﬂ'ectns
3502 1056 3606 1111 est,

341 1130 724 1195 ἐξαπέστειλεν
750 1131 778 1183 6
807 1129 938 1192 Θεὸς
975 1129 1035 1181 τὸ
1068 1127 1293 1199 Πνεῦμα
1334 1128 1427 1182 τοῦ
1464 1128 1591 1182 Υἰοῦ
1630 1128 1797 1182 αὑτοῦ
1843 1132 1925 1193 είς

2027 1154 2125 1193 nos
2150 1154 2362 1208 quoque
2394 1154 2488 1208 per
2539 1139 2713 1208 ipsum
2758 1141 2858 1194 hac
2893 1149 3039 1194 tanta
3098 1155 3156 1193 re
3190 1139 3345 1207 potiti
3396 1154 3605 1193 sumus.

338 1221 437 1285 τάς
471 1221 700 1291 καρδίας
735 1221 907 1291 ὑμῶν.
955 1220 1181 1289 κράζον’
1226 1220 1413 1283 Ἀϐϐἆ,
1445 1222 1474 1273 6
1501 1222 1711 1289 Πατήρ.
1741 1240 1759 1272 ι
1800 1221 1922 1283 Πῶς

2028 1230 2205 1297 Atque
2256 1230 2413 1298 hujus
2451 1230 2755 1284 evidentem
2811 1231 3333 1284 demonstrationem
3381 1229 3608 1291 habent.

339 1308 436 1365 οὖν
463 1311 683 1381 πνεῦμα
711 1311 805 1364 τοῦ
839 1313 903 1363 ἐκ
933 1309 1187 1377 γυναικὸς
1213 1310 1308 1363 καὶ
1358 1311 1462 1363 ὑπὸ
1490 1310 1671 1379 νόμον,
1690 1311 1748 1363 τὸ
1766 1310 1921 1378 ἅγιόν

2027 1336 2149 1390 qua:
2186 1322 2374 1374 beatus
2402 1322 2694 1389 Apostolus
2717 1324 2899 1375 statim
2922 1321 2994 1374 ihi
3012 1319 3290 1389 adiungit;
3324 1320 3401 1372 ait
3424 1319 3568 1372 enim
3592 1336 3605 1372 :

336 1406 458 1460 ἔστι
498 1405 742 1477 Πνεῦμα,
775 1406 841 1457 δι’
867 1398 929 1458 οὑ
958 1405 1054 1457 καὶ
1081 1402 1386 1473 κράζομεν,
1433 1402 1622 1467 Ἀϐϐἄ,
1650 1404 1680 1456 6
1710 1403 1919 1475 Πατὴρ,

2035 1430 2055 1462 r
2091 1410 2356 1477 Quoniam
2411 1421 2593 1465 autem
2637 1413 2771 1465 estis
2801 1412 2916 1477 lilii,
2957 1413 3104 1467 misit
3161 1412 3299 1467 Deus
3344 1409 3607 1478 Spiritum

334 1497 389 1549 si
417 1496 494 1567 μὴ
521 1496 653 1558 Θεὸς
677 1496 707 1548 6
740 1496 992 1566 Χριστὸς,
1025 1488 1107 1557 εἷς
1137 1492 1234 1556 ὢν,
1264 1493 1359 1546 καὶ
1391 1492 1553 1556 Υίός;

2028 1496 2151 1552 Filii
2200 1499 2283 1552 sui
2332 1499 2385 1552 itt
2432 1500 2597 1553 corda
2632 1510 2838 1564 vestra,
2874 1500 3224 1565 clamantem,
3273 1499 3445 1560 Ahha,
3500 1497 3605 1551 Pa-

338 1594 421 1639 ter
441 1582 485 1638 ⁸.
530 1601 551 1635 ι
584 1578 701 1638 Jain
726 1584 999 1653 quomodo
1023 1582 1168 1636 illius
1204 1582 1450 1650 Spiritus.
1483 1582 1576 1651 qui
1602 1597 1664 1637 ex
1693 1582 1921 1638 muliere
1959 1594 2119 1643 natus
2142 1598 2247 1651 est,
2283 1601 2339 1642 ct
2368 1588 2470 1643 sub
2522 1589 2640 1660 lege
2695 1590 2871 1644 factus
2919 1601 3024 1657 est,
3088 1602 3305 1646 sanctus
3370 1587 3606 1659 Spiritus

332 1680 443 1741 est,
487 1690 585 1745 per
631 1689 792 1746 quem
835 1674 1003 1729 etiam
1047 1673 1374 1737 clamamus.
1415 1674 1591 1737 Abba,
1638 1675 1834 1730 Pater:
1868 1676 1913 1731 si
1952 1676 2203 1735 Christus
2229 1680 2391 1744 Deus,
2415 1688 2471 1735 et
2524 1696 2686 1746 unus,
2748 1694 2800 1738 et
2836 1681 3012 1737 Filius
3046 1681 3311 1736 nonest?

737 1792 833 1845 Ἐκ
869 1789 978 1859 τῆς
1006 1791 1156 1861 πρὸς
1198 1791 1528 1861 Ἐφεσίους.
1955 1780 1995 1835 Β

1955 1780 1995 1835 Β
2438 1795 2522 1852 Ex
2559 1797 2799 1869 Epistola
2824 1801 2895 1853 ad
2928 1797 3202 1867 Ephesios.

414 1923 435 1956 σ
467 1897 564 1969 Εἷς
596 1903 819 1977 Κύριος,
862 1904 960 1976 μία
996 1904 1199 1969 πίστις,
1230 1904 1288 1957 ἒν
1324 1904 1639 1975 βάπτισμα·
1673 1899 1753 1969 εἷς
1785 1904 1918 1968 Θεὸς

2105 1926 2122 1959 t
2157 1907 2308 1964 Unus
2350 1909 2631 1975 Dominus,
2689 1925 2795 1964 una
2857 1908 3013 1975 ﬁdes,
3066 1924 3233 1963 unum
3289 1906 3599 1976 baptisma:

331 1995 433 2052 καὶ
459 1996 653 2066 Πατὴρ
692 1996 929 2058 πάντων,
976 1997 1072 2050 καὶ
1114 1997 1203 2051 διὰ
1242 1997 1459 2051 πάντων
1500 1996 1594 2051 καὶ
1636 2000 1696 2051 ὲν
1725 1999 1913 2052 πᾶσιν.

2025 2015 2161 2052 nntts
2194 2000 2333 2055 Deus
2361 2011 2416 2054 et
2442 2000 2600 2054 l’ater
2625 2000 2889 2064 omnium,
2923 2001 3014 2068 qui
3050 2009 3133 2055 est
3183 2013 3347 2067 super
3384 2009 3602 2061 omnes,

342 2086 461 2142 Ἑνὶ
490 2087 547 2141 δὲ
581 2087 797 2158 ἑκάστῳ
840 2086 1000 2157 ἡμῶν
1033 2087 1188 2159 ἐδόθη
1228 2090 1261 2160 ἠ
1304 2088 1463 2160 χάρις
1509 2087 1650 2159 αὕτη
1683 2088 1823 2142 κατά
1855 2088 1918 2142 τδ

2023 2101 2077 2144 ει
2102 2106 2195 2158 per
2220 2092 2495 2153 ontnia.et
2527 2093 2581 2146 itt
2618 2093 2888 2146 omnibus.
2929 2089 3234 2159 Unicuique
3277 2099 3458 2144 autem
3501 2102 3601 2141 no-

332 2178 536 2251 μέτρον
560 2178 659 2249 τῆς
682 2178 893 2249 δωρεᾶς
920 2178 1014 2233 τοῦ
1045 2180 1302 2251 Χριστοῦ.
1330 2183 1421 2234 Διὸ
1457 2181 1604 2251 λέγει
1623 2198 1639 2212 ο
1684 2181 1917 2246 Ἀναϐὰς

2022 2189 2194 2235 strttm
2227 2182 2351 2237 data
2384 2192 2469 2236 est
2502 2184 2675 2251 gratia
2715 2184 3011 2237 secundum
3062 2195 3373 2235 mensuram
3427 2178 3596 2233 dona-

331 2271 416 2334 ιῑς
459 2268 630 2340 ὕψος,
673 2269 1102 2340 ᾐχμαλώτευσεν
1152 2272 1551 2341 αίχμαλωσίαν,
1598 2272 1694 2325 καὶ
1748 2270 1915 2324 ἔδωκε

2025 2272 2187 2326 tionis
2231 2271 2459 2328 Christi.
2503 2272 2732 2342 Propter
2775 2274 2919 2343 quod
2964 2273 3095 2328 dicit
3131 2290 3147 2327 :
3179 2270 3494 2327 Ascendens
3546 2268 3599 2324 in

328 2361 547 2432 δόματα
571 2364 684 2425 τοῖς
708 2361 1036 2433 ἀνθρώποις.
1062 2362 1136 2415 Τὸ
1162 2362 1240 2427 δὲ,
1259 2362 1464 2429 ἀνέϐη.
1494 2362 1547 2417 τί
1572 2364 1741 2426 ἐστιν,
1758 2363 1808 2415 εί
1842 2361 1917 2432 μὴ

2022 2363 2186 2417 altum
2217 2365 2483 2433 captivam
2530 2365 2682 2419 duxit
2727 2365 3124 2433 captivitatem,
3147 2364 3296 2419 dedit
3338 2363 3478 2418 dona
3505 2360 3602 2415 ho-

328 2451 416 2504 ὅτι
451 2451 547 2504 καὶ
578 2451 781 2520 κατέϐη
810 2453 890 2515 είς
923 2452 993 2505 τά
1037 2453 1328 2506 κατώτατα
1377 2453 1518 2524 μέρη
1548 2452 1651 2523 τῆς
1681 2452 1817 2522 γῆς;
1857 2452 1915 2505 Ὀ

2025 2457 2278 2511 minibus.
2311 2455 2467 2522 Quod
2523 2466 2700 2511 autem
2735 2457 3000 2524 ascendit,
3036 2457 3166 2526 quid
3199 2465 3307 2519 est,
3338 2453 3441 2509 nisi
3474 2451 3598 2522 quia

329 2540 595 2604 καταϐάς,
621 2540 781 2603 αὑτός
811 2542 927 2595 ἐστι
967 2545 1060 2595 καὶ
1086 2545 1114 2595 6
1157 2542 1366 2604 ἀναϐάς
1409 2544 1667 2610 ὑπεράνω
1699 2543 1915 2596 πάντων

2022 2558 2077 2601 ει
2107 2548 2385 2603 descendit
2443 2548 2673 2616 primum
2717 2548 2783 2601 ad
2830 2547 3117 2601 inferiores
3169 2556 3353 2615 partes
3405 2542 3604 2597 terrae?

327 2630 439 2683 τῶν
460 2628 723 2699 οὐρανῶν,
752 2629 841 2683 ἵνα
863 2630 1129 2703 πληρώσῃ
1156 2632 1224 2685 τὰ
1252 2631 1450 2684 πάντα.
1475 2650 1494 2683 ι
1517 2631 1707 2704 Ἀθρει
1727 2632 1791 2703 δή
1825 2648 1915 2702 μοι

2022 2639 2122 2706 Qui
2142 2639 2438 2705 descendit,
2477 2640 2592 2707 ipse
2622 2648 2705 2693 est
2731 2651 2784 2693 et
2813 2641 2903 2708 qui
2938 2638 3185 2693 ascendit
3219 2652 3384 2705 super
3412 2649 3604 2691 oumes

326 2721 515 2782 πάλιν,
541 2723 667 2786 ὅσος
701 2724 759 2776 ἐν
800 2722 968 2793 τούτῳ
1002 2723 1157 2790 λόγος
1202 2722 1515 2792 σαφέστατά
1541 2740 1601 2776 τε
1636 2724 1729 2776 καὶ
1759 2725 1917 2794 ἐναρ-

2023 2727 2208 2794 otelos,
2257 2735 2313 2779 ut
2367 2727 2615 2794 impleret
2654 2729 2835 2781 omnia
2860 2730 2901 2781 ⁸.
2935 2746 2952 2778 ι
3007 2727 3083 2781 Εη
3125 2739 3326 2797 quanta
3381 2740 3600 2780 rursum

326 2815 444 2882 γῶς
488 2815 807 2883 ἀποφαίνει,
857 2813 1011 2876 εἰδὼς
1055 2815 1150 2868 καὶ
1199 2804 1527 2885 δυνάμενός,
1562 2816 1644 2868 ὅτι
1679 2814 1915 2884 Χριστὸς

2020 2814 2268 2867 claritate
2289 2824 2342 2868 et
2397 2817 2669 2870 evidentia
2732 2818 3061 2886 apostolicus
3114 2834 3296 2872 sermo
3338 2819 3441 2871 hoc
3481 2816 3601 2871 loco

328 2906 534 2976 Κύριος
572 2901 682 2972 εἷς,
713 2906 835 2959 καθ’
861 2906 1056 2960 ἕνωσιν
1095 2906 1447 2977 οἰκονομικὴν
1497 2906 1913 2977 συνενεχθέντος

2020 2904 2287 2966 ostendat,
2331 2901 2505 2957 Verbo
2548 2920 2643 2973 per
2676 2906 3128 2973 dispensatoriant
3180 2908 3433 2959 unionem
3477 2924 3599 2959 cum

327 2995 427 3049 τοῦ
465 2996 643 3064 Λόγου
683 2996 821 3063 πρὸς
852 2995 912 3047 τὸ
946 2994 1318 3065 ἀνθρώπινον
1349 2988 1429 3058 εἷς
1462 2994 1572 3066 γάρ
1616 2995 1674 3060 ἐξ
1708 2995 1913 3065 ἀμφοῖν

2021 2992 2252 3045 humana
2303 3004 2492 3046 natura
2540 3004 2787 3058 coeunte,
2825 3011 2988 3047 ttnuut
3043 3004 3249 3048 tantum
3284 3010 3405 3049 esse
3439 2995 3601 3049 Chri-

326 3087 458 3150 Υἱὸς
504 3086 729 3156 ἀληθής.
773 3086 925 3138 Ἐπεὶ
965 3085 1082 3147 πῶς
1130 3079 1210 3147 εἷς
1252 3084 1496 3157 Κύριοςς
1550 3085 1669 3148 πῶς
1717 3086 1774 3139 δὲ
1814 3087 1911 3157 μία

2019 3089 2179 3144 stum,
2206 3097 2370 3133 unntn
2427 3097 2547 3135 esse
2606 3082 2888 3135 Dominum
2914 3100 2927 3144 ς
2955 3095 3116 3151 atque
3154 3087 3290 3138 adeo
3332 3101 3499 3137 nnutn
3531 3102 3595 3139 ev

2281 3185 2389 3191 ___-
2457 3172 2622 3191 --.μνη
2999 3184 3010 3191 .
3127 3175 3163 3191 .,
3214 3190 3251 3191 η
3290 3190 3327 3191 η
3558 3190 3561 3191 ν

325 3176 546 3243 πίστις;
586 3177 620 3247 ἢ
658 3176 776 3240 πῶς
820 3176 879 3229 ἓν
922 3178 1039 3229 ἐστι
1082 3177 1144 3229 τὸ
1186 3175 1507 3247 βάπτισμα;
1558 3177 1621 3230 El
1660 3177 1767 3248 γάρ
1803 3179 1910 3232 υίοὶ

2016 3182 2244 3241 utroque
2272 3185 2393 3225 esse
2454 3172 2652 3237 solum,
2686 3187 2872 3226 verum
2924 3175 3336 3243 naturalemque
3375 3174 3595 3228 Filium.

326 3268 441 3334 δύο,
468 3268 561 3321 δύο
590 3268 809 3331 πάντως
834 3269 929 3321 κα)⁵
960 3268 1169 3338 κύριοι·
1216 3267 1369 3338 διττὴ
1397 3270 1491 3321 καὶ
1517 3271 1549 3339 η
1580 3269 1783 3333 πίστις,
1816 3271 1907 3323 καί¹

2013 3260 2149 3315 Nam
2186 3264 2451 3329 quomodo
2479 3277 2616 3316 unus
2674 3262 2950 3329 Dominus,
2990 3274 3082 3316 aut
3109 3279 3213 3317 una
3248 3264 3403 3327 ﬁdes.
3437 3265 3600 3334 108

323 3360 426 3430 οὑχ
457 3359 515 3413 ἓν
545 3361 662 3413 ἐστι
690 3360 751 3412 τὸ
783 3360 1084 3429 βάπτισμα.
1113 3360 1206 3421 El;
1237 3360 1359 3412 τίνα
1392 3360 1502 3430 γάρ
1531 3361 1904 3416 πεπιστεύκα-

2011 3365 2103 3410 aut
2128 3370 2291 3409 unum
2324 3354 2630 3422 baptisma?
2660 3354 2716 3409 Si
2747 3358 2892 3409 enim
2939 3358 3044 3410 duo
3075 3368 3199 3411 sunt
3224 3356 3341 3421 lilii,
3372 3356 3482 3410 duo
3505 3373 3601 3412 ne-

328 3467 465 3523 μεν;
506 3451 539 3522 ἢ
584 3452 665 3515 είς
706 3452 853 3515 τίνος
900 3451 1073 3521 ὄνομα
1123 3451 1570 3522 βεϐαπτίσμεθα;
1607 3453 1767 3508 Ἀλλά
1805 3453 1912 3523 μὴν

2020 3444 2262 3499 cessario
2287 3453 2447 3497 erunt
2490 3445 2724 3509 Domini,
2751 3452 2806 3498 et
2854 3446 3047 3513 duplex
3105 3461 3320 3500 rursum
3357 3447 3513 3509 ﬁdes,
3543 3455 3597 3501 et

325 3538 411 3606 εἷς
456 3543 681 3614 Κύριος,
718 3542 819 3612 μία
849 3541 1053 3607 πίστις,
1083 3541 1142 3596 ἓν
1173 3543 1455 3616 βάπτισμα
1474 3560 1488 3573 ο
1520 3544 1786 3616 πρόδηλον
1816 3541 1911 3599 οῦν

2018 3537 2212 3606 duplex
2251 3536 2465 3590 tandem
2494 3537 2782 3607 baptisma.
2809 3538 2864 3590 ln
2888 3553 3045 3606 quem
3066 3537 3209 3590 enim
3242 3537 3594 3600 credidimus,

324 3634 436 3705 ἄρα
463 3633 545 3686 ὅτι
582 3633 678 3686 xal.
704 3627 785 3695 εἷς
823 3633 969 3697 Υἱὸς,
999 3634 1100 3686 κᾶν
1130 3636 1180 3686 si
1214 3637 1385 3688 νοοῖτο
1418 3634 1541 3688 καθ’
1570 3635 1719 3705 ἡμᾶς
1748 3651 1907 3704 γεγο-

2041 3639 2108 3681 utt
2140 3629 2190 3681 itt
2230 3629 2387 3699 cujus
2413 3630 2637 3682 nomine
2689 3629 2953 3698 b’aplizati
3007 3630 3237 3682 sumus?
3263 3628 3423 3697 Atqui
3460 3644 3598 3681 unus
3636 3690 3644 3703 ι

324 3723 432 3788 νὼς
456 3726 484 3778 ὁ
514 3724 848 3794 Μονογενης.
879 3724 976 3788 Τίς
1003 3724 1060 3778 δὲ
1097 3705 1235 3789 ὅλως
1259 3728 1287 3779 6
1324 3725 1531 3788 ἀναϐὰς
1560 3727 1640 3788 εις
1679 3724 1842 3795 ὕψοςς
1874 3723 1907 3796 ἢ

2019 3728 2228 3773 tantum
2275 3729 2359 3775 est
2416 3719 2700 3786 Dominus,
2752 3737 2855 3775 una
2910 3721 3064 3786 ﬁdes,
3094 3737 3258 3774 unum
3308 3721 3593 3789 baptisma.

323 3816 412 3879 τίς
434 3816 463 3868 6
488 3812 766 3869 κατελθὼν
791 3816 869 3876 είς
894 3814 961 3867 τά
988 3815 1274 3887 κατώτερα
1304 3815 1445 3888 μέρη
1475 3815 1574 3886 τῆς
1600 3815 1738 3885 γῆς;
1769 3816 1911 3868 Οὐκ-

2015 3811 2364 3881 Perspicuntn
2395 3811 2452 3864 lit
2480 3828 2610 3881 ergo
2641 3829 2805 3865 unum
2823 3812 2994 3867 solum
3014 3825 3132 3867 esse
3152 3810 3368 3873 Filium,
3390 3812 3594 3866 etiam-

324 3906 423 3961 οῦν
448 3907 609 3971 αὐτὸς
634 3907 838 3977 κατέϐη
873 3906 970 3977 μὲν
997 3906 1357 3977 ἀνθρωπίνως
1374 3923 1390 3938 ο
1417 3906 1625 3976 καθῆκε
1653 3905 1763 3976 γὰρ
1789 3906 1912 3959 ἑαυ-

2016 3904 2061 3958 si
2104 3901 2422 3971 Unigenilus
2456 3902 2744 3956 humanam
2805 3904 3072 3972 originem
3123 3904 3347 3971 perinde
3386 3917 3450 3955 ac
3500 3917 3597 3955 nos

323 3999 419 4052 τὸν
439 4000 519 4061 είς
541 3998 792 4063 κένωσιν,
825 3997 919 4050 καὶ
947 3995 1334 4058 τεταπείνωκε,
1362 3997 1650 4068 γενόμενος
1673 3998 1910 4067 ὑπήκοος

2016 4001 2273 4061 expertus
2300 3991 2393 4045 sit.
2425 3991 2658 4045 Rursum
2706 3992 3023 4061 ecquisnam
3053 3992 3141 4045 ille
3163 4000 3268 4056 est,
3296 3982 3387 4061 qui
3422 3992 3504 4044 vel
3541 3993 3592 4044 itt

320 4087 494 4160 μέχρι
520 4086 777 4140 θανάτου·
808 4084 975 4154 ἀνέϐη
1002 4084 1059 4137 δὲ
1093 4083 1230 4153 μετά
1255 4084 1460 4153 σαρκὸς
1485 4083 1740 4153 ὑπεράνω
1772 4084 1909 4136 πάν-

2016 4085 2185 4137 altum
2220 4085 2490 4149 ascendit,
2528 4084 2610 4138 vel
2641 4085 2708 4137 ad
2744 4084 3032 4139 inferiores
3059 4092 3218 4139 terrm
3260 4095 3445 4154 partes
3494 4085 3590 4138 tle-

324 4197 433 4233 των
463 4178 569 4231 τῶν
597 4177 860 4248 οὐρανῶν,
894 4176 980 4229 ἴνα
1012 4175 1276 4245 πληρώσῃ
1308 4174 1375 4228 τὰ
1408 4175 1608 4229 πάντα.
1867 4161 1889 4171 “

2018 4174 2263 4229 scendit?
2300 4174 2397 4228 llic
2420 4175 2536 4243 ipse
2586 4176 2747 4246 igitur
2775 4177 3071 4231 secundum
3108 4178 3397 4232 humanam
3432 4185 3594 4231 natu-

328 4286 444 4324 ram
494 4269 795 4331 descendit,
830 4281 1058 4337 seseque
1095 4266 1159 4317 ad
1194 4265 1621 4319 exinanitionem
1666 4266 1892 4330 dimisit,
1934 4279 1999 4319 ac
2031 4264 2355 4328 hmniliavit,
2430 4266 2605 4321 factus
2662 4267 2926 4323 obediens
2998 4282 3169 4337 usque
3219 4267 3285 4321 ad
3341 4278 3592 4322 mortem.

325 4363 587 4418 Ascendit
612 4369 791 4413 autem
822 4373 988 4411 carne
1044 4357 1264 4410 indutus
1295 4371 1455 4423 super
1485 4371 1675 4409 omnes
1709 4356 1904 4420 cmlos,
1948 4365 2007 4408 ιιι
2052 4354 2273 4421 impleat
2301 4357 2505 4410 omnia.

654 4474 750 4525 Ἐκ
789 4471 899 4541 τῆς
937 4471 1088 4540 πρὸς
1120 4471 1591 4538 Φιλιππησίους.
1940 4452 1983 4505 D

1940 4452 1983 4505 ί)
2387 4467 2473 4523 Ea:
2494 4467 2732 4540 Epistola
2757 4474 2824 4523 ad
2856 4470 3236 4540 Philippensem

397 4586 864 4650 Ἕκαστοςετοῦτο
883 4584 1188 4658 φρονείσθω
1207 4586 1265 4639 ἐν
1282 4585 1432 4654 ὑμῖν,
1453 4583 1480 4637 δ
1498 4584 1591 4637 και¹
1611 4585 1667 4637 ὲν
1689 4582 1908 4654 Χριστῷ

2095 4599 2113 4633 r
2152 4581 2262 4639 lloc
2311 4584 2454 4637 enim
2496 4583 2694 4637 sentite
2727 4585 2779 4638 in
2834 4584 3005 4649 vobis,
3031 4584 3173 4653 quod
3202 4592 3258 4637 et
3294 4583 3347 4638 in
3377 4582 3595 4639 Christo

336 4677 542 4749 Ἰησοῦ·
573 4678 630 4741 ὃς
665 4678 725 4730 ὲν
766 4678 948 4747 μορφῇ
995 4673 1132 4728 Θεοῦ
1168 4674 1448 4743 ὑπάρχων,
1479 4673 1577 4742 οὑχ
1614 4672 1907 4743 ἁρπαγμὸν

2011 4670 2138 4727 Jesu
2170 4674 2295 4744 :qui
2343 4689 2466 4728 cum
2521 4675 2577 4730 in
2634 4676 2807 4730 forma
2861 4674 2955 4730 Dei
3010 4685 3175 4742 esset,
3199 4690 3305 4730 non
3347 4675 3590 4743 rapinam

323 4772 575 4841 ἡγήσατο
611 4768 675 4822 τδ
720 4763 861 4822 εἶναι
908 4767 999 4820 ῖσα
1045 4765 1200 4836 Θεῷ)
1245 4765 1363 4819 ἀλλ’
1403 4765 1594 4818 ἑαυτὸν
1644 4765 1903 4831 ὲκὲνωσε,

2012 4764 2308 4820 arbitratus
2350 4778 2435 4822 est
2480 4782 2602 4822 esse
2640 4782 2700 4822 se
2751 4767 3015 4837 aequalem
3073 4767 3207 4833 Deo;
3257 4767 3350 4822 sed
3395 4775 3595 4821 semet-

326 4861 543 4933 μορφὴν
570 4860 757 4914 δούλου
787 4856 991 4921 λαϐὼν,
1032 4858 1091 4909 ὲν
1136 4849 1444 4927 ὁμοιώματι
1475 4853 1777 4926 ἀνθρώπων
1810 4871 1906 4923 γε·

2012 4855 2186 4924 ipsum
2219 4857 2540 4923 exinanivit,
2567 4858 2796 4911 formam
2842 4858 2987 4912 servi
3013 4858 3324 4928 accipiens,
3356 4858 3407 4912 in
3440 4858 3593 4913 simi-

322 4950 571 5020 νόμενος,
597 4948 696 5004 καὶ
739 4949 979 5019 σχήματι
1024 4944 1268 5016 εὑρεθεὶς
1308 4944 1385 5008 ὡς
1427 4944 1747 5017 ἄνθρωπος’
1781 4946 1907 4997 ἐτα-

2007 4945 2291 5003 litudinem
2348 4948 2627 5003 hominum
2663 4948 2861 5014 factus,
2894 4959 2950 5002 et
3010 4950 3193 5004 habitu
3249 4950 3500 5005 inventus
3534 4958 3591 5003 ut

324 5040 590 5095 πείνωσεν
616 5040 831 5105 ἑαυτὸν,
861 5038 1151 5108 γενόμενος
1181 5036 1422 5108 ὑπήκοος
1454 5035 1619 5106 μέχρι
1648 5034 1906 5102 θανάτου,

2011 5039 2192 5095 homo.
2216 5039 2920 5110 llumiliavitsetnetipsutn,
2943 5041 3121 5097 factus
3149 5042 3406 5098 obediens
3425 5057 3594 5112 usque

324 5132 561 5188 θανάτου
600 5131 657 5185 δὲ
701 5129 957 5201 σταυροῦ.
992 5126 1083 5182 Διὸ
1127 5128 1223 5182 καὶ
1258 5127 1287 5178 ὁ
1320 5125 1451 5189 Θεὸς
1507 5126 1669 5180 αὑτὸν
1732 5127 1904 5198 ὑπερ-

2009 5129 2076 5181 ad
2140 5140 2394 5195 mortem,
2427 5141 2657 5186 mortem
2717 5142 2898 5188 autent
2953 5134 3157 5189 crucis.
3191 5133 3419 5204 Propter
3445 5134 3587 5202 quod

325 5218 535 5289 ὑψωσε,
560 5220 657 5273 καὶ
672 5220 966 5290 ἐχαρίσατο
988 5216 1136 5288 αὑτῷ
1155 5217 1326 5287 δνομα
1339 5214 1398 5268 τὸ
1423 5216 1560 5287 ὑπὲρ
1584 5216 1872 5286 πᾶνὸνομα
1887 5235 1900 5249 ·

2008 5229 2064 5273 ει
2095 5220 2234 5275 Deus
2259 5223 2524 5277 exultavit
2547 5224 2719 5288 illuttt,
2756 5235 2810 5280 et
2842 5226 3063 5282 donavit
3102 5228 3173 5282 illi
3220 5241 3415 5281 nomen
3445 5227 3587 5296 quod

326 5311 416 5364 ἵνα
445 5312 503 5364 ἐν
544 5311 620 5382 τῷ
650 5311 873 5380 ὀνόματι
913 5308 1085 5380 Ἰησοῦ
1120 5310 1226 5362 πᾶν
1262 5308 1389 5377 γόνυ
1432 5306 1627 5377 κάμψῃ
1670 5310 1905 5377 ἐπουρα-

2006 5322 2090 5364 est
2113 5327 2277 5381 super
2308 5329 2470 5369 omne
2527 5331 2722 5372 nomen
2761 5336 2776 5372 :
2808 5327 2863 5371 ttt
2895 5320 2949 5374 in
3007 5318 3223 5372 nomine
3250 5316 3384 5372 Iesu
3426 5331 3588 5372 omne

401 5467 423 5501 ³
444 5466 561 5523 Gal.
594 5483 668 5533 tv,
699 5466 758 5522 6.
835 5469 856 5499 ⁸
880 5466 1079 5537 Ephes.
1107 5482 1182 5533 tv,
1210 5466 1359 5523 5-10.

1400 5625 1575 5684 Varia:
1615 5629 1872 5688 lectiones
1909 5632 2110 5688 codicis
2138 5632 2495 5704 chuicriani.

406 5763 430 5793 ⁸
458 5757 550 5810 καὶ
580 5754 716 5825 Θεῷ.
