4060 6414
436 371 573 427 1307

1417 369 1473 422 S.
1517 368 1793 425 CYItILLI
1836 368 2309 425 ALEXANDRINI
2347 371 2670 427 ADCHIEP.

436 505 573 559 genu
605 487 852 542 ﬂectatur
876 486 1197 551 cmlestiutn,
1228 497 1282 540 et
1322 491 1684 548 terrestrium.
1716 500 1769 542 et
1824 489 1998 542 infer-

2143 489 2262 555 ίων,
2316 493 2413 544 καὶ
2459 493 2738 558 ἐπιγείων,
2793 491 2886 544 καὶ
2933 488 3343 559 καταχθονίωνο
3397 490 3489 542 καὶ
3539 490 3690 543 πᾶσι

439 592 667 642 norum;
701 586 758 631 et
786 576 964 629 omnis
1019 575 1195 641 lingua
1227 576 1557 630 confiteatur
1588 578 1712 645 quia
1754 578 2012 632 Dominus

440 668 597 722 .lesus
649 668 898 722 Christus
942 667 995 719 in
1047 667 1216 733 gloria
1249 677 1332 721 est
1365 668 1456 722 Dei
1493 667 1671 723 Patris
1706 670 1750 723 ⁸.
1784 689 1802 720 ι
1845 671 2010 725 Audis

445 763 544 813 boc
577 760 846 828 quomodo
896 757 1153 823 Verbum,
1186 758 1327 826 quod
1361 760 1413 813 i-n
1443 760 1532 813 Dei
1579 760 1748 814 forma
1783 763 2015 815 exsiste-

444 855 552 916 bat,
580 860 633 905 et
688 849 828 903 Deus
863 860 1003 915 erat,
1058 852 1366 919 neutiquam
1414 852 1654 920 rapinam
1690 854 2011 907 arbitratum

443 942 586 994 dicat
618 954 738 995 esse
778 955 840 995 se
881 941 1142 1010 tequaleut
1206 941 1352 995 Deo?
1378 941 1657 1010 Siquidem
1708 943 2012 997 naturalem

444 1056 565 1094 cum
592 1039 700 1094 Deo
748 1040 903 1094 Patre
933 1041 1295 1107 aequalitatem
1331 1041 1603 1103 obtinens,
1632 1040 1775 1093 servi
1810 1039 2009 1102 forma,

446 1133 545 1186 hoc
574 1141 677 1193 est,
699 1131 933 1185 hominis
957 1142 1146 1184 natura
1171 1140 1438 1198 suscepta,
1460 1133 1807 1199 semetipsum
1828 1133 2017 1185 exina-

448 1220 600 1286 nivit,
653 1222 943 1289 specieque
997 1232 1182 1272 nostra
1230 1233 1295 1273 ac
1349 1217 1708 1272 similitudine
1769 1231 2013 1287 accepta.

445 1309 679 1376 seipsum
705 1311 1028 1363 bumiliavit.
1060 1309 1417 1378 Posteaquam
1467 1324 1597 1363 vero
1623 1323 1839 1363 crucem
1856 1319 2021 1364 Stlle-

450 1401 584 1464 nuit,
616 1400 912 1453 exaltatum
949 1401 1097 1464 dicit,
1136 1401 1433 1468 datumque
1487 1400 1562 1453 illi
1622 1416 1816 1453 nomen
1875 1401 2018 1469 quod

446 1502 530 1545 est
562 1505 726 1559 super
752 1506 912 1544 omne
942 1506 1137 1546 nomen
1165 1509 1180 1557 ;
1224 1492 1295 1545 ita
1338 1504 1396 1546 ut
1424 1507 1586 1547 omne
1612 1508 1753 1562 genu
1779 1493 1877 1559 ipsi
1905 1493 2018 1560 jam

451 1584 785 1648 incurvetur,
821 1584 1104 1650 omnisque
1151 1584 1331 1651 lingua
1378 1585 1630 1638 eumdem
1677 1585 2016 1640 conﬁteatur.

451 1672 557 1728 Sed
590 1690 717 1743 qua,
751 1689 956 1741 quasso,
983 1677 1212 1738 ratione,
1241 1677 1331 1744 qui
1359 1676 1409 1729 in
1431 1674 1601 1729 forma
1632 1685 1690 1731 et
1715 1678 2022 1745 tequali-..ote

2112 581 2333 649 γλῶσσα
2351 582 2835 652 ἐξομολογήσηται,
2860 583 2942 635 ὅτι
2977 581 3181 650 Κύριος
3213 578 3419 648 Ἰησοῦς
3453 578 3690 649 Χριστὸς

2114 674 2194 736 είς
2220 671 2376 737 δόξαν
2419 675 2555 728 Θεοῦ
2602 676 2833 744 Πατρός.
2861 694 2879 726 ι
2919 674 3083 735 Σύνες
3114 674 3261 735 ὅπως
3292 671 3384 726 τδν
3416 673 3475 725 ἓν
3508 674 3689 742 μορφῇ

2114 763 2208 818 τοῦ
2251 764 2388 819 Θεοῦ
2439 767 2535 820 καὶ
2569 767 2781 837 [ἰατρὸς
2829 767 3142 838 ὑπάρχοντα
3190 765 3322 817 Θεὸν
3367 765 3563 833 Λόγον,
3593 765 3691 833 οὐχ

2114 855 2408 926 ἁρπαγμὸν
2436 858 2742 927 ἡγήσασθαί
2771 874 2902 927 φησι
2934 857 2994 909 τὸ
3024 852 3165 909 εἶναι
3194 857 3287 909 ίσα
3322 854 3463 925 Θεῷ.
3512 853 3694 925 Ἐχων

2115 945 2223 1015 γὰρ
2251 946 2312 999 τὸ
2340 944 2480 1000 εἶναι
2508 947 2650 1000 κατά
2682 947 2844 1016 φύσιν
2878 948 2937 999 ὲν
2968 947 3175 1015 ἰσότητι
3202 944 3295 998 τοῦ
3342 944 3573 1015 Πατρδς,
3601 961 3695 997 κε-

2117 1034 2352 1088 κένωκεν
2377 1037 2589 1100 ἑαυτὸν,
2613 1039 2709 1090 καὶ
2740 1035 2952 1108 μορφὴν
2973 1036 3162 1089 δούλου
3193 1034 3392 1098 λαϐὼν,
3415 1035 3696 1088 τουτέστιν

2118 1125 2403 1196 ἄνθρωπος
2448 1126 2710 1195 γεγονὼς,
2757 1126 2854 1179 καὶ
2881 1122 2992 1179 οἷον
3022 1128 3079 1178 ὲν
3108 1124 3238 1178 εῖδει
3283 1125 3361 1195 τῷ
3392 1124 3513 1178 καθ’
3550 1126 3698 1194 ἡμᾶς

2117 1216 2383 1287 εὑρεθεὶς,
2410 1217 2808 1272 τεταπείνωκεν
2848 1216 3040 1270 ἑαυτὸν
3070 1217 3151 1278 είς
3181 1216 3434 1269 κένωσιν.
3477 1213 3696 1284 Ἐπειδὴ

2121 1309 2180 1363 δὲ
2224 1309 2319 1363 καὶ⁷
2366 1309 2528 1364 αὐτὸν
2574 1310 2965 1381 ὑπομεμένηκε
3002 1310 3093 1364 τὸν
3143 1310 3396 1374 σταυρὸν,
3450 1307 3700 1377 ὑψῶσθαί

2121 1416 2285 1467 φησιν
2312 1400 2495 1465 αὐτὸν,
2520 1400 2763 1455 δεδόσθαι
2793 1401 2850 1455 δὲ
2881 1401 3030 1473 αὐτῷ
3059 1403 3155 1455 καὶ
3178 1402 3238 1453 τὸ
3267 1401 3438 1469 ὄνομα
3468 1399 3530 1453 τὸ
3559 1401 3702 1469 ὑπὲρ

2123 1491 2232 1543 πᾶν
2258 1490 2456 1560 ὄνομαο
2492 1491 2634 1546 ὥστε
2674 1493 2768 1547 καὶ
2797 1494 2906 1546 πᾶν
2935 1493 3064 1560 γόνυ
3099 1492 3346 1560 κάμψαι.
3385 1493 3480 1544 καὶ⁵
3517 1492 3703 1545 πᾶσαν

2123 1580 2271 1649 αὐτῷ
2296 1581 2541 1648 γλῶτταν
2570 1581 3095 1654 ἐξομολογήσασθαι.
3122 1582 3245 1644 Πῶς
3267 1577 3360 1634 οὖν
3381 1583 3410 1634 ὁ
3435 1582 3492 1633 ὲν
3521 1582 3701 1651 μορφῇ

2126 1672 2218 1725 καὶ
2251 1672 2453 1744 ἰσότητι
2477 1674 2571 1727 τοῦ
2597 1673 2732 1726 Θεοῦ
2761 1674 2971 1743 καθῆκε
3004 1674 3102 1743 μὲν
3124 1673 3316 1725 ἑαυτὸν
3339 1674 3420 1735 εἰς
3448 1672 3701 1733 κένωσιν,

454 1766 546 1821 Dei
576 1767 895 1833 exsistebat,
925 1769 991 1822 ad
1045 1768 1468 1823 exinanitionem
1518 1784 1578 1823 se
1631 1770 1937 1835 demisisse,
1970 1781 2026 1824 et

2140 1763 2376 1833 ὒψῶσοαι
2408 1764 2462 1817 δὲ
2505 1765 2644 1835 μετὰ
2690 1764 2849 1818 τοῦτο
2894 1765 3110 1833 λέγεται
3135 1781 3150 1829 ;
3178 1760 3305 1835 Ἆρ’
3332 1764 3457 1832 οὐχὶ
3498 1762 3703 1833 προδη-

456 1867 638 1926 postea
658 1858 926 1913 exaltatus
950 1858 1297 1927 perhibetur?
1343 1860 1534 1913 Annon
1561 1860 2022 1914 evidentissimum

2140 1860 2348 1913 totatov
2386 1860 2448 1912 τὸ
2497 1859 2591 1912 τοῦ
2640 1859 2875 1930 Χριστοῦ
2917 1860 3255 1930 μυστήριον;
3303 1856 3434 1918 Θεὸς
3469 1856 3578 1925 γὰρ
3627 1854 3707 1908 ῶν

454 1947 557 2002 hoc
601 1948 804 2003 Christi
850 1959 1249 2004 sacramentum
1274 1949 1394 2004 est?
1425 1948 1712 2004 Enimvero
1765 1965 1883 2004 cum
1940 1964 2027 2005 se-

454 2039 689 2093 cundum
740 2047 992 2094 naturam
1030 2039 1170 2094 Deus
1220 2052 1390 2107 esset,
1425 2040 1600 2097 factus
1624 2042 1805 2106 homo,
1843 2043 1894 2098 in
1926 2045 2027 2098 hu-

454 2130 735 2207 militatem
773 2130 1242 2202 abjectionemque
1278 2134 1582 2189 descendit.
1613 2133 1811 2190 Factus
1846 2146 2026 2192 autem

455 2224 625 2277 nostri
650 2224 869 2288 similis,
900 2224 1059 2296 109
1080 2227 1241 2280 etiam
1276 2242 1400 2281 cum
1433 2243 1596 2283 carne
1638 2245 1789 2284 suam
1820 2232 2030 2285 obtinet

455 2311 707 2382 gloriam.
747 2313 809 2367 Et
856 2315 970 2384 ipsa
1025 2316 1285 2371 exultatio
1337 2332 1442 2372 non
1493 2321 1750 2373 convenit
1783 2320 1835 2374 in
1869 2319 2029 2375 Verbi

459 2412 729 2471 naturam,
761 2406 856 2460 sed
887 2406 939 2459 in
962 2407 1133 2473 ipsam
1157 2408 1339 2464 carnis
1363 2407 1849 2477 dispensationem.
1887 2412 2034 2467 Unus

456 2502 539 2548 est
574 2493 755 2563 itaque
784 2495 1032 2550 Christus
1055 2495 1196 2552 Deus
1225 2496 1277 2550 in
1311 2509 1503 2552 natura
1534 2500 1788 2567 humana,
1818 2512 1872 2556 et
1906 2518 2028 2557 cum

458 2594 649 2638 natura
711 2585 966 2651 humana,
1011 2588 1243 2657 idipsum
1304 2590 1448 2657 quod
1492 2600 1617 2646 ante
1666 2602 1804 2659 erat,
1865 2608 2034 2663 usque

460 2687 804 2743 permanens.

834 2765 919 2821 Ex
947 2767 1182 2836 Epistola
1211 2773 1279 2823 ad
1307 2770 1657 2828 Calonenses.

536 2856 791 2913 «Gratias
849 2872 1088 2929 agentes,
1129 2860 1323 2930 inquit,
1357 2863 1464 2917 Deo
1522 2862 1692 2928 Patri,
1720 2866 1810 2935 qui
1850 2866 2037 2936 dignos

464 2964 561 3003 nos
607 2949 731 3004 l'ecit
786 2950 839 3003 in
895 2961 1101 3021 partem
1158 2954 1322 3008 sortis
1365 2965 1680 3011 sanctorum
1715 2959 1765 3011 in
1796 2959 2034 3014 lumine:

462 3041 551 3109 qui
575 3041 773 3109 eripuit
807 3057 905 3098 nos
933 3045 998 3097 de
1032 3055 1295 3113 potestate
1319 3048 1687 3109 tenebrarum.
1709 3058 1764 3103 et
1798 3060 2029 3105 transtu-

2128 1949 2312 2019 φύσει,
2346 1950 2569 2018 γέγονεν
2598 1951 2883 2021 ἄνθρωπος
2910 1951 2967 2002 ἑν
3006 1940 3443 2002 ταπεινώσεικαὶ
3476 1964 3707 2016 σμικρο-

2130 2042 2391 2113 πρεπείᾳ.
2427 2041 2671 2109 Γεγονὼς
2703 2042 2761 2096 δὲ
2792 2041 2914 2096 καθ’
2943 2042 3117 2112 ἡμᾶς,
3150 2042 3231 2103 είς
3260 2039 3358 2111 τὴν
3398 2037 3590 2092 ἑαυτοῦ
3623 2036 3709 2092 60'-

2132 2131 2227 2196 ξαν
2269 2134 2536 2203 ἀναφοιτᾷ
2580 2135 2675 2187 καὶ
2710 2131 2849 2201 μετά
2884 2132 3105 2202 σαρκός.
3154 2131 3263 2184 Καὶ
3306 2129 3503 2200 πρέποι
3538 2127 3600 2181 ἃν
3647 2127 3709 2180 τὸ

2132 2223 2398 2292 ὑψοῦσοαι
2430 2226 2495 2295 τῇ
2529 2223 2832 2294 οἰκονομίᾳ,
2879 2221 2975 2276 καὶ
3020 2222 3080 2275 οὐ
3111 2221 3175 2292 δὴ
3220 2220 3421 2291 μᾶλλον
3465 2221 3605 2290 αὐτῇ
3641 2221 3708 2289 τῇ

2134 2314 2293 2384 φύσει
2322 2314 2416 2368 τοῦ
2450 2315 2633 2382 λόγου.
2666 2309 2758 2378 Εἷς
2796 2310 2888 2368 οῦν
2927 2312 3038 2384 ἄρα
3070 2312 3305 2383 Χριστὸς
3350 2310 3483 2373 Θεὸς
3525 2312 3581 2361 ὲν
3613 2311 3711 2362 ἀν-

2134 2406 2476 2478 Θρωπότητι,
2521 2408 2618 2459 καὶ
2668 2405 2806 2478 μετά
2846 2406 2944 2476 τῆς
2987 2405 3405 2476 ἀνθρωπότητος
3449 2402 3714 2474 ὑπάρχων

2133 2497 2161 2550 ὃ
2194 2494 2281 2568 ἦν.

2501 2780 2595 2833 Ἐκ
2629 2777 2738 2846 τῆς
2774 2776 2924 2848 πρὸς
2960 2773 3354 2838 Κολασσιιεῖς.

2213 2892 2232 2923 ι
2264 2871 2752 2943 Εὐχαριστοῦντες,
2781 2871 2933 2939 φησὶ,
2969 2868 3046 2939 τῷ
3078 2868 3254 2939 Πατρὶ
3283 2865 3357 2935 τῷ
3389 2864 3721 2918 ἱκανώσαντι

2138 2969 2286 3037 ἡμᾶς
2330 2968 2411 3028 εἰς
2453 2964 2553 3033 τὴν
2591 2962 2783 3033 μερίδα
2814 2960 2910 3015 τοῦ
2944 2961 3148 3031 κλήρου
3190 2959 3299 3012 τῶν
3331 2958 3503 3027 ἁγίων
3547 2959 3607 3010 ὲν
3636 2957 3720 3026 τῷ

2141 3054 2278 3122 φωτί
2300 3071 2314 3084 ο
2352 3055 2411 3117 ὃς
2444 3052 2712 3126 ἐρρύσατο
2740 3054 2885 3122 ἡμᾶς
2915 3052 2980 3104 ὲκ
3019 3050 3119 3118 τῆς
3174 3048 3421 3113 ἔξουσίας
3458 3046 3552 3101 τοῦ
3588 3046 3718 3100 σκό-

466 3131 528 3187 Ιίι
558 3135 609 3188 in
640 3148 864 3203 regnum
900 3135 1019 3191 Filii
1053 3137 1365 3194 dilectionis
1397 3154 1528 3203 stite,
1558 3140 1611 3194 itt
1644 3156 1749 3208 quo
1777 3140 2035 3196 habemus

2141 3145 2394 3211 τους,καὶ
2430 3144 2761 3215 μετέστησεν
2789 3145 2868 3206 είς
2895 3141 2995 3213 τὴν
3031 3139 3306 3211 βασιλείαν
3334 3138 3428 3191 τοῦ
3457 3137 3587 3190 Υίοῦ
3620 3136 3721 3229 τῆς

466 3224 915 3295 redemptionem,
976 3228 1351 3283 remissionem
1407 3241 1752 3296 peccatorum
1790 3249 1804 3284 :
1840 3233 2039 3301 quiest

468 3315 646 3385 imago
676 3317 766 3371 Dei
794 3309 1099 3380 invisibilis,
1121 3320 1512 3389 primogenitus
1532 3323 1711 3377 omnis
1752 3334 2037 3378 creaturas.

464 3406 730 3474 Quoniam
783 3409 836 3464 in
873 3411 989 3478 ipso
1046 3412 1260 3466 condita
1297 3419 1421 3465 sunt
1476 3414 1827 3477 universa,in
1888 3414 2044 3470 ctelis

466 3507 522 3553 et
545 3497 597 3551 in
622 3505 787 3564 terra,
811 3499 1043 3554 visibilia
1081 3510 1135 3555 et
1161 3500 1478 3566 invisibilia,
1503 3501 1620 3556 sive
1669 3502 1895 3567 Throni,
1932 3505 2043 3560 sive

470 3589 900 3653 Domiuationes,
949 3591 1066 3645 sive
1119 3589 1484 3660 Principatus,
1539 3593 1655 3647 sive
1718 3592 2043 3661 Potestates,

427 3674 440 3690 ⁶
470 3683 651 3736 omnia
679 3698 775 3752 per
805 3684 979 3752 ipsum
1002 3694 1056 3739 et
1086 3684 1139 3739 in
1175 3686 1293 3754 ipso
1319 3697 1501 3743 creata
1527 3698 1655 3743 sunt
1683 3706 1698 3744 :
1729 3699 1783 3744 et
1821 3691 1936 3759 ipse
1962 3704 2048 3747 est

472 3781 598 3825 ante
618 3787 832 3836 omnes,
860 3782 915 3829 et
958 3776 1139 3830 omnia
1183 3777 1236 3832 in
1273 3778 1391 3848 ipso
1432 3788 1698 3835 constant.
1721 3781 1783 3835 Et
1813 3783 1926 3850 ipse
1963 3791 2049 3838 est

472 3872 635 3931 caput
661 3866 901 3934 corporis
925 3865 1200 3933 Ecclesire,
1234 3870 1323 3939 qui
1349 3879 1433 3925 est
1470 3872 1817 3942 principium,
1847 3876 2048 3945 primo-

472 3955 687 4025 genitus
713 3972 777 4010 ex
816 3957 1079 4027 mortuis;
1108 3969 1165 4014 ut
1192 3962 1265 4016 sit
1297 3962 1350 4015 in
1380 3963 1632 4021 omnibus
1696 3965 1810 4035 ipse
1836 3967 2045 4035 prima-

475 4055 586 4099 tum
624 4056 850 4115 tenens;
882 4049 1008 4117 quia
1052 4049 1107 4102 in
1150 4050 1267 4119 ipso
1301 4051 1633 4119 complacuit
1681 4069 1897 4109 omnem
1937 4057 2047 4125 ple-

474 4136 773 4193 nitudinem
794 4136 1119 4205 inhabitare,
1135 4152 1187 4195 et
1212 4155 1309 4211 per
1338 4155 1461 4197 eum
1492 4145 1848 4200 reconciliare
1867 4148 2050 4202 omnia

478 4228 531 4282 in
561 4228 764 4297 ipsum:
787 4229 1079 4299 paciﬁcans
1104 4246 1200 4300 per
1230 4235 1547 4299 sanguinem
1571 4237 1751 4292 crucis
1774 4235 1914 4306 ejus,
1937 4240 2052 4293 sive

476 4331 598 4386 quae
646 4318 700 4372 in
756 4319 937 4385 terris,
988 4319 1104 4376 sive
1153 4336 1274 4391 quae
1328 4322 1382 4375 in
1444 4324 1599 4379 ctelis
1627 4334 1755 4379 sunt
1781 4326 1823 4380 ⁶.
1856 4345 1874 4377 ι
1914 4327 2051 4381 Ecce

479 4410 570 4465 hic
597 4408 745 4464 illum
785 4426 975 4466 rursus
1009 4413 1413 4481 inaspectabilis
1440 4414 1531 4469 Dei
1557 4415 1847 4485 imaginem
1869 4419 2051 4487 appel-

2141 3237 2366 3306 ἀγάπης
2410 3233 2602 3299 αὑτοῦ,
2653 3236 2710 3287 ὲν
2741 3226 2785 3301 ᾧ
2827 3233 3023 3302 ἔχομεν
3064 3231 3161 3301 τὴν
3193 3228 3592 3298 ἀπολύτρωσιν,
3622 3225 3721 3295 τὴν

2143 3329 2337 3397 ἄφεσιν
2376 3326 2483 3381 τῶν
2521 3326 2804 3397 ἁμαρτιῶν
2823 3343 2836 3355 ·
2868 3326 2925 3389 ὃς
2956 3326 3106 3377 ἔστιν
3142 3321 3306 3376 εἰκὼν
3334 3320 3428 3373 τοῦ
3458 3318 3594 3372 Θεοῦ
3624 3317 3721 3372 τοῦ

2143 3421 2401 3491 ἀοράτου,
2443 3420 2787 3491 πρωτότοκος
2827 3416 3005 3485 πάσης
3040 3416 3287 3477 κτίσεως.
3317 3414 3439 3465 ’Ότι
3471 3413 3526 3464 ὲν
3573 3409 3725 3479 αὐτῷ

2145 3511 2368 3582 ἐκτίσθη
2399 3511 2469 3564 τά
2497 3509 2674 3563 πάντα
2703 3510 2763 3562 ἐν
2782 3508 2867 3578 τῷ
2899 3506 3114 3579 οὐρανῷ
3143 3505 3239 3559 καὶ
3266 3504 3359 3558 ἐπὶ
3381 3504 3480 3574 τῆς
3506 3502 3630 3573 γῆς,
3654 3501 3725 3555 ut

2145 3603 2319 3673 ὁρατά
2347 3602 2442 3655 καὶ
2471 3601 2542 3654 τά
2567 3601 2796 3671 ἀόρατα,
2825 3600 2936 3651 εἴτε
2968 3598 3182 3668 Θρόνοι,
3225 3597 3334 3650 εἴτε
3360 3593 3723 3667 κυριότητες,

2146 3694 2257 3747 εἴτε
2293 3693 2503 3763 Ἀρχαὶ,
2531 3692 2643 3744 εἶτα
2685 3689 2958 3757 Ἐξουσίαι
2978 3730 2992 3754 ,
3022 3686 3091 3740 τά
3125 3685 3302 3740 πάντα
3333 3686 3400 3739 δι’
3431 3683 3595 3739 αὑτοῦ
3627 3684 3727 3736 καὶ

2147 3788 2226 3849 είς
2252 3783 2414 3838 αὐτὸν
2445 3782 2716 3837 Extra-tat“
2749 3781 2845 3835 καὶ
2874 3780 3035 3845 αὑτός
3067 3782 3184 3833 ἐστι
3218 3779 3324 3848 πρὸ
3362 3778 3604 3836 πάντων,
3630 3774 3728 3826 καὶ

2148 3877 2215 3930 τὰ
2243 3875 2421 3929 πάντα
2445 3875 2504 3927 ἐν
2533 3872 2684 3943 αὐτῷ
2713 3872 3011 3941 συνέστηκε
3033 3888 3046 3901 ·
3075 3872 3170 3924 καὶ
3201 3869 3363 3931 αὐτός
3395 3870 3542 3920 ἐστιν
3573 3868 3607 3935 ἠ
3639 3881 3727 3918 κει

2149 3966 2291 4036 φαλὴ
2328 3964 2420 4019 τοῦ
2463 3962 2715 4034 σώματος
2754 3963 2851 4032 τῆς
2884 3961 3238 4034 Ἐκκλησίας.
3275 3961 3332 4023 ὃς
3368 3962 3516 4012 ἐστιν
3549 3955 3726 4028 ἀρχὴν

2152 4056 2489 4125 πρωτότοκος
2524 4057 2588 4108 ἐκ
2634 4052 2741 4106 τῶν
2772 4052 3017 4121 νεκρῶν·
3060 4053 3146 4105 ἴνα
3189 4052 3417 4120 γένηται
3460 4050 3517 4101 ἐν
3562 4049 3730 4101 πᾶσιν

2150 4145 2307 4207 αὐτὸς
2336 4142 2658 4214 πρωτεύων·
2691 4143 2772 4196 ὅτι
2801 4142 2860 4194 ὲν
2890 4139 3038 4209 αὐτῷ
3067 4140 3331 4210 ηὐδόκησε
3367 4140 3474 4191 πᾶν
3505 4138 3565 4189 τὸ
3594 4137 3732 4206 πλή-

2155 4252 2313 4306 ρωμα
2352 4233 2708 4301 κατοικῆσαι,
2748 4232 2843 4285 καὶ
2873 4232 2938 4285 δι’
2975 4230 3138 4285 αὐτοῦ
3173 4228 3618 4293 ἀποκαταλλάξαι
3663 4229 3732 4281 ea

2154 4329 2333 4381 πάντα
2361 4325 2439 4388 είς
2468 4325 2633 4376 αὐτόν
2652 4340 2666 4354 ·
2693 4323 3113 4395 εἰρηνοποιήσας
3142 4320 3228 4373 διὰ
3256 4318 3350 4373 τοῦ
3378 4320 3607 4389 αἵματος
3634 4319 3731 4371 τοῦ

2156 4416 2394 4488 σταυροῦ
2424 4416 2592 4469 αὑτοῦ
2633 4415 2741 4467 εἴτε
2772 4413 2841 4466 τά
2879 4414 2974 4465 ἐπὶ
2998 4412 3097 4482 τῆς
3130 4412 3252 4482 γῆς,
3286 4411 3396 4463 εἴτε
3424 4411 3492 4462 τὰ
3522 4412 3579 4462 ὲν
3619 4412 3732 4471 τοῖς

479 4501 589 4570 lat;
623 4501 998 4574 Tltronosque,
1028 4503 1371 4573 Principatus
1398 4517 1453 4560 et
1485 4507 1890 4562 Domiuationes
1919 4524 2019 4563 con

2158 4511 2424 4580 οὐρανοῖς.
2453 4527 2471 4559 ι
2511 4508 2644 4560 Ἰδοὺ
2676 4506 2739 4577 δὴ
2770 4505 2933 4559 πάλιν
2963 4504 3147 4558 εἰκόνα
3194 4503 3292 4574 μὲν
3335 4501 3430 4556 τοῦ
3462 4499 3598 4555 Θεοῦ
3637 4500 3734 4554 τοῦ

481 4595 703 4658 didisse,
733 4596 1023 4665 omniaque
1059 4598 1110 4649 in
1149 4596 1270 4666 ipso
1323 4607 1371 4651 et
1429 4612 1526 4667 per
1576 4598 1756 4666 ipsum
1800 4610 2054 4655 constare

481 4694 669 4754 aperte
724 4685 1003 4741 allirmat:
1052 4697 1164 4741 tum
1237 4691 1481 4757 corporis
1523 4704 1738 4758 quoque
1799 4690 2055 4745 Ecclesiae

482 4784 669 4844 caput,
697 4777 1220 4847 primogenitumque
1247 4794 1314 4834 ex
1363 4781 1589 4835 mortuis
1639 4785 1887 4837 eumdem
1920 4798 2056 4851 prte-

483 4868 647 4921 dicat.
680 4866 900 4937 Ecquis,
927 4869 1143 4935 amabo,
1185 4869 1365 4940 imago
1417 4869 1533 4936 Dei,
1564 4871 2055 4941 universorumque

485 4957 738 5013 conditor
787 4969 893 5024 est,
929 4961 1030 5013 nisi
1068 4961 1299 5029 ipsemet
1346 4964 1655 5032 unigenitus
1705 4963 1798 5019 Dei
1849 4962 2057 5020 Filius?

486 5049 576 5119 qui
631 5050 796 5104 etiam
865 5051 1040 5106 factus
1086 5063 1170 5107 est
1226 5064 1564 5110 mortuorum
1628 5056 2054 5126 primogenitus;

487 5142 684 5211 quippe
717 5142 807 5209 qui
846 5142 896 5194 in
930 5156 1025 5195 sua
1043 5142 1319 5209 ipsius,‘et
1353 5162 1459 5201 non
1513 5148 1572 5202 in
1618 5148 1845 5203 alterius
1878 5148 2060 5217 Cujus—

487 5231 628 5299 piam
692 5245 858 5287 carne
914 5243 1141 5287 mortem
1198 5237 1438 5303 oppetiit.
1514 5238 1696 5305 Quare
1763 5256 1901 5295 unus
1967 5249 2053 5295 est

488 5322 739 5380 Christus
761 5333 811 5379 et
840 5323 1031 5392 Filius,
1053 5325 1195 5382 Deus
1216 5329 1372 5383 simul
1404 5340 1459 5384 et
1490 5330 1671 5385 homo.

781 5509 940 5580 llo
959 5507 1042 5565 Ea:
1070 5510 1308 5580 Epistola
1341 5515 1408 5564 ad
1446 5512 1713 5568 Ilebra'os.

571 5615 592 5648 t
651 5594 996 5654 Multifariam
1061 5601 1349 5672 multisque
1385 5605 1558 5658 modis
1618 5605 1746 5658 olim
1798 5605 1935 5663 Deus
1983 5608 2057 5662 lo-

574 5753 817 5826 'Pbilpp.
853 5774 913 5823 u,
937 5759 1088 5815 5-H.
1168 5760 1187 5790 ⁸
1210 5758 1417 5814 Coloss.
1453 5773 1550 5822 xu,
1579 5759 1669 5815 20.

2160 4602 2391 4670 ἀοράτου
2429 4598 2594 4668 φησὶν
2634 4597 2824 4651 αὐτόν·
2873 4593 3122 4648 ἐκτίσθαι
3147 4593 3216 4647 δι’
3259 4592 3427 4647 αὑτοῦ
3465 4591 3732 4663 Θρόνους,

2162 4693 2250 4747 καὶ
2287 4690 2487 4764 Ἀρχὰς
2506 4729 2521 4755 ,
2550 4690 2645 4742 καὶ
2675 4687 3016 4757 Κυριότητας
3061 4684 3469 4740 διαὸεόαιοῦται
3504 4682 3692 4751 σαφῶς
3720 4696 3736 4712 ·

2166 4786 2260 4839 καὶ
2286 4786 2363 4847 είς
2391 4782 2551 4836 αὑτὸν
2588 4781 2659 4835 τά
2692 4779 2884 4853 ,πάντα
2908 4778 3005 4832 καὶ
3033 4780 3092 4831 ὲν
3120 4776 3273 4848 αὐτῷ
3303 4774 3623 4830 συνεστάναι
3653 4773 3741 4826 λέο

2163 4897 2278 4947 γει·
2313 4877 2409 4931 καὶ
2447 4876 2610 4929 αὐτὸν
2650 4869 2791 4927 εἶναι
2829 4872 2929 4944 τὴν
2957 4872 3203 4943 κεφαλὴν
3229 4870 3324 4924 τοῦ
3358 4868 3608 4939 σώματος
3639 4867 3740 4938 τῆς

2175 4968 2524 5040 Ἐκκλησίας,
2553 4967 2648 5021 καὶ
2673 4965 3019 5034 πρωτότοκον
3045 4965 3110 5017 ὲκ
3132 4962 3241 5016 τῶν
3265 4958 3494 5030 νεκρῶν.
3523 4957 3619 5020 Τίς
3644 4953 3740 5010 οὖν

2165 5064 2273 5134 ἄρα
2300 5062 2447 5116 ἐστὶν
2473 5062 2506 5131 ἡ
2538 5058 2701 5113 είκὼν
2738 5058 2831 5112 τοῦ
2862 5055 3019 5121 Θεοῦ,
3049 5055 3078 5107 ὁ
3106 5053 3336 5122 κτίστης
3365 5051 3472 5105 τῶν
3501 5050 3661 5108 ὅλων.
3691 5049 3742 5100 ει

2169 5154 2243 5225 μὴ
2277 5152 2437 5215 αὐτὸς
2462 5153 2489 5205 ὁ
2526 5151 2819 5222 μονογενὴς
2842 5146 2939 5202 τοῦ
2966 5145 3102 5201 Θεοῦ
3135 5143 3293 5209 Υίὸς;
3329 5142 3387 5205 ὃς
3414 5141 3509 5195 καὶ
3547 5140 3741 5208 γέγονε

2168 5242 2509 5314 πρωτότοκος
2555 5243 2619 5294 ὲκ
2650 5241 2881 5311 νεκρῶν,
2918 5237 3011 5302 ὡς’
3035 5232 3322 5289 ἀποθανὼν
3359 5235 3426 5305 τῇ
3468 5231 3634 5302 σαρκὶ
3675 5231 3742 5298 τῇ

2172 5334 2296 5404 ἰδίᾳ,
2331 5333 2426 5387 καὶ
2468 5331 2589 5404 οὐχὶ
2638 5333 2702 5403 δὴ
2738 5331 2939 5402 μᾶλλον
2977 5330 3041 5398 τῇ
3085 5343 3228 5389 τινος
3269 5324 3477 5397 ἑτέρου.
3521 5317 3614 5384 Εἷς
3650 5315 3747 5374 οῦν

2170 5424 2401 5497 Χριστὸς
2429 5424 2525 5478 καὶ
2551 5425 2699 5487 Υἱὸς,
2726 5422 2859 5484 Θεός
2886 5437 2943 5472 τε
2972 5407 3107 5490 ὁμοῦ
3136 5418 3230 5471 καὶ
3258 5416 3564 5486 ἄνθρωπος.

2562 5513 2656 5566 Ἐκ
2691 5510 2801 5577 τῆς
2838 5509 2985 5575 πρὸς
3032 5506 3353 5575 Ἐϐραίους.

2252 5627 2268 5657 ι
2299 5604 2626 5675 Πολυμερῶς
2666 5602 2760 5656 καὶ
2812 5599 3167 5669 πολυτρόπως
3217 5594 3439 5649 πάλαιὸ
3470 5590 3602 5654 Θεὸς
3645 5589 3749 5645 λα-

3550 369 3686 425 1508
3780 360 3787 367 ’
