4060 6414
348 404 490 461 1509

1460 405 1545 458 DE
1576 402 1802 459 RECTA
1842 404 2002 461 FIDE
2040 407 2128 461 AD
2161 408 2481 466 REGINAS.

3468 420 3604 473 1510

344 510 516 582 λησας
544 513 657 573 τοῖς
692 513 961 583 πατράσιν
992 514 1049 567 ἐν
1080 516 1189 578 τοῖς
1224 516 1552 586 προφήταις,
1582 517 1669 568 ἐπ’
1698 514 1927 585 ἐσχάτου

2035 534 2205 588 quens
2239 522 2489 589 patrihus
2529 523 2579 575 in
2608 522 2904 591 prophetis,
2941 526 3094 579 novis
3119 526 3237 579 .itne
3269 526 3457 581 diebus
3487 530 3603 583 istis

346 602 456 656 τῶν
483 603 705 673 ἡμερῶν
744 604 948 657 τούτων
979 605 1239 675 ἐλάλησεν
1267 608 1399 676 ἡμῖν
1423 608 1480 658 ὲν
1504 606 1640 676 Υίῴ,
1669 606 1727 660 ὃν
1760 607 1925 677 ἔθηκε

347 693 682 764 κληρονόμον
722 695 961 756 πάντων,
1005 696 1070 749 δι’
1111 690 1173 749 οῦ
1208 698 1301 749 καὶ
1336 698 1461 760 τοὺς
1498 697 1697 760 αίῶνας
1736 697 1925 767 ὲποίη-

349 798 463 835 σεν.
488 801 508 833 ι
556 783 719 836 Φύσει
762 783 871 836 τῶν
915 786 1053 839 ὅλων
1088 784 1292 856 Κύριος
1341 787 1479 856 μετά
1520 785 1616 839 τοῦ
1663 785 1798 839 Θεοῦ
1833 787 1927 839 καὶ

347 873 563 943 Πατρὸς
589 875 617 926 6
644 875 955 944 Μονογενὴς
981 875 1146 929 αὑτοῦ
1176 876 1346 943 Λόγος
1364 872 1505 929 εἶναι
1532 877 1920 930 πεπίστευται*

343 961 556 1013 τίθεται
592 962 650 1015 δὲ
679 962 1062 1033 κληρονόμος,
1118 966 1199 1017 ὅτι
1251 966 1441 1032 γέγονε
1492 965 1661 1035 σάρξ·
1706 966 1922 1035 εἴρηται

345 1053 458 1123 γὰρ
491 1054 628 1125 πρὸς
657 1055 839 1121 αὑτὸν,
869 1055 945 1116 ὡς
973 1054 1093 1108 καθ’
1118 1057 1263 1125 ἡμᾶς
1295 1055 1580 1126 ἄνθρωπον
1608 1056 1870 1124 γεγονότα
1894 1068 1922 1096 ι

345 1144 414 1197 δι’
444 1145 620 1215 ἡμᾶς·
660 1164 678 1196 ι
709 1146 938 1216 Αίτησαι
973 1147 1100 1216 παρ’
1148 1148 1304 1216 ἐμοῦ.
1335 1149 1430 1201 καὶ
1475 1147 1631 1200 δώσω
1664 1164 1746 1199 σοι
1793 1147 1922 1217 ἔθνη

345 1232 448 1304 τὴν
483 1234 846 1305 κληρονομίαν
882 1252 974 1288 σου
1001 1275 1015 1291 .
1060 1238 1154 1288 καὶ
1190 1236 1287 1305 τὴν
1337 1237 1665 1307 κατάσχεσίν
1718 1253 1813 1289 σου
1857 1239 1923 1290 τὰ

347 1325 564 1395 πέρατα
607 1326 705 1395 τῆς
752 1328 873 1396 γῆς.
903 1347 921 1378 ι
979 1328 1142 1379 Ἀλλά
1183 1328 1251 1381 δι’
1294 1327 1459 1381 αὐτοῦ
1490 1328 1583 1380 τοῦ
1633 1327 1791 1392 Θεοῦ,
1827 1326 1921 1380 τοῦ

346 1415 688 1485 κληρονόμου
711 1416 800 1469 διὰ
828 1418 888 1469 τὸ
924 1418 1262 1488 ἀνθρώπινον
1283 1460 1297 1484 ,
1330 1420 1425 1471 καὶ
1454 1419 1649 1481 αὐτοὺς
1694 1418 1923 1487 πεποιῆ-

347 1506 477 1560 σθαι
509 1510 636 1567 τοὺς
673 1508 874 1571 αῐῶνάς
913 1527 1096 1579 φησιν,
1142 1513 1221 1574 είς
1258 1511 1318 1564 τὸ
1343 1510 1437 1562 τοῦ
1486 1511 1657 1577 Λόγου
1685 1511 1923 1580 πρεσϐύ-

346 1615 511 1651 τατον
536 1597 632 1650 τοῦ
663 1599 987 1667 πράγματος
1011 1600 1224 1669 ἔχοντος
1250 1604 1349 1672 τὴν
1379 1602 1675 1672 ἀναφοράν.
1712 1596 1805 1664 Εἷς
1833 1597 1925 1654 οὖν

347 1688 456 1757 ἄρα
501 1688 740 1757 Χριστὸς
788 1691 880 1741 καὶ
914 1691 1076 1755 Υἱὸς,
1121 1693 1149 1744 6
1187 1692 1351 1755 αὑτός
1389 1710 1446 1745 τε
1487 1691 1623 1762 ὁμοῦ
1661 1691 1792 1755 Θεὸς
1833 1693 1927 1745 καὶ

354 1777 458 1833 ἄνθ
467 1793 671 1847 ρωπος.

424 1884 444 1918 ι
481 1868 575 1930 Ὃς
607 1866 684 1920 ὢν
730 1867 1071 1938 ἀπαύγασμα
1122 1869 1220 1938 τῆς
1266 1870 1455 1940 δόξης,
1503 1870 1598 1924 καὶ
1642 1870 1922 1942 χαρακτὴρ
1957 1863 2001 1923 Β

350 1954 455 2026 τῆς
495 1956 848 2021 ὑποστάσεως
883 1956 1073 2022 αὐτοῦ,
1103 1958 1284 2030 φέρων
1313 1976 1373 2011 τε
1407 1959 1475 2011 τά
1512 1961 1687 2013 πάντα
1723 1959 1797 2028 τῷ
1833 1962 1924 2030 ῥή-

346 2060 482 2115 ματι
521 2046 622 2115 τῆς
656 2044 942 2115 δυνάμεως
986 2046 1176 2106 αὐτοῦ,
1231 2044 1571 2115 καθαρισμὸν
1602 2044 1709 2097 τῶν
1742 2047 1927 2114 ἁμαρ-

343 2135 474 2189 τιῶν
506 2135 901 2206 ποιησάμενος,
934 2136 1188 2190 ἐκάθισεν
1238 2139 1296 2190 ἐν
1334 2136 1483 2207 δεξιᾷ
1528 2136 1629 2205 τῆς
1674 2135 1926 2206 μεγαλω-

352 2226 526 2298 σύνης
558 2230 616 2279 ἐν
646 2227 871 2297 ὑψηλοῖς
889 2243 905 2258 ·
937 2227 1180 2298 τοσούτῳ
1213 2227 1479 2296 κρείττων
1506 2226 1792 2295 γενόμενος
1820 2225 1925 2277 τῶν

343 2317 612 2385 ἀγγέλων,
654 2319 765 2388 ὅσῳ
832 2317 1213 2389 διαφορότερον
1250 2317 1420 2387 όνομα
1454 2318 1584 2386 παρ’
1608 2317 1805 2378 αὐτοὺς
1835 2333 1924 2368 κε.

345 2407 742 2481 κληρονόμηκε.
776 2428 793 2459 ι
837 2409 910 2461 Τὸ
946 2408 1285 2478 ἀπαύγασμα
1334 2407 1434 2477 τῆς
1465 2407 1643 2477 δόξης,
1675 2409 1704 2460 6
1749 2423 1923 2477 χαρα-

345 2497 487 2568 κτὴρ
516 2498 615 2568 τῆς
655 2498 1006 2562 ὑποστάσεως
1037 2498 1133 2551 τοῦ
1167 2499 1304 2552 Θεοῦ
1350 2499 1448 2552 καὶ
1480 2498 1713 2567 Πατρὸς,
1762 2514 1925 2549 τουτ-

343 2588 492 2641 έστιν
523 2589 552 2640 6
582 2586 644 2652 ἐξ
685 2587 849 2641 αὑτοῦ
899 2588 1038 2642 κατὰ
1071 2588 1232 2656 φύσιν
1268 2589 1396 2653 Υίὸς
1443 2588 1757 2659 μονογενὴς,
1803 2587 1928 2639 τίνα

341 2679 548 2750 τρόπον
578 2679 924 2749 καθαρισμὸν
958 2679 1067 2732 τῶν
1095 2679 1382 2751 ἁμαρτιῶν
1430 2680 1584 2750 ἡμῶν
1620 2679 1924 2749 ποιησάμε-

346 2786 454 2832 νος.
487 2770 645 2841 δῆλον
674 2769 729 2823 δὲ
761 2771 846 2824 ὃτι
877 2770 964 2823 διὰ
997 2770 1091 2822 τοῦ
1123 2771 1355 2840 αἵματος
1395 2770 1584 2834 αὐτοῦ,
1629 2769 1926 2823 κεκάθικεν

344 2864 404 2915 ὲν
444 2861 593 2932 δεξιᾷ
620 2861 715 2915 τοῦ
750 2862 987 2933 Πατρὸς,
1016 2863 1111 2914 καὶ
1147 2863 1411 2932 κρείττων
1437 2861 1685 2930 γενέσθαι
1710 2861 1925 2929 λέγεται

342 2952 454 3007 τῶν
494 2953 775 3022 ἀγγέλων,
834 2952 1011 3007 καίτοι
1055 2954 1196 3006 κατὰ
1236 2953 1399 3017 φύσιν
1432 2953 1523 3005 καὶ
1560 2955 1626 3021 τῇ
1672 2953 1773 3021 τῆς
1808 2951 1925 3004 θεό-

340 3062 506 3117 τητος
543 3047 784 3117 ὑπεροχῇ
814 3045 882 3099 τὰ
914 3046 1091 3099 πάντα
1120 3044 1316 3110 νικῶν;
1347 3043 1554 3097 Οὐκοῦν
1584 3045 1678 3096 καὶ
1711 3042 1924 3113 ἄνθρωα-

346 3155 446 3202 πος
472 3136 734 3207 γεγονὼς,
762 3137 1251 3205 πεπλεονέκτηκεν,
1276 3136 1351 3198 ὡς
1379 3135 1532 3197 Θεὸς,
1564 3134 1664 3201 τὴν
1694 3135 1923 3203 ἀόρατον

345 3190 563 3290 κτίσίν,
587 3228 617 3280 6
645 3190 807 3289 αύτδς
838 3224 913 3277 ὢν
946 3190 1286 3299 ἀπαύγασμα
1332 3190 1427 3276 καὶ
1476 3190 1779 3294 γάρακτὴρί
1829 3222 1924 3275 καὶ
1949 3190 1995 3249 c

345 3317 723 3387 ἐργασάμενος
770 3316 880 3369 τῶν
931 3316 1213 3386 ἁμαρτιῶν
1259 3315 1418 3385 ἡμῶν
1461 3315 1553 3366 τὸν
1587 3313 1929 3383 καθαρισμὸν

344 3407 540 3477 αἵματι
574 3407 651 3477 τῷ
691 3407 825 3479 ἰδίῳ.
857 3401 951 3471 Εἷς
997 3402 1090 3460 οῦν
1145 3408 1252 3477 ἄρα
1288 3405 1520 3477 Χριστὸς
1546 3445 1560 3468 ,
1605 3406 1700 3458 καὶ
1770 3406 1926 3471 Υἱὸς,

346 3499 445 3551 καὶ
484 3496 710 3569 Κύριος.

426 3610 444 3643 ι
476 3590 546 3644 ’Ὀ
573 3607 633 3644 τε
670 3591 781 3663 γάρ
820 3590 1065 3659 ἁγιάζων
1094 3590 1189 3644 καὶ
1218 3590 1267 3643 οἱ
1305 3589 1681 3660 ἁγιαζόμενοι,
1710 3589 1772 3654 ἐξ
1811 3589 1929 3652 ἑνὸς

345 3680 571 3743 πάντες.
600 3682 680 3733 Δι’
705 3683 772 3751 ὴν
798 3681 976 3734 αἰτίαν
1004 3681 1102 3733 οὐκ
1134 3679 1519 3750 ἐπαισχύνεται
1545 3680 1808 3747 ἀδελφοὺς
1838 3678 1930 3731 αύ-

343 3773 474 3835 τοῦς
498 3771 702 3834 καλεῖν,
736 3770 908 3838 λέγων
929 3787 942 3800 ·
987 3771 1307 3839 Ἀπαγγελῶ
1349 3771 1409 3822 τὸ
1458 3770 1627 3838 ὄνομά
1678 3787 1770 3823 σου
1818 3772 1930 3832 τοῖς

346 3862 601 3932 ἀδελφοῖς
638 3880 762 3932 μου.
789 3882 808 3914 ι
844 3863 918 3915 Τὸ
948 3864 1090 3915 κατὰ
1119 3862 1282 3931 φύσιν
1309 3863 1461 3930 ἆγιον
1488 3864 1586 3931 οὐχ
1618 3860 1925 3929 ἁγιάζεται,

345 3955 429 4007 ὅτι
457 3955 531 4024 μή
560 3956 675 4007 ἐστι
702 3954 960 4025 προσδεὲς
975 3954 1278 4023 ἁγιασμοῦ’
1311 3954 1369 4006 τό
1398 3970 1462 4021 γε
1506 3956 1613 4023 μὴν
1667 3953 1744 4016 ὡς
1791 3953 1925 4023 μεθ-

343 4044 455 4110 έξει
500 4048 566 4116 τῇ
618 4047 745 4116 παρ’
790 4046 975 4115 ἐτέρου
1005 4045 1226 4112 γεγονὸς
1273 4044 1427 4112 ἅγιον
1452 4084 1467 4109 ,
1512 4042 1763 4112 ἁγιάζειν
1807 4043 1925 4096 ἑτέ-

350 4154 475 4205 ρους
501 4138 564 4189 οΰ
595 4134 841 4190 δύναται.
871 4135 994 4198 Πῶς
1027 4132 1122 4189 οῦν
1147 4137 1175 4189 6
1202 4135 1363 4199 αὐτὸς
1394 4134 1611 4203 ἁγιάζει
1645 4133 1739 4187 καὶ
1767 4135 1927 4202 ἁγιά-

344 4226 535 4289 ζεται,
574 4227 857 4297 ζητητέον.
894 4226 1136 4294 ’Λγιάζει
1174 4226 1373 4289 τοίνυν,
1417 4226 1492 4289 ὡς
1535 4225 1696 4289 Θεὸς,
1732 4226 1926 4296 ἰδίωμα

346 4316 563 4387 φύσεως
610 4318 727 4386 τῆς·
762 4317 957 4371 ἑαυτοῦ
991 4318 1053 4371 τὸ
1104 4317 1348 4385 ἁγιάζειν
1396 4316 1661 4371 δύνασθαι
1705 4316 1922 4387 λαχώνο

347 4408 631 4477 ἁγιάζεται
649 4401 712 4462 δὲ’
733 4408 851 4479 μεθ’
875 4409 1052 4479 ἡμῶν,
1075 4408 1218 4461 κατὰ
1244 4409 1304 4461 τὸ
1331 4407 1688 4479 ἀνθρώπινον.
1716 4402 1809 4471 Εἷς
1832 4404 1925 4461 οῦν

2033 609 2240 665 locutus
2269 619 2351 665 est
2391 614 2547 667 nobis
2582 615 2633 666 itt
2666 604 2820 679 Filio,
2846 630 3004 683 quem
3024 618 3305 671 constituit.
3337 618 3603 673 lta’redem

2034 701 2435 764 lltthl'l‘SOI‘tlttt,
2463 719 2556 771 per
2579 719 2736 774 quem
2783 705 2910 760 fecit
2954 718 3003 761 et
3038 708 3232 761 sarcula
3260 709 3303 760 ⁷.
3346 728 3364 761 ι
3397 708 3601 776 Unige-

2034 792 2206 844 nixum
2248 792 2341 846 Dei
2386 788 2617 848 Verbum
2668 812 2770 848 ntta
2808 812 2933 849 cum
2966 797 3075 851 Deo
3127 799 3287 853 Patre
3340 800 3605 853 naturalis

2036 898 2212 936 rerum
2297 886 2539 939 omnium
2595 887 2850 941 Dominus
2880 903 2999 943 esse
3028 889 3311 943 creditur:
3347 902 3403 942 at
3470 892 3599 958 quia

2030 992 2156 1031 caro
2227 977 2422 1032 factum
2478 990 2579 1039 est.
2618 982 2846 1038 lueredis
2904 1000 3117 1054 quoque
3191 987 3603 1053 appellationem

2035 1070 2280 1121 sortitum
2317 1079 2419 1123 est.
2446 1070 2651 1125 Dictum
2684 1082 2765 1125 est
2800 1089 3028 1142 namque
3065 1076 3132 1130 ad
3167 1077 3323 1140 illttd,
3351 1085 3603 1146 tanquam

2033 1160 2097 1210 ad
2124 1159 2391 1212 hominem
2425 1163 2592 1215 nostri
2638 1177 2799 1217 causa
2853 1164 3022 1218 nostri
3052 1166 3283 1221 similem
3319 1166 3604 1223 eﬁectuut:

2038 1267 2057 1300 ι
2098 1250 2313 1303 Postulat
2356 1267 2382 1304 a
2414 1267 2516 1313 me,
2553 1262 2608 1306 et
2638 1254 2777 1307 dabo
2830 1253 2928 1307 tibi
2993 1265 3181 1324 gentes
3229 1256 3605 1310 hmreditatem

2035 1351 2204 1405 tuam,
2250 1350 2305 1394 et
2360 1344 2757 1411 possessionem
2811 1354 2958 1396 tuam
3008 1348 3273 1399 terminos
3332 1347 3549 1399 terra”.
3582 1366 3601 1398 ι

2032 1430 2413 1485 Verumtamen
2444 1448 2538 1501 per
2562 1435 2734 1503 ipsum
2762 1442 3016 1504 tanquam
3050 1452 3144 1504 per
3171 1437 3358 1500 Deum,
3389 1448 3608 1504 prottter

2035 1522 2326 1576 lmmanam
2380 1533 2625 1577 naturam
2678 1525 2910 1581 hmredis
2964 1527 3225 1580 vocabulo
3256 1527 3606 1595 appellatum,

2035 1613 2145 1681 ipsa
2176 1629 2393 1684 quoque
2427 1616 2621 1670 smcttla
2668 1619 2882 1671 condita
2924 1618 3119 1671 asserit
3160 1634 3175 1671 :
3214 1618 3402 1671 tribuit
3462 1618 3605 1670 enim

2036 1703 2086 1755 id
2155 1717 2381 1757 Stttntnze
2443 1705 2603 1758 Verbi
2670 1708 3001 1775 antiquitati.
3072 1706 3225 1763 Unus
3286 1707 3470 1776 itaque
3527 1718 3611 1777 est.

2035 1792 2289 1847 Christus
2343 1803 2392 1848 et
2428 1794 2616 1860 Filius,
2643 1797 2782 1849 idem
2818 1797 2956 1851 Deus
2991 1799 3148 1851 simul
3199 1807 3253 1853 et
3286 1800 3467 1852 homo.

2106 1901 2125 1936 ι
2150 1885 2247 1950 Qui
2284 1901 2405 1938 cum
2444 1886 2516 1939 sit
2547 1887 2802 1955 splendor
2829 1889 3035 1955 gloriae.
3060 1900 3111 1942 et
3155 1890 3322 1956 ﬁgura
3358 1891 3611 1943 substan—

2032 1974 2116 2027 tia:
2147 1976 2282 2043 cjns,
2314 1987 2646 2044 portansque
2697 1979 2880 2031 omnia
2942 1980 3105 2032 ret-ho
3146 1980 3358 2032 virtutis
3392 1996 3520 2041 suae,
3555 1989 3610 2035 et

2029 2065 2402 2132 purgationem
2451 2076 2798 2134 peccatorum
2857 2066 3080 2133 iaciens,
3128 2070 3275 2121 sedet
3318 2069 3382 2121 ad
3425 2073 3607 2122 dexte-

2032 2172 2144 2208 ram
2202 2155 2502 2223 ntajcstatis
2548 2156 2600 2209 itt
2651 2158 3101 2213 excelsis:tauto
3154 2158 3348 2212 melior
3402 2160 3605 2226 angelis

2028 2247 2273 2310 eﬁ'ectus,
2314 2255 2515 2315 quanto
2540 2246 2878 2302 diﬁ'erentius
2920 2264 3115 2302 nomen
3151 2264 3259 2315 [πίε
3292 2249 3396 2301 illis
3433 2250 3606 2302 luere-

2027 2336 2287 2391 ditavit’.
2329 2357 2348 2391 ι
2384 2337 2521 2404 Qua,
2555 2354 2759 2406 quaeso,
2802 2339 3014 2395 ratione
3054 2340 3316 2409 splendor
3345 2339 3437 2393 ille
3490 2338 3606 2407 glo-

2032 2429 2123 2481 ria:
2177 2438 2521 2496 pateramque
2555 2428 2873 2483 substantia:
2894 2431 3202 2493 character,
3230 2431 3332 2484 hoc
3363 2440 3443 2481 est
3482 2429 3603 2480 uni-

2028 2518 2239 2585 genittts
2267 2518 2355 2571 Dei
2386 2518 2576 2582 Filius,
2611 2519 2702 2588 qui
2756 2520 3075 2574 naturaliter
3103 2535 3166 2574 ex
3217 2519 3307 2572 illo
3342 2519 3606 2587 procedit,

2030 2618 2371 2676 peccatorum
2419 2609 2796 2679 purgationem
2853 2608 3061 2664 iaciens
3108 2609 3366 2680 (dubium
3424 2620 3607 2663 autem

2030 2697 2232 2751 nullum
2259 2707 2364 2762 est,
2385 2699 2513 2766 quin
2538 2714 2632 2766 per
2652 2699 2926 2767 proprium
2952 2699 3291 2769 sanguinem)
3327 2699 3391 2751 ad
3435 2695 3610 2751 Patris

2029 2789 2307 2840 dexteram
2361 2788 2667 2851 considere,
2709 2788 2947 2855 ipsiSqne
2991 2785 3196 2854 angelis
3249 2785 3607 2839 excellentior

2029 2876 2201 2930 factus
2226 2879 2582 2944 prmdicatur?
2644 2878 2839 2930 Annon
2892 2876 3187 2929 secundum
3223 2885 3495 2933 naturam.
3524 2872 3609 2925 di-

2028 2965 2375 3034 vinitatisque
2397 2966 2771 3030 eminentiam,
2797 2966 2952 3034 longe
2970 2964 3187 3018 excellit
3213 2963 3391 3015 omnia
3411 2962 3438 3015 ἲ
3464 2962 3608 3015 Sane
3624 2964 3645 2985 ’

2026 3054 2167 3106 idem
2198 3054 2420 3109 omnino
2453 3063 2509 3106 ut
2540 3053 2699 3113 Deus,
2720 3063 3067 3122 pateramque
3090 3048 3406 3102 substantia:
3433 3050 3602 3114 ﬁgura

2026 3154 2080 3199 et
2118 3144 2396 3212 splendor,
2433 3142 2845 3212 inspectabilem
2890 3141 3034 3194 illam
3085 3147 3389 3191 creaturam
3445 3138 3605 3205 longe

2029 3234 2250 3289 excellit
2279 3235 2439 3287 etiam
2470 3234 2631 3288 homo
2666 3232 2867 3295 factus,
2895 3243 2951 3284 et
2970 3231 3233 3297 sanguine
3264 3244 3363 3282 suo
3383 3239 3606 3297 pet-cata

2030 3333 2211 3379 nostra
2235 3325 2552 3379 emnndans.
2582 3323 2731 3380 Unus
2764 3323 2950 3393 itaque
2972 3332 3054 3377 est
3076 3320 3331 3376 Christus
3353 3331 3405 3375 et
3437 3318 3607 3374 Filius

2028 3429 2082 3474 et
2114 3417 2395 3473 Dominus.

2106 3618 2125 3652 ι
2166 3597 2266 3665 Qui
2323 3598 2649 3665 sanctiﬁcat,
2681 3608 2735 3654 et
2772 3598 2862 3668 qui
2920 3596 3351 3655 sanctiﬁcantur,
3380 3608 3444 3647 ex
3494 3608 3604 3645 uno

2028 3704 2238 3743 omnes.
2257 3687 2490 3757 Propter
2520 3704 2681 3758 quam
2706 3703 2925 3742 causam
2957 3703 3062 3741 non
3090 3684 3442 3740 confunditur
3491 3682 3604 3734 ira-

2031 3791 2140 3835 tres
2167 3795 2260 3835 eos
2320 3795 2534 3842 vocare,
2567 3779 2787 3834 dicens:
2823 3777 3172 3832 Annuntiabo
3219 3791 3412 3830 nomen
3450 3782 3603 3827 tuum

2030 3868 2291 3923 fratribus
2357 3869 2491 3921 meis
2525 3867 2591 3919 ‘°.
2624 3886 2641 3916 ι
2679 3866 2830 3931 Quod
2880 3875 3070 3933 suapte
3124 3874 3316 3917 natura
3361 3871 3607 3915 sanctum

2026 3967 2131 4023 est,
2164 3957 2215 4009 id
2248 3972 2354 4009 non
2395 3957 2801 4011 sant-tilicatur;
2833 3952 3269 4021 quandoquidem
3477 3963 3606 4002 sau-

2026 4048 2361 4104 Ctilicatione
2418 4043 2555 4097 tntlla
2610 4041 3025 4111 indigi-LQnod
3069 4051 3247 4094 autem
3307 4039 3604 4108 participa-

2031 4141 2173 4195 tione
2203 4138 2436 4209 quadam
2473 4135 2542 4191 ab
2596 4135 2704 4188 alio
2733 4132 3221 4189 sanctiﬁcationem
3252 4137 3605 4184 consecutum

2027 4240 2129 4295 est,
2169 4231 2220 4284 id
2252 4229 2388 4285 alios
2414 4226 2759 4281 santtiﬁcare
2800 4241 2905 4278 non
2940 4233 3133 4293 potest.
3164 4220 3437 4289 Qumritur
3479 4233 3608 4288 ergo

2027 4323 2297 4387 quomodo
2318 4321 2457 4374 idem
2491 4318 2814 4380 sanetiticct,
2834 4315 3177 4382 vicissimque
3206 4311 3603 4367 sanctiﬁcetnt-.

2028 4412 2178 4467 Ilaud
2206 4412 2366 4464 dubie
2390 4410 2621 4463 Verbum
2678 4408 3040 4470 incarnatum,
3072 4416 3129 4458 ut
3165 4404 3324 4466 Deus,
3353 4399 3603 4457 sanctiﬁ-

345 4500 454 4570 ἄρα
477 4499 710 4571 Χριστὸς
737 4500 830 4552 καὶ
861 4499 985 4562 Υίὸς
1019 4499 1110 4552 καὶ
1139 4499 1344 4571 Κύριος
1366 4538 1382 4563 ,
1414 4498 1656 4567 ἁγιάζων
1687 4500 1784 4568 μὲν
1815 4498 1923 4552 θεῖ-

2030 4513 2133 4565 cat,
2164 4512 2222 4554 ut
2265 4502 2405 4569 quod
2459 4496 2832 4552 sanctiﬁcandi
2893 4495 2998 4548 vim
3054 4508 3163 4549 suae
3216 4501 3423 4545 naturae
3478 4502 3608 4557 pro-

346 4591 478 4658 κῶς,
508 4590 866 4662 άγιαζόμενος
907 4590 963 4644 δὲ
994 4584 1112 4661 μεθ’
1139 4592 1295 4661 ἡμῶν
1325 4592 1699 4663 ἀνθρωπίνως.

2023 4594 2306 4665 prietatem
2369 4590 2729 4644 obtineat:at
2791 4592 2916 4640 vero
2964 4586 3259 4639 srcnndum
3312 4582 3606 4635 humanam

347 4691 618 4746 naturam,
660 4682 939 4737 nobiscum
992 4684 1379 4738 Sanctiﬁcatur.
1411 4684 1565 4739 Unus
1625 4684 1788 4753 igitur
1832 4699 1916 4739 est
1956 4687 2204 4742 Clll‘lallls
2245 4692 2299 4735 et
2366 4681 2623 4735 Dominus
2691 4689 2745 4734 et
2786 4678 2972 4745 Filius,
3005 4677 3355 4731 sanctiﬁcans
3388 4673 3604 4742 quidem

347 4770 593 4837 ut—Deus,
619 4773 1103 4827 sanctiﬁcationem
1136 4783 1312 4826 autem
1362 4776 1635 4843 accipiens
1686 4776 1923 4830 humano
1963 4792 2111 4831 more
2149 4773 2449 4828 nobiscum.

423 4883 443 4917 ι
472 4865 781 4935 Κεφάλαιον
807 4866 864 4919 δὲ
887 4866 913 4906 δ
944 4869 1057 4929 τοῖς
1087 4866 1399 4937 λεγομένοις
1425 4878 1473 4905 ο·
1508 4867 1764 4921 Τοιοῦτον
1807 4868 1922 4939 ἔχο-

350 4971 450 5024 μεν
478 4955 761 5027 ἀρχιερέα.
801 4955 861 5019 ὃς
900 4955 1155 5008 ἐκάθισεν
1186 4956 1246 5007 ὲν
1280 4956 1430 5027 δεξιᾷ
1460 4957 1554 5009 τοῦ
1600 4957 1788 5027 θρόνου
1824 4960 1924 5026 τῆς

352 5046 737 5117 μεγαλωσύνης
776 5048 833 5099 ὲν
861 5049 973 5111 τοῖς
1009 5048 1276 5117 οὐρανοῖς,
1319 5048 1429 5100 τῶν
1461 5048 1631 5116 ἁγίων
1674 5048 1922 5118 λειτουρ-

347 5135 462 5201 γὸς,
501 5137 597 5189 καὶ
626 5136 724 5205 τῆς
753 5138 955 5206 σκηνῆς
985 5137 1085 5207 τῆς
1112 5136 1390 5208 ἀληθινῆς,
1422 5140 1490 5209 ἢν
1520 5137 1719 5207 ἔπηξεν
1747 5139 1776 5190 6
1809 5138 1922 5191 Κύ-

350 5241 485 5295 ριος,
526 5226 620 5279 καὶ
646 5227 745 5278 οὐκ
788 5226 1090 5298 ἄνθρωπος.
1116 5246 1134 5278 ι
1170 5228 1233 5281 Ei
1263 5230 1370 5292 πᾶς
1402 5230 1601 5297 ἱερεὺς,
1636 5228 1781 5281 καθά
1817 5247 1922 5298 φη-

348 5328 437 5367 σιν
466 5316 495 5368 6
542 5315 810 5388 μακάριος
839 5318 1069 5384 Παῦλος,
1096 5321 1176 5384 εἰς
1204 5319 1265 5373 τὸ
1308 5321 1640 5392 προσφέρειν
1669 5320 1820 5391 δῶρά
1863 5337 1922 5373 τε

421 5467 442 5501 ⁷
469 5469 630 5525 Hebr.
658 5488 699 5538 ι,
725 5472 778 5537 1,
808 5472 864 5527 2.
941 5473 964 5505 ⁸
985 5475 1128 5530 Psal.
1159 5491 1213 5539 tt,
1246 5476 1300 5531 8.
1376 5476 1396 5507 ’
1419 5474 1583 5529 liehr.
1613 5491 1652 5542 ι,
1687 5475 1741 5543 5,
1772 5476 1823 5529 ι.

1906 5475 1948 5505 ¹⁰
1974 5475 2136 5529 llebr.
2165 5489 2224 5539 tt,
2258 5474 2343 5539 il,
2383 5474 2464 5528 12.

2107 4887 2127 4920 ι
2163 4865 2466 4935 Capitulum
2503 4872 2681 4917 autem
2716 4878 2879 4933 super
2907 4877 2971 4916 ea
3008 4875 3128 4932 quae
3161 4860 3413 4915 dicuntur
3447 4878 3461 4915 :
3496 4858 3600 4913 Ta-

2027 4960 2131 5014 lem
2176 4960 2440 5012 babemus
2489 4955 2823 5023 pontiﬁcem,
2867 4955 2958 5023 qui
3003 4953 3248 5008 consedit
3286 4954 3341 5007 in
3381 4953 3600 5007 dextera

2027 5053 2173 5107 sedis
2202 5049 2592 5118 magnitudinis
2619 5047 2673 5100 in
2705 5047 2883 5112 cmlis,
2908 5056 3223 5100 sanctorum
3256 5045 3523 5104 minister,
3549 5052 3602 5096 et

2027 5138 2359 5193 tabernaculi
2379 5138 2512 5201 veri,
2532 5139 2676 5207 quod
2695 5137 2810 5190 ﬁxit
2826 5136 3106 5201 Dominus,
3124 5145 3179 5190 et
3196 5149 3297 5188 non
3311 5133 3473 5188 homo
3489 5132 3552 5184 ¹¹.
3579 5150 3597 5181 ι

2029 5228 2084 5282 Si
2116 5229 2263 5295 juxta
2294 5227 2433 5281 beati
2494 5225 2643 5280 Pauli
2692 5227 2993 5280 doctrinam
3039 5223 3217 5278 omnis
3245 5219 3499 5275 sacerdos
3535 5221 3601 5270 ad

2025 5320 2356 5374 oﬂerenduut
2387 5320 2524 5373 dota
2574 5329 2628 5374 et
2681 5318 2948 5374 sacriﬁcia
2990 5316 3321 5381 assmnitur,
3353 5328 3459 5368 non
3498 5309 3599 5367 sibi

2550 5475 2587 5506 ¹¹
2621 5473 2783 5529 lleltr.
2818 5488 2934 5538 vttl,
2976 5472 3027 5537 1,
3060 5470 3115 5528 Ξ.

1409 5630 1580 5685 Variae
1608 5629 1864 5685 lectiones
1892 5628 2097 5684 codicis
2134 5627 2500 5695 Seguieriani.

421 5772 444 5799 ⁸
473 5761 766 5830 πεφηνότα.
842 5761 870 5803 ι’
906 5761 1016 5817 ἐπί.
1062 5774 1082 5802 ε
1121 5764 1447 5837 εἰρημένοις.
