4076 6420
499 428 635 485 illi

1524 435 1579 489 S.
1623 434 1899 490 CYRlLlJ
1942 432 2403 487 ALEXANDRINI
2447 429 2763 485 ARCIIIEP.

3628 420 3764 478 ιδεε

497 539 655 595 litant
683 541 774 613 qui
807 544 872 597 ad
916 544 1208 599 sacerdotii
1255 544 1586 602 iunctionem
1638 545 2077 616 scliguntur,sed

2185 545 2273 596 καὶ
2319 544 2509 607 θυσίας
2562 540 3085 613 παραλαμϐάνεται,
3138 539 3236 611 οὔχ
3288 539 3500 602 ἑαυτοῖς
3552 537 3762 591 τελοῦσι

500 632 631 697 Deo,
654 635 740 687 cui
782 635 850 688 ab
900 636 1149 689 universa
1195 651 1444 692 creatura
1490 640 1666 693 cultus
1699 640 2080 706 veneratioque

498 722 829 776 debetnrzat
860 725 949 792 qui
1007 726 1114 779 Deo
1154 728 1484 790 ministrant,
1515 746 1618 784 nou
1669 731 1911 799 ejusdem
1957 746 2077 783 cum

500 815 607 867 Deo
636 816 846 872 ordinis
886 829 1068 882 erunt,
1104 837 1278 890 neque
1324 822 1551 890 gloriam
1581 824 1987 891 eamdem,qu:e
2027 821 2079 874 in

499 906 670 977 ipsum
701 907 872 961 solum
889 912 1163 977 convenit,
1198 913 1530 977 sortientur;
1562 928 1733 982 ecquo
1760 928 1891 980 ergo
1922 914 2081 967 modo

496 997 764 1064 Christus,
788 1011 971 1055 noster
988 1004 1221 1071 pantilex
1248 1004 1494 1067 eiii-ctus,
1517 1006 1568 1058 in
1593 1007 1814 1060 dextera
1834 1006 1923 1059 Dci
1947 1007 2082 1060 assi-

499 1087 608 1151 det,
637 1088 996 1161 thronumque
1016 1095 1315 1163 Inajeslatis
1344 1096 1393 1148 in
1414 1096 1568 1149 cmlis
1598 1096 1827 1162 obtinet,
1862 1106 2081 1152 sancto~

501 1192 728 1248 rumque
755 1199 817 1236 ac
846 1186 1062 1252 superni
1084 1196 1135 1238 et
1169 1187 1279 1239 veri
1303 1187 1445 1241 illius
1463 1188 1801 1242 tabernaculi
1820 1190 2081 1242 sacerdos

497 1273 827 1328 constitutus
857 1287 939 1330 est
965 1292 980 1341 ;
1011 1289 1063 1329 et
1098 1275 1242 1330 Patri
1272 1287 1327 1331 et
1366 1279 1557 1349 sibipsi
1588 1295 1808 1349 quoque
1839 1282 2082 1332 omnium

496 1375 691 1432 preces
719 1365 988 1422 oﬁ‘erens?
1031 1368 1184 1424 Uuus
1214 1370 1380 1439 igitur
1409 1384 1490 1426 est
1525 1372 1782 1426 Christus
1810 1380 1864 1425 et
1885 1370 2079 1437 Filius,

498 1456 591 1523 qui
616 1456 833 1524 quidem
870 1469 928 1514 nt
964 1462 1197 1521 Deus.in
1224 1462 1533 1517 divinitatis
1568 1477 1679 1517 suae
1712 1464 1908 1518 throno
1954 1478 2087 1518 con-

498 1544 679 1612 sidet;
709 1555 766 1600 ut
789 1565 922 1603 vero
951 1551 1132 1604 divina
1167 1551 1571 1619 dispensatione
1599 1552 1849 1605 humana:
1876 1562 2086 1605 naturae

497 1636 775 1706 particeps
804 1638 1049 1707 eﬁ‘ectus,
1076 1642 1308 1698 ministri
1349 1642 1727 1713 pontiﬁcisque
1770 1642 1947 1699 locum
1987 1659 2087 1698 no-

499 1741 738 1797 menque
762 1731 987 1789 sortitus
1026 1742 1129 1789 est.
1887 1726 1891 1731 ’

577 1837 600 1875 ι
627 1819 861 1893 Ideoque
882 1834 938 1879 et
967 1841 1067 1882 nos
1099 1834 1305 1882 tantam
1338 1827 1601 1884 habentes
1654 1827 1964 1898 impositam
1988 1842 2088 1882 nu-

2180 635 2279 699 τάς
2320 636 2577 707 λατρείας
2605 637 2652 687 οἱ
2686 632 3008 704 καλούμενοι
3040 632 3176 703 πρὸς
3207 630 3528 702 ἱερωσύνην,
3557 628 3677 698 θεῷ
3704 629 3763 683 δὲ

2184 729 2402 800 μᾶλλον,
2428 721 2472 795 ᾧ
2503 726 2562 780 τὸ
2596 725 2747 795 παρὰ
2777 726 2957 793 πάσης
2994 724 3223 788 κτίσεως
3261 721 3535 791 ὀφείλεται
3565 721 3729 784 σέϐας
3749 737 3763 753 ο

2181 822 2209 874 6
2236 820 2292 872 δὲ
2336 819 2455 889 9εῷ
2490 817 2843 889 λειτουργῶν,
2891 818 2992 869 οὐκ
3036 818 3093 869 ὲν
3140 816 3243 886 ἴσῳ
3290 814 3473 884 μέτρῳ
3521 812 3767 865 κείσεται

2181 910 2340 976 Θεοῦ,
2382 910 2505 963 οὔτε
2549 910 2654 981 μὴν
2685 909 2783 977 τὴν
2812 908 2961 979 αὐτῷ
3001 908 3096 960 καὶ
3128 907 3274 977 μόνῳ
3316 905 3635 972 πρέπουσαν
3664 918 3766 971 φο-

2186 1001 2332 1071 ρέσει
2378 1000 2556 1065 δόξαν.
2604 995 2737 1050 Εἶτα
2766 996 2883 1060 πῶς
2928 996 3220 1067 ἀρχιερεὺς
3267 992 3426 1063 ἡμῶν
3467 990 3706 1059 γεγονὼς
3740 990 3770 1040 ὁ

2183 1090 2438 1163 Χριστὸς,
2471 1092 2527 1141 ἐν
2559 1089 2711 1160 δεξιᾷ
2744 1089 2981 1158 κάθηται
3010 1086 3104 1139 τοῦ
3140 1084 3296 1163 Θεοῦ,
3328 1086 3422 1136 καὶ
3455 1084 3546 1136 τὸν
3580 1081 3773 1151 θρόνον

2185 1182 2299 1253 ἔχει
2341 1189 2442 1252 τῆς
2492 1180 2885 1252 μεγαλωσύνης
2933 1181 2991 1231 ἐν
3032 1180 3144 1240 τοῖς
3185 1152 3470 1248 οὐρανοῖς,
3518 1174 3614 1227 καὶ
3658 1171 3769 1225 τῶν

2186 1275 2355 1343 ἁγίων
2395 1274 2512 1325 ἐστὶ
2546 1272 2883 1343 λειτουργὸς,
2914 1272 3009 1325 καὶ
3041 1271 3138 1341 τῆς
3175 1270 3380 1341 σκηνῆς
3405 1268 3505 1339 τῆς
3534 1268 3645 1321 άνω
3674 1266 3771 1318 καὶ

2187 1365 2467 1437 ἀληθινῆς,
2495 1364 2673 1435 ἑαυτῷ
2708 1381 2765 1416 τε
2798 1365 2891 1417 καὶ
2920 1361 2997 1434 τῷ
3034 1362 3212 1432 Πατρὶ
3243 1361 3629 1431 προσκομίζων
3669 1358 3770 1421 τὰς

2187 1457 2338 1529 παρὰ
2381 1458 2600 1511 πάντων
2632 1455 2925 1525 λατρείας;
2967 1450 3062 1519 Εἷς
3101 1455 3209 1525 ἄρα
3238 1452 3357 1506 ἐστὶ
3403 1450 3640 1522 Χριστὸς
3677 1451 3776 1505 καὶ

2192 1551 2337 1615 Υἱὸς,
2374 1548 2684 1620 καθήμενος
2713 1546 2811 1618 μὲν
2839 1546 3037 1610 θεῖκῶς
3069 1547 3126 1599 ὲν
3161 1545 3239 1614 τῷ
3277 1543 3377 1615 τῆς
3408 1542 3542 1601 Ιδίας
3582 1541 3775 1611 θεότη-

2188 1661 2279 1707 τος
2326 1642 2521 1712 θρόνῳ,
2570 1637 2995 1710 κεχρηματικὼς
3022 1638 3081 1692 δὲ
3118 1637 3297 1709 ἱερεὺς
3334 1636 3427 1689 καὶ
3459 1633 3775 1705 λειτουργὸς

2189 1731 2549 1802 οἰκονομικῶς
2571 1731 2661 1785 διὰ
2686 1733 2749 1786 τὸ
2776 1728 3138 1801 ἀνθρώπινον.

2269 1846 2287 1879 ι
2318 1823 2623 1896 Τοιγαροῦν
2656 1824 2752 1878 καὶ
2784 1825 2947 1896 ἡμεῖς
2990 1820 3248 1875 τοσοῦτον
3279 1819 3492 1890 ἔχοντες
3528 1814 3775 1887 περικεί-

499 1912 623 1967 hem
649 1916 893 1980 testium,
923 1918 1254 1988 deponentes
1295 1934 1460 1975 omne
1504 1920 1716 1989 pondus
1744 1930 1799 1975 et
1847 1920 2081 1976 circum-

2192 1933 2354 1989 μενον
2415 1916 2549 1987 ἡμῖν
2610 1915 2777 1986 νέφος
2846 1912 3172 1986 μαρτύρων,
3221 1911 3386 1978 δγκον
3444 1907 3777 1978 ἀποθέμενοι

499 2014 651 2059 stans
701 2021 800 2061 nos
837 2018 1146 2077 peccaturo,
1185 2025 1282 2079 per
1326 2010 1647 2081 patientiam
1701 2026 1987 2066 curramus
2018 2010 2088 2066 ad

497 2095 837 2163 propositum
859 2097 1019 2153 nobis
1046 2111 1347 2165 certamen,
1369 2100 1708 2172 aspicientes
1735 2101 1787 2154 in
1807 2111 2086 2156 auctorem

497 2178 623 2235 ﬁdei
684 2191 741 2238 et
803 2197 1299 2242 cousummatorem
1373 2186 1559 2244 Jesum
1613 2190 1942 2256 Christum,
1994 2191 2085 2259 qui

495 2272 777 2341 proposito
809 2275 911 2329 sibi
952 2276 1152 2347 gaudio
1184 2278 1448 2333 sustinuit
1492 2295 1732 2343 crucem,
1765 2277 2088 2335 confusione

495 2374 831 2435 contempta,
860 2376 1025 2438 atque
1068 2370 1120 2424 in
1161 2373 1385 2426 dextera
1444 2371 1591 2426 sedis
1641 2370 1735 2425 Dei
1780 2372 1934 2449 sedet
1967 2371 2029 2424 ".
2063 2389 2081 2423 ι

497 2453 554 2507 Si
586 2452 841 2513 Christus
871 2468 953 2513 est
987 2470 1192 2515 tantum
1236 2463 1421 2531 homo,
1452 2472 1506 2517 et
1554 2478 1657 2516 nou
1712 2461 1853 2517 Deus
1903 2471 2086 2517 nostra

495 2559 662 2601 carne
691 2561 820 2602 vere
850 2548 1094 2616 indutus,
1120 2554 1393 2621 quodnam
1454 2552 1709 2622 gaudium
1750 2554 1851 2623 ipsi
1888 2569 2087 2624 propo-

494 2637 660 2693 situm
691 2637 825 2694 dicit
849 2656 864 2704 ;
890 2652 979 2696 aut
994 2646 1264 2713 quomodo
1287 2643 1353 2698 ad
1384 2644 1580 2698 divinae
1596 2645 1892 2715 majestatis
1907 2645 2088 2701 dexte-

498 2743 611 2782 ram
645 2732 929 2787 consedit?
950 2733 1113 2803 Atqui
1146 2738 1399 2806 gaudium
1424 2744 1541 2791 erat
1572 2738 1645 2792 illi
1684 2739 2022 2808 pr0positum
2054 2755 2070 2792 :

495 2822 761 2892 siquidem
786 2839 1043 2895 suprema
1081 2827 1155 2881 illi
1190 2839 1381 2882 natura
1446 2830 1498 2882 in
1562 2831 1842 2899 perpetuis
1877 2829 2088 2885 deliciis

499 2927 671 2984 usque
687 2924 967 2972 versatur:
993 2926 1046 2972 et
1077 2931 1327 2986 corpore,
1349 2921 1489 2987 quod
1521 2919 1768 2988 cruoiﬁgi
1798 2918 1958 2988 112
1984 2935 2083 2989 po-

499 3017 659 3074 terat,
686 3020 986 3079 assumpto.
1016 3025 1236 3066 crucem
1264 3012 1543 3078 sustinuit,
1565 3012 1853 3080 crucisque
1877 3011 2083 3080 suppli-

495 3100 640 3154 cium
675 3117 987 3173 perpessus,
1014 3104 1121 3159 Deo
1139 3117 1190 3157 et
1222 3105 1371 3160 Patri
1421 3107 1641 3160 dextera
1679 3105 1900 3160 assedit.
1937 3104 2085 3160 Unus

496 3192 724 3262 proinde
775 3195 1038 3252 Dominus
1082 3195 1242 3252 Jesus
1291 3197 1564 3263 Christus,
1604 3197 1902 3251 cruciﬁxus
1960 3197 2080 3264 qui-

495 3283 618 3337 dem
687 3295 748 3340 ιιι
822 3287 1009 3354 homo,
1077 3304 1198 3343 cum
1277 3287 1441 3343 Patre
1518 3304 1648 3343 vero
1717 3303 1950 3358 regnans
2028 3268 2158 3341 ulC

497 3372 664 3431 Deus.

818 3489 974 3556 Quod
1014 3507 1149 3544 unus
1194 3488 1369 3545 Filius
1408 3502 1455 3545 et
1500 3490 1775 3549 Dominus.

733 3596 824 3656 Ea:
860 3600 1148 3670 Evangelia
1187 3604 1475 3656 serundum
1520 3601 1856 3656 ﬂanimeum.

573 3729 595 3763 ι
631 3709 825 3789 (ltitnia
858 3714 986 3767 mibi
1019 3714 1213 3768 tradita
1248 3725 1369 3769 sunt
1399 3731 1426 3767 a
1457 3714 1619 3768 Patre
1651 3730 1770 3769 meo
1798 3734 1811 3769 :
1844 3723 1896 3768 et
1928 3729 2087 3769 nemo

498 3806 649 3859 novit
679 3803 901 3868 Filium,
930 3805 1029 3859 nisi
1060 3804 1221 3859 Pater
1250 3824 1263 3859 :
1296 3822 1469 3870 neque
1501 3805 1716 3860 Patrem
1748 3807 1871 3877 quis
1902 3807 2083 3871 novit,

499 3892 600 3944 nisi
628 3889 816 3957 Filius,
842 3901 897 3947 et
923 3894 1006 3946 cui
1031 3894 1263 3948 voluerit
1291 3893 1459 3948 Filius
1493 3896 1753 3951 revelare.
1785 3916 1803 3942 ι
1838 3895 1894 3950 Si
1926 3911 2084 3953 nemo

497 3979 692 4036 Filium
732 3983 910 4053 novit,
951 3985 1053 4040 nisi
1092 3984 1239 4041 solus
1275 3985 1474 4052 Pater;
1514 3990 1786 4057 quomodo
1824 3998 1951 4041 sunt
1991 3991 2082 4059 qui

495 4072 675 4129 Patris
707 4076 1076 4131 testimonium
1109 4077 1271 4132 veluti
1306 4078 1579 4132 inﬁrmmn
1614 4079 1943 4147 repudiarit?
1974 4081 2080 4135 Us-

497 4166 668 4218 temlit
711 4168 756 4221 is
794 4177 971 4223 autem
1013 4166 1210 4223 Filium
1252 4185 1409 4224 suum
1453 4172 1504 4225 in
1542 4169 1781 4226 Jordane
1819 4173 1920 4226 hac
1954 4189 2081 4227 ora-

496 4255 645 4309 tione
683 4272 698 4310 :
744 4274 763 4309 ι
806 4258 933 4323 llic,
971 4260 1177 4330 inquit,
1215 4274 1298 4317 est
1335 4261 1503 4317 Filius
1540 4279 1691 4318 meus
1730 4264 1989 4328 dilectus,
2028 4266 2079 4317 in

492 4361 602 4416 quo
644 4349 774 4403 mibi
821 4352 957 4405 bene
1002 4353 1397 4424 complacui“.
1444 4371 1466 4407 ι
1514 4355 1675 4424 Atqui
1722 4372 1827 4408 non
1874 4357 2077 4410 nudum

497 4438 733 4495 Verbum
776 4444 845 4497 ob
888 4445 1077 4500 oculos
1123 4444 1279 4500 nobis
1322 4448 1533 4516 posuit,
1578 4447 1671 4501 sed
1717 4446 2078 4502 incarnatum.

491 4528 678 4604 Neque
704 4532 840 4588 dixit
872 4553 886 4590 :
916 4534 971 4589 ln
1008 4536 1108 4591 hoc
1139 4547 1239 4591 εει.
1255 4536 1425 4592 Filius
1456 4553 1609 4592 meus
1641 4538 1899 4604 dilectus;
1933 4541 2027 4591 sed
2062 4559 2074 4593 :

2190 2012 2366 2067 πάντα
2418 2010 2514 2065 καὶ
2557 2010 2655 2081 τὴν
2686 2007 3077 2079 εὐπερίστατον
3124 2002 3424 2076 ἁμαρτίαν,
3466 2002 3533 2055 δι’
3564 2003 3775 2070 ὑπομο-

2188 2101 2285 2171 νῆς
2329 2100 2615 2171 τρέχωμεν
2648 2098 2739 2151 τὸν
2773 2094 3135 2167 προκείμενον
3184 2088 3335 2164 ἡμῖν’
3381 2092 3606 2161 ἀγῶνα,
3664 2093 3775 2161 άφ-

2187 2190 2421 2259 ορῶντες
2452 2192 2531 2254 είς
2565 2190 2656 2243 τὸν
2673 2189 2774 2258 τῆς
2800 2188 3039 2250 πίστεως
3071 2184 3318 2257 ἀρχηγὸν
3350 2184 3443 2237 καὶ
3482 2182 3777 2254 τελειωτὴν

2201 2281 2410 2351 Ἰησοῦν
2460 2281 2727 2353 Χριστόν·
2769 2280 2827 2341 ὃς
2880 2278 3001 2332 ἀντὶ»
3049 2277 3152 2347 τῆς
3201 2275 3573 2346 προκειμένης
3624 2275 3777 2345 αὐτῷ

2188 2377 2365 2446 χαρᾶς
2415 2375 2678 2444 ὑπέμεινε
2720 2373 2973 2445 σταυρὸν,
3011 2369 3277 2441 αἰσχύνης
3322 2370 3772 2439 καταφρονήσας,

2190 2470 2285 2523 καὶ
2323 2472 2381 2522 ὲν
2413 2466 2565 2539 δεξιᾷ
2617 2467 2711 2521 τοῦ
2748 2466 2938 2537 Θρόνου
2976 2462 3071 2517 τοῦ
3121 2461 3260 2517 Θεοῦ
3305 2461 3621 2515 κεκάθικεν.
3647 2480 3666 2511 ι
3712 2461 3775 2513 Ei

2189 2561 2368 2623 κοινὸς
2399 2560 2684 2631 ἄνθρωπος
2710 2561 2738 2611 6
2771 2556 3028 2628 Χριστὸς,
3065 2555 3159 2609 καὶ
3189 2555 3251 2607 οὐ
3282 2554 3416 2618 Θεὸς
3445 2552 3683 2623 άληθῶς,
3718 2552 3776 2604 ὲν

2191 2651 2356 2723 σαρκί
2399 2668 2459 2704 τε
2510 2649 2632 2704 καθ’
2658 2650 2840 2719 ἡμᾶς,
2878 2648 3037 2701 ποίαν
3076 2646 3226 2717 αὐτῷ
3278 2642 3601 2717 προχεῖσθαί
3644 2658 3780 2713 φησι

2188 2742 2289 2813 τὴν
2332 2741 2541 2812 χαράν;
2580 2740 2613 2810 ἦ
2658 2740 2775 2802 πῶς
2818 2739 3114 2793 κεκάθικεν
3154 2739 3213 2791 ὲν
3253 2735 3404 2806 δεξιᾷ
3446 2733 3540 2787 τοῦ
3582 2732 3779 2803 θρόνου

2186 2834 2282 2887 τοῦ
2315 2834 2486 2901 Θεοῦ;
2522 2831 2686 2886 Ἀλλὰ
2721 2832 2827 2902 μὴν
2869 2830 3161 2900 προῦκειτό
3194 2847 3254 2883 τε
3285 2826 3434 2898 αύτῷ
3461 2826 3602 2898 χαρὶ
3662 2823 3780 2894 (καὶ

2188 2928 2297 2998 γάρ
2343 2928 2489 2978 ἐστιν
2551 2925 2611 2978 ὲν
2659 2923 3061 2991 άκαταλήκτοις
3105 2919 3396 2991 θυμηδίαις
3434 2921 3467 2987 ἡ
3516 2917 3781 2970 ἀνωτάτω

2189 3015 2395 3090 φύσις),
2424 3016 2683 3087 ὑπέμεινε
2711 3015 2768 3068 δὲ
2806 3007 3058 3087 σταυρὸν,
3090 3012 3152 3064 τὸ
3196 3009 3572 3080 σταυρωθῆναι
3614 3006 3777 3059 δυνά-

2190 3123 2348 3176 μενον
2386 3105 2514 3158 ἴδιον
2553 3104 2919 3175 ποιησάμενος
2968 3100 3154 3171 σῶμα·
3189 3101 3279 3152 καὶ
3310 3097 3472 3159 αὐτὸς
3506 3098 3535 3147 6
3577 3097 3776 3147 ἐσταυ-

2192 3199 2435 3267 ρωμένος
2477 3197 2769 3250 κεκάθικεν
2800 3199 2857 3247 ἐν
2897 3193 3047 3263 δεξιᾷ
3074 3191 3164 3245 τοῦ
3205 3189 3340 3243 Θεοῦ
3373 3190 3468 3242 καὶ
3512 3186 3727 3258 Πατρός
3754 3228 3770 3243 .

2197 3284 2285 3352 Εἷς
2333 3289 2442 3357 ἄρα
2491 3288 2695 3359 Κύριος
2734 3284 3251 3355 ’ῐησοῦς,Χριστὸς,
3304 3279 3636 3351 σταυρωθεὶς
3681 3278 3782 3349 μὲν

2193 3384 2571 3454 ἀνθρωπίνως,
2600 3379 2934 3451 συνεδρεύων
2962 3378 3017 3429 δὲ
3051 3375 3246 3438 θεῖκῶς
3274 3374 3351 3444 τῷ
3383 3372 3579 3443 Πατρί.

2570 3495 2692 3547 ’Ότι
2720 3487 2808 3556 εἷς
2846 3493 2886 3544 Υ
2887 3491 2976 3554 ἰὸς
3011 3489 3109 3543 καὶ
3154 3490 3393 3557 Κύριος.

2583 3608 2686 3659 Ἐκ
2726 3604 2834 3658 τοῦ
2873 3601 3025 3655 κατά
3060 3598 3385 3655 Ματθαῒον.

2266 3737 2285 3770 ι
2329 3718 2513 3772 Πάντα
2548 3733 2638 3787 μοι
2668 3713 2941 3786 παρεδόθη
2987 3712 3092 3765 ὑπὸ
3118 3710 3213 3764 τοῦ
3248 3709 3462 3781 Πατρός
3501 3716 3603 3779 μου
3629 3722 3643 3738 ο
3685 3707 3783 3760 καὶ

2187 3812 2361 3874 οὐδεὶς
2394 3808 2651 3878 γινώσκει
2690 3807 2782 3860 τὸν
2819 3806 2966 3869 Υίὸν,
3002 3807 3048 3857 εί
3083 3804 3156 3874 μὴ
3189 3804 3217 3856 6
3246 3802 3437 3870 Πατήρ
3458 3817 3472 3831 ·
3507 3800 3629 3853 οὐδέ
3675 3799 3769 3852 τὸν

2189 3900 2408 3969 Πατέρα
2438 3914 2524 3963 τις
2546 3895 2831 3966 γινώσκει,
2860 3896 2909 3947 εἰ
2944 3894 3017 3966 μὴ
3049 3894 3077 3945 6
3104 3892 3253 3956 Υἱὸς,
3286 3892 3382 3946 καὶ
3407 3884 3451 3958 ᾧ
3490 3891 3556 3944 ἂν
3584 3889 3782 3959 βούλη-

2186 4011 2275 4047 ται
2307 3994 2337 4047 6
2375 3991 2506 4055 Υἱὸς
2548 3988 2917 4058 ἀποκαλύψαι.
2964 4006 2981 4040 ι
3018 3986 3243 4048 Οὐδενὸς
3293 3983 3654 4053 γινώσκοντος
3686 3981 3780 4033 τὸν

2186 4083 2335 4150 Υίὸν,
2368 4083 2415 4135 εί
2450 4081 2524 4151 μὴ
2567 4081 2733 4151 μόνον
2765 4077 2862 4133 τοῦ
2903 4076 3136 4148 Πατρὸς,
3185 4075 3302 4138 πῶς
3334 4072 3586 4128 άθετοῦσί
3628 4090 3779 4137 τινες

2185 4176 2285 4246 τὴν
2319 4173 2414 4228 τοῦ
2442 4172 2658 4243 Πατρὸς
2688 4169 3025 4242 μαρτυρίαν;
3073 4166 3351 4231 ’Υπέδειξε
3379 4165 3488 4236 γάρ
3522 4165 3615 4217 τὸν
3644 4164 3779 4217 ἴδιον

2188 4265 2316 4318 Υίὸν
2369 4265 2426 4315 ὲν
2458 4260 2536 4333 τῷ
2581 4261 2847 4332 Ἰορδάνῃ.
2878 4258 3054 4327 λέγων
3076 4275 3091 4289 ·
3125 4275 3144 4309 ι
3181 4251 3351 4317 Οὗτός
3386 4256 3532 4308 ἐστιν
3580 4257 3609 4309 6
3646 4255 3777 4319 Υἱός

2187 4374 2286 4426 μου
2320 4357 2348 4409 6
2378 4352 2683 4424 ἀγαπητὸς,
2725 4351 2783 4403 έν
2814 4345 2857 4419 ᾧ
2903 4348 3205 4421 ηὑδόκησα.
3239 4367 3257 4399 ι
3312 4346 3454 4400 Ἀλλ’
3476 4348 3537 4400 οὐ
3566 4347 3777 4417 γυμνὸν

2183 4447 2319 4515 ἡμῖν
2350 4440 2641 4514 παρέδειξε
2666 4442 2756 4495 τὸν
2781 4441 2914 4494 ἵδιον
2936 4439 3129 4508 Λόγον.
3157 4439 3270 4493 ἀλλ’
3294 4437 3562 4491 ένωθέντα
3587 4439 3774 4508 σαρκί.

2183 4536 2294 4589 Καὶ
2345 4536 2446 4587 οὐκ
2492 4532 2739 4604 εἴρηκεν,
2768 4533 2850 4585 ὅτι
2884 4531 2973 4583 Ἑν
3010 4529 3185 4601 τούτῳ
3218 4530 3365 4582 ἐστὶν
3410 4532 3437 4582 6
3472 4529 3601 4591 Υἱός
3631 4547 3733 4598 μου
3757 4569 3773 4591 ,

490 4619 614 4690 Hic,
640 4640 799 4694 quem
829 4640 1012 4680 coram
1042 4628 1267 4682 cernitis
1295 4628 1345 4681 in
1375 4643 1562 4698 carne,
1590 4639 1672 4684 est
1705 4629 1873 4684 Filius
1905 4646 2077 4686 meus.

2186 4626 2323 4690 ἀλλ’,
2366 4644 2384 4675 ι
2423 4601 2798 4688 Οὗτόςνὲστιν,
2836 4640 2854 4673 ι
2886 4623 2914 4675 6
2944 4620 3084 4691 μετά
3133 4621 3360 4692 σαρκός.
3392 4615 3488 4684 Εἷς
3521 4620 3628 4690 ἄρα
3676 4621 3774 4673 καὶ

489 4710 644 4777 Unus
674 4716 857 4787 itaque
887 4729 969 4773 est
1001 4716 1263 4773 Dominus
1293 4729 1347 4773 et
1378 4716 1568 4774 Filius.

748 4828 837 4886 Ea:
873 4830 1159 4903 Evangelia
1194 4836 1479 4890 secundum
1508 4835 1794 4891 Joannem.

558 4955 586 4992 4
619 4928 752 4996 Erat
781 4940 878 4996 lux
907 4957 1054 5008 vera,
1087 4959 1207 5015 qua;
1241 4945 1509 4999 illuminat
1543 4960 1760 5001 omnem
1797 4945 2071 5001 hominem

483 5031 797 5090 venientem
845 5034 900 5089 in
953 5036 1099 5091 hunc
1145 5037 1428 5091 mundum.
1473 5036 1533 5091 lu
1586 5037 1790 5092 mundo
1833 5045 1973 5103 erat,
2019 5045 2076 5092 et

482 5128 720 5182 mundus
754 5140 853 5197 per
885 5127 1061 5196 ipsum
1099 5126 1272 5182 factus
1302 5138 1407 5193 est,
1441 5139 1499 5183 et
1533 5132 1767 5186 mundus
1801 5143 1927 5183 eum
1965 5144 2072 5183 non

479 5220 756 5285 cognovit.
796 5220 853 5273 In
888 5219 1105 5289 propria
1139 5222 1305 5287 venit,
1337 5232 1391 5275 et
1428 5223 1512 5275 sui
1546 5237 1670 5277 eum
1703 5236 1811 5276 non
1848 5236 2072 5291 recepe-

483 5321 614 5364 runt
643 5311 659 5342 ί
691 5349 705 5364 .
731 5329 752 5363 ι
782 5310 923 5368 Ecce
956 5324 1215 5367 accurate
1234 5315 1303 5369 de
1325 5315 1521 5369 divinis
1553 5314 1849 5377 disserens,
1886 5324 1943 5370 et
1975 5329 2072 5382 per

2185 4718 2391 4790 Κύριος
2420 4712 2514 4771 καὶ
2542 4715 2692 4779 Υἱός.

2396 4829 2491 4883 Ἐκ
2528 4828 2633 4883 τοῦ
2661 4824 2813 4881 κατὰ
2856 4824 3134 4893 Ἰωάννην
3169 4825 3561 4894 Εὐαγγελίου.

2256 4962 2275 4994 ι
2309 4937 2419 4995 Ἦν
2461 4940 2524 4993 τὸ
2552 4938 2668 5009 φῶς
2701 4938 2763 4992 τὸ
2807 4937 3082 5008 ἀληθινὸν,
3127 4936 3156 4989 δ
3185 4936 3412 5006 φωτίζει
3455 4937 3634 4991 πάντα
3673 4939 3771 4991 άν-

2179 5036 2397 5108 θρωπον
2434 5034 2731 5105 ἐρχόμενον
2758 5032 2838 5096 εἰς
2858 5031 2952 5085 τὸν
2977 5032 3203 5102 κόσμον.
3246 5032 3334 5083 Ἐν
3360 5029 3437 5100 τῷ
3467 5030 3657 5100 κόσμῳ
3675 5025 3767 5100 ἦν,

2178 5129 2273 5182 καὶ
2300 5129 2330 5181 6
2354 5126 2556 5197 κόσμος
2578 5125 2644 5178 δι’
2674 5122 2840 5179 αὐτοῦ
2886 5122 3123 5190 ἐγένετο,
3150 5123 3244 5175 καὶ
3285 5124 3314 5176 6
3358 5122 3562 5191 κόσμος
3602 5121 3770 5175 αὐτὸν

2177 5220 2277 5274 οὐκ
2305 5218 2467 5286 ἔγνω.
2496 5217 2587 5280 Εἰς
2607 5216 2675 5269 τὰ
2700 5215 2807 5269 ἴδια
2828 5210 2982 5286 ἦλθε.
3004 5215 3163 5268 καὶοὶ
3187 5213 3308 5267 ἴδιοι
3335 5212 3499 5266 αὑτὸν
3526 5212 3588 5265 οὐ
3619 5230 3765 5282 παρ-

2179 5311 2390 5367 έλαϐον.
2429 5329 2448 5363 ι
2508 5309 2851 5379 Θεολογήσας
2875 5307 3215 5379 ἀρκούντως,
3240 5306 3332 5360 καὶ
3353 5304 3442 5358 διὰ
3468 5303 3563 5359 τοῦ
3590 5303 3768 5374 φωτὸς

482 5395 655 5451 lucem
680 5414 865 5455 veram
894 5401 1185 5458 illuminari
1212 5418 1427 5459 omnem
1456 5403 1732 5458 hominem
1759 5404 2065 5460 venientem

2185 5400 2271 5455 τοῦ
2301 5399 2557 5471 ἀληθινοῦ
2582 5397 2923 5468 πεφωτίσθαι
2954 5397 3132 5452 πάντα
3166 5396 3450 5466 ἄνθρωπον
3472 5395 3767 5467 ἐρχόμενον

482 5485 535 5540 in
562 5489 703 5544 hunc
725 5494 980 5548 mundum
1004 5491 1301 5561 aﬁirmans,
1326 5494 1608 5565 ipsumque
1627 5508 1766 5559 esse,
1793 5509 1887 5564 per
1906 5509 2065 5565 quem

486 5581 719 5636 mundus
747 5592 832 5636 est
859 5586 1129 5649 conditus,
1181 5585 1324 5640 hunc
1350 5586 1599 5640 eumdem
1631 5586 1685 5639 in
1718 5586 1935 5655 propria
1969 5601 2061 5640 ve-

482 5671 631 5726 nisse
660 5675 933 5742 praedicat.
958 5675 1114 5731 Venit
1146 5687 1326 5730 autem
1359 5676 1678 5746 Unigenitus
1705 5676 1879 5731 lactus
1908 5676 2067 5731 homo

2176 5497 2257 5557 εἰς
2286 5492 2377 5546 τὸν
2424 5492 2629 5560 κόσμον
2654 5490 2843 5552 εἰπὼν,
2880 5489 2977 5543 καὶ
3005 5489 3072 5541 δι’
3116 5487 3281 5541 αὑτοῦ
3322 5486 3486 5540 αὐτὸν
3533 5485 3765 5555 πεποιῆ-

2178 5582 2301 5635 σθαι
2356 5580 2447 5633 τὸν
2476 5581 2702 5651 κόσμον,
2739 5581 2818 5642 εἰς
2869 5580 2937 5633 τὰ
2987 5578 3095 5633 ἴδιά
3134 5594 3297 5647 φησιν
3345 5575 3508 5628 αὑτὸν
3564 5572 3758 5627 ἐλθεῖν.

2174 5670 2347 5727 Ἦλθε
2386 5672 2442 5725 δὲ
2482 5672 2721 5740 γεγονὼς
2764 5670 3049 5742 ἄνθρωπος
3096 5672 3122 5723 ὁ
3168 5665 3477 5739 Μονογενὴς
3514 5665 3588 5729 ὼς
3628 5664 3764 5737 πρὸς

553 5829 598 5861 ι’
624 5829 787 5883 Hebr.
823 5845 919 5896 xit,
956 5831 1004 5893 Ι,
1036 5830 1088 5884 ε.
1170 5831 1211 5861 ³³
1237 5832 1431 5886 Matth.
1468 5848 1547 5898 XI,
1574 5831 1662 5885 ‘27.
1748 5833 1787 5863 "
1818 5832 2007 5887 Matth.
2034 5831 2081 5896 5,

2189 5870 2201 5883 .
2284 5830 2500 5886 "Joan.
2543 5832 2657 5897 1,9,
2700 5829 2781 5883 l0.
