4076 6474
352 411 490 467 1715

1448 417 1534 472 DE
1572 414 1800 472 RECTA
1844 415 2000 472 FIDE
2036 417 2126 472 AD
2166 417 2486 474 REGINAS.

3494 426 3632 482 15H

352 531 536 592 Ξό-ὀυς,
593 531 686 583 καὶ
745 532 851 603 πρό
914 551 971 602 γε
1033 534 1141 588 τῶν
1199 531 1371 588 ἄλλων
1413 533 1535 595 τοὺς
1590 532 1649 599 ἐξ
1705 532 1938 602 αἵματος

2047 543 2302 604 tanquam
2336 536 2402 588 ad
2433 549 2585 601 suos,
2613 545 2666 591 et
2699 536 2969 606 praecipue
3000 538 3066 591 ad
3100 539 3381 595 Israelitici
3412 548 3630 613 sangui-

361 621 398 673 ‘l
417 620 600 692 τραήλ.
639 623 767 675 Ὅτε
802 624 982 678 τοίνυν
1007 627 1167 689 αὐτός
1194 627 1311 678 ἐστι
1344 626 1405 676 τὸ
1428 624 1541 691 φῶς
1573 625 1635 677 τὸ
1658 624 1936 695 ἀληθινὸν,

350 711 382 762 ὁ
415 709 484 762 δι’
510 706 574 765 οὗ
606 713 672 765 τὰ
722 713 899 768 πάντα
941 715 1058 786 (καὶ
1090 715 1252 777 αὐτός
1296 716 1443 765 ἐστιν
1490 714 1519 766 ὁ
1554 713 1696 784 μετὰ
1736 713 1940 785 σαρκὸς

345 800 520 855 ἐλθὼν
555 804 637 866 εἰς
675 804 745 857 τά
776 802 912 858 ῐδια·
943 807 1059 871 πῶς
1103 807 1203 859 οὐκ
1235 804 1532 873 ἀναγκαῖον
1576 804 1672 857 ἐνα
1701 804 1940 874 Χριστὸν

347 896 444 949 καὶ
477 895 603 949 nm
632 894 919 965 ὁμολογεῖν
942 912 956 960 ;

426 1004 446 1038 ι
496 988 608 1041 Καὶ
649 990 677 1040 ό
702 988 874 1056 Λόγος
922 986 1059 1056 σὰρξ
1110 987 1350 1057 ἐγένετο,
1393 987 1490 1039 καὶ
1534 987 1844 1057 ἐσκήνωσεν
1881 989 1938 1040 ἐν

350 1081 509 1151 ἡμῖν.
554 1081 649 1134 καὶ
682 1079 1029 1150 ἐθεασάμεθα
1067 1080 1165 1151 τὴν
1218 1079 1376 1145 δόξαν
1429 1078 1617 1141 αὑτοῦ,
1658 1078 1817 1144 δόξαν
1862 1079 1938 1143 rb;

349 1170 693 1240 Μονογενοῦς
723 1171 873 1243 παρὰ
913 1171 1151 1243 Πατρὸς)
1187 1170 1400 1243 πλήρης
1426 1171 1652 1243 χάριτος
1676 1172 1772 1224 καὶ
1804 1171 1939 1241 άλη-

343 1261 518 1325 θείας.
560 1281 578 1313 ι
618 1262 681 1315 Ei
713 1261 907 1330 γέγονε
937 1262 1075 1333 σὰρξ
1096 1262 1125 1315 ό
1156 1263 1348 1331 Λόγος,
1371 1263 1619 1317 τουτέστι
1641 1261 1935 1333 παραπλη-

345 1353 479 1416 σίως
509 1353 642 1422 ἡμῖν
686 1352 950 1424 μετέσχεν
988 1354 1222 1424 αἵματος
1251 1355 1345 1407 καὶ
1394 1354 1617 1426 σαρκὸς,
1646 1355 1738 1408 καὶ
1771 1356 1940 1425 σπέρ-

347 1462 522 1514 ματος
554 1444 804 1516 Ἀϐραὰμ
829 1444 1152 1507 ἐπελάϐετο,
1179 1446 1266 1499 ἵνα
1288 1445 1431 1499 κατὰ
1456 1445 1637 1500 πάντα
1659 1448 1771 1509 τοῖς
1792 1446 1939 1500 ἀδελ-

345 1539 469 1606 φοῖς
514 1536 753 1608 ὀμοιωθῇ
776 1551 789 1565 ⁸
824 1536 943 1600 πῶς
976 1536 1043 1590 ἂν
1089 1537 1383 1590 ἐνδοιάσειέ
1413 1554 1498 1600 τις
1545 1538 1628 1589 ὅτι
1659 1537 1939 1606 μεμένηκε

343 1629 543 1697 Λόγος,
571 1627 666 1681 καὶ
701 1627 840 1699 σάρξ
872 1626 1144 1697 γεγονώς;
1181 1630 1485 1699 ’Λτρεπτος
1508 1627 1618 1700 γὰρ
1642 1631 1675 1699 ἠ
1705 1629 1799 1682 τοῦ
1833 1629 1937 1683 Λό-

344 1737 447 1788 γου
474 1719 660 1789 φύσις.
691 1721 803 1773 Καὶ
836 1721 885 1772 εἰ
917 1720 1330 1791 κεχρημάτικεν
1360 1720 1518 1791 ἡμῶν
1548 1720 1796 1789 ἁδελφὸς,
1823 1718 1940 1783 πῶς

342 1812 689 1880 Μονογενοῦς
719 1810 833 1882 ἔχει
869 1811 1063 1878 δόξαν;
1101 1811 1309 1865 Οὐκοῦν
1333 1811 1434 1865 κᾶν
1469 1812 1520 1865 εἰ
1552 1812 1743 1880 γέγονε
1780 1811 1937 1882 σὰρξ,

2044 626 2128 680 nis
2169 625 2435 681 homines.
2472 625 2609 682 Cum
2655 643 2784 698 ergo
2825 630 2940 698 ipse
2978 634 3050 684 slt
3094 630 3182 685 lux
3225 632 3313 687 illa
3350 648 3501 701 vera,
3537 650 3633 703 per

2041 731 2199 785 quem
2224 718 2403 771 omnia
2431 729 2556 771 sunt
2579 719 2832 787 condita;
2858 737 3092 792 cumque
3116 723 3205 777 ille
3229 725 3321 788 sit,
3345 726 3436 793 qui
3467 741 3635 780 carne

2042 805 2262 861 indutus
2289 808 2438 862 venit
2469 808 2520 862 in
2554 810 2771 880 propria
2805 828 2819 865 :
2849 814 3119 880 quomodo
3146 828 3487 884 consequens
3521 831 3630 871 non

2040 907 2154 961 est,
2184 905 2242 951 ut
2271 913 2434 952 unum
2465 898 2742 954 Christum
2775 913 2827 957 et
2865 901 3062 955 Filium
3094 905 3491 959 couliteamur?

2118 1006 2136 1038 ι
2177 986 2239 1042 Et
2258 986 2494 1043 Verbum
2523 1005 2652 1045 caro
2684 991 2886 1046 factum
2918 1002 3031 1058 est,
3063 1004 3117 1049 et
3145 994 3414 1049 habitavit
3446 996 3498 1049 in
3531 1012 3632 1050 no-

2042 1079 2150 1147 bis,
2178 1091 2232 1135 et
2258 1080 2491 1137 vidimus
2509 1082 2734 1153 gloriam
2754 1083 2895 1151 ejus,
2921 1084 3148 1154 gloriam
3175 1086 3330 1155 quasi
3364 1084 3632 1157 Unigeniti

2041 1188 2072 1227 a
2108 1171 2293 1239 Patre,
2340 1173 2555 1242 plenum
2590 1175 2777 1242 gratiae
2810 1185 2866 1229 et
2896 1176 3139 1231 veritatis
3166 1176 3227 1227 ".
3253 1194 3273 1228 ι
3311 1176 3368 1230 Si
3395 1174 3633 1231 Verbum

2045 1267 2242 1319 factum
2277 1274 2363 1320 est
2398 1281 2547 1330 caro,
2579 1267 2848 1336 caruique
2879 1280 2933 1322 et
2966 1267 3217 1338 sanguini
3249 1283 3402 1336 aeque
3437 1282 3501 1323 ac
3535 1282 3635 1322 nos

2041 1357 2485 1420 communicavit,
2528 1358 2687 1427 113
2729 1374 2792 1413 ac
2833 1374 3017 1413 semen
3054 1360 3288 1415 Abralue
3327 1359 3634 1430 apprehen-

2042 1447 2141 1510 dit,
2174 1462 2283 1516 quo
2320 1448 2576 1502 nimirum
2616 1466 2711 1518 per
2743 1453 2927 1505 omnia
2966 1451 3228 1507 fratribus
3263 1452 3379 1508 suis
3413 1451 3634 1507 assimi-

2042 1534 2249 1591 laretur
2274 1537 2315 1568 ¹⁷
2339 1577 2354 1601 ,
2388 1538 2510 1607 quis
2542 1539 2754 1593 dubitet
2796 1540 2927 1608 quin
2995 1541 3046 1594 id
3086 1540 3246 1609 plane
3277 1540 3638 1610 permanserit

2042 1629 2185 1697 quod
2214 1638 2359 1689 erat,
2394 1630 2609 1684 etiamsi
2642 1646 2769 1685 caro
2803 1631 3000 1687 factum
3036 1632 3140 1688 sit?
3169 1632 3448 1703 Siquidem
3483 1632 3627 1686 nulla

2044 1721 2096 1774 iu
2118 1721 2278 1776 Verbi
2308 1732 2562 1775 naturain
2593 1722 2787 1777 cadere
2813 1732 2994 1791 potest
3020 1725 3275 1778 mutatio.
3297 1723 3382 1788 Et,
3406 1726 3450 1777 si
3471 1723 3638 1778 frater

2043 1822 2229 1868 noster
2254 1823 2358 1878 est,
2389 1815 2664 1883 quomodo
2692 1811 2967 1884 Unigeniti
2999 1816 3228 1885 gloriam
3262 1814 3462 1870 habet?
3493 1814 3639 1870 Sane

341 1902 498 1956 οὐδὲν
528 1898 693 1974 ἧττόν
726 1905 843 1957 ἐστι
876 1902 1010 1968 Θεός
1032 1921 1044 1934 ·
1076 1903 1171 1957 καὶ
1194 1903 1507 1974 Μονογενὴς
1539 1903 1639 1975 μὲν
1681 1903 1757 1967 ὡς
1785 1904 1938 1968 Θεὸς,

2047 1902 2171 1958 licet
2209 1901 2409 1957 factum
2451 1904 2524 1958 sit
2564 1918 2716 1969 caro,
2753 1902 2896 1960 Deus
2932 1916 3109 1961 tamen
3146 1922 3266 1962 esse
3306 1922 3413 1963 non
3454 1906 3633 1962 desiit.

344 1995 692 2068 πρωτότοκος
721 1994 776 2048 δὲ
806 1994 895 2048 διὰ
920 1994 1011 2047 τὸν
1042 1993 1386 2066 ἀνθρώπινον
1411 1995 1669 2064 σταυρόν.

428 2169 684 2240 Ἰωάννης
712 2175 985 2242 μαρτυρεῖ
1032 2173 1161 2242 περὶ
1205 2172 1395 2233 αὑτοῦ,
1439 2174 1536 2225 καὶ
1581 2173 1823 2243 κέκραγε
1851 2172 1939 2224 λέ-

344 2278 494 2329 γωνο
538 2280 556 2313 ι
594 2256 763 2327 Οὗτος
800 2257 891 2332 ἦν,
922 2263 981 2314 ὃν
1030 2258 1220 2316 εἷπον·
1268 2263 1325 2316 '0
1347 2264 1524 2316 ὀπίσω
1571 2280 1673 2332 μου
1711 2262 1942 2333 ἐρχόμε-

348 2370 465 2417 νος,
498 2353 809 2425 ἔμπροσθέν
842 2372 944 2425 μου
974 2356 1216 2423 γέγονεν,
1240 2357 1322 2408 ὅτι
1351 2356 1567 2424 πρῶτός
1596 2372 1698 2424 μου
1729 2350 1797 2424 ἦν
1819 2370 1830 2382 ·
1858 2355 1942 2409 ὅτι

340 2448 409 2499 ἐκ
441 2446 534 2499 τοῦ
568 2445 942 2517 πληρώματος
972 2446 1140 2500 αὐτοῦ
1165 2449 1327 2517 ἡμεῖς
1361 2448 1565 2509 πάντες
1594 2446 1885 2517 ἐλάϐομεν.
1917 2467 1935 2498 ι

354 2539 609 2608 Ἰωάννης
642 2538 778 2607 φησι
811 2539 941 2608 περὶ
992 2537 1087 2590 τοῦ
1130 2536 1398 2607 Χριστοῦ·
1439 2556 1455 2587 ι
1510 2538 1566 2590 '0
1617 2538 1797 2591 ὀπίσω
1837 2556 1939 2609 μου

344 2626 645 2696 ἐρχόμενος
695 2645 713 2677 ι
755 2625 1079 2695 (τουτέστιν,
1119 2625 1176 2679 ’0
1209 2626 1329 2695 μετ’
1358 2624 1459 2695 ἐμὲ
1499 2625 1904 2695 φανερούμενος
1932 2643 1944 2656 ·

340 2715 404 2768 ὃν
420 2715 580 2776 αὐτὸς
604 2714 838 2785 ἐκήρυξε
866 2714 1131 2779 δηλονότι,
1150 2733 1167 2765 ι
1196 2713 1507 2784 ἔμπροσθέν
1528 2731 1631 2781 μου
1650 2714 1891 2784 γέγονε),
1917 2734 1936 2765 ι

339 2806 592 2859 τουτέστι
625 2805 922 2877 πρωτεύων
959 2809 1099 2858 κατὰ
1121 2805 1221 2875 τὴν
1255 2804 1444 2870 δόξανο
1480 2806 1575 2858 καὶ
1604 2806 1713 2876 γὰρ
1736 2802 1805 2877 ἦν
1850 2808 1944 2860 καὶ

338 2900 399 2950 ἐν
422 2897 654 2967 ὑπάρξει
683 2896 922 2967 πρῶτος,
950 2896 1026 2959 ὼς
1053 2896 1206 2959 Θεός.
1240 2897 1365 2960 Πῶς
1390 2892 1484 2949 οῦν
1510 2898 1629 2966 μετ’
1674 2898 1837 2951 αὐτὸν
1869 2898 1943 2970 [ὁ]

340 2990 452 3060 πρὸ
479 2987 645 3041 αὑτοῦ
703 2991 848 3041 κατὰ
883 2988 1106 3059 χρόνον;
1148 2987 1270 3040 Ὅτι
1299 2987 1430 3051 Θεὸς
1461 2982 1528 3056 ἦν
1554 2990 1582 3041 ό
1619 2989 1816 3056 Λόγος,
1848 2991 1942 3044 καὶ

338 3079 535 3143 γέγονε
589 3076 761 3148 σάρξ·
811 3078 951 3147 ἔχων
983 3076 1083 3147 μὲν
1114 3077 1174 3129 τὸ
1205 3078 1530 3147 πρωτεύειν,
1584 3079 1721 3132 καθὸ
1768 3080 1943 3148 Λόγος

340 3169 461 3221 ἐστι
482 3184 497 3200 ’
547 3168 884 3240 δευτερεύων
921 3169 978 3222 δὲ
1006 3168 1148 3222 κατά
1195 3169 1297 3239 τὴν
1326 3169 1526 3240 σάρκα.
1564 3171 1626 3222 Εἰ
1661 3170 1718 3223 δὲ
1750 3172 1845 3225 καὶ
1874 3173 1939 3225 ἐκ

2051 1993 2369 2061 Unigenitus
2400 1995 2627 2063 proinde
2659 2004 2743 2049 est
2773 2005 2832 2050 ut
2863 1994 3045 2064 Deus;
3079 1999 3471 2069 primogenitus
3503 2012 3634 2053 vero

2044 2091 2264 2154 propter
2292 2099 2509 2139 crucem
2545 2084 2865 2141 humanitus
2895 2098 3231 2156 susceptam.

2113 2175 2352 2231 Joannes
2390 2175 2761 2232 testimonium
2796 2178 3047 2246 perhibet
3079 2180 3143 2231 de
3176 2179 3314 2249 ipso,
3347 2192 3401 2237 et
3434 2185 3636 2240 clamat

2042 2267 2228 2321 dicens
2262 2284 2276 2321 :
2316 2283 2334 2318 t
2376 2264 2473 2322 Hic
2505 2276 2627 2321 erat
2657 2280 2818 2335 quem
2849 2268 2961 2321 dixi
2994 2288 3007 2322 :
3040 2268 3145 2336 Qui
3179 2282 3299 2339 post
3332 2288 3416 2328 me
3441 2284 3637 2331 ventu-

2045 2372 2139 2412 rus
2167 2365 2289 2421 est,
2321 2366 2447 2411 ante
2479 2373 2564 2410 me
2596 2355 2771 2412 factus
2802 2367 2919 2422 est,
2949 2360 3073 2428 quia
3105 2363 3254 2430 prior
3282 2378 3367 2417 me
3398 2375 3537 2421 erat.
3565 2365 3634 2420 Et

2043 2448 2110 2503 de
2128 2447 2460 2516 Plenitudiue
2478 2447 2594 2517 ejus
2614 2464 2711 2503 nos
2729 2464 2919 2504 onmes
2936 2451 3247 2520 accepimus
3264 2452 3331 2507 ¹³.
3358 2473 3376 2505 ι
3399 2455 3635 2512 Joannes

2043 2535 2110 2589 de
2134 2535 2352 2590 Christo
2378 2535 2492 2589 ait:
2524 2554 2543 2588 ι
2578 2536 2681 2601 Qui
2711 2545 2831 2605 post
2858 2552 2943 2591 me
2965 2538 3149 2601 venit,
3183 2557 3201 2589 ι
3237 2540 3341 2594 hoc
3369 2552 3481 2609 est,
3510 2552 3635 2613 post

2045 2636 2132 2678 me
2162 2623 2558 2688 manifestatus,
2586 2639 2745 2693 quem
2775 2624 2985 2679 scilicet
3016 2625 3130 2692 ipse
3160 2629 3496 2696 przezlicavit,
3532 2650 3550 2683 ι
3589 2633 3636 2687 is

2045 2714 2194 2782 prior
2225 2729 2309 2768 me
2339 2722 2440 2778 est,
2485 2733 2503 2765 ι
2540 2715 2642 2768 hoc
2672 2725 2777 2777 est,
2810 2714 3074 2783 dignitate
3101 2728 3152 2770 et
3184 2718 3354 2788 gloria
3389 2735 3472 2775 me
3500 2737 3636 2790 prte-

2043 2815 2153 2858 stat
2194 2823 2206 2857 :
2252 2820 2376 2859 nam
2424 2814 2479 2858 et
2528 2805 2641 2871 ipsa
2689 2821 2905 2873 quoque
2954 2807 3251 2861 exsistendi
3301 2810 3533 2872 ratione.
3579 2822 3637 2867 ut

2044 2892 2207 2961 Deus,
2238 2899 2385 2963 prior
2410 2903 2547 2947 erat.
2580 2895 2862 2961 Quomodo
2890 2911 3017 2964 ergo
3050 2897 3189 2949 idem
3217 2895 3428 2954 Joanne
3484 2902 3635 2969 prior

2041 2996 2095 3041 et
2132 2985 2404 3054 posterior
2438 2986 2736 3039 secundum
2782 2995 2994 3053 tempus
3032 2987 3279 3039 exstitit?
3315 2988 3450 3056 Quia
3484 2989 3625 3045 Ver-

2043 3078 2167 3133 bum
2208 3075 2348 3129 Deus
2384 3085 2524 3139 erat,
2561 3085 2616 3130 et
2659 3074 2858 3129 factum
2898 3085 2983 3130 est
3024 3094 3172 3131 caro.
3215 3078 3372 3134 Prius
3406 3064 3633 3151 proinde

2041 3180 2158 3224 erat
2190 3178 2249 3220 ut
2270 3166 2528 3229 Verbum,
2559 3167 2831 3235 posterius
2859 3182 2987 3220 vero
3019 3179 3077 3221 ιιι
3106 3170 3287 3222 homo.
3312 3169 3398 3235 Et,
3434 3171 3475 3225 si
3506 3187 3629 3226 om-

339 3258 436 3312 τοῦ
458 3259 824 3331 πληρώματος
847 3259 1014 3313 αὐτοῦ
1038 3259 1239 3322 πάντες
1265 3262 1669 3331 μετεσχήκασιν
1717 3263 1766 3313 οἱ
1795 3262 1937 3329 ἅγιοι

2044 3274 2140 3312 nes
2163 3257 2336 3312 sancti
2358 3256 2427 3311 de
2448 3257 2592 3311 illius
2617 3257 2951 3324 plenitudine
2974 3259 3305 3327 hauserunt;
3329 3260 3441 3315 sola
3467 3278 3630 3330 porro

351 3350 584 3421 (πλῆρες
606 3351 664 3405 δὲ
701 3351 861 3422 μόνον
892 3352 1010 3404 ἐστὶ
1054 3350 1116 3404 τὸ
1142 3350 1319 3415 Θεῖον,
1355 3350 1499 3405 καθά
1527 3369 1692 3422 φησιν
1718 3353 1806 3421 διὰ
1842 3353 1941 3423 τῆς

357 3443 581 3497 Ἡσαΐου
609 3443 839 3515 φωνῆς),
875 3443 1079 3517 πρέποι
1110 3442 1178 3497 ἂν
1203 3443 1355 3514 αὐτῷ
1374 3445 1557 3498 τεκαὶ
1586 3445 1734 3516 μόνῳ
1754 3445 1837 3507 τὸ,
1866 3445 1942 3507 ὡς

341 3534 404 3600 ἐξ
430 3535 563 3589 ἰδίου
588 3534 978 3606 πληρώματος,
1004 3534 1199 3589 ἑαυτοῦ
1235 3536 1502 3607 μετόχους
1528 3537 1883 3610 ἀποπληροῦν
1909 3536 1938 3577 ἀ

342 3626 586 3698 ἐτέρους.
618 3627 881 3697 Πὲπραχε
908 3626 966 3680 δὲ
990 3625 1152 3681 τοῦτο
1178 3628 1441 3699 Χριστός.
1497 3623 1592 3692 Εἷς
1638 3627 1749 3699 ἄρα
1792 3627 1941 3681 ἐστὶν

345 3717 474 3782 Υιὸς
509 3718 607 3773 καὶ
636 3717 840 3791 Κύριος
867 3720 897 3772 ὁ
940 3721 1006 3774 ἐκ
1048 3717 1186 3773 Θεοῦ
1222 3720 1401 3789 Λόγος
1444 3721 1739 3792 γενόμενος
1776 3719 1937 3793 σὰρξ,

343 3809 506 3874 αὐτὸς
532 3810 668 3875 Θεός
695 3827 756 3863 τε
783 3809 921 3882 όμοῢ
963 3810 1059 3864 καὶ
1103 3810 1414 3884 ἄνθρωπος.
1456 3813 1612 3881 Ἐχοι
1638 3812 1696 3866 δ’
1727 3812 1795 3866 ἂν
1843 3806 1940 3881 τὴν

340 3900 585 3955 διάνοιαν
615 3902 678 3954 τὸ
720 3900 924 3972 ἐφεξῆς
972 3902 1137 3974 ῥητόν
1160 3918 1176 3933 ο
1235 3920 1255 3955 ι
1298 3894 1471 3966 Οὗτός
1520 3904 1657 3965 ἐστι,
1694 3900 1826 3972 περὶ
1874 3894 1940 3954 οὗ

344 3991 459 4061 ἐγὼ
493 3988 671 4046 εἷπον*
711 3992 922 4047 ὐπίσω
955 4010 1057 4063 μου
1090 3993 1310 4065 ἔρχεται
1352 3992 1513 4064 ἀνὴρ,
1545 3991 1603 4057 ὃς
1629 3990 1941 4063 ἔμπροσθέν

348 4100 454 4153 μου
480 4083 728 4153 γέγονεν,
754 4084 839 4138 ὅτι
878 4083 1097 4155 πρῶτός
1135 4100 1239 4156 μου
1264 4078 1354 4156 ἦν.
1389 4100 1408 4136 ι
1457 4082 1593 4137 Ἰδοὺ
1620 4082 1729 4153 γὰρ
1768 4081 1939 4150 ἄνδρα

343 4170 521 4241 λέγων
548 4173 732 4238 αὑτὸν,
761 4172 856 4226 καὶ
875 4172 1174 4244 ἐρχόμενον
1198 4172 1398 4240 ὀπίσω,
1422 4172 1637 4245 πρῶτον
1666 4167 1805 4226 εἶναί
1835 4189 1937 4241 φη-

347 4280 433 4317 σιν
455 4262 532 4326 ὡς
565 4262 735 4317 Θεόν·
774 4281 795 4316 ι
843 4263 933 4317 Ἐν
962 4264 1105 4336 ἀρχῇ
1135 4263 1247 4335 γὰρ
1275 4259 1344 4334 ἦν
1385 4265 1415 4317 ό
1451 4264 1643 4332 Λόγος,
1676 4264 1770 4316 καὶ
1805 4262 1937 4327 Θεὸς

343 4351 413 4426 ἦν
443 4355 471 4407 ὁ
496 4355 689 4423 Λόγος.
714 4376 734 4411 ι

424 4465 441 4497 ι
480 4446 589 4498 Καὶ
633 4444 1017 4517 ἐμαρτύρησεν
1058 4445 1314 4516 Ἰωάννης
1363 4445 1561 4514 λέγων,
1611 4446 1692 4499 ὃτι
1733 4443 1934 4498 Τεθέας

351 4555 449 4606 μαι
475 4538 536 4589 τὸ
563 4536 791 4606 Πνεῦμα
844 4536 1180 4590 καταϐαῖνον
1213 4536 1347 4589 ὡσεὶ
1392 4535 1723 4607 περιστερὰν
1757 4535 1818 4600 ἐξ
1844 4537 1936 4589 οῦ-

350 4627 537 4698 ρανοῦ,
569 4629 660 4681 καὶ
701 4627 862 4698 μένον
896 4628 982 4681 ἐπ’
1010 4627 1174 4682 αὐτόν
1195 4644 1209 4660 ’
1241 4627 1397 4696 κάγὼ
1427 4628 1482 4680 δὲ
1524 4628 1624 4681 οὐκ
1656 4627 1801 4697 ᾔδειν
1835 4629 1933 4680 αὐ-

340 4722 473 4773 τόν·
526 4719 639 4771 ἀλλ’
671 4722 699 4773 ό
728 4718 954 4789 πέμψας
1012 4736 1079 4789 με
1121 4706 1490 4789 βαπτίζεινήέν
1526 4717 1701 4779 ὕδατι,
1729 4720 1936 4783 ἐκεῖνός

350 4829 441 4883 μοι
491 4806 674 4865 εἶπεν·
712 4809 828 4879 Ἐφ’
854 4810 917 4873 ὃν¹
955 4810 1021 4864 ἂν
1047 4810 1163 4881 ἴδῃς
1207 4809 1268 4863 τὸ
1311 4809 1534 4879 Πνεῦμα
1583 4808 1932 4870 καταϐαῖνον,

347 4905 446 4956 καὶ
478 4904 635 4973 μένον
664 4902 754 4956 ἐπ’
783 4901 968 4966 αὑτὸν,
1008 4896 1163 4962 οὗτός
1208 4901 1356 4955 ἐστιν
1382 4903 1412 4954 ό
1446 4900 1724 4981 βαπτίζων
1772 4901 1830 4952 ἐν
1857 4900 1934 4970 τῷ

346 4992 628 5063 Πνεύματι
675 4993 755 5063 τῷ
802 4993 962 5063 ἁγίῳ.
998 4992 1170 5060 Κάγὼ
1219 4991 1463 5063 ἑώρακα,
1508 4992 1603 5046 καὶ
1655 4992 1937 5062 μεμαρτύ-

352 5100 495 5155 ρηκα
526 5085 609 5137 ὅτι
638 5079 791 5145 οὗτός
812 5085 961 5137 ἐστιν
990 5085 1015 5137 ό
1046 5084 1174 5147 Υἱὸς
1203 5083 1298 5136 τοῦ
1324 5082 1479 5136 Θεοῦ.
1521 5101 1539 5133 ›
1579 5084 1718 5153 Ὅρα
1748 5080 1937 5150 σαφῶς

345 5193 407 5229 τε
439 5176 533 5228 καὶ
565 5176 810 5246 ἐναργῶς
838 5179 896 5228 ἐν
927 5177 1138 5238 τούτοις
1167 5175 1261 5229 τὸν
1291 5174 1496 5245 Κύριον
1525 5173 1683 5246 ήμῶν
1729 5173 1935 5245 Ἰησοῦν

348 5265 441 5319 τὸν
470 5265 726 5335 Χριστὸν,
752 5264 1041 5337 δεχόμενον
1074 5267 1173 5336 μὲν
1215 5264 1577 5336 ἀνθρωπίνως
1618 5264 1680 5317 τὸ
1710 5263 1936 5335 Πνεῦμα

346 5356 438 5412 διὰ
465 5358 564 5428 τὴν
597 5358 735 5427 μετὰ
763 5357 965 5428 σαρκὸς
1007 5358 1320 5428 οἰκονομίαν
1364 5356 1645 5427 (πλούσιος
1693 5356 1803 5428 γὰρ
1831 5354 1930 5421 ὣν,

2043 3350 2330 3412 divinitas,
2358 3348 2511 3417 juxta
2544 3347 2696 3401 Isaia:
2731 3362 2916 3403 vocem
2946 3349 3016 3415 ¹⁹,
3047 3351 3295 3405 absolute
3324 3352 3477 3420 plena
3506 3363 3625 3417 est;

2045 3441 2143 3510 ipsi
2175 3438 2272 3495 soli
2303 3440 2577 3504 convenit,
2605 3449 2664 3492 ut
2695 3453 2791 3492 sua
2824 3440 2993 3509 ipsius
3027 3441 3364 3509 plenitudine
3393 3442 3626 3497 aliorum

2044 3532 2239 3602 inopia:
2270 3531 2575 3588 subveniat.
2611 3533 2866 3587 Praestitit
2899 3541 3078 3586 autem
3116 3536 3217 3588 hoc
3249 3534 3423 3603 ipsum
3459 3534 3624 3591 Chri-

2043 3634 2189 3691 stus;
2229 3625 2569 3679 iuearuatum
2610 3623 2788 3691 itaque
2828 3622 2918 3677 Dei
2953 3621 3191 3678 Verbum
3230 3639 3369 3678 unus
3401 3634 3485 3679 est
3522 3622 3630 3678 Do-

2043 3717 2222 3770 minus
2268 3726 2318 3770 et
2372 3714 2579 3781 Filius,
2627 3714 2880 3784 idemque
2932 3712 3071 3768 Deus
3119 3714 3279 3769 simul
3332 3724 3389 3770 et
3439 3717 3626 3769 homo.

2042 3806 2299 3875 Ejusdem
2346 3806 2631 3860 sententiae
2680 3813 2795 3867 est,
2846 3805 2989 3873 quod
3039 3819 3165 3859 mox
3214 3805 3567 3876 sulijungitur
3611 3825 3626 3861 :

2047 3914 2068 3948 ι
2107 3896 2204 3951 Hic
2232 3904 2351 3958 est,
2385 3896 2594 3965 inquit,
2628 3897 2694 3949 de
2727 3909 2835 3964 quo
2866 3894 2974 3949 dixi
3010 3912 3024 3949 :
3060 3893 3188 3950 Post
3222 3910 3308 3950 me
3340 3897 3486 3951 venit
3520 3897 3624 3961 vir,

2037 3988 2130 4057 qui
2161 3996 2289 4041 ante
2321 4001 2406 4041 me
2436 3986 2614 4040 factus
2640 3995 2752 4051 est,
2789 3985 2913 4055 quia
2947 3985 3099 4055 prior
3124 4000 3209 4039 me
3237 3995 3355 4040 erat
3380 3987 3448 4041 ”.
3476 4006 3496 4040 ι
3524 3988 3626 4056 En,

2041 4075 2163 4131 licet
2202 4076 2374 4127 virmn
2417 4084 2606 4139 vocet,
2643 4082 2697 4128 et
2735 4082 2853 4143 post
2890 4088 2951 4128 se
2984 4073 3287 4128 venientem
3327 4075 3624 4145 pradicet,

2037 4169 2335 4222 secundum
2373 4166 2713 4221 divinitatem
2752 4176 2928 4222 tamen
2965 4179 3024 4219 se
3059 4164 3296 4236 priorem
3332 4164 3566 4221 aﬂirmat
3603 4185 3619 4222 :

2043 4277 2062 4310 ι
2100 4256 2154 4311 ln
2188 4257 2456 4327 principio
2482 4256 2629 4310 enim
2663 4265 2784 4310 erat
2804 4253 3037 4309 Verbum
3056 4293 3073 4319 ,
3100 4267 3156 4310 et
3185 4255 3328 4312 Deus
3355 4264 3476 4312 erat
3496 4257 3628 4313 Ver-

2040 4354 2162 4403 bum
2191 4351 2258 4402 “.
2295 4367 2311 4400 ι

2117 4460 2134 4492 ι
2175 4441 2235 4494 Et
2269 4440 2637 4494 testimonium
2667 4439 2943 4506 perhibuit
2965 4437 3208 4496 Joannes
3235 4442 3421 4496 dicens
3447 4460 3460 4495 :
3488 4441 3626 4509 Quia

2038 4532 2146 4587 v-idi
2203 4532 2465 4601 Spiritum
2513 4530 2935 4585 descendentem
2988 4532 3145 4600 quasi
3198 4532 3504 4587 columbam
3557 4535 3625 4585 de

2043 4625 2210 4689 cado,
2253 4633 2305 4676 et
2372 4621 2573 4674 mansit
2631 4635 2795 4691 super
2858 4635 3004 4675 eum.
3066 4621 3131 4676 Et
3176 4637 3276 4692 ego
3320 4623 3626 4678 nesciebam

2042 4731 2166 4771 eum
2196 4735 2209 4770 :
2238 4718 2332 4771 sed
2364 4715 2457 4786 qui
2492 4713 2645 4769 misit
2676 4730 2760 4768 me
2788 4714 3068 4782 baptizare
3102 4715 3151 4769 in
3182 4731 3345 4783 aqua,
3375 4715 3464 4769 ille
3495 4718 3625 4772 mihi

2043 4809 2179 4862 dixit
2205 4826 2217 4861 :
2247 4807 2423 4876 Super
2449 4822 2609 4874 quem
2640 4806 2838 4860 videris
2872 4805 3137 4874 Spiritum
3169 4807 3623 4873 descendentem,

2045 4911 2098 4954 et
2126 4908 2430 4954 manentem
2459 4914 2624 4967 super
2646 4913 2791 4961 eum,
2819 4897 2906 4952 hic
2929 4909 3012 4951 est
3039 4899 3128 4967 qui
3161 4899 3400 4967 baptizat
3426 4898 3476 4952 in
3507 4898 3629 4966 Spi-

2047 4994 2152 5047 ritu
2191 5001 2401 5045 sancto.
2444 4992 2506 5044 Et
2545 5006 2643 5058 ego
2681 4991 2784 5042 vidi
2810 4978 2831 5051 ,’
2863 4999 2916 5043 et
2963 4989 3337 5044 testimonium
3378 4990 3626 5059 perhihui

2044 5082 2174 5152 quia
2205 5092 2287 5135 est
2319 5080 2488 5135 Filius
2521 5080 2612 5133 Dei
2635 5081 2703 5133 ".
2743 5098 2760 5131 ι
2796 5077 2871 5132 Ειι
2907 5088 3197 5146 utrumque
3226 5080 3374 5135 clare
3402 5081 3623 5133 eviden-

2043 5181 2231 5241 terque
2260 5182 2527 5226 assertum
2560 5170 2646 5224 hic
2675 5170 2877 5237 habes;
2908 5186 3100 5240 nempe
3133 5171 3414 5224 Dominum
3438 5169 3623 5224 Jesum

2041 5264 2315 5319 Christum
2366 5269 2584 5330 propter
2628 5261 2810 5317 carnis
2858 5263 3072 5329 quidem
3124 5261 3512 5325 (economiam,
3565 5271 3624 5314 ut

2046 5352 2205 5424 114
2237 5353 2512 5407 hominem
2548 5351 2811 5419 Spiritum
2849 5362 3096 5409 sanctum
3135 5353 3411 5421 accipere,
3448 5352 3625 5420 siqui-

429 5515 473 5547 "
495 5513 649 5568 Joau.
673 5531 709 5578 1,
744 5518 824 5572 Η.
859 5514 900 5546 ⁸⁷
926 5513 1089 5571 Hebr.
1115 5513 1281 5582 II,M.
1336 5514 1379 5546 ¹⁸
1404 5513 1560 5569 Joan.
1585 5530 1623 5578 ι,
1660 5513 1744 5577 i5,
1782 5511 1867 5567 16.
1911 5512 1938 5543 ¹³

2042 5527 2081 5564 ι.
2115 5525 2184 5576 vr,
2216 5510 2269 5564 5.
2325 5509 2368 5538 ²⁰
2389 5505 2543 5563 Joan.
2580 5524 2617 5573 ι,
2649 5507 2738 5562 50.
2776 5505 2994 5563 “Joan.
3028 5525 3065 5575 ι,
3100 5509 3148 5565 1.
3209 5511 3253 5541 ¹¹
3281 5508 3408 5563 ibid.
3438 5506 3623 5564 52-55.

1425 5668 1600 5724 Variae
1634 5669 1893 5724 lectiones
1922 5667 2126 5722 codicis
2163 5664 2526 5735 Seguieriaui.

439 5799 469 5842 δ
501 5802 803 5858 ἀποτελεῖν.
