4076 6424
526 402 658 460 1’515

1549 414 1608 466 S.
1651 409 1921 467 CYRILLI
1964 407 2435 464 ALEXANDRINI
2477 406 2803 464 AiiCillEP.

3640 410 3776 464 1316

522 520 639 573 dein
678 537 697 570 ι
733 534 852 572 cum
884 521 1031 573 dives
1059 530 1221 585 esset,
1255 522 1424 578 nostri
1455 538 1616 579 causa
1650 518 1826 579 factus
1855 534 1936 579 est
1962 540 2089 596 ege-

2197 521 2503 592 ὲπτὼχευσε
2539 522 2605 575 δι’
2650 523 2817 591 ἡμᾶς)
2841 563 2854 583 ,
2890 519 3220 591 βαπτίζοντα
3256 521 3313 574 δὲ
3360 519 3557 585 θεῖκῶς
3596 524 3656 574 ὲν
3697 523 3775 592 τῷ

524 626 624 663 nus
645 610 691 643 ³³
734 629 780 675 ι,
820 621 933 664 tum
977 613 1225 665 eunnlcm
1271 630 1483 668 rursum
1530 626 1783 686 tauquam
1828 617 1992 672 Deum
2037 619 2089 672 in

523 700 727 769 Spiritu
758 714 947 755 sancto
978 703 1243 771 baptisma
1277 707 1548 761 conferre.
1580 710 1648 760 At
1680 709 1730 761 in
1763 723 1962 778 quem,
1992 710 2091 761 oh-

520 806 694 856 secro,
724 794 1011 848 convenire
1040 806 1222 861 queat,
1254 798 1489 865 Spiritus
1520 799 1692 853 sancti
1726 802 1955 868 gratiam
1989 801 2091 854 iiu-

522 885 739 953 pertiri,
785 883 888 938 nisi
932 884 983 937 in
1022 901 1209 937 verum
1253 898 1306 938 et
1352 888 1649 941 naturalem
1695 888 1902 943 Deum?
1942 889 2093 946 Unus

520 994 648 1044 ergo
675 989 755 1031 est
788 977 1057 1041 Christus,
1091 994 1228 1030 unus
1261 977 1450 1042 Filius,
1482 988 1540 1032 ut
1570 980 1905 1050 evangelista
1939 983 2089 1036 testi-

522 1066 736 1120 licatur.

600 1177 616 1208 ι
660 1157 722 1209 Ει
756 1174 887 1227 ego,
926 1157 1127 1223 inquit.
1160 1159 1300 1220 vidi,
1337 1169 1388 1211 et
1430 1160 1800 1213 testimonium
1843 1161 2089 1228 perhibui

521 1248 644 1316 quia
682 1249 767 1300 hic
787 1258 865 1300 est
903 1246 1069 1300 Filius
1112 1247 1201 1300 Dei
1226 1249 1292 1301 ".
1325 1268 1343 1299 ι
1384 1250 1970 1316 Ecquisnamhicerat?
2003 1250 2094 1306 Ille

521 1339 634 1406 ipse
677 1338 879 1405 utique,
920 1354 1076 1404 quem
1122 1340 1336 1404 qni‘lem
1387 1351 1443 1392 ut
1491 1341 1785 1407 hominem,
1830 1341 2091 1411 Spiritum

521 1435 765 1478 sanctum
797 1425 1006 1479 viderat
1035 1430 1373 1494 suscepisse;
1408 1440 1464 1480 ut
1499 1429 1662 1483 Deum
1692 1445 1853 1495 vero,
1886 1433 1937 1485 iu
1970 1433 2094 1501 Spi-

523 1511 628 1566 ri:n
688 1523 877 1567 sancto
913 1516 1189 1582 baptizare
1223 1518 1503 1570 didicerat.

600 1621 619 1653 ι
655 1601 711 1657 Si
746 1614 958 1659 terrena
989 1607 1095 1658 dixi
1124 1608 1298 1667 vobis,
1330 1619 1383 1659 ct
1412 1623 1516 1660 non
1548 1609 1793 1675 creditis,
1820 1612 2093 1678 quomodo

520 1693 565 1747 si
596 1694 785 1748 dixero
812 1696 963 1749 vobis
988 1697 1253 1759 coelestia,
1282 1698 1546 1752 credetis?
1572 1700 1636 1752 Et
1667 1715 1823 1754 nemo
1851 1702 2092 1754 ascendit

520 1783 576 1837 in
603 1784 822 1848 cmlum,
850 1786 949 1839 nisi
981 1787 1070 1855 qui
1104 1789 1380 1841 descendit
1405 1788 1471 1842 de
1498 1789 1637 1842 cmlo
1664 1789 1831 1844 Filius
1859 1791 2093 1846 hominis

522 1874 611 1943 qui
655 1882 738 1929 est
784 1875 835 1927 in
878 1877 1101 1931 uelo".
1147 1895 1166 1928 ι
1215 1877 1495 1943 Quomodo
1536 1880 1816 1934 descendit
1854 1883 1919 1935 de
1957 1883 2096 1937 coelo
2127 1877 2167 1930 Β

521 1964 689 2019 Filius
720 1966 976 2032 hominis,
1007 1967 1274 2035 siqtlidettt
1308 1984 1459 2022 sacra
1499 1969 1586 2023 illa
1618 1986 1745 2026 caro
1772 1987 1839 2027 ex
1870 1974 2096 2029 muliere

523 2067 646 2109 nata
685 2057 798 2111 est?
835 2056 963 2111 Erat
1004 2074 1132 2112 sane
1172 2075 1300 2114 caro
1331 2060 1491 2115 Verbi
1534 2064 1677 2130 quod
1721 2063 1787 2117 de
1828 2065 1965 2119 caelo
2002 2065 2097 2120 de-

522 2148 827 2211 scenderat,
859 2148 1073 2215 propria
1110 2166 1125 2202 :
1160 2164 1296 2202 unus
1330 2161 1415 2203 est
1448 2151 1616 2219 igitur
1644 2153 1892 2209 Christus
1922 2165 1976 2208 et
2008 2155 2097 2209 Fi-

523 2234 641 2288 lius.
667 2238 770 2300 ita,
798 2253 915 2307 quae
938 2238 1101 2293 Verbi
1131 2251 1280 2304 sunt,
1310 2244 1523 2310 propria
1551 2246 1734 2297 carnis
1763 2244 1901 2299 facta
1929 2257 2095 2300 sunt:

520 2340 640 2392 qua:
663 2342 790 2380 vero
815 2329 995 2382 carnis
1022 2337 1167 2395 sunt,
1202 2330 1419 2399 propria
1447 2331 1606 2387 Verbi
1635 2345 1952 2397 evaserunt,
1982 2335 2096 2390 sola

522 2419 723 2483 peccati
756 2419 875 2471 labe
904 2429 1149 2488 excepta.

596 2616 614 2646 ι
650 2595 715 2648 Ει
742 2601 880 2647 sicut
908 2595 1117 2666 Moyses
1144 2596 1407 2650 exultavit
1434 2605 1741 2665 serpentem
1773 2597 1825 2650 in
1855 2597 2095 2662 deserto,

524 2688 595 2739 ita
638 2686 863 2738 exaltari
902 2697 1114 2754 Oportet
1157 2686 1353 2740 Filium
1395 2688 1661 2754 hominis;
1699 2699 1757 2742 ut
1792 2689 1969 2742 omnis
2006 2689 2097 2757 qui

521 2779 696 2831 credit
727 2778 778 2829 in
810 2779 1005 2843 ipsum,
1036 2794 1140 2830 non
1173 2788 1382 2845 pereat,
1412 2779 1504 2831 sed
1535 2779 1729 2832 habeat
1754 2780 1917 2832 vitam
1943 2787 2099 2833 teter-

523 2887 645 2923 nam
666 2871 731 2922 ¹⁶.
768 2889 786 2921 ι
818 2870 1110 2939 Serpentes
1138 2871 1189 2922 in
1220 2871 1436 2925 deserto
1463 2871 1734 2925 morsibus
1761 2871 1900 2925 lilios
1927 2868 2099 2925 Israel

523 2960 849 3015 infestabant
878 2979 889 3013 :
919 2976 1038 3014 mox
1066 2961 1443 3015 universorqu
1473 2961 1734 3017 Dominus
1764 2961 1932 3029 Moysi
1964 2979 2093 3029 prae-

520 3052 651 3117 cipit
685 3061 742 3103 ut
775 3066 979 3105 aeneum
1017 3062 1321 3121 serpentem
1357 3053 1587 3107 sublime
1621 3058 1936 3125 suspendat.
1973 3072 1992 3106 ι
2035 3054 2100 3108 Et

520 3144 647 3207 erit,
679 3142 873 3211 inquit,
907 3142 950 3196 si
989 3144 1263 3197 hominem
1292 3159 1516 3214 serpens
1547 3147 1925 3212 momorderit,
1958 3156 2012 3200 et
2045 3146 2096 3200 in

520 3244 823 3303 serpentem
858 3237 1129 3305 respiciet,
1162 3246 1213 3290 et
1241 3211 1472 3292 vivet".
1507 3257 1526 3290 ι
1560 3238 1762 3309 Ecquid
1793 3241 1934 3294 istud
1965 3240 2096 3294 aeni-
2123 3211 2167 3271 θ

521 3343 643 3396 gina
672 3327 773 3381 sibi
803 3328 943 3380 vult?
973 3327 1079 3381 Cur
1107 3330 1380 3382 sublatum
1413 3340 1719 3399 serpentem
1751 3331 2097 3400 conspicatus

522 3419 630 3471 vita
660 3419 925 3472 donatur?
954 3417 1298 3485 Unigenitutn
1330 3419 1425 3474 Dei
1447 3419 1701 3485 Verbum,
1732 3423 1873 3490 quod
1905 3430 2096 3490 suapte

523 3522 714 3562 natura
746 3512 849 3561 vita
885 3519 962 3562 est
984 3547 1000 3572 ,
1035 3510 1196 3563 homo
1230 3509 1435 3564 factum
1467 3520 1550 3565 est
1580 3511 1684 3580 (est
1717 3521 1897 3565 autem
1933 3512 2094 3564 homo

522 3616 609 3654 res
633 3602 876 3670 quadam
907 3604 1064 3655 noxia
1085 3642 1099 3665 ,
1126 3603 1365 3670 serpenti
1396 3616 1500 3654 non
1532 3600 1819 3672 absimilis)
1845 3618 1861 3654 :
1887 3612 1944 3654 at
1966 3615 2094 3656 vero

523 3693 650 3746 licet
690 3701 747 3744 ut
784 3694 945 3745 homo
982 3694 1137 3747 nobis
1174 3693 1506 3747 assimilatus
1539 3693 1637 3758 sit,
1675 3694 1718 3748 si
1755 3692 1880 3762 quis
1916 3703 2094 3747 tamen

523 3783 578 3839 in
610 3781 759 3837 illum
791 3785 1084 3852 aspexerit,
1123 3798 1295 3840 morte
1325 3785 1571 3854 superior
1597 3785 1797 3839 evadit.
1830 3783 1936 3839 Sed
1966 3786 2095 3855 quid

522 3873 667 3928 aliud
699 3884 801 3940 est,
833 3875 1084 3941 obsecro,
1118 3877 1169 3928 in
1209 3876 1354 3930 illum
1393 3876 1616 3941 intueri,
1646 3891 1809 3944 quam
1845 3876 2096 3931 incarna-

524 3965 685 4018 tionis
729 3966 874 4020 illius
920 3968 1234 4036 mysterium
1280 3976 1474 4022 exacto
1516 3977 1878 4037 accurateque
1927 3966 2093 4020 animi

517 4055 721 4122 judicio
754 4057 1090 4124 expendere?
1125 4056 1236 4110 llac
1274 4071 1508 4126 namque
1541 4056 2007 4121 consideratione,
2040 4064 2096 4110 et.

523 4146 817 4210 malorum,
863 4147 964 4199 hoc
1012 4154 1128 4211 est,
1177 4148 1453 4201 hominum
1502 4147 1908 4202 similitudinem
1954 4148 2097 4202 obti-

524 4251 685 4299 nere,
721 4248 773 4290 et
808 4238 1050 4291 vivilicns
1087 4253 1333 4301 rursum,
1370 4238 1913 4309 serpentinorumque
1946 4254 2094 4293 mor-

527 4342 680 4380 stnnn
716 4337 935 4379 curator
964 4339 1018 4381 et
1056 4327 1373 4396 proﬂigator
1404 4342 1525 4381 esse
1558 4328 2002 4397 deprehenditur,
2037 4337 2097 4382 ut.

2197 613 2337 683 ἁγίῳ
2388 612 2685 681 Πνεῦματι.
2738 612 2856 664 Τίνι
2904 612 3013 682 γὰρ
3061 611 3128 663 ἂν
3174 610 3374 680 πρέποι
3410 611 3472 662 τὸ
3521 613 3777 680 χορηγεῖν

2194 703 2455 757 δύνασθαι
2502 702 2599 774 τὴν
2649 702 2743 755 τοῦ
2791 702 3105 772 Πνεύματος
3157 702 3335 772 χάριν,
3375 702 3514 771 πλὴν
3568 702 3653 755 ὅτι
3698 701 3779 771 τῷ

2195 794 2355 863 φύσει
2402 811 2461 846 τε
2512 794 2605 846 καὶ
2636 792 2849 863 ἀληθῶς
2898 793 3013 845 ὄντι
3041 792 3194 862 Θεῷ;
3240 787 3336 857 Εἷς
3362 788 3457 846 οὖν
3506 792 3612 865 ἄρα
3647 794 3779 864 Χρι-

2195 887 2318 949 στὸς
2348 887 2441 939 καὶ
2475 886 2633 949 Υἱός*
2683 884 2778 937 καὶ
2828 886 3165 955 μαρτυρήσει
3211 884 3384 953 λέγων
3429 885 3459 937 6
3487 884 3777 954 εὐαγγελισ-

2195 979 2348 1048 στής.

2269 1172 2289 1206 ι
2328 1152 2497 1220 Κάγὼ
2562 1155 2812 1225 ἑώρακα,
2859 1155 2955 1207 καὶ
3016 1154 3442 1226 μεμαρτύρηκα,
3480 1156 3562 1209 ὅτι
3620 1149 3780 1219 οὗτός

2195 1246 2529 1310 ὲστινὸΥἱδς
2559 1246 2653 1299 τοῦ
2683 1247 2838 1302 Θεοῦ.
2878 1265 2897 1298 ι
2932 1239 3100 1309 Οὗτος
3128 1245 3210 1311 δὲ,
3244 1250 3427 1311 ποῖος;
3464 1248 3559 1299 ’ον
3586 1246 3781 1299 τεθέα-

2193 1355 2284 1391 ται
2318 1340 2415 1407 μὲν
2464 1338 2820 1409 ἀνθρωπίνως
2868 1339 2929 1391 τὸ
2974 1337 3548 1410 Πνεῦμα-δεχόμενον,
3584 1334 3696 1391 οἶδε
3720 1336 3781 1389 δὲ

2197 1427 2527 1497 βαπτίζοντα
2559 1429 2758 1492 θεῖκῶς
2790 1432 2847 1482 ὲν
2876 1428 2955 1499 τῷ
2986 1431 3125 1499 ἁγίῳ
3156 1430 3452 1499 Πνεῦματι.

2272 1636 2289 1669 ι
2330 1616 2390 1670 Ei
2419 1615 2489 1669 τὰ
2517 1615 2735 1681 ἐπίγεια
2752 1609 2903 1667 εἶπον
2924 1615 3073 1684 ὑμῖν,
3108 1614 3202 1666 καὶ
3235 1614 3296 1666 οὐ
3327 1613 3628 1678 πιστεύετε,
3660 1616 3781 1678 πῶς

2194 1708 2289 1760 ἐὰν
2319 1707 2456 1760 εῐπω
2485 1707 2613 1774 ὑμῖν
2641 1704 2711 1758 τὰ
2740 1705 3058 1773 ἐπουράνια,
3084 1703 3435 1765 πιστεύσετες
3467 1704 3576 1757 Καὶ
3603 1706 3784 1769 οὐδεὶς

2198 1797 2540 1868 ἀναϐέϐηκεν
2570 1798 2650 1859 είς
2678 1797 2768 1848 τὸν
2795 1796 3046 1867 οὐρανὸν,
3079 1797 3127 1848 εἰ
3160 1796 3235 1865 μὴ
3264 1798 3293 1848 6
3322 1796 3386 1848 ὲκ
3413 1795 3509 1848 τοῦ
3543 1797 3778 1866 οὐρανοῦ

2197 1887 2474 1952 καταϐὰς,
2505 1889 2534 1940 6
2566 1887 2695 1949 Tib;
2723 1885 2817 1940 τοῦ
2847 1885 3154 1958 ἀνθρώπου.
3197 1905 3215 1937 ι
3250 1886 3374 1949 Πῶς
3405 1886 3782 1956 καταόέῦηκεν

2199 1982 2263 2033 ἐκ
2291 1979 2384 2032 τοῦ
2415 1978 2646 2050 οὐρανοῦ
2675 1979 2705 2031 6
2747 1978 2875 2042 Υἱὸς
2906 1977 3001 2031 τοῦ
3051 1976 3338 2048 ἀνθρώπου
3357 2017 3371 2041 ,
3435 1977 3613 2031 καίτοι
3677 1978 3782 2047 τῆς

2197 2052 2358 2139 ἁγίας
2390 2070 2595 2141 σαρκὸς
2642 2069 3000 2141 γεννηθείσης
3031 2070 3095 2121 ὲκ
3140 2068 3418 2136 γυναικός.
3452 2068 3593 2121 Ἀλλ’
3646 2069 3781 2124 ἴδιον

2196 2157 2265 2233 ἦν
2293 2162 2355 2214 τὸ
2391 2161 2550 2231 σῶμα
2580 2161 2674 2213 τοῦ
2705 2160 2764 2227 ἐξ
2794 2160 3025 2231 οὐρανοῦ
3056 2160 3556 2229 καταφοιτήσαντος
3578 2162 3777 2228 Λόγου,

2196 2253 2256 2317 ὃς
2285 2253 2379 2306 καὶ
2407 2252 2632 2321 γέγονεν
2663 2253 2790 2316 Υἱὸς
2817 2250 3128 2322 ἀνθρώπου.
3161 2245 3258 2314 Εἷς
3286 2246 3380 2304 οὖν
3410 2250 3517 2321 ἄρα
3545 2251 3781 2321 Χριστὸς

2197 2345 2293 2398 καὶ
2323 2344 2470 2407 Υἱός.
2504 2342 2691 2406 Οὕτως
2720 2343 2827 2396 ῐδια
2860 2344 2958 2413 μὲν
2998 2343 3098 2413 τῆς
3141 2341 3341 2412 σαρκὸς
3368 2343 3438 2395 τὰ
3479 2340 3574 2395 τοῦ
3604 2342 3780 2410 Λόγου

2196 2434 2440 2501 γέγονεν,
2472 2434 2578 2486 ἴδια
2606 2433 2664 2485 δὲ
2693 2431 2789 2485 τοῦ
2832 2432 3006 2500 Λόγον
3034 2432 3104 2485 τὰ
3133 2432 3234 2502 τῆς
3263 2431 3488 2502 σαρκὸς,
3515 2432 3640 2502 δίχα
3684 2433 3783 2501 μό-

2201 2540 2298 2595 νης
2330 2524 2622 2594 ἁμαρτίας.
3720 2562 3725 2563 κ

2274 2634 2295 2668 ι
2333 2615 2441 2668 Καὶ
2467 2612 2645 2675 καθὼς
2676 2613 2879 2679 Μωσῆς
2911 2612 3090 2682 ῦψωσε
3112 2613 3204 2666 τὸν
3234 2612 3358 2681 ὅφιν
3387 2615 3443 2667 ὲν
3467 2615 3532 2685 τῇ
3564 2615 3777 2685 ἐρήμῳ,

2198 2706 2371 2770 οὔτως
2395 2705 2676 2774 ὑψωθῆναι
2705 2705 2787 2757 δεῖ
2812 2706 2904 2757 τὸν
2926 2705 3054 2757 Υἱὸν
3083 2708 3177 2756 τοῦ
3206 2702 3494 2775 ἀνθρώπου
3519 2720 3532 2732 ·
3556 2704 3644 2756 ἴνα
3672 2705 3782 2768 πᾶς

2198 2796 2516 2849 ὀπιστεύων
2548 2796 2633 2848 ἐπ’
2672 2795 2834 2847 αὑτὸν
2869 2793 2949 2835 ε-ῐ
2984 2794 3082 2865 ἔχη
3117 2794 3261 2865 ζωὴν
3286 2794 3524 2847 αἰώνιον.
3564 2811 3585 2844 ι
3619 2793 3783 2847 125a-

2199 2902 2325 2937 κνον
2365 2887 2491 2947 τοὺς
2540 2883 2600 2950 ἐξ
2639 2885 2857 2955 Ἰσραὴλ
2897 2884 3038 2937 κατὰ
3086 2884 3184 2954 τὴν
3236 2885 3443 2954 ἔρημον
3491 2884 3541 2936 οἱ
3588 2882 3777 2951 ὄφειςο

2199 2973 2318 3030 εἶτα
2361 2977 2729 3048 προστέταχεν
2758 2978 2787 3029 6
2828 2976 2937 3028 τῶν
2965 2976 3102 3029 ὅλων
3143 2976 3276 3039 Θεὸς
3319 2974 3398 3045 τῷ
3439 2976 3609 3045 Μωσῇ
3655 2975 3781 3043 ὅφιν

2199 3067 2477 3122 ἀναθεῖναι
2506 3069 2761 3138 χαλκοῦν.
2803 3087 2821 3120 ι
2863 3069 2972 3121 Καὶ
3010 3069 3184 3128 ἔσται,
3235 3069 3418 3137 φησὶν,
3452 3069 3548 3120 ἐὰν
3583 3067 3724 3138 δάκῃ
3752 3069 3783 3121 6

2201 3159 2326 3229 ὄφις
2358 3159 2662 3231 ἄνθρωπον,
2695 3161 2789 3214 καὶ
2824 3160 3072 3231 ἐμϐλέψῃ
3101 3161 3180 3222 εἰς
3210 3160 3300 3212 τὸν
3329 3159 3473 3227 ὄφιν,
3506 3159 3600 3211 καὶ
3628 3158 3786 3228 ζήσε-

2200 3265 2309 3302 ται.
2351 3267 2371 3300 ι
2410 3249 2475 3300 Τί
2502 3250 2680 3303 τοίνυν
2711 3251 2825 3302 ἐστὶ
2853 3250 2914 3303 τὸ
2941 3250 3201 3318 αἷνιγμα;
3236 3249 3332 3301 Διὰ
3352 3249 3403 3301 τί
3433 3248 3491 3301 δὲ
3520 3250 3548 3301 6
3578 3248 3784 3319 ἐνορῶν

2199 3340 2291 3392 τὸν
2310 3339 2432 3408 ὅφιν
2464 3342 2490 3381 ε
2509 3339 2769 3407 abierat;
2797 3340 2917 3411 Ζωὴ
2944 3340 3233 3411 τοιγαροῦν
3248 3341 3390 3394 κατὰ
3411 3339 3572 3409 φύσιν
3602 3339 3783 3409 ὐπάρο

2200 3449 2312 3502 χων
2341 3434 2368 3485 ὁ
2397 3432 2707 3502 Μονογενὴς
2736 3432 2829 3485 τοῦ
2859 3432 2995 3485 Θεοῦ
3027 3433 3219 3500 Λόγος,
3252 3432 3477 3501 γέγονεν
3499 3435 3556 3486 ἐν
3582 3430 3784 3502 ὁμοιώ-

2202 3540 2335 3593 ματι
2363 3521 2441 3592 τῷ
2471 3522 2593 3575 καθ’
2637 3523 2805 3593 ἡμᾶς,
2849 3523 3127 3575 τουτέστιν
3175 3521 3460 3594 ἄνθρωπος
3523 3522 3782 3594 (πονηρὸν

2200 3612 2256 3665 δὲ
2286 3613 2314 3665 6
2342 3612 2648 3683 ἄνθρωπος,
2680 3611 2776 3665 καὶ
2821 3608 2933 3664 οἷον
2972 3614 3001 3665 6
3028 3611 3197 3683 ὃφις)⁶
3225 3612 3339 3665 ἀλλ’
3379 3613 3428 3665 εἰ
3470 3614 3561 3666 καὶ
3589 3615 3781 3680 γέγονε

2201 3701 2323 3755 καθ’
2352 3703 2521 3773 ἡμᾶς,
2559 3702 2613 3754 εῐ
2635 3719 2718 3764 τις
2746 3702 2828 3763 εἰς
2873 3701 3038 3753 αὐτὸν
3081 3702 3202 3765 ἴδοι,
3234 3702 3361 3772 νικᾷ
3406 3704 3497 3755 τὸν
3527 3701 3779 3756 θάνατον.

2200 3789 2266 3843 Τί
2297 3788 2353 3842 δέ
2384 3792 2499 3842 ἐστι
2528 3790 2589 3843 τὸ
2619 3792 2697 3852 εις
2726 3790 2891 3842 αὐτὸν
2924 3789 3075 3853 ἰδεῖν,
3108 3789 3141 3860 ἢ
3172 3790 3254 3843 ὅτι
3287 3791 3501 3852 πάντως
3542 3790 3604 3842 τὸ
3631 3791 3782 3859 ἀκρι-

2201 3880 2311 3943 ϐῶς
2355 3880 2692 3950 κατανοῆσαι
2734 3880 2795 3934 τὸ
2838 3882 2923 3933 ἔπ’
2952 3880 3100 3951 αὐτῷ
3146 3884 3477 3952 μυστήριον;
3510 3881 3644 3935 Τότε
3674 3881 3783 3952 γὰρ
3881 3883 3890 3893 ’

2198 3968 2360 4022 αὒτὸν
2384 3968 2574 4038 ὄψεται
2599 3970 2659 4021 ὲν
2694 3967 2998 4039 ὁμοιώματι
3030 3968 3130 4037 μὲν
3150 3967 3258 4021 τῶν
3310 3968 3584 4039 πονηρῶν,
3628 3986 3784 4023 τουτ-

2196 4060 2344 4114 έστιν
2383 4059 2709 4130 ἀνθρώπων,
2757 4060 3020 4125 ζωοποιὸν
3046 4058 3103 4113 δὲ
3149 4059 3223 4123 ὼς
3256 4060 3408 4124 Θεὸν,
3443 4061 3535 4113 καὶ
3587 4061 3782 4128 ἀφανί-

2196 4151 2357 4216 ζοντα
2392 4152 2463 4206 τὰ
2481 4152 2589 4205 τῶν
2618 4150 2823 4221 νοητῶν
2851 4151 2879 4190 h
2907 4151 3083 4218 ὄφεων
3115 4150 3391 4221 δήγματα.
3427 4146 3519 4213 Εἷς
3555 4147 3649 4204 οῦν
3672 4152 3782 4221 ἄρα

2200 4241 2426 4312 Κύριος,
2456 4238 2551 4294 καὶ
2577 4240 2705 4302 Υἱὸς
2735 4242 2764 4291 6
2784 4238 2967 4302 αὐτὸς,
2996 4238 3089 4292 καὶ
3116 4238 3378 4303 ζωοποιὺς
3400 4240 3476 4303 ὠς
3497 4239 3652 4305 Θεὸς,
3686 4239 3782 4292 καὶ

2196 4332 2257 4385 ὲν
2288 4331 2419 4384 εἴδει
2446 4330 2525 4401 τῷ
2554 4330 2662 4383 τῶν
2688 4329 2938 4400 πονηρῶν
2970 4329 3036 4382 δι’
3060 4329 3393 4400 οἰκονομίαν.

520 4416 682 4470 Deus.
712 4415 860 4470 Unus
891 4416 1070 4485 itaque
1097 4427 1181 4470 est
1208 4415 1490 4481 Dominus,
1519 4426 1573 4470 et
1605 4431 1749 4470 unus
1781 4415 1971 4481 Filius,
1999 4417 2091 4486 qui
2130 4420 2373 4491 quidem,
2416 4430 2477 4475 ut
2507 4418 2648 4474 Deus
2709 4429 2791 4474 est
2816 4458 2832 4484 ,
2861 4418 3109 4474 viviﬂcus
3135 4432 3246 4487 est;
3279 4421 3574 4476 secundum
3604 4422 3783 4478 carnis

518 4522 649 4563 vero
670 4508 1023 4561 mconotniam
1041 4545 1057 4571 ,
1086 4505 1138 4559 in
1166 4506 1429 4560 malorum
1456 4506 1641 4575 specie
1666 4505 1976 4576 spectabilis
2000 4517 2104 4563 est.

599 4621 616 4652 ι
658 4601 852 4666 Pueri,
895 4602 1107 4670 inquit,
1156 4599 1505 4655 Ilcbra'orum
1550 4602 1882 4670 accipientes
1923 4618 2101 4658 ramos

2281 4622 2300 4654 ι
2333 4604 2395 4656 Οἱ
2435 4604 2622 4667 παῖδες
2655 4602 2869 4672 ἔχοντες
2896 4601 2965 4655 τὰ
2995 4600 3121 4670 βαΐα
3149 4600 3259 4656 τῶν
3290 4602 3546 4671 φοινίκων
3566 4644 3581 4668 ,
3618 4602 3779 4671 ἐξῆλ-

521 4695 839 4763 palmarum,
876 4703 1255 4762 processerunt
1292 4693 1506 4748 obviam
1544 4695 1614 4759 ei,
1648 4704 1704 4748 et
1736 4694 2044 4749 clamabant
2079 4713 2096 4752 :

522 4787 804 4849 llosanna,
841 4786 1158 4840 benedictus
1193 4787 1283 4855 qui
1323 4786 1470 4840 venit
1504 4785 1557 4840 in
1594 4789 1811 4842 nomine
1849 4788 2095 4851 Domini,

522 4894 612 4932 rex
641 4876 801 4931 Israel
819 4877 884 4931 “.
916 4895 934 4927 ›
971 4875 1129 4946 115
1156 4876 1402 4942 Qualem,
1427 4891 1630 4946 quaso,
1658 4878 1852 4931 divina:
1878 4877 2096 4931 Littera:

521 4970 575 5023 in
627 4969 842 5022 nomine
890 4968 1102 5021 Domini
1150 4977 1434 5023 venturum
1481 4968 1818 5038 praedixere?
1864 4968 1997 5022 Nam
2050 4969 2095 5023 si

518 5074 639 5112 eum
671 5057 761 5126 qui
790 5072 853 5110 ex
888 5071 1041 5111 sacra
1062 5055 1287 5127 Virgine
1315 5070 1472 5113 ortus
1501 5069 1606 5125 est,
1635 5060 1908 5113 hominem
1939 5059 2098 5112 abso-

521 5149 651 5215 lute,
693 5151 783 5204 Dei
812 5149 989 5205 Verbo
1028 5151 1323 5205 secundum
1367 5149 1686 5220 hypostasin
1731 5166 1837 5204 non
1883 5151 2094 5204 unitum

519 5241 754 5296 dixerint
797 5257 811 5294 :
851 5240 1094 5310 profecto
1134 5239 1526 5295 dominationis
1569 5254 1763 5295 nomen
1808 5254 2096 5293 commune

470 5384 478 5391 .
521 5331 619 5400 ipsi
661 5331 941 5386 nobiscum
976 5331 1112 5397 erit;
1158 5343 1332 5399 neque
1367 5329 1660 5398 quidquam
1706 5328 1807 5384 liae
1848 5330 2092 5395 ratione,

587 5487 634 5520 “
652 5488 699 5542 ll
727 5488 852 5544 Cor.
889 5504 1007 5557 vni,
1030 5488 1087 5544 9.
1158 5486 1205 5518 ”
1223 5485 1379 5542 Joan.
1410 5501 1450 5553 ι,
1480 5485 1566 5540 54.
1646 5482 1864 5539 "Joan.
1894 5502 1985 5550 ιιι,
2020 5484 2105 5551 12,
2139 5485 2225 5539 15.

2206 4695 2300 4746 θον
2325 4696 2405 4755 εἰς
2423 4694 2728 4763 ἀπάντησιν
2756 4690 2944 4755 αὑτοῦ,
2960 4693 3116 4763 φησὶ,
3141 4694 3235 4746 καὶ
3260 4692 3491 4763 ἔκραζον
3514 4695 3557 4734 ί·
3593 4694 3783 4746 ὀσαν-

2207 4784 2295 4846 wit,
2359 4784 2724 4854 εὐλογημένος
2772 4786 2801 4837 6
2847 4784 3142 4854 ἐρχόμενρς
3188 4785 3247 4836 ὲν
3296 4785 3518 4854 ὀνόματι
3550 4784 3780 4855 Κυρίου,

2200 4880 2232 4928 6
2263 4875 2514 4944 βασιλεὺς
2535 4875 2629 4928 τοῦ
2662 4875 2902 4945 Ἰσραήλ.
2933 4894 2952 4926 ι
2990 4874 3114 4939 Πῶς
3147 4871 3240 4929 οῦν
3274 4894 3440 4947 φησιν
3475 4879 3533 4931 ὲν
3559 4876 3783 4946 ὀνόματι

2148 4976 2161 5015 ᾖ
2202 4966 2404 5036 Κυρίου
2442 4965 2888 5037 παραγενέσθαιὶ
2928 4966 2990 5019 τὸ
3017 4967 3258 5039 Γράμμα
3286 4968 3347 5020 τὸ
3377 4968 3551 5038 ἱερόν;
3588 4969 3651 5021 Ei
3681 4968 3783 5037 μὲν

2202 5054 2295 5111 οὖν
2319 5056 2395 5119 ὠς
2422 5056 2707 5127 ἄνθρωπον
2743 5056 2925 5119 ιδικῶς
2949 5056 3039 5109 τὸν
3064 5059 3129 5109 ἐκ
3160 5058 3259 5127 τῆς
3289 5057 3449 5125 ἁγίας
3481 5057 3783 5129 Παρθένου,

2203 5148 2278 5219 μὴ
2302 5147 2592 5211 ἐνωθέντος
2621 5147 2771 5216 αὐτῷ
2804 5148 2924 5201 καθ’
2952 5147 3248 5201 ὑπόστασιν
3275 5147 3368 5200 τοῦ
3414 5147 3549 5201 Θεοῦ
3579 5147 3780 5214 Λόγου,

2202 5238 2381 5293 κοινὸν
2411 5237 2564 5293 ἔσται
2589 5238 2652 5291 τὸ
2676 5238 2777 5308 τῆς
2799 5238 3121 5309 κυριότητος
3148 5238 3319 5309 ὄνομα
3341 5237 3490 5309 αὑτῷ
3516 5238 3660 5292 καθὰ
3687 5240 3784 5292 καὶ

2198 5332 2351 5400 ἡμῖν,
2383 5331 2478 5384 καὶ
2509 5329 2662 5382 οὐδὲν
2693 5330 2787 5382 ἐπὶ
2823 5330 3063 5399 Χριστοῦ
3093 5329 3154 5382 τὸ
3189 5329 3361 5398 μέγα·
3392 5330 3441 5381 εἰ
3472 5329 3530 5382 δὲ
3562 5329 3639 5391 ὡς
3670 5328 3785 5383 Κύ-

2330 5485 2524 5540 "ibid.
2551 5483 2640 5539 ﬂ.
2732 5485 2775 5515 "
2799 5482 2960 5538 Nunt.
2995 5498 3108 5549 ιιι,
3139 5484 3193 5539 8.
3311 5484 3356 5517 ⁸⁸
3377 5482 3538 5543 Joan.
3560 5500 3663 5552 xu,
3693 5484 3780 5541 l3.

1581 5634 1760 5690 Varia:
1792 5635 2049 5721 lectiones
2079 5636 2286 5692 codicis
2326 5635 2693 5708 Seguieriani.

593 5771 679 5811 ⁸-τ
713 5773 789 5827 εις
812 5775 995 5836 αὐτόν.
1029 5774 1162 5831 Tvell
1185 5777 1242 5832 ὲν
1272 5775 1441 5831 αὐτῶ.
1519 5776 1544 5815 ⁸
1571 5773 1647 5844 τῷ
1675 5774 1818 5843 ὄφει.
1893 5775 1919 5814 ιι
1953 5776 2223 5850 πονηρῶν.
2306 5776 2321 5816 ί
2362 5774 2720 5846 ἐκραύγαζον.
2802 5772 2816 5823 ι
2856 5775 3352 5847 παραγενήσεσθαι.
3388 5742 3401 5745 μ
