4076 6462
453 466 587 521 1317

1544 460 1634 515 DE
1673 456 1897 517 RECTA
1941 453 2099 510 FIDE
2139 453 2228 507 AD
2269 452 2588 509 REGINAS.
3566 454 3703 509 1518

456 595 568 649 ρος
595 577 811 648 ἀληθῶς
862 577 1010 648 ἥξειν
1055 575 1555 649 πῳαπηγγέλλετο,
1584 575 1720 644 ὅπερ
1767 571 1885 624 ἐστὶ
1939 571 2033 622 καὶ

2145 569 2280 636 quod
2310 569 2379 621 sit
2409 569 2688 629 eximium,
2718 567 2935 621 Christo
2966 568 3312 622 attribuetur.
3347 566 3401 619 Si
3434 583 3558 620 vero
3588 581 3706 617 tm.-

455 665 651 735 ἁληθὲς
701 670 716 727 (
746 666 966 736 ἐλήλυθε
999 668 1106 737 γὰρ
1138 668 1199 719 οὐ
1226 667 1348 735 δίχα
1381 664 1581 735 σαρκὸς
1632 663 1712 725 είς
1742 661 1890 713 τόνδε
1938 658 2029 711 τὸν

2145 672 2291 727 luam
2320 672 2480 712 verus
2514 657 2771 713 Dominus
2794 669 3054 712 venturus
3083 659 3480 726 praenuntiatus
3512 669 3617 723 est,
3648 672 3708 710 ιιι

457 758 659 825 κόσμον
686 759 715 809 6
741 758 1073 826 Μονογενής)
1099 775 1111 787 ·
1134 752 1213 820 εἷς
1241 757 1349 826 ἄρα
1375 755 1490 807 ἐστὶ
1519 753 1679 821 φύσει
1700 752 1794 806 καὶ
1813 749 2030 822 ἀληθῶς

458 847 679 918 Κύριος,
721 849 816 900 καὶ
850 848 1105 918 Χριστὸς,
1136 848 1229 899 καὶ
1260 846 1407 908 Υἱός.

536 1131 554 1162 ι
581 1111 693 1166 Καὶ
736 1111 876 1179 ὑπὲρ
909 1108 1086 1164 αὐτῶν
1118 1108 1231 1177 ἐγὼ
1275 1107 1491 1177 ἁγιάζω
1521 1109 1778 1178 ἐμαυτὸν,
1810 1108 1898 1161 ῐνα
1931 1101 2035 1160 ὦσι

460 1204 553 1261 καὶ
580 1201 734 1253 αὐτοὶ
767 1201 1087 1270 ἡγιασμένοι
1129 1201 1190 1252 ἐν
1230 1199 1479 1271 ἀληθεία.
1513 1218 1532 1251 ι
1566 1199 1791 1252 Ἑαυτὸν
1819 1198 2036 1266 ἁγιάζει

431 1274 843 1362 ’Χριστός.Ἀρ’
871 1291 943 1353 ὡς
971 1289 1255 1360 ἄνθρωπος
1276 1329 1292 1355 ,
1330 1291 1364 1361 ἢ
1396 1290 1478 1343 δτι
1520 1290 1721 1359 μᾶλλον
1749 1288 1883 1351 Θεός
1920 1289 2038 1341 ἐστι

462 1380 603 1433 κατὰ
634 1378 816 1448 φύσιν,
855 1378 983 1457 ίδιον
1009 1379 1148 1447 έχων
1181 1378 1244 1431 τὸ
1292 1377 1517 1449 Πνεῦμα
1553 1378 1615 1431 τὸ
1641 1378 1824 1447 ἆγιον;
1859 1377 2038 1447 Ὅπερ

460 1471 578 1523 ἐστὶ
611 1471 706 1522 καὶ
729 1468 947 1537 ἀληθές.
996 1469 1222 1532 Οὐδενὸς
1255 1468 1546 1540 τοιγαροῦν
1573 1465 1875 1539 ἀνθρώπων
1908 1468 2037 1519 έαυ-

460 1563 552 1616 τὸν
602 1562 939 1630 ἁγιάζοντος.
977 1562 1168 1614 ἑαυτὸν
1216 1562 1433 1630 ἁγιάζει
1478 1561 1734 1632 Χριστός.
1784 1554 1878 1622 Εἷς
1931 1559 2038 1630 ἄρα

462 1652 609 1705 ἐστὶν
632 1652 757 1714 Υἱὸς
779 1653 872 1705 καὶ
894 1651 1116 1721 Κύριος,
1147 1653 1504 1722 ἁγιαζόμενος
1530 1651 1627 1721 μὲν
1660 1650 2037 1722 ἀνθρωπίνως,

461 1742 701 1810 ἁγιάζων
758 1741 816 1795 δὲ
866 1741 1061 1805 θεῖκῶς
1114 1741 1193 1811 τῷ
1241 1742 1354 1813 ἰδίῳ
1404 1741 1680 1813 Πνεύματι
1722 1743 1814 1796 τὸν
1845 1738 2039 1795 ἑαυτοῦ

464 1832 607 1883 ναόν;

2135 762 2318 801 revera
2357 749 2748 816 praenuntiatus
2781 757 2863 803 est
2896 749 3077 816 (venit
3110 749 3253 803 enim
3292 746 3619 817 Uuigenitus
3647 748 3707 802 in

2134 837 2276 891 hunc
2317 841 2573 891 mundum
2616 854 2720 891 non
2759 839 2960 908 absque
2998 838 3221 908 carne);
3249 855 3386 892 unus
3423 854 3549 905 ergo
3590 854 3711 891 mn-

2135 925 2262 978 nino
2296 937 2487 979 natura
2523 936 2576 980 et
2611 927 2836 980 veritate
2874 927 3150 992 Dominus,
3175 938 3226 981 et
3248 926 3589 993 Christus,et
3623 925 3713 980 Fi-

2135 1015 2239 1070 lius
2267 1016 2390 1070 erit.

2212 1126 2230 1158 ι
2274 1107 2341 1161 Ει
2380 1123 2478 1176 pro
2511 1108 2590 1165 eis
2625 1123 2724 1179 ego
2759 1109 3043 1164 sanctifico
3080 1111 3342 1179 nteipsuvu
3366 1150 3381 1175 ,
3419 1120 3475 1164 nt
3512 1111 3617 1163 sint
3657 1118 3713 1163 et.

2138 1199 2238 1267 ipsi
2270 1198 2592 1254 sanetiiicati
2627 1201 2678 1253 in
2711 1202 2937 1255 veritate
2959 1202 3026 1254 ".
3062 1221 3082 1253 ι
3120 1200 3370 1270 Seipsnm
3403 1201 3714 1255 sant'tiGCat

2137 1286 2388 1342 Christus
2416 1306 2430 1342 :
2460 1289 2554 1343 sed
2587 1292 2826 1360 nunquid
2857 1301 2914 1344 ut
2945 1292 3141 1346 homo?
3168 1307 3234 1345 au
3267 1307 3396 1346 vero
3425 1301 3483 1345 ut
3513 1303 3706 1345 natura

2140 1376 2281 1433 Deus
2301 1378 2562 1448 Spiritum
2583 1392 2832 1435 sanctum
2856 1390 3110 1451 tanquam
3130 1382 3406 1450 proprium
3426 1382 3715 1437 obtinens?

2139 1468 2302 1524 Certe
2325 1481 2379 1523 ut
2409 1471 2566 1525 Deus.
2594 1469 2750 1524 Nullo
2779 1473 2958 1541 itaque
2986 1473 3295 1526 mortalium
3321 1472 3559 1541 seipsum
3588 1487 3717 1527 san-

2140 1563 2434 1626 ctiﬁcante,
2484 1562 2630 1616 solus
2677 1562 2925 1617 Christus
2976 1564 3328 1631 semetipsum
3388 1562 3713 1617 sanetii‘teat.

2143 1650 2294 1706 Unus
2320 1664 2401 1706 est
2433 1668 2561 1723 ergo
2593 1653 2851 1706 Dominus
2882 1663 2934 1707 et
2962 1652 3162 1720 Filius;
3190 1653 3564 1707 sanctificatus
3592 1653 3714 1723 qui-

2142 1743 2262 1797 dem
2305 1754 2361 1796 ut
2405 1743 2587 1807 homo,
2624 1759 2779 1798 suum
2814 1759 2943 1799 vero
2985 1744 3153 1813 ipsius
3197 1745 3450 1813 templum
3496 1745 3717 1814 proprio

2143 1847 2241 1886 suo
2269 1831 2473 1900 Spiritu
2506 1833 2854 1887 sanctiﬁcante
2884 1843 2942 1887 ut
2972 1833 3134 1888 Deus.

538 1942 555 1972 ι
590 1921 765 1974 Πολλὰ
795 1922 891 1991 μὲν
923 1915 1015 1974 οὖν
1052 1921 1143 1973 καὶ
1176 1920 1311 1975 ἄλλα
1340 1923 1542 1991 σημεῖα
1575 1919 1831 1991 ἐποίησεν
1870 1919 1898 1971 6
1934 1920 2040 1989 ἰη-

2166 1994 2170 1997 Δ
2218 1941 2237 1973 ι
2276 1922 2445 1976 Multa
2480 1923 2696 1991 quidem
2731 1933 2786 1977 et
2819 1923 2926 1977 alia
2962 1924 3113 1992 signa
3154 1920 3279 1976 fecit
3309 1921 3465 1977 Jesus
3500 1925 3552 1976 in
3587 1937 3718 1978 con-

463 2012 589 2076 σοῦς
633 2013 863 2065 ἐνώπιον
908 2011 1015 2066 τῶν
1061 2010 1322 2083 μαθητῶν
1352 2011 1537 2075 αὐτοῦ,
1566 2010 1603 2065 ἃ
1640 2012 1741 2064 οὐκ
1781 2009 1896 2063 ἐστι
1943 2027 2036 2080 γε-

460 2103 759 2173 γραμμένα
785 2103 844 2154 ἐν
874 2101 954 2172 τῷ
985 2101 1172 2173 βιϐλίῳ
1196 2100 1392 2179 τούτῳ.
1415 2099 1600 2154 Ταῦτα
1627 2101 1684 2154 δὲ
1711 2100 2038 2171 γέγραπται,

462 2193 550 2243 ἴνα
597 2190 926 2260 πιστεύσητε
973 2190 1057 2243 ὅτι
1090 2187 1297 2259 Ἰησοῦς
1329 2189 1478 2240 ἐστιν
1525 2188 1554 2239 6
1588 2185 1822 2259 Χριστὸς
1854 2186 1883 2238 6
1912 2185 2037 2248 Υἱὸς

461 2282 555 2336 τοῦ
600 2281 735 2335 Θεοῦ
759 2298 774 2312 ·
823 2283 917 2334 καὶ
971 2282 1057 2333 ἵνα
1104 2279 1472 2343 πιστεύοντες,
1498 2277 1643 2348 ζωὴν
1689 2277 1846 2347 ἔχητε
1878 2278 1935 2330 ὲν
1965 2276 2041 2346 τῷ

462 2374 684 2441 ὀνόματι
710 2358 892 2427 αὑτοῦ.
925 2393 943 2425 ι
962 2374 1022 2427 ’0
1047 2374 1110 2425 ὲκ
1138 2375 1237 2442 τῆς
1262 2372 1424 2440 ἁγίας
1456 2368 1733 2442 Παρθένου
1780 2385 2038 2439 γεγεννη-

467 2466 627 2535 μένος
668 2465 1034 2536 Ὲμμανουὴλ,
1071 2465 1158 2518 διὰ
1186 2465 1286 2535 τῆς
1311 2462 1406 2516 τοῦ
1434 2460 1762 2531 Εὐαγγελίου
1786 2460 1821 2498 ἵ
1860 2460 2043 2530 φωνῆς

477 2552 679 2622 Ἰησοῦς
713 2553 1184 2623 ὠνόμασται.“οτε
1218 2552 1399 2605 τοίνυν
1430 2551 1593 2614 αὑτός
1623 2551 1760 2614 ἐστι,
1811 2550 1904 2602 καὶ
1945 2549 2044 2619 οὐχ

464 2643 669 2713 ἕτερος,
707 2643 832 2706 Υἱὸς
878 2642 972 2696 τοῦ
1017 2642 1174 2708 Θεοῦ,
1205 2642 1299 2695 κα)⁸
1345 2643 1374 2694 6
1419 2639 1692 2694 πιστεύων
1734 2638 1848 2709 ἔχει
1899 2636 2044 2709 ζωὴν

466 2731 684 2785 αἰώνιον
723 2733 780 2784 ὲν
812 2731 890 2801 τῷ
934 2731 1159 2801 ὀνόματι
1193 2728 1381 2783 αὐτοῦ·
1420 2729 1535 2793 πῶς
1564 2728 1624 2782 ού
1657 2730 1964 2799 μεμήνασιν
1993 2729 2044 2780 οῖ

464 2822 811 2893 διορίζοντες,
837 2823 931 2875 καὶ¹
966 2823 1289 2889 φάσκοντες,
1321 2822 1507 2892 ἕτερον
1529 2819 1657 2872 Υίδν
1679 2814 1819 2873 εἶναι
1848 2818 1938 2872 τὸν
1978 2819 2044 2871 ὲκ

468 2911 603 2965 Θεοῦ
658 2913 851 2981 Λόγον,
881 2912 975 2965 καὶ
1016 2912 1204 2981 ἕτερον
1246 2912 1337 2965 τὸν
1380 2913 1445 2964 ὲκ
1498 2910 1597 2980 τῆς
1636 2910 1795 2978 ἁγίας
1834 2910 2044 2980 Παρθέ-

466 3018 592 3068 νου;
623 3003 871 3057 Φαίνεται
904 3002 1013 3073 γὰρ
1058 3002 1117 3056 ὲν
1160 3001 1371 3064 τούτοις
1423 3001 1452 3052 ό
1506 2996 1894 3069 εὐαγγελιστὴς
1949 2997 2045 3051 καὶ

472 3098 616 3168 μάλα
644 3098 832 3167 σαφῶς
857 3097 952 3150 ἕνα
981 3096 1077 3151 καὶ
1110 3095 1269 3166 μόνον
1293 3094 1386 3148 τὸν
1417 3092 1476 3160 ἐξ
1522 3093 1725 3162 ἀμφοῖν
1756 3089 1914 3153 εἰδὼς
1951 3089 2045 3142 καὶ

470 3188 755 3259 κηρύττων
792 3172 1000 3258 Ἰησοῦν
1028 3186 1286 3258 Χριστὸν,
1310 3184 1557 3239 τουτέστι
1579 3183 1673 3237 τὸν
1698 3185 1764 3236 ὲκ
1785 3182 1919 3235 Θεοῦ
1941 3182 2046 3234 Πα-

466 3280 596 3351 τρδς
623 3280 813 3349 Λόγον,
846 3280 1076 3350 αἵματος
1107 3280 1203 3333 καὶ
1237 3278 1437 3350 σαρκὸς
1476 3277 1911 3348 κεκοινωνηκότα
1943 3293 2045 3329 πα-

471 3372 788 3443 ραπλησίως
814 3373 968 3443 ἡμῖν,
1001 3370 1143 3425 καθὰ
1171 3371 1503 3442 γέγραπται.

698 3482 800 3537 Ἐκ
836 3482 944 3537 τοῦ
981 3482 1132 3536 κατὰ
1168 3480 1413 3536 Λουκᾶν
1443 3480 1833 3551 Εὑαγγελὶου.

548 3614 569 3648 ι
589 3595 840 3664 Ἐγένετο
867 3596 925 3649 δὲ
954 3598 1012 3649 ὲν
1044 3595 1122 3667 τῷ
1146 3592 1287 3649 εἶναι
1313 3596 1510 3658 αὐτοὺς
1535 3595 1669 3658 ἐκεῖ,
1695 3593 2049 3665 ἐπλήσθησαν

474 3684 530 3738 at
557 3684 759 3755 ἡμέραι
786 3684 881 3738 τοῦ
919 3687 1100 3738 τεκεῖν
1128 3684 1301 3755 αὑτήν
1318 3701 1332 3714 ·
1374 3684 1468 3738 καὶ
1493 3683 1646 3737 ἔτεκε
1675 3684 1766 3737 τὸν
1800 3683 1928 3737 Υίδν
1955 3683 2052 3735 αὑ-

473 3772 571 3842 τῆς
617 3772 708 3825 τὸν
741 3772 1104 3843 πρωτότοκον,
1135 3773 1231 3827 καὶ
1284 3773 1709 3844 ἐσπαργάνωσεν
1741 3772 1923 3835 αὐτὸν,
1957 3771 2052 3824 καὶ

473 3862 750 3916 ἀνέκλινεν
798 3863 958 3916 αὐτὸν
1006 3865 1064 3916 ὲν
1108 3865 1175 3934 τῇ
1227 3864 1424 3934 φάτνῃ,
1453 3864 1587 3916 διότι
1616 3865 1715 3916 οὐκ
1757 3859 1826 3933 ἦν
1868 3863 2051 3924 αὐτοῖς

474 3950 638 4015 τόπος
683 3955 740 4005 ἐν
788 3952 866 4023 τῷ
912 3951 1280 4022 καταλύματι.
1315 3953 1483 4007 »Ἕνα
1529 3953 1624 4006 καὶ
1660 3953 1820 4023 μόνον
1863 3951 2052 4005 ἔτεκεν

477 4025 605 4095 Υίδν
649 4041 743 4093 τὸν
780 4041 1126 4112 Ἐμμανουὴλ
1176 4043 1210 4112 ὴ
1261 4042 1393 4110 ἁγία
1443 4041 1753 4112 Παρθένος’
1800 4040 1919 4105 πῶς
1958 4036 2051 4094 οῦν

477 4148 664 4201 φησι,ι
692 4131 798 4184 Τὸν
820 4131 945 4184 Υἱὸν
964 4131 1134 4201 αὐτῆς
1162 4131 1253 4184 τὸν
1282 4130 1627 4202 πρωτότοκον
1649 4147 1664 4193 ;
1689 4148 1707 4181 ι
1727 4130 1803 4183 οὐ
1824 4130 1933 4201 γὰρ
1958 4146 2051 4198 γε-

477 4223 700 4290 γόνασιν
738 4222 914 4293 ἕτεροι
968 4223 1085 4292 μετ’
1114 4222 1297 4287 αὑτὸν,
1336 4222 1613 4292 μεμένηκε
1641 4221 1700 4274 δὲ
1762 4221 2050 4292 παρθένος.

489 4313 942 4383 Ἐπισημαίνεται
973 4314 1153 4367 τοίνυν
1182 4314 1258 4376 ὼς
1294 4316 1359 4367 ὲκ
1383 4315 1481 4384 τῆς
1524 4311 1883 4366 θεοπνεύστου
1914 4314 2052 4383 Γρα-

480 4404 616 4473 φῆς·
649 4389 964 4473 ὠνόμασται
1015 4404 1125 4475 γὰρ
1173 4404 1517 4476 πρωτότοκος
1553 4402 1582 4454 6
1617 4402 1910 4472 μονογενὴς
1957 4402 2051 4455 τοῦ

477 4495 612 4549 Θεοῦ
640 4496 814 4565 Λόγος
834 4512 848 4525 ·
898 4494 1260 4568 κεκοινώνηκε
1292 4495 1397 4566 γὰρ
1448 4494 1676 4563 αἵματος
1706 4493 1800 4544 καὶ
1829 4493 2050 4564 σαρκὸς,

478 4587 575 4639 καὶ
627 4585 1025 4657 παραπλησίως
1075 4588 1207 4656 ἡμῖν
1253 4586 1479 4656 μετέσχε
1511 4584 1619 4637 τῶν
1648 4583 1844 4637 αὐτῶν.
1899 4584 2055 4637 Οῦτω

476 4678 699 4747 γέγονεν
745 4680 804 4731 ὲν
855 4678 1071 4740 πολλοῖς
1117 4676 1368 4745 ἀδελφοῖς
1411 4675 1770 4747 πρωτότοκος.
1806 4673 1952 4744 Πλὴν
1978 4674 2054 4737 ὼς

476 4768 609 4832 Θεὸς
632 4769 1017 4840 προσκυνεῖται
1046 4767 1199 4838 παρά
1227 4785 1285 4820 τε
1309 4768 1465 4839 ἡμῶν
1493 4766 1672 4823 αὐτῶν
1694 4765 1790 4821 καὶ
1814 4765 1918 4819 τῶν
1942 4765 2054 4820 ἄνω

479 4860 829 4929 πνευμάτων.

555 4951 712 5003 «Καὶ
759 4946 903 5015 εἶπε,
957 4950 1110 5020 φησι,
1155 4949 1293 5020 πρὸς
1334 4949 1499 5003 αὑτὸν
1551 4953 1583 5020 ἡ
1639 4953 1820 5022 μήτηρ
1866 4949 2053 5003 αύτοῦο

480 5040 703 5106 Τέκνον,
731 5041 782 5093 τί
808 5044 1071 5111 ἐποίησας
1097 5042 1233 5112 ἡμῖν
1269 5040 1475 5105 οῦτως;
1520 5040 1652 5094 Ἰδοὺ
1687 5044 1714 5094 6
1748 5042 1929 5110 πατήρ
1960 5057 2053 5093 σου

480 5131 577 5184 καί
622 5130 734 5199 ἐγὼ
783 5130 1109 5201 ὀδυνώμενοι
1157 5128 1459 5200 ἐζητοῦμεν
1499 5145 1578 5182 σε.
1610 5129 1719 5182 Καὶ
1765 5124 1886 5183 εἷπε
1917 5130 2054 5201 πρὸς

479 5221 676 5284 αὐτούς
695 5237 708 5250 ·
737 5221 802 5274 Τί
839 5222 921 5275 ὅτι
949 5220 1189 5291 ἐζητεῖτέ
1223 5237 1325 5290 pe;
1350 5220 1448 5272 οὐκ
1481 5220 1656 5273 οἴδατε
1676 5218 1717 5283 ι,
1745 5221 1827 5272 ότι
1861 5222 1916 5271 ὲν
1940 5222 2052 5283 τοῖς

477 5311 573 5368 τοῦ
603 5311 817 5381 Πατρός
849 5328 949 5382 μου
981 5311 1062 5365 δεῖ
1102 5309 1244 5366 εἷναί
1278 5327 1380 5379 με;
1424 5328 1442 5363 ι
1466 5309 1654 5380 Ἀθρει
1686 5310 1749 5381 δὴ
1784 5305 1875 5362 οὖν
1906 5310 2053 5374 ὅπως

555 5467 600 5498 ’³
622 5464 776 5521 Joan.
810 5465 1037 5527 xvtt.i9.
1150 5465 1194 5497 '°
1219 5462 1373 5519 Joan.
1399 5478 1494 5529 xx,
1517 5462 1608 5528 30,
1638 5463 1729 5517 51.

481 5550 605 5602 νιιι,
637 5539 722 5591 19.
801 5536 845 5567 ³⁵
874 5535 1007 5592 Luc.
1037 5550 1098 5599 ιι,
1125 5534 1217 5602 49,
1252 5535 1341 5588 50.
1406 5544 1411 5549 '

1839 5462 1880 5494 ³¹
1906 5462 2040 5517 Luc.
2074 5479 2133 5528 ιι,
2161 5462 2254 5517 21.

2142 2022 2322 2082 spectu
2359 2013 2741 2082 discipulorum
2777 2027 3028 2078 suorum,
3068 2028 3187 2083 qua:
3223 2029 3324 2067 nou
3360 2025 3485 2068 sunt
3516 2015 3717 2082 scripta

2144 2105 2195 2157 in
2235 2103 2371 2158 libro
2412 2105 2532 2158 hoc.
2574 2103 2695 2157 llaec
2734 2114 2914 2158 autem
2956 2104 3158 2173 scripta
3199 2115 3353 2171 sunt,
3392 2106 3719 2175 ut.credatis

2102 2246 2115 2259 η
2143 2195 2264 2262 quia
2299 2193 2455 2248 Jesus
2486 2180 2846 2248 esthristus
2885 2194 3053 2250 Filius
3092 2196 3217 2261 Dei;
3253 2207 3305 2249 et
3342 2207 3397 2249 ut
3431 2199 3720 2250 credentes

2142 2284 2304 2337 vitam
2348 2284 2590 2339 habeatis
2633 2285 2686 2338 in
2730 2286 2947 2338 nomine
2985 2283 3102 2352 ejus
3124 2285 3191 2338 ³ο.
3243 2305 3261 2336 ι
3308 2285 3406 2351 Qui
3454 2301 3518 2340 ex
3562 2300 3715 2340 sacra

2147 2369 2363 2441 Virgine
2411 2383 2568 2427 natus
2612 2382 2695 2426 est
2742 2372 3094 2434 Emmanuel,
3145 2374 3188 2427 is
3232 2390 3362 2427 voce
3410 2375 3720 2444 evangeliea

2145 2461 2444 2529 appellatus
2473 2470 2555 2515 est
2583 2460 2740 2515 Jesus
2763 2461 2828 2513 ³⁸.
2863 2460 2996 2516 Cum
3031 2461 3144 2529 ipse
3173 2477 3325 2531 ergo,
3359 2469 3413 2514 ιιι
3443 2478 3547 2514 ιιυιι
3583 2462 3722 2516 alius

2145 2553 2411 2622 quispiam
2444 2553 2514 2606 sit
2546 2552 2639 2606 Dei
2672 2551 2877 2616 Filius;
2907 2565 2958 2605 et
2989 2553 3078 2622 qui
3113 2553 3165 2605 in
3200 2552 3349 2605 illum
3385 2553 3592 2617 credit,
3628 2569 3722 2607 no-

2148 2646 2291 2698 mine
2334 2642 2572 2711 ejusdem
2624 2643 2788 2694 vitam
2834 2647 3095 2695 atternam
3144 2639 3548 2710 consequatui';
3592 2657 3723 2710 quo-

2147 2735 2305 2789 modo
2349 2750 2453 2787 non
2499 2733 2772 2786 insaniunt
2812 2735 2928 2802 qui,
2959 2732 3222 2786 divisione
3265 2732 3514 2794 inducta,
3560 2733 3722 2786 alium

2147 2826 2237 2881 Dei
2265 2826 2437 2879 Patris
2460 2824 2715 2890 Verbum,
2740 2825 2905 2877 alium
2937 2841 3149 2878 rursum
3179 2824 3324 2877 ilium
3353 2827 3443 2893 qui
3474 2839 3539 2879 ex
3568 2840 3723 2880 sacra

2149 2916 2367 2987 Virgine
2400 2923 2577 2969 ortum
2615 2916 2794 2979 ducit,
2833 2915 3028 2968 Filium
3063 2931 3184 2969 esse
3222 2915 3512 2969 asserunt?
3547 2917 3601 2970 lu
3640 2916 3725 2970 his

2145 3009 2289 3061 enim
2321 3004 2648 3075 evangelista
2681 3021 2844 3057 unum
2878 3005 3050 3059 solum
3080 3002 3263 3059 Jesum
3297 3005 3594 3071 Christum,
3626 3006 3727 3060 hoc

2145 3106 2248 3158 est,
2275 3096 2366 3149 Dei
2397 3095 2575 3149 Patris
2592 3094 2854 3158 Verbum,
2877 3095 3060 3149 carnis
3088 3103 3139 3150 et
3171 3095 3453 3165 sanguinis
3479 3112 3633 3164 a‘que
3659 3112 3724 3150 ac

2149 3199 2247 3239 nos
2294 3186 2587 3240 secundum
2635 3180 2949 3252 Scriptores
3002 3184 3275 3252 particeps
3322 3183 3610 3247 effectum,
3658 3199 3726 3238 ex

2148 3286 2378 3344 utroque
2414 3274 2771 3331 constitutum
2816 3275 3158 3344 apertissime
3197 3274 3444 3345 agnoscit
3485 3285 3540 3329 et
3580 3290 3723 3344 prte-

2147 3364 2317 3423 dicat.

2436 3480 2519 3533 Ea:
2557 3478 2842 3548 Evangelia
2881 3478 3167 3532 secundum
3208 3476 3427 3531 Lucam.

2229 3608 2248 3642 ι
2286 3590 2352 3645 Ει
2380 3589 2576 3645 factum
2605 3599 2708 3654 est,
2735 3606 2858 3645 cum
2888 3598 3072 3644 essent
3097 3588 3195 3651 ibi,
3224 3588 3426 3657 impleti
3457 3596 3583 3641 sunt
3611 3587 3726 3643 dies

2153 3690 2211 3735 ut
2243 3691 2484 3750 pareret,
2518 3690 2572 3736 et
2606 3684 2814 3751 peperit
2849 3680 3042 3734 Filium
3082 3694 3238 3751 suum
3275 3678 3727 3747 primogenitum,

2152 3782 2205 3825 et
2239 3772 2429 3840 pannis
2463 3788 2585 3826 eum
2620 3773 2881 3835 involvit,
2920 3782 2975 3826 et
3014 3748 3299 3825 reclinavit
3337 3771 3391 3822 in
3429 3772 3727 3839 pnesepio,

2152 3863 2275 3930 quia
2311 3878 2415 3915 nou
2448 3874 2568 3917 erat
2597 3863 2682 3918 eis
2716 3863 2865 3917 locus
2898 3864 2951 3917 in
2986 3863 3285 3917 diversorio
3307 3862 3371 3915 “.
3412 3880 3432 3915 ι
3469 3860 3645 3916 Unum
3676 3872 3730 3917 et

2151 3951 2324 4004 solum
2368 3951 2562 4005 Filium
2615 3954 2822 4021 peperit
2867 3952 3027 4021 116
3067 3962 3253 4005 saneta
3291 3951 3487 4021 Virgo,
3533 3968 3727 4021 nempe

2154 4039 2556 4093 Emmanuelem
2597 4059 2609 4094 :
2648 4058 2744 4095 cur
2778 4041 2944 4109 igitur
2974 4041 3168 4108 Filium
3208 4041 3350 4095 illius
3384 4043 3726 4114 primogeni-

2155 4139 2265 4183 tum
2310 4130 2576 4197 appellat?
2621 4130 2802 4199 Neque
2844 4131 2988 4183 enim
3034 4131 3127 4185 ulli
3168 4131 3257 4185 alii
3303 4137 3426 4198 post
3471 4132 3620 4184 illum
3661 4149 3726 4189 ex

2153 4222 2266 4290 ipsa
2305 4222 2412 4275 nali
2450 4234 2577 4276 sunt
2613 4240 2627 4276 :
2666 4233 2928 4293 perpetuo
2963 4237 3197 4293 namque
3238 4222 3327 4276 illa
3362 4223 3727 4294 virginitatem

2152 4315 2515 4368 conservavit.
2563 4312 2913 4381 Signii‘matur
2955 4329 3115 4384 ergo,
3160 4329 3189 4366 a
3238 4328 3393 4368 sacra
3445 4316 3728 4384 Scriptura

2155 4404 2483 4472 unigenitum
2516 4405 2606 4458 Dei
2632 4402 2870 4460 Verbum
2903 4404 2973 4459 ob
3005 4405 3057 4459 id
3093 4405 3515 4474 primogenitum
3546 4407 3731 4476 appel-

2156 4495 2322 4548 latum
2355 4510 2497 4558 esse,
2533 4497 2657 4564 quia
2692 4496 2840 4549 carni
2877 4503 2930 4550 et
2966 4496 3236 4564 sanguini,
3272 4497 3593 4564 caelerisque
3630 4498 3730 4551 hu-

2088 4570 2131 4625 Ῑ)
2159 4586 2334 4640 mauis
2362 4601 2514 4654 teque
2540 4602 2602 4641 ac
2631 4602 2729 4640 nos
2759 4588 3199 4652 communicaus,
3230 4587 3373 4641 inter
3401 4590 3594 4644 multos
3622 4590 3733 4645 fra-

2161 4687 2271 4731 tres
2287 4676 2332 4708 ³³
2353 4678 2639 4746 primatum
2664 4677 2910 4731 sortitqu
2934 4687 3015 4731 est
3034 4676 3101 4732 “.
3125 4677 3256 4732 Cum
3284 4680 3382 4731 hoc
3407 4680 3525 4746 ipso
3551 4689 3729 4734 tamen

2159 4777 2214 4821 et
2251 4783 2279 4822 ιι
2320 4769 2567 4838 supernis
2608 4769 2712 4824 illis
2752 4769 3054 4836 spiritibus,
3092 4780 3148 4824 et
3190 4771 3481 4838 nobisipsis
3516 4786 3734 4842 quoque

2165 4858 2440 4924 adoretur,
2474 4869 2529 4913 et
2561 4870 2618 4913 ut
2649 4859 2791 4914 Deus
2822 4859 3038 4914 colitur.

2242 4967 2261 4999 ι
2284 4947 2367 5003 -Ει
2396 4949 2531 5002 dixit
2562 4960 2733 5004 mater
2757 4952 2873 5019 ejus
2903 4952 2969 5004 ad
3004 4951 3153 5004 illum
3188 4968 3202 5006 :
3234 4951 3370 5019 Fili,
3401 4952 3526 5021 quid
3558 4949 3734 5006 fecisti

2162 5039 2317 5093 nobis
2343 5039 2454 5091 sic?
2482 5040 2618 5095 Ecce
2649 5050 2802 5107 pater
2827 5048 2950 5097 tuus
2973 5053 3030 5097 et
3053 5057 3152 5113 ego
3177 5043 3424 5098 dolentes
3450 5042 3733 5113 quaereba-

2160 5132 2281 5182 mtls
2319 5138 2391 5181 te.
2425 5126 2492 5181 Et
2528 5130 2602 5182 ait
2636 5131 2701 5183 ad
2737 5130 2859 5186 illos
2893 5150 2907 5187 :
2943 5132 3081 5198 Quid
3115 5144 3195 5189 est
3232 5135 3373 5201 quod
3408 5147 3493 5186 me
3526 5147 3735 5201 quaere-

2159 5218 2337 5275 batis?
2363 5217 2720 5285 Nesciebatis,
2748 5223 2873 5288 quia
2904 5223 2956 5276 in
2988 5224 3072 5277 his
3098 5239 3218 5293 quaz
3248 5221 3422 5276 Patris
3455 5223 3558 5276 mei
3585 5230 3731 5289 sunt,
3787 5218 3791 5223 ’

2161 5319 2373 5380 Oportet
2398 5324 2483 5362 me
2518 5326 2636 5365 esse
2656 5312 2738 5366 ³⁸⁶ἒ
2764 5331 2782 5363 ι
2808 5314 2884 5367 En
2910 5315 3178 5382 qtlomodo
3200 5313 3471 5365 caelestem
3499 5311 3734 5382 Patrem,

2367 5463 2411 5495 "
2450 5462 2583 5519 Luc.
2618 5479 2678 5528 ιι,
2706 5462 2758 5528 6,
2795 5464 2849 5519 7.
2958 5462 3004 5494 ³³
3029 5463 3190 5517 Hebr.
3218 5478 3278 5529 ιι,
3316 5463 3400 5518 14.
3504 5464 3549 5497 “
3571 5464 3732 5522 Rom.

1555 5690 1728 5746 Varia:
1767 5688 2024 5745 lectiones
2054 5687 2257 5743 codicis
2277 5688 2629 5758 chuieriani.

560 5829 587 5872 οι
618 5831 783 5895 ισως,
814 5827 1067 5896 ἀγγέλου.
1148 5823 1166 5864 ι
1201 5824 1400 5896 ᾔδειτε.
