4076 6450
413 454 550 511 1519

1401 446 1461 504 S.
1502 444 1775 504 CYRILLI
1816 442 2281 499 ALEXANDRINI
2326 438 2648 498 ARCHIEP.

3508 456 3515 461 ‘
3539 439 3680 496 1520

410 580 567 621 suum
598 564 768 634 ipsius
796 564 1076 634 proprium
1106 560 1318 618 Patrem
1348 563 1609 619 nominat.
1636 560 1704 613 At
1727 558 1986 628 siquidem

2098 557 2228 611 (διον
2273 558 2468 613 ἑαυτοῦ
2500 557 2721 627 Πατέρα
2749 556 2841 611 τὸν
2886 557 2945 610 ἐν
2973 559 3084 621 τοῖς
3122 556 3369 628 οὐρανοῖς
3398 555 3677 626 ὀνομάζει.

410 655 586 708 nudus
614 657 774 709 homo
799 664 937 718 erat,
968 654 1267 723 ciijusmodi
1295 669 1393 709 nos
1415 667 1624 716 sumus,
1651 659 1707 706 et
1732 650 1874 703 aliud
1905 649 1988 703 ni-

410 744 515 811 hil;
548 759 646 798 cur
670 759 773 798 non
807 744 908 798 hac
940 745 1119 812 potius
1146 745 1399 799 oratiouna
1428 758 1558 797 usus
1585 750 1671 796 est
1698 758 1712 793 :
1749 759 1767 790 ι
1803 738 1988 793 Nesci-

412 836 483 889 tis
513 835 656 904 quod
686 835 739 889 in
771 836 855 890 his
880 850 1000 904 qua:
1026 837 1330 890 communis
1358 833 1598 887 omnium
1631 831 1809 887 Patris
1837 842 1985 894 sunt,

408 934 625 995 oportet
663 940 749 980 me
790 925 947 980 esse?
989 945 1008 978 ι
1047 924 1246 981 Verum
1284 926 1432 979 illum
1471 934 1531 977 ut
1567 924 1845 992 pr0prium
1886 921 1986 976 sibi

409 1017 676 1082 vindicat;
706 1018 831 1085 quia
865 1018 1013 1072 solus
1041 1019 1343 1072 secundum
1376 1017 1614 1070 divinam
1647 1023 1895 1068 naturam
1922 1029 1989 1068 ex

411 1109 531 1174 ipso
567 1118 729 1163 natus
762 1119 863 1162 est.
898 1109 1158 1163 Eumdem
1198 1107 1553 1163 nihilominus
1589 1116 1644 1161 et
1684 1107 1845 1160 homo
1876 1104 1987 1173 jam

413 1195 587 1251 factus
616 1198 890 1265 proprium
924 1197 1097 1251 adhuc
1130 1197 1542 1264 naturalemque
1575 1196 1793 1250 retinet.

488 1305 508 1338 ι
549 1288 610 1340 Ει
642 1286 839 1341 factum
873 1299 955 1343 est
976 1327 989 1350 ,
1022 1287 1151 1340 dum
1187 1296 1332 1342 esset
1362 1286 1415 1340 in
1448 1301 1550 1339 una
1584 1286 1866 1340 civitatum
1888 1326 1903 1349 ,
1934 1295 1990 1339 et

411 1386 537 1425 evre
561 1374 642 1425 vir
663 1373 852 1441 plenus
880 1374 1027 1440 lepra
1060 1391 1073 1427 :
1101 1383 1154 1428 et
1177 1375 1366 1429 videns
1391 1374 1598 1438 Jesum,
1625 1382 1679 1428 et
1701 1374 1989 1443 procldcns

412 1465 462 1517 in
492 1462 705 1524 facient,
734 1463 943 1532 rogavit
962 1479 1107 1531 eum,
1133 1465 1353 1521 dicens:
1376 1466 1620 1531 Domine,
1648 1467 1693 1521 si
1713 1469 1813 1534 vis,
1841 1478 1990 1537 p0tes

411 1568 497 1609 me
527 1555 804 1609 unmdare.
839 1554 903 1607 Et
932 1558 1229 1612 extendens
1259 1574 1500 1625 manum,
1532 1558 1707 1630 tetigit
1733 1573 1879 1624 eum,
1908 1560 1991 1613 di-

409 1660 539 1697 cens
573 1661 587 1698 :
622 1641 776 1708 Volo,
820 1650 1082 1701 mundare
1118 1647 1185 1699 “.
1222 1646 1548 1703 iMiraberis
1586 1648 1674 1704 hic
1710 1647 1988 1704 Christum

409 1736 589 1789 divina
624 1736 783 1790 simul
816 1753 881 1791 ac
912 1752 1171 1807 corporea
1202 1738 1403 1794 virtute
1429 1752 1745 1809 operantem
1778 1758 1792 1796 :
1824 1740 1991 1810 siqui-

408 1828 529 1881 dem
558 1828 693 1882 velle
722 1837 841 1883 erat
869 1830 1131 1895 divinum,
1160 1832 1275 1901 ipsa
1304 1845 1433 1885 vero
1462 1846 1654 1887 manus
1685 1834 1986 1903 protensio,

411 1923 730 1976 humanum.
761 1919 911 1977 Unus
943 1923 1125 1992 itaque
1150 1938 1218 1978 ex
1247 1934 1476 1994 utroque
1504 1924 1693 1980 Filius.
1722 1924 1853 1980 Nam
1883 1927 1984 1981 etsi

414 2011 642 2065 Verbum
673 2010 837 2068 fuerit
868 2014 1228 2081 incarnatum,
1254 2016 1423 2070 nihilo
1452 2024 1629 2071 tamen
1658 2018 1831 2072 secius
1860 2032 1983 2071 cum

412 2103 625 2171 propria
654 2118 838 2169 carne,
869 2105 1118 2159 virtutem
1148 2117 1201 2161 et
1235 2107 1345 2177 ipsa
1378 2117 1597 2178 propter
1622 2108 1751 2164 illud
1783 2111 1988 2166 haben-

412 2202 483 2254 te,
516 2202 767 2261 tanquam
803 2193 941 2249 Deus
983 2198 1333 2263 operabatur.

486 2299 505 2333 ι
538 2279 682 2336 Dixit
713 2294 887 2337 autem
914 2285 978 2336 ad
1007 2285 1127 2339 illos
1154 2302 1168 2339 :
1194 2287 1475 2351 Quomodo
1501 2289 1687 2343 dicunt
1714 2287 1985 2344 Christum

410 2386 530 2426 esse
561 2372 723 2424 lilium
762 2373 964 2427 David?
991 2384 1046 2428 et
1076 2376 1191 2443 ipse
1220 2375 1388 2430 David
1421 2379 1552 2432 dicit
1582 2380 1633 2433 in
1668 2379 1807 2433 libro
1834 2378 1986 2432 Psal-

411 2481 617 2521 morum
655 2489 666 2521 :
703 2467 844 2521 Dixit
876 2469 1136 2524 Dominus
1174 2468 1402 2525 Domino
1438 2487 1555 2526 meo
1585 2490 1597 2525 :
1633 2471 1770 2526 Sede
1800 2489 1828 2525 a
1853 2474 1985 2526 dex-

410 2556 513 2611 tris
541 2558 696 2634 nreis,
725 2557 897 2611 donec
924 2573 1117 2625 ponam
1149 2560 1399 2614 inimicos
1426 2570 1546 2614 tuos
1573 2561 1864 2615 scabellum
1894 2576 1987 2631 pe—

409 2648 537 2699 dum
571 2656 808 2700 tuormn.
842 2647 1004 2700 David
1035 2664 1164 2719 ergo
1198 2650 1480 2703 Dominum
1515 2651 1661 2703 illum
1694 2660 1850 2705 vocat
1884 2669 1896 2705 :
1933 2659 1987 2705 et

409 2737 679 2805 quomodo
716 2736 855 2789 lilius
888 2738 1007 2807 ejus
1038 2739 1219 2793 est"?
1257 2759 1275 2790 ι
1309 2741 1479 2795 Audis
1512 2756 1619 2809 quo
1654 2752 1811 2813 pacto
1846 2744 1987 2813 ipse-

410 2836 523 2880 taet
559 2826 809 2880 Christus
850 2826 1087 2895 (tametsi
1126 2843 1188 2883 ex
1236 2829 1443 2883 semine
1482 2829 1652 2885 David
1692 2833 1984 2885 secundum

410 2932 628 2971 carnem
656 2919 919 2987 originem
952 2919 1152 2989 trahat)
1183 2922 1285 2975 hoc
1316 2922 1435 2976 loco
1467 2921 1656 2986 Deum,
1681 2932 1736 2976 et
1766 2921 1982 2989 Filium,

412 3007 572 3078 117
597 3018 650 3060 et
677 3008 958 3063 Dominum
984 3011 1280 3063 secundum
1308 3020 1555 3065 naturam
1582 3026 1641 3067 se
1665 3028 1785 3067 esse
1807 3021 1985 3066 osten-

408 3100 537 3152 dat?
570 3086 885 3152 Dicit'enim
921 3118 934 3153 :
976 3119 995 3151 ι
1034 3100 1089 3154 Si
1126 3100 1346 3155 Davidis
1381 3102 1525 3156 lilius
1557 3112 1662 3168 est,
1693 3119 1790 3157 cur
1822 3103 1984 3157 David

411 3188 693 3244 Dominum
723 3189 872 3244 illum
898 3190 1165 3261 appellat?
1195 3211 1215 3245 ι
1246 3192 1351 3246 Sed
1386 3207 1559 3264 neque
1585 3208 1763 3249 ortum
1792 3209 1985 3250 secun-

2103 647 2243 700 Ἀλλ’
2274 650 2431 719 εἴπερ
2476 644 2544 720 ἧν
2597 649 2880 721 ἄνθρωπος
2931 650 3268 719 καταμόνας,
3301 650 3395 702 καὶ
3434 647 3567 702 αὐτὸ
3611 647 3678 716 δὴ

2087 740 2247 794 τοῦτο
2294 742 2583 811 νοούμενος
2634 741 2755 794 καθ’
2785 741 2956 811 ἡμᾶς,
2993 741 3110 804 πῶς
3167 741 3267 793 οὐκ
3317 739 3426 792 ἔδει
3476 739 3676 810 μᾶλλον

2094 832 2270 884 εἰπεῖν
2295 847 2308 861 ⁸
2337 832 2453 884 Οὐκ
2488 831 2689 903 ⁴ᾔδειτε,
2723 831 2805 884 ὅτι
2852 832 2912 883 ἐν
2936 833 3049 895 τοῖς
3080 830 3174 884 τοῦ
3214 830 3432 883 πάντων
3462 827 3678 900 Πατρδς

2088 919 2231 978 εἷναί
2274 942 2340 994 με
2365 924 2481 988 δεῖς
2526 923 2666 976 Ἀλλ’
2697 924 2829 977 [ὄιον
2871 922 3040 976 αὑτοῦ
3072 924 3308 976 ποιεῖται
3330 938 3342 950 ·
3384 923 3542 991 μόνος
3567 919 3678 990 γάρ

2089 1015 2150 1080 ἐξ
2179 1017 2345 1070 αὐτοῦ
2370 1016 2695 1087 γεγέννηται
2717 1016 2859 1070 κατὰ
2891 1015 3055 1084 φύσιν
3085 1013 3302 1077 θεῖκῶς.
3322 1014 3379 1068 '0
3408 1013 3467 1067 δὲ
3491 1012 3677 1075 αὐτὸς,

2088 1108 2185 1161 καὶ
2217 1107 2501 1179 ἄνθρωπος
2530 1096 2792 1177 γεγονὼς,
2823 1106 2956 1160 ῐδιον
2996 1106 3108 1177 ἔχει
3141 1106 3234 1158 καὶ
3269 1104 3429 1174 φύσει
3458 1103 3681 1175 Πατέρα

2088 1199 2180 1252 τὸν
2206 1198 2369 1253 Θεόν.

2169 1313 2187 1345 ι
2216 1294 2319 1348 Kal
2374 1293 2593 1362 ἐγένετο
2630 1295 2687 1348 ἐν
2739 1291 2818 1363 τῷ
2854 1287 2994 1345 εἶναι
3025 1290 3189 1345 αὐτὸν
3216 1291 3275 1343 ἐν
3308 1290 3408 1360 μιᾷ
3441 1285 3551 1341 τῶν
3581 1281 3679 1339 πύ-

2088 1381 2247 1447 λεων,
2278 1381 2374 1435 καὶ
2434 1380 2544 1434 ἰδοὺ
2590 1382 2730 1452 ἀνὴρ
2783 1381 2997 1451 πλήρης
3023 1379 3230 1451 λέπρας
3251 1393 3267 1407 ⁸
3313 1378 3408 1431 καὶ
3436 1376 3558 1431 ἰδὼν
3584 1376 3679 1429 τὸν

2100 1472 2330 1542 Ἰησοῦν,
2363 1472 2545 1525 πεσὼν
2579 1472 2672 1525 ἐπὶ
2703 1472 3015 1543 πρόσωπον,
3040 1470 3234 1542 ἐδεήθη
3260 1468 3675 1537 αύτοῦ,λέγων’

2089 1562 2282 1634 Κύριε,
2323 1560 2418 1614 ἐὰν
2451 1560 2632 1632 Θὲλῃς,
2660 1560 2883 1615 δύνασαί
2930 1576 2996 1630 με
3023 1560 3338 1630 καθαρίσαι.
3372 1558 3479 1611 Καὶ
3505 1556 3680 1609 ἐκτεί-

2088 1669 2185 1715 νας
2216 1654 2314 1719 τὴν
2342 1654 2498 1723 χεῖρα
2523 1691 2537 1713 ,
2566 1652 2745 1721 ἥψατο
2775 1651 2963 1713 αὐτοῦ,
2995 1651 3193 1718 λέγων’
3237 1649 3407 1714 Θέλω,
3443 1647 3677 1717 καθαρί-

2092 1744 2269 1813 σθητι.
2302 1762 2321 1795 ι
2359 1742 2681 1813 Θαυμάσεις
2729 1744 2788 1797 ἐν
2834 1741 3043 1805 τούτοις
3091 1740 3293 1804 θεῖκῶς
3326 1757 3386 1793 τε
3436 1738 3550 1808 ἅμα
3584 1737 3678 1790 καλ¹

2092 1834 2420 1904 σωματικῶς
2470 1832 2799 1904 ἐνεργοῦντα
2833 1832 3100 1902 Χριστόν·
3146 1832 3327 1885 θεῖκὸν
3363 1831 3462 1902 μὲν
3492 1825 3586 1883 οὖν
3616 1828 3679 1880 τὸ

2020 1905 2063 1960 Β
2094 1926 2288 1989 Θέλειν,
2316 1925 2657 1997 ἀνθρώπινον
2681 1926 2737 1979 δὲ
2767 1925 2826 1978 τὸ
2856 1926 3090 1978 ἐκτεῖναι
3120 1923 3218 1993 τὴν
3250 1925 3428 1993 χεῖρα.
3458 1917 3553 1984 Εἷς
3583 1916 3678 1976 οὖν

2094 2018 2153 2083 ἐξ
2187 2020 2388 2090 ἀμφοῖν
2432 2019 2577 2082 Υἱός.
2608 2019 2670 2072 ΕΞ
2710 2017 2819 2089 γὰρ
2866 2016 2964 2070 καὶ
3011 2016 3199 2085 γέγονε
3234 2014 3371 2087 σάρξ
3415 2016 3444 2067 ὁ
3480 2014 3675 2081 Λόγος,

2092 2109 2207 2162 ἀλλ’
2235 2109 2307 2172 ὡς
2330 2110 2463 2173 Θεὸς
2488 2111 2701 2176 ἐνεργεῖ
2727 2106 2866 2177 μετὰ
2892 2109 2992 2179 τῆς
3018 2106 3154 2171 ιδίας
3183 2106 3408 2177 σαρκὸς,
3444 2104 3677 2175 ἐχούσης

2093 2199 2261 2269 αὐτῆς
2287 2198 2353 2251 δι’
2382 2198 2542 2251 αὐτὸν
2573 2196 2825 2265 δύναμιν.

2171 2308 2190 2340 ι
2218 2284 2352 2343 Εἶπε
2385 2289 2441 2342 δὲ
2475 2288 2608 2359 πρὸς
2646 2287 2843 2350 αὐτούς
2866 2302 2879 2315 ·
2911 2286 3036 2349 Πῶς
3065 2285 3284 2353 λέγουσι
3324 2282 3415 2335 τὸν
3442 2278 3676 2352 Χριστὸν

2095 2377 2235 2433 εἶναι
2277 2379 2392 2432 υἱὸν
2422 2378 2615 2443 Aquis;
2647 2377 2808 2439 αὐτὸς
2840 2376 2947 2446 γὰρ
2975 2376 3002 2428 6
3035 2373 3197 2429 Δαυῒδ
3225 2373 3372 2441 λέγει
3406 2373 3463 2424 ἐν
3488 2368 3676 2439 βιϐλίῳ

2092 2470 2337 2539 Ψαλμῶν
2358 2487 2371 2501 ο
2405 2466 2572 2522 Εἶπεν
2599 2471 2626 2522 6
2654 2466 2859 2538 Κύριος
2888 2465 2967 2536 τῷ
3000 2464 3190 2537 Κυρίῳ
3226 2481 3326 2535 μου
3345 2477 3357 2491 ·
3392 2461 3575 2515 Κάθου
3612 2463 3679 2512 ἐκ

2093 2562 2283 2626 δεξιῶν
2319 2578 2443 2630 μου,
2484 2561 2587 2624 ἕως
2623 2559 2689 2613 ἂν
2724 2558 2801 2611 θῶ
2837 2560 2963 2621 τοὺς
2992 2555 3218 2628 ἐχθρούς
3262 2571 3355 2607 σου
3388 2552 3677 2607 ὑποπόδιον

2092 2652 2203 2705 τῶν
2233 2650 2408 2704 ποδῶν
2449 2666 2564 2703 σου.
2604 2648 2767 2701 Δαυῒδ
2800 2646 2963 2701 αὑτὸν
2990 2645 3196 2717 Κύριον
3222 2643 3395 2708 καλεῖ,
3427 2642 3522 2696 καὶ
3561 2641 3678 2703 πῶς

2094 2742 2220 2805 Υἱὸς
2251 2739 2415 2795 αὑτοῦ
2446 2740 2625 2806 scr-etv;
2660 2756 2678 2790 ι
2718 2737 2964 2799 Ἀκούεις
2989 2736 3138 2797 ὅπως
3164 2738 3222 2787 ἐν
3249 2733 3455 2793 τούτοις
3486 2731 3672 2799 πειρᾶο

2092 2853 2181 2887 ται
2213 2832 2477 2885 δεικνύειν
2512 2830 2674 2894 αὐτὸς
2699 2832 2727 2882 6
2757 2828 3011 2900 Χριστὸς,
3037 2827 3117 2880 ὅτι
3148 2826 3251 2879 κᾶν
3276 2827 3324 2878 εί
3349 2824 3571 2893 γέγονεν
3613 2824 3677 2875 ἑκ

2096 2926 2411 2995 σπέρματος
2441 2920 2603 2975 Δαυῒδ
2641 2922 2669 2974 6
2701 2920 2868 2988 Λόγος
2905 2918 3046 2972 κατὰ
3073 2916 3170 2988 τὴν
3207 2917 3405 2986 σάρκα,
3432 2913 3549 2968 ἀλλ’
3581 2907 3676 2964 οὖν

2093 3020 2210 3070 ἐστι
2243 3017 2335 3068 καὶ
2363 3013 2503 3067 οὕτω
2537 3012 2678 3066 κατὰ
2710 3011 2872 3079 φύσιν
2895 3010 3120 3080 Κύριος,
3144 3009 3218 3072 ὡς
3245 3008 3373 3070 Υἱὸς
3391 3006 3484 3059 καὶ
3504 3004 3672 3069 Θεός;

2101 3128 2119 3161 ι
2151 3107 2213 3161 Εἰ
2252 3108 2360 3176 γὰρ
2389 3106 2475 3177 δὴ,
2509 3106 2694 3174 φησὶν,
2733 3102 2845 3165 υἱὸς
2887 3101 2981 3154 τοῦ
3031 3099 3213 3167 Δαυῗδ,
3266 3099 3383 3162 πῶς
3431 3098 3593 3151 αὑτὸν
3647 3098 3675 3149 ὁ

2097 3200 2258 3253 Δαυῖδ
2291 3198 2493 3269 Κύριον
2520 3193 2810 3265 ὀνομάζει;
2844 3213 2862 3244 ι
2886 3193 3025 3245 Ἀλλ’
3051 3191 3174 3244 οὔτε
3200 3190 3297 3261 τὴν
3326 3193 3391 3243 ἐκ
3421 3189 3675 3259 σπέρμα-

409 3280 535 3334 dum
570 3295 789 3336 carnem
826 3283 913 3337 hic
944 3298 1011 3336 ex
1051 3282 1269 3339 Daridis
1303 3286 1512 3340 semine
1548 3284 1778 3352 refutat;
1816 3302 1986 3356 neque

2093 3308 2183 3354 τος
2212 3257 2652 3358 Δαυῖδυγέννησίν
2688 3257 2828 3339 κατά
2865 3286 3045 3354 σάρκα
3070 3284 3128 3335 ἐν
3155 3257 3366 3344 τούτοις
3405 3257 3674 3351 ἀρνεῖται,

410 3370 646 3440 seipsum
684 3387 897 3426 rursum
933 3373 1227 3426 secundum
1264 3383 1514 3427 naturam
1550 3375 1836 3429 Dominum
1870 3391 1986 3438 esse

2090 3382 2214 3436 οὔτε
2265 3381 2371 3452 μὴν
2426 3372 2746 3449 ἀποπέμπει
2793 3376 2885 3430 τοῦ
2937 3370 3076 3428 εἶναι
3103 3374 3245 3427 κατὰ
3280 3372 3439 3441 φύσιν
3468 3368 3675 3441 Κύριον

410 3471 589 3532 negat.
609 3462 804 3518 Verum
833 3463 960 3518 licet
988 3478 1152 3517 unum
1181 3478 1248 3518 ex
1280 3473 1516 3534 utroque
1538 3474 1792 3521 constare
1823 3465 1990 3535 signi-

409 3553 627 3621 ﬁcatum
661 3554 820 3619 velit,
856 3564 1150 3623 utrumque
1185 3563 1365 3609 tamen
1402 3557 1592 3610 adesse
1623 3557 1985 3610 demonstrat.

409 3644 559 3701 Unus
589 3646 769 3714 itaque
797 3653 881 3700 est
911 3646 1184 3710 Christus,
1215 3654 1271 3699 et
1297 3659 1458 3699 verus
1486 3643 1675 3700 Filius.

491 3780 646 3846 Quod
676 3781 808 3849 ﬁdes
842 3782 898 3835 in
931 3779 1198 3835 Christum
1236 3781 1305 3836 sit
1343 3792 1596 3852 tanquam
1630 3783 1683 3837 in
1717 3782 1905 3837 Deum.

808 3893 893 3950 Ex
922 3891 1166 3963 Epistula
1196 3899 1265 3949 ad
1297 3893 1586 3951 Romanos.

481 4023 501 4056 ι
534 4002 636 4060 Per
657 4020 817 4075 quem
845 4006 1157 4076 accepimus
1186 4006 1418 4077 gratiam
1445 4017 1501 4062 et
1527 4008 1890 4078 apostolatum
1915 4010 1986 4066 ad

403 4097 763 4153 obedientium
799 4098 921 4152 lldei
961 4098 1017 4153 in
1061 4099 1317 4154 omnibus
1353 4099 1604 4170 gentibus
1637 4114 1737 4169 pro
1769 4101 1988 4158 nomine

405 4190 606 4257 ipsius;
636 4191 688 4243 in
714 4190 911 4259 quibus
932 4190 1068 4246 estis
1090 4200 1147 4245 et
1170 4205 1264 4245 vos
1287 4190 1466 4247 vocati
1487 4189 1616 4247 Jesu
1638 4191 1842 4248 Christi
1860 4192 1926 4248 ³⁸.
1960 4211 1980 4244 ι

404 4279 624 4335 Vocatae
654 4291 998 4350 suutgentes
1030 4297 1127 4349 per
1161 4282 1342 4337 fidem.
1375 4283 1478 4348 Qui
1515 4291 1697 4339 autem
1732 4298 1829 4353 per
1856 4297 1985 4339 sane

402 4383 523 4426 ctos
550 4370 822 4442 apostolos
851 4371 957 4426 illis
987 4374 1432 4437 annoutiabatur,
1462 4372 1715 4427 Christus
1738 4383 1873 4427 erat.
1902 4373 1985 4429 Ab

402 4463 470 4517 iis
497 4476 624 4517 vero
648 4462 738 4531 qui
771 4461 896 4516 ﬁdei
931 4463 1206 4533 mysteriis
1234 4463 1613 4529 initiabantur,
1644 4462 1775 4518 lides
1802 4463 1984 4533 exige-

403 4554 563 4607 batur
596 4554 647 4608 in
684 4553 991 4619 Christum,
1028 4570 1132 4607 non
1172 4563 1423 4623 tanquam
1464 4554 1515 4608 in
1553 4553 1853 4620 hominem,
1886 4555 1980 4609 sed
2011 4597 2053 4651 Β

401 4652 654 4712 tanquam
689 4647 742 4701 in
774 4646 960 4700 Deum.
994 4644 1177 4715 Neque
1207 4645 1353 4700 enim
1384 4645 1568 4699 dicere
1598 4645 1679 4698 las
1707 4653 1810 4707 est,
1843 4660 1976 4713 gen-

402 4744 481 4788 tes
511 4750 629 4804 qua:
659 4734 818 4791 tidem
850 4737 902 4789 in
930 4734 1204 4789 Christum
1235 4734 1753 4802 complectebantur,
1780 4749 1844 4789 ex
1874 4750 1980 4789 uno

400 4840 585 4879 errore
615 4826 668 4879 in
699 4826 927 4881 alterum
960 4826 1241 4881 transiissc
1271 4841 1283 4879 :
1315 4841 1503 4879 verum
1536 4841 1563 4877 a
1597 4824 1716 4880 falsi
1749 4825 1984 4879 nominis

403 4917 505 4971 diis
534 4916 817 4980 abductas,
848 4920 915 4971 ad
946 4916 1114 4971 Deum
1142 4917 1321 4971 vivum
1351 4931 1645 4971 conversas
1671 4931 1810 4970 esse.
1842 4916 1973 4971 Cum

400 5008 475 5063 illi
518 5021 648 5076 ergo
686 5008 753 5060 ad
794 5007 1154 5063 obediendum
1200 5007 1323 5062 ﬁdei
1371 5022 1469 5076 pro
1509 5007 1711 5062 Christi
1759 5008 1976 5061 nomine

401 5100 760 5167 apostolatum
818 5113 878 5154 se
933 5101 1212 5167 accepisse
1271 5100 1644 5169 proﬁteantur,
1707 5099 1975 5168 quomodo

398 5188 648 5243 Christus
680 5205 785 5243 non
812 5199 898 5245 est
930 5189 1101 5257 Deus,
1134 5204 1256 5246 cum
1290 5190 1417 5245 lides
1449 5192 1710 5246 habeatur
1741 5196 1793 5243 in
1826 5190 1973 5244 illum

399 5290 654 5350 tanquam
687 5282 740 5336 in
770 5282 973 5337 Deum?

475 5393 496 5425 ι
533 5371 711 5428 Testis
734 5383 821 5429 est
844 5373 974 5428 mihi
1004 5373 1161 5437 Deus,
1196 5373 1279 5427 cui
1309 5374 1488 5427 servio
1521 5373 1572 5426 in
1613 5373 1802 5439 spiritu
1833 5388 1972 5438 meo,

404 5460 458 5513 in
503 5461 795 5532 Evangelio
840 5462 961 5517 Filii
1012 5464 1153 5533 ejus,
1207 5463 1350 5530 quod
1403 5462 1521 5515 sine
1574 5462 1977 5516 intermissione

2091 3474 2279 3527 ἐαυτόν
2296 3490 2311 3504 ο
2350 3474 2636 3542 προσεῖναι
2662 3468 2720 3522 δέ
2750 3485 2915 3539 φησιν
2946 3466 3273 3536 ἀμφότερον,
3300 3466 3347 3517 εί
3374 3464 3468 3516 καὶ
3488 3461 3547 3527 ἐξ
3568 3462 3677 3530 άμη

2091 3566 2208 3633 φοίν
2240 3560 2490 3632 βούλεται
2537 3559 2628 3612 τὸν
2661 3558 2758 3610 ἐνα
2786 3554 3098 3627 δηλοῦσθαι.
3129 3547 3225 3616 Εἷς
3254 3547 3348 3606 οὖν
3384 3552 3494 3622 ἄρα
3538 3549 3675 3619 Χρι-

2093 3653 2235 3716 στὸς,
2267 3652 2362 3705 καὶ
2400 3650 2531 3713 Tib;
2560 3647 2801 3719 άληθῶς.

2216 3784 2345 3839 Ὀτι
2381 3786 2469 3850 εὶς
2503 3780 2765 3851 Χριστὸν
2802 3781 2841 3849 ἡ
2881 3780 3087 3845 πίστις
3124 3779 3204 3841 ὡς
3241 3779 3328 3842 εἰς
3369 3776 3536 3829 Θεόν.

2476 3898 2577 3951 Ἐκ
2615 3895 2725 3965 τῆς
2763 3895 2911 3963 πρὸς
2955 3894 3295 3963 Ῥωμαίους.

2162 4032 2182 4066 ι
2209 4011 2287 4066 Δι’
2307 4002 2370 4064 οὗ
2396 4009 2662 4081 ἐλάϐομεν
2683 4008 2842 4078 χάριν
2868 4008 2961 4060 καὶ
2990 4005 3298 4077 ἀποστολὴν
3326 4007 3406 4066 εἰς
3427 4001 3671 4072 ὑπακοὴν

2085 4105 2322 4167 πίστεως
2351 4104 2410 4156 ὲν
2445 4103 2578 4155 πᾶσι
2609 4103 2722 4164 τοῖς
2756 4100 2963 4153 ἔθνεσιν
2992 4097 3132 4169 ὑπὲρ
3159 4096 3253 4150 τοῦ
3278 4096 3542 4165 ὀνόματος
3565 4095 3670 4149 αὐ-

2084 4195 2178 4250 τοῦ
2200 4213 2213 4227 ·
2247 4196 2306 4249 ἐν
2335 4188 2417 4257 οἷς
2441 4194 2563 4246 ἐστε
2607 4192 2702 4245 καὶ
2732 4191 2889 4260 ὑμεῖς
2926 4190 3115 4260 κλητοὶ
3150 4187 3323 4259 Ἰησοῦ
3355 4185 3612 4258 Χριστοῦ.
3644 4204 3665 4237 ι

2085 4286 2397 4357 Κέκληνται
2430 4283 2500 4338 τά
2523 4283 2650 4355 ἔθνη
2684 4282 2772 4336 διὰ
2804 4281 2903 4351 τῆς
2933 4280 3187 4343 πίστεως.
3217 4277 3330 4331 Καὶ
3365 4273 3433 4349 ἦν
3464 4278 3493 4330 6
3530 4276 3669 4347 Χρι-

2087 4380 2207 4442 στὸς
2231 4378 2318 4432 διὰ
2350 4377 2458 4431 τῶν
2490 4376 2662 4443 άγίων
2686 4373 3000 4428 ἀποστόλων
3033 4375 3063 4425 6
3094 4372 3222 4443 παρ’
3243 4372 3425 4433 αὐτοῖς
3458 4385 3666 4441 κηρυτ-

2082 4470 2337 4539 τόμενος·
2373 4468 2675 4537 ἐπράττετο
2698 4464 2755 4518 δὲ
2797 4462 2950 4534 παρὰ
2975 4460 3084 4515 τῶν
3117 4459 3666 4531 μυσταγωγουμένων

2083 4563 2116 4630 ἡ
2149 4560 2329 4623 πίστις
2353 4559 2452 4628 οὐχ
2479 4558 2553 4620 ὼς
2592 4559 2669 4618 είς
2699 4554 3003 4626 ἄνθρωπον,
3044 4549 3158 4605 ἀλλ’
3194 4553 3269 4615 ὡς
3295 4553 3371 4614 είς
3402 4550 3558 4604 Θεόν.
3588 4548 3663 4600 Οὐ

2082 4652 2190 4722 γάρ
2224 4650 2326 4703 πού
2366 4665 2547 4718 φαμεν
2576 4648 2638 4699 ἐκ
2671 4645 2878 4715 πλάνης
2915 4646 2994 4707 εἰς
3026 4643 3231 4713 πλάνην
3266 4639 3561 4711 κεκλῆσθαι
3593 4638 3665 4692 τά

2082 4743 2231 4811 ἔθνη,
2257 4743 2356 4811 τὴν
2394 4742 2473 4802 είς
2510 4737 2744 4809 Χριστὸν
2786 4736 2964 4788 πίστιν
3009 4733 3461 4804 παραδεξάμεναο
3495 4746 3665 4783 κατα·-

2083 4834 2366 4890 λελοιπότα
2408 4832 2464 4885 δὲ
2504 4830 2701 4901 μᾶλλον
2747 4829 2872 4890 τοὺς
2917 4827 3302 4895 ψευδωνύμως
3336 4823 3510 4886 θεοὺς,
3543 4823 3665 4873 ἐπι-

2084 4924 2314 4996 στρέψαι
2338 4921 2528 4974 λοιπὸν
2563 4921 2655 4973 ἐπὶ
2684 4920 2815 4971 Θεὸν
2846 4918 3181 4982 ςιῖ›ντα.”υτε
3222 4915 3401 4969 τοίνυν
3429 4914 3662 4967 άποστο-

2083 5017 2179 5087 λὴν
2213 5014 2488 5083 εἰληφέναι
2527 5012 2691 5081 φασὶν
2723 5011 2773 5062 οἱ
2803 5007 3154 5078 μυσταγωγοὶ
3179 5008 3259 5068 εἰς
3295 5003 3541 5074 ὑπακοὴν
3572 5002 3662 5055 πί-

2086 5114 2255 5168 στεως
2288 5105 2430 5174 ὑπὲρ
2457 5103 2548 5157 τοῦ
2579 5103 2837 5172 ὀνόματος
2880 5100 2972 5152 τοῦ
3022 5098 3278 5167 Χριστοῦ,
3314 5097 3429 5161 πῶς
3458 5098 3559 5150 οὐκ
3593 5095 3661 5150 ἂν

2082 5199 2165 5267 εἴη
2196 5196 2346 5260 Θεὸς,
2373 5196 2529 5263 εἴπερ
2557 5197 2637 5256 είς
2674 5194 2832 5247 αὑτὸν
2864 5197 2895 5262 ἡ
2934 5192 3136 5255 πίστις,
3165 5191 3241 5254 ὡς
3273 5193 3352 5253 είς
3384 5190 3553 5252 Θεόν;

2161 5395 2179 5426 ι
2208 5375 2435 5446 Μάρτυς
2464 5374 2573 5445 γάρ
2609 5392 2709 5443 μου
2738 5375 2883 5427 ἐστὶν
2909 5376 2937 5426 6
2966 5373 3117 5437 Θεὸς,
3143 5366 3187 5441 ᾧ
3219 5373 3462 5443 λατρεύω
3492 5374 3548 5424 ἐν
3579 5372 3659 5443 τῷ

2090 5467 2360 5536 πνεύματί
2389 5482 2512 5535 μου,
2542 5468 2600 5519 ἐν
2633 5466 2712 5535 τῷ
2742 5466 3059 5535 Εὑαγγελίῳ
3089 5465 3182 5518 τοῦ
3216 5465 3341 5518 Υίοῦ
3370 5465 3557 5526 αὐτοῦ,
3583 5466 3659 5530 ὠς

403 5553 719 5606 memoriam
781 5554 950 5609 vestri
1013 5554 1154 5609 facio
1222 5567 1437 5621 semper
1505 5554 1556 5604 in
1638 5552 1978 5606 orationibus

2088 5556 2436 5618 ἀδιαλείπτως
2477 5556 2665 5624 μνείαν
2699 5555 2852 5625 ὑμῶν
2879 5555 3137 5625 ποιοῦμαι
3172 5556 3399 5608 πάντοτε
3431 5555 3519 5606 ἐπὶ
3552 5554 3659 5607 τῶν

408 5641 541 5695 meis
570 5640 613 5673 ³⁹
676 5661 695 5692 ι
731 5643 831 5710 Qui
868 5645 976 5699 Deo
1015 5644 1281 5706 serviunt,
1326 5658 1431 5696 non
1472 5644 1720 5697 serviunt
1757 5644 1975 5698 Christo

2088 5645 2400 5718 προσευχῶν
2442 5664 2564 5717 μου.
2601 5666 2618 5697 ι
2665 5648 2727 5699 Ol
2755 5646 2874 5717 Θεῷ
2903 5645 3277 5717 λατρεύοντες,
3305 5645 3404 5716 οὐχ
3432 5632 3504 5708 ὡς
3539 5644 3658 5717 Θεῷ

474 5813 520 5845 ³⁸
551 5813 664 5872 Luc
721 5830 771 5879 v,
806 5817 891 5881 l2,
929 5818 1011 5870 l3.
1103 5814 1295 5868 "Luc.
1329 5829 1417 5878 xx,
1459 5813 1644 5868 ll-M.
1723 5816 1765 5847 ³⁸
1792 5815 1946 5871 Rom.
1982 5836 2017 5883 t,
2049 5820 2101 5886 5,
2132 5822 2192 5877 6.
2272 5822 2314 5852 ”
2341 5821 2490 5877 Rom.
2526 5840 2560 5890 ι,
2599 5824 2651 5879 9.
