4076 6414
321 439 452 495 1521

1421 445 1514 500 DE
1558 441 1786 498 RECTA
1829 439 1985 494 FIDE
2025 437 2116 492 AD
2151 435 2470 492 REGINAS.

3451 444 3471 495 i
3485 445 3589 497 529.

317 551 450 623 παρ’
488 547 651 605 αὑτὸν
678 551 851 624 ἑτέρῳ
884 554 1206 627 λατρεύουσι
1245 557 1322 628 τῷ
1357 559 1598 630 Χριστῷ.
1628 558 1802 612 Αὑτοῦ
1845 556 1901 608 δέ

2011 563 2260 620 tanquam
2295 551 2450 605 alteri
2487 549 2616 605 Deo.
2647 549 2804 607 Unde
2830 558 2884 605 et
2915 549 3058 605 illius
3088 566 3302 622 quoque
3337 553 3587 624 Evangea

318 661 453 714 φησι
497 644 592 697 καὶ
633 644 694 697 τὸ
725 645 1080 714 Εὐαγγέλιον.
1116 649 1463 720 Κηρύττεται
1492 651 1602 721 γὰρ
1634 650 1794 713 αὐτὸς
1828 650 1904 712 ὡς

316 735 449 799 Θεὸς
477 735 552 806 τῷ
583 736 793 807 κόσμῳ,
820 738 994 792 καίτοι
1038 740 1175 794 Θεοῦ
1225 743 1368 796 κατὰ
1410 743 1571 811 φύσιν
1617 743 1769 804 ὄντος
1806 742 1901 794 τοῦ

316 827 555 897 Πατρὸς,
589 827 682 880 καὶ
731 830 1097 900 κατάρχοντος
1139 833 1247 885 τῶν
1292 835 1448 886 ὅλων.
1483 834 1616 898 Θεὸς
1660 830 1754 887 οὗν
1795 835 1902 904 ἄρα

315 917 572 988 Χριστὸς,
608 919 638 970 6
683 918 752 972 6:’
777 915 838 974 οὗ
873 921 966 973 καὶ
1015 922 1074 974 ἐν
1111 917 1155 989 ᾦ
1188 922 1282 975 καὶ
1328 923 1492 986 αὐτὸς
1535 927 1562 976 6
1597 925 1788 995 Πατὴρ
1825 925 1902 988 ὼς

316 1008 451 1072 Θεὸς
485 1009 935 1077 καταγγέλλεται,
972 1011 1070 1064 καὶ
1103 1014 1170 1083 τῇ
1214 1013 1364 1083 παρά
1412 1015 1630 1068 πάντων
1671 1016 1900 1085 τιμᾶται

315 1099 413 1154 λατ
423 1101 562 1172 ρείᾳ.

397 1211 415 1242 ‹
447 1193 840 1256 Δικαιωθέντες
883 1189 975 1249 οὗν
1012 1197 1076 1249 ἐκ
1125 1195 1384 1260 πίστεως,
1429 1199 1654 1270 εἰρήνην
1705 1198 1902 1268 ἔχομεν

317 1282 455 1354 πρὸς
483 1283 617 1336 Θεὸν
647 1284 734 1338 διά
763 1285 857 1338 τοῦ
887 1287 1092 1358 Κυρίου
1125 1287 1282 1359 ἡμῶν
1319 1289 1493 1358 Ἰησοῦ
1526 1291 1784 1359 Χριστοῦ,
1825 1290 1904 1343 δι’

317 1367 380 1426 οὗ
419 1373 514 1426 νῦν
540 1373 636 1426 καὶ
661 1373 759 1443 τὴν
785 1378 1151 1447 προσαγωγὴν
1175 1378 1488 1448 ἐσχήκαμεν
1507 1382 1581 1450 ’τῇ
1613 1381 1794 1433 πίστει
1823 1382 1904 1444 εἰς

314 1463 416 1533 τὴν
455 1463 618 1534 χάριν
648 1464 876 1534 ταύτην,
911 1467 970 1518 ἐν
1067 1469 1402 1539 ἑστήκαμεν,
1431 1471 1525 1522 καὶ
1571 1471 1903 1540 καυχώμεθα

316 1557 406 1607 ἐπ’
433 1555 607 1608 ἐλπίδι
649 1559 748 1627 τῆς
784 1556 942 1626 δόξης
991 1559 1083 1610 τοῦ
1135 1558 1292 1614 Θεοῦ.
1327 1580 1344 1612 ι
1387 1561 1472 1624 Ὠς
1507 1564 1586 1625 εἰς
1630 1562 1762 1614 Θεὸν
1810 1581 1902 1614 πι-

2009 646 2136 698 lium
2169 659 2292 699 esse
2325 643 2658 712 perhibetur.
2700 645 3068 697 Anuuntiatur
3107 647 3249 698 enim
3291 647 3492 700 mundo
3531 656 3592 700 ut

2006 735 2169 801 Deus,
2211 752 2328 788 cum
2358 735 2520 789 Pater
2560 735 2632 788 sit
2670 736 2812 790 Deus
2844 746 3034 789 natura
3058 778 3072 800 ,
3107 738 3590 809 principatumque

2006 827 2058 880 in
2099 841 2288 879 omnes
2326 826 2586 880 obtineat.
2635 826 2776 879 Deus
2819 827 2983 894 igitur
3023 839 3107 880 est
3145 828 3431 892 Christus,
3491 846 3593 898 per

2005 933 2166 987 quem
2199 927 2253 970 et
2288 919 2337 970 in
2371 933 2482 988 quo
2515 919 2629 988 ipse
2666 934 2883 988 quoque
2917 919 3080 975 Pater
3105 932 3164 976 ut
3195 923 3337 977 Deus
3371 941 3589 978 annun-

2007 1013 2193 1074 tiatur,
2257 1011 2514 1080 cultuque
2564 1021 2620 1066 et
2669 1014 3021 1068 veneratione
3066 1016 3133 1068 ab
3178 1017 3432 1071 omnilms
3472 1019 3588 1070 alli-

2004 1103 2166 1156 citur.

2085 1213 2103 1245 ι
2137 1193 2427 1248 Justiﬁcati
2483 1210 2612 1266 ergo
2663 1210 2731 1250 ex
2782 1197 2906 1261 ﬁde,
2956 1213 3146 1266 pacem
3208 1200 3469 1255 habemus
3523 1206 3590 1254 ad

2007 1283 2174 1338 Deum
2210 1301 2306 1355 per
2342 1285 2628 1340 Dominum
2671 1297 2914 1341 nostrum
2947 1288 3127 1341 Jesum
3162 1289 3460 1353 Christum,
3498 1308 3594 1360 per

2006 1392 2164 1445 quem
2206 1386 2254 1431 et
2306 1377 2568 1431 habemus
2597 1393 2874 1432 accessum
2916 1394 3014 1448 per
3050 1379 3207 1433 ﬁdem
3252 1382 3304 1434 in
3357 1385 3590 1450 gratiam

2008 1469 2196 1535 istam,
2239 1471 2291 1522 in
2328 1485 2434 1539 qua
2477 1481 2722 1534 stamus,
2757 1482 2811 1526 et
2855 1472 3152 1541 gloriamur
3198 1475 3249 1527 in
3291 1475 3454 1544 118
3497 1492 3594 1544 spe

2007 1563 2191 1630 gloria?
2221 1562 2454 1615 filiorum
2493 1563 2580 1616 Dei
2607 1563 2675 1618 ⁸ο.
2709 1583 2728 1614 ι
2761 1564 2816 1618 Si
2849 1566 2898 1617 in
2931 1562 3099 1618 Deum
3127 1569 3435 1630 credentes,
3465 1583 3592 1621 vero

317 1645 602 1710 στεύοντες
631 1647 1008 1719 δικαιούμεθα.
1039 1650 1099 1703 Εἰ
1130 1651 1189 1703 δὲ
1230 1654 1309 1715 είς
1355 1654 1590 1724 Χριστὸν
1632 1654 1839 1726 Ἰησοῦν
1865 1657 1900 1726 ὴ

2011 1652 2392 1722 iustiﬁcamur,
2429 1654 2640 1723 fideque
2675 1656 2725 1709 in
2758 1657 3035 1710 Christum
3067 1657 3251 1710 Jesum
3293 1660 3591 1723 tendimus,

315 1739 524 1803 πίστις,
559 1740 654 1794 καὶ
693 1741 762 1793 δι’
819 1741 984 1794 αὑτοῦ
1035 1743 1135 1813 τὴν
1179 1746 1550 1816 προσαγωγὴν
1586 1748 1904 1818 ἐσχήκαμεν

322 1831 594 1903 (συνήφθη
605 1851 704 1901 μεν
747 1834 857 1906 γὰρ
888 1834 968 1905 τῷ
994 1835 1112 1906 Θεῷ
1139 1837 1232 1890 καὶ
1256 1839 1453 1908 Πατρὶ,
1487 1839 1902 1912 ωνεγείραντος

2007 1763 2072 1803 ac
2109 1765 2203 1819 per
2237 1750 2383 1803 illum
2418 1753 2482 1804 ad
2518 1750 2734 1804 Patrem
2776 1753 2996 1806 tandem
3025 1752 3378 1820 pervenimus
3409 1754 3592 1823 (Chri-

2009 1850 2096 1896 sto
2133 1857 2368 1910 namque
2400 1857 2497 1896 nos
2522 1843 2681 1895 simul
2707 1844 2998 1907 excitante,
3039 1843 3148 1896 Deo
3193 1852 3246 1898 et
3284 1844 3427 1898 Patri
3460 1861 3592 1897 con-

315 1924 508 1994 ῶσπερ
539 1925 688 1994 ἡμᾶς
726 1926 821 1978 τοῦ
852 1927 1138 1997 Χριστοῦ)·
1174 1927 1292 1992 πῶς
1316 1930 1378 1981 οὐ
1395 1929 1526 1994 Θεός
1557 1932 1696 1997 ἐστι,
1726 1933 1820 1985 καὶ
1854 1935 1903 1985 εί

2011 1930 2321 2000 iungimur),
2353 1934 2625 1999 quomodo
2667 1932 2809 1984 Deus
2850 1946 2956 1984 non
3003 1941 3105 1997 cst,
3147 1933 3308 1986 etiam
3347 1933 3391 1987 si
3433 1933 3590 2001 juxta

315 2017 546 2085 γέγονεν
592 2019 657 2070 ἐκ
707 2018 1022 2090 σπέρματος
1051 2020 1216 2074 Δαυῒδ
1259 2023 1319 2074 τὸ
1353 2021 1494 2075 κατὰ
1525 2023 1725 2093 σάρκα,
1761 2025 1905 2079 κατά

316 2109 419 2172 τάς
455 2110 714 2180 Γραφάςς

396 2219 415 2250 σ
443 2201 644 2266 Καθὼς
671 2201 1002 2275 γέγραπται,
1040 2205 1207 2276 φησίν
1226 2223 1240 2236 ο
1287 2208 1418 2261 Ἰδοὺ
1456 2209 1649 2279 τίθημι
1676 2212 1734 2263 ἐν
1763 2211 1905 2264 Σιὼν

315 2292 467 2345 λίθον
520 2294 972 2364 προσκόμματος,
1022 2297 1116 2349 καὶ
1165 2297 1370 2368 πέτραν
1429 2299 1762 2353 σκανδάλων
1813 2303 1906 2355 καὶ

317 2385 430 2448 πᾶς
481 2386 510 2437 6
547 2386 819 2438 πιστεύων
864 2389 949 2438 ἐπ’
985 2388 1156 2459 αὐτῷ,
1191 2389 1252 2440 οὑ
1284 2392 1835 2463 καταισχυνθήσεται.
1879 2413 1896 2445 ι

318 2476 546 2545 Συμεὼν
591 2478 620 2529 6
642 2477 870 2544 δίκαιος,
902 2479 993 2532 ὅτε
1027 2479 1088 2532 τὸ
1120 2479 1262 2533 θεῖον
1289 2484 1369 2545 εἰς
1393 2482 1644 2550 ἀγκάλας
1689 2482 1908 2549 ἐδέξατο

321 2567 542 2640 βρέφος,
575 2568 678 2638 ἔφη
734 2569 872 2640 πρὸς
924 2570 1017 2623 τὸν
1068 2571 1240 2625 Θεόν·
1297 2592 1315 2624 ι
1344 2573 1460 2626 Νῦν
1507 2574 1766 2638 ἀπολύεις
1815 2576 1907 2628 τὸν

318 2660 506 2714 δοῦλόν
544 2678 660 2725 σου,
692 2663 960 2725 Δέσποτα,
994 2665 1136 2718 κατά
1165 2665 1227 2717 τὸ
1249 2665 1406 2736 ῥῆμά
1434 2685 1552 2731 σου,
1587 2669 1646 2721 ἐν
1691 2669 1904 2742 εἰρήνῃ.

321 2750 447 2804 Ὀτι
476 2747 614 2804 εἶδον
641 2753 691 2805 οἱ
715 2751 986 2824 ὀφθαλμοί
1004 2771 1108 2824 μου
1129 2755 1189 2808 τὸ
1212 2759 1480 2828 σωτήριόν
1507 2776 1622 2824 σου,
1642 2760 1910 2833 ὃήτοίμα-

321 2858 422 2905 σας
473 2842 615 2896 κατὰ
669 2843 959 2916 πρόσωπον
1007 2848 1227 2898 πάντων
1273 2846 1382 2899 τῶν
1428 2848 1595 2911 λαῶν,
1629 2869 1648 2902 ι
1705 2851 1799 2904 καὶ
1839 2853 1908 2905 τά

318 2934 470 3004 ἑξῆς.
497 2935 804 3005 Προσετίθη
834 2935 891 2988 δὲ
919 2934 1132 3001 τούτοις
1153 2952 1168 2970 ο
1219 2956 1239 2989 ι
1262 2937 1394 2991 Ἰδοὺ
1426 2933 1582 3004 οὗτος
1607 2943 1784 2994 κεῖται
1827 2943 1908 3004 είς

320 3033 532 3084 πτῶσιν
575 3032 670 3085 καὶ
721 3033 1020 3087 ἀνάστασιν
1053 3032 1267 3087 πολλῶν
1304 3037 1364 3088 ἐν
1408 3035 1488 3106 τῷ
1529 3035 1766 3109 Ἰσραὴλ,
1811 3036 1907 3089 καὶ

319 3121 404 3185 είς
433 3124 658 3192 σημεῖον
683 3123 1120 3193 ἀντιλεγόμενον.
1146 3143 1165 3177 ι
1185 3124 1244 3178 "0
1278 3124 1440 3189 αὐτὸς
1465 3125 1552 3196 ἀρ’
1575 3126 1726 3179 ἐστὶν
1754 3128 1783 3180 6
1811 3125 1906 3179 τοῦ

320 3213 754 3286 προσκόμματος
799 3215 970 3283 λίθος,
1024 3217 1120 3270 καὶ
1149 3217 1184 3287 ή
1217 3217 1397 3288 πέτρα
1443 3217 1538 3271 τοῦ
1575 3218 1899 3272 σκανδάλου.

319 3305 434 3357 Καὶ
481 3304 904 3375 περιπταίοντες
963 3305 1061 3377 μὲν
1111 3306 1262 3375 αὐτῷ
1312 3305 1402 3360 διὰ
1450 3310 1552 3378 τῆς
1595 3308 1900 3375 ἀπειθείας,

322 3395 720 3466 συνετρίϐησάν
761 3414 910 3460 τινες
931 3413 945 3428 ο
978 3398 1238 3466 διέφυγον
1263 3399 1323 3452 δέ
1350 3399 1412 3452 τὸ
1439 3401 1907 3472 καταισχυνθῆναι

319 3487 370 3539 οῖ
401 3487 500 3555 τὴν
529 3487 665 3556 πρὸς
693 3487 856 3540 αὐτὸν
891 3487 1075 3542 πίστιν
1103 3486 1673 3564 προσηκάμενοιῘΑβ
1703 3487 1800 3546 οὖν
1831 3493 1908 3557 ὡς

321 3577 404 3639 είς
433 3576 720 3647 ἄνθρωπον
763 3578 1209 3650 πεπιστεύκαμεν
1237 3580 1272 3650 ἢ
1308 3580 1385 3644 ὡς
1409 3581 1490 3643 είς
1513 3581 1681 3644 Θεόν;
1712 3581 1804 3645 Ὠς
1827 3584 1909 3645 είς

321 3665 456 3718 Θεὸν
484 3667 751 3736 δηλονότι.
795 3668 929 3732 Θεὸς
957 3663 1050 3722 οῦν
1077 3669 1187 3740 ἄρα
1211 3670 1448 3744 Χριστός
1469 3687 1482 3700 ·
1511 3670 1600 3724 ἐπ’
1621 3670 1772 3742 αὐτῷ
1799 3670 1908 3743 γὰρ

321 3754 354 3809 6
389 3754 596 3819 δίκαιος
634 3756 860 3827 Συμεὼν
897 3757 998 3820 τὰς
1036 3759 1241 3829 ἀρτίως
1297 3761 1430 3830 ἡμῖν
1468 3761 1766 3834 εἰρημένας
1804 3761 1908 3834 ἔφη

323 3847 530 3916 φωνάς.

399 4024 536 4094 Περὶ⁸
565 4023 676 4076 τῶν
711 4024 980 4078 Ἰουδαίων
1014 4025 1179 4096 φησίν
1197 4041 1210 4056 ’
1259 4043 1279 4078 ι
1303 4027 1651 4096 Ἀγνοοῦντες
1672 4029 1782 4101 γὰρ
1807 4031 1909 4100 τὴν

323 4113 420 4168 τοῦ
473 4114 609 4167 Θεοῦ
659 4115 891 4186 δύναμιν
934 4117 1028 4170 καὶ
1074 4117 1443 4192 δικαιοσύνην,
1481 4121 1576 4173 καὶ
1622 4120 1722 4193 τὴν
1772 4121 1910 4175 ἰδίαν

323 4205 619 4278 ζητοῦντες
650 4209 868 4279 στῆσας,
899 4211 966 4282 τῇ
1002 4209 1322 4283 δικαιοσύνῃ
1363 4211 1460 4264 τοῦ
1494 4211 1631 4265 Θεοῦ
1663 4212 1762 4282 οὐχ
1801 4213 1910 4265 ὑπ-

321 4301 620 4371 ετάγησαν.
652 4300 818 4365 Τέλος
844 4301 954 4371 γὰρ
983 4301 1150 4373 νόμου
1173 4303 1429 4374 Χριστὸς,
1454 4305 1533 4367 είς
1561 4303 1911 4376 δικαιοσύνην

323 4393 490 4446 παντὶ
523 4392 602 4464 τῷ
630 4394 963 4448 πιστεύοντι.
993 4413 1013 4447 ι
1048 4395 1111 4447 Ei
1145 4394 1300 4458 τέλος
1330 4396 1496 4466 νόμου
1533 4395 1789 4468 Χριστὸς,
1815 4397 1911 4451 καὶ

323 4491 487 4554 αὐτός
512 4492 660 4544 ἐστιν
692 4492 726 4562 ἡ
753 4490 1091 4562 δικαιοσύνη,
1117 4491 1346 4545 δικαιῶν
1386 4490 1477 4546 διὰ
1526 4491 1762 4556 πίστεως
1810 4491 1910 4562 τῆς

2008 2019 2317 2089 Scripturas
2349 2020 2392 2052 “
2436 2035 2500 2075 ex
2548 2021 2753 2074 semine
2795 2020 2963 2074 David
3027 2023 3320 2076 secundum
3369 2036 3588 2077 carnem

2007 2110 2183 2167 factus
2211 2113 2333 2166 est?

2085 2221 2104 2254 ι
2140 2203 2291 2257 Sicut
2317 2204 2579 2272 scriptum
2609 2209 2692 2257 est
2721 2218 2735 2256 :
2766 2203 2940 2268 Ecce,
2973 2204 3166 2274 inquit,
3203 2221 3343 2274 pono
3372 2206 3425 2260 in
3458 2207 3590 2262 Sion

2007 2295 2238 2364 lapidem
2269 2295 2607 2358 offensionis,
2636 2307 2689 2349 et
2722 2306 2936 2365 petram
2987 2297 3226 2350 scandali
3255 2315 3268 2349 :
3317 2307 3371 2352 et
3409 2301 3590 2353 omnis

2007 2385 2098 2454 qui
2129 2386 2300 2439 credit
2332 2387 2385 2440 in
2417 2400 2562 2448 eum,
2602 2402 2708 2440 non
2741 2387 3103 2441 confundetur
3123 2388 3190 2440 δ’.
3231 2407 3248 2439 ι
3284 2385 3471 2442 Justus
3502 2389 3592 2444 Si-

2007 2491 2166 2530 meon
2193 2491 2312 2531 cum
2348 2477 2587 2530 divinmn
2623 2477 2770 2530 illum
2803 2493 3027 2545 puerum
3055 2480 3197 2533 inter
3225 2481 3381 2533 ulnas
3409 2494 3592 2534 susce-

2008 2569 2197 2638 pisset,
2221 2568 2294 2622 ita
2322 2567 2490 2623 Deum
2540 2567 2733 2623 affatus
2776 2578 2896 2624 est:
2941 2587 2963 2621 ι
3009 2567 3162 2624 Nunc
3209 2572 3437 2626 dimittis
3472 2588 3594 2628 ser-

2011 2673 2134 2712 vum
2173 2667 2345 2729 tuum,
2401 2659 2648 2724 Domine,
2693 2661 2990 2714 secundum
3039 2661 3264 2715 verbum
3324 2669 3474 2717 tuum
3537 2665 3592 2718 in

2008 2765 2165 2821 pace,
2235 2753 2360 2822 quia
2413 2752 2667 2807 viderunt
2718 2753 2861 2807 oculi
2923 2753 3029 2807 mei
3094 2754 3336 2810 salutare
3393 2767 3590 2811 tuum:

2008 2844 2153 2912 quod
2182 2843 2388 2912 parasti
2425 2852 2551 2896 ante
2602 2843 2796 2898 faciem
2832 2845 3073 2901 omnium
3107 2845 3425 2914 p0pulorum
3454 2847 3524 2911 “,
3566 2867 3590 2902 ι

2007 2942 2064 2987 et
2111 2947 2231 3002 quas
2281 2943 2602 3003 sequuntur.
2652 2933 2942 3005 Subjungit
2986 2937 3224 2991 deinde:
3272 2955 3289 2988 ι
3326 2939 3468 2994 Ecce
3504 2940 3624 2996 hic'

2007 3025 2220 3092 positus
2245 3033 2330 3079 est
2364 3025 2416 3078 in
2449 3025 2663 3079 ruinam
2697 3035 2752 3081 et
2801 3028 3253 3082 resurrectionem
3301 3029 3594 3084 nmltormn

2009 3115 2064 3170 in
2098 3115 2289 3183 Israel,
2314 3125 2369 3172 et
2396 3117 2447 3171 in
2479 3118 2695 3190 signum
2732 3119 2817 3174 cui
2852 3121 3258 3176 contradicetur
3279 3122 3344 3176 ιδ.
3388 3142 3406 3175 ι
3445 3122 3592 3178 idem

2011 3219 2142 3278 ergo
2166 3218 2252 3264 est
2276 3208 2414 3278 lapis
2451 3209 2791 3276 offensionis,
2825 3220 2880 3266 et
2907 3222 3058 3282 petra
3089 3213 3353 3270 scandali.
3385 3215 3448 3269 Et
3473 3217 3596 3286 qui-

2011 3301 2134 3356 dem
2166 3302 2410 3357 nonnulli
2439 3313 2662 3374 propter
2694 3305 3064 3360 inﬁdelitatem
3102 3306 3157 3360 in
3205 3307 3380 3376 ipsum
3420 3309 3596 3379 impe-
3671 3326 3681 3338 -

2011 3403 2227 3464 gerunt,
2251 3403 2304 3449 et
2332 3395 2551 3449 contriti
2587 3405 2749 3460 sunt;
2789 3395 2983 3466 reliqui
3025 3410 3174 3462 vero,
3208 3399 3296 3465 qui
3333 3399 3591 3454 nimirum

2011 3485 2171 3540 ﬁdem
2209 3485 2262 3540 in
2295 3485 2446 3541 illum
2480 3487 2748 3556 complexi
2795 3496 2940 3553 sunt,
2985 3485 3364 3544 confusionem
3401 3506 3594 3546 evase-

2011 3590 2162 3634 runt.
2187 3579 2442 3650 Nunquid
2469 3593 2601 3650 ergo
2636 3579 2688 3632 in
2736 3579 2885 3633 illum
2923 3587 3181 3650 tanquam
3223 3582 3275 3636 in
3322 3584 3596 3639 hominem

2011 3672 2308 3734 credimus.
2339 3687 2406 3726 an
2439 3687 2570 3727 vero
2595 3680 2851 3741 tanquam
2880 3671 2932 3725 in
2979 3672 3143 3726 Deum
3163 3673 3189 3726 ?
3239 3673 3434 3744 Utique
3475 3684 3599 3734 tau-

2011 3780 2175 3836 quam
2205 3766 2260 3821 in
2299 3765 2490 3819 Deum.
2523 3763 2666 3821 Deus
2705 3767 2888 3835 itaque
2931 3776 3014 3820 est
3054 3766 3340 3822 Christus:
3379 3775 3444 3824 de
3480 3769 3598 3840 ipso

2011 3861 2158 3913 enim
2185 3859 2364 3928 justus
2391 3858 2612 3912 Simeon
2645 3858 2910 3912 adductas
2939 3857 3101 3926 paulo
3143 3868 3271 3913 ante
3309 3875 3469 3915 voces
3498 3862 3594 3917 de-

2013 3950 2318 4020 promebat.

2086 4039 2165 4096 De
2221 4037 2421 4094 Judaeis
2466 4037 2638 4094 dicit:
2694 4056 2714 4088 ι
2775 4037 3093 4108 ignorantes
3137 4037 3282 4092 enim
3328 4039 3594 4109 justitiam

2013 4129 2134 4193 Dei,
2166 4140 2219 4184 et
2250 4142 2402 4182 suam
2434 4137 2674 4182 Statuere
2725 4137 3054 4197 qua-rentes,
3094 4127 3322 4198 iustitiae
3350 4127 3445 4183 Dei
3489 4147 3595 4184 non

2013 4213 2416 4290 suntSubjecti.
2447 4217 2601 4273 Finis
2631 4219 2775 4274 enim
2817 4219 2949 4289 legis
2993 4219 3278 4285 Christus,
3319 4222 3384 4274 ad
3433 4220 3599 4288 justi-

2016 4315 2145 4368 tiam
2177 4312 2324 4368 omni
2352 4311 2598 4367 credenti
2625 4310 2690 4362 δ’.
2732 4330 2751 4364 ι
2785 4310 2840 4365 Si
2868 4310 3119 4366 Christus
3158 4311 3280 4365 ﬁnis
3322 4311 3456 4381 legis
3489 4321 3596 4374 est.

2015 4408 2266 4476 idemque
2321 4415 2406 4461 est
2446 4404 2678 4476 iustitia,
2722 4388 2814 4472 qui
2861 4401 3130 4470 justiﬁcat
3181 4418 3277 4472 per
3331 4403 3490 4457 ﬁdem
3545 4405 3598 4457 iu

2015 4500 2213 4570 ipsum,
2240 4498 2687 4568 justiﬁeandique
2710 4494 2941 4550 facultas
2967 4496 3018 4548 in
3060 4493 3234 4549 solum
3273 4493 3437 4549 Demu
3465 4509 3598 4548 con-

322 4586 404 4646 είς
437 4583 633 4638 αὐτόν’
673 4584 820 4656 μόνῳ
844 4584 902 4637 δὲ
934 4585 1010 4648 ὡς
1043 4585 1173 4638 ίδιον
1195 4585 1544 4638 ἀνακείσεται
1578 4585 1639 4638 τὸ
1663 4584 1907 4639 δικαιοῦν

2017 4589 2200 4645 veniat
2257 4598 2510 4656 tanquam
2565 4585 2823 4655 quiddam
2869 4583 2970 4652 ipsi
3015 4583 3308 4653 pecnliare,
3359 4596 3595 4652 quonam

320 4674 582 4728 δύνασθαι
619 4675 696 4747 τῷ
733 4675 888 4745 Θεῷ·
929 4675 1048 4740 πῶς
1084 4677 1146 4729 οὐ
1185 4677 1318 4739 Θεὸς
1357 4679 1386 4730 6
1422 4677 1692 4748 Χριστός;

404 4770 510 4822 «Ἦ
559 4769 619 4823 δὲ
663 4771 728 4822 ἐκ
776 4768 1016 4832 πίστεως
1060 4769 1374 4840 δικαιοσύνη
1419 4768 1562 4823 οὕτω
1604 4769 1782 4836 λέγει·
1817 4767 1910 4839 Μὴ

321 4861 486 4932 εἴπῃς
518 4862 576 4916 ἐν
602 4864 670 4933 τῇ
702 4861 900 4934 καρδίᾳ
928 4878 1022 4915 σου
1043 4879 1056 4892 ο
1093 4861 1190 4923 Τίς
1218 4862 1554 4932 ἀναϐήσεται
1594 4863 1680 4940 εἰς
1703 4861 1792 4914 τὸν
1823 4862 1914 4914 οὐ-

328 4954 527 5026 ρανόν;
555 4955 804 5008 τουτέστι
851 4953 1088 5024 Χριστὸν
1120 4956 1455 5023 καταγαγεῖν
1482 4971 1496 4985 ο
1528 4954 1584 5025 ἢ,
1619 4954 1714 5018 Τίς
1742 4970 1910 5006 κατα·-

323 5046 556 5118 6ήσεται
607 5047 688 5110 εἰς
736 5047 834 5118 τὴν
880 5045 1118 5100 ἄϐυσσον
1140 5061 1155 5109 ;
1193 5047 1439 5098 τουτέστι
1468 5045 1704 5117 Χριστὸν
1731 5046 1796 5097 ἐκ
1823 5061 1908 5097 νε·

322 5140 478 5211 κρῶν
532 5141 851 5208 ἀναγαγεῖν.
885 5139 1048 5193 Ἀλλὰ
1087 5141 1159 5192 τί
1198 5140 1396 5208 -λέγει;
1455 5139 1654 5209 Ἐγγύς
1704 5157 1798 5193 σου
1849 5139 1911 5194 τὸ

325 5231 480 5302 ῥῆμά
507 5233 654 5284 ἐστιν
681 5232 739 5283 ἐν
765 5231 843 5301 τῷ
875 5232 1103 5303 στόματί
1134 5249 1226 5285 σου
1256 5233 1352 5286 καὶ
1374 5233 1432 5285 ἐν
1463 5235 1528 5302 τῇ
1558 5232 1755 5304 καρδίᾳ
1788 5249 1906 5286 σου.

323 5322 588 5375 Τουτέστι
616 5321 676 5374 τὸ
709 5321 860 5392 ῥῆμα
896 5321 996 5392 τῆς
1031 5323 1289 5388 πίστεως,
1324 5323 1352 5374 δ
1393 5321 1764 5394 κηρύσσομεν.
1789 5324 1932 5380 Ὅτι.

322 5412 423 5466 ἐὰν
450 5413 795 5486 ὁμολογήσῃς
825 5415 882 5466 ἐν
923 5413 1001 5484 τῷ
1041 5413 1275 5482 στόματί
1306 5431 1398 5467 σου
1434 5415 1642 5484 Κύριον
1678 5413 1908 5484 Ἰησοῦν,

325 5503 422 5557 καὶ
467 5503 769 5574 πιστεύσῃς
813 5506 872 5556 ἐν
899 5506 962 5574 τῇ
997 5505 1196 5577 καρδίᾳ
1241 5523 1335 5558 σου
1369 5507 1452 5558 ὅτι
1503 5506 1532 5557 6
1574 5504 1708 5568 Θεὸς
1749 5505 1913 5558 αὑτὸν

325 5595 551 5666 ἤγειρεν
596 5595 660 5646 ἐκ
705 5595 814 5648 τῶν
849 5595 1080 5664 νεκρῶν,
1113 5595 1356 5670 σωθήσῃ.
1393 5596 1605 5668 Καρδίᾳ
1655 5597 1754 5667 μὲν
1802 5595 1913 5664 γὰρ

326 5684 645 5739 πιστεύεται
681 5687 760 5750 είς
799 5685 1164 5757 δικαιοσύνην,
1203 5689 1433 5758 στόματι
1476 5687 1533 5741 δὲ
1568 5689 1912 5758 ὁμολογεῖται

2020 4681 2183 4738 modo
2219 4680 2469 4736 Christus
2495 4693 2602 4733 non
2635 4685 2720 4732 est
2752 4675 2930 4730 Deus?

2096 4791 2114 4825 ι
2150 4773 2280 4838 Quae
2325 4778 2504 4824 autem
2554 4783 2620 4824 ex
2664 4769 2768 4822 ﬁde
2812 4775 2895 4821 est
2931 4765 3166 4837 iustitia,
3197 4766 3277 4820 sic
3307 4766 3482 4820 dicit:
3521 4767 3600 4822 Ne

2022 4867 2226 4923 dixeris
2251 4866 2302 4918 in
2332 4863 2497 4919 corde
2528 4869 2621 4916 tuo
2649 4879 2663 4915 :
2700 4859 2833 4927 Quis
2864 4859 3124 4913 ascendet
3176 4860 3226 4912 in
3268 4860 3512 4915 coelum?
3549 4861 3601 4916 id

2018 4967 2104 5015 est
2125 4957 2398 5012 Christum
2427 4955 2695 5009 deducere
2721 4971 2734 5007 :
2763 4960 2878 5014 aut,
2897 4950 3031 5018 Quis
3049 4951 3411 5007 descendetiu
3441 4955 3604 5026 abys-

2018 5047 2181 5105 sum?
2225 5047 2329 5100 hoc
2370 5055 2456 5100 est
2492 5043 2771 5098 Christum
2810 5057 2838 5094 a
2888 5042 3119 5096 mortuis
3167 5057 3446 5099 revocare.
3495 5043 3602 5098 Sed

2018 5141 2145 5213 quid
2176 5140 2308 5195 dicit
2336 5136 2660 5207 Scriptura?
2689 5135 2863 5204 Prope
2897 5143 2980 5190 est
3014 5136 3239 5190 verbum
3269 5138 3322 5190 in
3356 5150 3450 5190 ore
3485 5146 3599 5197 tuo.

2021 5244 2077 5288 et
2111 5233 2164 5287 in
2196 5232 2361 5287 corde
2393 5239 2505 5284 tuo.
2543 5227 2657 5283 Hoc
2681 5237 2770 5283 est
2797 5227 3021 5284 verbum
3061 5228 3182 5281 ﬁdei
3219 5227 3363 5294 quod
3405 5229 3603 5296 pradi-

2021 5339 2206 5379 camus
2233 5340 2247 5378 :
2282 5319 2418 5388 Quia
2447 5321 2491 5375 si
2523 5319 2839 5375 conﬁtearis
2865 5319 2916 5372 in
2953 5334 3049 5372 ore
3081 5326 3171 5372 tuo
3192 5316 3478 5373 Dominum
3506 5317 3602 5374 Je-

2021 5429 2163 5477 sum,
2192 5423 2248 5468 et
2279 5413 2332 5466 in
2363 5413 2528 5467 corde
2560 5421 2650 5466 tuo
2682 5409 2986 5465 credideris
3018 5411 3159 5476 quod
3189 5407 3332 5462 Deus
3366 5409 3601 5483 suscita-

2019 5505 2097 5558 vit
2135 5504 2287 5559 illum
2321 5503 2483 5573 119
2513 5519 2542 5556 a
2575 5503 2826 5564 mortuis,
2859 5500 3044 5554 salvus
3088 5499 3218 5554 eris.
3247 5497 3426 5554 Corde
3453 5501 3598 5554 enim

2020 5598 2260 5652 creditur
2297 5597 2365 5650 ad
2407 5596 2700 5664 justitiam,
2747 5609 2844 5648 ore
2877 5602 3057 5646 autem
3110 5591 3169 5645 ﬁt
3216 5590 3486 5647 confessio
3529 5594 3596 5646 ad

2021 5689 2274 5744 salutem.
2317 5687 2461 5744 Dicit
2495 5687 2639 5742 enim
2681 5685 2966 5755 Scriptura
3003 5701 3016 5738 :
3065 5681 3256 5737 Omnis
3294 5683 3386 5752 qui
3429 5681 3604 5736 credit

400 5860 446 5892 δ’
472 5861 628 5916 Rom.
656 5876 706 5926 ν,
742 5862 793 5926 1,
823 5862 877 5916 Ξ.
957 5862 997 5892 ⁸⁸
1023 5861 1179 5915 Rom.
1211 5863 1341 5926 1,.5.
1418 5865 1460 5896 δ’
1490 5865 1642 5919 nom.
1679 5880 1751 5918 Ia.
1781 5866 1870 5920 35.

2019 5865 2149 5919 Luc.
2187 5881 2243 5928 tt,
2273 5864 2466 5919 99-52.
2546 5865 2590 5896 “
2617 5863 2746 5918 ibid.
2779 5861 2868 5916 54.
2946 5861 2992 5894 ⁸³
3019 5860 3180 5916 Rom.
3209 5877 3265 5927 κ,
3293 5859 3329 5916 3
3362 5897 3370 5907 ο

611 5953 885 6013 PATROL.
931 5955 1045 6014 Gn.
1090 5955 1240 6014 LXX
1250 5955 1322 6014 VI
1332 6001 1345 6014 .

3163 5950 3240 6011 42
