4076 6422
470 470 605 528 ιεξδ
1462 462 1521 518 S.
1556 461 1834 518 CYRILLI
1878 457 2347 516 ALEXANDRINI
2390 456 2710 513 ABCHIEP.
3587 460 3726 515 1323

469 591 518 642 in
556 585 727 647 illum,
762 598 865 636 non
905 577 1267 634 confundetur
1293 579 1356 636 “.
1402 600 1418 632 ι
1467 579 1522 634 Si
1563 582 1766 636 Christi
1815 597 2042 650 persona

2182 583 2226 644 i;
2265 581 2556 650 σωτηρίαν.
2581 579 2740 648 Λέγει
2773 579 2882 651 γὰρ
2909 582 2940 651 ἡ
2973 581 3160 652 Γραφή
3183 600 3194 613 ·
3233 601 3249 632 ι
3276 584 3432 646 Πίςὸ
3461 584 3729 638 πιστεύων

467 677 734 731 universa:
759 671 880 726 ﬁdei
917 680 1114 726 nostrae.
1145 671 1429 735 terminus,
1460 684 1509 725 et
1544 672 1907 727 roul'essionis
1938 672 2050 726 vir-

2176 674 2234 736 είς
2275 673 2454 737 αὐτὸν,
2485 673 2546 726 οὐ
2575 672 3122 744 καταισχυνθήσεται.
3156 693 3174 725 ι
3223 675 3285 726 Εἰ
3336 674 3557 744 σύμπας
3599 676 3732 744 ἡμῖν

469 781 553 824 tus
584 767 896 837 prmﬁgitur,
951 774 1292 834 mortemque
1330 764 1471 818 illius
1504 774 1558 820 et
1593 767 2048 820 resurrectionem

2176 763 2295 834 ,τῆς
2327 763 2561 826 πίστεως
2584 764 2729 832 ὄρος,
2757 763 2850 815 καὶ
2879 763 2978 831 τῆς
2998 763 3290 833 ὁμολογίας
3315 765 3348 834 ἡ
3375 764 3620 833 δύναμις,
3651 765 3733 827 εἰς

467 858 810 920 conﬁtentes,
844 855 1012 910 veluti
1044 854 1097 907 in
1130 855 1297 909 Deum
1323 855 1631 920 credentes,
1653 855 2046 925 justilicamur:

2176 855 2219 908 :6
2259 855 2352 909 τοῦ
2402 855 2640 925 Χριστοῦ
2687 854 3036 926 περιίσταται
3065 855 3376 927 πρόσωπον,
3405 855 3499 907 καὶ
3537 853 3731 922 ὁμολο-

469 953 591 1020 quis
619 951 801 1004 dicere
837 950 1059 1011 audeat,
1087 947 1260 1016 ipsum
1317 947 1537 1001 dcitatis
1577 958 1852 1003 exsortem
1890 949 2053 1003 esse?

2176 945 2378 1013 ποῦντες
2402 945 2567 999 αὑτοῦ
2595 946 2689 1000 τὸν
2714 946 2944 1000 θάνατον
2973 946 3068 999 καὶ
3089 946 3188 1017 τὴν
3217 946 3532 1008 ἀνάστασιν,
3557 944 3630 1006 ὡς
3654 945 3735 1006 εἰς

469 1045 740 1112 siquidem
792 1051 876 1097 est
929 1056 1138 1094 summa
1194 1051 1247 1094 et
1295 1053 1457 1108 caput
1510 1041 1706 1096 salutis
1767 1040 2050 1104 omnium,

2176 1039 2288 1093 326v
2334 1039 2760 1103 πεπιστευκότες
2807 1039 3186 1110 δικαιούμεθα·
3213 1037 3296 1102 τίς
3336 1040 3363 1090 6
3398 1037 3561 1106 φάναι
3601 1035 3736 1087 Θεὸν

469 1138 777 1205 ostiumque
807 1142 862 1188 et
907 1133 1014 1197 via,
1067 1133 1188 1186 ﬁdei
1245 1133 1297 1186 in
1352 1134 1524 1202 ipsum
1595 1133 1889 1188 confessio.
1949 1130 2054 1188 Per

2176 1130 2255 1182 »ύκ
2306 1124 2444 1183 εἶναι
2487 1129 2700 1198 τολμῶν
2740 1129 2924 1195 αὐτὸν,
2967 1130 3124 1200 εῐπερ
3155 1130 3270 1180 ἐστὶ
3305 1126 3597 1196 κεφάλαιον
3633 1125 3735 1192 τῆς

471 1231 644 1296 ipsum
674 1241 903 1296 namque
930 1234 982 1279 et
1017 1226 1068 1278 in
1103 1225 1216 1309 ipso
1244 1225 1355 1293 ipse
1383 1239 1597 1295 quoque
1626 1223 1790 1280 Pater
1832 1238 1862 1278 a
1900 1223 2055 1279 nobis

2176 1224 2414 1276 inuvrwv
2442 1223 2736 1293 σωτηρίας,
2762 1220 2900 1291 θύρα
2942 1238 3000 1273 τε
3040 1220 3134 1273 καὶ
3165 1220 3302 1284 ὁδὸς,
3331 1219 3426 1288 τῆς
3462 1219 3540 1281 εἰς
3573 1215 3739 1269 αὑτὸν

469 1321 836 1390 cognoscitur.

2176 1315 2395 1377 πίστεως
2422 1316 2454 1385 ἡ
2492 1313 2784 1384 ὁμολογία;
2812 1313 2889 1366 Δι’
2919 1312 3082 1366 αὐτοῦ
3113 1311 3221 1382 γὰρ
3255 1312 3348 1365 καὶ
3378 1313 3436 1364 ἐν
3465 1309 3614 1380 αύτῷ
3641 1309 3739 1360 καὶ

2159 1406 2322 1468 αὐτὸς
2351 1408 2379 1459 ὁ
2415 1405 2604 1476 Πατὴρ
2633 1404 3052 1474 ἐπιγινώσκεται
3089 1403 3226 1474 πρὸς
3254 1403 3432 1474 ⁴ἡμῶν.

545 1537 564 1571 ι
606 1518 664 1572 Εἰ
697 1526 876 1570 autem
914 1513 1006 1583 qui
1039 1521 1232 1582 potens
1262 1520 1346 1565 est
1389 1510 1722 1566 confirmare
1764 1525 1863 1564 vos
1900 1509 2055 1579 juxta

475 1609 824 1678 Evangeliqu
855 1613 1134 1667 meum,et
1172 1603 1612 1669 pradicationem
1659 1600 1784 1658 Iesu
1828 1599 2056 1662 Christi,

476 1701 770 1757 secundum
809 1697 1198 1751 revelationem
1241 1694 1485 1764 mysterii
1526 1692 1861 1763 temporibus
1896 1702 2058 1746 πιεῖ-

476 1796 560 1848 nis
588 1793 734 1846 taciti
772 1791 936 1860 (quod
972 1801 1114 1841 nunc
1150 1785 1480 1855 patefactum
1509 1795 1591 1840 est
1620 1800 1717 1854 per
1757 1784 2060 1852 scripturas

477 1885 885 1954 prophetarum,
920 1878 1218 1934 secundum
1253 1886 1582 1946 praceptum
1623 1877 1812 1929 aeterni
1837 1874 1952 1937 Dei,
1990 1873 2054 1925 ad

475 1975 840 2030 oheditionem
875 1970 1042 2041 ﬁdei),
1078 1972 1128 2023 in
1161 1970 1372 2023 cunctis
1411 1968 1665 2037 gentibus
1697 1965 1927 2037 cogniti,
1957 1963 2056 2019 soli

475 2067 702 2137 sapienti
742 2066 884 2130 Deo,
930 2079 1025 2132 per
1065 2061 1254 2116 Jesum
1292 2061 1613 2122 Christum;
1664 2059 1749 2113 cui
1795 2058 1968 2112 honor
2007 2064 2062 2110 et

2234 1538 2251 1569 ‘
2285 1519 2374 1588 Τῷ
2415 1518 2472 1571 δὲ
2503 1516 2790 1588 δυναμένῳ
2821 1518 2967 1586 ὑμᾶς
3009 1516 3259 1587 στηρίξαι
3288 1514 3427 1570 κατὰ
3475 1514 3535 1566 τὸ
3562 1513 3740 1580 Εὐαγ-

2161 1611 2339 1677 γέλιόν
2386 1627 2485 1680 μου
2522 1611 2616 1663 καὶ
2667 1609 2722 1662 τὸ
2765 1611 3028 1680 κήρυγμα
3066 1608 3242 1678 Ἰησοῦ
3288 1605 3545 1679 Χριστοῦ,
3598 1603 3740 1656 κατὰ

2160 1702 2502 1771 ἀποκάλυψιν
2534 1701 2831 1772 μυστηρίου
2860 1701 3068 1771 χρόνοις
3095 1701 3334 1761 αἰωνίοις
3358 1695 3737 1765 σεσιγημένου.

2161 1793 2572 1864 Φανερωθέντος
2594 1792 2650 1845 δὲ
2671 1792 2764 1846 νῦν
2788 1793 2874 1846 διά
2904 1808 2961 1843 τε
2985 1790 3210 1862 γραφῶν
3232 1787 3584 1860 προφητικῶν
3608 1801 3709 1838 κατ
3727 1784 3742 1804 '

2163 1885 2430 1955 ἐπιταγὴν
2459 1884 2550 1937 τοῦ
2587 1884 2809 1936 αἰωνίου
2847 1883 3003 1946 Θεοῦ,
3036 1885 3114 1945 εἰς
3147 1881 3444 1950 ὑπακοὴν-³
3481 1879 3742 1941 πίστεως,

2163 1984 2242 2044 εἰς
2275 1981 2454 2034 πάντα
2497 1979 2567 2031 τὰ
2610 1978 2736 2049 ἔθνη
2781 1977 3197 2048 γνωρισθέντος.
3224 1977 3385 2044 Μὸνῳ
3419 1973 3567 2043 σοφῷ
3598 1971 3742 2042 Θεῷ,

2161 2069 2250 2122 διὰ
2284 2068 2457 2140 Ἰησοῦ
2489 2068 2747 2139 Χριστοῦ,
2773 2059 2818 2134 ᾧ
2848 2070 2880 2136 ἡ
2911 2065 3035 2130 δόξα
3063 2066 3158 2119 καὶ
3182 2065 3243 2118 τὸ
3272 2065 3472 2136 κράτος
3500 2065 3580 2125 εἰς
3617 2062 3746 2124 τοὺς

2092 1935 2133 1988 Β

477 2161 647 2231 gloria
687 2161 739 2212 in
771 2156 966 2211 su'eula
1001 2155 1342 2209 saeculorum.
1381 2155 1554 2207 Amen
1583 2151 1671 2208 ⁸⁸⁸.
1704 2169 1721 2202 ι
1756 2150 1834 2204 En
1864 2149 1953 2204 hic
1982 2148 2061 2203 di-

475 2261 620 2306 serte
653 2249 887 2304 aﬂirmat
911 2246 1287 2316 Evangelium,
1335 2243 1685 2313 ejusdemque
1720 2239 2064 2311 praedicatio-

478 2361 599 2399 nem
630 2345 694 2398 ad
737 2343 910 2412 ipsum
952 2339 1229 2395 Christum
1283 2337 1650 2407 pertinuisse:
1716 2346 1827 2390 tum
1881 2333 2066 2389 occul-

479 2444 591 2488 ttnn
628 2432 756 2486 illud
789 2437 855 2486 de
898 2431 1016 2501 ipso
1067 2431 1257 2485 eodem
1294 2427 1614 2498 mysterium
1657 2425 1876 2480 aeternis
1929 2434 2066 2478 tem-

479 2523 701 2592 porihus
739 2522 987 2581 tacitum,
1023 2535 1165 2572 ntmc
1198 2517 1414 2571 demum
1445 2516 1511 2569 ad
1535 2516 1660 2569 ﬁdei
1694 2515 2063 2570 obeditionem

481 2617 533 2668 iu
586 2614 839 2668 onmibus
883 2611 1137 2681 gentibus
1210 2609 1537 2678 patefactum
1600 2608 1879 2678 przedicat.
1931 2606 2065 2660 Nam

480 2718 667 2777 gentes
699 2705 953 2758 falsorum
1005 2702 1230 2756 deormn
1265 2701 1414 2756 cultu
1467 2701 1728 2766 liberatre,
1774 2715 2068 2768 veramque

481 2797 595 2852 veri
648 2795 1024 2862 naturalisque
1073 2793 1164 2847 Dei
1217 2791 1464 2846 notitiam
1495 2791 1739 2860 adeptze,
1793 2790 1858 2844 ad
1907 2788 2070 2844 Chri-

458 2903 623 2958 stum
651 2895 776 2943 sunt
802 2899 1102 2941 conversze.
1132 2882 1285 2950 Quod
1322 2883 1366 2938 si
1417 2898 1512 2952 per
1559 2879 1743 2936 Jesum
1789 2881 2067 2936 Christum

487 2985 624 3037 licus
665 2979 838 3050 palam
887 2986 968 3031 est
1021 2977 1260 3046 agnitus,
1295 2973 1569 3044 quomodo
1615 2973 1817 3028 Christi
1870 2982 2069 3044 mysteo

487 3073 622 3126 rium
663 3088 766 3124 non
797 3079 879 3124 est
913 3084 1162 3140 magnum
1187 3067 1211 3120 ?
1237 3066 1393 3132 Quod
1429 3067 1471 3120 si
1504 3066 1549 3120 is
1581 3065 1762 3121 animo
1791 3055 2092 3134 concipia-'

485 3175 572 3218 tur
617 3175 670 3216 ut
712 3164 875 3217 homo
921 3162 1189 3231 quispiam
1227 3158 1369 3213 nulla
1402 3172 1464 3212 ex
1505 3167 1656 3228 parte
1701 3157 1868 3211 nostri
1907 3155 2069 3211 dissi-

485 3255 647 3317 milis,
687 3264 740 3307 ct
775 3269 878 3307 non
916 3263 974 3306 ut
1017 3250 1159 3305 Deus
1205 3250 1368 3304 homo
1415 3247 1634 3314 factus;
1674 3247 1818 3302 haud
1861 3261 2070 3318 magna
2096 3271 2142 3330 ρ

487 3360 616 3400 sane
651 3344 934 3415 sapientia:
968 3349 1376 3396 sacramentum
1409 3338 1539 3392 illttd
1569 3338 1754 3393 fuerit.

559 3476 581 3510 ι
613 3457 742 3512 Dico
793 3455 936 3510 enim
989 3454 1266 3508 Christum
1315 3450 1498 3506 Jcsum
1547 3451 1854 3506 ministrum
1903 3451 2073 3508 fuisse

486 3547 921 3605 circumcisionis
969 3552 1192 3612 propter
1233 3543 1519 3596 veritatem
1578 3541 1696 3604 Dei,
1756 3542 1822 3596 ad
1871 3542 2074 3595 contir-

491 3642 716 3694 mandas
745 3637 1132 3707 promissiones
1168 3646 1382 3704 patrum
1414 3651 1426 3686 :
1464 3641 1655 3702 gentes
1699 3641 1877 3689 autem
1911 3648 2076 3701 super

495 3731 868 3786 misericordia
911 3731 1178 3781 honorare
1206 3725 1396 3778 Deum.
1438 3724 1710 3792 Scriptum
1757 3733 1840 3778 est
1884 3722 2026 3778 enim
2059 3764 2074 3780 .

491 3823 734 3877 Credidit
760 3822 1031 3875 Abraham
1068 3817 1198 3883 Deo,
1232 3826 1284 3871 et
1323 3825 1628 3886 reputatum
1655 3824 1736 3868 est
1763 3814 1836 3868 illi
1885 3814 1952 3866 ad
1990 3813 2078 3883 ju-

495 3920 697 3974 stitiam
726 3917 792 3971 ‘7.
828 3935 845 3969 ι
877 3915 1088 3968 Dictum
1116 3923 1198 3968 est
1235 3927 1449 3964 rursum
1497 3912 1564 3963 ad
1601 3911 1789 3963 illum:
1842 3929 1859 3960 ι
1918 3907 1976 3960 ιιι
2028 3918 2080 3962 te

497 4009 888 4064 benedicentur
915 4018 1103 4058 omnes
1134 4001 1306 4056 tribus
1341 4010 1497 4054 terra;
1517 3999 1562 4030 ⁸⁸
1589 4015 1604 4063 ς
1636 4017 1653 4048 ι
1690 3999 1740 4051 id
1765 3997 1905 4067 quod
1938 3997 2080 4051 Pau-

495 4103 578 4155 lus
625 4100 726 4154 hac
758 4098 913 4152 nobis
960 4095 1226 4151 sententia
1279 4092 1544 4162 exponit:
1587 4110 1605 4143 ι
1645 4090 1760 4145 Non
1806 4090 1949 4144 enim
1985 4105 2082 4158 per

497 4193 691 4259 legem,
725 4190 820 4249 ait,
856 4185 1142 4256 promissio
1177 4181 1432 4246 Abrahae,
1474 4189 1534 4234 ιιι
1573 4180 1687 4250 ipse
1734 4179 1910 4234 haeres
1936 4187 2082 4232 esset

496 4280 705 4345 mundi,
751 4279 842 4333 sed
899 4292 994 4347 per
1039 4275 1303 4342 justitiam
1359 4273 1481 4327 ﬁdei
1505 4272 1594 4338 “;
1639 4292 1658 4324 ι
1715 4280 1768 4325 ει
1820 4287 2080 4325 rursum:

503 4390 521 4422 ι
557 4368 724 4440 Igitur
753 4369 842 4437 qui
886 4383 950 4422 ex
996 4365 1099 4420 ﬁde
1131 4373 1277 4430 sunt,
1322 4363 1485 4432 120
1530 4361 1920 4416 benedicentur
1961 4375 2082 4414 cum

500 4465 645 4520 tideli
671 4464 946 4518 Abraham
975 4460 1042 4514 ⁸ο.
1076 4477 1094 4510 ι
1141 4457 1198 4513 Si
1242 4457 1334 4512 Dei
1372 4471 1502 4526 ergo
1550 4454 1940 4524 promissiones
1989 4467 2086 4521 per

498 4559 657 4612 tidem
704 4555 953 4626 patribus
987 4554 1346 4613 obvenerunt,
1373 4548 1624 4604 Christus
1664 4559 1794 4600 vero
1842 4545 2088 4599 minister

2163 2162 2366 2224 αἰῶνας
2391 2159 2502 2214 τῶν
2523 2159 2753 2213 αἰώνων.
2772 2159 2965 2229 Ἀμήν.
2997 2176 3015 2208 ι
3037 2158 3167 2211 Ἰδοὺ
3191 2157 3254 2226 δὴ
3278 2154 3462 2224 σαφῶς
3487 2153 3548 2208 τὸ
3570 2154 3752 2221 Εὐαγο

2165 2253 2344 2323 γέλιον
2382 2252 2477 2306 καὶ
2508 2251 2568 2303 τὸ
2595 2252 2860 2322 κήρυγμα
2901 2249 3076 2320 Ἰησοῦ
3105 2245 3340 2318 Χριστοῦ
3373 2263 3537 2316 φησιν
3567 2240 3704 2299 εἶναι
3724 2258 3744 2274 ο

2165 2345 2261 2398 καὶ
2286 2343 2593 2415 κεκρύφθαι
2625 2342 2725 2414 μὲν
2753 2342 2814 2395 τὸ
2841 2342 2927 2395 ἐπ’
2955 2339 3106 2409 αὐτῷ
3135 2339 3457 2409 μυστήριον,
3483 2336 3576 2389 καί
3603 2351 3750 2388 σεσι-

2165 2436 2368 2508 γῆσθαι
2401 2436 2612 2506 χρόνοις
2651 2435 2912 2497 αἰωνίοις,
2952 2430 3405 2500 ἀποκαλυφθῆναι
3443 2428 3499 2480 δὲ
3529 2427 3622 2480 νῦν
3669 2427 3751 2490 είς

2168 2528 2415 2598 ὑπακοὴν
2447 2528 2682 2589 πίστεως
2709 2527 2788 2588 εἰς
2829 2525 3006 2578 πάντα
3050 2524 3117 2576 τὰ
3145 2521 3294 2592 ἔθνη.
3333 2519 3609 2590 Ἐστρὰῳη
3643 2517 3753 2588 γὰρ

2169 2621 2246 2682 εἰς
2272 2617 2510 2689 Χριστὸν
2533 2616 2602 2668 τὰ
2627 2615 2752 2685 ἔθνη
2781 2614 2882 2684 τῆς
2905 2611 3256 2683 ψευδωνύμου
3285 2611 3537 2680 λατρείας
3556 2609 3756 2682 ἐξῃρη-

2172 2710 2333 2780 μένα,
2366 2708 2459 2760 καὶ
2493 2707 2569 2770 ὡς
2599 2705 2733 2758 Θεὸν
2761 2703 2922 2758 αὐτὸν
2954 2702 3308 2771 έπεγνωκότα
3336 2699 3427 2753 τὸν
3460 2699 3618 2769 φύσει
3659 2698 3758 2751 καί⁵

2170 2799 2408 2870 ἀληθῶς.
2434 2798 2543 2852 Καὶ
2587 2799 2636 2850 εἰ
2679 2795 2866 2864 σαφῶς
2895 2795 2982 2847 διὰ
3021 2791 3194 2864 Ἰησοῦ
3226 2791 3461 2864 Χριστοῦ
3506 2788 3756 2860 ἐγνώσθη

2170 2891 2325 2955 Θεὸς,
2373 2883 2490 2954 πῶς
2537 2890 2596 2943 οὐ
2636 2889 2782 2959 μέγα
2816 2888 2875 2940 τὸ
2913 2884 3149 2956 Χριστοῦ
3205 2884 3540 2954 μυστήριον;
3590 2882 3654 2934 Εἰ
3698 2880 3758 2934 δὲ

2171 2985 2374 3036 νοεῖται
2432 2980 2555 3035 καθ’
2596 2981 2742 3050 ἡμᾶς
2796 2978 3088 3048 ἄνθρωπος
3144 2974 3353 3038 ἁπλῶς,
3402 2972 3497 3027 καὶ
3530 2972 3651 3042 οῦχὶ
3697 2970 3758 3024 δὲ

2175 3069 2377 3141 μᾶλλον
2409 3068 2542 3132 Θεὸς
2566 3065 3028 3140 ὲνηνθρωπηκὼς,
3061 3065 3244 3118 οὐκέτι
3275 3063 3439 3134 σοφὸν
3464 3062 3522 3116 τὸ
3546 3061 3760 3132 μυστή-

2178 3178 2313 3232 ριον.

2253 3475 2270 3507 ι
2304 3457 2460 3522 Λέγω
2495 3454 2603 3525 γὰρ
2632 3454 2869 3526 Χριστὸν
2894 3452 3141 3506 διάκονον
3186 3447 3513 3520 γεγενῆσθαι
3542 3465 3764 3520 περιτο-

2179 3549 2286 3619 μῆς
2319 3548 2460 3618 ὑπὲρ
2496 3546 2751 3616 ἀληθείας
2786 3544 2943 3607 Θεοῦ,
2977 3545 3056 3606 εἰς
3106 3543 3168 3595 τὸ
3217 3542 3512 3612 βεϐαιῶσαι
3542 3541 3639 3604 τὰς
3670 3542 3766 3593 ἑπ-

2175 3640 2439 3710 αγγελίας
2493 3639 2602 3691 τῶν
2654 3637 2935 3708 πατέρων·
2991 3635 3059 3688 τὰ
3109 3635 3165 3688 δὲ
3210 3635 3339 3705 ἔθνη
3389 3635 3526 3705 ὑπὲρ
3580 3633 3763 3696 ἐλέους

2177 3732 2400 3796 δοξάσαι
2426 3731 2518 3784 τὸν
2546 3731 2701 3784 Θεόν.
2739 3728 3054 3799 Γέγραπται
3090 3728 3220 3797 γὰρ,
3252 3728 3335 3780 ὅτι
3379 3744 3397 3777 ι
3446 3726 3766 3779 Ἐπίστευσα

2177 3823 2233 3876 δὲ
2269 3823 2522 3892 Ἀϐραὰμ
2553 3821 2629 3891 τῷ
2659 3820 2801 3890 Θεῷ,
2830 3820 2924 3872 καὶ
2962 3819 3217 3889 ἐλογίσθη
3259 3818 3406 3887 αὑτῴ
3449 3820 3526 3880 εἰς
3554 3817 3766 3870 δικαιο-

2182 3915 2365 3985 σύνην.
2404 3933 2421 3965 ι
2459 3915 2687 3984 Εἴρηται
2733 3913 2790 3966 δὲ
2841 3913 2978 3983 πρὸς
3009 3911 3190 3977 αὑτὸν,
3221 3913 3304 3964 ὅτι
3337 3931 3355 3963 ι
3380 3910 3771 3982 Ἐνευλογηθή-

2183 4025 2362 4061 σονται
2395 4009 2452 4060 ἐν
2486 4007 2568 4060 σοι
2605 4009 2776 4060 πᾶσαι
2811 4008 2867 4060 αἰ
2916 4005 3081 4075 φυλαὶ
3126 4005 3225 4074 τῆς
3272 4005 3394 4075 γῆς.
3429 4024 3449 4054 ι
3477 4006 3542 4057 Ὃ
3570 4004 3632 4075 δὴ
3673 4004 3767 4058 καὶ

2184 4100 2352 4165 σαφὲς
2395 4101 2524 4171 ἡμῖν
2575 4099 2748 4152 ἐποίει
2799 4099 2975 4167 λέγων
3019 4101 3048 4151 6
3100 4097 3344 4160 Παῦλος·
3381 4114 3398 4148 ι
3432 4096 3506 4149 Οὐ
3541 4095 3651 4166 γὰρ
3681 4095 3769 4148 διὰ

2182 4193 2348 4261 νόμου
2377 4195 2409 4256 ἡ
2447 4189 2750 4258 ἐπαγγελία
2793 4189 2868 4259 τῷ
2904 4187 3174 4259 Ἀϐραὰμ,
3205 4191 3284 4251 εἰς
3330 4187 3391 4240 τὸ
3432 4186 3772 4257 κληρονόμον

2183 4285 2346 4338 αὑτὸν
2379 4279 2516 4337 εἶναι
2556 4284 2786 4354 κόσμου,
2817 4283 2953 4336 ἀλλὰ
2998 4282 3087 4335 διὰ
3135 4279 3483 4349 δικαιοσύνης
3541 4279 3633 4332 καὶ
3678 4279 3771 4330 πί-

2188 4387 2377 4434 στεως.
2409 4389 2427 4422 ι
2471 4371 2579 4424 Καὶ
2635 4371 2832 4424 πάλιν·
2886 4371 3081 4422 «Ὥστε
3128 4371 3174 4421 οἱ
3219 4370 3298 4422 ὲκ
3330 4369 3568 4430 πίστεως
3619 4366 3772 4421 εὐλο-

2185 4459 2408 4529 γοῦνται
2446 4461 2543 4514 σὺν
2572 4461 2650 4532 τῷ
2687 4460 2866 4532 πιστῷ
2901 4460 3172 4532 Ἁϐραάμ.
3205 4479 3223 4512 ι
3261 4459 3468 4513 Οὐκοῦν
3495 4460 3543 4511 εἰ
3585 4461 3649 4511 ὲκ
3679 4459 3772 4510 πί-

2191 4568 2360 4615 στεως
2406 4555 2462 4605 αι
2509 4553 2838 4621 ἐπαγγελίαι
2887 4551 3119 4604 δίδονται
3159 4554 3270 4614 τοῖς
3319 4551 3560 4621 πατράσι
3623 4550 3773 4622 παρᾶ

501 4651 677 4702 factus
705 4623 820 4712 est,
855 4646 958 4700 hoc
983 4653 1067 4700 est
1092 4643 1382 4705 mediator,
1421 4640 1487 4694 ad
1523 4637 1822 4694 ﬁrmandus
1848 4636 2075 4707 promis-

2188 4642 2348 4708 Θεοῦ,
2388 4643 2576 4712 γέγονε
2633 4644 2811 4696 τοίνυν
2853 4644 3098 4706 διάκονος
3141 4644 3170 4696 6
3221 4643 3478 4712 Χριστὸς,
3524 4641 3778 4696 τουτέστι

500 4742 681 4796 siones
707 4739 954 4809 patribus
980 4753 1011 4793 ιι
1039 4737 1150 4793 Deo
1175 4735 1368 4801 factas,
1392 4748 1584 4804 nempe
1608 4731 2082 4801 justilicationem,

499 4848 620 4901 qua:
646 4847 740 4900 per
772 4833 930 4886 [idem
965 4830 1241 4886 obtinetur
1274 4827 1476 4900 (factus
1511 4835 1598 4882 est
1631 4835 1808 4880 autem
1834 4822 2085 4878 Christus

503 4923 771 4986 minister,
803 4924 904 4978 hoc
937 4931 1022 4978 est
1044 4923 1334 4988 mediator,
1359 4935 1466 4975 non
1497 4927 1556 4974 ut
1582 4917 1740 4973 alteri
1773 4917 1932 4972 (idem
1957 4932 2086 4972 con-

505 5013 738 5079 ciliaret,
775 5015 867 5068 sed
893 5023 951 5067 ttt
982 5014 1085 5068 sibi
1121 5013 1222 5084 ipsi
1251 5021 1307 5068 et
1346 5011 1495 5067 Patri
1533 5026 1630 5082 per
1657 5008 1960 5079 seipsum):
2000 5007 2085 5062 cui

505 5107 725 5161 dubium
757 5122 877 5162 esse
903 5116 1100 5177 potest,
1129 5106 1259 5175 quin
1302 5120 1462 5160 verus
1507 5103 1804 5160 secundum
1836 5101 2084 5155 naturam

506 5197 649 5255 Deus
682 5199 945 5254 exsistat?
976 5196 1110 5252 Nam
1145 5205 1202 5251 ιιι
1229 5197 1419 5252 beatus
1441 5195 1712 5250 Abraham
1754 5191 2086 5264 jttstiﬁcatus

500 5302 592 5363 est
620 5292 673 5347 in
711 5292 877 5348 Deum
911 5293 1160 5357 credens,
1220 5289 1292 5344 ita
1338 5299 1526 5360 gentes
1571 5301 1788 5358 quoque
1821 5283 2089 5357 iustiﬁca-

577 5493 625 5524 “
649 5493 807 5548 Rom.
837 5509 892 5558 ιι,
921 5492 1076 5546 6-H.

514 5561 557 5592 "
581 5563 754 5617 Gztlat.
788 5573 870 5628 tt'l,
904 5564 959 5616 9.

1166 5491 1231 5522 ‘5‘
1261 5489 1420 5554 Rom,
1471 5503 1582 5554 xVI,
1617 5486 1809 5540 25-27.

1923 5486 1963 5516 ⁸⁷
1994 5486 2152 5541 Rom.
2184 5499 2272 5548 xv,
2305 5484 2360 5549 8,
2403 5485 2472 5550 9;
2516 5499 2588 5548 IV,
2621 5484 2676 5538 5.

2193 4733 2442 4804 μεσίτης,
2476 4735 2555 4798 είς
2600 4733 2662 4787 τὸ
2704 4733 2999 4803 βεϐαιῶσαι
3041 4733 3139 4797 τὰς
3165 4733 3497 4802 ἐπαγγελίας
3534 4732 3632 4799 τὰς
3663 4735 3778 4795 τοῖς

2193 4825 2437 4896 πατράσι
2461 4825 2709 4890 δοθείσας
2741 4826 2892 4895 παρὰ
2920 4824 3078 4890 Θεοῦ,
3110 4827 3358 4880 τουτέστι
3407 4825 3507 4898 τὴν
3549 4825 3638 4878 διὰ
3685 4824 3779 4876 πὶο

2197 4936 2369 4982 στεως
2407 4918 2708 4974 δικαίωσιν.
2747 4919 2943 4987 Γέγονε
2983 4917 3161 4972 τοίνυν
3191 4917 3438 4980 διάκονος
3466 4919 3493 4968 6
3520 4916 3776 4986 Χριστὸς,

2194 5009 2444 5062 τουτέστι
2475 5010 2728 5079 μεσίτης.
2764 5009 2863 5079 οὐχ
2885 5009 2960 5072 ὼς
2989 5009 3160 5080 ἑτέρῳ
3183 5008 3282 5078 τὴν
3312 5007 3496 5060 πίστιν
3527 5022 3781 5078 πραγμαο

2195 5101 2508 5169 τευόμενος,
2537 5100 2654 5153 ἀλλ’
2680 5100 2756 5164 ὼς
2790 5099 2969 5170 ἑαυτῴ
2999 5099 3200 5170 μᾶλλον
3235 5099 3331 5152 καὶ
3377 5097 3444 5151 δι’
3475 5096 3670 5151 ἑαυτοῦ
3701 5095 3781 5167 τῷ

2197 5190 2394 5261 Πατρί.
2440 5191 2573 5254 Θεὸς
2603 5192 2712 5262 ἄρα
2743 5191 2887 5245 κατὰ
2925 5191 3086 5260 φύσιν
3107 5189 3246 5246 ἐστί.
3287 5189 3642 5244 Δεδικαίωται
3672 5186 3789 5258 γὰρ

2165 5283 2224 5375 ¹ὁ
2263 5284 2532 5355 μακάριος
2570 5283 2824 5355 Ἀϐραὰμ
2873 5281 3256 5348 πεπιστευκὼς
3294 5283 3374 5347 εἰς
3423 5281 3591 5336 Θεόνο
3642 5279 3790 5334 οὕτω

2755 5483 2959 5540 "Gen.
3008 5501 3104 5550 tm,
3148 5485 3202 5540 3.
3299 5484 3345 5517 δ’
3370 5481 3532 5539 Rom.
3583 5497 3662 5551 tv,
3695 5479 3784 5537 13.

1621 5713 1792 5769 Varim
1822 5713 2084 5767 lectiones
2106 5711 2312 5768 codicis
2344 5708 2705 5780 Seguieriani.

596 5901 627 5919 "‘
670 5897 838 5950 ὕποτσ
856 5898 971 5964 γήν.
