4076 6414
347 401 482 457 i325

1428 391 1519 446 DE
1558 392 1785 447 liECTA
1827 390 1982 446 FIDE
2019 392 2109 445 AD
2150 390 2466 446 ΠΕΟ-ΗΑΒ.

3462 395 3600 447 1526

338 513 398 568 δι
425 512 522 566 καὶ
561 510 630 566 τὰ
655 511 782 582 ἔθνη
819 508 1158 564 δικαιωθεῖεν
1189 508 1254 562 ἂν
1286 509 1344 562 ἐν
1375 508 1544 579 αύτῷ,
1571 511 1685 572 τοῖς
1719 509 1920 582 ίχνεσιν

2043 517 2226 562 runtur
2258 508 2311 562 itt
2342 509 2481 576 ipso,
2512 509 2554 561 si
2587 510 2830 578 vestigiis
2865 509 3006 564 illius
3045 509 3264 572 innixae,
3301 510 3352 576 in
3395 509 3559 564 Deum
3589 552 3604 575 ,

341 604 506 660 αὐτοῦ
554 602 1123 673 κατακολουθήσαντα,
1158 602 1254 654 καὶ
1308 602 1366 652 ἐν
1409 601 1529 671 Θεῷ
1574 599 1920 663 πιστεύοντα,

339 697 588 752 τουτέστι
623 694 866 765 Χριστῷ.

575 806 672 859 Ἐκ
710 806 820 874 τῆς
859 807 1010 875 πρὸς
1048 806 1400 874 Κορινθίους
1437 803 1701 874 πρώτης.

417 940 435 971 ι
463 919 575 972 Καὶ
626 918 801 974 ταῦτά
853 937 996 984 τινες
1044 915 1143 989 ἦτε
1167 936 1181 950 ο
1237 918 1354 972 ἀλλ’
1384 916 1778 982 ἀπελούσασθε,
1811 915 1925 968 ἀλλ’

338 1011 664 1082 ἡγιάσθητε,
695 1012 810 1065 ἀλλ’
843 1013 1200 1084 ἐδικαιώθητε
1244 1014 1300 1064 ἐν
1330 1011 1406 1083 τῷ
1435 1012 1658 1082 ὀνόματι
1692 1009 1784 1063 τοῦ
1819 1011 1927 1062 Κυ-

341 1102 458 1173 ρίου
494 1101 670 1173 Ἰησοῦ
701 1102 960 1174 Χριστοῦ,
995 1103 1088 1155 καὶ
1135 1104 1192 1154 ἐν
1222 1101 1300 1171 τῷ
1331 1100 1607 1172 Πνεύματι
1654 1099 1747 1152 τοῦ
1790 1097 1925 1151 Θεοῦ

339 1193 517 1264 ἡμῶν.
553 1213 571 1243 ι
616 1194 678 1246 Ei
706 1195 764 1246 ἐν
792 1193 868 1264 τῷ
898 1193 1123 1264 ὀνόματι
1154 1193 1247 1245 τοῦ
1276 1192 1514 1263 Χριστοῦ
1543 1189 1925 1261 δικαιούμεθα,

337 1286 414 1348 ὡς
440 1285 570 1339 Θεὸν
602 1289 668 1357 τῇ
701 1287 878 1339 πίστει
912 1287 1265 1356 τιμήσαντες,
1296 1285 1388 1338 καὶ
1415 1284 1476 1337 τὸ
1508 1284 1672 1338 αὑτοῦ
1700 1283 1926 1353 Πνεῦμα

337 1379 642 1449 δεχόμενοι,
678 1379 795 1442 πῶς
825 1379 884 1431 ού
915 1379 1049 1442 Θεὸς
1076 1379 1104 1430 6
1132 1378 1402 1449 Χριστός;

673 1512 768 1566 Ἐκ
808 1511 918 1580 τῆς
955 1514 1102 1579 πρὸς
1140 1511 1489 1579 Κορινθίους
1521 1510 1604 1574 β’.

419 1664 436 1697 ι
467 1644 531 1696 Εἰ
558 1645 661 1714 μέν
684 1644 793 1714 γὰρ
811 1646 840 1698 6
868 1645 1162 1715 ἐρχόμενος
1181 1644 1368 1713 ἓτερον
1400 1642 1606 1714 Ἰησοῦν
1637 1641 1924 1712 κηρύσσει,

339 1736 404 1788 ὃν
445 1737 544 1788 οὐκ
596 1735 976 1806 ἐκηρύξαμεν,
1028 1736 1062 1806 ἢ
1117 1736 1334 1807 πνεῦμα
1379 1736 1566 1804 ἕτερον
1599 1735 1925 1805 λαμϐάνετε,

344 1826 477 1894 παρ’
504 1824 533 1876 6
567 1823 786 1878 ἐλάϐετε
813 1840 826 1854 ’
862 1825 895 1896 ἢ
927 1826 1265 1894 Εύαγγέλιον
1294 1826 1502 1896 ἓτερον,
1534 1827 1663 1896 παρ’
1691 1826 1719 1878 ὃ
1745 1825 1926 1891 ἐδέξαο

343 1918 460 1971 σθε’
490 1917 670 1980 καλῶς
720 1917 1022 1987 ἀνείχεσθε.
1061 1938 1078 1969 ι
1131 1919 1243 1988 Πρὸ
1283 1917 1391 1971 τῶν
1432 1918 1533 1987 τῆς
1578 1919 1926 1989 ἐνανθρωπήε

343 2025 488 2071 σεως
511 2007 719 2080 καιρῶν
748 2009 924 2071 οὐδεὶς
952 2009 1227 2077 ὀνομάσας
1255 2009 1569 2080 εὑρίσκεται
1589 2009 1680 2061 τὸν
1703 2009 1924 2063 ἐκλΘεοῦ

344 2097 541 2165 Λόγον,
559 2097 765 2168 Ἰησοῦν
786 2099 819 2170 ἢ
839 2101 1074 2170 Χριστόν
1098 2116 1112 2130 ·
1137 2103 1186 2153 εί
1207 2101 1281 2172 μὴ
1311 2100 1418 2171 ἄρα
1448 2101 1589 2154 κατά
1618 2102 1926 2172 πρόγνωσιν

341 2188 852 2260 ὀνομασθησόμενον
879 2191 1039 2245 τοῦτο
1069 2192 1212 2246 κατὰ
1238 2196 1482 2264 καιροὺς,
1507 2187 1598 2247 ’ὅτε
1619 2195 1714 2248 καὶ
1733 2195 1926 2262 γέγονε

351 2275 726 2347 σάρξ.”ονομα
760 2279 940 2334 τοίνυν
977 2280 1161 2334 καινὸν
1195 2281 1344 2351 αύτῷ
1373 2283 1452 2346 τὸ,
1471 2283 1698 2353 Ἰησοῦς,
1720 2284 1809 2336 ὅτε
1838 2284 1932 2352 γὲο

349 2385 508 2434 γονεν
558 2370 864 2440 ἄνθρωπος.
885 2371 1023 2426 Ἀλλ’
1056 2376 1104 2426 εί
1156 2373 1256 2444 μὲν
1283 2374 1362 2438 ὡς
1400 2375 1533 2439 Θεὸς
1569 2375 1927 2446 κηρύσσεται,

351 2460 448 2512 καὶ
474 2455 556 2523 εἷς
583 2459 658 2512 ὢν
687 2461 771 2532 (ού
806 2462 914 2534 γὰρ
944 2463 1132 2534 ἕτερός
1159 2483 1244 2529 τις
1271 2469 1401 2538 παρ’
1432 2467 1614 2528 αὐτὸν,
1646 2467 1706 2522 ὃν
1736 2467 1931 2522 δύναν-

351 2569 442 2605 ται
474 2553 710 2624 κηρύξαι
747 2556 936 2625 τινὲς).
959 2552 1018 2610 εὖ
1045 2557 1111 2611 ἂν
1144 2557 1279 2628 ἔχοι,
1307 2561 1402 2613 καὶ
1430 2559 1550 2630 Θεῷ
1575 2560 1928 2631 λατρεύομεν.

357 2644 420 2695 Εἰ
455 2643 512 2696 δέ
543 2645 745 2714 μέτρον
772 2647 920 2716 αύτῷ
943 2649 1005 2701 τὸ
1027 2649 1126 2719 τῆς
1153 2649 1576 2722 ἀνθρωπότητός
1599 2651 1715 2703 ἐστι
1750 2651 1931 2720 μόνον,

356 2733 452 2786 καὶ
495 2734 625 2806 ψιλῇ
672 2737 981 2805 προσώπων
1025 2739 1220 2794 ἐνώσει
1271 2742 1592 2812 τετίμηται·
1638 2743 1936 2796 κεκένωται

350 2823 455 2892 ’τῆς
483 2825 717 2890 πίστεως
736 2827 894 2898 ἡμῶν
917 2832 945 2882 6
970 2829 1426 2902 λόγος,άνθρώπῳ
1450 2833 1740 2902 προσάγων
1761 2833 1934 2900 ἡμᾶς,

359 2913 452 2965 καὶ
475 2913 536 2966 ού
566 2913 705 2984 Θεῷ.
724 2917 884 2971 Ἀλλά
903 2918 1061 2972 τοῦτο
1091 2921 1369 2982 δυσσεϐὲς.
1398 2921 1529 2984 Θεὸς
1551 2921 1659 2991 ἄρα
1680 2920 1936 2990 Χριστὸς.

363 3004 457 3057 καὶ
487 3005 635 3069 Υἱὸς,
668 3009 745 3072 ὡς
773 3011 866 3064 τοῦ
893 3011 1028 3066 Θεοῦ
1064 3013 1240 3082 Λόγου
1277 3014 1478 3085 σαρκὸς
1510 3014 1818 3082 γεγονότος.

2026 599 2129 654 hoc
2161 607 2246 654 est
2277 600 2328 654 in
2357 599 2637 654 Christum
2662 595 3012 655 crediderint.

2438 798 2523 851 Ea:
2554 800 2722 866 priori
2761 799 2829 852 ad
2865 800 3188 852 Corinthios.

2100 921 2120 954 ε
2150 901 2216 957 Ει
2268 903 2383 957 haec
2428 905 2644 974 quidam
2704 904 2928 960 fuistis:
2962 907 3055 960 sed
3104 907 3269 960 abluti
3317 910 3473 972 estis,
3508 911 3601 962 sed

2028 997 2348 1051 sanctiﬁcati
2371 997 2912 1063 estis,scdjustiiicati
2930 1000 3064 1053 estis
3081 999 3133 1052 in
3159 1001 3374 1053 nomine
3395 1002 3604 1054 Ι)οιιιίιιί

2030 1087 2196 1141 nostri
2226 1085 2349 1142 Jesu
2380 1087 2604 1155 Christi,
2640 1099 2694 1142 et
2720 1090 2771 1142 in
2790 1089 2992 1159 Spiritu
3021 1090 3113 1145 Dei
3142 1097 3307 1146 nostri
3327 1091 3439 1144 λι.»
3468 1094 3603 1146 Cum

2030 1178 2082 1231 in
2107 1180 2324 1232 nomine
2346 1179 2548 1234 Christi
2571 1181 2947 1248 jttstiﬁcemur,
2972 1196 3203 1250 eumque
3229 1182 3332 1235 [ide
3356 1193 3412 1234 ut
3438 1182 3604 1236 Deum

2029 1285 2370 1337 veneremur,
2402 1273 2753 1339 ejusdemque
2789 1273 2992 1340 Spiritu
3030 1274 3445 1341 locupletemur,
3477 1290 3609 1343 quo-

2030 1364 2187 1417 modo
2221 1379 2325 1416 non
2359 1365 2462 1417 erit
2503 1363 2643 1416 Dens
2667 1365 2962 1420 Christus?

2390 1497 2474 1550 Eo:
2501 1501 2780 1566 posteriori
2810 1503 2877 1551 ad
2919 1499 3243 1555 Corinthios.

2105 1645 2124 1678 ε
2165 1627 2298 1681 Nam
2329 1629 2372 1681 si
2406 1629 2450 1681 is
2504 1629 2595 1696 qni
2647 1629 2811 1693 venit,
2864 1630 3027 1683 alium
3085 1631 3269 1686 Jesum
3324 1636 3604 1702 prtedical,

2029 1735 2187 1789 quem
2215 1735 2319 1774 non
2352 1721 2800 1789 przedicavitnus,
2835 1733 2926 1774 aut
2971 1723 3140 1776 alium
3172 1727 3417 1792 spiritum
3459 1729 3606 1783 acci-

2031 1811 2177 1880 pitis,
2212 1826 2372 1880 quem
2407 1827 2510 1864 non
2544 1813 2871 1880 accepistis:
2908 1824 3002 1866 aut
3044 1815 3185 1867 aliud
3234 1817 3602 1888 Evmrgelium,

2031 1905 2172 1974 quod
2225 1920 2328 1958 non
2381 1905 2664 1973 recepistis
2697 1921 2713 1957 :
2744 1917 2888 1958 recte
2941 1909 3349 1975 pateremini".
3399 1931 3417 1961 ι
3467 1914 3609 1967 Ante

2034 1996 2124 2048 Dei
2158 1993 2392 2050 Verbum
2429 1996 2765 2051 incarnatum
2799 1998 2975 2051 nullus
3018 2011 3327 2066 compertus
3358 2014 3472 2065 est,
3515 2005 3608 2072 qui

2032 2097 2126 2141 aut
2180 2087 2385 2150 Jesum,
2437 2097 2530 2142 aut
2584 2087 2864 2142 Christum
2919 2089 3046 2141 illud
3105 2093 3450 2161 nominaret;
3503 2096 3606 2148 nisi

2034 2178 2301 2248 quispiam
2343 2178 2522 2234 forsan
2557 2180 2860 2234 futurorum
2885 2182 3139 2248 prtescius
3180 2183 3330 2247 olim,
3361 2199 3484 2239 cum
3525 2186 3610 2240 ni—

2037 2271 2232 2325 mirum
2263 2286 2392 2325 caro
2422 2271 2623 2325 factum
2661 2281 2825 2335 esset,
2868 2273 2969 2326 hoc
3017 2274 3233 2328 nomine
3282 2276 3607 2344 appellatum

2038 2363 2103 2417 iri
2139 2365 2466 2430 praedixerit.
2499 2362 2706 2418 Nomen
2751 2364 2854 2417 hoc
2893 2363 3078 2433 itaque
3105 2363 3300 2428 Jesus,
3332 2367 3492 2420 simul
3523 2377 3610 2420 at-

2039 2470 2144 2521 que
2171 2455 2367 2509 factum
2397 2463 2480 2509 est
2505 2456 2690 2521 homo,
2715 2470 2910 2509 novum
2943 2458 3252 2526 impositum
3284 2467 3366 2512 est
3401 2458 3495 2511 illi.
3544 2459 3616 2512 At

2043 2562 2171 2602 vero
2208 2548 2251 2600 si
2283 2557 2342 2600 ut
2372 2545 2513 2602 Deus
2543 2548 2659 2600 orbi
2685 2549 3052 2612 annuntiatur,
3085 2558 3138 2603 et
3168 2565 3308 2603 unus
3339 2551 3612 2604 nihilomi-

2043 2653 2144 2693 nus
2165 2647 2256 2692 est
2285 2637 2485 2709 (neque
2515 2638 2657 2691 enim
2694 2648 2778 2692 est
2799 2638 2934 2692 alius
2966 2649 3158 2708 praeter
3183 2640 3353 2705 illum,
3395 2643 3485 2711 qui
3520 2659 3612 2696 ult-~

2041 2729 2277 2783 nuntiari
2315 2729 2528 2799 possit),
2566 2729 2702 2784 bene
2727 2745 2814 2784 res
2852 2730 3032 2784 habet.
3085 2732 3195 2786 Deo
3220 2735 3362 2786 enim
3409 2737 3615 2791 servire

2041 2822 2366 2876 invenimur.
2393 2820 2546 2886 Quod
2583 2821 2628 2875 si
2659 2835 2784 2876 vero
2812 2820 2940 2875 solae
2968 2822 3218 2877 humanae
3250 2835 3458 2879 naturae
3487 2841 3620 2880 con-

2043 2914 2274 2968 ditiones
2313 2915 2365 2966 in
2397 2913 2545 2967 illum
2569 2912 2919 2978 conveniunt,
2955 2929 3051 2967 nec
3078 2913 3237 2967 aliam
3269 2916 3338 2968 ob
3369 2932 3615 2983 causam,

2043 3022 2204 3075 quam
2241 3015 2462 3075 propter
2500 3005 2697 3059 nudam
2725 3005 2870 3090 illam
2915 3005 3323 3076 simplicemque
3360 3022 3618 3076 persona-

364 3109 482 3150 rum
523 3102 836 3160 societatem
881 3107 1078 3162 colitur
1114 3123 1130 3159 :
1179 3108 1354 3163 inanis
1398 3109 1638 3178 profecto
1674 3117 1761 3163 est
1815 3106 1936 3161 ﬁdei
1978 3116 2181 3160 nostra:
2223 3101 2386 3168 ratio,
2450 3111 2507 3155 ut
2553 3115 2673 3170 quae
2710 3115 2814 3155 non
2847 3100 2957 3155 Deo
2993 3116 3090 3156 nos
3162 3103 3485 3170 conjnngat,
3525 3105 3619 3158 sed

369 3195 593 3252 homini.
628 3199 790 3269 Atqui
830 3201 944 3257 hac
968 3203 1209 3258 doctrina
1249 3217 1333 3258 εει
1398 3203 1557 3273 plane
1605 3203 1787 3274 impia.
1831 3200 1974 3257 Deus
2045 3199 2232 3269 itaque
2269 3194 2541 3254 Christus.
2583 3205 2638 3250 et
2681 3195 2882 3260 Filius;
2929 3212 3048 3250 cum
3094 3193 3329 3252 Verbum
3375 3199 3446 3250 sit
3492 3215 3620 3253 caro

362 3288 591 3344 factum.

771 3404 873 3458 Ἐκ
911 3403 1019 3474 τῆς
1057 3406 1206 3475 πρὸς
1242 3407 1540 3473 Γαλάτας.
1619 3395 1623 3399 ’

446 3535 466 3568 ι
496 3516 794 3586 Θαυμάζω,
842 3518 924 3571 ὅτι
971 3518 1114 3572 οὕτω
1161 3520 1371 3590 ταχέως
1432 3520 1789 3591 μετατίθεσθε
1838 3521 1948 3574 ἀπὸ

367 3607 462 3662 τοῦ
504 3608 832 3670 καλέσαντος
862 3611 1005 3681 ὑμᾶς
1045 3615 1103 3665 ἐν
1145 3613 1326 3683 χάριτι
1361 3613 1618 3684 Χριστοῦ,
1651 3615 1730 3677 είς
1760 3614 1946 3684 ἓτερον

371 3701 734 3768 Εὐαγγέλιον·
779 3702 808 3754 ὂ
836 3702 936 3754 οὐκ
970 3701 1114 3756 ἐστιν
1156 3705 1283 3758 ἄλλο
1308 3724 1320 3737 ·
1353 3707 1402 3758 εἱ
1449 3709 1522 3776 μή
1555 3707 1700 3771 τινές
1729 3708 1866 3759 εἰσιν
1898 3709 1947 3760 οἱ

369 3790 735 3859 ταράσσοντες
786 3792 968 3860 ὑμᾶς,
1016 3797 1109 3846 καὶ
1160 3795 1404 3858 θέλοντες
1463 3797 1834 3866 μεταστρέψαι
1887 3798 1948 3848 τὸ

372 3880 705 3949 Εύαγγέλιον
735 3881 828 3934 τοῦ
857 3884 1115 3953 Χριστοῦ.
1144 3884 1305 3938 Ἀλλὰ
1329 3886 1422 3938 καὶ
1453 3886 1549 3937 ἐὰν
1578 3888 1757 3955 ἡμεῖς,
1785 3887 1816 3957 ἢ
1846 3886 1970 3962 ἄγη,

371 3969 528 4037 γελος
555 3970 616 4034 ἐξ
645 3970 874 4039 ούρανοῦ
903 3973 1326 4044 εὐαγγελίσηται
1356 3975 1485 4043 ὑμῖν
1515 3978 1639 4046 παρ’
1663 3975 1690 4027 ὃ
1718 3977 1948 4044 εὐηγγε-

371 4061 643 4132 λισάμεθα
683 4064 831 4133 ὑμῖν,
867 4065 1112 4134 ἀνάθεμα
1144 4065 1303 4120 ἔστω.
1335 4086 1353 4118 ι
1393 4067 1458 4119 Εἰ
1489 4067 1546 4120 ἓν
1572 4071 1718 4120 ἐστιν
1767 4070 1946 4135 Εὐαγ-

372 4153 552 4220 γέλιον
594 4156 654 4207 τὸ
696 4153 921 4225 λαληθὲν
967 4157 1153 4228 ἁπάσῃ
1195 4160 1260 4228 τῇ
1305 4159 1396 4210 ὑπ’
1435 4159 1664 4228 οὐρανὸν
1706 4159 1791 4212 διὰ
1839 4159 1948 4212 τῶν

374 4243 545 4310 ἁγίων
594 4246 992 4314 μυσταγωγῶν,
1025 4246 1183 4300 τοῦτο
1234 4249 1290 4300 δέ
1337 4250 1484 4301 ἐστιν
1513 4251 1546 4319 ἡ
1583 4250 1766 4312 πίστις
1800 4252 1831 4320 ἡ
1869 4252 1949 4312 είς

371 4334 629 4404 Χριστόνο
661 4335 777 4399 πῶς
820 4338 881 4390 ού
929 4338 1061 4402 Θεὸς
1103 4340 1187 4410 εἴη
1237 4338 1303 4392 ἂν
1336 4339 1560 4411 ἀληθὴς,
1593 4342 1752 4412 εἴπερ
1799 4341 1948 4395 ἐστὶν

372 4422 667 4489 ἀναγκαῖον
695 4424 996 4494 ὁμολογεῖν,
1025 4427 1100 4491 ὡς
1123 4429 1185 4480 ἐκ
1216 4428 1318 4496 τῆς
1348 4431 1580 4499 ἀρχαίας
1613 4431 1822 4502 πλάνης
1858 4449 1950 4484 κε-

373 4511 625 4581 κλήμεθα
657 4514 790 4585 πρὸς
820 4516 1114 4584 ἐπίγνωσιν
1140 4518 1233 4571 τοῦ
1262 4520 1404 4574 κατά
1426 4520 1587 4590 φύσιν
1609 4521 1946 4589 δντος⁴Θεοῦ;

371 4601 578 4672 Θαρσεῖ
605 4604 660 4657 δὲ
689 4606 942 4659 τοσοῦτον
973 4609 1002 4659 6
1039 4609 1307 4682 μακάριος
1340 4611 1573 4677 Παῦλος,
1606 4613 1683 4677 ὡς
1711 4617 1804 4668 καὶ
1850 4617 1950 4684 ἀγ-
1975 4615 1981 4619 ’

372 4693 564 4762 γέλους
594 4695 1032 4766 ἀναθεματίζειν,
1059 4702 1108 4753 εί
1137 4700 1200 4770 δὴ
1233 4704 1665 4775 μεταστρέψειαν
1692 4707 1750 4759 τὸ
1770 4708 1947 4778 Εὐαγο

373 4785 554 4852 γέλιον
589 4786 683 4839 τοῦ
718 4787 976 4857 Χριστοῦ.

454 4873 611 4926 ι”Οτε
648 4873 705 4926 δέ
740 4876 1038 4948 ηὐδόκησεν
1066 4879 1094 4930 6
1126 4879 1257 4942 Θεὸς
1291 4885 1318 4934 6
1353 4884 1622 4954 ἀφορίσας
1653 4903 1720 4956 με
1747 4887 1810 4939 ἐκ
1841 4905 1948 4941 κοι-

374 4962 496 5025 λίας
529 4966 733 5035 μητρός
757 4984 879 5036 μου,
903 4970 1252 5040 ἀποκαλύψαι
1272 4975 1361 5027 τὸν
1385 4975 1512 5030 Υίὸν
1536 4979 1702 5031 αὑτοῦ
1728 4982 1784 5032 ἐν
1807 4981 1950 5050 ἐμοὶ,

377 5051 466 5106 ἵνα
505 5056 942 5128 εὐαγγελίζωμαι
973 5061 1134 5114 αὐτὸν
1163 5064 1220 5114 ἐν
1251 5067 1364 5128 τοῖς
1401 5066 1630 5132 ἔθνεσιν,
1657 5069 1860 5134 εύθέως
1892 5071 1952 5123 ού

381 5145 800 5216 προσανεθέμην
836 5151 998 5221 σαρκὶ
1046 5153 1139 5204 καὶ
1173 5153 1386 5223 αἵματι,
1419 5157 1540 5210 οὐδὲ
1593 5161 1824 5229 ἀνῆλθον
1873 5163 1954 5226 είς

394 5233 739 5306 Ἰεροσόλυμα
767 5241 903 5310 πρὸς
932 5243 1056 5305 τοὺς
1106 5243 1212 5314 πρὸ
1258 5245 1392 5315 ἐμοῦ
1424 5249 1775 5314 ἀποστόλους.
1813 5272 1831 5303 ι
1865 5252 1955 5324 Τῷ

387 5328 496 5396 γὰρ
546 5326 692 5392 ἅπαξ
738 5327 837 5398 τὴν
886 5333 950 5382 ἐκ
1003 5333 1137 5386 Θεοῦ
1186 5336 1399 5407 λαχόντι
1433 5342 1825 5410 μυσταγωγίαν
1860 5345 1954 5397 καὶ

378 5414 742 5483 ἀποκάλυψιν,
765 5418 863 5468 ούκ
886 5418 995 5472 ἔδει
1019 5422 1118 5492 τῆς
1136 5422 1194 5487 ἐξ
1218 5425 1522 5498 ἀνθρώπων
1552 5431 1949 5500 παιδαγωγίας.

379 5504 528 5575 Πλὴν
572 5506 748 5558 ἐκεῖνό
791 5524 990 5576 φαμενο
1020 5511 1156 5566 Τίνα
1185 5514 1536 5586 ἀπεκάλυψεν
1581 5521 1609 5571 6
1642 5521 1831 5592 Πατὴρ
1876 5522 1953 5592 τῷ

382 5594 638 5676 μακαρίῳ
669 5595 944 5670 Παύλῳ,ἢ
975 5601 1099 5656 τίνα
1121 5605 1491 5677 προστέταχεν
1523 5611 1581 5662 ὲν
1601 5614 1714 5673 τοῖς
1742 5612 1952 5667 ἔθνεσιν

2279 3481 2315 3488 ν
2379 3399 2532 3470 121
2570 3398 2655 3452 Ea:
2690 3399 2929 3466 Episloia
2961 3402 3031 3454 ad
3065 3399 3300 3455 Galatas.

2125 3535 2144 3566 ‹
2176 3514 2360 3581 Miror,
2403 3515 2542 3582 quod
2574 3514 2650 3568 sic
2688 3525 2797 3566 tam
2849 3515 2955 3567 cito
3011 3515 3396 3569 transferimini
3454 3518 3521 3571 ab
3559 3535 3624 3573 eo

2048 3608 2138 3678 qui
2167 3623 2261 3661 vos
2290 3608 2499 3662 vocavit
2548 3607 2600 3660 in
2638 3607 2867 3676 gratiam
2905 3605 3129 3671 Christi,
3169 3607 3221 3660 in
3266 3607 3408 3661 aliud
3448 3607 3625 3662 Evan-

2050 3698 2288 3768 gelium:
2331 3698 2470 3765 quod
2518 3712 2624 3750 non
2672 3708 2754 3751 est
2804 3697 2970 3763 aliud,
3000 3698 3101 3751 nisi
3154 3708 3282 3752 sunt
3311 3699 3503 3769 aliqui,
3532 3703 3622 3769 qui

2050 3803 2146 3842 vos
2190 3789 2566 3856 perturbant,’
2592 3797 2645 3842 et
2683 3800 3004 3842 convertere
3050 3789 3235 3842 volunt
3275 3789 3624 3860 Evangelimu

2049 3878 2272 3932 Christi.
2303 3877 2406 3932 Sed
2438 3879 2566 3931 licet
2601 3892 2720 3940 nos,
2760 3887 2852 3930 aut
2886 3879 3113 3946 angelus
3138 3879 3205 3932 de
3229 3881 3366 3933 caelo
3395 3896 3628 3950 evange-

2050 3968 2176 4021 lizet
2201 3970 2350 4022 vobis
2380 3977 2734 4036 prasterquam
2765 3972 2905 4036 quod
2935 3971 3422 4038 evangelizavimns
3449 3975 3623 4037 vobis,

2050 4059 2335 4112 anathema
2367 4058 2523 4112 sit”.
2564 4077 2583 4108 ›
2627 4057 2684 4112 Si
2713 4075 2875 4112 unum
2902 4067 3106 4112 tantum
3141 4072 3221 4113 est
3254 4059 3623 4128 Evangelium.

2051 4151 2103 4204 in
2138 4150 2392 4204 universo
2427 4159 2690 4204 terrarum
2727 4151 2857 4205 orbe
2884 4166 2979 4220 per
3024 4166 3210 4206 sacros
3247 4155 3625 4223 mysteriorum

2051 4243 2299 4298 doctores
2347 4245 2809 4312 deprmdicatum,
2861 4247 2963 4300 hoc
3009 4256 3188 4300 autem
3243 4257 3324 4300 est
3387 4247 3516 4301 lides
3576 4247 3627 4300 in

2051 4330 2348 4400 Christum,
2397 4337 2667 4404 quomodo
2708 4335 2811 4392 hoc
2843 4352 2947 4392 non
2983 4346 3066 4392 est
3101 4352 3260 4390 verus
3309 4335 3495 4391 Deus?
3523 4337 3631 4391 Ne-

2051 4425 2164 4494 gari
2197 4425 2341 4479 enim
2369 4427 2520 4482 nullo
2553 4429 2710 4482 modo
2751 4438 2945 4496 potest,
2985 4429 3052 4482 ab
3090 4429 3312 4496 antiquo
3350 4445 3534 4484 errore
3564 4431 3630 4482 ad

2053 4501 2167 4568 veri
2219 4518 2592 4588 naturalisque
2647 4520 2740 4574 Dei
2793 4520 3122 4588 agnitionem
3177 4519 3470 4574 translatos
3534 4534 3632 4571 nos

2051 4620 2192 4662 esse.
2241 4607 2413 4662 Tanta
2449 4621 2630 4664 autem
2663 4619 2747 4665 est
2783 4608 2922 4664 beati
2953 4607 3100 4661 Pauli
3133 4609 3323 4662 ﬁducia
3345 4648 3360 4674 ,
3399 4621 3455 4662 ttt
3486 4609 3633 4676 ipsos

2051 4700 2216 4753 etiam
2246 4702 2465 4771 angelos
2496 4702 2827 4756 anathemati
2857 4701 3126 4770 subjicere
3173 4717 3276 4754 non
3318 4701 3546 4766 dubitet,
3586 4701 3632 4755 si

1979 4771 2024 4826 Ῑ)
2053 4787 2193 4843 forte
2222 4789 2422 4845 Christi
2459 4791 2803 4859 Evangelium
2832 4801 3139 4858 pervertere
3176 4791 3523 4845 tentaverint.

2135 4899 2155 4932 ι
2193 4882 2329 4937 Cum
2363 4891 2543 4939 autem
2578 4885 2778 4954 placuit
2811 4884 2907 4946 illi,
2953 4883 3042 4954 qui
3090 4899 3174 4938 me
3217 4885 3517 4954 segregavit
3563 4901 3631 4941 ex

2057 4981 2212 5027 utero
2241 4976 2432 5030 matris
2456 4991 2610 5043 mete,
2644 4985 2696 5030 ut
2738 4976 3004 5030 revelaret
3027 4973 3222 5029 Filium
3247 4993 3400 5030 suum
3436 4977 3488 5029 in
3524 4994 3630 5041 me,

2057 5071 2117 5117 ut
2147 5065 2575 5134 evangelizarem
2625 5067 2774 5120 illutn
2821 5067 2870 5119 in
2913 5068 3183 5135 gentibus,
3217 5069 3474 5120 continuo
3527 5083 3630 5121 non

2057 5157 2302 5239 acquievi
2338 5159 2487 5212 carni
2519 5169 2572 5214 et
2615 5158 2862 5229 sanguini
2893 5177 2905 5212 :
2955 5175 3129 5229 neque
3167 5160 3285 5213 veni
3321 5157 3632 5227 Hierosoly-

2059 5265 2200 5302 mam
2251 5249 2317 5303 ad
2371 5261 2744 5306 antecessores
2785 5267 2932 5305 meos
2973 5251 3250 5319 apostolos
3284 5250 3350 5303 ⁸⁵.
3409 5269 3427 5299 ι
3488 5248 3631 5304 Sane

2057 5340 2148 5407 qui
2189 5355 2218 5392 a
2276 5340 2384 5395 Deo
2435 5341 2736 5396 divinorum
2801 5342 3178 5412 mysteriorum
3229 5341 3530 5394 doctrinam
3577 5353 3634 5396 et

2062 5430 2442 5485 revelationem
2471 5433 2745 5495 hauserat,
2781 5431 2825 5486 is
2862 5431 3096 5485 humana
3139 5431 3476 5485 institutione
3504 5447 3633 5485 neu-

2061 5527 2263 5596 tiquam
2302 5529 2596 5599 indigebat.
2635 5528 2831 5584 Verum
2865 5531 3006 5584 istud
3039 5529 3250 5584 interim
3288 5529 3634 5584 adversarios

2061 5619 2543 5688 interrogaverim,
2592 5619 2931 5689 qualemnam
2972 5619 3209 5675 caelestis
3259 5617 3418 5673 Pater
3477 5618 3636 5673 beato

455 5771 496 5801 "
523 5769 539 5823 Ι
570 5769 695 5826 Cor.
732 5789 805 5839 vt,
843 5775 929 5830 11.
1003 5778 1047 5808 ⁵²
1072 5777 1111 5832 ll
1135 5778 1263 5834 Cor.
1296 5798 1372 5846 τι,
1415 5789 1457 5839 ὶ.
1535 5787 1775 5843 "Colat.
1814 5807 1850 5854 t,
1889 5789 1940 5842 6-

2083 5793 2124 5823 ‘“
2155 5792 2283 5846 ibid.
2323 5795 2507 5849 l5-l7.
2563 5794 2567 5798 ’
