4076 6414
460 401 596 459 F527
845 428 869 448 ι
1424 396 1497 458 ’.8.
1536 401 1806 458 CYRILLI
1848 400 2312 461 ALEXANDRINI
2349 407 2668 465 ARCHIEP.
3560 398 3723 465 ιεεο

454 520 622 576 Paulo
637 518 973 589 patefecerit,
988 514 1330 588 quamlemve
1346 518 1591 584 gentibus
1605 519 2027 574 annnntiandum

2137 524 2628 594 εὐαγγελίσασθαις
2650 519 2760 595 ἆρα
2785 523 2917 577 Θεὸν
2938 522 3133 591 Λόγον,
3175 521 3271 577 καὶ
3290 521 3419 577 Υίδν
3445 525 3708 594 μονογενῆ

453 610 838 667 mandaverit?
866 608 1116 678 Nunquid
1154 608 1245 664 Dei
1288 605 1523 663 Verbum
1574 610 1725 663 carni
1770 624 1876 663 non
1912 610 2027 662 uni-

2133 615 2232 684 ούχ
2267 614 2536 668 ένωθέντα
2568 614 2754 686 σαρκὶ,
2787 614 2881 667 καὶ
2918 613 3207 682 γενόμενον
3250 612 3537 683 ἄνθρωπον
3570 613 3713 666 οίκο-

457 713 568 758 tum
595 745 610 769 ,
639 712 731 756 aut
762 700 1118 771 unigenitum,
1152 700 1424 756 hominem
1457 700 1755 755 secundum
1791 699 2027 754 divinam

2134 703 2410 774 νομικῶς;
2440 700 2571 757 Εἶτα
2599 705 2716 770 πῶς
2754 704 2913 758 τοῦτό
2942 705 3091 757 ἐστιν
3128 702 3362 773 ἀληθέςς
3413 704 3709 774 Διεκήρυξε

453 791 912 860 dispensationem
958 805 1064 843 non
1111 788 1359 844 factum?
1396 789 1550 843 Absit
1582 797 1639 842 ut
1685 789 1799 842 hmo
1853 788 1924 841 ita
1973 801 2027 841 se

2133 795 2243 866 7&9
2277 795 2563 869 ἄνθρωπόν
2597 814 2654 849 τε
2684 796 2817 866 ὁμοῦ
2851 797 2947 849 καὶ
2973 796 3105 849 Θεὸν
3141 795 3234 848 τὸν
3275 794 3438 848 αὐτὸν
3466 793 3561 848 καὶ
3587 794 3707 860 ἕνα,

454 885 708 938 habeant.
757 880 1114 935 Annuntiavit
1167 881 1309 933 enim
1361 880 1606 933 eumdem
1660 877 1826 930 Deum
1872 876 2031 931 simul

452 985 507 1030 et
548 976 856 1040 hominem,
908 988 1110 1029 vocans
1142 972 1348 1027 .Filium
1398 981 1451 1026 et
1502 971 1784 1024 Dominum
1844 968 2029 1026 Jesum

453 1067 755 1123 Christum.
1091 1110 1096 1117 .

530 1174 548 1208 ι
591 1154 841 1210 Scientes
873 1164 1053 1210 autem
1091 1153 1231 1221 quod
1268 1167 1374 1205 non
1410 1150 1743 1220 justiﬁeatur
1768 1151 1931 1205 homo
1950 1164 2026 1203 ex

452 1248 705 1318 operibus
734 1246 890 1316 legis,
922 1245 1026 1299 nisi
1060 1259 1155 1313 per
1203 1243 1357 1296 ﬁdem
1397 1241 1524 1297 Jesu
1558 1243 1756 1296 Christi
1792 1260 1803 1295 :
1846 1249 1900 1295 et
1932 1255 2032 1295 nos

454 1342 505 1393 in
536 1336 930 1398 ChristoJesu
976 1336 1269 1401 credimus,
1326 1345 1383 1387 ut
1430 1333 1791 1402 justilicemur
1823 1347 1888 1386 ex
1925 1333 2030 1386 [ide

450 1430 679 1494 Christi,
711 1436 767 1483 et
796 1442 901 1482 non
941 1441 1005 1480 ex
1050 1426 1307 1493 cperibus
1348 1422 1482 1492 legis
1508 1424 1576 1477 ⁸⁸.
1613 1441 1633 1473 ι
1667 1423 1721 1477 Si
1763 1423 1816 1475 in
1862 1421 2029 1476 Deum

450 1522 695 1585 credere,
716 1517 1122 1586 justiﬁeatiouis
1155 1517 1403 1569 mercede
1437 1525 1694 1583 pensatur
1723 1514 1851 1583 (hac
1882 1513 2028 1567 enim

452 1610 538 1664 via
589 1609 826 1680 majores
868 1607 1040 1662 nostri
1081 1606 1367 1675 justilicati
1417 1614 1587 1658 sunt:
1630 1606 1891 1671 scriptum
1945 1613 2029 1658 est

454 1714 688 1770 namque
714 1698 1036 1755 :"cCredidit
1063 1696 1335 1750 Abraham
1362 1693 1493 1759 Deo,
1511 1704 1566 1749 et
1592 1703 1838 1763 reputata
1868 1704 1952 1747 est
1977 1696 2027 1747 ei

455 1794 587 1848 tides
607 1791 951 1861 adjustitiam
969 1789 1062 1859 ⁸⁸),
1077 1808 1095 1840 ι
1125 1789 1281 1865 122
1296 1788 1567 1858 quomodo
1588 1785 1904 1842 Emmanuel
1920 1803 2025 1842 non

2134 882 2307 955 λέγων
2343 887 2467 941 Υίδν
2498 889 2593 942 καὶ
2621 887 2829 959 Κύριον
2865 886 3070 959 Ἰησοῦν
3100 887 3354 958 Χριστόν.

2209 1173 2226 1204 ι
2268 1153 2485 1216 Είδότες
2509 1152 2565 1206 δὲ
2591 1153 2672 1206 ὅτι
2697 1153 2758 1206 ού
2788 1150 3090 1206 δικαιοῦται
3132 1149 3417 1221 ἅνθρωπος
3442 1149 3501 1215 ἐξ
3535 1148 3713 1219 ἔργων

2084 1238 2091 1247 ’
2137 1247 2324 1315 νόμου,
2346 1245 2441 1298 ἐὰν
2467 1245 2543 1316 μὴ
2568 1245 2657 1298 διὰ
2680 1246 2914 1307 πίστεως
2942 1241 3119 1314 Ἰησοῦ
3142 1240 3378 1312 Χριστοῦ
3397 1258 3409 1268 ·
3432 1241 3526 1293 καὶ
3551 1241 3713 1311 ἡμεῖς

2132 1337 2212 1399 είς
2243 1336 2475 1407 Χριστὸν
2512 1334 2715 1406 Ἰησοῦν
2746 1326 3171 1404 ἐπιστεύσαμεν,
3204 1333 3293 1385 ἵνα
3330 1330 3712 1400 δικαιωθῶμεν

2132 1429 2196 1480 ὲκ
2226 1426 2460 1490 πίστεως
2486 1426 2744 1499 Χριστοῦ,
2781 1426 2875 1479 καὶ
2904 1426 3003 1479 ούκ
3047 1424 3107 1490 ἐξ
3149 1424 3328 1496 ἔργων
3370 1423 3558 1491 νόμου.
3593 1441 3612 1474 ι
3647 1423 3713 1473 Εἰ

2129 1517 2192 1571 τὸ
2222 1520 2511 1573 πιστεῦσαι
2556 1519 2675 1590 Θεῷ
2727 1518 2919 1587 μισθὸν
2945 1516 3061 1588 ἔχει
3093 1516 3191 1587 τὴν
3226 1515 3511 1569 δικαίωσιν
3551 1514 3713 1583 (δεδι-

2131 1612 2392 1666 καίωνται
2414 1612 2522 1683 γὰρ
2549 1611 2692 1665 οὕτω
2710 1611 2802 1665 καὶ
2824 1614 2872 1664 οἱ
2903 1611 3009 1681 πρὸ
3032 1609 3188 1680 ἡμῶν
3208 1626 3220 1638 ·
3247 1608 3557 1678 γέγραπται
3578 1607 3711 1678 γὰρ,

2129 1702 2210 1755 ὅτι
2255 1722 2273 1754 ι
2326 1703 2674 1757 Ἐπίστευσεν
2715 1702 2967 1773 Ἀϐραὰμ
3016 1701 3093 1771 τῷ
3127 1700 3266 1770 Θεῷ,
3308 1701 3401 1753 καὶ
3460 1697 3714 1768 ἐλογίσθη

2130 1792 2279 1862 αὐτῷ
2312 1794 2391 1857 είς
2414 1792 2760 1863 δικαιοσύνην
2786 1794 2819 1863 ἡ
2848 1792 3031 1855 πίστις
3059 1796 3128 1862 ›)’
3163 1792 3279 1855 πῶς
3304 1792 3365 1844 οὐ
3393 1790 3523 1853 Θεὸς
3541 1791 3714 1858 όἙμ-

450 1896 533 1940 est
558 1859 720 1947 Deus,
753 1884 797 1938 si
822 1883 1039 1953 quidem
1079 1859 1265 1937 verum
1294 1888 1400 1945 est,
1432 1880 1578 1950 quod
1617 1879 1672 1935 in
1706 1880 1877 1950 ipsum
1911 1894 2027 1934 cre-

2135 1859 2399 1955 μανουηλ,
2433 1885 2594 1956 εἴπερ
2624 1859 2771 1939 ἐστίν
2801 1859 3019 1955 ἀληθὲς,
3050 1859 3125 1948 ὧς
3151 1885 3232 1948 εἰς
3251 1880 3714 1937 αὐτὸνπιστεύον·

451 1978 639 2033 dentes
664 1974 1075 2047 iustiﬁcamur?

839 2066 925 2120 Ea:
954 2063 1199 2135 Epistula
1236 2066 1304 2116 ad
1342 2061 1621 2131 Ephesios.

525 2203 547 2236 ι
581 2184 637 2237 In
668 2196 773 2252 quo
798 2189 852 2236 et
879 2194 997 2243 vos,
1036 2193 1158 2233 cum
1190 2176 1479 2232 audissetis
1519 2177 1743 2232 verbum
1787 2177 2032 2234 veritatis

452 2274 812 2348 (evangelium
842 2271 1033 2327 salutis
1064 2268 1295 2339 vestrm)
1323 2269 1374 2321 in
1413 2283 1520 2337 quo
1549 2277 1604 2323 et
1630 2269 1922 2326 credentes
1953 2271 2031 2325 si-

451 2368 599 2438 gnati
650 2367 781 2421 estis
815 2362 1019 2433 Spiritu
1079 2360 1461 2430 promissionis
1524 2370 1747 2425 sancto,
1798 2362 1889 2431 qui
1948 2371 2033 2417 est

456 2465 649 2529 pignus
678 2456 1009 2511 haereditatis
1050 2462 1270 2520 nostra,
1306 2453 1359 2507 in
1392 2453 1814 2525 redemptionem
1846 2457 2032 2523 acqui-

454 2551 688 2614 sitionis,
717 2548 769 2601 in
802 2546 1014 2600 laudem
1063 2545 1249 2615 gloriae
1289 2545 1461 2615 ipsius
1486 2547 1555 2599 ".
1596 2564 1614 2598 ι
1664 2544 1823 2601 Plura
1866 2548 2030 2603 simul

450 2642 532 2698 sic
550 2646 945 2710 proponuntur,
976 2650 1042 2691 ex
1070 2636 1269 2706 quibus
1308 2636 1561 2706 colligere
1601 2636 1723 2692 licet
1753 2635 2028 2693 Christum

453 2750 641 2789 verum
689 2747 810 2788 esse
854 2732 1063 2798 Deum;
1118 2741 1279 2801 atque
1317 2733 1451 2786 adeo
1493 2736 1736 2787 omnium
1784 2732 1940 2789 tidem
1973 2734 2028 2788 in

450 2829 625 2894 ipsum
657 2839 766 2879 non
799 2823 927 2877 ferri
963 2831 1220 2893 tanquam
1257 2822 1309 2877 in
1338 2823 1615 2878 hominem
1665 2825 1834 2881 nostri
1875 2825 2029 2880 simi-

451 2913 707 2981 lem,-sed
749 2922 1001 2982 tanquam
1035 2911 1088 2966 in
1136 2927 1305 2967 unum
1343 2911 1673 2977 Dominum,
1709 2921 1765 2968 et
1808 2913 2027 2980 Filium,

448 3005 721 3060 etDeum.
757 3002 938 3058 Primo
966 3016 1200 3071 namque
1237 3002 1349 3084 ipse
1379 3002 1572 3058 salutis
1614 3014 1816 3059 nostrae
1864 3018 2029 3058 evan-

449 3096 645 3168 gelium
669 3096 905 3159 exsistit,
938 3095 990 3149 in
1036 3109 1196 3163 quem
1232 3094 1460 3163 proinde
1501 3094 1634 3149 ﬁdes
1681 3104 1865 3151 nostra
1914 3105 2029 3151 ten-

2131 1994 2223 2041 τες
2256 1975 2644 2047 δικαιούμεθα;

2521 2068 2616 2121 Ἐκ
2656 2066 2765 2136 τῆς
2803 2067 2954 2136 πρὸς
2991 2066 3325 2136 Ἐφεσίους.

2208 2205 2228 2237 ι
2250 2185 2339 2240 Ἐν
2363 2179 2408 2253 ᾧ
2432 2174 2766 2249 ἀκούσαντες
2807 2184 2904 2238 καὶ
2949 2184 3109 2254 ὑμεῖς
3133 2185 3224 2236 τὸν
3249 2182 3406 2250 λόγον
3435 2184 3535 2254 τῆς
3570 2182 3713 2255 ἀλη-

2132 2274 2302 2339 θείας,
2334 2274 2395 2329 τὸ
2427 2275 2744 2344 εὐαγγέλιον
2774 2276 2876 2345 τῆς
2906 2273 3179 2345 σωτηρίας
3210 2273 3387 2344 ὑμῶν,
3433 2274 3492 2327 ὲν
3531 2268 3576 2342 ᾧ
3615 2273 3713 2327 καὶ

2132 2366 2522 2430 πιστεύσαντες
2551 2365 2958 2437 ἐσφραγίσθητε
2986 2364 3066 2434 τῷ
3095 2363 3376 2435 Πνεύματι
3406 2364 3507 2434 τῆς
3544 2367 3715 2432 ἐπαγ-

2132 2457 2334 2525 γελίας,
2368 2457 2397 2510 ὃ
2422 2457 2534 2510 τῶν
2555 2456 2730 2524 ἁγίων
2753 2455 2902 2509 ἐστὶν
2927 2447 3188 2526 ἀῤῥαὸὼν
3218 2456 3317 2525 τῆς
3342 2453 3712 2523 κληρονομίας

2131 2547 2401 2619 ήμῶν,είς
2425 2546 2802 2615 ἀπολύτρωσιν
2824 2545 2923 2616 τῆς
2947 2544 3712 2615 περιποιήσεωςβίςοέπαινον

2131 2639 2291 2709 δόξης
2323 2637 2512 2693 αὐτοῦ.
2546 2656 2565 2689 ι
2605 2636 2784 2691 Πολλὰ
2829 2635 2971 2690 κατά
3012 2636 3179 2690 ταυτδ
3210 2638 3268 2689 ὲν
3297 2638 3415 2697 ταῖς
3440 2634 3545 2689 τῶν
3572 2651 3711 2705 προ-

2131 2731 2402 2801 κειμένων
2428 2729 2661 2792 ὲννοίαις
2680 2727 2890 2782 κατίδοι
2911 2744 2995 2791 τις
3019 2727 3107 2791 ἂν,
3135 2726 3201 2780 δι’
3221 2721 3294 2783 ὧν
3319 2726 3494 2780 ἔνεστι
3522 2725 3713 2797 μαθεῖν

2130 2821 2213 2875 ὅτι
2232 2820 2367 2884 Θεὸς
2395 2819 2602 2891 ἀληθὴς
2624 2821 2653 2873 ό
2669 2818 2923 2889 Χριστὸς,
2947 2818 3041 2871 καὶ
3063 2816 3263 2889 ἠπαρά
3290 2817 3507 2871 πάντων
3529 2815 3712 2879 πίστις

2129 2913 2210 2976 εἰς
2238 2911 2401 2966 αὐτὸν
2432 2912 2533 2980 οὐχ
2553 2911 2629 2975 ὼς
2653 2911 2733 2974 είς
2760 2910 2859 2963 ἕνα
2891 2910 3001 2963 τῶν
3027 2909 3152 2963 καθ’
3178 2911 3325 2980 ἡμᾶς
3350 2907 3558 2972 ἁπλῶς,
3581 2906 3713 2961 ἁλλ’

2131 3005 2207 3083 ως
2241 3006 2322 3067 είς
2353 3003 2450 3057 ἕνα
2481 3002 2708 3075 Κύριον,
2738 3002 2834 3057 καὶ
2869 3001 3018 3066 Υίδν,
3047 3002 3142 3056 καὶ
3174 3001 3324 3054 Θεόν.
3353 3001 3577 3071 Πρῶτον
3613 2998 3714 3070 μὲν

2132 3095 2242 3166 γὰρ
2252 3096 2420 3158 αὐτός
2436 3097 2549 3148 ἐστι
2572 3094 2640 3148 τὸ
2669 3092 2993 3163 εὐαγγέλιον
3014 3095 3114 3160 τῆς
3140 3091 3442 3163 σωτηρίας,
3462 3092 3522 3143 ὲν
3550 3083 3594 3158 ᾧ
3616 3091 3713 3143 καὶ

448 3191 540 3243 dat
572 3198 826 3257 tanquam
855 3187 908 3240 in
946 3187 1112 3241 Deum
1147 3204 1159 3239 :
1200 3186 1544 3256 subiungitur
1578 3202 1702 3241 mox
1738 3185 1861 3241 ﬁdei
1894 3202 2027 3257 quo-

2132 3189 2167 3257 ἡ
2195 3186 2509 3251 πίστις,.ὡς
2527 3187 2621 3249 είς
2652 3185 2784 3239 Θεὸν
2811 3183 3075 3254 δηλονότι.
3094 3182 3405 3236 Ἀκολουθεῖ
3424 3181 3497 3234 es
3524 3180 3587 3234 τὸ
3612 3181 3712 3252 τῆς

449 3295 553 3348 que
578 3279 883 3349 praemium,
917 3288 1044 3349 puta
1089 3279 1466 3349 promissionis
1503 3277 1760 3347 Spiritus,
1799 3278 1891 3347 qui
1931 3294 2029 3334 no-

448 3384 577 3426 straa
611 3370 941 3426 hmreditatis
988 3369 1224 3426 arrhabo
1271 3380 1385 3429 est:
1434 3370 1666 3439 denique
1708 3370 1773 3423 ad
1812 3370 2026 3426 laudem

448 3461 633 3533 gloriae
663 3459 863 3518 Christi
913 3460 1172 3530 redempti
1225 3460 1593 3530 perhibemur.
1637 3460 1887 3515 Redemit
1931 3477 2030 3516 au-

451 3564 557 3607 tem
595 3568 692 3608 nos
722 3567 827 3610 non
858 3561 916 3606 ιιι
949 3552 1186 3622 vulgaris
1208 3552 1392 3614 homo,
1422 3551 1516 3605 sed
1563 3562 1622 3605 ut
1672 3551 1811 3607 Deus
1855 3553 2026 3608 nostri

448 3659 612 3701 causa
647 3647 983 3698 incarnatus.
1006 3642 1101 3696 'Ad
1139 3643 1281 3697 hunc
1308 3642 1451 3696 enim
1476 3641 1699 3696 modum
1733 3642 1786 3697 in
1813 3642 2025 3701 laudem

449 3737 633 3805 gloriae
666 3735 810 3789 illius
839 3734 1101 3789 cedimus.

414 3832 431 3851 '
526 3847 545 3879 ι
585 3824 753 3893 Hujus
803 3825 880 3880 rei
914 3825 1110 3896 ,gratia
1164 3838 1263 3893 ego
1312 3823 1508 3879 Paulus
1557 3826 1773 3881 vinctus
1825 3826 2026 3882 Christi

446 3915 573 3973 Jesu
608 3932 705 3986 pro
730 3916 884 3972 vobis
911 3915 1183 3985 gentibus,
1221 3915 1265 3969 si
1318 3925 1493 3969 tamen
1539 3917 1769 3970 audistis
1806 3916 2027 3985 dispen-

448 4011 715 4062 sationem
747 4005 931 4077 gratia:
976 4003 1091 4069 Dei,
1122 4020 1242 4075 quae
1288 4005 1412 4060 data
1448 4014 1531 4060 est
1566 4006 1694 4060 mihi
1745 4006 1798 4060 in
1832 4007 2027 4061 vobis:

447 4099 703 4169 quoniam
745 4096 1042 4152 secundum
1086 4097 1468 4151 revelationem
1524 4106 1709 4151 notum
1766 4096 1896 4150 mihi
1943 4096 2025 4150 fa-

448 4201 595 4244 ctum
618 4198 700 4243 est
723 4196 1151 4251 sacramentum,
1174 4188 1318 4242 sicut
1345 4202 1507 4256 supra
1530 4186 1723 4256 scripsi
1757 4187 1808 4240 in
1837 4187 2022 4252 brevi,

449 4290 609 4347 prout
633 4280 860 4348 patestis
886 4277 1127 4348 legentes
1149 4278 1448 4347 intelligere
1476 4278 1816 4347 prudentiam
1848 4294 2023 4333 meam

447 4372 498 4424 in
535 4372 793 4440 mysterio
833 4367 1119 4423 Christi“.
1151 4387 1168 4419 ι
1206 4367 1319 4436 Qua
1362 4370 1647 4438 prudentia
1671 4410 1686 4434 ,
1721 4384 1897 4439 quave
1947 4369 2028 4423 di-

447 4464 571 4515 vina
603 4474 737 4529 opus
768 4471 884 4516 erat
905 4460 1268 4530 patefactione
1295 4462 1359 4515 ad
1384 4462 1699 4531 mysterium
1732 4462 1835 4515 hoc
1864 4460 2026 4517 Chri-

2130 3278 2368 3341 πίστεως
2396 3278 2588 3350 γέρας,
2619 3277 2867 3331 τουτέστι
2895 3275 2956 3329 τὸ
2981 3274 3204 3345 Πνεῦμα
3229 3273 3329 3343 τῆς
3358 3271 3709 3341 ἐπαγγελίας,

2128 3368 2157 3421 ὁ
2184 3355 2284 3440 τῆς
2324 3369 2690 3440 κληρονομίας
2711 3368 2880 3439 ,ἡμῶν
2922 3365 3213 3439 ἀρραϐών*
3260 3363 3714 3435 ἐκλελυτρὼμεθα

2129 3461 2240 3532 γὰρ
2269 3463 2349 3526 εἰς
2378 3461 2600 3515 ἔπαινον
2646 3460 2806 3531 δόξης
2848 3457 3105 3531 Χριστοῦ.
3142 3458 3359 3512 Σέσωκε
3406 3456 3514 3530 7&9
3565 3456 3714 3527 ἡμᾶς
3752 3460 3759 3468 ’

2129 3554 2228 3625 οὐχ
2256 3554 2332 3617 ὼς
2370 3553 2654 3623 ἄνθρωπος
2701 3552 2899 3617 κοινὸς,
2927 3551 3041 3606 ἀλλ’
3070 3551 3146 3613 ὡς
3178 3546 3313 3614 Θεδς
3343 3552 3400 3602 ἐν
3432 3549 3595 3622 σαρκὶ
3627 3564 3714 3623 γετ

2128 3644 2303 3713 γονὼς
2334 3644 2400 3697 δι’
2426 3645 2592 3715 ἡμᾶς.
2618 3643 2776 3697 αῦτω
2808 3642 2919 3714 7&9
2963 3644 3043 3707 είς
3079 3641 3302 3695 ἔπαινον
3335 3638 3573 3709 ἐσόμεθα
3613 3638 3712 3709 τῆς

2130 3737 2289 3807 δόξης
2316 3736 2507 3791 αὑτοῦ.

2208 3847 2227 3879 ι
2256 3827 2461 3880 Τούτου
2496 3826 2659 3897 χάριν
2690 3824 2800 3895 ἐγὼ
2825 3824 3036 3887 Παῦλος
3057 3826 3086 3877 ὁ
3110 3823 3332 3895 δέσμιος
3358 3820 3448 3876 τοῦ
3474 3819 3711 3893 Χριστοῦ

2142 3917 2317 3990 Ἰησοῦ
2350 3919 2490 3984 ὑπὲρ
2525 3916 2679 3988 ὑμῶν
2712 3917 2821 3969 τῶν
2860 3915 3051 3979 ἐθνῶν,
3100 3912 3154 3967 ετ
3200 3930 3265 3982 γε
3303 3911 3575 3983 ἠκούσατε
3613 3911 3714 3983 τὴν

2129 4009 2443 4081 οἰκονομίαν
2477 4010 2579 4080 τῆς
2611 4009 2831 4080 χάριτος
2861 4007 2958 4062 τοῦ
2999 4005 3134 4061 Θεοῦ
3178 4006 3280 4075 τῆς
3324 4005 3572 4075 δοθείσης
3621 4021 3725 4073 μοι.

2129 4102 2210 4164 είς
2259 4101 2424 4170 ὑμᾶς,
2460 4101 2539 4154 ὅτι
2589 4100 2732 4154 κατά
2774 4097 3117 4167 ἀποκάλυψιν
3148 4095 3469 4168 ¹ἐγνωρίσθη
3526 4112 3614 4165 μοι
3652 4094 3714 4147 τὺ

2134 4193 2454 4263 μυστήριον,
2485 4191 2668 4255 καθὼς
2699 4189 3025 4261 προέγραψα
3044 4191 3108 4240 έν
3134 4187 3299 4257 ὀλίγῳ
3318 4202 3333 4216 ο
3364 4185 3500 4257 πρὸς
3547 4186 3576 4238 ὃ
3620 4185 3714 4237 δύ-

2130 4283 2295 4337 νασθε
2320 4281 2790 4351 ἀναγινώσκοντες
2818 4281 3010 4351 νοῆσαι
3040 4278 3139 4350 τὴν
3172 4278 3388 4331 σύνεσίν
3418 4293 3518 4347 μου
3550 4277 3607 4328 ὲν
3634 4275 3714 4346 τῷ
3740 4296 3755 4301 θ
3784 4292 3807 4307 ο

2134 4376 2415 4447 μυστηρίῳ
2458 4374 2551 4427 τοῦ
2590 4371 2853 4443 Χριστοῦ.
2885 4391 2904 4422 ι
2940 4372 3077 4425 Ποία
3110 4370 3376 4433 συνέσεως
3410 4367 3589 4440 χρεία,
3617 4367 3712 4420 καὶ

2130 4467 2525 4537 ἀποκαλύψεως
2546 4465 2645 4536 τῆς
2670 4464 2818 4536 παρά
2844 4463 2979 4516 Θεοῦ
3012 4462 3150 4533 πρὸς
3174 4463 3235 4515 τὸ
3264 4460 3630 4532 γνωρισθῆναι
3653 4458 3713 4510 τὸ

446 4557 514 4610 sti
546 4555 1008 4624 perspiciendum,
1041 4555 1084 4607 si
1115 4553 1336 4622 quidem
1379 4568 1474 4622 per
1517 4568 1578 4607 se
1616 4552 1779 4607 homo
1819 4560 2023 4607 tantum

2133 4558 2431 4629 μυστήριον
2465 4554 2559 4608 τοῦ
2598 4553 2861 4625 Χριστοῦ,
2902 4554 3060 4625 εἴπερ
3103 4551 3251 4605 ἐστὶν
3300 4550 3584 4621 ἄνθρωπος
3614 4549 3712 4605 i6:—

441 4654 547 4711 °est,
579 4661 608 4699 a
642 4646 737 4700 Dei
771 4645 949 4723 Verbo
976 4646 1195 4699 omnino
1237 4641 1515 4711 seiunctus
1536 4683 1552 4709 ,
1586 4642 1727 4697 nuda
1768 4657 2027 4711 persona-

448 4753 567 4792 rum
621 4738 821 4791 unione
865 4736 1294 4791 cohonestatus?
1340 4734 1479 4801 Quid
1533 4736 1676 4789 enim
1719 4735 2024 4789 abstrusum

452 4828 634 4893 habet,
669 4835 760 4882 aut
794 4842 912 4896 quae
940 4826 1222 4881 dilIicultas
1259 4836 1341 4881 est
1380 4820 1450 4880 de
1487 4826 1693 4895 vulgari
1735 4827 2025 4895 qu0piam,

452 4919 731 4986 nostrique
762 4918 923 4972 simili
956 4919 1175 4973 homine
1207 4917 1507 4989 intelligere
1538 4919 1679 4987 quod
1716 4918 1787 4972 sit
1824 4916 2024 4970 homo?

448 5013 518 5065 At
542 5024 669 5065 vere
701 5008 1047 5080 profundum,
1076 5010 1345 5079 planeque
1394 5025 1644 5079 magnum
1692 5016 1773 5064 est
1809 5008 1913 5064 hoc
1940 5024 2027 5063 sa-

448 5111 810 5166 cramentum,
850 5101 895 5154 si
933 5100 1072 5155 Deus
1112 5099 1344 5156 Verbum
1393 5101 1551 5155 nobis
1599 5100 1776 5155 simile
1824 5099 2022 5153 factum

449 5202 698 5262 ponatur.
753 5190 890 5246 Cum
942 5191 1106 5261 igitur
1160 5191 1359 5244 eximia
1420 5192 1618 5245 ruentis
1668 5188 2026 5259 intelligentia

447 5284 646 5352 ornati,
679 5282 969 5350 divinaque
1018 5280 1349 5335 revelatione
1385 5279 1637 5333 illustrati
1663 5318 1678 5344 ,
1710 5279 2025 5351 mysterium

447 5374 647 5429 Christi
714 5372 876 5427 veluti
926 5372 1168 5427 divinum
1222 5370 1493 5440 quoddam
1560 5380 1825 5423 secretqu
1873 5370 2027 5423 nobis

450 5465 796 5527 tradiderint,
828 5464 1095 5532 .lidesqne
1153 5462 1206 5514 in
1256 5458 1406 5513 illuln
1445 5468 1700 5526 tanquam
1750 5459 1803 5512 in
1857 5459 2024 5513 Deum

449 5557 653 5620 tendat,
688 5556 957 5625 quomodo
982 5555 1228 5609 Christus
1254 5567 1359 5606 non
1387 5563 1469 5606 est
1493 5550 1667 5607 Deus?

515 5644 680 5716 123
695 5646 850 5699 Aliud
880 5646 1005 5701 huic
1022 5643 1218 5709 simile,
1238 5653 1291 5697 et
1308 5644 1549 5698 eamdem
1574 5644 1780 5697 habens
1807 5654 2024 5698 senten-

2129 4648 2262 4713 κῶς,
2302 4648 2396 4700 καὶ
2426 4646 2737 4717 ὁλοτρόπως
2766 4644 3174 4717 κεχωρισμένος
3211 4641 3305 4696 τοῦ
3338 4640 3472 4694 Θεοῦ
3512 4641 3709 4708 Λόγου,

2124 4738 2253 4810 ψιλῇ
2287 4737 2594 4810 προσώπων
2622 4736 2812 4789 ὲνώσει
2842 4735 3209 4805 τετιμημένος
3232 4750 3246 4795 ;
3273 4732 3339 4785 Τί
3369 4731 3476 4803 7&9
3509 4731 3622 4801 ἔχει
3651 4731 3713 4784 τὸ

2133 4827 2540 4899 κεκρυμμένον,
2571 4826 2605 4897 ἢ
2641 4830 2794 4880 ποῖον
2819 4825 2956 4889 ὅλως
2981 4826 3042 4879 τὸ
3089 4823 3372 4894 δυσχερὲς,
3408 4822 3470 4875 τὸ
3520 4824 3711 4892 νοῆσαι

2131 4920 2294 4989 τυχὸν
2326 4918 2456 4988 περ)⁵
2486 4916 2606 4980 ένδς
2651 4917 2745 4971 τοῦ
2794 4915 2920 4970 καθ’
2952 4916 3101 4987 ἡμᾶς
3147 4912 3459 4985 ἀνθρώπου,
3492 4913 3572 4965 ὅτι
3624 4913 3713 4966 ἀν-

2132 5009 2349 5082 θρωπός
2371 5010 2522 5075 sm;
2548 5007 2694 5061 Βαθὺ
2720 5007 2778 5062 δὲ
2798 5008 2894 5061 καὶ
2921 5008 3064 5078 μέγα
3083 5005 3143 5057 τὺ
3172 5005 3493 5075 μυστήριον,
3519 5005 3565 5055 εἰ
3589 5003 3709 5054 καθ’

2131 5102 2278 5171 ἡμᾶς
2307 5098 2558 5169 γενέσθαι
2601 5098 2814 5166 λέγοιτο
2856 5097 2989 5160 Θεὸς
3032 5096 3294 5167 ὑπάρχων
3323 5097 3351 5147 ὁ
3379 5094 3712 5162 Λόγος.Ὅτε

2131 5193 2312 5247 τοίνυν
2346 5194 2395 5245 οἱ
2427 5191 2609 5262 βαθεῖς
2635 5193 2715 5254 εἰς
2744 5191 2981 5254 σύνεσιν,
3011 5187 3104 5240 καὶ
3138 5188 3236 5257 τὴν
3257 5185 3406 5239 θείαν
3432 5183 3710 5238 ἀποκάλυ-

2129 5285 2223 5354 ψιν
2258 5284 2573 5354 ἐσχηκότες,
2607 5282 2682 5346 ὡς
2715 5282 2858 5335 θεῖον
2885 5281 3017 5350 ἡμῖν
3050 5280 3351 5349 μυστήριον
3396 5272 3712 5347 παραδεδώ-

2132 5393 2261 5429 κασι
2293 5376 2355 5428 τὸ
2386 5374 2624 5446 Χριστοῦ
2653 5374 2975 5444 μυστήριον,
3016 5370 3110 5423 καὶ
3143 5371 3223 5432 εἰς
3256 5368 3479 5437 abs-ij7
3505 5366 3707 5428 πίστις,

2130 5469 2205 5532 ὡς
2235 5470 2314 5530 εἰς
2342 5467 2473 5521 Θεὸν
2492 5466 2755 5537 δηλονότι·
2787 5464 2903 5527 πῶς
2933 5464 3031 5516 οὐκ
3065 5463 3130 5516 ἂν
3154 5464 3241 5531 εῖη
3263 5461 3430 5527 Θεός;

2207 5645 2366 5695 Ἄλλο
2396 5643 2568 5712 τούτῳ
2599 5641 2934 5713 προσεοικὸς,
2973 5642 3065 5694 καὶ
3104 5639 3202 5711 τὴν
3247 5638 3417 5708 αὐτὴν
3443 5636 3562 5708 ἔχον
3588 5636 3703 5691 διά-

518 5796 565 5829 ⁸⁸
590 5796 763 5853 Galat.
796 5814 855 5859 ll,
888 5798 945 5852 16
1045 5799 1090 5829 ⁸⁵
1116 5797 1272 5851 Rern.
1309 5812 1380 5861 IV,
1407 5798 1458 5851 5.
1532 5795 1576 5827 ⁸⁷
1603 5794 1800 5865 Ephes.
1836 5811 1875 5860 I,
1911 5797 1995 5863 l5,

2200 5797 2244 5829 "
2268 5797 2464 5866 Ephes.
2503 5811 2583 5863 ut,
2614 5797 2727 5850 ιηι.
