4076 6460
332 443 481 500 ηεξ)

1426 439 1517 493 DE
1556 436 1781 494 RECTA
1825 434 1979 491 FIDE
2016 435 2119 490 AD‘
2146 434 2485 493 REGINAS.-

3460 436 3595 489 tam
3650 418 3658 429 '

333 579 501 616 νοιαν·
546 580 565 613 ι
591 561 745 633 Ἐμοὶ
776 559 855 631 τῷ
897 558 1298 630 ἐλαχιστοτέρῳ
1348 558 1565 613 πάντων
1605 559 1715 612 τῶν
1743 555 1915 624 ἁγίων

2024 556 2168 611 tiam:
2182 577 2199 609 ι
2213 556 2337 611 Mihi
2356 555 2596 609 omnium
2615 562 2923 609 sanctorum
2945 553 3169 607 minimo
3185 553 3311 607 data
3327 562 3408 608 est
3424 558 3596 623 gratia

331 655 488 726 ἐδόθη
522 657 552 723 ἡ
581 654 742 725 χάρις
770 652 930 723 αὕτη,
968 654 1026 704 ἐν
1065 653 1177 713 τοῖς
1220 649 1429 703 ἔθνεσιν
1457 646 1916 730 εὐαγγελίσασθαι

331 749 424 800 τὸν
452 745 857 816 ἀνεξιχνίαστον
889 743 1119 796 πλοῦτον
1144 740 1237 794 τοῦ
1262 739 1522 810 Χριστοῦ,
1549 740 1644 793 καὶ
1680 738 1914 807 φωτίσαι

335 838 570 899 πάντας,
596 836 680 900 τίς
711 839 743 907 ἡ
776 837 1058 905 οἰκονομία
1104 831 1404 903 μυστηρίου
1437 831 1531 884 τοῦ
1563 832 1918 902 ἀποκεκρυμ-

338 926 501 996 μένου
528 925 636 979 ἀπὸ
664 924 772 978 τῶν
793 923 1005 978 αίὼνων
1035 924 1095 975 ἐν
1118 922 1196 993 τῷ
1228 921 1367 992 Θεῷ,
1397 920 1476 993 τῷ
1501 920 1570 974 τὰ
1598 921 1775 975 πάντα
1802 920 1919 973 κτί-

336 1032 513 1068 σαντι.
543 1033 560 1065 ι

418 1126 436 1157 ι
467 1108 529 1158 υἱ
556 1104 768 1173 ἄνδρες,
799 1104 984 1175 φησὶν,
1009 1104 1262 1172 ἀγαπᾶτε
1292 1102 1392 1166 τὰς
1428 1105 1711 1171 γυναῖκας,
1737 1100 1920 1165 καθὼς

340 1198 435 1249 καὶ
458 1198 487 1249 6
519 1194 753 1263 Χριστὸς
782 1195 1038 1265 ἠγάπησε
1070 1194 1168 1264 τὴν
1209 1192 1559 1263 Ἐκκλησίαν,
1595 1192 1687 1247 καὶ
1729 1192 1919 1246 ἑαυτὸν

339 1285 657 1356 παρέδωκεν
706 1285 846 1356 ὑπὲρ
879 1284 1077 1353 αὐτῆς,
1111 1284 1200 1339 ἵνα
1236 1284 1406 1353 αὐτὴν
1436 1283 1663 1353 ἁγιάσῃ,
1693 1282 1922 1353 καθαρί-

338 1389 442 1436 σας
485 1373 565 1443 τῷ
610 1374 823 1445 λουτρῷ
859 1374 955 1428 τοῦ
995 1374 1187 1438 ὓδατος
1211 1377 1270 1427 ἐν
1302 1376 1527 1445 ῥήματι.
1557 1392 1578 1437 p
1616 1375 1777 1427 Ποῖον
1814 1375 1922 1444 ἄρα

340 1466 460 1519 ἐστὶ
500 1466 563 1519 τὸ
600 1466 752 1536 ῥῆμα
781 1468 840 1518 ἐν
871 1459 916 1534 ᾧ
946 1465 1358 1538 κεκαθάρμεθα,
1395 1465 1826 1533 άπολουσάμενοι
1861 1464 1922 1517 τὸ

344 1556 507 1625 σῶμα
529 1554 682 1608 ὕδατι
712 1556 961 1627 καθαρῷ.
994 1556 1027 1626 ἦ
1051 1557 1271 1620 πάντως
1299 1541 1493 1622 ἐκεῖνο,
1517 1558 1644 1626 περὶ
1669 1550 1731 1610 οῦ
1758 1572 1922 1627 φησιν

339 1649 372 1700 6
401 1648 688 1710 θεσπέσιος
721 1634 957 1712 Παῦλος,
990 1648 1073 1701 ὅτι
1106 1666 1127 1700 ι
1156 1648 1328 1701 Τοῦτό
1370 1650 1490 1702 ἐστι
1533 1649 1595 1701 τὸ
1641 1650 1792 1719 ῥῆμα
1823 1650 1923 1719 τῆς

345 1735 582 1801 πίστεως
623 1737 652 1790 6
694 1737 1072 1807 κηρύσσομεν,
1109 1739 1192 1791 ὅτι
1240 1738 1336 1793 ἐὰν
1380 1738 1725 1811 ὁμολογήσῃς
1759 1741 1817 1792 ὲν
1844 1738 1925 1810 τῷ

2021 649 2151 711 haec,
2185 647 2512 718 ingentibus
2538 646 2913 715 evangelizare
2945 646 3349 717 investigabiles
3382 647 3600 703 divitias

2018 740 2242 804 Christi,
2288 749 2341 794 et
2384 739 2695 794 illuminare
2740 753 2930 794 omnes
2971 753 3093 808 quas
3145 739 3217 793 sit
3266 738 3602 808 dispensatio

2019 830 2348 884 sacramenti
2381 829 2684 885 absconditi
2713 844 2741 883 a
2780 828 2991 885 seculis
3022 829 3073 884 in
3108 828 3249 895 Deo,
3282 829 3384 900 qui
3418 830 3599 885 omnia

2016 922 2223 977 creavit
2246 921 2313 975 ³⁸.
2355 940 2373 974 ι

2098 1119 2117 1153 ι
2157 1099 2299 1169 Viri,
2337 1098 2545 1168 inquit,
2588 1096 2792 1166 diligite
2844 1110 3040 1152 uxores
3090 1105 3317 1163 vestras,
3365 1097 3506 1152 sicut
3546 1108 3603 1151 et

2020 1191 2274 1248 Christus
2299 1190 2489 1244 dilexit
2522 1188 2844 1254 Ecclesiam,
2880 1198 2936 1242 et
2989 1188 3340 1257 semetipsum
3383 1188 3603 1242 tradidit

2023 1300 2121 1356 pro
2146 1301 2235 1350 ea,
2268 1294 2328 1339 ut
2358 1283 2503 1338 illam
2548 1281 2918 1336 sanetiﬁcaret
2942 1321 2956 1347 ,
2994 1280 3261 1334 mundatis
3291 1293 3411 1335 eam
3454 1279 3604 1333 lava-

2021 1393 2121 1433 cro
2158 1391 2312 1446 aqua;
2350 1375 2402 1446 i_n
2447 1373 2610 1427 verbo
2656 1374 2776 1427 vita:
2806 1372 2873 1424 “.
2921 1391 2941 1425 ι
2983 1370 3186 1441 Ecquid
3228 1371 3408 1436 aliud,
3444 1372 3604 1426 obse-

2023 1482 2142 1534 cro,
2189 1444 2414 1521 νει-ι)υῇ
2459 1475 2581 1530 est,
2620 1479 2717 1534 per
2760 1465 2905 1533 quod
2951 1478 3178 1533 corpore
3229 1479 3367 1532 aqua
3403 1464 3602 1518 munda

2024 1560 2206 1614 abluto
2239 1572 2557 1627 purgamur,
2592 1570 2752 1624 quam
2787 1556 2913 1609 illud
2951 1556 3145 1624 ipsum,
3178 1555 3247 1608 de
3279 1570 3388 1625 quo
3413 1556 3603 1610 beatus

2022 1648 2222 1717 Paulus
2243 1647 2351 1701 alio
2386 1647 2503 1701 loco
2532 1646 2607 1700 ita
2637 1646 2821 1700 scribit
2848 1662 2864 1699 :
2897 1664 2915 1697 ι
2952 1645 3061 1700 lloc
3094 1655 3177 1700 est
3211 1648 3432 1702 verbum
3479 1647 3598 1699 ﬁdei

2025 1740 2164 1815 quod
2205 1739 2607 1808 praedicamus:
2659 1737 2782 1806 quia
2825 1738 2870 1792 si
2920 1737 3230 1793 conﬁtearis
3272 1737 3325 1790 in
3369 1751 3464 1791 ore
3513 1747 3603 1791 tuo

345 1826 577 1896 στόματί
609 1845 701 1880 σου
726 1828 933 1898 Κύριον
965 1829 1173 1899 Ἰησοῦν
1206 1830 1464 1900 Χριστὸν,
1490 1831 1587 1883 καὶ
1625 1829 1920 1903 πιστεύσῃς

2030 1831 2313 1885 Dominum
2337 1827 2545 1892 Jesum,
2577 1838 2631 1881 et
2666 1829 2718 1882 in
2772 1829 2936 1883 corde
2983 1838 3075 1882 tuo
3115 1826 3412 1882 credideris
3460 1826 3602 1895 quod

343 1920 403 1972 ἐν
424 1920 488 1990 τῇ
511 1920 707 1992 καρδίᾳ
730 1897 846 1985 σου,
875 1922 955 1975 ὅτι
977 1923 1006 1973 6
1021 1897 1154 1984 Θεὸς
1178 1897 1341 1975 αὑτὸν
1365 1921 1586 1993 ἤγειρεν
1604 1924 1666 1975 ἐκ
1690 1897 1920 1993 νεκριῦν,

2029 1926 2172 1978 Deus
2202 1922 2350 1977 illum
2376 1921 2658 1976 suscitavit
2692 1935 2722 1974 a
2752 1921 3013 1984 mortuis,
3052 1919 3234 1975 salvus
3262 1920 3390 1974 eris.
3428 1918 3604 1973 Corde

346 2009 589 2082 σωθήσῃ.
638 2011 854 2082 Καρδίᾳ
904 2012 1013 2082 γὰρ
1063 2012 1381 2066 πιστεύεται
1428 2016 1507 2077 είς
1550 2014 1922 2085 δικαιοσύνην,

345 2102 576 2178 στόματι
606 2102 665 2156 δὲ
707 2103 1048 2173 ὁμολογεῖται
1096 2106 1177 2170 εἰς
1224 2105 1540 2177 σωτηρίανς
1573 2124 1592 2158 ι
1628 2106 1837 2160 Οὐκοῦν
1874 2108 1923 2160 εί

343 2191 580 2264 Χριστὸν
622 2194 1009 2264 ὁμολογοῦντες
1056 2198 1114 2250 ἐν
1163 2199 1344 2252 πίστει
1375 2196 1682 2268 σωζόμεθα,
1715 2198 1834 2262 πῶς
1860 2199 1922 2252 οὐ

342 2281 477 2347 Θεὸς
507 2282 714 2353 ἀληθής
743 2287 910 2350 ἐστιν,
945 2287 1025 2349 είς
1056 2286 1116 2339 ὸν
1148 2287 1210 2341 τὸ
1239 2288 1339 2358 τῆς
1370 2288 1605 2353 πίστεως
1639 2291 1688 2342 εί
1715 2290 1925 2358 γένοιτο

347 2373 520 2445 ῥῆμα,
553 2375 947 2448 κεκαθάρμεθά
977 2394 1038 2431 τε
1073 2379 1169 2432 καὶ
1201 2380 1547 2450 ἡγιάσμεθα;

676 2489 777 2543 Ἕκ
810 2487 918 2558 τῆς
950 2489 1102 2559 πρὸς
1132 2492 1603 2559 Φιλιππησίους.

422 2619 441 2652 ι
487 2601 553 2654 Τί
600 2602 745 2674 γάρ;
808 2603 961 2674 φησί.
1015 2605 1162 2673 Πλὴν
1203 2608 1286 2661 ὅτι
1348 2608 1515 2661 παντὶ
1566 2607 1771 2679 τρόπῳ,
1816 2608 1927 2661 εἴτε

344 2691 636 2761 προφάσει,
658 2695 768 2748 εἴτε
785 2696 1034 2769 ἀληθείᾳ,
1049 2698 1284 2771 Χριστὸς
1304 2700 1752 2769 καταγγέλλεται.
1768 2719 1786 2752 ι
1800 2694 1927 2771 'Ap’

342 2779 438 2836 οὖν
455 2782 531 2847 ὡς
551 2784 840 2855 ἄνθρωπος
870 2789 1235 2859 τετιμημένος
1268 2791 1476 2861 χάριτι,
1504 2790 1584 2862 τῷ
1609 2793 1800 2863 κόσμῳ
1830 2810 1928 2864 κη-

347 2872 641 2945 ρύσσεται;
677 2877 872 2930 Καίτοι
920 2878 1054 2931 Θεὸν
1099 2879 1127 2930 6
1162 2880 1365 2950 κόσμος
1398 2882 1615 2950 ἐπέγνω
1662 2882 1923 2953 Χριστὸν,

341 2967 410 3035 τῇ
456 2965 639 3019 πίστει
669 2966 1002 3039 τετιμηκὼς.
1061 2968 1187 3033 Πῶς
1241 2965 1336 3025 οὖν
1374 2972 1434 3024 οὐ
1465 2971 1618 3038 Θεὸς,
1662 2973 1692 3026 6
1716 2973 1774 3027 ἐν
1798 2972 1925 3045 δόξῃ

344 3054 596 3130 θεότητος
611 3058 686 3131 τῷ
716 3060 905 3132 κόσμῳ
925 3061 1459 3134 καταγγελλόμενοςς

2025 2019 2169 2071 euint
2209 2014 2451 2069 creditur
2476 2013 2544 2067 ad
2566 2013 2856 2081 justitiam,
2886 2026 2979 2066 ore
3005 2021 3185 2064 autem
3236 2011 3293 2063 ﬁt
3334 2009 3602 2065 confessio

2024 2108 2091 2162 ad
2125 2106 2355 2162 salutem
2392 2105 2459 2161 “.
2496 2123 2515 2156 ι
2549 2104 2604 2159 Si
2636 2104 2820 2172 itaque
2844 2103 3121 2158 Christum
3156 2101 3474 2171 proﬁtentes
3505 2118 3604 2170 per

2027 2199 2183 2254 ﬁdem
2210 2198 2506 2264 salvamur,
2530 2197 2866 2266 verbumque
2895 2195 3015 2249 ﬁdei
3042 2196 3106 2249 de
3132 2194 3222 2249 illo
3251 2194 3600 2263 praedicatum

2023 2288 2290 2359 complexi
2325 2302 2617 2358 purgamur
2657 2296 2712 2342 et
2752 2285 3193 2350 sanctiﬁcamur,
3248 2283 3519 2355 quomodo
3558 2286 3604 2340 is

2025 2397 2185 2437 verus
2214 2380 2351 2436 Deus
2377 2394 2483 2435 non
2517 2378 2639 2434 est?

2384 2493 2468 2550 Ea,
2495 2493 2732 2565 Epistola
2761 2493 2831 2547 ad
2864 2493 3249 2563 Pltilippenses.

2103 2626 2122 2660 ι
2158 2605 2299 2673 Quid
2331 2605 2515 2662 enim?
2546 2603 2765 2677 (inquit)
2796 2604 2932 2658 Dutu
2966 2604 3114 2657 omni
3155 2602 3334 2669 modo,
3368 2600 3481 2655 sive
3511 2614 3606 2669 per

2026 2700 2391 2763 occasionem,
2419 2698 2534 2751 sive
2567 2711 2662 2765 per
2697 2695 2978 2750 veritatem
3026 2694 3276 2750 Christus
3321 2690 3606 2745 annuntio-

2030 2799 2119 2844 tur
2146 2789 2211 2841 ⁸³.
2253 2806 2272 2839 ι
2332 2786 2583 2857 Nunquid
2628 2797 2685 2840 ut
2721 2787 2881 2840 homo
2931 2786 3110 2839 divina
3161 2785 3334 2853 gratia
3383 2792 3608 2837 ornatus

2028 2878 2231 2933 mundo
2260 2876 2655 2932 annuutietur?
2702 2877 2863 2946 Atqui
2913 2877 3145 2930 mundus
3191 2874 3466 2929 Christum
3510 2887 3608 2942 per

2028 2970 2188 3024 tidem
2219 2967 2423 3035 colens,
2448 2968 2514 3021 ad
2546 2967 2638 3022 Dei
2673 2968 2999 3038 agnitionem
3028 2968 3292 3022 adductus
3315 2976 3417 3020 est.
3457 2965 3607 3031 Quo-

2029 3061 2187 3114 modo
2215 3059 2261 3113 is
2292 3073 2424 3128 ergo
2458 3057 2601 3114 Deus
2633 3076 2738 3114 nou
2764 3069 2870 3127 est,
2892 3061 2979 3128 qui
3030 3061 3083 3114 in
3127 3058 3322 3115 divina:
3354 3056 3606 3128 majesta-

2031 3151 2100 3206 tis
2131 3149 2305 3219 gloria
2334 3150 2533 3205 mundo
2559 3150 2880 3220 praedicatus
2909 3152 3035 3206 est?

420 3257 441 3291 ι
485 3239 902 3306 Συναθλοῦντες,
939 3241 1095 3314 φησὶ,
1130 3245 1197 3314 τῇ
1226 3242 1406 3298 πίστει
1459 3244 1553 3299 τοῦ
1582 3244 1919 3314 Εὑαγγελίου

2100 3259 2121 3294 ι
2152 3241 2559 3297 Collaborantes
2606 3241 2725 3296 ﬁdei
2762 3241 3036 3312 Evangelii
3086 3242 3106 3314 (
3129 3251 3184 3298 et
3231 3244 3293 3301 in,
3318 3243 3464 3300 nullo
3497 3253 3608 3301 ter-

346 3329 464 3401 (καὶ
487 3330 562 3402 μὴ
586 3332 914 3403 πτυρόμενοι
932 3334 987 3387 ἐν
1011 3335 1201 3404 μηδενὶ
1217 3334 1320 3387 ὑπὸ
1344 3336 1451 3388 τῶν
1474 3336 1916 3408 ἀντικειμένων),

341 3421 466 3492 ἥτις
512 3423 699 3487 αὐτοῖς
755 3423 854 3494 μέν
905 3426 1053 3477 ἐστιν
1107 3424 1328 3491 ἔνδειξις
1357 3427 1658 3492 ἀπωλείας,
1706 3429 1835 3499 ὑμῖν
1867 3430 1925 3485 δὲ

342 3514 643 3584 σωτηρίας,
683 3514 779 3567 καὶ
810 3513 968 3568 τοῦτο
1014 3516 1123 3570 ἀπὸ
1152 3516 1286 3570 Θεοῦ
1313 3536 1327 3550 υ
1361 3518 1442 3571 ὅτι
1481 3520 1609 3590 ὑμῖν
1659 3520 1924 3592 ἐχαρίσθη

341 3604 407 3656 τὸ
436 3593 578 3675 {intra
610 3604 871 3675 Χριστοῦ,
908 3606 969 3659 ού
1008 3607 1166 3677 μόνον
1197 3609 1258 3662 τὸ
1302 3611 1383 3673 είς
1433 3610 1597 3665 αὐτὸν
1625 3611 1922 3677 πιστεύειν,

342 3694 480 3748 ἀλλὰ
508 3696 604 3749 καὶ
633 3696 696 3750 τὸ
731 3697 872 3770 ὑπὲρ
916 3698 1082 3752 αὐτοῦ
1128 3700 1379 3771 πάσχειν.
1417 3720 1437 3755 ι
1492 3704 1555 3756 Et
1597 3704 1657 3759 ἐν
1704 3705 1926 3776 χάριτος

347 3785 505 3859 μέρει
528 3787 801 3858 δεχόμεθα
840 3790 993 3860 παρὰ
1024 3789 1161 3844 Θεοῦ
1194 3792 1257 3845 τὸ
1287 3793 1566 3846 πιστεύειν
1592 3796 1649 3849 ἐν
1678 3795 1923 3867 Χριστῷ,

340 3879 407 3932 οὐ
435 3879 832 3951 πεπλανήμεθα
862 3880 920 3934 δὲ
950 3881 1039 3934 διὰ
1071 3880 1232 3936 τοῦτο
1275 3882 1499 3952 μᾶλλον,
1529 3884 1647 3938 ἀλλ’
1675 3885 1924 3953 ἐγνώκα-

346 3985 448 4038 μεν
474 3969 567 4025 τὸν
594 3969 753 4038 φύσει
780 3988 840 4024 τε
870 3972 963 4024 καὶ
995 3972 1213 4040 ἀληθῶς
1242 3973 1377 4028 ὅντα
1406 3974 1564 4028 Θεόν·
1598 3976 1717 4041 πῶς
1741 3976 1808 4031 ἂν
1839 3979 1925 4030 ἐν-

339 4057 575 4115 δοιάσειέ
600 4078 705 4126 τις,
740 4063 822 4114 ὅτι
852 4061 984 4124 Θεὸς
1015 4063 1043 4114 6
1069 4063 1339 4132 Χριστό;;

707 4193 809 4247 Ἐκ
837 4190 947 4261 τῆς
980 4192 1132 4261 πρὸς
1170 4193 1447 4261 Τιμόθεον·
1491 4201 1565 4249 α’.

316 4358 331 4366 ,
415 4323 438 4356 ι
484 4304 680 4368 Πιστὸς
707 4306 738 4359 6
780 4304 958 4374 λόγος,
991 4304 1084 4358 καὶ
1113 4304 1293 4375 πάσης
1325 4306 1595 4380 ἀποδοχῆς
1633 4307 1803 4375 ἄξιος,
1838 4311 1920 4365 ὅτι

340 4395 575 4467 Χριστὸς
615 4396 825 4467 Ἰησοῦς
863 4393 1026 4468 ἦλθεν
1071 4398 1150 4462 είς
1195 4397 1286 4451 τὸν
1317 4398 1519 4469 κόσμον
1565 4400 1921 4472 ἁμαρτωλοὺς

342 4484 536 4550 σῶσαι,
573 4478 647 4540 ὧν
693 4485 913 4557 πρῶτός
953 4488 1068 4557 είμι
1100 4486 1210 4555 ἐγώ
1230 4502 1242 4515 ·
1288 4486 1424 4541 ἀλλὰ
1454 4486 1545 4542 διὰ
1574 4487 1739 4543 τοῦτο
1759 4490 1919 4561 ηλεή-

2027 3333 2252 3389 reamini
2280 3333 2348 3388 ab
2374 3332 2745 3403 adversariis),
2782 3349 2902 3404 quos
2933 3332 3039 3387 illis
3074 3350 3235 3389 causa
3284 3336 3606 3404 perditionis

2024 3432 2132 3488 est,
2163 3423 2319 3479 vobis
2351 3432 2530 3478 autem
2562 3422 2750 3478 salutis
2776 3466 2791 3490 ,
2833 3434 2884 3478 et
2917 3425 3019 3479 hoc
3046 3440 3074 3478 a
3112 3423 3222 3480 Deo
3249 3442 3263 3481 :
3294 3428 3417 3495 quia
3452 3426 3605 3481 vobis

2026 3514 2285 3570 donatum
2313 3523 2396 3570 est
2427 3529 2526 3585 pro
2549 3514 2794 3581 Christo,
2828 3530 2932 3570 non
2958 3516 3131 3571 solum
3162 3526 3219 3570 ut
3246 3517 3298 3571 in
3326 3531 3450 3572 eum
3484 3534 3607 3573 cre-

2027 3590 2188 3671 datis,
2220 3606 2316 3661 sed
2348 3614 2406 3660 ut
2439 3605 2602 3661 etiam
2642 3622 2742 3676 pro
2786 3605 2875 3663 illo
2926 3607 3205 3678 patiamini
3239 3609 3305 3664 ⁸³.
3345 3629 3365 3664 ι
3411 3609 3470 3664 Si
3505 3611 3608 3666 hoc

2028 3710 2057 3748 a
2096 3695 2207 3751 Deo
2237 3696 2292 3750 in
2318 3697 2507 3766 gratiae
2556 3695 2678 3752 loco
2710 3696 3009 3767 accipimus
3029 3738 3044 3764 ,
3079 3699 3221 3768 quod
3249 3700 3303 3754 in
3331 3700 3604 3756 Christum

2026 3784 2323 3849 credimus,
2376 3799 2551 3853 neque
2594 3799 2692 3854 per
2743 3785 2846 3841 hoc
2888 3786 2940 3841 in
2978 3802 3219 3844 errorem
3267 3789 3605 3854 abducimur,

2024 3875 2118 3929 sed
2144 3874 2200 3928 in
2225 3875 2341 3944 ejus
2360 3876 2538 3945 potius
2560 3876 2924 3946 coguitionem
2962 3879 3302 3945 adducimur,
3327 3881 3416 3948 qui
3446 3895 3608 3934 verus

2022 3965 2318 4019 secundum
2353 3976 2603 4020 naturam
2647 3966 2790 4021 Deus
2836 3976 2963 4021 est:
3010 3971 3277 4036 quomodo
3326 3972 3604 4028 Christum

2023 4056 2191 4111 Deum
2224 4070 2366 4124 esse,
2404 4058 2677 4129 ambigere
2699 4058 2828 4129 quis
2855 4060 3056 4130 queat?

2339 4190 2502 4264 124
2530 4192 2613 4246 Ea:
2641 4194 2808 4264 priori
2838 4195 2908 4248 ad
2942 4196 3286 4253 Timotheum.

2050 4314 2051 4317 ‘
2101 4325 2122 4359 ι
2156 4305 2357 4362 Fidelis
2380 4321 2581 4375 sermo,
2604 4316 2659 4362 et
2682 4307 2829 4362 omni
2866 4311 3182 4380 acceptione
3211 4312 3428 4381 dignus,
3458 4316 3600 4382 quod

2023 4397 2275 4453 Christus
2307 4397 2469 4455 Jesus
2513 4399 2659 4453 venit
2692 4399 2745 4453 in
2802 4399 2947 4455 hunc
2988 4403 3243 4456 mundum
3288 4414 3601 4473 peccatores

2025 4490 2207 4544 salvos
2234 4489 2453 4556 facere;
2484 4505 2710 4560 quorum
2741 4487 2947 4560 primus
2986 4508 3085 4563 ego
3121 4508 3238 4546 sum
3272 4511 3287 4548 :
3342 4493 3436 4554 sed
3481 4494 3601 4549 ideo

341 4574 464 4645 θην,
499 4577 586 4629 ἵνα
613 4578 669 4629 ἐν
700 4577 823 4646 ἐμοὶ
855 4575 1055 4647 πρώτῳ
1078 4575 1289 4648 ἐνδείξῃ
1312 4577 1544 4647 Χριστὸς
1587 4576 1793 4648 Ἰησοῦς
1822 4578 1920 4649 τὴν

2025 4583 2453 4638 misericordiam
2497 4591 2822 4639 consecutus
2883 4601 3025 4650 sum,
3088 4594 3146 4639 ut
3198 4584 3251 4639 in
3303 4601 3387 4641 me
3426 4587 3602 4655 primo

339 4664 561 4717 ἃπασαν
608 4664 1011 4736 μακροθυμίαν,
1062 4665 1199 4737 πρὸς
1252 4666 1601 4720 ὑποτύπωσιν
1634 4666 1742 4722 τῶν
1789 4669 1919 4739 μελ-

338 4754 541 4808 λόντων
573 4755 846 4817 πιστεύειν
888 4755 974 4809 ἐπ’
1002 4756 1152 4827 αὑτῷ
1200 4759 1282 4821 είς
1329 4756 1473 4829 ζωὴν
1513 4757 1752 4814 αίὼνιον.
1799 4778 1818 4810 ι
1853 4760 1918 4813 Ei

340 4844 699 4915 ἁμαρτωλοὺς
746 4844 908 4911 σώζει
952 4844 1207 4918 Χριστὸς,
1258 4848 1354 4900 καὶ
1410 4847 1757 4919 μακροθυμεῖ
1805 4851 1919 4913 τοῖς

339 4934 797 5007 πλημμελήμασι,
845 4935 1132 5007 δεχόμενος
1175 4935 1356 4989 αὐτῶν
1392 4937 1490 5006 τὴν
1538 4938 1914 5008 μετάγνωσινο

338 5026 435 5080 καὶ
465 5027 615 5081 πᾶσα
644 5027 800 5098 ἡμῶν
828 5029 860 5097 ἡ
891 5027 1072 5090 πίστις
1114 5028 1199 5080 ἐπ’
1240 5029 1410 5097 αὐτῷ,
1454 5029 1549 5083 καί⁵
1593 5029 1680 5084 διὰ
1707 5030 1808 5100 τῆς
1839 5033 1918 5095 είς

337 5120 502 5173 αὑτὸν
533 5120 768 5184 πίστεως
794 5122 893 5192 τὴν
922 5121 1067 5189 ζωὴν
1096 5122 1193 5194 τὴν
1223 5121 1437 5176 αἰώνιον
1469 5125 1914 5196 κεκερδήκαμενο

226 5226 231 5229 ·
338 5209 456 5273 πῶς
489 5211 549 5263 οὐ
580 5212 712 5275 Θεὸς
760 5212 844 5281 εἴη
893 5212 996 5277 άν;
1029 5213 1109 5265 ὅτι
1159 5213 1254 5267 καὶ
1302 5213 1448 5284 μόνῳ
1479 5214 1597 5284 Θεῷ
1628 5216 1828 5287 πρέποι
1852 5215 1918 5270 ἂν

336 5300 564 5364 εἰκότως
610 5299 671 5353 τὸ
721 5302 815 5353 καὶ
863 5300 1056 5367 σώζειν
1107 5301 1366 5358 δύνασθαι
1406 5304 1498 5357 τὸν
1532 5305 1758 5376 κόσμον,
1796 5306 1916 5379 ἦτοι

333 5390 464 5454 τοὺς
505 5392 564 5443 ἐν
605 5391 682 5463 τῷ
716 5393 927 5463 κόσμῳ,
960 5396 1054 5447 καὶ
1104 5395 1476 5467 μακροθυμεῖν
1512 5399 1625 5461 τοῖς
1665 5399 1916 5471 ἁμαρτά-

335 5497 523 5550 νουσι,
591 5481 686 5535 καὶ
749 5481 1032 5546 ζωοποιεῖν
1096 5484 1183 5537 διὰ
1245 5489 1345 5557 τῆς
1394 5485 1630 5551 πίστεως
1679 5487 1782 5558 τῆς
1837 5490 1917 5553 είς

334 5571 547 5626 ἑαυτόν.

2022 4675 2335 4729 ostenderet
2385 4674 2632 4731 Christus
2674 4674 2830 4731 Jesus
2876 4692 3092 4730 omnem
3137 4677 3484 4746 patientiam,
3533 4680 3601 4733 ad

2022 4762 2460 4819 informationem
2480 4764 2680 4820 'eorum
2725 4767 2813 4835 qui
2858 4768 3113 4822 credituri
3165 4775 3293 4822 sunt
3326 4767 3402 4822 illi
3443 4768 3494 4822 in
3528 4768 3605 4821 vi-

2023 4862 2132 4906 tam
2161 4863 2420 4909 mtcruam
2453 4855 2518 4909 “.
2553 4875 2571 4907 ›
2607 4855 2662 4911 Si
2695 4855 2943 4911 Christus
2967 4853 3123 4910 Iesus
3151 4866 3465 4924 peccatores
3493 4855 3604 4911 sal-

2020 4957 2130 5012 vat,
2166 4947 2541 5018 patienterque
2570 4950 2763 5005 delicta
2813 4948 3026 5013 tolerat,
3077 4948 3291 5002 illorum
3333 4947 3605 5017 ptenitem

2022 5039 2150 5093 tiam
2182 5051 2543 5109 exspectans;
2585 5042 2630 5096 si
2666 5052 2774 5097 tota
2811 5041 2942 5097 ﬁdes
2980 5048 3167 5097 nostra
3208 5041 3467 5110 in-ipsum
3493 5041 3600 5095 fer-

2022 5140 2128 5196 tur,
2161 5139 2214 5183 et
2241 5146 2335 5198 per
2364 5130 2520 5184 ﬁdem
2549 5131 2806 5204 denique,
2837 5149 2954 5202 qum
2985 5143 3069 5187 est
3099 5133 3152 5187 in
3196 5132 3369 5201 ipsum
3390 5172 3405 5195 ,
3433 5132 3599 5186 vitam

2019 5227 2275 5273 aeternam
2336 5219 2736 5287 adipiscimur:
2788 5223 3060 5291 quomodo
3122 5238 3227 5277 uon
3288 5230 3370 5277 est
3416 5219 3601 5275 Deus?

2019 5307 2455 5378 quandoquidem
2484 5311 2764 5377 mundum,
2796 5314 2897 5367 hoc
2924 5324 3024 5376 est,
3057 5329 3152 5370 cos
3186 5314 3275 5384 qui
3312 5314 3364 5368 in
3399 5314 3598 5369 mundo

2020 5398 2123 5453 hoc
2172 5399 2415 5466 degunt,
2470 5413 2628 5466 posse
2677 5402 2927 5469 salvare,
2972 5403 3353 5474 longanimiter
3412 5404 3599 5458 adhaec

2020 5499 2332 5559 peccatores
2370 5491 2529 5557 l'erre,
2583 5491 2748 5545 vitam
2784 5503 3057 5563 postremo
3102 5510 3198 5564 per
3235 5496 3394 5550 ﬁdem
3438 5495 3492 5549 in
3535 5494 3599 5549 il-

2021 5582 2132 5634 lum
2172 5581 2473 5650 impertiri;
2503 5583 2552 5637 id
2588 5583 2780 5639 merito
2812 5584 2866 5639 iu
2900 5585 3071 5639 solum
3110 5584 3273 5642 Deum
3306 5576 3599 5642 convenire

2017 5681 2249 5742 oportet.

334 5840 385 5874 "
408 5841 607 5912 Ephes.
635 5855 717 5908 ιιι,
751 5841 806 5908 8,
834 5842 889 5898 9.
937 5843 982 5875 ⁸ο
1007 5842 1202 5914 Ephcs.
1240 5860 1289 5912 ν,
1317 5842 1413 5911 25,
1439 5825 1531 5900 ⁸26.
1568 5846 1613 5878 ⁸⁸
1642 5844 1798 5902 Rom.
1837 5860 1890 5914 ιι,

2024 5846 2078 5901 o.
2123 5846 2167 5879 η
2200 5845 2431 5920 Philipp.
2459 5865 2497 5919 ι,
2543 5848 2628 5905 ts.
2708 5850 2754 5883 ω
2781 5850 2914 5908 ibid.
2950 5850 3041 5908 28.
3122 5850 3167 5883 ει
3197 5850 3218 5906 ι
3252 5850 3397 5907 Tim.
3432 5863 3470 5917 ι.
3508 5850 3589 5906 is.
