4076 6416
1989 142 2017 175 \

336 372 477 431 ηδτ»
1430 369 1520 425 DE
1558 366 1786 426 RECTA
1827 368 1946 425 FlDI

2049 369 2115 423 ιι)
2153 363 2473 424 ιιιειςιΝΑε.
3468 352 3609 405 1554

336 494 493 563 μείου
523 492 624 563 τὴν
653 492 794 563 ὑπὲρ
824 491 1114 564 ἄνθρωπον
1157 492 1388 563 δύναμίν
1423 509 1483 546 τε
1532 492 1629 546 καὶ
1669 490 1919 558 ἐξουσίαν

2049 488 2526 545 ιηίηιοιινοτιοτιιηι
2551 499 2566 537 :
2595 494 2763 553 quare
2785 478 2841 534 in
2875 475 3023 533 illum
3060 484 3315 543 tanquam
3354 470 3406 524 in
3435 469 3605 524 Deum

334 586 549 657 ἔχοντα.
585 582 797 638 Οὐκοῦν
822 584 1253 639 πεπιστεύκασιν
1295 584 1371 648 ὡς
1410 586 1492 648 είς
1528 583 1685 638 Θσόν.
1724 581 1920 636 ’ἰστέον

2049 580 2393 634 tradiderunt.
2431 575 2657 631 Constat
2688 587 2783 644 per
2814 567 3014 625 multos
3050 573 3270 622 sanctos
3300 562 3466 615 multa
3496 570 3608 615 stu-

330 651 415 739 δέ,
440 676 525 729 ὅτι
558 674 744 729 πολλοὶ
764 675 876 728 τῶν
903 676 1077 744 ἁγίων
1119 675 1292 729 πολλὰ
1328 676 1663 746 πεποιήκασι
1694 673 1789 727 ttal.
1817 689 1922 725 πα-

2049 670 2196 727 νοηύι
2224 669 2484 733 edidisse,
2512 676 2733 737 propter
2761 676 2883 734 qua:
2911 660 3075 716 etiam
3108 658 3162 712 in
3192 669 3389 726 magna
3428 651 3606 707 admi-

339 766 571 836 ράδοξαθ
620 768 716 820 καὶ
762 766 1187 837 ἐθαυμάσθησαν
1237 767 1357 839 μὲν,
1404 767 1696 819 ἐπίστευσε
1738 764 1797 819 δὲ
1842 766 1919 829 είς

338 860 542 924 αὐτοὺς
568 861 765 925 οὐδείς.
802 862 957 931 Ἔχοι
983 860 1030 915 δ’
1071 861 1138 914 ἂν
1162 860 1261 932 τὴν
1301 861 1424 930 ῐσην
1459 858 1732 914 διάνοιαν·
1764 875 1787 908 ι
1835 855 1924 919 Ὦς

338 954 396 1007 δὲ
424 949 493 1024 ἧν
516 955 575 1007 ἐν
593 956 707 1018 τοῖς
741 953 1134 1026 Ἱεροσολύμοις
1158 955 1223 1007 ἐν
1247 952 1326 1025 τῷ
1355 953 1547 1023 Πάσχα
1567 952 1627 1004 ὲν
1650 952 1716 1021 τῇ
1734 948 1922 1021 ἑορτῇ,

338 1043 529 1096 πολλοὶ
570 1043 902 1097 ἐπίστευσαν
931 1046 1012 1108 είς
1056 1043 1119 1096 τὸ
1154 1044 1326 1114 ὸνομα
1376 1041 1562 1106 αὐτοῦ,
1594 1038 1925 1111 θεωροῦντες
1962 1028 1969 1035 ’

340 1132 508 1187 αὐτοῦ
540 1133 608 1188 τὰ
638 1136 861 1205 σημεῖα,
889 1132 927 1188 ἃ
960 1133 1161 1189 ἐποίει.
1209 1152 1230 1185 ο

422 1265 442 1297 ι
466 1246 546 1301 06
576 1247 685 1317 γὰρ
711 1246 1028 1300 ἀπέστειλεν
1053 1248 1081 1301 6
1102 1246 1235 1311 Θεὸς
1260 1248 1352 1299 τὸν
1377 1245 1508 1300 Υίὸν
1537 1244 1701 1300 αὑτοῦ
1732 1249 1812 1309 είς
1836 1243 1927 1299 τὸν

2022 763 2235 819 ratione
2262 769 2422 817 erant
2450 777 2465 813 :
2493 767 2551 814 at
2599 756 2777 812 nullus
2824 753 3041 809 interim
3092 759 3342 819 repertus
3374 755 3461 801 est
3514 744 3607 815 qui
3660 794 3669 801 .

2022 854 2082 910 in
2117 853 2238 909 illos
2262 852 2532 909 crederet.
2556 849 2815 921 Ejusdem
2857 859 2995 917 pene
3032 844 3312 899 sententiae
3344 846 3511 895 estet
3541 837 3610 891 il-

2024 946 2116 1001 lud
2146 960 2404 1016 quoque:
2442 948 2466 996 ι
2501 942 2638 998 Cum
2688 950 2871 996 autem
2920 946 3068 993 esset
3109 932 3502 1003 Hierosolymis
3553 928 3606 984 in

2027 1038 2236 1093 Pascha
2269 1038 2322 1092 in
2362 1036 2450 1092 die
2494 1033 2657 1100 festo,
2688 1030 2843 1087 multi
2888 1028 3239 1086 crediderunt
3288 1025 3342 1078 in
3395 1022 3614 1078 nomine

2023 1129 2171 1202 ejus,
2208 1128 2455 1186 videntes
2483 1129 2636 1199 signa
2664 1124 2782 1197 ejus
2807 1139 2929 1197 quas
2949 1123 3184 1179 faciebat
3210 1119 3283 1176 ⁷⁸.
3325 1137 3345 1172 ι

2107 1263 2127 1298 ι
2158 1243 2280 1299 Non
2329 1238 2475 1298 enim
2522 1240 2672 1296 misit
2712 1240 2855 1296 Deus
2900 1237 3098 1293 Filium
3140 1249 3296 1290 suum
3349 1229 3513 1302 126
3563 1229 3616 1283 in

344 1337 573 1408 κόσμον,
626 1338 713 1390 ἵνα
765 1337 928 1410 κρίνῃ
978 1338 1075 1393 τὸν
1121 1338 1361 1409 κόσμον,
1411 1338 1527 1391 ἀλλ’
1562 1338 1651 1391 ίνα
1703 1336 1849 1408 σωθῇ
1900 1335 1928 1389 6

2049 1338 2294 1395 nundum
2325 1344 2384 1392 ut
2407 1335 2613 1405 iudicet
2645 1333 2942 1398 mundum,
2972 1332 3067 1386 sed
3098 1337 3157 1384 ut
3184 1326 3426 1384 salvetur
3453 1337 3619 1376 mun-

345 1429 552 1498 κόσμος
580 1429 647 1481 δι’
666 1429 854 1486 αὑτοῦ.
873 1430 931 1483 Ὀ
959 1430 1232 1483 πιστεύων
1255 1431 1336 1493 εἰς
1362 1430 1545 1494 αὑτὸν,
1572 1430 1633 1482 οῦ
1660 1428 1926 1499 κρίνεται·

2049 1434 2134 1488 lus
2160 1446 2256 1500 per
2277 1421 2472 1500 ipsum.
2498 1426 2605 1496 Qui
2644 1426 2819 1482 credit
2863 1425 2918 1479 in
2958 1437 3106 1487 eum,
3150 1433 3259 1475 non
3296 1415 3618 1486 iudicatur:
3672 1395 3679 1400 ’

345 1521 377 1572 6
402 1519 458 1572 δὲ
494 1521 569 1590 μὴ
600 1519 895 1587 πιστεύων,
927 1522 1026 1593 ἤδη
1059 1521 1331 1592 κέκριται·
1363 1521 1445 1574 ὅτι
1467 1521 1541 1592 μὴ
1570 1519 1931 1572 πεπίστευκεν

2049 1524 2124 1595 ιιιὶ
2158 1530 2338 1578 autem
2370 1536 2477 1576 non
2506 1520 2700 1584 credit,
2727 1519 2837 1589 jam
2872 1515 3147 1587 judicatus
3192 1520 3306 1575 est;
3342 1508 3469 1579 quia
3511 1520 3616 1558 nou

349 1613 431 1674 είς
474 1610 537 1663 τὸ
584 1610 760 1680 ονομα
799 1610 893 1665 τοῦ
948 1613 1266 1683 μονογενοῦς
1313 1612 1444 1666 Υίοῦ
1476 1610 1570 1665 τοῦ
1618 1609 1776 1666 Θεοῦ.
1816 1629 1834 1662 ι
1869 1609 1933 1662 Et

2049 1611 2269 1669 :redidit
2317 1610 2369 1665 in
2406 1608 2624 1664 nomine
2658 1604 2925 1677 uuigeniti
2971 1602 3094 1658 Filii
3136 1597 3231 1656 Dei
3263 1600 3333 1654 ".
3376 1615 3397 1650 ι
3437 1595 3493 1650 Si
3531 1595 3619 1647 via

349 1701 629 1770 σωτηρίας
658 1699 775 1765 ὁδός
798 1703 944 1754 ἐστιν
962 1703 996 1773 ἡ
1024 1702 1206 1765 πίστις
1231 1703 1265 1773 ή
1288 1704 1369 1766 είς
1394 1702 1488 1756 τὸν
1512 1702 1660 1767 Υίὸν,
1691 1701 1808 1765 πῶς
1826 1701 1933 1774 ἄρα

2049 1703 2105 1758 t-d
2136 1701 2369 1757 salutem
2398 1708 2482 1755 est
2513 1699 2649 1753 fides
2685 1698 2739 1753 in
2785 1695 3008 1758 Filium,
3050 1690 3324 1765 quomodo
3355 1687 3410 1743 in
3441 1688 3620 1755 ipsum

351 1794 680 1866 πιστεύομεν
714 1797 793 1860 είς
836 1794 1025 1860 αὐτόνς
1071 1796 1103 1867 ἢ
1148 1795 1263 1859 πῶς
1302 1796 1402 1867 τὴν
1431 1798 1497 1849 ὲκ
1532 1794 1623 1849 τοῦ
1651 1795 1932 1868 κρίνεσθαι

2049 1794 2346 1852 credimus?
2387 1802 2483 1848 aut
2523 1793 2798 1863 quomodo
2846 1793 2901 1845 In
2940 1790 3115 1860 ipsum
3166 1784 3451 1841 credentes
3489 1794 3623 1833 con-

2060 1889 2071 1892 -
2268 1887 2278 1892 -
2361 1884 2375 1892 .
2649 1882 2662 1892 .
2928 1881 2940 1892 ι
3112 1876 3136 1892 ι
3182 1874 3225 1892 ιτ
3315 1871 3433 1892 ᾲν-ει
3474 1869 3620 1892 211---..

350 1887 752 1960 διαφευξόμεθα
782 1889 971 1959 δίκην;
1008 1883 1117 1962 ἄρα
1143 1890 1251 1960 γὰρ
1275 1889 1351 1953 ὡς
1390 1888 1676 1961 ἄνθρωπον
1703 1888 1934 1942 καταδε-

350 1979 597 2050 ξάμενοι,
623 1981 716 2033 καὶ
744 1981 931 2052 ἕτερον
963 1981 1113 2053 παρὰ
1141 1980 1296 2033 τοῦτο
1312 1979 1499 2047 οὑδέν;
1529 1976 1663 2033 Εἶτα
1686 1978 1803 2043 πῶς
1831 1980 1934 2034 οὐκ

350 2072 626 2145 ἀνθρώπῳ
651 2073 1038 2145 λατρεύωμεν.
1076 2073 1215 2126 Ἀλλ’
1235 2072 1311 2137 ὡς
1336 2075 1415 2136 είς
1439 2071 1591 2126 Θεὸν·
1627 2072 1786 2125 τοῦτο
1824 2072 1935 2144 γὰρ

351 2166 571 2237 ἀληθές.
599 2167 697 2232 Τις
729 2165 821 2222 οῦν
852 2171 882 2223 6
906 2169 1072 2237 φάναι
1096 2166 1307 2239 τολμῶν
1333 2168 1436 2221 οὐκ
1459 2162 1598 2221 εἶναι
1629 2167 1771 2220 κατὰ
1803 2167 1937 2239 ἀλή-

347 2257 501 2312 θειαν
529 2256 681 2325 Θεὸν,
708 2252 769 2313 οὗ
796 2257 1145 2312 δεδικαίωκεν
1170 2258 1204 2329 ή
1231 2255 1413 2320 πίστις
1437 2255 1536 2326 τὴν
1552 2254 1645 2308 ὑπ’
1665 2254 1933 2327 οὐρανόν;

2040 1884 2406 1943 demuationis
2428 1882 2757 1939 sententiam
2805 1876 3136 1936 evademus?
3181 1871 3434 1945 Nunquid
3472 1869 3622 1925 illum

2041 1978 2147 2033 fide
2181 1984 2240 2031 ut
2278 1974 2551 2030 hominem
2580 1972 2994 2043 complectimur
3015 2012 3031 2037 ,
3062 1982 3161 2023 nec
3192 1966 3486 2037 quidquam
3509 1975 3627 2014 om-

2041 2070 2169 2124 nino
2194 2052 2304 2124 nisi
2356 2069 2651 2123 humanum
2702 2066 2768 2122 de
2817 2064 2908 2119 illo
2964 2060 3342 2132 concipimus?
3398 2058 3471 2112 At
3517 2071 3625 2127 quo

2043 2171 2199 2231 pactn
2224 2161 2269 2216 si
2304 2160 2407 2216 hoc
2442 2159 2752 2222 fecerimus,
2779 2156 3019 2212 divinum
3052 2154 3257 2209 cultum
3292 2148 3496 2205 homini
3524 2146 3627 2202 im-

2045 2254 2300 2325 pendisse
2330 2268 2435 2307 non
2470 2249 2798 2322 arguemur?
2830 2248 3035 2304 Fideue
3066 2260 3196 2315 ergo
3228 2244 3280 2298 in
3311 2243 3461 2299 illum
3492 2237 3625 2295 feni-

353 2368 475 2407 mnr
509 2363 763 2424 tanquam
801 2355 852 2408 in
878 2354 1084 2409 Deum?
1107 2351 1269 2409 Sane.
1308 2354 1443 2419 Quis
1516 2351 1666 2406 illum
1726 2365 1877 2420 ergo,
1906 2349 2061 2418 cujus
2097 2349 2232 2405 fides
2282 2357 2553 2404 terrarum
2604 2348 2795 2405 orbem
2871 2342 3167 2414 iustificat,
3221 2352 3409 2394 verum
3457 2334 3626 2388 Deum

351 2462 475 2504 esse
502 2448 734 2504 inﬂciari
760 2450 995 2504 audeat?
1639 2497 1650 2506 .

428 2561 449 2596 ι
497 2540 682 2610 Ἔγνω
713 2537 806 2595 οὖν
850 2543 878 2596 6
908 2540 1091 2613 πατὴρ
1117 2539 1198 2594 ὅτι
1227 2541 1285 2593 ὲν
1324 2538 1512 2609 ἐκείνῃ
1542 2538 1608 2608 τῇ
1641 2536 1783 2607 ὥρᾳ,
1814 2537 1873 2587 ὲν

350 2628 505 2688 εἶπεν
549 2631 736 2704 αὐτῷ’
774 2631 842 2687 Ὀ
886 2632 1002 2695 υἱός
1056 2646 1149 2685 σου
1199 2630 1303 2702 ζῇ’
1348 2629 1447 2683 καὶ
1484 2627 1813 2683 ἐπίστευσεν
1861 2626 1942 2689 εἰς

354 2725 518 2780 αὐτὸν
548 2723 731 2789 αὐτὸς,
775 2722 871 2778 καὶ
914 2724 947 2794 ἡ
996 2723 1142 2776 οίκία
1176 2720 1344 2777 αὐτοῦ
1372 2719 1496 2791 ὅλη.
1539 2738 1560 2772 ο
1608 2718 1937 2787 Ἀνέστησεν

351 2820 420 2870 ὲκ
446 2815 657 2886 νεκρῶν
690 2813 785 2868 τοῦ
806 2814 1089 2885 βασιλικοῦ
1112 2814 1207 2867 τὸν
1227 2813 1340 2867 υἱὸν
1364 2815 1393 2866 6
1419 2812 1674 2883 Χριστὸς,
1702 2807 1942 2882 εἰρηκὼς

353 2904 537 2977 αὐτῷ·
575 2923 595 2957 ι
629 2903 891 2975 Πορεύου,
923 2906 951 2957 6
979 2903 1094 2967 υἱός
1122 2919 1214 2956 σου
1254 2902 1344 2973 ζῇ.
1384 2921 1403 2954 ι
1442 2898 1577 2955 Εἶτα
1608 2900 1941 2955 πεπίστευκε

356 2994 595 3051 πανοικί.
631 2991 761 3066 Ἆρ’
791 2990 885 3049 οὖν
932 2994 1022 3049 διὰ
1067 2994 1167 3064 τῆς
1209 2992 1352 3045 οὕτω
1396 2991 1638 3063 μεγάλης
1674 2989 1767 3044 καὶ
1821 2989 1940 3043 θεο-

2119 2553 2138 2588 ι
2172 2533 2443 2605 Cognovit
2470 2548 2602 2604 ergo
2631 2542 2785 2604 pater
2807 2529 2933 2600 quia
2964 2527 3055 2582 illa
3087 2526 3222 2581 hora
3255 2531 3412 2586 erat,
3445 2521 3500 2576 in
3525 2534 3630 2590 qua

2044 2629 2181 2687 dixit
2212 2630 2288 2686 illi
2318 2629 2515 2687 Jesus:
2547 2628 2720 2685 Filius
2758 2635 2882 2683 tuus
2914 2625 3047 2680 vivit
3073 2641 3088 2679 :
3122 2631 3176 2677 et
3217 2619 3447 2678 credidit
3494 2617 3631 2688 ipse.

2044 2732 2101 2778 et
2142 2724 2335 2779 domus
2378 2720 2496 2789 ejus
2545 2729 2660 2777 tota
2687 2719 2755 2773 ".
2788 2738 2809 2772 ι
2862 2718 3114 2773 Βονοοοι
3161 2713 3334 2784 reguli
3380 2710 3549 2765 tilium
3603 2724 3633 2760 ιι

2047 2814 2238 2871 mortis
2262 2814 2529 2870 vestibulo
2543 2808 2815 2877 Christus,
2833 2808 3137 2876 aifatusque
3162 2813 3373 2876 patrem
3396 2798 3631 2862 :cVade,

2050 2909 2250 2979 inquit,
2286 2907 2430 2964 ﬁlius
2458 2917 2581 2962 tuus
2615 2905 2768 2960 vivit.
2800 2921 2820 2956 ι
2855 2901 3097 2957 Credidit
3138 2912 3265 2953 mox
3296 2896 3406 2961 ille,
3439 2904 3492 2949 et
3522 2904 3633 2950 tota

2051 3002 2255 3057 familia
2287 3016 2412 3055 cum
2460 2999 2573 3054 illo.
2615 2996 2722 3053 Sed
2761 2995 3000 3065 nunquid
3041 2994 3111 3049 ob
3157 2991 3422 3061 insignem
3470 2989 3634 3051 hanc,

358 3090 605 3163 πρεποῦς
654 3089 899 3154 ἐξουσίας
930 3088 1006 3151 ὡς
1038 3090 1118 3151 εἰς
1165 3084 1453 3157 ἄνθρωπον
1501 3083 1870 3137 πεπίστευκεν
1914 3082 1943 3134 6

2049 3095 2293 3164 adeoque
2324 3092 2563 3147 divinam
2593 3090 2891 3161 potentiam
2927 3086 3145 3157 regulus
3174 3085 3229 3139 in
3264 3084 3415 3138 illum
3451 3079 3633 3135 credi-

357 3181 672 3254 βασιλικός;
706 3180 740 3252 ἢ
772 3180 906 3234 Θεὸν
935 3179 1076 3249 ἔγνω
1111 3176 1253 3232 κατὰ
1282 3176 1445 3246 φύσιν
1478 3174 1604 3229 ὄντα
1640 3173 1821 3238 αὑτὸν,
1850 3173 1946 3227 καὶ

360 3274 731 3340 ζωοποιοῦντα
768 3272 887 3345 μετ’
911 3271 1166 3338 ἐξουσίας
1202 3267 1298 3333 οὓς
1331 3269 1399 3323 ἂν
1432 3267 1606 3321 ἕλοιτο
1653 3266 1748 3320 καὶ
1800 3265 1951 3335 μόνῳ

364 3368 609 3439 ῥήματις
656 3365 796 3420 Ἀλλ’
830 3364 947 3419 ἐστι
983 3363 1142 3437 δῆλον
1169 3362 1253 3416 ὅτι
1297 3359 1664 3439 πεπίστευκεν
1695 3356 1774 3422 ὡς
1802 3356 1947 3428 Θεῷ.

445 3692 468 3726 ι
521 3671 718 3743 Ἀμὴν,
769 3670 919 3743 ἀμὴν
953 3671 1100 3741 λέγω
1151 3670 1301 3741 ὑμῖν,
1333 3669 1418 3724 ὄτι
1463 3669 1492 3722 6
1529 3668 1622 3723 τὸν
1660 3668 1821 3738 λόγον
1850 3685 1954 3739 μου

364 3764 601 3828 ἁκούων,
642 3764 735 3818 xa‘l.
766 3763 1041 3816 πιστεύων
1086 3762 1167 3833 τῷ
1198 3761 1480 3833 πέμψαντί
1514 3779 1604 3833 με,
1649 3762 1765 3832 ἔχει
1807 3761 1957 3832 ζωὴν

367 3857 604 3912 αἰώνιον.
643 3877 661 3906 ι
712 3858 1008 3928 Πέπομςρεν
1058 3844 1192 3926 ἡμῖν
1225 3856 1284 3921 ἐξ
1320 3857 1570 3927 οὐρανῶν
1615 3854 1646 3908 6
1696 3854 1830 3919 Θεὸς
1860 3855 1957 3908 καὶ

368 3951 560 4021 Πατὴρ
587 3950 676 4004 τὸν
708 3951 841 4004 [διον
873 3949 1055 4012 Υἱὸν,‹
1078 3949 1171 4003 ἵνα
1201 3950 1312 4012 πᾶς
1329 3950 1368 4002 6
1395 3947 1670 4003 πιστεύων
1687 3946 1957 4010 rigatis?»

370 4043 447 4113 μὴ
478 4041 768 4113 ἀπόληται,
814 4040 930 4095 m'
955 4038 1054 4111 ἔχῃ
1079 4038 1226 4110 ζωὴν
1254 4036 1495 4091 αἰώνιον.
1552 4054 1571 4087 ι
1606 4034 1730 4098 Πῶς
1762 4030 1857 4088 οὖν
1897 4033 1958 4087 ὲν

367 4133 577 4198 τούτοις
610 4136 765 4206 φησι,
796 4131 940 4203 ζωὴν
970 4130 1188 4186 αἰώνιον
1221 4130 1368 4202 ἔχειν
1395 4129 1488 4183 τὸν
1517 4127 1846 4183 πιστεύοντα
1878 4123 1958 4196 τῷ

369 4224 649 4295 πέμψαντι
680 4222 876 4290 αύτόν;
911 4223 1004 4283 El;
1035 4221 1157 4276 τίνα
1189 4221 1374 4275 λοιπὸν
1401 4222 1434 4292 ἡ
1466 4218 1683 4286 πίστις;
1712 4212 1824 4290 ἆρα
1880 4216 1958 4279 ὡς

369 4316 451 4379 εἰς
478 4314 572 4368 δύο
595 4315 775 4381 θεοὺς,
804 4314 896 4367 τὸν
926 4313 1146 4384 Πατέρα
1178 4312 1285 4365 καὶ
1304 4310 1396 4366 τὸν
1417 4310 1578 4377 Υίὼς
1602 4308 1697 4379 Μὴ
1710 4307 1953 4377 γένοιτο·

376 4407 491 4462 ἀλλ’
520 4407 595 4470 ὡς
645 4408 726 4469 είς
778 4404 876 4459 Eva
901 4405 1036 4458 Θεὸν
1084 4406 1178 4458 καὶ
1211 4403 1484 4476 ἀληθινόν.
1535 4400 1746 4455 Οὐκοῦν
1779 4401 1833 4454 εἴ
1873 4416 1958 4464 τις

2051 3188 2410 3256 dittanquam
2458 3184 2511 3239 in
2559 3179 2872 3238 hominem?
2905 3195 2973 3235 an
3017 3193 3145 3234 vero
3188 3190 3376 3232 verum
3412 3181 3636 3229 natura-
3728 3164 3731 3169 “

2051 3279 2264 3351 lemque
2286 3279 2454 3335 Deum
2483 3291 2607 3333 esse
2657 3275 2896 3346 agnovit,
2919 3272 3014 3344 qui
3042 3271 3121 3325 uti
3172 3269 3430 3325 Dominus
3473 3279 3637 3336 quos-

2048 3384 2264 3439 cunque
2304 3367 2410 3424 sibi
2450 3367 2624 3421 visum
2647 3372 2813 3431 esset,
2836 3362 2919 3418 vel
2947 3362 3063 3417 solo
3094 3360 3261 3415 verbo
3312 3357 3439 3411 vitae
3480 3353 3639 3409 resti-

2054 3474 2208 3519 tuere
2236 3460 2465 3532 posset?
2493 3458 2601 3515 Sed
2629 3458 2922 3514 obscurum
2960 3468 3068 3509 non
3096 3461 3181 3508 est
3215 3449 3355 3508 haud
3387 3447 3549 3502 aliter
3581 3444 3635 3497 iu

2053 3571 2177 3612 eum
2202 3553 2525 3619 credidisse,
2556 3564 2722 3620 quam
2753 3549 2810 3604 in
2834 3562 3025 3604 verum
3064 3547 3254 3600 Deum.

2134 3689 2152 3720 ι
2192 3668 2385 3735 Amen,
2414 3680 2570 3722 amen
2599 3665 2720 3720 dico
2751 3662 2924 3728 vobis,
2944 3660 3072 3732 quia
3091 3659 3184 3729 qui
3209 3657 3428 3713 verbum
3457 3670 3638 3710 meum

2056 3763 2230 3828 audit,
2263 3773 2319 3816 et
2344 3759 2524 3816 credit
2555 3758 2605 3814 ei
2629 3757 2722 3828 qui
2756 3753 3230 3821 misitme,hahet
3267 3750 3434 3805 vitam
3473 3757 3633 3802 aiter-

2056 3870 2180 3911 nam
2208 3852 2355 3906 "-”.
2392 3870 2411 3903 ι
2441 3849 2585 3905 Deus
2605 3849 2766 3903 Pater
2798 3846 2992 3901 Filium
3028 3858 3187 3898 suum
3216 3842 3364 3896 misit
3390 3840 3547 3895 nobis
3573 3838 3642 3894 de

2054 3946 2231 4010 curiis,
2266 3962 2290 3995 ι
2330 3952 2389 3997 ut
2415 3941 2595 3999 omnis
2625 3938 2716 4008 qui
2741 3936 2916 3991 endit
2950 3937 3003 3989 in
3050 3933 3227 3997 illum,
3278 3946 3382 3985 non
3431 3940 3638 3999 pereat,

2056 4038 2153 4093 sed
2174 4037 2377 4091 habeat
2405 4033 2571 4087 vitam
2599 4041 2859 4086 aeternam
2880 4027 2953 4082 ν’.
2990 4045 3009 4078 ο
3039 4022 3147 4081 Cur
3168 4024 3259 4080 hic
3287 4037 3417 4091 ergo
3436 4032 3639 4077 aeterna

2054 4132 2167 4187 vita
2191 4131 2265 4184 iis
2290 4125 2654 4198 promittitur,
2680 4122 2770 4191 qui
2805 4106 3034 4177 credunt
3058 4118 3121 4201 _ei
3166 4116 3257 4188 qui
3304 4115 3531 4170 miserat
3572 4114 3639 4168 il-

2055 4221 2215 4279 lum?
2258 4220 2315 4276 ln
2350 4232 2511 4287 quem
2552 4214 2770 4269 tandem
2819 4209 2994 4267 fertur
3044 4207 3217 4264 fides?
3269 4205 3523 4275 Nunquid
3583 4205 3639 4258 in

2044 4310 2274 4369 'Pa-trem
2304 4320 2361 4365 et
2386 4307 2666 4363 Christum
2689 4313 2960 4373 tanquam
2993 4300 3046 4356 iu
3076 4299 3214 4354 duos
3257 4296 3431 4352 deos?
3460 4295 3639 4352 Absit.

2058 4404 2345 4463 Credimus
2379 4400 2525 4456 enim
2567 4408 2821 4466 tanquam
2879 4394 2931 4448 in
2980 4405 3147 4446 unum
3204 4402 3392 4445 verum
3444 4385 3638 4442 Deum.

370 4498 714 4554 πιστεύσειεν
742 4498 821 4560 εἰς
850 4495 1108 4569 Χριστὸν,
1141 4494 1508 4549 πεπίστευκεν
1540 4493 1621 4556 είς
1648 4491 1783 4544 Θεόν
1804 4506 1816 4519 ·
1850 4489 1946 4544 κᾶι

2062 4486 2424 4564 Quamobrem
2458 4490 2506 4545 si
2535 4489 2655 4559 quis
2686 4484 2861 4541 credit
2886 4482 2940 4537 in
2970 4480 3270 4543 Christum,
3303 4477 3477 4532 credit
3499 4474 3640 4530 idem

368 4592 420 4646 εί
452 4589 796 4643 πιστεύσειεν
814 4588 901 4649 εἰς
940 4585 1074 4639 Θεὸν
1104 4583 1346 4655 Πατέρα,
1392 4580 1780 4644 πεπιστευκὼς
1801 4579 1955 4636 ἔσται

371 4683 468 4738 καὶ
497 4685 576 4747 είς
610 4682 702 4736 τὸν
733 4682 831 4736 ἕνα
860 4680 1069 4751 Κύριον
1114 4676 1321 4749 Ἰησοῦν
1352 4674 1443 4730 τὸν
1474 4675 1733 4747 Χριστόν.

449 4910 471 4946 ι
525 4889 825 4962 Ἀπεκρίθη
869 4888 901 4943 6
941 4885 1170 4958 Ἰησοῦς,
1212 4884 1311 4940 καὶ
1347 4878 1503 4937 εἶπεν
1538 4881 1746 4945 αὐτοῖς’
1781 4878 1956 4934 Τοῦτό

371 4983 491 5037 ἐστι
520 4981 582 5036 τὸ
619 4980 781 5053 ἔργον
813 4976 909 5033 τοῦ
937 4975 1097 5043 Θεοῦ,
1124 4976 1213 5030 ἵνα
1271 4971 1603 5044 πιστεύσητε
1636 4974 1719 5037 είς
1747 4970 1810 5025 6v
1852 4971 1959 5026 ἀπο

374 5074 616 5130 ἔστειλεν
642 5074 873 5135 ἐκεῖνος.
908 5089 926 5121 ι
954 5069 1020 5123 Ei
1047 5068 1109 5123 τὸ
1134 5066 1212 5139 τῷ
1236 5064 1358 5138 Θεῷ
1380 5064 1573 5120 δοκοῦν
1598 5062 1956 5135 ἐπιτελοῦμεν

375 5165 724 5227 πιστεύοντες
767 5165 848 5226 είς
897 5161 1133 5235 Χριστὸν
1183 5158 1370 5231 (αὐτὸν
1427 5159 1538 5229 γὰρ
1594 5155 1809 5229 ἀληθῶς
1852 5158 1958 5211 ἀπ-

375 5257 614 5312 έστειλεν
630 5258 660 5310 6
680 5256 872 5326 Πατὴρ
902 5257 981 5321 είς
1003 5256 1094 5310 τὸν
1123 5257 1350 5327 κόσμον,
1376 5254 1466 5307 ὅτε
1493 5251 1716 5322 γέγονεν
1749 5251 1957 5322 ἄνθρω-

379 5367 478 5415 πος
510 5347 631 5403 καθ’
654 5347 855 5420 ἡμᾶς),
887 5347 1005 5410 πῶς
1037 5348 1140 5402 οὐκ
1184 5345 1252 5401 ἂν
1285 5342 1371 5417 εἴη
1408 5345 1542 5409 Θεὸς
1564 5342 1847 5414 ἁληθινός;
1882 5343 1955 5397 Οὐ

377 5443 491 5516 γὰρ
525 5442 592 5497 ἂν
629 5436 698 5516 ἦν
739 5441 899 5512 ἔργον
923 5439 1060 5495 Θεοῦ
1090 5440 1151 5493 τὸ
1185 5438 1463 5493 πιστεύειν
1506 5439 1585 5502 είς
1613 5436 1798 5490 αὐτόν.

458 5580 478 5611 ι
536 5556 745 5628 Ἰησοῦς
772 5555 829 5609 δὲ
862 5553 1083 5624 ἔκραξε,
1120 5554 1218 5607 καὶ
1247 5551 1432 5606 εἶπεν·
1479 5552 1537 5604 ὐ
1569 5547 1838 5603 πιστεύων
1879 5549 1961 5615 είς

381 5650 504 5720 εμὲ,
530 5649 593 5702 οὐ
618 5644 865 5701 πιστεύει
890 5646 970 5708 είς
995 5644 1118 5715 ἐμὲ,
1154 5644 1291 5698 ἀλλὰ
1320 5646 1400 5709 είς
1424 5643 1516 5696 τὸν
1549 5641 1842 5713 πέμψαντὰ
1867 5658 1953 5711 με.

2062 4591 2117 4646 in
2150 4588 2319 4644 Deum
2340 4585 2557 4639 Patrem
2590 4592 2804 4651 quoque
2837 4593 2852 4634 :
2882 4582 3175 4642 οιοοιιιιτι,
3197 4571 3241 4626 si
3274 4569 3365 4640 qui
3395 4569 3447 4623 in
3473 4567 3639 4622 Deum

2064 4679 2275 4735 Patrem
2313 4676 2577 4740 credunt,
2616 4671 2777 4727 iidem
2818 4675 2874 4723 et
2920 4667 2976 4721 in
3017 4676 3182 4720 unum
3219 4660 3509 4716 Dominum
3543 4671 3640 4712 no-

2060 4784 2236 4830 suum
2262 4769 2447 4826 desum
2478 4765 2750 4823 Christum
2780 4774 3000 4832 quoque
3028 4755 3285 4813 credunt.

2139 4904 2158 4940 ι
2198 4881 2500 4954 Respondit
2534 4879 2715 4945 Iesus,
2763 4886 2818 4933 et
2850 4874 2985 4932 dixit
3028 4872 3181 4928 illis:
3227 4868 3342 4924 Hoc
3386 4876 3472 4924 est
3505 4881 3642 4937 opus

2062 4979 2183 5043 Dei,
2216 4973 2542 5032 uteredatis
2576 4971 2777 5026 inicum
2806 4980 2964 5037 quem
2994 4962 3142 5018 misit
3188 4961 3277 5018 ille
3302 4959 3371 5017 “.
3410 4976 3429 5011 ι
3463 4957 3519 5014 Si
3547 4956 3641 5013 Dei

2062 5071 2397 5129 voluntatem
2422 5062 2733 5135 perticimus
2778 5074 2902 5115 cum
2958 5058 3011 5112 in
3054 5054 3331 5112 Christum
3367 5049 3643 5107 credimus

2064 5164 2230 5235 (hunc
2265 5160 2408 5216 enim
2446 5156 2610 5211 Pater
2651 5167 2778 5208 vere
2828 5151 2976 5206 misit
3014 5149 3069 5204 in
3109 5144 3390 5211 mundum,
3427 5139 3643 5209 quando

2065 5253 2233 5311 nostri
2252 5249 2446 5307 similis
2467 5248 2643 5304 factus
2661 5253 2745 5301 est
2768 5241 2973 5315 homo),
2995 5236 3263 5311 quomodo
3288 5248 3391 5287 non
3412 5238 3493 5286 est
3514 5243 3642 5283 vere

2066 5344 2257 5403 Deus?
2287 5342 2472 5413 Neque
2501 5341 2646 5397 enim
2676 5351 2813 5408 opus
2841 5335 2935 5389 Dei
2971 5339 3117 5388 esset
3145 5326 3365 5383 credere
3404 5323 3461 5379 in
3493 5336 3637 5379 eum.

2138 5544 2297 5615 127
2324 5560 2351 5595 4
2371 5540 2530 5598 Jesus
2549 5547 2726 5597 autem
2754 5532 3026 5600 clamavit,
3060 5539 3114 5586 et
3139 5528 3277 5586 dixit
3306 5524 3439 5592 :Qui
3469 5524 3644 5580 credit

2062 5655 2119 5701 ut
2145 5652 2253 5702 me,
2284 5650 2390 5691 non
2422 5632 2596 5688 credit
2622 5630 2677 5686 in
2712 5642 2817 5694 me,
2850 5625 2942 5682 sed
2974 5626 3027 5678 In
3065 5636 3188 5677 eum
3234 5620 3327 5690 qui
3357 5615 3503 5671 misit
3534 5630 3637 5669 me.

455 5829 499 5862 '”
529 5827 689 5886 Jaon.
719 5827 891 5896 ".23.
935 5824 1155 5882 "Joun.
1185 5839 1270 5891 tu,
1312 5823 1395 5893 l7,
1430 5824 1517 5879 '18.
1558 5821 1604 5853 ⁷³
1633 5819 1788 5876 Joan.
1816 5833 1890 5885 tv,
1921 5816 1946 5871 5

2069 5814 2197 5858 "’J‘
2225 5813 2382 5869 Joan.
2408 5828 2461 5877 ν,
2484 5809 2574 5865 at.
2635 5806 2682 5841 ⁸⁸
2706 5805 2862 5863 Joan.
2899 5818 2978 5870 tu,
3016 5799 3100 5857 16.
3160 5800 3207 5832 ³⁸
3233 5797 3389 5854 Joan.
3436 5807 3518 5860 Vh
3548 5786 3648 5844 θ’θ’
