4076 6474
393 380 532 436 155⁸1

1192 383 1284 440 AD
1319 381 1620 441 REGINAS
1660 386 1747 442 DE
1791 386 2015 443 RECTA
2058 384 2215 446 FIDE
2253 387 2511 448 ORATIO
2549 391 2851 448 ALTERA.

3512 395 3654 451 1538

385 505 416 556 ὁ
454 497 940 569 εὐαγγελιζόμενος
985 498 1375 574 Ἰερουσαλήμ·
1420 504 1698 573 ὑψώσατε,
1746 506 1819 576 μὴ
1871 523 1960 574 φο-

2067 507 2406 578 cvangelizas
2433 508 2561 564 Sion
2589 527 2605 577 ;
2639 511 2815 565 exalta
2843 510 2897 564 in
2929 508 3249 566 fortitudine
3279 527 3465 580 vocem
3497 525 3645 566 tuam

387 592 591 648 δεῖσθε.
640 611 659 644 ι
694 594 907 664 Χρῆναι
936 594 1044 665 γὰρ
1069 593 1244 662 ἔγωγέ
1278 613 1422 666 φημι
1449 597 1575 660 τοὺς
1602 598 1972 666 τεταγμένους

386 684 468 746 είς
522 683 858 766 ἱερουργίαν,
889 685 984 737 κα)⁸
1024 684 1086 737 τὸ
1134 685 1226 737 τοῦ
1261 687 1476 739 πάντων
1524 687 1683 756 ἡμῶν
1719 688 1970 757 Σωτῆρος

385 773 627 844 Χριστοῦ
693 768 988 838 λαλοῦντας
1036 777 1369 847 μυστήριον,
1414 778 1476 831 οὐ
1532 779 1969 850 κατερῤιμμένον

383 868 529 938 ἔχειν
563 869 657 921 καὶ
689 868 1062 939 χαμαιῤῥιφὲς
1094 868 1154 920 τὸ
1187 869 1462 939 φρόνημα,
1498 870 1592 922 καὶ
1629 869 1772 941 ὄκνῳ
1803 869 1968 923 νικώ-

387 978 570 1031 μενον,
620 963 714 1013 καὶ
764 960 990 1023 δειλίαις
1044 960 1510 1030 συνεσταλμένον’
1543 962 1655 1015 ἀλλ’
1682 962 1817 1031 ὑψοῦ
1869 963 1968 1032 μὲν

383 1051 573 1121 ὥσπερ
601 1045 659 1103 εὖ
691 1049 958 1121 βεϐηκότα
987 1051 1078 1103 τὸν
1119 1051 1264 1127 νοῦν,
1302 1052 1395 1104 καὶ
1415 1052 1577 1104 οίονεί
1618 1070 1736 1114 πως
1759 1053 1818 1104 ἐν
1849 1054 1966 1121 ὄρει

383 1144 657 1214 κείμενον,
701 1141 844 1196 οὓτω
881 1161 940 1195 τε
992 1143 1099 1196 τῶν
1149 1147 1245 1214 τῆς
1290 1144 1549 1214 ἀληθείας
1591 1145 1878 1215 δογμάτων
1907 1145 1966 1198 τὸ

381 1235 658 1307 ἐξαίρετον
695 1235 886 1299 κάλλος
924 1235 1240 1306 περιαθρεῖν
1277 1236 1668 1300 σπουδάζοντα*
1693 1235 1964 1291 ποιεῖσθαι

380 1327 440 1381 δὲ
481 1329 728 1390 καὶτοὺς
771 1326 964 1395 λόγους
1011 1329 1068 1380 ἐν
1096 1329 1398 1400 παρρησίᾳ,
1430 1328 1534 1381 κᾶν
1581 1327 1633 1380 ετ
1677 1344 1822 1389 τινες
1856 1321 1965 1380 εἷεν

378 1420 432 1473 οἱ
485 1420 1006 1491 μυσταγωγοὺμενοι
1057 1420 1283 1492 σκληροὶ
1330 1421 1422 1475 καὶ
1473 1421 1818 1489 δυσάγωγοι,
1867 1421 1966 1474 καὶ

376 1503 492 1563 οἷον
525 1509 682 1561 ἵπποι
709 1508 856 1572 τινὲς
887 1508 1159 1579 ἀγέρωχοι
1205 1509 1300 1562 καὶ
1331 1509 1552 1578 ἐξήνιοι,
1592 1511 1720 1581 περὶ
1745 1504 1819 1564 ὧν
1858 1529 1961 1564 που

377 1601 476 1653 καὶ
523 1600 683 1662 αὐτός
719 1616 884 1668 φησιν
932 1600 960 1652 ὁ
1011 1581 1282 1670 μακάριος
1333 1600 1497 1653 Δαυῒδ
1545 1602 1682 1672 πρὸς
1727 1603 1819 1655 τὸν
1855 1604 1962 1657 τῶν

374 1691 515 1742 ὂλων
547 1689 680 1742 Θεόν
701 1705 714 1720 ·
754 1709 772 1741 ι
826 1690 915 1743 Ἐν
945 1690 1146 1760 χαλινῷ
1175 1691 1269 1744 καὶ¹
1295 1692 1352 1744 ἐν
1384 1691 1547 1763 κημῷ
1580 1693 1678 1758 τὰς
1706 1694 1962 1762 σιαγόνας

373 1782 559 1836 αὐτῶν
585 1781 802 1848 ἀγξαις,
837 1780 944 1835 τῶν
987 1783 1060 1854 μὴ
1099 1783 1426 1852 ἐγγιζόντων
1469 1783 1606 1855 πρὸς
1635 1785 1714 1836 σέ.
1757 1804 1776 1836 ι
1812 1785 1875 1837 Et
1901 1763 1959 1837 δέ

2073 599 2163 666 qui
2220 600 2560 669 evangelizas
2611 600 2962 656 Jerusalem:
3017 602 3294 669 exaltate,
3356 604 3520 658 nolite
3580 607 3649 658 ti-

2071 704 2218 744 mere
2259 689 2327 744 “.
2387 709 2406 741 ι
2464 691 2676 745 Etenim
2737 693 2827 762 qui
2885 693 2936 746 in
3002 696 3346 748 sacerdotum
3402 695 3650 749 ordinem

2071 782 2249 846 asciti,
2272 798 2392 836 eam
2426 783 2603 839 sortiti
2639 793 2765 838 stmt
2813 786 3166 856 provinciam,
3195 797 3251 840 ut
3294 786 3492 841 Christi
3529 802 3650 841 om-

2014 868 2020 874 ’
2070 875 2217 928 nium
2250 885 2494 929 nostrum
2529 875 2828 930 Salvatoris
2889 879 3143 948 mysteria
3196 878 3499 932 edisserant
3550 895 3649 946 po-
3750 888 3755 894 '

2067 965 2300 1035 poloque
2343 978 2670 1036 proponant,
2709 968 2784 1022 illi
2834 983 3052 1023 sensum
3112 984 3450 1038 nequaquam
3495 969 3646 1038 abje-

2067 1067 2235 1120 ctum,
2273 1057 2492 1112 humive
2530 1067 2836 1126 repentem,
2883 1066 2978 1112 aut
3026 1059 3238 1128 ignavia
3273 1061 3503 1126 victum,
3554 1068 3648 1112 aut

2065 1155 2212 1211 metu
2247 1146 2478 1201 l‘ractum
2513 1147 2760 1203 obtinere
2790 1148 2987 1204 debent
3021 1167 3035 1203 :
3083 1150 3175 1204 sed
3227 1148 3461 1204 sublime
3505 1149 3650 1202 velut

2067 1238 2431 1303 incedentem,
2457 1249 2513 1296 et
2540 1241 2693 1309 quasi
2727 1241 2778 1294 in
2812 1249 2996 1296 monte
3025 1241 3348 1296 collocatmn
3375 1258 3390 1306 ;
3435 1257 3539 1309 quo
3570 1241 3650 1294 ni-

2065 1331 2261 1384 mirum
2287 1332 2355 1385 ad
2405 1346 2527 1386 eum
2567 1332 2783 1387 modum
2827 1334 3155 1402 comparati,
3200 1334 3452 1388 eximiam
3499 1335 3643 1386 illam

2062 1435 2315 1476 verorum
2349 1422 2657 1492 dogmatutn
2690 1433 3032 1478 venustatem
3057 1425 3258 1478 {imari
3295 1439 3358 1478 ac
3387 1423 3647 1492 introspi-

2063 1529 2210 1580 cere,
2244 1515 2518 1585 verbaque
2552 1517 2818 1586 intrepide
2849 1516 3027 1572 facere
3068 1515 3315 1581 valeant;
3349 1525 3644 1585 quantum-

2063 1607 2144 1662 vis
2171 1621 2237 1660 ex
2271 1607 2337 1662 iis
2379 1607 2468 1676 qui
2517 1609 2689 1663 sacris
2732 1607 3126 1674 informantur,
3179 1608 3422 1662 nonnulli
3470 1608 3645 1660 instar

2061 1711 2325 1766 equorum
2361 1697 2746 1764 insolentium,
2793 1698 2884 1761 qui
2922 1697 3183 1752 infrenari
3228 1711 3332 1750 non
3382 1702 3641 1763 possunt,

2062 1789 2226 1845 duros
2253 1798 2308 1844 et
2340 1789 2706 1844 intractabiles
2737 1803 2797 1844 se
2831 1791 3105 1860 prreheaut
3131 1808 3146 1844 :
3180 1788 3246 1841 de
3277 1787 3472 1856 quibus
3515 1785 3645 1838 bea-

374 1875 474 1929 καὶ
535 1878 648 1937 τοῖς
701 1872 874 1938 οὕτως
927 1874 1113 1945 ἔχουσι
1166 1873 1363 1947 φρενὸς
1418 1876 1778 1947 προσϐάλλειν
1827 1877 1958 1931 ἀνα-

2064 1891 2147 1937 tus
2171 1880 2336 1935 David
2367 1895 2636 1936 summum
2674 1879 2822 1934 illum
2868 1895 3046 1934 rerum
3093 1880 3334 1934 omnium
3380 1877 3642 1946 Opiﬁcem

373 1968 592 2034 γκαῖον,
624 1965 740 2027 πῶς
761 1965 862 2019 οὐκ
894 1966 960 2020 ἂν
983 1965 1192 2034 γένοιτο
1213 1967 1320 2021 τῶν
1349 1967 1490 2036 ἀγαν
1522 1969 1955 2040 σφαλερωτάτων

370 2060 437 2113 τὸ
465 2058 680 2112 ἑλέσθαι
706 2058 884 2130 σιγὴν,
914 2059 1009 2114 καὶ
1040 2058 1114 2130 μὴ
1135 2061 1257 2124 ταῖς
1284 2061 1567 2114 εὐσεϐέσιν
1588 2061 1742 2132 ὐμῶν
1764 2063 1956 2127 ἀκοαῖς

372 2151 576 2204 ἐνιέναι
607 2150 951 2215 πλειστάκις,
982 2151 1235 2224 καθάπερ
1258 2171 1308 2206 τι
1331 2154 1481 2224 νᾶμα
1505 2153 1675 2223 γλυκὺ
1697 2155 1792 2208 καὶ
1821 2155 1956 2220 ζωο-

373 2241 552 2306 ποιὸν,
575 2240 683 2294 τῶν
709 2241 868 2312 ἱερῶν
899 2241 1248 2312 Γραμμάτων
1273 2242 1372 2314 τὴν
1404 2242 1628 2312 γνῶσιν,
1658 2245 1794 2316 ὅπερ
1821 2247 1954 2316 ἡμῖν

367 2334 467 2387 καὶ
536 2333 705 2388 πάλαι
775 2333 908 2398 Θεὸς
983 2335 1328 2404 ὑπισχνεῖτο,
1382 2334 1556 2402 λέγων
1616 2334 1704 2388 διὰ
1773 2336 1954 2406 φωνῆς

383 2426 605 2482 Ἡσαΐου
630 2444 643 2457 ·
681 2444 701 2478 ι
739 2428 848 2481 Καὶ
871 2427 1170 2499 ἀντλήσατε
1206 2426 1349 2498 ὕδωρ
1378 2427 1496 2498 μετ’
1523 2427 1862 2500 εὐφροσύνης
1889 2430 1954 2482 ἐκ

365 2518 480 2572 τῶν
532 2518 725 2589 πηγῶν
752 2518 847 2571 τοῦ
912 2519 1214 2590 Σωτηρίου.
1257 2537 1275 2569 ι
1330 2520 1634 2587 Σωτηρίω
1667 2519 1725 2572 δὲ
1756 2520 1954 2590 πηγὰς

366 2605 512 2666 εἷναί
543 2629 724 2682 φαμεν
755 2613 880 2674 τοὺς
911 2612 1102 2680 ἁγίους
1145 2613 1452 2683 προφήτας,
1480 2612 1871 2681 εὐαγγελιστάς
1893 2630 1953 2666 τε

365 2705 464 2758 καὶ
505 2703 858 2769 ἀποστόλους,
894 2701 942 2755 οἳ
971 2703 1060 2755 τὸν
1091 2701 1301 2756 ἀνωθεν
1332 2703 1427 2756 καὶ
1475 2704 1533 2769 ἐξ
1575 2701 1808 2774 οὐρανοῦ
1859 2703 1954 2756 καὶ

366 2797 640 2866 σωτήριον
671 2795 750 2866 τῷ
784 2794 975 2865 κόσμῳ
1004 2793 1230 2864 βρύουσι
1261 2793 1436 2862 λόγον,
1472 2794 1834 2865 χορηγοῦντος
1856 2795 1952 2848 αὐ-

361 2888 481 2950 τοῖς
512 2885 608 2939 τοῦ
653 2886 811 2954 ἁγίου
860 2884 1196 2954 Πνεύματος,
1234 2883 1452 2937 ἀπασάν
1485 2901 1544 2936 τε
1573 2883 1716 2937 οὕτω
1749 2900 1950 2938 κατευ-

364 2977 654 3048 φραίνουσι
685 2977 787 3048 τὴν
808 2975 899 3029 ὑπ’
927 2975 1177 3045 οὐρανόν.
1212 2975 1348 3045 Φέρε
1382 2975 1582 3041 τοίνυν,
1615 2978 1696 3040 είς
1719 2976 1788 3029 τά
1810 2976 1949 3046 βάθη

361 3068 475 3122 τῶν
527 3070 657 3141 παρ’
697 3067 864 3122 αὐτοῦ
914 3067 1135 3121 ἐννοιῶν
1185 3067 1465 3130 καθιέντες
1511 3066 1605 3120 τὸν
1653 3066 1800 3133 νοῦν,
1849 3068 1949 3138 τῆς

360 3158 622 3255 ἀληθείας
655 3159 754 3229 τὴν
788 3157 1005 3230 εὕρεσιν
1049 3157 1256 3210 ἐκεῖθεν
1291 3156 1666 3227 ἀντλήσωμεν.
1714 3157 1947 3228 Γηπόνοι
1969 3194 2019 3255 C

362 3248 466 3318 μὲν
495 3245 590 3302 οὖν
628 3247 689 3313 ἐξ
719 3247 905 3318 ἀγρῶν
947 3247 1016 3300 τὰ
1050 3247 1389 3317 εὐοσμότατα
1423 3246 1531 3300 τῶν
1562 3247 1769 3301 ἀνθέων
1804 3248 1948 3303 κατά

359 3341 588 3411 καιροὺς
620 3339 1034 3410 ἀποκείραντες,
1070 3334 1191 3393 εἶτα
1212 3337 1388 3392 ταῦτα
1408 3338 1667 3409 ταλάροις
1700 3339 1946 3404 ἐνθέντες

357 3431 698 3502 ἀποφέρουσι
725 3434 836 3494 τοῖς
876 3430 1164 3494 δεσπόταις
1187 3449 1200 3462 ·
1229 3433 1278 3484 οἱ
1317 3431 1373 3485 δὲ
1405 3432 1501 3486 καὶ
1531 3432 1650 3486 λίαν
1693 3433 1945 3504 ἀσμένως

357 3522 674 3595 προσίενταί
703 3538 784 3586 τε,
810 3523 902 3576 καὶ
923 3523 1034 3585 τοῖς
1059 3522 1117 3589 ἐξ
1140 3521 1299 3591 ὡρῶν
1324 3522 1732 3591 ἐπιγάννυνται.
1748 3524 1940 3595 Ἡμεῖς

354 3611 436 3680 δὲ,
461 3616 572 3668 ὅσοι
595 3615 655 3668 τὸ
682 3614 1057 3669 διδασκαλικὸν
1078 3616 1272 3686 ἔχομεν
1298 3617 1659 3688 ἐπιτήδευμα,
1685 3617 1940 3691 καθάπερ

356 3707 419 3773 ἐξ
448 3706 620 3778 ἀγροῦ
649 3707 747 3778 τῆς
791 3707 1153 3760 θεοπνεύστου
1184 3708 1427 3778 Γραφῆς,
1470 3710 1570 3762 οὐκ
1602 3710 1943 3780 εὐμάραντον

357 3802 485 3860 θέαν
515 3801 962 3873 προσκομίζομεν
994 3802 1222 3865 ἀνθέων,
1272 3800 1466 3869 λόγους
1516 3802 1574 3856 δὲ
1623 3803 1823 3872 μᾶλλον
1849 3803 1944 3857 καὶ

361 3895 756 3966 μυσταγωγίαν
801 3896 900 3965 τὴν
951 3893 1040 3946 διὰ
1087 3893 1182 3945 τοῦ
1234 3893 1568 3964 Πνεῦματος,
1631 3895 1943 3965 ἀμάραντον

359 3987 590 4060 ἔχουσαν
611 3982 720 4058 ¹τῆς
757 3989 834 4051 εἰς
879 3984 1114 4057 Χριστὸν
1174 3985 1458 4049 εὐσεϐείας
1490 3988 1550 4039 τὸ
1596 3987 1813 4050 κάλλος,
1846 3988 1938 4041 εὐ-

356 4082 695 4149 ωδιάζουσάν
725 4099 786 4136 τε
824 4081 917 4134 καὶ
946 4077 1093 4148 μάλα
1119 4077 1387 4140 πλουσίως
1431 4076 1491 4130 τὸ
1519 4075 1685 4130 αὐτοῦ
1729 4076 1944 4157 μυστήῖ

359 4194 495 4248 ριον.
528 4176 843 4244 Γέγραπται
892 4171 1021 4241 γὰρ,
1043 4171 1122 4225 ὅτι
1145 4188 1164 4222 ι
1185 4167 1422 4240 Χριστοῦ
1449 4167 1646 4221 εὐωδία
1671 4167 1838 4237 ἐσμὲν
1860 4165 1940 4236 τῷ

354 4267 498 4339 Θεῷ.
525 4286 543 4318 ι

2059 1972 2431 2041 interpellans,
2465 1972 2538 2026 ita
2569 1971 2762 2026 scribit
2791 1987 2805 2023 :
2842 1989 2861 2022 ι
2897 1971 2954 2025 In
2987 1986 3142 2026 camo
3168 1979 3222 2023 et
3255 1969 3410 2024 freno
3445 1968 3640 2022 maxil-

2058 2062 2137 2118 las
2189 2078 2377 2119 eorum
2429 2060 2777 2130 constringe,
2823 2062 2916 2131 qui
2974 2076 3080 2115 non
3137 2061 3517 2130 approximant
3574 2060 3640 2113 ad

2057 2162 2111 2208 te
2138 2151 2202 2208 ".
2240 2171 2260 2204 ι
2297 2151 2450 2218 Quod
2481 2152 2526 2206 si
2555 2150 2645 2206 tali
2668 2151 2850 2206 animo
2880 2151 3119 2221 praeditis
3147 2150 3499 2205 nihilominus
3530 2150 3637 2203 vim

2057 2244 2262 2300 inferre
2316 2251 2569 2313 oportet,
2628 2243 2900 2313 quomodo
2951 2242 3248 2298 absurdum
3309 2257 3416 2304 non
3473 2238 3640 2294 fuerit

2055 2337 2198 2408 apud
2231 2352 2326 2393 vos
2359 2337 2554 2402 silere,
2600 2337 2815 2406 piisque
2854 2337 3054 2391 vestris
3097 2335 3322 2390 auribus
3357 2347 3637 2390 sacrarum

2054 2427 2388 2496 Litterarum
2423 2429 2692 2492 notitiam,
2727 2427 2893 2482 veluti
2927 2427 3138 2483 dulcem
3176 2427 3462 2496 quemdam
3502 2425 3639 2479 vit-i-

2056 2520 2330 2590 licumque
2368 2519 2607 2583 laticem,
2639 2519 2780 2573 nolle
2833 2519 3071 2574 subinde
3127 2517 3431 2572 instillare?
3483 2515 3636 2582 Quod

2055 2612 2272 2682 quidem
2305 2610 2448 2666 Deus
2473 2624 2570 2678 per
2613 2607 2768 2663 Isaiae
2809 2609 3088 2678 propheta:
3126 2623 3312 2662 vocem
3365 2605 3637 2675 quondam

2055 2705 2290 2769 locutus,
2324 2701 2586 2773 ejusmodi
2614 2701 2795 2757 verbis
2827 2699 2984 2755 nobis
3015 2698 3326 2770 promittit:
3362 2717 3380 2748 ι
3417 2695 3640 2750 llaurie-

2056 2795 2147 2860 tis,
2183 2794 2382 2862 inquit,
2419 2808 2540 2848 cum
2586 2793 2788 2864 gaudio
2831 2805 3003 2861 aquas
3045 2791 3112 2844 de
3160 2789 3400 2843 fontibus
3433 2787 3640 2842 Saluta-

2052 2885 2130 2940 ris
2162 2885 2226 2936 “.
2263 2901 2282 2936 ›
2310 2880 2579 2937 Saluturis
2609 2892 2788 2936 autem
2824 2880 2998 2948 fontes
3041 2879 3375 2948 appellamus
3419 2889 3638 2933 sanctos

2051 2977 2365 3048 prophetas,
2416 2973 2780 3043 evangelistas
2815 2982 2870 3028 et
2899 2971 3175 3041 apostolos
3208 2989 3220 3026 :
3264 2971 3320 3025 lii
3359 2971 3504 3025 enim
3545 2983 3638 3024 sa-

2051 3070 2212 3124 lutari
2258 3067 2583 3136 coelitusque
2634 3067 2828 3121 hausta
2890 3064 3136 3120 doctrina
3182 3062 3440 3117 mundum
3494 3061 3636 3115 hunc

2052 3163 2306 3233 irrigant,
2361 3159 2570 3229 Spiritu
2627 3171 2816 3216 sancto
2871 3158 3088 3224 imbuti,
3150 3167 3434 3226 totumque
3492 3155 3636 3208 hunc

2053 3253 2240 3307 orbem
2271 3250 2566 3305 laetiticant.
2617 3250 2674 3303 In
2722 3250 2840 3316 ejus
2885 3249 3112 3319 proinde
3159 3247 3423 3318 profunda
3475 3259 3634 3300 sensa

2057 3345 2255 3400 mentis
2293 3342 2480 3398 oculos
2530 3342 2922 3412 eonjicientes,
2978 3342 3224 3396 veritatis
3268 3339 3633 3394 inventionem

2053 3436 2179 3492 inde
2211 3437 2548 3491 hauriemus.
2581 3433 3047 3502 Quemadmodum
3078 3447 3210 3503 ergo
3241 3430 3494 3500 agricolae
3526 3428 3637 3482 l'ra-

2051 3527 2427 3596 grantissimos
2461 3540 2708 3595 quosque
2737 3523 2899 3580 ﬂores
2931 3535 3234 3594 opportuno
3279 3532 3521 3591 tempore
3565 3534 3634 3574 ex

2052 3621 2197 3690 agris
2242 3619 2576 3687 decerpunt,
2629 3617 2792 3688 129
2842 3618 3234 3687 decerptosque
3290 3629 3354 3668 ac
3400 3611 3534 3668 scite
3579 3611 3634 3664 in

2051 3711 2282 3767 calathis
2308 3711 2639 3780 compositos
2665 3710 2900 3765 dominis
2933 3710 3044 3763 suis
3084 3707 3352 3772 olIerunt;
3386 3721 3518 3774 quos
3559 3703 3634 3758 illi

2053 3817 2178 3857 mox
2254 3801 2516 3857 benevole
2589 3809 2854 3871 gratoque
2927 3800 3111 3852 animo
3167 3797 3634 3868 complectuntur,

2053 3895 2478 3961 eorumdemque
2506 3894 2704 3965 decore
2737 3907 2800 3946 ac
2834 3900 3113 3946 venustate
3138 3890 3363 3944 miriﬁce
3385 3889 3635 3943 aﬂiciun—

2053 3998 2140 4039 tur
2172 3983 2296 4047 ;.ita
2329 3998 2448 4045 nos,
2503 3982 2593 4050 qui
2639 3981 2866 4036 docendi
2916 3996 3114 4034 munus
3159 3981 3530 4048 suscepimus,
3565 3993 3630 4031 ex

2049 4075 2227 4131 divina
2261 4074 2540 4142 Scriptura
2583 4072 2748 4128 veluti
2797 4088 2864 4128 ex
2915 4089 3044 4143 agro
3085 4071 3342 4142 quopiam
3387 4083 3492 4123 non
3537 4068 3634 4120 llo-

2049 4182 2172 4221 rum
2226 4166 2334 4220 cito
2381 4165 2835 4219 marcescentium
2868 4165 3138 4219 .decorem
3191 4161 3491 4226 oll‘erimus,
3537 4159 3632 4213 sed

2048 4269 2356 4312 sermonum
2389 4254 2777 4323 doctrinaeque,
2813 4270 2933 4323 qua:
2963 4269 3059 4323 per
3094 4252 3351 4320 Spiritum
3383 4261 3630 4306 sanctum

355 4361 576 4432 pietatis
622 4359 674 4411 in
725 4356 1004 4412 Christum
1055 4352 1561 4410 immarcescibilem
1625 4359 1962 4405 venustatem
2030 4348 2300 4415 continet,
2362 4362 2666 4418 magnaque
2733 4347 3003 4402 suavitate
3067 4354 3123 4402 et
3180 4347 3425 4402 ubertate
3490 4343 3631 4400 illius

355 4453 676 4524 mysterium
711 4447 916 4504 redolet
947 4445 1329 4515 fragrantiam.
1356 4442 1632 4513 Scriptum
1653 4449 1744 4496 'est
1775 4440 1920 4496 enim
1953 4440 2095 4509 quod
2127 4457 2147 4491 ‹
2183 4437 2390 4494 Christi
2422 4442 2597 4494 bonus
2627 4438 2762 4493 odor
2791 4452 2982 4492 sumus
3010 4437 3117 4491 Deo
3142 4436 3207 4490 ⁸⁷.
3235 4454 3253 4487 ι

425 4547 501 4602 B'.
541 4545 811 4618 Πρόσειμι
842 4543 907 4614 δὴ
938 4537 1031 4596 οὖν
1057 4541 1330 4604 ἀνατιθεὶς
1357 4539 1447 4593 τὸν
1477 4538 1633 4608 λόγον
1668 4537 1797 4608 ὑμῖν
1822 4538 1944 4600 ταῖς
1974 4539 2018 4594 Β

354 4635 775 4697 εὐσεϐεστάταις
809 4628 1184 4703 βασιλίσσαις·
1217 4629 1514 4700 πεποίηται
1567 4627 1625 4682 δέ
1675 4644 1766 4699 μοι
1807 4626 1938 4698 περὶ

351 4729 452 4799 τῆς
485 4726 654 4800 ὀρθῆς
691 4725 787 4780 καὶ
817 4725 1122 4795 ἀμωμήτου
1152 4722 1410 4785 πίστεως,
1442 4721 1586 4792 ἥπερ
1614 4719 1680 4775 ἂν
1725 4718 1936 4787 γένοιτο

353 4823 485 4893 παρ’
530 4819 687 4890 ὑμῶν
725 4819 806 4882 είς
834 4817 924 4871 τὸν
968 4815 1173 4886 Κύριον
1222 4814 1380 4886 ἡμῶν
1422 4811 1631 4884 Ἰησοῦν
1672 4809 1931 4881 Χριστόν.

355 4913 561 4986 Πρέπει
594 4911 705 4984 γὰρ
745 4911 873 4981 ὑμῖν
919 4908 983 4978 δὴ
1015 4906 1251 4978 μάλιστα
1279 4908 1400 4970 ταῖς
1427 4903 1604 4968 οὕτως
1643 4902 1935 4965 ὁσίαις-καὶ

352 4999 818 5070 θεοφιλεστάταις,
855 4995 990 5067 ὁμοῦ
1024 4998 1137 5062 τοῖς
1161 4996 1262 5065 τῆς
1295 4990 1576 5064 βασιλείας
1607 4992 1936 5064 ὐπερτάτοις

347 5090 652 5162 αὐχήμασι,
685 5089 781 5143 καὶ
809 5088 908 5159 τῆς
937 5087 1018 5150 είς
1042 5083 1278 5158 Χριστὸν
1301 5083 1527 5154 ἀγάπης
1550 5083 1643 5137 τὸν
1669 5083 1935 5152 στέφανον

347 5181 705 5251 ἀναδήσαθαι.
732 5181 872 5250 Ἤδη
905 5177 1003 5250 μὲν
1030 5174 1124 5232 οὖν
1145 5179 1266 5241 ταῖς
1295 5176 1562 5246 ἀοιδίμοις
1584 5175 1737 5246 ὑμῶν
1763 5176 1934 5245 ἐφήρ-

351 5288 548 5342 μοσται
578 5272 864 5341 κορυφαῖς,
895 5269 990 5322 καὶ
1020 5267 1400 5338 ἀτελευτήτοις
1433 5267 1577 5334 ὑμᾶς
1604 5263 1876 5328 εὐκλείαις
1905 5265 1933 5317 ὁ

345 5344 458 5416 τῶν
487 5362 626 5416 ὅλων
659 5359 1086 5431 καταφαιδρύνει
1118 5359 1270 5423 Θεός.
1327 5357 1502 5428 ’Υπὲρ
1532 5355 1664 5426 γοῦν
1697 5356 1791 5410 τοῦ
1838 5357 1935 5410 καὶ

347 5454 427 5507 ἔτι
458 5453 722 5524 μειζόνως
768 5450 1352 5523 καταλαμπρύνεσθαι,
1389 5448 1484 5504 τοῦ
1526 5448 1669 5503 κατά
1696 5448 1933 5520 Χριστὸν

351 5542 653 5614 μυστηρίου
684 5544 782 5615 τὴν
822 5542 1026 5614 ἀκριϐῆ
1071 5559 1131 5595 τε
1176 5542 1272 5595 καὶ
1297 5539 1680 5612 ἀκιϐδήλευτον
1729 5540 1932 5609 γνῶσιν

348 5634 580 5706 ἐχούσας
609 5636 689 5699 είς
728 5633 874 5697 νοῦν,
905 5632 1226 5686 συντέθεικα
1250 5633 1310 5686 τὸ
1340 5631 1592 5702 λογίδιον,
1622 5631 1708 5685 διὰ
1748 5631 1931 5704 πάσης

2139 4532 2203 4589 ΙΙ.
2283 4534 2361 4589 En
2406 4549 2574 4605 ergo,
2626 4533 2827 4602 regina:
2909 4531 3129 4599 pietatis
3207 4529 3628 4594 amantissima},

2045 4629 2246 4683 librum
2280 4642 2438 4696 quem
2481 4628 2549 4681 de
2580 4634 2726 4681 recta
2775 4634 2831 4680 et
2877 4623 3188 4693 inculpabili
3236 4625 3287 4676 in
3343 4622 3627 4676 Dominum

2043 4729 2290 4775 nostrum
2333 4717 2517 4772 Jesum
2560 4715 2840 4770 Christum
2890 4714 3021 4778 (ide,
3067 4711 3242 4781 qualis
3283 4722 3462 4765 vestra
3506 4724 3630 4765 esse

2041 4814 2222 4878 debet,
2253 4809 2576 4878 conscripsi,
2604 4807 2756 4862 vobis
2785 4805 2975 4860 oﬂ‘ero.
3009 4805 3172 4860 Decet
3204 4803 3348 4857 enizn
3381 4817 3476 4857 vos
3508 4817 3630 4857 san-

2041 4903 2318 4960 ctimonia:
2372 4908 2428 4956 et
2482 4900 2668 4970 pietati
2728 4897 2974 4968 apprime
3032 4897 3296 4960 addietas,
3342 4909 3446 4948 una
3503 4909 3624 4948 cum

2042 5010 2259 5052 summo
2290 4993 2437 5065 regni
2471 4993 2712 5062 fastigio,
2745 4989 3028 5045 charitatis
3056 5005 3272 5059 quoque
3301 5004 3422 5058 quae
3449 4996 3534 5042 est
3571 4987 3623 5040 in

2041 5090 2340 5152 Christum,
2393 5101 2594 5142 corona
2635 5084 2897 5139 redimiri.
2941 5082 3068 5139 Haec
3111 5083 3256 5138 enim
3302 5079 3626 5135 venerandis

2042 5181 2239 5236 vestris
2279 5179 2575 5234 verticibus
2601 5177 2711 5246 jam
2762 5184 2944 5245 aptata
2997 5184 3102 5242 est,
3148 5183 3204 5229 et
3248 5174 3624 5227 universorum

2039 5272 2301 5327 Dominus
2329 5270 2498 5341 gloria
2532 5283 2811 5340 nunquam
2846 5269 3090 5339 peritura
3142 5280 3238 5320 vos
3268 5264 3620 5319 condecorat.

2035 5362 2290 5417 Attamen
2321 5377 2428 5432 quo
2469 5362 2644 5434 magis
2685 5361 2850 5417 etiam
2899 5354 3337 5415 condecoremini
3364 5395 3378 5420 ,
3421 5353 3622 5408 Christi

2038 5453 2355 5524 mysterium
2387 5462 2578 5508 exacta
2610 5463 2665 5507 et
2696 5464 3036 5521 nequaquam
3078 5446 3383 5502 adulterata
3427 5438 3619 5498 notitia

2034 5542 2417 5612 percipientes,
2447 5541 2848 5597 oratiunculam
2895 5536 3212 5608 composui,
3251 5536 3302 5590 in
3345 5548 3450 5605 qua
3492 5533 3623 5590 illud

2038 5649 2430 5704 usquequaque
2461 5633 2683 5703 planum
2731 5632 2901 5710 facio,
2938 5631 3081 5703 quod
3118 5629 3263 5686 sicut
3313 5645 3333 5682 ι
3371 5641 3509 5683 unus
3538 5634 3621 5684 est

421 5811 463 5844 "'
493 5809 598 5865 15a.
635 5827 722 5878 ιι,
754 5812 804 5868 9.
887 5811 931 5843 ⁸⁸
962 5807 1102 5866 Psal.
1134 5824 1281 5877 xxxx,
1315 5807 1368 5864 9.
1448 5809 1492 5840 “
1525 5808 1622 5864 lsa.
1658 5825 1751 5874 xu,
1784 5809 1836 5863 5.
1920 5810 1963 5841 ε⁷

2053 5810 2178 5864 Cor.
2220 5826 2282 5876 ιι,
2319 5811 2404 5866 15.
