4076 6424
494 337 629 393 ιῖῗδθ
1479 331 1536 389 8.
1581 330 1855 389 CYRILLI
1894 329 2076 386 ALEX

2183 327 2374 384 DlilM‘
2403 321 2721 386 ARClllEP.
3617 324 3777 380 1350’

495 459 674 525 Pater,
707 474 773 512 ex
806 473 910 527 quo
938 457 1116 512 omnia
1149 478 1162 509 ς
1193 454 1268 508 ita
1301 468 1468 507 unum
1495 469 1710 523 (pioque
1739 469 1858 508 esse
1891 453 2069 508 Demi-

2183 451 2383 514 ἑννοίας
2432 447 2809 512 καταδεικνῦς,
2841 446 2944 510 ὅτι,
2987 465 3003 496 ι
3040 445 3229 517 ὥσπερ
3255 438 3503 508 ὲστὶνεῖς
3547 445 3678 508 Θεὸς
3726 448 3756 500 6

494 567 624 605 num
657 563 900 605 nostrum
930 547 1112 604 Jesum
1157 544 1466 610 Christum,
1509 561 1606 614 per
1648 561 1806 613 quem
1844 547 2068 600 omnia:

2183 544 2386 611 Πατὴρ,
2418 543 2476 608 ἐξ
2502 536 2563 593 οῦ
2596 540 2664 593 τι
2711 539 2886 592 πάντα
2908 554 2923 569 ο
2977 538 3119 591 οὕτω
3167 539 3260 591 καὶ
3293 534 3374 600 εἷς
3411 536 3615 608 Κύριος
3657 536 3755 608 ’1ης

497 660 636 697 unus
692 643 912 696 omnino
961 647 1045 693 est
1097 638 1332 707 Spiritus
1386 647 1630 700 sanctus,
1681 638 1731 690 in
1795 652 1902 704 quo
1952 652 2069 690 om-

2183 634 2302 698 σοῦς
2337 634 2591 704 Χριστὸς.
2617 633 2684 685 δι’
2715 626 2773 686 οῦ
2804 633 2873 684 τὰ
2904 631 3079 685 πάντα
3099 647 3112 660 ’
3149 631 3206 683 ἓν
3235 630 3290 682 δὲ
3333 631 3503 700 δήπου
3537 630 3755 693 πάντως

497 737 583 787 nia
610 735 673 786 “.
716 753 734 785 ι
771 733 870 798 Qui
902 743 1083 785 autem
1115 745 1280 784 unum
1309 728 1587 782 Christum
1618 737 1671 782 et
1705 729 1988 782 Dominum
2018 737 2073 781 et

2183 725 2267 778 καὶ
2288 723 2348 776 τὸ
2374 723 2598 791 Πνεῦμα
2623 722 2682 774 τὸ
2709 723 2882 789 ἆγιον.
2899 722 3036 775 »Καὶ
3059 720 3166 773 τῶν
3193 723 3272 783 είς
3299 720 3392 773 δύο
3417 719 3754 790 μεριζόντων

499 825 688 879 Filium
737 824 788 875 in
839 824 974 875 duos
1024 822 1166 875 lilios
1207 819 1498 884 divellunt,
1543 834 1640 873 nos
1685 829 1833 873 recte
1883 833 2074 888 sapere

2183 816 2324 878 υἱοὺς
2357 814 2447 867 τὸν
2496 815 2591 866 ἕνα
2639 812 2872 884 Χριστὸν
2923 812 3017 864 καὶ
3049 811 3173 864 Υίὸν
3221 812 3314 864 καὶ
3354 810 3580 878 Κύριον,
3618 811 3756 880 ὀρθὰ

495 915 694 978 cdocti,
752 914 871 967 illos
925 913 1237 982 neutiquam
1292 911 1698 965 sustinebimus.
1756 909 1872 963 Non
1929 909 2070 962 enim

2183 908 2390 976 φρονεῖν
2421 903 2718 972 ἐγνωκότες
2756 904 2856 956 οὑκ
2909 901 3229 972 ἀνεξόμεθα.
3289 901 3362 954 Οὑ
3413 901 3520 973 γὰρ
3565 901 3766 973 ἕτερον.

497 1011 660 1062 alium
688 1024 808 1062 esse
839 1006 1076 1060 dicimus
1107 1005 1302 1058 Filium
1336 1018 1460 1057 eum
1491 1003 1581 1069 qui
1618 1013 1740 1056 ante
1769 1003 1948 1055 omnia
1981 1015 2077 1055 sa!-

2183 993 2313 1050 ιῐναί
2349 1013 2527 1066 φαμεν
2561 995 2689 1048 Υίὸν
2723 994 2816 1047 τὸν
2866 993 2972 1063 πρὸ
3005 992 3206 1056 παντὸς
3255 993 3449 1056 αἰῶνος
3498 1009 3762 1062 γεγεννηα

497 1102 619 1154 Cula
650 1117 716 1154 ex
753 1099 843 1153 Dei
871 1098 1048 1152 Patris
1078 1095 1383 1150 substantia
1426 1095 1639 1164 genitus
1669 1103 1773 1157 est,
1814 1104 1870 1148 et
1909 1094 2072 1147 alium

2183 1090 2336 1158 μένον
2364 1090 2429 1140 ὲκ
2454 1088 2552 1156 τῆς
2581 1087 2765 1150 οὐσίας
2803 1087 2896 1139 τοῦ
2924 1085 3058 1138 Θεοῦ
3090 1087 3184 1138 καὶ
3218 1083 3453 1156 Πατρὸς,
3485 1085 3674 1156 ἕτερον
3700 1085 3758 1138 δὲ

501 1207 740 1254 rursum,
771 1192 861 1257 qui
897 1189 1205 1242 novissimis
1255 1187 1588 1256 temporibus
1617 1201 1683 1239 ex
1724 1185 1948 1239 muliere
1981 1201 2076 1238 na-

2183 1177 2270 1230 τὸν
2295 1179 2353 1231 ὲν
2381 1177 2630 1247 ἐσχάτοις
2663 1180 2874 1247 καιροῖς
2919 1176 3211 1246 γενόμενον
3242 1179 3306 1229 ὲκ
3339 1177 3616 1245 γυναικὸς,
3661 1193 3757 1243 γε·

502 1292 609 1346 tus,
640 1292 691 1335 et
742 1280 841 1348 legi
887 1279 1154 1333 obnoxius
1194 1278 1366 1331 factus
1407 1286 1530 1340 est;
1578 1276 1671 1330 sed
1723 1292 1884 1329 unum
1923 1290 2078 1329 eunt-

2183 1269 2399 1339 νόμενον
2444 1269 2548 1322 ὑπὸ
2579 1270 2744 1339 νόμον
2763 1288 2776 1300 υ
2807 1269 2920 1323 ἀλλ’
2946 1269 3040 1322 ἕνα
3073 1269 3167 1321 καὶ
3207 1267 3298 1321 τὸν
3339 1267 3502 1322 αὑτὸν
3531 1268 3624 1320 καὶ
3651 1267 3760 1338 πρὸ

501 1374 729 1438 denique
764 1382 868 1423 tam
901 1380 1028 1425 ante
1061 1385 1243 1423 veram
1292 1368 1433 1421 illam
1468 1366 1629 1421 Verbi
1676 1381 1796 1421 cum
1840 1367 2074 1420 humana

2183 1360 2276 1429 τῆς
2322 1360 2456 1431 πρὸς
2497 1361 2675 1431 σάρκα
2707 1360 2922 1413 συνόδου
2957 1360 3049 1413 καὶ
3088 1357 3332 1426 ὲνώσεως
3374 1358 3628 1429 ἀληθοῦς,
3663 1359 3759 1413 καὶ

501 1481 663 1519 carne
707 1463 1163 1530 coniunctionem,
1211 1477 1374 1529 qam
1417 1469 1537 1527 post
1578 1461 1821 1513 eamdem
1857 1477 1870 1512 :
1904 1474 2078 1529 quan-

2183 1451 2318 1520 μετά
2349 1451 2506 1504 τοῦτο
2531 1451 2633 1504 ἔτι.
2674 1450 2732 1504 ὐ
2763 1451 2872 1521 γάρ
2906 1453 2970 1504 ὲκ
2995 1450 3130 1504 Θεοῦ
3179 1450 3393 1520 Πατρὸς
3425 1449 3565 1504 κατὰ
3597 1448 3760 1517 φύσιν

501 1558 787 1626 doquidem
823 1556 1010 1619 Filius,
1043 1555 1137 1622 qui
1174 1554 1496 1607 naturaliter
1525 1568 1590 1607 ex
1624 1553 1730 1606 Deo
1763 1551 1920 1606 Patre
1943 1567 2076 1621 pro-

2183 1540 2326 1606 Υἰὸς,
2355 1540 2601 1611 ἔμψυχόν
2627 1557 2686 1593 τε
2717 1541 2811 1593 καὶ
2837 1540 3020 1594 ἔννουν
3047 1540 3224 1611 ἑαυτῷ
3253 1541 3410 1610 σῶμα
3439 1537 3642 1602 λαϐὼν,
3666 1555 3760 1607 γε-

502 1649 666 1708 cedit,
699 1663 929 1714 corpore
961 1647 1218 1707 animato,
1251 1655 1306 1698 et
1337 1655 1517 1699 mente
1549 1644 1823 1712 perfecto,
1855 1659 1921 1698 ex
1953 1642 2078 1696 Dei-

2183 1632 2432 1704 γέννηται
2495 1633 2772 1704 σαρκικῶς
2827 1633 2916 1686 διὰ
2969 1633 3069 1702 τῆς
3124 1633 3288 1701 ἁγίας
3343 1631 3620 1702 Παρθένου
3667 1631 3762 1683 καὶ

504 1754 633 1807 para
669 1737 884 1807 Virgine
914 1735 1080 1789 Maria
1111 1746 1412 1805 assumpto,
1445 1746 1601 1791 natus
1649 1745 1732 1790 est
1777 1736 2074 1790 secundum

2183 1725 2442 1778 Θεοτόκου
2480 1727 2722 1797 Μαρίας,
2760 1727 2852 1780 καὶ
2881 1727 2983 1779 οὐκ
3026 1728 3107 1789 εἰς
3153 1726 3331 1796 σάρκα
3380 1725 3613 1796 τραπεὶς
3658 1720 3762 1792 (μὴ

502 1844 746 1892 carnem,
783 1828 925 1881 nullo
956 1842 1134 1881 autem
1178 1829 1336 1882 tundo
1380 1843 1565 1882 versus
1605 1837 1688 1881 est
1725 1827 1776 1881 in
1808 1842 2025 1880 carnem
2059 1844 2074 1881 :

2183 1811 2385 1880 γένοιτο
2409 1815 2470 1880 2),
2511 1813 2833 1883 προσλαϐὼν
2870 1813 2926 1868 δὲ
2965 1815 3164 1884 μᾶλλον
3213 1813 3406 1884 αὐτὴν,
3438 1815 3532 1867 καὶ
3568 1812 3661 1865 τοῦ
3684 1807 3765 1865 εἷς

504 1921 665 1973 absit.
702 1920 978 1988 Siquidem
1013 1919 1152 1971 illaut
1186 1919 1257 1973 ita
1289 1919 1617 1988 assumpsit,
1651 1929 1709 1972 ut
1740 1919 2074 1972 divinitatem

2183 1915 2263 1950 ναι
2289 1899 2420 1962 Θεὸς
2454 1900 2552 1952 οὑκ
2581 1900 2897 1972 ἠμεληκὼς·
2929 1903 3209 1973 μεμένηκε
3238 1901 3346 1975 γὰρ
3375 1904 3470 1956 καὶ
3485 1901 3628 1956 οὕτω
3651 1900 3764 1956 τῶν

501 2029 655 2068 suam
689 2013 829 2066 nulla
861 2029 924 2068 ev
960 2023 1113 2082 parte
1143 2013 1380 2076 Iazserit;
1413 2014 1618 2068 mansit
1640 2029 1874 2084 namque
1901 2025 1956 2070 et
1977 2017 2078 2071 hoc

2183 1988 2312 2042 ὅλων
2339 1989 2636 2061 Δεσπότης.

500 2119 719 2174 quoque
750 2105 912 2158 modo
945 2105 1323 2158 universorum
1360 2104 1637 2160 Dominus.

578 2196 842 2266 130m.
885 2197 950 2251 Et
983 2199 1096 2252 haec
1137 2197 1354 2265 quidem
1400 2198 1603 2251 sentire
1647 2198 1824 2253 edocti
1861 2215 2074 2254 sumus.

500 2290 767 2356 Quoniam
803 2301 1114 2344 sanctorum
1140 2289 1362 2343 Patrum
1394 2304 1698 2354 sermones,
1731 2293 2076 2347 eorumdem-

499 2400 606 2453 que
637 2385 947 2438 sanctiones
974 2384 1250 2454 sapienter
1271 2384 1584 2447 admonent,
1604 2394 1659 2436 ut
1681 2399 1879 2453 magno
1900 2387 2079 2438 studio

498 2477 900 2545 diligenterque
934 2477 1310 2539 observemus,
1361 2473 1492 2545 quid
1543 2474 1742 2530 divina:
1785 2474 2080 2545 Scriptura:

501 2583 666 2635 quam
714 2568 950 2621 maxime
981 2577 1406 2622 consentaneum
1441 2568 1534 2632 sit,
1577 2567 1870 2636 subtilique
1909 2581 2079 2622 sensu

504 2659 572 2711 ad
604 2674 666 2712 ea
698 2673 822 2725 qua:
854 2658 919 2709 de
950 2657 1168 2710 Christo
1202 2657 1450 2726 exposita
1475 2666 1599 2712 sunt
1629 2657 1895 2722 adhibito,
1932 2658 2079 2712 veri-

505 2761 669 2804 tatem
701 2751 1004 2803 divinorum
1037 2750 1348 2819 dogmatum
1387 2748 1816 2818 contemplemur
1844 2767 1859 2802 :
1939 2749 2079 2804 Con-

488 2843 621 2901 ,silia
652 2851 980 2903 evertentes,
1015 2849 1071 2895 et
1102 2856 1320 2895 omnem
1352 2841 1694 2897 altitudinem
1729 2843 2078 2898 extollentem

504 2951 565 2990 se
597 2937 858 2988 adversus
909 2935 1272 3002 cognitionem
1309 2934 1438 3001 Dei;
1488 2944 1542 2988 et
1591 2935 1926 3002 captivantes
1962 2950 2082 2990 om-

506 3043 625 3081 nem
654 3025 982 3080 intellectum
1010 3027 1059 3078 in
1086 3025 1453 3080 obedientiam
1482 3027 1600 3095 ejus
1624 3025 1691 3079 “.
1722 3045 1741 3078 ι
1769 3025 1906 3080 Cum
1932 3028 2079 3081 enim

505 3130 876 3186 congruenter
907 3134 1014 3170 uno
1053 3133 1319 3173 consensu
1357 3119 1633 3173 fateantur
1673 3134 1885 3182 omnes.
1919 3133 2079 3174 natu-

2251 2192 2323 2248 I".
2368 2195 2551 2249 Ταῦτα
2577 2198 2794 2268 φρονεῖν
2823 2197 3206 2268 δεδιδάγμεθα.
3252 2198 3444 2268 Σοφοίς
3475 2198 3585 2270 γὰρ
3612 2201 3767 2269 ἡμᾶς

2180 2287 2636 2357 παραγγέλμασιν
2687 2292 2736 2344 οι
2792 2290 2902 2343 τῶν
2955 2291 3130 2359 ἁγίων
3168 2290 3566 2360 άποκομίζουσι
3615 2290 3768 2359 λόγοι

2180 2377 2313 2444 πρός
2343 2394 2406 2445 γε
2436 2379 2496 2431 τὸ
2528 2380 2728 2451 χρῆναι
2762 2382 3071 2452 φιλοτηρείν
3103 2382 3163 2434 τὸ
3210 2385 3319 2446 τοῖς
3353 2382 3518 2452 ίεροῖς
3577 2383 3616 2434 Γ
3621 2382 3768 2452 ράμ-

2183 2483 2346 2535 μασιν
2383 2468 2456 2522 ὅτι
2513 2472 2750 2538 μάλιστα
2799 2473 3010 2537 δοκοῦν,
3050 2473 3145 2526 καὶ
3190 2472 3289 2544 τὴν
3339 2474 3398 2526 ὲν
3436 2475 3546 2536 τοῖς
3599 2472 3766 2536 Θείοις

2178 2556 2442 2629 δόγμασιν
2472 2562 2735 2633 ἀλήθειαν
2769 2565 3265 2632 κατασκέπτεσθαι,
3295 2567 3492 2621 λεπτὸν
3525 2567 3776 2630 ἐνιέντας

2177 2648 2290 2710 τοῖς
2345 2650 2472 2719 περὶ
2514 2651 2751 2721 Χριστοῦ
2810 2653 3160 2724 λαλουμένοις
3201 2655 3292 2708 τὸν
3345 2655 3502 2708 νοῦνσ
3548 2675 3565 2707 ι
3615 2656 3769 2710 Καθ-

2181 2739 2462 2810 αιροῦντες
2499 2742 2597 2812 μὲν
2620 2743 2936 2816 λογισμοὺς,
2976 2748 3070 2800 καὶ
3097 2749 3206 2799 πᾶν
3243 2746 3441 2816 ὕψωμα
3464 2747 3768 2817 ὲπαιρόμε·

2181 2847 2270 2883 νον
2303 2832 2446 2885 κατὰ
2468 2833 2565 2903 τῆς
2598 2834 2853 2902 γνώσεως
2883 2836 2976 2888 τοῦ
3005 2836 3162 2900 Θεοῦ,
3197 2839 3290 2891 καὶ
3329 2837 3768 2907 αἰχμαλωτίζον-

2181 2940 2273 2986 τες
2308 2925 2414 2976 πᾶν
2447 2925 2622 2996 νόημα
2670 2929 2750 2990 είς
2788 2928 2886 2997 τὴν
2921 2929 3170 3000 ὑπακοήν
3213 2929 3405 2983 αὑτοῦ.
3451 2949 3467 2980 ι
3511 2928 3778 2999 Ἐχοντος

2183 3015 2292 3085 γάρ
2321 3016 2626 3088 ἀραρότως,
2669 3019 2763 3074 καὶ
2805 3020 3245 3091 ὁμολογουμένου
3288 3022 3437 3092 παρὰ
3474 3024 3658 3085 πᾶσιν,
3685 3021 3772 3075 ὅτι

2185 3110 2279 3162 καὶ
2326 3111 2384 3162 ὲν
2438 3116 2620 3184 μορφῇ
2677 3115 2773 3167 καὶ
2815 3115 3022 3185 ἰσότητι
3071 3115 3164 3168 τοῦ
3219 3115 3355 3168 Θεοῦ
3411 3115 3508 3169 καὶ
3555 3114 3774 3186 [ἰατρὸς

507 3210 619 3264 rale
651 3210 741 3264 Dei
773 3209 952 3264 Patris
980 3207 1240 3273 Verbum,
1268 3211 1412 3279 quod
1444 3211 1495 3263 in
1523 3210 1761 3278 ejusdem
1790 3210 1883 3266 Dei
1905 3212 2077 3266 forma

2184 3202 2445 3273 ὑπάρχων
2477 3205 2504 3257 ὁ
2535 3204 2595 3268 ἐξ
2623 3205 2786 3259 αὑτοῦ
2822 3206 2963 3260 κατὰ
2987 3207 3149 3276 φύσιν
3186 3207 3378 3275 Λόγος,
3417 3226 3435 3258 ι
3467 3209 3566 3278 οὑχ
3587 3209 3772 3281 ἁρπα-

503 3301 880 3370 etazqualitate
902 3302 1140 3367 exsistit,
1159 3321 1176 3352 ι
1195 3318 1299 3355 non
1331 3303 1577 3370 rapinam
1607 3303 1932 3357 arbitratum
1960 3318 2079 3358 esse

2183 3293 2321 3363 γμὸν
2391 3295 2641 3365 ἡγήσατο
2690 3297 2752 3350 τὸ
2807 3293 2946 3353 εἷναι
3018 3300 3109 3352 ῐσα
3183 3299 3302 3370 Θεῷ
3341 3317 3354 3331 ·
3407 3299 3521 3354 ἀλλ’
3576 3299 3776 3354 ἑαυτὸν

502 3409 560 3446 se
602 3392 858 3461 :rqualem
895 3392 1042 3456 Deo;
1078 3394 1173 3448 sed
1202 3393 1372 3447 forma
1410 3393 1551 3448 servi
1602 3406 1820 3464 accepta
1868 3406 2079 3450 semet-

2183 3385 2436 3450 ὲκένωσε,
2461 3387 2676 3458 μορφὴν
2695 3389 2884 3443 δούλου
2905 3391 3108 3444 λαϐὼν·
3135 3395 3193 3446 ὲν
3215 3393 3524 3466 ὁμοιώματι
3554 3394 3774 3465 ἀνθρώ-

506 3487 682 3555 ipsum
715 3485 1106 3550 exinanivisse,
1139 3499 1203 3537 ac.
1241 3485 1294 3538 in
1336 3485 1750 3540 similitudinem
1799 3486 2080 3540 hominum

505 3577 732 3640 factum,
762 3577 815 3630 in
869 3578 1216 3645 humanoque
1263 3577 1449 3632 habitu
1497 3576 1776 3632 inventum
1812 3593 1870 3632 se
1901 3579 2080 3633 humi-

505 3668 687 3732 Iiasse,
731 3683 796 3720 ac
835 3668 899 3720 ad
939 3677 1172 3721 mortem
1218 3667 1436 3721 tandem
1481 3684 1654 3736 usque
1697 3669 1958 3726 obediens
2001 3670 2082 3725 fa-

511 3771 656 3813 ctum
678 3760 1109 3814 crucismortem
1132 3760 1368 3814 subiisse
1391 3759 1437 3791 ⁷⁶
1469 3763 1897 3825 “necessarium
1926 3761 2084 3832 plane

503 3862 588 3906 est
635 3852 882 3920 eumqui
930 3867 1118 3906 eorum
1165 3853 1294 3918 vim,
1335 3867 1452 3920 qua:
1500 3854 1564 3907 de
1613 3851 1834 3907 Christo
1880 3855 2081 3922 scripta

503 3953 737 4008 exstant,
782 3954 928 3998 recte
963 3943 1262 4012 dijudicare
1294 3945 1430 4010 vult,
1468 3954 1658 4016 pectus
1691 3946 1913 4015 optimis
1955 3963 2083 4003 sen-

507 4037 691 4090 tentiis
749 4036 1080 4112 instructnm
1139 4037 1378 4103 habere;
1433 4048 1491 4092 ut
1544 4039 1824 4109 percipere
1876 4040 2081 4106 valeat,

504 4127 776 4195 quomodo
814 4129 953 4181 Deus
989 4128 1148 4181 simul
1195 4139 1251 4182 et
1297 4129 1458 4183 homo
1505 4130 1643 4183 idem
1679 4131 1792 4199 ipse
1835 4130 2084 4186 Christus

503 4221 752 4280 exsistat,
788 4227 845 4271 et
871 4219 1011 4272 Deus
1040 4232 1160 4272 esse
1195 4219 1312 4272 sine
1345 4219 1454 4272 ulla
1485 4220 1805 4274 alteratione
1835 4232 1929 4275 aut
1960 4237 2081 4274 mu-

506 4309 706 4362 tatione
762 4319 1075 4378 perseveret
1117 4310 1516 4378 (immutabilis
1581 4312 1726 4365 enim
1781 4321 1867 4367 est
1918 4313 2080 4367 Verbi

505 4401 740 4468 natura),
773 4410 828 4454 et
872 4400 1268 4454 exinanitionis
1299 4401 1657 4455 humilitatem
1681 4417 1785 4456 non
1817 4414 2080 4472 respuat:

2181 3493 2300 3530 πων
2328 3477 2639 3548 γενόμενος,
2670 3482 2763 3534 καλ⁸
2802 3483 3043 3551 σχήματι
3077 3483 3319 3554 εὑρεθεὶς
3346 3485 3423 3549 ὡς
3460 3486 3769 3557 ἄνθρωπος,

2177 3571 2546 3624 ἐταπείνωσεν
2581 3573 2793 3638 ἑαυτὸν,
2830 3575 3122 3644 γενόμενος
3174 3577 3414 3647 ὑπήκοος
3459 3579 3619 3651 μέχρι
3670 3579 3774 3634 θα·-

2183 3662 2366 3726 νάτου,
2399 3661 2627 3716 θανάτου
2658 3663 2715 3716 δὲ
2748 3665 3042 3736 σταυροῦ»
3084 3667 3235 3721 πᾶσά
3259 3684 3376 3733 πως
3409 3669 3623 3740 ἀνάγκη
3655 3669 3777 3724 θεο-

2173 3753 2371 3820 φιλοῦς
2423 3753 2668 3819 ἐπινοίας
2723 3763 2748 3791 °
2799 3758 3096 3828 ἐπίμεστον
3151 3759 3298 3830 ἔχειν
3347 3761 3438 3814 τὸν
3489 3761 3637 3825 νοῦν,
3681 3761 3776 3814 τὸν

2182 3839 2336 3916 ᾧπερ
2380 3845 2446 3899 ἂν
2498 3846 2707 3914 γένοιτο
2757 3849 2958 3914 σκοπὸς
2999 3851 3301 3923 διακρίνειν
3359 3850 3418 3907 εὖ
3473 3854 3616 3922 μάλα
3663 3854 3784 3906 τῶν

2184 3939 2314 4010 περὶ
2339 3937 2506 3992 αὑτοῦ
2556 3941 2958 4012 γεγραμμένων
2984 3944 3082 4014 τὴν
3109 3943 3359 4012 δύναμιν·
3395 3945 3483 3998 ἵνα
3511 3947 3567 3998 ὲν
3588 3937 3786 4015 ταυτῷ

2183 4028 2316 4093 Θεός
2346 4047 2404 4082 τε
2428 4031 2567 4102 ὁμοῦ
2603 4033 2694 4085 καὶ
2725 4032 3012 4104 ἄνθρωπος
3052 4036 3081 4087 ὁ
3105 4035 3267 4100 αὑτὸς
3304 4037 3565 4108 ὑπάρχων
3591 4039 3778 4104 ὲπιγιο

2183 4121 2483 4192 νώσκηται,
2542 4123 2638 4176 καὶ
2680 4123 2741 4176 τὸ
2779 4120 2920 4178 εἶναι
2966 4125 3100 4189 Θεὸς
3155 4127 3588 4199 ἀπαραποιήτως
3637 4127 3786 4197 ἔχων·

2186 4216 2483 4284 (ἄτρεπτος
2513 4214 2621 4287 γὰρ
2648 4218 2679 4285 ἡ
2705 4215 2800 4268 τοῦ
2834 4217 3009 4284 Λόγου
3040 4217 3246 4287 φύσις),
3268 4219 3362 4271 καὶ
3392 4219 3452 4272 τὸ
3479 4219 3579 4287 τῆς
3607 4216 3778 4272 κενώ-

2186 4324 2325 4370 σεως
2379 4307 2577 4378 μέτρον
2624 4308 2684 4361 οὑ
2739 4309 3194 4380 παραιτούμενος.
3267 4310 3601 4383 Ἐπερυθριᾷ
3667 4311 3777 4380 γὰρ
3837 4312 3840 4314 ⁷

2183 4399 2437 4468 οὐδαμῶς
2486 4403 2601 4463 τοῖς
2652 4401 2804 4465 ἰδίοις
2839 4402 3180 4472 σκέμμασιν,
3205 4404 3234 4455 ὁ
3268 4402 3497 4456 κένωσιν
3529 4403 3628 4473 τὴν
3660 4403 3778 4458 ἐθε-

504 4505 678 4560 neque
709 4492 854 4545 enim
894 4494 984 4562 qui
1021 4494 1419 4562 dispensatoria
1467 4494 1679 4548 ratione
1723 4495 2079 4550 voluntariam

2187 4491 2400 4545 λοὺσιον
2433 4493 2792 4561 οἰκονομικῶς
2827 4494 2894 4548 δι’
2926 4496 3072 4565 ἡμᾶς
3104 4493 3424 4565 ὑπομείνας.
3473 4496 3566 4548 Δεῖ
3595 4496 3776 4549 τοίνυν

502 4584 674 4636 nostri
706 4597 870 4636 causa
922 4585 1355 4638 humiliationem
1387 4584 1668 4651 sustinuit,
1697 4585 1763 4640 de
1805 4586 1920 4639 suis
1949 4601 2082 4640 con-

500 4674 638 4727 siliis
667 4675 960 4730 erubescit.
1007 4675 1236 4745 Oportet
1280 4678 1462 4746 itaque
1501 4677 1651 4730 illum
1689 4687 1746 4732 et
1781 4677 2082 4734 divinitatis

502 4765 784 4832 majestate
825 4767 1179 4836 conspicuum
1211 4767 1404 4834 videri,
1449 4776 1505 4823 et
1551 4783 1581 4821 a
1629 4777 1832 4822 nostra:
1865 4783 2080 4822 rursum

503 4856 826 4910 humilitatis
862 4859 1197 4921 conditione,
1241 4869 1465 4927 propter
1509 4868 1846 4928 assumptam
1885 4859 2080 4914 huma-

504 4947 753 5012 nitatem,
794 4961 900 5000 non
945 4963 1168 5016 prorsus
1196 4951 1434 5004 alienum
1469 4965 1591 5005 esse
1649 4950 1903 5005 arbitrari
1933 4970 1946 5004 :
1975 4952 2075 5008 hoc

501 5037 646 5091 enim
689 5038 1108 5108 dispensationis
1160 5045 1296 5098 ratio
1342 5043 1593 5113 postulat.
1635 5044 1691 5099 Si
1742 5046 1888 5100 enim
1936 5044 2078 5100 Deus

503 5125 738 5184 Verbum
797 5128 998 5185 factum
1049 5142 1133 5186 est
1173 5148 1334 5198 caro,
1392 5137 1493 5191 hoc
1547 5147 1634 5193 est
1677 5139 1873 5200 homo,
1921 5137 2078 5204 juxta

504 5218 671 5276 illud:
704 5241 723 5273 ι
756 5221 1036 5276 Effundam
1059 5224 1124 5278 de
1157 5225 1361 5294 Spiritu
1397 5243 1696 5298 meosuper
1717 5243 1933 5285 omnem
1955 5243 2080 5284 car-

504 5324 626 5364 nem
649 5313 727 5379 ";
752 5331 776 5365 ι
811 5313 1085 5368 neminem
1107 5314 1228 5384 jure
1259 5318 1481 5374 turbare
1503 5320 1681 5384 debet,
1715 5321 1760 5376 si
1789 5336 1895 5390 qua
1937 5336 2076 5376 non-

2191 4585 2354 4638 αὑτὸν
2403 4585 2496 4637 καὶ
2555 4588 2666 4648 τοῖς
2715 4585 2814 4656 τῆς
2869 4585 3121 4655 θεότητος
3180 4585 3488 4657 ἀξιώμασιν
3543 4588 3778 4658 ὁρᾶσθαι

2189 4679 2486 4749 διαπρεπῆ,
2539 4679 2632 4731 καὶ
2661 4679 2761 4749 τῆς
2802 4677 2924 4732 καθ’
2976 4680 3125 4749 ἡμᾶς
3169 4679 3646 4750 σμικροπρεπείας
3675 4679 3777 4731 οὑκ

2187 4773 2268 4834 εἰς
2317 4770 2465 4824 ἆπαν
2513 4769 2937 4840 ἀπηλλαγμένον
2985 4769 3073 4824 διὰ
3107 4770 3171 4824 τὸ
3208 4769 3574 4840 ἀνθρώπινον,
3608 4771 3778 4823 άπαιο

2187 4863 2388 4932 τοὺσης
2436 4862 2594 4915 τοῦτο
2639 4863 2735 4933 τῆς
2777 4861 3112 4932 οἰκονομίας.
3153 4863 3226 4916 Et
3280 4864 3396 4933 ,γὰρ
3439 4862 3573 4927 Θεὸς
3630 4860 3708 4914 ὢν
3749 4864 3780 4916 ὁ

2185 4955 2356 5019 Λόγος
2387 4953 2577 5022 γέγονε
2607 4952 2764 5024 σὰρξ,
2789 4953 3071 5008 τουτέστιν
3093 4953 3396 5025 ἄνθρωπος,
3421 4954 3565 5008 κατά
3587 4971 3648 5022 γε
3675 4952 3767 5019 τὸ,

2191 5066 2210 5098 ι
2250 5045 2460 5116 Ἑκχεῶ
2480 5045 2588 5100 άπὸ
2611 5046 2708 5099 τοῦ
2734 5045 3050 5116 Πνεὺματός
3075 5063 3176 5117 μου
3199 5047 3292 5100 ἐπὶ
3320 5047 3502 5100 πᾶσαν
3530 5046 3780 5116 σάρκαί

2187 5137 2487 5210 Θορυϐείτω
2539 5138 2764 5210 μηδένα,
2817 5138 2921 5192 κᾶν
2971 5139 3020 5191 εί
3071 5137 3284 5207 λέγοιτό
3329 5155 3383 5191 τι
3435 5138 3562 5208 περῖ
3609 5135 3786 5190 αὑτοῦι

2185 5230 2339 5302 παρὰ
2367 5230 2472 5300 τῆς
2521 5219 2877 5284 θεοπνεύστου
2917 5231 3161 5301 Γραφῆς,
3193 5229 3300 5284 τῶν
3348 5232 3450 5284 ὃσα
3495 5231 3645 5283 ἐστὶν
3679 5229 3778 5280 ἀν·-

2184 5322 2583 5395 Θρωποπρεπῆ.
2603 5321 2978 5394 Περιαθρείτω
2999 5322 3053 5376 δὲ
3078 5322 3280 5394 μᾶλλον
3299 5320 3466 5376 αὑτοῦ
3490 5321 3590 5393 τὴν
3613 5323 3782 5391 ὑπερ-

577 5466 622 5496 ⁶³
652 5466 668 5518 l
699 5468 825 5524 Cor.
855 5485 928 5537 νι,
966 5474 1018 5527 8.
1098 5474 1142 5506 ⁶⁹
1177 5473 1218 5528 ll
1247 5475 1372 5531 Cor.
1401 5490 1455 5542 Χ,
1492 5476 1544 5532 5.
1624 5477 1669 5508 "°
1704 5477 1937 5546 Philipp.
1981 5494 2044 5546 It,

2185 5521 2198 5534 .
2276 5480 2322 5511 “
2359 5477 2474 5534 Joel
2511 5495 2574 5545 ιι,
2605 5479 2698 5535 28.

1635 5631 1806 5688 Variae
1841 5633 2099 5692 lectiones
2123 5635 2329 5692 codicis
2362 5632 2720 5707 Seguieriani.

585 5759 612 5788 °
643 5757 938 5824 εὐτεχνίας.
