4076 6410
364 359 497 414 ιδιι

1177 369 1270 422 AD
1310 365 1606 425 REGINAS
1645 371 1732 426 DF.
1776 373 1996 429 RECTA
2042 377 2197 434 FIDE
2239 382 2501 438 ORATIO
2543 385 2845 442 ALTERA.

3501 393 3646 451 13ίὶ

360 483 589 576 κόσμιον
635 480 791 548 δόξαν
822 483 887 537 ὲκ
918 484 1200 556 δυνάμεως
1247 491 1341 542 καὶ
1371 491 1645 565 ὑπεροχῆς
1685 496 1787 566 τῆς
1831 497 1949 550 θεο-

2057 519 2332 572 nunquam
2384 505 2631 569 hmnilia,
2673 507 2853 575 qualia
2889 507 3140 563 homines
3181 509 3401 576 decent,
3445 512 3642 568 divina:

359 569 612 641 πρεποῦς
657 588 716 625 τε
751 573 843 627 καὶ
881 574 1164 632 ἀνωτάτω.

433 878 505 924 Δ’.
519 872 588 924 Ἀ
602 871 659 925 δὲ
677 865 747 942 ἦν
771 871 1004 942 μάλιστα
1017 871 1316 944 παραλύειν
1347 873 1490 937 εἰκὸς
1505 875 1596 928 τὸν
1616 875 1724 929 τῶν
1747 876 1945 930 ἁπλου-

358 962 570 1034 στέρων
601 962 860 1016 δύνασθαι
887 963 1033 1030 νοῦν,
1067 961 1238 1016 ταῦτα
1279 962 1363 1034 δὴ,
1392 965 1536 1018 κατά
1565 982 1629 1034 γε
1681 965 1742 1019 τὸ
1773 969 1946 1039 ὲγχωα

358 1053 511 1126 ροῦν,
558 1056 653 1107 καὶ
703 1053 781 1118 ὡς
833 1053 914 1108 ἔνι
967 1054 1168 1118 καλῶς,
1220 1055 1538 1125 διατρανοῦν
1585 1059 1942 1130 πειράσομαι,

356 1144 682 1217 παρατιθεὶς
726 1146 944 1218 ἑκάστῳ
991 1146 1141 1218 ῥητῷ
1171 1146 1270 1218 τὴν
1299 1148 1629 1221 ἀποχρῶσαν
1675 1149 1830 1205 λύσιν
1863 1153 1944 1217 είς

354 1236 704 1306 διασάφησιν,
735 1235 870 1290 Θεοῦ
911 1236 1072 1291 πάλιν
1113 1238 1246 1308 ἡμῖν
1274 1238 1695 1304 κατευθύνοντος
1723 1241 1819 1295 καὶ
1846 1241 1944 1315 τὴν

355 1328 440 1390 είς
472 1325 630 1379 τοῦτο
671 1326 874 1398 τρίϐον.
914 1344 935 1378 ι
969 1327 1164 1381 Δίδωσι
1191 1327 1301 1399 γὰρ
1335 1329 1488 1400 ῥῆμα
1519 1333 1630 1395 τοῖς
1661 1332 1944 1401 εὐαγγελι-

356 1417 608 1487 ζομένοις
638 1418 864 1489 δυνάμει
902 1419 1094 1490 πολλῇ,
1130 1439 1148 1470 ι
1184 1419 1327 1474 καθά
1364 1439 1530 1494 φησιν
1580 1426 1609 1477 6
1654 1423 1943 1489 θεσπέσιος

356 1510 634 1580 Μελῳδός.
682 1511 769 1564 Ἐν
798 1511 898 1582 μὲν
935 1507 1028 1565 οῦν
1063 1511 1140 1582 τῷ
1185 1511 1331 1582 λόγῳ
1361 1513 1441 1584 τῷ
1485 1515 1620 1586 πρὸς
1665 1516 1820 1586 ἡμῶν
1849 1534 1942 1585 γε·

355 1602 538 1669 γονότι
570 1604 704 1672 πρὸς
734 1602 833 1664 τὰς
863 1602 1024 1670 ἁγίας
1059 1602 1387 1673 παρθένους,
1417 1605 1526 1657 τῶν
1580 1608 1942 1678 ἑτοιμοτέρων

357 1693 562 1764 ῥητῶν,
587 1693 681 1746 καὶ
708 1694 860 1748 οὐδὲν
882 1693 1118 1765 ἑχόντων
1138 1696 1199 1748 τὸ
1219 1696 1479 1768 δυσχερὲς
1505 1697 1586 1760 είς
1610 1698 1936 1768 κατάληψιν,

355 1787 618 1858 πλείστην
661 1787 793 1857 ὅσην
829 1788 1177 1859 πεποιήμεθα
1206 1789 1302 1860 τὴν
1338 1789 1638 1859 παράθεσιν
1657 1806 1672 1819 ·
1706 1791 1763 1843 ὲν
1791 1790 1850 1844 δέ
1873 1807 1938 1860 γε

2054 589 2271 646 Littera:
2295 592 2360 646 de
2397 592 2488 648 illo
2512 595 2766 663 prodant.
2793 593 3012 666 Spectet
3045 607 3226 651 autem
3259 599 3438 666 petius
3467 605 3635 654 coele-

2052 692 2186 738 stem
2224 683 2368 738 illius
2396 684 2622 753 gloriam
2650 694 2704 740 et
2743 686 3082 754 majestatem
3125 703 3190 742 ex
3222 689 3404 744 divina
3435 707 3627 762 supre-

2052 790 2247 842 maque
2271 777 2510 843 ejusdem
2541 777 2741 832 virtute
2775 788 2830 832 et
2858 779 3199 835 excellentia.

2122 865 2210 921 ιν.
2253 866 2419 938 lgitur
2451 883 2573 937 quae
2608 869 3006 938 simpliciorum
3042 871 3253 926 animos
3281 887 3393 942 prae
3419 875 3636 929 caeteris

2051 957 2271 1012 turbare
2313 973 2471 1028 posse
2513 960 2788 1027 videntur,
2833 962 3222 1032 perspicuitate
3269 975 3468 1033 quanta
3520 965 3634 1020 ﬁeri

2049 1050 2248 1120 poterit
2273 1051 2508 1105 maxima
2540 1067 2690 1119 usus,
2725 1068 2790 1107 ea
2821 1069 2920 1122 pro
2951 1055 3157 1109 viribus
3197 1057 3497 1126 eXplauare
3541 1077 3633 1113 co-

2049 1139 2243 1204 nabor,
2277 1139 2500 1210 majoris
2524 1140 2660 1197 lucis
2696 1157 2860 1197 causa
2892 1144 3086 1199 idonea
3113 1144 3385 1201 solutione
3422 1148 3626 1202 unicui-

2045 1244 2153 1300 que
2197 1232 2784 1303 sentemiaeﬁpposita;
2821 1234 2932 1289 Deo
2980 1251 3170 1290 rursus
3198 1237 3336 1290 viam
3395 1250 3635 1294 nostram

2049 1323 2104 1378 in
2135 1325 2239 1378 hoc
2271 1324 2432 1380 etiam
2465 1326 2744 1381 curriculo
2786 1328 3124 1382 moderante.
3168 1347 3187 1381 ι
3219 1329 3320 1383 Dat
3359 1331 3503 1384 enim
3548 1331 3637 1387 ille

2045 1418 2268 1471 verbum
2319 1415 2820 1487 evangelizantibus
2879 1415 3034 1488 131
3094 1421 3292 1475 virtute
3342 1421 3550 1488 multa,
3607 1441 3627 1474 ι

2045 1507 2502 1578 quemadmodum
2549 1507 2772 1563 divinus
2803 1507 3015 1564 Psaltes
3062 1514 3210 1565 canit
3235 1513 3300 1566 τ’.
3336 1511 3508 1568 Porro
3537 1530 3634 1568 au-

2049 1609 2155 1654 tem
2197 1599 2252 1653 in
2295 1613 2361 1654 eo
2390 1601 2804 1667 commentario,
2845 1617 3004 1672 quem
3052 1603 3118 1657 ad
3165 1619 3352 1659 sacras
3393 1607 3632 1678 virgines

2047 1689 2417 1756 exaravimus,
2457 1683 2551 1746 illa
2593 1684 2807 1748 abunde
2837 1693 3255 1760 edisseruimus,
3298 1713 3421 1767 qua:
3458 1700 3633 1768 magis

2042 1779 2218 1846 obvia,
2273 1781 2662 1852 intellectuque
2709 1782 2958 1838 faciliora
3009 1786 3377 1841 videbantur:
3416 1788 3467 1841 in
3523 1789 3627 1844 hoc

354 1877 436 1948 τῷ
465 1879 833 1949 προκειμένῳ,
861 1879 971 1932 τῶν
1002 1881 1391 1950 ἀσαφεστέρων
1429 1880 1776 1953 πεποιήμεθα
1803 1884 1940 1954 μνή-

2042 1872 2296 1942 νηνεεωὶ
2330 1883 2457 1927 vero
2493 1872 2546 1927 in
2587 1872 2965 1929 obscuriorum
2991 1875 3353 1946 explicatione
3382 1881 3630 1934 versabi-

358 1985 503 2040 μην·
547 1971 652 2024 ἔδει
683 1971 810 2042 γὰρ,
867 1971 974 2025 ἔδει
1019 1972 1079 2026 τὸ
1126 1973 1371 2043 θεοφιλὲς
1417 1975 1572 2046 ὑμῶν
1608 1975 1810 2046 κράτος
1843 1979 1937 2031 καὶ

353 2061 528 2115 ταῦτα
559 2061 776 2126 εἰδέναι,
810 2064 1041 2118 κάκεῖνα
1071 2065 1146 2136 μὴ
1176 2066 1414 2135 ἀγνοεῖν,
1443 2067 1520 2130 ὼς
1545 2067 1614 2120 ἂν
1639 2066 1707 2120 δι’
1733 2068 1936 2138 ἀμφοῖν

351 2153 416 2204 τὸ
444 2153 647 2223 ἀρτίως
691 2153 814 2222 ἔχον
863 2156 944 2219 είς
991 2156 1214 2223 γνῶσιν,
1267 2157 1519 2229 καθάπερ
1549 2175 1604 2212 τι
1633 2159 1769 2227 φῶς,
1817 2161 1936 2223 ταῖς

339 2237 750 2314 εὐαγεστάταις
779 2248 935 2317 ὑμῶν
970 2249 1312 2314 είσοικίζοιτο
1339 2251 1618 2314 διανοίαις.
1645 2252 1854 2317 Σκοπὸς
1877 2253 1935 2306 δέ

356 2353 449 2404 μοι
494 2336 564 2389 τὰ
615 2337 701 2404 ἐφ’
733 2338 950 2408 ἑκάστῳ
993 2338 1401 2410 διερμηνεύοντι
1456 2341 1812 2414 βραχυλογεῖν
1858 2342 1936 2405 ὡς

349 2423 466 2482 οἶόν
509 2445 568 2481 τε
590 2446 604 2459 ·
648 2429 1036 2499 προτετάξεται
1086 2431 1144 2483 δὲ
1191 2431 1298 2485 τῶν
1351 2432 1525 2486 ἀλλων
1573 2433 1602 2485 ό
1653 2435 1781 2502 περὶ
1834 2434 1933 2504 τῆς

352 2519 637 2584 κενώσεως
665 2521 856 2588 Λόγος.
899 2523 1096 2574 ’ἰστέον
1140 2523 1184 2575 δ’
1221 2519 1313 2576 οὖν
1360 2525 1510 2593 ὅμως
1552 2527 1729 2578 έκεῖνο
1753 2542 1768 2557 ο
1804 2525 1933 2578 ὅταν

347 2612 459 2683 γὰρ
487 2613 619 2682 ἡμῖν
651 2612 986 2683 ὀνομάζηται
1019 2615 1256 2684 Χριστὸς
1301 2615 1528 2687 Ἰησοῦς,
1579 2615 1932 2686 ὲνανθρωπή-

351 2717 522 2756 σαντα
561 2703 655 2755 καὶ
682 2704 1097 2774 σεσαρκωμένον
1127 2707 1397 2777 προσήκει
1423 2709 1563 2761 νοεῖν
1587 2707 1677 2759 τὸν
1707 2708 1772 2760 ἐκ
1796 2705 1932 2759 Θεοῦ

347 2793 564 2861 Πατρὸς
590 2795 782 2863 Λόγον.

418 2999 495 3052 Ε’.
543 3015 563 3050 ι
603 2998 750 3051 Θέλω
781 2999 888 3067 γὰρ
927 2999 1069 3068 ὑμᾶς
1115 2999 1335 3058 εἰδέναι.
1369 3000 1450 3050 ὅτι
1499 2996 1700 3059 παντὸς
1739 2995 1932 3067 ἀνδρὸς

349 3089 556 3160 κεφαλὴ
587 3091 615 3141 6
639 3090 872 3160 Χριστός
897 3091 1041 3141 ἐστι·
1072 3089 1282 3157 κεφαλὴ
1301 3088 1358 3140 δὲ
1389 3085 1667 3155 γυναικὸς,
1703 3087 1732 3138 6
1757 3087 1927 3157 ἀνήρ’

349 3180 558 3251 κεφαλὴ
591 3180 647 3232 δὲ
689 3178 782 3232 τοῦ
817 3177 1078 3250 Χριστοῦ,
1113 3181 1141 3232 6
1175 3178 1325 3241 Θεός.
1358 3179 1417 3230 '0
1459 3177 1673 3245 πρῶτος
1715 3175 1928 3247 ἀνθρω-
1959 3221 2001 3280 C

347 3285 447 3331 πος
481 3271 546 3321 ὲκ
572 3269 674 3338 γῆς
724 3267 906 3338 χοῖκὸς
932 3268 1227 3338 (τουτέστιν
1273 3264 1462 3336 Ἀδάμ)
1486 3282 1498 3293 ·
1531 3268 1560 3318 6
1593 3265 1842 3337 δεύτερος
1867 3266 1927 3330 ἐξ

345 3361 576 3433 ούρανοῦ
609 3361 785 3430 (δῆλον
817 3361 873 3413 δὲ
917 3361 1000 3413 ὅτι
1028 3361 1056 3412 6
1089 3358 1348 3431 Χριστός)
1374 3374 1388 3388 ’
1437 3358 1552 3411 ἀλλ’
1583 3356 1771 3426 ὥσπερ
1803 3359 1922 3426 ὲφο·

349 3454 587 3526 ρέσαμεν
618 3453 717 3522 τὴν
755 3451 940 3504 είκόνα
978 3449 1072 3503 τοῦ
1105 3451 1313 3520 χοϊκοῦ,
1346 3449 1669 3519 φορέσωμεν
1700 3449 1797 3502 καὶ
1828 3447 1926 3520 τὴν

347 3546 532 3598 εἰκόνα
553 3544 646 3596 τοῦ
676 3544 1022 3615 ἐπουρανίου,
1045 3542 1186 3596 κατά
1210 3542 1272 3594 τὸ
1301 3541 1706 3612 γεγραμμένον.
1741 3559 1758 3592 ι
1785 3541 1927 3594 Οὐκ·-

345 3631 440 3684 οῦν
478 3630 669 3703 πρώτη
719 3632 940 3700 γέγονεν
970 3632 1102 3700 ἡμῖν
1134 3630 1344 3700 κεφαλὴ
1372 3629 1464 3682 τοῦ
1511 3633 1723 3698 γένους,
1771 3647 1928 3683 τουτ-

341 3723 493 3776 έστιν
530 3723 750 3792 ἀρχὴνό
784 3723 848 3775 ὲκ
874 3723 979 3791 γῆς
1010 3739 1070 3775 τε
1100 3723 1194 3776 καὶ
1227 3722 1427 3791 χοϊκός.
1478 3721 1695 3793 Ἐπειδὴ
1721 3722 1779 3776 δὲ
1806 3722 1927 3774 δεύ-

341 3832 502 3888 τερος
543 3815 712 3884 Ἀδάμ
751 3814 1169 3884 κατωνόμασται
1203 3813 1458 3884 Χριστὸς,
1505 3815 1716 3885 κεφαλὴ
1752 3813 1927 3867 τέθει-

341 3926 464 3975 ται,
523 3909 797 3963 τουτέστιν
857 3909 998 3977 ἀρχὴ
1060 3908 1168 3960 τῶν
1222 3908 1293 3960 δι’
1348 3907 1511 3960 αὑτοῦ
1568 3907 1703 3978 πρὸς
1763 3907 1924 3960 αὐτὸν

341 4000 843 4071 ἀναμορφουμένων
910 4001 988 4061 είς
1040 3997 1352 4069 ἀφθαρσίαν
1413 3997 1482 4050 δι’
1546 3995 1814 4066 ἀγιασμοῦ
1867 4000 1925 4050 ὲν

345 4090 647 4161 Πνεύματι·
689 4090 885 4143 οὐκοῦν
932 4087 1094 4150 αὐτὸς
1144 4088 1241 4158 μὲν
1273 4089 1432 4159 ήμῶν
1462 4087 1626 4158 ἀρχὴ,
1677 4089 1924 4144 τουτέστι

341 4182 572 4252 κεφαλὴ,
606 4181 740 4235 καθὸ
777 4181 1019 4252 πέφηνεν
1056 4179 1362 4249 ἄνθρωπος.
1397 4181 1549 4250 Ἔχει
1599 4197 1663 4248 γε
1698 4181 1805 4250 μὴν
1833 4195 1922 4232 κε-

341 4271 517 4342 φαλὴν
543 4271 725 4336 αὐτὸς,
771 4271 846 4334 ὡς
880 4271 1039 4340 φύσει
1085 4268 1238 4336 Θεὸς,
1284 4271 1375 4324 τὸν
1424 4272 1483 4324 ὲν
1523 4274 1636 4333 τοῖς
1675 4271 1925 4341 οὐρανοῖς

340 4365 562 4434 Πατέρα
591 4379 603 4391 ·
637 4363 958 4434 γεγέννηται
995 4361 1105 4433 γὰρ
1135 4360 1194 4426 ἐξ
1225 4360 1389 4416 αὑτοῦ
1425 4361 1568 4414 κατά
1596 4361 1757 4429 φύσιν
1791 4363 1924 4426 Θεὸς

339 4449 417 4504 ὢν
446 4452 476 4503 ό
505 4449 698 4518 Λόγος.
724 4449 846 4503 Ὀτι
875 4449 932 4502 δὲ
963 4451 998 4519 ἡ
1032 4449 1244 4520 κεφαλὴ
1277 4450 1531 4521 σημαίνει
1592 4449 1690 4521 τὴν
1720 4451 1920 4522 ἀρχὴν,

2042 1979 2181 2016 ιιιιιτ.
2210 1961 2317 2017 Par
2346 1973 2429 2019 est
2459 1965 2627 2031 enim,
2669 1975 2727 2018 ut
2757 1965 3013 2036 religiosa
3062 1978 3238 2023 vestra
3272 1969 3528 2036 majestas
3574 1978 3631 2024 et

2039 2053 2154 2109 hare
2199 2055 2358 2121 sciat,
2405 2053 2460 2109 et
2513 2053 2602 2110 illa
2646 2063 2868 2126 quoque
2906 2071 3014 2111 non
3073 2055 3316 2128 ignoret;
3375 2073 3482 2128 quo
3534 2074 3628 2128 per

2038 2155 2270 2216 utraque
2317 2145 2559 2216 perfecta
2620 2148 2858 2218 cognitio
2904 2147 3069 2202 veluti
3127 2148 3304 2203 lumen
3355 2150 3624 2218 quoddam

2036 2239 2400 2294 sanctissimis
2448 2238 2652 2294 vestris
2710 2241 2982 2295 mentibus
3029 2240 3317 2295 inhabitet.
3368 2239 3626 2311 Proposi-

2037 2341 2150 2386 tum
2179 2341 2263 2388 est
2291 2341 2469 2386 autem
2508 2334 2578 2386 ita
2613 2333 2824 2403 singula
2851 2333 3224 2403 interpretari,
3255 2343 3315 2388 ut
3354 2349 3622 2389 summam

2037 2422 2239 2492 ubique
2273 2422 2594 2477 brevitatem
2635 2432 3034 2478 consectemur.
3070 2423 3337 2479 Caeterum
3380 2426 3624 2495 disputa-

2039 2514 2202 2568 tionis
2251 2513 2410 2584 hujus
2461 2513 2744 2568 exordium
2798 2514 2866 2569 ab
2911 2515 2980 2569 iis
3022 2517 3331 2584 praecipue,
3383 2533 3506 2587 qua:
3555 2518 3624 2572 ad

2037 2603 2202 2660 Verbi
2249 2603 2682 2659 exinanitiouem
2729 2603 3024 2672 pertinent,
3073 2603 3254 2659 facere
3300 2604 3463 2672 libet;
3517 2621 3626 2662 uno

2035 2696 2142 2750 hoc
2187 2694 2401 2748 interim
2437 2694 2744 2761 praemisso,
2796 2709 2917 2748 cum
2963 2694 3120 2750 Jesus
3167 2696 3416 2752 Christus
3450 2697 3626 2752 nomi-

2035 2798 2217 2852 natur,
2255 2801 2360 2841 non
2403 2786 2569 2839 alium
2613 2800 2775 2854 quam
2813 2783 2906 2839 Dei
2955 2785 3139 2840 Patris
3174 2785 3407 2842 Verlmm
3443 2788 3623 2842 incar-

2035 2889 2244 2946 natum,
2294 2879 2640 2934 hominemve
2675 2877 2901 2944 factum,
2952 2893 3018 2932 eo
3060 2879 3280 2934 nomine
3319 2879 3618 2950 designari.

2103 2992 2169 3048 V.
2221 3013 2240 3044 ι
2273 2991 2410 3049 Volo
2458 3003 2639 3048 autem
2699 3008 2796 3048 vos
2856 2992 3031 3058 scire,
3093 2993 3240 3062 quod
3291 2994 3470 3048 omnis
3516 2994 3621 3048 viri

2031 3092 2217 3153 eaput,
2267 3085 2517 3140 Christus
2569 3093 2688 3154 est;
2741 3094 2904 3152 caput
2951 3094 3132 3138 autem
3185 3083 3452 3148 mulieris,
3495 3086 3618 3152 vir;

2032 3189 2194 3244 caput
2238 3193 2368 3232 vero
2404 3176 2630 3243 Christi,
2673 3176 2818 3232 Deus
2841 3175 2911 3230 ⁷⁸.
2938 3175 3249 3231 —Primus
3288 3177 3451 3231 homo
3491 3177 3619 3247 (hoc

2025 3279 2116 3324 est
2147 3268 2366 3340 Adam),
2413 3271 2480 3323 de
2527 3279 2673 3324 terra
2724 3254 3019 3323 terrenus:
3047 3269 3323 3323 secundus
3361 3269 3491 3340 (hoc
3531 3279 3618 3324 est

2025 3360 2326 3432 Christus),
2356 3361 2421 3416 de
2439 3361 2589 3417 caelo
2615 3362 2878 3416 etelestis.
2913 3361 3082 3431 Igitur
3107 3361 3250 3416 sicut
3275 3361 3619 3429 portavimus

2028 3453 2321 3522 imaginem
2353 3453 2582 3520 terreni,
2614 3461 2896 3522 portemus
2933 3461 2989 3507 et
3033 3453 3322 3522 imaginem
3353 3453 3614 3518 cmlestis,

2026 3542 2173 3594 sicut
2216 3541 2477 3610 scriptum
2518 3543 2693 3596 est“.
2724 3541 3014 3595 iPrimum
3051 3541 3218 3610 igitur
3260 3541 3476 3612 generis
3528 3558 3618 3596 no-

2028 3633 2130 3688 stri
2173 3642 2356 3702 caput,
2397 3633 2503 3689 hoc
2551 3643 2638 3688 est
2683 3633 3062 3703 primordium,
3114 3633 3310 3700 Adam,
3351 3634 3418 3688 de
3471 3643 3614 3691 terra

2029 3734 2282 3780 terrenus
2335 3734 2459 3781 erat
2507 3739 2524 3778 :
2570 3726 2828 3793 quoniam
2877 3739 3008 3780 vero
3071 3725 3324 3781 Christus
3389 3725 3614 3779 secundi

2026 3815 2221 3869 Adami
2249 3825 2670 3884 cognomentum
2692 3815 2922 3870 sortitus
2943 3827 3049 3880 est,
3081 3831 3272 3870 eorum
3304 3825 3488 3882 caput,
3512 3815 3617 3869 hoc

2024 3914 2110 3958 est
2135 3906 2486 3974 principium,
2530 3905 2624 3974 qui
2651 3905 3112 3960 sanctiﬁcationis
3157 3905 3366 3973 Spiritu
3418 3907 3485 3958 ad
3530 3905 3616 3958 in-

2025 3995 2431 4063 corruptionem
2470 3996 2767 4050 secundum
2812 3995 2958 4049 illius
2981 3995 3272 4064 imaginem
3307 4009 3405 4064 per
3434 3983 3624 4063 ipsum

2027 4086 2416 4152 reformantur,
2461 4087 2790 4143 constitutus
2843 4097 2947 4142 est.
2993 4087 3088 4142 Est
3129 4088 3313 4155 itaque
3363 4097 3610 4141 nostrum

2026 4179 2115 4235 ille
2151 4179 2504 4249 principium,
2550 4179 2654 4235 hoc
2682 4189 2766 4236 est
2797 4180 2983 4250 caput,
3027 4187 3302 4248 quatenus
3337 4180 3496 4232 homo
3525 4193 3614 4247 ap-

2026 4271 2206 4342 paruit
2239 4289 2253 4325 :
2289 4272 2455 4326 habet
2483 4271 2836 4326 nihilominus
2863 4281 2919 4325 et
2941 4271 3058 4340 ipse
3079 4284 3298 4338 quoque
3324 4278 3512 4338 caput,
3554 4277 3613 4321 ut

2028 4374 2226 4418 natura
2262 4363 2404 4417 Deus
2449 4372 2554 4427 est,
2600 4377 2799 4433 nempe
2833 4362 3108 4417 caelestem
3140 4359 3360 4416 Patrem
3395 4375 3504 4413 εει
3544 4374 3611 4414 eo

2026 4471 2266 4524 namque
2305 4455 2544 4511 Verbum
2585 4456 2725 4511 Deus
2749 4457 3046 4521 cxsistens,
3093 4453 3420 4508 naturaliter
3465 4453 3612 4523 geni—

341 4541 568 4610 ὲμπεδοῖ
601 4541 700 4611 τὴν
741 4540 998 4611 ἀλήθειαν
1035 4540 1144 4594 τῶν
1170 4541 1549 4606 ένδοιαζόντων
1570 4542 1660 4595 τὸν
1688 4541 1814 4595 νοῦν
1838 4542 1918 4607 τὸ,

2033 4558 2140 4603 tum
2167 4558 2271 4604 est.
2305 4549 2459 4613 Quod
2497 4558 2678 4604 autem
2709 4550 2846 4603 idem
2878 4549 2948 4604 sit
2982 4556 3164 4618 caput,
3194 4547 3335 4615 quod
3372 4546 3608 4610 initium,

339 4629 585 4699 κεφαλὴν
617 4629 871 4698 λέγεσθαι
900 4631 992 4683 τὸν
1027 4630 1195 4701 ἀνδρα
1240 4632 1338 4702 τῆς
1383 4631 1667 4699 γυναικός·
1711 4632 1920 4704 ἐλήφθη

341 4723 450 4790 γὰρ
479 4721 538 4784 ἐξ
561 4720 744 4776 αὑτοῦ.
773 4717 868 4785 Εἷς
897 4723 1005 4791 ἀρα
1037 4723 1271 4792 Χριστὸς
1303 4725 1397 4777 καὶ
1419 4723 1544 4786 Υἱὸς
1571 4723 1665 4776 καὶ
1693 4724 1918 4794 Κύριος,

339 4815 370 4865 ὁ
402 4812 643 4883 κεφαλὴν
684 4812 942 4883 ἔχων,ώς
989 4812 1122 4876 Θεὸς
1169 4813 1310 4867 κατά
1355 4812 1535 4882 φύσιν,
1579 4813 1673 4867 τὸν
1709 4815 1769 4867 έν
1809 4817 1923 4877 τοῖς

339 4902 590 4974 οὐρανοῖς
623 4903 861 4974 Πατέρα,
889 4901 1129 4970 γεγονὼς
1158 4903 1217 4956 δὲ
1245 4905 1379 4973 ἡμῖν
1407 4904 1615 4975 κεφαλὴ
1641 4903 1730 4958 διά
1752 4921 1832 4958 τοι
1862 4903 1923 4956 τὸ

341 4992 483 5046 κατά
511 4995 690 5064 ἄάρκα
720 4993 1000 5063 συγγενές.

415 5291 440 5329 ι
483 5277 575 5344 ς’.
615 5275 916 5331 Γινώσκετε
948 5278 1058 5349 γὰρ
1085 5279 1182 5349 τὴν
1215 5278 1373 5349 χάριν
1399 5277 1494 5332 τοῦ
1525 5281 1730 5350 Κυρίου
1760 5281 1916 5351 ἡμῶν

352 5366 528 5437 Ἰησοῦ
579 5366 838 5436 Χριστοῦ,
871 5368 952 5420 ὅτι
992 5368 1060 5421 δι’
1091 5369 1235 5439 ὑμᾶς
1273 5370 1610 5440 ἐπτώχευσε,
1660 5371 1913 5436 πλούσιος

335 5456 436 5518 ὣν,
488 5457 575 5508 ἵνα
624 5458 782 5525 ὑμεῖς
827 5460 891 5527 τῇ
937 5459 1146 5512 ἐκείνου
1197 5461 1440 5532 πτωχείᾳ
1482 5461 1837 5533 πλουτήσητε.
1889 5484 1908 5515 ι

343 5547 534 5618 ’Δθρει
556 5547 616 5616 δή
647 5547 859 5616 μοιριαὶ
893 5549 1035 5617 μάλα
1071 5551 1256 5618 σαφῶς
1277 5552 1333 5605 έν
1355 5570 1416 5618 γε
1441 5555 1673 5607 τουτοισὶ
1705 5555 1914 5624 καὶτῆς

341 5638 488 5702 θείας
515 5657 572 5692 τε
603 5641 694 5693 καὶ
713 5640 990 5712 ἀκηράτου
1014 5641 1227 5711 φύσεως
1246 5645 1347 5716 τὴν
1368 5645 1660 5718 ὑπεροχὴν,
1693 5647 1785 5700 καὶ
1808 5647 1913 5702 τῶν

2024 4639 2110 4694 vel
2134 4655 2298 4694 unum
2331 4641 2432 4694 hoc
2457 4639 2834 4694 ﬂuctuantium
2866 4642 3078 4693 aninms
3103 4639 3190 4693 hic
3211 4638 3402 4693 sedare
3423 4645 3605 4706 queat,

2021 4732 2166 4800 quod
2201 4731 2283 4784 vir
2331 4731 2580 4786 mulieris
2627 4742 2790 4800 caput
2823 4747 2944 4786 esse
2997 4729 3350 4800 perhibeatur
3381 4747 3394 4784 :
3429 4745 3498 4784 ex
3540 4743 3608 4783 eo

2019 4824 2165 4878 enim
2211 4834 2424 4891 sumpta
2459 4831 2544 4877 est
2581 4823 2693 4876 illa.
2736 4824 2890 4878 Unus
2938 4825 3120 4892 itaque
3156 4833 3244 4877 est
3272 4819 3522 4876 Christus
3553 4829 3608 4876 ει

2017 4915 2192 4971 Filius
2238 4926 2294 4970 ει
2340 4916 2600 4970 Dominus
2631 4934 2644 4970 :
2673 4915 2763 4984 qui
2809 4915 3028 4984 quidem
3083 4924 3141 4970 ut
3187 4926 3382 4968 natura
3442 4914 3602 4977 Deus,

2027 5016 2188 5075 caput
2233 5008 2396 5061 habet
2439 5007 2654 5061 Patrem
2704 5007 2797 5075 qui
2847 5019 2932 5062 εει
2974 5009 3034 5061 in
3081 5008 3240 5064 ccelis
3268 5026 3282 5064 :
3311 5007 3487 5062 factus
3524 5013 3608 5060 est

2026 5106 2207 5152 autem
2244 5099 2400 5153 nobis
2427 5108 2590 5167 caput
2626 5109 2846 5168 propter
2875 5107 3169 5170 assumpta:
3193 5099 3377 5156 carnis
3402 5110 3606 5166 cogna-

2025 5190 2246 5244 tionem.

2097 5279 2186 5335 Vl.
2235 5299 2253 5332 ι
2285 5281 2450 5337 Scitis
2497 5282 2643 5337 enim
2700 5284 2931 5354 gratiam
2991 5283 3199 5340 Domini
3255 5279 3427 5336 nostri
3471 5277 3602 5335 Jesu

2023 5372 2261 5438 Christi;
2314 5373 2572 5441 quoniam
2623 5385 2844 5444 propter
2888 5391 2983 5430 vos
3028 5389 3230 5444 egenus
3272 5372 3448 5426 lactus
3492 5379 3600 5437 est,

2021 5480 2142 5517 cum
2190 5476 2333 5518 esset
2383 5465 2556 5528 dives,
2591 5477 2653 5518 ut
2688 5465 2830 5518 illius
2869 5465 3044 5533 inpia
3090 5479 3184 5518 vos
3217 5463 3413 5517 divites
3450 5476 3600 5517 esse-

2024 5557 2174 5610 tis".
2209 5575 2227 5609 ι
2261 5557 2498 5613 Observa
2533 5560 2620 5612 hic
2651 5558 2796 5612 clare
2823 5559 2979 5629 132
3008 5568 3061 5612 et
3092 5558 3288 5614 divinae
3318 5558 3600 5612 immorta-

2025 5651 2196 5720 lisque
2227 5661 2432 5706 natura:
2465 5653 2833 5717 eminentiam,
2864 5662 2916 5706 ct
2944 5653 3198 5707 humilem
3243 5665 3459 5706 rursum
3494 5651 3598 5707 bu-

409 5816 454 5848 "
483 5815 626 5874 Psal.
663 5834 830 5886 ωιτη,
869 5820 954 5876 l2.
1028 5821 1074 5854 "
1106 5820 1124 5876 Ι
1151 5821 1276 5880 Cor.
1316 5825 1473 5891 31,5.
1551 5827 1594 5859 ⁷³
1620 5826 1640 5882 l
1665 5827 1786 5885 Cor.
1824 5827 2017 5898 xv,47.
2097 5831 2140 5862 ⁷⁵
2177 5827 2220 5884 ll
2252 5831 2376 5888 Cor.
2405 5846 2519 5901 vni,
2544 5828 2599 5884 9.
