4076 6466
520 358 659 420 1⁷563

1496 363 1554 418 S.
1595 365 1863 420 εγιιιιιι
1903 365 2366 421 ΑιΕχΑΝυιιιΝι
2403 367 2719 422 ARCHIEP.

3628 365 3772 428 1346

523 488 698 527 mana
735 482 942 528 naturae
979 475 1365 540 conditionem,
1409 492 1472 531 ac
1505 490 1765 546 praeterea
1803 480 2086 547 utriusque

2204 481 2284 549 τῆς
2317 479 2733 549 ἀνθρωπότητος
2766 480 2974 549 μέτρων
2995 480 3053 532 τδ
3082 477 3392 546 ὑφειμένον,
3425 478 3517 530 καὶ
3551 476 3764 548 “PM!”

521 567 845 628 unitionem,
880 581 944 620 eo
981 567 1121 634 quod
1165 564 1488 634 Unigeuitus
1519 568 1660 621 ultro
1695 572 1759 621 ad
1801 574 1937 623 hanc
1971 584 2090 623 sese

521 660 759 713 demisit.
803 658 1064 724 Quoniam
1112 667 1169 711 ut
1202 658 1504 713 divinitatis
1550 676 1678 729 opes
1719 676 1933 714 omnem
1967 677 2090 713 ora-

522 750 684 804 tionis
729 750 836 802 vim
875 761 928 802 et
967 751 1178 818 cupiam
1214 748 1370 819 longe
1416 761 1694 819 superant,
1741 752 1812 803 ita
1859 751 2089 803 humana

520 849 710 890 natura
755 838 1043 890 admodum
1095 839 1248 905 ineps
1301 847 1354 890 et
1398 852 1566 906 egena
1621 849 1735 900 est;
1770 840 1966 907 quippe
2004 837 2090 892 cui

518 927 725 990 omnia,
755 926 1015 996 quidquid
1059 929 1275 980 tandem
1321 929 1372 981 iu
1411 929 1567 981 bouis
1603 929 1786 992 habet,
1821 929 2034 982 caelitus
2061 943 2088 980 a

521 1018 629 1070 Deo
666 1018 907 1085 impensa
942 1019 1050 1071 sint
1083 1036 1096 1070 :
1125 1031 1174 1072 et
1204 1030 1327 1074 ante
1357 1022 1538 1072 omnia
1575 1021 1711 1073 illud
1744 1035 1864 1074 esse
1892 1021 2087 1088 ipsum,

515 1123 623 1171 quo
669 1109 916 1170 exsistit;
975 1125 1096 1162 nam
1145 1125 1265 1164 cum
1316 1111 1608 1180 aliquando
1655 1127 1758 1165 non
1803 1121 1967 1177 esset,
2025 1113 2091 1164 ad

517 1199 896 1252 cxsistentiatn
940 1214 966 1250 a
1020 1199 1130 1251 Deo
1179 1210 1399 1254 evocata
1459 1210 1562 1255 est.
1618 1202 1718 1268 Qui
1768 1216 1898 1269 ergo
1945 1200 2094 1255 dives

521 1301 640 1340 erat
679 1298 731 1340 ut
784 1290 943 1354 Deus,
985 1291 1030 1345 is
1067 1300 1257 1360 sponte
1303 1307 1530 1361 egenus,
1574 1294 1855 1362 nastrique
1903 1293 2094 1348 similis

521 1377 697 1431 factus
727 1389 831 1442 est,
864 1397 970 1450 quo
1008 1383 1244 1436 humana
1276 1393 1464 1436 natura
1501 1385 1553 1436 iu
1587 1382 1698 1444 illo,
1730 1385 1797 1438 ad
1828 1385 2096 1439 excellen-

522 1470 610 1522 tia:
655 1470 847 1524 divina:
893 1471 1166 1542 fastigium
1203 1484 1412 1537 evecta,
1446 1475 1778 1543 paupertatis
1815 1475 2088 1529 confusio-

523 1574 644 1614 nem
679 1571 922 1616 exueret.
956 1581 972 1613 ι
1006 1563 1478 1618 Conresuscitavit
1504 1565 1672 1630 enim,
1711 1574 1766 1618 et
1798 1565 2096 1620 consedere

522 1664 622 1709 nos
650 1651 778 1704 fecit
808 1652 945 1706 Deus
967 1652 1127 1708 Pater
1149 1655 1202 1708 in
1237 1655 1552 1710 cmlestibus
1573 1655 1625 1708 in
1648 1657 1864 1711 Christo
1887 1655 2038 1719 Jesu,
2071 1675 2090 1708 ι

525 1749 586 1794 ιιι
613 1743 871 1812 scriptum
897 1754 978 1797 est
1000 1745 1068 1797 ".
1111 1745 1270 1815 Atqui
1301 1762 1636 1815 nequaquam
1665 1747 1771 1802 huc
1804 1750 1974 1804 evecti
2003 1762 2091 1802 es-

2195 574 2366 640 τούτῳ
2388 572 2482 640 τὴν
2512 572 2710 638 ἀμφοῖν
2741 573 2818 633 εἰς
2840 572 3064 641 ἑνότητα
3095 571 3385 639 σύμϐασιν,
3419 568 3609 620 ἑαυτὸν
3638 567 3762 622 καθέ

2197 661 2344 722 έντος
2383 663 2462 722 είς
2503 661 2662 712 τοῦτο
2723 661 2815 712 τοῦ
2855 659 3209 727 Μονογενοῦς.
3246 657 3435 720 Οὐδεὶς
3467 659 3573 727 γὰρ
3616 652 3768 725 λόγος

2195 751 2632 821 διερμηνεύσειεν
2662 751 2726 803 ἂν
2756 753 2845 802 τὸν
2875 753 2972 821 τῆς
3002 750 3255 818 θεότητος
3288 749 3516 800 πλοῦτον
3537 763 3551 778 ·
3585 750 3766 820 πτωχὴ

2196 843 2253 895 δὲ
2305 844 2425 895 λίαν
2467 845 2498 913 ἡ
2544 842 2914 913 ἀνθρωπότης,
3044 841 3218 892 πάντα
3253 840 3368 891 ἐστὶ
3415 839 3667 891 θεόσδοτά
3711 857 3768 891 τε

2198 935 2291 985 καὶ
2317 933 2541 994 ἀνωθεν,
2591 933 2681 983 καὶ
2722 931 2851 983 αὐτὸ
2882 931 2937 982 δὲ
2983 929 3088 1000 πρὸ
3128 930 3343 983 πάντων
3377 929 3440 980 τὸ
3484 924 3656 980 εἶναι·
3686 929 3770 980 κέ-

2198 1024 2390 1094 κληται
2422 1025 2528 1094 γὰρ
2559 1023 2707 1093 παρά
2741 1021 2832 1076 τοῦ
2877 1023 3010 1075 Θεοῦ
3040 1023 3174 1091 πρὸς
3206 1022 3458 1092 ὓπαρξιν,
3498 1023 3597 1074 ούκ
3643 1018 3772 1076 οὖσά

2199 1132 2348 1170 ποτε.
2405 1115 2541 1168 Ἀλλ’
2571 1118 2598 1167 6
2650 1113 2900 1176 πλούσιος
2945 1112 3019 1176 ὡς
3061 1113 3212 1176 Θεὸς,
3269 1112 3554 1182 ἐθελοντὴς
3600 1111 3778 1165 Ennii--

2199 1223 2380 1275 χευσε,
2412 1207 2506 1259 καὶ
2531 1205 2720 1273 γέγονε
2756 1205 2878 1257 καθ’
2903 1205 3068 1274 ἡμᾶς’
3102 1205 3189 1258 ἵνα
3211 1203 3397 1256 λοιπὸν
3426 1205 3458 1273 ὴ
3493 1202 3769 1272 ἀνθρώπου

2201 1293 2380 1361 φύσις,
2414 1297 2471 1347 έν
2497 1296 2608 1356 τοῖς
2632 1295 2730 1363 τῆς
2755 1292 2905 1356 θείας
2942 1293 3214 1362 ὑπεροχῆς
3237 1292 3528 1362 ὕψώμασιν
3563 1293 3620 1344 ὲν
3646 1293 3771 1361 Χρι-

2201 1385 2310 1455 στῷ
2351 1386 2636 1456 γενομένη,
2688 1385 2748 1437 τὸ
2790 1385 2888 1454 τῆς
2935 1385 3208 1454 πτωχείας
3239 1380 3427 1452 αἶσχος
3472 1383 3773 1436 ἀποσκευά-

2199 1472 2364 1537 ζοιτο.
2405 1491 2423 1524 ι
2461 1475 2752 1544 Συνήγειρε
2790 1473 2898 1543 γὰρ
2946 1475 3090 1542 ἡμᾶς
3135 1474 3162 1524 6
3209 1472 3342 1534 Θεὸς
3373 1473 3466 1524 καὶ
3501 1472 3688 1542 Πατὴρ
3719 1477 3773 1526 ἐν

2201 1561 2441 1632 Χριστῷ,
2470 1563 2567 1615 καὶ
2598 1562 2948 1615 συνεκάθισεν
2975 1563 3032 1614 ὲν
3059 1564 3170 1625 τοῖς
3198 1561 3601 1632 smnpm/50g,»
3635 1562 3771 1615 καθά

2199 1655 2528 1725 γέγραπται.
2589 1653 2726 1706 Ἀλλ’
2756 1655 2855 1705 ούκ
2900 1653 2966 1706 ἂν
3013 1654 3317 1722 γεγόναμεν
3367 1655 3426 1705 ἐν
3469 1653 3696 1716 τούτοις,
3729 1655 3773 1705 εί

2205 1746 2279 1816 μὴ
2312 1744 2410 1815 τὴν
2441 1743 2824 1813 πτωχεύουσαν
2853 1745 3164 1815 ἠμπέσχετο
3185 1744 3347 1812 φύσιν
3371 1744 3400 1795 6
3423 1743 3671 1806 πλούσιος
3703 1744 3774 1806 ὡς

523 1849 728 1897 semus,
764 1835 865 1888 nisi
895 1836 1049 1890 dives
1084 1848 1140 1889 ut
1171 1835 1332 1901 Deus,
1369 1853 1658 1907 pauperem
1693 1847 1853 1908 atque
1881 1840 2094 1908 inopem

2204 1835 2350 1898 Θεὸς.
2383 1835 2456 1887 Ού
2481 1834 2588 1904 γάρ
2607 1852 2710 1888 που
2733 1825 3099 1904 πτωχεύσειεν
3129 1835 3194 1887 ἂν
3225 1837 3252 1887 6
3277 1835 3424 1886 κατά
3456 1834 3616 1902 φύσιν
3645 1834 3772 1886 ἰδίαν

525 1933 764 1978 nostram
795 1934 1044 1980 naturam
1077 1927 1360 1982 induisset.
1401 1927 1584 1996 Neque
1611 1928 1755 1983 enim
1793 1930 1953 1984 homo
1973 1945 2095 1985 cum

523 2027 716 2085 suapte
748 2025 940 2072 natura
974 2033 1176 2088 pauper
1205 2022 1298 2086 sit,
1345 2021 1503 2092 inops
1533 2021 1647 2076 fieri
1687 2033 1833 2078 recte
1859 2024 2094 2079 dicitur:

523 2106 627 2160 hoc
656 2119 837 2162 autent
891 2110 964 2164 illi
1000 2113 1390 2168 convenienter
1440 2128 1538 2167 usu
1568 2114 1783 2168 venisse
1816 2116 2095 2182 asseritur,

521 2198 614 2265 qui
646 2199 779 2253 citra
820 2215 1037 2256 omnem
1078 2205 1510 2259 controversiam
1553 2205 1702 2260 dives
1732 2215 1837 2268 est,
1874 2205 1974 2262 hoc
2015 2212 2100 2261 est

522 2285 615 2339 Dei
651 2285 824 2343 Patris
860 2288 1116 2355 Verbum,
1155 2301 1508 2363 posteaquam
1547 2294 1706 2347 homo
1750 2296 1918 2348 nostri
1949 2295 2100 2349 simi-

521 2377 589 2432 lis
620 2379 820 2432 factum
855 2392 955 2435 est.
992 2381 1142 2438 Unus
1189 2383 1371 2453 itaque
1417 2393 1500 2439 est
1527 2383 1778 2438 Christus
1815 2393 1867 2437 et
1905 2382 2095 2440 Filius.

586 2467 695 2525 VII.
744 2489 762 2521 ι
795 2471 1045 2528 Christus
1089 2488 1186 2529 nos
1237 2475 1469 2529 redemit
1509 2478 1573 2529 de
1611 2476 1897 2529 maledicto
1939 2475 2098 2545 legis,

517 2561 698 2614 factus
743 2577 840 2630 pro
885 2564 1039 2618 nobis
1088 2565 1434 2619 maledictum
1465 2584 1478 2619 :
1507 2567 1631 2632 quia
1670 2568 1928 2635 scriptum
1964 2576 2050 2621 est
2081 2583 2094 2620 :

520 2649 837 2705 Ilaledictus
871 2654 1048 2708 omnis
1079 2655 1171 2724 qui
1202 2657 1402 2723 pendet
1434 2657 1486 2710 in
1519 2656 1665 2726 ligno
1687 2656 1756 2709 τ’.
1796 2675 1814 2708 ι
1855 2655 1965 2712 Lex
2006 2671 2099 2712 eos

519 2740 886 2796 maledictioui
930 2743 1194 2799 obnoxios
1227 2746 1571 2812 decernebat,
1599 2747 1691 2816 qui
1735 2747 1785 2800 in
1814 2759 2095 2817 peccatum

519 2841 612 2884 aut
659 2833 1158 2899 praevaricationem
1201 2836 1582 2890 incurrissent.
1619 2836 1690 2890 At
1733 2851 1862 2891 vero
1891 2836 2096 2905 peccati

516 2921 760 2986 nescius,
810 2923 914 2977 hoc
953 2933 1036 2978 est
1081 2925 1349 2991 Christus,
1393 2927 1578 2996 iniqua
1629 2927 1895 2981 sententia
1939 2926 1990 2980 in
2040 2940 2098 2981 se

516 3022 767 3079 excepta,
816 3013 998 3068 erucis
1045 3016 1366 3083 supplicium
1423 3014 1609 3081 subiit,
1651 3031 1823 3084 eaque
1855 3015 2094 3086 pertulit,

516 3115 642 3169 qua:
696 3103 986 3159 maledicto
1028 3105 1307 3160 obstrictis
1341 3106 1464 3178 jure
1507 3101 1877 3174 debebantur;
1915 3117 1972 3161 ut
2004 3107 2093 3174 qui

2198 1927 2491 1997 πτωχεύων
2513 1927 2820 1998 ἄνθρωπος.
2852 1926 3020 1979 Πάθοι
3049 1927 3094 1980 δ’
3119 1927 3184 1980 ἂν
3213 1925 3372 1979 τοῦτο
3402 1926 3767 1996 πρεπωδέστε-

2202 2035 2292 2090 ρον
2323 2021 2352 2072 6
2380 2017 2632 2080 πλούσιος
2663 2017 2898 2087 ἀληθῶς,
2926 2017 3204 2070 τουτέστιν
3232 2019 3260 2069 6
3286 2017 3351 2068 ὲκ
3389 2015 3526 2068 Θεοῦ
3569 2016 3773 2086 [ἰατρὸς

2198 2109 2388 2178 Λόγος,
2419 2111 2509 2162 ὅτε
2536 2109 2728 2177 γέγονε
2761 2107 2883 2163 καθ’
2915 2111 3081 2179 ἡμᾶς.
3113 2105 3210 2172 Εἷς
3251 2103 3343 2161 οὖν
3376 2107 3485 2179 ἄρα
3531 2109 3647 2161 ἐστὶ
3683 2108 3770 2162 καὶ

2197 2199 2434 2274 Χριστὸς
2462 2205 2558 2255 καὶ
2580 2199 2728 2265 Υἱός.

2275 2491 2294 2524 ι
2338 2473 2408 2524 Z'.
2452 2471 2685 2542 Χριστὸς
2716 2472 2866 2541 ἡμᾶς
2910 2469 3246 2540 ἐξηγόρασεν
3287 2469 3355 2522 ὲκ
3403 2469 3503 2538 τῆς
3538 2467 3771 2538 κατάρας

2197 2563 2292 2617 τοῦ
2338 2564 2523 2634 νόμου,
2561 2561 2850 2631 γενόμενος
2903 2560 3044 2631 ὑπὲρ
3097 2560 3253 2631 ὴμῶν
3289 2563 3528 2633 κατάρα.
3574 2562 3772 2632 Γέγρα-

2201 2671 2330 2706 πται
2363 2655 2490 2722 γάρ·
2539 2651 2964 2722 Ἐπικατάρατος
2997 2654 3104 2714 πᾶς
3133 2654 3160 2706 6
3189 2652 3540 2724 κρεμάμενος
3570 2652 3660 2705 ἐπὶ
3686 2651 3772 2717 ξύ·-

2197 2746 2313 2799 λου.
2350 2764 2368 2796 ›
2402 2742 2506 2796 Τοῦ
2537 2741 2761 2812 νομικοῦ
2790 2743 3118 2814 γράμματος
3151 2743 3428 2814 ἐπάρατον
3457 2743 3771 2812 ἀποφαίνον-

2197 2853 2288 2900 τος
2340 2835 2432 2888 τὸν
2483 2835 2539 2886 ὲν
2580 2832 2890 2902 παραϐάσει
2955 2834 3048 2885 καὶ
3098 2834 3365 2903 ἁμαρτία,
3415 2833 3445 2885 6
3503 2832 3576 2902 μὴ
3627 2829 3773 2894 εἰδὼς

2198 2925 2492 2997 ἁμαρτίαν,
2544 2925 2793 2977 τουτέστι
2841 2923 3094 2994 Χριστὸς,
3134 2924 3497 2994 ὑπενήνεκται
3527 2926 3592 2992 τῇ
3633 2923 3769 2990 δίκῃ.

2197 3015 2379 3087 ψῆφον
2423 3015 2606 3069 ἄδικον
2645 3013 2962 3082 ὑπομείνας,
3009 3013 3104 3065 καὶ
3136 3013 3204 3064 τὰ
3255 3014 3367 3075 τοῖς
3403 3014 3460 3064 ὲν
3494 3013 3602 3082 ἀρᾷ
3647 3008 3772 3079 πρέ-

2202 3125 2370 3160 ποντα
2401 3104 2608 3159 παθών·
2639 3103 2894 3157 ἴναότῶν
2921 3103 3058 3156 ὅλων
3081 3103 3358 3167 ἀντάξιος,
3396 3104 3535 3172 ὑπὲρ
3567 3103 3771 3155 πάντων

519 3195 900 3250 universorum
919 3199 1152 3276 pretium
1174 3199 1516 3268 exteqttabat,
1532 3200 1908 3255 universorum
1933 3213 2094 3254 causa

2204 3196 2510 3262 ἀποθανὼν,
2561 3200 2656 3267 τῆς
2691 3196 2946 3249 ἀπάντων
2986 3194 3268 3256 ἀπειθείας
3314 3194 3456 3267 λύσῃ
3491 3171 3556 3246 τὰ
3591 3191 3776 3260 έγκλήε

519 3293 750 3339 mortem
787 3303 1096 3357 perpessus,
1142 3291 1426 3346 universos
1471 3291 1539 3344 ab
1577 3292 1953 3346 inobedieutiae
2001 3291 2101 3344 cri-

518 3375 666 3429 mine
691 3377 1018 3443 exsolveret,
1053 3390 1107 3435 et
1138 3382 1322 3436 orbem
1351 3382 1662 3436 universum
1704 3397 1802 3437 suo
1835 3383 2100 3450 sanguine

521 3467 838 3523 redimeret.
869 3469 1141 3526 Caeterum
1172 3474 1403 3543 pretium
1440 3488 1537 3542 pro
1570 3474 1942 3528 universorqu
1975 3489 2098 3542 pec-

519 3559 662 3613 catis
690 3576 830 3616 unus
867 3578 1208 3634 nequaquam
1247 3564 1618 3634 persolvisset,
1665 3564 1712 3619 si
1747 3580 1911 3635 purus
1939 3565 2100 3621 homo

519 3657 733 3704 tantum
789 3655 1111 3709 exstitisset.
1163 3654 1319 3720 Quod
1371 3656 1416 3709 si
1470 3665 1527 3708 ut
1568 3653 1711 3710 Deus
1762 3658 2096 3722 incarnatus,

524 3743 855 3811 propriaque
890 3745 941 3796 in
975 3759 1143 3799 carne
1167 3757 1396 3802 mortem
1430 3763 1726 3818 perpessus
1758 3758 1938 3800 mente
1963 3761 2098 3802 con-

448 3872 450 3875 .
523 3831 781 3901 cipiatur,
815 3834 1066 3890 universa
1098 3846 1344 3892 creatura
1391 3839 1663 3894 modicum
1693 3841 1819 3910 quid
1859 3840 1962 3894 erit
1997 3840 2106 3908 ipsi-

2207 3308 2374 3362 ματα,
2407 3289 2500 3342 καὶ
2525 3289 2772 3360 ἀγοράσῃ
2809 3286 2908 3357 τὴν
2939 3286 3030 3340 ὑπ’
3059 3285 3286 3354 οὐρανὸν
3316 3287 3512 3354 αἵματι
3542 3284 3617 3354 τῷ
3648 3282 3770 3350 ἰδίῳ.

2204 3383 2319 3436 υύκ
2343 3380 2408 3434 ἂν
2432 3375 2526 3434 οὖν
2565 3379 2785 3446 γέγονεν
2814 3371 2892 3439 εἷς
2925 3377 3177 3430 ἀπάντων
3223 3374 3496 3440 ἀντάξιος,
3531 3375 3683 3441 εἴπερ
3712 3366 3774 3439 ἦν

2203 3473 2486 3544 ἄνθρωπος
2516 3470 2720 3533 ἁπλῶς.
2747 3471 2824 3547 ,Εἰ
2851 3469 2906 3522 δὲ
2953 3469 3016 3537 δὴ
3054 3470 3223 3520 νοοῖτο
3266 3467 3402 3530 Θεὸς
3433 3465 3773 3536 ἐνηνθρωπη-

2203 3564 2335 3628 κὼς,
2365 3563 2457 3616 καὶ
2489 3563 2653 3632 σαρκὶ
2677 3564 2743 3631 τῇ
2779 3560 2887 3631 ἰδίᾳ
2930 3557 3138 3623 παθὼν,
3179 3559 3334 3627 ὀλίγη
3379 3559 3516 3629 πρὸς
3548 3555 3702 3610 αὑτὸν
3741 3552 3772 3620 ή

2205 3659 2468 3727 σύμπασα
2506 3655 2701 3718 κτίσις,
2737 3653 2832 3706 καὶ
2864 3653 3078 3722 ἀπόχρη
3118 3651 3505 3722 πρὸς·λύτρον
3545 3650 3642 3718 τῆς
3689 3646 3773 3699 ὑπ’

2203 3747 2430 3818 οὐρανὸν
2459 3748 2486 3798 ὁ
2534 3746 2662 3814 μιᾶς
2694 3743 2895 3813 σαρκὸς
2923 3743 3180 3805 θάνατος·
3226 3743 3331 3796 ἰδία
3363 3743 3473 3827 γάρ
3500 3738 3566 3812 ἦν
3596 3738 3686 3793 τοῦ
3715 3739 3774 3789 ἐκ

2203 3838 2339 3892 Θεοῦ
2370 3837 2582 3908 Πατρὸς
2612 3835 2808 3903 φύντος
2840 3834 3036 3902 Λόγου.

521 3931 868 3990 comparata;
903 3933 1066 3994 atque
1114 3927 1248 3980 adeo
1285 3928 1351 3982 ad
1396 3929 1617 3983 humani
1693 3929 1910 3998 generis
1974 3929 2352 3985 liberationem
2396 3927 2554 3982 unius
2583 3925 2766 3980 carnis
2798 3940 2944 3980 mors
3013 3923 3225 3978 abunde
3271 3934 3354 3978 sat
3387 3924 3592 3978 fuerit:
3655 3933 3772 3989 pro-

521 4016 638 4086 pria
676 4017 820 4072 enim
849 4028 968 4074 erat
999 4019 1186 4088 Verbi,
1215 4023 1360 4093 quod
1395 4039 1462 4078 ex
1496 4024 1604 4079 Deo
1629 4034 1819 4080 natum
1849 4033 1957 4081 est.
2014 4093 2018 4096 ,

597 4107 728 4164 Vlll.
778 4130 796 4164 ι
829 4111 964 4166 Eum
998 4125 1176 4168 autem
1218 4117 1307 4186 qui
1339 4117 1550 4172 modico
1577 4133 1742 4186 quam
1777 4117 1955 4188 angeli
1997 4117 2099 4170 mi-

523 4208 750 4256 noratus
807 4213 927 4268 est,
981 4206 1229 4261 videmus
1276 4196 1459 4263 Jesum
1516 4219 1737 4279 propter
1794 4209 2102 4278 passionem

528 4294 741 4361 mortis,
775 4293 943 4363 gloria
988 4307 1040 4349 et
1070 4297 1278 4353 honore
1313 4311 1671 4358 coronatum:
1716 4312 1773 4355 ut
1803 4301 1976 4370 gratia
2011 4299 2103 4354 Dei

522 4399 624 4454 pro
676 4386 929 4440 omnibus
978 4396 1222 4457 gustaret
1251 4390 1405 4460 133
1447 4403 1677 4446 mortem
1702 4392 1770 4444 ⁷⁸.
1807 4411 1826 4444 ι
1883 4390 2105 4446 Divinus

2287 4133 2306 4166 ι
2351 4116 2434 4168 H'.
2457 4114 2562 4166 Τὸν
2590 4112 2648 4165 δὲ
2683 4110 2854 4184 βραχύ
2877 4127 2927 4164 τι
2955 4110 3084 4180 παρ’
3111 4109 3378 4177 ἀγγέλους
3406 4103 3774 4176 ἠλαττωμένον

2210 4208 2481 4278 βλέπομεν
2523 4204 2753 4276 Ἰησοῦν,
2786 4203 2873 4256 διὰ
2902 4203 2962 4256 τὸ
3003 4202 3232 4272 πάθημα
3258 4200 3350 4252 τοῦ
3381 4199 3630 4256 θανάτου,
3657 4192 3774 4262 δόξῃ

2208 4300 2302 4353 καὶ
2346 4302 2481 4370 τιμῇ
2531 4294 2996 4366 ἐστεφανωμένον,
3040 4294 3185 4356 ὅπως
3234 4293 3420 4361 χάριτι
3471 4287 3602 4343 Θεοῦ
3645 4283 3772 4353 ὑπὲρ

2209 4390 2410 4452 παντὸς
2439 4389 2702 4460 γεύσηται
2732 4385 2984 4439 θανάτου.
3028 4403 3045 4434 ι
3090 4385 3146 4436 ’0
3175 4383 3232 4436 δὲ
3263 4383 3548 4443 θεσπέσιος
3580 4375 3774 4434 Παῦλος

527 4473 722 4528 Paulus
770 4476 884 4529 hac
932 4492 1149 4531 rursum
1200 4477 1269 4534 de
1311 4479 1530 4534 Christo
1571 4481 1814 4536 omnium
1860 4491 2098 4536 nostrum

2208 4488 2332 4545 τοὺς
2361 4479 2599 4552 περὶτοῦ
2631 4479 2848 4532 πάντων
2877 4476 3033 4546 ἡμῶν
3064 4477 3314 4546 Σωτῆρος
3344 4469 3578 4545 Χριστοῦ
3608 4463 3775 4521 ποιού-

525 4563 810 4620 Salvatore
846 4580 1239 4623 commemorat
1269 4589 1281 4624 :
1315 4589 1334 4623 ι
1364 4569 1499 4626 Cum
1529 4573 1972 4642 primogenitum,
2005 4576 2102 4639 ait,

525 4657 822 4712 introducit
855 4657 907 4711 in
953 4660 1144 4714 orbem
1174 4670 1354 4726 terrae,
1394 4662 1570 4717 dicit:
1610 4663 1677 4716 Et
1709 4664 1939 4717 adorent
1981 4679 2102 4718 eum

523 4764 714 4804 omnes
763 4751 940 4819 angeli
988 4752 1082 4806 Dei
1103 4753 1174 4807 ⁷³.
1206 4771 1225 4804 ι
1276 4754 1344 4809 Et
1376 4755 1615 4809 iterum:
1651 4772 1672 4806 ι
1704 4755 1804 4822 Qui
1859 4772 1982 4810 cum
2033 4758 2106 4811 sit

524 4839 782 4906 splendor
813 4841 1018 4912 gloria},
1053 4853 1106 4897 et
1136 4843 1305 4914 figura
1332 4845 1652 4901 substantiae
1680 4847 1822 4917 ejus,
1854 4857 2107 4916 portans-

525 4946 634 5000 que
678 4935 858 4987 omnia
906 4936 1074 4990 verbo
1116 4938 1340 4994 virtutis
1380 4954 1513 5005 suae,
1562 4942 1940 5011 purgationem
1982 4957 2108 5010 pec-

528 5033 772 5078 catorum
828 5035 1142 5082 nostrorum
1194 5029 1437 5097 faciens,
1492 5033 1647 5088 sedet
1695 5034 1763 5089 ad
1821 5034 2103 5089 dexteram

534 5114 712 5168 throni
759 5115 1062 5182 maiestatis
1108 5119 1161 5173 in
1205 5123 1471 5189 excelsis;
1521 5133 1668 5179 tanto
1706 5124 1899 5179 melior
1944 5139 2106 5194 auge-

535 5203 599 5256 lis
645 5203 891 5270 effectus,
939 5217 1141 5276 quanto
1197 5208 1535 5266 diﬂ'erentius
1583 5228 1693 5281 prze
1751 5214 1856 5268 illis
1909 5226 2102 5266 nomen

536 5294 898 5354 hazreditavit.
929 5298 1025 5354 Cui
1056 5303 1199 5355 enim
1246 5303 1385 5358 dixit
1417 5303 1708 5372 aliquando
1746 5305 2059 5376 angelorum
2091 5321 2105 5358 :

535 5383 705 5441 Filius
772 5404 926 5444 meus
992 5407 1052 5446 es
1112 5401 1209 5456 tu,
1274 5409 1376 5463 ego
1431 5395 1592 5448 hodie
1648 5395 1806 5464 genui
1867 5405 1918 5449 te
1950 5394 2045 5447 ὀἳ
2087 5412 2105 5447 ι

538 5474 768 5540 Quando
827 5493 955 5547 ergo
1015 5480 1338 5552 Unigenitus
1397 5481 1572 5539 factus
1628 5492 1715 5543 est
1781 5484 2113 5555 primogeni-

541 5573 651 5631 tus,
699 5578 748 5623 et
799 5584 938 5624 unus
979 5586 1010 5626 e
1059 5573 1242 5628 multis
1288 5572 1572 5640 fratribus,
1615 5582 1744 5630 tunc
1801 5586 1855 5629 et
1897 5575 1950 5628 in
2005 5585 2112 5628 ter-

618 5745 666 5776 ⁷⁸
699 5745 895 5814 Ephcs.
931 5761 988 5812 tt,
1013 5750 1066 5804 6.
1141 5751 1186 5783 "
1218 5749 1394 5804 Galat.
1431 5766 1511 5818 ιιι,
1549 5750 1632 5804 15.
1708 5751 1754 5783 ⁷⁸
1785 5748 1950 5805 Hebr.
1985 5765 2048 5816 tt,
2074 5749 2130 5804 9.

2212 4590 2368 4644 μενος
2397 4572 2616 4640 λόγους.
2659 4589 2676 4622 ι
2713 4570 2882 4621 Ὅταν
2911 4567 2967 4620 δὲ
3000 4565 3470 4638 εἰσαγάγῃ,,φησὶ,
3503 4561 3591 4613 τὸν
3632 4571 3772 4625 πρω-

2206 4664 2426 4717 τότοκον
2461 4664 2540 4725 είς
2581 4660 2679 4730 τὴν
2711 4658 3059 4728 οἰκουμένην,
3106 4657 3288 4736 λέγεις·
3337 4649 3447 4708 Καὶ
3481 4659 3774 4722 προσκυνη-

2213 4755 2462 4809 σάτωσαν
2500 4751 2645 4822 αὑτῷ
2697 4752 2895 4814 πάντες
2938 4748 3159 4818 ἄγγελοι
3201 4747 3356 4800 Θεοῦ.
3395 4765 3414 4796 ι
3460 4745 3566 4797 Καὶ
3599 4737 3771 4792 πάλιν·

2219 4867 2239 4901 ι
2285 4851 2382 4910 ’ος
2412 4844 2488 4898 ὢν
2517 4844 2854 4912 ἀπαύγασμα
2897 4842 2995 4910 τῆς
3023 4839 3200 4908 δόξης,
3233 4841 3325 4891 καὶ
3363 4831 3640 4907 χαρακτὴρ
3686 4825 3776 4892 τῆς

2213 4938 2564 5002 ὑποστάσεως
2596 4934 2782 5000 αὐτοῦ,
2827 4933 3008 5004 φέρων
3056 4949 3117 4984 τε
3147 4931 3217 4982 τὰ
3247 4931 3422 4982 πάντα
3462 4925 3537 4994 τῷ
3587 4922 3776 5015 ῥήμαξι

2213 5033 2312 5104 τῆς
2327 5031 2610 5100 δυνάμεως
2633 5025 2820 5091 αὑτοῦ,
2838 5022 3178 5092 καθαρισμὸν
3197 5020 3306 5073 τῶν
3329 5011 3775 5112 ἁμαρτιῶνήμῷ

2215 5122 2602 5192 ποιησάμενος,
2644 5119 2895 5171 ἐκάθισεν
2941 5116 2998 5167 ὲν
3028 5115 3177 5185 δεξιᾷ
3205 5111 3295 5164 τοῦ
3330 5110 3520 5180 θρόνου
3563 5110 3658 5192 της
3690 5110 3777 5163 μευ

2213 5189 2531 5282 γαλωσύνης
2579 5212 2635 5261 έν
2665 5206 2908 5276 ὑψηλοῖς,
2941 5204 3182 5274 τοσούτῳ
3211 5201 3468 5271 κρείττων
3498 5189 3774 5282 γενόμενος

2213 5280 2322 5356 τῶν
2353 5300 2627 5369 ἀγγέλων,
2673 5300 2782 5368 ὅσῳ
2824 5294 3221 5366 διαφορώτερον
3273 5288 3401 5356 παρ’
3457 5280 3644 5369 αὐτοὺς
3688 5285 3773 5369 x5:-

2215 5357 2625 5464 κληρονόμηκεν
2649 5357 2840 5458 ὄνομα.
2872 5388 2913 5438 Τ
2921 5357 2998 5438 ίνι
3021 5357 3142 5455 γάρ.
3158 5380 3277 5437 εἶπέ
3311 5397 3436 5434 ποτε
3477 5373 3583 5464 τῶν
3621 5357 3772 5464 ἀγγέξ

2217 5459 2354 5536 λων·
2394 5459 2523 5542 Υἱός
2548 5494 2648 5542 μου
2678 5472 2728 5530 εἶ
2765 5477 2852 5541 σὺ,
2885 5473 2996 5541 ἐγὼ
3031 5475 3270 5542 σήμερον
3297 5459 3592 5537 γεγέννηκά
3629 5469 3684 5506 σε
3705 5462 3767 5542 ἔμ’

2219 5571 2427 5628 υύκοῦν
2456 5537 2557 5624 ὅτε⁷
2571 5569 2761 5638 γέγονε
2802 5537 3144 5638 πρωτότοκος
3235 5555 3560 5629 Μονογενὴς,
3589 5543 3676 5602 καὶ
3717 5537 3770 5589 έν

2207 5749 2252 5782 ⁷⁸
2287 5745 2448 5802 Hebr.
2484 5759 2523 5812 ι,
2561 5741 2615 5798 6.
2693 5740 2738 5772 ⁸⁸
2771 5738 2899 5796 ibid.
2935 5737 3055 5793 3-5.
