4076 6416
272 428 410 484 ηπ)

1078 429 1175 483 'AD
1214 428 1515 486 REGINAS
1555 429 1642 484 DE
1682 426 1911 486 RECTA
1950 425 2105 482 FIDE
2142 424 2403 510 ORA_TIO
2443 423 2757 492 ALTERA._

3394 423 3531 478 1316

269 546 484 609 πολλοῖς
511 545 779 616 ἀδελφοῖς,
805 546 925 600 τότε
954 548 1047 601 καὶ
1069 550 1478 621 είσκεκομίσθαι
1501 551 1665 621 φησὶν
1689 525 1852 604 αὑτὸν

1957 561 2139 602 rarum
2188 561 2403 618 quoque
2459 547 2646 600 orbem
2712 541 3056 598 introductus
3122 540 3323 597 dicitur
3381 541 3530 609 (nam

267 639 349 700 είς
380 637 479 707 τὴν
505 639 831 709 οἰκουμένην
853 656 866 668 ο
915 639 1019 704 ἔξω
1051 641 1157 710 γὰρ
1187 637 1274 710 ἦν,
1311 642 1453 694 κατά
1493 641 1652 711 φύσιν
1688 642 1846 702 ίδίαν,

268 727 650 792 τῆς-κτίσεως,
702 725 777 788 ὡς
823 726 986 788 Θεόςο
1021 729 1142 779 τότε
1189 729 1279 780 καὶ
1310 729 1652 798 ἡλαττῶσθαί
1687 746 1849 800 φησιν

267 818 430 870 αὑτὸν
478 816 633 886 παρά
679 819 806 880 τοὺς
855 818 1137 886 ἀγγέλους,
1185 819 1279 872 καί
1319 836 1398 872 τοι
1450 819 1849 892 διαφορώτερον

268 909 399 977 παρ’
434 908 632 969 αὐτοὺς
677 907 907 976 λαχόντα
942 908 1002 960 τὸ
1042 909 1232 978 ὄνομα.
1281 909 1354 961 Τὸ
1419 909 1519 980 μὲν
1567 912 1696 980 γὰρ,
1746 911 1847 978 ἀγ-

268 1000 445 1067 γελος,
495 999 834 1070 λειτουργίας
881 1000 998 1052 ἐστὶ
1049 1000 1398 1068 σημαντικὸν,
1441 1003 1534 1054 καὶ
1585 1004 1850 1056 οἰκετικὸν

267 1093 400 1161 ἡμῖν
431 1092 762 1162 ὑπεμφαίνει
800 1093 1032 1162 μέτρον·
1074 1110 1092 1142 ‹
1145 1093 1588 1148 Ἀποστέλλονται
1618 1095 1726 1165 γ’ἀρ
1771 1098 1850 1158 είς

267 1182 542 1236 διακονίαν
591 1183 677 1236 διὰ
736 1185 862 1246 τοὺς
917 1184 1206 1254 μέλλοντας
1257 1185 1614 1257 κληρονομεῖν
1675 1204 1849 1258 σωτη-

179 1298 184 1303 ·
270 1273 414 1345 ρίαν.
457 1292 475 1324 ι
522 1274 579 1327 '0
608 1274 662 1326 δέ
713 1290 777 1343 γε
818 1275 945 1337 Υίὸς
990 1275 1087 1344 τὴν
1133 1277 1195 1328 ὲκ
1241 1276 1453 1346 Πατρὸς
1497 1277 1728 1348 ὓπαρξιν
1761 1278 1850 1330 οὑ-

269 1363 436 1432 σιώδη
485 1381 544 1416 τε
586 1365 677 1418 καί
727 1364 958 1436 φυσικὴν
1003 1369 1438 1437 κατασημήνειεν
1485 1367 1572 1430 ἂν,
1625 1369 1707 1420 ὅτι
1756 1367 1851 1421 καὶ

267 1455 486 1524 ἀληθῶς
533 1458 631 1527 τὴν
673 1457 929 1528 γέννησιν
965 1458 1279 1528 πεπρᾶχθαι
1329 1460 1676 1530 πιστεύομεν.
1726 1460 1850 1523 Πῶς

267 1547 579 1615 ἠλάττωται
612 1549 760 1619 παρὰ
788 1550 911 1612 τοὺς
943 1550 1207 1617 ἀγγέλους
1239 1552 1267 1603 ὁ
1309 1553 1442 1620 παρ’
1474 1553 1652 1605 αὐτῶν
1684 1569 1850 1622 προσ-

267 1635 619 1704 κυνοὺμενος,
649 1639 676 1690 ό
707 1637 958 1707 σύνεδρος
992 1638 1068 1708 τῷ
1105 1640 1310 1710 Πατρί;
1353 1639 1492 1693 Ἀλλ’
1520 1643 1634 1693 ἔστι
1675 1642 1850 1711 σαφὴς

267 1725 302 1794 ἠ
337 1725 628 1793 πρόφασις.
666 1726 942 1780 Καθίκετο
980 1728 1088 1798 γὰρ
1131 1729 1188 1781 ὲν
1223 1731 1335 1792 τοῖς
1365 1730 1463 1799 τῆς
1506 1731 1852 1802 ἀνθρωπότη-

265 1832 362 1878 τος
395 1817 636 1886 μέτροις,
675 1818 766 1871 καὶ
794 1817 854 1870 τὸ
884 1818 1252 1890 ἀποθνήσκειν
1297 1821 1538 1889 πεφυκὸς
1569 1822 1726 1892 σῶμα
1755 1822 1846 1875 λαο

1951 638 2248 694 secundum
2282 637 2556 706 propriam
2591 645 2838 688 naturam
2867 645 3019 688 extra
3048 648 3264 688 omnem
3308 643 3532 688 creatu-

1952 745 2068 782 ram
2107 727 2340 796 degebat
2390 737 2450 780 ut
2485 726 2648 794 Deus)
2679 744 2692 778 :
2729 736 2855 778 tunc
2895 737 2952 779 et
2985 725 3193 794 angelis
3243 725 3422 776 minor
3455 723 3534 775 fae-

1953 830 2070 874 ctus
2123 819 2410 881 asseritur,
2469 818 2634 871 etiam
2688 817 2731 870 si
2791 816 3162 884 praestantius,
3220 829 3380 882 quam
3434 813 3531 878 illi,

1953 923 2150 964 nomen
2212 909 2284 962 sit
2338 908 2562 961 sortitus
2603 907 2918 976 :siquidem
2973 922 3074 958 vox
3132 907 3266 964 lucc.
3326 905 3531 969 angeli,

1954 1002 2229 1055 notiOncm
2267 999 2554 1053 ministerii
2591 1015 2700 1066 pra:
2736 1015 2794 1053 se
2851 998 2955 1051 fert
3000 997 3364 1065 servilemqne
3401 1012 3536 1049 con-

1953 1093 2215 1147 ditionem
2265 1092 2507 1145 insinuat
2540 1109 2551 1144 :
2591 1109 2609 1141 ι
2647 1090 2935 1144 Mittuntur
2974 1095 3209 1157 namque
3271 1090 3322 1141 in
3373 1088 3535 1140 mini-

1955 1185 2180 1238 sterium
2214 1195 2434 1253 pr0pter
2457 1199 2550 1237 eos
2576 1182 2668 1252 qui
2705 1182 2896 1236 salutis
2933 1182 3306 1234 luereditatem
3341 1193 3535 1233 conse-

1954 1277 2130 1332 cuturi
2178 1286 2304 1330 sunt
2324 1277 2390 1328 ⁸¹.
2428 1295 2447 1328 ι
2480 1276 2550 1329 At
2583 1289 2714 1329 vero
2755 1274 2896 1327 ﬁlius
2969 1289 3089 1326 eum
3143 1273 3386 1333 denomt,
3440 1272 3532 1338 qui

1955 1371 2330 1423 exsistentiam
2363 1367 2771 1422 snbstantialem
2803 1365 3218 1431 naturalemque
3263 1379 3327 1415 ex
3360 1360 3534 1413 fratre

1956 1459 2158 1525 habet;
2188 1459 2462 1512 credimus
2490 1473 2721 1524 namque
2754 1456 2901 1508 illum
2944 1470 3069 1506 vere
3102 1468 3164 1505 ac
3213 1451 3534 1504 naturaliter

1953 1567 2027 1606 ει·
2073 1549 2235 1602 Patre
2287 1548 2526 1616 genitum
2575 1562 2720 1600 esse.
2766 1547 2835 1598 At
2879 1545 3151 1613 quomodo
3208 1542 3254 1596 is
3307 1529 3532 1613 (inquis)

1954 1642 2161 1710 angelis
2196 1642 2374 1695 minor
2397 1640 2592 1700 evasit,
2625 1639 2719 1706 qui
2755 1638 2822 1691 ab
2860 1637 2964 1689 illis
3005 1637 3284 1698 adoratur,
3318 1650 3534 1702 unaque

1954 1746 2079 1786 cum
2132 1729 2296 1783 Patre
2341 1728 2495 1798 regni
2541 1727 2735 1782 solium
2790 1725 3037 1781 obtinet?
3065 1724 3118 1777 lu
3163 1735 3412 1794 promptu
3452 1735 3537 1779 est

1959 1822 2244 1889 responsio
2278 1837 2293 1876 :
2323 1836 2448 1874 nam
2477 1835 2704 1889 corpore
2739 1821 2880 1888 quod
2918 1819 3054 1872 mori
3089 1827 3292 1887 posset,
3321 1832 3536 1870 assum-

267 1905 404 1970 σὼν,
443 1908 571 1960 ίδιόν
604 1925 661 1960 τε
690 1909 822 1962 αὐτὸ
868 1911 1254 1982 ποιησάμενος,
1291 1914 1349 1966 έν
1399 1912 1547 1984 αὑτῷ
1587 1913 1850 1966 πέπονθεν

1957 1923 2068 1984 pto,
2107 1913 2170 1966 ad
2204 1912 2454 1966 humanae
2485 1923 2692 1964 natura:
2723 1910 3062 1962 inlirmitates
3099 1909 3337 1976 seipsum
3365 1908 3535 1962 demi-

267 1998 434 2060 ἑκὼν,
468 2001 561 2054 καὶ
602 2005 722 2065 ταῖς
769 2002 1032 2056 ἀνωτάτω
1065 2005 1242 2069 δόξαις
1275 2005 1633 2074 στεφανοῦται
1662 2006 1748 2059 διά
1791 2007 1851 2060 τὸ

267 2093 464 2159 πάθος,
496 2093 571 2157 ὡς
615 2094 682 2147 δι’
711 2094 876 2148 αὑτοῦ
925 2099 1280 2168 καταργήσας
1330 2098 1420 2150 τὸν
1460 2099 1706 2164 θάνατον,
1758 2099 1851 2152 καὶ

266 2184 554 2256 ἄπρακτον
581 2187 866 2256 ἀποφήνας
896 2188 993 2259 τὴν
1030 2188 1256 2260 φθορὰν,
1305 2189 1401 2243 ἀτε
1441 2191 1504 2260 δὴ
1548 2191 1640 2243 καὶ
1688 2190 1854 2261 ὑπάρ-

267 2294 381 2346 χων
411 2276 691 2347 ἀφθαρσία
731 2283 826 2331 καὶ
854 2278 989 2352 ζωή.
1023 2281 1188 2334 Ὅταν
1214 2279 1307 2336 οὑν
1344 2281 1549 2352 Ἰησοῦν
1573 2281 1848 2352 ὀνομάζει,

266 2367 370 2419 καὶ
414 2368 754 2436 ἠλαττῶσθαι
803 2369 952 2438 λέγει
997 2370 1145 2440 παρά
1197 2372 1324 2434 τοὺς
1360 2371 1625 2439 ἀγγέλους
1669 2372 1849 2435 αὑτὸν,

265 2458 373 2510 οὐκ
397 2457 681 2530 ἄνθρωπον
710 2459 812 2512 ἀνά
841 2459 1005 2531 μέρος
1033 2462 1126 2513 καὶ
1158 2461 1360 2525 ίδικῶς,
1389 2460 1503 2514 ἀλλ’
1525 2461 1687 2514 αὑτὸν
1710 2460 1854 2514 νοοῦ-

269 2567 392 2620 μεν·
417 2551 507 2604 τὸν
556 2551 834 2622 Μονογενῆ
888 2552 1319 2624 παραχωροῦντα
1352 2552 1447 2605 τοῦ
1485 2552 1742 2623 προῦχειν
1783 2555 1854 2605 ot-

265 2641 581 2710 κονομικῶς
608 2645 719 2705 τοῖς
750 2645 930 2712 ἀγίοις
970 2645 1222 2714 ἀγγέλοις
1247 2661 1261 2674 ·
1312 2646 1392 2698 ὃτι
1440 2645 1666 2717 ἀληθείᾳ
1705 2646 1856 2714 γέγο-

256 2747 362 2782 ,νεν
387 2731 672 2802 ἄνθρωπος
692 2733 720 2785 ό
743 2734 840 2805 τῆς
871 2736 1092 2790 ἐκείνων
1117 2737 1388 2808 ὑπεροχῆς
1416 2736 1744 2807 ἡττώμενος.
1774 2737 1855 2790 Τά

247 2817 324 2870 -δὲ
363 2818 462 2888 τῆς
492 2820 768 2892 ὑπεροχῆς
807 2825 918 2886 τοῖς
961 2824 1137 2890 ἀγίοις
1170 2825 1443 2893 ἀγγέλοις,
1489 2827 1572 2879 ὅτι
1616 2828 1707 2879 καὶ
1750 2826 1854 2891 ἔξω

265 2909 496 2978 σαρκὸς,
542 2912 635 2964 καὶ
673 2912 766 2965 τοῦ
812 2912 1061 2968 τεθνάναι
1091 2917 1372 2986 κρείττους
1404 2918 1532 2970 εἰσίο
1568 2918 1853 2986 γεγονότος

263 3001 326 3052 ὲν
353 2999 562 3064 τούτοις
589 3001 682 3055 τοῦ
713 3002 842 3055 Υίοῦ
871 3004 960 3056 διά
995 3006 1092 3073 τὴν
1124 3005 1372 3058 ἑκούσιον
1404 3007 1654 3060 κένωσιν.
1713 3005 1850 3058 Ἀλλ’

264 3091 291 3142 ό
338 3088 513 3162 βραχὺ
547 3093 677 3162 παρ’
723 3094 988 3162 ἀγγέλους
1028 3095 1411 3166 ὴλαττωμένος
1437 3097 1526 3151 διά
1573 3115 1636 3164 γε
1663 3098 1722 3152 τὸ
1753 3097 1852 3168 τῆς

259 3179 690 3255 ἀνθρωπότητος
745 3185 977 3257 μέτρον,
1031 3189 1088 3241 ὲν
1137 3188 1374 3259 ὑπεροχῇ
1435 3189 1687 3260 θεότητος
1731 3189 1808 3242 ὣν
1834 3231 1849 3255 ,

263 3280 659 3344 προσκυνεῖται
689 3278 817 3348 παρ’
847 3279 1044 3342 αὐτῶν,
1079 3279 1170 3333 καὶ
1208 3280 1476 3351 ἐνίδρυται
1516 3281 1732 3347 θώκοις,
1760 3282 1854 3347 οὓς

257 3370 620 3438 περιιστᾶσιν
670 3371 866 3423 ἐκεῖνοι
896 3371 1300 3438 δοξολογοῦντες
1329 3373 1435 3437 ἀεὶ,
1465 3374 1560 3427 καὶ
1578 3374 1686 3428 τῶν
1703 3374 1859 3428 δυνά-

266 3475 424 3530 μεων
460 3460 622 3512 αὐτὸν
650 3461 1005 3532 ὀνομάζοντες
1042 3463 1266 3534 Κύριον.

1879 3237 1922 3294 C

1955 2008 2046 2068 sit,
2102 2004 2153 2057 iu
2203 2017 2377 2070 eoque
2421 2001 2585 2055 veluti
2642 2003 2863 2070 proprio
2907 2011 3261 2068 spontaneam
3303 2009 3531 2053 mortem

1955 2094 2233 2150 sustinuit.
2285 2091 2366 2146 0b
2416 2107 2536 2146 eam
2581 2107 2746 2160 porro
2799 2103 3029 2145 mortem
3080 2101 3134 2146 et
3186 2095 3535 2159 passionem,

1953 2201 2180 2242 summae
2241 2185 2426 2256 gloria:
2476 2200 2730 2238 coronam
2794 2184 3131 2253 promeruit;
3195 2185 3394 2252 quippe
3441 2184 3534 2249 qui

1957 2281 2088 2349 ipse,
2130 2289 2315 2348 utpote
2344 2278 2451 2330 vita
2498 2268 2556 2330 et
2604 2277 2938 2346 incorruptio
2971 2276 3264 2341 cxsistens,
3296 2285 3350 2329 et
3388 2291 3536 2328 mor-

1957 2381 2061 2427 tem
2087 2387 2182 2440 per
2214 2370 2356 2424 illam
2389 2367 2712 2433 aboleverit,
2748 2377 2802 2421 et
2834 2367 3238 2437 corruptionem
3267 2365 3533 2419 nullarum

1958 2465 2153 2518 virium
2206 2477 2330 2516 esse
2372 2460 2756 2515 declaraverit.
2794 2458 2930 2513 Cum
2963 2457 3144 2513 Jesum
3193 2473 3321 2527 ergo
3362 2459 3540 2510 nomi-

1957 2566 2069 2623 nat,
2105 2564 2161 2610 et
2198 2554 2404 2624 angelis
2445 2554 2710 2606 minorem
2753 2552 3033 2621 praedicat,
3070 2567 3175 2604 non
3207 2553 3408 2605 nudum
3442 2567 3541 2604 nos

1957 2650 2256 2714 hominem,
2301 2661 2659 2715 seorsumque
2710 2660 2775 2699 ac
2817 2660 2914 2714 per
2968 2660 3026 2699 se
3067 2645 3303 2714 positum
3361 2655 3541 2698 mente

1957 2740 2332 2808 concipimus;
2363 2738 2456 2792 sed
2491 2737 2786 2805 ipsummet
2826 2736 3171 2804 Unigeuitum
3202 2745 3422 2804 propter
3456 2737 3540 2788 in-

1957 2830 2299 2885 carnationis
2342 2827 2589 2882 ordinem
2633 2829 2872 2897 potiores
2920 2838 3105 2897 partes
3145 2826 3351 2896 angelis
3387 2828 3540 2881 defe-

1957 2930 2186 2975 rentem.
2220 2917 2354 2972 Nam
2392 2917 2485 2987 qui
2527 2917 2862 2972 excellentia:
2909 2916 3122 2971 illorum
3167 2917 3359 2970 cedere
3401 2932 3538 2986 pra:-

1955 3010 2197 3075 dicatur,
2228 3013 2274 3064 is
2303 3024 2428 3064 vere
2454 3009 2614 3062 homo
2643 3007 2816 3062 factus
2844 3007 3200 3077 dignoscitur.
3229 3007 3318 3060 Illa
3352 3019 3533 3064 autem

1957 3105 2271 3152 sanctorum
2314 3098 2629 3166 angelorum
2663 3097 2955 3152 eminentia
3000 3099 3050 3150 in
3092 3098 3194 3153 hoc
3227 3099 3398 3176 posita
3431 3113 3536 3164 εει,

1957 3200 2013 3246 et
2041 3191 2186 3261 quod
2215 3205 2243 3244 a
2277 3204 2443 3245 carne
2469 3199 2595 3244 sunt
2621 3190 2913 3253 immunes,
2939 3189 3158 3260 etquod
3192 3203 3365 3245 morte
3393 3192 3540 3245 exsi-

1959 3291 2109 3337 stunt
2143 3282 2456 3351 superiores
2488 3303 2498 3337 :
2532 3282 2776 3350 utrisque
2808 3290 2990 3336 autem
3035 3291 3257 3352 propter
3289 3283 3538 3337 volunta-

1960 3375 2096 3428 riam
2149 3374 2575 3431 exinanitionem
2636 3371 2913 3439 subjectus
2963 3372 3060 3426 fuit
3103 3373 3291 3429 Filius.
3339 3373 3535 3430 Verum

1959 3463 2240 3518 enimvero
2274 3464 2364 3532 qui
2396 3472 2618 3533 propter
2644 3463 2894 3518 humana:
2931 3473 3139 3517 naturae
3170 3465 3537 3520 conditionem

263 3549 550 3620 paululum
586 3552 653 3606 ab
683 3551 843 3624 135.
870 3553 1076 3624 angelis
1110 3555 1412 3612 minoratus
1457 3556 1678 3623 dicitur,
1711 3557 1757 3612 is
1797 3555 1851 3610 in
1891 3553 2112 3610 deitatis
2176 3553 2502 3609 excellentia
2568 3553 2837 3608 exsistens
2867 3554 2935 3607 ab
2965 3552 3070 3606 illis
3099 3555 3374 3620 adoratur,
3403 3570 3536 3610 con~

264 3643 524 3714 sidetque
566 3645 619 3699 in
657 3645 724 3700 iis
770 3647 1071 3716 majestatis
1143 3649 1377 3711 thronis,
1447 3662 1584 3717 quos
1635 3647 1710 3702 illi
1783 3647 2144 3716 undequaque
2178 3646 2424 3715 cingunt,
2469 3643 2744 3700 indefesso
2781 3643 3001 3699 laudum
3073 3645 3345 3714 pragconio
3393 3647 3560 3702 illum.

261 3737 617 3799 extollentes.
672 3753 737 3793 ac
780 3741 1042 3795 virtutum
1091 3741 1378 3818 Dominum
1423 3741 1756 3811 appellantes
1783 3738 1853 3795 ⁸⁸.

346 3827 424 3882 Θ’.
469 3846 488 3879 t
546 3830 698 3883 Ἐπεὶ
731 3825 824 3884 οῦν
858 3831 927 3884 τά
973 3832 1164 3885 παιδία¹
1187 3831 1586 3902 κεκοινώνηκεν
1625 3832 1857 3902 αἵματος

266 3923 367 3978 καὶ
418 3924 648 3994 σαρκὸς,
696 3925 789 3978 καὶ
831 3925 994 3988 αὑτὸς
1027 3925 1424 3995 παραπλησίως
1473 3925 1700 3994 μετέσχε
1745 3924 1854 3976 τῶν

265 4014 476 4078 αὐτῶν,
515 4015 598 4067 ἵνα
624 4016 713 4069 διὰ
739 4015 834 4069 τοῦ
884 4016 1114 4069 θανάτου
1129 4019 1466 4090 ,καταργήσῃ
1496 4016 1586 4068 τὸν
1619 4015 1680 4068 τὸ
1724 4017 1853 4086 κρά-

264 4123 364 4169 τος
401 4106 592 4177 ἔχοντα
624 4107 717 4161 τοῦ
761 4107 1014 4171 θανάτου,
1049 4109 1293 4161 τουτέστι
1323 4108 1413 4162 τὸν
1451 4108 1727 4162 διάϐολονο
1757 4109 1853 4162 καὶ

265 4197 562 4271 ἀπαλλάξῃ
586 4197 830 4263 τούτους,
850 4201 964 4252 ὅσοι
990 4198 1138 4270 φόϐῳ
1159 4199 1390 4254 θανάτου
1417 4200 1515 4271 μὲν
1541 4200 1742 4264 παντὸς
1760 4199 1852 4254 τοῦ

267 4289 376 4359 ζῇν
394 4288 565 4360 ἔνοχοι
587 4285 726 4360 ἦσαν
742 4290 1005 4354 δουλείας.
1021 4310 1038 4341 ο
1059 4292 1137 4343 Τά
1160 4291 1348 4344 παιδία
1367 4293 1530 4360 φησὶν
1553 4292 1609 4342 ἐν
1622 4290 1851 4354 τούτοις,

266 4379 423 4448 ἡμᾶς
453 4379 695 4448 δηλονότι
743 4381 868 4442 τοὺς
898 4379 1056 4443 ὄντας
1086 4381 1179 4433 ἐπὶ
1218 4382 1316 4451 τῆς
1347 4381 1467 4450 γῆς,
1517 4381 1658 4434 κατὰ
1688 4397 1750 4448 γε
1793 4381 1854 4432 τὸ

2041 3830 2131 3885 IX.
2181 3849 2202 3882 ‹
2233 3830 2369 3898 Quia
2417 3843 2548 3900 ergo
2598 3830 2751 3900 pueri
2805 3831 3344 3886 communicaverunt
3389 3836 3539 3888 carni

1962 3929 2017 3976 et
2060 3921 2330 3990 sanguini,
2369 3928 2424 3975 et
2467 3922 2583 3990 ipse
2611 3921 2865 3975 similiter
2903 3922 3251 3991 participavit
3300 3923 3489 3977 iisdem
3521 3943 3536 3979 :

1961 4023 2020 4068 ut
2050 4027 2147 4081 per
2185 4023 2414 4066 mortem
2447 4015 2753 4066 destrueret
2776 4027 2923 4077 eum,
2954 4015 3044 4082 qui
3081 4014 3306 4069 habebat
3347 4016 3543 4070 mortis

1962 4105 2269 4174 imperium,
2314 4106 2415 4158 hoc
2445 4113 2528 4158 est
2573 4103 2885 4171 diabolum;
2917 4115 2971 4159 et
3003 4105 3256 4161 liberaret
3295 4123 3406 4174 eos,
3449 4109 3540 4178 qni

1962 4196 2158 4249 timore
2194 4197 2382 4249 mortis
2416 4209 2516 4264 per
2547 4203 2715 4248 totam
2744 4197 2912 4249 vitam
2935 4198 3154 4251 obnoxii
3188 4209 3340 4252 erant
3371 4201 3543 4254 servi-

1965 4284 2085 4337 tuti.
2108 4283 2154 4314 ⁸³
2189 4301 2208 4335 ι
2249 4281 2455 4338 Pueros
2483 4283 2587 4339 hoc
2617 4283 2732 4338 loco
2756 4301 2857 4339 nos
2887 4287 3142 4356 appellat,
3177 4290 3264 4357 qui
3299 4289 3350 4342 in
3384 4291 3543 4343 terris

1963 4377 2130 4431 vitam
2173 4375 2443 4446 degimns,
2472 4375 2630 4443 juxta
2676 4378 2804 4432 illud
2855 4377 3160 4433 Psalmisue
3207 4383 3256 4432 in
3310 4397 3543 4448 persona

267 4468 332 4520 ἣν
382 4466 632 4537 Ψαλμοῖς
694 4467 1030 4538 ὑμνούμενον
1085 4468 1162 4532 ώς
1205 4470 1270 4522 ὲκ
1333 4468 1626 4540 προσώπου
1681 4469 1856 4523 Θεοῦ⁶

1967 4465 2059 4520 Dei
2086 4469 2434 4521 decantatum
2471 4485 2484 4519 :
2523 4484 2542 4518 ι
2572 4467 2704 4536 Ego,
2754 4469 2948 4538 inquit,
2991 4470 3144 4522 dixi:
3187 4469 3268 4523 Dii
3297 4473 3453 4534 estis,
3489 4483 3544 4527 et

348 4557 362 4577 ς
457 4556 472 4574 \
549 4553 570 4574 τ
672 4575 685 4588 ⁸
1312 4561 1324 4573 ι
1416 4559 1429 4576 ο
1496 4559 1540 4586 ,ο
1780 4560 1791 4574 ο

272 4576 293 4610 ι
365 4558 491 4625 Εγω
521 4576 652 4610 ειπα
740 4557 864 4611 Θεοί
921 4561 1082 4617 ἐστε,
1137 4559 1232 4612 καὶ
1275 4560 1380 4611 υιοὶ
1434 4560 1674 4628 Υοτιιστου
1721 4576 1856 4613 παν-

264 4667 382 4711 τες.
425 4668 442 4701 »
483 4650 648 4702 Ὅσον
678 4649 787 4720 γὰρ
843 4644 978 4722 ἦκεν
1008 4651 1089 4714 εἰς
1135 4650 1196 4702 τὸ
1223 4651 1301 4720 τῷ
1354 4639 1476 4722 Θεῷ
1502 4651 1714 4717 δοκοῦν,
1758 4654 1854 4706 καὶ

265 4745 353 4804 εἰς
381 4741 478 4813 τὴν
509 4742 732 4795 ἐνοῦσαν
753 4743 1071 4813 ἡμερότητα
1100 4742 1241 4794 κατὰ
1271 4741 1432 4811 φύσιν
1462 4743 1630 4812 αὐτῷ,
1651 4744 1854 4808 πάντες

265 4835 338 4888 ἂν
371 4828 514 4904 ἦμεν
543 4834 728 4898 τέκνα,
762 4835 857 4887 καὶ⁵
905 4833 1214 4887 ἀπώλισθεν
1272 4835 1339 4888 ἂν
1368 4836 1543 4898 οὐδεὶς
1571 4836 1669 4906 τῆς
1718 4837 1851 4908 πρὸς

267 4924 436 4977 αὑτὸν
467 4926 815 4996 οίκειότητος.
850 4925 990 4977 Ἀλλ’
1085 4943 1250 4995 φησιν
1277 4929 1306 4978 ὁ
1335 4927 1518 4990 Δαυῒδ,
1547 4926 1624 4990 ὡς
1651 4927 1856 5000 ἀνθρωο

267 5032 366 5068 ποι
396 5014 835 5084 ἀποθνήσκομεν,
867 5017 960 5068 καὶ
988 5015 1062 5077 ὡς
1093 5009 1172 5078 εἷς
1217 5015 1326 5068 τῶν
1355 5016 1631 5086 ἀρχόντων
1660 5017 1856 5070 πίπτο·

273 5125 397 5179 μεν,
420 5110 531 5170 τοῖς
562 5107 658 5177 τῆς
685 5107 884 5176 σαρκὸς
915 5107 1113 5161 πάθεσι
1143 5107 1235 5160 τὸν
1263 5109 1462 5160 οἰκεῖον
1493 5107 1858 5178 ὑποφέροντες

269 5203 418 5256 νοῦν.
479 5201 603 5263 Πῶς
658 5197 752 5253 οὖν
800 5200 908 5270 ἄρα
952 5200 1432 5269 κεκοινωνήκαμεν
1475 5200 1709 5269 αἵματος
1763 5201 1858 5254 καὶ

274 5297 506 5367 σαρκός;
525 5295 686 5364 Ψυχὴ
717 5293 826 5363 γὰρ
857 5295 888 5364 ἡ
917 5293 1232 5364 ἀνθρωπίνη
1256 5293 1416 5362 φύσιν
1435 5292 1628 5363 έτέραν
1659 5293 1857 5362 ἔχουσα

269 5383 424 5453 παρά
465 5383 562 5453 τὴν
608 5383 806 5452 σάρκα,
837 5385 902 5452 τῇ
935 5385 1070 5453 πρὸς
1106 5382 1273 5453 αὐτὴν
1304 5382 1452 5434 θέσει
1483 5381 1604 5433 καθ’
1636 5383 1850 5446 ἕνωσιν,

268 5476 335 5528 τὸ
377 5474 435 5527 ἓν
473 5490 530 5527 τε
583 5477 677 5526 καὶ
719 5474 934 5542 λογικὸν
970 5475 1261 5528 ἀπετέλεσε
1302 5472 1459 5538 ζῶον,
1489 5474 1733 5526 τουτέστι
1762 5475 1854 5526 τὸν

269 5563 579 5635 ἄνθρωπον.
619 5564 777 5619 Οὕτω
805 5564 1095 5635 τοιγαροῦν
1134 5567 1228 5618 καὶ
1282 5568 1310 5618 ὁ
1338 5565 1432 5616 τοῦ
1476 5563 1615 5616 Θεοῦ
1656 5565 1848 5632 Λόγος,

269 5655 642 5726 ἐμψυχωμένη
673 5655 856 5726 σαρκὶ,
888 5656 981 5706 καὶ
1009 5655 1110 5707 οὑκ
1139 5654 1332 5724 ἀψύχῳ
1362 5652 1505 5708 κατά
1533 5671 1702 5718 τινας,
1733 5655 1852 5707 ἑαυο

1961 4558 2056 4612 ﬁlii
2091 4557 2301 4612 Excelsi
2332 4573 2523 4614 omnes
2544 4558 2613 4612 “.
2645 4577 2664 4610 ι
2721 4558 2852 4612 Nam
2895 4561 3038 4627 quod
3092 4560 3288 4614 attinet
3335 4565 3400 4614 ad
3449 4562 3542 4616 Dei

1959 4655 2335 4717 voluntatem,
2405 4655 2990 4719 mansuetudinemque
3055 4655 3377 4710 naturaliter
3439 4656 3540 4724 ipsi

1957 4746 2202 4810 insitam,
2236 4745 2304 4798 ad
2328 4760 2492 4798 unum
2530 4758 2723 4799 omnes
2759 4760 3006 4801 essemus
3036 4745 3152 4809 lilii,
3195 4761 3369 4816 neque
3393 4750 3544 4816 quis-

1961 4851 2123 4906 quam
2170 4837 2413 4890 omnium
2458 4836 2525 4890 ab
2579 4836 2726 4892 illius
2786 4837 3154 4894 familiaritate
3199 4851 3254 4894 et
3301 4841 3540 4895 amicitia

1961 4929 2172 4983 alienus
2208 4927 2347 4983 foret
2382 4945 2397 4982 :
2435 4943 2623 4984 verum
2668 4931 2813 4998 quod
2868 4941 3106 4984 mentem
3151 4933 3544 5001 cupiditatibus

1963 5028 2018 5074 et
2045 5019 2289 5088 corporis
2314 5019 2818 5087 perturbationibus
2851 5021 2994 5076 ultro
3021 5021 3426 5089 submittamus,
3459 5025 3536 5086 tit.

1961 5118 2255 5166 attestante
2291 5110 2514 5174 Davide,
2553 5121 2611 5163 ut
2646 5109 2812 5164 veluti
2856 5111 3105 5166 homines
3137 5114 3452 5178 moriamur,
3489 5123 3543 5166 et

1960 5201 2102 5256 sicut
2148 5199 2294 5257 unus
2346 5204 2412 5258 de
2455 5201 2798 5272 principibus
2843 5204 3102 5259 cadamus
3127 5205 3194 5258 ⁸⁸.
3248 5204 3354 5258 Sed
3405 5219 3540 5272 quo-

1961 5291 2120 5345 modo
2153 5291 2304 5346 carni
2352 5302 2408 5346 et
2450 5290 2698 5362 sanguini
2733 5289 3298 5346 communicat-imus?
3343 5289 3538 5341 Anima
3611 5291 3628 5298 '

1962 5384 2193 5436 humana
2242 5383 2511 5438 diversam
2559 5401 2587 5437 a
2635 5399 2797 5438 carne
2840 5384 3028 5438 sortita
3078 5394 3348 5446 naturam,
3387 5383 3538 5435 carni

1963 5475 2138 5536 unita,
2171 5489 2359 5540 unum,
2401 5484 2456 5529 et
2494 5475 2622 5528 illud
2653 5475 2872 5543 quidem
2906 5489 3000 5544 per
3021 5475 3101 5529 sui
3136 5473 3538 5544 adjunctionem

1962 5565 2170 5618 ratione
2219 5567 2502 5634 praeditum
2558 5567 2760 5621 animal
2805 5566 3056 5632 absolvit,
3106 5568 3206 5621 hoc
3252 5576 3335 5621 est
3373 5566 3542 5620 homi-

1961 5671 2104 5710 nem.
2151 5657 2232 5710 Ad
2277 5671 2400 5711 eum
2437 5659 2619 5728 itaque
2656 5659 2872 5713 modum
2927 5669 2980 5714 et
3013 5658 3103 5714 Dei
3139 5658 3369 5714 Verbum
3403 5672 3538 5728 quo-

343 5807 386 5838 ⁸¹
423 5810 579 5864 llebr.
618 5826 655 5874 ι,
679 5809 767 5863 24.
845 5811 891 5841 ⁸¹
922 5811 1022 5866 lsa.
1057 5826 1129 5872 γι,
1162 5809 1216 5863 '5.
1291 5807 1339 5841 ⁸³
1372 5807 1536 5864 llebr.
1568 5823 1625 5874 ιι,
1654 5807 1740 5872 ll,
1773 5808 1858 5862 l5.

1960 5811 1977 5839 ‘
2013 5809 2155 5865 Psal.
2190 5826 2378 5874 um,
2417 5812 2469 5867 6.
2547 5814 2592 5845 ⁸⁸
2620 5812 2752 5870 ibid.
2790 5815 2841 5867 7.
