4076 6450
505 409 640 464 1347

1489 403 1547 459 5.
1587 402 1866 460 CYRILLI
1904 401 2374 458 A-LEXANDRINI
2415 401 2730 460 ARCHIEP.

3618 410 3761 467 1548

498 541 606 595 que
663 538 770 579 non
816 521 1084 587 inanimo,
1136 529 1197 576 ut
1246 521 1462 591 quidam
1510 521 1715 591 Opinati
1769 532 1929 584 sunt,
1977 522 2071 578 sed

2201 522 2268 576 ’ὸν
2297 524 2625 595 ἀπορῤήτως
2662 523 2886 587 ἐνώσας,
2923 523 3183 594 μετέσχεν
3221 523 3452 596 αἵματος
3497 526 3592 579 καὶ
3623 543 3762 597 σαρ-

500 618 752 670 animata!
784 614 957 675 carni,
992 611 1150 666 modo
1185 628 1344 681 quem
1385 613 1620 666 humana
1653 629 1806 667 mens
1847 628 1951 666 non
1985 629 2071 668 ca-

500 707 600 776 pit.
628 705 867 773 seipsnm
903 703 1114 765 nniens,
1161 713 1453 771 ortumque
1481 719 1546 757 ex
1582 703 1810 758 muliere
1845 703 2070 768 ducens,

497 796 646 850 carni
690 805 742 849 et
786 794 1032 864 sanguini
1067 795 1288 864 perinde
1337 809 1400 847 ac
1437 810 1575 848 unus
1624 809 1689 848 ex
1734 794 1886 848 nobis
1925 810 2072 850 com-

501 887 816 941 municavit.
858 889 1033 955 Atque
1081 886 1154 939 ita
1208 900 1348 939 unus
1390 885 1653 938 duntaxat
1699 893 1783 938 est
1813 884 2074 941 Dominus

496 977 654 1033 Jcstts
705 978 974 1032 Christus.
1030 975 1162 1030 Nam
1214 979 1314 1030 etsi
1365 977 1456 1030 Dei
1504 974 1738 1030 Verbum
1781 976 2072 1032 humanam

500 1079 748 1123 naturam
776 1068 878 1123 sibi
910 1068 1190 1130 asciverit,
1227 1069 1396 1122 nihilo
1430 1076 1612 1121 tamen
1650 1069 1830 1121 secius
1860 1068 1910 1121 id
1933 1068 2074 1138 quod

500 1171 621 1215 erat
649 1159 972 1229 permansit.
1001 1159 1154 1226 Quod
1179 1159 1225 1212 si
1259 1159 1449 1214 mortis
1482 1159 1768 1227 imperium
1796 1171 1853 1214 ut
1889 1159 1993 1212 vita
2023 1167 2078 1213 et

505 1251 644 1306 Deus
675 1252 934 1314 abolevit,
971 1249 1340 1304 necessarium
1371 1258 1474 1315 est,
1507 1259 1566 1303 ut
1599 1249 1650 1303 id
1673 1249 1812 1318 quod
1849 1258 2077 1302 mortem

503 1344 743 1413 pertulit,
788 1344 960 1414 ipsius
989 1344 1269 1412 proprium
1326 1341 1598 1395 exstiterit
1629 1359 1642 1394 :
1676 1355 1784 1410 quo
1822 1340 2076 1395 nimirum

504 1435 643 1488 idem
673 1435 788 1502 ipse
817 1451 881 1488 ex
914 1437 1148 1488 mortuis
1189 1435 1256 1488 ad
1302 1435 1467 1487 vitam
1502 1433 1740 1495 rediens,
1774 1431 2080 1498 corruptio-

502 1539 624 1578 nem
667 1539 696 1577 e
727 1525 908 1576 medio
955 1525 1266 1586 sustulisse,
1313 1522 1841 1592 incorruptionisque
1880 1521 2083 1576 beueli-

502 1616 643 1670 cium
706 1617 758 1669 in
817 1627 985 1670 totum
1035 1631 1204 1685 genus
1262 1624 1510 1669 nostrum
1553 1613 1921 1667 transmisisse
1977 1611 2080 1665 dici

503 1717 691 1776 queat.
733 1731 749 1754 σ
786 1707 956 1759 Sicuti
1001 1707 1145 1761 enim
1187 1707 1239 1759 in
1273 1705 1442 1758 Adam
1471 1719 1662 1759 omnes
1699 1705 1979 1769 morimur,
2008 1704 2081 1758 ita

503 1811 693 1848 otnnes
747 1797 798 1848 in
849 1796 1067 1849 Christo
1119 1795 1516 1848 vivificabitnur
1537 1793 1605 1847 ".
1639 1812 1658 1845 ι
1721 1792 1786 1845 Et
1836 1795 2078 1847 iterum:

2177 615 2270 680 κὸς
2315 617 2712 686 παραπλησίως
2749 619 2901 687 ἡμῖν,
2942 617 3030 671 διὰ
3071 619 3374 687 γεννήσεως
3412 619 3469 673 δέ
3514 619 3764 688 δηλονότι

2146 695 2274 773 ’τῆς
2305 706 2368 758 ἐκ
2417 706 2695 774 γυναικός.
2743 701 2836 771 Εἷς
2866 703 2959 760 οὖν
2989 706 3097 778 άρα
3126 707 3330 778 Κύριος
3371 707 3580 777 Ἰησοῦς
3617 710 3762 781 Χρι-

2178 790 2321 852 στὸς.
2353 791 2429 856 ὡς
2475 791 2775 856 ἐνώσαντος
2807 794 2903 864 μὲν
2933 794 3112 865 ἐαυτῷ
3165 794 3260 848 τοῦ
3309 795 3446 850 Θεοῦ
3492 796 3668 865 Λόγου
3698 799 3765 852 τὸ

2176 879 2534 950 ἀνθρώπινον.
2585 883 2953 954 μεμενηκότος
2982 885 3038 938 δέ
3068 884 3163 940 καὶ.
3206 885 3378 950 οὕτως
3407 886 3545 956 ὅπερ
3574 883 3664 956 ἦν.
3697 888 3766 942 Ei

2176 969 2231 1022 δὲ
2258 971 2420 1034 αὐτὸς
2449 973 2768 1044 κατήργηκε
2795 973 2888 1027 τοῦ
2920 975 3154 1028 θανάτου
3185 977 3246 1028 τὸ
3286 977 3507 1047 κράτος,
3539 979 3615 1042 ὡς
3647 977 3767 1050 ζωὴ

2180 1059 2273 1112 καὶ
2312 1059 2464 1123 Θεὸς.
2499 1061 2629 1116 ἴδιον
2670 1061 2834 1116 αὐτοῦ
2879 1064 3117 1117 νοεῖσθαι
3147 1064 3346 1135 πρέπει
3390 1065 3452 1117 τὸ
3495 1063 3770 1128 πεπονθὸς

2179 1150 2268 1203 τὸν
2313 1150 2559 1204 θάνατον·
2594 1153 2679 1206 ἵνα
2721 1154 2796 1216 ὠς
2834 1153 2998 1218 αὐτὸς
3040 1154 3278 1218 ἀναστάς
3308 1155 3651 1226 καταργῆσαι
3680 1155 3771 1206 λέ-

2178 1259 2327 1309 γοιτο
2364 1243 2462 1313 τήν
2504 1243 2732 1316 φθοράν,
2764 1245 2860 1299 καὶ
2897 1245 2977 1308 είς
3017 1245 3162 1298 ἆπαν
3204 1246 3363 1317 ἡμῶν
3401 1246 3772 1316 παραπέμψαι

2180 1334 2241 1385 τὸ
2261 1333 2416 1401 γένος
2437 1335 2534 1404 τῆς
2555 1335 2864 1406 ἀφθαρσίας
2893 1335 2990 1407 τὴν
3020 1336 3454 1409 χάριν.‹⁶Ὠσπερ
3476 1337 3584 1408 γὰρ
3614 1339 3670 1389 ἐν
3691 1337 3773 1406 τῷ

2195 1421 2366 1492 Ἀδάμ
2390 1422 2587 1486 πάντες
2617 1424 3056 1496 ἀποθνήσκομεν,
3076 1425 3221 1479 οὕτω
3248 1426 3341 1478 καὶ
3362 1427 3419 1479 ἐν
3448 1426 3526 1495 τῷ
3546 1427 3774 1496 Χριστῷ

2184 1518 2385 1580 πάντες
2417 1516 3015 1591 ζωοποιη[θη]σόμεοα.
3069 1540 3087 1572 ι
3112 1521 3219 1574 Καὶ
3259 1520 3455 1574 πάλιν⁹
3494 1539 3512 1573 ι
3560 1521 3773 1591 ’Ὠσπερ

2183 1606 2292 1678 7&9
2331 1607 2399 1660 δι’
2439 1609 2726 1680 ἀνθρώπου
2769 1612 3016 1677 θάνατος,
3055 1613 3197 1666 οὕτω
3243 1614 3336 1666 καὶ
3376 1614 3444 1667 δι’
3481 1613 3772 1685 ἀνθρώπου

2187 1699 2485 1764 ἀνάστασις
2538 1701 2766 1774 νεκρῶν.
2810 1721 2826 1752 ι
2875 1704 3092 1772 Ἐπειδὴ
3121 1703 3178 1755 δέ
3208 1705 3323 1756 ἐστι
3354 1703 3461 1755 τῶν
3505 1704 3605 1773 τῆς
3646 1702 3773 1756 καθ’

2187 1791 2333 1862 ἡμᾶς
2361 1793 2656 1862 νοουμένης
2686 1793 3107 1864 άνθρωπότητος
3147 1795 3407 1848 ἐπέκεινα
3449 1794 3664 1864 μέτρων
3712 1794 3775 1847 τὸ

511 1903 528 1937 ι
561 1885 694 1939 Nam
751 1894 809 1938 ιιι
863 1901 959 1954 per
1010 1885 1286 1939 hominem
1337 1899 1506 1948 mors,
1551 1883 1622 1937 ita
1672 1898 1768 1951 per
1813 1882 2082 1937 hominem

2201 1885 2434 1953 πατῆσαι
2469 1883 2717 1950 θάνατον,
2745 1884 2933 1938 ἐνώσει
2967 1887 3166 1956 φαμὲν,
3203 1887 3369 1957 ήγουν
3399 1888 3672 1957 κοινωνίᾳ,
3705 1890 3773 1958 τῇ

506 1994 720 2030 rursum
778 1988 860 2030 est
925 1979 1251 2031 resurrectio
1317 1985 1653 2030 mortuorum
1694 1975 1761 2027 '7.
1809 1994 1828 2026 ι
1889 1973 2085 2028 Verum

503 2068 646 2136 quod
702 2081 927 2121 mortem
977 2077 1275 2136 proterere,
1323 2082 1410 2120 res
1459 2077 1542 2120 est
1583 2066 1836 2119 humana:
1881 2073 2088 2117 natura:

510 2159 816 2212 facultatem
863 2159 1156 2222 excedens,
1193 2157 1349 2229 135
1379 2167 1664 2227 propterea
1711 2156 1801 2211 Dei
1850 2154 2085 2211 Verbum

2197 1974 2335 2045 πρὸς
2378 1976 2556 2045 σάρκα
2583 1992 2643 2028 τε
2684 1977 2777 2028 καὶ
2817 1972 2957 2046 αἷμα
2987 1977 3078 2030 τὸν
3121 1977 3215 2031 τοῦ
3255 1977 3388 2031 Θεοῦ
3420 1980 3593 2046 Λόγον
3621 1979 3776 2046 γενέ-

2197 2065 2319 2119 σθαι
2362 2067 2482 2120 καθ’
2522 2068 2670 2138 ἡμᾶς
2699 2067 3019 2137 ἄνθρωπονο
3067 2069 3554 2141 ἀπομεμενηκέναι
3592 2069 3650 2123 δὲ
3679 2071 3778 2124 καὶ

2193 2158 2336 2212 οὕτω
2365 2158 2596 2213 Θανάτου
2627 2161 2932 2232 κρείττονα’
2968 2160 3100 2224 Θεὸς
3128 2161 3236 2234 γὰρ
3263 2157 3330 2232 ἦν
3359 2163 3419 2214 ἐν
3449 2163 3632 2233 σαρκί.

491 2254 724 2317 ‘ttnioue,
767 2253 866 2307 hoc
897 2265 1002 2317 est,
1070 2270 1192 2308 eum
1261 2268 1428 2308 carne
1465 2262 1520 2308 et
1587 2253 1856 2323 sanguine
1919 2253 2434 2319 communicatione,
2487 2255 2648 2309 homo
2703 2255 2858 2312 nobis
2901 2255 3096 2310 similis
3141 2253 3394 2312 elleetum
3442 2267 3565 2310 est:
3597 2256 3671 2310 ita
3723 2255 3776 2309 id

509 2361 712 2412 tamen,
760 2359 818 2401 ut
871 2360 1045 2404 morte
1090 2350 1339 2419 superior
1376 2349 1738 2414 remanserit;
1783 2357 1902 2401 erat
1933 2349 2079 2404 enim
2115 2350 2253 2404 Deus
2292 2348 2344 2402 in
2382 2364 2567 2402 carne.

589 2441 653 2493 Χ.
709 2459 726 2490 ι
772 2440 1048 2508 Nusquam
1099 2441 1242 2494 enim
1284 2440 1504 2510 angelos
1555 2441 1931 2510 apprehendit,
1993 2440 2088 2494 sed

509 2546 693 2584 semen
727 2532 957 2584 Abralta:
987 2530 1361 2598 apprehendit.
1440 2528 1592 2582 Unde
1620 2528 1806 2582 debuit
1839 2543 1934 2597 per
1965 2543 2087 2581 0tn-

513 2624 599 2676 nia
631 2622 860 2675 fatrihns
893 2621 1183 2673 assitnilari
1209 2637 1224 2685 ;
1254 2629 1313 2674 ιιι
1340 2620 1654 2674 misericors
1685 2619 1840 2674 fieret
1873 2631 1927 2673 et
1954 2619 2088 2673 lide-

514 2715 579 2767 lis
612 2712 850 2781 pontifex
889 2712 953 2765 ad
986 2715 1176 2777 Deum,
1230 2723 1289 2767 ut.
1321 2713 1703 2782 reprOpitiaret
1749 2711 1944 2766 delicta
1993 2727 2090 2781 po-

514 2807 645 2875 puli.
669 2805 723 2858 ln
753 2820 860 2874 quo
884 2804 1027 2858 enim
1060 2819 1252 2874 passus
1277 2813 1360 2858 est
1387 2805 1500 2874 ipse
1524 2815 1577 2858 et
1602 2811 1861 2867 tentatus,
1899 2813 2093 2872 potens

512 2907 594 2950 est
625 2905 674 2947 et
703 2894 782 2948 eis
818 2895 907 2962 qui
935 2903 1237 2960 tentantur,
1271 2893 1523 2947 auxiliari
1546 2894 1613 2946 ³⁸.
1658 2913 1676 2946 ι
1720 2893 1812 2947 Dei
1855 2891 2091 2947 Verbum

515 2988 748 3040 Abraba:
778 3002 960 3040 semen
992 2986 1418 3055 apprehendisse
1468 2986 1788 3041 asserimns.
1852 2984 1986 3040 Nam
2009 3000 2095 3040 se-

521 3078 756 3131 cundum
786 3094 1003 3132 carnem
1039 3093 1104 3132 ex
1131 3076 1332 3132 Judwis
1367 3087 1543 3132 ortum
1588 3086 1690 3139 est,
1732 3086 1787 3134 et
1838 3075 2095 3131 fratribus

2268 2441 2322 2493 l'.
2365 2460 2383 2491 ι
2410 2441 2485 2493 Οὐ
2517 2441 2625 2511 γὰρ
2657 2441 2829 2511 δήπου
2858 2441 3105 2509 ἀγγέλων
3151 2439 3604 2510 ἐπιλαμϐάνεται,
3637 2439 3776 2492 ἀλλά

2202 2531 2515 2602 σπέρματος
2572 2532 2825 2603 Ἀϐραὰμ
2871 2532 3327 2603 ἐπιλαμϐάνεται.
3359 2532 3522 2586 Ὅθεν
3573 2530 3776 2600 ὤφειλε

2197 2623 2338 2676 κατά
2384 2626 2560 2677 πάντα
2589 2627 2701 2688 τοῖς
2735 2625 2981 2693 ἀδελφοῖς
3008 2625 3361 2697 ὁμοιωθῆναιο
3403 2625 3489 2679 ἴνα
3525 2625 3778 2696 ἐλεήμων

2197 2714 2421 2785 γένηται
2448 2717 2541 2768 καὶ
2575 2717 2762 2780 πιστὸς
2789 2717 3079 2790 ἀρχιερεὺς
3115 2719 3185 2772 τά
3224 2717 3359 2790 πρὸς
3392 2717 3481 2770 τὸν
3513 2717 3666 2782 Θεὸν,
3695 2719 3776 2780 είς

2195 2803 2255 2855 τὸ
2285 2803 2599 2858 ἱλάσκεσθαι
2643 2807 2762 2868 ταῖς
2793 2807 3088 2877 ἁμαρτίαις
3130 2805 3308 2877 ήμῶν.
3346 2807 3436 2860 Ἐν
3461 2800 3504 2874 ᾧ
3534 2807 3642 2877 7&9
3678 2807 3777 2859 πέ-

2197 2895 2391 2946 πονθεν
2429 2895 2591 2958 αὐτὸς
2633 2896 2980 2966 πειρασθεὶς,
3031 2897 3255 2951 δύναται
3290 2899 3404 2960 τοίς
3445 2897 3780 2966 πειραζομέ-

2197 3001 2307 3047 νοις
2356 2985 2639 3057 βοηθῆσαι.
2669 3006 2688 3038 ι
2739 2987 3060 3058 Σπέρματος
3109 2987 3360 3058 ’Δϐραὰμ
3409 2986 3778 3057 ἐπιλαμϐάνε-

2199 3074 2322 3128 σθαί
2353 3093 2530 3146 φαμεν
2558 3076 2648 3130 τὸν
2677 3077 2772 3130 τοῦ
2811 3077 2945 3130 Θεοῦ
2978 3078 3179 3146 Λόγονο
3211 3079 3378 3148 ἀνέφυ
3411 3079 3520 3149 7&9
3544 3077 3603 3144 ἐξ
3647 3079 3782 3132 ’1ου-

519 3187 614 3238 per
670 3170 849 3223 omnia
907 3170 1297 3232 assimilatum;
1350 3170 1451 3223 hoc
1498 3179 1616 3234 est,
1664 3167 1844 3222 servili
1890 3168 2095 3229 forma,

2201 3167 2365 3220 δαίων
2391 3169 2451 3221 τὺ
2477 3169 2615 3222 κατὰ
2647 3169 2843 3240 σάρκα,
2873 3172 2966 3224 καὶ
2992 3170 3249 3241 ὡμοιώθη
3282 3171 3423 3225 κατά
3454 3172 3634 3226 πάντα
3664 3173 3782 3234 τοῖς

514 3265 663 3333 juxta
699 3263 936 3331 Apostoli
969 3261 1268 3316 doctrinam
1295 3261 1361 3328 ⁸⁸,
1390 3271 1629 3331 sumpta,
1656 3259 1882 3316 aliorum
1915 3259 2092 3314 homi-

527 3372 652 3409 nmn
700 3371 849 3408 more
882 3354 1031 3408 nasci
1068 3355 1412 3421 dedignatum
1445 3370 1548 3408 non
1585 3363 1687 3407 est.
1733 3353 1845 3407 liae
1865 3353 2010 3406 enim
2037 3351 2101 3406 de

527 3461 691 3500 causa
722 3453 776 3500 et
807 3445 972 3500 Filius
1025 3446 1262 3499 hominis
1303 3447 1537 3509 exstitit,
1571 3455 1628 3498 et
1670 3459 1856 3498 eorum
1888 3445 1979 3513 qtti
2030 3459 2095 3496 ex

518 3540 730 3595 semine
783 3539 1014 3592 Abrahae
1063 3537 1402 3607 prodierant,
1434 3540 1536 3592 hoc
1587 3545 1690 3599 est,
1751 3552 1818 3590 ex
1850 3550 2016 3589 carne
2045 3545 2099 3587 et

521 3631 786 3699 sanguine
810 3631 1257 3692 constitutorum,
1285 3629 1452 3680 frater
1470 3627 1720 3681 effectum
1754 3637 1856 3682 est.
1882 3626 2102 3693 Ecquze-

525 3741 648 3776 nam
686 3725 879 3776 horum
929 3737 1093 3774 eausa
1121 3720 1367 3774 exstitit?
1415 3719 1530 3772 Non
1566 3718 1668 3770 alia
1705 3718 1969 3786 profecto,
2004 3717 2102 3783 ait,

522 3830 686 3884 quant
733 3825 818 3864 «ιιι
860 3813 1174 3866 misericors
1215 3811 1760 3880 lidelisquepOntilex
1803 3811 1856 3863 in
1886 3811 1951 3862 iis
1981 3822 2103 3876 qua!

524 3914 648 3958 sunt
678 3904 740 3958 ad
765 3904 948 3970 Deum,
985 3902 1186 3956 fieret.»
1230 3902 1478 3957 Christus
1514 3916 1747 3970 namque
1779 3899 2092 3968 pontilicem

524 4013 685 4066 supra
722 3989 935 4049 moduni
974 3996 1266 4061 benignum
1309 4004 1365 4048 ct
1401 3994 1813 4048 misericordem
1859 4006 1916 4046 se
1946 3990 2106 4044 nobis

524 4091 792 4144 exhibuit.
829 4089 1041 4143 Etenim
1097 4105 1219 4143 eum
1261 4087 1395 4158 legis
1432 4087 1608 4140 littera
1638 4086 1875 4152 peccatis
1898 4083 2105 4139 obstri-

527 4187 642 4230 ctos
677 4177 1026 4243 condemnet,
1053 4178 1493 4247 gravisslmaque
1529 4189 1688 4244 poena
1734 4175 1856 4228 illos
1884 4174 1974 4242 qui
2012 4173 2104 4226 Dei

530 4267 850 4321 mandatum
879 4267 1199 4334 violassent,
1227 4267 1541 4336 plectendos
1573 4266 1834 4319 decernat
1865 4282 1876 4314 :
1919 4282 1938 4314 ι
1981 4263 2108 4316 Irri-

535 4371 643 4414 tam
676 4361 820 4414 enim
849 4361 971 4428 quis
998 4360 1203 4414 faciens
1236 4359 1409 4428 legem
1443 4357 1671 4428 Moysis,
1705 4358 1823 4409 sine
1873 4356 1976 4408 ulla
2006 4355 2106 4407 mi-

531 4455 830 4517 seratione,
864 4451 1077 4505 duobus
1108 4449 1191 4503 vel
1234 4449 1410 4501 tribus
1442 4449 1670 4501 testibus
1702 4445 1932 4499 moritur
1960 4445 2005 4475 ⁹⁰
2035 4463 2048 4499 :
2087 4463 2106 4496 ι

2202 3259 2470 3328 ἀδελφοῖς,
2500 3261 2641 3315 κατά
2667 3279 2728 3329 γε
2757 3262 2817 3314 τὸ
2842 3263 3175 3332 ἀνασχέσθαι
3199 3262 3383 3315 λαϐεῖν
3408 3263 3508 3331 τὴν
3536 3261 3631 3315 τοῦ
3661 3262 3784 3315 δού-

2203 3351 2295 3405 λου
2332 3353 2563 3423 μορφὴν,
2597 3355 2691 3406 καὶ
2729 3354 2787 3405 ἐν
2813 3353 3118 3422 ὁμοιώματι
3156 3353 3460 3424 ἀνθρώπων
3493 3353 3778 3421 γενέσθαι.

2205 3445 2350 3499 καθά
2388 3463 2552 3514 φησιν
2581 3446 2609 3497 ὁ
2652 3444 2923 3517 μακάριος
2963 3444 3190 3507 Παῦλος.
3237 3445 3624 3516 Κεχρημάτικε
3671 3444 3784 3514 γὰρ

2205 3536 2347 3590 οὕτω
2394 3537 2524 3600 Υἱὸς
2573 3536 2883 3607 ἀνθρώπου,
2916 3537 3012 3590 καὶ
3043 3537 3267 3604 γέγονεν
3294 3535 3517 3604 ἁδελφὸς
3563 3537 3676 3598 τοῖς
3719 3538 3785 3587 ἐκ

2207 3629 2518 3698 σπέρματος
2552 3627 2820 3696 Ἀϐρααμ,
2849 3627 3015 3696 ⁸ήγουν
3039 3629 3151 3688 τοῖς
3175 3627 3231 3677 ἐν
3255 3626 3448 3696 αἵματι
3475 3625 3567 3678 καὶ
3595 3625 3782 3695 σαρκί.

2207 3721 2303 3782 Τίς
2332 3717 2424 3773 οὖν
2456 3719 2563 3790 ἄρα
2585 3720 2731 3772 ἐστὶν
2755 3720 2786 3788 ἡ
2815 3717 2964 3771 τοῦδε
2999 3719 3304 3788 πρόφασις;
3334 3719 3480 3772 «Ἵνα
3513 3717 3786 3788 ἐλεήμων,

2209 3812 2362 3882 φησὶ,
2412 3813 2658 3882 γένηται,
2705 3812 2798 3864 καὶ
2834 3800 3036 3874 ’πιστὸς
3079 3811 3372 3881 ἀρχιερεὺς
3410 3811 3478 3864 τὰ
3521 3809 3657 3880 πρὸς
3691 3810 3784 3863 τὸν

2209 3903 2361 3958 Θεὸν.
2394 3922 2414 3956 ι
2437 3902 2715 3973 Ἑλεήμων
2747 3901 2846 3972 μὲν
2880 3901 2986 3972 7&9
3024 3901 3315 3972 ἀρχιερεὺς
3348 3903 3426 3963 εἰς
3458 3903 3606 3971 ἡμᾶς
3629 3899 3789 3967 γέγο-

2209 4012 2298 4048 νεν
2323 3995 2351 4046 ὁ
2379 3995 2634 4065 Χριστὸς,
2665 3995 2740 4056 ὡς
2778 3992 2870 4046 τοῦ
2901 3991 3128 4062 νομικοῦ
3159 3993 3488 4062 γράμματος
3518 3991 3786 4061 κατακρί-

2211 4103 2390 4148 νοντος
2407 4087 2531 4148 τοὺς
2553 4084 2958 4156 ἡμαρτηκότας,
2980 4085 3074 4136 καὶ
3090 4083 3189 4155 τὴν
3207 4082 3302 4135 τοῦ
3339 4082 3663 4150 κολάζεσθαι
3679 4082 3792 4134 δεῖν

2211 4178 2563 4249 ἐπιφέροντος
2607 4177 2784 4247 ψῆφον
2821 4180 2934 4240 τοῖς
2974 4176 3071 4247 τὴν
3111 4176 3258 4228 θείαν
3299 4175 3658 4245 ἀτιμάζουσιν
3702 4175 3790 4227 ἐν·

2211 4271 2411 4342 τολὴν..
2443 4290 2461 4322 ι
2503 4269 2800 4338 Ἀθετήσας
2840 4269 2946 4338 γάρ
2982 4284 3064 4330 τις
3109 4268 3270 4336 νόμον
3315 4267 3588 4330 Μωσέως,
3625 4271 3794 4337 χωρὶς

2213 4361 2515 4431 οἰκτιρμῶν
2543 4361 2635 4413 ἐπὶ
2663 4359 2814 4412 δυσὶν
2843 4360 2876 4430 ἢ
2910 4359 3056 4429 τρισὶ
3085 4359 3353 4428 μάρτυσιν
3378 4357 3711 4428 ἀποθνήσκει
3730 4374 3744 4387 ’
3769 4376 3788 4408 ι

2214 4453 2414 4506 δικαιοῖ
2451 4469 2516 4520 γε
2563 4451 2668 4522 μὴν
2698 4453 2756 4502 ἐν
2787 4450 2969 4503 πίστει
2995 4449 3250 4521 Χριστὸς,
3283 4450 3376 4502 καὶ
3406 4448 3515 4502 τῶν
3548 4448 3797 4518 ἀρχαίων

528 4543 780 4598 Christus
847 4557 942 4611 per
1009 4542 1167 4597 fidem
1226 4539 1506 4609 jnstillcat,
1569 4552 1767 4606 eosque
1826 4538 1914 4606 qui
1974 4536 2095 4604 laps?

2220 4544 2560 4614 αἰτιαμάτων
2593 4543 2778 4612 ἀνίησι
2810 4542 2936 4605 τοὺς
2968 4541 3359 4612 ἠσθενηκότας.
3388 4540 3587 4608 Γέγονε
3617 4540 3798 4592 τοίνυν

529 4646 677 4702 sunt,
708 4650 737 4688 a
774 4634 1050 4689 veteribus
1079 4633 1256 4702 culpis
1283 4631 1538 4686 absolvit.
1577 4629 1776 4683 Fartus
1802 4637 1885 4684 est
1930 4627 2116 4694 itaque

535 4727 852 4781 misericors
877 4725 1146 4796 pontifex,
1175 4733 1363 4793 utpote
1399 4722 1626 4792 legalem
1661 4721 1808 4776 illam
1839 4719 2112 4775 severita-

533 4826 640 4870 tem
662 4818 865 4872 diutius
883 4817 1066 4872 valere
1088 4832 1196 4871 non
1221 4816 1427 4871 sinens.

607 4909 697 4962 Kl.
739 4907 941 4962 Fidelis
992 4921 1124 4961 vero
1175 4906 1451 4976 pontifex;
1511 4903 1768 4977 quoniam
1826 4913 2120 4974 perpetuus

535 5014 600 5054 ac
634 5006 913 5061 constans,
949 4996 1413 5066 dignissimusque
1471 4995 1629 5065 cujus
1674 4993 1959 5064 promissis
1991 4992 2120 5046 lides

537 5089 822 5144 habeatur.
888 5086 963 5140 De
993 5085 1259 5154 legalibus
1311 5096 1490 5139 autent
1537 5084 1912 5140 sacerdotibus
1963 5083 2122 5150 longe

538 5180 720 5245 aliter,
744 5176 1006 5246 Apostolo
1061 5188 1226 5242 teste,
1285 5191 1373 5232 res
1408 5178 1592 5231 habet.
1636 5196 1678 5244 ι,
1701 5176 1769 5230 Ει
1797 5177 1885 5230 alii
1922 5175 2120 5247 (inquit

540 5271 606 5341 is)
640 5272 829 5341 plures
869 5269 995 5325 lacti
1031 5278 1160 5325 sunt
1188 5269 1524 5332 sacerdotes,
1557 5269 1758 5322 idcirco
1798 5269 1939 5337 quod
1977 5283 2120 5320 mor-

540 5371 593 5416 te
629 5362 1050 5430 prohiberentur
1113 5375 1473 5432 permanere:
1528 5361 1614 5414 hic
1663 5370 1839 5412 autem
1881 5374 1946 5413 eo
1979 5360 2119 5428 quod

541 5462 759 5504 maneat
800 5451 1157 5514 ina-ternum,
1194 5450 1584 5518 sempiternum
1643 5449 1807 5502 habet
1860 5449 2119 5504 sacerdoo

543 5542 702 5594 tium.
727 5539 882 5596 Unde
909 5543 1121 5597 salvare
1145 5543 1198 5597 in
1225 5550 1541 5612 perpetuum
1573 5550 1752 5608 potest
1800 5539 2123 5593 accedentes

545 5645 643 5699 per
671 5632 845 5701 ipsum
873 5635 936 5685 ad
965 5632 1176 5704 Deum;
1235 5647 1452 5702 semper
1502 5632 1694 5685 vivens
1749 5632 1816 5686 ad
1862 5621 2124 5701 interpel-

618 5804 666 5837 “
691 5805 713 5858 ι
737 5806 866 5861 Cor.
896 5822 982 5872 xv,
1005 5807 1096 5858 εξ.
1176 5807 1218 5838 ⁸⁷
1255 5807 1386 5860 ibid.
1411 5807 1497 5860 ‘Zl.

1581 5808 1625 5838 ⁸³
1663 5807 1827 5861 llebr.
1861 5821 1922 5871 ιι,
1959 5805 2143 5860 lli-l8.

2220 4637 2468 4707 ἐλεήμων
2506 4635 2825 4706 ἀρχιερεὺς,
2855 4632 3037 4686 οὐκέτι
3084 4631 3180 4696 τάς
3225 4631 3457 4702 νομικὰς
3491 4631 3801 4702 ἀποτομίας

2222 4731 2446 4803 κρατεῖν
2476 4729 2807 4800 ἐπιτρέπων.

2286 4909 2390 4962 lA'.
2430 4907 2627 4971 Πιστὸς
2669 4907 2758 4970 δὲ,
2807 4907 2890 4960 ὃτι
2932 4907 3179 4978 μόνιμος,
3241 4908 3335 4960 καί⁵
3380 4905 3670 4976 διηνεκὴς,
3707 4905 3804 4958 καὶ

2219 4999 2515 5070 ἀξιόχρεως
2542 4999 2622 5060 εἰς
2651 4998 2833 5050 πίστιν
2859 4999 2966 5050 τῶν
2995 4996 3439 5067 ἐπηγγελμένων.
3457 4996 3546 5059 Ὠς
3573 4996 3681 5066 γάρ
3708 4995 3805 5048 αὑ-

2220 5092 2310 5154 τός
2347 5108 2448 5143 που
2487 5089 2649 5142 πάλιν
2688 5088 2852 5158 φησιν
2892 5091 2920 5141 ὁ
2951 5087 3238 5152 θεσπέσιος
3278 5085 3492 5150 Παῦλος
3526 5086 3655 5156 περὶ
3689 5085 3799 5138 τῶν

2226 5181 2369 5235 κατὰ
2414 5182 2611 5250 νόμους
2660 5180 2887 5250 ἱερέων,
2938 5197 2954 5229 ι
2990 5179 3100 5232 Καὶ
3132 5179 3182 5229 οἱ
3221 5177 3320 5247 μέν
3371 5175 3614 5238 πλείονες
3664 5175 3806 5227 είσὶν

2231 5275 2394 5343 ἱερεῖς
2432 5273 2734 5341 γεγονότες,
2771 5271 2858 5324 διὰ
2887 5271 2948 5324 τὸ
2981 5269 3058 5339 τῷ
3101 5268 3318 5339 θανάτῳ
3353 5265 3662 5320 κωλύεσθαι
3697 5283 3807 5318 πα-

2235 5363 2488 5434 ραμένειν
2509 5379 2521 5392 ⁸
2553 5365 2581 5416 ὁ
2611 5364 2667 5416 δὲ
2700 5361 2787 5416 διά
2834 5362 2892 5414 τδ
2924 5362 3104 5431 μένειν
3135 5361 3296 5414 αὑτὸν
3339 5360 3418 5424 είς
3467 5359 3558 5412 τὸν
3601 5358 3807 5422 αἰῶνα,

2232 5455 2586 5526 ἀπαράϐατον
2625 5454 2737 5524 ἔχει
2787 5455 2886 5523 τὴν
2929 5453 3261 5524 ίερωσύνην’
3309 5453 3432 5505 ὅθεν
3471 5452 3566 5505 καὶ
3616 5450 3809 5503 σώζειν

2234 5547 2312 5606 εἰς
2337 5545 2397 5596 τὸ
2427 5545 2684 5607 παντελὲς
2715 5542 2935 5595 δύναται
2963 5543 3088 5598 τοὺς
3119 5541 3592 5612 προσερχομένους
3622 5539 3689 5592 δι’
3717 5540 3814 5594 αὐ-

2232 5635 2327 5687 τοῦ
2371 5634 2448 5704 τῷ
2479 5634 2617 5704 Θεῷ,
2652 5635 2881 5688 πάντοτε
2921 5632 3030 5697 ζῶν
3059 5635 3139 5696 εἰς
3182 5633 3244 5685 τὸ
3283 5632 3634 5702 ἐντυγχάνειν
3672 5629 3811 5700 ὑπὲρ

2221 5807 2268 5838 ⁸⁹
2297 5806 2526 5878 Philipp.
2567 5825 2625 5873 ιι,
2663 5811 2712 5863 7.
2773 5810 2838 5858 κη
2875 5811 3036 5865 Hebr-
3073 5809 3236 5877 x,'?.8.
