4076 6420
340 445 488 502 13‘4’9

1156 445 1247 498 AD
1288 443 1586 500 REGINAS
1626 443 1713 497 DE
1749 440 1982 496 RECTA
2016 439 2175 496 FIDE
2212 439 2467 496 ORATIO
2509 437 2802 495 ALTERA.

3465 441 3601 499 £550

325 564 549 623 αὐτῶν.
577 584 595 618 ι
634 565 822 636 Ἀθρει
863 565 948 632 δὲ,
980 565 1127 626 ὅπως
1176 567 1274 619 οὑκ
1313 571 1392 629 είς
1443 566 1765 636 κατάκρισιν
1815 565 1927 618 τῶν

2031 566 2248 620 landum
2287 581 2384 634 pro
2413 565 2492 619 eis
2525 565 2592 618 9‘.
2625 582 2643 613 ι
2691 561 2932 616 Observa
2963 561 3072 625 hic,
3097 561 3372 630 quomodo
3399 564 3593 618 nonad

347 655 748 726 ἡμαρτηκότων
793 655 1014 724 γέγονεν
1061 656 1368 728 ἀρχιερεὺς,
1399 659 1478 720 εἰς
1506 657 1566 710 τὸ
1609 657 1923 710 ἱλάσκεσθαι

344 746 403 800 δὲ
432 747 634 816 μᾶλλον
670 749 787 811 ταῖς
830 749 1126 819 ἁμαρτίαις
1157 749 1354 802 αὐτῶν.
1394 750 1453 803 ’0
1484 749 1540 802 δέ
1579 766 1640 817 γε
1674 749 1766 802 τοῦ
1801 766 1922 802 πει-

348 837 563 906 ρασμοῦ
595 838 689 890 καὶ
721 839 820 907 τῆς
851 839 1041 902 θυσίας
1079 841 1260 902 ὁποῖος
1300 841 1364 892 ἂν
1395 841 1480 907 εἴη
1512 841 1738 910 τρόπος;
1777 857 1796 892 ι
1837 841 1924 892 Ἐν

345 922 413 995 ᾧ,
459 928 624 996 φησι,
672 929 938 982 πέπονθεν
972 929 1131 993 αὐτὸς
1178 931 1518 1000 πειρασθεὶς,
1553 930 1770 984 δύναται
1813 932 1925 993 τοῖς

349 1017 770 1088 πειραζομένοις
836 1021 930 1073 καὶ
976 1020 1306 1091 βοηθῆσαι.»
1358 1023 1756 1093 Διεκαρτέρησε
1815 1023 1924 1093 γὰρ

346 1109 766 1180 πειραζόμενος,
798 1113 893 1164 καὶ
928 1112 1185 1181 ὑπέμεινε
1217 1114 1466 1183 σταυρόν.
1501 1113 1646 1182 Πλὴν
1677 1113 1869 1166 ἑαυτὸν
1896 1114 1924 1164 6

345 1199 476 1262 Υἱὸς
517 1201 592 1264 ὡς
623 1201 853 1272 ἄμωμον
889 1204 1082 1271 ἱερεῖον
1112 1205 1518 1274 προσκεκόμικε
1557 1205 1633 1272 τῷ
1667 1203 1784 1272 Θεῷ
1832 1204 1924 1256 καὶ

334 1293 546 1361 εΠατρὶ,
586 1293 678 1345 ἵνα
703 1292 791 1345 διὰ
824 1293 923 1361 τῆς
955 1295 1150 1348 ἑαυτοῦ
1183 1296 1383 1366 σαρκός
1415 1295 1655 1366 βοηθήσῃ
1686 1299 1797 1358 τοῖς
1826 1296 1924 1348 κά-

348 1399 544 1452 μνουσι
583 1384 676 1435 καὶ
711 1385 1148 1454 πειραζομένοις.
1186 1406 1204 1438 t
1233 1389 1350 1458 Μιᾷ
1378 1388 1486 1458 γάρ
1514 1388 1798 1457 προσφορᾷ
1838 1404 1925 1440 τε-

345 1474 633 1527 τελείωκεν
671 1476 756 1538 είς
796 1477 854 1528 τὸ
886 1477 1130 1548 διηνεκὲς
1159 1481 1286 1543 τοὺς
1319 1481 1736 1549 ἁγιαζομένους.
1762 1498 1779 1528 ι
1815 1480 1924 1532 Αύ-

345 1565 436 1624 τδς
463 1561 556 1618 οὖν
581 1567 688 1636 ἄρα
708 1567 936 1634 ’γέγονεν
963 1571 1251 1640 ἀρχιερεὺς
1280 1571 1420 1624 κατὰ
1449 1572 1509 1623 τὸ
1561 1569 1920 1640 ἀνθρώπινον,

345 1655 522 1710 καίτοι
563 1657 714 1727 παρὰ
775 1659 992 1712 πάντων
1031 1661 1129 1724 τὰς
1164 1660 1356 1726 Θυσίας
1392 1662 1674 1732 δεχόμενος
1703 1661 1917 1724 Οεῖκῶς.

335 1747 517 1811 Αὐτὸς
545 1749 605 1801 τὸ
641 1749 785 1818 θῦμα
816 1749 957 1802 κατὰ
981 1751 1079 1821 τὴν
1112 1753 1308 1823 σάρκα.
1338 1754 1506 1816 Αὐτὸς
1537 1755 1565 1806 6
1601 1755 1718 1814 ταῖς
1745 1753 1924 1822 ἁμαρ-

331 1840 487 1902 ττίαις
526 1839 685 1910 ἡμῶν
731 1839 1080 1910 ἱλασκόμενος
1113 1843 1254 1896 κατά
1283 1861 1347 1912 γε
1379 1845 1479 1915 τὴν
1537 1844 1789 1913 θεότητος
1827 1842 1920 1896 δύ-

345 1948 509 2001 ναμιν
536 1941 582 1983 P.
616 1925 710 1993 Εἷς
739 1925 833 1983 οὖν
872 1931 980 2002 ἄρα
1016 1932 1220 2004 Κύριος
1258 1935 1461 2004 Ἰησοῦς
1487 1936 1742 2006 Χριστός.

2027 672 2212 712 eorum
2241 657 2330 725 qui
2357 656 2593 725 peccatis
2625 670 2682 708 se
2741 653 3145 707 obstrinxerant
3199 654 3604 708 condemnatio-

2029 762 2150 801 nem
2178 746 2419 816 pontifex
2465 746 2638 800 factus
2671 747 2764 811 sil,
2797 747 2891 801 sed
2954 745 3130 814 potius
3168 746 3233 797 ad
3278 745 3597 798 delictormn

2028 839 2338 892 eorumdem
2393 838 2766 907 purgationem
2822 851 2886 890 ac
2931 837 3384 905 propitiationem.
3441 837 3603 906 136

2027 929 2136 982 Sed
2171 928 2373 997 qualis,
2400 943 2604 997 qumso,
2661 943 2782 982 cum
2816 929 3154 990 teutationis,
3193 936 3303 980 tmn
3337 930 3593 983 sacrificii

2025 1036 2240 1089 quoque
2277 1021 2420 1076 illius
2465 1021 2654 1074 modus
2705 1021 2964 1074 exstitit?
3020 1021 3111 1072 Ait
3149 1036 3414 1088 namque:
3469 1042 3487 1074 ‹
3544 1021 3597 1074 Id

2025 1127 2132 1180 quo
2157 1127 2347 1180 passus
2365 1122 2446 1166 est
2466 1113 2579 1180 ipse
2603 1123 2653 1165 et
2687 1122 2945 1176 tentatus,
2981 1122 3171 1181 potens
3197 1123 3280 1168 est
3311 1126 3364 1168 et
3385 1117 3467 1169 eis
3506 1116 3598 1184 qui

2027 1214 2322 1266 tentantur,
2350 1203 2613 1256 ~auxiliari
2645 1205 2712 1256 ".
2758 1223 2776 1253 ι
2832 1206 2977 1258 Sane
3037 1215 3276 1259 tentatus
3332 1207 3590 1272 perstitit,

2026 1303 2080 1346 et
2112 1293 2290 1347 crucis
2324 1293 2648 1362 supplicium
2696 1295 2965 1361 patienter
3010 1295 3290 1348 sustinuit.
3327 1296 3596 1349 Caeterum

2026 1381 2195 1437 Filius
2228 1383 2336 1437 Deo
2368 1393 2422 1436 et
2459 1383 2603 1436 Patri
2649 1385 2982 1450 impollutum
3033 1385 3364 1438 sacrificium
3402 1396 3600 1440 Semel.-

2026 1473 2202 1542 ipsum
2254 1475 2484 1539 obtulit;
2535 1489 2724 1543 nempe
2771 1490 2876 1542 quo
2929 1491 3024 1544 per
3057 1479 3325 1546 propriam
3378 1493 3598 1532 carnem

2027 1579 2182 1634 opem
2222 1565 2328 1619 illis
2361 1566 2504 1618 ferre
2535 1576 2740 1632 posset,
2771 1567 2860 1634 qui
2894 1582 3014 1620 cum
3047 1568 3306 1620 molestiis
3335 1580 3386 1621 et
3418 1576 3596 1621 tenta-

2029 1655 2267 1711 tionibus
2290 1657 2691 1710 covillietantur.
2731 1674 2750 1706 ι
2805 1655 2921 1710 Una
2965 1658 3108 1710 enim
3147 1659 3416 1712 oblatione
3465 1677 3599 1713 con-

2027 1749 2319 1801 summavit
2372 1749 2425 1800 in
2459 1748 2848 1816 sempiternum
2895 1749 3265 1804 sanetilicatos
3284 1751 3348 1804 ”.
3391 1771 3410 1803 ι
3475 1752 3595 1821 Ipse

2027 1840 2252 1908 proinde
2304 1841 2602 1893 secundum
2668 1839 2962 1893 humanam
3015 1853 3260 1896 naturam
3316 1844 3488 1897 factus
3517 1853 3602 1898 est

2025 1931 2287 2002 pontifex,
2323 1947 2656 2001 quanquam,
2712 1943 2770 1986 ut
2814 1935 2952 1987 Deus
2984 1944 3094 1995 est,
3126 1936 3191 1987 ab
3229 1937 3479 1991 υιιιιιξὺιιε
3521 1937 3598 1990 illi

345 2026 705 2082 sacrificetur.
731 2027 847 2094 Ipse
911 2037 1014 2093 est,
1069 2031 1158 2098 qui
1219 2033 1514 2086 secundum
1547 2046 1766 2086 carnem
1820 2029 1994 2084 factus
2031 2039 2114 2082 est
2143 2028 2386 2083 victima.
2420 2028 2538 2096 lpse
2579 2029 2719 2083 idem
2773 2044 2988 2083 rursum
3014 2040 3120 2095 est,
3150 2031 3241 2097 qui
3301 2034 3597 2085 secundum

345 2119 644 2174 divinitatis
684 2119 1086 2190 auctoritatem,
1117 2126 1360 2194 peccatis
1393 2126 1594 2181 nostris
1635 2125 1899 2196 propitius
1938 2139 1999 2179 ac
2024 2123 2266 2180 clemens
2293 2131 2397 2178 est.
2431 2123 2578 2179 Unus
2613 2132 2698 2178 est
2753 2137 2882 2194 ergo
2941 2123 3203 2180 Dominus
3259 2123 3416 2180 Jesus
3439 2127 3603 2182 Chri-

331 2223 482 2268 stus.

417 2306 517 2361 IB'.
567 2326 586 2360 ι
629 2308 819 2380 Ὑμεῖς
876 2312 1233 2382 προσκυνεῖτε
1281 2309 1340 2363 ὃν
1370 2310 1470 2363 ούκ
1513 2310 1728 2362 οἴδατε·
1757 2311 1920 2379 ἡμεῖς

344 2399 758 2470 προσκυνοῦμεν
801 2402 861 2456 ὃν
900 2404 1124 2473 οἴδαμεν
1148 2419 1162 2435 ·
1216 2402 1298 2454 ὅτι
1347 2401 1380 2470 ἡ
1421 2401 1666 2472 σωτηρία
1713 2403 1776 2454 ἐκ
1814 2400 1921 2453 τῶν

359 2490 628 2544 Ἰουδαίων
657 2493 827 2546 ἐστί.»
859 2494 997 2563 Φαίη
1023 2511 1106 2556 τις
1133 2492 1199 2546 ἂν
1229 2492 1381 2557 ἴσως,
1409 2492 1752 2562 ἀνάρμοστον
1781 2487 1920 2544 εἶναι

333 2580 412 2652 τῇ
447 2580 566 2652 θείᾳ
598 2584 689 2636 καὶ
722 2584 983 2637 ἀνωτάτω
1010 2583 1103 2636 τοῦ
1144 2584 1320 2650 Λόγου
1366 2582 1526 2650 φύσει
1568 2581 1629 2634 τὸ
1674 2597 1919 2652 προσκυ-

343 2675 477 2726 νεῖν.
505 2669 639 2727 Εἶτα
681 2673 818 2736 πῶς,
849 2676 1006 2745 εἴπερ
1032 2675 1151 2726 ἐστὶ
1179 2674 1310 2737 Θεὸς
1351 2673 1568 2744 άληθῶς
1603 2674 1632 2726 ὁ
1665 2673 1922 2743 Χριστὸς,

343 2763 538 2817 ἑαυτὸν
565 2767 678 2828 τοῖς
727 2765 1004 2834 ὀφείλουσι
1053 2768 1379 2836 προσκυνεῖν
1419 2767 1613 2836 ὁρᾶται
1663 2783 1921 2820 συντετα-

339 2852 492 2924 χὼς;
529 2854 594 2906 Τί
642 2852 735 2908 οὖν
769 2855 874 2926 ἄρα
906 2856 1040 2926 πρὸς
1070 2855 1228 2908 τοῦτό
1256 2873 1434 2924 φαμεν
1461 2874 1476 2922 ;
1506 2856 1568 2908 ΕΞ
1610 2856 1710 2925 μὲν
1739 2859 1918 2926 γυμνῇ

344 2948 412 3016 τῇ
454 2945 667 3016 θεότητι
721 2946 812 3000 τὸν
859 2949 923 2999 ὲκ
978 2945 1113 2998 Θεοῦ
1161 2945 1376 3016 Πατρός
1425 2946 1704 3016 πεφηνότα
1749 2946 1920 3013 Λόγον

345 3036 572 3106 ἀφῖχθαι
607 3037 935 3107 πιστεύομεν
983 3039 1060 3100 εἰς
1107 3035 1257 3089 τόνδε
1285 3035 1377 3088 τὸν
1416 3036 1639 3105 κόσμον,
1672 3037 1919 3107 ἀνάρμο-

349 3144 470 3180 στον
506 3127 698 3199 κομιδῇ
738 3128 799 3180 τὸ
829 3128 1015 3199 χρῆμα
1053 3125 1227 3196 αὐτῷ’
1259 3130 1644 3198 προσκυνεῖται
1681 3127 1736 3180 δὲ
1780 3127 1918 3197 μᾶλ-

2099 2308 2196 2363 Xll
2229 2327 2247 2360 ι
2290 2310 2397 2364 Vos
2433 2309 2674 2363 adoratis
2700 2322 2858 2378 quem
2897 2310 3152 2377 nescitis;
3180 2327 3280 2366 nos
3312 2315 3601 2370 adoramus

2027 2417 2186 2472 quem
2220 2403 2449 2469 scimus;
2484 2403 2609 2470 quia
2652 2402 2799 2456 salus
2831 2417 2895 2456 ex
2924 2401 3122 2458 Judmis
3150 2416 3231 2459 est
3260 2406 3326 2458 ’⁸.
3363 2427 3380 2459 ι
3433 2408 3597 2477 Obje-

2028 2494 2163 2547 cerit
2201 2493 2448 2546 fortassis
2498 2494 2586 2547 hic
2642 2493 2932 2562 quispiam,
2983 2493 3211 2548 alterum
3255 2499 3481 2553 adorato
3542 2502 3598 2556 in

2027 2599 2330 2652 supremam
2392 2585 2535 2637 illam
2565 2585 2912 2652 divinamque
2967 2585 3124 2638 Verbi
3160 2596 3404 2642 naturam
3437 2592 3600 2646 mini-

2027 2689 2113 2728 me
2165 2677 2476 2730 convenire.
2512 2675 2568 2729 Si
2621 2689 2750 2744 ergo
2805 2675 3056 2731 Christus
3100 2693 3260 2733 verus
3307 2679 3446 2735 Dens
3496 2694 3598 2748 est,

2024 2769 2296 2837 quomodo
2344 2769 2485 2822 inter
2531 2783 2624 2822 eos
2671 2783 2791 2823 sese
2821 2779 3202 2835 connumerat,
3240 2771 3329 2838 qui
3369 2774 3599 2829 adorare

2027 2860 2257 2914 debent?
2287 2859 2677 2928 Quid,qua:so,
2713 2862 2778 2914 ad
2811 2860 2953 2914 istud
2989 2862 3469 2930 respondebimus?
3535 2863 3598 2922 Si

2023 2950 2168 3002 enim
2208 2950 2299 3003 Dei
2326 2949 2503 3004 Patris
2533 2949 2770 3004 Verbum
2796 2966 2917 3003 cum
2956 2951 3094 3002 nuda
3137 2952 3358 3020 solaque
3392 2954 3592 3008 divini-

2022 3047 2134 3092 tate
2168 3041 2219 3092 in
2256 3040 2514 3092 mundum
2558 3040 2882 3109 apparuisse
2912 3039 3208 3105 credimus,
3256 3041 3595 3116 nulloanodo

2023 3133 2251 3187 alterum
2287 3132 2516 3186 adorare
2564 3132 2637 3185 illi
2681 3133 2991 3187 conveniet.
3028 3131 3206 3202 Ipsum
3241 3150 3469 3202 namque
3498 3139 3595 3190 ad-

347 3218 458 3280 λον,
485 3219 628 3289 ἥπερ
655 3219 814 3282 αὐτὸς
843 3221 1012 3291 ἑτέρῳ
1055 3221 1361 3290 προσκυνεῖ.
1389 3220 1453 3272 El
1476 3219 1532 3272 δὲ
1564 3218 1776 3290 μορφὴν
1801 3218 1921 3272 δού-

2024 3229 2212 3271 oratur
2262 3220 2464 3283 verius,
2535 3235 2695 3288 quam
2735 3220 2898 3272 alium
2959 3236 3333 3292 quemcunque
3383 3226 3593 3280 adorat.

346 3310 441 3362 λου
473 3309 672 3375 λαϐὼν,
707 3312 798 3364 καὶ
842 3310 943 3379 τῆς
973 3311 1383 3380 προσκυνούσης
1416 3309 1831 3380 άνθρωπότητος
1857 3311 1921 3362 τὸ

346 3404 548 3474 μέτρον
579 3404 679 3456 οὐκ
714 3404 1006 3474 ἀτιμάσας,
1036 3404 1439 3475 κεχρημάτικεν
1469 3403 1581 3465 υίὸς
1605 3401 1915 3471 ἀνθρώπου·

349 3495 382 3563 ή
415 3493 784 3564 προσκύνησις
823 3493 974 3548 ἔσται
1005 3493 1104 3563 τῆς
1136 3493 1442 3563 οἰκονομίας
1462 3534 1475 3556 ,
1507 3493 1599 3545 καὶ
1637 3493 1922 3562 πρέπουσα

351 3585 551 3654 μᾶλλον
589 3587 701 3647 τοῖς
733 3587 832 3654 τῆς
871 3583 1153 3646 κενώσεως
1199 3583 1438 3656 μέτροις,
1464 3584 1564 3637 οὐκ
1601 3585 1735 3654 αὐτῇ
1781 3583 1923 3637 κατὰ

351 3678 519 3746 μόνας
554 3679 620 3748 τῇ
664 3676 823 3744 φύσει
852 3675 946 3729 τοῦ
975 3678 1170 3744 Λόγου.
1215 3675 1365 3730 Ἐπεὶ
1405 3675 1522 3740 πῶς
1556 3679 1619 3730 ὲκ
1645 3673 1753 3728 τῶν
1787 3677 1922 3728 Ἰου-

344 3769 508 3821 δαίων
550 3769 700 3821 ἐστὶν
746 3769 780 3838 ή
819 3769 1088 3839 σωτηρία;
1119 3769 1192 3822 Οὐ
1238 3769 1346 3838 γάρ
1390 3785 1490 3821 που
1526 3767 1658 3838 φαίη
1698 3785 1782 3829 τις
1829 3765 1920 3830 ἂν,

349 3857 484 3912 καθό
512 3859 712 3911 νοεῖται
752 3859 847 3910 καὶ
891 3856 1005 3909 ἔστι
1034 3857 1224 3924 Λόγος,
1261 3855 1322 3919 ἐξ
1355 3855 1622 3908 Ἰουδαίων
1658 3855 1922 3925 ὑπάρχειν

348 3951 509 4004 αὐτόν
529 3967 542 3980 ’
580 3949 715 4004 ἀλλὰ
755 3947 997 4018 καθάπερ
1028 3949 1144 4000 ἐστὶ
1176 3951 1288 4010 τοῖς
1321 3949 1378 4001 ὲν
1413 3948 1578 4017 σαρκὶ
1607 3949 1700 4000 καὶ
1729 3948 1922 4015 αἵματι

347 4042 584 4109 γεγονὼς
622 4039 867 4108 ἁδελφὸς,
894 4037 984 4090 διά
1018 4055 1100 4089 τοι
1132 4036 1191 4089 τὸ
1220 4034 1570 4088 ἐπιλαϐέσθαι
1613 4033 1921 4104 σπέρματος

361 4132 632 4202 Ἀϐραάμ.
662 4127 755 4194 Εἷς
785 4129 878 4184 οὖν
912 4130 1020 4200 ἄρα
1052 4127 1306 4198 Χριστὸς,
1343 4126 1448 4180 κᾶν
1483 4128 1804 4195 προσκυνεῖν
1833 4123 1919 4176 Λέ-

347 4241 508 4296 γηται
534 4224 622 4278 διὰ
652 4234 680 4273 τι
711 4222 768 4276 τὸ
797 4220 1156 4292 ἀνορώπινον,
1199 4218 1378 4271 καίτοι
1409 4218 1560 4287 παρὰ
1599 4216 1780 4286 πάσης
1821 4214 1922 4284 τῆς

348 4318 574 4377 κτίσεως
613 4313 1082 4385 προσκυνούμενος
1109 4310 1182 4373 ὼς
1208 4309 1358 4372 Θεός.

418 4496 518 4549 ll".
543 4513 560 4546 ι
585 4493 703 4545 Ἔτι
721 4491 913 4562 μικρὸν
931 4489 1118 4561 χρόνον
1139 4487 1258 4559 μεθ’
1280 4487 1431 4556 ὑμῶν
1449 4486 1584 4554 εἰμι,
1607 4483 1702 4537 καὶ
1723 4481 1920 4552 ὑπάγω

2022 3309 2172 3376 Quod
2239 3309 2284 3364 si
2354 3309 2542 3364 forma:
2581 3325 2740 3380 quam
2799 3321 3136 3380 susceperat,
3202 3313 3590 3381 humilitatem,

2021 3400 2404 3468 adorantisque
2433 3410 2639 3455 natura:
2695 3401 3032 3455 conditiones
3089 3417 3196 3456 non
3247 3417 3580 3468 aversatum,

2022 3489 2258 3544 hominis
2279 3489 2420 3544 ﬁlius
2448 3489 2696 3544 effectum
2747 3499 2850 3555 est,
2884 3489 2993 3560 jam
3021 3508 3152 3546 sane
3199 3495 3443 3548 adoratio
3489 3497 3601 3551 dis-

2021 3582 2357 3652 pensationis
2385 3581 2585 3647 ordini,
2618 3582 3110 3650 exinanitionisque
3138 3584 3438 3637 conditioni
3459 3600 3594 3640 ccu-

2022 3683 2212 3744 gruet;
2253 3673 2409 3729 Verbi
2439 3684 2618 3729 autem
2650 3683 2856 3728 natura:
2880 3687 3124 3728 seorsum
3170 3689 3266 3743 per
3306 3691 3365 3730 se
3413 3678 3596 3730 consi-

2023 3767 2246 3831 derate,
2288 3780 2653 3834 nequaquam.
2688 3764 2820 3819 Nam
2855 3767 2957 3820 nisi
2988 3768 3090 3820 boe
3139 3775 3432 3831 statuatur,
3460 3783 3598 3836 quo-

2024 3857 2184 3908 modo
2211 3855 2356 3908 salus
2383 3871 2447 3908 ex
2479 3854 2677 3908 Judzcis
2717 3870 2841 3909 esse
2871 3856 3093 3922 intelligi
3152 3858 3364 3923 potest?
3395 3855 3584 3926 Neque

2021 3945 2163 3997 enim
2191 3945 2371 3997 dicere
2393 3945 2474 3998 fas
2503 3954 2606 4005 est,
2642 3944 2874 3998 Verbum
2907 3945 3206 3998 secundum
3235 3945 3376 4010 quod
3406 3961 3502 4013 per
3526 3962 3592 4000 se

2021 4027 2503 4088 consideratur,ex
2533 4025 2734 4081 Judaeis
2777 4041 2946 4081 esse:
3003 4036 3088 4080 est
3137 4039 3318 4082 autem
3359 4044 3425 4082 ex
3463 4029 3592 4094 illis,

2021 4129 2288 4188 quatenus
2322 4134 2508 4172 eorum
2567 4119 2657 4187 qui
2693 4133 2858 4172 carne
2909 4128 2962 4173 et
3003 4119 3268 4189 sanguine
3313 4129 3589 4187 constant,

2025 4212 2194 4266 frater
2218 4209 2467 4264 effectum
2499 4219 2599 4271 cst,
2628 4210 2967 4280 Abrahacque
3001 4211 3193 4265 semini
3221 4211 3594 4281 conjunctum.

2022 4301 2177 4358 Unus
2211 4302 2392 4370 itaque
2416 4310 2498 4356 est
2525 4301 2796 4364 Christus,
2827 4302 2918 4370 qui
2947 4302 3163 4370 quidem
3193 4311 3252 4355 ut
3301 4302 3460 4356 homo
3501 4305 3597 4356 ad-

2022 4402 2176 4457 orat;
2204 4401 2458 4446 utautem
2481 4391 2642 4455 Deus,
2669 4392 2737 4445 ab
2758 4391 3007 4445 universa
3033 4400 3282 4444 creatura
3314 4393 3593 4444 adorator.

2091 4481 2229 4537 Xlll.
2278 4501 2296 4534 ε
2337 4481 2528 4536 Adhuc
2550 4482 2830 4536 modicum
2864 4493 3075 4549 tempus
3117 4481 3397 4534 vobiscum
3449 4497 3591 4547 sum,

346 4587 482 4659 πρὸς
517 4587 609 4638 τὸν
639 4583 931 4654 πέμψαντά
977 4599 1065 4651 με.
1093 4599 1111 4631 ›
1150 4579 1259 4632 Ποῦ
1291 4579 1400 4648 γὰρ
1428 4577 1527 4628 ούκ
1575 4575 1726 4627 ἔστιν
1767 4575 1795 4626 6
1826 4573 1918 4626 τοῦ

2024 4584 2079 4630 et
2113 4575 2249 4629 vado
2276 4575 2342 4630 ad
2372 4589 2493 4629 eum
2528 4575 2619 4644 qui
2649 4574 2794 4627 misit
2825 4588 2912 4627 me
2931 4573 3002 4646 °'._
3033 4591 3052 4624 ι
3084 4573 3140 4626 Si
3174 4572 3475 4625 divinitatls
3499 4587 3596 4624 na-

346 4676 482 4730 Θεοῦ
512 4676 718 4743 Λόγος,
763 4675 812 4726 εἰ
859 4671 1060 4740 πληροῖ
1102 4669 1170 4722 τὰ
1212 4669 1390 4722 πάντα
1428 4669 1494 4737 τῇ
1527 4665 1627 4735 τῆς
1671 4663 1921 4732 θεότητος

346 4767 541 4839 quiest;
573 4766 694 4830 Πῶς
741 4763 834 4818 οὖν
878 4764 1155 4834 πέμπεται
1199 4760 1352 4831 παρὰ
1381 4758 1476 4812 τοῦ
1517 4757 1767 4828 Πατρός;
1803 4755 1922 4818 πῶς

345 4861 404 4914 δὲ
449 4861 543 4914 καὶ
591 4859 790 4927 ὑπάγει
842 4857 976 4928 πρὸς
1011 4854 1206 4919 αὑτόν;
1247 4851 1455 4906 Οὐκοῦν
1492 4851 1770 4918 πέμπεται
1821 4848 1920 4918 μὲν

346 4952 704 5024 ἀνθρωπίνως
731 4949 874 5004 κατά
901 4963 965 5016 γε
993 4947 1084 5000 τὸν
1112 4945 1213 5014 τῆς
1236 4943 1540 5011 ἀποστολῆς
1577 4941 1777 5012 τρόπον
1826 4939 1921 4993 καὶ

344 5048 524 5115 λόγον,
556 5046 641 5097 ἶνα
676 5043 888 5114 κηρύξῃ
935 5039 1032 5110 μὲν
1065 5035 1429 5107 αἰχμαλώτοις
1460 5033 1672 5102 ἄφεσιν,
1701 5031 1921 5100 τυφλοῖς

345 5140 402 5194 δὲ
425 5137 739 5205 ἀνάϐλεψιν.
765 5135 995 5201 ’Υπάγει
1021 5149 1082 5200 γε
1114 5131 1218 5201 μὴν
1245 5129 1380 5200 πρὸς
1404 5127 1495 5180 τὸν
1520 5125 1740 5196 Πατέρα
1763 5124 1916 5187 Θεὸν,

346 5231 449 5285 οὐκ
474 5231 555 5282 ἔτι
589 5227 732 5282 κατὰ
757 5225 845 5278 τὸν
873 5225 986 5276 ἴσον
1016 5222 1237 5294 τρόπον,
1273 5219 1385 5274 ἀλλ’
1420 5214 1530 5272 οἷον
1557 5219 1614 5270 ἐν
1655 5216 1864 5286 σώματι
1890 5225 1912 5253 τ

347 5324 713 5394 ἁναφοιτήσας
748 5321 826 5384 εἰς
851 5318 1101 5390 οὐρανὸν,
1131 5314 1219 5368 ῐνσι
1248 5312 1388 5382 ὑπὲρ
1417 5311 1572 5380 ἡμῶν
1600 5308 1791 5362 ἑαυτὸν
1819 5308 1916 5377 ἐμ-

2025 4676 2142 4720 tura
2174 4667 2357 4720 omnia
2393 4664 2600 4735 implet,
2641 4664 2755 4730 ubi,
2804 4677 3014 4734 quaso,
3050 4663 3146 4716 Dei
3201 4660 3436 4717 Verbum
3488 4676 3593 4716 n0n

2023 4757 2284 4812 exsistit?
2313 4757 2426 4824 Qua
2479 4756 2643 4827 igitur
2696 4755 2904 4810 ratione
2933 4755 3172 4809 mittitur
3195 4769 3222 4806 a
3261 4752 3460 4808 Patre?
3485 4753 3596 4808 Aut

2023 4863 2130 4918 quo
2156 4863 2368 4902 rursum
2403 4848 2566 4901 modo
2589 4845 2655 4899 ad
2679 4861 2799 4900 eum
2823 4843 3155 4900 revertitur?
3200 4843 3432 4898 Mittitur
3483 4845 3592 4899 ita-
3641 4829 3658 4850 ’

2026 4954 2130 5008 que
2161 4938 2456 4993 secundum
2485 4937 2776 4991 humanam
2805 4944 3078 5000 naturam,
3111 4935 3406 5004 praadicare
3425 4936 3598 5005 capti-

2030 5030 2108 5083 vis
2136 5029 2534 5092 remissionem,
2561 5027 2716 5097 137
2750 5035 2806 5080 et
2849 5027 3010 5081 caecis
3063 5026 3458 5082 restitutionem
3514 5027 3598 5080 vi-

2025 5135 2119 5176 sus
2148 5120 2194 5152 "
2225 5137 2241 5175 :
2272 5120 2373 5174 hoc
2395 5121 2540 5172 enim
2597 5118 2878 5172 missionis
2934 5117 3082 5173 illius
3143 5117 3282 5172 ratio
3306 5129 3360 5169 et
3406 5117 3600 5169 modus

2024 5211 2296 5281 exigebat.
2331 5209 2435 5264 Sed
2469 5219 2524 5263 et
2553 5210 2695 5264 idem
2736 5224 2952 5278 quoque
2981 5208 3128 5262 vadit
3183 5206 3248 5260 ad
3295 5207 3460 5259 Deum
3490 5205 3596 5258 Pa-

2026 5315 2198 5358 trem:
2233 5318 2418 5356 verum
2453 5317 2560 5356 non
2584 5301 2698 5371 pari
2728 5301 2949 5354 omnino
2997 5299 3174 5354 modo.
3228 5295 3390 5351 Vadit
3446 5295 3596 5351 enim

419 5478 464 5510 "
497 5474 660 5530 Hebr.
704 5489 776 5536 vr,
805 5417 1000 5526 9.6.25.
1077 5470 1122 5500 ”
1155 5469 1318 5524 llebr.
1357 5483 1414 5531 ιι,
1451 5465 1538 5518 l8.
1615 5463 1660 5496 "
1693 5461 1855 5514 llcbt‘.
1888 5477 1940 5526 κ,
1971 5461 2056 5513 14.
2149 5460 2195 5490 ⁸⁸
2220 5457 2378 5514 Joan.
2416 5472 2492 5524 tv,
2521 5458 2613 5513 '22.
2687 5458 2732 5490 ”
2765 5456 2921 5512 Joan.
2954 5471 3051 5520 vn,
3073 5454 3163 5509 53.
3271 5453 3318 5486 "
3346 5451 3448 5510 lsa.
3484 5467 3596 5520 ut,

351 5545 572 5613 t;Luc.
617 5558 692 5606 tv,
730 5545 815 5598 l9.

1446 5686 1616 5741 Variae
1648 5686 1903 5742 lectiones
1931 5683 2136 5741 codicis
2163 5680 2528 5753 Seguieriani.

423 5845 450 5887 It
478 5833 745 5900 ἐξουσίαν.
821 5842 849 5880 (ι
879 5830 1040 5882 κατά.
1123 5837 1144 5865 τ
1175 5829 1239 5879 ὲκ
1267 5825 1537 5898 σώματος.
