4076 6450
451 456 585 510 1551

1429 443 1486 499 S.
1525 440 1801 500 CYRILLI
1842 437 2319 496 ALEXANDRINI
2359 435 2676 493 ARCHIEP.

3577 436 3718 493 1559.

452 583 640 641 ιιιροιε
665 548 720 625 in
753 583 982 638 corpore
1011 565 1076 620 ad
1138 565 1335 620 coelum
1392 566 1634 630 rediens,
1667 574 1725 617 ut
1777 562 2033 616 nimirum

2156 559 2342 630 ρανίσῃ
2383 559 2461 630 τῷ
2498 560 2774 630 προσώπῳ
2813 557 2906 614 τοῦ
2937 559 3171 631 Πατρδς,
3201 556 3343 613 καθά
3381 557 3716 629 γέγραπται.

454 678 681 733 paterno
705 662 869 715 vultui
902 676 1000 729 pro
1023 659 1200 720 nobis.
1248 659 1391 712 sicut
1442 658 1704 725 scriptum
1735 656 1906 720 est",
1940 670 2038 722 ap-

464 766 672 824 pareat.
711 755 863 820 Quod
887 754 931 806 si
956 752 1081 821 quis
1122 750 1392 805 missionis
1427 748 1748 803 vocabulum
1811 749 1876 800 de
1920 747 2036 812 ipso

454 863 668 917 quoque
703 845 876 899 Verbo
911 846 1114 899 dictum
1145 843 1397 912 accipiat,
1435 841 1706 896 neminem
1745 838 1798 893 id
1831 838 2031 893 turbet:

456 940 723 1008 siquidem
780 936 1077 1004 Scriptura:
1124 935 1382 989 divinitus
1449 932 1724 1002 inspirata:
1783 945 1899 985 mos
1953 940 2038 984 est

461 1029 768 1084 istiusmodi
806 1027 1173 1083 locutionibus
1207 1040 1592 1092 nonnunquam
1628 1025 1865 1089 uti;non
1894 1024 2036 1093 quod

458 1121 695 1174 divinam
735 1118 881 1171 illam
931 1116 1320 1184 caelestemque
1374 1124 1623 1168 naturam
1654 1113 1772 1168 loco
1804 1114 2038 1168 circum-

459 1211 706 1265 scribere
736 1219 831 1264 aut
863 1209 1094 1263 delinire
1117 1208 1247 1262 velit
1281 1207 1452 1277 (novit
1483 1208 1626 1260 enim
1662 1205 1806 1259 illam
1839 1220 2030 1274 corpo-

461 1303 537 1356 ris
564 1310 862 1367 espertem,
899 1301 1155 1368 omnique
1195 1299 1427 1354 termino
1459 1307 1512 1353 et
1547 1297 1666 1352 loco
1695 1299 2032 1368 superiorem

461 1392 627 1460 esse),
659 1392 751 1445 sed
789 1391 932 1459 quod
961 1389 1229 1456 ejusmodi
1272 1388 1527 1443 humanis
1570 1389 1798 1443 vocibus
1851 1405 1912 1443 ea
1945 1403 2040 1442 no-

461 1484 546 1538 bis
578 1482 930 1536 mauil'estare
955 1483 1270 1543 contendat,
1298 1494 1419 1548 quae
1465 1481 1662 1534 mentis
1707 1480 1906 1548 alioqui
1944 1495 2039 1534 no—

462 1585 589 1629 stra:
621 1583 836 1641 captum
869 1574 1160 1628 excedunt.
1204 1570 1339 1624 Nam
1375 1580 1430 1625 et
1454 1571 1569 1639 ipse
1605 1585 1819 1640 quoque
1855 1571 2041 1625 Salva-

465 1676 552 1720 tor
589 1665 931 1718 Paracletum
977 1677 1098 1716 sese
1121 1665 1188 1716 ad
1223 1677 1322 1716 nos
1354 1661 1646 1716 missurum
1690 1663 2039 1730 promittit",

2143 654 2206 705 Εί
2243 653 2300 705 δὲ
2341 652 2405 723 δὴ
2447 654 2542 705 καὶ
2583 653 2668 704 ἐπ’
2698 653 2861 706 αὑτοῦ
2891 654 2985 706 τοῦ
3026 653 3198 722 Λόγου
3238 652 3297 704 τὸ
3341 650 3722 706 ἀπεστάλθαι

2143 745 2491 814 λαμϐάνοιτο,
2517 745 2889 815 χαλεπαινέτω
2918 745 3140 816 μηδείς·
3175 743 3292 807 ἔθος
3337 743 3444 814 γὰρ
3483 745 3550 815 τῇ
3595 741 3722 794 θεο-

2145 834 2393 905 πνεύστῳ
2415 835 2606 906 Γραφῇ
2633 837 2728 890 καὶ
2751 839 2868 899 ταῖς
2885 835 3163 900 τοιαύταις
3179 835 3287 888 ἔσθ’
3303 835 3392 888 ὅτε
3419 831 3726 904 κεχρῆσθαι

2147 931 2378 996 φωναῖς,
2417 929 2510 981 καὶ
2549 929 2610 982 οὐ
2655 929 2842 992 τόποις
2881 929 2976 982 καὶ
3019 930 3386 999 περιγραφαῖς
3424 927 3524 996 τὴν
3572 924 3725 976 Θείαν

2144 1038 2202 1073 τε
2232 1022 2324 1074 καὶ
2356 1022 2722 1093 ὑπερκόσμιον
2748 1023 3040 1093 ὑποφέρειν
3063 1022 3225 1090 φύσιν
3265 1015 3396 1091 (οἶδε
3421 1019 3530 1089 γὰρ
3556 1012 3727 1071 οὖσαν

2144 1112 2455 1180 ἀσώματον,
2491 1114 2583 1166 καὶ
2632 1114 3008 1184 περιορισμῶν
3062 1112 3350 1174 ἐπέκεινα,
3403 1110 3496 1164 καὶ
3538 1108 3635 1162 τοῦ
3666 1108 3728 1159 ἐν

2142 1203 2292 1272 τόπῳ
2324 1204 2558 1258 νοεῖσθαι
2593 1207 2862 1276 μακράνγ
2898 1207 3102 1273 φωναῖς
3127 1204 3184 1256 δὲ
3234 1202 3431 1273 μᾶλλον
3469 1201 3587 1263 ταῖς
3629 1200 3728 1251 ἀν-

2143 1293 2442 1364 θρωπίναις
2485 1295 2554 1348 τὰ
2581 1297 2723 1368 ὑπὲρ
2751 1296 2876 1349 νοῦν
2917 1295 3045 1348 ὄντα
3086 1296 3178 1348 τὸν
3207 1296 3264 1346 ὲν
3307 1295 3438 1365 ἡμῖν
3465 1292 3727 1364 πειρᾶται

2138 1386 2494 1457 καταδηλοῦν.
2512 1389 2665 1442 Ἐπεὶ
2691 1390 2787 1443 καὶ
2805 1389 2965 1452 αὑτὸς
2988 1390 3016 1442 6
3040 1387 3231 1458 Σωτὴρ
3254 1385 3494 1455 πέμπειν
3519 1383 3730 1452 ἔφασκε

2138 1477 2274 1548 πρὸς
2306 1480 2454 1549 ἡμᾶς
2503 1480 2594 1533 τὸν
2629 1481 3009 1551 Παράκλητον,
3060 1479 3238 1533 καίτοι
3274 1475 3608 1548 πληροῦντος
3655 1474 3729 1527 τὰ

2138 1570 2317 1624 πάντα
2363 1571 2456 1625 τοῦ
2487 1573 2642 1641 ἁγίου
2671 1572 2988 1644 Πνεὺματος
3007 1589 3022 1603 θ
3054 1592 3072 1624 ι
3103 1569 3327 1642 Πνεῦμα
3357 1570 3468 1638 γὰρ
3493 1567 3726 1637 Κυρίου,

2140 1667 2301 1737 φησί,
2336 1665 2666 1736 πεπλήρωκε
2698 1666 2795 1735 τὴν
2825 1664 3171 1735 οἰκουμένην.
3194 1682 3212 1715 ι

464 1773 585 1811 cum
644 1767 822 1808 tamen
878 1755 1116 1823 Spiritus
1153 1764 1376 1809 sanctus
1422 1754 1604 1809 omnia
1660 1754 1900 1821 impleat,
1956 1754 2112 1823 juxta
2186 1759 2362 1814 illud:
2432 1778 2450 1810 ι
2489 1759 2725 1829 Spiritus
2790 1757 3002 1812 Domini
3067 1756 3296 1827 replevit
3336 1752 3524 1810 orbem
3556 1761 3731 1806 terra-

468 1866 586 1904 rum
607 1850 697 1903 ν’.
731 1868 750 1900 ι

541 1941 679 1996 XIV.
729 1961 747 1993 ι
782 1940 913 1995 Cum
973 1939 1344 1994 exaltaveritis
1372 1939 1570 1994 Filium
1621 1940 1879 2006 hominis,
1915 1951 2042 1998 tunc
2077 1949 2118 2004 Β

467 2033 808 2100 cognoscetis
840 2031 968 2100 quia
1028 2045 1128 2099 ego
1163 2045 1282 2083 sum
1310 2030 1379 2085 ".
1429 2049 1449 2082 ι
1505 2029 1742 2086 ιυᾱιιὶοεε
1797 2034 2043 2098 insaniae,

469 2141 575 2194 qua
611 2126 661 2177 in
693 2123 970 2178 Christum
1007 2123 1398 2187 elferebantur,
1436 2139 1633 2178 causas
1661 2125 1852 2178 beatus
1878 2123 2046 2179 Joan-

471 2231 567 2270 nes
587 2229 888 2284 expouens.
926 2215 998 2266 ita
1035 2214 1223 2268 scribit
1257 2227 1271 2266 :
1306 2232 1322 2263 ι
1364 2212 1662 2283 Propterea
1715 2216 1883 2268 Judaei
1923 2230 2049 2284 per-

373 2330 382 2336 -
470 2305 838 2375 sequebantur
877 2302 1084 2368 Jesum,
1119 2304 1244 2373 quia
1282 2319 1386 2356 non
1420 2303 1592 2357 solum
1632 2303 1877 2357 solvebat
1911 2303 2050 2357 Sab-

471 2401 677 2458 batum.
710 2400 803 2452 sed
867 2407 920 2451 et
952 2396 1169 2449 Patrem
1202 2412 1359 2449 suum
1393 2396 1608 2450 dicebat
1647 2395 1839 2460 Deum,
1869 2411 2052 2466 aequa-

472 2489 574 2542 lem
609 2489 813 2542 faciens
845 2503 904 2541 se
938 2487 1048 2542 Deo
1083 2489 1122 2540 ¹.
1160 2507 1176 2536 ι
1221 2487 1358 2541 Alibi
1391 2488 1612 2541 eosdem
1662 2488 1851 2541 istlttec
1890 2487 2054 2556 impie

472 2588 784 2634 evomentes
808 2578 1012 2631 inducit
1042 2595 1056 2630 :
1096 2595 1114 2627 ι
1151 2578 1223 2630 De
1249 2577 1390 2630 bono
1411 2591 1575 2646 Opere
1609 2592 1713 2630 non
1749 2576 2055 2646 lapidamus

477 2679 548 2734 te,
575 2670 668 2722 sed
697 2669 762 2722 de
793 2667 1161 2736 blasphemia;
1199 2669 1323 2736 quia
1354 2677 1406 2721 tu
1451 2669 1614 2722 homo
1643 2684 1764 2721 eum
1788 2669 1883 2734 sis,
1921 2668 2055 2722 lacis

477 2761 705 2829 teipsum
763 2758 927 2812 Deum
964 2759 1004 2811 ’.
1039 2777 1057 2810 ι
1106 2759 1274 2828 Igitur
1326 2760 1376 2812 iu
1433 2758 1579 2812 illum
1630 2759 1855 2814 credere
1910 2757 2053 2829 null}!

472 2853 687 2906 ratione
737 2849 1008 2913 volebant,
1073 2849 1510 2920 quandoquidem
1582 2842 1782 2920 purum
1838 2857 2050 2905 tantum

474 2943 862 3011 vulgaremque
890 2941 1166 2995 hominem
1195 2957 1315 2995 esse
1353 2943 1654 3012 putabant;
1691 2944 1858 3013 ignari
1887 2944 2056 2999 Deum

476 3025 712 3080 Verbum
739 3040 926 3080 semen
967 3025 1203 3080 Abrahae
1236 3029 1684 3096 apprehendisse,
1711 3031 1977 3100 caruique
2003 3038 2058 3084 et

476 3117 727 3188 sanguini
773 3118 999 3188 perinde
1030 3132 1092 3171 ac
1116 3131 1214 3170 nos
1253 3119 1687 3173 communicasse
1717 3119 1760 3186 ³,
1806 3121 2057 3189 quamvis

475 3209 546 3262 ob
576 3209 626 3260 id
658 3207 798 3260 Deus
821 3221 942 3260 esse
972 3222 1077 3259 non
1116 3206 1401 3260 desiisset:
1453 3208 1721 3276 siquidem
1757 3211 2054 3264 secundum

2218 1945 2314 1998 Μ’.
2357 1963 2375 1996 ι
2405 1945 2573 1998 Ὅταν
2605 1943 2858 2015 ὑψώσητε
2883 1943 2975 1997 τὸν
3001 1943 3130 1996 Υἱὸν
3151 1940 3245 1994 τοῦ
3271 1936 3582 2011 ἀνθρώπου,
3609 1935 3732 1989 τότε

2147 2035 2423 2104 γνώσεσθε
2461 2038 2543 2090 ὄτι
2577 2035 2689 2104 ὲγώ
2722 2037 2855 2105 εἰμι.
2890 2054 2907 2086 ι
2956 2035 3067 2104 Τῆς
3107 2030 3405 2100 Ἰουδαϊκῆς
3437 2027 3731 2089 ἀπονοίας,

2148 2130 2214 2201 ἢν
2239 2127 2330 2181 ἐπὶ
2363 2126 2591 2199 Χριστῷ
2615 2127 2962 2198 πεποίηνται,
2991 2125 3089 2188 τὰς
3115 2124 3294 2185 αἰτίας
3321 2118 3684 2190 ἐξηγούμενος
3704 2118 3735 2170 6

2153 2221 2419 2292 μακάριος
2443 2232 2464 2258 ⁸
2505 2220 2758 2288 Ἰωάννης
2780 2258 2796 2283 ,
2827 2237 2846 2268 ι
2879 2216 2978 2270 Διά
3005 2215 3182 2279 τοῦτο,
3213 2213 3396 2283 φησὶν,
3431 2211 3654 2264 ἐδίωκον
3681 2209 3738 2261 οἱ

2163 2314 2405 2369 Ἰουδαῖοι
2435 2313 2526 2366 τὸν
2560 2311 2817 2382 Χριστὸν,
2863 2311 2946 2364 ὅτι
2974 2309 3035 2362 οὑ
3069 2308 3228 2376 μόνον
3259 2306 3382 2358 ἔλυε
3413 2304 3473 2357 τὸ
3516 2301 3734 2356 Σάϐϐα-

2149 2422 2262 2468 τον,
2294 2403 2428 2456 ἀλλά
2457 2402 2550 2456 καὶ
2577 2402 2797 2471 Πατέρα
2823 2402 2954 2454 [διον
2983 2399 3139 2466 ἔλεγε
3166 2397 3256 2450 τὸν
3283 2395 3437 2459 Θεὸν,
3468 2395 3581 2446 ῖσον
3609 2393 3738 2445 ἑαυ-

2151 2496 2240 2549 τὸν
2271 2495 2440 2548 ποιῶν
2473 2494 2550 2562 τῷ
2582 2493 2720 2564 Θεῷ.
2757 2512 2774 2543 ι
2799 2492 3162 2561 Είσκεκόμικε
3194 2489 3250 2542 δέ
3279 2507 3378 2542 που
3410 2488 3504 2541 καὶ
3536 2486 3737 2548 αὐτοὺς

2153 2587 2407 2654 λέγοντας
2432 2585 2690 2648 ἀνοσίως⁹
2729 2604 2747 2635 ι
2783 2583 2921 2654 Περὶ
2949 2581 3117 2636 καλοῦ
3145 2581 3306 2653 ἔργου
3341 2578 3401 2632 οὑ
3441 2576 3737 2646 λιθάζομέν

2157 2697 2246 2744 σε,
2292 2679 2429 2733 ἀλλά
2482 2677 2612 2748 περὶ
2660 2676 3041 2747 βλασφημίαςο
3074 2674 3156 2727 ὅτι
3197 2674 3259 2726 σὺ
3311 2672 3597 2744 ἄνθρωπος
3636 2669 3735 2734 ὢν,

2155 2775 2330 2834 ποιεῖς
2360 2771 2582 2824 σεαυτὸν
2613 2770 2766 2823 Θεόν.
2795 2788 2812 2820 ι
2861 2766 3071 2820 Οὐκοῦν
3111 2766 3489 2836 ἀπαράδεκτον
3517 2762 3614 2834 τὴν
3647 2760 3736 2814 ἐπ’

2157 2863 2306 2934 αὐτῷ
2333 2863 2662 2933 πεποίηνται
2701 2862 2905 2925 πίστιν,
2935 2858 3221 2932 ἄνθρωπον
3258 2858 3356 2928 μὲν
3391 2851 3529 2909 εἶναι
3579 2853 3738 2924 νομί-

2157 2959 2342 3021 ζοντες
2379 2957 2511 3010 αὐτὸ
2539 2956 2602 3025 δὴ
2643 2954 2801 3009 τοῦτο
2830 2954 3005 3024 ψιλὸν,
3046 2952 3374 3023 ἠγνοηκότες
3399 2949 3457 3002 δὲ
3494 2949 3576 3002 ὅτι
3605 2946 3740 3010 Θεὸς

2157 3049 2232 3104 ὣν
2273 3051 2301 3103 6
2334 3049 2505 3117 Λόγος
2537 3046 2832 3102 ἐπελάϐετο
2862 3046 3174 3117 σπέρματος
3212 3041 3486 3113 Ἀϐραὰμ,
3522 3039 3615 3093 καὶ
3644 3054 3740 3090 κε-

2159 3141 2489 3212 κοινώνηκεν
2517 3141 2747 3211 αἵματος
2779 3137 2872 3192 καὶ
2904 3137 3108 3209 σαρκὸς
3141 3131 3538 3205 παραπλησίως
3569 3131 3702 3201 ἡμῖν
3724 3145 3737 3157 ·

2161 3233 2299 3303 πλὴν
2325 3233 2425 3286 οὐκ
2452 3233 2662 3302 ἀπέστη
2689 3231 2782 3284 τοῦ
2817 3226 2955 3283 εἶναι
2976 3229 3136 3292 Θεόςο
3176 3228 3442 3296 ἄτρεπτος
3464 3223 3572 3294 γὰρ
3598 3220 3743 3274 κατά

480 3297 1131 3363 naturamimmutabilis,
1185 3307 1554 3368 perpetuoque
1607 3302 1723 3370 ipse
1777 3300 1918 3354 idem
1949 3308 2052 3354 est.

2160 3297 2321 3394 φύσιν
2341 3325 2476 3385 ἐστὶ,
2499 3324 2593 3376 xa‘t
2614 3297 2876 3393 διηνεκῶς
2901 3322 2929 3373 6
2957 3320 3140 3383 αὑτός.
3178 3319 3378 3370 ι”Οταν
3409 3311 3523 3379 οὖν,
3552 3315 3741 3385 φησὶν,

475 3389 568 3444 Ait
629 3405 791 3459 ergo:
841 3407 859 3439 ι
910 3388 1045 3444 Cum
1101 3390 1476 3446 exaltaveritis
1555 3389 1750 3445 Filium
1801 3391 2057 3456 hominis.

480 3494 610 3537 tunc
661 3483 998 3552 cOgnoscetis
1024 3483 1149 3552 quia
1181 3493 1282 3551 ego
1308 3498 1427 3537 sum
1455 3483 1501 3538 ⁸.
1536 3502 1555 3536 ι
1593 3484 1852 3550 Quamvis
1911 3485 2058 3539 enim

478 3575 774 3629 secundum
845 3575 1135 3627 humanam
1203 3583 1453 3628 naturam
1503 3575 1684 3630 crucis
1733 3576 2059 3645 supplicium

483 3668 727 3738 pertulit,
757 3668 934 3719 divina
973 3677 1153 3720 tamen
1205 3666 1406 3722 virtute
1452 3669 1770 3723 resurrexit.
1830 3669 2062 3739 Propter

486 3758 942 3812 resurrectionem
969 3769 1146 3810 autem
1179 3765 1236 3810 et
1263 3773 1422 3813 verus
1458 3759 1617 3822 Deus.
1655 3769 1710 3813 et
1732 3776 1894 3816 verus
1942 3777 2062 3816 rur-

485 3865 604 3905 sum
638 3849 730 3904 Dei
758 3848 928 3903 Filius
955 3849 1196 3905 creditus
1221 3859 1326 3905 est.
1363 3851 1517 3917 Quod
1553 3853 1596 3906 si
1622 3867 1744 3906 eum
1791 3869 1893 3907 uou
1925 3853 2062 3910 alte-

487 3957 603 3995 rum
626 3942 1016 4008 exsuscitasse,
1049 3943 1142 3998 sed
1167 3943 1342 4012 ipsum
1368 3941 1737 4001 resurrexisse
1765 3949 2060 4016 credimus,

485 4051 682 4104 corpus
710 4036 915 4105 utique,
944 4038 1090 4106 quod
1117 4047 1347 4094 mortem
1401 4055 1718 4110 perpessum
1763 4053 1870 4109 est,
1927 4059 2053 4114 pro-

484 4127 658 4194 prium
693 4128 835 4183 illius
879 4129 1278 4198 dispensatorie
1321 4133 1598 4186 exstitisse
1647 4142 1954 4188 statuamus
1992 4150 2054 4188 o-

487 4228 707 4289 portet:
743 4219 905 4290 138
933 4236 1039 4288 quo
1101 4222 1202 4276 hac
1253 4224 1508 4278 nimirnm
1565 4226 1780 4280 ratione
1837 4237 1892 4282 et
1949 4227 2064 4297 ipse

486 4326 722 4380 quoque,
759 4312 885 4366 licet
907 4323 1098 4382 suapte
1129 4327 1320 4368 natura
1349 4317 1669 4372 immortalis
1714 4318 1867 4374 situt
1893 4318 2062 4384 Deus,

489 4405 854 4458 resurrexissc
896 4405 998 4459 dici
1057 4418 1242 4476 queat.
1294 4407 1466 4462 Unius
1521 4409 1666 4462 enim
1711 4412 2065 4480 ejusdemque

484 4494 690 4550 Christi
727 4507 778 4549 et
808 4496 928 4550 Filii
975 4509 1204 4553 mortem
1234 4501 1643 4565 aununtiantes,
1695 4514 1746 4557 et
1815 4519 2063 4560 resurre-

483 4587 719 4641 ctionem
757 4589 1104 4654 conﬁtentes,
1133 4590 1499 4660 justilicamur
1545 4608 1641 4662 per
1677 4593 1857 4649 iidem.
1917 4595 2064 4651 Unus

485 4679 649 4746 igitur
679 4679 929 4748 idemque
956 4692 1009 4736 et
1029 4681 1176 4737 solus
1208 4683 1461 4738 Christus
1479 4683 1658 4751 Jesus,
1703 4695 1760 4741 ut
1784 4688 1945 4764 homo
1972 4703 2060 4743 se-
2095 4663 2140 4717 ί)

483 4770 720 4824 cundum
749 4788 965 4825 carnem
998 4781 1276 4843 mortuus;
1340 4785 1394 4829 ut
1426 4776 1570 4832 Deus
1614 4787 1796 4833 autem
1825 4785 1878 4834 et
1925 4779 2056 4845 vita,

483 4862 849 4916 resurrexisse
884 4864 1102 4921 dicitur.

558 4947 677 5001 XV.
741 4968 760 5000 ι
789 4951 1280 5010 Circumdederunt
1315 4972 1444 5026 ergo
1474 4974 1596 5014 eum
1632 4959 1897 5026 Judtei,et
1921 4962 2064 5016 dice-

484 5041 615 5093 bant
637 5041 716 5094 ei:
746 5042 1038 5112 QuouSque
1071 5049 1307 5102 animam
1345 5060 1586 5106 nostram
1615 5053 1796 5109 tollis?
1832 5054 1889 5107 Si
1925 5062 1979 5106 tu
2004 5068 2064 5108 es

481 5131 755 5202 Christus,
787 5135 874 5189 dic
923 5137 1078 5191 nobis
1102 5139 1299 5206 palam.
1368 5141 1668 5211 Respondit
1719 5145 1826 5200 illis
1856 5143 2014 5199 Jesus
2045 5157 2061 5198 :

480 5221 724 5280 Locutus
764 5242 882 5280 sum
912 5228 1090 5296 vobis,
1145 5240 1200 5284 et
1256 5248 1359 5286 non
1407 5237 1667 5291 creditis:
1729 5252 1893 5305 opera
1945 5251 2066 5306 qua-

481 5329 580 5383 ego
610 5315 750 5372 facio
781 5319 833 5372 iu
870 5319 1087 5375 nomine
1123 5320 1301 5378 Patris
1336 5325 1464 5389 mei,
1512 5326 1627 5380 haec
1693 5329 2062 5384 testimonium

2164 3413 2416 3484 ὑψώσητε
2453 3415 2543 3467 τὸν
2569 3414 2696 3468 Υίὸν
2729 3413 2828 3466 τοῦ
2861 3411 3171 3483 ἀνθρώπου,
3205 3410 3325 3463 τότε
3356 3406 3628 3477 γνώσεσθε
3658 3406 3744 3459 ὃτι

2162 3507 2272 3574 ἐγώ
2311 3509 2446 3575 εἰμι.
2486 3525 2502 3556 ι
2539 3503 2889 3576 Ἐσταυρώθη
2933 3503 3033 3573 μὲν
3067 3504 3173 3570 γὰρ
3212 3500 3597 3572 ἀνθρωπίνως,
3646 3499 3742 3551 ἀν-

2163 3598 2294 3650 εϐίω
2321 3598 2379 3651 δὲ
2407 3597 2622 3660 θεῖκῶς·
2643 3597 2736 3649 καὶ
2768 3597 3126 3650 πεπίστευται
3151 3593 3238 3647 διὰ
3265 3593 3364 3662 τῆς
3395 3593 3746 3652 ἀναστάσεως

2163 3688 2244 3740 ὅτι
2277 3688 2372 3740 καὶ
2403 3687 2534 3749 Θεός
2577 3689 2716 3750 ἐστι,
2761 3685 2854 3738 καί⁵
2887 3682 3023 3739 Θεοῦ
3067 3683 3186 3737 κατ’
3211 3681 3470 3752 ἀλήθειαν
3502 3681 3645 3743 Υἱός.
3683 3682 3745 3733 Εἰ

2161 3778 2217 3832 δὲ
2251 3778 2608 3831 πεπίστευται
2643 3777 2781 3848 πρὸς
2827 3776 2985 3847 ἡμῶν
3027 3775 3125 3846 οὑχ
3165 3775 3240 3838 ὡς
3281 3774 3466 3844 ἕτερον
3505 3773 3748 3840 ἀναστή-

2167 3886 2283 3933 σας,
2305 3871 2673 3940 ἐγηγερμένος
2694 3868 2749 3921 δὲ
2779 3868 2975 3937 μᾶλλον
3000 3868 3161 3930 αὑτός
3178 3883 3190 3895 ’
3220 3866 3370 3920 πᾶσά
3397 3883 3511 3928 πως
3533 3863 3746 3933 ἀνάγκη

2164 3961 2251 4014 διὰ
2276 3961 2375 4032 τὴν
2405 3960 2716 4030 οἰκονομίαν
2746 3960 2877 4013 ἴδιον
2907 3958 3070 4012 αὑτοῦ
3101 3958 3262 4028 σῶμα
3288 3956 3524 4011 νοεῖσθαι
3552 3956 3612 4009 τὸ
3648 3973 3748 4010 πε-

2165 4053 2358 4116 πονθὸς
2403 4054 2494 4106 τὸν
2545 4053 2794 4107 θάνατον’
2842 4053 2929 4105 ἵνα
2965 4051 3058 4104 καὶ
3101 4050 3262 4112 αὐτὸς
3309 4049 3606 4116 ἀναστῆναι
3652 4047 3748 4100 λέ-

2164 4163 2332 4214 γοιτο,
2376 4144 2552 4198 καίτοι
2578 4145 2676 4214 τὴν
2705 4144 2865 4212 φύσιν
2896 4142 3161 4204 ἀθάνατος
3187 4139 3264 4194 ὢν
3301 4142 3375 4204 ὠς
3405 4141 3557 4204 Θεός.
3597 4141 3750 4204 Ἐνὸς

2163 4239 2272 4311 γὰρ
2307 4237 2541 4310 Χριστοῦ
2571 4238 2666 4290 καὶ
2693 4236 2823 4290 Υἱοῦ
2858 4237 2948 4290 τὸν
2982 4236 3211 4289 θάνατον
3261 4235 3747 4302 καταγγέλλοντες,

2166 4333 2262 4383 καὶ
2323 4329 2714 4400 ὁμολογοῦντες
2789 4327 2888 4398 τὴν
2978 4327 3316 4392 ἀνάστασιν,
3386 4326 3749 4396 δικαιοῦμεθα

2164 4423 2252 4476 διὰ
2287 4423 2541 4485 πίστεως.
2584 4421 2793 4474 Οὐκοῦν
2831 4421 2858 4473 6
2893 4419 3053 4483 αὐτὸς
3097 4421 3172 4482 ὡς
3210 4414 3290 4483 εἷς
3340 4437 3399 4472 τε
3444 4420 3538 4473 καὶ
3585 4421 3749 4488 μόνος

2167 4515 2426 4586 ὑπάρχων
2477 4515 2710 4585 Χριστὸς
2748 4511 2982 4583 Ἰησοῦς,
3012 4511 3301 4564 ἀποθανεῖν
3334 4512 3434 4580 μὲν
3464 4509 3749 4580 ἀνθρωπίυ

2167 4625 2274 4670 νως
2313 4607 2454 4660 κατά
2490 4606 2588 4677 τὴν
2641 4608 2818 4677 σάρκα
2848 4605 3094 4673 λέγεται,
3136 4603 3430 4674 ὲγηγέρθαι
3459 4603 3515 4657 δὲ
3553 4603 3698 4666 εἰκὸς
3727 4604 3744 4638 ⁸

2169 4699 2244 4763 ὡς
2273 4698 2406 4770 ζωή.

2244 4958 2344 5010 ῘΕ’.
2395 4976 2410 5004 ι
2449 4956 2765 5026 Προσῂεσάν
2801 4972 2930 5008 ποτε
2961 4955 3038 5026 τῷ
3075 4956 3294 5027 Χριστῷ
3342 4957 3589 5025 λέγοντες
3626 4956 3756 5008 ’ἰουο

2169 5049 2326 5103 δαίοι·
2355 5051 2500 5112 Ἕως
2532 5049 2661 5100 πότε
2688 5047 2785 5118 τὴν
2820 5047 2998 5116 ψυχὴν
3026 5048 3183 5118 ἡμῶν
3211 5050 3421 5119 αῖρεις;
3451 5049 3511 5100 Εἰ
3545 5049 3608 5100 σὺ
3649 5045 3698 5101 εἷ
3728 5051 3756 5102 ὀ

2167 5141 2432 5214 Χριστὸς,
2485 5142 2606 5194 εἰπὲ
2656 5141 2788 5209 ἡμῖν
2822 5140 3122 5211 παρρησίᾳ.
3163 5141 3462 5212 Ἀπεκρίθη
3499 5141 3681 5203 αὐτοῖς
3723 5142 3753 5193 ό

2180 5235 2420 5305 Ἰησοῦςο
2460 5232 2625 5289 Εἶπον
2661 5235 2808 5305 ὑμῖν,
2855 5235 2950 5288 καὶ
2989 5235 3050 5287 οὑ
3098 5233 3405 5286 πιστεύετε.
3455 5233 3536 5286 Τά
3581 5230 3749 5299 ἔργα,

2167 5331 2203 5383 ἃ
2231 5328 2341 5397 ἐγὼ
2375 5327 2511 5381 ποιῶ
2546 5328 2602 5381 ἐν
2639 5328 2717 5399 τῷ
2754 5327 2977 5398 ὀνόματι
3010 5326 3104 5380 τοῦ
3153 5327 3366 5398 Πατρός
3412 5342 3537 5395 μου,
3579 5321 3753 5375 ταῦτα

547 5497 797 5577 {"llebr.
832 5515 909 5577 t_x_,
936 5501 1029 5577 Ἃ.
1065 5501 1144 5577 _"
1178 5501 1332 5556 Jonn.
1365 5519 1511 5577 xxvi,
1545 5504 1637 5559 26.
1711 5505 1780 5540 "'
1823 5506 1948 5577 Sap.
1992 5524 2031 5569 t,

2207 5508 2254 5539 ⁹⁹
2295 5507 2454 5562 Joan.
2485 5523 2604 5571 \‘lll,
2635 5507 2727 5561 28.
2805 5509 2820 5538 ³
2855 5506 3012 5562 Joan.
3057 5522 3109 5572 γ,
3169 5507 3254 5562 18.
3331 5510 3352 5540 ⁸
3381 5504 3537 5562 Joan.
3573 5521 3631 5570 Χ,
3667 5505 3757 5566 55.

479 5562 504 5596 ⁸
534 5567 697 5620 ιιι-ιη.
736 5582 792 5631 ιι,
836 5562 922 5622 HL
999 5572 1020 5601 ⁸
1058 5570 1214 5625 Joau.
1259 5588 1394 5638 \‘lll,
1437 5562 1528 5632 ‘28.

1594 5731 1765 5787 Varize
1794 5733 2052 5789 lcetiones
2080 5737 2282 5790 codicis
2325 5735 2682 5805 Seguieriani.

550 5855 571 5882 '
606 5851 909 5915 θεσπέσιος.
996 5857 1011 5890 ί
1048 5857 1266 5921 θεῑκῶς.
