4076 6416
369 337 509 396 1555

1188 340 1282 395 AD
1319 338 1624 396 REGiNAS
1659 339 1749 394 DE
1790 339 2019 397 RECTA
2058 340 2213 398 FIDE
2251 342 2513 401 ORATIO
2551 344 2852 401 ALTERA.

3495 347 3633 407 1554

367 451 657 523 μαρτυρεῖ,
691 450 820 518 περὶ
851 448 1007 521 ἐμοῦ.
1034 468 1054 503 ι
1087 450 1153 504 Τί
1191 451 1258 522 δὴ
1285 427 1404 524 ἄρα.
1439 454 1547 507 κάν
1574 451 1752 524 τούτῳ
1783 453 1950 523 φασὶν

2055 453 2347 523 perhibent
2374 455 2443 511 de
2471 470 2561 513 me
2588 455 2635 512 ³.
2675 474 2696 508 ι
2728 455 2937 525 Ecquid
2992 455 3101 519 hic,
3133 469 3359 526 quaeso,
3425 457 3632 525 dicunt,

364 547 413 599 οἱ
450 542 778 616 διορίζοντες
819 541 1049 613 ἀμαθῶς
1082 544 1163 608 είς
1201 544 1336 599 υίῶν
1373 545 1568 609 δυάδα,
1601 545 1696 599 καῖ⁸
1738 547 1819 609 είς
1855 544 1950 600 δύο

363 637 670 707 Χριστοὺς,
714 636 805 689 τὸν
853 636 951 689 ἕνα
991 636 1196 710 Κύριον
1233 638 1441 710 Ἰησοῦν
1486 639 1763 710 Χριστόν;
1812 640 1952 710 Περὶ

361 729 505 792 τίνος
534 727 774 796 ἔφασκον
793 728 844 781 οἱ
876 728 1122 783 Ἰουδαῖοι
1139 746 1152 759 ⁸
1185 750 1204 783 ι
1229 732 1291 785 Ei
1321 733 1385 786 σὺ
1413 726 1466 785 εἴ
1490 735 1520 786 6
1542 732 1798 804 Χριστὸς,
1825 732 1949 786 εἰπὲ

362 820 496 890 ἡμῖν
527 818 849 891 παρρησία;
881 838 899 871 ι
931 820 1029 884 Τίς
1052 820 1111 874 δέ
1134 823 1162 874 6
1187 822 1394 891 λέγων’
1427 843 1446 876 t
1475 823 1556 877 Τὰ
1592 823 1749 894 ἔργα,
1779 823 1814 878 ἂ
1840 822 1952 893 ἐγὼ

363 910 505 963 ποιῶ
540 911 598 962 ἐν
629 908 710 980 τῷ
749 910 973 981 ὀνόματι
1005 910 1098 966 τοῦ
1152 913 1364 984 Πατρός
1414 931 1541 986 μου,
1584 914 1757 968 ταῦτα
1805 931 1950 985 μαρ-

361 1003 520 1072 τυρεῖ
556 1002 687 1073 περὶ
726 1001 896 1072 ἐμοῦ;
930 1022 948 1053 ι
980 1004 1144 1069 Τίνος
1176 1001 1316 1060 εἷναί
1353 1023 1537 1078 φαμεν
1569 1007 1699 1061 ίδιον
1728 1007 1949 1078 Πατέρα

360 1093 455 1146 τὸν
491 1092 661 1161 Θεόν;
708 1089 818 1163 ἆρα
868 1094 962 1149 τοῦ
998 1096 1061 1150 ἐκ
1094 1098 1355 1166 γυναικὸς
1401 1098 1507 1153 ἀνὰ
1559 1099 1727 1171 μέρος
1758 1118 1818 1154 τε
1856 1102 1950 1155 καὶ

363 1187 549 1249 ίδικῶς
588 1187 882 1258 νοουμένου
903 1227 916 1253 ,
944 1189 978 1260 ἦ
1012 1190 1104 1243 τοῦ
1144 1190 1519 1260 Μονογενοῦς;
1550 1194 1745 1251 Καίτοι
1776 1194 1838 1249 τὸ
1865 1194 1952 1248 δύ-

360 1278 556 1332 νασθαι
590 1278 892 1350 κατορθοῦν
929 1280 999 1334 τὰ
1030 1281 1130 1350 τῆς
1163 1282 1417 1353 θεότητος
1452 1284 1610 1356 ἔργα,
1652 1285 1853 1356 πρέποι
1880 1284 1949 1340 ἂν

357 1371 459 1422 οὐκ
484 1368 803 1443 ἀνθρωπεία
827 1372 987 1438 φύσει
1020 1374 1214 1430 ποθέν·
1244 1376 1441 1430 πολλοῦ
1468 1395 1532 1446 γε
1569 1378 1699 1434 δεῖν.
1729 1378 1948 1451 Ἐπειδὴ

356 1462 415 1515 δὲ
446 1461 686 1533 ἐπλήρου
730 1463 965 1533 Χριστὸς
994 1466 1063 1518 τὰ
1093 1465 1232 1536 ἔργα
1272 1468 1370 1521 τοῦ
1422 1470 1669 1542 Πατρὸς,
1712 1473 1815 1525 οὐκ
1851 1472 1946 1528 ἄνα

358 1543 581 1621 θρωπος
614 1550 680 1605 ἂν
714 1554 888 1605 νοοῖτο
930 1552 1115 1622 ψιλὸς,
1155 1555 1288 1619 Θεὸς
1320 1556 1377 1608 δὲ
1416 1558 1620 1628 μᾶλλον
1659 1561 1718 1612 ἐν
1750 1560 1948 1631 αἵματι

360 1642 455 1697 καὶ
485 1641 668 1713 σαρκὶ,
706 1642 1036 1714 μεμενηκὼς
1064 1646 1204 1718 ὅπερ
1227 1642 1316 1719 ἦν.
1354 1650 1695 1721 Ἰσουργήσει
1722 1652 1832 1724 γὰρ
1857 1653 1950 1707 ού-

356 1751 467 1798 τως
513 1732 650 1802 ἔχων
679 1734 758 1803 τῷ
809 1734 925 1807 ίδίῳ
959 1737 1250 1810 Γεννὴτορι
1276 1754 1291 1771 ο
1332 1741 1548 1795 καὶτὸν
1588 1741 1683 1796 τοῦ
1734 1762 1946 1816 μυστη-

2054 545 2149 615 qui
2198 560 2366 601 unum
2401 545 2693 601 Dominum
2743 558 2989 601 nostrum
3031 544 3217 602 Jcsum
3271 545 3550 603 Christum
3580 550 3635 603 in

2052 635 2188 691 duos
2219 636 2746 708 lilios,totidemqne
2803 635 3056 693 Cltristos
3110 637 3274 693 stulte
3339 637 3659 694 divellunt‘r‘

2053 726 2130 782 De
2158 727 2469 784 utroludaai
2511 729 2764 784 aiebant:
2825 746 2845 781 ι
2880 728 2937 783 Si
2997 738 3052 782 tu
3103 743 3162 784 es
3209 728 3483 796 Christus,
3544 730 3636 786 dic

2053 818 2210 874 nobis
2244 819 2455 888 palam?
2480 839 2499 873 ι
2569 818 2703 875 liter
2736 833 2951 874 rursum
3016 818 3233 873 illorum
3262 820 3632 888 praedicabat:

2056 927 2078 962 ι
2112 908 2290 982 Opera
2320 927 2441 983 qua:
2478 926 2580 983 ego
2613 909 2755 969 facio
2787 910 2864 991 .iu
2895 910 3118 965 nomine
3146 910 3326 967 Patris
3357 914 3484 979 mei,
3541 913 3634 968 illa

2052 1002 2426 1057 testimonium
2456 1002 2746 1071 perhibent
2772 1002 2838 1057 de
2872 999 2994 1054 me?
3019 1020 3038 1053 ι
3075 999 3262 1056 Utrius
3288 1002 3503 1057 tandem
3534 1001 3637 1057 Pa-

2052 1098 2190 1145 trem
2214 1090 2380 1147 Deum
2408 1105 2534 1148 esse
2580 1090 2921 1147 statuemus?
2949 1091 3141 1162 ejusne
3175 1092 3266 1163 qui
3299 1107 3367 1147 ex
3408 1091 3635 1147 muliere

2051 1193 2230 1239 ortum
2262 1184 2433 1249 ducit,
2487 1194 2548 1239 ut
2581 1199 2827 1239 seorsum
2863 1199 2960 1254 per
2987 1200 3048 1242 se
3078 1185 3265 1241 animo
3291 1184 3633 1255 concipitur,

2051 1290 2124 1332 an
2177 1291 2309 1332 vero
2361 1277 2534 1348 ipsius
2562 1276 2880 1348 Unigeniti?
2925 1279 3088 1350 Atqui
3129 1278 3313 1334 divina
3359 1293 3524 1349 opera
3578 1279 3633 1334 vi

2051 1368 2267 1437 propria
2303 1377 2542 1438 patrare,
2572 1385 2659 1425 res
2683 1380 2766 1425 est
2784 1386 2905 1439 quze
2926 1371 3177 1425 humana:
3211 1381 3424 1425 naturae
3461 1369 3631 1436 vires,

2051 1458 2403 1531 ejusdemque
2450 1460 2768 1517 facultatem
2833 1462 2991 1531 longe
3041 1462 3379 1531 multumque
3440 1461 3630 1516 vincit.

2051 1550 2189 1619 Quia
2208 1566 2339 1623 ergo
2361 1551 2610 1609 Christus
2638 1555 2825 1609 eadem
2851 1569 2972 1624 quae
2996 1553 3160 1610 Pater
3188 1568 3353 1624 opera
3383 1552 3636 1623 perlicie-

2052 1646 2180 1712 bat,
2218 1647 2404 1717 utique
2434 1662 2542 1702 non
2567 1656 2871 1718 eratpurus
2924 1649 3105 1716 homo,
3161 1648 3257 1703 sed
3288 1647 3429 1705 Deus
3474 1662 3640 1704 carne

2052 1746 2109 1792 et
2124 1738 2390 1808 sanguine
2417 1739 2668 1806 vestitus,
2698 1748 2758 1793 ut
2788 1738 3033 1810 profecto
3062 1738 3469 1808 maneretquod
3492 1748 3636 1792 erat.

361 1826 480 1899 ρίου
528 1822 685 1892 λόγον
725 1831 1197 1901 ηταμωμήσαιτο
1244 1830 1312 1885 ἂν
1339 1832 1517 1899 οὐδεὶς
1557 1834 1666 1888 τῶν
1707 1810 1769 1889 ei?
1817 1810 1950 1908 φρὸ-

2053 1828 2135 1884 Ad
2168 1831 2313 1884 hunc
2336 1844 2468 1899 ergo
2494 1830 2711 1886 modum
2761 1830 3015 1895 allectus,
3066 1830 3216 1899 paria
3245 1845 3369 1885 cum
3402 1844 3502 1885 suo
3531 1830 3638 1885 Ge-

357 1919 616 1980 νούντων.

426 2185 545 2253 ις’.
571 2202 589 2236 t
612 2183 686 2237 Τὸ
708 2183 766 2237 δέ
793 2183 1007 2240 παιδίον
1033 2183 1255 2257 ηὔξανε,
1284 2185 1380 2239 καῖ¹
1408 2184 1767 2258 ἐκραταιοῦτο
1783 2187 1948 2241 πνεύ-

359 2293 489 2345 ματι
511 2316 526 2339 ,
576 2275 953 2346 πληρούμενον
988 2276 1179 2346 σοφίας
1202 2294 1218 2309 θ
1252 2278 1346 2331 καὶ
1383 2277 1544 2350 χάρις
1584 2277 1719 2331 Θεοῦ
1749 2272 1819 2350 ἦν
1859 2279 1948 2333 ἐπ’

354 2367 560 2439 αὐτῷ.)
595 2370 704 2423 Καὶ
734 2370 928 2424 πάλιν·
961 2387 981 2422 t
1011 2369 1218 2440 Ἰησοῦς
1256 2370 1594 2442 προέκοπτεν
1629 2369 1820 2444 ἡλικίᾳ
1855 2372 1950 2426 καὶ

356 2462 521 2533 σοφίᾳ
544 2461 639 2516 καὶ
662 2462 844 2532 χάριτι
871 2462 1025 2534 παρὰ
1047 2462 1167 2534 Θεῷ
1193 2463 1288 2517 καὶ
1312 2463 1671 2534 ἀνθρώποις.»
1701 2464 1839 2518 Ἕνα
1863 2465 1949 2518 λέο

352 2571 541 2623 γοντες
570 2555 662 2607 τὸν
693 2555 896 2627 Κύριον
923 2555 1083 2627 ἡμῶν
1117 2555 1322 2628 Ἰησοῦν
1357 2558 1615 2629 Χριστὸν,
1658 2557 1753 2611 καὶ
1804 2558 1952 2629 αὐτῷ

353 2645 754 2718 προσνέμοντες
793 2647 865 2701 τά
901 2663 962 2700 τε
1001 2646 1319 2719 ἀνθρώπινα
1348 2650 1444 2703 καὶ
1492 2648 1808 2719 θεοπρεπῆ,
1838 2651 1952 2713 τοῖς

356 2738 459 2807 μὲν
502 2739 603 2809 τῆς
658 2738 943 2804 κενώσεως
991 2741 1213 2813 μέτροις
1240 2742 1474 2813 πρέπειν
1521 2742 1738 2815 ἀληθῶς
1766 2743 1950 2799 διαδε-

353 2826 659 2898 6αιούμεθα
686 2828 746 2883 τό
769 2845 829 2882 τε
850 2828 951 2901 τὴν
978 2832 1299 2902 σωματικὴν
1319 2831 1547 2904 αὔξησιν
1576 2833 1948 2905 ἐπιδέχεσθαι,

353 2919 450 2972 καὶ
496 2917 604 2990 μὴν
657 2920 753 2973 καὶ
795 2918 858 2973 τὸ
906 2920 1333 2990 κραταιοῦσθαι,
1386 2923 1498 2977 τῶν
1549 2925 1646 2981 τοῦ
1696 2925 1950 2995 σώματος

352 3011 735 3084 ἁδρυνομένων
777 3014 983 3086 μορίων
1024 3014 1169 3069 κατὰ
1228 3015 1403 3087 βραχύ
1430 3030 1444 3045 ⁸
1484 3019 1580 3071 καὶ
1613 3018 1747 3072 αὐτὸ
1785 3019 1842 3073 δὲ
1885 3021 1948 3074 τὸ

351 3103 529 3158 δοκεῖν
577 3104 920 3177 πληροῦσθαι
970 3107 1199 3177 σοφίας,
1255 3108 1345 3163 διά
1388 3126 1451 3179 γε
1485 3109 1548 3163 τδ
1590 3110 1755 3164 οἱονεὶ
1805 3111 1944 3184 πρὸς
1970 3146 2015 3209 C

351 3201 593 3256 ἐπίδοσιν
625 3205 691 3274 τῇ
721 3203 815 3257 τοῦ
846 3201 1096 3274 σώματος
1127 3204 1317 3277 ἡλικίᾳ
1351 3205 1814 3277 πρεπωδεστάτην
1841 3207 1942 3279 τῆς

352 3295 583 3367 ἐνούσης
652 3295 804 3367 αὐτῷ
863 3297 1055 3365 σοφίας
1125 3292 1424 3369 ἁναφοιτᾷν
1478 3297 1576 3370 τὴν
1635 3296 1937 3369 ἐκφανσινο

351 3389 448 3442 καὶ
477 3388 636 3464 ταυτὶ⁷
673 3389 791 3459 μὲν,
823 3388 898 3452 ὡς
938 3388 1094 3461 ἔφην,
1124 3392 1190 3462 τῇ
1245 3390 1384 3462 μετὰ
1418 3389 1619 3462 σαρκὸς
1658 3392 1943 3464 οἰκονομίᾳ

353 3480 555 3549 πρέποι
592 3463 679 3546 διν,
711 3479 807 3533 καὶ
845 3482 959 3544 τοῖς
1002 3481 1102 3551 τῆς
1132 3481 1380 3551 ὑφέσεως
1410 3482 1650 3554 μέτροις.
1680 3482 1759 3556 Τῇ
1790 3483 1847 3537 δέ
1877 3463 1941 3553 γε

352 3571 511 3641 φύσει
533 3572 624 3626 τοῦ
642 3574 815 3642 Λόγου
841 3574 1041 3646 πρέποι
1065 3574 1132 3629 ἂν
1155 3575 1318 3630 πάλιν
1338 3574 1399 3630 τὸ
1420 3575 1508 3630 ἀεὶ
1528 3575 1750 3640 τελείως
1770 3576 1940 3650 ἔχειν,

351 3665 447 3719 καὶ
485 3666 625 3730 εἶναι
675 3658 888 3736 σοφίαν.
917 3667 1092 3721 Αὑτοῦ
1140 3667 1431 3740 τοιγαροῦν
1479 3668 1839 3740 ἀνθρωπίνως
1880 3670 1944 3725 τὸ

350 3755 426 3820 ὡς
459 3758 518 3810 ἐν
546 3756 771 3810 κενώσει
798 3758 961 3829 τυχὸν
994 3759 1315 3830 ὑφειμένον*
1348 3758 1513 3813 αύτοῖ
1546 3759 1605 3814 δὲ
1637 3762 1842 3833 ὁμοίως
1873 3760 1944 3815 τὰ

352 3848 655 3918 θεοπρεπῆ,
685 3849 899 3913 θεῖκῶς.
927 3849 985 3904 Ὀ
1015 3851 1124 3922 γάρ
1152 3851 1219 3905 τὸ
1266 3851 1362 3922 τῆς
1399 3852 1537 3922 μετὰ
1560 3852 1765 3923 σαρκὸς
1795 3855 1941 3907 οίκο-

349 3938 545 4008 νομίας
577 3939 778 4012 τρόπος
810 3956 872 3991 τε
917 3939 1012 3992 καὶ
1056 3939 1214 4008 λόγος
1261 3937 1402 3994 οἶδεν
1433 3942 1565 3996 ὄντα
1611 3942 1774 3997 αὐτὸν
1815 3942 1939 3996 καθ’

346 4033 517 4103 ἡμᾶς,
549 4033 645 4086 καὶ
673 4032 811 4105 ὑπὲρ
844 4033 1012 4103 ἡμᾶς.
1031 4031 1399 4104 ’Υπερέχοντα
1432 4033 1531 4102 μέν
1556 4032 1667 4087 τῶν
1694 4034 1793 4104 τῆς
1826 4034 1940 4088 κτί-

349 4132 496 4187 σεως
516 4123 734 4195 μέτρων
765 4123 841 4188 ὡς
867 4122 1027 4177 Θεόν·
1058 4122 1254 4177 ἐαυτοῦ
1286 4123 1344 4177 δέ
1375 4141 1491 4188 πως
1525 4126 1811 4196 μονονουχὶ
1844 4127 1938 4179 καὶ

346 4216 684 4286 ἡττώμενον,
714 4217 852 4270 καθὸ
884 4216 1130 4289 πέφηνεν
1157 4216 1464 4289 ἄνθρωπος.
1493 4219 1606 4272 Ποῦ
1633 4218 1742 4291 γὰρ
1771 4222 1804 4291 ἡ
1838 4236 1936 4274 τα-

347 4307 628 4372 πείνωσις,
672 4308 740 4380 ἥν
785 4308 1076 4381 ὑπέμεινεν
1107 4308 1269 4375 ἑκὼν,
1300 4311 1350 4363 εί
1380 4313 1697 4382 παραιτοῖτο
1729 4310 1798 4365 τὰ
1838 4313 1935 4365 ἀν-

346 4399 635 4471 ορὡπινα;
680 4402 829 4472 Πλὴν
868 4394 970 4456 ούκ
1007 4403 1067 4456 ὲν
1104 4403 1288 4468 αὐτοῖς
1324 4403 1356 4475 ἡ
1408 4402 1502 4457 τοῦ
1536 4403 1698 4473 λόγου
1734 4407 1936 4459 νοεῖται

2055 1921 2228 1973 nitore
2254 1920 2532 1989 praestabit
2563 1938 2577 1974 :
2623 1921 2975 1991 mysteriique
2997 1920 3158 1991 hujus
3182 1920 3323 1977 ratio
3358 1922 3429 1976 ita
3460 1923 3635 1993 expli-

2053 2020 2196 2077 cata,
2234 2013 2665 2081 reprehensione
2727 2014 2870 2084 apud
2931 2028 3080 2069 sana:
3140 2014 3339 2071 mentis
3387 2015 3637 2072 homines

2052 2113 2227 2159 vacat.

2122 2195 2263 2251 XVI.
2311 2216 2331 2250 ι
2377 2196 2519 2251 Puer
2542 2207 2723 2252 autem
2754 2197 3060 2263 crescebat,
3115 2207 3170 2252 et
3217 2200 3638 2257 conforlabatur

2051 2289 2278 2355 spiritu,
2332 2290 2527 2359 plenus
2578 2290 2887 2359 sapientia;
2934 2299 2991 2344 et
3038 2291 3214 2360 gratia
3260 2289 3354 2346 Dei
3410 2300 3530 2347 erat
3581 2292 3635 2345 in

2055 2380 2219 2449 illo';
2257 2400 2276 2433 ι
2312 2393 2369 2437 et
2407 2380 2548 2437 infra
2582 2400 2594 2436 :
2635 2399 2654 2432 ι
2690 2380 2849 2437 Jesus
2902 2382 3219 2453 proﬁciebat
3262 2385 3530 2453 sapientia
3576 2393 3634 2439 et

2053 2483 2215 2531 aetate
2242 2483 2300 2529 et
2315 2475 2489 2544 gratia
2522 2474 2665 2545 apud
2699 2475 2866 2530 Deum
2894 2484 2951 2530 et
2980 2476 3320 2531 homines'.»
3351 2478 3636 2532 Dominum

2052 2576 2298 2621 nostrum
2324 2566 2509 2624 Jesnm
2539 2568 2820 2623 Christum
2866 2583 3034 2622 unum
3088 2569 3311 2623 omnino
3343 2583 3463 2624 esse
3493 2567 3638 2622 aliir-

2054 2669 2287 2723 mantes,
2319 2660 2669 2730 humanaque
2692 2674 2758 2713 ac
2789 2659 2971 2714 divina
3002 2675 3069 2715 ex
3126 2675 3284 2730 azquo
3333 2660 3511 2715 eidem
3537 2659 3636 2714 tri-

2052 2747 2302 2816 buentes,
2333 2750 2695 2804 exinanitioni
2729 2749 2949 2820 quidem
3003 2765 3132 2805 vere
3161 2752 3454 2806 convenire
3484 2766 3639 2807 asses

2052 2842 2223 2896 rimus
2246 2856 2369 2897 cum
2397 2843 2644 2912 corporei
2680 2843 3001 2897 incrementi
3054 2844 3481 2912 susceptionem,
3516 2855 3632 2899 tum

2051 2934 2495 3003 corpulentarum
2519 2948 2736 3005 quoque
2764 2934 2999 3004 partium
3041 2935 3410 2990 successit/am
3442 2949 3637 2992 conso-

2050 3027 2364 3083 lidationem
2390 3034 2446 3083 et
2480 3026 2986 3092 conﬁrmationem;
3030 3034 3143 3081 tum
3176 3026 3278 3082 hoc
3328 3026 3501 3095 ipsum
3540 3027 3633 3083 de-

2051 3117 2233 3188 nique,
2268 3116 2414 3188 quod
2447 3117 2715 3187 sapientia
2764 3115 2975 3186 impleri
3028 3115 3344 3171 videretur:
3384 3116 3633 3186 quando-

2046 3211 2263 3281 quidem
2291 3225 2400 3265 una
2419 3225 2541 3265 cum
2566 3209 2905 3264 incremento
2931 3209 3181 3279 corporis
3203 3223 3300 3279 per
3323 3224 3634 3280 congruen-

2044 3310 2128 3359 tes
2151 3301 2317 3358 veluti
2358 3316 2703 3374 progressus,
2749 3301 3012 3371 sapientia
3063 3301 3208 3357 illius
3245 3302 3490 3371 quotidie
3518 3316 3631 3356 ma-

2043 3396 2130 3468 gis
2173 3398 2455 3467 magisque
2486 3392 2619 3450 foris
2656 3409 2777 3451 sese
2799 3394 3086 3464 prodebat.
3120 3394 3186 3448 Et
3217 3395 3333 3450 haec
3380 3394 3633 3464 quidem,

2044 3499 2106 3543 ut
2138 3487 2271 3554 dixi,
2298 3489 2480 3544 carnis
2509 3489 2927 3560 dispensationi,
2970 3489 3132 3562 139
3191 3499 3246 3544 et
3303 3490 3633 3546 humiliatio-

2048 3582 2135 3638 nis
2186 3581 2485 3637 conditioni
2540 3582 2939 3653 competebant.
2988 3585 3060 3637 At
3128 3597 3257 3638 vero
3309 3592 3628 3653 perpetuam

2042 3684 2503 3747 constantemque
2532 3676 2926 3746 perfectionem
2964 3676 3236 3744 obtinere,
3277 3693 3489 3739 necnon
3540 3692 3632 3732 saw

2042 3770 2304 3841 pientiam
2364 3783 2510 3836 esse,
2539 3771 2593 3825 id
2646 3772 2702 3825 in
2737 3770 2909 3841 ipsius
2959 3768 3126 3826 Verbi
3178 3782 3431 3827 naturam
3496 3786 3627 3843 qua«

2043 3864 2187 3919 drat.
2220 3861 2353 3917 Tam
2385 3878 2449 3918 ea
2486 3861 2654 3933 igitur
2683 3862 2830 3918 illius
2860 3870 2988 3919 sunt
3019 3877 3141 3933 quae
3193 3866 3260 3919 ad
3294 3865 3628 3919 exinanitio-

2043 3970 2167 4009 nem
2200 3954 2493 4023 pertinent,
2519 3968 2683 4024 quam
2740 3968 2803 4007 ea
2871 3969 3117 4019 rursum,
3165 3969 3285 4024 quae
3322 3955 3391 4011 ad
3427 3955 3631 4013 divina:

2039 4055 2249 4103 naturae
2275 4046 2653 4103 excellentiam
2680 4055 2950 4116 spectanl.
2985 4047 3197 4104 Etenim
3230 4050 3367 4105 ratio
3396 4052 3625 4109 modus-

2041 4154 2148 4211 que
2211 4139 2631 4209 dispensationis
2686 4153 2809 4194 cum
2859 4155 3025 4197 carne
3059 4144 3311 4198 entndem
3364 4153 3419 4201 et
3467 4145 3624 4203 nobis

2039 4236 2296 4302 similem,
2352 4244 2409 4292 et
2462 4236 2618 4293 nobis
2675 4254 2894 4295 rursum
2960 4239 3297 4309 superiorem
3353 4242 3620 4309 agnoscit.
3734 4286 3743 4298 .

2039 4327 2503 4396 Quemadmodum
2526 4328 2670 4385 enim
2702 4334 2882 4387 omnis
2921 4342 3187 4388 creaturae
3253 4333 3619 4389 conditionem

2040 4420 2226 4475 multis
2267 4420 2515 4489 partibus
2560 4419 2776 4477 excellit
2810 4431 2869 4477 ut
2904 4421 3079 4487 Deus;
3120 4422 3193 4475 ita
3223 4432 3282 4475 ut
3333 4423 3493 4478 homo
3527 4438 3623 4478 se—

345 4492 537 4560 φύσις,
581 4493 878 4547 οἰκειοῦται
917 4494 975 4546 δέ
1028 4494 1231 4565 μᾶλλον
1283 4495 1424 4550 αὐτὰ
1473 4497 1611 4566 μετὰ
1644 4496 1745 4568 τῆς
1796 4497 1933 4565 ἰδίας

2046 4513 2268 4582 metipso
2298 4514 2698 4583 quodammodo
2722 4513 2899 4569 minor
2915 4513 3155 4570 exsistit.
3174 4511 3446 4579 Quorsum
3471 4514 3617 4568 enim

345 4582 579 4652 σαρκός·
609 4583 861 4656 καθάπερ
907 4585 1101 4650 ἀμέλει
1134 4585 1229 4639 καὶ
1269 4588 1331 4640 τὸ
1374 4592 1567 4659 πεινῇν
1617 4591 1712 4643 καὶ
1745 4590 1926 4662 διψῇν,

345 4673 451 4726 καὶ
466 4672 525 4725 τὸ
554 4674 806 4742 λέγεσθαι
833 4679 1032 4745 καμεῖν
1062 4679 1127 4730 ἐκ
1154 4677 1607 4752 τῆς·ὁδοιπορίας.
1637 4681 1807 4735 Ὅταν
1838 4679 1932 4739 οὖν

347 4768 553 4840 ἀκούῃς
581 4784 593 4794 ·
632 4787 649 4819 ι
681 4768 755 4821 Τὸ
791 4768 865 4845 δέκ
898 4768 1110 4823 παιδίον
1156 4769 1392 4840 ηὕξανε,
1437 4773 1531 4826 καὶ
1572 4755 1934 4844 ἐκραταιοῦτο

345 4858 637 4930 πνεύματι,
669 4859 1044 4931 πληρούμενον
1075 4860 1297 4930 σοφίαςο
1332 4881 1350 4911 ο
1383 4862 1539 4932 δέχου
1567 4865 1702 4936 πρὸς
1734 4864 1931 4920 ἀπολο-

343 4952 469 5021 γίαν
498 4952 597 5024 τῆς
630 4953 769 5021 μετὰ
799 4950 998 5023 σαρκὸς
1022 4952 1336 5022 οἰκονομίας
1364 4956 1426 5008 τὸ
1455 4956 1773 5027 μυστήριον.
1803 4957 1929 5010 Ὅτι

343 5044 455 5114 γὰρ
483 5038 551 5116 ἦν
593 5044 726 5109 Θεὸς
763 5046 821 5097 ἐν
857 5045 1056 5116 σαρκὶ,
1092 5044 1427 5102 πιστώσεται
1474 5049 1647 5117 λέγων
1704 5050 1866 5115 αὐτὸς
1904 5052 1934 5105 ό

347 5138 616 5208 μακάριος
658 5138 1054 5209 εύαγγελιστής
1079 5156 1093 5171 ·
1137 5157 1156 5189 ι
1189 5139 1309 5193 Ὅτι
1360 5141 1517 5212 χάρις
1555 5142 1690 5198 Θεοῦ
1726 5140 1794 5219 ἦν
1838 5146 1932 5199 ἐπ’

344 5229 514 5298 αὐτῷ.
541 5248 558 5281 ι
588 5230 664 5282 Οὐ
692 5229 802 5302 γὰρ
828 5231 903 5295 ὡς
933 5232 1093 5304 χάριν
1120 5231 1241 5304 ἕχον
1268 5235 1399 5306 παρ’
1421 5234 1611 5306 ἐτέρου
1632 5236 1797 5301 Θεοῦ,
1830 5239 1932 5309 χά-

348 5340 432 5389 ριν
469 5322 614 5392 ἔχειν
642 5322 860 5391 λέγεται
893 5324 1052 5391 Θεοῦ,
1082 5325 1196 5379 ἀλλ’
1223 5327 1306 5380 ὅτι
1345 5328 1506 5398 χάριν
1550 5324 1664 5399 εἶχε
1704 5347 1762 5382 το
1796 5348 1930 5388 παιγ

343 5410 477 5475 δίον,
506 5414 652 5482 ἥπερ
680 5411 747 5466 ἂν
778 5412 965 5485 πρέπῃ
1003 5414 1144 5487 Θεῷ.
1180 5415 1291 5469 Καὶ
1319 5417 1431 5486 γὰρ
1471 5412 1541 5489 ἦν
1573 5434 1633 5472 τε
1666 5420 1762 5473 καὶ
1810 5419 1925 5474 ἔστι

343 5501 473 5565 Θεὸς
499 5505 527 5556 6
554 5504 749 5571 Λόγος,
781 5504 877 5558 καὶ
904 5506 964 5559 ἐν
1003 5508 1169 5578 σαρκί⁵
1206 5506 1487 5578 πεφηνὼς,
1523 5510 1807 5565 τουτέστιν
1835 5512 1929 5566 ἆν-

344 5592 560 5669 θρωπος
594 5596 713 5651 καθ’
743 5597 911 5668 ἡμᾶς.
959 5598 1023 5652 Et
1071 5598 1127 5652 δὲ
1175 5598 1239 5672 δὴ
1286 5599 1499 5671 λέγοιτο
1549 5601 1710 5675 χάριν
1754 5603 1923 5677 ἔχειν,

417 5770 439 5803 ⁸
473 5769 630 5827 Joan.
682 5788 734 5838 x,
786 5770 878 5837 24,
924 5770 1018 5826 25.
1096 5773 1116 5803 ⁸
1150 5773 1280 5832 Luc.
1313 5793 1373 5843 rt,
1414 5778 1505 5839 40.
1582 5781 1602 5814 ⁷
1635 5781 1767 5839 ibid.
1824 5784 1914 5841 5:2.

657 5864 930 5932 PA'IROL.
979 5870 1091 5931 Gn.
1139 5869 1395 5933 LXXVI.

2036 4605 2365 4672 humiliatio,
2396 4606 2449 4660 in
2487 4621 2649 4676 quant
2677 4606 2819 4661 ultro
2842 4622 2902 4663 se
2928 4606 3168 4672 demisit,
3202 4607 3246 4661 si
3280 4621 3401 4675 qua:
3427 4607 3622 4661 huma-

2038 4714 2120 4753 ηαξ
2146 4708 2352 4754 natura:
2380 4707 2511 4754 sunt
2542 4699 2761 4769 propria
2787 4715 2894 4755 non
2938 4700 3221 4769 agnoscit?
3280 4699 3395 4755 Non
3439 4709 3620 4755 tamen

2036 4788 2090 4845 in
2122 4789 2584 4859 ipsisagnoscitur
2616 4788 2776 4845 Verbi
2828 4799 3060 4857 natura;
3126 4791 3221 4846 sed
3276 4792 3460 4860 potius
3511 4808 3618 4847 una

2034 4895 2159 4937 cum
2187 4881 2402 4951 propria
2423 4896 2588 4936 carne
2608 4865 2684 4938 .ea
2706 4883 2887 4937 omnia
2917 4883 3018 4938 sibi
3062 4884 3280 4949 ascivit,
3309 4885 3616 4956 cujusmodi

2041 4983 2189 5037 sunt,
2213 4973 2442 5037 esurire,
2477 4973 2652 5040 sitire,
2675 4982 2729 5029 et
2764 4975 2980 5031 itineris
3011 4976 3197 5031 labore
3226 4978 3433 5048 frangi.
3476 4977 3613 5034 Cum

2043 5067 2206 5136 igitur
2239 5066 2396 5121 audis
2429 5086 2441 5121 :
2480 5084 2499 5118 t
2528 5066 2674 5122 Puer
2703 5078 2885 5123 autem
2912 5075 3222 5137 crescebat,
3252 5082 3300 5127 et
3334 5070 3616 5126 conforta-

2036 5156 2197 5213 batur
2250 5145 2466 5223 spiritu,
2532 5157 2722 5225 plenus
2765 5161 3071 5230 sapientia;
3124 5181 3144 5214 ι
3201 5162 3622 5232 dispensationis

2036 5260 2163 5303 cum
2211 5260 2377 5299 carne
2402 5249 2721 5316 mySLerium
2749 5250 2801 5311 in
2833 5265 3010 5306 causae
3057 5251 3423 5318 patrocinimn
3458 5266 3620 5306 assu-

2040 5351 2146 5390 me.
2170 5334 2323 5402 Quod
2351 5346 2531 5391 atttem
2561 5339 2702 5394 Deus
2732 5352 2845 5395 erat
2874 5341 2927 5395 in
2954 5356 3139 5406 carne,
3199 5341 3250 5394 id
3280 5342 3617 5412 evangelista

2036 5426 2138 5480 hac
2169 5426 2380 5482 ratione
2414 5427 2746 5505 confirmat:
2793 5448 2812 5481 ι
2849 5429 3135 5497 Quoniam,
3197 5429 3400 5499 inquit,
3431 5434 3607 5501 gratia

2038 5516 2132 5572 Dei
2165 5526 2282 5572 crat
2312 5518 2364 5573 in
2391 5519 2503 5575 illo.
2532 5538 2551 5571 ι
2591 5519 2701 5575 Nec
2726 5521 2870 5576 enim
2894 5522 2983 5576 Dei
3019 5522 3250 5589 gratiam
3305 5524 3511 5579 habere
3532 5525 3618 5580 di-
3711 5504 3716 5511 ’

2037 5609 2181 5666 citur
2207 5650 2223 5679 ,
2253 5612 2405 5682 quasi
2435 5612 2503 5670 ab
2522 5613 2627 5670 alio
2659 5612 2767 5671 Deo
2800 5613 2944 5670 illam
2980 5624 3258 5674 mutuatus
3312 5613 3496 5684 fuerit,
3522 5616 3618 5673 sed

3144 5884 3223 5948 43
