4076 6424
481 389 619 445 I555
1471 382 1528 437 S.
1576 378 1851 436 CYRILLI
1890 373 2359 432 ALEXANDRINI
2398 372 2715 429 ARCIIIEP.
3612 372 3748 428 I356

477 511 644 578 quod,
681 522 800 560 cum
834 519 964 576 puer
989 512 1148 568 esset,
1174 502 1439 572 ejusmodi
1463 500 1633 571 gratia
1658 507 1883 552 ornatus
1913 506 2050 561 erat,

2168 496 2323 567 ἡγουν
2370 493 2703 562 προκόπτειν
2748 493 2804 546 ἐν
2840 494 3019 564 χάριτι
3057 494 3205 563 παρὰ
3250 512 3307 546 τε
3344 492 3461 562 Θεῷ
3511 492 3606 545 καὶ
3638 493 3746 544 ἀν·-

476 616 580 669 qua
636 599 797 652 Deum
854 596 1119 651 decebat:
1162 590 1597 661 quandoquidem
1641 591 1781 643 Deus
1823 586 2057 643 Verbum

2168 585 2436 657 θρώποις,
2486 584 2546 636 τὸ
2592 584 2818 647 ἀπεικὸς
2848 583 2998 637 οὐδέν
3024 600 3038 617 ο
3072 586 3120 637 εί
3169 584 3263 639 xal
3305 584 3466 646 αὐτὸς
3495 584 3524 633 ό
3558 583 3750 653 Πατὴρ

477 701 615 751 erat,
644 701 698 743 ot
732 698 836 751 est,
875 687 1089 741 etiamsi
1125 686 1177 738 in
1206 699 1373 739 carne
1402 684 1737 751 apparuerit,
1790 679 2060 748 nobisque

2168 674 2458 744 ἀπεδέχετο
2485 672 2584 744 τὴν
2617 674 2953 743 οἰκονομίαν,
2987 674 3083 728 καὶ
3112 675 3275 728 αὐτὸν
3300 674 3358 727 δὲ
3392 673 3483 726 τὸν
3516 673 3643 725 Υίὸν
3671 676 3747 725 oi-

476 779 672 832 similis
699 778 923 832 cll‘ectus
980 778 1069 831 sit.
1098 774 1242 829 Nihil
1278 773 1501 842 proinde
1528 774 1765 837 absurdi,
1800 779 1940 823 anta
1976 782 2063 820 ra-

2168 765 2480 834 δεξιούμενον
2508 762 2577 816 τὰ
2607 764 2870 834 σαρκικὰ,
2896 764 2988 818 διὰ
3016 765 3077 818 τὸ
3104 764 3183 835 τῷ
3213 763 3499 836 μυστηρίῳ
3536 763 3749 835 πρέπον

476 871 619 924 tione
650 868 884 924 alienum
913 867 1200 931 asseritur,
1249 866 1293 920 si
1340 864 1506 919 etiam
1558 862 1792 932 gratiam
1837 860 2063 923 habere,

2168 873 2223 909 τε
2250 856 2388 926 ὁμοῦ
2421 856 2517 910 καὶ
2546 855 2607 907 τὸ
2640 858 2929 928 χρήσιμον.

474 964 571 1018 hoc
606 974 688 1018 est
723 963 896 1033 gratia
926 963 1063 1031 apud
1088 961 1252 1016 Deum
1288 969 1341 1015 et
1370 960 1614 1015 homines
1674 956 1938 1027 prolicere
1984 953 2231 1007 dicatur:
2284 966 2406 1006 nam
2450 952 2563 1021 ipse
2600 951 2762 1006 Pater
2830 960 2939 1006 tam
2990 951 3164 1021 ipsam
3220 952 3403 1007 carnis
3460 952 3755 1022 dispensa-

474 1056 698 1122 tionem,
723 1072 882 1125 quam
916 1054 1091 1124 ipsum
1119 1054 1280 1107 etiam
1315 1051 1509 1106 Filium
1550 1067 1671 1121 qua:
1723 1049 1906 1104 carnis
1973 1057 2098 1100 sunt
2136 1045 2377 1114 propria,
2410 1053 2631 1116 propter
2694 1043 2980 1099 utilitatem
3025 1044 3380 1115 mysteriique
3430 1046 3754 1099 convenien-

476 1152 604 1204 tiam
639 1151 738 1203 sibi
774 1149 1149 1213 ast'iscentetu,
1176 1156 1395 1216 accepta
1421 1146 1669 1200 habebat.

546 1240 705 1293 XVII.
734 1259 752 1291 ι
782 1241 853 1294 De
874 1242 958 1294 die
979 1250 1156 1293 autem
1183 1240 1270 1293 illa
1294 1251 1348 1294 ct
1381 1241 1512 1294 hora
1546 1254 1704 1294 nemo
1730 1238 1854 1304 scil,
1874 1250 2050 1305 neque

475 1331 649 1399 angeli
687 1331 972 1394 ctelorum,
1002 1345 1175 1399 neque
1203 1330 1392 1397 Filius,
1425 1332 1526 1386 nisi
1565 1330 1715 1386 solus
1743 1329 1905 1383 Pater
1943 1328 1985 1381 ⁸.
2027 1346 2045 1379 ι

475 1424 532 1478 Si
564 1424 844 1479 Christum
880 1440 1044 1478 unum
1080 1424 1375 1495 (objiciunt
1406 1424 1525 1493 illi),
1551 1425 1652 1478 hoc
1687 1434 1769 1478 est
1802 1423 1894 1477 Dei
1921 1420 2054 1476 Ver-

474 1517 599 1571 bmn
663 1515 1032 1577 incarnatum,
1086 1518 1141 1570 id
1199 1527 1283 1570 est
1348 1516 1626 1570 hominem
1676 1513 1883 1568 factum
1933 1526 2057 1569 esse

474 1617 632 1662 certo
672 1608 938 1674 Statuitis,
990 1606 1267 1675 quomodo
1305 1608 1349 1661 is
1381 1604 1880 1662 consummationis
1908 1605 2051 1659 diem

476 1686 799 1769 ignoravit?
855 1698 1272 1768 Respondemus
1340 1699 1650 1753 divinorum
1717 1708 2052 1752 secretorum

2236 1234 2331 1289 IZ'.
2374 1252 2393 1285 ι
2425 1233 2561 1304 Περὶ
2589 1231 2646 1285 δὲ
2673 1231 2773 1301 τῆς
2803 1229 3022 1301 ἡμέρας
3064 1228 3280 1299 ἐκείνης
3328 1229 3423 1281 καὶ
3466 1228 3566 1299 τῆς
3600 1228 3753 1299 ὥρας

2162 1325 2336 1389 οὐδεὶς
2382 1319 2543 1390 οἶδεν,
2585 1322 2709 1377 οὔτε
2755 1325 2804 1376 oi
2844 1323 3069 1390 ἄγγελοι
3109 1321 3218 1374 τῶν
3245 1320 3513 1394 οὐρανῶν,
3549 1321 3675 1373 οὕτε
3721 1322 3752 1373 ὁ

2162 1418 2313 1482 Υἱὸς,
2347 1417 2397 1469 εί
2428 1415 2503 1486 μὴ
2532 1418 2561 1469 ὁ
2595 1417 2804 1486 Πατήρ.
2833 1433 2850 1465 ι
2887 1415 2947 1467 Εἰ
2988 1413 3225 1484 Χριστὸν
3252 1412 3369 1476 ἐνα,
3405 1413 3594 1481 φασὶν,
3615 1416 3751 1483 ὁμο-

2162 1510 2343 1577 λογεῖν
2400 1506 2681 1576 ἐγνώκατε
2735 1506 2827 1560 τὸν
2878 1505 3014 1560 Θεοῦ
3068 1507 3241 1574 Λόγον
3304 1505 3751 1576 σεσαρκωμένον,

2161 1602 2328 1672 ἤγουν
2377 1598 2862 1671 ὲνηνθρωπηκότα,
2901 1598 3019 1660 πῶς
3070 1597 3307 1666 ἠγνόησε
3338 1594 3435 1667 τὴν
3484 1599 3583 1667 τῆς
3623 1612 3755 1648 συν-

2160 1690 2374 1753 τελείας
2403 1688 2652 1761 ἡμέραν;
2686 1687 2869 1758 Φαμὲν
2897 1683 3012 1755 οὖν,
3058 1688 3139 1741 ὅτι
3170 1688 3231 1740 τὸ
3275 1686 3543 1758 ἀγνοῆσαι
3585 1687 3751 1757 τυχὸν

479 1792 873 1860 ignorationem
944 1805 1118 1859 neque
1177 1792 1498 1859 probrosam
1563 1804 1684 1845 esse
1746 1798 2053 1849 creatum,

2168 1782 2225 1835 τὰ
2254 1783 2311 1835 ἐν
2338 1781 2456 1851 Θεῷ
2502 1781 2799 1852 μυστήρια,
2834 1778 2960 1832 οὔτε
2994 1778 3265 1851 ἀσύνηθες
3289 1818 3304 1839 ,
3332 1778 3458 1832 οὔτε
3489 1778 3595 1850 μὴν
3625 1780 3741 1831 ἐτέ-

478 1896 653 1950 neque
706 1880 882 1935 eidem
932 1894 1152 1950 quoque
1210 1880 1548 1934 inusitatam.
1624 1880 1899 1948 Scriptum
1971 1888 2056 1931 est

486 1970 667 2023 enim:
711 1987 729 2021 ι
767 1968 901 2037 Quis
940 1969 1090 2023 novit
1136 1977 1370 2024 mentem
1416 1968 1717 2024 Domini”?
1753 1987 1772 2020 ι
1813 1967 1869 2022 Si
1926 1983 2056 2036 ergo

476 2060 670 2124 Filios,
707 2068 980 2130 quatenus
1026 2060 1189 2115 homo
1219 2058 1398 2114 Iactus
1450 2070 1555 2128 est,
1607 2079 1625 2111 ι
1683 2058 1957 2130 paululum
1986 2058 2056 2110 ab

478 2153 683 2223 angelis
716 2152 1020 2207 minoratus
1062 2170 1083 2203 ι
1120 2149 1323 2206 dicitur
1350 2152 1392 2184 ¹⁰
1432 2151 1579 2224 (nam
1613 2163 1672 2207 ut
1710 2153 1890 2219 Deus,
1935 2151 2058 2205 uui-

479 2260 650 2300 versm
678 2256 942 2300 creatum
981 2244 1252 2311 praestat),
1294 2245 1423 2313 quid
1462 2246 1657 2298 mirmn
1694 2255 1797 2302 est.
1827 2245 1870 2298 si
1905 2260 2059 2311 atque

479 2348 646 2406 atque
698 2337 897 2407 angeli,
953 2335 1045 2391 Dei
1122 2347 1333 2392 secreta
1391 2336 1646 2407 ignorare
1696 2337 2055 2405 perhibetur;

479 2430 606 2483 licet
655 2429 699 2485 is
749 2431 840 2483 Ilei
899 2428 1075 2483 l‘atris
1122 2428 1388 2500 sapientia
1426 2438 1481 2483 et
1501 2429 1675 2483 virtus
1719 2429 1793 2484 sit
1831 2429 1871 2460 ¹¹
1904 2428 1928 2482 ἳ
1964 2427 2059 2481 Dei

480 2531 605 2570 vero
632 2515 811 2571 Patris
835 2518 1102 2585 sapientia
1137 2534 1241 2573 non
1280 2526 1461 2588 potest
1493 2532 1556 2572 ea
1594 2519 1830 2582 nescire,
1857 2534 1978 2589 qua:
2002 2520 2054 2571 in

479 2611 596 2676 ipso
644 2608 825 2662 abdita
873 2608 1057 2663 latent.
1100 2607 1262 2680 140
1287 2608 1343 2661 Si
1378 2608 1523 2662 enim
1566 2607 1805 2678 Spiritus
1848 2610 2056 2673 omnia,

480 2701 647 2753 etiam
702 2698 964 2769 profunda
1018 2698 1112 2753 Dei
1167 2708 1445 2754 scrutatur
1487 2698 1566 2763 ¹⁹,
1613 2709 1669 2753 et
1712 2698 1801 2753 ille
1854 2698 2058 2755 Christi

482 2792 718 2860 Spiritus
769 2801 878 2855 est,
925 2792 1200 2862 quomodo
1257 2792 1309 2845 id
1379 2790 1654 2858 nesciret,
1717 2793 1860 2861 quod
1915 2791 2061 2847 illius

482 2884 720 2954 Spiritus
778 2892 971 2938 exat-te
1018 2883 1221 2939 callet?
1254 2883 1435 2950 Quare
1492 2882 1621 2939 licet
1676 2892 1734 2937 ut
1769 2885 1929 2940 homo
1959 2885 2062 2950 ali-

480 2976 609 3046 quid
644 2972 941 3031 ιιθειτίνὶεεθ
965 2976 1200 3040 dicatur,
1241 2989 1301 3029 ut
1338 2974 1478 3030 Deus
1513 2985 1692 3030 tamen
1733 2975 1918 3029 omnia
1959 2974 2060 3030 n'o-

490 3079 595 3122 rat.
629 3067 743 3122 Etsi
773 3081 903 3138 ergo
932 3075 989 3121 ut
1018 3066 1181 3122 homo
1205 3068 1598 3138 ignorationem
1631 3082 1742 3137 pra:
1767 3081 1828 3123 se
1871 3066 2059 3131 ferret,

479 3160 608 3215 dum
650 3159 718 3215 de
760 3158 993 3223 Lazaro,
1045 3176 1063 3211 ι
1090 3158 1194 3215 Ubi
1234 3159 1491 3227 posuistis
1514 3174 1636 3214 eum
1667 3159 1751 3213 "‘1
1778 3177 1797 3210 ι
1836 3174 2064 3229 percon-

483 3261 712 3317 taretur,
761 3268 886 3306 tuox
921 3264 1124 3316 tamen,
1157 3252 1282 3307 dum
1322 3252 1526 3322 potenti
1576 3253 1777 3307 virtute
1806 3266 1873 3306 ex
1912 3267 2061 3307 mor-

485 3344 592 3399 tuis
646 3343 794 3397 illum
838 3344 1173 3409 exsuscitat,
1216 3343 1385 3397 Deum
1413 3358 1472 3398 se
1502 3358 1624 3399 esse
1662 3351 1849 3412 aperte
1879 3342 2059 3403 decla.

484 3444 590 3488 rat.
641 3431 965 3488 Tribnenles
1006 3432 1171 3503 igitur
1215 3432 1614 3487 incarnationis
1662 3430 2057 3501 dispensationi

2161 1891 2269 1941 ρως
2297 1870 2548 1944 ἀπρεπὲς
2576 1871 2643 1925 ἂν
2676 1870 2764 1941 εἴη
2795 1872 2861 1941 τῇ
2889 1870 3086 1924 κτίσει.
3120 1889 3138 1920 ι
3176 1870 3271 1933 Τίς
3297 1870 3406 1941 γὰρ
3440 1868 3582 1937 ἐγνω
3614 1868 3745 1921 νοῦν

2159 1968 2401 2040 κυρίους
2448 1987 2466 2020 ι
2520 1966 2665 2020 κατὰ
2701 1965 2762 2018 τὸ
2811 1964 3219 2035 γεγραμμένον.
3274 1965 3384 2017 Καὶ
3430 1965 3479 2017 εἰ
3530 1963 3750 2032 λέγεται

2161 2059 2335 2131 βραχὺ
2366 2060 2497 2130 παρ’
2528 2057 2796 2126 ἀγγέλους
2825 2056 3179 2127 ὴλαττῶσθαι
3213 2058 3243 2110 ό
3278 2056 3439 2120 Υἱὸς,
3484 2054 3620 2111 καθὸ
3657 2055 3753 2123 γέ-

2159 2169 2317 2220 γονεν
2363 2150 2654 2222 ἄνθρωπος
2702 2148 2970 2220 δηλονότι,
3020 2149 3200 2202 καίτοι
3245 2148 3475 2212 κτίσεως
3524 2146 3748 2218 ἀπάσης

2160 2241 2236 2295 ὢν
2268 2241 2529 2295 ἐπέκεινα
2565 2239 2791 2303 θεῖκῶς·
2846 2238 2899 2291 τί
2949 2238 3010 2291 τὸ
3057 2237 3266 2307 θαῦμα,
3313 2237 3415 2291 κᾶν
3464 2238 3600 2307 ὁμοῦ
3634 2240 3749 2299 τοῖς

2163 2336 2418 2405 ἀγγέλοις
2440 2335 2654 2403 ἀγνοεῖν
2684 2332 2913 2403 λέγηται
2938 2331 3000 2384 τὸ
3029 2333 3086 2384 ἐν
3119 2329 3237 2401 Θεῷ
3270 2330 3594 2401 μυστήριον,
3614 2328 3757 2382 καί-

2164 2444 2248 2480 τοι
2283 2427 2447 2496 σοφία
2477 2426 2573 2479 καὶ
2592 2424 2822 2496 δύναμις
2850 2423 3111 2493 ὑπάρχων
3144 2422 3311 2476 αὐτοῦ
3335 2439 3350 2486 ς
3380 2418 3517 2475 Εἶτα
3544 2420 3662 2485 πῶς
3685 2419 3757 2474 ἂν

2164 2520 2439 2590 ἠγνόησεν
2479 2519 2513 2590 ἠ
2564 2516 2723 2586 σοφία
2750 2514 2848 2569 τοῦ
2897 2514 3108 2585 Πατρὸς
3136 2514 3207 2567 τὰ
3239 2516 3296 2568 ἐν
3326 2513 3478 2584 αὐτῷ
3511 2530 3759 2585 κεκρυμ-

2170 2615 2342 2683 μένας
2382 2611 2492 2665 Kal
2524 2611 2572 2664 εί
2610 2610 2672 2663 τὸ
2727 2608 2954 2680 Πνεῦμα
3002 2607 3224 2676 λέγεται
3276 2607 3456 2660 πάντα
3499 2607 3754 2677 ἐρευνᾷν,

2164 2703 2259 2757 καὶ
2282 2704 2349 2757 τὰ
2374 2702 2515 2772 βάθη
2535 2700 2631 2755 τοῦ
2661 2701 2820 2767 Θεοῦ,
2842 2698 3068 2770 Πνεῦμα
3091 2698 3149 2752 δέ
3175 2699 3293 2751 ἐστι
3323 2697 3419 2752 τοῦ
3448 2696 3687 2770 Χριστοῦ
3704 2709 3757 2762 υ,

2165 2794 2284 2859 πῶς
2331 2794 2397 2847 ἂν
2444 2793 2607 2857 αὐτὸς
2660 2792 2953 2861 ἠγνόησεν,
3000 2790 3144 2862 ἅπερ
3198 2785 3343 2844 οἶδεν
3400 2788 3649 2862 ἀκριϐῶς
3695 2789 3760 2841 τὸ

2166 2885 2393 2956 Πνεῦμα
2423 2883 2622 2949 αὐτοῦ;
2650 2881 2861 2937 Οὐκοῦν
2894 2881 2995 2937 κᾶν
3024 2882 3239 2951 ἀγνοεῖν
3274 2880 3632 2952 ἀνθρωπίνως
3662 2879 3760 2933 λές

2165 2992 2351 3046 γηται,
2397 2974 2512 3028 ἀλλ’
2545 2969 2657 3027 οἶδε
2694 2972 2909 3036 θεῖκῶς.
2944 2972 3058 3025 Kal
3098 2970 3251 3039 γοῦν,
3311 2988 3329 3021 ι
3372 2971 3484 3025 Ποῦ
3519 2970 3759 3024 τέθειται

2118 3124 2131 3136 η
2168 3066 2452 3134 Λάζαρος;
2483 3084 2501 3116 ι
2524 3063 2763 3137 ἐρωτῶν,
2786 3063 2861 3127 ὡς
2887 3062 3006 3128 ἐξὸν
3036 3062 3185 3132 αὐτῷ
3206 3062 3281 3134 μὴ
3307 3061 3504 3117 εἰδέναι
3530 3063 3671 3117 κατά
3695 3063 3760 3116 τὸ

2169 3157 2533 3229 ἀνθρώπινον,
2580 3159 2856 3228 ὲνήργηκε
2903 3155 3122 3221 θεῖκῶς,
3150 3154 3461 3226 ἀναστήσας
3495 3154 3660 3208 αὐτὸν
3691 3157 3761 3208 ἐκ

2172 3248 2406 3319 νεκρῶν.
2448 3248 2841 3312 Ἀπονέμοντες
2869 3246 3047 3299 τοίνυν
3079 3248 3146 3318 τῇ
3194 3246 3333 3317 μετὰ
3369 3247 3571 3317 σαρκὸς
3611 3248 3760 3300 οίκο-

2168 3340 2335 3411 νομίᾳ.
2366 3339 2435 3394 τὰ
2463 3339 2785 3412 ἀνθρώπινα
2804 3378 2820 3404 ,
2848 3339 3182 3410 τηρήσωμεν
3210 3337 3452 3402 εὐσεϐῶς
3485 3340 3579 3391 καὶ
3630 3337 3761 3391 καθ’

2167 3432 2317 3501 ἡμᾶς
2347 3429 2593 3499 γεγονότι
2622 3429 2701 3501 τῷ
2729 3432 2793 3483 ὲκ
2818 3429 2956 3483 Θεοῦ
2996 3428 3156 3498 φύντι
3178 3428 3338 3500 Λόγῳ
3361 3429 3427 3483 τά
3452 3428 3756 3501 θεοπρεπῆ.

482 3543 545 3583 ea
576 3542 695 3596 quae
728 3525 963 3579 hominis
1013 3532 1171 3590 sunt,
1220 3537 1503 3579 servemus
1566 3525 1756 3591 etiam,
1806 3538 1910 3592 qua
1950 3524 2106 3580 decet
2144 3524 2370 3594 pietate,
2420 3522 2496 3579 illi
2540 3523 2633 3594 qui
2694 3524 2869 3579 instar
2915 3524 3088 3579 nostri
3154 3520 3333 3579 laetus
3360 3532 3445 3578 est
3477 3522 3660 3587 homo,
3688 3536 3760 3577 ex

486 3616 597 3672 Deo
618 3616 801 3685 genito
830 3613 1034 3679 Verbo,
1065 3628 1187 3683 qua:
1212 3613 1313 3680 ipsi
1349 3623 1406 3666 ut
1435 3612 1544 3669 Deo
1574 3614 1925 3668 conveniunt.

557 3705 745 3762 XVIII.
789 3723 808 3756 ι
859 3706 1127 3761 Clamavit
1176 3703 1337 3759 Iesus
1383 3721 1515 3760 voce
1559 3722 1783 3776 magna,
1817 3707 2010 3762 dicens
2049 3724 2062 3760 :

490 3796 636 3852 Deos
685 3811 877 3861 mens,
929 3795 1071 3851 Deus
1129 3811 1317 3860 meus,
1388 3798 1579 3866 utquid
1624 3814 1709 3852 me
1762 3799 2059 3868 dereliqui-

487 3892 555 3947 sti
590 3888 673 3943 ιιι
705 3906 723 3941 ο
753 3888 1003 3958 Nunquid
1046 3888 1221 3957 ipsum
1259 3903 1475 3958 quoque
1514 3888 1771 3954 Verbum,
1817 3891 1962 3959 quod
1998 3905 2067 3945 ex

488 3984 599 4039 Deo
627 3981 786 4035 Patre
811 3991 993 4035 natuut
1034 3990 1137 4044 est,
1189 3979 1375 4034 divino
1409 3980 1612 4034 auxilio
1651 3981 1955 4051 indiguisse
1988 3982 2070 4036 di-

486 4074 716 4132 cemus?
751 4074 819 4128 At
847 4072 974 4142 quid
997 4087 1062 4127 eo
1087 4072 1192 4128 dici
1224 4081 1401 4142 potest
1432 4072 1686 4128 stultius?
1724 4075 1923 4128 Annon
1958 4088 2063 4128 una

488 4185 609 4223 cmn
646 4168 755 4221 Deo
801 4165 960 4220 Patre
996 4165 1373 4220 universorum
1413 4164 1673 4221 Dominus
1705 4176 1821 4230 est,
1856 4181 2068 4236 suoque

490 4260 694 4329 Spiritu
726 4261 922 4314 malum
959 4258 1161 4321 lirmat,
1195 4272 1259 4313 ac
1289 4258 1554 4312 virtutum
1590 4258 1850 4314 Dominus
1883 4259 2067 4329 appel-

2244 3708 2351 3761 IH'.
2395 3727 2413 3758 ι
2462 3705 2687 3777 Ἐϐόησε
2721 3706 2781 3760 δέ
2824 3709 2975 3779 φωνῇ
3024 3706 3240 3779 μεγάλῃ
3286 3707 3315 3760 ό
3372 3704 3614 3776 Ἰησοῦς·
3655 3704 3761 3758 Θεό

2176 3819 2302 3872 μου,
2334 3799 2435 3853 Θεέ
2470 3816 2596 3870 μου,
2631 3798 2721 3853 ἵνα
2769 3798 2823 3852 τί
2869 3816 2939 3871 με
2991 3800 3381 3868 ἐγκατέλιπες;
3418 3817 3436 3850 ι
3470 3794 3617 3868 *Αρα
3663 3793 3759 3850 οὖν

2173 3894 2268 3946 xal
2312 3891 2473 3945 αὐτὸν
2514 3891 2837 3964 ἐπικουρίας
2862 3891 2962 3961 τῆς
2992 3891 3200 3946 ἄνωθέν
3245 3908 3427 3961 φαμεν
3476 3889 3761 3959 δεδεῆσθαι

2172 3984 2265 4037 τὸν
2297 3986 2360 4037 ἐκ
2394 3980 2531 4037 Θεοῦ
2578 3984 2790 4055 Πατρδς
2820 3984 3029 4052 Λόγον;
3057 3982 3253 4037 Καίτοι
3287 3983 3399 4046 πῶς
3426 3979 3583 4036 τοῦτό
3610 3984 3763 4034 ἐστιν

2174 4076 2275 4129 οὐκ
2321 4073 2517 4146 εὔηθες
2563 4076 2792 4147 κομιδῇς
2824 4074 3206 4145 Συγκατάρχει
3237 4075 3344 4147 γὰρ
3372 4073 3481 4127 τῶν
3510 4072 3649 4127 ὅλων
3682 4071 3761 4142 τῷ

2175 4167 2295 4238 Θεῷ
2329 4167 2422 4220 καὶ
2454 4167 2632 4238 Πατρὶ
2656 4206 2671 4232 ,
2706 4168 2801 4220 καὶ
2850 4171 3061 4238 στερεοί
3095 4168 3194 4240 μὲν
3222 4166 3484 4238 οὐρανοὺς
3514 4164 3593 4235 τῷ
3645 4164 3762 4234 ἰδίῳ

2177 4257 2484 4328 Πνεύματι,
2510 4258 2716 4329 Κύριος
2746 4258 2804 4312 δὲ
2831 4259 2941 4312 τῶν
2968 4259 3252 4331 δυνάμεων
3303 4256 3628 4329 ὀνομάζεται
3666 4256 3762 4309 καὶ

490 4352 653 4418 lator,
687 4360 740 4405 et
768 4359 851 4404 est
880 4350 982 4404 hoc
1016 4349 1196 4419 ipsum
1234 4361 1357 4404 vere
1387 4349 1474 4403 “"l
1509 4348 1762 4419 Nunquid
1798 4364 1928 4421 ergo
1974 4352 2063 4405 ad-

2177 4348 2293 4401 ἐστι
2333 4350 2477 4404 κατὰ
2522 4349 2802 4422 ἀλήθειαν.
2848 4351 2991 4405 Ἀλλ’
3034 4352 3295 4423 ἠτόνησεν
3341 4352 3449 4423 ἄρα
3492 4351 3630 4423 πρὸς
3660 4351 3761 4415 τὰς

489 4457 683 4499 versus
714 4439 1028 4497 Iudaeorum
1055 4442 1282 4498 insidias
1302 4441 1576 4513 elanguit?
1602 4439 1861 4512 Nunquid
1889 4443 2068 4499 cruci-

493 4534 770 4605 ligentium
804 4547 997 4587 manus
1019 4533 1293 4589 debellare
1322 4548 1429 4588 non
1462 4533 1635 4601 potuit
1656 4532 1681 4586 ?
1700 4535 1863 4603 Atqui
1891 4533 2059 4589 Isaias

490 4626 754 4695 propheta
784 4622 863 4679 sic
896 4623 1005 4677 ait:
1049 4640 1069 4674 ι
1109 4624 1164 4678 Si
1189 4638 1379 4678 onmes
1408 4633 1597 4693 gentes
1636 4625 1789 4694 quasi
1814 4624 1957 4679 stilla
1999 4626 2067 4681 de

490 4716 673 4779 situla,
717 4722 773 4769 et
810 4713 965 4783 quasi
1000 4723 1332 4768 momentum
1364 4723 1585 4769 statera:
1613 4725 1878 4784 reputatae
1915 4726 2065 4782 sunt,

489 4817 544 4860 et
564 4806 718 4877 quasi
770 4806 935 4860 saliva
994 4804 1446 4875 reputabuntur:
1508 4806 1594 4861 cui
1645 4822 1777 4877 ergo
1832 4808 2066 4863 similem

494 4891 699 4945 fecistis
726 4890 934 4945 Deum?
962 4901 1054 4945 aut
1082 4891 1170 4945 cui
1196 4890 1419 4961 imagini
1438 4892 1798 4960 comparastis
1817 4906 1939 4946 eum
1959 4892 2068 4946 “1'.

493 4981 808 5036 Meminisse
866 4983 968 5037 hoc
1019 4983 1140 5037 loco
1204 4993 1421 5052 oportet
1478 4979 1717 5037 Judaicas
1779 4982 2078 5055 Synagogae

491 5071 844 5126 administros
884 5087 1007 5126 cum
1055 5071 1289 5126 militum
1319 5072 1578 5137 cohorte,
1613 5071 1749 5126 duce
1776 5072 2072 5141 proditore,

2174 4437 2285 4491 τῶν
2323 4438 2597 4493 Ἰουδαίων
2647 4440 2961 4508 ἐπιϐουλὰς,
2996 4441 3089 4494 καὶ
3122 4442 3333 4512 ἄμαχος
3361 4437 3431 4513 ἦν
3461 4440 3612 4512 αὐτῷ
3648 4440 3760 4494 τῶν

2178 4528 2560 4599 σταυρούντων
2611 4532 2645 4602 η
2698 4532 2841 4603 χείρ.
2912 4533 3107 4585 Καίτοι
3168 4533 3333 4603 φησὶν
3392 4533 3421 4584 ὁ
3476 4534 3762 4603 προφήτης

2186 4620 2417 4685 Ἡσαΐας
2439 4638 2451 4651 ν
2490 4640 2508 4673 ι
2546 4623 2608 4676 Ei
2654 4625 2830 4678 πάντα
2866 4623 2937 4679 ’τὰ
2965 4624 3092 4698 ἔθνη
3124 4624 3200 4688 ὼς
3235 4623 3450 4693 σταγὼν
3493 4622 3603 4677 ἀπὺ
3628 4623 3760 4676 κάδο·

2175 4712 2266 4765 δου
2287 4755 2301 4780 ,
2330 4714 2425 4767 καὶ
2450 4715 2525 4780 ὡς
2555 4715 2697 4785 ῥοπὴ
2732 4715 2897 4784 ζυγοῦ
2933 4715 3314 4787 ἐλογίσθησαν,
3357 4716 3449 4769 καὶ
3479 4715 3555 4779 ὡς
3584 4714 3762 4778 σίελος

2183 4803 2629 4875 λογισθήσονταιν
2663 4808 2770 4861 τίνι
2790 4807 3112 4879 ὡμοιώσατε
3138 4808 3229 4862 τὸν
3258 4807 3464 4879 Κύριον
3488 4824 3503 4875 ;
3541 4808 3635 4862 καὶ
3654 4806 3761 4860 τίνι

2186 4893 2829 4965 ὀμοιώματιὼμοιὼσατε
2846 4898 3040 4966 αὐτόν;
3057 4918 3075 4950 ι
3097 4899 3295 4953 ἰστέον
3314 4898 3391 4961 δὲ,
3406 4900 3489 4952 ὅτι
3506 4897 3763 4969 παρῆσαν

2178 4984 2277 5052 μὲν
2308 4983 2359 5036 οἱ
2388 4983 2485 5053 τῆς
2529 4984 2801 5040 Ἰουδαίων
2834 4988 3159 5058 συναγωγῆς
3188 4987 3482 5059 ὑπηρέται,
3519 4989 3619 5058 τὴν
3651 4987 3761 5040 τῶν

2178 5075 2533 5147 στρατιωτῶν
2557 5076 2775 5149 ἔχοντες
2810 5081 3062 5150 σπεῖραν,
3099 5079 3401 5150 ἡγούμενον
3427 5080 3485 5132 δὲ
3511 5079 3604 5132 τὸν
3631 5096 3764 5150 προ-

492 5166 722 5220 irruisse
747 5162 1005 5220 inJesum
1039 5182 1053 5219 :
1091 5165 1290 5233 quibus
1308 5171 1367 5217 ut
1382 5178 1504 5217 eum
1546 5164 2063 5233 comprehenderem

2176 5164 2356 5237 δότην.
2400 5167 2619 5240 Ἐπειδὴ
2654 5168 2711 5222 δὲ
2743 5168 2970 5241 ἐζήτουν
3015 5171 3178 5225 αὐτὸν
3224 5170 3616 5235 συλλαϐέσθαι,
3654 5173 3762 5223 ἀπ-

491 5257 885 5324 quaerentibus,
930 5254 1172 5311 occurrit
1210 5253 1324 5320 ille,
1381 5254 1608 5310 dicens:
1647 5271 1667 5307 ι
1706 5253 1877 5320 Quem
1929 5270 2077 5324 quaa-

565 5416 586 5445 ⁸
629 5412 813 5465 Matth.
848 5426 994 5475 xxiv,
1026 5409 1116 5464 '56.
1208 5406 1373 5481 ’_|sa.
1416 5425 1503 5472 xc,
1548 5408 1642 5481 ιι,
1710 5408 1759 5481 Α¹Ϋ
1804 5393 1968 5481 Ιιοὺιί
2017 5427 2077 5481 ιι,
2115 5411 2166 5467 7.

2181 5259 2318 5329 ήντα
2350 5258 2553 5327 λέγων·
2590 5280 2609 5314 ι
2640 5261 2775 5317 Τίνα
2810 5261 3058 5334 Curetes;
3091 5264 3152 5317 Οἱ
3180 5263 3237 5317 δὲ
3273 5264 3409 5336 πρὸς
3438 5263 3594 5316 τοῦτο
3626 5262 3762 5330 ἔφα-

2268 5412 2513 5492 “_[Cor.
2553 5432 2593 5485 ι,
2614 5417 2706 5473 24.
2784 5419 2828 5450 ¹²
2856 5418 3020 5475 lCor.
3052 5420 3227 5492 n,'_I0.
3306 5420 3348 5451 ¹³
3374 5419 3528 5477 Joan.
3573 5439 3633 5487 ιι,
3672 5423 3761 5476 3t.

496 5480 539 5511 “
570 5483 756 5536 .llattlt.
788 5497 957 5548 χχιιι,
986 5481 1076 5538 46.
1116 5481 1200 5553 ,ιη
1228 5478 1372 5535 Psal.
1411 5493 1581 5547 sun,
1612 5476 1667 5542 6,
1701 5478 1788 5534 I0.
1867 5480 1911 5512 “
1935 5480 2036 5535 Isa.

2198 5484 2285 5551 I5,
2315 5484 2403 5542 I8.

1591 5634 1765 5693 Variae
1803 5636 2065 5695 lectiones
2093 5639 2299 5697 codicis
2328 5639 2687 5713 Seguieriani.

570 5796 599 5824 ιι
623 5786 782 5842 Θεοῦ.
