4076 6436
369 362 506 415 1557

1179 360 1271 414 AD
1312 355 1615 414 BEGiNAS
1654 355 1739 411 DE
1777 354 2013 411 RECTA
2055 354 2212 410 FIDE
2250 351 2510 411 ORATIO
2549 351 2849 407 ALTERA.

3485 356 3625 411 i358

367 491 503 529 σαν·
550 473 756 544 Ἰησοῦν
796 475 887 528 τὸν
934 475 1274 546 Ναζωραῖον.
1324 472 1457 528 Εἶτα
1500 474 1637 547 πρὸς
1681 474 1881 537 αὐτοὺς
1920 476 1948 527 ὁ
1983 527 1985 536 λ

2071 474 2213 528 'itis?
2263 473 2339 527 illi
2390 482 2572 526 autem
2640 472 2949 527 dixerunt:
3016 470 3201 525 Jesum
3259 470 3620 532 Nazarenmn.

368 566 593 637 Σωτήρ·
630 566 772 634 Ἐγώ
804 569 939 637 είμι.
984 568 1094 621 Καὶ
1141 566 1383 637 ἀπῆλθον
1412 568 1490 630 είς
1527 567 1594 619 τὰ
1623 567 1819 631 ὀπίσω,
1852 567 1947 620 καὶ

370 657 562 709 ἔπεσον
605 658 800 728 χαμαί.
835 678 854 708 ι
890 654 1022 711 Εἶτα
1061 658 1180 720 πῶς
1215 659 1282 711 ἂν
1325 659 1590 728 ὴτόνησεν
1623 659 1651 711 ὁ
1684 660 1779 712 καὶ
1811 659 1948 729 μόνῃ

369 751 436 818 τῇ
457 751 606 819 φωνῇ
627 748 725 818 τὴν
752 748 860 800 τῶν
888 749 1350 802 ἐπιϐουλευόντων
1379 748 1606 817 ἐλέγξας
1630 748 1946 815 ἀσθένειανς

371 838 437 891 Τί
480 834 573 892 οῦν
609 838 720 910 ἄρα
764 838 1012 908 βούλεται
1051 840 1260 908 λέγων·
1306 859 1324 891 ι
1361 838 1462 893 Θεέ
1505 857 1629 911 μου,
1673 839 1774 892 Θεέ
1820 855 1947 910 μου,

372 926 463 981 ἵνα
487 928 539 979 τί
571 945 639 997 με
667 929 1062 995 ἐγκατέλιπες;
1092 949 1110 981 ι
1143 930 1327 1000 Φαμὲν
1353 930 1556 993 τοίνυν,
1587 931 1670 983 ὅτι
1697 929 1790 982 τοῦ
1819 946 1952 1001 προ·-

375 1020 613 1089 πάτορος
652 1019 823 1091 Ἀδὰμ
855 1021 956 1090 τὴν
1004 1021 1254 1075 δοθεῖσαν
1286 1022 1435 1093 αὑτῷ
1480 1023 1825 1093 πατήσαντος
1864 1023 1953 1075 ἐν·-

374 1110 555 1181 τολὴν,
597 1111 692 1164 καὶ
722 1111 815 1164 τοῦ
848 1110 994 1165 θείου
1022 1112 1392 1189 ἀλογήσαντος
1438 1114 1627 1183 νόμου,
1658 1113 1954 1181 ἐγκαταλέ-

376 1199 594 1253 λειπταί
644 1218 760 1264 πως
802 1202 835 1272 ἡ
884 1202 1172 1273 ἀνθρώπου
1223 1204 1384 1272 φύσις
1439 1204 1591 1276 παρὰ
1634 1202 1730 1257 τοῦ
1780 1202 1949 1256 Θεοῦο

376 1290 569 1358 γέγονε
595 1290 652 1342 δὲ
690 1292 963 1361 ἐπάρατος
988 1292 1077 1345 διά
1116 1295 1294 1359 τοῦτο,
1327 1296 1422 1348 καὶ
1450 1294 1668 1366 θανάτῳ
1700 1294 1951 1365 κάτοχος.

389 1382 612 1454 Ἐπειδὴ
633 1382 691 1435 δέ
717 1384 779 1437 τὸ
812 1386 1073 1450 πεπονθὸς
1090 1395 1118 1425 ν
1149 1387 1614 1457 ἀναστοιχειώσων
1637 1390 1716 1453 εἰς
1743 1386 1957 1458 ἀφθαρ-

379 1475 501 1527 σίαν
525 1475 870 1546 ἐπεδήμησεν
900 1477 929 1528 ό
960 1477 1253 1549 μονογενὴς
1280 1478 1372 1532 τοῦ
1399 1479 1535 1532 Θεοῦ
1554 1480 1743 1548 Λόγος,
1762 1480 1958 1533 ἐπελά-

379 1564 504 1617 ϐετό
558 1580 619 1616 τε
682 1566 997 1636 σπέρματος
1059 1568 1333 1640 Ἀϐραὰμ,
1388 1570 1484 1623 καὶ
1535 1569 1794 1641 ὡμοιώθη
1848 1572 1959 1634 τοῖς

384 1654 635 1722 ἀδελφοῖς
657 1693 672 1716 ,
711 1654 819 1707 ἔδει
853 1655 991 1724 μετὰ
1026 1657 1123 1726 τῆς
1169 1658 1403 1727 ἀρχαίας
1443 1657 1657 1728 ἐκείνης
1686 1660 1826 1728 ἀρᾶς
1864 1658 1960 1713 καὶ

376 1746 477 1817 τῆς
507 1745 836 1798 ἐπεισάκτου
862 1746 1067 1817 φθορᾶς
1095 1747 1394 1818 καταλῆξαι
1428 1748 1525 1819 τὴν
1551 1749 1956 1819 ἐγκατάλειψιν,

2052 568 2190 622 Dicit
2222 568 2302 621 eis
2333 564 2529 621 Jesus:
2567 564 2680 635 Ego
2711 579 2855 620 sum.
2892 563 2959 618 Et
3004 564 3260 619 abierunt
3303 575 3625 633 retrorsum,

2049 667 2105 712 et
2132 657 2517 712 cecideruntin
2543 666 2740 712 terram
2772 655 2909 710 ""3.
2951 672 2970 707 ι
3002 654 3119 711 Jam
3152 658 3428 726 quomodo
3466 660 3622 713 inﬁr-

2052 764 2172 804 mus
2196 749 2301 803 dici
2333 757 2529 818 potest,
2560 748 2651 818 qui
2686 748 2767 802 vel
2805 746 2917 802 sola
2953 763 3082 802 voce
3118 747 3501 803 insultantium
3543 750 3626 805 in-

2055 840 2365 895 ﬁrmitatem
2399 840 2688 896 ostendit?
2724 839 2929 909 Ecquid
2972 854 3106 909 ergo
3144 840 3249 894 sibi
3300 840 3414 895 vult
3485 841 3628 905 quod

2052 933 2151 997 ait,
2183 950 2203 984 ι
2251 932 2395 987 Deus
2456 947 2627 996 meus,
2672 933 2811 987 Deus
2856 947 3032 994 meus,
3069 932 3257 1001 utquid
3288 932 3626 1002 dereliquisti

2053 1024 2186 1080 me?
2220 1044 2239 1077 ι
2276 1023 2516 1079 Dicimus
2570 1024 2756 1093 igitur,
2786 1036 2908 1077 cum
2958 1022 3165 1090 primus
3222 1035 3418 1090 parens
3447 1030 3632 1076 noster

2054 1115 2224 1171 Adam
2251 1114 2562 1168 mandatum
2601 1113 2743 1183 quod
2789 1123 3073 1183 acceperat
3120 1112 3503 1178 proculcassel,
3551 1112 3634 1166 di-

2057 1207 2347 1274 vinamque
2393 1205 2563 1273 legem
2608 1204 2870 1275 ncglcctui
2912 1204 3196 1258 habuisset
3223 1204 3289 1267 ¹⁹,
3335 1202 3629 1257 humanam

2057 1307 2307 1351 naturam
2343 1294 2513 1350 fuisse
2574 1295 2970 1363 quodammodo
3005 1293 3340 1359 derelictam,
3387 1308 3635 1348 exsecra-

2059 1387 2329 1455 bilemque
2368 1394 2424 1439 et
2461 1385 2617 1440 morti
2676 1384 2963 1438 obnoxiam
3019 1383 3264 1438 effectam
3301 1403 3314 1438 :
3356 1391 3411 1436 at
3472 1382 3636 1438 simul

2060 1490 2224 1548 atque
2264 1477 2611 1548 ‘Unigenitus
2640 1476 2758 1541 Dei,
2801 1476 2852 1530 id
2883 1478 3026 1545 quod
3054 1477 3369 1545 prolapsum
3406 1486 3546 1544 erat,
3577 1475 3630 1528 in

2062 1570 2525 1639 incorruptionem
2564 1568 2971 1622 instauraturus
3007 1569 3226 1621 advenit
3252 1607 3267 1631 ,
3316 1568 3636 1637 semincque
3746 1603 3773 1613 ρ.

2060 1662 2295 1717 Abrahae
2349 1660 2722 1730 apprehenso,
2798 1658 3067 1714 fratribus
3122 1659 3237 1712 suis
3299 1656 3636 1712 assimilatas

2064 1752 2163 1807 fuit
2194 1751 2281 1816 ¹⁰;
2315 1760 2444 1804 tunc
2490 1763 2596 1802 una
2644 1762 2767 1802 cum
2808 1745 3036 1816 antiquo
3070 1745 3163 1799 illo
3203 1743 3361 1816 14],
3405 1743 3628 1798 maledi-

379 1838 447 1909 ἢν
479 1838 773 1908 ὑπέμεινεν
805 1839 862 1891 ἐν
887 1839 1086 1909 ἀρχαῖς
1127 1841 1160 1910 ἡ
1188 1838 1286 1891 τοῦ
1315 1839 1605 1909 ἀνθρώπου
1654 1841 1835 1910 φύσις.
1865 1841 1957 1903 Ὠς

2071 1851 2181 1907 rto,
2236 1841 2565 1908 inductaque
2611 1837 3004 1907 corruptione,
3054 1835 3421 1890 desertiouem
3473 1849 3636 1902 quam

380 1925 473 1983 οῦν
504 1923 585 1992 εἷς
614 1929 872 1999 ὑπάρχων
920 1930 1031 1983 τῶν
1063 1929 1661 2001 ἐγκαταλελειμμένων,
1698 1931 1835 1985 καθὸ
1863 1933 1957 1985 καὶ

380 2020 542 2083 αὑτὸς
603 2021 1002 2091 παραπλησίως
1072 2021 1204 2091 ἡμῖν
1258 2022 1520 2092 μετέσχεν
1579 2022 1810 2093 αἵματος
1865 2024 1958 2077 καὶ

384 2113 621 2183 σαρκὸς,
666 2113 757 2176 τὸ,
807 2131 826 2164 ι
868 2112 986 2166 Ἵνα
1029 2114 1083 2182 τί
1134 2130 1202 2184 με
1242 2113 1633 2183 ἐγκατέλιπες;
1675 2132 1695 2165 ι
1745 2114 1910 2185 φησίν
1941 2131 1955 2144 ·

380 2206 519 2274 ὅπερ
545 2199 615 2274 ἦν
642 2203 856 2265 λύοντος
883 2203 1132 2275 ἐναργῶς
1159 2204 1259 2276 τὴν
1294 2221 1357 2257 συ
1367 2205 1585 2276 μϐἄσαν
1627 2206 1760 2275 ἡμῖν
1789 2206 1960 2272 ἐγκα-

381 2295 651 2365 τάλειψιν,
720 2295 814 2348 καὶ
860 2292 971 2348 οἷον
1018 2295 1462 2358 ἐκδυσωποῦντος
1506 2295 1594 2365 ἐφ’
1646 2294 1825 2365 ἐαυτῷ
1872 2294 1962 2346 τὸν

383 2387 639 2457 Πατέρα,
672 2388 764 2438 καὶ
791 2385 1085 2449 καλοῦντος
1124 2386 1206 2449 εἰς
1253 2385 1543 2455 εὐμένειαν
1571 2384 1673 2454 τὴν
1711 2384 1798 2451 ἐφ’
1832 2384 1965 2453 ἡμῖν

381 2477 460 2539 ὡς
490 2479 575 2546 ἐφ’
605 2477 782 2548 ἐαυτῷ
810 2476 904 2530 καὶ
934 2475 1134 2547 πρώτῳ
1152 2492 1166 2507 ·
1197 2477 1398 2542 παντὸς
1441 2475 1552 2548 γὰρ
1585 2477 1717 2547 ἡμῖν
1741 2474 1965 2543 γέγονεν

382 2572 413 2622 ό
441 2571 672 2640 Χριστὸς
700 2570 907 2638 ἀγαθοῦ
938 2572 1034 2624 καὶ
1063 2570 1206 2642 ἁρχὴ
1242 2571 1336 2623 καὶ
1364 2570 1645 2641 πρόξενος.
1668 2568 1834 2621 ’Ὥστε
1864 2567 1967 2621 κᾶν

387 2662 513 2713 εἴτι
541 2661 757 2729 λέγοιτο
786 2660 971 2714 λαϐεῖν
997 2661 1355 2731 ἀνθρωπίνως
1395 2661 1550 2734 παρὰ
1590 2660 1685 2727 τοῦ
1729 2660 1966 2732 Πατρὸς,

384 2752 546 2805 τοῦτο
589 2754 654 2823 τῇ
701 2753 947 2823 ἡμετέρᾳ
981 2754 1320 2824 προύξένησέ
1360 2753 1549 2822 φύσει,
1598 2754 1816 2824 πλήρης
1865 2753 1970 2806 ὑπ-

388 2845 571 2916 άρχων
603 2848 629 2898 ὁ
653 2845 838 2909 αὑτὸς,
882 2846 1221 2927 καὶγοὺδενὸς
1263 2847 1589 2918 τοπαράπαν
1654 2846 1862 2915 ἐνδεὴς,
1892 2845 1969 2909 ὡς

387 2936 544 3001 Θεός.

465 3200 564 3254 ΙΘ¹.
601 3219 621 3252 ι
660 3194 830 3252 Τοῦτο
864 3198 1130 3271 φρονείτω
1173 3199 1405 3262 ἕκαστος
1450 3200 1510 3251 ἐν
1541 3198 1672 3268 ὑμῖν
1701 3197 1906 3260 αὐτοῖς,
1940 3195 1970 3249 ὃ
1997 3167 2040 3226 C

392 3292 490 3345 καὶ
517 3294 577 3346 ἐν
612 3291 834 3363 Χριστῷ
870 3289 1074 3362 Ἰησοῦ·
1106 3290 1165 3355 ὃς
1194 3292 1254 3343 ἐν
1286 3292 1469 3362 μορφῇ
1500 3289 1636 3344 Θεοῦ
1686 3289 1968 3360 ὑπάρχων,

393 3384 492 3455 οὐχ
522 3384 814 3454 ἁρπαγμὸν
845 3385 1088 3454 ἡγήσατο
1137 3382 1200 3436 τὸ
1227 3379 1368 3436 εἶναι
1402 3384 1492 3436 ίσα
1520 3381 1669 3452 Θεῷο
1698 3381 1813 3435 ἀλλ’
1844 3382 1974 3433 ἐαυ-

392 3476 485 3530 τὸν
522 3475 784 3541 ἐκένωσε,
839 3477 1053 3547 μορφὴν
1090 3474 1279 3529 δούλου
1321 3473 1535 3541 λαϐὼν,
1570 3476 1629 3528 ἐν
1663 3472 1974 3544 ὁμοιώματι

393 3567 701 3639 ἀνθρώπων
730 3569 1044 3640 γενόμενος,
1088 3569 1181 3621 καὶ
1213 3569 1456 3640 σχήματι
1502 3567 1749 3638 εὑρεθεὶς
1777 3568 1853 3632 ὡς
1881 3566 1976 3621 ἄν·

395 3659 650 3730 θριινιιιος⁹
697 3660 1063 3713 ἐταπείνωσεν
1116 3660 1341 3729 ἐαυτὸν,
1388 3659 1681 3732 γενόμενος
1736 3659 1976 3725 ὑπήκοος

399 3751 563 3822 μέχρι
601 3751 854 3817 θανάτου,
892 3751 1126 3806 θανάτου
1159 3752 1218 3805 δὲ
1257 3750 1515 3823 σταυροῦ.
1548 3751 1640 3805 Διὸ
1664 3751 1758 3804 καὶ
1792 3752 1822 3803 ὁ
1844 3749 1978 3813 Θεὸς

395 3843 560 3897 αὑτὸν
614 3842 966 3915 ὑπερύψωσε,
1022 3845 1117 3896 καὶ
1158 3842 1455 3914 ἐχαρίσατο
1498 3843 1650 3914 αὐτῷ
1696 3843 1871 3912 ὄνομα
1913 3841 1978 3896 τὸ

400 3934 543 4004 ὑπὲρ
588 3921 698 3989 πδιν
746 3934 918 4004 ὄνομα
939 3950 955 3964 ο
1011 3934 1099 3987 ἴνα
1146 3936 1204 3987 ἐν
1244 3933 1325 4005 τῷ
1373 3934 1600 4005 ὀνόματι
1656 3934 1829 4005 Ἰησοῦ
1870 3933 1977 3987 πᾶν

395 4025 527 4093 γόνυ
578 4025 775 4095 κάμψῃ
821 4025 1178 4096 ἐπουρανίων,
1218 4026 1314 4078 καὶ
1360 4025 1641 4093 ἐπιγείων,
1683 4025 1779 4078 καὶ
1806 4039 1976 4078 κατα-

398 4116 626 4187 χθονίων
647 4132 662 4145 ·
712 4116 812 4170 καὶ
865 4119 1017 4169 πᾶσα
1075 4116 1297 4184 γλῶσσα
1354 4115 1817 4188 ἐξομολογήσηται
1836 4154 1852 4179 ,
1892 4117 1977 4169 ὅτι

398 4208 606 4278 Κύριος
646 4207 854 4278 Ἰησοῦς
895 4208 1129 4279 Χριστὸς
1173 4209 1253 4271 είς
1286 4207 1445 4272 δόξαν
1487 4206 1625 4260 Θεοῦ
1671 4208 1907 4278 Πατρός.
1951 4226 1971 4258 ι

411 4300 545 4353 Ἰδοὺ
590 4299 655 4371 δὴ
701 4299 889 4369 σαφῶς
919 4300 1010 4354 τὸν
1037 4304 1096 4354 ὲν
1124 4302 1304 4372 μορφῇ
1335 4301 1428 4355 καὶ¹
1466 4280 1672 4371 ἰσότητι
1712 4299 1807 4352 τοῦ
1839 4298 1977 4353 Θεοῦ

399 4392 498 4445 καὶ
545 4392 758 4463 Πατρὸς
799 4391 931 4444 Θεὸν
977 4393 1151 4461 Λόγον
1191 4393 1291 4463 οὑχ
1346 4392 1639 4462 ἁρπαγμὸν
1673 4391 1978 4463 ἡγήσασθαί

2062 1933 2300 1987 humana
2351 1938 2545 1982 natura
2586 1927 2639 1980 in
2674 1942 2775 1982 suo
2814 1926 3081 1996 principio
3130 1938 3388 1995 perpessa
3437 1923 3636 1987 fuerat,

2062 2023 2445 2092 conquiescere
2491 2018 2750 2089 oportuit.
2801 2018 2989 2085 Itaque
3039 2017 3195 2085 quasi
3248 2016 3634 2071 derelictorum

2063 2128 2204 2169 unus
2223 2113 2518 2176 exsistcns,
2548 2120 2819 2180 quatenus
2838 2118 2893 2164 et
2925 2109 3041 2179 ipse
3069 2106 3324 2163 similiter
3348 2107 3631 2163 nobiscum

2064 2206 2336 2277 particeps
2372 2203 2475 2257 l‘uit
2497 2203 2683 2257 carnis
2731 2209 2786 2255 et
2826 2200 3107 2272 sanguinis
3157 2199 3226 2263 “,
3263 2199 3443 2254 dixit:
3481 2219 3499 2251 ι
3540 2196 3639 2253 Ut-

2064 2296 2193 2364 quid
2236 2294 2575 2373 dereliquisti
2627 2293 2764 2348 me?
2795 2311 2815 2346 ι
2868 2291 3000 2359 Qua:
3028 2306 3161 2347 sane
3197 2306 3300 2347 vox
3334 2302 3453 2346 erat
3487 2305 3643 2347 ever-

2069 2389 2233 2443 tentis
2281 2388 2453 2453 illam,
2489 2401 2610 2456 quae
2659 2386 2814 2441 nobis
2866 2385 3160 2450 acciderat,
3204 2385 3637 2446 derelictionem,

2068 2478 2393 2550 Patremque
2416 2481 2487 2534 ob
2512 2477 2787 2547 loquentis
2819 2475 3139 2547 dignitatem
3177 2476 3230 2530 iu
3262 2491 3323 2532 se
3352 2474 3644 2537 ﬂectentis,

2071 2587 2281 2628 necnon
2316 2572 2381 2625 ad
2413 2569 2849 2625 benevolentiam
2893 2582 3024 2639 erga
3066 2582 3165 2623 nos
3201 2576 3461 2637 tanquam
3513 2582 3641 2636 erga

2071 2665 2309 2733 seipsum
2360 2671 2415 2718 et
2458 2663 2692 2732 primum
2758 2660 3153 2729 provocantis:
3206 2659 3645 2730 quandoquidem

2072 2756 2329 2810 Christus
2357 2754 2603 2808 omnium
2641 2754 2907 2809 bonorum
2936 2752 3162 2821 largitor
3190 2760 3245 2804 et
3273 2759 3464 2805 auctor
3494 2750 3651 2804 nobis
3754 2748 3767 2755 ’

2071 2848 2301 2902 exstitit.
2342 2844 2494 2901 Unde
2533 2845 2697 2899 etiam
2734 2846 2779 2900 si
2825 2844 3103 2913 quidpiam
3139 2850 3200 2896 ut
3233 2842 3394 2895 homo
3424 2855 3453 2893 a
3490 2839 3652 2894 Patre

2072 2937 2352 3007 accepisse
2387 2937 2609 3001 dicitur,
2654 2938 2755 2990 hoc
2786 2935 2961 3004 ipsum
2994 2942 3163 2989 totum
3198 2934 3251 2988 in
3284 2943 3524 2988 nostram
3559 2950 3653 2987 ua-

2074 3038 2252 3083 turam
2282 3028 2562 3096 erogavit;
2607 3041 2733 3081 cum
2766 3025 2885 3096 ipse
2919 3034 2977 3079 ut
3011 3023 3154 3093 Deus
3190 3026 3405 3095 plenus,
3445 3024 3648 3080 nullius

2073 3120 2296 3174 omnino
2330 3119 2454 3174 boni
2486 3119 2743 3187 indigeat.

2147 3210 2291 3285 XIX.
2329 3229 2349 3262 ι
2396 3209 2510 3265 lloc
2536 3210 2684 3264 enim
2747 3210 2946 3265 sentite
2989 3208 3043 3263 in
3090 3208 3266 3277 vobis,
3309 3208 3452 3279 quod
3502 3218 3556 3263 et
3599 3210 3651 3262 in

2076 3302 2302 3361 Christo
2353 3302 2520 3358 Jesu:
2572 3303 2817 3372 quicum
2868 3301 2922 3356 in
2971 3300 3150 3357 forma
3198 3301 3293 3356 Dei
3339 3310 3508 3365 esset,
3546 3317 3653 3355 non

2078 3397 2327 3467 rapinam
2360 3396 2663 3450 arbitratus
2690 3402 2776 3448 est
2822 3407 2947 3449 esse
2988 3408 3048 3449 se
3089 3393 3351 3463 aequalem
3384 3393 3515 3456 Deo,
3558 3394 3653 3446 sed

2077 3488 2433 3557 semetipsum
2476 3485 2803 3553 exinauivit,
2858 3484 3091 3540 formam
3140 3486 3285 3539 servi
3347 3484 3648 3553 accipiens,

2079 3579 2133 3634 in
2164 3576 2580 3634 similitudinem
2621 3576 2898 3632 hominum
2939 3575 3135 3639 factus,
3167 3583 3223 3629 et
3244 3573 3432 3629 habitu
3466 3575 3656 3628 inven-

2077 3679 2167 3726 tus
2208 3678 2268 3723 ut
2300 3668 2483 3723 homo.
2542 3664 2866 3720 Humiliavit
2915 3661 3294 3732 semetipsum,
3325 3660 3502 3716 factus
3527 3660 3656 3715 obe-

2077 3762 2236 3817 dieus
2277 3774 2449 3831 usque
2500 3758 2567 3812 ad
2617 3765 2872 3820 mortem,
2933 3764 3162 3811 mortem
3213 3761 3392 3808 autem
3452 3751 3654 3806 crucis.

2078 3853 2308 3922 Propter
2357 3850 2499 3920 quod
2541 3857 2597 3903 et
2647 3848 2787 3901 Deus
2823 3844 3084 3919 exa‘ltavit
3129 3842 3306 3907 illum,
3354 3852 3409 3896 et
3436 3842 3659 3897 donavit

2078 3945 2157 4000 illi
2188 3957 2385 3998 nomen
2411 3940 2556 4010 quod
2587 3947 2673 3994 est.
2717 3951 2882 4005 super
2910 3949 3072 3990 omne
3101 3949 3336 3988 nomen:
3379 3943 3437 3986 ut
3468 3934 3520 3987 in
3560 3947 3658 3986 no-

2080 4040 2226 4093 mine
2260 4036 2388 4093 .Iesu
2422 4048 2587 4090 omne
2615 4047 2757 4104 genu
2785 4028 3059 4092 ﬂectatur,
3112 4027 3438 4090 ccelestium,
3481 4035 3657 4080 terre-

2081 4129 2298 4189 strium,
2339 4136 2394 4183 et
2436 4123 2819 4186 inferuorum;
2866 4130 2921 4176 et
2958 4118 3138 4174 omnis
3188 4118 3368 4188 lingua
3397 4115 3657 4172 conﬁtea-

2083 4233 2195 4286 tur,
2257 4219 2385 4290 quia
2431 4216 2693 4272 Dominus
2741 4212 2899 4269 Jesus
2947 4210 3200 4268 Christus
3253 4210 3306 4264 in
3368 4208 3536 4279 gloria
3576 4219 3662 4263 est

2082 4313 2178 4367 Dei
2221 4311 2398 4365 Patris
2434 4310 2504 4363 “.
2559 4326 2578 4359 ι
2630 4305 2708 4361 En
2758 4303 2995 4360 dilucide
3050 4305 3150 4359 hoc
3199 4302 3319 4358 loco
3364 4299 3661 4369 exponitur

2083 4404 2253 4460 Deum
2304 4402 2567 4464 Verbum,
2624 4397 2769 4468 quod
2816 4398 2870 4451 in
2925 4395 3098 4451 forma
3126 4406 3177 4450 et
3217 4393 3526 4463 aequalitate
3563 4391 3659 4445 Dei

402 4499 537 4554 φησι
564 4484 627 4537 τὸ
661 4480 802 4537 εἶναι
849 4484 938 4537 ἴσα
964 4484 1114 4556 Θεῷ·
1143 4484 1483 4539 κεκενῶσθαι
1512 4485 1568 4539 δὲ
1611 4485 1814 4555 μᾶλλον
1864 4484 1977 4538 ἐθε-

2081 4494 2265 4552 Patris
2295 4504 2436 4559 erat,
2495 4510 2599 4547 non
2652 4492 2899 4561 rapinam
2948 4489 3273 4543 arbitratum
3319 4486 3660 4555 aequiparare

398 4575 590 4647 λοντὴν
642 4575 854 4646 μορφὴν
887 4577 1077 4630 δούλου
1131 4577 1385 4639 λαϐόντα,
1439 4577 1535 4629 καὶ
1576 4578 1633 4629 ἐν
1665 4576 1973 4649 ὁμοιώματι

399 4667 703 4740 ἀνθρώπων
747 4670 1057 4740 γενόμενον.
1090 4669 1436 4739 Προσεπάγει
1468 4668 1547 4728 δὲ.
1585 4670 1666 4722 ὅτι
1717 4669 1976 4723 τεταπεί-

401 4777 574 4813 νωκεν
624 4762 835 4825 ἐαυτὸν,
876 4761 1168 4831 γενόμενος
1217 4761 1456 4830 ὑπήκοος
1497 4761 1661 4833 μέχρι
1714 4760 1972 4827 θανάτου,

402 4852 634 4905 θανάτου
668 4852 724 4905 δὲ
758 4851 1016 4923 σταυροῦ.
1056 4851 1226 4921 Εἴπερ
1274 4847 1368 4905 οὖν
1421 4850 1720 4923 διαιρετέον
1767 4854 1847 4917 είς
1884 4852 1978 4906 δύο

402 4943 670 5013 Χριστοὺς
695 4948 787 4998 καὶ
827 4945 995 5010 υἱοὺς,
1038 4943 1129 4997 τὸν
1156 4943 1251 4996 ἕνα
1279 4945 1374 4998 καὶ
1405 4945 1566 5015 μόνον
1610 4944 1847 5015 Χριστὸν
1885 4945 1981 4998 καὶ

404 5036 629 5106 Κύριον,
656 5037 751 5091 καὶ
776 5036 918 5091 κατά
939 5054 1002 5105 γε
1030 5037 1091 5089 τό
1122 5053 1229 5089 τισι
1256 5036 1472 5102 δοκοῦν,
1501 5035 1593 5089 τὸν
1621 5037 1686 5091 ἐκ
1715 5024 1976 5105 γυναικὸς

403 5127 689 5198 ἄνθρωπον
716 5129 978 5199 τετίμηκε
1019 5129 1118 5199 μὲν
1155 5128 1364 5199 ἰσότητι
1396 5128 1508 5182 τῶν
1553 5129 1701 5183 ίδίων
1733 5128 1979 5200 ἀξιωμά-

404 5235 513 5272 των
540 5221 569 5273 ό
596 5219 691 5273 τοῦ
718 5218 852 5273 Θεοῦ
881 5220 1073 5288 Λόγος.
1102 5221 1198 5275 καὶ
1228 5219 1465 5291 συνῆψεν
1496 5220 1676 5292 ἐαυτῷ
1709 5220 1852 5275 κατὰ
1889 5219 1982 5273 τὸν

481 5392 597 5426 ¹⁷·¹⁸
620 5392 773 5450 Joau.
826 5409 985 5462 xvut,
1022 5394 1090 5467 15.
1171 5397 1211 5429 "
1242 5394 1378 5451 Gen.
1410 5411 1492 5463 ιιι,
1536 5394 1563 5448 1
1616 5408 1766 5464 seqq.
1858 5392 1985 5448 "Ht

2071 5409 2095 5447 ι.
2142 5409 2202 5461 ιι,
2242 5393 2332 5460 16,
2373 5395 2459 5450 17.

2084 4601 2143 4640 se
2169 4585 2278 4639 Deo
2303 4602 2317 4647 ;
2345 4583 2464 4647 sed,
2499 4580 2679 4637 servili
2710 4578 2883 4635 forma
2914 4586 3188 4646 suscepta,
3213 4575 3354 4630 ultro
3383 4589 3441 4629 se
3469 4575 3661 4629 exina-

2088 4677 2293 4730 nivisse
2360 4674 2751 4739 hominumque
2811 4668 3219 4723 similitudinem
3265 4666 3516 4724 subiisse.
3550 4665 3663 4719 Ad-

2086 4767 2165 4821 dit
2204 4776 2468 4835 pranerea
2511 4763 2751 4832 seipsum
2798 4759 3134 4825 humiliasse,
3179 4756 3661 4825 obedientiamque

2094 4859 2159 4911 ad
2185 4865 2409 4912 mortem
2448 4868 2620 4923 usque
2657 4850 3004 4922 praestitisse,
3049 4857 3277 4905 mortem
3309 4858 3489 4900 autem
3530 4860 3660 4899 cru-

2091 4948 2192 5003 cis.
2225 4946 2283 4999 Si
2319 4961 2482 4999 unum
2528 4958 2659 5014 ergo
2689 4951 2744 4998 et
2773 4942 2952 4997 solum
2979 4940 3257 4996 Christum
3285 4949 3339 4992 et
3371 4938 3661 4992 Dominum

2098 5039 2151 5091 in
2202 5037 2339 5095 duos
2371 5035 2620 5099 Christus
2670 5043 2726 5091 et
2769 5034 2928 5101 lilios,
2982 5043 3041 5087 ut
3090 5031 3412 5103 quibusdam
3464 5028 3665 5098 placet,

2090 5128 2269 5183 divelli
2303 5135 2557 5197 oportet;
2603 5136 2768 5197 atque
2824 5126 2916 5181 Dei
2975 5122 3213 5181 Verbum
3267 5122 3542 5177 hominem
3586 5130 3656 5171 ex

2092 5219 2320 5276 muliere
2362 5229 2542 5275 ortum
2578 5221 2814 5291 propriae
2863 5218 3162 5290 maiestatis
3213 5215 3524 5286 aequalitate
3569 5212 3665 5265 de-

2563 5397 2605 5429 "
2664 5396 2794 5453 ibid.
2865 5395 2949 5452 Ν.
3057 5395 3102 5428 ⁸⁸
3138 5392 3366 5463 Philipp.
3401 5406 3460 5456 tt,
3502 5383 3661 5445 5o“.

1503 5569 1679 5628 Varia:
1714 5570 1974 5630 lectiones
1995 5572 2198 5631 codicis
2223 5572 2580 5644 Seguieriani.

482 5762 510 5794 τ
539 5751 847 5817 πεπτωκός.
