4076 6420
454 377 591 435 1339

1451 368 1506 423 S.
1550 367 1826 423 CYlilLLl
1869 362 2333 418 ALEXAMHUNI
2375 362 2692 417 ARCHIEP.

3580 365 3716 420 136’)

455 501 683 564 rm-avit,
708 509 761 550 et
791 497 946 565 juxta
993 492 1332 548 attctoritatis
1374 494 1637 545 rationem
1662 530 1679 554 ,
1719 488 2027 543 ﬁliatiOnis-

2140 485 2235 553 τῆς
2283 481 2568 545 αὑθεντίας
2617 484 2838 554 τρόπον,
2882 484 2975 537 καὶ
3021 483 3163 536 κατὰ
3200 483 3299 554 τὴν
3335 485 3433 554 τῆς
3467 484 3715 555 υίότητος

454 605 562 655 quc
624 582 1080 645 communionem,
1132 581 1235 633 sibi
1288 579 1443 648 quasi
1494 580 1746 642 alterum,
1811 576 1914 630 hoc
1949 585 2032 628 est

455 695 482 732 a
519 692 578 732 se
620 677 917 736 diversum,
944 670 1113 725 Filius
1174 668 1465 739 adjumit:
1515 669 1638 737 quis
1663 668 1753 721 i!le
1782 679 1915 734 ergo
1952 671 2030 718 est

458 772 548 840 qui
585 766 939 836 semetipsum
967 763 1302 831 exinanivit;
1335 771 1428 816 aut
1452 776 1557 830 qua
1587 761 1801 815 tandem
1823 759 2034 812 ratione

456 859 884 917 cxinauitiouem
908 856 1116 912 subiit?
1138 854 1269 910 Nam
1295 855 1368 919 si,
1400 864 1458 908 ut
1480 854 1556 907 illi
1580 860 1850 916 statuunt,
1872 851 2034 906 homo

457 969 625 1023 purus
668 950 760 1020 qui
813 964 878 1002 ex
917 946 1143 1001 muliere
1189 945 1459 1013 prodiisse
1504 940 1852 1011 intelligitur,
1887 937 2032 994 istud

457 1058 751 1113 perpessus
769 1050 880 1105 est,
942 1038 1102 1111 152
1135 1034 1430 1106 quomodo,
1468 1043 1560 1087 aut
1597 1048 1701 1102 qua
1731 1032 1940 1085 ratione
1976 1043 2032 1082 In

458 1133 888 1189 rxinanitionem
937 1128 1179 1197 dejectus
1235 1123 1358 1181 est?
1419 1122 1552 1178 Nam
1597 1121 1871 1191 quomodo
1902 1120 1949 1175 is
1981 1134 2033 1173 in

457 1225 817 1280 humilitatem
856 1217 1158 1287 ilescendit,
1211 1216 1303 1285 qui
1351 1224 1498 1268 tanta
1540 1228 1663 1268 cum
1709 1210 1802 1266 Dei
1856 1207 2038 1265 Verbo

458 1318 719 1370 societate
744 1325 798 1365 et
833 1311 1099 1367 atiinitate
1134 1308 1458 1377 coniunctus
1490 1314 1609 1368 est,
1639 1313 1699 1359 ut
1730 1301 1877 1373 paris
1911 1316 2036 1355 cum

461 1412 552 1464 illo
585 1406 871 1476 dignitatis
900 1414 952 1457 et
985 1401 1332 1465 auctoritatis
1362 1414 1483 1456 esse
1516 1395 1855 1454 censeatur?
1882 1392 2037 1462 Quod

457 1507 499 1558 si
534 1499 831 1556 exinanitio
882 1498 970 1551 illa
1006 1496 1073 1551 de
1109 1494 1197 1550 Dei
1247 1493 1428 1549 Verbo
1475 1502 1535 1546 nt
1565 1504 1812 1545 seorsum
1855 1496 1911 1543 et
1945 1501 2039 1556 per

456 1611 514 1648 se
548 1594 822 1647 intell-cto
871 1589 1012 1643 Filio
1055 1586 1405 1657 praidicetur,
1456 1585 1730 1653 quomodo
1772 1583 1819 1635 is
1852 1579 2039 1635 exina-

458 1688 603 1740 nitus
649 1695 754 1750 est,
801 1683 889 1751 qui
945 1681 1200 1743 alterum,
1238 1687 1297 1733 ut
1332 1677 1406 1732 illi
1436 1677 1611 1743 aiunt,
1665 1675 1870 1729 honore
1903 1670 2036 1726 alie-

456 1777 550 1838 iit,
585 1773 931 1844 propriisque
974 1769 1148 1824 titulis
1202 1776 1259 1823 et
1304 1766 1661 1837 dignitatibus
1711 1760 2036 1819 exornavit?

456 1867 737 1934 Quomodo
770 1863 858 1916 ille
895 1860 1209 1915 humiliatus
1257 1858 1360 1914 dici
1405 1866 1607 1927 potest,
1665 1856 1755 1926 qui
1802 1854 2036 1926 propria:

455 1976 564 2013 suae
596 1957 783 2023 gloria:
825 1953 1103 2022 fastigium
1154 1949 1313 2005 alteri
1372 1949 1474 2004 sibi
1535 1947 1808 2003 associato
1839 1946 2039 2016 imper-

456 2056 584 2104 titus
615 2048 738 2102 i-st?
766 2045 900 2100 Nam
947 2046 992 2099 si
1039 2058 1164 2099 eum
1206 2040 1482 2098 humiliari
1513 2041 1600 2097 vel
1635 2039 1906 2095 exinaniri
1934 2049 2040 2094 sta-

455 2151 633 2204 tuant,
670 2139 812 2209 quod
859 2136 1088 2192 alterum
1134 2136 1306 2206 gloria
1357 2132 1543 2199 allicit,
1581 2131 1824 2203 profecto
1847 2132 2038 2186 absur-

453 2237 579 2289 dum
615 2248 719 2286 non
741 2231 850 2285 erit
873 2230 1036 2283 etiam
1068 2225 1376 2297 intelligere
1419 2225 1673 2295 iujttrialtt
1708 2223 2035 2278 inferentem

451 2322 701 2378 exaltari.
736 2320 1101 2388 Quamobrem
1134 2331 1265 2371 vera
1296 2328 1349 2371 et
1386 2318 1700 2371 necessaria
1738 2315 1878 2368 ratio
1903 2330 2036 2369 sua.

452 2419 560 2478 det,
604 2423 659 2468 et
701 2420 908 2467 tantum
954 2426 1061 2464 non
1110 2408 1415 2478 compellit,
1456 2409 1703 2476 utipsam
1742 2405 2037 2476 plenitudi-

453 2520 574 2560 nem
599 2503 1027 2559 cxinanitiouem
1063 2514 1308 2570 passam,
1348 2498 1477 2553 ilind
1509 2513 1724 2552 rursum
1768 2512 1873 2551 non
1894 2496 2038 2566 quod

451 2607 645 2667 suapte
679 2604 874 2648 natura
903 2608 1121 2647 servum
1153 2602 1256 2657 est,
1293 2592 1401 2645 imo
1427 2605 1553 2646 vero
1583 2589 1731 2644 omni
1760 2588 2038 2644 servitutis

452 2690 766 2747 conditione
808 2685 1079 2755 superius,
1131 2684 1316 2739 servili
1349 2684 1522 2738 forma
1556 2697 1617 2736 se
1651 2683 1939 2749 veStiisse;
1983 2691 2039 2734 et

452 2783 505 2835 in
530 2777 939 2835 similitudinem
966 2775 1246 2829 hominum
1274 2772 1422 2828 illum
1463 2772 1688 2840 factum,
1721 2772 1814 2842 qui
1841 2783 2033 2827 natura

451 2873 576 2927 talis
631 2885 739 2925 non
799 2875 955 2933 erat,
1004 2864 1320 2936 priusquam
1368 2865 1532 2920 homo
1597 2863 1753 2919 lierct
1787 2906 1803 2932 ,
1858 2865 2033 2934 ipsam

452 2966 685 3033 denique
721 2958 1067 3015 altitudinem
1118 2972 1177 3013 se
1211 2956 1532 3012 bumiliasse
1561 2956 1939 3013 existimemus
1982 2966 2037 3011 et

452 3055 829 3126 praedicemus.
869 3053 1051 3120 Ipsum
1102 3050 1288 3117 itaque
1319 3049 1413 3103 Dei
1452 3046 1686 3103 Verbum
1735 3049 2033 3127 secundum

454 3158 703 3201 naturam
740 3144 1035 3197 humanam
1086 3151 1279 3209 sponte
1329 3142 1396 3195 ad
1454 3140 1643 3195 iallttec
1677 3150 1905 3212 propter
1932 3156 2036 3197 nos

454 3254 574 3294 sese
600 3236 906 3303 demisisse,
939 3245 993 3289 et
1022 3236 1075 3290 in
1109 3232 1343 3304 propria:
1378 3232 1737 3289 nihilominus
1760 3234 2028 3292 excellen-

455 3334 543 3384 tia:
591 3327 827 3384 culmine
868 3329 1168 3383 secundum
1211 3325 1450 3380 divinam
1504 3335 1756 3381 naturam
1790 3341 2039 3397 perman-

454 3424 593 3478 sisse
630 3420 923 3474 credimus.
961 3417 1075 3473 Hac
1125 3418 1336 3472 ratione
1370 3426 1424 3472 et
1454 3418 1889 3488 superexaltatus
1920 3435 2041 3477 esse

454 3514 675 3577 dicitur,
705 3522 758 3566 et
787 3512 1066 3581 acet-pisse
1115 3524 1313 3565 nomen
1358 3511 1503 3580 quod
1549 3520 1634 3565 est
1665 3527 1832 3581 super
1876 3528 2040 3570 omne

455 3621 674 3670 nomen,
711 3614 764 3659 et
789 3605 857 3658 ab
887 3604 1145 3657 euntibus
1180 3601 1420 3666 adorari,
1451 3611 1615 3673 atque
1647 3605 1700 3658 in
1730 3603 1824 3661 Dei
1857 3603 2038 3665 Patris

456 3696 683 3767 gloriam
745 3693 1003 3749 Dominus
1057 3691 1347 3747 nominari.
1385 3690 1521 3747 Nam
1581 3693 1684 3750 etsi
1747 3696 1802 3751 in
1858 3695 2037 3754 Patris

454 3788 747 3844 eminentia
802 3795 859 3842 et
917 3783 1284 3854 inexplicabili
1347 3785 1632 3855 majestate
1696 3790 2036 3849 constitutus

452 3889 620 3946 esset,
649 3878 735 3933 tibi
768 3887 948 3932 tamen
981 3875 1048 3929 ad
1082 3874 1508 3931 exinanitionem
1551 3893 1612 3933 se
1636 3878 1876 3946 demisit,
1913 3897 2036 3937 ser-

451 3973 653 4042 vilique
698 3970 869 4024 forma
918 3982 980 4023 se
1030 3966 1346 4023 humiliatus
1403 3968 1600 4036 induit,
1640 3980 1693 4026 et
1729 3988 1919 4030 rursus
1946 3989 2039 4029 na-

453 4075 587 4120 tura?
651 4063 752 4119 sibi
815 4062 1001 4125 unitas,
1049 4061 1153 4116 hoc
1204 4071 1287 4115 est
1344 4062 1621 4128 humanae,
1662 4076 2035 4136 paupertatem

452 4157 866 4222 transeendens,
892 4155 957 4209 ad
993 4154 1240 4224 proprias
1262 4154 1480 4211 divitias
1505 4159 1782 4215 ascendit:
1815 4160 1917 4216 hac
1950 4176 2038 4217 ra-

453 4250 600 4303 tione
639 4247 940 4303 secundum
989 4256 1243 4300 naturam
1307 4246 1603 4304 humanam
1653 4250 1706 4306 id
1752 4253 2039 4323 accepisse

451 4342 670 4405 dicitur,
735 4340 882 4409 quod
953 4347 1215 4408 perpetuo
1261 4348 1691 4412 constanterque
1755 4344 1807 4400 in
1858 4347 2040 4416 seipse

455 4434 715 4502 possidet,
755 4445 954 4501 nempe
1015 4430 1183 4484 Deum
1219 4440 1273 4485 et
1321 4431 1703 4489 universorum
1744 4436 2038 4495 Dominum

2137 573 2478 645 ὁμωνυμίαν,
2508 574 2583 637 ὡς
2608 573 2797 646 ἕτερος
2846 573 2921 627 ὢν
2973 575 3157 639 ίδικῶς
3202 577 3333 646 παρ’
3358 576 3521 630 αὐτὸν
3552 575 3676 639 Υἱός
3698 592 3711 605 ”

2133 665 2217 729 τίς
2243 666 2352 734 ἄρα
2380 667 2408 718 δ
2431 664 2676 728 κενώσας
2703 666 2893 719 ἑαυτόν
2915 666 2983 736 Hi
3013 666 3135 720 τίνα
3166 668 3466 721 κεκένωται
3487 666 3713 738 τρόπον;

2136 757 2199 811 Ei
2235 757 2336 827 μὲν
2360 756 2491 827 γὰρ,
2527 757 2603 821 ὡς
2637 756 2792 811 αὑτοί
2821 774 3006 826 φασιν,
3052 760 3081 812 ό
3118 758 3184 811 ὲκ
3229 758 3488 828 γυναικὸς
3533 757 3718 820 ίδικῶς

2136 847 2428 918 νοούμενος
2470 847 2756 920 ἄνθρωπος
2788 848 2946 903 τοῦτο
2992 848 3211 917 λέγεται
3256 850 3474 917 παθεῖν,
3519 848 3638 911 πῶς
3683 849 3717 919 ἢ

2136 941 2257 995 τίνα
2296 940 2595 995 κεκένωται
2625 942 2857 1011 τρόπον;
2892 940 3097 1012 κατέϐη
3128 941 3184 996 δὲ
3216 942 3366 1007 ὅπως
3403 943 3486 1008 είς
3526 943 3720 995 ταπεί-

2136 1051 2300 1086 νωσιν
2342 1035 2371 1087 ὸ
2420 1033 2479 1086 ὲν
2533 1033 2739 1101 ἰσότητι
2793 1032 3035 1100 γεγονὼς
3081 1036 3149 1104 τῇ
3197 1035 3334 1107 πρὸς
3376 1034 3511 1088 Θεὸν
3549 1034 3722 1102 Λόγον

2136 1125 2282 1178 κατά
2332 1141 2396 1193 γε
2441 1123 2534 1177 τὸν
2572 1123 2675 1194 τῆς
2711 1124 2890 1191 ἀξίας,
2941 1125 3110 1196 ἤγουν
3134 1126 3444 1195 αὑθεντίας,
3494 1127 3719 1200 τρόπον,

2137 1225 2234 1277 καὶ
2276 1224 2480 1296 ταύτην
2518 1223 2656 1296 ἔχων
2691 1225 2830 1296 πρὸς
2863 1223 3026 1278 αὑτὸν
3057 1225 3157 1294 τὴν
3191 1222 3529 1289 συνάφειαν;
3572 1221 3636 1274 El.
3663 1218 3724 1274 et

2138 1318 2225 1369 ἐπ’
2257 1317 2422 1371 αὑτοῦ
2454 1317 2550 1370 τοῦ
2584 1315 2721 1370 Θεοῦ
2764 1318 2966 1383 Λόγου,
2993 1316 3286 1386 νοουμένου
3327 1315 3493 1370 πάλιν
3533 1313 3722 1377 ἱδικῶς

2138 1411 2235 1465 καὶ
2286 1410 2391 1465 ἀνὰ
2439 1410 2608 1482 μέρος
2650 1410 2805 1477 Υίοῦ,
2839 1410 2902 1463 τὸ
2940 1408 3280 1463 κεκενῶσθαι
3323 1406 3566 1475 λέγοιτο,
3605 1405 3724 1469 πῶς

2140 1503 2443 1557 κεκένωται
2467 1502 2712 1572 τιμήσας
2740 1502 2946 1573 ἕτερον,
2980 1499 3126 1554 καθά
3156 1517 3319 1569 φασιν
3364 1499 3588 1562 ἐκεῖνοι,
3627 1497 3725 1551 καὶ

2138 1595 2252 1648 τοῖς
2285 1593 2435 1657 ίδίοις
2474 1593 2637 1647 αὑτὸν
2688 1592 2964 1663 ἀξιώμασι
2998 1590 3343 1661 περιϐαλὼν;
3375 1589 3726 1668 Τεταπείνω-

2138 1704 2228 1740 ται
2273 1686 2329 1740 δὲ
2351 1686 2474 1740 τίνα
2517 1686 2716 1758 τρόπον
2744 1688 2774 1741 ὸ
2813 1686 2914 1756 τῆς
2956 1684 3123 1739 αὑτοῦ
3159 1684 3320 1754 δόξης
3342 1683 3405 1736 τὸ
3459 1682 3592 1753 ὕψος
3645 1680 3727 1751 τῷ

2143 1778 2471 1848 συναφθέντι
2523 1777 2734 1843 διδοὺς;
2789 1778 2851 1831 El
2881 1778 2992 1847 γὰρ
3028 1776 3093 1848 δὴ
3142 1779 3321 1847 φαῖεν,
3356 1777 3440 1829 ὅτι
3484 1774 3727 1839 δοξάζων

2141 1871 2328 1941 ἕτερον
2384 1869 2547 1934 αὑτὸς
2576 1870 2845 1938 ὑπομένει
2888 1869 2988 1940 τὴν
3019 1869 3369 1934 ταπείνωσιν,
3418 1869 3588 1939 ἧγουν
3625 1864 3729 1938 τὴν

2138 1966 2389 2028 κένωσιν,
2438 1964 2610 2025 οὐδὲν,
2659 1965 2735 2027 ὡς
2768 1962 2935 2028 ἔοικε,
2974 1963 3083 2015 τῶν
3130 1962 3352 2016 ἀτόπων
3390 1962 3592 2016 ἐννοεῖν
3631 1960 3715 2014 ὅτι

2139 2057 2233 2111 καὶ⁸
2264 2054 2503 2125 ὑϐρίζων
2545 2054 2797 2125 ὑψοῦται.
2850 2054 3179 2123 Ἀναγκαίου
3223 2052 3519 2125 τοιγαροῦν
3550 2052 3725 2123 ἡμᾶς,

2139 2148 2233 2202 καὶ
2260 2146 2448 2218 μέντοι
2479 2147 2575 2201 καὶ
2598 2146 2832 2217 ἀληθοῦς
2852 2148 3138 2219 μονονουχὶ
3172 2145 3546 2210 συνωθοῦντος
3564 2145 3726 2216 λόγου

2138 2242 2277 2313 πρός
2303 2258 2368 2310 γε
2394 2241 2454 2294 τὸ
2485 2240 2696 2295 οἴεσθαι
2722 2241 2835 2295 δεῖν
2859 2239 2944 2293 ὅτι
2986 2240 3236 2294 κενοῦται
3267 2239 3331 2294 τὸ
3371 2240 3599 2311 πλῆρες,
3630 2240 3729 2292 καὶ

2137 2334 2195 2384 ἐν
2224 2331 2411 2385 δούλου
2457 2332 2638 2401 μορφῇ
2673 2329 2869 2398 γένοιτ’
2900 2328 2988 2391 ἂν,
3032 2328 3094 2381 οὑ
3121 2328 3184 2382 τὸ
3211 2331 3278 2399 τῇ
3308 2328 3467 2397 φύσει
3515 2327 3726 2394 δοῦλον,

2140 2422 2278 2478 ἀλλὰ
2306 2422 2367 2474 τὸ
2394 2420 2504 2475 τῶν
2536 2424 2637 2491 τῆς
2671 2420 2918 2483 δουλείας
2947 2420 3206 2473 ἐπέκεινα
3242 2420 3479 2491 μέτρων.
3510 2420 3728 2474 Γίνεται

2136 2515 2193 2568 δὲ
2239 2516 2334 2568 καὶ
2363 2516 2420 2567 ἐν
2452 2512 2759 2584 ὁμοιώματι
2807 2511 3132 2585 ἀνθρὼπων,
3170 2512 3232 2566 τὸ
3262 2513 3339 2583 μὴ
3371 2512 3552 2576 οὑτως
3597 2513 3723 2585 ἕχον

2138 2605 2280 2658 κατὰ
2324 2604 2486 2673 φύσιν
2534 2606 2663 2675 πρὶν
2715 2603 2967 2675 γένηται.
3015 2604 3126 2657 Καὶ
3155 2604 3237 2656 ὅτι
3274 2604 3628 2659 ταπεινοῦται
3663 2606 3728 2659 τὸ

2139 2697 2362 2767 ὑψηλὸν,
2395 2697 2559 2750 αὑτὸν
2603 2696 2936 2767 πιστεύομεν
2980 2695 3074 2750 τὸν
3120 2696 3215 2750 τοῦ
3251 2696 3387 2750 Θεοῦ
3427 2698 3602 2766 Λόγον
3632 2701 3731 2753 ἀν-

2138 2789 2428 2860 θρωπίνως
2458 2791 2515 2843 ὲν
2549 2788 2763 2852 τούτοις
2810 2787 3066 2857 γενέσθαι
3091 2826 3107 2854 ,
3146 2790 3270 2842 κατ’
3317 2788 3455 2843 ίδίαν
3503 2788 3727 2862 θέλησιν

2137 2880 2279 2951 ὑπὲρ
2331 2879 2523 2950 ήμῶνο
2564 2879 2933 2951 μεμενηκέναι
2983 2880 3040 2934 δὲ
3096 2879 3296 2945 Θεῖκῶς
3341 2881 3399 2935 ὲν
3451 2884 3565 2945 τοῖς
3620 2881 3728 2951 τῆς

2141 2972 2279 3035 ίδίας
2304 2970 2583 3042 ὑπεροχῆς
2612 2968 2892 3042 ὑψώμασι.
2907 2971 3095 3043 Ταύτῃ
3110 2989 3193 3025 τοι
3214 2973 3309 3026 καὶ
3331 2973 3731 3044 ὑπερυψῶσθαι

2137 3065 2383 3132 λέγεται,
2419 3063 2514 3117 καὶ
2554 3063 2741 3118 λαϐεῖν
2781 3064 2845 3118 τὸ
2886 3066 3058 3136 ὑνομα
3091 3066 3151 3119 τὸ
3193 3065 3333 3137 ὑπὲρ
3376 3068 3486 3120 πᾶν
3531 3067 3727 3137 δνομα,

2144 3157 2570 3230 προσκυνεῖσοαί
2597 3174 2657 3211 τε
2696 3158 2850 3228 παρὰ
2878 3157 3121 3222 πάντων,
3161 3157 3256 3211 καὶ
3290 3161 3370 3221 εἰς
3406 3157 3566 3224 δόξαν
3591 3157 3731 3212 Θεοῦ

2144 3250 2357 3320 ηατρὸς
2388 3248 2752 3321 ὀνομάζεσθαι
2773 3262 2800 3291 ι
2830 3248 3058 3320 Κύριος.
3090 3250 3284 3304 Καίτοι
3320 3251 3429 3322 γὰρ
3466 3251 3733 3323 ὑπάρχων

2141 3343 2201 3396 ὲν
2226 3345 2301 3415 τῇ
2322 3341 2417 3397 τοῦ
2454 3342 2671 3413 Πατρὸς
2703 3343 2972 3413 ὑπεροχῇ,
2997 3344 3093 3397 καὶ
3121 3343 3181 3396 ὲν
3207 3343 3472 3415 ἀρρήτοις
3501 3341 3734 3415 ὑψεῦμα-

2143 3451 2228 3488 σιν
2248 3452 2261 3466 ο
2306 3434 2494 3504 ἐπειδὴ
2536 3434 2783 3505 καθῆκεν
2819 3434 3014 3488 ἑαυτὸν
3047 3436 3128 3499 είς
3158 3435 3412 3502 κένωσιν,
3446 3436 3544 3490 καὶ
3572 3452 3734 3490 τετα-

2142 3524 2446 3580 πεινῶσθαι
2470 3525 2710 3592 λέγεται,
2750 3525 2967 3598 μορφὴν
3004 3526 3194 3581 δούλου
3225 3526 3440 3582 λαϐών·
3468 3527 3637 3598 ἀνέϐη
3672 3528 3735 3583 δὲ

2145 3617 2309 3672 πάλιν
2355 3619 2436 3682 είς
2484 3617 2576 3671 τὸν
2613 3616 2748 3671 ἴδιον
2803 3616 3055 3684 πλοῦτον,
3090 3618 3191 3689 τῆς
3241 3618 3536 3690 ἑνωθιίσης
3580 3619 3735 3690 αὐτῷ

2146 3709 2385 3778 φύσεως,
2409 3708 2570 3779 δῆλον
2602 3707 2659 3761 δὲ
2688 3710 2771 3762 ὅτι
2805 3711 2903 3781 τῆς
2932 3708 3307 3781 ἀνθρωπίνης,
3324 3710 3424 3782 τὴν
3455 3711 3735 3781 πτωχείαν

2147 3800 2537 3879 ὑπερδραμὼν,
2568 3801 2742 3873 ταύτῃ
2785 3819 2869 3856 τοι
2903 3801 3088 3856 λαϐεῖν
3123 3802 3482 3874 ἀνθρωπίνως
3513 3803 3734 3872 λέγεται

2143 3894 2206 3948 τὸ
2229 3893 2317 3947 ἀεί
2343 3911 2403 3948 τε
2433 3894 2531 3948 καὶ
2561 3894 2957 3966 ἀναποϐλήτως
3004 3893 3312 3967 ἐνυπάρχον
3354 3895 3526 3969 αὑτῷ,
3572 3913 3735 3951 τουτ-

2147 3988 2264 4041 έστι
2294 3986 2357 4041 τὸ
2387 3983 2527 4041 εἶναι
2555 3987 2689 4052 Θεὸς
2718 3989 2813 4042 καὶ
2846 3988 2959 4042 τῶν
2998 3988 3137 4043 ὅλων
3168 3990 3393 4061 Κύριος.
3423 3991 3534 4045 Καὶ
3572 3992 3737 4064 εἰπερ

2143 4078 2294 4133 ἐστὶν
2325 4079 2546 4143 εὐκλεὲς
2574 4078 2655 4150 τῷ
2700 4080 2877 4152 Πατρὶ
2914 4080 2976 4135 τὸ
3022 4080 3227 4153 Κύριον
3274 4080 3417 4152 ἔχειν
3453 4080 3565 4136 τῶν
3591 4082 3737 4136 ὅλων

2143 4172 2236 4226 τὸν
2273 4170 2407 4225 ίδιον
2427 4171 2577 4237 Υἱὸν,
2605 4171 2725 4236 πῶς
2743 4171 2846 4226 οὑκ
2874 4172 3075 4243 ἀληθὲς
3104 4174 3300 4239 εἰπεῖν,
3316 4175 3400 4227 ὅτι
3429 4174 3733 4245 τετήρηται

2120 4250 2308 4320 ’πάλιν
2343 4265 2517 4336 αὑτῷ,
2555 4266 2649 4320 καὶ⁴
2676 4266 2775 4337 τὴν
2804 4264 2902 4320 τοῦ
2927 4266 3121 4320 δούλου
3152 4266 3374 4321 λαϐόντι
3408 4267 3645 4338 μορφὴν,
3671 4266 3735 4321 τὸ

2142 4356 2430 4427 ἐλεύθερον
2479 4357 2574 4411 καὶ
2606 4357 2704 4428 τῆς
2743 4358 2887 4411 κατὰ
2920 4358 3140 4414 πάντων
3188 4359 3513 4431 κυριότητός
3545 4375 3606 4412 τε
3635 4358 3738 4414 καὶ

2144 4447 2393 4514 ἐξουσίας
2415 4449 2478 4502 τὸ
2500 4449 2810 4519 ὑπερφερὲς
2844 4447 3060 4520 ἀξίωμα
3081 4466 3098 4517 ;

454 4542 594 4582 esse.
638 4525 880 4595 Denique
917 4525 962 4579 si
1012 4524 1156 4579 Patri
1189 4524 1545 4581 honoriﬁcum
1581 4538 1667 4584 est
1730 4528 1928 4588 Filium
1994 4535 2202 4597 habere
2262 4541 2357 4612 qui
2404 4542 2458 4597 in
2504 4555 2696 4597 onmes
2743 4552 2799 4596 et
2838 4542 3022 4617 omnia
3090 4543 3392 4600 dominium
3447 4547 3734 4617 obtineat;

454 4618 537 4674 οιῙὶ
565 4620 939 4713 άυυίυιιιᾲθεες
972 4625 1174 4713 pOlCSli
1224 4618 1356 4713 quin
1418 4617 1496 4673 illi
1543 4620 1711 4705 etiam
1752 4635 1880 4693 post
1922 4630 2065 4683 servi
2110 4631 2339 4689 formam
2420 4642 2702 4703 acceptam
2753 4612 3003 4704 libertas,
3051 4638 3590 4712 supernaturalisque

456 4713 669 4770 testatis
698 4722 752 4766 et
789 4710 1181 4766 dominationis
1222 4710 1275 4765 in
1311 4726 1502 4768 omnes
1540 4714 1780 4785 dignitas
1821 4719 2037 4793 integra
2079 4725 2152 4781 sit
2176 4726 2503 4785 asservata?

522 4825 645 4880 XX.
675 4844 695 4877 ι
728 4823 947 4878 Gratias
973 4834 1199 4895 agentes
1226 4823 1398 4889 Patri,
1436 4826 1528 4896 qui
1562 4829 1755 4901 dignos
1781 4850 1879 4892 nos
1909 4835 2037 4895 fecit

2212 4840 2299 4897 ις’.
2350 4861 2371 4894 ι
2409 4840 2876 4913 Εὐχαριστοῦντες
2926 4842 3006 4915 τῷ
3052 4845 3228 4919 Πατρι
3268 4848 3347 4919 τῷ
3404 4850 3735 4911 ἱκανώσαντι

454 4918 509 4972 in
538 4927 749 4988 partem
796 4917 960 4971 sortis
1009 4925 1322 4971 sanctorum
1354 4917 1514 4991 143
1565 4920 1616 4976 in
1657 4923 1903 4983 lumine:
1945 4930 2039 5000 qui

452 5006 657 5077 eripuit
687 5019 786 5059 nos
819 5005 885 5059 de
921 5007 1592 5089 potestatetenebrarum,
1652 5024 1707 5069 et
1762 5020 2045 5076 transtuli;

454 5097 510 5152 in
536 5114 757 5168 regnum
810 5097 934 5152 Filii
988 5098 1301 5158 dilectionis
1333 5119 1481 5174 sum;
1521 5107 1574 5163 in
1623 5123 1736 5179 quo
1777 5111 2047 5171 habemus

455 5191 924 5260 redemptionem,
974 5201 1030 5246 et
1082 5194 1461 5251 remissionem
1497 5212 1898 5268 peccatorum:
1951 5206 2044 5275 qui

456 5291 539 5333 est
595 5282 772 5351 imago
835 5281 930 5338 Dei
1004 5284 1337 5352 invisibilis,
1400 5288 1797 5357 primogenitus
1866 5296 2045 5354 omnis

457 5385 767 5427 creaturis:
806 5376 1062 5444 quoniam
1104 5376 1156 5431 in
1182 5376 1300 5449 ipso
1351 5378 1569 5434 condita
1621 5393 1748 5438 sunt
1788 5385 2045 5443 universa

460 5461 513 5515 in
560 5464 716 5518 caelis
760 5477 814 5518 et
871 5467 923 5521 in
975 5477 1149 5536 terra,
1184 5468 1420 5525 visibilis
1471 5481 1527 5527 et
1575 5473 1892 5544 invisibilia,
1929 5482 2046 5539 sive

2149 4934 2299 5004 ἡμᾶς
2320 4934 2403 4998 είς
2430 4932 2531 5004 τὴν
2576 4934 2772 5005 μερίδα
2809 4935 2903 4989 τοῦ
2959 4936 3162 5010 κλήρου
3204 4941 3314 4996 τῶν
3345 4943 3516 5012 ἁγίων
3563 4947 3623 4999 ὲν
3655 4947 3737 5019 τῷ

2150 5024 2323 5094 φωτί’
2355 5025 2416 5089 ὃς
2453 5025 2726 5096 ἐρρύσατο
2751 5027 2902 5099 ἡμᾶς
2952 5029 3019 5083 ὲκ
3046 5030 3145 5101 τῆς
3188 5031 3433 5100 ἐξουσίας
3476 5034 3572 5090 τοῦ
3610 5038 3737 5094 σκό-

2145 5132 2293 5181 τους,
2325 5117 2421 5171 καὶ
2450 5118 2783 5192 μετέστησεν
2815 5123 2895 5186 είς
2917 5120 3017 5195 τὴν
3047 5122 3329 5195 βασιλείαν
3356 5126 3453 5181 τοῦ
3485 5127 3614 5183 Υίοῦ
3635 5132 3740 5203 τῆς

2145 5207 2369 5280 ἀγάπης
2400 5208 2591 5275 αὑτοῦ,
2638 5212 2696 5265 ὲν
2738 5203 2787 5280 ᾧ
2816 5211 3018 5285 ἔχομεν
3057 5216 3160 5287 τὴν
3196 5217 3598 5291 ἀπολύτρωσιν,
3637 5222 3741 5296 τὴν

2150 5300 2350 5371 ἄφεσιν
2405 5300 2515 5356 τῶν
2551 5303 2841 5378 ἁμαρτιῶν
2858 5322 2872 5335 ·
2896 5306 2955 5369 ὃς
2989 5308 3140 5361 ἐστιν
3167 5307 3331 5363 εἰκὼν
3357 5310 3451 5364 τοῦ
3478 5309 3614 5366 Θεοῦ
3641 5313 3739 5367 τοῦ

2147 5393 2406 5465 ἀοράτου,
2448 5395 2798 5467 πρωτότοκος
2846 5398 3029 5469 πάσης
3072 5399 3303 5466 κτίσεως
3327 5418 3341 5433 ·
3369 5403 3452 5457 ὅτι
3490 5402 3549 5457 ὲν
3588 5404 3743 5477 αὑτῷ

2151 5485 2376 5556 ἐκτίσθη
2402 5487 2472 5542 τὰ
2502 5487 2680 5543 πάντα
2720 5488 2778 5543 ὲν
2812 5492 2925 5555 τοῖς
2960 5491 3210 5564 οὐρανοῖς
3243 5494 3338 5549 καὶ
3363 5496 3456 5550 ἐπὶ
3480 5496 3578 5569 τῆς
3607 5498 3738 5571 γῆς.

1557 5650 1732 5709 Variae
1756 5638 2027 5717 lectiones.
2047 5662 2251 5720 codicis
2285 5662 2645 5737 Seguieriani.

527 5806 558 5841 κ
591 5800 927 5869 ὠνομάσθαι.
