4076 6424
371 490 500 545 1361

1182 494 1272 550 AD
1315 495 1612 553 REGINAS
1654 496 1740 553 DE
1784 496 2008 553 RECTA
2051 494 2208 552 FIDE
2247 495 2510 552 ORATIO
2549 494 2848 552 ALTERA.

3493 494 3635 549 15.72

352 610 430 662 ιτὰ
458 608 631 680 όρατά
677 611 768 664 καὶ
801 610 868 664 τὰ
910 611 1140 683 ἀόρατα,
1174 612 1283 666 εἴτε
1315 613 1506 684 Θρόνοι
1527 657 1541 680 ,
1592 616 1702 669 εἴτε
1735 615 1940 684 Κοριό-

2049 612 2253 669 Throni
2278 654 2293 675 .
2346 613 2462 670 sive
2494 612 2923 679 Dominationes,
2963 612 3080 669 sive
3115 611 3481 681 Priueipatus,
3515 612 3631 666 sive

363 717 544 769 τητες.
593 701 703 754 εἴτε
756 703 968 775 Ἀρχαὶ,
1020 704 1125 757 εἴτε
1169 694 1473 769 Ἐξουσίαι·
1529 707 1596 760 τά
1647 708 1826 762 πάντα
1874 707 1941 759 δι’

363 792 529 845 αὑτοῦ
576 794 669 848 καὶ
719 794 799 857 εις
832 795 995 848 αὑτὸν
1028 795 1300 850 ἔκτισται·
1333 798 1429 851 καλ⁸
1478 798 1642 862 αὑτός
1681 800 1798 851 ἐστι
1839 797 1945 869 πρὸ

363 885 604 948 πάντων,
653 885 750 938 καὶ
792 886 862 938 τὰ
920 886 1096 940 πάντα
1147 888 1204 940 ὲν
1250 887 1401 959 αὐτῷ
1455 889 1779 960 συνέστηκε.
1833 890 1945 967 καὶ

362 975 524 1039 αὐτός
558 977 707 1028 ἐστιν
736 978 768 1046 ἠ
803 977 1015 1049 κεφαλὴ
1044 978 1137 1032 τοῦ
1168 976 1419 1050 σώματος
1453 980 1550 1049 τῆς
1590 980 1922 1052 Ἐκκλησίας

361 1067 420 1131 ὃς
452 1068 602 1123 ἐστιν
634 1068 799 1138 ἀρχὴ,
837 1068 1183 1139 πρωτότοκος
1229 1069 1296 1122 ὲκ
1322 1069 1434 1123 τῶν
1455 1069 1688 1140 νεκρῶν,
1722 1071 1811 1125 ἵνα
1852 1069 1946 1138 γέ·-

361 1175 520 1229 νηται
552 1160 610 1212 ἐν
641 1162 808 1214 πᾶσιν
839 1160 1004 1225 αὐτὸς
1038 1161 1336 1232 πρωτεύων
1356 1179 1369 1191 ·
1411 1163 1495 1217 ὅτι
1524 1164 1583 1215 ὲν
1613 1161 1763 1232 αὐτῷ
1792 1160 1944 1217 εὐδό-

361 1263 498 1318 κησε
553 1250 662 1303 πᾶν
694 1249 757 1302 τὸ
806 1249 1082 1320 πλήρωμα
1127 1251 1474 1322 κατοικῆσαι,
1525 1252 1621 1306 καὶ
1661 1251 1734 1305 δι’
1779 1251 1944 1306 αὐτοῦ

360 1340 810 1407 ἀποκαταλλάξαι
852 1343 920 1395 τὰ
966 1344 1147 1397 πάντα
1177 1344 1258 1408 εἰς
1287 1324 1509 1398 αὐτόν’
1527 1345 1945 1416 εἰρηνοποιήσας

358 1429 447 1483 διὰ
473 1430 566 1483 τοῦ
586 1430 816 1501 αἵματος
846 1431 942 1486 τοῦ
976 1432 1215 1504 σταυροῦ
1244 1433 1434 1498 αὑτοῦ,
1475 1434 1584 1487 εῐτε
1617 1433 1687 1487 τὰ
1725 1435 1819 1488 ἐπὶ
1845 1435 1945 1505 τῆς

358 1521 484 1590 γῆς,
527 1522 639 1575 εἴτε
683 1525 753 1578 τὰ
788 1526 847 1577 ἐν
892 1527 1005 1588 τοῖς
1046 1527 1317 1596 οὐρανοῖς.
1369 1545 1388 1578 ι
1430 1526 1630 1581 Εἰκόνα
1667 1528 1804 1599 φησὶ
1848 1528 1944 1582 τοῦ

357 1611 599 1684 ἀοράτου
631 1613 769 1668 Θεοῦ
803 1616 893 1669 τὸν
938 1616 998 1681 ἐξ
1038 1615 1204 1671 αὐτοῦ
1239 1616 1566 1687 γεννηθέντα
1600 1618 1740 1673 κατά
1784 1617 1945 1687 φύσιν

356 1705 511 1774 Υἱὸν,
539 1708 788 1762 τουτέστι
819 1709 913 1763 τὸν
950 1709 1085 1764 Θεὸν
1115 1710 1289 1779 Λόγον
1309 1724 1323 1738 ’
1361 1711 1457 1764 καὶ
1504 1710 1611 1781 μὴν
1635 1711 1719 1765 ὅτι
1749 1711 1814 1765 δι’
1845 1713 1943 1767 ad-

355 1798 451 1853 τοῦ
484 1799 555 1855 τὰ
582 1801 764 1857 πάντα
797 1801 1053 1873 παρήχθη
1083 1801 1220 1874 πρὸς
1244 1802 1482 1872 γένεσιν,
1514 1804 1627 1856 εἴτε
1655 1802 1723 1856 τὰ
1749 1803 1943 1874 ὁρατὰ,

354 1889 469 1945 εἴτε
507 1891 576 1945 τὰ
604 1892 834 1964 ἀόρατα,
872 1893 931 1946 ἐν
962 1911 1023 1948 τε
1052 1894 1269 1966 οὖρανῷ
1299 1897 1397 1950 καὶ
1421 1896 1513 1948 ἐπὶ
1548 1896 1650 1966 τῆς
1680 1894 1783 1965 γῆς
1808 1914 1821 1926 ο
1848 1898 1943 1951 καὶ

2048 703 2371 771 PoteStates,
2401 703 2581 760 omnia
2607 718 2702 774 per
2728 703 2903 771 ipsum
2924 714 2978 757 et
3011 705 3067 758 in
3106 703 3225 773 ipso
3256 712 3440 756 creata
3462 713 3623 755 sunt:

2047 804 2099 850 et
2134 796 2249 862 ipse
2277 802 2361 849 est
2389 803 2515 849 ante
2541 808 2762 857 omnes,
2795 803 2851 849 et
2889 793 3068 850 omnia
3104 794 3156 847 in
3195 793 3313 862 ipso
3342 801 3624 847 constant.

2048 885 2113 942 Et
2148 887 2262 957 ipse
2291 895 2375 942 est
2399 895 2563 957 caput
2600 886 2846 956 corporis
2880 885 3161 952 Ecclesiae,
3215 886 3308 954 qui
3352 894 3436 939 est
3474 884 3626 951 prin-

2046 979 2274 1047 cipium,
2310 978 2708 1048 primogenitns
2754 993 2820 1032 ex
2869 978 3128 1042 mortuis,
3188 987 3248 1033 ut
3297 978 3369 1032 sit
3419 978 3533 1045 ipse
3574 976 3629 1030 iu

2049 1070 2298 1125 omnibus
2325 1070 2619 1139 primatum
2674 1077 2864 1123 tenens
2904 1087 2917 1123 :
2954 1069 3084 1138 quia
3137 1066 3191 1122 in
3233 1068 3353 1138 ipso
3386 1064 3628 1136 compla-

2046 1161 2161 1216 cuit
2186 1175 2403 1217 omnem
2460 1159 2855 1230 plenitudinem
2899 1160 3234 1226 inhabitare,
3283 1167 3338 1214 et
3383 1174 3478 1228 per
3504 1171 3628 1212 eum

2047 1255 2229 1311 omnia
2264 1254 2619 1311 reconciliare
2674 1254 2726 1308 in
2771 1255 2946 1324 ipsum
2978 1269 2995 1307 :
3031 1252 3331 1321 paciﬁcans
3366 1266 3464 1321 per
3498 1264 3628 1303 san-

2047 1346 2265 1417 guinem
2310 1347 2491 1402 crucis
2526 1348 2643 1417 ejus
2680 1347 2796 1401 sive
2827 1361 2945 1414 qua:
2977 1345 3030 1399 in
3066 1344 3249 1409 terris,
3277 1346 3395 1398 sive
3420 1359 3540 1411 quae
3573 1344 3626 1394 in

2048 1438 2200 1494 caelis
2236 1448 2362 1495 sunt
2388 1438 2455 1493 ".
2492 1457 2511 1491 ι
2545 1438 2777 1493 Docetur
2807 1437 2921 1501 hic,
2962 1437 3053 1491 Dei
3106 1436 3357 1499 Verbum,
3413 1435 3512 1489 hoc
3548 1443 3630 1509 est

2048 1527 2245 1583 Filium
2296 1529 2619 1584 naturaliter
2669 1543 2735 1582 ex
2786 1527 2879 1582 illo
2922 1536 3135 1590 natum,
3197 1526 3483 1581 invisibilis
3532 1524 3623 1578 Dei

2053 1619 2341 1689 imaginem
2367 1634 2530 1676 esse:
2571 1620 2759 1675 adhtee
2797 1618 2980 1673 omnia
3018 1618 3251 1673 visibilia
3284 1627 3339 1673 et
3376 1617 3624 1671 invisibi—

2049 1709 2144 1775 lia,
2175 1711 2291 1767 sive
2327 1712 2378 1766 in
2414 1712 2589 1775 rtelis,
2620 1712 2735 1767 sive
2768 1710 2822 1766 iu
2851 1710 3038 1774 terris,
3073 1723 3169 1779 per
3196 1710 3371 1778 ipsum
3402 1710 3623 1764 condita

2048 1814 2209 1858 esse:
2241 1802 2412 1871 ipsum
2447 1814 2709 1874 praeterea
2736 1803 2920 1858 omnia
2958 1802 3279 1857 antecedere
3310 1804 3357 1870 (ι
3389 1800 3445 1855 In
3474 1801 3626 1871 prin—

2047 1895 2190 1964 eipio
2213 1895 2358 1950 enim
2382 1909 2503 1952 erat
2526 1895 2761 1952 Verbum
2779 1896 2906 1964 ³³ι),
2925 1894 3357 1963 smculontmque
3381 1894 3626 1949 condito-

352 1983 440 2038 ὅτι
460 1984 567 2055 πρὸ
590 1957 987 2042 πάντων-ἐστὶν
1008 1957 1172 2052 αὐτός
1191 1957 1348 2057 (ι”Εν
1369 1989 1508 2060 ἀρχῇ
1677 1957 1801 2060 ἴξιν-’ό
1839 1989 1932 2043 Λό”

2050 2001 2160 2040 rem
2210 2001 2374 2043 esse:
2414 1986 2794 2044 exsistentiam
2852 1996 3127 2058 postremo
3179 1987 3328 2041 omni
3382 1993 3628 2055 tempore

354 2078 532 2146 γοςι),
549 2078 645 2132 καὶ
667 2078 833 2143 αὐτός
856 2080 1005 2133 ἐστιν
1034 2080 1062 2134 ό
1089 2078 1201 2134 τῶν
1233 2080 1445 2134 αἰώνων
1473 2082 1820 2152 δημιουργὸς,
1846 2083 1940 2136 καὶ

357 2168 556 2238 χρόνου
624 2169 828 2233 παντὸς
878 2170 1261 2242 πρεσϐυτέραν
1314 2172 1454 2242 ἔχων
1520 2173 1619 2242 τὴν
1682 2172 1935 2245 ὓπαρξιν.

368 2259 529 2314 Ἀλλὰ
558 2260 651 2314 τὸν
678 2262 852 2325 οὕτως
878 2262 1073 2333 ἔχοντα
1118 2263 1259 2318 κατά
1307 2265 1470 2333 φύσιν
1516 2265 1654 2319 ἰδίαν
1692 2264 1938 2319 δεδόσθαι

356 2350 492 2421 φησι
534 2352 686 2423 παρά
729 2353 825 2406 τοῦ
873 2354 1086 2424 Πατρός
1123 2355 1367 2426 κεφαλὴν
1411 2353 1506 2408 τοῦ
1548 2354 1801 2426 σώματος
1840 2354 1939 2425 τῆς

368 2443 719 2515 Ἐκκλησίας,
765 2445 928 2499 αὐτόν
959 2462 1021 2499 τε
1064 2440 1204 2500 εἶναι
1234 2446 1326 2501 τὸν
1355 2448 1699 2519 πρωτότοκον
1728 2449 1794 2501 ὲκ
1829 2448 1940 2501 τῶν

356 2533 590 2606 νεκρῶν.
615 2530 752 2590 Εἶτα
774 2535 894 2600 πῶς
927 2536 1191 2608 ὑπάρχων
1220 2538 1308 2592 ἀεὶ
1333 2539 1468 2602 Θυὸς
1494 2539 1689 2608 Λόγος,
1721 2540 1780 2592 ὲν
1806 2532 1851 2608 ᾧ
1870 2540 1940 2594 τὰ

355 2628 535 2684 πάντα
568 2631 888 2703 συνέστηκε.
918 2634 1263 2704 πρωτότοκος
1291 2634 1403 2689 τῶν
1444 2636 1655 2708 νεκρῶν
1683 2635 1939 2705 γενέσθαι

354 2715 600 2787 λέγεται,
630 2720 727 2775 καὶ
754 2723 983 2795 ἀπαρχὴ
1013 2723 1122 2778 τῶν
1155 2727 1597 2797 κεκοιμημένων,
1616 2728 1664 2781 et
1691 2729 1765 2798 μή
1789 2730 1937 2782 ἐστιν

352 2809 523 2865 αὐτοῦ
548 2811 692 2866 κατά
716 2813 979 2879 ἀλήθειαν
1013 2813 1146 2869 ἴδιον
1179 2815 1340 2886 σῶμα
1373 2816 1433 2870 τὸ
1458 2818 1590 2888 παρ’
1632 2818 1799 2872 αὐτοῦ
1844 2821 1939 2887 λη-

365 2899 521 2969 φθὲν,
552 2896 614 2957 οὗ
640 2903 966 2969 πεπονθότος
1002 2906 1095 2959 τὸν
1136 2905 1390 2973 θάνατον,
1438 2909 1601 2973 αὐτὸς
1651 2911 1719 2964 ἂν
1766 2914 1937 2965 νοοῖτο

353 2993 583 3059 παθεῖν;
616 2994 717 3048 οὐκ
759 2994 1023 3051 ἀπίθανον
1046 2996 1264 3068 ἔχοντος
1302 2999 1461 3068 λόγον
1508 3001 1569 3053 ὲν
1624 3000 1804 3073 ἐαυτῷ
1839 3001 1934 3056 τοῦ

355 3082 768 3155 συμϐεϐηκότος
789 3101 804 3115 ·
836 3084 1075 3140 πέπονθε
1129 3088 1239 3160 γὰρ
1281 3088 1343 3143 τὺ
1388 3089 1521 3144 ἴδιον
1546 3090 1749 3144 αὐτοῦ’
1790 3092 1937 3149 οὕτω

353 3173 556 3227 νοεῖται
583 3174 933 3246 πρωτότοκος
970 3178 1035 3231 ὲκ
1072 3177 1183 3231 τῶν
1212 3179 1445 3251 νεκρῶν,
1476 3182 1654 3236 καίτοι
1689 3182 1788 3254 τὴν
1826 3183 1931 3253 φύ-

2044 2080 2409 2149 antiquiorem
2459 2080 2678 2135 habere.
2743 2079 3019 2147 Ejusmodi
3084 2086 3266 2132 autem
3326 2078 3488 2133 h0nis
3539 2091 3625 2131 se-

2044 2174 2282 2225 cundum
2337 2171 2614 2242 propriam
2667 2180 2918 2227 naturam
2964 2171 3322 2232 cumulatum,
3355 2170 3628 2239 primoge-

2044 2263 2215 2318 nitum
2252 2278 2319 2318 ex
2361 2264 2617 2328 mortuis,
2657 2271 2708 2319 et
2762 2272 2927 2332 caput
2978 2262 3227 2332 corporis
3278 2261 3539 2317 Ecclesiae
3593 2279 3621 2314 a

2042 2355 2154 2411 Deo
2176 2353 2338 2409 Patre
2366 2356 2551 2409 datum
2596 2370 2718 2411 esse
2762 2354 3018 2409 allirtnat.
3065 2353 3184 2409 Jam
3220 2354 3490 2423 quomodo
3533 2354 3624 2421 qui

2044 2445 2138 2502 Dei
2169 2446 2347 2501 Patris
2392 2445 2627 2500 Verbum
2671 2456 2780 2509 est,
2818 2461 3139 2516 semperque
3174 2446 3306 2509 fuit,
3338 2462 3434 2515 per
3463 2462 3623 2516 quem

2040 2536 2225 2591 omnia
2271 2543 2547 2601 constant,
2600 2536 3001 2606 primogenitus
3050 2553 3118 2591 ex
3175 2538 3426 2603 mortuis,
3496 2538 3625 2591 dor-

2042 2627 2436 2697 mientiumque
2486 2627 2742 2697 primitiae
2785 2628 3109 2698 appellatur,
3157 2629 3203 2684 si
3242 2644 3440 2697 corpus
3483 2635 3625 2698 quod

2042 2717 2339 2787 assumpsit
2369 2732 2496 2773 vere
2529 2716 2673 2771 illius
2706 2719 2984 2787 proprium
3020 2734 3125 2773 non
3149 2728 3289 2782 erat,
3324 2736 3431 2786 quo
3464 2720 3623 2772 nitui-

2042 2825 2160 2864 rum
2209 2809 2300 2863 illo
2357 2819 2588 2864 mortem
2638 2809 2908 2866 subeunte
2951 2810 3067 2879 ipse
3118 2817 3348 2864 mortem
3384 2812 3623 2864 subiisse

2042 2900 2417 2970 intelligatur?
2467 2900 2655 2970 Neque
2714 2902 2863 2955 enim
2913 2901 3049 2957 citra
3081 2902 3285 2971 justam
3315 2917 3537 2957 causam
3572 2904 3622 2956 id

2039 2990 2118 3046 illi
2153 2991 2420 3046 accidisse
2459 2992 2685 3057 dicitur,
2735 2995 2878 3060 quod
2924 2996 3161 3062 corpori,
3206 2996 3353 3065 quod
3404 3012 3622 3064 passum

2037 3093 2141 3148 est,
2167 3092 2224 3139 et
2244 3083 2390 3138 illius
2424 3084 2700 3153 proprium
2732 3092 2873 3151 erat,
2916 3086 3188 3141 accidisse
3222 3090 3493 3141 novimus.
3534 3090 3612 3141 Ad

2034 3174 2183 3228 hunc
2233 3172 2418 3243 itaque
2472 3176 2691 3229 modum
2749 3177 2966 3231 etiamsi
3017 3179 3313 3234 secundum
3370 3191 3621 3233 naturam

355 3279 445 3319 σιν
466 3264 738 3331 ἀθάνατος
772 3267 874 3335 ὢν,
915 3269 1007 3322 καὶ
1035 3270 1198 3333 αὐτὸς
1232 3272 1587 3343 χρηματίζων
1629 3273 1766 3346 ζωή.
1804 3275 1934 3330 ’Ὂτε

2043 3266 2394 3333 immortalis,
2428 3275 2485 3322 et
2509 3268 2617 3322 vita
2670 3282 2770 3338 per
2823 3270 3119 3324 essentiam
3169 3272 3424 3332 exsistat,
3474 3286 3620 3325 mor-

350 3356 534 3411 τοίνυν
560 3357 772 3415 δέδοται
803 3361 1014 3432 κεφαλὴ
1041 3361 1137 3416 τοῦ
1163 3362 1417 3436 σώματος
1440 3366 1539 3436 τῆς
1580 3366 1932 3438 Ἐκκλησίας,

353 3444 544 3510 καθεὶς
589 3447 780 3503 ἑαυτὸν
811 3451 890 3512 εὶς
919 3451 1172 3516 κένωσιν,
1205 3452 1328 3506 τότε
1355 3453 1572 3521 λέγεται
1603 3458 1698 3509 καὶ
1727 3457 1936 3511 ἀποθα-

355 3540 469 3592 νεῖν
497 3539 857 3613 ἀνθρωπίνως
884 3542 1024 3615 ὑπὲρ
1055 3545 1235 3616 ἡμῶν,
1256 3546 1285 3598 ό
1308 3547 1502 3601 παθεῖν
1530 3547 1630 3603 οὐκ
1662 3549 1817 3614 εἰδὼς
1843 3551 1936 3604 τὸν

353 3627 587 3689 θάνατον
616 3631 693 3699 ὠς
720 3633 873 3700 Θεός.

422 3815 560 3873 KA'.
597 3817 859 3889 Λέγοντος
904 3818 963 3875 δὲ
1012 3822 1108 3876 τοῦ
1162 3825 1432 3894 μακαρίου
1473 3825 1710 3890 Παύλου,
1757 3828 1838 3881 ὅτι
1878 3831 1935 3881 ἐν

351 3907 502 3980 αὐτῷ
526 3910 817 3983 κατῴκησε
845 3914 951 3966 πᾶν
969 3914 1029 3966 τὸ
1059 3914 1355 3986 πλήρωμα,
1389 3920 1550 3985 φαῖεν
1580 3918 1649 3972 ἂν
1682 3919 1814 3984 ἴσως
1850 3938 1931 3973 τι-

350 3998 469 4064 νές’
510 3999 640 4055 ’ἰδοὺ
672 4003 906 4073 Χριστὸν
935 4004 1023 4057 ἓτε
1034 4021 1125 4074 ρον
1153 4002 1295 4060 οἶδεν
1323 4008 1508 4072 ῑδικῶς
1534 4008 1625 4063 τὸν
1650 4013 1715 4063 ἐκ
1742 4028 1933 4079 γυναι-

352 4089 449 4153 κὸς
473 4088 780 4162 ἄνθρωπον,
823 4095 881 4146 ἐν
905 4087 950 4162 ᾧ
983 4094 1309 4167 κατῴκησεν
1338 4097 1413 4161 ὡς
1442 4099 1633 4169 ἔτερος
1676 4104 1808 4172 παρ’
1836 4104 1933 4156 αὐ-

350 4180 443 4235 τὸν
483 4182 739 4253 Χριστὸς,
791 4187 885 4238 καὶ
935 4185 1119 4249 tum;
1155 4188 1189 4239 ό
1223 4188 1413 4257 Λόγος,
1448 4190 1568 4259 ἦτοι
1614 4192 1835 4261 Πνεῦμα
1875 4192 1936 4247 τὸ

350 4272 629 4345 πλήρωμα
672 4277 775 4345 τῆς
820 4275 1077 4349 θεότητος
1134 4281 1481 4349 σωματικῶς.
1542 4283 1688 4355 Πρὸς
1745 4285 1809 4354 δὴ
1863 4286 1934 4339 τὰ

347 4367 528 4421 τοιάδε
577 4369 778 4439 φαμὲν,
825 4369 907 4423 ὅτι
958 4370 1053 4425 δύο
1100 4372 1368 4443 Χριστοὺς
1416 4376 1445 4427 ὁ
1486 4377 1934 4447 πνευματοφόρος

348 4458 451 4512 οὐκ
483 4452 645 4522 οἶδεν,
678 4459 795 4513 ἀλλ’
848 4460 946 4515 ἕνα
974 4462 1254 4533 κηρύττει,
1308 4463 1562 4534 καθάπερ
1606 4466 1799 4535 ἀμέλει
1839 4469 1933 4521 καὶ

348 4550 450 4604 ενα
473 4551 722 4624 Πατέρα.
756 4570 777 4605 ι
818 4552 983 4624 Ἡμῖν
1011 4554 1140 4626 γὰρ,
1171 4555 1356 4626 φησιν,
1385 4550 1466 4621 εἷς
1490 4557 1629 4623 Θεὸς
1654 4557 1684 4610 ό
1716 4560 1930 4631 Πατὴρ,

2042 3366 2256 3412 tuorum
2320 3358 2712 3429 primogenitus
2766 3373 2888 3415 esse
2946 3364 3323 3431 cognoscitur.
3388 3363 3621 3431 Quando

2039 3448 2208 3519 igitur
2232 3449 2396 3505 datus
2423 3459 2509 3506 est
2547 3461 2707 3519 caput
2741 3453 2988 3523 corporis
3027 3453 3284 3511 Ecclesia
3318 3459 3622 3525 seruetipso

2040 3539 2105 3594 ad
2158 3540 2585 3595 exinanitionem
2643 3543 2901 3607 demisso,
2955 3546 3125 3599 nostri
3179 3561 3340 3601 causa
3389 3559 3620 3601 mortem

2038 3632 2335 3687 secundum
2390 3641 2640 3687 naturam
2698 3635 2989 3690 humanam
3044 3639 3342 3707 oppetiisse
3394 3639 3617 3704 dicitur,
3702 3637 3704 3639 ’

2039 3722 2128 3792 qui
2154 3729 2210 3774 ut
2244 3722 2389 3776 Dens
2420 3722 2609 3777 mortis
2640 3725 2868 3779 omnino
2898 3727 3123 3794 ignarus
3157 3735 3296 3782 erat.

2132 3813 2272 3868 XXI.
2320 3814 2591 3871 Caeterum
2648 3817 2794 3885 quod
2864 3818 3057 3872 beatus
3132 3819 3333 3873 Paulus
3405 3835 3621 3875 omnem

2038 3907 2432 3977 plenitudinem
2467 3907 2518 3960 in
2543 3909 2660 3975 ipso
2695 3906 3033 3964 inhabitasse
3064 3922 3298 3974 asserat,
3329 3912 3490 3984 144
3514 3930 3621 3967 non

2032 3999 2267 4069 deerunt
2304 3998 2557 4054 fortassis
2605 3999 2696 4069 qui
2723 4000 2812 4054 hic
2859 4000 2934 4054 ita
2986 4001 3248 4070 objiciunt
3282 4021 3295 4057 :
3324 4005 3400 4058 En
3441 4008 3618 4062 homi-

2037 4104 2159 4145 nem
2211 4104 2278 4144 εκ
2323 4089 2552 4145 muliere
2596 4101 2807 4156 ortum,
2858 4093 3132 4148 Christum
3164 4094 3394 4149 alterum
3432 4111 3529 4165 per
3559 4112 3620 4153 se

2034 4192 2092 4236 et
2131 4181 2431 4236 secundum
2453 4195 2519 4237 se
2536 4182 2843 4249 exstitisse,
2875 4185 3098 4251 indicat,
3132 4186 3187 4241 in
3215 4201 3324 4256 quo
3361 4189 3615 4256 Verbum,

2038 4271 2141 4325 hoc
2164 4279 2253 4325 εει
2293 4269 2557 4339 Spiritus,
2584 4272 3001 4344 divinitatisque
3033 4276 3334 4346 plenitudo,
3361 4288 3616 4352 tanquam

2036 4363 2174 4418 alter
2204 4362 2424 4433 quidam
2453 4362 2706 4420 Christus
2736 4381 2984 4424 seorsum
3023 4372 3093 4427 ab
3133 4370 3307 4428 altero
3333 4374 3424 4428 illo
3448 4412 3463 4437 ,
3493 4389 3622 4428 cor-

2036 4452 2299 4521 poraliter
2348 4453 2686 4508 inhabitarit.
2742 4438 2843 4511 Adi
2876 4460 3003 4526 haec.
3042 4476 3177 4516 sane
3224 4465 3618 4531 respondemus

2038 4546 2262 4603 Paulum
2294 4549 2383 4604 Dei
2419 4549 2627 4620 Spiritu
2652 4552 2891 4607 amatum
2923 4567 3266 4622 nequaquam
3294 4555 3430 4610 duos
3459 4570 3621 4625 agno-

349 4640 412 4706 ἐξ
441 4636 505 4696 οὗ
531 4643 600 4697 τὰ
625 4644 822 4711 πάντα,
835 4646 929 4698 καὶ
959 4647 1121 4716 ἡμεῖς
1153 4648 1233 4712 εἰς
1264 4647 1453 4704 αὐτόν.
1474 4651 1587 4705 Καὶ
1614 4645 1700 4715 εἷς
1727 4651 1931 4723 Κύριος

2041 4637 2184 4694 visse
2226 4638 2498 4706 Christos,
2560 4642 2656 4696 sed
2712 4657 2877 4696 unum
2933 4644 3330 4711 auuuntiasse;
3383 4646 3525 4700 sicut
3568 4656 3624 4701 et

361 4733 572 4805 Ἰησοῦς
602 4736 860 4807 Χριστὸς,
889 4736 958 4790 δι’
988 4730 1050 4791 οὗ
1083 4738 1153 4791 τὰ
1176 4739 1376 4803 πάντα,
1416 4744 1513 4796 καὶ
1537 4744 1705 4813 ἡμεῖς
1730 4743 1797 4796 δι’
1830 4743 1930 4797 αὐ-

346 4824 468 4879 τοῦ.
502 4843 521 4877 ι
573 4825 729 4880 Ἐπεὶ
761 4826 918 4898 φέρε,
965 4827 1390 4899 διασκεψώμεθα
1419 4833 1818 4901 παρατιθέντες
1849 4836 1930 4899 εἰς

350 4915 583 4986 βάσανον
609 4918 718 4972 τῶν
744 4919 1051 4991 εἰρημένων
1073 4921 1174 4992 τὴν
1200 4921 1452 4994 δύναμιν·
1479 4926 1592 4996 Τὴν
1621 4927 1807 4981 εἰκόνα
1835 4928 1929 4982 τοῦ

346 5009 482 5063 Θεοῦ
504 5009 600 5064 τοῦ
634 5012 890 5081 ἀοράτου,
919 5011 1010 5067 τὸν
1049 5013 1118 5066 δι’
1144 5007 1204 5068 οὗ
1235 5016 1331 5069 καὶ
1360 5017 1420 5071 ὲν
1450 5009 1496 5084 ᾧ
1516 5018 1585 5071 τὰ
1611 5019 1812 5079 πάντα,
1838 5020 1930 5074 τὸν

351 5101 674 5171 προσιώνιον
705 5104 856 5168 Υἱὸν,
900 5104 1000 5175 τὴν
1029 5106 1141 5159 τῶν
1173 5105 1310 5160 ὅλων
1344 5106 1629 5173 σύστασιν,
1680 5109 1928 5164 δεδόσθαι

348 5192 483 5260 φησὶ
527 5194 611 5262 τῇ,
648 5192 946 5266 Ἰεῖκκλησῖᾳ
981 5194 1257 5266 κεφαλὴν,
1298 5196 1391 5250 καὶ
1438 5197 1546 5271 μὴν
1588 5199 1669 5252 ὅτι
1718 5201 1932 5269 γένοιτο

349 5282 694 5353 πρωτότοκος
737 5285 802 5338 ὲκ
845 5286 1074 5357 νεκρῶν.
1116 5287 1335 5360 Ἐπειδὴ
1361 5288 1420 5342 δέ
1464 5291 1583 5343 ἐστι
1624 5289 1725 5363 τὴ)
1762 5292 1930 5361 φύσιν

349 5371 634 5438 ἀθάνατος,
672 5374 823 5428 πᾶσά
857 5394 974 5440 πως
999 5377 1214 5447 ἀνάγκη
1241 5378 1379 5449 πρὸς
1412 5378 1609 5433 ἕνωσιν
1638 5381 1922 5452 οἰκονομι-

354 5463 453 5533 κήν
481 5480 540 5516 τε
569 5464 665 5518 καὶ
695 5464 870 5535 ἀληθῆ
915 5468 982 5537 τῇ
1029 5468 1152 5521 καθ’
1192 5470 1342 5539 ἡμᾶς
1373 5469 1754 5542 ἀνθρωπότητι
1794 5488 1926 5524 συν-

347 5552 633 5623 ενεχθῆναι
662 5554 842 5622 λέγειν
870 5555 961 5609 τὸν
994 5556 1060 5610 ὲκ
1091 5557 1228 5611 Θεοῦ
1263 5559 1476 5631 [ἰατρὸς
1510 5560 1701 5629 Λόγον,
1731 5561 1828 5614 ἕνα
1865 5579 1927 5618 τε

347 5643 522 5709 οὕτως
550 5648 683 5716 ἡμῖν
713 5646 1095 5719 ἀναδειχθῆναι
1144 5651 1400 5721 Χριστὸν,
1457 5653 1553 5705 τὸν
1579 5654 1743 5706 αὑτὸν
1790 5657 1930 5725 ἐμοῦ

347 5737 481 5791 Θεὸν
521 5737 647 5792 ὄντα
677 5740 769 5793 καὶ
800 5739 1107 5811 ἄνθρωπον.
1149 5745 1238 5796 Ἐν
1266 5744 1372 5797 τίνι
1419 5744 1485 5816 δὴ
1513 5742 1604 5799 οὖν
1635 5745 1927 5818 κατῴκησε

423 5895 467 5925 ⁸³
493 5893 693 5953 Coloss.
743 5914 781 5963 t,
833 5897 1020 5952 12-20.
1098 5898 1144 5930 "‘
1184 5899 1338 5955 Joan.
1387 5918 1422 5967 ι,
1470 5903 1552 5957 Η.

2042 4746 2209 4784 unum
2253 4745 2470 4801 quoque
2516 4731 2777 4788 Patrem:
2824 4750 2844 4784 ι
2894 4730 3061 4788 Nobis
3100 4733 3302 4805 (inquit
3344 4734 3456 4806 ille)
3480 4753 3621 4792 unus

2038 4831 2126 4879 est
2162 4823 2306 4879 Deus
2353 4823 2534 4891 Pater,
2579 4840 2649 4880 ex
2689 4839 2798 4895 quo
2832 4826 3040 4891 omnia,
3083 4835 3138 4883 et
3185 4842 3283 4884 nos
3312 4828 3365 4884 in
3397 4830 3574 4900 ipsqu
3604 4852 3617 4887 :

2039 4922 2096 4969 et
2132 4929 2272 4968 unus
2300 4912 2561 4969 Dominus
2587 4913 2748 4971 Jesus
2774 4915 3055 4981 Christus,
3087 4931 3187 4988 per
3216 4935 3378 4991 quem
3409 4924 3619 4992 omnia,

2038 5014 2096 5061 et
2127 5020 2223 5061 nos
2262 5021 2359 5076 per
2389 5007 2564 5076 ipsum
2598 5007 2668 5062 ".
2710 5026 2729 5059 ι
2766 5007 2874 5065 Sed
2924 5011 3151 5080 agedum
3194 5015 3485 5069 verborum
3532 5017 3621 5071 hic

2040 5099 2439 5169 propositorum
2469 5101 2577 5153 vim
2606 5099 2674 5155 ad
2690 5114 2901 5169 aequam
2926 5103 3185 5159 trutinam
3211 5109 3611 5175 expendamus.

2036 5189 2235 5245 Filium
2261 5201 2545 5259 aeternum,
2577 5192 2632 5247 in
2657 5207 2764 5263 quo
2780 5194 2988 5261 omnia,
3013 5204 3073 5250 et
3097 5210 3194 5264 per
3221 5212 3384 5266 quem
3407 5200 3611 5265 otnnia,

2034 5283 2329 5338 invisibilis
2357 5283 2447 5337 Dei
2482 5282 2797 5351 imaginem,
2832 5286 3329 5355 universorumque
3369 5290 3618 5344 condito-

2038 5391 2155 5432 rem
2186 5390 2251 5431 ae
2274 5376 2701 5447 primogenitum
2747 5378 2890 5432 inter
2937 5388 3200 5441 mortuos,
3237 5379 3497 5435 Ecclesiae
3528 5397 3620 5435 ea-

2039 5480 2136 5539 put
2166 5470 2350 5523 datum
2374 5469 2655 5538 praedicat.
2680 5470 2814 5535 Quia
2854 5484 2986 5539 ergo
3014 5470 3107 5524 Dei
3156 5468 3391 5525 Verbum
3429 5484 3618 5541 suapte

2042 5569 2234 5614 natura
2261 5561 2452 5615 mortis
2482 5575 2674 5630 expers
2701 5570 2805 5623 est,
2844 5575 2949 5614 non
3000 5576 3285 5629 possumus
3328 5562 3453 5617 illud
3492 5579 3616 5617 vera

2041 5650 2392 5721 perfectaque
2435 5653 2633 5707 unione
2669 5669 2791 5708 cum
2849 5656 3081 5707 humana
3133 5638 3353 5709 natura.
3381 5657 3615 5727 conjun-

2043 5756 2189 5801 etum
2224 5746 2391 5803 fuisse
2415 5762 2518 5802 non
2549 5763 2826 5814 asserere;
2857 5748 3098 5817 adeoque
3123 5764 3288 5803 unum
3317 5749 3615 5812 Christum,

1632 5902 1677 5934 "
1709 5901 1750 5955 ll
1791 5902 1915 5960 Cor.
1957 5919 2078 5968 'Hll,
2132 5903 2185 5958 6.
