4076 6416
502 506 642 562 1365

1421 498 1480 557 S.
1512 496 1793 555 CYRILIJ
1830 492 2304 552 ALEXANka
2344 489 2672 549 ARCIIIEP.

3597 491 3726 546 126i

500 620 590 685 qui
627 616 768 672 idem
800 614 944 671 Deus
991 615 1154 672 simul
1194 616 1269 672 sit
1296 625 1353 672 et
1396 617 1583 684 homo,
1622 616 1781 671 nobis
1806 629 1912 670 non
1940 628 2061 684 pro-

2190 614 2285 667 ιτᾶν
2309 611 2370 666 τδ
2397 611 2674 682 πλήρωμα
2702 611 2799 681 τῆς
2842 609 3096 681 θεότητος
3142 607 3495 679 σωματικῶς;
3536 608 3730 673 Ἰδικῶς

499 723 721 773 ponere.
748 706 819 761 At
847 707 899 761 in
931 721 1042 776 quo
1082 708 1247 778 igitur
1267 708 1447 764 omnis
1467 708 1769 763 divinitatis
1788 705 2069 775 plenitudo

501 799 825 854 inhabitavit
856 801 1216 870 corporaliter
1250 798 1341 854 “?
1369 801 1513 856 Sane
1536 798 1789 855 arbitrari
1812 799 1867 853 in
1899 796 2068 853 Verbi

499 904 742 947 seorsum
771 905 869 961 per
892 906 952 946 se
995 890 1325 947 considerati
1370 901 1620 946 naturam
1651 891 1752 945 hoc
1780 889 2068 953 accidisse,

496 980 718 1033 omnino
748 980 1142 1050 perabsurdum
1184 979 1377 1036 fuerit:
1420 979 1643 1049 perinde
1673 991 1902 1048 namque
1928 976 2073 1032 istud

504 1082 649 1127 esset
704 1086 769 1128 ac
828 1072 872 1127 si
921 1072 1267 1142 Unigeuitunt
1328 1072 1382 1126 in
1450 1071 1742 1141 semetipso
1796 1070 2073 1124 habitasse

498 1164 821 1218 diceremus.
860 1163 1156 1219 Credeutes
1206 1164 1388 1233 itaque
1433 1163 1666 1218 Verbum
1701 1176 1920 1217 carnem
1966 1174 2074 1215 non

497 1268 597 1323 per
627 1253 862 1321 aliquam
916 1254 996 1307 sui
1046 1253 1550 1307 transmutatiuuem
1599 1260 1691 1306 aut
1747 1251 2073 1315 versionem,

498 1346 592 1398 sed
665 1360 762 1412 per
814 1361 997 1400 veram
1048 1346 1230 1415 templi
1286 1346 1513 1417 proprii,
1568 1345 1670 1399 hoc
1711 1354 1797 1399 est
1833 1341 2078 1412 corporis

499 1436 680 1493 anima
735 1436 970 1489 humana
1025 1436 1275 1506 perfecti,
1332 1438 1585 1491 unionem
1644 1435 1699 1489 in
1739 1433 2079 1489 uobishabi-

504 1536 665 1591 tasse,
706 1528 793 1597 pie
835 1538 1088 1599 recteque
1136 1543 1533 1592 asseveramus,
1576 1528 1703 1581 dum
1735 1539 1962 1593 magnus
1987 1523 2077 1578 ille

503 1616 701 1671 Paulus
741 1632 958 1671 omnem
1015 1617 1323 1671 divinitatis
1399 1614 1793 1685 plenitudinem
1850 1613 1906 1667 in
1961 1613 2078 1682 ipso

504 1706 839 1761 inhabitasse
887 1706 1102 1772 scribit,
1158 1721 1264 1762 non
1310 1706 1525 1776 quidem
1582 1720 1677 1775 per
1705 1701 2079 1775 participatio-

504 1816 651 1863 nem,
696 1811 786 1851 ant
819 1798 1211 1861 habitudinem,
1265 1808 1358 1851 aut
1407 1796 1595 1867 gratim
1633 1794 2082 1851 communicatio-

506 1907 654 1955 nem,
694 1891 790 1945 sed
838 1888 1214 1958 corporaliter,
1265 1889 1369 1943 hoc
1424 1896 1508 1943 est
1553 1886 1940 1947 essentialiter,
1988 1898 2084 1954 per

2176 705 2277 776 μὲν
2308 700 2403 757 οὖν
2430 704 2526 758 καὶ
2556 702 2697 757 κατά
2729 703 2894 772 μόνας
2924 702 2981 754 ἐν
3000 703 3067 772 τῇ
3093 704 3188 757 τοῦ
3212 700 3384 767 Λόγου
3406 699 3562 768 φύσει
3581 698 3733 754 τοῦτο

2172 793 2489 865 πεπρᾶχθαι
2510 794 2774 864 νομίζειν,
2804 790 2998 860 εὕηθες
3022 790 3218 861 κομιδῇ
3240 806 3252 819 ·
3280 789 3391 842 ἴσον
3416 794 3522 860 γὰρ
3545 791 3730 857 εἰπεῖν,

2172 884 2251 949 ὡς
2300 885 2465 948 αὐτὸς
2505 885 2566 936 ἔν
2608 881 2787 953 ἑαυτῷ
2834 880 3153 953 κατῴκησεν
3197 882 3227 933 ό
3271 881 3597 950 Μονογενής.
3645 881 3736 933 Πι-

2178 974 2465 1038 στεύοντας
2503 972 2562 1028 δὲ
2611 974 2694 1027 ὅτι
2745 974 2935 1042 γέγονε
2989 972 3126 1042 σὰρξ
3169 971 3199 1021 ὁ
3251 972 3443 1038 Λόγος,
3492 972 3551 1023 οὐ
3601 972 3739 1023 κατὰ

2177 1067 2515 1138 μετάστασιν
2562 1064 2594 1135 ἢ
2638 1064 2848 1136 τροπὴν
2872 1105 2887 1128 ,
2940 1062 3059 1116 ἀλλ’
3089 1063 3173 1115 ὅτι
3207 1060 3406 1132 μᾶλλον
3439 1061 3738 1131 ἐσκήνωσεν

2174 1157 2233 1210 ὲν
2266 1157 2417 1226 ἡμῖν,
2462 1156 2556 1208 καί
2589 1154 2714 1208 ναὸν
2758 1152 2889 1206 ἴδιον
2928 1152 3223 1221 ἐποιήσατο
3262 1150 3322 1203 τὸ
3365 1150 3561 1202 ὲνωθὲν
3598 1147 3740 1218 αὐτῷ

2175 1248 2317 1303 κατά
2338 1247 2595 1319 ἀλήθειαν
2606 1246 2801 1324 ρῶμα,
2833 1245 3011 1316 ψυχὴν
3039 1244 3162 1315 ἔχον
3187 1244 3286 1312 τὴν
3313 1242 3557 1312 λογικὴν,
3590 1242 3740 1293 εὐσε-

2177 1336 2268 1402 ϐὲς
2293 1341 2485 1392 είπείν·
2516 1339 2597 1392 ὅτι
2624 1336 2720 1407 τὴν
2748 1338 2807 1389 ὲν
2836 1339 2902 1407 τῇ
2927 1336 3061 1406 ἀγία
3090 1335 3255 1404 σαρκὶ
3284 1332 3378 1386 τοῦ
3409 1333 3580 1399 Λόγου
3607 1348 3737 1384 κατα

2176 1428 2414 1498 οίκησιν,
2449 1427 2616 1497 ἤγουν
2646 1424 2846 1479 ἕνωσιν
2883 1422 3060 1494 ἀληθῆ
3093 1421 3520 1491 κατασημαίνων
3555 1421 3683 1489 ἡμῖν
3713 1419 3741 1473 ό

2180 1517 2473 1580 θεσπέσιος
2504 1517 2735 1579 Παῦλος,
2770 1517 2828 1568 ὲν
2858 1514 3009 1584 αὐτῷ
3036 1530 3171 1583 φησι
3201 1511 3522 1579 κατοικῆσαι
3555 1510 3659 1562 πᾶν
3685 1508 3744 1561 τδ

2180 1610 2457 1681 πλήρωμα
2487 1608 2588 1678 τῆς
2614 1607 2888 1677 θεότητος,
2919 1606 2983 1659 οὐ
3012 1602 3289 1675 μεθεκτῶς
3314 1601 3535 1673 μᾶλλον,
3559 1601 3591 1668 ἢ
3625 1615 3743 1669 σχε-

2185 1699 2376 1766 τικῶς,
2406 1700 2576 1770 ῆγουν
2608 1698 2683 1761 ὼς
2713 1698 2770 1749 ὲν
2791 1696 2934 1749 δόσει
2967 1695 3211 1765 χάριτος,
3235 1692 3372 1745 ἀλλά
3403 1690 3742 1762 σωματικῶς,

2181 1793 2212 1847 ὃ
2245 1794 2395 1845 ἐστιν
2423 1789 2698 1852 οὺσιωδῶς
2718 1805 2730 1817 ’
2756 1788 2833 1851 ὡς
2869 1788 2935 1841 ἂν
2957 1788 3004 1839 εί
3034 1784 3129 1838 καὶ
3158 1786 3216 1837 ὲν
3236 1782 3512 1854 ἀνθρώπῳ
3541 1779 3744 1848 λέγοιτο

2190 1881 2465 1935 κατοικεῖν
2508 1879 2570 1932 τὸ
2610 1876 2828 1948 πνεῦμα
2857 1874 3045 1940 αὐτοῦ,
3070 1873 3169 1942 οὐχ
3203 1872 3391 1941 ἕτερον
3415 1869 3475 1923 δν
3508 1867 3632 1937 παρ’
3661 1865 3749 1918 αὐα-

502 1982 952 2038 inbabitatiouem
995 1981 1142 2034 illam
1177 1980 1326 2033 aliud
1358 1979 1493 2034 nihil
1525 1978 1803 2033 insinuare
1822 1976 2080 2037 voluisse,

2190 1972 2294 2026 τόν.
2338 1968 2454 2039 Ἐφ’
2485 1969 2605 2032 ἑνὸς
2651 1967 2711 2021 δὲ
2756 1966 3051 2037 προσώπου
3101 1962 3359 2023 πολλάκις
3410 1958 3747 2028 διπρόσωπον

502 2087 666 2142 quam
698 2085 877 2124 veram
919 2068 1331 2136 naturalemque
1363 2065 1525 2121 Verbi
1567 2080 1690 2119 cum
1721 2078 1879 2119 sacra
1917 2077 2082 2117 carne

507 2161 786 2214 unionem.
816 2158 1290 2226 Quemadmodum
1344 2156 1469 2211 licet
1507 2154 1745 2211 hominis
1772 2152 1996 2221 spiritus
2027 2151 2081 2204 in

507 2258 624 2323 ipso
657 2252 906 2307 habitare
936 2251 1173 2313 dicatur,
1204 2265 1311 2304 non
1350 2248 1491 2304 alius
1514 2255 1692 2302 tamen
1717 2255 1808 2298 aut
1832 2245 2080 2299 diversus

507 2347 575 2397 ab
609 2343 696 2396 illo
732 2342 1029 2412 judicatnr.
1061 2340 1151 2395 Fit
1198 2341 1366 2405 enim,
1414 2349 1473 2393 ut
1504 2337 1769 2393 orationis
1797 2335 2080 2390 schemate

506 2433 576 2485 de
604 2445 708 2484 una
746 2446 974 2498 persona
1025 2429 1257 2498 duplicis
1306 2427 1632 2497 quandoque
1666 2438 1912 2497 persona:
1947 2424 2086 2479 ratio

509 2520 668 2575 nubis
700 2519 983 2585 oﬂ'eratur,
1021 2534 1197 2589 neque
1226 2519 1297 2573 ob
1341 2519 1394 2573 id
1425 2527 1605 2571 tamen
1642 2516 1848 2571 veritas
1888 2515 1996 2569 ulla
2019 2530 2085 2568 ex

511 2623 665 2680 parte
712 2613 969 2667 laeditur:
1029 2621 1088 2665 ut
1142 2626 1302 2674 cum,
1353 2609 1584 2678 exempli
1631 2624 1832 2674 causa,
1895 2607 2076 2660 divina

513 2704 794 2774 Scriptura
827 2702 895 2758 de
937 2703 1046 2757 Deo
1080 2701 1379 2772 pra‘dicat:
1426 2718 1447 2753 ι
1483 2699 1588 2766 Qui
1640 2699 1793 2767 fingit
1833 2697 2085 2768 spiritum

513 2793 754 2849 hominis
805 2793 858 2846 in
913 2793 1030 2863 ipso
1062 2793 1149 2858 '7;
1188 2808 1208 2842 ι
1256 2790 1407 2857 atqui
1462 2788 1711 2857 spiritum
1763 2786 1998 2841 hominis
2033 2785 2086 2838 in

512 2889 633 2954 ipso
689 2884 979 2937 formatum
1034 2885 1101 2936 ab
1147 2881 1266 2951 ipso
1316 2877 1475 2952 155
1520 2877 1740 2933 homine
1787 2876 1934 2930 aliud
1980 2889 2088 2930 non

511 2991 662 3040 esse,
695 2975 946 3030 omnibus
976 2974 1320 3045 perspicuum
1353 2983 1455 3026 est.
1490 2968 1609 3026 Huc
1635 2979 1690 3024 et
1717 2968 1848 3024 illud
1877 2982 2093 3037 quoque

512 3067 658 3121 beati
702 3064 877 3120 David
914 3066 1087 3120 tendit
1125 3081 1140 3119 :
1182 3081 1202 3115 ι
1233 3062 1408 3119 Nocte
1439 3078 1563 3118 cum
1592 3061 1757 3117 corde
1787 3074 1908 3115 meo
1932 3073 2092 3114 exer-

514 3159 743 3222 ('ilabtll',
786 3167 842 3212 et
895 3158 1164 3212 maerebat
1211 3155 1446 3226 spiritus
1496 3168 1651 3210 meus
1696 3151 1763 3206 ⁸⁸.
1807 3169 1827 3203 ι
1870 3150 2090 3222 Ecquis,

518 3262 727 3317 quaeso,
755 3259 896 3317 erat,
933 3248 1026 3318 qui
1057 3262 1181 3304 cum
1212 3260 1314 3301 suo
1339 3244 1504 3301 corde
1536 3243 1921 3307 exercebatur,
1963 3258 2092 3311 pro-

2181 2065 2316 2132 ἡμῖν
2355 2062 2664 2131 εἰσφέρεται
2700 2058 2860 2128 λόγου
2890 2056 3097 2127 σχῆμα,
3124 2052 3221 2107 καὶ
3270 2052 3394 2105 κατ’
3424 2049 3612 2103 οὐδένα
3630 2044 3748 2115 τρό-

2184 2170 2287 2207 πον
2313 2152 2488 2207 ἀδικεῖ
2518 2152 2617 2223 τὴν
2643 2149 2923 2222 ἀλήθειαν.
2959 2144 3084 2200 Οἷον
3108 2146 3243 2215 φέρε
3268 2144 3465 2207 εἰπεῖν,
3500 2139 3572 2201 ὡς
3597 2140 3643 2191 εί
3673 2135 3749 2188 λέ-

2182 2262 2335 2315 γοιτο
2381 2244 2511 2314 περὶ
2556 2241 2693 2297 Θεοῦ
2745 2240 2899 2311 παρά
2943 2239 3044 2308 τῆς
3093 2233 3455 2289 θεοπνεύστου
3504 2227 3747 2300 Γραφῆς⁶

2195 2356 2215 2390 ι
2264 2338 2323 2391 '0
2361 2337 2618 2390 πλάσσων
2650 2333 2868 2403 πνεῦμα
2893 2328 3184 2402 ἀνθρώπου
3206 2328 3266 2380 ὲν
3299 2324 3474 2395 αὐτῷ.
3510 2342 3529 2375 ι
3568 2319 3748 2373 Καίτοι

2187 2429 2305 2489 πῶς
2329 2428 2429 2499 οὐχ
2458 2427 2664 2481 ἅπασιν
2689 2424 2941 2494 ἐναργὲς,
2959 2421 3035 2485 ὡς
3062 2422 3164 2474 οὐκ
3189 2418 3256 2473 ἀν
3274 2420 3453 2472 νοοῖτο
3483 2412 3610 2485 περὶ
3625 2420 3651 2460 5
3671 2407 3756 2499 τὸν

2187 2519 2475 2590 ἄνθρωπον
2532 2517 2721 2588 ἕτερον
2793 2518 2851 2568 ὲν
2921 2512 3098 2581 ἐαυτῷ
3165 2508 3545 2579 πλαττόμενον
3605 2496 3759 2556 αὐτοῦ

2188 2589 2437 2677 πνεῦμας
2461 2605 2601 2676 Φησὶ
2640 2604 2699 2658 δέ
2730 2620 2834 2656 που
2865 2603 2961 2655 καὶ
2992 2604 3019 2655 ὁ
3048 2600 3316 2671 μακάριος
3344 2594 3553 2650 Δαυῒδ·
3599 2610 3618 2643 ι
3653 2589 3759 2644 Νυ-

2188 2700 2316 2763 κτὸς
2344 2698 2484 2770 μετά
2522 2696 2623 2764 τῆς
2652 2694 2881 2766 καρδίας
2913 2692 3258 2763 ὴδολέσχουν,
3311 2687 3419 2742 καὶ
3448 2682 3675 2757 ῆσχαλλε
3706 2678 3763 2732 τδ

2191 2790 2409 2860 πνεῦμά
2439 2806 2562 2860 μου.
2602 2806 2623 2840 ι
2655 2786 2789 2840 Είτα
2822 2786 2905 2848 τίς
2938 2780 3033 2838 οὖν
3061 2784 3091 2836 δ
3122 2782 3259 2853 μετά
3289 2780 3397 2850 τῆς
3426 2774 3648 2848 καρδίας
3671 2770 3763 2824 αὐο

2188 2882 2284 2937 τοῦ
2316 2881 2467 2935 ἀδολε
2476 2878 2638 2950 σχῶν,
2675 2878 2770 2932 καὶ
2796 2876 2860 2929 τὸ
2892 2875 3023 2928 [διον
3047 2870 3267 2941 πνεῦμα
3296 2866 3576 2938 ἀσχάλλον
3600 2863 3759 2933 ἔχωνς

2188 2973 2312 3047 Χρὴ
2343 2974 2524 3028 τοίνυν
2565 2970 2636 3025 τά
2677 2970 2775 3041 μὲν
2810 2967 2921 3022 τῶν
2964 2966 3140 3034 λόγων
3169 2965 3437 3034 σχήματα
3468 2959 3543 3030 μὴ
3573 2953 3763 3025 σφόδρα

2191 3065 2545 3137 φιλοκρινεῖν,
2569 3063 2782 3133 ἀερορᾷν
2825 3059 2884 3113 δὲ
2921 3057 3122 3129 μᾶλλον
3154 3057 3233 3119 είς
3262 3053 3447 3117 αὐτᾶς
3491 3050 3599 3104 τῶν
3633 3061 3765 3137 πρα-

2193 3133 2422 3227 γμάτων
2451 3153 2552 3217 τὰς
2591 3152 2782 3223 φύσεις
2805 3190 2820 3214 ,
2849 3150 2944 3203 καὶ
2981 3148 3043 3214 ἐξ
3082 3147 3261 3201 αὐτῶν
3293 3144 3360 3227 δὴ
3406 3142 3602 3215 μᾶλλον
3645 3133 3763 3190 ποδ-

2196 3220 2648 3318 ηγουμένουςὲπ⁹
2676 3240 2846 3311 αὐτὴν
2877 3241 3014 3294 ἱέναι
3038 3238 3135 3309 τὴν
3164 3220 3461 3307 ἀλήθειαν.

516 3341 805 3411 priumque
845 3340 1095 3409 spiritum
1142 3344 1470 3394 maerentem
1515 3336 1800 3393 habebat!
1870 3335 2094 3406 Oportet
2136 3336 2321 3409 itaque
2382 3336 2717 3392 locutionum
2784 3333 3045 3389 formulas
3088 3347 3193 3385 non
3235 3344 3420 3397 usque
3453 3325 3587 3380 adeo
3615 3321 3764 3376 anxie

515 3445 794 3501 excutere,
838 3435 934 3490 sed
971 3433 1118 3505 ipsas
1159 3448 1342 3490 rerum
1371 3443 1601 3487 naturas
1639 3430 1823 3503 potius
1879 3431 2254 3504 contemplari,
2315 3446 2611 3502 earumque
2665 3431 2825 3485 ductu
2862 3428 2929 3482 ad
2981 3429 3151 3497 ipsam
3206 3423 3500 3478 veritatem
3548 3424 3763 3474 conten-

517 3527 669 3584 dere.

996 3662 1075 3718 De
1102 3661 1302 3720 Christi
1328 3664 1641 3719 obedientia.

595 3815 620 3852 ι
650 3797 818 3869 igitur
857 3797 1000 3853 sicut
1051 3811 1153 3867 per
1195 3795 1370 3852 unius
1409 3795 1664 3852 delictum
1692 3795 1744 3850 in
1774 3809 1960 3851 omnes
2004 3796 2099 3851 ho-

531 3891 710 3947 mines
756 3889 808 3944 in
850 3883 1353 3943 condemnationem
1401 3904 1416 3941 :
1457 3887 1536 3943 sic
1554 3898 1605 3943 et
1631 3902 1728 3957 per
1754 3886 1911 3941 unius
1935 3884 2099 3955 justi-

519 3984 652 4038 tiam
703 3982 756 4037 in
809 3994 1003 4037 omnes
1046 3979 1297 4035 homines
1360 3979 1415 4033 in
1469 3977 1911 4050 justiﬁeationem
1954 3978 2097 4032 vitae.

521 4076 676 4133 Sicut
696 4076 840 4131 enim
888 4089 986 4145 per
1024 4073 1457 4129 inobedientiant
1511 4072 1673 4128 unius
1710 4071 1946 4127 hominis
1977 4083 2100 4140 pec-

522 4177 741 4222 catores
773 4165 1056 4220 constituti
1092 4174 1221 4220 sunt
1255 4163 1447 4229 multi;
1477 4163 1549 4217 ita
1575 4173 1629 4217 et
1658 4177 1755 4232 per
1779 4161 1940 4216 unius
1970 4161 2095 4216 ube-

520 4257 805 4321 ditionem,
828 4254 960 4326 justi
1008 4254 1419 4310 constituentur
1460 4253 1613 4307 multi
1650 4254 1721 4306 ".
1757 4270 1776 4304 ι
1814 4251 1948 4306 Cum
2001 4252 2100 4305 bu-

524 4364 685 4404 tuana
713 4356 907 4403 natura
945 4346 1016 4403 ob
1056 4344 1381 4416 protoplasti
1436 4344 1863 4399 inubodientiam
1929 4342 2099 4398 male-

521 4443 670 4499 dicto
708 4442 1013 4508 mortisque
1045 4438 1332 4496 sententia:
1356 4438 1619 4493 obstricta
1645 4436 1901 4501 Inereret,
1937 4449 2100 4503 opor-

522 4532 628 4587 tuit
655 4534 723 4587 ad
752 4531 1035 4601 antiquum
1088 4538 1290 4584 statum
1354 4526 1500 4581 illam
1547 4526 1726 4581 denuo
1772 4524 1958 4580 reduci
2003 4539 2100 4593 per

526 4623 855 4691 iuculpatam
925 4620 1247 4675 obedientize
1320 4617 1869 4673 demonstrationem.
1931 4612 2098 4685 Atqui

526 4715 670 4770 istud
711 4715 966 4769 humanae
1013 4724 1221 4768 natura:
1281 4710 1576 4766 facultates
1636 4707 1820 4763 multis
1856 4707 2101 4779 partibus

523 4805 823 4861 excedebat
857 4819 874 4859 :
925 4818 1101 4874 neque
1138 4802 1284 4858 enim
1332 4801 1472 4856 ullus
1518 4816 1548 4854 a
1585 4808 1810 4870 peccato
1845 4798 2102 4854 immunis

530 4904 671 4951 erat.
706 4894 842 4950 Nam
881 4911 1002 4950 cum
1033 4912 1096 4951 ea
1129 4893 1296 4950 semel
1329 4894 1381 4949 in
1411 4908 1610 4949 noxam
1638 4905 1993 4960 erroremque
2022 4894 2101 4945 in-

2471 3661 2611 3732 Περὶ
2641 3658 2748 3730 τῆς
2772 3655 3050 3725 ὑπακοῆς
3075 3653 3181 3709 τοῦ
3207 3648 3488 3724 Χριστοῦ.

2275 3818 2294 3852 ι
2334 3797 2453 3868 'Ap’
2483 3790 2577 3849 οὖν
2601 3793 2674 3855 ὡς
2720 3790 2788 3845 δι’
2837 3789 2954 3852 ἑνὸς
2994 3784 3397 3858 ἁμαρτήματος
3441 3781 3524 3844 είς
3567 3776 3762 3868 πάντας

2198 3863 2544 3959 ἀνθρώπους,
2596 3884 2679 3947 είς
2716 3880 3070 3949 κατάκριμαο
3110 3874 3255 3928 οὕτω
3284 3872 3382 3926 καὶ
3410 3870 3478 3924 δι’
3529 3866 3646 3929 sva;
3693 3863 3765 3915 δι-

2201 3978 2526 4050 καιώματος
2557 3977 2640 4040 είς
2690 3974 2898 4034 πάντας
2949 3965 3292 4039 ἀνθρώπους,
3327 3965 3409 4027 είς
3442 3959 3710 4050 δικαίωμα
3742 3962 3761 3987 ι

2199 4048 2367 4141 ζωῆς,
2413 4070 2625 4138 Ὥσπερ
2659 4065 2769 4134 γάρ
2798 4062 2888 4117 διά
2917 4060 3016 4130 τῆς
3061 4055 3347 4129 παρακοῆς
3386 4052 3482 4107 τοῦ
3524 4049 3641 4111 ἑνὸς
3664 4048 3766 4141 Adv-

2199 4136 2420 4236 θρῶπου
2454 4136 2770 4231 ἁμαρτωλοὶ
2807 4150 3222 4220 κατεστάθημεν
3268 4149 3318 4200 oi
3370 4144 3584 4236 πολλοὶ,
3632 4136 3766 4191 οὕτω

2199 4234 2294 4310 καὶ
2325 4251 2414 4306 διά
2442 4250 2543 4320 τῆς
2568 4246 2815 4317 ὑπακοῆς
2844 4245 2939 4297 τοῦ
2980 4242 3097 4303 ἑνὸς
3123 4237 3414 4309 ἀνθρώπου
3453 4234 3651 4287 δίκαιοι
3672 4243 3767 4279 κα-

2198 4344 2561 4414 ταστήσονται
2609 4350 2635 4380 ι
2668 4338 2718 4391 οί
2763 4334 2965 4390 πολλοί.
3001 4352 3020 4385 ι
3056 4331 3168 4400 Τῆς
3214 4327 3509 4399 ἀνθρώπου
3562 4322 3767 4414 φύσεως

2199 4437 2311 4507 ἀρᾷ
2340 4408 2435 4488 καὶ
2468 4431 2593 4503 δίκῃ
2613 4430 2845 4485 θανάτου
2877 4420 3413 4493 καταδεδικασμένης
3444 4418 3533 4472 διὰ
3563 4416 3660 4484 τὴν
3679 4408 3767 4507 τοῦ

2207 4500 2636 4597 πρωτοπλάστ-ου
2661 4518 2970 4589 παρακοὴν,
2992 4515 3101 4569 ἔδει
3126 4512 3289 4568 πάλιν
3310 4507 3621 4579 ἀνασφῆλαι
3642 4500 3771 4597 πρὸς

2201 4593 2265 4671 cz;
2294 4618 2353 4670 ὲν
2399 4615 2597 4685 ἀρχαῖς
2639 4610 2810 4682 αὐτὴν
2853 4608 3258 4678 ἀνεπίπληκτον
3289 4602 3485 4672 κομιεῇ
3535 4599 3635 4666 τῆς
3676 4593 3772 4685 of?

2202 4705 2373 4777 ακοῆς
2402 4681 2736 4773 ποιουμένην
2765 4681 2863 4771 τὴν
2887 4698 3134 4762 ἔνδειξιν.
3166 4693 3304 4748 Ἀλλ’
3322 4692 3424 4763 ἤδη
3448 4688 3608 4743 τοῦτο
3642 4681 3770 4736 πολὺ

2203 4800 2301 4853 καὶ
2333 4796 2455 4849 λίαν
2500 4793 2763 4847 ἐπέκεινα
2790 4790 2902 4843 τῶν
2928 4789 3030 4859 τῆς
3065 4785 3491 4855 ἀνθρωπότητος
3524 4778 3770 4849 μέτρων·

2208 4887 2448 4960 καθαρὸς
2465 4886 2575 4956 γὰρ
2600 4883 2775 4946 οὐδεὶς
2799 4881 2906 4935 ἀπὸ
2930 4878 3237 4951 ἁμαρτιῶν.
3266 4872 3525 4928 [Ιαθοῦσα
3554 4869 3610 4922 δὲ
3636 4860 3774 4925 ἅπαξ

523 4989 769 5054 cidisset,
811 4987 1191 5056 intestinisque
1218 4987 1626 5042 inﬁrmitatibus
1668 4984 1808 5039 victa
1851 4991 2087 5053 prostra-

2204 4980 2266 5034 τὸ
2309 4975 2653 5048 πλημμελὲς,
2686 4973 2780 5027 καὶ
2826 4974 2946 5035 ταῖς
2979 4969 3192 5023 οἴκοθεν
3240 4962 3553 5023 ἀσθενείαις
3583 4970 3776 5025 κεκρα-

526 5091 689 5149 taque
717 5078 950 5149 jaceret,
1003 5085 1057 5133 et
1097 5078 1238 5132 intra
1284 5066 1559 5147 propriam
1593 5088 1813 5130 carnem
1846 5071 2099 5141 nequitiae

524 5173 765 5229 radicem
814 5171 1061 5237 haberet,
1104 5186 1168 5224 ac
1204 5167 1471 5224 infrenem
1506 5167 1714 5237 peccati
1747 5165 1920 5234 legem
1956 5162 2098 5216 intra

528 5279 623 5317 sua
655 5265 862 5318 viscera
911 5271 1172 5331 perpetuo
1224 5268 1487 5331 gestaret,
1546 5257 1818 5327 quomodo
1879 5268 2098 5310 omnem

528 5355 750 5409 omnino
791 5353 996 5423 lapsum
1027 5349 1318 5407 evaderet?
1350 5368 1367 5400 ι
1416 5348 1551 5403 Nam
1583 5347 1855 5417 sapientia
1890 5346 2094 5408 carnis,

536 5442 736 5510 inquit,
764 5446 987 5497 omnino
1010 5441 1296 5497 inimicitia
1329 5447 1414 5492 est
1452 5438 1502 5492 in
1535 5437 1704 5492 Deum
1742 5454 1757 5489 :
1804 5435 1906 5504 legi
1949 5436 2094 5490 enim

602 5591 646 5622 “
677 5590 886 5647 Coloss.
930 5606 989 5656 tt,
1020 5593 1075 5648 9.
1151 5590 1193 5621 "
1228 5586 1395 5643 Zacli.
1430 5602 1524 5656 xu,
1567 5585 1616 5639 Ι.

2206 5070 2440 5141 τημένη,
2474 5068 2570 5120 καὶ
2618 5069 2678 5120 ἐν
2723 5064 2831 5136 ἰδίᾳ
2865 5062 3033 5133 σαρκὶ⁸
3070 5060 3169 5132 τὴν
3202 5059 3300 5127 τῆς
3330 5054 3666 5126 φαυλότητος
3693 5056 3775 5141 ξω-
3814 5090 3819 5117 .

2211 5136 2380 5213 σοθσα
2406 5136 2630 5227 γένεσιν
2670 5156 2719 5221 δ,
2754 5152 3107 5225 ἀγριαίνοντά
3152 5167 3211 5203 τε
3246 5148 3338 5201 τὸν
3380 5146 3480 5215 τῆς
3512 5136 3776 5227 ἁμαρτίᾳς

2209 5225 2475 5301 ὠδίνουσα
2500 5245 2686 5317 νόμον,
2711 5244 2827 5308 πῶς
2859 5243 2923 5297 ἂν
2949 5241 3137 5311 διέδρα
3163 5234 3482 5297 παντελῶς;
3519 5250 3537 5283 ι
3579 5229 3651 5280 Τὸ
3674 5225 3778 5293 γὰρ

2206 5341 2465 5410 φρόνημα
2504 5339 2604 5408 τῆς
2638 5335 2838 5407 σαρκὸς
2889 5332 3171 5395 παντελῶς
3223 5329 3426 5399 ἔχθρα,
3465 5323 3652 5393 φησὶν,

2205 5406 2340 5486 θεόν
2365 5406 2491 5502 ζ*τῷ
2519 5406 2628 5502 γάρ
2652 5406 2802 5499 νόμῳ
2823 5426 2918 5480 τοῦ
2946 5426 3080 5479 Θεοῦ
3106 5424 3203 5496 οὐχ
3236 5418 3606 5476 ὑποτάσσεται
3623 5428 3636 5444 ·
3665 5406 3778 5463 οὐδὲ

1692 5582 1739 5613 ’⁸
1779 5583 1920 5640 Psal.
1951 5574 2229 5648 t.xxvl,7.'
2286 5584 2329 5615 "
2374 5580 2531 5635 Rom.
2581 5596 2635 5645 ν,
2679 5579 2765 5643 18,
2818 5578 2903 5632 l9.

1626 5736 1800 5791 Varia:
1828 5736 2084 5794 lectiones
2106 5736 2315 5803 codicis
2339 5735 2698 5807 Seguiet‘ian..

602 5912 628 5952 1
662 5900 831 5971 παρὰ.
911 5909 931 5935 ²
959 5899 1260 5953 δικαίωσιν.
1339 5908 1361 5935 τι
1390 5890 1908 5959 κατασταθήσονται.

1988 5888 2014 5929 ἱ)
2047 5888 2275 5942 σύνεσιν.
