4076 6490
416 471 557 529 1365

1231 478 1324 535 AD
1364 477 1669 537 REGINAS
1710 479 1796 535 DE
1838 475 2063 533 RECTA
2108 474 2263 529 FIDE
2303 473 2559 531 ORATIO
2599 472 2899 531 ALTERA.

3540 469 3677 525 l5C-6

416 596 526 662 γὰρ
571 590 814 648 δύναται.
870 616 887 645 ι
932 596 1273 669 Εὑμηχάνως
1336 600 1630 671 τοιγαροῦν
1659 603 1688 655 ὁ
1731 578 1861 663 Θεὸς
1903 598 1998 652 καὶ

2106 597 2196 652 Dci
2222 613 2329 652 non
2361 606 2446 653 est
2481 597 2764 666 subjecta;
2800 610 2899 651 nec
2929 592 3074 650 enim
3117 600 3297 662 potest
3329 592 3396 647 “.
3435 610 3454 642 ι
3489 591 3675 659 Itaque

417 683 614 754 Πατὴρ
641 685 1218 758 ἀνακεφαλαιούμενος
1245 690 1315 744 τὰ
1346 693 1524 746 πάντα
1553 694 1611 745 ὲν
1641 691 1719 762 τῷ
1746 689 1991 762 Χριστῷ,

415 777 509 828 καὶ
580 778 647 830 ὲκ
705 778 905 849 πολλῆς
965 779 1105 848 ἄγαν
1162 781 1499 851 ἡμερότητος
1560 785 1627 853 τῇ
1704 781 1993 853 ἀνθρώπου

415 869 944 939 πραγματευόμενος
981 870 1141 938 φύσει
1170 872 1271 939 τὴν
1317 872 1397 934 εἰς
1425 872 1566 943 ὅπερ
1601 869 1669 942 ἦν
1709 872 1992 937 ἐπάνοδον,

412 958 581 1027 ἤγουν
628 960 984 1030 ἀνακομιδὴν,
1049 979 1067 1011 ι
1104 961 1454 1025 ἐξαπέστειλε
1498 964 1590 1016 τὸν
1630 962 1757 1015 Υίὸν
1791 960 1989 1025 αὑτοῦ,

411 1048 705 1115 γενόμενον
735 1049 800 1101 ὲκ
837 1050 1118 1117 γυναικὸς.
1161 1069 1179 1101 ι
1213 1050 1301 1104 ἵνα
1336 1050 1397 1103 τὸ
1441 1052 1627 1120 ὅμοιον
1656 1052 1787 1122 ἡμῖν
1833 1050 1992 1120 σῶμα

409 1135 613 1203 λαϐὼν,
662 1138 758 1190 καὶ
792 1139 925 1193 ίδιον
959 1140 1127 1193 αὑτοῦ
1173 1140 1567 1210 ποιησάμενος,
1597 1141 1673 1204 ὡς
1708 1141 1992 1212 ἄνθρωπος

413 1228 509 1280 ἐπὶ
545 1228 648 1298 γῆς
677 1229 877 1300 εὑρεθῇ
910 1231 939 1282 ὁ
993 1230 1068 1300 μὴ
1099 1230 1255 1293 εἰδὼς
1308 1231 1602 1302 ἁμαρτίαν.
1647 1232 1788 1286 οὕτω
1818 1249 1877 1284 τε
1912 1234 1991 1297 είς

408 1317 560 1371 ἅπαν
587 1319 859 1388 κατήκοος
887 1320 1128 1387 γεγονὼς
1149 1320 1225 1390 τῷ
1243 1320 1362 1391 Θεῷ
1384 1322 1474 1374 καὶ
1501 1322 1696 1393 Πατρὶ,
1723 1321 1987 1392 δικαιώσῃ

405 1405 507 1476 τὴν
541 1406 832 1475 ἀνθρώπου
876 1407 1038 1476 φύσιν
1091 1412 1150 1464 ὲν
1185 1410 1384 1480 ἑαυτῷ,
1422 1411 1651 1465 καὶτῶν
1684 1411 1776 1466 τοῦ
1823 1412 1989 1465 θανά-

403 1513 502 1549 του
531 1497 771 1568 δεσμῶν,
792 1498 1066 1568 ἐξέληται,
1100 1501 1322 1568 φύλλοις
1354 1514 1377 1542 ο
1405 1504 1828 1575 ἅναμαρτησίας
1868 1521 1990 1557 στε-

409 1588 751 1658 φανούμενος
782 1589 807 1628 d
845 1591 996 1662 παρὰ
1037 1593 1132 1645 τοῦ
1166 1588 1434 1649 Θεοῦ’καὶ
1477 1597 1707 1665 Πατρός.
1744 1595 1852 1648 Καὶ
1880 1594 1989 1666 γάρ

406 1680 526 1731 ἐστι
557 1678 667 1733 τῶν
715 1680 934 1735 ἀτόπων
957 1719 973 1741 ,
1024 1682 1394 1754 κληρονόμους
1450 1684 1548 1754 μὲν
1583 1686 1730 1754 ἡμᾶς
1761 1683 1861 1753 τῆς
1895 1684 1987 1737 τοῦ

406 1771 624 1841 πρώτου
661 1772 917 1839 γενέσθαι
965 1774 1144 1846 δίκης,
1197 1776 1431 1839 ὲνιέντος
1459 1778 1527 1847 τῇ
1561 1770 1739 1848 φθορᾷ
1769 1775 1859 1830 διὰ
1888 1777 1988 1847 τῆς

407 1862 694 1933 παρακοῆς
714 1864 841 1934 ’τῆς
862 1865 919 1918 δὲ
949 1865 1042 1918 τοῦ
1069 1867 1323 1938 δευτέρου
1345 1867 1693 1937 δικαιοσύνης
1718 1867 1793 1939 μὴ
1817 1885 1986 1938 μετα-

2101 688 2247 744 Deus
2298 688 2459 744 Pater
2513 690 2647 742 mira
2692 688 2924 756 quadam
2974 685 3298 741 dexteritate
3342 684 3523 740 omnia
3580 698 3675 753 per

2097 777 2374 833 Christum
2424 778 2855 839 instauraturus,
2910 775 3267 845 humanaeque
3318 783 3526 828 naturae
3587 787 3675 826 re-

2097 882 2378 940 gressum,
2437 869 2541 923 hoc
2593 877 2675 923 est
2721 866 3241 937 redintegratioucm
3290 865 3359 920 ad
3419 866 3470 919 id
3528 866 3670 934 quod

2096 959 2390 1028 ahquando
2435 959 2647 1024 fuerat,
2700 958 2940 1012 maxima
2976 957 3306 1026 benignitate
3340 954 3665 1009 conciliatu-

2099 1064 2211 1114 rus,
2248 1066 2267 1100 ι
2306 1050 2455 1103 misit
2486 1048 2678 1102 Filium
2712 1063 2867 1103 suum
2912 1047 3113 1100 factum
3153 1060 3216 1098 ex
3252 1045 3475 1098 muliere
3508 1043 3590 1107 ⁸¹;
3646 1061 3664 1093 ι

2095 1153 2203 1206 quo
2248 1139 2506 1193 nimirum
2564 1154 2761 1208 corpus
2810 1147 2997 1193 nostro
3050 1136 3249 1201 simile,
3295 1136 3509 1204 sibique
3548 1148 3673 1202 pro-

2094 1230 2269 1301 prium
2305 1229 2505 1285 factum
2553 1245 2863 1291 assumens,
2915 1241 3170 1297 tanquam
3223 1230 3386 1283 homo
3419 1230 3472 1282 in
3512 1228 3674 1282 terris

2095 1332 2379 1391 appareret
2428 1322 2520 1392 qui
2574 1331 2658 1377 est
2702 1323 2883 1399 omnis
2940 1323 3149 1392 peccati
3204 1322 3468 1393 ignarus;
3509 1330 3673 1389 atque

2095 1413 2165 1466 ita
2205 1415 2315 1468 Deo
2340 1412 2486 1469 Patri
2533 1429 2628 1484 per
2668 1415 2849 1469 omnia
2893 1413 3205 1475 obsecutus,
3241 1414 3536 1467 humanam
3569 1427 3669 1463 na-

2096 1513 2270 1557 turam
2296 1505 2347 1559 in
2388 1505 2682 1573 semetipso
2716 1504 3066 1575 justifiearet,
3104 1505 3407 1573 mortisque
3437 1502 3669 1557 vinculis

2092 1595 2378 1659 eximeret,
2410 1594 2574 1667 146
2605 1596 2927 1651 innocentiae
2957 1595 3093 1648 stola
3118 1611 3145 1649 a
3184 1596 3291 1651 Deo
3325 1595 3484 1649 Patre
3518 1608 3670 1648 coro-

2094 1687 2349 1741 nantlam.
2403 1686 2617 1741 Etenim
2656 1686 3049 1757 perabsurdum
3091 1687 3273 1753 fuerit,
3334 1702 3428 1755 per
3484 1686 3672 1739 inobe-

2093 1778 2353 1832 die-tiam
2404 1779 2607 1849 prioris
2651 1779 2780 1834 Adae
2814 1780 2881 1834 ad
2914 1788 3145 1834 mortem
3172 1790 3225 1833 et
3259 1779 3667 1848 corruptionem

2091 1867 2501 1934 praecipitantis,
2539 1868 2909 1922 damnationis
2942 1870 3186 1924 haeredes
3216 1868 3541 1923 constitutos
3569 1881 3668 1920 nos

404 1955 613 2025 λαχεῖν,
659 1956 1084 2027 ἀνακομίζοντος
1136 1937 1397 2029 είςγζωὴν
1441 1959 1530 2013 διὰ
1572 1962 1671 2031 τῆς
1719 1937 1985 2023 είςᾶπαν

2088 1970 2251 2024 esse;
2296 1957 2521 2025 iustitia:
2558 1973 2688 2012 vero
2728 1960 3047 2027 posterioris
3095 1972 3190 2028 per
3231 1965 3665 2013 consummatam

404 2045 675 2115 ὑπακοῆς.
728 2047 898 2101 Ὅταν
928 2044 1022 2102 οῦν
1061 2049 1193 2120 λέγῃ
1232 2050 1295 2103 τὺ
1338 2051 1577 2121 Γράμμα
1618 2050 1677 2104 τὸ
1705 2050 1873 2122 ἱερὸν,
1917 2051 1984 2104 δι’

407 2136 658 2206 ὑπακοῆς
690 2138 807 2201 ἐνὸς
846 2140 1231 2194 δεδικαιῶσθαι
1274 2142 1525 2208 πολλοὺς,
1569 2142 1670 2197 οὑκ
1697 2142 1984 2213 ἄνθρωπον

400 2226 587 2292 ἁπλῶς
633 2229 730 2282 ἕνα
764 2232 876 2283 τῶν
915 2231 1037 2285 καθ’
1081 2235 1230 2303 ἡμᾶς
1264 2235 1343 2296 είς
1372 2233 1530 2286 τοῦτο
1562 2232 1984 2303 παραληφθῆναι

401 2337 609 2391 φαμεν,
649 2322 1119 2394 ὲνηνθρωπηκότα
1167 2324 1223 2377 δὲ
1277 2324 1481 2394 μᾶλλον
1524 2325 1617 2379 τὸν
1672 2325 1979 2394 Μονογενῆ,

400 2412 498 2465 καὶ
548 2413 791 2482 ὑπήκοον
824 2414 966 2485 ὑπὲρ
1000 2414 1160 2484 ἡμῶν
1204 2415 1468 2483 γεγονότα
1508 2414 1586 2485 τῷ
1613 2415 1808 2485 Πατρί.
1847 2433 1865 2466 ι
1903 2415 1978 2467 Οὐ

399 2503 511 2575 γὰρ
546 2505 808 2575 ἐποίησεν
847 2507 1147 2576 ἁμαρτίαν,
1191 2508 1317 2560 οὑδὲ
1362 2507 1559 2579 εὑρέθη
1609 2508 1761 2571 δόλος
1813 2510 1872 2561 ὲν
1902 2506 1983 2577 τῷ

400 2594 627 2666 στόματι
663 2595 850 2664 αὑτοῦ,
896 2617 914 2649 ι
957 2597 1102 2653 καθὰ
1134 2599 1467 2671 γέγραπται.

466 2871 598 2928 Kl".
639 2890 658 2924 ι
714 2871 876 2940 Λέγω
925 2872 1033 2945 γὰρ
1069 2873 1307 2943 Χριστὸν
1352 2873 1601 2928 διάκονον
1647 2874 1979 2945 γεγενῆσθαι

397 2966 701 3035 περιτομῆς
730 2964 872 3030 ὑπὲρ
898 2964 1159 3033 ἀληθείας
1175 2963 1335 3027 Θεοῦ,
1368 2965 1448 3028 είς
1474 2965 1536 3017 τὸ
1566 2964 1862 3035 βεϐαιῶσαι
1880 2965 1979 3032 τὰς

397 3056 734 3124 ἐπαγγελίας
764 3056 872 3109 τῶν
914 3056 1201 3129 πατέρων
1247 3058 1313 3111 τὰ
1359 3058 1418 3112 δὲ
1445 3058 1573 3130 ἔθνη
1627 3060 1768 3132 ὑπὲρ
1794 3060 1978 3123 ἐλέους

393 3145 619 3211 δοξάσαι
644 3144 738 3199 τὸν
769 3147 920 3200 Θεόν.
964 3165 982 3197 ι
1027 3144 1294 3201 Ἰουδαίων
1341 3146 1480 3201 εἶναι
1506 3149 1607 3212 τὰς
1644 3150 1978 3218 ἐπαγγελίας

392 3236 493 3335 τὰς
524 3240 637 3302 τοῖς
663 3239 903 3309 πατράσι
927 3239 1308 3311 δεδωρημένας
1330 3242 1358 3294 ὁ
1389 3242 1675 3307 Θεσπέσιος
1702 3242 1806 3313 ἔφη
1828 3241 1971 3296 Παῦ-
2000 3279 2043 3335 C

394 3324 510 3390 λος.
548 3328 1135 3400 Προανεκεκρὰγεισαν
1172 3330 1229 3383 δὲ
1261 3332 1355 3384 καὶ
1387 3333 1435 3385 oi
1462 3333 1720 3402 μακάριοι
1759 3333 1973 3403 προφῆ-

394 3433 487 3472 ται
512 3418 642 3489 περὶ
672 3418 935 3490 Χριστοῦ,
966 3420 1048 3473 ὅτι
1072 3420 1232 3484 αὑτὸς
1267 3420 1418 3474 ἔσται
1447 3423 1746 3492 προσδοκία
1782 3422 1968 3477 ἐθνῶν.

395 3507 609 3562 Οὐκοῦν
660 3510 688 3561 ὁ
742 3510 949 3580 Κύριος
999 3511 1158 3581 ἡμῶν
1209 3512 1418 3583 Ἰησοῦς
1464 3513 1697 3583 Χριστὸς
1732 3516 1841 3577 τοῖς
1878 3513 1973 3566 τοῦ

395 3600 613 3672 Πατρὸς
644 3599 877 3670 νεύμασι
914 3601 1199 3669 συναινῶν,
1225 3603 1417 3672 γέγονε
1449 3604 1547 3673 μὲν
1573 3607 1638 3675 τῇ
1680 3607 1972 3676 περιτομῇ,

392 3694 641 3746 τουτέστι
668 3696 780 3757 τοῖς
806 3694 1105 3761 Ἰουδαίοις,
1137 3695 1407 3761 διάκονος,
1440 3697 1519 3760 εἰς
1552 3696 1843 3766 βεϐαίωσιν
1867 3697 1976 3748 τῶν

394 3784 452 3835 ὲν
484 3784 595 3846 τοῖς
638 3784 917 3856 Πατράσιν
956 3787 1419 3857 ἐπηγγελμένων
1474 3787 1662 3858 εἴρητο
1704 3788 1843 3859 γὰρ,
1895 3789 1975 3841 ὅτι

401 3892 421 3925 ι
471 3874 528 3927 ⁸0
560 3874 770 3937 δίκαιος
807 3878 871 3929 ἐκ
906 3877 1142 3941 πίστεως
1181 3880 1437 3949 ζήσεταν
1489 3898 1507 3929 ι
1551 3883 1664 3942 τοῖς
1689 3896 1751 3946 γε
1780 3879 1889 3948 μὴν
1917 3878 1976 3942 ἐξ

393 3965 566 4019 ἐθνῶν
598 3967 822 4034 εὐλογία
870 3972 1219 4039 πνευματικὴ
1253 3972 1348 4023 καὶ
1379 3969 1660 4034 ζωοποιὸς,
1695 3970 1835 4023 ὥστε
1878 3970 1974 4023 καὶ

393 4056 597 4121 αὑτοὺς
652 4058 988 4128 ἡλεημένους
1033 4061 1123 4115 διὰ
1167 4061 1269 4130 τῆς
1323 4062 1578 4124 πίστεως,
1624 4060 1975 4130 δοξολογῆσαι.

390 4148 549 4201 Θεὸν.
613 4150 750 4205 Ἀλλ’
805 4153 855 4204 εἰ
916 4153 1011 4204 καὶ
1058 4153 1250 4221 γέγονε
1290 4153 1536 4216 διάκονος
1592 4154 1969 4223 ἀνθρωπίνως,

392 4238 507 4292 ἀλλ’
533 4234 629 4293 οὗν
664 4239 740 4303 ὡς
773 4240 908 4305 Θεὸς
942 4243 1274 4313 κηρύττεται
1309 4246 1427 4307 τοῖς
1459 4261 1517 4297 τε
1558 4245 1620 4297 ἐκ
1649 4244 1970 4313 περιτομῆς,

393 4329 490 4381 καὶ
522 4329 705 4397 μέντοι
735 4334 848 4394 τοῖς
881 4331 940 4397 ἐξ
978 4332 1178 4405 ἐθνῶνθ
1225 4333 1521 4404 κέκληνται
1551 4332 1660 4404 γὰρ
1689 4336 1770 4395 εἰς
1800 4333 1968 4402 ζωὴν,

392 4419 492 4489 οὐχ
517 4419 593 4482 ὡς
618 4421 699 4485 είς
720 4421 819 4475 ἕνα
844 4422 953 4475 τῶν
980 4423 1104 4477 καθ’
1132 4425 1277 4494 ἡμᾶς
1302 4423 1590 4494 ἄνθρωπον
1622 4421 1829 4486 ἁπλῶς,
1855 4422 1971 4475 ἀλλ’

390 4507 469 4572 ὡς
497 4511 575 4574 εἰς
606 4511 738 4567 Θεὸν
775 4512 1169 4578 πιστεύσαντες
1198 4517 1278 4577 εἰς
1314 4515 1548 4587 Χριστόν
1570 4532 1583 4545 ο
1618 4514 1714 4567 καὶ
1741 4515 1841 4566 οὑκ
1867 4512 1971 4578 ἔξω

2089 2049 2232 2103 illam
2287 2050 2651 2104 obedientiam
2705 2052 2758 2104 in
2810 2052 2974 2104 vitam
3033 2051 3364 2115 reducentis,
3417 2057 3665 2103 exsortes

2088 2156 2186 2196 nos
2218 2157 2458 2194 manere.
2518 2142 2653 2195 Cum
2704 2143 2886 2212 itaque
2929 2142 3114 2196 divina
3147 2142 3429 2210 Scriptura
3464 2141 3664 2193 multos

2085 2247 2182 2300 per
2231 2232 2391 2285 unius
2451 2234 2815 2288 obeditionem
2878 2233 3207 2300 justilicatos
3272 2231 3489 2294 asserit,
3556 2246 3660 2284 non

2084 2321 2383 2391 simplicem
2413 2322 2671 2392 aliquem,
2694 2333 3000 2392 nostraeque
3026 2321 3354 2377 conditionis
3388 2320 3659 2374 hominem

2085 2415 2150 2468 ad
2181 2415 2282 2469 hoc
2310 2425 2647 2483 assumptum
2695 2414 2937 2484 cogitare
2983 2414 3242 2468 debemus
3270 2429 3286 2478 ;
3318 2413 3410 2465 sed
3450 2413 3658 2479 ipsum-

2085 2515 2196 2560 met
2228 2504 2576 2576 Unigenitum
2610 2506 2883 2561 hominem
2916 2504 3141 2567 factum,
3173 2506 3263 2572 qui
3298 2503 3658 2558 obedientiam

2083 2598 2227 2653 Patri
2279 2613 2376 2669 pro
2420 2597 2676 2651 omnibus
2719 2597 2990 2667 praestitit.
3029 2596 3077 2652 Is
3105 2597 3249 2665 enim
3273 2603 3381 2659 est,
3420 2593 3535 2663 qui,
3581 2602 3663 2646 at-

2084 2699 2319 2746 testante
2369 2688 2674 2761 Scriptura,
2743 2706 2762 2740 ι
2811 2696 3095 2756 peceatum
3148 2703 3255 2742 non
3302 2685 3453 2750 fecit,
3488 2699 3662 2753 neque

2080 2782 2237 2838 dolus
2262 2782 2515 2836 inventus
2542 2793 2624 2835 est
2654 2782 2831 2834 inore
2861 2780 2979 2846 ejus
3001 2781 3067 2832 ³².
3102 2799 3119 2831 ι

2152 2872 2341 2927 XXIII.
2381 2891 2399 2922 ι
2443 2871 2572 2925 Dico
2602 2872 2745 2925 enim
2780 2870 3061 2924 Christum
3112 2869 3297 2924 Jesum
3349 2871 3657 2925 ministrum

2080 2962 2249 3019 fuisse
2303 2962 2736 3017 circnmeisionis
2787 2972 3008 3031 propter
3062 2963 3346 3017 veritatem
3406 2963 3516 3026 Dei,
3580 2965 3649 3018 ad

2079 3054 2482 3109 conﬁrmandus
2533 3054 2924 3122 promissiones
2957 3065 3168 3122 patrum
3214 3071 3228 3107 :
3260 3064 3451 3124 gentes
3476 3065 3656 3110 autem

2077 3159 2239 3211 super
2263 3143 2636 3197 misericordia
2672 3143 2942 3195 honorare
2971 3142 3135 3197 Deum
3175 3144 3239 3199 ³³.
3284 3161 3301 3193 ι
3331 3144 3656 3199 Promissio-

2079 3242 2172 3285 nes
2210 3234 2457 3302 patrilms
2506 3233 2677 3287 factas
2723 3234 2788 3287 ad
2839 3231 3054 3289 Judaaos
3096 3233 3369 3303 pertinere
3401 3236 3659 3303 praedicat

2083 3324 2300 3377 divinus
2353 3321 2571 3378 Paulus.
2621 3323 2689 3377 At
2738 3326 3015 3393 propheta:
3070 3325 3346 3379 Cbristnm
3411 3328 3654 3394 gentium

2081 3414 2542 3481 exspectationem
2570 3413 2848 3497 Iorenjam
2877 3414 3078 3468 dudum
3110 3426 3235 3468 ante
3258 3416 3646 3481 prazdixerant.

2081 3506 2267 3575 Itaque
2296 3506 2554 3562 Dominus
2585 3517 2772 3560 neSter
2805 3505 2966 3561 Iesus
2993 3504 3244 3561 Christus
3274 3507 3455 3561 Patris
3499 3507 3650 3560 nutui

2078 3614 2198 3655 sese
2222 3597 2589 3663 conformatus,
2614 3597 3070 3662 circumcisionis,
3091 3598 3191 3651 hoc
3218 3607 3320 3664 est,
3348 3597 3653 3651 Iudaeorum

2080 3687 2327 3742 minister
2362 3686 2535 3741 factus
2565 3697 2669 3749 e51,
2701 3687 2767 3739 ad
2796 3685 3211 3755 promissionum
3247 3702 3366 3755 qua:
3415 3687 3658 3756 patribus

2078 3779 2234 3834 facta:
2273 3778 2488 3834 fuerant
2521 3778 3048 3835 corroborationem.
3087 3779 3305 3834 Dictum
3364 3781 3506 3833 enim
3543 3778 3657 3833 fue-

2078 3881 2202 3927 rat:
2250 3890 2269 3922 ι
2307 3869 2498 3926 Justus
2548 3886 2615 3923 ex
2659 3873 2761 3924 lide
2798 3873 2943 3924 vivet
2968 3871 3014 3941 ’ἢ
3048 3888 3062 3924 :
3100 3890 3118 3922 ι
3168 3873 3423 3941 gentibus
3474 3884 3653 3925 autem

2079 3964 2290 4016 vivilica
2338 3972 2392 4016 et
2423 3962 2687 4030 spiritalis
2720 3961 3048 4025 benedictio,
3082 3972 3139 4014 ut
3168 3975 3222 4015 et
3262 3954 3393 4029 ipsae
3439 3978 3656 4032 quoque

2077 4070 2174 4120 per
2232 4053 2388 4106 fidem
2441 4062 2671 4114 vocatm,
2729 4068 2793 4106 ac
2843 4053 3276 4106 misericordiam
3328 4065 3655 4118 consecutae,

2079 4144 2245 4196 Deum
2281 4141 2606 4211 gloriﬁcent.
2648 4139 3137 4197 Verumenimvero
3182 4142 3310 4197 licet
3354 4145 3655 4198 secundum

2077 4234 2368 4287 humanam
2422 4243 2673 4287 naturam
2727 4232 2905 4287 factus
2961 4234 3032 4288 sit
3089 4234 3359 4299 minister,
3416 4244 3653 4289 attamen

2079 4336 2186 4380 tam
2230 4324 2294 4378 iis
2328 4324 2417 4394 qui
2453 4340 2519 4379 ex
2570 4325 2994 4380 circumcisione
3039 4337 3183 4391 sunt,
3237 4342 3399 4395 quam
3445 4328 3657 4382 caeteris

2076 4432 2289 4486 quoque
2352 4417 2442 4485 qui
2521 4433 2586 4472 ex
2643 4419 2912 4485 gentibus,
2958 4418 3317 4471 annuntiatur
3377 4428 3435 4472 ut
3492 4418 3653 4472 Deus.

2081 4508 2304 4577 Utrique
2333 4508 2476 4561 enim
2512 4509 2564 4561 in
2613 4507 2889 4563 Christum
2925 4525 3031 4563 non
3061 4519 3314 4578 tanquam
3342 4511 3397 4563 in
3434 4525 3654 4577 purum,

393 4599 618 4667 σαρκὸς,
638 4601 805 4669 ἤγουν
830 4601 1271 4673 ἀνθρωπότητος,
1287 4603 1378 4655 τὸν
1398 4604 1462 4654 ὲκ
1486 4602 1621 4655 Θεοῦ
1649 4602 1817 4671 Λόγον
1839 4604 1971 4672 ὁμο-

2084 4609 2389 4668 nostraeque
2421 4602 2585 4655 sortis
2613 4601 2912 4665 hominem,
2947 4601 3041 4654 sed
3077 4611 3331 4669 tanquam
3384 4601 3436 4653 in
3486 4601 3653 4655 Demn

392 4687 672 4757 λογοῦντες
709 4691 998 4762 ὑπάρχειν,
1033 4695 1457 4765 σεσαρκωμένον
1478 4694 1534 4747 δὲ
1569 4694 1661 4747 καλ⁵
1698 4693 1970 4764 ὲνανορω-

390 4783 639 4854 πήσαντα
666 4785 1095 4855 προσκυνοῦντες
1120 4787 1303 4841 αὐτόν.

464 5048 591 5105 KA'.
632 5070 649 5103 ι
688 5052 760 5104 Τὸ
788 5053 897 5123 γάρ
932 5068 1013 5103 τοι
1041 5050 1193 5122 ῥῆμα
1218 5048 1315 5120 τῆς
1345 5050 1601 5114 πίστεως,
1629 5049 1656 5102 ὃ
1698 5049 1969 5119 κηρύσσο-

396 5160 518 5215 μεν,
560 5143 836 5213 διατρανοῖ
866 5144 1038 5212 λέγων
1076 5145 1105 5196 ὁ
1137 5141 1404 5213 μακάριος
1446 5142 1678 5207 Παῦλος,
1712 5142 1836 5196 Ὅτι
1873 5143 1968 5196 ἐὰν

313 5265 325 5279 ο
397 5237 556 5306 εῐπῃς
595 5239 652 5289 ὲν
684 5237 762 5305 τῷ
797 5237 1027 5308 στόματί
1074 5253 1189 5298 σου,
1227 5235 1429 5304 Κύριος
1480 5234 1708 5305 Ἰησοῦς,
1754 5235 1848 5289 καὶ
1878 5251 1969 5288 πι-

399 5328 629 5399 στεύσῃς
667 5330 725 5382 ἐν
755 5330 822 5398 τῇ
862 5329 1060 5400 καρδία
1084 5346 1201 5393 σου,
1233 5329 1314 5380 ὅτι
1336 5330 1363 5380 ὸ
1392 5327 1524 5389 Θεὸς
1552 5326 1714 5380 αὑτὸν
1748 5327 1969 5397 ἤγειρεν

396 5422 458 5472 ἐκ
488 5420 716 5491 νεκρῶν,
743 5420 985 5491 σωθήσῃ.
1023 5440 1041 5471 ι
1076 5418 1208 5474 Εἶτα
1234 5420 1350 5482 πῶς
1378 5419 1443 5503 at»
1468 5420 1533 5471 ὲκ
1562 5419 1774 5489 νεκρῶν
1808 5420 1966 5503 ἐγερ-

465 5556 509 5588 ⁸⁰
550 5556 707 5612 Rom.
745 5572 866 5623 vni,
891 5558 943 5612 7.
1056 5559 1094 5589 "
1130 5558 1304 5614 Galat.
1335 5571 1411 5622 tv,
1450 5556 1506 5612 4.

397 5644 450 5690 x,
479 5628 534 5691 7,
578 5631 629 5681 δ.

1616 5554 1702 5610 ³³1
1736 5554 1883 5611 Petr.
1911 5569 1970 5620 ιι,
2001 5552 2090 5606 22.
2171 5552 2216 5583 ⁸³
2244 5550 2402 5607 Rom.
2445 5568 2535 5618 xv,
2592 5556 2643 5621 8,
2679 5556 2730 5611 9.

2079 4693 2401 4756 credentes;
2451 4705 2624 4759 neque
2673 4691 2762 4744 Dei
2810 4690 3041 4746 Verbum
3076 4701 3229 4745 extra
3255 4706 3498 4755 carnem,
3552 4694 3654 4747 hoc

2079 4792 2162 4836 est
2218 4783 2513 4835 humanam
2563 4790 2836 4846 naturam,
2888 4782 3122 4850 positum
3175 4784 3529 4850 proﬁtentes,
3560 4786 3653 4837 sed

2082 4873 2439 4935 incarnatum,
2500 4887 2735 4941 vereque
2791 4873 3062 4926 hominem
3106 4873 3311 4927 factum
3339 4877 3651 4939 adorantes,

2077 4964 2252 5018 vocati
2293 4973 2420 5019 sunt
2447 4965 2515 5017 ad
2540 4965 2726 5017 vitam.

2147 5053 2337 5110 XXIV.
2377 5073 2395 5105 ι
2436 5052 2666 5107 Verbum
2702 5043 2879 5109 {mletn
2933 5054 3055 5111 ﬁdei
3107 5057 3250 5126 quod
3295 5060 3654 5127 pra'dicantns

2078 5144 2381 5217 (inquiebat
2407 5145 2738 5214 Apostolus),
2779 5149 2878 5201 hoc
2917 5157 3041 5203 est:
3087 5148 3223 5216 Quia
3258 5152 3303 5203 si
3342 5151 3654 5204 conﬁtearis

2078 5237 2129 5290 in
2147 5250 2240 5290 ore
2263 5245 2355 5288 tuo
2378 5237 2658 5290 Dominum
2676 5240 2883 5302 desum,
2907 5250 2961 5292 et
2979 5239 3031 5293 in
3059 5242 3219 5295 corde
3239 5251 3332 5293 tuo
3355 5242 3650 5293 credideris

2075 5327 2215 5394 quod
2237 5326 2376 5381 Deus
2403 5326 2546 5380 illum
2578 5329 2903 5384 suscitavita
2922 5332 3168 5393 mortuis,
3194 5330 3373 5385 salvus
3402 5331 3511 5383 eris
3531 5331 3596 5381 ".
3626 5350 3645 5382 ι

2070 5415 2187 5471 lam
2227 5429 2351 5471 cum
2392 5414 2532 5471 Dens
2567 5429 2753 5487 suapte
2782 5430 2971 5473 natura
2996 5420 3066 5473 sit
3103 5420 3442 5483 immortalis,
3503 5421 3548 5474 si
3571 5423 3650 5475 in-

2848 5553 2892 5586 ³’⁶
2924 5554 3085 5610 Hebr.
3134 5573 3186 5619 Χ,
3242 5556 3329 5612 58.
3411 5558 3455 5590 ³⁵
3488 5558 3649 5617 Ilum.

1494 5741 1665 5797 Variae
1694 5740 1951 5799 lectiones
1978 5738 2183 5797 codicis
2210 5738 2564 5810 ὃνειιὶειὶιιιιι.
2657 5774 2665 5787 .

401 5879 424 5909 ο
456 5867 663 5939 ἄθλοις,
684 5870 720 5939 ἢ
752 5869 983 5936 στολαῖς.
1061 5869 1087 5913 τι
1118 5874 1607 5949 στεφανουμένηνη
