4076 6426
454 454 595 513 1367

1472 454 1530 513 S.
1555 454 1833 515 CYRILLI
1869 451 2338 512 ALEXANDRINI
2376 455 2699 514 ARCHIEP.

3579 460 3720 517 1568

451 573 788 631 carnationis
804 571 1109 629 doctrinam
1132 586 1239 629 non
1256 572 1613 641 admittimus,
1644 572 1803 647 147
1818 588 2028 643 corpus-

2143 570 2303 642 θῆναι
2353 571 2588 642 λέγοιτο,
2637 573 2817 627 καίτοι
2862 573 2962 645 τὴν
3008 574 3170 645 φύσιν
3214 575 3482 640 ἀθάνατος
3527 574 3604 631 ὢν
3645 578 3723 641 ὡς

451 678 557 734 que
573 664 714 734 quod
744 663 879 720 mori
918 670 1120 732 posset,
1145 663 1247 719 sibi
1277 664 1554 734 proprium
1590 662 1787 720 fecisse
1824 663 2004 718 inlicia

450 771 592 822 mur,
618 755 890 824 quomodo
921 769 988 811 ex
1021 755 1252 811 mortuis
1290 757 1654 811 resurrexlsse
1679 763 1827 811 recte
1850 755 2036 812 dicere

449 851 775 921 poterimus?
792 847 850 905 ln
870 852 1109 907 humano
1130 853 1312 921 itaque
1331 866 1561 921 corpore
1574 851 1715 921 quod
1730 864 2037 921 assumpw

451 952 798 1011 rat,mortem
822 944 1105 1000 sustinuit:
1124 942 1302 998 divina
1327 952 1508 999 autem
1529 945 1753 1009 virtute,
1776 953 2032 1015 tanquam

449 1036 563 1090 vita
591 1045 647 1090 et
676 1036 1014 1107 incorruptio
1032 1036 1323 1102 exsistens,
1355 1051 1419 1092 ex
1445 1037 1677 1091 mortuis
1709 1041 2030 1092 resurrexit.

524 1126 688 1182 XXV.
731 1147 751 1181 ι
790 1127 923 1183 Nam
955 1143 1105 1182 arma
1143 1128 1349 1184 militia:
1388 1137 1589 1183 nostrae
1631 1145 1737 1185 non
1787 1129 2031 1186 carnalia

449 1228 598 1284 sunt,
624 1218 718 1274 sed
749 1220 989 1288 potentia
1042 1220 1176 1284 Deo,
1207 1220 1274 1274 ad
1317 1221 1747 1277 destructionem
1770 1223 2032 1279 munitio-

450 1324 600 1374 nunt,
645 1309 875 1365 consilia
922 1320 1258 1376 avertentes,
1309 1320 1363 1367 et
1415 1327 1634 1367 omnem
1686 1312 2030 1368 altitudinem

448 1400 797 1456 extollentem
838 1416 899 1456 se
930 1403 1197 1457 adversus
1219 1404 1586 1471 cognitionem
1619 1404 1746 1470 Dei;
1771 1414 1827 1461 et
1857 1406 2031 1476 capti-

444 1500 638 1548 vantes
686 1507 903 1548 omnem
957 1493 1293 1549 intellectum
1336 1490 1395 1550 in
1448 1496 1815 1552 obedientium
1865 1496 2031 1554 Chri-

447 1581 519 1637 sti
546 1580 612 1637 ³⁸.
655 1600 675 1637 ι
712 1580 919 1638 Bellum
947 1585 1090 1654 quod
1135 1587 1312 1641 sancti
1363 1597 1579 1657 gerunt,
1628 1602 1737 1643 non
1766 1598 1850 1645 est
1879 1604 2031 1644 cras-

447 1690 569 1731 sum
614 1683 709 1731 aut
761 1676 1049 1747 corporale
1079 1719 1095 1747 ,
1142 1680 1237 1735 sed
1281 1678 1482 1736 subtile
1534 1690 1589 1737 et
1644 1681 1907 1752 spiritale.
1950 1680 2029 1736 llli

446 1768 592 1823 enim
640 1771 1013 1827 commendari
1074 1771 1252 1828 solent
1302 1787 1367 1828 ac
1420 1773 1708 1845 celebrari,
1744 1792 1849 1832 non
1901 1777 2029 1846 quia

446 1859 748 1929 corporalia
776 1861 992 1917 vibrent
1023 1877 1196 1926 arma,
1228 1874 1322 1919 aut
1354 1863 1666 1921 lancearum
1689 1868 2027 1938 cuspidibus,

448 1949 533 2005 vel
592 1950 821 2006 telorum
875 1951 1119 2023 jactihus
1174 1962 1302 2023 apte
1368 1963 1641 2012 utantur:
1696 1959 1791 2013 sed
1850 1960 2029 2029 potius

444 2040 572 2109 quia
604 2041 852 2099 veritatis
912 2042 1080 2098 armis
1133 2044 1404 2112 instructi,
1439 2047 1763 2116 spiritaliter
1793 2048 2029 2121 intrepi-

447 2133 622 2203 deque
651 2132 717 2189 iis
751 2148 871 2190 sese
899 2135 1183 2206 ohjiciant,
1226 2137 1317 2208 qui
1368 2138 1677 2195 divinorum
1713 2142 2025 2212 dogmatum

447 2224 834 2281 rectitudinem
862 2228 1197 2294 adulterare,
1238 2245 1301 2286 ac
1331 2233 1627 2288 temerario
1660 2248 1795 2289 ausu
1830 2235 1897 2290 ad
1929 2250 2025 2290 sua

444 2315 643 2385 placita
674 2327 989 2388 pervertere
1022 2321 1265 2378 student.
1298 2322 1415 2378 Non
1437 2323 1603 2395 igitur
1627 2325 1868 2380 carnalia
1902 2337 2028 2383 sunt

445 2416 761 2481 sanctorum
809 2425 996 2479 arma,
1048 2414 1144 2468 sed
1186 2412 1241 2467 in
1289 2413 1400 2471 Deo
1453 2423 1508 2471 et
1551 2431 1648 2486 pro
1680 2416 1793 2472 Deo
1827 2418 2026 2473 valida.

446 2499 827 2556 Demoliuntur
872 2503 1017 2557 enim
1074 2503 1354 2560 hominum
1404 2517 1735 2573 commenta,
1791 2524 1913 2579 quae
1971 2511 2029 2565 in

448 2592 743 2647 absurdum
769 2592 1005 2663 aliquem
1035 2609 1256 2650 sensum
1291 2597 1657 2665 abstrahunt;
1704 2615 1879 2671 neque
1924 2601 2029 2655 mi-

447 2684 567 2739 nori
600 2684 781 2741 studio
818 2700 881 2739 ea
916 2700 948 2741 e
975 2686 1154 2741 medio
1188 2686 1379 2743 tollere
1418 2689 1685 2754 nituntur,
1716 2706 1878 2760 quam
1908 2691 2027 2746 exi-

447 2775 607 2832 tiales
642 2776 902 2846 quosdam
934 2777 1221 2842 barbaros.
1247 2779 1340 2849 qui
1370 2781 1533 2850 regite
1565 2782 1838 2853 majestati
1866 2797 2027 2852 aper-

447 2876 563 2925 tum
592 2868 791 2925 bellum
826 2870 1093 2926 indicunt.
1135 2870 1289 2939 Quod
1319 2872 1363 2927 si
1403 2872 1676 2943 quispiam
1707 2890 1775 2930 ex
1810 2873 2027 2929 illorum

444 2977 633 3035 grege,
681 2964 776 3033 qui
815 2965 1156 3034 iniquitatem
1197 2976 1389 3021 contra
1438 2966 1605 3022 Deum
1642 2967 1787 3038 loqui
1821 2970 2022 3035 solent,

443 3069 651 3113 cornua
695 3056 748 3111 in
797 3055 967 3111 altum
1019 3058 1303 3114 sustulerit
1330 3059 1397 3126 ³⁷,
1435 3073 1562 3115 eum
1596 3060 1686 3117 ille
1713 3060 1882 3116 veluti
1917 3077 2026 3116 cae-

444 3150 639 3206 dentes
660 3158 822 3204 rectm
849 3149 975 3205 ﬁdei
1002 3151 1311 3217 sententiis,
1352 3159 1617 3207 retortum
1665 3154 1734 3208 ad
1777 3152 2028 3209 veritatis

444 3242 747 3299 doctrinam
781 3257 906 3299 mox
945 3243 1254 3298 traducunt.
1297 3240 1447 3314 Opus
1476 3243 1662 3314 itaque
1704 3253 2024 3299 sanctorum
2054 3269 2097 3329 ο

444 3332 717 3390 industria
750 3346 877 3387 vere
908 3333 1154 3403 dignum,
1186 3332 1406 3403 Deoque
1433 3347 1558 3388 cum
1589 3332 1784 3403 primis
1811 3341 2026 3403 gratum

443 3422 630 3485 fuerit,
673 3437 738 3478 ea
782 3421 851 3477 ad
888 3422 1311 3492 dispensationis
1354 3437 1479 3478 cum
1530 3437 1697 3478 carne
1742 3423 2016 3478 rationem

444 3514 770 3579 transferre,
817 3528 938 3583 quae
978 3529 1099 3567 cum
1145 3512 1347 3569 Christi
1383 3512 1554 3583 gloria
1584 3528 1690 3570 non
1729 3515 1863 3570 satis
1897 3530 2029 3571 cou-

442 3602 631 3658 venire
670 3601 945 3658 videntur.
991 3599 1129 3655 Nam
1173 3616 1296 3657 cum
1327 3600 1567 3657 Verbum
1604 3604 1744 3660 Deus
1776 3613 1943 3669 esset,
1973 3614 2026 3661 et

443 3693 498 3748 in
520 3702 747 3761 paterna
776 3690 949 3745 forma
1001 3699 1057 3746 et
1093 3690 1406 3758 aequalitate
1455 3693 1766 3760 exsisteret,
1787 3695 2023 3767 seipsum

442 3782 512 3839 ad
541 3780 969 3838 exinanitionetu
1000 3781 1235 3848 demisit,
1257 3793 1310 3838 et
1338 3784 1404 3838 ad
1437 3792 1663 3838 mortem
1695 3799 1867 3855 usque
1887 3785 2025 3844 obe-

442 3874 702 3931 dientiam
755 3873 1005 3946 prmstitit
1033 3874 1100 3929 ³³.
1128 3872 1357 3930 Omnem
1405 3875 1636 3945 proinde
1692 3878 2023 3932 contrarium

441 3967 775 4024 intellectum
830 3969 1114 4024 commode
1155 3977 1421 4032 evertere,
1461 3976 1518 4023 et
1551 3969 1705 4039 quasi
1753 3970 2023 4041 captivum

440 4062 496 4116 in
550 4060 752 4118 Christi
812 4060 1178 4117 obedientiam
1232 4060 1449 4117 trahere
1489 4072 1720 4131 oportet.
1771 4062 1924 4130 Quod
1978 4063 2026 4119 si

440 4150 648 4223 aliquid
701 4152 992 4207 humanam
1030 4152 1400 4208 inﬁrmitatem
1429 4154 1650 4224 sapiens
1680 4156 1745 4211 de
1776 4170 1842 4211 eo
1877 4157 2027 4212 dica-

442 4255 565 4310 tur,
614 4243 667 4298 id
704 4243 865 4298 Verbi
916 4254 1144 4309 natura,
1191 4244 1235 4300 si
1263 4245 1535 4300 hominem
1587 4248 1756 4303 nostri
1790 4250 2022 4306 similem

440 4333 647 4388 factum
681 4334 990 4398 credamus,
1033 4333 1234 4388 nullam
1272 4334 1497 4390 omnino
1537 4346 1721 4392 notam
1747 4349 2020 4409 aspergat.

440 4424 655 4481 Etenim
691 4424 817 4481 licet
855 4425 1143 4480 humanam
1190 4435 1441 4480 naturam
1470 4429 1846 4498 assumpscrit,
1874 4440 1928 4485 ct
1956 4432 2024 4487 ad

2135 662 2288 730 Θεὸς,
2325 664 2376 716 εί
2405 664 2483 736 μὴ
2515 664 2930 736 προεισδέξαιτό
2947 682 3032 731 τις
3058 667 3187 732 τοὺς
3216 669 3352 739 περὶ
3368 667 3723 739 ένανθρωπή-

2135 772 2275 819 σεως
2314 755 2537 829 λόγους,
2570 755 2846 828 διατεθείη
2872 774 2955 825 τε,
2990 759 3072 812 ὅτι
3099 757 3164 811 τὸ
3194 758 3443 829 πεφυκὸς
3468 757 3715 831 ἀποθνή-

2135 862 2287 903 σκειν
2334 848 2465 902 ἴδιον
2508 849 2812 921 ἐποιήσατο
2842 850 3041 921 σῶμα;
3088 852 3199 906 Καὶ
3236 852 3496 924 ὑπέμεινε
3537 852 3639 922 μὲν
3662 856 3722 907 ὲν

2133 938 2281 1010 αὐτῷ
2302 939 2395 993 τὸν
2421 939 2650 994 θάνατον
2669 940 3046 1014 ἀνθρωπίνως,
3076 943 3279 999 ἀνεϐίω
3305 943 3365 998 δὲ
3393 942 3617 1009 θεῖκῶς,
3642 944 3722 1008 ὡς

2133 1032 2412 1103 ἁρθαρσία
2441 1035 2536 1087 καὶ
2564 1034 2699 1105 ζωή.

2207 1123 2337 1179 KE'.
2380 1143 2399 1176 ι
2428 1126 2510 1179 Τά
2551 1126 2663 1197 γὰρ
2689 1126 2833 1181 ὅπλα
2859 1128 2958 1198 τῆς
2990 1129 3280 1200 στρατείας
3307 1126 3465 1199 ἡμῶν
3493 1128 3555 1181 οὗ
3584 1145 3721 1201 σαρ-

2134 1214 2285 1277 κικά,
2317 1215 2455 1269 ἀλλά
2492 1216 2696 1271 δυνατά
2736 1218 2816 1290 τῷ
2841 1218 2960 1289 Θεῷ
2994 1219 3132 1290 πρὸς
3159 1218 3479 1290 καθαίρεσιν
3509 1220 3721 1291 ὀχυρω-

2135 1305 2348 1376 μάτων,
2396 1307 2698 1379 λογισμοὺς
2761 1309 3156 1383 καθαιροῦντα,
3210 1312 3305 1365 καὶ
3353 1312 3464 1365 πᾶν
3517 1310 3721 1382 ὕψωμα

2132 1400 2497 1471 ἐπαιρόμενον
2527 1399 2671 1455 κατά
2706 1402 2805 1473 τῆς
2829 1401 3087 1472 γνώσεως
3115 1403 3210 1456 τοῦ
3233 1402 3369 1456 Θεοῦ
3390 1444 3406 1469 ,
3428 1402 3523 1455 καὶ
3548 1405 3718 1473 αἱχμ·
3798 1432 3803 1437 ε

2129 1490 2468 1557 αλωτίζοντα
2487 1494 2596 1548 πᾶν
2610 1494 2791 1566 νόημα
2824 1496 2906 1558 είς
2922 1494 3020 1567 τήν
3039 1495 3285 1566 ὑπακοήν
3300 1495 3392 1549 τοῦ
3412 1495 3675 1567 Χριστοῦ.
3691 1515 3712 1547 ι

2131 1581 2207 1635 Οὐ
2236 1582 2413 1653 παχὺς
2441 1583 2538 1637 καὶ
2571 1587 2906 1655 σωματικὸς,
2948 1585 3130 1656 ἰσχνὸς
3151 1586 3208 1640 δὲ
3242 1586 3443 1657 μᾶλλον
3480 1585 3575 1637 καὶ
3594 1601 3720 1655 νοη-

2128 1672 2222 1737 τὸς
2252 1672 2360 1728 τῶν
2400 1674 2570 1743 ἁγίων
2595 1677 2624 1730 ὁ
2668 1676 2928 1749 πόλεμος.
2965 1676 3207 1730 Είώθασι
3241 1678 3349 1749 γὰρ
3384 1676 3713 1745 εὐδοκιμεῖν,

2129 1764 2229 1835 οὐχ
2257 1765 2399 1818 ὅπλα
2432 1766 2712 1832 κινοῦντες
2758 1769 3023 1839 σαρκικὰ,
3057 1769 3153 1823 καὶ
3181 1772 3304 1832 ταῖς
3335 1769 3446 1822 τῶν
3472 1768 3718 1839 δοράτων

2131 1856 2359 1926 ἀκμαῖς,
2391 1858 2559 1929 ἤγουν
2582 1861 2702 1923 ταῖς
2720 1860 2831 1914 τῶν
2859 1860 3029 1931 βελῶν
3052 1861 3382 1932 εὐστοχίαις,
3414 1858 3714 1931 χρώμενοι,

2133 1946 2270 2001 ἀλλά
2296 1950 2405 2011 τοῖς
2441 1949 2541 2018 τῆς
2571 1950 2832 2021 ἀληθείας
2860 1952 3048 2018 ὅπλοις
3090 1952 3510 2024 ὲνηρμοσμένοι,
3548 1968 3716 2005 πνευ-

2132 2038 2378 2110 ματικῶς
2410 2040 2870 2114 ἀντανιστάμενοί
2905 2061 2966 2097 τε
3004 2044 3099 2098 καὶ
3132 2045 3281 2115 μάλα
3309 2043 3578 2106 νεανικῶς
3601 2044 3717 2106 τοῖς

2127 2131 2374 2186 ἐθέλουσι
2402 2150 2623 2206 παραση
2634 2135 2848 2205 μαίνειν
2868 2136 3062 2207 αὐτὴν,
3088 2137 3308 2191 καὶτῶν
3336 2136 3497 2190 θείων
3514 2134 3717 2205 δογμά-ν

2125 2241 2236 2279 των
2269 2225 2366 2297 τήν
2402 2225 2670 2298 ὀρθότητα
2709 2228 3155 2299 παρατρέπουσιν
3192 2228 3286 2281 ὲπί
3337 2244 3403 2296 γε
3442 2226 3503 2280 τὸ
3531 2226 3718 2289 αὐτοῖς

2127 2318 2552 2390 ἀπερισκέπτως
2599 2318 2809 2377 δοκοῦν.
2863 2319 2937 2373 Οὐ
2978 2319 3087 2392 γάρ
3132 2318 3376 2392 σαρκικά
3423 2316 3716 2387 τοιγαροῦν

2127 2409 2237 2462 τῶν
2268 2396 2439 2478 ἁγίων
2462 2410 2533 2464 τὰ
2563 2409 2723 2476 ὅπλα,
2749 2410 2952 2465 δυνατά
2977 2411 3035 2464 δὲ
3067 2411 3269 2481 μᾶλλον
3293 2410 3371 2481 τῷ
3393 2409 3532 2481 Θεῷ.
3560 2407 3716 2462 Καθ-

2129 2501 2348 2574 αιροῦσι
2396 2501 2505 2573 γὰρ
2559 2501 2859 2574 λογισμοὺς
2923 2504 3051 2567 τοὺς
3096 2505 3177 2567 εις
3243 2502 3511 2564 ὲκτόπους
3564 2501 3717 2572 ἡμᾶς

2130 2596 2339 2659 ἐννοίας
2369 2592 2828 2665 άποκομίζοντας.
2865 2595 2977 2650 Καὶ
2998 2590 3087 2650 οἷά
3105 2612 3262 2659 τινας
3289 2594 3398 2648 τῶν
3417 2591 3716 2664 ἀλιτηρίων

2133 2686 2449 2760 βαρϐάρων,
2480 2690 2547 2759 τῇ
2578 2686 2843 2758 βασιλέως
2874 2687 3002 2760 δόξῃ
3024 2687 3351 2758 φιλονεικεῖν
3383 2685 3716 2755 ἐγνωκότας,

2130 2781 2196 2833 έκ
2224 2779 2392 2850 μέσου
2441 2781 2667 2850 ποιῆσαι
2703 2779 3095 2843 σπουδάζουσι·
3127 2778 3232 2833 κᾶν
3275 2781 3328 2835 εῐ
3353 2796 3438 2843 τις
3467 2779 3549 2841 είς
3582 2775 3719 2846 ὕψος

2130 2870 2352 2943 ἐπαίροι
2377 2870 2440 2924 τὸ
2481 2871 2650 2942 κέρας
2676 2871 2788 2924 τῶν
2818 2870 3091 2926 εἰωθότων
3116 2871 3300 2925 λαλεῖν
3337 2870 3551 2925 ἀδικίαν
3574 2868 3719 2922 κατά

2129 2964 2287 3031 Θεοῦ,
2327 2963 2518 3017 τοῦτον
2553 2960 2789 3026 ἐννοίαις
2829 2965 2954 3027 ταῖς
3000 2963 3081 3026 είς
3118 2961 3391 3034 ὀρθότητα
3429 2958 3721 3032 μονονουχὶ

2130 3056 2519 3119 καταπαίουσι,
2551 3053 2934 3124 μετατιθέντες
2961 3053 3044 3117 είς
3067 3053 3130 3107 τὸ
3159 3053 3313 3118 εὐθὺ,
3349 3054 3445 3107 καὶ
3474 3053 3589 3111 τοῖς
3614 3048 3718 3122 τῆς

2129 3148 2389 3215 ἀληθείας
2434 3145 2825 3218 ὲμδιϐἀζοντες
2876 3144 3076 3214 λόγοις.
3122 3142 3424 3215 Εὐτεχνίας
3467 3138 3562 3197 οῦν
3605 3142 3719 3215 ἄρα

2129 3242 2229 3311 τῆς
2274 3238 2493 3308 ἀληθῶς
2561 3234 2937 3309 ἀγιοπρεποῦς
2988 3235 3151 3308 ἔργον
3207 3233 3275 3290 ἂν
3326 3236 3559 3304 γένοιτο,
3620 3233 3718 3287 καὶ

2130 3332 2367 3405 ἀρέσκον
2389 3329 2532 3402 Θεῷ,
2562 3329 2624 3383 τὸ
2651 3332 2769 3393 τοῖς
2807 3329 2911 3400 τῆς
2943 3327 3263 3399 οἰκονομίας
3293 3326 3476 3395 λόγοις
3512 3324 3714 3392 ὑποφέ-

2135 3442 2249 3498 ρειν
2287 3422 2463 3477 ἀεὶτὸ
2497 3418 2883 3491 ἀντιτετάχθαι
2929 3417 3124 3473 δοκοῦν
3161 3421 3230 3489 τῇ
3273 3416 3400 3489 δόξῃ
3454 3413 3714 3489 Χριστοῦ.

2130 3517 2263 3581 Θεὸς
2296 3515 2407 3587 γὰρ
2436 3514 2512 3568 ὣν
2544 3515 2572 3567 ό
2593 3513 2795 3585 Λόγος,
2820 3512 2914 3566 καὶ
2946 3512 3004 3564 ὲν
3038 3513 3222 3582 μορφῇ
3255 3509 3350 3563 καὶ
3377 3509 3583 3579 ἰσότητι
3617 3506 3716 3562 τοῦ

2131 3607 2369 3679 Πατρδς,
2398 3590 2600 3661 έαυτὸν
2646 3604 2891 3673 καθῆκεν
2942 3603 3023 3666 είς
3060 3603 3311 3662 κένωσιν,
3355 3601 3452 3655 καὶ
3492 3599 3717 3668 γέγονεν

2132 3703 2373 3771 ὑπήκοος
2403 3701 2567 3772 μέχρι
2609 3698 2864 3753 θανάτου.
2887 3698 2980 3749 Δεῖ
3006 3696 3188 3749 τοίνυν
3217 3697 3327 3749 πᾶν
3357 3693 3534 3765 νόημα
3561 3708 3718 3762 περι-

2131 3794 2355 3867 τρέπειν
2398 3792 2653 3856 ἀστείως,
2720 3791 2818 3845 καὶ
2853 3785 2964 3844 οἷον
3016 3787 3443 3860 αίχμαλωτίζειν
3485 3787 3566 3851 είς
3614 3782 3723 3855 τὴν

2134 3882 2379 3953 ὑπακοήν
2402 3882 2589 3937 αὑτοῦ.
2625 3880 2812 3951 Είγὰρ
2842 3880 2906 3952 δή
2932 3896 2986 3933 τι
3016 3878 3230 3947 λέγοιτο
3256 3879 3352 3932 καὶ
3376 3878 3483 3932 τῶν
3505 3875 3720 3945 ἀνθρω-

2134 3973 2327 4041 πίνων,
2368 3974 2488 4027 κατ’
2541 3972 2738 4026 οὐδένα
2778 3971 2980 4039 τρόπον
3012 3970 3322 4040 ἀδικήσειεν
3371 3969 3437 4023 ἂν
3481 3966 3581 4039 τὴν
3617 3964 3717 4019 τοῦ

2135 4066 2310 4134 Λόγου
2362 4064 2526 4136 φύσιν
2556 4064 2616 4118 τὸ
2654 4065 2714 4116 ὲν
2748 4061 3132 4133 ἀνθρωπότητι
3182 4059 3617 4133 σμικροπρεπὲς,
3664 4059 3720 4113 si

2130 4157 2439 4212 πιστεύοιτο
2460 4156 2587 4210 καθ’
2618 4157 2767 4227 ήμᾶς
2791 4153 3080 4225 ἄνθρωπος
3103 4152 3374 4222 γεγονώς’
3409 4152 3504 4206 καὶ
3532 4149 3593 4204 οῦ
3632 4149 3720 4204 τοί

2130 4268 2234 4305 που
2266 4251 2327 4303 τὸ
2360 4244 2501 4302 εἶναι
2536 4249 2670 4312 Θεὸς
2709 4246 3129 4319 ἀποὸεὸληκὼς,
3156 4245 3292 4299 ἀλλά
3320 4244 3459 4317 μετὰ
3485 4244 3580 4298 τοῦ
3609 4245 3720 4313 μεῐο

2129 4356 2217 4396 ναι
2247 4340 2405 4407 Θεὸς,
2440 4337 2765 4410 προσλαϐὼν
2804 4337 2866 4391 τὸ
2909 4336 3283 4409 ἀνθρώπινον,
3334 4337 3430 4390 καὶ
3474 4337 3720 4407 ὑπήκοος

2129 4434 2420 4503 γενόμενος
2456 4429 2616 4503 μέχρι
2648 4429 2880 4483 θανάτου
2914 4428 3057 4482 κατά
3094 4427 3195 4499 τὴν
3230 4428 3429 4499 σάρκα.

440 4526 673 4573 mortem
730 4533 903 4587 usque
937 4520 1235 4574 secundum
1286 4534 1507 4574 carnem
1560 4521 1635 4577 sit
1677 4521 1856 4579 factus
1884 4526 2167 4594 obediens,
2206 4524 2369 4598 148
2408 4524 2607 4579 nullam
2665 4533 2846 4579 tamen
2916 4521 3214 4579 divinitatis
3273 4534 3385 4576 sua:
3439 4519 3715 4590 jacturam

437 4612 608 4668 fecit:
649 4612 848 4667 mansit
877 4612 1021 4667 enim
1062 4613 1200 4669 Deus
1232 4620 1288 4676 ut
1312 4624 1450 4669 erat.

508 4705 702 4763 XXVI.
743 4723 763 4758 ι
806 4704 980 4771 Unde,
1009 4702 1204 4760 lratres
1246 4706 1443 4770 sancti,
1502 4709 1805 4766 vocationis
1832 4726 2023 4783 super-
2055 4714 2101 4770 l‘

435 4799 678 4858 cmlcstis
715 4796 1028 4869 participes,
1060 4797 1400 4853 considerate
1431 4800 1736 4869 apostolum
1780 4811 1837 4858 et
1881 4818 2017 4874 pon-

438 4891 641 4947 tiﬁcem
684 4886 1047 4943 confessionis
1089 4895 1288 4941 nostrae
1332 4885 1538 4955 Jesum,
1588 4892 1682 4962 qui
1724 4891 1899 4948 ﬁdelis
1936 4904 2021 4950 est

333 4973 346 4982 ’
436 4980 511 5048 ei,
549 4978 643 5049 qui
691 4978 821 5034 fecit
865 4978 1037 5045 illum,
1070 4978 1214 5033 sicut
1244 4987 1301 5034 et
1330 4979 1542 5052 Moyses
1577 4983 1631 5038 in
1656 4984 1804 5039 omni
1856 4985 2020 5043 domo

434 5071 578 5141 ejus.
610 5071 906 5142 Amplioris
938 5071 1081 5124 enim
1111 5070 1295 5140 gloria:
1322 5072 1424 5130 iste
1465 5089 1575 5144 prae
1608 5075 1792 5148 Moyse
1825 5077 2019 5148 dignus

434 5173 524 5222 est
567 5164 830 5231 habitus,
889 5172 1092 5232 quanto
1155 5162 1474 5233 ampliorem
1537 5166 1795 5222 honorem
1859 5168 2021 5224 habet

434 5257 623 5321 domo,
671 5256 766 5326 qui
800 5254 1088 5309 fabricavit
1121 5255 1289 5311 illaut.
1323 5255 1512 5313 Omnis
1559 5274 1793 5331 namque
1827 5264 2020 5317 domus

436 5344 737 5402 fabricatur
791 5347 861 5402 ab
909 5346 1137 5416 aliquo:
1198 5346 1288 5417 qui
1347 5359 1527 5403 autem
1578 5352 1756 5405 omnia
1788 5353 2016 5418 creavit,

434 5439 581 5494 Deus
633 5449 734 5495 est.
780 5438 847 5494 Et
903 5438 1118 5511 Moyses
1169 5441 1384 5510 quidem
1438 5440 1613 5497 ﬁdelis
1658 5439 1868 5499 eratin
1905 5453 2017 5500 tota

436 5532 598 5586 domo
628 5532 767 5599 ejus,
811 5539 1064 5601 tanquam
1117 5530 1373 5599 famulus,
1432 5533 1484 5586 in
1517 5533 1883 5590 testimonium
1919 5552 2017 5591 eo.

2198 4712 2343 4780 KG’.
2384 4731 2404 4763 ι
2446 4710 2631 4773 Ὅθεν,
2665 4708 2887 4777 ἀδελφοὶ
2908 4707 3078 4776 ἅγιοι,
3108 4707 3352 4778 κλήσεως
3385 4703 3715 4776 ἐπουρανίου

2134 4802 2377 4873 μέτοχοι,
2411 4803 2787 4872 κατανοήσατε
2828 4799 2920 4852 τὸν
2966 4799 3266 4853 ἀπόστολον
3312 4798 3406 4852 καὶ
3451 4796 3717 4867 ἀρχιερέα

2128 4894 2227 4964 τῆς
2265 4893 2563 4963 ὁμολογίας
2603 4891 2762 4964 ήμῶν
2802 4889 3032 4961 Ἰησοῦν,
3069 4889 3262 4944 πιστὸν
3290 4889 3420 4942 ὄντα
3443 4887 3521 4958 τῷ
3551 4888 3718 4957 ποιή-

2129 5002 2282 5039 σαντι
2316 4984 2500 5050 αὑτὸν,
2532 4983 2611 5046 ὡς
2654 4984 2750 5038 καὶ
2781 4984 2989 5055 Μωσῆς
3033 4982 3093 5036 ὲν
3122 4980 3230 5051 ὅλῳ
3255 4980 3333 5051 τῷ
3354 4980 3489 5051 οίκῳ
3522 4979 3713 5033 αὑτοῦ.

2120 5077 2375 5140 Πλείονος
2417 5076 2527 5148 γὰρ
2569 5069 2723 5139 οὗτος
2767 5074 2929 5146 δόξης
2975 5072 3127 5145 παρά
3170 5072 3415 5141 Μωῦσῆν
3456 5069 3712 5139 ἠξίωται,

2119 5167 2354 5223 καθόσον
2377 5167 2599 5221 πλείονα
2614 5165 2709 5221 τοῦ
2735 5164 2889 5221 οῖκου
2913 5166 3080 5238 τιμὴν
3106 5164 3219 5235 ἔχει
3236 5165 3264 5217 ό
3290 5162 3715 5228 κατασκευάσας

2120 5259 2302 5314 αὐτόν.
2334 5260 2453 5323 Πᾶς
2498 5261 2606 5332 γὰρ
2639 5253 2791 5324 οἶκος
2821 5256 3298 5322 κατασκευάζεται
3330 5255 3438 5310 ὑπό
3478 5273 3623 5318 τινος
3645 5272 3657 5283 ·
3685 5258 3716 5310 ὁ
3740 5243 3768 5265 ’

2125 5353 2184 5407 δὲ
2227 5353 2296 5406 τὰ
2326 5353 2507 5407 πάντα
2546 5352 2989 5415 κατασκευάσας,
3035 5349 3189 5413 Θεός.
3224 5350 3335 5402 Καὶ
3367 5348 3576 5417 Μωσῆς
3612 5348 3713 5418 μὲν

2128 5444 2321 5509 πιστὸς
2351 5445 2426 5497 ὢν
2457 5444 2532 5507 ὡς
2568 5443 2846 5515 θεράπων,
2887 5444 2945 5495 ὲν
2987 5441 3094 5512 ὅλῳ
3124 5440 3205 5511 τῷ
3234 5441 3369 5511 οίκῳ
3398 5426 3588 5502 αὑτοῦ,
3631 5441 3715 5505 εἰς

2130 5537 2431 5609 μαρτύριον
2457 5536 2566 5590 τῶν
2590 5521 3074 5606 λαληθησομένων
3124 5530 3362 5603 Χριστὸς
3394 5532 3451 5585 δὲ
3481 5532 3556 5595 ὡς
3582 5532 3715 5596 Υἱὸς

439 5637 559 5676 rum
594 5640 715 5693 qua:
764 5625 986 5680 dicenda
1040 5634 1239 5680 erant:
1282 5625 1533 5681 Christus
1578 5639 1708 5679 vero
1763 5635 2018 5694 tanquam

2130 5630 2219 5681 ἐπὶ
2246 5630 2335 5683 τὸν
2378 5624 2527 5681 οἷκον
2561 5626 2751 5692 αὐτοῦ,
2782 5621 2843 5681 οὗ
2888 5622 3036 5687 οἶκός
3062 5626 3228 5694 ἐσμεν
3258 5625 3440 5694 ἡμεῖς.
3477 5641 3496 5675 t
3542 5623 3708 5677 Ἀπό-

437 5711 612 5768 Filius
635 5715 690 5769 in
722 5713 886 5768 domo
932 5730 1050 5780 sua,
1095 5730 1214 5783 qua:
1264 5716 1458 5770 domus
1496 5729 1684 5769 smnus
1745 5731 1843 5771 nos
1883 5716 1949 5771 ".
1993 5737 2012 5769 ι

2130 5718 2312 5782 στολος
2343 5719 2437 5771 καὶ
2464 5717 2759 5789 ἀρχιερεὺς
2795 5716 2894 5787 τῆς
2919 5713 3215 5786 ὁμολογίας
3246 5711 3403 5786 ἡμῶν
3436 5711 3585 5781 παρὰ
3612 5709 3708 5763 τοῦ

510 5869 556 5900 ³⁸
589 5869 779 5926 ilCor.
816 5883 980 5935 Lxxx,
1024 5870 1076 5936 Δ,
1132 5870 1183 5923 5.
1260 5871 1302 5901 ³⁷
1343 5870 1481 5925 Psal.
1532 5885 1642 5935 xw,
1685 5867 1737 5925 6.
1816 5873 1859 5903 ³³
1894 5871 2028 5927 Phili

2169 5890 2225 5939 It,
2270 5874 2385 5932 6-8.
2466 5876 2507 5906 ³³
2550 5871 2713 5943 μυιπ.
2770 5877 2849 5939 ttl,
2899 5871 3014 5925 1.6.
