4076 6424
354 452 494 510 1569

1125 457 1128 460 ’
1164 457 1255 512 AD
1294 453 1594 511 llEGlNAS
1633 452 1722 508 DE
1762 451 1989 507 RECTA
2027 409 2181 510 tuos
2221 457 2481 514 οιιΑτιο
2523 455 2823 514 ALTERA.

3476 456 3614 510 15Ἲο

352 568 490 621 Θεοῦ
531 569 626 621 καὶ
659 569 872 640 [ἰατρὸς
901 570 1126 638 γέγονεν
1162 571 1394 642 Ἰησοῦς,
1419 570 1699 624 τουτέστιν
1722 568 1934 639 ἀνθρω-

2043 572 2407 629 [Ionl'essionls
2460 584 2658 628 nostra:
2718 570 2994 642 apostolus
3045 577 3098 623 et
3159 566 3396 635 pontifex
3442 582 3470 619 a
3507 565 3614 621 Deo

353 678 458 723 πος
487 659 749 731 πεφηνὼς
777 663 805 712 6
838 663 903 714 ἑκ
928 662 1064 716 Θεοῦ
1099 664 1273 732 Λόγος
1297 682 1308 694 ·
1335 664 1457 717 τότε
1486 663 1595 732 γὰρ
1620 662 1933 729 ὠνόμασται

354 754 452 807 καὶ
489 751 698 824 Ἰησοῦς
721 754 809 807 διὰ
836 757 934 825 τῆς
965 755 1060 808 τοῦ
1101 756 1334 823 ἀγγέλου
1372 758 1575 825 φωνῆς.
1602 756 1712 808 Καὶ
1742 754 1938 824 μικρὸν

357 846 460 916 μὲν
487 846 681 916 κομιδῇ
701 849 766 917 τῇ
797 845 889 900 τοῦ
921 848 1092 914 Λόγου
1117 847 1278 915 φύσει
1304 849 1366 900 τό
1395 864 1456 899 τε
1485 848 1584 916 τῆς
1610 847 1934 918 ἱερωσύνης,

355 936 450 986 καὶ
479 933 540 986 τὸ
575 934 676 1003 τῆς
706 935 1011 1004 ἀποστολῆς
1039 936 1210 1006 ὅνομά
1236 954 1294 988 τε
1323 937 1418 990 καὶ
1447 937 1640 1007 χρῆμα
1662 952 1676 966 ⁸
1715 939 1825 999 τοῖς
1871 952 1936 1004 γε

357 1027 468 1095 μὴν
499 1026 598 1094 τῆς
624 1026 1050 1096 ἀνθρωπότητος
1093 1028 1314 1096 μέτροις
1345 1028 1432 1097 εἴη
1464 1028 1529 1081 ἂν
1553 1029 1654 1080 οὐκ
1699 1027 1915 1097 ἀνάρμο

356 1135 500 1170 στον.
556 1119 644 1180 Ὡς
671 1117 780 1189 γὰρ
811 1119 974 1182 αὑτός
1005 1118 1108 1172 πού
1151 1136 1336 1188 φησιν,
1369 1138 1386 1170 ι
1437 1120 1494 1172 '0
1524 1119 1650 1182 Υἱὸς
1683 1117 1783 1171 οὐκ
1807 1113 1938 1187 ἦλθε

352 1208 766 1279 διακονηθῆναι,
786 1209 922 1262 ἀλλά
949 1210 1288 1279 διακονῆσαι,
1312 1212 1404 1264 καὶ
1426 1211 1608 1264 δοῦναι
1637 1211 1736 1280 τὴν
1761 1209 1938 1280 ψυχὴν

353 1299 518 1352 αὑτοῦ
551 1301 870 1370 ἀντίλυτρον
893 1302 1032 1370 ὑπὲρ
1060 1303 1289 1356 πολλῶν.
1335 1321 1354 1354 ι
1383 1303 1458 1355 Τὸ
1491 1303 1588 1373 μὲν
1614 1302 1724 1373 γὰρ
1751 1302 1939 1355 διακο-

350 1393 563 1445 νεῖσθαι
593 1393 748 1464 παρά
770 1395 870 1464 τῆς
902 1395 1155 1459 κτίσεως,
1178 1395 1381 1464 πρέποι
1408 1394 1472 1448 ἂν
1503 1394 1649 1465 αὐτῷ
1669 1395 1762 1449 καὶ
1795 1395 1939 1464 μάλα

351 1485 604 1546 εἰκότως,
640 1483 830 1553 ὥσπερ
880 1483 999 1554 Θεῷ
1045 1485 1140 1538 καὶ
1171 1485 1436 1555 Δεσπότῃ,
1475 1486 1567 1538 καὶ
1614 1485 1719 1538 ὑπὸ
1771 1485 1939 1548 πόδας

351 1575 532 1644 ἔχοντι
573 1577 684 1628 πᾶν
734 1576 871 1646 ὅπερ
908 1577 1025 1628 ἐστὶ
1058 1577 1308 1646 γενητόν.
1349 1577 1422 1629 Τὸ
1460 1577 1516 1630 δέ
1549 1594 1612 1645 γε
1650 1576 1936 1640 διακονεῖν,

351 1665 694 1734 ἀνθρώπινον
731 1665 831 1736 μέν
851 1681 864 1695 ·
903 1666 1044 1737 πλὴν
1077 1669 1202 1720 ὅσον
1235 1661 1371 1738 ἧκεν
1403 1668 1483 1731 είς
1504 1669 1629 1730 τοὺς
1657 1670 1760 1738 τῆς
1802 1668 1939 1738 μετά

357 1757 565 1826 σαρκὸς
589 1757 903 1827 οἰκονομίας
934 1759 1150 1827 λόγους,
1190 1761 1291 1812 οὐκ
1321 1758 1581 1822 ἀπεοικὸς
1610 1758 1688 1829 τῷ
1711 1777 1773 1827 γε
1803 1760 1939 1822 ὅλως

354 1847 552 1899 ἑαυτὸν
577 1848 796 1901 καθέντι
828 1849 964 1919 πρὸς
1003 1849 1074 1902 τά
1102 1848 1442 1918 ἀνθρώπινα.
1479 1849 1669 1920 Ἀθρει
1691 1851 1747 1902 δὲ
1790 1851 1938 1914 ὅπως

355 1937 626 2007 ίερατεύει
662 1939 760 2006 μὲν
787 1939 1166 2009 ἀνθρωπίνως,
1189 1941 1281 1994 καὶ
1301 1940 1530 2012 μεσίτης
1550 1943 1782 1996 τέθειται
1798 1943 1934 1996 Θεοῦ

353 2026 450 2078 καὶ
482 2027 814 2096 ἀνθρώπων⁸
861 2030 1140 2099 μεσιτεύει
1189 2030 1298 2100 γὰρ
1345 2032 1452 2093 πᾶς
1505 2029 1715 2100 ἱερεύς·
1753 2031 1844 2083 τὸν
1878 2031 1934 2084 δὲ

353 2117 456 2185 τῆς
505 2116 696 2182 Θυσίας
726 2119 927 2190 τρόπον
957 2122 1059 2174 οὐκ
1099 2121 1180 2174 ἔτι
1210 2121 1330 2175 καθ’
1362 2121 1461 2176 ἕνα
1499 2123 1608 2176 τῶν
1638 2123 1760 2176 καθ’
1786 2125 1934 2194 ἡμᾶς

357 2208 548 2280 ἱερέων
583 2211 946 2281 προσκομίζει
988 2212 1392 2282 δουλοπρεπῶς,
1429 2214 1578 2266 οὐδὲν
1616 2214 1779 2277 αὐτὸς
1813 2216 1933 2267 ἑπι-

355 2301 632 2356 κοινωνῶν
663 2305 744 2365 εἰς
767 2303 828 2354 τὸ
868 2303 1056 2356 λαϐεῖν
1079 2305 1250 2376 αὑτήν
1269 2321 1282 2332 °
1311 2303 1427 2358 ἀλλ’
1467 2305 1644 2375 ἑαυτῷ
1669 2323 1933 2376 πραγμα-

353 2390 594 2457 τεύεται,
629 2395 723 2446 καὶ
756 2393 824 2447 δι’
871 2395 1039 2448 αὐτοῦ
1083 2413 1141 2448 τε
1178 2397 1273 2448 καὶ
1321 2398 1380 2449 ὲν
1428 2396 1580 2466 αὐτῷ
1611 2397 1688 2468 τῷ
1734 2399 1931 2467 Πατρί.

365 2483 662 2556 Ἰερουργεῖ
705 2488 815 2557 γὰρ
855 2486 1014 2557 ἡμῶν
1064 2486 1164 2559 τὴν
1191 2488 1504 2558 ὁμολογίαν,
1550 2490 1800 2543 τουτέστι
1835 2490 1935 2560 τὴν

357 2576 560 2641 πίστιν,
611 2577 678 2647 ῆν
727 2579 821 2629 καὶ
870 2578 1046 2649 ὀρθῶς
1079 2580 1469 2650 κατειθίσμεθα
1515 2581 1804 2642 ποιεῖσθαι,
1844 2581 1933 2634 λέ-

359 2682 582 2734 γοντεςο
620 2685 641 2717 ‹
675 2665 1013 2736 Πιστεύομεν
1049 2670 1131 2731 είς
1171 2668 1267 2721 ἕνα
1297 2669 1430 2722 Θεὸν
1469 2669 1692 2740 Πατέρα
1729 2688 1933 2724 παντο-

359 2757 606 2826 κράτορα
634 2773 650 2788 ·
684 2758 780 2810 καὶ
811 2760 891 2821 εἰς
924 2757 1021 2809 ἕνα
1061 2758 1270 2830 Κύριον
1313 2761 1519 2828 Ἰησοῦν
1557 2761 1789 2831 Χριστὸν
1843 2761 1935 2816 τὸν

356 2849 484 2900 Υίὸν
517 2848 712 2901 αὐτοῦ’
745 2849 838 2900 καὶ
868 2849 950 2911 είς
979 2848 1041 2900 τὸ
1073 2848 1300 2919 Πνεῦμα
1339 2850 1400 2901 τὸ
1434 2850 1611 2918 ἅγιον.
1650 2869 1667 2900 ι
1701 2851 1931 2916 Οὐκοῦν,

353 2940 460 2994 κᾶν
508 2940 810 3009 ἱερατεύειν
845 2939 1203 3009 ἀνθρωπίνως
1247 2939 1496 3010 λέγηται,
1543 2941 1678 2994 ἀλλά
1717 2942 1933 3010 δέχεται

353 3032 452 3101 τὴν
489 3031 678 3084 θυσίαν
709 3031 871 3094 αὐτὸς
910 3029 1127 3093 θεῖκῶς,
1149 3032 1176 3083 6
1206 3031 1369 3094 αὐτὸς
1400 3030 1476 3083 ὢν
1504 3032 1638 3101 ὁμοῦ
1671 3032 1804 3096 Θεὸς
1839 3033 1934 3086 καὶ

352 3121 660 3192 ἄνθρωπος.
689 3122 920 3191 Εἴρηται
949 3120 1007 3173 δὲ
1036 3120 1246 3184 πιστὸς,
1283 3119 1370 3172 διὰ
1401 3121 1464 3173 τὸ
1496 3122 1582 3174 ἀεὶ
1629 3121 1820 3186 σώζειν
1843 3123 1934 3176 δύ-

352 3213 551 3266 νασθαι
573 3213 700 3276 τοὺς
720 3210 1194 3283 προσερχομένους
1211 3212 1276 3264 δι’
1295 3213 1460 3265 αὑτοῦ
1479 3212 1554 3283 τῷ
1570 3213 1708 3283 Θεῷ.
1736 3214 1934 3278 Πιστὸς

351 3305 412 3358 δὲ
443 3305 760 3374 ὠνόμασται
796 3304 891 3358 καὶ
917 3305 1079 3366 αὐτὸς
1106 3304 1134 3355 6
1168 3305 1378 3374 Πατήρ.
1415 3305 1848 3376 Συγκρινόμενος
1873 3306 1931 3358 δέ

354 3413 475 3460 πως
503 3401 568 3467 τῇ
605 3397 851 3460 Μωσέως
875 3395 1122 3466 διακονίᾳ
1151 3395 1296 3448 κατὰ
1316 3395 1376 3447 τὸ
1403 3395 1765 3466 ἀνθρώπινον,
1800 3399 1933 3465 ὅσην

354 3489 468 3559 ἔχει
495 3489 592 3560 τὴν
627 3487 900 3561 ὑπεροχὴν
934 3491 1077 3540 κατά
1102 3505 1162 3556 γε
1196 3487 1256 3540 τὸ
1290 3484 1429 3561 εἶναι
1465 3488 1618 3551 Θεὸς,
1661 3490 1935 3560 ἀναμάθοι

291 3587 296 3594 ’
353 3599 438 3644 τις
475 3583 562 3644 ἂν,
604 3581 696 3635 καὶ
729 3583 788 3634 οῦ
817 3583 913 3634 σὺν
943 3579 1127 3648 ἱδρῶτι
1158 3557 1628 3649 μακρῷ,“ἐννοῶν,
1656 3581 1738 3633 ὅτι
1770 3583 1797 3633 6
1838 3581 1937 3651 μὲν

354 3674 431 3737 ὡς
451 3674 668 3742 οἰκέτης
699 3674 758 3725 ὲν
783 3659 866 3743 ’τῴ
897 3675 1030 3744 οἴκῳ
1062 3673 1271 3736 πιστὸς,
1295 3675 1322 3724 6
1356 3672 1414 3724 δὲ
1442 3671 1518 3734 ὡς
1535 3672 1814 3742 Δεσπότης
1844 3673 1939 3726 ἐπὶ

356 3767 452 3820 τὸν
488 3764 639 3820 οἷκον
683 3765 873 3824 αὑτοῦ.
907 3768 1018 3821 Καὶ
1043 3768 1125 3820 ὅτι
1152 3765 1247 3818 τοῦ
1291 3762 1442 3817 οἴκου
1487 3765 1941 3834 κατασκευαστὴς

357 3861 454 3913 καὶ
471 3858 801 3929 δημιουργὸς
822 3861 850 3912 6
883 3858 1239 3928 Ἐμμανουήλ
1257 3873 1270 3886 ·
1298 3847 1360 3907 οὗ
1388 3851 1535 3919 οἶκός
1561 3857 1728 3924 ἐσμεν
1753 3857 1934 3926 ἡμεῖς.

369 3950 728 4022 Ἀσύγκριτος
750 3950 806 4003 δὲ
835 3949 1067 4019 Ποιητοῦ
1098 3949 1235 4019 πρὸς
1264 3951 1324 4001 τὸ
1357 3948 1580 4016 ποιηθὲν
1614 3949 1648 4016 ή
1678 3947 1934 4015 διαφορὰ,

357 4043 454 4097 καὶ
488 4042 585 4096 τοῦ
616 4042 759 4096 κατά
787 4041 950 4110 φύσιν
976 4042 1248 4093 Δεσπότου
1277 4039 1417 4112 πρὸς
1445 4038 1506 4091 τὸ
1535 4035 1722 4090 δοῦλον
1747 4047 1768 4074 θ
1804 4037 1939 4107 ἀλη-

359 4134 468 4198 θῶς
496 4135 586 4188 καὶ
621 4134 678 4187 ὲν
715 4134 901 4202 ὑφέσει
933 4132 1243 4202 νοούμενον.

2041 663 2200 719 Patre
2247 666 2524 721 institutus
2571 678 2654 720 est
2711 663 2885 727 Iesus,
2940 662 3038 716 hoc
3098 671 3182 714 est
3244 659 3336 714 Dei
3383 658 3616 714 Verbum

2040 757 2402 811 incantatam.
2458 758 2609 812 Tunc
2653 758 2795 810 cnim
2828 755 2952 808 Jesu
2996 756 3212 806 nomine
3239 768 3334 820 per
3364 753 3613 819 angelum

2040 847 2362 916 appellatum
2393 857 2496 903 est.
2555 848 2620 902 Et
2669 847 2886 915 quidem
2939 844 3228 898 sacerdotii
3258 851 3312 895 et
3348 839 3617 907 apostola-

2041 949 2126 994 tus
2175 955 2367 994 nomen
2396 947 2449 994 et
2488 954 2598 1004 res,
2636 938 2928 1007 perexigua
2961 943 3107 997 Stlltl,
3139 934 3183 986 si
3219 933 3380 985 Verbi
3413 940 3618 984 ιιιιιιιιιτο

2040 1031 2426 1094 attribuantur,
2455 1041 2830 1084 verumtamen
2871 1029 3121 1081 humanae
3164 1033 3369 1077 natum
3400 1023 3618 1074 modulo

2043 1137 2146 1176 non
2174 1122 2469 1192 incongrue
2497 1122 2874 1189 adaptautur.¢
2907 1117 3037 1171 Nam
3071 1115 3241 1170 Filius
3267 1119 3349 1184 (ut
3385 1115 3618 1181 ipseali—

2041 1214 2162 1270 cubi
2187 1215 2435 1283 testatur)
2463 1229 2566 1267 non
2583 1222 2804 1267 venerat
2825 1210 3146 1272 ministrari,
3169 1211 3260 1260 sed
3286 1207 3617 1266 ministrare,

2039 1318 2095 1362 et
2116 1309 2245 1362 dare
2268 1308 2504 1361 animam
2529 1321 2682 1359 suam
2715 1301 3134 1371 redemptionem
3180 1314 3278 1368 pro
3309 1297 3489 1350 multis
3512 1295 3612 1348 ⁸⁸.»

2041 1399 2194 1465 Quod
2237 1397 2398 1467 igitur
2431 1407 2800 1451 creaturarum
2833 1393 3076 1446 omnium
3142 1391 3444 1445 ministerio
3497 1387 3618 1454 jure

2041 1492 2236 1546 merito
2268 1491 2527 1560 potiatur,
2550 1489 2651 1542 hoc
2687 1487 2809 1540 inde
2841 1486 3025 1552 habet,
3055 1485 3180 1553 quia
3209 1483 3348 1536 Deus
3375 1491 3479 1544 est,
3511 1481 3615 1534 Du-

2041 1584 2219 1638 minus
2257 1593 2343 1638 est
2375 1591 2651 1650 totumque
2685 1578 2826 1647 quod
2879 1587 3054 1632 ortum
3091 1575 3278 1644 quovis
3310 1574 3466 1627 modo
3498 1589 3618 1627 sor-

2041 1677 2196 1730 titum
2235 1683 2338 1736 est,
2384 1673 2608 1742 pedibus
2641 1671 2782 1724 illius
2816 1669 3149 1723 substratttm
3182 1676 3266 1720 est
3300 1683 3314 1719 :
3347 1665 3488 1732 quod
3523 1679 3620 1715 att-

2044 1773 2148 1820 tem
2187 1764 2480 1828 ministrat,
2509 1764 2608 1816 huc
2634 1770 2841 1814 natura:
2867 1760 3114 1812 humana:
3141 1765 3243 1810 est.
3273 1753 3458 1822 Neque
3491 1753 3615 1827 hpc,

2041 1856 2086 1908 si
2121 1854 2537 1924 dispensationis
2579 1867 2700 1906 cum
2754 1863 2920 1904 carne
2973 1847 3239 1901 rationem
3292 1852 3527 1912 spectes,
3557 1843 3620 1892 il-

2042 1947 2149 1999 lum
2204 1945 2453 2010 dedecet,
2504 1945 2593 2013 qui
2643 1958 2702 1997 se
2753 1941 2920 1995 semel
2981 1942 3046 1992 ad
3106 1939 3338 1991 humana
3376 1934 3614 1988 demisit.

2043 2037 2176 2092 Vide
2198 2036 2332 2105 jam,
2365 2035 2637 2105 quomodo
2669 2033 2967 2088 secundmn
3030 2031 3318 2082 humanam
3363 2036 3615 2105 naturam

2040 2129 2324 2186 sacerdotii
2382 2142 2580 2182 munus
2634 2126 2815 2188 obeat,
2869 2124 3239 2191 metliatorque
3271 2120 3413 2174 inter
3444 2101 3611 2170 Deum

2039 2231 2092 2276 et
2123 2221 2370 2276 homines
2417 2219 2649 2272 exsistat
2678 2235 2691 2271 :
2726 2215 2908 2271 omnis
2939 2214 3083 2270 enim
3117 2213 3375 2268 sacerdos
3406 2209 3617 2263 media-

2043 2314 2175 2369 toris
2209 2312 2382 2368 oﬁicio
2416 2311 2658 2381 fungitur
2690 2328 2704 2376 ;
2741 2317 3112 2364 verumtamen
3152 2303 3407 2359 sacriﬁcii
3452 2302 3612 2354 ritum

2042 2421 2148 2460 non
2180 2406 2294 2461 obit
2322 2403 2588 2459 serviliter
2615 2402 2957 2456 sacerdotum
2989 2399 3158 2455 nostri
3193 2396 3403 2452 ordinis
3437 2410 3611 2458 more,

2041 2497 2193 2566 quasi
2230 2498 2344 2562 ipse
2378 2510 2482 2548 non
2518 2494 2593 2548 sit
2620 2495 2710 2548 cui
2743 2494 2906 2548 etiam
2963 2490 3294 2546 sacriﬁcium
3348 2485 3614 2540 oﬁ‘ertur:

2043 2586 2137 2642 sed
2191 2587 2377 2656 sibipsi
2423 2600 2640 2656 quoque
2689 2584 3000 2647 sacriﬁcat,
3047 2590 3100 2637 et
3129 2595 3226 2649 per
3264 2578 3524 2648 seipsum,
3565 2582 3622 2628 et

2041 2676 2096 2730 in
2137 2675 2314 2740 seipso
2355 2674 2462 2728 Deo
2503 2675 2672 2728 Patri.
2733 2673 2903 2726 Olfert
2963 2681 3143 2726 autem
3198 2678 3438 2722 nostram
3489 2680 3620 2718 cou-

2043 2768 2360 2830 fessionem,
2405 2765 2510 2819 hoc
2558 2777 2641 2819 est
2686 2765 2889 2828 ﬁdem;
2922 2778 3082 2831 quam
3126 2761 3226 2814 rite
3275 2758 3456 2812 facere
3485 2772 3618 2811 con-

2042 2858 2338 2924 suevimus,
2393 2856 2637 2910 dicentes
2672 2873 2686 2910 :
2717 2873 2736 2906 ι
2771 2855 3058 2909 Credimus
3104 2854 3156 2905 in
3188 2851 3353 2904 Deum
3399 2847 3616 2900 Patrem

2041 2950 2464 3018 omnipotentem
2493 2965 2507 3012 ;
2539 2959 2592 3001 et
2622 2948 2672 3000 iu
2711 2963 2875 2998 unum
2927 2928 3214 3000 Demittunt
3242 2941 3426 2996 Jesunt
3457 2939 3617 2993 Chri-

2041 3050 2186 3096 stum
2216 3040 2407 3094 Filium
2441 3039 2578 3107 ejus,
2610 3048 2657 3093 et
2693 3039 2743 3092 in
2777 3037 3036 3108 Spiritum
3074 3043 3345 3089 sanctum.
3386 3051 3404 3082 ι
3434 3031 3618 3099 Itaque

2041 3133 2142 3186 etsi
2169 3132 2470 3187 sacerdotio
2534 3130 2682 3199 fungi
2749 3129 2947 3183 dicitur
3005 3127 3298 3180 secundum
3367 3131 3612 3175 naturam

2045 3226 2358 3286 humanam,
2396 3222 2721 3276 sacriﬁcium
2759 3231 2936 3273 tamen
2966 3219 3205 3273 oblatum
3244 3214 3492 3282 suscipit,
3526 3227 3614 3265 se-

2040 3319 2274 3370 cundum
2325 3314 2604 3367 divinant:
2653 3321 2740 3365 est
2789 3312 2932 3364 enim
2985 3309 3125 3363 idem
3175 3308 3313 3360 Deus
3360 3304 3520 3358 simul
3563 3311 3618 3356 et

2042 3411 2224 3463 homo.
2265 3406 2578 3475 Appellatus
2607 3415 2690 3457 est
2717 3414 2896 3456 autem
2933 3401 3125 3464 ﬁdelis,
3165 3407 3446 3468 propterea
3475 3395 3617 3462 quod

2043 3516 2258 3569 semper
2288 3500 2497 3554 salvare
2529 3505 2688 3564 queat
2725 3511 2836 3560 eos,
2892 3493 2981 3563 qui
3016 3507 3110 3561 per
3145 3492 3316 3559 ipsum
3347 3488 3410 3540 ad
3445 3486 3614 3538 Deum

2046 3591 2331 3646 accedunt.
2387 3587 2547 3658 149
2593 3587 2732 3652 Quin
2779 3595 2833 3639 et
2873 3586 2986 3653 ipse
3011 3598 3225 3652 quoque
3252 3579 3414 3632 Pater
3443 3577 3616 3629 ﬁdelis

2039 3682 2310 3736 interdum
2365 3692 2612 3733 vocatur.
2674 3678 2888 3743 Quanto
2917 3685 3098 3728 autem
3132 3669 3422 3726 inlcnvallo
3453 3667 3628 3719 lltltIi-‘

2040 3773 2267 3826 steritttn
2321 3770 2464 3824 illius
2511 3778 2569 3822 ιιι
2627 3767 2862 3822 hominis
2909 3781 3031 3819 cum
3093 3763 3329 3816 Mosaico
3364 3759 3616 3811 collatum

2039 3865 2287 3926 excedat,
2315 3873 2584 3929 quatenus
2622 3860 2708 3912 hic
2743 3861 2787 3910 si
2830 3857 3208 3910 consideretur
3235 3865 3292 3906 ttt
3327 3853 3468 3904 Deus
3498 3864 3620 3918 pt-r-

2043 3952 2185 4005 facili
2218 3952 2432 4020 negotio
2475 3951 2524 4002 id
2566 3949 2744 4015 quivis
2775 3947 3056 4012 intelliget,
3091 3946 3132 3998 si
3177 3959 3359 3997 secum
3407 3947 3616 4007 reputet

2042 4041 2190 4094 illum
2221 4038 2436 4105 quidem
2468 4037 2630 4090 veluti
2657 4034 2871 4086 {ﬁdelem
2912 4031 3172 4084 famulum
3216 4030 3266 4082 in
3295 4029 3455 4080 domo
3491 4039 3616 4077 ver-

2045 4139 2220 4183 Saltim
2252 4141 2406 4189 esse;
2445 4127 2590 4179 hunc
2619 4139 2766 4184 veru,
2803 4124 2901 4177 hoc
2926 4132 3012 4176 est
3044 4119 3472 4182 Emmanuclem,
3517 4113 3615 4167 tuti

359 4226 540 4280 domui
589 4237 844 4293 tanquam
896 4225 1179 4278 Dominum
1229 4222 1546 4293 prrel'uisse,
1602 4220 1714 4274 imo
1759 4221 1928 4289 ipsius
1978 4221 2170 4276 domus
2230 4221 2585 4275 architectum
2637 4217 3086 4285 conditoremque
3158 4212 3472 4275 exstitisse;
3520 4225 3616 4263 cu—

353 4317 441 4383 jus
473 4317 690 4386 quidem
740 4318 932 4370 domus
972 4332 1069 4368 nos
1109 4331 1321 4370 sumus.
1371 4313 1526 4368 Nulla
1597 4329 1724 4367 vero
1757 4316 2091 4380 comparatio
2163 4314 2461 4368 intercedet.
2529 4311 2670 4365 inter
2715 4324 2801 4364 res
2842 4309 3087 4363 conditas
3129 4317 3185 4362 et
3225 4306 3614 4361 Conditorem:

360 4409 504 4464 inter
527 4425 650 4464 eum
684 4424 925 4472 rursum,
961 4409 1052 4475 qui
1084 4418 1270 4477 suapte
1311 4419 1501 4460 natura
1531 4409 1787 4462 Dominus
1814 4418 1920 4468 est,
1964 4418 2016 4462 et
2047 4423 2168 4462 euut
2205 4407 2294 4476 qui
2334 4421 2461 4462 vere
2494 4419 2685 4459 servus
2744 4413 2799 4458 et
2824 4404 3094 4458 subditus.

430 4503 556 4559 KZ'.
605 4522 623 4553 ι
665 4504 788 4556 Ὅτι
821 4503 1179 4572 καταϐέϐηκα
1217 4503 1280 4554 ὲκ
1312 4499 1406 4552 τοῦ
1451 4499 1682 4571 οὐρανοῦ
1726 4501 1826 4570 οὐχ
1856 4501 1936 4553 ἵνα

2121 4499 2330 4552 XXVII.
2375 4518 2392 4550 ι
2423 4499 2559 4565 Quia
2591 4496 2845 4552 descendi
2897 4495 2962 4547 de
3008 4495 3169 4555 caelo,
3203 4508 3305 4544 non
3341 4501 3397 4542 ut
3427 4491 3618 4543 faciam

362 4595 504 4648 ποιῶ
534 4595 595 4648 τὸ
627 4595 838 4666 θέλημα
865 4595 926 4647 τὸ
958 4595 1112 4664 ἐμὸν,
1151 4593 1289 4646 ἀλλὰ
1327 4593 1388 4645 τὸ
1434 4592 1644 4661 θέλημα
1671 4592 1763 4644 τοῦ
1800 4592 1940 4661 πέμ-

359 4687 561 4756 ψαντός
589 4704 678 4756 με.
709 4685 878 4740 Τοῦτο
923 4687 966 4739 δ’
1007 4686 1125 4737 ἐστὶ
1165 4685 1225 4737 τὸ
1255 4684 1467 4752 θέλημα
1494 4684 1588 4736 τοῦ
1625 4684 1939 4753 πέμψαντός

362 4793 456 4847 με,
495 4777 583 4828 ἵνα
618 4776 792 4843 πᾶν,ὃ
838 4775 1039 4828 δέδωκέ
1080 4791 1192 4844 μοι,
1238 4774 1311 4844 μὴ
1354 4774 1606 4827 ἀπολέσω
1648 4774 1706 4838 ἐξ
1753 4772 1938 4837 αὐτοῦ,

361 4870 502 4924 ἀλλὰ
532 4869 827 4938 ἀναστήσω
865 4866 997 4919 αὐτὸ
1023 4869 1081 4918 ὲν
1109 4868 1174 4935 τῇ
1205 4865 1408 4936 ἐσχάτῃ
1445 4864 1648 4935 ἡμέρᾳ.
1692 4883 1710 4916 ι
1757 4865 1942 4916 Κατα-

363 4961 527 5028 ϐἧναί
564 4977 732 5029 φησιν
756 4960 947 5012 ἑαυτὸν
981 4957 1041 5021 ἐξ
1063 4955 1315 5028 οὐρανοῦ,
1343 4957 1684 5012 ἀπεστάλθαι
1704 4973 1764 5007 τε
1793 4956 1944 5026 ποιρά

362 5052 459 5104 τοῦ
508 5049 643 5103 Θεοῦ
691 5051 786 5103 καὶ
825 5049 1058 5120 Πατρὸς,
1112 5048 1290 5101 καίτοι
1335 5049 1405 5100 τὰ
1452 5049 1630 5102 πάντα
1685 5048 1942 5117 πληρῶν·

365 5142 564 5212 ὲκεξίνο,
604 5135 796 5208 οἶμαι,
855 5139 1245 5202 καταδεικνὺς,
1294 5139 1388 5191 καὶ
1429 5139 1692 5201 καθιστὰς
1744 5139 1948 5192 ἅπασιν

335 5232 616 5301 ’ἐναργὲς,
655 5233 737 5284 ὅτι
776 5230 910 5293 Θεὸς
945 5229 1020 5284 ὢν
1056 5234 1084 5283 6
1113 5230 1305 5296 Λόγος,
1345 5229 1822 5297 καταπεφοίτηκεν
1867 5229 1949 5282 οξ-

370 5322 681 5392 κονομικῶς
720 5323 800 5384 είς
826 5322 922 5375 ἀνθ
934 5321 1227 5390 ρωπότητα
1247 5319 1314 5374 δι’
1338 5322 1504 5390 ἡμᾶς.
1537 5320 1647 5373 Καὶ
1676 5317 1736 5371 οῦ
1765 5318 1816 5370 τί
1845 5335 1947 5370 που

371 5415 562 5477 μεθεὶς
608 5413 675 5466 τὸ
709 5409 849 5465 εἶναι
885 5413 1046 5482 φύσει
1079 5413 1231 5478 Θεὸς,
1281 5409 1605 5484 προσλαϐὼν
1639 5409 1696 5462 δὲ
1752 5408 1950 5478 μᾶλλον

440 5567 486 5599 ⁸ο
519 5566 706 5622 Matth.
741 5582 830 5633 xx,
857 5565 947 5619 28.
1027 5565 1065 5596 υ
1111 5565 1264 5620 Joatt.
1316 5581 1387 5630 Vl,
1427 5563 1517 5627 '58,
1561 5563 1648 5617 59.

2048 4591 2378 4645 voluntatem
2421 4605 2619 4650 meam,
2667 4589 2760 4642 sed
2816 4586 3148 4637 voluntatem
3193 4583 3310 4651 ejus
3351 4583 3440 4650 qui
3475 4582 3623 4635 misit

2049 4698 2155 4735 nte.
2190 4681 2313 4735 "me
2341 4691 2424 4735 est
2454 4691 2634 4733 autem
2678 4677 2928 4731 Voluntas
2959 4675 3075 4743 ejus
3106 4674 3196 4744 qui
3229 4676 3381 4727 tnisit
3411 4688 3496 4726 me
3521 4673 3622 4725 Pa-

2051 4773 2168 4836 tris,
2211 4781 2271 4826 ut
2305 4788 2464 4826 omne
2503 4771 2646 4840 quod
2679 4771 2823 4824 dedit
2855 4768 3008 4831 mihi,
3043 4783 3146 4820 non
3185 4767 3405 4833 perdam
3439 4781 3502 4818 ex
3533 4779 3622 4830 eo,

2049 4865 2140 4920 sed
2166 4867 2480 4920 resnscitem
2525 4865 2652 4919 illud
2697 4863 2748 4915 in
2793 4860 3086 4914 novissimo
3120 4859 3206 4912 die
3231 4858 3301 4913 “.
3336 4877 3354 4911 ι
3394 4858 3624 4913 (Σωιίιιιε

2050 4971 2109 5010 se
2133 4958 2500 5022 descendisse,
2539 4967 2701 5025 atque
2743 4971 2770 5007 a
2810 4954 2916 5007 Deo
2956 4952 3118 5005 Patre
3143 4966 3200 5005 se
3226 4951 3448 5005 missum
3476 4965 3626 5004 asse-

2051 5049 2146 5113 rit,
2190 5047 2355 5102 etiam
2400 5047 2446 5102 si
2501 5046 2726 5114 impleat
2765 5043 2946 5097 omnia
2991 5059 3004 5094 :
3068 5042 3199 5096 illttd
3246 5042 3540 5103 omnibus,
3570 5049 3628 5092 ut

2054 5147 2208 5211 puto,
2250 5139 2650 5200 demonstrare,
2689 5136 3020 5206 planumque
3050 5134 3230 5189 facere
3254 5133 3459 5194 volens,
3485 5133 3626 5198 quod

2054 5246 2176 5284 cum
2213 5228 2442 5283 Verbum
2501 5238 2648 5283 esset
2696 5229 2857 5293 Deus,
2903 5225 3299 5293 dispensatoria
3335 5224 3544 5276 ratione
3571 5221 3624 5274 in

2061 5322 2350 5374 humanam
2409 5326 2654 5372 naturam
2711 5327 2932 5386 propter
2988 5330 3085 5369 nos
3119 5330 3177 5368 se
3221 5313 3456 5365 demisit.
3507 5309 3626 5364 Non

2056 5406 2198 5476 quod
2231 5420 2324 5477 per
2347 5404 2448 5460 hoc
2479 5405 2620 5460 Dcus
2653 5415 2844 5459 natura
2877 5417 2997 5458 esse
3026 5403 3332 5470 desisteret,
3363 5401 3454 5456 sed
3483 5401 3628 5471 quod

1469 5717 1639 5773 Varize
1666 5717 1922 5773 let‘tiuucs
1950 5715 2150 5771 codicis
2181 5715 2537 5786 Seguieriani.

428 5870 454 5903 ε
483 5860 571 5914 τὸν
601 5861 804 5914 δοῦλον.
