4076 6422
475 425 605 483 1571

472 545 525 600 id
577 542 954 612 assumpserit,
999 538 1143 610 quod
1187 554 1291 593 non
1320 548 1438 593 erat
1488 558 1502 594 :

472 648 863 705 assumpserat,
910 633 1296 701 prepriumqne
1349 632 1454 686 sibi
1498 631 1720 698 fecerat,
1767 632 1929 686 morti
1986 633 2050 687 ad

472 736 684 795 tempus
716 725 1023 781 contradito
1043 766 1058 787 ,
1096 725 1301 778 nullum
1331 740 1397 779 ex
1435 725 1540 780 illis
1567 739 1706 793 quos
1735 736 2046 795 acceperat,

472 818 811 886 deperderet,
859 817 954 872 sed
1008 825 1275 881 servaret,
1325 833 1389 872 ac
1442 816 1496 871 in
1545 818 1843 873 novissimo
1888 817 1978 873 die
2018 834 2048 872 τι

471 910 702 962 mortuis
746 909 1118 963 resuscitaret.
1161 908 1298 963 Cum
1347 919 1527 962 autem
1570 924 1676 964 non
1717 924 1899 971 suam.
1956 911 2049 965 sed

471 999 553 1052 sui
580 997 761 1054 Patris
782 999 1117 1053 voluntatem
1158 1016 1216 1055 se
1244 1000 1504 1069 perﬁcere
1531 1000 1709 1062 addit,
1739 999 2049 1056 Judmornm

473 1088 748 1141 vesaniam
776 1104 839 1141 ex
867 1088 1089 1156 obliquo
1120 1089 1477 1159 perstringit;
1507 1097 1565 1142 nt
1595 1089 1687 1158 qui
1718 1104 1871 1143 suam
1906 1105 2052 1144 sem-

473 1192 569 1244 per
604 1176 936 1231 voluntatem
989 1180 1325 1232 constituere
1363 1171 2050 1248 satagentes,'divinasque

471 1266 615 1333 teges
670 1265 1111 1334 parvilacicntes,
1151 1267 1217 1320 de
1257 1267 1464 1321 Domini
1510 1268 1594 1322 sui
1640 1268 1851 1337 placitis
1883 1272 2048 1337 perti-

469 1357 676 1412 cicndis
714 1357 848 1412 nihil
880 1358 1174 1429 quidquam
1211 1359 1364 1426 pensi
1399 1358 1706 1415 haberent:
1746 1361 1872 1414 dum
1901 1361 2048 1415 enim

467 1459 622 1498 suum
652 1446 754 1502 huc
804 1446 921 1502 loco
969 1459 1276 1519 promptum
1311 1451 1643 1518 obsequendi
1687 1452 1923 1506 squiam
1957 1469 2048 1521 pa-

469 1536 574 1589 lam
618 1541 983 1606 commendat,
1040 1540 1254 1595 illorum
1320 1541 1669 1596 rebellionem
1735 1544 2047 1612 neutiquam

466 1629 698 1684 obseure
745 1630 975 1686 incusat.
1028 1631 1170 1699 Quin
1224 1643 1280 1687 et
1331 1634 1461 1689 alibi
1494 1650 1708 1705 quoque
1742 1636 2050 1692 eonomine

471 1719 588 1772 illus
621 1720 921 1788 insimulat,
963 1725 1110 1792 quod
1144 1725 1291 1788 odio.
1336 1725 1720 1795 insectatione,
1755 1729 2050 1798 iniquoqne

467 1810 672 1878 judicio
720 1827 785 1868 ex
831 1814 1080 1872 instituto
1122 1824 1317 1871 contra
1348 1833 1408 1874 se
1452 1820 1819 1876 desrevirent:
1864 1840 1882 1873 ι
1920 1820 2047 1884 Vas,

472 1901 668 1969 inquit,
687 1906 983 1960 secundum
1010 1907 1538 1976 caruemjudicatis;
1589 1925 1689 1982 ego
1730 1927 1835 1966 non
1860 1913 2048 1981 judico

469 2007 794 2063 quemquam
825 2012 840 2062 ;
877 2005 933 2052 et
969 1997 1013 2054 si
1040 1998 1225 2066 judico
1257 2014 1389 2071 ego,
1420 1999 1686 2069 judicium
1740 2018 1918 2058 meum
1958 2020 2047 2057 ve-

469 2097 586 2136 rum
615 2095 701 2141 est
734 2103 746 2138 :
781 2087 905 2157 quia
962 2104 1067 2143 non
1118 2106 1304 2160 quieru
1342 2091 1674 2147 voluntatem
1718 2109 1916 2160 meam,
1954 2095 2047 2149 sed

466 2174 795 2232 voluntatem
827 2180 943 2251 ejus
972 2183 1064 2251 qui
1097 2182 1243 2238 misit
1261 2200 1346 2239 me
1362 2184 1428 2239 δ’.
1455 2202 1474 2235 ι
1493 2183 1753 2254 Loquitur
1780 2202 1908 2257 ergo
1931 2187 2046 2243 bzec

464 2269 764 2323 secundqu
801 2274 984 2329 carnis
1015 2275 1500 2345 dispensationem.

538 2357 770 2415 XXVIII.
832 2363 936 2420 Sed
985 2381 1103 2434 age,
1161 2383 1305 2423 nunc
1354 2368 1584 2424 alterum
1642 2369 1772 2425 illud
1830 2385 2046 2442 quoque

462 2451 856 2515 expendamus.
910 2453 1044 2508 Cum
1103 2470 1134 2509 e
1186 2455 1327 2509 caalo
1368 2456 1737 2511 descendisset
1777 2466 1837 2510 ut
1883 2456 2042 2521 Dens,

464 2537 585 2591 illus
621 2555 651 2593 α
685 2541 842 2597 Patre
890 2545 993 2598 sibI
1032 2545 1190 2600 datos
1227 2545 1482 2611 allirmat,
1511 2548 1604 2616 qui
1647 2548 1699 2601 in
1740 2548 1886 2602 illum
1923 2565 2041 2604 crc-

462 2632 698 2697 derent;
735 2648 839 2687 non
874 2635 1035 2706 [50
1063 2647 1120 2690 ut
1152 2637 1273 2692 illos
1302 2639 1515 2705 perdat,
1555 2639 1650 2692 sed
1685 2650 1740 2693 ut
1771 2640 1823 2693 in
1858 2641 2042 2695 novis-

463 2723 608 2778 simo
663 2724 752 2779 die
800 2727 865 2779 ad
929 2728 1094 2781 vitam
1130 2731 1428 2785 exsuscitet
1451 2730 1516 2784 “.
1579 2729 1684 2785 Sed
1743 2746 1851 2800 quo
1886 2733 2043 2786 modo

461 2816 801 2871 exsuscitat?
830 2834 934 2872 non
965 2818 1071 2873 alio
1099 2835 1253 2884 sane,
1286 2836 1449 2891 quam
1484 2836 1581 2890 per
1610 2838 1764 2877 suam
1799 2838 1863 2876 ex
1900 2838 2045 2878 mor-

464 2906 574 2962 tuis
628 2910 1117 2969 resurrectionem.
1171 2911 1402 2982 Propriu
1455 2928 1689 2982 namque
1740 2915 1939 2983 templo
1987 2917 2043 2971 in

460 2999 624 3053 vitam
683 3003 971 3068 restituto,
1041 3007 1339 3075 mortisque
1397 3008 1623 3078 imperio
1671 3024 1767 3077 per
1812 3012 2045 3079 propria:

459 3094 643 3146 carnis
676 3106 906 3151 mortem
934 3097 1213 3163 demolito,
1244 3100 1493 3154 humanm
1517 3111 1723 3155 natura:
1755 3100 1820 3156 ad
1860 3118 2042 3158 resur-

1437 419 1498 475 ε.
1524 419 1801 475 CYRILLI
1841 419 2040 474 ALEXt

2147 420 2315 476 manu
2356 421 2675 479 metune.
3424 494 3425 499 γ

1558 549 1616 592 ιιι
1653 554 1881 608 corpore
1910 554 2035 608 quo:

2158 540 2295 611 ὅπερ
2330 541 2432 595 οὐκ
2451 536 2541 609 ἦν,
2572 540 2660 594 ἵνα
2694 540 2790 593 καὶ
2807 538 2930 601 δοὺς
2958 538 3035 609 τῷ
3072 536 3288 606 θανάτῳ
3311 534 3446 604 πρὸς
3475 533 3653 605 βραχὺ
3676 536 3741 587 τὸ

3581 418 3726 474 ιδῃ

2154 633 2354 687 ἑνωθὲν
2381 632 2530 702 αὐτῷ
2553 632 2713 703 σῶμα
2735 632 2830 685 καὶ
2849 631 2979 684 ἴδιον
3002 628 3189 693 αὑτοῦ,
3218 627 3420 699 μηδένα
3449 627 3690 695 ἀπολέσῃ
3713 624 3733 664 ί

2151 724 2262 777 τῶν
2294 723 2559 777 δοθέντων
2599 723 2770 793 αὐτῷ,
2811 722 3055 794 διασώσῃ
3096 722 3151 775 δὲ
3199 720 3422 790 μᾶλλον,
3456 718 3551 771 καὶ
3603 719 3736 771 ἀνα-

2155 818 2329 889 στήσῃ
2360 817 2558 880 αὐτοὺς
2592 818 2617 857 ε
2652 817 2711 869 ὲν
2744 818 2811 886 τῇ
2837 814 3043 885 ἐσχάτῃ
3066 813 3272 884 ἡμέρᾳ.
3313 813 3493 864 Ποιεῖν
3524 808 3622 879 μὲν
3642 804 3737 861 οὖν

2151 908 2328 975 λέγων
2360 908 2422 961 τὸ
2461 907 2677 978 θέλημα
2705 906 2802 960 τοῦ
2852 905 3086 977 Πατρὸς,
3123 904 3218 958 καὶ
3258 903 3381 972 οὐχὶ
3414 902 3478 970 δὴ
3514 902 3736 956 πάντως

2149 1000 2212 1053 τὸ
2235 999 2454 1064 ἑαυτοῦ,
2483 1000 2584 1063 τὰς
2625 999 2734 1054 τῶν
2772 998 3046 1053 Ἰουδαίων
3081 994 3340 1057 ἀπονοίας
3373 992 3603 1061 ἐλέγχει,
3644 991 3738 1043 καὶ

2153 1091 2487 1159 ὑποπλήττει
2521 1091 2789 1155 πλαγίως,
2833 1090 2911 1153 ὡς
2953 1089 3133 1143 ἀεὶτὸ
3172 1087 3302 1142 ἴδιον
3346 1084 3609 1145 ίστῶντας
3643 1082 3733 1136 θέ-

2152 1182 2323 1252 λημα,
2366 1183 2461 1236 καὶ
2497 1182 2608 1236 τῶν
2641 1183 2803 1236 θείων
2834 1181 3224 1252 ὑπερορῶντας
3255 1180 3457 1248 νόμωνν
3484 1177 3579 1230 καὶ
3603 1176 3735 1245 ’καθ’

2151 1273 2304 1326 οὐδὲν
2346 1273 2620 1328 ποιεῖσθαι
2648 1272 3031 1343 μεμεληκότας
3055 1270 3115 1324 τὸ
3139 1269 3218 1339 τῷ
3238 1267 3485 1337 Δεσπότῃ
3506 1265 3697 1319 δοκοῦν
3716 1281 3733 1297 ·

2153 1365 2333 1435 ἑαυτῷ
2356 1365 2465 1438 γάρ
2490 1368 2550 1420 ἐν
2578 1367 2789 1429 τούτοις
2811 1362 3256 1437 προσμαρτυρῶν
3288 1360 3349 1413 τὸ
3376 1359 3611 1429 εὐήνιον,
3635 1359 3735 1424 τῆς

2151 1458 2375 1511 ἐκείνων
2396 1456 2683 1521 ἀπειθείας
2714 1458 3031 1527 κατηγορεῖ.
3062 1453 3208 1523 Ἔφη
3238 1452 3347 1523 γάρ
3367 1466 3475 1505 που,
3498 1450 3594 1503 καὶ
3620 1449 3740 1501 ἑτέ-

2154 1547 2288 1618 ρωθι
2323 1549 2462 1615 πρὸς
2491 1548 2714 1612 αὐτοὺς,
2755 1547 2831 1611 ὡς
2859 1546 3078 1600 διώκειν
3102 1544 3406 1607 ἐθέλοντας,
3439 1541 3535 1595 καὶ
3558 1542 3739 1609 μισεῖν

2152 1637 2484 1709 ᾑρημένους,
2538 1638 2630 1691 καὶ
2659 1637 2845 1693 ἀδικον
2884 1637 2971 1693 ἐπ’
3012 1635 3163 1707 αὐτῷ
3189 1634 3287 1705 τὴν
3317 1635 3409 1689 ἐπὶ
3433 1633 3607 1702 τούτῳ
3630 1631 3736 1701 ψῆ-

2153 1747 2256 1797 φον
2285 1728 2658 1800 ἐκφέροντας·
2691 1748 2710 1780 ι
2761 1729 2951 1800 Ὑμεῖς
2984 1728 3124 1783 κατά
3161 1727 3258 1798 τὴν
3281 1728 3462 1797 σάρκα
3497 1726 3735 1795 κρίνετε,

2153 1818 2264 1887 ἐγὼ
2295 1822 2357 1873 οὑ
2380 1821 2549 1891 κρίνω
2567 1822 2758 1876 οὐδένα
2776 1837 2788 1851 ⁸
2822 1820 2915 1874 καὶ
2939 1818 3036 1873 ὲάν
3055 1818 3298 1890 κρίνωδὲ
3326 1817 3459 1885 ἐγὼ,
3491 1818 3523 1887 ἡ
3553 1814 3734 1885 κρίσις

2153 1913 2185 1980 ἡ
2216 1911 2324 1982 ἐμὴ
2346 1911 2532 1966 δικαία
2564 1912 2739 1967 ἐστίν’
2773 1912 2855 1966 ὃτι
2886 1912 2946 1965 οὐ
2976 1910 3124 1981 ζητῶ
3157 1910 3218 1963 τδ
3247 1909 3462 1977 θέλημα
3493 1906 3554 1959 τὸ
3578 1908 3733 1975 ἐμὸν,

2151 2003 2286 2057 ἀλλὰ
2314 2005 2375 2057 τὸ
2399 2004 2612 2075 θέλημα
2654 2003 2748 2056 τοῦ
2782 2003 3101 2073 πέμψαντός
3143 2019 3233 2073 με.
3271 2019 3290 2052 ι
3337 1997 3546 2054 οὐκοῦν
3584 1998 3731 2051 οἱκο-

2151 2093 2392 2164 νομικῶς
2420 2093 2488 2147 τά
2513 2093 2692 2149 τοιάδε
2724 2092 2881 2164 φησί.

2220 2379 2357 2433 KH'.
2397 2378 2546 2448 Πλὴν
2585 2378 2765 2430 ἐκεῖνο
2794 2377 2925 2447 φέρε
2955 2375 3043 2446 δὴ,
3078 2373 3213 2445 φέρε
3252 2373 3729 2445 καταθρήσωμενο

2162 2470 2251 2535 Ἐξ
2272 2469 2506 2542 οὐρανοῦ
2529 2468 2770 2533 καταϐὰς
2794 2468 2871 2532 ὼς
2892 2466 3048 2532 Θεὸς,
3074 2466 3322 2521 δεδόσθαι
3353 2468 3520 2537 φησιν
3550 2463 3732 2532 ἑαυτῷ

2149 2561 2302 2632 παρὰ
2332 2558 2428 2614 τοῦ
2466 2560 2682 2633 Πατρδς
2712 2561 2841 2623 τοὺς
2875 2560 2955 2622 εἰς
2986 2559 3150 2613 αὐτὸν
3189 2558 3608 2620 πιστεύσαντας.
3641 2557 3734 2608 ἴνα

2151 2651 2227 2719 μὴ
2256 2649 2524 2721 ἀπολέσῃ,
2561 2648 2714 2722 σώσῃ
2745 2649 2801 2701 δὲ
2836 2649 3036 2717 μᾶλλον
3066 2647 3285 2713 αὐτοὺς,
3317 2648 3413 2700 καὶ
3447 2646 3730 2716 ἀναστήσῃ

2146 2744 2213 2812 τῇ
2253 2741 2460 2813 ἐσχάτῃ
2488 2740 2695 2813 ἡμέρᾳ.
2754 2740 2878 2804 Πῶς
2904 2734 3000 2793 οὖν
3029 2738 3330 2809 ἀνέστησεν
3349 2778 3366 2802 ,
3418 2739 3451 2807 ἢ
3484 2737 3732 2803 δηλονότι

2145 2830 2233 2885 διὰ
2256 2831 2357 2902 τῆς
2388 2831 2522 2895 ἰδίας
2551 2831 2905 2894 ἀναστάσεως
2930 2829 3032 2900 τῆς
3062 2830 3127 2882 ἔκ
3144 2827 3372 2897 ονεκρῶν
3396 2845 3412 2894 ;
3448 2828 3732 2896 Ζωοποιή-

2147 2941 2247 2987 σας
2279 2924 2388 2993 γὰρ
2446 2922 2541 2976 καὶ
2592 2921 2698 2992 πρό
2733 2938 2798 2989 γε
2846 2920 2955 2973 τῶν
3003 2920 3181 2973 ἄλλων
3215 2919 3307 2972 τὸν
3341 2918 3543 2972 ἑαυτοῦ
3577 2918 3729 2979 ναὸν,

2146 3015 2241 3068 καὶ
2278 3014 2339 3068 τὸ
2375 3011 2471 3066 τοῦ
2510 3012 2743 3067 θανάτου
2781 3010 3114 3073 κατασείσας
3149 3010 3351 3082 κράτος
3382 3009 3471 3063 διὰ
3501 3008 3596 3063 τοῦ
3631 3010 3732 3063 θα-

2144 3108 2305 3160 νάτου
2332 3106 2433 3175 τῆς
2466 3105 2601 3168 ιδίας
2638 3104 2867 3175 σαρκὸς,
2899 3105 3019 3167 ὁδὸς
3065 3102 3256 3171 γέγονε
3296 3105 3362 3172 τῇ
3411 3102 3734 3173 ἀνθρωπεία.

461 3186 783 3252 rectionem,
811 3204 1020 3243 necnon
1047 3192 1116 3246 ad
1149 3191 1499 3247 obtinendam
1527 3203 1715 3247 contra
1740 3196 2040 3261 corruptio-

2147 3200 2307 3269 φύσει
2333 3197 2470 3267 πρὸς
2508 3197 2829 3260 ἀνάστασιν,
2864 3196 2959 3249 καὶ
2990 3194 3126 3266 πρός
3156 3211 3220 3262 γε
3244 3194 3305 3247 τὸ
3329 3193 3589 3247 δύνασθαι
3623 3193 3735 3245 λοι-

460 3289 581 3330 nem
629 3279 933 3344 victoriam,
986 3284 1127 3337 viam
1178 3285 1428 3339 munivit.
1478 3284 1636 3340 Verbi
1688 3285 1873 3357 itaque
1922 3288 2036 3351 Dei,

460 3370 601 3436 quod
637 3386 667 3425 e
700 3373 840 3428 cmlo
872 3375 1174 3441 drscendit,
1214 3377 1267 3430 id
1305 3379 1584 3447 proprium
1623 3389 1726 3441 est,
1764 3396 1859 3446 per
1892 3382 2036 3448 quod

459 3459 850 3530 primogenitus
890 3480 954 3520 ex
1010 3468 1237 3522 mortuis
1258 3465 1305 3498 "‘
1355 3468 1554 3521 factum
1604 3471 1861 3538 estiqno
1909 3472 2038 3526 illud

459 3551 741 3619 nimirum,
787 3558 932 3624 qttnd
988 3557 1086 3625 ipsi
1135 3561 1394 3612 donatum
1453 3569 1557 3620 est,
1617 3575 1722 3614 una
1768 3577 1890 3616 cum
1946 3563 2038 3617 illo

459 3644 894 3711 exsuscitatum,
950 3658 1170 3715 propter
1231 3650 1551 3717 protoplasti
1616 3652 2034 3707 inobedientiam

461 3749 566 3786 non
614 3735 846 3804 amplius
888 3748 1094 3807 pereat,
1136 3741 1229 3794 sed
1280 3751 1499 3811 propter
1529 3743 1728 3798 Christi
1780 3745 2039 3800 obedien-

458 3825 614 3887 tiam,
644 3827 871 3882 salutem
897 3839 951 3884 et
983 3831 1144 3885 vitam
1174 3842 1431 3888 astcrnam
1469 3836 1731 3891 obtineat.
1765 3838 2034 3893 (Steterunt

459 3928 518 3968 ut
548 3918 706 3972 homo
743 3917 942 3974 factum
978 3932 1084 3987 est,
1119 3939 1213 3978 eos
1246 3926 1348 3979 sibi
1386 3925 1543 3980 datos
1571 3927 1724 3991 dicit,
1754 3929 1846 3997 qui
1874 3929 2033 3984 Iidem

456 4006 510 4060 in
548 4008 721 4078 ipsum
770 4014 1060 4081 recipiunt.
1107 4014 1240 4069 Nam
1289 4018 1618 4088 omniaquae
1652 4019 1829 4076 Patris
1885 4032 2030 4087 sunt,

456 4097 945 4172 haneditariojure
996 4109 1253 4175 possidet.
1289 4108 1585 4180 Postquam
1633 4127 1764 4166 vero
1784 4116 1873 4181 (ut
1896 4114 2032 4184 dixi)

454 4192 606 4246 carni
637 4204 692 4250 et
732 4199 981 4266 sanguini
1013 4202 1440 4256 conmmnicavit
1465 4204 1532 4270 “,
1558 4213 1613 4257 et
1642 4217 1741 4258 nos
1778 4205 1830 4257 in
1859 4205 2031 4273 ipsum

363 4293 373 4301 '
456 4292 517 4334 ut
548 4283 600 4335 in
630 4285 798 4339 Deum
828 4289 1178 4355 credidimus,
1220 4292 1289 4347 ob
1318 4293 1374 4348 id
1410 4292 1613 4348 factum
1642 4304 1746 4359 est,
1779 4305 1833 4348 ut
1865 4296 2034 4349 duna-

459 4373 621 4429 tionis
656 4393 849 4431 nomen
881 4380 928 4433 ei
963 4382 1249 4440 tribuatur.
1281 4383 1415 4439 Nam
1448 4385 1689 4454 quiante
1724 4396 2032 4453 susceptam

453 4483 674 4523 carnem
711 4472 1032 4540 imperabat,
1075 4475 1119 4529 is
1152 4476 1321 4530 etiam
1353 4492 1519 4531 carne
1560 4477 1781 4532 indutus
1806 4493 2030 4546 regnum

2147 3292 2248 3345 πδν
2279 3289 2752 3359 κατευμεγεθῆσαι
2786 3288 3178 3359 φθορᾶτ.”ιδιον
3193 3283 3261 3357 ἦν
3295 3287 3403 3357 ἄρα
3433 3286 3528 3339 τοῦ
3560 3302 3733 3339 κατα-

2148 3384 2503 3453 φοιτήσαντος
2560 3379 2618 3446 ἐξ
2683 3376 2916 3449 οὐρανοῦ
2971 3376 3108 3430 Θεοῦ
3186 3378 3360 3445 Λόγου
3431 3376 3492 3431 τὸ
3553 3375 3622 3429 δι’
3668 3367 3733 3427 οὗ

2145 3476 2335 3543 γέγονε
2370 3471 2718 3542 πρωτότοκος
2747 3471 2810 3522 ἐκ
2840 3469 3070 3540 νεκρῶν·
3116 3469 3206 3522 ἴνα
3242 3469 3337 3521 καὶ
3371 3468 3733 3537 ἐγηγερμένῳ

2146 3562 2522 3634 κατακολουθῇ
2568 3562 2707 3633 πρὸς
2738 3561 2884 3632 ζωὴν
2935 3562 2998 3615 τὸ
3025 3561 3178 3614 δοθὲν
3214 3560 3388 3629 αὐτῷ.
3421 3561 3607 3613 οὐκέτι
3641 3560 3731 3612 διὰ

2144 3658 2244 3729 τὴν
2267 3654 2360 3708 τοῦ
2389 3652 2819 3726 πρωτοπλάστου
2850 3652 3166 3723 παράϐασιν
3200 3652 3599 3721 ἀπολλύμενον,
3626 3670 3731 3704 σω-

2145 3752 2373 3821 ζόμενον
2409 3751 2468 3804 δὲ
2517 3749 2719 3819 μᾶλλον
2756 3748 2848 3801 διὰ
2899 3747 2999 3819 τὴν
3045 3749 3296 3818 ὑπακοὴν
3335 3746 3431 3800 τοῦ
3465 3748 3726 3815 Χριστοῦ.

2145 3841 2402 3896 Δεδόσθαι
2435 3841 2492 3894 δέ
2524 3856 2690 3910 φησιν
2723 3838 2901 3909 ἑαυτῷ
2933 3839 3059 3900 τοὺς
3103 3837 3201 3908 τὴν
3238 3840 3319 3900 είς
3350 3840 3511 3891 αὑτὸν
3547 3838 3731 3891 πίστιν

2144 3934 2535 4004 προσιεμένους
2571 3931 2757 3996 πάλιν,
2788 3929 2863 3994 ὡς
2897 3929 3184 3999 ἄνθρωπος
3213 3930 3475 3997 γεγονώς.
3512 3931 3730 3999 κλῆρος

2145 4025 2246 4094 μὲν
2273 4024 2383 4095 γάρ
2419 4023 2549 4087 ίδιος
2582 4021 2734 4092 αὑτῷ
2782 4023 2961 4075 πάντα
2995 4020 3064 4074 τά
3094 4020 3192 4074 τοῦ
3226 4022 3456 4091 Πατρός.
3506 4021 3731 4090 Ἐπειδὴ

2141 4112 2219 4177 δὲ,
2248 4113 2324 4175 ὡς
2353 4111 2511 4179 ἔφην,
2543 4111 2815 4182 μετέσχεν
2842 4112 3074 4181 αἵματος
3101 4111 3196 4164 καὶ
3231 4112 3455 4182 σαρκὸς,
3486 4107 3606 4165 εἶτα
3633 4128 3732 4164 πε-

2142 4201 2520 4274 πιστεύκαμεν
2549 4202 2625 4265 ὡς
2648 4201 2788 4272 Θεῷ,
2819 4202 2992 4274 ταύτῃ
3013 4219 3095 4256 τοι
3112 4202 3175 4255 τὸ
3205 4204 3303 4271 τῆς
3328 4202 3527 4265 δόσεως
3553 4203 3731 4271 ὄνομα

2141 4292 2627 4365 παρεισκρίνεται·
2663 4291 3020 4362 βεϐασίλευκε
3069 4293 3179 4363 γὰρ
3237 4292 3395 4362 ἡμῶν
3443 4295 3539 4347 καὶ
3587 4296 3728 4364 μετὰ

2143 4385 2369 4456 σαρκὸς,
2406 4389 2436 4440 ὁ
2463 4386 2560 4440 καὶ
2593 4386 2701 4455 πρὸ
2733 4387 2905 4456 αὐτῆς
2935 4386 3206 4456 βασιλεύς.
3235 4387 3344 4440 Καὶ
3375 4386 3507 4453 γοῦν
3537 4387 3613 4450 ὠς
3647 4388 3728 4450 εἰς

2140 4477 2237 4548 τὴν
2270 4476 2363 4530 τοῦ
2394 4478 2592 4547 χρῆναι
2624 4478 2934 4547 βασιλεύειν
2983 4479 3158 4549 ἀρχὴν
3193 4479 3682 4548 είσκεκομισμένος
3704 4521 3720 4544 ,

452 4561 506 4614 in
538 4578 636 4618 nos
665 4566 917 4619 obtinuit.
947 4565 1021 4620 Ita
1065 4568 1153 4621 ubi
1198 4567 1429 4636 primum
1459 4566 1694 4622 Verbum
1733 4568 1896 4621 homo
1933 4584 2031 4620 nn-

2147 4568 2229 4622 ὅτε
2256 4567 2448 4635 γέγονε
2481 4567 2601 4621 καθ’
2640 4569 2808 4637 ἡμᾶς,
2858 4587 2874 4619 ι
2916 4568 3119 4639 Κύριος
3144 4610 3158 4632 ,
3199 4569 3388 4639 φησὶν,
3425 4565 3549 4622 εἷπε
3590 4570 3725 4640 πρός

452 4648 550 4701 stri
579 4648 772 4705 similis
796 4651 995 4707 factum
1024 4666 1127 4719 est,
1158 4670 1216 4709 ut
1248 4654 1612 4727 principatum
1648 4656 1701 4710 in
1748 4672 1845 4710 nos
1869 4670 2024 4726 gere-

453 4750 553 4805 t'ct,
590 4742 967 4814 inungui-alunt
1006 4758 1085 4802 est
1121 4766 1135 4802 :
1173 4767 1193 4800 ι
1226 4748 1488 4803 Dominus
1521 4748 1740 4819 (inquit)
1783 4749 1922 4803 dixit
1959 4748 2026 4801 ad

452 4848 537 4886 me
569 4850 582 4886 :
614 4834 781 4891 Filius
824 4853 976 4894 meus
1021 4855 1082 4897 es
1134 4851 1217 4907 tu;
1256 4856 1357 4911 ego
1399 4842 1559 4897 hodie
1615 4842 1779 4912 genui
1827 4853 1881 4898 te
1904 4842 1970 4896 “.
2003 4862 2022 4894 ι

2141 4675 2227 4726 με·
2264 4658 2391 4721 Υἱός
2426 4675 2530 4728 μου
2565 4655 2617 4711 εἴ
2651 4660 2740 4723 σὺ,
2775 4657 2888 4726 ἐγὼ
2923 4659 3166 4729 σήμερον
3212 4659 3522 4729 γεγέννηκά
3572 4676 3653 4711 σε.
3699 4678 3718 4710 ι

2134 4750 2357 4820 Δέχεται
2405 4750 2583 4803 τοίνυν
2616 4750 2970 4821 ἀνθρωπίνως
3003 4752 3072 4804 τὰ
3119 4752 3335 4819 ἑαυτοῦ,
3366 4753 3545 4805 καίτοι
3591 4770 3719 4806 κατ-

2134 4841 2463 4905 εξουσιάζων
2492 4843 2606 4894 τῶν
2634 4843 2774 4896 ὅλων
2803 4843 2879 4907 ὡς
2908 4843 3063 4905 θεός.

450 4926 707 4988 Qnainvis
750 4944 878 4998 ergo
916 4941 972 4984 ut
1011 4933 1149 4988 Deus
1181 4936 1433 4991 omnibus
1501 4936 1846 4999 dominetur;
1914 4944 2092 4988 tamen
2135 4935 2433 4989 secundum
2488 4935 2780 4988 humanum
2831 4944 3106 4998 naturam,
3159 4951 3281 5005 quae
3323 4952 3422 4990 sua
3477 4939 3719 5008 alioquin

441 5028 627 5087 erant,
658 5024 938 5091 accepisse
967 5026 1186 5082 dicitur.

623 5132 703 5187 De
749 5135 948 5189 Christi
989 5139 1443 5206 sanctiﬁcatione,
1503 5142 1843 5210 ejusdemque

1070 5211 1386 5264 sacerdotio.

522 5316 713 5372 XXIX.
762 5334 780 5368 ι
817 5318 1052 5374 Decebat
1085 5320 1228 5373 enim
1276 5337 1419 5387 cum,
1450 5334 1671 5391 propter
1701 5337 1858 5391 quem
1905 5338 2022 5376 om-

2132 5140 2273 5208 Περὶ
2313 5139 2417 5194 τοῦ
2457 5138 2738 5207 viridam“
2797 5139 2904 5192 τὸν
2946 5140 3226 5204 Χριστὸν,
3280 5136 3379 5194 καί
3425 5139 3537 5206 τῆς
3586 5141 3715 5193 κατ’

2449 5209 2637 5263 αὑτὸν
2660 5208 2999 5277 νοουμένης
3037 5211 3390 5277 ἱερωσύνης.

2202 5321 2330 5375 ιιι-ι’.
2374 5341 2393 5375 ι
2433 5323 2683 5392 Ἐπρεπε
2730 5321 2838 5391 γὰρ
2869 5320 3030 5374 αὑτὸν
3061 5322 3115 5389 ιι,
3165 5320 3235 5374 δι’
3284 5321 3345 5374 ὃν
3382 5320 3452 5375 τὰ
3489 5321 3670 5375 πάντα
3698 5361 3713 5386 ,

518 5492 561 5528 ⁸³
603 5494 760 5550 Joan.
802 5513 922 5564 Vttt,
955 5497 1153 5565 15,16.
1232 5497 1527 5563 “Joan.t't,
1567 5500 1654 5554 59.
1731 5501 1776 5531 “
1814 5501 2019 5556 Coloss.

2147 5501 2218 5556 [3.
2318 5500 2366 5535 δ’
2397 5501 2557 5558 IIebr.
2587 5518 2644 5566 ιι,
2678 5501 2757 5555 14.
2836 5500 2881 5532 ⁸⁸
2914 5500 3050 5555 Psal.
3089 5516 3148 5568 ιι,
3198 5500 3263 5567 7;
3313 5499 3474 5557 lIebr.
3503 5514 3543 5565 ι,
3585 5498 3638 5553 5.

1541 5681 1712 5735 Varia:
1741 5682 1994 5739 lectiones
2017 5685 2219 5739 colicis
2251 5681 2608 5751 chuietiani.

523 5835 543 5875 ί
584 5835 754 5908 μηδὲν
785 5838 1136 5910 ἀπολέσηται.
1215 5849 1241 5887 ι
1272 5841 1419 5895 αὐτὸ.
1498 5842 1525 5881 ιι
1558 5840 1763 5912 nimii.»
