4076 6420
327 460 468 515 ίὸτδ

1130 457 1224 512 AD
1264 455 1563 514 REGINAS
1600 456 1687 512 DE
1728 455 1958 511 RECTA
2002 457 2156 512 FIDE
2194 456 2457 513 ORATIO
2496 456 2796 512 ALTERA.

3362 466 3379 477 ·”
3458 456 3562 511 157

323 571 422 624 καὶ
465 571 532 625 δι’
564 565 625 627 οὗ
655 573 723 627 τά
754 574 930 629 πάντα
952 614 967 639 ,
998 572 1229 637 πολλοὺς
1260 574 1410 638 υἱοὺς
1455 575 1535 636 εἰς
1577 572 1738 638 δόξαν
1769 574 1905 640 ἀγα-

2021 573 2121 637 nia,
2165 583 2216 629 et
2253 589 2350 643 per
2377 590 2539 642 quem
2586 575 2790 635 omnia,
2842 571 2932 640 qui
2970 572 3168 625 mullos
3218 570 3357 624 filios
3387 570 3438 623 in
3485 571 3597 638 glo-

322 662 492 730 γόντα
518 664 563 727 ι,
590 663 681 716 τὸν
715 665 957 735 ἀρχηγὸν
990 664 1091 734 τῆς
1122 664 1397 735 σωτηρίας
1443 664 1625 718 αὐτῶν
1671 665 1760 718 διὰ
1799 683 1904 717 πα-

324 754 589 823 θημάτων
616 754 921 809 τελειῶσαι.
953 755 1021 809 ’Ὀ
1040 772 1099 809 τε
1129 756 1237 827 γὰρ
1267 756 1512 824 ἁγιάζων
1541 758 1638 811 καὶ
1666 758 1716 810 οί
1745 756 1903 824 ἁγια-

321 844 563 915 ζόμενοι,
597 846 657 911 ἐξ
683 846 801 911 ἑνὸς
831 847 1032 911 πάντες
1052 862 1065 876 ·
1098 846 1166 901 δι’
1201 847 1267 918 ἢν
1295 846 1477 900 αἰτίαν
1504 849 1605 902 οὐκ
1639 846 1904 916 ἐπαισχύ-

322 954 473 990 νεται
516 937 780 1007 ἀδελφοὺς
826 939 1023 1003 αὐτοὺς
1067 938 1283 1002 καλεῖν,
1333 939 1529 1008 λέγων·
1581 937 1906 1006 Ἀπαγγελῶ

321 1029 384 1082 τὸ
414 1029 585 1100 ὄνομά
616 1048 711 1083 σου
739 1032 851 1093 τοῖς
880 1030 1130 1099 ἀδελφοῖς
1161 1048 1260 1101 μου
1294 1071 1309 1093 ,
1339 1033 1397 1085 ὲν
1424 1032 1577 1102 μέσῳ
1606 1031 1906 1101 ἐκκλησίας

323 1119 555 1189 ὑμνήσω
601 1137 682 1173 σε.
724 1138 742 1171 ι
789 1121 1006 1175 Οῖονται
1052 1122 1195 1191 τάχα
1223 1138 1327 1174 που
1370 1122 1479 1177 τῶν
1516 1122 1905 1193 ἀμαθεστέρων

321 1209 502 1272 τινὲς,
544 1210 639 1261 καὶ
678 1208 907 1279 διαιρεῖν
940 1209 1211 1262 εἰωθότων
1252 1210 1334 1273 είς
1370 1208 1466 1262 δύο
1503 1209 1776 1280 Χριστοὺς
1809 1208 1906 1260 καὶ

322 1300 406 1359 είς
426 1297 519 1352 δύο
550 1299 702 1361 υἱοὺς
735 1299 827 1352 τὸν
859 1298 958 1353 ἕνα
992 1298 1193 1370 Κύριον
1256 1298 1464 1369 Ἰησοῦν
1510 1296 1746 1369 Χριστὸν
1770 1335 1785 1359 ,
1814 1311 1907 1347 τε-

321 1390 613 1460 λειωθῆναι
643 1379 899 1459 λὲγεσθιίι
932 1390 1020 1444 διά
1048 1389 1392 1462 παθημάτων
1422 1389 1515 1443 τὸν
1560 1390 1625 1442 ὲκ
1649 1386 1907 1457 γυναικὸς

321 1481 611 1552 ἄνθρωπον
639 1480 745 1552 ἰδίᾳ
769 1482 1079 1551 νοούμενον,
1114 1484 1208 1534 καὶ
1234 1481 1358 1551 δίχα
1390 1480 1485 1533 τοῦ
1514 1482 1579 1533 ὲκ
1607 1478 1745 1533 Θεοῦ
1789 1479 1905 1531 Πα-

321 1571 451 1641 τρὸς
478 1571 635 1635 ὄντος
665 1572 843 1640 Λόγου
870 1613 885 1639 ,
908 1572 1004 1625 καὶ
1031 1570 1195 1625 αὐτὸν
1219 1570 1479 1641 λέγεσθαι
1508 1572 1605 1641 τῆς
1632 1569 1906 1640 σωτηρίας

321 1662 482 1733 ἡμῶν
505 1662 596 1714 τὸν
626 1663 890 1734 ἀρχηγόν.
930 1662 1325 1717 Τετελειῶσθαι
1358 1663 1415 1717 δὲ
1441 1665 1571 1733 παρ’
1617 1661 1781 1716 αὑτοῦ
1812 1661 1906 1715 τοῦ

321 1751 460 1805 θεοῦ
487 1753 666 1821 Λόγου
698 1754 921 1808 δοθέντα
954 1754 1090 1826 πρὸς
1126 1755 1189 1808 τὸ
1213 1755 1384 1818 πάθος
1417 1752 1431 1804 i
1486 1754 1563 1817 ὡς
1598 1753 1781 1824 ἕτερον
1814 1752 1909 1805 ίδι-

323 1845 458 1908 κῶς.
500 1846 739 1916 Πρέπειν
776 1846 887 1918 γὰρ
925 1848 1075 1918 αὐτῴ
1100 1848 1164 1920 δὴ
1197 1847 1435 1918 μάλιστά
1477 1864 1611 1916 φασι
1645 1846 1724 1915 τῷ
1756 1846 1824 1899 δι’
1851 1845 1910 1898 ὃν

2010 666 2147 719 riam
2192 661 2517 731 adduferat,
2559 675 2833 719 auctorem
2875 663 3069 717 salutis
3105 678 3294 717 eorum
3341 677 3439 732 per
3466 677 3589 731 pas-

2009 756 2190 811 siones
2228 772 2632 811 consummare.
2680 755 2782 822 Qui
2835 757 2977 810 enim
3026 754 3353 821 sanctificat,
3408 765 3463 809 et
3503 754 3593 825 qui

2008 847 2442 914 Sanctificantur,
2487 862 2553 901 ex
2594 861 2702 900 uno
2745 862 2955 901 omnes.
2989 846 3217 915 Propter
3255 861 3416 915 quam
3460 864 3617 921 can:

2008 951 2124 991 sam
2180 953 2286 991 non
2338 936 2688 992 confunditur
2722 938 2919 990 fratres
2968 950 3062 991 eos
3111 952 3325 1003 vocare,
3360 937 3589 992 dicens:

2009 1028 2362 1083 Anuuntiabo
2394 1044 2590 1084 nomen
2639 1039 2786 1083 tuum
2828 1028 3087 1083 fratribus
3129 1029 3283 1093 meis,
3330 1028 3382 1081 in
3415 1030 3591 1081 medio

2008 1114 2252 1171 ecclesiae
2279 1116 2508 1170 laudabo
2525 1124 2576 1171 te
2599 1117 2665 1170 ⁸⁷.
2701 1135 2719 1167 ι
2756 1116 3046 1180 lludiores,
3076 1117 3166 1186 qui
3189 1114 3471 1170 Dominutn
3497 1133 3590 1171 nt)—

2006 1215 2176 1261 strum
2199 1206 2385 1262 Jesnm
2421 1207 2699 1262 Christum
2728 1207 2864 1261 duos
2897 1208 3146 1262 Christos
3178 1208 3511 1277 totidemque
3535 1209 3590 1260 ti-

2007 1298 2108 1353 lios
2124 1313 2222 1354 suo
2238 1314 2386 1353 more
2404 1299 2671 1365 dividunt,
2687 1302 3028 1355 arbitrantur
3043 1299 3293 1355 fortassis
3314 1302 3586 1355 hominem

2007 1406 2073 1446 ex
2095 1392 2319 1446 muliere
2344 1405 2552 1457 natum,
2585 1407 2826 1446 seorsum
2848 1407 2942 1459 per
2964 1408 3043 1457 se,
3071 1394 3170 1447 hoc
3191 1404 3293 1454 est.
3318 1409 3347 1445 a
3370 1392 3459 1447 Dei
3485 1393 3588 1446 Pa—
3676 1440 3679 1445 .

2010 1484 2110 1537 tris
2143 1482 2320 1537 Verbo
2350 1485 2676 1549 sejunctum,
2711 1482 2865 1552 151
2897 1498 2990 1551 per
3022 1485 3300 1552 passiones
3333 1484 3421 1537 hic
3453 1499 3587 1537 con-

2009 1585 2333 1627 summatum
2379 1574 2686 1641 praedicari,
2739 1574 3100 1642 eumdemque
3149 1573 3340 1627 salutis
3389 1582 3587 1625 nostra:

2010 1672 2287 1718 auctorem
2318 1663 2419 1717 hoc
2447 1662 2564 1716 loco
2586 1662 2845 1730 appellari
2868 1678 2884 1726 ;
2911 1672 3351 1716 consummatum
3379 1672 3587 1727 autem,

2010 1763 2066 1807 et
2100 1754 2343 1821 passioni
2374 1753 2537 1808 veluti
2574 1753 2805 1807 alterum
2837 1754 3147 1823 quempiam
3184 1768 3212 1807 a
3253 1767 3331 1820 se,
3367 1754 3432 1806 ab
3472 1753 3589 1821 ipso

2014 1844 2189 1900 Verbo
2217 1845 2485 1914 obiectum
2508 1859 2649 1901 esse.
2671 1844 2802 1898 Nam
2829 1846 2979 1911 illud,
3019 1863 3037 1895 ι
3082 1856 3303 1914 pr0pter
3342 1860 3500 1913 queat
3536 1854 3589 1898 et

324 1938 392 1990 τά
426 1936 605 1991 πάντα
636 1939 733 1992 καὶ
760 1939 825 1991 δι’
856 1932 917 1992 οὗ
945 1940 1013 1992 τά
1046 1939 1246 2005 πάντα,
1279 1939 1370 1993 διά
1395 1956 1477 1992 τοι
1506 1939 1569 1991 τὸ
1598 1939 1766 2007 φάναι
1814 1937 1907 1990 τὸν

2021 1952 2107 2005 per
2150 1951 2309 2006 quem
2345 1936 2550 2000 omnia,
2581 1954 2599 1987 ι
2652 1935 2870 2004 proprie
2891 1937 2941 1989 in
2971 1935 3098 1989 illud
3126 1934 3436 2001 convenire,
3484 1934 3586 1987 hoc

327 2026 601 2097 μακάριον
638 2028 1055 2100 εὐαγγελιστήνυ
1090 2048 1109 2080 ι
1141 2031 1324 2084 Πάντα
1359 2029 1427 2083 δι’
1457 2028 1622 2084 αὑτοῦ
1650 2031 1901 2096 ἐγένετο.

325 2119 422 2171 καὶ
470 2119 640 2189 χωρὶς
684 2120 850 2173 αὐτοῦ
896 2122 1112 2189 ἐγένετο
1137 2122 1259 2175 οὐδὲ
1289 2122 1369 2177 ἓν.
1408 2140 1426 2173 ι
1473 2150 1545 2161 -
1596 2142 1614 2172 ι
1656 2121 1906 2191 Ἔπρεπε

325 2210 528 2269 τοίνυν.
554 2210 689 2279 φασὶ
714 2251 728 2275 ,
766 2210 844 2281 τῷ
889 2212 1071 2282 Λόγῳ,
1104 2213 1172 2267 δι’
1200 2212 1259 2265 ὃν
1289 2212 1357 2266 τά
1405 2213 1585 2266 πάντα
1618 2212 1715 2265 καὶ
1748 2211 1816 2264 δι’
1847 2204 1909 2265 οἶ)

325 2304 396 2356 τὲι
442 2303 659 2368 πάντα,
689 2305 919 2368 πολλοὺς
964 2307 1113 2370 υἱοὺς
1143 2307 1224 2370 είς
1271 2306 1429 2370 δόξαν
1478 2305 1774 2375 ἀγαγόντι,
1820 2305 1910 2358 τὸν

334 2397 576 2466 ἀρχηγὸν
601 2395 702 2466 τῆς
735 2397 1006 2467 σωτηρίας
1034 2398 1235 2464 αὐτῶν,
1267 2418 1286 2449 ι
1321 2398 1599 2452 τουτέστιν
1622 2395 1912 2468 ἄνθρωπον

334 2486 545 2550 ἁπλῶς,
570 2487 661 2541 τὸν
689 2488 776 2543 διά
804 2489 903 2557 τῆς
930 2489 1090 2554 ἁγίας
1123 2488 1423 2559 Παρθένου,
1454 2506 1472 2538 ι
1505 2487 1794 2541 τελειῶσαι
1823 2486 1914 2540 διὰ

333 2577 695 2647 παθημάτων.
758 2597 776 2629 ι
855 2580 977 2631 Ὅτι
1022 2578 1079 2631 δέ
1130 2581 1279 2631 ἐστιν
1322 2575 1722 2648 ὲμόροντησίας
1777 2577 1911 2630 ἀνά-

331 2669 510 2732 πλεως
550 2670 590 2723 ,ό
623 2669 780 2738 λόγος
831 2671 1013 2735 αὐτοῖς
1037 2711 1052 2737 ,
1108 2668 1185 2732 ὡς
1226 2668 1306 2721 ἔνι
1337 2668 1435 2722 κα)⁸
1469 2667 1565 2722 νῦν
1596 2666 1913 2735 καταδεῖξαι

330 2762 688 2831 πειράσομαι.

403 2941 481 2995 Δ’.
526 2941 748 3013 Πρῶτον
785 2942 886 3013 μὲν
935 2942 1048 3014 γάρ
1093 2941 1193 3008 τὸ,
1224 2940 1299 2994 δι’
1346 2936 1440 3006 οὗ,
1479 2942 1574 2996 καὶ
1619 2942 1705 2995 ἐπ’
1746 2939 1915 2995 αὐτοῦ

328 3034 569 3088 τέθειται
603 3034 697 3088 τοῦ
733 3034 968 3106 Πατρός.
1005 3035 1115 3089 Καὶ
1141 3033 1274 3103 γοῦν
1312 3034 1340 3086 ὁ
1376 3034 1648 3104 μακάριος
1679 3034 1914 3101 Παῦλος,

338 3145 357 3179 ι
393 3127 612 3190 Πιστὸς,
648 3127 835 3197 φησὶν,
875 3128 904 3180 ό
932 3127 1099 3189 Θεὸς,
1122 3127 1189 3179 δι’
1225 3120 1287 3180 οὗ
1317 3124 1586 3197 ἐκλήθητε
1617 3127 1697 3190 εἰς
1722 3144 1917 3179 κοινω-

331 3219 453 3273 νίαν
476 3218 571 3271 τοῦ
602 3217 735 3273 Υἱοῦ
778 3217 969 3273 αὐτοῦ.
1009 3237 1027 3270 ι
1068 3218 1180 3273 Καὶ
1213 3218 1375 3273 πάλιν
1401 3221 1516 3281 τοῖς
1562 3218 1650 3271 διὰ
1680 3218 1918 3281 πίστεως

2017 2026 2292 2098 (lnqttittnt
2321 2026 2417 2097 illi)
2451 2042 2517 2082 ex
2549 2027 2711 2082 beato
2740 2029 3069 2097 evangelista
3103 2027 3382 2081 evidenter
3409 2025 3586 2095 colligi

2015 2128 2210 2189 potest.
2244 2120 2331 2173 Ait
2355 2120 2499 2174 enim
2530 2138 2543 2174 :
2582 2140 2600 2173 ι
2632 2120 2825 2176 Omnia
2855 2136 2950 2188 per
2985 2121 3159 2189 ipsum
3191 2119 3328 2173 facta
3360 2129 3506 2181 sunt,
3537 2127 3591 2169 et

2013 2213 2131 2268 sine
2166 2213 2283 2281 ipso
2320 2211 2520 2267 factum
2559 2222 2642 2267 est
2681 2215 2812 2268 nihil
2837 2214 2902 2266 ⁸⁸.
2936 2233 2955 2265 ι
2995 2243 3065 2254 -—
3099 2232 3118 2265 ι
3152 2213 3385 2268 Decebat
3429 2212 3591 2282 igitur

2012 2306 2179 2376 (sicut
2212 2315 2464 2359 asserunt
2506 2304 2605 2373 illi)
2657 2315 2714 2359 ut
2747 2306 2838 2359 Dei
2872 2303 3133 2371 Verbum,
3172 2320 3268 2372 per
3298 2304 3436 2373 qttnd
3474 2318 3593 2354 om-

2015 2399 2125 2461 nia,
2161 2409 2215 2453 et
2247 2406 2468 2467 propter
2500 2397 2643 2466 quod
2685 2397 2888 2460 omnia,
2930 2397 3073 2465 quod
3124 2395 3321 2449 multos
3367 2394 3503 2447 filios
3538 2394 3590 2446 in

2013 2487 2182 2558 gloria
2209 2490 2527 2552 adduxerat,
2561 2487 2752 2543 salutis
2786 2487 2999 2542 illorum
3032 2496 3308 2542 auctorem
3342 2487 3466 2556 (hoc
3487 2494 3591 2549 est,

2015 2577 2290 2633 hominem
2319 2593 2513 2649 purum
2543 2594 2611 2633 ex
2648 2593 2802 2634 sacra
2838 2577 3057 2648 Virgine
3091 2578 3314 2649 ortum),
3347 2592 3443 2647 per
3474 2592 3597 2644 pas-

2015 2671 2197 2727 siones
2214 2672 2511 2740 perfectum
2532 2680 3080 2739 eonsunnnatnmqne
3101 2670 3370 2724 redderet.
3397 2688 3415 2721 ι
3443 2670 3594 2735 Quod

2016 2774 2199 2819 autem
2242 2765 2332 2819 hic
2375 2779 2565 2819 eorum
2612 2779 2793 2819 sermo
2841 2763 3076 2818 amentia
3120 2771 3349 2828 scateat,
3394 2771 3595 2829 quanta

2024 2856 2139 2911 ﬁeri
2186 2858 2385 2927 poterit
2413 2858 2800 2927 perspicuitate
2832 2871 2974 2910 nunc
3006 2855 3295 2911 ostendere
3336 2854 3594 2908 conabor.

2089 2947 2258 3002 XXX.
2301 2948 2357 3000 Ιιι
2405 2949 2597 3017 primis
2632 2949 2814 3019 itaque
2848 2948 3000 3011 illud,
3032 2962 3127 3015 per
3161 2962 3333 3015 quem,
3376 2945 3443 2999 de
3482 2944 3601 3013 ipso

2018 3054 2236 3111 quoque
2290 3037 2455 3094 Patre
2505 3040 2846 3093 enuntiatum
2908 3041 3178 3093 interdum
3241 3038 3596 3106 mnqveritur.

2026 3154 2043 3186 ι
2076 3131 2279 3187 Fidelis
2299 3130 2441 3186 Deus
2477 3130 2688 3199 (scribit
2717 3132 2907 3186 beatus
2928 3129 3166 3199 Paulus),
3191 3143 3286 3198 per
3311 3144 3468 3197 qttem
3508 3143 3602 3179 vo-

2022 3225 2128 3281 cati
2164 3225 2298 3279 estis
2329 3224 2384 3277 in
2414 3223 2730 3279 societatem
2769 3222 2892 3278 Filii
2926 3224 3042 3294 ejus
3062 3223 3127 3276 δ’.
3161 3242 3178 3274 ι
3215 3223 3291 3275 Ad
3338 3222 3457 3274 illus
3483 3236 3601 3272 rur-

332 3311 415 3373 είς
471 3308 751 3381 ἐλεύθερον
773 3310 993 3379 ἀξίωμα
1043 3310 1436 3380 κεκλημένοις,
1477 3328 1496 3361 ι
1530 3310 1695 3380 Ἀρα,
1728 3309 1915 3379 φησὶν,

2021 3338 2161 3383 sum,
2190 3324 2279 3390 qui
2314 3333 2408 3388 per
2439 3317 2599 3371 tidem
2623 3317 2691 3370 ad
2728 3316 3004 3371 libertatis
3035 3315 3356 3384 dignitatem
3391 3310 3601 3366 evocati

331 3402 517 3459 οὐκέτι
551 3399 603 3457 εἶ
631 3403 815 3466 δοῦλος
841 3441 857 3467 ,
891 3403 1028 3456 ἀλλά
1058 3403 1171 3465 υἱός
1193 3419 1208 3433 ’
1238 3405 1287 3456 εί
1320 3401 1376 3455 δὲ
1408 3403 1524 3465 υίὸς
1548 3442 1563 3465 ,
1592 3404 1686 3455 καὶ
1714 3402 1918 3471 κληρο-

332 3494 499 3565 νόμος
543 3494 632 3548 διά
680 3494 838 3548 Θεοῦ.
879 3514 899 3548 ι
950 3494 1377 3567 Ἀδιαφορούσης
1422 3495 1605 3547 τοίνυν
1650 3495 1749 3564 τῆς
1797 3493 1918 3546 θεο-

334 3587 604 3642 πνεύστου
636 3587 859 3658 Γραφῆς
898 3587 1029 3659 περὶ
1066 3587 1166 3658 τὴν
1192 3587 1293 3657 τῆς
1342 3586 1542 3653 λέξεως
1584 3585 1915 3657 ἐκφωνησιν,

334 3679 633 3751 δεχομένης
676 3680 734 3733 δὲ
774 3679 948 3750 αὐτὴν
978 3680 1074 3733 καὶ
1106 3680 1201 3732 ἐπὶ
1245 3678 1342 3731 τοῦ
1376 3677 1590 3748 Πατρὸς
1610 3717 1625 3740 ,
1656 3677 1809 3730 οὐδὲν
1838 3676 1919 3729 ἔτι

334 3771 396 3825 τὸ
424 3769 696 3825 συνωθῶν
719 3771 870 3840 ἡμᾶς
900 3772 979 3833 είς
1010 3769 1072 3822 τὸ
1100 3768 1195 3822 τοῦ
1219 3768 1353 3822 Υίοῦ
1375 3767 1728 3839 περιτρέπειν
1750 3767 1920 3836 πρόσ-

334 3880 484 3916 ωπον
528 3863 604 3924 ὡς
637 3863 695 3928 ἐξ
724 3862 971 3931 ἀνάγκης
1001 3860 1063 3912 τὸ
1087 3899 1102 3924 ,
1150 3859 1226 3913 δῖ
1262 3855 1359 3915 οὗ.
1404 3859 1625 3929 Ἐπειδὴ
1675 3857 1733 3910 δὲ
1764 3858 1921 3912 τοῦτό

336 3958 486 4008 ἐστιν
519 3953 719 4024 ἀληθὲς
739 3992 754 4016 ,
785 3953 840 4004 τί
866 3953 893 3992 Ιί
938 3952 1012 4021 μὴ
1047 3950 1247 4022 μᾶλλον
1276 3950 1507 4020 ἀφέντες
1540 3949 1619 4011 εἰς
1657 3948 1719 4000 τὸ
1749 3948 1922 4018 παρὸν

337 4047 399 4100 τὸ
426 4043 592 4098 αὐτοῦ
612 4044 929 4115 πρόσωπον,
954 4035 1072 4094 εἶτα
1093 4040 1172 4110 τῷ
1198 4039 1386 4110 σκοπῴ
1414 4037 1523 4092 τῶν
1547 4036 1707 4109 ἱερῶν
1740 4036 1924 4108 Γραμ-

342 4138 530 4209 μάτων
562 4134 850 4205 ἑπόμενοι,
875 4134 943 4203 τῇ
974 4131 1113 4202 μετά
1140 4130 1347 4201 σαρκὸς
1375 4130 1657 4199 οἰκονομίᾳ
1694 4128 1786 4181 τοῦ
1814 4128 1924 4181 Μο-

338 4228 595 4298 νογενοῦς
636 4228 730 4280 τὸν
774 4228 914 4297 αὐτῇ
966 4224 1246 4296 πρέποντα
1289 4224 1580 4295 τηροῦντες
1610 4223 1788 4290 λόγον,
1834 4220 1926 4275 τὸν

341 4322 563 4391 Πατέρα
608 4319 788 4389 φαμὲν
833 4316 1121 4371 τελειῶσαι
1148 4316 1238 4369 διὰ
1281 4316 1623 4385 παθημάτων
1655 4314 1927 4383 ὲνανθρωο

341 4415 596 4484 πήσαντα
626 4412 717 4464 τὸν
752 4412 917 4479 Υἱόνς
947 4431 966 4462 ι
1002 4410 1296 4480 Ὑπὲμεινε
1317 4409 1426 4480 γάρ
1460 4410 1714 4475 σταυρὸν,
1737 4405 1929 4478 αἰσχύ-

252 4556 258 4562 .
342 4523 441 4575 νης
484 4504 944 4574 καταφρονήσας,
997 4522 1018 4554 ι
1063 4504 1121 4554 ὲν
1164 4501 1383 4571 εὐδοκία
1426 4517 1529 4553 που
1574 4499 1793 4562 πάντως
1832 4496 1927 4550 τοῦ

2021 3415 2269 3477 fuerant,
2319 3412 2392 3465 ita
2427 3411 2504 3463 ait
2535 3428 2551 3466 :
2586 3429 2605 3462 ι
2636 3408 2823 3477 Itaque
2849 3410 2960 3478 jam
3003 3423 3107 3462 non
3154 3423 3213 3461 es
3251 3419 3462 3467 servus,
3509 3403 3604 3458 sed

2024 3510 2164 3564 ﬁlius
2192 3527 2207 3564 :
2240 3508 2381 3577 quod
2421 3507 2465 3561 si
2499 3506 2659 3569 filius,
2697 3514 2751 3558 et
2781 3504 2956 3558 lia-res
2987 3516 3082 3572 per
3117 3501 3281 3555 Deum
3301 3498 3371 3552 ".
3411 3517 3428 3548 ι
3465 3496 3602 3549 Cum

2024 3616 2156 3670 ergo
2215 3599 2397 3654 divina
2454 3597 2732 3666 Scriptura
2791 3595 3099 3665 promiscue
3159 3593 3299 3646 hanc
3361 3589 3602 3659 pltrasiut

2030 3699 2275 3759 usurpet,
2311 3696 2473 3757 atque
2515 3686 2665 3753 illud,
2695 3701 2787 3754 per
2816 3692 2988 3753 quem,
3019 3684 3224 3737 tribuat
3257 3682 3357 3751 ipsi
3388 3695 3605 3749 quoque

2029 3777 2212 3845 Patri;
2270 3777 2400 3831 nihil
2447 3788 2531 3831 est
2578 3776 2720 3845 quod
2771 3773 2892 3829 Filii
2940 3782 3145 3828 tantum
3184 3788 3427 3842 personze
3476 3769 3605 3824 illud

2026 3885 2124 3925 nos
2154 3869 2405 3925 admetiri
2433 3868 2742 3924 necessario
2767 3867 3080 3936 compellat.
3116 3866 3251 3921 Cum
3287 3866 3469 3932 itaque
3494 3864 3608 3916 haec

2026 3962 2097 4015 i’ta
2137 3976 2197 4015 se
2250 3960 2506 4026 habeant,
2556 3974 2657 4014 cur
2710 3958 2887 4028 ponus
2928 3958 3150 4011 minime
3200 3957 3304 4009 hoc
3354 3956 3419 4009 de
3469 3951 3607 4006 Filio

2025 4050 2417 4120 intelligentes,
2457 4051 2552 4104 sed
2600 4049 3006 4118 Scripturarum
3045 4045 3358 4101 auctoritati
3413 4045 3605 4103 innixi,

2026 4156 2440 4212 sermonemque
2493 4141 2764 4196 inearnati
2824 4139 3094 4210 Unigeniti
3158 4137 3417 4209 mysterio
3480 4151 3609 4189 con-

2027 4245 2307 4304 gruentem
2342 4235 2584 4290 studiose
2618 4233 2945 4297 consectati,
2986 4247 3089 4285 non
3125 4232 3355 4286 dicimus
3393 4230 3608 4282 Patrem

2029 4327 2222 4380 Ftiium
2272 4326 2550 4379 ltOtttinem
2607 4325 2809 4380 factum
2873 4338 2969 4393 per
3025 4325 3303 4393 passiOttes
3357 4336 3611 4375 consum-

2033 4402 2249 4471 masse?
2289 4416 2726 4485 quandoquidem
2781 4415 2845 4479 is,
2898 4415 3008 4469 Dco
3052 4415 3211 4468 Patre
3256 4414 3338 4467 sic
3375 4414 3609 4476 volente,

2038 4527 2057 4560 ι
2093 4507 2387 4577 Ignominia
2429 4516 2760 4576 contempta,
2804 4521 3022 4561 crucem
3066 4506 3409 4568 sustinuit",
3445 4524 3463 4556 ι
3500 4519 3613 4573 quo

343 4598 480 4653 Θεοῦ
525 4598 621 4651 καὶ
653 4594 882 4667 Πατρός·
923 4594 1009 4648 ἕνα
1052 4595 1148 4647 καὶ
1175 4593 1325 4663 ἡμᾶς
1365 4593 1481 4655 τοῖς
1510 4592 1715 4662 ῐχνεσιν
1759 4588 1927 4642 αὑτοῦ

2034 4610 2091 4654 et
2132 4614 2231 4653 nos
2257 4613 2470 4668 quoque
2510 4597 2756 4667 vestigiis
2803 4596 2947 4653 illius
2980 4597 3325 4660 inhaerentes,
3358 4608 3614 4651 strenuos

346 4687 767 4746 κατακολουθεῖν
803 4685 1143 4757 ᾑρημένους,
1172 4683 1457 4747 νεανικοὺς
1479 4683 1737 4753 ἀποφήνῃ
1757 4721 1772 4746 ,
1806 4698 1925 4733 πει-

345 4786 610 4857 θομένους
640 4781 857 4849 λέγοντι
884 4795 899 4813 ο
936 4798 954 4832 ι
991 4782 1083 4849 Μὴ
1109 4778 1363 4849 φοϐεῖσθε
1390 4776 1500 4832 ἀπὸ
1529 4775 1641 4830 τῶν
1670 4777 1928 4828 ἀποκτει-

346 4881 546 4933 νόντων
580 4874 735 4947 ὑμῶν
761 4876 823 4928 τὸ
855 4874 1015 4943 σῶμα
1036 4911 1051 4935 ,
1079 4872 1178 4942 τὴν
1210 4872 1268 4925 δὲ
1296 4870 1475 4941 ψυχὴν
1509 4870 1584 4940 μὴ
1612 4867 1931 4937 δυναμένων

348 4972 689 5027 ἀποκτεῖναι.
728 4988 748 5020 ι
804 4966 1025 5036 Ἐπειδὴ
1062 4966 1171 5034 γὰρ
1215 4964 1440 5033 ἔμελλον
1484 4963 1664 5032 θλίψιν
1694 4962 1840 5031 ἔχειν
1873 4964 1933 5013 ὲν

345 5060 426 5131 τῷ
453 5061 642 5130 κόσμῳ
663 5099 678 5124 ,
710 5058 808 5113 καὶ
834 5055 1125 5112 διώκεσθαι
1151 5056 1282 5125 παρ’
1312 5053 1546 5124 ἐχθρῶν,
1578 5053 1672 5105 καὶ
1696 5052 1804 5105 τῶν
1833 5051 1932 5121 τῆς

349 5151 611 5222 ἀληθείας
642 5149 931 5220 δογμάτων
974 5146 1321 5219 ὑπεραθλεῖν,
1369 5145 1553 5217 ἱδρῶτί
1594 5164 1654 5200 τε
1702 5147 1795 5199 καὶ
1836 5147 1933 5198 πό-

351 5260 463 5306 νοις
492 5240 794 5312 κατορθοῦν
833 5238 893 5294 εὖ
928 5238 1074 5310 μαλα
1107 5240 1207 5308 τὴν
1234 5236 1436 5307 ἀρετὴν
1463 5237 1564 5289 οὐκ
1598 5237 1663 5307 ἐᾷ
1701 5236 1933 5306 θρύπτε-

353 5333 479 5388 σθαι
506 5333 641 5403 πρὸς
674 5331 877 5394 δειλίας
900 5372 915 5393 ,
959 5330 1251 5400 ἀποφαίνει
1282 5329 1339 5382 δὲ
1372 5327 1573 5399 μᾶλλον
1600 5328 1929 5395 εὐτολμοτά-

353 5443 501 5490 τους,
536 5421 737 5488 ὲλάσας
778 5423 941 5486 αὐτὸς
981 5422 1069 5475 διά
1116 5422 1476 5493 παθημάτων,
1523 5421 1612 5475 ἴνα
1657 5421 1754 5474 καὶ
1786 5421 1934 5490 ἡμᾶς

391 5577 436 5608 ⁸⁷
475 5575 638 5631 llebr.
677 5591 740 5639 tt,
784 5573 969 5630 10-12.
1051 5575 1093 5607 "
1125 5573 1278 5629 Joan.
1322 5589 1357 5639 ι,
1398 5572 1450 5625 3.
1531 5571 1613 5627 "l
1646 5571 1771 5626 Cor.
1805 5587 1842 5639 ι,
1872 5573 1927 5630 9.
2005 5572 2050 5603 ”
2088 5569 2265 5625 Galat.
2307 5586 2383 5637 tv,
2413 5571 2471 5626 7.

2034 4690 2288 4755 efficeret,
2326 4688 2656 4744 conﬁdentes
2696 4687 2748 4741 in
2799 4688 2892 4744 illo
2927 4690 3016 4757 qui
3063 4688 3193 4742 dicit
3224 4705 3238 4742 :
3274 4707 3292 4740 ι
3324 4687 3501 4742 Nolite
3546 4687 3614 4741 ti-

2038 4796 2187 4837 mere
2227 4796 2321 4835 eos
2350 4781 2440 4849 qui
2473 4781 2726 4834 occidunt
2769 4796 2985 4848 corpus,
3016 4781 3249 4833 animam
3287 4789 3464 4833 autem
3507 4797 3615 4834 non

2037 4887 2266 4946 possunt
2322 4875 2571 4929 occidere
2594 4876 2661 4927 ⁵².
2700 4893 2718 4924 ι
2785 4873 2915 4927 Nam
2966 4872 3108 4942 quod
3163 4871 3509 4926 aﬂlictionem
3564 4873 3615 4923 in

2045 4967 2265 5031 tnuudo,
2309 4967 2849 5036 persecutiuncmque
2898 4967 2965 5021 ab
3014 4967 3258 5020 hostibus
3305 4965 3615 5034 perpessuri

2040 5068 2249 5123 essent,
2290 5066 2344 5110 ct
2389 5050 2583 5125 gravia
2612 5070 2709 5123 pro
2749 5054 2993 5107 veritatis
3028 5054 3276 5120 dogmate
3319 5050 3616 5104 certamina

2039 5148 2294 5211 subituri,
2339 5156 2395 5201 et
2435 5147 2652 5199 virtutis
2694 5145 2925 5214 denique
2973 5146 3204 5198 stadium
3263 5159 3367 5195 non
3415 5141 3620 5209 absque

2041 5253 2235 5306 magno
2286 5240 2482 5292 sudore
2522 5248 2575 5292 et
2626 5238 2888 5291 molestiis
2934 5236 3246 5298 decursuri,
3303 5233 3475 5286 noluit
3525 5248 3618 5284 eos

2042 5338 2188 5383 metu
2235 5328 2433 5398 frangi,
2484 5331 2577 5385 sed
2619 5345 2715 5398 per
2765 5345 2828 5383 ea
2862 5344 2984 5398 quae
3029 5329 3144 5397 ipse
3181 5339 3467 5396 perpessus
3506 5332 3613 5385 cst,

2043 5420 2273 5475 animari
2304 5438 2317 5475 :
2349 5431 2407 5475 ut
2448 5436 2573 5477 Vct‘o
2609 5437 2707 5478 nos
2735 5423 2897 5476 etiam
2940 5436 3002 5475 ea
3038 5421 3336 5475 detrectare
3374 5431 3482 5468 non
3519 5429 3617 5465 au-

2564 5574 2606 5605 “
2646 5572 2807 5629 llcbt‘.
2850 5588 2951 5641 xu,
2983 5575 3038 5627 2.
3118 5573 3162 5605 δ’
3196 5570 3383 5625 Matth.
3432 5585 3481 5633 ς,
3519 5567 3611 5621 9.8.

1458 5729 1629 5786 Varia!)
1657 5729 1915 5785 lectiuncs
1942 5726 2143 5787 codicis
2168 5724 2527 5799 Seguieriani.

395 5865 414 5911 ί
452 5866 732 5943 ἀγαγόντι.
813 5865 824 5915 i
866 5864 1078 5920 πιθεῖν.
1160 5864 1185 5905 ιι
1214 5864 1389 5917 τοῦτο.
