4076 6486
450 479 591 536 ὶῦτῦ

1464 472 1524 530 8.
1561 471 1840 530 CYIIILLI
1879 471 2351 530 ALEXANDRINI
2392 467 2714 528 ARCHIKP.

3591 470 3735 527 i376

453 599 726 659 iteremus,
756 590 993 648 ostendit
1024 591 1211 648 dicens
1245 607 1259 648 :
1298 610 1317 644 ι
1344 589 1460 648 Νοιι
1502 600 1585 648 est
1616 593 1915 668 discipulus
1943 608 2036 648 su-

2150 590 2506 663 ὲκδυσωπήσῃ
2530 629 2545 653 ,
2574 589 2775 659 λέγων’
2824 608 2843 640 ι
2878 586 2991 642 Οὐκ
3025 587 3140 643 ἔστι
3175 585 3424 659 μαθητής
3455 585 3597 657 ὑπὲρ
3638 588 3736 639 τὸν

454 701 550 749 per
581 687 920 753 magistrum,
957 699 1055 741 nec
1092 699 1285 741 servus
1319 699 1485 756 super
1512 686 1792 741 dominum
1834 700 2032 742 suum:

460 777 617 847 152
646 776 847 833 sufﬁt-it
877 778 1164 846 discipulo,
1202 786 1260 831 ut
1301 778 1375 833 ait
1414 778 1557 834 sicut
1603 780 1861 849 magister
1894 777 2034 847 ejus,

454 878 508 923 et
549 882 729 931 servo,
774 869 916 923 sicut
954 868 1205 923 dominus
1243 868 1361 939 ejus
1381 868 1449 923 ⁸³.
1481 886 1500 921 ›
1535 898 1605 909 -
1631 886 1651 921 ‹
1683 865 1743 923 Si
1790 884 1877 924 me
1914 885 2037 939 per-

454 958 626 1013 secuti
659 967 804 1023 sunt,
837 969 891 1014 et
922 975 1015 1013 vos
1046 968 1442 1030 persequentur
1462 960 1532 1016 ³⁸.
1560 980 1580 1013 ι

527 1046 722 1102 XXXI.
762 1048 973 1117 Scapns
1015 1050 1200 1119 itaque
1230 1049 1509 1120 unigenito
1544 1048 1634 1105 Dei
1678 1048 1816 1106 Filio
1844 1065 2041 1121 propo-

458 1140 599 1196 situs
637 1140 757 1206 fuit,
794 1141 846 1194 in
885 1155 1049 1196 carne
1086 1155 1181 1196 sua
1214 1156 1313 1211 pro
1355 1141 1515 1196 nobis
1544 1142 1679 1211 pati.
1715 1140 1882 1210 Cujus
1916 1142 2043 1211 qui-

460 1234 583 1285 dem
636 1234 898 1302 propositi
946 1248 1166 1288 causam
1216 1234 1432 1289 divinus
1484 1232 1684 1290 Paulus
1730 1235 1816 1290 his
1860 1235 2043 1291 verbis

460 1323 759 1391 explanat:
794 1341 814 1375 ι
840 1323 976 1389 Quia
1018 1321 1241 1396 (inquit)
1299 1323 1451 1394 pueri
1503 1325 2046 1380 communicaverunt

460 1412 611 1466 carni
664 1422 720 1467 et
766 1413 1041 1485 sanguini,
1094 1423 1149 1471 et
1213 1415 1331 1485 ipse
1392 1414 1643 1471 similiter
1698 1415 2048 1486 participavit

459 1505 666 1560 eisdem
697 1523 710 1560 :
741 1513 800 1560 ut
822 1520 919 1576 per
944 1514 1173 1561 mortem
1201 1506 1503 1563 destrueret
1519 1522 1665 1572 eum,
1694 1505 1789 1577 qui
1814 1506 2047 1562 habebat

460 1598 656 1651 mortis
687 1598 999 1668 imperium,
1032 1600 1083 1654 id
1118 1609 1202 1654 est
1229 1598 1545 1666 diabolum;
1574 1608 1626 1654 et
1657 1598 1917 1655 liberaret
1952 1613 2046 1653 eos

461 1689 555 1758 qui
597 1689 791 1743 timore
826 1691 1016 1746 mortis
1065 1706 1164 1761 per
1202 1700 1368 1747 totam
1411 1692 1576 1745 vitam
1617 1692 1838 1747 obnoxii
1887 1703 2043 1746 erant

462 1779 710 1833 servituti
734 1780 803 1836 ⁸⁸.
839 1800 859 1833 ι
896 1781 1031 1836 Cum
1062 1795 1193 1848 ergo
1230 1783 1424 1837 mortis
1468 1784 1767 1838 destructio
1797 1784 2048 1838 humanae

463 1879 672 1925 natura:
701 1871 1013 1928 facultatem
1058 1884 1341 1943 superaret
1368 1876 1516 1946 (nam
1551 1891 1649 1946 per
1689 1887 1844 1932 vetus
1878 1876 2047 1931 male-

462 1960 665 2016 dictum
697 1962 750 2017 in
780 1977 901 2018 eam
940 1941 1169 2020 adducta
1207 1976 1326 2020 erat
1348 1941 1743 2033 calamitatem,
1775 1980 1833 2023 ut
1859 1983 2045 2023 neccs-
2080 1941 2119 1996 Β

461 2054 610 2109 sario
650 2056 839 2111 mortis
887 2056 1116 2126 imperio
1158 2056 1393 2114 obnoxia
1437 2065 1759 2129 teneretur),
1805 2062 2047 2131 oportuit

461 2155 522 2198 ut
560 2146 833 2201 vivificqu
884 2148 978 2203 Dei
1024 2148 1261 2204 Verbum
1313 2160 1509 2206 natura
1554 2156 1711 2206 morti
1756 2153 2043 2217 obstricta,

465 2236 567 2291 hoc
595 2248 679 2293 est
711 2249 892 2293 nostra
938 2240 1199 2308 humana,
1247 2256 1369 2296 sese
1415 2242 1700 2309 indueret;
1747 2258 1854 2311 quo
1901 2258 2046 2297 mors

462 2328 702 2385 eﬂ'eratte
741 2332 1021 2399 cujusdam
1070 2333 1261 2387 belluas
1310 2335 1481 2389 instar
1516 2336 1791 2405 propriam
1835 2350 2049 2404 quoque

462 2420 607 2476 illius
660 2437 880 2479 carnem
934 2425 1152 2489 adorsa.
1205 2440 1236 2480 a
1295 2427 1585 2497 tyrannide
1630 2444 1792 2497 quam
1845 2427 1897 2481 iu
1948 2442 2049 2482 nos

460 2516 775 2578 exercebat,
813 2517 959 2571 velut
997 2533 1026 2570 a
1071 2518 1178 2572 Deo
1203 2517 1317 2587 jam
1358 2519 1645 2584 debellata,
1682 2520 1737 2574 in
1771 2530 2048 2588 posterum

463 2603 773 2659 desisteret.
811 2606 930 2676 Ipse
962 2609 1146 2677 itaque
1174 2617 1278 2672 est,
1319 2610 1411 2677 qui
1452 2611 1672 2680 quidem
1700 2620 1924 2680 propter
1950 2625 2050 2665 nos

465 2696 766 2751 secundum
818 2712 1076 2761 carnem.
1131 2700 1233 2754 hoc
1290 2709 1374 2753 est
1416 2698 1709 2754 humanam
1766 2711 2048 2763 naturam,

463 2788 781 2857 perficitur;
842 2790 1139 2845 secundum
1186 2791 1424 2845 divinam
1473 2806 1603 2846 vero
1650 2791 1912 2845 virtutem
1959 2792 2049 2864 (eo

466 2880 745 2945 nimirum,
796 2883 938 2952 quod
993 2883 1188 2938 mortis
1242 2883 1502 2951 impetum
1549 2881 1899 2953 perfregerit)
1949 2898 2050 2938 nos

464 2969 701 3039 perficit,
735 2984 1203 3042 consummatqne.
1254 2974 1447 3028 Deerat
1473 2975 1618 3027 enim
1664 2974 1913 3027 humana:
1953 2989 2051 3027 na-

465 3072 599 3117 tum
631 3078 693 3119 ea
725 3065 1008 3134 integritas
1052 3076 1103 3121 et
1137 3066 1489 3136 incnrruptio.
1518 3080 1680 3134 quam
1715 3066 1766 3120 iu
1794 3076 1948 3120 ortus
1969 3066 2050 3121 sui

464 3155 766 3224 primordio
804 3157 1088 3212 obtinebat
1122 3175 1136 3211 :
1168 3176 1187 3208 ι
1222 3157 1362 3213 Deus
1395 3158 1539 3213 enim
1579 3169 1807 3211 mortem
1844 3173 1948 3210 non
1982 3158 2055 3213 Ie-

2138 682 2479 747 διδὰσκαλον,
2534 681 2658 735 οὐδὲ
2708 679 2893 744 δοῦλος
2937 679 3079 751 ὑπὲρ
3126 679 3219 734 τὸν
3270 678 3474 749 Κύριον
3526 675 3734 731 αὐτοῦ’

2140 773 2376 845 ἀρκετὸν
2410 771 2491 844 τῷ
2536 771 2753 844 μαθητῇ
2802 771 2892 825 ἵνα
2936 769 3166 843 γένηται
3213 770 3292 835 ὡς
3341 771 3371 823 6
3413 769 3737 832 διδάσκαλλς

2134 865 2327 928 αὐτοῦ,
2356 866 2451 919 καὶ
2488 864 2566 934 τῷ
2603 864 2796 934 δούλῳ,
2838 862 2915 927 ὡς
2956 864 2985 916 6
3030 862 3220 933 κύριος
3252 860 3439 916 αὑτοῦ.
3475 881 3493 914 t
3521 861 3583 915 Εί
3628 861 3737 932 ἐμὲ

2142 956 2391 1021 ἐδίωξαν,
2422 955 2521 1009 καὶ
2550 955 2693 1027 ὑμᾶς
2727 953 2999 1020 διώξουσι.
3047 975 3066 1007 ο

2214 1049 2338 1101 AA'.
2383 1045 2592 1109 Σκοπὸς
2618 1041 2711 1099 οὖν
2741 1045 2850 1115 ἄρα
2874 1043 2954 1114 τῷ
2983 1044 3281 1112 Μονογενεϊ
3316 1041 3533 1113 γέγονε,
3567 1044 3737 1115 σαρκὶ

2143 1142 2212 1211 τῇ
2251 1141 2356 1211 ἰδία
2387 1139 2583 1193 παθεῖν
2633 1139 2774 1209 ὑπὲρ
2825 1137 3003 1209 ήμῶν.
3048 1138 3157 1192 Καὶ
3201 1138 3333 1192 ποία
3378 1137 3462 1201 τίς
3508 1139 3657 1189 ἐστιν
3698 1140 3736 1208 ή

2143 1232 2298 1286 τοῦδε
2323 1232 2596 1303 πρόφασις
2620 1270 2635 1295 ,
2662 1230 2863 1297 διδάξει
2893 1228 3070 1299 λέγων
3094 1231 3123 1283 6
3155 1229 3438 1293 θεσπέσιος
3476 1228 3693 1292 Παῦλος
3718 1246 3732 1258 ·

2154 1344 2173 1378 ι
2222 1326 2443 1397 Ἐπειδὴ
2474 1324 2583 1398 γὰρ
2615 1324 2684 1378 τὰ
2714 1322 2904 1377 παιδία
2935 1320 3335 1393 κεκοινώνηκεν
3379 1322 3612 1393 αἵματος
3638 1322 3737 1375 καὶ

2149 1420 2375 1490 σαρκὸς,
2400 1417 2495 1473 καὶ
2521 1417 2687 1482 αὐτὸς
2710 1417 3108 1490 παραπλησίως
3140 1416 3372 1488 μετέσχε
3390 1414 3498 1469 τῶν
3528 1415 3735 1476 αὐτῶν,

2149 1511 2237 1565 ίνα
2265 1510 2354 1564 διὰ
2378 1509 2478 1563 τοῦ
2501 1509 2737 1565 θανὰτου
2759 1511 3083 1581 καταργήσῃ
3110 1509 3201 1562 τὸν
3226 1507 3288 1562 τὸ
3314 1506 3513 1579 κράτος
3541 1504 3737 1576 ἔχοντα

2147 1602 2244 1656 τοῦ
2274 1602 2537 1667 Θανάτου,
2592 1601 2843 1655 τουτέστι
2882 1601 2974 1655 τὸν
3018 1599 3285 1654 διάϐολον·
3326 1601 3420 1653 καὶ
3449 1598 3736 1668 ἀπαλλάξῃ

2148 1695 2404 1759 τούτους,
2459 1695 2573 1749 ὅσοι
2619 1693 2770 1765 φόϐῳ
2827 1692 3059 1751 θανὰτου
3101 1691 3190 1745 διὰ
3244 1691 3445 1753 παντὸς
3491 1689 3586 1743 τοῦ
3635 1688 3738 1761 ζῇν

2151 1787 2326 1857 ἔνοχοι
2354 1782 2497 1857 ἦσαν
2520 1784 2789 1849 δουλείας.
2826 1802 2844 1836 t
2879 1782 3091 1838 Οὐκοῦν
3120 1782 3419 1853 ἐπειδήπερ
3445 1781 3739 1850 ἀνέφικτον

2151 1872 2219 1950 ἦν
2248 1880 2312 1950 τῇ
2342 1877 2633 1948 ἀνθρώπου
2666 1876 2827 1947 φύσει
2863 1877 2925 1929 τὸ
2951 1874 3299 1947 καταργῆσαι
3330 1873 3559 1927 θάνατον
3590 1874 3739 1941 (ἐκε-

2151 1972 2391 2041 κρατητο
2420 1970 2530 2042 γὰρ
2566 1971 2659 2023 ὑπ’
2691 1967 2856 2024 αὐτοῦ
2878 2009 2892 2034 ,
2930 1965 3417 2038 κατακομιξούσης
3444 1965 3614 2033 αὐτὴν
3656 1967 3739 2025 εἰς

2149 2063 2312 2116 τοῦτο
2342 2065 2440 2134 τῆς
2470 2063 2704 2133 ἀρχαίας
2731 2063 2872 2133 ἀρᾶς
2899 2060 3162 2130 ἐκείνης),
3204 2058 3524 2127 ἀναγκαίως
3548 2058 3575 2109 ό
3606 2055 3743 2121 ζωο-

2149 2156 2300 2218 me;
2329 2154 2423 2208 τοῦ
2456 2155 2592 2208 Θεοῦ
2639 2154 2810 2223 Λόγος
2840 2152 2937 2224 τήν
2978 2151 3197 2221 θανάτῳ
3242 2149 3259 2189 ι
3306 2150 3537 2219 κάτοχον
3582 2150 3740 2218 ήμπ-

2150 2248 2341 2320 έσχετο
2367 2248 2551 2318 φύσιν,
2580 2247 2823 2300 τουτέστι
2855 2244 2954 2316 τὴν
2982 2243 3105 2298 καθ’
3136 2244 3305 2313 ἡμᾶς,
3324 2243 3491 2314 ἤγουν
3518 2241 3616 2311 τὴν
3647 2242 3742 2293 ἁν-

2150 2342 2453 2416 θρωπίνην,
2481 2341 2568 2395 ἴνα
2597 2341 2692 2395 καὶ
2721 2342 2789 2411 τῇ
2833 2338 3000 2393 αὐτοῦ
3042 2338 3209 2409 σαρκὶ
3250 2335 3503 2409 καθάπερ
3534 2352 3586 2388 τι
3630 2333 3744 2386 τῶν

2151 2433 2459 2488 ἁτιθὰσσων
2485 2431 2693 2503 θηρίων
2731 2428 3078 2501 ἐπιπηδήσας
3103 2430 3131 2482 6
3166 2426 3397 2489 θάνατος
3417 2467 3432 2490 ,
3459 2423 3741 2494 παύσηται

2150 2530 2249 2596 τῆς
2280 2526 2404 2581 καθ’
2434 2508 2592 2597 ήμῶν
2617 2522 2955 2595 τυραννίδος.
2983 2521 3058 2585 ὡς
3085 2519 3240 2592 παρὰ
3269 2517 3407 2573 Θεοῦ
3439 2514 3743 2589 καταργοῦ-

2156 2636 2336 2689 μενος.
2370 2617 2541 2681 Αὐτὸς
2585 2611 2678 2669 οὗν
2703 2615 2812 2686 ἄρα
2844 2613 2994 2666 ἐστὶν
3024 2615 3052 2666 6
3081 2613 3245 2682 σαρκὶ
3272 2608 3649 2678 τελειούμενος
3672 2607 3744 2660 δι’

2151 2710 2300 2781 ήμᾶς
2322 2706 2682 2779 ἀνθρωπίνως
2707 2746 2723 2772 ,
2767 2703 2991 2759 τελειῶν
3034 2703 3090 2757 δὲ
3122 2703 3269 2774 ἡμᾶς
3298 2699 3496 2763 θεῖκῶς
3522 2699 3611 2753 διὰ
3639 2697 3741 2751 τοῦ

2152 2801 2499 2871 καταργῆσαι
2524 2798 2617 2852 τοῦ
2652 2797 2884 2851 θανάτου
2922 2794 2983 2847 τὸ
3026 2793 3252 2864 κράτος.
3284 2790 3507 2844 Ἐλειπε
3535 2788 3643 2861 γὰρ
3674 2791 3740 2858 τῇ

2153 2891 2440 2965 ἀνθρώπου
2469 2889 2629 2960 φύσει
2656 2889 2715 2943 τὸ
2755 2887 3053 2958 ἄφθαρτον,
3078 2883 3221 2938 οὕτω
3244 2883 3521 2956 γενομένῃ
3557 2881 3651 2935 καὶ
3684 2882 3744 2933 ἐν

2154 2988 2368 3058 ἀρχαῖς.
2422 3002 2440 3036 ι
2497 2985 2556 3035 ὐ
2587 2982 2697 3053 γὰρ
2727 2980 2861 3043 Θεὸς
2903 2978 3132 3032 θάνατον
3179 2977 3279 3029 οὐκ
3306 2976 3585 3046 ἐποίησεν,
3620 2974 3745 3026 οὐδὲ

2151 3078 2414 3147 τέρπεται
2444 3073 2529 3126 ἐπ’
2564 3070 2812 3141 ἀπωλείᾳ
2836 3069 3054 3134 ζωντων
3077 3083 3091 3097 ·
3129 3066 3312 3120 ἔκτισε
3335 3064 3443 3134 γὰρ
3476 3068 3556 3127 εἰς
3580 3064 3641 3117 τὸ
3667 3058 3745 3115 εἶ-

2155 3187 2244 3223 ναι
2262 3168 2331 3221 τὰ
2357 3168 2557 3221 πάνταο
2587 3183 2605 3216 ι
2642 3163 2735 3217 καὶ
2761 3162 3018 3233 σωτήριοι
3044 3159 3099 3212 αἱ
3124 3158 3368 3226 γενέσεις
3394 3156 3489 3209 τοῦ
3511 3156 3742 3226 κόσμου,

463 3246 560 3308 cit,
615 3262 790 3317 neque
838 3248 1049 3301 laetatur
1090 3248 1141 3301 iu
1174 3247 1480 3317 perditione
1525 3248 1790 3301 vivorum.
1837 3248 2048 3303 Creavit

2156 3260 2251 3315 tu).
2277 3259 2377 3313 οὐκ
2425 3256 2572 3310 ἐστιν
2610 3256 2706 3308 καὶ
2747 3254 2804 3305 ὲν
2842 3252 3028 3315 αὐτοῖς
3059 3259 3099 3287 ιιι
3130 3249 3425 3320 φάρμακον
3476 3247 3702 3319 όῖέθρου
3728 3288 3743 3309 ,

463 3340 632 3403 enim,
672 3349 729 3392 ut
772 3348 974 3404 essent,
1014 3341 1198 3395 otnnia
1230 3341 1297 3402 ⁸⁸,
1331 3358 1348 3391 ι
1394 3350 1749 3408 spectantque
1802 3339 1868 3394 ad
1903 3339 2048 3393 salu-

467 3439 576 3484 tem
626 3431 807 3485 mundi
865 3431 1180 3498 primoulia,
1241 3446 1342 3486 nec
1383 3441 1467 3486 est
1516 3433 1570 3484 in
1623 3431 1729 3485 illis
1777 3446 2044 3485 venenum

464 3522 803 3591 perditionis,
838 3540 936 3577 nec
971 3522 1267 3578 inferorum
1307 3536 1529 3589 regnum
1566 3524 1617 3574 in
1661 3531 1802 3575 terra
1834 3539 1847 3576 :
1887 3540 1904 3573 ι
1938 3519 2048 3576 Sed

464 3613 897 3676 diabolijnvidia
947 3630 1093 3670 mors
1127 3615 1350 3669 intravit
1396 3615 1448 3668 in
1483 3614 1853 3667 mundum".
1893 3632 1909 3664 ι
1968 3613 2049 3668 Ad

464 3706 611 3763 hunc
656 3710 840 3778 itaque
886 3713 1104 3765 modum
1148 3727 1247 3766 nos
1294 3710 1605 3781 perficiens,
1654 3710 1721 3765 ad
1767 3711 2048 3767 caelestem

465 3795 681 3851 Patrem
714 3799 892 3854 aiebat
919 3817 933 3855 :
974 3818 992 3851 ι
1026 3801 1137 3871 Ego
1168 3811 1219 3856 te
1264 3801 1561 3856 clariticavi
1606 3816 1770 3872 super
1798 3810 2000 3856 terram
2033 3819 2046 3856 :

463 3902 601 3955 Opus
633 3892 1006 3946 consummavi
1041 3895 1183 3963 quod
1219 3893 1414 3949 dedisti
1448 3894 1576 3947 mihi
1620 3905 1676 3948 ιιι
1702 3893 1899 3949 faciam
1922 3894 1991 3949 ⁸⁸.
2023 3913 2043 3947 ι

464 3979 540 4034 Ea
595 3997 828 4051 namque
861 3999 987 4038 vera
1036 3997 1121 4039 est
1166 3983 1258 4040 Dei
1305 3983 1486 4039 Patris
1525 3984 1720 4054 gloria,
1759 3986 1903 4054 quoi
1951 4000 2052 4055 per

463 4071 658 4127 Filium
690 4089 846 4128 suum
888 4074 1179 4130 demolitus
1212 4084 1290 4130 est
1330 4084 1582 4129 mortem.
1625 4074 1733 4129 Per
1765 4075 2052 4144 passiones

464 4163 694 4231 proinde
733 4164 832 4233 ipsi
867 4167 1084 4234 quidem
1111 4166 1530 4231 consummatio,
1578 4166 1739 4221 nobis
1771 4181 1898 4221 vero
1935 4166 2052 4235 ejus

466 4256 611 4322 quod
646 4257 856 4322 deerat,
907 4257 1144 4325 expletio
1170 4258 1386 4328 obtigit.
1427 4257 1532 4313 Per
1580 4258 1862 4314 Christum
1903 4262 2049 4313 enim

465 4355 518 4401 et
552 4347 602 4400 in
632 4348 850 4403 Christo
890 4364 1025 4403 nova
1068 4361 1319 4404 creatura
1349 4349 1525 4404 effecti
1569 4344 1758 4405 su'mns
1782 4349 1851 4404 ".

538 4439 754 4495 XXXII.
795 4442 950 4507 Quod
1012 4452 1193 4497 autem
1245 4455 1350 4496 non
1406 4442 1609 4497 nudum
1659 4422 2050 4512 vulgaretuque

464 4532 741 4587 hominem
788 4549 818 4588 a
859 4533 1041 4590 Verbo
1084 4533 1418 4602 sejunctum,
1470 4534 1645 4589 nostri
1696 4548 1862 4589 causa
1914 4548 2049 4588 con-

2151 3349 2271 3405 οῦδὲ
2312 3348 2460 3401 ἔστιν
2507 3345 2633 3418 ᾆδον
2679 3341 2928 3414 βασιλεία
2968 3340 3061 3393 ἐπὶ
3104 3339 3204 3409 τῆς
3246 3338 3371 3407 γῆς.
3416 3355 3434 3389 ι
3478 3335 3662 3406 Φθόνῳ
3688 3336 3747 3391 δὲ

2149 3440 2397 3496 διαϐόλου
2427 3438 2656 3500 θάνατος
2677 3437 2759 3499 είς
2790 3434 2882 3488 τὸν
2913 3433 3118 3504 κόσμον
3158 3429 3429 3501 εἰσῆλθεν.
3486 3448 3504 3481 t
3551 3429 3743 3494 Οὕτως

2151 3534 2301 3605 ἡμᾶς
2328 3529 2626 3593 τελειώσας
2675 3526 2882 3596 ἔφασκε
2927 3524 3064 3595 πρὸς
3112 3522 3205 3577 τὸν
3245 3523 3305 3575 ὲν
3341 3522 3589 3593 οὐρανοῖς
3630 3522 3746 3573 Πα-

2150 3625 2286 3696 τέρα
2321 3623 2416 3677 καὶ
2454 3620 2588 3674 Θεόν
2610 3638 2622 3650 ·
2660 3638 2678 3671 ι
2724 3615 2870 3685 Ἐγώ
2913 3632 2973 3669 σε
3007 3613 3235 3679 ἐδόξασα
3266 3615 3360 3667 ἐπὶ
3403 3614 3500 3683 τῆς
3527 3612 3653 3683 γῆς·
3686 3613 3747 3665 τὺ

2151 3718 2311 3790 ἔργον
2336 3713 2648 3775 ὲτελείωσα,
2681 3710 2708 3765 ὃ
2728 3708 2968 3768 δέδωκάς
3004 3724 3132 3778 μοι,
3165 3707 3257 3762 ἵνα
3291 3708 3507 3777 ποιήσω
3532 3705 3685 3758 αὐτό.
3723 3723 3740 3753 ι

2152 3810 2290 3875 Δόξα
2335 3810 2442 3876 γὰρ
2473 3802 2691 3874 ἀληθῶς
2724 3802 2802 3873 τῷ
2825 3800 2947 3870 Θεῷ
2984 3801 3077 3853 καὶ
3111 3798 3316 3869 Πατρὶ,
3345 3799 3423 3869 τῷ
3456 3808 3481 3834 η
3516 3798 3605 3849 διὰ
3648 3796 3743 3849 τοῦ

2156 3900 2287 3953 ίδίου
2305 3896 2475 3967 Γεννή
2486 3911 2655 3967 ματος
2686 3893 3101 3963 καταργήσαντι
3129 3898 3154 3927 °
3178 3890 3432 3944 θάνατον.
3464 3886 3675 3941 Οὐκοῦν
3708 3890 3741 3958 ή

2156 3993 2255 4064 μὲν
2279 3990 2560 4053 τελείωσις
2605 3986 2756 4058 αὐτῷ
2797 3985 2888 4039 διὰ
2919 3985 3283 4056 παθημάτων,
3314 3986 3450 4055 ἡμῖν
3488 3982 3544 4035 δὲ
3576 3998 3746 4055 προσ-

2152 4083 2295 4154 θήκη
2352 4080 2448 4134 τοῦ
2510 4078 2792 4140 λείποντος
2837 4077 2898 4128 τὸ
2951 4073 3350 4146 γεγενημένον’
3413 4072 3576 4143 καινὴ
3634 4072 3742 4141 γὰρ

2151 4174 2330 4236 κτίσις
2356 4171 2425 4225 τὰ
2458 4172 2517 4225 ἐν
2548 4168 2790 4241 Χριστῷ.

2222 4435 2347 4491 AB'.
2386 4434 2509 4489 Ὀτι
2529 4433 2586 4487 δὲ
2610 4435 2712 4487 οὐκ
2740 4431 3030 4505 ἄνθρωπον
3056 4429 3244 4495 ἁπλῶς
3276 4430 3617 4502 ἐξῃρημένον
3646 4431 3743 4485 τοῦ

2151 4528 2324 4596 Λόγου
2370 4526 2753 4579 τετελειῶσθαί
2786 4542 2953 4596 φησιν
2998 4525 3139 4595 ὑπὲρ
3174 4524 3354 4595 ήμῶν,
3396 4524 3490 4576 καὶ.
3542 4527 3599 4577 ἐν
3643 4524 3744 4577 ἁν-

464 4631 793 4677 summatum
845 4623 1013 4688 dicat,
1060 4622 1157 4677 sed
1198 4624 1491 4694 ipsummet
1534 4622 1885 4691 Uuigeuitnm
1941 4622 2042 4677 htt-

2150 4617 2399 4689 θρωπείᾳ
2422 4617 2480 4671 δὲ
2524 4617 2726 4688 μᾶλλον
2763 4618 2948 4687 μορφῇ
2984 4617 3274 4686 πεφηνότα
3304 4616 3396 4668 τὸν
3423 4615 3704 4685 Μονογενῆ
3726 4656 3741 4680 ,

415 4758 425 4769 .
464 4726 624 4767 mana
662 4713 836 4768 forma
885 4713 1156 4777 indutum,
1195 4714 1248 4768 id
1276 4712 1493 4768 divinus
1534 4712 1736 4769 Paulus
1784 4713 1884 4767 hac
1934 4729 2054 4768 rur-

466 4819 586 4859 sum
624 4805 872 4861 oratione
898 4807 1230 4862 confirmat:
1267 4824 1287 4859 ι
1314 4806 1416 4874 Qui
1468 4804 1687 4877 (inquit)
1715 4805 2046 4872 sanctiﬁcat,

471 4896 628 4967 153
649 4906 705 4952 et
737 4901 828 4967 qui
868 4900 1301 4967 sanctificantur,
1334 4915 1399 4954 ex
1429 4913 1538 4953 uno
1567 4912 1778 4952 omnes.
1820 4895 2051 4968 Propter

466 5006 627 5056 quant
662 5004 881 5045 causam
934 5007 1039 5047 non
1070 4991 1424 5047 confunditur
1460 4990 1660 5045 fratres
1703 5003 1798 5045 eos
1825 5003 2044 5053 vocare,

465 5081 687 5136 dicens:
709 5081 1056 5139 Annuntiaho
1081 5098 1278 5139 nomen
1302 5092 1450 5137 tuum
1476 5081 1741 5137 fratribus
1764 5081 1902 5136 meis
1918 5080 1985 5137 ‘°.
2017 5100 2037 5133 ι

466 5170 569 5226 Hic
597 5185 777 5249 operae
826 5176 1058 5241 pretium
1101 5183 1187 5228 est
1217 5186 1568 5244 cognoscere,
1610 5171 1925 5241 ecquisnam
1960 5172 2049 5228 ille

463 5261 538 5314 sit
580 5262 670 5331 qui
726 5261 1064 5327 sanctificat;
1120 5270 1233 5316 tum
1281 5263 1502 5331 quinam
1556 5262 1632 5318 illi
1681 5276 1903 5318 rursum
1954 5262 2046 5330 qui

462 5353 907 5431 Sanctificantur';
936 5364 991 5409 et
1019 5369 1256 5424 quonam
1310 5356 1470 5411 modo
1508 5369 1573 5410 ex
1613 5370 1722 5411 uno
1748 5369 1960 5419 omnes,
1991 5364 2049 5408 et

2156 4708 2493 4761 πιστώσεται
2526 4707 2689 4761 πάλιν
2732 4708 2761 4759 6
2795 4707 3082 4769 θεσπέσιος
3128 4705 3342 4768 Παῦλος
3391 4704 3739 4778 προστιθείςο

2163 4819 2183 4851 ι
2222 4800 2291 4852 Ὂ
2317 4815 2378 4852 τε
2407 4798 2516 4869 γὰρ
2548 4794 2816 4865 ἁγιάζων,
2860 4797 2956 4849 καὶ
2996 4798 3044 4851 οἱ
3089 4796 3481 4867 ἁγιαζόμενοι,
3519 4795 3579 4860 ἐξ
3623 4796 3744 4859 ἑνὸς

2156 4893 2384 4954 πάντες
2426 4891 2493 4943 δι’
2529 4891 2596 4961 ἢν
2646 4888 2826 4943 αἰτίαν
2873 4889 2975 4943 οὐκ
3026 4890 3424 4960 ἐπαισχύνεται
3476 4888 3742 4957 ἀδελφοὺς

2157 4984 2357 5045 αὐτοὺς
2383 4982 2592 5045 καλεῖν,
2620 4980 2818 5049 λέγων’
2858 4980 3187 5050 Ἀπαγγελῶ
3216 4980 3277 5034 τὸ
3308 4980 3482 5051 δνομὰ
3508 4996 3602 5032 σου
3631 4982 3743 5041 τοῖς

2152 5074 2399 5143 ἁδελςςοίς
2429 5091 2553 5144 μου.
2595 5092 2614 5124 ι
2646 5072 2741 5136 Τίς
2776 5075 2806 5126 6
2852 5073 3114 5141 ἁγιάζων,
3147 5073 3243 5126 καὶ
3277 5072 3424 5135 τίνες
3447 5071 3514 5125 ἂν
3547 5067 3657 5123 εἷεν
3689 5071 3738 5124 oi

2151 5167 2521 5238 ἁγιαζόμενοι·
2557 5167 2653 5221 καὶ
2695 5166 2812 5230 πῶς
2851 5166 2911 5231 ἐξ
2960 5166 3079 5228 ἑνὸς
3109 5166 3346 5227 παντες,
3382 5164 3415 5233 ἢ
3460 5166 3523 5216 ὲκ
3549 5163 3695 5224 τίνος
3723 5204 3738 5228 ,

2148 5262 2286 5324 ὅλως
2316 5259 2467 5327 ἄξιον
2506 5259 2657 5313 ἰδεῖν.
2693 5257 2902 5311 Οὐκοῦν
2931 5256 3147 5325 ἁγιάζει
3188 5260 3287 5326 μὲν
3316 5257 3345 5308 6
3387 5254 3514 5316 Υἱὸς
3536 5293 3550 5314 ,
3587 5253 3740 5319 ἅγιος

2149 5350 2227 5405 ὣν
2264 5352 2408 5405 κατὰ
2450 5350 2613 5421 φύσιν
2644 5349 2722 5414 ὡς
2760 5349 2913 5413 Θεός’
2948 5346 3269 5419 ήγιὰσμεθα
3298 5346 3353 5399 δὲ
3400 5346 3565 5416 ήμεῖς
3611 5346 3739 5414 παρ’

531 5504 579 5539 ³³
613 5506 799 5561 Matth.
839 5523 893 5572 ι,
934 5507 1026 5569 2i,
1056 5509 1146 5562 25.
1256 5510 1302 5541 “
1339 5507 1497 5562 .Inan.
1547 5523 1636 5567 xv.
1669 5506 1759 5560 9.0.
1855 5508 1900 5539 "
1937 5506 2098 5563 Ilebr.
2127 5523 2185 5573 tt,
2215 5505 2301 5571 I6,
2340 5506 2426 5563 15.
2504 5505 2550 5538 ⁵⁸
2585 5505 2713 5577 Sap.
2746 5522 2783 5572 ι,
2832 5504 2915 5560 l5.
2992 5503 3038 5535 ⁸⁷
3074 5501 3197 5574 δψ.
3236 5501 3414 5568 tt,2I.
3493 5500 3538 5533 ⁸⁸
3579 5499 3737 5556 Joatt.

358 5568 367 5575 ’
466 5590 598 5642 xvu,
635 5576 689 5631 4.
765 5577 812 5608 ⁸⁸
842 5568 889 5632 II
918 5568 1043 5633 Cor.
1083 5596 1133 5645 ν,
1162 5580 1248 5635 l7.
1326 5581 1370 5612 '°
1402 5579 1564 5634 lIebr.
1597 5593 1658 5641 II,
1693 5579 1779 5631 tl.

1561 5730 1736 5789 Varia:
1763 5733 2021 5792 lectiones
2049 5735 2251 5793 codicis
2276 5734 2636 5806 Seguicriani.

550 5860 848 5919 Ῑθανάτον.
927 5876 963 5903 ω
992 5867 1201 5929 αὐταῖς.
1285 5878 1308 5905 η
1346 5868 1424 5921 τό.
1506 5876 1527 5899 ⁰
1564 5870 1933 5938 καταργῆσαι.
