4076 6416
309 326 444 381 15η

1118 323 1208 376 AD
1249 320 1546 376 acamas
1587 320 1668 374 os
1711 320 1933 375 nccn
1973 320 2127 375 nar.
2166 320 2425 377 onmo
2464 299 2767 377 ALTERA:

3436 326 3564 380 I578

307 442 469 498 αὑτοῦ
496 441 586 495 διὰ
629 441 723 496 τοῦ
777 443 1114 514 Πνεύματος.
1166 443 1291 507 Πῶς
1340 438 1434 496 οὖν
1484 445 1532 496 οί
1580 444 1779 507 πάντες
1827 444 1886 509 ἐξ

1992 459 2055 498 ex
2099 459 2206 513 quo
2240 445 2454 498 tandem
2511 445 2620 503 illo.
2673 445 2993 502 Sanctiﬁcat
3032 447 3198 516 igitur
3227 445 3418 510 Filius,
3472 464 3560 503 se-

305 537 463 600 ἑνὸς;
508 535 594 598 Ὡς
619 533 850 605 ΙΙοιητοῦ
877 537 971 590 καὶ
1005 535 1372 606 Δημιουργοῦ·
1408 535 1549 588 ὥστε
1581 535 1677 588 καὶ
1709 537 1879 604 ἀναγ-

306 631 458 681 καῖον
485 627 733 679 ἐντεῦθεν
766 628 914 696 ἡμᾶς
966 627 1099 696 πρὸς
1135 626 1398 697 ἀλλήλους
1427 626 1574 697 ἔχειν
1599 626 1698 697 τὴν
1733 627 1885 680 ἁδελο

307 722 534 790 φότητα.
572 717 806 787 Γενητοῦ
827 728 855 768 Ρ
878 719 984 790 γὰρ
1007 718 1142 788 πρὸς
1172 720 1417 789 γενητὸν,
1451 721 1587 772 καθὸ
1611 721 1814 790 γενητὰ
1832 729 1880 783 ς,

306 814 508 883 φυσική
539 829 620 875 τις
651 813 683 882 ἡ
720 811 1037 882 ἀδελφότης.
1074 812 1265 866 Καίτοι
1305 813 1402 882 τὴν
1430 812 1592 880 φύσιν
1619 812 1884 882 ἀγένητός

304 907 451 957 ἐστιν
475 906 502 956 ὁ
536 903 696 965 Υἱὸς,
726 903 820 956 καὶ
848 905 950 956 οὑκ
975 903 1198 970 ἁδελφὸς
1229 905 1295 973 τῇ
1331 904 1506 956 κτίσει
1540 904 1684 957 κατά
1725 920 1790 968 γε
1825 904 1885 955 τὸ

303 991 444 1048 εἶναι
475 994 636 1062 φύσει
677 993 839 1057 Θεός·
886 992 1004 1056 πῶς
1034 989 1127 1047 οὖν
1157 996 1205 1046 οἱ
1250 994 1450 1058 πάντες
1496 995 1554 1058 ἐξ
1585 995 1701 1057 ἑνὸς
1722 1035 1736 1058 ,
1768 996 1796 1048 6
1825 1012 1884 1048 τε

304 1088 550 1157 ἁγιάζων
582 1088 676 1142 καὶ
705 1088 755 1139 οἱ
797 1087 1183 1156 ἀγιαζόμενοι;
1221 1087 1429 1140 Οὐκοῦν
1461 1089 1761 1154 ἀναγκαῖος
1804 1089 1882 1152 είς

300 1184 400 1251 τὴν
434 1181 543 1235 τῶν
586 1179 966 1250 προκειμένων
1007 1179 1334 1249 διασάφησιν
1363 1179 1460 1248 τῆς
1499 1180 1635 1248 μετὰ
1681 1179 1884 1250 σαρκὸς

299 1271 616 1342 οἰκονομίας
639 1274 666 1326 6
699 1271 878 1339 λόγος.
906 1271 1036 1324 Ὅτε
1067 1271 1179 1341 γὰρ
1205 1271 1395 1339 γέγονε
1421 1271 1542 1324 καθ’
1569 1273 1736 1341 ἡμᾶς,
1762 1271 1884 1323 τότε

301 1365 394 1418 καὶ
441 1363 606 1426 αὑτὸς
635 1363 753 1432 μεθ’
784 1361 940 1432 ἡμῶν
983 1361 1046 1426 ἐξ
1074 1362 1191 1425 ἐνὸς
1228 1362 1443 1430 λέγεται
1479 1363 1573 1414 καὶ
1602 1361 1886 1432 κεχρημά-

298 1473 420 1508 τικε
448 1456 561 1517 τοῖς
585 1453 881 1523 κτίσμασιν
902 1452 1132 1521 ἁδελφὸς
1154 1492 1168 1517 ,
1193 1453 1268 1515 ὼς
1295 1453 1614 1521 συγγένειαν
1636 1453 1885 1524 ἐσχηκὼς

297 1547 399 1616 τὴν
445 1546 582 1615 πρὸς
631 1547 778 1615 ἡμᾶς
807 1543 1179 1615 ἀνθρωπίνην.
1235 1544 1424 1617 Ταύτῃ
1453 1563 1535 1598 τοι
1589 1547 1683 1598 καὶ
1739 1545 1886 1615 μάλα

300 1639 525 1702 εἰκότως
571 1638 670 1690 οὑκ
717 1636 1034 1707 αἰσχύνεται
1077 1638 1225 1708 ἡμᾶς
1264 1636 1525 1705 ἀδελφοὺς
1569 1637 1882 1707 ὀνομάζειν,

298 1731 400 1781 οὑκ
435 1729 805 1798 ἀνασχόμενος
831 1767 845 1789 ,
873 1728 949 1791 ῶς
979 1729 1041 1796 γέ
1067 1745 1157 1798 μοι
1183 1729 1454 1796 φαίνεται,
1483 1731 1596 1792 τοῖς
1621 1729 1688 1782 δι’
1718 1728 1882 1782 αὑτοῦ

1987 535 2218 590 cundum
2273 546 2526 591 naturam
2569 548 2789 593 sanctus
2831 539 3124 602 exsisteus,
3163 549 3350 608 utpote
3380 538 3559 606 Dens;

1985 627 2391 682 sanctificamur
2427 639 2608 683 autem
2643 645 2742 684 nos
2773 631 2842 684 ab
2888 645 2954 685 eo
2986 646 3081 700 per
3129 628 3392 697 Spiritum
3437 645 3567 684 san-

1987 727 2155 772 ctum.
2198 718 2267 771 At
2306 719 2580 788 qttomodo
2605 734 2668 774 ex
2719 736 2827 774 uno
2853 722 3084 774 omnes?
3116 721 3190 773 Ex
3230 736 3338 773 uno
3382 723 3568 789 utique

1985 823 2172 864 omnes
2195 811 2480 865 conditore
2509 821 2559 865 et
2586 811 2801 880 Opifice,
2833 813 2975 866 unde
3002 823 3056 865 et
3088 821 3327 865 mutuam
3352 828 3568 881 qunque

1986 899 2380 956 fraternitatem
2422 903 2733 958 necessario
2769 903 2895 957 hinc
2924 905 3210 959 trahimus.
3256 905 3388 959 Nam
3425 906 3568 958 inter

1987 992 2228 1060 genitum
2258 1003 2314 1046 et
2348 995 2612 1063 genitum,
2649 1005 2918 1065 quatenus
2945 997 3125 1064 genita
3161 1007 3308 1062 sunt,
3344 1007 3566 1051 natura-

1987 1081 2053 1134 lis
2097 1083 2346 1150 qumdatn
2390 1087 2720 1153 germanitas
2771 1085 3081 1140 intercedit.
3129 1086 3395 1142 Caeterum
3437 1103 3563 1142 cum

1989 1173 2160 1227 Filius
2192 1190 2296 1229 non
2335 1177 2407 1229 sit
2444 1187 2637 1231 natura
2673 1177 2871 1244 factus,
2921 1194 3096 1247 neque
3146 1179 3312 1233 ullam
3345 1179 3567 1235 omnino

1991 1276 2048 1318 ut
2099 1266 2243 1321 Deus
2292 1268 2688 1323 fraternitatem
2741 1285 2864 1324 cum
2903 1282 3156 1325 creatura
3201 1270 3339 1324 inire
3370 1277 3567 1338 queat;

1987 1359 2079 1426 qui
2108 1359 2220 1412 iieri
2266 1370 2442 1426 potest
2485 1371 2543 1414 ut
2583 1377 2794 1435 omnes,
2836 1372 2942 1416 tam
2980 1362 3054 1417 illi
3083 1362 3173 1431 qui
3214 1362 3568 1417 sanctiﬁcan-

1990 1456 2094 1507 tur,
2124 1464 2285 1516 quam
2317 1450 2363 1504 is
2392 1466 2606 1520 quoque
2632 1453 2723 1519 qui
2757 1451 3084 1516 sanctiﬁcat,
3122 1449 3474 1522 proﬂuxerint
3499 1451 3570 1504 ab

1987 1541 2136 1594 uno?
2166 1542 2311 1596 Sane
2343 1542 2408 1594 ad
2445 1542 2732 1596 dilucidam
2783 1545 3070 1612 proposita:
3113 1544 3188 1598 rei
3231 1544 3568 1612 explanatio-

1989 1646 2135 1695 nem,
2169 1632 2560 1686 incarnationis
2595 1634 2956 1687 oeconomiam
3000 1645 3249 1702 spectare
3281 1648 3378 1687 nos
3407 1649 3570 1703 opor-

1991 1731 2088 1778 tet.
2118 1723 2251 1779 Cum
2287 1725 2434 1779 enim
2461 1724 2619 1780 nobis
2651 1727 2949 1781 secundum
2980 1741 3199 1780 carnem
3239 1727 3570 1782 assimilatus

298 1819 582 1887 γεγονόσιν
627 1817 855 1886 ἀδελφὸς
899 1816 1265 1886 ὀνομάζεσθαι
1290 1856 1304 1880 ,
1349 1817 1398 1868 εἰ
1428 1816 1502 1886 μὴ
1532 1815 1722 1884 γέγονε
1759 1815 1880 1868 κατ’

1992 1827 2093 1882 est,
2136 1826 2264 1870 tunc
2311 1825 2364 1870 et
2410 1817 2524 1885 ipse
2556 1832 2773 1887 quoque
2825 1819 3048 1888 perinde
3087 1834 3151 1874 ac
3189 1835 3288 1875 nos
3347 1834 3412 1874 ex
3462 1833 3574 1874 uno

299 1909 521 1974 αὐτοὺς,
550 1909 692 1979 πλὴν
716 1909 777 1961 οὑ
805 1907 988 1978 μεθεὶς
1017 1910 1153 1978 ὅπερ
1179 1902 1268 1978 ἧν.
1289 1908 1421 1960 Τότε
1448 1908 1554 1978 γὰρ
1578 1906 1883 1977 ἀνεπιπλή-

299 2019 447 2065 κτως
479 2003 570 2054 καὶ
600 2000 834 2071 ὑμνήσει
882 2000 1003 2070 μεθ’
1037 2001 1193 2070 ήμῶν
1228 1999 1422 2063 αὑτὸς,
1454 1999 1511 2052 ὃν
1552 1998 1782 2069 ὑμνοῦσι
1815 1997 1883 2052 τὰ

300 2095 615 2164 Σεραςςεὶμ,
645 2092 740 2148 καὶ
774 2093 1037 2162 σύμπασα
1069 2089 1245 2154 κτίσις
1277 2093 1591 2160 προσκυνεῖ.

1989 1923 2110 1963 esse
2136 1907 2316 1963 dictus
2352 1918 2458 1975 est,
2483 1921 2970 1980 ereatnrarumque
2994 1912 3164 1966 frater
3179 1911 3304 1979 jure
3327 1911 3570 1983 appella-

1988 2007 2096 2064 tus,
2135 2008 2320 2067 utpote
2353 2015 2475 2053 cum
2507 2001 2741 2054 humana
2773 2011 2961 2054 natura
2991 1983 3385 2071 cognationem.
3407 2002 3574 2057 sorti-

1991 2099 2097 2144 tus.
2141 2089 2252 2146 llac
2298 2092 2460 2160 igitur
2504 2093 2713 2146 ratione
2760 2094 2896 2147 satis
2947 2107 3185 2162 congrue
3218 2094 3418 2149 fratres
3471 2107 3572 2148 nos

297 2185 574 2255 appellare
606 2185 916 2254 neutiquam
952 2185 1160 2238 veritus
1199 2194 1301 2238 est.
1337 2184 1448 2238 Nisi
1480 2186 1624 2238 enim
1673 2183 1756 2239 his
1787 2184 1878 2253 qui
1919 2199 2016 2252 per
2045 2186 2216 2254 ipsmn
2248 2185 2450 2240 conditi
2479 2194 2627 2248 sunt,
2693 2187 2891 2242 similis
2949 2188 3210 2244 evasisset
3237 2189 3572 2258 (quanquam

298 2298 396 2351 per
429 2281 554 2348 hoc,
601 2281 654 2336 id
687 2282 830 2352 quod
877 2289 1015 2346 erat,
1084 2296 1191 2334 non
1242 2281 1531 2348 amiserit),
1581 2294 1943 2349 nequaquam,
1986 2291 2045 2334 ut
2096 2282 2227 2336 mihi
2281 2283 2604 2352 persuadeo,
2656 2280 2844 2336 fratris
2889 2284 3107 2336 nomine
3158 2299 3219 2338 se
3259 2280 3574 2351 compellari

299 2393 492 2446 passus
535 2388 702 2433 esset.
749 2375 904 2432 Tunc
939 2377 1085 2430 enim
1129 2387 1184 2432 et
1226 2377 1430 2445 alisque
1465 2375 1889 2446 reprehensione
1925 2375 2091 2431 etiam
2156 2377 2270 2446 ipse
2313 2377 2596 2433 nobiscum
2642 2375 2907 2445 laudabit,
2934 2391 3096 2446 quem
3163 2377 3386 2431 laudant
3412 2375 3576 2430 Sera-

299 2470 472 2540 phim,
503 2480 557 2524 et
587 2470 837 2522 universa
871 2478 1122 2523 creatura
1151 2467 1362 2525 adorat.

371 2565 494 2617 ΛΡ.
549 2582 566 2614 ι
601 2565 712 2617 Καὶ
754 2562 1208 2632 ὁμολογουμένως
1240 2562 1386 2632 μέγα
1423 2563 1540 2616 ἐστὶ
1565 2564 1626 2616 τὸ
1663 2565 1764 2634 τῆς
1794 2565 1884 2617 εὑ-

298 2658 515 2722 σεϐείας
547 2658 852 2741 μυστήριον
879 2674 892 2686 ·
923 2657 1060 2714 Θεὸς
1105 2657 1425 2728 ἐφανερώθη
1460 2659 1520 2712 ὲν
1546 2662 1744 2730 σαρκὶ,
1775 2661 1884 2714 ὲδι-

296 2751 508 2822 καιώθη
555 2753 612 2804 ἐν
644 2751 956 2821 πνεύματι,
992 2749 1150 2820 ῶςρθη
1195 2751 1482 2820 ἀγγέλοις,
1513 2751 1792 2822 ἐκηρύχθη
1827 2755 1885 2806 ἐν

296 2844 534 2910 ἔθνεσιν,
567 2842 862 2912 ἐπιστεύθη
903 2843 962 2894 ὲν
1009 2841 1202 2912 κόσμῳ
1223 2880 1238 2904 ,
1272 2840 1552 2910 ἀνελήφθη
1597 2843 1655 2894 ἐν
1684 2841 1830 2912 δόξῃ.
1865 2861 1882 2893 ι

298 2939 364 2990 Εί
406 2937 538 2999 θεὸς
581 2934 657 2987 ῶν
689 2936 719 2988 ὁ
752 2933 923 3000 Λόγος
953 2931 1378 3003 ὲνανθρωπῆσαι
1405 2931 1651 2998 λέγοιτο,
1681 2933 1774 2985 καὶ
1822 2933 1884 2984 οὑ

295 3031 472 3099 δήπου
518 3027 705 3099 μεθείς
740 3025 799 3080 τὸ
833 3020 973 3078 εἶναι
1006 3023 1170 3089 Θεὸς,
1195 3022 1313 3076 ἀλλ’
1354 3023 1412 3076 ὲν
1442 3019 1524 3086 οἷς
1553 3018 1621 3094 ἦν
1652 3023 1739 3075 ἀεὶ
1771 3023 1886 3076 δια-

302 3095 500 3194 μένων·
520 3095 677 3192 *μέγα
699 3119 763 3191 δὴ
795 3119 916 3173 τότε
941 3159 956 3183 ,
984 3117 1080 3172 καὶ
1109 3117 1563 3188 ὁμολογουμένως
1591 3116 1734 3187 μέγα
1764 3116 1884 3168 ἐστὶ
1914 3095 1957 3154 C

297 3219 360 3269 τὸ
388 3217 488 3287 τῆς
527 3213 812 3277 εὐσεϐείας
847 3213 1168 3283 μυστήριον.
1199 3213 1263 3264 Ei
1284 3211 1342 3265 δὲ
1371 3209 1658 3280 ἄνθρωπος
1687 3211 1890 3262 νοεῖται

300 3308 482 3372 κοινὸς
525 3309 554 3360 ὁ
592 3304 826 3376 Χριστὸς
850 3343 864 3367 ,
895 3303 971 3366 ὡς
1005 3301 1147 3357 κατὰ
1188 3301 1357 3372 μόνην
1379 3299 1479 3370 τὴν
1529 3299 1754 3369 ἰσότητα
1789 3298 1891 3368 τῆς

301 3401 459 3468 ἀξίας
481 3441 494 3464 ,
523 3401 692 3470 ἤγουν
723 3396 1037 3460 αὑθεντίας,
1068 3395 1189 3465 Θεῷ
1220 3391 1567 3464 συνημμένος
1599 3392 1891 3464 (πεφρονή-

301 3510 434 3545 κασι
462 3492 573 3561 γὰρ
598 3490 668 3544 τὰ
699 3489 877 3543 τοιάδε
903 3487 1049 3550 τινὲς
1075 3487 1185 3540 τῶν
1208 3485 1649 3557 ἀμαθεστέρων),
1677 3485 1796 3548 πῶς
1829 3484 1890 3537 ὲν

303 3585 470 3654 σαρκὶ
492 3581 908 3652 πεφανέρωταις
935 3578 1137 3651 (καίτοι.
1159 3577 1276 3642 πῶς
1292 3579 1390 3649 οὑχ
1411 3577 1616 3630 ἅπασιν
1639 3575 1889 3648 ἐναργὲς,

300 3677 387 3732 ὅτι
432 3677 540 3739 πᾶς
583 3673 875 3744 ἄνθρωπος
907 3673 968 3725 ἐν
1022 3670 1187 3742 σαρκί
1233 3671 1297 3724 τέ
1344 3672 1498 3732 ἐστι,
1543 3668 1636 3722 καὶ
1679 3668 1779 3721 οὑκ
1824 3667 1892 3721 ἂν

306 3770 507 3839 ἑτέρως
557 3766 732 3837 ὁρῷτό
774 3769 940 3834 τισις)
983 3765 1088 3818 τίνι
1129 3764 1185 3818 δὲ
1214 3762 1402 3834 τρόπῳ
1435 3771 1455 3800 τ
1497 3755 1678 3830 ὦφθαι
1727 3778 1892 3831 φησιν

305 3861 470 3918 αὑτὸν
513 3861 610 3913 καὶ
640 3861 754 3920 τοῖς
799 3857 976 3924 ἁγίοις
1020 3855 1312 3923 ἀγγέλοις;
1358 3855 1431 3907 Ἦ
1461 3853 1570 3923 γὰρ
1610 3853 1704 3906 καὶ
1743 3853 1893 3922 ἡμᾶς

305 3955 505 4019 αὐτοὺς
547 3953 648 4022 οὑχ
691 3949 891 4022 ὁρῶσιν
944 3947 1204 4016 ἄγγελοι;
1235 3946 1303 3999 Τί
1334 3940 1427 3999 οὖν
1475 3946 1534 3997 ὲν
1567 3943 1790 4015 Χριστῷ
1829 3943 1892 3996 τὸ

307 4046 481 4112 ξένον,
518 4045 552 4116 ἢ
585 4044 637 4098 τί
679 4043 742 4096 τὸ
767 4039 1090 4112 παράδοξον,
1125 4040 1175 4092 εἰ
1223 4037 1320 4092 καὶ
1356 4035 1480 4091 καθ’
1529 4038 1678 4107 ἡμᾶς
1725 4035 1888 4097 ὄντα,

307 4137 402 4193 καὶ
429 4136 619 4206 ἓτερον
645 4133 821 4196 οὐδὲν,
857 4129 1144 4185 τεθέανταί
1173 4146 1320 4193 τινες
1361 4128 1471 4182 τῶν
1519 4128 1692 4196 ἁγίων
1721 4125 1891 4194 ἀγγέ-

303 4233 442 4295 λων;
473 4228 598 4290 Πῶς
625 4227 682 4280 δὲ
707 4227 801 4279 καὶ
821 4224 1030 4278 ἔθνεσιν
1046 4221 1326 4294 ἐκηρύχθη
1352 4237 1366 4285 ;
1390 4221 1486 4274 καὶ⁵
1511 4220 1589 4283 ὠς
1607 4220 1692 4283 τίς
1710 4219 1890 4289 ὑπάρ-

305 4342 414 4395 χων
440 4331 462 4358 ³
497 4320 646 4391 παρὰ
685 4319 794 4372 τῶν
831 4321 889 4371 ὲν
926 4317 1116 4387 κόσμῳ
1149 4303 1465 4368 πιστεύεται
1493 4329 1508 4378 ;
1540 4313 1603 4365 El
1648 4311 1748 4383 μὲν
1781 4313 1892 4383 γὰρ

305 4419 381 4479 ὼς
411 4417 508 4469 ἕνα
531 4411 784 4465 τῶνκαθ’
810 4410 962 4479 ἡμᾶς
991 4408 1276 4478 ἄνθρωπον
1307 4403 1494 4467 ἁπλῶς
1511 4445 1526 4469 ,
1553 4403 1649 4456 καὶ
1677 4401 1799 4472 οὑχ).
1823 4402 1888 4473 δὴ
1923 4435 1967 4491 D

310 4502 514 4574 μᾶλλον
543 4500 678 4553 Θεὸν
705 4495 1171 4569 ὲνηνθρωπηκότα
1197 4493 1526 4566 διεκήρυξαν
1549 4493 1597 4546 οἱ
1627 4491 1889 4563 μαθηταὶ,

309 4593 404 4645 καὶ
430 4591 507 4655 ὡς
539 4589 700 4642 τοῦτο
721 4585 987 4656 ὑπάρχων
1013 4583 1167 4654 παρὰ
1191 4582 1303 4636 τῶν
1329 4585 1385 4636 ὲν
1417 4582 1606 4653 κόσμῳ
1637 4581 1892 4636 πιστεύε-

307 4703 430 4749 ται,
465 4678 950 4754 ἀνθρωπολατρείᾳ
983 4673 1383 4746 κεκρατήμεθα
1403 4714 1417 4737 ,
1451 4674 1545 4728 καὶ
1579 4689 1892 4744 προσκεκυ-

310 4779 556 4848 νήκαμεν
604 4775 670 4841 τῇ
705 4769 882 4823 κτίσει
905 4784 918 4797 ⁸
958 4766 1054 4819 καὶ
1099 4764 1238 4836 πρός
1282 4781 1347 4833 γε
1385 4764 1543 4818 τοῦτο
1572 4766 1718 4836 ἡμᾶς
1756 4782 1891 4818 κατ-

313 4871 564 4940 εδὸνησεν
592 4864 752 4926 αὑτὸς
779 4863 808 4915 ὁ
831 4859 992 4930 φύσει
1027 4875 1085 4912 τε
1105 4858 1200 4911 καὶ
1229 4856 1459 4929 ἀληθείᾳ
1488 4857 1584 4910 καὶ
1613 4855 1724 4910 τῶν
1753 4857 1892 4912 ὅλων

309 4959 462 5022 Θεόςο
504 4958 670 5018 αὑτὸς
717 4954 827 5024 γὰρ
855 4953 990 5022 ἡμῖν
1036 4949 1130 5002 τὸν
1176 4948 1286 5002 τῶν
1329 4948 1613 5020 θεηγόρων
1649 4947 1890 5016 ἀνέδειξε

311 5052 493 5124 χορόν.
523 5051 588 5103 Εἰ
615 5049 672 5103 δὲ
706 5045 940 5117 Χριστὸς
967 5043 1216 5114 ἐγερθεὶς
1250 5043 1315 5095 ὲκ
1340 5042 1550 5112 νεκρῶν
1578 5043 1693 5106 τοῖς
1717 5043 1898 5110 ἁγίοις

311 5147 551 5213 ἔφασκεν
605 5139 958 5201 ἀποστόλοιςο
1018 5155 1035 5188 ι
1097 5134 1466 5206 Πορευθέντες
1514 5133 1896 5205 μαθητεύσατε

313 5235 492 5288 πάντα
538 5231 608 5284 τὰ
650 5231 810 5297 ἔθνη,
862 5226 1216 5296 βαπτίζοντες
1268 5225 1466 5287 αὐτοὺς
1509 5226 1592 5288 είς
1625 5224 1689 5277 τὸ
1725 5224 1896 5294 ὄνομα

312 5326 406 5379 τοῦ
438 5325 673 5398 Πατρὺς,
716 5326 810 5378 καὶ
835 5325 928 5377 τοῦ
973 5327 1124 5390 Υίοῦ,
1156 5327 1250 5380 καὶ
1292 5325 1387 5379 τοῦ
1429 5324 1586 5393 ἁγίου
1634 5323 1892 5394 Πνεύμα-

381 5503 425 5537 σί
456 5501 470 5554 l
506 5501 743 5557 Timotli.
779 5518 863 5567 Ill,
894 5501 978 5556 16.

1974 2571 1982 2584 '
2066 2563 2310 2618 XXXI".
2359 2582 2380 2613 ι
2419 2563 2484 2618 Et
2513 2563 2799 2618 manifeste
2830 2579 3083 2632 maguum
3109 2573 3194 2618 est
3231 2565 3453 2633 pietatis
3482 2580 3572 2620 sa-

1992 2666 2331 2710 cramentum
2363 2673 2375 2708 :
2408 2654 2551 2709 Deus
2587 2656 2964 2710 manifestatus
2999 2667 3083 2711 est
3123 2657 3174 2710 in
3204 2672 3392 2721 carne,
3415 2656 3577 2724 justi-

1995 2750 2187 2803 ticatns
2227 2758 2310 2802 est
2339 2749 2392 2802 in
2425 2747 2642 2816 spiritu,
2675 2748 2824 2802 visus
2873 2757 2956 2802 est
2991 2748 3220 2817 angelis,
3252 2749 3577 2817 praedicatus

1993 2849 2076 2892 est
2109 2839 2164 2893 in
2201 2839 2477 2908 gentibus,
2513 2840 2754 2894 creditus
2801 2850 2880 2894 est
2914 2839 2980 2896 in.
3015 2840 3235 2904 tmmdo,
3267 2849 3579 2910 assumptus

1993 2937 2076 2982 est
2131 2929 2186 2983 in
2235 2930 2404 2998 gloria
2431 2931 2497 2982 “.
2533 2948 2552 2982 ι
2607 2930 2661 2985 Si
2711 2931 2853 2986 Deus
2885 2931 3111 2985 verbum
3158 2932 3418 2988 deitatem
3470 2947 3576 2988 non

1996 3020 2279 3086 amittens,
2312 3022 2406 3076 sed
2439 3023 2492 3076 in
2527 3023 2728 3093 quibus
2753 3031 2876 3076 erat
2914 3021 3074 3078 bonis
3107 3031 3427 3079 constanter
3451 3040 3580 3096 per-

1993 3113 2213 3177 sistens,
2248 3112 2412 3167 bomo
2439 3112 2620 3168 factus
2651 3114 3000 3181 praedicatur,
3033 3130 3290 3187 magnum
3328 3117 3578 3186 profecto

1993 3203 2212 3271 pietatis
2250 3205 2568 3274 mysterium
2619 3205 2709 3259 hic
2741 3221 2800 3260 se
2841 3204 3020 3261 oﬂ‘ert.
3065 3208 3124 3262 Si
3167 3223 3295 3263 vero
3327 3207 3580 3266 Christus

1991 3307 2076 3352 est
2120 3299 2283 3353 homo
2330 3305 2540 3353 tantum
2589 3301 2924 3367 communis,
2979 3301 3093 3356 sola
3148 3301 3432 3373 dignitatis
3489 3301 3576 3358 vel

1995 3391 2339 3446 auctoritatis
2371 3392 2633 3446 societate
2661 3391 2771 3446 Deo
2799 3391 3122 3461 coniunctus
3148 3393 3275 3463 (hoc
3307 3395 3452 3448 enim
3494 3394 3579 3450 in-

1994 3481 2137 3538 docti
2184 3483 2400 3551 quidam
2455 3481 2806 3554 defendunt),
2864 3485 3138 3553 quomodo
3197 3485 3580 3542 manifestatus

1994 3582 2080 3628 est
2121 3573 2175 3627 in
2227 3573 2432 3628 carne?
2491 3575 2575 3628 An
2644 3590 2749 3628 non
2797 3576 3048 3630 omnibus
3098 3579 3442 3647 perspicuutn
3495 3588 3582 3635 est

1995 3664 2198 3718 nullum
2241 3681 2348 3719 non
2391 3665 2664 3720 hominem
2697 3681 2860 3720 carne
2895 3681 3015 3721 esse
3042 3667 3313 3732 indutum,
3348 3684 3446 3725 uec
3473 3670 3584 3726 alio

1995 3757 2157 3811 modo
2183 3771 2214 3810 a
2250 3772 2522 3827 quoquam
2561 3772 2721 3826 posse
2757 3758 2962 3812 videri?
2992 3759 3153 3830 154
3181 3761 3293 3826 Qua
3322 3775 3452 3830 ergo
3488 3777 3582 3816 ra-

1996 3850 2143 3904 tione
2167 3865 2198 3904 a
2230 3852 2438 3905 sanctis
2465 3864 2682 3919 quoque
2708 3851 2916 3917 angelis
2945 3853 3092 3905 visus
3127 3853 3359 3906 dicitur?
3391 3852 3584 3910 Nonne

1995 3941 2172 4010 angeli
2211 3941 2462 4009 nosipsos
2496 3940 2919 4008 conspicantur?
2950 3940 3090 4006 Quid
3130 3942 3296 4010 igitur
3327 3943 3378 3996 in
3420 3944 3580 4000 Chri-

1993 4041 2080 4088 sto
2111 4041 2206 4086 aut
2237 4047 2456 4096 novum,
2496 4041 2590 4085 aut
2624 4031 2971 4098 inusitatum,
3004 4041 3060 4088 et
3099 4035 3462 4091 admiratione
3492 4038 3579 4092 di-

1993 4140 2156 4195 gnum
2205 4133 2312 4190 est,
2362 4124 2409 4178 si
2462 4122 2633 4178 solam
2673 4133 2880 4179 naturae
2921 4135 3124 4180 nostrae
3163 4128 3576 4185 similitudinem

1994 4233 2216 4288 gerens.
2254 4233 2285 4272 a
2321 4217 2643 4287 quibusdam
2670 4218 2876 4288 angelis
2910 4219 3060 4274 visus
3086 4219 3214 4274 est?
3240 4219 3427 4287 Qualis
3454 4238 3578 4277 rur-

1994 4323 2115 4365 sum
2152 4309 2404 4379 gentibus
2430 4307 2794 4376 praedicatus?
2825 4317 2916 4362 aut
2953 4308 3130 4376 qualis
3161 4311 3378 4365 tandem
3416 4313 3484 4367 ab
3511 4313 3579 4370 iis

1994 4401 2086 4470 qui
2124 4409 2254 4455 sunt
2287 4401 2340 4454 in
2377 4399 2602 4464 mundo,
2641 4399 2920 4454 creditur?
2958 4399 3093 4454 Nam
3138 4401 3184 4456 si
3229 4402 3376 4456 illum
3414 4404 3579 4459 disci-

1997 4494 2107 4563 puli
2139 4491 2338 4546 mundo
2375 4491 2741 4561 praedicarunt
2775 4500 2834 4545 ut
2871 4506 3062 4559 purum
3103 4492 3339 4560 aliquem
3377 4505 3578 4550 nostra:

1998 4585 2330 4640 conditionis
2387 4585 2682 4646 hominem,
2730 4592 2786 4637 et
2825 4598 2934 4637 non
2983 4594 3038 4637 ut
3081 4584 3249 4638 Deum
3299 4583 3575 4640 hominem

1995 4677 2223 4742 factum,
2257 4677 2487 4747 talisque
2511 4676 2580 4730 ab
2613 4675 2680 4730 iis
2713 4676 2804 4744 qui
2841 4676 2896 4729 in
2927 4676 3130 4728 mundo
3157 4677 3362 4744 degunt
3398 4679 3578 4732 credi-

2000 4778 2121 4837 tur;
2172 4773 2240 4824 ad
2279 4785 2444 4823 unum
2491 4783 2682 4824 omnes
2730 4767 3172 4837 anthrupnlatriat
3219 4768 3450 4824 crimine
3500 4772 3578 4825 rei

2003 4862 2327 4926 tenebimnr,
2390 4873 2808 4932 creaturamque
2850 4863 3130 4920 Creatoris
3183 4865 3304 4920 loco
3355 4866 3582 4921 adorare

2001 4964 2189 5020 aperte
2216 4953 2652 5008 convincemur?
2684 4954 2846 5024 idque
2883 4954 3029 5009 illius
3070 4955 3324 5026 impulsu,
3355 4957 3444 5026 qui
3481 4973 3581 5010 na~

2003 5053 2124 5100 tura
2188 5055 2243 5101 et
2289 5045 2526 5101 veritate
2569 5045 2949 5100 universorum
3009 5045 3150 5101 Deus
3199 5057 3300 5102 est.
3351 5045 3585 5102 Constat

2004 5138 2148 5192 enim
2198 5137 2375 5205 ipsum
2439 5137 2506 5190 ad
2559 5153 2658 5192 nos
2709 5137 2926 5193 misisse
2978 5139 3267 5211 magistros
3320 5139 3413 5207 qui
3468 5139 3585 5192 haec

2001 5231 2280 5284 docerent.
2306 5228 2461 5296 Quod
2493 5229 2538 5284 si
2567 5229 2816 5286 Christus
2845 5246 2911 5286 ex
2941 5232 3168 5286 mortuis
3193 5231 3580 5296 exsuscitatus,

2001 5330 2223 5378 sanctos
2265 5323 2540 5392 apostolos
2570 5323 2656 5380 his
2697 5322 2880 5379 verbis
2928 5322 3124 5379 aﬂ'atur
3152 5341 3166 5378 :
3201 5341 3220 5376 ι
3253 5322 3456 5378 Euntes
3488 5322 3589 5378 do~

1417 5638 1589 5694 Variae
1623 5637 1880 5694 leeliones
1913 5639 2116 5695 codicis
2152 5638 2513 5709 Seguienani.

385 5794 414 5835 ι,
444 5781 677 5853 γενητῷ.
753 5791 780 5830 ιι
811 5777 1056 5849 γενητόν,
1136 5788 1158 5817 r
1191 5779 1314 5833 τίνα
1343 5779 1396 5832 δὲ
1426 5777 1646 5848 τρόπον.
1724 5782 1745 5812 ³
1778 5776 1863 5830 ἴσ.
1896 5777 1991 5831 καὶ
2031 5777 2179 5839 ὅστις
2207 5777 2489 5847 ὑπάρχων.
