4076 6442
493 363 630 445 me

1476 355 1533 411 S.
1574 354 1849 412 CYBILLI
1893 348 2361 407 ALEXANDIHNI
2405 347 2725 404 ARClllEP.

3615 354 3758 408 138')

490 489 607 527 rete
655 487 844 527 omnes
880 482 1088 539 gentes,
1120 471 1464 539 bnptizantes
1493 483 1590 523 eos
1624 469 1676 520 in
1722 467 1940 520 nomine
1975 464 2065 517 Pu-

2174 479 2295 525 τος·
2328 480 2347 513 ›
2381 458 2498 515 εἶτα
2532 463 2981 533 πεπιστεύκαμεν
3016 466 3096 528 είς
3122 465 3314 528 αὐτὸν,
3346 465 3756 537 βεδαπτίσμεθά

493 569 615 630 tris,
643 577 697 619 et
724 564 867 627 Filii,
897 575 950 617 et
972 564 1214 632 Spiritus
1244 563 1417 615 sancti
1442 561 1518 625 ⁶¹;
1548 579 1567 613 ι
1598 574 1807 628 nosque
1831 559 1883 612 in
1922 558 2068 612 illum

491 659 782 717 credimus,
811 670 871 709 ac
900 665 1135 709 mortem
1168 654 1409 723 ejusdem
1444 651 1849 711 annnntiantes,
1884 664 2067 703 resur-

492 749 893 814 rectionemque
918 747 1262 807 conﬁtentes,
1296 744 1551 813 haptizati
1581 757 1770 796 sumus
1799 759 1814 807 ;
1847 750 1901 795 et
1926 741 2070 793 istud

489 841 555 893 de
585 853 732 891 more
769 837 1091 889 iactitantes
1116 851 1393 904 nunquam
1438 836 1700 888 hactenus
1722 833 1865 903 quod
1898 831 2071 886 homi-

489 944 608 981 nem
641 927 904 990 colamus,
952 925 1251 979 insimulati
1286 925 1486 977 fuimus
1513 941 1526 976 :
1559 925 1683 992 quis
1715 923 1936 977 dubium
1971 921 2069 973 ha-

487 1020 616 1074 bere
652 1027 839 1086 potest
898 1016 1176 1071 Christum
1246 1032 1351 1068 non
1397 1029 1518 1068 esse
1559 1028 1752 1082 purum
1797 1011 2070 1066 hominem

489 1117 628 1168 nuda
685 1123 892 1167 tantum
952 1109 1292 1177 simplicique
1348 1122 1471 1161 cum
1538 1105 1631 1158 Dei
1696 1102 1876 1158 Verbo
1941 1117 2072 1156 con-

489 1206 720 1255 nexionc
750 1203 1106 1263 honoratum;
1150 1211 1335 1249 verum
1381 1195 1615 1249 naturali
1656 1192 1953 1248 secundum
1988 1191 2073 1244 di-

489 1294 878 1363 spensaturiam
921 1292 1180 1344 unionem
1229 1304 1351 1343 cum
1408 1288 1643 1341 humana
1692 1294 1889 1341 natura
1939 1298 2072 1338 cuu-

484 1386 762 1456 junctione
814 1398 980 1438 unum
1028 1396 1149 1435 esse
1209 1378 1406 1432 Filium
1451 1388 1507 1432 et
1557 1379 1866 1438 Dominum,
1911 1387 2071 1442 atque

489 1478 609 1530 ideo
635 1490 886 1542 magnum
911 1474 1129 1544 pietatis
1151 1481 1552 1525 sacramentum
1578 1469 1813 1524 eluxisse
1835 1465 2072 1520 mundo?

486 1565 623 1619 Nam
670 1564 811 1619 Deus
851 1564 1087 1617 Verhnm
1140 1562 1391 1630 apparuit
1428 1561 1480 1613 iu
1527 1574 1713 1624 carne,
1745 1558 2073 1627 jnstilicatus

489 1666 571 1711 est
603 1656 655 1709 in
684 1654 887 1724 Spiritu
921 1655 1146 1725 (nullum
1180 1655 1326 1708 enim
1365 1662 1646 1721 peccatum
1686 1649 1944 1704 Dominus
1976 1664 2073 1700 no-

489 1760 604 1803 ster
645 1746 942 1818 designat),
967 1748 1119 1800 visus
1155 1757 1234 1800 cst
1264 1756 1318 1799 et
1341 1745 1568 1814 angelis,
1610 1755 1664 1797 ut
1693 1745 1782 1812 qui
1815 1742 2070 1796 nativita—

2170 568 2229 604 τε
2253 593 2269 614 ,
2304 551 2395 603 τὸν
2439 552 2669 605 θάνατον
2701 552 2868 607 αὐτοῦ
2906 554 3371 621 καταγγέλλοντες
3392 594 3408 619 ,
3438 557 3534 609 καὶ
3558 558 3755 627 ὁμολο-

2170 644 2396 711 γοῦντες
2435 645 2532 716 τὴν
2575 646 2921 711 ἀνάστασινθ,
2945 647 3041 699 καὶ
3078 646 3238 699 τοῦτο
3280 648 3414 718 δρᾷν
3460 650 3751 715 εἰωθότες,

2168 738 2282 798 τοῖς
2309 736 2821 806 ἀνθρωπολατρείας
2847 736 3156 808 ἐγκλήμασι
3184 738 3308 791 κατ’
3334 737 3525 794 οὐδένα
3553 743 3755 812 τρόπον

2170 825 2528 895 ὲνισχήμεθα.
2561 827 2675 879 Οὐκ
2706 827 2814 897 ἄρα
2846 826 2975 897 ψιλῇ
3024 830 3295 900 συναφείᾳ
3334 832 3401 901 τῇ
3442 833 3579 904 πρὸς
3621 833 3757 886 Θεὸν

2173 917 2344 984 Λόγον
2381 919 2744 988 τετιμημένος
2768 918 3057 989 ἄνθρωπος
3092 920 3119 971 6
3145 921 3381 990 Χριστὸς
3401 960 3417 985 ,
3457 923 3660 995 συνόδῳ
3694 926 3756 979 δὲ

2173 1008 2374 1077 μᾶλλον
2398 1012 2464 1080 τῇ
2503 1011 2641 1080 πρὸς
2673 1009 2738 1062 τὸ
2766 1010 3107 1079 ἀνθρώπινον
3145 1011 3267 1065 καθ’
3309 1013 3506 1065 ἕνωσιν
3543 1016 3754 1069 οἰκονο-

2174 1097 2342 1168 μικὴν
2368 1098 2495 1162 Υίὸς
2519 1094 2600 1162 εἷς
2648 1101 2745 1152 καὶ
2788 1100 3015 1171 Κύριος.
3061 1101 3220 1168 Μέγα
3254 1101 3364 1173 γὰρ
3394 1103 3515 1157 τότε
3550 1105 3613 1157 τὸ
3654 1107 3757 1172 τῆς

2169 1191 2454 1254 εὐσεϐείας
2500 1193 2832 1262 μυστήριον·
2882 1194 3269 1265 πεφανέρωται
3319 1194 3429 1266 γὰρ
3481 1197 3541 1248 ἐν
3589 1201 3756 1267 σαρκὶ

2169 1282 2302 1346 Θεὸς
2323 1282 2398 1335 ὣν
2421 1284 2450 1336 6
2478 1282 2677 1350 Λόγος,
2712 1283 3005 1353 ἐδικαιώθη
3032 1284 3089 1337 δὲ
3117 1285 3212 1338 καὶ
3241 1288 3298 1337 ὲν
3336 1286 3617 1356 Πνεύματι
3635 1305 3649 1317 ·
3688 1289 3755 1340 οὐ

2169 1375 2280 1443 γὰρ
2306 1374 2559 1443 ἐποίησεν
2587 1374 2862 1444 ἁμαρτίαν
2893 1378 2923 1428 6
2950 1375 3154 1446 Κύριος
3174 1378 3207 1445 ἡ
3218 1376 3335 1446 μῶν
3385 1378 3594 1448 Ἰησοῦς
3618 1380 3755 1452 Χρι-

2172 1467 2327 1528 στός·
2373 1464 2527 1535 ὤφθη
2577 1465 2634 1518 δὲ
2674 1466 2770 1518 καὶ
2812 1466 3103 1535 ἀγγέλοις,
3150 1467 3201 1520 οἶ
3248 1468 3348 1538 τὴν
3404 1469 3756 1544 ἀνθρωπίνην

2171 1558 2339 1611 αὑτοῦ
2364 1558 2618 1629 γέννησιν
2658 1560 2760 1612 οὐκ
2785 1559 3116 1629 ἠγνοηκότες
3146 1560 3410 1630 ἔφασκον·
3467 1579 3486 1613 ι
3522 1564 3659 1629 Δόξα
3696 1568 3756 1617 ἐν

2172 1649 2416 1718 ὑψίστοις
2453 1650 2608 1720 Θεῷ,
2640 1651 2735 1703 καὶ
2778 1651 2874 1704 ἐπὶ
2914 1653 3017 1721 γῆς
3067 1654 3295 1723 εἰρήνη,
3338 1655 3397 1707 ἐν
3443 1654 3754 1725 ἀνθρώποις

2172 1740 2411 1794 εὐδοκία.
2445 1759 2464 1791 ι
2511 1741 2823 1813 Ἐκηρύχθη
2851 1741 2909 1794 δὲ
2932 1742 3027 1795 καὶ
3052 1743 3109 1794 ὲν
3133 1743 3315 1796 ἔθνεσι
3341 1761 3354 1774 ·
3382 1746 3478 1797 καὶ
3503 1746 3585 1798 ὅτι
3609 1749 3754 1800 κατὰ

489 1849 595 1894 tein
633 1840 750 1904 ejus
778 1838 1075 1891 secundum
1105 1849 1321 1888 carnem
1357 1849 1461 1888 non
1495 1834 1807 1903 ignorantes
1835 1851 1849 1887 :
1880 1851 1898 1882 ι
1935 1832 2060 1885 Glu-

2168 1833 2424 1903 ἀλήθειάν
2466 1835 2613 1886 ἐστιν
2638 1837 2666 1887 6
2712 1834 2839 1897 Υἱὸς
2881 1834 2977 1887 τοῦ
3008 1835 3145 1887 Θεοῦ
3172 1836 3270 1889 καὶ
3297 1836 3537 1907 Πατρός,
3571 1839 3662 1890 καὶ
3695 1840 3756 1890 ὲν

486 1930 566 1983 ria
599 1930 649 1982 in
681 1928 961 1983 altissimis
993 1927 1121 1989 Deo,
1159 1936 1212 1980 et
1244 1928 1296 1979 in
1333 1934 1475 1979 terra
1511 1940 1636 1992 pax,
1664 1926 1717 1978 in
1755 1924 2062 1979 hominibus

2171 1926 2335 1997 σαρκῖ¹
2365 1925 2625 1996 πεφηνὼς
2643 1965 2657 1987 ,
2682 1925 2836 1996 παρὰ
2858 1927 2971 1989 τοῖς
2999 1929 3058 1981 ὲν
3087 1928 3279 1998 κόσμῳ
3310 1929 3645 1984 πιστεύεται.

486 2022 627 2078 bona
679 2023 930 2077 voluntas
954 2021 1031 2084 “,
1064 2039 1085 2072 ι
1131 2019 1546 2086 concinuerint;
1608 2019 1935 2088 praedicatus
1984 2027 2068 2073 est
2104 2019 2230 2071 etin
2266 2020 2521 2087 gentibus
2577 2033 2845 2089 quoque:
2892 2018 3126 2086 denique
3180 2035 3368 2073 verum
3406 2007 3548 2073 illum
3599 2030 3757 2074 natu-

489 2112 767 2179 ratemque
799 2109 890 2163 Dei
935 2109 1112 2163 Putris
1152 2107 1344 2162 Filium
1385 2123 1528 2174 esse,
1582 2109 1673 2177 qui
1743 2107 2115 2163 manilestatus
2153 2110 2223 2162 sit
2275 2110 2326 2163 in
2394 2124 2583 2177 carne,
2644 2109 2910 2164 creditum
2960 2118 3043 2162 est
3087 2108 3156 2163 ab
3204 2110 3286 2165 his
3340 2112 3428 2183 qui
3492 2113 3753 2166 muudum

486 2207 630 2258 hunc
662 2202 924 2256 incolunt.

557 2291 799 2347 XXXIV.
865 2312 883 2344 ι
921 2293 984 2346 Ει
1041 2293 1411 2347 testimonium
1464 2293 1738 2362 perhibuit
1795 2292 2067 2359 Joannes,

486 2386 673 2440 dicens
705 2404 718 2439 :
749 2386 883 2451 Quia
926 2385 1032 2440 vidi
1064 2387 1324 2454 Spiritum
1355 2385 1775 2439 descendentem
1800 2387 1953 2453 quasi
1981 2400 2070 2438 co-

486 2478 722 2531 lumhant
765 2480 833 2532 de
859 2477 1018 2539 etelo,
1043 2490 1096 2531 et
1140 2479 1338 2529 inausit
1375 2492 1539 2545 super
1564 2491 1709 2529 eum.
1752 2476 1819 2529 Et
1855 2491 1953 2545 ego
1982 2492 2070 2530 ne-

490 2570 728 2624 scit-ham
760 2584 909 2632 eum,
944 2570 1039 2621 sed
1068 2568 1160 2636 qui
1193 2568 1343 2622 misit
1382 2582 1468 2621 tne
1501 2568 1778 2635 haptizare
1813 2567 1864 2620 in
1902 2584 2065 2637 aqua,

489 2661 578 2714 ille
627 2660 756 2713 inihi
806 2659 944 2712 dixit
972 2677 987 2712 :
1013 2660 1188 2727 Super
1226 2672 1387 2727 quem
1419 2659 1619 2712 videris
1666 2660 1924 2727 Spiritqu
1968 2661 2064 2714 de-

486 2752 833 2805 ascendentem
874 2760 928 2804 et
956 2760 1264 2804 manentem
1308 2764 1472 2818 super
1508 2764 1652 2814 eum,
1680 2748 1839 2820 155
1865 2751 1954 2805 hic
1981 2761 2067 2805 est

485 2843 576 2913 qui
614 2845 850 2913 baptizat
897 2843 949 2896 in
991 2842 1197 2911 Spiritu
1238 2853 1447 2895 sancto.
1488 2841 1555 2895 Et
1592 2856 1694 2911 ego
1726 2845 1857 2908 vidi,
1900 2853 1955 2898 et.
1983 2854 2065 2899 te-

486 2938 805 2992 stimonium
856 2936 1131 3005 perhibui,
1179 2936 1305 3005 quia
1360 2935 1446 2989 hic
1496 2944 1581 2989 est
1621 2935 1790 2989 Filius
1822 2934 1916 2989 Dei
1943 2936 2008 2990 “.
2038 2953 2060 2989 ι

2246 2296 2367 2350 AA'.
2414 2314 2433 2347 ι
2474 2293 2586 2348 Καὶ
2629 2295 3015 2367 ἐμαρτύρησεν
3071 2294 3323 2364 Ἰωάννης
3369 2293 3581 2363 λέγων·
3631 2296 3755 2348 Ὄτί

2173 2388 2438 2456 τεθέαμαι
2479 2386 2540 2440 τὸ
2586 2387 2814 2457 Πνεῦμα
2870 2386 3199 2441 καταὸαἴνον
3246 2370 3379 2439 ὠσεὶ
3423 2390 3758 2459 περιστερὰν

2173 2480 2235 2544 ἐξ
2265 2479 2533 2549 οὐρανοῦ,
2570 2481 2667 2532 καὶ
2709 2479 2923 2549 ἔμεινεν
2955 2479 3042 2532 ἐπ’
3082 2480 3266 2533 αὐτόν.
3324 2478 3465 2548 Ἐγὼ
3502 2479 3603 2531 δὲι
3652 2482 3758 2533 οὐκ

2175 2572 2323 2642 ᾔδειν
2348 2569 2511 2625 αὐτόν
2531 2585 2545 2599 ’
2591 2569 2708 2622 ἀλλ’
2732 2572 2761 2623 6
2793 2569 3016 2640 πέμψας
3053 2586 3121 2639 με
3166 2569 3445 2639 βαπτίζειν
3476 2572 3535 2623 ὲν
3575 2570 3753 2633 ὕδατι,

2173 2663 2336 2726 αὑτός
2366 2680 2455 2733 μοι
2497 2657 2650 2715 εἶπεν
2672 2678 2689 2694 ο
2746 2663 2862 2731 Ἐφ’
2889 2662 2950 2715 ὃν
2977 2661 3044 2715 ἂν
3082 2662 3197 2732 ίδῃς
3222 2661 3285 2714 τὸ
3327 2662 3548 2732 Πνεῦμα
3584 2680 3756 2716 κατα-

2173 2754 2380 2819 ϐαῖνον,
2403 2756 2497 2808 καὶ
2532 2755 2691 2825 μένον
2729 2755 2816 2806 ἐπ’
2840 2754 3004 2809 αὑτὸν
3021 2795 3036 2819 ,
3066 2749 3222 2819 οὗτός
3248 2758 3396 2809 ἐστιν
3419 2755 3449 2807 6
3476 2755 3758 2824 βαπτίζων

2171 2847 2230 2898 ὲν
2258 2847 2536 2915 Πνεῦματι
2562 2844 2636 2915 τῷ
2662 2846 2824 2915 ἁγίῳ.
2863 2845 3035 2913 Κάγὼ
3062 2845 3317 2917 ἑώρακα,
3346 2847 3441 2899 καὶ
3467 2847 3762 2918 μεμαρτίοι

2174 2954 2319 3009 ρηκα
2339 2977 2354 3000 ,
2382 2938 2464 2991 ὅτι
2492 2932 2645 3000 οὗτός
2676 2940 2824 2991 ἐστιν
2862 2941 2892 2991 6
2929 2938 3055 3001 Υἱὸς
3091 2937 3188 2991 τοῦ
3218 2936 3379 2990 Θεοῦ.
3434 2956 3453 2988 ι
3491 2938 3628 2991 Ἕνα
3660 2937 3752 2992 λέ-

484 3030 619 3086 Cum
654 3046 818 3083 unum
849 3031 1114 3083 dumtaxat
1136 3027 1541 3082 Ennuanuclem
1573 3029 1933 3098 assiguemus,
1967 3043 2062 3085 ne-

2168 3046 2357 3099 γοντες
2398 3029 2494 3082 τὸν
2542 3029 2922 3101 Ἐμμανουὴλ,
2967 3029 3062 3083 καὶ
3104 3028 3213 3082 τῶν
3244 3031 3324 3092 είς
3369 3027 3460 3082 δύο
3482 3029 3756 3098 Χριστοὺς

487 3138 593 3192 que
638 3138 735 3177 eos
776 3121 867 3191 qui
922 3122 1141 3176 unicum
1187 3121 1466 3175 Christum
1514 3121 1568 3174 in
1616 3122 1753 3176 duos
1781 3121 2063 3188 divellunt,

487 3217 748 3279 feramus,
790 3217 918 3284 quid
961 3216 1227 3278 dicemus,
1258 3229 1381 3267 cum
1436 3212 1702 3284 Spiritum
1742 3224 1991 3270 sanctitm
2035 3230 2068 3270 e

486 3308 630 3363 cmlo
660 3322 824 3376 super
868 3307 1016 3359 ilhnn
1060 3306 1431 3367 descendisse,
1476 3320 1685 3359 necnon
1726 3320 1891 3374 super
1918 3320 2068 3360 eum-

488 3399 608 3453 dem
637 3399 903 3453 mansisse
931 3397 1221 3450 audimus?
1242 3394 1723 3465 Suspicabimurne
1757 3396 1851 3449 Dei
1889 3396 2067 3453 Patris

494 3491 729 3544 Velhum
783 3490 1021 3559 Spiritus
1061 3490 1233 3544 sancti
1278 3488 1693 3557 participatione
1742 3488 2068 3559 indiguisse?

487 3584 559 3638 At
589 3584 717 3652 quid
766 3584 869 3637 huc
913 3592 1006 3634 aut
1037 3582 1360 3649 excogitari,
1405 3593 1499 3632 aut
1546 3581 1649 3634 dici
1682 3588 1844 3649 queat
1872 3581 2066 3635 absur-

488 3674 646 3728 dius?
696 3673 937 3741 Spiritus
976 3672 1123 3725 enitu
1171 3684 1326 3738 aeque
1368 3671 1619 3739 proprius
1666 3679 1753 3724 est
1795 3670 1939 3724 illius
1984 3680 2066 3725 at-

489 3779 596 3831 que
639 3763 732 3816 Dei
772 3761 972 3816 Patris.
1003 3778 1022 3812 ι
1070 3759 1333 3826 Quoniam
1379 3762 1513 3815 estis
1568 3762 1660 3814 lilii
1693 3762 1893 3829 (inquit
1939 3763 2067 3814 hea-

491 3864 576 3907 tus
608 3851 851 3921 Paulus),
889 3852 1036 3906 misit
1062 3850 1200 3905 Deus
1234 3852 1492 3920 Spiritum
1527 3852 1645 3906 Filii
1684 3852 1766 3907 sui
1811 3853 1864 3906 in
1899 3856 2062 3913 corda

490 3957 668 3998 vestra
695 3944 1019 3998 clamantem
1045 3943 1255 4008 :Ahha,
1278 3942 1437 3997 Pater
1456 3944 1522 3999 “.
1552 3962 1571 3995 ι
1594 3942 1819 4010 lmpium
1842 3944 2067 4014 proinde

487 4034 647 4092 fuerit
676 4036 760 4091 vel
790 4036 964 4092 solum
998 4036 1260 4104 cogitare,
1294 4037 1469 4104 ipsqu
1507 4036 1601 4091 Dei
1627 4036 1806 4091 Patris
1831 4035 2063 4092 Verbum

488 4128 725 4193 Spiritus
780 4130 952 4184 sancti
1015 4129 1511 4183 communicatione
1553 4130 1805 4200 eguisse;
1859 4132 2064 4183 fatuum

486 4234 638 4282 vero,
674 4221 726 4272 in
771 4234 881 4273 rem
918 4234 1090 4288 usque
1128 4221 1264 4273 adeo
1292 4219 1507 4287 planam
1537 4231 1591 4275 et
1632 4221 1940 4276 evidentem
1971 4236 2066 4274 cu-

2166 3119 2619 3188 ἀποδιοριζόντων
2664 3120 2765 3173 οὐκ
2802 3120 3151 3190 ἀνεχόμενοι,
3201 3119 3257 3172 τί
3303 3119 3367 3189 δὴ
3416 3115 3529 3190 ἆρά
3571 3136 3754 3189 φαμεν

2168 3211 2547 3273 καταπτάντος
2586 3211 2674 3262 ἐπ’
2716 3210 2882 3264 αὑτὸν
2922 3210 2981 3274 ἐξ
3004 3209 3239 3281 οὐρανοῦ
3267 3211 3363 3264 τοῦ
3391 3212 3546 3277 ἁγίου
3578 3211 3754 3263 Πνεῦ-

2170 3320 2357 3373 ματος,
2393 3303 2489 3356 καὶ
2520 3303 2808 3374 μείναντος
2828 3302 2918 3355 ἐπ’
2955 3302 3120 3354 αὐτόν
3147 3318 3161 3367 ;
3194 3297 3302 3372 ἀρα
3339 3301 3621 3372 δεδεῆσθαι
3653 3302 3753 3355 τοῦ

2170 3396 2493 3465 μεταλαχετν
2544 3394 2703 3463 ἁγίου
2758 3395 3078 3465 Πνεῦματος
3118 3395 3210 3449 τὸν
3254 3397 3319 3448 ὲκ
3359 3395 3496 3448 Θεοῦ
3539 3378 3753 3467 Πατρὸῖς

2165 3486 2339 3556 Λόγον
2371 3486 2803 3556 ὑποτοπάσωμεν
2826 3501 2841 3551 ;
2866 3485 3055 3539 Καίτοι
3096 3485 3214 3549 πῶς
3243 3486 3344 3539 οὐκ
3384 3486 3449 3540 ἂν
3472 3487 3697 3556 αἰσχρὸν
3721 3495 3750 3523 ιι

2165 3579 2382 3650 ἀληθῶς
2423 3579 2484 3631 τὸ
2516 3571 2623 3631 ὧδε
2646 3580 2886 3649 φρονεῖν,
2927 3577 2962 3648 ἢ
3000 3577 3223 3645 λέγειν;
3268 3578 3397 3631 ῐδιον
3434 3578 3544 3648 γὰρ
3584 3578 3749 3631 αὐτοῦ

2164 3670 2227 3723 τὸ
2261 3669 2485 3740 Πνεῦμά
2522 3671 2662 3732 ἐστι,
2697 3668 2949 3739 καθάπερ
2991 3669 3185 3740 ἀμέλει
3233 3671 3329 3723 καὶ
3362 3670 3455 3723 τοῦ
3478 3670 3613 3724 Θεοῦ
3654 3671 3751 3724 καὶΙ

2167 3760 2399 3832 Πατρός.
2432 3760 2543 3813 Καὶ
2564 3760 2694 3827 γοῦν
2726 3762 2755 3813 6
2780 3760 3046 3830 μακάριος
3079 3760 3306 3825 Παῦλος
3349 3781 3369 3813 ι
3398 3761 3520 3815 Ὅτι
3544 3761 3602 3815 δέ
3624 3763 3749 3814 ἐστε

2166 3853 2293 3916 υἱοὶ,
2315 3847 2394 3915 οἷς
2410 3850 2788 3916 ἐξαπέστειλεν
2809 3854 2838 3904 6
2854 3851 2986 3914 Θεὸς
3000 3852 3062 3905 τὸ
3080 3852 3299 3922 Πνεῦμα
3322 3854 3416 3905 τοῦ
3436 3852 3565 3906 Υίοῦ
3581 3852 3749 3906 αὐτοῦ

2167 3946 2246 4007 εἰς
2283 3945 2382 4007 τὰς
2418 3943 2649 4013 καρδίας
2678 3942 2865 4013 ὑμῶν,
2896 3943 3129 4014 κράζον·
3186 3944 3388 4011 Ἀ66ἄ,
3413 3945 3443 3998 6
3468 3945 3679 4015 Πατήρ.
3723 3963 3744 3997 ι

2179 4037 2398 4099 Ἀσεδὲς
2440 4032 2535 4090 οῦν
2573 4037 2683 4108 ἄρα
2714 4036 2775 4089 τὸ
2812 4036 2914 4090 κᾶν
2939 4038 3070 4105 γοῦν
3115 4038 3408 4108 ὑπονοῆσαι
3450 4037 3609 4108 μόνον
3644 4036 3748 4107 τῆς

2164 4129 2260 4183 τοῦ
2310 4128 2630 4199 Πνεύματος
2674 4128 2966 4200 μετουσίας
3002 4130 3283 4201 δεδεῆσθαι
3324 4133 3419 4184 καὶ
3454 4131 3616 4185 αὑτὸν
3653 4134 3747 4183 τὸν

2164 4221 2231 4276 ὲκ
2251 4221 2387 4275 Θεοῦ
2418 4221 2631 4291 Πατρὺς
2659 4222 2832 4292 Λόγον
2852 4236 2866 4251 '
2906 4223 3002 4276 καὶ
3039 4223 3100 4275 τὸ
3134 4223 3278 4276 οὕτω
3304 4225 3448 4294 σαφῆ
3489 4223 3589 4293 τὴν
3618 4225 3748 4276 ἀπό-

486 4312 687 4366 riosius
722 4310 858 4365 velle
894 4311 1204 4379 inquirere.
1234 4312 1307 4365 At
1342 4313 1614 4381 quomodo
1645 4326 1777 4381 ergo
1822 4311 2061 4381 Spiritus

2168 4312 2331 4377 δειξιν
2376 4311 2497 4383 Εχον
2544 4314 2866 4384 περιεργίας
2908 4312 3114 4380 ἀξιοῦν,
3168 4311 3362 4381 εὔηθες
3398 4314 3492 4366 καὶ
3526 4313 3742 4384 κομιδῇ.

485 4415 711 4460 sanctus
767 4419 931 4472 super
985 4404 1133 4458 illum
1185 4403 1508 4484 descendit?
1559 4405 1770 4475 Accipit
1822 4420 2058 4475 namque

2168 4405 2292 4468 Πῶς
2328 4400 2421 4458 οὖν
2468 4404 2557 4457 ἐπ’
2607 4405 2769 4459 αὑτὸν
2806 4406 3051 4475 κατέπτη
3101 4404 3164 4457 τὸ
3215 4406 3472 4474 Πνεῦμα;
3521 4403 3746 4474 Δέχεται

484 4496 778 4552 secundum
820 4496 1116 4550 humanam
1168 4505 1442 4561 naturam,
1489 4496 1890 4564 dispensatione
1935 4512 2060 4551 cum

2168 4496 2275 4567 γάρ
2307 4495 2683 4567 ἀνθρωπίνως,
2707 4496 3094 4549 ἀκαταιτίατον
3120 4495 3272 4566 αὑτῷ
3304 4495 3366 4548 τὸ
3395 4495 3578 4549 λαϐεῖν
3609 4495 3745 4548 ἀπο-

483 4604 647 4644 carne
687 4588 973 4653 efﬁciente,
1024 4599 1080 4641 ut
1123 4589 1261 4643 citra
1314 4603 1531 4643 omnem
1586 4588 2059 4657 reprehensionem

484 4681 750 4746 Spiritqu
783 4679 1087 4748 acciperet;
1120 4679 1230 4733 imo
1260 4680 1570 4734 necessario
1596 4679 1665 4732 ad
1694 4680 1794 4733 hoc
1813 4681 2060 4733 ducente.

486 4771 728 4841 Suscipit
757 4780 936 4826 autem
969 4772 1124 4825 uehis
1157 4772 1340 4826 verius
1374 4788 1537 4841 quam
1583 4770 1686 4825 sibi
1720 4787 1733 4824 :
1766 4786 1871 4839 quo
1915 4770 2067 4824 nimi-

486 4879 626 4927 rum,
675 4872 1027 4932 posteaquam
1075 4863 1143 4916 ab
1190 4861 1520 4925 hominibus,
1560 4876 1626 4916 eo
1654 4861 1796 4931 quod
1842 4861 2061 4915 illorum

485 4968 638 5008 tuens
662 4968 691 5005 a
724 4954 1009 5022 iuventute
1037 4955 1104 5007 ad
1133 4953 1401 5007 malitiam
1433 4967 1601 5022 prona
1633 4966 1852 5022 semper
1885 4952 2064 5006 inten-

487 5055 648 5114 taque
694 5054 838 5099 esset
860 5045 930 5111 “,
970 5045 1138 5101 semel
1184 5045 1451 5108 avolarat,
1499 5059 1643 5099 nunc
1679 5046 1731 5098 in
1777 5043 2056 5099 Christum

482 5137 645 5189 veluti
675 5137 726 5190 iu
760 5138 988 5191 alterum
1019 5137 1235 5209 generis
1275 5138 1446 5192 nostri
1476 5137 1803 5206 principium
1838 5136 2056 5191 descen-

482 5230 634 5290 dens,
667 5232 961 5299 sedemque
990 5231 1231 5299 capiens,
1275 5228 1472 5284 iterum
1515 5230 1570 5284 in
1612 5230 1770 5285 nobis
1801 5238 2056 5301 tanquam

483 5338 630 5377 recte
654 5324 766 5393 jam
800 5322 1169 5391 operantibus,
1218 5332 1273 5376 et
1319 5322 1484 5375 vitam
1529 5336 1560 5374 a
1594 5330 1839 5389 peccato,
1880 5321 2054 5375 omni-

2167 4587 2466 4657 φαινούσης
2509 4583 2568 4642 εῦ
2622 4588 2768 4658 μάλα
2814 4589 2913 4659 τῆς
2965 4587 3104 4658 μετά
3159 4587 3359 4658 σαρκὸς
3407 4586 3741 4655 οἰκονομίας,

2166 4680 2366 4750 μᾶλλον
2399 4680 2455 4732 δὲ
2487 4680 2581 4733 καὶ
2606 4679 2919 4747 ἀναγκαίως
2951 4680 3030 4742 είς
3059 4678 3220 4732 τοῦτο
3248 4677 3542 4749 φερούσης.
3576 4678 3741 4747 Δέχε-

2162 4788 2252 4823 ται
2282 4770 2392 4841 γὰρ
2421 4771 2518 4840 οὺχ
2549 4768 2726 4839 ἑαυτῷ
2758 4768 2957 4839 μᾶλλον
2980 4808 2994 4832 ,
3025 4768 3142 4821 ἀλλ’
3179 4769 3338 4837 ἡμῖν·
3379 4768 3466 4821 ἴνα
3508 4766 3740 4836 ἐπείπερ

2162 4860 2378 4929 ἀπέπτη
2411 4860 2521 4913 τῶν
2549 4861 2642 4913 ἐπὶ
2667 4860 2767 4930 τῆς
2788 4861 2893 4930 γῆς
2911 4901 2927 4926 ,
2953 4860 3043 4913 διὰ
3069 4860 3130 4912 τὸ
3152 4858 3431 4929 ἐπιμελῶς
3461 4858 3743 4925 ἐγκεῖσθαι

2161 4952 2260 5024 τὴν
2288 4953 2529 5005 διάνοιαν
2550 4951 2645 5005 τοῦ
2676 4950 2965 5022 ἀνθρώπου
2999 4952 3092 5004 ἐπὶ
3123 4951 3192 5005 τὰ
3221 4948 3433 5019 πονηρά
3460 4951 3526 5002 ὲκ
3552 4949 3742 5019 νεότη-

2163 5061 2275 5107 τος,
2304 5046 2712 5113 καταφοιτῆσαν
2739 5043 2826 5095 ἐπ’
2858 5042 3042 5106 αὑτὸν,
3073 5043 3149 5106 ὡς
3178 5044 3237 5095 ὲν
3270 5043 3491 5112 ἀπαρχῇ
3516 5040 3610 5094 τοῦ
3644 5043 3741 5108 γέ-

2162 5150 2286 5197 νους
2319 5133 2575 5203 δευτέρᾳ,
2618 5132 2898 5205 καταλύσῃ
2932 5134 3025 5187 καὶ
3054 5133 3439 5203 ἀναπαύσηται
3487 5131 3647 5184 πάλιν
3679 5134 3742 5185 ὲν

2162 5226 2311 5296 ἡμῖν,
2367 5224 2442 5288 ὡς
2489 5225 2915 5296 κατωρθωκόσιν
2985 5224 3086 5294 ἥδη
3138 5224 3201 5277 τὸ
3251 5224 3632 5294 ἀναμάρτητον
3680 5223 3742 5274 ὲν

2160 5315 2402 5389 Χριστῷ,
2430 5318 2524 5369 καὶ
2546 5317 2646 5388 τὴν
2664 5316 2844 5378 αἰτίας
2864 5315 3084 5386 ἁπάσης
3107 5315 3531 5386 ἀπηλλαγμένην
3553 5312 3743 5385 ἔχουσι

568 5477 613 5507 ⁶¹
650 5475 837 5530 Matth.
870 5491 1061 5539 uvut,
1105 5474 1191 5531 l9.
1272 5471 1317 5504 “
1344 5471 1475 5527 Luc.
1509 5486 1573 5539 ιι,
1608 5474 1694 5528 14.
1773 5475 1820 5507 ⁸⁵
1863 5472 2021 5529 Joan.
2053 5485 2096 5536 ι,
2138 5468 2326 5528 52-35.
2399 5472 2446 5505 "
2484 5455 2660 5528 Galat,
2691 5487 2764 5538 tv,
2794 5470 2848 5526 6.
2930 5469 2975 5502 "
3007 5470 3142 5527 Gen.
3173 5485 3289 5534 vui,
3314 5468 3404 5524 2t.

1556 5629 1731 5705 varia:
1762 5630 2027 5687 lectiones
2059 5630 2262 5687 codicis
2295 5628 2657 5699 Seguieriani.

558 5761 580 5799 ι
607 5756 781 5826 κάγὼ.
858 5771 883 5800 ιι
915 5758 975 5812 οὐ
1012 5760 1363 5828 πάναισχρον,
1395 5761 1432 5829 ἣ
1465 5764 1573 5817 πᾶν
1602 5761 1842 5833 αἰσχρόν.
