4076 6420
358 347 486 399 1361

1168 341 1258 395 AD
1302 339 1601 394 REGINAS
1646 340 1730 394 DE
1773 341 1992 395 liECTA
2036 342 2190 396 FiDE
2231 341 2490 395 ORATIO
2533 338 2828 393 ALTERA.

3472 340 3492 391 -1
3505 336 3613 392 382

343 459 511 528 ζωήν.
556 461 700 528 Πλὴν
749 461 798 511 εἰ
837 460 929 511 καὶ
976 458 1331 528 ἀνθρωπίνως
1375 458 1586 526 δέχεται
1632 459 1697 511 δι’
1745 462 1922 528 ἡμᾶς,

2034 475 2137 527 que
2190 462 2416 514 crimine
2456 460 2750 512 immunem
2799 457 2851 508 in
2909 456 3025 523 ipso
3081 456 3427 520 ducentibus,
3480 472 3608 508 cou-

343 551 457 604 ἀλλ’
514 551 616 620 ὅρα
661 549 870 602 διδόντα
932 548 1148 610 θεῐκῶς.
1207 567 1224 599 ι
1288 550 1402 616 Ἐφ’
1448 549 1508 601 ὃν
1544 550 1671 619 -γάρ
1728 550 1841 621 ἴδῃς
1870 553 1928 604 τὸ

346 639 569 709 Πνεῦμα
600 639 947 702 καταϐαῖνον,
981 637 1114 708 φησι
1141 677 1154 700 ,
1188 637 1280 690 καὶ
1317 637 1476 706 μένον
1509 639 1594 690 ἐπ’
1630 639 1810 703 αὑτὸν,
1837 633 1898 692 οῦ

2029 554 2295 622 quiescat.
2351 550 2833 605 Verumenimvcro
2873 548 2996 603 licet
3032 559 3088 601 ut
3146 549 3309 602 homo
3347 547 3609 615 Spiritum

2026 653 2276 698 sanctum
2326 651 2547 710 propter
2608 658 2704 696 nos
2762 641 3054 709 suscipiat;
3121 649 3179 694 ut
3229 639 3371 694 Deus
3429 647 3609 690 tamen

342 736 433 796 τός
464 735 610 785 ἐστιν
639 734 668 784 6
697 731 975 800 βαπτίζων
1017 733 1074 783 ἐν
1109 729 1387 800 Πνεύματι
1409 729 1486 800 τῷ
1514 731 1676 800 ἀγὶῳ.
1709 750 1728 782 ›
1763 732 1933 785 Τοῦτο

2028 736 2275 790 eunulem
2307 735 2571 803 impertiri
2601 719 2756 790 solet.
2796 753 2813 784 ι
2850 732 3024 800 Super
3057 748 3216 801 quem
3239 731 3439 800 (inquit
3467 731 3607 782 idem

341 826 398 879 δέ
427 827 574 878 ἐστιν
604 825 886 896 ἐνέργημα
929 824 1139 877 θεῖκόν·
1177 824 1355 892 ἐνίησι
1387 823 1492 892 γὰρ
1531 825 1644 886 τοῖς
1675 823 1929 893 βαπτιζο-

346 919 529 985 μένοις
570 919 598 969 6
651 916 853 986 Κύριος
905 916 1060 986 ἡμῶν
1123 916 1329 982 Ἰησοῦς
1376 917 1611 986 Χριστὸς
1659 917 1735 979 ὡς
1794 916 1923 969 ἴδιον

346 1009 568 1079 Πνεῦμα
618 1011 680 1062 τὸ
723 1008 816 1062 τοῦ
859 1009 1090 1080 Πατρός.
1137 1009 1245 1060 Καὶ
1296 1008 1432 1077 πρός
1475 1024 1539 1075 γε
1578 1009 1735 1061 τοῦτο
1777 1010 1925 1076 ἡμᾶς

341 1103 574 1173 ἐμπεδοί
627 1101 922 1173 γεγραφὼς
984 1103 1012 1153 6
1071 1100 1358 1163 Θεσπέσιος
1415 1101 1662 1164 Παῦλος·
1710 1121 1728 1152 ι
1764 1103 1827 1152 0!
1869 1101 1926 1152 ὲν

347 1196 507 1266 σαρκὶ
553 1195 728 1256 ὄντες,
774 1193 893 1263 Θεῷ
954 1193 1150 1263 ἀρέσαι
1209 1195 1270 1244 οὺ
1329 1190 1605 1246 δύνανται.
1647 1192 1837 1261 Ὑμεῖς
1868 1190 1926 1242 δὲ

341 1286 438 1336 οῦκ
474 1285 597 1338 ὲστὲ
624 1285 682 1336 ὲν
721 1284 920 1354 σαρκὶ,
959 1283 1073 1337 ἀλλ’
1102 1284 1158 1334 ὲν
1190 1282 1492 1354 πνεύματι,
1518 1283 1677 1354 εἴπερ
1703 1282 1925 1352 Πνεῦμα

338 1375 476 1429 Θεοῦ
507 1378 710 1429 ἐνοικεῖ
737 1379 794 1429 ὲν
823 1377 971 1446 ὑμῖν,
1004 1375 1070 1430 Et
1109 1375 1166 1428 δέ
1194 1393 1276 1439 τις
1310 1376 1532 1447 Πνεῦμα
1559 1377 1793 1448 Χριστοῦ
1824 1379 1925 1431 οὐκ

337 1468 475 1537 ἔχει,
512 1460 673 1530 οὗτος
709 1467 811 1519 οῦκ
849 1466 998 1518 ἐστιν
1037 1465 1224 1519 αὑτοῦ.
1272 1484 1291 1517 ι
1338 1467 1782 1537 Μεμαρτύρηκεν
1830 1464 1923 1521 οῦν

350 1559 624 1629 Ἰωάννης,
653 1559 735 1612 ὅτι
772 1577 789 1609 ι
825 1551 996 1620 Οὗτός
1023 1558 1169 1610 ἐστιν
1191 1563 1219 1612 6
1246 1559 1374 1622 Υἱὸς
1407 1559 1502 1612 τοῦ
1528 1559 1685 1614 Θεοῦ.
1719 1579 1738 1611 ι

2031 827 2138 896 ille)
2169 829 2367 882 videris
2402 828 2664 897 Spiritum
2700 828 3144 889 descendentem,
3186 835 3239 877 et
3275 833 3605 884 manentem,

2033 922 2121 974 hic
2145 930 2227 975 est
2254 923 2343 990 qui
2371 922 2611 989 baptizat
2641 921 2692 973 in
2728 920 2934 989 Spiritu
2972 928 3162 972 sancto
3185 918 3249 968 ⁸⁷.
3281 935 3298 965 ι
3329 915 3610 983 Baptizare

2033 1023 2212 1067 autem
2251 1013 2314 1066 ‘in
2368 1013 2573 1083 Spiritu
2628 1024 2840 1076 sancto,
2892 1027 3029 1080 opus
3071 1011 3312 1064 divinum
3365 1008 3605 1062 exsistit.

2037 1105 2196 1171 Atqui
2227 1105 2489 1158 Dominus
2517 1115 2704 1158 noster
2729 1103 2887 1157 Jesus
2912 1103 3164 1156 Christus
3195 1101 3279 1154 his
3311 1099 3400 1170 qui
3435 1098 3609 1166 bapti-

2032 1206 2250 1261 zantur,
2283 1196 2542 1265 Spiritum
2570 1195 2746 1250 Patris
2785 1197 2858 1249 uti
2893 1194 3174 1265 pr0prium
3207 1191 3460 1246 infundit.
3503 1192 3603 1243 At-

2031 1303 2137 1358 que
2164 1290 2268 1343 huc
2303 1289 2472 1344 tendit
2500 1289 2714 1343 divinus
2736 1288 2955 1350 Paulus,
2985 1288 3112 1342 dum
3147 1287 3288 1340 inter
3315 1295 3507 1338 caetera
3537 1283 3607 1335 ita

2031 1381 2256 1434 scribit:
2289 1399 2306 1432 ι
2338 1381 2436 1447 Qui
2482 1383 2534 1434 in
2572 1396 2736 1434 carne
2767 1390 2912 1442 sunt,
2948 1380 3058 1433 Deo
3092 1377 3306 1447 placere
3338 1391 3442 1430 non
3491 1391 3609 1445 pos-

2028 1482 2171 1525 sunt.
2201 1472 2306 1525 Vos
2329 1483 2507 1524 autem
2527 1471 2581 1525 in
2604 1486 2768 1524 carne
2795 1485 2898 1523 non
2917 1469 3069 1532 estis,
3089 1470 3181 1521 sed
3218 1468 3270 1520 in
3299 1467 3529 1534 spiritu,
3560 1465 3605 1515 si

2032 1572 2211 1617 tamen
2245 1565 2478 1633 Spiritus
2513 1565 2604 1618 Dei
2636 1563 2840 1617 habitat
2891 1563 2940 1615 in
2974 1561 3143 1614 vobis.
3180 1559 3235 1613 Si
3270 1560 3390 1628 quis
3424 1568 3605 1612 autem

333 1651 597 1719 Spiritum
627 1651 825 1706 Christi
847 1667 951 1704 non
973 1651 1153 1714 habet,
1176 1651 1261 1706 hic
1281 1667 1386 1705 non
1409 1663 1484 1706 est
1510 1653 1628 1723 ejus
1649 1652 1715 1706 ⁸⁸.
1747 1671 1765 1704 ι
1800 1652 1952 1708 Hunc
1979 1655 2160 1725 itaque
2191 1657 2282 1710 Dei
2315 1658 2509 1711 Filium
2539 1672 2682 1720 esse,
2708 1664 2897 1725 aperte
2920 1662 3171 1707 testatum
3203 1653 3328 1706 facit
3348 1651 3602 1706 Joannes.

408 1743 531 1795 AE'.
587 1741 985 1796 Ἀναπυθέσθαι
1032 1742 1088 1796 δὲ
1138 1743 1300 1797 πάλιν
1346 1744 1580 1816 ἐθέλοιμ’
1607 1746 1673 1798 ἂν
1704 1745 1814 1798 τῶν
1845 1749 1924 1809 εξς
1958 1755 1997 1809 Β

335 1833 431 1886 δύο
459 1834 806 1904 διοριζόντων
840 1836 988 1898 υἱοὺς
1035 1835 1127 1887 τὸν
1173 1836 1268 1889 ἕνα
1298 1836 1505 1904 Κύριον
1535 1837 1747 1908 Ἰησοῦν
1789 1839 1921 1909 Χριο

338 1926 464 1978 στὸν
507 1925 635 1994 (ἕνα
672 1925 910 1996 δέδειχεν
953 1929 982 1980 6
1020 1927 1242 1997 Πατὴρ,
1291 1929 1386 1982 καὶ
1427 1930 1554 2000 περὶ
1603 1929 1722 1993 ἑνός
1757 1947 1922 2000 φησιν

331 2020 364 2071 6
399 2019 668 2090 μακάριος
698 2019 1090 2090 εὐαγγελιστής
1113 2035 1124 2048 ·
1163 2039 1183 2070 ι
1216 2014 1384 2084 Οὗτός
1419 2022 1564 2075 ἐστιν
1597 2024 1626 2076 6
1653 2022 1780 2085 Υἱὸς
1825 2023 1919 2076 τοῦ

335 2108 472 2162 Θεοῦ
500 2109 574 2178 ›)⁶
605 2105 730 2181 'Ap’
763 2107 856 2163 οῦν
887 2111 1007 2163 εἰπέ
1044 2128 1156 2181 μοι,
1187 2113 1316 2183 περὶ
1339 2112 1485 2176 τινος
1507 2112 1659 2167 ἔσται
1686 2114 1746 2166 τὸ
1776 2116 1922 2185 εξρη·

339 2203 534 2271 μένον;
571 2201 630 2254 Εἰ
664 2203 762 2272 μὲν
793 2199 887 2256 οῦν
916 2203 1099 2268 ξδικῶς
1129 2204 1223 2257 καὶ
1255 2207 1399 2257 κατὰ
1430 2205 1601 2274 μόνας
1627 2205 1721 2258 τοῦ
1744 2207 1918 2259 Μονο-

334 2294 494 2362 γενοῦ
507 2313 549 2359 ς,
580 2295 826 2348 τουτέστι
858 2294 953 2348 τοῦ
983 2295 1047 2347 ἐκ
1077 2294 1294 2364 Πατρὸς
1319 2296 1470 2360 ὄντος
1491 2296 1690 2366 Λόγων
1723 2297 1840 2360 πῶς
1858 2297 1920 2350 τὸ

337 2387 563 2457 Πνεῦμα
607 2388 842 2457 δέχεται,
891 2387 1067 2440 καίτοι
1113 2386 1245 2450 Θεὸς
1306 2389 1381 2441 ὢν
1425 2389 1611 2458 φύσει,
1641 2391 1736 2443 καὶ
1790 2391 1919 2443 ἴδιον

329 2481 472 2548 ἔχων
506 2480 674 2542 αὑτό;
710 2480 772 2532 Εἰ
807 2479 863 2532 δὲ
889 2477 992 2532 ὰνὰ
1021 2479 1187 2550 μέρος
1217 2481 1310 2533 καὶ
1343 2479 1546 2545 ῑδικῶς,
1589 2483 1756 2552 ἤγουν
1777 2484 1918 2535 κατὰ

337 2570 527 2638 μόνας,
572 2570 664 2622 τὸν
714 2572 777 2622 ὲκ
832 2571 1090 2638 γυναικὸς
1123 2571 1412 2640 ἄνθρωπον
1460 2572 1744 2642 δεδεῆσθαι
1788 2589 1920 2641 φασι

331 2663 433 2730 τῆς
461 2661 556 2715 τοῦ
586 2663 906 2733 Πνεύματος
942 2664 1196 2735 μετοχῆς·
1232 2664 1350 2728 πῶς
1375 2665 1540 2728 αὐτός
1564 2665 1713 2718 ἐστιν
1748 2667 1776 2718 6
1824 2665 1921 2735 βα-

334 2754 540 2818 πτίζων
570 2756 627 2808 ἐν
660 2755 830 2824 αὐτῷ,
857 2755 1032 2809 καίτοι
1065 2757 1202 2828 μόνῃ
1227 2756 1532 2827 πρέποντος
1557 2760 1623 2827 τῇ
1659 2757 1920 2824 ἀνωτάτω

332 2845 494 2916 φύσει
540 2846 632 2899 τοῦ
686 2848 781 2900 καὶ
830 2847 1153 2916 ἀποφαίνειν
1203 2847 1462 2901 δύνασθαι
1512 2848 1918 2917 μετεσχηκότας

332 2937 426 2990 τοῦ
460 2938 776 3008 Πνεῦματος
803 2938 929 3002 τοὺς
959 2939 1286 3008 προσιόντας
1307 2941 1444 3010 αὐτῇ
1470 2956 1487 3006 ;
1526 2941 1588 2992 Ei
1615 2938 1674 2992 δὲ
1701 2939 1917 3008 δέχεται

332 3029 428 3080 καὶ
461 3028 676 3082 δίδωσιν
705 3031 734 3082 6
765 3028 950 3091 αὐτὸς,
990 3028 1258 3100 πρόδηλον
1287 3029 1371 3083 ὅτι
1401 3029 1544 3082 κατά
1578 3045 1642 3096 γε
1665 3030 1792 3092 τοὺς
1818 3030 1918 3100 τῆς

333 3119 474 3192 μετὰ
505 3121 708 3192 σαρκὸς
741 3096 1056 3194 οἰκονομίας
1100 3096 1310 3193 λόγους,
1342 3123 1435 3176 καὶ
1468 3123 1606 3177 καθὸ
1633 3123 1792 3191 φύσει
1825 3096 1919 3176 καὶ
1947 3096 1991 3157 C

333 3215 550 3286 ἀληθῶς
606 3219 722 3269 ἐστι
775 3215 928 3279 Θεὸς.
985 3216 1210 3286 Δέχεται
1263 3217 1364 3286 μὲν
1411 3217 1770 3288 ἀνθρωπίνως
1821 3218 1921 3287 οὺχ

333 3307 513 3378 ἑαυτῷ
566 3307 791 3378 μᾶλλον,
821 3308 957 3362 ἀλλά
1011 3311 1078 3380 τῇ
1128 3307 1235 3362 τῶν
1286 3307 1590 3380 ἀνθρώπων
1642 3308 1802 3378 φύσει
1841 3309 1922 3362 δι’

333 3401 529 3454 ἑαυτοῦ
564 3403 658 3454 καὶ
681 3404 740 3455 ὲν
767 3402 949 3472 ἐαυτῷ
981 3402 1059 3473 τῷ
1093 3401 1297 3474 πρώτῳ
1321 3401 1600 3473 προξενῶν
1625 3403 1758 3457 αὑτό
1781 3417 1796 3433 ⁸
1843 3403 1922 3456 δί-

329 3492 468 3544 δωσι
499 3491 557 3544 δὲ
601 3491 800 3554 θεῖκῶς
846 3491 906 3556 ἐξ
955 3491 1090 3556 ἰδίας
1139 3491 1307 3545 αὑτοῦ
1350 3491 1584 3562 φύσεως,
1612 3493 1726 3556 τοῖς
1751 3491 1922 3558 ἀξίοις

332 3584 430 3638 τοῦ
471 3585 657 3638 λαϐεῖν
700 3581 1001 3649 ὲνιεις.τΗν
1039 3586 1139 3658 μὲν
1171 3583 1264 3640 οὖν
1285 3586 1364 3658 τῷ
1395 3589 1744 3660 προκειμένῳ
1775 3587 1923 3660 ρητῷ

334 3679 696 3750 προσεοικότα
732 3696 792 3731 τε
825 3679 920 3732 καὶ
949 3679 1040 3732 τὸν
1081 3680 1197 3733 ἴσον
1227 3679 1421 3752 ἔχοντα
1447 3679 1574 3734 νοῦν
1597 3680 1924 3751 παραθεῖναι

335 3773 430 3824 καὶ
473 3771 671 3843 ἕτερα·
727 3773 788 3825 τὸ
818 3772 878 3825 δέ
917 3790 980 3840 γε
1015 3775 1339 3827 ταυτοεπεῖν
1387 3773 1646 3844 φορτικὸν
1695 3774 1919 3840 εἰδότες,

334 3865 512 3918 ἐκεῖνό
545 3882 748 3936 φαμεν,
783 3864 860 3928 ὡς
897 3864 1111 3936 ἀπόχρη
1142 3868 1257 3928 τοῖς
1289 3867 1722 3936 νουνεχεστέροις
1751 3868 1923 3938 ήὲνὸς

333 3957 593 4028 ἐξήγησις
618 3959 697 4022 εἰς
723 3957 822 4028 τὴν
860 3956 968 4009 τῶν
999 3957 1202 4026 ὁμοίως
1227 3957 1462 4027 ἐχόντων
1499 3959 1704 4028 ἀκριϐῆ
1737 3959 1922 4012 διασάα

334 4066 519 4118 φησιν.
550 4049 760 4102 Οὐκοῦν
786 4049 978 4111 ὁσάκις
1001 4047 1067 4101 ἂν
1100 4048 1311 4116 λέγοιτο
1334 4049 1570 4117 Χριστὸς
1599 4049 1922 4118 ἀγιάζεσθαι

334 4142 520 4214 τυχὸν,
558 4143 725 4213 ῆγουν
754 4141 815 4194 τὸ
842 4140 1067 4210 Πνεῦμα
1095 4141 1308 4205 λαϐεῖν,
1343 4139 1488 4194 κατά
1533 4141 1722 4194 τοῦτον
1759 4141 1924 4194 αὑτὸν

334 4238 428 4292 τὸν
479 4237 680 4308 τρόπον
725 4235 994 4306 προσήκει
1040 4235 1198 4288 νοεῖν.
1241 4233 1498 4287 Εὑσεϐεἰν
1545 4234 1654 4305 γὰρ
1702 4236 1923 4304 ἄμεινον

337 4327 776 4397 περιτρέποντας
818 4324 1057 4386 εὐσεϐῶς
1090 4325 1170 4388 εἰς
1199 4324 1260 4377 τὸ
1289 4325 1608 4396 ἀμωμήτως
1652 4324 1774 4395 ἕχον
1816 4327 1924 4379 τῶν

2104 1750 2322 1806 XXXV.
2365 1753 2431 1804 At
2472 1751 2718 1805 lubenter
2750 1749 2997 1818 equidem
3041 1748 3128 1801 hic
3168 1747 3288 1801 illos
3319 1755 3607 1817 pereunta-

2027 1857 2141 1905 rer,
2210 1843 2301 1910 qui
2367 1859 2532 1896 unum
2595 1841 2879 1895 Dominum
2930 1839 3089 1910 156
3131 1848 3372 1892 nostrum
3417 1835 3602 1892 Jesum

2020 1933 2296 1988 Christum
2330 1935 2382 1988 in
2409 1937 2546 1988 duos
2579 1934 2721 1988 ﬁlios
2742 1932 3005 1987 divellunt
3035 1937 3179 2001 (nam
3205 1947 3366 1984 unum
3395 1940 3602 1982 tantum

2025 2025 2185 2082 Pater
2226 2025 2652 2089 demonstravit;
2706 2034 2762 2078 et
2793 2025 2860 2077 de
2916 2039 3026 2077 uno
3083 2022 3254 2076 solum
3285 2039 3298 2075 :
3329 2039 3348 2073 ι
3380 2019 3479 2074 Hic
3519 2029 3606 2074 est

2021 2118 2190 2172 Filius
2220 2117 2309 2171 Dei
2334 2118 2403 2182 ⁸⁸,
2437 2136 2454 2169 ι
2491 2118 2680 2173 beatus
2713 2117 3046 2186 evangelista
3084 2115 3320 2186 retulit),
3354 2116 3419 2169 de
3454 2124 3605 2168 utro-

2024 2227 2145 2264 nam
2200 2211 2436 2274 illorum,
2482 2212 2624 2280 quod
2672 2211 2966 2279 allvgatum
3017 2220 3124 2274 est,
3158 2209 3328 2275 arcipi
3367 2208 3604 2262 debeat?

2023 2298 2155 2353 Nam
2201 2299 2248 2354 si
2289 2316 2470 2354 sermo
2511 2311 2596 2355 est
2631 2301 2698 2355 de
2740 2298 3035 2369 Unigenito
3073 2299 3162 2352 Dei
3217 2299 3391 2353 Patris
3423 2295 3604 2352 Verbo

2020 2407 2267 2446 seorsum
2318 2409 2414 2462 per
2442 2409 2501 2448 se
2535 2404 2774 2460 sumpto,
2816 2393 3090 2462 quomodo
3118 2391 3380 2460 Spiritum
3418 2404 3603 2444 susce-

2022 2483 2122 2550 pit,
2153 2499 2276 2537 cum
2324 2484 2396 2538 sit
2435 2467 2628 2537 natura
2676 2482 2836 2549 Deus,
2869 2493 2924 2538 et
2959 2483 3130 2552 ipsum
3167 2480 3432 2550 Spiritum
3479 2494 3604 2548 pro-

2024 2575 2200 2643 prium
2233 2575 2466 2630 habeat?
2487 2575 2642 2642 Quod
2666 2576 2710 2628 si
2745 2575 3022 2628 hominem
3063 2589 3130 2626 ex
3159 2573 3388 2627 muliere
3424 2582 3604 2626 ortum

2023 2681 2267 2722 seorsum
2311 2681 2375 2722 ac
2405 2684 2502 2737 per
2531 2683 2590 2723 se
2622 2667 2860 2736 positum
2910 2665 3117 2734 Spiritu
3164 2675 3353 2718 sancto
3393 2663 3608 2735 eguisse

2024 2760 2282 2825 dixerint,
2316 2763 2588 2829 quomodo
2641 2760 2730 2812 hic
2787 2773 3002 2812 rursum
3056 2758 3108 2810 in
3156 2757 3362 2826 Spiritu
3416 2767 3608 2810 sancto

2023 2850 2300 2920 baptizat?
2346 2851 2787 2919 quandoquidem
2853 2848 3090 2916 Spiritus
3147 2850 3320 2902 sancti
3374 2848 3602 2917 gratiam

2021 2942 2410 2996 accedentibus
2462 2955 2623 3009 posse
2672 2939 2938 3008 dilargiri,
2986 2940 3037 2992 id
3083 2955 3212 2994 vere
3263 2949 3472 2993 naturae
3523 2951 3608 2994 est

2022 3035 2264 3088 omnium
2302 3047 2571 3101 supremae
2599 3047 2661 3086 ac
2684 3035 3171 3101 prastantissimae.
3202 3033 3356 3098 Quod
3394 3032 3438 3086 si
3468 3049 3606 3087 unus

2023 3125 2276 3192 idemque
2313 3122 2476 3177 simul
2510 3125 2603 3178 dat
2641 3133 2694 3178 et
2744 3125 2962 3194 recipit,
3016 3122 3366 3178 manifestum
3423 3134 3506 3176 est
3555 3122 3606 3176 id

2025 3217 2313 3288 provenire
2370 3216 2582 3272 ratione
2642 3217 3070 3286 dispensationis
3128 3216 3428 3271 secundum
3484 3231 3607 3270 car-

2023 3325 2170 3377 nem,
2201 3319 2258 3365 et
2291 3320 2563 3380 quatenus
2595 3317 2787 3363 natura
2830 3318 2884 3364 et
2918 3323 3043 3364 vere
3073 3309 3214 3363 Deus
3236 3309 3474 3363 exsistit.
3507 3311 3610 3362 Ac-

2026 3403 2154 3472 cipit
2180 3401 2344 3473 igitur
2373 3412 2430 3457 ut
2465 3403 2646 3468 homo,
2679 3417 2786 3456 non
2821 3413 2929 3456 tam
2957 3403 3060 3457 sibi
3096 3416 3258 3471 quam
3293 3401 3387 3455 toti
3421 3403 3608 3470 generi

2024 3497 2265 3551 humano
2293 3509 2388 3565 per
2417 3497 2678 3566 seipsum,
2725 3506 2780 3550 et
2817 3496 2868 3549 in
2909 3495 3087 3562 seipso
3121 3495 3298 3562 primo
3329 3511 3343 3548 :
3373 3509 3437 3548 ex
3479 3508 3607 3562 pro-

2025 3588 2140 3656 pria
2174 3600 2305 3642 vero
2350 3587 2403 3641 vi
2452 3595 2508 3641 et
2550 3597 2744 3640 natura
2781 3595 2838 3640 ut
2887 3587 3030 3640 Deus
3077 3600 3182 3650 est,
3229 3585 3334 3640 illis
3367 3586 3479 3648 dat,
3517 3586 3606 3654 qui

2026 3680 2200 3748 ipsum
2235 3679 2484 3750 accipere
2514 3679 2660 3750 digni
2695 3688 2841 3733 sunt.
2871 3677 3132 3733 Poterant
3173 3677 3275 3732 alia
3307 3693 3524 3747 quoque
3555 3679 3608 3730 in

2025 3774 2274 3827 eamdem
2315 3773 2648 3827 sententiam
2685 3787 2792 3824 non
2824 3785 2994 3838 pauca
3033 3769 3215 3824 aﬂerri
3252 3770 3384 3824 :sed
3417 3784 3610 3839 super-

2027 3877 2328 3918 vacaneum
2402 3862 2772 3931 indicavimus
2848 3860 2990 3913 idem
3045 3861 3244 3928 saepius
3295 3860 3606 3921 inculcare,

2027 3954 2266 4007 maxime
2291 3967 2421 4006 vero
2458 3967 2581 4006 cum
2630 3949 3086 4019 ingeniosioribus
3121 3952 3187 4001 ad
3221 3949 3478 4002 similium
3533 3951 3610 4002 lo-

2025 4060 2212 4100 eorum
2265 4043 2631 4114 c0guitionem
2682 4044 2766 4097 vel
2810 4041 2973 4097 unius
3007 4042 3317 4111 explanatio
3362 4051 3449 4097 sat
3489 4058 3611 4098 esse

2026 4135 2218 4206 possit.
2253 4135 2618 4201 Quamobrem
2653 4133 3086 4204 quotiescunque
3120 4132 3372 4187 Christus
3409 4133 3609 4187 samti-

2027 4225 2202 4290 ﬁcari,
2252 4223 2356 4279 hoc
2391 4233 2475 4278 est
2509 4223 2770 4293 Spiritum
2811 4234 3061 4279 sanctum
3103 4225 3350 4293 accipere
3385 4225 3607 4288 dicitur,

2027 4331 2246 4386 semper
2293 4317 2437 4370 istud
2489 4317 2554 4370 ad
2601 4317 2745 4370 hunc
2791 4318 3009 4370 modum
3062 4316 3462 4384 intelligendum
3503 4326 3608 4371 est.

340 4421 503 4490 ἱερῶν
521 4420 868 4492 Γραμμάτων
889 4419 978 4472 τὸν
1000 4417 1146 4483 νοῦν,
1173 4417 1341 4487 ἤγουν
1362 4417 1497 4469 ἰέναι
1515 4418 1656 4470 κατὰ
1683 4419 1922 4488 πετρῶν,

2033 4409 2219 4463 Satius
2248 4409 2393 4462 enim
2428 4417 2512 4462 est
2545 4407 2801 4478 pietatem
2842 4407 3115 4477 amplecti,
3147 4408 3272 4460 dum
3307 4409 3393 4476 pie
3430 4422 3608 4461 sacra-

339 4511 568 4573 ἀνοσίως
600 4509 1029 4581 ὲπιτειχίζοντας
1073 4512 1140 4580 τῇ
1189 4507 1314 4580 δόξῃ
1351 4505 1587 4578 Χριστοῦ
1639 4508 1707 4560 τὰ
1750 4508 1926 4579 ὀρθῶς

341 4598 629 4670 εἰρημένα.

416 4877 554 4941 Λεὶθ.
605 4875 851 4942 «Ἰησοῦς
901 4872 959 4925 δὲ
1013 4872 1224 4942 πλήρης
1276 4874 1588 4943 Πνεύματος
1635 4875 1790 4941 ἁγίου
1821 4875 1920 4926 ῦπ-

346 4966 608 5036 έστρεψεν
642 4965 749 5018 ἀπὸ
786 4964 1052 5035 Ἰορδάνου
1072 4979 1086 4994 ’
1126 4965 1222 5018 καὶ
1255 4965 1420 5035 ἥγετο
1453 4967 1512 5018 ὲν
1546 4965 1622 5036 τῷ
1650 4965 1929 5034 Πνεύματι

345 5058 428 5120 εἰς
455 5057 552 5126 τὴν
581 5057 788 5126 ἔρημον
821 5055 1230 5126 τεσσαράκοντα
1269 5058 1504 5127 ἡμέρας,
1535 5056 1930 5128 πειραζόμενος

347 5146 454 5198 ὑπὸ
497 5146 592 5199 τοῦ
631 5146 910 5198 διαϐόλου*
962 5145 1056 5197 καὶ
1103 5145 1202 5197 οὐκ
1250 5144 1452 5214 ἔφαγεν
1503 5145 1656 5198 οὐδὲν
1708 5147 1766 5197 ἐν
1813 5147 1931 5208 ταῖς

349 5238 585 5308 ἡμέραις
618 5239 888 5301 ἐκεῖναις·
923 5240 1016 5291 καὶ
1066 5237 1521 5290 συντελεσθεισῶν
1557 5237 1756 5301 αὐτῶν,
1789 5237 1934 5289 ἐπεί-

348 5347 531 5383 νασεν.
569 5330 749 5384 ’Ἔδει
801 5330 856 5382 δὲ
906 5331 1068 5384 πάλιν
1109 5331 1248 5400 ὑπὲρ
1295 5328 1452 5400 ἡμῶν
1504 5329 1819 5399 ἀντιστῆναι
1848 5343 1930 5392 τε,

352 5424 634 5494 μονονουχὶ
652 5423 708 5475 δὲ
730 5423 824 5474 καὶ
851 5422 1323 5476 ἀνταποδύσασθαι
1351 5421 1430 5492 τῷ
1451 5422 1618 5475 πάλαι
1648 5423 1932 5491 νικήσαντι

349 5516 584 5585 Σατανᾷ,
617 5515 707 5566 τὸν
735 5514 824 5566 διὰ
856 5512 1014 5566 τοῦτο
1051 5515 1381 5584 καθιγμένον
1417 5517 1497 5576 εἰς
1546 5513 1794 5566 ἑκούσιον
1840 5513 1932 5563 κέ-

349 5625 533 5670 νωσιν,
577 5609 662 5660 ἵνα
711 5611 859 5678 ἡμᾶς
909 5609 1160 5679 ἀποφήνῃ
1209 5609 1611 5678 μετεσχηκότας
1653 5605 1747 5658 τοῦ
1802 5607 1930 5658 ἰδίου
1973 5627 1976 5630 ’

2031 4514 2149 4553 rum
2203 4497 2532 4552 Litterarum
2578 4505 2822 4551 sensum“
2857 4495 2921 4548 ad
2977 4506 3180 4548 rectam
3246 4495 3610 4564 pertrahimus

2029 4589 2552 4659 interpretationem,
2589 4603 2750 4657 quam
2796 4587 2960 4654 impie
3011 4587 3338 4655 deuegantes
3367 4602 3485 4655 qua:
3521 4602 3609 4640 rc-

2027 4692 2114 4736 cte
2143 4683 2209 4734 de
2234 4679 2434 4734 Christi
2467 4679 2640 4748 gloria
2677 4679 3028 4748 proauutiata
3063 4687 3215 4742 sunt,
3247 4678 3400 4733 abire
3426 4679 3615 4746 praeei-

2029 4775 2186 4843 pites.

2109 4863 2348 4921 XXXVI.
2393 4883 2416 4916 ‘1
2447 4861 2604 4919 Jesus
2639 4874 2818 4918 autem
2849 4868 3040 4933 plenus
3066 4863 3270 4932 Spiritu
3310 4873 3499 4918 sancto
3533 4881 3614 4918 re-

2041 4973 2256 5026 gressus
2270 4967 2394 5011 csta
2413 4955 2681 5010 Jordane:
2703 4966 2756 5009 et
2779 4957 3003 5026 agehatn
3015 4972 3036 5008 ι·
3056 4956 3106 5009 in
3129 4955 3333 5025 Spiritu
3357 4957 3409 5011 in
3432 4959 3609 5012 deser-

2041 5061 2150 5104 tum
2183 5050 2376 5104 diebus
2405 5048 2782 5118 quadraginta,
2816 5058 2869 5100 et
2901 5048 3214 5103 Ieutabatur
3239 5065 3267 5103 a
3301 5050 3534 5113 diabolo,
3565 5062 3617 5103 et

2043 5140 2176 5194 nihil
2223 5140 2564 5194 manducavit
2610 5141 2662 5194 in
2715 5141 2904 5194 diebus
2945 5141 3052 5194 illis
3086 5159 3101 5196 :
3133 5153 3184 5194 et
3228 5143 3621 5196 consummatis

2043 5235 2174 5298 illis,
2220 5243 2404 5303 postea
2437 5233 2715 5286 esuriit”.
2747 5251 2766 5283 ι
2807 5232 3041 5287 Decebat
3068 5247 3222 5294 sane,
3249 5241 3308 5284 ut
3336 5233 3424 5286 ille
3449 5237 3618 5286 noszri

2043 5341 2207 5380 causa
2253 5326 2468 5379 Satanzn
2503 5340 2562 5380 se
2611 5326 2931 5391 obiectaret,
2981 5334 3306 5393 partumque
3343 5325 3452 5393 jam
3491 5325 3620 5380 olim

2043 5417 2277 5487 palmam
2310 5418 2412 5487 ipsi
2457 5419 2716 5487 eriperet,
2744 5417 2835 5486 qui
2871 5431 2932 5469 ea
2969 5419 3034 5468 de
3069 5429 3235 5468 causa
3272 5417 3323 5468 in
3369 5415 3619 5470 volunta-

2044 5515 2180 5564 riam
2225 5512 2658 5567 exinanilionem
2705 5524 2826 5566 sese
2868 5509 3201 5573 demiserat,
3258 5516 3317 5562 ut
3366 5525 3477 5564 sum
3524 5525 3623 5564 nus

2045 5605 2399 5674 plenitudinis
2426 5604 2718 5673 participes
2745 5600 3014 5668 cﬂicerct;
3051 5601 3366 5672 fractosque
3395 5616 3445 5660 et
3474 5605 3625 5660 debi-

420 5767 465 5798 ⁶⁷
499 5765 658 5821 Joan.
696 5783 731 5834 ι,
765 5766 850 5820 55.
932 5765 976 5796 ⁵⁸
1020 5763 1176 5818 Rom.
1215 5779 1332 5828 vni,
1374 5763 1427 5829 8,
1453 5766 1503 5820 9.
1580 5766 1622 5798 ⁰⁹
1661 5763 1814 5818 Joau.
1847 5781 1884 5831 ι,
1918 5765 1945 5819 5

2081 5763 2125 5794 ⁷⁰
2157 5762 2287 5819 Luc.
2325 5779 2398 5829 tv,
2435 5765 2482 5828 l,
2513 5763 2564 5819 2.
