4076 6454
2002 207 2032 223 κ

447 367 583 422 1585

1441 356 1497 411 S.
1536 353 1816 409 CYRILLI
1858 350 2330 410 ALEXANDRINI
2375 351 2702 406 ARCHIEP.

3581 352 3725 407 1584

445 481 626 532 liiaius
650 479 922 547 quondam
957 475 1010 528 in
1034 473 1264 535 Adamo.
1291 472 1537 542 spiritale
1558 473 1830 542 quoddam
1862 473 2027 526 robur

2142 469 2502 539 πληρώματος
2521 483 2535 497 ’
2569 469 2663 520 καὶ
2687 467 3092 539 ἀσθενήσαντας
3119 471 3178 522 ὲν
3209 467 3402 538 Ἀδὰμ,
3423 465 3727 538 εὐρωστίαν

444 573 669 637 a-Ieptos
695 568 1046 622 ostenderet:
1082 563 1524 633 quandoquidem
1567 574 1677 618 tam
1713 579 2026 634 corporum,

442 677 605 729 quam
625 661 927 714 animorum
942 657 1315 727 egritudines,
1524 655 1845 724 protoplasti
1871 656 2028 724 culpa

443 751 495 804 in
531 751 808 803 hominum
847 759 1100 801 naturam
1134 748 1384 812 inrecue,
1429 761 1526 815 per
1549 745 1831 801 Christum
1856 761 1887 800 e
1919 762 2028 801 mc-

443 842 530 895 dio
560 850 687 894 sunt
715 840 960 894 sublatae.
997 840 1154 894 Sicut
1187 839 1332 893 enim
1367 837 1527 905 huius
1554 838 1864 893 obeditione
1886 836 2026 906 justi

442 933 827 986 constituiiniir
875 932 1054 996 inulti,
1099 933 1314 986 etiamsi
1376 939 1599 999 propter
1660 930 1804 985 illius
1847 929 2035 984 inobe—

444 1026 701 1080 dientiam
728 1026 801 1088 “,
835 1025 887 1078 in
933 1023 1409 1078 condeninationis
1455 1023 1784 1077 sententiam
1825 1023 2034 1077 incide-

445 1122 653 1186 riinus;
697 1117 768 1171 ita
822 1132 1035 1170 rursum
1080 1115 1312 1184 spiritali
1369 1114 1567 1169 robore
1615 1129 1713 1183 per
1755 1115 2033 1169 Christum

447 1212 602 1263 nobis
644 1211 828 1281 allatq,
876 1223 905 1261 a
941 1218 1181 1262 veterum
1232 1206 1548 1260 morborum
1583 1205 1930 1262 detrimentis
1963 1205 2033 1260 li-

446 1303 699 1357 berantur
730 1321 742 1354 :
777 1310 832 1354 et
879 1301 967 1367 qui
1015 1299 1067 1352 in
1110 1299 1280 1352 Adam
1319 1299 1447 1351 victi
1496 1299 1938 1362 concitleramus,
1979 1301 2032 1352 in

447 1395 665 1446 Christo
689 1392 971 1446 victoriam
996 1391 1359 1444 obtinuimus.
1386 1387 1657 1458 Ohjicitur
1683 1390 1866 1458 itaque
1892 1387 2033 1441 bosti

447 1500 543 1551 pro
577 1483 732 1535 nobis
763 1490 819 1533 ut
859 1481 1042 1542 homo,
1076 1479 1246 1532 vincit
1274 1487 1454 1531 autem
1486 1489 1544 1532 ut
1574 1479 1737 1533 Deus.
1769 1479 2037 1533 Tentatur

450 1591 688 1637 rursum,
745 1573 946 1627 Satana
999 1571 1227 1641 perinde
1281 1571 1355 1625 illi
1405 1570 1698 1625 insultante
1733 1585 1798 1625 ac
1841 1570 1934 1624 uni
1968 1585 2036 1624 ex

451 1667 629 1728 nubis,
662 1674 922 1733 certoque
950 1664 1055 1717 sibi
1095 1663 1386 1732 pollicente
1421 1661 1536 1716 lore
1577 1672 1636 1716 ut
1662 1663 1844 1717 carnis
1877 1672 2034 1731 petu-

452 1756 614 1808 Ι.ιιιιὶ;ι
661 1757 728 1806 ad
767 1755 915 1807 illum
945 1753 1397 1823 prosternendiim
1429 1753 1630 1805 sociam
1671 1766 1790 1806 sese
1835 1753 2033 1820 adjun-

2135 563 2358 632 ἔχοντας
2408 559 2666 632 ἀποδείξῃ
2714 564 3125 634 πνευματικήν·
3182 561 3458 614 πέπαυται
3508 557 3620 630 γὰρ
3665 559 3727 611 ἂν

2134 652 2358 726 Χριστῷ
2385 653 2452 705 τὰ
2486 654 2545 706 ὲν
2568 654 2648 722 τῷ
2677 654 3090 725 πρωτοπλάστῳ
3130 656 3196 725 τῇ
3231 652 3524 724 ἀνθρώπου
3565 651 3728 720 φύσει

2136 745 2521 816 συμϐεϐηκότα
2570 749 2865 816 σωματικά
2909 765 2969 800 τε
3005 748 3101 800 καὶ
3133 745 3342 816 ψυχικά
3387 744 3498 798 τῶν
3541 745 3731 816 ἀρρω-

2137 841 2434 910 πημάτων
2467 841 3064 911 ὲνεργήματα.⁹Ὡσπερ
3092 841 3202 911 γὰρ
3229 839 3316 894 διὰ
3345 839 3447 909 τῆς
3477 837 3727 906 ὑπακοῆς

2135 930 2302 986 αὑτοῦ
2334 931 2534 984 δίκαιοι
2563 933 2906 1003 κατέστημεν
2938 934 2987 986 οἱ
3014 933 3219 998 πολλοὶ,
3250 931 3426 984 καίτοι
3453 929 3726 982 πεπονθός-

2135 1040 2226 1087 τες
2259 1021 2349 1075 διά
2373 1022 2472 1092 τῆς
2505 1024 2715 1077 ἐκείνου
2745 1025 3035 1095 παρακοῆς
3060 1025 3159 1094 τὴν
3192 1025 3518 1095 κατάκρισιν
3537 1035 3552 1050 ⁶
3584 1021 3732 1075 οὕτω

2135 1112 2200 1183 δὴ
2241 1112 2404 1166 πάλιν
2435 1112 2526 1166 διά
2552 1114 2652 1184 τῆς
2696 1115 2755 1167 ὲν
2787 1116 3010 1186 Χριστῷ
3044 1115 3344 1185 νοουμένης
3392 1113 3708 1171 εὐσθενείας

2135 1205 2294 1275 δῆλον
2314 1205 2372 1258 δὲ
2401 1207 2483 1259 ὅτι
2510 1206 2907 1274 πνευματικῆς,
2936 1205 3006 1257 τά
3030 1204 3124 1257 ἐπὶ
3145 1206 3267 1267 ταῖς
3293 1203 3537 1276 πρώταις
3568 1207 3733 1256 ἀσθεο

2137 1297 2308 1360 νείαις
2339 1296 2779 1366 διεκρουσάμεθα
2810 1296 3012 1366 βλάϐη·
3066 1297 3161 1349 κα)⁸
3205 1297 3255 1348 οἱ
3291 1296 3643 1358 πεπτωκότες
3669 1297 3730 1348 ὲν

2149 1388 2342 1460 Ἀδὰμ,
2372 1391 2738 1460 νενικήκαμεν
2769 1391 2827 1440 ὲν
2860 1388 3102 1459 Χριστῷ.
3121 1389 3520 1442 Ἀντιτάττεται
3550 1388 3730 1440 τοίνυν

2137 1479 2278 1549 ὑπὲρ
2316 1479 2474 1550 ἡμῶν
2513 1479 2589 1542 ὡς
2623 1479 2932 1550 ἄνθρωπος,
2963 1479 3059 1532 καὶ
3097 1482 3222 1550 νικᾷ
3247 1479 3444 1543 θεῖκῶς
3479 1481 3572 1533 καὶ
3606 1497 3727 1532 πει-

2140 1570 2364 1642 ράζεται
2396 1572 2514 1640 μὲν,
2549 1571 2624 1633 ὼς
2658 1573 2739 1624 ἐνὶ
2773 1571 2880 1624 τῶν
2909 1571 3036 1624 καθ’
3067 1572 3214 1641 ἡμᾶς
3241 1571 3613 1639 ἑπιπηδῶντος
3633 1569 3730 1622 τοῦ

2138 1663 2374 1726 Σατανᾶ,
2406 1662 2502 1715 καὶ
2553 1662 2848 1730 οἰηθέντος,
2882 1663 2964 1715 ὅτι
3007 1663 3074 1716 τὸ
3119 1662 3354 1732 ἀκρατὲς
3387 1662 3488 1732 τῆς
3530 1661 3734 1732 σαρκὸς

2140 1751 2671 1822 συνεκπολεμήσειεν
2734 1751 2801 1805 ἂν
2863 1751 3015 1822 αὖτῷ
3075 1751 3167 1804 τὸν
3232 1750 3731 1821 ὲκπειραζόμενονο

451 1858 598 1915 geret
632 1865 644 1900 :
678 1862 866 1901 verum
904 1846 950 1900 is
986 1845 1309 1913 pudefactus
1342 1846 1635 1910 abscessit,
1673 1860 1796 1900 cum
1833 1855 2030 1900 natura

2142 1845 2413 1914 ἀναχωρεῖ
2455 1844 2511 1898 δὲ
2559 1844 3056 1916 κατῃσχυμμένος,-
3089 1844 3520 1914 καινοτομούσης
3567 1843 3734 1896 αὐτὸν

453 1943 684 1992 humana
752 1952 892 1991 novo
945 1938 1180 2005 quodam
1252 1937 1415 1991 modo
1474 1935 1526 1990 in
1590 1935 1813 1990 Christo
1860 1935 2032 2006 legem

451 2030 688 2100 peccati,
741 2044 859 2098 quae
907 2029 1116 2094 pridem
1171 2028 1225 2082 in
1277 2029 1539 2083 membris
1583 2028 1767 2083 carnis
1800 2027 2033 2083 ferocie-

451 2122 654 2185 Ι›.ιι”,
717 2121 1042 2174 exstinctam
1105 2119 1597 2187 mortilicatamque
1661 2135 1781 2173 sese
1833 2119 2036 2175 habere

450 2217 763 2270 uSIenileret
796 2232 810 2268 :
841 2214 1041 2268 abolita
1086 2223 1170 2269 est
1203 2214 1347 2268 enim
1404 2214 1486 2267 lex
1539 2214 1655 2268 litec
1700 2214 1752 2267 in
1795 2213 2032 2268 Christo.

450 2306 622 2361 Porro
658 2305 837 2360 autem
887 2322 1008 2358 cum
1072 2317 1334 2373 quantum
1371 2314 1457 2359 sat
1498 2315 1618 2358 erat
1651 2304 1763 2373 jam
1796 2303 2033 2374 iejuuas-

451 2412 553 2459 set.
591 2401 883 2468 divinaque
917 2400 1118 2454 virtute
1145 2399 1351 2467 absque
1386 2399 1512 2454 cibo
1542 2405 1596 2453 et
1629 2407 1756 2466 potu
1789 2397 2037 2450 incorru-

452 2504 595 2560 piam
640 2506 862 2544 carnem
909 2501 1315 2554 conservasset,
1352 2492 1446 2542 vix
1481 2492 1724 2552 tandem,
1757 2503 1877 2557 qua:
1911 2504 2038 2555 pro-

452 2586 568 2652 pria
616 2582 762 2634 illius
813 2593 978 2644 sunt,
1025 2583 1134 2649 pati
1179 2596 1299 2635 eam
1352 2581 1499 2635 sivit.
1565 2581 1835 2634 Esuriisse
1890 2581 2035 2634 enim

453 2676 655 2728 dicitur
686 2693 698 2727 :
727 2674 822 2728 sed
859 2689 1020 2742 quam
1072 2673 1142 2727 ob
1183 2688 1433 2736 causam,
1480 2688 1686 2742 quaeso,
1727 2673 1933 2726 esurit?
1957 2673 2039 2727 Ob

451 2784 572 2822 eam
607 2767 887 2831 nimirum,
923 2781 1026 2834 qua
1062 2775 1185 2833 apte
1225 2781 1320 2832 per
1352 2775 1642 2835 utrumque
1672 2763 1844 2819 Deum
1873 2766 2036 2820 simul

451 2870 506 2915 et
544 2860 815 2913 hominem
872 2872 931 2912 se
975 2873 1097 2913 esse
1124 2857 1455 2923 declararet,
1491 2873 1740 2927 unusque
1782 2867 1837 2914 et
1869 2858 2034 2923 idem,

453 2962 720 3020 quatenus
752 2947 917 3008 Deus,
955 2963 1117 3018 supra
1151 2964 1251 3002 nos
1283 2963 1442 3015 esse;
1471 2956 1526 3003 et
1554 2959 1822 3018 quatenus
1849 2949 2035 3013 homo,

454 3044 613 3096 nobis
658 3041 852 3095 similis
889 3052 1304 3109 agnosceretur.
1352 3040 1562 3096 Virtute
1599 3057 1764 3110 porro
1796 3040 2036 3110 Spiritus

454 3140 506 3193 in
532 3139 802 3191 desertum
833 3138 915 3206 agi
952 3138 1170 3199 dicitur,
1203 3152 1307 3191 non
1333 3138 1474 3206 quod
1507 3135 1590 3206 agi
1621 3137 1762 3190 idem
1793 3136 1866 3189 sit
1892 3135 2033 3204 quod

454 3231 678 3294 deferri,
723 3231 817 3284 sed
854 3232 1020 3283 vitam
1073 3230 1380 3294 traducere,
1431 3242 1529 3281 seu
1568 3227 1810 3281 morari:
1845 3241 2037 3296 quent-

454 3324 746 3378 adniodum
804 3337 903 3376 nos
943 3336 1160 3390 quoque
1212 3321 1395 3374 dicere
1439 3319 1716 3374 interdum
1756 3317 2041 3373 consuevi-

456 3430 597 3478 inus,
623 3415 765 3468 hunc
798 3414 877 3466 rel
913 3413 1058 3465 illum
1092 3412 1258 3480 probe
1297 3411 1535 3478 seipsum
1569 3424 1753 3478 agerc,
1793 3409 1896 3464 hoc
1929 3416 2037 3471 est,

457 3505 785 3576 inculpatam
846 3503 1010 3556 vitam
1079 3503 1318 3571 exigere.
1372 3501 1703 3555 Versabatur
1755 3500 1924 3569 igitur
1984 3500 2038 3552 in

456 3593 693 3654 deserto,
739 3591 838 3644 hoc
876 3599 982 3654 est,
1018 3590 1183 3642 vitam
1223 3589 1334 3642 illic
1373 3587 1640 3657 agitabat,
1673 3603 1782 3642 non
1820 3589 2038 3658 quidem

458 3697 609 3734 more
660 3695 924 3748 corporeo
961 3698 974 3732 :
1008 3695 1130 3732 nam
1183 3679 1393 3745 absque
1435 3679 1559 3732 cibo
1607 3688 1662 3732 et
1697 3689 1849 3746 potu,
1882 3679 2042 3732 rebus

458 3775 646 3840 utique
700 3774 940 3826 humano
991 3771 1207 3839 corpori
1273 3770 1639 3834 necessariis,
1685 3771 1759 3824 ibi
1811 3769 2043 3840 degebat

458 3864 699 3934 Spiritus
739 3861 939 3916 virtute
962 3871 1228 3927 armatus,
1271 3871 1326 3914 et
1357 3876 1524 3930 supra
1563 3861 1806 3915 humanae
1834 3873 2043 3918 natura:

458 3957 824 4011 conditionem
856 3955 908 4008 in
941 3953 1199 4009 continuo
1224 3953 1432 4022 jejunio
1461 3955 1657 4009 ibidem
1691 3955 2040 4023 pcrsistebat.

457 4048 726 4101 (lit-terum
757 4055 1018 4100 accurate
1054 4046 1454 4099 observandum
1480 4056 1561 4099 est
1581 4046 1728 4115 quod
1761 4048 1848 4100 hic
1876 4048 2043 4101 tradi-

460 4149 588 4192 tur:
621 4149 704 4191 est
753 4138 898 4191 enim
945 4136 1236 4204 ejusmodi,
1288 4137 1340 4189 in
1389 4152 1497 4204 quo
1528 4135 1762 4191 salubris
1796 4138 2042 4206 quaedam

363 4288 368 4292 ,
459 4229 721 4284 doctrinae
753 4230 831 4284 vis
869 4229 1054 4282 lateat.
1105 4226 1220 4281 Non
1251 4228 1398 4282 enim
1435 4237 1563 4282 ante
1589 4239 1835 4283 sanctum
1870 4229 2046 4297 bapti-

461 4337 577 4374 sma
642 4332 952 4390 susceptum
1014 4319 1364 4386 tentabatur;
1438 4319 1531 4372 sed
1604 4335 1778 4385 neque
1837 4319 2042 4387 Spiritu

460 4427 678 4481 quoque
723 4412 774 4465 in
809 4411 1088 4466 desertum
1123 4410 1406 4480 agebatur.
1440 4410 1666 4480 Ecquid,
1711 4427 1918 4480 qiizeso,
1957 4427 2044 4467 res

2133 1939 2234 2006 τῆς
2262 1935 2550 2005 ἀνθρώπου
2584 1936 2801 2005 φύσεως
2825 1939 2884 1992 ὲν
2911 1935 3155 2007 Χριστῷ,
3185 1937 3280 1990 καὶ
3326 1935 3733 2006 νενεκρωμένον

2135 2029 2366 2100 ἐχούσης
2403 2029 2507 2097 τῆς
2537 2029 2818 2100 ἁμαρτίας
2844 2028 2938 2082 τὸν
2969 2029 3154 2099 νόμον,
3185 2029 3276 2082 τὸν
3307 2029 3365 2082 ὲν
3395 2029 3508 2091 τοῖς
3543 2027 3732 2098 μέλεσι

2134 2123 2232 2192 τῆς
2263 2121 2466 2191 σαρκὸς
2487 2121 2840 2192 ἀγριαίνοντα
2858 2139 2872 2152 ’
2899 2122 3248 2192 κατήργηται
3270 2121 3378 2192 γάρ
3407 2122 3465 2174 ὲν
3486 2120 3731 2192 Χριστῷ.

2134 2215 2456 2283 Νηστεύσας
2477 2231 2541 2283 γε
2576 2216 2685 2284 μὴν
2710 2204 3096 2283 ἀποχρώντως,
3123 2214 3220 2266 καὶ
3247 2214 3476 2283 δυνάμει
3503 2213 3732 2283 θεοπρε-

2136 2308 2229 2358 πεῖ
2256 2302 2420 2358 ποτοῦ
2456 2304 2550 2358 καὶ
2586 2304 2772 2358 σιτίων
2804 2303 2926 2373 δίχα
2953 2302 3052 2374 τὴν
3087 2304 3269 2373 σάρκα
3297 2305 3544 2374 τηρήσας
3574 2303 3733 2356 ἀδιά-

2137 2397 2356 2468 φθορον,
2391 2398 2579 2467 ἐφίησι
2616 2397 2768 2466 μόλις
2809 2395 2878 2450 τὰ
2922 2397 3098 2449 οἰκεῖα
3134 2395 3328 2450 παθεῖν
3387 2397 3545 2468 αὐτῇ.
3600 2398 3733 2450 Πει-

2137 2488 2298 2556 νῆσαι
2343 2487 2454 2556 γὰρ
2495 2486 2744 2555 λέγεται·
2788 2487 2886 2539 καὶ
2927 2486 3016 2539 διὰ
3055 2487 3216 2540 ποίαν
3256 2487 3472 2551 αἰτίαν;
3509 2489 3623 2540 Ἵνα
3653 2488 3737 2541 δι’

2137 2578 2341 2647 ἀμφοῖν
2375 2577 2643 2648 εὐτέχνως
2669 2578 2804 2641 Θεός
2837 2596 2896 2631 τε
2926 2577 3064 2647 ὁμοῦ
3099 2580 3194 2632 καὶ
3240 2579 3526 2649 ἄνθρωπος
3557 2579 3736 2650 ὐπάρ·

2139 2687 2250 2739 χιον
2299 2669 2729 2739 ὲπιγινώσκηται
2775 2665 2857 2732 εἷς
2906 2671 3000 2723 καὶ
3046 2670 3075 2722 ὀ
3123 2670 3286 2734 αὐτὸς
3329 2670 3594 2740 δηλονότι,
3640 2672 3738 2726 καὶ

2139 2761 2336 2824 θεῖκῶς
2371 2761 2511 2832 ὑπὲρ
2535 2763 2706 2831 ἡμᾶς,
2735 2762 2828 2814 καὶ
2857 2761 2980 2815 καθ’
3009 2765 3157 2833 ἡμᾶς
3183 2762 3738 2832 ἀνθρωπίνως.Ἀγε-

2140 2855 2265 2908 σθαι
2297 2853 2352 2907 δὲ
2381 2853 2597 2918 λέγεται
2636 2856 2701 2924 τῇ
2738 2854 2968 2924 δυνάμει
3021 2855 3114 2910 τοῦ
3164 2854 3484 2924 Πνεύματος
3517 2858 3596 2918 είς
3636 2854 3737 2926 τὴν

2139 2944 2365 3016 ἔρημον,
2409 2944 2505 2997 τοῦ
2554 2944 2785 3012 ἄγεσθαι
2820 2943 3110 3014 δηλοῦντος
3141 2945 3202 2996 οὐ
3250 2944 3311 2998 τὺ
3355 2943 3737 3016 ἀποφέρεσθαι

2144 3039 2366 3108 μᾶλλον,
2400 3037 2538 3090 ἀλλά
2586 3037 2649 3090 τὸ
2696 3037 2923 3105 διάγειν,
2961 3038 3079 3106 ἤτοι
3134 3037 3427 3090 διατελεῖν·
3482 3035 3738 3106 καθάπερ

2143 3128 2335 3198 ἀμέλει
2384 3128 2479 3181 καί
2526 3129 2610 3197 ἐφ’
2643 3129 2802 3199 ήμῶν
2845 3127 3061 3196 λέγεται
3110 3128 3460 3191 πλειστάκιςο
3503 3129 3562 3182 '0
3588 3128 3738 3182 δεῖ-ια

2143 3218 2303 3289 τυχὸν
2355 3220 2546 3273 ἑαυτὸν
2594 3220 2772 3291 ὀρθῶς
2819 3219 2964 3288 ἄγει,
2999 3221 3278 3274 τουτέστιν
3332 3219 3639 3291 ἀμέμπτως
3665 3218 3734 3291 ζῇ

2143 3313 2237 3364 καὶ
2267 3311 2631 3366 πολιτεύεται.
2652 3313 3040 3384 Ἀνεστρέτετο
3066 3312 3245 3365 τοίνυν
3276 3312 3357 3374 είς
3381 3311 3736 3382 τὴνιέρημον,

2143 3402 2312 3472 ἤγουν
2344 3405 2580 3456 ἐποιεῖτο
2607 3402 2705 3467 τὰς
2737 3404 3040 3476 διατριϐὰς,
3065 3403 3126 3456 οὐ
3169 3403 3495 3472 σωματικῶς
3518 3418 3532 3432 ·
3569 3401 3737 3455 ποτοῦ

2143 3494 2252 3564 γὰρ
2285 3495 2406 3564 δίχα
2435 3495 2532 3548 καὶ
2559 3495 2659 3564 τῆς
2684 3498 2797 3560 τοῖς
2829 3495 3078 3565 σώμασιν
3103 3495 3408 3564 ἀναγκαίας
3439 3495 3644 3564 τροφῆς
3679 3495 3739 3547 ὲν

2143 3584 2372 3656 δυνάμει
2421 3585 2738 3656 Πνεύματος
2785 3588 2926 3658 ὑπὲρ
2965 3588 3127 3656 φύσιν
3163 3591 3261 3659 τὴν
3312 3587 3435 3642 καθ’
3468 3588 3614 3657 ἡμᾶς
3656 3586 3738 3638 δι-

2145 3678 2435 3748 εκαρτέρει
2479 3678 2618 3747 πρὸς
2651 3679 2750 3749 τὴν
2798 3679 3073 3750 νηστείαν.
3115 3679 3264 3750 Πλὴν
3311 3681 3487 3734 ἐκεῖνο
3535 3679 3732 3750 ἄθρειο

2144 3769 2567 3841 ἑπωφελεστάτη
2619 3772 2727 3844 γάρ
2775 3772 2877 3842 τῆς
2924 3773 3197 3844 ὲννοίαςή
3239 3773 3490 3844 δύναμις.
3521 3776 3597 3826 Οὐ
3627 3773 3737 3843 πρὸ

2144 3861 2238 3914 τοῦ
2281 3863 2436 3929 ἁγίου
2469 3863 2848 3933 βαπτίσματος
2879 3865 3222 3936 ὲπειράζετο,
3261 3865 3380 3918 ἀλλ’
3408 3865 3531 3918 οὐδὲ
3571 3866 3739 3936 ῆγετο

2143 3953 2224 4024 τῷ
2263 3955 2538 4025 Πνεύματι
2569 3957 2648 4020 εἰς
2678 3955 2777 4027 τὴν
2810 3957 3037 4027 ἔρημον,
3070 3957 3240 4010 τύπον
3275 3960 3407 4028 ἡμῖν
3453 3957 3514 4011 τὸ
3543 3957 3738 4029 χρῆμα

2145 4047 2350 4111 τιθείς·
2402 4049 2684 4119 ἀμήχανον
2729 4049 2838 4118 γάρ
2881 4049 3008 4112 τοὺς
3041 4048 3195 4103 οὔπω
3246 4050 3734 4120 βεόαπτισμένους,

2145 4139 2238 4194 τοῦ
2270 4141 2619 4210 πειράζοντος
2647 4141 2865 4196 Σατανᾶ
2893 4139 3173 4194 δύσοιστον
3203 4137 3370 4195 οὖσαν
3413 4142 3514 4214 τὴν
3561 4157 3736 4211 προσ-

2147 4230 2308 4302 ϐολὴν
2341 4233 2661 4300 ὑπενεγκεῖν
2697 4232 2958 4288 δύνασθαι
2986 4234 3270 4300 νεανικῶς,
3305 4235 3471 4306 ἤγουν
3501 4235 3735 4303 ἄγεσθαι

2147 4324 2535 4393 πνευματικῶς
2557 4341 2570 4354 ·
2620 4325 2812 4396 καιρὸς
2843 4326 2899 4379 δὲ
2941 4328 2970 4380 ὁ
3004 4326 3233 4396 πρέπων
3269 4331 3384 4390 τοῖς
3425 4326 3569 4380 οὕτω
3597 4327 3735 4396 λαμ.-

2147 4417 2304 4485 προῖς
2353 4416 2447 4468 καὶ
2496 4414 2847 4484 ἀξιαγάστοις
2899 4416 3343 4487 κατορθώμασιν,
3397 4419 3426 4470 ὁ
3483 4417 3623 4487 μετὰ
3671 4415 3735 4468 τὸ

462 4508 576 4560 h:rc
626 4504 779 4558 nobis
831 4504 1229 4558 adumbrabat?
1274 4503 1390 4558 Non
1439 4503 1585 4557 aliud
1622 4507 1832 4570 utique,
1879 4519 2037 4573 quam

2147 4507 2301 4576 ἅγιον
2345 4507 2661 4578 βάπτισμαο
2715 4509 3148 4579 κραταιωθέντες
3191 4508 3300 4578 γὰρ
3351 4508 3495 4562 οὕτω
3539 4511 3604 4580 τῇ
3635 4507 3733 4561 τοῦ

461 4600 575 4652 lieri
613 4614 718 4650 non
753 4611 933 4665 posse,
969 4605 1026 4649 ut
1055 4596 1090 4648 ii
1118 4595 1213 4664 qui
1247 4595 1502 4664 baptismi
1529 4597 1766 4664 gratiam
1811 4597 2041 4650 necdum

460 4691 694 4745 assecuti
739 4700 884 4754 sunt,
924 4687 1269 4758 gravissimis
1305 4687 1566 4741 tentautis
1605 4686 1824 4740 Satana:
1863 4686 2040 4741 insul-

463 4783 607 4837 tibus
635 4781 864 4834 viriliter
894 4779 1187 4844 obsistant,
1213 4790 1305 4833 aut
1328 4779 1590 4848 Spiritalis
1623 4779 1746 4832 vita:
1778 4779 2043 4834 rationem

463 4875 602 4929 inire
639 4885 860 4942 queant.
903 4872 1141 4942 Tempus
1185 4883 1366 4928 autem
1401 4873 1708 4926 obtinenda:
1742 4871 1904 4942 158
1933 4881 2040 4925 tam

466 4965 691 5016 illustris
718 4963 956 5017 victoriae
981 4975 1102 5032 post
1131 4979 1349 5018 sacrum
1378 4965 1646 5033 baptisma
1679 4973 2040 5032 Opportunum

462 5063 567 5108 est.
597 5053 670 5108 lta
698 5057 839 5108 enim
871 5056 1107 5124 Spiritus
1129 5057 1303 5110 sancti
1333 5056 1750 5124 participatione
1777 5055 2040 5117 roberati,

463 5157 517 5199 et
564 5162 798 5215 supeina
844 5149 1020 5214 gratia
1078 5147 1146 5200 ad
1209 5146 1453 5216 spiritale
1491 5147 1653 5200 robur
1707 5145 2038 5210 continuati,

465 5241 679 5292 Satana-
715 5240 926 5294 insidiis
970 5239 1089 5309 capi
1127 5255 1232 5294 non
1273 5242 1612 5308 poterimus;
1649 5239 1744 5294 sed
1785 5249 2042 5306 tanquam

465 5331 520 5383 in
583 5332 784 5385 virtute
836 5330 1070 5400 Spiritus
1123 5333 1389 5398 vivemus,
1443 5333 1597 5400 quasi
1657 5333 1709 5384 in
1767 5332 2044 5384 desertum

463 5423 736 5490 quoddam
775 5426 1116 5490 secedentes,
1152 5425 1277 5480 dum
1326 5422 1516 5493 procul
1571 5439 1600 5478 a
1652 5423 1838 5476 mundi
1885 5421 2046 5490 hujus

467 5514 787 5569 tumultibus
826 5517 988 5569 vitam
1019 5517 1230 5584 placide
1267 5515 1636 5584 transigimus.
1681 5514 2042 5580 Quamobrem

465 5603 593 5659 licet
641 5607 1064 5675 cunctipotcntis
1107 5606 1200 5660 Dei
1248 5607 1425 5662 Verbo
1469 5621 1658 5676 parum
1700 5605 1921 5660 omnino
1973 5605 2046 5660 sit

539 5778 582 5808 ⁷¹
612 5776 766 5834 Boni.
803 5796 854 5846 ν,
886 5781 972 5838 19.
1044 5785 1090 5814 τ’
1126 5781 1284 5840 Rom.
1313 5798 1408 5851 \‘tt,
1445 5782 1526 5836 l5.

2150 4601 2306 4669 ἁγίου
2340 4598 2654 4669 Πνεύματος
2685 4603 2909 4670 μετοχῇ,
2943 4601 3037 4653 καὶ
3066 4603 3132 4671 τῇ
3159 4600 3364 4654 ἀνωθεν
3399 4602 3585 4672 χάριτι
3609 4617 3735 4654 κατ-

2150 4690 2608 4760 εσφραγισμένοι,
2647 4690 2784 4760 πρὸς
2850 4691 3151 4760 εὐρωστίαν
3213 4691 3270 4744 δὲ
3327 4689 3569 4760 δηλονότι
3632 4690 3734 4760 τὴν

2152 4781 2548 4850 πνευματικὴν,
2596 4780 2860 4834 ἀνάλωτοί
2888 4797 2948 4835 τε
2981 4781 3220 4850 ἐσόμεθα
3249 4780 3326 4851 τῷ
3359 4783 3608 4852 Σατανᾷ,
3641 4782 3736 4834 καὶ

2151 4874 2226 4937 ὡς
2253 4875 2312 4927 ὲν
2337 4872 2565 4942 δυνάμει
2599 4872 2917 4942 Πνεῦματος
2940 4873 3290 4945 διαζήσομεν,
3320 4874 3524 4945 ἔρημον
3546 4874 3735 4947 ὥσπερ

2148 4965 2271 5018 τινά
2305 4964 2816 5035 καταλαμϐάνοντες
2839 4964 3014 5035 χῶρον
3039 4965 3100 5019 τὺ
3122 4965 3225 5031 ἔξω
3244 4965 3451 5036 τύρϐης
3479 4965 3735 5034 γενέσθαι

2151 5055 2696 5127 κοσμικῆί.Σμικρὸν
2725 5057 2822 5126 μὲν
2843 5053 2936 5110 οὖν
2965 5059 3158 5128 κομιδῇ
3188 5057 3266 5126 τῷ
3298 5059 3475 5111 πάντα
3499 5056 3736 5127 ἰσχύοντι

2152 5151 2312 5220 Λόγῳ
2345 5149 2406 5202 ab
2439 5153 2659 5219 νικῆσαι
2687 5150 2776 5203 τὸν
2808 5152 3074 5215 Σατανᾶν,
3117 5152 3261 5220 μέγα
3303 5151 3361 5203 δὲ
3395 5151 3558 5206 πάλιν
3603 5153 3738 5220 ἡμῖν

2162 5243 2208 5296 τὸ
2234 5243 2328 5296 καὶ
2361 5242 2550 5294 τούτου
2580 5245 2766 5311 τυχεῖν
2791 5243 2879 5295 διά
2918 5243 3015 5312 τῆς
3055 5242 3521 5312 ὲνανθρωπήσεως
3544 5242 3733 5309 αὐτοῦ,

2152 5333 2295 5389 καθά
2325 5337 2419 5388 καὶ
2445 5335 2506 5388 τὸ
2536 5335 2983 5407 ἀνακαινισθῆναι
3017 5334 3153 5406 πρὸς
3184 5334 3738 5405 άφθαρσίαν.”οσπερ

2153 5427 2262 5497 γὰρ
2285 5427 2372 5481 διὰ
2394 5428 2492 5498 τῆς
2522 5430 2586 5482 ὲκ
2609 5428 2817 5499 νεκρῶν
2860 5429 3209 5491 ἀναστάσεως
3245 5428 3412 5481 αὑτοῦ
3453 5428 3738 5499 κρείττους

2153 5521 2317 5590 ἡμεῖς
2362 5519 2668 5589 γεγόναμεν
2718 5520 2821 5590 τῆς
2855 5520 3080 5590 φθορᾶς,
3125 5519 3268 5573 οὔτω
3305 5519 3401 5572 διὰ
3435 5519 3534 5588 τῆς
3567 5521 3626 5574 ἐν
3659 5521 3739 5592 τῷ

2156 5610 2515 5681 πειράζεσθαι
2546 5613 2700 5684 νίκης
2729 5613 2888 5667 πάλιν
2919 5615 3079 5686 ἡμεῖς
3113 5612 3556 5684 κεκρατήκαμεν.
