4076 6416
335 448 361 506 ί
372 449 480 507 585

1150 447 1245 504 AD
1284 448 1585 506 REGINAS
1623 448 1712 505 DE
1749 447 1982 506 RECTA
2021 445 2180 503 FIDE
2217 444 2476 509 ORATIO
2515 447 2819 503 ALTERA.

3471 448 3609 505 1386

335 559 599 614 Satanam
632 558 921 628 devicisse,
988 558 1148 616 nobis
1215 570 1398 617 tamen
1461 577 1820 634 permagnum
1885 561 2156 631 quoddam
2205 571 2310 627 est,
2353 561 2499 632 quod
2545 576 2644 631 per
2689 560 2808 629 ejus
2852 558 3285 617 incarnationem
3331 559 3610 632 victorian:

333 650 593 706 adversus
621 649 771 706 illum
795 652 1193 708 obtinuerimus
1222 672 1236 708 :
1265 655 1405 710 sicut
1436 665 1491 711 et
1515 656 1645 710 illud
1672 668 1909 725 quoque,
1950 654 2093 724 quod
2129 669 2226 724 per
2283 655 2529 711 eamdem
2564 654 2631 707 ad
2675 654 3137 725 incorruptionem
3174 666 3273 707 nos
3334 652 3613 707 instaura-

332 745 431 799 vit.
488 743 642 798 Sicut
722 744 866 798 enim
916 757 1014 813 per
1063 744 1207 799 illius
1258 745 1715 801 resurrectiénem
1794 743 2146 813 corruptione
2192 744 2509 812 superiores
2559 740 2876 807 evasimus,
2942 742 3053 806 ita,
3107 738 3338 797 victoria
3423 749 3615 795 contra

334 846 634 893 tentantcm
669 834 926 890 Satanam
966 852 1063 906 per
1088 836 1237 892 illum
1280 840 1528 906 obtenta,
1579 855 1679 895 nos
1706 853 1922 910 quoque
1960 838 2197 894 victores
2228 838 2428 893 reddit.

406 929 531 983 AZ'.
578 948 597 981 ι
633 929 892 1000 Ἔχοντες
924 925 1018 984 οῦν
1044 930 1311 1003 ἀρχιερέα
1354 932 1527 1002 μέγαν
1576 932 1969 999 διεληλυθόταλ

2098 931 2368 986 XXXVII.
2421 950 2440 983 ι
2473 930 2747 987 Habentes
2789 945 2923 1001 ergo
2970 928 3282 998 pontiﬁcem
3334 942 3616 999 magnum.

334 1021 463 1087 ’τοὺς
492 1021 779 1090 οὐρανοὺς,
797 1020 1007 1091 Ἰησοῦν
1035 1021 1125 1075 τὸν
1157 1020 1284 1075 Υἱὸν
1310 1021 1404 1076 τοῦ
1439 1020 1595 1089 Θεοῦ,
1634 1024 1927 1095 κρατῶμεν

334 1112 437 1182 τῆς
465 1110 776 1181 ὁμολογίας.
810 1110 885 1164 Οὐ
919 1113 1029 1182 γάρ
1057 1111 1255 1183 ἔχομεν
1290 1114 1552 1184 ἀρχιερέα
1589 1114 1663 1186 μὴ
1701 1114 1932 1185 δυνάμε-

336 1218 428 1255 νον
456 1200 813 1270 συμπαθῆσαι
839 1202 960 1263 ταῖς
987 1200 1295 1266 ἀσθενείαις
1318 1204 1349 1272 ἡ
1359 1202 1495 1273 μῶν,
1527 1203 1932 1275 πεπειραμένον

336 1292 395 1348 δὲ
429 1292 570 1347 κατά
600 1292 777 1346 πάντα
813 1291 936 1345 καθ’
956 1293 1271 1364 ὁμοιότητα,
1307 1295 1476 1366 χωρὶς
1508 1294 1804 1367 ἁμαρτίας.
1828 1316 1847 1348 ι
1866 1296 1933 1349 Ἢ

337 1388 441 1456 ’τῆς
473 1384 642 1455 ὀρθῆς
668 1383 907 1446 πίστεως
938 1384 1200 1455 ὁμολογία
1246 1387 1547 1457 πράττεται
1592 1387 1728 1458 πρὸς
1776 1386 1933 1458 ἡμῶν

339 1478 421 1540 εἰς
447 1477 543 1530 ἕνα
572 1474 705 1528 Θεὸν
731 1474 951 1546 Πατέρα
979 1478 1399 1548 παντοκράτορα
1421 1519 1435 1544 ,
1464 1478 1559 1531 καὶ
1591 1481 1667 1543 εἰς
1696 1479 1789 1532 ἕνα
1816 1478 1934 1533 Κῦ-

343 1583 460 1637 ριον
496 1563 707 1635 Ἰησοῦν
761 1566 1000 1637 Χριστὸν
1045 1566 1138 1619 τὸν
1191 1566 1318 1619 Υἱδν
1369 1568 1576 1635 αὐτοῦ,
1629 1569 1733 1622 καὶΓ
1764 1571 1843 1634 εἰς
1877 1569 1936 1622 ἓν

341 1660 497 1726 ἆγιον
527 1656 775 1728 Πνεῦμα.
797 1656 1015 1727 Ταύτης
1044 1658 1192 1728 ἡμᾶς
1217 1659 1317 1727 τῆς
1339 1660 1629 1729 ὁμολογίας
1652 1660 1936 1732 ἐξέχεσθαι

339 1749 453 1803 δεῖν
495 1749 524 1802 6
571 1749 860 1810 θεσπέσιος
893 1751 1097 1819 γράφει
1140 1749 1374 1813 Παῦλος.
1411 1752 1629 1823 Ἐπειδὴ
1677 1752 1735 1805 δέ
1789 1754 1938 1807 ἐστιν

340 1841 793 1913 ὁμολογουμένως
817 1838 897 1907 εἷς
928 1842 1056 1905 Υἱὸς
1083 1841 1175 1896 τοῦ
1211 1843 1349 1896 Θεοῦ
1382 1844 1477 1896 καὶ
1506 1844 1742 1916 Πατρὶς,
1776 1845 1938 1915 δῆλον

341 1933 403 1986 δὲ
450 1933 533 1987 ὅτι
586 1934 825 2005 Χριστὸς
858 1934 1098 2005 Ἰησοῦς,
1149 1936 1179 1988 6
1239 1936 1597 2006 συμπαθῆσαι
1642 1936 1937 2006 δυνάμενος

343 2029 465 2090 ταῖς
511 2027 818 2090 ἀσθενείαις
847 2027 1025 2097 ἡμῶν,
1054 2027 1148 2083 καὶ
1178 2030 1317 2082 κατὰ
1376 2029 1557 2083 πάντα
1606 2032 1940 2104 πεπειραμέ-

343 2135 436 2180 νος
482 2118 605 2172 καθ’
646 2118 962 2188 ὁμοιότητα,
1013 2121 1185 2192 χωρὶς
1232 2122 1541 2194 ἁμαρτίας·
1601 2124 1687 2188 τίς
1736 2125 1803 2178 ἂν
1851 2127 1938 2198 εἴη

345 2210 533 2265 λοιπὸν
566 2214 594 2265 6
629 2212 803 2281 μέγας
837 2212 996 2283 ἡμῶν
1032 2213 1360 2285 ἀρχιερεύς;
1395 2211 1484 2286 ἆρ’
1509 2216 1607 2286 οὐχ
1640 2218 1667 2270 6
1697 2216 1939 2285 γεγονὼς

2030 1025 2122 1096 qui
2162 1023 2470 1095 penetravit
2513 1022 2706 1087 caelos,
2740 1022 2923 1079 Jesum
2956 1021 3150 1075 Filium
3195 1018 3310 1085 Dei,
3340 1028 3619 1075 teneamus

2032 1116 2452 1171 confessionem.
2491 1114 2609 1169 Non
2660 1114 2806 1169 enim
2849 1114 3112 1168 habemus
3156 1111 3490 1183 pontiﬁcem,
3526 1112 3620 1181 qui

2034 1221 2137 1261 non
2187 1208 2358 1276 possit
2402 1206 2657 1277 compati-
2693 1204 3105 1260 inﬁrmitatibus
3152 1204 3359 1259 nostris
3395 1220 3408 1256 :
3444 1213 3621 1257 tenta-

2036 1306 2150 1353 tum
2208 1307 2389 1353 autem
2434 1313 2533 1370 per
2596 1298 2785 1355 omnia
2847 1297 3145 1353 secundum
3208 1294 3622 1351 similitudinem

2035 1390 2241 1461 absque
2273 1398 2503 1460 peccato
2529 1389 2599 1444 ⁷³.
2632 1407 2651 1441 ›
2687 1389 2775 1443 Fit
2804 1403 2832 1441 a
2863 1388 3022 1443 nobis
3055 1396 3222 1442 recta:
3252 1386 3375 1441 ﬁdei
3409 1384 3625 1440 confes—

2037 1479 2141 1544 sio,
2179 1494 2373 1550 nempe
2422 1489 2482 1534 ut
2531 1481 2823 1535 credamus
2871 1479 2924 1532 in
2975 1493 3141 1532 unum
3186 1476 3354 1531 Deum
3402 1475 3623 1530 Patrem

2036 1572 2485 1641 omnipotentem,
2531 1580 2585 1625 et
2620 1570 2674 1623 in
2715 1585 2883 1623 unum
2913 1568 3198 1623 Dominum
3230 1563 3420 1621 Iesum
3463 1564 3623 1619 Chri—

2039 1675 2184 1719 stum
2223 1656 2595 1733 Filium‘ejus,
2638 1670 2694 1715 et
2730 1661 2784 1714 in
2836 1675 3002 1714 unum
3038 1658 3303 1728 Spiritqu
3352 1666 3623 1712 sanctum.

2039 1754 2214 1826 Hujus
2247 1765 2429 1810 autem
2477 1754 2601 1808 ﬁdei
2653 1751 2988 1807 confessioni
3023 1750 3291 1805 inhrerere
3335 1763 3435 1803 nos
3460 1762 3626 1817 Opor-

2042 1858 2158 1902 terc
2195 1847 2411 1901 divinus
2437 1844 2639 1899 Paulus
2680 1845 2961 1898 admonet.
3006 1841 3273 1908 Quoniam
3305 1855 3440 1895 vero
3474 1848 3631 1894 certo

2040 1946 2258 1993 constat
2336 1952 2504 1991 unum
2551 1936 2818 1990 duntaxat
2864 1949 2985 1990 esse
3033 1932 3137 1993 Dei
3173 1931 3354 1986 Patris
3404 1931 3629 1992 Filium.

2042 2043 2236 2100 nempe
2276 2029 2556 2085 Christum
2594 2027 2805 2091 Jcsum,
2838 2027 2932 2097 qui
2965 2037 3021 2081 et
3054 2026 3260 2081 nostris
3292 2023 3632 2080 inﬁrmitati-

2041 2121 2143 2176 bus
2173 2120 2413 2191 compati
2446 2128 2653 2190 potest,
2685 2128 2740 2173 et
2774 2133 2874 2189 per
2896 2118 3080 2173 omnia
3115 2116 3413 2174 secundum
3448 2114 3634 2169 simili-

2043 2201 2285 2269 tudinem
2315 2213 2518 2283 absque
2546 2220 2771 2283 peccato
2807 2220 3050 2265 tentatus
3092 2219 3209 2275 est;
3241 2209 3363 2278 quis
3413 2209 3632 2262 tandem

348 2302 472 2357 καθ’
492 2279 664 2373 ἡμᾶς,
689 2279 869 2369 οὗτος,
879 2279 991 2358 -καὶ
1014 2279 1179 2376 σαρκὶ
1200 2279 1397 2359 ’παθὼν
1423 2279 1562 2378 ῦπὲρ
1631 2279 1748 2378 μων
1763 2279 1785 2376 ;V
1807 2279 1942 2362 Τότε

2056 2319 2273 2375 magnus
2316 2304 2406 2360 ille
2431 2279 2681 2373 pontifex
2749 2311 2935 2357 noster
2979 2300 3099 2357 est?
3144 2304 3337 2356 Annon
3381 2306 3466 2355 est
3524 2298 3633 2363 hic,

347 2390 458 2462 γὰρ
484 2392 641 2463 ἡμῶν
665 2394 1076 2466 κεχρημάτικεν
1096 2395 1409 2466 ἀρχιερεὺς,
1437 2396 1535 2467 οὐχ
1556 2397 1631 2461 ὡς
1656 2397 1944 2467 ἀλλογενὲς

2056 2396 2139 2466 qui
2183 2395 2325 2451 sicut
2356 2403 2412 2450 et
2444 2409 2543 2450 nos
2575 2410 2704 2450 vere
2739 2395 2913 2449 factus
2961 2401 3069 2458 est,
3111 2401 3166 2447 ct
3208 2393 3261 2447 iu
3303 2406 3469 2446 carne
3498 2405 3626 2459 pro-

350 2485 556 2539 ὀθνεῖόν
590 2501 649 2538 τε
695 2487 991 2556 προσάγων
1020 2486 1170 2557 θῦμα
1204 2487 1346 2541 κατά
1390 2504 1453 2557 γε
1502 2488 1564 2542 τὸ
1594 2490 1784 2556 εἰωθὸς
1832 2495 1946 2556 τοῖς

2056 2497 2170 2560 pter
2202 2503 2301 2545 nos
2328 2489 2494 2543 etiam
2529 2487 2765 2558 passus?
2798 2485 2951 2540 Tunc
2978 2485 3125 2541 enim
3155 2484 3430 2556 pontiﬁcis
3462 2483 3634 2537 nostri

352 2575 557 2640 ἄλλοις,
585 2575 700 2630 ἀλλ’
725 2575 800 2630 ὢν
829 2579 994 2642 αὐτὸς
1017 2581 1047 2632 ὀ
1076 2580 1268 2651 ἀμνὸς,
1305 2581 1340 2650 ἡ
1370 2581 1714 2655 εὐοσμοτάτη
1760 2583 1943 2651 θυσία,

350 2668 415 2722 τὸ
459 2669 650 2736 νοητὸν
674 2668 1056 2741 ὁλοκαύτωμα,
1087 2673 1121 2743 ἡ
1156 2671 1452 2747 λαλιστάτη
1492 2676 1731 2746 τρυγὼν,
1759 2679 1792 2748 ἡ
1821 2678 1949 2733 ἀκέο

356 2777 512 2831 ραιος
558 2761 881 2832 περιστερὰ,
914 2764 942 2815 ὁ
978 2762 1143 2833 ἄρτος
1172 2764 1201 2816 ό
1234 2763 1363 2828 ζῶν,
1392 2765 1453 2818 τὸ
1483 2771 1720 2836 χρυσοῦν
1747 2766 1949 2838 θυμια-

352 2853 851 2925 τήριον.ιΧριστοῦ
878 2853 989 2925 γάρ
1018 2856 1185 2925 ἐσμεν
1211 2857 1407 2909 εὐωδία
1432 2856 1510 2927 τῷ
1526 2857 1697 2929 Θεῷ,ι
1722 2860 1864 2913 κατά
1886 2860 1949 2913 τὸ

358 2945 770 3015 γεγραμμένον.
796 2944 989 3016 ’Δθρει
1010 2944 1068 2998 δέ
1096 2963 1186 3016 μοι
1207 2946 1314 3000 τῶν
1346 2949 1718 3003 ἀποστολικῶν
1732 2951 1949 3006 ὲννοιῶν

353 3035 417 3088 τὸ
447 3034 629 3105 βάθος.
659 3055 677 3088 ι
709 3037 824 3090 Οὐκ
849 3036 1068 3108 ἔχομεν,
1096 3040 1284 3109 φησιν,
1317 3042 1583 3113 ἀρχιερέα
1608 3043 1683 3115 μὴ
1712 3044 1948 3116 δυνάμε-

356 3144 450 3182 νον
473 3130 834 3200 συμπαθῆσαι
856 3132 977 3194 ταῖς
1003 3130 1312 3205 ἀσθενείαις
1339 3132 1519 3205 ἡμῶν,
1543 3137 1949 3207 πεπειραμένον

356 3216 417 3273 δὲ
445 3220 587 3274 κατά
624 3220 803 3275 πάντα
838 3220 960 3275 καθ’
993 3221 1311 3294 ὁμοιότητα,
1339 3225 1511 3296 χωρὶς
1535 3226 1863 3297 ἁμαρτίας.»
1884 3228 1950 3281 El

358 3312 471 3385 γὰρ
508 3315 675 3385 μήπω
705 3313 919 3382 γέγονε,
950 3313 1139 3385 φησιν,
1179 3315 1469 3386 ἄνθρωπος
1498 3317 1526 3370 ὁ
1555 3316 1651 3370 τοῦ
1679 3317 1815 3372 Θεοῦ
1844 3319 1952 3373 Λό-

358 3422 478 3474 γος,
510 3405 626 3476 ᾔδει
654 3405 775 3477 μὲν,
807 3406 923 3477 ᾔδει
952 3406 1048 3459 καὶ
1079 3405 1224 3460 οὕτω
1266 3407 1363 3480 τὴν
1402 3409 1756 3482 ἀνθρωπίνην
1785 3411 1952 3466 ἀσθέ-

360 3513 514 3551 νειαν
549 3495 626 3561 ὡς
652 3496 1000 3567 Δημιουργός
1022 3512 1037 3528 ο
1076 3515 1094 3549 ι
1123 3496 1294 3562 Αὐτὸς
1329 3498 1438 3568 γάρ
1464 3498 1605 3569 ἔγνω
1638 3499 1699 3553 τὸ
1726 3500 1954 3572 πλάσμα

248 3675 262 3684 θ
361 3588 542 3687 ἡμιῖιν,
576 3606 613 3687 ι.
637 3587 777 3643 κατά
821 3588 882 3642 τὸ
915 3588 1326 3661 γεγραμμένον.
1356 3590 1502 3644 Ἀλλ’
1525 3590 1685 3664 εἴπερ
1741 3609 1794 3647 τι
1843 3593 1951 3647 τῶν
1979 3623 2028 3687 c

362 3679 721 3752 ἀνθρωπίνων
753 3681 848 3734 καὶ
893 3680 982 3734 ἐπ’
1011 3681 1178 3736 αὐτοῦ
1228 3681 1396 3752 φάναι
1447 3681 1628 3755 θέμις,
1661 3682 1816 3738 οὔπω
1859 3685 1953 3740 καὶ

364 3772 446 3834 εἰς
471 3768 640 3841 αὐτὴν
666 3769 931 3839 ἐκέκλητο
960 3772 1158 3840 πεῖραν
1182 3769 1292 3823 τῶν
1316 3769 1604 3842 ἡμετέρων
1632 3769 1950 3827 ἀσθενειῶν.

374 3854 597 3928 Ἐπειδὴ
641 3856 698 3908 δὲ
730 3857 829 3927 τὴν
858 3855 1016 3927 ἡμῶν
1041 3857 1360 3928 ἠμπέσχετο
1394 3858 1594 3929 σάρκα,
1625 3862 1953 3931 πεπείραται

366 3947 512 4002 κατὰ
543 3948 743 4003 πάντα.
763 3947 875 4001 Καὶ
902 3948 963 4000 οὐ
991 3949 1165 4019 δήπου
1196 3950 1375 4018 φαμὲν
1394 3947 1468 4013 ὡς
1500 3951 1808 4020 ἡγνοηκὼς,
1828 3951 1956 4005 ἀλλ’

366 4038 450 4094 ὅτι
490 4043 557 4111 τῇ
590 4038 789 4109 γνώσει
819 4041 885 4110 τῇ
912 4039 1110 4111 θεῖκῇν
1146 4041 1592 4114 προῦποκειμένῃ
1624 4043 1717 4095 καὶ
1768 4043 1830 4097 τὸ
1868 4043 1959 4098 διὰ

370 4130 566 4199 πείρας
615 4129 788 4198 αὐτῆς
837 4128 1037 4201 συνέϐη
1076 4129 1290 4200 μαθεῖν.
1317 4130 1513 4199 Γέγονε
1561 4132 1619 4184 δὲ
1666 4132 1956 4204 συμπαθὴς

369 4223 471 4276 οὐκ
496 4221 605 4275 ἀπό
631 4238 696 4290 γε
722 4220 819 4275 τοῦ
851 4221 1225 4293 πεπειρᾶσθαί
1256 4221 1420 4275 ποθεν
1444 4240 1457 4253 ’
1489 4217 1557 4293 ἦν
1581 4222 1690 4294 γάρ
1711 4223 1960 4295 ἐλεήμων

372 4313 556 4384 φύσει,
590 4314 686 4367 καὶ
710 4312 880 4378 ἔστιν,
910 4314 985 4377 ὡς
1013 4312 1147 4377 Θεός
1167 4328 1184 4346 ο
1216 4312 1403 4383 ἐπειδὴ
1428 4311 1485 4366 δὲ
1526 4312 1665 4383 μετά
1696 4311 1789 4366 τοῦ
1819 4310 1960 4368 εἶναι

371 4402 401 4459 ὂ
438 4408 575 4471 ἐστι,
607 4404 801 4474 γέγονε
846 4405 942 4458 καὶ
989 4404 1113 4459 καθ’
1144 4405 1311 4475 ἡμᾶς,
1348 4404 1833 4475 ἀνθρωποπρεπῶς
1868 4403 1963 4458 καὶ

372 4497 546 4552 ταῦτα
600 4496 820 4565 λέγεται
869 4496 999 4569 περὶ
1045 4494 1232 4552 αὐτοῦ.
1262 4495 1524 4565 Διαϐῆναι
1566 4495 1625 4548 δέ
1658 4512 1793 4565 φησι
1836 4495 1965 4559 τοὺς

373 4591 635 4663 οὐρανοὺς
663 4589 827 4642 αὑτὸν
866 4587 1195 4660 σωματικῶς
1238 4605 1298 4641 τε
1345 4587 1462 4658 ἄμα
1495 4587 1589 4640 καὶ
1621 4582 1962 4657 θεοπρεπῶς.

381 4702 401 4734 ι
427 4682 616 4752 ’Δνέόη
647 4682 744 4753 μὲν
777 4682 907 4753 γὰρ,
939 4682 1015 4743 ὡς
1050 4682 1217 4745 αὑτός
1256 4679 1359 4736 πού
1392 4697 1556 4752 φησιν
1593 4680 1620 4732 6
1656 4677 1965 4749 σοφώτατος

379 4772 613 4839 Παῦλος,
643 4774 739 4828 νῦν
782 4773 1188 4846 ἐμφανισθῆναι
1232 4772 1311 4845 τῷ
1362 4772 1642 4844 προσώπῳ
1689 4772 1783 4826 τοῦ
1830 4770 1966 4826 Θεοῦ

379 4871 518 4945 ὑπὲρ
549 4869 727 4942 ἡμῶν.
759 4888 779 4923 ι
809 4866 982 4923 Δίεισί
1014 4882 1078 4934 γε
1121 4865 1229 4937 μὴν
1258 4862 1354 4920 καὶ
1394 4864 1519 4919 καθ’
1550 4862 1737 4936 ἕτερον
1765 4864 1969 4937 τρόπον

2053 2579 2266 2635 titulum
2307 2580 2612 2650 assumpsit
2642 2595 2657 2634 :
2690 2593 2796 2633 non
2843 2579 2917 2632 ita
2957 2586 3159 2643 tamen,
3189 2586 3248 2631 ut
3276 2576 3505 2632 aliorum
3548 2591 3639 2631 sa-

2051 2670 2331 2727 cerdotum
2368 2683 2540 2735 more,
2596 2676 2908 2734 externum,
2943 2668 3045 2721 hoc
3083 2675 3189 2731 est,
3236 2681 3266 2720 a
3310 2681 3370 2721 se
3403 2666 3638 2721 alienum

2052 2761 2381 2817 sacriﬁcium
2435 2760 2696 2815 obtulerit
2741 2760 2883 2815 :sed
2942 2760 3057 2829 ipse
3091 2758 3195 2814 fuit
3258 2773 3464 2828 agnus,-
3526 2758 3643 2827 ipse

2053 2852 2490 2922 fragrantissima
2535 2850 2626 2905 illa
2661 2850 2841 2905 hostia
2874 2858 2929 2904 et
2956 2850 3212 2921 spiritale
3235 2850 3637 2913 ltolorautoma,

2051 2953 2104 2999 et
2127 2945 2245 3015 ipse
2268 2951 2449 2997 turtur
2478 2943 2565 2997 ille
2593 2941 2989 3012 gemebundus,
3020 2949 3076 2997 et
3097 2941 3329 3012 simplex
3354 2942 3637 3007 columba;

2054 3037 2170 3107 ipse
2213 3034 2372 3105 panis
2418 3035 2597 3100 vivus,
2637 3042 2695 3089 et
2731 3033 3063 3089 thuribulum
3104 3049 3350 3090 aureum.
3387 3052 3406 3087 ι
3436 3033 3639 3089 Christi

2052 3127 2198 3183 enim
2239 3128 2413 3183 bonus
2458 3126 2596 3182 odor
2633 3138 2823 3181 sumus
2856 3123 2968 3180 Deo
2986 3124 3145 3189 ⁷⁸⁸⁷⁸,
3176 3143 3194 3178 ι
3227 3132 3287 3179 ιιι
3327 3124 3499 3179 sacris
3530 3123 3645 3178 Lit-

2054 3221 2188 3276 teris
2239 3218 2516 3291 proditum
2564 3226 2671 3273 est.
2756 3216 2930 3273 Porro
2992 3216 3309 3288 apostolica:
3360 3217 3646 3272 sententiae

2054 3310 2477 3385 profunditatem
2510 3309 2603 3365 hic
2642 3309 2934 3380 diligenter
2969 3309 3221 3365 observa.
3266 3327 3291 3361 ι
3325 3307 3440 3365 Non
3477 3308 3648 3364 habe-

2056 3420 2219 3469 mus,
2271 3402 2485 3472 inquit,
2531 3400 2845 3473 pontiﬁcem
2901 3400 2991 3471 qui
3036 3414 3144 3456 non
3187 3401 3367 3472 possit
3411 3402 3646 3469 compati

2057 3498 2466 3555 inﬁrmitatibus
2512 3494 2737 3557 nostris,
2777 3501 3046 3547 tentatum
3089 3501 3268 3547 autem
3326 3505 3424 3562 per
3465 3494 3649 3548 omnia

2057 3590 2360 3646 secundum
2415 3585 2828 3643 similitudinem
2880 3583 3087 3653 absque
3142 3592 3388 3653 peccato.
3425 3602 3445 3637 ι
3485 3582 3646 3654 159

2060 3677 2390 3745 Antequam,
2433 3671 2528 3737 ait,
2579 3669 2672 3726 Dei
2725 3667 2964 3724 Verbum
3016 3668 3180 3723 homo
3227 3667 3430 3723 factum
3479 3679 3647 3731 esSt-t,

2066 3765 2319 3820 humanas
2345 3772 2532 3817 tamen
2556 3769 2762 3814 natura:
2788 3757 3157 3813 inﬁrmitatem
3185 3767 3437 3826 tanquam
3467 3774 3648 3825 rerum

2064 3854 2328 3911 Conditor
2374 3862 2568 3908 exacte
2611 3850 2949 3919 exploratam
2994 3850 3250 3907 habebat.
3286 3868 3305 3902 ι
3338 3850 3454 3920 Ipse
3482 3853 3652 3920 enim,

2064 3956 2126 4002 ut
2159 3945 2425 4015 scriptum
2459 3952 2561 4009 est,
2603 3943 2922 4013 ﬁgmentum
2962 3950 3207 3996 nostrum
3248 3943 3592 4013 c0gnovit".
3628 3964 3646 3995 ι

2066 4039 2421 4095 Vcrumenim
2460 4050 2609 4103 vero,
2677 4044 2737 4089 ut
2770 4035 3008 4090 maxime
3053 4044 3261 4103 nosset,
3300 4037 3537 4091 nondmn
3570 4046 3654 4092 ta-

2067 4147 2191 4186 men
2243 4132 2326 4201 (nt
2378 4129 2581 4198 aliquid
2642 4128 2864 4184 interim
2924 4129 3222 4183 Innnanum
3269 4129 3428 4185 nobis
3478 4130 3546 4185 de
3588 4145 3654 4186 co

2066 4225 2393 4295 depromere
2428 4221 2632 4290 liceat),
2666 4221 2929 4290 nondum,
2971 4222 3216 4294 inquam,
3256 4232 3474 4280 nostros
3506 4239 3656 4281 tnor-

2068 4315 2172 4381 bos
2224 4315 2563 4386 experientia
2608 4325 3071 4384 cognoveranat
3114 4331 3246 4371 vero
3299 4324 3655 4388 posteaquam

2071 4422 2293 4493 carnem
2331 4415 2572 4460 nostram
2608 4406 2802 4471 induit,
2832 4408 3015 4462 omnia
3051 4417 3310 4479 expertus
3339 4418 3444 4464 est.
3471 4408 3658 4479 Neque

2076 4509 2254 4554 tamen
2306 4497 2542 4554 dicimus
2607 4508 2767 4553 antea
2818 4501 3113 4570 quidquam
3190 4501 3414 4555 omnino
3465 4516 3656 4557 eorum

2072 4590 2316 4648 omnium
2354 4589 2658 4661 ignorasse,
2687 4589 2783 4647 scd
2818 4591 3068 4647 scientiae
3104 4591 3301 4647 divinae
3324 4608 3492 4662 quam
3518 4594 3659 4648 obti-

2076 4683 2261 4747 nebat,
2288 4697 2410 4738 eain
2439 4695 2655 4751 quoque
2688 4681 2962 4747 notitiam,
2998 4697 3159 4750 quam
3190 4681 3343 4738 aﬂ'ert
3368 4684 3659 4755 experieno

2078 4774 2176 4840 tia,
2229 4778 2556 4829 accessisse.
2628 4772 2813 4842 Itaque
2867 4772 2960 4828 Dei
3021 4772 3261 4828 Verbum
3309 4773 3513 4829 factum
3577 4783 3663 4829 est

2078 4867 2455 4936 etiinpaliens,
2516 4879 2622 4919 non
2661 4864 2804 4935 quod
2855 4878 2974 4919 eam
3022 4865 3387 4936 sympathiam
3435 4880 3501 4921 ex
3547 4864 3661 4935 ipsa

378 4964 505 5027 τοὺς
552 4962 837 5034 οὐρανοὺς,
884 4957 1217 5031 ἡττωμένων
1281 4956 1525 5028 δηλονότι
1581 4958 1677 5011 καὶ
1739 4956 1969 5010 κατόπιν

2078 4964 2295 5018 demum
2332 4960 2634 5016 tcntatioue
2658 4959 2741 5014 vel
2768 4958 3107 5028 experientia
3135 4958 3494 5028 assumpscrit
3523 4961 3665 5027 (erat

382 5055 571 5108 ἰόντων
615 5052 718 5123 τῆς
772 5051 933 5124 δόξης
988 5047 1157 5104 αὑτοῦ
1205 5047 1316 5101 τῶν
1365 5046 1653 5120 μακαρίων
1699 5047 1968 5117 ἀγγέλων.

382 5147 543 5202 ’Ἐστι
582 5146 713 5215 γὰρ,
751 5164 771 5197 ι
808 5145 958 5199 ἔστιν
987 5144 1063 5208 ὡς
1108 5142 1241 5206 Θεὸς
1266 5141 1522 5213 ὑπεράνω
1556 5142 1739 5212 πάσης
1770 5140 1973 5211 Ἀρκῆς

384 5241 478 5295 καὶ
512 5237 789 5304 Ἐξουσίας
815 5255 876 5292 τε
905 5236 1001 5292 καὶ
1025 5235 1383 5307 Κυριότητος,
1414 5234 1510 5287 καὶ
1539 5232 1740 5297 παντὸς
1771 5233 1972 5303 ὀνόμα-

382 5350 471 5398 τος
498 5330 926 5404 ὀνομαζομένου,
957 5330 1068 5383 εἴτε
1104 5330 1163 5384 ὲν
1206 5326 1285 5398 τῷ
1332 5328 1486 5387 αἰῶνι
1529 5324 1727 5397 τούτῳ,
1768 5325 1878 5378 εἴτε
1913 5325 1971 5377 έν

388 5427 462 5496 τῷ
500 5424 762 5495 μέλλοντι.
796 5440 815 5474 ι
865 5421 1184 5493 Συνεδρεῦει
1218 5420 1327 5491 γὰρ
1354 5419 1430 5482 ὡς
1458 5416 1589 5481 Υἱὸς
1614 5416 1692 5489 τῷ
1716 5416 1832 5488 ἰδίῳ
1856 5414 1968 5469 Πα-

455 5575 504 5612 “
537 5576 699 5634 lIebr.
728 5592 803 5643 tv,
843 5576 930 5641 II,
962 5574 1045 5629 I5.
1121 5576 1244 5607 ’ω’
1279 5574 1319 5627 ll
1349 5574 1471 5627 Cor.
1506 5589 1566 5637 ιι,
1594 5572 1679 5627 15.

2078 5053 2225 5109 enim
2252 5052 2365 5123 jam
2418 5061 2545 5106 ante
2572 5059 2629 5105 et
2676 5058 2761 5105 est
2794 5058 2988 5120 suapte
3020 5059 3212 5103 natura
3258 5049 3570 5104 misericors
3607 5059 3665 5103 ut

2079 5144 2272 5215 Deus),
2306 5145 2400 5200 sed
2445 5143 2571 5214 quia
2606 5151 2956 5213 posteaquam
2996 5143 3100 5198 hoc
3127 5142 3302 5210 ipsum
3335 5140 3477 5210 quod
3517 5149 3661 5204 erat,

2080 5243 2398 5291 constanter
2432 5250 2680 5298 manens,
2724 5233 2927 5289 factum
2958 5244 3044 5287 est
3086 5233 3251 5287 etiam
3291 5231 3457 5285 homo
3487 5230 3661 5286 nostri

2079 5326 2300 5391 similis,
2340 5340 2404 5379 ea
2450 5336 2576 5397 apte
2622 5327 2790 5382 etiam
2827 5325 2894 5382 de
2929 5323 3018 5378 illo
3061 5321 3403 5375 atlirmantur
3448 5336 3567 5390 qua:
3608 5322 3661 5374 in

2083 5426 2334 5472 naturam
2377 5418 2667 5473 humanam
2701 5417 3051 5473 conveniunt.
3082 5413 3304 5469 Dicitur
3328 5428 3456 5472 vero
3494 5413 3663 5470 cmlos

1757 5570 1805 5603 "
1842 5569 1988 5625 Psal.
2018 5585 2115 5635 cu,
2150 5571 2236 5625 14.

1501 5729 1676 5807 Varia:
1709 5727 1976 5789 lectiones
2007 5728 2215 5784 codicrs
2250 5728 2613 5799 Seguieriani.

475 5885 497 5915 ν
526 5873 843 5940 θεοπρεπεῖ.

709 5967 962 6030 Parnm.
1033 5966 1149 6029 GR.
1212 5964 1470 6027 LXXVI.

3269 5963 3346 6024 44
