4076 6446
420 488 552 542 I387
970 528 977 535 .
1417 485 1474 542 S.
1518 482 1800 542 CYRILII
1840 473 2313 541 ALEXANDRINI
2354 482 2667 542 ARCHIEP.

418 612 738 675 penetrasse
777 612 833 658 et
884 600 1245 671 corporaliter
1284 600 1444 655 simul
1484 609 1541 654 et
1582 600 1839 654 decenter
1868 596 1998 654 Deo.

2114 600 2223 670 τρὶ,
2257 599 2351 653 καὶ
2382 600 2429 653 εἱ
2460 598 2648 668 γέγονε
2681 595 2804 650 καθ’
2836 597 2983 667 ήμᾶς
3007 592 3387 665 οἰκονομικῶς.

418 692 554 745 Nam
588 692 1111 766 ntsapientissimus
1133 688 1330 744 Paulus
1357 699 1560 752 monet,
1600 708 1618 742 ι
1648 689 1929 754 Ascendit,
1963 694 2022 742 ιιι
2055 700 2314 761 appareat
2379 706 2523 761 nune
2542 689 2710 744 vultui
2740 689 2833 743 Dei
2875 703 2971 758 pro
2996 688 3153 742 nobis
3174 687 3243 741 '".
3279 706 3299 739 ι
3337 684 3477 754 Quin
3500 694 3555 742 et
3580 685 3695 740 alio

418 799 633 855 quoque
679 800 841 841 sensu
903 784 1070 841 cmlos
1123 784 1524 840 transcendisse
1567 784 1802 850 dicitur,
1853 785 1994 852 quod
2034 783 2317 841 beatorum
2363 786 2681 855 angelorum
2751 784 2979 854 gloriam
3032 780 3193 852 longo
3224 791 3351 851 post
3416 797 3477 837 se
3517 782 3693 836 inter-

418 880 561 935 vallo
601 879 887 949 reliquisse
920 889 1072 935 certo
1120 879 1475 950 dignoscatur
1510 897 1522 932 :
1556 878 1992 947 quandoquidem
2033 889 2095 934 ut
2132 879 2275 935 Deus
2306 899 2327 932 ι
2356 880 2534 949 Super
2555 895 2772 935 omnem
2805 888 2887 934 est
2918 877 3293 947 Principatum
3362 886 3419 931 et
3442 875 3696 933 Potesta-

418 983 528 1029 tem
559 983 616 1027 et
644 972 1185 1035 Dominationem,et
1216 985 1381 1027 omne
1447 985 1645 1025 nomen
1676 971 1831 1041 quod
1873 971 2185 1028 nominatur
2252 989 2357 1029 non
2403 972 2578 1029 solum
2618 974 2672 1029 in
2722 973 2827 1028 hoc
2896 969 3117 1037 saeculo,
3166 969 3261 1025 sed
3305 967 3472 1022 etiam
3516 966 3571 1023 in
3606 965 3697 1021 Iu-

3554 479 3576 534 l
3588 481 3697 538 588

418 1074 541 1121 turo
559 1064 626 1120 "'.
661 1084 681 1117 ι
743 1063 875 1118 Nam
923 1073 981 1118 ut
1021 1062 1191 1119 Filius
1226 1073 1475 1119 eamdem
1531 1078 1655 1119 cum
1698 1062 1862 1121 Patre
1906 1080 2005 1122 suo
2042 1066 2273 1138 gloriam
2328 1076 2385 1123 et
2452 1075 2777 1137 potestatem
2853 1064 3085 1128 obtinet,
3131 1063 3347 1119 etiamsi
3414 1062 3701 1133 dispensa-

417 1159 559 1215 torie
591 1157 763 1213 nostri
795 1158 987 1214 similis
1019 1156 1198 1213 iactus
1231 1157 1323 1212 sit.

486 1246 779 1303 XXXVIII.
825 1266 846 1300 ‹
876 1246 987 1303 Nec
1021 1248 1312 1318 quisquam
1361 1249 1527 1303 sumit
1567 1249 1671 1304 sibi
1715 1249 2003 1318 honorem,

417 1342 513 1398 sed
560 1341 654 1412 qui
712 1350 940 1395 vocatur
993 1356 1022 1393 a
1064 1339 1198 1409 Deo,
1252 1349 1510 1410 tanquam
1563 1342 1766 1397 Aaron.
1815 1341 1906 1397 Sic
1949 1350 2005 1396 et

416 1434 670 1490 Christus
714 1447 819 1486 non
870 1430 1194 1487 clarificavit
1237 1433 1591 1501 semetipsum
1646 1442 1706 1486 ut
1757 1431 2001 1502 pontifex

417 1525 595 1591 lleret,
630 1524 725 1580 sed
762 1523 853 1593 qui
886 1523 1103 1579 locutus
1133 1531 1218 1579 est
1258 1522 1326 1578 ad
1355 1537 1477 1578 eum
1509 1540 1523 1577 :
1556 1522 1727 1579 Filius
1757 1538 1914 1578 meus
1942 1538 2003 1577 es

417 1625 496 1681 tu,
546 1629 647 1684 ego
689 1613 848 1668 hodie
875 1614 1037 1684 genui
1083 1622 1135 1667 te
1154 1614 1225 1667 τ’.
1256 1630 1275 1664 ι
1322 1612 1696 1683 Quiseipsum
1747 1612 1891 1668 ultro
1932 1615 2001 1669 ad

415 1706 842 1762 exinanitionem
882 1704 1198 1771 demiserat,
1244 1705 1292 1759 is
1328 1713 1611 1773 paternam
1658 1705 2000 1759 vocationem

417 1799 487 1853 ad
535 1798 790 1852 usitatam
846 1796 1203 1866 apprimeque
1246 1795 1663 1851 convenientem
1710 1792 2001 1849 sacerdotii

417 1889 756 1945 functionem
783 1888 1071 1944 ducentem
1109 1888 1429 1958 opperitur;
1463 1886 1879 1943 convenientem
1909 1903 2005 1941 au-
2037 1922 2077 1977 Β

418 1992 529 2037 tem
575 1997 684 2038 non
718 1995 830 2036 suae
865 1980 1037 2050 ipsius
1081 1989 1315 2047 naturae,
1366 1980 1477 2041 sed.
1508 1990 1730 2047 nostrae,
1784 1981 1887 2035 hoc
1921 1988 2006 2035 est

418 2074 694 2138 humanae,
732 2087 895 2144 quam
954 2073 1045 2127 ubi
1082 2073 1348 2140 integram
1396 2072 1715 2142 assumpsit,
1763 2088 1885 2143 qua:
1928 2070 2004 2126 illi

417 2165 749 2220 conveniunt
780 2163 1043 2233 suscepit,
1067 2164 1275 2219 nullum
1314 2164 1533 2220 interim
1558 2165 1864 2221 secundum
1902 2178 2005 2219 na-

420 2265 598 2312 turam
644 2256 919 2327 propriam
967 2254 1354 2323 detrimentum
1391 2256 1685 2327 accipiens,
1744 2256 1843 2312 sed
1889 2256 2005 2312 dis-

415 2347 738 2419 pensatione
771 2348 1069 2403 secundum
1090 2362 1314 2403 carnem
1334 2347 1469 2403 scite
1509 2349 2008 2416 convenienterque

418 2452 599 2497 utens.
648 2440 722 2497 Ut
775 2439 831 2495 id
884 2440 1029 2495 enim
1071 2439 1215 2510 quod
1268 2447 1407 2505 erat,
1459 2440 1563 2495 hoc
1614 2447 1699 2495 est
1746 2439 2007 2493 Dominus

418 2533 717 2588 secundum
767 2538 1021 2599 naturam
1063 2532 1409 2601 permansit,
1469 2530 1688 2586 etiamsi
1749 2528 2006 2584 servilem

420 2621 653 2675 formam
709 2619 1115 2675 snbiisset:ita
1170 2620 1522 2690 quantumvis
1576 2620 1895 2676 innumeros
1950 2619 2007 2674 in

419 2712 561 2769 celo
589 2711 750 2783 160
765 2711 1023 2778 haberet,
1046 2712 1138 2782 qui
1166 2715 1399 2782 hymnos
1429 2711 1746 2782 laudesque,
1772 2713 1876 2768 hoc
1899 2720 2004 2778 est,

418 2804 688 2874 spiritalia
731 2803 1126 2873 incruentaque
1172 2803 1443 2860 sacriﬁcia
1479 2802 1558 2859 illi
1591 2804 1873 2870 offerrent,
1925 2806 2004 2858 ni-

420 2896 716 2951 hilominus
740 2909 863 2964 quas
901 2895 1153 2951 humanas
1179 2903 1391 2952 natura:
1418 2898 1751 2952 conveniunt
1794 2894 2009 2952 eidem-

420 3003 526 3059 que
568 2998 938 3045 consentanea
991 2997 1141 3056 sunt,
1171 3004 1442 3062 nusquam
1480 3006 1587 3048 non
1622 2990 1838 3061 integre
1873 3005 2010 3046 0οη·-

420 3093 671 3146 servans,
735 3079 1033 3134 humanum
1080 3093 1298 3151 quoque
1351 3080 1722 3137 sacerdotium
1769 3094 1877 3136 non
1924 3088 2010 3135 est

421 3180 769 3241 aspernatus.
825 3167 1065 3227 Vocatus
1107 3183 1197 3228 est
1243 3172 1431 3243 itaque
1477 3182 1540 3228 ut
1584 3172 1789 3239 Aaron,
1846 3174 2007 3227 modo

2179 1251 2311 1305 ΑΠ’.
2362 1268 2380 1302 ι
2412 1250 2524 1305 Καὶ
2555 1249 2655 1321 οὐχ
2694 1249 2871 1320 ἑαυτῷ
2920 1267 3001 1314 τις
3049 1247 3322 1319 λαμϐάνει
3365 1248 3463 1319 τὴν
3505 1247 3697 1319 τιμὴν.

2106 1343 2223 1398 ἀλλ’
2260 1345 2289 1397 6
2316 1344 2651 1416 καλούμενος
2678 1345 2782 1398 ὑπὸ
2805 1343 2899 1397 τοῦ
2925 1342 3081 1406 Θεοῦ,
3115 1341 3306 1413 ὥσπερ
3335 1342 3429 1395 καὶ
3463 1342 3697 1414 Ἀαρών.

2106 1434 2263 1489 Οὕτω
2298 1435 2392 1489 καὶ
2442 1439 2471 1491 6
2522 1437 2759 1507 Χριστὸς
2790 1436 2887 1506 οὐχ
2920 1434 3113 1487 ἑαυτὸν
3155 1434 3374 1498 ἐδόξασε
3401 1434 3701 1504 γενηθῆναι

2104 1526 2397 1601 ἀρχιερεὺς
2416 1536 2464 1593 κ,
2498 1529 2615 1583 ἀλλ’
2643 1530 2672 1582 6
2718 1527 2960 1599 λαλήσας
3011 1526 3148 1599 πρὸς
3192 1526 3388 1579 αὐτόν·
3432 1526 3559 1590 Υἱός
3594 1543 3700 1593 μου

2106 1617 2160 1674 εῐ
2194 1624 2279 1685 σὺ,
2306 1620 2418 1690 ἐγὼ
2449 1622 2693 1693 σήμερον
2723 1620 3033 1692 γεγέννηκά
3062 1636 3142 1674 σε.
3166 1638 3185 1672 ι
3206 1620 3264 1672 '0
3287 1617 3475 1683 καθεὶς
3503 1618 3702 1672 ἑαυτὸν

2106 1714 2187 1775 είς
2213 1712 2465 1777 κένωσιν,
2498 1712 2786 1784 περιμένει
2816 1711 3010 1784 κλῆσιν
3047 1713 3146 1781 τὴν
3171 1712 3235 1766 ὲκ
3262 1712 3479 1784 Πατρὸς
3508 1713 3700 1783 φέρου-

2109 1812 2257 1859 σανγ
2303 1806 2381 1868 εἱς
2435 1804 2736 1876 ἱερωσύνην
2770 1806 2853 1858 ὅτι
2894 1805 2958 1875 δὴ
3011 1804 3246 1876 μάλιστα
3273 1804 3482 1877 συνήθη
3511 1822 3572 1858 τε
3606 1807 3705 1859 καὶ

2108 1895 2591 1969 πρεπωδεστάτην,
2616 1895 2677 1949 ού
2710 1899 2775 1967 τῇ
2812 1896 2981 1950 αὐτοῦ
3012 1896 3172 1967 φύσει
3203 1896 3427 1963 μᾶλλον,
3456 1895 3591 1951 ἀλλά
3633 1900 3703 1968 τῇ

2110 1986 2234 2041 καθ’
2266 1987 2435 2058 ἡμᾶς,
2463 1986 2712 2040 τουτέστι
2743 1989 2810 2058 τῇ
2843 1985 3163 2058 ἀνθρωπίνῃ
3182 2004 3194 2017 ·
3226 1980 3295 2057 ἦς
3323 1986 3558 2057 ἐπείπερ
3589 1987 3705 2050 ἴσος

2108 2079 2355 2148 γέγονεν,
2390 2078 2657 2149 ὑπομένει
2714 2077 2784 2132 τὰ
2830 2077 3025 2148 αὐτῆς,
3069 2076 3428 2149 ἀδικούμενος
3455 2076 3705 2133 ἐντεῦθεν
3812 2107 3829 2118 -

2107 2171 2168 2225 τὸ
2208 2171 2431 2242 σύμπαν
2459 2171 2637 2234 οὐδὲν,
2676 2171 2949 2243 εὐτέχνως
2980 2169 3037 2223 δὲ
3071 2170 3273 2241 μᾶλλον
3300 2173 3366 2242 τῇ
3402 2170 3542 2242 μετά
3566 2187 3705 2242 σαρ-

2110 2262 2204 2323 κὸς
2222 2262 2507 2334 οἰκονομίᾳ
2532 2261 3020 2335 χρώμενος.Ὢσπε
3030 2278 3060 2332 ρ
3080 2261 3189 2333 γάρ
3214 2260 3309 2315 καὶ
3334 2261 3395 2314 τὸ
3418 2261 3519 2333 τὴν
3541 2259 3707 2330 φύσιν

2109 2352 2317 2424 Κύριος
2356 2352 2433 2407 ὢν
2488 2354 2801 2425 μεμένηκεν
2835 2354 2972 2424 ὅπερ
3009 2348 3099 2423 ἦν,
3143 2353 3237 2408 καὶ
3285 2355 3334 2407 εἰ
3380 2353 3602 2422 γέγονεν
3645 2352 3707 2404 ἐν

2109 2448 2175 2518 τῇ
2207 2445 2300 2499 τοῦ
2333 2446 2520 2499 δούλου
2552 2450 2736 2517 μορφῇ
2758 2464 2774 2479 ’
2797 2445 2940 2499 οὕτω
2973 2446 3153 2517 φαμὲν
3176 2447 3256 2500 ὅτι
3277 2446 3458 2500 καίτοι
3477 2445 3707 2516 μυρίους

2111 2537 2252 2607 ἔχων
2272 2540 2329 2592 ὲν
2354 2538 2570 2609 οὐρανῷ
2594 2540 2720 2602 τοὺς
2747 2538 3166 2609 ἱερουργοῦντας
3191 2537 3363 2608 αύτῷ,
3384 2537 3484 2602 τὰς
3509 2536 3709 2608 νοητὰς

2109 2625 2354 2699 δηλονότι
2392 2628 2487 2681 καὶ
2515 2627 2890 2698 ἀναιμάκτους
2920 2626 3133 2694 θυσίας,
3168 2626 3372 2699 ὕμνους
3416 2628 3513 2681 καὶ
3554 2626 3709 2692 δοξο-

2109 2716 2320 2785 λογίας,
2340 2717 2436 2771 καὶ
2462 2716 2560 2789 τὴν
2586 2718 2708 2771 καθ’
2725 2718 2877 2789 ἡμᾶς
2900 2716 3204 2789 ἱερωσύνην
3232 2719 3460 2772 ποιεῖται
3486 2715 3704 2788 δεκτήν,

2110 2809 2413 2873 ἀποσώζων
2442 2808 2720 2880 πανταχοῦ
2749 2811 2863 2874 τοῖς
2891 2811 2988 2881 τῆς
3021 2810 3447 2882 ἀνθρωπότητος
3483 2810 3709 2881 μέτροις

2109 2896 2180 2952 τὰ
2226 2899 2512 2967 πρέποντά
2552 2916 2609 2951 τε
2646 2900 2740 2953 καὶ
2773 2899 2990 2954 ἐοικότα
3021 2900 3181 2972 αὐτῇ.
3212 2899 3491 2971 Κέκληται
3525 2899 3709 2952 τοίνυν

2113 2986 2255 3041 καθά
2276 2988 2370 3041 καὶ
2399 2987 2631 3060 Ἀαρὼν,
2653 2987 2791 3060 πλὴν
2816 2990 2917 3043 οῦκ
2947 2991 3004 3042 ὲν
3030 2989 3129 3060 ἱσῳ
3155 2990 3361 3061 τρόπῳ.
3378 2989 3437 3043 '0
3472 2987 3570 3060 μὲν
3596 2989 3709 3060 γὰρ

2112 3078 2326 3149 ἐχρίετο
2372 3078 2510 3150 πρὸς
2557 3079 2893 3150 ἱερουργίαν,
2925 3081 3020 3133 καὶ
3060 3075 3129 3151 ἦν
3178 3078 3430 3150 οἰκέτηςο
3466 3079 3494 3132 6
3535 3078 3594 3132 δὲ
3631 3078 3710 3143 ὡς

2113 3170 2244 3235 Υἱὸς
2277 3171 2545 3238 καλεῖται,
2583 3171 2677 3225 καὶ
2712 3170 2855 3225 κατά
2904 3171 3003 3244 τὴν
3055 3170 3211 3239 τάξιν
3238 3170 3575 3241 Μελχισεδὲκ
3629 3172 3711 3223 ἱε-

423 3274 602 3319 tamen
634 3263 904 3320 dissimili.
939 3262 1034 3320 Ille
1057 3264 1203 3318 enim
1229 3272 1488 3337 tanquam
1513 3278 1705 3321 servus
1751 3264 2007 3320 inunctus

2114 3263 2340 3334 ρουργεϊ
2373 3260 2451 3333 τῷ
2499 3261 2696 3332 Πατρί.
2744 3262 2854 3315 Καὶ
2889 3263 2981 3316 τόν
3015 3279 3079 3331 γε
3114 3262 3214 3334 τῆς
3267 3262 3585 3334 ἱερουργίας
3622 3262 3714 3327 ἐξ·

420 3369 506 3416 est
555 3360 621 3415 ad
669 3359 1076 3426 ministerium;
1114 3360 1204 3416 hic
1236 3375 1369 3417 vero
1414 3362 1713 3417 secundum
1759 3360 2009 3416 ordinem

422 3450 785 3507 Melchisedee
814 3462 1148 3521 assumptus,
1182 3459 1440 3521 tanquam
1469 3451 1641 3507 Filius
1664 3450 2014 3507 administrat

422 3541 593 3596 Patri.
626 3540 997 3597 Sacerdotalis
1019 3555 1183 3612 porro
1216 3540 1515 3596 ministerii
1543 3541 1761 3595 modum
1797 3538 2011 3593 divinus

422 3631 654 3698 Paulus,
706 3632 775 3686 de
823 3632 1049 3687 Christo
1115 3632 1360 3687 omnium
1429 3639 1674 3685 nostrum
1729 3629 2013 3685 Salvatore

424 3721 701 3785 scribens,
753 3720 897 3775 hunc
930 3720 985 3774 in
1031 3719 1249 3776 modum
1290 3720 1513 3790 exponit
1543 3737 1557 3775 :
1587 3737 1606 3771 ι
1632 3719 1733 3786 Qui
1775 3734 1883 3774 non
1924 3733 2013 3774 se-

423 3811 665 3867 cundum
713 3810 886 3883 legem
965 3808 1209 3866 mandati
1255 3810 1491 3867 carnalis
1537 3810 1712 3867 factus
1755 3820 1865 3876 est,
1915 3810 2014 3867 sed

427 3904 727 3960 secundum
762 3904 1016 3958 virtutem
1049 3903 1172 3958 vitae
1214 3903 1609 3959 indissolubilis
1631 3903 1700 3956 '°.
1732 3922 1751 3957 ι
1784 3902 1880 3959 Est
1913 3904 2014 3957 ita-

427 4010 534 4067 que
584 3994 876 4051 sacerdotii
913 3994 1058 4050 illius
1102 3994 1239 4050 ritus
1279 3994 1387 4049 ritu
1432 3994 1711 4049 Aaronico
1752 3994 1870 4049 sine
1901 3994 2011 4048 ulla

428 4089 840 4159 comparatione
873 4086 1240 4157 praestantior.
1265 4083 1400 4140 Nam
1423 4086 1526 4142 etsi
1561 4086 1653 4141 ille
1673 4085 1739 4140 ad
1757 4085 2018 4141 sacerdos

428 4179 568 4233 tium
596 4186 823 4234 vocatus
871 4186 975 4242 est,
1012 4187 1276 4245 attamen,
1328 4186 1387 4231 ut
1430 4179 1590 4233 modo
1624 4178 1860 4242 aiebam,
1897 4184 2018 4232 erat

428 4285 666 4338 servus;
706 4271 795 4325 hic
837 4285 969 4326 vero
1018 4271 1073 4326 in
1120 4285 1188 4327 eo
1232 4285 1450 4341 quoque
1493 4280 1637 4327 statu
1691 4270 1784 4325 Dei
1830 4269 2016 4325 Patris

430 4362 604 4420 Filius
639 4372 783 4429 erat,
817 4372 1012 4419 natura
1050 4364 1270 4435 quidem
1321 4373 1634 4433 mternaqne
1666 4363 2018 4434 generatione

430 4463 489 4510 ut
546 4454 692 4512 Deus
732 4464 788 4511 et
829 4454 1102 4523 Verbum;
1154 4464 1212 4510 nt
1258 4464 1460 4511 nostra;
1510 4469 1641 4509 vero
1687 4453 2016 4509 conditionis

430 4547 593 4603 homo
631 4547 929 4603 secundum
979 4546 1330 4603 novissimam
1388 4547 1443 4601 in
1495 4561 1663 4602 carne
1708 4546 2018 4618 generatio-

2113 3356 2331 3425 ηγεῖται
2363 3353 2564 3424 τρόπον
2606 3357 2634 3407 6
2678 3353 2966 3419 θεσπέσιος
3014 3354 3250 3420 Παῦλος,
3281 3355 3379 3408 ὡδὶ
3412 3354 3712 3426 γεγραφὼς

2115 3446 2243 3516 περὶ
2292 3445 2385 3499 τοῦ
2432 3446 2652 3500 πάντων
2696 3446 2854 3517 ήμῶν
2887 3446 3139 3520 Σωτῆρος
3171 3446 3441 3517 Χριστοῦ·
3480 3447 3613 3511 (Ὃς
3645 3446 3712 3500 οὐ

2116 3536 2263 3592 κατά
2312 3538 2477 3609 νόμον
2528 3537 2751 3609 ἐντολῆς
2799 3539 3064 3610 σαρκίνης
3115 3537 3359 3608 γέγονεν,
3390 3537 3529 3593 ἀλλά
3565 3539 3713 3594 κατά

2115 3628 2347 3699 δύναμιν
2398 3628 2547 3699 ζωῆς
2603 3630 2970 3685 ἀκαταλύτου.
3010 3650 3028 3683 ι
3090 3628 3305 3688 Οὐκοῦν
3361 3633 3711 3704 άσυγκρίτως

2117 3719 2359 3791 ἀμείνων
2399 3722 2427 3774 6
2472 3720 2574 3790 τῆς
2614 3722 2929 3793 ἱερουργίας
2968 3722 3189 3794 τρόπος.
3252 3725 3363 3779 Καὶ
3397 3726 3425 3778 6
3464 3725 3582 3795 μὲν,
3632 3724 3714 3787 ὡς

2114 3812 2275 3881 ἔφην,
2302 3813 2520 3884 οἰκέτης
2550 3807 2639 3883 ἦν,
2668 3814 2847 3867 καίτοι
2881 3813 3217 3885 κεκλημένος
3252 3817 3332 3880 εἱς
3372 3816 3709 3888 ἱερωσύνην·

2117 3905 2147 3957 6
2173 3903 2231 3957 δὲ
2263 3906 2359 3958 καὶ
2386 3903 2560 3967 οὕτως
2599 3903 2727 3968 Υἱὸς
2758 3902 2854 3957 τοῦ
2895 3904 3031 3957 Θεοῦ
3080 3905 3176 3959 καὶ
3215 3906 3452 3977 Πατρὸς,
3483 3906 3559 3969 ὼς
3609 3906 3714 3977 μὲν

2120 3996 2282 4067 φύσει
2311 3997 2443 4063 Θεὸς
2469 4000 2564 4053 καὶ⁹
2590 3999 2764 4069 Λόγος
2796 3999 2935 4051 κατὰ
2963 3998 3062 4069 τὴν
3084 3997 3409 4067 προαιὼνιον
3430 3998 3713 4069 γέννησινθ

2116 4085 2194 4151 ὡς
2232 4086 2289 4140 δὲ
2318 4087 2606 4158 ἄνθρωπος
2636 4088 2760 4143 καθ’
2788 4089 2939 4159 ἡμᾶς
2967 4085 3109 4141 κατὰ
3154 4086 3252 4159 τὴν
3297 4086 3575 4157 νεωτάτην
3614 4085 3713 4139 καὶ

2119 4177 2407 4251 ἐνσαρκον,
2431 4174 2499 4253 ἦς
2530 4180 2597 4235 ἂν
2613 4182 2699 4251 είη
2728 4180 2998 4235 δεικτικὸν
3036 4180 3129 4234 καὶ
3160 4179 3240 4246 τὸ,
3271 4179 3561 4255 σήμερον·
3592 4197 3714 4233 και-

2125 4268 2216 4341 ρὸν
2265 4271 2375 4343 γάρ
2423 4272 2557 4343 ήμῖν
2605 4272 2862 4345 σημαίνει
2888 4272 2979 4327 τὸν
3014 4272 3367 4343 ἐνεστηκότα.
3396 4271 3713 4325 Οἱκειοῦται

2120 4362 2187 4434 δὴ
2228 4360 2323 4418 οῦν
2365 4365 2461 4419 καὶ
2507 4365 2605 4438 τὴν
2643 4366 2916 4439 σαρκικὴν
2943 4364 3112 4421 αὐτοῦ
3142 4367 3396 4436 γέννησιν
3420 4368 3449 4419 6
3478 4365 3668 4436 Πατήρ
3695 4381 3708 4395 ·

2118 4452 2228 4509 οἶδε
2260 4455 2390 4528 γὰρ,
2424 4453 2566 4511 οἶδεν
2603 4458 2733 4514 ἴδιον
2762 4457 2891 4513 ὄντα
2924 4457 3049 4513 Υἱὸν
3067 4458 3160 4512 τὸν
3189 4458 3249 4523 ἐξ
3276 4456 3468 4512 ἑαυτοῦ
3491 4454 3711 4522 θεῖκῶς,

2121 4548 2218 4605 καὶ
2246 4548 2311 4602 ὲκ
2337 4549 2598 4617 γυναικὸς
2622 4551 2998 4622 ἀνθρωπίνως.

428 4656 576 4707 nem,
599 4655 723 4712 quas
750 4655 847 4710 per
871 4639 1022 4707 illud,
1054 4642 1230 4706 hodie,
1258 4640 1399 4709 quod
1428 4641 1717 4710 prtesentis
1752 4641 2010 4713 temporis
2049 4650 2175 4698 nota
2218 4642 2459 4707 exsistit,
2500 4643 2692 4698 .nobis
2757 4644 3136 4700 adumbratur.
3170 4640 3341 4713 Igitur
3368 4641 3532 4698 Pater
3568 4640 3715 4697 nati-

427 4731 652 4786 vitatem
702 4732 756 4786 in
804 4745 970 4787 carne
1008 4733 1076 4787 ad
1121 4747 1181 4788 se
1231 4746 1449 4803 quoque
1515 4732 1795 4802 pertinere
1856 4735 2085 4806 iudicat,
2127 4745 2396 4805 quateuus
2448 4734 2598 4791 illum
2651 4751 2810 4792 suum
2868 4736 3117 4809 agnoscit
3159 4733 3360 4791 Filium
3409 4735 3711 4793 secundum

429 4822 668 4878 divinam
702 4821 923 4893 quidem
972 4830 1223 4878 naturam
1273 4838 1340 4879 ex
1389 4823 1529 4893 ipso,
1573 4826 1873 4880 secundum
1907 4825 2198 4880 humanam
2232 4839 2362 4881 vero
2403 4840 2470 4881 ex
2500 4825 2744 4882 muliere.

498 4912 725 4969 XXXIX
764 4932 783 4965 ι
818 4912 923 4979 Qui
959 4915 1012 4969 in
1058 4916 1250 4971 diebus
1293 4916 1475 4971 carnis
1523 4931 1633 4972 suae
1667 4931 1858 4987 preces
1888 4931 2012 4987 sup-

2190 4916 2318 4971 AO’.
2355 4936 2377 4969 ι
2414 4918 2508 4982 Ὃς
2560 4918 2619 4972 ὲν
2666 4918 2789 4983 ταῖς
2826 4918 3070 4990 ἡμέραις
3116 4917 3218 4988 τῆς
3271 4917 3473 4989 σαρκὸς
3522 4915 3713 4978 αὑτοῦ,

431 5006 865 5076 plicationesque
911 5006 977 5060 ad
1033 5020 1179 5074 eum,
1233 5006 1322 5076 qui
1385 5008 1559 5077 possit
1612 5009 1760 5063 illum
1811 5007 2020 5063 salvum

434 5098 617 5155 facere
657 5112 688 5152 a
732 5108 929 5163 morte,
978 5113 1099 5153 cum
1148 5100 1390 5156 clamore
1437 5102 1619 5157 valido
1672 5110 1728 5157 et
1764 5100 2020 5173 Iacrymis

434 5189 690 5256 ollerens,
715 5189 1005 5246 exauditus
1045 5199 1127 5245 est
1154 5206 1252 5262 pro
1301 5207 1398 5247 sua
1441 5193 1768 5248 reverentia.
1804 5193 1869 5248 Et
1901 5193 2021 5262 qui-

435 5285 557 5341 dem
593 5298 718 5339 cum
759 5289 905 5338 esset
942 5282 1135 5349 Filius,
1199 5284 1389 5340 didicit
1434 5299 1499 5340 ex
1550 5285 1618 5341 iis
1656 5300 1780 5356 quae
1824 5300 2019 5357 passus

436 5382 520 5428 est
551 5374 912 5430 obedientiam
962 5390 977 5429 :
1018 5384 1074 5429 et
1105 5383 1518 5431 consummatus
1555 5375 1735 5432 Iactus
1788 5384 1874 5432 est
1904 5391 2022 5432 om-

438 5463 597 5518 nibus
641 5463 1144 5535 obtemperantibus
1176 5466 1281 5523 sibi
1328 5479 1493 5521 causa
1541 5466 1732 5522 salutis
1777 5477 2020 5535 aeterna‘,

2129 5007 2343 5080 δεήσεις
2374 5026 2433 5063 τε
2464 5010 2871 5083 καὶ·ίκετηρίας
2901 5010 3041 5082 πρὸς
3068 5009 3159 5064 τὸν
3188 5008 3487 5080 δυνάμενον
3518 5007 3716 5071 σώζειν

2130 5100 2293 5155 αὐτὸν
2326 5103 2390 5155 ὲκ
2439 5099 2696 5170 θανάτου,
2744 5102 2884 5174 μετὰ
2928 5102 3175 5175 κραυγῆς
3211 5101 3439 5173 ἱσχυρᾶς
3484 5101 3578 5155 καὶ
3618 5100 3733 5178 δα·-

2128 5192 2314 5264 κρύων
2358 5192 2755 5263 προσενέγκας,
2793 5193 2888 5247 καὶ
2921 5190 3296 5255 εἰσακουσθεὶς
3344 5190 3454 5246 ἀπὸ
3486 5190 3588 5261 τῆς
3628 5191 3721 5243 £6-

2127 5283 2371 5349 λαϐείας,
2411 5283 2617 5357 καίπερ
2645 5283 2721 5340 ὢν
2743 5285 2892 5354 Υἱὸς,
2916 5284 3147 5357 ἔμαθεν,
3174 5285 3270 5355 ἀφ’
3301 5276 3377 5337 ὧν
3398 5282 3589 5347 ἔπαθε,
3616 5281 3720 5352 τὴν

2130 5375 2418 5448 ὑπακοήν·
2476 5379 2571 5432 καὶ
2620 5377 2933 5442 τελειωθεὶς
2983 5376 3205 5447 ἐγένετο
3267 5374 3403 5430 πᾶσι
3451 5378 3563 5438 τοῖς
3613 5373 3724 5427 ὑπσ-

2130 5466 2419 5522 ακούουσιν
2452 5467 2605 5540 αὐτῷ
2639 5471 2814 5534 αἴτιος
2852 5470 3129 5541 σωτηρίας
3156 5468 3379 5525 αίωνίου
3400 5486 3417 5551 ἡ
3440 5481 3721 5551 προσαγο-

507 5611 554 5645 "
590 5611 755 5671 Hebr.
790 5633 876 5685 ιχ,
900 5616 992 5674 24.
1068 5618 1114 5651 ⁷⁸
1141 5618 1341 5688 Ephes.
1372 5634 1412 5685 ι,
1441 5616 1531 5672 2|.
1610 5616 1656 5649 "’
1688 5617 1853 5676 Hebr.
1878 5634 1935 5691 v,
1971 5621 2027 5685 Δ,
2064 5618 2117 5675 5.
2176 5620 2244 5653 ί¹⁶
2273 5621 2436 5679 Hebr.
2461 5637 2562 5690 vn,
2595 5622 2684 5679 16.

1543 5773 1720 5831 Varia:
1748 5775 2010 5836 lectiones
2038 5779 2244 5838 codicis
2279 5776 2638 5853 Seguieriani.

1937 5894 1969 5909 η

514 5914 541 5945 κ
572 5909 852 5980 ἀρχιερέα.
932 5918 959 5962 1
992 5910 1390 5981 άποφέρουσαν.
