4076 6422
259 537 392 594 ίῦὸθ

1074 536 1164 590 AD
1207 533 1509 591 REGINAS
1551 533 1637 588 DE
1680 530 1910 587 RECTA
1951 531 2111 588 FIDE
2150 531 2411 589 ORATIO
2449 532 2748 591 ALTERA.

3395 543 3414 594 l
3428 543 3531 596 390

261 657 469 730 ρευθεὶς
518 655 624 708 ὑπὸ
678 657 771 710 τοῦ
810 654 946 708 Θεοῦ
995 657 1288 728 ἀρχιερεὺς
1339 657 1483 710 κατά
1537 657 1638 728 τὴν
1690 656 1874 736 τάξινλ

1959 655 2249 725 appellatus
2280 671 2308 708 a
2348 654 2458 709 Deo
2506 656 2748 725 pontifex
2781 657 3079 714 secundum
3106 661 3353 718 ordinem
3398 666 3529 718 Met-

256 747 603 818 Μελχισεδέχ.
648 766 666 798 ι
709 747 766 798 Ὀ
797 747 1069 814 πάνσοφος
1120 746 1331 809 Παῦλος
1361 745 1666 798 ἐπιστέλλει
1692 783 1706 807 ,
1748 743 1840 796 καί

259 859 388 912 φησι
411 843 522 904 τοῖς
549 842 605 892 έν
637 839 817 892 πίστει
865 837 1347 909 δεδικαιωμένοις·
1387 856 1406 889 ι
1443 837 1698 907 Μιμηταί
1737 852 1838 906 μου

258 930 494 1002 γίνεσθε,
526 931 709 994 καθὼς
736 929 891 998 κάγώ
920 928 1179 1001 Χριστοῦ.
1219 948 1237 981 ι
1277 928 1389 981 Καὶ
1429 927 1534 998 μὴν
1569 927 1666 981 καὶ
1693 928 1722 980 ὁ
1752 925 1842 978 θεο

260 1025 480 1086 σπέσιος
499 1023 704 1094 Πέτρος
725 1040 740 1054 υ
781 1044 799 1074 ι
824 1025 982 1076 Ποῖον
1013 1022 1123 1091 γὰρ
1157 1021 1333 1086 κλέος,
1367 1021 1552 1090 φησὶν,
1588 1019 1636 1072 εί
1663 1019 1844 1087 ἁμαρ·-

260 1117 512 1181 τάνοντες
569 1117 663 1170 καὶ
707 1115 1124 1186 κολαφιζόμενοι
1174 1115 1531 1183 ὑπομενεῖτε;
1593 1111 1736 1164 Ἀλλ’
1795 1110 1846 1163 εί

261 1207 717 1277 ἀγαθοποιοῦντες
764 1208 858 1262 καὶ
907 1207 1211 1277 πάσχοντες
1263 1207 1625 1276 ὑπομενεῖτε,
1685 1201 1845 1258 τοῦτο

260 1302 415 1372 χάρις
440 1300 592 1370 παρά
617 1298 758 1370 Θεῷ.
789 1299 912 1352 Ὅτι
938 1299 1174 1370 Χριστὸς
1203 1299 1474 1352 ἀπέθανεν
1499 1299 1638 1370 ὑπὲρ
1661 1300 1844 1370 ἡμῶν,

263 1395 390 1464 ὑμῖν
443 1393 843 1462 ἀπολιμπάνων
891 1392 1280 1464 ὑπογραμμὸν,
1333 1393 1418 1445 ἵνα
1469 1390 1845 1461 ὲπακολουθήυ

263 1502 392 1555 σητε
434 1488 546 1548 τοῖς
597 1487 800 1554 ἴχνεσιν
834 1483 1023 1538 αὑτοῦ.
1063 1503 1082 1536 ι
1121 1484 1349 1552 Γέγονεν
1383 1484 1490 1555 ἄρα
1531 1483 1732 1546 σκοπὸς
1770 1481 1848 1551 τῷ

261 1578 557 1644 Μονογενεῖ
597 1575 697 1644 τὴν
743 1575 877 1646 πρὸς
912 1577 1060 1645 ἡμᾶς
1100 1576 1362 1646 ὁμοίωσιν
1405 1576 1605 1646 ἔχοντι,
1654 1572 1847 1626 παθεῖν

261 1670 642 1742 ἀνθρωπίνως,
675 1668 770 1721 καὶ
798 1667 1006 1733 διδάξαι
1036 1669 1136 1741 μὲν
1164 1670 1291 1732 τοὺς
1326 1667 1476 1738 αὑτῷ
1509 1667 1846 1741 γνωρίμους,

259 1760 382 1814 τίνα
412 1761 477 1830 δὴ
517 1760 719 1831 τρόπον
749 1763 867 1824 ταῖς
896 1761 1007 1813 τῶν
1052 1761 1376 1832 πειρασμῶν
1421 1760 1630 1829 ἐφόδοις
1679 1775 1878 1835 προσ-ο.

261 1854 517 1925 ἔρχεσθαι
545 1851 673 1925 χρὴ,
713 1853 808 1906 καὶ
835 1852 1054 1916 ὁποίους
1083 1847 1224 1906 εἶναι
1256 1853 1520 1924 προσήκει
1565 1852 1690 1914 τοὺς
1720 1851 1846 1904 διω-

262 1945 530 2016 κομένους
562 1946 663 2015 τῆς
694 1946 773 2007 είς
803 1943 938 1996 Θεὸν
993 1943 1276 2007 εὐσεϐείας
1322 1943 1505 2008 ἕνεκα,
1534 1943 1630 1994 καὶ
1665 1939 1850 1995 κινδύ-

261 2007 373 2100 vei;
401 2036 781 2108 ἐμϐεϐηκότας
805 2039 918 2099 τοῖς
937 2047 959 2073 ι
979 2039 1109 2106 περὶ
1132 2036 1308 2106 ψυχῆς
1337 2037 1429 2089 καὶ
1465 2036 1736 2105 σώματος·
1755 2033 1850 2088 καὶ
1883 2007 1924 2062 Β

217 2135 224 2141 “
266 2131 494 2200 προσέτι
529 2128 707 2198 τούτῳ
751 2129 1066 2193 καταδεῖξαι
1101 2128 1200 2197 τῆς
1237 2128 1487 2197 ὑπακοῆς
1521 2127 1742 2188 εὐκλεὲς
1789 2125 1850 2178 τὺ

262 2223 435 2287 τέλος,
469 2223 554 2276 ἴνα
581 2223 674 2275 καὶ
718 2223 880 2293 ἡμεῖς
904 2220 1114 2292 ἄριστοί
1145 2237 1206 2274 τε
1250 2221 1345 2272 καὶ
1380 2219 1535 2288 σοφοὶ
1563 2217 1673 2272 τῶν
1703 2215 1852 2286 αὐτῷ

262 2311 672 2383 πεπραγμένων
725 2307 1087 2381 οἰκονομικῶς
1135 2307 1524 2380 εὑρισκώμεθα
1589 2306 1850 2376 μιμηταὶ,

261 2407 375 2469 τοῖς
406 2422 463 2457 τε
496 2405 699 2474 ἴχνεσιν
750 2402 916 2456 αὑτοῦ
965 2400 1390 2456 κατακολουθεῖν
1434 2399 1850 2464 σπουδάζοντες,

261 2498 352 2551 τὸν
381 2498 669 2567 εὐδόκιμον
699 2497 916 2566 ἀληθῶς
956 2496 1306 2566 διαζήσωμεν
1351 2492 1490 2564 βίον.
1521 2495 1642 2547 Ὅτι
1672 2493 1854 2546 τοίνυν

261 2589 566 2661 ἄθραυστον
601 2589 744 2660 ἔχειν
779 2590 1048 2660 προσήκει
1088 2588 1148 2641 τὺ
1196 2587 1454 2658 φρόνημα
1499 2585 1626 2648 τοὺς
1669 2579 1749 2648 οἷς
1785 2584 1854 2638 ἂν

261 2684 402 2746 ὅλως
435 2683 725 2753 προκέοιτο
758 2682 952 2736 παθεῖν
1000 2680 1140 2751 ὑπέρ
1171 2697 1232 2747 γε
1266 2679 1366 2747 τῆς
1395 2680 1476 2741 είς
1521 2677 1686 2732 αὑτὸν
1719 2677 1857 2746 ἀγά⁸

262 2794 396 2847 πης,
429 2776 524 2828 καὶ
557 2775 648 2828 τὸν
688 2775 828 2844 ὑπὲρ
861 2774 960 2843 τῆς
1009 2771 1294 2834 εὐσεϐείας
1328 2771 1573 2824 κίνδυνον
1599 2769 1854 2840 ἡγεῖσθαι

262 2869 434 2938 ζωὴν,
483 2867 541 2931 ἐξ
574 2860 649 2920 ὧν
687 2865 984 2935 ὑπέμεινεν
1017 2864 1202 2927 αὐτὸς,
1237 2863 1494 2934 πέπραχέ
1522 2879 1581 2915 τε
1609 2863 1676 2915 δι’
1703 2862 1857 2931 ἡμᾶς

261 2959 646 3029 ἀνθρωπίνως,
694 2955 968 3010 διδάσκειν
1004 2953 1276 3024 βούλεται.
1329 2953 1478 3023 Πλὴν
1525 2953 1628 3006 οὐκ
1660 2952 1856 3023 ἀφίησι

262 3053 395 3115 τοὺς
426 3049 848 3121 άνδριζομένους
881 3049 1004 3118 εἰκῆ
1055 3047 1464 3119 παραρρίπτειν
1503 3045 1604 3110 τὰς
1645 3044 1855 3098 ἑαυτῶν

261 3144 466 3217 ψυχὰς,
501 3143 622 3196 οὐδὲ
671 3136 784 3195 οἷον
840 3140 1104 3211 μεθέντας
1149 3139 1439 3209 ἀτημελῶς
1472 3139 1534 3192 τὸ
1580 3136 1856 3209 πρακτέον

264 3237 361 3290 καὶ
389 3236 458 3287 τά
486 3234 554 3288 δι’
585 3225 661 3286 ὧν
689 3227 757 3302 ἦν
802 3230 950 3292 εἰκὸς
981 3227 1269 3294 σώζεσθαι,
1304 3229 1433 3298 παρ’
1464 3227 1656 3280 ἐλπίδα
1695 3225 1858 3296 μόνον

265 3325 587 3397 ἐκδέχεσθαι
632 3325 694 3377 τὸ
728 3325 840 3386 τοῖς
873 3319 1258 3375 ἐθελοκακοῦσι
1293 3317 1500 3371 δοκοῦν.
1522 3316 1858 3372 ’Λναπείθων

260 3419 320 3473 δὲ
352 3417 557 3489 μᾶλλον
584 3413 955 3469 συντείνεσθαι
983 3411 1314 3483 προσευχὰς,
1345 3411 1441 3464 καὶ
1473 3409 1854 3480 ἀκατάληκτον

263 3509 542 3563 ποιεῖσθαι
560 3507 658 3578 τὴν
679 3505 865 3578 [πρὸς]
895 3503 1029 3558 Θεὸν
1063 3502 1300 3556 ἱκετείαν
1318 3514 1366 3569 ει,
1391 3501 1564 3556 ταῦτα
1591 3501 1854 3566 διδάσκει,

258 3603 480 3673 δεήσεις
509 3618 568 3653 τε
601 3600 696 3652 καὶ
718 3595 1001 3668 ἱκετηρίας
1031 3595 1090 3648 ἐν
1111 3597 1233 3658 ταῖς
1262 3594 1500 3664 ἡμέραις
1531 3594 1632 3664 τῆς
1657 3592 1860 3665 σαρκὸς

262 3692 437 3748 αὑτοῦ
466 3689 864 3762 προσαγηοχὼς
894 3688 1030 3759 πρὸς
1073 3686 1164 3741 τὸν
1197 3687 1498 3757 δυνάμενον
1526 3683 1721 3748 σώζειν
1758 3683 1861 3737 αὑ-

261 3786 357 3838 τδν
393 3783 457 3835 ὲκ
482 3781 737 3836 θανάτου.

334 3973 434 4028 Μ’.
477 3973 620 4043 Ὅρα
655 3969 713 4023 δὲ
750 3969 900 4031 ὅπως
937 3967 1032 4020 καὶ
1060 3963 1437 4034 ἀγιοπρεποῦς
1471 3961 1776 4024 ἐπιεικείας
1800 3960 1863 4013 τὸ

261 4068 462 4138 χρῆμα
513 4064 884 4135 μεμέστωται.
937 4059 1011 4112 Τὸ
1065 4060 1162 4130 μὲν
1201 4058 1312 4127 γὰρ
1349 4052 1864 4127 καταθρασύνεσθαι

262 4162 381 4214 τῶν
411 4155 757 4230 πειρασμῶν,
795 4152 1020 4224 ἀνδρίας
1069 4151 1166 4222 μὲν
1213 4150 1327 4221 ἔχει
1378 4147 1557 4214 δόξαν,
1611 4147 1760 4200 δοκεῖ
1805 4144 1864 4196 δέ

262 4269 390 4314 πως
415 4249 719 4322 ὑπεροψίας
747 4249 849 4299 οὑκ
876 4247 956 4308 είς
981 4245 1126 4297 ἆπαν
1154 4240 1524 4313 ἠμοιρηκέναι
1542 4254 1555 4268 ⁸
1576 4237 1639 4292 τό
1660 4254 1724 4306 γε
1757 4235 1864 4308 μὴν

261 4340 502 4396 δεδιέναι
541 4340 637 4409 μὲν
672 4339 770 4390 καὶ
818 4333 1243 4389 ὑποστέλλεσθαι
1275 4331 1475 4395 δοκεῖν,
1512 4330 1608 4384 καὶ
1653 4329 1865 4382 δεῖσθαι

246 4433 409 4488 ’Θεοῦ
461 4432 556 4485 τοῦ
612 4430 806 4494 σώζειν
872 4428 1188 4499 ἰσχύοντος,
1242 4425 1530 4487 εὐλαϐείας
1595 4421 1867 4492 ὑπόληψιν

263 4527 409 4597 ἔχει.
443 4523 600 4578 Ἐπεὶ
641 4523 730 4576 διὰ
758 4522 916 4575 ποίαν
947 4520 1126 4574 αἰτίαν
1160 4522 1272 4582 τοῖς
1307 4517 1484 4586 ἁγίοις
1523 4516 1864 4588 προστέταχε

267 4619 580 4693 μαθηταῖςο
619 4635 637 4666 ‹
671 4616 843 4668 Ὅταν
889 4615 947 4667 δὲ
989 4613 1260 4666 διώκωσιν
1295 4612 1440 4681 ὑμᾶς
1487 4610 1545 4662 ἐν
1591 4611 1656 4680 τῇ
1713 4607 1863 4660 πόλει

1947 747 2194 801 chisedec
2214 746 2282 800 ⁸¹.
2315 764 2334 797 ›
2359 745 2807 816 Sapientissitnus
2835 748 3033 806 Paulus
3069 753 3134 806 ad
3168 769 3285 821 eos,
3307 755 3400 824 qui
3433 771 3529 825 per

1947 838 2108 894 ﬁdem
2151 837 2439 908 justificati
2499 839 2734 903 fuerant,
2773 840 2846 894 ita
2895 842 3125 898 scribit:
3171 864 3189 896 ι
3229 845 3533 902 lmitatorcs

1952 933 2055 986 mei
2082 940 2274 993 estote,
2300 932 2443 986 sicut
2474 941 2528 986 et
2554 947 2653 1001 ego
2682 931 2888 987 Christi
2911 933 2979 990 θ’.
3016 955 3034 986 ι
3071 935 3210 1002 Quin
3238 948 3291 993 et
3317 940 3532 994 divinus

1951 1037 2168 1092 quoque
2216 1022 2443 1077 Petrus:
2487 1041 2506 1074 ι
2549 1023 2699 1089 Quae,
2743 1023 2939 1094 inquit,
2991 1034 3075 1082 est
3105 1027 3295 1096 gloria,
3328 1030 3370 1083 si
3405 1045 3534 1100 pee-

1948 1124 2157 1178 cantes,
2180 1123 2235 1168 et
2264 1115 2584 1184 colaphizati
2629 1115 2905 1173 suﬂ'ertis?
2939 1118 3047 1174 Sed
3078 1120 3121 1174 si
3159 1121 3294 1176 bene
3329 1121 3535 1176 faeieu-
3623 1157 3632 1170 .

1951 1214 2056 1271 tes,
2082 1207 2354 1274 patienter
2382 1207 2682 1275 sustinetis,
2709 1209 2822 1263 hate
2846 1220 2928 1264 est
2948 1210 3120 1279 gratia
3156 1213 3293 1280 apud
3325 1213 3490 1267 Deum
3521 1234 3534 1267 :

1949 1297 2076 1367 quia
2116 1307 2172 1353 et
2199 1299 2448 1354 Christus
2495 1315 2686 1369 passus
2717 1311 2802 1357 est
2841 1317 2940 1371 pro
2971 1304 3149 1368 nobis,
3182 1305 3336 1360 vobis
3365 1306 3536 1360 relin-

1951 1406 2125 1460 quens
2175 1392 2506 1462 exemplum,
2543 1403 2604 1448 ut
2635 1396 2938 1462 sequamini
2976 1399 3201 1469 vestigia
3239 1399 3356 1466 ejus
3397 1401 3460 1450 ⁸³.
3512 1421 3530 1452 ι

1953 1483 2163 1551 Scopus
2211 1500 2340 1554 ergo
2373 1485 2668 1555 Unigenito
2719 1497 2959 1542 nostram
2995 1491 3404 1548 similitudinem
3435 1495 3534 1548 ha-

1953 1575 2102 1629 benti
2166 1576 2289 1639 fuit,
2358 1579 2655 1632 secundum
2714 1580 3009 1635 humanam
3071 1593 3320 1638 naturam
3399 1589 3536 1656 pati,

1953 1678 2188 1736 suosque
2226 1665 2519 1727 familiares
2559 1669 2811 1735 edocere,
2851 1672 3005 1742 161
3043 1689 3150 1742 qua
3178 1675 3390 1731 ratione
3423 1687 3540 1731 ten-

1956 1757 2228 1812 tationum
2283 1759 2573 1815 insultibus
2614 1762 2831 1815 obviam
2884 1765 2963 1817 ire
3013 1775 3284 1834 oporteat,
3319 1768 3541 1836 quales-

1891 1835 1910 1906 ’ἶ
1954 1861 2060 1917 que
2112 1848 2184 1902 illi
2241 1864 2362 1904 esse
2417 1851 2650 1906 debeant
2705 1854 2798 1922 qui
2853 1854 3050 1909 divinze
3103 1835 3538 1926 pietatisicansa

1957 1941 2364 2008 persecutiones
2445 1944 2758 2020 patiuntur,
2825 1945 2908 1998 vel
2959 1961 3081 2000 cum
3131 1947 3543 2020 quibuscunque

1954 2028 2119 2081 animi
2153 2029 2503 2099 corporisque
2527 2014 2780 2100 periculis
2809 2014 3193 2090 conflictantur
3220 2055 3232 2092 :
3265 2047 3375 2094 tum
3403 2055 3543 2112 pne-

1954 2119 2164 2174 clarum
2196 2135 2413 2190 quoque
2439 2123 2764 2198 obedientia:
2799 2125 2957 2180 linem
2987 2128 3055 2182 ob
3079 2129 3268 2185 oculos
3300 2145 3503 2200 ponere
3524 2172 3542 2198 ,

1954 2226 2062 2282 quo
2112 2221 2166 2265 et
2225 2227 2322 2267 nos
2384 2227 2600 2282 quoque
2646 2217 2852 2271 strenui
2910 2219 3314 2290 prudentesque
3355 2237 3542 2278 eorum

1955 2320 2079 2375 quae
2107 2307 2405 2360 secundum
2451 2309 2637 2363 carnis
2669 2309 3132 2378 dispensationem
3168 2313 3257 2368 ille
3287 2319 3542 2385 patravit,

1956 2395 2262 2452 imitatores
2317 2399 2545 2463 inventi,
2610 2401 2964 2472 vestigiisque
3010 2404 3250 2474 ejusdem
3305 2409 3547 2462 studiose

1958 2488 2294 2558 insistentes,
2336 2489 2510 2544 vitam
2535 2505 2662 2546 vere
2687 2494 2972 2562 probatam
3015 2497 3402 2566 transigamus.
3442 2499 3548 2554 Per

1956 2593 2022 2634 ea
2073 2579 2239 2650 igitur
2285 2595 2408 2650 quae
2461 2582 2576 2652 ipse
2622 2591 2684 2637 ut
2724 2585 2888 2640 homo
2921 2595 3147 2656 propter
3176 2603 3272 2643 nos
3304 2589 3434 2646 fecit
3487 2608 3550 2645 ae

1958 2674 2206 2744 pertulit,
2261 2675 2552 2731 ostendere
2618 2677 2791 2732 voluit
2876 2678 3016 2746 illos,
3079 2681 3275 2750 quibus
3333 2694 3553 2753 propter

1961 2765 2078 2834 ejus
2106 2765 2453 2821 dilectionem
2503 2767 2781 2836 quidpiam
2835 2768 3122 2824 adversum
3161 2772 3402 2841 perferre
3426 2789 3552 2843 pro-

1959 2856 2195 2925 positum
2236 2864 2342 2923 est,
2385 2868 2621 2912 mentem
2678 2859 2929 2914 obtinere
2969 2859 3168 2917 debere
3235 2865 3444 2920 ﬁrmam
3498 2881 3551 2919 et

1960 2947 2374 3014 inconcussam,
2431 2963 2495 3004 ac
2546 2950 2820 3018 pericula,
2873 2967 2993 3020 quae
3056 2953 3334 3023 religionis
3385 2971 3547 3012 causa

1961 3039 2354 3108 suscipiuntur,
2407 3041 2574 3095 vitam
2623 3042 2915 3098 aestimare.
2987 3045 3370 3102 Verumtamen
3434 3065 3541 3103 non

1959 3131 2226 3201 permittit
2253 3131 2391 3187 virili
2430 3133 2625 3188 robore
2658 3135 2916 3202 praeditos
2943 3137 3155 3194 animas
3187 3153 3314 3194 suas
3344 3147 3548 3196 temere

1962 3223 2221 3294 abjicere,
2271 3234 2365 3278 aut
2410 3227 2554 3295 quod
2603 3228 2870 3297 agendum
2921 3229 3205 3297 incumbit,
3250 3248 3346 3302 per
3379 3235 3553 3304 negli-

1888 3345 1934 3408 Β
1964 3318 2203 3387 gentiam
2231 3319 2556 3388 omittendo,
2585 3331 2639 3375 et
2669 3336 2765 3390 per
2805 3337 2926 3392 quae
2961 3324 3106 3380 salus
3149 3325 3432 3397 obtingere
3462 3343 3554 3396 po-

1965 3421 2475 3484 test,'exspectare
2507 3415 2680 3469 solum
2717 3425 2916 3485 praeter
2961 3429 3109 3486 spem
3162 3419 3552 3488 quodlibitum

1965 3504 2070 3561 erit
2099 3505 2333 3576 maligne
2361 3507 2665 3576 agentibus,
2722 3508 2814 3562 sed
2844 3508 3110 3563 hortando
3140 3510 3339 3579 potius,
3361 3521 3421 3565 ut
3448 3513 3554 3566 ini-

1965 3597 2122 3667 pigre
2166 3597 2428 3668 precibus
2477 3599 2817 3664 incumbant,
2875 3601 3091 3671 Deoque
3123 3602 3242 3657 sine
3274 3603 3556 3659 intermis-

1969 3691 2123 3748 sione
2153 3691 2478 3761 supplicent,
2533 3693 2650 3747 hzec
2679 3693 2854 3760 docet,
2887 3693 3014 3750 dunt
3052 3694 3104 3748 in
3149 3693 3345 3750 diebus
3375 3699 3557 3751 carnis

1967 3795 2080 3836 suae
2124 3781 2191 3836 ad
2235 3795 2383 3848 eum,
2439 3784 2530 3852 qui
2579 3783 2794 3838 salvare
2828 3800 2856 3836 a
2895 3794 3068 3840 morte
3109 3785 3260 3841 illum
3321 3796 3555 3856 poterat,

1966 3887 2158 3944 preces
2192 3881 2246 3926 et
2284 3864 2708 3942 supplicationes
2744 3875 2984 3931 otl‘erret.

2039 3961 2153 4019 XL.
2185 3963 2484 4022 Considera
2530 3979 2691 4032 porro
2723 3975 2780 4020 ut
2825 3971 3409 4036 sanctoscondecente
3439 3989 3557 4026 mo-

1968 4055 2141 4111 destia
2207 4055 2596 4111 documentum
2659 4058 2760 4112 hoc
2823 4069 3056 4116 scatcat.
3140 4063 3555 4120 Tentationibns

1968 4150 2112 4205 enim
2159 4149 2446 4205 audentius
2493 4151 2706 4205 obviam
2749 4153 2852 4216 ire,
2893 4153 3228 4212 fortitudinis
3261 4165 3346 4212 est
3395 4174 3558 4230 argu-

1968 4246 2234 4301 mentum,
2283 4239 2550 4307 superbim
2601 4247 2780 4295 tamen
2834 4242 3146 4312 suspicione
3188 4261 3294 4300 non
3335 4249 3558 4302 omnino

1970 4342 2162 4384 carere
2208 4327 2456 4395 videtur;
2507 4333 2602 4384 sed
2634 4346 2853 4400 pavere,
2899 4343 2950 4388 et
2989 4332 3277 4392 formidine
3309 4339 3557 4393 contrahi

1969 4420 2165 4485 videri,
2196 4429 2252 4476 et
2287 4435 2480 4490 preces
2529 4423 2596 4477 ad
2643 4439 2767 4477 eum
2817 4423 3043 4480 fundere
3091 4428 3182 4495 qui
3220 4428 3431 4482 salvare
3464 4445 3558 4498 po-

1972 4521 2097 4577 test,
2131 4513 2235 4569 hoc
2267 4512 2543 4582 religionis
2574 4522 2658 4568 est
2687 4529 2844 4584 Opus.
2879 4516 3090 4586 Alioqui
3124 4520 3268 4572 enim
3299 4533 3398 4572 cur
3445 4519 3561 4590 ipse

1972 4604 2181 4658 sanctis
2223 4603 2485 4674 apostolis
2517 4605 2816 4673 praecepit:
2870 4623 2886 4656 ι
2920 4606 3054 4660 Cum
3088 4623 3182 4662 vos
3224 4623 3559 4678 persequen-

265 4689 474 4782 ταύτῃ,
502 4708 736 4779 φεύγετε
769 4708 849 4770 εἰς
875 4705 972 4776 τὴν
1003 4705 1230 4775 ἑτέραν;
1271 4722 1290 4753 ι
1331 4701 1454 4765 Πῶς
1492 4700 1548 4753 δὲ
1581 4702 1674 4753 καὶ
1699 4698 1864 4762 αὐτὸς

1975 4703 2062 4748 tur
2091 4695 2140 4748 in
2174 4709 2276 4747 una
2325 4695 2566 4758 civitate,
2619 4695 2786 4762 fugite
2831 4697 2882 4750 in
2931 4697 3090 4751 aliam
3124 4697 3211 4751 5*?
3246 4717 3263 4750 ι
3306 4701 3556 4756 curitem

264 4806 296 4858 ὁ
333 4805 612 4871 πάνσοφος
657 4800 892 4862 Παῦλος,
947 4799 1127 4852 καίτοι
1170 4796 1344 4864 λέγων
1391 4796 1522 4865 ἡμῖν
1575 4793 1860 4864 ἐναργῶςο

273 4917 294 4949 ι
337 4897 437 4959 Τίς
474 4895 625 4966 ἡμᾶς
659 4892 887 4963 χωρίσει
913 4889 1022 4942 ἀπὸ
1048 4890 1152 4956 τῆς
1195 4887 1418 4956 ἀγάπης
1449 4884 1542 4938 τοῦ
1583 4882 1861 4954 Χριστοῦ;

269 4987 477 5057 θλίψις,
531 4987 565 5058 ἢ
615 4983 949 5055 στενοχωρία
969 5022 982 5046 ,
1031 4981 1064 5052 ἢ
1093 4981 1338 5051 διωγμὸς
1361 5020 1376 5045 ,
1413 4980 1444 5050 ἢ
1476 4978 1632 5048 λιμὸς
1653 5017 1667 5040 ,
1699 4978 1732 5048 ἦ
1767 4993 1864 5045 γυν

273 5081 481 5153 μνότης
501 5121 514 5144 ,
543 5079 577 5150 ἢ
611 5077 854 5140 κίνδυνος
875 5116 890 5140 ,
922 5075 954 5146 ἢ
988 5075 1232 5146 μάχαιρα
1253 5090 1268 5138 ;
1297 5093 1316 5125 ι
1336 5073 1426 5126 τὸν
1448 5072 1548 5141 τῆς
1565 5069 1859 5141 Δαμασκοῦ

167 5208 178 5219 ι
268 5172 670 5240 διαδιδράσκων
717 5169 1044 5241 ἡγούμενον,
1097 5167 1187 5221 διά
1227 5168 1327 5237 τῆς
1371 5166 1587 5234 θυρίδος
1627 5165 1862 5235 ὲχαλᾶτο

267 5266 365 5321 διὰ
412 5265 508 5318 τοῦ
556 5261 800 5332 τείχους;
834 5261 983 5314 Ἔδει
1017 5260 1198 5314 τοίνυν
1235 5257 1438 5322 παντὸς
1489 5255 1697 5324 ἀγαθοῦ
1732 5254 1866 5309 καθ-

270 5357 490 5429 ηγητὴν
523 5354 617 5410 καὶ
642 5352 964 5406 διδάσκαλον
994 5352 1157 5406 αὑτὸν
1180 5352 1312 5423 ἡμῖν
1345 5348 1747 5420 άναφανεῖσθαι
1775 5347 1866 5400 τὸν

270 5449 535 5521 Χριστόν.
588 5445 825 5517 Προσῄει
863 5444 962 5514 μὲν
999 5443 1109 5514 γὰρ
1147 5442 1285 5514 μετὰ
1331 5439 1583 5510 κραυγῆς
1638 5439 1866 5527 ἰσχυράς

273 5541 376 5594 καὶ
407 5538 710 5610 ἱκετηρίας,
755 5536 831 5600 ὡς
861 5534 984 5588 καθ’
1030 5536 1177 5604 ἡμᾶς
1226 5530 1495 5601 γεγονώς·
1531 5526 1865 5599 εἰσηκούσθη

313 5696 359 5730 ⁸⁸
396 5694 562 5748 llebr.
592 5709 647 5759 v,
681 5691 802 5745 7-9.
879 5691 922 5720 ⁸¹
952 5687 970 5742 1
1001 5686 1130 5743 Cor.
1161 5704 1237 5754 xu,
1270 5689 1320 5742 l.

1397 5687 1442 5718 ⁸³
1479 5685 1493 5740 I
1525 5685 1672 5740 Petr.
1713 5701 1776 5750 ιι,
1805 5682 1894 5737 20.

1975 4787 2407 4858 sapientissimus
2433 4785 2655 4853 Paulus,
2684 4788 2773 4857 qui
2804 4787 3006 4842 diserte
3040 4787 3212 4843 dicit:
3248 4807 3268 4841 ‹
3303 4790 3438 4856 Quis
3465 4806 3564 4846 nos

1975 4881 2251 4952 separabit
2282 4895 2310 4934 a
2363 4880 2634 4934 charitate
2680 4879 2926 4934 Christi?
2978 4881 3295 4949 tribulatio,
3342 4899 3408 4937 an
3463 4899 3562 4939 an-

1975 4961 2187 5046 gustia,
2226 4989 2292 5028 an
2335 4973 2674 5044 persecutio,
2723 4987 2789 5026 an
2835 4973 3035 5041 fames,
3086 4989 3152 5029 an
3208 4976 3458 5043 nuditas,
3496 4994 3561 5030 an

1973 5067 2298 5140 periculum,
2339 5082 2406 5120 an
2439 5065 2650 5136 gladius
2675 5065 2762 5118 ⁸⁵⁸3
2797 5085 2815 5117 ι
2877 5068 3336 5124 Damascenorum
3383 5071 3566 5139 prml'e-

1973 5172 2118 5216 ctum
2162 5160 2396 5228 fugiens,
2427 5173 2458 5214 e
2481 5173 2635 5215 muro
2659 5175 2756 5228 per
2784 5158 3078 5216 fenestram
3113 5176 3306 5231 passus
3334 5170 3413 5216 est
3446 5176 3564 5216 sese

1979 5251 2189 5308 demitti
2221 5249 2466 5323 “9?Cum
2500 5251 2665 5322 igitur
2702 5253 3069 5308 necessarium
3102 5262 3246 5307 esset
3297 5262 3355 5306 ut
3426 5252 3566 5322 ipsc-

1980 5351 2093 5396 met
2121 5340 2374 5396 Christus
2408 5341 2473 5394 ad
2507 5341 2735 5410 quodvis
2765 5343 2960 5396 bonum
2991 5357 3128 5411 opus
3157 5341 3346 5397 ducem
3375 5357 3433 5396 sc
3464 5359 3555 5396 no-

1978 5431 2063 5486 bis
2094 5443 2602 5502 przeceptoretnque
2648 5433 2954 5496 exhiberet,
3004 5432 3181 5487 valido
3225 5431 3461 5486 clamore
3512 5443 3564 5484 (ιι

1977 5525 2374 5596 supplicatione
2427 5535 2682 5594 tanrpiam
2724 5527 2885 5580 homo
2929 5526 2994 5580 ad
3029 5524 3196 5580 Deum
3230 5528 3494 5590 accessit,
3536 5541 3565 5578 a

1971 5681 2018 5714 ⁸⁸
2052 5682 2242 5737 Matth.
2273 5696 2330 5746 Χ,
2362 5681 2454 5736 9.3.
2535 5683 2578 5713 ⁸³
2615 5681 2772 5737 Rom.
2810 5697 2933 5747 vm,
2964 5682 3054 5736 55.
3135 5679 3183 5713 ⁸⁸
3206 5683 3330 5736 Act.
3370 5697 3442 5744 ιχ,
3474 5681 3568 5740 25.

1401 5821 1576 5876 Varia:
1613 5820 1877 5875 lectiones
1901 5818 2104 5875 codicis
2129 5816 2494 5884 chuieriani.

284 5971 311 6004 ι
353 5961 718 6024 ἐκδεδωκότας
752 5959 979 6023 ἑαυτοὺς
1005 5959 1138 6022 τοῖς.
1216 5969 1240 5998 α
1274 5955 1436 6011 αὑτὸν
1471 5951 1697 6011 ἱκεσίαν.
