4076 6420
499 498 631 556 1591

1463 495 1525 551 s.
1564 492 1847 552 CVRILLI
1885 494 2363 556 ALExnnniNi
2399 466 2715 554 malum

3637 498 3777 557 ιδνε

498 633 607 686 quo
653 616 815 673 etiam
870 623 1127 688 tanquam
1162 582 1322 672 verus
1365 617 1734 688 naturalisque
1766 617 1958 683 Filius,
1994 619 2082 689 qui

2191 619 2268 685 δὲ,
2319 620 2396 683 ὠς
2443 620 2603 689 φύσει
2633 620 2729 674 καὶ
2760 620 2977 691 ἀληθῶς
3011 622 3139 685 Υἱὸς
3190 621 3253 676 ού
3301 622 3776 694 παρακουᾶμενος.

505 709 769 777 ιιι-μιιΙειιιιι
831 709 940 779 pati
999 723 1105 764 non
1152 717 1362 779 posset,
1420 709 1705 766 exauditus
1757 718 1862 766 est.
1926 711 2085 782 162

503 822 520 850 ι
550 799 671 870 'Ego
711 801 880 865 enim,
930 800 1126 870 inquit,
1168 801 1406 855 sciebam
1454 801 1578 870 quia
1626 815 1843 871 semper
1870 816 1958 857 me
1985 818 2085 856 au-

498 896 583 949 dis
614 890 685 948 ⁸⁷.
720 912 739 945 ι
784 892 857 949 Ut
886 892 1030 948 enim
1081 903 1298 948 nostras
1328 906 1517 963 preces
1558 892 1669 949 Deo
1702 894 1952 949 redderet
1994 909 2088 950 ac-

498 996 705 1055 ceptas,
744 986 857 1057 ipse
882 984 1092 1057 primus
1118 1000 1229 1040 rem
1255 1000 1482 1041 exorsus
1505 996 1607 1053 est,
1638 995 1895 1056 paternas
1923 999 2085 1042 aures

501 1087 604 1142 hac
631 1085 842 1141 ratione
874 1085 1370 1140 humanae-naturae
1404 1081 1804 1151 quodammodo
1835 1079 2086 1149 aperiens

498 1180 864 1250 dilatansqne,
908 1187 962 1234 et
1010 1193 1199 1233 eorum
1258 1174 1424 1239 votis,
1464 1174 1558 1244 qui
1602 1172 1745 1227 illius
1780 1185 1942 1225 causa
1984 1167 2086 1223 ali-

495 1271 713 1342 quando
769 1270 1227 1341 periclitarentur,
1277 1266 1467 1321 faciles
1525 1273 1914 1335 promptasque
1970 1260 2086 1316 elli-

494 1366 667 1420 ciens.
702 1362 810 1419 Nos
857 1362 1039 1432 itaque
1082 1361 1199 1431 ipso
1247 1357 1412 1415 veluti
1445 1358 1499 1412 in
1526 1355 1698 1411 altero
1743 1352 1958 1425 generis
1985 1365 2085 1406 no-

493 1457 594 1512 stri
645 1455 915 1525 principio
947 1469 1187 1518 eramus,
1230 1452 1322 1523 qui
1355 1450 1535 1505 valido
1562 1464 1687 1504 cum
1733 1447 1974 1503 clamore
2029 1452 2086 1500 et

495 1549 750 1621 Iacrymis
772 1587 788 1612 ,
817 1558 876 1603 ut
908 1546 1098 1601 mortis
1131 1543 1418 1616 imperium
1447 1541 1501 1596 in
1531 1540 1687 1595 nobis
1731 1537 2042 1593 aboleretur
2063 1575 2080 1604 ,

493 1652 546 1699 et
581 1643 688 1696 vita
725 1650 932 1696 natura:
981 1648 1183 1693 nostra:
1210 1637 1482 1708 quondam
1522 1634 1720 1690 donata
1765 1632 1943 1688 denuo
1986 1630 2084 1688 lir-

496 1744 761 1798 maretur,
792 1732 953 1787 enixe
981 1727 1429 1801 clllagitabamus.
1846 1774 1901 1779 ,κ

566 1814 704 1876 XLI.
739 1820 910 1875 Porro
948 1830 1151 1882 autem,
1192 1817 1337 1888 quod
1381 1816 1793 1888 obtemperandi
1825 1813 1934 1870 Deo
1969 1823 2083 1869 stu-

492 1914 640 1970 dium
708 1912 969 1983 prmelara
1050 1912 1299 1966 mercede
1362 1918 1642 1980 pensetur,
1706 1909 2081 1976 illustremque

492 2005 695 2059 exitum
753 2002 1037 2069 sortiatur,
1091 2002 1194 2056 hoc
1232 2015 1299 2055 ex
1332 2000 1449 2070 ipso
1496 2000 1688 2056 eodem
1740 2013 1957 2055 rursum
2001 1998 2085 2053 di-

492 2111 645 2153 scere
674 2094 822 2150 licet.
872 2112 891 2146 ι
925 2094 1005 2148 Ex
1053 2094 1157 2159 his,
1196 2093 1393 2163 inquit,
1416 2108 1546 2164 qua:
1577 2108 1771 2165 passus
1802 2103 1907 2156 est,
1940 2092 2083 2148 didi-

492 2190 568 2243 ril
591 2187 951 2244 obedientiam
983 2186 1050 2239 ⁸⁸.
1091 2205 1111 2238 ι
1143 2184 1295 2252 Quod
1327 2185 1553 2256 perinde
1583 2196 1685 2251 est,
1718 2200 1783 2241 ac
1818 2187 1861 2241 si
1891 2186 2038 2241 dicat
2064 2202 2078 2239 :

500 2301 517 2334 ι
559 2280 877 2335 Humiliavit
910 2277 1282 2348 semetipsum,
1317 2278 1491 2332 factus
1517 2278 1778 2333 obediens
1812 2290 1982 2347 usque
2014 2276 2083 2332 ad

492 2377 746 2432 mortem,
796 2375 1025 2423 mortem
1070 2378 1252 2421 autem
1299 2367 1478 2422 crucis
1509 2366 1578 2422 ⁶⁹.
1632 2386 1653 2423 ι
1693 2364 2083 2422 Verumtamen

492 2465 544 2517 in
575 2473 639 2515 ea
669 2459 976 2528 abjectione
1007 2466 1063 2513 et
1097 2457 1541 2513 humilitatenon
1576 2459 1876 2529 permansit
1905 2476 1919 2513 :
1955 2473 2080 2513 nam

490 2551 930 2621 stiperexaltatus
980 2559 1087 2616 est,
1129 2550 1369 2617 nomine,
1418 2550 1566 2619 quod
1600 2563 1767 2619 super
1799 2565 1960 2606 omne
1986 2565 2084 2606 no-

478 2658 638 2709 .nien,
690 2652 913 2713 accepto
939 2641 1007 2698 ’°.
1040 2643 1288 2696 Humana
1328 2642 1548 2713 quidem
1577 2651 1663 2698 est
1691 2641 1851 2712 hujus
1893 2643 2085 2699 dictio-

490 2733 575 2789 nis
615 2732 824 2803 ligura:
852 2747 1040 2788 verum
1068 2731 1283 2788 illustre
1305 2733 1461 2789 nobis
1487 2731 1795 2802 exemplum
1829 2733 1918 2788 hic
1955 2749 2084 2803 pro-

490 2827 740 2893 ponitur;
782 2826 1091 2881 ostenditur
1119 2826 1264 2882 enim
1293 2826 1659 2882 obedientiam
1690 2836 1746 2882 et
1783 2826 2081 2896 gloriosam

470 2927 543 2973 et
565 2918 923 2974 admiratione
954 2918 1171 2987 dignam
1226 2925 1282 2972 et
1316 2918 1582 2973 bonorum
1614 2916 1855 2972 omnium
1897 2917 2084 2973 conci-

489 3008 753 3064 liatricem
800 3023 944 3065 esse.
972 3007 1126 3076 Quod
1158 3007 1323 3080 igitur
1349 3009 1669 3065 Emmanuel
1697 3026 1806 3067 non
1845 3020 1973 3065 ante
1999 3012 2084 3066 in-

486 3100 883 3167 carnationem,
938 3102 1033 3156 sed
1084 3100 1139 3155 in
1194 3100 1385 3156 diebus
1426 3100 1609 3157 carnis
1667 3116 1778 3156 sua:
1824 3099 2082 3173 (quando

489 3192 769 3261 nimirum,
802 3194 939 3249 citra
976 3190 1140 3249 ullam
1184 3205 1391 3259 notam,
1429 3194 1677 3265 citraque
1713 3210 1932 3250 omnem
1964 3211 2083 3250 orn—

2197 731 2215 763 ι
2240 710 2382 780 Ἐγὼ
2412 712 2544 783 γὰρ,
2578 712 2764 783 φησὶν,
2797 713 2944 783 ᾔδειν
2975 713 3058 767 δτι
3097 713 3330 768 πάντοτέ
3358 730 3463 784 μου
3491 712 3772 779 ἀκούεις.»

2192 803 2312 858 Ἵνα
2353 805 2463 876 γάρ
2493 805 2588 859 καὶ
2631 805 2731 871 τάς
2757 806 2917 876 ἡμῶν
2946 808 3258 877 προσευχὰς
3289 806 3488 870 δεκτάς
3520 806 3778 876 γενέσθαι

2189 898 2623 971 παρασκευάσῃ,
2659 898 2823 953 πάλιν
2859 899 3023 963 αὐτὸς
3052 900 3361 969 ἀπάρχεται
3386 899 3482 953 τοῦ
3511 900 3779 970 πράγμα-

2186 1004 2302 1053 τος,
2354 991 2638 1060 μονονουχὶ
2668 991 3019 1060 κατευρύνων
3048 994 3116 1062 τῇ
3146 991 3437 1063 ἀνθρώπου
3480 991 3644 1062 φύσει
3674 992 3778 1062 τὴν

2186 1080 2283 1134 τοῦ
2314 1082 2526 1152 Πατρὸς
2560 1082 2751 1154 ἀκοὴν,
2784 1083 2882 1136 καὶ
2918 1078 3032 1136 οἷον
3056 1084 3418 1155 ἑτοιμοτάτην
3446 1068 3777 1156 παρατιθεὶς

2185 1176 2307 1238 ταῖς
2349 1172 2458 1227 τῶν
2509 1175 2579 1229 δι’
2624 1176 2790 1230 αὐτὸν
2840 1175 3263 1232 κινδυνευόντων
3303 1177 3514 1247 εὐχαῖς.
3562 1176 3778 1231 Οὐκοῦν

2186 1264 2352 1335 ἡμεῖς
2392 1259 2536 1336 ἦμεν
2580 1268 2639 1319 ἐν
2673 1265 2844 1336 αύτῷ,
2886 1267 3139 1339 καθάπερ
3183 1268 3242 1321 ὲν
3276 1269 3503 1339 ἀπαρχῇ
3541 1267 3774 1340 δευτέρᾳ

2184 1353 2283 1410 τοῦ
2324 1356 2537 1426 γένους,
2585 1358 2636 1412 οἱ
2663 1359 2803 1429 μετά
2838 1360 3089 1431 κραυγῆς
3119 1361 3348 1431 ίσχυρᾶς
3381 1361 3476 1415 καὶ
3506 1361 3609 1415 οὐκ
3640 1360 3777 1416 ἀδα-

2185 1448 2348 1521 κρυτὶ
2393 1451 2844 1523 προσευχόμενοι,
2896 1453 2991 1506 καὶ
3050 1452 3112 1505 τὸ
3144 1451 3240 1506 τοῦ
3289 1452 3525 1506 θανάτου
3572 1453 3776 1523 κράτος

2185 1543 2603 1616 καταργηθῆναι
2632 1544 3106 1616 παρακαλοῦντες,
3137 1547 3355 1616 ἰσχῦσαι
3383 1546 3441 1600 δὲ
3473 1545 3573 1617 τὴν
3604 1544 3774 1617 ζωὴν,

2184 1635 2286 1709 τὴν
2313 1637 2411 1691 καὶ
2442 1637 2614 1694 πάλαι
2638 1640 2709 1711 τῇ
2748 1638 2910 1709 φύσει
2943 1638 3349 1711 δεδωρημένηνι

2257 1812 2536 1868 ἷιΙᾹἏὍτι
2562 1814 2621 1869 δὲ
2650 1814 2715 1867 τό
2750 1814 3062 1869 ὑπακοῦσαι
3090 1814 3212 1886 Θεῷ
3238 1813 3496 1887 λαμπρὸν
3526 1813 3621 1868 καὶ
3648 1814 3779 1869 ἀπόι

2188 1904 2420 1960 ϐλεπτον
2465 1906 2576 1977 ἔχει
2622 1906 2683 1960 τὸ
2714 1906 2910 1978 πέρας,
2953 1907 3030 1971 ὡς
3074 1907 3131 1960 ἐν
3162 1907 3313 1978 αὐτῷ
3340 1906 3404 1978 δὴ
3440 1906 3602 1961 πάλιν
3645 1905 3778 1975 64:6-

2191 1999 2352 2070 μεθα.
2386 2017 2405 2051 ι
2449 1999 2566 2069 ’Δφ’
2600 1992 2676 2054 ὧν
2708 1999 2839 2070 γὰρ,
2880 2000 3065 2071 φησὶν,
3095 1998 3317 2064 ἔπαθεν,
3339 1998 3510 2070 ἔμαθε
3542 1998 3642 2070 τὴν
3668 2000 3780 2052 ὑπο

2185 2091 2375 2162 ἀκοήν.
2410 2110 2428 2144 ι
2462 2092 2688 2160 Ὅμοιον
2729 2091 2836 2162 γὰρ
2863 2090 2940 2155 ὡς
2989 2092 3038 2144 εί
3068 2090 3213 2159 λέγοι
3243 2090 3437 2161 τυχόψ
3474 2109 3492 2142 ι
3514 2091 3781 2144 Τεταπεί-

2183 2200 2360 2239 νωκεν
2408 2182 2621 2248 ἑαυτὸν,
2671 2182 2967 2252 γενόμενος
3014 2182 3255 2253 ὑπήκοος
3305 2182 3467 2253 μέχρι
3515 2180 3776 2250 θανάτου,

2186 2274 2419 2329 θανάτου
2444 2273 2507 2327 δὲ
2537 2273 2797 2343 σταυροῦ.
2835 2293 2853 2324 ι
2897 2273 3039 2326 Ἀλλ’
3068 2274 3130 2326 ού
3160 2273 3443 2344 μεμένηκε
3474 2274 3770 2337 ταπεινόν

2187 2366 2523 2437 ὑπερυψώθη
2572 2364 2682 2435 γάρ
2721 2364 2905 2418 λαϐὼν
2939 2365 3111 2437 ὄνομα
3141 2366 3206 2419 τὸ
3243 2364 3383 2437 ὑπὲρ
3428 2367 3536 2419 πᾶν
3578 2364 3780 2437 ὄνομα.

2199 2454 2566 2527 ’Δνθρὼπινον
2593 2459 2693 2527 μὲν
2714 2455 2806 2510 τοῦ
2833 2455 2991 2525 λόγου
3018 2455 3078 2509 τὸ
3106 2457 3311 2527 σχῆμα,
3336 2456 3559 2528 ἄριστός
3576 2473 3657 2526 γε.
3668 2456 3781 2528 μὴν

2186 2547 2267 2611 εἰς
2315 2548 2464 2618 ἡμᾶς
2509 2548 2538 2600 ό
2588 2546 2684 2600 τοῦ
2721 2546 3051 2618 πράγματος
3098 2546 3291 2612 τύπος,
3337 2546 3533 2602 εὐκλεᾶ
3578 2565 3639 2600 τε
3678 2548 3782 2602 καὶ

2186 2637 2522 2705 ἀξιάγαστον
2552 2636 2874 2705 ἀποφαίνων
2907 2635 3006 2708 τὴν
3036 2637 3303 2709 ὑπακοὴν,
3329 2639 3425 2692 καὶ
3443 2637 3538 2692 τοῦ
3569 2638 3780 2702 παντὸς

2187 2729 2320 2800 ἡμῖν
2351 2728 2610 2801 πρόξενον
2640 2727 2869 2797 ἀγαθοῦ.
2903 2726 3087 2792 Τύπος
3102 2725 3197 2782 οὖν
3225 2728 3336 2799 ἄρα
3364 2730 3457 2783 καὶ
3483 2730 3783 2801 ὑπογραμ-

2189 2822 2291 2894 μὸς
2322 2823 2403 2885 είς
2429 2823 2580 2892 ἡμᾶς
2604 2821 2666 2874 τὺ
2701 2820 2840 2892 μετὰ
2870 2822 3122 2893 κραυγῆς
3153 2822 3383 2893 ἰσχυρᾶς
3405 2823 3501 2876 καὶ
3524 2822 3780 2892 δακρύων

2186 2911 2586 2985 προσεύχεσθαι
2617 2911 3015 2983 πειραζόμενον
3044 2914 3137 2966 τὸν
3178 2913 3549 2985 Ἐμμανουὴλ,
3580 2914 3641 2966 ού
3670 2912 3785 2985 πρὸ

2185 3010 2283 3080 τῆς
2317 3006 2815 3081 ὲνανθρωπήσεως,
2847 3007 2963 3061 ἀλλ’
2993 3008 3053 3060 ἐν
3084 3009 3205 3071 ταῖς
3242 3008 3483 3079 ἡμέραις
3511 3008 3611 3078 τῆς
3642 3025 3783 3079 σαρ-

2186 3102 2281 3167 κδς
2311 3102 2502 3169 αὑτοῦ,
2526 3103 2615 3157 ὅτε
2643 3102 2739 3155 καὶ
2763 3100 2921 3155 τοῦτο
2951 3101 3087 3172 δρᾷν
3122 3101 3474 3172 ἀνεγκλήτως
3504 3101 3655 3172 ἐξῆν,
3685 3101 3783 3156 ού-

2183 3196 2274 3252 δὲν
2301 3198 2382 3260 εἰς
2411 3196 2511 3267 τὴν
2539 3195 2641 3265 τῆς
2694 3194 2954 3265 θεότητος
2983 3192 3343 3263 ἀδικούμενον
3374 3192 3557 3261 δόξαν,
3592 3192 3782 3262 ἀφιεί-

490 3284 619 3337 nino
654 3284 849 3339 divinze
885 3283 1069 3355 gloriae
1103 3300 1216 3340 sua:
1256 3284 1507 3355 injuriam
1543 3284 1725 3341 facere
1759 3285 1812 3341 id
1846 3284 2079 3353 licebat;

2189 3307 2291 3361 σης
2324 3290 2381 3343 δὲ
2415 3289 2622 3361 μᾶλλον
2654 3288 2787 3342 αύτό
2811 3286 2972 3340 τοῦτο
2994 3286 3138 3357 -δρᾷν
3163 3286 3266 3355 τῆς
3295 3286 3438 3357 μετά
3467 3285 3672 3355 σαρκὸς
3697 3286 3784 3337 οἱ·

487 3376 596 3431 imo
625 3390 752 3431 vero
778 3377 997 3446 quando
1039 3377 1371 3447 dispensatio
1414 3391 1539 3432 cum
1573 3392 1741 3433 carne
1783 3377 1898 3433 lieri
1937 3377 2083 3433 istud

482 3469 872 3538 permittebat:
918 3468 1121 3539 alioqui
1162 3470 1306 3524 enim
1353 3470 1626 3539 quomodo
1678 3470 1790 3524 vita
1844 3479 2081 3525 mortem

480 3560 795 3616 timuisset?
842 3564 863 3631 )
914 3570 1157 3617 tentatus
1208 3562 1685 3631 inipugnatusqne,
1733 3558 1911 3617 valido
1952 3578 2078 3617 cum

472 3650 727 3708 'elamore
751 3660 806 3707 et
850 3651 1106 3724 lacrymis
1139 3652 1317 3706 oravit
1351 3668 1366 3706 :
1401 3652 1452 3707 id
1482 3652 1639 3709 nobis
1673 3653 2076 3723 advexetnplum

486 3745 633 3814 quod
658 3743 950 3798 imitemur
981 3784 998 3812 ,
1036 3745 1367 3816 propositum
1403 3760 1523 3801 esse
1557 3745 1876 3800 existimare
1914 3746 2080 3802 debe—

488 3852 630 3894 mus.
687 3835 821 3892 Nam
875 3853 999 3893 cum
1053 3837 1169 3907 ipse
1212 3853 1310 3892 nos
1356 3837 1408 3892 in
1466 3837 1724 3908 periculis
1772 3837 1904 3893 velit
1957 3852 2082 3893 esse

487 3942 649 3996 qnam
674 3928 1126 3995 animosissimos,
1158 3943 1456 3999 eorumque
1496 3929 1671 3985 minas
1703 3948 1722 3982 ι
1757 3929 1847 4011 qui
1880 3942 2081 4000 corpus

487 4030 699 4075 tantum
718 4022 1088 4089 oecidunt"‘,
1117 4041 1137 4075 ι
1170 4032 1523 4079 contemnere
1544 4023 1734 4094 jubeat
1764 4040 1777 4076 :
1807 4020 2079 4094 quomodo

488 4114 1035 4183 deprehensus-esset
1068 4115 1207 4171 allici
1237 4116 1467 4172 timore?
1512 4124 1605 4170 aut
1640 4115 1911 4185 quomodo
1936 4115 2079 4170 vires

456 4218 595 4258 ~non
641 4206 922 4261 habuisset
953 4215 1179 4263 mortem
1219 4223 1246 4261 a
1276 4208 1491 4279 propria
1528 4221 1693 4262 carne
1746 4205 2074 4278 depellendi,

2186 3381 2481 3453 κονομίας·
2534 3380 2659 3434 ἐπεὶ
2689 3379 2814 3434 τίνα
2845 3379 3048 3449 τρόπον
3078 3376 3427 3449 κατεπτοήθη
3477 3377 3707 3433 θάνατον
3741 3380 3781 3448 ἡ

2185 3471 2336 3543 ζωῆς
2379 3472 2436 3524 '0
2464 3471 2521 3523 δὲ
2552 3470 2649 3523 καὶ
2678 3471 2827 3540 ἡμᾶς
2855 3468 3052 3531 αὐτοὺς
3082 3465 3406 3537 ἀποφαίνων
3446 3465 3783 3536 εὐτολμοτά-

2181 3581 2331 3628 τους,
2362 3563 2459 3617 καὶ
2487 3562 2695 3632 λέγων·
2732 3581 2750 3614 ι
2792 3562 2885 3633 Μὴ
2916 3559 3171 3631 φοϐεῖσθε
3202 3559 3312 3613 ἀπὸ
3358 3559 3469 3613 τῶν
3513 3560 3781 3613 ἀποκτει-

2187 3655 2390 3711 νόντων
2415 3654 2478 3708 τὸ
2504 3655 2695 3725 σῶμα·
2732 3673 2750 3706 ι
2792 3654 2911 3717 πῶς
2950 3653 3019 3707 ἂν
3049 3653 3165 3724 ἥλω
3192 3651 3382 3707 παθὼν
3414 3652 3511 3724 τὴν
3538 3652 3778 3718 δειλίαν;

2186 3745 2221 3816 ἢ
2255 3744 2373 3809 πῶς
2399 3744 2465 3799 ἂν
2495 3744 2727 3815 ὴτόνησε
2765 3745 2863 3815 τῆς
2905 3744 3043 3807 ἰδίας
3078 3743 3284 3816 σαρκὸς
3311 3743 3655 3814 ἀποσοϐῆσαι
3682 3744 3781 3799 τὸν

2188 3837 2441 3906 θάνατον,
2473 3840 2502 3892 ό
2535 3838 2754 3892 πάντων
2785 3837 2949 3891 αὑτὸν
2982 3838 3248 3906 ἀφιστὰς,
3280 3839 3309 3890 ό
3342 3838 3439 3909 μιᾷ
3470 3839 3620 3908 φωνῇ
3648 3839 3783 3902 τοὺς

2185 3934 2244 3986 ὲν
2281 3933 2398 3996 τοῖς
2450 3931 2740 4003 μνημείοις
2770 3930 3012 4001 ἐγείρειν
3045 3928 3500 3999 ὑπισχνούμενος,
3542 3929 3637 3983 καὶ
3674 3929 3782 3983 οὐκ

2182 4024 2478 4093 ἀνέφικτον
2529 4022 2679 4093 αὐτῷ
2729 4025 2788 4078 τὸ
2838 4024 3030 4095 χρῆμα
3069 4022 3367 4087 δεικνύων;
3419 4020 3780 4092 Προσεφώνει

2185 4116 2287 4187 μὲν
2336 4116 2444 4185 γὰρ
2490 4110 2734 4187 Λαζάρῳ
2804 4117 2938 4188 μέν’
2974 4135 2993 4167 ι
3023 4116 3194 4187 Δεῦρο
3229 4114 3364 4180 ιξω-
3400 4134 3419 4165 ι
3453 4113 3533 4185 τῷ
3579 4115 3638 4169 δὲ
3677 4114 3782 4186 τῆς

2181 4209 2359 4281 χήρας
2392 4209 2526 4282 υἱῷ·
2562 4230 2580 4262 ι
2625 4211 2923 4276 Νεανίσκε,
2958 4210 3042 4263 eoi.
3069 4210 3238 4279 λέγω,
3267 4208 3547 4281 ἐγέρθητι.
3586 4227 3611 4261 ι

486 4302 578 4371 qui
613 4300 681 4356 ab
728 4301 981 4356 omnibus
1020 4300 1166 4355 ill‘am
1214 4301 1488 4369 amolitur,
1528 4302 1619 4370 qui
1656 4301 1771 4356 sola
1817 4316 1950 4355 voce
1984 4315 2081 4356 eos
2118 4302 2213 4370 qui
2258 4302 2312 4357 in
2355 4304 2724 4358 monumentis
2765 4312 2914 4368 sunt,
2986 4316 3046 4358 se
3088 4301 3453 4357 excitaturum
3489 4298 3780 4370 .promisit,

488 4402 543 4448 ct
568 4409 628 4449 re
673 4394 787 4464 ipsa
846 4394 896 4447 id
950 4408 1009 4448 se
1059 4408 1223 4464 posse
1269 4392 1567 4448 declaravit
1614 4393 1701 4447 9‘?
1756 4393 2081 4448 Acclamans
2120 4394 2265 4448 enim
2322 4393 2579 4449 Lazaro:

2656 4413 2677 4447 ι
2709 4393 2844 4450 Veni
2905 4395 3052 4450 foras
3080 4395 3163 4462 ";
3194 4412 3214 4447 ι
3266 4402 3325 4449 et
3369 4394 3547 4450 vidua:
3618 4393 3731 4449 lilio
3762 4434 3782 4447 .

492 4505 513 4541 ι
545 4488 899 4554 Adolescens,
938 4486 1035 4541 lilii
1070 4485 1210 4550 dico,
1247 4501 1410 4555 surge
1449 4485 1495 4517 ”
1529 4503 1542 4540 :
1577 4500 1604 4537 ο
1647 4495 1941 4555 utrumque
1972 4485 2158 4540 statim
2192 4484 2246 4540 in
2285 4486 2453 4539 vitam
2503 4487 2807 4542 revocavit.

557 4579 720 4638 XLII.
765 4579 918 4647 Quod
944 4580 989 4634 si
1041 4580 1134 4650 qui
1181 4587 1327 4643 sunt,
1372 4578 1465 4648 qui
1512 4586 1701 4633 contra
1738 4576 2078 4646 Scripturain

2258 4575 2394 4631 MB'.
2428 4576 2491 4629 Ei
2529 4576 2586 4631 δὲ
2617 4577 2680 4647 δή
2707 4594 2851 4643 τινες
2885 4572 2997 4632 εἶεν
3037 4579 3089 4632 oi
3128 4577 3437 4650 τολμῶντες
3465 4578 3666 4649 λέγειν,
3694 4581 3785 4650 ὡς

489 4673 797 4728 temeritate
850 4669 1083 4741 quadam
1143 4665 1299 4739 163
1352 4680 1521 4738 prave
1569 4666 1887 4733 sentientes,
1925 4664 2076 4719 illum

490 4781 585 4837 per
612 4780 672 4821 se
713 4764 993 4834 vulgarem
1031 4770 1235 4816 tantum
1278 4760 1553 4816 hominem
1586 4759 1865 4815 exstitisse
1893 4758 2079 4813 dicere

376 4928 379 4931 _
490 4857 741 4922 audeant,
792 4854 882 4925 qui
930 4868 995 4909 ex
1027 4867 1182 4909 sacra
1226 4851 1451 4924 Virgine
1492 4862 1646 4907 ortus
1675 4866 1797 4907 cum
1837 4850 2077 4905 clamore

490 4949 669 5005 \‘alido
708 4956 764 5003 et
804 4947 1060 5019 lacryinis
1091 4959 1280 5017 preces
1320 4954 1375 5001 et
1401 4944 1827 5017 supplicationes
1880 4942 2077 4998 obtulit

401 5066 409 5081 ο
492 5042 566 5097 illi
606 5040 697 5112 qni
733 5055 858 5096 eum
887 5056 917 5095 a
961 5047 1140 5096 morte
1197 5037 1428 5109 liberare
1481 5046 1710 5105 poterat,
1764 5051 1832 5092 ne
1881 5037 2075 5092 merito

488 5134 778 5205 quemdam
807 5147 872 5189 ex
904 5131 1111 5188 sanctis
1155 5130 1409 5201 apostolis
1442 5130 1557 5186 hace
1600 5130 1701 5186 sibi
1730 5128 2072 5186 occinentem

488 5226 792 5283 audiverint
845 5244 861 5281 :
900 5246 918 5279 ι
970 5224 1032 5280 lli
1081 5233 1208 5281 sunt
1254 5223 1346 5292 qui
1402 5230 1687 5293 segregant
1728 5221 2078 5290 semetipsos,

489 5319 774 5383 animales,
809 5318 1059 5388 spiritum
1084 5333 1188 5371 non
1216 5315 1478 5371 habentes
1511 5313 1577 5366 ".
1615 5334 1632 5366 ι
1670 5312 1864 5380 Qner
1893 5324 2076 5369 autem

489 5427 556 5465 ex
595 5411 722 5478 illis,
753 5413 843 5481 qui
890 5412 1006 5467 haec
1051 5410 1266 5465 ellutire
1331 5422 1439 5463 non
1488 5405 1840 5472 erubescunt,
1896 5417 2079 5461 utrum

494 5503 897 5559 Emmanuelem
929 5520 1121 5575 purum
1161 5512 1367 5557 tantum
1397 5501 1671 5556 hominem
1704 5514 1824 5573 esse
1854 5500 2081 5555 omnino
2121 5485 2135 5502 ’

491 5590 748 5659 sentiant,
801 5595 891 5665 qui
938 5596 1008 5650 ob
1052 5596 1103 5651 id
1152 5610 1317 5649 unum
1363 5608 1549 5664 parem
1584 5606 1717 5647 cum
1769 5593 1876 5647 Deo
1905 5592 2076 5648 Verbi

492 5685 811 5754 dignitatem
854 5698 910 5743 et
949 5687 1325 5743 auctoritatem
1381 5686 1610 5741 sortitus
1654 5683 1890 5749 dicatur,
1937 5684 2084 5755 quod

560 5848 603 5891 ’ίτ
639 5860 795 5917 Joan.
823 5878 898 5927 xi,
926 5862 1020 5917 42.
1098 5863 1143 5895 ⁸⁸
1170 5862 1337 5921 Hebr.
1398 5876 1452 5922 ν,
1507 5860 1562 5915 8.

501 5930 549 5964 πί
582 5929 739 5984 Joan.
774 5946 848 5996 ιιι,
881 5933 970 5986 45.
1047 5933 1093 5966 ’³
1118 5931 1251 5987 Luc.
1282 5948 1377 5998 vn,
1414 5933 1500 5986 Η.
1578 5930 1622 5963 ’⁵
1658 5929 1810 5986 Indae
1844 5929 1981 6018 19.7,.

1667 5858 1712 5930 ξ’
1750 5858 1982 5930 Philipp.
2031 5877 2091 5930 ιι,
2133 5864 2187 5919 8.

2185 4669 2335 4724 ἐστιν
2376 4670 2665 4743 ἄνθρωπος
2714 4671 2897 4734 ίδικῶς
2937 4671 2968 4723 ό
3012 4672 3076 4725 ὲκ
3118 4671 3219 4742 τῆς
3264 4672 3429 4740 ἁγίας
3470 4672 3779 4743 Παρθένου,

2185 4761 2401 4833 δεήσεις
2428 4779 2488 4816 τε
2513 4762 2610 4815 καὶ
2652 4763 2935 4835 ἱκετηρίας
2967 4762 3107 4834 μεεά
3133 4763 3383 4834 κραυγῆς
3414 4764 3644 4835 ἰσχυρᾶς
3682 4768 3786 4820 καὶ

2184 4852 2442 4922 δακρύων
2486 4853 2864 4925 προσενέγκας
2912 4855 3048 4925 πρὸς
3090 4856 3183 4909 τὸν
3234 4855 3535 4927 δυνάμενον
3580 4855 3785 4920 σώζειν

2186 4945 2351 4999 αὑτὸν
2385 4946 2450 5000 ὲκ
2475 4946 2730 5010 θανάτου,
2767 4945 3003 5018 μάλιστα
3033 4947 3132 5017 μὲν
3164 4948 3279 5011 τοῖς
3300 4948 3472 5020 ἱεροῖς
3502 4947 3784 5020 ἀπᾴδοντα

2183 5039 2480 5111 γράμμασι
2542 5040 2762 5109 φρονεῖν
2816 5039 3107 5111 ᾑρημένοι,
3165 5040 3395 5105 δικαίως
3444 5040 3784 5095 ἀκούσονται

2183 5130 2437 5199 λέγοντος
2465 5131 2649 5194 αὐτοῖς
2680 5131 2800 5196 ἑνὸς
2837 5131 2949 5185 τῶν
2973 5131 3144 5201 ἁγίων
3179 5132 3529 5186 ἀποστόλωνο
3562 5149 3582 5184 ι
3615 5125 3783 5188 Οὗτοί

2187 5224 2326 5276 εἰσιν
2352 5223 2401 5275 οἱ
2422 5222 2861 5295 ἀποδιορίζοντες
2888 5224 3131 5295 ψυχικοὶ,
3149 5224 3370 5296 πνεῦμα
3397 5223 3472 5295 μὴ
3496 5222 3738 5293 ἔχοντες.
3755 5244 3776 5276 ι

2186 5310 2323 5368 Εἶτα
2370 5316 2508 5387 πρὸς
2535 5315 2711 5387 τούτῳ
2759 5317 3077 5389 φραζόντων
3107 5319 3288 5371 ἐκεῖνο
3308 5334 3322 5348 ο
3376 5315 3606 5386 πότερόν
3632 5316 3781 5369 ἴποτε

2184 5406 2342 5477 ψιλὸν
2382 5406 2675 5478 ἄνθρωπον
2705 5401 2846 5461 εἷναί
2877 5425 3042 5479 φασιν
3077 5408 3261 5473 αὐτὸν,
3307 5408 3474 5479 ἤγουν
3522 5406 3784 5478 καθάπερ

2183 5503 2361 5556 εἰπεῖν
2394 5501 2824 5575 τεθαρῥήκασιν,
2850 5503 2993 5574 ἔχειν
3019 5501 3117 5575 τὴν
3140 5501 3360 5573 ἰσότητα
3387 5503 3482 5571 τῆς
3505 5498 3662 5564 ἀξίας
3682 5502 3785 5554 καὶ

2181 5593 2284 5664 τῆς
2316 5594 2625 5660 αύθεντίας,
2658 5595 2761 5665 τῆς
2786 5595 2920 5665 πρός
2948 5612 3033 5663 γε,
3063 5595 3229 5664 φημὶ,
3258 5593 3350 5646 τὸν
3376 5594 3442 5645 ὲκ
3472 5589 3610 5644 Θεοῦ
3641 5590 3785 5645 Θεὸν

2184 5686 2380 5757 Λόγον,
2413 5687 2490 5752 ὼς
2516 5686 2666 5765 αύτῷ
2694 5687 3075 5759 συνημμένον;
3111 5686 3176 5740 Εἰ
3215 5686 3312 5740 μὲν
3355 5680 3448 5739 οὖν
3489 5684 3784 5756 ἄνθρωπον

2290 5865 2337 5899 ’⁸
2365 5865 2493 5923 ibid.
2533 5866 2585 5923 9.
2694 5867 2763 5901 ’θ’
2821 5866 3013 5949 Matth.
3051 5882 3105 5935 x,
3140 5866 3232 5923 28.
3310 5867 3352 5901 "
3386 5863 3544 5922 Joan.
3578 5880 3633 5933 ν,
3680 5863 3781 5925 εε.
