4076 6412
294 341 431 400 1593

1111 342 1204 399 AD
1244 340 1551 400 REGINAS
1594 342 1682 398 DE
1723 341 1951 401 RECTA
1990 343 2148 401 FIDE
2190 342 2455 403 ORATIO
2494 342 2802 400 ALTERA.

3432 344 3572 401 ιεθι

289 452 431 515 εἷναί
489 476 645 528 φασιν
689 459 812 515 καθ’
861 459 1012 533 ἡμᾶς
1080 460 1265 532 ψιλὸν,
1322 458 1904 548 ἀνθρωττολατροῦσιν,

1994 461 2237 519 familiari
2281 462 2519 533 quodam
2583 460 3009 519 necessitudinis
3061 459 3274 519 vinculo
3312 458 3386 515 illi
3437 477 3569 516 con-

287 550 741 623 ὁμολογουμένως
766 591 783 616 ,
828 553 1266 625 προσκυνοῦντες
1318 553 1497 624 αὐτῷ.
1546 544 1875 626 Τέγραπται

2003 565 2198 612 unctus
2242 555 2351 611 sit?
2384 554 2541 622 Quod
2597 555 2642 610 si
2686 569 2902 625 purum,
2950 553 3213 622 nobisque
3260 567 3357 623 per
3386 552 3570 609 omnia
3610 544 3613 549 ’

286 645 417 713 γὰρ,
452 645 536 698 ὅτι
578 664 596 697 ι
636 644 845 717 Κύριον
891 646 987 699 τὸν
1015 646 1150 700 Θεόν
1180 663 1272 700 σου
1302 648 1739 719 προσκυνήσεις,
1773 645 1877 702 ,καὶ

286 736 439 809 αὐτῷ
464 737 614 809 μόνῳ
642 737 984 810 λατρεύσεις.
1020 756 1040 789 ι
1061 740 1126 792 El
1154 738 1210 791 δὲ
1241 738 1304 809 δὴ
1345 741 1525 807 φαῖεν,
1556 738 1640 792 ὅτι
1674 737 1877 809 κέκλη-

283 846 378 884 ται
417 829 556 900 πρὸς
609 830 833 902 ἰσότητα
886 831 985 901 τῆς
1020 830 1199 897 ἀξίας,
1248 833 1419 903 ἥγουν
1451 830 1743 895 αύθεντίας
1777 831 1878 901 τῆς

284 922 428 994 πρὸς
457 921 591 976 Θεὸν
639 922 843 992 Λόγον’
892 918 1014 976 εἶτα
1042 923 1295 995 πρόσεισι
1322 923 1401 994 τῷ
1428 922 1548 994 Θεῷ
1578 923 1880 994 καὶηΠατρὶ

285 1014 433 1084 μετά
457 1013 711 1085 κραυγῆς
748 1015 869 1084 ίσχυ
880 1016 981 1086 ρᾶς
1003 1015 1096 1069 καὶ
1116 1013 1550 1085 δεδακρυμένος,¹
1573 1014 1669 1067 καὶ
1703 1014 1878 1067 δεῖται

285 1105 386 1159 τοῦ
423 1105 689 1171 σώζοντος
712 1123 724 1136 ο
754 1106 909 1161 ούδέν
939 1108 1056 1161 ἐστι
1086 1106 1149 1161 τὸ
1191 1106 1403 1161 κωλύον
1450 1108 1546 1161 καὶ
1576 1106 1743 1161 αὐτοῦ
1781 1104 1878 1160 τοῦ

269 1197 471 1265 ςΔὸγου
484 1197 545 1251 τὸ
564 1199 763 1269 μέτρον
778 1198 1031 1254 τοσοῦτον
1046 1199 1315 1272 ὑπάρχειν
1344 1200 1614 1264 ὑπονοεῖν,
1644 1200 1878 1272 ὅσονπερ

284 1290 361 1345 ἂν
410 1286 548 1344 εἶναι
606 1290 917 1345 πιστεύοιτο
965 1293 1061 1347 καὶ
1107 1293 1168 1347 τὸ
1209 1294 1304 1347 τοῦ
1336 1292 1474 1365 πρὸς
1518 1292 1682 1348 αὐτὸν
1728 1291 1881 1363 ἔχον-

283 1398 382 1445 τος
426 1381 524 1453 τὴν
574 1384 801 1454 ἰσότητα
832 1384 932 1455 τῆς
968 1385 1148 1453 ἀξίας,
1198 1386 1368 1457 ἤγουν
1412 1384 1515 1452 τῆς
1566 1385 1877 1449 αύθεντίας.

287 1474 501 1529 Θύκοῢν
528 1476 730 1546 πρέποι
757 1475 825 1530 ἂν
859 1477 953 1531 καὶ
998 1476 1150 1549 αὐτῷ
1178 1477 1240 1531 τὸ
1273 1478 1506 1532 δεδιέναι
1536 1477 1792 1542 θάνατον,
1821 1476 1882 1531 τὸ

287 1565 538 1639 κίνδυνον
569 1566 898 1638 ὑφορᾶσθαι,
926 1571 989 1622 τὸ
1022 1569 1235 1624 κλαίειν
1265 1570 1324 1623 ἐν
1363 1571 1715 1642 πειρασμοῖς.
1746 1569 1882 1624 καθ-

288 1657 514 1711 εστάναι
536 1658 595 1710 δὲ
626 1660 721 1712 καὶ
751 1660 810 1713 ἐν
835 1660 1019 1732 ἐνδείᾳ
1038 1660 1139 1732 τῆς
1176 1661 1307 1733 παρ’
1348 1661 1537 1736 ἐτέρου
1570 1660 1773 1733 χειρὸς,
1793 1660 1882 1714 ἵνα

288 1750 390 1802 καὶ
412 1750 655 1820 σώζηται
676 1766 690 1781 ο
719 1752 813 1805 καὶ
843 1752 982 1823 πρὸς
1001 1753 1212 1817 τούτοις
1237 1753 1317 1807 ἔτι
1346 1755 1441 1807 καὶ
1465 1754 1763 1825 μανθάνειν
1785 1752 1884 1824 τὴν
1900 1788 1913 1804 κ

1980 647 2212 704 similem
2274 647 2551 703 hominem
2623 656 2829 706 tantum
2893 661 3017 703 esse
3086 646 3346 712 dixerint,
3421 653 3574 703 certe

1981 748 2173 806 aperto
2228 739 2676 810 ambropolatrim
2723 739 2963 799 crimine,
3002 740 3368 803 tenebuntur,
3418 736 3569 797 illum

1981 831 2289 887 adorantes.
2310 829 2584 903 Scriptum
2599 832 2836 888 estenim
2858 850 2872 886 :
2902 851 2920 883 ι
2935 831 3215 886 Dominum
3242 831 3408 886 Deum
3422 840 3570 886 tuum

1983 921 2256 990 adorabis,
2289 932 2344 979 et
2380 924 2457 979 illi
2498 924 2596 979 soli
2628 925 2834 981 servies
2860 923 2929 978 ".
2975 944 2994 977 ι
3034 922 3184 991 Quod
3211 922 3255 977 si
3294 922 3468 992 ipsum
3501 921 3568 976 ad

1982 1014 2346 1084 aequalitatem
2371 1007 2737 1087 dignitatis'et
2762 1015 3100 1071 auctoritatis
3123 1029 3247 1069 cum
3275 1012 3368 1069 Dei
3397 1011 3574 1068 Verbo

1983 1116 2230 1164 evectum
2279 1110 2661 1179 respondeant,
2714 1123 2815 1165 nec
2856 1109 2927 1164 ob
2968 1108 3020 1162 id
3064 1117 3245 1165 tamen
3292 1103 3574 1177 prohiberi

1983 1199 2274 1270 quominus
2322 1199 2540 1257 Patrem
2577 1200 2755 1255 valido
2785 1214 2909 1256 cum
2955 1198 3198 1255 clamore
3230 1206 3285 1252 et
3319 1195 3577 1271 lacrymis

1984 1290 2165 1357 adeat,
2200 1290 2389 1362 illique
2441 1292 2531 1362 qui
2566 1293 2785 1347 salvare
2811 1299 2990 1361 potest
3024 1289 3249 1359 supplex
3279 1286 3403 1353 ﬁat;
3439 1283 3578 1339 nihil

1984 1385 2209 1441 omnino
2266 1385 2504 1441 obstabit
2568 1385 2855 1455 quominus
2919 1382 3094 1453 ipsius
3146 1393 3361 1451 quoque
3412 1375 3578 1433 Verbi

1986 1477 2239 1538 conditio.
2275 1484 2431 1533 tanta
2474 1476 2841 1540 existimetur,
2888 1482 3091 1544 quanta
3147 1469 3264 1539 ejus
3322 1467 3414 1538 qui
3452 1482 3576 1523 cum

1991 1570 2168 1627 Verbo
2212 1570 2578 1641 aequalitatem
2620 1566 2904 1640 dignitatis
2952 1565 3069 1621 sive
3111 1562 3454 1619 auctoritatis
3480 1561 3578 1616 ha-

1987 1664 2097 1720 bet.
2141 1664 2322 1732 Quare
2352 1672 2406 1719 et
2436 1661 2514 1717 illi
2544 1676 2762 1733 quoque
2794 1658 3082 1716 conveniet
3110 1668 3337 1713 mortem
3375 1654 3580 1711 exhor-

1990 1754 2556 1826 rescere,_pericnlum
2590 1755 2803 1818 timere,
2836 1753 2889 1807 in
2923 1749 3315 1807 tentationibus
3340 1748 3580 1819 plorare,

290 1835 542 1907 ὑπακοὴν
570 1837 638 1890 δι’
688 1831 765 1892 ὧν
809 1840 1051 1894 πέπονθε
1094 1843 1430 1913 πειρασθείς.
1494 1843 1656 1911 Ἀλλ’,
1706 1841 1883 1915 οἶμαι,

1994 1849 2219 1904 alterius
2259 1862 2364 1917 ope
2396 1855 2454 1900 ut
2479 1853 2726 1900 servetur
2753 1842 3021 1913 indigere,
3055 1853 3311 1910 expressa
3347 1836 3584 1907 denique

287 1927 450 1980 τοῦτὸ
490 1931 639 1983 ἐστιν
663 1930 695 2001 ἢ
729 1936 946 2003 φρονεῖν
970 1933 1002 2002 ἢ
1029 1933 1212 2002 λέγειν
1240 1936 1521 2006 ἀσύφηλον
1560 1934 1844 2000 παντελῶς
1863 1952 1880 1967 ·

289 2018 579 2087 παναλκὴς
604 2021 728 2093 γάρ.
749 2024 898 2076 ἐστιν
924 2024 954 2075 δ
979 2023 1073 2077 τοῦ
1105 2023 1241 2077 Θεοῦ
1277 2026 1452 2093 Λόγος
1477 2069 1490 2091 ,
1525 2027 1620 2081 καὶ
1647 2028 1880 2084 Θανάτου

289 2109 585 2180 κρείττων,
611 2113 706 2165 καὶ
740 2113 932 2168 παθῶν
962 2115 1246 2182 ἐπέκεινα,
1292 2118 1385 2170 καὶ
1431 2119 1634 2184 δειλίας
1666 2120 1881 2191 ἀνθρω·

290 2203 615 2273 ποπρεποῦς
646 2205 917 2277 ἀμέτοχος
949 2207 1255 2272 παντελῶς.
1285 2208 1447 2263 Ἀλλά
1481 2210 1588 2282 μὴν
1613 2211 1757 2266 οὕτω
1782 2214 1881 2283 μὲν

289 2291 508 2361 φύσεως
544 2292 708 2364 ἔχων,
754 2295 1027 2350 πέπονθεν
1070 2297 1213 2370 ὑπὲρ
1261 2299 1439 2370 ἡμῶν.
1490 2301 1703 2357 Οὐκοῦν
1754 2303 1878 2359 οὕτε

286 2384 448 2453 ψιλὸς
490 2385 776 2457 ἄνθρωπος
820 2389 850 2441 ὁ
896 2389 1174 2461 Χριστὸς,
1214 2388 1340 2445 οὔτε
1390 2392 1635 2464 ἄσαρκος
1675 2396 1879 2465 Λόγος*

292 2477 514 2542 ἐνωθεὶς
545 2479 602 2533 δὲ
640 2481 844 2548 μᾶλλον
872 2486 940 2554 τῇ
981 2484 1107 2538 καθ’
1141 2486 1293 2557 ἡμᾶς
1319 2487 1725 2560 ἁνθρωπότητι,
1774 2491 1882 2544 πά-

293 2570 377 2622 θοι
417 2570 482 2623 ἂν
510 2572 738 2636 ἀπαθῶς
769 2575 938 2646 σαρκὶ
970 2578 1041 2647 τῇ
1074 2576 1181 2648 ἰδίᾳ
1212 2577 1281 2632 τὰ
1315 2578 1653 2649 ἀνθρώπινα.
1687 2581 1885 2651 Γέγονε

291 2660 574 2727 τοίνυνείς
607 2663 962 2721 ὑποτύπωσιν
994 2669 1075 2731 είς
1104 2670 1254 2739 ἡμᾶς
1285 2669 1645 2741 ἀνθρωπίνως
1675 2673 1884 2739 ἐκεῖνα,

292 2753 546 2827 καθάπερ
571 2756 709 2828 ἔφην
734 2760 792 2811 ἐν
816 2759 1037 2829 ἀρχαῖς,
1066 2760 1154 2813 ῖνα
1184 2764 1298 2823 τοῖς
1322 2761 1534 2834 -ίχνεσιν
1564 2765 1732 2819 αὐτοῦ
1785 2768 1886 2819 ἐπ-

290 2846 775 2920 ακολουθήσωμεν.
795 2850 967 2904 Τοῦτο
992 2852 1103 2923 γάρ
1132 2852 1409 2924 ἐποίησεν,
1441 2855 1661 2926 ἐφάπαξ
1690 2857 1884 2911 ἑαυτὸν

292 2942 692 3010 προσενέγκας.
754 2943 811 2996 '0
863 2942 1027 3014 νόμος
1075 2944 1185 3016 γάρ
1232 2945 1557 3015 καθίστησιν
1607 2949 1886 3021 ἀρχιερεῖς

291 3032 522 3103 εχοντας
549 3034 869 3089 ἀσθένειαν·
908 3038 937 3090 ὁ
977 3035 1134 3106 λόγος
1167 3037 1226 3091 δέ
1255 3038 1356 3109 τῆς
1397 3039 1750 3111 ὁρκωμοσίας
1782 3042 1883 3113 τῆς

223 3127 243 3137 ’
297 3125 443 3195 μετά
485 3124 575 3179 τὸν
616 3126 806 3199 νόμον,
842 3128 973 3181 Υἰὸν
1006 3131 1087 3192 είς
1114 3129 1206 3183 τὸν
1235 3130 1410 3184 αἰῶνα
1439 3131 1883 3205 τετελειωμένον,

296 3217 402 3288 μιᾷ
448 3218 547 3288 μὲν
588 3223 901 3293 προσφορᾷ,
945 3221 1102 3293 δῆλον
1149 3221 1205 3276 δὲ
1235 3224 1319 3278 ὅτι
1362 3223 1428 3294 τῇ
1471 3223 1560 3278 διὰ
1602 3224 1697 3279 τοῦ
1742 3227 1878 3281 ἰδίου

297 3307 573 3378 σώματος,
691 3331 708 3363 ι
728 3313 1078 3368 τετελείωκεν
1097 3316 1173 3379 είς
1189 3317 1507 3389 τὸδιηνεκές
1521 3320 1648 3384 τοὺς
1664 3319 1889 3391 ἁγιαζο-

298 3400 534 3469 μένουςὸ
551 3402 755 3474 Κύριος
770 3406 802 3476 ἡ
810 3404 927 3475 μῶν
942 3407 1151 3477 Ἰησοῦς
1167 3409 1423 3481 Χριστός.
1440 3413 1887 3483 ι-ιΠροσκεκό-

297 3505 429 3555 μικε
460 3489 571 3562 γὰρ
603 3491 798 3548 ἐαυτὸν
830 3495 969 3566 ὑπὲρ
1005 3491 1210 3565 ἡμῶν1⁵
1243 3499 1324 3562 είς
1352 3499 1529 3571 ὀσμὴν
1557 3499 1785 3563 εὐωδίας
1811 3499 1891 3572 τῷ

296 3576 419 3648 Θεῷ
441 3578 537 3632 καὶ
568 3580 795 3653 Πατρὶ,›
816 3584 911 3637 καὶ
939 3585 1261 3640 τετελείωκε
1295 3588 1502 3658 νοητῶς
1530 3589 1622 3643 διὰ
1649 3590 1891 3655 πίστεως

296 3670 395 3723 καὶ
433 3670 732 3744 ἀγιασμοῦ,
759 3675 945 3729 καίτοι
963 3676 1064 3748 τῆς
1094 3681 1327 3752 νομικῆς
1358 3680 1618 3753 λατρείας
1648 3682 1888 3737 τελειού-

252 3835 258 3838 ἠ
302 3778 403 3831 σης
435 3763 609 3819 οὐδέν.
657 3766 950 3838 Τοιγάρτοι
984 3770 1288 3840 κατέληξαν
1335 3774 1432 3844 μὲν
1475 3776 1525 3828 οἱ
1561 3774 1756 3842 τύποι,
1794 3775 1891 3829 καὶ

300 3855 580 3912 πέπαυται
631 3862 732 3929 τῆς
764 3859 1028 3930 ’Λρχαίας
1060 3862 1341 3934 Διαθήκης
1396 3865 1458 3918 τὸ
1513 3867 1772 3938 ἀνόνητον
1832 3871 1891 3922 ἐν

303 3950 518 4012 σκιαῖς’
565 3950 759 4019 γέγονε
788 3950 844 4004 δὲ
873 3952 1194 4022 ἀναγκαίως
1240 3957 1597 4029 ἐπεισαγωγὴ
1639 3961 1890 4031 κρείττο-

300 4055 393 4103 νος
419 4039 657 4107 ἐλπίδος,
696 4042 765 4097 δι’
794 4038 864 4118 ἦς
890 4045 1185 4116 ἐγγίζομεν
1216 4046 1296 4117 τῷ
1326 4047 1466 4119 Θεῷ,
1506 4051 1888 4121 μεσιτεύοντος

299 4129 397 4185 τοῦ
428 4131 705 4203 Χριστοῦ,
746 4135 842 4189 καὶ
889 4137 948 4191 ἐν
993 4136 1146 4203 τάξει
1193 4141 1479 4208 γεγονότος
1527 4142 1886 4219 ἀρχιερατικῇ

301 4221 394 4277 διά
421 4241 504 4279 τοι
526 4226 626 4296 τὴν
648 4226 788 4299 πρὸς
823 4229 972 4299 ἡμᾶς
999 4229 1281 4300 ὁμοίωσιν.

1994 1940 2292 1998 tentatione
2318 1938 2681 1994 obedientiam
2722 1937 2952 1992 discere.
2983 1931 3150 2001 Atqui
3192 1940 3453 1987 extrema:
3483 1942 3583 1982 ve-

1992 2034 2159 2087 sania:
2208 2031 2370 2086 fuerit
2422 2032 2538 2085 haec
2586 2028 2792 2084 sentire
2818 2027 2902 2081 vel
2935 2012 3156 2081 dicere:
3191 2032 3275 2078 est
3297 2020 3443 2077 enim
3482 2018 3582 2075 Dei

1991 2124 2230 2181 Verbum
2271 2121 2635 2192 omnipotens,
2679 2129 2855 2174 morte
2885 2117 3158 2187 superius,
3208 2115 3381 2184 majus
3425 2111 3582 2173 deni,-

1992 2231 2097 2286 que
2140 2229 2301 2285 quam
2350 2222 2410 2267 ut
2454 2211 2754 2283 perpessio,
2803 2219 2901 2263 aut
2947 2206 3056 2261 ulla
3086 2205 3309 2261 omnino
3346 2205 3585 2259 humana

1997 2308 2231 2363 formido
2280 2308 2334 2361 in
2385 2306 2560 2375 ipsum
2609 2303 2806 2359 cadere
2855 2300 3054 2358 valeat.
3089 2299 3287 2357 Verum
3331 2295 3456 2357 licet
3483 2310 3582 2350 sua

1997 2409 2190 2456 natura
2219 2398 2485 2469 ejusmodi
2516 2397 2611 2464 sit,
2640 2396 2813 2451 nostri
2845 2404 3022 2449 tamen
3058 2407 3220 2448 causa
3250 2406 3345 2447 eas
3375 2387 3587 2459 passio;-

1994 2508 2094 2548 nes
2124 2491 2399 2547 sustinuit.
2437 2489 2625 2558 Itaque
2655 2502 2830 2558 neque
2867 2500 3036 2556 purus
3071 2493 3280 2539 tantum
3310 2485 3473 2539 homo
3500 2491 3599 2538 est.

1996 2584 2272 2650 Christus,
2308 2596 2486 2652 neque
2510 2578 2751 2635 Verbum
2787 2586 2992 2634 nostrae
3025 2577 3208 2632 carnis
3239 2590 3456 2646 expers,
3489 2572 3585 2629 sed

1996 2677 2236 2733 Verbum
2290 2683 2492 2730 nostrae
2539 2681 2748 2727 natura:
2779 2670 3015 2735 unitum,
3042 2668 3337 2725 secundum
3365 2681 3426 2722 se
3469 2663 3592 2736 qui—

2000 2770 2122 2825 dem
2193 2766 2517 2838 impatibile,
2578 2766 2815 2819 humana
2876 2773 3056 2817 autem
3106 2761 3319 2831 patiens
3378 2758 3434 2812 in
3490 2771 3588 2813 sua

2001 2875 2187 2915 carne.
2237 2861 2367 2924 Quae
2402 2858 2566 2926 igitur
2596 2864 2656 2910 ut
2701 2855 2864 2910 homo
2915 2852 3139 2923 pertulit
3191 2867 3251 2907 ea
3289 2850 3389 2922 (ut
3427 2848 3588 2920 paulo

1998 2963 2125 3006 ante
2165 2948 2526 3017 dicebamus),
2564 2947 2718 3003 nobis
2743 2946 2796 3001 in
2846 2945 3150 3024 esemplum
3192 2951 3585 3015 proponuntur,

1997 3058 2105 3116 quo
2138 3043 2395 3099 nimirum
2443 3042 2686 3113 vestigiis
2738 3040 2883 3097 illius
2930 3039 3245 3094 insistamus
3273 3037 3386 3106 qui,
3421 3037 3588 3091 semel

1998 3151 2060 3193 se
2088 3135 2342 3201 oll‘erens,
2375 3149 2489 3189 rem
2517 3142 2687 3188 totam
2715 3132 2974 3187 confecit.
3009 3131 3153 3186 Sane
3185 3129 3270 3183 l'ex
3305 3127 3590 3198 pontiﬁces

1996 3227 2296 3286 infirmitati
2344 3226 2611 3283 obnoxios
2684 3223 3048 3289 instituebat,
3102 3236 3289 3276 verum
3359 3219 3587 3291 jurisju-

1995 3322 2153 3391 randi
2185 3336 2366 3378 sermo
2407 3330 2531 3393 post
2579 3319 2752 3391 legem
2805 3318 3003 3383 editus,
3057 3315 3219 3390 164
3250 3312 3450 3369 Filium
3482 3327 3591 3367 una

1998 3414 2276 3472 oblatione
2307 3415 2359 3468 in
2394 3422 2655 3469 aeternum
2701 3417 3141 3467 consummatum
3170 3407 3491 3478 pronuntiat
3518 3404 3587 3471 ’σς

1997 3521 2062 3563 ea
2120 3506 2236 3577 ipsa
2300 3504 2575 3569 videlicet,
2629 3517 2732 3577 qua
2793 3520 2820 3556 ι
2874 3500 3137 3556 Dominus
3194 3506 3383 3553 noster
3432 3495 3590 3551 Jesus
3642 3564 3651 3571 ν

1998 3598 2252 3655 Christus
2280 3598 2647 3654 sanctiﬁcatos
2689 3608 2785 3666 per
2811 3594 3087 3664 proprium
3127 3605 3325 3660 corpus
3367 3589 3419 3643 in
3448 3601 3591 3642 sem-

1999 3692 2273 3762 piternum
2315 3688 2714 3747 consummavit
2739 3686 2807 3742 ".
2859 3704 2879 3741 ι
2911 3714 2983 3727 -
3016 3702 3035 3737 ι
3072 3683 3277 3740 Obtulit
3306 3681 3451 3737 enim
3499 3694 3589 3735 se-

1996 3784 2175 3854 ipsum
2193 3798 2290 3854 pro
2307 3783 2465 3838 nobis
2493 3783 2545 3836 in
2563 3782 2785 3836 odorem
2802 3778 3085 3837 suavitatis
3109 3779 3218 3833 Deo
3238 3785 3292 3833 et
3311 3775 3455 3831 Patri
3476 3774 3545 3841 ⁸⁸,
3568 3791 3589 3827 ι

1996 3875 2336 3945 perfecitque
2370 3888 2471 3928 nos
2503 3888 2599 3943 per
2632 3872 2791 3926 fidem
2835 3880 2891 3925 et
2942 3869 3241 3937 spiritalem
3279 3867 3594 3922 sanctiﬁca-

2000 3966 2226 4032 tionem,
2271 3979 2393 4018 cum
2434 3963 2569 4034 legis
2607 3962 2845 4030 antiqua:
2887 3959 3063 4014 cultus
3112 3957 3321 4012 nullum
3367 3959 3593 4011 omnino

1997 4055 2065 4110 ad
2099 4054 2489 4126 perfectionem
2528 4053 2825 4108 adduceret
2858 4051 2928 4104 ⁹⁹.
2964 4049 3119 4105 Unde
3147 4058 3201 4102 et
3243 4048 3427 4117 ﬁgurae
3456 4061 3594 4115 quo-

1998 4163 2106 4218 que
2131 4155 2438 4215 cessarunt,
2469 4153 2523 4201 et
2550 4142 2859 4200 umbratilis
2888 4141 2979 4197 illa
3014 4141 3227 4197 Veteris
3255 4138 3590 4195 Testamenti

2000 4239 2342 4310 imperfectio
2383 4255 2415 4295 e
2461 4238 2642 4294 medio
2689 4237 2903 4293 sublata
2943 4244 3044 4292 est.
3080 4234 3358 4290 Successit
3385 4243 3591 4300 autem,

300 4318 599 4382 etquidem
631 4323 966 4385 necessario,
1001 4323 1241 4380 melioris
1271 4325 1387 4393 spei
1443 4326 1793 4396 intmductio,
1863 4346 1962 4402 per
1999 4348 2185 4404 quam,
2234 4331 2635 4389 interveniente
2686 4328 2908 4386 Christo
2957 4329 3048 4399 qui
3098 4336 3320 4399 propter
3383 4335 3592 4383 natura

302 4410 712 4467 similitudinem
760 4415 814 4470 in
849 4415 1186 4486 pontiﬁcium
1240 4418 1485 4474 ordinem
1533 4431 1752 4479 evectus
1786 4434 1889 4493 est,
1930 4427 2041 4483 Deo
2071 4429 2592 4500 appropinquamus.

374 4506 473 4559 ΜΓ
474 4512 508 4561 '.
550 4506 700 4578 Πλὴν
745 4509 923 4563 ἐκεῖνο
954 4509 1134 4583 ἄθρει·
1168 4512 1305 4585 Περὶ
1335 4513 1507 4567 αὐτοῦ
1543 4532 1708 4588 φησιν
1742 4518 1770 4569 ὁ
1810 4517 1899 4572 θε-

2073 4519 2261 4577 XLlll.
2300 4520 2782 4579 Verumenimvero
2838 4535 2959 4576 cum
2986 4518 3182 4577 Paulus
3215 4518 3363 4574 illum
3405 4531 3473 4573 ex
3505 4516 3591 4574 in-

306 4598 532 4662 σπέσιος
564 4600 811 4678 Παῦλος,
839 4603 921 4657 ὅτι
962 4604 1286 4678 ἐσταυρώθη
1322 4607 1381 4675 ἐξ
1412 4607 1721 4676 ἀσθενείας.
1757 4607 1894 4667 Εἶτα

302 4690 426 4754 πῶς
446 4694 475 4745 ὁ
498 4693 597 4762 μὲν
624 4668 790 4765 δόμος
818 4668 1148 4767 καθίστησιν
1168 4668 1450 4771 ἀρχιερεῖς
1482 4668 1710 4772 ἔχοντας
1727 4702 1892 4757 ἀσθέ-

304 4798 476 4849 νειαν,
517 4786 547 4837 ὁ
570 4783 629 4837 δὲ
662 4784 821 4857 λόγος
858 4787 960 4858 τῆς
986 4789 1334 4859 ὁρκωμοσίας
1376 4791 1477 4860 τῆς
1510 4792 1650 4863 μετὰ
1679 4794 1771 4847 τὸν
1808 4794 1894 4849 νό-

308 4894 431 4950 μον,
474 4879 605 4934 Υἱδν
658 4882 738 4945 είς
792 4880 885 4934 τὸν
932 4881 1107 4935 αἰῶνα
1160 4883 1607 4955 τετελειωμένον,
1665 4886 1741 4950 ῶς
1794 4886 1896 4940 ούκ

305 4971 501 5041 ἔχοντα
533 4970 778 5041 δηλονότι
807 4972 869 5026 τὸ
884 4973 1131 5027 ἀσθενεῖν
1153 4990 1168 5039 ;
1190 4973 1363 5027 Τοῦτο
1396 4975 1525 5047 γὰρ,
1560 4973 1738 5048 οἶμαι,
1772 4979 1895 5032 ἐστὶ

303 5062 367 5116 τὸ
400 5063 603 5133 ἀρτίως
631 5062 776 5133 ἔχον,
800 5065 969 5136 ἤγουν
991 5063 1052 5118 τὸ
1076 5065 1134 5117 ἐν
1163 5066 1328 5119 παντὶ
1356 5067 1507 5139 καλῷ
1533 5069 1895 5140 τετελειωμέ-

306 5172 425 5209 νον·
460 5157 543 5210 ὅτι
576 5155 650 5227 μὴ
683 5159 808 5211 κατ’
836 5160 1079 5223 ἐκείνους
1104 5160 1225 5212 ἐστὶ
1250 5161 1378 5223 τοὺς
1410 5161 1555 5215 κατά
1581 5162 1672 5216 τὸν
1703 5163 1891 5234 νόμον,

304 5244 390 5313 οἷς
418 5249 521 5302 οὐκ
551 5248 822 5321 ἀσύνηθες
859 5254 1037 5307 εἰπεῖν
1074 5252 1137 5306 τὸ
1164 5253 1260 5308 καὶ
1284 5263 1305 5292 ο
1354 5253 1603 5310 ἀσθενεῖν
1637 5254 1749 5310 ἔσθ’
1775 5258 1889 5312 ὅτε.

379 5403 615 5481 δ’,βθυιο
644 5419 720 5470 νιν
752 5405 1072 5481 ἕδςβί-ιξιῌι.
1107 5423 1181 5475 tv,
1216 5407 1303 5481 l0.
1380 5411 1426 5443 9°
1460 5410 1626 5468 llcbr.
1664 5412 1883 5480 “1,28.
1962 5414 2007 5446 ⁸⁷
2038 5413 2202 5469 llebr.
2232 5429 2284 5481 π,
2320 5415 2406 5469 14.

309 5473 333 5506 ¹
368 5472 413 5530 ll
436 5475 561 5531 Cor.
590 5490 712 5544 xm,
739 5475 794 5530 4.
843 5472 892 5508 ⁷²
923 5477 1088 5533 llebr.
1118 5472 1215 5546 vn,
1241 5480 1332 5537 28.
1496 5490 1509 5501 ‘

2001 4611 2257 4668 firmitate
2318 4612 2639 4668 crucifixum
2692 4611 3078 4683 pronuntiet‘,
3136 4610 3405 4680 quomodo
3463 4608 3594 4679 (in-

2001 4705 2145 4777 quis)
2200 4705 2287 4762 lex
2331 4705 2643 4761 sacerdotes
2681 4703 2985 4763 inﬁrmitati
3013 4704 3305 4761 obstrictos
3346 4701 3589 4769 ordinat,

1996 4796 2377 4868 jusjurandum
2407 4812 2534 4853 vero
2561 4803 2683 4866 post
2711 4795 2884 4865 legem
2912 4794 3332 4867 promulgatum,
3366 4793 3588 4859 Filium,

2003 4889 2158 4960 quasi
2196 4887 2342 4943 nulla
2377 4888 2433 4943 in
2479 4888 2628 4943 illum
2672 4886 2963 4943 inﬁrmitas
3012 4889 3187 4954 cadat,
3224 4889 3278 4942 in
3327 4898 3591 4947 aeternum

2002 4986 2437 5034 consummatum
2468 4976 2879 5050 perfectumque
2903 4976 3136 5037 allirmat
3171 4978 3232 5032 "I
3257 4976 3391 5033 lllud
3423 4978 3591 5047 enim,

2002 5073 2216 5142 Opinor,
2253 5071 2553 5142 perfectum
2583 5072 2804 5138 dicitur,
2841 5071 2986 5142 quod
3031 5074 3178 5128 omni
3207 5073 3472 5129 bonorum
3499 5085 3592 5142 ge-

2003 5180 2134 5220 nere
2163 5165 2495 5220 cumnlatum
2539 5173 2644 5221 est.
2687 5163 2957 5232 Quoniam
2987 5181 3092 5221 non
3118 5165 3242 5220 talis
3276 5169 3414 5229 erat,
3455 5179 3591 5233 qua-

2002 5257 2081 5313 l‘es
2106 5257 2307 5314 veteris
2345 5258 2477 5329 legis
2510 5258 2848 5325 sacerdotes,
2880 5260 3079 5330 quibus
3124 5258 3439 5313 inusitatum
3483 5272 3599 5317 non

2520 5415 2566 5447 ⁸⁸
2602 5413 2801 5487 Ephes.
2827 5431 2879 5480 v,
2909 5415 2963 5470 2.
3080 5415 3126 5447 ὀ
3166 5413 3335 5472 l-Iebr.
3367 5429 3471 5480 vn,
3497 5414 3599 5475 l9.

1411 5639 1586 5695 Variae
1618 5638 1881 5695 lectiones
1910 5638 2110 5697 codicis
2136 5638 2496 5712 Seguieriani.

385 5770 414 5813 δ
452 5771 652 5828 αυτῶν.
732 5780 754 5810 ε
857 5767 1073 5834 πάντως
1102 5772 1218 5828 καί.
