4076 6484
509 337 653 396 1395

1546 330 1605 387 S.
1650 330 1933 388 CYBILLI
1972 332 2450 391 ALEXANDRINI
2491 334 2823 394 ARCHlEP.

3678 341 3818 400 £596

510 466 650 525 erat,
692 457 746 513 in
774 454 1118 512 inﬁrmitates
1155 453 1480 523 quandoque
1524 451 1787 508 incidere.
1818 450 1924 508 Sed
1953 466 2094 521 quo-

2226 452 2328 517 Ιῶς
2357 447 2452 508 οὖν
2484 453 2514 506 ὁ
2547 453 2710 518 αὐτὸς
2739 453 2836 509 καὶ
2871 453 3158 520 ἀσθενείας
3209 455 3489 528 κρείττων
3534 449 3686 511 εἶναι
3724 474 3823 513 πε-

510 550 672 606 tnodu
704 548 842 603 idem
874 557 929 602 et
963 546 1281 601 inﬁrmitate
1307 545 1481 615 major
1500 544 1762 612 creditur,
1805 552 1991 614 utpote
2019 544 2103 600 Fi-

510 643 615 696 lius
655 639 895 695 numeris
934 638 1186 693 omnibus
1223 636 1533 709 perfectus,
1565 648 1621 691 et
1666 652 1735 692 ex
1780 637 2103 692 inﬁrmitate

512 746 729 787 rursum
776 727 1067 784 cruciﬁxus
1106 727 1371 783 docetur?
1418 726 1491 784 Ut
1534 742 1753 783 crucem
1802 729 2100 785 secundum

512 826 731 879 carnem
774 821 1033 883 sustinet,
1084 819 1281 875 merito
1329 818 1578 874 inﬁrmus
1616 820 1982 890 praedicatur;
2040 830 2104 877 ut

512 924 693 969 autem
744 914 886 967 Deus
927 921 1029 977 est,
1082 912 1275 980 quavis
1317 910 1635 965 inﬁrmitate
1677 912 1926 981 superior
1958 920 2105 969 recte

512 1004 813 1059 asseritur:
876 1021 895 1054 ι
926 1002 1164 1072 Spiritus
1200 1003 1346 1057 enim
1396 1012 1681 1072 promptus
1712 1011 1815 1071 est,
1847 1019 1976 1058 caro
2009 1019 2104 1057 au-

514 1108 623 1151 tem
669 1097 880 1151 inﬁrma
911 1095 952 1149 ³.
991 1113 1009 1146 ι
1046 1093 1199 1161 Quod
1238 1095 1281 1149 si
1320 1096 1412 1165 qui
1459 1104 1607 1161 sunt,
1648 1097 1741 1166 qui
1773 1095 2106 1153 inﬁrmitatis

516 1190 736 1243 nomine
785 1187 840 1243 id
887 1203 1051 1241 unum
1088 1188 1177 1241 hic
1222 1186 1491 1243 insinuari
1529 1189 1883 1253 contendant,
1913 1204 2107 1259 nempe

515 1280 660 1351 quod
690 1278 890 1351 legales
922 1278 1156 1334 ministri
1188 1293 1295 1333 non
1326 1279 1444 1334 sine
1472 1280 1711 1349 peccatis
1734 1280 1901 1334 vitam
1927 1289 2107 1337 trans-

515 1373 764 1440 igebant;
821 1387 927 1428 non
978 1387 1219 1443 repugno
1268 1371 1420 1443 (imo
1481 1371 1535 1427 in
1594 1372 1737 1428 hanc
1778 1375 2107 1429 sententiam

514 1466 747 1521 libenter
791 1464 1073 1536 concedo)
1110 1460 1255 1521 recte
1307 1466 1409 1520 hoc
1449 1474 1610 1535 pacto
1645 1467 1851 1522 sentire
1874 1466 2108 1523 volenti-

516 1559 637 1614 bus.
678 1557 837 1629 Legis
871 1558 1099 1629 proinde
1140 1557 1373 1613 ministri
1425 1572 1532 1613 non
1580 1574 1709 1628 uno,
1740 1561 1833 1617 sed
1867 1561 2110 1632 pluribus

517 1650 804 1706 sacriﬁciis
831 1650 1171 1722 indigebant,
1198 1660 1408 1720 utquos
1431 1652 1673 1720 quotidie
1701 1661 1811 1708 tam
1844 1669 1944 1725 pro
1968 1655 2106 1725 suis,

517 1759 683 1813 quam
729 1757 827 1814 pro
889 1742 1073 1814 populi
1131 1743 1452 1813 ignorantiis
1504 1742 1702 1801 oﬂ'erre
1750 1747 2108 1815 oporteret‘,

519 1843 811 1903 propterea
863 1833 1120 1915 nimirum
1170 1835 1315 1903 quod
1356 1833 1589 1915 subinde
1629 1834 1682 1889 in
1713 1835 1861 1891 -alias
1894 1846 1949 1893 et
1976 1838 2112 1893 alias

520 1925 865 1980 inﬁrmitates
895 1906 1333 1994 prolaberentur,
1366 1905 1541 1996 quue
1568 1927 1829 1997 languore
1862 1938 2114 1984 teneren-

521 2027 629 2080 tur,
661 2017 830 2085 quiin
868 2016 1149 2087 multiplex
1200 2026 1484 2086 peccatum
1529 2018 1766 2074 abducit.
1802 2018 1898 2074 ille
1932 2029 2111 2084 autem

521 2106 695 2175 major
721 2121 883 2178 quam
915 2106 1004 2178 qui
1050 2122 1278 2176 peccare
1314 2108 1505 2177 possit,
1554 2118 1741 2178 utpote
1775 2109 1940 2176 Deus,
1979 2126 2114 2181 pon-

522 2200 655 2255 tifex
687 2211 873 2255 nOSter
895 2196 1142 2264 eﬁ'ectus,
1185 2213 1250 2254 ac
1281 2187 1577 2261 secundum
1616 2200 1911 2255 humanam
1954 2210 2115 2257 natu-

521 2303 641 2341 ram
699 2287 957 2343 sacerdos
1024 2288 1348 2359 appellatus,
1412 2287 1558 2342 Patri
1629 2304 1787 2343 suum
1838 2289 2115 2360 proprium

521 2395 723 2451 corpus
768 2380 967 2435 obtulit
1008 2391 1066 2436 et
1114 2381 1477 2436 consecravit.
1511 2381 1820 2438 Secundum
1862 2391 2117 2436 naturam

521 2472 751 2542 proinde
802 2473 1043 2528 divinam
1073 2472 1127 2527 in
1174 2484 1456 2543 peccatum
1490 2473 1700 2544 prolabi
1738 2490 1845 2530 non
1881 2485 2118 2545 poterat,

523 2580 651 2619 rum
684 2579 791 2619 non
821 2573 965 2619 esset
997 2576 1204 2620 natura:
1241 2576 1459 2631 creatae,
1493 2582 1615 2635 qua:
1658 2580 1755 2636 per
1792 2580 1985 2621 senon
2022 2568 2119 2621 lia-

2204 545 2496 602 πίστευται
2521 586 2537 612 ,
2569 547 2664 600 καὶ
2706 547 2786 611 ὡς
2814 546 2945 609 Υἱὸς
2980 546 3432 617 τετελειωμένος,
3469 548 3820 619 σταυροῦται

2202 639 2263 692 δὲ
2297 638 2391 692 καὶ⁴
2427 637 2488 704 ἐξ
2532 639 2857 706 άσθενείας;
2889 639 3101 694 Οὐκοῦν
3128 640 3433 694 ἀκόλουθον
3465 641 3706 705 ἐννοεῖν,
3744 642 3823 707 ὡς

2152 768 2162 776 .
2205 729 2474 801 ¹Ιισθείνησε
2517 731 2639 801 μὲν,
2690 730 2976 804 σαρκικῶς
3005 731 3240 802 σταυρὸν
3299 732 3659 803 ὑπομείνας*
3708 732 3824 788 ἐστι

2204 838 2270 890 γε
2313 823 2422 894 μὴν
2467 823 2545 887 ὡς
2585 823 2718 887 Θεὸς
2763 823 2858 877 τοῦ
2907 823 3158 878 ἀσθενεῖν
3196 825 3491 880 ιὶιτέιιεινα⁸
3535 844 3556 878 ι
3600 826 3679 879 Τὸ
3712 825 3823 899 γὰρ

2206 915 2427 986 πνεῦμα
2470 914 2774 986 πρόθυμον,
2808 916 2842 985 ἠ
2870 915 2927 969 δὲ
2964 915 3104 987 σάρξ
3147 914 3407 988 ἀσθενής.
3445 935 3467 968 ›
3529 916 3599 969 Ei.
3649 916 3711 971 δὲ
3759 917 3825 989 δὴ

2208 1006 2446 1076 λέγοιεν,
2498 1010 2600 1078 τὴν
2647 1008 2936 1063 ἀσθένειαν
2977 1010 3038 1063 ὲν
3069 1007 3246 1079 τούτῳ
3288 1009 3370 1079 τῷ
3404 1012 3469 1063 ἐν
3514 1009 3824 1081 ἁμαρτίαις

2207 1095 2349 1154 εἶναι
2397 1098 2593 1169 δηλοῦν
2624 1099 2752 1164 τοὺς
2801 1100 2948 1155 κατὰ
2997 1100 3162 1171 νόμον
3215 1101 3688 1174 ίερατεύονταςά,
3727 1104 3833 1157 οὐκ

2208 1191 2590 1262 ἀντιτάξομαι’
2619 1190 2881 1263 σύμφημι
2906 1191 2965 1245 δὲ
2992 1192 3196 1269 μᾶλλον
3219 1191 3357 1263 ὀρθά
3379 1194 3488 1247 καὶ
3507 1191 3661 1247 οὕτω
3681 1196 3821 1248 νοεῖν

2212 1284 2533 1355 ᾑρημένοις.
2562 1284 2774 1337 Οὐκοῦν
2802 1285 2855 1337 oi
2891 1285 2992 1356 μὲν
3023 1286 3167 1338 κατά
3197 1286 3366 1357 νόμον
3398 1286 3697 1357 ἱερουργοὶ
3725 1286 3821 1340 θυ-

2212 1374 2334 1437 σίας
2364 1373 2597 1447 ἔχρῃζον
2638 1363 2700 1427 ού
2749 1375 2903 1446 μιᾶς.
2939 1373 3206 1429 πλειόνων
3234 1374 3294 1429 δὲ
3327 1375 3573 1446 μᾶλλον,
3623 1375 3723 1430 ἆτε
3759 1377 3822 1450 δὴ

2210 1465 2581 1535 προσάγοντες
2608 1464 2731 1519 καθ’
2754 1466 2972 1537 ἡμέραν
2992 1465 3134 1538 ὺπέρ
3158 1484 3219 1519 τε
3245 1466 3437 1521 αὐτῶν
3472 1468 3573 1520 καὶ
3595 1468 3710 1522 τῶν
3732 1467 3822 1522 τοῦ

2208 1554 2342 1608 λαοῦ
2394 1555 2786 1627 ἀγνοημάτων,
2834 1554 2924 1610 διὰ
2954 1554 3018 1608 τὸ
3045 1554 3369 1619 πλειστάκις,
3397 1553 3684 1619 ἀσθενεῖν,
3731 1554 3825 1608 καὶ

2211 1645 2504 1718 ὑπομένειν
2554 1647 2900 1720 μαλακισμὺν
2942 1648 3037 1704 τὸν
3084 1650 3166 1712 είς
3225 1647 3587 1719 πολύτροπον
3641 1649 3823 1719 ἁμαρ⁴

2211 1739 2334 1792 τίαν
2356 1755 2371 1769 ο
2414 1740 2444 1792 ὁ
2488 1738 2546 1793 δὲ
2596 1740 2864 1811 κρείττων
2898 1740 3174 1812 ἁμαρτίας
3223 1742 3525 1813 ὑπάρχων,
3559 1742 3641 1807 ὡς
3667 1741 3818 1807 Θεὸς,

2219 1832 2664 1904 προσκεκόμικεν
2688 1832 2902 1898 ἑαυτὸν,
2934 1832 3029 1886 καὶ
3051 1831 3278 1902 γέγονεν
3309 1832 3479 1903 ἡμῶν
3502 1834 3821 1905 ἀρχιερεὺς.

2219 1925 2583 1995 ἀνθρωπίνως
2619 1925 2719 1996 μὲν
2752 1924 3049 1995 λεγόμενος
3096 1924 3468 1996 λειτουργεῖν,
3523 1925 3822 1996 ίερατεύων

2219 2018 2279 2072 δὲ
2310 2018 2389 2089 τῷ
2419 2018 2597 2085 Ilath
2618 2019 2681 2071 τὸ
2707 2016 2839 2072 ῖδιον
2868 2018 3049 2090 σῶμα.
3079 2018 3421 2089 Θεοπρεπῶς
3448 2012 3550 2073 οὖν
3580 2019 3691 2089 ἄρα
3721 2036 3821 2072 πα-

2222 2110 2337 2164 θεῖν
2370 2111 2471 2164 ούκ
2509 2111 2765 2181 ἀνέχεται
2798 2111 2898 2183 τὴν
2934 2112 3235 2181 ἁμαρτίαν,
3269 2112 3357 2164 ὅτι
3393 2111 3476 2182 μὴ
3509 2111 3727 2181 φύσεως
3754 2107 3820 2183 ἦν

2220 2203 2483 2275 γενητῆς,
2515 2204 2615 2256 οὐκ
2648 2202 2883 2273 ἐχούσης
2912 2203 3187 2266 ούσιωδῶς
3218 2203 3280 2256 τὸ
3310 2204 3617 2275 ἄτρεπτον,
3641 2205 3737 2258 καὶ
3762 2204 3820 2257 τὸ

2222 2296 2301 2359 εἰς
2327 2294 2475 2348 ἀπαν
2495 2293 2894 2365 διαδιδράσκειν
2910 2293 3175 2349 δύνασθαι
3189 2294 3291 2365 τὴν
3316 2295 3629 2365 ἁμαρτίαν.
3650 2295 3779 2359 Θεὸς
3794 2306 3818 2336 ⁸

2221 2384 2316 2443 οὖν
2348 2386 2456 2459 ἄρα
2503 2388 2621 2442 ἐστὶ
2654 2387 2997 2455 παντέλιιος,
3022 2386 3471 2477 ἀνεπικούρητον
3500 2387 3644 2459 ἔχων
3692 2389 3816 2459 παρ’

2224 2480 2414 2552 ἑτέρου
2443 2482 2507 2535 τὸ
2534 2481 2874 2553 ἀκράδαντον
2909 2483 2990 2547 εἰς
3025 2480 3326 2552 ἁγιασμδν,
3359 2480 3588 2552 φύσεῴς
3610 2498 3670 2535 τε
3695 2497 3816 2553 καρ·

2224 2569 2330 2623 πδν
2359 2570 2495 2634 ἰδίας
2521 2571 2661 2642 ἔχων
2686 2571 3165 2654 τὸ-ἀπλημμελις.

526 2659 619 2712 ὺιιι
665 2655 1186 2722 immutabilitatem,
1234 2671 1334 2710 nec:
1383 2670 1543 2725 posse
1589 2657 1810 2710 omnino
1844 2655 2002 2728 165
2043 2658 2218 2714 vitare
2284 2672 2590 2729 peccatum.
2634 2661 2778 2717 Deus
2822 2663 3008 2731 itaque
3075 2670 3161 2717 est
3222 2662 3473 2719 omniex
3508 2672 3665 2731 parte
3707 2676 3819 2732 per-

527 2751 724 2816 fectus,
758 2760 813 2804 et
852 2750 1001 2804 nullo
1036 2750 1292 2817 praesidio
1334 2750 1558 2822 indiget,
1605 2759 1665 2806 ut
1708 2751 1763 2805 in
1794 2764 1893 2805 sua
1916 2754 2209 2809 sanctitate
2241 2755 2433 2812 ﬁrmus
2501 2755 2782 2827 persistat,
2837 2770 2962 2814 cum
3032 2758 3109 2814 sit
3171 2754 3390 2813 natura:
3415 2757 3538 2827 eius
3584 2756 3818 2827 proprius

526 2846 736 2901 fructus
769 2845 1212 2915 impcccahilitas.

601 2939 787 2996 XLIV.
915 2940 1222 3011 Capitulum
1269 2950 1451 2997 autem
1482 2927 1649 3012 super
1680 2957 1745 2997 ea
1783 2957 1903 3014 qua:
1929 2942 2122 2998 dicun-

2301 2945 2435 3000 ΜΝ.
2488 2966 2507 2998 ι
2541 2945 2854 3015 Κεφάλαιον
2879 2944 2938 2999 δὲ
2969 2944 3064 2998 ἐπὶ
3101 2943 3217 3008 τοῖς
3241 2904 3816 3015 λεγομένοιςίτοιοῦἒ

530 3045 653 3090 tur:
708 3033 895 3091 Talem
927 3036 1188 3092 habemus
1242 3018 1574 3105 pontiﬁcem,
1625 3037 1718 3107 qui
1764 3038 2015 3093 consedit
2067 3035 2124 3090 in

529 3127 757 3183 dextera
785 3127 931 3184 sedis
962 3128 1350 3197 magnitudinis
1386 3127 1441 3183 in
1466 3127 1643 3191 caelis,
1671 3140 1984 3186 sanctorum
2021 3128 2128 3183 mi-

532 3221 726 3287 nister,
757 3229 812 3275 et
845 3219 1180 3275 tabernaculi
1224 3221 1359 3287 veri,
1410 3220 1555 3290 quod
1586 3221 1709 3277 ﬁxit
1755 3219 2038 3286 Dominus,
2074 3232 2131 3276 et

533 3330 640 3368 non
688 3313 854 3369 homo
888 3313 933 3368 '.
975 3331 994 3364 ι
1051 3311 1221 3368 Vetus
1264 3311 1396 3366 illud
1446 3311 1863 3368 tabernaculum
1895 3327 1993 3384 per
2036 3327 2128 3368 sa-

534 3404 938 3473 pientissimum
983 3402 1206 3476 Moysen
1251 3405 1547 3459 indescrto
1596 3404 1991 3461 exaediﬁcatum
2022 3413 2128 3469 est,

534 3497 699 3567 idque
733 3497 799 3552 ad
839 3496 1071 3552 formam
1121 3498 1177 3553 in
1229 3508 1416 3554 monte
1462 3498 1538 3554 illi
1579 3499 2029 3553 demonstratam.
2065 3495 2132 3551 Et

536 3592 758 3661 quidem
792 3588 1010 3646 Veteris
1042 3589 1377 3645 Testamenti
1425 3589 1803 3645 sacerdotibus
1848 3596 1968 3644 erat
2000 3588 2130 3643 illud

537 3682 885 3751 aptissimum
919 3699 932 3735 :
990 3691 1045 3736 at
1093 3696 1223 3737 vero
1262 3679 1633 3735 habitaculum
1680 3680 1901 3736 Christo
1932 3695 2132 3736 convc-

540 3773 698 3828 niens
732 3782 819 3829 est
860 3788 1096 3843 superna
1143 3774 1232 3828 illa
1279 3782 1618 3845 venustaque
1652 3776 1873 3839 civitas,
1908 3773 2013 3828 hoc
2049 3780 2155 3827 est.

540 3866 762 3930 cretum,
795 3863 1037 3920 divinum
1073 3881 1206 3921 sane
1250 3882 1632 3938 summumque
1687 3865 2129 3933 tabernaculum,

543 3972 649 4011 non
694 3956 829 4012 artis
879 3958 1129 4013 humanae
1186 3959 1485 4028 inventum,
1534 3961 1629 4015 sed
1666 3970 1943 4027 sanctum,
2002 3971 2060 4016 ct
2102 3976 2135 4016 a

542 4050 653 4105 lieo
693 4048 1090 4119 fabrefactum;
1144 4051 1197 4106 in
1239 4052 1385 4120 quod
1427 4050 1516 4106 ille
1568 4051 1774 4120 illatus,
1812 4068 1907 4109 eos
1943 4053 2035 4123 qui
2080 4053 2133 4108 in

542 4142 718 4210 ipsum
766 4141 1018 4206 credunt,
1066 4142 1667 4214 sanctiﬁcationemque
1719 4159 1815 4213 per
1867 4140 2135 4214 Spiritum

540 4233 821 4287 consecuti
861 4242 1007 4299 sunt,
1028 4232 1138 4289 Deo
1162 4242 1218 4288 et
1240 4233 1389 4289 Patri
1420 4233 1602 4289 oﬁ‘ert.
1638 4254 1657 4287 ι
1697 4235 1890 4302 Nemo,
1926 4236 2131 4307 inquit,

2228 3054 2322 3092 τον
2347 3038 2543 3109 ἔχομεν
2566 3038 2850 3111 ἀρχιερέα,
2878 3037 2938 3101 ὃς
2967 3036 3221 3092 ἐκάθισεν
3242 3037 3302 3089 ἐν
3327 3034 3497 3106 δεξιᾷ
3516 3032 3614 3088 τοῦ
3643 3031 3820 3103 θρόνου

2229 3128 2331 3199 τῆς
2361 3127 2755 3198 μεγαλωσύνης
2799 3128 2860 3180 ὲν
2902 3129 3018 3190 τοῖς
3046 3126 3318 3197 οὐρανοῖς,
3371 3124 3488 3178 τῶν
3519 3122 3690 3193 ἁγίων
3724 3121 3822 3173 λει-

2229 3218 2483 3290 τουργὸς,
2518 3219 2616 3274 καὶ
2648 3218 2749 3289 τῆς
2780 3218 2989 3289 σκηνῆς
3017 3218 3116 3288 τῆς
3140 3216 3447 3289 ἀληθινῆς,
3482 3216 3552 3287 ἦν
3583 3213 3773 3287 ἔπηξεν
3795 3212 3821 3265 ὁ

2233 3309 2461 3381 Κύριος,
2486 3311 2582 3364 καὶ
2607 3310 2707 3364 οὐκ
2725 3309 3034 3383 ἄνθρωπος.
3058 3328 3076 3362 ι
3099 3309 3412 3379 Ἐγήγερτο
3438 3309 3541 3380 μὲν
3570 3306 3708 3360 κατά
3730 3304 3817 3374 τὴν

2232 3403 2441 3473 ἔρημον
2463 3404 2496 3474 ἠ
2535 3403 2740 3474 ἀρχαία
2766 3403 2943 3473 σκηνὴ
2968 3403 3057 3457 διὰ
3078 3401 3172 3456 τοῦ
3201 3401 3492 3472 πανσόφου
3523 3398 3812 3459 Μωῦσέως.

2233 3494 2535 3566 πεποίηται
2564 3496 2621 3548 δὲ
2652 3494 2797 3550 κατὰ
2826 3495 2919 3548 τὸν
2951 3495 3124 3548 τύπον
3151 3494 3245 3548 τὸν
3281 3495 3574 3566 δειχθέντα
3595 3487 3736 3559 αὐτῷ
3762 3488 3812 3538 ἐν

2233 3586 2314 3658 τῷ
2340 3586 2460 3659 ὄρει
2484 3602 2499 3618 ο
2541 3587 2637 3641 καὶ
2674 3590 2787 3651 τοῖς
2818 3587 2919 3657 μὲν
2953 3585 3098 3654 κατά
3128 3586 3220 3640 τὸν
3251 3587 3424 3658 νόμον
3458 3581 3812 3657 ίερατεύονσιν

2234 3680 2422 3750 ἐκείνη
2470 3681 2940 3752 πρεπωδεστάτη·
2991 3680 3318 3751 ἐνδιαίτημα
3373 3680 3433 3734 δὲ
3480 3678 3560 3749 τῷ
3610 3669 3811 3746 Χριστῷ

2236 3772 2449 3843 πρέπον
2477 3789 2538 3826 τε
2571 3771 2666 3826 καὶ
2696 3771 2874 3835 ἐοικὸς
2903 3773 2936 3842 ἠ
2970 3774 3081 3827 ἀνω
3121 3772 3466 3835 καλλίπολις,
3495 3767 3762 3823 τουτέστιν
3787 3761 3811 3812 ό

2235 3864 2487 3935 οὐρανὸς,
2522 3866 2558 3935 ὴ
2587 3863 2711 3919 θεία
2741 3882 2802 3919 τε
2842 3866 2936 3919 καὶ
2961 3865 3226 3919 ἀνωτάτω
3259 3862 3461 3935 σκηνὴ,
3488 3861 3584 3916 καὶ
3603 3859 3699 3912 οὐκ
3726 3854 3809 3906 ἀν·

2238 3956 2519 4029 θρωπίνης
2542 3956 2757 4028 εὕρεμα
2785 3957 3006 4028 τέχνης,
3040 3957 3156 4013 ἀλλ’
3188 3956 3310 4028 ίερά
3344 3957 3443 4011 καὶ
3486 3953 3805 4007 θεότευκτος-

2251 4049 2401 4103 Ἐκεῖ
2426 4048 2667 4118 γεγονὼς
2696 4049 3060 4120 προσκομίζει
3105 4048 3185 4120 τῷ
3225 4047 3346 4120 Θεῷ
3377 4048 3475 4100 καὶ
3499 4042 3670 4114 Harp!
3698 4036 3809 4097 τοὺς

2240 4143 2323 4202 είς
2348 4139 2509 4194 αὐτὸν
2558 4137 2939 4204 πιστεύοντας,
2980 4138 3353 4210 ἡγιασμένους
3380 4136 3440 4190 δὲ
3469 4130 3707 4205 δηλονότι
3732 4121 3811 4177 διὰ

2238 4230 2334 4284 τοῦ
2375 4229 2717 4299 [Ινεύματος.
2751 4248 2770 4281 ι
2809 4228 3005 4292 Ούδεὶς-
3043 4228 3154 4300 γὰρ
3189 4227 3435 4298 ἔρχεται,
3483 4222 3648 4292 φησὶ,
3688 4211 3810 4282 πρὸς

542 4325 695 4379 venit
731 4323 798 4378 ad
836 4322 1073 4391 Patrem,
1116 4325 1220 4381 nisi
1266 4341 1364 4397 per
1395 4342 1480 4383 me
1510 4328 1553 4385 °.
1593 4346 1612 4381 ι
1647 4327 1953 4383 Istiusmodi
2002 4342 2122 4399 ergo

2242 4323 2332 4377 τὸν
2363 4322 2586 4394 Πατέρα
2614 4362 2629 4387 ,
2663 4322 2713 4374 εί
2744 4322 2820 4393 μὴ
2848 4321 2915 4375 δι’
2961 4320 3120 4392 ἐμοῦ.
3157 4340 3177 4373 ι
3213 4321 3327 4374 Καὶ
3357 4311 3516 4379 οὗτος
3547 4308 3691 4379 αὐτῷ
3723 4304 3810 4399 τῆς

545 4414 689 4470 illius
714 4424 799 4471 est
826 4415 1211 4481 ministerium,
1236 4417 1304 4472 de
1331 4430 1441 4487 quo
1471 4416 1559 4473 hic
1589 4417 1819 4488 agimus.
1855 4415 1921 4473 Et
1949 4432 2135 4487 quam-

542 4508 625 4563 vis
657 4522 746 4565 res
783 4507 895 4563 haec
922 4507 1145 4577 nostris,
1178 4509 1283 4565 hoc
1311 4518 1417 4575 est,
1453 4510 1706 4565 humanis
1736 4508 1919 4564 verbis
1947 4510 2132 4580 expri-

549 4610 757 4665 matur,
795 4609 880 4656 est
915 4608 1097 4657 tamen
1144 4601 1435 4657 admodum
1489 4601 1691 4657 divina.
1720 4602 1938 4668 Annon,
1973 4600 2134 4657 obse-

542 4707 660 4760 cro,
704 4692 951 4748 divinum
992 4690 1249 4762 quiddam
1299 4703 1404 4762 est,
1431 4694 1715 4750 credentes
1746 4693 1967 4765 proprio
2008 4691 2137 4763 Spi-

545 4788 652 4839 ritu
696 4799 863 4854 posse
909 4784 1289 4852 sanctillcare;
1338 4783 1824 4853 misericordiaque
1865 4792 1921 4838 et
1962 4784 2139 4854 gratia

544 4873 889 4942 iustiﬁcatos,
940 4876 1141 4931 mundo
1200 4886 1498 4942 emortuos,
1552 4873 1759 4946 Spiritu
1816 4874 2139 4941 viviﬁcatos,

548 4966 659 5019 vita
686 4965 904 5021 tandem
958 4981 1284 5039 morumque
1314 4969 1601 5025 honestate
1629 4968 1955 5038 conspicuos
2027 4967 2140 5025 Deo

547 5055 768 5123 otl‘erre,
821 5069 875 5113 et
897 5062 1052 5129 quasi
1083 5062 1446 5117 consecrare?
1485 5060 1638 5130 Quod
1678 5072 1861 5119 autem
1888 5062 1907 5133 (
1934 5061 2136 5118 etiam-

546 5151 591 5203 si
627 5150 945 5207 ministrare
989 5153 1243 5224 dicatur)
1284 5154 1448 5210 Patre
1490 5170 1666 5226 neque
1698 5157 1876 5212 minor
1905 5156 2000 5221 sit,
2039 5170 2135 5211 ne-

547 5256 655 5311 que
694 5242 881 5313 gloria:
911 5242 1056 5299 illius
1086 5244 1193 5299 ulla
1222 5260 1289 5301 ex
1331 5255 1484 5315 parte
1517 5247 1697 5313 cedat,
1742 5247 1797 5304 id
1843 5249 1968 5304 inde
1993 5246 2141 5303 clare

549 5344 805 5390 censure
876 5345 1074 5405 potest,
1138 5335 1283 5406 quod
1336 5335 1532 5392 divina:
1584 5337 1887 5405 maiestatis
1939 5338 2137 5394 solium

626 5482 647 5515 ³
673 5489 865 5547 Matth.
898 5509 1049 5556 xxvi.
1076 5495 1165 5549 4i.
1244 5495 1267 5527 ⁵
1293 5495 1460 5551 Hebr.
1490 5512 1586 5560 vn,
1614 5495 1707 5550 9.7.
1784 5497 1806 5529 '
1844 5497 2011 5554 Hebr.
2040 5512 2161 5557 vm.
2194 5499 2244 5567 Ι,
2276 5494 2330 5551 2.

2245 4415 2438 4469 ἐνθάδε
2469 4393 2773 4486 λεγομένης
2805 4413 3153 4485 λειτουργίας
3184 4414 3214 4466 ό
3246 4410 3471 4482 τρόπος.
3517 4393 3811 4472 Θεοπρεπὲς

2244 4508 2302 4562 δὲ
2336 4508 2399 4561 τὸ
2427 4506 2645 4578 χρῆμα,
2690 4505 2792 4560 κᾶν
2821 4506 2871 4558 εἰ
2904 4506 3015 4569 τοῖς
3050 4503 3173 4558 καθ’
3204 4504 3375 4574 ἡμᾶς,
3406 4501 3576 4571 ἤγουν
3618 4490 3811 4559 ἀνθρω-

2247 4600 2425 4663 πίνοις
2461 4600 2783 4671 σημαίνοιτο
2810 4597 3013 4668 λόγοις.
3045 4597 3119 4650 Τδ
3153 4595 3263 4666 γὰρ
3297 4594 3548 4664 άγιάζειν
3574 4578 3811 4671 δύνασθαι

2246 4692 2326 4765 τῷ
2363 4693 2477 4764 ἰδίῳ
2507 4664 2793 4763 ᾗνεύματι
2831 4664 2960 4752 τοὺς
3009 4664 3371 4751 πιστεύοντας
3393 4725 3409 4749 ,
3441 4681 3576 4751 ἐλέῳ
3602 4664 3812 4767 καὶᾼχά·

2249 4760 2361 4858 ρίτι
2392 4760 2853 4854 δεδικαιωμένους
2878 4820 2894 4846 ,
2949 4780 3044 4833 καὶ
3075 4776 3187 4833 οἷον
3220 4775 3527 4849 ἱερουργεῖν
3570 4760 3807 4865 etEt—95¢}

2248 4878 2443 4950 κόσμῳ
2473 4877 2573 4947 μὲν
2599 4875 3069 4946 ἀποθνήσκοντας,
3089 4871 3351 4938 ζωοποιου
3360 4867 3557 4940 μένους
3580 4860 3635 4913 δὲ
3653 4858 3809 4957 Πλθξῡ·

2254 4943 2426 5040 ματι,⁷
2449 4943 2545 5022 καὶ
2571 4968 2653 5030 εἰς
2677 4943 2971 5034 εὐδόκιμον
3001 4961 3220 5033 ἀληθῶς
3243 4958 3664 5040 ἀναλάμποντας
3687 4943 3807 5013 βίον,

2248 5059 2366 5123 πῶς
2395 5060 2497 5113 οὐκ
2522 5057 2589 5113 ἂν
2617 5056 2704 5130 εἴη
2731 5056 3070 5130 θεοπρεπές;
3101 5056 3225 5109 Ὀτι
3245 5054 3324 5118 δὲ,
3346 5050 3521 5106 καίτοι
3543 5039 3808 5134 λεγόμενξκ

2246 5153 2607 5223 λειτουργεῖν,
2659 5149 2723 5204 ού
2775 5151 2945 5221 μείων
2988 5148 3109 5203 ἐστὶ
3152 5146 3245 5202 τοῦ
3280 5141 3514 5213 Πατρὸς,
3559 5131 3676 5187 οὔτε
3715 5131 3807 5195 μην

2248 5246 2478 5300 κατόπιν
2505 5244 2730 5316 ἔρχεται
2770 5245 2869 5313 τῆς
2903 5241 3132 5311 ἐνούσης
3153 5238 3407 5300 εὐκλείας
3454 5227 3625 5316 αὖτῷςᾲ
3657 5229 3807 5316 “PT

2249 5299 2637 5391 αποδείκνύσῖν
2671 5299 2918 5407 ἐναργίῖις
2947 5333 3011 5387 τὸ
3037 5299 3150 5396 τοῖς
3201 5330 3367 5392 θείοις
3388 5299 3566 5381 αὑτὸν
3610 5299 3803 5377 ἐνιδρῦ-

2444 5495 2465 5526 ⁶
2499 5494 2654 5551 Joan.
2687 5509 2799 5562 xw,
2830 5492 2884 5549 6.

1645 5628 1821 5686 Varia:
1845 5631 2106 5691 lectiones
2129 5631 2334 5691 codicis
2360 5629 2720 5703 Seguieriani.

626 5760 649 5798 ἀ
686 5760 1122 5832 ίερουργοῦντας,
1160 5758 1302 5834 [vel]
1327 5761 1698 5832 ίερατοῦντας.
1777 5772 1802 5801 ⁸
1836 5761 1980 5826 Υἱός.
