4076 6416
330 371 466 443 tim

1143 385 1238 441 AD
1277 383 1584 444 REGINAS
1622 385 1711 440 DE
1752 382 1981 441 RECTA
2020 382 2178 439 FIDE
2218 383 2482 441 ORATIO
2521 382 2823 439 ALTERA;

3466 372 3607 433 1398

329 504 457 561 σθαι
484 503 685 571 θώκοις
708 543 726 572 ,
754 507 851 561 καὶ
883 507 942 561 έν
966 507 1117 579 δεξιᾷ
1149 508 1427 582 καθῆσθαι
1455 506 1550 563 τοῦ
1577 507 1913 579 Γεγεννηκό-
1942 556 1946 566 .

2026 506 2278 575 obtineat,
2330 517 2495 577 alque
2557 506 2695 561 adeo
2737 502 2839 575 ipsi
2881 501 3027 558 Patri
3075 496 3602 556 dextera-assideat.

327 616 441 663 τος.
473 598 539 651 Ei
571 598 682 670 γάρ
720 600 869 654 ἔστιν
902 599 1121 671 ἀληθὲς,
1174 603 1265 656 ὅτι
1298 603 1421 665 πᾶς’
1461 602 1641 670 ἱερεὺς
1681 600 1914 671 ἔστηκεν

330 689 416 743 ἀεὶ
463 689 816 761 λειτουργῶν,
858 692 953 747 καὶ
990 694 1093 746 οὐκ
1138 693 1206 747 ἂν
1250 693 1425 748 νοοῖτό
1476 711 1608 746 ποτε
1656 691 1917 762 σύνεδρός

326 797 388 834 τε
416 781 513 836 καὶ
548 782 798 853 ίσοκλεὴς
828 777 985 856 ᾧπερ
1011 784 1078 839 ἂν
1106 784 1427 858 λατρεύσειε
1458 783 1601 855 Θεῷ,
1655 783 1776 849 πῶς
1814 784 1917 837 οὐκ

330 873 618 945 ἀσυνήθης
664 874 951 946 ίερουργδς
983 877 1013 929 6
1052 878 1311 947 Χριστὸς,
1346 878 1377 931 6
1419 877 1514 931 καὶ
1563 878 1622 930 ὲν
1661 878 1777 935 τοῖς
1817 876 1918 947 τῆς

330 964 590 1035 θεότητος
650 964 851 1033 θώκοις
901 968 979 1033 ὡς
1032 969 1205 1033 Θεὸς,
1269 970 1365 1023 καὶ
1417 968 1753 1041 λειτουργῶν
1821 969 1918 1024 ἀν-

330 1058 657 1129 θρωπίνως;
690 1061 755 1113 Εί
786 1060 843 1114 δὲ
872 1060 935 1132 δή
961 1078 1046 1125 τις
1074 1061 1224 1130 λέγοι
1270 1060 1627 1131 συκοφαντῶν
1655 1060 1755 1133 τὴν
1787 1060 1919 1133 ἀλή-

330 1148 506 1214 θειαν,
531 1149 614 1203 δτι
635 1151 745 1204 Ναὶ
768 1151 1064 1205 κεκάθικεν
1092 1155 1151 1206 ὲν
1176 1151 1331 1224 δεξιᾷ
1351 1152 1446 1206 τοῦ
1478 1152 1696 1225 Πατρὸς
1733 1152 1919 1217 ίδικῶς

329 1243 619 1315 ἄνθρωπος
663 1244 1018 1315 συνημμένος
1044 1244 1122 1317 τῷ
1152 1244 1270 1316 Θεῷ
1299 1245 1442 1300 κατά
1476 1246 1645 1317 μόνην
1675 1243 1776 1317 τὴν
1806 1244 1919 1298 ίσό-

2019 595 2078 654 Si
2131 600 2277 654 enim
2323 612 2512 653 verum
2575 605 2660 651 est
2711 593 2925 650 omnem
2976 591 3199 648 omnino
3268 587 3605 644 sacerdotem

2018 698 2185 755 stare,
2230 696 2289 743 ut
2331 685 2663 742 sacriﬁcium
2702 682 2971 749 olTerat';
3015 695 3189 751 neque
3241 679 3483 734 assidere
3514 683 3608 730 aut

2018 782 2167 851 paris
2195 794 2431 850 unquam
2464 778 2650 850 gloriae
2676 792 2798 833 cum
2833 775 2965 841 Deo,
2994 774 3079 830 cui
3109 772 3402 836 sacrificat,
3444 767 3607 824 intel—

2019 875 2110 945 ligi
2155 882 2327 944 potest
2354 890 2370 928 :
2401 886 2512 943 quo
2560 878 2721 942 pacto
2749 867 3000 924 Christus
3033 880 3173 921 novo
3223 864 3383 918 modo
3414 873 3604 916 sacer-

2021 965 2169 1020 dotio
2212 977 2319 1019 non
2371 962 2632 1034 fungitur,
2673 960 2764 1031 qui
2808 960 2882 1015 ita
2912 969 2971 1013 ut
3013 958 3177 1013 homo
3204 954 3498 1016 ministrat,
3549 958 3608 1004 ut

2022 1067 2203 1114 tamen
2234 1057 2289 1113 in
2336 1055 2640 1111 divinitatis
2672 1053 2822 1111 soliis
2861 1049 3189 1108 consideat?
3221 1047 3374 1114 Quod
3404 1046 3448 1101 si
3483 1043 3604 1115 quis

2022 1152 2305 1222 improbus
2344 1149 2603 1205 adversus
2638 1148 2925 1203 veritatem
2961 1141 3295 1216 sycophanta
3333 1139 3607 1194 hominem

2021 1244 2319 1302 secundum
2371 1241 2543 1299 solam
2584 1239 2864 1312 dignitatis
2895 1236 3265 1307 aequalitatem
3312 1232 3423 1288 Deo
3471 1245 3608 1286 con-

328 1352 472 1406 τητα
496 1336 594 1407 τῆς
621 1336 779 1401 ἀξίας
801 1352 817 1368 ·
856 1337 1042 1393 οὐκέτι
1083 1339 1251 1409 μόνης
1285 1335 1427 1392 εἷναί
1456 1356 1590 1409 φησι
1616 1339 1717 1410 τῆς
1757 1337 1921 1407 ἁγίας

2026 1334 2303 1405 iunctum,
2324 1333 2393 1388 ad
2424 1331 2602 1388 Patris
2643 1331 2920 1387 dexteram
2955 1327 3239 1384 considere
3284 1321 3603 1385 contendat,

332 1424 376 1478 Τ
382 1425 567 1493 ριάδος
613 1426 707 1479 τὸν
770 1427 1034 1482 ἀνωτάτω
1085 1427 1183 1483 καὶ
1240 1429 1381 1502 μόνῃ
1432 1428 1570 1501 αὐτῇ
1637 1428 1922 1500 πρέποντα

330 1519 543 1590 θρόνον,
570 1520 688 1573 ἀλλ’
712 1519 817 1590 ἢδη
844 1538 930 1585 τις
959 1522 1096 1593 ἡμῖν
1121 1521 1385 1593 τέταρτος
1411 1523 1613 1601 οὑτοσὶ,
1664 1524 1921 1595 πρόσφα-

329 1611 424 1676 τός
467 1628 528 1665 τε
567 1611 664 1665 καί⁵
693 1613 923 1681 γενητὸς
972 1616 1385 1687 ὲπεισκρίνεται
1436 1617 1591 1681 Θεὸς,
1643 1616 1782 1687 μετά
1821 1616 1923 1690 τὴν

329 1703 618 1773 ὁμοούσιον
647 1702 742 1756 καὶ
775 1704 939 1772 ἀγίαν
966 1705 1195 1777 Τριάδα.

2023 1429 2071 1483 is
2100 1441 2232 1482 sane
2265 1433 2496 1491 asseret,
2533 1439 2643 1480 non
2690 1422 2924 1492 amplius
2963 1419 3130 1475 solius
3170 1422 3374 1472 sanctae
3418 1411 3607 1468 Trini-

2026 1519 2154 1574 tatis
2175 1532 2297 1573 esse
2320 1531 2631 1587 supremum
2653 1515 2825 1578 illum,
2844 1522 3008 1583 atque
3030 1510 3132 1581 ipsi
3152 1506 3251 1564 soli
3275 1506 3609 1563 convenien-

2026 1618 2133 1666 tem
2159 1610 2321 1682 166
2356 1610 2632 1664 thronum.
2655 1607 2761 1663 Sed
2785 1607 2895 1675 jam
2930 1612 3155 1674 quartus
3184 1600 3406 1671 quidam
3425 1596 3609 1662 nobis,

2025 1717 2216 1758 recens
2245 1713 2299 1757 et
2332 1700 2503 1756 factus
2538 1696 2901 1754 introducitur
2950 1696 3111 1760 Deus,
3143 1700 3340 1762 praeter
3373 1687 3610 1747 consub-

2027 1793 2337 1850 stantialem
2363 1801 2418 1847 et
2446 1798 2694 1847 sanctam
2722 1787 3070 1843 Trinitatem.

400 1881 536 1935 ME'.
584 1900 602 1932 ι
636 1882 875 1952 Χριστὸς
897 1882 956 1937 δὲ
992 1884 1442 1956 παραγενόμενος
1475 1886 1771 1957 ἀρχιερεὺς
1806 1886 1917 1942 τῶν

2096 1884 2260 1941 XLV.
2310 1901 2330 1936 ι
2364 1883 2613 1940 Christus
2648 1889 2829 1936 autem
2887 1878 3149 1933 assistens
3194 1872 3436 1945 pontifex
3468 1870 3615 1924 lutu-

332 1971 640 2039 μελλόντων
671 1972 916 2040 ἀγαθῶν,
947 1973 1037 2029 διά
1061 1976 1161 2046 τῆς
1196 1977 1443 2046 μείζονος
1459 1978 1554 2031 καὶ
1573 1976 1919 2050 τελειοτέρας

330 2066 574 2133 σκηνῆς,
620 2065 682 2118 οὐ
723 2067 1132 2136 χειροποιήτου,
1164 2068 1445 2122 τουτέστιν
1479 2069 1542 2122 οὐ
1576 2070 1780 2140 ταύτης
1818 2070 1919 2140 τῆς

330 2156 587 2221 κτίσεως,
634 2156 758 2211 οὑδὲ
801 2158 870 2212 δι’
911 2159 1149 2229 αἵματος
1182 2160 1409 2232 τράγων
1438 2162 1532 2215 καὶ
1564 2162 1803 2232 μόσχων,
1828 2161 1919 2216 διὰ

326 2248 387 2301 δὲ
424 2247 521 2301 τοῦ
551 2249 686 2302 ἰδίου
719 2249 954 2320 αἵματος
982 2252 1236 2323 είσῆλθεν
1274 2251 1498 2324 ἐφάπαξ
1538 2255 1619 2319 είς
1659 2254 1728 2308 τὰ
1761 2254 1914 2324 ἀγια,

328 2339 554 2393 αἰωνίαν
588 2339 860 2412 λύτρωσιν
903 2343 1224 2416 εὑράμενος.
1269 2365 1289 2398 ι
1331 2345 1466 2399 Τίνα
1498 2345 1555 2399 δὲ
1595 2347 1797 2417 τρόπον
1830 2347 1919 2402 διὰ

328 2431 429 2498 τῆς
488 2430 737 2501 μείζονος
772 2434 871 2486 καὶ
918 2434 1266 2507 τελειοτέρας
1300 2438 1508 2509 σκηνῆς
1556 2437 1784 2506 γέγονεν
1833 2438 1918 2508 ἐφ’

330 2523 480 2590 ⁴ἡμᾶς
521 2524 551 2576 6
598 2523 805 2596 Κύριος
849 2526 1009 2597 ἡμῶν
1066 2527 1275 2599 Ἰησοῦς
1322 2529 1559 2600 Χριστὸς
1603 2531 1917 2603 ἀρχιερεὺς,

330 2615 728 2685 προαπέδειξεν
776 2619 911 2689 ἡμῖν
966 2620 1170 2690 ἀρτίως
1217 2622 1246 2673 6
1292 2620 1476 2689 λόγος.
1534 2622 1656 2674 Ὀτι
1712 2621 1771 2677 δὲ
1821 2622 1922 2694 τῆς

334 2707 648 2780 ἱερουργίας
679 2709 708 2762 6
735 2709 944 2780 τρόπος
960 2710 1136 2781 αὐτῷ,
1168 2711 1267 2765 κα)⁵
1300 2712 1545 2783 ἀμείνων
1573 2714 1923 2785 ἀσυγκρίτως

328 2798 431 2868 τῆς
466 2799 610 2854 κατά
642 2801 733 2853 τὸν
766 2800 954 2871 νόμον,
1012 2802 1111 2855 καὶ
1165 2802 1303 2879 πολὺ
1351 2803 1473 2857 λίαν
1523 2805 1923 2876 ὑπερκείμενος

329 2891 441 2945 τῶν
473 2891 549 2956 ὡς
586 2893 646 2947 ὲν
688 2891 845 2963 τύπῳ
877 2893 977 2946 καὶ
1027 2895 1155 2964 σκιᾷ
1202 2894 1322 2966 (καὶ
1364 2896 1474 2966 γάρ
1513 2897 1663 2949 ἐστιν
1696 2897 1858 2961 αὐτὸς
1885 2900 1919 2969 ἡ

332 2978 562 3049 ἀλήθεια
595 2982 692 3035 κα)⁹
727 2980 788 3035 τὸ
816 2982 1049 3052 ἄμωμον
1084 2983 1326 3053 ἱερεῖον),
1369 2983 1695 3037 ἐνδοιάσειεν
1725 2985 1793 3039 ἂν
1826 2987 1921 3039 ού-

330 3068 464 3133 δείς.
517 3071 799 3143 Ἐπιτήρει
851 3072 941 3136 δὲ,
1003 3073 1154 3137 ὅπως
1193 3092 1212 3124 ι
1275 3073 1334 3126 '0
1381 3072 1712 3142 ἀξιάγαστος
1760 3075 1920 3145 ἡμῶν

333 3162 651 3234 ἀρχιερεὺς,
684 3163 745 3227 ὃς
782 3162 1037 3218 ἐκάθισεν
1066 3166 1124 3218 ὲν
1156 3163 1309 3236 δεξιᾷ
1333 3163 1430 3217 τοῦ
1472 3163 1666 3236 θρόνου
1693 3165 1793 3236 τῆς
1826 3182 1922 3236 με·

333 3254 660 3327 γαλωσύνης
692 3257 751 3309 ὲν
784 3258 900 3319 τοῖς
936 3256 1207 3328 οὐρανοῖς,
1248 3257 1339 3310 διὰ
1380 3257 1475 3311 τοῦ
1519 3257 1652 3312 ίδίου
1693 3258 1925 3329 αἵματος

2028 1993 2212 2035 rerum
2246 1977 2511 2032 bonorum
2533 2015 2550 2042 ,
2606 1987 2702 2044 per
2730 1970 2964 2042 amplius
2996 1978 3053 2024 et
3111 1966 3405 2038 perfectius
3439 1963 3615 2017 taber-

2030 2070 2279 2126 naculum
2319 2082 2425 2123 non
2458 2065 2825 2121 manufactum
2847 2103 2864 2131 ,
2900 2063 3100 2126 idest,
3136 2075 3243 2114 non
3272 2057 3431 2128 hujus
3458 2070 3616 2111 crea-

2028 2163 2234 2229 tionis;
2272 2175 2447 2231 neque
2481 2173 2578 2229 per
2628 2154 2951 2227 sanguinem
3008 2152 3284 2207 hircorum
3323 2157 3380 2204 et
3419 2145 3614 2202 vitulo-

2010 2271 2146 2310 rum
2174 2296 2189 2321 ,
2220 2253 2313 2309 sed
2348 2266 2446 2323 per
2475 2248 2753 2322 proprium
2792 2244 3110 2318 sanguinem
3159 2241 3405 2298 introivit
3444 2237 3617 2295 semel

2029 2349 2084 2405 in
2152 2354 2339 2402 saneta
2369 2383 2385 2409 ,
2416 2352 2619 2398 aeterna
2680 2339 3055 2409 redemptione
3105 2334 3320 2389 inventa
3342 2334 3443 2386 ⁸.·›
3497 2329 3614 2398 Qua

2029 2440 2240 2496 ratione
2291 2436 2548 2491 Dominus
2596 2441 2780 2487 noster
2830 2430 2990 2485 Jesns
3018 2427 3267 2483 Christus
3296 2440 3392 2496 per
3441 2423 3615 2492 majus

2029 2543 2084 2587 et
2129 2528 2425 2601 perfectius
2503 2521 2909 2599 tabernaculum
2985 2521 3306 2588 ingressus,
3372 2511 3613 2586 pontifex

2030 2630 2218 2677 noster
2238 2616 2545 2683 exstiterit,
2574 2615 2737 2669 verba
2767 2611 2928 2667 modo
2952 2609 3175 2663 recitata
3209 2606 3429 2676 planum
3461 2603 3616 2659 nobis

2031 2712 2259 2769 l'acinnt.
2307 2708 2459 2775 Quod
2517 2714 2700 2760 autem
2754 2699 3045 2758 sacerdotii
3100 2697 3243 2753 illius
3275 2696 3408 2750 ritus
3453 2692 3615 2765 legali

2031 2801 2337 2862 sacerdotio
2368 2797 2590 2854 omnino
2625 2791 2968 2865 praestiterit,
3001 2790 3403 2861 plurimumque
3433 2801 3496 2841 ea
3519 2799 3617 2839 ex-

2030 2892 2279 2948 celluerit
2327 2901 2449 2956 quae
2495 2892 2701 2938 tantum
2756 2882 2811 2936 in
2845 2879 3035 2934 umbra
3086 2885 3138 2933 et
3198 2876 3365 2947 tigura
3396 2875 3617 2931 contin—

2030 2979 2427 3054 gebantlipse
2462 2974 2606 3031 enim
2664 2987 2762 3043 per
2810 2985 2871 3027 se
2907 2984 3038 3026 vera
3088 2968 3180 3023 illa
3234 2976 3287 3022 et
3336 2965 3616 3036 impolluta

2029 3074 2207 3130 hostia
2237 3069 2516 3137 exstitit),
2547 3078 2708 3121 nemo
2736 3103 2752 3130 ,
2799 3065 3030 3135 opinor,
3065 3060 3276 3116 inﬁcias
3307 3058 3483 3114 iverit.
3513 3057 3618 3113 0b-

2029 3178 2183 3221 serva
2219 3162 2306 3216 hic
2347 3169 2528 3214 autem
2582 3154 2904 3227 praeclarum
2958 3152 3108 3207 illum
3146 3159 3200 3206 et
3237 3146 3612 3204 admirabilem

2032 3277 2053 3311 ι
2099 3254 2417 3312 Pontilicem
2464 3260 2713 3308 nostrum
2742 3287 2757 3315 ,
2794 3246 2884 3316 qui
2914 3245 2969 3300 in
3019 3244 3244 3300 dextera
3293 3239 3474 3297 throni
3504 3253 3622 3292 ma-

333 3345 589 3413 εξσῆλθεν
623 3347 842 3416 ἐφάπαξ
888 3350 969 3411 είς
1014 3348 1083 3403 τά
1111 3347 1266 3418 ἅγια,
1310 3348 1581 3421 λύτρωσιν
1614 3351 1926 3423 εὑράμενος

2026 3348 2237 3420 iestatis
2268 3346 2361 3401 Dei
2388 3346 2541 3400 sedet
2576 3342 2633 3397 in
2673 3339 3012 3405 caelestibus,
3055 3351 3154 3408 per
3182 3333 3460 3406 proprium
3488 3345 3620 3387 san-

335 3439 586 3494 αίωνίαν.
630 3458 649 3491 ι
687 3438 814 3503 Πῶς
840 3434 933 3494 οὖν
965 3442 993 3494 6
1024 3443 1082 3495 έν
1111 3441 1261 3514 δεξιᾷ
1291 3442 1383 3497 τοῦ
1409 3443 1627 3514 Πατρὸς
1665 3446 1743 3508 ὡς
1770 3442 1924 3509 Θεὸς,

339 3529 469 3583 ἴδιον
503 3529 649 3601 ἔχειν
682 3526 823 3602 αἷμα
855 3532 1054 3602 λέγοιτ’
1108 3534 1198 3600 ἂν,
1232 3536 1282 3589 εί
1333 3534 1409 3607 μὴ
1452 3536 1925 3608 πεπιστεύκαμεν,

336 3622 422 3676 ὅτι
450 3625 478 3676 6
506 3623 572 3676 ἐκ
600 3623 738 3678 Θεοῦ
769 3626 985 3698 Πατρὸς
1014 3626 1158 3686 κατά
1198 3628 1361 3699 φύσιν
1388 3628 1521 3693 Υίδς
1544 3629 1928 3703 κεχρημάτικε

336 3717 436 3767 καὶ
467 3714 597 3778 Υἱὸς
620 3715 934 3789 ἀνθρώπου,
960 3714 1065 3774 ’καὶ
1093 3720 1156 3774 τὺ
1189 3721 1320 3774 ῐδιον
1359 3716 1500 3792 αἷμα
1537 3723 1638 3794 τῆς
1670 3724 1931 3778 ἁπάντων

338 3805 488 3877 ζωῆς
521 3807 881 3878 ἀντάλλαγμα
924 3809 1072 3874 δοὺς,
1116 3811 1324 3881 ταύτην
1367 3812 1570 3884 εὕρατο
1614 3812 1693 3884 τῷ
1736 3814 1929 3886 κόσμῳ

336 3899 438 3970 τὴν
465 3900 548 3963 εἰς
594 3899 770 3954 αἰῶνα
798 3898 1098 3971 λύτρωσιν;
1146 3903 1222 3955 Οὐ
1251 3902 1363 3974 γάρ
1401 3920 1504 3957 που
1539 3905 1674 3975 φαίη
1704 3922 1789 3969 τις
1835 3905 1926 3972 ἀν,

336 3991 414 4055 ὡς
444 3986 514 4063 ἦν
544 3990 840 4045 ἀκόλουθόν
879 4009 941 4045 τε
968 3992 1065 4046 καὶ
1100 3993 1335 4064 πρέπον,
1391 3995 1644 4067 καθάπερ
1688 3998 1750 4052 ὲν
1777 3997 1928 4064 τάξει

336 4084 449 4138 τῶν
479 4084 689 4154 ἀλόγων
715 4084 872 4150 ζώων
900 4085 1202 4155 σφάζεσθαι
1235 4087 1557 4153 πλειστάκις
1586 4089 1679 4143 τὸν
1716 4089 1928 4162 Ἐμμα-

338 4175 526 4245 νουήλ,
577 4177 932 4250 ἀποχρῶντος
978 4179 1060 4242 είς
1111 4178 1384 4250 λύτρωσιν
1433 4179 1538 4251 τῆς
1582 4179 1675 4234 ὑπ’
1699 4182 1930 4253 οὐρανὸν

2025 3442 2244 3514 guinem
2294 3435 2463 3493 semel
2515 3441 2729 3489 tantum
2779 3431 2833 3487 in
2869 3439 3058 3485 sancta
3105 3425 3361 3482 introisse
3393 3463 3409 3490 ,
3461 3431 3621 3477 aeter-

2027 3512 2266 3602 namque
2312 3528 2741 3598 redemptionem
2775 3522 3070 3578 invenisse.
3105 3536 3125 3571 ι
3167 3518 3235 3573 At
3260 3513 3529 3587 quomodo
3551 3512 3618 3576 is,

2028 3623 2118 3693 qui
2156 3630 2217 3676 ut
2273 3619 2415 3675 Deus
2463 3616 2575 3672 Deo
2618 3612 2769 3670 Patri
2796 3611 2856 3668 in
2917 3610 3142 3666 dextera
3198 3606 3441 3673 assidet,
3492 3618 3623 3673 pro-

2028 3715 2206 3787 prium
2235 3710 2557 3782 sanguinem
2608 3707 2807 3764 habere
2843 3711 2991 3760 recte
3036 3701 3140 3759 dici
3193 3707 3408 3770 potest,
3442 3697 3488 3753 si
3534 3710 3626 3749 na-

2027 3806 2260 3860 turalem
2317 3803 2411 3858 Dei
2450 3800 2669 3863 Filium,
2703 3796 2939 3852 hominis
2989 3805 3210 3863 quoque
3253 3790 3422 3845 lilium
3452 3787 3627 3842 exsti-

2032 3899 2162 3953 tisse
2192 3937 2208 3962 ,
2257 3892 2649 3964 propriumque
2689 3882 3286 3954 sanguinem-pretium
3315 3894 3414 3949 pro
3440 3877 3626 3933 omni-

2028 3987 2129 4042 bus
2163 3982 2528 4052 impendisse,
2573 3984 2630 4032 et
2688 3982 2948 4031 mternam
3004 3972 3108 4026 hac
3168 3969 3379 4024 ratione
3420 3966 3625 4022 mundo

2028 4080 2258 4135 salutem
2297 4073 2595 4144 reperisse,
2646 4076 2797 4125 certo
2827 4079 3151 4139 persuasum
3206 4076 3314 4117 non
3350 4058 3624 4115 habueri-

2029 4168 2188 4231 mns‘i
2246 4165 2434 4235 Neque
2480 4162 2625 4218 enim
2670 4159 2878 4235 dixerit
2914 4157 3180 4230 quispiam
3260 4153 3509 4210 decuisse
3563 4160 3626 4205 ut

2029 4231 2372 4324 Emmanuel,
2411 4267 2667 4345 tanquam
2736 4231 2903 4325 pecu's
2972 4249 3221 4321 aliquod,
3254 4246 3455 4318 saepius
3507 4258 3624 4300 ma-

339 4379 510 4426 τινες,
545 4362 835 4435 ἄνθρωπος
875 4358 955 4435 ἦν.
992 4362 1199 4430 ίδικῶς,
1229 4335 1437 4437 ἰσότητι
1470 4365 1570 4436 μὲν
1747 4335 1927 4434 ἀξίας,

2031 4364 2315 4419 ctaretur;
2351 4349 2551 4424 quippe
2585 4335 2711 4403 cum
2750 4347 2817 4403 ad
2849 4354 3019 4404 totum
3052 4342 3242 4398 orbem
3281 4335 3625 4394 liberandum

340 4454 512 4523 ἧγουν
560 4426 871 4521 αὐθεντίας,
900 4426 1283 4527 ’συνημμένος
1316 4426 1482 4528 Osci);
1504 4426 1838 4531 διῃρημένος

2031 4444 2116 4501 vel
2149 4443 2319 4500 semel
2354 4443 2533 4514 ipsum
2571 4450 2801 4497 mortem
2859 4436 3094 4493 subiisse
3131 4432 3346 4488 abunde
3378 4436 3463 4484 sat
3494 4426 3620 4481 fue-

340 4545 464 4599 καθ’
499 4545 822 4612 ὑπόστασιν,
850 4547 946 4601 καὶ
973 4526 1083 4601 ἀνά
1123 4526 1293 4620 μέρος
1319 4526 1460 4604 εἶναι
1496 4526 1888 4622 πιστευόμενος
1908 4592 1924 4619 ,

2031 4540 2126 4596 rit.
2184 4537 2339 4604 Quod
2396 4536 2485 4604 si,
2536 4542 2597 4590 ut
2650 4530 2894 4589 nonnulli
2967 4526 3243 4591 sentiunt,
3284 4536 3454 4594 purus
3522 4532 3647 4590 per"

341 4635 444 4689 οὐκ
472 4629 542 4707 ἦν
582 4636 715 4690 ίδιον
747 4630 887 4707 αἷμα
932 4634 1028 4690 τοῦ
1074 4612 1491 4708 συνεδρεύοντος
1523 4638 1603 4709 τῷ
1650 4612 1829 4714 Πατρὶ

2039 4646 2099 4688 se
2133 4639 2341 4686 tantum
2379 4628 2542 4684 homo
2573 4634 2735 4691 erat,
2787 4624 2896 4679 Deo
2948 4619 3167 4692 quidem
3212 4614 3512 4672 secundum
3542 4612 3643 4667 die.

342 4730 426 4791 είς
452 4703 725 4800 λύτρωσιν
759 4703 854 4782 τοῦ
890 4729 1102 4800 κόσμου
1143 4703 1318 4798 δοθέν,
1353 4730 1467 4784 ἀλλ’
1498 4703 1689 4802 ἐτέρου
1727 4703 1928 4803 μάλλον

2039 4720 2259 4793 gnitatis
2313 4718 2399 4774 vel
2450 4716 2789 4772 auctoritatis
2841 4709 3203 4783 aequalitatem
3261 4703 3642 4774 conjunctus,.

345 4820 605 4889 σχετικὴν
632 4818 848 4889 ἔχοντος
871 4818 1009 4889 πρὸς
1032 4818 1197 4873 αὐτὸν
1225 4819 1325 4891 τὴν
1369 4819 1688 4889 συνάφειαν.
1717 4820 1929 4891 ’Ὠσπερ

2033 4813 2334 4871 secundum
2384 4808 2718 4884 hypostasim
2754 4820 2884 4862 vero
2939 4803 3009 4859 ab
3047 4799 3239 4857 eodem
3311 4797 3642 4866 sejunctus,,

342 4907 454 4978 γὰρ
490 4888 584 4962 δύο
612 4888 756 4974 τινὲς
786 4888 1045 4982 ἄρχοντες
1086 4913 1153 4982 τῇ
1189 4888 1301 4965 τῶν
1341 4888 1673 4983 ἀξιωμάτων
1722 4888 1936 4981 ἰσότητι

2035 4916 2091 4963 et
2149 4919 2396 4964 seorsum
2455 4917 2553 4974 per
2614 4914 2676 4958 se
2725 4898 2983 4972 positus;
3034 4891 3277 4966 profecto
3349 4888 3573 4961 sanguis
3606 4925 3639 4952 ι
3708 4946 3716 4957 ι

343 4997 466 5050 κατ’
490 4997 640 5051 οὐδὲν
663 4999 907 5071 ἀλλήλων
924 4999 1295 5070 διενεγκόντες
1328 4999 1487 5067 ὅλως,
1507 5002 1605 5072 οὐχ
1632 4994 1714 5064 εἷς
1744 5000 1932 5055 νοοῦν-

2036 5001 2130 5072 qui
2185 5000 2242 5055 in
2292 4996 2479 5053 mundi
2506 4993 2936 5063 redemptionem
2985 4986 3189 5045 eﬂ'usus
3236 4992 3341 5052 est,
3374 4998 3480 5039 non
3507 4988 3635 5035 erat

342 5106 436 5145 ται
460 5093 480 5137 ῐ
517 5069 898 5161 μᾶλλον,ἀλλά
912 5091 1006 5146 δύο
1034 5069 1177 5146 κατὰ
1196 5092 1257 5145 τὸ
1286 5091 1506 5164 ἀληθέςο
1538 5069 1681 5146 ούτω
1710 5092 1771 5146 τὸ
1800 5108 1931 5146 συν-

2035 5069 2180 5148 illitIs
2224 5089 2318 5159 qui
2366 5088 2433 5142 ad
2461 5087 2741 5143 dexteram
2778 5082 2874 5138 Dei
2906 5079 3086 5137 Patris
3126 5077 3322 5141 sedet,
3359 5071 3452 5130 scd
3493 5069 3630 5164 alte-

350 5159 595 5252 ημμένον
633 5181 740 5235 τινὶ
783 5185 925 5237 κατά
956 5182 1055 5256 τὴν
1084 5183 1262 5251 ἀξίαν,
1304 5159 1649 5257 διηρημένων
1677 5182 1786 5237 τῶν
1831 5180 1933 5252 φύ-

2039 5182 2155 5237 t‘ius
2221 5178 2564 5249 cujuspiam,
2615 5174 2709 5247 qui
2770 5172 3052 5230 relativam
3111 5167 3289 5239 potius
3346 5176 3468 5218 cum
3509 5159 3633 5228 ipso
3694 5162 3707 5185 ‘

350 5287 509 5331 σεων,
551 5273 719 5343 ἧγουν
750 5273 1125 5342 ὑποστάσεων,
1154 5275 1254 5346 οὐχ
1277 5267 1357 5337 εἷς
1386 5269 1496 5326 εἷεν
1524 5273 1611 5340 ἂν,
1643 5272 1779 5326 ἀλλά
1800 5250 1893 5326 δύο
1913 5289 1929 5304 °

2041 5274 2208 5329 habet
2256 5270 2715 5340 conjunctionem.
2780 5261 3245 5335 Quemadmodum
3301 5253 3446 5310 enim
3517 5253 3626 5309 duo
3693 5250 3701 5267 '

346 5364 443 5417 καὶ
474 5362 535 5416 τὸ
564 5363 684 5430 ἑνὸς
723 5361 865 5435 αἷμα
912 5365 1075 5436 τυχὸν
1112 5344 1278 5421 αὑτοῦ
1306 5364 1371 5438 δὴ
1413 5365 1633 5430 πάντως
1662 5367 1799 5434 ἐστὶ,
1840 5366 1935 5421 καὶ

2042 5364 2316 5436 principes
2355 5364 2544 5419 eadem
2596 5360 2927 5417 auctoritate
2970 5352 3189 5411 omnino
3242 5344 3451 5419 praediti
3479 5357 3627 5411 ,non

337 4268 436 4329 τοῦ
469 4270 564 4325 καὶ
588 4269 738 4336 suae
758 4273 950 4324 παθεῖν
971 4271 1157 4325 αὐτόν.
1181 4272 1246 4325 El
1270 4271 1348 4338 δὲ,
1381 4272 1529 4326 καΘά
1549 4274 1929 4346 πεφρονήκασί

421 5515 443 5547 ⁷
476 5515 649 5582 Hebr,
677 5518 875 5586 vm,3.
950 5520 975 5553 ⁸
999 5518 1166 5580 Hebr.
1202 5537 1281 5593 ts,
1310 5522 1399 5588 tl,
1431 5520 1518 5577 12.

1436 5677 1608 5735 Varia:
1637 5676 1898 5736 lectiones
1927 5673 2129 5734 codicis
2156 5671 2515 5746 Seguieriani.

439 5810 463 5850 ίι
490 5808 548 5864 ἒν
581 5813 801 5869 νοεῖται.
