4076 6430
459 358 597 415 1599
1461 359 1519 419 S.
1555 358 1833 415 CYRILLI
1870 357 2044 415 ΛΜΞ]

2151 357 2351 415 ’ΒΒΙΝΙ
2383 356 2709 416 ARCHIEI‘.
3598 353 3737 411 ηοο

459 493 598 531 unus
631 518 648 543 ,
685 478 780 533 sed
815 478 920 535 duo
975 493 1163 534 revera
1219 487 1343 535 sunt
1375 479 1662 552 homines;
1703 479 1777 536 ita
1808 479 2043 550 cuipiam

2151 479 2268 551 οὐχὶ
2308 478 2372 552 δὴ
2427 479 2629 550 μᾶλλον
2687 475 2898 550 ἑτέρου.
2931 476 3142 534 Οὐκοῦν
3184 476 3286 530 οὑκ
3329 475 3548 547 ἀπόχρη
3601 478 3740 548 πρὸς

458 569 719 637 dignitate
769 584 950 639 parem
985 584 1149 638 esse,
1200 570 1411 626 naturis
1473 570 1733 635 interim,
1789 572 2042 627 videlicet

2151 569 2343 625 ἑνωσιν
2391 570 2568 642 ἀληθῆ
2604 571 2666 624 τὸ
2708 570 2784 635 ὡς
2831 572 2891 626 ιν
2937 571 3143 642 ίσότητι
3192 570 3290 641 τῆς
3339 568 3521 634 ἀξίας,
3569 571 3739 641 ἥγουν

456 661 707 730 personis
778 660 1086 727 distinctis,
1138 676 1244 718 non
1297 663 1432 718 sinit
1477 678 1676 731 unum,
1728 662 1885 733 167
1945 663 2043 719 sed

2151 661 2461 728 αὐθεντίας,
2499 662 2772 733 συνῆφθαι
2802 661 2984 732 λέγειν
3012 661 3298 734 ἄνθρωπον
3327 661 3468 732 Θεῷ.

456 756 565 807 duo
608 767 778 807 esse:
838 762 893 808 et
939 755 1099 811 unius
1187 758 1409 827 sanguis
1484 760 1556 812 ita
1598 769 1684 812 est
1761 758 1921 829 hujus
1954 796 1973 825 ,
2022 766 2083 812 ut
2122 757 2270 813 nullo
2323 759 2485 814 modo
2537 759 2609 813 sit
2647 758 2894 814 alterius.
2963 758 3047 813 Ad
3088 772 3276 814 veram
3322 757 3512 827 itaque
3574 758 3737 814 unio-

454 858 577 897 nem
633 859 737 899 non
766 852 852 898 sat
913 856 1040 912 est,
1090 847 1366 903 hominem
1428 848 1539 904 Deo
1581 850 1921 906 auctoritatis
1978 848 2063 905 vel
2100 849 2382 920 dignitatis
2424 850 2734 921 aequalitate
2777 850 3086 921 copulatum
3132 864 3401 905 asserere.

534 934 712 990 XLVI.
751 954 771 989 ι
798 934 914 991 Non
953 938 1102 992 enim
1141 940 1194 993 in
1229 949 1420 995 saneta
1454 941 1762 997 manuiacta
1795 941 2044 997 Christus

2222 942 2380 1009 MCI'.
2416 959 2435 994 ι
2475 942 2549 995 Οὐ
2583 941 2693 1013 γάρ
2748 942 2830 1007 είς
2861 941 3218 1013 χειροποίητα
3253 939 3505 1011 εἰσῆλθεν
3555 940 3740 1008 ἀγιαδ

456 1027 738 1094 introivit,
774 1043 952 1098 neque
991 1032 1043 1084 in
1085 1031 1418 1100 exemplaria
1478 1047 1782 1100 verorum,
1841 1033 1936 1087 sed
1984 1033 2040 1087 in

2151 1033 2407 1104 Χριστὸς,
2442 1033 2565 1087 οὐδὲ
2612 1035 2692 1098 είς
2722 1034 2990 1089 ἀντίτυπα
3014 1034 3123 1089 τῶν
3163 1033 3456 1103 ἀληθινῶν,
3490 1032 3605 1087 ἀλλ’
3654 1036 3737 1098 είς

456 1118 634 1187 ipsum
678 1118 878 1174 caelum
906 1160 922 1184 ,
959 1128 1017 1174 ut
1065 1130 1325 1191 appareat
1380 1137 1523 1177 nunc
1586 1124 1755 1178 vultui
1790 1123 1884 1180 Dei
1939 1138 2039 1195 pro

2151 1128 2309 1183 αὐτὸν
2346 1127 2438 1181 τὸν
2477 1128 2728 1199 οὐρανὸν,
2775 1128 2871 1183 νῦν
2913 1128 3315 1199 ἐμφανισθῆναι
3352 1127 3430 1198 τῷ
3458 1127 3739 1199 προσώπῳ

457 1211 613 1267 nobis
634 1214 678 1267 ’.
720 1231 739 1263 ι
766 1242 837 1255 -
864 1231 884 1264 ι
905 1215 1114 1271 Ctelutn
1135 1257 1151 1281 ,
1191 1216 1367 1288 inquit
1414 1217 1579 1284 Deus,
1628 1219 1760 1275 mihi
1815 1220 2043 1277 thronus

455 1311 542 1358 est
566 1304 649 1358 ":
687 1322 708 1356 ι
737 1320 908 1375 quare
958 1314 1013 1361 et
1056 1307 1231 1376 ipsum
1277 1324 1494 1380 quoque
1540 1310 1735 1367 Filium
1792 1314 2043 1382 supernis

457 1394 739 1463 spiritibus
791 1398 1177 1469 conquiescere
1208 1441 1224 1468 ,
1254 1401 1562 1472 caelumque
1592 1403 1756 1459 veluti
1796 1415 2041 1458 sanctum

458 1488 728 1557 quoddam
764 1490 1173 1547 tabernaculum
1203 1495 1451 1551 obtinere
1478 1498 1710 1553 dicimus
1758 1512 1865 1553 non
1892 1513 2044 1554 more

462 1590 805 1637 terrenorum
860 1583 1271 1652 ministrorum,
1322 1589 1414 1656 qui
1446 1588 1800 1658 corporaliter
1872 1589 2044 1645 sacris

460 1680 759 1743 cperantur
782 1713 800 1741 ,
837 1676 1209 1745 sanguineque
1265 1678 1557 1734 secundum
1596 1680 1733 1751 legis
1789 1681 2043 1749 prmscri-

2145 1217 2240 1271 τοῦ
2267 1216 2404 1271 Θεοῦ
2440 1218 2582 1291 ὑπὲρ
2611 1218 2770 1289 ἡμῶν
2789 1234 2805 1249 ο
2843 1238 2864 1272 ι
2887 1218 2983 1272 τοῦ
3015 1218 3152 1273 Θεοῦ
3178 1219 3429 1289 λέγοντος
3448 1236 3462 1250 ·
3489 1238 3509 1271 ι
3556 1221 3616 1273 '0
3645 1219 3741 1274 06-

2151 1309 2313 1382 ρανός
2351 1325 2442 1379 μοι
2476 1308 2698 1379 θρόνοςο
2739 1327 2759 1361 ι
2807 1309 3260 1364 ἑπαναπαὺεσθαι
3304 1309 3400 1363 κα)⁸
3424 1308 3587 1363 αὐτὸν
3622 1313 3741 1374 τοῖς

2152 1402 2266 1456 ἀνω
2295 1399 2572 1472 πνεύμασι
2602 1417 2787 1472 φαμεν
2809 1400 2902 1454 τὸν
2928 1401 3080 1465 Υίὸν,
3114 1400 3321 1473 σκηνὴν
3357 1399 3550 1472 ὥσπερ
3575 1401 3740 1471 ἁγίαν

2153 1493 2347 1563 ἔχοντα
2379 1491 2473 1545 τὸν
2516 1491 2768 1564 οὐρανὸν,
2801 1492 2897 1545 καὶ
2934 1493 2996 1546 οὐ
3053 1492 3197 1546 κατά
3231 1509 3297 1561 γε
3336 1494 3464 1557 τοὺς
3506 1493 3601 1546 ἐπὶ
3633 1494 3740 1563 γῆς

2153 1586 2575 1661 ίερουργοῦντας
2604 1589 2955 1659 σωματικῶς,
2984 1589 3080 1643 καὶ
3117 1588 3214 1651 τὰς
3261 1587 3326 1641 δι’
3374 1588 3623 1658 αἱμάτων
3651 1604 3742 1640 τε·

2151 1679 2379 1744 λοῦντας
2420 1679 2635 1746 θυσίας,
2672 1680 2753 1743 είς
2778 1679 3050 1734 ἀντίτυπα
3086 1679 3195 1733 τῶν
3222 1677 3494 1750 ἀληθινῶν
3526 1677 3740 1749 εἰστρέ-

461 1773 611 1833 ptum
655 1765 723 1820 ad
790 1780 1042 1821 verorum
1077 1769 1481 1839 expressionem
1535 1771 1711 1826 litant.
1764 1770 1870 1826 Sed
1903 1785 2043 1841 quo,

2153 1787 2320 1842 χοντα
2354 1769 2497 1824 κατὰ
2523 1770 2583 1823 τὸ
2606 1768 2684 1840 τῷ
2712 1769 2865 1841 νόμῳ
2888 1768 3099 1825 δοκοῦν.
3148 1766 3539 1839 Ἐμφανίζεται
3563 1768 3620 1822 δὲ
3642 1767 3742 1822 νῦν

460 1870 646 1922 quaeso
670 1893 687 1920 ,
738 1854 899 1912 modo
941 1857 1110 1912 vultui
1149 1858 1240 1912 Dei
1276 1875 1419 1915 nunc
1460 1875 1560 1931 pro
1598 1861 1752 1916 nobis
1783 1862 2046 1931 apparet?

460 1947 652 2004 Nonne
707 1963 923 2023 semper
959 1950 1123 2005 etiam
1179 1960 1306 2006 ante
1348 1951 1781 2008 incarnationem
1836 1951 2048 2008 exstitit

457 2054 722 2108 apparens
767 2052 823 2096 et
870 2041 1234 2112 conspicuus?
1268 2042 1425 2113 idque
1466 2042 1626 2098 facile
1677 2053 1760 2097 est
1788 2042 2040 2113 cognitu,

459 2130 603 2198 quod
649 2129 766 2200 ipse
803 2140 890 2186 est
950 2131 1131 2202 Opiiex
1181 2134 1447 2203 sapientia
1504 2133 1600 2190 Dei
1674 2143 1728 2190 et
1776 2132 2043 2196 Patris”,

459 2238 558 2292 per
593 2238 755 2293 quam
810 2224 876 2279 ad
913 2239 1034 2281 esse
1082 2226 1343 2296 producta
1406 2236 1533 2281 sunt
1564 2225 1767 2279 omnia.
1803 2223 1870 2280 Et
1897 2234 2047 2280 certe

458 2321 519 2367 ut
557 2311 837 2381 Sapientia
876 2314 1048 2370 dicit:
1086 2334 1104 2368 ι
1138 2315 1249 2387 Ego
1304 2330 1452 2371 eram
1487 2331 1595 2386 qua
1656 2317 2044 2371 delectabatur.

458 2407 563 2460 l’cl’
607 2405 851 2476 singulos
911 2416 1096 2463 autem
1156 2407 1273 2464 dies
1317 2408 1619 2475 gaudebam
1650 2408 1701 2462 in
1753 2419 2044 2479 conspectu

454 2495 575 2565 ejus
632 2497 782 2552 omni
853 2507 1131 2570 tempore,
1194 2500 1414 2569 quando
1494 2501 1764 2571 gaudebat
1846 2502 2046 2555 mundo

459 2586 740 2657 perfecto,
772 2598 829 2644 et
884 2590 1156 2660 gaudebat
1215 2590 1356 2645 inter
1406 2590 1545 2645 ﬁlios
1621 2592 1901 2646 hominum
1924 2594 1985 2646 ".
2019 2612 2039 2646 ι

455 2681 592 2739 Cum
638 2680 706 2736 ab
754 2681 909 2737 initio
945 2682 1110 2753 igitur
1162 2681 1327 2738 Pater
1372 2683 1447 2739 illi
1500 2686 2043 2751 adblandiretur,ex

453 2785 629 2842 coque
688 2772 1102 2831 oblectationem
1148 2776 1391 2844 quotidie
1445 2787 1699 2845 caperet,
1750 2778 1902 2848 isque
1960 2779 2043 2834 vi—

456 2864 641 2921 cissim
703 2864 1034 2934 voluptatem
1091 2865 1238 2921 Patri
1294 2865 1551 2933 all'erret,
1587 2870 1857 2937 quomodo
1899 2885 2045 2926 nunc

457 2956 674 3014 demum
707 2956 878 3010 vultui
909 2956 1000 3011 Dei
1051 2971 1315 3027 apparere
1365 2958 1605 3014 dicitur?
1634 2959 1777 3015 Sane
1808 2960 2046 3016 Verbum

459 3044 551 3099 Dei
614 3060 751 3101 novo
801 3061 943 3102 nunc
993 3046 1154 3103 modo
1196 3058 1452 3119 apparet,
1512 3064 1618 3105 non
1662 3050 1889 3120 amplius
1919 3068 2041 3107 car-

2156 1862 2297 1934 ὑπὲρ
2325 1861 2484 1933 ἡμῶν
2537 1861 2616 1932 τῷ
2646 1860 2929 1933 προσώπῳ
2975 1859 3072 1915 τοῦ
3123 1859 3281 1926 Θεοῦ,
3345 1860 3451 1913 τίνι
3507 1859 3738 1930 τρόπῳς

2154 1951 2224 2008 *Α
2235 1973 2303 2026 ρα
2328 1954 2438 2027 γάρ
2465 1955 2566 2009 οὐκ
2586 1955 2675 2009 ἀεὶ
2700 1956 2794 2008 καὶ
2820 1954 2927 2028 πρὸ
2948 1953 3046 2024 τῆς
3073 1952 3539 2025 ὲνανθρωπήσεως
3560 1951 3745 2023 ὑπάρ-

2157 2067 2244 2121 χει
2293 2049 2581 2119 ὲμφανήςς
2630 2046 2823 2103 Καίτοι
2889 2047 3235 2119 καταθρῆσαι
3272 2047 3421 2117 ῥᾷον,
3457 2044 3535 2107 ὡς
3578 2043 3744 2107 αὑτός

2154 2142 2304 2195 ἔστιν
2334 2141 2366 2209 ὴ
2405 2137 2739 2209 δημιουργὸς
2778 2137 2941 2207 σοφία
2972 2136 3067 2190 τοῦ
3099 2135 3236 2190 Θεοῦ
3269 2136 3367 2189 καὶ
3397 2134 3631 2206 Πατρδς,
3669 2134 3743 2188 δι’

2152 2225 2220 2301 ἧς
2244 2228 2312 2282 τὰ
2338 2229 2516 2282 πάντα
2536 2226 2945 2298 προσεκομίσθη
2973 2225 3021 2265 ί⁶
3041 2226 3177 2297 πρὸς
3200 2224 3457 2295 ὓπαρξιν.
3476 2226 3586 2279 Καὶ
3606 2224 3744 2293 γοῦν

2152 2320 2228 2383 ώς
2294 2320 2465 2388 Σοφία
2497 2318 2685 2389 φησιν’
2728 2336 2747 2367 r
2790 2317 2931 2386 Ἐγὼ
2954 2318 3104 2388 ἥμην
3208 2316 3563 2387 προσέχαιρε.
3598 2315 3743 2369 Καθ’

2153 2412 2367 2483 ἡμέραν
2400 2410 2458 2463 δὲ
2481 2409 2856 2480 εὐφραινόμην
2886 2409 2945 2462 ἐν
2979 2406 3258 2480 προσώπῳ
3293 2406 3460 2461 αὑτοῦ
3491 2408 3548 2459 ἑν
3576 2406 3744 2459 παντὶ

2154 2500 2333 2571 καιρῷ
2351 2516 2363 2529 ·
2396 2500 2485 2553 ὅτε
2513 2498 2900 2569 ὲνευφραίνετο
2920 2497 3020 2568 τὴν
3041 2497 3367 2567 οἰκουμένην
3394 2495 3739 2561 συντελέσας,

2154 2593 2254 2646 καί⁵
2286 2592 2674 2662 ἐνευψραίνετο
2702 2593 2761 2644 ὲν
2789 2592 2925 2656 υἱοῖς
2961 2591 3287 2663 ἀνθρώπων.
3344 2611 3362 2642 ι
3404 2592 3534 2644 "Ou
3561 2591 3746 2644 τοίνυν

2154 2685 2294 2754 αὐτῇ
2325 2683 2691 2755 προσέχαιρεν
2724 2685 2753 2735 ὁ
2786 2683 2997 2754 Πατὴρ,
3029 2684 3126 2738 καὶ
3152 2680 3220 2756 ἦν
3254 2685 3313 2738 ἐν
3336 2681 3614 2755 προσώπῳ
3640 2682 3744 2735 αῦ-

2152 2775 2246 2828 τοῦ
2278 2775 2400 2829 καθ’
2432 2775 2648 2846 ἡμέραν
2679 2776 3085 2846 εὐφραινομὲνη
3114 2793 3172 2829 τε
3216 2776 3311 2830 καὶ
3351 2775 3740 2847 εὐφραίνουσα,

2156 2867 2275 2931 πῶς
2301 2869 2665 2938 ἐμφανίζεται
2684 2870 2802 2921 νυνὶ
2832 2867 2909 2938 τῷ
2937 2867 3323 2939 προσώπῳτώ
3340 2867 3507 2934 Genii;
3531 2868 3744 2922 Οὐκοῦν

2152 2960 2513 3030 ἐμφανίζεται
2555 2957 2741 3023 ξένως.
2776 2959 2964 3014 οὐκέτι
2999 2960 3212 3030 γυμνὸς
3246 2948 3343 3014 καὶ
3362 2960 3603 3032 ἄσαρκος
3633 2958 3743 3012 Λό-

2152 3068 2268 3119 γος,
2322 3050 2575 3122 καθάπερ
2627 3052 2821 3123 ἀμέλει
2868 3053 2964 3107 καὶ
3019 3053 3078 3105 ὲν
3125 3053 3321 3121 ἀρχαῖς
3367 3046 3459 3122 ἦν,
3516 3050 3630 3104 ἀλλ’
3684 3052 3746 3103 ὲν

458 3136 542 3190 nis
590 3150 788 3203 expers
847 3147 901 3192 ct
950 3139 1193 3206 nudum,
1226 3140 1367 3195 sicut
1413 3140 1468 3194 in
1507 3141 1815 3210 principio,
1872 3144 1964 3198 sed
1992 3144 2044 3198 in

2154 3146 2336 3214 μορφῇ
2367 3160 2427 3196 τε
2454 3145 2548 3198 καὶ
2578 3145 2739 3214 φύσει
2771 3149 2837 3218 τῇ
2868 3145 2991 3200 καθ’
3024 3146 3205 3215 ἡμᾶς’
3238 3144 3420 3215 φαμὲν
3443 3142 3551 3213 γάρ
3570 3142 3746 3204 οὕτως

460 3228 627 3279 forma
665 3234 720 3282 et
767 3237 960 3283 natura
998 3228 1251 3288 humana.
1284 3231 1365 3286 Ad
1408 3232 1552 3288 hunc
1586 3235 1768 3304 itaque
1822 3235 2041 3289 modum

461 3334 559 3386 pro
598 3318 753 3375 nobis
790 3335 1057 3391 apparere
1082 3363 1097 3389 ,
1166 3323 1564 3396 humanamque
1615 3336 1860 3381 naturam
1890 3329 2047 3399 (esto

461 3411 549 3464 illa
631 3421 851 3483 prepter
896 3413 1089 3469 Adatni
1167 3418 1669 3487 prmvaricationent
1723 3418 2047 3488 quandoque

457 3519 620 3559 exosa
681 3506 1093 3577 proscriptaque
1139 3507 1342 3580 fuerit)
1384 3511 1436 3564 in
1488 3520 1779 3579 conspectu
1818 3510 1909 3565 Dei
1940 3510 2045 3564 Pa-

459 3595 559 3652 tris
597 3596 797 3652 oiierre
855 3599 1104 3655 traditur.
1170 3600 1406 3656 Verbum
1463 3603 1735 3671 proinde,
1774 3612 1832 3658 ut
1884 3603 2047 3659 homo

459 3687 659 3744 factum
717 3696 834 3754 est,
872 3689 1046 3745 oculis
1096 3691 1340 3761 paternis
1383 3692 1531 3747 velut
1577 3694 1631 3748 in
1662 3696 1839 3764 seipse
1867 3696 2046 3766 primo

460 3793 559 3833 nos
616 3777 797 3844 sistit;
858 3793 966 3849 quo
1012 3780 1269 3836 nimirum
1307 3782 1451 3837 Patri
1488 3790 1897 3842 commendatos
1948 3803 2047 3844 nos

459 3870 686 3937 reddat,
733 3871 1009 3927 veteribus
1060 3876 1217 3929 noxis
1255 3878 1542 3945 expiatos,
1600 3887 1762 3946 atque
1822 3880 1887 3932 ad
1924 3881 2045 3935 vita:

458 3964 747 4019 novitatem
794 3978 891 4033 per
943 3963 1207 4034 Spiritum
1255 3968 1621 4033 instauratos,
1698 3985 1762 4026 ac
1827 3974 2042 4028 tandem

455 4058 645 4126 dignos
667 4056 891 4113 eliectos
940 4058 1031 4128 qui
1074 4060 1128 4114 in
1182 4069 1474 4127 conspectu
1526 4060 1703 4119 Patris
1732 4065 1903 4119 simus
1930 4065 2042 4133 jam

457 4150 508 4203 in
565 4149 702 4206 lilios
755 4151 1015 4221 cooptati.

485 4279 648 4351 168
689 4279 763 4336 De
795 4299 857 4338 ea
895 4286 1037 4353 quod
1072 4284 1329 4342 Dominus
1361 4298 1535 4342 noster
1572 4289 1729 4345 Iesus
1760 4289 2005 4346 Christus

823 4355 1051 4425 gloriam
1084 4360 1346 4428 accepisse
1381 4360 1652 4415 scribitur.

2153 3236 2317 3290 αὑτὸν
2367 3235 2773 3307 ἐμφανισθῆναι
2812 3237 2951 3301 νυνὶ,
3008 3236 3105 3291 καὶ
3140 3230 3253 3290 οἷον
3286 3238 3374 3289 ἐπ’
3417 3235 3538 3305 ὄψει
3583 3236 3608 3275 ³
3644 3232 3742 3287 τοῦ

2150 3325 2287 3380 Θεοῦ
2323 3326 2419 3380 καὶ
2452 3326 2667 3399 Πατρὶς
2687 3327 2781 3381 τοῦ
2808 3326 3097 3398 ἀνθρώπου
3137 3328 3303 3397 φύσιν
3335 3329 3586 3397 ἀγαγεῖν,
3615 3327 3744 3379 καί-

2148 3435 2231 3471 τοι
2274 3418 2577 3489 γενομένην
2615 3419 2674 3471 ὲν
2706 3419 3025 3490 ἀποστροφῇ
3059 3419 3148 3475 διὰ
3183 3419 3283 3492 τὴν
3330 3422 3390 3473 ὲν
3436 3418 3608 3488 Ἀδὰμ
3634 3436 3746 3471 πικ-³

2153 3510 2405 3582 ράδασιν.
2450 3511 2629 3580 Ἡμεῖς
2662 3505 2757 3563 οὖν
2796 3509 2906 3581 ἀρα
2952 3510 3286 3581 παρίστησιν
3326 3512 3387 3564 ὲν
3438 3509 3741 3580 ὀφθαλμοῖς

2148 3600 2244 3655 τοῦ
2283 3601 2496 3673 Πατρὸς
2527 3602 2602 3665 ώς
2629 3603 2689 3654 ἑν
2717 3600 2896 3671 ἑαυτῷ
2926 3601 3020 3655 καὶ
3061 3601 3285 3673 πρώτῳ,
3329 3601 3464 3655 καθὸ
3498 3602 3742 3671 πέφηνεν

2147 3694 2455 3765 ἄνθρωπος,
2491 3692 2557 3745 ἵν’
2591 3694 2741 3763 ἡμᾶς
2782 3694 3110 3765 προσαγάγῃ
3154 3694 3232 3765 τῷ
3268 3694 3465 3765 Ila-:91,
3504 3694 3599 3747 καὶ
3627 3693 3741 3746 τῶν

2150 3784 2394 3856 ἀρχαίων
2440 3783 2758 3848 ἀπαλλάξας
2798 3786 3165 3855 αἱτιαμάτων,
3209 3787 3305 3839 καὶ
3339 3787 3417 3850 είς
3443 3785 3741 3854 καινότητα

2147 3879 2296 3949 ζωῆς
2367 3879 2867 3950 μεταστοιχειώσας
2935 3882 2996 3934 ὲν
3052 3881 3366 3951 Πνεῦματι·
3433 3878 3574 3933 ὥστε
3641 3879 3741 3937 καὶ

2146 3970 2333 4037 ἀξίους
2383 3970 2616 4041 ὁρᾶσθαι
2666 3971 2850 4026 λοιπὸν
2896 3971 2998 4042 τῆς
3037 3972 3189 4043 παρά
3232 3971 3328 4025 τοῦ
3376 3970 3590 4042 Πατρός
3638 3972 3741 4025 ἑπ-

2144 4065 2388 4128 οπτείας,
2419 4064 2494 4129 ὡς
2526 4064 2585 4117 ὲν
2613 4064 2747 4117 υἱῶν
2780 4063 2931 4130 τάξει
2973 4064 3477 4137 παρειλημμένους.

2145 4286 2284 4355 Περὶ
2317 4286 2423 4341 τοῦ
2446 4285 2727 4358 λέγεσθαι
2752 4288 2943 4351 δόξαν
2969 4285 3179 4342 λαϐεῖν
3191 4291 3299 4341 τὸν
3317 4286 3539 4355 Κύριον
3567 4282 3741 4353 ἡμῶν

2656 4360 2904 4427 Ἰησοῦν
2933 4358 3191 4426 Χριστόν

526 4462 730 4519 XLVII.
770 4483 790 4519 ι
852 4464 1053 4523 Paulus
1086 4470 1365 4538 apostolus
1427 4484 1535 4525 non
1579 4473 1645 4527 ah
1691 4472 2036 4539 hominibus,

2217 4477 2351 4530 MZ'.
2390 4493 2405 4527 t
2437 4474 2650 4539 Παῦλος
2680 4473 2980 4537 ἀπόστολος
3008 4472 3107 4526 οὐκ
3129 4473 3233 4526 ἀπ’
3256 4471 3584 4543 ἀνθρώπων,
3611 4469 3736 4523 οὐδὲ

452 4573 631 4627 neque
656 4572 781 4628 ~per
835 4560 1081 4616 homines
1103 4602 1117 4627 ,
1147 4561 1242 4617 sed
1285 4576 1383 4634 per
1443 4562 1627 4618 Jesum
1658 4563 1956 4630 Christum,
1987 4577 2040 4621 et

2151 4570 2212 4622 δι’
2247 4568 2575 4640 ἀνθρώπων,
2625 4567 2761 4621 ἀλλά
2809 4567 2896 4621 διὰ
2944 4565 3121 4636 Ἰησοῦ
3160 4564 3422 4637 Χριστοῦ,
3462 4565 3555 4619 καὶ
3597 4561 3736 4618 Θεοῦ

454 4648 620 4702 Deum
668 4648 885 4706 Patrem
925 4652 1018 4720 qui
1059 4654 1344 4709 suscitavit
1388 4670 1512 4710 eum
1546 4668 1614 4711 ex
1653 4658 1880 4711 mortuis
1906 4656 1969 4711 ¹³.
2010 4675 2031 4710 ι

2151 4661 2360 4732 nam;
2388 4660 2484 4713 τοῦ
2511 4659 2824 4731 ἐγείραντος
2859 4659 3021 4713 αὐτὸν
3052 4659 3117 4712 ὲκ
3140 4657 3369 4728 νεκρῶν.
3419 4675 3437 4707 s
3492 4654 3735 4726 Ἀπὸχρη

448 4740 528 4794 Ad
596 4743 992 4798 ostendendum
1045 4743 1331 4802 Dominum
1365 4758 1608 4803 nostrum
1664 4745 2035 4803 JesumChri-

2151 4753 2248 4825 μὲν
2283 4753 2363 4815 εἰς
2391 4750 2667 4819 ἀπόδειξιν
2694 4750 2789 4805 τοῦ
2826 4750 2900 4822 μὴ
2924 4749 3206 4820 δεδεῆσθαι
3226 4749 3385 4819 δόξης
3411 4748 3509 4819 τῆς
3534 4745 3738 4810 ἔξωθεν

449 4842 592 4885 stum
646 4844 871 4889 externa
931 4836 1335 4908 adventitiaque
1391 4838 1558 4908 gloria
1602 4838 1828 4894 minime
1890 4839 2035 4894 indi-

2151 4845 2239 4899 καὶ
2273 4842 2801 4915 είσκεκριμένηςτδν
2823 4841 3027 4914 Κύριον
3056 4841 3213 4911 ἡμῶν
3244 4840 3453 4910 Ἰησοῦν
3474 4839 3734 4911 Χριστὸν,

451 4921 636 4993 guisse
661 4962 676 4988 ,
727 4935 812 4980 sat
854 4936 971 4982 erat
1004 4928 1311 4995 indicasse.
1351 4932 1527 5002 ipsum
1574 4948 1729 5004 mque
1758 4948 1822 4989 ac
1865 4928 2032 4990 Deum

2151 4938 2205 4991 τὸ
2236 4935 2690 4990 συναποστέλλειν
2724 4935 2802 5006 τῷ
2829 4934 2949 5006 Θεῷ
2976 4934 3073 4989 καὶ
3102 4934 3279 5005 Πατρὶ
3311 4933 3423 4986 τῶν
3458 4932 3585 5002 περὶ
3602 4932 3736 4985 ἐαυ-

451 5013 670 5069 Patrein
711 5016 926 5072 mittere
971 5021 1283 5090 ministros,
1340 5025 1433 5094 qui
1500 5025 1650 5082 illum
1698 5027 2035 5096 depraedica-

2151 5030 2238 5084 τοῦ
2276 5029 2651 5100 κηρυγμάτων
2694 5030 2822 5092 τοὺς
2861 5026 3209 5099 ίερουργούςο
3239 5026 3301 5081 οὔ
3357 5025 3464 5096 γὰρ
3506 5024 3737 5085 ἑαυτοὺς

451 5115 613 5161 rent:
652 5122 831 5177 neque
880 5112 1025 5165 enim
1073 5116 1429 5185 semetipsos,
1484 5120 1577 5189 qui
1644 5120 2034 5187 mittebantur,

2151 5124 2463 5193 ἐκήρυττον,
2507 5121 2643 5175 ἀλλά
2673 5120 2910 5192 Χριστὸν
2961 5119 3174 5190 Ἰησοῦν
3224 5118 3429 5191 Κύριον
3465 5118 3544 5179 εἰς
3576 5115 3736 5181 δόξαν

446 5199 853 5267 praedicabant,
944 5207 1040 5258 sed
1118 5202 1301 5262 Jesutn
1372 5210 1644 5267 Christum
1700 5213 1754 5267 in
1809 5214 2035 5285 gloriam

2151 5215 2281 5269 Θεοῦ
2309 5215 2541 5286 Πατρός.
2588 5213 2807 5286 Ἐπειδὴ
2840 5214 2898 5269 δὲ
2923 5216 3033 5278 τοῖς
3071 5216 3238 5285 ἱεροῖς
3267 5211 3496 5265 ἕπεσθαι
3541 5209 3735 5279 Γράμ-

449 5292 541 5344 Dei
597 5293 796 5350 Patris.
842 5295 980 5363 Quia
1011 5311 1143 5353 vero
1189 5314 1376 5356 sacras
1408 5301 1644 5359 Litteras
1700 5306 1898 5361 sectari
1934 5320 2037 5363 nos

2151 5324 2315 5378 μασιν
2353 5306 2650 5379 ἀναγκαῖον
2682 5308 2850 5378 ἡμᾶς,
2884 5305 3121 5378 οὐδαμοῦ
3156 5303 3634 5378 παρεκτρέχοντας
3672 5300 3739 5355 τὸ

514 5472 537 5504 δ
566 5471 733 5529 ilebr.
761 5492 836 5542 Ix,
864 5477 957 5532 2.1.
1039 5479 1079 5510 ¹⁰
1108 5480 1208 5535 lsa.
1242 5495 1387 5546 Lut,
1423 5480 1470 5534 l.
1553 5482 1591 5513 "
1623 5480 1641 5534 l
1669 5481 1796 5537 Cor.
1829 5498 1866 5547 t,
1895 5483 1987 5537 ‘24.

2151 5482 2303 5539 Prov.
2336 5498 2455 5549 γιιι,
2494 5483 2584 5551 50,
2614 5483 2705 5540 51.
2784 5483 2826 5516 ”
2848 5482 3025 5539 Galat.
3058 5498 3097 5549 ι,
3144 5484 3192 5538 i.

1555 5635 1730 5692 Variae
1761 5636 2024 5695 lectiones
2055 5639 2258 5696 codicis
2285 5637 2647 5710 Segnieriani.

526 5782 572 5825 τ’
603 5780 666 5839 F.
703 5799 974 5855 παρεκομ.
1060 5791 1082 5827 ε
1111 5791 1167 5842 ἐν
1199 5791 1339 5860 διξάς.
