4076 6418
356 399 482 457 ιιιοι

1167 378 1259 433 AD
1295 371 1597 431 REGINAS
1638 369 1724 425 DE
1763 367 1993 424 RECTA
2029 364 2188 422 FIDE
2226 357 2490 420 ORATIO
2528 350 2811 411 ALTERA

3395 360 3399 365 τ
3467 331 3611 391 ΝΜ

351 515 535 577 αὐτοῖς
562 505 777 573 δοκοῦν,
811 502 944 573 φέρε
974 498 1249 568 λέγωμεν,
1279 494 1404 548 τίνα
1432 490 1497 562 δή
1524 489 1727 562 τρόπον
1746 486 1775 540 ό
1799 484 1931 548 Θεὸς
1959 534 1965 547 ε

2047 491 2287 553 aportet,
2364 489 2543 547 neque
2590 473 2658 528 ab
2696 478 2884 525 earum
2932 464 3164 521 decretis
3213 456 3299 514 vel
3332 454 3611 512 minimum

2048 575 2079 577 ’λ
2197 572 2210 577 “
2418 568 2466 577 ··
2556 564 2587 577 ··
2661 571 2672 577 -
2770 557 2986 577 μαλυ-
3061 550 3250 577 --ηι-ει-
3346 544 3611 577 ηιιΛωΛΑη

351 608 446 664 καὶ
482 575 677 674 Πατὴρ
700 598 831 667 δόξῃ
851 595 1073 663 λέγεται
1108 584 1410 656 στεφανοῦν
1426 583 1520 636 τὸν
1543 580 1692 634 Υἰόν.
1717 575 1927 632 Οὐκοῦν

351 697 521 759 αὐτός
580 668 684 746 πού
740 703 906 759 φησιν
960 688 990 738 ὁ
1048 682 1319 754 μακάριος
1373 674 1587 737 Παῦλος
1635 671 1766 743 περὶ
1819 668 1930 723 τῶν

349 788 630 860 ἀρχόντων
653 781 750 836 τοῦ
784 778 981 841 αἰῶνος
1004 776 1196 828 τούτου
1216 788 1233 807 ο
1268 789 1287 822 ‹
1320 770 1383 822 Εἰ
1413 768 1522 836 γὰρ
1540 765 1805 835 ἔγνωσαν,
1828 762 1930 815 οὐκ

353 848 561 935 ἂνητὸν
603 872 810 944 Κύριον
834 870 952 940 ,τῆς
982 866 1141 935 δόξης
1183 861 1556 931 ἐσταύρωσαν.
1598 875 1618 909 ›
1657 852 1810 910 Οἶδεν
1836 848 1931 908 οὖν

320 970 461 1041 ⁴ἄρα
494 967 588 1021 καὶ
615 964 822 1035 Κύριον
856 962 984 1014 ὄντα
1014 958 1117 1028 τῆς
1144 955 1304 1026 δόξης
1349 952 1441 1006 τὸν
1482 947 1933 1020 ἐσταυρωμένον·

354 1039 469 1126 πῷς
501 1056 597 1113 οὖν
629 1058 843 1127 δέχεται
873 1051 1031 1117 δόξαν
1071 1048 1227 1120 παρὰ
1252 1044 1346 1099 τοῦ
1370 1043 1586 1114 Πατρὸς
1605 1042 1634 1094 ό
1655 1042 1757 1112 τῆς
1775 1039 1936 1109 δόξης

353 1154 590 1226 Κύριοςς
629 1151 704 1204 Ἦ
734 1148 913 1218 δῆλον,
941 1146 1024 1199 ὅτι
1054 1140 1347 1210 πεποίηται
1379 1135 1544 1190 πάλιν
1571 1129 1932 1202 οἰκονομικῶς

352 1218 555 1315 όλόγος
584 1240 764 1312 αὐτῷ;
795 1239 1021 1308 Δέχεται
1059 1234 1159 1304 μὲν
1181 1231 1290 1301 γὰρ
1322 1226 1700 1298 ἀνθρωπίνως,
1728 1221 1844 1275 ἔστι
1872 1218 1931 1274 δὲ

353 1338 449 1392 καὶ
473 1313 636 1391 an.
672 1333 771 1404 τῆς
808 1328 968 1399 δόξης
1002 1325 1210 1397 Κύριος
1249 1318 1467 1383 θεῖκῷς.
1497 1317 1608 1372 Καὶ
1650 1316 1678 1367 ό
1706 1315 1803 1387 μὲν
1833 1313 1934 1384 τῆς

354 1430 507 1493 θείας
540 1424 709 1483 αὐτοῦ
748 1422 964 1494 φύσεως
1012 1415 1241 1480 πλοῦτος
1282 1411 1456 1485 ὁρῷτο
1492 1406 1733 1481 ἂνπρὸς
1780 1403 1937 1476 ήμῶν

354 1492 553 1583 ἐντοῖς
592 1515 735 1586 ὑπὲρ
763 1492 963 1568 κτίσιν
1022 1504 1498 1574 πλεονεκτήμασι*
1549 1498 1655 1567 τῆς
1708 1496 1765 1549 δὲ
1812 1492 1936 1547 καθ’

356 1612 504 1684 ἡμᾶς
535 1606 811 1678 πτωχείας
843 1604 904 1658 τὸ
949 1600 1150 1674 μέτρον
1184 1601 1243 1657 ὲν
1283 1595 1362 1667 τῷ
1412 1592 1669 1662 λέγεσθαι
1714 1586 1933 1642 λαϐεῖν·

364 1675 527 1759 ("Kal
554 1703 603 1755 εἰ
630 1675 885 1759 πλούσιος
923 1694 1022 1757 ὣν,
1051 1692 1120 1745 δι’
1141 1690 1291 1761 ἡμᾶς
1331 1685 1693 1756 ἐπτώχευσεν.
1733 1697 1751 1730 ι
1797 1675 1936 1731 Ἀλλ’

355 1789 730 1862 οὖν’ἁγαθαῖς
773 1784 1005 1847 ἐννοίαις
1043 1780 1181 1851 πρὸς
1232 1777 1501 1849 ὀρθότητα
1556 1769 1935 1839 διοικούμενοι,

2031 544 2309 630 discedere
2342 544 2501 623 nobis
2555 564 2713 629 licet;
2763 557 2990 629 agedum
3061 550 3288 623 paucis.
3346 544 3615 617 quomodo

2032 663 2176 718 Deus
2218 658 2382 713 Pater
2420 653 2620 710 Filium
2662 662 2817 705 suum
2857 641 3026 715 gloria
3073 650 3363 695 coronasse
3383 634 3613 697 dicatur,

2033 751 2253 823 planum
2302 746 2588 804 faciamus.
2646 738 2844 794 Beatus
2884 732 3082 788 Paulus
3124 731 3193 785 de
3240 726 3420 784 saculi
3456 722 3617 792 hujus

2035 815 2373 913 principibus
2424 835 2658 906 quodam
2700 831 2753 884 iu
2789 831 2906 884 loco
2948 826 3023 880 ita
3055 821 3245 879 scribit
3276 838 3291 875 :
3324 837 3343 870 ι
3386 817 3443 871 Si
3469 815 3615 869 enim

2034 932 2449 1004 cognovissent,
2509 935 2788 992 nunquam
2842 917 3128 974 Dominum
3183 911 3369 982 gloria
3432 904 3615 963 crucia

2037 1001 2418 1082 ﬁxissent“.r
2476 1015 2645 1073 Norat
2694 1014 2915 1081 itaque,
2962 1022 3088 1065 eum
3142 1005 3235 1074 qui
3279 1001 3456 1057 erucis
3484 1013 3616 1067 sup-

2035 1118 2252 1191 plicium
2320 1112 2603 1175 subierat,
2670 1106 2856 1176 gloria
2938 1098 3230 1156 Dominum
3283 1108 3424 1149 esse.
3497 1089 3616 1143 lam

2034 1181 2307 1281 quomodo
2339 1204 2602 1261 Dominus
2625 1199 2812 1272 gloria
2847 1193 3072 1267 gloriam
3109 1206 3138 1244 a
3168 1190 3329 1244 Patre
3378 1181 3619 1252 accipit?

2037 1277 2208 1371 liuius
2255 1297 2577 1370 quastionis
2620 1293 2822 1347 nodum
2869 1282 3295 1351 dispensationis
3342 1278 3483 1333 ratio
3504 1277 3619 1330 dis-

2038 1364 2218 1450 solvit.
2274 1364 2504 1457 -Accipit
2585 1382 2731 1439 enim
2800 1377 3029 1448 gloriam
3106 1381 3166 1427 ut
3195 1371 3401 1435 homo;
3442 1364 3621 1436 pergit

2039 1495 2220 1542 autem
2267 1480 2453 1553 gloria
2502 1475 2760 1532 Dominus
2803 1484 2926 1525 esse
2961 1474 3024 1521 ut
3062 1464 3227 1518 Deus.
3280 1460 3347 1514 Et
3396 1457 3616 1527 quidem

2037 1575 2234 1633 divina
2269 1545 2422 1625 illius
2479 1575 2686 1621 natura
2735 1573 2866 1630 opes
2917 1572 2985 1612 ex
3036 1555 3103 1609 iis
3166 1545 3536 1622 prarogativis
3586 1557 3617 1596 a

2038 1666 2197 1723 nobis
2230 1658 2746 1733 deprehenduntur,
2815 1665 2936 1722 qua
2986 1653 3252 1703 creatura
3305 1638 3619 1694 facultatem

2039 1730 2403 1829 exsuperant;
2450 1760 2509 1807 at
2545 1762 2676 1804 vero
2716 1746 2968 1801 humana
3015 1735 3275 1809 egestatis
3300 1730 3535 1787 conditio
3555 1743 3622 1783 ex

356 1825 450 1848 νυν
492 1825 528 1847 υι
570 1825 726 1852 ινα...
773 1825 1002 1847 eum",
1050 1825 1084 1835 ..
1130 1825 1178 1844 -,
1236 1825 1257 1832 -
1304 1825 1499 1846 ---τη
1567 1825 1577 1826 ,
1766 1825 1778 1839 ι
1922 1825 1931 1830 _

356 1884 451 1939 καὶ
498 1825 571 1936 τὲ
600 1880 788 1934 εἰκότα
824 1877 1043 1948 φρονεῖν
1075 1825 1162 1926 εἴπ’
1193 1825 1343 1940 αὐτῷ
1385 1862 1798 1927 σπουδάζοντες,
1836 1858 1937 1911 οὐκ

2047 1868 2102 1910 eo
2136 1825 2294 1907 nobis
2329 1848 2390 1902 lit
2422 1845 2636 1916 palam,
2685 1837 2831 1909 quod
2894 1833 3143 1903 quadam
3192 1825 3469 1895 accepisse
3495 1836 3623 1891 per-

2442 1936 2477 1948 -
2636 1946 2645 1948 _
2816 1928 2956 1948 ,εμ-
2999 1930 3136 1948 MM,
3256 1924 3477 1948 MM,”
3523 1927 3623 1948 me

354 1975 695 2046 ἀγνοήσομεν
724 1972 887 2042 ἡμεῖς
924 1967 1019 2021 τὸν
1051 1965 1146 2020 καὶ
1167 1965 1226 2017 ὲν
1248 1964 1316 2034 τῇ
1358 1958 1481 2015 καθ’
1518 1957 1667 2029 ἡμᾶς
1694 1950 1938 2022 πτωχείᾳ

355 2065 611 2121 πλούσιον
647 2063 723 2126 ὡς
747 2060 903 2115 Θεόν.

2045 1946 2338 2001 hibeatur:
2383 1958 2402 1991 ι
2438 1936 2573 1992 Cum
2624 1932 2770 1988 enim
2807 1928 2959 1983 dives
2995 1930 3141 1979 esset
3177 1958 3195 1985 ,
3256 1924 3477 1988 propter
3523 1927 3625 1967 nos

2043 2037 2223 2092 factus
2270 2039 2355 2087 est
2398 2040 2601 2098 egenus
2639 2024 2705 2080 ⁸⁸.
2735 2040 2756 2074 ι
2808 2018 3034 2074 Nostras
3071 2012 3295 2085 proinde
3344 2006 3628 2077 cogitatio-

355 2097 610 2121 ἰι-Αυυυιυν
647 2097 720 2126 ινδ
750 2097 903 2115 υῡυνο

353 2174 453 2216 nes
496 2158 562 2213 ad
616 2163 777 2211 recta
817 2149 939 2205 fidei
972 2160 1217 2203 normam
1290 2140 1676 2201 instituentcs,
1705 2142 1762 2189 et
1809 2145 1930 2203 qua
2001 2143 2102 2200 par
2158 2133 2244 2181 est
2295 2122 2362 2177 de
2414 2119 2533 2189 ipso
2580 2113 2785 2171 sentire
2832 2116 3180 2178 satagentes,
3246 2102 3322 2158 ita
3371 2100 3520 2154 illum
3568 2097 3623 2151 in

2545 2208 2576 2216 _
2992 2215 3015 2216 η
3361 2207 3476 2216 --η
3532 2193 3593 2216 Α,

354 2193 453 2216 ..ω
496 2193 562 2213 αν.
617 2193 777 2211 ην...
818 2193 939 2205 ...ω
1497 2193 1505 2194 ,
1662 2193 1675 2201 ,
1826 2193 1844 2203 ,
2003 2193 2020 2200 _

354 2260 595 2309 nostram
639 2252 1016 2319 paupertatem
1048 2254 1107 2296 se
1155 2236 1441 2294 demisisse
1495 2241 1832 2293 statuemus,
1869 2232 1931 2280 ut
1968 2231 2150 2279 tamen
2228 2223 2488 2285 tanquam
2542 2208 2710 2263 Deum
2754 2215 3032 2272 nunquam
3100 2197 3323 2255 divitem
3357 2207 3481 2250 esse
3528 2193 3626 2246 de-

353 2345 511 2401 siisse
566 2350 718 2397 certo
748 2336 910 2393 nobis
957 2332 1405 2406 persuadeamus.

421 2437 564 2493 MH'.
599 2453 619 2489 ι
662 2432 720 2488 '0
754 2430 948 2502 Πατήρ
977 2428 1170 2498 ἀγαπᾷ
1198 2425 1291 2479 τὸν
1318 2422 1470 2488 Υἱὸν,
1504 2419 1602 2475 καὶ
1630 2418 1809 2472 πάντα
1844 2411 1933 2466 se-

350 2532 527 2584 δωκεν
561 2529 619 2581 ὲν
645 2527 714 2598 τῇ
746 2522 893 2596 χειρὶ
918 2519 1106 2575 αὐτοῦ.
1142 2536 1160 2570 ι
1192 2516 1419 2587 Δέχεται
1440 2512 1602 2566 πάλιν
1633 2509 1707 2573 ὡς
1729 2504 1937 2576 ἄνθρω-

352 2638 455 2686 πος
484 2621 514 2674 ό
547 2596 710 2682 Υίόςί
742 2614 884 2686 πλὴν
943 2612 1045 2666 οὐκ
1087 2609 1193 2676 ἔξω
1226 2607 1390 2661 πάλιν
1427 2603 1638 2672 τίθησιν
1688 2597 1879 2653 ἑαυτὸν
1908 2596 1937 2648 ό

354 2711 545 2782 Πατὴρ
572 2707 666 2763 τοῦ
698 2685 877 2761 πάντα
902 2703 1047 2774 ἔχειν
1077 2700 1170 2769 ὑφ’
1200 2696 1410 2767 ἑαυτῷο
1452 2694 1629 2756 διδοὺς
1659 2692 1765 2760 γὰρ
1794 2685 1937 2743 αὐτὰ

352 2803 431 2875 τῷ
642 2800 739 2853 σὺν
783 2794 933 2866 αὐτῷ
985 2794 1254 2863 κατάρχει
1304 2787 1413 2841 τῶν
1460 2785 1627 2848 ὅλων,
1674 2783 1788 2843 τοῖς
1838 2777 1939 2847 τῆς

354 2869 607 2965 θεότητος
653 2890 960 2961 σκήπτροις
1005 2881 1300 2952 ὑποφέρων
1332 2879 1402 2932 δι’
1438 2873 1603 2929 αὐτοῦ
1646 2888 1707 2924 τε
1757 2869 1851 2923 καὶ
1882 2869 1940 2921 ἐν

353 2959 516 3057 αὐτῷ.
556 2984 619 3038 τὸ
665 2959 760 3035 ὲπῖ
809 2979 908 3049 τῆς
949 2976 1057 3046 γῆς
1107 2973 1299 3043 γένος,
1354 2969 1533 3024 καίτοι
1601 2959 1942 3023 διανενευκὸς

357 3054 627 3151 ἀχαλίνως
659 3075 739 3138 εἰς
784 3070 1107 3125 ἀπόστασιν.
1152 3066 1239 3128 Ὦς
1268 3062 1379 3133 γὰρ
1416 3058 1578 3122 αὐτός
1625 3054 1728 3108 πού
1777 3067 1942 3123 φησιν

2111 2403 2349 2462 XLVIII.
2377 2420 2395 2453 ι
2427 2401 2592 2456 Pater
2621 2395 2793 2467 diligit
2832 2392 3052 2459 Filium,
3098 2397 3155 2444 et
3181 2385 3363 2442 omnia
3400 2381 3549 2438 dedit
3573 2379 3626 2434 in

2044 2513 2235 2552 manus
2288 2493 2523 2564 ejus".i
2567 2489 2740 2544 Filius
2805 2484 3005 2552 accipit
3049 2488 3109 2535 ut
3157 2480 3361 2533 homo:
3410 2472 3629 2528 interim

2041 2588 2203 2643 Pater
2251 2601 2281 2640 a
2311 2563 2459 2638 nullo
2501 2594 2689 2635 eorum
2777 2591 2837 2631 se
2870 2573 3146 2633 excludit,
3176 2569 3308 2639 quin
3353 2564 3536 2623 omnia
3576 2563 3630 2618 iu

2042 2684 2314 2749 potestate
2368 2673 2613 2728 habeat:
2656 2682 2719 2723 ea
2748 2667 2892 2720 enim
2938 2663 3074 2717 dans
3125 2658 3286 2724 Filio,
3347 2670 3453 2711 una
3510 2667 3633 2708 cum

2043 2770 2136 2824 illo
2188 2765 2442 2823 omnibus
2504 2759 2835 2816 dominatur.
2903 2753 3011 2808 Sed
3061 2761 3118 2806 et
3176 2751 3352 2819 ipsum
3422 2757 3637 2814 quoque

2043 2856 2358 2914 mortalium
2398 2863 2569 2921 genus
2628 2848 2927 2902 secundum
2979 2856 3043 2896 se
3086 2838 3253 2908 aliqui
3287 2835 3533 2899 infrene,
3582 2842 3638 2888 et

2046 2952 2111 3004 ad
2172 2944 2521 3003 rebellionem
2566 2950 2891 3008 propensum
2942 2931 3249 2988 divinitatis
3283 2927 3511 2997 sceptris
3540 2940 3658 2996 per
3736 2982 3743 2993 1

2048 3040 2202 3096 illum
2232 3036 2335 3092 sihi
2387 3030 2656 3089 submittit
2681 3047 2696 3083 :
2722 3023 3163 3096 quandoquidem
3192 3059 3209 3087 ,
3260 3027 3320 3072 ut
3350 3017 3638 3088 sapientis-

1648 3148 1705 3216 ᾧ,
1734 3109 1937 3216 κόσμον
1963 3133 2007 3192 ο
2041 3131 2212 3187 simus
2239 3126 2437 3182 Paulus
2457 3121 2657 3177 alicubi
2683 3120 2940 3175 admonet
2965 3134 2980 3171 :
3022 3134 3042 3167 ι
3073 3115 3215 3168 Deus
3251 3118 3369 3169 erat
3398 3111 3452 3165 in
3476 3109 3637 3165 Chri-

358 3237 752 3319 καταλλᾶσσων
778 3255 981 3325 ἑαυτῷ.
1018 3271 1036 3305 ι
1067 3251 1181 3305 Kal.
1211 3250 1271 3302 οὐ
1301 3248 1364 3318 δή
1404 3244 1508 3298 πού
1542 3257 1745 3312 φαμεν,
1779 3237 1860 3302 ὡς
1882 3240 1940 3291 ὲν

356 3350 633 3425 ἀνθρώπῳ
654 3347 997 3417 κατοικήσας
1022 3340 1259 3413 Χριστὸς
1285 3338 1472 3408 ἕτερος
1497 3333 1651 3405 παρά
1678 3349 1743 3400 γε
1764 3330 1855 3383 τὸν
1878 3329 1943 3381 ὲκ

357 3419 480 3516 si};-
501 3443 664 3512 ἁγίας
706 3439 984 3511 Παρθένου
1043 3430 1465 3504 γεγεννημένον,
1519 3427 1723 3497 κόσμον
1764 3419 1942 3492 ἑαυτῷ

359 3513 700 3606 κατήλλαττε
739 3528 1018 3602 (φρονοῦσι
1045 3525 1157 3597 γὰρ
1199 3517 1302 3578 ὧδέ
1329 3538 1473 3585 τινες
1497 3519 1606 3573 τῶν
1635 3513 1943 3587 ἀμαθεστέ-

362 3604 499 3698 ρων)
519 3640 533 3654 ·
575 3624 752 3675 ἐκεῖνο
774 3621 832 3675 δὲ
868 3618 1092 3690 μᾶλλον,
1125 3615 1209 3669 ὅτι
1256 3611 1627 3683 κατήλλαττεν
1648 3606 1830 3677 ἑαυτῷ
1855 3604 1946 3659 τὸν

362 3717 569 3786 κόσμον
596 3715 625 3766 ό
663 3712 797 3773 Θεὸς
838 3711 933 3764 καὶ
966 3707 1155 3779 Πατὴρ
1206 3705 1264 3758 ὲν
1325 3700 1575 3771 Χριστῷ·
1617 3699 1810 3769 γέγονε
1838 3698 1948 3766 γὰρ

362 3808 521 3880 ἡμῶν
560 3804 788 3877 μεσίτης
836 3798 1271 3871 ὲνανθρωπήσας
1302 3797 1330 3849 ὁ
1355 3794 1504 3857 Υἱὸς,
1538 3792 1634 3846 καὶ
1655 3787 1766 3844 οἷον
1799 3788 1949 3842 διαλ-

362 3878 566 3970 λακτὴς
591 3898 670 3959 εἰς
703 3892 952 3963 εἰρήνην,
987 3891 1088 3960 οὐχ
1114 3889 1286 3958 ἑτέρῳ
1335 3882 1614 3956 προξενῶν
1642 3882 1753 3934 τῶν
1782 3882 1840 3933 έν
1872 3878 1949 3949 τῷ

364 3968 557 4062 κόσμῷ
580 3987 677 4059 τὴν
713 3982 1020 4053 ὑποταγὴν,
1056 3979 1174 4032 ἀλλ’
1201 3978 1277 4041 ὡς
1301 3979 1358 4030 ὲν
1389 3975 1504 4044 ἰδίῳ
1540 3972 1850 4044 προσώπῳ,
1871 3968 1951 4039 τῷ

365 4061 488 4155 Θεῷ
512 4061 606 4136 καὶ
630 4077 828 4148 Πατρί.
862 4072 1086 4144 Χριστῷ
1117 4070 1229 4141 γὰρ
1257 4066 1718 4137 κατηλλαγμένοι,
1749 4061 1953 4133 κατηλ-

365 4173 615 4245 λάγμεθα
643 4171 711 4225 δι’
748 4165 913 4223 αὐτοῦ
945 4182 1004 4219 τε
1040 4164 1135 4218 καὶ
1160 4163 1221 4215 ἐν
1254 4158 1402 4229 αὐτῷ
1433 4157 1511 4227 τῷ
1542 4155 1760 4210 πάντων
1797 4151 1953 4224 ήμῶν

368 4244 582 4336 Σωτῆρι
608 4260 746 4333 Θεῷ.
782 4256 1075 4328 Τοιγάρτοι
1109 4253 1203 4308 καὶ
1232 4250 1441 4320 ἔφασκε
1465 4264 1479 4278 ·
1508 4265 1527 4301 t
1566 4244 1731 4300 Δεῦτε
1754 4244 1954 4306 πάντες

369 4332 636 4430 πρός-με,
667 4332 717 4406 oi
757 4348 1150 4409 κεκοπιακότες
1185 4344 1282 4399 καὶ
1321 4338 1773 4411 πεφορτισμένοι,
1798 4332 1957 4402 κάγὼ

369 4446 669 4504 ἀναπαύσω
695 4444 862 4515 ὑμᾶς.
906 4461 925 4493 ι
959 4441 1082 4493 Ὅτι
1108 4438 1165 4491 δὲ
1192 4438 1306 4500 τοῖς
1330 4432 1467 4506 πρὸς
1496 4432 1598 4485 αὐτ

373 4542 510 4612 πρὸς
543 4537 731 4611 ἔτερόν
758 4552 881 4589 τινα
917 4533 1116 4603 γένοιτ’
1151 4530 1217 4584 ἂν
1265 4529 1295 4599 ἡ
1324 4523 1665 4593 καταλλαγὴ,
1697 4521 1838 4592 πλὴν
1873 4520 1957 4573 ὅτι

374 4632 512 4705 πρὸς
558 4631 692 4684 Θεὸν
722 4627 813 4681 τὸν
847 4625 1007 4696 φύσει
1050 4622 1145 4676 καὶ
1178 4619 1415 4691 ἀληθῶς,
1468 4615 1959 4689 πεπληροφόρηκεν

375 4704 577 4777 εἰπών’
622 4740 641 4773 ι
688 4720 747 4773 '0
775 4715 1048 4770 πιστεύων
1079 4715 1159 4777 εἰς
1193 4711 1292 4781 ἐμὲ
1333 4711 1395 4763 οὐ
1438 4706 1682 4761 πιστεύει
1715 4707 1795 4770 εἰς
1835 4704 1953 4775 ἐμὲ,

377 4815 489 4872 ἀλλ’
515 4816 595 4879 εἰς
629 4813 722 4867 τὸν
753 4807 1049 4880 πέμψαντά
1087 4822 1178 4876 με.
1212 4803 1320 4858 Καὶ
1345 4805 1374 4856 ό
1412 4800 1635 4872 θεωρῶν
1686 4798 1787 4869 ἐμὲ
1821 4797 1960 4850 θεω-

383 4910 466 4979 ρεῖ
484 4907 575 4961 τὸν
600 4900 893 4976 πέμψαντά
925 4915 1011 4971 με.
1027 4917 1045 4950 ι
1082 4894 1203 4949 Ὀτὲ
1233 4894 1289 4947 δὲ
1318 4893 1501 4947 πάλιν*
1525 4909 1544 4943 ι
1567 4888 1857 4943 Πιστεύετε
1882 4887 1964 4951 εἰς

379 5001 470 5054 τὸν
501 4998 654 5063 Θεὸν,
686 4995 782 5050 καὶ
802 4994 881 5057 εἰς
911 4989 1011 5061 ἐμὲ
1037 4985 1345 5040 πιστεύετε.
1370 5002 1389 5034 ι

451 5257 587 5312 ΜΘν.
625 5270 645 5305 ο
691 5252 897 5322 Πάτερ,
923 5247 1183 5320 ἐλήλυθεν
1227 5245 1261 5315 ἡ
1290 5242 1429 5315 ὥρα,
1475 5239 1707 5308 δόξασόν
1740 5254 1835 5291 σου
1873 5236 1968 5291 τὸν

386 5349 538 5413 Υίὸν,
580 5346 665 5401 ἵνα
708 5347 806 5397 καὶ
833 5342 862 5394 ό
888 5341 1019 5404 Υἱός
1053 5356 1147 5393 σου
1169 5336 1368 5404 δοξάσῃ
1411 5348 1494 5386 σε.
1532 5328 1733 5391 Καθὼς
1761 5327 1968 5389 ἔδωκας

386 5437 537 5508 αὐτῷ
583 5435 834 5501 ἐξουσίαν
873 5432 1057 5502 πάσης
1105 5428 1327 5500 σαρκὸς,
1370 5426 1457 5479 ἴνα
1508 5424 1618 5476 πᾶν
1660 5421 1688 5473 ὃ
1727 5419 1967 5481 δέδωκας

389 5527 560 5600 αὐτῷ,
590 5527 736 5598 δώσῃ
776 5524 960 5587 αὐτοῖς
991 5520 1137 5593 ζωὴν
1165 5517 1402 5575 αἰώνιον.
1433 5534 1451 5569 ι
1481 5512 1835 5586 Παράκλητος
1867 5509 1969 5580 μὲν

463 5702 507 5733 ιδ
543 5700 559 5754 I
593 5701 717 5757 Cor.
752 5697 890 5761 ",2.
972 5694 1014 5726 ⁸⁸
1047 5691 1086 5747 Il
1111 5691 1238 5749 Cor.
1273 5706 1392 5761 νιιι,
1419 5687 1472 5744 9.
1554 5686 1598 5718 ¹⁶
1629 5684 1784 5761 Jour}.
1814 5700 1899 5750 ιιι,
1932 5683 2022 5742 55.

394 5773 481 5840 Η,
514 5771 605 5827 45.
681 5769 725 5801 ⁸ο
752 5757 909 5824 Joan.
937 5779 1048 5830 xrv,
1084 5763 1137 5820 Ι.
1213 5764 1257 5796 ⁸³
1297 5760 1452 5819 Joan.
1477 5773 1611 5824 xm,
1643 5758 1692 5824 l,
1730 5757 1785 5812 ‘2.

2043 3232 2153 3287 sto,
2180 3219 2439 3293 mundum
2466 3213 2821 3270 reconcilians
2842 3209 2946 3264 sibi
2970 3208 3038 3263 ".
3067 3226 3085 3259 ι
3109 3206 3207 3260 Hic
3235 3213 3413 3259 autem
3433 3216 3640 3271 nequa-

2045 3329 2207 3385 quam
2254 3310 2575 3374 asserimus,
2614 3307 2667 3363 id
2698 3304 2843 3376 quod
2874 3301 3127 3356 rudiores
3164 3299 3382 3370 quidam
3410 3296 3638 3354 faciunt.

2046 3406 2209 3460 alium
2277 3403 2345 3457 ab
2396 3415 2462 3456 eo
2511 3414 2672 3470 quem
2717 3411 2872 3453 sacra
2912 3392 3090 3461 Virgo
3137 3391 3301 3463 169
3353 3389 3406 3444 in
3462 3388 3637 3443 lucem

2045 3498 2212 3555 edidit
2235 3535 2250 3561 ,
2281 3494 2557 3550 Christum
2606 3492 2660 3545 in
2696 3490 2914 3545 homine
2952 3486 3319 3549 inhabitasse,
3354 3482 3643 3536 mundum-

2048 3608 2155 3663 que
2213 3590 2315 3647 sibi
2354 3584 2783 3648 reeonciliasse;
2827 3579 2924 3636 sed
2967 3579 3256 3646 ipsummet
3316 3571 3639 3628 Deum-Pa-

2048 3662 2188 3737 trem
2219 3682 2272 3735 in
2334 3677 2551 3733 Christo
2599 3673 2860 3729 mundum
2903 3670 3007 3726 sibi
3038 3665 3503 3722 recouciliavisse.
3557 3662 3644 3717 Fi-

2051 3777 2154 3831 lius
2195 3786 2429 3842 namque
2482 3779 2601 3840 post
2633 3769 2929 3823 humanam
2999 3773 3248 3817 naturam
3309 3764 3643 3826 assumptam

2051 3863 2228 3919 factus
2288 3869 2373 3916 est
2438 3858 2746 3920 mediator,
2818 3861 2876 3908 et
2932 3853 2999 3905 ad
3030 3864 3220 3919 pacem
3294 3845 3642 3901 obtinendam

2052 3952 2459 4025 quodammodo
2514 3945 2938 4007 reconciliator,
2972 3955 3080 3995 non
3132 3937 3294 3992 alteri
3328 3936 3560 4004 cuipiam
3588 3934 3641 3987 in

2051 4044 2254 4101 mundo
2297 4040 2664 4099 obedientiam
2700 4034 3029 4095 concilians,
3066 4033 3161 4087 sed
3195 4039 3254 4084 ut
3319 4029 3372 4081 iu
3424 4025 3642 4097 propria

2052 4133 2284 4206 persona
2316 4135 2424 4188 Deo
2468 4131 2617 4186 Patri
2649 4148 2663 4185 :
2714 4125 3155 4200 quandoquidem
3210 4121 3427 4178 Christo
3457 4133 3647 4174 recon-

2056 4227 2226 4283 ciliati
2249 4265 2264 4291 ,
2300 4240 2398 4296 per
2426 4225 2604 4295 ipsum
2648 4232 2704 4278 et
2732 4222 2784 4276 in
2816 4221 2936 4290 ipso
2960 4258 2976 4283 ,
3030 4218 3138 4272 Deo
3163 4228 3379 4286 quoque
3404 4211 3645 4268 omnium

2059 4319 2328 4374 Salvatori
2387 4315 2827 4372 reconciliamur.
2879 4311 3017 4366 Hinc
3053 4309 3228 4364 illud:
3268 4326 3287 4359 ι
3320 4306 3514 4361 Venite
3584 4304 3650 4357 ad

1601 4430 1660 4483 ὸν
1693 4426 1865 4482 ἰοῦσιν
1891 4425 1953 4479 οὐ

2059 4425 2168 4477 me,
2203 4423 2392 4464 omnes
2434 4408 2528 4477 qui
2556 4406 2819 4460 laboratis
2867 4413 2922 4459 et
2960 4401 3172 4457 onerati
3228 4397 3384 4461 estis,
3439 4405 3493 4448 et
3550 4410 3651 4464 ego

1987 4476 2032 4532 D
2066 4501 2307 4557 reﬁciam
2349 4476 2537 4554 vos".
2568 4514 2587 4548 ι
2642 4495 2797 4562 Quod
2831 4493 2866 4547 ii
2922 4501 3102 4545 autem
3150 4487 3240 4556 qui
3288 4484 3355 4539 ad
3410 4483 3560 4537 illum
3595 4498 3653 4536 se

2066 4591 2404 4661 adiungunt,
2488 4602 2595 4643 non
2652 4584 2811 4639 alteri
2870 4581 3103 4651 cuipiam
3185 4574 3652 4639 reconcilientur,

2018 4721 2024 4726 ς
2068 4697 2230 4754 quam
2263 4695 2394 4735 vero
2454 4677 2801 4747 naturalique
2858 4672 3006 4737 Deo,
3062 4668 3192 4723 illud
3231 4667 3372 4721 idem
3430 4666 3542 4733 ipse
3570 4662 3656 4717 his

2068 4752 2250 4828 verbis
2321 4770 2664 4841 perspicuum
2734 4764 2867 4820 facit
2898 4781 2912 4795 ο
2953 4780 2971 4813 ι
3008 4759 3148 4827 Qui,
3220 4755 3431 4825 inquit,
3481 4752 3659 4807 credit

2071 4867 2126 4921 in
2190 4878 2310 4929 me,
2345 4860 2452 4916 neu
2483 4861 2656 4916 credit
2687 4859 2739 4913 in
2776 4872 2862 4912 me
2889 4894 2905 4919 ,
2937 4853 3032 4908 sed
3098 4851 3151 4905 in
3200 4864 3323 4904 eum
3363 4845 3456 4917 qui
3513 4843 3658 4898 misit

2070 4972 2177 5014 me.
2220 4958 2286 5012 Et
2325 4956 2417 5026 qui
2449 4953 2594 5008 videt
2622 4967 2742 5017 me,
2777 4949 2923 5004 videt
2952 4959 3076 5002 eum
3123 4943 3214 5013 qui
3268 4941 3418 4996 misit
3445 4951 3529 4994 me
3554 4938 3654 4990 ".3

2074 5051 2138 5105 Et
2190 5063 2451 5104 rursum:
2488 5063 2508 5097 ι
2569 5043 2787 5100 Credite
2843 5041 2897 5095 iu
2954 5037 3124 5094 Deum
3153 5073 3168 5102 ,
3207 5034 3339 5090 etiu
3374 5047 3480 5087 .me
3533 5042 3659 5085 cre-

2072 5143 2181 5198 dite
2202 5142 2263 5194 ³ο.
2282 5159 2301 5193 ι
2456 5127 2478 5157 ⁸

2142 5229 2330 5285 XLIX.
2364 5247 2383 5281 ι
2420 5231 2601 5295 Pater,
2632 5227 2781 5281 venit
2808 5223 2965 5287 hora,
3000 5218 3234 5275 clariﬁca
3259 5212 3452 5267 Filium
3486 5217 3658 5273 tuum,

2071 5333 2131 5379 ut
2175 5331 2231 5379 et
2282 5321 2453 5377 Filius
2525 5330 2655 5377 tuus
2717 5315 2980 5374 clariﬁcet
3022 5322 3093 5367 te.
3151 5309 3303 5362 Sicut
3357 5300 3555 5357 dedisti
3608 5299 3658 5354 ei

2076 5421 2397 5484 potestatem
2433 5412 2613 5468 omnis
2642 5409 2855 5470 carnis,
2893 5414 2953 5458 ut
2981 5415 3143 5457 omne
3187 5397 3330 5467 quod
3357 5391 3554 5449 dedisti
3585 5390 3658 5459 ei,

2077 5481 2168 5562 det
2191 5505 2270 5562 eis
2314 5506 2483 5560 vitam
2528 5498 2924 5561 aternam“.r
2967 5492 3275 5548 Advocatus
3313 5493 3368 5542 et
3396 5481 3656 5555 propitia-

2125 5684 2166 5715 "
2204 5680 2394 5739 llCor.
2431 5696 2481 5748 ν,
2520 5677 2603 5735 19.
2712 5674 2755 5708 ”’
2784 5671 2973 5729 Mitth.
3005 5685 3082 5736 xi,
3113 5667 3205 5722 28.
3287 5664 3328 5696 "
3362 5662 3515 5719 Joan.
3557 5672 3661 5720 xtl,
