  <div class='ocr_page' id='page_1' title='image "/cluster/home/n/w/nwhite01/storage/ocr_20150623/76:no.9/coo.31924054869775/709.png"; bbox 0 0 4076 6414; ppageno 0'>
   <div class='ocr_carea' id='block_1_1' title="bbox 459 337 595 392">
    <p class='ocr_par' dir='ltr' id='par_1_1' title="bbox 459 337 595 392">
     <span class='ocr_line' id='line_1_1' title="bbox 459 337 595 392; baseline 0.015 -1"><span class='ocrx_word' id='word_1_1' title='bbox 459 337 595 392; x_wconf 72' lang='lat'><strong>“03</strong></span> 
     </span>
    </p>
   </div>
   <div class='ocr_carea' id='block_1_2' title="bbox 1457 333 2695 395">
    <p class='ocr_par' dir='ltr' id='par_1_2' title="bbox 1457 333 2695 395">
     <span class='ocr_line' id='line_1_2' title="bbox 1457 333 2695 395; baseline 0 -3"><span class='ocrx_word' id='word_1_2' title='bbox 1457 337 1515 392; x_wconf 84' lang='lat' dir='ltr'><strong>S.</strong></span> <span class='ocrx_word' id='word_1_3' title='bbox 1549 337 1827 395; x_wconf 80' lang='lat' dir='ltr'><strong>CYRILLI</strong></span> <span class='ocrx_word' id='word_1_4' title='bbox 1863 333 2334 394; x_wconf 78' lang='lat' dir='ltr'><strong>ALEXANDRINI</strong></span> <span class='ocrx_word' id='word_1_5' title='bbox 2367 333 2695 393; x_wconf 83' lang='lat' dir='ltr'><strong>ARClllEl‘.</strong></span> 
     </span>
    </p>
   </div>
   <div class='ocr_carea' id='block_1_3' title="bbox 3581 340 3718 395">
    <p class='ocr_par' dir='ltr' id='par_1_3' title="bbox 3581 340 3718 395">
     <span class='ocr_line' id='line_1_3' title="bbox 3581 340 3718 395; baseline 0 -1"><span class='ocrx_word' id='word_1_6' title='bbox 3581 340 3718 395; x_wconf 70' lang='grc' dir='ltr'><strong>14οι</strong></span> 
     </span>
    </p>
   </div>
   <div class='ocr_carea' id='block_1_4' title="bbox 454 452 2014 530">
    <p class='ocr_par' dir='ltr' id='par_1_4' title="bbox 454 452 2014 527">
     <span class='ocr_line' id='line_1_4' title="bbox 454 452 2014 527; baseline 0.001 -17"><span class='ocrx_word' id='word_1_7' title='bbox 454 467 542 510; x_wconf 89' lang='lat' dir='ltr'><strong>tor</strong></span> <span class='ocrx_word' id='word_1_8' title='bbox 596 454 897 527; x_wconf 76' lang='lat' dir='ltr'><strong>appellatur</strong></span> <span class='ocrx_word' id='word_1_9' title='bbox 949 454 1116 509; x_wconf 85' lang='lat' dir='ltr'><strong>Filius</strong></span> <span class='ocrx_word' id='word_1_10' title='bbox 1137 455 1202 507; x_wconf 82' lang='grc'><strong>²¹.</strong></span> <span class='ocrx_word' id='word_1_11' title='bbox 1238 452 1358 522; x_wconf 81' lang='lat' dir='ltr'><strong>Ipse</strong></span> <span class='ocrx_word' id='word_1_12' title='bbox 1403 455 1548 509; x_wconf 85' lang='lat' dir='ltr'><strong>enim</strong></span> <span class='ocrx_word' id='word_1_13' title='bbox 1582 457 1892 512; x_wconf 87' lang='lat' dir='ltr'><strong>hominibus</strong></span> <span class='ocrx_word' id='word_1_14' title='bbox 1932 472 2014 512; x_wconf 66' lang='lat' dir='ltr'><strong>cui</strong></span> 
     </span>
    </p>
   </div>
   <div class='ocr_carea' id='block_1_5' title="bbox 2121 452 3716 530">
    <p class='ocr_par' dir='ltr' id='par_1_5' title="bbox 2143 453 3716 530">
     <span class='ocr_line' id='line_1_5' title="bbox 2143 453 3716 530; baseline 0.003 -23"><span class='ocrx_word' id='word_1_15' title='bbox 2143 453 2235 507; x_wconf 79' lang='grc' dir='ltr'>καὶ</span> <span class='ocrx_word' id='word_1_16' title='bbox 2270 453 2583 524; x_wconf 76' lang='grc' dir='ltr'><strong>ἱλαστήριον</strong></span> <span class='ocrx_word' id='word_1_17' title='bbox 2631 457 2660 508; x_wconf 99' lang='lat'><strong>6</strong></span> <span class='ocrx_word' id='word_1_18' title='bbox 2703 455 2831 520; x_wconf 83' lang='grc' dir='ltr'>Υἱὸς</span> <span class='ocrx_word' id='word_1_19' title='bbox 2873 455 3201 527; x_wconf 84' lang='grc' dir='ltr'>ὠνόμασται.</span> <span class='ocrx_word' id='word_1_20' title='bbox 3251 455 3559 528; x_wconf 83' lang='grc' dir='ltr'>Καθίστησι</span> <span class='ocrx_word' id='word_1_21' title='bbox 3607 458 3716 530; x_wconf 83' lang='grc' dir='ltr'><strong>γὰρ</strong></span> 
     </span>
    </p>
   </div>
   <div class='ocr_carea' id='block_1_6' title="bbox 454 547 2030 618">
    <p class='ocr_par' dir='ltr' id='par_1_6' title="bbox 454 547 2030 618">
     <span class='ocr_line' id='line_1_6' title="bbox 454 547 2030 618; baseline 0.003 -17"><span class='ocrx_word' id='word_1_22' title='bbox 454 555 644 601; x_wconf 85' lang='lat' dir='ltr'><strong>testem</strong></span> <span class='ocrx_word' id='word_1_23' title='bbox 705 548 918 602; x_wconf 89' lang='lat' dir='ltr'><strong>Patrem</strong></span> <span class='ocrx_word' id='word_1_24' title='bbox 999 547 1316 601; x_wconf 83' lang='lat' dir='ltr'><strong>benevolum</strong></span> <span class='ocrx_word' id='word_1_25' title='bbox 1367 550 1762 618; x_wconf 90' lang='lat' dir='ltr'><strong>propitiumque</strong></span> <span class='ocrx_word' id='word_1_26' title='bbox 1813 552 2030 614; x_wconf 86' lang='lat' dir='ltr'><strong>reddit,</strong></span> 
     </span>
    </p>
   </div>
   <div class='ocr_carea' id='block_1_7' title="bbox 455 638 2035 705">
    <p class='ocr_par' dir='ltr' id='par_1_7' title="bbox 455 638 2035 705">
     <span class='ocr_line' id='line_1_7' title="bbox 455 638 2035 705; baseline 0.004 -15"><span class='ocrx_word' id='word_1_27' title='bbox 455 649 617 705; x_wconf 86' lang='lat' dir='ltr'><strong>atque</strong></span> <span class='ocrx_word' id='word_1_28' title='bbox 658 639 777 692; x_wconf 89' lang='lat' dir='ltr'><strong>ideo</strong></span> <span class='ocrx_word' id='word_1_29' title='bbox 811 638 1048 692; x_wconf 91' lang='lat' dir='ltr'><strong>omnium</strong></span> <span class='ocrx_word' id='word_1_30' title='bbox 1095 639 1356 692; x_wconf 91' lang='lat' dir='ltr'><strong>bonorum</strong></span> <span class='ocrx_word' id='word_1_31' title='bbox 1393 641 1547 694; x_wconf 92' lang='lat' dir='ltr'><strong>nobis</strong></span> <span class='ocrx_word' id='word_1_32' title='bbox 1581 651 1768 696; x_wconf 85' lang='lat' dir='ltr'><strong>auctor</strong></span> <span class='ocrx_word' id='word_1_33' title='bbox 1801 651 1900 696; x_wconf 87' lang='lat' dir='ltr'><strong>est.</strong></span> <span class='ocrx_word' id='word_1_34' title='bbox 1941 643 2035 697; x_wconf 87' lang='lat' dir='ltr'><strong>Ve-</strong></span> 
     </span>
    </p>
   </div>
   <div class='ocr_carea' id='block_1_8' title="bbox 458 729 2030 800">
    <p class='ocr_par' dir='ltr' id='par_1_8' title="bbox 458 729 2030 800">
     <span class='ocr_line' id='line_1_8' title="bbox 458 729 2030 800; baseline 0.004 -19"><span class='ocrx_word' id='word_1_35' title='bbox 458 741 756 782; x_wconf 88' lang='lat' dir='ltr'><strong>rumtamen</strong></span> <span class='ocrx_word' id='word_1_36' title='bbox 834 729 1183 796; x_wconf 82' lang='lat' dir='ltr'><strong>inquisitione</strong></span> <span class='ocrx_word' id='word_1_37' title='bbox 1223 729 1446 799; x_wconf 78' lang='lat' dir='ltr'><strong>dignum</strong></span> <span class='ocrx_word' id='word_1_38' title='bbox 1481 741 1598 797; x_wconf 85' lang='lat' dir='ltr'><strong>est,</strong></span> <span class='ocrx_word' id='word_1_39' title='bbox 1653 747 1885 800; x_wconf 88' lang='lat' dir='ltr'><strong>quanam</strong></span> <span class='ocrx_word' id='word_1_40' title='bbox 1940 748 2030 788; x_wconf 81' lang='lat' dir='ltr'><strong>ra-</strong></span> 
     </span>
    </p>
   </div>
   <div class='ocr_carea' id='block_1_9' title="bbox 453 818 2031 893">
    <p class='ocr_par' dir='ltr' id='par_1_9' title="bbox 453 818 2031 893">
     <span class='ocr_line' id='line_1_9' title="bbox 453 818 2031 893; baseline 0.004 -23"><span class='ocrx_word' id='word_1_41' title='bbox 453 820 598 872; x_wconf 82' lang='lat' dir='ltr'><strong>tione</strong></span> <span class='ocrx_word' id='word_1_42' title='bbox 631 818 788 872; x_wconf 81' lang='lat' dir='ltr'><strong>l’ater</strong></span> <span class='ocrx_word' id='word_1_43' title='bbox 817 819 1077 887; x_wconf 71' lang='lat' dir='ltr'><strong>gleriﬂeet</strong></span> <span class='ocrx_word' id='word_1_44' title='bbox 1110 820 1301 874; x_wconf 85' lang='lat' dir='ltr'><strong>Filium</strong></span> <span class='ocrx_word' id='word_1_45' title='bbox 1349 831 1401 875; x_wconf 93' lang='lat' dir='ltr'><strong>et</strong></span> <span class='ocrx_word' id='word_1_46' title='bbox 1451 820 1618 877; x_wconf 84' lang='lat' dir='ltr'><strong>Filius</strong></span> <span class='ocrx_word' id='word_1_47' title='bbox 1651 823 1884 877; x_wconf 82' lang='lat' dir='ltr'><strong>vicissim</strong></span> <span class='ocrx_word' id='word_1_48' title='bbox 1914 824 2031 893; x_wconf 79' lang='lat' dir='ltr'><strong>glo-</strong></span> 
     </span>
    </p>
   </div>
   <div class='ocr_carea' id='block_1_10' title="bbox 454 910 2032 981">
    <p class='ocr_par' dir='ltr' id='par_1_10' title="bbox 454 910 2032 981">
     <span class='ocr_line' id='line_1_10' title="bbox 454 910 2032 981; baseline 0.004 -18"><span class='ocrx_word' id='word_1_49' title='bbox 454 911 624 965; x_wconf 87' lang='lat' dir='ltr'><strong>ritlcet</strong></span> <span class='ocrx_word' id='word_1_50' title='bbox 667 910 904 966; x_wconf 87' lang='lat' dir='ltr'><strong>Patrem.</strong></span> <span class='ocrx_word' id='word_1_51' title='bbox 937 913 1026 966; x_wconf 82' lang='lat' dir='ltr'><strong>Ait</strong></span> <span class='ocrx_word' id='word_1_52' title='bbox 1055 928 1182 981; x_wconf 82' lang='lat' dir='ltr'><strong>ergo</strong></span> <span class='ocrx_word' id='word_1_53' title='bbox 1218 915 1502 968; x_wconf 75' lang='lat' dir='ltr'><strong>advenisse</strong></span> <span class='ocrx_word' id='word_1_54' title='bbox 1552 915 1773 981; x_wconf 89' lang='lat' dir='ltr'><strong>horam,</strong></span> <span class='ocrx_word' id='word_1_55' title='bbox 1807 917 1908 970; x_wconf 91' lang='lat' dir='ltr'><strong>hoc</strong></span> <span class='ocrx_word' id='word_1_56' title='bbox 1948 925 2032 970; x_wconf 88' lang='lat' dir='ltr'><strong>est</strong></span> 
     </span>
    </p>
   </div>
   <div class='ocr_carea' id='block_1_11' title="bbox 453 1004 2032 1076">
    <p class='ocr_par' dir='ltr' id='par_1_11' title="bbox 453 1004 2032 1076">
     <span class='ocr_line' id='line_1_11' title="bbox 453 1004 2032 1076; baseline 0.005 -24"><span class='ocrx_word' id='word_1_57' title='bbox 453 1012 696 1070; x_wconf 77' lang='lat' dir='ltr'><strong>terimus,</strong></span> <span class='ocrx_word' id='word_1_58' title='bbox 757 1004 808 1056; x_wconf 93' lang='lat' dir='ltr'><strong>in</strong></span> <span class='ocrx_word' id='word_1_59' title='bbox 859 1020 966 1072; x_wconf 88' lang='lat' dir='ltr'><strong>quo</strong></span> <span class='ocrx_word' id='word_1_60' title='bbox 996 1005 1167 1073; x_wconf 88' lang='lat' dir='ltr'><strong>ipsum</strong></span> <span class='ocrx_word' id='word_1_61' title='bbox 1203 1005 1358 1074; x_wconf 88' lang='lat' dir='ltr'><strong>plane</strong></span> <span class='ocrx_word' id='word_1_62' title='bbox 1396 1022 1494 1076; x_wconf 90' lang='lat' dir='ltr'><strong>pro</strong></span> <span class='ocrx_word' id='word_1_63' title='bbox 1535 1008 1719 1061; x_wconf 89' lang='lat' dir='ltr'><strong>mundi</strong></span> <span class='ocrx_word' id='word_1_64' title='bbox 1771 1007 1879 1062; x_wconf 86' lang='lat' dir='ltr'><strong>vita</strong></span> <span class='ocrx_word' id='word_1_65' title='bbox 1908 1023 2032 1062; x_wconf 85' lang='lat' dir='ltr'><strong>cru-</strong></span> 
     </span>
    </p>
   </div>
   <div class='ocr_carea' id='block_1_12' title="bbox 447 1090 2027 1165">
    <p class='ocr_par' dir='ltr' id='par_1_12' title="bbox 447 1090 2027 1165">
     <span class='ocr_line' id='line_1_12' title="bbox 447 1090 2027 1165; baseline 0.005 -23"><span class='ocrx_word' id='word_1_66' title='bbox 447 1090 530 1144; x_wconf 85' lang='lat' dir='ltr'><strong>cis</strong></span> <span class='ocrx_word' id='word_1_67' title='bbox 571 1091 890 1158; x_wconf 84' lang='lat' dir='ltr'><strong>supplicium</strong></span> <span class='ocrx_word' id='word_1_68' title='bbox 924 1093 1108 1146; x_wconf 84' lang='lat' dir='ltr'><strong>subire</strong></span> <span class='ocrx_word' id='word_1_69' title='bbox 1157 1103 1454 1162; x_wconf 83' lang='lat' dir='ltr'><strong>Oporteret.</strong></span> <span class='ocrx_word' id='word_1_70' title='bbox 1507 1095 1611 1150; x_wconf 87' lang='lat' dir='ltr'><strong>Par</strong></span> <span class='ocrx_word' id='word_1_71' title='bbox 1637 1106 1755 1151; x_wconf 89' lang='lat' dir='ltr'><strong>erat</strong></span> <span class='ocrx_word' id='word_1_72' title='bbox 1804 1107 1984 1152; x_wconf 87' lang='lat' dir='ltr'><strong>autem</strong></span> <span class='ocrx_word' id='word_1_73' title='bbox 2011 1139 2027 1165; x_wconf 86' lang='lat'><strong>,</strong></span> 
     </span>
    </p>
   </div>
   <div class='ocr_carea' id='block_1_13' title="bbox 450 1179 2033 1253">
    <p class='ocr_par' dir='ltr' id='par_1_13' title="bbox 450 1179 2033 1253">
     <span class='ocr_line' id='line_1_13' title="bbox 450 1179 2033 1253; baseline 0.007 -22"><span class='ocrx_word' id='word_1_74' title='bbox 450 1191 509 1232; x_wconf 91' lang='lat' dir='ltr'><strong>ut</strong></span> <span class='ocrx_word' id='word_1_75' title='bbox 554 1179 712 1234; x_wconf 78' lang='lat' dir='ltr'><strong>l&#39;ater</strong></span> <span class='ocrx_word' id='word_1_76' title='bbox 754 1180 945 1234; x_wconf 85' lang='lat' dir='ltr'><strong>Filium</strong></span> <span class='ocrx_word' id='word_1_77' title='bbox 977 1198 1073 1252; x_wconf 89' lang='lat' dir='ltr'><strong>per</strong></span> <span class='ocrx_word' id='word_1_78' title='bbox 1102 1185 1550 1240; x_wconf 85' lang='lat' dir='ltr'><strong>resurrectionem</strong></span> <span class='ocrx_word' id='word_1_79' title='bbox 1579 1202 1644 1240; x_wconf 74' lang='lat' dir='ltr'><strong>ex</strong></span> <span class='ocrx_word' id='word_1_80' title='bbox 1675 1188 1900 1241; x_wconf 85' lang='lat' dir='ltr'><strong>mortuis</strong></span> <span class='ocrx_word' id='word_1_81' title='bbox 1925 1186 2033 1253; x_wconf 76' lang='lat' dir='ltr'><strong>glo-</strong></span> 
     </span>
    </p>
   </div>
   <div class='ocr_carea' id='block_1_14' title="bbox 451 1271 2027 1344">
    <p class='ocr_par' dir='ltr' id='par_1_14' title="bbox 451 1271 2027 1344">
     <span class='ocr_line' id='line_1_14' title="bbox 451 1271 2027 1344; baseline 0.004 -21"><span class='ocrx_word' id='word_1_82' title='bbox 451 1271 724 1339; x_wconf 82' lang='lat' dir='ltr'><strong>riﬁcaret,</strong></span> <span class='ocrx_word' id='word_1_83' title='bbox 778 1273 988 1342; x_wconf 86' lang='lat' dir='ltr'><strong>sibique</strong></span> <span class='ocrx_word' id='word_1_84' title='bbox 1033 1277 1550 1332; x_wconf 86' lang='lat' dir='ltr'><strong>consubstantialem</strong></span> <span class='ocrx_word' id='word_1_85' title='bbox 1607 1286 1662 1334; x_wconf 92' lang='lat' dir='ltr'><strong>et</strong></span> <span class='ocrx_word' id='word_1_86' title='bbox 1707 1277 1977 1332; x_wconf 79' lang='lat' dir='ltr'><strong>viviﬁcum</strong></span> <span class='ocrx_word' id='word_1_87' title='bbox 2008 1317 2027 1344; x_wconf 91' lang='lat'><em>,</em></span> 
     </span>
    </p>
   </div>
   <div class='ocr_carea' id='block_1_15' title="bbox 445 1367 2030 1440">
    <p class='ocr_par' dir='ltr' id='par_1_15' title="bbox 445 1367 2030 1440">
     <span class='ocr_line' id='line_1_15' title="bbox 445 1367 2030 1440; baseline 0.007 -26"><span class='ocrx_word' id='word_1_88' title='bbox 445 1372 499 1414; x_wconf 89' lang='lat' dir='ltr'><strong>et</strong></span> <span class='ocrx_word' id='word_1_89' title='bbox 553 1373 726 1417; x_wconf 93' lang='lat' dir='ltr'><strong>morte</strong></span> <span class='ocrx_word' id='word_1_90' title='bbox 777 1367 1147 1432; x_wconf 86' lang='lat' dir='ltr'><strong>superiorem,</strong></span> <span class='ocrx_word' id='word_1_91' title='bbox 1191 1379 1247 1422; x_wconf 92' lang='lat' dir='ltr'><strong>et</strong></span> <span class='ocrx_word' id='word_1_92' title='bbox 1296 1378 1541 1424; x_wconf 89' lang='lat' dir='ltr'><strong>naturam</strong></span> <span class='ocrx_word' id='word_1_93' title='bbox 1597 1385 1626 1423; x_wconf 86' lang='lat' dir='ltr'><strong>a</strong></span> <span class='ocrx_word' id='word_1_94' title='bbox 1682 1371 2030 1440; x_wconf 88' lang='lat' dir='ltr'><strong>corruptione</strong></span> 
     </span>
    </p>
   </div>
   <div class='ocr_carea' id='block_1_16' title="bbox 443 1453 2028 1520">
    <p class='ocr_par' dir='ltr' id='par_1_16' title="bbox 443 1453 2028 1520">
     <span class='ocr_line' id='line_1_16' title="bbox 443 1453 2028 1520; baseline 0.008 -16"><span class='ocrx_word' id='word_1_95' title='bbox 443 1453 673 1506; x_wconf 90' lang='lat' dir='ltr'><strong>alienam</strong></span> <span class='ocrx_word' id='word_1_96' title='bbox 708 1457 956 1510; x_wconf 90' lang='lat' dir='ltr'><strong>sortitum</strong></span> <span class='ocrx_word' id='word_1_97' title='bbox 1013 1459 1250 1512; x_wconf 78' lang='lat' dir='ltr'><strong>evidenti</strong></span> <span class='ocrx_word' id='word_1_98' title='bbox 1317 1460 1626 1520; x_wconf 81' lang='lat' dir='ltr'><strong>testimonio</strong></span> <span class='ocrx_word' id='word_1_99' title='bbox 1680 1462 2028 1517; x_wconf 82' lang='lat' dir='ltr'><strong>demonstra-</strong></span> 
     </span>
    </p>
   </div>
   <div class='ocr_carea' id='block_1_17' title="bbox 446 1543 2026 1623">
    <p class='ocr_par' dir='ltr' id='par_1_17' title="bbox 446 1543 2026 1623">
     <span class='ocr_line' id='line_1_17' title="bbox 446 1543 2026 1623; baseline 0.006 -27"><span class='ocrx_word' id='word_1_100' title='bbox 446 1554 547 1597; x_wconf 88' lang='lat' dir='ltr'><strong>ret.</strong></span> <span class='ocrx_word' id='word_1_101' title='bbox 585 1543 724 1608; x_wconf 86' lang='lat' dir='ltr'><strong>Quin</strong></span> <span class='ocrx_word' id='word_1_102' title='bbox 759 1547 874 1614; x_wconf 92' lang='lat' dir='ltr'><strong>ipse</strong></span> <span class='ocrx_word' id='word_1_103' title='bbox 931 1562 1145 1617; x_wconf 87' lang='lat' dir='ltr'><strong>quoque</strong></span> <span class='ocrx_word' id='word_1_104' title='bbox 1179 1550 1338 1604; x_wconf 84' lang='lat' dir='ltr'><strong>Pater</strong></span> <span class='ocrx_word' id='word_1_105' title='bbox 1388 1552 1488 1606; x_wconf 90' lang='lat' dir='ltr'><strong>hoc</strong></span> <span class='ocrx_word' id='word_1_106' title='bbox 1523 1552 1639 1620; x_wconf 92' lang='lat' dir='ltr'><strong>ipso</strong></span> <span class='ocrx_word' id='word_1_107' title='bbox 1670 1552 2026 1623; x_wconf 84' lang='lat' dir='ltr'><strong>gloriﬁcatur,</strong></span> 
     </span>
    </p>
   </div>
   <div class='ocr_carea' id='block_1_18' title="bbox 443 1634 2027 1714">
    <p class='ocr_par' dir='ltr' id='par_1_18' title="bbox 443 1634 2027 1714">
     <span class='ocr_line' id='line_1_18' title="bbox 443 1634 2027 1714; baseline 0.009 -29"><span class='ocrx_word' id='word_1_108' title='bbox 443 1636 586 1700; x_wconf 78' lang='lat' dir='ltr'><strong>quod</strong></span> <span class='ocrx_word' id='word_1_109' title='bbox 620 1634 816 1689; x_wconf 87' lang='lat' dir='ltr'><strong>Filium</strong></span> <span class='ocrx_word' id='word_1_110' title='bbox 869 1637 1064 1693; x_wconf 85' lang='lat' dir='ltr'><strong>decore</strong></span> <span class='ocrx_word' id='word_1_111' title='bbox 1090 1678 1105 1704; x_wconf 92' lang='lat'><strong>,</strong></span> <span class='ocrx_word' id='word_1_112' title='bbox 1162 1642 1366 1710; x_wconf 80' lang='lat' dir='ltr'><strong>gloria,</strong></span> <span class='ocrx_word' id='word_1_113' title='bbox 1403 1644 1750 1712; x_wconf 83' lang='lat' dir='ltr'><strong>potentiaque</strong></span> <span class='ocrx_word' id='word_1_114' title='bbox 1783 1645 1885 1699; x_wconf 84' lang='lat' dir='ltr'><strong>sibi</strong></span> <span class='ocrx_word' id='word_1_115' title='bbox 1932 1659 2027 1714; x_wconf 87' lang='lat' dir='ltr'><strong>per</strong></span> 
     </span>
    </p>
   </div>
   <div class='ocr_carea' id='block_1_19' title="bbox 443 1726 2026 1804">
    <p class='ocr_par' dir='ltr' id='par_1_19' title="bbox 443 1726 2026 1804">
     <span class='ocr_line' id='line_1_19' title="bbox 443 1726 2026 1804; baseline 0.008 -27"><span class='ocrx_word' id='word_1_116' title='bbox 443 1726 626 1780; x_wconf 86' lang='lat' dir='ltr'><strong>omnia</strong></span> <span class='ocrx_word' id='word_1_117' title='bbox 661 1728 893 1782; x_wconf 87' lang='lat' dir='ltr'><strong>similem</strong></span> <span class='ocrx_word' id='word_1_118' title='bbox 929 1729 1143 1785; x_wconf 88' lang='lat' dir='ltr'><strong>habeat.</strong></span> <span class='ocrx_word' id='word_1_119' title='bbox 1179 1734 1357 1802; x_wconf 80' lang='lat' dir='ltr'><strong>Atque</strong></span> <span class='ocrx_word' id='word_1_120' title='bbox 1385 1734 1526 1789; x_wconf 84' lang='lat' dir='ltr'><strong>istud</strong></span> <span class='ocrx_word' id='word_1_121' title='bbox 1561 1734 1764 1804; x_wconf 86' lang='lat' dir='ltr'><strong>liquido</strong></span> <span class='ocrx_word' id='word_1_122' title='bbox 1790 1738 2026 1792; x_wconf 84' lang='lat' dir='ltr'><strong>ostendit</strong></span> 
     </span>
    </p>
   </div>
   <div class='ocr_carea' id='block_1_20' title="bbox 2116 541 3714 616">
    <p class='ocr_par' dir='ltr' id='par_1_20' title="bbox 2116 541 3714 616">
     <span class='ocr_line' id='line_1_20' title="bbox 2116 541 3714 616; baseline 0.007 -27"><span class='ocrx_word' id='word_1_123' title='bbox 2116 544 2251 604; x_wconf 71' lang='grc' dir='ltr'>,τοῖς</span> <span class='ocrx_word' id='word_1_124' title='bbox 2281 541 2377 594; x_wconf 74' lang='grc' dir='ltr'><strong>ἐπὶ</strong></span> <span class='ocrx_word' id='word_1_125' title='bbox 2413 544 2512 612; x_wconf 82' lang='grc' dir='ltr'>τῆς</span> <span class='ocrx_word' id='word_1_126' title='bbox 2546 543 2650 612; x_wconf 84' lang='grc' dir='ltr'>γῆς</span> <span class='ocrx_word' id='word_1_127' title='bbox 2695 543 2900 613; x_wconf 78' lang='grc' dir='ltr'>εὐμενῆ</span> <span class='ocrx_word' id='word_1_128' title='bbox 2947 543 3039 598; x_wconf 83' lang='grc' dir='ltr'><strong>τὸν</strong></span> <span class='ocrx_word' id='word_1_129' title='bbox 3086 544 3328 616; x_wconf 83' lang='grc' dir='ltr'><strong>Πατέρα,</strong></span> <span class='ocrx_word' id='word_1_130' title='bbox 3378 546 3472 599; x_wconf 69' lang='grc' dir='ltr'>καὶ</span> <span class='ocrx_word' id='word_1_131' title='bbox 3516 548 3714 611; x_wconf 64' lang='grc' dir='ltr'>παντὸς</span> 
     </span>
    </p>
   </div>
   <div class='ocr_carea' id='block_1_21' title="bbox 2139 632 3718 706">
    <p class='ocr_par' dir='ltr' id='par_1_21' title="bbox 2139 632 3718 706">
     <span class='ocr_line' id='line_1_21' title="bbox 2139 632 3718 706; baseline 0.004 -22"><span class='ocrx_word' id='word_1_132' title='bbox 2139 634 2274 702; x_wconf 78' lang='grc' dir='ltr'>ἡμῖν</span> <span class='ocrx_word' id='word_1_133' title='bbox 2298 632 2613 703; x_wconf 80' lang='grc' dir='ltr'>εὑρίσκεται</span> <span class='ocrx_word' id='word_1_134' title='bbox 2638 634 2896 704; x_wconf 78' lang='grc' dir='ltr'><strong>πρόξενος</strong></span> <span class='ocrx_word' id='word_1_135' title='bbox 2926 635 3152 702; x_wconf 84' lang='grc' dir='ltr'>ἀγαθοῦ.</span> <span class='ocrx_word' id='word_1_136' title='bbox 3185 635 3330 706; x_wconf 77' lang='grc' dir='ltr'>Πλὴν</span> <span class='ocrx_word' id='word_1_137' title='bbox 3355 637 3532 689; x_wconf 74' lang='grc' dir='ltr'>ἐκεῖνο</span> <span class='ocrx_word' id='word_1_138' title='bbox 3554 654 3718 691; x_wconf 87' lang='grc' dir='ltr'>κατα-</span> 
     </span>
    </p>
   </div>
   <div class='ocr_carea' id='block_1_22' title="bbox 2141 723 3717 796">
    <p class='ocr_par' dir='ltr' id='par_1_22' title="bbox 2141 723 3717 796">
     <span class='ocr_line' id='line_1_22' title="bbox 2141 723 3717 796; baseline 0.005 -22"><span class='ocrx_word' id='word_1_139' title='bbox 2141 723 2453 793; x_wconf 79' lang='grc' dir='ltr'>θρήσωμεν,</span> <span class='ocrx_word' id='word_1_140' title='bbox 2480 725 2597 786; x_wconf 83' lang='grc' dir='ltr'><strong>πῶς</strong></span> <span class='ocrx_word' id='word_1_141' title='bbox 2629 724 2695 777; x_wconf 80' lang='grc' dir='ltr'>ἂν</span> <span class='ocrx_word' id='word_1_142' title='bbox 2723 724 2997 789; x_wconf 71' lang='grc' dir='ltr'>δοξάσειεν</span> <span class='ocrx_word' id='word_1_143' title='bbox 3030 729 3057 778; x_wconf 90' lang='lat'><strong>6</strong></span> <span class='ocrx_word' id='word_1_144' title='bbox 3094 726 3282 796; x_wconf 83' lang='grc' dir='ltr'>Πατὴρ</span> <span class='ocrx_word' id='word_1_145' title='bbox 3312 727 3403 780; x_wconf 84' lang='grc' dir='ltr'><strong>τὸν</strong></span> <span class='ocrx_word' id='word_1_146' title='bbox 3445 727 3594 794; x_wconf 80' lang='grc' dir='ltr'>Υῖὸν,</span> <span class='ocrx_word' id='word_1_147' title='bbox 3625 729 3717 782; x_wconf 88' lang='grc' dir='ltr'>δο-</span> 
     </span>
    </p>
   </div>
   <div class='ocr_carea' id='block_1_23' title="bbox 2139 812 3712 887">
    <p class='ocr_par' dir='ltr' id='par_1_23' title="bbox 2139 812 3712 887">
     <span class='ocr_line' id='line_1_23' title="bbox 2139 812 3712 887; baseline 0.006 -25"><span class='ocrx_word' id='word_1_148' title='bbox 2139 812 2468 882; x_wconf 77' lang='grc' dir='ltr'>ξασθήσεται</span> <span class='ocrx_word' id='word_1_149' title='bbox 2517 815 2571 866; x_wconf 82' lang='grc' dir='ltr'><strong>δέ</strong></span> <span class='ocrx_word' id='word_1_150' title='bbox 2605 815 2698 866; x_wconf 76' lang='grc' dir='ltr'>καὶ</span> <span class='ocrx_word' id='word_1_151' title='bbox 2732 817 2892 878; x_wconf 69' lang='grc' dir='ltr'>αὐτὸς</span> <span class='ocrx_word' id='word_1_152' title='bbox 2941 817 3071 886; x_wconf 76' lang='grc' dir='ltr'>παρ’</span> <span class='ocrx_word' id='word_1_153' title='bbox 3119 817 3282 869; x_wconf 79' lang='grc' dir='ltr'>αὑτοῦ</span> <span class='ocrx_word' id='word_1_154' title='bbox 3326 817 3445 869; x_wconf 75' lang='grc' dir='ltr'>τινα</span> <span class='ocrx_word' id='word_1_155' title='bbox 3488 818 3712 887; x_wconf 84' lang='grc' dir='ltr'><strong>τρόπον.</strong></span> 
     </span>
    </p>
   </div>
   <div class='ocr_carea' id='block_1_24' title="bbox 2141 903 3715 978">
    <p class='ocr_par' dir='ltr' id='par_1_24' title="bbox 2141 903 3715 978">
     <span class='ocr_line' id='line_1_24' title="bbox 2141 903 3715 978; baseline 0.004 -23"><span class='ocrx_word' id='word_1_156' title='bbox 2141 903 2349 956; x_wconf 83' lang='grc' dir='ltr'>Οὐκοῦν</span> <span class='ocrx_word' id='word_1_157' title='bbox 2393 905 2493 974; x_wconf 77' lang='grc' dir='ltr'>τὴν</span> <span class='ocrx_word' id='word_1_158' title='bbox 2549 904 2720 975; x_wconf 88' lang='grc' dir='ltr'>ῶραν,</span> <span class='ocrx_word' id='word_1_159' title='bbox 2777 907 2943 976; x_wconf 66' lang='grc' dir='ltr'>ἤγουν</span> <span class='ocrx_word' id='word_1_160' title='bbox 2995 908 3084 961; x_wconf 86' lang='grc' dir='ltr'><strong>τὸν</strong></span> <span class='ocrx_word' id='word_1_161' title='bbox 3145 908 3336 978; x_wconf 88' lang='grc' dir='ltr'>καιρὸν</span> <span class='ocrx_word' id='word_1_162' title='bbox 3396 909 3715 977; x_wconf 70' lang='grc' dir='ltr'>ἐληλυθέναι</span> 
     </span>
    </p>
   </div>
   <div class='ocr_carea' id='block_1_25' title="bbox 2138 994 3714 1070">
    <p class='ocr_par' dir='ltr' id='par_1_25' title="bbox 2138 994 3714 1070">
     <span class='ocr_line' id='line_1_25' title="bbox 2138 994 3714 1070; baseline 0.004 -23"><span class='ocrx_word' id='word_1_163' title='bbox 2138 997 2292 1065; x_wconf 69' lang='grc' dir='ltr'>φησι,</span> <span class='ocrx_word' id='word_1_164' title='bbox 2324 994 2445 1048; x_wconf 82' lang='grc' dir='ltr'>καθ’</span> <span class='ocrx_word' id='word_1_165' title='bbox 2475 995 2534 1048; x_wconf 83' lang='grc' dir='ltr'>ὃν</span> <span class='ocrx_word' id='word_1_166' title='bbox 2580 998 2687 1048; x_wconf 74' lang='grc' dir='ltr'>ἔδει</span> <span class='ocrx_word' id='word_1_167' title='bbox 2725 998 2942 1060; x_wconf 81' lang='grc' dir='ltr'>πάντως</span> <span class='ocrx_word' id='word_1_168' title='bbox 2969 999 3134 1051; x_wconf 81' lang='grc' dir='ltr'>αὑτὸν</span> <span class='ocrx_word' id='word_1_169' title='bbox 3167 999 3258 1051; x_wconf 84' lang='grc' dir='ltr'><strong>τὸν</strong></span> <span class='ocrx_word' id='word_1_170' title='bbox 3298 998 3437 1070; x_wconf 82' lang='grc' dir='ltr'>ὑπὲρ</span> <span class='ocrx_word' id='word_1_171' title='bbox 3476 999 3577 1068; x_wconf 86' lang='grc' dir='ltr'>τῆς</span> <span class='ocrx_word' id='word_1_172' title='bbox 3616 999 3714 1054; x_wconf 81' lang='grc' dir='ltr'><strong>τοῦ</strong></span> 
     </span>
    </p>
   </div>
   <div class='ocr_carea' id='block_1_26' title="bbox 2138 1082 3715 1158">
    <p class='ocr_par' dir='ltr' id='par_1_26' title="bbox 2138 1082 3715 1158">
     <span class='ocr_line' id='line_1_26' title="bbox 2138 1082 3715 1158; baseline 0.001 -20"><span class='ocrx_word' id='word_1_173' title='bbox 2138 1086 2344 1154; x_wconf 85' lang='grc' dir='ltr'>κόσμου</span> <span class='ocrx_word' id='word_1_174' title='bbox 2380 1084 2522 1156; x_wconf 74' lang='grc' dir='ltr'>ζωῆς</span> <span class='ocrx_word' id='word_1_175' title='bbox 2553 1085 2847 1155; x_wconf 83' lang='grc' dir='ltr'>ὑπομεῖναι</span> <span class='ocrx_word' id='word_1_176' title='bbox 2876 1087 3108 1158; x_wconf 84' lang='grc' dir='ltr'>σταυρόν</span> <span class='ocrx_word' id='word_1_177' title='bbox 3127 1102 3141 1116; x_wconf 88' lang='grc'><strong>·</strong></span> <span class='ocrx_word' id='word_1_178' title='bbox 3172 1086 3286 1139; x_wconf 85' lang='grc' dir='ltr'>ἀλλ’</span> <span class='ocrx_word' id='word_1_179' title='bbox 3313 1082 3381 1158; x_wconf 75' lang='grc' dir='ltr'>ἦν</span> <span class='ocrx_word' id='word_1_180' title='bbox 3415 1088 3715 1155; x_wconf 86' lang='grc' dir='ltr'>ἀναγκαῖον</span> 
     </span>
    </p>
   </div>
   <div class='ocr_carea' id='block_1_27' title="bbox 2135 1177 3717 1249">
    <p class='ocr_par' dir='ltr' id='par_1_27' title="bbox 2135 1177 3717 1249">
     <span class='ocr_line' id='line_1_27' title="bbox 2135 1177 3717 1249; baseline 0.001 -20"><span class='ocrx_word' id='word_1_181' title='bbox 2135 1177 2454 1243; x_wconf 76' lang='grc' dir='ltr'><strong>δοξάζεσθαι</strong></span> <span class='ocrx_word' id='word_1_182' title='bbox 2495 1177 2584 1231; x_wconf 86' lang='grc' dir='ltr'><strong>τὸν</strong></span> <span class='ocrx_word' id='word_1_183' title='bbox 2612 1178 2739 1231; x_wconf 87' lang='grc' dir='ltr'>Υίὸν</span> <span class='ocrx_word' id='word_1_184' title='bbox 2771 1178 2921 1248; x_wconf 71' lang='grc' dir='ltr'>παρὰ</span> <span class='ocrx_word' id='word_1_185' title='bbox 2965 1178 3058 1231; x_wconf 87' lang='grc' dir='ltr'><strong>τοῦ</strong></span> <span class='ocrx_word' id='word_1_186' title='bbox 3091 1178 3322 1249; x_wconf 84' lang='grc' dir='ltr'>Πατρὸς,</span> <span class='ocrx_word' id='word_1_187' title='bbox 3358 1180 3450 1230; x_wconf 73' lang='grc' dir='ltr'>καὶ</span> <span class='ocrx_word' id='word_1_188' title='bbox 3485 1178 3572 1230; x_wconf 74' lang='grc' dir='ltr'>διὰ</span> <span class='ocrx_word' id='word_1_189' title='bbox 3616 1179 3717 1249; x_wconf 84' lang='grc' dir='ltr'>τῆς</span> 
     </span>
    </p>
   </div>
   <div class='ocr_carea' id='block_1_28' title="bbox 2137 1270 3716 1341">
    <p class='ocr_par' dir='ltr' id='par_1_28' title="bbox 2137 1270 3716 1341">
     <span class='ocr_line' id='line_1_28' title="bbox 2137 1270 3716 1341; baseline 0.001 -21"><span class='ocrx_word' id='word_1_190' title='bbox 2137 1270 2200 1322; x_wconf 84' lang='grc' dir='ltr'><strong>ἐκ</strong></span> <span class='ocrx_word' id='word_1_191' title='bbox 2229 1270 2438 1340; x_wconf 80' lang='grc' dir='ltr'>νεκρῶν</span> <span class='ocrx_word' id='word_1_192' title='bbox 2484 1271 2833 1333; x_wconf 74' lang='grc' dir='ltr'><strong>ἀναστάσεως</strong></span> <span class='ocrx_word' id='word_1_193' title='bbox 2875 1270 3323 1341; x_wconf 86' lang='grc' dir='ltr'>μαρτυρούμενον</span> <span class='ocrx_word' id='word_1_194' title='bbox 3351 1271 3431 1324; x_wconf 83' lang='grc' dir='ltr'>ὃτι</span> <span class='ocrx_word' id='word_1_195' title='bbox 3471 1270 3530 1322; x_wconf 87' lang='grc' dir='ltr'><strong>τέ</strong></span> <span class='ocrx_word' id='word_1_196' title='bbox 3565 1271 3716 1322; x_wconf 89' lang='grc' dir='ltr'>ἐστιν</span> 
     </span>
    </p>
   </div>
   <div class='ocr_carea' id='block_1_29' title="bbox 2134 1360 3711 1432">
    <p class='ocr_par' dir='ltr' id='par_1_29' title="bbox 2134 1360 3711 1432">
     <span class='ocr_line' id='line_1_29' title="bbox 2134 1360 3711 1432; baseline 0.001 -19"><span class='ocrx_word' id='word_1_197' title='bbox 2134 1360 2420 1430; x_wconf 78' lang='grc' dir='ltr'>ὀμοούσιος</span> <span class='ocrx_word' id='word_1_198' title='bbox 2448 1361 2597 1430; x_wconf 79' lang='grc' dir='ltr'>αὑτῷ</span> <span class='ocrx_word' id='word_1_199' title='bbox 2620 1363 2710 1414; x_wconf 75' lang='grc' dir='ltr'>καὶ</span> <span class='ocrx_word' id='word_1_200' title='bbox 2731 1361 3013 1426; x_wconf 77' lang='grc' dir='ltr'>ξωοποιὸς,</span> <span class='ocrx_word' id='word_1_201' title='bbox 3043 1364 3134 1415; x_wconf 74' lang='grc' dir='ltr'>καὶ</span> <span class='ocrx_word' id='word_1_202' title='bbox 3158 1363 3390 1417; x_wconf 85' lang='grc' dir='ltr'>θανάτου</span> <span class='ocrx_word' id='word_1_203' title='bbox 3423 1361 3711 1432; x_wconf 82' lang='grc' dir='ltr'><strong>κρείττων,</strong></span> 
     </span>
    </p>
   </div>
   <div class='ocr_carea' id='block_1_30' title="bbox 2136 1451 3713 1525">
    <p class='ocr_par' dir='ltr' id='par_1_30' title="bbox 2136 1451 3713 1525">
     <span class='ocr_line' id='line_1_30' title="bbox 2136 1451 3713 1525; baseline -0.001 -20"><span class='ocrx_word' id='word_1_204' title='bbox 2136 1453 2230 1505; x_wconf 72' lang='grc' dir='ltr'>καὶ</span> <span class='ocrx_word' id='word_1_205' title='bbox 2278 1453 2483 1523; x_wconf 76' lang='grc' dir='ltr'>φθορᾶς</span> <span class='ocrx_word' id='word_1_206' title='bbox 2519 1453 2730 1522; x_wconf 81' lang='grc' dir='ltr'>ἀμείνω</span> <span class='ocrx_word' id='word_1_207' title='bbox 2781 1453 2877 1525; x_wconf 74' lang='grc' dir='ltr'>τὴν</span> <span class='ocrx_word' id='word_1_208' title='bbox 2925 1453 3090 1521; x_wconf 69' lang='grc' dir='ltr'>φύσιν</span> <span class='ocrx_word' id='word_1_209' title='bbox 3132 1452 3556 1524; x_wconf 83' lang='grc' dir='ltr'>διεκληρώσατο.</span> <span class='ocrx_word' id='word_1_210' title='bbox 3601 1451 3713 1505; x_wconf 72' lang='grc' dir='ltr'><strong>Καὶ</strong></span> 
     </span>
    </p>
   </div>
   <div class='ocr_carea' id='block_1_31' title="bbox 2133 1542 3714 1616">
    <p class='ocr_par' dir='ltr' id='par_1_31' title="bbox 2133 1542 3714 1616">
     <span class='ocr_line' id='line_1_31' title="bbox 2133 1542 3714 1616; baseline 0.001 -20"><span class='ocrx_word' id='word_1_211' title='bbox 2133 1544 2414 1609; x_wconf 73' lang='grc' dir='ltr'>δοξάζεται</span> <span class='ocrx_word' id='word_1_212' title='bbox 2442 1544 2613 1597; x_wconf 79' lang='grc' dir='ltr'>δὲκαὶ</span> <span class='ocrx_word' id='word_1_213' title='bbox 2646 1545 2808 1608; x_wconf 86' lang='grc' dir='ltr'>αὑτὸς</span> <span class='ocrx_word' id='word_1_214' title='bbox 2835 1547 2864 1598; x_wconf 98' lang='lat'><strong>6</strong></span> <span class='ocrx_word' id='word_1_215' title='bbox 2893 1545 3100 1616; x_wconf 82' lang='grc' dir='ltr'>Πατὴρ,</span> <span class='ocrx_word' id='word_1_216' title='bbox 3130 1546 3204 1608; x_wconf 82' lang='grc' dir='ltr'>ὡς</span> <span class='ocrx_word' id='word_1_217' title='bbox 3227 1545 3366 1615; x_wconf 80' lang='grc' dir='ltr'>έχων</span> <span class='ocrx_word' id='word_1_218' title='bbox 3393 1545 3520 1598; x_wconf 80' lang='grc' dir='ltr'>Υίὸν</span> <span class='ocrx_word' id='word_1_219' title='bbox 3568 1542 3714 1598; x_wconf 79' lang='grc' dir='ltr'><strong>κατά</strong></span> 
     </span>
    </p>
   </div>
   <div class='ocr_carea' id='block_1_32' title="bbox 2133 1635 3708 1707">
    <p class='ocr_par' dir='ltr' id='par_1_32' title="bbox 2133 1635 3708 1707">
     <span class='ocr_line' id='line_1_32' title="bbox 2133 1635 3708 1707; baseline 0.003 -21"><span class='ocrx_word' id='word_1_220' title='bbox 2133 1637 2241 1687; x_wconf 74' lang='grc' dir='ltr'><strong>πᾶν</strong></span> <span class='ocrx_word' id='word_1_221' title='bbox 2261 1635 2440 1688; x_wconf 78' lang='grc' dir='ltr'>ὁτιοῦν</span> <span class='ocrx_word' id='word_1_222' title='bbox 2459 1637 2674 1690; x_wconf 80' lang='grc' dir='ltr'>ἐοικότα</span> <span class='ocrx_word' id='word_1_223' title='bbox 2692 1654 2747 1690; x_wconf 90' lang='grc' dir='ltr'><strong>τε</strong></span> <span class='ocrx_word' id='word_1_224' title='bbox 2767 1638 2858 1690; x_wconf 75' lang='grc' dir='ltr'>καὶ</span> <span class='ocrx_word' id='word_1_225' title='bbox 2878 1637 3096 1690; x_wconf 78' lang='grc' dir='ltr'>ἰσοκλεᾶ</span> <span class='ocrx_word' id='word_1_226' title='bbox 3114 1638 3209 1691; x_wconf 82' lang='grc' dir='ltr'>καὶ</span> <span class='ocrx_word' id='word_1_227' title='bbox 3233 1639 3344 1690; x_wconf 81' lang='grc' dir='ltr'>ξσου</span> <span class='ocrx_word' id='word_1_228' title='bbox 3357 1637 3484 1707; x_wconf 85' lang='grc' dir='ltr'>ργὸν</span> <span class='ocrx_word' id='word_1_229' title='bbox 3510 1635 3708 1707; x_wconf 83' lang='grc' dir='ltr'>ἐαυτῷ.</span> 
     </span>
    </p>
   </div>
   <div class='ocr_carea' id='block_1_33' title="bbox 2134 1726 3710 1799">
    <p class='ocr_par' dir='ltr' id='par_1_33' title="bbox 2134 1726 3710 1799">
     <span class='ocr_line' id='line_1_33' title="bbox 2134 1726 3710 1799; baseline -0.001 -18"><span class='ocrx_word' id='word_1_230' title='bbox 2134 1729 2244 1782; x_wconf 76' lang='grc' dir='ltr'><strong>Καὶ</strong></span> <span class='ocrx_word' id='word_1_231' title='bbox 2273 1727 2432 1781; x_wconf 86' lang='grc' dir='ltr'>τοῦτο</span> <span class='ocrx_word' id='word_1_232' title='bbox 2461 1728 2698 1797; x_wconf 82' lang='grc' dir='ltr'>δέδειχεν</span> <span class='ocrx_word' id='word_1_233' title='bbox 2729 1731 2756 1780; x_wconf 91' lang='lat'><strong>6</strong></span> <span class='ocrx_word' id='word_1_234' title='bbox 2787 1729 2912 1792; x_wconf 83' lang='grc' dir='ltr'>Υἱὸς</span> <span class='ocrx_word' id='word_1_235' title='bbox 2943 1730 3302 1799; x_wconf 82' lang='grc' dir='ltr'><strong>καταργήσας</strong></span> <span class='ocrx_word' id='word_1_236' title='bbox 3331 1727 3421 1780; x_wconf 87' lang='grc' dir='ltr'><strong>τὸν</strong></span> <span class='ocrx_word' id='word_1_237' title='bbox 3457 1726 3710 1794; x_wconf 81' lang='grc' dir='ltr'>θάνατον,</span> 
     </span>
    </p>
   </div>
   <div class='ocr_carea' id='block_1_34' title="bbox 442 1815 2014 1897">
    <p class='ocr_par' dir='ltr' id='par_1_34' title="bbox 442 1815 2014 1897">
     <span class='ocr_line' id='line_1_34' title="bbox 442 1815 2014 1897; baseline 0.01 -30"><span class='ocrx_word' id='word_1_238' title='bbox 442 1815 642 1884; x_wconf 75' lang='lat' dir='ltr'><strong>Filius,</strong></span> <span class='ocrx_word' id='word_1_239' title='bbox 671 1832 792 1872; x_wconf 89' lang='lat' dir='ltr'><strong>cum</strong></span> <span class='ocrx_word' id='word_1_240' title='bbox 845 1823 1033 1876; x_wconf 90' lang='lat' dir='ltr'><strong>mortis</strong></span> <span class='ocrx_word' id='word_1_241' title='bbox 1067 1823 1293 1892; x_wconf 89' lang='lat' dir='ltr'><strong>imperio</strong></span> <span class='ocrx_word' id='word_1_242' title='bbox 1319 1826 1578 1883; x_wconf 82' lang='lat' dir='ltr'><strong>demolito</strong></span> <span class='ocrx_word' id='word_1_243' title='bbox 1603 1866 1619 1890; x_wconf 92' lang='lat'><strong>,</strong></span> <span class='ocrx_word' id='word_1_244' title='bbox 1671 1843 1826 1882; x_wconf 90' lang='lat' dir='ltr'><strong>suum</strong></span> <span class='ocrx_word' id='word_1_245' title='bbox 1853 1828 2014 1897; x_wconf 75' lang='lat' dir='ltr'><strong>ipsius</strong></span> 
     </span>
    </p>
   </div>
   <div class='ocr_carea' id='block_1_35' title="bbox 2121 1815 3712 1897">
    <p class='ocr_par' dir='ltr' id='par_1_35' title="bbox 2131 1819 3712 1892">
     <span class='ocr_line' id='line_1_35' title="bbox 2131 1819 3712 1892; baseline -0.003 -18"><span class='ocrx_word' id='word_1_246' title='bbox 2131 1823 2222 1873; x_wconf 77' lang='grc' dir='ltr'><strong>καὶ</strong></span> <span class='ocrx_word' id='word_1_247' title='bbox 2254 1820 2568 1890; x_wconf 77' lang='grc' dir='ltr'>ἀναστήσας</span> <span class='ocrx_word' id='word_1_248' title='bbox 2595 1821 2658 1872; x_wconf 90' lang='grc' dir='ltr'><strong>ἐκ</strong></span> <span class='ocrx_word' id='word_1_249' title='bbox 2689 1819 2899 1892; x_wconf 83' lang='grc' dir='ltr'>νεκρῶν</span> <span class='ocrx_word' id='word_1_250' title='bbox 2940 1821 3031 1872; x_wconf 80' lang='grc' dir='ltr'><strong>τὸν</strong></span> <span class='ocrx_word' id='word_1_251' title='bbox 3062 1820 3258 1872; x_wconf 64' lang='grc' dir='ltr'>ἐαυτοῦ</span> <span class='ocrx_word' id='word_1_252' title='bbox 3301 1820 3447 1873; x_wconf 87' lang='grc' dir='ltr'>ναόν.</span> <span class='ocrx_word' id='word_1_253' title='bbox 3484 1819 3712 1888; x_wconf 78' lang='grc' dir='ltr'>Δέχεται</span> 
     </span>
    </p>
   </div>
   <div class='ocr_carea' id='block_1_36' title="bbox 444 1909 2024 1977">
    <p class='ocr_par' dir='ltr' id='par_1_36' title="bbox 444 1909 2024 1977">
     <span class='ocr_line' id='line_1_36' title="bbox 444 1909 2024 1977; baseline 0.008 -17"><span class='ocrx_word' id='word_1_254' title='bbox 444 1909 698 1977; x_wconf 87' lang='lat' dir='ltr'><strong>templum</strong></span> <span class='ocrx_word' id='word_1_255' title='bbox 760 1925 790 1962; x_wconf 86' lang='lat' dir='ltr'><strong>a</strong></span> <span class='ocrx_word' id='word_1_256' title='bbox 848 1912 1072 1966; x_wconf 89' lang='lat' dir='ltr'><strong>mortuis</strong></span> <span class='ocrx_word' id='word_1_257' title='bbox 1117 1915 1493 1969; x_wconf 81' lang='lat' dir='ltr'><strong>exsuscitavit.</strong></span> <span class='ocrx_word' id='word_1_258' title='bbox 1541 1916 2024 1972; x_wconf 82' lang='lat' dir='ltr'><strong>Verumenlmvero</strong></span> 
     </span>
    </p>
   </div>
   <div class='ocr_carea' id='block_1_37' title="bbox 440 1998 2024 2075">
    <p class='ocr_par' dir='ltr' id='par_1_37' title="bbox 440 1998 2024 2075">
     <span class='ocr_line' id='line_1_37' title="bbox 440 1998 2024 2075; baseline 0.009 -24"><span class='ocrx_word' id='word_1_259' title='bbox 440 1998 565 2053; x_wconf 82' lang='lat' dir='ltr'><strong>licet</strong></span> <span class='ocrx_word' id='word_1_260' title='bbox 615 2010 673 2054; x_wconf 91' lang='lat' dir='ltr'><strong>ut</strong></span> <span class='ocrx_word' id='word_1_261' title='bbox 733 2001 892 2055; x_wconf 91' lang='lat' dir='ltr'><strong>homo</strong></span> <span class='ocrx_word' id='word_1_262' title='bbox 919 2001 1007 2070; x_wconf 89' lang='lat' dir='ltr'><strong>jus</strong></span> <span class='ocrx_word' id='word_1_263' title='bbox 1069 2014 1504 2075; x_wconf 84' lang='lat' dir='ltr'><strong>potestatemque</strong></span> <span class='ocrx_word' id='word_1_264' title='bbox 1547 2007 1600 2062; x_wconf 91' lang='lat' dir='ltr'><strong>in</strong></span> <span class='ocrx_word' id='word_1_265' title='bbox 1648 2023 1840 2063; x_wconf 81' lang='lat' dir='ltr'><strong>omnes</strong></span> <span class='ocrx_word' id='word_1_266' title='bbox 1863 2024 2024 2064; x_wconf 82' lang='lat' dir='ltr'><strong>acce-</strong></span> 
     </span>
    </p>
   </div>
   <div class='ocr_carea' id='block_1_38' title="bbox 441 2091 2023 2160">
    <p class='ocr_par' dir='ltr' id='par_1_38' title="bbox 441 2091 2023 2160">
     <span class='ocr_line' id='line_1_38' title="bbox 441 2091 2023 2160; baseline 0.008 -18"><span class='ocrx_word' id='word_1_267' title='bbox 441 2091 585 2159; x_wconf 86' lang='lat' dir='ltr'><strong>pisse</strong></span> <span class='ocrx_word' id='word_1_268' title='bbox 640 2093 1028 2160; x_wconf 82' lang='lat' dir='ltr'><strong>perhibeatur,</strong></span> <span class='ocrx_word' id='word_1_269' title='bbox 1099 2104 1158 2149; x_wconf 88' lang='lat' dir='ltr'><strong>nt</strong></span> <span class='ocrx_word' id='word_1_270' title='bbox 1205 2095 1345 2152; x_wconf 88' lang='lat' dir='ltr'><strong>Deus</strong></span> <span class='ocrx_word' id='word_1_271' title='bbox 1388 2106 1566 2153; x_wconf 84' lang='lat' dir='ltr'><strong>tamen</strong></span> <span class='ocrx_word' id='word_1_272' title='bbox 1617 2099 1888 2155; x_wconf 87' lang='lat' dir='ltr'><strong>universis</strong></span> <span class='ocrx_word' id='word_1_273' title='bbox 1937 2115 2023 2154; x_wconf 86' lang='lat' dir='ltr'><strong>re-</strong></span> 
     </span>
    </p>
   </div>
   <div class='ocr_carea' id='block_1_39' title="bbox 443 2185 2021 2246">
    <p class='ocr_par' dir='ltr' id='par_1_39' title="bbox 443 2185 2021 2246">
     <span class='ocr_line' id='line_1_39' title="bbox 443 2185 2021 2246; baseline 0.008 -12"><span class='ocrx_word' id='word_1_274' title='bbox 443 2199 558 2236; x_wconf 85' lang='lat' dir='ltr'><strong>rum</strong></span> <span class='ocrx_word' id='word_1_275' title='bbox 600 2185 809 2239; x_wconf 89' lang='lat' dir='ltr'><strong>naturis</strong></span> <span class='ocrx_word' id='word_1_276' title='bbox 860 2185 1106 2242; x_wconf 88' lang='lat' dir='ltr'><strong>absolute</strong></span> <span class='ocrx_word' id='word_1_277' title='bbox 1153 2189 1554 2244; x_wconf 89' lang='lat' dir='ltr'><strong>dominabatur.</strong></span> <span class='ocrx_word' id='word_1_278' title='bbox 1590 2190 1752 2246; x_wconf 87' lang='lat' dir='ltr'><strong>Pater</strong></span> <span class='ocrx_word' id='word_1_279' title='bbox 1805 2206 2021 2246; x_wconf 88' lang='lat' dir='ltr'><strong>rursum</strong></span> 
     </span>
    </p>
   </div>
   <div class='ocr_carea' id='block_1_40' title="bbox 440 2273 2018 2352">
    <p class='ocr_par' dir='ltr' id='par_1_40' title="bbox 440 2273 2018 2352">
     <span class='ocr_line' id='line_1_40' title="bbox 440 2273 2018 2352; baseline 0.006 -25"><span class='ocrx_word' id='word_1_280' title='bbox 440 2273 503 2327; x_wconf 73' lang='lat' dir='ltr'><strong>i?s</strong></span> <span class='ocrx_word' id='word_1_281' title='bbox 553 2275 642 2342; x_wconf 92' lang='lat' dir='ltr'><strong>qui</strong></span> <span class='ocrx_word' id='word_1_282' title='bbox 681 2274 818 2329; x_wconf 84' lang='lat' dir='ltr'><strong>Filio</strong></span> <span class='ocrx_word' id='word_1_283' title='bbox 851 2276 962 2330; x_wconf 91' lang='lat' dir='ltr'><strong>dati</strong></span> <span class='ocrx_word' id='word_1_284' title='bbox 1008 2287 1138 2332; x_wconf 86' lang='lat' dir='ltr'><strong>sunt</strong></span> <span class='ocrx_word' id='word_1_285' title='bbox 1165 2281 1329 2334; x_wconf 88' lang='lat' dir='ltr'><strong>vitam</strong></span> <span class='ocrx_word' id='word_1_286' title='bbox 1363 2290 1617 2335; x_wconf 80' lang='lat' dir='ltr'><strong>a-ternam</strong></span> <span class='ocrx_word' id='word_1_287' title='bbox 1671 2283 2018 2352; x_wconf 90' lang='lat' dir='ltr'><strong>impertitur:</strong></span> 
     </span>
    </p>
   </div>
   <div class='ocr_carea' id='block_1_41' title="bbox 435 2363 2018 2440">
    <p class='ocr_par' dir='ltr' id='par_1_41' title="bbox 435 2363 2018 2440">
     <span class='ocr_line' id='line_1_41' title="bbox 435 2363 2018 2440; baseline 0.007 -26"><span class='ocrx_word' id='word_1_288' title='bbox 435 2373 491 2414; x_wconf 91' lang='lat' dir='ltr'><strong>at</strong></span> <span class='ocrx_word' id='word_1_289' title='bbox 542 2363 630 2416; x_wconf 91' lang='lat' dir='ltr'><strong>ille</strong></span> <span class='ocrx_word' id='word_1_290' title='bbox 681 2364 894 2419; x_wconf 92' lang='lat' dir='ltr'><strong>interim</strong></span> <span class='ocrx_word' id='word_1_291' title='bbox 919 2375 1002 2422; x_wconf 89' lang='lat' dir='ltr'><strong>est</strong></span> <span class='ocrx_word' id='word_1_292' title='bbox 1054 2367 1141 2421; x_wconf 83' lang='lat' dir='ltr'><strong>illa</strong></span> <span class='ocrx_word' id='word_1_293' title='bbox 1184 2368 1414 2437; x_wconf 86' lang='lat' dir='ltr'><strong>ipsamet</strong></span> <span class='ocrx_word' id='word_1_294' title='bbox 1447 2371 1573 2424; x_wconf 88' lang='lat' dir='ltr'><strong>vita.</strong></span> <span class='ocrx_word' id='word_1_295' title='bbox 1608 2371 1768 2440; x_wconf 80' lang='lat' dir='ltr'><strong>17o</strong></span> <span class='ocrx_word' id='word_1_296' title='bbox 1815 2389 1833 2423; x_wconf 76' lang='grc' dir='ltr'><strong>ι</strong></span> <span class='ocrx_word' id='word_1_297' title='bbox 1869 2372 2018 2440; x_wconf 79' lang='lat' dir='ltr'><strong>Ego,</strong></span> 
     </span>
    </p>
   </div>
   <div class='ocr_carea' id='block_1_42' title="bbox 434 2454 2022 2527">
    <p class='ocr_par' dir='ltr' id='par_1_42' title="bbox 434 2454 2022 2527">
     <span class='ocr_line' id='line_1_42' title="bbox 434 2454 2022 2527; baseline 0.005 -21"><span class='ocrx_word' id='word_1_298' title='bbox 434 2454 653 2522; x_wconf 87' lang='lat' dir='ltr'><strong>inquit,</strong></span> <span class='ocrx_word' id='word_1_299' title='bbox 703 2470 822 2509; x_wconf 89' lang='lat' dir='ltr'><strong>sum</strong></span> <span class='ocrx_word' id='word_1_300' title='bbox 879 2458 1212 2512; x_wconf 86' lang='lat' dir='ltr'><strong>resurrectio</strong></span> <span class='ocrx_word' id='word_1_301' title='bbox 1267 2468 1321 2513; x_wconf 91' lang='lat' dir='ltr'><strong>et</strong></span> <span class='ocrx_word' id='word_1_302' title='bbox 1368 2459 1604 2513; x_wconf 68' lang='lat' dir='ltr'><strong>vita&quot;.n</strong></span> <span class='ocrx_word' id='word_1_303' title='bbox 1659 2461 1838 2527; x_wconf 86' lang='lat' dir='ltr'><strong>Quare</strong></span> <span class='ocrx_word' id='word_1_304' title='bbox 1895 2461 2022 2516; x_wconf 88' lang='lat' dir='ltr'><strong>licet</strong></span> 
     </span>
    </p>
   </div>
   <div class='ocr_carea' id='block_1_43' title="bbox 435 2546 2021 2622">
    <p class='ocr_par' dir='ltr' id='par_1_43' title="bbox 435 2546 2021 2622">
     <span class='ocr_line' id='line_1_43' title="bbox 435 2546 2021 2622; baseline 0.007 -27"><span class='ocrx_word' id='word_1_305' title='bbox 435 2546 663 2613; x_wconf 65' lang='lat' dir='ltr'><strong>gloriam</strong></span> <span class='ocrx_word' id='word_1_306' title='bbox 706 2556 760 2600; x_wconf 90' lang='lat' dir='ltr'><strong>et</strong></span> <span class='ocrx_word' id='word_1_307' title='bbox 801 2562 1024 2614; x_wconf 82' lang='lat' dir='ltr'><strong>regnum</strong></span> <span class='ocrx_word' id='word_1_308' title='bbox 1055 2587 1070 2613; x_wconf 88' lang='lat'><em>,</em></span> <span class='ocrx_word' id='word_1_309' title='bbox 1102 2560 1156 2603; x_wconf 91' lang='lat' dir='ltr'><strong>et</strong></span> <span class='ocrx_word' id='word_1_310' title='bbox 1186 2566 1348 2618; x_wconf 84' lang='lat' dir='ltr'><strong>super</strong></span> <span class='ocrx_word' id='word_1_311' title='bbox 1397 2566 1586 2606; x_wconf 89' lang='lat' dir='ltr'><strong>omnes</strong></span> <span class='ocrx_word' id='word_1_312' title='bbox 1618 2563 1673 2606; x_wconf 92' lang='lat' dir='ltr'><strong>et</strong></span> <span class='ocrx_word' id='word_1_313' title='bbox 1711 2555 1889 2606; x_wconf 90' lang='lat' dir='ltr'><strong>onmia</strong></span> <span class='ocrx_word' id='word_1_314' title='bbox 1926 2569 2021 2622; x_wconf 90' lang='lat' dir='ltr'><strong>po-</strong></span> 
     </span>
    </p>
   </div>
   <div class='ocr_carea' id='block_1_44' title="bbox 437 2639 2020 2707">
    <p class='ocr_par' dir='ltr' id='par_1_44' title="bbox 437 2639 2020 2707">
     <span class='ocr_line' id='line_1_44' title="bbox 437 2639 2020 2707; baseline 0.006 -19"><span class='ocrx_word' id='word_1_315' title='bbox 437 2646 687 2691; x_wconf 87' lang='lat' dir='ltr'><strong>testatem</strong></span> <span class='ocrx_word' id='word_1_316' title='bbox 721 2640 996 2707; x_wconf 87' lang='lat' dir='ltr'><strong>accepisse</strong></span> <span class='ocrx_word' id='word_1_317' title='bbox 1046 2639 1305 2705; x_wconf 82' lang='lat' dir='ltr'><strong>dicatur;</strong></span> <span class='ocrx_word' id='word_1_318' title='bbox 1355 2643 1456 2697; x_wconf 94' lang='lat' dir='ltr'><strong>hoc</strong></span> <span class='ocrx_word' id='word_1_319' title='bbox 1503 2653 1681 2698; x_wconf 91' lang='lat' dir='ltr'><strong>tamen</strong></span> <span class='ocrx_word' id='word_1_320' title='bbox 1735 2645 1800 2698; x_wconf 84' lang='lat' dir='ltr'><strong>ad</strong></span> <span class='ocrx_word' id='word_1_321' title='bbox 1838 2644 2020 2698; x_wconf 84' lang='lat' dir='ltr'><strong>incar-</strong></span> 
     </span>
    </p>
   </div>
   <div class='ocr_carea' id='block_1_45' title="bbox 434 2731 2020 2793">
    <p class='ocr_par' dir='ltr' id='par_1_45' title="bbox 434 2731 2020 2793">
     <span class='ocr_line' id='line_1_45' title="bbox 434 2731 2020 2793; baseline 0.006 -10"><span class='ocrx_word' id='word_1_322' title='bbox 434 2731 668 2784; x_wconf 70' lang='lat' dir='ltr'><strong>nationis</strong></span> <span class='ocrx_word' id='word_1_323' title='bbox 715 2731 1080 2787; x_wconf 79' lang='lat' dir='ltr'><strong>conditionem</strong></span> <span class='ocrx_word' id='word_1_324' title='bbox 1124 2740 1208 2790; x_wconf 74' lang='lat' dir='ltr'><strong>es‘t</strong></span> <span class='ocrx_word' id='word_1_325' title='bbox 1270 2735 1635 2792; x_wconf 77' lang='lat' dir='ltr'><strong>referendum.</strong></span> <span class='ocrx_word' id='word_1_326' title='bbox 1671 2738 1890 2792; x_wconf 87' lang='lat' dir='ltr'><strong>Certum</strong></span> <span class='ocrx_word' id='word_1_327' title='bbox 1936 2748 2020 2793; x_wconf 90' lang='lat' dir='ltr'><strong>est</strong></span> 
     </span>
    </p>
   </div>
   <div class='ocr_carea' id='block_1_46' title="bbox 429 2821 2015 2899">
    <p class='ocr_par' dir='ltr' id='par_1_46' title="bbox 429 2821 2015 2899">
     <span class='ocr_line' id='line_1_46' title="bbox 429 2821 2015 2899; baseline 0.003 -24"><span class='ocrx_word' id='word_1_328' title='bbox 429 2823 575 2878; x_wconf 87' lang='lat' dir='ltr'><strong>enim</strong></span> <span class='ocrx_word' id='word_1_329' title='bbox 634 2821 860 2888; x_wconf 81' lang='lat' dir='ltr'><strong>Filium,</strong></span> <span class='ocrx_word' id='word_1_330' title='bbox 893 2833 949 2877; x_wconf 87' lang='lat' dir='ltr'><strong>ut</strong></span> <span class='ocrx_word' id='word_1_331' title='bbox 1011 2823 1152 2880; x_wconf 85' lang='lat' dir='ltr'><strong>Deus</strong></span> <span class='ocrx_word' id='word_1_332' title='bbox 1179 2836 1302 2890; x_wconf 86' lang='lat' dir='ltr'><strong>est,</strong></span> <span class='ocrx_word' id='word_1_333' title='bbox 1355 2836 1411 2880; x_wconf 91' lang='lat' dir='ltr'><strong>et</strong></span> <span class='ocrx_word' id='word_1_334' title='bbox 1459 2827 1643 2894; x_wconf 72' lang='lat' dir='ltr'><strong>gloria:</strong></span> <span class='ocrx_word' id='word_1_335' title='bbox 1700 2827 2015 2899; x_wconf 76' lang='lat' dir='ltr'><strong>Dominum,</strong></span> 
     </span>
    </p>
   </div>
   <div class='ocr_carea' id='block_1_47' title="bbox 430 2912 2013 2985">
    <p class='ocr_par' dir='ltr' id='par_1_47' title="bbox 430 2912 2013 2985">
     <span class='ocr_line' id='line_1_47' title="bbox 430 2912 2013 2985; baseline 0.006 -22"><span class='ocrx_word' id='word_1_336' title='bbox 430 2921 486 2963; x_wconf 86' lang='lat' dir='ltr'><strong>et</strong></span> <span class='ocrx_word' id='word_1_337' title='bbox 529 2912 717 2966; x_wconf 85' lang='lat' dir='ltr'><strong>eadem</strong></span> <span class='ocrx_word' id='word_1_338' title='bbox 773 2929 894 2967; x_wconf 91' lang='lat' dir='ltr'><strong>cum</strong></span> <span class='ocrx_word' id='word_1_339' title='bbox 953 2913 1112 2969; x_wconf 87' lang='lat' dir='ltr'><strong>Patre</strong></span> <span class='ocrx_word' id='word_1_340' title='bbox 1166 2916 1449 2985; x_wconf 86' lang='lat' dir='ltr'><strong>majestate</strong></span> <span class='ocrx_word' id='word_1_341' title='bbox 1519 2918 1800 2983; x_wconf 68' lang='lat' dir='ltr'><strong>praeditum</strong></span> <span class='ocrx_word' id='word_1_342' title='bbox 1853 2934 2013 2984; x_wconf 88' lang='lat' dir='ltr'><strong>esse;</strong></span> 
     </span>
    </p>
   </div>
   <div class='ocr_carea' id='block_1_48' title="bbox 432 3006 2016 3078">
    <p class='ocr_par' dir='ltr' id='par_1_48' title="bbox 432 3006 2016 3078">
     <span class='ocr_line' id='line_1_48' title="bbox 432 3006 2016 3078; baseline 0.006 -24"><span class='ocrx_word' id='word_1_343' title='bbox 432 3017 645 3072; x_wconf 70' lang='lat' dir='ltr'><strong>neque,</strong></span> <span class='ocrx_word' id='word_1_344' title='bbox 693 3006 836 3074; x_wconf 90' lang='lat' dir='ltr'><strong>quod</strong></span> <span class='ocrx_word' id='word_1_345' title='bbox 875 3007 1090 3074; x_wconf 88' lang='lat' dir='ltr'><strong>quidem</strong></span> <span class='ocrx_word' id='word_1_346' title='bbox 1137 3009 1203 3061; x_wconf 93' lang='lat' dir='ltr'><strong>ad</strong></span> <span class='ocrx_word' id='word_1_347' title='bbox 1259 3010 1557 3064; x_wconf 78' lang='lat' dir='ltr'><strong>divinitatis</strong></span> <span class='ocrx_word' id='word_1_348' title='bbox 1598 3018 1844 3063; x_wconf 89' lang='lat' dir='ltr'><strong>naturam</strong></span> <span class='ocrx_word' id='word_1_349' title='bbox 1893 3024 2016 3078; x_wconf 83' lang='lat' dir='ltr'><strong>spe-</strong></span> 
     </span>
    </p>
   </div>
   <div class='ocr_carea' id='block_1_49' title="bbox 429 3093 2014 3170">
    <p class='ocr_par' dir='ltr' id='par_1_49' title="bbox 429 3093 2014 3170">
     <span class='ocr_line' id='line_1_49' title="bbox 429 3093 2014 3170; baseline 0.005 -24"><span class='ocrx_word' id='word_1_350' title='bbox 429 3104 563 3160; x_wconf 83' lang='lat' dir='ltr'><strong>ctat,</strong></span> <span class='ocrx_word' id='word_1_351' title='bbox 597 3093 772 3151; x_wconf 87' lang='lat' dir='ltr'><strong>Patris</strong></span> <span class='ocrx_word' id='word_1_352' title='bbox 816 3097 985 3167; x_wconf 78' lang='lat' dir='ltr'><strong>gloria</strong></span> <span class='ocrx_word' id='word_1_353' title='bbox 1022 3109 1086 3154; x_wconf 83' lang='lat' dir='ltr'><strong>et</strong></span> <span class='ocrx_word' id='word_1_354' title='bbox 1109 3100 1398 3154; x_wconf 88' lang='lat' dir='ltr'><strong>eminentia</strong></span> <span class='ocrx_word' id='word_1_355' title='bbox 1441 3101 1544 3154; x_wconf 85' lang='lat' dir='ltr'><strong>ulla</strong></span> <span class='ocrx_word' id='word_1_356' title='bbox 1580 3117 1644 3156; x_wconf 80' lang='lat' dir='ltr'><strong>ex</strong></span> <span class='ocrx_word' id='word_1_357' title='bbox 1687 3109 1839 3170; x_wconf 88' lang='lat' dir='ltr'><strong>parte</strong></span> <span class='ocrx_word' id='word_1_358' title='bbox 1873 3100 2014 3154; x_wconf 78' lang='lat' dir='ltr'><strong>infe-</strong></span> 
     </span>
    </p>
   </div>
   <div class='ocr_carea' id='block_1_50' title="bbox 2157 1910 3712 1984">
    <p class='ocr_par' dir='ltr' id='par_1_50' title="bbox 2157 1910 3712 1984">
     <span class='ocr_line' id='line_1_50' title="bbox 2157 1910 3712 1984; baseline -0.001 -19"><span class='ocrx_word' id='word_1_359' title='bbox 2157 1914 2181 1965; x_wconf 85' lang='grc' dir='ltr'><strong>ἐ</strong></span> <span class='ocrx_word' id='word_1_360' title='bbox 2221 1913 2319 1984; x_wconf 79' lang='grc' dir='ltr'>τὴν</span> <span class='ocrx_word' id='word_1_361' title='bbox 2356 1912 2500 1965; x_wconf 82' lang='grc' dir='ltr'><strong>κατά</strong></span> <span class='ocrx_word' id='word_1_362' title='bbox 2536 1912 2754 1964; x_wconf 83' lang='grc' dir='ltr'>πάντων</span> <span class='ocrx_word' id='word_1_363' title='bbox 2785 1911 3071 1976; x_wconf 77' lang='grc' dir='ltr'>ἐξουσίαν,</span> <span class='ocrx_word' id='word_1_364' title='bbox 3115 1911 3237 1964; x_wconf 83' lang='grc' dir='ltr'>καθ’</span> <span class='ocrx_word' id='word_1_365' title='bbox 3270 1912 3415 1981; x_wconf 80' lang='grc' dir='ltr'>ἡμᾶς</span> <span class='ocrx_word' id='word_1_366' title='bbox 3447 1910 3511 1979; x_wconf 77' lang='grc' dir='ltr'>δὴ</span> <span class='ocrx_word' id='word_1_367' title='bbox 3547 1910 3712 1963; x_wconf 79' lang='grc' dir='ltr'>πάλιν</span> 
     </span>
    </p>
   </div>
   <div class='ocr_carea' id='block_1_51' title="bbox 2129 1998 3708 2072">
    <p class='ocr_par' dir='ltr' id='par_1_51' title="bbox 2129 1998 3708 2072">
     <span class='ocr_line' id='line_1_51' title="bbox 2129 1998 3708 2072; baseline 0 -18"><span class='ocrx_word' id='word_1_368' title='bbox 2129 2003 2221 2054; x_wconf 76' lang='grc' dir='ltr'>καὶ</span> <span class='ocrx_word' id='word_1_369' title='bbox 2246 2001 2600 2072; x_wconf 75' lang='grc' dir='ltr'><strong>ἀνθρωπίνως</strong></span> <span class='ocrx_word' id='word_1_370' title='bbox 2620 2015 2630 2027; x_wconf 85' lang='grc'><em>’</em></span> <span class='ocrx_word' id='word_1_371' title='bbox 2654 1999 2830 2052; x_wconf 86' lang='grc' dir='ltr'>καίτοι</span> <span class='ocrx_word' id='word_1_372' title='bbox 2861 1998 3165 2070; x_wconf 80' lang='grc' dir='ltr'>βασιλεύων</span> <span class='ocrx_word' id='word_1_373' title='bbox 3197 2000 3305 2051; x_wconf 88' lang='grc' dir='ltr'><strong>τῶν</strong></span> <span class='ocrx_word' id='word_1_374' title='bbox 3327 2000 3462 2052; x_wconf 79' lang='grc' dir='ltr'>ὅλων</span> <span class='ocrx_word' id='word_1_375' title='bbox 3487 1998 3708 2061; x_wconf 79' lang='grc' dir='ltr'>θεῖκῶς.</span> 
     </span>
    </p>
   </div>
   <div class='ocr_carea' id='block_1_52' title="bbox 2127 2090 3709 2164">
    <p class='ocr_par' dir='ltr' id='par_1_52' title="bbox 2127 2090 3709 2164">
     <span class='ocr_line' id='line_1_52' title="bbox 2127 2090 3709 2164; baseline -0.004 -16"><span class='ocrx_word' id='word_1_376' title='bbox 2127 2095 2237 2148; x_wconf 76' lang='grc' dir='ltr'><strong>Καὶ</strong></span> <span class='ocrx_word' id='word_1_377' title='bbox 2269 2094 2444 2163; x_wconf 79' lang='grc' dir='ltr'>ἐνίησι</span> <span class='ocrx_word' id='word_1_378' title='bbox 2500 2093 2596 2164; x_wconf 79' lang='grc' dir='ltr'>μὲν</span> <span class='ocrx_word' id='word_1_379' title='bbox 2631 2094 2659 2145; x_wconf 90' lang='lat'><strong>6</strong></span> <span class='ocrx_word' id='word_1_380' title='bbox 2705 2092 2895 2162; x_wconf 81' lang='grc' dir='ltr'>Πατὴρ</span> <span class='ocrx_word' id='word_1_381' title='bbox 2928 2094 3039 2154; x_wconf 72' lang='grc' dir='ltr'>τοῖς</span> <span class='ocrx_word' id='word_1_382' title='bbox 3094 2093 3295 2145; x_wconf 80' lang='grc' dir='ltr'>δοθεῖσι</span> <span class='ocrx_word' id='word_1_383' title='bbox 3340 2090 3415 2161; x_wconf 80' lang='grc' dir='ltr'><strong>τῷ</strong></span> <span class='ocrx_word' id='word_1_384' title='bbox 3447 2090 3561 2159; x_wconf 75' lang='grc' dir='ltr'><strong>Υἱῷ</strong></span> <span class='ocrx_word' id='word_1_385' title='bbox 3608 2090 3709 2158; x_wconf 75' lang='grc' dir='ltr'>τὴν</span> 
     </span>
    </p>
   </div>
   <div class='ocr_carea' id='block_1_53' title="bbox 2126 2179 3707 2252">
    <p class='ocr_par' dir='ltr' id='par_1_53' title="bbox 2126 2179 3707 2252">
     <span class='ocr_line' id='line_1_53' title="bbox 2126 2179 3707 2252; baseline -0.001 -18"><span class='ocrx_word' id='word_1_386' title='bbox 2126 2182 2270 2252; x_wconf 78' lang='grc' dir='ltr'>ζωὴν</span> <span class='ocrx_word' id='word_1_387' title='bbox 2302 2182 2402 2252; x_wconf 78' lang='grc' dir='ltr'>τὴν</span> <span class='ocrx_word' id='word_1_388' title='bbox 2433 2181 2649 2234; x_wconf 83' lang='grc' dir='ltr'>αἰώνιον</span> <span class='ocrx_word' id='word_1_389' title='bbox 2670 2197 2682 2210; x_wconf 80' lang='lat'><strong><em>°</em></strong></span> <span class='ocrx_word' id='word_1_390' title='bbox 2728 2180 2866 2251; x_wconf 75' lang='grc' dir='ltr'>αὕτη</span> <span class='ocrx_word' id='word_1_391' title='bbox 2907 2180 2964 2232; x_wconf 88' lang='grc' dir='ltr'><strong>δέ</strong></span> <span class='ocrx_word' id='word_1_392' title='bbox 3009 2180 3157 2233; x_wconf 81' lang='grc' dir='ltr'>ἐστιν</span> <span class='ocrx_word' id='word_1_393' title='bbox 3199 2180 3360 2242; x_wconf 71' lang='grc' dir='ltr'>αὑτός</span> <span class='ocrx_word' id='word_1_394' title='bbox 3387 2196 3398 2208; x_wconf 71' lang='grc'><strong><em>⁸</em></strong></span> <span class='ocrx_word' id='word_1_395' title='bbox 3434 2179 3537 2250; x_wconf 70' lang='grc' dir='ltr'><strong>ἔφη</strong></span> <span class='ocrx_word' id='word_1_396' title='bbox 3566 2180 3707 2248; x_wconf 70' lang='grc' dir='ltr'>γάρ’</span> 
     </span>
    </p>
   </div>
   <div class='ocr_carea' id='block_1_54' title="bbox 2129 2270 3710 2343">
    <p class='ocr_par' dir='ltr' id='par_1_54' title="bbox 2129 2270 3710 2343">
     <span class='ocr_line' id='line_1_54' title="bbox 2129 2270 3710 2343; baseline -0.001 -18"><span class='ocrx_word' id='word_1_397' title='bbox 2129 2291 2148 2324; x_wconf 73' lang='grc' dir='ltr'><strong>ι</strong></span> <span class='ocrx_word' id='word_1_398' title='bbox 2208 2273 2348 2341; x_wconf 86' lang='grc' dir='ltr'><strong>Ἐγώ</strong></span> <span class='ocrx_word' id='word_1_399' title='bbox 2379 2275 2495 2342; x_wconf 77' lang='grc' dir='ltr'>εἰμι</span> <span class='ocrx_word' id='word_1_400' title='bbox 2525 2274 2558 2342; x_wconf 81' lang='grc' dir='ltr'>ἡ</span> <span class='ocrx_word' id='word_1_401' title='bbox 2589 2272 2886 2335; x_wconf 78' lang='grc' dir='ltr'>ἀνάστασις</span> <span class='ocrx_word' id='word_1_402' title='bbox 2914 2274 3008 2324; x_wconf 79' lang='grc' dir='ltr'>καὶ</span> <span class='ocrx_word' id='word_1_403' title='bbox 3041 2274 3074 2343; x_wconf 77' lang='grc' dir='ltr'><strong>ἡ</strong></span> <span class='ocrx_word' id='word_1_404' title='bbox 3110 2271 3244 2341; x_wconf 82' lang='grc' dir='ltr'>ζωή.</span> <span class='ocrx_word' id='word_1_405' title='bbox 3275 2289 3294 2321; x_wconf 77' lang='grc' dir='ltr'><strong>ι</strong></span> <span class='ocrx_word' id='word_1_406' title='bbox 3347 2271 3556 2323; x_wconf 80' lang='grc' dir='ltr'>Οὐκοῦν</span> <span class='ocrx_word' id='word_1_407' title='bbox 3603 2270 3710 2324; x_wconf 74' lang='grc' dir='ltr'>κᾶν</span> 
     </span>
    </p>
   </div>
   <div class='ocr_carea' id='block_1_55' title="bbox 2123 2361 3707 2435">
    <p class='ocr_par' dir='ltr' id='par_1_55' title="bbox 2123 2361 3707 2435">
     <span class='ocr_line' id='line_1_55' title="bbox 2123 2361 3707 2435; baseline -0.003 -18"><span class='ocrx_word' id='word_1_408' title='bbox 2123 2367 2171 2417; x_wconf 74' lang='grc' dir='ltr'><strong>εἰ</strong></span> <span class='ocrx_word' id='word_1_409' title='bbox 2202 2365 2413 2433; x_wconf 79' lang='grc' dir='ltr'>λέγοιτο</span> <span class='ocrx_word' id='word_1_410' title='bbox 2455 2363 2639 2417; x_wconf 80' lang='grc' dir='ltr'>λαϐεῖν</span> <span class='ocrx_word' id='word_1_411' title='bbox 2673 2364 2824 2435; x_wconf 86' lang='grc' dir='ltr'><strong>παρά</strong></span> <span class='ocrx_word' id='word_1_412' title='bbox 2858 2363 2952 2416; x_wconf 87' lang='grc' dir='ltr'><strong>τοῦ</strong></span> <span class='ocrx_word' id='word_1_413' title='bbox 2999 2363 3211 2434; x_wconf 78' lang='grc' dir='ltr'>Πατρὸς</span> <span class='ocrx_word' id='word_1_414' title='bbox 3258 2361 3413 2429; x_wconf 75' lang='grc' dir='ltr'>δόξαν</span> <span class='ocrx_word' id='word_1_415' title='bbox 3463 2361 3557 2414; x_wconf 77' lang='grc' dir='ltr'>καὶ</span> <span class='ocrx_word' id='word_1_416' title='bbox 3606 2361 3707 2430; x_wconf 76' lang='grc' dir='ltr'>τὴν</span> 
     </span>
    </p>
   </div>
   <div class='ocr_carea' id='block_1_56' title="bbox 2122 2453 3708 2524">
    <p class='ocr_par' dir='ltr' id='par_1_56' title="bbox 2122 2453 3708 2524">
     <span class='ocr_line' id='line_1_56' title="bbox 2122 2453 3708 2524; baseline -0.002 -15"><span class='ocrx_word' id='word_1_417' title='bbox 2122 2456 2265 2509; x_wconf 83' lang='grc' dir='ltr'><strong>κατά</strong></span> <span class='ocrx_word' id='word_1_418' title='bbox 2299 2455 2516 2509; x_wconf 71' lang='grc' dir='ltr'>πάντων</span> <span class='ocrx_word' id='word_1_419' title='bbox 2557 2454 2806 2521; x_wconf 78' lang='grc' dir='ltr'>ἐξουσίαν</span> <span class='ocrx_word' id='word_1_420' title='bbox 2833 2471 2891 2507; x_wconf 88' lang='grc' dir='ltr'><strong>τε</strong></span> <span class='ocrx_word' id='word_1_421' title='bbox 2930 2454 3026 2507; x_wconf 77' lang='grc' dir='ltr'>καὶ</span> <span class='ocrx_word' id='word_1_422' title='bbox 3073 2453 3373 2524; x_wconf 83' lang='grc' dir='ltr'>βασιλειαν,</span> <span class='ocrx_word' id='word_1_423' title='bbox 3417 2453 3708 2506; x_wconf 78' lang='grc' dir='ltr'>ἀναθετέον</span> 
     </span>
    </p>
   </div>
   <div class='ocr_carea' id='block_1_57' title="bbox 2127 2543 3706 2616">
    <p class='ocr_par' dir='ltr' id='par_1_57' title="bbox 2127 2543 3706 2616">
     <span class='ocr_line' id='line_1_57' title="bbox 2127 2543 3706 2616; baseline 0 -18"><span class='ocrx_word' id='word_1_424' title='bbox 2127 2548 2224 2616; x_wconf 84' lang='grc' dir='ltr'>μὲν</span> <span class='ocrx_word' id='word_1_425' title='bbox 2253 2545 2315 2598; x_wconf 87' lang='grc' dir='ltr'><strong>τὸ</strong></span> <span class='ocrx_word' id='word_1_426' title='bbox 2364 2545 2549 2598; x_wconf 73' lang='grc' dir='ltr'>λαϐεῖν</span> <span class='ocrx_word' id='word_1_427' title='bbox 2585 2547 2697 2608; x_wconf 87' lang='grc' dir='ltr'>τοῖς</span> <span class='ocrx_word' id='word_1_428' title='bbox 2735 2545 2832 2613; x_wconf 77' lang='grc' dir='ltr'>τῆς</span> <span class='ocrx_word' id='word_1_429' title='bbox 2879 2543 3168 2608; x_wconf 83' lang='grc' dir='ltr'>κενώσεως</span> <span class='ocrx_word' id='word_1_430' title='bbox 3209 2545 3453 2615; x_wconf 83' lang='grc' dir='ltr'>μέτροις.</span> <span class='ocrx_word' id='word_1_431' title='bbox 3511 2546 3706 2598; x_wconf 85' lang='grc' dir='ltr'>Ὶστέον</span> 
     </span>
    </p>
   </div>
   <div class='ocr_carea' id='block_1_58' title="bbox 2121 2636 3707 2708">
    <p class='ocr_par' dir='ltr' id='par_1_58' title="bbox 2121 2636 3707 2708">
     <span class='ocr_line' id='line_1_58' title="bbox 2121 2636 3707 2708; baseline 0.001 -18"><span class='ocrx_word' id='word_1_432' title='bbox 2121 2637 2198 2702; x_wconf 84' lang='grc' dir='ltr'>δὲ,</span> <span class='ocrx_word' id='word_1_433' title='bbox 2233 2637 2315 2690; x_wconf 85' lang='grc' dir='ltr'>ὅτι</span> <span class='ocrx_word' id='word_1_434' title='bbox 2342 2639 2437 2691; x_wconf 75' lang='grc' dir='ltr'>καὶ</span> <span class='ocrx_word' id='word_1_435' title='bbox 2475 2637 2572 2707; x_wconf 84' lang='grc' dir='ltr'>τῆς</span> <span class='ocrx_word' id='word_1_436' title='bbox 2603 2636 2760 2706; x_wconf 82' lang='grc' dir='ltr'>δόξης</span> <span class='ocrx_word' id='word_1_437' title='bbox 2791 2636 2908 2689; x_wconf 76' lang='grc' dir='ltr'>ἐστὶ</span> <span class='ocrx_word' id='word_1_438' title='bbox 2938 2637 3138 2708; x_wconf 82' lang='grc' dir='ltr'>Κύριος</span> <span class='ocrx_word' id='word_1_439' title='bbox 3167 2637 3242 2700; x_wconf 86' lang='grc' dir='ltr'>ὡς</span> <span class='ocrx_word' id='word_1_440' title='bbox 3267 2637 3419 2702; x_wconf 84' lang='grc' dir='ltr'>Θεὸς,</span> <span class='ocrx_word' id='word_1_441' title='bbox 3454 2638 3548 2691; x_wconf 73' lang='grc' dir='ltr'>καὶ</span> <span class='ocrx_word' id='word_1_442' title='bbox 3579 2639 3707 2691; x_wconf 83' lang='grc' dir='ltr'>σύν·</span> 
     </span>
    </p>
   </div>
   <div class='ocr_carea' id='block_1_59' title="bbox 2123 2728 3705 2801">
    <p class='ocr_par' dir='ltr' id='par_1_59' title="bbox 2123 2728 3705 2801">
     <span class='ocr_line' id='line_1_59' title="bbox 2123 2728 3705 2801; baseline -0.001 -18"><span class='ocrx_word' id='word_1_443' title='bbox 2123 2731 2312 2801; x_wconf 83' lang='grc' dir='ltr'>θρονος</span> <span class='ocrx_word' id='word_1_444' title='bbox 2338 2729 2415 2799; x_wconf 83' lang='grc' dir='ltr'><strong>τῷ</strong></span> <span class='ocrx_word' id='word_1_445' title='bbox 2447 2729 2621 2798; x_wconf 69' lang='grc' dir='ltr'>Πατρὶ</span> <span class='ocrx_word' id='word_1_446' title='bbox 2649 2728 2741 2780; x_wconf 71' lang='grc' dir='ltr'>καὶ</span> <span class='ocrx_word' id='word_1_447' title='bbox 2768 2730 2887 2782; x_wconf 80' lang='grc' dir='ltr'>κατ’</span> <span class='ocrx_word' id='word_1_448' title='bbox 2911 2729 3102 2781; x_wconf 64' lang='grc' dir='ltr'>οὐδένα</span> <span class='ocrx_word' id='word_1_449' title='bbox 3126 2729 3325 2800; x_wconf 82' lang='grc' dir='ltr'>τρόπον</span> <span class='ocrx_word' id='word_1_450' title='bbox 3355 2729 3705 2800; x_wconf 87' lang='grc' dir='ltr'>μειονεκτού-</span> 
     </span>
    </p>
   </div>
   <div class='ocr_carea' id='block_1_60' title="bbox 2125 2819 3704 2892">
    <p class='ocr_par' dir='ltr' id='par_1_60' title="bbox 2125 2819 3704 2892">
     <span class='ocr_line' id='line_1_60' title="bbox 2125 2819 3704 2892; baseline 0 -19"><span class='ocrx_word' id='word_1_451' title='bbox 2125 2838 2288 2892; x_wconf 87' lang='grc' dir='ltr'>μενος</span> <span class='ocrx_word' id='word_1_452' title='bbox 2315 2821 2413 2889; x_wconf 76' lang='grc' dir='ltr'>τῆς</span> <span class='ocrx_word' id='word_1_453' title='bbox 2433 2819 2526 2872; x_wconf 89' lang='grc' dir='ltr'><strong>τοῦ</strong></span> <span class='ocrx_word' id='word_1_454' title='bbox 2553 2820 2803 2882; x_wconf 84' lang='grc' dir='ltr'>τεκόντος</span> <span class='ocrx_word' id='word_1_455' title='bbox 2833 2819 2992 2872; x_wconf 85' lang='grc' dir='ltr'>αὑτὸν</span> <span class='ocrx_word' id='word_1_456' title='bbox 3016 2819 3289 2891; x_wconf 81' lang='grc' dir='ltr'>ὑπεροχῆς</span> <span class='ocrx_word' id='word_1_457' title='bbox 3320 2838 3378 2873; x_wconf 85' lang='grc' dir='ltr'><strong>τε</strong></span> <span class='ocrx_word' id='word_1_458' title='bbox 3409 2821 3502 2874; x_wconf 81' lang='grc' dir='ltr'>καὶ</span> <span class='ocrx_word' id='word_1_459' title='bbox 3522 2819 3704 2890; x_wconf 73' lang='grc' dir='ltr'>δόξης,</span> 
     </span>
    </p>
   </div>
   <div class='ocr_carea' id='block_1_61' title="bbox 2118 2909 3707 2984">
    <p class='ocr_par' dir='ltr' id='par_1_61' title="bbox 2118 2909 3707 2984">
     <span class='ocr_line' id='line_1_61' title="bbox 2118 2909 3707 2984; baseline -0.002 -17"><span class='ocrx_word' id='word_1_460' title='bbox 2118 2916 2177 2967; x_wconf 82' lang='grc' dir='ltr'><strong>τό</strong></span> <span class='ocrx_word' id='word_1_461' title='bbox 2223 2932 2286 2982; x_wconf 89' lang='grc' dir='ltr'><strong>γε</strong></span> <span class='ocrx_word' id='word_1_462' title='bbox 2325 2909 2458 2984; x_wconf 80' lang='grc' dir='ltr'>ἧκον</span> <span class='ocrx_word' id='word_1_463' title='bbox 2504 2915 2583 2976; x_wconf 83' lang='grc' dir='ltr'>εἰς</span> <span class='ocrx_word' id='word_1_464' title='bbox 2622 2915 2721 2983; x_wconf 81' lang='grc' dir='ltr'>τὴν</span> <span class='ocrx_word' id='word_1_465' title='bbox 2755 2913 2853 2982; x_wconf 80' lang='grc' dir='ltr'>τῆς</span> <span class='ocrx_word' id='word_1_466' title='bbox 2894 2912 3147 2983; x_wconf 73' lang='grc' dir='ltr'>θεότητος</span> <span class='ocrx_word' id='word_1_467' title='bbox 3195 2914 3378 2982; x_wconf 81' lang='grc' dir='ltr'>φύσιν.</span> <span class='ocrx_word' id='word_1_468' title='bbox 3433 2912 3707 2982; x_wconf 79' lang='grc' dir='ltr'>Ἐσὸμεθα</span> 
     </span>
    </p>
   </div>
   <div class='ocr_carea' id='block_1_62' title="bbox 2121 3003 3704 3074">
    <p class='ocr_par' dir='ltr' id='par_1_62' title="bbox 2121 3003 3704 3074">
     <span class='ocr_line' id='line_1_62' title="bbox 2121 3003 3704 3074; baseline -0.001 -20"><span class='ocrx_word' id='word_1_469' title='bbox 2121 3005 2231 3074; x_wconf 69' lang='grc' dir='ltr'><strong>γὰρ</strong></span> <span class='ocrx_word' id='word_1_470' title='bbox 2263 3003 2436 3067; x_wconf 78' lang='grc' dir='ltr'>οὑτως</span> <span class='ocrx_word' id='word_1_471' title='bbox 2473 3004 2739 3069; x_wconf 72' lang='grc' dir='ltr'>εὐσεϐεῖς,</span> <span class='ocrx_word' id='word_1_472' title='bbox 2785 3004 3214 3074; x_wconf 84' lang='grc' dir='ltr'>περιτρέποντες</span> <span class='ocrx_word' id='word_1_473' title='bbox 3270 3005 3376 3056; x_wconf 79' lang='grc' dir='ltr'><strong>πᾶν</strong></span> <span class='ocrx_word' id='word_1_474' title='bbox 3408 3004 3584 3074; x_wconf 72' lang='grc' dir='ltr'>νόημα</span> <span class='ocrx_word' id='word_1_475' title='bbox 3621 3004 3704 3065; x_wconf 86' lang='grc' dir='ltr'>εἰς</span> 
     </span>
    </p>
   </div>
   <div class='ocr_carea' id='block_1_63' title="bbox 2117 3094 3701 3166">
    <p class='ocr_par' dir='ltr' id='par_1_63' title="bbox 2117 3094 3701 3166">
     <span class='ocr_line' id='line_1_63' title="bbox 2117 3094 3701 3166; baseline -0.001 -20"><span class='ocrx_word' id='word_1_476' title='bbox 2117 3096 2214 3166; x_wconf 82' lang='grc' dir='ltr'>τὴν</span> <span class='ocrx_word' id='word_1_477' title='bbox 2251 3096 2499 3164; x_wconf 81' lang='grc' dir='ltr'>ὑπακοὴν</span> <span class='ocrx_word' id='word_1_478' title='bbox 2544 3095 2733 3158; x_wconf 82' lang='grc' dir='ltr'>αὑτοῦ,</span> <span class='ocrx_word' id='word_1_479' title='bbox 2782 3095 2876 3148; x_wconf 77' lang='grc' dir='ltr'>καὶ</span> <span class='ocrx_word' id='word_1_480' title='bbox 2933 3097 3229 3165; x_wconf 68' lang='grc' dir='ltr'>λογισμοὺς</span> <span class='ocrx_word' id='word_1_481' title='bbox 3282 3094 3701 3164; x_wconf 77' lang='grc' dir='ltr'>καθαιροῦντες,</span> 
     </span>
    </p>
   </div>
   <div class='ocr_carea' id='block_1_64' title="bbox 431 3176 2014 3262">
    <p class='ocr_par' dir='ltr' id='par_1_64' title="bbox 431 3189 2010 3262">
     <span class='ocr_line' id='line_1_64' title="bbox 431 3189 2010 3262; baseline 0.004 -24"><span class='ocrx_word' id='word_1_482' title='bbox 431 3189 626 3242; x_wconf 85' lang='lat' dir='ltr'><strong>riorem</strong></span> <span class='ocrx_word' id='word_1_483' title='bbox 661 3203 802 3244; x_wconf 82' lang='lat' dir='ltr'><strong>esse.</strong></span> <span class='ocrx_word' id='word_1_484' title='bbox 859 3189 938 3244; x_wconf 81' lang='lat' dir='ltr'><strong>Ad</strong></span> <span class='ocrx_word' id='word_1_485' title='bbox 975 3190 1116 3245; x_wconf 89' lang='lat' dir='ltr'><strong>hunc</strong></span> <span class='ocrx_word' id='word_1_486' title='bbox 1187 3192 1370 3261; x_wconf 86' lang='lat' dir='ltr'><strong>itaque</strong></span> <span class='ocrx_word' id='word_1_487' title='bbox 1419 3194 1650 3260; x_wconf 49' lang='lat' dir='ltr'><strong>modum,</strong></span> <span class='ocrx_word' id='word_1_488' title='bbox 1675 3192 2010 3262; x_wconf 85' lang='lat' dir='ltr'><strong>comparati,</strong></span> 
     </span>
    </p>
   </div>
   <div class='ocr_carea' id='block_1_65' title="bbox 2121 3176 3694 3262">
    <p class='ocr_par' dir='ltr' id='par_1_65' title="bbox 2123 3183 3694 3255">
     <span class='ocr_line' id='line_1_65' title="bbox 2123 3183 3694 3255; baseline 0 -19"><span class='ocrx_word' id='word_1_489' title='bbox 2123 3205 2141 3236; x_wconf 78' lang='grc' dir='ltr'><strong>ι</strong></span> <span class='ocrx_word' id='word_1_490' title='bbox 2179 3186 2271 3238; x_wconf 78' lang='grc' dir='ltr'>καὶ</span> <span class='ocrx_word' id='word_1_491' title='bbox 2299 3186 2406 3237; x_wconf 74' lang='grc' dir='ltr'><strong>πᾶν</strong></span> <span class='ocrx_word' id='word_1_492' title='bbox 2454 3183 2654 3254; x_wconf 60' lang='grc' dir='ltr'>ὕψωμα</span> <span class='ocrx_word' id='word_1_493' title='bbox 2693 3185 3056 3255; x_wconf 78' lang='grc' dir='ltr'>ἐπαιρόμενον</span> <span class='ocrx_word' id='word_1_494' title='bbox 3111 3185 3253 3238; x_wconf 78' lang='grc' dir='ltr'>κατὰ</span> <span class='ocrx_word' id='word_1_495' title='bbox 3305 3185 3406 3254; x_wconf 78' lang='grc' dir='ltr'>τῆς</span> <span class='ocrx_word' id='word_1_496' title='bbox 3437 3183 3694 3254; x_wconf 85' lang='grc' dir='ltr'>γνώσεως</span> 
     </span>
    </p>
   </div>
   <div class='ocr_carea' id='block_1_66' title="bbox 428 3271 2009 3348">
    <p class='ocr_par' dir='ltr' id='par_1_66' title="bbox 428 3271 2009 3348">
     <span class='ocr_line' id='line_1_66' title="bbox 428 3271 2009 3348; baseline 0.004 -18"><span class='ocrx_word' id='word_1_497' title='bbox 428 3289 482 3330; x_wconf 76' lang='grc' dir='ltr'>(ἰ</span> <span class='ocrx_word' id='word_1_498' title='bbox 531 3279 600 3348; x_wconf 90' lang='lat' dir='ltr'><strong>pii</strong></span> <span class='ocrx_word' id='word_1_499' title='bbox 630 3281 878 3345; x_wconf 89' lang='lat' dir='ltr'><strong>erimus,</strong></span> <span class='ocrx_word' id='word_1_500' title='bbox 929 3293 984 3336; x_wconf 91' lang='lat' dir='ltr'><strong>et</strong></span> <span class='ocrx_word' id='word_1_501' title='bbox 1016 3298 1230 3336; x_wconf 89' lang='lat' dir='ltr'><strong>omnem</strong></span> <span class='ocrx_word' id='word_1_502' title='bbox 1284 3283 1615 3339; x_wconf 88' lang='lat' dir='ltr'><strong>intellectum</strong></span> <span class='ocrx_word' id='word_1_503' title='bbox 1683 3271 1738 3338; x_wconf 78' lang='lat' dir='ltr'><strong>in</strong></span> <span class='ocrx_word' id='word_1_504' title='bbox 1806 3283 2009 3338; x_wconf 87' lang='lat' dir='ltr'><strong>Christi</strong></span> 
     </span>
    </p>
   </div>
   <div class='ocr_carea' id='block_1_67' title="bbox 2119 3277 2357 3332">
    <p class='ocr_par' dir='ltr' id='par_1_67' title="bbox 2119 3277 2357 3332">
     <span class='ocr_line' id='line_1_67' title="bbox 2119 3277 2357 3332; baseline -0.013 -1"><span class='ocrx_word' id='word_1_505' title='bbox 2119 3277 2304 3332; x_wconf 75' lang='grc' dir='ltr'>αὑτοῦ.</span> <span class='ocrx_word' id='word_1_506' title='bbox 2339 3296 2357 3328; x_wconf 77' lang='grc' dir='ltr'><strong>ι</strong></span> 
     </span>
    </p>
   </div>
   <div class='ocr_carea' id='block_1_68' title="bbox 425 3366 3703 3444">
    <p class='ocr_par' dir='ltr' id='par_1_68' title="bbox 425 3366 3703 3444">
     <span class='ocr_line' id='line_1_68' title="bbox 425 3366 3703 3444; baseline 0.001 -23"><span class='ocrx_word' id='word_1_507' title='bbox 425 3368 744 3437; x_wconf 88' lang='lat' dir='ltr'><strong>obsequium</strong></span> <span class='ocrx_word' id='word_1_508' title='bbox 794 3380 1169 3426; x_wconf 88' lang='lat' dir='ltr'><strong>convertentes</strong></span> <span class='ocrx_word' id='word_1_509' title='bbox 1199 3411 1214 3436; x_wconf 92' lang='lat'><strong>,</strong></span> <span class='ocrx_word' id='word_1_510' title='bbox 1263 3383 1318 3427; x_wconf 86' lang='lat' dir='ltr'><strong>et</strong></span> <span class='ocrx_word' id='word_1_511' title='bbox 1359 3388 1551 3429; x_wconf 85' lang='lat' dir='ltr'><strong>omnes</strong></span> <span class='ocrx_word' id='word_1_512' title='bbox 1603 3373 2004 3444; x_wconf 79' lang='lat' dir='ltr'><strong>cogitationes,</strong></span> <span class='ocrx_word' id='word_1_513' title='bbox 2056 3389 2075 3422; x_wconf 87' lang='grc'><em>‹</em></span> <span class='ocrx_word' id='word_1_514' title='bbox 2112 3383 2437 3438; x_wconf 87' lang='lat' dir='ltr'><strong>omnemque</strong></span> <span class='ocrx_word' id='word_1_515' title='bbox 2475 3366 2813 3422; x_wconf 88' lang='lat' dir='ltr'><strong>altitudinem</strong></span> <span class='ocrx_word' id='word_1_516' title='bbox 2863 3378 3049 3424; x_wconf 88' lang='lat' dir='ltr'><strong>contra</strong></span> <span class='ocrx_word' id='word_1_517' title='bbox 3121 3369 3215 3425; x_wconf 86' lang='lat' dir='ltr'><strong>Dei</strong></span> <span class='ocrx_word' id='word_1_518' title='bbox 3265 3371 3548 3425; x_wconf 73' lang='lat' dir='ltr'><strong>scientiam</strong></span> <span class='ocrx_word' id='word_1_519' title='bbox 3578 3385 3703 3426; x_wconf 88' lang='lat' dir='ltr'><strong>sese</strong></span> 
     </span>
    </p>
   </div>
   <div class='ocr_carea' id='block_1_69' title="bbox 425 3460 1280 3518">
    <p class='ocr_par' dir='ltr' id='par_1_69' title="bbox 425 3460 1280 3518">
     <span class='ocr_line' id='line_1_69' title="bbox 425 3460 1280 3518; baseline 0.005 -8"><span class='ocrx_word' id='word_1_520' title='bbox 425 3460 772 3516; x_wconf 79' lang='lat' dir='ltr'><strong>extollentem</strong></span> <span class='ocrx_word' id='word_1_521' title='bbox 819 3473 1125 3518; x_wconf 88' lang='lat' dir='ltr'><strong>evertentes</strong></span> <span class='ocrx_word' id='word_1_522' title='bbox 1145 3465 1234 3517; x_wconf 82' lang='grc'><strong>¹³·.</strong></span> <span class='ocrx_word' id='word_1_523' title='bbox 1262 3481 1280 3514; x_wconf 78' lang='grc' dir='ltr'><strong>ι</strong></span> 
     </span>
    </p>
   </div>
   <div class='ocr_carea' id='block_1_70' title="bbox 495 3553 2007 3630">
    <p class='ocr_par' dir='ltr' id='par_1_70' title="bbox 495 3553 2007 3630">
     <span class='ocr_line' id='line_1_70' title="bbox 495 3553 2007 3630; baseline 0.007 -24"><span class='ocrx_word' id='word_1_524' title='bbox 495 3553 608 3607; x_wconf 70' lang='lat' dir='ltr'><strong>L.¢</strong></span> <span class='ocrx_word' id='word_1_525' title='bbox 646 3556 875 3609; x_wconf 75' lang='lat' dir='ltr'><strong>Dextera</strong></span> <span class='ocrx_word' id='word_1_526' title='bbox 928 3556 1093 3625; x_wconf 78' lang='lat' dir='ltr'><strong>igitur</strong></span> <span class='ocrx_word' id='word_1_527' title='bbox 1152 3555 1244 3611; x_wconf 87' lang='lat' dir='ltr'><strong>Dei</strong></span> <span class='ocrx_word' id='word_1_528' title='bbox 1302 3558 1600 3624; x_wconf 81' lang='lat' dir='ltr'><strong>exaltatus,</strong></span> <span class='ocrx_word' id='word_1_529' title='bbox 1663 3567 1718 3614; x_wconf 92' lang='lat' dir='ltr'><strong>et</strong></span> <span class='ocrx_word' id='word_1_530' title='bbox 1772 3562 2007 3630; x_wconf 86' lang='lat' dir='ltr'><strong>promis-</strong></span> 
     </span>
    </p>
   </div>
   <div class='ocr_carea' id='block_1_71' title="bbox 425 3645 2009 3718">
    <p class='ocr_par' dir='ltr' id='par_1_71' title="bbox 425 3645 2009 3718">
     <span class='ocr_line' id='line_1_71' title="bbox 425 3645 2009 3718; baseline 0.006 -21"><span class='ocrx_word' id='word_1_531' title='bbox 425 3646 634 3699; x_wconf 87' lang='lat' dir='ltr'><strong>sionem</strong></span> <span class='ocrx_word' id='word_1_532' title='bbox 691 3645 925 3714; x_wconf 83' lang='lat' dir='ltr'><strong>Spiritus</strong></span> <span class='ocrx_word' id='word_1_533' title='bbox 974 3647 1149 3700; x_wconf 83' lang='lat' dir='ltr'><strong>sancti</strong></span> <span class='ocrx_word' id='word_1_534' title='bbox 1189 3648 1462 3718; x_wconf 87' lang='lat' dir='ltr'><strong>accipiens</strong></span> <span class='ocrx_word' id='word_1_535' title='bbox 1500 3665 1528 3703; x_wconf 87' lang='lat' dir='ltr'><strong>a</strong></span> <span class='ocrx_word' id='word_1_536' title='bbox 1578 3649 1768 3714; x_wconf 82' lang='lat' dir='ltr'><strong>Patre,</strong></span> <span class='ocrx_word' id='word_1_537' title='bbox 1820 3651 2009 3708; x_wconf 84' lang='lat' dir='ltr'><strong>ell&#39;udit</strong></span> 
     </span>
    </p>
   </div>
   <div class='ocr_carea' id='block_1_72' title="bbox 427 3737 2002 3806">
    <p class='ocr_par' dir='ltr' id='par_1_72' title="bbox 427 3737 2002 3806">
     <span class='ocr_line' id='line_1_72' title="bbox 427 3737 2002 3806; baseline 0.004 -16"><span class='ocrx_word' id='word_1_538' title='bbox 427 3737 532 3790; x_wconf 81' lang='lat' dir='ltr'><strong>hoc</strong></span> <span class='ocrx_word' id='word_1_539' title='bbox 561 3775 576 3801; x_wconf 94' lang='lat'><strong>,</strong></span> <span class='ocrx_word' id='word_1_540' title='bbox 614 3740 760 3806; x_wconf 89' lang='lat' dir='ltr'><strong>quod</strong></span> <span class='ocrx_word' id='word_1_541' title='bbox 804 3751 899 3793; x_wconf 88' lang='lat' dir='ltr'><strong>vos</strong></span> <span class='ocrx_word' id='word_1_542' title='bbox 932 3738 1128 3792; x_wconf 85' lang='lat' dir='ltr'><strong>videtis</strong></span> <span class='ocrx_word' id='word_1_543' title='bbox 1159 3749 1214 3793; x_wconf 90' lang='lat' dir='ltr'><strong>et</strong></span> <span class='ocrx_word' id='word_1_544' title='bbox 1259 3741 1478 3796; x_wconf 86' lang='lat' dir='ltr'><strong>auditis.</strong></span> <span class='ocrx_word' id='word_1_545' title='bbox 1530 3741 1647 3797; x_wconf 82' lang='lat' dir='ltr'><strong>Non</strong></span> <span class='ocrx_word' id='word_1_546' title='bbox 1697 3743 1840 3798; x_wconf 88' lang='lat' dir='ltr'><strong>enim</strong></span> <span class='ocrx_word' id='word_1_547' title='bbox 1893 3743 2002 3797; x_wconf 77' lang='lat' dir='ltr'><strong>Da-</strong></span> 
     </span>
    </p>
   </div>
   <div class='ocr_carea' id='block_1_73' title="bbox 428 3827 2006 3903">
    <p class='ocr_par' dir='ltr' id='par_1_73' title="bbox 428 3827 2006 3903">
     <span class='ocr_line' id='line_1_73' title="bbox 428 3827 2006 3903; baseline 0.006 -23"><span class='ocrx_word' id='word_1_548' title='bbox 428 3827 518 3882; x_wconf 87' lang='lat' dir='ltr'><strong>vid</strong></span> <span class='ocrx_word' id='word_1_549' title='bbox 555 3829 800 3884; x_wconf 89' lang='lat' dir='ltr'><strong>ascendit</strong></span> <span class='ocrx_word' id='word_1_550' title='bbox 841 3831 895 3884; x_wconf 93' lang='lat' dir='ltr'><strong>in</strong></span> <span class='ocrx_word' id='word_1_551' title='bbox 944 3830 1185 3898; x_wconf 89' lang='lat' dir='ltr'><strong>coelum;</strong></span> <span class='ocrx_word' id='word_1_552' title='bbox 1247 3833 1378 3887; x_wconf 90' lang='lat' dir='ltr'><strong>dicit</strong></span> <span class='ocrx_word' id='word_1_553' title='bbox 1415 3845 1594 3889; x_wconf 90' lang='lat' dir='ltr'><strong>autem</strong></span> <span class='ocrx_word' id='word_1_554' title='bbox 1646 3831 1759 3903; x_wconf 68' lang='lat' dir='ltr'><strong>ips&#39;e</strong></span> <span class='ocrx_word' id='word_1_555' title='bbox 1795 3854 1808 3891; x_wconf 89' lang='lat'><strong>:</strong></span> <span class='ocrx_word' id='word_1_556' title='bbox 1861 3836 2006 3890; x_wconf 76' lang='lat' dir='ltr'><strong>Dixit</strong></span> 
     </span>
    </p>
   </div>
   <div class='ocr_carea' id='block_1_74' title="bbox 423 3919 2001 3993">
    <p class='ocr_par' dir='ltr' id='par_1_74' title="bbox 423 3919 2001 3993">
     <span class='ocr_line' id='line_1_74' title="bbox 423 3919 2001 3993; baseline 0.007 -22"><span class='ocrx_word' id='word_1_557' title='bbox 423 3919 682 3976; x_wconf 86' lang='lat' dir='ltr'><strong>Dominus</strong></span> <span class='ocrx_word' id='word_1_558' title='bbox 716 3920 944 3977; x_wconf 88' lang='lat' dir='ltr'><strong>Domino</strong></span> <span class='ocrx_word' id='word_1_559' title='bbox 994 3937 1114 3977; x_wconf 86' lang='lat' dir='ltr'><strong>meo</strong></span> <span class='ocrx_word' id='word_1_560' title='bbox 1154 3942 1166 3978; x_wconf 93' lang='lat'>:</span> <span class='ocrx_word' id='word_1_561' title='bbox 1198 3923 1338 3979; x_wconf 86' lang='lat' dir='ltr'><strong>Sede</strong></span> <span class='ocrx_word' id='word_1_562' title='bbox 1375 3940 1403 3978; x_wconf 91' lang='lat' dir='ltr'><strong>a</strong></span> <span class='ocrx_word' id='word_1_563' title='bbox 1462 3925 1666 3981; x_wconf 77' lang='lat' dir='ltr'><strong>dextris</strong></span> <span class='ocrx_word' id='word_1_564' title='bbox 1704 3927 1838 3984; x_wconf 88' lang='lat' dir='ltr'><strong>meis</strong></span> <span class='ocrx_word' id='word_1_565' title='bbox 1861 3966 1876 3993; x_wconf 93' lang='lat'><strong>,</strong></span> <span class='ocrx_word' id='word_1_566' title='bbox 1908 3929 2001 3983; x_wconf 90' lang='lat' dir='ltr'><strong>do-</strong></span> 
     </span>
    </p>
   </div>
   <div class='ocr_carea' id='block_1_75' title="bbox 423 4015 2008 4088">
    <p class='ocr_par' dir='ltr' id='par_1_75' title="bbox 423 4015 2008 4088">
     <span class='ocr_line' id='line_1_75' title="bbox 423 4015 2008 4088; baseline 0.007 -24"><span class='ocrx_word' id='word_1_567' title='bbox 423 4027 524 4066; x_wconf 86' lang='lat' dir='ltr'><strong>nec</strong></span> <span class='ocrx_word' id='word_1_568' title='bbox 583 4029 781 4083; x_wconf 87' lang='lat' dir='ltr'><strong>ponam</strong></span> <span class='ocrx_word' id='word_1_569' title='bbox 838 4015 1088 4070; x_wconf 92' lang='lat' dir='ltr'><strong>inimicos</strong></span> <span class='ocrx_word' id='word_1_570' title='bbox 1137 4027 1254 4070; x_wconf 92' lang='lat' dir='ltr'><strong>tuos</strong></span> <span class='ocrx_word' id='word_1_571' title='bbox 1305 4018 1597 4072; x_wconf 88' lang='lat' dir='ltr'><strong>scabellum</strong></span> <span class='ocrx_word' id='word_1_572' title='bbox 1649 4019 1843 4088; x_wconf 92' lang='lat' dir='ltr'><strong>pedum</strong></span> <span class='ocrx_word' id='word_1_573' title='bbox 1888 4031 2008 4076; x_wconf 85' lang='lat' dir='ltr'><strong>tuo-</strong></span> 
     </span>
    </p>
   </div>
   <div class='ocr_carea' id='block_1_76' title="bbox 422 4104 2004 4182">
    <p class='ocr_par' dir='ltr' id='par_1_76' title="bbox 422 4104 2004 4182">
     <span class='ocr_line' id='line_1_76' title="bbox 422 4104 2004 4182; baseline 0.007 -26"><span class='ocrx_word' id='word_1_574' title='bbox 422 4104 668 4158; x_wconf 64' lang='lat' dir='ltr'><strong>rum“.s</strong></span> <span class='ocrx_word' id='word_1_575' title='bbox 731 4104 1055 4161; x_wconf 80' lang='lat' dir='ltr'><strong>Universum</strong></span> <span class='ocrx_word' id='word_1_576' title='bbox 1116 4107 1383 4163; x_wconf 89' lang='lat' dir='ltr'><strong>incarnati</strong></span> <span class='ocrx_word' id='word_1_577' title='bbox 1436 4108 1594 4166; x_wconf 83' lang='lat' dir='ltr'><strong>Verbi</strong></span> <span class='ocrx_word' id='word_1_578' title='bbox 1684 4115 2004 4182; x_wconf 80' lang='lat' dir='ltr'><strong>mysterium</strong></span> 
     </span>
    </p>
   </div>
   <div class='ocr_carea' id='block_1_77' title="bbox 421 4195 2006 4272">
    <p class='ocr_par' dir='ltr' id='par_1_77' title="bbox 421 4195 2006 4272">
     <span class='ocr_line' id='line_1_77' title="bbox 421 4195 2006 4272; baseline 0.007 -23"><span class='ocrx_word' id='word_1_579' title='bbox 421 4211 485 4249; x_wconf 84' lang='lat' dir='ltr'><strong>ex</strong></span> <span class='ocrx_word' id='word_1_580' title='bbox 546 4195 630 4250; x_wconf 89' lang='lat' dir='ltr'><strong>his</strong></span> <span class='ocrx_word' id='word_1_581' title='bbox 695 4198 1003 4266; x_wconf 84' lang='lat' dir='ltr'><strong>perspicere</strong></span> <span class='ocrx_word' id='word_1_582' title='bbox 1062 4199 1208 4253; x_wconf 88' lang='lat' dir='ltr'><strong>licet.</strong></span> <span class='ocrx_word' id='word_1_583' title='bbox 1247 4200 1462 4256; x_wconf 85' lang='lat' dir='ltr'><strong>Etenim</strong></span> <span class='ocrx_word' id='word_1_584' title='bbox 1516 4203 1861 4272; x_wconf 84' lang='lat' dir='ltr'><strong>omnipotens</strong></span> <span class='ocrx_word' id='word_1_585' title='bbox 1915 4205 2006 4260; x_wconf 88' lang='lat' dir='ltr'><strong>illa</strong></span> 
     </span>
    </p>
   </div>
   <div class='ocr_carea' id='block_1_78' title="bbox 419 4288 2005 4361">
    <p class='ocr_par' dir='ltr' id='par_1_78' title="bbox 419 4288 2005 4361">
     <span class='ocr_line' id='line_1_78' title="bbox 419 4288 2005 4361; baseline 0.007 -21"><span class='ocrx_word' id='word_1_586' title='bbox 419 4288 660 4354; x_wconf 84' lang='lat' dir='ltr'><strong>dextera,</strong></span> <span class='ocrx_word' id='word_1_587' title='bbox 694 4289 1046 4358; x_wconf 87' lang='lat' dir='ltr'><strong>onmiumque</strong></span> <span class='ocrx_word' id='word_1_588' title='bbox 1102 4292 1284 4361; x_wconf 78' lang='lat' dir='ltr'><strong>opifex</strong></span> <span class='ocrx_word' id='word_1_589' title='bbox 1317 4308 1532 4360; x_wconf 89' lang='lat' dir='ltr'><strong>manus,</strong></span> <span class='ocrx_word' id='word_1_590' title='bbox 1596 4294 1739 4350; x_wconf 86' lang='lat' dir='ltr'><strong>Deus</strong></span> <span class='ocrx_word' id='word_1_591' title='bbox 1768 4296 2005 4351; x_wconf 83' lang='lat' dir='ltr'><strong>Verbum</strong></span> 
     </span>
    </p>
   </div>
   <div class='ocr_carea' id='block_1_79' title="bbox 2187 3548 3710 3625">
    <p class='ocr_par' dir='ltr' id='par_1_79' title="bbox 2187 3548 3710 3625">
     <span class='ocr_line' id='line_1_79' title="bbox 2187 3548 3710 3625; baseline -0.001 -16"><span class='ocrx_word' id='word_1_592' title='bbox 2187 3557 2269 3612; x_wconf 86' lang='lat' dir='ltr'><strong>N&#39;.</strong></span> <span class='ocrx_word' id='word_1_593' title='bbox 2307 3575 2325 3608; x_wconf 74' lang='grc' dir='ltr'><strong>ι</strong></span> <span class='ocrx_word' id='word_1_594' title='bbox 2367 3556 2447 3625; x_wconf 75' lang='grc' dir='ltr'><strong>Τῇ</strong></span> <span class='ocrx_word' id='word_1_595' title='bbox 2479 3553 2627 3624; x_wconf 74' lang='grc' dir='ltr'>δεξιᾷ</span> <span class='ocrx_word' id='word_1_596' title='bbox 2648 3548 2744 3606; x_wconf 83' lang='grc' dir='ltr'><strong>οῦν</strong></span> <span class='ocrx_word' id='word_1_597' title='bbox 2768 3551 2861 3605; x_wconf 88' lang='grc' dir='ltr'><strong>τοῦ</strong></span> <span class='ocrx_word' id='word_1_598' title='bbox 2893 3552 3309 3623; x_wconf 63' lang='grc' dir='ltr'>Θεοῦὺψωθεὶς,</span> <span class='ocrx_word' id='word_1_599' title='bbox 3335 3556 3432 3624; x_wconf 80' lang='grc' dir='ltr'>τήν</span> <span class='ocrx_word' id='word_1_600' title='bbox 3451 3572 3508 3608; x_wconf 90' lang='grc' dir='ltr'><strong>τε</strong></span> <span class='ocrx_word' id='word_1_601' title='bbox 3529 3556 3710 3625; x_wconf 74' lang='grc' dir='ltr'>ἐπαγ-</span> 
     </span>
    </p>
   </div>
   <div class='ocr_carea' id='block_1_80' title="bbox 2114 3644 3695 3718">
    <p class='ocr_par' dir='ltr' id='par_1_80' title="bbox 2114 3644 3695 3718">
     <span class='ocr_line' id='line_1_80' title="bbox 2114 3644 3695 3718; baseline 0.001 -19"><span class='ocrx_word' id='word_1_602' title='bbox 2114 3647 2300 3715; x_wconf 81' lang='grc' dir='ltr'>γελίαν</span> <span class='ocrx_word' id='word_1_603' title='bbox 2318 3647 2411 3700; x_wconf 88' lang='grc' dir='ltr'><strong>τοῦ</strong></span> <span class='ocrx_word' id='word_1_604' title='bbox 2447 3647 2605 3712; x_wconf 81' lang='grc' dir='ltr'>ἁγίου</span> <span class='ocrx_word' id='word_1_605' title='bbox 2633 3644 2772 3697; x_wconf 85' lang='grc' dir='ltr'>Πνεύ</span> <span class='ocrx_word' id='word_1_606' title='bbox 2782 3662 2951 3714; x_wconf 84' lang='grc' dir='ltr'>ματος</span> <span class='ocrx_word' id='word_1_607' title='bbox 2964 3645 3144 3699; x_wconf 77' lang='grc' dir='ltr'>λαϐὼν</span> <span class='ocrx_word' id='word_1_608' title='bbox 3173 3646 3321 3717; x_wconf 88' lang='grc' dir='ltr'><strong>παρά</strong></span> <span class='ocrx_word' id='word_1_609' title='bbox 3345 3647 3436 3699; x_wconf 87' lang='grc' dir='ltr'><strong>τοῦ</strong></span> <span class='ocrx_word' id='word_1_610' title='bbox 3460 3648 3695 3718; x_wconf 68' lang='grc' dir='ltr'>Πατρός,</span> 
     </span>
    </p>
   </div>
   <div class='ocr_carea' id='block_1_81' title="bbox 2113 3736 3692 3811">
    <p class='ocr_par' dir='ltr' id='par_1_81' title="bbox 2113 3736 3692 3811">
     <span class='ocr_line' id='line_1_81' title="bbox 2113 3736 3692 3811; baseline 0.001 -20"><span class='ocrx_word' id='word_1_611' title='bbox 2113 3738 2297 3808; x_wconf 76' lang='grc' dir='ltr'>ἐξέχεε</span> <span class='ocrx_word' id='word_1_612' title='bbox 2337 3737 2518 3801; x_wconf 83' lang='grc' dir='ltr'>τοῦτο,</span> <span class='ocrx_word' id='word_1_613' title='bbox 2551 3737 2578 3788; x_wconf 88' lang='lat'><strong>6</strong></span> <span class='ocrx_word' id='word_1_614' title='bbox 2612 3737 2766 3805; x_wconf 84' lang='grc' dir='ltr'>ὑμεῖς</span> <span class='ocrx_word' id='word_1_615' title='bbox 2799 3736 3028 3804; x_wconf 77' lang='grc' dir='ltr'>βλέπετε</span> <span class='ocrx_word' id='word_1_616' title='bbox 3062 3737 3158 3790; x_wconf 74' lang='grc' dir='ltr'>καὶ</span> <span class='ocrx_word' id='word_1_617' title='bbox 3188 3738 3433 3791; x_wconf 90' lang='grc' dir='ltr'>ἀκούετε.</span> <span class='ocrx_word' id='word_1_618' title='bbox 3475 3738 3551 3794; x_wconf 79' lang='grc' dir='ltr'><strong>Οὐ</strong></span> <span class='ocrx_word' id='word_1_619' title='bbox 3581 3741 3692 3811; x_wconf 77' lang='grc' dir='ltr'>γὰρ</span> 
     </span>
    </p>
   </div>
   <div class='ocr_carea' id='block_1_82' title="bbox 2111 3829 3706 3900">
    <p class='ocr_par' dir='ltr' id='par_1_82' title="bbox 2111 3829 3706 3900">
     <span class='ocr_line' id='line_1_82' title="bbox 2111 3829 3706 3900; baseline 0.004 -19"><span class='ocrx_word' id='word_1_620' title='bbox 2111 3829 2274 3881; x_wconf 78' lang='grc' dir='ltr'>Δαυίό</span> <span class='ocrx_word' id='word_1_621' title='bbox 2305 3829 2471 3900; x_wconf 76' lang='grc' dir='ltr'>ἀνέϐη</span> <span class='ocrx_word' id='word_1_622' title='bbox 2511 3831 2591 3892; x_wconf 79' lang='grc' dir='ltr'><strong>είς</strong></span> <span class='ocrx_word' id='word_1_623' title='bbox 2618 3829 2708 3881; x_wconf 83' lang='grc' dir='ltr'><strong>τὸν</strong></span> <span class='ocrx_word' id='word_1_624' title='bbox 2739 3829 2966 3899; x_wconf 72' lang='grc' dir='ltr'>οὐρανόν</span> <span class='ocrx_word' id='word_1_625' title='bbox 2989 3847 3002 3859; x_wconf 85' lang='grc'><strong>·</strong></span> <span class='ocrx_word' id='word_1_626' title='bbox 3046 3829 3193 3897; x_wconf 83' lang='grc' dir='ltr'>λέγει</span> <span class='ocrx_word' id='word_1_627' title='bbox 3223 3831 3278 3884; x_wconf 78' lang='grc' dir='ltr'>δὲ</span> <span class='ocrx_word' id='word_1_628' title='bbox 3300 3832 3491 3896; x_wconf 77' lang='grc' dir='ltr'>αὐτός’</span> <span class='ocrx_word' id='word_1_629' title='bbox 3522 3829 3706 3887; x_wconf 82' lang='grc' dir='ltr'>Εἶπεν.</span> 
     </span>
    </p>
   </div>
   <div class='ocr_carea' id='block_1_83' title="bbox 2109 3908 3694 3994">
    <p class='ocr_par' dir='ltr' id='par_1_83' title="bbox 2109 3908 3694 3994">
     <span class='ocr_line' id='line_1_83' title="bbox 2109 3908 3694 3994; baseline 0.004 -22"><span class='ocrx_word' id='word_1_630' title='bbox 2109 3921 2138 3972; x_wconf 89' lang='lat'><strong>6</strong></span> <span class='ocrx_word' id='word_1_631' title='bbox 2171 3919 2374 3994; x_wconf 81' lang='grc' dir='ltr'>Κύριος</span> <span class='ocrx_word' id='word_1_632' title='bbox 2402 3920 2478 3990; x_wconf 78' lang='grc' dir='ltr'>τῷ</span> <span class='ocrx_word' id='word_1_633' title='bbox 2510 3921 2697 3991; x_wconf 80' lang='grc' dir='ltr'>Κυρίῳ</span> <span class='ocrx_word' id='word_1_634' title='bbox 2735 3937 2866 3990; x_wconf 84' lang='grc' dir='ltr'>μου·</span> <span class='ocrx_word' id='word_1_635' title='bbox 2899 3920 3082 3974; x_wconf 81' lang='grc' dir='ltr'>Κάθου</span> <span class='ocrx_word' id='word_1_636' title='bbox 3109 3908 3171 3974; x_wconf 76' lang='grc' dir='ltr'>ἔκ</span> <span class='ocrx_word' id='word_1_637' title='bbox 3202 3921 3392 3988; x_wconf 82' lang='grc' dir='ltr'>δεξιῶν</span> <span class='ocrx_word' id='word_1_638' title='bbox 3432 3941 3556 3994; x_wconf 89' lang='grc' dir='ltr'>μου,</span> <span class='ocrx_word' id='word_1_639' title='bbox 3589 3926 3694 3989; x_wconf 75' lang='grc' dir='ltr'>ἕως</span> 
     </span>
    </p>
   </div>
   <div class='ocr_carea' id='block_1_84' title="bbox 2111 3993 3686 4082">
    <p class='ocr_par' dir='ltr' id='par_1_84' title="bbox 2111 3993 3686 4082">
     <span class='ocr_line' id='line_1_84' title="bbox 2111 3993 3686 4082; baseline 0.003 -17"><span class='ocrx_word' id='word_1_640' title='bbox 2111 4010 2176 4065; x_wconf 81' lang='grc' dir='ltr'>ἂν</span> <span class='ocrx_word' id='word_1_641' title='bbox 2213 3993 2290 4065; x_wconf 78' lang='grc' dir='ltr'><strong>θῶ</strong></span> <span class='ocrx_word' id='word_1_642' title='bbox 2311 4013 2437 4075; x_wconf 74' lang='grc' dir='ltr'>τοὺς</span> <span class='ocrx_word' id='word_1_643' title='bbox 2467 4011 2696 4082; x_wconf 85' lang='grc' dir='ltr'>ἐχθρούς</span> <span class='ocrx_word' id='word_1_644' title='bbox 2725 4029 2816 4064; x_wconf 87' lang='grc' dir='ltr'><strong>σου</strong></span> <span class='ocrx_word' id='word_1_645' title='bbox 2856 4013 3145 4066; x_wconf 82' lang='grc' dir='ltr'>ὑποπόδιον</span> <span class='ocrx_word' id='word_1_646' title='bbox 3168 4007 3278 4066; x_wconf 87' lang='grc' dir='ltr'><strong>τῶν</strong></span> <span class='ocrx_word' id='word_1_647' title='bbox 3313 4014 3490 4067; x_wconf 61' lang='grc' dir='ltr'>πώῶν</span> <span class='ocrx_word' id='word_1_648' title='bbox 3517 4033 3630 4069; x_wconf 92' lang='grc' dir='ltr'>σου.</span> <span class='ocrx_word' id='word_1_649' title='bbox 3666 4036 3686 4070; x_wconf 77' lang='grc' dir='ltr'><strong>ι</strong></span> 
     </span>
    </p>
   </div>
   <div class='ocr_carea' id='block_1_85' title="bbox 2113 4104 3696 4178">
    <p class='ocr_par' dir='ltr' id='par_1_85' title="bbox 2113 4104 3696 4178">
     <span class='ocr_line' id='line_1_85' title="bbox 2113 4104 3696 4178; baseline 0.002 -21"><span class='ocrx_word' id='word_1_650' title='bbox 2113 4105 2275 4157; x_wconf 87' lang='grc' dir='ltr'>Ὄλον</span> <span class='ocrx_word' id='word_1_651' title='bbox 2304 4107 2361 4156; x_wconf 81' lang='grc' dir='ltr'><strong>έν</strong></span> <span class='ocrx_word' id='word_1_652' title='bbox 2400 4105 2611 4169; x_wconf 76' lang='grc' dir='ltr'>τούτοις</span> <span class='ocrx_word' id='word_1_653' title='bbox 2639 4104 3092 4176; x_wconf 79' lang='grc' dir='ltr'>καταθρήσαιμεν</span> <span class='ocrx_word' id='word_1_654' title='bbox 3117 4105 3181 4159; x_wconf 87' lang='grc' dir='ltr'>ἂν</span> <span class='ocrx_word' id='word_1_655' title='bbox 3207 4105 3306 4175; x_wconf 78' lang='grc' dir='ltr'>τῆς</span> <span class='ocrx_word' id='word_1_656' title='bbox 3341 4105 3696 4178; x_wconf 78' lang='grc' dir='ltr'>ἐνανθρωπή-</span> 
     </span>
    </p>
   </div>
   <div class='ocr_carea' id='block_1_86' title="bbox 2112 4195 3692 4272">
    <p class='ocr_par' dir='ltr' id='par_1_86' title="bbox 2112 4195 3692 4272">
     <span class='ocr_line' id='line_1_86' title="bbox 2112 4195 3692 4272; baseline 0.003 -22"><span class='ocrx_word' id='word_1_657' title='bbox 2112 4213 2250 4260; x_wconf 88' lang='grc' dir='ltr'>σεως</span> <span class='ocrx_word' id='word_1_658' title='bbox 2278 4195 2372 4249; x_wconf 89' lang='grc' dir='ltr'><strong>τοῦ</strong></span> <span class='ocrx_word' id='word_1_659' title='bbox 2407 4197 2745 4266; x_wconf 87' lang='grc' dir='ltr'>Μονογενοῦς</span> <span class='ocrx_word' id='word_1_660' title='bbox 2770 4198 2832 4250; x_wconf 86' lang='grc' dir='ltr'><strong>τὸ</strong></span> <span class='ocrx_word' id='word_1_661' title='bbox 2879 4201 3200 4270; x_wconf 78' lang='grc' dir='ltr'>μυστήριον.</span> <span class='ocrx_word' id='word_1_662' title='bbox 3253 4198 3340 4252; x_wconf 82' lang='grc' dir='ltr'>Ἐν</span> <span class='ocrx_word' id='word_1_663' title='bbox 3369 4204 3548 4271; x_wconf 80' lang='grc' dir='ltr'>μορφῇ</span> <span class='ocrx_word' id='word_1_664' title='bbox 3581 4201 3692 4272; x_wconf 84' lang='grc' dir='ltr'>γὰρ</span> 
     </span>
    </p>
   </div>
   <div class='ocr_carea' id='block_1_87' title="bbox 2110 4288 3690 4360">
    <p class='ocr_par' dir='ltr' id='par_1_87' title="bbox 2110 4288 3690 4360">
     <span class='ocr_line' id='line_1_87' title="bbox 2110 4288 3690 4360; baseline 0.003 -20"><span class='ocrx_word' id='word_1_665' title='bbox 2110 4288 2372 4360; x_wconf 81' lang='grc' dir='ltr'>ὑπάρχων</span> <span class='ocrx_word' id='word_1_666' title='bbox 2419 4289 2514 4342; x_wconf 62' lang='grc' dir='ltr'><strong>καλ⁵</strong></span> <span class='ocrx_word' id='word_1_667' title='bbox 2565 4291 2769 4360; x_wconf 78' lang='grc' dir='ltr'>ἰσότητι</span> <span class='ocrx_word' id='word_1_668' title='bbox 2821 4288 2913 4342; x_wconf 85' lang='grc' dir='ltr'><strong>τοῦ</strong></span> <span class='ocrx_word' id='word_1_669' title='bbox 2948 4291 3162 4359; x_wconf 86' lang='grc' dir='ltr'>Πατρὸς</span> <span class='ocrx_word' id='word_1_670' title='bbox 3190 4293 3218 4343; x_wconf 92' lang='lat'><strong>6</strong></span> <span class='ocrx_word' id='word_1_671' title='bbox 3265 4290 3322 4357; x_wconf 81' lang='grc' dir='ltr'>ἐξ</span> <span class='ocrx_word' id='word_1_672' title='bbox 3355 4291 3517 4344; x_wconf 87' lang='grc' dir='ltr'>αὑτοῦ</span> <span class='ocrx_word' id='word_1_673' title='bbox 3557 4290 3690 4356; x_wconf 88' lang='grc' dir='ltr'>Θεὸς</span> 
     </span>
    </p>
   </div>
   <div class='ocr_carea' id='block_1_88' title="bbox 419 4374 2014 4457">
    <p class='ocr_par' dir='ltr' id='par_1_88' title="bbox 419 4379 2001 4457">
     <span class='ocr_line' id='line_1_88' title="bbox 419 4379 2001 4457; baseline 0.006 -23"><span class='ocrx_word' id='word_1_674' title='bbox 419 4379 471 4434; x_wconf 92' lang='lat' dir='ltr'><strong>in</strong></span> <span class='ocrx_word' id='word_1_675' title='bbox 514 4380 692 4436; x_wconf 89' lang='lat' dir='ltr'><strong>Patris</strong></span> <span class='ocrx_word' id='word_1_676' title='bbox 721 4379 895 4437; x_wconf 80' lang='lat' dir='ltr'><strong>forma</strong></span> <span class='ocrx_word' id='word_1_677' title='bbox 931 4393 986 4437; x_wconf 92' lang='lat' dir='ltr'><strong>et</strong></span> <span class='ocrx_word' id='word_1_678' title='bbox 1026 4384 1332 4453; x_wconf 64' lang='lat' dir='ltr'><strong>aequalitate</strong></span> <span class='ocrx_word' id='word_1_679' title='bbox 1377 4401 1496 4439; x_wconf 91' lang='lat' dir='ltr'><strong>cum</strong></span> <span class='ocrx_word' id='word_1_680' title='bbox 1539 4396 1684 4442; x_wconf 89' lang='lat' dir='ltr'><strong>esset</strong></span> <span class='ocrx_word' id='word_1_681' title='bbox 1717 4425 1732 4452; x_wconf 94' lang='lat'><strong>,</strong></span> <span class='ocrx_word' id='word_1_682' title='bbox 1785 4397 2001 4457; x_wconf 89' lang='lat' dir='ltr'><strong>propter</strong></span> 
     </span>
    </p>
   </div>
   <div class='ocr_carea' id='block_1_89' title="bbox 2121 4374 3690 4457">
    <p class='ocr_par' dir='ltr' id='par_1_89' title="bbox 2121 4380 3690 4454">
     <span class='ocr_line' id='line_1_89' title="bbox 2121 4380 3690 4454; baseline 0.002 -22"><span class='ocrx_word' id='word_1_683' title='bbox 2121 4380 2303 4449; x_wconf 52' lang='grc' dir='ltr'>λόγος,</span> <span class='ocrx_word' id='word_1_684' title='bbox 2338 4383 2371 4451; x_wconf 76' lang='grc' dir='ltr'>ἡ</span> <span class='ocrx_word' id='word_1_685' title='bbox 2401 4381 2706 4452; x_wconf 77' lang='grc' dir='ltr'>πανσθενὴς</span> <span class='ocrx_word' id='word_1_686' title='bbox 2727 4381 2896 4447; x_wconf 77' lang='grc' dir='ltr'>δεξιὰ,</span> <span class='ocrx_word' id='word_1_687' title='bbox 2915 4382 3007 4434; x_wconf 74' lang='grc' dir='ltr'>καὶ</span> <span class='ocrx_word' id='word_1_688' title='bbox 3035 4382 3158 4452; x_wconf 73' lang='grc' dir='ltr'>χεὶρ</span> <span class='ocrx_word' id='word_1_689' title='bbox 3183 4384 3214 4452; x_wconf 84' lang='grc' dir='ltr'>ή</span> <span class='ocrx_word' id='word_1_690' title='bbox 3238 4383 3612 4454; x_wconf 83' lang='grc' dir='ltr'>παντουργικὴ</span> <span class='ocrx_word' id='word_1_691' title='bbox 3633 4383 3690 4448; x_wconf 71' lang='grc' dir='ltr'><strong>δ,</strong></span> 
     </span>
    </p>
   </div>
   <div class='ocr_carea' id='block_1_90' title="bbox 419 4472 1999 4548">
    <p class='ocr_par' dir='ltr' id='par_1_90' title="bbox 419 4472 1999 4548">
     <span class='ocr_line' id='line_1_90' title="bbox 419 4472 1999 4548; baseline 0.005 -24"><span class='ocrx_word' id='word_1_692' title='bbox 419 4472 708 4524; x_wconf 85' lang='lat' dir='ltr'><strong>humanam</strong></span> <span class='ocrx_word' id='word_1_693' title='bbox 767 4482 1017 4528; x_wconf 90' lang='lat' dir='ltr'><strong>naturam</strong></span> <span class='ocrx_word' id='word_1_694' title='bbox 1074 4476 1407 4541; x_wconf 77' lang='lat' dir='ltr'><strong>exinanitus,</strong></span> <span class='ocrx_word' id='word_1_695' title='bbox 1455 4488 1509 4533; x_wconf 91' lang='lat' dir='ltr'><strong>et</strong></span> <span class='ocrx_word' id='word_1_696' title='bbox 1551 4477 1818 4532; x_wconf 78' lang='lat' dir='ltr'><strong>exaltatus</strong></span> <span class='ocrx_word' id='word_1_697' title='bbox 1863 4493 1999 4548; x_wconf 72' lang='lat' dir='ltr'><strong>pra:-</strong></span> 
     </span>
    </p>
   </div>
   <div class='ocr_carea' id='block_1_91' title="bbox 414 4563 2000 4636">
    <p class='ocr_par' dir='ltr' id='par_1_91' title="bbox 414 4563 2000 4636">
     <span class='ocr_line' id='line_1_91' title="bbox 414 4563 2000 4636; baseline 0.007 -23"><span class='ocrx_word' id='word_1_698' title='bbox 414 4563 731 4616; x_wconf 80' lang='lat' dir='ltr'><strong>dicatur&quot;:</strong></span> <span class='ocrx_word' id='word_1_699' title='bbox 785 4579 890 4619; x_wconf 93' lang='lat' dir='ltr'><strong>non</strong></span> <span class='ocrx_word' id='word_1_700' title='bbox 936 4567 1077 4633; x_wconf 91' lang='lat' dir='ltr'><strong>quod</strong></span> <span class='ocrx_word' id='word_1_701' title='bbox 1121 4566 1171 4620; x_wconf 91' lang='lat' dir='ltr'><strong>in</strong></span> <span class='ocrx_word' id='word_1_702' title='bbox 1211 4567 1436 4636; x_wconf 83' lang='lat' dir='ltr'><strong>gloriam</strong></span> <span class='ocrx_word' id='word_1_703' title='bbox 1484 4579 1800 4623; x_wconf 77' lang='lat' dir='ltr'><strong>extraneam</strong></span> <span class='ocrx_word' id='word_1_704' title='bbox 1829 4607 1844 4635; x_wconf 91' lang='lat'><strong>,</strong></span> <span class='ocrx_word' id='word_1_705' title='bbox 1896 4569 2000 4624; x_wconf 89' lang='lat' dir='ltr'><strong>hoc</strong></span> 
     </span>
    </p>
   </div>
   <div class='ocr_carea' id='block_1_92' title="bbox 414 4652 1996 4728">
    <p class='ocr_par' dir='ltr' id='par_1_92' title="bbox 414 4652 1996 4728">
     <span class='ocr_line' id='line_1_92' title="bbox 414 4652 1996 4728; baseline 0.004 -22"><span class='ocrx_word' id='word_1_706' title='bbox 414 4662 534 4717; x_wconf 79' lang='lat' dir='ltr'><strong>est,</strong></span> <span class='ocrx_word' id='word_1_707' title='bbox 571 4652 624 4706; x_wconf 92' lang='lat' dir='ltr'><strong>in</strong></span> <span class='ocrx_word' id='word_1_708' title='bbox 688 4668 806 4708; x_wconf 88' lang='lat' dir='ltr'><strong>eam</strong></span> <span class='ocrx_word' id='word_1_709' title='bbox 887 4669 1048 4722; x_wconf 87' lang='lat' dir='ltr'><strong>quam</strong></span> <span class='ocrx_word' id='word_1_710' title='bbox 1109 4655 1233 4710; x_wconf 91' lang='lat' dir='ltr'><strong>olim</strong></span> <span class='ocrx_word' id='word_1_711' title='bbox 1293 4658 1610 4712; x_wconf 90' lang='lat' dir='ltr'><strong>naturaliter</strong></span> <span class='ocrx_word' id='word_1_712' title='bbox 1655 4673 1759 4713; x_wconf 92' lang='lat' dir='ltr'><strong>non</strong></span> <span class='ocrx_word' id='word_1_713' title='bbox 1819 4660 1996 4728; x_wconf 84' lang='lat' dir='ltr'><strong>possi-</strong></span> 
     </span>
    </p>
   </div>
   <div class='ocr_carea' id='block_1_93' title="bbox 414 4745 1998 4820">
    <p class='ocr_par' dir='ltr' id='par_1_93' title="bbox 414 4745 1998 4820">
     <span class='ocr_line' id='line_1_93' title="bbox 414 4745 1998 4820; baseline 0.006 -24"><span class='ocrx_word' id='word_1_714' title='bbox 414 4745 586 4808; x_wconf 87' lang='lat' dir='ltr'><strong>deret,</strong></span> <span class='ocrx_word' id='word_1_715' title='bbox 616 4755 837 4800; x_wconf 86' lang='lat' dir='ltr'><strong>evectus</strong></span> <span class='ocrx_word' id='word_1_716' title='bbox 889 4745 994 4812; x_wconf 88' lang='lat' dir='ltr'><strong>sit,</strong></span> <span class='ocrx_word' id='word_1_717' title='bbox 1027 4746 1124 4800; x_wconf 87' lang='lat' dir='ltr'><strong>sed</strong></span> <span class='ocrx_word' id='word_1_718' title='bbox 1153 4749 1295 4816; x_wconf 87' lang='lat' dir='ltr'><strong>quod</strong></span> <span class='ocrx_word' id='word_1_719' title='bbox 1335 4749 1406 4802; x_wconf 92' lang='lat' dir='ltr'><strong>ad</strong></span> <span class='ocrx_word' id='word_1_720' title='bbox 1463 4751 1736 4820; x_wconf 84' lang='lat' dir='ltr'><strong>propriam</strong></span> <span class='ocrx_word' id='word_1_721' title='bbox 1775 4759 1998 4805; x_wconf 84' lang='lat' dir='ltr'><strong>natura-</strong></span> 
     </span>
    </p>
   </div>
   <div class='ocr_carea' id='block_1_94' title="bbox 415 4837 1992 4913">
    <p class='ocr_par' dir='ltr' id='par_1_94' title="bbox 415 4837 1992 4913">
     <span class='ocr_line' id='line_1_94' title="bbox 415 4837 1992 4913; baseline 0.006 -23"><span class='ocrx_word' id='word_1_722' title='bbox 415 4837 647 4905; x_wconf 74' lang='lat' dir='ltr'><strong>literque</strong></span> <span class='ocrx_word' id='word_1_723' title='bbox 694 4838 800 4893; x_wconf 89' lang='lat' dir='ltr'><strong>sibi</strong></span> <span class='ocrx_word' id='word_1_724' title='bbox 837 4838 1056 4894; x_wconf 88' lang='lat' dir='ltr'><strong>insitam</strong></span> <span class='ocrx_word' id='word_1_725' title='bbox 1104 4852 1158 4896; x_wconf 92' lang='lat' dir='ltr'><strong>et</strong></span> <span class='ocrx_word' id='word_1_726' title='bbox 1191 4842 1559 4913; x_wconf 83' lang='lat' dir='ltr'><strong>ingeneratam</strong></span> <span class='ocrx_word' id='word_1_727' title='bbox 1596 4844 1835 4898; x_wconf 88' lang='lat' dir='ltr'><strong>redierit.</strong></span> <span class='ocrx_word' id='word_1_728' title='bbox 1880 4843 1992 4899; x_wconf 87' lang='lat' dir='ltr'><strong>llo-</strong></span> 
     </span>
    </p>
   </div>
   <div class='ocr_carea' id='block_1_95' title="bbox 416 4930 1993 5000">
    <p class='ocr_par' dir='ltr' id='par_1_95' title="bbox 416 4930 1993 5000">
     <span class='ocr_line' id='line_1_95' title="bbox 416 4930 1993 5000; baseline 0.005 -18"><span class='ocrx_word' id='word_1_729' title='bbox 416 4945 504 4984; x_wconf 91' lang='lat' dir='ltr'><strong>mo</strong></span> <span class='ocrx_word' id='word_1_730' title='bbox 533 4930 717 5000; x_wconf 88' lang='lat' dir='ltr'><strong>itaque</strong></span> <span class='ocrx_word' id='word_1_731' title='bbox 747 4930 939 4998; x_wconf 75' lang='lat' dir='ltr'><strong>factus,</strong></span> <span class='ocrx_word' id='word_1_732' title='bbox 963 4931 1233 4987; x_wconf 80' lang='lat' dir='ltr'><strong>exaltatus</strong></span> <span class='ocrx_word' id='word_1_733' title='bbox 1261 4945 1346 4989; x_wconf 73' lang='lat' dir='ltr'><strong>es:</strong></span> <span class='ocrx_word' id='word_1_734' title='bbox 1371 4935 1667 4990; x_wconf 87' lang='lat' dir='ltr'><strong>secundum</strong></span> <span class='ocrx_word' id='word_1_735' title='bbox 1701 4934 1993 4990; x_wconf 89' lang='lat' dir='ltr'><strong>humanam</strong></span> 
     </span>
    </p>
   </div>
   <div class='ocr_carea' id='block_1_96' title="bbox 415 5022 1995 5095">
    <p class='ocr_par' dir='ltr' id='par_1_96' title="bbox 415 5022 1995 5095">
     <span class='ocr_line' id='line_1_96' title="bbox 415 5022 1995 5095; baseline 0.004 -23"><span class='ocrx_word' id='word_1_736' title='bbox 415 5028 659 5075; x_wconf 85' lang='lat' dir='ltr'><strong>naturam</strong></span> <span class='ocrx_word' id='word_1_737' title='bbox 691 5059 707 5086; x_wconf 91' lang='lat'><strong>,</strong></span> <span class='ocrx_word' id='word_1_738' title='bbox 751 5022 959 5076; x_wconf 88' lang='lat' dir='ltr'><strong>tametsi</strong></span> <span class='ocrx_word' id='word_1_739' title='bbox 1029 5023 1324 5079; x_wconf 85' lang='lat' dir='ltr'><strong>secundum</strong></span> <span class='ocrx_word' id='word_1_740' title='bbox 1362 5033 1607 5079; x_wconf 91' lang='lat' dir='ltr'><strong>naturam</strong></span> <span class='ocrx_word' id='word_1_741' title='bbox 1659 5038 1874 5095; x_wconf 84' lang='lat' dir='ltr'><strong>semper</strong></span> <span class='ocrx_word' id='word_1_742' title='bbox 1911 5032 1995 5081; x_wconf 87' lang='lat' dir='ltr'><strong>est</strong></span> 
     </span>
    </p>
   </div>
   <div class='ocr_carea' id='block_1_97' title="bbox 415 5109 1992 5185">
    <p class='ocr_par' dir='ltr' id='par_1_97' title="bbox 415 5109 1992 5185">
     <span class='ocr_line' id='line_1_97' title="bbox 415 5109 1992 5185; baseline 0.007 -24"><span class='ocrx_word' id='word_1_743' title='bbox 415 5109 731 5167; x_wconf 86' lang='lat' dir='ltr'><strong>altissimus.</strong></span> <span class='ocrx_word' id='word_1_744' title='bbox 784 5112 852 5167; x_wconf 89' lang='lat' dir='ltr'><strong>Et</strong></span> <span class='ocrx_word' id='word_1_745' title='bbox 879 5113 1024 5171; x_wconf 87' lang='lat' dir='ltr'><strong>hunc</strong></span> <span class='ocrx_word' id='word_1_746' title='bbox 1072 5128 1192 5168; x_wconf 85' lang='lat' dir='ltr'><strong>esse</strong></span> <span class='ocrx_word' id='word_1_747' title='bbox 1237 5116 1475 5178; x_wconf 87' lang='lat' dir='ltr'><strong>arbitror</strong></span> <span class='ocrx_word' id='word_1_748' title='bbox 1516 5117 1731 5171; x_wconf 82' lang='lat' dir='ltr'><strong>modum</strong></span> <span class='ocrx_word' id='word_1_749' title='bbox 1765 5126 1992 5185; x_wconf 55' lang='lat' dir='ltr'><strong>naturae,</strong></span> 
     </span>
    </p>
   </div>
   <div class='ocr_carea' id='block_1_98' title="bbox 415 5204 1994 5276">
    <p class='ocr_par' dir='ltr' id='par_1_98' title="bbox 415 5204 1994 5276">
     <span class='ocr_line' id='line_1_98' title="bbox 415 5204 1994 5276; baseline 0.006 -24"><span class='ocrx_word' id='word_1_750' title='bbox 415 5207 469 5253; x_wconf 88' lang='lat' dir='ltr'><strong>et</strong></span> <span class='ocrx_word' id='word_1_751' title='bbox 510 5218 674 5271; x_wconf 87' lang='lat' dir='ltr'><strong>quam</strong></span> <span class='ocrx_word' id='word_1_752' title='bbox 719 5218 979 5258; x_wconf 84' lang='lat' dir='ltr'><strong>vocamus</strong></span> <span class='ocrx_word' id='word_1_753' title='bbox 1018 5204 1460 5261; x_wconf 79' lang='lat' dir='ltr'><strong>exinanitionem.</strong></span> <span class='ocrx_word' id='word_1_754' title='bbox 1501 5206 1640 5261; x_wconf 87' lang='lat' dir='ltr'><strong>Deus</strong></span> <span class='ocrx_word' id='word_1_755' title='bbox 1670 5207 1854 5276; x_wconf 90' lang='lat' dir='ltr'><strong>itaque</strong></span> <span class='ocrx_word' id='word_1_756' title='bbox 1897 5208 1994 5262; x_wconf 92' lang='lat' dir='ltr'><strong>ho-</strong></span> 
     </span>
    </p>
   </div>
   <div class='ocr_carea' id='block_1_99' title="bbox 417 5294 1991 5366">
    <p class='ocr_par' dir='ltr' id='par_1_99' title="bbox 417 5294 1991 5366">
     <span class='ocr_line' id='line_1_99' title="bbox 417 5294 1991 5366; baseline 0.006 -23"><span class='ocrx_word' id='word_1_757' title='bbox 417 5304 504 5346; x_wconf 92' lang='lat' dir='ltr'><strong>mo</strong></span> <span class='ocrx_word' id='word_1_758' title='bbox 528 5294 728 5360; x_wconf 77' lang='lat' dir='ltr'><strong>tactus,</strong></span> <span class='ocrx_word' id='word_1_759' title='bbox 757 5295 886 5350; x_wconf 86' lang='lat' dir='ltr'><strong>licet</strong></span> <span class='ocrx_word' id='word_1_760' title='bbox 925 5296 1027 5351; x_wconf 83' lang='lat' dir='ltr'><strong>hoc</strong></span> <span class='ocrx_word' id='word_1_761' title='bbox 1072 5295 1244 5365; x_wconf 90' lang='lat' dir='ltr'><strong>ipsum</strong></span> <span class='ocrx_word' id='word_1_762' title='bbox 1269 5295 1443 5351; x_wconf 87' lang='lat' dir='ltr'><strong>solum</strong></span> <span class='ocrx_word' id='word_1_763' title='bbox 1472 5299 1614 5366; x_wconf 87' lang='lat' dir='ltr'><strong>quod</strong></span> <span class='ocrx_word' id='word_1_764' title='bbox 1645 5300 1991 5366; x_wconf 85' lang='lat' dir='ltr'><strong>cernebatur,</strong></span> 
     </span>
    </p>
   </div>
   <div class='ocr_carea' id='block_1_100' title="bbox 487 5445 1031 5516">
    <p class='ocr_par' dir='ltr' id='par_1_100' title="bbox 487 5445 1031 5516">
     <span class='ocr_line' id='line_1_100' title="bbox 487 5445 1031 5516; baseline 0.007 -16"><span class='ocrx_word' id='word_1_765' title='bbox 487 5448 531 5477; x_wconf 80' lang='lat'><strong>&quot;</strong></span> <span class='ocrx_word' id='word_1_766' title='bbox 567 5447 582 5500; x_wconf 93' lang='lat' dir='ltr'><strong>l</strong></span> <span class='ocrx_word' id='word_1_767' title='bbox 615 5445 770 5503; x_wconf 85' lang='lat' dir='ltr'><strong>Joan.</strong></span> <span class='ocrx_word' id='word_1_768' title='bbox 802 5464 862 5515; x_wconf 87' lang='lat' dir='ltr'><strong>ll,</strong></span> <span class='ocrx_word' id='word_1_769' title='bbox 891 5451 942 5516; x_wconf 80' lang='grc'>1,</span> <span class='ocrx_word' id='word_1_770' title='bbox 976 5450 1031 5504; x_wconf 73' lang='lat'><strong>9..</strong></span> 
     </span>
    </p>
   </div>
   <div class='ocr_carea' id='block_1_101' title="bbox 2105 4471 3688 4543">
    <p class='ocr_par' dir='ltr' id='par_1_101' title="bbox 2105 4471 3688 4543">
     <span class='ocr_line' id='line_1_101' title="bbox 2105 4471 3688 4543; baseline -0.001 -17"><span class='ocrx_word' id='word_1_771' title='bbox 2105 4471 2442 4526; x_wconf 83' lang='grc' dir='ltr'>κεκενῶσθαι</span> <span class='ocrx_word' id='word_1_772' title='bbox 2477 4473 2577 4542; x_wconf 78' lang='grc' dir='ltr'>μὲν</span> <span class='ocrx_word' id='word_1_773' title='bbox 2607 4472 2826 4542; x_wconf 86' lang='grc' dir='ltr'>λέγεται</span> <span class='ocrx_word' id='word_1_774' title='bbox 2854 4471 2940 4525; x_wconf 70' lang='grc' dir='ltr'>διὰ</span> <span class='ocrx_word' id='word_1_775' title='bbox 2969 4474 3028 4525; x_wconf 85' lang='grc' dir='ltr'><strong>τὸ</strong></span> <span class='ocrx_word' id='word_1_776' title='bbox 3059 4471 3397 4543; x_wconf 86' lang='grc' dir='ltr'>ἀνθρώπινον</span> <span class='ocrx_word' id='word_1_777' title='bbox 3416 4489 3429 4502; x_wconf 83' lang='lat'>&#39;</span> <span class='ocrx_word' id='word_1_778' title='bbox 3455 4472 3688 4542; x_wconf 63' lang='grc' dir='ltr'>ὑψοῦται</span> 
     </span>
    </p>
   </div>
   <div class='ocr_carea' id='block_1_102' title="bbox 2103 4564 3687 4637">
    <p class='ocr_par' dir='ltr' id='par_1_102' title="bbox 2103 4564 3687 4637">
     <span class='ocr_line' id='line_1_102' title="bbox 2103 4564 3687 4637; baseline 0 -20"><span class='ocrx_word' id='word_1_779' title='bbox 2103 4565 2158 4617; x_wconf 81' lang='grc' dir='ltr'>δὲ</span> <span class='ocrx_word' id='word_1_780' title='bbox 2188 4565 2372 4629; x_wconf 85' lang='grc' dir='ltr'>πάλιν,</span> <span class='ocrx_word' id='word_1_781' title='bbox 2411 4565 2512 4617; x_wconf 82' lang='grc' dir='ltr'><strong>οὑκ</strong></span> <span class='ocrx_word' id='word_1_782' title='bbox 2545 4567 2625 4628; x_wconf 75' lang='grc' dir='ltr'>εἰς</span> <span class='ocrx_word' id='word_1_783' title='bbox 2650 4564 2855 4618; x_wconf 77' lang='grc' dir='ltr'>ὀθνεῖον</span> <span class='ocrx_word' id='word_1_784' title='bbox 2888 4565 3106 4635; x_wconf 81' lang='grc' dir='ltr'>ἀξίωμα</span> <span class='ocrx_word' id='word_1_785' title='bbox 3139 4565 3233 4618; x_wconf 80' lang='grc' dir='ltr'>καὶ</span> <span class='ocrx_word' id='word_1_786' title='bbox 3263 4565 3321 4618; x_wconf 78' lang='grc' dir='ltr'>οὐ</span> <span class='ocrx_word' id='word_1_787' title='bbox 3359 4564 3525 4619; x_wconf 82' lang='grc' dir='ltr'>πάλαι</span> <span class='ocrx_word' id='word_1_788' title='bbox 3550 4582 3687 4637; x_wconf 86' lang='grc' dir='ltr'>προ-</span> 
     </span>
    </p>
   </div>
   <div class='ocr_carea' id='block_1_103' title="bbox 2104 4654 3686 4727">
    <p class='ocr_par' dir='ltr' id='par_1_103' title="bbox 2104 4654 3686 4727">
     <span class='ocr_line' id='line_1_103' title="bbox 2104 4654 3686 4727; baseline 0 -19"><span class='ocrx_word' id='word_1_789' title='bbox 2104 4656 2347 4726; x_wconf 76' lang='grc' dir='ltr'>πεφυκὸς</span> <span class='ocrx_word' id='word_1_790' title='bbox 2379 4654 2526 4726; x_wconf 79' lang='grc' dir='ltr'>αὐτῷ</span> <span class='ocrx_word' id='word_1_791' title='bbox 2558 4655 2868 4721; x_wconf 77' lang='grc' dir='ltr'>διαϐαίνων,</span> <span class='ocrx_word' id='word_1_792' title='bbox 2910 4655 3027 4709; x_wconf 86' lang='grc' dir='ltr'>ἀλλ’</span> <span class='ocrx_word' id='word_1_793' title='bbox 3077 4659 3158 4720; x_wconf 83' lang='grc' dir='ltr'>εἰς</span> <span class='ocrx_word' id='word_1_794' title='bbox 3205 4656 3444 4727; x_wconf 77' lang='grc' dir='ltr'>ἔμφυτόν</span> <span class='ocrx_word' id='word_1_795' title='bbox 3487 4675 3546 4710; x_wconf 87' lang='grc' dir='ltr'><strong>τε</strong></span> <span class='ocrx_word' id='word_1_796' title='bbox 3592 4657 3686 4710; x_wconf 76' lang='grc' dir='ltr'>καὶ</span> 
     </span>
    </p>
   </div>
   <div class='ocr_carea' id='block_1_104' title="bbox 2102 4747 3686 4820">
    <p class='ocr_par' dir='ltr' id='par_1_104' title="bbox 2102 4747 3686 4820">
     <span class='ocr_line' id='line_1_104' title="bbox 2102 4747 3686 4820; baseline -0.001 -19"><span class='ocrx_word' id='word_1_797' title='bbox 2102 4749 2202 4820; x_wconf 82' lang='grc' dir='ltr'>τὴν</span> <span class='ocrx_word' id='word_1_798' title='bbox 2236 4748 2462 4801; x_wconf 87' lang='grc' dir='ltr'>ἐνοῦσαν</span> <span class='ocrx_word' id='word_1_799' title='bbox 2496 4749 2584 4801; x_wconf 56' lang='grc' dir='ltr'><strong>ἀεὶ⁵</strong></span> <span class='ocrx_word' id='word_1_800' title='bbox 2617 4747 2775 4812; x_wconf 76' lang='grc' dir='ltr'>δόξαν</span> <span class='ocrx_word' id='word_1_801' title='bbox 2800 4765 2860 4801; x_wconf 87' lang='grc' dir='ltr'><strong>τε</strong></span> <span class='ocrx_word' id='word_1_802' title='bbox 2892 4747 3028 4819; x_wconf 85' lang='grc' dir='ltr'>ὁμοῦ</span> <span class='ocrx_word' id='word_1_803' title='bbox 3060 4750 3154 4802; x_wconf 72' lang='grc' dir='ltr'>καὶ</span> <span class='ocrx_word' id='word_1_804' title='bbox 3181 4748 3456 4820; x_wconf 82' lang='grc' dir='ltr'>ὑπεροχὴν</span> <span class='ocrx_word' id='word_1_805' title='bbox 3492 4750 3686 4801; x_wconf 84' lang='grc' dir='ltr'>ὑπονο-</span> 
     </span>
    </p>
   </div>
   <div class='ocr_carea' id='block_1_105' title="bbox 2104 4837 3690 4912">
    <p class='ocr_par' dir='ltr' id='par_1_105' title="bbox 2104 4837 3690 4912">
     <span class='ocr_line' id='line_1_105' title="bbox 2104 4837 3690 4912; baseline -0.001 -19"><span class='ocrx_word' id='word_1_806' title='bbox 2104 4840 2267 4894; x_wconf 89' lang='grc' dir='ltr'>στῶν.</span> <span class='ocrx_word' id='word_1_807' title='bbox 2305 4837 2572 4908; x_wconf 78' lang='grc' dir='ltr'>Ὑψοῦται</span> <span class='ocrx_word' id='word_1_808' title='bbox 2595 4840 2706 4912; x_wconf 75' lang='grc' dir='ltr'><strong>γὰρ</strong></span> <span class='ocrx_word' id='word_1_809' title='bbox 2738 4838 3119 4911; x_wconf 86' lang='grc' dir='ltr'>ἀνθρωπίνως,</span> <span class='ocrx_word' id='word_1_810' title='bbox 3144 4840 3322 4894; x_wconf 87' lang='grc' dir='ltr'>καίτοι</span> <span class='ocrx_word' id='word_1_811' title='bbox 3354 4841 3494 4894; x_wconf 72' lang='grc' dir='ltr'>κατὰ</span> <span class='ocrx_word' id='word_1_812' title='bbox 3524 4840 3690 4908; x_wconf 79' lang='grc' dir='ltr'>φύσιν</span> 
     </span>
    </p>
   </div>
   <div class='ocr_carea' id='block_1_106' title="bbox 2102 4928 3682 5003">
    <p class='ocr_par' dir='ltr' id='par_1_106' title="bbox 2102 4928 3682 5003">
     <span class='ocr_line' id='line_1_106' title="bbox 2102 4928 3682 5003; baseline -0.003 -18"><span class='ocrx_word' id='word_1_813' title='bbox 2102 4932 2325 5001; x_wconf 75' lang='grc' dir='ltr'>ὕψιστος</span> <span class='ocrx_word' id='word_1_814' title='bbox 2356 4931 2432 4984; x_wconf 82' lang='grc' dir='ltr'>ὢν</span> <span class='ocrx_word' id='word_1_815' title='bbox 2461 4933 2570 4986; x_wconf 86' lang='grc' dir='ltr'>ἀεί.</span> <span class='ocrx_word' id='word_1_816' title='bbox 2616 4932 2812 5000; x_wconf 83' lang='grc' dir='ltr'>Γέγονε</span> <span class='ocrx_word' id='word_1_817' title='bbox 2863 4932 2972 5003; x_wconf 69' lang='grc' dir='ltr'><strong>γὰρ</strong></span> <span class='ocrx_word' id='word_1_818' title='bbox 3015 4931 3321 5003; x_wconf 79' lang='grc' dir='ltr'>ἅνθρωπος,</span> <span class='ocrx_word' id='word_1_819' title='bbox 3365 4932 3458 4984; x_wconf 70' lang='grc' dir='ltr'>καὶ</span> <span class='ocrx_word' id='word_1_820' title='bbox 3502 4928 3682 4996; x_wconf 86' lang='grc' dir='ltr'>τοῦτο,</span> 
     </span>
    </p>
   </div>
   <div class='ocr_carea' id='block_1_107' title="bbox 2101 5019 3683 5093">
    <p class='ocr_par' dir='ltr' id='par_1_107' title="bbox 2101 5019 3683 5093">
     <span class='ocr_line' id='line_1_107' title="bbox 2101 5019 3683 5093; baseline -0.004 -16"><span class='ocrx_word' id='word_1_821' title='bbox 2101 5019 2274 5093; x_wconf 73' lang='grc' dir='ltr'>οἶμαι,</span> <span class='ocrx_word' id='word_1_822' title='bbox 2323 5023 2440 5075; x_wconf 77' lang='grc' dir='ltr'>ἐστὶ</span> <span class='ocrx_word' id='word_1_823' title='bbox 2475 5022 2537 5074; x_wconf 86' lang='grc' dir='ltr'><strong>τὸ</strong></span> <span class='ocrx_word' id='word_1_824' title='bbox 2564 5023 2664 5093; x_wconf 80' lang='grc' dir='ltr'>τῆς</span> <span class='ocrx_word' id='word_1_825' title='bbox 2707 5021 2920 5092; x_wconf 83' lang='grc' dir='ltr'>φύσεως</span> <span class='ocrx_word' id='word_1_826' title='bbox 2955 5023 3175 5093; x_wconf 78' lang='grc' dir='ltr'>μέτρον,</span> <span class='ocrx_word' id='word_1_827' title='bbox 3203 5019 3296 5076; x_wconf 75' lang='grc' dir='ltr'>καὶ</span> <span class='ocrx_word' id='word_1_828' title='bbox 3336 5023 3368 5092; x_wconf 75' lang='grc' dir='ltr'><strong>ἡ</strong></span> <span class='ocrx_word' id='word_1_829' title='bbox 3416 5019 3683 5090; x_wconf 81' lang='grc' dir='ltr'>λεγομένη</span> 
     </span>
    </p>
   </div>
   <div class='ocr_carea' id='block_1_108' title="bbox 2103 5110 3680 5184">
    <p class='ocr_par' dir='ltr' id='par_1_108' title="bbox 2103 5110 3680 5184">
     <span class='ocr_line' id='line_1_108' title="bbox 2103 5110 3680 5184; baseline -0.003 -17"><span class='ocrx_word' id='word_1_830' title='bbox 2103 5115 2354 5177; x_wconf 85' lang='grc' dir='ltr'>κένωσις.</span> <span class='ocrx_word' id='word_1_831' title='bbox 2413 5114 2480 5166; x_wconf 90' lang='lat'>&#39;0</span> <span class='ocrx_word' id='word_1_832' title='bbox 2519 5130 2583 5181; x_wconf 92' lang='grc' dir='ltr'><strong>γε</strong></span> <span class='ocrx_word' id='word_1_833' title='bbox 2647 5114 2753 5184; x_wconf 77' lang='grc' dir='ltr'>μὴν</span> <span class='ocrx_word' id='word_1_834' title='bbox 2795 5112 3229 5184; x_wconf 74' lang='grc' dir='ltr'>ἐνανθρωπήσας</span> <span class='ocrx_word' id='word_1_835' title='bbox 3278 5113 3446 5177; x_wconf 87' lang='grc' dir='ltr'>Θεὸς,</span> <span class='ocrx_word' id='word_1_836' title='bbox 3501 5110 3680 5165; x_wconf 81' lang='grc' dir='ltr'>καίτιιι</span> 
     </span>
    </p>
   </div>
   <div class='ocr_carea' id='block_1_109' title="bbox 2101 5202 3681 5278">
    <p class='ocr_par' dir='ltr' id='par_1_109' title="bbox 2101 5202 3681 5278">
     <span class='ocr_line' id='line_1_109' title="bbox 2101 5202 3681 5278; baseline -0.004 -16"><span class='ocrx_word' id='word_1_837' title='bbox 2101 5206 2379 5278; x_wconf 76' lang='grc' dir='ltr'>νομισθεὶς</span> <span class='ocrx_word' id='word_1_838' title='bbox 2419 5206 2571 5260; x_wconf 80' lang='grc' dir='ltr'>οὐδὲν</span> <span class='ocrx_word' id='word_1_839' title='bbox 2594 5207 2781 5277; x_wconf 81' lang='grc' dir='ltr'>ἓτερον</span> <span class='ocrx_word' id='word_1_840' title='bbox 2814 5203 2975 5272; x_wconf 77' lang='grc' dir='ltr'>εἶναι,</span> <span class='ocrx_word' id='word_1_841' title='bbox 3013 5206 3154 5276; x_wconf 82' lang='grc' dir='ltr'>πλὴν</span> <span class='ocrx_word' id='word_1_842' title='bbox 3175 5207 3256 5259; x_wconf 84' lang='grc' dir='ltr'>ὃτι</span> <span class='ocrx_word' id='word_1_843' title='bbox 3288 5205 3449 5276; x_wconf 90' lang='grc' dir='ltr'>μόνον</span> <span class='ocrx_word' id='word_1_844' title='bbox 3471 5202 3681 5273; x_wconf 80' lang='grc' dir='ltr'>ἄνθρω-</span> 
     </span>
    </p>
   </div>
   <div class='ocr_carea' id='block_1_110' title="bbox 2103 5295 3664 5372">
    <p class='ocr_par' dir='ltr' id='par_1_110' title="bbox 2103 5295 3664 5372">
     <span class='ocr_line' id='line_1_110' title="bbox 2103 5295 3664 5372; baseline -0.003 -20"><span class='ocrx_word' id='word_1_845' title='bbox 2103 5317 2223 5365; x_wconf 82' lang='grc' dir='ltr'>πος,</span> <span class='ocrx_word' id='word_1_846' title='bbox 2256 5297 2387 5352; x_wconf 80' lang='grc' dir='ltr'>αὐτὸ</span> <span class='ocrx_word' id='word_1_847' title='bbox 2405 5295 2468 5366; x_wconf 82' lang='grc' dir='ltr'>δὴ</span> <span class='ocrx_word' id='word_1_848' title='bbox 2498 5301 2649 5352; x_wconf 78' lang='grc' dir='ltr'>τουτὶ</span> <span class='ocrx_word' id='word_1_849' title='bbox 2675 5300 2735 5352; x_wconf 83' lang='grc' dir='ltr'><strong>τὸ</strong></span> <span class='ocrx_word' id='word_1_850' title='bbox 2760 5299 3089 5371; x_wconf 80' lang='grc' dir='ltr'>ὁρῶμενον,ι</span> <span class='ocrx_word' id='word_1_851' title='bbox 3119 5297 3399 5372; x_wconf 77' lang='grc' dir='ltr'>ἐκηρύχθη</span> <span class='ocrx_word' id='word_1_852' title='bbox 3431 5300 3486 5350; x_wconf 87' lang='grc' dir='ltr'><strong>ἐν</strong></span> <span class='ocrx_word' id='word_1_853' title='bbox 3514 5295 3664 5348; x_wconf 76' lang='grc' dir='ltr'>ἔθνε-</span> 
     </span>
    </p>
   </div>
   <div class='ocr_carea' id='block_1_111' title="bbox 1109 5424 2014 5524">
    <p class='ocr_par' dir='ltr' id='par_1_111' title="bbox 1109 5449 2014 5520">
     <span class='ocr_line' id='line_1_111' title="bbox 1109 5449 2014 5520; baseline 0.003 -16"><span class='ocrx_word' id='word_1_854' title='bbox 1109 5451 1155 5482; x_wconf 81' lang='grc'><strong>²³</strong></span> <span class='ocrx_word' id='word_1_855' title='bbox 1180 5449 1334 5505; x_wconf 82' lang='lat' dir='ltr'><strong>Joan.</strong></span> <span class='ocrx_word' id='word_1_856' title='bbox 1361 5465 1423 5516; x_wconf 88' lang='grc' dir='ltr'><strong>ιι,</strong></span> <span class='ocrx_word' id='word_1_857' title='bbox 1445 5449 1534 5508; x_wconf 75' lang='grc'><strong>25.</strong></span> <span class='ocrx_word' id='word_1_858' title='bbox 1612 5451 1677 5482; x_wconf 73' lang='grc'><strong>³³·</strong></span> <span class='ocrx_word' id='word_1_859' title='bbox 1708 5450 1748 5504; x_wconf 94' lang='lat' dir='ltr'><strong>ll</strong></span> <span class='ocrx_word' id='word_1_860' title='bbox 1777 5452 1901 5507; x_wconf 87' lang='lat' dir='ltr'><strong>Cor.</strong></span> <span class='ocrx_word' id='word_1_861' title='bbox 1932 5469 2014 5520; x_wconf 72' lang='lat' dir='ltr'><strong>x,‘</strong></span> 
     </span>
    </p>
   </div>
   <div class='ocr_carea' id='block_1_112' title="bbox 2121 5424 3678 5524">
    <p class='ocr_par' dir='ltr' id='par_1_112' title="bbox 2147 5424 3678 5524">
     <span class='ocr_line' id='line_1_112' title="bbox 2147 5424 3678 5524; baseline -0.001 -17"><span class='ocrx_word' id='word_1_862' title='bbox 2147 5453 2192 5484; x_wconf 71' lang='lat'>&quot;</span> <span class='ocrx_word' id='word_1_863' title='bbox 2223 5454 2342 5508; x_wconf 87' lang='lat' dir='ltr'><strong>Act.</strong></span> <span class='ocrx_word' id='word_1_864' title='bbox 2374 5469 2440 5521; x_wconf 90' lang='grc' dir='ltr'><strong>ιι,</strong></span> <span class='ocrx_word' id='word_1_865' title='bbox 2469 5454 2670 5522; x_wconf 78' lang='lat'><strong>35-55;</strong></span> <span class='ocrx_word' id='word_1_866' title='bbox 2707 5454 2851 5512; x_wconf 85' lang='lat' dir='ltr'><strong>Psal.</strong></span> <span class='ocrx_word' id='word_1_867' title='bbox 2875 5468 2987 5520; x_wconf 81' lang='lat' dir='ltr'><strong>clx,</strong></span> <span class='ocrx_word' id='word_1_868' title='bbox 3023 5453 3073 5510; x_wconf 78' lang='lat' dir='ltr'><strong>l.</strong></span> <span class='ocrx_word' id='word_1_869' title='bbox 3153 5454 3198 5486; x_wconf 80' lang='lat'>&quot;</span> <span class='ocrx_word' id='word_1_870' title='bbox 3222 5452 3452 5524; x_wconf 81' lang='lat' dir='ltr'><strong>Philipp.</strong></span> <span class='ocrx_word' id='word_1_871' title='bbox 3484 5467 3545 5508; x_wconf 88' lang='grc' dir='ltr'>ιι.</span> <span class='ocrx_word' id='word_1_872' title='bbox 3568 5424 3678 5506; x_wconf 3' lang='lat'><strong>7.,~</strong></span> 
     </span>
    </p>
   </div>
   <div class='ocr_carea' id='block_1_113' title="bbox 1510 5604 2607 5678">
    <p class='ocr_par' dir='ltr' id='par_1_113' title="bbox 1510 5604 2607 5678">
     <span class='ocr_line' id='line_1_113' title="bbox 1510 5604 2607 5678; baseline 0.007 -22"><span class='ocrx_word' id='word_1_873' title='bbox 1510 5604 1685 5657; x_wconf 71' lang='lat' dir='ltr'><strong>Varia:</strong></span> <span class='ocrx_word' id='word_1_874' title='bbox 1719 5604 1979 5664; x_wconf 81' lang='lat' dir='ltr'><strong>lectiones</strong></span> <span class='ocrx_word' id='word_1_875' title='bbox 2014 5607 2218 5664; x_wconf 85' lang='lat' dir='ltr'><strong>codicis</strong></span> <span class='ocrx_word' id='word_1_876' title='bbox 2249 5606 2607 5678; x_wconf 76' lang='lat' dir='ltr'><strong>Seguieriani.</strong></span> 
     </span>
    </p>
   </div>
   <div class='ocr_carea' id='block_1_114' title="bbox 491 5733 793 5804">
    <p class='ocr_par' dir='ltr' id='par_1_114' title="bbox 491 5733 793 5804">
     <span class='ocr_line' id='line_1_114' title="bbox 491 5733 793 5804; baseline 0.013 -22"><span class='ocrx_word' id='word_1_877' title='bbox 491 5741 518 5782; x_wconf 78' lang='grc' dir='ltr'>ῑι</span> <span class='ocrx_word' id='word_1_878' title='bbox 551 5733 793 5804; x_wconf 67' lang='grc' dir='ltr'>ἀληθινή.</span> 
     </span>
    </p>
   </div>
  </div>
