4076 6430
378 354 522 411 1105

1198 356 1291 412 AD
1333 356 1639 415 REGINAS
1675 358 1763 416 DE
1805 358 2039 417 llECTA
2079 360 2238 417 FIDE
2276 357 2541 416 ORATIO
2577 358 2887 417 ALTERA.

3520 361 3667 451 .1406

378 502 485 548 σιν,
511 483 810 556 ἐπιστεύθη
838 486 897 539 ἐν
927 484 1141 555 κόσμῳ,
1166 501 1184 536 ι
1212 483 1507 555 τετίμηται
1531 483 1700 538 δὲκαὶ
1725 484 1802 548 ὡς
1832 484 1962 548 Υἱὸς

2069 485 2173 540 hoc
2218 491 2344 551 est,
2403 498 2575 552 purus
2628 482 2795 538 homo
2866 496 2991 537 esse
3064 489 3385 551 putaretur,
3425 484 3668 552 «praedi-

372 575 594 646 ἀληθῶς
615 575 711 630 τοῦ
738 576 877 631 Θεοῦ
901 576 997 630 καὶ
1030 575 1267 645 Πατρὸς,
1308 576 1403 631 καὶ
1431 576 1531 646 τῆς
1565 576 1831 630 ἀνωτάτω
1865 594 1964 631 πα-

373 668 485 723 σῶν
532 668 785 732 εὐκλείας
832 669 1134 739 ἀνεδήσατο
1162 668 1233 721 τὰ
1279 668 1600 740 αὐχήματα,
1636 668 1772 733 Θεὸς
1821 664 1963 722 εἶναι

370 756 829 829 πεπιστευμένος.
884 758 994 811 Καὶ
1027 758 1129 811 οὐκ
1153 758 1426 828 ἀσύνηθες
1466 759 1616 829 αὐτῴ
1668 761 1729 814 τὸ
1776 761 1966 832 χρῆμά

371 854 522 905 ἐστιν
544 866 558 882 θ
591 850 794 921 ἀληθὲς
822 851 879 905 δὲ
918 850 1120 922 μᾶλλον
1162 846 1304 905 εῐναί
1332 869 1516 923 φαμεν
1563 853 1627 907 τὸ
1671 854 1964 923 ὑφειμένον

369 944 430 995 ἐν
462 941 872 1013 ἁνθρωπότητι,
913 945 1006 997 καὶ
1032 944 1092 998 τὸ
1114 944 1381 1015 ύψοῦσθαι
1402 946 1600 1014 δοκεῖν,
1631 947 1817 1000 καίτοι
1842 949 1966 1010 ταῖς

369 1037 449 1098 εἰς
487 1034 642 1103 λῆξιν
684 1034 1059 1105 διαπρέποντα
1083 1036 1286 1107 δόξαις.
1334 1036 1554 1108 Ἐπειδὴ
1579 1036 1631 1090 δὲ
1658 1039 1724 1107 τῇ
1748 1035 1964 1108 ἀνθρώ-

369 1142 474 1177 που
512 1124 697 1194 φύσει,
719 1128 816 1182 καὶ
847 1129 1069 1201 μέτροις
1095 1131 1209 1192 τοῖς
1233 1128 1357 1183 καθ’
1394 1129 1571 1199 ἡμᾶς,
1600 1127 1785 1182 πάντα
1813 1127 1966 1181 ἐστὶν

366 1217 574 1271 ἄνωθεν
596 1216 693 1270 καὶ
730 1219 881 1289 παρὰ
910 1219 1074 1285 Θεοῦ,
1110 1218 1287 1291 ταύτῃ
1309 1235 1392 1272 τοι
1432 1208 1527 1271 καὶ
1560 1218 1706 1290 μάλα
1734 1218 1965 1281 εἰκότως

366 1308 433 1376 τῇ
466 1306 619 1379 δεξιᾷ
647 1307 741 1373 τοῦ
784 1310 1001 1382 Πατρὸς
1032 1309 1303 1380 ὑψοῦσθαι
1340 1310 1580 1380 λέγεται,
1619 1310 1799 1363 καίτοι
1841 1310 1964 1380 χεὶρ

367 1395 632 1466 ὑπάρχων
665 1398 852 1465 αὐτὸς,
899 1400 997 1453 καὶ
1024 1400 1058 1471 ἡ
1090 1398 1202 1453 τῶν
1230 1399 1369 1454 ὅλων
1413 1399 1748 1471 δημιουργὸς
1786 1398 1960 1465 δεξιά.

371 1485 564 1557 Ἀθρει
600 1487 658 1541 δέ
705 1505 796 1558 μοι
832 1489 998 1543 πάλιν
1026 1491 1119 1544 τὸν
1148 1490 1357 1564 Κύριον
1395 1490 1553 1563 ἡμῶν
1604 1486 1814 1560 Ἰησοῦν
1869 1489 1960 1543 τὸν

364 1579 604 1648 Χριστὸν
632 1580 992 1652 ἀνθρωπίνως
1017 1583 1117 1655 μὲν
1142 1583 1205 1637 τὸ
1234 1581 1462 1654 Πνεῦμα
1488 1582 1800 1653 δεχόμενον,
1822 1581 1963 1652 πλη·-

368 1670 564 1742 ροῦντα
595 1673 654 1726 δὲ
698 1672 902 1738 θεῖκῶς
939 1676 1042 1745 τὴν
1075 1676 1411 1744 ἐπαγγελίαν
1454 1674 1548 1728 τοῦ
1585 1675 1822 1748 Πατρὸς,
1869 1674 1961 1729 διὰ

2065 586 2223 631 catus
2245 584 2534 631 esttamen
2570 574 2624 629 in
2650 576 2935 646 gentibus:
2962 575 3204 630 creditus
3233 582 3317 630 est
3347 574 3399 628 in
3433 578 3657 644 mundo,

2067 667 2371 724 honoratus
2407 678 2492 724 est
2514 668 2581 735 “,
2604 685 2623 720 ι
2678 677 2736 722 ιιι
2776 683 2937 724 verus
2974 668 3069 723 Det
3109 665 3292 723 Patris
3326 666 3497 722 Filius
3521 712 3536 733 ,
3569 670 3665 725 de-

2065 760 2230 830 nique
2267 774 2477 814 summa
2521 760 2693 830 gloria
2731 773 3053 830 summaque
3079 759 3345 827 dignitate
3392 760 3663 815 condeco-

2068 862 2218 907 ratus
2257 860 2363 917 est,
2396 860 2581 921 utpote
2629 851 2771 907 Deus
2806 860 2955 906 esset
3024 852 3284 907 creditus.
3352 849 3540 920 Neque
3597 866 3663 906 ea

2067 957 2157 998 res
2196 942 2460 997 inusitata
2510 943 2561 998 ei
2622 951 2730 998 est.
2780 942 2977 998 Veram
3034 957 3269 1012 namque
3312 942 3364 997 in
3424 943 3660 997 humana

2067 1043 2258 1089 natura
2290 1035 2691 1100 humilitatem,
2735 1050 2921 1090 veram
2956 1050 3176 1091 rursum
3230 1035 3286 1090 in
3329 1034 3662 1090 exaltatione

2066 1123 2455 1182 sublimitatem
2484 1128 2832 1198 agnoscimus
2853 1167 2871 1193 ,
2911 1127 3039 1182 licet
3070 1142 3167 1182 sua
3211 1127 3329 1196 ipse
3363 1126 3537 1197 gloria
3564 1141 3659 1182 co-

2066 1227 2334 1272 ruscaret.
2381 1218 2647 1285 Quoniam
2683 1232 2816 1273 vero
2890 1216 3143 1273 humana:
3182 1228 3424 1283 natum,
3477 1218 3661 1272 huma-

2064 1320 2257 1375 nmque
2286 1306 2615 1361 conditionis
2657 1312 2714 1360 et
2748 1304 2967 1360 modulo
3026 1304 3210 1360 omnia
3263 1304 3480 1358 caelitus
3529 1311 3585 1358 et
3629 1316 3661 1357 a

2063 1396 2173 1454 Deo
2207 1399 2538 1466 obveniunt;
2582 1398 2703 1453 ideo
2754 1397 2971 1462 Filius,
3019 1411 3328 1466 quanquam
3377 1396 3424 1450 is
3469 1408 3660 1451 secun-

2062 1490 2190 1545 dum
2219 1506 2279 1549 se
2306 1508 2498 1546 manus
2531 1492 2754 1546 dextera
2783 1500 2839 1545 et
2875 1490 3118 1545 omnium
3150 1488 3332 1558 opifex
3364 1488 3467 1552 sit,
3495 1486 3653 1564 17],

2061 1591 2161 1646 per
2187 1575 2367 1633 Patris
2397 1577 2675 1633 dexteram
2714 1579 2836 1648 jure
2874 1577 3068 1632 merito
3113 1577 3385 1631 etaltatus
3423 1575 3657 1631 dicitur.

2063 1668 2303 1726 Observa
2378 1670 2466 1725 hic
2524 1685 2738 1725 rursum
2823 1668 3115 1724 Dominum
3181 1678 3426 1723 nostrum
3472 1666 3659 1723 Iesum

364 1761 461 1816 τοῦ
507 1766 623 1828 τοῖς
655 1766 1009 1820 πιστεύουσιν
1042 1767 1246 1820 ἐνιέναι
1273 1768 1335 1820 τὸ
1364 1766 1606 1837 πνεῦμα,
1636 1766 1731 1821 καὶ
1758 1767 1856 1837 οὐχ
1883 1767 1959 1831 ὡς

2066 1761 2349 1818 Christum
2403 1765 2706 1819 secundum
2775 1764 3069 1818 humanam
3119 1761 3339 1831 quidem
3406 1771 3660 1816 naturam

366 1854 672 1926 ἀλλότριον,
717 1856 833 1910 ἀλλ’
868 1858 944 1922 ὡς
978 1857 1111 1913 ἴδιον
1146 1858 1334 1914 αὐτοῦ.
1388 1860 1535 1929 Ἔφη
1582 1860 1681 1930 μὲν
1710 1860 1820 1932 γάρ
1850 1877 1954 1914 που

2064 1852 2325 1924 Spiritum
2388 1855 2673 1922 accipere,
2729 1854 3030 1920 secundum
3084 1851 3333 1908 divinam
3370 1867 3499 1907 vero
3552 1852 3661 1908 hoc

361 1944 496 2011 Θεὸς
512 1945 580 2000 δι’
594 1948 715 2012 ἐνὸς
743 1948 853 2002 τῶν
880 1950 1053 2019 ἁγίων
1074 1951 1393 2024 προφητῶν,
1418 1953 1500 2006 ὅτι.
1535 1969 1555 2004 ι
1601 1952 1813 2022 Ἐκχεῶ
1842 1952 1952 2006 ἀπὸ

2064 1945 2182 2016 ipso
2232 1944 2412 2000 Patris
2466 1947 2738 2016 promissa
2788 1946 3072 2001 exsolvere
3104 1984 3120 2011 ,
3182 1946 3326 2014 quod
3393 1943 3659 2015 Spiritum

363 2037 459 2091 τοῦ
484 2039 807 2112 Πνεύματός
840 2060 942 2111 μου
979 2043 1072 2097 ἐπὶ
1114 2044 1297 2099 πᾶσαν
1340 2045 1539 2116 σάρκα.
1579 2063 1599 2096 ι
1645 2044 1853 2115 Πληροί
1894 2044 1952 2097 δὲ

2064 2045 2308 2092 sanctum
2350 2051 2457 2092 non
2516 2047 2773 2107 tanquam
2833 2037 2903 2092 ab
2942 2051 3003 2092 se
3042 2036 3283 2092 alienum
3316 2076 3332 2102 ,
3383 2037 3479 2092 sed
3535 2043 3659 2090 tan-

362 2131 526 2185 τοῦτο
550 2133 808 2205 Χριστὸς,
853 2135 930 2199 ὡς
962 2135 1089 2190 ῐδιον
1116 2137 1279 2201 ἐνιεὶς
1320 2139 1435 2201 τοίς
1482 2137 1843 2206 κεκλημένοις
1889 2137 1952 2190 τὸ

2064 2142 2224 2199 quam
2270 2130 2375 2185 sibi
2407 2131 2687 2199 proprium
2760 2130 3015 2187 tidelibus
3079 2131 3267 2186 mittit.
3328 2130 3469 2185 Deus
3509 2129 3659 2185 enim

362 2221 614 2293 Πνεῦμα.
639 2226 835 2279 Καίτοι
853 2226 914 2279 τὸ
935 2226 1200 2298 μετόχους
1224 2228 1510 2281 ἀποτελεῖν
1530 2226 1791 2281 δύνασθαί
1808 2243 1959 2291 τινας

362 2314 461 2368 τοῦ
489 2315 651 2384 ἁγίου
690 2316 1037 2388 Πνεύματος,
1064 2319 1267 2389 πρέποι
1292 2318 1359 2373 ἂν
1402 2320 1503 2373 ούκ
1530 2318 1806 2391 ἀνθρώπῳ
1858 2337 1959 2374 ποσ-

366 2408 490 2475 θέν,
524 2408 643 2480 Θεῷ
669 2410 727 2463 δὲ
761 2411 967 2481 μᾶλλον
993 2412 1073 2481 τῷ
1101 2412 1245 2466 κατὰ
1276 2412 1461 2481 φύσιν.
1504 2414 1844 2485 Ἐνήργηκεν
1864 2409 1960 2465 οῦν

244 2571 255 2581 .
363 2497 434 2551 τὰ
459 2497 554 2553 τοῦ
596 2499 733 2554 Θεοῦ
765 2502 861 2554 καὶ
903 2502 1119 2574 Πατρὸς
1160 2502 1189 2554 6
1238 2503 1388 2569 Υἱὸς,
1423 2503 1485 2557 τὸ
1526 2503 1754 2574 Πνεῦμα
1784 2502 1962 2568 διδοὺς

364 2589 548 2653 αὑτός.
592 2591 936 2664 Ἀνθρωπίνη
990 2595 1173 2649 τοίνυν
1227 2597 1260 2666 ἡ
1310 2594 1496 2666 λῆψις,
1546 2593 1852 2666 θεοπρεπὲς
1900 2592 1960 2647 δὲ

365 2682 461 2737 καὶ
495 2682 637 2753 ὑπὲρ
665 2684 955 2755 ἄνθρωπον
986 2685 1063 2763 τὸ.
1094 2687 1153 2754 ἐξ
1184 2687 1315 2741 ἰδίου
1351 2686 1725 2759 πληρώματος
1757 2686 1850 2740 καὶ
1880 2686 1963 2749 εἰς

365 2773 587 2846 ἐτέρους
616 2778 799 2846 ἐκχεῖν
843 2777 944 2848 τὴν
984 2778 1079 2832 τοῦ
1127 2779 1450 2849 Πνεύματος
1487 2778 1656 2836 δόσιν.
1701 2777 1833 2839 Θεὸς
1867 2771 1961 2830 οὖν

365 2861 475 2933 ἄρα
506 2865 657 2919 ἐστὶν
699 2866 757 2918 ἐν
801 2865 1122 2939 ἀνθρωπεία
1165 2870 1348 2939 μορφῇ
1381 2866 1643 2938 πεφηνὼς
1693 2868 1722 2921 6
1762 2865 1958 2935 Λόγος,

366 2944 622 3027 σύνεδρός
646 2973 704 3010 τε
734 2957 823 3012 διὰ
848 2956 1008 3012 τοῦτο
1040 2958 1119 3030 τῷ
1144 2957 1264 3029 Θεῷ
1285 2959 1380 3012 καὶ
1411 2958 1607 3030 Πατρί.

364 3057 488 3115 cst,
519 3048 703 3107 eliicit.
750 3050 1061 3106 Humanum
1109 3054 1335 3123 proinde
1360 3052 1635 3123 quiddam
1674 3060 1802 3118 est,

2064 2237 2158 2291 per
2190 2223 2483 2291 quemdam
2517 2240 2583 2278 ex
2641 2224 2848 2280 sanctis
2877 2222 3160 2294 prophetis
3203 2223 3402 2278 alicubi
3432 2222 3506 2278 ita
3553 2222 3654 2278 ait:

2071 2330 2092 2365 ι
2134 2313 2422 2369 Effundam
2471 2314 2537 2370 de
2587 2315 2798 2386 Spiritu
2864 2330 2987 2371 meo
3052 2330 3219 2386 super
3266 2329 3486 2371 omnem
3526 2329 3656 2371 car-

2064 2421 2188 2461 nem
2212 2409 2277 2463 ”.
2311 2426 2330 2459 ι
2381 2406 2533 2464 Hanc
2572 2417 2754 2463 autem
2801 2408 3222 2479 promissionem
3251 2407 3507 2464 Christus
3549 2407 3659 2462 Do-

2065 2500 2245 2556 minus
2290 2508 2511 2570 pra-stat
2538 2541 2555 2566 ,
2601 2515 2723 2554 cum
2758 2499 3023 2569 Spiritum
3055 2508 3115 2555 ut
3164 2500 3441 2570 proprium
3477 2500 3544 2553 ad
3590 2499 3657 2552 ll-

2072 2592 2196 2663 dem
2274 2593 2481 2648 vocatis
2534 2592 2798 2648 immittit.
2847 2594 3028 2662 Atque
3079 2592 3350 2661 Spiritum
3405 2600 3658 2648 sanctum

2064 2685 2479 2755 quibuscunque
2542 2684 2753 2740 libitum
2783 2683 2949 2740 fuerit
2984 2698 3145 2755 posse
3179 2683 3443 2754 impertiri
3496 2684 3547 2737 id
3603 2682 3660 2738 in

2066 2776 2342 2832 hominem
2374 2760 2717 2846 nequaquam
2752 2777 3050 2840 convenit,
3089 2777 3186 2830 sed
3245 2784 3451 2829 tantum
3484 2774 3536 2829 iu
3567 2787 3663 2830 ve—

2067 2881 2189 2922 rum
2246 2866 2661 2935 naturalemque
2721 2864 2915 2920 Deum.
2978 2865 3207 2933 Quando
3249 2865 3416 2935 igitur
3488 2861 3661 2918 Filius

2067 2957 2334 3028 Spiritum
2385 2966 2636 3012 sanctum
2669 2955 3002 3023 impertivit,
3057 2954 3203 3026 quod
3259 2955 3351 3009 Dei
3384 2964 3439 3010 et
3480 2953 3661 3027 Patris

1878 3049 2146 3121 Spiritum
2202 3050 2516 3121 suscipere;
2549 3049 2791 3105 divinum
2838 3063 2971 3106 vero
3035 3060 3092 3103 et
3147 3062 3312 3117 supra
3354 3046 3657 3109 hominem,

365 3157 432 3196 ex
468 3144 686 3214 propria
739 3143 1079 3215 plenitudine
1122 3145 1387 3218 Spiritum
1434 3156 1684 3203 sanctum
1727 3148 1783 3203 in
1828 3146 1965 3201 alios
2003 3144 2304 3202 ellundcre.
2353 3145 2594 3201 Verbum
2658 3144 2870 3215 itaque,
2909 3144 3051 3215 quod
3093 3143 3148 3199 in
3204 3143 3444 3198 humana
3481 3139 3659 3196 forma

364 3239 647 3308 apparuit,
703 3238 849 3297 Deus
881 3250 1011 3300 est:
1055 3244 1199 3299 unde
1253 3244 1609 3315 consequitur
1688 3253 1749 3299 ut
1790 3242 2035 3313 ejusdem
2074 3258 2293 3314 quoque
2324 3258 2449 3299 cum
2505 3243 2671 3299 Patre
2713 3242 3021 3314 maiestatis
3063 3242 3160 3298 sit.

362 3349 504 3419 Περὶ
528 3350 635 3407 τοῦ
658 3351 943 3439 λέγεσθξιι
973 3354 1605 3439 αναστῆζαε-Χριοντὸν
1622 3358 1692 3412 ἐκ
1724 3355 1958 3427 νεκρῶν

2064 3355 2144 3412 De
2172 3372 2233 3412 eo
2282 3357 2421 3429 quod
2463 3355 2709 3411 Christus
2737 3342 2840 3439 per
2871 3365 3150 3439 paternam
3184 3360 3431 3409 virtutem
3475 3365 3657 3406 resur-

773 3424 843 3478 ἐν
867 3424 1118 3496 δυνάμει
1150 3424 1258 3481 τοῦ
1286 3424 1538 3496 Πατρός.

438 3535 568 3593 NA’.
624 3537 682 3591 Ὀ
713 3536 1003 3603 Θεσπέσιος
1038 3540 1246 3612 γράφει
1291 3541 1508 3606 Παῦλος
1541 3544 1673 3616 περὶ
1701 3543 1797 3598 τοῦ
1826 3561 1959 3615 προ-

365 3628 607 3699 πάτορος
650 3629 923 3703 Ἀϐραάμο
956 3651 975 3684 ι
1012 3633 1129 3687 οὐκ
1153 3633 1370 3706 ἐγράφη
1400 3634 1457 3688 δὲ
1488 3634 1556 3688 δι’
1584 3636 1747 3689 αὑτὸν
1774 3636 1951 3708 μόνον,

363 3719 447 3771 ὅτι
493 3718 748 3791 ἐλογίσθη
789 3722 938 3793 αὐτῷ
983 3725 1017 3794 ἡ
1064 3724 1248 3790 πίστις
1289 3728 1371 3791 εὶς
1402 3726 1787 3801 δικαιοσύνην
1822 3729 1960 3783 ἀλλὰ

366 3811 463 3864 καὶ
494 3812 561 3865 δι’
587 3814 735 3884 ἡμᾶς
756 3854 771 3879 ,
802 3808 884 3879 οἷς
914 3816 1101 3886 μέλλει
1128 3817 1440 3887 λογίζεσθαι
1470 3823 1584 3883 τοῖς
1606 3820 1958 3876 πιστεύουσιν

366 3903 461 3957 ἐπὶ
489 3904 580 3957 τὸν
610 3903 905 3975 ἐγείραντα
946 3905 1157 3976 Ἰησοῦν
1195 3909 1289 3962 τὸν
1337 3909 1545 3980 Κύριον
1575 3910 1737 3981 ἡμῶν
1776 3913 1842 3965 ἐκ
1871 3929 1959 3965 νε-

367 3995 553 4065 κρῶνο,
578 3994 638 4060 ὃς
668 3996 940 4068 παρεδόθη
965 3997 1057 4050 διὰ
1081 3999 1150 4052 τὰ
1200 3999 1626 4072 παραπτώματα
1652 4002 1833 4073 ἡμῶν,
1862 4004 1960 4057 καὶ⁸

363 4086 574 4158 ἠγέρθη
615 4086 704 4142 διὰ
731 4088 831 4160 τὴν
870 4088 1155 4143 δικαίωσιν
1189 4090 1372 4163 ἡμῶν.
1412 4111 1434 4145 ι
1485 4091 1603 4146 Μία
1645 4093 1744 4164 μὲν
1771 4092 1959 4165 θεότη-

364 4195 456 4241 τος
486 4178 672 4248 φύσις,
689 4181 747 4232 ὲν
771 4180 1105 4237 ὑποστάσεσι
1129 4182 1187 4235 δὲ
1211 4185 1602 4255 προσκυνεῖται
1626 4184 1775 4255 τρισὶ
1803 4185 1959 4256 παρά

365 4284 425 4321 τε
459 4267 620 4339 ἡμῶν
653 4269 749 4322 καὶ
786 4269 897 4324 τῶν
948 4269 1062 4325 ἄνω
1097 4271 1445 4342 πνευμάτων.
1488 4272 1638 4335 Μιᾶς
1683 4271 1740 4325 δὲ
1788 4270 1958 4343 οὔσης

367 4358 621 4441 θεότητος
665 4362 907 4432 ἀπάσης,
952 4363 1177 4427 εἰκότως
1207 4362 1272 4434 δὴ
1299 4362 1461 4435 ἔργον
1493 4364 1560 4419 ἂν
1601 4364 1815 4433 γένοιτο
1846 4365 1958 4419 πᾶν

365 4448 545 4504 ὁτιοῦν
567 4452 672 4505 τῶν
691 4453 773 4506 ὅτι
801 4453 1038 4524 μάλιστα
1067 4454 1388 4525 πρεπόντων
1418 4455 1556 4527 αὐτῇ
1580 4472 1638 4508 τε
1669 4455 1764 4510 καὶ
1792 4456 1953 4529 μόνῃ.

367 4543 674 4615 Πράττεται
706 4545 815 4617 γὰρ
840 4546 1021 4600 πάντα
1049 4547 1201 4618 παρὰ
1226 4546 1320 4600 τοῦ
1352 4546 1487 4601 Θεοῦ
1520 4549 1615 4601 καὶ
1643 4548 1859 4620 Πατρὸς
1886 4548 1955 4602 δι’

370 4634 499 4688 Υἰοῦ
538 4636 595 4688 ἐν
645 4635 926 4706 Πνεύματι
949 4677 964 4690 .
1001 4637 1165 4690 Ὥστε
1198 4636 1305 4691 κᾶν
1331 4638 1380 4691 εξ
1435 4638 1649 4707 λέγοιτό
1681 4638 1955 4703 πουλωο-

2636 3429 2833 3482 rexisse
2872 3427 3087 3480 dicitur.

2137 3539 2221 3595 ιι.
2259 3540 2482 3595 Divinus
2524 3539 2725 3595 Paulus
2769 3539 2835 3595 de
2878 3539 3189 3609 patriarcha
3248 3537 3527 3593 Abraham
3579 3534 3656 3590 ita

2067 3634 2291 3690 scribit:
2332 3653 2352 3687 ι
2394 3633 2510 3689 Non
2553 3644 2639 3689 est
2668 3642 2850 3688 autem
2896 3632 3160 3701 scriptum
3206 3639 3431 3700 propter
3477 3629 3657 3697 ipsum

2066 3734 2303 3792 tantum,
2333 3726 2460 3795 quia
2491 3734 2800 3793 rcputatum
2832 3732 2914 3780 cst
2938 3723 3012 3778 illi
3042 3722 3109 3778 ad
3139 3721 3444 3793 justitiam;
3478 3719 3573 3776 sed
3603 3726 3660 3775 et

2065 3828 2292 3887 propter
2319 3833 2438 3882 nos,
2459 3818 2659 3886 quibus
2690 3816 3031 3885 reputabitur
3052 3816 3405 3871 credentibus
3426 3813 3478 3868 in
3508 3827 3659 3879 eum,

2064 3906 2157 3976 qui
2189 3908 2479 3962 suscitavit
2511 3906 2694 3961 Jesum
2729 3906 3019 3970 Dominum
3051 3912 3298 3959 nostrum
3329 3920 3360 3958 a
3394 3903 3657 3958 mortuis:

2063 4000 2155 4068 qui
2179 3998 2412 4053 traditus
2434 4005 2520 4053 est
2554 4004 2774 4067 propter
2795 3995 2991 4050 delicta
3021 4003 3232 4062 nostra,
3265 4004 3320 4050 et
3351 3995 3658 4050 resurrexit

2064 4100 2286 4160 propter
2330 4088 2779 4159 justiticationem
2826 4086 3157 4142 nostram“.
3194 4104 3213 4139 ι
3269 4085 3385 4141 Una
3437 4084 3657 4154 quidem

2066 4180 2245 4235 deitas
2276 4180 2331 4235 in
2362 4178 2536 4235 tribus
2561 4179 2814 4248 personis
2837 4176 3099 4233 aduratur
3125 4186 3241 4233 tum
3275 4192 3304 4231 a
3336 4175 3513 4241 nobis,
3540 4185 3656 4229 tum

2064 4272 2230 4326 etiam
2268 4286 2299 4326 a
2341 4271 2598 4343 supernis
2635 4270 2743 4327 illis
2788 4270 3098 4341 spiritibus.
3136 4270 3271 4326 Cum
3317 4278 3500 4324 autem
3549 4280 3659 4322 una

2065 4364 2332 4419 duntaxat
2363 4362 2619 4419 divinitas
2645 4365 2896 4429 exsistat,
2931 4362 3128 4417 merito
3164 4363 3331 4417 totius
3356 4375 3492 4432 opus
3531 4374 3659 4416 cen-

2064 4466 2237 4525 setur,
2283 4456 2543 4527 quidquid
2580 4464 2759 4527 potest
2784 4456 2852 4510 ab
2889 4454 2979 4508 illa
3018 4468 3125 4508 una
3161 4453 3478 4524 procedere.
3511 4449 3657 4506 Deus

2064 4547 2230 4604 Pater
2266 4563 2508 4618 namque
2533 4548 2718 4603 omnia
2746 4562 2840 4616 per
2858 4545 3053 4600 Filium
3084 4555 3339 4615 cperatur
3363 4528 3415 4597 in
3447 4542 3655 4612 Spiritu

2066 4648 2277 4695 sancto.
2315 4639 2495 4706 Quare
2532 4637 2579 4694 si
2615 4637 2780 4693 Pater
2826 4635 3106 4691 viviﬁcare
3148 4636 3366 4699 dicitur,
3417 4635 3653 4704 idipsum

367 4729 541 4782 ποιεῖν
572 4728 603 4781 6
627 4728 840 4799 Πατὴρ,
870 4729 1159 4801 ἐνεργήσει
1186 4730 1404 4793 πάντως
1430 4729 1563 4785 αὐτὸ
1593 4731 1681 4785 διὰ
1702 4730 1797 4785 τοῦ
1823 4731 1957 4786 Υἱοῦ

2064 4732 2290 4788 omnino
2316 4748 2415 4802 per
2442 4730 2641 4787 Filium
2670 4730 2724 4785 in
2760 4730 2967 4806 Spiritu
3000 4737 3190 4784 sancto
3212 4737 3473 4797 praestare
3494 4726 3656 4782 intel-

366 4815 425 4869 ἐν
452 4816 593 4887 ἁγίῳ
624 4816 921 4887 Πνεύματι.
972 4817 1093 4871 Κᾶν
1134 4819 1331 4891 ἐνεργῇ
1359 4819 1458 4890 τὴν
1489 4818 1634 4890 ζωὴν
1674 4821 1704 4873 6
1738 4819 1866 4884 Υἱὸς
1898 4819 1957 4876 ἐν

367 4924 431 4976 γε
480 4912 593 4973 τοῖς
623 4909 968 4981 δεδειγμένοις
1012 4909 1114 4979 τῆς
1162 4911 1350 4981 ζωῆς,
1400 4911 1516 4965 ἀλλ’
1567 4913 1628 4966 οὐ
1691 4912 1815 4984 δίχα
1860 4912 1956 4968 τοῦ

366 5001 652 5071 όμοουσίου
697 5001 950 5073 Πατρός·
992 5000 1105 5073 ἔχει
1138 5002 1249 5074 γὰρ
1304 5004 1363 5058 ἐν
1413 5005 1591 5075 ἐαυτῷ
1617 5006 1710 5059 τὸν
1754 5005 1955 5076 Γεννή-

369 5109 557 5147 σαντα.
609 5094 720 5148 Καὶ
775 5094 907 5164 γοῦν
954 5093 1059 5167 ἔφη
1104 5095 1324 5165 σαφῶςο
1381 5116 1400 5149 ι
1467 5097 1586 5151 Ἀπ’
1620 5098 1860 5168 ἐμαυτοῦ
1893 5097 1956 5151 ού

366 5179 546 5235 λαλῶ·
578 5184 607 5237 6
635 5183 692 5236 δὲ
741 5184 931 5259 Πατὴρ
969 5186 997 5238 6
1024 5188 1083 5240 ἐν
1125 5186 1249 5257 ἐμοὶ
1297 5186 1498 5257 μένων,
1540 5190 1684 5242 ποιεῖ
1716 5188 1783 5241 τὰ
1819 5187 1958 5259 ἔργα

276 5352 293 5357 η
367 5273 550 5337 αὐτός.
585 5293 604 5326 ι
638 5275 758 5329 Κᾶν
785 5278 836 5331 εἰ
862 5278 924 5330 τὸ
948 5276 1178 5350 Πνεῦμα
1202 5277 1414 5348 λέγοιτο
1440 5277 1601 5333 τοῦτο
1626 5280 1782 5351 δρᾷν,
1807 5282 1960 5349 ἐνερ-

365 5364 528 5439 γήσει
567 5367 785 5431 πάντως
807 5367 884 5432 ὡς
907 5364 1137 5442 πνεῦμοί
1156 5371 1322 5442 ζωῆς·
1350 5370 1497 5443 ζωὴν
1526 5372 1584 5426 δὲ
1610 5367 1750 5427 εἷναί
1778 5392 1961 5445 φαμεν

368 5457 513 5522 κατὰ
541 5456 704 5527 φύσιν
735 5459 826 5514 τὸν
851 5460 984 5515 Θεὸν
1014 5462 1108 5516 καὶ
1142 5463 1363 5535 Πατέρα
1385 5502 1399 5528 ,
1442 5463 1537 5517 καὶ
1569 5465 1661 5518 τὸν
1692 5463 1751 5531 ἐξ
1786 5464 1956 5519 αὐτοῦ

368 5549 700 5619 γεννηθέντα
735 5550 886 5606 Υίόν.
925 5551 1135 5606 Οὐκοῦν
1158 5552 1377 5624 λέγεται
1416 5554 1517 5625 μὲν
1543 5555 1573 5607 6
1605 5555 1793 5627 Πατὴρ
1821 5557 1957 5611 ἀνα-

2064 4825 2335 4896 ligitur”.
2365 4824 2600 4880 Rursum
2629 4824 2672 4879 si
2698 4823 2868 4878 Filius
2899 4823 2952 4877 in
2979 4822 3063 4878 his
3093 4822 3184 4891 qui
3216 4821 3323 4876 vita
3351 4821 3664 4876 destituun-

2068 4928 2179 4983 tur,
2217 4917 2386 4971 vitam
2423 4914 2639 4971 etIicere
2680 4913 3042 4987 praedicatur;
3078 4915 3181 4969 hoc
3227 4914 3403 4984 ipsum
3449 4913 3658 4982 absque

2065 5008 2449 5067 coesseutialis
2479 5008 2663 5064 Patris
2705 5007 3092 5079 cooperatione
3123 5006 3336 5063 edicere
3364 5021 3471 5062 non
3496 5013 3657 5075 pute-

2067 5111 2176 5170 tur,
2202 5111 2266 5156 ut
2295 5100 2388 5170 qui
2415 5100 2568 5155 illum
2601 5100 2694 5169 qui
2719 5113 2845 5157 eum
2884 5100 3093 5175 genuit,
3121 5099 3175 5154 in
3213 5099 3396 5168 seipse
3430 5110 3657 5151 manen-

2066 5184 2178 5250 tem
2212 5207 2430 5262 semper
2467 5192 2662 5249 babeal
2694 5210 2708 5247 :
2744 5192 2910 5265 «Ego,
2943 5193 3120 5264 inquit
3152 5201 3355 5262 aperte,
3391 5203 3420 5242 a
3449 5186 3656 5256 meipso

2063 5300 2171 5342 non
2217 5285 2450 5356 loquor:
2496 5283 2662 5341 Pater
2706 5286 2800 5355 qui
2853 5286 2909 5340 in
2960 5298 3049 5340 me
3099 5292 3303 5347 manet,
3356 5281 3468 5350 ipse
3524 5278 3657 5333 facit

2059 5391 2224 5445 opera
2243 5377 2309 5432 ³ο.
2340 5395 2360 5430 ι
2399 5375 2559 5446 172
2586 5375 2826 5431 Tandem
2850 5377 2895 5431 si
2934 5376 3161 5445 spiritus
3194 5376 3295 5428 hoc
3327 5373 3499 5442 ipsum
3524 5385 3656 5442 ope-

2060 5479 2252 5538 ratur,
2301 5471 2524 5524 omnino
2564 5479 2623 5524 ut
2682 5469 2809 5524 vitae
2867 5467 3094 5538 spiritus
3166 5472 3441 5535 operatur.
3486 5460 3652 5532 Atqui

2057 5560 2229 5616 Deum
2271 5560 2514 5626 Patrem,
2556 5570 2612 5617 et
2660 5559 2855 5615 Filium
2889 5559 2978 5629 qui
3031 5574 3098 5615 ex
3146 5557 3236 5613 illo
3286 5557 3502 5629 genitus
3541 5563 3645 5619 est,

371 5640 568 5710 στῆσαι
598 5642 836 5714 Χριστὸν
865 5643 931 5696 ἐκ
959 5644 1171 5716 νεκρῶν
1197 5663 1212 5681 ο
1250 5646 1349 5718 οὐχ
1397 5646 1709 5719 εὑρήσομεν
1759 5647 1818 5702 δὲ
1862 5648 1955 5701 τὸν

2064 5654 2354 5711 secundum
2406 5665 2659 5709 naturam
2707 5653 2869 5708 vitam
2916 5666 3038 5708 esse
3087 5651 3344 5709 dicimus.
3390 5650 3655 5719 Quamvis

450 5773 526 5832 '“l
564 5774 804 5833 Tituoth.
836 5793 920 5849 tu,
958 5777 1043 5835 16.

1146 5781 1192 5812 ³⁷
1227 5779 1339 5837 )oel
1368 5795 1432 5849 ιι,
1468 5781 1558 5838 28.
1637 5784 1680 5815 ³⁸
1716 5781 1874 5840 Rom.
1902 5799 1973 5855 ιν,

2064 5785 2095 5853 ι,
2129 5788 2217 5844 '25.
2272 5788 2342 5861 ,³9
2370 5785 2523 5846 Juan.
2557 5803 2605 5844 ν.
2638 5786 2726 5843 21.
2804 5787 2849 5871 ,³ο
2874 5785 3032 5843 Joan.
3064 5802 3172 5854 xiv,
3204 5786 3289 5843 10.
