  <div class='ocr_page' id='page_1' title='image "/cluster/home/n/w/nwhite01/storage/ocr_20150623/76:no.9/coo.31924054869775/711.png"; bbox 0 0 4076 6458; ppageno 0'>
   <div class='ocr_carea' id='block_1_1' title="bbox 388 375 531 433">
    <p class='ocr_par' dir='ltr' id='par_1_1' title="bbox 388 375 531 433">
     <span class='ocr_line' id='line_1_1' title="bbox 388 375 531 433; baseline -0.028 0"><span class='ocrx_word' id='word_1_1' title='bbox 388 375 531 433; x_wconf 66' lang='grc' dir='ltr'><strong>ίὲθτ</strong></span> 
     </span>
    </p>
   </div>
   <div class='ocr_carea' id='block_1_2' title="bbox 1368 375 2629 436">
    <p class='ocr_par' dir='ltr' id='par_1_2' title="bbox 1368 375 2629 436">
     <span class='ocr_line' id='line_1_2' title="bbox 1368 375 2629 436; baseline 0.003 -4"><span class='ocrx_word' id='word_1_2' title='bbox 1368 378 1427 432; x_wconf 74' lang='lat' dir='ltr'><strong>S.</strong></span> <span class='ocrx_word' id='word_1_3' title='bbox 1470 375 1750 432; x_wconf 79' lang='lat' dir='ltr'><strong>CYBILLI</strong></span> <span class='ocrx_word' id='word_1_4' title='bbox 1790 376 2265 435; x_wconf 72' lang='lat' dir='ltr'><strong>ALEXANDBINI</strong></span> <span class='ocrx_word' id='word_1_5' title='bbox 2304 378 2629 436; x_wconf 79' lang='lat' dir='ltr'><strong>ARCHIEP.</strong></span> 
     </span>
    </p>
   </div>
   <div class='ocr_carea' id='block_1_3' title="bbox 3532 380 3667 439">
    <p class='ocr_par' dir='ltr' id='par_1_3' title="bbox 3532 380 3667 439">
     <span class='ocr_line' id='line_1_3' title="bbox 3532 380 3667 439; baseline 0.022 -3"><span class='ocrx_word' id='word_1_6' title='bbox 3532 380 3667 439; x_wconf 69' lang='lat'><strong>“08</strong></span> 
     </span>
    </p>
   </div>
   <div class='ocr_carea' id='block_1_4' title="bbox 387 460 1998 573">
    <p class='ocr_par' dir='ltr' id='par_1_4' title="bbox 387 495 1984 567">
     <span class='ocr_line' id='line_1_4' title="bbox 387 495 1984 567; baseline 0.003 -18"><span class='ocrx_word' id='word_1_7' title='bbox 387 511 520 567; x_wconf 72' lang='lat' dir='ltr'><strong>ergo</strong></span> <span class='ocrx_word' id='word_1_8' title='bbox 544 495 704 551; x_wconf 83' lang='lat' dir='ltr'><strong>Pater</strong></span> <span class='ocrx_word' id='word_1_9' title='bbox 749 496 1029 553; x_wconf 76' lang='lat' dir='ltr'><strong>Christum</strong></span> <span class='ocrx_word' id='word_1_10' title='bbox 1058 511 1123 553; x_wconf 79' lang='lat' dir='ltr'><strong>ex</strong></span> <span class='ocrx_word' id='word_1_11' title='bbox 1154 497 1385 553; x_wconf 91' lang='lat' dir='ltr'><strong>mortuis</strong></span> <span class='ocrx_word' id='word_1_12' title='bbox 1415 498 1785 555; x_wconf 80' lang='lat' dir='ltr'><strong>exsuscitasse</strong></span> <span class='ocrx_word' id='word_1_13' title='bbox 1833 499 1984 554; x_wconf 83' lang='lat' dir='ltr'><strong>dica-</strong></span> 
     </span>
    </p>
   </div>
   <div class='ocr_carea' id='block_1_5' title="bbox 2100 460 3676 573">
    <p class='ocr_par' dir='ltr' id='par_1_5' title="bbox 2100 496 3676 573">
     <span class='ocr_line' id='line_1_5' title="bbox 2100 496 3676 573; baseline -0.001 -19"><span class='ocrx_word' id='word_1_14' title='bbox 2100 501 2215 557; x_wconf 75' lang='lat' dir='ltr'><strong>l‘ibv</strong></span> <span class='ocrx_word' id='word_1_15' title='bbox 2248 502 2516 573; x_wconf 86' lang='grc' dir='ltr'>ἀνενεργῆ</span> <span class='ocrx_word' id='word_1_16' title='bbox 2567 499 2697 571; x_wconf 73' lang='grc' dir='ltr'>περὶ</span> <span class='ocrx_word' id='word_1_17' title='bbox 2726 501 2828 572; x_wconf 72' lang='grc' dir='ltr'>τὴν</span> <span class='ocrx_word' id='word_1_18' title='bbox 2861 501 3162 555; x_wconf 76' lang='grc' dir='ltr'><strong>ἀνάστασιν</strong></span> <span class='ocrx_word' id='word_1_19' title='bbox 3191 498 3284 553; x_wconf 80' lang='grc' dir='ltr'><strong>τοῦ</strong></span> <span class='ocrx_word' id='word_1_20' title='bbox 3318 497 3451 553; x_wconf 84' lang='grc' dir='ltr'>ἰδίου</span> <span class='ocrx_word' id='word_1_21' title='bbox 3486 496 3676 570; x_wconf 82' lang='grc' dir='ltr'>σώμα-</span> 
     </span>
    </p>
   </div>
   <div class='ocr_carea' id='block_1_6' title="bbox 392 588 1998 664">
    <p class='ocr_par' dir='ltr' id='par_1_6' title="bbox 392 588 1977 661">
     <span class='ocr_line' id='line_1_6' title="bbox 392 588 1977 661; baseline 0.001 -18"><span class='ocrx_word' id='word_1_22' title='bbox 392 597 502 651; x_wconf 86' lang='lat' dir='ltr'><strong>tur,</strong></span> <span class='ocrx_word' id='word_1_23' title='bbox 533 588 730 643; x_wconf 85' lang='lat' dir='ltr'><strong>Filium</strong></span> <span class='ocrx_word' id='word_1_24' title='bbox 766 596 944 643; x_wconf 90' lang='lat' dir='ltr'><strong>tamen</strong></span> <span class='ocrx_word' id='word_1_25' title='bbox 978 590 1125 645; x_wconf 87' lang='lat' dir='ltr'><strong>circa</strong></span> <span class='ocrx_word' id='word_1_26' title='bbox 1158 590 1363 661; x_wconf 85' lang='lat' dir='ltr'><strong>proprii</strong></span> <span class='ocrx_word' id='word_1_27' title='bbox 1395 592 1643 660; x_wconf 85' lang='lat' dir='ltr'><strong>corporis</strong></span> <span class='ocrx_word' id='word_1_28' title='bbox 1670 593 1977 647; x_wconf 80' lang='lat' dir='ltr'><strong>exsuscita-</strong></span> 
     </span>
    </p>
   </div>
   <div class='ocr_carea' id='block_1_7' title="bbox 2100 588 3680 664">
    <p class='ocr_par' dir='ltr' id='par_1_7' title="bbox 2100 588 3680 664">
     <span class='ocr_line' id='line_1_7' title="bbox 2100 588 3680 664; baseline -0.003 -17"><span class='ocrx_word' id='word_1_29' title='bbox 2100 610 2191 656; x_wconf 75' lang='grc' dir='ltr'>τος.</span> <span class='ocrx_word' id='word_1_30' title='bbox 2227 592 2495 662; x_wconf 76' lang='grc' dir='ltr'>Κα“ιγοῦν</span> <span class='ocrx_word' id='word_1_31' title='bbox 2540 591 2645 663; x_wconf 75' lang='grc' dir='ltr'>ἔφη</span> <span class='ocrx_word' id='word_1_32' title='bbox 2699 592 2838 664; x_wconf 77' lang='grc' dir='ltr'>πρὸς</span> <span class='ocrx_word' id='word_1_33' title='bbox 2898 590 3206 653; x_wconf 59' lang='grc' dir='ltr'>Ἰουδαίους</span> <span class='ocrx_word' id='word_1_34' title='bbox 3248 609 3268 643; x_wconf 79' lang='lat' dir='ltr'><strong>t</strong></span> <span class='ocrx_word' id='word_1_35' title='bbox 3322 588 3535 643; x_wconf 81' lang='grc' dir='ltr'><strong>Λύσατε</strong></span> <span class='ocrx_word' id='word_1_36' title='bbox 3584 588 3680 643; x_wconf 77' lang='grc' dir='ltr'>τὸν</span> 
     </span>
    </p>
   </div>
   <div class='ocr_carea' id='block_1_8' title="bbox 391 679 2039 748">
    <p class='ocr_par' dir='ltr' id='par_1_8' title="bbox 391 679 2039 748">
     <span class='ocr_line' id='line_1_8' title="bbox 391 679 2039 748; baseline 0.002 -14"><span class='ocrx_word' id='word_1_37' title='bbox 391 680 594 734; x_wconf 92' lang='lat' dir='ltr'><strong>tionem</strong></span> <span class='ocrx_word' id='word_1_38' title='bbox 620 694 727 733; x_wconf 92' lang='lat' dir='ltr'><strong>non</strong></span> <span class='ocrx_word' id='word_1_39' title='bbox 757 680 995 734; x_wconf 90' lang='lat' dir='ltr'><strong>otiosum</strong></span> <span class='ocrx_word' id='word_1_40' title='bbox 1018 680 1302 736; x_wconf 81' lang='lat' dir='ltr'><strong>exstitisse</strong></span> <span class='ocrx_word' id='word_1_41' title='bbox 1336 681 1701 748; x_wconf 86' lang='lat' dir='ltr'><strong>inveniemus,</strong></span> <span class='ocrx_word' id='word_1_42' title='bbox 1729 699 1852 737; x_wconf 91' lang='lat' dir='ltr'><strong>nam</strong></span> <span class='ocrx_word' id='word_1_43' title='bbox 1878 682 1977 739; x_wconf 71' lang='grc' dir='ltr'>,Ια-</span> <span class='ocrx_word' id='word_1_44' title='bbox 2022 679 2039 687; x_wconf 83' lang='grc'><strong>“</strong></span> 
     </span>
    </p>
   </div>
   <div class='ocr_carea' id='block_1_9' title="bbox 390 771 1978 843">
    <p class='ocr_par' dir='ltr' id='par_1_9' title="bbox 390 771 1978 843">
     <span class='ocr_line' id='line_1_9' title="bbox 390 771 1978 843; baseline 0 -17"><span class='ocrx_word' id='word_1_45' title='bbox 390 771 540 827; x_wconf 66' lang='lat' dir='ltr'><strong>dicos</strong></span> <span class='ocrx_word' id='word_1_46' title='bbox 565 773 669 826; x_wconf 88' lang='lat' dir='ltr'><strong>hoc</strong></span> <span class='ocrx_word' id='word_1_47' title='bbox 690 773 848 826; x_wconf 88' lang='lat' dir='ltr'><strong>modo</strong></span> <span class='ocrx_word' id='word_1_48' title='bbox 875 771 1142 827; x_wconf 90' lang='lat' dir='ltr'><strong>allocutus</strong></span> <span class='ocrx_word' id='word_1_49' title='bbox 1168 774 1397 843; x_wconf 79' lang='lat' dir='ltr'><strong>legitur:</strong></span> <span class='ocrx_word' id='word_1_50' title='bbox 1438 791 1456 824; x_wconf 74' lang='grc' dir='ltr'>ι</span> <span class='ocrx_word' id='word_1_51' title='bbox 1479 772 1686 829; x_wconf 82' lang='lat' dir='ltr'><strong>Solvite</strong></span> <span class='ocrx_word' id='word_1_52' title='bbox 1721 773 1978 843; x_wconf 89' lang='lat' dir='ltr'><strong>templum</strong></span> 
     </span>
    </p>
   </div>
   <div class='ocr_carea' id='block_1_10' title="bbox 393 863 1977 926">
    <p class='ocr_par' dir='ltr' id='par_1_10' title="bbox 393 863 1977 926">
     <span class='ocr_line' id='line_1_10' title="bbox 393 863 1977 926; baseline 0.002 -9"><span class='ocrx_word' id='word_1_53' title='bbox 393 863 518 926; x_wconf 90' lang='lat' dir='ltr'><strong>hoc,</strong></span> <span class='ocrx_word' id='word_1_54' title='bbox 542 873 598 916; x_wconf 93' lang='lat' dir='ltr'><strong>et</strong></span> <span class='ocrx_word' id='word_1_55' title='bbox 628 865 680 916; x_wconf 90' lang='lat' dir='ltr'><strong>in</strong></span> <span class='ocrx_word' id='word_1_56' title='bbox 725 864 898 919; x_wconf 80' lang='lat' dir='ltr'><strong>tribus</strong></span> <span class='ocrx_word' id='word_1_57' title='bbox 929 865 1119 920; x_wconf 86' lang='lat' dir='ltr'><strong>diebus</strong></span> <span class='ocrx_word' id='word_1_58' title='bbox 1146 864 1396 920; x_wconf 80' lang='lat' dir='ltr'><strong>excitabo</strong></span> <span class='ocrx_word' id='word_1_59' title='bbox 1432 864 1648 920; x_wconf 78' lang='lat' dir='ltr'><strong>illud“.</strong></span> <span class='ocrx_word' id='word_1_60' title='bbox 1684 884 1703 917; x_wconf 81' lang='grc'><strong>›</strong></span> <span class='ocrx_word' id='word_1_61' title='bbox 1742 866 1820 920; x_wconf 81' lang='lat' dir='ltr'><strong>ita</strong></span> <span class='ocrx_word' id='word_1_62' title='bbox 1854 881 1977 920; x_wconf 86' lang='lat' dir='ltr'><strong>cum</strong></span> 
     </span>
    </p>
   </div>
   <div class='ocr_carea' id='block_1_11' title="bbox 391 953 1984 1028">
    <p class='ocr_par' dir='ltr' id='par_1_11' title="bbox 391 953 1984 1028">
     <span class='ocr_line' id='line_1_11' title="bbox 391 953 1984 1028; baseline 0.003 -21"><span class='ocrx_word' id='word_1_63' title='bbox 391 954 581 1007; x_wconf 84' lang='lat' dir='ltr'><strong>beatus</strong></span> <span class='ocrx_word' id='word_1_64' title='bbox 616 953 819 1009; x_wconf 70' lang='lat' dir='ltr'><strong>Paulus</strong></span> <span class='ocrx_word' id='word_1_65' title='bbox 851 957 1069 1021; x_wconf 85' lang='lat' dir='ltr'><strong>doceat,</strong></span> <span class='ocrx_word' id='word_1_66' title='bbox 1105 976 1123 1008; x_wconf 84' lang='lat' dir='ltr'><strong>t</strong></span> <span class='ocrx_word' id='word_1_67' title='bbox 1156 956 1309 1023; x_wconf 84' lang='lat' dir='ltr'><strong>Quod</strong></span> <span class='ocrx_word' id='word_1_68' title='bbox 1347 967 1402 1011; x_wconf 89' lang='lat' dir='ltr'><strong>et</strong></span> <span class='ocrx_word' id='word_1_69' title='bbox 1438 957 1598 1013; x_wconf 88' lang='lat' dir='ltr'><strong>nobis</strong></span> <span class='ocrx_word' id='word_1_70' title='bbox 1636 972 1856 1028; x_wconf 91' lang='lat' dir='ltr'><strong>quoque</strong></span> <span class='ocrx_word' id='word_1_71' title='bbox 1896 973 1984 1011; x_wconf 86' lang='lat' dir='ltr'><strong>re-</strong></span> 
     </span>
    </p>
   </div>
   <div class='ocr_carea' id='block_1_12' title="bbox 391 1046 1983 1119">
    <p class='ocr_par' dir='ltr' id='par_1_12' title="bbox 391 1046 1983 1119">
     <span class='ocr_line' id='line_1_12' title="bbox 391 1046 1983 1119; baseline 0.003 -21"><span class='ocrx_word' id='word_1_72' title='bbox 391 1046 673 1115; x_wconf 89' lang='lat' dir='ltr'><strong>putabitur</strong></span> <span class='ocrx_word' id='word_1_73' title='bbox 737 1048 803 1101; x_wconf 85' lang='lat' dir='ltr'><strong>ad</strong></span> <span class='ocrx_word' id='word_1_74' title='bbox 861 1047 1133 1118; x_wconf 86' lang='lat' dir='ltr'><strong>justitiam</strong></span> <span class='ocrx_word' id='word_1_75' title='bbox 1183 1050 1532 1104; x_wconf 75' lang='lat' dir='ltr'><strong>credentibus</strong></span> <span class='ocrx_word' id='word_1_76' title='bbox 1577 1056 1629 1104; x_wconf 84' lang='lat' dir='ltr'><strong>in</strong></span> <span class='ocrx_word' id='word_1_77' title='bbox 1689 1066 1836 1117; x_wconf 89' lang='lat' dir='ltr'><strong>eum,</strong></span> <span class='ocrx_word' id='word_1_78' title='bbox 1889 1050 1983 1119; x_wconf 85' lang='lat' dir='ltr'><strong>qui</strong></span> 
     </span>
    </p>
   </div>
   <div class='ocr_carea' id='block_1_13' title="bbox 393 1139 1982 1209">
    <p class='ocr_par' dir='ltr' id='par_1_13' title="bbox 393 1139 1982 1209">
     <span class='ocr_line' id='line_1_13' title="bbox 393 1139 1982 1209; baseline 0.003 -18"><span class='ocrx_word' id='word_1_79' title='bbox 393 1139 680 1193; x_wconf 76' lang='lat' dir='ltr'><strong>suscitavit</strong></span> <span class='ocrx_word' id='word_1_80' title='bbox 705 1139 890 1194; x_wconf 77' lang='lat' dir='ltr'><strong>Jesum</strong></span> <span class='ocrx_word' id='word_1_81' title='bbox 921 1139 1197 1195; x_wconf 83' lang='lat' dir='ltr'><strong>Christum</strong></span> <span class='ocrx_word' id='word_1_82' title='bbox 1230 1156 1294 1195; x_wconf 75' lang='lat' dir='ltr'><strong>ex</strong></span> <span class='ocrx_word' id='word_1_83' title='bbox 1326 1142 1591 1209; x_wconf 86' lang='lat' dir='ltr'><strong>mortuis;</strong></span> <span class='ocrx_word' id='word_1_84' title='bbox 1614 1160 1633 1193; x_wconf 76' lang='grc' dir='ltr'>ι</span> <span class='ocrx_word' id='word_1_85' title='bbox 1670 1157 1775 1197; x_wconf 91' lang='lat' dir='ltr'><strong>non</strong></span> <span class='ocrx_word' id='word_1_86' title='bbox 1807 1140 1982 1198; x_wconf 88' lang='lat' dir='ltr'><strong>solum</strong></span> 
     </span>
    </p>
   </div>
   <div class='ocr_carea' id='block_1_14' title="bbox 395 1231 1983 1300">
    <p class='ocr_par' dir='ltr' id='par_1_14' title="bbox 395 1231 1983 1300">
     <span class='ocr_line' id='line_1_14' title="bbox 395 1231 1983 1300; baseline 0.004 -15"><span class='ocrx_word' id='word_1_87' title='bbox 395 1231 447 1285; x_wconf 92' lang='lat' dir='ltr'><strong>in</strong></span> <span class='ocrx_word' id='word_1_88' title='bbox 481 1231 647 1287; x_wconf 88' lang='lat' dir='ltr'><strong>Deum</strong></span> <span class='ocrx_word' id='word_1_89' title='bbox 677 1232 892 1287; x_wconf 84' lang='lat' dir='ltr'><strong>Patrem</strong></span> <span class='ocrx_word' id='word_1_90' title='bbox 918 1235 1274 1300; x_wconf 81' lang='lat' dir='ltr'><strong>credidimus,</strong></span> <span class='ocrx_word' id='word_1_91' title='bbox 1293 1235 1387 1290; x_wconf 80' lang='lat' dir='ltr'><strong>sed</strong></span> <span class='ocrx_word' id='word_1_92' title='bbox 1414 1236 1577 1290; x_wconf 89' lang='lat' dir='ltr'><strong>etiam</strong></span> <span class='ocrx_word' id='word_1_93' title='bbox 1606 1235 1659 1290; x_wconf 92' lang='lat' dir='ltr'><strong>in</strong></span> <span class='ocrx_word' id='word_1_94' title='bbox 1693 1235 1983 1291; x_wconf 91' lang='lat' dir='ltr'><strong>Dominum</strong></span> 
     </span>
    </p>
   </div>
   <div class='ocr_carea' id='block_1_15' title="bbox 395 1322 1988 1399">
    <p class='ocr_par' dir='ltr' id='par_1_15' title="bbox 395 1322 1988 1399">
     <span class='ocr_line' id='line_1_15' title="bbox 395 1322 1988 1399; baseline 0.004 -22"><span class='ocrx_word' id='word_1_95' title='bbox 395 1334 641 1377; x_wconf 88' lang='lat' dir='ltr'><strong>nostrum</strong></span> <span class='ocrx_word' id='word_1_96' title='bbox 704 1322 891 1380; x_wconf 80' lang='lat' dir='ltr'><strong>Jesum</strong></span> <span class='ocrx_word' id='word_1_97' title='bbox 946 1324 1251 1383; x_wconf 88' lang='lat' dir='ltr'><strong>Christum.</strong></span> <span class='ocrx_word' id='word_1_98' title='bbox 1292 1326 1432 1395; x_wconf 83' lang='lat' dir='ltr'><strong>Quin</strong></span> <span class='ocrx_word' id='word_1_99' title='bbox 1492 1336 1548 1383; x_wconf 87' lang='lat' dir='ltr'><strong>et</strong></span> <span class='ocrx_word' id='word_1_100' title='bbox 1591 1327 1723 1383; x_wconf 90' lang='lat' dir='ltr'><strong>illud</strong></span> <span class='ocrx_word' id='word_1_101' title='bbox 1770 1342 1988 1399; x_wconf 87' lang='lat' dir='ltr'><strong>quoque</strong></span> 
     </span>
    </p>
   </div>
   <div class='ocr_carea' id='block_1_16' title="bbox 394 1415 1990 1491">
    <p class='ocr_par' dir='ltr' id='par_1_16' title="bbox 394 1415 1990 1491">
     <span class='ocr_line' id='line_1_16' title="bbox 394 1415 1990 1491; baseline 0.008 -25"><span class='ocrx_word' id='word_1_102' title='bbox 394 1415 819 1482; x_wconf 78' lang='lat' dir='ltr'><strong>observandum,</strong></span> <span class='ocrx_word' id='word_1_103' title='bbox 866 1425 925 1472; x_wconf 92' lang='lat' dir='ltr'><strong>ut</strong></span> <span class='ocrx_word' id='word_1_104' title='bbox 972 1418 1232 1488; x_wconf 85' lang='lat' dir='ltr'><strong>arbitror,</strong></span> <span class='ocrx_word' id='word_1_105' title='bbox 1268 1415 1370 1476; x_wconf 80' lang='lat' dir='ltr'><strong>lioc</strong></span> <span class='ocrx_word' id='word_1_106' title='bbox 1414 1420 1534 1476; x_wconf 91' lang='lat' dir='ltr'><strong>loco</strong></span> <span class='ocrx_word' id='word_1_107' title='bbox 1583 1421 1745 1485; x_wconf 86' lang='lat' dir='ltr'><strong>venit,</strong></span> <span class='ocrx_word' id='word_1_108' title='bbox 1792 1436 1990 1491; x_wconf 89' lang='lat' dir='ltr'><strong>nempe</strong></span> 
     </span>
    </p>
   </div>
   <div class='ocr_carea' id='block_1_17' title="bbox 400 1504 1993 1587">
    <p class='ocr_par' dir='ltr' id='par_1_17' title="bbox 400 1504 1993 1587">
     <span class='ocr_line' id='line_1_17' title="bbox 400 1504 1993 1587; baseline 0.006 -27"><span class='ocrx_word' id='word_1_109' title='bbox 400 1504 771 1575; x_wconf 79' lang='lat' dir='ltr'><strong>Unigenitum,</strong></span> <span class='ocrx_word' id='word_1_110' title='bbox 811 1508 1083 1565; x_wconf 89' lang='lat' dir='ltr'><strong>hominem</strong></span> <span class='ocrx_word' id='word_1_111' title='bbox 1118 1510 1346 1587; x_wconf 75' lang='lat' dir='ltr'><strong>factum,</strong></span> <span class='ocrx_word' id='word_1_112' title='bbox 1386 1522 1617 1569; x_wconf 86' lang='lat' dir='ltr'><strong>mortem</strong></span> <span class='ocrx_word' id='word_1_113' title='bbox 1651 1514 1871 1584; x_wconf 87' lang='lat' dir='ltr'><strong>quidem</strong></span> <span class='ocrx_word' id='word_1_114' title='bbox 1902 1526 1993 1570; x_wconf 44' lang='lat' dir='ltr'><strong>se;</strong></span> 
     </span>
    </p>
   </div>
   <div class='ocr_carea' id='block_1_18' title="bbox 395 1598 1992 1673">
    <p class='ocr_par' dir='ltr' id='par_1_18' title="bbox 395 1598 1992 1673">
     <span class='ocr_line' id='line_1_18' title="bbox 395 1598 1992 1673; baseline 0.008 -23"><span class='ocrx_word' id='word_1_115' title='bbox 395 1598 630 1651; x_wconf 89' lang='lat' dir='ltr'><strong>cundum</strong></span> <span class='ocrx_word' id='word_1_116' title='bbox 689 1614 913 1656; x_wconf 88' lang='lat' dir='ltr'><strong>carnem</strong></span> <span class='ocrx_word' id='word_1_117' title='bbox 966 1605 1278 1673; x_wconf 90' lang='lat' dir='ltr'><strong>pertulisse,</strong></span> <span class='ocrx_word' id='word_1_118' title='bbox 1311 1606 1362 1661; x_wconf 93' lang='lat' dir='ltr'><strong>vi</strong></span> <span class='ocrx_word' id='word_1_119' title='bbox 1400 1616 1578 1662; x_wconf 89' lang='lat' dir='ltr'><strong>tamen</strong></span> <span class='ocrx_word' id='word_1_120' title='bbox 1635 1608 1841 1673; x_wconf 79' lang='lat' dir='ltr'><strong>carnis,</strong></span> <span class='ocrx_word' id='word_1_121' title='bbox 1887 1611 1992 1664; x_wconf 89' lang='lat' dir='ltr'><strong>hoc</strong></span> 
     </span>
    </p>
   </div>
   <div class='ocr_carea' id='block_1_19' title="bbox 396 1688 1992 1765">
    <p class='ocr_par' dir='ltr' id='par_1_19' title="bbox 396 1688 1992 1765">
     <span class='ocr_line' id='line_1_19' title="bbox 396 1688 1992 1765; baseline 0.008 -21"><span class='ocrx_word' id='word_1_122' title='bbox 396 1696 483 1744; x_wconf 83' lang='lat' dir='ltr'><strong>est</strong></span> <span class='ocrx_word' id='word_1_123' title='bbox 516 1688 892 1759; x_wconf 84' lang='lat' dir='ltr'><strong>humanitatis,</strong></span> <span class='ocrx_word' id='word_1_124' title='bbox 948 1697 1264 1765; x_wconf 84' lang='lat' dir='ltr'><strong>neutiquam</strong></span> <span class='ocrx_word' id='word_1_125' title='bbox 1301 1699 1589 1765; x_wconf 76' lang='lat' dir='ltr'><strong>revixisse,</strong></span> <span class='ocrx_word' id='word_1_126' title='bbox 1639 1700 1735 1755; x_wconf 85' lang='lat' dir='ltr'><strong>sed</strong></span> <span class='ocrx_word' id='word_1_127' title='bbox 1791 1700 1992 1756; x_wconf 90' lang='lat' dir='ltr'><strong>virtute</strong></span> 
     </span>
    </p>
   </div>
   <div class='ocr_carea' id='block_1_20' title="bbox 398 1782 1992 1862">
    <p class='ocr_par' dir='ltr' id='par_1_20' title="bbox 398 1782 1992 1862">
     <span class='ocr_line' id='line_1_20' title="bbox 398 1782 1992 1862; baseline 0.006 -25"><span class='ocrx_word' id='word_1_128' title='bbox 398 1782 634 1847; x_wconf 86' lang='lat' dir='ltr'><strong>deitatis,</strong></span> <span class='ocrx_word' id='word_1_129' title='bbox 665 1801 685 1835; x_wconf 88' lang='grc'><em>‹</em></span> <span class='ocrx_word' id='word_1_130' title='bbox 711 1799 831 1854; x_wconf 82' lang='lat' dir='ltr'><strong>quae</strong></span> <span class='ocrx_word' id='word_1_131' title='bbox 876 1786 1120 1844; x_wconf 76' lang='lat' dir='ltr'><strong>viviﬁcat</strong></span> <span class='ocrx_word' id='word_1_132' title='bbox 1176 1802 1441 1856; x_wconf 88' lang='lat' dir='ltr'><strong>mortuos,</strong></span> <span class='ocrx_word' id='word_1_133' title='bbox 1473 1801 1529 1846; x_wconf 90' lang='lat' dir='ltr'><strong>et</strong></span> <span class='ocrx_word' id='word_1_134' title='bbox 1565 1802 1727 1847; x_wconf 90' lang='lat' dir='ltr'><strong>vocat</strong></span> <span class='ocrx_word' id='word_1_135' title='bbox 1764 1806 1828 1846; x_wconf 85' lang='lat' dir='ltr'><strong>ea</strong></span> <span class='ocrx_word' id='word_1_136' title='bbox 1870 1807 1992 1862; x_wconf 72' lang='lat' dir='ltr'><strong>quae</strong></span> 
     </span>
    </p>
   </div>
   <div class='ocr_carea' id='block_1_21' title="bbox 399 1881 1987 1952">
    <p class='ocr_par' dir='ltr' id='par_1_21' title="bbox 399 1881 1987 1952">
     <span class='ocr_line' id='line_1_21' title="bbox 399 1881 1987 1952; baseline 0.008 -27"><span class='ocrx_word' id='word_1_137' title='bbox 399 1887 506 1926; x_wconf 89' lang='lat' dir='ltr'><strong>non</strong></span> <span class='ocrx_word' id='word_1_138' title='bbox 555 1883 700 1939; x_wconf 89' lang='lat' dir='ltr'><strong>sunt,</strong></span> <span class='ocrx_word' id='word_1_139' title='bbox 746 1885 1002 1947; x_wconf 86' lang='lat' dir='ltr'><strong>tanquam</strong></span> <span class='ocrx_word' id='word_1_140' title='bbox 1037 1892 1097 1932; x_wconf 92' lang='lat' dir='ltr'><strong>ea</strong></span> <span class='ocrx_word' id='word_1_141' title='bbox 1141 1895 1263 1949; x_wconf 65' lang='lat' dir='ltr'><strong>qua:</strong></span> <span class='ocrx_word' id='word_1_142' title='bbox 1308 1881 1521 1936; x_wconf 77' lang='lat' dir='ltr'><strong>sunt&quot;.</strong></span> <span class='ocrx_word' id='word_1_143' title='bbox 1560 1899 1579 1933; x_wconf 71' lang='grc' dir='ltr'>ι</span> <span class='ocrx_word' id='word_1_144' title='bbox 1635 1882 1754 1952; x_wconf 86' lang='lat' dir='ltr'><strong>Ipsa</strong></span> <span class='ocrx_word' id='word_1_145' title='bbox 1802 1883 1987 1951; x_wconf 87' lang='lat' dir='ltr'><strong>itaque</strong></span> 
     </span>
    </p>
   </div>
   <div class='ocr_carea' id='block_1_22' title="bbox 397 1964 1990 2041">
    <p class='ocr_par' dir='ltr' id='par_1_22' title="bbox 397 1964 1990 2041">
     <span class='ocr_line' id='line_1_22' title="bbox 397 1964 1990 2041; baseline 0.008 -25"><span class='ocrx_word' id='word_1_146' title='bbox 397 1964 692 2019; x_wconf 80' lang='lat' dir='ltr'><strong>viviﬂcatio</strong></span> <span class='ocrx_word' id='word_1_147' title='bbox 734 1982 840 2022; x_wconf 91' lang='lat' dir='ltr'><strong>non</strong></span> <span class='ocrx_word' id='word_1_148' title='bbox 894 1968 962 2023; x_wconf 89' lang='lat' dir='ltr'><strong>ad</strong></span> <span class='ocrx_word' id='word_1_149' title='bbox 1010 1971 1185 2039; x_wconf 89' lang='lat' dir='ltr'><strong>ipsam</strong></span> <span class='ocrx_word' id='word_1_150' title='bbox 1234 1974 1485 2041; x_wconf 89' lang='lat' dir='ltr'><strong>corporis</strong></span> <span class='ocrx_word' id='word_1_151' title='bbox 1538 1983 1813 2038; x_wconf 91' lang='lat' dir='ltr'><strong>naturam,</strong></span> <span class='ocrx_word' id='word_1_152' title='bbox 1864 1976 1990 2030; x_wconf 83' lang='lat' dir='ltr'><strong>licet</strong></span> 
     </span>
    </p>
   </div>
   <div class='ocr_carea' id='block_1_23' title="bbox 400 2055 1988 2135">
    <p class='ocr_par' dir='ltr' id='par_1_23' title="bbox 400 2055 1988 2135">
     <span class='ocr_line' id='line_1_23' title="bbox 400 2055 1988 2135; baseline 0.007 -25"><span class='ocrx_word' id='word_1_153' title='bbox 400 2055 532 2110; x_wconf 91' lang='lat' dir='ltr'><strong>illud</strong></span> <span class='ocrx_word' id='word_1_154' title='bbox 564 2055 745 2113; x_wconf 85' lang='lat' dir='ltr'><strong>Verbo</strong></span> <span class='ocrx_word' id='word_1_155' title='bbox 767 2074 832 2116; x_wconf 80' lang='lat' dir='ltr'><strong>ex</strong></span> <span class='ocrx_word' id='word_1_156' title='bbox 865 2060 973 2117; x_wconf 91' lang='lat' dir='ltr'><strong>Deo</strong></span> <span class='ocrx_word' id='word_1_157' title='bbox 1012 2064 1198 2133; x_wconf 80' lang='lat' dir='ltr'><strong>genito</strong></span> <span class='ocrx_word' id='word_1_158' title='bbox 1228 2066 1505 2135; x_wconf 84' lang='lat' dir='ltr'><strong>preprinm</strong></span> <span class='ocrx_word' id='word_1_159' title='bbox 1552 2067 1847 2132; x_wconf 78' lang='lat' dir='ltr'><strong>exstiterit,</strong></span> <span class='ocrx_word' id='word_1_160' title='bbox 1893 2066 1988 2121; x_wconf 90' lang='lat' dir='ltr'><strong>sed</strong></span> 
     </span>
    </p>
   </div>
   <div class='ocr_carea' id='block_1_24' title="bbox 398 2149 1993 2226">
    <p class='ocr_par' dir='ltr' id='par_1_24' title="bbox 398 2149 1993 2226">
     <span class='ocr_line' id='line_1_24' title="bbox 398 2149 1993 2226; baseline 0.009 -26"><span class='ocrx_word' id='word_1_161' title='bbox 398 2149 582 2218; x_wconf 83' lang='lat' dir='ltr'><strong>potius</strong></span> <span class='ocrx_word' id='word_1_162' title='bbox 606 2151 672 2205; x_wconf 83' lang='lat' dir='ltr'><strong>ad</strong></span> <span class='ocrx_word' id='word_1_163' title='bbox 696 2168 1007 2222; x_wconf 84' lang='lat' dir='ltr'><strong>supremam</strong></span> <span class='ocrx_word' id='word_1_164' title='bbox 1039 2156 1186 2210; x_wconf 82' lang='lat' dir='ltr'><strong>illam</strong></span> <span class='ocrx_word' id='word_1_165' title='bbox 1214 2158 1491 2223; x_wconf 82' lang='lat' dir='ltr'><strong>virtutem,</strong></span> <span class='ocrx_word' id='word_1_166' title='bbox 1513 2159 1617 2213; x_wconf 91' lang='lat' dir='ltr'><strong>hoc</strong></span> <span class='ocrx_word' id='word_1_167' title='bbox 1645 2169 1749 2226; x_wconf 90' lang='lat' dir='ltr'><strong>est,</strong></span> <span class='ocrx_word' id='word_1_168' title='bbox 1769 2160 1837 2213; x_wconf 87' lang='lat' dir='ltr'><strong>ad</strong></span> <span class='ocrx_word' id='word_1_169' title='bbox 1871 2174 1993 2214; x_wconf 85' lang='lat' dir='ltr'><strong>eam</strong></span> 
     </span>
    </p>
   </div>
   <div class='ocr_carea' id='block_1_25' title="bbox 401 2243 1993 2318">
    <p class='ocr_par' dir='ltr' id='par_1_25' title="bbox 401 2243 1993 2318">
     <span class='ocr_line' id='line_1_25' title="bbox 401 2243 1993 2318; baseline 0.008 -28"><span class='ocrx_word' id='word_1_170' title='bbox 401 2247 654 2294; x_wconf 87' lang='lat' dir='ltr'><strong>naturam</strong></span> <span class='ocrx_word' id='word_1_171' title='bbox 701 2243 824 2310; x_wconf 88' lang='lat' dir='ltr'><strong>jure</strong></span> <span class='ocrx_word' id='word_1_172' title='bbox 882 2246 1079 2301; x_wconf 88' lang='lat' dir='ltr'><strong>merito</strong></span> <span class='ocrx_word' id='word_1_173' title='bbox 1132 2246 1417 2302; x_wconf 80' lang='lat' dir='ltr'><strong>referenda</strong></span> <span class='ocrx_word' id='word_1_174' title='bbox 1455 2259 1559 2313; x_wconf 87' lang='lat' dir='ltr'><strong>est,</strong></span> <span class='ocrx_word' id='word_1_175' title='bbox 1619 2264 1737 2318; x_wconf 83' lang='lat' dir='ltr'><strong>quae</strong></span> <span class='ocrx_word' id='word_1_176' title='bbox 1775 2264 1993 2305; x_wconf 87' lang='lat' dir='ltr'><strong>omnem</strong></span> 
     </span>
    </p>
   </div>
   <div class='ocr_carea' id='block_1_26' title="bbox 401 2333 1995 2409">
    <p class='ocr_par' dir='ltr' id='par_1_26' title="bbox 401 2333 1995 2409">
     <span class='ocr_line' id='line_1_26' title="bbox 401 2333 1995 2409; baseline 0.007 -25"><span class='ocrx_word' id='word_1_177' title='bbox 401 2333 616 2386; x_wconf 83' lang='lat' dir='ltr'><strong>excedit</strong></span> <span class='ocrx_word' id='word_1_178' title='bbox 663 2346 996 2404; x_wconf 87' lang='lat' dir='ltr'><strong>creaturam,</strong></span> <span class='ocrx_word' id='word_1_179' title='bbox 1040 2339 1183 2393; x_wconf 84' lang='lat' dir='ltr'><strong>sicut</strong></span> <span class='ocrx_word' id='word_1_180' title='bbox 1230 2340 1283 2394; x_wconf 92' lang='lat' dir='ltr'><strong>in</strong></span> <span class='ocrx_word' id='word_1_181' title='bbox 1332 2355 1560 2409; x_wconf 91' lang='lat' dir='ltr'><strong>persona</strong></span> <span class='ocrx_word' id='word_1_182' title='bbox 1614 2340 1710 2396; x_wconf 91' lang='lat' dir='ltr'><strong>Dei</strong></span> <span class='ocrx_word' id='word_1_183' title='bbox 1778 2341 1995 2408; x_wconf 81' lang='lat' dir='ltr'><strong>Patris,</strong></span> 
     </span>
    </p>
   </div>
   <div class='ocr_carea' id='block_1_27' title="bbox 402 2428 2001 2505">
    <p class='ocr_par' dir='ltr' id='par_1_27' title="bbox 402 2428 2001 2505">
     <span class='ocr_line' id='line_1_27' title="bbox 402 2428 2001 2505; baseline 0.007 -28"><span class='ocrx_word' id='word_1_184' title='bbox 402 2438 468 2477; x_wconf 82' lang='lat' dir='ltr'><strong>ex</strong></span> <span class='ocrx_word' id='word_1_185' title='bbox 509 2438 619 2494; x_wconf 91' lang='lat' dir='ltr'><strong>quo</strong></span> <span class='ocrx_word' id='word_1_186' title='bbox 652 2428 833 2495; x_wconf 89' lang='lat' dir='ltr'><strong>prodit</strong></span> <span class='ocrx_word' id='word_1_187' title='bbox 871 2429 1044 2487; x_wconf 88' lang='lat' dir='ltr'><strong>Filius</strong></span> <span class='ocrx_word' id='word_1_188' title='bbox 1069 2445 1167 2499; x_wconf 88' lang='lat' dir='ltr'><strong>per</strong></span> <span class='ocrx_word' id='word_1_189' title='bbox 1194 2433 1377 2487; x_wconf 89' lang='lat' dir='ltr'><strong>omnia</strong></span> <span class='ocrx_word' id='word_1_190' title='bbox 1411 2433 1485 2488; x_wconf 90' lang='lat' dir='ltr'><strong>illi</strong></span> <span class='ocrx_word' id='word_1_191' title='bbox 1533 2434 1756 2505; x_wconf 66' lang='lat' dir='ltr'><strong>wqualis</strong></span> <span class='ocrx_word' id='word_1_192' title='bbox 1783 2446 1838 2489; x_wconf 91' lang='lat' dir='ltr'><strong>et</strong></span> <span class='ocrx_word' id='word_1_193' title='bbox 1866 2451 2001 2490; x_wconf 88' lang='lat' dir='ltr'><strong>con-</strong></span> 
     </span>
    </p>
   </div>
   <div class='ocr_carea' id='block_1_28' title="bbox 407 2517 2000 2595">
    <p class='ocr_par' dir='ltr' id='par_1_28' title="bbox 407 2517 2000 2595">
     <span class='ocr_line' id='line_1_28' title="bbox 407 2517 2000 2595; baseline 0.008 -27"><span class='ocrx_word' id='word_1_194' title='bbox 407 2517 820 2584; x_wconf 57' lang='lat' dir='ltr'><strong>substantialis,</strong></span> <span class='ocrx_word' id='word_1_195' title='bbox 848 2525 1097 2589; x_wconf 86' lang='lat' dir='ltr'><strong>procedit</strong></span> <span class='ocrx_word' id='word_1_196' title='bbox 1136 2537 1317 2579; x_wconf 82' lang='lat' dir='ltr'><strong>autem</strong></span> <span class='ocrx_word' id='word_1_197' title='bbox 1359 2540 1456 2594; x_wconf 89' lang='lat' dir='ltr'><strong>per</strong></span> <span class='ocrx_word' id='word_1_198' title='bbox 1482 2535 1743 2595; x_wconf 88' lang='lat' dir='ltr'><strong>utrosque</strong></span> <span class='ocrx_word' id='word_1_199' title='bbox 1774 2538 1829 2581; x_wconf 90' lang='lat' dir='ltr'><strong>et</strong></span> <span class='ocrx_word' id='word_1_200' title='bbox 1863 2526 2000 2581; x_wconf 85' lang='lat' dir='ltr'><strong>vivi-</strong></span> 
     </span>
    </p>
   </div>
   <div class='ocr_carea' id='block_1_29' title="bbox 404 2606 2002 2686">
    <p class='ocr_par' dir='ltr' id='par_1_29' title="bbox 404 2606 2002 2686">
     <span class='ocr_line' id='line_1_29' title="bbox 404 2606 2002 2686; baseline 0.006 -23"><span class='ocrx_word' id='word_1_201' title='bbox 404 2606 543 2663; x_wconf 79' lang='lat' dir='ltr'><strong>ﬁcus</strong></span> <span class='ocrx_word' id='word_1_202' title='bbox 572 2623 790 2677; x_wconf 82' lang='lat' dir='ltr'><strong>quoque</strong></span> <span class='ocrx_word' id='word_1_203' title='bbox 822 2612 1079 2681; x_wconf 84' lang='lat' dir='ltr'><strong>Spiritus.</strong></span> <span class='ocrx_word' id='word_1_204' title='bbox 1108 2615 1273 2669; x_wconf 81' lang='lat' dir='ltr'><strong>Addit</strong></span> <span class='ocrx_word' id='word_1_205' title='bbox 1321 2630 1488 2685; x_wconf 91' lang='lat' dir='ltr'><strong>porro</strong></span> <span class='ocrx_word' id='word_1_206' title='bbox 1554 2617 1829 2671; x_wconf 86' lang='lat' dir='ltr'><strong>Christum</strong></span> <span class='ocrx_word' id='word_1_207' title='bbox 1879 2633 2002 2686; x_wconf 86' lang='lat' dir='ltr'><strong>pro-</strong></span> 
     </span>
    </p>
   </div>
   <div class='ocr_carea' id='block_1_30' title="bbox 408 2700 1999 2779">
    <p class='ocr_par' dir='ltr' id='par_1_30' title="bbox 408 2700 1999 2779">
     <span class='ocr_line' id='line_1_30' title="bbox 408 2700 1999 2779; baseline 0.008 -28"><span class='ocrx_word' id='word_1_208' title='bbox 408 2711 529 2767; x_wconf 86' lang='lat' dir='ltr'><strong>pter</strong></span> <span class='ocrx_word' id='word_1_209' title='bbox 566 2700 763 2755; x_wconf 84' lang='lat' dir='ltr'><strong>delicta</strong></span> <span class='ocrx_word' id='word_1_210' title='bbox 796 2713 978 2757; x_wconf 90' lang='lat' dir='ltr'><strong>nostra</strong></span> <span class='ocrx_word' id='word_1_211' title='bbox 1014 2705 1272 2759; x_wconf 89' lang='lat' dir='ltr'><strong>traditum</strong></span> <span class='ocrx_word' id='word_1_212' title='bbox 1303 2721 1459 2773; x_wconf 87' lang='lat' dir='ltr'><strong>esse;</strong></span> <span class='ocrx_word' id='word_1_213' title='bbox 1499 2719 1722 2779; x_wconf 82' lang='lat' dir='ltr'><strong>propter</strong></span> <span class='ocrx_word' id='word_1_214' title='bbox 1754 2719 1999 2763; x_wconf 89' lang='lat' dir='ltr'><strong>nostram</strong></span> 
     </span>
    </p>
   </div>
   <div class='ocr_carea' id='block_1_31' title="bbox 408 2790 2002 2865">
    <p class='ocr_par' dir='ltr' id='par_1_31' title="bbox 408 2790 2002 2865">
     <span class='ocr_line' id='line_1_31' title="bbox 408 2790 2002 2865; baseline 0.006 -19"><span class='ocrx_word' id='word_1_215' title='bbox 408 2799 588 2847; x_wconf 86' lang='lat' dir='ltr'><strong>autem</strong></span> <span class='ocrx_word' id='word_1_216' title='bbox 615 2790 1068 2860; x_wconf 76' lang='lat' dir='ltr'><strong>iustiﬁcationetn</strong></span> <span class='ocrx_word' id='word_1_217' title='bbox 1091 2800 1512 2853; x_wconf 79' lang='lat' dir='ltr'><strong>exsuscitatum.</strong></span> <span class='ocrx_word' id='word_1_218' title='bbox 1533 2798 2002 2865; x_wconf 87' lang='lat' dir='ltr'><strong>Quemadmodum</strong></span> 
     </span>
    </p>
   </div>
   <div class='ocr_carea' id='block_1_32' title="bbox 408 2881 2003 2962">
    <p class='ocr_par' dir='ltr' id='par_1_32' title="bbox 408 2881 2003 2962">
     <span class='ocr_line' id='line_1_32' title="bbox 408 2881 2003 2962; baseline 0.006 -25"><span class='ocrx_word' id='word_1_219' title='bbox 408 2881 552 2938; x_wconf 90' lang='lat' dir='ltr'><strong>enim</strong></span> <span class='ocrx_word' id='word_1_220' title='bbox 594 2884 794 2939; x_wconf 81' lang='lat' dir='ltr'><strong>factum</strong></span> <span class='ocrx_word' id='word_1_221' title='bbox 839 2895 924 2942; x_wconf 83' lang='lat' dir='ltr'><strong>est.</strong></span> <span class='ocrx_word' id='word_1_222' title='bbox 967 2897 1026 2942; x_wconf 82' lang='grc' dir='ltr'><strong>ιιι</strong></span> <span class='ocrx_word' id='word_1_223' title='bbox 1075 2890 1402 2958; x_wconf 73' lang='grc' dir='ltr'>ἱρεε,ιιοειι·ί</span> <span class='ocrx_word' id='word_1_224' title='bbox 1440 2907 1603 2946; x_wconf 83' lang='lat' dir='ltr'><strong>causa</strong></span> <span class='ocrx_word' id='word_1_225' title='bbox 1654 2892 1706 2945; x_wconf 90' lang='lat' dir='ltr'><strong>in</strong></span> <span class='ocrx_word' id='word_1_226' title='bbox 1784 2893 2003 2962; x_wconf 82' lang='lat' dir='ltr'><strong>propria</strong></span> 
     </span>
    </p>
   </div>
   <div class='ocr_carea' id='block_1_33' title="bbox 413 2983 2004 3053">
    <p class='ocr_par' dir='ltr' id='par_1_33' title="bbox 413 2983 2004 3053">
     <span class='ocr_line' id='line_1_33' title="bbox 413 2983 2004 3053; baseline 0.006 -24"><span class='ocrx_word' id='word_1_227' title='bbox 413 2988 582 3029; x_wconf 87' lang='lat' dir='ltr'><strong>carne</strong></span> <span class='ocrx_word' id='word_1_228' title='bbox 626 2988 859 3031; x_wconf 91' lang='lat' dir='ltr'><strong>mortem</strong></span> <span class='ocrx_word' id='word_1_229' title='bbox 907 2989 1214 3048; x_wconf 86' lang='lat' dir='ltr'><strong>pateretur,</strong></span> <span class='ocrx_word' id='word_1_230' title='bbox 1247 2997 1357 3052; x_wconf 90' lang='lat' dir='ltr'><strong>quo</strong></span> <span class='ocrx_word' id='word_1_231' title='bbox 1389 2983 1581 3037; x_wconf 89' lang='lat' dir='ltr'><strong>mortis</strong></span> <span class='ocrx_word' id='word_1_232' title='bbox 1626 2983 1914 3053; x_wconf 88' lang='lat' dir='ltr'><strong>imperium</strong></span> <span class='ocrx_word' id='word_1_233' title='bbox 1951 2983 2004 3037; x_wconf 91' lang='lat' dir='ltr'><strong>in</strong></span> 
     </span>
    </p>
   </div>
   <div class='ocr_carea' id='block_1_34' title="bbox 411 3069 2006 3137">
    <p class='ocr_par' dir='ltr' id='par_1_34' title="bbox 411 3069 2006 3137">
     <span class='ocr_line' id='line_1_34' title="bbox 411 3069 2006 3137; baseline 0.008 -17"><span class='ocrx_word' id='word_1_234' title='bbox 411 3077 687 3137; x_wconf 89' lang='lat' dir='ltr'><strong>posterum</strong></span> <span class='ocrx_word' id='word_1_235' title='bbox 737 3069 1186 3127; x_wconf 87' lang='lat' dir='ltr'><strong>dissolveretur:</strong></span> <span class='ocrx_word' id='word_1_236' title='bbox 1236 3076 1317 3129; x_wconf 90' lang='lat' dir='ltr'><strong>sic</strong></span> <span class='ocrx_word' id='word_1_237' title='bbox 1370 3091 1584 3131; x_wconf 91' lang='lat' dir='ltr'><strong>rursum</strong></span> <span class='ocrx_word' id='word_1_238' title='bbox 1626 3080 1802 3131; x_wconf 87' lang='lat' dir='ltr'><strong>nostri</strong></span> <span class='ocrx_word' id='word_1_239' title='bbox 1842 3092 2006 3132; x_wconf 82' lang='lat' dir='ltr'><strong>causa</strong></span> 
     </span>
    </p>
   </div>
   <div class='ocr_carea' id='block_1_35' title="bbox 415 3158 2003 3236">
    <p class='ocr_par' dir='ltr' id='par_1_35' title="bbox 415 3158 2003 3236">
     <span class='ocr_line' id='line_1_35' title="bbox 415 3158 2003 3236; baseline 0.006 -23"><span class='ocrx_word' id='word_1_240' title='bbox 415 3158 646 3226; x_wconf 77' lang='lat' dir='ltr'><strong>revixit,</strong></span> <span class='ocrx_word' id='word_1_241' title='bbox 701 3161 986 3234; x_wconf 77' lang='lat' dir='ltr'><strong>eulpisque</strong></span> <span class='ocrx_word' id='word_1_242' title='bbox 1047 3166 1513 3234; x_wconf 66' lang='lat' dir='ltr'><strong>praevaricationis</strong></span> <span class='ocrx_word' id='word_1_243' title='bbox 1558 3168 1688 3222; x_wconf 75' lang='lat' dir='ltr'><strong>Adze</strong></span> <span class='ocrx_word' id='word_1_244' title='bbox 1747 3168 2003 3236; x_wconf 79' lang='lat' dir='ltr'><strong>abolitis,</strong></span> 
     </span>
    </p>
   </div>
   <div class='ocr_carea' id='block_1_36' title="bbox 414 3251 2002 3330">
    <p class='ocr_par' dir='ltr' id='par_1_36' title="bbox 414 3251 2002 3330">
     <span class='ocr_line' id='line_1_36' title="bbox 414 3251 2002 3330; baseline 0.007 -25"><span class='ocrx_word' id='word_1_245' title='bbox 414 3251 652 3307; x_wconf 83' lang='lat' dir='ltr'><strong>reditum</strong></span> <span class='ocrx_word' id='word_1_246' title='bbox 690 3255 845 3311; x_wconf 90' lang='lat' dir='ltr'><strong>nobis</strong></span> <span class='ocrx_word' id='word_1_247' title='bbox 892 3259 958 3312; x_wconf 91' lang='lat' dir='ltr'><strong>ad</strong></span> <span class='ocrx_word' id='word_1_248' title='bbox 996 3257 1464 3315; x_wconf 84' lang='lat' dir='ltr'><strong>immortalitatem</strong></span> <span class='ocrx_word' id='word_1_249' title='bbox 1494 3259 1704 3330; x_wconf 89' lang='lat' dir='ltr'><strong>primus</strong></span> <span class='ocrx_word' id='word_1_250' title='bbox 1743 3261 2002 3316; x_wconf 84' lang='lat' dir='ltr'><strong>ostendit.</strong></span> 
     </span>
    </p>
   </div>
   <div class='ocr_carea' id='block_1_37' title="bbox 413 3340 2006 3422">
    <p class='ocr_par' dir='ltr' id='par_1_37' title="bbox 413 3340 2006 3422">
     <span class='ocr_line' id='line_1_37' title="bbox 413 3340 2006 3422; baseline 0.008 -25"><span class='ocrx_word' id='word_1_251' title='bbox 413 3340 793 3401; x_wconf 75' lang='lat' dir='ltr'><strong>Justiﬁcamur</strong></span> <span class='ocrx_word' id='word_1_252' title='bbox 855 3348 1000 3403; x_wconf 91' lang='lat' dir='ltr'><strong>enim</strong></span> <span class='ocrx_word' id='word_1_253' title='bbox 1057 3365 1156 3418; x_wconf 84' lang='lat' dir='ltr'><strong>per</strong></span> <span class='ocrx_word' id='word_1_254' title='bbox 1210 3351 1519 3416; x_wconf 83' lang='lat' dir='ltr'><strong>Christum,</strong></span> <span class='ocrx_word' id='word_1_255' title='bbox 1571 3354 1811 3422; x_wconf 74' lang='lat' dir='ltr'><strong>antiquae</strong></span> <span class='ocrx_word' id='word_1_256' title='bbox 1862 3353 2006 3410; x_wconf 82' lang='lat' dir='ltr'><strong>illius</strong></span> 
     </span>
    </p>
   </div>
   <div class='ocr_carea' id='block_1_38' title="bbox 415 3434 2002 3521">
    <p class='ocr_par' dir='ltr' id='par_1_38' title="bbox 415 3434 2002 3521">
     <span class='ocr_line' id='line_1_38' title="bbox 415 3434 2002 3521; baseline 0.006 -34"><span class='ocrx_word' id='word_1_257' title='bbox 415 3434 820 3495; x_wconf 84' lang='lat' dir='ltr'><strong>maledictionis</strong></span> <span class='ocrx_word' id='word_1_258' title='bbox 873 3441 980 3494; x_wconf 90' lang='lat' dir='ltr'><strong>vim</strong></span> <span class='ocrx_word' id='word_1_259' title='bbox 1048 3442 1429 3498; x_wconf 87' lang='lat' dir='ltr'><strong>demolientem</strong></span> <span class='ocrx_word' id='word_1_260' title='bbox 1484 3458 1589 3521; x_wconf 81' lang='lat' dir='ltr'><strong>per</strong></span> <span class='ocrx_word' id='word_1_261' title='bbox 1635 3445 2002 3499; x_wconf 80' lang='lat' dir='ltr'><strong>obedientiam</strong></span> 
     </span>
    </p>
   </div>
   <div class='ocr_carea' id='block_1_39' title="bbox 417 3529 2002 3602">
    <p class='ocr_par' dir='ltr' id='par_1_39' title="bbox 417 3529 2002 3602">
     <span class='ocr_line' id='line_1_39' title="bbox 417 3529 2002 3602; baseline 0.007 -23"><span class='ocrx_word' id='word_1_262' title='bbox 417 3529 589 3586; x_wconf 87' lang='lat' dir='ltr'><strong>modis</strong></span> <span class='ocrx_word' id='word_1_263' title='bbox 619 3534 875 3586; x_wconf 87' lang='lat' dir='ltr'><strong>omnibus</strong></span> <span class='ocrx_word' id='word_1_264' title='bbox 909 3535 1227 3602; x_wconf 79' lang='lat' dir='ltr'><strong>perfectam,</strong></span> <span class='ocrx_word' id='word_1_265' title='bbox 1255 3546 1505 3589; x_wconf 87' lang='lat' dir='ltr'><strong>naturam</strong></span> <span class='ocrx_word' id='word_1_266' title='bbox 1545 3552 1673 3591; x_wconf 82' lang='lat' dir='ltr'><strong>vero</strong></span> <span class='ocrx_word' id='word_1_267' title='bbox 1708 3538 2002 3591; x_wconf 85' lang='lat' dir='ltr'><strong>humanam</strong></span> 
     </span>
    </p>
   </div>
   <div class='ocr_carea' id='block_1_40' title="bbox 2080 679 3673 754">
    <p class='ocr_par' dir='ltr' id='par_1_40' title="bbox 2080 679 3673 754">
     <span class='ocr_line' id='line_1_40' title="bbox 2080 679 3673 754; baseline -0.003 -16"><span class='ocrx_word' id='word_1_268' title='bbox 2080 685 2207 738; x_wconf 72' lang='grc' dir='ltr'>ναὸν</span> <span class='ocrx_word' id='word_1_269' title='bbox 2244 684 2456 750; x_wconf 74' lang='grc' dir='ltr'>τοῦτον,</span> <span class='ocrx_word' id='word_1_270' title='bbox 2490 684 2585 736; x_wconf 71' lang='grc' dir='ltr'>καὶ</span> <span class='ocrx_word' id='word_1_271' title='bbox 2614 683 2672 736; x_wconf 89' lang='grc' dir='ltr'><strong>ἐν</strong></span> <span class='ocrx_word' id='word_1_272' title='bbox 2706 683 2886 753; x_wconf 69' lang='grc' dir='ltr'>τρισὶν</span> <span class='ocrx_word' id='word_1_273' title='bbox 2927 681 3165 754; x_wconf 79' lang='grc' dir='ltr'><strong>ἡμέραις</strong></span> <span class='ocrx_word' id='word_1_274' title='bbox 3209 680 3390 752; x_wconf 97' lang='grc' dir='ltr'>ἐγερῶ</span> <span class='ocrx_word' id='word_1_275' title='bbox 3423 679 3606 735; x_wconf 78' lang='grc' dir='ltr'>αὐτόν.</span> <span class='ocrx_word' id='word_1_276' title='bbox 3651 699 3673 733; x_wconf 71' lang='grc' dir='ltr'>ι</span> 
     </span>
    </p>
   </div>
   <div class='ocr_carea' id='block_1_41' title="bbox 2086 770 3677 844">
    <p class='ocr_par' dir='ltr' id='par_1_41' title="bbox 2086 770 3677 844">
     <span class='ocr_line' id='line_1_41' title="bbox 2086 770 3677 844; baseline -0.003 -17"><span class='ocrx_word' id='word_1_277' title='bbox 2086 774 2279 841; x_wconf 81' lang='grc' dir='ltr'>’Λθρει</span> <span class='ocrx_word' id='word_1_278' title='bbox 2313 774 2403 839; x_wconf 85' lang='grc' dir='ltr'>δὲ,</span> <span class='ocrx_word' id='word_1_279' title='bbox 2447 775 2599 837; x_wconf 77' lang='grc' dir='ltr'>ὅπως</span> <span class='ocrx_word' id='word_1_280' title='bbox 2643 772 2740 826; x_wconf 80' lang='grc' dir='ltr'><strong>τοῦ</strong></span> <span class='ocrx_word' id='word_1_281' title='bbox 2789 774 3065 844; x_wconf 81' lang='grc' dir='ltr'>μακαρίου</span> <span class='ocrx_word' id='word_1_282' title='bbox 3119 770 3335 826; x_wconf 88' lang='grc' dir='ltr'>Παύλου</span> <span class='ocrx_word' id='word_1_283' title='bbox 3388 770 3677 839; x_wconf 78' lang='grc' dir='ltr'>λέγοντος’</span> 
     </span>
    </p>
   </div>
   <div class='ocr_carea' id='block_1_42' title="bbox 2091 862 3680 937">
    <p class='ocr_par' dir='ltr' id='par_1_42' title="bbox 2091 862 3680 937">
     <span class='ocr_line' id='line_1_42' title="bbox 2091 862 3680 937; baseline -0.003 -18"><span class='ocrx_word' id='word_1_284' title='bbox 2091 886 2109 919; x_wconf 87' lang='lat' dir='ltr'><strong>t</strong></span> <span class='ocrx_word' id='word_1_285' title='bbox 2163 870 2283 921; x_wconf 79' lang='grc' dir='ltr'><strong>Ὅτι</strong></span> <span class='ocrx_word' id='word_1_286' title='bbox 2323 866 2708 937; x_wconf 74' lang='grc' dir='ltr'><strong>λογισθήσεται</strong></span> <span class='ocrx_word' id='word_1_287' title='bbox 2738 868 2868 937; x_wconf 75' lang='grc' dir='ltr'>ἡμῖν</span> <span class='ocrx_word' id='word_1_288' title='bbox 2920 868 2953 933; x_wconf 81' lang='grc' dir='ltr'><strong>ἡ</strong></span> <span class='ocrx_word' id='word_1_289' title='bbox 2988 866 3173 929; x_wconf 80' lang='grc' dir='ltr'><strong>πίστις</strong></span> <span class='ocrx_word' id='word_1_290' title='bbox 3211 867 3291 930; x_wconf 78' lang='grc' dir='ltr'><strong>εἰς</strong></span> <span class='ocrx_word' id='word_1_291' title='bbox 3332 862 3680 934; x_wconf 87' lang='grc' dir='ltr'>δικαιοσύνην</span> 
     </span>
    </p>
   </div>
   <div class='ocr_carea' id='block_1_43' title="bbox 2084 954 3680 1029">
    <p class='ocr_par' dir='ltr' id='par_1_43' title="bbox 2084 954 3680 1029">
     <span class='ocr_line' id='line_1_43' title="bbox 2084 954 3680 1029; baseline -0.003 -17"><span class='ocrx_word' id='word_1_292' title='bbox 2084 962 2195 1023; x_wconf 88' lang='grc' dir='ltr'>τοῖς</span> <span class='ocrx_word' id='word_1_293' title='bbox 2227 958 2586 1012; x_wconf 79' lang='grc' dir='ltr'><strong>πιστεύσασιν</strong></span> <span class='ocrx_word' id='word_1_294' title='bbox 2623 959 2718 1012; x_wconf 77' lang='grc' dir='ltr'>ἐπὶ</span> <span class='ocrx_word' id='word_1_295' title='bbox 2747 958 2838 1012; x_wconf 76' lang='grc' dir='ltr'><strong>τον</strong></span> <span class='ocrx_word' id='word_1_296' title='bbox 2865 958 3158 1029; x_wconf 74' lang='grc' dir='ltr'>ἐγείραντα</span> <span class='ocrx_word' id='word_1_297' title='bbox 3204 956 3413 1027; x_wconf 77' lang='grc' dir='ltr'><strong>Ἰησοῦν</strong></span> <span class='ocrx_word' id='word_1_298' title='bbox 3444 954 3680 1027; x_wconf 81' lang='grc' dir='ltr'>Χριστὸν</span> 
     </span>
    </p>
   </div>
   <div class='ocr_carea' id='block_1_44' title="bbox 2086 1047 3682 1123">
    <p class='ocr_par' dir='ltr' id='par_1_44' title="bbox 2086 1047 3682 1123">
     <span class='ocr_line' id='line_1_44' title="bbox 2086 1047 3682 1123; baseline -0.003 -18"><span class='ocrx_word' id='word_1_299' title='bbox 2086 1054 2151 1105; x_wconf 87' lang='grc' dir='ltr'><strong>ἐκ</strong></span> <span class='ocrx_word' id='word_1_300' title='bbox 2184 1050 2392 1123; x_wconf 77' lang='grc' dir='ltr'>νεκρῶν</span> <span class='ocrx_word' id='word_1_301' title='bbox 2418 1069 2432 1083; x_wconf 84' lang='grc'><strong>·</strong></span> <span class='ocrx_word' id='word_1_302' title='bbox 2485 1070 2505 1103; x_wconf 74' lang='grc' dir='ltr'>ι</span> <span class='ocrx_word' id='word_1_303' title='bbox 2545 1052 2645 1105; x_wconf 89' lang='grc' dir='ltr'><strong>ούκ</strong></span> <span class='ocrx_word' id='word_1_304' title='bbox 2685 1052 2767 1114; x_wconf 81' lang='grc' dir='ltr'><strong>είς</strong></span> <span class='ocrx_word' id='word_1_305' title='bbox 2816 1050 2977 1121; x_wconf 72' lang='grc' dir='ltr'>μόνον</span> <span class='ocrx_word' id='word_1_306' title='bbox 3024 1051 3058 1121; x_wconf 82' lang='grc' dir='ltr'>ἡ</span> <span class='ocrx_word' id='word_1_307' title='bbox 3101 1048 3285 1112; x_wconf 81' lang='grc' dir='ltr'><strong>πίστις</strong></span> <span class='ocrx_word' id='word_1_308' title='bbox 3321 1047 3414 1102; x_wconf 84' lang='grc' dir='ltr'>τὸν</span> <span class='ocrx_word' id='word_1_309' title='bbox 3457 1048 3682 1117; x_wconf 80' lang='grc' dir='ltr'>Πατέρα</span> 
     </span>
    </p>
   </div>
   <div class='ocr_carea' id='block_1_45' title="bbox 2087 1139 3682 1213">
    <p class='ocr_par' dir='ltr' id='par_1_45' title="bbox 2087 1139 3682 1213">
     <span class='ocr_line' id='line_1_45' title="bbox 2087 1139 3682 1213; baseline -0.002 -18"><span class='ocrx_word' id='word_1_310' title='bbox 2087 1143 2279 1213; x_wconf 82' lang='grc' dir='ltr'>γέγονε</span> <span class='ocrx_word' id='word_1_311' title='bbox 2312 1144 2407 1197; x_wconf 67' lang='grc' dir='ltr'>καὶ</span> <span class='ocrx_word' id='word_1_312' title='bbox 2437 1142 2589 1208; x_wconf 79' lang='grc' dir='ltr'>Θεὸν,</span> <span class='ocrx_word' id='word_1_313' title='bbox 2625 1142 2762 1196; x_wconf 83' lang='grc' dir='ltr'><strong>ἀλλά</strong></span> <span class='ocrx_word' id='word_1_314' title='bbox 2786 1142 2894 1213; x_wconf 78' lang='grc' dir='ltr'>γὰρ</span> <span class='ocrx_word' id='word_1_315' title='bbox 2926 1142 3019 1195; x_wconf 76' lang='grc' dir='ltr'>καὶ</span> <span class='ocrx_word' id='word_1_316' title='bbox 3052 1142 3132 1205; x_wconf 80' lang='grc' dir='ltr'><strong>εἰς</strong></span> <span class='ocrx_word' id='word_1_317' title='bbox 3162 1140 3255 1193; x_wconf 74' lang='grc' dir='ltr'>τὸν</span> <span class='ocrx_word' id='word_1_318' title='bbox 3286 1140 3494 1211; x_wconf 78' lang='grc' dir='ltr'><strong>Κύριον</strong></span> <span class='ocrx_word' id='word_1_319' title='bbox 3523 1139 3682 1210; x_wconf 78' lang='grc' dir='ltr'>ἡμῶν</span> 
     </span>
    </p>
   </div>
   <div class='ocr_carea' id='block_1_46' title="bbox 2100 1228 3683 1308">
    <p class='ocr_par' dir='ltr' id='par_1_46' title="bbox 2100 1228 3683 1308">
     <span class='ocr_line' id='line_1_46' title="bbox 2100 1228 3683 1308; baseline -0.004 -18"><span class='ocrx_word' id='word_1_320' title='bbox 2100 1236 2308 1308; x_wconf 81' lang='grc' dir='ltr'>Ἰησοῦν</span> <span class='ocrx_word' id='word_1_321' title='bbox 2337 1236 2591 1308; x_wconf 84' lang='grc' dir='ltr'>Χριστόν.</span> <span class='ocrx_word' id='word_1_322' title='bbox 2630 1234 2841 1299; x_wconf 72' lang='grc' dir='ltr'><strong>ιἌλλως</strong></span> <span class='ocrx_word' id='word_1_323' title='bbox 2874 1251 2932 1287; x_wconf 90' lang='grc' dir='ltr'><strong>τε</strong></span> <span class='ocrx_word' id='word_1_324' title='bbox 2967 1233 3099 1305; x_wconf 79' lang='grc' dir='ltr'>(δεῖν</span> <span class='ocrx_word' id='word_1_325' title='bbox 3127 1231 3237 1305; x_wconf 86' lang='grc' dir='ltr'><strong>γὰρ</strong></span> <span class='ocrx_word' id='word_1_326' title='bbox 3270 1228 3427 1303; x_wconf 78' lang='grc' dir='ltr'>οἶμαι</span> <span class='ocrx_word' id='word_1_327' title='bbox 3458 1233 3683 1285; x_wconf 84' lang='grc' dir='ltr'>κάκεῖνο</span> 
     </span>
    </p>
   </div>
   <div class='ocr_carea' id='block_1_47' title="bbox 2093 1321 3686 1399">
    <p class='ocr_par' dir='ltr' id='par_1_47' title="bbox 2093 1321 3686 1399">
     <span class='ocr_line' id='line_1_47' title="bbox 2093 1321 3686 1399; baseline -0.004 -18"><span class='ocrx_word' id='word_1_328' title='bbox 2093 1327 2264 1397; x_wconf 73' lang='grc' dir='ltr'>ἰδεῖν),</span> <span class='ocrx_word' id='word_1_329' title='bbox 2298 1326 2521 1395; x_wconf 79' lang='grc' dir='ltr'>γέγονεν</span> <span class='ocrx_word' id='word_1_330' title='bbox 2551 1325 2649 1382; x_wconf 80' lang='grc' dir='ltr'>ἄνθ</span> <span class='ocrx_word' id='word_1_331' title='bbox 2660 1343 2842 1399; x_wconf 81' lang='grc' dir='ltr'>ρωπος</span> <span class='ocrx_word' id='word_1_332' title='bbox 2868 1326 2897 1379; x_wconf 80' lang='grc' dir='ltr'><strong>ὁ</strong></span> <span class='ocrx_word' id='word_1_333' title='bbox 2923 1322 3238 1395; x_wconf 72' lang='grc' dir='ltr'>Μονογενὴς</span> <span class='ocrx_word' id='word_1_334' title='bbox 3259 1364 3274 1388; x_wconf 92' lang='grc'><strong>,</strong></span> <span class='ocrx_word' id='word_1_335' title='bbox 3301 1321 3395 1375; x_wconf 75' lang='grc' dir='ltr'>καὶ</span> <span class='ocrx_word' id='word_1_336' title='bbox 3420 1321 3686 1392; x_wconf 84' lang='grc' dir='ltr'>ὑπέμεινε</span> 
     </span>
    </p>
   </div>
   <div class='ocr_carea' id='block_1_48' title="bbox 2094 1412 3686 1492">
    <p class='ocr_par' dir='ltr' id='par_1_48' title="bbox 2094 1412 3686 1492">
     <span class='ocr_line' id='line_1_48' title="bbox 2094 1412 3686 1492; baseline -0.004 -20"><span class='ocrx_word' id='word_1_337' title='bbox 2094 1419 2193 1492; x_wconf 81' lang='grc' dir='ltr'>μὲν</span> <span class='ocrx_word' id='word_1_338' title='bbox 2231 1418 2509 1491; x_wconf 85' lang='grc' dir='ltr'>σαρκικῶς</span> <span class='ocrx_word' id='word_1_339' title='bbox 2541 1419 2635 1472; x_wconf 76' lang='grc' dir='ltr'><strong>τὸν</strong></span> <span class='ocrx_word' id='word_1_340' title='bbox 2663 1418 2925 1482; x_wconf 82' lang='grc' dir='ltr'>θάνατον,</span> <span class='ocrx_word' id='word_1_341' title='bbox 2964 1416 3168 1470; x_wconf 81' lang='grc' dir='ltr'>ἀνεϐίω</span> <span class='ocrx_word' id='word_1_342' title='bbox 3198 1431 3262 1484; x_wconf 81' lang='grc' dir='ltr'><strong>γε</strong></span> <span class='ocrx_word' id='word_1_343' title='bbox 3296 1414 3403 1486; x_wconf 78' lang='grc' dir='ltr'><strong>μὴν</strong></span> <span class='ocrx_word' id='word_1_344' title='bbox 3434 1413 3495 1466; x_wconf 84' lang='grc' dir='ltr'><strong>ού</strong></span> <span class='ocrx_word' id='word_1_345' title='bbox 3540 1412 3686 1467; x_wconf 74' lang='grc' dir='ltr'>κατὰ</span> 
     </span>
    </p>
   </div>
   <div class='ocr_carea' id='block_1_49' title="bbox 2094 1506 3689 1582">
    <p class='ocr_par' dir='ltr' id='par_1_49' title="bbox 2094 1506 3689 1582">
     <span class='ocr_line' id='line_1_49' title="bbox 2094 1506 3689 1582; baseline -0.004 -19"><span class='ocrx_word' id='word_1_346' title='bbox 2094 1511 2331 1581; x_wconf 80' lang='grc' dir='ltr'>σαρκὸς,</span> <span class='ocrx_word' id='word_1_347' title='bbox 2385 1512 2554 1582; x_wconf 68' lang='grc' dir='ltr'>ἠγουν</span> <span class='ocrx_word' id='word_1_348' title='bbox 2590 1509 3016 1582; x_wconf 83' lang='grc' dir='ltr'>ἀνθρωπότητος</span> <span class='ocrx_word' id='word_1_349' title='bbox 3048 1507 3305 1575; x_wconf 83' lang='grc' dir='ltr'>δύναμιν,</span> <span class='ocrx_word' id='word_1_350' title='bbox 3358 1506 3475 1560; x_wconf 83' lang='grc' dir='ltr'>ἀλλ’</span> <span class='ocrx_word' id='word_1_351' title='bbox 3517 1506 3593 1568; x_wconf 87' lang='grc' dir='ltr'>ὼς</span> <span class='ocrx_word' id='word_1_352' title='bbox 3628 1507 3689 1558; x_wconf 87' lang='grc' dir='ltr'><strong>ἐν</strong></span> 
     </span>
    </p>
   </div>
   <div class='ocr_carea' id='block_1_50' title="bbox 2096 1597 3689 1674">
    <p class='ocr_par' dir='ltr' id='par_1_50' title="bbox 2096 1597 3689 1674">
     <span class='ocr_line' id='line_1_50' title="bbox 2096 1597 3689 1674; baseline -0.004 -19"><span class='ocrx_word' id='word_1_353' title='bbox 2096 1601 2242 1672; x_wconf 79' lang='grc' dir='ltr'><strong>ἰσχύϊ</strong></span> <span class='ocrx_word' id='word_1_354' title='bbox 2262 1602 2539 1674; x_wconf 80' lang='grc' dir='ltr'><strong>θεότητος,</strong></span> <span class='ocrx_word' id='word_1_355' title='bbox 2574 1623 2592 1654; x_wconf 86' lang='lat' dir='ltr'><strong>t</strong></span> <span class='ocrx_word' id='word_1_356' title='bbox 2622 1604 2721 1673; x_wconf 85' lang='grc' dir='ltr'>τῆς</span> <span class='ocrx_word' id='word_1_357' title='bbox 2752 1600 3127 1672; x_wconf 79' lang='grc' dir='ltr'>ζωογονούσης</span> <span class='ocrx_word' id='word_1_358' title='bbox 3156 1600 3284 1662; x_wconf 83' lang='grc' dir='ltr'>τοὺς</span> <span class='ocrx_word' id='word_1_359' title='bbox 3308 1599 3561 1669; x_wconf 75' lang='grc' dir='ltr'>νεκροὺς,</span> <span class='ocrx_word' id='word_1_360' title='bbox 3592 1597 3689 1650; x_wconf 75' lang='grc' dir='ltr'>καὶ</span> 
     </span>
    </p>
   </div>
   <div class='ocr_carea' id='block_1_51' title="bbox 2093 1685 3692 1767">
    <p class='ocr_par' dir='ltr' id='par_1_51' title="bbox 2093 1685 3692 1767">
     <span class='ocr_line' id='line_1_51' title="bbox 2093 1685 3692 1767; baseline -0.004 -19"><span class='ocrx_word' id='word_1_361' title='bbox 2093 1693 2368 1766; x_wconf 82' lang='grc' dir='ltr'>καλούσης</span> <span class='ocrx_word' id='word_1_362' title='bbox 2396 1696 2463 1749; x_wconf 80' lang='grc' dir='ltr'>τὰ</span> <span class='ocrx_word' id='word_1_363' title='bbox 2496 1694 2570 1767; x_wconf 78' lang='grc' dir='ltr'>μὴ</span> <span class='ocrx_word' id='word_1_364' title='bbox 2601 1695 2731 1748; x_wconf 78' lang='grc' dir='ltr'>δντα</span> <span class='ocrx_word' id='word_1_365' title='bbox 2758 1693 2832 1757; x_wconf 83' lang='grc' dir='ltr'><strong>ὡς</strong></span> <span class='ocrx_word' id='word_1_366' title='bbox 2862 1693 3014 1747; x_wconf 74' lang='grc' dir='ltr'>ὄντα.</span> <span class='ocrx_word' id='word_1_367' title='bbox 3046 1713 3069 1746; x_wconf 83' lang='grc'><strong>›</strong></span> <span class='ocrx_word' id='word_1_368' title='bbox 3115 1689 3433 1745; x_wconf 81' lang='grc' dir='ltr'>Ἀναθετὲον</span> <span class='ocrx_word' id='word_1_369' title='bbox 3463 1685 3556 1743; x_wconf 77' lang='grc' dir='ltr'>οὖν</span> <span class='ocrx_word' id='word_1_370' title='bbox 3583 1689 3692 1759; x_wconf 81' lang='grc' dir='ltr'>ἄρα</span> 
     </span>
    </p>
   </div>
   <div class='ocr_carea' id='block_1_52' title="bbox 2093 1781 3691 1857">
    <p class='ocr_par' dir='ltr' id='par_1_52' title="bbox 2093 1781 3691 1857">
     <span class='ocr_line' id='line_1_52' title="bbox 2093 1781 3691 1857; baseline -0.004 -17"><span class='ocrx_word' id='word_1_371' title='bbox 2093 1787 2193 1857; x_wconf 82' lang='grc' dir='ltr'>τὴν</span> <span class='ocrx_word' id='word_1_372' title='bbox 2240 1786 2572 1857; x_wconf 83' lang='grc' dir='ltr'>ζωοποίησιν</span> <span class='ocrx_word' id='word_1_373' title='bbox 2617 1786 2712 1840; x_wconf 77' lang='grc' dir='ltr'>καὶ</span> <span class='ocrx_word' id='word_1_374' title='bbox 2763 1785 2907 1856; x_wconf 86' lang='grc' dir='ltr'>μάλα</span> <span class='ocrx_word' id='word_1_375' title='bbox 2951 1785 3211 1847; x_wconf 77' lang='grc' dir='ltr'>εἰκότως,</span> <span class='ocrx_word' id='word_1_376' title='bbox 3262 1783 3364 1835; x_wconf 80' lang='grc' dir='ltr'>οὐκ</span> <span class='ocrx_word' id='word_1_377' title='bbox 3407 1781 3545 1851; x_wconf 75' lang='grc' dir='ltr'>αὐτῇ</span> <span class='ocrx_word' id='word_1_378' title='bbox 3585 1797 3691 1833; x_wconf 84' lang='grc' dir='ltr'><strong>που</strong></span> 
     </span>
    </p>
   </div>
   <div class='ocr_carea' id='block_1_53' title="bbox 2022 1847 3694 1951">
    <p class='ocr_par' dir='ltr' id='par_1_53' title="bbox 2022 1847 3694 1951">
     <span class='ocr_line' id='line_1_53' title="bbox 2022 1847 3694 1951; baseline -0.005 -17"><span class='ocrx_word' id='word_1_379' title='bbox 2022 1847 2063 1902; x_wconf 70' lang='grc' dir='ltr'><strong>Β</strong></span> <span class='ocrx_word' id='word_1_380' title='bbox 2095 1847 2312 1944; x_wconf 63' lang='grc' dir='ltr'>παντως</span> <span class='ocrx_word' id='word_1_381' title='bbox 2344 1883 2411 1951; x_wconf 85' lang='grc' dir='ltr'>τῇ</span> <span class='ocrx_word' id='word_1_382' title='bbox 2441 1847 2537 1933; x_wconf 64' lang='grc' dir='ltr'>τοῦ</span> <span class='ocrx_word' id='word_1_383' title='bbox 2570 1847 2825 1951; x_wconf 76' lang='grc' dir='ltr'>σώματος</span> <span class='ocrx_word' id='word_1_384' title='bbox 2857 1878 3057 1947; x_wconf 86' lang='grc' dir='ltr'>φύσει,</span> <span class='ocrx_word' id='word_1_385' title='bbox 3092 1878 3195 1931; x_wconf 82' lang='grc' dir='ltr'>κᾶν</span> <span class='ocrx_word' id='word_1_386' title='bbox 3221 1878 3270 1929; x_wconf 88' lang='grc' dir='ltr'><strong>εί</strong></span> <span class='ocrx_word' id='word_1_387' title='bbox 3301 1847 3694 1945; x_wconf 31' lang='grc' dir='ltr'>γέγονεν-[διον</span> 
     </span>
    </p>
   </div>
   <div class='ocr_carea' id='block_1_54' title="bbox 2088 1967 3693 2042">
    <p class='ocr_par' dir='ltr' id='par_1_54' title="bbox 2088 1967 3693 2042">
     <span class='ocr_line' id='line_1_54' title="bbox 2088 1967 3693 2042; baseline -0.004 -17"><span class='ocrx_word' id='word_1_388' title='bbox 2088 1971 2185 2025; x_wconf 79' lang='grc' dir='ltr'><strong>τοῦ</strong></span> <span class='ocrx_word' id='word_1_389' title='bbox 2230 1973 2295 2024; x_wconf 84' lang='grc' dir='ltr'><strong>ἐκ</strong></span> <span class='ocrx_word' id='word_1_390' title='bbox 2323 1971 2457 2025; x_wconf 79' lang='grc' dir='ltr'>Θεοῦ</span> <span class='ocrx_word' id='word_1_391' title='bbox 2506 1974 2708 2042; x_wconf 81' lang='grc' dir='ltr'>φύντος</span> <span class='ocrx_word' id='word_1_392' title='bbox 2754 1971 2967 2041; x_wconf 72' lang='grc' dir='ltr'>Λόγου*</span> <span class='ocrx_word' id='word_1_393' title='bbox 3002 1969 3234 2040; x_wconf 84' lang='grc' dir='ltr'><strong>δυνάμει</strong></span> <span class='ocrx_word' id='word_1_394' title='bbox 3275 1968 3334 2023; x_wconf 79' lang='grc' dir='ltr'>δὲ</span> <span class='ocrx_word' id='word_1_395' title='bbox 3385 1967 3587 2039; x_wconf 77' lang='grc' dir='ltr'>μᾶλλον</span> <span class='ocrx_word' id='word_1_396' title='bbox 3621 1968 3693 2038; x_wconf 75' lang='grc' dir='ltr'><strong>τῇ</strong></span> 
     </span>
    </p>
   </div>
   <div class='ocr_carea' id='block_1_55' title="bbox 2094 2059 3696 2135">
    <p class='ocr_par' dir='ltr' id='par_1_55' title="bbox 2094 2059 3696 2135">
     <span class='ocr_line' id='line_1_55' title="bbox 2094 2059 3696 2135; baseline -0.005 -18"><span class='ocrx_word' id='word_1_397' title='bbox 2094 2063 2404 2135; x_wconf 77' lang='grc' dir='ltr'>ὑπερτάτη,</span> <span class='ocrx_word' id='word_1_398' title='bbox 2441 2062 2538 2116; x_wconf 84' lang='grc' dir='ltr'>καὶ</span> <span class='ocrx_word' id='word_1_399' title='bbox 2588 2061 2747 2132; x_wconf 84' lang='grc' dir='ltr'>φύσει</span> <span class='ocrx_word' id='word_1_400' title='bbox 2777 2065 2844 2134; x_wconf 80' lang='grc' dir='ltr'><strong>τῇ</strong></span> <span class='ocrx_word' id='word_1_401' title='bbox 2888 2062 3027 2135; x_wconf 77' lang='grc' dir='ltr'>ὑπὲρ</span> <span class='ocrx_word' id='word_1_402' title='bbox 3058 2061 3259 2124; x_wconf 81' lang='grc' dir='ltr'>κτίσιν,</span> <span class='ocrx_word' id='word_1_403' title='bbox 3310 2059 3387 2123; x_wconf 86' lang='grc' dir='ltr'>ὼς</span> <span class='ocrx_word' id='word_1_404' title='bbox 3431 2059 3490 2112; x_wconf 85' lang='grc' dir='ltr'><strong>ἐν</strong></span> <span class='ocrx_word' id='word_1_405' title='bbox 3525 2074 3696 2128; x_wconf 84' lang='grc' dir='ltr'>προσ-</span> 
     </span>
    </p>
   </div>
   <div class='ocr_carea' id='block_1_56' title="bbox 2092 2149 3692 2227">
    <p class='ocr_par' dir='ltr' id='par_1_56' title="bbox 2092 2149 3692 2227">
     <span class='ocr_line' id='line_1_56' title="bbox 2092 2149 3692 2227; baseline -0.004 -18"><span class='ocrx_word' id='word_1_406' title='bbox 2092 2157 2230 2227; x_wconf 81' lang='grc' dir='ltr'><strong>ώπῳ</strong></span> <span class='ocrx_word' id='word_1_407' title='bbox 2279 2156 2373 2209; x_wconf 78' lang='grc' dir='ltr'>τοῦ</span> <span class='ocrx_word' id='word_1_408' title='bbox 2406 2155 2542 2210; x_wconf 85' lang='grc' dir='ltr'><strong>Θεοῦ</strong></span> <span class='ocrx_word' id='word_1_409' title='bbox 2577 2155 2673 2210; x_wconf 69' lang='grc' dir='ltr'>καὶ</span> <span class='ocrx_word' id='word_1_410' title='bbox 2705 2155 2921 2227; x_wconf 81' lang='grc' dir='ltr'>Πατρὸς</span> <span class='ocrx_word' id='word_1_411' title='bbox 2945 2202 2959 2222; x_wconf 82' lang='grc'><strong>,</strong></span> <span class='ocrx_word' id='word_1_412' title='bbox 3003 2154 3063 2220; x_wconf 79' lang='grc' dir='ltr'>ἐξ</span> <span class='ocrx_word' id='word_1_413' title='bbox 3094 2150 3155 2209; x_wconf 71' lang='grc' dir='ltr'><strong>οἶ)</strong></span> <span class='ocrx_word' id='word_1_414' title='bbox 3197 2153 3438 2223; x_wconf 77' lang='grc' dir='ltr'>πέφηνεν</span> <span class='ocrx_word' id='word_1_415' title='bbox 3469 2152 3498 2203; x_wconf 84' lang='grc' dir='ltr'><strong>ό</strong></span> <span class='ocrx_word' id='word_1_416' title='bbox 3528 2149 3692 2213; x_wconf 78' lang='grc' dir='ltr'>Υἱὸς.</span> 
     </span>
    </p>
   </div>
   <div class='ocr_carea' id='block_1_57' title="bbox 2097 2242 3696 2318">
    <p class='ocr_par' dir='ltr' id='par_1_57' title="bbox 2097 2242 3696 2318">
     <span class='ocr_line' id='line_1_57' title="bbox 2097 2242 3696 2318; baseline -0.004 -17"><span class='ocrx_word' id='word_1_417' title='bbox 2097 2248 2212 2311; x_wconf 72' lang='lat' dir='ltr'><strong>ltro;</strong></span> <span class='ocrx_word' id='word_1_418' title='bbox 2244 2264 2305 2301; x_wconf 89' lang='grc' dir='ltr'>τε</span> <span class='ocrx_word' id='word_1_419' title='bbox 2334 2252 2427 2301; x_wconf 77' lang='grc' dir='ltr'><strong>καὶ</strong></span> <span class='ocrx_word' id='word_1_420' title='bbox 2446 2248 2631 2317; x_wconf 83' lang='grc' dir='ltr'>ὅμοιος</span> <span class='ocrx_word' id='word_1_421' title='bbox 2662 2246 2682 2286; x_wconf 69' lang='grc' dir='ltr'><strong>ί</strong></span> <span class='ocrx_word' id='word_1_422' title='bbox 2715 2248 2856 2300; x_wconf 85' lang='grc' dir='ltr'><strong>κατά</strong></span> <span class='ocrx_word' id='word_1_423' title='bbox 2886 2248 3063 2301; x_wconf 83' lang='grc' dir='ltr'>πάντα</span> <span class='ocrx_word' id='word_1_424' title='bbox 3087 2244 3255 2318; x_wconf 81' lang='grc' dir='ltr'>αὐτῷ.</span> <span class='ocrx_word' id='word_1_425' title='bbox 3289 2244 3513 2316; x_wconf 80' lang='grc' dir='ltr'>Πρόεισι</span> <span class='ocrx_word' id='word_1_426' title='bbox 3543 2242 3600 2295; x_wconf 91' lang='grc' dir='ltr'><strong>δέ</strong></span> <span class='ocrx_word' id='word_1_427' title='bbox 3626 2242 3696 2295; x_wconf 81' lang='grc' dir='ltr'>δι’</span> 
     </span>
    </p>
   </div>
   <div class='ocr_carea' id='block_1_58' title="bbox 2098 2333 3690 2409">
    <p class='ocr_par' dir='ltr' id='par_1_58' title="bbox 2098 2333 3690 2409">
     <span class='ocr_line' id='line_1_58' title="bbox 2098 2333 3690 2409; baseline -0.004 -17"><span class='ocrx_word' id='word_1_428' title='bbox 2098 2337 2303 2407; x_wconf 80' lang='grc' dir='ltr'>ἀμφοῖν</span> <span class='ocrx_word' id='word_1_429' title='bbox 2341 2338 2435 2391; x_wconf 75' lang='grc' dir='ltr'>καὶ</span> <span class='ocrx_word' id='word_1_430' title='bbox 2468 2338 2530 2391; x_wconf 80' lang='grc' dir='ltr'>τὸ</span> <span class='ocrx_word' id='word_1_431' title='bbox 2570 2338 2791 2409; x_wconf 76' lang='grc' dir='ltr'>Πνεῦμα</span> <span class='ocrx_word' id='word_1_432' title='bbox 2821 2340 2882 2391; x_wconf 83' lang='grc' dir='ltr'><strong>τδ</strong></span> <span class='ocrx_word' id='word_1_433' title='bbox 2918 2338 3238 2401; x_wconf 70' lang='grc' dir='ltr'>ζωοποιοῦν.</span> <span class='ocrx_word' id='word_1_434' title='bbox 3276 2333 3690 2408; x_wconf 85' lang='grc' dir='ltr'>Παραδεδόσθαι</span> 
     </span>
    </p>
   </div>
   <div class='ocr_carea' id='block_1_59' title="bbox 2098 2425 3696 2500">
    <p class='ocr_par' dir='ltr' id='par_1_59' title="bbox 2098 2425 3696 2500">
     <span class='ocr_line' id='line_1_59' title="bbox 2098 2425 3696 2500; baseline -0.002 -17"><span class='ocrx_word' id='word_1_435' title='bbox 2098 2430 2156 2483; x_wconf 87' lang='grc' dir='ltr'><em>δέ</em></span> <span class='ocrx_word' id='word_1_436' title='bbox 2199 2447 2330 2500; x_wconf 84' lang='grc' dir='ltr'>φησι</span> <span class='ocrx_word' id='word_1_437' title='bbox 2360 2429 2450 2482; x_wconf 86' lang='grc' dir='ltr'><strong>τὸν</strong></span> <span class='ocrx_word' id='word_1_438' title='bbox 2484 2430 2723 2500; x_wconf 76' lang='grc' dir='ltr'>Χριστὸν</span> <span class='ocrx_word' id='word_1_439' title='bbox 2761 2429 2851 2484; x_wconf 82' lang='grc' dir='ltr'>διὰ</span> <span class='ocrx_word' id='word_1_440' title='bbox 2904 2430 2973 2487; x_wconf 74' lang='grc' dir='ltr'><strong>τὰ</strong></span> <span class='ocrx_word' id='word_1_441' title='bbox 3029 2427 3461 2499; x_wconf 81' lang='grc' dir='ltr'>παραπτώματα</span> <span class='ocrx_word' id='word_1_442' title='bbox 3513 2425 3696 2497; x_wconf 70' lang='grc' dir='ltr'>ἡμῶν,</span> 
     </span>
    </p>
   </div>
   <div class='ocr_carea' id='block_1_60' title="bbox 2101 2515 3700 2593">
    <p class='ocr_par' dir='ltr' id='par_1_60' title="bbox 2101 2515 3700 2593">
     <span class='ocr_line' id='line_1_60' title="bbox 2101 2515 3700 2593; baseline -0.004 -17"><span class='ocrx_word' id='word_1_443' title='bbox 2101 2523 2195 2576; x_wconf 76' lang='grc' dir='ltr'>καὶ</span> <span class='ocrx_word' id='word_1_444' title='bbox 2225 2520 2524 2592; x_wconf 80' lang='grc' dir='ltr'>ἐγηγέρθαι</span> <span class='ocrx_word' id='word_1_445' title='bbox 2554 2521 2644 2575; x_wconf 82' lang='grc' dir='ltr'>διὰ</span> <span class='ocrx_word' id='word_1_446' title='bbox 2670 2522 2770 2593; x_wconf 80' lang='grc' dir='ltr'>τὴν</span> <span class='ocrx_word' id='word_1_447' title='bbox 2810 2521 3094 2575; x_wconf 81' lang='grc' dir='ltr'>δικαίωσιν</span> <span class='ocrx_word' id='word_1_448' title='bbox 3126 2520 3306 2591; x_wconf 83' lang='grc' dir='ltr'>ἡμῶν.</span> <span class='ocrx_word' id='word_1_449' title='bbox 3335 2520 3549 2590; x_wconf 80' lang='grc' dir='ltr'>Ὥσπερ</span> <span class='ocrx_word' id='word_1_450' title='bbox 3588 2515 3700 2587; x_wconf 88' lang='grc' dir='ltr'><strong>γὰρ</strong></span> 
     </span>
    </p>
   </div>
   <div class='ocr_carea' id='block_1_61' title="bbox 2103 2609 3702 2683">
    <p class='ocr_par' dir='ltr' id='par_1_61' title="bbox 2103 2609 3702 2683">
     <span class='ocr_line' id='line_1_61' title="bbox 2103 2609 3702 2683; baseline -0.003 -18"><span class='ocrx_word' id='word_1_451' title='bbox 2103 2613 2295 2681; x_wconf 80' lang='grc' dir='ltr'>γέγονε</span> <span class='ocrx_word' id='word_1_452' title='bbox 2322 2612 2464 2683; x_wconf 82' lang='grc' dir='ltr'>ὺπέρ</span> <span class='ocrx_word' id='word_1_453' title='bbox 2492 2612 2652 2683; x_wconf 79' lang='grc' dir='ltr'>ἡμῶν</span> <span class='ocrx_word' id='word_1_454' title='bbox 2679 2611 2739 2665; x_wconf 75' lang='grc' dir='ltr'>τὸ</span> <span class='ocrx_word' id='word_1_455' title='bbox 2770 2613 2963 2667; x_wconf 80' lang='grc' dir='ltr'>παθεῖν</span> <span class='ocrx_word' id='word_1_456' title='bbox 2992 2614 3156 2666; x_wconf 80' lang='grc' dir='ltr'>αὺτὸν</span> <span class='ocrx_word' id='word_1_457' title='bbox 3182 2615 3246 2683; x_wconf 79' lang='grc' dir='ltr'><strong>τῇ</strong></span> <span class='ocrx_word' id='word_1_458' title='bbox 3279 2611 3385 2683; x_wconf 78' lang='grc' dir='ltr'>ἰδίᾳ</span> <span class='ocrx_word' id='word_1_459' title='bbox 3414 2609 3579 2682; x_wconf 73' lang='grc' dir='ltr'>σαρκὶ</span> <span class='ocrx_word' id='word_1_460' title='bbox 3605 2609 3702 2661; x_wconf 68' lang='grc' dir='ltr'><strong>τὸν</strong></span> 
     </span>
    </p>
   </div>
   <div class='ocr_carea' id='block_1_62' title="bbox 2105 2690 3697 2775">
    <p class='ocr_par' dir='ltr' id='par_1_62' title="bbox 2105 2690 3697 2775">
     <span class='ocr_line' id='line_1_62' title="bbox 2105 2690 3697 2775; baseline -0.001 -20"><span class='ocrx_word' id='word_1_461' title='bbox 2105 2703 2355 2766; x_wconf 84' lang='grc' dir='ltr'>θάνατον,</span> <span class='ocrx_word' id='word_1_462' title='bbox 2393 2703 2482 2756; x_wconf 79' lang='grc' dir='ltr'>ἵνα</span> <span class='ocrx_word' id='word_1_463' title='bbox 2511 2690 2695 2756; x_wconf 61' lang='grc' dir='ltr'>λοιπδν</span> <span class='ocrx_word' id='word_1_464' title='bbox 2722 2704 2962 2775; x_wconf 79' lang='grc' dir='ltr'>ἀτονήσῃ</span> <span class='ocrx_word' id='word_1_465' title='bbox 2993 2703 3089 2757; x_wconf 79' lang='grc' dir='ltr'>τοῦ</span> <span class='ocrx_word' id='word_1_466' title='bbox 3115 2702 3348 2757; x_wconf 81' lang='grc' dir='ltr'>θανάτου</span> <span class='ocrx_word' id='word_1_467' title='bbox 3374 2701 3435 2755; x_wconf 83' lang='grc' dir='ltr'><strong>τὸ</strong></span> <span class='ocrx_word' id='word_1_468' title='bbox 3471 2701 3697 2772; x_wconf 67' lang='grc' dir='ltr'>κράτος*</span> 
     </span>
    </p>
   </div>
   <div class='ocr_carea' id='block_1_63' title="bbox 2104 2792 3703 2868">
    <p class='ocr_par' dir='ltr' id='par_1_63' title="bbox 2104 2792 3703 2868">
     <span class='ocr_line' id='line_1_63' title="bbox 2104 2792 3703 2868; baseline -0.005 -17"><span class='ocrx_word' id='word_1_469' title='bbox 2104 2797 2247 2851; x_wconf 75' lang='grc' dir='ltr'>οὕτω</span> <span class='ocrx_word' id='word_1_470' title='bbox 2279 2797 2372 2850; x_wconf 68' lang='grc' dir='ltr'>καὶ</span> <span class='ocrx_word' id='word_1_471' title='bbox 2404 2796 2607 2850; x_wconf 75' lang='grc' dir='ltr'>ἀνεϐίω</span> <span class='ocrx_word' id='word_1_472' title='bbox 2662 2795 2825 2850; x_wconf 77' lang='grc' dir='ltr'>πάλιν</span> <span class='ocrx_word' id='word_1_473' title='bbox 2872 2799 3013 2867; x_wconf 82' lang='grc' dir='ltr'>ὑπὲρ</span> <span class='ocrx_word' id='word_1_474' title='bbox 3044 2796 3224 2868; x_wconf 82' lang='grc' dir='ltr'>ἡμῶν,</span> <span class='ocrx_word' id='word_1_475' title='bbox 3274 2792 3599 2863; x_wconf 78' lang='grc' dir='ltr'>ἐγκαινίζων</span> <span class='ocrx_word' id='word_1_476' title='bbox 3642 2793 3703 2844; x_wconf 87' lang='grc' dir='ltr'><strong>ἐν</strong></span> 
     </span>
    </p>
   </div>
   <div class='ocr_carea' id='block_1_64' title="bbox 2107 2884 3704 2962">
    <p class='ocr_par' dir='ltr' id='par_1_64' title="bbox 2107 2884 3704 2962">
     <span class='ocr_line' id='line_1_64' title="bbox 2107 2884 3704 2962; baseline -0.003 -20"><span class='ocrx_word' id='word_1_477' title='bbox 2107 2891 2239 2962; x_wconf 79' lang='grc' dir='ltr'>ἡμῖν</span> <span class='ocrx_word' id='word_1_478' title='bbox 2266 2888 2364 2959; x_wconf 79' lang='grc' dir='ltr'><strong>τὴν</strong></span> <span class='ocrx_word' id='word_1_479' title='bbox 2389 2890 2470 2953; x_wconf 83' lang='grc' dir='ltr'><strong>είς</strong></span> <span class='ocrx_word' id='word_1_480' title='bbox 2498 2887 2810 2960; x_wconf 73' lang='grc' dir='ltr'>ἀφθαρσίαν</span> <span class='ocrx_word' id='word_1_481' title='bbox 2838 2889 3097 2943; x_wconf 78' lang='grc' dir='ltr'>ἐπάνοδον</span> <span class='ocrx_word' id='word_1_482' title='bbox 3118 2928 3132 2954; x_wconf 91' lang='grc'><strong>,</strong></span> <span class='ocrx_word' id='word_1_483' title='bbox 3174 2886 3267 2941; x_wconf 73' lang='grc' dir='ltr'>καὶ</span> <span class='ocrx_word' id='word_1_484' title='bbox 3299 2887 3399 2957; x_wconf 85' lang='grc' dir='ltr'>τῆς</span> <span class='ocrx_word' id='word_1_485' title='bbox 3433 2886 3491 2939; x_wconf 80' lang='grc' dir='ltr'><strong>ἐν</strong></span> <span class='ocrx_word' id='word_1_486' title='bbox 3529 2884 3704 2954; x_wconf 75' lang='grc' dir='ltr'>Ἀδὰμ</span> 
     </span>
    </p>
   </div>
   <div class='ocr_carea' id='block_1_65' title="bbox 2108 2972 3703 3054">
    <p class='ocr_par' dir='ltr' id='par_1_65' title="bbox 2108 2972 3703 3054">
     <span class='ocr_line' id='line_1_65' title="bbox 2108 2972 3703 3054; baseline -0.006 -20"><span class='ocrx_word' id='word_1_487' title='bbox 2108 2981 2477 3054; x_wconf 78' lang='grc' dir='ltr'>παραϐάσεως</span> <span class='ocrx_word' id='word_1_488' title='bbox 2507 2977 2787 3047; x_wconf 75' lang='grc' dir='ltr'>ἀφανίζων</span> <span class='ocrx_word' id='word_1_489' title='bbox 2807 2978 2875 3031; x_wconf 83' lang='grc' dir='ltr'>τὰ</span> <span class='ocrx_word' id='word_1_490' title='bbox 2909 2978 3263 3049; x_wconf 60' lang='grc' dir='ltr'>ἐγκλήματω</span> <span class='ocrx_word' id='word_1_491' title='bbox 3293 2972 3703 3043; x_wconf 85' lang='grc' dir='ltr'>Δεδικαιώμεθα</span> 
     </span>
    </p>
   </div>
   <div class='ocr_carea' id='block_1_66' title="bbox 2109 3061 3706 3145">
    <p class='ocr_par' dir='ltr' id='par_1_66' title="bbox 2109 3061 3706 3145">
     <span class='ocr_line' id='line_1_66' title="bbox 2109 3061 3706 3145; baseline -0.008 -18"><span class='ocrx_word' id='word_1_492' title='bbox 2109 3075 2219 3145; x_wconf 83' lang='grc' dir='ltr'>γὰρ</span> <span class='ocrx_word' id='word_1_493' title='bbox 2263 3075 2322 3127; x_wconf 89' lang='grc' dir='ltr'><strong>ἐν</strong></span> <span class='ocrx_word' id='word_1_494' title='bbox 2348 3071 2601 3145; x_wconf 83' lang='grc' dir='ltr'><strong>Χριστῷ,</strong></span> <span class='ocrx_word' id='word_1_495' title='bbox 2634 3070 2735 3139; x_wconf 80' lang='grc' dir='ltr'>τῆς</span> <span class='ocrx_word' id='word_1_496' title='bbox 2768 3070 2868 3141; x_wconf 84' lang='grc' dir='ltr'>μὲν</span> <span class='ocrx_word' id='word_1_497' title='bbox 2917 3070 3150 3139; x_wconf 80' lang='grc' dir='ltr'>ἀρχαίας</span> <span class='ocrx_word' id='word_1_498' title='bbox 3180 3067 3396 3137; x_wconf 90' lang='grc' dir='ltr'>ἐκείνης</span> <span class='ocrx_word' id='word_1_499' title='bbox 3424 3066 3563 3135; x_wconf 80' lang='grc' dir='ltr'>ἀρᾶς</span> <span class='ocrx_word' id='word_1_500' title='bbox 3604 3061 3706 3133; x_wconf 79' lang='grc' dir='ltr'>τὴν</span> 
     </span>
    </p>
   </div>
   <div class='ocr_carea' id='block_1_67' title="bbox 2112 3153 3710 3235">
    <p class='ocr_par' dir='ltr' id='par_1_67' title="bbox 2112 3153 3710 3235">
     <span class='ocr_line' id='line_1_67' title="bbox 2112 3153 3710 3235; baseline -0.008 -18"><span class='ocrx_word' id='word_1_501' title='bbox 2112 3164 2342 3235; x_wconf 83' lang='grc' dir='ltr'>δύναμιν</span> <span class='ocrx_word' id='word_1_502' title='bbox 2365 3162 2681 3232; x_wconf 76' lang='grc' dir='ltr'>ἀφανίζοντι</span> <span class='ocrx_word' id='word_1_503' title='bbox 2708 3160 2796 3213; x_wconf 78' lang='grc' dir='ltr'><strong>διὰ</strong></span> <span class='ocrx_word' id='word_1_504' title='bbox 2818 3159 2921 3230; x_wconf 82' lang='grc' dir='ltr'>τῆς</span> <span class='ocrx_word' id='word_1_505' title='bbox 2949 3162 3029 3223; x_wconf 85' lang='grc' dir='ltr'><strong>είς</strong></span> <span class='ocrx_word' id='word_1_506' title='bbox 3052 3158 3199 3213; x_wconf 84' lang='grc' dir='ltr'>ἆπαν</span> <span class='ocrx_word' id='word_1_507' title='bbox 3229 3155 3500 3224; x_wconf 80' lang='grc' dir='ltr'>ὑπακοῆς,</span> <span class='ocrx_word' id='word_1_508' title='bbox 3534 3153 3710 3208; x_wconf 84' lang='grc' dir='ltr'>ἀπαλ-</span> 
     </span>
    </p>
   </div>
   <div class='ocr_carea' id='block_1_68' title="bbox 2111 3245 3709 3325">
    <p class='ocr_par' dir='ltr' id='par_1_68' title="bbox 2111 3245 3709 3325">
     <span class='ocr_line' id='line_1_68' title="bbox 2111 3245 3709 3325; baseline -0.008 -15"><span class='ocrx_word' id='word_1_509' title='bbox 2111 3258 2358 3311; x_wconf 83' lang='grc' dir='ltr'>λάττοντι</span> <span class='ocrx_word' id='word_1_510' title='bbox 2400 3256 2459 3309; x_wconf 87' lang='grc' dir='ltr'><strong>δέ</strong></span> <span class='ocrx_word' id='word_1_511' title='bbox 2484 3255 2592 3309; x_wconf 89' lang='grc' dir='ltr'><strong>τῶν</strong></span> <span class='ocrx_word' id='word_1_512' title='bbox 2623 3254 2868 3325; x_wconf 87' lang='grc' dir='ltr'>ἀρχαίων</span> <span class='ocrx_word' id='word_1_513' title='bbox 2904 3251 3246 3323; x_wconf 84' lang='grc' dir='ltr'>αίτιαμάτων</span> <span class='ocrx_word' id='word_1_514' title='bbox 3288 3249 3389 3321; x_wconf 77' lang='grc' dir='ltr'>τὴν</span> <span class='ocrx_word' id='word_1_515' title='bbox 3422 3247 3604 3318; x_wconf 63' lang='grc' dir='ltr'>φύσιν</span> <span class='ocrx_word' id='word_1_516' title='bbox 3640 3245 3709 3299; x_wconf 72' lang='grc' dir='ltr'>οὐ</span> 
     </span>
    </p>
   </div>
   <div class='ocr_carea' id='block_1_69' title="bbox 2113 3339 3711 3423">
    <p class='ocr_par' dir='ltr' id='par_1_69' title="bbox 2113 3339 3711 3423">
     <span class='ocr_line' id='line_1_69' title="bbox 2113 3339 3711 3423; baseline -0.008 -19"><span class='ocrx_word' id='word_1_517' title='bbox 2113 3352 2222 3423; x_wconf 78' lang='grc' dir='ltr'><strong>γὰρ</strong></span> <span class='ocrx_word' id='word_1_518' title='bbox 2269 3349 2525 3421; x_wconf 88' lang='grc' dir='ltr'>ἐποίησεν</span> <span class='ocrx_word' id='word_1_519' title='bbox 2572 3348 2853 3420; x_wconf 83' lang='grc' dir='ltr'>ἁμαρτίαν</span> <span class='ocrx_word' id='word_1_520' title='bbox 2889 3347 3105 3419; x_wconf 85' lang='grc' dir='ltr'>(γέγονε</span> <span class='ocrx_word' id='word_1_521' title='bbox 3153 3345 3212 3399; x_wconf 79' lang='grc' dir='ltr'><strong>δέ</strong></span> <span class='ocrx_word' id='word_1_522' title='bbox 3256 3343 3459 3417; x_wconf 82' lang='grc' dir='ltr'>μᾶλλον</span> <span class='ocrx_word' id='word_1_523' title='bbox 3490 3339 3711 3395; x_wconf 79' lang='grc' dir='ltr'>εὐδόκι-</span> 
     </span>
    </p>
   </div>
   <div class='ocr_carea' id='block_1_70' title="bbox 2115 3424 3714 3513">
    <p class='ocr_par' dir='ltr' id='par_1_70' title="bbox 2115 3424 3714 3513">
     <span class='ocr_line' id='line_1_70' title="bbox 2115 3424 3714 3513; baseline -0.008 -17"><span class='ocrx_word' id='word_1_524' title='bbox 2115 3459 2212 3513; x_wconf 86' lang='grc' dir='ltr'><strong>μος</strong></span> <span class='ocrx_word' id='word_1_525' title='bbox 2242 3443 2299 3495; x_wconf 85' lang='grc' dir='ltr'><strong>ἐν</strong></span> <span class='ocrx_word' id='word_1_526' title='bbox 2330 3424 2514 3513; x_wconf 71' lang='grc' dir='ltr'>αὐτῇ),</span> <span class='ocrx_word' id='word_1_527' title='bbox 2537 3440 2716 3495; x_wconf 80' lang='grc' dir='ltr'>καίτοι</span> <span class='ocrx_word' id='word_1_528' title='bbox 2744 3438 3224 3511; x_wconf 80' lang='grc' dir='ltr'>κατεγνωσμένην,</span> <span class='ocrx_word' id='word_1_529' title='bbox 3268 3436 3522 3508; x_wconf 83' lang='grc' dir='ltr'>καθάπερ</span> <span class='ocrx_word' id='word_1_530' title='bbox 3553 3432 3714 3486; x_wconf 67' lang='grc' dir='ltr'>εἴποι</span> 
     </span>
    </p>
   </div>
   <div class='ocr_carea' id='block_1_71' title="bbox 2114 3534 2613 3607">
    <p class='ocr_par' dir='ltr' id='par_1_71' title="bbox 2114 3534 2613 3607">
     <span class='ocr_line' id='line_1_71' title="bbox 2114 3534 2613 3607; baseline 0.002 -18"><span class='ocrx_word' id='word_1_531' title='bbox 2114 3553 2234 3606; x_wconf 88' lang='grc' dir='ltr'>μεν,</span> <span class='ocrx_word' id='word_1_532' title='bbox 2269 3537 2326 3590; x_wconf 91' lang='grc' dir='ltr'><strong>ἐν</strong></span> <span class='ocrx_word' id='word_1_533' title='bbox 2366 3535 2536 3607; x_wconf 77' lang='grc' dir='ltr'>Ἀδάμ</span> <span class='ocrx_word' id='word_1_534' title='bbox 2566 3534 2613 3590; x_wconf 87' lang='lat' dir='ltr'><strong>i.</strong></span> 
     </span>
    </p>
   </div>
   <div class='ocr_carea' id='block_1_72' title="bbox 416 3618 3715 3698">
    <p class='ocr_par' dir='ltr' id='par_1_72' title="bbox 416 3618 3715 3698">
     <span class='ocr_line' id='line_1_72' title="bbox 416 3618 3715 3698; baseline 0.001 -27"><span class='ocrx_word' id='word_1_535' title='bbox 416 3621 484 3674; x_wconf 86' lang='lat' dir='ltr'><strong>ab</strong></span> <span class='ocrx_word' id='word_1_536' title='bbox 501 3621 743 3692; x_wconf 78' lang='lat' dir='ltr'><strong>antiquis</strong></span> <span class='ocrx_word' id='word_1_537' title='bbox 773 3624 1103 3680; x_wconf 84' lang='lat' dir='ltr'><strong>criminibus</strong></span> <span class='ocrx_word' id='word_1_538' title='bbox 1136 3626 1483 3681; x_wconf 87' lang='lat' dir='ltr'><strong>liberantem.</strong></span> <span class='ocrx_word' id='word_1_539' title='bbox 1528 3628 1819 3683; x_wconf 89' lang='lat' dir='ltr'><strong>Peccatum</strong></span> <span class='ocrx_word' id='word_1_540' title='bbox 1855 3643 2090 3698; x_wconf 84' lang='lat' dir='ltr'><strong>namque</strong></span> <span class='ocrx_word' id='word_1_541' title='bbox 2120 3630 2325 3684; x_wconf 91' lang='lat' dir='ltr'><strong>nullum</strong></span> <span class='ocrx_word' id='word_1_542' title='bbox 2366 3629 2610 3694; x_wconf 89' lang='lat' dir='ltr'><strong>admisit,</strong></span> <span class='ocrx_word' id='word_1_543' title='bbox 2678 3622 2773 3682; x_wconf 78' lang='lat' dir='ltr'><strong>sed</strong></span> <span class='ocrx_word' id='word_1_544' title='bbox 2811 3628 2958 3682; x_wconf 92' lang='lat' dir='ltr'><strong>omni</strong></span> <span class='ocrx_word' id='word_1_545' title='bbox 3022 3626 3182 3681; x_wconf 83' lang='lat' dir='ltr'><strong>laude</strong></span> <span class='ocrx_word' id='word_1_546' title='bbox 3242 3623 3439 3695; x_wconf 72' lang='lat' dir='ltr'><strong>dignus</strong></span> <span class='ocrx_word' id='word_1_547' title='bbox 3506 3618 3560 3676; x_wconf 87' lang='lat' dir='ltr'><strong>in</strong></span> <span class='ocrx_word' id='word_1_548' title='bbox 3589 3618 3715 3689; x_wconf 81' lang='lat' dir='ltr'><strong>ipsa</strong></span> 
     </span>
    </p>
   </div>
   <div class='ocr_carea' id='block_1_73' title="bbox 420 3712 3713 3797">
    <p class='ocr_par' dir='ltr' id='par_1_73' title="bbox 420 3712 3713 3797">
     <span class='ocr_line' id='line_1_73' title="bbox 420 3712 3713 3797; baseline 0 -32"><span class='ocrx_word' id='word_1_549' title='bbox 420 3714 544 3780; x_wconf 78' lang='lat' dir='ltr'><strong>fuit,</strong></span> <span class='ocrx_word' id='word_1_550' title='bbox 597 3715 812 3771; x_wconf 86' lang='lat' dir='ltr'><strong>etiamsi</strong></span> <span class='ocrx_word' id='word_1_551' title='bbox 868 3716 920 3770; x_wconf 91' lang='lat' dir='ltr'><strong>in</strong></span> <span class='ocrx_word' id='word_1_552' title='bbox 970 3717 1261 3787; x_wconf 84' lang='lat' dir='ltr'><strong>principio,</strong></span> <span class='ocrx_word' id='word_1_553' title='bbox 1320 3720 1422 3773; x_wconf 87' lang='lat' dir='ltr'><strong>hoc</strong></span> <span class='ocrx_word' id='word_1_554' title='bbox 1469 3730 1551 3775; x_wconf 69' lang='lat' dir='ltr'><strong>est</strong></span> <span class='ocrx_word' id='word_1_555' title='bbox 1610 3722 1663 3775; x_wconf 91' lang='lat' dir='ltr'><strong>in</strong></span> <span class='ocrx_word' id='word_1_556' title='bbox 1722 3722 2009 3788; x_wconf 81' lang='lat' dir='ltr'><strong>Adam,ut</strong></span> <span class='ocrx_word' id='word_1_557' title='bbox 2052 3732 2207 3776; x_wconf 75' lang='lat' dir='ltr'><strong>&#39;ante</strong></span> <span class='ocrx_word' id='word_1_558' title='bbox 2245 3736 2465 3797; x_wconf 66' lang='lat' dir='ltr'><strong>quoque</strong></span> <span class='ocrx_word' id='word_1_559' title='bbox 2510 3720 2916 3785; x_wconf 83' lang='lat' dir='ltr'><strong>admonuimus,</strong></span> <span class='ocrx_word' id='word_1_560' title='bbox 2955 3715 3401 3775; x_wconf 83' lang='lat' dir='ltr'><strong>cendemnationi</strong></span> <span class='ocrx_word' id='word_1_561' title='bbox 3439 3712 3713 3770; x_wconf 69' lang='lat' dir='ltr'><strong>obnoxius</strong></span> 
     </span>
    </p>
   </div>
   <div class='ocr_carea' id='block_1_74' title="bbox 420 3810 606 3866">
    <p class='ocr_par' dir='ltr' id='par_1_74' title="bbox 420 3810 606 3866">
     <span class='ocr_line' id='line_1_74' title="bbox 420 3810 606 3866; baseline -0.022 -1"><span class='ocrx_word' id='word_1_562' title='bbox 420 3810 606 3866; x_wconf 77' lang='lat' dir='ltr'><strong>fuerit.</strong></span> 
     </span>
    </p>
   </div>
   <div class='ocr_carea' id='block_1_75' title="bbox 495 3900 2017 3982">
    <p class='ocr_par' dir='ltr' id='par_1_75' title="bbox 495 3900 2017 3982">
     <span class='ocr_line' id='line_1_75' title="bbox 495 3900 2017 3982; baseline 0.005 -27"><span class='ocrx_word' id='word_1_563' title='bbox 495 3900 608 3955; x_wconf 86' lang='lat' dir='ltr'><strong>Lll.</strong></span> <span class='ocrx_word' id='word_1_564' title='bbox 642 3919 661 3952; x_wconf 73' lang='grc' dir='ltr'>ι</span> <span class='ocrx_word' id='word_1_565' title='bbox 697 3902 777 3957; x_wconf 81' lang='lat' dir='ltr'><strong>Au</strong></span> <span class='ocrx_word' id='word_1_566' title='bbox 810 3903 1091 3974; x_wconf 79' lang='lat' dir='ltr'><strong>ignoratis,</strong></span> <span class='ocrx_word' id='word_1_567' title='bbox 1123 3904 1255 3982; x_wconf 75' lang='lat' dir='ltr'><strong>quia</strong></span> <span class='ocrx_word' id='word_1_568' title='bbox 1292 3906 1605 3977; x_wconf 78' lang='lat' dir='ltr'><strong>quicunque</strong></span> <span class='ocrx_word' id='word_1_569' title='bbox 1639 3908 1894 3978; x_wconf 84' lang='lat' dir='ltr'><strong>baptizati</strong></span> <span class='ocrx_word' id='word_1_570' title='bbox 1923 3924 2017 3963; x_wconf 85' lang='lat' dir='ltr'><strong>su-</strong></span> 
     </span>
    </p>
   </div>
   <div class='ocr_carea' id='block_1_76' title="bbox 423 3994 2015 4071">
    <p class='ocr_par' dir='ltr' id='par_1_76' title="bbox 423 3994 2015 4071">
     <span class='ocr_line' id='line_1_76' title="bbox 423 3994 2015 4071; baseline 0.004 -21"><span class='ocrx_word' id='word_1_571' title='bbox 423 4010 546 4051; x_wconf 87' lang='lat' dir='ltr'><strong>mus</strong></span> <span class='ocrx_word' id='word_1_572' title='bbox 573 3997 625 4051; x_wconf 92' lang='lat' dir='ltr'><strong>in</strong></span> <span class='ocrx_word' id='word_1_573' title='bbox 658 3995 937 4052; x_wconf 82' lang='lat' dir='ltr'><strong>Christum</strong></span> <span class='ocrx_word' id='word_1_574' title='bbox 974 3994 1184 4062; x_wconf 79' lang='lat' dir='ltr'><strong>Jesuin,</strong></span> <span class='ocrx_word' id='word_1_575' title='bbox 1221 3999 1271 4053; x_wconf 89' lang='lat' dir='ltr'><strong>in</strong></span> <span class='ocrx_word' id='word_1_576' title='bbox 1301 4001 1718 4068; x_wconf 86' lang='lat' dir='ltr'><strong>mortemipsius</strong></span> <span class='ocrx_word' id='word_1_577' title='bbox 1758 4002 2015 4071; x_wconf 84' lang='lat' dir='ltr'><strong>baptizati</strong></span> 
     </span>
    </p>
   </div>
   <div class='ocr_carea' id='block_1_77' title="bbox 426 4088 2012 4163">
    <p class='ocr_par' dir='ltr' id='par_1_77' title="bbox 426 4088 2012 4163">
     <span class='ocr_line' id='line_1_77' title="bbox 426 4088 2012 4163; baseline 0.003 -20"><span class='ocrx_word' id='word_1_578' title='bbox 426 4088 660 4144; x_wconf 81' lang='lat' dir='ltr'><strong>sumus?</strong></span> <span class='ocrx_word' id='word_1_579' title='bbox 691 4088 1007 4157; x_wconf 87' lang='lat' dir='ltr'><strong>Cousepulti</strong></span> <span class='ocrx_word' id='word_1_580' title='bbox 1038 4090 1183 4144; x_wconf 88' lang='lat' dir='ltr'><strong>enim</strong></span> <span class='ocrx_word' id='word_1_581' title='bbox 1206 4105 1396 4148; x_wconf 86' lang='lat' dir='ltr'><strong>sumus</strong></span> <span class='ocrx_word' id='word_1_582' title='bbox 1431 4093 1506 4147; x_wconf 90' lang='lat' dir='ltr'><strong>illi</strong></span> <span class='ocrx_word' id='word_1_583' title='bbox 1552 4109 1650 4163; x_wconf 88' lang='lat' dir='ltr'><strong>per</strong></span> <span class='ocrx_word' id='word_1_584' title='bbox 1684 4094 2012 4163; x_wconf 89' lang='lat' dir='ltr'><strong>baptismum</strong></span> 
     </span>
    </p>
   </div>
   <div class='ocr_carea' id='block_1_78' title="bbox 427 4182 2017 4252">
    <p class='ocr_par' dir='ltr' id='par_1_78' title="bbox 427 4182 2017 4252">
     <span class='ocr_line' id='line_1_78' title="bbox 427 4182 2017 4252; baseline 0.004 -17"><span class='ocrx_word' id='word_1_585' title='bbox 427 4182 481 4235; x_wconf 90' lang='lat' dir='ltr'><strong>in</strong></span> <span class='ocrx_word' id='word_1_586' title='bbox 519 4190 750 4235; x_wconf 88' lang='lat' dir='ltr'><strong>mortem</strong></span> <span class='ocrx_word' id='word_1_587' title='bbox 780 4198 793 4247; x_wconf 90' lang='lat'><strong>;</strong></span> <span class='ocrx_word' id='word_1_588' title='bbox 829 4182 988 4251; x_wconf 79' lang='lat'><strong>173</strong></span> <span class='ocrx_word' id='word_1_589' title='bbox 1019 4191 1076 4237; x_wconf 92' lang='lat' dir='ltr'><strong>ut</strong></span> <span class='ocrx_word' id='word_1_590' title='bbox 1108 4185 1381 4252; x_wconf 90' lang='lat' dir='ltr'><strong>quomodo</strong></span> <span class='ocrx_word' id='word_1_591' title='bbox 1420 4186 1672 4241; x_wconf 83' lang='lat' dir='ltr'><strong>Christus</strong></span> <span class='ocrx_word' id='word_1_592' title='bbox 1713 4188 2017 4242; x_wconf 79' lang='lat' dir='ltr'><strong>resurrexit</strong></span> 
     </span>
    </p>
   </div>
   <div class='ocr_carea' id='block_1_79' title="bbox 428 4272 2016 4341">
    <p class='ocr_par' dir='ltr' id='par_1_79' title="bbox 428 4272 2016 4341">
     <span class='ocr_line' id='line_1_79' title="bbox 428 4272 2016 4341; baseline 0.004 -15"><span class='ocrx_word' id='word_1_593' title='bbox 428 4286 458 4326; x_wconf 67' lang='grc' dir='ltr'><strong>α</strong></span> <span class='ocrx_word' id='word_1_594' title='bbox 488 4272 720 4325; x_wconf 86' lang='lat' dir='ltr'><strong>mortuis</strong></span> <span class='ocrx_word' id='word_1_595' title='bbox 752 4287 848 4340; x_wconf 90' lang='lat' dir='ltr'><strong>per</strong></span> <span class='ocrx_word' id='word_1_596' title='bbox 879 4272 1105 4341; x_wconf 73' lang='lat' dir='ltr'><strong>gloriam</strong></span> <span class='ocrx_word' id='word_1_597' title='bbox 1140 4274 1344 4337; x_wconf 85' lang='lat' dir='ltr'><strong>Patris.</strong></span> <span class='ocrx_word' id='word_1_598' title='bbox 1381 4275 1452 4328; x_wconf 88' lang='lat' dir='ltr'><strong>ita</strong></span> <span class='ocrx_word' id='word_1_599' title='bbox 1471 4286 1524 4329; x_wconf 92' lang='lat' dir='ltr'><strong>et</strong></span> <span class='ocrx_word' id='word_1_600' title='bbox 1550 4292 1647 4330; x_wconf 89' lang='lat' dir='ltr'><strong>nos</strong></span> <span class='ocrx_word' id='word_1_601' title='bbox 1686 4277 1737 4330; x_wconf 93' lang='lat' dir='ltr'><strong>in</strong></span> <span class='ocrx_word' id='word_1_602' title='bbox 1776 4277 2016 4332; x_wconf 85' lang='lat' dir='ltr'><strong>novitate</strong></span> 
     </span>
    </p>
   </div>
   <div class='ocr_carea' id='block_1_80' title="bbox 427 4362 2013 4433">
    <p class='ocr_par' dir='ltr' id='par_1_80' title="bbox 427 4362 2013 4433">
     <span class='ocr_line' id='line_1_80' title="bbox 427 4362 2013 4433; baseline 0.004 -19"><span class='ocrx_word' id='word_1_603' title='bbox 427 4362 552 4417; x_wconf 74' lang='lat' dir='ltr'><strong>vita:</strong></span> <span class='ocrx_word' id='word_1_604' title='bbox 574 4362 914 4417; x_wconf 85' lang='lat' dir='ltr'><strong>ambulemus</strong></span> <span class='ocrx_word' id='word_1_605' title='bbox 934 4363 1031 4417; x_wconf 79' lang='grc'><strong>³³.»</strong></span> <span class='ocrx_word' id='word_1_606' title='bbox 1057 4364 1316 4419; x_wconf 86' lang='lat' dir='ltr'><strong>Dominus</strong></span> <span class='ocrx_word' id='word_1_607' title='bbox 1340 4377 1525 4422; x_wconf 76' lang='lat' dir='ltr'><strong>neSter</strong></span> <span class='ocrx_word' id='word_1_608' title='bbox 1556 4366 1715 4421; x_wconf 80' lang='lat' dir='ltr'><strong>Jesus</strong></span> <span class='ocrx_word' id='word_1_609' title='bbox 1741 4368 2013 4433; x_wconf 84' lang='lat' dir='ltr'><strong>Christus,</strong></span> 
     </span>
    </p>
   </div>
   <div class='ocr_carea' id='block_1_81' title="bbox 431 4454 2017 4529">
    <p class='ocr_par' dir='ltr' id='par_1_81' title="bbox 431 4454 2017 4529">
     <span class='ocr_line' id='line_1_81' title="bbox 431 4454 2017 4529; baseline 0.004 -20"><span class='ocrx_word' id='word_1_610' title='bbox 431 4454 644 4511; x_wconf 79' lang='lat' dir='ltr'><strong>inferno</strong></span> <span class='ocrx_word' id='word_1_611' title='bbox 683 4456 1002 4523; x_wconf 84' lang='lat' dir='ltr'><strong>despoliato,</strong></span> <span class='ocrx_word' id='word_1_612' title='bbox 1057 4457 1457 4526; x_wconf 88' lang='lat' dir='ltr'><strong>spirituumque</strong></span> <span class='ocrx_word' id='word_1_613' title='bbox 1498 4460 1865 4523; x_wconf 87' lang='lat' dir='ltr'><strong>multitudine,</strong></span> <span class='ocrx_word' id='word_1_614' title='bbox 1897 4475 2017 4529; x_wconf 69' lang='lat' dir='ltr'><strong>qua:</strong></span> 
     </span>
    </p>
   </div>
   <div class='ocr_carea' id='block_1_82' title="bbox 2129 3900 3717 3977">
    <p class='ocr_par' dir='ltr' id='par_1_82' title="bbox 2129 3900 3717 3977">
     <span class='ocr_line' id='line_1_82' title="bbox 2129 3900 3717 3977; baseline -0.008 -13"><span class='ocrx_word' id='word_1_615' title='bbox 2129 3909 2142 3921; x_wconf 86' lang='grc'><em>’</em></span> <span class='ocrx_word' id='word_1_616' title='bbox 2193 3909 2322 3963; x_wconf 79' lang='lat' dir='ltr'><strong>NB‘.</strong></span> <span class='ocrx_word' id='word_1_617' title='bbox 2374 3928 2393 3962; x_wconf 81' lang='lat' dir='ltr'><strong>t</strong></span> <span class='ocrx_word' id='word_1_618' title='bbox 2440 3910 2513 3964; x_wconf 82' lang='grc' dir='ltr'>Ἢ</span> <span class='ocrx_word' id='word_1_619' title='bbox 2557 3908 2841 3977; x_wconf 85' lang='grc' dir='ltr'>ἀγνοεῖτε,</span> <span class='ocrx_word' id='word_1_620' title='bbox 2883 3908 2965 3961; x_wconf 79' lang='grc' dir='ltr'><strong>ὅτι</strong></span> <span class='ocrx_word' id='word_1_621' title='bbox 3004 3908 3120 3959; x_wconf 79' lang='grc' dir='ltr'>ὅσοι</span> <span class='ocrx_word' id='word_1_622' title='bbox 3172 3901 3586 3971; x_wconf 72' lang='grc' dir='ltr'>ἐϐαπτίσθημεν</span> <span class='ocrx_word' id='word_1_623' title='bbox 3630 3900 3717 3963; x_wconf 76' lang='grc' dir='ltr'><strong>εἰς</strong></span> 
     </span>
    </p>
   </div>
   <div class='ocr_carea' id='block_1_83' title="bbox 2119 3990 3716 4077">
    <p class='ocr_par' dir='ltr' id='par_1_83' title="bbox 2119 3990 3716 4077">
     <span class='ocr_line' id='line_1_83' title="bbox 2119 3990 3716 4077; baseline -0.008 -21"><span class='ocrx_word' id='word_1_624' title='bbox 2119 4001 2355 4073; x_wconf 85' lang='grc' dir='ltr'>Χριστὸν</span> <span class='ocrx_word' id='word_1_625' title='bbox 2399 3999 2624 4077; x_wconf 72' lang='grc' dir='ltr'>Ἰησοῦν,</span> <span class='ocrx_word' id='word_1_626' title='bbox 2657 4002 2737 4063; x_wconf 80' lang='grc' dir='ltr'>εἰς</span> <span class='ocrx_word' id='word_1_627' title='bbox 2777 4000 2870 4053; x_wconf 79' lang='grc' dir='ltr'>τὸν</span> <span class='ocrx_word' id='word_1_628' title='bbox 2916 3999 3146 4053; x_wconf 82' lang='grc' dir='ltr'>θάνατον</span> <span class='ocrx_word' id='word_1_629' title='bbox 3175 3994 3341 4051; x_wconf 79' lang='grc' dir='ltr'>αὑτοῦ</span> <span class='ocrx_word' id='word_1_630' title='bbox 3373 3990 3716 4061; x_wconf 78' lang='grc' dir='ltr'>ἐϐαπτίσθη-</span> 
     </span>
    </p>
   </div>
   <div class='ocr_carea' id='block_1_84' title="bbox 2124 4085 3718 4167">
    <p class='ocr_par' dir='ltr' id='par_1_84' title="bbox 2124 4085 3718 4167">
     <span class='ocr_line' id='line_1_84' title="bbox 2124 4085 3718 4167; baseline -0.008 -19"><span class='ocrx_word' id='word_1_631' title='bbox 2124 4111 2255 4167; x_wconf 90' lang='grc' dir='ltr'>μεν;</span> <span class='ocrx_word' id='word_1_632' title='bbox 2287 4094 2681 4164; x_wconf 78' lang='grc' dir='ltr'>Συνετάφημεν</span> <span class='ocrx_word' id='word_1_633' title='bbox 2710 4088 2803 4146; x_wconf 80' lang='grc' dir='ltr'><strong>οὗν</strong></span> <span class='ocrx_word' id='word_1_634' title='bbox 2833 4091 2984 4163; x_wconf 77' lang='grc' dir='ltr'>αὐτῷ</span> <span class='ocrx_word' id='word_1_635' title='bbox 3009 4090 3097 4144; x_wconf 86' lang='grc' dir='ltr'>διὰ</span> <span class='ocrx_word' id='word_1_636' title='bbox 3116 4088 3211 4143; x_wconf 81' lang='grc' dir='ltr'><strong>τοῦ</strong></span> <span class='ocrx_word' id='word_1_637' title='bbox 3240 4089 3611 4160; x_wconf 86' lang='grc' dir='ltr'>βαπτίσματος</span> <span class='ocrx_word' id='word_1_638' title='bbox 3632 4085 3718 4146; x_wconf 80' lang='grc' dir='ltr'><strong>εἰς</strong></span> 
     </span>
    </p>
   </div>
   <div class='ocr_carea' id='block_1_85' title="bbox 2118 4173 3718 4256">
    <p class='ocr_par' dir='ltr' id='par_1_85' title="bbox 2118 4173 3718 4256">
     <span class='ocr_line' id='line_1_85' title="bbox 2118 4173 3718 4256; baseline -0.01 -14"><span class='ocrx_word' id='word_1_639' title='bbox 2118 4189 2208 4242; x_wconf 72' lang='grc' dir='ltr'>τὸν</span> <span class='ocrx_word' id='word_1_640' title='bbox 2250 4187 2504 4241; x_wconf 78' lang='grc' dir='ltr'>θάνατον·</span> <span class='ocrx_word' id='word_1_641' title='bbox 2533 4186 2624 4239; x_wconf 83' lang='grc' dir='ltr'>ἵνα</span> <span class='ocrx_word' id='word_1_642' title='bbox 2656 4185 2845 4256; x_wconf 85' lang='grc' dir='ltr'>ῶσπερ</span> <span class='ocrx_word' id='word_1_643' title='bbox 2873 4183 3084 4253; x_wconf 78' lang='grc' dir='ltr'>ἠγέρθη</span> <span class='ocrx_word' id='word_1_644' title='bbox 3127 4178 3363 4253; x_wconf 73' lang='grc' dir='ltr'>Χριστὸς</span> <span class='ocrx_word' id='word_1_645' title='bbox 3400 4178 3465 4230; x_wconf 88' lang='grc' dir='ltr'><strong>ἐκ</strong></span> <span class='ocrx_word' id='word_1_646' title='bbox 3499 4173 3718 4245; x_wconf 82' lang='grc' dir='ltr'>νεκρῶν</span> 
     </span>
    </p>
   </div>
   <div class='ocr_carea' id='block_1_86' title="bbox 2118 4265 3721 4351">
    <p class='ocr_par' dir='ltr' id='par_1_86' title="bbox 2118 4265 3721 4351">
     <span class='ocr_line' id='line_1_86' title="bbox 2118 4265 3721 4351; baseline -0.011 -17"><span class='ocrx_word' id='word_1_647' title='bbox 2118 4280 2207 4334; x_wconf 79' lang='grc' dir='ltr'><strong>διὰ</strong></span> <span class='ocrx_word' id='word_1_648' title='bbox 2233 4281 2332 4351; x_wconf 82' lang='grc' dir='ltr'>τῆς</span> <span class='ocrx_word' id='word_1_649' title='bbox 2355 4278 2515 4350; x_wconf 78' lang='grc' dir='ltr'>δόξης</span> <span class='ocrx_word' id='word_1_650' title='bbox 2536 4277 2629 4331; x_wconf 78' lang='grc' dir='ltr'>τοῦ</span> <span class='ocrx_word' id='word_1_651' title='bbox 2669 4277 2909 4347; x_wconf 81' lang='grc' dir='ltr'>Πατρδς,</span> <span class='ocrx_word' id='word_1_652' title='bbox 2942 4275 3084 4329; x_wconf 80' lang='grc' dir='ltr'>οὓτω</span> <span class='ocrx_word' id='word_1_653' title='bbox 3130 4274 3225 4327; x_wconf 67' lang='grc' dir='ltr'><strong>καὶ</strong></span> <span class='ocrx_word' id='word_1_654' title='bbox 3248 4273 3408 4342; x_wconf 84' lang='grc' dir='ltr'>ἡμεῖς</span> <span class='ocrx_word' id='word_1_655' title='bbox 3442 4271 3498 4323; x_wconf 91' lang='grc' dir='ltr'><strong>ἐν</strong></span> <span class='ocrx_word' id='word_1_656' title='bbox 3540 4265 3721 4319; x_wconf 83' lang='grc' dir='ltr'>καινό-</span> 
     </span>
    </p>
   </div>
   <div class='ocr_carea' id='block_1_87' title="bbox 2119 4358 3721 4444">
    <p class='ocr_par' dir='ltr' id='par_1_87' title="bbox 2119 4358 3721 4444">
     <span class='ocr_line' id='line_1_87' title="bbox 2119 4358 3721 4444; baseline -0.011 -17"><span class='ocrx_word' id='word_1_657' title='bbox 2119 4391 2242 4443; x_wconf 88' lang='grc' dir='ltr'>τητι</span> <span class='ocrx_word' id='word_1_658' title='bbox 2290 4373 2436 4443; x_wconf 78' lang='grc' dir='ltr'>ζωῆς</span> <span class='ocrx_word' id='word_1_659' title='bbox 2477 4372 2963 4444; x_wconf 77' lang='grc' dir='ltr'>περιπατήσωμεν.</span> <span class='ocrx_word' id='word_1_660' title='bbox 3010 4387 3028 4420; x_wconf 77' lang='grc' dir='ltr'>ι</span> <span class='ocrx_word' id='word_1_661' title='bbox 3072 4369 3132 4420; x_wconf 91' lang='lat'><strong>&#39;0</strong></span> <span class='ocrx_word' id='word_1_662' title='bbox 3159 4365 3365 4436; x_wconf 86' lang='grc' dir='ltr'>Κύριος</span> <span class='ocrx_word' id='word_1_663' title='bbox 3401 4359 3558 4433; x_wconf 74' lang='grc' dir='ltr'>ἡμῶν</span> <span class='ocrx_word' id='word_1_664' title='bbox 3609 4358 3721 4427; x_wconf 85' lang='grc' dir='ltr'><strong>Ἰη-</strong></span> 
     </span>
    </p>
   </div>
   <div class='ocr_carea' id='block_1_88' title="bbox 2124 4453 3720 4536">
    <p class='ocr_par' dir='ltr' id='par_1_88' title="bbox 2124 4453 3720 4536">
     <span class='ocr_line' id='line_1_88' title="bbox 2124 4453 3720 4536; baseline -0.008 -19"><span class='ocrx_word' id='word_1_665' title='bbox 2124 4465 2248 4529; x_wconf 75' lang='grc' dir='ltr'>σοῦς</span> <span class='ocrx_word' id='word_1_666' title='bbox 2288 4463 2524 4536; x_wconf 81' lang='grc' dir='ltr'>Χριστὸς</span> <span class='ocrx_word' id='word_1_667' title='bbox 2574 4462 2879 4525; x_wconf 80' lang='grc' dir='ltr'>σκυλεύσας</span> <span class='ocrx_word' id='word_1_668' title='bbox 2924 4461 3016 4515; x_wconf 76' lang='grc' dir='ltr'>τὸν</span> <span class='ocrx_word' id='word_1_669' title='bbox 3058 4459 3213 4531; x_wconf 68' lang='grc' dir='ltr'>ᾅδην,</span> <span class='ocrx_word' id='word_1_670' title='bbox 3259 4460 3351 4511; x_wconf 74' lang='grc' dir='ltr'><strong>καῖ</strong></span> <span class='ocrx_word' id='word_1_671' title='bbox 3385 4455 3495 4507; x_wconf 90' lang='grc' dir='ltr'><strong>τῶν</strong></span> <span class='ocrx_word' id='word_1_672' title='bbox 3537 4453 3720 4505; x_wconf 76' lang='grc' dir='ltr'>ἐκεῖσε</span> 
     </span>
    </p>
   </div>
   <div class='ocr_carea' id='block_1_89' title="bbox 431 4526 1998 4630">
    <p class='ocr_par' dir='ltr' id='par_1_89' title="bbox 431 4542 1991 4614">
     <span class='ocr_line' id='line_1_89' title="bbox 431 4542 1991 4614; baseline 0.004 -15"><span class='ocrx_word' id='word_1_673' title='bbox 431 4545 485 4600; x_wconf 91' lang='lat' dir='ltr'><strong>in</strong></span> <span class='ocrx_word' id='word_1_674' title='bbox 516 4542 886 4601; x_wconf 74' lang='lat' dir='ltr'><strong>subtei&#39;raneis</strong></span> <span class='ocrx_word' id='word_1_675' title='bbox 920 4546 1176 4603; x_wconf 87' lang='lat' dir='ltr'><strong>claustris</strong></span> <span class='ocrx_word' id='word_1_676' title='bbox 1214 4549 1574 4614; x_wconf 87' lang='lat' dir='ltr'><strong>detinebatur,</strong></span> <span class='ocrx_word' id='word_1_677' title='bbox 1614 4550 1739 4605; x_wconf 89' lang='lat' dir='ltr'><strong>inde</strong></span> <span class='ocrx_word' id='word_1_678' title='bbox 1767 4551 1991 4605; x_wconf 90' lang='lat' dir='ltr'><strong>liberata</strong></span> 
     </span>
    </p>
   </div>
   <div class='ocr_carea' id='block_1_90' title="bbox 2100 4526 3719 4630">
    <p class='ocr_par' dir='ltr' id='par_1_90' title="bbox 2132 4526 3719 4630">
     <span class='ocr_line' id='line_1_90' title="bbox 2132 4526 3719 4630; baseline -0.009 -21"><span class='ocrx_word' id='word_1_679' title='bbox 2132 4526 2317 4630; x_wconf 56' lang='lat' dir='ltr'><strong>pultm</strong></span> <span class='ocrx_word' id='word_1_680' title='bbox 2342 4526 2448 4626; x_wconf 51' lang='grc' dir='ltr'>’τὴν</span> <span class='ocrx_word' id='word_1_681' title='bbox 2475 4526 2582 4608; x_wconf 82' lang='grc' dir='ltr'><strong>τῶν</strong></span> <span class='ocrx_word' id='word_1_682' title='bbox 2611 4552 3047 4624; x_wconf 84' lang='grc' dir='ltr'>καθειρχθέντων</span> <span class='ocrx_word' id='word_1_683' title='bbox 3069 4526 3209 4604; x_wconf 42' lang='grc' dir='ltr'>’πνευ</span> <span class='ocrx_word' id='word_1_684' title='bbox 3220 4549 3405 4619; x_wconf 81' lang='grc' dir='ltr'>μάτων</span> <span class='ocrx_word' id='word_1_685' title='bbox 3440 4543 3719 4607; x_wconf 77' lang='grc' dir='ltr'>ἀπολύσας</span> 
     </span>
    </p>
   </div>
   <div class='ocr_carea' id='block_1_91' title="bbox 433 4635 1998 4715">
    <p class='ocr_par' dir='ltr' id='par_1_91' title="bbox 433 4640 1998 4714">
     <span class='ocr_line' id='line_1_91' title="bbox 433 4640 1998 4714; baseline 0.001 -19"><span class='ocrx_word' id='word_1_686' title='bbox 433 4640 591 4695; x_wconf 87' lang='lat' dir='ltr'><strong>tertia</strong></span> <span class='ocrx_word' id='word_1_687' title='bbox 623 4640 710 4695; x_wconf 89' lang='lat' dir='ltr'><strong>die</strong></span> <span class='ocrx_word' id='word_1_688' title='bbox 738 4642 1133 4696; x_wconf 86' lang='lat' dir='ltr'><strong>ressuscitatus</strong></span> <span class='ocrx_word' id='word_1_689' title='bbox 1161 4643 1383 4707; x_wconf 74' lang='lat' dir='ltr'><strong>revixit,</strong></span> <span class='ocrx_word' id='word_1_690' title='bbox 1408 4643 1791 4714; x_wconf 87' lang='lat' dir='ltr'><strong>redivivusque</strong></span> <span class='ocrx_word' id='word_1_691' title='bbox 1816 4646 1998 4700; x_wconf 75' lang='lat' dir='ltr'><strong>sancti:</strong></span> 
     </span>
    </p>
   </div>
   <div class='ocr_carea' id='block_1_92' title="bbox 2100 4635 3722 4715">
    <p class='ocr_par' dir='ltr' id='par_1_92' title="bbox 2129 4635 3722 4715">
     <span class='ocr_line' id='line_1_92' title="bbox 2129 4635 3722 4715; baseline -0.009 -16"><span class='ocrx_word' id='word_1_692' title='bbox 2129 4647 2359 4715; x_wconf 65' lang='grc' dir='ltr'>πληθὺν,</span> <span class='ocrx_word' id='word_1_693' title='bbox 2401 4643 2599 4699; x_wconf 78' lang='grc' dir='ltr'>ἀνεϐίω</span> <span class='ocrx_word' id='word_1_694' title='bbox 2633 4644 2954 4714; x_wconf 87' lang='grc' dir='ltr'>τριήμερος.</span> <span class='ocrx_word' id='word_1_695' title='bbox 2990 4636 3125 4694; x_wconf 74' lang='grc' dir='ltr'>Εἶτα</span> <span class='ocrx_word' id='word_1_696' title='bbox 3169 4643 3281 4701; x_wconf 82' lang='grc' dir='ltr'>τοῖς</span> <span class='ocrx_word' id='word_1_697' title='bbox 3312 4637 3490 4707; x_wconf 78' lang='grc' dir='ltr'>ἁγίοις</span> <span class='ocrx_word' id='word_1_698' title='bbox 3514 4635 3722 4703; x_wconf 79' lang='grc' dir='ltr'>ἔφασκε</span> 
     </span>
    </p>
   </div>
   <div class='ocr_carea' id='block_1_93' title="bbox 434 4721 1998 4808">
    <p class='ocr_par' dir='ltr' id='par_1_93' title="bbox 434 4732 1994 4805">
     <span class='ocr_line' id='line_1_93' title="bbox 434 4732 1994 4805; baseline 0.003 -19"><span class='ocrx_word' id='word_1_699' title='bbox 434 4732 694 4802; x_wconf 88' lang='lat' dir='ltr'><strong>apostolis</strong></span> <span class='ocrx_word' id='word_1_700' title='bbox 756 4734 894 4789; x_wconf 83' lang='lat' dir='ltr'><strong>dixit</strong></span> <span class='ocrx_word' id='word_1_701' title='bbox 940 4752 951 4787; x_wconf 92' lang='lat'><strong>:</strong></span> <span class='ocrx_word' id='word_1_702' title='bbox 994 4734 1247 4788; x_wconf 85' lang='lat' dir='ltr'><strong>tEuntes</strong></span> <span class='ocrx_word' id='word_1_703' title='bbox 1300 4735 1493 4791; x_wconf 85' lang='lat' dir='ltr'><strong>docete</strong></span> <span class='ocrx_word' id='word_1_704' title='bbox 1549 4752 1741 4791; x_wconf 88' lang='lat' dir='ltr'><strong>omnes</strong></span> <span class='ocrx_word' id='word_1_705' title='bbox 1805 4751 1994 4805; x_wconf 78' lang='lat' dir='ltr'><strong>gentes</strong></span> 
     </span>
    </p>
   </div>
   <div class='ocr_carea' id='block_1_94' title="bbox 2100 4721 3725 4808">
    <p class='ocr_par' dir='ltr' id='par_1_94' title="bbox 2131 4721 3725 4808">
     <span class='ocr_line' id='line_1_94' title="bbox 2131 4721 3725 4808; baseline -0.01 -18"><span class='ocrx_word' id='word_1_706' title='bbox 2131 4736 2438 4808; x_wconf 73' lang='grc' dir='ltr'>μαθηταῖς*</span> <span class='ocrx_word' id='word_1_707' title='bbox 2498 4754 2518 4787; x_wconf 88' lang='lat' dir='ltr'><strong>t</strong></span> <span class='ocrx_word' id='word_1_708' title='bbox 2566 4732 2935 4805; x_wconf 82' lang='grc' dir='ltr'>Πορευθέντες</span> <span class='ocrx_word' id='word_1_709' title='bbox 2978 4729 3359 4802; x_wconf 86' lang='grc' dir='ltr'>μαθητεύσατε</span> <span class='ocrx_word' id='word_1_710' title='bbox 3422 4726 3600 4779; x_wconf 76' lang='grc' dir='ltr'>πάντα</span> <span class='ocrx_word' id='word_1_711' title='bbox 3651 4721 3725 4775; x_wconf 81' lang='grc' dir='ltr'><strong>τὰ</strong></span> 
     </span>
    </p>
   </div>
   <div class='ocr_carea' id='block_1_95' title="bbox 433 4815 1998 4899">
    <p class='ocr_par' dir='ltr' id='par_1_95' title="bbox 433 4822 1998 4897">
     <span class='ocr_line' id='line_1_95' title="bbox 433 4822 1998 4897; baseline 0.004 -20"><span class='ocrx_word' id='word_1_712' title='bbox 433 4822 782 4891; x_wconf 83' lang='lat' dir='ltr'><strong>baptizantes</strong></span> <span class='ocrx_word' id='word_1_713' title='bbox 819 4840 915 4880; x_wconf 91' lang='lat' dir='ltr'><strong>eos</strong></span> <span class='ocrx_word' id='word_1_714' title='bbox 956 4824 1010 4879; x_wconf 92' lang='lat' dir='ltr'><strong>in</strong></span> <span class='ocrx_word' id='word_1_715' title='bbox 1057 4824 1280 4881; x_wconf 82' lang='lat' dir='ltr'><strong>nomine</strong></span> <span class='ocrx_word' id='word_1_716' title='bbox 1314 4824 1515 4889; x_wconf 87' lang='lat' dir='ltr'><strong>Patris,</strong></span> <span class='ocrx_word' id='word_1_717' title='bbox 1545 4836 1599 4882; x_wconf 90' lang='lat' dir='ltr'><strong>et</strong></span> <span class='ocrx_word' id='word_1_718' title='bbox 1625 4827 1771 4894; x_wconf 84' lang='lat' dir='ltr'><strong>Filii,</strong></span> <span class='ocrx_word' id='word_1_719' title='bbox 1805 4840 1860 4883; x_wconf 90' lang='lat' dir='ltr'><strong>et</strong></span> <span class='ocrx_word' id='word_1_720' title='bbox 1895 4829 1998 4897; x_wconf 37' lang='lat' dir='ltr'><strong>Spi‘</strong></span> 
     </span>
    </p>
   </div>
   <div class='ocr_carea' id='block_1_96' title="bbox 2100 4815 3722 4899">
    <p class='ocr_par' dir='ltr' id='par_1_96' title="bbox 2129 4815 3722 4899">
     <span class='ocr_line' id='line_1_96' title="bbox 2129 4815 3722 4899; baseline -0.009 -18"><span class='ocrx_word' id='word_1_721' title='bbox 2129 4827 2280 4899; x_wconf 75' lang='grc' dir='ltr'>ἔθνη,</span> <span class='ocrx_word' id='word_1_722' title='bbox 2312 4826 2666 4897; x_wconf 73' lang='grc' dir='ltr'>βαπτίζοντες</span> <span class='ocrx_word' id='word_1_723' title='bbox 2695 4824 2893 4887; x_wconf 76' lang='grc' dir='ltr'>αὐτοὺς</span> <span class='ocrx_word' id='word_1_724' title='bbox 2923 4824 3003 4887; x_wconf 80' lang='grc' dir='ltr'><strong>είς</strong></span> <span class='ocrx_word' id='word_1_725' title='bbox 3047 4822 3109 4874; x_wconf 84' lang='grc' dir='ltr'>τὸ</span> <span class='ocrx_word' id='word_1_726' title='bbox 3154 4821 3321 4889; x_wconf 72' lang='grc' dir='ltr'>ὄνομα</span> <span class='ocrx_word' id='word_1_727' title='bbox 3348 4816 3443 4872; x_wconf 75' lang='grc' dir='ltr'>τοῦ</span> <span class='ocrx_word' id='word_1_728' title='bbox 3483 4815 3722 4884; x_wconf 68' lang='grc' dir='ltr'>Πατρὸς,</span> 
     </span>
    </p>
   </div>
   <div class='ocr_carea' id='block_1_97' title="bbox 435 4905 1998 4988">
    <p class='ocr_par' dir='ltr' id='par_1_97' title="bbox 435 4915 1998 4988">
     <span class='ocr_line' id='line_1_97' title="bbox 435 4915 1998 4988; baseline 0.003 -20"><span class='ocrx_word' id='word_1_729' title='bbox 435 4915 577 4969; x_wconf 87' lang='lat' dir='ltr'><strong>ritus</strong></span> <span class='ocrx_word' id='word_1_730' title='bbox 607 4916 781 4970; x_wconf 83' lang='lat' dir='ltr'><strong>sancti</strong></span> <span class='ocrx_word' id='word_1_731' title='bbox 803 4916 867 4969; x_wconf 74' lang='lat'><strong>“.</strong></span> <span class='ocrx_word' id='word_1_732' title='bbox 900 4915 1035 4971; x_wconf 90' lang='lat' dir='ltr'><strong>Cum</strong></span> <span class='ocrx_word' id='word_1_733' title='bbox 1069 4918 1233 4988; x_wconf 79' lang='lat' dir='ltr'><strong>igitur</strong></span> <span class='ocrx_word' id='word_1_734' title='bbox 1264 4927 1322 4972; x_wconf 88' lang='lat' dir='ltr'><strong>ut</strong></span> <span class='ocrx_word' id='word_1_735' title='bbox 1358 4919 1410 4972; x_wconf 91' lang='lat' dir='ltr'><strong>in</strong></span> <span class='ocrx_word' id='word_1_736' title='bbox 1450 4935 1557 4973; x_wconf 91' lang='lat' dir='ltr'><strong>uno</strong></span> <span class='ocrx_word' id='word_1_737' title='bbox 1589 4919 1767 4976; x_wconf 86' lang='lat' dir='ltr'><strong>Patris</strong></span> <span class='ocrx_word' id='word_1_738' title='bbox 1801 4922 1998 4975; x_wconf 78' lang='lat' dir='ltr'><strong>nomint</strong></span> 
     </span>
    </p>
   </div>
   <div class='ocr_carea' id='block_1_98' title="bbox 2100 4905 3728 4988">
    <p class='ocr_par' dir='ltr' id='par_1_98' title="bbox 2128 4905 3728 4983">
     <span class='ocr_line' id='line_1_98' title="bbox 2128 4905 3728 4983; baseline -0.011 -9"><span class='ocrx_word' id='word_1_739' title='bbox 2128 4921 2222 4974; x_wconf 74' lang='grc' dir='ltr'>καὶ</span> <span class='ocrx_word' id='word_1_740' title='bbox 2261 4919 2355 4973; x_wconf 78' lang='grc' dir='ltr'><strong>τοῦ</strong></span> <span class='ocrx_word' id='word_1_741' title='bbox 2390 4917 2541 4983; x_wconf 79' lang='grc' dir='ltr'><strong>Υίοῦ,</strong></span> <span class='ocrx_word' id='word_1_742' title='bbox 2573 4918 2666 4971; x_wconf 73' lang='grc' dir='ltr'>καὶ</span> <span class='ocrx_word' id='word_1_743' title='bbox 2702 4916 2792 4970; x_wconf 75' lang='grc' dir='ltr'>τοῦ</span> <span class='ocrx_word' id='word_1_744' title='bbox 2840 4915 2995 4981; x_wconf 84' lang='grc' dir='ltr'>ἁγίου</span> <span class='ocrx_word' id='word_1_745' title='bbox 3024 4914 3361 4981; x_wconf 86' lang='grc' dir='ltr'>Πνεύματος.</span> <span class='ocrx_word' id='word_1_746' title='bbox 3401 4930 3420 4962; x_wconf 75' lang='grc' dir='ltr'>ι</span> <span class='ocrx_word' id='word_1_747' title='bbox 3452 4905 3728 4968; x_wconf 75' lang='grc' dir='ltr'>Βαπτιζό-</span> 
     </span>
    </p>
   </div>
   <div class='ocr_carea' id='block_1_99' title="bbox 434 4996 1998 5082">
    <p class='ocr_par' dir='ltr' id='par_1_99' title="bbox 434 5008 1998 5082">
     <span class='ocr_line' id='line_1_99' title="bbox 434 5008 1998 5082; baseline 0.004 -21"><span class='ocrx_word' id='word_1_748' title='bbox 434 5008 795 5078; x_wconf 87' lang='lat' dir='ltr'><strong>baptizamur.</strong></span> <span class='ocrx_word' id='word_1_749' title='bbox 838 5009 911 5063; x_wconf 90' lang='lat' dir='ltr'><strong>ita</strong></span> <span class='ocrx_word' id='word_1_750' title='bbox 943 5011 993 5063; x_wconf 89' lang='lat' dir='ltr'><strong>in</strong></span> <span class='ocrx_word' id='word_1_751' title='bbox 1027 5026 1133 5064; x_wconf 84' lang='lat' dir='ltr'><strong>uno</strong></span> <span class='ocrx_word' id='word_1_752' title='bbox 1165 5026 1383 5080; x_wconf 88' lang='lat' dir='ltr'><strong>quoque</strong></span> <span class='ocrx_word' id='word_1_753' title='bbox 1424 5009 1547 5066; x_wconf 86' lang='lat' dir='ltr'><strong>Filii</strong></span> <span class='ocrx_word' id='word_1_754' title='bbox 1577 5015 1824 5078; x_wconf 84' lang='lat' dir='ltr'><strong>nomine,</strong></span> <span class='ocrx_word' id='word_1_755' title='bbox 1874 5012 1998 5082; x_wconf 81' lang='lat' dir='ltr'><strong>ejus</strong></span> 
     </span>
    </p>
   </div>
   <div class='ocr_carea' id='block_1_100' title="bbox 2100 4996 3731 5082">
    <p class='ocr_par' dir='ltr' id='par_1_100' title="bbox 2137 4996 3731 5080">
     <span class='ocr_line' id='line_1_100' title="bbox 2137 4996 3731 5080; baseline -0.009 -18"><span class='ocrx_word' id='word_1_756' title='bbox 2137 5008 2278 5080; x_wconf 89' lang='grc' dir='ltr'>μεθα</span> <span class='ocrx_word' id='word_1_757' title='bbox 2316 5007 2496 5061; x_wconf 85' lang='grc' dir='ltr'>τοίνυν</span> <span class='ocrx_word' id='word_1_758' title='bbox 2515 5006 2703 5077; x_wconf 81' lang='grc' dir='ltr'>ὥσπερ</span> <span class='ocrx_word' id='word_1_759' title='bbox 2724 5006 2804 5068; x_wconf 87' lang='grc' dir='ltr'><strong>είς</strong></span> <span class='ocrx_word' id='word_1_760' title='bbox 2830 5004 2888 5058; x_wconf 77' lang='grc' dir='ltr'>ἓν</span> <span class='ocrx_word' id='word_1_761' title='bbox 2925 5004 3095 5075; x_wconf 68' lang='grc' dir='ltr'>ενομα</span> <span class='ocrx_word' id='word_1_762' title='bbox 3117 5002 3210 5056; x_wconf 83' lang='grc' dir='ltr'>τοῦ</span> <span class='ocrx_word' id='word_1_763' title='bbox 3250 4999 3483 5071; x_wconf 77' lang='grc' dir='ltr'>Πατρδς,</span> <span class='ocrx_word' id='word_1_764' title='bbox 3518 4996 3612 5050; x_wconf 73' lang='grc' dir='ltr'>καὶ</span> <span class='ocrx_word' id='word_1_765' title='bbox 3642 4997 3731 5059; x_wconf 81' lang='grc' dir='ltr'><strong>είς</strong></span> 
     </span>
    </p>
   </div>
   <div class='ocr_carea' id='block_1_101' title="bbox 436 5088 1998 5176">
    <p class='ocr_par' dir='ltr' id='par_1_101' title="bbox 436 5100 1996 5176">
     <span class='ocr_line' id='line_1_101' title="bbox 436 5100 1996 5176; baseline 0.003 -22"><span class='ocrx_word' id='word_1_766' title='bbox 436 5101 671 5169; x_wconf 89' lang='lat' dir='ltr'><strong>demque</strong></span> <span class='ocrx_word' id='word_1_767' title='bbox 723 5112 899 5156; x_wconf 88' lang='lat' dir='ltr'><strong>morte</strong></span> <span class='ocrx_word' id='word_1_768' title='bbox 958 5111 1014 5154; x_wconf 91' lang='lat' dir='ltr'><strong>et</strong></span> <span class='ocrx_word' id='word_1_769' title='bbox 1062 5100 1268 5171; x_wconf 87' lang='lat' dir='ltr'><strong>Spiritu</strong></span> <span class='ocrx_word' id='word_1_770' title='bbox 1331 5114 1523 5159; x_wconf 89' lang='lat' dir='ltr'><strong>sancto</strong></span> <span class='ocrx_word' id='word_1_771' title='bbox 1571 5107 1891 5161; x_wconf 89' lang='lat' dir='ltr'><strong>abluamur:</strong></span> <span class='ocrx_word' id='word_1_772' title='bbox 1928 5123 1996 5176; x_wconf 90' lang='lat' dir='ltr'><strong>qu</strong></span> 
     </span>
    </p>
   </div>
   <div class='ocr_carea' id='block_1_102' title="bbox 2100 5088 3730 5176">
    <p class='ocr_par' dir='ltr' id='par_1_102' title="bbox 2137 5088 3730 5170">
     <span class='ocr_line' id='line_1_102' title="bbox 2137 5088 3730 5170; baseline -0.009 -16"><span class='ocrx_word' id='word_1_773' title='bbox 2137 5100 2194 5156; x_wconf 80' lang='grc' dir='ltr'>ἓν</span> <span class='ocrx_word' id='word_1_774' title='bbox 2219 5101 2391 5170; x_wconf 73' lang='grc' dir='ltr'>ὄνομα</span> <span class='ocrx_word' id='word_1_775' title='bbox 2406 5099 2500 5153; x_wconf 80' lang='grc' dir='ltr'><strong>τοῦ</strong></span> <span class='ocrx_word' id='word_1_776' title='bbox 2526 5098 2795 5164; x_wconf 71' lang='grc' dir='ltr'>Υἱοῦ,καὶ</span> <span class='ocrx_word' id='word_1_777' title='bbox 2813 5100 2894 5162; x_wconf 86' lang='grc' dir='ltr'>εἰς</span> <span class='ocrx_word' id='word_1_778' title='bbox 2909 5098 3000 5151; x_wconf 73' lang='grc' dir='ltr'><strong>τὸν</strong></span> <span class='ocrx_word' id='word_1_779' title='bbox 3029 5096 3261 5149; x_wconf 85' lang='grc' dir='ltr'>θάνατον</span> <span class='ocrx_word' id='word_1_780' title='bbox 3293 5091 3482 5154; x_wconf 75' lang='grc' dir='ltr'>αὑτοῦ,</span> <span class='ocrx_word' id='word_1_781' title='bbox 3514 5088 3609 5144; x_wconf 71' lang='grc' dir='ltr'>καὶ</span> <span class='ocrx_word' id='word_1_782' title='bbox 3642 5089 3730 5152; x_wconf 89' lang='grc' dir='ltr'><strong>εἰς</strong></span> 
     </span>
    </p>
   </div>
   <div class='ocr_carea' id='block_1_103' title="bbox 438 5181 1998 5264">
    <p class='ocr_par' dir='ltr' id='par_1_103' title="bbox 438 5191 1998 5252">
     <span class='ocr_line' id='line_1_103' title="bbox 438 5191 1998 5252; baseline 0.001 -5"><span class='ocrx_word' id='word_1_783' title='bbox 438 5206 603 5247; x_wconf 81' lang='lat' dir='ltr'><strong>unum</strong></span> <span class='ocrx_word' id='word_1_784' title='bbox 637 5191 922 5247; x_wconf 90' lang='lat' dir='ltr'><strong>Dominum</strong></span> <span class='ocrx_word' id='word_1_785' title='bbox 965 5203 1207 5248; x_wconf 87' lang='lat' dir='ltr'><strong>nostrum</strong></span> <span class='ocrx_word' id='word_1_786' title='bbox 1254 5192 1442 5251; x_wconf 78' lang='lat' dir='ltr'><strong>Jesunt</strong></span> <span class='ocrx_word' id='word_1_787' title='bbox 1472 5195 1753 5252; x_wconf 84' lang='lat' dir='ltr'><strong>Christum</strong></span> <span class='ocrx_word' id='word_1_788' title='bbox 1794 5199 1847 5252; x_wconf 89' lang='lat' dir='ltr'><strong>itt</strong></span> <span class='ocrx_word' id='word_1_789' title='bbox 1889 5199 1998 5252; x_wconf 82' lang='lat' dir='ltr'><strong>duo</strong></span> 
     </span>
    </p>
   </div>
   <div class='ocr_carea' id='block_1_104' title="bbox 2100 5181 3731 5264">
    <p class='ocr_par' dir='ltr' id='par_1_104' title="bbox 2125 5181 3731 5264">
     <span class='ocr_line' id='line_1_104' title="bbox 2125 5181 3731 5264; baseline -0.01 -15"><span class='ocrx_word' id='word_1_790' title='bbox 2125 5195 2188 5249; x_wconf 85' lang='grc' dir='ltr'><strong>τὸ</strong></span> <span class='ocrx_word' id='word_1_791' title='bbox 2218 5193 2444 5264; x_wconf 80' lang='grc' dir='ltr'>Πνεῦμα</span> <span class='ocrx_word' id='word_1_792' title='bbox 2473 5192 2534 5247; x_wconf 80' lang='grc' dir='ltr'>τὸ</span> <span class='ocrx_word' id='word_1_793' title='bbox 2572 5193 2747 5262; x_wconf 81' lang='grc' dir='ltr'>ἆγιον.</span> <span class='ocrx_word' id='word_1_794' title='bbox 2799 5190 3215 5244; x_wconf 80' lang='grc' dir='ltr'>Διδασκέτωσαν</span> <span class='ocrx_word' id='word_1_795' title='bbox 3247 5186 3431 5239; x_wconf 88' lang='grc' dir='ltr'>τοίνυν</span> <span class='ocrx_word' id='word_1_796' title='bbox 3466 5184 3515 5238; x_wconf 88' lang='grc' dir='ltr'>οἱ</span> <span class='ocrx_word' id='word_1_797' title='bbox 3554 5181 3731 5253; x_wconf 81' lang='grc' dir='ltr'>διορί-</span> 
     </span>
    </p>
   </div>
   <div class='ocr_carea' id='block_1_105' title="bbox 441 5273 1998 5360">
    <p class='ocr_par' dir='ltr' id='par_1_105' title="bbox 441 5283 1995 5360">
     <span class='ocr_line' id='line_1_105' title="bbox 441 5283 1995 5360; baseline 0.002 -21"><span class='ocrx_word' id='word_1_798' title='bbox 441 5283 580 5340; x_wconf 84' lang='lat' dir='ltr'><strong>lilios</strong></span> <span class='ocrx_word' id='word_1_799' title='bbox 602 5285 869 5351; x_wconf 85' lang='lat' dir='ltr'><strong>dividunt,</strong></span> <span class='ocrx_word' id='word_1_800' title='bbox 904 5285 1292 5356; x_wconf 89' lang='lat' dir='ltr'><strong>hominemque</strong></span> <span class='ocrx_word' id='word_1_801' title='bbox 1319 5287 1615 5342; x_wconf 90' lang='lat' dir='ltr'><strong>secundum</strong></span> <span class='ocrx_word' id='word_1_802' title='bbox 1646 5290 1816 5344; x_wconf 88' lang='lat' dir='ltr'><strong>solam</strong></span> <span class='ocrx_word' id='word_1_803' title='bbox 1851 5290 1995 5360; x_wconf 77' lang='lat' dir='ltr'><strong>digni</strong></span> 
     </span>
    </p>
   </div>
   <div class='ocr_carea' id='block_1_106' title="bbox 2100 5273 3735 5360">
    <p class='ocr_par' dir='ltr' id='par_1_106' title="bbox 2128 5273 3735 5352">
     <span class='ocr_line' id='line_1_106' title="bbox 2128 5273 3735 5352; baseline -0.009 -13"><span class='ocrx_word' id='word_1_804' title='bbox 2128 5286 2313 5350; x_wconf 79' lang='grc' dir='ltr'>ζοντες</span> <span class='ocrx_word' id='word_1_805' title='bbox 2346 5285 2428 5347; x_wconf 86' lang='grc' dir='ltr'><strong>είς</strong></span> <span class='ocrx_word' id='word_1_806' title='bbox 2466 5284 2618 5348; x_wconf 76' lang='grc' dir='ltr'>υἱοὺς</span> <span class='ocrx_word' id='word_1_807' title='bbox 2648 5284 2744 5338; x_wconf 88' lang='grc' dir='ltr'><strong>δύο</strong></span> <span class='ocrx_word' id='word_1_808' title='bbox 2778 5285 2870 5337; x_wconf 77' lang='grc' dir='ltr'>τὸν</span> <span class='ocrx_word' id='word_1_809' title='bbox 2892 5284 2988 5336; x_wconf 73' lang='grc' dir='ltr'>ἕνα</span> <span class='ocrx_word' id='word_1_810' title='bbox 3019 5279 3255 5352; x_wconf 79' lang='grc' dir='ltr'>Χριστὸν</span> <span class='ocrx_word' id='word_1_811' title='bbox 3294 5277 3390 5332; x_wconf 78' lang='grc' dir='ltr'>καὶ</span> <span class='ocrx_word' id='word_1_812' title='bbox 3448 5274 3598 5338; x_wconf 75' lang='grc' dir='ltr'>Υίὸν,</span> <span class='ocrx_word' id='word_1_813' title='bbox 3635 5273 3735 5326; x_wconf 69' lang='grc' dir='ltr'><strong>ἄνα</strong></span> 
     </span>
    </p>
   </div>
   <div class='ocr_carea' id='block_1_107' title="bbox 443 5365 1998 5463">
    <p class='ocr_par' dir='ltr' id='par_1_107' title="bbox 443 5376 1998 5463">
     <span class='ocr_line' id='line_1_107' title="bbox 443 5376 1998 5463; baseline 0.003 -34"><span class='ocrx_word' id='word_1_814' title='bbox 443 5376 570 5445; x_wconf 74' lang='lat' dir='ltr'><strong>tatis</strong></span> <span class='ocrx_word' id='word_1_815' title='bbox 610 5376 695 5431; x_wconf 86' lang='lat' dir='ltr'><strong>vel</strong></span> <span class='ocrx_word' id='word_1_816' title='bbox 727 5377 1069 5432; x_wconf 83' lang='lat' dir='ltr'><strong>auctoritatis</strong></span> <span class='ocrx_word' id='word_1_817' title='bbox 1116 5378 1482 5447; x_wconf 65' lang='lat' dir='ltr'><strong>wqualitatem</strong></span> <span class='ocrx_word' id='word_1_818' title='bbox 1516 5378 1626 5433; x_wconf 88' lang='lat' dir='ltr'><strong>Deo</strong></span> <span class='ocrx_word' id='word_1_819' title='bbox 1666 5378 1998 5463; x_wconf 73' lang='lat' dir='ltr'><strong>conjunctun</strong></span> 
     </span>
    </p>
   </div>
   <div class='ocr_carea' id='block_1_108' title="bbox 2100 5365 3726 5463">
    <p class='ocr_par' dir='ltr' id='par_1_108' title="bbox 2129 5365 3726 5450">
     <span class='ocr_line' id='line_1_108' title="bbox 2129 5365 3726 5450; baseline -0.006 -20"><span class='ocrx_word' id='word_1_820' title='bbox 2129 5376 2351 5450; x_wconf 85' lang='grc' dir='ltr'>θρωπόν</span> <span class='ocrx_word' id='word_1_821' title='bbox 2395 5394 2457 5431; x_wconf 84' lang='grc' dir='ltr'><strong>τε</strong></span> <span class='ocrx_word' id='word_1_822' title='bbox 2508 5365 2628 5448; x_wconf 71' lang='grc' dir='ltr'>θεῷ</span> <span class='ocrx_word' id='word_1_823' title='bbox 2665 5375 3004 5447; x_wconf 79' lang='grc' dir='ltr'>συναφθῆναι</span> <span class='ocrx_word' id='word_1_824' title='bbox 3060 5373 3312 5444; x_wconf 78' lang='grc' dir='ltr'>λέγοντες</span> <span class='ocrx_word' id='word_1_825' title='bbox 3353 5367 3499 5425; x_wconf 84' lang='grc' dir='ltr'><strong>κατά</strong></span> <span class='ocrx_word' id='word_1_826' title='bbox 3554 5366 3726 5439; x_wconf 76' lang='grc' dir='ltr'>μόνην</span> 
     </span>
    </p>
   </div>
   <div class='ocr_carea' id='block_1_109' title="bbox 514 5524 1998 5600">
    <p class='ocr_par' dir='ltr' id='par_1_109' title="bbox 514 5524 1998 5600">
     <span class='ocr_line' id='line_1_109' title="bbox 514 5524 1998 5600; baseline 0.007 -22"><span class='ocrx_word' id='word_1_827' title='bbox 514 5527 558 5559; x_wconf 73' lang='grc'>⁸⁸</span> <span class='ocrx_word' id='word_1_828' title='bbox 593 5524 753 5581; x_wconf 76' lang='lat' dir='ltr'><strong>Joan.</strong></span> <span class='ocrx_word' id='word_1_829' title='bbox 780 5544 838 5595; x_wconf 87' lang='lat' dir='ltr'><strong>ll,</strong></span> <span class='ocrx_word' id='word_1_830' title='bbox 868 5530 953 5587; x_wconf 89' lang='lat' dir='ltr'><strong>l9.</strong></span> <span class='ocrx_word' id='word_1_831' title='bbox 1032 5533 1075 5565; x_wconf 80' lang='grc'><strong>³¹¹</strong></span> <span class='ocrx_word' id='word_1_832' title='bbox 1116 5531 1274 5589; x_wconf 83' lang='lat' dir='ltr'><strong>Rom.</strong></span> <span class='ocrx_word' id='word_1_833' title='bbox 1306 5547 1378 5599; x_wconf 86' lang='lat' dir='ltr'><strong>tv,</strong></span> <span class='ocrx_word' id='word_1_834' title='bbox 1417 5532 1501 5587; x_wconf 82' lang='grc'><strong>17.</strong></span> <span class='ocrx_word' id='word_1_835' title='bbox 1583 5533 1627 5564; x_wconf 85' lang='grc'><strong>³³</strong></span> <span class='ocrx_word' id='word_1_836' title='bbox 1654 5531 1809 5589; x_wconf 83' lang='lat' dir='ltr'><strong>Rom.</strong></span> <span class='ocrx_word' id='word_1_837' title='bbox 1845 5549 1919 5600; x_wconf 83' lang='lat' dir='ltr'><strong>vr,</strong></span> <span class='ocrx_word' id='word_1_838' title='bbox 1956 5534 1998 5588; x_wconf 88' lang='grc'><strong>1-</strong></span> 
     </span>
    </p>
   </div>
   <div class='ocr_carea' id='block_1_110' title="bbox 2100 5524 2789 5600">
    <p class='ocr_par' dir='ltr' id='par_1_110' title="bbox 2147 5532 2789 5600">
     <span class='ocr_line' id='line_1_110' title="bbox 2147 5532 2789 5600; baseline 0.003 -13"><span class='ocrx_word' id='word_1_839' title='bbox 2147 5534 2194 5565; x_wconf 75' lang='grc'><strong>³⁸</strong></span> <span class='ocrx_word' id='word_1_840' title='bbox 2224 5532 2416 5591; x_wconf 83' lang='lat' dir='ltr'><strong>Matth.</strong></span> <span class='ocrx_word' id='word_1_841' title='bbox 2450 5549 2642 5600; x_wconf 79' lang='lat' dir='ltr'><strong>xxvttt,</strong></span> <span class='ocrx_word' id='word_1_842' title='bbox 2702 5533 2789 5590; x_wconf 78' lang='lat' dir='ltr'><strong>l9.</strong></span> 
     </span>
    </p>
   </div>
   <div class='ocr_carea' id='block_1_111' title="bbox 1553 5669 2657 5742">
    <p class='ocr_par' dir='ltr' id='par_1_111' title="bbox 1553 5669 2657 5742">
     <span class='ocr_line' id='line_1_111' title="bbox 1553 5669 2657 5742; baseline 0.003 -18"><span class='ocrx_word' id='word_1_843' title='bbox 1553 5670 1728 5725; x_wconf 75' lang='lat' dir='ltr'><strong>Varia:</strong></span> <span class='ocrx_word' id='word_1_844' title='bbox 1760 5669 2023 5727; x_wconf 87' lang='lat' dir='ltr'><strong>lectiones</strong></span> <span class='ocrx_word' id='word_1_845' title='bbox 2053 5670 2259 5729; x_wconf 79' lang='lat' dir='ltr'><strong>codicis</strong></span> <span class='ocrx_word' id='word_1_846' title='bbox 2289 5670 2657 5742; x_wconf 80' lang='lat' dir='ltr'><strong>Seguieriani.</strong></span> 
     </span>
    </p>
   </div>
   <div class='ocr_carea' id='block_1_112' title="bbox 525 5795 1262 5883">
    <p class='ocr_par' dir='ltr' id='par_1_112' title="bbox 525 5795 1262 5883">
     <span class='ocr_line' id='line_1_112' title="bbox 525 5795 1262 5883; baseline 0.045 -41"><span class='ocrx_word' id='word_1_847' title='bbox 525 5796 549 5883; x_wconf 22' lang='lat' dir='ltr'><strong>tv</strong></span> <span class='ocrx_word' id='word_1_848' title='bbox 572 5795 877 5869; x_wconf 66' lang='grc' dir='ltr'>ὁμοούσιος.</span> <span class='ocrx_word' id='word_1_849' title='bbox 958 5803 972 5852; x_wconf 78' lang='lat' dir='ltr'><strong>l</strong></span> <span class='ocrx_word' id='word_1_850' title='bbox 1009 5804 1066 5856; x_wconf 71' lang='grc' dir='ltr'>ἓν</span> <span class='ocrx_word' id='word_1_851' title='bbox 1105 5807 1262 5874; x_wconf 67' lang='grc' dir='ltr'><strong>ἀρχῇ·</strong></span> 
     </span>
    </p>
   </div>
  </div>
