4076 6446
400 462 539 523 MO‘J

1216 464 1308 520 AD
1344 462 1643 521 REGINAS
1680 464 1768 520 DE
1808 463 2038 520 RECTA
2081 463 2236 520 FIDE
2273 462 2535 518 ORATIO
2569 462 2870 518 ALTERA.

3534 464 3673 523 HIC

398 579 500 653 τὴν
533 578 753 650 ἰσότητα
778 577 874 650 τῆς
899 578 1076 646 ἀξίας,
1101 580 1269 649 ἤγουν
1298 580 1609 645 αὕθεντίας,
1640 581 1988 653 διῃρημένων

2094 577 2262 634 fuisse
2291 579 2646 644 contendunt,
2676 578 2888 633 naturis
2913 576 3129 633 interim
3157 580 3512 651 personisque
3531 583 3672 637 divi-

401 675 511 728 τῶν
539 671 777 742 φύσεων,
829 673 909 734 είς
941 670 1033 725 τὸν
1076 671 1224 735 τίνος
1258 672 1501 743 ,θάνατον
1549 672 1981 742 ἐϐαπτίσθημεν.

400 766 465 833 Εἰ
498 765 599 836 μὲν
628 758 721 818 οὖν
758 762 940 827 ιδικῶς
978 763 1059 827 είς
1099 763 1190 816 τὸν
1220 762 1316 817 τοῦ
1355 763 1492 817 Θεοῦ
1521 764 1717 833 Λόγον,
1746 781 1986 835 κατηγο-

404 855 641 926 ρήσομεν
668 852 915 924 ἐναργῶς
937 854 1033 923 τῆς
1063 853 1345 924 ἀκηράτου
1371 854 1586 923 φύσεως
1622 854 1721 925 τὴν
1754 853 1984 925 φθοράν,

399 946 496 1001 καὶ
537 944 909 1017 καθοριοῦμεν
953 946 1181 1000 θάνατον
1207 946 1308 1017 τῆς
1346 949 1488 1002 κατὰ
1534 946 1694 1017 φύσιν
1727 948 1889 1019 ζωῆς.
1922 948 1987 1000 Εἰ

397 1034 456 1088 δὲ
481 1035 545 1108 δὴ
596 1038 775 1106 φαῖεν,
827 1037 909 1088 ὅτι
953 1034 1048 1088 τοῦ
1089 1038 1153 1090 ἐκ
1201 1036 1463 1105 γυναικὸς
1500 1036 1605 1107 ἰδία
1634 1054 1700 1089 τε
1748 1037 1843 1090 καὶ
1883 1036 1986 1091 ἀνά

401 1125 569 1198 μέρος
615 1126 711 1178 καὶ
750 1125 874 1179 καθ’
914 1126 1109 1179 ἑαυτὸν
1151 1127 1482 1197 νοουμένου,
1517 1126 1636 1190 πῶς
1662 1126 1722 1179 οὐ
1764 1124 1986 1179 κάκεῖνό

397 1229 560 1283 φασιν
587 1212 912 1280 ἀναφανδὸν,
951 1213 1036 1266 ὅτι
1074 1213 1289 1278 πάντως
1323 1215 1487 1279 αὐτὸς
1521 1216 1606 1285 εἴη
1642 1216 1708 1268 ἂν
1736 1217 1763 1268 6
1795 1231 1985 1268 συντε-

396 1303 667 1374 ταγμένος
713 1302 791 1374 τῷ
820 1304 1000 1374 Πατ⁴ρ¹ι
1045 1304 1248 1375 καὶτῷ
1285 1307 1427 1375 ἁγίῳ
1475 1306 1793 1378 Πνεῦματι,
1840 1307 1982 1377 τάχα

398 1411 500 1447 που
540 1394 636 1447 καὶ
686 1394 1014 1459 ἐξωσθέντος
1063 1396 1165 1465 τῆς
1197 1396 1431 1468 ἀληθοῦς
1484 1398 1732 1467 υίότητος
1765 1395 1857 1449 τοῦ
1919 1397 1984 1450 ἐκ

398 1484 533 1539 Θεοῦ
563 1485 759 1553 φύντος
786 1485 961 1554 Λόγου
983 1527 998 1552 ,
1035 1486 1196 1556 εῐπερ
1223 1487 1340 1540 ἐστί¹
1362 1486 1591 1540 θανάτου
1621 1487 1885 1550 δεκτικὸς,
1924 1480 1985 1540 οὗ

397 1577 492 1629 καὶ¹
520 1578 603 1639 εἰς
646 1576 738 1630 τὸν
764 1576 1001 1631 θάνατον
1056 1576 1506 1649 βεϐαπτίσμεθας
1570 1578 1711 1632 Ἀλλ’
1743 1580 1846 1651 ὁρᾷ
1879 1595 1984 1632 που

398 1664 620 1729 πάντως
652 1666 680 1719 6
712 1665 837 1718 νοῦν
868 1666 1008 1736 ἔχων
1038 1666 1469 1737 διεγηγερμένον
1500 1667 1598 1739 τὴν
1623 1668 1730 1721 τῶν
1763 1667 1985 1721 ἐννοιῶν

397 1755 648 1810 ἀτοπίαν.
706 1755 915 1809 Οὐκοῦν
964 1755 1178 1826 ἀνάγκη
1229 1760 1390 1824 νοεῖν,
1435 1759 1515 1811 ὅτι
1564 1758 1804 1827 γεγονὼς
1858 1757 1984 1811 καθ’

397 1848 549 1917 ἡμᾶς
575 1847 604 1898 6
632 1844 726 1900 τοῦ
764 1844 898 1899 Θεοῦ
933 1846 1107 1915 Λόγος
1132 1886 1146 1911 ,
1192 1849 1358 1919 σαρκὶ
1389 1848 1659 1902 πέπονθεν
1691 1849 1852 1901 έκὼν.
1888 1849 1985 1902 Βε-

2101 669 2205 724 sim
2252 670 2693 735 subsistentibus,
2739 669 2775 724 ii
2825 684 2924 724 uos
2965 670 3216 735 doceant,
3261 671 3313 725 in
3366 673 3670 728 utriusnatu

2090 764 2318 811 mortem
2361 756 2620 825 baptizati
2661 758 2855 815 simus.
2884 756 3017 811 Nam
3054 759 3101 814 si
3134 760 3183 813 in
3213 760 3378 815 divini
3410 760 3594 826 Verbi,
3615 769 3674 816 ut

2098 861 2347 901 seorsum
2371 862 2467 918 per
2496 863 2556 902 se
2594 847 2777 904 animo
2807 849 3133 919 concipitur,
3169 863 3397 906 mortem
3430 853 3673 921 baptiza-

2090 944 2173 994 tos
2204 953 2303 992 nos
2340 940 2561 1007 dicunt;
2588 939 2985 1010 incorruptibili
3014 954 3224 998 natura:
3266 946 3669 1014 corruptionem

2090 1029 2250 1101 plane
2278 1030 2601 1097 tribuemus,
2641 1042 2695 1086 et
2727 1032 2800 1086 illi
2830 1037 2921 1099 qui
2954 1045 3147 1105 suapte
3190 1047 3381 1090 natura
3417 1038 3526 1092 vita
3564 1045 3668 1104 est,

2090 1126 2322 1173 mortem
2372 1120 2727 1174 ascribemus.
2766 1121 2860 1175 Sin
2889 1132 3069 1175 autem
3112 1137 3211 1176 nos
3243 1122 3296 1176 in
3342 1122 3482 1177 illius
3516 1139 3672 1178 tuor-

2089 1215 2199 1264 tem
2232 1208 2442 1264 ablutos
2477 1210 2880 1279 responderint,
2932 1211 3022 1280 qui
3070 1214 3289 1282 proprie
3332 1228 3576 1268 seorsum
3618 1219 3673 1269 et

2088 1316 2186 1373 per
2246 1315 2305 1356 se
2369 1316 2432 1356 ex
2488 1317 2644 1356 sacra
2692 1300 2915 1373 Virgine
2969 1311 3123 1357 Ottus
3174 1304 3545 1375 intelligitur;
3580 1304 3672 1375 qui

2091 1394 2207 1449 fieri
2231 1403 2407 1465 potest
2432 1406 2515 1461 ut,
2548 1395 2693 1449 illum
2728 1396 2949 1450 omnino
2983 1411 3124 1460 esse,
3150 1398 3241 1465 qui
3272 1398 3515 1467 ejusdem
3549 1412 3672 1452 cum

2089 1481 2253 1555 Patre
2298 1492 2353 1557 et
2397 1483 2601 1554 Spiritu
2645 1493 2835 1538 sancto
2892 1485 3101 1539 ordinis
3144 1498 3196 1542 et
3238 1486 3518 1557 dignitatis
3565 1496 3672 1552 est,

2089 1575 2294 1631 diserte
2325 1590 2428 1630 non
2467 1575 2865 1646 proﬁteantur;
2900 1576 3134 1632 fortasse
3178 1579 3342 1632 etiam
3377 1578 3559 1648 genito
3602 1592 3672 1633 ex

2091 1667 2200 1722 Deo
2230 1664 2408 1721 Verbo
2444 1681 2574 1720 vera
2611 1667 2873 1721 ﬁliatione
2903 1667 3159 1734 spoliato,
3191 1669 3237 1722 si
3279 1670 3470 1723 mortis
3505 1683 3674 1739 capax

2089 1756 2178 1812 ille
2206 1767 2311 1824 est,
2341 1757 2394 1811 in
2440 1755 2597 1825 cujus
2633 1765 2861 1811 mortem
2899 1756 3158 1826 baptizati
3181 1759 3407 1814 sumus?
3434 1761 3502 1813 At
3530 1760 3676 1830 quis,

2089 1840 2293 1917 quarso,
2319 1851 2405 1903 cui
2441 1850 2604 1902 modo
2636 1864 2790 1903 mens
2815 1849 3013 1918 vigeat,
3049 1852 3392 1906 manifestam
3417 1852 3678 1908 doctrinae

398 1934 749 2005 ϐαπτίσμεθα
797 1936 909 2005 γὰρ
958 1934 1132 2000 οὓτως
1167 1938 1246 2000 είς
1283 1937 1375 1990 τὸν
1407 1938 1571 1992 αὐτοῦ
1609 1937 1856 2005 θάνατον,
1910 1938 1987 2003 ὡς

2091 1941 2251 2009 hujus
2287 1941 2680 1995 absurditatem
2731 1956 2838 1994 non
2874 1941 3318 1997 animadvertat?
3354 1944 3677 2001 Necessario

399 2026 519 2091 ἐνὸς
552 2027 706 2091 δντος
737 2026 872 2081 Υἱοῦ
893 2069 907 2095 ,
943 2028 1087 2082 κατά
1114 2028 1213 2099 μὲν
1244 2029 1344 2100 τὴν
1390 2031 1490 2094 τῆς
1530 2029 1781 2101 θεότητος
1819 2032 1982 2101 φύσιν

400 2118 648 2183 ἀπαθοῦς
668 2161 685 2187 ,
714 2119 960 2190 παθητοῦ
990 2121 1046 2174 δὲ
1077 2120 1219 2175 κατὰ
1237 2121 1337 2191 τὴν
1363 2123 1561 2193 σάρκα.
1602 2123 1723 2175 Ὅτι
1749 2123 1803 2175 δέ
1831 2125 1981 2193 ἡμᾶς

397 2212 479 2274 είς
513 2209 811 2281 καινότητα
865 2210 1013 2280 ζωῆς
1063 2211 1432 2283 μεταπλάττει
1470 2213 1706 2283 Χριστὸς
1752 2214 1840 2267 διὰ
1878 2215 1979 2285 τῆς

397 2301 749 2364 ἀναστάσεως
772 2340 787 2367 ,
820 2300 939 2364 πῶς
971 2300 1037 2354 ἂν
1064 2301 1357 2355 ἐνδοιάσειέ
1387 2319 1475 2365 τις
1502 2319 1516 2368 ;
1547 2294 1845 2372 παρίστησι
1871 2307 1979 2377 γὰρ

394 2392 547 2462 ἡμᾶς
579 2390 755 2462 ἐαυτῷ
786 2408 847 2446 τε
877 2392 972 2445 καὶ
1008 2392 1086 2463 τῷ
1118 2393 1295 2464 Πατρὶ
1324 2392 1456 2445 ὡσεὶ
1490 2393 1555 2445 ἐκ
1597 2393 1804 2463 νεκρῶν
1846 2394 1980 2458 ζῶν.

393 2501 516 2550 τας,
573 2484 713 2538 καθά
760 2484 1118 2555 γέγραπται·
1154 2506 1173 2537 ί
1199 2486 1309 2540 Καὶ
1358 2486 1730 2550 ἀποθανόντας
1781 2487 1880 2557 μὲν
1914 2491 1980 2561 τῇ

394 2576 661 2647 ἁμαρτίᾳ,
692 2575 899 2640 ζῶντας
938 2577 993 2631 δὲ
1017 2580 1084 2649 τῇ
1116 2577 1449 2651 δικαιοσύνῃ.
1497 2598 1515 2630 ι

2056 2106 2072 2118 _
2091 2035 2273 2103 itaque
2296 2032 2641 2088 statuendum
2693 2042 2779 2086 est
2822 2031 2917 2087 Dei
2946 2033 3176 2089 Verbum
3201 2036 3380 2090 simile
3414 2037 3569 2092 nobis
3597 2036 3678 2093 fa-

2090 2134 2236 2181 ctum
2265 2140 2387 2179 esse
2438 2135 2780 2193 mortemque
2826 2124 2879 2178 in
2921 2141 3087 2180 carne
3116 2127 3259 2181 ultro
3283 2114 3677 2185 subiisseIliac

2088 2217 2230 2270 enim
2263 2216 2475 2269 ratione
2509 2215 2562 2268 in
2601 2224 2829 2269 mortem
2859 2214 3004 2270 illius
3034 2216 3293 2286 baptizati
3314 2232 3525 2284 sumus,
3549 2233 3673 2274 cum

2087 2323 2192 2362 non
2235 2308 2334 2381 pisi
2360 2321 2498 2361 unus
2529 2316 2737 2360 tantum
2772 2307 2846 2361 sit
2881 2306 3073 2375 Filius,
3104 2309 3194 2378 qui
3229 2309 3449 2377 quidem
3482 2324 3679 2365 secun-

2087 2398 2211 2453 dum
2240 2398 2541 2452 divinitatis
2570 2408 2823 2452 naturam
2862 2399 2975 2468 pati
2997 2399 3131 2453 nihil
3156 2400 3355 2469 potuit,
3376 2401 3676 2457 secundum

2090 2491 2381 2546 humanam
2434 2498 2619 2545 autem
2683 2491 2879 2559 potuit.
2933 2490 3181 2545 Tandem
3243 2492 3390 2561 quod
3425 2491 3680 2548 Christus

2090 2597 2191 2653 per
2212 2582 2674 2637 resurrectionem
2709 2582 2761 2635 in
2794 2582 2922 2636 vitae
2958 2582 3258 2636 novitatem
3287 2596 3391 2637 nos
3412 2581 3678 2638 transfor-

397 2678 531 2731 met,
565 2669 615 2721 id
648 2668 701 2721 in
732 2669 1092 2737 quaestionem
1129 2682 1237 2723 non
1274 2672 1440 2724 cadit.
1489 2672 1644 2727 Sistit
1689 2672 1834 2727 enim
1880 2686 1979 2727 nos
2007 2672 2175 2727 veluti
2216 2687 2281 2726 ex
2317 2672 2547 2727 mortuis
2578 2671 2825 2727 viventes
2873 2682 2928 2727 et
2962 2672 3067 2728 sibi
3101 2681 3156 2727 et
3190 2672 3360 2730 Patri.
3402 2673 3677 2744 Scriptum

397 2765 482 2813 est
510 2772 742 2824 namque
789 2772 804 2810 :

465 2852 595 2908 NI".
636 2870 656 2905 ι
706 2853 771 2907 Εἰ
806 2851 865 2904 δὲ
903 2852 966 2904 τὸ
1007 2853 1233 2923 Πνεῦμα
1261 2853 1352 2905 τοῦ
1399 2855 1715 2925 ἐγείραντος
1770 2853 1981 2924 Ἰησοῦν

396 2946 634 3018 Χριστὸν
670 2946 810 2998 οἰκεῖ
838 2945 895 2997 ἐν
919 2945 1074 3013 ἡμῖν,
1109 2943 1138 2995 6
1176 2942 1398 3014 ἐγείρας
1427 2946 1493 2996 ἐκ
1524 2943 1735 3014 νεκρῶν
1775 2941 1985 3012 Ἰησοῦν

396 3035 634 3107 Χριστόν
667 3034 994 3104 ζωοποιήσει
1026 3033 1121 3087 καὶ
1149 3034 1219 3087 τὰ
1247 3032 1419 3113 θνητὰ
1445 3032 1674 3103 σώματα
1705 3033 1862 3103 ἡμῶν
1896 3032 1985 3085 διὰ

390 3129 490 3183 τοῦ
529 3126 865 3190 ἐνοικοῦντος
909 3125 1075 3177 αὑτοῦ
1104 3124 1423 3195 Πνεῦματος
1463 3127 1521 3177 ὲν
1550 3125 1683 3195 ἡμῖν
1708 3124 1755 3178 ιι.
1799 3145 1817 3176 ο
1862 3124 1984 3196 Ζωὴ

394 3220 502 3291 μέν
535 3221 653 3273 ἐστι
698 3208 840 3273 κατά
881 3215 1043 3288 φύσιν
1076 3217 1104 3268 ὁ
1147 3217 1443 3286 μονογενὴς
1479 3214 1575 3268 τοῦ
1602 3214 1739 3268 Θεοῦ
1779 3215 1982 3282 Λόγος’

399 3312 586 3384 ἐπειδὴ
604 3312 663 3367 δὲ
692 3311 772 3381 τῷ
802 3310 1018 3380 θανάτῳ
1057 3310 1285 3379 κάτοχον
1314 3308 1630 3380 ἠμπέσχετο
1661 3308 1819 3379 σῶμα
1842 3347 1857 3371 ,
1892 3309 1987 3360 καὶ
2015 3339 2058 3395 C

399 3404 583 3474 χάριτι
612 3403 714 3474 μὲν
759 3401 895 3454 Θεοῦ
934 3400 1022 3453 διὰ
1064 3400 1165 3470 τῆς
1203 3400 1338 3465 ἰδίας
1370 3401 1571 3471 σαρκὸς
1616 3401 1757 3471 ὑπὲρ
1785 3399 1987 3462 παντὸς

399 3495 664 3563 ἐγεύσατο
692 3494 947 3560 θανάτου,
969 3492 1167 3557 θεῖκῶς
1204 3510 1267 3563 γε
1299 3493 1404 3564 μὴν
1436 3492 1661 3554 ἀνεϐίω,
1701 3511 1719 3544 ι
1752 3491 1878 3545 καθ’
1902 3492 1987 3544 ὅτι

394 3588 500 3641 οὐκ
525 3584 593 3659 ἦν
621 3587 846 3640 δυνατὸν
872 3584 1194 3658 κρατεῖσθαι
1219 3584 1380 3637 αὑτὸν
1413 3584 1504 3636 ὑπ’
1530 3581 1695 3636 αὑτοῦ
1727 3579 1769 3634 ι.
1799 3601 1817 3633 ι
1840 3580 1989 3636 Ταύ-

397 3696 469 3753 τῃ
493 3696 595 3745 τοι,
623 3680 837 3748 κατάγε
860 3681 985 3743 τοὺς
1017 3678 1219 3751 ἀρτίως
1237 3679 1270 3748 ὴ
1281 3678 1372 3747 μῖν
1390 3675 1752 3739 ἀποδοθέντας
1765 3675 1956 3743 λόγους
1970 3716 1985 3741 ,

396 3773 701 3844 ἐηγέρθατ
743 3773 964 3841 λέγεται
988 3770 1144 3843 παρά
1167 3768 1261 3823 τοῦ
1286 3768 1520 3841 Πατρός.
1551 3769 1697 3839 Πλὴν
1723 3770 1898 3822 ἐκεῖνο
1924 3768 1987 3839 δὴ
2016 3832 2023 3837 1

400 3862 563 3917 πάλιν
621 3862 756 3931 φέρε
779 3860 842 3929 δὴ
864 3898 879 3923 ,
917 3860 1054 3928 φέρε
1083 3859 1538 3928 καταθρήσωμεν,
1565 3859 1615 3910 εἰ
1642 3858 1809 3910 δοκεῖ·
1842 3859 1987 3909 Ζωο-

401 3954 648 4023 ποιήσειν
669 3951 772 4021 ἔφη
798 3950 889 4003 τὸν
913 3950 1132 4020 Πατέρα
1154 3950 1247 4003 καὶ
1264 3949 1333 4002 τὰ
1355 3949 1514 4018 ἡμῶν
1538 3948 1766 4019 σώματα
1786 3948 1873 4000 διὰ
1890 3946 1986 4000 τοῦ

400 4041 542 4097 Πνεύ
552 4058 719 4111 ματος
746 4039 913 4094 αὐτοῦ
936 4039 1279 4101 ἐνοικοῦντος
1302 4039 1362 4091 ἐν
1389 4040 1543 4109 ἡμῖν’
1565 4039 1660 4091 καὶ
1689 4038 1889 4110 ἀληθὲς
1904 4038 1986 4091 ὅτι

398 4135 461 4187 τὺ
478 4133 670 4204 χρῆμά
686 4134 853 4197 ἐστιν,
872 4132 973 4183 οὐκ
996 4130 1062 4184 ἂν
1086 4129 1377 4183 ἐνδοιάσειέ
1405 4145 1508 4191 τις·
1544 4129 1660 4182 ἀλλ’
1685 4129 1817 4182 αὐτὸ
1839 4127 1903 4199 δὴ
1926 4128 1987 4181 τὸ

400 4223 629 4295 Πνεῦμα
641 4222 703 4276 τὺ
719 4220 1042 4287 ζωοποιοῦν,
1064 4221 1158 4275 καὶ
1173 4218 1337 4274 αὐτοῦ
1353 4221 1495 4274 Πνεῦ
1504 4221 1579 4290 μά
1594 4221 1711 4273 ἐστι
1724 4218 1983 4291 Χριστοῦο

400 4315 710 4386 γέγραπται
741 4314 871 4384 γὰρ,
910 4315 992 4367 ἔτι
1023 4331 1043 4366 ι
1064 4313 1254 4384 Ὑμεῖς
1287 4314 1384 4383 μὲν
1418 4314 1519 4366 οὐκ
1547 4312 1673 4365 ἐστέ
1702 4314 1759 4366 ἐν
1788 4312 1986 4383 σαρκὶ,

401 4404 518 4457 ἀλλ’
550 4405 607 4457 ἐν
643 4403 938 4473 πνεύματι,
978 4401 1139 4473 εἴπερ
1168 4402 1392 4473 Πνεῦμα
1418 4402 1550 4455 Θεοῦ
1579 4402 1720 4455 οίκεῖ
1751 4402 1810 4454 ἐν
1836 4403 1984 4472 ὑμῖν.

401 4495 466 4548 Εἰ
498 4495 556 4549 δέ
583 4512 666 4558 τις
688 4494 915 4566 Πνεῦμα
943 4493 1181 4566 Χριστοῦ
1206 4495 1306 4547 οὐκ
1338 4493 1474 4565 ἔχει,
1507 4486 1666 4557 οὗτος
1699 4494 1800 4547 οὐκ
1841 4493 1987 4547 ἔστιν

402 4589 592 4644 αὐτοῦ.
637 4608 656 4642 ι
709 4589 820 4643 Καὶ
864 4588 1029 4643 πάλιν
1075 4588 1204 4658 περὶ
1258 4587 1368 4641 τῶν
1421 4587 1593 4655 ἁγίων
1647 4586 1984 4641 ἀποστόλων⁹

867 2757 1107 2812 «Μοτιυὶ
1135 2757 1351 2826 quidem
1394 2769 1637 2828 peccato,
1700 2761 1945 2814 viventes
1991 2769 2170 2814 autem
2191 2759 2509 2826 iustitiae”.
2549 2777 2568 2810 ι

2161 2853 2295 2907 Llil.
2328 2871 2348 2904 r
2372 2855 2525 2918 Quod
2550 2853 2596 2906 si
2632 2852 2866 2920 Spiritus
2899 2850 3013 2922 ejus
3047 2851 3138 2922 qui
3174 2852 3457 2907 suscitavit
3488 2852 3675 2908 Jesum

2090 2942 2363 2998 Clu‘istum
2398 2958 2427 2995 a
2461 2943 2710 3006 mortuis,
2750 2943 2958 2997 habitat
2996 2943 3048 2995 in
3094 2942 3271 3006 vobis,
3306 2944 3397 3011 qui
3434 2943 3675 2999 suscita-

2088 3035 2165 3090 vit
2196 3035 2379 3089 Jesum
2407 3034 2685 3088 Christum
2717 3049 2747 3087 a
2802 3034 3055 3098 mortuis,
3085 3032 3383 3089 viviﬁcabit
3422 3035 3677 3090 mortalia

2089 3142 2317 3196 corpora
2353 3136 2534 3180 vestra
2575 3141 2673 3195 per
2718 3124 3117 3180 inhabitantem
3154 3124 3419 3194 Spiritum
3448 3127 3568 3194 ejus
3621 3130 3676 3182 in

2089 3220 2328 3276 vobis".
2364 3236 2383 3270 ι
2418 3218 2533 3272 Etsi
2578 3218 2921 3288 unigenitum
2965 3218 3056 3273 Dei
3091 3216 3327 3272 Verbum
3377 3220 3675 3274 secundum

2090 3321 2341 3365 naturam
2365 3310 2474 3363 vita
2500 3317 2618 3364 est:
2646 3317 2885 3363 attamen
2915 3312 3058 3378 quod
3089 3323 3291 3379 corpus
3319 3309 3480 3364 morti
3502 3311 3677 3365 obuo-

2092 3401 2244 3455 xium
2278 3400 2536 3465 induerit,
2584 3398 2745 3470 174
2785 3398 2958 3467 gratia
3005 3397 3095 3453 Dei
3124 3414 3220 3469 per
3252 3400 3526 3469 propriam
3557 3414 3679 3453 ear-

2088 3505 2211 3545 nem
2237 3505 2336 3560 pro
2359 3488 2611 3545 omnibus
2631 3492 2870 3561 gustavit
2899 3498 3132 3544 mortem
3155 3490 3199 3522 ⁸⁷
3228 3506 3243 3555 ;
3274 3505 3460 3544 verum
3491 3491 3675 3545 divina

2090 3584 2295 3638 virtute
2325 3584 2393 3637 ad
2422 3584 2590 3636 vitam
2621 3583 2803 3648 rediit,
2839 3600 2858 3633 ι
2887 3592 3162 3649 quatenus
3190 3582 3527 3652 impossibile
3556 3593 3680 3639 erat

2091 3688 2121 3728 a
2153 3682 2329 3729 morte
2358 3672 2507 3728 illum
2545 3671 2801 3729 teneri".
2835 3691 2855 3725 ›
2885 3672 2967 3728 0b
3000 3673 3099 3729 has
3143 3674 3329 3743 itaque
3371 3674 3613 3731 rationes
3643 3691 3675 3732 a

2089 3765 2252 3821 Patre
2286 3780 2317 3820 e
2346 3766 2576 3820 mortuis
2614 3770 2983 3821 exsuscitatus
3008 3766 3234 3823 dicitur.
3285 3764 3404 3820 Jam
3430 3781 3559 3822 vero
3584 3782 3678 3824 ae-

2084 3865 2299 3920 ‘curate,
2341 3856 2388 3910 si
2420 3856 2656 3919 videtur,
2706 3857 3105 3923 expendamus,
3148 3856 3424 3924 quomodo
3456 3856 3675 3912 Patrem

2090 3946 2339 4024 mortalia
2367 3960 2584 4016 quoque
2619 3955 2805 3999 nostra
2832 3950 3062 4013 corpm'a
3099 3960 3197 4014 per
3218 3946 3484 4013 Spiritum
3516 3963 3675 4002 suum

2089 4038 2181 4107 qui
2214 4036 2427 4091 habitat
2472 4032 2525 4090 in
2559 4036 2738 4101 nobis,
2770 4036 3173 4091 viviiieaturum
3206 4037 3483 4108 pradicet.
3512 4036 3674 4106 .Vivi-

2089 4128 2273 4184 ﬁcabit
2306 4129 2511 4197 itaque,
2546 4142 2721 4196 neque
2756 4128 2822 4183 de
2856 4127 3017 4197 hujus
3046 4130 3123 4184 rei
3148 4129 3379 4185 veritate
3424 4131 3676 4188 dubitare

2088 4222 2269 4278 licet:
2325 4230 2704 4276 verumtamen
2748 4221 2888 4276 idem
2939 4221 3032 4277 ille
3087 4222 3337 4278 viviﬁcus
3398 4221 3673 4293 Spiritus,

2088 4308 2290 4365 Christi
2327 4323 2549 4379 quoque
2588 4308 2834 4380 Spiritus
2864 4318 2969 4365 est.
3025 4308 3301 4381 Scriptum
3353 4321 3440 4368 est
3487 4315 3674 4369 enim:

2095 4420 2115 4453 ‹
2150 4402 2259 4458 Vos
2295 4418 2399 4457 non
2432 4403 2568 4459 estis
2599 4403 2650 4456 iu
2677 4418 2866 4469 carne,
2900 4406 2996 4460 sed
3049 4406 3103 4459 in
3152 4405 3383 4474 spiritu;
3414 4407 3458 4460 si
3494 4417 3676 4464 tamen

2092 4493 2330 4565 Spiritus
2355 4496 2445 4549 Dei
2481 4496 2695 4550 habitat
2725 4496 2776 4549 in
2815 4495 2990 4550 vobis.
3029 4496 3085 4551 Si
3121 4498 3247 4565 quis
3287 4507 3467 4551 autem
3501 4499 3677 4567 Spiri-

2091 4596 2203 4641 tum
2247 4588 2451 4643 Christi
2504 4602 2610 4642 non
2672 4586 2854 4651 habet,
2890 4587 2980 4643 hic
3012 4604 3119 4643 non
3154 4597 3235 4643 est
3290 4589 3409 4659 ejus
3426 4590 3493 4644 ³³.
3536 4610 3555 4643 ι
3611 4592 3672 4646 Et

405 4702 425 4734 1
473 4679 830 4744 Ἐλθόντες·δέ
862 4680 1002 4734 κατά
1029 4680 1130 4753 τὴν
1163 4678 1399 4744 Μυσίαν,
1441 4678 1731 4750 ἐπείραζον
1763 4681 1845 4742 εἰς
1885 4681 1985 4750 τὴν

2092 4696 2307 4736 rursum
2343 4682 2410 4735 de
2463 4680 2669 4735 sanctis
2715 4680 2977 4749 apostolis
3030 4681 3105 4735 ita
3164 4682 3441 4737 scribitur.
3487 4701 3506 4733 ι
3534 4682 3670 4738 Cum

401 4774 654 4828 Βιθυνίαν
707 4772 1079 4844 πορευθῆναι,
1130 4773 1227 4826 καὶ
1279 4773 1381 4825 οὐκ
1433 4774 1617 4826 εἴασεν
1670 4772 1868 4835 αὐτοὺς
1918 4771 1979 4824 τὸ

401 4864 626 4936 Πνεῦμα
676 4864 770 4918 τοῦ
832 4865 1028 4934 Ἰησοῦ.
1088 4883 1106 4916 ι
1169 4864 1301 4916 Ὅτε
1350 4865 1532 4917 τοίνυν
1585 4863 1716 4917 ἴδιόν
1765 4864 1882 4916 ἐστι
1920 4862 1982 4915 τὸ

402 4959 625 5029 Πνεῦμα
650 4961 746 5013 καὶ
770 4957 934 5011 αὐτοῦ
956 4956 1050 5010 τοῦ
1082 4957 1484 5029 ἐγηγερμένον,
1514 4957 1695 5010 καίτοι
1723 4956 1816 5010 τοῦ
1843 4955 1977 5009 Θεοῦ

398 5051 494 5105 καὶ
534 5050 747 5120 Πατρός
783 5047 1177 5114 ζωοποιοῦντος
1224 5049 1375 5118 ἡμᾶς
1420 5050 1480 5101 ἐν
1511 5047 1824 5119 Πνεύματι,
1861 5047 1981 5112 πῶς

399 5143 545 5196 ἐστιν
583 5141 975 5212 ἀμφιϐάλλειν,
1010 5142 1092 5194 ὅτι
1134 5140 1453 5212 πέπρακται
1487 5141 1586 5212 μὲν
1631 5141 1761 5212 περὶ
1792 5140 1854 5215 τὸ
1881 5141 1978 5194 ἁν-

400 5234 674 5304 υρώπινον
708 5236 741 5303 ἠ
773 5235 1088 5297 ἀνάστασις,
1120 5234 1395 5306 ἐνήργηκε
1434 5235 1491 5286 δὲ
1520 5233 1581 5286 τὸ
1614 5233 1803 5305 χρῆμα
1839 5230 1980 5301 μετὰ

397 5327 493 5382 τοῦ
513 5327 644 5380 ἰδίου
668 5327 885 5397 Πατρὺς
906 5327 935 5378 ὁ
960 5326 1019 5393 ἐξ
1057 5327 1224 5381 αὐτοῦ
1249 5327 1391 5380 κατά
1420 5327 1581 5395 φύσιν
1605 5325 1737 5389 Θεὸς
1769 5325 1943 5393 Λόγος
1960 5359 1979 5389 ,

397 5415 460 5475 ob
487 5421 581 5474 καὶ
604 5419 735 5473 ἴδιόν
768 5422 885 5473 ἐστι
912 5420 973 5472 τὸ
1004 5420 1226 5491 Πνεῦμα
1257 5420 1317 5473 τὸ
1341 5418 1639 5484 ζωοποιοῦν
1663 5434 1679 5484 ;

471 5641 518 5676 ³⁸
539 5643 694 5699 Rom.
725 5657 802 5709 vr,
832 5640 920 5696 1⁸5.

1017 5639 1062 5671 ⁸⁸
1085 5639 1240 5695 Rom.
1272 5654 1391 5705 vm,
1420 5638 1504 5693 il.
1584 5635 1627 5668 ³⁷
1666 5634 1829 5690 llebr.
1870 5649 1930 5699 Il,
1968 5632 2049 5690 l9.
2131 5633 2177 5665 ³⁸
2204 5633 2326 5686 Aet.
2361 5647 2421 5695 tt,
2451 5629 2542 5687 24.

2084 4772 2368 4825 venissent
2399 4779 2578 4824 autem
2622 4771 2675 4822 in
2705 4768 2957 4839 Mysiam,
2985 4771 3267 4823 tentabant
3299 4769 3376 4822 ire
3398 4769 3450 4822 in
3484 4766 3674 4839 Bithy-

2090 4864 2271 4928 niam;
2307 4869 2361 4916 et
2394 4875 2499 4914 non
2534 4850 2788 4930 permisit
2817 4873 2913 4913 eos
2943 4858 3181 4927 Spiritus
3211 4858 3341 4915 Jesu
3360 4857 3432 4914 ιο.
3476 4876 3496 4911 ι
3531 4857 3670 4914 Cum

2090 4953 2328 5023 Spiritus
2348 4967 2477 5022 ergo
2501 4951 2670 5019 ipsius
2699 4964 2919 5020 quoque
2950 4951 3267 5006 cxsuscitati
3296 4950 3549 5022 proprius
3576 4950 3668 5011 sit,

2088 5042 2438 5113 quantumvis
2489 5042 2632 5096 Deus
2674 5039 2839 5095 Pater
2880 5042 2934 5096 in
2976 5040 3189 5111 Spiritu
3250 5058 3350 5098 nos
3393 5040 3671 5096 viviﬁcare

2087 5133 2328 5198 dicatur;
2355 5132 2476 5199 quis
2507 5130 2753 5201 ambigat
2804 5134 3265 5188 resurrectionem
3293 5133 3345 5187 in
3373 5132 3668 5186 humanam

2085 5233 2333 5279 naturam
2366 5222 2435 5285 ad
2481 5237 2604 5277 eum
2643 5223 2859 5293 modum
2910 5223 3195 5286 cecidisse,
3236 5229 3294 5275 ut
3329 5236 3447 5275 eam
3488 5229 3667 5273 tamen

2083 5314 2226 5369 Deus
2265 5314 2503 5369 Verbum
2550 5330 2657 5370 uua
2705 5330 2827 5370 cum
2866 5315 3045 5380 Patre,
3094 5329 3159 5369 ex
3199 5327 3311 5382 quo
3344 5311 3668 5366 naturaliter

2080 5406 2348 5477 procedit.
2373 5405 2640 5470 etfecerit,
2677 5406 2836 5472 cujus
2859 5405 3108 5461 viviﬁcus
3135 5404 3224 5460 ille
3263 5404 3502 5475 Spiritus
3541 5417 3670 5475 pro-

2081 5497 2232 5567 prius
2267 5510 2484 5566 quoque
2524 5494 2779 5553 exsistit?

2651 5631 2696 5662 3°
2720 5629 2878 5687 Rom.
2914 5642 3039 5698 νηί,
3064 5628 3118 5685 9.
3233 5628 3276 5661 ⁴⁶
3307 5627 3424 5683 Aet.
3455 5642 3573 5697 xvt,
3611 5631 3666 5685 7.

1501 5752 1675 5809 Variae
1698 5751 1959 5809 lectiones
1986 5746 2187 5806 codicis
2220 5745 2581 5816 Seguieriani.

474 5872 500 5916 k
535 5871 681 5945 ὑμῖν.
760 5867 779 5909 ι
812 5867 917 5923 ὑπὸ
943 5866 1037 5922 τοῦ
1063 5864 1316 5924 θανάτου.
