4076 6416
406 472 541 531 Nil

1399 465 1458 523 S.
1500 464 1776 522 CYRILLI
1809 463 2291 527 ALEXANDRINI
2331 461 2654 520 ARCllIEl'.

3556 456 3688 513 Hii

476 600 611 658 LIV.
645 619 663 652 ι
693 598 775 653 An
807 596 1237 669 experimentum
1266 597 1508 666 quaeritis
1538 598 1677 668 ejus,
1698 599 1873 669 quiin
1904 612 1989 653 me

2162 599 2289 653 NA'.
2333 618 2352 653 ι
2392 599 2456 652 Εἰ
2487 598 2543 652 δὲ
2589 594 2818 669 δοκιμὴν
2859 596 3074 665 ζητεῖτε
3103 592 3195 647 τοῦ
3245 591 3304 646 ἐν
3338 591 3468 663 ἐμοὶ
3504 603 3549 633 ω
3595 594 3693 646 λα-

404 696 645 765 loqnitnr
670 692 960 747 Christus:
989 692 1081 762 qui
1113 691 1166 745 in
1203 690 1359 745 nobis
1398 706 1503 745 non
1533 691 1865 759 inﬁrmatur,
1896 694 1992 746 sed

403 795 596 856 potens
616 793 697 838 est
731 784 783 837 in
823 782 1021 837 vobis?
1053 781 1188 836 Nam
1219 782 1324 837 etsi
1355 781 1653 838 cruciﬁxus
1686 792 1772 839 est
1802 798 1868 837 ex
1904 783 1991 838 in-

407 878 683 939 ﬁrmitate,
703 876 799 930 sed
820 875 954 929 vivit
978 889 1043 928 cx
1070 873 1273 928 virtute
1300 872 1563 929 Dei.Nam
1592 883 1648 928 et
1670 888 1770 929 nos
1790 873 1990 927 inﬁrmi

405 984 592 1025 sumus
620 968 673 1021 in
717 966 851 1020 illo:
884 966 978 1022 sed
1003 968 1251 1020 vivemus
1285 980 1406 1018 cum
1444 979 1511 1019 eo
1553 979 1619 1018 ex
1655 964 1858 1018 virtute
1898 962 1992 1017 Dei

405 1061 459 1114 in
483 1060 636 1114 vobis
659 1058 728 1112 “.
753 1077 771 1109 ι
793 1055 1048 1111 Nonnulli
1081 1072 1269 1112 eorum
1297 1055 1388 1126 qui
1428 1056 1798 1121 crediderunt,
1824 1053 1995 1110 oﬂen-

407 1152 614 1207 sionem
643 1152 708 1204 de
753 1148 981 1205 Domino
1014 1157 1202 1205 nostro
1230 1147 1360 1204 Jesu
1390 1148 1612 1203 Christo
1637 1162 1703 1201 ex
1733 1161 1995 1217 quorum-

406 1242 531 1297 dam
587 1242 933 1297 sermonibus
977 1242 1155 1309 passi,
1203 1241 1257 1295 in
1309 1240 1579 1310 ejusmodi
1634 1239 1995 1308 cogitationes

406 1334 714 1406 praccipites
739 1335 989 1387 abierant
1019 1350 1033 1386 :
1074 1333 1129 1387 Si
1166 1348 1328 1387 verus
1359 1333 1499 1387 Deus
1533 1342 1673 1395 crat,
1703 1329 1996 1384 naturalis.

406 1440 510 1494 que
532 1426 919 1494 omnipotentis
940 1423 1030 1478 Dei
1056 1423 1759 1489 Filius,cnrhomicidarum
1803 1434 1995 1476 manus

407 1533 516 1571 non
549 1517 776 1586 etl‘ngit?
809 1534 932 1571 nam
968 1517 1449 1585 probrosissimam
1479 1517 1530 1571 in
1560 1529 1721 1569 cruce
1764 1524 1993 1568 mortem

406 1608 753 1678 perferendo,
795 1608 1024 1673 intelligi
1084 1624 1188 1661 non
1239 1617 1437 1677 potest,
1463 1606 1736 1676 quomodo
1759 1615 1811 1660 et
1854 1603 1995 1658 Dens

406 1701 704 1764 exstiterit,
737 1709 793 1754 et
822 1699 1260 1769 cruriﬁgentium
1293 1709 1473 1753 tamen
1508 1696 1760 1751 manibus
1814 1711 1996 1750 cvsse-

405 1790 497 1856 rit,
529 1791 844 1859 nostrisque
886 1789 1301 1842 infirmitatibus
1347 1787 1645 1842 obstrictus
1699 1786 1883 1839 fuerit.
1915 1785 1992 1838 Ad

407 1885 715 1952 huiusmodi
759 1893 939 1939 autem
996 1883 1363 1951 cogitationes
1410 1883 1604 1937 beatus
1658 1881 1866 1936 Paulus
1921 1883 1991 1934 ita

2094 691 2316 757 λοῦντος
2359 688 2597 762 Χριστοῦ
2623 728 2639 754 ,
2687 689 2747 752 ὃς
2793 691 2874 753 εἰς
2921 689 3071 759 ἡμᾶς
3116 686 3218 741 οὐκ
3258 684 3518 750 ἀσθενεῖ,
3552 684 3692 739 ἀλλά

2092 786 2307 839 δυνατεῖ
2331 795 2357 822 υ
2386 786 2442 836 ἐν
2474 785 2625 855 ἡμῖν.
2667 781 2780 835 Καὶ
2812 781 2923 852 γὰρ
2984 781 3034 835 εἰ
3072 778 3392 851 ἐσταυρώθη
3431 778 3490 844 ἐξ
3527 777 3692 833 ἀσθε-

2094 876 2278 943 νείας,
2317 876 2452 930 ἀλλά
2485 875 2551 946 ζῇ
2599 875 2665 928 ἐκ
2706 874 2991 943 δυνάμεως
3033 871 3191 927 Θεοῦ.
3227 871 3339 925 Καὶ
3384 872 3495 942 γὰρ
3528 870 3694 940 ¹ἡμεῖς

2093 967 2429 1038 ἀσθενοῦμεν
2469 968 2526 1019 ὲν
2572 963 2761 1037 αὐτῷ,
2812 963 2949 1017 ἀλλά
2997 961 3239 1033 ζήσομεν
3280 961 3380 1014 σὺν
3427 958 3575 1030 αὐτῷ
3626 961 3695 1012 ἐκ

2092 1059 2379 1130 δυνάμεως
2422 1057 2559 1112 Θεοῦ
2612 1060 2694 1123 είς
2732 1057 2897 1128 ὑμᾶς.
2932 1074 2961 1108 ρ»
3013 1053 3497 1117 Ἐσκανδαλίζοντό
3542 1068 3694 1115 τινες

2093 1153 2204 1206 τῶν
2260 1150 2704 1205 πεπιστευκότων
2734 1148 2815 1213 είς
2870 1147 2964 1201 τὸν
3019 1146 3226 1219 Κύριον
3282 1144 3441 1216 ἡμῶν
3481 1143 3695 1215 Ἰησοῦν

2094 1242 2185 1297 τὸν
2209 1243 2465 1313 Χριστὸν,
2497 1243 2638 1313 τάχα
2681 1260 2780 1295 που
2808 1241 2986 1309 λόγοις
3013 1242 3137 1303 τοῖς,
3158 1240 3313 1311 παρά
3336 1254 3498 1291 τινων
3531 1240 3696 1291 ἐπεν-

2095 1336 2414 1407 ηνεγμένοις
2439 1344 2460 1365 °
2518 1335 2652 1406 πρδς
2725 1333 2934 1403 ἑννοίας
2972 1330 3268 1395 τοιαύταςι
3294 1347 3307 1358 ·
3332 1331 3396 1383 Εἰ
3441 1328 3574 1393 Θεὸς
3623 1323 3694 1399 ἦν

2094 1427 2309 1498 ἀληθῶς
2330 1428 2481 1492 ,,καὶ
2512 1426 2640 1489 Υἱὸς
2684 1424 2827 1479 κατά
2861 1427 3023 1487 φύσιν
3064 1423 3160 1477 τοῦ
3192 1418 3371 1477 πάντα
3412 1420 3694 1492 ἰσχύοντος

2094 1519 2263 1584 Θεοῦ,
2299 1519 2416 1584 πῶς
2451 1520 2512 1572 ού
2544 1519 2730 1587 διέδρα
2758 1518 2859 1581 τὰς
2891 1517 3001 1570 τῶν
3040 1516 3338 1596 φονώντων.
3360 1512 3689 1578 ἑπιὸουλά;;

2095 1612 2213 1675 πῶς
2263 1611 2318 1664 δὲ
2347 1612 2442 1665 καὶ
2474 1612 2777 1680 ἀτιμότατα
2797 1620 2822 1659 P
2849 1609 2942 1662 τὸν
2974 1608 3067 1662 ἐπὶ
3098 1607 3256 1673 ξύλου
3292 1606 3523 1660 θάνατον
3552 1607 3689 1658 ἀνα-

2092 1706 2225 1767 τλὰς
2250 1747 2265 1771 ,
2296 1706 2397 1758 οὐκ
2450 1703 2516 1757 ἂν
2556 1705 2734 1755 νοοῖτο
2780 1702 2874 1755 καὶ
2929 1699 3077 1771 μάλα
3131 1699 3358 1763 εἰκότως
3389 1697 3690 1766 ἀσθενῆσαι

2094 1798 2218 1851 καθ’
2255 1797 2404 1866 ἡμᾶς
2425 1837 2440 1860 ,
2462 1794 2559 1848 καὶ
2585 1793 2686 1863 τῆς
2716 1792 2827 1845 τῶν
2861 1791 3240 1861 σταυρούντων
3275 1789 3544 1863 ἡττῆσθαι
3569 1807 3687 1862 χει-

2098 1891 2213 1961 ρός;
2236 1889 2381 1961 Πρὸς
2405 1887 2469 1959 δὴ
2491 1886 2557 1941 τά
2584 1886 2764 1940 τοιάδε
2795 1884 2958 1956 φησιν
2991 1886 3020 1938 ὀ
3054 1882 3342 1947 θεσπέσιος
3367 1882 3596 1947 Παῦλος·
3626 1881 3688 1935 Et

404 1979 731 2047 respondet:
764 1975 820 2031 Si
859 1974 1144 2029 volueritis
1182 1975 1320 2044 apud
1348 1975 1561 2030 animos
1607 1985 1821 2029 vestros
1852 1974 1993 2028 serio

2098 1981 2206 2054 γὰρ
2231 1981 2296 2053 δὴ
2324 1978 2602 2051 βούλοισθε
2642 1976 2961 2049 δοκιμάζειν
2995 1975 3174 2048 ὀρθῶς
3195 2017 3210 2040 ,
3246 1975 3329 2039 τίς
3355 1974 3422 2029 ἀν
3457 1976 3567 2045 εῐη,
3594 1975 3690 2028 καὶ⁵

405 2072 780 2135 considerare,
805 2069 1054 2138 quisnam
1070 2077 1122 2122 et
1146 2068 1323 2137 qualis
1343 2068 1526 2138 sitqui
1547 2068 1601 2123 in
1627 2083 1712 2123 me
1734 2067 2016 2138 l0quitur,-

402 2177 468 2217 ea
495 2162 684 2217 sedulo
719 2169 1062 2233 reputantes,
1082 2174 1205 2229 qua:
1230 2160 1296 2214 ad
1321 2175 1421 2215 nos
1453 2169 1722 2230 spectant,
1746 2160 1994 2214 idoneam

404 2271 527 2309 mox
584 2256 707 2310 nodi
758 2254 917 2322 bnjns
954 2253 1275 2306 solutionem
1326 2253 1629 2322 reperietis.
1681 2253 1798 2307 Non
1849 2252 1994 2307 enim

404 2348 655 2402 inﬁrmus
680 2345 781 2401 fuit
811 2348 861 2401 in
883 2347 1060 2411 nobis,
1100 2345 1258 2417 175
1286 2348 1380 2400 sed
1413 2362 1507 2416 per
1539 2345 1799 2414 Spiritum
1836 2357 1993 2398 suum

403 2450 814 2511 praepotentem,
868 2439 1125 2494 virtutem
1179 2438 1666 2508 elﬁcacitatemque
1712 2443 1993 2513 ostendit;

406 2533 565 2587 talem
610 2533 893 2597 nimirum,
918 2543 975 2586 ιιι
1005 2534 1143 2586 citra
1175 2547 1389 2586 omnem
1427 2532 1802 2590 diﬂicultatem
1827 2552 1997 2607 quos-

403 2629 488 2685 vis
551 2628 880 2682 irruentium
944 2624 1305 2679 tentationum
1364 2624 1596 2693 impetus
1652 2629 1992 2697 prepulsare,

405 2720 731 2789 cunctisque
776 2717 1134 2773 afﬁictionum
1185 2716 1479 2771 insnltibus
1540 2716 1790 2772 animose
1843 2719 1994 2773 obsi-

404 2824 549 2868 stere
594 2811 774 2866 liceat.
802 2810 944 2878 Quid
978 2810 1151 2880 ergo?
1191 2810 1333 2865 dicet
1360 2810 1583 2879 aliquis,
1615 2825 1647 2865 ο
1678 2810 1867 2878 Paule,
1916 2828 1992 2867 an

403 2920 512 2960 non
572 2905 913 2959 infirmitatis
957 2903 1217 2958 indicium
1266 2902 1367 2956 fuit
1422 2918 1642 2959 crucem
1683 2906 1996 2961 sustinuere?

402 2998 554 3051 Itane
583 3012 715 3051 vero
742 3012 803 3051 ea
840 3012 928 3052 res
973 2997 1192 3051 virtutis
1221 3006 1604 3066 argumentum
1634 2999 1889 3053 exstitit?
1923 3016 1990 3053 an

403 3089 637 3144 divinae?
686 3088 905 3143 Minime
956 3090 1222 3158 gentium,
1278 3088 1475 3159 inquit.
1539 3089 1793 3160 Agnosco
1845 3091 1990 3145 enim

404 3180 552 3237 illum
597 3197 766 3237 carne
804 3182 1136 3236 inﬁrmatum
1174 3195 1316 3246 esse,
1364 3196 1555 3237 rursus
1586 3192 1767 3239 autem
1808 3184 1989 3238 divina

402 3273 611 3328 virtute
642 3271 941 3326 revixisse:
979 3286 1103 3324 nam
1146 3272 1288 3326 Deus
1326 3282 1521 3326 natura
1567 3283 1709 3328 erat.
1755 3273 1865 3328 Cur
1897 3275 1993 3346 igi-

2102 2075 2266 2138 πόσος
2292 2076 2321 2128 ὁ
2357 2071 2535 2127 λαλῶν
2573 2073 2632 2125 ὲν
2660 2069 2785 2140 ἐμοὶ
2807 2108 2824 2133 ,
2853 2068 2922 2122 τὰ
2960 2069 3084 2122 καθ’
3124 2068 3268 2139 ὑμᾶς
3302 2067 3502 2131 αὐτοὺς
3535 2067 3688 2121 ἔννε-

2099 2166 2355 2238 νοηκότες
2381 2204 2397 2229 ,
2431 2162 2762 2235 ἀποχρῶσαν
2801 2161 3063 2233 εὑρήσετε
3105 2161 3208 2230 τὴν
3235 2158 3564 2230 κατάληψιν.
3608 2158 3687 2212 Οὐ

2100 2258 2209 2330 γὰρ
2232 2256 2534 2329 ἠσθένησεν
2577 2256 2635 2307 ὲν
2671 2255 2823 2323 ἡμῖν,
2854 2252 3101 2323 ἀπέφηνε
3128 2252 3185 2306 δὲ
3220 2251 3420 2323 μᾶλλον
3445 2249 3689 2305 δυνατώ-

2097 2367 2259 2404 τατον
2305 2359 2331 2399 ιι
2376 2349 2464 2402 διὰ
2516 2346 2611 2400 τοῦ
2655 2346 2786 2400 ἰδίου
2831 2344 3187 2415 Πνεύματος,
3232 2342 3375 2398 ῶστε
3425 2342 3691 2398 δύνασθαι

2100 2441 2302 2505 παντὸς
2326 2438 2805 2510 κατευμεγεθῆσαι
2836 2436 3145 2508 πειρασμοῦ
3170 2437 3266 2491 καὶ
3291 2435 3445 2507 μάλα
3464 2435 3689 2507 ῥᾳδίως,

2099 2535 2193 2589 καὶ
2222 2536 2341 2597 ταῖς
2369 2533 2479 2586 τῶν
2511 2531 2700 2586 παθῶν
2740 2530 2953 2599 ἐφόδοις
2983 2528 3370 2600 ἀντιφέρεσθαι
3402 2528 3689 2592 νεανικῶς.

2098 2627 2164 2681 Τί
2193 2622 2308 2693 οῦν,
2335 2619 2379 2680 ὦ
2413 2624 2592 2679 Παῦλε
2611 2664 2626 2690 ,
2658 2625 2793 2695 φαίη
2823 2641 2908 2687 τις
2933 2622 3023 2691 ἂν,
3075 2624 3176 2676 οὐκ
3205 2622 3491 2687 ἀσθενείας
3527 2621 3691 2694 ἔργον

2098 2719 2203 2791 φὴς
2230 2714 2371 2773 εἶναι
2410 2718 2472 2772 τὸ
2502 2719 2794 2788 ὑπομεῖναι
2838 2715 3092 2787 σταυρὸν,
3130 2714 3245 2769 ἀλλ’
3279 2714 3506 2780 ἔνδειξιν
3542 2710 3689 2767 εἶναι

2095 2812 2159 2865 τὸ
2189 2812 2376 2883 χρῆμα
2404 2809 2721 2880 δυνάμεως;
2746 2804 2815 2862 Ἀ
2829 2824 2896 2880 ρα
2936 2807 3036 2876 τῆς
3065 2805 3405 2879 θεοπρεποῦς
3429 2823 3445 2874 ;
3470 2806 3693 2877 Ούμεν·

2095 2901 2211 2967 οῦν,
2248 2901 2440 2970 φησίν.
2471 2900 2753 2971 Ὀμολογῶ
2781 2900 2888 2968 γάρ
2916 2900 3078 2954 αὐτὸν
3108 2898 3470 2969 ήσθενηκέναι
3503 2901 3691 2971 σαρκὶ,

2096 2992 2262 3064 ζῆσαι
2285 2993 2341 3046 δὲ
2370 2991 2533 3046 πάλιν
2559 2993 2624 3046 ὲκ
2644 2992 2929 3061 δυνάμεως
2952 2989 3111 3045 Θεοῦ·
3134 2989 3266 3069 Θεὸς
3284 2991 3394 3062 γὰρ
3412 2984 3483 3062 ἦν
3504 2989 3689 3059 φύσει.

2097 3087 2222 3150 Πῶς
2243 3082 2335 3139 οὖν
2359 3086 2626 3155 ἠσθένησε
2652 3101 2666 3149 ;
2691 3085 3064 3156 Συγχωρήσας
3090 3082 3169 3153 τῷ
3201 3083 3316 3154 ίδίῳ
3347 3082 3562 3154 σώματι
3596 3084 3693 3137 καὶ

2097 3176 2330 3232 θανάτου
2353 3177 2657 3245 γεύσασθαι
2685 3176 2753 3230 δι’
2803 3177 2953 3247 ἡμᾶς
2973 3218 2989 3244 ,
3026 3193 3045 3229 ι
3098 3174 3187 3229 ἵνα
3209 3175 3299 3229 διά
3329 3175 3424 3230 τοῦ
3456 3175 3690 3231 θανάτου

2096 3271 2420 3341 καταργήσῃ
2449 3268 2543 3322 τόν
2573 3269 2634 3322 τὸ
2658 3269 2858 3341 κράτος
2891 3267 3084 3339 ἔχοντα
3114 3266 3208 3320 τοῦ
3236 3266 3468 3322 θανάτου
3488 3307 3503 3330 ,
3528 3284 3691 3321 τουτ-

411 3374 521 3431 tur,
550 3373 645 3421 aut
673 3363 946 3435 quomodo
974 3363 1283 3418 inﬁrmatus
1326 3364 1453 3420 est?
1494 3366 1774 3435 preprium
1821 3345 1989 3422 etiam

2095 3360 2213 3414 ἐστι
2249 3361 2342 3415 τὸν
2400 3359 2673 3427 διάϐολον,
2705 3360 2800 3412 καὶ
2831 3358 3115 3430 ἀπαλλάξῃ
3145 3358 3369 3422 τούτους
3400 3360 3514 3413 ὅσοι
3538 3358 3692 3431 φόϐῳ

403 3472 602 3528 corpus
626 3465 853 3511 mortem
881 3456 1050 3512 nostri
1082 3471 1244 3511 causa
1275 3456 1566 3527 degustare
1596 3457 1809 3524 sincns,
1838 3477 1858 3510 ι
1884 3474 1992 3528 quo

405 3549 678 3608 nimirum
714 3562 811 3617 per
851 3558 1080 3604 mortem
1114 3548 1420 3603 destrueret
1477 3563 1601 3603 eum
1661 3550 1752 3619 qui
1797 3552 1994 3606 mortis

404 3640 641 3697 habebat
677 3641 991 3711 imperium,
1031 3640 1138 3695 hoc
1167 3648 1252 3695 est
1286 3638 1601 3707 diabolum;
1645 3649 1700 3695 et
1733 3640 1995 3698 liberaret

404 3746 501 3789 eos
522 3732 613 3801 qui
646 3731 843 3786 timore
865 3731 1059 3785 mortis
1082 3745 1179 3800 per
1205 3739 1373 3785 totam
1399 3731 1567 3785 vitam
1584 3729 1808 3787 obnoxii
1834 3743 1994 3789 erant

404 3822 737 3879 servituti“.
777 3840 797 3874 ι
833 3822 967 3878 Cum
997 3822 1166 3892 igitur
1199 3819 1414 3877 modica
1438 3823 1735 3879 secundum
1770 3839 1991 3880 carnem

405 3912 697 3969 inﬁrmitas
730 3914 815 3968 bis
857 3912 1242 3968 salutiscausa
1281 3913 1557 3969 exstiterit
1583 3914 1674 3986 qui
1706 3914 1809 3971 sub
1853 3917 1995 3973 caelo

402 4008 549 4067 sunt,
573 4003 845 4071 quomodo
874 4017 978 4057 non
1024 4002 1226 4071 oppido
1257 4003 1484 4059 decebat
1534 4014 1593 4058 ut
1613 4019 1733 4059 eam
1765 4006 1993 4062 inﬁrmi-

404 4079 571 4148 tatem
637 4095 869 4160 subiret,
914 4110 1023 4169 qno
1086 4105 1319 4150 mortem
1361 4097 1709 4153 destrueret?
1772 4102 1994 4168 proprio

404 4184 606 4255 templo
640 4186 837 4240 iterum
869 4185 1164 4251 viviﬁcato,
1198 4187 1455 4243 omnibus
1502 4189 1848 4244 admirationi
1886 4202 1990 4259 est,

407 4293 517 4336 non
552 4293 648 4346 per
679 4279 861 4334 carnis
894 4278 1291 4343 inﬁrmitatem,
1339 4280 1435 4335 sed
1479 4295 1577 4351 per
1612 4281 1869 4337 virtutem
1906 4284 1994 4337 di-

402 4371 585 4426 vinam
616 4372 719 4426 hoc
741 4379 1039 4441 pmstans:
1068 4389 1087 4422 ι
1114 4370 1209 4427 Est
1235 4372 1378 4426 enim
1409 4372 1498 4428 ille
1522 4373 1697 4447 Patris
1727 4373 1896 4430 virtus
1919 4376 1990 4441 “,

404 4473 455 4520 ct
487 4464 820 4520 resurrectio
877 4472 934 4519 et
988 4463 1181 4518 vita“.
1214 4482 1233 4514 ι
1288 4462 1431 4518 Vivit
1488 4464 1674 4535 itaque
1742 4481 1989 4537 semper;

403 4557 515 4611 vita
547 4570 782 4625 namque
827 4565 932 4612 est.
964 4555 1152 4627 Neque
1180 4557 1538 4613 dubitandum
1592 4568 1677 4615 est
1730 4561 1862 4631 quin
1892 4578 1990 4620 nos

406 4663 621 4718 quoque
650 4648 779 4702 olim
810 4649 918 4702 vita
961 4662 1085 4703 cum
1121 4648 1211 4703 illo
1240 4647 1459 4705 fruituri
1497 4650 1691 4716 simus,
1725 4654 1816 4722 qui
1849 4670 1992 4711 nunc

2095 3451 2326 3508 θανάτου
2356 3452 2446 3506 διά
2475 3453 2678 3516 παντὸς
2702 3450 2798 3506 τοῦ
2836 3451 2939 3523 ζῇν
2973 3452 3147 3523 ἔνοχοι
3185 3447 3326 3524 ἦσαν
3354 3450 3621 3516 δουλείας.
3662 3470 3682 3505 ι

2097 3547 2228 3601 Ὅτε
2253 3544 2435 3600 τοίνυν
2476 3544 2534 3598 τὸ
2562 3544 2862 3615 ἀσθενῆσαι
2888 3544 3088 3615 βραχὺ,
3127 3546 3271 3599 κατά
3289 3562 3354 3613 γε
3383 3544 3484 3616 τὴν
3508 3544 3692 3616 σάρκα

2095 3637 2277 3708 φημὶ,
2311 3636 2587 3708 σωτηρίας
2630 3631 2699 3707 ἦν
2747 3635 3021 3709 πρόφασις
3064 3638 3177 3700 τοῖς
3209 3636 3312 3689 ἀνά
3358 3637 3538 3689 πᾶσαν
3587 3636 3692 3708 τὴν

2094 3729 2189 3783 ὑπ’
2220 3728 2473 3799 οὐρανὸν,
2522 3727 2643 3792 πῶς
2685 3725 2786 3781 οὐκ
2833 3726 2940 3780 εδει
2998 3727 3195 3781 παθεῖν
3244 3727 3343 3799 τὴν
3374 3727 3689 3789 ἀσθένειαν,

2095 3822 2183 3876 ἵνα
2213 3821 2280 3875 δι’
2310 3821 2483 3891 αὐτῆς
2518 3822 2847 3894 καταργήσῃ
2893 3819 2986 3874 τὸν
3033 3819 3300 3887 θάνατον;
3328 3819 3692 3891 Θαυμάζεται

2095 3914 2257 3969 πάλιν
2281 3914 2373 3969 τὸν
2405 3912 2599 3967 ἑαυτοῦ
2627 3911 2975 3983 ζωοποιήσας
2996 3912 3124 3967 ναὸν
3146 3951 3161 3977 ,
3188 3912 3290 3965 οὐκ
3311 3911 3371 3977 ἐξ
3401 3911 3694 3975 ἀσθενείας

2092 4004 2253 4058 τοῦτο
2304 4001 2587 4074 κατορθῶν
2638 4002 2908 4074 σαρκικῆς
2934 4043 2949 4069 ,
2994 4001 3109 4055 ἀλλ’
3159 4000 3233 4063 ὡς
3283 4003 3348 4054 ὲκ
3396 4002 3692 4071 δυνάμεως

2094 4097 2253 4153 Θεοῦ’
2289 4095 2482 4150 (Ἔστι
2505 4096 2563 4149 δὲ
2590 4096 2751 4159 αὐτὸς
2781 4097 2813 4166 ή
2840 4094 3073 4165 δύναμις
3096 4093 3193 4148 τοῦ
3225 4094 3458 4164 Πατρὸς,
3486 4096 3520 4166 ἡ
3555 4095 3693 4150 ἀνά-

2096 4191 2459 4262 στασιςγκαὶή
2489 4190 2625 4263 ζωή.
2642 4210 2659 4242 ι
2695 4193 2775 4263 Ζῇ
2801 4188 3093 4261 τοιγαροῦν
3111 4188 3351 4261 ἀείοζωὴ
3379 4191 3488 4261 γάρ
3510 4191 3685 4245 ἐστιν.

2096 4287 2221 4341 Ὀτι
2247 4285 2305 4339 δὲ
2334 4284 2429 4338 καὶ
2468 4286 2629 4355 ἡμεῖς
2659 4283 2901 4355 ζήσομεν
2929 4284 3027 4337 σὺν
3063 4282 3213 4354 αὐτῷ
3234 4322 3250 4347 ,
3283 4301 3347 4337 συ
3360 4283 3690 4356 ιησθενηκό-

2093 4393 2185 4441 τες
2211 4376 2361 4446 αὐτῷ
2386 4416 2401 4441 ,
2435 4375 2579 4430 κατά
2607 4391 2672 4441 γε
2703 4374 2765 4427 τὸ
2796 4373 3165 4444 ἀποθνήσκειν
3196 4374 3367 4439 τέως,
3405 4375 3454 4428 εί
3493 4376 3588 4428 καὶ
3625 4377 3691 4431 ἐν

2094 4469 2309 4533 ἐλπίσιν
2339 4466 2505 4539 ἐσμὲν
2530 4468 2629 4537 τῆς
2653 4467 2735 4531 είς
2759 4465 2935 4520 αἰῶνα
2970 4466 3143 4538 ζωῆς,
3181 4466 3301 4531 πῶς
3332 4467 3478 4521 ἐστιν
3509 4469 3689 4537 ἀμφι-

2095 4561 2310 4627 6αλεῖν;
2355 4559 2583 4614 Ἀνεϐίω
2609 4557 2720 4630 γὰρ
2746 4561 2812 4612 ὲκ
2841 4557 3053 4629 νεκρῶν
3077 4600 3094 4627 ,
3140 4557 3259 4622 ὁδὸς
3299 4561 3380 4622 είς
3416 4559 3561 4631 ζωὴν
3592 4577 3689 4629 γε..

2094 4654 2268 4724 γὀνὼς
2308 4654 2376 4723 τῇ
2427 4652 2609 4722 φύσει.
2662 4650 2894 4722 Εἴρηται
2940 4650 3050 4722 γὰρ
3099 4650 3449 4723 πρωτότοκος
3494 4655 3560 4706 ἐκ
3598 4671 3690 4707 νε-

405 4740 568 4795 simul
585 4756 706 4795 cum
727 4740 816 4795 illo
835 4740 1151 4796 inﬁrmitate
1167 4741 1439 4811 iactamur
1459 4753 1689 4801 mortem
1712 4745 1988 4814 obeundo,

2098 4744 2266 4817 κρῶν,
2304 4762 2325 4796 ι
2380 4746 2476 4797 καὶ
2512 4762 2530 4793 ι
2559 4742 2782 4815 ἀπαρχὴ
2813 4742 2923 4795 τῶν
2952 4744 3394 4821 κεκοιμημένων.
3436 4761 3455 4795 ›

404 4834 651 4901 quamvis
697 4843 844 4890 certa
896 4845 1113 4891 aeternae
1167 4849 1263 4906 spe
1321 4844 1711 4895 sustentemur.
1761 4839 1980 4899 Revixit
2017 4843 2162 4901 enim
2210 4855 2278 4896 ex
2369 4837 2624 4902 mortuis,
2680 4848 2889 4894 natura:
2949 4847 3153 4893 nostra:
3246 4838 3349 4893 iter
3401 4838 3468 4893 ad
3516 4839 3685 4894 vitam

476 5013 586 5070 LV.
622 5033 642 5066 ι
676 5014 834 5072 Nunc
866 5017 1046 5073 anima
1095 5034 1215 5075 mea
1246 5022 1464 5076 turbata
1491 5030 1597 5077 est.
1632 5022 1699 5077 Et
1749 5025 1879 5094 quid
1908 5027 1993 5080 di-

403 5108 573 5164 cam!
605 5106 786 5175 Pater,
828 5108 974 5164 salva
1021 5124 1107 5165 me
1140 5125 1206 5165 ex
1242 5112 1350 5168 hac
1392 5114 1547 5171 hora.
1606 5113 1719 5171 Sed
1769 5125 1991 5187 propter

405 5199 508 5255 ltoc
546 5201 666 5254 veni
708 5201 761 5255 in
804 5201 993 5256 horam
1041 5205 1183 5259 banc
1204 5204 1272 5257 ⁸⁷.
1312 5222 1331 5257 ι
1365 5234 1435 5247 —-
1475 5225 1494 5259 ι
1526 5205 1716 5275 Pater,
1748 5210 1989 5265 clariﬁca

403 5287 599 5344 Filium
635 5301 786 5346 tuum
808 5291 875 5347 ”.
910 5312 929 5345 ι
984 5294 1050 5349 Ει
1077 5295 1185 5349 alio
1219 5294 1335 5351 loco
1385 5313 1633 5355 rursum:
1675 5320 1694 5351 ι
1731 5300 1793 5355 Ει
1822 5304 1994 5371 cmpit

290 5439 303 5452 ,
405 5383 720 5438 contristari
773 5394 830 5440 et
876 5396 1105 5443 mmstus
1157 5401 1301 5455 esse,
1338 5397 1393 5443 et
1441 5391 1616 5446 dixit:
1660 5392 1860 5449 Tristis
1907 5403 1992 5450 est

318 4965 333 4979 .
405 4924 697 4979 muniens:
766 4928 1067 4995 appellatus
1138 4939 1225 4985 est
1291 4930 1437 4985 enim
1509 4953 1529 4985 ι
1581 4934 1983 5005 primogenitus
2021 4954 2090 4996 ex
2155 4934 2387 4990 mortuis
2407 4932 2476 5000 “,
2505 4952 2524 4985 ι
2562 4941 2620 4987 et
2660 4950 2680 4984 ι
2721 4933 2979 5003 primitia:
3010 4931 3397 4987 dormientium
3423 4932 3490 4986 “.
3515 4952 3533 4986 ι

2164 5024 2295 5078 NE'.
2330 5041 2350 5075 ι
2376 5022 2493 5076 Νῦν
2526 5022 2560 5093 ή
2589 5022 2736 5093 ψυχή
2767 5038 2869 5093 μου
2899 5021 3258 5091 τετάρακται.
3291 5025 3403 5078 Καὶ
3426 5025 3480 5077 τί
3503 5024 3643 5078 εἴπω
3669 5042 3684 5088 ;

2093 5117 2317 5187 Πάτερ,
2349 5114 2524 5169 σῶσόν
2570 5132 2640 5183 με
2683 5116 2749 5168 ἐκ
2800 5114 2900 5185 τῆς
2942 5113 3093 5185 ὧρας
3129 5116 3356 5186 ταύτης.
3406 5116 3568 5170 Ἀλλά
3597 5116 3691 5169 διὰ

2093 5207 2254 5262 τοῦτο
2275 5203 2440 5280 ἦλθον
2460 5210 2540 5270 εἰς
2556 5206 2655 5277 τὴν
2675 5205 2832 5279 ὥραν
2858 5208 3085 5278 ταύτην.
3100 5226 3224 5259 ι-ι
3236 5208 3442 5279 Πάτερ,
3461 5208 3688 5273 δόξασόν

2096 5320 2191 5358 σου
2220 5302 2475 5357 τδνΥίόν.
2514 5320 2534 5353 ι
2571 5301 2683 5356 Καὶ
2706 5300 2891 5356 πάλιν*
2925 5317 2946 5353 ι
2976 5301 3221 5372 Ἤρξατο
3251 5301 3558 5363 λυπεῖσθαι,
3589 5302 3687 5356 καὶ

2094 5394 2408 5466 ἀδημονεῖν,
2447 5393 2542 5448 καὶ
2571 5392 2773 5462 λέγειν·
2803 5392 3117 5464 Περίλυπός
3154 5394 3305 5448 ἐστιν
3338 5395 3371 5465 ὴ
3399 5394 3546 5465 ψυχή
3581 5410 3687 5466 μου

486 5532 599 5617 “alii
626 5534 755 5617 Cor.
789 5554 912 5617 xm.
940 5541 995 5604 5,
1025 5542 1078 5596 ι.
1113 5544 1202 5617 ’ξ’
1229 5542 1393 5617 Hebr.
1431 5562 1469 5607 ι,
1500 5547 1588 5613 Μ,
1623 5547 1711 5601 15.
1792 5546 1884 5602 ⁸³1
1917 5548 1992 5605 Co

2095 5566 2115 5612 ‘,
2142 5549 2234 5604 25.
2313 5549 2358 5581 “
2388 5548 2544 5605 Joan.
2576 5563 2654 5617 xi,
2679 5547 2772 5603 25.
2851 5548 2895 5580 "
2929 5548 3143 5607 Coloss.
3188 5565 3228 5615 ι,
3269 5550 3351 5605 l8.
3431 5550 3477 5582 “
3511 5551 3527 5605 l
3557 5552 3684 5607 Cor.

320 5622 335 5629 ·
412 5617 499 5670 XV,
527 5605 621 5661 20.
698 5608 743 5641 ⁸⁷
778 5607 935 5666 Joan.
979 5628 1076 5677 xtl,
1107 5614 1197 5667 27.
1279 5614 1324 5645 ⁸⁸
1349 5605 1505 5672 Joan.
1546 5605 1681 5682 x'vtt,
1720 5619 1770 5672 l.

1526 5750 1701 5806 Variae
1734 5751 1995 5810 lectiones
2027 5753 2236 5811 codicis
2259 5752 2627 5815 Seauieriani.

483 5895 523 5926 Il
551 5888 704 5960 ἡμῖν.
778 5899 806 5928 ιι
831 5887 1101 5941 ἀδυνατεῖ.
1175 5898 1202 5928 ο
1234 5891 1676 5964 ὲπενηνεγμένοι.
1757 5904 1785 5945 P
1820 5894 2178 5967 ἀτιμότατον.
2257 5905 2286 5946 (ι
2313 5894 2747 5964 δυνατωτάτους,
2776 5894 2909 5969 [vel]
2954 5895 3340 5968 δυνατωτάτην
