4076 6426
328 439 470 499 Ηίδ

326 651 538 725 μεγάλῃ
586 656 617 709 6
675 656 926 728 Ἰησοῦς,
981 654 1139 715 εἷπε·
1191 663 1414 736 Πάτερ,
1475 667 1558 731 εἰς
1600 667 1791 738 χεῖράς
1820 686 1915 723 σου

324 746 669 819 παρατίθημι
694 758 719 788 ι’
743 749 807 804 τὸ
829 751 1051 837 πνεῦμά
1079 771 1205 825 μου.
1239 775 1259 809 ι
1290 758 1355 810 Ol
1379 758 1484 827 τῆς
1531 759 1914 843 Ἀπολιναρίου

320 834 481 908 δόξης
528 827 844 911 ἡττώμενοι
893 847 988 898 καὶ
1038 845 1109 900 τὰ
1168 846 1321 918 αὑτῷ
1368 848 1637 905 δοκοῦντα
1697 827 1935 925 ιρρονεῖψ

323 928 634 999 ᾑρημένοι,
667 930 1016 1004 ἐνιστάμενοι
1046 953 1107 990 τε
1150 939 1247 994 καὶ
1274 939 1564 1009 λέγοντες,
1599 940 1817 1014 ἄψυχόν,
1852 961 1915 999 τε

322 1022 419 1075 καὶ
440 1023 605 1077 ἄνουν
635 1024 906 1098 ὑπάρχειν
942 1028 1036 1083 τὸν
1060 1029 1335 1088 ἑνωθέντα
1370 1032 1451 1104 τῷ
1487 1033 1647 1104 Λόγῳ
1672 1035 1818 1102 ναὸν,
1861 1036 1915 1091 τί

320 1109 386 1181 δὴ
415 1110 525 1184 ἄρα
569 1117 726 1183 φαῖεν
755 1116 843 1185 ἂν,
889 1120 1248 1192 γεγραφότων
1289 1123 1423 1195 ἡμῖν
1460 1124 1532 1180 τὰ
1579 1125 1760 1181 τοιάδε
1789 1126 1914 1199 ,τῶν

326 1203 502 1273 ἁγίων
528 1206 935 1277 εὐαγγελιστῶν
956 1214 1087 1287 περὶ
1110 1214 1206 1268 τοῦ
1229 1215 1447 1271 πάντων
1470 1217 1630 1288 ἡμῶν
1660 1218 1914 1291 Σωτῆρος

319 1297 597 1368 Χριστοῦ;
625 1302 827 1367 Πτοίας
860 1304 961 1375 μὲν
992 1306 1103 1379 γὰρ
1125 1348 1139 1373 ,
1172 1309 1270 1362 καὶ
1307 1309 1519 1381 λύπης,
1560 1313 1658 1367 καὶ
1688 1314 1803 1392 τῶν
1832 1317 1913 1379 είς

320 1388 525 1443 δειλίαν
570 1392 919 1463 αἱτιαμάτων
952 1397 1308 1466 ἁνεπίδεκτος
1354 1404 1636 1468 παντελῶς
1686 1388 1772 1477 εἴη
1821 1405 1908 1473 ἂν,

317 1480 466 1534 κατά
489 1499 553 1552 γε
578 1482 641 1537 τὸ
668 1485 839 1550 εἰκὸς,
869 1489 902 1559 ἡ
936 1488 1057 1543 θεία
1089 1508 1151 1545 τε
1185 1496 1281 1547 καὶ
1308 1495 1569 1550 ἀνωτάτω
1604 1495 1698 1551 τοῦ
1733 1498 1910 1567 Λόγου

320 1572 503 1641 φύσις.
533 1575 940 1648 Παραιτήσεται
978 1581 1091 1654 γὰρ
1118 1586 1196 1648 εἰς
1226 1584 1373 1640 ἅπαν
1411 1587 1472 1640 τὸ
1513 1587 1572 1642 ἐν
1608 1605 1673 1657 γε
1700 1589 1912 1654 τούτοις

318 1659 461 1719 εἶναι
490 1681 620 1719 ποτε
642 1707 658 1733 ,
684 1667 778 1721 καὶ
808 1670 999 1726 παθῶν
1022 1672 1161 1739 ὅλως
1198 1675 1308 1730 τῶν
1357 1678 1480 1732 καθ’
1505 1680 1657 1750 ἡμᾶς
1684 1683 1785 1735 οὐκ
1818 1682 1911 1736 ἀν-

318 1755 520 1824 έξεται.
556 1757 728 1831 Σῶμα
758 1760 815 1815 δὲ
862 1763 1030 1818 πάλιν
1062 1764 1267 1838 ἄψυχόν
1303 1785 1364 1823 τε
1412 1770 1505 1824 καὶ
1527 1772 1687 1826 ἄνουν
1711 1773 1909 1837 οὐκ,ἂν

315 1851 617 1917 εἰσδέξαιτο
648 1854 848 1927 λύπην,
880 1858 997 1912 ἀλλ’
1028 1862 1137 1915 οὐδ’
1162 1863 1229 1917 ἂν
1255 1866 1528 1937 ἐπινοήσειὲ
1554 1885 1609 1921 τι
1636 1869 1746 1923 τῶν
1777 1887 1909 1924 σκυ-

1151 447 1244 505 AD
1280 445 1586 505 REGINAS
1622 447 1713 506 DE
1751 449 1982 510 REC'I'A
2021 454 2180 512 FIDE
2214 459 2478 522 ORATIO
2514 466 2817 529 ALTERA.

323 559 431 624 ἕως
477 560 738 619 θανάτου.
795 583 814 618 ι
849 565 964 622 Καὶ
1006 566 1190 624 πάλιν’
1247 590 1266 623 ι
1310 571 1423 627 Καὶ
1452 574 1712 646 φωνήσας
1758 579 1914 650 φωνῇ

2018 581 2198 638 anima
2228 600 2348 642 mea
2378 604 2550 660 usque
2580 594 2647 650 ad
2683 606 2912 654 mortem
2930 597 2977 633 δ’

3462 488 3606 547 MM

2984 639 3000 657 .
3038 620 3059 655 ι
3092 603 3159 659 Ει
3187 605 3443 663 rursum:
3482 628 3501 661 ι
3539 613 3608 671 Et

2019 671 2262 730 clamans
2303 690 2436 735 voce
2483 697 2676 753 magna
2725 685 2903 756 Jesus,
2945 692 3023 746 ait
3052 711 3066 749 :
3095 691 3280 763 Pater,
3320 697 3374 752 in
3414 714 3605 754 manus

2024 767 2147 817 tuas
2169 770 2492 826 commendo
2522 774 2772 842 spiritum
2801 782 3065 838 meum".
3098 802 3117 836 ι
3151 784 3252 852 Qui
3276 788 3602 857 Apollinarii

1979 854 2329 923 .opinionem
2371 875 2695 933 sequuntur,
2751 871 3106 945 ejusdemque
3153 854 3440 935 sententiae
3468 880 3603 936 sub-

2017 948 2301 1018 neribunt;
2329 952 2383 1007 hi
2421 957 2674 1026 templum
2732 960 2841 1018 Deo
2872 966 3103 1032 unitum,
3154 967 3395 1026 inanime
3418 987 3482 1027 ac
3515 986 3605 1025 ra-

2020 1038 2165 1095 tione
2197 1043 2520 1102 destitutum
2569 1049 2743 1107 fuisse
2773 1059 3145 1113 contendunt:
3186 1062 3281 1115 sed
3334 1063 3465 1132 quid
3498 1062 3600 1126 illi,

2016 1131 2270 1199 obsecro,
2313 1139 2642 1206 respondere
2671 1155 2921 1214 possunt,
2948 1162 3073 1204 cum
3102 1161 3323 1209 sanctos
3352 1131 3595 1226 evange-

2016 1220 2170 1279 listas
2206 1225 2333 1282 talia
2374 1229 2440 1284 de
2481 1234 2724 1289 omnium
2775 1246 3024 1293 nostrum
3072 1241 3359 1298 Salvatore
3404 1220 3599 1301 litte'ris

2014 1315 2322 1382 prodidisse
2362 1318 2585 1388 legunt?
2607 1322 2740 1379 Nam
2786 1327 2949 1400 176
2978 1331 3151 1401 cujus,
3177 1347 3389 1402 quaeso,
3428 1336 3600 1392 tristi-

2013 1404 2124 1471 tite,
2181 1417 2274 1461 aut
2345 1424 2534 1466 eorum
2589 1416 2837 1471 omnium
2910 1436 3029 1490 qua:
3089 1434 3293 1479 metum
3341 1437 3595 1496 arguunt,

2013 1510 2224 1553 summa
2262 1501 2349 1556 illa
2400 1504 2687 1576 divinaque
2724 1509 2884 1566 Verbi
2931 1523 3123 1568 natura
3159 1517 3375 1571 tandem
3424 1534 3593 1589 capax

2012 1598 2134 1642 esse
2155 1590 2364 1658 queat?
2390 1591 2559 1663 Major
2596 1605 2682 1651 cst
2730 1599 2896 1666 enim,
2926 1615 3087 1671 quam
3123 1620 3243 1674 qua:
3287 1607 3595 1665 istiusmodi

2012 1677 2176 1734 rebus
2215 1679 2321 1734 ulla
2366 1692 2519 1752 parte
2565 1686 2728 1754 allici,
2779 1699 2872 1743 aut
2920 1691 3044 1747 ullis
3076 1696 3300 1752 omnino
3348 1698 3599 1755 humanis

2013 1771 2520 1837 perturbationibus
2566 1782 2901 1836 commoveri
2962 1783 3159 1840 valeat.
3213 1787 3279 1843 At
3354 1803 3484 1844 vero
3541 1790 3596 1846 in

2010 1875 2210 1931 corpus
2235 1879 2538 1935 sensusque
2566 1870 2876 1942 mentisque
2909 1889 3123 1944 expers,
3161 1878 3396 1936 tristitia:
3445 1881 3598 1937 dolo-

316 1943 590 2014 θρωπῶν,
643 1946 676 2018 ἢ
728 1948 821 2002 τὸν
865 1951 931 2004 ὲκ
977 1951 1089 2007 τῶν
1148 1932 1904 2035 ἔσεσθαι-προσδοκωμένων

2008 1954 2151 2008 risve
2185 1969 2383 2011 sensus
2418 1959 2616 2014 cadere
2641 1976 2746 2016 non
2797 1973 2977 2033 potest
3037 1984 3050 2021 :
3088 1968 3181 2023 sed
3218 1985 3393 2041 neque
3425 1973 3596 2029 mole-

315 2035 723 2109 προαναθρήσει
750 2040 936 2105 φόϐον.
972 2043 1143 2098 Πάθοι
1175 2045 1221 2098 δ’
1250 2046 1317 2101 ἂν
1346 2049 1416 2102 τὰ
1449 2052 1627 2106 τοιάδε
1667 2055 1811 2108 κατά
1838 2073 1902 2125 γε

313 2125 377 2179 τὸ
413 2128 600 2192 πᾶσιν,
633 2129 710 2195 ὥς
735 2148 798 2201 γε
839 2128 995 2204 οἶμαι
1021 2175 1036 2201 ,
1067 2136 1276 2192 δοκοῦν.
1319 2140 1480 2214 Ψυχὴ
1509 2143 1701 2215 λογικὴ
1730 2164 1902 2203 κατα-

314 2220 658 2294 σκεπτομὲνη
690 2223 769 2294 τῷ
817 2224 890 2295 νῷ
928 2226 999 2280 τά
1018 2243 1078 2279 τε
1113 2228 1213 2300 ἤδη
1244 2232 1487 2304 παρόντα
1506 2271 1522 2300 ,
1552 2236 1648 2291 καὶ
1675 2237 1813 2308 πρός
1837 2255 1901 2308 γε

312 2310 524 2375 τούτοις
549 2312 619 2367 τὰ
659 2316 1073 2389 συμϐησόμενα,
1113 2323 1237 2388 Πῶς
1264 2321 1358 2381 οῦν
1379 2328 1486 2399 ἄρα
1517 2331 1681 2401 φησὶν
1708 2334 1736 2385 6
1772 2333 1903 2403 Ἑμ-

315 2405 578 2476 μανουήλ·
618 2425 636 2458 t
668 2407 785 2461 Νῦν
831 2412 864 2482 ἡ
896 2411 1041 2485 ψυχή
1076 2432 1177 2484 μου
1222 2418 1597 2488 τετάρακται;
1641 2441 1659 2473 ι
1688 2422 1806 2491 πῶς
1844 2425 1902 2478 δὲ

310 2495 407 2549 καὶ
429 2496 633 2567 ἦρξατο
658 2498 945 2556 λυπεῖσθαι
996 2506 1093 2559 καὶ
1136 2507 1471 2579 ἁδημονεῖν;
1525 2514 1556 2584 ἦ
1598 2513 1691 2568 καὶ
1743 2519 1899 2569 ποῖον

309 2585 448 2650 ὅλως
484 2589 566 2652 εἰς
610 2594 803 2662 χεῖρας
838 2592 934 2647 τοῦ
959 2594 1096 2650 Θεοῦ
1132 2599 1224 2652 καὶ
1254 2601 1469 2673 Πατρός
1494 2605 1764 2675 παρέθετο
1788 2606 1898 2680 [τδι

312 2678 566 2752 πνεῦμα,
605 2684 655 2736 εί
685 2684 780 2738 καὶ
819 2686 920 2757 τῆς
954 2687 1212 2762 θεότητος
1236 2692 1298 2746 τὸ
1330 2694 1521 2766 χρῆμά
1565 2699 1714 2751 ἐστιν
1745 2678 1901 2754 ἀλλόέ

308 2787 480 2841 τριον,
508 2776 602 2828 καὶ
629 2776 765 2848 μηδὲ
788 2778 960 2849 μόνης
982 2781 1194 2853 ἀψύχου
1221 2788 1458 2856 σαρκός;
1490 2788 1763 2860 Πρόδηλον
1782 2787 1896 2859 οὖν,

306 2862 392 2915 ὅτι
417 2864 639 2934 γέγονεν
683 2867 970 2939 ἄνθρωπος
995 2874 1024 2925 6
1059 2875 1374 2947 Μονογενὴς
1397 2916 1411 2942 ,
1460 2880 1562 2932 οὐκ
1590 2879 1798 2951 ἄψυχόν
1838 2899 1897 2935 τε

307 2954 403 3008 καὶ
454 2950 619 3010 ἄνουν
673 2958 832 3029 σῶμα
882 2959 1085 3029 λαϐὼν,
1135 2965 1532 3038 ὲμψυχωμένον
1588 2971 1645 3024 δὲ
1693 2950 1897 3043 μᾶλλον

304 3045 452 3118 ψυχῇ
495 3049 589 3102 καὶ
615 3048 845 3122 λογικῇ,
905 3052 998 3107 καὶ
1029 3053 1252 3120 τελείως
1284 3058 1485 3131 ἐχούσῃ
1532 3060 1676 3114 κατά
1707 3079 1771 3143 γε
1804 3062 1897 3117 τὸν

305 3141 442 3211 αὐτῇ
472 3141 751 3211 πρέποντα
790 3145 968 3213 λόγον.
1008 3148 1115 3202 Καὶ
1150 3147 1341 3220 ὥσπερ
1374 3151 1675 3207 οἰκειοῦται
1708 3155 1888 3210 πάντα

303 3230 376 3283 τὰ
399 3231 492 3284 τοῦ
523 3232 656 3286 ἰδίου
685 3234 961 3305 σώματος,
990 3238 1135 3292 οὕτω
1166 3239 1261 3293 καὶ
1290 3239 1359 3293 τὰ
1387 3242 1487 3313 τῆς
1513 3243 1710 3315 ψυχῆς.
1744 3246 1891 3300 Ἔδει
1919 3269 1962 3328 C

303 3321 414 3391 γὰρ
440 3324 606 3378 αὑτὸν
637 3325 726 3379 διὰ
758 3329 958 3393 παντὸς
987 3331 1216 3400 ὁρᾶσθαι
1244 3333 1592 3421 ⁸πράγματος
1626 3337 1890 3406 σαρκικοῦ

301 3414 399 3467 καὶ
427 3414 660 3485 ψυχικοῦ
694 3418 760 3471 δι’
792 3419 937 3489 ἡμᾶς
964 3431 985 3458 ³
1018 3414 1305 3492 γεγονότος
1344 3426 1391 3481 ί.
1458 3426 1658 3497 Ἐσμὲν
1698 3427 1757 3480 δὲ
1796 3429 1892 3483 καὶ

213 3553 228 3563 .
299 3508 468 3577 ἡμεῖς
497 3508 561 3560 ὲκ
593 3508 773 3581 ψυχῆς
798 3511 1024 3584 λογικῆς
1062 3531 1120 3568 τε
1150 3517 1246 3571 καὶ
1285 3516 1557 3589 σώματος.
1593 3521 1804 3594 Ὠσπερ
1834 3522 1892 3576 δὲ

299 3602 662 3674 οἰκονομικῶς
708 3607 1101 3678 συγκεχώρηκε
1130 3611 1197 3681 τῇ
1233 3610 1341 3683 ἰδίᾳ
1377 3612 1546 3684 σαρκὶ
1573 3613 1667 3668 καὶ
1694 3614 1892 3669 παθεῖν

300 3690 414 3746 ἔσθ’
443 3692 533 3746 ὅτε
584 3694 651 3749 τὰ
684 3696 792 3750 ίδια
817 3737 831 3761 ,
863 3698 1007 3753 οὕτω
1041 3699 1201 3755 πάλιν
1233 3703 1328 3757 καὶ
1372 3706 1438 3776 τῇ
1471 3704 1617 3777 ψυχῇ
1655 3706 1894 3778 συνεχώ-

303 3799 437 3854 ρησε
468 3784 538 3839 τὰ
563 3787 739 3840 οἰκεῖα
771 3787 984 3841 παθεῖν’
1020 3791 1115 3845 καὶ
1144 3793 1204 3846 τὸ
1235 3794 1337 3865 τῆς
1377 3794 1662 3861 κενώσεως
1689 3797 1891 3868 μέτρον

297 3877 570 3948 τετήρηκε
597 3879 870 3950 πανταχοῦ
893 3919 910 3946 ,
948 3882 1127 3935 καίτοι
1153 3883 1285 3948 Θεὸς
1311 3884 1389 3940 ὣν
1411 3887 1602 3956 φύσει,
1627 3889 1722 3942 καὶ
1749 3888 1890 3960 ὑπὲρ

299 3967 484 4023 πᾶσαν
513 3970 612 4042 τὴν
658 3970 858 4025 κτίσιν.
892 3971 1261 4057 Παρατίθεται
1293 3976 1350 4028 δὲ
1394 3977 1456 4030 τὸ
1506 3977 1636 4032 ἴδιον
1671 3977 1888 4050 πνεῦμα

297 4058 377 4130 τῷ
409 4060 530 4132 Θεῷ
575 4062 669 4116 καὶ
712 4062 923 4134 Πατρὶ,
955 4065 1206 4119 τουτέστι
1250 4067 1351 4139 τὴν
1403 4068 1699 4123 ἑνωθεῐσαν
1740 4069 1888 4141 αὐτῷ

296 4151 500 4225 ψυχὴν,
537 4154 625 4207 ἵνα
655 4156 802 4227 ἡμᾶς
834 4157 928 4210 καὶ
957 4157 1045 4212 διὰ
1085 4157 1276 4212 τούτου
1320 4158 1483 4214 πάλιν
1523 4160 1883 4234 εὐεργετήσῃ.

295 4244 475 4299 Πάλαι
504 4246 603 4318 μὲν
629 4250 740 4319 γὰρ
766 4248 1238 4322 ἀπαλλαττόμεναι
1258 4250 1367 4304 τῶν
1393 4251 1663 4323 σωμάτων
1687 4253 1746 4305 ἐν
1773 4254 1886 4319 τοῖς

297 4337 406 4392 ὑπὸ
427 4336 593 4409 χθόνα
624 4344 817 4411 μυχοῖς
833 4343 896 4397 αἱ
922 4341 1030 4396 τῶν
1062 4341 1367 4414 ἀνθρώπων
1397 4343 1567 4415 ψυχαὶ
1599 4344 1883 4417 κατεπέμ-

296 4441 492 4493 ποντο,
522 4427 828 4499 πληροῦσαι
867 4429 936 4485 τὰ
964 4428 1059 4483 τοῦ
1104 4430 1337 4485 θανάτου
1366 4435 1612 4504 ταμιεῖα.
1665 4435 1885 4508 Ἐπειδὴ

295 4516 354 4571 δὲ
384 4518 619 4589 Χριστὸς
642 4521 704 4574 τὸ
730 4521 862 4576 ἴδιον
892 4522 1120 4595 Πνεῦμα
1150 4524 1425 4597 παρέθετο
1446 4526 1524 4599 τῷ
1545 4527 1722 4600 Πατρὶ
1740 4570 1756 4594 ,
1790 4530 1897 4585 καὶ.

2005 2047 2166 2102 stiam
2196 2048 2384 2115 ullam,
2421 2059 2514 2105 aut
2545 2052 2713 2107 ullum
2740 2056 2963 2111 omnino
2998 2073 3287 2115 maerorem
3315 2077 3379 2117 ex
3414 2064 3595 2120 immi—

2005 2140 2250 2195 nentium
2345 2142 2817 2201 incommodorum
2902 2151 3222 2219 provisione
3320 2151 3593 2227 concipiet

2003 2229 2331 2301 aliquando;
2385 2232 2655 2304 ejusmodi
2697 2246 2903 2306 autem,
2964 2240 3090 2296 dum
3135 2258 3256 2313 qure
3301 2249 3591 2315 praesentia

2004 2332 2153 2389 sunt,
2183 2332 2238 2380 et
2266 2326 2446 2382 adhuc
2477 2328 2658 2384 futura
2697 2333 3009 2403 trahuntur,
3047 2346 3228 2393 mente
3269 2351 3590 2409 pertractat,

2003 2416 2186 2472 anima
2225 2418 2454 2475 rationis
2499 2428 2554 2476 et
2582 2422 2959 2501 intelligentize
3001 2442 3224 2497 compos
3266 2433 3375 2501 pati
3415 2434 3587 2491 solet:

2003 2505 2057 2561 id
2089 2510 2232 2577 quod
2268 2524 2479 2576 omnes,
2511 2521 2569 2567 ut
2602 2524 2754 2582 puto,
2791 2517 3049 2573 fatentur.
3090 2521 3372 2588 Quomodo
3409 2526 3592 2598 itaque

2001 2597 2327 2656 Emmanuel
2362 2603 2472 2658 ait:
2507 2623 2526 2656 ι
2559 2602 2717 2660 Nunc
2762 2608 2942 2662 anima
2976 2625 3093 2666 mea
3135 2616 3347 2670 turbata
3407 2597 3530 2672 est?
3566 2638 3585 2671 ι

2002 2694 2276 2762 quomodo
2306 2695 2447 2752 idem
2485 2699 2687 2753 taedere
2728 2716 2794 2757 ac
2856 2713 3087 2760 moestus
3131 2721 3252 2760 esse
3285 2708 3467 2775 coepit,
3498 2719 3591 2763 aut

2001 2781 2213 2850 qualem
2246 2784 2464 2839 tandem
2497 2786 2749 2855 spiritum
2786 2789 2839 2844 in
2880 2809 3074 2848 manus
3100 2794 3277 2852 Patris
3310 2812 3589 2852 commen-

2000 2870 2168 2937 davit,
2199 2873 2243 2927 si
2281 2875 2381 2928 ltoc
2417 2884 2471 2930 et
2500 2891 2530 2930 a
2556 2878 2841 2935 divinitate
2869 2897 3095 2951 prorsus
3122 2886 3359 2941 alienum
3396 2898 3500 2953 est,
3532 2898 3589 2944 et

1999 2976 2029 3017 a
2061 2978 2226 3019 carne
2251 2966 2364 3020 sola
2424 2967 2666 3024 inanima
2689 2971 2712 3024 ?
2734 2970 3090 3043 Perspicuum
3147 2989 3231 3033 est
3263 2996 3411 3050 ergo,
3448 2979 3587 3037 Uni-

1997 3052 2236 3119 genitum
2261 3068 2493 3125 corpore
2520 3072 2949 3130 assumpto,.non
2980 3066 3198 3136 quidem
3224 3068 3312 3123 illo
3337 3070 3583 3136 inanimi,

1998 3152 2091 3196 aut
2137 3157 2322 3201 mente
2378 3149 2664 3216 destituto,
2713 3154 2809 3209 sed
2856 3157 3035 3212 anima
3083 3160 3296 3216 ratione
3334 3163 3580 3233 praedita,

1997 3235 2299 3308 eademque
2333 3242 2601 3310 perfecta,
2651 3245 2755 3302 hoc
2802 3257 2909 3316 est,
2945 3254 3128 3306 omnia
3178 3269 3297 3324 quae
3343 3258 3407 3309 ad
3443 3256 3584 3312 illius

1997 3327 2263 3382 rationem
2289 3333 2588 3402 pertinent,
2623 3338 2839 3406 sortita,
2874 3342 3150 3400 viviﬁcato
3178 3357 3232 3401 et
3266 3347 3578 3416 informata,

1995 3411 2271 3470 hominem
2311 3416 2514 3474 factum
2559 3438 2701 3480 esse.
2758 3426 2828 3484 Et
2890 3434 3343 3500 quemadmodum
3396 3442 3578 3495 omnia

1993 3521 2113 3576 quae
2157 3509 2238 3564 sui
2270 3514 2512 3583 corporis
2540 3527 2665 3572 sunt
2706 3521 2808 3576 sibi
2863 3525 3108 3591 ascribit,
3147 3527 3219 3582 ita
3265 3538 3322 3584 ct
3362 3545 3423 3586 ea
3460 3546 3581 3601 quae

1993 3600 2061 3655 ad
2088 3602 2324 3657 animam
2353 3614 2624 3674 spectant.
2672 3610 2906 3670 Necesse
2949 3618 3092 3672 enim
3151 3619 3250 3675 fuit
3281 3630 3339 3676 ut
3373 3622 3425 3677 in
3462 3600 3581 3680 orti-

1994 3691 2180 3757 nibus,
2214 3692 2330 3748 sive
2366 3709 2430 3749 ea
2468 3697 2534 3751 ad
2563 3698 2825 3768 animam,
2860 3703 2974 3760 sive
3008 3706 3074 3761 ad
3106 3722 3300 3778 corpus
3338 3713 3581 3782 pertine-

1992 3791 2136 3850 rent,
2176 3785 2334 3840 nobis
2362 3787 2782 3846 assimilaretur.
2813 3794 3143 3855 Constatnus
3178 3810 3361 3858 autem
3389 3814 3441 3859 et
3482 3822 3581 3861 nos

1990 3886 2056 3927 ex
2091 3874 2273 3930 anima
2298 3879 2551 3934 rationali
2584 3889 2640 3936 et
2669 3897 2917 3954 corpore.
2957 3887 3323 3954 Quamobrem
3355 3905 3412 3948 ut
3435 3912 3577 3951 non-

1988 3977 2263 4033 nunquam
2291 3969 2525 4039 prOprize
2558 3973 2708 4027 carni
2743 3988 2807 4028 ea
2838 3977 2955 4045 pati
3020 3978 3419 4046 dispensatorie
3446 4000 3575 4055 per-

1987 4057 2237 4114 mittebat
2302 4073 2422 4129 quze
2472 4064 2652 4119 carnis
2707 4075 2836 4121 sunt
2893 4071 3152 4139 propria,
3211 4073 3293 4129 ita
3335 4078 3573 4132 animam

1986 4162 2085 4203 sua
2109 4162 2325 4221 quoque
2349 4154 2458 4221 pati
2486 4156 2758 4224 permisit.
2788 4159 3032 4234 Denique
3060 4163 3183 4220 licet
3211 4177 3407 4223 natura
3433 4170 3575 4226 Deus

1985 4249 2151 4307 esset,
2173 4245 2433 4315 omnique
2457 4254 2999 4322 creatura'superior,
3029 4271 3148 4327 qua;
3182 4267 3359 4315 tamen
3383 4263 3575 4317 exina-

1986 4333 2214 4389 nitionis
2265 4346 2444 4407 erant,
2503 4355 2567 4396 ea
2622 4357 2842 4414 semper
2909 4360 3168 4404 accurate
3237 4353 3570 4409 observavit.

1985 4424 2157 4482 Porro
2200 4436 2381 4483 autem
2427 4431 2677 4501 spiritum
2714 4453 2895 4503 suum,
2926 4439 3028 4495 hoc
3052 4450 3154 4508 est,
3199 4444 3434 4498 animam
3468 4447 3572 4502 sibi

1985 4519 2218 4589 unitam,
2255 4520 2368 4577 Deo
2396 4534 2451 4577 et
2485 4523 2633 4579 Patri
2673 4530 3042 4596 commendat,
3076 4541 3134 4586 ut
3159 4548 3299 4589 novo
3353 4550 3570 4592 rursum

293 4608 500 4683 ταύτην
544 4613 676 4683 ἡμῖν
724 4614 1029 4668 ὲνεκαίνισε
1072 4616 1173 4685 τὴν
1218 4616 1354 4672 ὁδόν.
1396 4616 1732 4689 Βαδιούμεθα
1775 4618 1884 4692 γὰρ
1918 4664 1921 4671 γ

1999 4610 2254 4667 benelicio
2297 4628 2397 4684 per
2432 4615 2536 4671 hoc
2584 4631 2683 4672 nos
2719 4620 2979 4675 cumulet.
3016 4622 3297 4690 Quondam
3336 4642 3573 4698 namque

293 4701 397 4754 οὐκ
425 4704 504 4766 είς
544 4702 673 4775 ᾅδου
706 4704 901 4772 ποθὲν,
934 4706 1181 4778 ἑψόμεθα
1226 4705 1288 4772 δὲ
1333 4707 1556 4778 μᾶλλοψ
1601 4708 1699 4761 καὶ
1737 4709 1880 4764 κατά

291 4792 453 4847 τοῦτο
489 4796 639 4868 αὐτῷ
666 4797 746 4868 τῷ
790 4798 968 4869 πιστῷ
998 4800 1198 4873 κτίστῃ
1217 4799 1315 4865 τὰς
1336 4800 1549 4855 ἑαυτῶν
1583 4801 1883 4874 παρατιθέ-

297 4902 448 4955 μενοι
477 4887 656 4959 ψυχὰς
675 4930 690 4957 ,
718 4891 776 4944 ὲν
802 4888 1016 4944 ἐλπίσιν
1044 4891 1217 4962 ἐσμὲν
1259 4892 1520 4961 ἀγαθαῖς·
1564 4894 1750 4965 ἐγερεῖ
1776 4894 1885 4966 γὰρ

294 4975 542 5044 ἅπαντας
568 4982 597 5034 ό
622 4981 877 5052 Χριστός.

1995 4703 2248 4765 humana:
2273 4706 2468 4760 animae
2512 4709 2835 4778 corporibus
2861 4714 3141 4791 exutaeﬁad
3186 4717 3571 4776 subterraneos

1994 4792 2245 4850 carceres
2297 4794 2741 4865 demittebantur,
2794 4802 2987 4858 mortis
3050 4807 3394 4876 receptacula
3462 4810 3573 4867 illic

1983 4886 2324 4954 impleturae:
2357 4897 2415 4942 at
2466 4903 2593 4944 vero
2628 4903 2982 4963 posteaquam
3031 4893 3283 4954 Christus
3321 4900 3571 4972 spiritum

1983 4990 2140 5032 suum
2174 4979 2228 5032 iu
2293 4994 2488 5036 manus
2532 4980 2716 5038 Patris
2756 4988 3179 5056 commendavit,
3224 4992 3388 5047 etiam
3432 4994 3574 5049 hanc

1983 5071 2127 5124 viam
2162 5071 2319 5127 nobis
2351 5073 2803 5131 demntavit.Nec
2832 5079 2978 5134 enim
3015 5097 3159 5139 nunc
3192 5085 3572 5142 descendimus

297 5157 366 5213 ad
404 5157 627 5222 inferos,
662 5159 756 5214 sed
785 5159 979 5217 ducem
1013 5171 1261 5220 nostrum
1289 5175 1431 5232 pone
1478 5163 1887 5234 subsequimur,
1930 5162 2237 5232 animisque
2256 5165 2552 5220 nostrisilli
2570 5169 2733 5223 veluti
2758 5168 2867 5226 ﬁdo
2924 5173 3198 5229 conditori
3238 5177 3567 5268 commissis,

296 5249 565 5318 tantisper
587 5249 724 5305 bona
758 5264 853 5318 spe
877 5253 1115 5309 vivimus
1145 5255 1323 5322 quoad
1346 5252 1600 5308 Christus
1632 5254 1916 5311 universos
1958 5253 2179 5310 tandem
2213 5255 2278 5309 ad
2311 5257 2476 5311 vitam
2506 5261 2808 5318 revocabit.

364 5341 509 5407 Νςν.
557 5359 577 5391 ι
605 5339 805 5405 Καθὼς
830 5341 1115 5398 ἀπέστειλέ
1151 5361 1219 5415 με
1266 5344 1295 5398 6
1323 5342 1431 5409 ζῶν
1461 5344 1673 5417 Πατὴρ,
1719 5343 1877 5414 κάγὼ

290 5428 369 5494 ζῶ
397 5430 483 5484 διὰ
516 5430 608 5484 τὸν
642 5431 897 5504 Πατέρα·
926 5435 1021 5488 καὶ
1056 5437 1085 5489 6
1112 5436 1342 5507 τρώγων
1375 5452 1464 5507 με,
1495 5436 1744 5501 κάκεῖνος
1774 5425 1875 5509 ζή-

291 5536 375 5573 σει
402 5532 431 5560 ιι
476 5520 542 5574 δι’
575 5521 695 5591 ἐμὲ.
722 5541 742 5575 ι
799 5523 1005 5589 Ἡδέως
1054 5525 1122 5581 ἂν
1172 5528 1456 5600 ἐπυθόμην
1497 5530 1605 5583 τῶν
1651 5531 1733 5594 είς
1782 5529 1878 5585 δύο

2058 5342 2197 5399 LVI.
2234 5362 2254 5396 ι
2294 5345 2445 5402 Sicut
2473 5351 2623 5407 misit
2650 5366 2739 5407 me
2774 5354 2960 5409 vivens
2990 5353 3171 5421 Pater,
3201 5364 3255 5411 et
3277 5370 3376 5427 ego
3407 5357 3568 5430 177

1984 5437 2109 5505 vivo
2133 5448 2358 5510 propter
2385 5437 2604 5496 Patrem
2640 5460 2656 5498 :
2689 5453 2744 5497 et
2778 5444 2869 5513 qui
2894 5447 3190 5501 manducat
3218 5463 3330 5513 me,
3366 5458 3423 5504 et
3451 5450 3568 5521 ipse

1983 5531 2130 5587 vivet
2170 5542 2393 5604 propter
2430 5548 2518 5589 me
2544 5534 2614 5590 εί.
2654 5552 2672 5587 ι
2704 5532 2965 5592 Libenter
3015 5536 3102 5595 hic
3135 5554 3229 5596 eos
3261 5540 3567 5614 interroga-

365 5656 412 5689 δ’
429 5655 625 5711 Matth.
656 5674 807 5726 xxvi,
836 5659 929 5718 27.
1006 5662 1055 5694 '°
1088 5661 1223 5721 Luc.
1253 5679 1436 5734 xxuu,
1466 5665 1559 5723 46.
1638 5668 1682 5699 ³³
1709 5666 1868 5725 Joan.
1895 5683 1970 5734 vr,
1995 5670 2048 5726 5.

1404 5783 1579 5838 Varia:
1614 5783 1881 5842 lectiones
1915 5786 2122 5843 codicis
2155 5786 2520 5861 Segtuertani.

372 5897 393 5930 τ
415 5891 805 5964 παρατίθεμαι.
885 5902 909 5933 ⁸
947 5896 1068 5951 καθ’
1093 5899 1264 5971 ἡμᾶς.

1346 5902 1365 5940 ⁸
1393 5903 1678 5972 γεγονότα.
1757 5912 1786 5942 ιι
1821 5904 2063 5978 ζήσεται.
