4076 6424
538 454 678 512 HIS

1532 439 1591 494 Β.
1633 433 1911 494 CYBlLLl
1952 428 2422 488 ALEXANDRINI
2462 423 2785 485 AllClllEl‘.

3644 378 3770 474 tuo

536 586 676 635 rem,
706 570 799 640 qul
845 579 1011 623 unum
1054 563 1337 620 Christum
1379 558 1439 615 iu
1473 557 1613 613 duos
1666 555 1936 620 dividunt,
1969 560 2120 607 uter-

2234 550 2493 622 Χριστοὺς
2537 545 2885 618 διοριζόντων
2915 540 3007 595 τὸν
3037 539 3134 595 ἕνα
3157 553 3173 570 ’
3209 534 3307 600 Τίς
3357 532 3421 606 δὴ
3452 532 3558 605 ἄρα
3584 533 3722 590 ἐστὶν
3747 537 3775 588 6

538 679 661 719 nam
688 662 774 717 ille
804 658 984 728 sitqui
1012 672 1042 710 a
1070 657 1180 712 Deo
1196 654 1360 708 Patre
1392 651 1615 715 missus,
1639 655 1861 717 propter
1895 644 2117 699 Patrem

536 748 690 810 vivit,
723 755 777 800 et
803 746 872 799 ob
903 745 953 798 id
985 742 1233 797 viviﬁcus
1256 736 1519 794 exsistit?
1568 734 1703 789 Nam
1739 733 1784 787 si
1819 730 1962 786 illius
1991 728 2121 784 Ver-

539 843 663 895 bum
701 840 900 891 nudum
933 852 1028 904 per
1055 850 1114 889 se
1140 833 1378 900 positum
1402 844 1525 885 esse
1561 828 1771 890 dicunt,
1823 821 2119 893 quomodo,

538 945 742 999 quaaso,
774 928 902 982 illud
932 943 962 981 a
990 926 1164 991 nobis,
1201 934 1258 978 ut
1288 923 1536 977 vivamus
1573 934 1670 988 per
1710 916 1869 983 illud,
1897 913 2122 969 mandu-

538 1023 738 1078 catur?
774 1021 907 1075 Nam
932 1020 1188 1075 divinitas
1215 1024 1407 1083 suapte
1440 1006 1630 1066 natur’a
1653 1022 1882 1079 corpore
1905 1007 2122 1076 penitus

541 1123 721 1168 vacat.
766 1114 820 1167 Si
867 1124 1049 1165 autem
1100 1106 1375 1162 hominem
1414 1113 1621 1157 tantum
1650 1117 1746 1170 per
1776 1114 1836 1154 se
1871 1111 2119 1153 seorsum

541 1210 889 1270 conceptum,
944 1199 1169 1251 miSStttn
1219 1201 1576 1254 asseverant,
1622 1187 1893 1259 quomodo
1945 1186 2122 1240 viviti-

541 1293 695 1346 candi
731 1292 835 1344 vim
887 1304 953 1343 ex
1006 1304 1070 1341 eo
1112 1288 1296 1352 habet,
1338 1285 1463 1354 quia
1500 1284 1663 1338 vitam
1695 1296 1759 1335 ex
1787 1279 1950 1334 Patre
1983 1277 2122 1332 obti-

542 1382 682 1437 net?
729 1382 928 1435 Annon
990 1393 1183 1434 omnes
1220 1385 1488 1445 quotquot
1540 1376 1593 1429 in
1640 1374 1802 1429 terris
1854 1372 2119 1440 degimus,

540 1470 651 1525 Deo
687 1481 742 1524 et
792 1469 957 1523 Patre
1006 1483 1104 1522 nos
1152 1468 1488 1530 viviﬁcante,
1528 1465 1694 1518 vitam
1728 1460 1983 1533 agimus?
2009 1460 2122 1514 An-

539 1574 648 1611 non
701 1575 720 1609 ι
764 1566 818 1610 In
856 1556 975 1626 ipso
1015 1556 1265 1617 vivimus,
1317 1568 1601 1607 movemur
1639 1550 1693 1604 et
1737 1565 1925 1605 sumus
1953 1547 2043 1600 "7
2091 1566 2109 1600 ι

538 1648 676 1705 Cum
727 1664 856 1718 ergo
897 1662 1089 1703 omnes
1130 1662 1227 1716 per
1263 1645 1486 1699 Patrem
1543 1644 1809 1708 vivamus,
1853 1640 2124 1711 quomodo

543 1742 703 1795 unius
748 1750 957 1794 tantum
1023 1737 1261 1792 hominis
1306 1750 1504 1803 corpus
1547 1749 1609 1789 ea
1653 1734 1719 1787 de
1754 1747 1915 1787 causa
1951 1731 2125 1784 vivili-

542 1844 662 1883 cum
688 1826 1064 1897 prtedicatur?
1097 1827 1207 1880 Cur
1232 1832 1419 1879 nostra
1466 1838 1682 1892 quoque
1729 1836 1957 1890 corpora
1985 1834 2124 1874 eam-

2222 639 2636 711 ἀπεσταλμένος
2678 635 2832 708 παρὰ
2861 633 2954 689 τοῦ
2995 630 3132 687 Θεοῦ
3169 629 3263 684 καὶ
3294 625 3525 698 Πατρός,
3555 625 3645 679 καὶ
3677 626 3776 689 ζῶν

2220 734 2288 787 δι’
2312 732 2495 796 αὑτὸν,
2528 731 2790 802 ὑπάρχων
2835 744 2893 781 τε
2937 724 3030 780 διὰ
3072 723 3236 777 τοῦτο
3280 714 3569 786 ζωοποιόξ;
3596 718 3656 772 El
3689 718 3779 789 μὲν

2221 822 2314 879 οὖν
2353 823 2558 894 γυμνὸς
2586 821 2682 876 καὶ
2725 819 2849 873 καθ’
2878 817 3073 872 ἑαυτὸν
3099 818 3127 869 6
3169 814 3228 880 te
3266 811 3433 867 αὐτοῦ
3463 810 3646 881 Λόγος,
3676 808 3782 873 πῶς

2223 911 2464 966 ἐσθίεται
2504 910 2643 980 πρὸς
2692 908 2873 979 ἡμῶν,
2922 907 3011 960 ἵνα
3044 903 3299 974 ζήσωμεν
3327 901 3392 954 δι’
3428 898 3619 964 αὐτόν;
3648 896 3783 952 ἀσώ-

2168 1029 2194 1041 -
2225 990 2395 1076 ματον
2429 1003 2538 1073 γὰρ
2563 1005 2633 1073 τῇ
2664 1000 2824 1071 φύσει
2856 999 2919 1053 τὸ
2945 999 3119 1053 Θεῖον.
3152 996 3217 1048 Εἰ
3252 993 3311 1047 δὲ
3347 994 3502 1063 μόνον
3541 991 3634 1044 καὶ
3671 990 3780 1043 καθ’

2222 1096 2413 1151 ἑαυτὸν
2454 1095 2741 1166 ἄνθρωπον
2769 1087 2909 1146 εἶναί
2937 1107 3071 1160 φασι
3099 1089 3191 1142 τὸν
3218 1083 3648 1154 ἀπεσταλμένον,
3675 1081 3785 1135 πῶς

2221 1190 2331 1261 ἄρα
2365 1189 2483 1241 ἐστὶ
2522 1185 2802 1252 ζωοποιδς,
2834 1184 2916 1237 ὅτι
2962 1182 3029 1251 ζῇ
3073 1180 3162 1234 διὰ
3191 1175 3282 1233 τὸν
3320 1175 3576 1246 Πατέρας
3605 1172 3786 1228 Καίτοι

2223 1281 2341 1344 πῶς
2379 1280 2479 1350 οὐχ
2516 1280 2755 1342 ἅπαντες
2797 1277 2848 1330 οί
2884 1276 2979 1329 ἐπὶ
3026 1273 3128 1343 τῆς
3163 1271 3267 1341 γῆς
3311 1270 3369 1323 ὲν
3402 1265 3566 1333 ζῶσίν
3612 1266 3785 1333 ἔσμεν,

2223 1368 2612 1435 ζωοποιοῦντος
2659 1366 2755 1421 τοῦ
2807 1363 2942 1418 Θεοῦ
3000 1362 3095 1415 vati
3146 1359 3361 1430 Πατρδς
3406 1357 3588 1427 ἡμᾶς,
3644 1352 3786 1422 εἴπερ

2225 1460 2378 1512 ἐστὶν
2407 1457 2607 1529 ἀληθὲς
2627 1494 2642 1520 ,
2674 1456 2757 1509 ὅτι
2793 1473 2812 1507 ι
2843 1453 3033 1522 Ζῶμεν
3063 1453 3121 1504 ὲν
3150 1446 3319 1517 αὐτῷ,
3362 1446 3456 1499 καὶ
3486 1440 3785 1510 κινούμεθα,

2224 1555 2319 1608 καὶ
2356 1553 2556 1623 ὲσμέν;
2589 1569 2607 1601 ι
2659 1549 2787 1601 Ὅτε
2838 1546 3017 1599 τοίνυν
3068 1540 3251 1611 ζῶμεν
3300 1537 3538 1598 ἅπαντες
3582 1532 3667 1623 6L3:
3708 1530 3789 1623 τὸν

2225 1617 2466 1714 Πατέρα,
2499 1640 2613 1703 πῶς
2646 1638 2711 1708 δὴ
2750 1637 2910 1708 μόνον
2944 1633 3004 1686 τὸ
3054 1630 3173 1692 ἑνὸς
3216 1624 3506 1698 ἀνθρώπου
3544 1620 3696 1690 σῶμα
3736 1617 3791 1671 τδ

2225 1736 2413 1789 ποιοῦν
2448 1735 2564 1786 ἐστι
2597 1731 2777 1795 τοῦτο,
2804 1728 2900 1781 καὶ
2927 1724 3050 1795 οὐχὶ
3094 1720 3296 1794 μᾶλλον
3335 1718 3434 1788 τὴν
3467 1714 3631 1784 αὐτὴν
3656 1710 3792 1780 ἐνέρ-

2226 1845 2380 1897 γειαν
2426 1828 2540 1896 ἔχει
2579 1825 2677 1877 καὶ
2707 1822 2775 1875 τὰ
2807 1821 3032 1890 ἑτέρων,
3069 1815 3226 1885 εἴπερ
3260 1811 3519 1872 ἅπαντες,
3547 1806 3619 1897 ως
3647 1803 3789 1897 ἔφην,

544 1924 663 1976 dem
716 1931 1043 1989 potestatem
1107 1918 1301 1985 adepta
1353 1916 1579 1969 minime
1623 1923 1791 1976 sunt,
1856 1911 2123 1981 siquidem

2234 1893 2397 1988 ἐσμέν
2537 1916 2631 1968 καὶ
2664 1912 2849 1983 ζῶμεν
2878 1908 2968 1962 διὰ
3008 1907 3101 1960 τὸν
3147 1902 3409 1974 Πατέρα;
3441 1900 3506 1952 Τί
3538 1893 3629 1951 οὖν
3672 1893 3792 1989 πρδς

538 2025 750 2076 onmcs,
800 2021 859 2062 ut
900 2008 1040 2072 dixi,
1095 2024 1194 2079 per
1245 2006 1462 2060 Patrem
1517 2005 1851 2079 vivimus‘et
1896 2001 2126 2056 sumtis?-

542 2101 749 2171 Ecquid
791 2116 923 2171 ergo
970 2101 1039 2155 ad
1085 2102 1201 2155 haec
1232 2096 1514 2153 dicemus?
1556 2096 1649 2150 Dei
1706 2076 1968 2160 Verbum,
2000 2107 2122 2147 eum

540 2197 597 2250 in
635 2197 868 2249 humana
928 2194 1101 2248 forma
1140 2192 1424 2261 apparuit,
1462 2189 1741 2259 apostolus
1768 2186 1890 2254 fuit,
1914 2187 2016 2240 hoc
2044 2191 2128 2238 est

543 2286 764 2340 tnissus.
795 2303 814 2336 ι
850 2284 1073 2338 Missum
1107 2294 1192 2339 est
1227 2284 1369 2337 enim
1405 2281 1472 2335 ad
1515 2278 1916 2349 prmdicandum
1944 2276 2122 2345 capti-

539 2377 625 2431 vis
678 2376 1084 2439 remissionem,
1133 2383 1188 2429 et
1217 2373 1377 2428 caacis
1417 2372 1592 2425 visum
1620 2369 1686 2423 ⁸³.
1721 2387 1741 2421 ι
1778 2368 1917 2422 Vivit
1943 2378 2126 2419 autem

541 2478 767 2537 propter
795 2468 1036 2532 Patrem,
1071 2468 1198 2536 quia
1226 2481 1290 2520 ex
1325 2465 1539 2517 vivente
1560 2460 1724 2514 Patre
1753 2458 1996 2529 genitum
2018 2466 2125 2511 est.

545 2559 800 2629 Oportuit
830 2559 975 2612 enim
1020 2557 1201 2612 modis
1231 2556 1484 2611 omnibus
1522 2568 1647 2607 eum
1686 2552 1849 2605 vitam
1884 2563 2005 2602 esse
2036 2561 2127 2603 se-

543 2648 781 2703 cundum
810 2656 1081 2712 naturam,
1120 2646 1211 2715 qui
1243 2660 1309 2699 ex
1336 2644 1550 2697 vivente
1578 2652 1634 2696 et
1665 2641 1773 2694 vita
1811 2640 1918 2694 Deo
1964 2638 2130 2694 Patre

544 2750 725 2793 ortum
769 2735 1023 2789 ducebat.
1089 2734 1358 2801 Quoniam
1410 2744 1540 2785 vero
1592 2745 1794 2800 corpus
1853 2744 1919 2784 ex
1956 2744 2130 2784 ‘sacra

547 2823 775 2895 Virgine
803 2834 1082 2893 sumptum
1120 2825 1226 2907 sibi
1257 2823 1471 2888 ascivit,
1508 2821 1636 2876 fecit
1668 2821 1797 2875 illud
1829 2820 2127 2885 vivilicum,
2172 2848 2179 2861 ι

546 2927 602 2973 et
638 2917 692 2973 id
721 2917 939 2987 quidem
973 2917 1263 2971 admodum
1300 2929 1538 2986 congrue
1567 2914 1591 2968 ‘l
1630 2913 1726 2968 Est
1748 2913 1896 2967 enim
1930 2927 2130 2981 corpus

545 3010 673 3063 vitm
710 3009 892 3064 omnia
936 3009 1283 3064 viviﬁcantis.
1326 3005 1433 3062 Fas
1461 3008 1646 3078 itaque
1678 3021 1784 3061 non
1817 3015 1899 3060 est
1963 3020 2131 3059 unum

548 3098 746 3155 Filium
799 3110 856 3156 et
901 3099 1181 3155 Christum
1227 3108 1283 3154 et
1339 3098 1626 3153 Dominum
1684 3096 1740 3151 in
1792 3097 1930 3152 duos
1991 3095 2132 3150 lilios

548 3195 880 3263 dispertire:
920 3194 1190 3263 siquidem
1246 3193 1389 3247 idem
1446 3192 1564 3260 ipse
1616 3199 1671 3244 et
1716 3190 1822 3244 vita
1851 3199 1955 3252 est,
1988 3204 2131 3257 quo-

2226 1982 2403 2061 ταυτᾶ
2437 2020 2657 2075 φαμεν;
2700 2000 3020 2063 Ἀπόστολος
3049 1996 3457 2068 κεχρημάτικεν
3480 1992 3508 2045 6
3542 1987 3633 2043 τοῦ
3672 1982 3793 2039 Θεοῦ

2227 2099 2418 2167 Λόγος,
2449 2100 2507 2150 ὲν
2537 2095 2852 2165 ἀνθρωπεία
2891 2093 3073 2163 μορφῇ
3113 2086 3373 2156 πεφηνὼς
3399 2102 3412 2115 ·
3450 2102 3469 2136 ι
3509 2078 3795 2149 Ἀπεστάλῃ

2227 2192 2335 2263 γὰρ
2383 2187 2619 2261 κηρύξαι
2660 2196 2687 2225 ν
2737 2184 3105 2256 αἰχμαλώτοις
3165 2182 3393 2249 ἄφεσιν,
3441 2175 3536 2230 καὶ
3592 2171 3795 2241 τυφλοῖς

2228 2262 2543 2351 ἀνάϐλεψιν.
2571 2298 2591 2333 ι
2628 2282 2703 2350 Ζῇ
2736 2279 2792 2331 δὲ
2816 2277 2904 2330 διὰ
2938 2275 3027 2329 τὸν
3060 2271 3280 2343 Πατέρα
3302 2286 3318 2301 ⁸
3353 2267 3670 2338 γεγέννηται
3698 2262 3795 2331 γὰρ

2230 2377 2295 2429 ὲκ
2334 2375 2536 2439 ζῶντος
2576 2370 2810 2442 Πατρός.
2842 2367 2991 2420 Ἔδει
3037 2366 3181 2437 γὰρ,
3230 2363 3340 2416 ἔδει
3390 2360 3567 2429 πάντη
3612 2372 3669 2408 τε
3712 2352 3797 2407 καὶ

2232 2467 2450 2529 πάντως
2490 2463 2633 2518 κατὰ
2668 2462 2829 2531 φύσιν
2852 2458 2992 2513 εἶναι
3026 2457 3171 2527 ζωὴν
3198 2456 3289 2508 τὸν
3314 2455 3383 2507 ὲκ
3407 2449 3602 2517 ζῶντός
3630 2463 3688 2500 τε
3715 2443 3798 2498 καὶ

2231 2557 2380 2627 ζωῆς
2407 2556 2502 2611 τοῦ
2524 2554 2658 2609 Θεοῦ
2684 2554 2777 2608 καὶ
2802 2551 3015 2623 [ἰατρὸς
3040 2546 3399 2618 ἐκπεφυκότα
3421 2543 3569 2597 Υίόν.
3602 2535 3799 2606 Ἐπειδὴ

2231 2649 2289 2704 δὲ
2318 2649 2448 2703 ῐδιον
2491 2647 2785 2717 ἐποιήσατο
2815 2644 2878 2697 τὸ
2919 2642 3079 2711 σῶμα
3118 2639 3179 2692 τὸ
3219 2640 3285 2691 ἐκ
3316 2637 3419 2706 τῆς
3467 2633 3625 2703 ἁγίας
3665 2632 3798 2699 Παρ-

2234 2740 2388 2794 Θένου
2418 2737 2645 2810 ληφθὲν,
2678 2733 2942 2801 ζωοποιδν
2969 2731 3251 2801 ἀπέφηνεν
3277 2727 3415 2781 αὐτὸ
3451 2724 3545 2780 καὶ
3578 2720 3712 2794 μάλα
3736 2720 3801 2772 εί-

2232 2832 2439 2896 κότως·
2474 2829 2636 2901 σῶμα
2667 2827 2776 2898 γάρ
2828 2826 2945 2878 ἔστι
2977 2823 3077 2895 τῆς
3122 2821 3190 2876 τὰ
3222 2820 3405 2874 πάντα
3452 2810 3799 2885 ζωογονούσης

2233 2922 2400 2993 ζωῆς.
2434 2918 2646 2974 Οὐκοῦν
2688 2919 2749 2972 οὒ
2781 2915 3082 2985 διαιρετέον
3131 2912 3213 2977 εἰς
3247 2911 3402 2973 υἱοὺς
3453 2908 3545 2963 δύο
3586 2906 3676 2959 τὸν
3717 2902 3801 2993 ἕνα

2234 2991 2365 3067 Υίὸν
2405 3011 2499 3065 καὶ
2532 3009 2768 3079 Χριστὸν
2816 3008 2913 3061 καὶ
2946 3004 3173 3077 Κύριον.
3220 3002 3400 3073 Εἴπερ
3431 2999 3577 3053 ἐστὶν
3606 2998 3633 3049 6
3658 2991 3802 3054 αὐτὸς

2237 3103 2353 3175 ζωὴ
2389 3103 2490 3174 μὲν
2533 3100 2607 3165 ὼς
2648 3102 2713 3153 ὲκ
2746 3099 2892 3169 ζωῆς
2924 3098 3020 3150 καὶ
3052 3094 3254 3160 ζῶντος
3287 3092 3530 3163 Πατρδς,
3564 3082 3804 3175 (mortem;

2237 3193 2295 3247 δὲ
2326 3172 2421 3247 ἀει
2451 3192 2541 3248 διὰ
2564 3190 2659 3245 τοῦ
2693 3190 2823 3243 ἰδίου
2859 3187 3133 3259 σώματος,
3161 3185 3239 3250 ὼς
3265 3184 3390 3238 καθ’
3411 3182 3559 3255 ἡμᾶς
3588 3172 3805 3249 γεγονὼς

547 3290 695 3343 niam
748 3302 815 3343 ex
870 3287 981 3341 vita
1032 3288 1358 3355 viventeque
1404 3283 1566 3338 Patre
1620 3293 1779 3338 natus
1814 3289 1916 3347 est,
1950 3291 2003 3337 et
2039 3297 2131 3352 per

2242 3286 2337 3341 καὶ
2366 3284 2795 3356 ὲνανθρωπησας
2827 3281 2979 3345 Θεός.

547 3380 827 3452 proprium
856 3392 1058 3449 corpus
1095 3392 1315 3432 rursum
1353 3375 1600 3432 viviﬂeus
1630 3383 1735 3440 est,
1776 3383 1961 3443 utpote
1994 3373 2134 3430 Deus

548 3469 711 3525 homo
742 3468 937 3525 similis
959 3468 1116 3523 nobis
1148 3466 1395 3522 effectus.

619 3560 774 3616 LVll.
807 3579 826 3613 ι
872 3560 1030 3617 Sicut
1059 3562 1205 3616 enim
1241 3561 1408 3616 Pater
1449 3558 1614 3613 vitam
1650 3557 1817 3612 habet
1843 3558 1899 3612 in
1936 3566 2138 3613 semet-

550 3652 687 3721 ipso,
740 3652 820 3708 sic
845 3651 993 3707 dedit
1026 3659 1080 3705 et
1111 3650 1249 3706 Filio
1279 3651 1450 3703 vitam
1478 3649 1680 3703 habere
1704 3650 1758 3701 in
1789 3647 2085 3717 semetipso
2116 3665 2130 3702 :

551 3753 605 3799 et
638 3752 964 3815 potestatem
994 3744 1143 3799 dedit
1188 3742 1238 3796 ei
1278 3752 1334 3797 et
1357 3741 1626 3812 judicium
1659 3740 1861 3805 facere,
1894 3742 2019 3810 quia
2045 3741 2137 3796 Fi-

550 3838 656 3894 lius
710 3839 949 3894 hominis
998 3849 1078 3894 est
1122 3837 1191 3894 ".
1242 3857 1261 3890 ι
1316 3838 1384 3891 At
1425 3836 1704 3906 quomodo
1754 3834 1999 3906 (quaerat
2051 3833 2138 3888 hic

550 3933 857 4003 quispiam)
918 3949 937 3983 ι
982 3931 1144 3986 Pater
1198 3930 1364 3985 vitam
1416 3930 1580 3984 habet
1637 3929 1688 3983 in
1724 3927 2071 3996 semetipso?
2112 3944 2131 3978 ι

549 4022 804 4096 Nunquid
866 4024 1087 4078 aliunde
1126 4032 1450 4091 acceptam,
1495 4019 1576 4075 vel
1633 4020 1701 4075 ab
1757 4019 1866 4074 alio
1908 4016 2138 4073 datam?

553 4119 933 4188 Nequaquam.
987 4115 1136 4171 Istud
1189 4129 1426 4184 namque
1482 4113 1682 4169 docere
1746 4112 1834 4167 vel
1893 4110 2135 4181 opinari,

552 4211 680 4281 quid
710 4219 856 4265 esset
897 4208 1041 4263 aliud
1086 4208 1188 4263 nisi
1239 4216 1490 4277 apertum
1539 4204 1839 4260 delirium?
1868 4202 1980 4258 lnto
2008 4215 2138 4257 vero

551 4304 681 4375 quid
714 4302 819 4358 nisi
863 4301 1156 4356 manifesta
1194 4300 1456 4355 adversus
1493 4297 1819 4353 ineﬂabilem
1855 4297 2003 4351 illam
2042 4309 2139 4349 na-

556 4407 733 4451 turam
777 4392 1160 4464 blasphemia?
1206 4391 1391 4447 Primo
1444 4405 1699 4460 namque,
1741 4388 1786 4442 si
1816 4387 1923 4441 vita
1974 4400 2139 4456 quant

552 4492 740 4555 habet,
789 4487 856 4543 ab
899 4489 1018 4558 ipso
1074 4486 1291 4540 diversa
1340 4484 1503 4548 foret,
1565 4481 1945 4534 universorum
1997 4475 2139 4528 Deus

553 4599 659 4639 non
701 4590 847 4636 esset
878 4590 1071 4634 natura
1102 4576 1347 4647 qumdam
1385 4575 1547 4644 178
1570 4571 1825 4642 simplex,
1866 4569 1959 4624 sed
1991 4582 2140 4623 com-

555 4674 750 4743 posita.
780 4672 860 4725 Ad
888 4674 1023 4737 haec,
1063 4671 1110 4724 si
1139 4670 1307 4721 vitam
1354 4666 1585 4721 aliunde
1626 4662 1909 4731 accepisse
1940 4667 2140 4723 statue-

555 4780 729 4835 retur,
765 4767 810 4821 is
843 4766 1030 4835 utique
1072 4764 1162 4833 qui
1203 4764 1368 4816 vitam
1414 4775 1518 4814 non
1564 4754 1784 4813 habenti
1810 4752 2139 4823 impertiret,

555 4867 694 4917 citra
751 4859 968 4916 omne’nt
1020 4856 1451 4914 controversiam
1520 4851 1702 4907 multis
1752 4848 1996 4920 partibus
2048 4844 2141 4900 illo

557 4954 754 5024 major,
777 4952 1045 5021 bonisque
1067 4949 1322 5007 omnibus
1350 4944 1684 5003 cumulatior
1707 4941 1868 4998 foret.
1896 4938 2143 5009 Denique

558 5046 903 5110 existimare,
952 5043 1069 5098 haec
1118 5043 1191 5096 ita
1236 5040 1480 5104 habere,
1541 5039 1643 5093 hoc
1700 5045 1803 5100 est,
1853 5028 2141 5102 imaginari

560 5139 727 5195 Deum
780 5136 1001 5191 Patrem
1045 5134 1216 5187 vitam
1250 5132 1490 5195 aliunde,
1519 5140 1574 5184 et
1597 5129 1753 5199 quasi
1783 5122 2142 5180 adventitiam

559 5225 855 5289 obtinere;
903 5224 1008 5277 hoc
1055 5219 1190 5275 nihil
1233 5218 1379 5273 aliud
1416 5226 1581 5281 esset,
1611 5225 1669 5269 ut
1694 5216 1829 5280 dixi,
1852 5228 2015 5284 quam
2044 5214 2143 5265 ab-

561 5315 887 5371 surdissime
929 5313 1188 5369 delirare.
1236 5307 1412 5364 liabet
1461 5310 1645 5376 itaque
1689 5305 1849 5359 Pater
1890 5307 2057 5358 vitam
2088 5301 2142 5354 in

564 5407 857 5477 semetipso
902 5422 1006 5461 non
1051 5402 1346 5459 ascititiam
1382 5399 1464 5454 vel
1492 5397 1872 5462 adventitiam,
1916 5394 2012 5451 sed
2044 5407 2141 5448 na-

2313 3551 2435 3605 NZ'.
2487 3567 2506 3600 t
2536 3549 2749 3617 Ὥσπερ
2779 3547 2886 3616 γὰρ
2913 3545 2941 3598 6
2984 3538 3173 3613 Πατὴρ
3217 3538 3331 3610 ἔχει
3360 3533 3511 3607 ζωὴν
3541 3532 3597 3585 ὲν
3629 3522 3806 3596 ἐαυτῷ,

2244 3644 2388 3698 οὕτω
2416 3642 2510 3695 καὶ
2549 3639 2628 3712 τῷ
2656 3616 2774 3709 Υίῷ
2806 3636 3007 3690 δέδωκε
3040 3633 3188 3703 ζωὴν
3220 3631 3369 3702 ἔχειν
3401 3632 3458 3683 ὲν
3498 3622 3699 3694 ἑαυτῷ·
3730 3616 3811 3712 καὶ

2245 3733 2494 3803 ἐξουσίαν
2535 3710 2732 3785 ἔδωκεν
2776 3727 2925 3799 αὑτῷ
2969 3727 3066 3781 καί⁵
3103 3725 3285 3797 κρίσιν
3332 3724 3533 3786 ποιεῖν,
3575 3719 3655 3772 ὅτι
3698 3710 3809 3771 Υἱὸς

2244 3827 2532 3899 ἀνθρώπου
2583 3824 2719 3881 ἐστί.
2759 3842 2778 3875 ι
2833 3823 2969 3876 Τίνα
3003 3821 3069 3892 δὴ
3120 3817 3325 3892 τρόπον
3377 3815 3587 3889 οἰηθείη
3630 3826 3711 3873 τις
3752 3807 3810 3899 ἂν

2247 3898 2391 3992 ἔχειν
2450 3919 2509 3972 ὲν
2554 3917 2731 3988 ἐαυτῷ
2770 3917 2869 3988 τὴν
2915 3914 3063 3985 ζωὴν
3114 3912 3204 3967 τὸν
3252 3911 3509 3983 Πατέρα;
3562 3902 3669 3978 ἆρα

2246 3989 2442 4077 ἔξωθεν
2495 4009 2588 4062 καὶ
2621 4006 3063 4078 εἱσκεκριμένην,
3112 4002 3207 4058 καὶ
3254 4003 3390 4073 παρ’
3419 4000 3607 4071 ἑτέρου
3652 3989 3809 4047 δοθεῖ-

2247 4119 2385 4169 σαν;
2426 4100 2617 4155 Καίτοι
2655 4098 2772 4165 πῶς
2800 4100 2861 4152 οὑ
2893 4099 3055 4169 λῆρος
3091 4096 3156 4150 ἂν
3187 4095 3275 4164 εἴη
3303 4093 3467 4147 τοῦτό
3497 4107 3559 4160 γε
3589 4084 3806 4159 φρονεῖν,

2244 4196 2279 4268 ἢ
2310 4195 2518 4264 λέγειν;
2551 4192 2662 4264 ἔχει
2700 4190 2808 4263 γὰρ
2835 4190 2896 4243 οὐ
2935 4187 3162 4261 μετρίαν
3199 4188 3228 4241 6
3266 4185 3428 4254 λόγος
3455 4183 3553 4254 τῆς
3583 4173 3809 4268 ἀπορρῄ-

2244 4263 2340 4340 του
2385 4263 2600 4356 φύσεως
2635 4282 2732 4350 τὴν
2766 4281 3127 4351 κατάῥρησιν.
3179 4275 3404 4348 Πρῶτον
3456 4273 3553 4344 μὲν
3586 4268 3689 4339 γὰρ
3722 4263 3811 4331 οὐχ

2248 4379 2451 4443 ἁπλοῦς
2501 4378 2581 4431 ἔτι
2618 4376 2717 4448 τὴν
2752 4374 2912 4446 φύσιν
2939 4376 2966 4428 ὁ
3008 4372 3117 4425 τῶν
3154 4369 3291 4423 ὅλων
3336 4367 3496 4421 ἔσται
3524 4364 3674 4427 Θεὸς,
3704 4356 3812 4412 σύν·

2248 4472 2398 4535 θετος
2429 4471 2485 4525 δὲ
2528 4469 2751 4542 μᾶλλον,
2783 4466 2941 4537 εἴπερ
2972 4464 3119 4517 ἐστὶν
3156 4462 3318 4532 ἑτέρα
3359 4459 3491 4531 παρ’
3524 4455 3681 4511 αὐτὸν
3709 4449 3812 4542 ne"

2247 4562 2395 4635 αὗτῷ
2428 4540 2564 4634 ζωή.
2598 4560 2701 4632 Εἴη
2728 4559 2775 4629 δῖ
2798 4559 2864 4614 ἂν
2894 4557 2987 4613 καὶ
3015 4555 3217 4626 μείζων
3249 4553 3439 4620 αὐτοῦ,
3469 4552 3562 4606 καὶ
3593 4553 3647 4603 ὲν
3674 4540 3815 4615 ἀμεί·

2245 4671 2390 4710 νοσιν
2430 4652 2798 4725 ἁσυγκρίτως,
2831 4651 2859 4704 6
2896 4648 2971 4714 ὡς
3009 4648 3111 4702 οὐκ
3154 4646 3331 4717 ἔχοντι
3366 4643 3492 4709 δοὺς
3524 4643 3619 4713 τὴν
3663 4637 3811 4705 ζωὴν.

2248 4747 2407 4818 εἴπερ
2448 4744 2585 4808 ὅλως
2631 4741 2784 4813 ἁλοίη
2818 4740 3019 4795 λαϐὼν.
3059 4738 3199 4793 Ἀλλ’
3228 4736 3401 4802 ἐστιν,
3430 4736 3508 4799 ὼς
3538 4734 3692 4803 ἔφην,
3721 4726 3815 4818 τῶν

2247 4839 2388 4908 ἄγαν
2416 4836 2811 4908 ἁπηχεστάτων
2838 4834 2897 4887 τὸ
2920 4826 3022 4886 ὦδὲ
3048 4849 3107 4885 τε
3131 4830 3273 4902 ἔχειν
3297 4828 3509 4883 οἴεσθαι
3538 4824 3709 4886 ταυτὶ,
3734 4816 3817 4871 καὶ

2250 4906 2484 5002 θῦραθεν
2513 4906 2711 4983 ἐννοεῖν
2740 4923 3237 4995 εἰσκεκομισμένην
3271 4921 3414 4975 ἑλεῖν
3443 4919 3543 4987 τὴν
3573 4915 3712 4985 ζωὴν
3736 4906 3816 4961 τὸν

2245 5001 2379 5077 οεδν
2419 5023 2513 5076 καὶ
2553 5020 2792 5093 Πατέρα.
2823 5020 2978 5089 Ἔχει
3014 5016 3193 5071 τοίνυν
3234 5015 3294 5067 ὲν
3331 5011 3513 5081 ἑαυτῷ
3553 5009 3650 5077 τὴν
3688 5001 3817 5068 ζωὴν

2247 5117 2349 5171 οὐκ
2392 5115 2684 5187 ἐπίκτητον
2715 5114 2748 5187 ἢ
2778 5109 3230 5183 είσκεκριμένως,
3264 5104 3511 5176 φυσικῶς
3543 5100 3599 5155 δὲ
3635 5094 3817 5187 pii-‘10"

2248 5207 2662 5278 ἐνυπάρχουσαν
2687 5222 2747 5259 τε
2793 5199 2967 5272 αὐτῷ,
2999 5200 3093 5253 καὶ
3132 5197 3364 5267 οὑσιώδη
3411 5190 3642 5264 καρπόν.
3678 5183 3818 5239 Οὕτω

2247 5272 2652 5369 δέδωκεν-ἒχειν
2697 5297 2794 5351 καὶ
2839 5293 2918 5367 τῷ
2951 5292 3067 5364 Υἱῷ
3106 5291 3204 5363 τὴν
3243 5289 3409 5361 ζωήν.
3442 5282 3576 5339 Εἶτα
3619 5278 3730 5341 πῶς
3760 5272 3817 5369 ᾂν

2248 5390 2466 5445 δύναιτο
2497 5366 2680 5445 λαὸὼν
2709 5392 2738 5444 6
2767 5366 2916 5457 Υἱὸς,
2950 5383 3223 5449 οὐσιωδῶς
3252 5384 3393 5454 ἔχειν
3435 5380 3493 5434 ὲν
3520 5370 3692 5444 ἑαυτῷ
3729 5366 3818 5437 τὴν

631 5561 679 5595 ⁸³
702 5562 860 5619 Joan.
898 5578 1031 5630 xvn,
1056 5561 1151 5619 28.
1227 5559 1275 5592 ⁸³
1305 5559 1406 5614 lsa.
1440 5573 1548 5622 th,
1579 5557 1601 5611 l
1631 5574 1645 5623 ;
1681 5554 1810 5609 Luc.
1850 5569 1927 5622 tv,
1963 5553 2047 5619 I8,
2073 5551 2131 5607 19

2238 5551 2286 5584 ”
2308 5550 2468 5607 Joan.
2498 5566 2552 5610 ν.
2578 5549 2673 5607 98.

1671 5708 1847 5766 Varia:
1877 5712 2135 5769 lectiones
2161 5710 2364 5767 codicis
2393 5708 2753 5780 Seguieriani.

644 5865 673 5897 '
694 5854 970 5928 κηρύξων.
