4076 6480
316 550 325 565 _
370 480 511 538 ιιι-ι

1189 480 1284 536 ΑΙ)
1318 478 1618 536 REGINAS
1658 480 1745 537 DE
1788 479 2014 538 RECTA
2058 481 2218 538 FIDE
2256 480 2516 540 ORATIO
2557 480 2862 539 ALTERA.

3509 478 3649 537 “13

369 601 555 673 ζωήνς
588 600 757 655 Τουτὶ
793 600 924 674 γὰρ,
952 599 1128 673 οἶμαι,
1164 603 1297 673 φαίη
1337 621 1420 667 τις
1465 604 1552 658 ἄν.
1588 605 1740 674 Ἔχει
1782 605 1961 659 τοίνυν
1989 646 2001 670 Α

2074 606 2319 662 turaliter
2364 605 2543 676 potius
2590 605 2749 675 quasi
2821 598 3232 665 substantialcm
3306 599 3540 654 fructum
3592 599 3646 652 in

368 694 444 757 ὡς
488 691 549 758 ὲξ
590 693 757 748 αὐτοῦ
802 694 942 747 κατὰ
989 693 1151 763 φύσιν
1208 694 1488 764 ὑπάρχων,
1534 694 1593 746 ὲν
1636 694 1814 764 ἑαυτῴ
1855 696 1956 766 τήν

370 785 537 858 ζωὴν,
564 787 698 841 καθὸ
726 789 926 840 νοεῖται
951 788 1102 849 Θεός.
1128 787 1351 857 Δέχεται
1378 786 1432 839 δὲ
1466 787 1665 856 μᾶλλον
1697 787 1834 858 μετὰ
1864 786 1956 840 τοῦ

370 877 464 930 καὶ
498 878 704 948 κρίνειν
742 879 930 949 αὐτὴν,
960 879 1145 932 καίτοι
1173 878 1368 949 κριτὴς
1407 878 1672 949 ὑπάρχων
1698 879 1773 943 ὡς
1802 878 1953 943 Θεός.

370 969 481 1023 Καὶ
512 970 597 1033 τίς
633 970 699 1025 ἂν
731 971 816 1042 εἴη
851 971 946 1024 τοῦ
991 971 1179 1025 λαϐεῖν
1207 973 1235 1024 ὁ
1262 971 1501 1043 τρόπος,
1546 970 1745 1037 διδάξει
1783 971 1958 1040 λέγων

368 1061 553 1124 αὐτὸς,
582 1062 663 1115 ὅτι
695 1062 872 1125 ικΥίὸς
905 1062 1197 1133 ἀνθρώπου
1220 1062 1387 1116 ἐστίν.
1412 1081 1429 1111 ι
1457 1062 1531 1113 Οὐ
1563 1061 1671 1133 γάρ
1707 1061 1838 1115 rem
1860 1064 1959 1116 ἀν-

372 1153 593 1222 θρώπου
614 1152 675 1205 τὸ
696 1152 952 1206 δύνασθαι
977 1152 1188 1207 οἴκοθεν
1210 1152 1353 1223 ἔχειν
1374 1151 1473 1221 τὴν
1496 1152 1659 1222 ζωήν.
1691 1171 1710 1204 ι
1742 1151 1962 1224 Ἐπειδὴ

366 1244 426 1298 δὲ
472 1244 600 1297 ἴδιον
642 1244 834 1313 γέγονε
872 1243 966 1297 τοῦ
1002 1243 1204 1309 ζῶντος
1257 1244 1435 1313 Λόγου
1484 1245 1547 1297 τὸ
1581 1243 1780 1297 ἐνωθὲν
1812 1245 1963 1315 αὐτῷ

372 1336 553 1406 σῶμα,
584 1336 755 1407 ταύτῃ
795 1353 876 1389 τοι
908 1336 1003 1389 καὶ
1043 1336 1188 1407 μάλα
1217 1337 1474 1400 εἰκότως,
1504 1334 1581 1399 ὡς
1628 1334 1766 1406 ἔχων
1798 1333 1964 1388 αὐτοῦ

371 1429 472 1499 τὴν
514 1429 777 1495 ζωοποιὸν
820 1429 1124 1499 ἐνέργειαν,
1176 1429 1361 1483 λαϐεῖν
1393 1427 1612 1497 λέγεται
1654 1428 1753 1498 τὴν
1794 1426 1963 1498 ζωήν.

375 1521 685 1577 Οίκειοῦται
713 1521 769 1575 δὲ
804 1522 966 1575 πάλιν
991 1522 1050 1575 τὸ
1080 1522 1272 1594 χρῆμα
1300 1520 1484 1588 αὐτὸς,
1511 1515 1572 1575 οὗ
1597 1520 1692 1575 καὶ
1717 1518 1845 1573 rem
1875 1520 1969 1589 γέ·-

372 1630 502 1682 γονε
534 1614 693 1683 σῶμα
720 1613 782 1667 τὸ
817 1613 1059 1683 εἰληφός.

372 1714 458 1759 est
494 1705 700 1758 homini
750 1706 917 1759 vitam
953 1721 981 1758 a
1024 1704 1319 1775 semetipso
1358 1703 1561 1759 habere
1593 1716 1756 1771 posse
1791 1720 1805 1756 :
1864 1702 1957 1758 sed
1998 1703 2125 1773 quia
2200 1716 2395 1771 corpus
2444 1703 2627 1759 Verbo
2672 1703 2882 1758 unitum
2937 1701 3171 1758 viventis
3215 1700 3376 1756 Verbi

2065 699 2251 768 seipso
2274 699 2653 754 exsisteutem.
2693 697 2873 764 Atque
2923 694 2987 747 ad
3038 694 3290 748 eumdem
3339 694 3559 747 modum
3595 703 3651 746 et

2065 793 2204 847 Filio
2246 808 2465 863 quoque
2516 792 2686 847 vitam
2720 789 2773 843 in
2808 790 3101 860 semetipso
3130 789 3332 844 habere
3370 788 3542 841 dedit.
3576 786 3647 841 Et

2066 890 2339 956 quomodo
2370 885 2564 949 Filius,
2589 899 2714 939 cum
2747 883 2912 937 vitam
2947 898 2974 936 a
3008 882 3168 936 Patre
3192 881 3488 949 acceperit,
3512 877 3647 934 sub-

2068 978 2394 1032 stantialiter
2440 993 2560 1033 eam
2606 977 2660 1031 in
2703 992 2761 1031 se
2804 976 2977 1046 possit
3024 973 3362 1029 habere?”
3394 986 3652 1042 namque,

2071 1076 2129 1121 ut
2154 1077 2307 1136 puto,
2341 1054 2540 1137 aliquis
2565 1067 2747 1121 dicere
2779 1066 2977 1136 possit.
3008 1063 3183 1118 Habet
3215 1076 3345 1132 ergo
3371 1071 3426 1115 et
3456 1061 3648 1123 Filius,

2070 1171 2193 1211 cum
2223 1157 2290 1211 ab
2328 1156 2447 1225 ipso
2470 1154 2635 1210 Patre
2664 1156 2960 1210 secundum
2990 1163 3246 1206 naturam
3272 1151 3364 1215 sit,
3401 1150 3567 1203 vitam
3596 1150 3651 1203 in

2042 1249 2273 1318 'seipso,
2312 1260 2474 1318 prout
2506 1249 2648 1303 Deus
2673 1258 2796 1303 est:
2832 1255 2889 1302 at
2917 1261 3049 1301 vero
3086 1259 3193 1299 una
3225 1241 3654 1313 cumjudicaudi

2069 1349 2338 1410 potestate
2398 1339 2545 1393 illam
2594 1338 2877 1408 accepisse
2935 1337 3173 1403 dicitur,
3222 1344 3340 1391 esto
3392 1345 3452 1389 ut
3502 1333 3646 1389 Deus

2070 1431 2311 1487 omnium
2330 1430 2496 1499 jude‘x
2522 1432 2772 1485 exsistat.
2798 1430 2968 1485 Porro
2986 1438 3165 1485 autem
3194 1443 3316 1498 quae
3346 1427 3654 1497 suscipien-

2072 1521 2123 1576 di
2157 1523 2613 1589 exstiteritratio,
2664 1522 2717 1578 id
2775 1524 2889 1593 ipse
2944 1523 3205 1588 insinuat,
3269 1522 3397 1575 dum
3455 1520 3649 1574 addit:

2076 1628 2097 1663 ι
2130 1611 2269 1678 Quia
2308 1611 2481 1666 Filius
2537 1613 2773 1667 hominis
2800 1620 2903 1667 est.
2944 1630 2965 1665 ι
3006 1612 3119 1666 Non
3173 1610 3320 1667 enim
3369 1610 3651 1679 proprium

3453 1698 3657 1755 factum

373 1804 457 1849 est
504 1794 807 1864 proprium,
870 1803 1183 1864 propterea,
1225 1801 1279 1849 et
1314 1793 1366 1849 id
1435 1792 1661 1863 quidem
1693 1790 2003 1847 admodum.
2067 1792 2472 1857 tenvenienter,
2531 1794 2700 1847 vitam
2770 1793 3048 1862 accepisse
3106 1793 3350 1857 dicitur,
3402 1800 3660 1862 tanquam

373 1891 644 1945 vivilicam
698 1890 869 1959 ipsius
913 1888 1191 1945 actionem
1244 1888 1475 1945 habens.
1508 1887 1644 1943 item
1711 1903 1841 1944 vero
1900 1887 2109 1958 ipsein
2175 1903 2235 1945 se
2273 1887 2556 1958 transfert,
2601 1888 2760 1961 cujus
2812 1888 3094 1961 proprium
3146 1888 3346 1944 factum
3391 1898 3473 1944 est
3525 1887 3657 1943 illud

377 1998 597 2055 corpus,
639 1984 782 2054 quod
813 1982 985 2038 vitam
1017 1979 1249 2050 accepit.

379 2126 504 2182 Ὅτι
531 2125 648 2180 κᾶν
675 2124 814 2190 Υἱὸς
842 2122 1158 2192 ᾀνθρώπου
1183 2118 1431 2189 λέγηται
1458 2122 1491 2174 δ
1521 2119 1799 2192 Χριστὸς,
1827 2118 1966 2175 ἀλλ’
1999 2108 2001 2162 Ῐ

2146 2122 2302 2190 Quod
2344 2121 2594 2179 Christus
2631 2139 2786 2178 uerus
2832 2123 2898 2176 sit
2942 2120 3099 2186 Deus,
3142 2120 3354 2175 etiamsi
3407 2117 3587 2175 Filius

624 2189 806 2249 οὐδὲν
833 2189 1018 2264 ἦτε-ὄν
1053 2192 1188 2246 ἐστι
1220 2192 1366 2255 Θεὸς
1396 2189 1706 2259 ἀληθινός.

444 2328 578 2382 ΝΗ’.
618 2325 791 2389 Αὐτός
816 2324 918 2378 πού
942 2342 1105 2395 φησιν
1126 2326 1154 2378 ὁ
1176 2322 1382 2394 Κύριος
1406 2323 1565 2395 ήμῶν
1600 2321 1808 2395 Ἰησοῦς
1832 2324 1967 2396 Χρι-

377 2421 519 2483 στός.
557 2438 575 2470 ι
605 2415 756 2489 Ἀρά
787 2434 851 2486 γε
878 2415 1048 2470 ἐλθὼν
1070 2419 1098 2471 ὀ
1130 2416 1259 2480 Υἱὸς
1289 2414 1385 2469 τοῦ
1419 2415 1709 2489 ἀνθρώπου
1742 2417 1968 2490 εὑρήσει

372 2511 471 2581 τὴν
520 2511 702 2563 πίστιν
735 2510 828 2562 ἐπὶ
879 2508 981 2578 τῆς
1018 2509 1156 2579 γῆς;
1187 2527 1206 2559 ›
1242 2509 1380 2581 Φέρε
1423 2510 1488 2579 δὴ
1529 2509 1691 2564 πάλιν
1736 2509 1827 2562 τὸν
1861 2509 1970 2564 τῶν

374 2603 679 2674 εἰρημένων
704 2601 1083 2672 βασανίζοντες
1106 2600 1252 2663 νοῦν,
1280 2603 1458 2654 ἐκεῖνο
1484 2601 1969 2673 περιαθρήσωμεν,

375 2695 536 2748 ποίαν
588 2694 812 2765 ζητήσει
864 2693 1047 2745 πίστιν
1079 2694 1172 2745 ἐπὶ
1218 2693 1315 2763 τῆς
1357 2693 1457 2763 γῆς
1504 2694 1878 2764 ὑπονοστήσας
1912 2694 1973 2758 ἐξ

375 2784 621 2854 οὐρανῶν
662 2785 691 2836 ὁ
735 2782 940 2853 Κύριος
990 2782 1153 2852 ήμῶν
1192 2782 1401 2852 Ἰησοῦς
1449 2783 1721 2853 Χριστός;
1759 2785 1823 2837 Εἰ
1873 2786 2001 2855 μὲν“

375 2877 486 2948 γὰρ
518 2873 873 2929 πιστεύεσθαι
903 2874 1041 2945 πρὸς
1074 2873 1231 2944 ήμῶν
1255 2873 1449 2939 ἐθέλει,
1474 2874 1554 2926 ὅτι
1579 2874 1712 2938 Θεὸς
1743 2876 1842 2944 μὲν
1872 2877 1972 2929 οὐκ

377 2963 548 3029 ἔστιν,
579 2963 700 3017 οὐδὲ
729 2962 861 3025 Θεὸς
895 2962 1133 3031 ἀληθῶς,
1163 2961 1450 3032 ἄνθρωπος
1479 2962 1536 3015 δὲ
1566 2962 1785 3033 μᾶλλον,
1816 2965 1972 3020 οὐδὲν

377 3055 517 3127 ἔχων
542 3056 649 3110 τῶν
674 3056 797 3107 καθ’
820 3056 966 3126 ἡμᾶς
993 3053 1250 3106 ἐπέκεινα
1270 3073 1282 3085 ο
1313 3051 1429 3116 πῶς
1454 3051 1517 3106 ἂν
1544 3054 1837 3107 ὲνδοιάσειέ
1865 3073 1968 3123 τις,

378 3148 461 3200 ὅτι
484 3147 582 3219 τὴν
612 3146 823 3200 τοιάνδε
857 3144 1128 3215 διάληψιν,
1161 3145 1331 3215 ήγουν
1366 3143 1548 3197 πίστιν
1576 3162 1636 3197 τε
1666 3147 1760 3199 καὶ
1785 3146 1967 3214 δόξαν,

377 3243 438 3295 οὐ
476 3243 606 3314 παρ’
632 3243 763 3311 ήμῖν
793 3241 1014 3310 εὑρήσει
1053 3237 1277 3309 μᾶλλον,
1318 3236 1454 3290 ἀλλά
1488 3239 1619 3309 παρ’
1654 3238 1881 3309 Ἕλλησί
1909 3256 1971 3293 τε

379 3335 475 3389 xui.
512 3335 818 3401 Ἰουδαίοις;
855 3331 1255 3403 Εἱδωλολάτραι
1287 3330 1388 3401 μὲν
1423 3331 1533 3403 γὰρ
1566 3334 1660 3386 καὶ
1685 3335 1737 3386 οἱ
1766 3335 1830 3403 τῇ
1858 3332 1973 3385 κτί-

381 3444 467 3480 σει
498 3427 650 3497 παρά
673 3427 764 3479 τὸν
799 3424 1041 3496 Κτίστην
1077 3423 1458 3496 λατρεύοντες,
1486 3424 1717 3496 σταυρὸν
1747 3424 1974 3479 ἀκούον-

2588 2194 2815 2250 hominis
2843 2193 3158 2263 appelletur.

2146 2328 2327 2385 LVIII.
2385 2328 2655 2384 Dominus
2706 2336 2901 2384 noster
2948 2325 3108 2381 Jesus
3151 2324 3409 2382 Christus
3457 2325 3662 2381 alicubi

2076 2420 2153 2477 ita
2200 2422 2313 2476 ait:
2372 2439 2390 2473 ι
2454 2420 2850 2475 Verumtamen
2905 2418 3077 2473 Filius
3124 2418 3366 2475 hominis
3415 2419 3662 2481 veniens.

2078 2521 2237 2581 putas
2260 2511 2503 2566 inveniet
2534 2511 2696 2566 tidem
2722 2512 2778 2565 in
2813 2519 2962 2565 terra
2989 2510 3085 2565 "7
3120 2529 3139 2562 ι
3177 2510 3423 2579 Agedum
3466 2511 3664 2564 horum

2077 2606 2372 2660 verborum
2409 2618 2632 2659 sensum
2681 2604 2748 2657 ad
2784 2602 3021 2658 libellam
3053 2602 3445 2671 expendentes,
3480 2602 3672 2656 videa-

2081 2710 2225 2760 mus,
2253 2694 2668 2763 ecqualemnam
2715 2693 2878 2748 ﬁdem
2954 2692 3217 2749 Dominus
3266 2704 3457 2748 noster
3505 2690 3668 2747 Jesus

2080 2786 2338 2841 Christus
2384 2786 2514 2841 olim
2558 2799 2589 2838 e
2618 2784 2760 2840 coelo
2806 2798 3130 2838 reversurus
3182 2783 3384 2853 exiget.
3438 2782 3573 2837 Nam
3621 2784 3669 2838 si

2080 2878 2244 2934 homo
2283 2886 2490 2932 tantum
2524 2876 2670 2931 nulla
2700 2891 2759 2931 re
2789 2877 3006 2931 caeteris
3046 2884 3310 2945 praestans
3341 2892 3369 2930 a
3404 2876 3512 2931 Deo
3555 2891 3662 2931 uo-

2080 2970 2166 3024 bis
2215 2968 2331 3023 vult
2370 2968 2543 3034 credi,
2588 2984 2695 3023 non
2749 2970 2917 3023 etiam
2971 2968 3148 3034 Deus,
3215 2977 3309 3022 aut
3360 2982 3522 3023 verus
3573 2969 3669 3023 Dei

2079 3061 2277 3128 Filius,
2341 3061 2614 3115 neminem
2662 3060 2916 3115 dubitare
2946 3058 3208 3125 arbitror,
3258 3070 3440 3114 tamen
3483 3061 3668 3124 Iidem,

2081 3151 2529 3219 aestimationem,
2570 3150 2655 3204 vel
2703 3150 3016 3220 opinionem
3063 3149 3205 3219 apud
3229 3164 3472 3219 paganos
3495 3148 3670 3203 etJu-

2083 3244 2231 3298 datos
2260 3242 2442 3313 potius
2474 3250 2909 3310 comperturum,
2943 3255 3106 3310 quam
3140 3242 3283 3311 apud
3322 3255 3422 3295 nos
3448 3257 3461 3291 :
3490 3255 3669 3309 quan-

2082 3334 2374 3404 doquidem
2431 3331 2752 3399 idololatrae,
2793 3332 3107 3401 ’caaterique
3150 3332 3241 3401 qui
3294 3345 3385 3385 res
3414 3332 3669 3387 conditas

2084 3427 2257 3495 ipsius
2296 3425 2457 3496 179
2488 3424 2804 3480 Conditoris
2854 3424 2978 3480 loco
3022 3434 3399 3490 venerantur,
3450 3438 3669 3478 crucem
3760 3491 3775 3501 I

378 3535 492 3582 τες,
532 3518 591 3571 ὃν
626 3518 886 3588 ὑπέμεινε
918 3517 984 3570 δι’
1013 3518 1186 3587 ἡμᾶς,
1216 3517 1311 3570 καὶ
1342 3516 1566 3588 προσέτι
1596 3518 1687 3570 τὸν
1719 3516 1971 3582 θάνατον,

2083 3527 2139 3572 et
2177 3528 2408 3572 mortem
2436 3532 2598 3586 quant
2639 3515 2811 3570 nostri
2853 3529 3019 3569 causa
3059 3513 3307 3584 pertulit,
3354 3513 3669 3577 audientes,

380 3606 613 3674 γελῶσιν
646 3609 695 3660 οί
740 3608 965 3661 δείλαιοι
994 3624 1007 3637 ·
1061 3607 1164 3661 κᾶν
1213 3608 1267 3660 ετ
1303 3625 1387 3671 τις
1448 3607 1611 3661 αὐτὸν
1660 3608 1916 3678 ὀνομάζει
1950 3615 1979 3644 ι

2084 3605 2137 3659 ἱιι
2175 3606 2426 3659 insanum
2474 3619 2601 3659 mox
2652 3603 2980 3659 cachinnum
3013 3603 3303 3660 solvuntur
3327 3603 3555 3669 miseri;
3592 3612 3668 3667 et,

382 3700 536 3767 Θεὸν,
582 3700 934 3773 ἀναπηδῶσιν
976 3700 1138 3764 εὐθὺς
1173 3680 1693 3774 ἁνθρωτεδλατρείαν
1733 3699 1874 3757 εἶναι
1918 3701 1980 3756 τὸ

2083 3691 2129 3747 si
2160 3691 2431 3761 quispiam
2473 3693 2642 3747 Deum
2668 3692 2821 3746 illum
2856 3692 3243 3757 nominaverit,
3281 3692 3673 3763 indiguabundi

383 3792 575 3861 χρῆμα
597 3798 625 3839 3'
655 3790 1116 3860 διοριζόμενοι.οῖ
1144 3807 1209 3859 γε
1247 3778 1359 3862 μὴν
1388 3792 1453 3845 ὲκ
1486 3792 1788 3862 περιτομῆς
1830 3809 1972 3845 κατ-

2083 3784 2377 3847 cont‘estim
2448 3784 2729 3849 resiliunt,
2782 3794 2837 3838 et
2886 3786 2993 3840 hoc
3025 3785 3520 3856 anthropolatriam
3552 3799 3675 3840 esse

387 3881 617 3952 εφύοντο
665 3882 760 3934 τοῦ
805 3881 1097 3951 Σωτῆρος,
1146 3882 1401 3951 λέγοντες
1459 3882 1741 3954 ἐναργῶς·
1786 3902 1805 3933 ι
1843 3883 1979 3953 Περὶ

2084 3875 2370 3930 deﬁniunt.
2414 3874 2588 3931 Judaei
2617 3891 2839 3946 quoque
2878 3878 2935 3930 in
2993 3878 3277 3931 Christum
3322 3880 3671 3948 insurgentes

385 3974 553 4027 καλοῦ
600 3973 767 4045 ἔργου
805 3973 866 4026 οὑ
901 3971 1194 4041 λιθάζομέν
1230 3989 1319 4036 σε,
1367 3972 1505 4027 ἀλλὰ
1558 3973 1689 4043 περὶ
1725 3972 1975 4042 βλασφη-

388 4066 553 4137 μίας’
597 4067 682 4119 ὅτι
714 4067 799 4133 σὺ,
843 4062 1130 4135 ἄνθρωπος
1185 4061 1283 4130 ὢν,
1331 4067 1505 4128 ποιεῖς
1550 4063 1741 4118 ἑαυτὸν
1772 4064 1924 4117 Θεόν.
1954 4084 1972 4116 ι

389 4159 512 4213 Ὀτι
545 4158 726 4213 τοίνυν
756 4159 816 4211 οὐ
852 4158 951 4230 τὴν
993 4157 1148 4230 παρά
1184 4174 1249 4227 γε
1303 4161 1416 4221 τοῖς
1461 4156 1838 4228 πλανωμένοις
1885 4158 1978 4211 πί-

389 4267 507 4305 στιν
542 4253 822 4321 ὲπιζητεῖ,
868 4250 966 4321 τὴν
1008 4251 1138 4322 παρ’
1181 4252 1315 4321 ἡμῖν
1350 4250 1407 4303 δὲ
1452 4250 1653 4320 μᾶλλον
1690 4251 1803 4313 τοῖς
1842 4249 1979 4322 ὀρθὰ

387 4346 606 4415 φρονεῖν
632 4343 872 4410 εἰωθόσι,
900 4343 1053 4397 πᾶσά
1079 4360 1196 4405 πως
1217 4343 1433 4413 ἀνάγκη
1461 4341 1873 4404 διανενευκότας
1898 4342 1980 4404 είς

387 4436 644 4508 ἀλήθειαν
675 4436 981 4506 ὁμολογεῖν,
1011 4435 1094 4488 ὅτι
1130 4435 1264 4499 Θεὸς
1290 4433 1434 4489 κατὰ
1468 4434 1630 4504 φύσιν
1655 4434 1684 4486 ὁ
1722 4434 1819 4488 καὶ⁵
1846 4434 1979 4498 Υἱὸς

388 4528 677 4599 ἀνθρώπου
706 4528 773 4581 δι’
815 4530 964 4599 ἡμᾶς
994 4528 1266 4597 γεγονώς·
1297 4528 1385 4581 ἴνα
1422 4526 1497 4599 μὴ
1528 4529 1639 4591 τοῖς
1682 4526 1793 4581 τῶν
1839 4527 1978 4582 πλα-

2080 3969 2260 4038 palam
2290 3969 2568 4038 objectare
2619 3985 2726 4023 non
2765 3969 3094 4024 dubitabunt
3125 3987 3140 4023 :
3167 3989 3186 4019 ι
3230 3969 3305 4024 De
3332 3971 3474 4025 bono
3504 3984 3670 4040 opere

2082 4074 2190 4114 non
2242 4060 2549 4131 lapidamus
2602 4069 2682 4126 te,
2728 4060 2827 4115 sed
2885 4061 2952 4117 de
2990 4060 3369 4131 blasphemia,
3406 4063 3533 4131 quia
3586 4071 3667 4129 tu,

2081 4151 2245 4207 homo
2296 4167 2420 4208 cum
2472 4153 2570 4219 sis,
2625 4151 2760 4208 I’acis
2823 4151 3059 4222 teipsum
3113 4154 3286 4207 Deum
3335 4153 3404 4208 “.
3452 4173 3472 4206 ι
3530 4152 3669 4209 Cum

2081 4244 2343 4313 ejusmodi
2402 4260 2533 4317 ergo
2576 4245 2744 4302 ﬁdem
2799 4258 3093 4303 exacturus
3139 4263 3245 4303 non
3302 4248 3398 4314 sit,
3448 4248 3666 4318 qualem

2082 4346 2332 4391 errantes
2387 4336 2611 4405 habent,
2663 4340 2758 4394 sed
2812 4340 3033 4415 qualem
3093 4355 3195 4395 nos
3250 4350 3519 4404 tenemus,
3574 4341 3672 4410 qui

2082 4435 2236 4482 recte
2288 4443 2485 4499 sapere
2542 4432 2976 4487 consuevimus:
3038 4432 3326 4488 veritatem
3379 4443 3670 4501 sequentes

2085 4520 2398 4575 necessario
2480 4519 2641 4576 fateri
2699 4532 2914 4590 oportet
2964 4538 3089 4577 eum
3141 4524 3234 4592 qui
3290 4526 3459 4579 nostri
3496 4538 3665 4577 causa

2082 4609 2255 4668 Filius
2304 4612 2542 4668 hominis
2594 4613 2770 4668 factus
2832 4622 2935 4679 est,
2983 4613 3153 4669 Deum
3203 4629 3327 4669 esse
3369 4616 3666 4668 secundum

2085 4712 2339 4757 naturam
2380 4721 2400 4764 ε⁴
2434 4719 2503 4760 ne
2536 4704 2793 4761 videlicet
2828 4706 2883 4762 in
2935 4705 3234 4761 errantium
3269 4706 3501 4760 crimina
3528 4706 3672 4763 ultro

387 4622 645 4692 νωμένων
676 4621 1018 4693 ἐγκλήμασιν
1047 4623 1277 4685 ἑαυτοὺς
1324 4620 1577 4689 ἐνιέντες,
1627 4619 1880 4691 λάθωμεν
1911 4619 1981 4674 τὰ

391 4712 482 4765 ἴσα
521 4716 739 4784 φρονεῖν
770 4713 1075 4785 ᾑρημένοι,
1128 4714 1227 4767 καί
1264 4712 1438 4784 μικρὰ
1483 4710 1802 4779 δοξάζοντες
1850 4712 1981 4784 περὶ

390 4802 650 4873 Χριστοῦ,
680 4802 934 4873 καθάπερ
956 4803 1151 4874 ἀμέλει
1182 4805 1449 4859 κάκεῖνοι.

2086 4810 2186 4851 nos
2226 4796 2574 4865 objicientes,
2618 4812 2717 4868 per
2755 4796 3030 4852 inscitiam
3078 4797 3185 4852 illis
3211 4797 3409 4852 similia
3451 4812 3669 4866 sapere,

2011 4873 2251 4959 Datque
2293 4889 2431 4945 adeo
2482 4890 2611 4946 vilia
2661 4891 2908 4960 quaedam
2959 4891 3028 4946 de
3065 4891 3286 4965 Christo
3335 4892 3561 4962 perinde
3610 4908 3674 4949 ac

2089 4980 2165 5036 illi
2193 4981 2485 5052 imaginari
2513 4983 3010 5053 deprehendamur.
3512 5031 3516 5035 .

459 5071 587 5125 NO’.
626 5071 762 5143 Φησί
797 5089 900 5125 που
927 5070 1164 5143 Χριστός
1184 5084 1198 5098 ⁸
1235 5087 1254 5122 ι
1285 5069 1419 5123 Οὐδὲ
1448 5068 1559 5140 γὰρ
1582 5071 1611 5123 ὁ
1640 5068 1831 5142 Πατὴρ
1857 5069 1981 5143 κρί-

2158 5071 2297 5129 LIX.
2337 5091 2356 5125 ι
2392 5072 2578 5145 Neque
2607 5074 2751 5128 enim
2789 5073 2972 5143 Pater,
3011 5076 3088 5131 ait
3131 5092 3346 5132 rursum
3393 5078 3671 5142 Christus,

390 5181 472 5218 νει
514 5164 727 5229 οὐδένα,
761 5165 899 5219 ἀλλὰ
936 5166 1115 5218 πᾶσαν
1150 5162 1248 5231 τὴν
1287 5163 1468 5233 κρίσιν
1498 5162 1667 5216 ἔδωκε
1711 5162 1790 5233 τῷ
1829 5161 1977 5233 Υῐῷ⁶

2084 5165 2293 5236 judicat
2332 5182 2691 5236 quemquam,
2723 5169 2818 5223 sed
2844 5184 3009 5224 omne
3039 5170 3300 5241 judicium
3325 5172 3471 5224 dedit
3500 5169 3672 5239 Filio;

393 5253 479 5308 ἵνα
512 5254 712 5318 πάντες
741 5254 945 5325 τιμῶσι
975 5255 1069 5308 τὸν
1104 5254 1253 5318 Υἰὸν,
1283 5250 1465 5314 καθὼς
1498 5252 1702 5323 τιμῶσι
1730 5251 1837 5307 τὸν»
1865 5253 1979 5306 Πα-

2090 5266 2149 5310 υι
2195 5270 2385 5312 omnes
2432 5256 2802 5312 honoriﬁcent
2850 5258 3071 5326 Filium,
3116 5261 3257 5314 sicut
3308 5258 3677 5313 honorificam.

390 5348 546 5419 τέρα.
572 5364 590 5397 ι
627 5347 735 5400 Καὶ
765 5347 948 5410 πάλιν,
984 5347 1122 5418 ὅπερ
1155 5347 1413 5417 ἐλέγομεν
1447 5345 1649 5417 ἀρτίως
1674 5361 1687 5374 ·
1721 5363 1739 5395 ι
1771 5345 1981 5416 Ὥσπερ

2088 5344 2309 5400 Patrem
2337 5346 2405 5400 ⁵⁷.
2451 5365 2471 5399 ι
2508 5346 2577 5400 Ει
2627 5345 2853 5412 iterum,
2901 5347 3046 5417 quod
3097 5350 3256 5401 modo
3305 5345 3669 5400 dicebamus:

392 5435 503 5509 γὰρ
533 5438 561 5489 ὁ
592 5436 783 5509 Πατὴρ
816 5436 928 5509 ἔχει
973 5434 1117 5509 ζωὴν
1148 5438 1206 5491 ὲν
1236 5438 1437 5506 ἑαυτῷ,
1467 5434 1642 5499 οὕτως
1687 5434 1855 5488 ἔδωκε
1890 5434 1986 5488 καὶ

2095 5452 2116 5487 ι
2159 5433 2318 5490 Sicut
2360 5435 2509 5492 enim
2546 5435 2709 5494 Pater
2743 5437 2912 5493 vitam
2945 5437 3109 5493 habet
3142 5437 3197 5492 in
3240 5436 3558 5507 semetipso,
3591 5437 3674 5493 sic

464 5592 512 5627 ³⁸
539 5593 672 5653 Luc.
713 5610 866 5661 xvm,
891 5594 945 5650 8.
1025 5593 1073 5626 "
1100 5592 1259 5649 Joan.
1291 5610 1347 5660 κ,
1377 5592 1458 5649 5'5.
1544 5592 1589 5625 ⁸⁷
1629 5591 1786 5646 Joan.
1818 5606 1869 5656 v,
1900 5589 1993 5658 22,
2021 5590 2115 5645 25.

1494 5747 1669 5803 Variae
1701 5745 1961 5803 lectiones
1986 5743 2188 5801 codicis
2221 5743 2580 5815 Seguieriani.

461 5925 490 5958 κ
515 5912 790 5987 ὀνομάζοι.
869 5918 897 5958 1
922 5911 1175 5981 πρᾶγμα.

682 6009 956 6071 ΡΑτιιοι.
1003 6006 1119 6068 Gn.
1151 6000 1417 6065 LXXVI.

3231 5993 3310 6058 45
