4076 6486
407 493 550 555 {£25

1602 485 2028 546 FRAGMENTA
2069 486 2486 546 DOGMATICA.

3536 502 3554 556 1
3567 501 3672 556 426

407 613 522 682 χαὶ,
551 606 665 660 ἀλλ’
697 606 752 660 ἐν
785 597 950 670 ζῶσιν
979 605 1058 659 ἔτι
1087 603 1394 675 λογίζονται
1445 605 1592 676 παρὰ
1619 603 1697 676 τῷ
1725 603 1864 668 Θεῶ,
1897 602 1996 666 τίς.

2111 607 2228 674 ιρυά
2259 607 2450 662 Deum.
2482 607 2614 676 Quis
2643 609 2747 666 hoc
2775 625 3024 668 asserere
3057 615 3371 672 recusabit?
3402 616 3466 671 Et
3490 629 3674 687 paucis

405 703 434 754 ὁ
465 700 629 769 φάναι
663 697 1135 770 παραιτούμενος;
1190 696 1300 751 Kal
1339 695 1468 766 μετ’
1497 697 1694 766 ὀλίγα⁸
1739 693 1990 748 Ἑννοιῶν

407 793 514 862 ἄρα
549 789 725 858 σοορῶν
753 807 813 842 τε
844 791 938 843 καὶ
967 788 1186 857 ἀγαθῶν
1214 789 1274 842 οὐ
1319 787 1568 860 μετρίως·
1602 786 1990 859 ἡμαρτηκότας

408 883 616 938 κατίδοι
641 899 724 946 τις
753 881 818 935 ἂν
848 883 975 944 τοὺς
991 882 1312 952 ἀποστερεῖν
1344 879 1628 942 ἐθέλοντας
1655 880 1784 942 τοὺς
1813 894 1994 932 κεκοι-

411 975 688 1046 μημένους
737 975 830 1028 καὶ
859 975 1048 1038 θυσίας
1080 977 1181 1046 τῆς,
1211 974 1501 1044 μυστικῆς,
1533 974 1628 1028 καὶ
1659 971 1758 1042 τῆς
1787 971 1993 1026 ἄνωθεν

409 1065 765 1135 ἡμερότητος.
795 1065 938 1118 Ζῶσι
970 1065 1098 1137 γὰρ,
1131 1065 1204 1127 ὡς
1228 1065 1386 1136 ἔφην,
1415 1064 1476 1116 τό
1495 1063 1830 1133 γε.ὲνείκόνι
1857 1059 1992 1114 Θεοῦ

410 1156 604 1228 ὥσπερ
627 1156 749 1210 οὐδέ
763 1174 840 1210 πω
857 1155 1042 1226 ζήσειν
1073 1156 1382 1226 μέλλοντες,
1414 1155 1508 1208 καὶ
1538 1153 1686 1224 αὖτῷ
1716 1153 1774 1206 δὲ
1807 1152 1996 1206 συνόν-

409 1264 502 1309 τες
531 1245 770 1316 Χριστῷ.
799 1246 906 1299 Kal
935 1245 1060 1314 μετ’
1079 1247 1272 1314 ὀλίγα,
1291 1244 1405 1311 τὴν
1431 1242 1536 1298 τοῦ
1571 1243 1692 1296 Ἰὼϐ
1717 1242 1862 1310 ὑπὲρ
1879 1240 1996 1296 τῶν

410 1338 638 1392 τέκνων
667 1337 1076 1404 παραθέμενος
1104 1336 1344 1389 θυσίαν·
1369 1335 1521 1404 φησι
1541 1335 1671 1404 γὰρ,
1706 1335 1793 1386 ὅτι
1812 1355 1828 1385 ι
1863 1334 1993 1387 ’Λπ-

411 1429 702 1484 ἐστελλεν
729 1429 875 1494 Ἰὼϐ,
913 1430 1009 1483 real
1051 1427 1394 1497 ἐκαθάριζεν
1425 1428 1646 1493 αὐτοὺς
1675 1425 1996 1495 ἀνιστάμε-

412 1539 520 1588 νος
553 1521 630 1586 τῷ
668 1521 835 1590 πρωῒ,
869 1521 966 1575 καὶ
995 1521 1353 1590 προσφέρων
1369 1519 1520 1588 ὑπὲρ
1551 1518 1752 1574 αὐτῶν
1781 1519 1998 1584 θυσίας

412 1614 563 1666 κατὰ
611 1613 718 1666 τὸν
765 1611 1016 1681 ἀριθμὸν
1055 1611 1274 1677 αὐτῶν,
1300 1631 1318 1663 ι
1357 1613 1452 1666 real
1497 1609 1759 1680 ἐπιφέρει
1780 1609 1993 1680 λέγων’

413 1703 621 1756 Οὐκοῦν
639 1705 738 1756 οὐκ
755 1703 1058 1774 ἀπόϐλητον
1077 1701 1228 1774 παρὰ
1243 1703 1361 1773 Θεῷ
1375 1705 1437 1756 τὸ
1452 1702 1544 1756 Otia
1555 1721 1600 1757 ιν
1617 1702 1755 1773 ὑπὲρ
1772 1701 1858 1755 ἑτέ
1869 1718 1994 1772 ρων,

418 1794 538 1846 οὐδὲ
565 1793 696 1864 δρᾷν
743 1793 958 1862 ἐφίησιν
1008 1792 1374 1860 ἀνεγκλήτως.
1437 1793 1682 1845 Ἐπαινεῖ
1725 1791 1876 1858 γοῦν,
1923 1787 1999 1854 ὡς

413 1887 512 1956 οὐχ
537 1884 779 1954 ὑπάρχον
808 1883 1103 1959 ἀνωφελές.
1139 1881 1285 1938 Εἶτα
1307 1883 1494 1938 πάλιν
1521 1883 1634 1952 τὴν
1658 1884 1726 1937 ἐν
1751 1882 1828 1948 τῷ
1853 1883 2000 1936 κατὰ

417 1974 659 2030 Λουκᾶν
690 1975 1037 2044 Εὑαγγελίῳ
1065 1974 1200 2043 περὶ
1232 1975 1338 2028 τοῦ
1363 1977 1711 2044 παραλύτου
1757 1977 1853 2030 real
1882 1975 2000 2030 τῶν

415 2066 816 2136 χαλασάντων
857 2064 1046 2119 αὐτὸν
1089 2065 1188 2119 διὰ
1226 2065 1345 2120 τῶν
1391 2067 1662 2136 κεράμων
1705 2066 2000 2137 ἐξηγησάο

408 2161 592 2229 μενος
624 2158 900 2225 ἱστορίαν
932 2174 996 2211 τε
1034 2156 1132 2213 real
1165 2158 1664 2227 θαυματουργίαν,
1711 2157 1997 2226 ἐπιφέρει,

416 2246 518 2300 καί
545 2259 766 2315 φησιν·
821 2247 937 2298 Οὐκ
968 2245 1318 2316 ἀθαύμαστον
1353 2246 1502 2314 ἠφίει
1552 2247 1580 2298 ὁ
1625 2247 1860 2317 Χριστος
1891 2245 2000 2298 τῶν

417 2337 906 2410 προσκομισάντων
937 2337 1035 2408 τὴν
1065 2337 1268 2392 πίστιν.
1307 2337 1364 2390 '0
1389 2337 1444 2390 δὲ
1467 2337 1574 2391 τῶν
1607 2337 1782 2391 πόνων
1813 2337 2009 2390 ἐπλού-

415 2447 497 2482 τει
525 2430 624 2501 τὴν
649 2428 822 2492 λύσιν,
863 2429 957 2482 καὶ
987 2428 1046 2480 τὸ
1077 2429 1455 2500 ἐτερογνὴσιον
1485 2431 1562 2493 εἰς
1594 2429 1868 2499 φιλοθεΐαν
1915 2429 2002 2481 εὑ-

423 2520 580 2592 μενῆ,
615 2519 710 2574 καὶ
741 2520 892 2589 φίλον
922 2519 1069 2590 αὑτῷ
1100 2521 1489 2590 κατεστήσατο,
1509 2521 1598 2573 τὸν
1615 2519 2002 2590 ἐλευθεροῦντα

419 2611 654 2684 Χριστὸν
683 2609 1172 2681 πλημμελημάτων
1223 2628 1284 2664 τε
1331 2611 1464 2682 ὁμοῦ
1496 2613 1590 2665 καὶ
1632 2611 2002 2682 ἀρρωστημά-

419 2722 548 2758 των.
571 2702 679 2758 Kal
709 2698 880 2768 αὖθις
905 2705 1038 2771 περὶ
1073 2703 1176 2756 τοῦ
1207 2702 1652 2773 ἑκατοντάρχου
1673 2707 2007 2774 μνημονεύ-

419 2811 535 2864 σας
567 2795 674 2850 τοῦ
705 2797 774 2848 ὲν
797 2795 876 2861 τῷ
902 2796 1055 2849 κατὰ
1090 2795 1391 2849 Ματθαῖον
1419 2787 1766 2865 Είγαγγελίῳ
1797 2797 2006 2866 λέγον·

419 2903 542 2954 τος.
579 2908 599 2941 ι
645 2888 840 2954 Κύριε,
881 2888 914 2939 ό
946 2885 1088 2950 παῖς
1125 2903 1244 2954 μου
1266 2885 1556 2951 βέϐληται
1602 2886 2005 2952 παραλυτικὸς

420 2978 491 3032 ἐν
533 2975 609 3046 τῇ
670 2974 828 3040 οἰκίᾳ
881 2972 1094 3039 δεινῶς
1140 2971 1650 3040 βασανιζόμενος·
1696 2973 1795 3028 καὶ
1844 2973 2005 3042 λέγει

421 3066 614 3133 αὐτῷ·
659 3065 801 3136 Ἐγὼ
833 3064 1028 3119 ἐλθὼν
1061 3063 1410 3130 θεραπεύσω
1455 3065 1660 3118 αὐτόν.
1703 3066 1813 3119 Kal
1861 3066 2006 3120 ἀ.το-

421 3158 642 3229 κριθείς
671 3161 704 3212 ό
731 3157 1170 3226 ἑκατόνταρχος
1191 3156 1308 3224 ἔφη
1328 3173 1342 3187 ·
1373 3157 1565 3222 Κύριε,
1601 3159 1710 3211 οὐκ
1734 3159 1848 3225 εἶμι
1883 3161 2008 3211 ἰκα-

2093 695 2414 765 interjectis:
2447 697 2488 752 E
2511 700 2799 756 sententiis
2826 701 3010 772 itaque
3034 704 3190 759 bonis
3221 720 3284 760 ac
3314 707 3674 776 sapientibus,

2095 800 2194 839 nee
2227 787 2574 842 mediocriter
2631 789 2904 844 excidisse
2941 791 3173 862 quisque
3217 796 3524 864 comperict
3555 811 3674 862 eos,

2095 876 2185 946 qui
2232 877 2562 934 dormientes
2627 889 2684 936 et
2741 881 3008 938 sacriﬁcio
3060 885 3287 954 mystico
3339 896 3407 941 et.
3439 901 3678 957 superna

2096 970 2382 1026 clementia
2411 972 2652 1042 'spoliare
2704 985 2998 1029 conantur.
3033 976 3230 1030 Vivunt
3277 978 3422 1032 enim
3481 981 3674 1046 vitam,

2097 1077 2216 1132 qua-
2257 1064 2307 1117 in
2332 1064 2565 1134 imagine
2593 1064 2684 1120 Dei
2717 1065 2941 1132 vivitur,
2973 1074 3028 1120 et
3059 1082 3222 1134 quam
3255 1084 3474 1135 semper
3519 1072 3679 1125 simul

2098 1170 2220 1209 cum
2257 1155 2474 1211 Christo
2524 1158 2715 1212 victuri
2749 1167 2898 1213 sunt.
2935 1157 3000 1211 Et
3045 1170 3160 1226 post
3206 1177 3402 1229 pauca,
3429 1163 3551 1215 Jobi
3587 1179 3679 1228 pro

2097 1247 2223 1315 ﬁliis
2275 1249 2540 1317 sacri/icio
2590 1249 2851 1318 apposito,
2907 1251 3106 1303 dicitur
3149 1253 3326 1305 enim:
3365 1270 3384 1302 ι
3437 1252 3680 1304 Mittebat

2099 1337 2222 1403 Job,
2247 1349 2293 1392 et
2331 1339 2644 1408 puriﬁcabat
2694 1356 2802 1405 eos,
2833 1355 3116 1411 exsurgens
3146 1357 3323 1407 mane,
3356 1351 3406 1396 et
3455 1343 3680 1410 o/ferens

2099 1447 2194 1498 pro
2241 1431 2312 1485 eis
2349 1432 2587 1486 victimas
2639 1433 2927 1486 secundum
2985 1451 3262 1488 munerum
3303 1428 3682 1496 eorum‘,rin-

2101 1522 2242 1591 fert:
2330 1523 2472 1592 Ergo
2499 1523 2766 1578 sacriﬁcia
2798 1521 2994 1578 oﬂerre
3042 1540 3138 1594 pro
3174 1523 3296 1578 aliis
3331 1539 3360 1578 a
3396 1524 3505 1578 Deo
3568 1540 3675 1578 non

2103 1613 2370 1682 rejicitur,
2403 1616 2546 1684 quod
2577 1616 2784 1684 absque
2806 1616 3036 1669 crimine
3069 1617 3182 1670 tieri
3218 1616 3508 1686 permittit.
3538 1615 3681 1669 L’au-

2103 1709 2194 1763 dat
2250 1708 2418 1778 igitur
2475 1717 2730 1776 tanquam
2791 1707 2957 1761 utile?
2987 1707 3119 1761 Tum
3163 1709 3406 1776 deinceps
3455 1708 3682 1761 historia

2105 1807 2256 1866 atque
2282 1797 2565 1862 miraculo,
2600 1814 2718 1868 qua:
2741 1797 2794 1850 in
2821 1797 2978 1852 Luca:
3009 1796 3291 1866 Evangelia
3368 1799 3432 1852 de
3465 1799 3684 1868 purely.-

2103 1889 2206 1942 lico
2231 1891 2270 1955 ³,
2299 1898 2345 1941 et
2370 1889 2456 1952 iis,
2474 1890 2563 1958 qui
2591 1905 2656 1942 ex
2677 1898 2810 1943 tecto
2832 1905 2949 1942 eum
2995 1889 3376 1956 submiserant,
3403 1889 3680 1959 expositis,

2101 1979 2356 2049 subinfert
2382 1989 2430 2034 et
2461 1979 2533 2034 ait
2560 1996 2578 2034 :
2613 1979 2728 2034 Non
2758 1983 2962 2049 absque
2989 1979 3252 2036 miraculo
3277 1980 3436 2034 iidem
3464 1995 3681 2044 eorum,

2101 2073 2192 2142 qui
2245 2071 2604 2136 adduxerant,
2664 2073 2900 2141 reliquit.
2952 2071 3037 2126 At
3076 2072 3168 2126 bic
3222 2071 3479 2126 dolorum
3532 2070 3682 2125 solu-

2099 2164 2297 2218 tionezn
2321 2163 2536 2219 abunde
2551 2165 3007 2233 consequebatur,
3033 2171 3087 2217 et.
3114 2164 3258 2232 quod
3293 2163 3517 2218 alterius
3540 2170 3679 2226 erat,

2101 2253 2154 2309 in
2211 2253 2497 2308 candidum
2569 2252 2662 2308 Dei
2723 2268 2966 2308 amorem
3023 2253 3352 2315 immutavit,
3399 2261 3455 2307 et
3512 2252 3614 2306 sibi
3651 2269 3680 2304 ει

2103 2344 2346 2410 Christo,
2377 2347 2468 2416 qui
2497 2361 2525 2399 a
2552 2347 2789 2415 peccatis
2819 2347 2981 2400 simul
3021 2356 3076 2401 et
3099 2344 3513 2415 mgritudinibus
3543 2343 3682 2396 libe-

2105 2447 2207 2502 rat,
2236 2437 2664 2492 benevolentiam
2689 2437 3024 2492 conciliavit.
3068 2435 3300 2506 Itemque
3355 2431 3679 2488 centurionis

2105 2527 2365 2580 mentione
2393 2527 2631 2591 inducta,
2661 2527 2811 2596 cujus
2835 2529 2890 2581 in
2923 2527 3160 2580 Matt/toﬁ
3193 2525 3474 2593 Evangelio
3509 2524 3680 2576 histo-

2107 2616 2186 2669 ria
2219 2625 2492 2680 narratur,
2524 2617 2780 2678 dicentis;
2811 2635 2830 2668 ι
2879 2617 3122 2678 Domine,
3165 2633 3294 2684 puer
3333 2631 3476 2669 meus
3534 2615 3693 2683 jacet-

2105 2710 2161 2762 in
2183 2707 2340 2762 domo
2363 2707 2703 2778 paralyticus,
2737 2717 2785 2762 et
2821 2709 2958 2762 male
3003 2718 3318 2775 torquetur;
3355 2717 3400 2758 et
3432 2707 3510 2758 ait
3562 2703 3682 2758 illi:

2111 2796 2222 2867 Ego
2247 2798 2446 2850 veniam
2468 2809 2514 2850 et
2537 2797 2734 2852 curabo
2788 2815 2925 2854 eum.
2961 2796 3032 2852 Et
3074 2799 3393 2866 respondens
3423 2797 3680 2860 centurio,

2103 2889 2180 2941 ait
2212 2902 2230 2940 :
2269 2888 2507 2953 Domine,
2549 2905 2652 2942 non
2680 2905 2793 2942 sum
2822 2891 3040 2958 dignus,
3067 2899 3122 2942 ut
3163 2891 3326 2943 intres
3359 2889 3452 2942 sub
3491 2897 3682 2940 tectum

2098 2982 2296 3044 meum,
2322 2982 2413 3034 sed
2429 2989 2632 3034 tantum
2667 2983 2753 3036 dic
2783 2981 2954 3046 verbo,
2975 2990 3024 3034 et
3048 2982 3324 3035 sanabitur
3357 2995 3485 3048 puer
3510 2995 3678 3032 meus.

2109 3067 2340 3122 Audiens
2372 3079 2545 3124 autem
2572 3069 2726 3124 Jesus
2767 3071 2990 3124 miratus
3036 3081 3133 3134 est,
3156 3081 3206 3124 et
3263 3069 3600 3140 sequentibus
3631 3083 3686 3120 se

2111 3160 2246 3214 dixit
2277 3174 2295 3214 :
2325 3161 2488 3213 Amen
2521 3162 2638 3215 dico
2697 3162 2863 3225 vobis,
2892 3178 2994 3216 non
3035 3161 3208 3216 iuveni
3275 3169 3479 3214 tantam
3527 3159 3682 3228 ﬁdem

421 3250 553 3318 νὸς,
585 3250 686 3304 ἵνα
719 3267 838 3318 μου
866 3249 984 3304 ὑπὸ
1006 3247 1120 3316 τὴν
1147 3247 1376 3316 στέγην
1398 3247 1708 3316 εἰσέλθῃς·
1726 3249 1864 3303 ἀλλ’
1879 3249 2008 3302 εἰπὲ

2111 3251 2166 3303 in
2193 3249 2384 3304 Israel.
2409 3249 2542 3305 Tum
2561 3251 2695 3318 ipsi:
2731 3251 2890 3316 Vade,
2911 3264 2956 3306 et
2975 3253 3108 3306 sicut
3133 3253 3422 3315 credidisti,
3454 3252 3549 3321 ﬁat
3572 3249 3686 3303 tibi.

423 3342 604 3409 λόγῳ,
644 3339 744 3393 real
795 3337 1102 3405 ἰαθήσεται
1149 3341 1182 3392 ὁ
1213 3337 1355 3403 παῖς
1379 3355 1520 3406 μου.
1571 3339 1868 3404 Ἀκούσας
1917 3338 2006 3402 δὲ,

425 3432 638 3501 φησιν,
675 3431 904 3500 Ἰησοῦς
927 3431 1250 3500 ἐθαύμασε,
1296 3431 1392 3484 καὶ
1436 3426 1566 3483 εἶπε
1601 3429 1722 3496 τοῖς
1763 3431 2014 3486 circulau-

427 3524 676 3579 θοῦσιν·
730 3523 939 3592 Ἀμὴν,
973 3522 1128 3593 λέγω
1175 3521 1340 3592 ὑμῖν,
1376 3523 1510 3592 παρ’
1545 3523 1747 3577 οὐδενὶ
1795 3525 2012 3576 τοσαύ-

427 3632 543 3683 την
589 3616 799 3669 πίστιν
855 3609 1036 3682 εὗρον
1084 3615 1153 3667 ἐν
1208 3613 1288 3680 τῷ
1358 3614 1628 3684 Ἰσραήλ.
1681 3611 1826 3668 Elea
1866 3615 2016 3682 πρὸς

427 3707 648 3762 αὐτόν’
701 3702 951 3777 ’Υπαγ-ε,
1005 3705 1108 3761 real
1159 3706 1240 3773 ὡς
1287 3705 1663 3773 ἐπίστευσας
1709 3705 2016 3776 γενηθήτω

429 3813 549 3854 σοι’
591 3797 692 3853 real
739 3799 874 3867 ίάθη
913 3802 947 3854 ὁ
995 3799 1136 3866 παῖς
1180 3800 1251 3853 ἐν
1282 3798 1357 3868 τῇ
1401 3799 1524 3869 ὦρςι
1570 3799 1800 3868 ἐκείνῃ.
1846 3818 1866 3850 ›
1905 3799 2018 3852 Kal

430 3891 716 3960 ἐπιφέρει,
756 3889 858 3944 καί
881 3902 1076 3956 φησιν
1098 3903 1113 3918 ⁶
1148 3891 1340 3961 Ἀθρει
1368 3891 1432 3960 δή
1470 3907 1560 3960 μοι
1590 3891 1693 3943 κάν
1720 3889 1896 3959 τούτῳ
1939 3906 2016 3960 τῳ

431 3979 518 4034 διὰ
554 3981 652 4050 τῆς
693 3977 882 4050 ἐτέρου
911 3978 1146 4040 πίστεως
1191 3979 1368 4048 τὸν,οὐ
1411 3981 1658 4050 παρόντα
1687 3980 2014 4048 σωζόμενον.

433 4070 502 4128 Τί
545 4070 726 4124 τοίνυν
771 4070 902 4140 ἡμῖν
929 4067 1162 4131 ἀνοσίως
1191 4067 1289 4138 τὴν
1325 4068 1702 4140 φιλοκέρδειαν
1750 4068 2019 4140 ἐπιφημί-

437 4161 642 4232 ζουσιν,
672 4164 722 4214 ol
751 4160 892 4215 τῶν*1
921 4159 1124 4221 εἰδότες
1167 4159 1339 4222 οὐδὲν,
1368 4159 1402 4229 ἢ
1431 4160 1530 4230 τὴν
1561 4159 1769 4213 ἄνωθεν
1809 4160 2018 4232 ἡμερό-

433 4271 574 4325 τητα
603 4255 714 4316 τοῖς
743 4255 801 4307 ἐν
831 4252 1010 4305 πίστει
1040 4249 1462 4321 κεκοιμημένοις
1495 4251 1888 4322 σπουδάζομεν,
1918 4250 2018 4323 τὴν

435 4345 598 4414 ἁγίαν
626 4362 686 4398 τε
715 4345 810 4398 καὶ
841 4341 1111 4415 μυστικὴν
1150 4340 1236 4394 ἐπ’
1267 4341 1466 4404 αὐτοὺς
1493 4339 1774 4405 τελοῦντες
1804 4340 2019 4408 Θυσίαν,

436 4435 738 4508 ἡλεήμεθα,
767 4436 862 4490 καὶ
882 4435 1016 4488 αὐτὸ
1041 4433 1100 4487 δὲ
1127 4433 1187 4487 τὺ
1211 4430 1304 4487 τοῦ
1333 4432 1564 4486 θανάτου
1595 4433 1854 4487 πέπτωκε
1884 4433 2022 4507 κρά-

437 4547 548 4606 τος,
580 4529 676 4606 καλ
702 4531 735 4599 ἡ
785 4529 886 4598 τῆς
935 4525 1294 4597 ἀτελευτήτου
1339 4523 1485 4597 ζωῆς
1525 4525 1837 4596 ἀνέλαμψεν
1865 4526 2022 4590 ἐλπὶς

2119 3339 2182 3392 Et
2207 3347 2424 3392 sanatus
2447 3350 2522 3393 est
2555 3356 2682 3406 puer
2702 3340 2756 3392 in
2781 3339 2873 3393 illa
2899 3341 3031 3394 liora
3055 3340 3098 3405 ³,
3125 3359 3146 3392 r
3185 3340 3466 3404 subnectit,
3493 3349 3542 3394 et
3577 3340 3689 3392 ait:

2116 3431 2252 3486 Vide
2287 3431 2450 3484 etiam
2482 3431 2536 3484 in
2572 3433 2674 3485 hoc
2695 3432 2976 3486 absentem
3005 3447 3100 3500 per
3135 3433 3364 3487 alterius
3401 3429 3561 3486 fidem
3605 3445 3692 3486 sa-

2117 3534 2324 3576 natum.
2356 3522 2495 3590 Quid
2525 3524 2687 3592 igitur
2713 3525 2866 3580 nobis
2895 3526 3180 3578 avaritiam
3213 3533 3268 3578 et.
3318 3525 3456 3578 lucri
3494 3523 3694 3592 cupitli—

2119 3630 2242 3669 nem
2273 3615 2614 3682 exprobratis
2646 3630 2825 3671 rerum
2855 3616 3113 3670 similium
3139 3631 3362 3686 prorsus
3388 3602 3580 3686 ignari,
3607 3615 3695 3681 qui

2119 3691 2409 3776 supernam
2457 3706 2802 3760 clementiam
2846 3707 2900 3760 in
2952 3706 3057 3762 lide
3107 3705 3377 3760 defunctis
3412 3703 3698 3758 conciliare

2120 3797 2366 3864 nitimur,
2397 3807 2454 3852 et
2511 3812 2724 3852 sacrum
2759 3813 2825 3852 ac
2853 3798 3144 3868 mysticum
3192 3811 3293 3866 pro
3319 3795 3430 3850 illis
3489 3795 3698 3850 sacrifb

2119 3891 2262 3946 cium
2295 3899 2691 3960 perpetramus,
2725 3888 2882 3956 cujus
2914 3902 3016 3956 ope
3043 3885 3479 3942 misericordiam
3501 3899 3699 3940 conse-

2119 3983 2356 4050 quimur,
2399 3978 2552 4047 cujus
2591 3978 2834 4033 subsidio
2865 3977 3039 4046 ipsius
3067 3977 3260 4032 mortis
3301 3975 3466 4030 robur
3482 3976 3698 4037 cecidit,

2120 4081 2175 4126 et
2201 4072 2326 4126 vitae
2369 4083 2644 4138 nunquam
2700 4067 2999 4123 desinentis
3039 4082 3169 4138 spes
3221 4067 3276 4121 in
3325 4067 3546 4122 Christo
3573 4063 3700 4120 Jesu

2122 4160 2352 4216 Domino
2399 4167 2586 4212 nostro
2621 4157 2839 4212 relusit.
2868 4155 3205 4212 Contentiose
3241 4153 3528 4208 admodum
3577 4168 3699 4205 ora-

2121 4251 2312 4306 tionem
2338 4265 2494 4302 suam
2545 4250 2752 4316 sapiens
2798 4263 2860 4300 ac
2909 4247 3134 4315 optimus
3191 4243 3358 4300 Pater
3401 4245 3702 4308 instituens,

2121 4359 2224 4400 non
2283 4342 2394 4396 sine
2445 4339 2806 4410 indignatione
2867 4350 3024 4410 atque
3105 4339 3256 4408 gravi
3306 4337 3592 4407 olfensione
3641 4339 3702 4392 ab

2121 4449 2300 4489 errore
2349 4448 2508 4503 quam
2559 4431 2861 4501 longissime
2911 4429 3112 4498 repellit
3149 4444 3258 4491 eos,
3284 4429 3374 4498 qui
3408 4445 3514 4481 non
3571 4439 3708 4481 recte

2123 4525 2338 4580 sentirs'
2367 4524 2465 4576 sibi
2493 4524 2550 4576 in
2577 4522 2754 4575 animo
2817 4526 3200 4589 proposuerant
3243 4535 3261 4572 :
3307 4526 3416 4572 tum
3463 4517 3707 4586 deinceps

439 4605 756 4692 ὲν”Χριστῷ
797 4617 972 4690 Ἰησοῦ
1021 4617 1098 4689 τῷ
1144 4617 1336 4690 Κυρίῳ
1365 4616 1543 4688 ἡμῶν.
1605 4615 2008 4687 Ἁγωνιστικῶς

2129 4615 2462 4670 abundanter
2491 4615 2644 4667 nimis
2672 4613 2836 4667 sacris
2861 4613 3103 4680 eloquiis,
3133 4621 3179 4665 et
3201 4609 3474 4664 miraculis
3499 4627 3530 4664 a
3551 4609 3710 4664 Chri-

440 4712 537 4767 real
569 4711 746 4766 τόνδε
791 4709 898 4764 τὸν
939 4711 1128 4778 λόγον
1157 4707 1708 4778 παραστησάμενος
1752 4711 1786 4762 ὁ
1829 4709 2022 4778 σοφὸς

439 4803 538 4858 real
569 4801 944 4870 πανάριστος
969 4799 1194 4868 Πατὴρ,
1229 4796 1766 4868 καταμεμψάμενός
1805 4816 1888 4863 τε,
1921 4800 2020 4854 real

439 4893 834 4962 ἀποσοϐήσεις
890 4891 1087 4960 πόρρω
1131 4903 1249 4944 που
1305 4887 1417 4958 τῆς
1465 4888 1708 4957 πλάνης
1753 4889 1896 4956 τοὺς
1933 4889 2020 4959 μὴ

441 4987 586 5056 ὀρθὰ
605 4985 852 5056 φρονεῖν
879 4980 1228 5052 ἑλομένουςο
1259 4977 1387 5035 εἷτα
1413 4980 1516 5034 καὶ
1535 4981 2025 5046 καταπλουτίσας

441 5077 628 5132 αὐτὸν
647 5077 717 5131 ἐκ
750 5094 816 5130 τε
838 5075 958 5130 τῶν
987 5072 1162 5128 θείων
1183 5073 1425 5142 λογίων,
1443 5071 1513 5124 ἐκ
1545 5089 1610 5124 τε
1633 5071 1752 5124 τῶν
1776 5074 2028 5141 θαυματ-

442 5166 716 5237 ουργιῶν,
747 5161 835 5220 ὧν
858 5165 1079 5233 ἔδρασε
1103 5161 1360 5229 Χριστὸς
1388 5164 1421 5214 ό
1454 5159 1555 5214 ἐπὶ
1587 5158 1832 5214 πάντων
1855 5159 2021 5226 Θεὸς,

443 5261 541 5317 καὶ
573 5259 680 5326 τὰς
710 5259 864 5326 ὑπὲρ
906 5258 1114 5311 ἄλλων
1159 5254 1262 5322 ὑφ’
1301 5251 1519 5320 ἑτέρων
1543 5251 1704 5318 αὐτῷ
1746 5251 1842 5304 real
1879 5266 2024 5319 προ-

443 5349 782 5422 σαγομένας
803 5349 1100 5414 ἐντεύξεις
1125 5345 1278 5414 μετὰ
1302 5345 1584 5408 πίστεως,
1609 5342 1827 5408 θυσίας
1846 5359 1910 5396 τε
1929 5341 2028 5395 καὶ

444 5439 793 5506 προσφορὰς
823 5435 1306 5504 προσηκάμὲνος,
1353 5431 1621 5486 παιδεύει
1657 5427 1840 5500 σιγᾷν
1887 5431 2030 5498 τοὺς

2129 4718 2208 4779 sto
2241 4709 2294 4762 in
2330 4705 2570 4762 omnibus
2594 4705 2726 4770 Deo,
2758 4722 2875 4776 qua:
2932 4721 3026 4773 pro
3069 4703 3192 4757 aliis
3231 4705 3582 4772 precationes,
3617 4719 3710 4756 nec

2130 4817 2234 4856 non
2262 4801 2616 4870 sacriﬁcia,et
2665 4799 2891 4852 donaria
2937 4798 3041 4865 ﬁde
3079 4798 3182 4852 sibi
3226 4797 3408 4850 oblata
3445 4797 3709 4864 excipiens

2129 4891 2372 4960 confecit,
2415 4891 2727 4953 instructus,
2772 4887 2879 4942 illis
2921 4889 3011 4958 qui
3065 4889 3453 4955 adversantur,
3499 4903 3711 4958 seseque

2129 4993 2391 5051 opponunt
2422 4979 2806 5043 constitutioni,
2835 4978 3202 5033 consuetudini
3250 4980 3473 5042 scilicet,
3501 4987 3551 5034 et
3572 4988 3710 5032 recto

2131 5071 2406 5126 catholica:
2455 5081 2504 5126 et
2535 5071 2838 5138 apostolica
2867 5069 3122 5126 Ecclesia:
3153 5072 3411 5142 dogmati,
3444 5069 3711 5124 silentium

2131 5163 2374 5230 imponit,
2409 5161 2695 5230 suadetque
2739 5161 2796 5214 in
2846 5170 3110 5229 posterum
3141 5163 3333 5230 sarpius
3365 5173 3456 5229 pre
3489 5160 3711 5214 mortuis

2135 5249 2421 5304 oblationes
2451 5258 2608 5320 atque
2652 5249 3062 5320 supplicationes
3092 5251 3379 5312 absolvere,
3411 5266 3528 5304 cum
3554 5251 3712 5318 plane

2134 5339 2382 5406 calleant,
2414 5340 2520 5394 illis
2555 5339 2660 5395 Deo
2711 5351 2759 5395 et
2822 5340 2976 5394 Patri
3005 5339 3194 5394 oblatis
3248 5341 3536 5400 maximam
3585 5342 3711 5396 inde

2135 5431 2359 5484 mortuis
2391 5447 2637 5485 emanare
2672 5433 2976 5487 utilitatem.

443 5530 1024 5598 ἀντιδιατιθεμένους
1049 5527 1136 5581 ἔτι
1159 5526 1260 5581 real
1313 5523 1782 5589 ἀντιπίπτοντος
1821 5521 1898 5590 τῇ
1938 5521 2325 5586 καταστάσει,
2386 5520 2580 5590 ἤγουν
2639 5521 2950 5589 συνηθείᾳ,
2990 5519 3089 5572 real
3144 5518 3226 5584 τῷ
3277 5520 3429 5588 ὀρθῷ
3468 5519 3710 5591 δόγματι

444 5622 555 5692 τῆς
582 5619 906 5690 ωθολικῆς
947 5620 1045 5684 real
1077 5616 1491 5685 ἁποστολικῆς
1546 5616 1934 5684 Ἐκκλησίας,
2001 5615 2189 5670 πείθει
2245 5633 2310 5670 τε
2361 5615 2470 5669 τοῦ
2508 5614 2726 5670 λοιποῦ
2754 5609 3029 5680 συνεχῶς
3045 5614 3152 5678 τὰς
3190 5611 3343 5682 ὑπὲρ
3369 5613 3489 5669 τῶν
3516 5633 3712 5670 κεκοι-

441 5712 722 5786 μημένων
747 5711 1046 5767 ἐπιτελεῖν
1089 5709 1276 5780 εὐχάς
1314 5727 1377 5765 τε
1411 5708 1512 5764 real
1569 5703 2026 5777 προσφορὰς,εὗ
2070 5705 2326 5773 ειδότας,
2357 5703 2436 5773 ὡς
2453 5703 2689 5772 πάντως
2707 5703 3208 5776 ὠφεληθήσεσθαι
3237 5702 3461 5775 αὐτοὺς
3489 5707 3714 5764 τούτων

445 5802 914 5878 προσαγομένων
944 5801 1026 5868 τῷ
1069 5799 1190 5865 Θεῷ
1227 5801 1326 5854 καὶ
1353 5797 1558 5868 Πατρί.

523 5898 664 5956 ‘Job
686 5913 725 5964 ι,
756 5896 808 5953 5.
885 5898 904 5928 '
929 5896 1062 5954 Luc.
1103 5910 1222 5962 vnt,
1255 5894 1339 5948 l6.
1421 5893 1442 5925 ⁸
1469 5891 1663 5950 Matth.
1699 5907 1820 5960 vm,
1843 5890 1992 5948 6-15.
