4076 6420
387 436 528 493 M27

1978 585 2066 642 ιιι.

1382 428 1440 485 S.
1477 426 1752 487 CYRILLI
1790 425 2261 484 ALEXAVDRINI
2297 423 2628 485 ARCHIEP.

3523 415 3680 472 “28'

1513 731 1578 769 εκ
1614 730 1765 767 Luam
1803 727 2005 765 CUNIBA
2042 720 2386 763 SYNUSIASTAS
2409 701 2508 777 (l).

388 874 437 927 ι.
472 872 706 942 Cyrillus
740 873 796 926 in
832 872 967 926 libro
1006 866 1516 942 aduersuscosqui
1572 877 1968 942 ttatttrascoir-
1996 864 2044 920 Α
2073 863 2161 917 aio
2210 880 2224 917 ε
2269 860 2537 927 Quoniam
2626 854 3052 912 inconvertibilis
3133 862 3330 907 natura
3397 847 3495 904 Dei
3555 856 3664 914 est,

455 933 681 1012 fundunt
714 943 909 1014 (2),qui
954 941 1175 1008 incipit:
1211 957 1228 989 ι
1269 933 1445 992 Ραιιιο
1489 945 1610 989 ante
1660 935 1823 989 locuti
1875 933 1968 984 diu

456 1030 660 1067 sumus.
706 1032 723 1065 Ι

460 1214 750 1282 Quousque
773 1214 987 1267 tandem
1031 1212 1268 1267 nonnulli
1296 1212 1517 1281 scriptis
1547 1211 1660 1266 suis
1700 1218 1969 1274 astruent,

390 1305 472 1359 vel
504 1305 845 1358 somniabunt
877 1305 1075 1373 potius,
1110 1303 1269 1357 Verbi
1320 1303 1372 1357 in
1410 1317 1631 1355 carnem
1659 1318 1720 1354 ac
1751 1301 1973 1365 sangui-

391 1411 511 1450 llelll
536 1385 973 1457 conversionem,
1011 1396 1304 1449 amentium
1339 1394 1511 1449 instar
1555 1394 1856 1459 litigantes?
1883 1392 1974 1446 llis

393 1501 491 1540 nos
541 1486 770 1540 dicimus
807 1505 819 1539 :
854 1486 1134 1553 Etigilate,
1171 1485 1307 1540 clnii
1333 1486 1397 1538 de
1445 1485 1571 1538 vino
1612 1496 1813 1538 vestro.
1847 1484 1975 1549 Qua:

390 1577 532 1631 enim
557 1587 733 1631 vestra
762 1586 844 1631 est
874 1579 938 1631 dc
959 1586 1151 1630 natura
1179 1578 1361 1631 carnis
1382 1577 1647 1630 sententia
1678 1586 1770 1629 aut
1803 1576 1971 1640 notio,

394 1669 474 1723 vel
515 1671 783 1738 quomodo
810 1669 1211 1724 iuscrutabilcm
1232 1670 1549 1725 scrutatuini
1572 1668 1664 1721 Dei
1685 1670 1977 1722 naturam?

394 1765 526 1826 Quis
572 1777 735 1831 porro
789 1764 987 1815 audeat
1037 1777 1150 1816 rem
1182 1761 1357 1815 metiri
1425 1761 1977 1816 itnmensurabilcm?

396 1852 563 1906 Nemo
595 1862 741 1907 certe
780 1854 1126 1914 dicet,nemo
1186 1854 1305 1907 sine
1342 1867 1529 1907 errore
1566 1854 1805 1916 defmiet,
1843 1869 1977 1922 qua-

397 1959 518 1996 nam
549 1944 617 1996 sit
654 1944 912 2013 praeditus
954 1952 1143 1998 natura
1204 1943 1368 2009 Deus,
1394 1946 1635 1999 omnium
1693 1944 1975 2010 Dominus,

398 2033 507 2096 lux,
542 2034 673 2099 vita,
704 2034 874 2102 gloria
898 2035 1234 2103 etpoteutia,
1268 2035 1358 2089 ille
1377 2036 1588 2089 demum
1613 2034 1704 2103 qui
1732 2035 1977 2088 omnium

399 2140 574 2178 rerum
626 2134 878 2180 naturam
925 2126 1096 2193 novit,
1129 2136 1184 2180 et
1239 2126 1498 2195 quidquid
1530 2129 1585 2181 in
1638 2127 1858 2181 homine
1897 2136 1979 2181 est

396 2217 619 2271 scientia
648 2232 744 2270 sua
784 2219 1179 2287 complectitur.
1230 2218 1522 2287 Quousque
1571 2219 1787 2272 tandem
1840 2234 1978 2272 nou—
2010 2200 2055 2260 Β

397 2311 527 2364 nulli
576 2311 950 2377 aftirmahunt,
992 2310 1150 2366 Verbi
1211 2310 1409 2367 factam
1453 2313 1507 2365 in
1549 2322 1822 2366 terrenum
1876 2313 1980 2367 hoc

396 2418 595 2471 corpus
651 2404 1027 2471 mutationem,
1055 2404 1106 2458 id
1133 2412 1218 2458 est
1247 2404 1414 2458 Deum
1468 2401 1705 2458 Verbum
1756 2403 1822 2457 de
1854 2402 1980 2457 sub-

396 2494 596 2546 stantia
628 2494 847 2562 propria
876 2494 1175 2548 confecisse
1202 2493 1305 2546 sibi
1360 2507 1583 2562 corpus,
1603 2491 1745 2560 quod
1791 2498 1981 2546 nostro

399 2582 859 2637 consubstantiale
883 2583 986 2636 sit?
1015 2581 1080 2635 lli
1110 2582 1363 2636 videlicet
1402 2583 1580 2649 primo
1607 2580 1824 2648 quidem
1851 2595 1975 2649 pro-

400 2674 641 2738 titentur,
677 2671 912 2727 Verbum
945 2689 975 2727 a
1002 2673 1293 2742 semetipso
1351 2673 1588 2727 alienum
1645 2672 1903 2737 evasisse,
1930 2671 1982 2727 id

396 2775 500 2828 est,
525 2765 637 2835 jam
665 2780 772 2819 non
798 2765 1029 2834 amplius
1058 2765 1226 2818 Deum
1256 2779 1400 2828 esse,
1422 2774 1477 2818 ut
1503 2764 1633 2830 dixi,
1654 2772 1979 2828 creatorem,

397 2858 585 2924 vitam,
614 2858 859 2927 gloriam,
881 2858 1173 2927 potentiam
1196 2874 1210 2912 :
1232 2868 1393 2926 atque
1424 2857 1588 2912 etiam
1618 2858 1815 2910 docent
1859 2870 1982 2909 eum

399 2951 451 3001 in
471 2963 710 3003 errorem
743 2964 899 3019 posse
951 2949 1252 3013 incurrere,
1280 2948 1367 3004 cui
1419 2947 1670 3002 obnoxiae
1720 2955 1985 3001 creatura:

398 3048 566 3093 sunt:
602 3039 816 3117 aliaque
843 3038 1152 3109 huiusmodi
1179 3038 1356 3094 eidem
1392 3038 1698 3092 attribuunt
1747 3038 1983 3106 pessima

397 3131 613 3200 oppido,
651 3141 706 3186 et
738 3132 851 3200 ipso
881 3131 1121 3200 indigna.
1148 3129 1407 3198 Equidem
1439 3130 1791 3199 quaerendum
1826 3129 1895 3184 ab
1921 3145 1986 3184 eo

400 3223 657 3288 arbitror,
692 3223 783 3292 qui
830 3223 972 3279 hanc
1010 3224 1322 3294 Opinionem
1373 3222 1426 3277 in
1485 3223 1721 3276 medium
1778 3221 1985 3285 attulit,

403 3333 527 3370 num
587 3317 896 3386 passionum
950 3315 1303 3386 ignominiam
1345 3315 1399 3369 iu
1454 3314 1689 3371 Verbum
1742 3315 1986 3368 incidere

403 3424 625 3466 necesse
651 3408 850 3464 fuerit?
875 3409 1181 3482 Atquehaac
1201 3408 1586 3463 nonnullorum
1603 3407 1786 3477 opinio
1809 3420 1988 3462 nonne

2075 955 2259 1024 utique
2291 968 2403 1007 rem
2445 951 2625 1018 seipse
2657 949 2931 1015 indignam
2979 959 3139 1015 agere
3172 942 3455 997 voluisset.

2364 1046 2421 1099 2.
2454 1042 2602 1098 Idem
2644 1040 2876 1110 Cyrillus
2910 1040 2963 1092 in
2988 1038 3168 1091 eodem
3201 1035 3356 1088 libro.

2147 1136 2252 1191 Sed
2285 1136 2371 1191 isti
2416 1135 2648 1189 fortasse
2672 1132 2956 1200 opinantes
3004 1128 3185 1182 dicent
3229 1127 3399 1182 Deum
3427 1120 3664 1175 Verbum

2076 1244 2398 1285 convorsum
2448 1227 2664 1296 quidem
2708 1225 2759 1278 in
2784 1236 3023 1280 carnem,
3058 1221 3152 1273 sed
3190 1233 3295 1272 non
3330 1225 3528 1279 totum,
3562 1228 3666 1269 nec

2076 1323 2317 1385 onmino,
2367 1334 2466 1372 nec
2516 1319 2593 1389 in.
2633 1316 2906 1370 omnibus.
2959 1311 3439 1368 Verumenimvero
3487 1321 3669 1362 nonne

2076 1412 2617 1468 evitlenterinsauict
2637 1408 2682 1462 si
2724 1408 2846 1477 quis
2875 1405 3082 1479 “dicere
3136 1411 3229 1457 aut
3279 1403 3503 1456 credere
3539 1398 3668 1453 talia

2077 1501 2237 1556 velit?
2265 1500 2319 1554 In
2344 1500 2534 1570 primis
2576 1498 2727 1552 aiunt
2784 1496 3018 1550 Verbum
3050 1494 3193 1547 haud
3235 1507 3295 1546 se
3345 1500 3516 1544 totum
3558 1489 3670 1542 im-

2078 1600 2324 1647 mutasse
2358 1591 2440 1643 vel
2474 1590 2885 1643 conversionem
2933 1600 3153 1656 passum
3178 1601 3191 1638 :
3214 1582 3413 1637 deinde
3447 1597 3571 1636 eum
3605 1581 3671 1634 li-

2080 1685 2240 1738 nibus
2293 1681 2767 1745 circumscribunt,
2829 1679 3076 1732 dicentes
3142 1675 3316 1743 ipsum
3360 1673 3670 1741 quantitate

2079 1772 2368 1835 contineri,
2399 1772 2516 1825 loco
2543 1772 2810 1833 cohiberi,
2850 1770 2949 1823 sub
2980 1767 3350 1823 definitionem
3379 1766 3596 1828 cadere,
3616 1770 3677 1818 et

2080 1882 2204 1920 cum
2248 1865 2369 1918 aliis
2422 1866 2585 1917 rebus
2637 1859 3043 1917 conuumerari.
3078 1858 3361 1926 Quomodo
3407 1865 3587 1910 autem
3617 1854 3673 1909 hi

2082 1955 2377 2011 adversarii
2401 1954 2674 2024 ignorant,
2694 1966 2893 2021 corpus
2916 1950 3056 2018 quod
3076 1950 3146 2003 sit
3170 1946 3452 2001 divisionis
3472 1959 3675 2015 Capax,

2080 2046 2261 2101 omnia
2295 2059 2511 2112 semper
2566 2043 2702 2113 pati,
2747 2058 2868 2112 qua:
2902 2040 3126 2109 singulm
3180 2047 3362 2108 partes
3408 2036 3524 2105 ejus
3575 2050 3679 2104 pa-

2083 2136 2336 2191 tiuntur?
2362 2136 2543 2205 Neque
2568 2135 2712 2189 enim
2747 2134 2838 2187 uni
2881 2133 3250 2186 membrorum
3311 2127 3424 2196 pati
3458 2127 3675 2181 contiu—

2083 2235 2259 2297 geret,
2290 2227 2393 2280 nisi
2430 2226 2680 2279 universa
2728 2223 2973 2293 corporis
3001 2232 3195 2275 natura
3227 2220 3482 2289 patiendo
3531 2218 3675 2271 foret

2082 2320 2337 2375 obnoxia.
2374 2317 2594 2372 Interim
2636 2316 2692 2371 hi
2743 2331 2842 2369 nos
2894 2323 3095 2384 cogunt
3146 2312 3215 2367 ad
3252 2310 3416 2366 verba
3454 2323 3676 2378 quoque

2082 2412 2306 2467 minime
2334 2410 2488 2465 nobis
2511 2419 2810 2477 spontanea
2836 2406 3197 2459 descendere:
3222 2404 3313 2459 sed
3345 2403 3500 2473 venia
3524 2401 3680 2470 prius

2083 2517 2114 2555 a
2143 2502 2321 2556 Verbo
2361 2502 2452 2556 Dei
2487 2500 2773 2570 postulata,
2799 2498 3033 2554 dicimus
3051 2498 3215 2567 quod,
3254 2498 3298 2551 si
3336 2496 3475 2549 forte
3493 2503 3680 2548 muta-

2085 2594 2266 2651 bilitas
2297 2594 2365 2649 ab
2402 2608 2468 2649 eo
2507 2607 2616 2647 non
2644 2601 2788 2645 esset
2824 2591 3022 2656 aliena,
3051 2603 3224 2658 neque
3256 2587 3329 2643 illi
3363 2585 3682 2656 impossibi-

2084 2688 2154 2742 lis
2183 2687 2301 2758 ejus
2330 2686 2405 2740 rei
2440 2685 2642 2755 passio,
2669 2683 2856 2752 utique
2898 2684 2965 2738 ad
3021 2681 3234 2735 Patrem
3282 2694 3498 2749 quoque
3544 2692 3680 2731 san-

2088 2786 2342 2845 ctmuque
2364 2775 2626 2845 Spiritum
2656 2774 2739 2827 vis
2762 2773 2920 2842 hujus
2944 2771 3298 2841 blasphemia
3324 2768 3681 2840 perveniret:

2089 2876 2200 2923 tota
2229 2876 2312 2922 est
2341 2867 2485 2922 enim
2515 2864 2998 2921 consubstantialis
3046 2863 3392 2919 sanctissima
3428 2860 3681 2914 Trinitas

2087 2968 2145 3015 et
2204 2954 2583 3011 immutabilis.
2621 2955 2907 3022 Quodnam
2963 2969 3092 3009 vero
3147 2955 3316 3008 robur
3365 2950 3681 3006 infirmitati

2088 3059 2291 3104 nostra:
2335 3046 2774 3115 impetraremus,
2806 3045 2852 3100 si
2897 3044 3036 3099 Deus
3075 3057 3227 3112 aeque
3277 3057 3341 3097 ac
3380 3055 3480 3096 nos
3536 3039 3685 3094 foret

2089 3142 2361 3205 inllrmus,
2397 3148 2561 3208 atque
2623 3139 2677 3194 in
2734 3153 2798 3193 ea
2838 3136 3085 3192 converti
3124 3145 3327 3204 posset,
3363 3147 3484 3202 qua:
3524 3130 3688 3187 nobis

2088 3232 2238 3288 effari
2265 3247 2367 3285 non
2398 3231 2543 3296 licet,
2574 3232 2790 3289 etiamsi
2817 3229 2886 3284 ab
2917 3228 3040 3283 aliis
3085 3227 3289 3282 diserte
3332 3225 3474 3280 dicta
3520 3222 3686 3276 audi-

2090 3322 2248 3377 mus?
2279 3320 2385 3375 Sed
2411 3339 2430 3372 ι
2460 3321 2637 3375 videte
2681 3336 2790 3384 me,
2842 3319 3018 3388 inquit
3059 3316 3364 3385 Scriptura,
3389 3313 3514 3384 quia
3570 3313 3691 3380 ipse

2092 3428 2235 3476 sum,
2266 3421 2320 3466 et
2352 3426 2459 3466 non
2494 3426 2612 3466 sum
2662 3420 2904 3466 mutatus
2931 3412 3026 3465 ’.λι
3062 3408 3201 3462 Tum
3225 3417 3282 3462 et
3322 3405 3481 3460 divus
3522 3402 3688 3458 Psal-

405 3502 612 3559 furiosa
641 3503 762 3559 est?
793 3502 1045 3563 Profecto
1081 3501 1213 3557 nihil
1254 3499 1527 3555 amentius
1546 3499 1846 3568 excogitari
1889 3512 1986 3566 po-
2016 3537 2059 3594 Ο
2094 3505 2251 3559 misla
2278 3505 2473 3559 alicubi
2502 3505 2648 3559 cani;
2682 3521 2694 3558 ε
2735 3522 2755 3554 ι
2788 3500 2963 3570 Opera
3008 3514 3265 3555 manuum
3299 3509 3513 3553 tuarum
3557 3504 3691 3552 sunt

406 3604 510 3649 test
543 3609 702 3661 quam
742 3594 818 3648 ita
870 3592 1031 3648 Verbi
1081 3602 1332 3646 naturam
1382 3590 1708 3645 contumelia
1744 3588 1986 3642 afficere.

404 3683 619 3752 Alioqui
674 3683 766 3752 qui
800 3682 915 3735 fieri
964 3688 1165 3750 posset,
1210 3690 1266 3734 ut
1307 3679 1403 3734 Dei
1452 3695 1647 3734 nomen
1705 3678 1992 3734 sublimius

406 3775 598 3843 quovis
621 3772 838 3828 nomine
871 3780 1036 3838 esset,
1063 3780 1116 3826 et
1147 3773 1258 3841 ipse
1302 3771 1564 3826 Dominus
1596 3771 1856 3825 virtutum
1907 3770 1993 3826 fo-

409 3867 523 3920 ret?
548 3866 654 3921 Sed
677 3866 819 3921 enim
837 3865 1035 3935 aliquis
1061 3864 1295 3920 fortasse
1333 3865 1499 3928 dicet,
1527 3863 1668 3918 haud
1693 3864 1745 3919 id
1769 3863 1989 3933 quidem

410 3959 775 4013 necesSarium
811 3957 1005 4023 fuisse,
1045 3966 1238 4027 Sponte
1279 3965 1461 4010 tamen
1513 3958 1586 4010 ita
1622 3964 1796 4012 semet
1838 3970 1991 4010 com-

408 4058 665 4116 mutasse,
705 4057 763 4104 ut
794 4048 1088 4105 inevitabili
1129 4049 1368 4119 passioui
1395 4048 1666 4102 subesset.
1696 4048 1862 4117 Atqui
1891 4064 1992 4118 ego

485 4209 756 4266 ‘Malach.
794 4225 877 4278 ιιι,
910 4210 964 4266 6.
1042 4209 1227 4267 'Psal.
1257 4227 1329 4278 cr,
1362 4210 1451 4276 26,
1484 4211 1576 4266 27.

482 4368 560 4438 (l)
592 4368 669 4423 Ex
695 4366 954 4437 Apologia
983 4364 1210 4438 Joannis
1235 4363 1590 4438 Cresarieusis
1627 4366 1992 4438 pro_coucilio

408 4435 834 4494 Cltal'cedoneusi
875 4435 1016 4505 qua:
1074 4437 1128 4490 lu
1188 4437 1375 4491 codice
1400 4435 1656 4505 ASyriaco
1732 4435 1994 4493 Vaticano

410 4519 677 4578 superest.
708 4537 780 4550 -—
804 4503 1189 4578 Mai‘Btbliath.
1229 4522 1360 4559 nova
1386 4503 1633 4578 Patrum,
1653 4505 1720 4569 ll,
1757 4505 1884 4578 μδ.

482 4574 560 4649 (2)
597 4579 659 4633 lli
687 4579 904 4649 proprie
934 4576 1255 4649 dicebantur
1280 4574 1639 4649 eone-rimi,-
1659 4574 1990 4649 confusqnei,

2099 3595 2379 3665 cceli:ipsi
2407 3594 2681 3665 peribunt,
2711 3603 2765 3647 tu
2813 3603 2994 3647 autem
3038 3605 3367 3660 permanes:
3404 3589 3501 3657 ipsi
3539 3596 3692 3641 vetc-

2103 3696 2323 3742 rasceut
2361 3701 2551 3740 omnes
2597 3701 2694 3740 ceu
2738 3685 3149 3750 vestimentum,
3184 3691 3238 3736 et
3279 3690 3534 3751 tanquam
3570 3679 3691 3749 pal-

2102 3778 2230 3831 lium
2263 3778 2501 3831 invertes
2518 3791 2632 3841 eos,
2668 3786 2723 3829 et
2772 3776 3151 3840 invertentur;
3191 3772 3284 3826 sed
3320 3782 3374 3825 tu
3410 3770 3551 3824 idem
3602 3784 3689 3832 es,

2098 3880 2153 3925 et
2186 3870 2308 3923 anni
2359 3870 2435 3923 tui
2490 3884 2595 3924 non
2639 3869 2896 3923 finientur
2929 3869 2972 3920 ³.
3021 3885 3038 3917 ι
3087 3863 3475 3921 Animadverte
3521 3862 3696 3932 igitur

2099 3958 2369 4028 quomodo
2388 3958 2613 4012 edoctus
2641 3971 2671 4011 a
2700 3955 2809 4011 Deo
2844 3955 3136 4025 Pmpheta,
3164 3956 3232 4009 ad
3263 3961 3567 4008 creatarum
3595 3964 3694 4006 re-

2103 4063 2220 4102 rum
2249 4058 2499 4102 naturam
2541 4046 2957 4103 mutabilitatem
3000 4045 3278 4111 amandat,
3307 4041 3461 4112 cujus
3486 4042 3564 4096 rei
3596 4055 3696 4094 ar-

2104 4366 2246 4422 κατὰ
2297 4367 2712 4423 Συνουσιαστῶν
2776 4366 2960 4423 sexies
3018 4364 3279 4434 recitetur
3316 4366 3369 4421 in
3414 4363 3697 4434 opusculis

2103 4436 2309 4491 Graecis
2344 4452 2373 4490 a
2410 4452 2495 4491 tne
2542 4440 2703 4495 editis
2731 4439 2926 4505 Script.
2980 4446 3080 4489 ret.
3128 4444 3168 4490 t.
3212 4433 3321 4497 Vll,
3349 4433 3558 4505 ppJO,
3599 4435 3693 4501 15,

2102 4508 2196 4571 27,
2223 4507 2351 4570 290,
2385 4507 2513 4572 Q95,
2544 4507 2669 4569 302,
2708 4524 2830 4563 cum
2890 4508 3143 4560 brevibus
3186 4506 3305 4576 ejus
3350 4506 3694 4575 fragmentis,

2105 4592 2227 4645 quae
2255 4579 2453 4645 partim
2478 4580 2758 4633 cumbisa
2797 4576 3008 4632 Joanne
3053 4576 3376 4630 Catsariensi
3426 4576 3693 4645 recitatis,

414 4643 715 4715 cuiusmodi
749 4643 966 4702 fuerunt
994 4646 1321 4713 Apollinaris
1342 4643 1780 4714 et'Eutyches,et
1809 4643 1993 4715 postea
2028 4651 2073 4707 D
2104 4643 2596 4716 titirecougruunt,
2620 4658 2678 4702 ut
2700 4657 2888 4716 postea
2920 4646 3247 4716 videbimus.
3280 4648 3477 4716 COIIlra
3508 4643 3693 4714 Syno-

416 4722 677 4782 Severus,
726 4718 817 4786 qui
857 4718 993 4771 duas
1041 4716 1243 4771 Christi
1276 4716 1595 4786 naturaslin
1650 4731 1811 4786 unum
1865 4716 1998 4771 adu-

410 4798 679 4847 naveruut
704 4783 866 4856 eique
903 4785 1284 4841 confuderunt.
1321 4786 1457 4840 Hinc
1482 4783 1997 4856 Theodoretidialo-

412 4875 510 4923 gus
531 4867 720 4912 contra
747 4852 1119 4925 Apollinarem
1149 4855 1464 4910 inscribitur
1508 4852 1864 4925 Ἀσύγχυτος,
1900 4854 1996 4910 Ιη-

415 4927 699 4996 confusus.
738 4925 1006 4994 Proprius
1056 4935 1235 4979 tamen
1274 4928 1469 4996 _operis
1501 4941 1528 4978 a
1568 4926 1771 4996 Cyrillo
1804 4927 1994 4996 scripti

417 4994 604 5050 titulus
631 4995 731 5050 fuit
755 4995 899 5049 κατὰ
928 4994 1359 5059 Συνουσιαστῶν,
1401 5005 1585 5049 contra
1618 4994 1992 5065 'Symtsiastus,

420 5068 538 5121 sive
569 5077 758 5121 contra
794 5080 887 5119 eos
916 5065 1159 5133 quiduas
1182 5068 1516 5119 substantias
1548 5066 1787 5121 divinam
1817 5075 1872 5119 et
1897 5067 1995 5119 hu-

418 5152 636 5191 manam
661 5137 731 5191 ita
763 5137 815 5190 in
842 5134 1062 5189 Christo
1086 5136 1355 5191 adunatas
1382 5136 1623 5199 aiebant,
1655 5145 1713 5188 ut
1744 5151 1848 5188 una
1874 5146 1996 5202 post

418 5206 803 5261 adunationem
836 5213 1005 5276 esset.
1033 5205 1081 5259 ls
1106 5219 1290 5276 revera
1312 5206 1500 5276 titulus
1515 5206 1697 5275 operis
1712 5204 1992 5276 Cyrilliaui

366 5318 377 5333 .
418 5278 497 5329 ita
541 5279 804 5331 recitatur
839 5276 904 5330 ab
939 5274 1245 5343 prraemio
1292 5274 1634 5329 Antiocheno
1682 5274 1821 5343 apud
1854 5275 1996 5330 Pho-

422 5345 555 5414 tium
582 5346 703 5401 cod.
738 5347 864 5407 229,
897 5361 952 5414 p.
974 5344 1099 5409 796,
1128 5345 1272 5413 quod
1316 5344 1636 5400 vocabulum
1683 5348 1769 5398 vix
1803 5344 1994 5400 vellem

421 5428 452 5466 a
486 5413 675 5467 Scotto
705 5413 1032 5482 explicatum
1070 5416 1240 5469 fuisse
1295 5415 1484 5469 Latine
1532 5425 1719 5468 contra
1767 5418 1995 5470 consub-

423 5483 802 5550 stantialistas,
830 5502 896 5540 ne
940 5486 1079 5539 forte
1112 5483 1437 5555 Eutychiani
1486 5483 1724 5540 hzeretici
1773 5502 1993 5555 permu-

428 5561 612 5605 tentur
640 5566 762 5607 cum
796 5555 1114 5625 orthodoxis
1163 5554 1576 5619 llbmousianis;
1603 5554 1910 5625 quanquam
1943 5558 1995 5610 hi

428 5634 621 5694 reapse
650 5625 715 5694 de
731 5624 1039 5694 substantia
1065 5625 1243 5679 divina
1287 5635 1497 5678 tantum
1528 5624 1840 5691 loquuntur,
1880 5641 1999 5694 qua:

427 5689 619 5769 eadem
654 5690 706 5769 in
743 5690 905 5747 Patre
931 5693 1178 5769 Filioque
1210 5703 1328 5761 est;
1364 5695 1440 5749 illi
1472 5708 1538 5748 ex
1566 5689 1776 5769 duabus
1798 5689 2001 5769 Christi

427 5759 639 5827 naturis
677 5759 909 5814 humana
944 5777 1009 5817 ac
1035 5759 1215 5816 divina
1251 5759 1433 5825 unam,
1464 5772 1523 5818 ut
1551 5762 1680 5827 dixi,
1710 5764 1997 5819 iaciebant.

430 5824 686 5884 Sedenim
709 5831 990 5887 commode
1004 5831 1202 5887 accidit
1218 5841 1276 5888 ut
1297 5824 1485 5889 titulus
1515 5824 1795 5902 Cyrilliani
1819 5837 1998 5904 operis

2103 4718 2302 4786 siastas
2356 4715 2713 4786 scripserant
2755 4718 2919 4771 etiam
2984 4715 3275 4786 Diodorus
3301 4715 3592 4786 Tarsensis
3638 4724 3697 4769 et

2102 4785 2423 4840 Theodorus
2463 4783 2874 4854 Mopsusteuus,
2941 4785 3171 4840 testibus
3238 4784 3496 4840 Facundo
3549 4783 3694 4837 Her—

2102 4858 2368 4911 miaueusi
2426 4857 2521 4926 lib.
2560 4872 2680 4923 vttt,
2726 4873 2853 4926 cap.
2910 4855 2967 4911 4.
3032 4870 3239 4926 necnon
3292 4854 3521 4909 Leontio
3567 4854 3691 4926 ade.

2102 4927 2331 4994 Eutych.
2381 4925 2525 4995 apud
2577 4924 2858 4981 Canisiu‘m
2902 4926 3080 4991 Antiq.
3110 4925 3234 4995 lect.
3272 4926 3529 4995 chnov.
3580 4931 3622 4977 ι.
3650 4924 3691 4988 l,

2100 5011 2154 5066 p.
2179 4996 2306 5059 59I,
2333 4994 2572 5066 itemque
2603 4999 2743 5065 apud
2778 5013 2863 5051 me
2879 4995 3067 5066 Spicil.
3098 4994 3252 5049 Rom.
3285 5005 3325 5066 t.
3348 4994 3416 5066 Χ,
3446 5002 3589 5061 part.
3628 5010 3691 5060 tt,

2100 5064 2190 5136 pp.
2222 5068 2309 5127 87,
2343 5068 2431 5119 88.
2458 5064 2701 5136 Denique
2723 5067 2891 5121 etiam
2939 5064 3690 5136 TheodotusAntiocheuus,

2100 5134 2175 5191 uti
2223 5136 2496 5191 afﬁrmant
2549 5134 2689 5205 apud
2741 5152 2827 5189 me
2879 5145 3010 5190 tom.
3040 5136 3214 5205 cit.p.
3254 5135 3319 5189 10
3367 5134 3693 5205 Anastasius

2101 5209 2409 5277 presbyter,
2446 5216 2502 5261 et
2555 5203 2816 5262 Leontius
2860 5220 2911 5274 p.
2945 5205 3065 5259 154.
3106 5203 3225 5277 Uno
3273 5203 3549 5277 versiculo
3575 5218 3691 5277 rem

2102 5272 2387 5330 definierat
2431 5279 2573 5345 apud
2628 5272 3038 5331 Tlteodui'etum
3082 5275 3209 5328 dial.
3243 5275 3340 5329 cit.
3369 5289 3421 5345 ρ.
3452 5272 3553 5326 106
3577 5275 3725 5345 An_-'

2104 5347 2316 5401 tiochus
2350 5343 2697 5400 Ptolemaidis
2730 5360 2744 5398 :
2778 5346 2869 5415 Μὴ
2911 5346 3144 5415 συγχέῃς
3192 5343 3543 5415 τὰςαφιρνσεις,
3595 5343 3693 5395 καὶ

2100 5418 2162 5470 οὐ
2204 5418 2500 5488 ναρκήσεις
2550 5417 2680 5487 περὶ
2732 5415 2829 5488 τὴν
2858 5413 3179 5488 δίκονομίοιν
3204 5432 3216 5443 ·
3279 5413 3409 5467 Noli
3443 5424 3690 5488 natura:

2103 5483 2450 5557 confundere.
2503 5499 2551 5541 et
2601 5483 2743 5540 circa
2788 5483 3178 5538 incarnationis
3237 5483 3691 5557 mysteriuntm“

2104 5551 2349 5626 torpebis.
2395 5556 2651 5611 Sedeuim
2678 5566 2756 5610 tot
2802 5557 2931 5610 olim
2976 5565 3031 5626 et
3064 5567 3249 5626 postea
3295 5551 3498 5626 contra
3539 5551 3691 5626 illam

2100 5622 2352 5681 luere-sim
2377 5626 2621 5696 scriptis,
2650 5640 2713 5696 ea
2742 5625 3097 5696 nihilominus
3121 5625 3281 5678 vivax
3316 5622 3519 5696 residet
3544 5622 3690 5690 apud

2098 5690 2616 5766 partemmaxititam
2641 5695 2933 5766 §yrorum,
2949 5695 3354 5766 Armeniorum,
3376 5690 3690 5766 (Ethiopum

2098 5762 2263 5834 atque
2293 5765 2610 5836 Coptorum.
2639 5762 2814 5821 Tanta
2841 5774 2926 5823 est
2948 5764 3247 5837 praajudieii
3274 5762 3691 5835 exautiquitate

2100 5838 2338 5906 suscepti
2371 5837 2654 5893 tenacitas!
