4076 6472
461 412 598 468 i129

1645 421 2073 481 FRAGMENTA
2114 425 2531 486 DOGMATICA.

3578 439 3718 499 ΗΞΟ

457 538 706 596 gznnenta
739 529 1028 585 ordinatim
1057 532 1247 589 recitat
1268 534 1456 591 dicens
1487 537 1602 593 fore
1645 548 1704 596 ut
1741 543 1864 597 coeli
1923 559 2045 596 ron.
2071 548 2116 604 Α
2143 547 2328 599 ohrcm
2347 545 2368 599 ἲ
2387 545 2545 600 Certe
2562 560 2688 600 caro
2711 546 2774 600 ad
2795 545 2845 600 id
2869 554 3058 617 sponte
3077 560 3172 602 sua
3195 561 3300 603 non
3323 547 3513 612 fertur,
3537 565 3715 621 neque

459 629 794 688 senescant;
839 637 1091 690 supremo
1143 635 1320 680 autem
1383 626 1494 682 Deo
1543 629 2033 688 immutabilitatem

458 722 764 773 conservat,
796 714 966 779 ipsum
997 717 1241 769 ettmtlem
1281 717 1394 773 fore
1445 733 1664 790 semper
1716 731 1881 792 atque
1928 727 2031 780 im-

456 803 768 855 mutabilem
800 813 1024 856 testans.
1049 805 1216 858 Siculi
1243 820 1420 862 autem
1443 824 1548 863 nou
1597 819 1678 866 est
1701 815 2028 868 credendum

455 891 614 943 ullam
644 907 766 946 esse
799 903 906 946 tam
946 899 1306 952 necessariam
1363 915 1498 966 rem,
1531 917 1651 971 quae
1683 901 1842 959 Verbi
1868 916 2026 960 natu-

455 997 566 1034 ram
605 983 653 1034 in
689 985 738 1034 id
786 996 1119 1052 convertere,
1151 991 1291 1056 quod
1340 1005 1528 1059 reapse
1557 1009 1661 1048 nou
1693 1005 1800 1061 est,
1831 1005 2025 1065 queat:

455 1071 526 1124 ita
589 1073 731 1126 nulla
792 1075 1026 1130 vicissim
1079 1093 1324 1134 creatura
1383 1087 1447 1136 ad
1513 1085 1730 1140 deitatis
1776 1097 2026 1142 naturam

452 1167 686 1232 migrare
731 1170 957 1236 poterit;
985 1186 1050 1223 ne
1079 1174 1239 1224 multa
1291 1176 1542 1245 deinceps
1571 1180 1619 1232 ei
1647 1181 2027 1249 contingerent

451 1255 900 1322 inconvenientia,
947 1277 1065 1330 qua:
1123 1279 1252 1317 sane
1299 1266 1638 1324 inveniabilis
1692 1269 2024 1339 blasphemia

449 1347 606 1404 foret.
645 1351 800 1405 Certe
822 1353 867 1406 si
897 1354 1071 1423 aliqua
1090 1369 1340 1411 creatura
1363 1362 1427 1411 ad
1459 1359 1674 1416 deitatis
1704 1371 1904 1417 statum
1929 1379 2023 1418 ua-

451 1441 696 1494 turaliter
723 1446 993 1510 transiret,
1027 1463 1181 1502 nemo
1203 1448 1312 1517 jam
1356 1469 1384 1504 a
1436 1463 1582 1505 recta
1629 1453 1848 1507 deviare
1895 1470 2022 1508 sen-

448 1536 611 1588 tentia
642 1535 936 1601 videretur,
968 1540 1011 1592 si
1041 1538 1181 1594 forte
1213 1541 1417 1596 dit-cret
1449 1559 1563 1596 eam
1601 1558 1665 1596 ex
1697 1543 1867 1598 nihilo
1901 1560 2022 1601 esse

447 1626 663 1692 factam,
693 1630 785 1682 sed
819 1631 938 1683 ideo
972 1632 1210 1686 materia:
1230 1635 1547 1702 particulam
1569 1636 1669 1690 sibi
1695 1639 2018 1707 sumpsisse,

447 1724 503 1766 nt
535 1717 824 1772 exsisteret
862 1735 875 1772 :
913 1729 1022 1773 tum
1063 1737 1258 1790 corpus
1285 1723 1574 1794 aliquando
1612 1727 1932 1782 exstiturum
1963 1728 2016 1783 in

445 1807 749 1861 substantia
807 1824 914 1863 non
970 1814 1236 1880 corporali
1283 1832 1296 1867 :
1344 1830 1565 1884 remque
1615 1817 1878 1872 visibilem
1945 1834 2012 1874 ac

445 1900 608 1949 tactui
653 1898 1110 1966 subjectam,ﬁeri
1156 1916 1336 1974 postea
1388 1907 1710 1962 iuvisibilcm
1765 1919 1820 1964 et
1865 1910 2010 1966 nullo

445 1998 588 2042 tactu
634 1993 1268 2064 sentiendam:dcnique
1315 2012 1512 2066 corpus
1561 2001 1690 2055 illud
1745 2003 1910 2056 vitam
1963 2003 2015 2056 vi

442 2079 673 2149 propriae
713 2091 918 2138 natura:
945 2085 1163 2151 habere,
1199 2089 1273 2140 uti
1326 2088 1557 2144 Verbum
1609 2091 1772 2146 vitam
1800 2108 1829 2146 a
1858 2093 2018 2148 Patre

441 2171 670 2236 accepit.
703 2171 866 2226 Aiunt
894 2173 1112 2242 insuper
1145 2177 1316 2246 ipsum
1354 2179 1404 2232 in
1437 2195 1500 2234 ea
1555 2183 1854 2238 mutatione
1883 2198 2016 2237 con-

443 2261 954 2319 substantialitatem
984 2283 1105 2322 cum
1133 2280 1323 2338 patura
1349 2282 1531 2326 nostra
1556 2273 1724 2329 fuisse
1742 2279 2015 2346 adeptum,

447 2368 516 2408 ne
540 2355 663 2422 quis
708 2356 848 2410 forte
876 2359 1077 2413 diserte
1121 2361 1324 2415 diceret
1374 2365 1538 2416 vitam
1564 2365 1612 2418 ei
1641 2381 1746 2420 non
1799 2367 2014 2422 inesse:

440 2459 618 2513 neque
656 2462 774 2500 esse
817 2447 1178 2514 iuronlusum,
1207 2451 1468 2520 quidquid
1513 2456 1785 2525 corrumpi
1819 2466 2016 2526 potest.

438 2533 574 2586 Tum
604 2535 946 2604 opinionibus
979 2540 1094 2595 suis
1135 2542 1560 2611 dispensationis
1588 2561 1806 2600 carnem
1842 2563 2016 2618 oppu-

436 2625 762 2694 gnantJam
797 2645 897 2700 ego
939 2632 1064 2699 quid
1122 2633 1334 2687 dicam?
1371 2635 1630 2691 Dominus
1677 2639 1818 2693 Deus
1862 2641 2019 2694 nobis

439 2718 712 2784 apparuit,
748 2729 806 2772 ut
857 2722 1265 2790 corruptionem
1315 2723 1575 2780 adversus
1609 2741 1710 2780 nos
1752 2727 2018 2782 rebellan-

438 2817 541 2861 tem
559 2808 878 2872 destrueret,
899 2827 1004 2865 non
1027 2827 1154 2866 vero
1169 2823 1225 2866 ut
1243 2816 1557 2869 ostenderet
1585 2825 1777 2872 natura
1789 2833 1835 2871 nt
1855 2833 2012 2873 suam

437 2902 636 2956 factam
682 2918 802 2957 esse
861 2906 1177 2973 participem
1227 2907 1648 2976 corruptionis:
1703 2911 1798 2964 sed
1858 2925 2014 2964 suam

436 2991 638 3046 factam
662 3007 786 3047 esse
817 2995 1207 3051 demonstravit
1235 3012 1454 3052 carnem
1489 2997 1656 3061 illam,
1692 3014 1812 3068 qua:
1850 3001 2009 3054 morti

434 3093 552 3141 erat
584 3085 908 3154 mancipata.
941 3085 1044 3140 Sed
1067 3087 1358 3156 numjuste
1391 3089 1682 3158 aliquando
1723 3093 2014 3147 contendet

2140 637 2190 690 id
2234 651 2384 691 more
2419 652 2518 691 suo
2556 639 2758 706 appetit
2802 639 3136 695 naturalibus
3183 641 3420 696 motibus
3461 640 3702 696 incitata.

2135 727 2274 796 Ergo
2310 727 2446 782 falso
2479 729 2749 784 diceretur
2776 744 2904 785 caro
2943 731 3008 784 ad
3046 748 3164 785 cum
3215 731 3374 784 ﬁnem
3413 731 3566 800 jussu
3617 731 3711 788 Dei

2139 817 2296 874 Verbi
2333 819 2664 888 pervenisse.
2701 821 2782 873 An
2825 835 2952 874 vero
2995 821 3413 888 dispensationis
3444 821 3707 874 rationem

2133 911 2547 965 abominabilem
2573 911 2920 980 excogitavit,
2954 921 3012 963 ttt
3038 927 3254 964 carnem
3283 913 3346 963 a.l
3392 911 3708 978 dignitatem

2131 1003 2376 1054 evexisse
2409 999 2526 1067 ipso
2555 999 2730 1053 Verbo
2786 1000 3044 1068 majorem
3092 1001 3510 1062 demonstraret,
3543 1010 3708 1066 atque

2131 1098 2187 1142 ut
2217 1104 2277 1142 ea
2311 1090 2611 1160 pompatica
2667 1090 2977 1143 videretur?
3004 1093 3180 1158 Atque
3223 1091 3522 1144 audiendus
3565 1089 3710 1142 Psal-

2130 1182 2287 1235 mista
2317 1191 2396 1234 est
2433 1200 2448 1238 :
2493 1200 2512 1232 ι
2547 1182 2824 1236 Sacriﬁcia
2873 1191 2928 1236 et
2977 1183 3281 1236 oblationes
3337 1198 3441 1236 non
3497 1183 3708 1250 expeti-

2127 1273 2270 1340 visti,
2305 1271 2614 1328 holocausta
2657 1289 2754 1343 pro
2803 1263 3025 1342 peccato
3046 1272 3302 1337 uoluisti;
3335 1287 3535 1340 corpus
3575 1273 3704 1326 mihi

2125 1365 2366 1432 parasti;
2401 1364 2522 1418 ideo
2552 1363 2664 1417 dixi
2692 1382 2705 1418 :
2736 1362 2871 1418 Ecce
2902 1365 3080 1418 venio.
3106 1363 3263 1416 Initio
3296 1363 3414 1416 libri
3443 1363 3705 1432 scriptum

2123 1465 2206 1509 est
2234 1454 2302 1508 de
2337 1469 2418 1508 me
2443 1464 2494 1508 ut
2513 1455 2704 1508 faciam
2729 1455 3054 1508 voluntatem
3079 1466 3250 1518 tuam,
3273 1456 3411 1509 Deus
3433 1455 3474 1506 ³.
3519 1472 3536 1506 ι
3567 1454 3704 1522 Ergo

2129 1545 2380 1600 Mosaicae
2443 1545 2572 1613 legis
2624 1545 2887 1598 sacriﬁcia
2921 1545 3102 1598 Patris
3135 1545 3406 1600 voluntate
3457 1561 3560 1600 non
3591 1545 3707 1598 cxi-

2121 1648 2340 1708 guutur,
2398 1638 2567 1706 magis
2628 1651 2756 1690 vero
2815 1636 3119 1690 iucaruatio
3169 1635 3328 1690 Verbi
3382 1635 3700 1704 requiritur,

2120 1747 2314 1801 nempe
2347 1729 2462 1800 ejus
2493 1728 2830 1787 lmmanatio,
2865 1738 2922 1780 ut
2953 1744 3046 1783 eos
3103 1729 3192 1798 qui
3253 1728 3352 1783 sub
3411 1727 3549 1781 coelo
3579 1734 3707 1780 sunt

2119 1823 2363 1892 perﬁciat
2393 1822 2443 1874 in
2475 1822 2648 1890 gratia
2671 1836 2767 1888 per
2793 1819 2952 1874 ﬁdem
2985 1836 2999 1872 :
3036 1835 3198 1888 quant
3233 1835 3346 1874 rem
3391 1817 3708 1872 miscricor-

2119 1914 2220 1968 dia:
2254 1913 2509 1982 pacisque
2546 1927 2709 1967 causa
2766 1912 2912 1975 fecit,
2962 1920 3122 1978 prout
3161 1910 3269 1964 Deo
3319 1909 3536 1979 dignum
3573 1915 3699 1962 'est.

2119 2001 2361 2069 Quonam
2389 2011 2544 2069 pacto
2567 2001 2746 2056 dicere
2761 2000 2881 2068 quis
2897 1999 3037 2052 ausit
3054 1997 3244 2051 factam
3269 1998 3336 2052 ab
3360 1997 3477 2066 ipso
3491 1995 3702 2050 abomi-

2119 2093 2354 2147 nabilem
2405 2092 2859 2162 dispensationem
2893 2091 3061 2155 illam,
3093 2107 3212 2160 quae
3243 2090 3378 2144 adeo
3409 2097 3493 2143 est
3532 2101 3702 2141 vene-
3767 2086 3774 2094 '

2119 2183 2303 2238 rabilis
2361 2197 2424 2236 ac
2471 2182 2738 2237 salubris?
2768 2185 2818 2237 id
2851 2183 2994 2252 quod
3044 2195 3231 2250 reapse
3294 2181 3607 2242 accidisset,
3649 2178 3696 2233 si

2119 2281 2322 2326 mutata
2373 2272 2668 2326 divinitatis
2724 2282 2912 2326 natura
2973 2273 3025 2325 in
3084 2285 3338 2324 carneam
3383 2268 3694 2323 transisset.

2118 2359 2316 2414 Paulus
2356 2360 2570 2428 quidem
2619 2359 3052 2429 sapientissimus
3099 2358 3334 2412 scribit:
3369 2372 3387 2405 ι
3431 2355 3694 2410 Sanctum

2119 2447 2235 2516 ejus
2255 2463 2468 2518 corpus,
2503 2449 2554 2502 in
2581 2463 2687 2516 quo
2717 2463 2908 2518 passus
2945 2458 3050 2511 est,
3083 2462 3202 2502 cum
3231 2446 3284 2500 in
3340 2443 3716 2499 teutationem-

2120 2542 2330 2605 incidit,
2362 2549 2421 2594 ut
2469 2541 2548 2594 eis
2575 2541 2668 2609 qui
2709 2541 2948 2594 tentandi
2997 2539 3175 2593 forent
3203 2552 3358 2607 opem
3394 2537 3559 2590 ferret
3589 2533 3634 2586 ‘.
3670 2551 3688 2585 ι

2121 2633 2176 2687 Si
2207 2631 2372 2686 verba
2415 2630 2502 2683 illa
2531 2631 2586 2682 in
2622 2644 2722 2698 quo
2754 2644 2939 2696 passus
2981 2635 3057 2680 es!
3091 2625 3350 2689 delcmus,
3375 2637 3584 2678 sutuma
3615 2619 3695 2674 rei

2120 2724 2348 2796 deletur,
2386 2723 2620 2790 itemque
2658 2722 2982 2791 suppeditati
3038 2719 3194 2772 nobis
3237 2716 3425 2770 auxilii
3472 2727 3692 2782 scopus.

2119 2813 2272 2882 Quod
2301 2815 2367 2878 si,
2411 2822 2468 2866 ut
2494 2812 2679 2867 volunt
2715 2812 2806 2880 qui
2854 2825 2915 2864 ea
2962 2811 3122 2864 verba
3173 2807 3534 2876 supprimunt,
3565 2817 3695 2858 caro

2116 2907 2170 2962 iu
2202 2905 2420 2961 deitatis
2450 2902 2802 2958 substantiam
2825 2902 3084 2956 transisse
3111 2899 3328 2962 dicitur,
3365 2907 3425 2951 ut
3456 2896 3510 2950 id
3546 2893 3690 2963 quod

2116 3011 2222 3051 non
2259 3003 2376 3049 erat
2409 2993 2580 3057 ﬁeret,
2613 2990 2720 3059 jam
2755 2989 2872 3058 ipsa
2903 3003 3032 3044 caro
3081 2987 3219 3042 haud
3251 2985 3480 3040 ulterius
3520 2979 3690 3036 menti

2115 3097 2314 3144 nostr-ae
2343 3084 2784 3140 occurrit:secus
2821 3081 2964 3134 enim
3003 3095 3121 3148 quae
3173 3075 3492 3133 mutationis
3549 3074 3690 3126 ratio

434 3174 649 3242 aliquis,
681 3175 846 3230 Deum
873 3175 1104 3231 Verbum
1143 3178 1195 3232 in
1245 3188 1492 3233 naturam
1534 3195 1851 3250 corpoream
1893 3195 2012 3236 esse
2041 3203 2083 3260 ρ
2117 3180 2327 3244 fuisset,
2373 3179 2418 3233 si
2477 3176 2618 3246 quod
2647 3184 2786 3241 erat,
2823 3174 2875 3226 in
2919 3180 3060 3228 statu
3119 3187 3220 3228 suo
3263 3165 3690 3260 permansisset?

437 3276 734 3332 mutatum,
773 3277 866 3322 aut
898 3284 1056 3324 versa
1087 3269 1200 3326 vice
1249 3285 1468 3325 carnem
1521 3271 1588 3326 ad
1626 3272 1720 3326 Dei
1757 3281 2004 3327 naturam

438 3356 721 3424 migrasse,
749 3372 807 3414 ut
833 3360 936 3428 ipsi
975 3360 1129 3416 ﬁeret
1183 3362 1708 3418 consubstantialis?
1739 3361 1876 3418 Num
1908 3377 2008 3418 nos

433 3461 498 3501 ea
548 3450 772 3506 credere
825 3460 1057 3522 oportet,
1109 3469 1228 3524 quae
1285 3455 1508 3511 omnino
1569 3453 1836 3510 credenda
1893 3469 2005 3510 non

434 3540 596 3594 sunt?

731 3631 783 3688 5.
813 3633 962 3688 Idem
987 3633 1217 3708 Cyr-illus
1238 3638 1293 3692 in
1318 3638 1498 3693 eodem
1533 3637 1689 3692 libro.

507 3717 743 3777 Verbum
771 3723 837 3779 de
870 3726 1007 3780 coelo
1056 3727 1368 3794 lapsum,et
1415 3729 1568 3798 cujus
1618 3713 1834 3798 propria
1881 3739 2010 3782 caro

437 3811 578 3866 facta
613 3823 714 3876 est,
743 3831 927 3869 revera
969 3819 1034 3872 de
1065 3819 1206 3873 caelo
1249 3821 1539 3875 advenisse
1565 3821 1788 3884 dicitur,
1810 3819 2008 3872 vitam-

431 3917 536 3974 que
568 3906 766 3958 mundo
818 3907 1136 3960 contulisse.
1164 3907 1353 3962 Divina
1409 3923 1541 3963 caro
1587 3917 1673 3962 est
1716 3909 1920 3976 itaque,
1947 3915 2008 3960 ut

423 3993 533 4062 jam
565 3995 670 4048 dixi
703 4013 717 4049 :
753 4009 910 4050 nemo
938 4005 1118 4050 tamen
1171 4007 1318 4051 recta
1359 3999 1569 4052 ratione
1623 3997 2008 4065 intellectuque

427 4089 711 4155 prteditus,
742 4088 944 4142 ideirco
977 4087 1207 4142 Verbum
1239 4090 1291 4144 in
1333 4105 1553 4144 carnem
1583 4097 1854 4142 mutatum
1883 4101 2006 4144 esse

427 4177 528 4232 sibi
553 4180 914 4246 persuadebit.
945 4179 1178 4234 Necesse
1215 4189 1298 4235 est
1345 4181 1488 4234 enim
1530 4187 1587 4232 ut
1614 4178 2004 4234 sublimissima

425 4269 667 4320 omnium
697 4279 890 4322 natura
921 4283 1113 4337 purum
1143 4277 1344 4324 statum
1376 4267 1626 4332 retineat,
1660 4267 1712 4322 id
1755 4276 1840 4321 est
1871 4268 2005 4322 sim-

427 4357 756 4425 plicemsiue
774 4359 996 4416 alterius
1019 4359 1420 4420 commistione,
1454 4373 1523 4413 ne
1567 4355 1710 4412 forte
1755 4355 2008 4410 videatur

425 4448 744 4514 composita,
781 4457 873 4503 aut
901 4449 1236 4505 incremento
1266 4449 1535 4517 indigens,
1566 4455 1661 4502 aut
1681 4445 2000 4517 cujusquam

424 4537 502 4592 rei
537 4541 805 4609 particeps
857 4555 980 4611 quae
1015 4549 1262 4595 naturam
1302 4555 1454 4595 suam
1512 4540 1735 4594 minime
1783 4539 1996 4605 deceat,
2027 4535 2079 4597 D

423 4629 548 4683 dum
573 4631 626 4684 in
652 4640 857 4685 naturae
907 4631 1192 4698 unitatem,
1221 4631 1334 4688 sive
1373 4630 1996 4687 conSubstantialitatem

421 4723 694 4776 concurrit
713 4721 810 4794 (l).
836 4721 987 4778 Nune
1013 4725 1154 4778 acuti
1180 4712 1489 4780 intellectus
1507 4726 1666 4780 oculo
1683 4725 1994 4794 opinionem

421 4814 886 4868 Confusaneorum
919 4823 1246 4879 scrutemur,
1275 4816 1566 4870 dicentium
1599 4830 1816 4870 carnem
1837 4815 1996 4870 inef-

420 4901 564 4957 lahili
610 4905 820 4958 ratione
847 4903 924 4957 sic
950 4918 1072 4960 esse
1109 4913 1389 4972 mutatam,
1423 4915 1482 4958 ut
1513 4905 1621 4960 Deo
1650 4903 1830 4960 Verbo
1864 4919 1998 4960 cou—

420 4994 794 5050 snbstantialis
823 4993 1078 5049 evaserit.
1113 4991 1224 5049 Cur
1275 4993 1352 5059 id,
1379 4995 1621 5065 inquam,
1662 5002 1756 5050 aut
1794 5009 1992 5063 quam-

505 5167 528 5200 ⁸
555 5168 700 5225 Psal.
732 5185 920 5236 xxxix,
951 5167 1068 5224 7-9.
1143 5170 1164 5201 ⁵
1186 5170 1350 5226 llebr.
1377 5184 1440 5234 tt,
1470 5169 1556 5227 18.

492 5319 570 5392 (l)
598 5321 788 5375 Exstat
817 5323 1004 5378 Grarce
1040 5325 1126 5380 hic
1159 5324 1308 5394 locus
1329 5325 1468 5391 apud
1495 5323 1840 5394 Anastasium
1865 5338 1986 5394 pre-

420 5392 698 5462 sbyterum
726 5407 754 5443 a
781 5393 937 5446 nobis
966 5396 1168 5449 editum
1205 5392 1398 5461 Script.
1435 5403 1532 5448 vet.
1569 5404 1608 5448 ι.
1639 5393 1747 5457 VII,
1780 5392 1984 5462 pleO,

419 5461 508 5532 15,
533 5461 622 5532 2?,
655 5475 782 5532 cum,
805 5464 893 5514 vix
921 5463 1128 5532 aliquot
1152 5463 1504 5532 varietatibus
1529 5464 1608 5516 sic
1637 5481 1650 5517 :
1679 5461 1985 5531 Κυρὶλλου

415 5530 486 5582 ἐκ
519 5530 624 5582 τοῦ
648 5531 798 5601 sacred
840 5530 1308 5587 Συνοὺσιαστῶν
1339 5534 1545 5601 λόγου.
1594 5532 1703 5585 Ναὶ
1739 5530 1846 5601 μὴν
1892 5531 1986 5586 καὶ

419 5551 486 5582 εκ
519 5551 624 5582 του
648 5551 798 5584 κατα
840 5551 1308 5587 δυνουσιαστων
1339 5551 1545 5601 λογον.
1594 5551 1703 5585 tvatt
1739 5551 1778 5600 μ
1818 5551 1846 5584 ν
1892 5551 1986 5586 και

419 5601 486 5672 ἐς
505 5599 736 5672 οὐρανοῦ
765 5601 1198 5672 καταβεὸηκέναι
1226 5602 1464 5670 λέγεται,
1495 5602 1589 5655 καὶ
1614 5601 1756 5672 ζωὴν
1780 5551 1987 5655 ἓιδόναι

417 5667 496 5738 τῷ
521 5667 728 5794 κόσμέ),
757 5671 844 5722 διὰ
867 5670 958 5722 τὸν
977 5667 1183 5725 ἄνωθεν
1204 5667 1378 5738 καϊὲξ
1411 5673 1470 5724 οὺ
1481 5671 1652 5752 ρανοῇ
1675 5667 1989 5726 κὰταϐάντα

419 5735 597 5814 λόγῳ.
627 5755 656 5791 o
723 5739 950 5814 gallae.
978 5740 1259 5814 yéyovev‘t‘)
1291 5742 1461 5814 σάρξῄ
1492 5743 1685 5814 οὺκᾳυν
1718 5740 1842 5814 οβίᾳ
1870 5741 1989 5812 μὲν,

583 5777 597 5795 9
627 5777 688 5794 νυ
725 5777 818 5792 "DD
843 5777 950 5793 υνυνυ
990 5777 1201 5807 ιυιννςγ
1232 5777 1259 5808 ΙΙ
1492 5777 1684 5796 υνδυυγ
1720 5777 1842 5795 νειμ
1870 5777 1989 5808 μῦν,

419 5807 500 5870 ὡς
533 5806 689 5879 ἔφην,
727 5809 906 5863 ἐστιν·
939 5806 1015 5870 οὐ,
1037 5806 1144 5880 μὴν
1185 5806 1262 5866 ετξ
1294 5806 1387 5865 καὶ
1415 5806 1497 5876 ei;
1549 5810 1708 5882 φύσιν
1742 5806 1996 5884 Getica-ret,-

2108 3273 2238 3338 Quae
2288 3276 2474 3323 nostro
2527 3264 2740 3332 corpori
2791 3263 2996 3318 utilitas
3053 3263 3338 3317 accederet
3383 3276 3412 3314 a
3459 3258 3688 3330 mystico

2109 3371 2406 3430 sanctoque
2443 3357 2735 3424 sacriﬁcio,
2767 3359 2920 3424 cujus
2955 3357 3196 3424 suscepti
3231 3352 3432 3408 factum
3456 3361 3542 3406 est
3561 3363 3690 3420 par-

2108 3452 2314 3523 ticeps?
2340 3449 2567 3517 Quinam
2621 3447 2741 3516 ejus
2788 3447 2864 3502 rei
2911 3447 3116 3501 fructus
3161 3444 3300 3498 alius
3338 3443 3550 3505 fuisset,
3583 3439 3686 3494 nisi

2108 3542 2250 3614 quod
2290 3540 2526 3596 Verbum
2553 3545 2798 3592 naturam
2830 3551 2985 3592 suam
3020 3545 3231 3589 mutare
3253 3531 3550 3588 voluisset?
3575 3529 3686 3584 Cur

2107 3633 2264 3689 nobis
2295 3631 2412 3700 ipse
2453 3630 2676 3685 dixisset
2716 3646 2728 3682 :
2769 3646 2788 3679 ι
2823 3627 2933 3696 Ego
2973 3639 3093 3680 sum
3131 3622 3286 3695 panis
3319 3622 3442 3676 vitae
3482 3618 3575 3690 qui
3618 3617 3686 3672 de

2108 3725 2246 3780 coelo
2279 3721 2579 3787 descendit,
2607 3721 2917 3789 mundoque
2949 3718 3120 3772 vitam
3162 3725 3419 3770 aeternam
3471 3711 3586 3766 dat.
3619 3710 3702 3765 Et’

2106 3815 2284 3886 panis,
2311 3828 2470 3884 quem
2493 3825 2592 3882 ego
2625 3811 2826 3876 tribuo,
2862 3824 2982 3864 mea
3005 3823 3132 3863 caro
3163 3806 3353 3870 εει,οὺ
3397 3805 3578 3860 mundi
3603 3802 3685 3857 vi-
3766 3809 3772 3816 '

2109 3915 2240 3964 tam.
2273 3905 2376 3972 Qui
2405 3905 2698 3959 manducat
2751 3915 2926 3954 meam
2979 3914 3200 3954 carnem
3231 3909 3286 3952 et
3315 3899 3452 3953 bibit
3501 3909 3680 3950 meum

2105 3993 2517 4065 sanguinem,in
2571 4006 2656 4045 me
2684 3999 2886 4057 manet,
2921 3998 2975 4044 et
3015 4003 3114 4056 ego
3166 3989 3217 4043 in
3248 4003 3313 4043 eo
3333 3987 3375 4040 ³.
3407 4007 3426 4040 ι
3461 3987 3604 4056 Ergo
3633 3987 3680 4040 si

2105 4100 2234 4140 caro
2265 4085 2317 4138 in
2345 4084 2396 4137 id
2427 4083 2572 4152 quod
2595 4097 2701 4136 non
2729 4090 2848 4136 erat
2901 4087 3106 4134 mutata
3135 4088 3240 4144 est,
3275 4085 3439 4148 atque
3488 4078 3554 4131 ad
3588 4091 3684 4130 su-

2103 4175 2406 4232 blimiorem
2439 4183 2630 4228 natura
2661 4171 2881 4244 propria
2907 4171 3134 4242 gradum
3165 4169 3402 4234 transiit,
3433 4167 3486 4222 id
3509 4175 3597 4222 est
3631 4166 3708 4220 si’

2103 4283 2226 4322 eam
2254 4265 2416 4322 Verbi
2437 4265 2687 4322 voluntas
2721 4264 3072 4320 excelsiorem
3106 4263 3254 4328 fecit,
3287 4262 3442 4318 nobis
3465 4273 3682 4330 quoque

2101 4359 2212 4414 vim
2233 4356 2392 4427 hujus
2415 4358 2681 4428 mysterii,
2715 4371 2910 4426 resque
2940 4356 3008 4410 ad
3033 4355 3088 4410 id
3113 4355 3446 4426 pertinentes
3469 4351 3680 4407 ratione

2103 4449 2208 4506 alia
2236 4449 2420 4506 licebit
2453 4464 2730 4521 peragere.

2385 4581 2440 4638 4.
2475 4578 2628 4634 Idem
2661 4577 2892 4649 Cyrillus
2929 4577 2987 4631 in
3015 4575 3200 4632 eodem
3239 4573 3392 4628 libro.

2173 4719 2316 4790 Ergo
2339 4715 2732 4773 incarnationis
2761 4715 2952 4783 dogma
2990 4711 3274 4782 perSpicua
3305 4721 3540 4778 veraque
3567 4706 3676 4763 ﬁde

2101 4811 2362 4866 creditur.
2387 4809 2540 4874 Quod
2565 4807 2632 4872 si,
2672 4813 2732 4860 ut
2782 4801 3079 4861 adversarii
3129 4801 3334 4867 dicunt,
3367 4797 3572 4867 abiecta
3591 4806 3678 4852 est

2101 4916 2251 4967 caro,
2281 4909 2335 4956 et
2365 4900 2417 4954 in
2443 4910 2694 4954 naturam
2732 4897 2893 4953 Verbi
2927 4903 3158 4962 mutata,
3195 4893 3338 4966 quod
3397 4893 3445 4948 ei
3479 4905 3538 4948 se
3579 4905 3676 4946 co-

2101 4991 2330 5062 pulavit,
2361 5007 2500 5047 vana
2519 5004 2736 5062 quoque
2764 4989 3045 5060 evaderet;
3060 5003 3166 5044 una
3197 5003 3319 5043 cum
3353 4986 3534 5044 carnis
3560 4999 3678 5040 mu-

1638 5169 1836 5227 ‘Joau.
1869 5185 1946 5237 vr,
1979 5169 2171 5227 51-55.

2097 5325 2423 5400 μειξαϐᾳλεῖν
2456 5326 2900 5400 ὑπρπτεύσοιντις
2923 5330 3008 5396 ἂν,
3037 5331 3092 5384 εἴ
3107 5347 3168 5398 γε
3197 5330 3320 5382 νοῦν
3354 5328 3468 5400 ἔχει
3495 5323 3669 5400 τὸνᾲεῦ

2093 5395 2488 5470 βιξὸηκᾴταμκαὶ
2523 5396 2861 5470 δφγματικῆς
2888 5395 3169 5470 eaeque;
3197 5395 3673 5470 ἐπιστήμονας-δεῖ

2089 5465 2200 5536 γᾲρ
2227 5469 2292 5536 τῇ
2321 5465 2537 5536 πάντων
2561 5465 2939 5522 ἐπέκεινάκαὶ
2978 5465 3239 5522 ἀνωτάτω
3277 5465 3457 5536 (midst,
3494 5465 3666 5536 603C;-

2092 5534 2216 5608 σβαι
2242 5534 2502 5608 κάθαρσις
2530 5536 2615 5608 es,
2635 5537 2837 5608 ἁπλοῦν
2867 5539 2959 5590 καὶ
2978 5607 2983 5608 ν
3003 5534 3316 5608 ἀσυμμιγὲζ
3355 5537 3547 5608 ἑτέρῳ,
3577 5535 3671 5608 xei.

2091 5603 2152 5693 σξὸ
2195 5603 2270 5675 μὴ
2317 5603 2914 5693 ειίινιλερεἴςτθειῃδρκξξίνζ
2960 5607 3016 5659 ἕν
3045 5603 3124 5676 γε’
3159 5603 3275 5693 rei;
3303 5607 3424 5660 καθ’
3448 5603 3671 5693 {maqu

2095 5673 2268 5747 ἤγουν
2286 5675 2602 5747 προσθήκης
2633 5675 2914 5747 δεδεῆσθοιί
2948 5673 3092 5747 τινός
3107 5678 3200 5730 καὶ
3221 5675 3542 5747 ἅσυμφυοῦς
3571 5673 3673 5728 at)-

2094 5746 2194 5828 τῆς
2224 5744 2649 5828 πράἴματοςεὶς
2673 5746 2955 5828 κοινωνίαν
2977 5746 3149 5803 ἐλθεῖν
3168 5747 3270 5820 τὴν
3298 5744 3358 5802 ἐν
3383 5744 3670 5816 ταυτότητι

2099 5814 2314 5883 φύσεως
2345 5814 2510 5884 ἤγουν
2533 5814 2928 5886 ὁμοουσιότητι.
