4076 6430
469 344 603 402 1451

1467 355 1525 417 S.
1568 361 1840 420 CYRILLI
1876 366 2356 428 ALEXANDRINI
2395 373 2723 434 ARCHIEP.

3597 400 3727 460 £432

466 463 675 520 tatione
719 465 979 526 salutaris
1037 470 1161 528 fidei
1220 485 1423 533 nostra:
1463 480 1773 539 confessio:
1801 485 1910 541 imo
1965 501 2054 543 res
2082 493 2131 550 Α
2157 504 2267 559 quo
2302 492 2368 547 de
2397 492 2541 549 coelo
2571 495 2847 552 rediturus
2886 507 2973 554 est
3002 500 3045 565 θ,
3081 501 3207 558 hinc
3264 515 3472 561 constat
3519 524 3724 570 carnem

465 560 576 609 tota
627 559 1087 627 pessumdaretur,
1149 578 1272 621 cum
1324 566 1561 624 indidem
1599 586 1856 630 manante
1886 576 2052 646 justi-

465 646 748 716 ficatione;
782 663 1289 727 consequenterque
1329 674 1428 716 nos
1475 663 1654 721 adhuc
1702 668 1755 721 in
1811 671 2050 738 peccatis

460 741 666 796 nostris
691 759 994 813 manemus,
1023 765 1200 819 neque
1231 762 1475 810 veterum
1511 758 1792 829 culparum
1833 771 2049 818 nostra-

459 848 577 886 rum
605 837 794 891 sordes
828 841 1088 896 discussa:
1118 854 1265 900 sunt.

769 952 823 1006 5.
860 953 1013 1008 Idem
1048 956 1355 1027 Cyrillusin
1378 963 1558 1017 eodem
1585 964 1736 1020 libro.

532 1060 587 1115 Si
623 1078 751 1119 caro
778 1065 939 1123 Verbi
959 1085 987 1123 a
1010 1080 1207 1127 nostra:
1236 1076 1418 1131 carnis
1447 1079 1759 1137 conditione
1784 1085 2048 1140 recessis—

459 1163 564 1219 set,
596 1157 847 1225 superior
898 1161 1055 1216 nobis
1087 1163 1302 1230 effecta,
1332 1170 1459 1237 quia
1506 1171 1559 1225 in
1603 1172 1862 1230 deitatem
1913 1192 2047 1231 eon-

459 1257 636 1309 versa,
671 1248 862 1302 salutis
890 1262 1092 1307 nostrae
1129 1255 1275 1311 basis
1321 1271 1624 1330 corrueret,
1670 1280 1878 1335 nosque
1913 1268 2050 1323 adeo

457 1337 557 1391 sub
583 1341 772 1394 mortis
792 1345 1104 1414 peccatique
1126 1350 1393 1406 saevitiam
1434 1355 1835 1416 reciderentus.
1867 1359 2045 1428 Sicut,

456 1423 649 1482 domus
684 1432 890 1488 murive
918 1435 1163 1494 subrutis
1188 1441 1389 1499 inlimis
1412 1443 1802 1516 fundamentis,
1832 1452 2050 1507 univer-

454 1534 574 1574 sum
611 1525 899 1582 aedilicium
936 1531 1293 1601 dilaberetur,
1318 1548 1373 1592 et
1421 1540 1682 1610 quidquid
1726 1544 1832 1600 illis
1861 1546 2050 1603 fulcris

454 1624 886 1680 superstructum
942 1618 1153 1689 fuerat;
1195 1625 1267 1679 ita
1313 1629 1358 1681 si
1399 1627 1671 1697 Unigeniti
1719 1648 1840 1689 cum
1886 1651 2051 1694 carne

454 1703 790 1773 dispensatio
822 1724 949 1764 vera
992 1729 1099 1767 non
1133 1725 1302 1783 esset,
1336 1733 1425 1774 res
1448 1732 1650 1777 nostra:
1691 1724 1851 1780 simul
1886 1737 2049 1798 atque

457 1787 508 1841 in
546 1803 866 1860 perpetuum
906 1808 1282 1858 everterentur
1334 1815 1389 1859 et
1434 1808 1666 1865 infirma:
1711 1814 1925 1870 ﬁerent.
1958 1787 2047 1874 Sic
2082 1840 2123 1899 Β

454 1880 541 1934 aio
577 1885 803 1953 pariter,
842 1892 986 1957 quod
1015 1892 1059 1947 si
1115 1891 1274 1949 Verbi
1309 1912 1440 1953 caro
1469 1901 1521 1954 in
1550 1902 1771 1959 deitat‘is
1794 1914 2046 1962 naturam

398 2028 405 2033 ,
455 1985 663 2029 mutata
694 1975 905 2047 fuisset,
926 1987 1238 2042 necessario
1277 1998 1441 2060 atque
1493 1992 1546 2047 in
1596 1999 2046 2057 :rternumaFilii

456 2065 693 2123 hominis
733 2073 1096 2140 appellatione
1142 2081 1442 2138 excideret.
1489 2085 1600 2139 Cur
1644 2102 1774 2159 ergo
1827 2092 2047 2162 sapien-

452 2154 698 2213 tissimus
724 2159 921 2219 Paulus
948 2166 1182 2223 dixisset
1216 2187 1229 2223 :
1262 2189 1281 2221 ‹
1336 2172 1490 2230 Unus
1518 2186 1598 2232 est
1630 2177 1793 2247 Deus,
1819 2193 1873 2237 et
1907 2200 2047 2242 unus

453 2247 722 2304 mediator
770 2252 911 2308 inter
967 2254 1137 2313 Deum
1194 2271 1250 2316 et
1295 2263 1561 2331 homines,
1589 2269 1751 2328 homo
1795 2274 2046 2333 Christus

450 2335 635 2404 Iesus,
679 2343 773 2413 qui
812 2345 961 2403 dedit
1023 2352 1263 2423 seipsum
1320 2360 1768 2435 redemptionem
1796 2382 1894 2436 pro
1941 2386 2043 2426 no-

448 2428 537 2484 bis
566 2433 668 2486 “?i
708 2434 805 2491 Est
832 2438 947 2510 ipse
975 2445 1243 2501 mediator
1288 2459 1347 2502 ut
1388 2428 1552 2516 Deus,
1585 2428 1839 2526 idemque
1880 2462 2043 2519 homo

451 2520 635 2588 simul,
677 2525 845 2582 Deum
901 2529 1117 2588 Patrem
1154 2538 1313 2594 nobis
1342 2540 1606 2610 placatis;
1644 2547 1757 2615 ipse
1794 2565 1933 2605 unus
1960 2564 2043 2607 est

449 2614 506 2667 in
528 2615 681 2672 unica
710 2621 1062 2691 adunatione,
1101 2627 1156 2681 in
1192 2645 1297 2699 qua
1321 2646 1454 2689 sane
1489 2614 1680 2706 grandi
1726 2655 1849 2695 cum
1884 2644 2040 2701 diﬂ‘e-

450 2709 627 2764 rentia
697 2712 1112 2786 distinguuntur
1177 2732 1388 2781 natura:
1440 2728 1794 2799 (l):ea:dem
1856 2745 2038 2793 tamen

448 2816 784 2863 concurrunt
839 2811 1004 2867 simul
1058 2814 1113 2870 in
1158 2816 1461 2889 Christum,
1494 2833 1549 2878 et
1595 2824 1651 2879 in
1695 2827 2038 2886 ineonfusam

447 2894 833 2958 adunationem
867 2912 1034 2975 atque
1091 2907 1472 2980 insolubilem;
1507 2914 1703 2971 similis
1758 2917 1906 2976 Patri
1954 2934 2039 2979 est

448 2990 670 3058 deitate,
687 2994 881 3053 similis
906 3001 1061 3057 nobis
1080 3002 1448 3075 humanitate;
1480 3021 1644 3081 atque
1661 3011 1734 3066 ita
1754 3019 2037 3085 cognosci-

445 3090 536 3136 tur
572 3084 736 3141 homo
764 3090 1015 3149 Christus
1059 3092 1219 3151 Jesus
1260 3100 1529 3158 mediator
1571 3114 1780 3162 noster.
1809 3108 1961 3174 Quod
1986 3113 2032 3166 si

445 3170 831 3234 abominabilis
876 3181 930 3236 in
985 3195 1153 3251 eo,ut
1199 3187 1289 3243 isti
1334 3190 1699 3260 volunt,earo
1749 3207 1918 3265 esset,
1955 3202 2030 3255 rei
2060 3196 2106 3258 C

443 3276 654 3319 summa
687 3268 752 3324 de
778 3270 955 3327 medio
977 3275 1279 3346 tolleretur,
1317 3296 1420 3337 nec
1457 3280 1571 3351 jam
1608 3284 1728 3355 ipse
1761 3287 1904 3343 inter
1936 3306 2035 3345 nos

442 3351 773 3430 Patremque
788 3376 945 3420 suum
980 3368 1247 3427 mediator
1282 3384 1447 3432 esset.
1486 3374 1639 3434 Tunc
1677 3388 1857 3437 autem
1889 3397 2031 3453 quo-

441 3447 613 3505 modo
637 3452 705 3506 ad
737 3453 888 3511 illum
914 3462 1344 3521 accederemus?
1365 3479 1462 3523 aut
1492 3481 1642 3528 certe
1670 3475 1792 3542 quis
1820 3491 1919 3531 nos
1955 3475 2030 3530 illi

441 3536 793 3598 admoveret?
818 3548 944 3617 quis
979 3552 1196 3608 demum
1215 3536 1844 3628 superessetmediator?
1867 3565 2033 3624 Divus

438 3625 653 3687 Paulus
673 3634 814 3690 dixit
866 3638 1144 3697 hominem
1171 3625 1296 3702 esse
1335 3651 1872 3712 mediatorem.Tum
1914 3660 2032 3729 ipse

439 3717 692 3780 Christus
717 3726 968 3796 inquitn
997 3731 1170 3791 Nemo
1200 3743 1349 3795 venit
1396 3743 1463 3798 ad
1518 3743 1757 3813 Patrem,
1787 3750 1889 3805 nisi
1934 3717 2033 3821 per

439 3826 529 3866 me
548 3813 591 3869 ⁷.
624 3834 642 3867 ι
686 3816 1070 3881 Portentosum
1122 3839 1205 3885 est
1262 3847 1395 3902 ergo
1454 3846 1509 3891 et
1551 3837 1764 3895 insania
1806 3842 2028 3913 plenum

440 3917 809 3967 commentum
831 3915 1047 3974 illorum
1073 3921 1164 3991 qui
1191 3934 1418 3983 naturas
1450 3929 1812 3991 confundunt.

723 4024 778 4081 6.
822 4027 974 4085 Idem
1021 4032 1257 4105 ενι-ἕηκε
1288 4040 1344 4094 in
1376 4047 1556 4099 eodem
1581 4045 1738 4101 libro.

514 4151 535 4184 ι
568 4134 702 4191 Cum
731 4137 899 4198 Filius
923 4143 1159 4204 hominis
1186 4153 1415 4220 venerit,
1447 4170 1575 4212 num
1607 4157 1662 4213 in
1693 4168 1837 4218 terra
1863 4164 2025 4222 fidem

435 4229 681 4288 inveniet
700 4231 761 4288 ’ἓ
794 4253 812 4285 ι
862 4233 1020 4293 Nunc
1047 4242 1339 4309 quaerimus
1367 4247 1435 4303 ab
1459 4250 1816 4318 adversariis,
1842 4272 2027 4325 quam-

436 4336 561 4376 nam
597 4325 743 4381 volet
796 4326 1034 4387 hominis
1078 4331 1253 4391 Filius
1298 4337 1457 4394 fidem
1499 4341 1768 4412 invenire,
1803 4363 1925 4405 cum
1957 4353 2027 4409 de

433 4408 573 4465 ctelo
626 4411 922 4475 descendet
960 4422 1101 4491 apud
1149 4437 1246 4480 eos
1297 4428 1385 4496 qui
1422 4429 1475 4483 in
1515 4440 1659 4487 terra
1693 4408 2026 4496 versanturi

435 4498 531 4556 Vel
561 4504 820 4573 quidnam
848 4508 916 4563 de
953 4524 1019 4566 eo
1073 4517 1284 4584 opinari
1327 4524 1661 4588 possumus?
1704 4524 1846 4584 Num
1883 4532 2026 4589 forte
2058 4555 2101 4611 υ

433 4592 750 4664 abjecturus
788 4609 872 4655 est
893 4598 1015 4657 Filii
1042 4603 1280 4664 hominis
1320 4612 1719 4684 conditionem,
1744 4633 1813 4674 an
1842 4624 2021 4690 potius

432 4685 484 4740 in
515 4687 870 4749 similitudine
899 4705 1087 4753 nostra
1112 4714 1420 4770 mansurus,
1452 4714 1512 4760 ut
1538 4708 1704 4766 homo
1745 4726 1867 4768 esse
1902 4731 2021 4772 cre-

431 4780 631 4837 datur?
660 4784 816 4850 Quod
876 4788 921 4845 si
957 4789 1114 4863 longe
1150 4792 1389 4865 abesset,
1416 4808 1476 4854 ut
1523 4800 1700 4871 ipsum
1755 4819 1909 4877 teque
1956 4826 2021 4866 ae

428 4887 530 4929 nos
581 4875 856 4935 hominem
900 4893 1153 4954 reputare
1193 4902 1500 4962 possemus,
1539 4910 2017 4969 eonsequenterne

428 4965 615 5023 dicere
663 4969 855 5028 liceret
884 4983 1173 5035 venturum
1232 4981 1468 5043 fortasse
1515 5002 1617 5044 ceu
1651 4992 1925 5050 hominem
1959 5006 2017 5051 ut

426 5058 587 5116 fidem
614 5061 668 5115 in
694 5071 842 5120 terra
872 5067 1129 5138 inveniat,
1158 5082 1214 5129 et
1240 5091 1345 5131 non
1376 5080 1559 5148 potius
1593 5094 1880 5141 venturum
1915 5103 2015 5143 ceu

427 5151 597 5208 Deum
636 5153 872 5213 Verbum
921 5161 1155 5233 simplex
1189 5176 1247 5221 et
1293 5171 1499 5241 absque
1539 5189 1728 5242 carne,
1771 5187 1830 5237 ut
1874 5179 2017 5236 hanc

426 5243 587 5301 iidem
617 5250 759 5317 apud
796 5260 1085 5311 terrestres
1140 5257 1416 5315 inveniat?
1448 5263 1555 5320 Sed
1603 5267 1728 5335 quia
1788 5269 2018 5339 ipsemet

426 5338 720 5397 manifeste
732 5357 790 5399 se
812 5341 1008 5401 Filium
1037 5347 1275 5407 hominis
1292 5338 1821 5428 vocitavittempore
1848 5362 2012 5417 etiam

523 5493 845 5596 lily-mari,
1006 5509 1207 5596 'doan'.
1242 5526 1352 5577 xw,
1393 5512 1448 5567 6.
1571 5513 1701 5572 Luc.
1727 5532 1860 5585 xvn,
1894 5522 1944 5577 8.
2024 5524 2045 5556 ⁹
2069 5522 2264 5582 Matth.
2296 5543 2448 5596 xxvi,
2479 5528 2532 5584 6.

431 5564 477 5598 “
497 5563 730 5640 Philipp.
766 5563 847 5644 tu,
885 5578 976 5633 2i.
1056 5563 1446 5648 “lJoaﬁnxtv,
1473 5584 1562 5641 i2.

2154 585 2223 639 ab
2252 600 2319 641 eo
2346 586 2401 642 in
2431 586 2576 641 aliud
2606 587 2835 656 quodvis
2860 604 2965 644 non
3000 588 3170 647 fuisse
3203 604 3488 661 mutatam,
3513 601 3604 654 sed
3621 604 3727 672 glo-

2157 676 2357 732 riosam
2384 680 2525 747 apud
2550 694 2674 733 eum
2697 695 2938 748 manere,
2972 681 3461 754 incorruptibilem,
3484 692 3599 746 sine
3626 712 3731 750 ma-

2153 768 2587 839 cula,atqueilla
2617 770 2737 826 luce
2764 772 3062 842 fulgentem
3095 775 3162 827 ad
3189 791 3351 845 quam
3383 794 3539 836 nemo
3566 797 3730 853 potest

2154 863 2439 919 accedere.
2465 863 2638 919 Porro
2672 864 2818 919 haud
2862 879 2988 920 cum
3028 865 3124 922 illo
3168 869 3341 936 tenui,
3366 879 3428 925 ut
3471 876 3728 943 primitus,

2152 951 2376 1022 splendo
2387 969 2444 1009 re
2477 954 2794 1011 descendet.

2439 1064 2490 1118 7.
2525 1064 2677 1121 Idem
2714 1067 2944 1139 Cyrillus
2983 1071 3041 1124 in
3080 1072 3262 1127 eodem
3309 1076 3461 1131 libro.

2226 1177 2282 1233 Si
2316 1193 2445 1234 caro
2469 1180 2589 1249 ejus
2615 1182 2683 1237 ad
2718 1192 2969 1238 naturam
2995 1185 3215 1242 deitatis
3237 1188 3407 1258 ipsius
3436 1192 3731 1259 transisset,

2145 1268 2258 1338 jam
2290 1270 2461 1328 Filius
2482 1274 2720 1330 hominis
2748 1289 2868 1330 esse
2895 1277 3208 1343 desineret;
3255 1280 3539 1352 palamque
3563 1287 3731 1340 omni-

2153 1361 2254 1417 bus
2285 1362 2440 1419 lieret
2473 1364 2717 1435 'gloriam
2758 1367 3069 1436 adoptionis
3118 1356 3295 1425 amitti
3343 1388 3373 1426 a
3409 1374 3585 1439 nobis,
3621 1385 3732 1431 tan-

2154 1469 2315 1524 quam
2346 1456 2395 1510 si
2424 1457 2847 1527 primogenitum
2872 1460 3015 1516 inter
3034 1459 3235 1517 multos
3264 1463 3465 1522 fratres
3480 1467 3522 1499 ¹⁶
3540 1468 3731 1524 diutius

2154 1562 2262 1599 non
2298 1547 2644 1604 haberemus.
3007 1546 3020 1567 '

2453 1662 2510 1718 8.
2542 1663 2694 1720 Idem
2726 1666 2957 1739 Cyrilfus
2981 1670 3036 1724 in
3061 1673 3243 1726 cedent
3276 1672 3438 1727 libro.

2226 1776 2340 1831 Non
2373 1788 2603 1846 apparet
2640 1779 2879 1836 Verbum
2927 1797 3148 1840 carnem
3198 1796 3461 1855 mutasse,
3491 1802 3608 1857 qua:
3650 1790 3729 1844 in-

2152 1871 2586 1927 convertibiliter
2640 1881 2699 1927 et
2744 1874 2951 1945 absque
2981 1876 3305 1933 confusione
3339 1879 3417 1933 illi
3447 1880 3726 1951 conjuncta

2148 1972 2235 2018 est
2259 1964 2312 2018 in
2330 1966 2553 2021 deitatis
2583 1975 2799 2022 natura.
2831 1968 2965 2023 illud
2998 1970 3176 2038 potius
3209 1972 3586 2035 observamus,
3623 1988 3729 2027 me-

2150 2057 2257 2111 rito
2304 2057 2452 2111 illam
2508 2057 2681 2128 gloria
2717 2075 2815 2116 sua
2867 2062 3272 2132 magnificasse,
3323 2064 3723 2134 honoribusque

2148 2146 2259 2202 Deo
2289 2146 2487 2203 debitis
2515 2149 2825 2206 cumulasse
2845 2170 2858 2206 :
2881 2160 3043 2223 atque
3084 2154 3157 2208 ita
3215 2163 3470 2224 tempore
3502 2171 3598 2210 suo
3619 2170 3730 2209 ear-

2145 2241 2231 2295 nis
2276 2255 2493 2311 quoque
2550 2242 2948 2311 dispensatoria
3006 2246 3308 2300 substantia
3336 2245 3433 2319 [de
3467 2246 3604 2302 caelo
3642 2250 3725 2302 de-

2145 2331 2393 2405 scendet]
2414 2347 2608 2402 :quam
2655 2336 2902 2391 videntes
2929 2338 3291 2395 admiratione
3318 2341 3558 2409 perculsi
3590 2352 3726 2396 sunt.

2148 2422 2302 2479 Hanc
2331 2439 2524 2494 reapse
2556 2427 2746 2483 oculus
2775 2428 2931 2493 vidit,
2962 2431 3038 2484 uti
3071 2432 3332 2501 scriptum
3367 2442 3478 2489 est.
3518 2434 3732 2489 Sancto.

2144 2530 2263 2569 rum
2296 2517 2443 2570 enim
2478 2518 2793 2587 angelorum
2842 2536 2982 2575 unus
3032 2523 3358 2578 mirantibus
3411 2526 3530 2579 ait:
3571 2544 3590 2577 ι
3620 2524 3727 2579 Viri

2145 2606 2519 2677 Galilaai,quid
2545 2609 2745 2665 coelum
2765 2613 3077 2681 suspicitis?
3108 2612 3206 2668 llic
3221 2613 3387 2672 Iesus
3409 2616 3499 2687 qui
3524 2632 3731 2672 assum-

2140 2711 2267 2767 ptus
2297 2708 2381 2754 est
2414 2716 2445 2755 a
2475 2702 2647 2769 vobis,
2686 2703 2767 2757 sic
2794 2705 2975 2759 veniet
3013 2708 3483 2774 quemadmodum
3528 2708 3729 2763 vidistis

2139 2805 2264 2846 eum
2290 2802 2508 2849 euntem
2533 2786 2587 2850 in
2616 2795 2785 2851 caelos
2807 2798 2872 2852 υ.
2911 2816 2930 2849 ι
2962 2796 3098 2851 Num
3146 2797 3344 2853 dicturi
3378 2802 3513 2857 estis
3562 2803 3728 2855 visum

2138 2898 2263 2940 esse
2289 2884 2357 2940 ab
2393 2886 2462 2941 iis
2494 2887 2785 2943 salientem
2828 2890 2895 2945 ad
2928 2889 3146 2945 Patrem
3204 2892 3416 2960 absque
3449 2892 3649 2948 carne?
3680 2893 3729 2947 id

2137 2984 2223 3033 est
2256 2974 2433 3033 forma
2461 2989 2651 3035 nostra
2682 2981 3026 3051 indignanter
3050 2983 3419 3052 abjecta,jam
3445 3001 3549 3041 non
3571 2986 3730 3040 fuisse

2137 3068 2193 3123 in
2216 3084 2448 3139 corpore
2483 3071 2708 3138 visibili,
2738 3073 2972 3144 ideoque
3014 3089 3073 3129 se
3100 3087 3481 3133 commutasse
3513 3080 3566 3133 in
3600 3077 3732 3132 invi-

2136 3160 2347 3215 sibilem
2371 3161 2947 3233 ineorruptibilemqne
2977 3173 3234 3220 naturam
3259 3166 3283 3220 τ
3305 3166 3466 3234 Quis,
3489 3170 3728 3238 inquam,

2142 3252 2259 3305 haec
2305 3251 2487 3306 dicere
2539 3251 2721 3306 ausit?
2753 3253 2849 3308 Sin
2875 3264 3067 3309 contra
3105 3256 3178 3310 ita
3220 3268 3493 3314 venturus
3525 3266 3629 3325 est,
3656 3256 3728 3311 uti

2141 3342 2424 3407 ascendit,
2456 3342 2645 3411 quidni
2690 3358 2819 3400 vere
2856 3346 3094 3412 dicetur,
3123 3361 3246 3402 cum
3276 3351 3473 3406 eodem
3512 3363 3730 3418 corpore

2141 3433 2403 3500 Verbum,
2436 3449 2544 3489 non
2595 3445 2776 3491 autem
2828 3437 2881 3491 in
2918 3448 3114 3493 natura
3152 3440 3393 3508 simplici
3427 3452 3483 3497 et
3531 3444 3730 3512 absque

2137 3540 2323 3594 carne,
2356 3541 2478 3582 esse
2509 3527 2840 3583 venturum?

2444 3640 2497 3695 9.
2540 3638 2690 3696 Idem
2713 3640 2946 3713 Cyrillus
2972 3644 3025 3698 in
3056 3648 3234 3701 eodem
3263 3647 3421 3704 libro.

2208 3754 2286 3811 De
2305 3754 2525 3811 Christo
2550 3756 2771 3827 scripsit
2787 3758 3224 3829 sapientissimus
3245 3777 3468 3833 quoque
3496 3759 3725 3816 Paulus:

2141 3864 2161 3898 ι
2195 3846 2295 3914 Qui
2329 3848 2642 3903 immutabit
2693 3865 2890 3919 corpus
2942 3851 3271 3909 humilitatis
3321 3866 3547 3919 nostrae,
3581 3867 3636 3909 ut
3659 3855 3727 3907 sit

2136 3939 2313 3996 simile
2345 3941 2560 4012 corpori
2600 3940 2787 4011 gloria:
2810 3943 2874 3996 υ.
2909 3960 2928 3994 ι
2963 3942 3104 4009 Quid
3147 3947 3214 3999 ad
3250 3945 3370 4002 hazc
3424 3946 3607 4001 dicent
3628 3944 3724 4006 illi,

2133 4031 2229 4101 qui
2250 4046 2468 4087 carnem
2505 4042 2766 4087 mutatam
2796 4034 2950 4087 aiunt
2993 4034 3047 4088 in
3078 4034 3240 4090 Verbi
3273 4035 3568 4092 naturam?
3590 4035 3723 4089 Nunt

2132 4131 2445 4179 sanctorum
2483 4139 2711 4195 corpora
2782 4124 2902 4180 ideo
2933 4134 3215 4179 mutantur
3242 4125 3294 4180 in
3315 4127 3537 4183 deitatis
3567 4133 3725 4180 natu-

2134 4231 2274 4282 ram,
2321 4216 2448 4287 quia
2505 4218 2623 4286 ipsa
2681 4230 2903 4287 quoque
2964 4215 3271 4273 conformia
3319 4219 3462 4275 fiunt
3510 4218 3719 4289 corpori

2131 4306 2317 4377 glorias
2357 4308 2509 4375 ejus?
2539 4308 2727 4363 Nonne
2768 4324 2932 4364 mera:
2975 4325 3146 4381 gerrae
3190 4318 3319 4366 sunt
3370 4313 3489 4367 hanc
3533 4325 3720 4367 eorum

2129 4402 2321 4469 verba,
2378 4416 2500 4472 quae
2546 4401 2763 4457 inscitia
2810 4403 3062 4458 scatent?
3091 4401 3148 4457 Si
3196 4417 3323 4458 caro
3372 4405 3443 4459 ad
3505 4402 3722 4458 deitatis

2132 4504 2404 4559 naturam,
2442 4502 2500 4548 ut
2525 4494 2702 4558 aiunt,
2736 4494 2975 4561 transiit,
3000 4509 3238 4564 quonam
3270 4496 3491 4550 demum
3522 4497 3574 4549 in
3601 4508 3717 4548 cor-

2130 4601 2264 4655 pore
2290 4585 2433 4641 Deus
2459 4583 2699 4644 Verbum
2719 4587 3005 4642 versatur?
3028 4586 3124 4642 Est
3151 4586 3298 4643 enim
3322 4587 3502 4642 deitas
3532 4587 3711 4642 incor-

2128 4693 2319 4749 porea,
2376 4678 2776 4750 verissimeque
2809 4681 3044 4737 dicimus
3109 4679 3312 4736 nemini
3364 4680 3537 4737 Deum
3604 4690 3717 4735 esse

2129 4770 2480 4841 conspicuum
2512 4770 2577 4826 ".

2422 4885 2509 4942 10.
2543 4886 2691 4942 Idem
2713 4888 2945 4960 Cyrillus
2970 4892 3024 4947 in
3053 4893 3231 4947 eodem
3259 4893 3417 4947 libro.

2201 4998 2309 5055 Sed
2363 5000 2601 5059 fortasse
2642 5001 2828 5059 dicent
2884 5019 3108 5060 carnem
3134 5006 3281 5061 haud
3319 5005 3551 5061 omnino
3589 5004 3725 5067 sul»,

2128 5093 2386 5147 stantiam
2429 5108 2583 5148 suam
2606 5095 2891 5165 amisisse;
2926 5099 3022 5154 sed
3053 5114 3176 5153 eum
3206 5097 3316 5154 Deo
3344 5097 3527 5153 Verbo
3550 5102 3715 5151 semet

2127 5182 2541 5239 commiscuisse
2571 5186 2804 5241 naturali
2828 5189 3062 5258 quadam
3082 5190 3438 5243 adunatione.
3460 5188 3573 5259 Ego
3593 5199 3715 5239 vero

2125 5278 2399 5343 quomodo
2429 5276 2513 5332 his
2547 5292 2865 5345 occurram,
2899 5281 3199 5350 praesertim
3234 5282 3360 5351 quia
3412 5282 3710 5336 humanum

2125 5365 2476 5421 ratiocinium
2507 5368 2560 5423 in
2582 5369 2666 5425 his
2697 5378 2898 5441 torpet,
2936 5385 3115 5441 neque
3143 5374 3388 5444 propria,
3434 5384 3494 5426 ut
3521 5373 3593 5426 ita
3630 5371 3711 5423 di-

2617 5531 2660 5562 "
2686 5529 2845 5587 Rom.
2882 5547 3003 5596 Vltl,
3033 5532 3123 5590 29.
3256 5534 3443 5589 “Act.
3480 5550 3514 5598 ι,
3556 5532 3641 5586 ll.
3708 5532 3729 5543 "

502 5719 1727 5831 (3,)lgiﬂ‘j‘fﬂiiﬁl,qff‘j'}ﬂl’§f§firmus
1780 5746 2070 5809 abhorreat
2107 5767 2139 5809 a
2178 5752 2368 5813 Severi
2406 5753 2805 5830 Monophysitae
2856 5761 3152 5829 sententia,
3201 5762 3295 5831 qui
3351 5772 3534 5816 tamen
3567 5756 3705 5813 illius

430 5787 574 5850 falso
601 5794 987 5856 auctoritatem
1019 5787 1120 5860 sibi
1135 5787 1545 5874 ‘piiiéﬁtiéiai:
