4076 6426
531 392 676 448 Ηῖὅ

529 617 832 674 manusque
892 608 1206 676 habentem,
1258 629 1423 682 seque
1485 630 1590 669 non
1673 631 1793 669 esse
1855 617 2108 686 spiritum

529 697 812 752 manifeste
837 699 1288 758 demonstraverit
1317 722 1331 772 ;
1357 706 1582 775 curjam
1617 707 1903 776 quisquam
1931 709 2112 778 suspi-

529 799 687 839 cetur
720 801 938 843 carnem
991 808 1111 848 esse
1160 806 1419 849 mutatam
1458 797 1510 850 iu
1551 798 1772 854 dcitatis
1831 809 2110 866 naturam,

531 893 708 945 neque
740 879 945 948 aliquid
975 897 1212 950 passam,
1253 903 1426 954 neque
1470 889 1800 945 destructum
1854 901 2109 958 mortem,

530 985 654 1020 cum
699 971 749 1022 in
808 973 973 1026 vitam
1016 985 1138 1042 post
1208 980 1426 1032 tertium
1475 981 1615 1035 diem
1665 983 1846 1049 rediit,
1891 983 2113 1054 suisque

528 1061 807 1133 discipulis
840 1068 1192 1134 conspicuum
1223 1084 1280 1122 se
1308 1069 1471 1126 fecit?

807 1199 892 1252 13.
939 1200 1085 1255 Idem
1117 1203 1347 1274 Cyrillus
1373 1207 1426 1259 in
1452 1209 1630 1263 eodem
1665 1209 1822 1266 libro.

601 1328 732 1396 Quis
757 1343 1065 1389 sanctorum
1101 1335 1319 1393 Patrum
1345 1341 1458 1396 haec
1483 1351 1590 1396 tam
1617 1345 1745 1398 dura
1767 1347 2031 1415 przedixit,
2058 1360 2113 1405 et

525 1419 1008 1488 impossibiliamec
1031 1426 1196 1480 hilum
1223 1432 1465 1486 veritatis
1490 1434 1780 1488 habentia?
1817 1437 1948 1502 Quis
1989 1455 2115 1507 apo-

525 1509 779 1562 stolorum
795 1523 888 1565 aut
904 1518 1350 1584 evangelistarum
1373 1524 1530 1576 verba
1551 1524 1852 1593 hujusmodi
1870 1530 2115 1595 protulit?

523 1599 773 1654 Profecto
816 1620 993 1658 nemo.
1033 1607 1446 1665 Coufundaulur
1484 1614 1664 1682 itaque
1706 1616 1796 1684 qui
1840 1633 1906 1671 cx
1953 1620 2113 1675 corde

526 1704 641 1752 suo,
676 1705 778 1743 non
797 1707 862 1746 cx
883 1694 1092 1749 Domini
1119 1713 1212 1751 ore
1237 1699 1549 1768 loquuntur,
1581 1705 1652 1757 uti
1672 1707 1929 1774 scriptum
1949 1711 2109 1763 est".

598 1779 704 1833 Nos
734 1787 1266 1843 antemorthodoxim
1304 1792 1510 1860 legibus
1532 1795 1760 1864 subjecti
1785 1837 1800 1859 ,
1837 1812 1956 1866 qua:
2002 1809 2110 1854 tam

1535 407 1594 463 δ.
1637 407 1908 464 CYRILIJ
1948 409 2414 469 ALEXANDRINI
2448 414 2772 473 ARCHIEP.

527 517 860 580 persuaserit
895 530 952 571 se
987 517 1054 570 de
1094 529 1280 576 morte
1307 523 1654 591 suscitatum,
1686 540 1905 581 carnem
1936 529 2102 594 pedes
2131 533 2177 589 Α

3658 429 3782 486 1456

2466 533 2553 590 18.
2604 534 2754 589 Ident
2800 533 3031 606 Cyrillus
3075 538 3132 591 in
3167 539 3352 592 eodem
3390 537 3538 594 libro.

2293 643 2400 698 Sed
2442 645 2732 702 Diodorum
2779 664 2992 719 quoque
3025 651 3328 705 audiamus.
3373 650 3466 706 Sin
3499 668 3620 709 vero
3649 665 3702 714 tu
3733 659 3780 715 id

2219 735 2359 791 dicis
2389 739 2455 792 de
2480 737 2780 804 Nazareno,
2809 757 3000 810 nempe
3022 743 3064 796 si
3088 743 3358 796 hominem
3381 744 3609 812 appellas
3627 748 3780 816 hunc,

2217 829 2307 895 qui
2333 841 2642 899 assumptus
2666 831 2787 897 fuit,
2815 835 3040 888 ostende
3070 833 3247 899 nobis,
3274 833 3408 902 nihil
3429 837 3780 905 dissimulans,

2218 929 2497 975 externam
2522 939 2830 992 personam;
2857 936 3110 994 tuamque
3132 927 3330 980 diserte
3359 931 3673 982 sententiam
3695 947 3781 985 es-

2217 1025 2378 1079 poue,
2419 1028 2591 1080 neque
2628 1031 2850 1070 Carnem
2887 1017 3177 1072 iuanimem
3215 1021 3383 1074 dicas.
3409 1049 3478 1060 -—
3511 1019 3664 1087 Atqui
3691 1037 3780 1074 an-

2221 1103 2432 1158 dientes
2455 1115 2504 1158 tu
2533 1105 2718 1160 fallere
2741 1121 2918 1176 putas,
2951 1111 3073 1177 quia
3095 1121 3406 1163 constanter
3438 1126 3531 1165 nos
3562 1111 3782 1166 :uﬂirma-

2218 1194 2395 1247 vimus
2441 1210 2658 1250 carnem
2698 1214 2793 1266 pro
2822 1213 2915 1250 sua
2957 1201 3266 1254 ratione'ac
3303 1211 3491 1253 natura
3519 1201 3775 1254 dilTerrea

2219 1283 2416 1351 Verbo,
2455 1289 2596 1356 quod
2649 1288 2716 1341 de
2757 1287 2863 1342 Dco
2889 1288 3045 1344 Patre
3075 1301 3257 1345 natum
3297 1302 3401 1345 est.
3450 1291 3572 1345 llaec
3617 1302 3780 1346 tamen

2215 1377 2429 1445 propria
2449 1380 2562 1447 ejus
2581 1395 2710 1435 caro
2740 1379 2838 1434 fuit
2867 1392 3085 1452 propter
3122 1384 3536 1455 inseparabilem
3573 1384 3786 1456 cenjun-

2215 1467 2470 1522 ctionem.

2497 1583 2585 1639 19.
2635 1582 2782 1638 Idem
2811 1585 3040 1655 Cyrillus
3069 1586 3120 1640 in
3149 1589 3324 1640 eodem
3359 1587 3514 1643 libro.

2286 1691 2400 1748 imo
2427 1695 2606 1762 potius
2635 1711 2772 1750 unus
2807 1697 3055 1766 idemque
3093 1697 3264 1751 Filius
3287 1706 3388 1762 est,
3425 1706 3484 1750 ιιι
3515 1697 3782 1774 perSpicue

2216 1787 2582 1854 cognoscitur,
2607 1787 2672 1840 de
2690 1787 2986 1840 substantia
3014 1787 3106 1842 Dei
3135 1787 3314 1840 Patris
3339 1789 3631 1840 secundum
3655 1786 3780 1839 divi-

527 1868 809 1939 diligcnter
844 1877 1075 1929 stabilita
1108 1879 1224 1941 fuit,
1253 1884 1524 1936 sectandae
1543 1895 1852 1940 sanclorum
1891 1887 2108 1944 Patrum

2218 1875 2466 1940 nitatem,
2491 1887 2543 1929 et
2565 1893 2630 1930 ex
2656 1877 2808 1930 nobis
2833 1879 3126 1932 secundum
3155 1878 3566 1931 humanitatem.
3595 1875 3782 1944 Nempe

529 1973 688 2016 ructre
712 1964 966 2019 doctriure
980 1982 1196 2035 operam
1221 1973 1430 2036 demus;
1450 1989 1619 2042 neque
1645 1978 1797 2031 vanis
1819 1979 2115 2035 vociferan-

527 2053 659 2105 tium
677 2056 1080 2121 nonnullorum,
1106 2061 1194 2128 qui
1220 2063 1350 2115 nihil
1379 2065 1700 2132 intelligunt,
1722 2067 1880 2122 dictis
1904 2070 2116 2124 auscul-

529 2156 722 2208 temus,
744 2145 810 2198 ita
831 2158 882 2198 ut
903 2164 1020 2215 qum
1036 2151 1252 2205 minime
1269 2154 1457 2208 decent
1477 2159 1762 2224 opinemur
1778 2179 1790 2213 :
1809 2163 1902 2214 sed
1919 2163 2116 2233 ubique

527 2234 741 2286 veritati
777 2236 1136 2304 adhzerentes,
1179 2255 1520 2313 mentemque
1558 2265 1834 2305 sacrarum
1867 2254 2114 2324 Scriptu-

529 2339 710 2378 rarum
736 2331 972 2382 oraculis
997 2331 1362 2402 intendente=,
1396 2339 1641 2396 dicamus
1670 2343 1878 2398 Domini
1898 2362 2115 2400 carnem

529 2417 864 2487 intelligente
891 2422 1069 2476 anima
1098 2439 1217 2480 es~.e
1238 2427 1604 2496 informatam,
1629 2448 1857 2504 eamque
1881 2437 2114 2492 divinam

527 2510 834 2574 credamus,
864 2513 1284 2584 immaculalam,
1314 2522 1628 2590 gloriosam,
1656 2527 1882 2597 ideoque
1909 2540 1958 2581 et
1980 2530 2117 2587 alios

531 2597 896 2653 vivificantem
942 2617 1006 2656 ac
1051 2607 1503 2673 sanctiticantctn,
1548 2622 1729 2682 utpote
1783 2633 1902 2686 qute
1955 2621 2116 2675 Verbi

529 2690 748 2758 propria
779 2691 899 2754 luit,
929 2708 956 2746 a
990 2695 1096 2749 Deo
1120 2695 1280 2754 Patre
1307 2711 1358 2756 et
1389 2719 1492 2756 non
1520 2706 1735 2760 aliunde
1757 2710 1943 2778 geniti;
1971 2727 2118 2765 eam-

528 2798 636 2849 que
684 2800 958 2854 nunquam
989 2802 1206 2844 carnem
1245 2792 1298 2846 in
1335 2804 1582 2851 naturam
1611 2799 1826 2856 dcitatis
1856 2811 2114 2858 mutatam

527 2892 539 2924 :
566 2872 875 2930 liirmemus.

531 2981 617 3036 16.
647 2983 873 3056 Sanctus
896 2986 1132 3056 Cyrillus
1161 2991 1212 3044 in
1228 2992 1361 3046 libro
1375 2997 1625 3050 adversus
1648 2996 1936 3053 Diodorum
1964 3000 2119 3056 Tarsi

598 3055 1020 3136 episcopum‘ﬂ),
1071 3061 1162 3136 qui
1192 3064 1414 3125 incipit:
1451 3083 1473 3136 ι
1498 3068 1631 3118 Ante
1682 3071 1859 3121 omnia
1907 3055 2114 3136 veritas,

596 3140 761 3212 quam,
780 3127 912 3212 nihil
940 3127 1203 3200 coarguit,
1233 3149 1428 3201 nosque
1459 3135 1562 3204 ipsi
1586 3147 1720 3192 recte
1745 3139 1812 3192 de
1843 3140 1940 3195 illa
1971 3127 2116 3212 loqui

598 3209 853 3249 novtmus.
895 3215 915 3248 D

599 3326 796 3394 Quidni
843 3333 1129 3399 oportebat
1161 3333 1230 3387 ah
1255 3349 1320 3390 eo
1357 3339 1534 3406 potius
1566 3340 1949 3409 demonstrari,
1985 3344 2114 3414 quid

529 3419 672 3474 inter
698 3423 878 3475 carnis
912 3431 965 3476 et
995 3423 1216 3478 dcitatis
1237 3427 1494 3482 attributa
1518 3431 1776 3505 intersit?
1806 3435 1907 3488 Aio
1931 3435 2113 3502 igitur,

529 3506 584 3561 in
610 3509 834 3579 singulis
856 3528 1025 3580 nuper
1047 3513 1340 3569 nominatis
1365 3519 1544 3585 rebus,
1571 3521 1684 3575 sive
1710 3525 1984 3592 corporeis
2002 3524 2115 3577 sive

529 3614 706 3664 secus,
735 3616 952 3656 carnem
998 3618 1119 3658 esse
1161 3621 1279 3673 qua:
1313 3607 1380 3660 de
1405 3608 1639 3664 humana
1690 3611 1858 3665 forma
1900 3624 2112 3683 sumpta

528 3689 664 3756 fuit;
684 3689 914 3745 Verbum
941 3701 1127 3746 autem
1151 3695 1293 3763 quod
1320 3712 1349 3750 e
1375 3697 1547 3754 Patris
1567 3703 1864 3756 substantia
1895 3705 2111 3772 prodiit.

532 3779 686 3834 lland
723 3779 926 3836 idcirco
967 3791 1144 3838 tamen
1193 3785 1509 3842 dividendus
1547 3793 1598 3845 in
1635 3793 1770 3848 duos
1801 3805 1884 3849 cst
1922 3794 2114 3856 unicus

533 3869 623 3926 ille
651 3880 833 3927 noster
857 3873 1116 3929 Dominus
1151 3873 1310 3933 Jesus
1333 3879 1600 3936 Christus.

805 4009 892 4063 17.
953 4008 1097 4064 Idem
1127 4010 1355 4082 Cyrilltts
1385 4016 1439 4069 in
1468 4019 1648 4072 eodem
1675 4019 1830 4075 libro.

603 4140 845 4198 Dicimus
885 4145 1099 4201 Domini
1141 4151 1358 4203 caruerit
1409 4151 1588 4204 anima
1628 4153 1956 4224 intelligente
1991 4171 2114 4210 esse

533 4231 851 4292 animalem.
891 4237 1045 4305 Saepe
1072 4255 1170 4294 nos
1201 4240 1303 4296 hoc
1333 4242 1599 4309 diximus,
1639 4254 1694 4299 et
1729 4261 1874 4302 nunc
1901 4262 2113 4318 quoque

533 4335 647 4378 rem
679 4324 752 4380 ita
781 4340 842 4382 se
871 4327 1073 4384 habere
1102 4330 1279 4386 denuo
1300 4332 1648 4391 aﬂirmamus.

607 4477 650 4510 "
674 4477 876 4534 Jerem.
909 4495 1104 4548 sunt,
1142 4482 1227 4537 16.

2215 1969 2380 2019 etiam
2426 1968 2710 2036 prOpbeta,
2755 1969 2831 2021 uti
2876 1969 3104 2038 Moyses,
3148 1969 3448 2036 appellatus
3480 1967 3598 2029 fuit,
3639 1967 3782 2018 item-

2217 2072 2323 2127 que
2339 2057 2404 2112 de
2427 2062 2593 2126 stirpe
2621 2058 2854 2112 Davidis.
2880 2058 3063 2127 Neque
3087 2056 3204 2125 ejus
3229 2073 3494 2127 agnomen
3517 2069 3780 2111 removea-

2217 2163 2369 2211 mus;
2410 2163 2532 2200 nam
2565 2150 2979 2218 dispensationis
3006 2150 3123 2219 ejus
3147 2152 3405 2204 virtutem
3431 2150 3783 2213 rationemque

2216 2242 2350 2296 satis
2391 2242 2660 2296 novimus.
2708 2241 2894 2311 Neque
2931 2245 3145 2313 proprie
3191 2245 3448 2313 templum
3485 2242 3608 2306 iuit,
3649 2238 3780 2306 quod

2218 2333 2412 2386 attinet
2443 2333 2509 2386 ad
2538 2333 2655 2402 ejus
2679 2344 2950 2400 naturam;
2983 2335 3183 2387 ctenim
3211 2333 3379 2388 Deum
3414 2348 3532 2388 esse
3555 2337 3778 2400 apparet.

2217 2424 2369 2491 Quod
2403 2426 2445 2479 si
2474 2427 2668 2480 anima‘:
2692 2441 2720 2478 a
2749 2442 2976 2496 corpore
2992 2442 3090 2480 suo
3109 2427 3504 2496 scparatiouem
3531 2420 3782 2494 permisit,

2218 2525 2464 2582 separata
2495 2517 2845 2572 nihilominus
2866 2519 2932 2571 ad
2957 2534 3080 2571 eum
3108 2518 3441 2586 pertinebat,
3471 2515 3609 2570 haud
3637 2525 3780 2568 secus

2218 2623 2378 2675 quam
2409 2609 2634 2678 singulis
2659 2611 2812 2663 nobis
2835 2610 3111 2680 proprium
3146 2625 3368 2678 corpus.

2219 2738 2308 2792 20.
2349 2737 2498 2818 Idem
2525 2739 2758 2818 Cyritltts
2791 2743 2843 2793 in
2881 2743 3056 2818 eodem
3094 2742 3244 2818 libro.
3287 2742 3500 2818 (Exstat
3537 2740 3619 2818 hic
3649 2739 3780 2818 ιᾳςω

2289 2814 2445 2861 etiam
2475 2813 2613 2874 apud
2645 2809 2887 2882 Severum
2921 2809 3306 2866 Antiocltenttnt‘
3324 2817 3380 2867 in
3409 2827 3556 2882 opere
3584 2809 3780 2870 inedita.

2290 2881 2429 2947 quod
2464 2881 2771 2933 inscribitur
2807 2879 3185 2951 Pbilalethes.)

2294 3014 2576 3084 Proprium
2599 3025 2680 3069 est
2703 3015 2886 3085 itaque
2905 3017 3100 3072 divina:
3125 3026 3354 3084 natura,
3383 3026 3442 3073 ut
3470 3025 3592 3072 ante
3614 3015 3778 3069 omnia

2221 3101 2412 3154 smcnla
2441 3100 2531 3154 sit.
2567 3099 2844 3155 Peculiare
2876 3102 3080 3170 pariter
3107 3101 3268 3157 Verbi
3301 3101 3542 3170 ejusdem
3576 3101 3701 3166 fuit,
3729 3105 3782 3153 ut

2221 3193 2511 3260 postremis
2551 3193 2881 3261 temporibus
2925 3207 3091 3247 carne
3133 3195 3418 3263 praeditum
3466 3203 3783 3248 nasceretur.

2219 3284 2388 3338 Porro
2413 3284 2664 3342 nativitas
2687 3283 2802 3352 ejus
2826 3288 2890 3338 de
2911 3283 3156 3354 Virgine,
3183 3301 3346 3340 causa
3371 3284 3547 3340 Verbo
3571 3300 3668 3338 ιιοιι
3693 3281 3784 3336 fuit

2217 3374 2534 3433 exsistendi,
2555 3374 2648 3427 sed
2661 3373 2776 3442 ejus
2800 3372 2852 3426 in
2872 3389 3036 3428 carne
3059 3374 3366 3428 manifestat
3381 3375 3538 3429 ionis.
3556 3371 3783 3426 Perfecto

2219 3479 2324 3517 non
2361 3474 2444 3518 est
2477 3463 2708 3518 Verbum
2745 3465 2973 3519 mortale
3001 3468 3067 3519 de
3098 3466 3332 3530 mortali,
3363 3469 3464 3524 sed
3496 3467 3560 3521 de
3589 3467 3785 3520 vivente

2217 3553 2380 3609 Patre
2405 3556 2621 3610 vivens:
2647 3557 3030 3627 propriumque
3049 3558 3215 3626 ipsius
3236 3561 3435 3623 evasit,
3460 3561 3547 3630 qui
3570 3560 3670 3611 vita
3690 3563 3784 3619 est,

2222 3639 2444 3693 mortale
2465 3656 2659 3710 corpus
2681 3643 2746 3695 de
2771 3645 2980 3696 mortali
3001 3658 3205 3711 natum,
3225 3656 3279 3700 et.
3295 3650 3459 3702 morti
3483 3647 3778 3702 obnoxium:

2221 3735 2282 3778 ut
2315 3725 2368 3779 in
2401 3726 2489 3780 illo
2518 3742 2638 3782 cum
2674 3739 2848 3783 morte
2865 3733 3192 3802 conﬂigens,
3228 3745 3281 3790 et
3303 3738 3584 3793 emortuis
3614 3749 3782 3790 resur-

2220 3831 2381 3886 gens,
2436 3817 2490 3872 in
2536 3820 3104 3890 incorruptibilitatem
3156 3827 3208 3882 id
3249 3829 3427 3898 ipsum
3473 3830 3784 3894 vindicaret,

2220 3908 2492 3978 mortique
2527 3913 2776 3980 superius
2807 3915 3235 3984 demonstraret,
3270 3922 3488 3978 etiamsi
3522 3923 3571 3976 id
3602 3929 3779 3997 natura

2222 4015 2317 4054 sua
2363 4002 2414 4056 in
2459 4005 2647 4058 mortis
2685 4008 2953 4081 mancipio
2991 4021 3128 4065 erat.
3170 4012 3458 4071 Debilitata
3498 4024 3578 4070 est
3617 4020 3782 4067 autem

2219 4105 2367 4147 mors
2395 4106 2461 4147 ex
2493 4109 2601 4164 quo
2632 4111 2755 4150 cum
2795 4099 2921 4153 vitze
2951 4115 3176 4171 corpore
3209 4105 3457 4172 przelium
3500 4101 3784 4162 conseruit.

2495 4231 2586 4284 21.
2634 4230 2782 4286 Idem
2810 4231 3038 4304 Cyrillus
3063 4253 3116 4291 m
3139 4243 3316 4294 eodem
3340 4242 3497 4300 libro.

2291 4339 2444 4398 Nunc
2463 4339 2720 4409 breviter,
2751 4345 2795 4401 si
2820 4347 3020 4418 placet,
3046 4353 3506 4422 transgredientes
3528 4353 3591 4408 ad
3612 4347 3778 4408 consi-

608 4663 998 4742 (l)_.Liberatus
1018 4664 1362 4742 diaconusin
1394 4664 1686 4742 Breniario,
1717 4683 1838 4742 cap.
1872 4668 1960 4742 l0,
1986 4671 2103 4726 sic:
2139 4674 2183 4730 D
2213 4689 2296 4738 ιιι,
2334 4673 2389 4734 6.
2428 4675 2741 4741 recitatum,
2767 4693 2794 4732 a
2824 4681 3027 4736 nostris
3057 4650 3142 4737 his
3176 4683 3414 4742 diti‘erre.
3444 4687 3642 4742 Contra
3669 4684 3784 4740 Dio-

536 4730 772 4802 Cyrtllus
831 4743 939 4787 tres
987 4735 1194 4802 scripsit
1234 4735 1393 4788 libros
1447 4730 1700 4791 adversus
1745 4730 2029 4793 Diodorum
2059 4750 2108 4795 et

538 4802 887 4876 Theodorum,
913 4804 1068 4876 quasi
1099 4802 1406 4876 Nestoriam‘
1428 4808 1683 4876 dogmatis
1709 4818 1972 4863 auctores.
1994 4811 2110 4864 Alia

539 4883 788 4948 veterum
823 4872 1027 4948 de_hac
1084 4888 1144 4927 re
1181 4872 1513 4948 testimonia
1561 4877 1777 4948 collegit
1829 4877 2113 4935 Fabricius

537 4941 592 5014 i.u
628 4940 695 4993 Β.
849 4942 936 4996 ed.
967 4956 1090 5018 nov.
1114 4951 1151 4996 ι.
1181 4943 1272 5018 I_X,
1297 4959 1349 5012 p.
1378 4945 1504 5008 495,
1525 4961 1644 5014 qua)
1668 4939 1945 5003 cumulare
1977 4967 2113 5018 opus

538 5012 646 5062 non
673 5017 779 5073 est,
802 5012 1103 5081 praesertim
1131 5013 1254 5080 quia
1282 5029 1386 5068 non
1404 5012 1582 5081 'pauca
1607 5018 1817 5071 illorum
1847 5012 2110 5073 librorum

539 5082 840 5149 fragmenta
981 5080 1167 5156 quinta
1199 5080 1436 5150 generali
1456 5087 1662 5156 synodo
1685 5087 1867 5142 collat.
1905 5103 1935 5139 v
1969 5091 2110 5145 reci—

541 5159 755 5212 tantur;
788 5149 991 5218 quibus
1021 5149 1125 5202 alia
1153 5149 1287 5203 nova
1324 5149 1531 5208 nunc'a
1568 5159 1722 5210 nobis
1750 5157 2017 5212 accedunt
2042 5175 2110 5214 ex

543 5219 782 5292 syriacis
796 5218 1416 5292 bibliotheczeVaticanze
1439 5224 1712 5280 codicibus
1739 5241 1912 5280 eruta.
1932 5229 2112 5292 Quare

545 5290 756 5362 frustra
791 5289 1647 5362 estfacundusllermianensis
1699 5295 1794 5352 lib.
1829 5289 2025 5362 vnn—6,
2059 5307 2114 5354 et

546 5357 696 5419 alibi,
727 5358 853 5428 dum
879 5358 945 5428 de
962 5357 1146 5428 Cyrilli
1179 5359 1330 5415 libris
1355 5371 1540 5414 contra
1571 5363 1915 5420 Theodorum
1934 5357 2109 5423 ’du’bi-

548 5435 663 5480 tare
691 5426 823 5490 vult,
852 5426 975 5500 quia
1009 5426 1216 5500 nempe
1257 5445 1444 5498 parum
1482 5431 1545 5500 ei
1584 5433 1776 5500 placet,
1802 5437 1957 5490 talem
1989 5447 2108 5492 tan-

550 5503 774 5572 tumque
825 5497 998 5550 virum
1063 5497 1419 5572 adversatum
1473 5497 1673 5572 luissm
1693 5503 1998 5572 Theodoro,
2029 5511 2116 5563 cui

551 5563 816 5635 ips_e_toto
864 5581 962 5620 suo
1015 5581 1176 5635 opere
1219 5568 1606 5633 patrocinatur.
1638 5570 1874 5628 Facundi
1924 5563 2114 5632 falsam

551 5631 861 5708 opinionem
893 5635 1027 5690 alios
1050 5631 1339 5708 iquosdam
1401 5639 1776 5708 participassc,
1808 5657 1872 5696 ex
1921 5631 2112 5702 eodem

550 5699 809 5779 l_.iberator
851 5716 973 5779 cap.
1024 5699 1117 5758 cit}
1146 5699 1872 5779 "cognoscimus."Denique
1915 5699 2115 5771 adnota

550 5769 927 5840 fragmentum
959 5773 1091 5826 item
1140 5773 1422 5842 Cyrilliani
1471 5779 1652 5847 operis
1676 5795 1704 5835 ιι
1737 5769 1989 5842 Facundo
2015 5769 2108 5846 lib;

2218 4745 2359 4828 tiori-
2387 4743 2768 4828 Theodori-que
2835 4749 3067 4828 infames
3105 4757 3430 4828 _sententias
3481 4757 3786 4828 gravissime

2216 4813 2493 4894 invehitur
2520 4816 2758 4894 {lyrinus
2785 4820 2947 4886 epist.
2990 4823 3056 4894 ad
3093 4820 3359 4880 Joannem
3384 4813 3637 4881 Aniioch.
3665 4823 3778 4894 (ep.

2217 4883 2285 4964 :59
2309 4885 2346 4949 ).
2375 4884 2493 4964 Quo
2531 4883 2648 4964 loco
2681 4883 2848 4964 etiam
2885 4891 3112 4964 ptepitet
3155 4909 3279 4948 eum
3313 4901 3458 4964 quod
3507 4897 3625 4951 illos
3662 4883 3777 4946 oliin

2217 4954 2533 5029 imprudens
2570 4954 3056 5029 laudasset,‘cujus
3107 4965 3182 5018 rei
3240 4954 3394 5021 testis
3425 4977 3509 5021 est
3541 4965 3782 5020 Leontius

2218 5023 2295 5076 De
2328 5026 2506 5085 sectis,
2545 5035 2652 5078 act.
2688 5041 2762 5090 tv,
2788 5029 2842 5090 ὅ,
2869 5023 2980 5081 ιιιιῖ
3018 5040 3198 5086 tamen
3245 5036 3534 5088 adnotatur
3562 5036 3780 5090 Chrvso—

2217 5103 2455 5164 stomum
2486 5110 2702 5164 quoque
2726 5107 2779 5152 et
2809 5098 3069 5154 Basilium
3099 5103 3291 5156 iisdem
3339 5105 3644 5158 hominibus
3669 5098 3780 5156 iane

2217 5163 2340 5239 dem
2371 5163 2710 5239 attribuisse,
2749 5179 3034 5236 prepterea
3079 5175 3222 5239 quod
3268 5175 3502 5228 Ariauos
3551 5173 3781 5226 Macedo-

2220 5234 2366 5286 nium
2396 5243 2464 5316 ἐι
2507 5234 2878 5320 Apollinarem
2927 5234 3344 5320 rciuta:t'isse_ti_t:
3366 5245 3437 5320 _lu
3482 5242 3780 5320 collectione

2218 5305 2474 5382 garionica
2507 5303 2782 5382 Ebed_i_est_t
2800 5307 3110 5382 Nestor-iani
3144 5311 3224 5380 (p.
3248 5313 3382 5382 150)
3409 5328 3438 5365 a
3466 5308 3774 5382 nobisedita

2220 5369 2414 5460 Seriplt.
2445 5386 2539 5428 vet.
2582 5385 2620 5430 t.
2648 5375 2712 5438 Χ,
2753 5369 3380 5460 Diodore-5.,The'odorus
3409 5392 3572 5460 atque
3597 5379 3778 5460 Nesto-

2223 5443 2598 5514 rinsdicuntur
2622 5458 2783 5500 secta:
2806 5449 3082 5514 splendida
3108 5460 3160 5504 et
3185 5443 3530 5506 sanctissima
3558 5450 3776 5502 lumina-

2223 5513 2322 5591 ria.
2348 5513 2654 5591 Euitigitur
2677 5513 2972 5591 congruum
3009 5531 3066 5570 ut
3104 5521 3361 5591 Cyrillus,
3391 5519 3623 5577 Nestorii
3657 5528 3776 5570 stre-

2221 5583 2533 5668 nuissitn'It‘t‘s'
2579 5583 2948 5650 adversarius,
2992 5583 3524 5668 contraDjodonrutn
3577 5596 3774 5668 quem}?

2220 5662 2385 5728 illi“?
2438 5652 2781 5728 Theotimum
2831 5672 3002 5728 arma
3043 5652 3346 5728 expediret.
3371 5652 3774 5716 Confer-etiam

2217 5719 2472 5780 Pbbtium
2503 5726 2641 5796 apud
2685 5741 2783 5783 nos
2818 5721 3003 5796 Spicil.
3037 5719 3192 5786 Ro'm.
3239 5740 3278 5785 t.
3311 5732 3376 5800 Χ,
3407 5747 3460 5804 p.
3486 5730 3608 5787 456.
