4076 6442
354 410 377 465 i
398 412 505 469 r157

1557 412 1984 486 FRAGMENTA
2024 415 2443 476 DOGMATICA.

3494 416 3633 473 1438

354 531 650 589 derandam
698 529 1008 588 Servatoris
1045 532 1216 587 nostri
1259 531 1459 588 Christi
1493 548 1779 603 personam
1802 578 1817 604 ,
1853 538 1935 593 di-
1966 542 2014 600 Α
2043 542 2336 610 potentiam
2358 582 2371 603 ,
2407 550 2462 596 et
2496 539 2703 611 reliqua
2737 539 2941 597 omnia.
2972 538 3111 594 Caro
3141 538 3328 609 utique
3358 541 3633 593 crescebat

352 638 569 679 versam
600 637 724 678 esse
750 623 1115 692 comperimus
1145 632 1415 689 naturam,
1447 625 1534 681 cui
1563 627 1812 696 imposita
1831 639 1936 685 est.

356 717 581 771 interim
607 715 723 786 ipse
759 724 987 785 persona
1027 715 1365 785 hypostatica
1388 725 1471 771 est
1494 727 1655 787 atque
1673 718 1937 786 absoluta,

354 808 668 862 humanitas
688 816 741 862 et
762 807 1017 860 divinitas
1042 823 1057 872 ;
1083 807 1387 877 diciturque
1406 823 1648 866 summus
1674 811 1939 880 pontifex,

352 896 530 953 factor
555 908 608 952 et
633 897 827 951 factus.

624 1004 715 1060 22.
764 1004 915 1059 Idem
951 1005 1184 1076 Cyrillus
1221 1009 1277 1063 in
1306 1010 1485 1064 eodem
1508 1010 1664 1065 libro.

430 1118 537 1173 Sed
568 1117 805 1173 fortasse
840 1128 891 1172 tu
922 1119 1098 1174 dicis:
1146 1122 1286 1191 Ergo
1320 1138 1426 1176 non
1462 1123 1725 1177 habitavit
1758 1125 1814 1179 in
1850 1116 1940 1181 illo

355 1210 634 1280 plenitudo
660 1210 910 1265 universa
945 1213 1248 1267 divinitatis
1280 1230 1536 1283 corporea
1566 1216 1797 1270 ratione.
1830 1214 1940 1271 Ve-
2014 1244 2017 1247 -

354 1317 476 1357 rum
513 1302 637 1367 hoc,
686 1302 928 1370 inquam,
979 1313 1098 1368 est;
1134 1322 1399 1373 nemoque
1439 1320 1608 1359 sacra:
1646 1305 1942 1372 Scriptura:

356 1394 707 1447 contradicit.
759 1391 868 1449 Nos
920 1404 1096 1449 tamen
1141 1396 1371 1451 dicimus
1425 1397 1546 1451 Filii
1601 1399 1939 1453 divinitatem

356 1483 502 1537 haud
548 1485 818 1539 alieno-in
860 1502 1119 1556 corpore,
1166 1489 1258 1542 scd
1305 1488 1358 1542 in
1400 1504 1498 1542 suo
1523 1490 1700 1558 potius
1744 1491 1942 1560 templo

356 1571 654 1638 habitasse,
695 1574 839 1629 velut
862 1576 914 1629 in
951 1577 1171 1631 homine
1197 1578 1400 1643 anima,
1431 1593 1549 1647 qua:
1580 1579 1932 1633 licetacarue

357 1662 894 1729 diﬂcrens,~attamen
932 1684 1039 1721 una
1071 1684 1193 1722 cum
1236 1684 1397 1724 carne
1423 1680 1672 1723 naturam
1703 1671 1941 1725 hominis

356 1752 590 1820 perficit,
610 1764 667 1809 ut
688 1756 759 1809 sit
786 1755 977 1811 Petrus
1003 1757 1081 1811 vel
1109 1759 1328 1813 Paulus.
1357 1759 1470 1813 Hoc
1501 1761 1608 1815 imo
1635 1761 1941 1816 evidentius

359 1843 414 1897 in
457 1844 675 1901 Christo
717 1855 817 1900 est.
885 1849 1069 1918 Neque
1116 1861 1293 1903 tamen
1339 1851 1539 1906 idcirco
1577 1853 1806 1906 dicimus
1849 1852 1939 1907 Dei

359 1935 596 1991 Verbum
622 1938 815 1992 animm
831 1940 1008 1996 oliicio
1028 1942 1080 1995 in
1105 1956 1331 2012 corpore
1353 1941 1619 2007 functum,
1646 1959 1762 2012 quae
1777 1946 1949 2013 pessi-

348 2040 451 2079 .nta
479 2029 861 2084 nonnullorum
891 2033 1074 2100 Opinio
1093 2041 1197 2096 est,
1222 2033 1315 2086 sed
1339 2043 1582 2087 sanctum
1609 2034 1727 2103 ejus
1751 2049 1946 2104 corpus

364 2116 698 2187 intelligente
720 2122 899 2176 anima
922 2123 1151 2179 dicimus
1177 2139 1295 2179 esse
1324 2126 1643 2182 animatum.

644 2231 737 2288 23.
784 2233 936 2288 Idem
959 2235 1189 2304 Cyrillus
1224 2237 1277 2290 in
1309 2238 1484 2291 eodem
1509 2237 1661 2293 libro.

436 2338 532 2395 Dei
555 2340 792 2397 Verbum
816 2359 945 2400 vere
971 2347 1022 2400 in
1047 2348 1301 2402 omnibus
1323 2348 1622 2415 perfectum
1645 2358 1749 2413 est,
1772 2366 1948 2421 neque

369 2430 703 2501 incremento
722 2436 942 2503 indiget.
968 2436 1161 2492 Natum
1179 2448 1359 2493 autem
1383 2440 1679 2508 perfectum
1705 2442 1770 2496 de
1792 2441 1950 2498 Patre

370 2528 474 2586 est,
506 2525 765 2592 sapientia
799 2529 863 2581 de
889 2530 1185 2597 sapientia,
1218 2532 1459 2599 potentia
1493 2533 1559 2586 de
1590 2534 1851 2599 potentia.
1887 2533 1953 2587 Et

369 2611 495 2680 quia
519 2625 710 2669 natura
742 2616 1082 2675 immutabile
1112 2632 1215 2687 est,
1244 2621 1378 2675 nihil
1406 2622 1454 2675 ei
1478 2623 1733 2692 templum
1764 2623 1817 2676 in
1844 2638 1955 2692 quo

372 2703 526 2780 stetit.
567 2707 774 2777 nocuit,
834 2710 930 2766 sed
984 2712 1282 2781 perfectam
1331 2714 1557 2769 retinuit
1607 2715 1952 2783 sapientiam.

1978 1900 2020 1955 Β

2048 632 2252 686 viribus
2288 631 2544 702 paulatim
2578 640 2754 697 aucta,
2794 634 2955 700 prout
2986 630 3240 684 humanae
3275 638 3479 682 natura:
3505 627 3632 701 jura

2048 720 2249 776 ferunt.
2288 721 2528 777 Verbum
2571 730 2749 775 autem
2801 719 2954 773 carni
2990 710 3198 772 unitum
3244 716 3503 785 paulatim
3534 730 3630 769 sa-

2048 812 2304 882 pientiam
2354 827 2508 865 suam
2553 808 2957 873 manifestahat,
3002 820 3121 875 qum
3165 807 3407 873 corporis
3450 804 3632 858 incre-

2049 912 2289 957 mentum
2312 903 2698 967 comitabatur,
2722 909 2776 955 et
2798 899 3043 970 corporis
3067 913 3124 953 se
3145 907 3365 952 staturae
3381 896 3630 950 adamus—

2047 992 2148 1047 sim
2187 995 2649 1049 accommodabat.

2312 1106 2401 1160 2i.
2449 1105 2598 1159 Idem
2631 1104 2865 1175 Cyrillus
2902 1103 2955 1156 in
2986 1102 3164 1157 eodem
3199 1103 3356 1155 libro.

2120 1215 2259 1285 Ergo
2273 1216 2337 1268 ad
2356 1216 2766 1271 similitudinem
2793 1223 3031 1270 nostram
3053 1212 3321 1281 particeps
3338 1210 3436 1264 fuit
3451 1212 3632 1266 carnis

2047 1316 2101 1364 et
2127 1309 2424 1378 sanguinis.
2447 1309 2688 1378 Cumque
2712 1317 2938 1361 mortem
2964 1307 3111 1361 carni
3135 1320 3245 1360 suae
3261 1304 3628 1373 applicuisset,

2048 1400 2331 1469 ipsamque
2374 1410 2601 1454 mortem
2661 1400 3054 1462 destruxisset,
3099 1412 3325 1466 corpora
3382 1395 3630 1450 mortalia

2049 1500 2235 1550 nostra
2264 1491 2329 1545 ad
2364 1491 2925 1560 incorruptibilitatcm
2949 1489 3184 1553 direxit,
3221 1496 3279 1542 ιιι
3310 1502 3630 1541 carneorum

2048 1584 2416 1637 membrorum
2444 1582 2696 1637 rebellem
2724 1582 2890 1652 legem
2915 1582 2985 1636 ab
3005 1595 3068 1635 ea
3095 1579 3378 1650 tyrannide
3404 1593 3507 1647 qua
3533 1592 3632 1631 nos

2050 1672 2327 1742 premebat
2351 1672 2625 1739 dejiceret.
2661 1672 2831 1726 Secus
2860 1671 3005 1725 enim
3036 1671 3143 1723 vita
3172 1668 3329 1722 morti
3358 1681 3460 1721 non
3490 1674 3634 1721 esset

2050 1764 2349 1829 dominata,
2379 1765 2485 1819 nisi
2507 1764 2745 1818 Verbum
2774 1761 3014 1817 mortalis
3036 1760 3278 1830 corporis
3298 1758 3487 1812 fuisset
3511 1772 3636 1826 par-

2052 1855 2219 1923 ticeps
2247 1873 2260 1909 :
2301 1869 2474 1923 neque
2505 1855 2630 1909 item
2659 1854 3012 1923 cupiditatum
3031 1850 3354 1905 naturalium
3385 1847 3635 1903 stimulus

2053 1956 2268 2004 retusus
2300 1944 2512 2009 fuisset,
2545 1946 2645 1999 nisi
2674 1943 2837 1998 Verbi
2864 1958 3060 2012 corpus
3090 1956 3155 1996 ex
3181 1942 3416 1996 humana
3446 1944 3633 1993 nostra

2054 2048 2246 2092 natura
2277 2046 2551 2105 sumptum
2583 2034 2797 2089 fuisset.

2242 2158 2249 2163 '
2322 2147 2415 2202 25.
2466 2146 2618 2201 Idem
2646 2144 2879 2216 Cyrillus
2912 2146 2965 2198 in
2998 2144 3175 2198 eodem
3207 2141 3367 2195 libro.

2130 2260 2425 2315 luanimem
2452 2260 2596 2314 haud
2626 2260 2856 2327 dicimus
2888 2271 3106 2312 carnem
3137 2255 3282 2308 illam
3313 2251 3490 2306 Verbo
3515 2246 3637 2301 nni-

2054 2365 2180 2417 tam,
2219 2368 2339 2420 qua:
2369 2353 2433 2405 de
2466 2354 2673 2406 semine
2708 2350 2926 2404 Davidis
2966 2356 3070 2403 est.
3105 2344 3318 2400 Nemini
3356 2343 3481 2396 item
3518 2339 3636 2410 opi-

2054 2447 2171 2498 nari
2207 2444 2333 2498 licet
2368 2445 2602 2499 Verbum
2645 2444 2843 2511 templo
2878 2457 2977 2497 suo
3010 2449 3199 2495 sancto
3240 2439 3415 2491 instar
3443 2433 3638 2487 animae

2056 2535 2473 2605 iutcllectusque
2497 2536 2686 2590 fuisse.
2720 2533 2907 2603 Neque
2937 2544 3209 2602 postremo
3251 2529 3423 2591 illum,
3451 2525 3541 2594 qui
3572 2522 3639 2578 de

2059 2629 2268 2684 semine
2297 2635 2404 2693 est,
2439 2642 2535 2698 per
2562 2642 2623 2684 se
2643 2630 2817 2683 solum
2848 2625 3121 2698 appellare
3156 2621 3349 2677 Filium
3382 2618 3637 2675 solemus.

1979 2838 2068 2897 Ν.

981 2988 1047 3027 EX
1077 2987 1248 3028 LIBRIS
1274 2989 1479 3030 CONTRA
1517 2989 1834 3031 THEODORUM
1870 2991 2278 3034 MOPSUESTENUM
2305 2995 2374 3034 ΕΤ
2405 2994 2671 3035 ΒΙΟΒΟΒΗΜ
2705 2992 3021 3034 TARSENSEM.

376 3102 427 3158 Ι.
464 3105 676 3162 Sanctia
713 3112 979 3165 memoria:
1016 3112 1131 3183 '(l)”
1159 3112 1348 3182 Cyrilli
1389 3131 1453 3168 ea:
1482 3115 1652 3183 primo
1682 3116 1819 3171 libro
1853 3132 1942 3170 eo-
1977 3126 2020 3183 α
2068 3121 2289 3172 verbum
2342 3128 2567 3171 vocatur
2616 3117 2799 3180 homo,
2853 3128 2958 3168 non
2990 3121 3075 3166 est
3110 3108 3285 3164 factus
3329 3107 3490 3160 homo
3523 3113 3640 3155 ma-

596 3194 714 3231 rum
744 3195 874 3250 quos
894 3193 1077 3235 contra
1101 3182 1427 3238 Theodorum
1453 3182 1684 3253 scripsit.

993 3310 1334 3351 TIIEODORUS.

444 3406 505 3463 Si
533 3408 649 3479 quis
686 3409 807 3462 velit
830 3409 1040 3463 abusive
1063 3418 1112 3464 et
1153 3407 1352 3463 Filium
1381 3409 1479 3463 Dei
1514 3408 1682 3464 Deum
1722 3408 1950 3465 Verbum

374 3497 546 3565 ﬁlium
577 3498 746 3551 Dauid
784 3500 1080 3563 nominare,
1118 3508 1332 3569 propter
1369 3499 1464 3553 Dei
1510 3498 1667 3554 Verbi
1705 3499 1954 3569 templum

374 3593 512 3658 quod
540 3605 604 3642 ea:
638 3588 810 3643 David
834 3600 909 3643 est
934 3631 949 3653 ,
988 3594 1218 3644 nominet
1243 3630 1257 3655 ,
1281 3600 1329 3644 et
1362 3590 1514 3645 illum
1550 3594 1640 3659 qui
1663 3599 1740 3645 est
1775 3607 1839 3645 ea:
1868 3608 1954 3645 se-

376 3679 514 3733 mine
540 3678 731 3745 David,
762 3678 959 3733 Filium
986 3680 1103 3745 Dei,
1143 3684 1315 3751 gratia
1347 3699 1450 3736 non
1490 3690 1685 3736 natura
1713 3682 1955 3750 appellet,

379 3770 644 3823 naturales
676 3778 854 3838 patres
891 3788 993 3824 non
1032 3772 1307 3842 ignorans,
1360 3787 1522 3841 neque
1558 3773 1796 3826 ordinem
1827 3772 1955 3825 sub-

379 3869 576 3915 t'ertens
600 3874 618 3911 :
651 3876 813 3929 neque
842 3876 959 3913 eum
998 3863 1090 3930 qui
1121 3862 1467 3931 incorporalis
1507 3873 1605 3926 est,
1641 3865 1805 3916 etiam
1840 3878 1959 3914 cor.-

377 3970 473 4019 pus
508 3952 724 4015 dicens;
770 3960 819 4004 et
854 3961 976 4004 ante
999 3950 1197 4004 stet-ala
1225 3968 1289 4005 ex
1324 3952 1452 4016 Deo,
1485 3962 1533 4005 et
1573 3968 1636 4006 ea:
1664 3951 1860 4015 David,
1908 3960 1956 4003 et

377 4059 609 4112 passum,
650 4052 701 4096 et
750 4042 1115 4111 impassibile;
1164 4059 1374 4109 corpus,
1423 4058 1527 4095 non
1574 4054 1648 4096 est
1713 4043 1961 4109 incorpo-

383 4135 530 4200 rale;
567 4135 705 4205 quod
753 4145 828 4189 est
871 4136 1142 4198 deorsum,
1187 4150 1291 4188 non
1346 4143 1420 4187 est
1473 4134 1790 4196 desursum;
1821 4131 1959 4203 quod

380 4238 459 4284 est
506 4240 627 4284 ante
673 4228 891 4293 saecula,
948 4244 1051 4299 non
1100 4236 1175 4280 est
1219 4242 1283 4280 ea:
1332 4226 1532 4280 semine
1576 4223 1961 4295 David;un

382 4336 597 4390 passum
652 4330 751 4388 est,
791 4335 894 4373 non
937 4329 1013 4374 est
1059 4319 1399 4387 impossibile.
1444 4316 1555 4371 Nec
1587 4317 1725 4371 enim
1750 4316 1856 4370 ista
1888 4315 1958 4368 ad

382 4414 622 4467 eumdem
648 4412 965 4466 intellectum
999 4411 1373 4464 obvertuntur:
1406 4424 1524 4477 qua:
1546 4417 1667 4461 sum
1692 4408 1953 4478 corporis,

385 4520 487 4558 non
537 4511 655 4556 sunt
690 4500 789 4555 Dei
836 4498 992 4554 Verbi
1022 4516 1040 4553 :
1081 4508 1129 4554 et
1192 4513 1309 4570 qua:
1341 4506 1465 4552 sunt
1499 4497 1597 4551 Dei
1638 4496 1795 4551 Verbi
1833 4515 1959 4567 pro-
1996 4480 2042 4538 ί)

384 4596 522 4664 pria,
572 4611 678 4648 non
723 4593 913 4647 habent
946 4607 1157 4660 corpus.
1204 4588 1447 4642 Naturas
1487 4588 1855 4658 conﬁteantur,
1914 4598 1963 4643 et

387 4687 805 4758 rlispeusatioues
845 4700 949 4739 non
983 4683 1323 4752 abnegemus.

1036 4808 1317 4851 CYRILLUS.

458 4914 559 4981 Qui
600 4912 730 4968 dicit
759 4917 1013 4981 oportere
1043 4924 1153 4963 non
1194 4905 1473 4977 abnegari
1500 4904 1959 4977 dispensationes,

389 5004 748 5059 humanitatis
783 5000 1101 5072 mysterium
1132 4999 1354 5054 omnino
1373 4997 1639 5053 eradicat.
1676 4996 1964 5053 Praesumit

390 5096 537 5151 enim
566 5094 768 5159 dicere,
805 5093 947 5163 quod
980 5106 1155 5161 neque
1186 5089 1361 5145 factus
1396 5098 1480 5146 est
1510 5091 1674 5146 homo
1710 5090 1967 5160 unigeni-

394 5198 480 5243 tus
512 5187 604 5241 Dei
638 5185 871 5240 Verbum
893 5226 909 5251 ,
963 5198 1139 5253 neque
1166 5198 1233 5237 ex
1267 5182 1473 5237 semine
1508 5182 1759 5251 apparuit
1789 5181 1966 5236 sancti

393 5278 562 5333 David
599 5297 613 5333 :
655 5276 752 5331 sed
793 5276 1026 5330 ﬁliorum
1057 5274 1355 5330 introducit
1381 5285 1569 5343 aperte
1622 5272 1965 5337 dualitatem,

394 5368 713 5438 inaequalem
762 5373 1010 5421 naturam
1064 5375 1119 5423 et
1171 5366 1361 5420 falsam
1393 5365 1632 5419 nomine.
1680 5364 1794 5418 Hoc
1822 5361 1966 5418 enim

395 5461 537 5530 quod
591 5460 812 5515 abusive
862 5458 1082 5524 dicitur,
1136 5457 1450 5513 omnimodo
1488 5456 1729 5511 ostendit
1780 5455 1969 5523 utique

395 5556 537 5622 quod
583 5568 712 5607 vere
755 5566 861 5606 non
908 5560 993 5606 est
1045 5551 1150 5604 hoc
1205 5551 1348 5621 quod
1390 5549 1636 5604 dicitur:
1691 5556 1970 5603 mutuatur

396 5644 541 5700 enim
587 5644 811 5698 alterius
859 5642 1293 5713 appellationem.
1336 5642 1479 5714 Ergo
1512 5642 1566 5698 si
1605 5640 1828 5699 abusive
1872 5637 1969 5695 Dei

472 5818 549 5891 (l)
584 5819 776 5885 Mansi,
802 5819 1028 5885 Coucil.,
1074 5827 1112 5874 t.
1144 5817 1238 5885 1X,
1275 5832 1329 5888 p.
1357 5817 1488 5873 250.

2058 3208 2271 3264 nifeste.
2310 3208 2367 3263 Si
2399 3208 2624 3262 abusive
2651 3207 2823 3261 Filius
2848 3214 2901 3258 et
2928 3204 3072 3257 Deus
3099 3201 3188 3255 ille
3212 3199 3303 3268 qui
3331 3212 3394 3251 ex
3424 3193 3636 3249 semine

2056 3309 2139 3354 est
2162 3298 2354 3363 David,
2386 3312 2560 3366 neque
2600 3297 2739 3350 Deus
2774 3309 2949 3363 neque
2980 3291 3148 3345 Filius
3170 3297 3360 3342 natura
3394 3290 3448 3337 et
3480 3280 3627 3335 veri-

2058 3405 2172 3451 tate
2203 3404 2306 3450 est;
2341 3393 2495 3447 Falsa
2520 3392 2686 3458 igitur
2726 3392 2777 3445 in
2807 3401 3036 3456 utroque
3067 3386 3183 3440 haec
3224 3376 3549 3450 appellatio,
3585 3380 3640 3427 et

2057 3487 2171 3554 ipsa
2204 3499 2289 3539 res
2313 3498 2433 3538 esse
2461 3484 2658 3535 merito
2689 3480 3012 3549 intelligitur
3046 3497 3057 3531 :
3092 3483 3319 3542 uterque
3347 3467 3497 3524 enim
3534 3465 3642 3519 hoc

2060 3577 2391 3641 nominatur,
2422 3560 2697 3645 quodnon
2734 3579 2836 3651 est.

2565 3686 2622 3740 2.
2660 3682 2742 3738 Ea:
2770 3683 2949 3738 eodem
2983 3678 3138 3732 libro.

2685 3809 3023 3852 TIIEODORUS.

2131 3917 2199 3971 Et
2227 3916 2464 3970 convenit
2507 3928 2595 3979 eos
2648 3911 2737 3980 qui
2788 3909 2913 3961 bene
2941 3905 3181 3974 sapiunt,
3220 3896 3645 3970 quandoquidem

2059 4008 2327 4062 naturales
2367 4016 2543 4075 patres
2595 4001 2898 4072 quaerimus,
2948 4011 3110 4065 neque
3164 3994 3331 4047 Deum
3398 3987 3646 4053 Verbum,

2060 4101 2229 4155 David
2277 4100 2354 4153 uel
2406 4097 2633 4171 Abrahaz
2677 4094 2850 4164 ﬁlium
2878 4090 3174 4153 nominare,
3214 4085 3303 4140 sed
3333 4083 3642 4152 factorem:

2061 4208 2223 4261 neque
2270 4207 2459 4259 corpus
2518 4196 2641 4242 ante
2685 4185 2881 4241 stecula
2941 4198 3006 4237 ex
3056 4179 3257 4241 Patre,
3317 4177 3406 4231 sed
3471 4188 3648 4229 semen

2060 4283 2287 4337 Abrahae
2334 4292 2383 4336 et
2434 4280 2608 4335 David
2637 4294 2702 4333 ex
2737 4276 2912 4332 Maria
2947 4284 3154 4331 natum.
3196 4269 3264 4324 Et
3294 4286 3414 4323 cum
3446 4269 3511 4322 de
3544 4282 3645 4321 nrt-

2064 4375 2326 4430 turalibus
2385 4372 2750 4430 nativitatibus
2795 4370 2861 4425 sit
2897 4368 3056 4433 ratio,
3091 4378 3253 4433 neque
3282 4360 3472 4414 Mariae
3500 4358 3647 4427 ﬁlius

2069 4467 2211 4522 Deus
2240 4483 2350 4523 esse
2388 4464 2613 4521 Verbum
2638 4462 2995 4518 existimetur.
3041 4456 3289 4512 Mortalis
3334 4453 3471 4507 enim
3504 4465 3647 4503 mor—

2076 4555 2234 4610 talem
2282 4564 2495 4625 generat
2542 4552 2825 4607 secundum
2865 4557 3135 4607 naturam,
3182 4553 3229 4597 et
3270 4556 3480 4608 corpus,
3508 4536 3649 4608 quod

2074 4649 2175 4704 sibi
2202 4647 2374 4702 simile
2411 4653 2508 4701 est.
2550 4643 2697 4698 Duas
2738 4640 3041 4695 nativitates
3073 4636 3218 4691 Deus
3276 4631 3502 4687 Verbum
3543 4644 3648 4682 non

2074 4740 2349 4804 sustinuit,
2377 4753 2536 4792 unam
2564 4736 2774 4805 quidem
2812 4741 2935 4787 ante
2961 4729 3183 4794 stecula,
3215 4726 3438 4787 alterum
3469 4731 3649 4776 autem

2076 4832 2128 4885 in
2158 4831 2359 4885 ultimis
2399 4825 2714 4897 temporibus
2740 4839 2761 4878 :
2790 4824 2880 4879 sed
2916 4837 2980 4876 ex
3010 4819 3175 4873 Patre
3204 4814 3417 4887 quidem
3452 4824 3650 4866 natura

2069 4924 2273 4994 genitus
2305 4930 2400 4987 est,
2441 4919 2689 4987 templum
2722 4931 2843 4970 vero
2865 4913 3005 4985 quod
3028 4928 3094 4967 ea;
3128 4910 3305 4963 Maria
3341 4916 3527 4961 natum
3546 4912 3646 4970 est,

2071 5032 2135 5070 ea:
2158 5014 2272 5085 ipso
2300 5024 2446 5067 utero
2478 5011 2580 5066 sibi
2605 5006 2905 5079 fabricavit.

2715 5132 2995 5173 CVRILLUS-

2145 5236 2200 5290 5.
2249 5234 2450 5289 Deinde
2508 5234 2675 5288 breve
2733 5231 3056 5302 procedens,
3097 5238 3151 5283 ct
3179 5224 3506 5298 quibusdam
3554 5237 3652 5292 per

2077 5328 2317 5382 medium
2356 5323 2697 5393 interpositis
2734 5325 2928 5377 iterum
2962 5320 3131 5373 dixit:

2703 5445 3041 5491 THEODORUS.

2149 5549 2280 5604 Cum
2318 5565 2441 5604 vero
2465 5550 2529 5604 de
2557 5548 2784 5604 salutari
2810 5542 3197 5614 dispensatione
3228 5541 3366 5593 ratio
3393 5546 3647 5601 movetur,

2077 5648 2124 5695 et
2155 5637 2292 5693 Deus
2327 5648 2540 5693 uocetur
2565 5637 2741 5704 homo,
2787 5650 2889 5689 non
2926 5630 3065 5703 quod
3095 5631 3191 5683 hoc
3217 5627 3392 5698 [actus
3422 5634 3522 5693 est,
3563 5625 3652 5681 sed
