4076 6444
530 440 665 495 1459

1510 435 1567 489 s.
1608 416 2392 490 cvutLu'AtaxmnmNt
2434 426 2762 485 menter.

3625 435 3749 494 illi)

526 557 664 626 quod
711 553 803 607 hoc
844 553 1126 619 assumpsit
1158 567 1175 605 :
1214 563 1260 606 et
1311 551 1465 603 homo
1502 550 1664 614 Deus,
1710 565 1813 601 non
1847 556 2099 615 tanquam
2130 561 2177 615 Α
2207 548 2326 600 dem
2372 559 2551 614 neque
2589 543 2786 598 Filium
2814 557 3026 608 verum,
3054 559 3230 614 neque
3261 544 3424 601 Deum
3454 563 3567 603 esse
3593 551 3748 611 dicis:

529 643 1090 713 incircumscriptibilis
1116 642 1313 711 factus,
1345 657 1436 694 nec
1459 641 1647 709 ubique
1670 639 1963 702 exsistens;
1992 652 2102 689 cor-

528 752 633 798 pus
671 735 806 788 enim
858 744 968 787 erat
1007 743 1054 787 et
1087 742 1199 801 post
1241 734 1677 786 resurrectionem
1717 727 2004 798 palpabile,
2056 737 2107 781 et

529 834 634 875 tate
668 831 929 889 receptum
971 831 1044 876 est
1087 822 1142 875 in
1189 820 1400 887 uelum,
1438 829 1487 875 et
1533 819 1608 874 sic
1644 820 1805 873 veniet
1850 818 1984 871 sicut
2017 832 2100 870 re-

529 920 735 978 ceptum
760 920 859 964 est.
1766 948 1791 973 ς

1175 1036 1450 1077 ςῑκιιωε.

603 1130 744 1185 Ecce
790 1129 947 1198 plane
979 1138 1032 1185 et
1073 1130 1352 1184 evidenter
1380 1138 1573 1185 contra
1602 1129 1841 1184 divinam
1885 1127 2105 1198 quidem

538 1222 705 1277 fertur
743 1222 1121 1291 Scripturam;
1176 1223 1433 1290 reprobat
1486 1237 1615 1276 vero
1656 1221 1855 1276 Christi
1914 1226 2113 1290 myste-

537 1315 698 1381 rium,
739 1324 793 1369 et
834 1316 988 1384 quasi
1025 1314 1262 1382 increpat
1308 1312 1474 1367 Deum
1504 1311 1768 1378 Verbum,
1806 1311 1951 1381 qttod
1985 1325 2110 1379 pro-

535 1412 655 1473 pter
685 1419 784 1458 nos
812 1404 1239 1459 exinanitionem
1267 1405 1377 1472 pati
1408 1403 1578 1458 voluit
1612 1420 1629 1470 ;
1679 1411 1734 1456 et
1761 1401 1903 1470 quod
1936 1401 2113 1454 factus

534 1505 621 1547 est
654 1494 835 1557 homo,
871 1493 1201 1548 contristare
1241 1494 1473 1548 videtur.
1510 1492 1777 1547 lnterimit
1809 1491 1954 1546 enim
1996 1505 2114 1544 om-

534 1586 1195 1650 nino-humanationem,
1240 1595 1296 1640 et
1337 1585 1602 1640 adversus
1651 1582 1975 1637 ineffabilem
2027 1597 2116 1635 sa-

536 1678 797 1746 pientiam
837 1678 1050 1732 extollit
1090 1693 1175 1740 se,
1231 1691 1371 1746 pene
1413 1674 1843 1731 dicensludaice
1871 1674 2114 1728 omnium

536 1777 787 1823 nostrum
828 1767 1096 1822 Salvatori
1145 1768 1366 1822 Christo
1398 1784 1411 1821 :
1462 1785 1482 1818 s
1530 1766 1605 1821 De
1636 1766 1776 1820 bono
1814 1777 1978 1834 Opere
2010 1779 2114 1818 non

539 1868 591 1912 te
624 1858 946 1926 lapidamus,
977 1859 1070 1912 sed
1102 1861 1166 1913 de
1204 1858 1561 1928 blasphemia,
1589 1857 1731 1928 quod
1759 1867 1835 1923 tu,
1875 1872 2000 1911 cum
2040 1856 2118 1911 sis

538 1946 730 2013 homo,
756 1947 888 2001 facis
925 1956 975 2002 te
1011 1948 1176 2001 Deum
1214 1949 1303 2001 ¹⁷⁶.
1342 1967 1360 1999 ι
1401 1948 1601 2002 Audiat
1641 1946 1805 2017 igitur
1836 1947 2112 2000 dicentem
2147 1944 2189 1999 Β

539 2046 726 2106 aperte
757 2052 772 2090 :
799 2054 819 2088 ι
861 2037 915 2092 Si
962 2038 1126 2108 igitur
1169 2053 1275 2092 non
1314 2038 1454 2093 facio
1482 2053 1645 2107 opera
1679 2037 1860 2092 Patris
1891 2038 2016 2101 mei,
2045 2051 2113 2091 ne

539 2130 671 2183 mihi
702 2130 939 2195 credite;
1004 2130 1047 2184 si
1085 2145 1210 2185 vero
1239 2129 1403 2194 facio,
1456 2130 1584 2185 licet
1623 2130 1753 2184 tnihi
1783 2128 2101 2184 noucreda-

541 2219 630 2283 tis,
678 2221 931 2289 cperihus
977 2222 1114 2275 meis
1156 2222 1360 2276 credite
1396 2221 1463 2276 ¹⁸.
1512 2239 1531 2272 s
1585 2220 1719 2275 Cum
1760 2222 1904 2275 enim
1949 2220 2117 2275 sciret

537 2313 684 2382 quod
724 2313 906 2367 divina
950 2313 1150 2367 virtute
1186 2320 1240 2366 et
1282 2322 1550 2379 potestate
1584 2313 1859 2376 utebatur,
1895 2321 1948 2365 et
1990 2325 2114 2364 cum

536 2404 878 2471 apparuisset
913 2404 1076 2459 homo
1104 2404 1194 2457 Dei
1220 2401 1479 2466 Verbum,
1524 2401 1757 2472 abnegat
1785 2403 1959 2471 ipsum
1992 2413 2115 2455 esse

538 2493 731 2559 Deum,
764 2504 817 2547 et
852 2494 904 2548 in
938 2494 1156 2548 homine
1188 2494 1360 2562 magis
1383 2492 1655 2548 habitasse
1688 2493 1821 2547 dicit
1849 2507 1997 2556 eum,
2047 2501 2108 2546 ut

541 2581 637 2638 Dei
670 2584 906 2637 Verbum
940 2584 1098 2638 nobis
1122 2583 1391 2636 hominem
1438 2584 1749 2639 ostenderet
1778 2583 2111 2637 adorandum

540 2683 597 2731 et
633 2689 764 2743 pura
791 2674 1009 2729 deitatis
1036 2674 1407 2730 nominatione
1436 2676 1783 2732 honoratum.
1817 2674 2116 2730 Convictus

544 2764 710 2835 igitur
768 2774 851 2821 est
904 2764 1184 2837 ignorasse
1246 2766 1469 2822 omnino
1535 2767 1792 2823 virtutem
1866 2767 2113 2837 mysterii

544 2856 770 2913 Christi.

1045 2972 1102 3028 4.
1133 2971 1219 3026 Ea;
1255 2971 1433 3026 eodem
1464 2971 1624 3026 libro.

1170 3101 1503 3141 THEODORUS.

619 3195 724 3250 Sed
768 3198 814 3250 si
861 3213 1006 3259 caro,
1051 3197 1198 3262 dicit,
1253 3207 1365 3253 erat
1414 3214 1532 3269 qua:
1573 3199 1831 3268 cruci/ira
1864 3210 1962 3263 est,
1988 3214 2122 3268 quo-

545 3287 703 3343 modo
748 3290 827 3343 sol
872 3290 1054 3343 radios
1102 3290 1309 3353 avertit,
1360 3300 1406 3344 et
1462 3292 1688 3344 tenebra'
1743 3300 2122 3359 occupaverunt
2150 3298 2193 3355 C

548 3389 711 3433 totam
757 3382 1045 3447 terramget
1070 3390 1221 3434 terrm
1240 3392 1432 3446 motus,
1474 3391 1523 3435 et
1552 3392 1714 3450 petrte
1755 3383 2125 3449 dirumpebau-

549 3481 658 3536 tur,
687 3481 734 3525 et
774 3473 968 3525 mortui
1007 3473 1345 3541 resurgebant
1379 3473 1467 3527 "‘t
1497 3474 1638 3538 Quid
1671 3474 1833 3543 igitur
1856 3475 2040 3526 dicunt
2075 3482 2125 3527 et

548 3562 615 3617 de
653 3564 877 3617 tenebris
899 3566 952 3617 in
1001 3564 1237 3635 [Egypto
1284 3565 1442 3630 factis
1495 3568 1591 3620 sub
1635 3576 1866 3633 tempore
1917 3567 2125 3622 Musis:

548 3670 655 3707 non
702 3656 756 3707 in
800 3656 971 3708 tribus
1007 3656 1189 3719 horis,
1218 3659 1307 3708 sed
1342 3657 1395 3708 in
1425 3656 1594 3708 tribus
1633 3656 1816 3710 diebus
1847 3657 1941 3710 ὀἳ
1978 3656 2125 3721 Quid

549 3757 669 3795 vero
698 3741 762 3794 de
795 3742 920 3794 aliis
949 3757 1041 3808 per
1074 3740 1258 3795 Mosen
1289 3742 1450 3811 [actis
1481 3736 1754 3797 miraculis
1779 3784 1794 3809 ,
1835 3754 1883 3798 et
1914 3761 2008 3812 per
2034 3743 2129 3799 Je-

550 3848 667 3884 sunt
696 3831 862 3899 Nave,
910 3833 1000 3903 qui
1038 3833 1201 3887 solem
1241 3845 1382 3888 stare
1410 3834 1538 3904 fecit
1562 3835 1629 3899 “,
1654 3836 1746 3905 qui
1778 3836 1857 3889 sol
1884 3837 1978 3889 sub
2013 3852 2129 3905 rege

553 3918 784 3974 Ezechia
814 3928 862 3973 et
888 3930 1082 3989 prwter
1110 3931 1363 3975 naturam
1393 3932 1713 3977 retroversus
1737 3933 1809 3977 est
1841 3925 1886 3955 "
1913 3925 1938 3977 Τ
1966 3921 2029 3976 Et
2065 3926 2129 3979 de

552 4011 741 4067 Eliswi
770 4013 1045 4085 reliquiis,
1087 4030 1205 4082 qua:
1257 4025 1530 4067 mortuum
1580 4018 2023 4069 resuscitaverunt
2050 4017 2131 4069 "‘l

553 4106 614 4159 Si
650 4106 790 4158 enim
836 4105 1001 4159 Deum
1038 4104 1257 4159 Verbum
1297 4123 1507 4174 passum
1544 4123 1655 4161 esse
1685 4108 1985 4173 ostendunt,
2014 4125 2131 4179 qua

554 4195 612 4248 in
663 4204 894 4263 tempore
931 4196 1103 4249 crucis
1144 4196 1289 4265 facta
1324 4206 1480 4262 sunt,
1524 4208 1572 4251 et
1622 4209 1832 4266 propter
1872 4199 2132 4253 hominem

557 4300 665 4338 non
715 4286 1000 4339 concedant
1048 4302 1111 4341 ea
1156 4287 1301 4356 facta
1350 4303 1507 4342 esse:
1538 4298 1586 4343 et
1619 4305 1737 4359 qua
1761 4291 1856 4343 sub
1904 4299 2133 4360 tempore

559 4376 728 4431 Hosis
768 4388 982 4447 propter
1020 4395 1184 4450 genus
1230 4380 1478 4447 Abrahae,
1525 4390 1573 4435 et
1618 4397 1737 4451 qua
1774 4383 1870 4434 sub
1903 4392 2133 4451 tempore

556 4468 687 4523 Jesu
729 4467 877 4522 Nave
914 4479 962 4523 et
1012 4469 1258 4525 Ezechiae
1285 4471 1422 4540 regis
1449 4487 1551 4525 non
1585 4480 1761 4526 erunt.
1803 4470 1862 4525 Si
1892 4488 2010 4526 vero
2035 4473 2135 4526 illa

554 4569 770 4630 propter
803 4561 1117 4616 Judteorum
1173 4562 1426 4632 populum
1469 4565 1739 4617 miracula
1784 4564 1931 4632 facta
1983 4574 2130 4629 sunt,

556 4651 726 4705 multo
767 4652 934 4723 magis
972 4667 1090 4723 quia
1133 4654 1192 4707 in
1232 4668 1386 4708 cruce
1422 4661 1635 4724 propter
1673 4652 1774 4708 Dei
1815 4651 1968 4708 Verbi
2004 4662 2135 4708 tem-

555 4741 723 4810 plum.

1206 4874 1486 4917 οῐιιιιιυε.

634 5004 655 5040 s
685 4985 1057 5056 Stupcl‘actum
1095 4998 1179 5045 est
1217 4991 1413 5047 cmlum
1458 5006 1623 5061 super
1669 4990 1793 5059 hoc,
1823 5001 1879 5048 et
1903 4999 2130 5048 contre-

558 5078 698 5133 muit
742 5077 972 5146 amplius
1016 5080 1382 5148 vehementer,
1436 5082 1567 5136 dicit
1610 5082 1869 5138 Dominus
1902 5084 1971 5140 ”.
2009 5101 2028 5136 ι
2088 5080 2134 5139 0

559 5167 961 5223 intolerabilem
999 5170 1433 5240 malignitatem!
1474 5174 1779 5243 Oliuguam
1821 5174 2134 5244 loquentem

561 5255 907 5328 iniquitatem
937 5260 1199 5316 adversus
1225 5260 1415 5328 Deum,
1451 5272 1506 5317 et
1537 5274 1767 5318 mentem
1801 5264 1854 5319 in
1889 5263 2134 5318 altitudi-

562 5365 685 5405 nem
727 5364 898 5405 cornu
946 5353 1334 5408 extollentem!
1388 5351 1585 5408 Parum
1613 5369 1736 5409 esse
1793 5356 1886 5410 tibi
1925 5356 2138 5410 videtur

564 5440 785 5496 aﬂixum
814 5457 938 5499 esse
967 5443 1111 5515 ligno
1145 5444 1431 5501 Dominum
1462 5445 1684 5516 gloriae?
1718 5446 1885 5513 Quem
1917 5456 1970 5501 tu
2008 5447 2133 5515 qui-

640 5591 1113 5668 ""_J_oan_._x,‘5_5.
1189 5599 1232 5632 ⁸⁸
1259 5598 1389 5653 ibid.
1423 5599 1512 5668 37,
1543 5599 1631 5654 38.
1710 5600 1751 5630 "
1776 5599 1961 5657 Matth.
1982 5602 2151 5665 xxvii,
2181 5599 2372 5656 51-55.

572 5679 668 5727 xx,
704 5663 796 5719 10.
870 5666 1008 5721 “IV
1036 5666 1169 5738 Reg.
1209 5683 1329 5732 xm,
1364 5670 1455 5723 2|.

652 5818 733 5889 (i)
766 5818 839 5873 Al.
884 5836 1020 5889 eam,
1049 5821 1169 5878 scil.
1196 5822 1447 5893 gratiam.
1483 5822 1653 5879 lituo.

2208 650 2307 689 nos
2334 643 2511 689 autem
2547 634 2842 700 credimus,
2884 637 3028 703 quod
3056 646 3136 691 est
3166 651 3292 692 vere
3333 638 3496 693 Filius
3523 650 3573 693 et
3604 641 3749 711 Deus,

2209 735 2424 780 creator
2450 735 2505 780 et
2538 725 2719 794 opifex
2746 727 3010 782 omnium.
3069 726 3255 797 Neque
3304 730 3444 783 enim
3476 742 3586 787 erat
3611 735 3754 790 homo

2210 818 2549 886 simpliciter,
2598 818 2692 872 sed
2729 819 2784 872 in
2816 819 2998 888 specie
3030 819 3290 885 humana,
3328 822 3418 890 qui
3462 833 3542 876 est
3565 839 3627 877 ex
3664 827 3758 880 Deo

2212 907 2371 961 Patre
2402 907 2542 962 Deus
2566 906 2844 962 Verbum:
2889 924 2993 962 non
3034 909 3440 963 translationem
3484 913 3563 964 vel
3604 924 3759 966 muta-

2215 998 2438 1065 tionem,
2463 1015 2584 1067 qua:
2615 1009 2700 1054 est
2721 1000 2777 1054 in
2810 1014 2975 1054 carne
3009 1015 3223 1069 passus,
3257 1001 3438 1055 unitus
3462 1017 3585 1056 vero
3608 1006 3761 1074 magis

2214 1086 2262 1141 ei
2298 1090 2594 1142 secundum
2643 1088 2803 1143 iidem
2840 1104 3121 1143 sacrarum
3164 1088 3511 1144 Litterarum.
3556 1090 3653 1146 Iste
3678 1096 3756 1163 qui

2215 1181 2270 1234 in
2301 1195 2466 1234 carne
2502 1195 2711 1247 passus,
2745 1190 2797 1233 et
2827 1196 3126 1250 suspensus
3154 1182 3206 1235 in
3235 1181 3380 1252 ligno
3399 1191 3500 1247 est,
3522 1184 3760 1237 miracula

2217 1271 2346 1327 fecit
2369 1272 2422 1325 in
2454 1271 2711 1343 Egypto‘,
2750 1273 2803 1326 in
2851 1273 3110 1328 omnibus
3133 1288 3231 1343 per
3268 1273 3565 1344 sapientem
3597 1273 3761 1330 Mosen

2216 1380 2369 1420 suam
2396 1364 2624 1436 gloriam
2660 1365 3040 1421 manifestans.

2719 1476 2775 1531 5.
2810 1474 2897 1529 Ea:
2924 1477 3105 1530 eodem
3130 1476 3287 1532 libro.

2846 1604 3184 1645 THEODOBUS.

2289 1698 2478 1753 Gratia
2526 1698 2734 1764 Filius,
2775 1701 2867 1766 qui
2905 1717 2969 1754 ex
3022 1701 3202 1755 Maria
3245 1711 3321 1755 est
3381 1702 3551 1769 homo,
3596 1711 3771 1756 natura

2218 1806 2338 1846 vero
2362 1790 2500 1844 Deus
2536 1788 2782 1845 Verbum.
2813 1790 2966 1855 Quod
3006 1807 3126 1845 vero
3158 1800 3232 1846 est
3265 1792 3570 1861 gratia,non
3594 1802 3769 1845 natura

2219 1893 2293 1937 est
2325 1897 2344 1936 :
2378 1891 2428 1936 et
2457 1883 2597 1953 quod
2627 1892 2705 1937 est
2738 1894 2959 1948 natura,
3014 1900 3116 1937 non
3144 1886 3344 1953 gratia,
3387 1900 3490 1937 non
3524 1886 3623 1937 duo
3659 1885 3769 1953 filii.

2218 1972 2450 2043 Sufficiat
2472 1974 2678 2041 corpori
2725 1974 2864 2044 quod
2898 1990 2963 2027 ea:
3003 1976 3151 2027 nobis
3196 1984 3296 2039 est,
3341 1976 3619 2029 secundum
3661 1991 3772 2043 gra-

2220 2063 2350 2115 tiam
2391 2060 2605 2129 ﬁliatio,
2664 2062 2874 2130 gloria,
2933 2061 3309 2116 immortalitas
3336 2102 3354 2129 ,
3403 2078 3503 2132 quo
3547 2062 3775 2130 templum

2219 2153 2318 2208 Dei
2359 2151 2509 2207 Verbi
2541 2154 2739 2221 factum
2772 2163 2890 2208 est:
2927 2169 3029 2206 non
3071 2170 3233 2221 supra
3266 2166 3511 2207 naturam
3538 2152 3768 2216 elevetur,

2220 2254 2269 2297 et
2296 2242 2437 2297 Deus
2475 2241 2697 2295 Verbum
2724 2258 2818 2311 pro
2842 2243 3015 2296 debita
3045 2260 3079 2296 a
3119 2244 3266 2295 nobis
3295 2246 3593 2312 gratiarum
3627 2242 3774 2294 actio-

2223 2350 2287 2389 ne
2317 2350 2418 2388 non
2456 2336 2760 2403 injurietur.
2809 2332 2875 2387 Et
2919 2351 3039 2404 qute
3077 2345 3154 2388 est
3195 2336 3399 2402 iniuria
3428 2336 3452 2388 7
3477 2334 3781 2403 Componere

2222 2424 2398 2491 ipsum
2440 2440 2557 2476 cum
2604 2440 2842 2492 corpore,
2898 2435 2946 2476 et
3009 2434 3194 2491 putare
3247 2439 3367 2476 eum
3413 2425 3482 2476 ad
3516 2422 3781 2491 perfectam

2223 2515 2541 2584 ﬁliationem
2573 2515 2807 2584 corporis
2839 2515 3092 2584 indigere.
3125 2513 3310 2583 Neque
3342 2516 3454 2583 ipse
3483 2515 3617 2567 Deus
3664 2511 3777 2566 Ver-

2225 2606 2347 2658 bum
2381 2603 2488 2657 vult
2517 2604 2742 2672 seipsum
2789 2602 2991 2657 Filium
3024 2604 3191 2658 David
3222 2620 3355 2669 esse,
3380 2607 3474 2659 sed
3501 2603 3787 2659 Dominus:

2225 2712 2414 2764 corpus
2457 2712 2576 2750 vero
2626 2698 2802 2750 vocari
2849 2696 3021 2766 ﬁlium
3062 2697 3270 2761 David,
3327 2714 3441 2752 non
3499 2696 3658 2754 totum
3695 2711 3790 2750 nou

2226 2791 2446 2855 invidit,
2478 2789 2569 2844 sed
2591 2792 2750 2844 etiam
2781 2799 2991 2859 propter
3018 2789 3119 2843 ltoc
3150 2790 3417 2860 pervenit.

2878 2935 3159 2977 οπωιιυε.

2300 3055 2443 3127 Ergo
2489 3056 2747 3127 quoniam
2798 3057 2939 3126 quod
2992 3065 3078 3112 est
3129 3056 3329 3127 gratia,
3358 3072 3467 3113 non
3496 3065 3707 3123 natura,
3737 3063 3788 3111 et

2230 3149 2372 3218 quod
2406 3158 2492 3202 est
2532 3157 2749 3213 natura,
2779 3165 2884 3202 non
2912 3148 3083 3218 gratia
3106 3190 3121 3215 ,
3156 3163 3263 3203 non
3294 3159 3427 3204 sunt
3450 3148 3542 3203 filii
3579 3149 3682 3204 duo
3706 3161 3786 3202 se-

2232 3241 2465 3295 cundum
2498 3248 2642 3294 tuam
2682 3242 2968 3296 rationem.
3003 3240 3104 3306 Qui
3145 3240 3319 3310 gratia
3362 3241 3580 3309 quidem
3608 3246 3663 3292 et
3688 3251 3788 3292 non

2231 3343 2423 3388 natura
2483 3332 2653 3389 Filius
2684 3344 2788 3399 est,
2826 3348 2931 3387 non
2967 3342 3049 3388 est
3082 3347 3208 3387 vere
3234 3332 3402 3398 filius,
3440 3339 3682 3398 superest
3705 3343 3791 3383 au-

2229 3432 2336 3477 tem
2383 3431 2443 3476 ut
2484 3431 2657 3476 staret
2698 3437 2840 3475 verte
2884 3420 3163 3474 llliationis
3195 3420 3368 3490 gloria
3407 3421 3469 3474 in
3498 3435 3562 3475 eo
3588 3417 3682 3488 qui
3717 3425 3794 3470 est

2230 3520 2420 3566 natura
2448 3519 2502 3565 et
2535 3526 2639 3566 non
2680 3511 2874 3580 gratia,
2911 3510 2964 3564 id
2995 3519 3102 3575 est,
3146 3511 3198 3563 in
3230 3510 3339 3564 Deo
3367 3511 3569 3574 Verbo,
3603 3507 3692 3577 qui
3720 3514 3798 3559 est

2229 3618 2296 3658 ex
2324 3603 2434 3661 Deo
2477 3602 2664 3657 Patre.
2715 3602 2982 3670 Expulsus
3022 3609 3107 3655 est
3130 3601 3321 3670 igitur,
3355 3602 3503 3655 sicut
3532 3599 3661 3662 dixi,
3689 3610 3800 3650 esse

2229 3709 2283 3753 et
2306 3697 2408 3753 dici
2432 3696 2600 3752 Filius
2628 3698 2721 3752 Dei
2747 3697 2995 3751 Christus
3015 3693 3194 3759 Jesus,
3229 3710 3326 3764 per
3350 3709 3515 3765 quem
3552 3701 3606 3746 et
3639 3686 3792 3745 salvi-

2232 3788 2377 3843 licati
2410 3803 2617 3854 sumus,
2671 3797 2900 3841 mortem
2943 3786 3060 3853 ejus
3100 3786 3514 3847 annuntiautes,
3550 3791 3604 3837 et
3634 3776 3797 3836 conli-

2233 3890 2410 3936 tentes
2462 3881 2937 3935 resurrectionem.
2986 3877 3221 3933 Verbum
3283 3878 3431 3933 enim
3491 3876 3614 3930 fidei
3658 3868 3790 3941 quod

2232 3972 2609 4042 praedicamus,
2660 3971 2726 4024 ad
2771 3971 2929 4025 istam
2960 3984 3060 4024 nos
3102 3967 3505 4023 confessionem
3539 3960 3795 4037 producit.

2234 4062 2374 4133 Ergo
2419 4062 2472 4117 in
2511 4061 2783 4116 hominem
2830 4061 2963 4116 fides
3007 4068 3114 4127 est,
3145 4067 3199 4113 et
3234 4074 3340 4112 non
3386 4061 3440 4112 in
3480 4072 3605 4111 eum
3637 4054 3727 4125 qui
3753 4057 3803 4105 et

2234 4163 2425 4208 natura
2455 4162 2509 4208 et
2539 4168 2665 4208 vere
2700 4152 2795 4208 Dei
2841 4152 3011 4207 Filius
3061 4159 3163 4207 est.
3214 4152 3272 4204 Si
3305 4152 3453 4205 enim
3481 4141 3671 4205 verum
3705 4151 3805 4207 est,

2234 4245 2325 4315 qui
2362 4245 2493 4299 dicit
2540 4245 2715 4315 gratia
2773 4244 3090 4298 llliatiunem
3144 4244 3399 4299 sortitum
3452 4258 3577 4317 esse
3616 4243 3803 4310 ipsum,

2237 4334 2566 4388 multitudini
2608 4334 2838 4387 ﬁliorum
2874 4332 3378 4398 conuumerabitur,
3426 4333 3480 4387 id
3525 4339 3610 4386 est
3640 4326 3805 4388 nobis.

2236 4419 2434 4489 quibus
2460 4434 2690 4488 superna
2724 4422 2894 4489 gratia
2926 4420 3239 4475 tlliationem
3272 4422 3463 4486 donat,
3503 4438 3524 4473 ‹
3558 4422 3623 4474 ad
3653 4429 3804 4487 quam

2235 4511 2413 4565 vocati
2456 4526 2641 4565 sumus
2671 4525 2767 4581 per
2811 4509 2991 4566 Jesum
3038 4511 3340 4578 Christum,
3377 4511 3472 4581 qui
3506 4525 3571 4566 ex
3608 4506 3808 4564 semine

2163 4632 2209 4688 Β
2239 4601 2409 4655 David
2450 4609 2536 4657 est
2575 4601 2870 4656 secundum
2916 4616 3139 4657 carnem
3171 4601 3238 4653 ’⁸.
3278 4620 3297 4653 ι
3330 4602 3394 4657 Et
3419 4610 3632 4657 certum
3659 4610 3708 4653 te
3734 4597 3808 4651 la-

2237 4695 2347 4752 ciat
2385 4695 2571 4749 dicens
2625 4693 2845 4747 divinus
2872 4694 3245 4764 evangelista:
3280 4711 3300 4744 s
3338 4693 3443 4760 Qui
3492 4706 3629 4747 vero
3656 4700 3807 4743 acce-

2236 4794 2433 4856 perunt
2454 4801 2576 4841 eum
2608 4784 2708 4857 (i),
2739 4785 2886 4839 dedit
2912 4785 2993 4839 eis
3015 4793 3339 4855 potestatem
3373 4784 3520 4839 filios
3549 4782 3649 4837 Dei
3678 4778 3809 4841 ﬁeri,

2237 4876 2587 4933 credentibus
2626 4878 2679 4930 iu
2711 4875 2934 4931 nomine
2966 4875 3104 4944 ejus.
3142 4893 3162 4926 ι
3191 4875 3394 4930 Deinde
3422 4872 3699 4943 quomodo
3726 4868 3812 4938 qui

2238 4968 2306 5023 ab
2336 4968 2505 5023 altero
2541 4968 2722 5021 datam
2761 4967 3077 5037 dignitatem
3132 4967 3412 5021 illiationis
3449 4967 3684 5021 sortitus
3711 4970 3811 5026 est,

2238 5067 2293 5113 et
2319 5058 2472 5112 nobis
2514 5057 2647 5126 ipsis
2689 5057 2893 5112 donare
2937 5056 3041 5111 u'on
3085 5072 3238 5111 suam
3268 5056 3470 5128 magis,
3500 5059 3597 5111 sed
3629 5050 3814 5121 acqui-

2238 5149 2395 5204 sitam
2426 5148 2474 5203 ei
2508 5147 2849 5203 extrinsecus
2872 5149 3145 5217 gratiam?

2312 5259 2381 5312 Et
2406 5267 2521 5329 post
2552 5275 2769 5329 pauca:
2803 5260 2957 5315 Dedit
2997 5260 3234 5331 seipsum
3272 5261 3324 5316 in
3354 5257 3813 5314 examinationem

2240 5353 2433 5421 Filius,
2479 5364 2533 5409 et
2574 5368 2695 5408 cum
2723 5354 2774 5408 in
2803 5356 3058 5410 omnibus
3104 5364 3249 5411 esset
3295 5352 3604 5424 perfectus,
3655 5345 3817 5402 voluil

2239 5444 2351 5516 pati
2383 5444 2771 5511 humilitatem,
2816 5454 2872 5500 et
2908 5446 3204 5500 secundum
3249 5458 3474 5501 carnem
3502 5458 3571 5499 ex
3596 5438 3817 5495 muliere

2451 5600 2496 5631 "
2518 5599 2689 5658 Exod.
2722 5614 2779 5664 x,
2815 5599 2905 5655 22.
2986 5600 3030 5631 “
3058 5597 3221 5656 Josue
3246 5613 3300 5666 x,
3335 5596 3427 5651 i2.
3506 5598 3553 5630 ³³
3578 5594 3648 5651 IV
3678 5594 3809 5663 Reg.

1533 5669 1579 5701 ’δ
1603 5669 1804 5725 Jereut.
1840 5685 1898 5737 tt,
1930 5671 2014 5723 12.
2093 5671 2138 5704 "
2168 5669 2327 5727 Rom.
2370 5684 2408 5739 ι,
2439 5669 2492 5725 ’5.
