4076 6420
342 402 476 459 HM

1534 394 1975 453 FRAGMENTA
2014 392 2440 451 DOGMATICA.

3475 399 3615 456 ‘1“!

342 522 618 577 sustinere
653 521 1019 589 nativitatem,
1046 531 1103 577 et
1143 519 1443 591 appellatus
1466 528 1553 575 est
1580 519 1722 573 ﬁlius
1749 518 1927 572 Abra-
1954 520 2004 576 Α
2031 528 2150 569 rum
2211 513 2581 583 apostolorum
2632 521 2687 569 et
2738 516 3196 587 evangelistarum
3271 518 3615 589 impudenter

346 614 427 666 hcc
455 620 509 666 et
544 611 739 666 David.
781 612 898 669 Non
932 614 1163 669 miratus
1187 629 1246 668 es
1274 622 1383 668 tam
1415 612 1613 667 bonum
1641 611 1924 680 dispensa-

347 702 510 758 tionis
561 704 878 769 artilicium,
930 706 1106 775 magis
1154 720 1287 759 vero
1324 702 1680 772 reprehendis
1722 709 1928 772 myste-

348 794 487 847 rium
527 812 541 848 :
585 794 840 861 iujuriam
882 811 1004 850 esse
1039 796 1226 851 dicens
1260 796 1690 849 incarnationem
1722 793 1924 862 Unige-

346 885 472 950 niti,
515 887 770 957 inerepas
827 889 1113 943 consilium
1160 888 1259 943 Dei
1301 898 1355 942 et
1391 886 1572 943 Patris
1616 906 1628 942 :
1665 886 1927 941 inclamas

344 992 476 1032 vero
506 978 668 1032 etiam
705 980 880 1047 ipsum
915 978 1133 1046 Filium,
1167 980 1258 1049 qui
1298 980 1406 1048 pati
1438 979 1606 1032 voluit
1630 986 1849 1047 propter
1875 984 1927 1030 te

342 1069 797 1125 exinanitionem.
844 1069 980 1126 Cum
1032 1072 1195 1140 igitur
1243 1069 1485 1125 audieris
1538 1070 1808 1124 dicentem
1858 1068 1928 1123 ad

345 1160 623 1215 caelestem
657 1160 874 1215 Patrem
918 1171 973 1216 et
1020 1162 1221 1217 Deum:
1252 1180 1270 1214 ι
1314 1161 1655 1216 Sacriﬁcium
1689 1169 1743 1215 et
1777 1158 1928 1214 obla-

347 1251 548 1305 tionem
598 1251 854 1319 noluisti,
935 1252 1249 1307 holocausta
1310 1261 1366 1307 et
1410 1266 1506 1321 pro
1557 1251 1779 1305 delicto.
1814 1265 1922 1304 non

344 1345 658 1413 postulasti,
689 1360 885 1413 corpus
910 1352 1087 1398 autem
1116 1344 1391 1412 perfecisti
1422 1344 1552 1397 mihi
1589 1361 1604 1397 :
1635 1352 1745 1397 tum
1774 1342 1883 1398 dixi
1909 1355 1925 1395 :

342 1433 483 1487 Ecce
518 1433 676 1487 venio
711 1432 811 1486 :in
863 1435 1040 1502 capite
1097 1432 1219 1488 libri
1269 1435 1534 1503 scriptum
1584 1433 1764 1487 estde
1816 1446 1923 1499 me,

344 1533 403 1576 nt
430 1521 627 1575 faciam
670 1521 1003 1576 voluntatem
1034 1532 1203 1588 tuam,
1257 1523 1419 1587 Deus,
1468 1522 1612 1577 volui
1643 1522 1730 1589 “;
1761 1540 1780 1573 ι
1821 1537 1926 1576 non

347 1601 502 1669 reeta‘
539 1612 782 1681 cogitare
825 1614 1053 1668 forsitan
1097 1613 1293 1668 Filium
1328 1615 1396 1669 de
1429 1630 1525 1669 sua
1553 1614 1725 1684 gloria
1757 1614 1924 1668 dices.

343 1706 522 1777 Elegit
547 1709 691 1761 enim
717 1706 966 1775 corporis
999 1706 1410 1776 perfectionem,
1458 1717 1513 1762 et
1543 1720 1649 1762 non
1684 1705 1773 1759 alii
1809 1721 1928 1759 ma-

344 1800 426 1869 gis
456 1798 680 1864 laetam,
708 1800 802 1853 sed
829 1798 932 1853 sibi
969 1798 1267 1853 secundum
1308 1800 1472 1852 verba
1509 1796 1926 1867 ipsius,Corpus

324 1889 799 1957 autemperfecisti,
827 1889 960 1943 dicit
997 1906 1011 1943 :
1045 1889 1173 1943 licet
1201 1889 1441 1943 audieris
1479 1888 1708 1942 Paulum
1734 1890 1923 1943 dicen-

343 1993 452 2036 tem
510 1981 577 2036 de
612 1982 720 2036 Deo
768 1981 949 2036 Verbo
997 1999 1068 2036 ε(
1113 1980 1254 2051 Ergo
1302 1981 1428 2049 quia
1492 1980 1587 2034 lilii
1635 1980 1929 2050 participes

345 2081 470 2129 sunt
500 2073 787 2143 sanguinis
815 2080 871 2128 et
902 2073 1110 2137 carnis,
1137 2083 1192 2126 et
1232 2074 1348 2141 ipse
1372 2072 1624 2127 similiter
1654 2074 1928 2141 particeps

344 2163 523 2219 factus
554 2173 639 2219 est
682 2166 999 2220 eorumdem
1034 2166 1123 2231 '7;
1164 2184 1183 2216 ι
1221 2176 1277 2220 et
1321 2165 1401 2221 sic
1446 2167 1662 2234 sapiens
1689 2165 1927 2220 Joannes

342 2259 534 2312 scribit
568 2273 582 2309 :
623 2275 643 2309 ε
684 2258 749 2312 Et
780 2259 1015 2313 Verbum
1058 2273 1187 2313 caro
1210 2258 1412 2312 factum
1443 2267 1548 2322 est,
1577 2267 1633 2312 et
1658 2254 1928 2311 habitavit

343 2350 394 2404 in
424 2350 582 2406 nobis
612 2350 697 2416 ¹⁸;
728 2369 746 2403 ι
784 2367 945 2420 surge
968 2362 1156 2405 contra
1194 2365 1290 2405 eos
1322 2350 1567 2404 clamans
1595 2367 1609 2403 :
1658 2348 1783 2403 Non
1829 2365 1924 2417 pro

339 2443 515 2496 debita
558 2443 860 2509 gratiarum
904 2443 1114 2497 actione
1151 2457 1184 2494 a
1229 2442 1378 2494 nobis
1424 2441 1733 2510 injurietur,
1784 2439 1927 2493 Deus

354 2532 577 2588 Verbum
602 2551 704 2587 non
729 2534 907 2603 factus
941 2543 1017 2588 est
1048 2550 1194 2598 caro,
1222 2534 1359 2587 Deus
1405 2531 1632 2587 Verbum
1665 2549 1768 2585 non
1798 2547 1929 2601 pur-

339 2624 501 2691 ticeps
547 2624 645 2692 fuit
693 2640 809 2678 vere
850 2624 1123 2693 sanguinis
1162 2635 1210 2676 et
1249 2624 1424 2677 carnis
1451 2639 1469 2677 :
1500 2622 1747 2676 similiter
1779 2620 1928 2674 nobis

340 2731 444 2768 non
473 2724 629 2769 natus
657 2727 732 2769 est
755 2719 1044 2769 secundum
1083 2732 1292 2769 carnem
1326 2732 1390 2769 ea:
1415 2715 1654 2777 muliere,
1697 2729 1801 2766 non
1834 2729 1931 2780 ap-

336 2807 565 2875 pellatus
586 2816 661 2861 est
689 2807 834 2874 ﬁlius
873 2806 1069 2860 Dauid.
1097 2805 1213 2859 Hoc
1247 2807 1406 2871 enim,
1438 2806 1579 2875 quod
1607 2813 1656 2858 et
1682 2804 1927 2856 nomina-

337 2897 387 2949 ri
423 2913 542 2950 eum
607 2898 866 2966 injurium
914 2908 1008 2960 est,
1054 2907 1101 2950 et
1139 2913 1241 2949 non
1270 2896 1560 2949 secundum
1608 2894 1926 2949 voluntatem

337 2988 526 3057 ipsius,
564 2989 825 3057 quomodo
860 2989 972 3057 pati
1005 2987 1254 3045 voluisset
1276 2989 1301 3041 7
1330 2988 1435 3042 Sed
1470 3002 1591 3054 nos,
1622 3000 1655 3040 ο
1685 2986 1921 3055 sapiens,

338 3081 647 3151 glorificare
680 3081 1066 3136 consuevimus
1100 3082 1267 3134 Deum
1291 3090 1346 3134 et
1371 3079 1611 3144 Patrem,
1642 3078 1766 3147 quia
1796 3092 1922 3131 cor-

338 3174 438 3241 pus
469 3171 764 3242 perfecerit
798 3171 938 3227 Filio
965 3194 977 3228 :
1012 3181 1068 3226 et
1100 3174 1274 3241 ipsum
1301 3187 1429 3228 vero
1460 3171 1690 3225 dicimus
1723 3169 1917 3224 Filium
1947 3202 1991 3261 α

334 3262 539 3317 factum
586 3277 842 3326 carnem,
889 3264 940 3317 id
978 3273 1062 3318 est
1108 3263 1402 3329 hominem,
1442 3276 1658 3331 passum
1700 3261 1919 3330 quidem

335 3366 459 3407 esse
487 3364 714 3422 propter
750 3368 849 3407 nos
877 3354 1331 3419 exinanitionem,
1369 3361 1424 3406 et
1455 3362 1657 3407 nostra:
1687 3366 1922 3420 pauper-

338 3444 466 3498 tatis
496 3445 710 3499 subisse
747 3444 1134 3510 humilitatem,
1169 3444 1544 3513 permansisse
1576 3458 1708 3497 vero
1751 3451 1807 3496 et
1842 3442 1925 3497 sic

337 3534 533 3598 Deum,
581 3545 636 3589 et
675 3534 872 3590 Filium
909 3551 1097 3611 verum
1140 3537 1231 3590 Dei
1274 3545 1329 3590 et
1381 3535 1585 3589 Patris.
1639 3535 1923 3602 Quomodo

337 3628 505 3697 igitur
537 3642 643 3682 non
691 3628 860 3683 voluit
902 3629 1073 3683 Filius
1106 3630 1378 3684 nominari
1416 3628 1608 3695 David,
1643 3630 1687 3685 si
1726 3630 1921 3684 huma-

338 3730 498 3775 natus
527 3730 629 3787 est,
664 3728 719 3775 et
748 3721 852 3775 hoc
877 3736 984 3775 non
1019 3722 1269 3777 invitus?

335 3832 390 3887 6.
418 3832 503 3887 Ea:
537 3834 711 3900 primo
740 3832 1127 3905 librotsancta:
1179 3839 1448 3889 memoria:
1496 3834 1709 3905 Cyrilli,
1755 3836 1822 3891 de
1860 3853 1920 3892 eo

403 3899 543 3974 quod
578 3919 713 3955 unus
748 3913 822 3954 est
848 3899 1111 3969 Christus,
1155 3915 1337 3957 contra
1376 3899 1724 3960 Theodorum.

405 4016 544 4073 Sunt
581 4018 761 4083 enim,
803 4024 929 4071 sunt
962 4017 1053 4085 qui
1091 4017 1511 4089 Redemptorem
1545 4032 1599 4078 et
1630 4023 1917 4078 Dominum

332 4126 493 4166 suum
532 4124 753 4181 negant,
803 4120 857 4167 et
889 4110 1086 4165 Filium
1125 4112 1348 4181 quidem
1380 4129 1570 4169 verum
1597 4115 1690 4170 Dei
1737 4114 1917 4171 Patris

272 4241 309 4261 -
335 4219 441 4258 non
463 4204 650 4258 dicunt
683 4219 805 4260 eum
835 4218 978 4267 esse,
1013 4203 1105 4272 qui
1143 4204 1194 4257 in
1230 4204 1439 4259 ultimis
1497 4206 1681 4261 szeculi
1710 4216 1919 4276 tempo-

335 4296 487 4351 rihus
538 4312 602 4349 ex
652 4296 882 4350 muliere
943 4296 1240 4349 secundum
1291 4310 1514 4350 carnem
1572 4298 1914 4355 nativitatem

333 4396 558 4456 propter
606 4402 705 4440 nos
760 4386 1058 4452 sustinuit,
1132 4386 1451 4455 apparuisse
1498 4396 1680 4442 autem
1741 4391 1916 4459 magis

334 4479 453 4532 orbi
510 4486 777 4531 terrarum
836 4477 1005 4531 Deum
1054 4486 1324 4531 recentem
1358 4488 1412 4531 et
1438 4491 1737 4549 posterum,
1774 4482 1916 4536 filia-

336 4569 499 4623 tionis
557 4569 784 4637 gloriam
846 4570 1190 4622 extrinsecus
1242 4570 1570 4637 acquisitam
1627 4572 1916 4628 habentem

334 4660 477 4713 sicut
517 4665 571 4713 et
613 4672 733 4724 nos,
779 4667 834 4712 et
877 4660 1030 4723 quasi
1070 4661 1392 4727 quihusdam
1438 4661 1759 4717 adulterinis
1780 4665 1915 4734 "glo-

334 4751 564 4804 riautcm
612 4751 936 4814 honoribus,
993 4760 1051 4803 ut
1085 4749 1200 4818 jam
1236 4753 1664 4823 anthropolatria
1692 4763 1748 4809 et
1779 4755 1913 4810 nihil

332 4843 476 4895 aliud
519 4853 685 4905 esset,
730 4850 785 4897 et
834 4842 1095 4915 adoretur
1139 4842 1303 4898 homo
1343 4843 1540 4912 aliquis
1566 4860 1691 4899 cum
1718 4858 1907 4901 sancta

333 4934 596 4989 'l‘rinitate
616 4944 727 4989 tam
760 4949 790 4988 a
823 4934 999 4995 nobis,
1028 4949 1193 5003 quam
1218 4949 1247 4987 a
1272 4937 1481 4992 sanctis
1516 4937 1761 5008 angelis:
1798 4938 1917 4994 haec

333 5028 554 5095 quidam
596 5028 755 5080 valde
785 5026 1026 5096 superbi,
1059 5034 1116 5078 et
1145 5040 1341 5095 magna
1394 5028 1669 5097 sapientes
1694 5030 1745 5083 in
1770 5030 1913 5084 divi-

334 5133 525 5170 narum
575 5115 983 5184 Scripturarum
1029 5117 1290 5184 scientia,
1338 5119 1455 5173 suis
1502 5122 1722 5190 scriptis
1760 5122 1911 5178 inse-

335 5214 598 5260 ruerunt:
633 5216 687 5260 et
717 5205 859 5260 sicut
891 5208 1024 5262 dicit
1062 5206 1306 5261 omnium
1338 5206 1596 5264 Dominus
1626 5225 1724 5278 per
1739 5227 1908 5266 unum

334 5308 647 5355 sanctorum
691 5297 1097 5366 prophetarum,
1140 5316 1159 5349 ι
1205 5298 1452 5365 laqueum
1480 5300 1672 5353 statuit
1701 5301 1768 5355 ad
1793 5316 1915 5357 cor-

334 5389 662 5455 rumpentlos
688 5388 934 5441 homines
963 5387 1065 5440 ".s
1109 5387 1245 5453 Quid
1264 5391 1409 5442 enim
1443 5388 1587 5443 aliud
1621 5390 1715 5454 sit,
1748 5406 1912 5463 quam

335 5479 563 5542 laqueus
607 5488 665 5533 et
704 5478 1042 5543 scandalum,
1088 5480 1287 5549 lingua”
1317 5481 1540 5550 loquens
1575 5483 1825 5551 distorta,
1859 5494 1916 5540 et

336 5585 511 5626 sacris
558 5570 784 5625 Litteris
840 5569 1218 5639 abhorrentia,
1270 5583 1326 5627 et
1374 5572 1654 5629 traditioni
1689 5582 1911 5630 sancto-

408 5748 453 5782 "
478 5746 619 5802 Psal.
650 5763 838 5813 sunt,
868 5747 988 5802 7-9.
1015 5747 1178 5803 Hebr.
1212 5766 1288 5814 tx,
1331 5751 1450 5807 6—9.

1524 5754 1570 5784 "
1595 5752 1759 5809 Hebr.
1781 5769 1837 5817 tt,
1868 5756 1955 5811 Η.

2032 604 2395 659 resistentia?
2439 603 2821 661 Recusandum
2869 608 3034 676 igitur
3064 623 3160 665 eos
3185 610 3278 681 qui
3313 619 3421 665 tam
3454 611 3614 668 malis

2032 695 2206 764 culpis
2257 696 2476 750 obnoxii
2526 704 2674 762 sunt,
2720 697 2833 753 sive
2860 700 2912 752 in
2950 700 3089 755 vivis
3130 710 3277 769 sunt,
3324 702 3438 756 sive
3481 717 3609 758 non.

2031 786 2115 841 Ab
2148 786 2238 841 illo
2262 788 2408 841 enim
2441 787 2585 857 quod
2619 800 2796 855 nocet,
2828 791 3083 846 recedere
3104 795 3470 848 necessarium
3493 800 3611 858 est;

2030 889 2085 933 et
2128 879 2334 934 nonad
2380 895 2672 950 personam
2716 882 3010 951 respicere,
3070 885 3166 939 sed
3217 886 3272 941 id
3319 886 3462 957 quod
3503 887 3613 942 Deo

2030 973 2232 1043 placet,
2265 983 2479 1044 oportet
2510 975 2881 1031 considerare.

2409 1088 2462 1142 7.
2488 1086 2575 1143 Ea:
2603 1088 2834 1144 secundo
2861 1088 2996 1144 libro
3020 1089 3229 1160 Cyrilli.

2654 1204 3008 1259 'rnsononus.l

2105 1356 2128 1389 ι
2165 1336 2304 1404 Quid
2336 1345 2420 1393 est
2445 1339 2609 1393 homo
2632 1340 2778 1415 quod
2822 1353 3030 1395 memor
3058 1354 3119 1396 es
3148 1340 3266 1409 ejus
3294 1342 3319 1397 ?
3346 1352 3438 1397 aut
3468 1344 3611 1403 filius

2032 1430 2289 1495 hominis,
2325 1431 2470 1502 quod
2506 1432 2697 1488 visitas
2724 1447 2847 1488 eum
2873 1432 2961 1487 ὀἳ
3000 1451 3019 1485 ι
3057 1432 3467 1491 Consideremus
3502 1439 3609 1508 igi—

2032 1535 2138 1589 tur,
2191 1524 2310 1591 quis
2360 1524 2515 1577 homo
2560 1524 2661 1589 sit,
2709 1525 2774 1579 de
2823 1541 2928 1595 quo
2967 1528 3211 1595 stupescit
3264 1537 3310 1581 et
3360 1529 3610 1596 miratur,

2029 1616 2170 1687 quod
2224 1614 2536 1687 Unigenitus
2577 1617 2826 1686 dignatus
2874 1627 2947 1671 est
2987 1618 3103 1687 ejus
3143 1620 3449 1675 memoriam
3492 1622 3617 1675 visi.

2034 1709 2394 1779 tationemque
2451 1708 2647 1777 facere.
2699 1708 2806 1764 Sed
2844 1710 2983 1777 quod
3033 1711 3240 1780 quidem
3279 1727 3382 1766 non
3414 1714 3615 1766 dictum

2031 1810 2105 1854 est
2158 1801 2222 1854 de
2265 1802 2442 1865 omni,
2504 1804 2559 1854 in
2612 1802 2972 1868 superioribus
3024 1802 3445 1857 demonstratum
3498 1814 3614 1859 est:

2027 1893 2169 1962 quod
2202 1902 2380 1947 autem
2417 1909 2518 1946 non
2549 1894 2613 1947 de
2647 1910 2752 1947 uno
2790 1895 3040 1963 quolibet,
3076 1902 3126 1949 et
3157 1895 3255 1949 hoc
3284 1907 3480 1950 certum
3508 1908 3609 1952 est.

2033 1982 2099 2037 Ut
2145 1993 2319 2037 autem
2370 1986 2547 2037 omnia
2605 1984 3113 2052 praetermittamus,
3168 1988 3307 2056 quod
3369 1987 3615 2043 omnibus

2028 2071 2333 2126 credibilius
2362 2083 2459 2140 est,
2494 2074 2841 2140 apostolicum
2878 2076 3234 2131 testimonium
3262 2080 3611 2147 excipiamus.

2029 2162 2222 2216 Scribit
2279 2164 2443 2233 igitur
2497 2163 2784 2232 Apostolus
2833 2167 2904 2218 ad
2949 2163 3220 2231 ﬂebraros,
3273 2185 3498 2223 narrans
3550 2171 3614 2223 de

2030 2252 2262 2317 Christo,
2295 2270 2685 2325 personamque
2716 2272 2867 2308 suam
2900 2274 3003 2311 non
3049 2259 3422 2326 acceptabilem
3470 2261 3612 2327 apud

2026 2361 2114 2399 sos
2149 2345 2489 2412 conﬁrmans,
2515 2346 2591 2399 ita
2620 2347 2785 2411 dicit;
2814 2348 3132 2415 testificatus
3161 2360 3235 2402 est
3261 2367 3381 2404 vero
3405 2350 3607 2404 alicubi

2027 2439 2245 2507 quidam
2280 2435 2499 2491 dicens:
2535 2456 2555 2488 ε
2592 2438 2730 2505 Quid
2779 2448 2863 2493 est
2913 2439 3074 2494 homo
3102 2442 3245 2509 quod
3291 2456 3500 2497 memor
3553 2458 3614 2498 es

2028 2527 2165 2596 ejus,
2230 2536 2324 2581 aut
2363 2527 2505 2582 filius
2536 2530 2794 2593 hominis,
2840 2532 2983 2599 quod
3028 2532 3220 2586 visitas
3250 2532 3417 2587 eum?
3450 2534 3616 2589 Mino-

2030 2622 2159 2677 rasti
2189 2632 2311 2672 eum
2345 2619 2503 2687 paulo
2534 2621 2715 2674 minus
2748 2621 2816 2675 ab
2850 2622 3091 2692 angelis,
3129 2624 3294 2693 gloria
3323 2636 3376 2679 et
3409 2626 3615 2682 honore

2029 2711 2303 2764 coronasti
2336 2727 2484 2774 cum,
2514 2720 2567 2764 et
2591 2712 2925 2766 constituisti
2953 2729 3083 2767 eum
3112 2730 3276 2784 supra
3314 2733 3479 2786 opera
3507 2734 3616 2772 ma-

2028 2818 2195 2855 nuum
2261 2814 2527 2855 tuarum:
2592 2804 2774 2856 omnia
2849 2803 3128 2870 subjecisti
3201 2808 3301 2860 sub
3380 2810 3613 2876 pedibus

2028 2893 2143 2960 ejus
2175 2892 2217 2923 ³⁸
2245 2909 2260 2957 ;
2292 2911 2309 2944 s
2339 2902 2387 2944 et
2416 2908 2533 2944 cum
2564 2894 2923 2947 testimonium
2957 2895 3205 2961 dixisset,
3259 2897 3612 2966 interpretans

2026 2983 2196 3051 ipsum
2244 2984 2423 3037 intulit
2463 2999 2481 3037 :
2520 3002 2539 3035 ι
2575 2983 2930 3053 Suhjiciendo
2981 2996 3161 3040 autem
3215 2990 3421 3054 omnia,
3474 2991 3611 3044 nihil

2026 3071 2233 3127 dimisit
2258 3089 2364 3128 non
2401 3074 2724 3142 subjectum.
2775 3075 2934 3130 Modo
2978 3087 3160 3131 autem
3190 3081 3425 3133 nondum
3466 3082 3613 3136 vide-

2027 3177 2148 3217 mus
2171 3166 2353 3215 omnia
2389 3163 2437 3216 ei
2479 3163 2723 3232 subjecta
2761 3164 2829 3217 η.
2875 3183 2896 3215 ι
2949 3162 3018 3217 Ει
3045 3167 3158 3236 quis
3186 3168 3341 3220 homo
3377 3178 3474 3233 est,
3514 3171 3610 3223 do-

2028 3270 2147 3308 cens
2178 3270 2294 3318 nos,
2331 3256 2580 3324 quoniam
2614 3256 2833 3309 dubium
2868 3264 2984 3310 erat
3025 3275 3057 3311 a
3102 3275 3224 3312 voce
3263 3262 3441 3329 posita
3468 3262 3612 3330 apud

2027 3344 2235 3398 beatum
2286 3345 2481 3409 David,
2531 3346 2709 3399 intulit
2754 3363 2773 3400 :
2808 3366 2827 3399 ‹
2875 3348 3043 3404 Paulo
3089 3360 3268 3406 autem
3320 3355 3502 3409 minus
3542 3357 3613 3408 ab

2025 3434 2236 3503 angelis
2275 3435 2605 3489 minoratum
2646 3437 2893 3492 videmus
2936 3437 3145 3504 Jesum,
3201 3453 3426 3511 propter
3484 3460 3611 3513 pas-

2025 3525 2234 3581 sionem
2289 3529 2481 3582 mortis
2535 3529 2706 3597 gloria
2760 3539 2816 3584 et
2869 3531 3081 3589 honore
3122 3546 3443 3589 coronatum
3481 3537 3547 3591 ³³.
3585 3558 3604 3590 s

2026 3617 2087 3674 Si
2132 3620 2299 3690 igitur
2329 3636 2397 3675 ea:
2435 3620 2739 3693 Evangeliis
2786 3627 2998 3695 quidem
3052 3628 3349 3691 erudimur,
3396 3631 3465 3682 ad
3498 3630 3611 3684 Dos

2025 3711 2228 3765 minum
2261 3713 2460 3767 dixisse
2493 3713 2703 3768 beatum
2742 3715 2915 3771 David
2954 3720 3131 3772 omnia
3170 3735 3289 3788 quae
3317 3730 3437 3773 sunt
3469 3722 3614 3791 psal-

2024 3802 2122 3867 mi,
2167 3812 2216 3856 et
2253 3812 2465 3867 ca'tera,
2519 3815 2569 3856 et
2615 3805 2761 3873 quod
2802 3821 3018 3864 memor
3058 3824 3140 3873 es,
3194 3822 3244 3863 et
3299 3812 3512 3877 visitas,
3562 3822 3612 3866 et

2026 3895 2336 3958 minorasti,
2390 3905 2438 3949 et
2494 3896 2797 3964 subjecisti,
2861 3914 2928 3950 ea:
2976 3899 3230 3967 Apostolo
3271 3917 3390 3954 vero
3418 3902 3607 3957 Iesum

2025 4003 2134 4042 esse
2158 3987 2433 4053 discimus,
2466 3988 2530 4040 de
2562 4004 2664 4055 quo
2694 3986 2909 4054 loquens
2938 3989 3110 4044 David
3137 3991 3293 4057 dicit,
3316 3995 3459 4062 quod
3492 3998 3608 4065 ejus

2022 4093 2226 4131 memor
2275 4086 2368 4142 est,
2412 4087 2460 4130 et
2501 4078 2641 4145 quod
2672 4094 2792 4131 eum
2822 4080 3071 4147 uisitauit,
3119 4084 3211 4135 sed
3255 4085 3413 4138 etiam
3462 4089 3604 4156 quod

2025 4165 2205 4219 omnia
2238 4165 2457 4236 subjecit
2497 4168 2563 4234 ei,
2605 4183 2725 4220 cum
2766 4169 2928 4237 paulo
2970 4171 3145 4224 minus
3177 4172 3241 4225 ab
3273 4175 3475 4243 angelis
3507 4179 3608 4230 mi-

2024 4267 2262 4310 norasset
2323 4274 2462 4325 eum,
2514 4270 2712 4313 cessate
2754 4258 2830 4313 vel
2886 4261 2984 4315 vix
3027 4263 3316 4334 aliquando
3358 4284 3390 4320 a
3437 4280 3608 4324 vestra

2021 4345 2372 4414 impudentia,
2413 4360 2783 4419 cognoscentes
2819 4352 2960 4421 quod
2982 4361 3202 4421 oportet.
3246 4353 3443 4410 Videtis
3464 4361 3621 4426 enim,

2022 4439 2292 4493 hominum
2330 4441 2748 4507 sceleratissimi,
2779 4454 2978 4513 quanta
3009 4454 3322 4500 naturarum
3347 4459 3422 4502 est
3455 4451 3606 4519 cii/Te-

1952 4552 1998 4607 D
2024 4530 2215 4594 rentia,
2247 4532 2389 4600 quod
2416 4531 2499 4584 hic
2526 4533 2732 4597 quidem
2764 4533 3092 4602 stupefactus
3129 4549 3227 4600 est,
3260 4539 3385 4607 quia
3412 4550 3460 4593 et
3495 4558 3605 4595 me-

2026 4637 2143 4675 mor
2174 4637 2286 4676 csse
2322 4623 2546 4676 hominis
2582 4625 2854 4693 dignatur,
2893 4634 2944 4678 et
2967 4626 3181 4681 visitare
3220 4646 3360 4697 eum,
3385 4644 3604 4689 ecetera-

2024 4727 2244 4782 runtque
2276 4716 2580 4781 participem
2624 4716 2818 4786 facere,
2864 4735 3087 4789 quorum
3132 4735 3249 4773 eum
3295 4724 3605 4791 participem

2020 4805 2143 4874 fecit
2173 4822 2191 4860 :
2234 4806 2323 4860 ille
2348 4823 2466 4861 vero
2497 4825 2523 4861 e
2550 4811 2820 4864 contrario
2861 4812 3111 4880 miratur,
3146 4815 3287 4880 quod
3331 4826 3605 4872 tantorum

2025 4896 2285 4965 particeps
2323 4914 2433 4952 esse
2471 4914 2631 4967 supra
2676 4917 2829 4954 suam
2866 4917 3112 4957 naturam
3154 4908 3347 4961 meruit
3387 4924 3408 4963 :
3437 4919 3486 4962 et
3520 4911 3605 4965 hic

2024 4989 2235 5057 quidem
2296 4999 2545 5061 tanquam
2605 4992 2914 5061 bene/icium
2956 4997 3089 5052 dans
3139 5000 3492 5069 miriﬁcatur,
3552 5011 3605 5058 et

2022 5097 2216 5150 magna
2255 5093 2539 5151 prwstans,
2585 5094 2633 5138 et
2677 5102 2838 5154 supra
2864 5101 3116 5145 naturam
3154 5093 3270 5161 ejus
3294 5095 3385 5157 qui
3414 5111 3603 5149 conse—

2018 5172 2204 5241 quitur
2256 5174 2566 5243 beneﬁcium
2613 5191 2633 5228 :
2684 5178 2775 5233 ille
2817 5197 2936 5235 vero
2985 5192 3237 5253 tanquam
3292 5186 3600 5253 bene/icium

2021 5278 2359 5333 consequens,
2411 5275 2458 5321 et
2505 5266 2741 5337 majora,
2790 5286 2947 5340 quam
2975 5282 3073 5338 est,
3109 5273 3174 5325 ab
3203 5287 3263 5326 eo
3284 5273 3597 5342 suscipiens.

2674 5395 2951 5437 CYRILLUS.

2096 5486 2274 5544 Sobrii
2325 5499 2502 5546 estote
2542 5490 2589 5523 ”'
2635 5493 2774 5547 ebrii
2815 5508 2881 5548 ex
2913 5494 3043 5549 vino
3071 5509 3284 5563 eorum,
3332 5495 3600 5555 declamet

2022 5579 2221 5649 aliquis
2251 5580 2331 5636 sic
2359 5582 2672 5637 errantibus
2699 5604 2711 5637 :
2735 5601 2754 5634 ‹
2780 5583 3022 5654 lmpone,
3052 5585 3237 5652 homo,
3274 5595 3377 5642 tute
3402 5586 3599 5657 lingua

2034 5756 2253 5839 "€999:
2280 5774 2327 5839 ,ιν
2356 5759 2445 5839 14·
2488 5829 2525 5839 -.
2556 5760 2769 5839 ἲ⁹.¹⁵ε³¹-
2802 5761 3000 5839 ιν1ν7;
3037 5780 3223 5831 cum
3252 5763 3323 5839 6i;
3354 5778 3503 5831 οων
3523 5763 3580 5820 4-

339 5816 554 5875 "Psal.
596 5818 794 5887 vtn,6.
869 5819 907 5851 ιι
934 5819 1065 5876 una.
1104 5820 1227 5890 6-8;
1260 5820 1426 5881 Hebr.
1455 5840 1515 5894 ιι,
1552 5823 1667 5880 6-8.
1730 5824 1791 5911 ξ
1814 5827 1953 5894 ibid,
1980 5824 2033 5882 8.
2112 5828 2158 5860 υ
2181 5816 2325 5886 ibid.
2353 5830 2405 5885 9.
2459 5829 2833 5909 meeum,
2866 5816 2920 5889 8'.
