4076 6426
434 433 574 490 1145

1474 418 1533 473 S.
1574 412 1852 473 CYltlLLl
1889 406 2359 467 ALEXANDRlNl
2397 405 2719 463 ARCillEP.
3577 394 3718 451 “bis

430 552 632 607 ostium
686 555 739 602 et
792 558 966 601 seram
1004 541 1050 573 ³⁸
1084 558 1097 595 :
1135 552 1290 595 cessa
1339 550 1509 592 cornu
1571 533 1627 589 in
1680 531 2023 587 altitudinem
2056 534 2098 589 Α
2126 530 2259 582 duos
2296 527 2435 594 ﬁlios
2471 525 2726 579 dicemus.
2760 522 2866 579 Sed
2889 536 3005 575 ecce
3037 529 3082 573 et
3122 516 3299 572 Filius
3342 516 3517 569 dictus
3546 525 3621 569 est
3657 519 3713 569 in

432 638 721 702 extollens,
738 644 791 691 ct
810 634 1034 703 loquens
1055 630 1401 699 iniquitatem
1420 626 1709 680 adversum
1731 622 1896 677 Demn
1916 620 1981 674 ".
1997 638 2014 670 ι

436 730 733 797 Quousque
766 725 998 781 insultas
1026 720 1252 791 patienti
1285 716 1547 773 Christo?
1579 714 1634 768 in
1670 723 1849 768 mente
1882 712 2023 767 habe

433 822 577 891 quod
612 818 875 888 scriptum
916 825 1000 871 est
1031 830 1060 868 a
1087 813 1270 867 divino
1304 809 1471 865 Paulo
1504 827 1519 863 :
1564 827 1581 858 ο
1624 806 1716 861 Sic
1748 819 1874 860 vero
1901 819 2025 874 pee-

437 923 628 966 cantes
658 912 709 965 in
751 910 973 971 fratres,
1022 917 1077 961 et
1127 903 1495 974 pereutientes
1526 914 1715 954 eorum
1750 896 2023 952 infirmam

436 1003 852 1069 conscientiam,
911 1001 964 1053 in
1019 998 1296 1052 Christum
1348 994 1588 1063 peccatis
1618 991 1705 1044 "7.
1766 1010 1786 1043 ι
1846 990 1910 1043 Et
1968 996 2027 1043 ut

437 1096 643 1165 aliquid
695 1095 863 1150 etiam
919 1107 987 1148 ex
1046 1088 1384 1159 prepheticis
1442 1085 1638 1155 loquar
1699 1081 2021 1137 codicibus:

444 1208 463 1240 ι
498 1187 806 1244 Justificata
850 1195 979 1239 sunt
1008 1182 1249 1237 Sodoma
1276 1196 1341 1234 ex
1376 1188 1448 1243 te,
1484 1176 1757 1245 superasti
1786 1186 2025 1243 pagano-

441 1297 559 1336 rum
593 1279 975 1339 verbositates,
1026 1290 1164 1345 quas
1209 1272 1454 1328 fecerunt
1492 1279 1682 1324 contra
1716 1265 2022 1327 Christum,

440 1371 723 1429 stultitiam
796 1369 1173 1423 existimantes
1229 1378 1445 1417 crucem
1497 1361 1566 1423 ³⁸,
1625 1377 1642 1410 ι
1676 1356 1844 1411 ‘nihil
1903 1368 2027 1409 esse

439 1463 723 1521 ostendisti
790 1461 1033 1516 Judaicre
1100 1456 1367 1527 superbiae
1434 1453 1687 1519 crimina.
1753 1448 2028 1502 Minorare

439 1556 746 1625 praesumis,
790 1564 845 1609 et
880 1553 1020 1622 quod
1049 1552 1115 1605 ad
1166 1561 1217 1604 te
1270 1548 1525 1618 pertinet,
1566 1541 1810 1597 detrahis
1844 1540 1911 1593 ad
1950 1539 2031 1592 in-

440 1646 662 1700 famiam
708 1659 830 1698 eum
873 1642 964 1711 qui
1018 1653 1285 1709 supernas
1334 1637 1491 1690 sedes
1525 1632 1808 1693 concedet,
1838 1640 1891 1681 et
1926 1643 2029 1681 una

442 1753 567 1793 cum
595 1737 703 1791 Deo
732 1744 785 1788 et
819 1733 978 1788 Patre
1001 1731 1248 1785 eamdem
1277 1729 1459 1782 sedem
1500 1727 1682 1779 habet.
1721 1723 1854 1777 Eum
1886 1722 2029 1776 enim

444 1831 535 1900 qui
561 1845 626 1885 ex
650 1826 881 1882 mortuis
915 1822 1239 1888 resurrexit,
1275 1821 1326 1873 in
1358 1820 1579 1873 sedibus
1605 1816 1820 1870 deitatis
1842 1816 2032 1869 sedere

445 1921 576 1976 dicit
642 1916 1084 1988 sapientissimus
1141 1912 1363 1967 Paulus.
1420 1910 1567 1963 Dixit
1636 1910 1819 1972 enim,

450 2033 469 2066 ι
511 2012 671 2066 talem
710 2008 973 2063 habemus
1004 2005 1303 2074 principem
1340 2001 1708 2063 sacerdotum,
1754 1998 1844 2067 qui
1882 1998 2036 2051 sedet

445 2106 499 2159 in
543 2104 764 2157 dextera
809 2098 957 2154 sedis
1010 2094 1317 2164 maiestatis
1360 2093 1414 2147 in
1461 2091 1699 2147 excelsis
1728 2090 1793 2157 ’9,
1825 2088 1918 2157 qui
1948 2095 2034 2142 est

445 2210 610 2265 super
658 2207 876 2247 omnem
911 2189 1303 2258 Principatum,
1360 2198 1415 2241 et
1442 2184 1801 2249 Potestatem,
1835 2190 1889 2235 et
1926 2181 2036 2237 Do-

447 2289 822 2350 minstionem,
858 2294 914 2338 et
947 2297 1142 2338 nomen
1173 2282 1313 2351 quod
1348 2280 1683 2341 nominatur,
1711 2291 1818 2331 non
1854 2275 2031 2330 solum

454 2382 508 2436 in
540 2381 642 2435 hoc
678 2377 900 2442 szeeulo,
942 2376 1035 2430 sed
1084 2383 1139 2427 et
1179 2374 1230 2426 in
1271 2372 1451 2425 futuro
1484 2368 1552 2423 ⁸ο.
1586 2368 1848 2421 Flectitur
1891 2366 2036 2419 enim

451 2474 499 2527 ei
533 2485 693 2526 omne
736 2482 901 2538 genu,
950 2475 1005 2519 et
1058 2463 1239 2517 omnis
1296 2461 1477 2530 lingua
1536 2460 1845 2523 confitetur,
1897 2455 2038 2524 quod

453 2561 714 2616 Dominus
747 2557 913 2611 Iesus
951 2555 1201 2608 Christus
1233 2552 1284 2605 in
1311 2550 1483 2619 gloria
1516 2557 1602 2603 est
1642 2549 1731 2602 Dei
1765 2547 1941 2600 Patris
1969 2544 2037 2598 ⁸¹.

451 2654 520 2708 Et
547 2651 670 2720 quis
711 2658 793 2704 est
840 2646 932 2715 qui
969 2647 1022 2698 in
1061 2644 1146 2698 his
1187 2654 1272 2697 est
1308 2652 1565 2709 tanquam
1611 2638 1794 2692 Deus?
1838 2637 2036 2690 lterum

450 2745 591 2798 idem
633 2740 748 2809 ipse
792 2726 1125 2805 explanavit,
1158 2732 1247 2801 qui
1276 2730 1395 2798 ejus
1428 2729 1813 2800 mysteriorum
1845 2742 2032 2781 sacer-

451 2834 550 2888 dos
590 2839 693 2884 est.
741 2828 888 2881 Dixit
914 2827 1079 2887 enim,
1110 2824 1250 2892 quod
1287 2840 1305 2872 ι
1339 2819 1646 2876 exinanivit
1673 2819 1933 2887 seipsum,
1977 2817 2029 2870 in

450 2919 805 2975 similitudine
851 2915 1090 2970 hominis
1138 2912 1316 2967 factus
1365 2922 1467 2974 est,
1520 2919 1574 2965 et
1626 2910 1678 2963 in
1727 2907 1915 2963 habitu
1960 2907 2042 2961 in-

450 3021 648 3068 ventus
675 3022 933 3079 tanquam
992 3008 1193 3062 homo:
1234 3013 1288 3060 et
1323 3003 1633 3058 humiliavit
1689 3002 1927 3069 seipsum
1964 2999 2042 3053 fa-

450 3114 573 3159 ctus
604 3101 864 3156 ohediens
916 3114 1088 3167 usque
1139 3097 1207 3151 ad
1258 3107 1530 3161 mortem,
1586 3099 1814 3148 mortem
1862 3086 2075 3147 autem

452 3195 641 3251 crucis
659 3193 727 3245 ⁸⁸.
765 3191 1028 3245 Flectitur
1076 3189 1239 3257 igitur
1277 3203 1441 3242 omne
1470 3201 1610 3258 genu
1645 3184 1949 3241 caelestium
1982 3192 2038 3238 et

455 3286 802 3342 terrestrium
846 3292 900 3339 et
933 3284 1235 3337 inferorum
1268 3282 1316 3335 ei
1354 3280 1443 3349 qui
1480 3293 1698 3333 crucem
1733 3275 2034 3332 sustinuit:

454 3393 617 3449 quem
657 3377 807 3447 puris
850 3385 906 3430 et
942 3374 1073 3429 solis
1106 3371 1460 3426 humanitatis
1490 3368 1761 3424 mensuris
1788 3368 2040 3436 iniiciens

405 3459 413 3467 ’
455 3468 829 3532 adversarius,
889 3465 1207 3519 memoriam
1250 3472 1306 3517 et
1354 3462 1723 3516 visitationem
1772 3458 2040 3513 meruisse

460 3562 590 3616 dicit
620 3574 649 3613 a
685 3559 792 3612 Deo
822 3558 1021 3620 Verbo,
1050 3570 1171 3610 eum
1202 3561 1353 3609 certe
1379 3547 1595 3621 oportet
1626 3554 1769 3605 scire
1797 3558 1851 3603 et
1879 3564 2038 3617 sape-

462 3667 543 3715 re,
579 3651 721 3720 quod
753 3663 859 3702 non
884 3648 1021 3701 alter
1040 3645 1187 3699 Deus
1222 3645 1461 3699 Verbum
1489 3651 1609 3696 erat
1639 3650 1836 3711 praeter
1860 3641 2037 3708 ipsum

460 3741 634 3797 Filius
673 3738 965 3807 separatim
1016 3745 1073 3789 et
1122 3749 1219 3804 per
1270 3722 1503 3803 partem,
1556 3733 1646 3801 qui
1705 3748 1774 3786 ex
1832 3731 2044 3787 semine

466 3831 656 3896 David,
690 3830 832 3884 sicut
878 3827 1029 3891 dicit,
1081 3827 1286 3880 homo:
1325 3823 1419 3877 sed
1477 3834 1595 3877 erat
1655 3823 1770 3891 ipse
1813 3837 1881 3877 ex
1932 3821 2043 3875 Deo

461 3920 622 3977 Patre
656 3920 800 3975 Deus
843 3918 1104 3982 Verbum,
1154 3916 1329 3971 factus
1366 3914 1666 3970 secundum
1708 3928 1832 3978 nos,
1878 3912 2043 3968 homo

457 4012 733 4076 videlicet,
765 4020 819 4065 et
856 4025 962 4064 non
998 4010 1162 4062 alium
1193 4008 1485 4077 quemdam
1525 4007 1705 4076 magis
1753 4019 1917 4075 quam
1955 4018 2037 4059 se-
2075 4071 2087 4082 .

463 4107 640 4176 ipsum
667 4102 978 4158 visitatione
1003 4108 1057 4155 et
1081 4098 1342 4152 memoria
1365 4097 1611 4166 dignaris.

943 4237 997 4291 8.
1033 4234 1098 4289 Et
1121 4251 1185 4289 ea:
1214 4234 1394 4289 eodem
1427 4233 1581 4287 libro.

1084 4363 1421 4404 THEODORUS.

533 4487 959 4557 Cessabuntjam
981 4485 1046 4539 ab
1068 4485 1372 4554 impudente
1405 4497 1579 4552 pugna
1601 4482 1625 4535 ?
1647 4479 1907 4533 desisteut-
1925 4495 2044 4533 vero

462 4601 597 4640 uana
621 4580 978 4643 contentione,
1009 4576 1372 4631 erubescentes
1396 4575 1664 4627 dictorum
1692 4571 2045 4625 evidentiam?
2078 4604 2122 4658 Β

462 4676 663 4732 Multos
700 4676 864 4738 enim,
889 4671 1036 4736 dicit,
1064 4670 1206 4735 filios
1238 4670 1293 4723 in
1328 4667 1549 4735 gloriam
1580 4666 1873 4717 ducentem.
1911 4662 2044 4717 Ecce

463 4770 631 4841 igitur
671 4768 726 4820 in
773 4764 980 4819 ratione
1028 4762 1303 4830 ﬁliatiouis
1351 4773 1733 4811 connumerans
1765 4756 2049 4824 Apostolus

464 4868 678 4927 apparet
713 4865 1039 4923 assumptum
1075 4854 1339 4905 hominem
1374 4850 1599 4914 cwteris,
1626 4866 1728 4902 non
1758 4849 2046 4902 secundum

465 4949 602 5021 quod
640 4947 885 5000 similiter
930 4944 1037 4995 illis
1069 4941 1352 5011 ﬁliatiouis
1399 4939 1663 5005 particeps
1701 4946 1799 5000 est,
1849 4939 1938 4988 sed
1962 4952 2047 4989 se-

464 5017 694 5096 cundum
733 5035 876 5107 quod
905 5033 1152 5087 similiter
1174 5032 1403 5101 gratiam
1430 5027 1716 5096 assumpsit
1744 5017 2044 5095 ﬁlititionis,

462 5132 661 5185 deitate
695 5127 811 5181 sola
847 5122 1144 5177 naturalem
1173 5122 1482 5190 ﬁliationem
1502 5120 1817 5189 possidente.
1836 5117 2046 5171 Certant

465 5224 607 5278 enim
641 5229 721 5275 est
752 5218 910 5285 illud,
946 5215 1087 5285 quod
1110 5214 1388 5283 ﬁliationis
1408 5214 1577 5282 gloria
1608 5221 1801 5281 pru'ter
1831 5218 2048 5263 calleros

465 5313 700 5366 homines
744 5312 874 5364 inest
912 5308 959 5362 ei
994 5307 1257 5375 prcccipue
1302 5319 1393 5373 per
1436 5304 1690 5355 raritatem
1728 5316 1846 5371 qua:
1873 5310 1947 5354 est
1977 5299 2045 5351 ad

465 5403 636 5456 illum.
672 5400 820 5455 Unde
860 5410 907 5453 et
948 5400 1005 5452 in
1050 5397 1165 5466 ipsa
1196 5412 1320 5449 voce
1359 5392 1692 5462 signiﬁcante
1727 5390 1948 5454 Filium,
1980 5390 2049 5443 si-

469 5493 668 5547 militer
695 5494 856 5547 etiam
898 5490 989 5544 ille
1024 5486 1505 5556 comprehenditur.
1560 5482 1664 5538 Sed
1691 5483 2047 5537 sermocinan-

472 5590 557 5635 tur
603 5582 673 5635 ad
707 5595 839 5636 nos:
882 5580 941 5636 Si
965 5585 1070 5633 duo
1097 5578 1329 5649 perfecta
1357 5574 1537 5631 dicitis
1582 5574 1725 5626 omni
1769 5573 1947 5636 modo,
1997 5580 2045 5625 et

542 5759 588 5790 ⁸⁸
613 5758 754 5811 l’sal.
792 5772 914 5819 cu,
959 5755 1013 5809 5.
1084 5753 1125 5787 “
1150 5769 1330 5818 Lxxw,
1358 5752 1411 5820 Β,
1446 5752 1501 5805 6.

834 5772 914 5819 υ..
959 5755 1013 5809 5.
1084 5753 1125 5787 “
1150 5769 1330 5818 Lxxw,
1358 5752 1411 5819 Β,
1446 5752 1501 5805 6.
1580 5749 1661 5802 “’l
1692 5750 1819 5805 Cor.
1850 5767 1971 5813 vm,
2003 5752 2024 5801 1

2140 5748 2216 5803 IS.
2293 5750 2339 5783 ³⁸
2362 5750 2559 5806 Ezech.
2590 5766 2702 5816 xvr,
2740 5750 2830 5807 52.

501 5828 667 5898 1,21.
745 5825 786 5859 ιι
817 5826 1048 5895 Philipp.
1078 5839 1138 5891 ιι,
1172 5819 1402 5892 10,“.
1454 5822 1499 5854 δ’
1528 5820 1659 5877 Ibid.
1692 5821 1743 5889 7,
1773 5822 1826 5875 8.
1904 5819 2034 5875 "Jo

2161 5836 2200 5887 ι,
2235 5820 2320 5875 11.
2400 5821 2634 5895 “diem,
2665 5838 2764 5892 xu,
2802 5824 2853 5878 1.

2124 621 2303 673 divina
2346 619 2630 684 Scriptura
2676 631 2769 684 per
2821 615 3076 681 seipsum,
3128 611 3411 665 divinitate
3465 620 3706 676 excepta,

2127 713 2337 767 steteris
2381 711 2680 764 hominibus
2717 714 3145 768 connumeratus,
3203 710 3248 757 et
3304 717 3406 755 non
3437 700 3550 769 jam
3580 701 3716 751 duos

2125 800 2348 852 dicimus
2389 798 2550 867 ﬁlios.
2608 796 2757 849 Unde
2796 812 2915 850 vero
2970 792 3139 847 Filius
3181 792 3236 845 in
3276 790 3603 857 confessione
3638 802 3713 841 est

2118 891 2287 961 juste,
2329 892 2579 955 quoniam
2636 898 2949 941 naturarum
2978 884 3166 938 divisio
3220 883 3520 937 necessario
3565 881 3719 933 debet

2126 997 2451 1049 permanere,
2508 991 2554 1034 et
2606 994 2844 1049 persona
2903 976 3074 1031 unitio
3113 973 3500 1044 indissipabilis
3530 982 3724 1026 custo-

2127 1072 2253 1126 diri.

2776 1198 3055 1239 CYBILLUS.

2202 1316 2364 1387 Papa:
2397 1316 2705 1372 insaniam!
2745 1312 3022 1386 Ignoravit
3066 1308 3413 1365 omnifariam
3452 1307 3711 1362 altitudi-

2131 1427 2254 1466 nem
2285 1409 2528 1481 mysterii
2566 1407 2794 1472 Christi,
2832 1406 2925 1474 qui
2976 1405 3049 1458 ita
3088 1403 3302 1472 frigidis
3328 1410 3381 1456 et
3413 1401 3717 1471 puerilibus

2130 1502 2312 1555 verbis
2342 1499 2580 1554 conﬁsus
2615 1506 2718 1553 est.
2768 1496 2924 1561 Quod
2976 1504 3156 1548 autem
3201 1502 3257 1549 et
3297 1492 3493 1562 prolati
3525 1492 3716 1560 scripti

2132 1594 2386 1647 virtutem
2423 1590 2646 1645 minime
2703 1588 2979 1656 intelligit,
3020 1596 3228 1641 rectam
3284 1598 3413 1638 vero
3457 1583 3715 1638 semitam

2134 1685 2391 1747 declinat,
2432 1692 2488 1738 et
2530 1680 2861 1736 transfertur
2903 1680 3098 1733 iterum
3149 1678 3202 1732 in
3251 1676 3574 1732 sceleratam
3614 1675 3718 1730 sibi

2135 1777 2474 1847 propositam
2529 1775 2914 1838 intentionem,
2972 1772 3158 1827 statim
3219 1770 3505 1825 docemus.
3561 1766 3719 1833 Quod

2063 1879 2106 1933 Β
2134 1870 2279 1924 enim
2307 1879 2436 1925 ante
2469 1869 2656 1923 omnia
2697 1866 2937 1923 studium
2971 1865 3023 1920 ei
3064 1872 3167 1929 est,
3199 1878 3396 1934 purum
3427 1862 3586 1917 nobis
3621 1863 3727 1916 ho-

2138 1960 2342 2015 minem
2371 1960 2510 2016 velle
2534 1962 2919 2014 demonstrare
2960 1970 3341 2011 consessorem
3367 1956 3538 2020 Patri,
3571 1964 3626 2007 et
3653 1955 3723 2007 ab

2139 2053 2395 2108 universa
2425 2062 2682 2107 creatura
2721 2061 2978 2120 tanquam
3017 2050 3184 2103 Deum
3212 2045 3724 2122 adorandumpipse

2138 2144 2296 2199 testis
2336 2143 2694 2213 ingredietur.
2718 2140 2817 2196 His
2859 2142 3005 2195 enim
3036 2139 3126 2208 qui
3163 2139 3459 2193 secundum
3487 2139 3721 2207 gratiam

2138 2233 2237 2289 filii
2284 2243 2453 2300 sunt,
2502 2242 2557 2288 et
2611 2234 2861 2288 humanm
2929 2230 3262 2286 nmhitudini
3320 2243 3726 2283 eonnumerans

2138 2340 2283 2389 eum,
2324 2324 2487 2380 Verbi
2513 2325 2769 2380 deitatem
2796 2323 2968 2378 solam
3005 2337 3148 2377 verae
3180 2320 3462 2375 liliationis
3493 2319 3724 2389 gloriam

2141 2420 2343 2474 habere
2386 2419 2687 2485 contendit,
2732 2432 2869 2487 pene
2910 2418 3077 2471 etiam
3126 2417 3416 2484 increpans
3454 2428 3579 2468 eum
3630 2413 3726 2481 qui

2142 2522 2365 2582 propter
2386 2527 2485 2567 nos
2513 2511 2945 2566 exinanitionem
2981 2508 3090 2577 pati
3127 2506 3301 2561 voluit
3334 2524 3349 2561 :
3385 2506 3470 2559 vel
3497 2503 3728 2558 forsitan

2141 2605 2305 2659 etiam
2357 2604 2628 2673 obiiciens
2680 2602 3025 2657 inhonestam
3067 2615 3222 2655 suam
3274 2596 3602 2651 dementiam
3640 2596 3729 2647 di-

2143 2694 2356 2765 scipulo
2395 2695 2600 2749 dicenti
2634 2713 2647 2749 :
2686 2711 2705 2745 ι
2741 2693 2807 2747 Et
2834 2692 3070 2747 Verbum
3102 2706 3232 2746 caro
3264 2690 3462 2745 factum
3498 2697 3579 2743 est
3603 2686 3672 2739 "'.
3700 2704 3721 2737 ι

2145 2786 2438 2841 Sciendum
2473 2786 2635 2854 igitur
2672 2785 2840 2854 quod,
2871 2784 2997 2839 licet
3020 2798 3209 2853 .unum
3236 2780 3437 2835 alicubi
3465 2780 3632 2842 dicat,
3675 2785 3731 2830 et

2144 2893 2248 2930 non
2288 2878 2462 2947 magis
2491 2878 2633 2932 duos
2668 2877 2829 2940 filios,
2865 2875 3091 2943 eiiciens
3120 2874 3343 2930 omnino
3386 2886 3507 2927 esse
3553 2870 3722 2944 Deum

2144 2979 2199 3023 et
2229 2968 2423 3023 Filium
2452 2984 2599 3036 eum,
2644 2969 2735 3038 qui
2771 2969 2914 3022 sicut
2943 2969 3056 3037 ipse
3082 2966 3233 3030 dicit,
3280 2965 3345 3018 de
3391 2961 3600 3018 semine
3638 2970 3727 3015 est

2145 3061 2357 3126 David;
2418 3060 2485 3115 ad
2538 3060 2713 3114 solum
2775 3059 2945 3114 refert
2999 3059 3168 3113 Deum
3219 3055 3459 3111 Verbum
3514 3053 3607 3122 qui
3661 3066 3733 3106 ex

2147 3152 2261 3207 Deo
2292 3151 2456 3207 Patre
2499 3162 2606 3216 est,
2659 3168 2800 3207 verte
2846 3152 3125 3206 ﬁliationis
3171 3149 3425 3220 gloriam.
3458 3146 3571 3201 lloe
3603 3156 3735 3200 vero

2068 3237 2110 3294 C
2146 3244 2281 3299 nihil
2334 3245 2481 3299 aliud
2527 3255 2636 3309 est,
2693 3245 2836 3300 sicut
2891 3244 3025 3308 dixi,
3080 3257 3238 3313 quam
3294 3256 3398 3296 non
3455 3241 3735 3309 suscipere

2147 3338 2369 3391 modum
2428 3336 2785 3391 humanitatis
2833 3356 2847 3392 :
2908 3336 3132 3390 omnino
3188 3344 3368 3388 autem
3418 3333 3737 3386 interimere

2148 3428 2633 3496 dispensationem,
2675 3442 2771 3496 per
2802 3442 2963 3497 quam
2995 3435 3051 3483 et
3095 3425 3232 3481 salvi
3262 3425 3390 3479 facti
3418 3439 3628 3487 sumus,
3670 3432 3730 3477 et

2149 3532 2381 3576 mortem
2426 3529 2481 3575 et
2531 3529 2815 3589 peccatum
2875 3518 3269 3585 transivimus,
3328 3524 3387 3571 et
3443 3514 3735 3571 diabolicae

2149 3610 2392 3666 avaritia:
2426 3611 2614 3683 iugum
2642 3610 3014 3681 deposuimus.

2657 3745 2710 3802 9.
2746 3745 2831 3801 Ex
2863 3748 3044 3801 eodem
3080 3744 3235 3800 libro.

2774 3897 3109 3939 TIIEODORUS.

2225 4021 2394 4077 Nemo
2424 4020 2654 4087 artiﬁcio
2687 4021 3155 4087 interrogationum
3191 4018 3505 4086 decipiatur.
3544 4016 3741 4089 Flagi-

2151 4115 2345 4169 tiosum
2386 4114 2526 4168 enim
2563 4122 2671 4177 est,
2723 4112 2981 4178 deponere
3025 4112 3234 4180 quidem
3279 4118 3477 4162 tantum
3526 4110 3738 4163 testium

2151 4209 2371 4273 nubem,
2414 4206 2700 4260 secundum
2735 4204 2874 4274 quod
2923 4203 3201 4272 Apostolus
3248 4201 3508 4266 dixit“,
3547 4203 3741 4255 astulis
3824 4226 3835 4235 -

2151 4305 2325 4349 autem
2395 4295 2899 4364 interrogationibus
2977 4294 3251 4361 deceptos,
3316 4291 3738 4344 aduersariorum

2150 4389 2288 4456 parti
2319 4387 2589 4456 conjungi.
2627 4386 2760 4451 Qua:
2788 4402 2905 4442 vero
2933 4396 3074 4450 sunt,
3102 4402 3217 4455 qua:
3256 4402 3374 4438 cum
3422 4394 3535 4437 arte
3576 4384 3740 4436 inter-

2153 4478 2377 4548 rogant?
2417 4476 2663 4532 llominis
2707 4478 2938 4547 genitria:
2980 4476 3178 4542 Maria,
3222 4494 3289 4530 an
3340 4475 3435 4529 Dei
3466 4475 3739 4543 geniti-ix?

2152 4567 2243 4633 Et,
2275 4570 2365 4638 qui
2397 4570 2680 4637 cruciﬁxus
2709 4580 2819 4634 est,
2848 4578 3025 4622 utrum
3076 4568 3217 4622 Deus
3239 4606 3253 4631 ,
3302 4584 3369 4621 an
3402 4567 3597 4620 homo?
3631 4564 3737 4619 Sed

2151 4659 2374 4712 istorum
2414 4658 2621 4729 quidem
2657 4669 2801 4713 certa
2847 4669 2921 4712 est
2971 4659 3228 4712 absolutio
3267 4668 3316 4711 et
3362 4673 3427 4711 ea:
3479 4658 3559 4710 his
3617 4672 3738 4722 qua:

2148 4752 2494 4821 praediximus
2553 4752 2609 4805 in
2663 4753 2959 4821 responsis,
3014 4767 3131 4821 qua:
3178 4751 3246 4803 ad
3299 4751 3740 4819 interrogationes

2150 4844 2366 4913 fuerunt
2397 4858 2416 4897 :
2446 4853 2621 4898 tamen
2650 4861 2766 4897 vero
2790 4844 3024 4907 dicatur,
3059 4852 3105 4895 et
3129 4842 3243 4911 jam
3272 4858 3427 4905 nunc,
3452 4858 3569 4910 qua:
3595 4856 3741 4892 com-

2149 4936 2394 5003 pendiose
2445 4937 2757 5003 respondere
2799 4944 3035 5001 oportet,
3098 4943 3153 4987 ut
3200 4935 3351 4988 nulla
3406 4935 3479 4987 eis
3532 4933 3740 4985 occasio

2151 5028 2364 5081 astutia:
2393 5027 2740 5097 relinquatur.
2767 5027 2898 5080 Cum
2931 5027 3094 5095 igitur
3128 5023 3740 5096 interrogantJIomiuis

2150 5119 2400 5188 genitrix,
2430 5136 2497 5173 an
2522 5120 2620 5173 Dei
2643 5120 2873 5190 geniti-ia:
2899 5128 2972 5173 est
3006 5117 3181 5170 Maria
3209 5119 3231 5157 7
3255 5119 3468 5171 dicatur
3497 5133 3526 5168 a
3562 5116 3737 5177 nobis,

2152 5208 2386 5278 Utraque
2416 5225 2436 5263 :
2483 5225 2646 5263 unum
2697 5210 2907 5279 quidem
2966 5217 3160 5262 natura
3203 5209 3294 5272 rei,
3343 5206 3564 5259 alterum
3615 5221 3740 5258 vero

2150 5304 2426 5357 relatione.
2483 5301 2729 5356 Hominis
2775 5303 2913 5356 enim
2961 5302 3197 5373 genitrix
3242 5309 3319 5353 est
3369 5299 3735 5353 naturaliter.

2150 5393 2397 5461 quoniam
2428 5392 2582 5445 Itonia
2609 5404 2722 5446 erat
2757 5393 2814 5447 in
2846 5402 2993 5445 utero
3021 5391 3236 5455 Marica,
3265 5390 3356 5461 qui
3381 5401 3430 5444 et
3460 5390 3581 5443 inde
3609 5405 3733 5456 pro-

2149 5480 2303 5534 cessit
2336 5496 2355 5534 :
2385 5478 2484 5535 Dei
2529 5492 2702 5535 autem
2751 5482 3011 5552 genitrix,
3050 5480 3302 5550 quoniam
3335 5478 3477 5533 Deus
3524 5486 3639 5531 erat
3682 5481 3740 5531 in

2150 5573 2361 5628 homine
2414 5584 2573 5641 nato,
2627 5591 2729 5630 non
2773 5578 2829 5628 in
2877 5590 2937 5630 eo
2990 5575 3412 5645 circumscriptus
3448 5574 3737 5627 secundum

2909 5751 2954 5787 ³⁹
2980 5750 3145 5811 Hebr.
3178 5766 3295 5819 Vltl,
3328 5752 3378 5806 1.
3457 5750 3502 5785 δ’
3527 5748 3735 5818 Epties.
