4076 6418
391 406 531 464 “i5

387 621 627 675 Ittnlatis.
664 617 848 685 Itaque
879 625 1096 684 utraque
1122 616 1333 683 quidem
1366 616 1470 668 dici
1490 616 1699 683 justum
1731 626 1828 682 est,
1865 634 1969 671 non

386 722 562 764 autent
596 712 879 761 secundum
919 706 1140 759 similem
1181 709 1453 760 rationem.
1500 708 1610 761 Nec
1658 710 1794 761 enim
1830 713 1964 763 sicut

387 804 539 854 homo
575 800 625 852 in
662 809 808 852 utero
841 809 893 851 ut
925 809 1053 853 esset
1081 801 1303 866 suscepit
1354 799 1587 861 initium,
1616 800 1692 852 sic
1731 810 1782 852 et
1829 800 1966 854 Deus

400 892 642 945 Verbum.
690 889 821 941 Erat
856 892 993 943 enim
1022 900 1144 943 ante
1174 907 1376 943 onmem
1407 900 1727 944 creaturam.
1776 890 1964 961 Itaque

385 992 433 1036 et
460 998 679 1051 utraque
702 982 805 1033 dici
820 981 1027 1048 justum
1062 991 1158 1044 est,
1188 990 1235 1034 et
1266 990 1541 1049 utrumque
1571 998 1751 1035 eorum
1779 999 1965 1035 secun-

387 1077 509 1127 dum
534 1075 798 1141 propriam
829 1074 1108 1126 rationem.
1142 1071 1290 1126 Idem
1329 1085 1503 1127 autem
1549 1077 1961 1142 respondendum

386 1168 521 1221 estsi
575 1169 923 1234 interrogant,
967 1164 1105 1218 Deus
1160 1167 1443 1232 cruciﬁxus
1498 1176 1595 1230 est,
1645 1184 1713 1219 an
1766 1168 1963 1220 homo?

386 1258 526 1328 quod
555 1266 774 1325 utraque
799 1257 1035 1324 quidem,
1068 1273 1171 1310 non
1204 1267 1375 1309 autent
1404 1259 1688 1310 secundum
1745 1258 1960 1312 similem

388 1352 662 1404 rationem.
700 1349 838 1401 Nam
873 1351 956 1401 lzic
996 1351 1201 1419 quidem
1242 1349 1526 1416 cruciﬁxus
1570 1358 1667 1412 est,
1706 1360 1879 1415 utpote
1912 1358 1958 1403 et

385 1443 679 1512 passionem
709 1444 1013 1509 suscipiens,
1047 1453 1092 1495 et
1129 1443 1268 1510 ligno
1304 1444 1510 1511 affixus,
1551 1450 1599 1494 et
1647 1443 1710 1494 ab
1754 1440 1958 1495 Juda’is

384 1534 624 1587 detentus
650 1549 669 1586 :
704 1535 792 1586 ille
816 1544 1015 1599 autem,
1056 1534 1195 1604 quod
1234 1544 1343 1588 erat
1374 1549 1491 1587 cum
1532 1534 1641 1602 ipso
1670 1534 1957 1587 secundum

381 1622 689 1694 praedictam
717 1639 952 1676 causam.

1027 1751 1305 1793 CYRILLUS.

1593 404 2019 461 FRAGMENTA
2059 405 2479 464 DOGMATICA.

392 541 657 593 naturam,
690 526 780 581 sed
807 525 945 595 quod
983 525 1035 578 in
1067 540 1125 577 eo
1156 533 1229 578 est
1266 525 1550 578 secundum
1586 526 1835 594 affectum
1884 544 1974 580 vo-
2004 532 2051 587 Α

3513 414 3537 468 1
3550 412 3653 469 446

2719 543 2997 585 CYRILLUS.

2139 658 2406 711 Insaniam
2443 658 2603 726 igitur
2630 673 2752 714 esse
2791 660 2959 724 dicis,
2989 659 3127 716 velle
3161 674 3353 731 sapere
3382 671 3562 729 recte,
3596 673 3650 719 et

2070 751 2121 803 in
2156 760 2334 804 mente
2370 751 2567 805 habere
2596 766 2779 804 veram
2813 760 2868 805 et
2901 761 3099 807 rectam
3134 763 3189 807 et
3224 753 3643 812 inadulteratam

2070 840 2271 893 iidem?
2306 856 2428 895 cum
2479 851 2627 896 certe
2677 843 2864 911 plenos
2915 859 3195 899 sermones
3237 845 3463 900 insania:
3502 849 3648 902 dicat

2067 929 2262 997 aliquis
2296 946 2435 995 esse,
2486 941 2540 985 et
2579 931 2738 986 valde
2781 935 2995 998 merito,
3026 950 3118 989 eos
3161 935 3251 1004 qui
3300 936 3640 1006 unigenitum

2070 1018 2163 1073 Dei
2194 1019 2428 1075 Verbum
2474 1022 2740 1093 abnegant
2792 1024 3160 1081 introductum
3212 1043 3331 1082 esse
3377 1043 3406 1081 a
3450 1028 3560 1084 Deo
3592 1041 3649 1084 et

2064 1110 2225 1166 Patre
2252 1114 2302 1166 in
2336 1113 2519 1168 orbem
2559 1126 2824 1170 terrarum
2855 1131 2975 1170 cum
3005 1116 3179 1173 factus
3206 1132 3290 1174 est
3322 1120 3523 1176 homo?
3544 1122 3648 1188 Qui

2064 1205 2207 1258 enim
2286 1206 2577 1260 secundum
2661 1216 2906 1261 naturam
2983 1218 3037 1263 et
3102 1210 3462 1267 differentiam
3529 1213 3648 1268 aliis

2063 1298 2312 1351 omnibus
2364 1298 2609 1364 superior
2657 1306 2771 1364 est,
2824 1301 3073 1369 quoniam
3129 1311 3212 1357 est
3269 1312 3483 1358 creator
3552 1319 3648 1359 eo-

2063 1404 2216 1453 rum,
2261 1399 2316 1444 et
2365 1398 2569 1444 tantum
2616 1392 2696 1445 eis
2741 1392 3169 1448 substantialiter
3215 1398 3465 1465 superior
3527 1408 3642 1465 est,

2063 1481 2433 1549 superpositus
2505 1492 2635 1546 est,
2704 1494 2967 1552 quantum
3035 1494 3117 1538 est
3191 1488 3368 1541 minor
3436 1487 3643 1543 factura

2062 1571 2292 1636 factore,
2341 1573 2617 1642 ingressus
2657 1583 2741 1627 est
2785 1575 2836 1627 in
2880 1574 3067 1627 orbem
3118 1585 3386 1630 terrarum
3429 1579 3645 1646 quando

2064 1663 2364 1731 appellatus
2405 1674 2488 1719 est
2517 1679 2641 1734 pars
2666 1665 2808 1734 ejus,
2838 1669 3132 1721 secundum
3172 1671 3314 1738 quod
3350 1671 3511 1726 homo
3543 1686 3643 1740 ap-

2060 1755 2260 1822 paruit.

449 1844 674 1915 Insuper
713 1857 892 1903 autem
924 1848 1008 1903 his
1042 1850 1207 1904 infert
1243 1851 1427 1905 statim
1455 1851 1779 1919 procedens,
1816 1847 1957 1918 quod

2138 1867 2204 1921 Et
2239 1874 2355 1937 post
2408 1886 2600 1937 pauca.
2661 1869 2829 1925 Miror
2891 1887 3016 1927 vero
3075 1873 3446 1929 adversarium
3505 1876 3643 1931 scri-

378 1940 674 1994 crucilixus
706 1941 865 1993 homo
901 1950 1019 1995 erat
1072 1941 1277 1995 liabens
1315 1942 1482 1996 Deum
1534 1936 1951 1996 inhabitantem.

450 2030 650 2085 Iterum
685 2030 899 2101 Cyrilli.
928 2033 1069 2099 Quid
1098 2033 1256 2099 dicis,
1301 2049 1333 2088 0
1364 2035 1538 2098 fortis,
1597 2033 1687 2087 Dei
1724 2033 1957 2103 genitrix

378 2131 715 2177 eratrsanCta
748 2124 930 2192 Virgo,
968 2126 1107 2193 quod
1148 2136 1277 2180 nato
1307 2140 1370 2179 ex
1412 2126 1528 2195 ipsa
1570 2128 1711 2181 Dens
1757 2127 1955 2189 inerat,

378 2212 630 2269 habitans
696 2218 991 2273 secundum
1074 2218 1247 2272 solum
1315 2218 1565 2272 affectum
1619 2216 1957 2272 voluntatis?

379 2302 542 2360 Istam
575 2321 696 2361 esse
740 2306 976 2363 afﬁrmas
1023 2308 1324 2363 unitatem?
1354 2311 1492 2379 Ergo
1533 2325 1655 2364 cum
1704 2310 1865 2363 etiam
1902 2309 1954 2362 in

380 2399 536 2451 nobis
565 2398 692 2467 ipsis
720 2401 1053 2475 mansionem
1096 2400 1274 2456 iaciat
1324 2402 1462 2455 Dens
1506 2402 1774 2455 exsistens
1824 2400 1955 2453 Ver-

377 2484 503 2540 bmn
538 2488 823 2559 (inhabitat
851 2493 995 2544 enim
1022 2493 1305 2546 animabus
1355 2501 1668 2547 sanctorum
1700 2506 1795 2560 per
1830 2507 1957 2544 san-

378 2591 523 2638 ctum
572 2581 879 2652 Spiritum),
930 2584 1311 2637 eonﬁtearisne
1380 2583 1674 2637 secundum
1723 2583 1955 2635 similem

377 2675 597 2728 modum
618 2675 779 2727 etiam
810 2690 907 2729 nos
929 2675 1078 2744 ipsos
1113 2675 1179 2728 ad
1216 2676 1392 2745 ipsum
1426 2675 1627 2728 habere
1657 2674 1959 2728 unitatem?

380 2762 479 2821 Ubi
510 2767 674 2834 igitur
704 2767 1022 2819 miraculum
1070 2768 1313 2836 mysterii
1346 2767 1547 2821 Christi
1596 2767 1825 2831 astriciat
1857 2767 1956 2820 ali-

379 2856 542 2925 quis?
575 2855 709 2908 Nam
757 2857 1193 2923 quandoquidem
1232 2857 1476 2910 creditur
1516 2857 1810 2909 secundum
1857 2871 1955 2910 nos

380 2947 542 3002 homo
574 2948 688 3003 ﬁeri
720 2946 860 3001 Deus
892 2946 1150 3013 Verbum,
1185 2947 1436 3000 mirabile
1471 2956 1554 2999 est
1597 2961 1726 3000 vere
1755 2956 1956 3014 myste-

378 3038 540 3105 rium,
576 3047 630 3092 et
657 3038 885 3091 miretur
915 3040 1102 3107 utique
1125 3038 1321 3105 aliquis
1360 3038 1460 3090 hoc
1491 3038 1686 3089 merito
1711 3046 1765 3090 et
1790 3037 1954 3090 vehe-

377 3139 607 3183 menter.
642 3128 697 3182 Si
744 3138 923 3184 autem
967 3131 1017 3183 in
1047 3129 1267 3183 homine
1317 3128 1564 3182 habitare
1606 3128 1820 3181 dicatur
1866 3142 1953 3182 se-

376 3223 610 3274 cundum
638 3221 889 3275 allectum
923 3221 1235 3287 voiuntatis,
1284 3221 1446 3275 aliam
1479 3220 1643 3274 habet
1687 3221 1951 3273 rationem

377 3322 467 3364 res
512 3310 953 3378 dispensationis.
1017 3310 1312 3365 Meruimus
1361 3311 1537 3373 enim,
1593 3310 1735 3363 sicut
1786 3309 1950 3371 dixit,

375 3399 638 3468 ejusmodi
689 3404 939 3471 gratiam,
1006 3404 1095 3471 qui
1147 3403 1271 3466 lide,
1331 3418 1451 3472 qua:
1509 3402 1562 3454 in
1624 3402 1796 3467 ipsum
1849 3409 1952 3467 est,

376 3491 768 3560 splenduimus.
801 3493 918 3547 Non
959 3494 1104 3548 enim
1135 3494 1332 3562 aliquis
1376 3494 1562 3564 utique
1604 3490 1771 3558 dicat,
1813 3493 1955 3561 quod

375 3595 485 3635 non
526 3582 830 3639 voluntarie
861 3586 1005 3640 inest
1032 3584 1233 3640 nobis:
1279 3585 1449 3655 magis
1479 3599 1608 3638 vero
1650 3584 1956 3638 voluntarie
2012 3582 2033 3591 ’

375 3672 492 3728 sive
521 3676 815 3729 seeundmu
849 3678 1183 3732 voluntatem
1224 3678 1444 3733 insitam
1487 3678 1535 3731 ei
1579 3676 1646 3729 ad
1694 3692 1794 3731 nos
1827 3674 1957 3731 aﬁ'e-

376 3772 521 3820 ctum
554 3765 781 3820 fecerat.
817 3768 924 3823 Sed
965 3784 1063 3824 nec
1098 3785 1129 3824 a
1161 3786 1326 3826 carne
1354 3778 1555 3825 sanctae
1584 3769 1823 3837 Virginis
1862 3770 1957 3824 ini-

377 3854 511 3909 tium
545 3858 793 3909 essentise
824 3857 1080 3913 habuisse
1110 3861 1342 3915 dicimus
1373 3860 1540 3913 Deum
1571 3860 1830 3925 Verbum,
1862 3859 1955 3927 qui

375 3949 854 4004 consubstantialis
885 3961 967 4003 est
998 3950 1147 4003 Patri
1182 3968 1195 4003 :
1230 3961 1348 4005 erat
1393 3952 1536 4004 enim
1587 3965 1801 4019 semper
1850 3965 1951 4003 una

374 4055 496 4096 cum
528 4058 594 4096 eo
627 4042 932 4097 subsistens
960 4062 976 4096 ε
1013 4044 1182 4112 magis
1211 4052 1391 4098 autem
1425 4042 1626 4096 scimus
1657 4042 1953 4096 secundum

376 4147 478 4189 nos
523 4133 724 4187 factum
772 4148 894 4189 esse
935 4134 1231 4188 hominem.
1280 4135 1461 4201 Itaque
1510 4140 1618 4185 tam
1661 4132 1805 4198 juste
1856 4130 1953 4186 Dei

374 4225 610 4294 genitrix
641 4224 854 4279 dicatur
887 4242 916 4278 a
953 4227 1108 4279 nobis
1138 4234 1324 4279 sancta
1366 4222 1552 4292 Virgo,
1581 4238 1741 4288 quam
1775 4222 1951 4275 homi-

376 4316 462 4371 nis
491 4317 747 4384 genitrix,
777 4332 900 4372 cum
931 4327 1080 4373 certe
1109 4318 1404 4373 secundum
1433 4330 1654 4371 carnem
1682 4312 1951 4369 Christum

376 4407 696 4475 peperisset.

2061 1959 2254 2027 psissc,
2286 1961 2429 2029 quod
2458 1976 2734 2029 nunquam
2761 1962 3193 2031 coniunctionem
3219 1969 3283 2021 ad
3310 1968 3477 2022 Deum
3502 1966 3641 2022 Ver-

2061 2049 2183 2103 bum
2215 2052 2498 2106 meruisset
2521 2061 2573 2106 et
2600 2051 2776 2118 Jesus,
2798 2055 2899 2108 nisi
2922 2056 3069 2125 prius
3093 2058 3465 2114 itumaeulatus
3498 2070 3643 2114 esset

2059 2138 2290 2195 effectus.
2313 2155 2410 2209 per
2466 2146 2797 2196 unctionem.
2833 2143 2964 2198 Nam
3008 2149 3224 2215 quidem
3257 2150 3490 2216 primum
3524 2146 3638 2203 dis”-

2054 2232 2230 2302 jungit
2251 2232 2534 2288 manifeste
2547 2236 2896 2302 etdiscernit,
2914 2247 3095 2305 aperte
3117 2240 3250 2294 duos
3266 2241 3450 2294 dicens
3474 2240 3635 2293 ﬁlios.

2063 2325 2263 2379 Deinde
2292 2326 2453 2389 dicat,
2487 2329 2705 2394 quando
2731 2329 2872 2382 sicut
2901 2331 2977 2383 ait
3008 2332 3385 2386 immaculatus
3415 2330 3640 2386 eﬂectus

2059 2424 2162 2479 ρει,
2214 2425 2267 2469 et
2311 2418 2377 2470 ad
2429 2417 2593 2472 Deum
2634 2417 2870 2473 Verbum
2922 2421 3354 2491 conjunctionem
3408 2424 3636 2489 meruit,

2060 2515 2239 2560 utrum
2275 2524 2338 2561 ex
2372 2508 2487 2576 ipso
2518 2518 2695 2573 utero,
2722 2520 2811 2562 aut
2841 2525 2961 2563 cum
2998 2512 3271 2565 tricesimo
3302 2528 3443 2565 anno
3474 2524 3639 2570 esset.

2060 2597 2314 2652 Pervenit
2343 2599 2560 2667 quidem
2597 2600 2661 2653 ad
2694 2598 3010 2667 Jordanem,
3041 2604 3290 2671 quaesivit
3322 2619 3449 2658 vero
3478 2606 3640 2658 etiam

2059 2686 2282 2741 Joannis
2314 2688 2642 2757 baptismum
2676 2690 2741 2757 ‘5.
2777 2689 2832 2744 Si
2866 2692 3083 2759 quidem
3114 2709 3179 2747 ex
3224 2707 3377 2748 utero
3424 2707 3643 2751 sanctus

2059 2788 2224 2843 esset,
2278 2780 2549 2846 quomodo
2595 2780 2723 2832 dicit
2764 2791 3012 2833 Sathllllll
3046 2782 3180 2836 eﬂici
3228 2799 3382 2847 eum,
3435 2796 3487 2839 et
3532 2803 3639 2841 non

2060 2858 2424 2938 magis’esse?
2466 2871 2616 2937 Quod
2657 2872 2800 2924 enim
2845 2873 3046 2926 dicitur
3095 2875 3238 2940 fieri,
3282 2878 3504 2930 omnino
3547 2894 3642 2932 ne-
3722 2900 3729 2915 π

2056 2976 2211 3014 cesse
2252 2971 2337 3015 est
2383 2962 2683 3031 intelligere
2726 2966 2868 3028 quod
2918 2980 3023 3018 non
3075 2975 3193 3020 erat
3241 2968 3383 3035 quod
3439 2967 3638 3022 factum

2059 3062 2160 3104 est.
2198 3050 2292 3104 Sin
2322 3060 2501 3105 autem
2533 3061 2653 3105 erat
2694 3062 2915 3107 sanctus
2946 3068 3178 3122 semper,
3223 3067 3278 3108 et
3312 3058 3413 3111 hoc
3444 3071 3547 3110 non
3586 3057 3639 3110 in

1980 3186 2023 3243 ο
2061 3153 2301 3212 tempore
2331 3143 2506 3197 factus
2537 3152 2642 3210 est,
2691 3147 2959 3213 quomodo
3000 3147 3129 3201 dicit
3172 3147 3433 3216 Spiritum
3478 3163 3642 3217 super

2059 3250 2180 3288 eum
2213 3235 2512 3299 devolasse,
2543 3246 2595 3289 et
2638 3236 3024 3303 conjunctione
3073 3239 3293 3307 dignum
3331 3241 3503 3307 ipsum
3549 3242 3643 3294 de-

2059 3334 2418 3389 monstrasse,
2464 3334 2518 3380 et
2564 3328 2836 3381 addidisse
2877 3329 2924 3382 ci
2976 3331 3117 3398 quod
3160 3331 3386 3384 deerat?
3432 3332 3495 3384 Et
3540 3332 3640 3386 hoc

2059 3418 2201 3470 enim
2239 3418 2290 3471 in
2346 3418 2465 3472 aliis
2504 3421 2619 3473 suis
2669 3420 2848 3489 posuit
2891 3419 3064 3475 libris.
3114 3421 3253 3487 Quid
3299 3425 3443 3476 enim
3483 3433 3638 3487 erat,

2058 3511 2204 3578 quod
2232 3511 2452 3564 omnino
2483 3512 2545 3565 ad
2592 3513 3074 3568 sanctiﬁcatione!“
3108 3515 3292 3568 deerat
3335 3516 3381 3568 ei
3426 3530 3489 3567 ex
3524 3516 3640 3582 ipso

2060 3612 2236 3663 utero,
2267 3602 2439 3671 magis
2469 3615 2598 3656 vero
2624 3612 2678 3656 et
2709 3612 2833 3657 ante
2864 3605 3159 3658 secundum
3190 3620 3408 3659 carnem
3443 3607 3640 3659 nativi-

2061 3701 2224 3746 tatem
2258 3703 2445 3746 saucto
2486 3702 2540 3746 et
2574 3694 2949 3759 immaculato,
2984 3705 3037 3748 et
3080 3697 3437 3751 sanctiﬁcauti
3488 3714 3641 3751 crea-

2061 3792 2238 3838 turam
2260 3785 2285 3837 ?
2315 3783 2450 3838 Cum
2485 3785 2652 3853 igitur
2681 3786 2845 3852 dicat,
2883 3791 3028 3855 quod
3060 3803 3165 3841 non
3200 3789 3384 3855 utique
3413 3790 3641 3845 meruis-

2058 3884 2139 3927 set
2189 3874 2348 3928 Jesus
2396 3876 2837 3944 coniunctionem
2890 3881 2955 3931 ad
3005 3879 3170 3932 Deum
3218 3880 3483 3945 Verbum,
3536 3883 3642 3935 nisi

2054 3964 2206 4032 prius
2252 3965 2629 4018 immaculatus
2679 3966 2905 4021 eﬂ‘ectus
2950 3978 3121 4034 esset,
3170 3969 3426 4038 plurimas
3474 3971 3636 4025 simul

2056 4055 2431 4109 accusationes
2476 4057 2735 4111 adversus
2777 4073 2876 4112 sua
2922 4060 3106 4113 scribit
3142 4060 3468 4129 vaniloquia.
3503 4062 3637 4117 Nam

2057 4145 2289 4213 primum
2320 4147 2535 4213 quidem
2570 4148 2884 4204 indecenter
2915 4150 3070 4216 dicit,
3107 4153 3371 4206 meruisse
3403 4173 3415 4206 :
3445 4154 3639 4208 deinde
3712 4222 3716 4225 Α

2056 4234 2315 4305 disjungit
2354 4235 2405 4287 in
2438 4236 2679 4291 alterum
2712 4240 3004 4308 separatim
3038 4239 3256 4307 Filium,
3302 4244 3392 4312 qui
3440 4260 3505 4298 ex
3550 4259 3640 4300 se-

2056 4326 2201 4379 mine
2231 4336 2313 4379 est
2345 4326 2531 4393 David,
2569 4344 2727 4398 quem
2763 4330 2935 4399 ipsum
2987 4332 3158 4385 solum
3210 4336 3499 4400 separatim
3543 4334 3636 4390 Je-

2056 4429 2178 4470 sum
2213 4418 2493 4472 nominare
2525 4420 2864 4489 impudenter
2893 4424 3194 4477 contendit.
3239 4424 3320 4477 Ad
3352 4426 3486 4490 haec,
3530 4426 3635 4479 im-

446 4497 515 4552 Et
542 4511 654 4569 post
689 4499 820 4555 alia.
865 4501 1000 4555 Cum
1037 4500 1183 4556 enim
1232 4501 1297 4555 ad
1351 4500 1789 4569 explanationem
1847 4501 2029 4575 hocn
2062 4510 2391 4564 maculatum
2444 4509 2581 4564 eﬂici
2631 4527 2753 4565 eum
2813 4514 3012 4578 dicere,
3071 4524 3324 4584 tanquam
3375 4515 3478 4569 hoc
3533 4517 3633 4569 ali-

377 4594 714 4661 pmpositum
740 4603 843 4657 est,
874 4595 1016 4662 quod
1049 4605 1132 4648 est
1163 4610 1177 4648 :
1217 4615 1236 4647 (
1268 4594 1400 4649 Cum
1432 4595 1722 4649 introducit
1746 4595 1951 4664 primo-

376 4685 616 4751 genitum
659 4686 709 4738 in
740 4687 923 4739 orbem
956 4697 1240 4751 terrarum,
1274 4689 1405 4742 dicit
1436 4706 1449 4741 :
1485 4688 1547 4741 Et
1571 4688 1798 4742 adorent
1827 4702 1950 4743 eum

378 4773 612 4831 universi
638 4776 811 4846 angeli
845 4776 938 4831 Dei
972 4777 1037 4844 ⁸⁵,
1078 4797 1098 4831 ι
1135 4779 1322 4833 scribit
1352 4782 1543 4835 iterum
1575 4780 1654 4836 sic
1687 4797 1702 4835 :

935 4911 1023 4967 i0.
1066 4927 1398 4968 THEODORUS.

446 5021 581 5091 Quis
609 5036 682 5078 est
712 5025 875 5097 igitur
907 5025 996 5095 qui
1038 5026 1091 5079 in
1121 5027 1293 5081 orbem
1344 5039 1607 5083 terrarum
1653 5029 1953 5084 introduci-

375 5121 483 5181 tur,
511 5125 557 5168 et
585 5115 994 5172 dominationem
1027 5119 1141 5188 ejus
1174 5118 1354 5187 incipit
1408 5118 1571 5191 [forte
1613 5119 1848 5194 accipit],
1885 5121 1949 5175 de

374 5219 477 5275 qua
506 5206 555 5258 ei
604 5215 653 5259 et
686 5207 898 5260 adorari
937 5210 1002 5263 ab
1048 5211 1245 5279 angelis
1289 5213 1627 5279 acquiritur?
1669 5211 1779 5266 Nec
1814 5214 1952 5265 enim

375 5295 642 5351 insaniens
688 5298 885 5369 aliquis
930 5300 1071 5355 dicat
1114 5301 1280 5356 Deum
1346 5303 1571 5356 Verbum
1614 5320 1723 5358 esse
1780 5294 1952 5358 intro-

377 5389 615 5455 ductum,
668 5391 759 5461 qui
816 5393 995 5445 omnia
1049 5409 1152 5447 non
1202 5396 1463 5449 exstantia
1500 5395 1644 5463 fecit,
1693 5397 1950 5465 ine/i'abili

376 5474 491 5544 ejus
528 5479 720 5533 virtute
751 5479 952 5534 donans
980 5483 1054 5535 eis
1081 5491 1137 5535 ut
1172 5494 1359 5538 essent.

452 5629 685 5688 “Hebr.
714 5648 752 5698 l,
794 5633 851 5699 6,
925 5633 1178 5693 “Matth.
1219 5654 1279 5704 tl,
1308 5639 1453 5694 1-17.

2056 4604 2273 4670 quando
2326 4616 2431 4654 non
2491 4603 2799 4666 habentem,
2860 4605 3146 4673 plurimam
3208 4606 3308 4661 hoc
3366 4609 3525 4662 habet
3579 4620 3636 4663 et

2056 4693 2466 4761 blasphemiam.
2502 4695 2697 4749 Unitus
2745 4697 2886 4750 enim
2936 4699 3075 4752 Deus
3121 4698 3354 4752 Verbum
3407 4716 3470 4753 ex
3520 4701 3635 4769 ipso

2059 4794 2212 4840 utero
2240 4787 2390 4840 carni
2424 4802 2554 4850 suae,
2589 4804 2725 4842 unus
2767 4798 2905 4853 erat,
2949 4797 3004 4844 et
3045 4790 3122 4843 sic
3162 4801 3215 4844 et
3257 4792 3635 4848 immaculatus

2056 4872 2260 4941 Filius,
2295 4874 2531 4930 Sanctus
2560 4878 2902 4944 (sanctorum,
2950 4887 3006 4936 et
3055 4880 3119 4932 de
3162 4894 3259 4932 sua
3302 4880 3639 4948 plenitudine.

2063 4962 2321 5030 Spiritum
2380 4966 2514 5019 dans
2565 4981 2669 5019 non
2718 4967 2890 5020 solum
2940 4968 3284 5036 hominibus,
3333 4972 3426 5026 sed
3471 4973 3636 5027 etiam

2060 5070 2295 5122 sursum,
2326 5067 2381 5112 et
2411 5058 2467 5112 in
2492 5058 2633 5113 cmlo
2677 5059 3095 5115 rationabilibus
3131 5061 3441 5118 virtutibus.

2567 5213 2657 5267 11.
2691 5213 2762 5268 Ει
2789 5225 2904 5285 post
2932 5233 3123 5287 pauca.

2610 5388 2615 5395 .
2682 5361 3012 5402 THEODORUS.

2131 5488 2208 5560 (1)
2246 5506 2265 5541 ι
2301 5488 2595 5549 Multirarie
2618 5494 2910 5564 multisque
2938 5494 3123 5566 modis
3152 5494 3281 5553 olim
3319 5494 3460 5554 Deus
3488 5498 3641 5557 locu-

452 5788 529 5861 (ι)
560 5788 704 5847 Citat
732 5792 877 5849 hunc
905 5791 1080 5851 locum
1107 5794 1365 5855 Leontius
1397 5796 1432 5854 l.
1468 5813 1552 5865 ιιι,
1588 5800 1728 5869 apud
1757 5798 1937 5856 Canis.
1981 5807 2019 5854 t.
2056 5799 2122 5856 IV
2144 5801 2323 5872 Antiq.
2353 5800 2473 5859 lect.
2507 5817 2563 5874 p.
2604 5802 2693 5861 93.
2724 5802 2903 5862 Hann.
