4076 6420
386 432 525 491 ιιι-1

1333 426 1391 482 S.
1433 423 1709 482 CYRHJJ
1747 419 2225 478 ALEXANDRINI
2269 415 2591 475 ARCHIEP.

3530 409 3667 467 1348

388 560 476 602 tus
505 546 752 617 patribus
781 547 834 601 in
866 543 1163 615 prophetis,
1198 542 1252 597 iu
1309 542 1620 600 novissimis
1658 540 1848 597 diebus
1890 540 1977 595 his
2006 547 2053 604 Α
2083 535 2354 592 Theodori
2388 535 2565 606 sequi,
2597 547 2703 589 non
2735 531 3127 589 absolutionem
3175 528 3225 586 ei
3262 527 3670 585 accusationum

390 639 601 693 loculus
629 646 717 693 est
744 637 898 692 nobis
928 638 980 690 in
1025 635 1163 690 Filio
1193 635 1261 701 "’,
1296 654 1314 687 ι
1350 635 1457 689 Per
1496 633 1545 688 F
1549 634 1697 687 ilium
1732 634 1870 687 enim
1897 632 1978 685 lo-

388 736 540 781 cutus
568 736 643 782 est
680 726 827 781 nobis
854 740 873 779 :
911 738 1109 780 certum
1134 737 1212 780 est
1247 741 1387 791 vero,
1418 724 1559 795 quod
1600 723 1664 777 de
1706 731 1976 790 assumpto

389 819 617 873 homine.
663 836 680 869 ι
726 817 826 872 Cui
889 819 1033 872 enim
1085 819 1221 873 dixit
1266 817 1559 887 aliquando
1609 814 1973 885 angelorum:

390 907 560 963 Filius
591 922 745 962 meus
773 923 832 961 es
865 917 941 974 tu,
965 924 1063 978 ego
1098 908 1259 963 hodie
1291 908 1447 978 genui
1484 918 1533 961 te
1561 905 1647 959 ⁸θῖ
1685 925 1704 958 ι
1754 903 1995 969 Nullum,

390 1000 539 1061 dicit,
599 1002 907 1068 participem
959 1001 1082 1068 fecit
1139 1000 1417 1069 dignitatis
1474 996 1622 1051 Filii.
1676 995 1791 1050 lloc
1835 996 1974 1050 enim

389 1090 530 1157 quod
557 1090 716 1158 dixit,
750 1093 909 1161 genui
939 1101 1025 1155 te,
1058 1093 1211 1160 quasi
1243 1107 1337 1160 per
1380 1091 1481 1143 hoc
1522 1088 1975 1158 participationem

391 1179 669 1249 ﬁliaiionis
698 1182 883 1235 dedit:
913 1184 1123 1235 omnino
1169 1198 1285 1235 vero
1329 1192 1508 1251 aperte
1539 1180 1740 1234 nullam
1778 1179 1976 1233 habens

393 1273 463 1325 ad
496 1271 661 1325 Deum
712 1272 935 1327 Verbum
971 1274 1422 1339 communionem,
1457 1282 1671 1343 apparet
1716 1273 1813 1326 hoc
1839 1272 1978 1343 quod

394 1364 591 1417 dictum
621 1374 720 1418 est.

1043 1474 1322 1515 CYBILLUS.

462 1546 626 1605 Certe
659 1560 714 1605 et
759 1551 812 1605 in
853 1550 1297 1617 allocutionibus,
1330 1567 1467 1621 quas
1515 1551 1643 1607 fecit
1688 1552 1753 1606 ad
1797 1551 1976 1621 bapti-

393 1643 616 1710 zandos,
654 1643 851 1697 iterum
899 1643 1039 1697 dixit
1086 1645 1226 1699 idem
1274 1643 1643 1700 Theodorus:
1693 1643 1809 1698 Hoc
1858 1660 1978 1699 vero

396 1749 499 1786 non
530 1749 595 1786 ea:
621 1734 767 1786 nobis
789 1736 916 1803 ipsis
950 1736 1242 1790 invenimus
1274 1737 1650 1801 testimonium,
1686 1737 1776 1790 sed
1800 1752 1864 1789 ex
1897 1736 1980 1788 di-

395 1822 513 1874 cina
563 1822 735 1875 edocti
780 1838 962 1877 sumus
1014 1822 1325 1892 Scriptura,
1386 1827 1635 1894 quoniam
1698 1836 1744 1878 et
1799 1826 1977 1880 beatus

2081 628 2246 697 facit;
2302 630 2497 699 magis'
2527 643 2657 683 vero
2713 627 3075 696 grandiorem"
3115 625 3379 681 adversus
3437 636 3559 677 eum
3614 623 3669 678 in

2083 719 2488 774 damnationem
2534 716 2678 790 Hor.
2726 712 3278 787 condemnationem]
3332 716 3670 783 operabitur.

2080 808 2217 863 Dum
2248 810 2392 863 enim
2430 808 2619 864 liceret
2649 808 2697 865 ei
2737 819 3048 865 sanctorum
3094 807 3315 861 Patrum
3368 805 3532 859 rectis
3558 820 3676 859 ver-

2080 900 2164 954 bis
2210 909 2263 954 et
2305 899 2670 955 immaculatis
2713 902 2779 954 de
2823 899 3027 955 deitate
3075 897 3421 953 sermonibus
3470 895 3671 964 potiri,

2080 994 2440 1063 prmposuisse
2475 992 2813 1063 dignoscitur
2850 991 3063 1046 veritati
3108 990 3468 1045 mendacium.
3516 989 3669 1043 Prae-

2080 1088 2318 1141 termisit
2342 1086 2488 1141 enim
2520 1102 2641 1156 qua:
2673 1086 2889 1142 illorum
2920 1097 3087 1153 sunt;
3138 1084 3313 1154 magis
3341 1098 3474 1137 vero
3504 1081 3669 1153 elegit

2083 1180 2328 1249 turpibus
2359 1181 2670 1246 adhaerere,
2716 1188 2771 1235 et
2813 1189 2923 1233 tam
2956 1179 3202 1234 distortis
3235 1177 3513 1234 laetiﬁcare
3543 1190 3666 1231 ser-

2082 1272 2356 1327 monibus.
2383 1271 2539 1328 Huuc
2571 1287 2698 1328 vero
2724 1273 2816 1343 qui
2844 1272 3005 1326 talem
3040 1272 3204 1326 habet
3248 1269 3583 1324 voluntatem
3615 1278 3670 1321 et

2079 1362 2435 1429 dementiam,
2470 1364 2523 1418 in
2557 1364 2660 1418 hoc
2693 1363 2981 1419 desiluisse
3032 1362 3271 1433 ineulpet
3314 1361 3544 1432 aliquis,
3581 1376 3671 1415 ar-

2080 1453 2256 1509 bitror
2281 1463 2335 1508 et
2362 1453 2515 1509 valde
2557 1455 2774 1510 merito.
2817 1456 3118 1525 Oportebat
3157 1455 3300 1508 enim
3348 1453 3669 1508 memoriam

2080 1547 2284 1602 habere
2324 1548 2654 1605 sanctissimi
2696 1547 2881 1615 Pauli,
2926 1548 3085 1618 plane
3128 1547 3419 1602 scribentis
3464 1548 3667 1602 nobis:

2087 1657 2107 1689 ε
2146 1637 2336 1694 Estote
2387 1640 2685 1709 prudentes
2734 1638 3084 1693 nummularii
3125 1655 3140 1693 :
3189 1639 3370 1693 omnia
3411 1636 3669 1707 probate,

2081 1730 2223 1797 quod
2256 1730 2458 1783 bonum
2492 1738 2574 1784 est
2614 1737 2790 1783 tenete
2820 1746 2833 1784 :
2868 1727 2938 1783 ab
2973 1727 3121 1783 omni
3145 1727 3328 1795 specie
3375 1725 3513 1779 mala
3547 1726 3675 1779 abs-

2084 1820 2257 1877 tinete
2306 1836 2404 1876 vos
2437 1822 2505 1876 ".
2546 1840 2566 1873 i
2605 1821 2759 1888 Quod
2789 1831 2845 1877 et
2881 1836 3044 1890 agere
3084 1820 3267 1888 soliti,
3302 1834 3401 1875 nos
3441 1828 3495 1875 et
3536 1818 3674 1875 soli-

394 1912 599 1969 Paulus
629 1915 703 1969 ita
735 1916 906 1970 dicit:
959 1934 978 1966 ι
1024 1916 1099 1970 Ex
1135 1887 1343 1986 quibus
1385 1887 1637 1973 Christus
1678 1919 1977 1973 secundum
2010 1887 2055 1946 Β
2087 1913 2276 1968 dorum
2321 1916 2641 1982 prohatores
2675 1914 2881 1969 imitari
2928 1913 3285 1979 festinantes,
3325 1912 3414 1966 illa
3450 1913 3670 1981 quidem

393 2022 640 2073 carnem,
672 2007 763 2076 qui
797 2017 880 2061 est
925 2023 1092 2077 super
1135 2009 1316 2062 omnia
1369 2008 1509 2064 Deus
1542 2009 1608 2074 δ’,
1648 2028 1666 2061 ι
1705 2027 1808 2065 non
1842 2010 1983 2079 quod

393 2114 457 2151 cs:
491 2098 698 2152 Juda'is
726 2109 774 2152 et
805 2101 1091 2153 secundant
1124 2116 1335 2154 carnem
1364 2112 1461 2168 est,
1492 2102 1582 2171 qui
1625 2117 1781 2168 super
1804 2103 1981 2156 omnia

394 2191 533 2245 Deus
562 2204 677 2257 est;
706 2195 795 2247 sed
831 2194 929 2246 hoc
968 2195 1182 2264 quidem
1225 2194 1294 2246 ad
1334 2193 1746 2264 signiﬁcandam
1788 2195 1980 2248 Imma-

394 2300 515 2336 nam
543 2296 790 2337 naturam
832 2286 994 2351 dixit,
1031 2302 1189 2354 quam
1219 2287 1283 2338 ab
1319 2283 1616 2339 Israelitico
1652 2302 1838 2355 genere
1870 2301 1981 2340 esse

392 2374 609 2438 sciebat,
642 2375 776 2428 illud
813 2386 987 2429 autem
1022 2376 1092 2428 ad
1139 2376 1513 2430 ostendendam
1556 2378 1787 2431 divinam
1822 2387 1983 2432 natu-

394 2481 539 2528 ram,
589 2483 746 2537 quam
779 2482 942 2535 supra
1011 2469 1189 2521 omnia
1233 2476 1283 2521 et
1332 2469 1573 2521 omnibus
1622 2470 1979 2523 dominantem

392 2555 592 2610 sciebat
622 2574 640 2611 :
676 2575 696 2608 ε
722 2556 766 2612 0
789 2559 959 2624 surdi,
993 2560 1195 2625 audite,
1225 2569 1304 2627 et,
1335 2561 1486 2623 caeci,
1519 2560 1699 2615 videte
1723 2561 1794 2626 '°,
1835 2579 1854 2611 ι
1891 2576 1984 2617 ac-

396 2647 653 2703 (lamavit
684 2648 879 2719 aliquis
913 2660 1224 2704 sanctorum
1257 2656 1337 2706 eis
1378 2651 1467 2721 qui
1498 2651 1718 2707 fuerunt
1758 2662 1823 2708 ex
1856 2668 1984 2708 san-

394 2740 557 2809 guine
588 2740 769 2796 lsrael.
808 2741 920 2811 Ego
951 2752 1133 2797 autem
1182 2743 1442 2810 arbitror,
1476 2755 1530 2799 et
1576 2745 1728 2798 valde
1767 2745 1980 2811 merito,

393 2833 498 2886 hoc
527 2844 707 2901 aptum
739 2849 860 2889 esse
894 2850 998 2889 non
1034 2835 1379 2900 habentibus,
1406 2835 1490 2891 vel
1524 2852 1627 2890 non
1671 2836 1983 2893 volentibus

388 2934 545 2978 recte
577 2925 879 2995 intelligere
910 2926 1115 2983 Christi
1146 2928 1488 2998 mysterium.
1516 2925 1652 2981 Nam
1684 2928 1985 2984 obcaecavit

394 3019 610 3088 quidem
651 3020 791 3093 Deus
823 3020 1006 3075 saeculi
1044 3021 1202 3076 istius
1254 3021 1643 3091 intelligentiae
1682 3022 1981 3078 infidelium

396 3120 451 3165 et
482 3111 818 3182 intelligibile
854 3113 906 3167 in
955 3122 1136 3167 mente
1186 3123 1240 3168 et
1282 3112 1334 3167 iu
1381 3113 1546 3167 corde
1578 3127 1685 3167 non
1718 3112 1983 3167 habentes

394 3204 591 3259 merito
630 3214 953 3258 erraverunt
986 3206 1054 3259 “.
1094 3204 1149 3259 Si
1184 3219 1313 3260 vero
1351 3204 1573 3275 quidam
1611 3206 1739 3259 sun't
1786 3204 1986 3258 illumi-
2012 3236 2055 3292 ο

396 3296 533 3359 nati,
565 3296 736 3366 magis
760 3312 888 3351 vero
919 3297 1085 3351 etiam
1119 3297 1433 3352 doctoribus
1464 3297 1866 3362 conumnerati,
1889 3298 1984 3366 qui

393 3386 664 3441 similibus
696 3389 903 3444 morbis
934 3390 1117 3444 nescio
1148 3391 1422 3460 quomodo
1445 3390 1649 3445 detenti
1682 3399 1831 3458 sunt,
1857 3390 1986 3458 quid

393 3477 539 3531 aliud
588 3480 669 3533 eis
720 3479 920 3550 aliquis
962 3483 1242 3550 acclamet,
1275 3497 1437 3551 quam
1485 3481 1588 3536 hoc
1628 3484 1770 3551 quod
1814 3496 1843 3534 a
1876 3480 1986 3536 Deo

394 3571 599 3625 dictum
657 3582 744 3627 est
798 3588 896 3642 per
944 3589 1113 3628 unum
1169 3582 1482 3628 sanctorum
1540 3573 1981 3643 prophetarum:

398 3680 418 3715 ι
457 3663 611 3727 Quod
645 3663 874 3731 laqueus
917 3662 1045 3718 facti
1090 3664 1222 3719 estis
1260 3663 1491 3733 speculae
1541 3666 1593 3719 in
1643 3664 1983 3733 visitatione,

394 3763 449 3809 et
478 3754 620 3807 sicut
668 3755 802 3807 retia
848 3763 1076 3809 extensa
1109 3755 1160 3809 in
1189 3757 1506 3821 statumine,
1538 3771 1700 3826 quam
1750 3758 1841 3827 qui
1893 3773 1984 3813 ve-

394 3856 619 3911 nantur,
645 3846 991 3901 contixerunt
1016 3847 1104 3901 ll’?
1139 3866 1159 3900 ι
1198 3846 1299 3914 Qui
1332 3849 1474 3903 enim
1524 3849 1982 3921 quaniplurimam

394 3935 684 3989 utilitatem
731 3937 992 4007 subjectis
1026 3938 1199 4006 magis
1244 3939 1426 3993 facere
1468 3940 1689 4005 debent,
1738 3940 1826 3995 isti
1873 3939 1986 3997 fue-

395 4034 522 4081 runt
549 4035 603 4081 et
632 4026 877 4096 laqueus,
908 4038 965 4082 et
996 4039 1130 4094 rete,
1162 4038 1216 4084 et
1249 4030 1493 4085 scandali
1529 4033 1772 4098 occasio,
1806 4043 1860 4088 et
1890 4049 1984 4102 pe-

394 4128 612 4172 taurum
644 4119 864 4173 inferni.
899 4120 969 4175 Et
999 4121 1100 4175 ista
1148 4121 1268 4177 dico
1313 4122 1545 4178 miratus
1589 4124 1778 4188 Valde,
1816 4134 1872 4180 et
1902 4125 1983 4179 vi-

392 4204 524 4261 dere
554 4222 659 4261 non
691 4218 883 4276 potens
912 4209 979 4261 ad
1017 4210 1145 4279 quid
1180 4211 1403 4281 respicit
1450 4212 1681 4268 intentio
1727 4214 1985 4269 adversa-

393 4296 483 4351 rii.
516 4292 650 4349 Nam
685 4296 969 4353 coiifessus
998 4310 1082 4354 est
1107 4301 1325 4369 quidem
1366 4303 1669 4371 evidenter,
1697 4306 1840 4374 quod
1888 4320 1985 4376 per

395 4387 591 4444 Filium
624 4388 835 4444 locutus
865 4400 953 4445 est
988 4391 1143 4446 nobis
1174 4393 1317 4447 Deus
1345 4404 1399 4449 et
1445 4393 1610 4449 Pater
1642 4413 1655 4449 :
1696 4411 1817 4451 esse
1854 4412 1983 4452 vero

393 4479 556 4535 istum
590 4480 724 4535 dicit
767 4494 1108 4553 assumptum
1160 4485 1458 4554 hominem,
1495 4487 1700 4542 nullam
1752 4489 1984 4545 habente

2085 2020 2205 2076 qua:
2232 2013 2364 2063 sunt
2397 2006 2577 2077 turpia
2613 2016 2669 2062 et
2704 2007 2935 2076 reprobo
2985 2006 3237 2076 dogmata
3281 2005 3671 2075 reprobamus,

2084 2100 2413 2169 suscipimus
2451 2114 2584 2155 vero
2623 2107 2681 2154 et
2723 2099 2877 2154 valde
2924 2099 3158 2154 libenter
3190 2098 3374 2154 omnia
3417 2112 3537 2168 quae
3582 2113 3673 2153 re-

2086 2190 2376 2262 splendent
2399 2191 2546 2246 clara
2579 2191 2827 2246 veritatis
2860 2190 3285 2260 pulchritudine.
3313 2190 3510 2245 lterum
3541 2204 3674 2245 vero

2088 2281 2247 2337 nobis
2286 2283 2424 2338 ratio
2456 2280 2910 2340 convertetur'ad
2940 2286 3226 2339 decentem
3259 2283 3309 2338 ei
3342 2292 3397 2337 et
3426 2283 3677 2352 proposi-

2087 2384 2195 2429 tam
2228 2376 2393 2431 viam.
2425 2374 2628 2448 Seripti
2663 2386 2792 2432 sunt
2823 2377 2988 2447 igitur
3018 2392 3050 2431 a
3079 2378 3221 2432 bono
3260 2375 3543 2431 Theodoro
3573 2374 3674 2429 ad-

2083 2480 2278 2521 versus
2311 2466 2563 2521 haeresim
2609 2467 2939 2523 Arianorum
2985 2477 3042 2522 et
3084 2468 3542 2523 Eunomianorum
3590 2466 3678 2521 vi-

2087 2559 2225 2628 ginti
2267 2574 2406 2629 pene
2458 2574 2686 2615 numero
2727 2560 2810 2614 vel
2863 2559 3155 2629 ampliores
3208 2559 3363 2624 libri,
3413 2575 3515 2615 nec
3565 2574 3675 2615 non

2087 2651 2253 2704 etiam
2283 2650 2400 2715 alii,
2432 2649 2859 2719 interpretantes
2884 2651 3230 2721 evangelicos
3258 2661 3314 2707 et
3342 2650 3676 2720 apostolicos

2086 2741 2295 2799 libros:
2332 2757 2469 2812 quos
2507 2743 2727 2813 quidem
2772 2744 2991 2800 labores
3040 2744 3208 2799 nollet
3248 2746 3445 2815 aliquis
3489 2746 3677 2801 incre~

2086 2847 2235 2902 pare,
2270 2833 2446 2904 magis
2491 2843 2670 2887 autem
2713 2834 2937 2889 decreto
2974 2834 3213 2890 studium
3258 2836 3580 2900 honoraret,
3625 2835 3677 2891 si

2088 2925 2289 2979 inesset
2335 2926 2416 2979 eis
2461 2924 2770 2994 dogmatum
2821 2926 3114 2981 rectitudo.
3163 2925 3221 2980 Si
3270 2941 3403 2981 vero
3448 2927 3673 2995 quidam

2088 3025 2239 3072 extra
2278 3018 2610 3072 destinatum
2642 3018 2905 3083 ambulet,
2941 3027 2998 3073 et
3036 3029 3241 3073 rectam
3277 3019 3423 3073 viam
3462 3019 3675 3074 verita-

2090 3110 2160 3164 tis
2191 3110 2526 3182 relinquens,
2563 3128 2659 3182 per
2693 3112 2942 3167 semitam
2983 3122 3072 3166 eat
3108 3111 3429 3178 distortam,
3462 3111 3676 3183 simpli-

2088 3203 2407 3273 ciorumque
2435 3205 2600 3260 corda
2629 3204 2910 3272 vulneret,
2952 3204 3381 3259 adulteratorum
3429 3206 3511 3259 eis
3547 3205 3679 3274 inji-

2088 3294 2239 3349 ciens
2286 3295 2657 3351 iutcllectuum
2702 3298 2950 3364 semina,
2991 3306 3120 3350 tunc
3162 3298 3506 3366 requiescere
3564 3312 3675 3353 non

2088 3386 2206 3441 sine
2233 3387 2431 3442 damno
2462 3390 2567 3442 erit
2599 3388 2679 3443 eis
2712 3390 2806 3458 qui
2843 3390 3056 3461 populis
3087 3389 3417 3461 praesident,
3459 3405 3678 3445 merce-

2088 3479 2210 3532 dem
2245 3494 2374 3534 vero
2406 3480 2688 3535 habebunt
2736 3490 2792 3535 et
2835 3481 3047 3536 lucrum
3072 3521 3087 3548 ,
3128 3484 3174 3537 si
3214 3484 3489 3538 resistant.
3530 3483 3678 3551 Ergo

2087 3572 2345 3639 quoniam
2379 3571 2431 3625 in
2462 3571 2547 3627 his
2594 3572 2748 3628 libris
2786 3574 2902 3629 sive
2950 3576 3237 3630 memorati
3283 3576 3383 3631 viri
3430 3577 3678 3631 conscri-

2088 3663 2196 3732 ptis
2219 3677 2341 3732 qua:
2363 3664 2524 3719 modo
2544 3665 2981 3734 nominavimus,
3014 3668 3235 3722 inventa
3267 3678 3392 3723 sunt
3426 3669 3676 3738 quaedam

2088 3754 2292 3808 ultimm
2325 3755 2622 3825 impietatis
2653 3756 2832 3826 plena,
2859 3760 3132 3828 quomodo
3175 3769 3295 3814 erat
3331 3774 3678 3829 consequens

2088 3844 2227 3899 velle
2258 3845 2481 3899 tacere?
2513 3845 2714 3902 Dividit
2745 3849 2890 3903 enim
2939 3850 3271 3905 individuum
3316 3851 3589 3906 Christum
3621 3862 3682 3907 et

2087 3952 2187 4007 pro
2213 3951 2323 3991 uno
2353 3937 2494 3992 Filio
2539 3938 2855 3995 dualitatem
2891 3941 3022 3996 colit
3063 3957 3092 3995 a
3137 3942 3372 3997 veritate
3413 3943 3680 3998 exciden-

2087 4039 2230 4097 tem,
2285 4037 2341 4085 et
2392 4032 2551 4101 quasi
2604 4032 2761 4087 falsis
2809 4035 3121 4091 nominibus
3175 4035 3493 4091 coloratam.
3538 4035 3678 4091 Nam

2087 4120 2256 4177 Deum
2292 4123 2554 4191 Verbum,
2587 4126 2678 4194 qui
2712 4142 2777 4181 ex
2815 4126 2927 4182 Deo
2952 4128 3115 4183 Patre
3136 4139 3244 4194 est,
3274 4130 3549 4185 hominem
3581 4146 3681 4185 vo-

2086 4214 2198 4268 ca‘ri
2236 4214 2391 4279 dicit,
2425 4230 2534 4270 non
2567 4224 2742 4272 tamen
2772 4227 2827 4272 et
2852 4219 2957 4273 hoc
2988 4219 3190 4275 factum
3224 4234 3345 4276 esse
3377 4223 3678 4277 secundum

2090 4307 2409 4375 veritatem;
2459 4309 2737 4365 hominem
2778 4324 2907 4365 vero
2935 4326 3058 4367 eum
3104 4313 3195 4384 qui
3241 4328 3307 4367 ex
3354 4312 3524 4369 Maria
3556 4326 3675 4381 est,

2086 4400 2226 4453 sicut
2266 4400 2418 4467 dicit,
2453 4410 2612 4473 quem
2658 4413 2713 4459 et
2747 4419 2968 4460 carnem
3012 4416 3192 4462 astute
3228 4407 3385 4463 nobis
3428 4408 3680 4462 nominat

2087 4490 2140 4544 in
2172 4490 2355 4545 multis
2384 4490 2516 4546 locis
2553 4492 2721 4547 Deum
2772 4494 2989 4563 quidem
3031 4496 3165 4551 dicit
3209 4506 3264 4551 et
3307 4495 3505 4552 Filium
3541 4497 3678 4563 Dei,

395 4571 506 4627 Deo
536 4571 713 4627 Verbo
744 4574 812 4628 ad
845 4574 949 4629 hoc
975 4576 1181 4630 dictum
1214 4578 1677 4635 communionem.
1701 4580 1984 4646 Quomodo
2017 4580 2065 4637 D
2094 4596 2200 4637 non
2226 4591 2412 4638 autem
2443 4584 2545 4640 hoc
2567 4599 2690 4641 esse
2723 4587 3020 4643 secundum
3052 4588 3359 4644 veritatem.

394 4660 561 4731 igitur
596 4677 701 4717 non
735 4664 993 4719 omnibus
1027 4665 1316 4721 manifesta
1349 4676 1434 4722 est
1471 4670 1733 4724 adversus
1763 4670 1978 4724 beatum

392 4751 621 4808 Paulbm
654 4754 949 4824 calumnia,
992 4757 1169 4827 magis
1190 4773 1322 4813 vero
1352 4759 1525 4830 ipsius
1549 4761 1797 4817 veritatis
1819 4777 1981 4817 accu-

396 4844 573 4899 satio?
624 4860 726 4900 nec
781 4848 926 4901 enim
976 4849 1056 4904 sic
1104 4850 1376 4906 intellexit
1424 4853 1687 4924 Spiritum
1731 4864 1980 4910 sanctum

399 4936 607 4990 habens
648 4937 962 5006 Apostolus.
991 4940 1189 4996 lterum
1235 4957 1366 4999 vero
1410 4944 1622 4999 derivat
1668 4945 1981 5017 dogmatum

398 5027 781 5083 rectitudinem
818 5030 886 5085 ad
915 5047 1070 5087 suam
1100 5035 1428 5103 plaeentiam
1464 5037 1832 5095 adversarius.

396 5137 481 5196 12.
501 5136 588 5194 Ea:
614 5141 844 5217 secundo
871 5141 1234 5217 libro_Cyrilli
1262 5148 1487 5215 episwpi
1526 5150 1882 5217 Alexandria,
1914 5152 1980 5207 de

452 5226 535 5287 eo
557 5213 697 5281 quod
726 5229 862 5267 unus
892 5222 968 5267 est
1002 5213 1268 5282 Christus,
1292 5213 1483 5272 contra
1525 5213 1877 5276 Theodorum.

465 5325 620 5393 Quod
660 5334 841 5382 tamen
888 5326 1062 5383 voluit
1116 5329 1318 5398 impius
1383 5330 1669 5388 Nestorius
1723 5335 1979 5404 dogmata

462 5478 697 5550 f'llebr.
736 5500 774 5550 ι,
808 5487 859 5547 Ι,
888 5485 944 5541 2.
1056 5485 1102 5517 ⁸⁸
1124 5483 1257 5538 ibid.
1290 5484 1344 5538 5.
1449 5483 1493 5516 δ’
1522 5481 1685 5540 Rom.
1746 5501 1823 5550 ix,
1886 5489 1941 5543 5.

396 5547 445 5581 "
470 5549 491 5605 ι
521 5548 716 5608 Thess.
751 5547 804 5622 v,
836 5557 927 5624 21,
954 5555 1048 5610 22.
1122 5553 1172 5587 “
1192 5553 1382 5609 Matth.
1416 5570 1575 5621 xxiii,
1608 5557 1700 5611 10.
1810 5547 1817 5550 ’
1922 5576 1935 5589 ι

469 5692 548 5765 (ι)
585 5693 785 5765 lterum
816 5712 881 5752 ex
912 5692 1237 5751 Bibliotheca
1266 5695 1419 5759 Maii,
1458 5704 1497 5748 t.
1527 5693 1686 5765 ll,’p.
1718 5695 1841 5751 455.

472 5763 552 5833 (2)
593 5763 731 5831 Ergo
756 5782 822 5821 ex
854 5768 1023 5821 tribus
1050 5767 1157 5821 illis
1184 5767 1354 5827 libris,
1389 5779 1525 5833 quos
1550 5763 1765 5820 veteres
1792 5769 1982 5821 dicunt

403 5848 435 5888 a
463 5834 665 5904 Cyrillo
694 5841 923 5905 scriptos
954 5844 1141 5891 contra
1195 5834 1484 5892 Diodorum
1520 5848 1583 5889 ac
1608 5836 1975 5904 Theodorum,

2043 5452 2090 5524 δέ
2115 5492 2218 5549 lsa.
2283 5511 2415 5564 xui,
2468 5496 2555 5554 18.

2086 4718 2453 4793 i3.__Sanctus
2498 4720 2730 4792 Cyrillns
2767 4723 2845 4793 il)
2885 4725 2941 4779 in
2982 4728 3211 4780 secundo
3249 4727 3386 4783 libro
3426 4728 3676 4781 adtersus

2162 4788 2510 4868 Theodorum,
2534 4788 2844 4868 quiincipit
2874 4810 2893 4848 :
2928 4814 2947 4847 ι
2989 4794 3041 4849 li
3070 4799 3160 4867 qui
3189 4815 3398 4852 sacrum
3427 4815 3559 4868 puro
3587 4804 3677 4853 in-

2157 4861 2394 4914 tellectus
2424 4862 2577 4916 oculo
2607 4861 2805 4917 librum
2834 4869 3058 4919 scrutati
3082 4861 3211 4921 sunt
3243 4869 3343 4939 (2).
3380 4887 3400 4921 ι

2128 4998 2135 5001 -
2162 4975 2450 5046 Discipulis
2474 4977 2655 5032 aiebat
2683 4995 2696 5031 :
2737 4995 2757 5031 ‹
2796 4977 3078 5036 Neminem
3104 4982 3158 5037 in
3187 4993 3327 5037 terra
3354 4984 3675 5051 magistrum

2087 5067 2401 5136 appelletis;
2430 5085 2570 5125 unus
2596 5079 2679 5126 est
2703 5073 2846 5127 enim
2876 5073 3067 5128 doctor
3093 5085 3271 5129 vester
3290 5076 3620 5132 Christus”.
3649 5095 3670 5131 ι

2089 5157 2227 5212 Dum
2263 5158 2335 5213 ita
2369 5162 2643 5228 apostolos
2677 5163 3021 5229 hortabatur,
3054 5165 3196 5219 haud
3231 5175 3383 5220 certe
3414 5167 3674 5222 deitatem

2090 5263 2121 5304 a
2144 5250 2341 5305 visibili
2366 5267 2594 5323 corpore
2616 5257 2937 5325 separabat;
2966 5271 3138 5326 neque
3168 5257 3281 5327 ipse
3304 5256 3556 5315 Christus
3582 5272 3674 5312 se-

2091 5350 2202 5394 met
2230 5342 2298 5395 ab
2328 5343 2510 5397 anima
2541 5354 2593 5399 et
2625 5359 2789 5401 carne
2821 5346 3051 5402 divisum
3081 5349 3388 5416 reputabat.
3423 5348 3514 5404 Sic
3543 5363 3675 5421 ergo

2674 5500 2718 5533 ⁸⁸
2743 5499 2784 5555 ll
2808 5502 2939 5559 Cor.
2971 5518 3047 5570 iv,
3080 5502 3134 5560 4.
3248 5503 3454 5563 "Osee
3508 5522 3559 5574 v,
3617 5508 3670 5565 1.

2084 5704 2295 5787 primus
2316 5722 2527 5787 leapse
2566 5719 2756 5765 contra
2806 5710 3097 5787 Diodorum
3146 5722 3294 5787 erat,
3328 5714 3439 5787 duo
3477 5714 3673 5787 reliqui

2085 5784 2274 5830 contra
2316 5774 2686 5851 Theodorum,
2731 5789 2789 5837 ut
2825 5797 2894 5839 ex
2936 5784 3179 5854 ipsorum
3220 5774 3392 5844 initiis
3430 5774 3669 5844 constat.
