  <div class='ocr_page' id='page_1' title='image "/cluster/home/n/w/nwhite01/storage/ocr_20150623/76:no.9/coo.31924054869775/732.png"; bbox 0 0 4076 6418; ppageno 0'>
   <div class='ocr_carea' id='block_1_1' title="bbox 396 374 534 434">
    <p class='ocr_par' dir='ltr' id='par_1_1' title="bbox 396 374 534 434">
     <span class='ocr_line' id='line_1_1' title="bbox 396 374 534 434; baseline -0.014 -2"><span class='ocrx_word' id='word_1_1' title='bbox 396 375 421 432; x_wconf 76' lang='grc' dir='ltr'><strong>Ι</strong></span> <span class='ocrx_word' id='word_1_2' title='bbox 435 374 534 434; x_wconf 69' lang='grc' dir='ltr'><strong>ιω</strong></span> 
     </span>
    </p>
   </div>
   <div class='ocr_carea' id='block_1_2' title="bbox 1599 353 2469 420">
    <p class='ocr_par' dir='ltr' id='par_1_2' title="bbox 1599 353 2469 420">
     <span class='ocr_line' id='line_1_2' title="bbox 1599 353 2469 420; baseline -0.006 -2"><span class='ocrx_word' id='word_1_3' title='bbox 1599 353 2021 420; x_wconf 69' lang='lat' dir='ltr'><strong>FRAGMENTA</strong></span> <span class='ocrx_word' id='word_1_4' title='bbox 2057 357 2469 416; x_wconf 75' lang='lat' dir='ltr'><strong>DOGMATICA.</strong></span> 
     </span>
    </p>
   </div>
   <div class='ocr_carea' id='block_1_3' title="bbox 3515 356 3656 416">
    <p class='ocr_par' dir='ltr' id='par_1_3' title="bbox 3515 356 3656 416">
     <span class='ocr_line' id='line_1_3' title="bbox 3515 356 3656 416; baseline 0.021 -3"><span class='ocrx_word' id='word_1_5' title='bbox 3515 356 3656 416; x_wconf 69' lang='lat'><strong>“50</strong></span> 
     </span>
    </p>
   </div>
   <div class='ocr_carea' id='block_1_4' title="bbox 395 473 3652 554">
    <p class='ocr_par' dir='ltr' id='par_1_4' title="bbox 395 473 3652 554">
     <span class='ocr_line' id='line_1_4' title="bbox 395 473 3652 554; baseline -0.004 -10"><span class='ocrx_word' id='word_1_6' title='bbox 395 504 520 545; x_wconf 91' lang='lat' dir='ltr'><strong>cum</strong></span> <span class='ocrx_word' id='word_1_7' title='bbox 551 487 691 542; x_wconf 86' lang='lat' dir='ltr'><strong>Deus</strong></span> <span class='ocrx_word' id='word_1_8' title='bbox 719 493 863 541; x_wconf 81' lang='lat' dir='ltr'><strong>esset</strong></span> <span class='ocrx_word' id='word_1_9' title='bbox 889 491 943 540; x_wconf 92' lang='lat' dir='ltr'><strong>et</strong></span> <span class='ocrx_word' id='word_1_10' title='bbox 971 484 1152 548; x_wconf 89' lang='lat' dir='ltr'><strong>homo,</strong></span> <span class='ocrx_word' id='word_1_11' title='bbox 1186 493 1382 553; x_wconf 87' lang='lat' dir='ltr'><strong>nempe</strong></span> <span class='ocrx_word' id='word_1_12' title='bbox 1413 481 1608 554; x_wconf 84' lang='lat' dir='ltr'><strong>visibili</strong></span> <span class='ocrx_word' id='word_1_13' title='bbox 1642 483 1816 539; x_wconf 87' lang='lat' dir='ltr'><strong>iorma</strong></span> <span class='ocrx_word' id='word_1_14' title='bbox 1847 496 1966 540; x_wconf 85' lang='lat' dir='ltr'><strong>ser-</strong></span> <span class='ocrx_word' id='word_1_15' title='bbox 1994 487 2043 544; x_wconf 75' lang='grc' dir='ltr'><strong>Α</strong></span> <span class='ocrx_word' id='word_1_16' title='bbox 2069 490 2155 538; x_wconf 91' lang='lat' dir='ltr'><strong>cta</strong></span> <span class='ocrx_word' id='word_1_17' title='bbox 2193 487 2298 535; x_wconf 88' lang='lat' dir='ltr'><strong>est.</strong></span> <span class='ocrx_word' id='word_1_18' title='bbox 2338 479 2432 535; x_wconf 87' lang='lat' dir='ltr'><strong>Sic</strong></span> <span class='ocrx_word' id='word_1_19' title='bbox 2468 475 2722 532; x_wconf 85' lang='lat' dir='ltr'><strong>Dominus</strong></span> <span class='ocrx_word' id='word_1_20' title='bbox 2757 475 2884 530; x_wconf 92' lang='lat' dir='ltr'><strong>dum</strong></span> <span class='ocrx_word' id='word_1_21' title='bbox 2929 476 2983 529; x_wconf 90' lang='lat' dir='ltr'><strong>in</strong></span> <span class='ocrx_word' id='word_1_22' title='bbox 3011 473 3250 546; x_wconf 75' lang='lat' dir='ltr'><strong>Virginis</strong></span> <span class='ocrx_word' id='word_1_23' title='bbox 3287 483 3439 531; x_wconf 80' lang='lat' dir='ltr'><strong>utero</strong></span> <span class='ocrx_word' id='word_1_24' title='bbox 3475 487 3652 542; x_wconf 88' lang='lat' dir='ltr'><strong>esset,</strong></span> 
     </span>
    </p>
   </div>
   <div class='ocr_carea' id='block_1_5' title="bbox 395 573 1972 643">
    <p class='ocr_par' dir='ltr' id='par_1_5' title="bbox 395 573 1972 643">
     <span class='ocr_line' id='line_1_5' title="bbox 395 573 1972 643; baseline -0.004 -10"><span class='ocrx_word' id='word_1_25' title='bbox 395 593 518 643; x_wconf 90' lang='lat' dir='ltr'><strong>vus,</strong></span> <span class='ocrx_word' id='word_1_26' title='bbox 554 575 902 633; x_wconf 88' lang='lat' dir='ltr'><strong>intellectuali</strong></span> <span class='ocrx_word' id='word_1_27' title='bbox 937 575 1126 630; x_wconf 91' lang='lat' dir='ltr'><strong>notitia</strong></span> <span class='ocrx_word' id='word_1_28' title='bbox 1167 573 1448 637; x_wconf 86' lang='lat' dir='ltr'><strong>Dominus,</strong></span> <span class='ocrx_word' id='word_1_29' title='bbox 1484 573 1705 629; x_wconf 91' lang='lat' dir='ltr'><strong>deitatis</strong></span> <span class='ocrx_word' id='word_1_30' title='bbox 1737 573 1972 630; x_wconf 82' lang='lat' dir='ltr'><strong>excelsi-</strong></span> 
     </span>
    </p>
   </div>
   <div class='ocr_carea' id='block_1_6' title="bbox 399 663 1974 725">
    <p class='ocr_par' dir='ltr' id='par_1_6' title="bbox 399 663 1974 725">
     <span class='ocr_line' id='line_1_6' title="bbox 399 663 1974 725; baseline -0.003 -1"><span class='ocrx_word' id='word_1_31' title='bbox 399 678 564 725; x_wconf 88' lang='lat' dir='ltr'><strong>tatem</strong></span> <span class='ocrx_word' id='word_1_32' title='bbox 595 669 694 724; x_wconf 90' lang='lat' dir='ltr'><strong>sub</strong></span> <span class='ocrx_word' id='word_1_33' title='bbox 723 668 910 723; x_wconf 86' lang='lat' dir='ltr'><strong>humili</strong></span> <span class='ocrx_word' id='word_1_34' title='bbox 941 665 1299 722; x_wconf 75' lang='lat' dir='ltr'><strong>humanitatis</strong></span> <span class='ocrx_word' id='word_1_35' title='bbox 1327 678 1492 719; x_wconf 89' lang='lat' dir='ltr'><strong>sensu</strong></span> <span class='ocrx_word' id='word_1_36' title='bbox 1523 663 1735 719; x_wconf 88' lang='lat' dir='ltr'><strong>celabat</strong></span> <span class='ocrx_word' id='word_1_37' title='bbox 1763 684 1778 720; x_wconf 87' lang='lat'><strong>:</strong></span> <span class='ocrx_word' id='word_1_38' title='bbox 1812 665 1974 720; x_wconf 89' lang='lat' dir='ltr'><strong>vicis-</strong></span> 
     </span>
    </p>
   </div>
   <div class='ocr_carea' id='block_1_7' title="bbox 397 753 1974 830">
    <p class='ocr_par' dir='ltr' id='par_1_7' title="bbox 397 753 1974 830">
     <span class='ocr_line' id='line_1_7' title="bbox 397 753 1974 830; baseline -0.005 -14"><span class='ocrx_word' id='word_1_39' title='bbox 397 762 610 830; x_wconf 78' lang='lat' dir='ltr'><strong>simque</strong></span> <span class='ocrx_word' id='word_1_40' title='bbox 653 757 884 813; x_wconf 77' lang='lat' dir='ltr'><strong>visibilis</strong></span> <span class='ocrx_word' id='word_1_41' title='bbox 933 757 1180 825; x_wconf 88' lang='lat' dir='ltr'><strong>corporis</strong></span> <span class='ocrx_word' id='word_1_42' title='bbox 1228 753 1628 820; x_wconf 81' lang='lat' dir='ltr'><strong>humilitatem,</strong></span> <span class='ocrx_word' id='word_1_43' title='bbox 1673 754 1974 809; x_wconf 80' lang='lat' dir='ltr'><strong>divinitatis</strong></span> 
     </span>
    </p>
   </div>
   <div class='ocr_carea' id='block_1_8' title="bbox 398 851 975 910">
    <p class='ocr_par' dir='ltr' id='par_1_8' title="bbox 398 851 975 910">
     <span class='ocr_line' id='line_1_8' title="bbox 398 851 975 910; baseline -0.01 0"><span class='ocrx_word' id='word_1_44' title='bbox 398 854 635 910; x_wconf 80' lang='lat' dir='ltr'><strong>eﬂicacia</strong></span> <span class='ocrx_word' id='word_1_45' title='bbox 661 851 975 909; x_wconf 75' lang='lat' dir='ltr'><strong>extollebat.</strong></span> 
     </span>
    </p>
   </div>
   <div class='ocr_carea' id='block_1_9' title="bbox 692 964 1680 1021">
    <p class='ocr_par' dir='ltr' id='par_1_9' title="bbox 692 964 1680 1021">
     <span class='ocr_line' id='line_1_9' title="bbox 692 964 1680 1021; baseline -0.003 0"><span class='ocrx_word' id='word_1_46' title='bbox 692 964 912 1021; x_wconf 69' lang='lat' dir='ltr'><strong>Jomtvts</strong></span> <span class='ocrx_word' id='word_1_47' title='bbox 949 964 1314 1020; x_wconf 58' lang='lat' dir='ltr'><strong>Cmssmsnsrs</strong></span> <span class='ocrx_word' id='word_1_48' title='bbox 1351 979 1680 1020; x_wconf 68' lang='lat' dir='ltr'><strong>muormo.</strong></span> 
     </span>
    </p>
   </div>
   <div class='ocr_carea' id='block_1_10' title="bbox 470 1090 1973 1163">
    <p class='ocr_par' dir='ltr' id='par_1_10' title="bbox 470 1090 1973 1163">
     <span class='ocr_line' id='line_1_10' title="bbox 470 1090 1973 1163; baseline -0.004 -12"><span class='ocrx_word' id='word_1_49' title='bbox 470 1095 647 1151; x_wconf 86' lang='lat' dir='ltr'><strong>Locus</strong></span> <span class='ocrx_word' id='word_1_50' title='bbox 691 1095 1089 1162; x_wconf 89' lang='lat' dir='ltr'><strong>suprascriptus</strong></span> <span class='ocrx_word' id='word_1_51' title='bbox 1135 1110 1163 1147; x_wconf 90' lang='lat' dir='ltr'><strong>a</strong></span> <span class='ocrx_word' id='word_1_52' title='bbox 1215 1093 1424 1163; x_wconf 86' lang='lat' dir='ltr'><strong>Cyrillo</strong></span> <span class='ocrx_word' id='word_1_53' title='bbox 1471 1101 1670 1163; x_wconf 82' lang='lat' dir='ltr'><strong>contr_a</strong></span> <span class='ocrx_word' id='word_1_54' title='bbox 1705 1090 1973 1163; x_wconf 77' lang='lat' dir='ltr'><strong>Theodori</strong></span> 
     </span>
    </p>
   </div>
   <div class='ocr_carea' id='block_1_11' title="bbox 401 1160 1972 1232">
    <p class='ocr_par' dir='ltr' id='par_1_11' title="bbox 401 1160 1972 1232">
     <span class='ocr_line' id='line_1_11' title="bbox 401 1160 1972 1232; baseline -0.006 -10"><span class='ocrx_word' id='word_1_55' title='bbox 401 1167 706 1223; x_wconf 83' lang='lat' dir='ltr'><strong>doctrinam</strong></span> <span class='ocrx_word' id='word_1_56' title='bbox 743 1160 1066 1232; x_wconf 76' lang='lat' dir='ltr'><strong>productus,</strong></span> <span class='ocrx_word' id='word_1_57' title='bbox 1103 1160 1380 1218; x_wconf 76' lang='lat' dir='ltr'><strong>auctorem</strong></span> <span class='ocrx_word' id='word_1_58' title='bbox 1420 1163 1580 1217; x_wconf 87' lang='lat' dir='ltr'><strong>habet</strong></span> <span class='ocrx_word' id='word_1_59' title='bbox 1612 1160 1972 1230; x_wconf 86' lang='lat' dir='ltr'><strong>Theophilum</strong></span> 
     </span>
    </p>
   </div>
   <div class='ocr_carea' id='block_1_12' title="bbox 399 1233 1186 1299">
    <p class='ocr_par' dir='ltr' id='par_1_12' title="bbox 399 1233 1186 1299">
     <span class='ocr_line' id='line_1_12' title="bbox 399 1233 1186 1299; baseline -0.009 -8"><span class='ocrx_word' id='word_1_60' title='bbox 399 1235 822 1292; x_wconf 79' lang='lat' dir='ltr'><strong>Alexandrinum</strong></span> <span class='ocrx_word' id='word_1_61' title='bbox 852 1233 1186 1299; x_wconf 79' lang='lat' dir='ltr'><strong>episcOpum.</strong></span> 
     </span>
    </p>
   </div>
   <div class='ocr_carea' id='block_1_13' title="bbox 472 1299 1973 1375">
    <p class='ocr_par' dir='ltr' id='par_1_13' title="bbox 472 1299 1973 1375">
     <span class='ocr_line' id='line_1_13' title="bbox 472 1299 1973 1375; baseline -0.005 -16"><span class='ocrx_word' id='word_1_62' title='bbox 472 1303 804 1375; x_wconf 72' lang='lat' dir='ltr'><strong>Cyrillusin</strong></span> <span class='ocrx_word' id='word_1_63' title='bbox 849 1301 954 1375; x_wconf 80' lang='lat' dir='ltr'><strong>alia</strong></span> <span class='ocrx_word' id='word_1_64' title='bbox 1000 1300 1267 1355; x_wconf 86' lang='lat' dir='ltr'><strong>sententia</strong></span> <span class='ocrx_word' id='word_1_65' title='bbox 1313 1299 1555 1375; x_wconf 78' lang='lat' dir='ltr'><strong>ejusdem</strong></span> <span class='ocrx_word' id='word_1_66' title='bbox 1609 1299 1732 1375; x_wconf 78' lang='lat' dir='ltr'><strong>libri</strong></span> <span class='ocrx_word' id='word_1_67' title='bbox 1784 1307 1973 1375; x_wconf 81' lang='lat' dir='ltr'><strong>contra</strong></span> 
     </span>
    </p>
   </div>
   <div class='ocr_carea' id='block_1_14' title="bbox 401 1367 1974 1438">
    <p class='ocr_par' dir='ltr' id='par_1_14' title="bbox 401 1367 1974 1438">
     <span class='ocr_line' id='line_1_14' title="bbox 401 1367 1974 1438; baseline -0.005 -9"><span class='ocrx_word' id='word_1_68' title='bbox 401 1367 669 1429; x_wconf 79' lang='lat' dir='ltr'><strong>Theodori</strong></span> <span class='ocrx_word' id='word_1_69' title='bbox 699 1369 1036 1434; x_wconf 87' lang='lat' dir='ltr'><strong>doctrinam;</strong></span> <span class='ocrx_word' id='word_1_70' title='bbox 1069 1385 1189 1438; x_wconf 67' lang='lat' dir='ltr'><strong>quae</strong></span> <span class='ocrx_word' id='word_1_71' title='bbox 1217 1368 1480 1436; x_wconf 90' lang='lat' dir='ltr'><strong>particula</strong></span> <span class='ocrx_word' id='word_1_72' title='bbox 1511 1376 1688 1422; x_wconf 81' lang='lat' dir='ltr'><strong>exstat</strong></span> <span class='ocrx_word' id='word_1_73' title='bbox 1719 1370 1771 1422; x_wconf 91' lang='lat' dir='ltr'><strong>in</strong></span> <span class='ocrx_word' id='word_1_74' title='bbox 1803 1367 1974 1436; x_wconf 90' lang='lat' dir='ltr'><strong>prima</strong></span> 
     </span>
    </p>
   </div>
   <div class='ocr_carea' id='block_1_15' title="bbox 395 1443 1978 1512">
    <p class='ocr_par' dir='ltr' id='par_1_15' title="bbox 395 1443 1978 1512">
     <span class='ocr_line' id='line_1_15' title="bbox 395 1443 1978 1512; baseline -0.001 -12"><span class='ocrx_word' id='word_1_75' title='bbox 395 1445 630 1512; x_wconf 89' lang='lat' dir='ltr'><strong>epistola</strong></span> <span class='ocrx_word' id='word_1_76' title='bbox 676 1443 924 1512; x_wconf 82' lang='lat' dir='ltr'><strong>Gregorii</strong></span> <span class='ocrx_word' id='word_1_77' title='bbox 959 1443 1290 1499; x_wconf 84' lang='lat' dir='ltr'><strong>Nazianzeni</strong></span> <span class='ocrx_word' id='word_1_78' title='bbox 1344 1444 1412 1499; x_wconf 85' lang='lat' dir='ltr'><strong>ad</strong></span> <span class='ocrx_word' id='word_1_79' title='bbox 1457 1443 1804 1512; x_wconf 88' lang='lat' dir='ltr'><strong>Cledonium.</strong></span> <span class='ocrx_word' id='word_1_80' title='bbox 1835 1443 1978 1498; x_wconf 86' lang='lat' dir='ltr'><strong>Inci-</strong></span> 
     </span>
    </p>
   </div>
   <div class='ocr_carea' id='block_1_16' title="bbox 395 1511 1980 1583">
    <p class='ocr_par' dir='ltr' id='par_1_16' title="bbox 395 1511 1980 1583">
     <span class='ocr_line' id='line_1_16' title="bbox 395 1511 1980 1583; baseline 0 -16"><span class='ocrx_word' id='word_1_81' title='bbox 395 1511 476 1583; x_wconf 86' lang='lat' dir='ltr'><strong>pit</strong></span> <span class='ocrx_word' id='word_1_82' title='bbox 511 1511 865 1582; x_wconf 68' lang='lat' dir='ltr'><strong>fragmentum</strong></span> <span class='ocrx_word' id='word_1_83' title='bbox 898 1527 917 1565; x_wconf 92' lang='lat'><strong><em>:</em></strong></span> <span class='ocrx_word' id='word_1_84' title='bbox 951 1516 1030 1569; x_wconf 87' lang='lat' dir='ltr'><strong>Ne</strong></span> <span class='ocrx_word' id='word_1_85' title='bbox 1067 1517 1313 1569; x_wconf 75' lang='lat' dir='ltr'><strong>homines</strong></span> <span class='ocrx_word' id='word_1_86' title='bbox 1365 1515 1454 1568; x_wconf 90' lang='lat' dir='ltr'><strong>isti</strong></span> <span class='ocrx_word' id='word_1_87' title='bbox 1509 1513 1647 1568; x_wconf 84' lang='lat' dir='ltr'><strong>alios</strong></span> <span class='ocrx_word' id='word_1_88' title='bbox 1682 1511 1980 1583; x_wconf 82' lang='lat' dir='ltr'><strong>decipiant.</strong></span> 
     </span>
    </p>
   </div>
   <div class='ocr_carea' id='block_1_17' title="bbox 403 1583 1981 1653">
    <p class='ocr_par' dir='ltr' id='par_1_17' title="bbox 403 1583 1981 1653">
     <span class='ocr_line' id='line_1_17' title="bbox 403 1583 1981 1653; baseline 0.001 -17"><span class='ocrx_word' id='word_1_89' title='bbox 403 1584 657 1638; x_wconf 75' lang='lat' dir='ltr'><strong>Desinit:</strong></span> <span class='ocrx_word' id='word_1_90' title='bbox 693 1583 865 1638; x_wconf 88' lang='lat' dir='ltr'><strong>Totus</strong></span> <span class='ocrx_word' id='word_1_91' title='bbox 917 1585 1080 1638; x_wconf 89' lang='lat' dir='ltr'><strong>homo</strong></span> <span class='ocrx_word' id='word_1_92' title='bbox 1133 1585 1186 1636; x_wconf 90' lang='lat' dir='ltr'><strong>in</strong></span> <span class='ocrx_word' id='word_1_93' title='bbox 1240 1593 1525 1653; x_wconf 88' lang='lat' dir='ltr'><strong>peccatum</strong></span> <span class='ocrx_word' id='word_1_94' title='bbox 1572 1584 1761 1650; x_wconf 90' lang='lat' dir='ltr'><strong>lapsus</strong></span> <span class='ocrx_word' id='word_1_95' title='bbox 1816 1584 1981 1639; x_wconf 84' lang='lat' dir='ltr'><strong>retin-</strong></span> 
     </span>
    </p>
   </div>
   <div class='ocr_carea' id='block_1_18' title="bbox 396 1663 576 1722">
    <p class='ocr_par' dir='ltr' id='par_1_18' title="bbox 396 1663 576 1722">
     <span class='ocr_line' id='line_1_18' title="bbox 396 1663 576 1722; baseline 0.011 -15"><span class='ocrx_word' id='word_1_96' title='bbox 396 1663 576 1722; x_wconf 89' lang='lat' dir='ltr'><strong>gatur.</strong></span> 
     </span>
    </p>
   </div>
   <div class='ocr_carea' id='block_1_19' title="bbox 679 1748 1704 1819">
    <p class='ocr_par' dir='ltr' id='par_1_19' title="bbox 679 1748 1704 1819">
     <span class='ocr_line' id='line_1_19' title="bbox 679 1748 1704 1819; baseline 0 -14"><span class='ocrx_word' id='word_1_97' title='bbox 679 1751 768 1808; x_wconf 76' lang='grc' dir='ltr'><strong>Η.</strong></span> <span class='ocrx_word' id='word_1_98' title='bbox 811 1751 957 1805; x_wconf 84' lang='lat' dir='ltr'><strong>Idem</strong></span> <span class='ocrx_word' id='word_1_99' title='bbox 990 1748 1221 1819; x_wconf 67' lang='lat' dir='ltr'><strong>Cyrillus</strong></span> <span class='ocrx_word' id='word_1_100' title='bbox 1252 1750 1307 1802; x_wconf 86' lang='lat' dir='ltr'><strong>in</strong></span> <span class='ocrx_word' id='word_1_101' title='bbox 1337 1751 1517 1804; x_wconf 85' lang='lat' dir='ltr'><strong>eodem</strong></span> <span class='ocrx_word' id='word_1_102' title='bbox 1547 1751 1704 1805; x_wconf 81' lang='lat' dir='ltr'><strong>libro.</strong></span> 
     </span>
    </p>
   </div>
   <div class='ocr_carea' id='block_1_20' title="bbox 2080 563 3652 638">
    <p class='ocr_par' dir='ltr' id='par_1_20' title="bbox 2080 563 3652 638">
     <span class='ocr_line' id='line_1_20' title="bbox 2080 563 3652 638; baseline -0.003 -14"><span class='ocrx_word' id='word_1_103' title='bbox 2080 579 2241 638; x_wconf 90' lang='lat' dir='ltr'><strong>atque</strong></span> <span class='ocrx_word' id='word_1_104' title='bbox 2272 568 2340 623; x_wconf 86' lang='lat' dir='ltr'><strong>ad</strong></span> <span class='ocrx_word' id='word_1_105' title='bbox 2369 567 2514 622; x_wconf 89' lang='lat' dir='ltr'><strong>illius</strong></span> <span class='ocrx_word' id='word_1_106' title='bbox 2544 563 2898 620; x_wconf 87' lang='lat' dir='ltr'><strong>substantiam</strong></span> <span class='ocrx_word' id='word_1_107' title='bbox 2935 563 3114 618; x_wconf 87' lang='lat' dir='ltr'><strong>adhuc</strong></span> <span class='ocrx_word' id='word_1_108' title='bbox 3143 563 3418 628; x_wconf 88' lang='lat' dir='ltr'><strong>attineret,</strong></span> <span class='ocrx_word' id='word_1_109' title='bbox 3445 565 3652 619; x_wconf 83' lang='lat' dir='ltr'><strong>honore</strong></span> 
     </span>
    </p>
   </div>
   <div class='ocr_carea' id='block_1_21' title="bbox 2079 653 3656 722">
    <p class='ocr_par' dir='ltr' id='par_1_21' title="bbox 2079 653 3656 722">
     <span class='ocr_line' id='line_1_21' title="bbox 2079 653 3656 722; baseline -0.004 -8"><span class='ocrx_word' id='word_1_110' title='bbox 2079 659 2201 714; x_wconf 90' lang='lat' dir='ltr'><strong>Filii</strong></span> <span class='ocrx_word' id='word_1_111' title='bbox 2223 659 2464 713; x_wconf 89' lang='lat' dir='ltr'><strong>carebat.</strong></span> <span class='ocrx_word' id='word_1_112' title='bbox 2485 655 2620 710; x_wconf 90' lang='lat' dir='ltr'><strong>Cum</strong></span> <span class='ocrx_word' id='word_1_113' title='bbox 2643 663 2823 710; x_wconf 90' lang='lat' dir='ltr'><strong>autem</strong></span> <span class='ocrx_word' id='word_1_114' title='bbox 2847 653 3220 709; x_wconf 80' lang='lat' dir='ltr'><strong>conformatus</strong></span> <span class='ocrx_word' id='word_1_115' title='bbox 3240 662 3344 719; x_wconf 89' lang='lat' dir='ltr'><strong>est,</strong></span> <span class='ocrx_word' id='word_1_116' title='bbox 3370 654 3656 722; x_wconf 83' lang='lat' dir='ltr'><strong>templum-</strong></span> 
     </span>
    </p>
   </div>
   <div class='ocr_carea' id='block_1_22' title="bbox 2080 739 3655 818">
    <p class='ocr_par' dir='ltr' id='par_1_22' title="bbox 2080 739 3655 818">
     <span class='ocr_line' id='line_1_22' title="bbox 2080 739 3655 818; baseline -0.006 -16"><span class='ocrx_word' id='word_1_117' title='bbox 2080 762 2186 818; x_wconf 90' lang='lat' dir='ltr'><strong>que</strong></span> <span class='ocrx_word' id='word_1_118' title='bbox 2219 747 2313 802; x_wconf 90' lang='lat' dir='ltr'><strong>Dei</strong></span> <span class='ocrx_word' id='word_1_119' title='bbox 2338 745 2498 800; x_wconf 85' lang='lat' dir='ltr'><strong>Verbi</strong></span> <span class='ocrx_word' id='word_1_120' title='bbox 2531 741 2755 800; x_wconf 85' lang='lat' dir='ltr'><strong>eii‘ectus</strong></span> <span class='ocrx_word' id='word_1_121' title='bbox 2789 750 3006 810; x_wconf 89' lang='lat' dir='ltr'><strong>recepto</strong></span> <span class='ocrx_word' id='word_1_122' title='bbox 3041 739 3362 810; x_wconf 81' lang='lat' dir='ltr'><strong>Unigenito,</strong></span> <span class='ocrx_word' id='word_1_123' title='bbox 3395 739 3655 794; x_wconf 89' lang='lat' dir='ltr'><strong>honorem</strong></span> 
     </span>
    </p>
   </div>
   <div class='ocr_carea' id='block_1_23' title="bbox 2081 829 3654 906">
    <p class='ocr_par' dir='ltr' id='par_1_23' title="bbox 2081 829 3654 906">
     <span class='ocr_line' id='line_1_23' title="bbox 2081 829 3654 906; baseline -0.004 -14"><span class='ocrx_word' id='word_1_124' title='bbox 2081 838 2312 893; x_wconf 84' lang='lat' dir='ltr'><strong>nominis</strong></span> <span class='ocrx_word' id='word_1_125' title='bbox 2343 837 2564 906; x_wconf 90' lang='lat' dir='ltr'><strong>adeptus</strong></span> <span class='ocrx_word' id='word_1_126' title='bbox 2595 844 2713 901; x_wconf 91' lang='lat' dir='ltr'><strong>est,</strong></span> <span class='ocrx_word' id='word_1_127' title='bbox 2743 849 2809 891; x_wconf 83' lang='lat' dir='ltr'><strong>ex</strong></span> <span class='ocrx_word' id='word_1_128' title='bbox 2841 848 2949 903; x_wconf 92' lang='lat' dir='ltr'><strong>quo</strong></span> <span class='ocrx_word' id='word_1_129' title='bbox 2979 832 3055 887; x_wconf 89' lang='lat' dir='ltr'><strong>illi</strong></span> <span class='ocrx_word' id='word_1_130' title='bbox 3087 833 3257 904; x_wconf 80' lang='lat' dir='ltr'><strong>gloria</strong></span> <span class='ocrx_word' id='word_1_131' title='bbox 3292 830 3523 886; x_wconf 89' lang='lat' dir='ltr'><strong>accessit</strong></span> <span class='ocrx_word' id='word_1_132' title='bbox 3555 829 3654 901; x_wconf 89' lang='lat' dir='ltr'><strong>(l)‘.</strong></span> 
     </span>
    </p>
   </div>
   <div class='ocr_carea' id='block_1_24' title="bbox 2209 945 3527 1019">
    <p class='ocr_par' dir='ltr' id='par_1_24' title="bbox 2209 945 3527 1019">
     <span class='ocr_line' id='line_1_24' title="bbox 2209 945 3527 1019; baseline -0.002 -17"><span class='ocrx_word' id='word_1_133' title='bbox 2209 949 2293 1005; x_wconf 78' lang='lat' dir='ltr'><strong>i8.</strong></span> <span class='ocrx_word' id='word_1_134' title='bbox 2336 949 2484 1003; x_wconf 83' lang='lat' dir='ltr'><strong>Idem</strong></span> <span class='ocrx_word' id='word_1_135' title='bbox 2515 946 2747 1019; x_wconf 77' lang='lat' dir='ltr'><strong>Cyrillus</strong></span> <span class='ocrx_word' id='word_1_136' title='bbox 2779 955 2973 1001; x_wconf 86' lang='lat' dir='ltr'><strong>contra</strong></span> <span class='ocrx_word' id='word_1_137' title='bbox 3007 945 3224 999; x_wconf 81' lang='lat' dir='ltr'><strong>Diodori</strong></span> <span class='ocrx_word' id='word_1_138' title='bbox 3250 945 3527 1014; x_wconf 78' lang='lat' dir='ltr'><strong>scriptum.</strong></span> 
     </span>
    </p>
   </div>
   <div class='ocr_carea' id='block_1_25' title="bbox 2151 1076 3654 1147">
    <p class='ocr_par' dir='ltr' id='par_1_25' title="bbox 2151 1076 3654 1147">
     <span class='ocr_line' id='line_1_25' title="bbox 2151 1076 3654 1147; baseline -0.005 -11"><span class='ocrx_word' id='word_1_139' title='bbox 2151 1079 2600 1138; x_wconf 68' lang='lat' dir='ltr'><strong>Prmclarissime!</strong></span> <span class='ocrx_word' id='word_1_140' title='bbox 2637 1080 2761 1141; x_wconf 81' lang='lat' dir='ltr'><strong>Aio,</strong></span> <span class='ocrx_word' id='word_1_141' title='bbox 2785 1079 2950 1135; x_wconf 88' lang='lat' dir='ltr'><strong>verba</strong></span> <span class='ocrx_word' id='word_1_142' title='bbox 2975 1092 3095 1147; x_wconf 73' lang='lat' dir='ltr'><strong>qua:</strong></span> <span class='ocrx_word' id='word_1_143' title='bbox 3129 1091 3289 1133; x_wconf 91' lang='lat' dir='ltr'><strong>nemo</strong></span> <span class='ocrx_word' id='word_1_144' title='bbox 3324 1076 3528 1142; x_wconf 88' lang='lat' dir='ltr'><strong>docuit,</strong></span> <span class='ocrx_word' id='word_1_145' title='bbox 3559 1077 3654 1130; x_wconf 85' lang='lat' dir='ltr'><strong>sed</strong></span> 
     </span>
    </p>
   </div>
   <div class='ocr_carea' id='block_1_26' title="bbox 2082 1167 3654 1242">
    <p class='ocr_par' dir='ltr' id='par_1_26' title="bbox 2082 1167 3654 1242">
     <span class='ocr_line' id='line_1_26' title="bbox 2082 1167 3654 1242; baseline -0.005 -15"><span class='ocrx_word' id='word_1_146' title='bbox 2082 1172 2123 1227; x_wconf 75' lang='lat' dir='ltr'><strong>a&#39;</strong></span> <span class='ocrx_word' id='word_1_147' title='bbox 2143 1181 2192 1228; x_wconf 93' lang='lat' dir='ltr'><strong>te</strong></span> <span class='ocrx_word' id='word_1_148' title='bbox 2219 1171 2430 1242; x_wconf 88' lang='lat' dir='ltr'><strong>publice</strong></span> <span class='ocrx_word' id='word_1_149' title='bbox 2458 1171 2900 1241; x_wconf 88' lang='lat' dir='ltr'><strong>pronuntiantur,</strong></span> <span class='ocrx_word' id='word_1_150' title='bbox 2929 1168 3265 1236; x_wconf 77' lang='lat' dir='ltr'><strong>gravissimis</strong></span> <span class='ocrx_word' id='word_1_151' title='bbox 3291 1167 3544 1221; x_wconf 88' lang='lat' dir='ltr'><strong>sordibus</strong></span> <span class='ocrx_word' id='word_1_152' title='bbox 3571 1167 3654 1219; x_wconf 85' lang='lat' dir='ltr'><strong>in-</strong></span> 
     </span>
    </p>
   </div>
   <div class='ocr_carea' id='block_1_27' title="bbox 2081 1255 3659 1331">
    <p class='ocr_par' dir='ltr' id='par_1_27' title="bbox 2081 1255 3659 1331">
     <span class='ocr_line' id='line_1_27' title="bbox 2081 1255 3659 1331; baseline -0.003 -17"><span class='ocrx_word' id='word_1_153' title='bbox 2081 1261 2314 1331; x_wconf 89' lang='lat' dir='ltr'><strong>quinari.</strong></span> <span class='ocrx_word' id='word_1_154' title='bbox 2345 1260 2541 1316; x_wconf 91' lang='lat' dir='ltr'><strong>Sancta</strong></span> <span class='ocrx_word' id='word_1_155' title='bbox 2574 1259 2660 1312; x_wconf 90' lang='lat' dir='ltr'><strong>illa</strong></span> <span class='ocrx_word' id='word_1_156' title='bbox 2693 1273 2846 1322; x_wconf 83' lang='lat' dir='ltr'><strong>caro,</strong></span> <span class='ocrx_word' id='word_1_157' title='bbox 2879 1272 2999 1327; x_wconf 75' lang='lat' dir='ltr'><strong>quae</strong></span> <span class='ocrx_word' id='word_1_158' title='bbox 3028 1256 3210 1310; x_wconf 67' lang='lat' dir='ltr'><strong>Maria:</strong></span> <span class='ocrx_word' id='word_1_159' title='bbox 3239 1257 3362 1319; x_wconf 80' lang='lat' dir='ltr'><strong>fuit,</strong></span> <span class='ocrx_word' id='word_1_160' title='bbox 3391 1255 3502 1323; x_wconf 87' lang='lat' dir='ltr'><strong>jam</strong></span> <span class='ocrx_word' id='word_1_161' title='bbox 3533 1255 3659 1309; x_wconf 91' lang='lat' dir='ltr'><strong>inde</strong></span> 
     </span>
    </p>
   </div>
   <div class='ocr_carea' id='block_1_28' title="bbox 2081 1347 3659 1417">
    <p class='ocr_par' dir='ltr' id='par_1_28' title="bbox 2081 1347 3659 1417">
     <span class='ocr_line' id='line_1_28' title="bbox 2081 1347 3659 1417; baseline -0.003 -14"><span class='ocrx_word' id='word_1_162' title='bbox 2081 1364 2110 1403; x_wconf 90' lang='lat' dir='ltr'><strong>a</strong></span> <span class='ocrx_word' id='word_1_163' title='bbox 2139 1350 2312 1417; x_wconf 93' lang='lat' dir='ltr'><strong>primo</strong></span> <span class='ocrx_word' id='word_1_164' title='bbox 2338 1360 2629 1416; x_wconf 91' lang='lat' dir='ltr'><strong>conceptus</strong></span> <span class='ocrx_word' id='word_1_165' title='bbox 2656 1358 2955 1415; x_wconf 89' lang='lat' dir='ltr'><strong>momento,</strong></span> <span class='ocrx_word' id='word_1_166' title='bbox 2983 1348 3096 1402; x_wconf 90' lang='lat' dir='ltr'><strong>sive</strong></span> <span class='ocrx_word' id='word_1_167' title='bbox 3127 1347 3178 1400; x_wconf 92' lang='lat' dir='ltr'><strong>in</strong></span> <span class='ocrx_word' id='word_1_168' title='bbox 3208 1355 3361 1400; x_wconf 89' lang='lat' dir='ltr'><strong>utero</strong></span> <span class='ocrx_word' id='word_1_169' title='bbox 3387 1347 3659 1400; x_wconf 81' lang='lat' dir='ltr'><strong>exsisten-</strong></span> 
     </span>
    </p>
   </div>
   <div class='ocr_carea' id='block_1_29' title="bbox 2079 1437 3658 1508">
    <p class='ocr_par' dir='ltr' id='par_1_29' title="bbox 2079 1437 3658 1508">
     <span class='ocr_line' id='line_1_29' title="bbox 2079 1437 3658 1508; baseline -0.005 -14"><span class='ocrx_word' id='word_1_170' title='bbox 2079 1441 2192 1504; x_wconf 67' lang='lat' dir='ltr'><strong>tim,</strong></span> <span class='ocrx_word' id='word_1_171' title='bbox 2229 1447 2412 1494; x_wconf 89' lang='lat' dir='ltr'><strong>sancta</strong></span> <span class='ocrx_word' id='word_1_172' title='bbox 2455 1440 2577 1506; x_wconf 82' lang='lat' dir='ltr'><strong>fuit,</strong></span> <span class='ocrx_word' id='word_1_173' title='bbox 2619 1447 2806 1508; x_wconf 90' lang='lat' dir='ltr'><strong>utpote</strong></span> <span class='ocrx_word' id='word_1_174' title='bbox 2848 1437 3053 1492; x_wconf 91' lang='lat' dir='ltr'><strong>Christi</strong></span> <span class='ocrx_word' id='word_1_175' title='bbox 3101 1451 3296 1505; x_wconf 90' lang='lat' dir='ltr'><strong>corpus</strong></span> <span class='ocrx_word' id='word_1_176' title='bbox 3333 1453 3346 1489; x_wconf 90' lang='lat'>:</span> <span class='ocrx_word' id='word_1_177' title='bbox 3386 1449 3658 1504; x_wconf 87' lang='lat' dir='ltr'><strong>nemoque</strong></span> 
     </span>
    </p>
   </div>
   <div class='ocr_carea' id='block_1_30' title="bbox 2081 1526 3658 1598">
    <p class='ocr_par' dir='ltr' id='par_1_30' title="bbox 2081 1526 3658 1598">
     <span class='ocr_line' id='line_1_30' title="bbox 2081 1526 3658 1598; baseline -0.004 -15"><span class='ocrx_word' id='word_1_178' title='bbox 2081 1529 2160 1585; x_wconf 91' lang='lat' dir='ltr'><strong>vel</strong></span> <span class='ocrx_word' id='word_1_179' title='bbox 2190 1537 2406 1585; x_wconf 88' lang='lat' dir='ltr'><strong>tenuem</strong></span> <span class='ocrx_word' id='word_1_180' title='bbox 2437 1530 2683 1584; x_wconf 87' lang='lat' dir='ltr'><strong>concedit</strong></span> <span class='ocrx_word' id='word_1_181' title='bbox 2711 1527 2973 1598; x_wconf 85' lang='lat' dir='ltr'><strong>temporis</strong></span> <span class='ocrx_word' id='word_1_182' title='bbox 3003 1526 3170 1580; x_wconf 81' lang='lat' dir='ltr'><strong>fuisse</strong></span> <span class='ocrx_word' id='word_1_183' title='bbox 3199 1526 3520 1590; x_wconf 86' lang='lat' dir='ltr'><strong>articulum,</strong></span> <span class='ocrx_word' id='word_1_184' title='bbox 3550 1541 3658 1594; x_wconf 84' lang='lat' dir='ltr'><strong>quo</strong></span> 
     </span>
    </p>
   </div>
   <div class='ocr_carea' id='block_1_31' title="bbox 2082 1613 3664 1686">
    <p class='ocr_par' dir='ltr' id='par_1_31' title="bbox 2082 1613 3664 1686">
     <span class='ocr_line' id='line_1_31' title="bbox 2082 1613 3664 1686; baseline -0.006 -12"><span class='ocrx_word' id='word_1_185' title='bbox 2082 1620 2168 1674; x_wconf 93' lang='lat' dir='ltr'><strong>illa</strong></span> <span class='ocrx_word' id='word_1_186' title='bbox 2196 1619 2500 1676; x_wconf 90' lang='lat' dir='ltr'><strong>communis</strong></span> <span class='ocrx_word' id='word_1_187' title='bbox 2529 1619 2850 1686; x_wconf 77' lang='lat' dir='ltr'><strong>czcterisque</strong></span> <span class='ocrx_word' id='word_1_188' title='bbox 2881 1616 3137 1671; x_wconf 85' lang='lat' dir='ltr'><strong>carnibus</strong></span> <span class='ocrx_word' id='word_1_189' title='bbox 3163 1615 3359 1670; x_wconf 86' lang='lat' dir='ltr'><strong>similis</strong></span> <span class='ocrx_word' id='word_1_190' title='bbox 3388 1613 3572 1680; x_wconf 75' lang='lat' dir='ltr'><strong>fuerit,</strong></span> <span class='ocrx_word' id='word_1_191' title='bbox 3605 1622 3664 1665; x_wconf 91' lang='lat' dir='ltr'><strong>ut</strong></span> 
     </span>
    </p>
   </div>
   <div class='ocr_carea' id='block_1_32' title="bbox 2081 1704 3359 1777">
    <p class='ocr_par' dir='ltr' id='par_1_32' title="bbox 2081 1704 3359 1777">
     <span class='ocr_line' id='line_1_32' title="bbox 2081 1704 3359 1777; baseline -0.002 -15"><span class='ocrx_word' id='word_1_192' title='bbox 2081 1724 2110 1762; x_wconf 92' lang='lat' dir='ltr'><strong>a</strong></span> <span class='ocrx_word' id='word_1_193' title='bbox 2140 1717 2192 1763; x_wconf 92' lang='lat' dir='ltr'><strong>te</strong></span> <span class='ocrx_word' id='word_1_194' title='bbox 2220 1710 2422 1765; x_wconf 91' lang='lat' dir='ltr'><strong>dictum</strong></span> <span class='ocrx_word' id='word_1_195' title='bbox 2449 1718 2565 1774; x_wconf 91' lang='lat' dir='ltr'><strong>est,</strong></span> <span class='ocrx_word' id='word_1_196' title='bbox 2597 1719 2652 1764; x_wconf 93' lang='lat' dir='ltr'><strong>et</strong></span> <span class='ocrx_word' id='word_1_197' title='bbox 2681 1723 2785 1763; x_wconf 93' lang='lat' dir='ltr'><strong>non</strong></span> <span class='ocrx_word' id='word_1_198' title='bbox 2816 1708 2994 1777; x_wconf 90' lang='lat' dir='ltr'><strong>potius</strong></span> <span class='ocrx_word' id='word_1_199' title='bbox 3019 1704 3180 1761; x_wconf 86' lang='lat' dir='ltr'><strong>Verbi</strong></span> <span class='ocrx_word' id='word_1_200' title='bbox 3213 1720 3359 1760; x_wconf 90' lang='lat' dir='ltr'><strong>caro.</strong></span> 
     </span>
    </p>
   </div>
   <div class='ocr_carea' id='block_1_33' title="bbox 480 1833 3652 1929">
    <p class='ocr_par' dir='ltr' id='par_1_33' title="bbox 480 1833 3652 1929">
     <span class='ocr_line' id='line_1_33' title="bbox 480 1833 3652 1929; baseline -0.003 -17"><span class='ocrx_word' id='word_1_201' title='bbox 480 1880 500 1912; x_wconf 73' lang='grc' dir='ltr'>ι</span> <span class='ocrx_word' id='word_1_202' title='bbox 546 1861 679 1916; x_wconf 90' lang='lat' dir='ltr'><strong>Cum</strong></span> <span class='ocrx_word' id='word_1_203' title='bbox 711 1859 1032 1929; x_wconf 87' lang='lat' dir='ltr'><strong>Unigenitus</strong></span> <span class='ocrx_word' id='word_1_204' title='bbox 1064 1873 1121 1914; x_wconf 86' lang='lat' dir='ltr'><strong>se</strong></span> <span class='ocrx_word' id='word_1_205' title='bbox 1152 1859 1552 1924; x_wconf 75' lang='lat' dir='ltr'><strong>incaruaverit,</strong></span> <span class='ocrx_word' id='word_1_206' title='bbox 1584 1860 1676 1929; x_wconf 91' lang='lat' dir='ltr'><strong>qui</strong></span> <span class='ocrx_word' id='word_1_207' title='bbox 1706 1859 1814 1914; x_wconf 85' lang='lat' dir='ltr'><strong>vita</strong></span> <span class='ocrx_word' id='word_1_208' title='bbox 1843 1873 1971 1913; x_wconf 90' lang='lat' dir='ltr'><strong>sua-</strong></span> <span class='ocrx_word' id='word_1_209' title='bbox 2000 1833 2050 1892; x_wconf 75' lang='grc' dir='ltr'>Β</span> <span class='ocrx_word' id='word_1_210' title='bbox 2077 1843 2157 1899; x_wconf 65' lang='grc' dir='ltr'><strong>Εἰ</strong></span> <span class='ocrx_word' id='word_1_211' title='bbox 2189 1841 2745 1929; x_wconf 19' lang='grc' dir='ltr'><strong>δενειιιίΑκτιςειξιξημ</strong></span> <span class='ocrx_word' id='word_1_212' title='bbox 2771 1855 3042 1929; x_wconf 48' lang='grc' dir='ltr'><strong>ᾗνριεξίῇιξ</strong></span> <span class='ocrx_word' id='word_1_213' title='bbox 3057 1855 3358 1929; x_wconf 47' lang='grc' dir='ltr'><strong>ξ’ᾓίξ-οιξξεβξ</strong></span> <span class='ocrx_word' id='word_1_214' title='bbox 3385 1855 3499 1929; x_wconf 44' lang='grc' dir='ltr'><strong>διεπρ-</strong></span> <span class='ocrx_word' id='word_1_215' title='bbox 3512 1855 3652 1904; x_wconf 79' lang='lat' dir='ltr'><strong>QUOD</strong></span> 
     </span>
    </p>
   </div>
   <div class='ocr_carea' id='block_1_34' title="bbox 401 1948 1975 2022">
    <p class='ocr_par' dir='ltr' id='par_1_34' title="bbox 401 1948 1975 2022">
     <span class='ocr_line' id='line_1_34' title="bbox 401 1948 1975 2022; baseline -0.001 -16"><span class='ocrx_word' id='word_1_216' title='bbox 401 1962 494 2022; x_wconf 87' lang='lat' dir='ltr'><strong>pte</strong></span> <span class='ocrx_word' id='word_1_217' title='bbox 525 1961 715 2006; x_wconf 89' lang='lat' dir='ltr'><strong>natura</strong></span> <span class='ocrx_word' id='word_1_218' title='bbox 747 1957 850 2012; x_wconf 87' lang='lat' dir='ltr'><strong>est,</strong></span> <span class='ocrx_word' id='word_1_219' title='bbox 884 1963 1134 2017; x_wconf 87' lang='lat' dir='ltr'><strong>regressa</strong></span> <span class='ocrx_word' id='word_1_220' title='bbox 1164 1957 1249 2003; x_wconf 89' lang='lat' dir='ltr'><strong>est</strong></span> <span class='ocrx_word' id='word_1_221' title='bbox 1277 1949 1344 2003; x_wconf 88' lang='lat' dir='ltr'><strong>ad</strong></span> <span class='ocrx_word' id='word_1_222' title='bbox 1373 1948 1540 2004; x_wconf 87' lang='lat' dir='ltr'><strong>vitam</strong></span> <span class='ocrx_word' id='word_1_223' title='bbox 1574 1960 1768 2004; x_wconf 89' lang='lat' dir='ltr'><strong>natura</strong></span> <span class='ocrx_word' id='word_1_224' title='bbox 1795 1950 1975 2004; x_wconf 85' lang='lat' dir='ltr'><strong>homi-</strong></span> 
     </span>
    </p>
   </div>
   <div class='ocr_carea' id='block_1_35' title="bbox 404 2039 1976 2110">
    <p class='ocr_par' dir='ltr' id='par_1_35' title="bbox 404 2039 1976 2110">
     <span class='ocr_line' id='line_1_35' title="bbox 404 2039 1976 2110; baseline -0.001 -14"><span class='ocrx_word' id='word_1_225' title='bbox 404 2044 508 2097; x_wconf 90' lang='lat' dir='ltr'><strong>nis.</strong></span> <span class='ocrx_word' id='word_1_226' title='bbox 538 2040 655 2110; x_wconf 85' lang='lat' dir='ltr'><strong>ipse</strong></span> <span class='ocrx_word' id='word_1_227' title='bbox 679 2054 810 2095; x_wconf 92' lang='lat' dir='ltr'><strong>vero</strong></span> <span class='ocrx_word' id='word_1_228' title='bbox 838 2048 998 2108; x_wconf 90' lang='lat' dir='ltr'><strong>caput</strong></span> <span class='ocrx_word' id='word_1_229' title='bbox 1023 2039 1270 2094; x_wconf 89' lang='lat' dir='ltr'><strong>omnium</strong></span> <span class='ocrx_word' id='word_1_230' title='bbox 1297 2047 1405 2106; x_wconf 87' lang='lat' dir='ltr'><strong>est,</strong></span> <span class='ocrx_word' id='word_1_231' title='bbox 1434 2039 1667 2109; x_wconf 88' lang='lat' dir='ltr'><strong>ideoque</strong></span> <span class='ocrx_word' id='word_1_232' title='bbox 1693 2039 1976 2095; x_wconf 87' lang='lat' dir='ltr'><strong>viviiicans</strong></span> 
     </span>
    </p>
   </div>
   <div class='ocr_carea' id='block_1_36' title="bbox 404 2129 1978 2201">
    <p class='ocr_par' dir='ltr' id='par_1_36' title="bbox 404 2129 1978 2201">
     <span class='ocr_line' id='line_1_36' title="bbox 404 2129 1978 2201; baseline -0.002 -14"><span class='ocrx_word' id='word_1_233' title='bbox 404 2133 534 2188; x_wconf 88' lang='lat' dir='ltr'><strong>illud</strong></span> <span class='ocrx_word' id='word_1_234' title='bbox 579 2132 758 2187; x_wconf 89' lang='lat' dir='ltr'><strong>Patris</strong></span> <span class='ocrx_word' id='word_1_235' title='bbox 793 2130 1028 2186; x_wconf 87' lang='lat' dir='ltr'><strong>Verbum</strong></span> <span class='ocrx_word' id='word_1_236' title='bbox 1054 2145 1273 2186; x_wconf 89' lang='lat' dir='ltr'><strong>carnem</strong></span> <span class='ocrx_word' id='word_1_237' title='bbox 1315 2131 1418 2186; x_wconf 90' lang='lat' dir='ltr'><strong>sibi</strong></span> <span class='ocrx_word' id='word_1_238' title='bbox 1462 2130 1739 2201; x_wconf 88' lang='lat' dir='ltr'><strong>propriam</strong></span> <span class='ocrx_word' id='word_1_239' title='bbox 1785 2129 1978 2186; x_wconf 87' lang='lat' dir='ltr'><strong>ascivit</strong></span> 
     </span>
    </p>
   </div>
   <div class='ocr_carea' id='block_1_37' title="bbox 403 2221 1976 2295">
    <p class='ocr_par' dir='ltr' id='par_1_37' title="bbox 403 2221 1976 2295">
     <span class='ocr_line' id='line_1_37' title="bbox 403 2221 1976 2295; baseline -0.002 -16"><span class='ocrx_word' id='word_1_240' title='bbox 403 2239 524 2295; x_wconf 74' lang='lat' dir='ltr'><strong>quae</strong></span> <span class='ocrx_word' id='word_1_241' title='bbox 563 2225 616 2278; x_wconf 92' lang='lat' dir='ltr'><strong>in</strong></span> <span class='ocrx_word' id='word_1_242' title='bbox 658 2223 850 2279; x_wconf 90' lang='lat' dir='ltr'><strong>mortis</strong></span> <span class='ocrx_word' id='word_1_243' title='bbox 892 2221 1160 2291; x_wconf 89' lang='lat' dir='ltr'><strong>mancipio</strong></span> <span class='ocrx_word' id='word_1_244' title='bbox 1199 2229 1342 2286; x_wconf 90' lang='lat' dir='ltr'><strong>erat,</strong></span> <span class='ocrx_word' id='word_1_245' title='bbox 1379 2230 1437 2276; x_wconf 90' lang='lat' dir='ltr'><strong>ut</strong></span> <span class='ocrx_word' id='word_1_246' title='bbox 1481 2221 1609 2276; x_wconf 86' lang='lat' dir='ltr'><strong>dum</strong></span> <span class='ocrx_word' id='word_1_247' title='bbox 1647 2237 1767 2276; x_wconf 91' lang='lat' dir='ltr'><strong>eam</strong></span> <span class='ocrx_word' id='word_1_248' title='bbox 1815 2221 1976 2277; x_wconf 88' lang='lat' dir='ltr'><strong>morti</strong></span> 
     </span>
    </p>
   </div>
   <div class='ocr_carea' id='block_1_38' title="bbox 404 2312 1977 2384">
    <p class='ocr_par' dir='ltr' id='par_1_38' title="bbox 404 2312 1977 2384">
     <span class='ocr_line' id='line_1_38' title="bbox 404 2312 1977 2384; baseline -0.003 -13"><span class='ocrx_word' id='word_1_249' title='bbox 404 2314 831 2384; x_wconf 72' lang='lat' dir='ltr'><strong>corruptelaaque</strong></span> <span class='ocrx_word' id='word_1_250' title='bbox 861 2313 1197 2382; x_wconf 88' lang='lat' dir='ltr'><strong>superiorem</strong></span> <span class='ocrx_word' id='word_1_251' title='bbox 1225 2312 1484 2384; x_wconf 74' lang='lat' dir='ltr'><strong>ediceret,</strong></span> <span class='ocrx_word' id='word_1_252' title='bbox 1519 2313 1662 2368; x_wconf 91' lang='lat' dir='ltr'><strong>idem</strong></span> <span class='ocrx_word' id='word_1_253' title='bbox 1697 2313 1850 2368; x_wconf 90' lang='lat' dir='ltr'><strong>nobis</strong></span> <span class='ocrx_word' id='word_1_254' title='bbox 1879 2314 1977 2367; x_wconf 85' lang='lat' dir='ltr'><strong>do-</strong></span> 
     </span>
    </p>
   </div>
   <div class='ocr_carea' id='block_1_39' title="bbox 403 2403 1976 2475">
    <p class='ocr_par' dir='ltr' id='par_1_39' title="bbox 403 2403 1976 2475">
     <span class='ocr_line' id='line_1_39' title="bbox 403 2403 1976 2475; baseline -0.003 -15"><span class='ocrx_word' id='word_1_255' title='bbox 403 2421 531 2460; x_wconf 92' lang='lat' dir='ltr'><strong>num</strong></span> <span class='ocrx_word' id='word_1_256' title='bbox 576 2405 964 2475; x_wconf 83' lang='lat' dir='ltr'><strong>impertiretur.</strong></span> <span class='ocrx_word' id='word_1_257' title='bbox 1000 2403 1178 2473; x_wconf 89' lang='lat' dir='ltr'><strong>Atque</strong></span> <span class='ocrx_word' id='word_1_258' title='bbox 1219 2412 1278 2457; x_wconf 94' lang='lat' dir='ltr'><strong>ut</strong></span> <span class='ocrx_word' id='word_1_259' title='bbox 1321 2405 1374 2458; x_wconf 93' lang='lat' dir='ltr'><strong>in</strong></span> <span class='ocrx_word' id='word_1_260' title='bbox 1421 2403 1613 2460; x_wconf 90' lang='lat' dir='ltr'><strong>mortis</strong></span> <span class='ocrx_word' id='word_1_261' title='bbox 1651 2412 1976 2472; x_wconf 87' lang='lat' dir='ltr'><strong>potestatem</strong></span> 
     </span>
    </p>
   </div>
   <div class='ocr_carea' id='block_1_40' title="bbox 403 2495 1978 2565">
    <p class='ocr_par' dir='ltr' id='par_1_40' title="bbox 403 2495 1978 2565">
     <span class='ocr_line' id='line_1_40' title="bbox 403 2495 1978 2565; baseline -0.001 -14"><span class='ocrx_word' id='word_1_262' title='bbox 403 2498 595 2551; x_wconf 82' lang='lat' dir='ltr'><strong>Adami</strong></span> <span class='ocrx_word' id='word_1_263' title='bbox 628 2511 792 2551; x_wconf 91' lang='lat' dir='ltr'><strong>causa</strong></span> <span class='ocrx_word' id='word_1_264' title='bbox 824 2495 1136 2562; x_wconf 85' lang='lat' dir='ltr'><strong>incidimus,</strong></span> <span class='ocrx_word' id='word_1_265' title='bbox 1171 2495 1244 2548; x_wconf 82' lang='lat' dir='ltr'><strong>ita</strong></span> <span class='ocrx_word' id='word_1_266' title='bbox 1279 2510 1376 2565; x_wconf 92' lang='lat' dir='ltr'><strong>per</strong></span> <span class='ocrx_word' id='word_1_267' title='bbox 1405 2495 1682 2550; x_wconf 88' lang='lat' dir='ltr'><strong>Christum</strong></span> <span class='ocrx_word' id='word_1_268' title='bbox 1717 2510 1748 2550; x_wconf 95' lang='lat' dir='ltr'><strong>a</strong></span> <span class='ocrx_word' id='word_1_269' title='bbox 1783 2495 1978 2551; x_wconf 88' lang='lat' dir='ltr'><strong>mortis</strong></span> 
     </span>
    </p>
   </div>
   <div class='ocr_carea' id='block_1_41' title="bbox 402 2586 1976 2652">
    <p class='ocr_par' dir='ltr' id='par_1_41' title="bbox 402 2586 1976 2652">
     <span class='ocr_line' id='line_1_41' title="bbox 402 2586 1976 2652; baseline -0.003 -8"><span class='ocrx_word' id='word_1_270' title='bbox 402 2589 610 2644; x_wconf 67' lang='lat' dir='ltr'><strong>saevitia</strong></span> <span class='ocrx_word' id='word_1_271' title='bbox 636 2587 868 2652; x_wconf 88' lang='lat' dir='ltr'><strong>liberati,</strong></span> <span class='ocrx_word' id='word_1_272' title='bbox 895 2586 1072 2642; x_wconf 91' lang='lat' dir='ltr'><strong>denuo</strong></span> <span class='ocrx_word' id='word_1_273' title='bbox 1101 2587 1371 2642; x_wconf 88' lang='lat' dir='ltr'><strong>tendimus</strong></span> <span class='ocrx_word' id='word_1_274' title='bbox 1396 2587 1464 2642; x_wconf 91' lang='lat' dir='ltr'><strong>ad</strong></span> <span class='ocrx_word' id='word_1_275' title='bbox 1492 2587 1976 2642; x_wconf 86' lang='lat' dir='ltr'><strong>immortalitatem.</strong></span> 
     </span>
    </p>
   </div>
   <div class='ocr_carea' id='block_1_42' title="bbox 404 2714 1982 2790">
    <p class='ocr_par' dir='ltr' id='par_1_42' title="bbox 404 2714 1982 2790">
     <span class='ocr_line' id='line_1_42' title="bbox 404 2714 1982 2790; baseline -0.005 -14"><span class='ocrx_word' id='word_1_276' title='bbox 404 2723 493 2776; x_wconf 79' lang='lat' dir='ltr'><strong>l5.</strong></span> <span class='ocrx_word' id='word_1_277' title='bbox 535 2721 684 2775; x_wconf 83' lang='lat' dir='ltr'><strong>Idem</strong></span> <span class='ocrx_word' id='word_1_278' title='bbox 715 2720 940 2790; x_wconf 79' lang='lat' dir='ltr'><strong>Cyrillus</strong></span> <span class='ocrx_word' id='word_1_279' title='bbox 965 2721 1021 2774; x_wconf 86' lang='lat' dir='ltr'><strong>in</strong></span> <span class='ocrx_word' id='word_1_280' title='bbox 1048 2721 1202 2774; x_wconf 84' lang='lat' dir='ltr'><strong>tertio</strong></span> <span class='ocrx_word' id='word_1_281' title='bbox 1229 2731 1410 2774; x_wconf 83' lang='lat' dir='ltr'><strong>contra</strong></span> <span class='ocrx_word' id='word_1_282' title='bbox 1438 2719 1772 2790; x_wconf 72' lang='lat' dir='ltr'><strong>Theodorum</strong></span> <span class='ocrx_word' id='word_1_283' title='bbox 1834 2714 1982 2790; x_wconf 53' lang='grc' dir='ltr'><strong>ΔΜορ-</strong></span> 
     </span>
    </p>
   </div>
   <div class='ocr_carea' id='block_1_43' title="bbox 443 2787 1984 2860">
    <p class='ocr_par' dir='ltr' id='par_1_43' title="bbox 443 2787 1984 2860">
     <span class='ocr_line' id='line_1_43' title="bbox 443 2787 1984 2860; baseline -0.004 -15"><span class='ocrx_word' id='word_1_284' title='bbox 443 2794 655 2845; x_wconf 77' lang='lat' dir='ltr'><strong>suestia:</strong></span> <span class='ocrx_word' id='word_1_285' title='bbox 678 2787 977 2857; x_wconf 57' lang='lat' dir='ltr'><strong>epi&#39;swpum</strong></span> <span class='ocrx_word' id='word_1_286' title='bbox 1017 2791 1180 2854; x_wconf 85' lang='lat' dir='ltr'><strong>libro,</strong></span> <span class='ocrx_word' id='word_1_287' title='bbox 1205 2792 1297 2859; x_wconf 81' lang='lat' dir='ltr'><strong>qui</strong></span> <span class='ocrx_word' id='word_1_288' title='bbox 1322 2792 1506 2860; x_wconf 72' lang='lat' dir='ltr'><strong>incipit</strong></span> <span class='ocrx_word' id='word_1_289' title='bbox 1529 2805 1548 2844; x_wconf 91' lang='lat'><strong><em>:</em></strong></span> <span class='ocrx_word' id='word_1_290' title='bbox 1589 2809 1608 2842; x_wconf 82' lang='grc'><strong>‹</strong></span> <span class='ocrx_word' id='word_1_291' title='bbox 1639 2789 1838 2844; x_wconf 72' lang='lat' dir='ltr'><strong>Nostra</strong></span> <span class='ocrx_word' id='word_1_292' title='bbox 1869 2787 1984 2854; x_wconf 75' lang='lat' dir='ltr'><strong>(or-</strong></span> 
     </span>
    </p>
   </div>
   <div class='ocr_carea' id='block_1_44' title="bbox 471 2861 1203 2915">
    <p class='ocr_par' dir='ltr' id='par_1_44' title="bbox 471 2861 1203 2915">
     <span class='ocr_line' id='line_1_44' title="bbox 471 2861 1203 2915; baseline -0.005 -1"><span class='ocrx_word' id='word_1_293' title='bbox 471 2863 614 2915; x_wconf 75' lang='lat' dir='ltr'><strong>sitan</strong></span> <span class='ocrx_word' id='word_1_294' title='bbox 647 2861 799 2913; x_wconf 80' lang='lat' dir='ltr'><strong>verba</strong></span> <span class='ocrx_word' id='word_1_295' title='bbox 834 2861 970 2912; x_wconf 83' lang='lat' dir='ltr'><strong>dura</strong></span> <span class='ocrx_word' id='word_1_296' title='bbox 1002 2869 1145 2914; x_wconf 77' lang='lat' dir='ltr'><strong>sunt.</strong></span> <span class='ocrx_word' id='word_1_297' title='bbox 1183 2877 1203 2910; x_wconf 77' lang='grc' dir='ltr'><strong><em>ι</em></strong></span> 
     </span>
    </p>
   </div>
   <div class='ocr_carea' id='block_1_45' title="bbox 472 2992 1980 3064">
    <p class='ocr_par' dir='ltr' id='par_1_45' title="bbox 472 2992 1980 3064">
     <span class='ocr_line' id='line_1_45' title="bbox 472 2992 1980 3064; baseline -0.001 -16"><span class='ocrx_word' id='word_1_298' title='bbox 472 2994 610 3048; x_wconf 83' lang='lat' dir='ltr'><strong>Audi</strong></span> <span class='ocrx_word' id='word_1_299' title='bbox 642 3007 741 3048; x_wconf 90' lang='lat' dir='ltr'><strong>nos</strong></span> <span class='ocrx_word' id='word_1_300' title='bbox 772 2993 952 3062; x_wconf 88' lang='lat' dir='ltr'><strong>itaque</strong></span> <span class='ocrx_word' id='word_1_301' title='bbox 981 2999 1144 3062; x_wconf 89' lang='lat' dir='ltr'><strong>atque</strong></span> <span class='ocrx_word' id='word_1_302' title='bbox 1171 2992 1433 3064; x_wconf 84' lang='lat' dir='ltr'><strong>intellige,</strong></span> <span class='ocrx_word' id='word_1_303' title='bbox 1459 3008 1494 3050; x_wconf 96' lang='lat' dir='ltr'><strong>o</strong></span> <span class='ocrx_word' id='word_1_304' title='bbox 1521 2994 1704 3060; x_wconf 91' lang='lat' dir='ltr'><strong>homo,</strong></span> <span class='ocrx_word' id='word_1_305' title='bbox 1734 2993 1980 3064; x_wconf 84' lang='lat' dir='ltr'><strong>mysterii</strong></span> 
     </span>
    </p>
   </div>
   <div class='ocr_carea' id='block_1_46' title="bbox 402 3085 1980 3158">
    <p class='ocr_par' dir='ltr' id='par_1_46' title="bbox 402 3085 1980 3158">
     <span class='ocr_line' id='line_1_46' title="bbox 402 3085 1980 3158; baseline -0.002 -16"><span class='ocrx_word' id='word_1_306' title='bbox 402 3086 850 3158; x_wconf 82' lang='lat' dir='ltr'><strong>profunditatem,</strong></span> <span class='ocrx_word' id='word_1_307' title='bbox 877 3085 1018 3154; x_wconf 92' lang='lat' dir='ltr'><strong>quod</strong></span> <span class='ocrx_word' id='word_1_308' title='bbox 1044 3099 1167 3138; x_wconf 91' lang='lat' dir='ltr'><strong>cum</strong></span> <span class='ocrx_word' id='word_1_309' title='bbox 1194 3099 1476 3140; x_wconf 86' lang='lat' dir='ltr'><strong>sacrorum</strong></span> <span class='ocrx_word' id='word_1_310' title='bbox 1505 3085 1764 3140; x_wconf 87' lang='lat' dir='ltr'><strong>librorum</strong></span> <span class='ocrx_word' id='word_1_311' title='bbox 1792 3088 1980 3140; x_wconf 91' lang='lat' dir='ltr'><strong>ortho-</strong></span> 
     </span>
    </p>
   </div>
   <div class='ocr_carea' id='block_1_47' title="bbox 2187 1909 3530 1977">
    <p class='ocr_par' dir='ltr' id='par_1_47' title="bbox 2187 1909 3530 1977">
     <span class='ocr_line' id='line_1_47' title="bbox 2187 1909 3530 1977; baseline -0.002 -9"><span class='ocrx_word' id='word_1_312' title='bbox 2187 1928 2525 1968; x_wconf 74' lang='lat' dir='ltr'><strong>ttvscntst&#39;run</strong></span> <span class='ocrx_word' id='word_1_313' title='bbox 2553 1909 2900 1977; x_wconf 81' lang='lat' dir='ltr'><strong>Philaletlm,</strong></span> <span class='ocrx_word' id='word_1_314' title='bbox 2932 1925 2983 1964; x_wconf 76' lang='lat' dir='ltr'><strong>IN</strong></span> <span class='ocrx_word' id='word_1_315' title='bbox 3014 1925 3204 1965; x_wconf 76' lang='lat' dir='ltr'><strong>comes</strong></span> <span class='ocrx_word' id='word_1_316' title='bbox 3231 1909 3370 1965; x_wconf 75' lang='lat' dir='ltr'><strong>Vn.</strong></span> <span class='ocrx_word' id='word_1_317' title='bbox 3401 1909 3530 1965; x_wconf 80' lang='lat' dir='ltr'><strong>Svn.</strong></span> 
     </span>
    </p>
   </div>
   <div class='ocr_carea' id='block_1_48' title="bbox 2281 2021 3446 2094">
    <p class='ocr_par' dir='ltr' id='par_1_48' title="bbox 2281 2021 3446 2094">
     <span class='ocr_line' id='line_1_48' title="bbox 2281 2021 3446 2094; baseline -0.001 -16"><span class='ocrx_word' id='word_1_318' title='bbox 2281 2025 2370 2082; x_wconf 75' lang='grc'><strong>19.</strong></span> <span class='ocrx_word' id='word_1_319' title='bbox 2411 2024 2560 2079; x_wconf 84' lang='lat' dir='ltr'><strong>Idem</strong></span> <span class='ocrx_word' id='word_1_320' title='bbox 2588 2021 2819 2094; x_wconf 80' lang='lat' dir='ltr'><strong>Cyrillus</strong></span> <span class='ocrx_word' id='word_1_321' title='bbox 2851 2023 3101 2078; x_wconf 77' lang='lat' dir='ltr'><strong>adversus</strong></span> <span class='ocrx_word' id='word_1_322' title='bbox 3133 2023 3446 2078; x_wconf 85' lang='lat' dir='ltr'><strong>Diodorum.</strong></span> 
     </span>
    </p>
   </div>
   <div class='ocr_carea' id='block_1_49' title="bbox 2153 2157 3651 2224">
    <p class='ocr_par' dir='ltr' id='par_1_49' title="bbox 2153 2157 3651 2224">
     <span class='ocr_line' id='line_1_49' title="bbox 2153 2157 3651 2224; baseline -0.001 -10"><span class='ocrx_word' id='word_1_323' title='bbox 2153 2159 2324 2215; x_wconf 90' lang='lat' dir='ltr'><strong>Sicuti</strong></span> <span class='ocrx_word' id='word_1_324' title='bbox 2357 2160 2521 2216; x_wconf 90' lang='lat' dir='ltr'><strong>etiam</strong></span> <span class='ocrx_word' id='word_1_325' title='bbox 2558 2159 2696 2215; x_wconf 91' lang='lat' dir='ltr'><strong>idem</strong></span> <span class='ocrx_word' id='word_1_326' title='bbox 2730 2157 2998 2224; x_wconf 87' lang='lat' dir='ltr'><strong>Verbum,</strong></span> <span class='ocrx_word' id='word_1_327' title='bbox 3037 2159 3103 2214; x_wconf 93' lang='lat' dir='ltr'><strong>de</strong></span> <span class='ocrx_word' id='word_1_328' title='bbox 3137 2157 3316 2214; x_wconf 86' lang='lat' dir='ltr'><strong>Patris</strong></span> <span class='ocrx_word' id='word_1_329' title='bbox 3351 2160 3651 2215; x_wconf 85' lang='lat' dir='ltr'><strong>substantia</strong></span> 
     </span>
    </p>
   </div>
   <div class='ocr_carea' id='block_1_50' title="bbox 2079 2249 3656 2323">
    <p class='ocr_par' dir='ltr' id='par_1_50' title="bbox 2079 2249 3656 2323">
     <span class='ocr_line' id='line_1_50' title="bbox 2079 2249 3656 2323; baseline -0.004 -16"><span class='ocrx_word' id='word_1_330' title='bbox 2079 2252 2345 2323; x_wconf 81' lang='lat' dir='ltr'><strong>genitum,</strong></span> <span class='ocrx_word' id='word_1_331' title='bbox 2383 2251 2673 2306; x_wconf 82' lang='lat' dir='ltr'><strong>Abrahami</strong></span> <span class='ocrx_word' id='word_1_332' title='bbox 2723 2265 2906 2306; x_wconf 85' lang='lat' dir='ltr'><strong>semen</strong></span> <span class='ocrx_word' id='word_1_333' title='bbox 2955 2249 3008 2304; x_wconf 92' lang='lat' dir='ltr'><strong>in</strong></span> <span class='ocrx_word' id='word_1_334' title='bbox 3053 2264 3220 2304; x_wconf 89' lang='lat' dir='ltr'><strong>carne</strong></span> <span class='ocrx_word' id='word_1_335' title='bbox 3264 2250 3656 2319; x_wconf 82' lang='lat' dir='ltr'><strong>apprehendit,</strong></span> 
     </span>
    </p>
   </div>
   <div class='ocr_carea' id='block_1_51' title="bbox 2081 2339 3660 2412">
    <p class='ocr_par' dir='ltr' id='par_1_51' title="bbox 2081 2339 3660 2412">
     <span class='ocr_line' id='line_1_51' title="bbox 2081 2339 3660 2412; baseline -0.005 -14"><span class='ocrx_word' id='word_1_336' title='bbox 2081 2342 2242 2412; x_wconf 89' lang='lat' dir='ltr'><strong>idque</strong></span> <span class='ocrx_word' id='word_1_337' title='bbox 2285 2356 2382 2412; x_wconf 91' lang='lat' dir='ltr'><strong>per</strong></span> <span class='ocrx_word' id='word_1_338' title='bbox 2418 2341 2839 2410; x_wconf 88' lang='lat' dir='ltr'><strong>dispensationis</strong></span> <span class='ocrx_word' id='word_1_339' title='bbox 2880 2339 3228 2410; x_wconf 87' lang='lat' dir='ltr'><strong>mysterium,</strong></span> <span class='ocrx_word' id='word_1_340' title='bbox 3267 2339 3385 2393; x_wconf 89' lang='lat' dir='ltr'><strong>sine</strong></span> <span class='ocrx_word' id='word_1_341' title='bbox 3427 2340 3660 2409; x_wconf 71' lang='lat' dir='ltr'><strong>propria:</strong></span> 
     </span>
    </p>
   </div>
   <div class='ocr_carea' id='block_1_52' title="bbox 2083 2429 3656 2490">
    <p class='ocr_par' dir='ltr' id='par_1_52' title="bbox 2083 2429 3656 2490">
     <span class='ocr_line' id='line_1_52' title="bbox 2083 2429 3656 2490; baseline -0.006 -1"><span class='ocrx_word' id='word_1_342' title='bbox 2083 2432 2399 2490; x_wconf 64' lang='lat' dir='ltr'><strong>substantiae</strong></span> <span class='ocrx_word' id='word_1_343' title='bbox 2444 2431 2790 2486; x_wconf 88' lang='lat' dir='ltr'><strong>detrimento.</strong></span> <span class='ocrx_word' id='word_1_344' title='bbox 2838 2429 3049 2485; x_wconf 86' lang='lat' dir='ltr'><strong>Etenim</strong></span> <span class='ocrx_word' id='word_1_345' title='bbox 3099 2445 3223 2484; x_wconf 92' lang='lat' dir='ltr'><strong>cum</strong></span> <span class='ocrx_word' id='word_1_346' title='bbox 3273 2440 3418 2486; x_wconf 90' lang='lat' dir='ltr'><strong>esset</strong></span> <span class='ocrx_word' id='word_1_347' title='bbox 3465 2439 3656 2485; x_wconf 81' lang='lat' dir='ltr'><strong>natura</strong></span> 
     </span>
    </p>
   </div>
   <div class='ocr_carea' id='block_1_53' title="bbox 2087 2523 3662 2593">
    <p class='ocr_par' dir='ltr' id='par_1_53' title="bbox 2087 2523 3662 2593">
     <span class='ocr_line' id='line_1_53' title="bbox 2087 2523 3662 2593; baseline -0.003 -13"><span class='ocrx_word' id='word_1_348' title='bbox 2087 2525 2259 2589; x_wconf 87' lang='lat' dir='ltr'><strong>Deus,</strong></span> <span class='ocrx_word' id='word_1_349' title='bbox 2295 2537 2453 2578; x_wconf 91' lang='lat' dir='ltr'><strong>verus</strong></span> <span class='ocrx_word' id='word_1_350' title='bbox 2488 2537 2704 2593; x_wconf 89' lang='lat' dir='ltr'><strong>quoque</strong></span> <span class='ocrx_word' id='word_1_351' title='bbox 2742 2523 2979 2578; x_wconf 90' lang='lat' dir='ltr'><strong>hominis</strong></span> <span class='ocrx_word' id='word_1_352' title='bbox 3012 2523 3186 2578; x_wconf 86' lang='lat' dir='ltr'><strong>Filius</strong></span> <span class='ocrx_word' id='word_1_353' title='bbox 3223 2523 3403 2579; x_wconf 79' lang='lat' dir='ltr'><strong>factus</strong></span> <span class='ocrx_word' id='word_1_354' title='bbox 3435 2533 3519 2578; x_wconf 90' lang='lat' dir='ltr'><strong>est</strong></span> <span class='ocrx_word' id='word_1_355' title='bbox 3553 2540 3567 2578; x_wconf 88' lang='lat'><strong>:</strong></span> <span class='ocrx_word' id='word_1_356' title='bbox 3604 2533 3662 2577; x_wconf 90' lang='lat' dir='ltr'><strong>et</strong></span> 
     </span>
    </p>
   </div>
   <div class='ocr_carea' id='block_1_54' title="bbox 2084 2612 3662 2685">
    <p class='ocr_par' dir='ltr' id='par_1_54' title="bbox 2084 2612 3662 2685">
     <span class='ocr_line' id='line_1_54' title="bbox 2084 2612 3662 2685; baseline 0 -17"><span class='ocrx_word' id='word_1_357' title='bbox 2084 2615 2178 2685; x_wconf 89' lang='lat' dir='ltr'><strong>qui</strong></span> <span class='ocrx_word' id='word_1_358' title='bbox 2207 2612 2378 2668; x_wconf 89' lang='lat' dir='ltr'><strong>Filius</strong></span> <span class='ocrx_word' id='word_1_359' title='bbox 2405 2612 2553 2667; x_wconf 90' lang='lat' dir='ltr'><strong>Patri</strong></span> <span class='ocrx_word' id='word_1_360' title='bbox 2589 2615 2697 2668; x_wconf 90' lang='lat' dir='ltr'><strong>Deo</strong></span> <span class='ocrx_word' id='word_1_361' title='bbox 2725 2621 2832 2679; x_wconf 88' lang='lat' dir='ltr'><strong>est,</strong></span> <span class='ocrx_word' id='word_1_362' title='bbox 2859 2627 2968 2667; x_wconf 94' lang='lat' dir='ltr'><strong>non</strong></span> <span class='ocrx_word' id='word_1_363' title='bbox 3002 2623 3088 2668; x_wconf 91' lang='lat' dir='ltr'><strong>est</strong></span> <span class='ocrx_word' id='word_1_364' title='bbox 3115 2613 3190 2667; x_wconf 90' lang='lat' dir='ltr'><strong>illi</strong></span> <span class='ocrx_word' id='word_1_365' title='bbox 3222 2621 3536 2681; x_wconf 84' lang='lat' dir='ltr'><strong>extraneus,</strong></span> <span class='ocrx_word' id='word_1_366' title='bbox 3564 2629 3662 2668; x_wconf 83' lang='lat' dir='ltr'><strong>ne-</strong></span> 
     </span>
    </p>
   </div>
   <div class='ocr_carea' id='block_1_55' title="bbox 2084 2703 3662 2775">
    <p class='ocr_par' dir='ltr' id='par_1_55' title="bbox 2084 2703 3662 2775">
     <span class='ocr_line' id='line_1_55' title="bbox 2084 2703 3662 2775; baseline 0.001 -17"><span class='ocrx_word' id='word_1_367' title='bbox 2084 2719 2189 2775; x_wconf 93' lang='lat' dir='ltr'><strong>que</strong></span> <span class='ocrx_word' id='word_1_368' title='bbox 2215 2704 2410 2759; x_wconf 79' lang='lat' dir='ltr'><strong>falsum</strong></span> <span class='ocrx_word' id='word_1_369' title='bbox 2438 2703 2558 2759; x_wconf 86' lang='lat' dir='ltr'><strong>Filii</strong></span> <span class='ocrx_word' id='word_1_370' title='bbox 2589 2719 2784 2759; x_wconf 91' lang='lat' dir='ltr'><strong>nomen</strong></span> <span class='ocrx_word' id='word_1_371' title='bbox 2815 2704 2955 2773; x_wconf 86' lang='lat' dir='ltr'><strong>gerit</strong></span> <span class='ocrx_word' id='word_1_372' title='bbox 2983 2721 2998 2759; x_wconf 90' lang='lat'><strong>:</strong></span> <span class='ocrx_word' id='word_1_373' title='bbox 3028 2705 3228 2759; x_wconf 91' lang='lat' dir='ltr'><strong>etenim</strong></span> <span class='ocrx_word' id='word_1_374' title='bbox 3258 2719 3447 2774; x_wconf 89' lang='lat' dir='ltr'><strong>reapse</strong></span> <span class='ocrx_word' id='word_1_375' title='bbox 3473 2720 3538 2760; x_wconf 79' lang='lat' dir='ltr'><strong>ex</strong></span> <span class='ocrx_word' id='word_1_376' title='bbox 3569 2704 3662 2759; x_wconf 90' lang='lat' dir='ltr'><strong>il&#39;o</strong></span> 
     </span>
    </p>
   </div>
   <div class='ocr_carea' id='block_1_56' title="bbox 2084 2794 3663 2865">
    <p class='ocr_par' dir='ltr' id='par_1_56' title="bbox 2084 2794 3663 2865">
     <span class='ocr_line' id='line_1_56' title="bbox 2084 2794 3663 2865; baseline -0.001 -16"><span class='ocrx_word' id='word_1_377' title='bbox 2084 2804 2243 2850; x_wconf 90' lang='lat' dir='ltr'><strong>natus</strong></span> <span class='ocrx_word' id='word_1_378' title='bbox 2268 2803 2350 2850; x_wconf 88' lang='lat' dir='ltr'><strong>est</strong></span> <span class='ocrx_word' id='word_1_379' title='bbox 2372 2794 2629 2850; x_wconf 84' lang='lat' dir='ltr'><strong>ineil&#39;abili</strong></span> <span class='ocrx_word' id='word_1_380' title='bbox 2653 2809 2963 2865; x_wconf 88' lang='lat' dir='ltr'><strong>arcanoque</strong></span> <span class='ocrx_word' id='word_1_381' title='bbox 2989 2795 3170 2860; x_wconf 90' lang='lat' dir='ltr'><strong>modo,</strong></span> <span class='ocrx_word' id='word_1_382' title='bbox 3194 2810 3502 2864; x_wconf 83' lang='lat' dir='ltr'><strong>quanquam</strong></span> <span class='ocrx_word' id='word_1_383' title='bbox 3526 2812 3663 2852; x_wconf 77' lang='lat' dir='ltr'><strong>non-</strong></span> 
     </span>
    </p>
   </div>
   <div class='ocr_carea' id='block_1_57' title="bbox 2084 2885 3662 2957">
    <p class='ocr_par' dir='ltr' id='par_1_57' title="bbox 2084 2885 3662 2957">
     <span class='ocr_line' id='line_1_57' title="bbox 2084 2885 3662 2957; baseline 0.001 -17"><span class='ocrx_word' id='word_1_384' title='bbox 2084 2886 2188 2941; x_wconf 92' lang='lat' dir='ltr'><strong>nisi</strong></span> <span class='ocrx_word' id='word_1_385' title='bbox 2211 2886 2265 2940; x_wconf 91' lang='lat' dir='ltr'><strong>in</strong></span> <span class='ocrx_word' id='word_1_386' title='bbox 2287 2899 2450 2941; x_wconf 90' lang='lat' dir='ltr'><strong>carne</strong></span> <span class='ocrx_word' id='word_1_387' title='bbox 2470 2894 2595 2956; x_wconf 90' lang='lat' dir='ltr'><strong>post</strong></span> <span class='ocrx_word' id='word_1_388' title='bbox 2617 2885 3002 2940; x_wconf 86' lang='lat' dir='ltr'><strong>adunationem</strong></span> <span class='ocrx_word' id='word_1_389' title='bbox 3027 2895 3409 2955; x_wconf 81' lang='lat' dir='ltr'><strong>cognoscatur.</strong></span> <span class='ocrx_word' id='word_1_390' title='bbox 3429 2885 3507 2941; x_wconf 92' lang='lat' dir='ltr'><strong>Tu</strong></span> <span class='ocrx_word' id='word_1_391' title='bbox 3529 2901 3662 2957; x_wconf 87' lang='lat' dir='ltr'><strong>ergo</strong></span> 
     </span>
    </p>
   </div>
   <div class='ocr_carea' id='block_1_58' title="bbox 2055 2976 3658 3045">
    <p class='ocr_par' dir='ltr' id='par_1_58' title="bbox 2055 2976 3658 3045">
     <span class='ocr_line' id='line_1_58' title="bbox 2055 2976 3658 3045; baseline -0.001 -13"><span class='ocrx_word' id='word_1_392' title='bbox 2055 2978 2211 3033; x_wconf 89' lang='lat' dir='ltr'><strong>dum</strong></span> <span class='ocrx_word' id='word_1_393' title='bbox 2239 2977 2354 3045; x_wconf 84' lang='lat' dir='ltr'><strong>ejus</strong></span> <span class='ocrx_word' id='word_1_394' title='bbox 2385 2976 2757 3032; x_wconf 87' lang='lat' dir='ltr'><strong>tantummodo</strong></span> <span class='ocrx_word' id='word_1_395' title='bbox 2790 2977 3299 3032; x_wconf 87' lang='lat' dir='ltr'><strong>transmutationem</strong></span> <span class='ocrx_word' id='word_1_396' title='bbox 3331 2978 3574 3034; x_wconf 87' lang='lat' dir='ltr'><strong>admittis</strong></span> <span class='ocrx_word' id='word_1_397' title='bbox 3607 2982 3658 3033; x_wconf 82' lang='lat' dir='ltr'><strong>in</strong></span> 
     </span>
    </p>
   </div>
   <div class='ocr_carea' id='block_1_59' title="bbox 2083 3068 3659 3137">
    <p class='ocr_par' dir='ltr' id='par_1_59' title="bbox 2083 3068 3659 3137">
     <span class='ocr_line' id='line_1_59' title="bbox 2083 3068 3659 3137; baseline -0.001 -13"><span class='ocrx_word' id='word_1_398' title='bbox 2083 3084 2300 3124; x_wconf 86' lang='lat' dir='ltr'><strong>carnem</strong></span> <span class='ocrx_word' id='word_1_399' title='bbox 2338 3069 2632 3124; x_wconf 90' lang='lat' dir='ltr'><strong>inanimem</strong></span> <span class='ocrx_word' id='word_1_400' title='bbox 2669 3068 3061 3137; x_wconf 89' lang='lat' dir='ltr'><strong>intellectuque</strong></span> <span class='ocrx_word' id='word_1_401' title='bbox 3095 3079 3404 3136; x_wconf 88' lang='lat' dir='ltr'><strong>carentem,</strong></span> <span class='ocrx_word' id='word_1_402' title='bbox 3441 3071 3659 3126; x_wconf 88' lang='lat' dir='ltr'><strong>unicum</strong></span> 
     </span>
    </p>
   </div>
   <div class='ocr_carea' id='block_1_60' title="bbox 403 3158 1977 3248">
    <p class='ocr_par' dir='ltr' id='par_1_60' title="bbox 403 3176 1977 3248">
     <span class='ocr_line' id='line_1_60' title="bbox 403 3176 1977 3248; baseline -0.003 -12"><span class='ocrx_word' id='word_1_403' title='bbox 403 3180 562 3236; x_wconf 80' lang='lat' dir='ltr'><strong>doxia</strong></span> <span class='ocrx_word' id='word_1_404' title='bbox 590 3192 862 3248; x_wconf 89' lang='lat' dir='ltr'><strong>scopoque</strong></span> <span class='ocrx_word' id='word_1_405' title='bbox 888 3177 1179 3233; x_wconf 90' lang='lat' dir='ltr'><strong>consentit.</strong></span> <span class='ocrx_word' id='word_1_406' title='bbox 1206 3176 1391 3232; x_wconf 90' lang='lat' dir='ltr'><strong>Deitas</strong></span> <span class='ocrx_word' id='word_1_407' title='bbox 1416 3193 1447 3232; x_wconf 91' lang='lat' dir='ltr'><strong>a</strong></span> <span class='ocrx_word' id='word_1_408' title='bbox 1475 3193 1660 3244; x_wconf 90' lang='lat' dir='ltr'><strong>carne,</strong></span> <span class='ocrx_word' id='word_1_409' title='bbox 1690 3177 1742 3232; x_wconf 92' lang='lat' dir='ltr'><strong>id</strong></span> <span class='ocrx_word' id='word_1_410' title='bbox 1768 3188 1854 3232; x_wconf 92' lang='lat' dir='ltr'><strong>est</strong></span> <span class='ocrx_word' id='word_1_411' title='bbox 1880 3179 1977 3232; x_wconf 91' lang='lat' dir='ltr'><strong>hu-</strong></span> 
     </span>
    </p>
   </div>
   <div class='ocr_carea' id='block_1_61' title="bbox 2080 3158 3661 3248">
    <p class='ocr_par' dir='ltr' id='par_1_61' title="bbox 2085 3158 3661 3231">
     <span class='ocr_line' id='line_1_61' title="bbox 2085 3158 3661 3231; baseline 0.001 -16"><span class='ocrx_word' id='word_1_412' title='bbox 2085 3161 2234 3215; x_wconf 90' lang='lat' dir='ltr'><strong>illum</strong></span> <span class='ocrx_word' id='word_1_413' title='bbox 2275 3161 2327 3215; x_wconf 92' lang='lat' dir='ltr'><strong>in</strong></span> <span class='ocrx_word' id='word_1_414' title='bbox 2375 3159 2510 3215; x_wconf 91' lang='lat' dir='ltr'><strong>duos</strong></span> <span class='ocrx_word' id='word_1_415' title='bbox 2555 3158 2752 3214; x_wconf 89' lang='lat' dir='ltr'><strong>dividis</strong></span> <span class='ocrx_word' id='word_1_416' title='bbox 2800 3158 2963 3225; x_wconf 87' lang='lat' dir='ltr'><strong>ﬁlios,</strong></span> <span class='ocrx_word' id='word_1_417' title='bbox 3007 3160 3290 3216; x_wconf 88' lang='lat' dir='ltr'><strong>veritatem</strong></span> <span class='ocrx_word' id='word_1_418' title='bbox 3337 3160 3661 3231; x_wconf 79' lang='lat' dir='ltr'><strong>hancquod</strong></span> 
     </span>
    </p>
   </div>
   <div class='ocr_carea' id='block_1_62' title="bbox 404 3267 1980 3338">
    <p class='ocr_par' dir='ltr' id='par_1_62' title="bbox 404 3267 1980 3338">
     <span class='ocr_line' id='line_1_62' title="bbox 404 3267 1980 3338; baseline -0.003 -11"><span class='ocrx_word' id='word_1_419' title='bbox 404 3287 564 3327; x_wconf 91' lang='lat' dir='ltr'><strong>mana</strong></span> <span class='ocrx_word' id='word_1_420' title='bbox 597 3280 819 3336; x_wconf 86' lang='lat' dir='ltr'><strong>natura,</strong></span> <span class='ocrx_word' id='word_1_421' title='bbox 849 3268 1026 3326; x_wconf 65' lang='lat' dir='ltr'><strong>diiiert</strong></span> <span class='ocrx_word' id='word_1_422' title='bbox 1061 3270 1360 3325; x_wconf 88' lang='lat' dir='ltr'><strong>secundum</strong></span> <span class='ocrx_word' id='word_1_423' title='bbox 1396 3269 1674 3338; x_wconf 90' lang='lat' dir='ltr'><strong>utriusque</strong></span> <span class='ocrx_word' id='word_1_424' title='bbox 1707 3267 1980 3338; x_wconf 90' lang='lat' dir='ltr'><strong>propriam</strong></span> 
     </span>
    </p>
   </div>
   <div class='ocr_carea' id='block_1_63' title="bbox 402 3358 1978 3431">
    <p class='ocr_par' dir='ltr' id='par_1_63' title="bbox 402 3358 1978 3431">
     <span class='ocr_line' id='line_1_63' title="bbox 402 3358 1978 3431; baseline -0.003 -15"><span class='ocrx_word' id='word_1_425' title='bbox 402 3362 692 3417; x_wconf 88' lang='lat' dir='ltr'><strong>rationem.</strong></span> <span class='ocrx_word' id='word_1_426' title='bbox 730 3361 898 3416; x_wconf 89' lang='lat' dir='ltr'><strong>Secus</strong></span> <span class='ocrx_word' id='word_1_427' title='bbox 939 3359 1210 3431; x_wconf 91' lang='lat' dir='ltr'><strong>quomodo</strong></span> <span class='ocrx_word' id='word_1_428' title='bbox 1250 3359 1410 3413; x_wconf 88' lang='lat' dir='ltr'><strong>nobis</strong></span> <span class='ocrx_word' id='word_1_429' title='bbox 1449 3359 1641 3414; x_wconf 88' lang='lat' dir='ltr'><strong>similis</strong></span> <span class='ocrx_word' id='word_1_430' title='bbox 1678 3358 1978 3423; x_wconf 88' lang='lat' dir='ltr'><strong>evasisset,</strong></span> 
     </span>
    </p>
   </div>
   <div class='ocr_carea' id='block_1_64' title="bbox 403 3448 1982 3521">
    <p class='ocr_par' dir='ltr' id='par_1_64' title="bbox 403 3448 1982 3521">
     <span class='ocr_line' id='line_1_64' title="bbox 403 3448 1982 3521; baseline 0 -17"><span class='ocrx_word' id='word_1_431' title='bbox 403 3450 840 3521; x_wconf 88' lang='lat' dir='ltr'><strong>quandoquidem</strong></span> <span class='ocrx_word' id='word_1_432' title='bbox 867 3451 960 3506; x_wconf 93' lang='lat' dir='ltr'><strong>Dei</strong></span> <span class='ocrx_word' id='word_1_433' title='bbox 981 3448 1218 3506; x_wconf 86' lang='lat' dir='ltr'><strong>Verbum</strong></span> <span class='ocrx_word' id='word_1_434' title='bbox 1247 3450 1299 3504; x_wconf 91' lang='lat' dir='ltr'><strong>in</strong></span> <span class='ocrx_word' id='word_1_435' title='bbox 1323 3464 1421 3504; x_wconf 90' lang='lat' dir='ltr'><strong>suo</strong></span> <span class='ocrx_word' id='word_1_436' title='bbox 1445 3464 1668 3520; x_wconf 88' lang='lat' dir='ltr'><strong>prorsus</strong></span> <span class='ocrx_word' id='word_1_437' title='bbox 1691 3457 1833 3505; x_wconf 86' lang='lat' dir='ltr'><strong>statu</strong></span> <span class='ocrx_word' id='word_1_438' title='bbox 1857 3463 1982 3519; x_wconf 91' lang='lat' dir='ltr'><strong>per-</strong></span> 
     </span>
    </p>
   </div>
   <div class='ocr_carea' id='block_1_65' title="bbox 404 3542 1983 3613">
    <p class='ocr_par' dir='ltr' id='par_1_65' title="bbox 404 3542 1983 3613">
     <span class='ocr_line' id='line_1_65' title="bbox 404 3542 1983 3613; baseline 0 -18"><span class='ocrx_word' id='word_1_439' title='bbox 404 3543 639 3598; x_wconf 85' lang='lat' dir='ltr'><strong>mansit?</strong></span> <span class='ocrx_word' id='word_1_440' title='bbox 667 3542 862 3596; x_wconf 83' lang='lat' dir='ltr'><strong>Verum</strong></span> <span class='ocrx_word' id='word_1_441' title='bbox 904 3543 951 3596; x_wconf 89' lang='lat' dir='ltr'><strong>si</strong></span> <span class='ocrx_word' id='word_1_442' title='bbox 991 3543 1142 3597; x_wconf 89' lang='lat' dir='ltr'><strong>carni</strong></span> <span class='ocrx_word' id='word_1_443' title='bbox 1179 3543 1294 3613; x_wconf 86' lang='lat' dir='ltr'><strong>ejus</strong></span> <span class='ocrx_word' id='word_1_444' title='bbox 1327 3542 1742 3612; x_wconf 84' lang='lat' dir='ltr'><strong>inseparabilem</strong></span> <span class='ocrx_word' id='word_1_445' title='bbox 1776 3543 1983 3597; x_wconf 86' lang='lat' dir='ltr'><strong>aduna-</strong></span> 
     </span>
    </p>
   </div>
   <div class='ocr_carea' id='block_1_66' title="bbox 404 3632 1979 3704">
    <p class='ocr_par' dir='ltr' id='par_1_66' title="bbox 404 3632 1979 3704">
     <span class='ocr_line' id='line_1_66' title="bbox 404 3632 1979 3704; baseline 0.001 -18"><span class='ocrx_word' id='word_1_446' title='bbox 404 3634 604 3688; x_wconf 89' lang='lat' dir='ltr'><strong>tionem</strong></span> <span class='ocrx_word' id='word_1_447' title='bbox 635 3632 920 3699; x_wconf 89' lang='lat' dir='ltr'><strong>attribuas,</strong></span> <span class='ocrx_word' id='word_1_448' title='bbox 948 3647 1124 3702; x_wconf 89' lang='lat' dir='ltr'><strong>neque</strong></span> <span class='ocrx_word' id='word_1_449' title='bbox 1151 3648 1270 3688; x_wconf 91' lang='lat' dir='ltr'><strong>eam</strong></span> <span class='ocrx_word' id='word_1_450' title='bbox 1300 3649 1396 3688; x_wconf 90' lang='lat' dir='ltr'><strong>sua</strong></span> <span class='ocrx_word' id='word_1_451' title='bbox 1423 3642 1574 3689; x_wconf 89' lang='lat' dir='ltr'><strong>veste</strong></span> <span class='ocrx_word' id='word_1_452' title='bbox 1603 3634 1828 3704; x_wconf 89' lang='lat' dir='ltr'><strong>spolies,</strong></span> <span class='ocrx_word' id='word_1_453' title='bbox 1859 3633 1979 3688; x_wconf 81' lang='lat' dir='ltr'><strong>uni~</strong></span> 
     </span>
    </p>
   </div>
   <div class='ocr_carea' id='block_1_67' title="bbox 405 3724 1982 3781">
    <p class='ocr_par' dir='ltr' id='par_1_67' title="bbox 405 3724 1982 3781">
     <span class='ocr_line' id='line_1_67' title="bbox 405 3724 1982 3781; baseline 0.001 -2"><span class='ocrx_word' id='word_1_454' title='bbox 405 3741 524 3779; x_wconf 91' lang='lat' dir='ltr'><strong>cum</strong></span> <span class='ocrx_word' id='word_1_455' title='bbox 569 3733 697 3779; x_wconf 91' lang='lat' dir='ltr'><strong>tunc</strong></span> <span class='ocrx_word' id='word_1_456' title='bbox 739 3724 935 3778; x_wconf 89' lang='lat' dir='ltr'><strong>Filium</strong></span> <span class='ocrx_word' id='word_1_457' title='bbox 977 3726 1234 3780; x_wconf 90' lang='lat' dir='ltr'><strong>adorabis</strong></span> <span class='ocrx_word' id='word_1_458' title='bbox 1273 3725 1419 3781; x_wconf 91' lang='lat' dir='ltr'><strong>Patri</strong></span> <span class='ocrx_word' id='word_1_459' title='bbox 1464 3725 1982 3781; x_wconf 83' lang='lat' dir='ltr'><strong>consubstantialem</strong></span> 
     </span>
    </p>
   </div>
   <div class='ocr_carea' id='block_1_68' title="bbox 404 3815 1978 3879">
    <p class='ocr_par' dir='ltr' id='par_1_68' title="bbox 404 3815 1978 3879">
     <span class='ocr_line' id='line_1_68' title="bbox 404 3815 1978 3879; baseline 0.001 -10"><span class='ocrx_word' id='word_1_460' title='bbox 404 3815 709 3879; x_wconf 89' lang='lat' dir='ltr'><strong>divinitate,</strong></span> <span class='ocrx_word' id='word_1_461' title='bbox 734 3815 890 3868; x_wconf 86' lang='lat' dir='ltr'><strong>nobis</strong></span> <span class='ocrx_word' id='word_1_462' title='bbox 920 3815 1045 3870; x_wconf 86' lang='lat' dir='ltr'><strong>item</strong></span> <span class='ocrx_word' id='word_1_463' title='bbox 1077 3817 1591 3871; x_wconf 88' lang='lat' dir='ltr'><strong>consubstantialem</strong></span> <span class='ocrx_word' id='word_1_464' title='bbox 1619 3817 1978 3871; x_wconf 87' lang='lat' dir='ltr'><strong>humanitate.</strong></span> 
     </span>
    </p>
   </div>
   <div class='ocr_carea' id='block_1_69' title="bbox 404 3905 1977 3974">
    <p class='ocr_par' dir='ltr' id='par_1_69' title="bbox 404 3905 1977 3974">
     <span class='ocr_line' id='line_1_69' title="bbox 404 3905 1977 3974; baseline 0 -12"><span class='ocrx_word' id='word_1_465' title='bbox 404 3907 573 3964; x_wconf 89' lang='lat' dir='ltr'><strong>Porro</strong></span> <span class='ocrx_word' id='word_1_466' title='bbox 598 3907 687 3974; x_wconf 91' lang='lat' dir='ltr'><strong>qui</strong></span> <span class='ocrx_word' id='word_1_467' title='bbox 720 3905 793 3958; x_wconf 85' lang='lat' dir='ltr'><strong>ita</strong></span> <span class='ocrx_word' id='word_1_468' title='bbox 821 3905 1030 3974; x_wconf 89' lang='lat' dir='ltr'><strong>opinari</strong></span> <span class='ocrx_word' id='word_1_469' title='bbox 1058 3905 1380 3972; x_wconf 89' lang='lat' dir='ltr'><strong>decernunt,</strong></span> <span class='ocrx_word' id='word_1_470' title='bbox 1407 3907 1486 3962; x_wconf 89' lang='lat' dir='ltr'><strong>eis</strong></span> <span class='ocrx_word' id='word_1_471' title='bbox 1514 3907 1769 3964; x_wconf 80' lang='lat' dir='ltr'><strong>Christus</strong></span> <span class='ocrx_word' id='word_1_472' title='bbox 1796 3907 1977 3962; x_wconf 88' lang='lat' dir='ltr'><strong>lumen</strong></span> 
     </span>
    </p>
   </div>
   <div class='ocr_carea' id='block_1_70' title="bbox 403 3994 1869 4070">
    <p class='ocr_par' dir='ltr' id='par_1_70' title="bbox 403 3994 1869 4070">
     <span class='ocr_line' id='line_1_70' title="bbox 403 3994 1869 4070; baseline -0.003 -15"><span class='ocrx_word' id='word_1_473' title='bbox 403 3999 714 4070; x_wconf 84' lang='lat' dir='ltr'><strong>suppeditat</strong></span> <span class='ocrx_word' id='word_1_474' title='bbox 742 3996 810 4052; x_wconf 87' lang='lat' dir='ltr'><strong>ad</strong></span> <span class='ocrx_word' id='word_1_475' title='bbox 835 3994 1042 4052; x_wconf 82' lang='lat' dir='ltr'><strong>suimet</strong></span> <span class='ocrx_word' id='word_1_476' title='bbox 1067 3997 1383 4066; x_wconf 81' lang='lat' dir='ltr'><strong>mysterium</strong></span> <span class='ocrx_word' id='word_1_477' title='bbox 1412 3999 1869 4067; x_wconf 83' lang='lat' dir='ltr'><strong>cognoscendum.</strong></span> 
     </span>
    </p>
   </div>
   <div class='ocr_carea' id='block_1_71' title="bbox 679 4127 1700 4200">
    <p class='ocr_par' dir='ltr' id='par_1_71' title="bbox 679 4127 1700 4200">
     <span class='ocr_line' id='line_1_71' title="bbox 679 4127 1700 4200; baseline -0.002 -14"><span class='ocrx_word' id='word_1_478' title='bbox 679 4130 766 4186; x_wconf 75' lang='lat' dir='ltr'><strong>l6.</strong></span> <span class='ocrx_word' id='word_1_479' title='bbox 807 4129 954 4184; x_wconf 86' lang='lat' dir='ltr'><strong>Idem</strong></span> <span class='ocrx_word' id='word_1_480' title='bbox 989 4127 1218 4200; x_wconf 78' lang='lat' dir='ltr'><strong>Cyrillus</strong></span> <span class='ocrx_word' id='word_1_481' title='bbox 1251 4130 1305 4183; x_wconf 87' lang='lat' dir='ltr'><strong>in</strong></span> <span class='ocrx_word' id='word_1_482' title='bbox 1337 4132 1515 4184; x_wconf 87' lang='lat' dir='ltr'><strong>eodem</strong></span> <span class='ocrx_word' id='word_1_483' title='bbox 1544 4129 1700 4184; x_wconf 77' lang='lat' dir='ltr'><strong>libro.</strong></span> 
     </span>
    </p>
   </div>
   <div class='ocr_carea' id='block_1_72' title="bbox 474 4241 1980 4313">
    <p class='ocr_par' dir='ltr' id='par_1_72' title="bbox 474 4241 1980 4313">
     <span class='ocr_line' id='line_1_72' title="bbox 474 4241 1980 4313; baseline -0.001 -14"><span class='ocrx_word' id='word_1_484' title='bbox 474 4242 720 4299; x_wconf 80' lang='lat' dir='ltr'><strong>Hominis</strong></span> <span class='ocrx_word' id='word_1_485' title='bbox 761 4258 881 4313; x_wconf 73' lang='lat' dir='ltr'><strong>qum</strong></span> <span class='ocrx_word' id='word_1_486' title='bbox 923 4243 977 4297; x_wconf 92' lang='lat' dir='ltr'><strong>in</strong></span> <span class='ocrx_word' id='word_1_487' title='bbox 1019 4241 1238 4297; x_wconf 87' lang='lat' dir='ltr'><strong>Christo</strong></span> <span class='ocrx_word' id='word_1_488' title='bbox 1282 4251 1366 4298; x_wconf 89' lang='lat' dir='ltr'><strong>est</strong></span> <span class='ocrx_word' id='word_1_489' title='bbox 1407 4250 1636 4309; x_wconf 88' lang='lat' dir='ltr'><strong>natura,</strong></span> <span class='ocrx_word' id='word_1_490' title='bbox 1682 4241 1980 4298; x_wconf 88' lang='lat' dir='ltr'><strong>honoratur</strong></span> 
     </span>
    </p>
   </div>
   <div class='ocr_carea' id='block_1_73' title="bbox 403 4335 1981 4406">
    <p class='ocr_par' dir='ltr' id='par_1_73' title="bbox 403 4335 1981 4406">
     <span class='ocr_line' id='line_1_73' title="bbox 403 4335 1981 4406; baseline -0.002 -12"><span class='ocrx_word' id='word_1_491' title='bbox 403 4353 537 4394; x_wconf 88' lang='lat' dir='ltr'><strong>sane</strong></span> <span class='ocrx_word' id='word_1_492' title='bbox 579 4351 643 4390; x_wconf 89' lang='lat' dir='ltr'><strong>ac</strong></span> <span class='ocrx_word' id='word_1_493' title='bbox 679 4336 1080 4402; x_wconf 82' lang='lat' dir='ltr'><strong>sanctiﬁcatur;</strong></span> <span class='ocrx_word' id='word_1_494' title='bbox 1116 4345 1490 4391; x_wconf 88' lang='lat' dir='ltr'><strong>verumtamen</strong></span> <span class='ocrx_word' id='word_1_495' title='bbox 1535 4343 1800 4406; x_wconf 91' lang='lat' dir='ltr'><strong>quatenus</strong></span> <span class='ocrx_word' id='word_1_496' title='bbox 1838 4335 1981 4391; x_wconf 92' lang='lat' dir='ltr'><strong>Deus</strong></span> 
     </span>
    </p>
   </div>
   <div class='ocr_carea' id='block_1_74' title="bbox 402 4427 1977 4500">
    <p class='ocr_par' dir='ltr' id='par_1_74' title="bbox 402 4427 1977 4500">
     <span class='ocr_line' id='line_1_74' title="bbox 402 4427 1977 4500; baseline -0.004 -13"><span class='ocrx_word' id='word_1_497' title='bbox 402 4441 506 4498; x_wconf 90' lang='lat' dir='ltr'><strong>est,</strong></span> <span class='ocrx_word' id='word_1_498' title='bbox 542 4430 812 4500; x_wconf 89' lang='lat' dir='ltr'><strong>baptismo</strong></span> <span class='ocrx_word' id='word_1_499' title='bbox 847 4443 955 4483; x_wconf 90' lang='lat' dir='ltr'><strong>non</strong></span> <span class='ocrx_word' id='word_1_500' title='bbox 995 4427 1288 4498; x_wconf 87' lang='lat' dir='ltr'><strong>indigebat,</strong></span> <span class='ocrx_word' id='word_1_501' title='bbox 1324 4441 1499 4496; x_wconf 90' lang='lat' dir='ltr'><strong>neque</strong></span> <span class='ocrx_word' id='word_1_502' title='bbox 1533 4427 1770 4496; x_wconf 81' lang='lat' dir='ltr'><strong>Spiritus</strong></span> <span class='ocrx_word' id='word_1_503' title='bbox 1802 4427 1977 4483; x_wconf 85' lang='lat' dir='ltr'><strong>sancti</strong></span> 
     </span>
    </p>
   </div>
   <div class='ocr_carea' id='block_1_75' title="bbox 404 4519 1904 4591">
    <p class='ocr_par' dir='ltr' id='par_1_75' title="bbox 404 4519 1904 4591">
     <span class='ocr_line' id='line_1_75' title="bbox 404 4519 1904 4591; baseline 0 -16"><span class='ocrx_word' id='word_1_504' title='bbox 404 4521 568 4587; x_wconf 91' lang='lat' dir='ltr'><strong>dono,</strong></span> <span class='ocrx_word' id='word_1_505' title='bbox 593 4519 1025 4591; x_wconf 88' lang='lat' dir='ltr'><strong>quandoquidem</strong></span> <span class='ocrx_word' id='word_1_506' title='bbox 1055 4519 1228 4590; x_wconf 89' lang='lat' dir='ltr'><strong>ipsum</strong></span> <span class='ocrx_word' id='word_1_507' title='bbox 1257 4519 1520 4590; x_wconf 87' lang='lat' dir='ltr'><strong>Spiritum</strong></span> <span class='ocrx_word' id='word_1_508' title='bbox 1551 4519 1692 4574; x_wconf 91' lang='lat' dir='ltr'><strong>idem</strong></span> <span class='ocrx_word' id='word_1_509' title='bbox 1720 4521 1904 4575; x_wconf 88' lang='lat' dir='ltr'><strong>donat.</strong></span> 
     </span>
    </p>
   </div>
   <div class='ocr_carea' id='block_1_76' title="bbox 405 4631 1978 4714">
    <p class='ocr_par' dir='ltr' id='par_1_76' title="bbox 405 4631 1978 4714">
     <span class='ocr_line' id='line_1_76' title="bbox 405 4631 1978 4714; baseline -0.003 -4"><span class='ocrx_word' id='word_1_510' title='bbox 405 4654 481 4710; x_wconf 82' lang='lat' dir='ltr'><strong>Ex</strong></span> <span class='ocrx_word' id='word_1_511' title='bbox 519 4669 738 4710; x_wconf 79' lang='lat' dir='ltr'><strong>lNEDl’l‘O</strong></span> <span class='ocrx_word' id='word_1_512' title='bbox 768 4651 1066 4714; x_wconf 80' lang='lat' dir='ltr'><strong>Philalethe</strong></span> <span class='ocrx_word' id='word_1_513' title='bbox 1100 4654 1300 4709; x_wconf 76' lang='lat' dir='ltr'><strong>SEVERI</strong></span> <span class='ocrx_word' id='word_1_514' title='bbox 1329 4631 1667 4708; x_wconf 63' lang='lat' dir='ltr'><strong>Aurtocnsm</strong></span> <span class='ocrx_word' id='word_1_515' title='bbox 1703 4668 1755 4708; x_wconf 80' lang='lat' dir='ltr'><strong>IN</strong></span> <span class='ocrx_word' id='word_1_516' title='bbox 1790 4667 1978 4709; x_wconf 82' lang='lat' dir='ltr'><strong>CODICE</strong></span> 
     </span>
    </p>
   </div>
   <div class='ocr_carea' id='block_1_77' title="bbox 893 4722 1457 4778">
    <p class='ocr_par' dir='ltr' id='par_1_77' title="bbox 893 4722 1457 4778">
     <span class='ocr_line' id='line_1_77' title="bbox 893 4722 1457 4778; baseline -0.002 -1"><span class='ocrx_word' id='word_1_517' title='bbox 893 4722 1124 4778; x_wconf 65' lang='lat' dir='ltr'><strong>Svmaco</strong></span> <span class='ocrx_word' id='word_1_518' title='bbox 1158 4724 1457 4778; x_wconf 63' lang='lat' dir='ltr'><strong>Vartcmo.</strong></span> 
     </span>
    </p>
   </div>
   <div class='ocr_carea' id='block_1_78' title="bbox 406 4831 1979 4972">
    <p class='ocr_par' dir='ltr' id='par_1_78' title="bbox 406 4831 1979 4972">
     <span class='ocr_line' id='line_1_78' title="bbox 406 4831 1979 4972; baseline -0.003 -83"><span class='ocrx_word' id='word_1_519' title='bbox 406 4833 494 4889; x_wconf 74' lang='lat' dir='ltr'><strong>l7.</strong></span> <span class='ocrx_word' id='word_1_520' title='bbox 532 4833 796 4888; x_wconf 84' lang='lat' dir='ltr'><strong>Diodorus</strong></span> <span class='ocrx_word' id='word_1_521' title='bbox 821 4831 972 4886; x_wconf 85' lang='lat' dir='ltr'><strong>Tarsi</strong></span> <span class='ocrx_word' id='word_1_522' title='bbox 996 4831 1270 4972; x_wconf 67' lang='lat' dir='ltr'><strong>fpiswpus</strong></span> <span class='ocrx_word' id='word_1_523' title='bbox 1298 4831 1444 4972; x_wconf 58' lang='grc' dir='ltr'><strong>ξῖῗρὶἱ</strong></span> <span class='ocrx_word' id='word_1_524' title='bbox 1468 4831 1703 4886; x_wconf 80' lang='lat' dir='ltr'><strong>Nestorii</strong></span> <span class='ocrx_word' id='word_1_525' title='bbox 1731 4833 1979 4901; x_wconf 76' lang='lat' dir='ltr'><strong>magister</strong></span> 
     </span>
     <span class='ocr_line' id='line_1_79' title="bbox 495 4915 1382 4970; baseline 0.001 -17"><span class='ocrx_word' id='word_1_526' title='bbox 495 4968 497 4970; x_wconf 21' lang='grc' dir='ltr'><strong>η</strong></span> <span class='ocrx_word' id='word_1_527' title='bbox 1023 4915 1094 4954; x_wconf 82' lang='lat' dir='ltr'><strong>na</strong></span> <span class='ocrx_word' id='word_1_528' title='bbox 1128 4916 1311 4968; x_wconf 72' lang='lat' dir='ltr'><strong>scripsi</strong></span> <span class='ocrx_word' id='word_1_529' title='bbox 1369 4938 1382 4954; x_wconf 92' lang='lat'><strong>.</strong></span> 
     </span>
    </p>
   </div>
   <div class='ocr_carea' id='block_1_79' title="bbox 1023 4915 1382 4968">
    <p class='ocr_par' dir='ltr' id='par_1_79' title="bbox 1023 4915 1382 4968">
     <span class='ocr_line' id='line_1_80' title="bbox 1023 4915 1382 4968; baseline 0.006 -16"><span class='ocrx_word' id='word_1_530' title='bbox 1023 4915 1094 4954; x_wconf 74' lang='lat' dir='ltr'><strong>ita</strong></span> <span class='ocrx_word' id='word_1_531' title='bbox 1128 4915 1382 4968; x_wconf 73' lang='lat' dir='ltr'><strong>scripsit].</strong></span> 
     </span>
    </p>
   </div>
   <div class='ocr_carea' id='block_1_80' title="bbox 473 5033 1978 5099">
    <p class='ocr_par' dir='ltr' id='par_1_80' title="bbox 473 5033 1978 5099">
     <span class='ocr_line' id='line_1_81' title="bbox 473 5033 1978 5099; baseline -0.004 -8"><span class='ocrx_word' id='word_1_532' title='bbox 473 5035 608 5091; x_wconf 91' lang='lat' dir='ltr'><strong>Cum</strong></span> <span class='ocrx_word' id='word_1_533' title='bbox 636 5037 809 5092; x_wconf 92' lang='lat' dir='ltr'><strong>adhuc</strong></span> <span class='ocrx_word' id='word_1_534' title='bbox 835 5033 1020 5090; x_wconf 72' lang='lat' dir='ltr'><strong>Maria:</strong></span> <span class='ocrx_word' id='word_1_535' title='bbox 1044 5041 1187 5089; x_wconf 88' lang='lat' dir='ltr'><strong>esset</strong></span> <span class='ocrx_word' id='word_1_536' title='bbox 1215 5047 1343 5088; x_wconf 91' lang='lat' dir='ltr'><strong>caro</strong></span> <span class='ocrx_word' id='word_1_537' title='bbox 1369 5033 1481 5099; x_wconf 88' lang='lat' dir='ltr'><strong>illa,</strong></span> <span class='ocrx_word' id='word_1_538' title='bbox 1510 5034 1733 5088; x_wconf 87' lang='lat' dir='ltr'><strong>necdum</strong></span> <span class='ocrx_word' id='word_1_539' title='bbox 1762 5048 1978 5088; x_wconf 70' lang='lat' dir='ltr'><strong>assunt-</strong></span> 
     </span>
    </p>
   </div>
   <div class='ocr_carea' id='block_1_81' title="bbox 405 5124 1979 5196">
    <p class='ocr_par' dir='ltr' id='par_1_81' title="bbox 405 5124 1979 5196">
     <span class='ocr_line' id='line_1_82' title="bbox 405 5124 1979 5196; baseline -0.001 -16"><span class='ocrx_word' id='word_1_540' title='bbox 405 5135 526 5196; x_wconf 88' lang='lat' dir='ltr'><strong>pta,</strong></span> <span class='ocrx_word' id='word_1_541' title='bbox 561 5135 772 5181; x_wconf 90' lang='lat' dir='ltr'><strong>terrena</strong></span> <span class='ocrx_word' id='word_1_542' title='bbox 803 5137 951 5195; x_wconf 89' lang='lat' dir='ltr'><strong>erat,</strong></span> <span class='ocrx_word' id='word_1_543' title='bbox 988 5139 1162 5195; x_wconf 90' lang='lat' dir='ltr'><strong>neque</strong></span> <span class='ocrx_word' id='word_1_544' title='bbox 1192 5124 1461 5180; x_wconf 89' lang='lat' dir='ltr'><strong>ullatenus</strong></span> <span class='ocrx_word' id='word_1_545' title='bbox 1491 5140 1518 5178; x_wconf 88' lang='lat' dir='ltr'><strong>a</strong></span> <span class='ocrx_word' id='word_1_546' title='bbox 1553 5127 1763 5180; x_wconf 84' lang='lat' dir='ltr'><strong>caeteris</strong></span> <span class='ocrx_word' id='word_1_547' title='bbox 1797 5126 1979 5179; x_wconf 84' lang='lat' dir='ltr'><strong>carni-</strong></span> 
     </span>
    </p>
   </div>
   <div class='ocr_carea' id='block_1_82' title="bbox 402 5216 1978 5274">
    <p class='ocr_par' dir='ltr' id='par_1_82' title="bbox 402 5216 1978 5274">
     <span class='ocr_line' id='line_1_83' title="bbox 402 5216 1978 5274; baseline -0.001 -1"><span class='ocrx_word' id='word_1_548' title='bbox 402 5218 504 5274; x_wconf 84' lang='lat' dir='ltr'><strong>bus</strong></span> <span class='ocrx_word' id='word_1_549' title='bbox 533 5217 814 5272; x_wconf 71' lang='lat' dir='ltr'><strong>diderebat</strong></span> <span class='ocrx_word' id='word_1_550' title='bbox 839 5236 856 5272; x_wconf 84' lang='lat'><strong>:</strong></span> <span class='ocrx_word' id='word_1_551' title='bbox 882 5218 976 5273; x_wconf 89' lang='lat' dir='ltr'><strong>sed</strong></span> <span class='ocrx_word' id='word_1_552' title='bbox 1005 5218 1058 5272; x_wconf 91' lang='lat' dir='ltr'><strong>in</strong></span> <span class='ocrx_word' id='word_1_553' title='bbox 1088 5216 1367 5271; x_wconf 89' lang='lat' dir='ltr'><strong>nativitate</strong></span> <span class='ocrx_word' id='word_1_554' title='bbox 1395 5217 1611 5271; x_wconf 88' lang='lat' dir='ltr'><strong>demum</strong></span> <span class='ocrx_word' id='word_1_555' title='bbox 1645 5217 1850 5272; x_wconf 88' lang='lat' dir='ltr'><strong>honore</strong></span> <span class='ocrx_word' id='word_1_556' title='bbox 1880 5233 1978 5271; x_wconf 84' lang='lat' dir='ltr'><strong>au-</strong></span> 
     </span>
    </p>
   </div>
   <div class='ocr_carea' id='block_1_83' title="bbox 479 5394 1969 5468">
    <p class='ocr_par' dir='ltr' id='par_1_83' title="bbox 479 5394 1969 5468">
     <span class='ocr_line' id='line_1_84' title="bbox 479 5394 1969 5468; baseline 0 -17"><span class='ocrx_word' id='word_1_557' title='bbox 479 5398 557 5468; x_wconf 83' lang='lat' dir='ltr'><strong>(l)</strong></span> <span class='ocrx_word' id='word_1_558' title='bbox 600 5395 759 5468; x_wconf 80' lang='lat' dir='ltr'><strong>Vides</strong></span> <span class='ocrx_word' id='word_1_559' title='bbox 791 5404 974 5466; x_wconf 91' lang='lat' dir='ltr'><strong>putam</strong></span> <span class='ocrx_word' id='word_1_560' title='bbox 1005 5397 1250 5452; x_wconf 68' lang='lat' dir='ltr'><strong>haeresim</strong></span> <span class='ocrx_word' id='word_1_561' title='bbox 1283 5394 1688 5468; x_wconf 66' lang='lat' dir='ltr'><strong>Nestorianam,</strong></span> <span class='ocrx_word' id='word_1_562' title='bbox 1719 5411 1880 5466; x_wconf 88' lang='lat' dir='ltr'><strong>quam</strong></span> <span class='ocrx_word' id='word_1_563' title='bbox 1916 5399 1969 5451; x_wconf 91' lang='lat' dir='ltr'><strong>in</strong></span> 
     </span>
    </p>
   </div>
   <div class='ocr_carea' id='block_1_84' title="bbox 405 5467 1548 5536">
    <p class='ocr_par' dir='ltr' id='par_1_84' title="bbox 405 5467 1548 5536">
     <span class='ocr_line' id='line_1_85' title="bbox 405 5467 1548 5536; baseline -0.003 -13"><span class='ocrx_word' id='word_1_564' title='bbox 405 5467 667 5536; x_wconf 84' lang='lat' dir='ltr'><strong>sequente</strong></span> <span class='ocrx_word' id='word_1_565' title='bbox 697 5467 999 5536; x_wconf 80' lang='lat' dir='ltr'><strong>fragmento</strong></span> <span class='ocrx_word' id='word_1_566' title='bbox 1029 5468 1267 5521; x_wconf 90' lang='lat' dir='ltr'><strong>retundit</strong></span> <span class='ocrx_word' id='word_1_567' title='bbox 1297 5467 1548 5536; x_wconf 86' lang='lat' dir='ltr'><strong>Cyrillus.</strong></span> 
     </span>
    </p>
   </div>
   <div class='ocr_carea' id='block_1_85' title="bbox 478 5535 1972 5608">
    <p class='ocr_par' dir='ltr' id='par_1_85' title="bbox 478 5535 1972 5608">
     <span class='ocr_line' id='line_1_86' title="bbox 478 5535 1972 5608; baseline 0.001 -18"><span class='ocrx_word' id='word_1_568' title='bbox 478 5535 834 5608; x_wconf 10' lang='lat' dir='ltr'><strong>(2)77Intellige</strong></span> <span class='ocrx_word' id='word_1_569' title='bbox 875 5535 1173 5608; x_wconf 86' lang='lat' dir='ltr'><strong>apologiam</strong></span> <span class='ocrx_word' id='word_1_570' title='bbox 1214 5535 1404 5608; x_wconf 82' lang='lat' dir='ltr'><strong>contra</strong></span> <span class='ocrx_word' id='word_1_571' title='bbox 1445 5535 1736 5608; x_wconf 66' lang='lat' dir='ltr'><strong>orientales</strong></span> <span class='ocrx_word' id='word_1_572' title='bbox 1772 5537 1972 5606; x_wconf 86' lang='lat' dir='ltr'><strong>episco-</strong></span> 
     </span>
    </p>
   </div>
   <div class='ocr_carea' id='block_1_86' title="bbox 406 5605 1971 5729">
    <p class='ocr_par' dir='ltr' id='par_1_86' title="bbox 406 5605 1971 5729">
     <span class='ocr_line' id='line_1_87' title="bbox 444 5605 1971 5674; baseline 0.002 -16"><span class='ocrx_word' id='word_1_573' title='bbox 444 5605 521 5659; x_wconf 65' lang='grc' dir='ltr'><strong>οὲ.</strong></span> <span class='ocrx_word' id='word_1_574' title='bbox 564 5605 670 5660; x_wconf 85' lang='lat' dir='ltr'><strong>Sed</strong></span> <span class='ocrx_word' id='word_1_575' title='bbox 712 5615 890 5659; x_wconf 86' lang='lat' dir='ltr'><strong>tamen</strong></span> <span class='ocrx_word' id='word_1_576' title='bbox 936 5605 1003 5658; x_wconf 90' lang='lat' dir='ltr'><strong>de</strong></span> <span class='ocrx_word' id='word_1_577' title='bbox 1045 5606 1296 5672; x_wconf 88' lang='lat' dir='ltr'><strong>capitulis</strong></span> <span class='ocrx_word' id='word_1_578' title='bbox 1338 5619 1550 5674; x_wconf 91' lang='lat' dir='ltr'><strong>quoque</strong></span> <span class='ocrx_word' id='word_1_579' title='bbox 1595 5605 1860 5661; x_wconf 83' lang='lat' dir='ltr'><strong>Theodori</strong></span> <span class='ocrx_word' id='word_1_580' title='bbox 1907 5622 1971 5661; x_wconf 89' lang='lat' dir='ltr'><strong>ac</strong></span> 
     </span>
     <span class='ocr_line' id='line_1_88' title="bbox 406 5621 1968 5729; baseline 0 0"><span class='ocrx_word' id='word_1_581' title='bbox 406 5621 625 5729; x_wconf 37' lang='lat' dir='ltr'><strong>Diodori</strong></span> <span class='ocrx_word' id='word_1_582' title='bbox 667 5690 695 5727; x_wconf 92' lang='lat' dir='ltr'><strong>a</strong></span> <span class='ocrx_word' id='word_1_583' title='bbox 736 5690 795 5729; x_wconf 90' lang='lat' dir='ltr'><strong>se</strong></span> <span class='ocrx_word' id='word_1_584' title='bbox 835 5673 1079 5727; x_wconf 80' lang='lat' dir='ltr'><strong>refutatis</strong></span> <span class='ocrx_word' id='word_1_585' title='bbox 1118 5677 1354 5729; x_wconf 82' lang='lat' dir='ltr'><strong>loouitur</strong></span> <span class='ocrx_word' id='word_1_586' title='bbox 1383 5674 1620 5729; x_wconf 82' lang='lat' dir='ltr'><strong>Cvrillus</strong></span> <span class='ocrx_word' id='word_1_587' title='bbox 1665 5677 1716 5729; x_wconf 88' lang='lat' dir='ltr'><strong>in</strong></span> <span class='ocrx_word' id='word_1_588' title='bbox 1742 5678 1968 5729; x_wconf 81' lang='lat' dir='ltr'><strong>epistola</strong></span> 
     </span>
    </p>
   </div>
   <div class='ocr_carea' id='block_1_87' title="bbox 459 5673 1968 5744">
    <p class='ocr_par' dir='ltr' id='par_1_87' title="bbox 459 5673 1968 5744">
     <span class='ocr_line' id='line_1_89' title="bbox 459 5673 1968 5744; baseline 0.003 -18"><span class='ocrx_word' id='word_1_589' title='bbox 459 5675 625 5729; x_wconf 86' lang='lat' dir='ltr'><strong>iodori</strong></span> <span class='ocrx_word' id='word_1_590' title='bbox 667 5690 695 5727; x_wconf 90' lang='lat' dir='ltr'><strong>a</strong></span> <span class='ocrx_word' id='word_1_591' title='bbox 736 5690 799 5744; x_wconf 84' lang='lat' dir='ltr'><strong>se</strong></span> <span class='ocrx_word' id='word_1_592' title='bbox 816 5673 1079 5744; x_wconf 61' lang='lat' dir='ltr'><strong>refutatis</strong></span> <span class='ocrx_word' id='word_1_593' title='bbox 1118 5673 1362 5742; x_wconf 85' lang='lat' dir='ltr'><strong>loquitur</strong></span> <span class='ocrx_word' id='word_1_594' title='bbox 1383 5673 1620 5744; x_wconf 81' lang='lat' dir='ltr'><strong>Cyrillus</strong></span> <span class='ocrx_word' id='word_1_595' title='bbox 1665 5677 1716 5730; x_wconf 89' lang='lat' dir='ltr'><strong>in</strong></span> <span class='ocrx_word' id='word_1_596' title='bbox 1742 5678 1968 5742; x_wconf 89' lang='lat' dir='ltr'><strong>cpistola</strong></span> 
     </span>
    </p>
   </div>
   <div class='ocr_carea' id='block_1_88' title="bbox 408 5742 1968 5817">
    <p class='ocr_par' dir='ltr' id='par_1_88' title="bbox 408 5742 1968 5817">
     <span class='ocr_line' id='line_1_90' title="bbox 408 5742 1968 5817; baseline 0.003 -19"><span class='ocrx_word' id='word_1_597' title='bbox 408 5746 475 5798; x_wconf 86' lang='lat' dir='ltr'><strong>ad</strong></span> <span class='ocrx_word' id='word_1_598' title='bbox 504 5745 754 5800; x_wconf 80' lang='lat' dir='ltr'><strong>Acacium</strong></span> <span class='ocrx_word' id='word_1_599' title='bbox 784 5742 1184 5798; x_wconf 80' lang='lat' dir='ltr'><strong>Melitenensem</strong></span> <span class='ocrx_word' id='word_1_600' title='bbox 1211 5742 1520 5812; x_wconf 84' lang='lat' dir='ltr'><strong>episcopum</strong></span> <span class='ocrx_word' id='word_1_601' title='bbox 1554 5749 1671 5817; x_wconf 88' lang='lat' dir='ltr'><strong>(ep.</strong></span> <span class='ocrx_word' id='word_1_602' title='bbox 1707 5746 1800 5817; x_wconf 65' lang='lat'><strong>40)</strong></span> <span class='ocrx_word' id='word_1_603' title='bbox 1827 5766 1841 5802; x_wconf 88' lang='lat'><strong>:</strong></span> <span class='ocrx_word' id='word_1_604' title='bbox 1877 5746 1968 5802; x_wconf 85' lang='lat' dir='ltr'><strong>lu-</strong></span> 
     </span>
    </p>
   </div>
   <div class='ocr_carea' id='block_1_89' title="bbox 725 5835 1466 5899">
    <p class='ocr_par' dir='ltr' id='par_1_89' title="bbox 725 5835 1466 5899">
     <span class='ocr_line' id='line_1_91' title="bbox 725 5835 1466 5899; baseline 0.003 -5"><span class='ocrx_word' id='word_1_605' title='bbox 725 5835 1008 5899; x_wconf 74' lang='lat' dir='ltr'><strong>PnnoL.</strong></span> <span class='ocrx_word' id='word_1_606' title='bbox 1045 5835 1158 5897; x_wconf 77' lang='lat' dir='ltr'><strong>GR.</strong></span> <span class='ocrx_word' id='word_1_607' title='bbox 1190 5836 1466 5896; x_wconf 79' lang='lat' dir='ltr'><strong>LXXVI.</strong></span> 
     </span>
    </p>
   </div>
   <div class='ocr_carea' id='block_1_90' title="bbox 2083 3249 3031 3320">
    <p class='ocr_par' dir='ltr' id='par_1_90' title="bbox 2083 3249 3031 3320">
     <span class='ocr_line' id='line_1_92' title="bbox 2083 3249 3031 3320; baseline -0.001 -14"><span class='ocrx_word' id='word_1_608' title='bbox 2083 3265 2222 3306; x_wconf 89' lang='lat' dir='ltr'><strong>unus</strong></span> <span class='ocrx_word' id='word_1_609' title='bbox 2254 3251 2326 3305; x_wconf 92' lang='lat' dir='ltr'><strong>sit</strong></span> <span class='ocrx_word' id='word_1_610' title='bbox 2354 3249 2522 3305; x_wconf 88' lang='lat' dir='ltr'><strong>Filius</strong></span> <span class='ocrx_word' id='word_1_611' title='bbox 2553 3249 2716 3320; x_wconf 91' lang='lat' dir='ltr'><strong>impie</strong></span> <span class='ocrx_word' id='word_1_612' title='bbox 2748 3263 3031 3318; x_wconf 87' lang='lat' dir='ltr'><strong>respuens.</strong></span> 
     </span>
    </p>
   </div>
   <div class='ocr_carea' id='block_1_91' title="bbox 2141 3381 3606 3442">
    <p class='ocr_par' dir='ltr' id='par_1_91' title="bbox 2141 3381 3606 3442">
     <span class='ocr_line' id='line_1_93' title="bbox 2141 3381 3606 3442; baseline 0.001 -4"><span class='ocrx_word' id='word_1_613' title='bbox 2141 3383 2219 3439; x_wconf 72' lang='grc' dir='ltr'><strong>ΕΣ</strong></span> <span class='ocrx_word' id='word_1_614' title='bbox 2251 3398 2428 3438; x_wconf 71' lang='grc' dir='ltr'><strong>ΕΔΒΕΙ</strong></span> <span class='ocrx_word' id='word_1_615' title='bbox 2461 3381 2661 3438; x_wconf 73' lang='lat' dir='ltr'><strong>SEVERI</strong></span> <span class='ocrx_word' id='word_1_616' title='bbox 2691 3384 3028 3439; x_wconf 72' lang='lat' dir='ltr'><strong>ANTIOCHENI</strong></span> <span class='ocrx_word' id='word_1_617' title='bbox 3059 3399 3319 3441; x_wconf 73' lang='lat' dir='ltr'><strong>APOLOGIA</strong></span> <span class='ocrx_word' id='word_1_618' title='bbox 3349 3401 3401 3440; x_wconf 79' lang='lat' dir='ltr'><strong>IN</strong></span> <span class='ocrx_word' id='word_1_619' title='bbox 3429 3400 3606 3442; x_wconf 65' lang='lat' dir='ltr'><strong>EODEM</strong></span> 
     </span>
    </p>
   </div>
   <div class='ocr_carea' id='block_1_92' title="bbox 2763 3469 3514 3509">
    <p class='ocr_par' dir='ltr' id='par_1_92' title="bbox 2763 3469 3514 3509">
     <span class='ocr_line' id='line_1_94' title="bbox 2763 3469 3514 3509; baseline -0.001 -1"><span class='ocrx_word' id='word_1_620' title='bbox 2763 3469 2977 3509; x_wconf 78' lang='lat' dir='ltr'><strong>CODICE.</strong></span> <span class='ocrx_word' id='word_1_621' title='bbox 3511 3471 3514 3474; x_wconf 82' lang='grc'><strong>’</strong></span> 
     </span>
    </p>
   </div>
   <div class='ocr_carea' id='block_1_93' title="bbox 2271 3566 3461 3638">
    <p class='ocr_par' dir='ltr' id='par_1_93' title="bbox 2271 3566 3461 3638">
     <span class='ocr_line' id='line_1_95' title="bbox 2271 3566 3461 3638; baseline 0.003 -16"><span class='ocrx_word' id='word_1_622' title='bbox 2271 3568 2362 3624; x_wconf 71' lang='lat'><strong>20.</strong></span> <span class='ocrx_word' id='word_1_623' title='bbox 2405 3567 2558 3622; x_wconf 87' lang='lat' dir='ltr'><strong>Idem</strong></span> <span class='ocrx_word' id='word_1_624' title='bbox 2591 3566 2825 3638; x_wconf 78' lang='lat' dir='ltr'><strong>Cyrillus</strong></span> <span class='ocrx_word' id='word_1_625' title='bbox 2859 3566 3109 3623; x_wconf 76' lang='lat' dir='ltr'><strong>adversus</strong></span> <span class='ocrx_word' id='word_1_626' title='bbox 3145 3568 3461 3626; x_wconf 84' lang='lat' dir='ltr'><strong>Diodorum.</strong></span> 
     </span>
    </p>
   </div>
   <div class='ocr_carea' id='block_1_94' title="bbox 2157 3679 3664 3750">
    <p class='ocr_par' dir='ltr' id='par_1_94' title="bbox 2157 3679 3664 3750">
     <span class='ocr_line' id='line_1_96' title="bbox 2157 3679 3664 3750; baseline 0.001 -14"><span class='ocrx_word' id='word_1_627' title='bbox 2157 3679 2310 3750; x_wconf 65' lang='lat' dir='ltr'><strong>Saepe</strong></span> <span class='ocrx_word' id='word_1_628' title='bbox 2334 3679 2443 3748; x_wconf 84' lang='lat' dir='ltr'><strong>jam</strong></span> <span class='ocrx_word' id='word_1_629' title='bbox 2472 3679 2728 3747; x_wconf 78' lang='lat' dir='ltr'><strong>diximus,</strong></span> <span class='ocrx_word' id='word_1_630' title='bbox 2754 3693 2862 3749; x_wconf 91' lang='lat' dir='ltr'><strong>quo</strong></span> <span class='ocrx_word' id='word_1_631' title='bbox 2891 3686 3133 3749; x_wconf 91' lang='lat' dir='ltr'><strong>tempore</strong></span> <span class='ocrx_word' id='word_1_632' title='bbox 3161 3681 3519 3750; x_wconf 91' lang='lat' dir='ltr'><strong>capitulorum</strong></span> <span class='ocrx_word' id='word_1_633' title='bbox 3545 3697 3664 3738; x_wconf 82' lang='lat' dir='ltr'><strong>om-</strong></span> 
     </span>
    </p>
   </div>
   <div class='ocr_carea' id='block_1_95' title="bbox 2084 3771 3666 3846">
    <p class='ocr_par' dir='ltr' id='par_1_95' title="bbox 2084 3771 3666 3846">
     <span class='ocr_line' id='line_1_97' title="bbox 2084 3771 3666 3846; baseline 0.003 -20"><span class='ocrx_word' id='word_1_634' title='bbox 2084 3771 2233 3826; x_wconf 89' lang='lat' dir='ltr'><strong>nium</strong></span> <span class='ocrx_word' id='word_1_635' title='bbox 2260 3771 2562 3840; x_wconf 85' lang='lat' dir='ltr'><strong>apologiam</strong></span> <span class='ocrx_word' id='word_1_636' title='bbox 2588 3771 2989 3840; x_wconf 92' lang='lat' dir='ltr'><strong>quodammodo</strong></span> <span class='ocrx_word' id='word_1_637' title='bbox 3021 3771 3249 3827; x_wconf 81' lang='lat' dir='ltr'><strong>iecimus</strong></span> <span class='ocrx_word' id='word_1_638' title='bbox 3277 3773 3378 3844; x_wconf 76' lang='grc'><strong>(2),</strong></span> <span class='ocrx_word' id='word_1_639' title='bbox 3407 3790 3512 3830; x_wconf 93' lang='lat' dir='ltr'><strong>non</strong></span> <span class='ocrx_word' id='word_1_640' title='bbox 3539 3792 3666 3846; x_wconf 78' lang='lat' dir='ltr'><strong>pro—</strong></span> 
     </span>
    </p>
   </div>
   <div class='ocr_carea' id='block_1_96' title="bbox 2083 3859 3662 3932">
    <p class='ocr_par' dir='ltr' id='par_1_96' title="bbox 2083 3859 3662 3932">
     <span class='ocr_line' id='line_1_98' title="bbox 2083 3859 3662 3932; baseline 0.003 -17"><span class='ocrx_word' id='word_1_641' title='bbox 2083 3873 2269 3932; x_wconf 85' lang='lat' dir='ltr'><strong>pterea</strong></span> <span class='ocrx_word' id='word_1_642' title='bbox 2307 3860 2453 3929; x_wconf 90' lang='lat' dir='ltr'><strong>quod</strong></span> <span class='ocrx_word' id='word_1_643' title='bbox 2494 3868 2702 3914; x_wconf 69' lang='lat' dir='ltr'><strong>natura:</strong></span> <span class='ocrx_word' id='word_1_644' title='bbox 2743 3859 2810 3913; x_wconf 91' lang='lat' dir='ltr'><strong>ad</strong></span> <span class='ocrx_word' id='word_1_645' title='bbox 2853 3861 3238 3916; x_wconf 86' lang='lat' dir='ltr'><strong>adunationem</strong></span> <span class='ocrx_word' id='word_1_646' title='bbox 3280 3876 3662 3932; x_wconf 86' lang='lat' dir='ltr'><strong>accesserunt,</strong></span> 
     </span>
    </p>
   </div>
   <div class='ocr_carea' id='block_1_97' title="bbox 2082 3949 3660 4024">
    <p class='ocr_par' dir='ltr' id='par_1_97' title="bbox 2082 3949 3660 4024">
     <span class='ocr_line' id='line_1_99' title="bbox 2082 3949 3660 4024; baseline 0.004 -19"><span class='ocrx_word' id='word_1_647' title='bbox 2082 3951 2289 4007; x_wconf 90' lang='lat' dir='ltr'><strong>idcirco</strong></span> <span class='ocrx_word' id='word_1_648' title='bbox 2328 3951 2642 4006; x_wconf 89' lang='lat' dir='ltr'><strong>dttalitatem</strong></span> <span class='ocrx_word' id='word_1_649' title='bbox 2679 3949 2765 4019; x_wconf 91' lang='lat' dir='ltr'><strong>(in</strong></span> <span class='ocrx_word' id='word_1_650' title='bbox 2800 3949 3052 4024; x_wconf 86' lang='lat' dir='ltr'><strong>Christo)</strong></span> <span class='ocrx_word' id='word_1_651' title='bbox 3087 3966 3207 4008; x_wconf 87' lang='lat' dir='ltr'><strong>esse</strong></span> <span class='ocrx_word' id='word_1_652' title='bbox 3242 3953 3660 4011; x_wconf 88' lang='lat' dir='ltr'><strong>admittendam.</strong></span> 
     </span>
    </p>
   </div>
   <div class='ocr_carea' id='block_1_98' title="bbox 2084 4039 3663 4110">
    <p class='ocr_par' dir='ltr' id='par_1_98' title="bbox 2084 4039 3663 4110">
     <span class='ocr_line' id='line_1_100' title="bbox 2084 4039 3663 4110; baseline 0.002 -14"><span class='ocrx_word' id='word_1_653' title='bbox 2084 4041 2294 4096; x_wconf 89' lang='lat' dir='ltr'><strong>Etenim</strong></span> <span class='ocrx_word' id='word_1_654' title='bbox 2336 4039 2478 4095; x_wconf 89' lang='lat' dir='ltr'><strong>sicut</strong></span> <span class='ocrx_word' id='word_1_655' title='bbox 2500 4039 2686 4105; x_wconf 92' lang='lat' dir='ltr'><strong>homo,</strong></span> <span class='ocrx_word' id='word_1_656' title='bbox 2713 4039 2959 4110; x_wconf 87' lang='lat' dir='ltr'><strong>quamvis</strong></span> <span class='ocrx_word' id='word_1_657' title='bbox 2993 4055 3062 4096; x_wconf 80' lang='lat' dir='ltr'><strong>ex</strong></span> <span class='ocrx_word' id='word_1_658' title='bbox 3099 4041 3281 4096; x_wconf 90' lang='lat' dir='ltr'><strong>anima</strong></span> <span class='ocrx_word' id='word_1_659' title='bbox 3314 4043 3566 4098; x_wconf 91' lang='lat' dir='ltr'><strong>rationali</strong></span> <span class='ocrx_word' id='word_1_660' title='bbox 3609 4058 3663 4100; x_wconf 90' lang='lat' dir='ltr'><strong>et</strong></span> 
     </span>
    </p>
   </div>
   <div class='ocr_carea' id='block_1_99' title="bbox 2083 4131 3662 4202">
    <p class='ocr_par' dir='ltr' id='par_1_99' title="bbox 2083 4131 3662 4202">
     <span class='ocr_line' id='line_1_101' title="bbox 2083 4131 3662 4202; baseline 0.004 -15"><span class='ocrx_word' id='word_1_661' title='bbox 2083 4145 2311 4202; x_wconf 83' lang='lat' dir='ltr'><strong>oorpore</strong></span> <span class='ocrx_word' id='word_1_662' title='bbox 2347 4131 2701 4201; x_wconf 88' lang='lat' dir='ltr'><strong>compositus,</strong></span> <span class='ocrx_word' id='word_1_663' title='bbox 2736 4146 2878 4187; x_wconf 91' lang='lat' dir='ltr'><strong>unus</strong></span> <span class='ocrx_word' id='word_1_664' title='bbox 2914 4140 2998 4186; x_wconf 90' lang='lat' dir='ltr'><strong>est</strong></span> <span class='ocrx_word' id='word_1_665' title='bbox 3030 4147 3206 4201; x_wconf 90' lang='lat' dir='ltr'><strong>neque</strong></span> <span class='ocrx_word' id='word_1_666' title='bbox 3237 4133 3292 4188; x_wconf 90' lang='lat' dir='ltr'><strong>in</strong></span> <span class='ocrx_word' id='word_1_667' title='bbox 3327 4133 3436 4190; x_wconf 87' lang='lat' dir='ltr'><strong>duo</strong></span> <span class='ocrx_word' id='word_1_668' title='bbox 3469 4137 3662 4192; x_wconf 80' lang='lat' dir='ltr'><strong>dividi—</strong></span> 
     </span>
    </p>
   </div>
   <div class='ocr_carea' id='block_1_100' title="bbox 2084 4221 3662 4291">
    <p class='ocr_par' dir='ltr' id='par_1_100' title="bbox 2084 4221 3662 4291">
     <span class='ocr_line' id='line_1_102' title="bbox 2084 4221 3662 4291; baseline 0.004 -12"><span class='ocrx_word' id='word_1_669' title='bbox 2084 4234 2190 4290; x_wconf 90' lang='lat' dir='ltr'><strong>tur,</strong></span> <span class='ocrx_word' id='word_1_670' title='bbox 2228 4223 2389 4291; x_wconf 90' lang='lat' dir='ltr'><strong>idque</strong></span> <span class='ocrx_word' id='word_1_671' title='bbox 2427 4231 2599 4278; x_wconf 92' lang='lat' dir='ltr'><strong>totum</strong></span> <span class='ocrx_word' id='word_1_672' title='bbox 2639 4221 2840 4277; x_wconf 87' lang='lat' dir='ltr'><strong>dicitur</strong></span> <span class='ocrx_word' id='word_1_673' title='bbox 2874 4222 3074 4278; x_wconf 90' lang='lat' dir='ltr'><strong>animal</strong></span> <span class='ocrx_word' id='word_1_674' title='bbox 3113 4225 3375 4282; x_wconf 89' lang='lat' dir='ltr'><strong>rationale</strong></span> <span class='ocrx_word' id='word_1_675' title='bbox 3410 4242 3474 4284; x_wconf 89' lang='lat' dir='ltr'><strong>ac</strong></span> <span class='ocrx_word' id='word_1_676' title='bbox 3513 4245 3662 4284; x_wconf 54' lang='lat' dir='ltr'><strong>more</strong></span> 
     </span>
    </p>
   </div>
   <div class='ocr_carea' id='block_1_101' title="bbox 2082 4314 3661 4386">
    <p class='ocr_par' dir='ltr' id='par_1_101' title="bbox 2082 4314 3661 4386">
     <span class='ocr_line' id='line_1_103' title="bbox 2082 4314 3661 4386; baseline 0.003 -15"><span class='ocrx_word' id='word_1_677' title='bbox 2082 4314 2206 4382; x_wconf 90' lang='lat' dir='ltr'><strong>tale,</strong></span> <span class='ocrx_word' id='word_1_678' title='bbox 2233 4328 2540 4386; x_wconf 88' lang='lat' dir='ltr'><strong>quanquam</strong></span> <span class='ocrx_word' id='word_1_679' title='bbox 2569 4329 2761 4384; x_wconf 90' lang='lat' dir='ltr'><strong>reapse</strong></span> <span class='ocrx_word' id='word_1_680' title='bbox 2787 4327 2892 4369; x_wconf 90' lang='lat' dir='ltr'><strong>una</strong></span> <span class='ocrx_word' id='word_1_681' title='bbox 2924 4315 2976 4370; x_wconf 91' lang='lat' dir='ltr'><strong>in</strong></span> <span class='ocrx_word' id='word_1_682' title='bbox 3005 4326 3160 4386; x_wconf 91' lang='lat' dir='ltr'><strong>parte</strong></span> <span class='ocrx_word' id='word_1_683' title='bbox 3188 4319 3439 4383; x_wconf 83' lang='lat' dir='ltr'><strong>mortale,</strong></span> <span class='ocrx_word' id='word_1_684' title='bbox 3467 4321 3525 4375; x_wconf 92' lang='lat' dir='ltr'><strong>in</strong></span> <span class='ocrx_word' id='word_1_685' title='bbox 3557 4322 3661 4376; x_wconf 84' lang='lat' dir='ltr'><strong>alia</strong></span> 
     </span>
    </p>
   </div>
   <div class='ocr_carea' id='block_1_102' title="bbox 2081 4403 3663 4475">
    <p class='ocr_par' dir='ltr' id='par_1_102' title="bbox 2081 4403 3663 4475">
     <span class='ocr_line' id='line_1_104' title="bbox 2081 4403 3663 4475; baseline 0.004 -15"><span class='ocrx_word' id='word_1_686' title='bbox 2081 4405 2374 4470; x_wconf 87' lang='lat' dir='ltr'><strong>rationale;</strong></span> <span class='ocrx_word' id='word_1_687' title='bbox 2411 4405 2492 4460; x_wconf 90' lang='lat' dir='ltr'><strong>sic</strong></span> <span class='ocrx_word' id='word_1_688' title='bbox 2523 4403 2689 4459; x_wconf 90' lang='lat' dir='ltr'><strong>etiam</strong></span> <span class='ocrx_word' id='word_1_689' title='bbox 2729 4404 3074 4473; x_wconf 87' lang='lat' dir='ltr'><strong>Emmanuel,</strong></span> <span class='ocrx_word' id='word_1_690' title='bbox 3111 4421 3235 4462; x_wconf 93' lang='lat' dir='ltr'><strong>cum</strong></span> <span class='ocrx_word' id='word_1_691' title='bbox 3269 4408 3340 4464; x_wconf 86' lang='lat' dir='ltr'><strong>sit</strong></span> <span class='ocrx_word' id='word_1_692' title='bbox 3376 4425 3546 4475; x_wconf 89' lang='lat' dir='ltr'><strong>unus,</strong></span> <span class='ocrx_word' id='word_1_693' title='bbox 3582 4413 3663 4466; x_wconf 92' lang='lat' dir='ltr'><strong>di-</strong></span> 
     </span>
    </p>
   </div>
   <div class='ocr_carea' id='block_1_103' title="bbox 2010 4495 3664 4569">
    <p class='ocr_par' dir='ltr' id='par_1_103' title="bbox 2010 4495 3664 4569">
     <span class='ocr_line' id='line_1_105' title="bbox 2010 4495 3664 4569; baseline 0.002 -16"><span class='ocrx_word' id='word_1_694' title='bbox 2010 4499 2056 4554; x_wconf 90' lang='lat' dir='ltr'><strong>D</strong></span> <span class='ocrx_word' id='word_1_695' title='bbox 2085 4496 2310 4551; x_wconf 85' lang='lat' dir='ltr'><strong>vinitate</strong></span> <span class='ocrx_word' id='word_1_696' title='bbox 2335 4503 2389 4549; x_wconf 90' lang='lat' dir='ltr'><strong>et</strong></span> <span class='ocrx_word' id='word_1_697' title='bbox 2413 4495 2745 4550; x_wconf 89' lang='lat' dir='ltr'><strong>humanitate</strong></span> <span class='ocrx_word' id='word_1_698' title='bbox 2765 4505 3044 4564; x_wconf 86' lang='lat' dir='ltr'><strong>constans,</strong></span> <span class='ocrx_word' id='word_1_699' title='bbox 3067 4511 3296 4566; x_wconf 90' lang='lat' dir='ltr'><strong>quarum</strong></span> <span class='ocrx_word' id='word_1_700' title='bbox 3320 4515 3418 4569; x_wconf 88' lang='lat' dir='ltr'><strong>per</strong></span> <span class='ocrx_word' id='word_1_701' title='bbox 3437 4516 3495 4557; x_wconf 90' lang='lat' dir='ltr'><strong>se</strong></span> <span class='ocrx_word' id='word_1_702' title='bbox 3518 4511 3664 4556; x_wconf 86' lang='lat' dir='ltr'><strong>utra-</strong></span> 
     </span>
    </p>
   </div>
   <div class='ocr_carea' id='block_1_104' title="bbox 2087 4585 3664 4657">
    <p class='ocr_par' dir='ltr' id='par_1_104' title="bbox 2087 4585 3664 4657">
     <span class='ocr_line' id='line_1_106' title="bbox 2087 4585 3664 4657; baseline 0.006 -19"><span class='ocrx_word' id='word_1_703' title='bbox 2087 4601 2192 4657; x_wconf 87' lang='lat' dir='ltr'><strong>que</strong></span> <span class='ocrx_word' id='word_1_704' title='bbox 2225 4587 2462 4656; x_wconf 84' lang='lat' dir='ltr'><strong>periecta</strong></span> <span class='ocrx_word' id='word_1_705' title='bbox 2497 4592 2608 4650; x_wconf 87' lang='lat' dir='ltr'><strong>est,</strong></span> <span class='ocrx_word' id='word_1_706' title='bbox 2645 4585 2784 4640; x_wconf 90' lang='lat' dir='ltr'><strong>idem</strong></span> <span class='ocrx_word' id='word_1_707' title='bbox 2819 4585 2964 4642; x_wconf 91' lang='lat' dir='ltr'><strong>Deus</strong></span> <span class='ocrx_word' id='word_1_708' title='bbox 2994 4597 3077 4643; x_wconf 90' lang='lat' dir='ltr'><strong>est</strong></span> <span class='ocrx_word' id='word_1_709' title='bbox 3105 4596 3160 4643; x_wconf 90' lang='lat' dir='ltr'><strong>et</strong></span> <span class='ocrx_word' id='word_1_710' title='bbox 3193 4589 3384 4656; x_wconf 86' lang='lat' dir='ltr'><strong>homo,</strong></span> <span class='ocrx_word' id='word_1_711' title='bbox 3423 4594 3664 4649; x_wconf 82' lang='lat' dir='ltr'><strong>mortalis</strong></span> 
     </span>
    </p>
   </div>
   <div class='ocr_carea' id='block_1_105' title="bbox 2086 4677 3659 4751">
    <p class='ocr_par' dir='ltr' id='par_1_105' title="bbox 2086 4677 3659 4751">
     <span class='ocr_line' id='line_1_107' title="bbox 2086 4677 3659 4751; baseline 0.003 -18"><span class='ocrx_word' id='word_1_712' title='bbox 2086 4690 2142 4733; x_wconf 86' lang='lat' dir='ltr'><strong>et</strong></span> <span class='ocrx_word' id='word_1_713' title='bbox 2166 4677 2487 4734; x_wconf 88' lang='lat' dir='ltr'><strong>immortalis</strong></span> <span class='ocrx_word' id='word_1_714' title='bbox 2504 4720 2520 4746; x_wconf 93' lang='lat'><strong>,</strong></span> <span class='ocrx_word' id='word_1_715' title='bbox 2550 4679 2860 4748; x_wconf 89' lang='lat' dir='ltr'><strong>temporalis</strong></span> <span class='ocrx_word' id='word_1_716' title='bbox 2884 4689 2939 4734; x_wconf 88' lang='lat' dir='ltr'><strong>et</strong></span> <span class='ocrx_word' id='word_1_717' title='bbox 2963 4679 3114 4750; x_wconf 89' lang='lat' dir='ltr'><strong>prior</strong></span> <span class='ocrx_word' id='word_1_718' title='bbox 3137 4680 3391 4736; x_wconf 88' lang='lat' dir='ltr'><strong>omnibus</strong></span> <span class='ocrx_word' id='word_1_719' title='bbox 3417 4683 3659 4751; x_wconf 71' lang='lat' dir='ltr'><strong>saeculis,</strong></span> 
     </span>
    </p>
   </div>
   <div class='ocr_carea' id='block_1_106' title="bbox 2087 4767 3661 4840">
    <p class='ocr_par' dir='ltr' id='par_1_106' title="bbox 2087 4767 3661 4840">
     <span class='ocr_line' id='line_1_108' title="bbox 2087 4767 3661 4840; baseline 0.004 -18"><span class='ocrx_word' id='word_1_720' title='bbox 2087 4767 2366 4838; x_wconf 87' lang='lat' dir='ltr'><strong>palpabilis</strong></span> <span class='ocrx_word' id='word_1_721' title='bbox 2387 4778 2440 4824; x_wconf 91' lang='lat' dir='ltr'><strong>et</strong></span> <span class='ocrx_word' id='word_1_722' title='bbox 2464 4767 2844 4840; x_wconf 82' lang='lat' dir='ltr'><strong>impalpabilis,</strong></span> <span class='ocrx_word' id='word_1_723' title='bbox 2866 4769 3096 4825; x_wconf 86' lang='lat' dir='ltr'><strong>visibilis</strong></span> <span class='ocrx_word' id='word_1_724' title='bbox 3119 4780 3174 4824; x_wconf 92' lang='lat' dir='ltr'><strong>et</strong></span> <span class='ocrx_word' id='word_1_725' title='bbox 3195 4769 3504 4827; x_wconf 90' lang='lat' dir='ltr'><strong>invisibilis.</strong></span> <span class='ocrx_word' id='word_1_726' title='bbox 3528 4773 3661 4829; x_wconf 86' lang='lat' dir='ltr'><strong>Nam</strong></span> 
     </span>
    </p>
   </div>
   <div class='ocr_carea' id='block_1_107' title="bbox 2085 4858 3661 4933">
    <p class='ocr_par' dir='ltr' id='par_1_107' title="bbox 2085 4858 3661 4933">
     <span class='ocr_line' id='line_1_109' title="bbox 2085 4858 3661 4933; baseline 0.004 -19"><span class='ocrx_word' id='word_1_727' title='bbox 2085 4858 2132 4914; x_wconf 88' lang='lat' dir='ltr'><strong>si</strong></span> <span class='ocrx_word' id='word_1_728' title='bbox 2180 4858 2267 4914; x_wconf 93' lang='lat' dir='ltr'><strong>ille</strong></span> <span class='ocrx_word' id='word_1_729' title='bbox 2311 4868 2501 4914; x_wconf 88' lang='lat' dir='ltr'><strong>natura</strong></span> <span class='ocrx_word' id='word_1_730' title='bbox 2548 4873 2646 4916; x_wconf 88' lang='lat' dir='ltr'><strong>sua</strong></span> <span class='ocrx_word' id='word_1_731' title='bbox 2694 4859 3034 4925; x_wconf 89' lang='lat' dir='ltr'><strong>immortalis,</strong></span> <span class='ocrx_word' id='word_1_732' title='bbox 3078 4860 3214 4915; x_wconf 91' lang='lat' dir='ltr'><strong>nihil</strong></span> <span class='ocrx_word' id='word_1_733' title='bbox 3263 4866 3583 4933; x_wconf 90' lang='lat' dir='ltr'><strong>sumpsisset</strong></span> <span class='ocrx_word' id='word_1_734' title='bbox 3631 4883 3661 4920; x_wconf 91' lang='lat' dir='ltr'><strong>a</strong></span> 
     </span>
    </p>
   </div>
   <div class='ocr_carea' id='block_1_108' title="bbox 2086 4948 3664 5016">
    <p class='ocr_par' dir='ltr' id='par_1_108' title="bbox 2086 4948 3664 5016">
     <span class='ocr_line' id='line_1_110' title="bbox 2086 4948 3664 5016; baseline 0.003 -13"><span class='ocrx_word' id='word_1_735' title='bbox 2086 4948 2300 5004; x_wconf 91' lang='lat' dir='ltr'><strong>mortali</strong></span> <span class='ocrx_word' id='word_1_736' title='bbox 2335 4957 2553 5015; x_wconf 87' lang='lat' dir='ltr'><strong>natura,</strong></span> <span class='ocrx_word' id='word_1_737' title='bbox 2592 4949 2646 5004; x_wconf 89' lang='lat' dir='ltr'><strong>id</strong></span> <span class='ocrx_word' id='word_1_738' title='bbox 2677 4957 2761 5004; x_wconf 90' lang='lat' dir='ltr'><strong>est</strong></span> <span class='ocrx_word' id='word_1_739' title='bbox 2790 4948 3087 5004; x_wconf 81' lang='lat' dir='ltr'><strong>Abrahami</strong></span> <span class='ocrx_word' id='word_1_740' title='bbox 3123 4950 3351 5016; x_wconf 89' lang='lat' dir='ltr'><strong>semine,</strong></span> <span class='ocrx_word' id='word_1_741' title='bbox 3387 4951 3532 5008; x_wconf 89' lang='lat' dir='ltr'><strong>haud</strong></span> <span class='ocrx_word' id='word_1_742' title='bbox 3566 4970 3664 5008; x_wconf 81' lang='lat' dir='ltr'><strong>nos</strong></span> 
     </span>
    </p>
   </div>
   <div class='ocr_carea' id='block_1_109' title="bbox 2085 5039 3661 5110">
    <p class='ocr_par' dir='ltr' id='par_1_109' title="bbox 2085 5039 3661 5110">
     <span class='ocr_line' id='line_1_111' title="bbox 2085 5039 3661 5110; baseline 0.004 -18"><span class='ocrx_word' id='word_1_743' title='bbox 2085 5039 2332 5109; x_wconf 91' lang='lat' dir='ltr'><strong>equidem</strong></span> <span class='ocrx_word' id='word_1_744' title='bbox 2364 5041 2606 5096; x_wconf 89' lang='lat' dir='ltr'><strong>renovati</strong></span> <span class='ocrx_word' id='word_1_745' title='bbox 2635 5053 2880 5096; x_wconf 90' lang='lat' dir='ltr'><strong>essemus</strong></span> <span class='ocrx_word' id='word_1_746' title='bbox 2910 5049 3074 5110; x_wconf 90' lang='lat' dir='ltr'><strong>atque</strong></span> <span class='ocrx_word' id='word_1_747' title='bbox 3105 5041 3171 5095; x_wconf 89' lang='lat' dir='ltr'><strong>ad</strong></span> <span class='ocrx_word' id='word_1_748' title='bbox 3203 5042 3661 5099; x_wconf 89' lang='lat' dir='ltr'><strong>immortalitatem</strong></span> 
     </span>
    </p>
   </div>
   <div class='ocr_carea' id='block_1_110' title="bbox 2088 5132 3664 5203">
    <p class='ocr_par' dir='ltr' id='par_1_110' title="bbox 2088 5132 3664 5203">
     <span class='ocr_line' id='line_1_112' title="bbox 2088 5132 3664 5203; baseline 0.004 -18"><span class='ocrx_word' id='word_1_749' title='bbox 2088 5132 2282 5200; x_wconf 90' lang='lat' dir='ltr'><strong>erecti;</strong></span> <span class='ocrx_word' id='word_1_750' title='bbox 2325 5146 2572 5202; x_wconf 87' lang='lat' dir='ltr'><strong>vanaque</strong></span> <span class='ocrx_word' id='word_1_751' title='bbox 2617 5142 2803 5190; x_wconf 89' lang='lat' dir='ltr'><strong>nostra</strong></span> <span class='ocrx_word' id='word_1_752' title='bbox 2847 5133 2979 5189; x_wconf 88' lang='lat' dir='ltr'><strong>iides</strong></span> <span class='ocrx_word' id='word_1_753' title='bbox 3025 5135 3196 5200; x_wconf 80' lang='lat' dir='ltr'><strong>foret,</strong></span> <span class='ocrx_word' id='word_1_754' title='bbox 3235 5142 3288 5188; x_wconf 90' lang='lat' dir='ltr'><strong>et</strong></span> <span class='ocrx_word' id='word_1_755' title='bbox 3332 5134 3386 5188; x_wconf 88' lang='lat' dir='ltr'><strong>in</strong></span> <span class='ocrx_word' id='word_1_756' title='bbox 3429 5139 3664 5203; x_wconf 85' lang='lat' dir='ltr'><strong>peccatis</strong></span> 
     </span>
    </p>
   </div>
   <div class='ocr_carea' id='block_1_111' title="bbox 2088 5211 2852 5290">
    <p class='ocr_par' dir='ltr' id='par_1_111' title="bbox 2088 5211 2852 5290">
     <span class='ocr_line' id='line_1_113' title="bbox 2088 5211 2852 5290; baseline 0.004 -17"><span class='ocrx_word' id='word_1_757' title='bbox 2088 5211 2290 5276; x_wconf 83' lang='lat' dir='ltr'><strong>nostris</strong></span> <span class='ocrx_word' id='word_1_758' title='bbox 2323 5221 2497 5276; x_wconf 90' lang='lat' dir='ltr'><strong>adhuc</strong></span> <span class='ocrx_word' id='word_1_759' title='bbox 2522 5220 2852 5290; x_wconf 78' lang='lat' dir='ltr'><strong>iaceremus.</strong></span> 
     </span>
    </p>
   </div>
   <div class='ocr_carea' id='block_1_112' title="bbox 2081 5399 3662 5468">
    <p class='ocr_par' dir='ltr' id='par_1_112' title="bbox 2081 5399 3662 5468">
     <span class='ocr_line' id='line_1_114' title="bbox 2081 5399 3662 5468; baseline -0.001 -14"><span class='ocrx_word' id='word_1_760' title='bbox 2081 5400 2266 5468; x_wconf 77' lang='lat' dir='ltr'><strong>spectis</strong></span> <span class='ocrx_word' id='word_1_761' title='bbox 2306 5399 2565 5456; x_wconf 85' lang='lat' dir='ltr'><strong>Theodori</strong></span> <span class='ocrx_word' id='word_1_762' title='bbox 2603 5417 2666 5454; x_wconf 87' lang='lat' dir='ltr'><strong>ac</strong></span> <span class='ocrx_word' id='word_1_763' title='bbox 2706 5400 2927 5454; x_wconf 87' lang='lat' dir='ltr'><strong>Diodori</strong></span> <span class='ocrx_word' id='word_1_764' title='bbox 2963 5399 3131 5461; x_wconf 84' lang='lat' dir='ltr'><strong>libris,</strong></span> <span class='ocrx_word' id='word_1_765' title='bbox 3168 5415 3296 5468; x_wconf 83' lang='lat' dir='ltr'><strong>quos</strong></span> <span class='ocrx_word' id='word_1_766' title='bbox 3340 5399 3662 5467; x_wconf 78' lang='lat' dir='ltr'><strong>scripserunt</strong></span> 
     </span>
    </p>
   </div>
   <div class='ocr_carea' id='block_1_113' title="bbox 2081 5469 3667 5538">
    <p class='ocr_par' dir='ltr' id='par_1_113' title="bbox 2081 5469 3667 5538">
     <span class='ocr_line' id='line_1_115' title="bbox 2081 5469 3667 5538; baseline 0 -16"><span class='ocrx_word' id='word_1_767' title='bbox 2081 5485 2183 5522; x_wconf 84' lang='lat' dir='ltr'><strong>non</strong></span> <span class='ocrx_word' id='word_1_768' title='bbox 2221 5473 2284 5524; x_wconf 88' lang='lat' dir='ltr'><strong>de</strong></span> <span class='ocrx_word' id='word_1_769' title='bbox 2319 5472 2682 5524; x_wconf 83' lang='lat' dir='ltr'><strong>incarnatione</strong></span> <span class='ocrx_word' id='word_1_770' title='bbox 2716 5470 3008 5538; x_wconf 87' lang='lat' dir='ltr'><strong>Unigeniti,</strong></span> <span class='ocrx_word' id='word_1_771' title='bbox 3044 5470 3134 5521; x_wconf 79' lang='lat' dir='ltr'><strong>sed</strong></span> <span class='ocrx_word' id='word_1_772' title='bbox 3173 5469 3339 5538; x_wconf 81' lang='lat' dir='ltr'><strong>magis</strong></span> <span class='ocrx_word' id='word_1_773' title='bbox 3375 5479 3558 5522; x_wconf 85' lang='lat' dir='ltr'><strong>contra</strong></span> <span class='ocrx_word' id='word_1_774' title='bbox 3593 5473 3667 5522; x_wconf 78' lang='lat' dir='ltr'><strong>in-</strong></span> 
     </span>
    </p>
   </div>
   <div class='ocr_carea' id='block_1_114' title="bbox 2081 5538 3665 5608">
    <p class='ocr_par' dir='ltr' id='par_1_114' title="bbox 2081 5538 3665 5608">
     <span class='ocr_line' id='line_1_116' title="bbox 2081 5538 3665 5608; baseline -0.002 -15"><span class='ocrx_word' id='word_1_775' title='bbox 2081 5542 2473 5608; x_wconf 83' lang='lat' dir='ltr'><strong>carnationem,</strong></span> <span class='ocrx_word' id='word_1_776' title='bbox 2504 5541 2658 5607; x_wconf 82' lang='lat' dir='ltr'><strong>posui</strong></span> <span class='ocrx_word' id='word_1_777' title='bbox 2688 5540 2874 5608; x_wconf 85' lang='lat' dir='ltr'><strong>aliqua</strong></span> <span class='ocrx_word' id='word_1_778' title='bbox 2903 5553 2968 5590; x_wconf 81' lang='lat' dir='ltr'><strong>ea:</strong></span> <span class='ocrx_word' id='word_1_779' title='bbox 2998 5538 3278 5606; x_wconf 82' lang='lat' dir='ltr'><strong>capitulis,</strong></span> <span class='ocrx_word' id='word_1_780' title='bbox 3311 5549 3357 5591; x_wconf 85' lang='lat' dir='ltr'><strong>et</strong></span> <span class='ocrx_word' id='word_1_781' title='bbox 3389 5555 3491 5608; x_wconf 83' lang='lat' dir='ltr'><strong>quo</strong></span> <span class='ocrx_word' id='word_1_782' title='bbox 3521 5543 3665 5608; x_wconf 83' lang='lat' dir='ltr'><strong>potui</strong></span> 
     </span>
    </p>
   </div>
   <div class='ocr_carea' id='block_1_115' title="bbox 2080 5607 3664 5678">
    <p class='ocr_par' dir='ltr' id='par_1_115' title="bbox 2080 5607 3664 5678">
     <span class='ocr_line' id='line_1_117' title="bbox 2080 5607 3664 5678; baseline 0.003 -17"><span class='ocrx_word' id='word_1_783' title='bbox 2080 5609 2233 5662; x_wconf 84' lang='lat' dir='ltr'><strong>modo</strong></span> <span class='ocrx_word' id='word_1_784' title='bbox 2262 5607 2560 5662; x_wconf 76' lang='lat' dir='ltr'><strong>contradixi</strong></span> <span class='ocrx_word' id='word_1_785' title='bbox 2593 5611 2688 5673; x_wconf 81' lang='lat' dir='ltr'><strong>eis,</strong></span> <span class='ocrx_word' id='word_1_786' title='bbox 2719 5607 2996 5661; x_wconf 78' lang='lat' dir='ltr'><strong>declarans</strong></span> <span class='ocrx_word' id='word_1_787' title='bbox 3027 5607 3419 5663; x_wconf 80' lang='lat' dir='ltr'><strong>abominatione</strong></span> <span class='ocrx_word' id='word_1_788' title='bbox 3449 5607 3664 5678; x_wconf 73' lang='lat' dir='ltr'><strong>prersus</strong></span> 
     </span>
    </p>
   </div>
   <div class='ocr_carea' id='block_1_116' title="bbox 2081 5679 3059 5748">
    <p class='ocr_par' dir='ltr' id='par_1_116' title="bbox 2081 5679 3059 5748">
     <span class='ocr_line' id='line_1_118' title="bbox 2081 5679 3059 5748; baseline -0.004 -17"><span class='ocrx_word' id='word_1_789' title='bbox 2081 5680 2286 5748; x_wconf 85' lang='lat' dir='ltr'><strong>plenam</strong></span> <span class='ocrx_word' id='word_1_790' title='bbox 2318 5696 2428 5734; x_wconf 76' lang='lat' dir='ltr'><strong>esse</strong></span> <span class='ocrx_word' id='word_1_791' title='bbox 2459 5680 2770 5734; x_wconf 80' lang='lat' dir='ltr'><strong>sententiam</strong></span> <span class='ocrx_word' id='word_1_792' title='bbox 2803 5679 3059 5745; x_wconf 83' lang='lat' dir='ltr'><strong>ipsorum.</strong></span> 
     </span>
    </p>
   </div>
   <div class='ocr_carea' id='block_1_117' title="bbox 3275 5832 3349 5895">
    <p class='ocr_par' dir='ltr' id='par_1_117' title="bbox 3275 5832 3349 5895">
     <span class='ocr_line' id='line_1_119' title="bbox 3275 5832 3349 5895; baseline 0.041 -3"><span class='ocrx_word' id='word_1_793' title='bbox 3275 5832 3349 5895; x_wconf 78' lang='grc'>46</span> 
     </span>
    </p>
   </div>
  </div>
