4076 6416
454 354 585 414 H5!

1433 359 1490 415 S.
1528 359 1806 419 CYRILLI
1846 365 2269 424 FRAGMENTA
2309 366 2726 426 DOGMATICA.

3567 371 3704 428 “59

444 471 518 525 EY
546 484 945 534 QUES'I'IONIBDS
976 469 1173 524 εει-ειη
1199 469 1529 552 Λκῑιοςπεβι
1556 489 1664 530 CUI
1689 491 2014 548 asumma,

2126 479 2491 551 imperfectus,
2521 489 2744 552 peccato
2769 491 2959 535 carere
2991 480 3217 550 nequit:
3245 479 3446 537 etenim
3475 481 3567 552 qui
3596 499 3699 540 una

897 555 950 594 ιιι
984 554 1104 595 tuo
1135 554 1256 596 con.
1290 539 1418 598 Sta.
1451 542 1590 600 Var.

639 652 730 706 2i.
776 651 922 706 Idem
954 651 1182 722 Cyrillus
1212 654 1461 709 adversus
1493 656 1808 714 Diodorum.

466 823 471 829 ,
517 763 776 820 Sanctum
808 763 951 818 enim
981 772 1065 820 est
1095 778 1158 821 ac
1186 765 1308 822 sine
1339 777 1563 836 peccato
1590 784 1788 839 corpus
1815 770 2018 828 Christi

447 855 541 911 Dei
579 855 994 925 Servatorisque
1027 857 1196 912 nostri
1235 875 1250 912 :
1287 866 1340 912 et
1373 860 1512 928 quod
1547 861 1762 930 quidem
1800 863 1864 917 ad
1899 863 2018 918 cul-

444 961 567 1015 pam
609 946 821 1012 attinet,
852 946 964 1018 jam
1006 947 1131 1004 inde
1174 964 1202 1002 a
1245 949 1421 1018 primo
1465 952 1853 1008 incarnationis
1903 969 2019 1009 mo-

447 1045 630 1093 mento
661 1037 1069 1108 incorruptibile
1100 1039 1227 1107 fuit,
1260 1050 1422 1108 atque
1449 1041 1502 1096 in
1535 1057 1598 1098 ea
1629 1045 1886 1112 qualitate
1915 1059 2018 1099 non

445 1134 529 1181 est
565 1126 614 1181 ei
652 1127 759 1182 ulla
793 1128 1067 1183 nobiscum
1105 1131 1410 1185 communio
1445 1131 1526 1186 vel
1563 1133 1860 1186 similitudo
1897 1156 1908 1189 :
1940 1144 2022 1188 et-

445 1215 589 1269 enim
633 1215 735 1270 alia
777 1219 965 1285 quavis
1010 1232 1070 1271 re
1110 1219 1264 1272 nobis
1303 1228 1386 1273 est
1423 1220 1617 1275 similis
1661 1231 2018 1291 praeterquam

446 1305 620 1373 culpa.
651 1305 954 1376 Caeteroqui
983 1307 1227 1362 eamdem
1257 1322 1475 1362 carnem
1505 1309 1862 1378 eumdemque
1891 1327 2022 1365 san-

446 1396 662 1466 guinem
695 1397 771 1449 uti
797 1412 895 1452 nos
917 1398 1283 1465 participavit,
1304 1407 1364 1452 ut
1389 1398 1464 1451 ait
1489 1399 1778 1467 Apostolus
1800 1401 1865 1453 ⁸⁸.
1888 1400 1930 1456 0
1950 1403 2022 1457 ιιιί

446 1488 742 1542 reveremle
763 1488 854 1557 qui
881 1488 1044 1543 stulta
1072 1503 1137 1543 ac
1163 1489 1474 1557 turpissima
1501 1491 1662 1545 verba
1690 1491 1902 1559 eii‘utis;
1931 1509 2022 1548 sa-

444 1592 596 1632 crum
634 1579 849 1646 quidem
885 1594 1081 1649 corpus
1113 1580 1244 1636 illud
1276 1581 1343 1634 de
1377 1579 1543 1634 Maria
1577 1592 1856 1651 sumptum
1881 1625 1895 1649 ,
1935 1585 1987 1638 in
2009 1614 2023 1625 -

447 1667 690 1722 firmitati
718 1678 833 1724 erat
859 1670 1173 1735 obnoxium,
1199 1671 1292 1724 sed
1321 1680 1498 1724 tamen
1520 1669 1630 1738 jam
1661 1671 1783 1727 inde
1811 1675 1879 1729 ab
1906 1676 2023 1744 ejus

446 1759 810 1815 concrctionis
835 1760 1006 1826 initio,
1029 1772 1082 1815 et
1108 1761 1159 1815 in
1187 1770 1344 1814 utero
1368 1751 1749 1829 subsistentia,
1773 1776 2016 1818 sanctum

446 1847 636 1917 utique
671 1861 885 1918 semper
916 1847 1046 1913 fuit,
1083 1848 1209 1918 quia
1245 1847 1448 1902 Christi
1486 1863 1683 1920 corpus
1715 1860 1862 1916 erat,
1901 1852 2018 1905 uul-

447 1939 666 2005 lumque
714 1938 971 2010 temporis
1019 1938 1359 1993 intervallum
1417 1937 1534 2006 fuit,
1579 1955 1686 2009 quo
1732 1941 1860 1997 illud
1915 1959 2020 1998 non

449 2029 767 2098 possederit.
799 2029 966 2085 Porro
999 2030 1244 2100 simplex,
1287 2039 1344 2085 ut
1380 2030 1479 2096 ais,
1517 2041 1616 2096 est,
1653 2034 1864 2090 caeteris
1897 2050 2022 2090 car-

449 2121 608 2176 nibus
637 2131 1031 2191 comparatum.
1433 2139 1440 2146 ‘

447 2234 539 2289 ‘29..
567 2235 695 2289 Ion
719 2235 988 2292 CvntLLos
1005 2253 1141 2293 aruo
1168 2235 1366 2295 Seven:
1392 2256 1795 2300 Αιιοιοςετιευιι
1815 2258 2026 2298 CONTRA

520 2305 788 2361 Incussus
823 2305 1384 2374 llamcmmsssaszu,
1412 2329 1463 2367 IN
1491 2327 1682 2369 cootcs
1700 2311 1826 2368 Svu.
1853 2312 1986 2368 Vn.

518 2417 870 2488 Participavit
905 2418 1069 2490 igitur
1100 2435 1254 2489 aeque
1295 2437 1358 2476 ac
1402 2438 1501 2479 nos
1545 2439 1766 2479 carnem
1809 2435 1863 2481 et
1903 2441 2027 2480 san-

449 2513 686 2582 guinem,
735 2522 794 2566 ut
840 2513 892 2565 in
935 2527 1102 2567 carne
1144 2528 1238 2567 sua
1288 2515 1614 2570 daemonium
1666 2529 2023 2587 oppugnaret,

449 2616 626 2671 eoque
652 2600 949 2670 proﬂigato,
977 2603 1224 2656 mortalia
1251 2615 1430 2660 nostra
1458 2622 1686 2676 corpora
1708 2609 1776 2661 ad
1801 2608 2022 2663 immor-

455 2693 714 2748 talitatem
736 2693 1076 2758 transferret,
1095 2694 1335 2765 jugoque
1360 2695 1493 2767 legis
1513 2699 1882 2767 subtraheret,
1908 2714 2028 2769 quae

451 2785 712 2841 adversus
751 2785 990 2840 membra
1031 2786 1210 2841 carnis
1254 2790 1632 2858 praevaluerat.
1675 2790 1829 2847 [laud
1872 2795 2030 2849 aliter

453 2876 617 2930 vitam
652 2885 989 2946 mortemque
1025 2877 1168 2934 inter
1191 2880 1256 2933 'se
1290 2879 1478 2948 praelio
1508 2882 1847 2936 committere
1876 2893 2028 2952 pote-

455 2975 562 3032 rat,
598 2967 699 3022 nisi
735 2967 950 3023 mortali
985 2982 1212 3038 corpore
1247 2985 1376 3026 usus
1409 2970 1622 3035 fuisset,
1655 2988 1831 3043 neque
1869 2973 2022 3040 cupi-

451 3059 683 3115 ditatum
719 3071 1026 3116 nostrarum
1060 3061 1337 3116 stimulum
1371 3062 1693 3134 obtudisset,
1727 3066 1830 3122 nisi
1864 3067 1928 3120 de
1962 3066 2026 3121 ῆ-

454 3160 672 3221 gmento
697 3160 886 3208 nostro
915 3167 1109 3223 corpus
1141 3155 1481 3224 sumpsisset.

453 3280 531 3337 Ex
567 3295 742 3344 uanis
780 3281 976 3338 Seven
1015 3298 1284 3338 [iuvencus
1319 3284 1588 3342 JULIANUI
1614 3284 1802 3342 Hauc.
1844 3303 1895 3342 IN
1933 3304 2030 3345 co-

1018 3368 1138 3408 DICE
1167 3351 1295 3408 Sxa.
1326 3353 1465 3408 Vn.

1018 3368 1138 3408 DICE
1167 3368 1295 3408 δη.
1332 3368 1360 3408 ν
1373 3371 1465 3411 ΛΤ.

656 3463 750 3521 25.
790 3463 943 3520 Idem
969 3464 1202 3536 Cyrilius
1233 3468 1482 3523 adversus
1516 3469 1828 3525 Diodorum.

522 3575 650 3632 ﬂare
679 3587 760 3633 est
780 3619 796 3642 ,
827 3591 862 3632 ο
891 3587 1076 3632 noster
1108 3577 1340 3643 sodalis,
1373 3589 1584 3635 natura:
1617 3583 1865 3636 humana:
1895 3585 2028 3638 deli-

453 3669 617 3735 nitio,
654 3683 774 3738 quae
814 3667 1015 3722 dicitur
1046 3668 1352 3723 substantia
1391 3670 1673 3731 animalis.
1710 3673 1993 3729 rationalis

457 3768 620 3829 atque
652 3758 921 3814 mortalis.

641 3874 732 3928 24.
775 3873 924 3928 Idem
957 3872 1188 3945 Cyrillus
1215 3875 1463 3930 adversus
1488 3873 1836 3932 Theodorum.

523 3990 616 4048 ille
657 4002 836 4048 autem
879 4007 974 4047 ore
1019 4007 1116 4047 suo
1157 3991 1404 4055 dilatato,
1447 4002 1503 4047 et
1542 3992 1736 4049 laxatis
1783 3994 2031 4063 blasphe-

453 4086 577 4142 mia
604 4085 854 4150 habenis,
883 4085 1019 4139 dixit
1049 4083 1249 4146 Christi
1281 4083 1654 4154 imperfectam
1681 4088 2026 4142 sanctitatem

453 4181 654 4243 fuisse,
688 4190 864 4244 neque
899 4175 1017 4245 eius
1055 4176 1267 4231 culmen
1304 4177 1551 4244 attigisse
1583 4185 1873 4246 antequam
1909 4179 2030 4247 Spi.

455 4273 595 4325 ritus
629 4276 851 4324 sanctus
886 4268 986 4320 sub
1026 4268 1288 4323 columbae
1330 4269 1509 4338 specie
1549 4269 1602 4323 in
1640 4284 1763 4324 eum
1802 4270 2029 4326 descen-

455 4360 644 4416 disset.
677 4358 873 4428 Quidni
911 4366 1090 4413 autem
1121 4359 1394 4429 perfectus
1427 4359 1580 4414 erat?
1607 4358 1769 4416 Certe
1826 4363 1917 4430 qui
1947 4373 2032 4418 est

2120 571 2174 627 in
2209 581 2362 641 parte
2394 581 2616 627 sanctus
2651 572 2914 636 creditur,
2947 572 3000 626 in
3037 573 3140 627 alia
3176 572 3424 629 infirmus
3456 584 3697 644 putatur.

2118 663 2330 733 Alioqui
2364 665 2581 734 quinam
2614 665 2716 719 iste
2746 663 2990 720 defectus
3018 674 3158 730 erat,
3190 679 3349 734 quem
3381 666 3429 721 ei
3461 664 3698 736 Spiritus

2120 764 2343 810 sanctus
2384 755 2686 825 supplevit,
2721 765 2781 808 ut
2823 754 2991 810 altera
3035 770 3250 824 quoque
3291 771 3419 826 pars
3458 757 3701 825 perfecta

2119 847 2401 910 evaderet,
2435 855 2598 914 atque
2632 845 2830 899 diaboli
2867 845 3126 914 impetum
3163 845 3472 916 frangeret,
3507 855 3566 901 ut
3599 849 3700 902 ade

2120 935 2396 988 versarius
2435 932 2664 987 asserit?
2699 932 2870 988 Porro
2906 947 3011 986 non
3048 942 3270 988 sanctus
3305 935 3702 1002 tantummodo,

2121 1032 2172 1080 et
2215 1024 2430 1094 quidem
2476 1022 2874 1092 perfectissime
2915 1032 3063 1089 erat,
3105 1039 3292 1078 verum
3337 1027 3503 1080 etiam
3548 1025 3703 1095 plena

2123 1118 2358 1186 potentia
2401 1115 2446 1169 is
2483 1114 2741 1184 praeditus
2775 1122 2924 1178 erat,
2959 1114 3049 1184 qui
3092 1113 3308 1169 dolores
3341 1124 3506 1185 atque
3541 1130 3707 1171 omne

2123 1221 2293 1272 genus
2324 1204 2654 1259 infirmitatis
2685 1207 2932 1259 sanabat.
2961 1233 3029 1243 —
3051 1202 3185 1258 Cum
3218 1205 3358 1258 Deus
3388 1213 3579 1273 suapte
3608 1219 3704 1258 na-

2126 1305 2243 1349 tura
2287 1305 2455 1360 esset,
2499 1309 2767 1364 verusque
2811 1294 2903 1349 Dei
2949 1295 3127 1349 Patris
3171 1293 3364 1358 Filius,
3407 1295 3700 1350 humanam

2126 1385 2352 1439 formam
2375 1386 2476 1440 Silii
2502 1385 2696 1448 induit,
2720 1401 2871 1439 suam
2898 1385 3104 1440 faciens
3126 1399 3347 1439 carnem
3372 1385 3519 1440 illam
3542 1402 3705 1456 quam

2126 1475 2190 1529 de
2224 1484 2409 1531 sancta
2439 1473 2658 1545 Virgine
2697 1475 2954 1544 sumpsit,
2993 1490 3114 1543 qua:
3153 1475 3397 1544 proiecto
3435 1492 3565 1532 caro
3606 1477 3702 1533 Dei

2123 1574 2227 1627 est,
2256 1576 2310 1620 et
2341 1575 2608 1636 potestate
2638 1567 2821 1620 divina
2854 1566 3082 1634 pollens.
3111 1567 3316 1622 Idcirco
3344 1567 3596 1624 Christus
3619 1571 3701 1624 vi-

2128 1658 2349 1711 vificans
2381 1672 2594 1726 quoque
2625 1656 2752 1723 fuit,
2783 1664 2838 1711 et
2869 1657 3246 1713 inﬁrmitalum
3279 1669 3501 1714 sanator
3555 1675 3706 1714 mor-

2129 1747 2305 1818 tisque
2337 1749 2665 1803 destructor.

2317 1838 2409 1893 25.
2452 1837 2600 1892 Idem
2637 1838 2869 1909 Cyrillus
2904 1841 3158 1895 adversus
3194 1839 3508 1896 Diodorum.

2198 1946 2376 2001 Audes
2402 1949 2564 2002 etiam
2598 1948 2861 2004 herilibus
2891 1949 3080 2005 formis
3111 1951 3259 2006 illum
3291 1951 3546 2018 induere,
3577 1955 3704 2022 qui,

2127 2049 2184 2092 ut
2214 2039 2316 2102 ais,
2345 2039 2505 2092 homo
2533 2048 2616 2093 est
2646 2040 2712 2094 de
2739 2039 2930 2105 Maria,
2959 2050 3013 2095 et
3040 2042 3132 2109 qui
3165 2043 3322 2098 initio
3350 2058 3378 2096 a
3412 2044 3568 2098 nobis
3596 2045 3709 2096 nul—

2128 2128 2337 2181 latenus
2365 2129 2612 2182 diversus
2639 2137 2756 2182 erat
2783 2137 2874 2181 aut
2902 2130 3170 2198 superior,
3199 2131 3291 2185 sed
3323 2141 3507 2201 postea
3535 2131 3709 2186 multo

2124 2221 2413 2276 conamine
2451 2220 2573 2275 Filii
2615 2236 2810 2276 nomen
2851 2221 3188 2291 gloriamque
3226 2222 3464 2277 divinam
3503 2237 3710 2292 prome-

2127 2311 2261 2366 ritus
2301 2320 2403 2375 est,
2444 2323 2630 2380 postea
2672 2327 2834 2382 quam
2882 2313 3094 2368 scilicet
3137 2313 3203 2368 de
3241 2323 3430 2370 ventre
3477 2315 3710 2371 exierat.

2127 2403 2293 2472 Igitur
2325 2403 2460 2469 duo,
2503 2413 2554 2458 te
2593 2413 2882 2468 censente,
2919 2415 3045 2459 sunt
3085 2405 3210 2472 filii;
3254 2421 3530 2475 novusque
3569 2407 3714 2464 Deus

2127 2504 2210 2549 est
2245 2494 2514 2560 Christus,
2551 2496 2645 2565 qui
2687 2510 2716 2550 a
2758 2495 2868 2551 Deo
2905 2498 3307 2567 supernaturali
3347 2499 3552 2554 honore
3588 2499 3714 2556 aﬂ‘e-

2128 2595 2249 2640 ctus
2285 2595 2388 2652 est,
2420 2586 2590 2656 magis
2631 2586 2909 2656 aliquanto
2945 2603 3109 2656 quam
3153 2588 3373 2659 reliquae
3405 2600 3708 2658 creaturae;

2129 2687 2189 2731 ut
2220 2691 2342 2731 cum
2379 2677 2614 2742 simplici
2651 2679 2868 2733 homine
2899 2679 3158 2734 adoretur
3191 2680 3236 2735 is
3268 2683 3361 2750 qui
3395 2681 3547 2750 lapsu
3583 2692 3717 2736 tem-

2130 2768 2300 2837 poris,
2339 2782 2438 2823 nec
2477 2768 2578 2824 nisi
2618 2769 2718 2823 sub
2753 2769 2915 2824 finem
2953 2771 3178 2840 gloriam
3216 2772 3477 2842 possedit,
3517 2771 3714 2828 factus-

2129 2874 2235 2932 que
2269 2869 2352 2916 est
2384 2859 2667 2915 Trinitatis
2702 2861 3192 2930 complementum,
3229 2871 3423 2918 natura
3462 2864 3710 2934 aequalis.

2329 2973 2419 3029 26.
2461 2972 2615 3030 Idem
2646 2975 2879 3046 Cyrinus
2910 2976 3160 3031 adversus
3191 2975 3507 3032 Diodorum.

2199 3089 2444 3160 Namque
2480 3100 2537 3146 ut
2574 3107 2764 3161 passus
2798 3093 3012 3148 dolores
3052 3094 3104 3147 in
3141 3108 3326 3159 carne,
3360 3094 3714 3151 nihilominus

2056 3159 2097 3218 ο
2134 3182 2187 3237 in
2218 3198 2330 3238 sum
2358 3159 2585 3238 deitatisﬁ
2609 3195 2800 3238 natura
2832 3184 3180 3255 impassibilis
3212 3187 3412 3240 mansit
3445 3204 3459 3240 :
3492 3187 3572 3264 sic
3603 3188 3712 3253 aio,

2132 3281 2189 3326 et
2217 3272 2341 3326 dum
2373 3281 2667 3338 cresceret,
2695 3273 2995 3343 perfectum
3026 3274 3250 3330 omnino
3276 3273 3466 3330 fuisse.
3493 3275 3560 3330 Et
3587 3291 3712 3332 cum

2133 3363 2396 3432 sapientia
2444 3365 2628 3434 augeri
2676 3367 3026 3430 credebatur,
3074 3375 3203 3421 tunc
3245 3366 3360 3435 ipse
3407 3367 3714 3423 redundans

2134 3453 2414 3523 sapientiae
2445 3453 2566 3508 fons
2592 3463 2732 3520 erat,
2767 3470 2796 3509 a
2827 3469 2934 3524 quo
2960 3455 3143 3511 caeteri
3173 3469 3361 3512 omnes
3390 3457 3712 3525 sapientiam

2138 3545 2410 3600 hauriunt.

2903 3639 2992 3694 27.
3090 3649 3098 3656 ’

2137 3751 2204 3806 Β.
2236 3752 2420 3823 Cyrilli
2456 3754 2791 3808 Alexandria:
2831 3771 2896 3810 ea:
2973 3756 3083 3810 Τοῦ

2233 3838 2386 3886 apere
2449 3834 2632 3879 contra
2696 3823 2894 3880 Diodo-

2234 3908 2296 3946 τιι
2302 3909 2371 3946 m.

3035 3756 3083 3880 >37
3137 3755 3434 3847 μρκαρὶου
3494 3757 3718 3826 Rupil-

3079 3845 3150 3880 ov
3189 3825 3627 3893 Αλεξανδρείας
3649 3828 3720 3882 ἐκ

3035 3895 3143 3951 τοῦ
3173 3897 3323 3950 κατὰ
3355 3894 3663 3964 Διοδώρου.

2209 4005 2388 4072 Sed,o
2413 4008 2650 4079 sapiens,
2673 4009 2888 4079 inquam
3049 4011 3213 4079 Ἀλλ’,
3254 4005 3300 4066 ὦ
3335 4010 3495 4081 σοφὲ,
3553 4009 3724 4079 φαίην

2135 4111 2270 4166 ego,
2334 4100 2512 4153 anima
2572 4102 2784 4169 quidem
2837 4109 2892 4157 et
2965 4101 3228 4173 meum
3283 4101 3382 4172 μὲν
3414 4101 3508 4154 καὶ
3560 4100 3724 4169 σῶμα

2136 4202 2332 4257 corpus
2361 4190 2428 4243 ad
2460 4190 2692 4246 hominis
2727 4192 2894 4262 origi-
2964 4193 3100 4264 πρὸς
3142 4190 3430 4263 ἀνθρώπου
3484 4189 3698 4258 γένεσιν

2139 4292 2261 4332 nem
2297 4280 2587 4350 pertinent,
2617 4297 2792 4353 neque
2821 4283 2893 4337 al-
2965 4287 3057 4338 καὶ
3077 4284 3174 4340 οὐκ
3197 4284 3262 4338 ἂν
3284 4282 3604 4355 προανίσκει
3630 4281 3728 4335 θα-

2141 4377 2401 4426 terutrum
2439 4376 2710 4443 praecedit.
2963 4376 3120 4446 τέρου
3148 4375 3396 4447 θάτερον.

2037 4499 2124 4558 ιν.

1469 4646 1537 4684 ex
1575 4645 1740 4686 orent:
1771 4648 2032 4691 ADVERSUS
2068 4652 2548 4698 PNEUMATOIACBOS
2581 4643 2681 4713 (l).

524 4762 707 4821 Sancti
738 4764 925 4837 Cyrilli
955 4779 1021 4820 es
1049 4765 1402 4820 antirrhelicis
1434 4765 1756 4821 sermonibus
1787 4778 1970 4822 contra

2145 4777 2254 4832 Τοῦ
2287 4779 2461 4848 ἁγίου
2505 4779 2818 4855 Κυρζλλοῃ
2844 4777 2915 4831 ἐκ
2960 4779 3109 4855 ζῶνΔ
3131 4775 3282 4855 nam
3307 4773 3727 4855 ﬂrwyatoyd-

982 4857 1512 4914 Pneumatomachos.

2335 4845 2344 4848 “
2464 4845 3047 4918 κων-’ἀντιρῤητικῶν
3072 4847 3273 4916 λόγων
3299 4845 3400 4916 (2).

527 4965 765 5037 Digitum
810 4966 908 5022 Dei
955 4967 1090 5024 solet
1132 4965 1412 5038 Scriptura
1455 4967 1727 5040 appellare
1770 4969 2024 5040 Spiritum

2220 4965 2492 5020 Δάκτυλον
2538 4964 2673 5019 Θεοῦ
2719 4964 2904 5018 καλεῖν
2931 4956 3037 5016 οἶδε
3089 4959 3279 5031 Γραφῆ
3307 4958 3368 5012 τὸ
3412 4958 3634 5028 Πνεῦμα
3660 4960 3728 5013 τὸ

464 5069 742 5121 sanctum,
779 5058 936 5113 sicuti
971 5058 1222 5114 Christus
1255 5059 1390 5114 dixit
1427 5075 1442 5114 :
1483 5077 1503 5112 ι
1547 5060 1608 5116 Si
1642 5075 1742 5132 ego
1776 5061 1830 5116 in
1867 5062 2024 5131 digito

2139 5057 2318 5126 ἅγιον,
2349 5056 2533 5120 καθὼς
2583 5057 2680 5109 καὶ
2703 5056 2731 5108 ὁ
2762 5053 3000 5125 Χριστὸς
3040 5051 3266 5124 εἴρηκεν
3285 5066 3298 5080 ·
3324 5069 3342 5102 ι
3382 5050 3445 5103 Ei
3475 5049 3532 5101 δὲ
3556 5049 3614 5100 ἐν
3643 5048 3728 5119 τῷ

461 5148 552 5206 Dei
579 5150 740 5221 ejicio
761 5149 1024 5205 daemonia
1038 5149 1151 5213 ⁸⁶;ι
1183 5150 1235 5204 id
1262 5152 1402 5221 quod
1430 5152 1565 5208 alius
1585 5152 2024 5223 evangelistaﬂn

2137 5148 2385 5221 δακτύλῳ
2416 5148 2550 5202 Θεοῦ
2579 5147 2826 5202 ἐκϐάλλω
2850 5148 2920 5200 τὰ
2941 5145 3249 5218 δαιμόνιαη
3273 5145 3411 5214 ὅπερ
3443 5143 3599 5204 ἄλλος
3627 5142 3727 5194 εὑ-

460 5240 663 5311 Spiritu
697 5239 790 5295 Dei
815 5260 834 5294 ι
866 5239 1016 5296 dicit.
1046 5238 1139 5294 Sic
1168 5240 1293 5295 item
1326 5243 1602 5298 dexteram
1643 5244 2024 5315 brachiumun

2139 5241 2490 5315 αγγελιστὴς,
2521 5261 2539 5295 ι
2580 5245 2637 5297 ὲν
2660 5242 2938 5313 Πνεύματι
2967 5239 3158 5306 Θεοῦ,ι
3194 5237 3366 5293 εἶπεν.
3403 5236 3634 5308 ὐμοξως
3663 5235 3726 5289 δὲ

531 5395 580 5430 ⁸³
600 5394 763 5453 Hebr.
794 5413 858 5465 tt,
889 5398 975 5452 M.
1055 5399 1102 5431 "
1123 5397 1254 5454 [.uc.
1290 5413 1362 5463 xt,
1393 5397 1484 5451 20.
1561 5397 1606 5430 ⁵⁷
1631 5398 1821 5454 Matth.
1857 5414 1951 5466 xu,
1973 5398 2066 5455 28.

531 5550 608 5621 (i)
646 5551 724 5605 Ex
752 5553 956 5622 synodo
1001 5549 1293 5622 Byzantina
1334 5553 1597 5622 adversus
1621 5552 2029 5609 Pneunlatoma-

464 5618 601 5690 chos:
625 5636 712 5690 ap.
745 5618 866 5684 Mai,
903 5618 1088 5690 Spici’i.
1121 5619 1272 5675 Rom.
1301 5621 1370 5686 Χ,
1403 5622 1493 5677 40.

535 5687 612 5757 (2)
655 5689 835 5744 Sancti
879 5687 1064 5760 Cvrilli
1108 5706 1388 5760 sermones
1427 5693 1808 5750 antirrheticos
1848 5694 2034 5748 laudat

468 5757 802 5826 Ephracmius
843 5757 1151 5828 patriarcha
1192 5759 1558 5819 Autiochenus
1601 5767 1739 5833 apud
1783 5761 2048 5820 Photium‘

2135 5556 2256 5628 cod.
2288 5568 2506 5628 count,
2541 5555 2644 5628 col.
2675 5551 2779 5606 793
2814 5551 2906 5628 tiu.
2936 5567 2951 5605 :
2984 5548 3250 5628 Κύριλλος
3285 5550 3342 5628 sv
3378 5547 3499 5628 τᾳῖς
3541 5545 3723 5628 ἀχυρ-

2173 5624 2327 5693 ήσεσί
2359 5614 2512 5693 φησι.
2537 5622 2856 5693 Cmteroqui
2877 5614 3234 5693 confegendus
3266 5625 3348 5671 est
3384 5617 3536 5693 idem
3556 5614 3725 5693 Cyril-

2138 5625 2327 5746 fﬁaeoi
2359 5641 2512 5693 φησι.
2543 5625 2840 5691 Cmteroqui
2877 5625 3234 5674 conferendus
3266 5625 3348 5671 est
3384 5625 3523 5671 itlmn
3556 5625 3718 5683 L‘yril-

2159 5710 2219 5746 us
2255 5694 2390 5766 ()pp.
2427 5705 2466 5766 ι.
2507 5692 2550 5746 V
2587 5693 2754 5766 [nunc
2791 5689 2927 5766 Vill]
2956 5685 3557 5766 iu_'[hesauro,gp.‘_§59.
3583 5685 3718 5740 Item

2140 5765 2280 5832 apud
2304 5756 2407 5820 nos
2439 5765 2492 5820 in
2523 5756 2927 5821 coinmentario'
2951 5758 3019 5815 ad
3050 5757 3253 5814 Lucam
3288 5761 3372 5820 xi,
3401 5756 3491 5810 20.
