4072 6346
670 341 728 395 Η
1656 334 1714 389 S.
1750 330 2024 390 CYRIIJJ
2056 329 2235 389 ALEX

2347 329 2525 388 DRIM
2560 329 2879 386 ARCHIEP.
3835 328 3899 381 19

667 451 842 509 sauris
862 449 1118 517 condunt,
1144 448 1336 519 sicque
1356 447 1587 517 gaudent
1610 447 1662 500 in
1692 447 1758 500 iis
1783 462 1900 516 quae
1922 463 1986 501 ex
2012 447 2227 501 solertia

2347 448 2527 508 ἰενται,
2581 445 2674 497 καὶ
2720 443 2838 496 λίαν
2886 443 3173 510 ἀσμένως·
3221 444 3314 496 καὶ
3342 447 3450 506 τοῖς
3505 443 3760 497 ἐσωτάτω
3805 443 3903 513 τῆς

668 542 1002 610 collegerint,
1034 551 1090 594 ut
1118 539 1206 593 alii
1248 540 1462 605 quidam
1493 534 1780 590 saeculares
1813 550 1935 588 cum
1968 534 2049 588 vel
2086 533 2228 586 ludi-

667 650 759 690 cas
787 646 1028 702 gemmas
1073 630 1157 686 vel
1181 644 1369 684 aurum
1406 628 1562 682 avide
1583 625 1942 688 cumularunt,
1971 625 2078 678 imo
2104 639 2231 679 vero

668 725 835 779 multo
863 723 1032 794 magis
1073 739 1085 775 :
1122 719 1501 777 tPrzestantior
1534 717 1675 772 enim
1706 723 1788 770 est
1808 715 2066 786 sapientia
2104 713 2231 783 lapi-

669 816 824 869 dihus
860 813 1138 883 pretiosis,
1174 821 1228 866 et
1272 825 1431 865 omne
1457 807 1711 863 eximium
1747 822 1854 862 non
1889 815 1971 861 est
2019 806 2107 859 illa
2152 805 2233 860 di-

668 919 885 974 gnum,»
910 903 1050 958 sicut
1073 902 1332 972 scriptum
1368 898 1510 954 est‘.
1550 899 1810 968 Oportere
1841 907 2018 951 autem
2041 911 2232 952 censeo

671 994 942 1062 sapientes
991 993 1140 1046 viros
1181 1000 1236 1045 et
1282 989 1530 1052 solertes,
1568 1003 1631 1042 ac
1680 989 1981 1042 divinorum
2020 987 2232 1054 dogma-

671 1097 784 1140 tum
825 1083 1050 1153 peritos,
1082 1081 1199 1149 ejus
1225 1089 1525 1150 opportune
1555 1077 1863 1132 meminisse
1892 1078 1943 1147 2
1968 1077 2108 1145 quod
2153 1087 2234 1131 est

670 1190 698 1228 a
728 1174 959 1244 quodam
989 1187 1018 1228 e
1049 1171 1251 1226 sanctis
1282 1169 1562 1240 discipulis
1598 1169 1858 1237 scriptum
1895 1187 1905 1220 :
1940 1188 1956 1220 ι
1989 1167 2228 1234 Fratres,

672 1265 891 1333 probate
936 1262 1162 1332 spiritus
1206 1261 1249 1315 si
1278 1275 1344 1315 ex
1375 1260 1484 1314 Deo
1520 1261 1708 1315 sunt“.
1741 1277 1759 1308 ι
1797 1258 1992 1312 Beatus
2022 1273 2234 1327 quoque

670 1357 870 1411 l'aulus
897 1357 1126 1410 donatas
1155 1368 1273 1408 esse
1308 1353 1510 1408 sanctis
1537 1351 1842 1406 hominibus
1870 1353 1998 1406 dicit
2030 1351 2232 1406 discre-

670 1448 845 1501 tiones
869 1446 1152 1516 spirituum
1174 1445 1261 1498 3".
1279 1444 1412 1499 Nam
1444 1444 1534 1512 qui
1565 1445 1767 1508 dicunt,
1789 1439 2233 1502 DominusJesus,

669 1539 724 1594 id
765 1553 870 1592 non
927 1536 1081 1590 aliter
1113 1548 1274 1603 quam
1322 1547 1416 1600 per
1463 1531 1722 1600 Spiritum
1774 1539 2018 1584 sanctum
2051 1530 2235 1597 utique

673 1633 853 1687 dicent
882 1643 896 1682 :
929 1636 985 1681 at
1009 1639 1138 1680 vero
1163 1624 1252 1695 qui
1277 1639 1340 1679 ex
1375 1622 1645 1692 imperitia
1667 1621 2032 1690 blasphemam
2062 1620 2115 1672 in
2143 1633 2235 1674 eos

675 1722 911 1790 linguam
955 1718 1160 1780 laxant,
1196 1723 1252 1769 et
1281 1714 1387 1768 illis
1415 1713 1541 1782 quia
1575 1720 1721 1766 recte
1756 1725 1948 1780 sapere
1977 1710 2234 1763 decreve-

2335 536 2538 589 ἑαυτῶν
2573 535 2748 605 ψυχῆς
2789 534 3196 588 ὲναποκλείουσι
3233 533 3522 604 θησαυροῖς
3543 551 3557 564 ο
3584 536 3902 602 ὲπιγάννυν-

2334 641 2423 677 ται
2446 623 2501 676 δὲ
2539 621 2681 674 οὕτω
2709 624 2821 684 τοῖς
2857 621 2915 687 ἐξ
2940 621 3204 691 εὐμαθίας
3228 623 3680 693 συνειλεγμένοις,
3708 625 3905 675 ὡσανεὶ

2334 733 2424 767 κα.
2465 730 2612 777 τινες
2643 712 2820 783 ἕτεροι
2854 713 2962 766 τῶν
2997 713 3139 766 κατὰ
3174 714 3264 766 τὸν
3309 713 3442 782 βίον,
3483 713 3514 782 ἣ
3546 713 3725 776 λίθους
3756 715 3907 777 τινάς

2347 805 2569 868 Ἰνδικὰς
2603 806 2635 875 ἢ
2685 805 2879 876 χρυσὸν
2921 803 3213 874 ἀπλήστως
3248 804 3734 874 συναγηγερκότες,
3773 804 3909 873 μᾶλ-

2334 896 2424 949 λον
2456 897 2534 960 δὲ,
2561 899 2654 949 καὶ
2683 896 2763 949 ἔτι
2796 896 3387 968 μειζόνωςίΚρεῖσσον
3420 895 3527 966 γὰρ
3562 895 3721 963 σοφία
3746 895 3909 948 λίθων

2335 985 2674 1039 πολυτελῶν·
2700 989 2807 1040 πᾶν
2843 988 2899 1040 δὲ
2943 987 3142 1056 τίμιον,
3184 987 3281 1039 οὐκ
3313 986 3460 1049 ἄξιον
3486 986 3678 1055 αὐτῆς,
3709 1006 3727 1038 ι
3765 987 3910 1040 καθά

2337 1079 2663 1147 γέγραπται.
2696 1079 2907 1148 Χρῆναι
2928 1079 2982 1132 δέ
3011 1095 3152 1149 φημι
3178 1079 3324 1142 τοὺς,
3350 1079 3506 1148 οἵπερ
3527 1077 3592 1131 ἂν
3624 1080 3773 1146 σοφοὶ
3793 1078 3906 1149 [ῐσ.

2337 1164 2437 1221 ὦσι
2467 1168 2664 1239 σοφο“ι],
2700 1169 2794 1222 καὶ
2822 1170 3090 1238 ἀγχίνοοι,
3124 1169 3220 1222 καὶ
3273 1169 3382 1222 τῶν
3421 1169 3580 1222 θείων
3625 1169 3911 1239 δογμάτων

2337 1261 2740 1331 ἐπιστήμονες,
2789 1261 3191 1331 διαμεμνῆσθαι
3234 1261 3523 1332 χρησίμως
3571 1262 3911 1328 γεγραφότος

2335 1350 2481 1412 τινὸς
2517 1351 2625 1404 τῶν
2657 1351 2829 1418 ἁγίων
2888 1350 3144 1420 μαθητῶν
3166 1366 3181 1381 ο
3230 1369 3247 1401 t
3283 1351 3554 1420 ’Δδελφοὶ,
3589 1349 3908 1419 δοκιμάζετε

2337 1443 2405 1495 τά
2434 1443 2746 1512 πνεύματα,
2779 1446 2824 1496 εἰ
2859 1444 2922 1494 ἐκ
2956 1442 3047 1496 τοῦ
3081 1443 3214 1496 Θεοῦ
3248 1444 3374 1497 είσι.
3415 1462 3432 1494 ι
3475 1443 3820 1514 Δεδωρῆσθαι
3849 1443 3908 1494 δὲ

2336 1540 2448 1599 τοῖς
2487 1536 2664 1603 ἁγίοις
2703 1538 2836 1604 φησὶ
2867 1538 2960 1588 καὶ
2988 1537 3015 1587 ὁ
3045 1535 3329 1598 Θεσπέσιος
3361 1535 3570 1598 Παῦλος
3608 1537 3912 1605 διακρίσεις

2338 1629 2682 1697 πνευμάτων.
2709 1629 2767 1681 Οἱ
2797 1628 2893 1696 μὲν
2920 1629 3026 1698 γάρ
3053 1627 3320 1695 λέγοντες,
3345 1627 3425 1680 ὅτι
3447 1626 3651 1697 Κύριος
3684 1628 3910 1698 Ἰησοῦς,

2338 1720 2492 1785 φαῖεν
2525 1718 2590 1771 ἂν
2621 1719 2719 1788 οὐχ
2773 1718 2972 1788 ἑτέρως
3003 1718 3156 1781 αὐτὸ,
3194 1717 3331 1787 πλὴν
3368 1719 3448 1770 ὃτι
3484 1717 3571 1770 διὰ
3617 1717 3709 1770 τοῦ
3751 1719 3912 1786 ἁγίου

679 1824 828 1877 runt,
881 1811 1265 1883 prOpemodum
1317 1809 1504 1862 dicunt
1579 1808 1867 1860 anathema
1921 1803 2127 1867 Jesum,
2182 1803 2233 1854 id

2347 1809 2690 1874 [Ινεύματοςο
2728 1808 2782 1858 οἵ
2806 1825 2869 1872 γε
2912 1809 3016 1875 μὴν
3046 1808 3105 1872 ἐξ
3138 1808 3376 1877 ἀμαθίας
3422 1808 3777 1878 παλίμφημον
3820 1810 3910 1860 ἐπ’

673 1907 857 1973 utique
899 1917 963 1956 ex
995 1898 1293 1954 Beelzebub
1325 1898 1582 1951 instinctu
1613 1897 1834 1948 faciunt.
1866 1894 2092 1963 Oportet
2131 1893 2236 1960 igi-

674 2005 762 2048 tur
803 2001 862 2046 ut
912 1989 1192 2045 exercitati
1249 1987 1315 2040 ad
1360 1985 1539 2041 omnia
1587 1983 1856 2037 subtiliter
1901 1992 1954 2034 et
1986 1991 2239 2035 accurate

676 2081 973 2155 probanda,
1020 2087 1074 2132 et
1113 2074 1354 2147 pervigili
1408 2083 1621 2128 utentes
1665 2071 1843 2126 animo
1883 2070 2236 2139 quorumdam

675 2173 876 2240 scripta
908 2170 1168 2238 legamus,
1215 2177 1270 2221 et
1307 2165 1436 2234 quid
1471 2164 1538 2218 de
1567 2171 1750 2218 nostro
1780 2163 2021 2216 omnium
2055 2160 2239 2215 Salva-

679 2275 795 2319 tore
857 2262 1074 2317 Christo
1127 2259 1455 2328 loquantur,
1504 2255 1791 2326 diligenter
1849 2253 2236 2322 exquiramus,

675 2353 995 2424 optimeque
1025 2350 1300 2404 imitemur
1336 2347 1746 2416 probatissimos
1791 2360 1854 2399 ae
1881 2344 2240 2414 peritissimos

679 2443 1086 2506 nummularius,
1122 2441 1212 2511 qui
1264 2439 1462 2508 probos
1506 2451 1755 2491 nummos
1797 2436 2110 2498 admittunt,
2140 2433 2242 2487 fal-

678 2550 767 2592 sos
817 2547 994 2589 autem
1047 2543 1100 2588 et
1152 2531 1482 2596 adulteratos
1543 2530 1783 2583 studiose
1828 2526 2098 2596 rejiciunt.
2162 2527 2241 2580 Ad

679 2641 838 2696 quam
895 2638 1008 2678 rem
1061 2637 1157 2676 nos
1200 2622 1389 2676 beatus
1422 2620 1622 2674 Paulus
1667 2620 1958 2681 hortatur,
2009 2617 2238 2670 dicens:

684 2734 703 2767 ι
733 2715 914 2769 Estote
960 2711 1111 2778 probi
1161 2709 1505 2764 nummularii
1541 2726 1555 2762 :
1587 2708 1764 2762 omnia
1808 2708 2051 2775 probate,
2105 2706 2244 2773 quod

680 2810 879 2863 bonum
902 2813 985 2860 est
1009 2811 1215 2858 tenete:
1248 2802 1314 2855 ab
1351 2801 1496 2855 omni
1530 2799 1710 2869 specie
1741 2798 1878 2852 mala
1903 2797 2186 2852 abstinete.
2220 2814 2237 2846 ι

683 2899 776 2954 Est
802 2897 965 2952 etiam
1002 2895 1198 2963 alioqui
1253 2902 1408 2961 turpe
1444 2894 1495 2945 in
1543 2889 1734 2959 primis
1771 2898 1827 2943 et
1850 2886 2168 2948 absurdum,
2199 2886 2244 2938 si

680 3003 805 3044 cum
851 2988 904 3041 in
950 2987 1111 3038 rebus
1156 2983 1223 3036 ad
1271 2982 1411 3035 hanc
1447 2981 1610 3034 vitam
1659 2978 2054 3047 pertinentibus
2101 2975 2246 3028 nttllu

681 3076 843 3132 modo
869 3074 1007 3144 quod
1037 3072 1088 3125 in
1120 3086 1231 3125 rem
1258 3070 1326 3123 sit
1358 3067 1624 3137 negligere
1650 3066 1949 3128 videamur,
1983 3063 2089 3115 imo
2120 3075 2246 3114 vero

2337 1897 2519 1958 αὐτοῖς
2571 1896 2818 1964 γλῶσσαν
2872 1897 3110 1961 ἀνέντες,
3164 1898 3256 1950 καὶ
3298 1898 3365 1949 δι’
3408 1892 3482 1950 ὧν
3527 1898 3659 1966 ὀρθά
3694 1901 3913 1967 φρονεῖν

2337 1985 2609 2055 ἐγνώκασι
2635 2023 2650 2049 ,
2712 1985 2992 2054 μονονουχὶ
3037 1985 3287 2053 λέγοντες
3325 1987 3588 2055 ,ἀνάθεμα
3666 1985 3908 2055 Ἰησοῦν,

2338 2077 2493 2130 τοῦτο
2511 2077 2682 2148 δρῷεν
2705 2077 2792 2139 ἀν,
2809 2077 2884 2137 ὡς
2904 2077 3009 2128 ἀπό
3031 2094 3094 2144 γε
3113 2076 3206 2128 τοῦ
3226 2076 3572 2140 Βεελζεὸούλ.
3603 2078 3694 2128 Δεῖ
3726 2075 3790 2146 δὴ
3815 2073 3915 2128 οῦν

2341 2167 2445 2237 ἄρα
2467 2165 2678 2229 λεπτῶς
2697 2183 2756 2218 τε
2778 2166 2873 2219 καὶ
2888 2165 3341 2235 διεσμιλευμένως
3362 2166 3670 2236 δοκιμάζειν
3696 2168 3914 2221 ᾶπαντα

2348 2259 2823 2328 μεμελετηκότας,
2874 2260 2967 2310 καὶ
3017 2257 3091 2327 νῷ
3147 2258 3555 2328 διεγηγερμένῳ
3598 2260 3916 2328 χρωμένους

2343 2349 2759 2417 περιτυγχάνειν
2802 2348 2949 2418 ἡμᾶς
2987 2350 3101 2410 τοῖς
3133 2364 3294 2400 τινων
3343 2349 3768 2418 συγγράμμασι,
3816 2351 3915 2402 καὶ

2345 2434 2651 2505 βασανίζειν
2676 2436 2960 2506 εὐτέχνως,
2988 2436 3193 2506 οὕσπερ
3216 2437 3280 2490 ἂν
3306 2440 3538 2490 ποιοῖντο
3568 2438 3755 2506 λόγους
3781 2441 3917 2509 περὶ

2343 2525 2436 2580 τοῦ
2455 2527 2669 2581 πάντων
2694 2528 2848 2597 ἡμῶν
2870 2527 3117 2598 Σωτῆρος
3135 2527 3372 2598 Χριστοῦ
3395 2547 3405 2558 ·
3433 2530 3830 2599 ἀπομιμεῖσθαί
3850 2547 3916 2583 τε

2346 2619 2438 2670 καὶ
2476 2617 2619 2686 μάλα
2649 2617 2841 2687 ὀρθῶς,
2875 2619 3000 2680 τοὺς
3031 2619 3110 2670 ὅτι
3148 2618 3210 2689 δὴ
3249 2618 3480 2688 μάλιστα
3507 2619 3781 2691 δοκίμους,
3817 2622 3917 2674 καὶ

2345 2711 2766 2780 ἐμπειροτάτους
2790 2712 2896 2765 τῶν
2917 2714 3368 2783 ἀργυροπρατῶν,
3391 2715 3439 2767 οἳ
3474 2716 3783 2785 προσίενται
3814 2717 3920 2785 μὲν

2345 2800 2452 2853 τῶν
2483 2802 2831 2870 νομισμάτων
2861 2806 2922 2855 τὸ
2955 2805 3297 2874 εὐδοκιμοῦν,
3326 2806 3631 2876 ἀπόϐλητον
3659 2807 3713 2859 δὲ
3744 2812 3920 2860 ποιεῖ-

2348 2891 2468 2943 σθαι
2509 2892 2868 2957 σπουδάζουσι
2894 2894 2951 2947 τὸ
2982 2896 3334 2966 παράσημον,
3367 2898 3458 2950 καὶ
3491 2899 3920 2968 μεμωμημένον.

2348 2981 2452 3033 Καὶ
2487 2980 2619 3050 ζρός
2652 2999 2713 3050 γε
2763 2982 2920 3035 τοῦτο
2964 2985 3111 3054 ἡμᾶς
3145 2989 3172 3038 ό
3205 2988 3467 3058 μακάριος
3499 2989 3705 3053 Παῦλος
3745 3007 3926 3058 παρα-

2349 3070 2525 3142 θήγει,
2569 3072 2770 3140 λέγων’
2822 3092 2839 3122 ι
2885 3073 3100 3126 Γίνεσθε
3136 3077 3391 3146 τρόφιμοι
3438 3079 3512 3146 (1)
3562 3080 3881 3147 τραπεζῖται
3909 3097 3924 3111 ⁸

681 3168 898 3238 plurimi
948 3163 1122 3218 facere
1168 3161 1482 3216 studeamus
1523 3172 1586 3212 ea
1625 3171 1854 3226 quorum
1915 3169 2017 3221 ope
2059 3154 2241 3221 splen-

2349 3163 2521 3214 πάντα
2553 3163 2896 3232 δοκιμάζετε,
2928 3166 2987 3217 τὸ
3018 3166 3180 3218 καλὸν
3235 3169 3522 3237 κατέχετε·
3573 3170 3680 3221 ἀπὸ
3720 3172 3930 3233 παντὸς

685 3260 806 3316 dide
833 3258 1011 3312 vivere
1037 3255 1216 3318 liceat,
1249 3267 1334 3308 res
1359 3251 1596 3306 vicissim
1631 3250 1763 3303 adeo
1795 3260 1978 3302 sacras
2006 3254 2247 3299 contem-

685 3363 898 3412 namus,
938 3357 993 3401 et
1019 3346 1245 3399 salutem
1285 3342 1477 3396 anima:
1515 3356 1610 3409 pro
1639 3339 1805 3391 nihilo
1842 3339 2120 3397 ducamus,
2156 3335 2248 3386 sed

685 3441 833 3494 illam
860 3439 911 3491 in
946 3436 1129 3490 foveas
1157 3446 1212 3487 et
1236 3447 1448 3486 manum
1481 3429 1820 3498 dejiciamus,
1854 3427 1978 3476 dttm
2005 3437 2250 3490 quocun-

686 3545 790 3600 que
840 3529 1050 3581 libitum
1103 3524 1262 3576 fnerit
1299 3522 1364 3575 iis
1398 3520 1487 3588 qui
1531 3517 1676 3585 loqui
1708 3515 1942 3585 gestiunt
1988 3528 2109 3580 qua:
2144 3527 2248 3565 non

686 3617 956 3679 convenit,
1006 3612 1318 3682 projicimus
1363 3608 1599 3661 animum
1649 3619 1678 3658 a
1714 3617 1841 3657 vero
1871 3601 2251 3670 conspiciendo

686 3711 953 3773 clausum,
991 3722 1053 3760 ac
1086 3705 1354 3758 uolentem
1404 3700 1700 3767 inquirere,
1735 3696 1862 3764 quid
1895 3710 1925 3748 e
1976 3695 2137 3747 rebus
2183 3691 2252 3745 Ie-

688 3801 790 3856 ctia
812 3809 1017 3855 rectum
1044 3799 1113 3849 sit
1144 3803 1198 3848 et
1225 3792 1376 3858 utile,
1408 3791 1537 3860 quid
1574 3790 1700 3844 item
1732 3801 2069 3857 perversum,
2101 3793 2154 3838 et
2186 3783 2252 3837 ab

689 3899 941 3945 accurata
993 3888 1173 3957 regula
1209 3887 1522 3952 dOgmatum
1576 3881 1832 3941 alienum,
1886 3889 1940 3932 et
1983 3877 2251 3943 iacturam

691 3981 928 4036 inferens
961 3993 1081 4047 quae
1125 3975 1190 4030 ad
1223 3976 1395 4045 ipsam
1430 3973 1697 4042 pertineat
1725 3970 1982 4029 animam,
2018 3983 2114 4036 pro
2150 3981 2252 4034 qua

689 4070 911 4140 aqualis
952 4067 1302 4122 commutatio
1333 4066 1478 4122 nulla
1524 4075 1607 4118 est
1659 4064 1797 4132 apud
1847 4076 1941 4115 eos
1983 4070 2131 4113 certe
2164 4059 2252 4126 qui

691 4163 975 4232 sapiunt”.
1010 4160 1385 4214 Exatninanda
1417 4165 1544 4212 sunt
1577 4155 1756 4224 igitur,
1800 4163 1856 4207 et
1881 4152 2098 4221 quidem
2126 4150 2255 4204 sub—

692 4253 958 4315 tilissime,
983 4265 1100 4320 qua:
1123 4249 1186 4303 de
1219 4249 1414 4303 divinis
1446 4246 1787 4315 dogmatibus
1812 4243 2122 4296 scribuntur
2152 4259 2166 4293 :
2194 4254 2257 4294 ac

694 4343 739 4396 si
772 4341 892 4411 quis
926 4351 1074 4393 recto
1110 4340 1301 4393 itinere
1349 4337 1416 4391 ad
1451 4351 1673 4402 scopum
1719 4347 1996 4388 sacrarunt
2032 4330 2255 4384 Littera-

695 4450 812 4488 rum
858 4431 1045 4497 tendit,
1079 4441 1132 4484 et
1178 4440 1380 4485 certam
1434 4428 1484 4480 in
1537 4428 1619 4481 his
1669 4439 1963 4493 veramque
2006 4423 2254 4476 semitam

692 4525 982 4594 percurrit,
1035 4523 1079 4577 is
1115 4533 1427 4575 nostrarum
1475 4532 1693 4586 quoque
1736 4516 2125 4570 sententiarum
2179 4528 2256 4566 rc-

693 4621 836 4670 ctum
890 4613 1005 4680 ejus
1053 4613 1156 4664 iter
1199 4608 1617 4679 approbantium
1668 4608 1852 4674 plausu
1904 4607 2251 4674 excipiatur:

693 4705 832 4773 quod
865 4704 907 4757 si
963 4702 1210 4768 frigidam
1261 4710 1316 4754 et
1365 4701 1596 4764 l'utilem,
1628 4707 1684 4751 et
1723 4699 2095 4762 adulteratam,
2148 4697 2254 4749 imo

696 4813 823 4851 vero
855 4797 1017 4851 etiam
1048 4794 1406 4861 perniciosam
1441 4791 1743 4861 legentibus
1767 4790 2070 4844 orationem
2101 4791 2252 4852 texit,

695 4887 876 4942 audiat
904 4884 970 4938 ab
1007 4885 1254 4937 omnibus
1285 4897 1299 4936 :
1335 4901 1352 4933 ι
1387 4883 1492 4937 Sed
1535 4882 1687 4936 nobis
1723 4880 2035 4949 loquamini,
2071 4891 2126 4934 et
2155 4895 2255 4932 an-

768 5065 782 5093 '
813 5061 968 5119 Prov.
1005 5077 1088 5126 ιιι,
1124 5058 1290 5114 14-15
1324 5076 1338 5124 ;
1376 5057 1598 5122 vttt,19.
1677 5054 1736 5107 Ἰ
1777 5055 1928 5110 Joan.
1959 5072 2031 5120 tv,
2068 5057 2120 5111 »1.

2198 5056 2265 5086 ³·⁵
2295 5056 2312 5109 1
2341 5057 2462 5113 Cur.
2502 5075 2601 5122 χιι,
2643 5061 2725 5113 ll).

2352 3255 2523 3316 εἴδους
2567 3254 2802 3322 πονηροῦ
2831 3257 3120 3323 ἀπέχεσθε.
3161 3277 3179 3307 ι
3218 3259 3372 3308 Ἔστι
3410 3260 3464 3309 δὲ
3501 3259 3564 3327 δὴ
3597 3261 3690 3311 καὶ
3721 3261 3930 3329 ἑτέρως

2352 3343 2683 3411 πάναισχρὸν
2716 3359 2774 3394 τε
2798 3343 2890 3394 καὶ
2926 3344 3176 3406 ἀκαλλὲς,
3205 3347 3296 3397 ἐπὶ
3340 3347 3437 3416 μὲν
3467 3351 3579 3410 τοῖς
3612 3350 3748 3401 κατὰ
3775 3351 3930 3402 τόνδε

2350 3432 2440 3484 τὸν
2473 3433 2584 3500 βίον
2629 3435 2918 3502 πράγμασι
2970 3435 3088 3487 κατ’
3127 3434 3314 3487 οὐδένα
3355 3437 3554 3506 τρόπον
3586 3439 3733 3506 ἡμᾶς
3779 3440 3938 3507 ἠφεί-

2351 3522 2583 3592 δηκότας
2616 3524 2844 3593 ὁρᾶσθαι
2895 3524 2988 3576 τοῦ
3028 3524 3310 3588 τελοῦντος
3348 3527 3427 3588 είς
3475 3526 3690 3595 ὄνησιν,
3732 3533 3934 3599 πειρᾶ-

2355 3613 2475 3665 σθαι
2503 3613 2558 3666 δὲ
2593 3614 2790 3683 μᾶλλον
2828 3616 2955 3686 περὶ
2988 3616 3179 3669 πολλοῦ
3230 3619 3497 3670 ποιεῖσθαι
3551 3618 3722 3685 φιλεῖν
3763 3619 3831 3672 τὰ
3860 3620 3934 3671 δι’

2354 3697 2427 3754 ὧν
2461 3703 2525 3756 ἂν
2571 3705 2781 3771 γένοιτο
2830 3705 3020 3773 βιῶναι
3065 3706 3367 3778 λαμπρῶς
3421 3708 3685 3778 ἀλογῆσαι
3719 3709 3773 3762 δὲ
3819 3711 3935 3763 τῶν

2353 3795 2495 3848 οὕτω
2526 3798 2769 3858 σεπτῶν,“
2787 3800 2880 3849 καὶ
2909 3798 3174 3851 ποιεῖσθαι
3205 3800 3333 3868 παρ’
3351 3800 3502 3851 οὐδὲν
3523 3800 3618 3870 τὴν
3640 3801 3739 3870 τῆς
3753 3803 3936 3871 ψυχῆς

2357 3887 2629 3958 σωτηρίαν
2652 3904 2663 3917 ·
2697 3887 2910 3958 βάθροις
2932 3905 2988 3940 τε
3027 3889 3197 3958 αὐτὴν
3225 3889 3556 3956 ὲγκαθιέναι,
3584 3892 3679 3944 καὶ
3697 3891 3934 3961 τέλμασι

2356 3976 2490 4046 πρὸς
2524 3977 2584 4030 τὸ
2627 3978 2817 4032 δοκοῦν
2851 3979 3036 4041 ἁπλῶς
3087 3982 3201 4040 τοῖς
3251 3979 3495 4033 ἐθέλουσι
3544 3981 3744 4045 λαλεῖν,
3786 3981 3823 4036 ἃ
3853 3984 3937 4054 μὴ

2357 4069 2653 4140 προσῆκεν,
2686 4069 2797 4122 ἔσθ’
2837 4071 2925 4122 ὅτε
2967 4071 3486 4141 παραρριπτοῦντας
3531 4072 3621 4124 τὸν
3657 4071 3799 4139 νοῦν,
3829 4076 3939 4127 οὐκ

2357 4159 2665 4228 άναμύοντα
2698 4160 2833 4230 πρὸς
2865 4160 2925 4212 τὸ
2954 4160 3153 4230 ἀληθὲς
3174 4203 3187 4227 ,
3221 4160 3341 4213 οὔτε
3387 4162 3494 4232 μὴν
3536 4162 3789 4217 ἐθέλοντα
3831 4181 3940 4217 πο-

2358 4249 2781 4319 λυπραγμονεῖν,
2809 4251 2860 4303 τί
2890 4251 2988 4319 μέν
3015 4255 3129 4305 ἐστι
3159 4252 3266 4304 τῶν
3296 4253 3719 4324 ἀνεγνωσμένων
3746 4256 3935 4327 ὀρθὸν,

2358 4339 2450 4390 καὶ
2480 4337 2823 4407 ὀνησιφόρον,
2851 4340 2905 4390 τί
2940 4339 2997 4391 δὲ
3043 4339 3105 4408 δὴ
3133 4341 3191 4392 τὸ
3223 4340 3566 4410 διάστροφον,
3597 4345 3690 4395 καὶ
3726 4344 3938 4414 δογμα-

2361 4433 2519 4498 τικῆς
2567 4431 2850 4501 ἀκριϐείας
2905 4431 3263 4500 ὲπιὸεὸηκὸς,
3296 4433 3389 4485 καὶ
3437 4434 3638 4503 ζημίαν
3674 4436 3941 4505 ἐμποιοῦν

2361 4523 2550 4591 τὴνείς
2571 4522 2740 4590 αὐτὴν
2767 4522 2982 4593 ὁρῶσαν
3007 4523 3204 4593 ψυχὴν,
3230 4519 3297 4594 ἧς
3321 4525 3568 4588 ἀντάξιον
3587 4527 3758 4590 οὐδὲν,
3783 4530 3944 4600 παρά

2364 4627 2426 4678 γε
2447 4615 2557 4674 τοῖς
2591 4613 2799 4682 ἀρτίοις
2827 4613 2925 4684 τὴν
2963 4616 3153 4684 φρένα.
3181 4617 3544 4685 Δοκιμαστέου
3568 4613 3659 4670 οὖν
3683 4617 3812 4689 ἄρα,
3842 4624 3943 4674 καὶ

2364 4703 2480 4755 λίαν
2524 4704 2736 4773 ἰσχνῶς,
2771 4704 2865 4768 τὰς
2903 4707 3029 4775 περ)⁵
3060 4706 3167 4758 τῶν
3199 4706 3356 4759 θείων
3384 4708 3667 4777 δογμάτων
3700 4727 3945 4782 συγγρα-

2365 4793 2469 4860 φάς
2490 4809 2502 4823 '
2531 4793 2630 4846 κᾶν
2658 4795 2756 4863 μέν
2784 4813 2867 4856 τις
2902 4795 2968 4847 ἴοι
2999 4798 3117 4848 κατ’
3143 4797 3269 4849 εὐθὺ
3295 4798 3386 4851 τοῦ
3413 4801 3615 4853 σκοποῦ
3639 4800 3742 4852 τῶν
3773 4802 3941 4872 ἱερῶν

2366 4884 2728 4954 Γραμμάτων,
2762 4888 2855 4938 καί⁵
2878 4888 2975 4954 τὴν
3004 4888 3060 4939 ἔν
3090 4906 3151 4956 γε
3175 4892 3412 4941 τουτοισὶ
3444 4892 3609 4962 σαφῆ,
3645 4894 3735 4946 καὶ
3762 4892 3944 4947 ἁπλα-

2799 5062 2819 5091 ⁵
2855 5061 3042 5116 Matth.
3075 5078 3181 5129 xu,
3212 5064 3300 5120 26.

1961 5211 2118 5263 ΛΝΤ.
2162 5212 2436 5268 AGELLII
2476 5214 2706 5270 NOTA‘J.

767 5376 846 5447 (1)
881 5375 1028 5431 Hanc
1061 5382 1380 5430 sententiam
1409 5370 1855 5447 Cyrillustribuit
1892 5373 2047 5447 beato
2083 5372 2246 5428 Paulo

695 5454 751 5498 et
776 5441 980 5499 citatur
1015 5457 1396 5512 nonnunquam
1431 5441 1463 5494 tt
1499 5441 2015 5512 veteribttsﬂGrmeis
2060 5455 2245 5497 aucto-

697 5517 867 5579 ribus,
904 5516 996 5569 sed
1033 5516 1154 5566 nulli
1192 5511 1340 5565 certo
1382 5512 1589 5564 auctori
1640 5511 1949 5565 ascribilur.
2001 5512 2095 5565 Ubi
2149 5529 2246 5565 att-

694 5594 804 5638 tem
853 5586 924 5639 sit
974 5589 1024 5636 in
1069 5583 1303 5652 Aposteli
1352 5581 1624 5652 Epistolis,
1662 5596 1765 5652 non
1791 5581 2105 5652 _inveni_tnr,
2144 5584 2243 5635 nisi

697 5658 835 5706 l'nrte
871 5664 1056 5706 auctor
1091 5647 1139 5705 in
1192 5647 1429 5718 Epistula
1475 5650 1645 5717 prima
1679 5651 1744 5701 :ul
1791 5647 2245 5706 TheSSalnnicen-

698 5740 786 5780 aes
815 5723 959 5778 illam
1000 5724 1202 5786 habuit,
1241 5728 1290 5774 in
1321 5737 1420 5789 qua
1453 5728 1572 5774 sunt
1607 5720 1766 5772 etiam
1799 5734 1914 5789 qua:
1941 5732 2241 5789 sequuntur

2348 5375 2530 5457 verba,
2580 5375 3070 5457 Otrtrtia__t_)robate,
3120 5379 3520 5457 elc.Qaaterum
3573 5386 3939 5457 Epiphanius,

2346 5449 2610 5527 adversus
2638 5450 3008 5527 Appelliatros,
3055 5450 3224 5527 refert
3269 5451 3510 5527 Apellem
3557 5449 3945 5526 in'EVangelio

2347 5517 2396 5591 id
2432 5517 2694 5583 scriptum
2741 5533 2861 5591 esse
2894 5519 3122 5591 dixisse,
3161 5521 3212 5572 in
3261 5535 3360 5591 suo
3408 5525 3678 5591 fortasse,
3717 5517 3825 5582 noii
3884 5530 3944 5579 in

2348 5585 2445 5638 hoc
2469 5597 2617 5641 certe
2645 5601 2751 5654 quo
2786 5587 3027 5641 Ecclesia
3064 5591 3260 5642 utitur.
3297 5588 3425 5645 Erat
3454 5607 3635 5650 autem
3666 5585 3721 5650 in
3751 5612 3948 5651 exem-

2344 5654 2585 5721 plaribus
2616 5657 3141 5735 iiriecisapégattmt,
3180 5673 3302 5735 cum
3347 5662 3427 5735 sit
3460 5663 3742 5735 legendum
3773 5667 3946 5730 ,δόκι-

2348 5741 2456 5791 μοι,
2493 5735 2547 5778 ul
2585 5729 2720 5781 citat
2751 5722 3086 5797 Epiphanius
3121 5722 3311 5782 eodem
3345 5722 3539 5787 libro."
3773 5722 3781 5730 ’
