4072 6346
204 401 268 453 r5
1287 382 1650 441 Αῡνειιευδ
1689 381 2086 441 NESTORIUM
2125 383 2254 440 LIB.
2294 385 2334 439 l.
2583 444 2589 451 ,
3372 385 3435 438 Η

203 519 464 587 νεστάτην
514 516 713 585 διᾴττοι
761 511 963 581 τρίϐον,
1019 507 1458 577 κατακροτείσθω
1511 503 1773 574 καὶπρὸς

1882 506 2120 559 nuntiate
2173 504 2326 557 nobis
2393 502 2551 555 aliam
2607 500 3042 557 seductionem‘.
3080 520 3097 551 ι
3150 499 3290 569 Ergo
3344 513 3432 554 aut

203 609 360 680 ἡμῶν
398 610 515 669 ταῖς
549 609 627 668 είς
661 604 927 674 ὀρθότητα
970 602 1204 669 ψήφοις·
1254 601 1300 649 εί
1334 599 1389 649 δὲ
1411 596 1637 666 ψυχρὸν,
1676 596 1769 647 καὶ

205 703 466 773 ἐξίτηλον,
499 701 591 754 καὶ
634 716 698 769 με
710 696 1063 768 μωμημένον,
1110 692 1307 763 μᾶλλον
1341 690 1395 742 δὲ
1424 690 1516 742 καὶ
1544 686 1767 757 ὀλέθρου

206 794 464 865 πρόξενον
521 794 631 853 τοῖς
684 787 1084 856 ἐντευξομένοις
1131 782 1405 849 ὲξυφαίνοι
1446 780 1537 833 τὸν
1590 778 1767 844 λόγον,

203 887 448 939 ἀκουέτω
502 883 652 952 παρὰ
702 880 917 933 πάντων
940 894 952 907 ·
992 896 1009 928 ι
1047 875 1205 930 Ἀλλὰ
1234 876 1364 943 ήμίν
1412 872 1640 935 λαλεῖτε,
1676 869 1769 921 καί

202 974 557 1043 ἀδαγγέλλετε
610 973 740 1042 ἡμῖν
800 970 989 1039 ἑτέραν
1054 966 1338 1036 πλάνησιν.
1382 982 1399 1015 ι
1466 960 1675 1016 Οὐκοῦν
1732 962 1765 1030 ἢ

204 1066 532 1117 ποιείτωσαν
563 1062 622 1113 τὸ
658 1061 872 1130 δένδρον
905 1057 1089 1120 καλὸν,
1125 1054 1333 1108 καὶτὸν
1364 1053 1571 1123 καρπὸν
1602 1048 1768 1105 αὑτοῦ

206 1154 388 1218 καλὸν,
412 1155 444 1225 ἢ
476 1154 798 1207 ποιείτωσαν
820 1150 881 1203 τὸ
908 1150 1126 1220 δένδρον
1159 1146 1387 1216 σαπρὸν,
1410 1143 1615 1196 καὶτὸν
1636 1158 1771 1212 καρ-

203 1248 306 1298 πὸν
348 1245 509 1298 αὐτοῦ
555 1244 779 1312 σαπρόν.
820 1260 837 1291 ι
880 1241 941 1292 Ὀ
976 1240 1073 1309 μὲν
1097 1236 1204 1306 γὰρ
1238 1236 1440 1304 ἀγαθὸς
1486 1234 1770 1304 ἄνθρωπος

204 1341 270 1392 ἐκ
316 1338 408 1391 τοῦ
458 1335 663 1404 ἀγαθοῦ
699 1330 976 1403 θησαυροῦ
1021 1329 1121 1398 τῆς
1169 1328 1400 1398 καρδίας
1443 1324 1607 1379 αὑτοῦ
1636 1342 1771 1395 προσ

203 1431 362 1499 φέρει
393 1430 457 1481 τά
483 1427 661 1494 ἀγαθά
681 1440 693 1452 ·
723 1425 750 1475 ό
777 1424 833 1476 δὲ
867 1421 1101 1491 πονηρὸς
1136 1419 1421 1486 ἄνθρωπος
1450 1419 1514 1471 ὲκ
1550 1415 1644 1470 τοῦ
1674 1433 1772 1469 πο-

202 1519 370 1591 νηροῦ
405 1515 678 1588 θησαυροῦ
709 1517 806 1584 τῆς
838 1512 1062 1581 καρδίας
1089 1508 1253 1562 αὐτοῦ
1287 1508 1550 1582 προφέρει
1579 1507 1650 1560 τά
1672 1523 1771 1559 πο-

202 1612 373 1679 νηρὰ,
412 1628 428 1658 ι
466 1608 606 1660 κατά
649 1623 709 1673 γε
757 1605 854 1674 τὴν
895 1601 1098 1670 ἀψευδῆ
1132 1599 1226 1653 τοῦ
1272 1601 1523 1671 Σωτῆρος
1563 1598 1766 1667 φωνήψ

206 1720 226 1748 ι
260 1699 534 1751 Ἐσκότισε
572 1694 800 1767 μὲνγὰρ
847 1696 875 1746 ὁ
920 1692 1049 1753 Θεὸς
1099 1691 1193 1743 τοῦ
1243 1689 1437 1749 αἰῶνος
1470 1686 1657 1740 τούτου
1704 1686 1773 1738 τὰ

1874 596 1925 665 3
1956 595 2153 649 faciant
2184 594 2430 649 arborem
2456 596 2672 656 bonam,
2707 603 2759 647 et
2789 592 3019 646 fructum
3055 590 3171 658 ejus
3197 594 3397 645 bonum
3423 610 3433 654 ;

1874 693 1966 737 aut
1998 681 2201 737 faciant
2234 683 2482 735 arborem
2534 680 2755 748 malam,
2805 690 2859 735 et
2888 680 3118 735 fructum
3165 681 3280 749 ejus
3327 697 3438 734 ma-

1873 772 1981 826 lum
2003 774 2042 825 ⁷.
2085 792 2101 823 (
2140 771 2319 826 Bonus
2355 773 2499 826 enim
2544 773 2704 827 homo
2747 773 2814 827 de
2859 775 3115 828 thesauro
3146 774 3325 827 cordis
3354 773 3436 826 sui

1872 862 2079 931 profert
2134 862 2271 916 bona
2310 861 2522 916 :malus
2575 872 2754 915 autem
2799 860 2960 915 homo
3009 875 3074 915 ex
3130 862 3270 916 malo
3324 863 3437 916 the-

1871 968 2034 1009 sauro
2065 954 2243 1009 cordis
2276 954 2357 1007 sui
2398 952 2601 1020 profert
2638 954 2810 1017 mala;
2844 971 2863 1003 ι
2896 962 2952 1006 ut
2987 954 3269 1008 verissime
3320 952 3436 1007 Sal-

1871 1051 2026 1095 vator
2066 1052 2248 1097 noster
2278 1043 2473 1097 dicit“.
2516 1061 2534 1093 ι
2564 1044 2885 1098 Obscuravit
2915 1044 3056 1095 enim
3096 1042 3236 1097 Deus
3280 1045 3438 1113 hujus

1872 1132 2054 1187 saeculi
2120 1142 2327 1189 mentes
2382 1133 2679 1188 infidelium
2741 1134 3155 1198 haereticorum,
3214 1144 3273 1187 ut
3334 1149 3437 1188 non

1872 1223 2075 1292 fulgeat
2135 1224 2459 1280 illuminatio
2517 1225 2792 1296 Evangelii
2850 1226 3033 1294 gloriae
3088 1225 3377 1281 Christi':
3414 1244 3433 1277 ι

1873 1313 2166 1382 multisque
2192 1315 2364 1369 modis
2393 1316 2442 1368 in
2475 1330 2715 1370 errorem
2753 1315 2970 1370 abducti
3004 1326 3149 1371 sunt.
3184 1314 3437 1370 Nonnulli

1873 1405 2015 1458 enim
2051 1404 2286 1458 Verbum
2330 1421 2393 1458 ex
2443 1406 2554 1460 Deo
2585 1406 2744 1460 Patre
2778 1409 3017 1478 genitum
3049 1408 3303 1464 Genitore
3336 1411 3436 1463 mi-

1875 1510 2058 1549 norem
2092 1510 2211 1550 esse
2246 1496 2453 1558 dicunt,
2487 1497 2696 1559 miseri,
2728 1506 2782 1552 et
2820 1508 3129 1552 extraneam
3158 1498 3436 1553 servilem-

1874 1603 1979 1655 que
2008 1601 2317 1641 mensuram
2361 1588 2433 1641 illi
2480 1587 2718 1642 tribucre
2753 1604 2856 1641 non
2901 1588 3146 1643 horrent.
3181 1591 3281 1643 Alii
3312 1603 3439 1643 vero

1877 1679 2098 1745 impium
2132 1691 2183 1733 et
2212 1678 2541 1734 ell'renatum
2572 1694 2634 1734 os
2665 1689 2936 1733 exacuunt
2970 1682 3227 1734 adversus
3264 1680 3438 1748 Spiri-

200 1790 451 1861 νοήματα
485 1787 592 1840 τῶν
625 1786 871 1840 ἀπίστων
906 1780 1217 1853 αἱρετικῶν,
1244 1781 1323 1840 είς
1347 1777 1403 1830 τὸ
1434 1777 1507 1847 μὴ
1536 1776 1770 1843 αὐγάσαι

1882 1780 1986 1823 tum
2024 1778 2293 1833 sanctum,
2328 1780 2386 1822 ut
2408 1768 2526 1836 jure
2560 1769 2934 1838 propheticum
2968 1768 3095 1822 illud
3132 1771 3181 1838 in
3210 1784 3302 1824 eos
3334 1771 3439 1825 dici

200 1856 613 1949 reuocatispr
656 1876 747 1930 τοῦ
786 1874 1120 1942 Εὑαγγελίου
1155 1871 1253 1938 τῆς
1290 1868 1449 1934 δόξης
1495 1864 1589 1917 τοῦ
1637 1865 1770 1933 Χρι-

1882 1860 2090 1926 possit:
2130 1878 2146 1906 ‹
2181 1857 2288 1911 Vos
2336 1866 2516 1911 autem
2568 1856 2829 1921 accedite,
2864 1856 2955 1908 lilii
3008 1856 3212 1922 iniqui,
3254 1870 3440 1911 semen

202 1972 333 2026 στοῢ
353 1990 365 2004 ’
395 1991 411 2023 ι
453 1970 828 2038 πεπλάνηνται
855 1965 910 2018 δὲ
930 1962 1303 2031 πολυτρόπως.
1332 1959 1396 2010 Oi
1427 1956 1525 2037 μὲν
1555 1957 1662 2024 γὰρ
1682 1955 1772 2006 τὸν

204 2066 272 2117 ἐκ
298 2060 432 2115 Θεοῦ
461 2060 673 2130 Πατρδς
699 2057 870 2124 φύντα
897 2053 1088 2120 Λόγον,
1106 2053 1161 2103 ὲν
1195 2049 1370 2119 μείοσι
1394 2047 1486 2100 τοῦ
1519 2062 1773 2116 γεγεννη-

198 2154 359 2215 κότος
394 2148 533 2203 εἷναί
567 2150 625 2202 τέ
656 2164 817 2216 φασιν
855 2146 904 2198 ot
932 2144 1175 2205 δείλαιοι,
1223 2141 1317 2193 καὶ
1348 2140 1406 2191 τὸ
1447 2137 1680 2206 ἔκφυλὸν
1712 2154 1769 2190 τε

203 2242 301 2295 καὶ
326 2238 687 2310 δουλοπρεπὲς
712 2235 859 2307 αὐτῷ
895 2233 1295 2306 προσνέμοντες
1330 2230 1549 2301 μέτρον,
1582 2230 1641 2281 οὺ
1674 2246 1773 2280 κα-

202 2331 631 2401 ταπεφρίκασιν.
666 2330 729 2382 Oi
761 2328 818 2379 δὲ
848 2326 922 2397 τῷ
973 2325 1113 2392 ἁγίῳ
1144 2320 1421 2390 Πνεύματι
1458 2320 1521 2372 τδ
1561 2318 1775 2372 ἀνόσιόν

202 2438 264 2472 τε
295 2419 390 2473 καὶ
412 2418 648 2488 ἀκρατὲς
678 2416 1032 2485 ὲπιθήγοντες
1056 2413 1249 2483 στόμα,
1269 2411 1491 2473 δικαίως
1518 2409 1773 2464 ἀκούουσι

201 2509 299 2563 τοῦ
340 2510 623 2579 προφήτου
670 2506 954 2575 λέγοντοςο
1000 2524 1017 2556 ι
1055 2504 1247 2572 Ὑμεῖς
1287 2501 1344 2555 δὲ
1391 2499 1772 2571 προσαγάγετε

198 2594 331 2663 ὦδε,
360 2600 465 2652 υίοὶ
486 2597 699 2666 ἄνομοι,
722 2594 943 2667 σπέρμα
974 2592 1180 2663 μοιχῶν
1205 2592 1298 2644 καὶ
1326 2592 1531 2660 πόρνης
1552 2606 1565 2619 ⁸
1592 2591 1650 2642 ὲν
1670 2590 1777 2643 τίνι

201 2690 626 2761 ὲνετρυφήσατε,
661 2689 756 2739 καὶ
777 2686 870 2738 ἐπὶ
896 2686 1001 2738 τίνι
1022 2683 1270 2754 ήνοίξατε
1297 2682 1358 2734 τὸ
1388 2680 1563 2751 στόμα
1585 2680 1738 2749 ὑμῶν
1759 2719 1774 2744 ,

199 2780 302 2837 καὶ
320 2781 410 2836 ἐπὶ
430 2781 535 2835 τίνι
567 2777 867 2849 ὲχαλάσλτε
885 2776 982 2849 τήν
1008 2774 1258 2845 γλῶσσαν
1278 2772 1463 2845 ὐμῶν;
1488 2772 1599 2841 Οὐχ
1620 2770 1779 2841 ὑμεῖς

206 2878 331 2928 ὲστε
362 2875 528 2927 τέκνα
564 2872 857 2935 ἀπωλείας,
894 2870 1115 2939 σπέρμα
1147 2869 1379 2939 ἄνομον;
1416 2866 1553 2919 Ἀλλ’
1581 2866 1779 2917 ἐκεῖνοι

202 2968 313 3039 μὲν
335 2965 690 3037 πορεύσονται
725 2962 803 3034 τῷ
833 2960 1042 3015 ἑαυτῶν
1069 2961 1231 3030 φωτὶ,
1265 2960 1362 3013 κα)⁸
1400 2959 1603 3026 φλόγας
1630 2958 1779 3028 εὑρί-

206 3075 430 3112 σκουσιν
460 3057 567 3129 [τσ.
592 3052 929 3127 εὑρήσουσι],
949 3052 1015 3116 ἀς
1038 3052 1341 3118 ἐξέκαυσαν
1370 3050 1543 3103 αὐτοί.
1567 3069 1585 3099 ι
1605 3050 1780 3119 Ἠμᾶς

198 3150 266 3202 δὲ
324 3147 646 3212 ἀκόλουθον,
698 3140 780 3208 οἷς
816 3142 1106 3215 ὀρθότητος
1152 3141 1342 3213 μένει,
1385 3142 1545 3209 σοφόν
1588 3157 1645 3193 τε
1688 3141 1781 3194 καὶ

198 3240 413 3311 ἀκριϐῆ
440 3240 532 3293 τὸν
559 3241 641 3307 ἐφ’
687 3238 904 3307 ἑκάστῳ
951 3237 1060 3291 τῶν
1090 3235 1249 3289 θείων
1287 3233 1572 3303 δογμάτων
1607 3234 1777 3285 ποιεῖ-

208 3330 336 3382 σθαι
388 3330 579 3395 λόγον’
631 3330 726 3380 καὶ
770 3328 872 3394 τῆς
920 3327 1144 3377 ἐκείνων
1192 3323 1592 3394 ἀθυροστομίας
1641 3340 1781 3394 παρ-

203 3418 479 3474 αιτεῖσθαι
528 3418 593 3471 τὰ
627 3417 979 3486 ἐγκλήματαο
1014 3417 1101 3468 ἵνα
1145 3415 1219 3485 μή
1266 3431 1319 3467 τι
1356 3415 1656 3476 πταίοντες,
1686 3416 1781 3468 καὶ

207 3509 620 3581 ἁμαρτάνοντες
650 3509 731 3569 είς
751 3505 884 3567 ,τοὺς
911 3504 1195 3573 ἀδελφοὺς,
1235 3504 1559 3573 πλήττοντές
1588 3521 1645 3555 τε
1683 3504 1782 3561 αὐ-

208 3602 322 3655 τῶν
346 3602 443 3670 τὴν
483 3598 785 3668 συνείδησιν
829 3595 1182 3660 ἀσθενοῦσαν,
1217 3596 1296 3655 εἰς
1335 3594 1571 3664 Χριστὸν
1602 3594 1781 3663 ἀμαρ-

208 3695 484 3763 τάνωμεν.
522 3670 908 3759 ’Δκουσώμεθα
941 3686 1052 3757 [Ζσ.
1079 3683 1443 3755 ἀκουσόμεθα]
1464 3684 1573 3753 γὰρ
1602 3682 1782 3752 λέγον-

207 3803 302 3848 τος
335 3783 494 3847 εὐθύς
513 3800 526 3813 ·
564 3801 581 3834 ι
609 3782 732 3833 Ὅτι
762 3783 810 3833 εί
833 3783 860 3833 ό
886 3779 1076 3849 ἐχθρὸς
1102 3776 1344 3830 ὠνείδισέ
1377 3794 1465 3847 με,
1502 3776 1784 3848 ὑπήνεγκα

210 3877 281 3930 ἄν
304 3893 316 3904 ⁸
352 3875 445 3928 καὶ
481 3874 530 3925 εί
560 3875 588 3925 ὁ
621 3870 793 3941 μισῶν
821 3887 888 3939 με
928 3870 1015 3923 ἐπ’
1046 3868 1146 3937 ἐμὲ
1176 3866 1781 3937 ὲμεγαλορῤημὸνησεν,

210 3964 455 4037 ὲκρύδην
501 3966 567 4019 ἂν
622 3966 716 4019 ἀπ’
747 3961 933 4017 αὐτοῦ.
965 3962 1038 4013 Σὺ
1089 3959 1177 4023 δὲ,
1233 3957 1485 4029 ἄνθρωπε
1542 3957 1783 4026 ίσόψυχε,

210 4056 441 4127 ἡγεμὼν
468 4074 590 4127 μου,
626 4056 719 4109 καὶ
743 4052 952 4124 γνωστέ
980 4066 1113 4124 μου⁸
1141 4048 1201 4113 ὃς
1232 4051 1324 4104 ἐπὶ
1368 4051 1430 4101 τὸ
1461 4050 1592 4102 αὐτὸ
1627 4047 1787 4116 ms-

214 4150 391 4210 κανάς
435 4166 526 4218 μοι
560 4148 857 4218 ἐδέσματα’
892 4148 950 4197 ὲν
986 4144 1065 4213 τῷ
1095 4145 1228 4212 οἴκῳ
1259 4140 1353 4194 τοῦ
1385 4140 1518 4192 Θεοῦ
1555 4139 1786 4210 ἐπορεύ-

213 4242 394 4312 θημεν
440 4241 500 4292 ὲν
545 4238 785 4308 ὁμονοία.
821 4255 837 4287 ι
872 4234 1012 4288 Ἀλλ’
1044 4234 1111 4287 ῐοι
1145 4233 1243 4303 μὲν
1277 4231 1352 4294 ὡς
1391 4229 1603 4300 ὲχθρῶν
1628 4231 1788 4283 ταυτὶ

214 4329 483 4399 κεφαλὰς,
522 4328 571 4380 οἳ
595 4326 695 4396 τῆς
720 4324 815 4378 τοῦ
847 4323 1102 4392 Σωτῆρος
1132 4319 1291 4391 ήμῶν
1321 4314 1787 4385 καταστρατεύονο⁴

212 4440 309 4475 ται
332 4421 511 4490 δόξης,
541 4420 635 4471 καλ⁵
661 4416 873 4488 τρυφὴν
901 4413 1161 4485 ἡγοῦνται
1190 4412 1287 4473 τὰς
1325 4411 1403 4472 εἰς
1441 4408 1600 4462 αὐτὸν
1623 4406 1785 4475 βλασο

1875 1948 2244 2001 adulterornm
2276 1957 2326 1998 et
2361 1944 2664 1999 meretricis
2693 1962 2705 2008 ;
2734 1946 2784 1997 in
2825 1959 2982 2012 quem
3006 1947 3256 1999 oblectati
3288 1948 3440 2012 estis,

1875 2044 1930 2087 et
1958 2035 2008 2087 in
2040 2049 2197 2104 quem
2222 2034 2514 2102 aperuistis
2545 2050 2606 2086 os
2642 2044 2899 2097 vestrum,
2931 2046 2984 2088 et
3015 2035 3065 2088 in
3099 2051 3256 2103 quem
3295 2037 3442 2090 laxa-

1874 2126 1974 2180 Stis
2018 2124 2253 2195 linguam
2293 2126 2566 2179 vestram?
2598 2122 2787 2178 Nonne
2817 2140 2909 2178 vos
2951 2127 3080 2181 estis
3136 2126 3225 2181 lilii
3261 2130 3442 2195 perdi-

1879 2220 2059 2282 tionis,
2107 2233 2287 2273 semen
2321 2219 2560 2287 iniquum
2583 2219 2668 2271 1°?
2713 2218 2816 2272 Sed
2850 2216 2922 2271 illi
2949 2220 3165 2286 quidem
3200 2219 3440 2273 ambula—

1875 2310 2011 2366 bunt
2046 2312 2096 2366 in
2128 2312 2331 2364 lumine
2358 2324 2477 2373 suo,
2509 2318 2559 2363 et
2591 2308 2835 2364 ﬂammas
2870 2310 3144 2365 invenient
3174 2326 3309 2378 quas
3341 2312 3441 2379 ipsi

1879 2404 2243 2458 accenderunt
2269 2402 2332 2457 ¹¹.
2366 2422 2384 2453 ›
2427 2401 2590 2456 Nobis
2630 2410 2831 2467 autem,
2864 2403 3061 2471 quibus
3103 2413 3306 2457 rectum
3338 2404 3445 2457 iter

1875 2502 1961 2546 est
1982 2506 2147 2555 curae,
2182 2491 2435 2546 convenit
2464 2491 2739 2561 sapienter
2764 2500 2817 2546 et
2844 2501 3098 2546 accurate
3121 2494 3185 2545 de
3217 2492 3444 2560 singulis

1880 2581 2079 2635 divinis
2109 2581 2449 2648 dogmatibus
2483 2579 2650 2650 loqui,
2684 2596 2983 2649 cavereque
3031 2596 3095 2635 ne
3130 2581 3344 2635 illorum
3390 2582 3441 2634 in

1878 2673 2143 2742 loquendo
2173 2673 2493 2729 temeritatis
2535 2674 2739 2729 crimen
2777 2674 3137 2741 incurramus,
3174 2690 3243 2728 ne
3274 2676 3445 2729 oll'eu-

1871 2764 2067 2829 dentes
2102 2773 2157 2817 et
2195 2773 2481 2833 peccantes
2529 2763 2583 2816 in
2626 2763 2845 2829 fratres,
2884 2773 2939 2817 et
2970 2766 3334 2832 percutientes
3366 2765 3445 2817 iu-

1882 2854 2089 2909 lirmam
2133 2859 2368 2924 ipsorum
2409 2857 2819 2919 conscientiam,
2857 2857 2908 2910 in
2937 2856 3211 2911 Christum
3255 2871 3445 2926 pecce-

1882 2960 1999 2999 mus
2025 2945 2090 2999 “.
2128 2945 2275 2999 lllico
2300 2946 2442 3000 enim
2469 2944 2751 3000 audiemus
2782 2961 2903 3000 eum
2939 2945 3202 3001 dicentem
3226 2964 3238 2999 :
3260 2966 3278 2998 ε
3304 2947 3447 3013 Quo.

1883 3038 2029 3093 niam
2073 3038 2117 3092 si
2162 3037 2415 3092 inimicus
2468 3052 2622 3092 meus
2656 3037 3024 3093 maledixisset
3079 3038 3233 3102 mihi,
3285 3040 3448 3093 susti-

1884 3131 2120 3185 nuissem
2154 3130 2376 3199 utique;
2420 3139 2474 3185 et
2505 3131 2552 3184 si
2598 3130 2642 3185 is
2675 3131 2766 3199 qui
2814 3133 3001 3184 oderat
3033 3146 3135 3195 me,
3168 3146 3329 3200 super
3362 3147 3449 3189 me

1883 3236 2076 3290 magna
2127 3221 2340 3275 locutus
2390 3220 2604 3285 fuisset,
2649 3220 3052 3275 abscondissem
3101 3237 3188 3274 me
3220 3223 3444 3276 forsitan

1882 3312 1949 3365 ab
1982 3325 2047 3366 eo
2082 3329 2098 3365 :
2133 3322 2187 3365 tu
2212 3325 2362 3376 vero,
2396 3312 2559 3367 homo
2589 3312 2878 3377 unanimis,
2901 3312 3003 3366 dux
3034 3326 3183 3366 meus
3209 3321 3262 3365 et
3285 3320 3448 3365 notus

1882 3416 2053 3465 meus,
2092 3403 2183 3468 qui
2222 3402 2384 3457 simul
2428 3398 2637 3458 meeum
2669 3402 2851 3457 dulces
2883 3403 3133 3471 capiebas
3174 3404 3345 3468 cibos,
3397 3406 3449 3456 in

1882 3491 2042 3545 domo
2072 3491 2165 3545 Dei
2188 3491 2581 3548 ambulavimus
2603 3508 2723 3547 cum
2751 3509 3015 3547 consensu
3047 3494 3110 3548 ¹³.
3152 3513 3169 3544 ι
3207 3492 3310 3548 Sed
3337 3495 3450 3547 haec

1883 3581 1937 3637 in
1979 3583 2156 3653 capita
2190 3583 2529 3637 inimicorum
2573 3591 2804 3647 vertant,
2836 3584 2925 3654 qui
2953 3582 3150 3638 bellum
3190 3588 3451 3639 adversus

1885 3673 2183 3730 Salvatoris
2215 3674 2381 3729 nostri
2414 3673 2640 3742 gloriam
2673 3683 3046 3741 susceperunt,
3090 3681 3144 3727 et
3176 3673 3451 3741 conjectas

1886 3764 1936 3817 in
1983 3779 2106 3819 eum
2168 3763 2528 3833 blaspliemias
2586 3777 2684 3830 pro
2746 3763 2955 3820 deliciis
3014 3765 3234 3819 habent.
3283 3762 3447 3819 Nobis

1883 3865 2087 3921 autem,
2122 3865 2183 3909 ut
2207 3855 2331 3917 dixi.
2375 3867 2794 3910 consentaneum
2824 3864 2907 3909 est
2950 3870 3015 3909 ac
3060 3857 3450 3920 necessarium,

1886 3948 1975 4017 qui
2006 3962 2071 4003 ea
2106 3961 2295 4015 sapere
2324 3947 2601 4001 studemus
2629 3961 2748 4017 quae
2778 3946 2855 4001 illi
2896 3947 3131 4014 placent,
3164 3947 3450 4014 providere

1887 4054 1954 4093 ne
1994 4053 2171 4093 sermo
2228 4048 2410 4093 noster
2460 4054 2488 4090 a
2525 4038 2753 4092 veritate
2801 4036 2872 4091 sit
2918 4045 3175 4100 remotus,
3206 4049 3296 4089 aut
3344 4036 3449 4089 alio

1888 4128 2140 4196 quopiam
2175 4129 2378 4189 tendat.
2419 4142 2483 4183 ac
2514 4134 2724 4196 spectet
2754 4125 2822 4181 ad
2868 4127 3084 4180 inanem
3128 4126 3449 4197 vanitatem,

1891 4221 1958 4285 is,
2012 4219 2251 4287 inquam,
2306 4219 2397 4288 qui
2448 4219 2513 4272 ad
2564 4217 2804 4272 subditos
2853 4216 3105 4279 habetur,
3162 4219 3257 4271 sed
3305 4220 3450 4287 quod

1889 4318 2039 4363 recte
2084 4308 2323 4377 prolatus
2378 4309 2470 4371 sit,
2503 4308 2673 4377 ipsius
2705 4306 2948 4362 veritatis
2999 4304 3255 4376 suffragio
3298 4324 3449 4365 com-

1891 4399 2196 4453 mendetur.
2250 4395 2373 4451 113:6
2428 4404 2607 4450 autem
2656 4410 2721 4450 eo
2770 4398 2915 4460 dico.
2966 4399 3092 4465 quia
3140 4398 3193 4451 in
3254 4398 3450 4454 librum

215 4531 295 4583 φη
304 4488 611 4581 μίαςίήμᾶς
626 4508 705 4571 δὲ,
725 4507 800 4569 ὼς
818 4506 972 4576 ἔφην,
992 4501 1279 4557 ἀκόλουθόν
1294 4517 1354 4551 τε
1378 4498 1470 4551 καὶ
1491 4499 1778 4564 ἀναγκαῖον

1890 4491 2176 4559 quemdam
2225 4505 2254 4541 a
2296 4489 2529 4558 quodam
2577 4488 2931 4555 compositum
2996 4489 3182 4555 incidi,
3239 4490 3291 4542 in
3346 4504 3454 4559 quo

214 4606 346 4667 τοὺς
366 4604 433 4656 τὰ
453 4602 599 4672 αὐτῷ
615 4597 875 4653 δοκοῦντα
902 4597 1115 4666 φρονεῖν
1141 4589 1561 4653 σπουδάζοντας,
1595 4589 1668 4657 μὴ
1690 4588 1786 4657 τῆς

219 4694 479 4764 ἀληθείας
500 4689 983 4762 ὲκκεκομισμένον,
1002 4687 1166 4757 ἤγουν
1183 4682 1415 4753 ἑτέρωσέ
1443 4697 1532 4732 ποι
1555 4679 1788 4749 διᾴττον-

217 4805 313 4849 τα,
340 4788 433 4840 καὶ
462 4784 749 4839 νενευκότα
768 4782 901 4851 πρὸς
932 4778 990 4830 τὸ
1011 4772 1376 4843 ὲξίτηλον,τὸν
1402 4772 1533 4841 πρός
1557 4786 1619 4836 γε
1649 4769 1791 4839 φημὶ

216 4880 346 4943 τοὺς
364 4878 467 4931 ὑπὸ
490 4878 664 4947 χεῖρα,
682 4873 776 4926 καὶ
791 4873 908 4932 ταῖς
932 4871 1008 4930 εἰς
1032 4866 1299 4936 ὀρθότητα
1321 4863 1523 4932 ψήφοις
1546 4860 1603 4925 ἐξ
1622 4861 1791 4929 αὐτῆς

215 4974 320 5040 τῆς
355 4967 612 5040 ἀληθείας
662 4960 1109 5030 στεφανούμενον.
1139 4957 1247 5009 Καὶ
1282 4953 1454 5005 ταῦτά
1484 4968 1645 5020 φημι,
1686 4950 1791 5001 τινὶ

216 5062 330 5116 τῶν
367 5059 583 5130 βιϐλίων
616 5052 923 5127 περιτυχὼν
971 5049 1076 5102 ὑπό
1110 5064 1201 5099 του
1247 5043 1662 5113 συντεθειμένῳ,
1694 5041 1789 5093 καὶ

218 5152 427 5228 πολλὴν
464 5151 562 5221 μὲν
597 5147 773 5218 ἔχοντι
806 5143 914 5196 τῶν
943 5139 1167 5211 ὁμιλιῶν
1200 5137 1308 5228 ,τὴν
1338 5136 1603 5228 ἄθροισιν.
1631 5150 1785 5228 ,στοιῗ

218 5222 394 5319 χηδὸν
410 5240 486 5301 δὲ,
527 5240 621 5292 καὶ
659 5236 731 5298 ὡς
782 5234 841 5284 ὲν
873 5230 1023 5293 τάξει
1053 5227 1339 5296 κειμένων,
1372 5222 1699 5319 ήμοιρηκόσι
1731 5222 1787 5319 δὲ

222 5313 344 5391 κατ’
381 5331 569 5385 οὐδένα
598 5327 794 5397 τρόπον
823 5322 916 5375 τοῦ
946 5317 1268 5387 κατέχεσθαι
1302 5316 1428 5367 δεῖν.
1468 5316 1574 5366 Καὶ
1604 5314 1651 5364 εί
1691 5313 1791 5380 μὲν

221 5422 439 5494 εἴρηταί
480 5438 534 5473 τι
564 5417 715 5489 παρὰ
743 5414 837 5468 τοῦ
875 5409 1335 5479 συγγεγραφότος,
1365 5407 1392 5457 ὃ
1422 5407 1540 5466 ταῖς
1580 5406 1657 5465 εἰς
1697 5404 1791 5472 λή-

222 5516 326 5584 θην
369 5511 697 5581 ἀποδημίαις
731 5504 1057 5579 ςήφανίζετο,
1093 5500 1193 5553 κᾶν
1237 5498 1419 5569 ᾠήθην
1465 5496 1593 5558 δεῖν,
1638 5494 1793 5565 σιγήν

1893 4580 2040 4635 inulti
2105 4588 2259 4633 erant
2317 4578 2559 4649 congesti
2617 4592 2893 4632 sermones
2944 4593 3039 4647 per
3090 4580 3353 4636 elementa
3398 4590 3454 4638 et

1888 4674 2034 4726 velut
2077 4672 2263 4726 ordine
2319 4671 2584 4741 dispositi,
2638 4669 2892 4738 nullaque
2947 4673 3083 4723 ratio
3139 4672 3186 4724 ei
3244 4672 3450 4740 deerat,

1889 4766 2175 4838 quominus
2208 4764 2427 4817 retineri
2464 4771 2665 4831 posset.
2692 4759 2747 4834 4
2782 4762 2859 4814 Ac
2887 4760 2932 4814 si
2962 4776 2988 4814 a
3018 4761 3287 4830 scriptore
3311 4762 3455 4830 ejus-

1890 4856 2034 4910 modi
2068 4854 2268 4924 aliquid
2301 4854 2503 4908 dictum
2538 4862 2701 4916 esset,
2735 4852 2875 4921 quod
2908 4852 3163 4907 oblivioni
3198 4854 3450 4910 traditum

1897 4954 2263 5008 evanesceret,
2304 4945 2488 4999 forsan
2536 4946 2721 5013 utique
2768 4945 3078 4999 statuissem
3125 4954 3180 5000 et
3210 4946 3342 4999 mihi
3384 4946 3460 5001 si-

1896 5036 2108 5091 lendum
2143 5049 2285 5099 esse,
2332 5046 2386 5089 et
2428 5035 2637 5089 caeteris
2674 5033 3062 5089 consulendum
3107 5045 3165 5089 ut
3203 5036 3342 5090 idem
3380 5035 3457 5091 fa-

1892 5137 2113 5190 cerent,
2174 5141 2239 5180 ne
2292 5124 2471 5180 multis
2529 5124 2647 5179 aliis
2694 5126 3030 5194 posterisque
3084 5127 3279 5179 nostris
3334 5136 3459 5181 nota

1895 5231 2074 5274 essent
2110 5228 2216 5271 tam
2243 5217 2472 5272 absurde
2511 5226 2727 5285 tamque
2757 5215 3130 5283 imprudenter
3160 5216 3327 5271 dicta.
3353 5217 3458 5271 Sed

1896 5313 2021 5380 quia
2059 5309 2508 5377 blasphemiarum
2542 5309 2694 5361 turba
2725 5308 2776 5361 in
2807 5320 2871 5360 eo
2899 5306 3034 5360 libro
3072 5317 3324 5375 congesm
3355 5316 3460 5372 est,

1896 5414 1950 5457 et
1988 5402 2209 5454 multum
2253 5400 2510 5454 adversus
2548 5398 2797 5465 dogmata
2830 5397 3075 5450 veritatis
3106 5396 3459 5449 declamatum

1900 5500 1953 5545 et
2005 5490 2396 5555 oblateratum,
2441 5488 2711 5556 quomodo
2766 5500 2871 5539 non
2934 5487 3302 5540 necessarium
3363 5486 3465 5539 fuit

299 5720 319 5751 '
345 5718 602 5772 lsa.:txx,
641 5709 726 5762 lO.
806 5707 825 5737 τ
856 5705 1043 5759 Matth.
1071 5702 1280 5768 τιμῶ.
1357 5705 1378 5736 ⁸
1407 5700 1536 5756 ibid.
1570 5699 1657 5752 55.
1740 5698 1759 5730 ’
1788 5694 1828 5753 ll
1862 5694 1984 5751 Cor.
2019 5709 2093 5760 IV,
2124 5694 2177 5749 4.
2258 5694 2298 5725 ⁸ο
2332 5692 2434 5749 lsa.
2465 5707 2595 5757 LVII,
2628 5690 2679 5746 4.
2762 5690 2800 5720 ιι
2832 5686 2934 5743 lsa.
2968 5701 3018 5753 ι,
3050 5688 3133 5745 ll.
3212 5687 3251 5717 “
3279 5683 3299 5743 l
3328 5684 3460 5745 Cor.

221 5806 340 5858 vin,
382 5785 468 5841 12.
549 5781 591 5811 ¹³
620 5778 763 5845 Psal.
791 5791 897 5843 Liv,
935 5774 1121 5832 15-15,
