4072 6346
630 391 696 446 15
1659 385 1716 439 S.
1764 381 2039 440 εϊιιιιιι
2077 377 2194 435 AL!

2298 376 2547 435 lNDRINI
2587 374 2907 432 ARCIHEP.
3813 380 3872 434 ιδ

626 501 1007 574 propemodum
1039 508 1096 555 ut
1127 499 1556 570 accingeremur,
1603 505 1656 551 et
1700 511 1798 566 pro
1831 496 2006 552 salute
2035 495 2194 550 lecto-

2309 509 2369 545 τε
2393 491 2540 560 ἔχειν
2559 490 2742 553 αὐτὸς,
2760 489 2851 542 καὶ
2874 489 3081 557 ἑτέροις
3112 488 3509 559 συμϐουλεῦσαι
3533 491 3693 546 τοῦτο
3718 492 3870 563 δρᾷνο

627 612 744 650 rum
776 603 1128 660 certaremus,
1161 610 1228 649 ne
1258 595 1423 648 ullum
1454 607 1521 647 ex
1566 605 1628 647 ea
1667 606 1725 647 re
1756 592 2014 647 damnum
2043 598 2197 658 pate-

625 693 832 753 rentur,
868 699 933 739 ac
978 686 1248 740 discerent
1283 683 1460 754 potius
1499 682 1766 751 iacturam
1815 695 1882 736 ex
1913 693 2198 750 perperam

626 775 783 830 dictis
815 778 1219 844 provenientem
1254 785 1478 830 strenue
1523 775 1823 844 repellere?
1850 772 1983 828 Nam
2013 774 2202 829 beatus

624 865 863 920 Joannes
920 866 1065 921 ﬁlius
1126 867 1347 920 tonitrui
1405 883 1434 919 a
1484 867 1768 922 Salvatore
1804 869 2044 922 omnium
2105 881 2202 920 no-

625 967 796 1012 strum
832 958 1051 1014 Christo
1101 968 1181 1012 est
1213 958 1515 1027 appellatus
1537 960 1604 1023 “,
1649 973 1712 1012 ac
1746 963 1961 1024 merito,
2010 967 2067 1012 ut
2109 955 2200 1025 qui

626 1065 879 1121 magnum
925 1050 1177 1119 quiddam
1223 1057 1277 1103 et
1331 1050 1603 1104 insolitum
1650 1048 1865 1114 eﬂ‘atus,
1916 1063 2202 1120 propemo-

623 1142 751 1196 dum
803 1139 989 1195 orbem
1040 1140 1222 1194 sonitu
1272 1140 1636 1204 concusserit,
1688 1149 1742 1195 et
1785 1150 1958 1195 terras
1998 1141 2199 1194 tonitru

623 1230 900 1285 terruerit.
927 1227 976 1283 Is
1000 1231 1144 1282 enim
1175 1229 1300 1282 illud
1330 1227 1634 1282 venerabile
1659 1228 1815 1297 plane
1842 1242 2202 1296 magnumque

625 1320 1012 1374 incarnationis
1042 1319 1314 1387 Unigeniti
1357 1321 1670 1388 mysterium
1701 1322 1900 1388 Optime
1929 1319 2198 1374 declarat:

622 1408 751 1463 dicit
779 1409 921 1462 enim
956 1425 968 1461 :
1005 1426 1022 1459 ι
1059 1407 1114 1460 In
1141 1408 1409 1478 principio
1433 1418 1553 1462 erat
1583 1407 1843 1473 Verbum,
1874 1418 1926 1463 et
1957 1406 2197 1463 Verbum

619 1509 740 1554 erat
769 1501 908 1569 apud
942 1500 1135 1566 Deum,
1175 1509 1229 1555 et
1263 1501 1400 1556 Deus
1435 1511 1554 1556 erat
1582 1501 1816 1557 Verbum
1846 1517 1861 1555 :
1891 1503 2070 1556 omnia
2105 1516 2200 1570 per

619 1591 794 1660 ipsum
824 1591 961 1645 facta
994 1601 1140 1655 sunt,
1173 1601 1227 1646 et
1264 1591 1380 1646 sine
1413 1591 1530 1660 ipso
1563 1590 1768 1648 factum
1803 1601 1887 1648 est
1915 1593 2048 1646 nihil
2076 1593 2142 1646 ¹⁵.
2173 1610 2191 1644 ι

619 1681 721 1738 Ubi
750 1699 880 1738 vero
913 1693 1168 1740 accurate
1203 1692 1256 1739 et
1301 1684 1538 1753 expolite
1583 1687 1839 1756 mysteria
1869 1686 2112 1750 tradidit,
2145 1697 2200 1742 et

2306 582 2382 644 ὡς
2435 583 2502 633 ἂν
2547 580 2622 650 μὴ
2661 578 2873 641 πολλοῖς
2921 578 3150 648 ἑτέροις,
3180 580 3274 632 καὶ
3320 581 3433 641 τοῖς
3473 579 3587 649 μεθ’
3617 581 3762 648 ἡμᾶς
3795 581 3873 642 είη

2306 670 2584 741 γνώριμα,
2619 669 2690 721 τὰ
2737 666 2910 730 οὕτως
2960 670 3226 732 ἐκτόπως,
3273 668 3370 722 καὶ
3414 669 3700 738 ἀτημελῶς
3733 673 3875 742 εἰρη-

2309 761 2468 831 μένα.
2506 759 2724 829 Ἐπειδὴ
2750 759 2805 811 δὲ
2837 759 3159 828 δυσφημιῶν
3189 759 3344 830 ὄχλος
3375 758 3773 832 ὲνσεσὼρευται
3803 761 3876 832 τῷ

2308 851 2517 920 βιϐλίῳ,
2567 853 2662 903 καὶ
2697 851 2862 920 πολλή
2906 868 2994 914 τις
3028 852 3310 922 γέγονενή
3358 855 3732 924 κατάρῤησις,
3774 849 3877 906 τῶν

2303 943 2404 1014 τῆς
2447 943 2706 1013 ἀληθείας
2761 942 3179 997 καθυλακτοῦσα
3233 946 3562 1016 δογμάτων,
3609 946 3725 1009 πῶς
3781 947 3877 998 οὐκ

2304 1036 2601 1101 ἀναγκαῖον
2632 1034 2778 1104 ἡμᾶς
2830 1035 3114 1104 μονονουχὶ
3143 1037 3237 1088 καὶ
3270 1037 3765 1098 ἀνταποδύσασθαι.
3790 1040 3879 1090 καὶ

2304 1124 2680 1194 (σπεραθλῆσαι
2707 1125 2814 1178 τῶν
2841 1126 3262 1196 ἐντευξομένων,
3289 1128 3364 1192 ὼς
3389 1127 3456 1182 ἂν
3484 1131 3556 1201 μή
3583 1147 3634 1182 τι
3662 1129 3879 1183 πάθοιεν

2304 1216 2556 1270 ἐντεῦθεν
2580 1219 2638 1270 τὸ
2667 1217 2886 1287 βλάϐος,
2922 1220 3114 1274 εἰδεῖεν
3157 1219 3214 1274 δὲ
3249 1221 3446 1290 μᾶλλον
3479 1220 3878 1292 ἀποκρούεσθαι

2304 1307 2589 1375 γεννικῶς,
2625 1308 2723 1376 τὴν
2750 1309 2857 1360 ἀπό
2886 1325 2948 1376 γε
2981 1309 3086 1363 τῶν
3113 1309 3214 1363 οὑκ
3240 1309 3414 1380 ὀρθῶν
3441 1309 3747 1380 εἰρημένων
3784 1310 3877 1378 ζη-

2308 1400 2467 1469 μίαν;
2502 1400 2560 1452 ’0
2583 1400 2682 1470 μὲν
2710 1401 2818 1470 γὰρ
2848 1399 3134 1464 Θεσπέσιος
3157 1403 3409 1473 Ἰωάννης
3433 1403 3545 1465 υίὸς
3564 1403 3876 1472 ὠνόμασται

2306 1494 2539 1564 βροντῆς
2568 1495 2720 1566 παρὰ
2760 1495 2854 1548 τοῦ
2899 1495 3122 1550 πάντων
3149 1497 3308 1568 ἡμῶν
3339 1498 3589 1568 Σωτῆρος
3619 1498 3875 1568 Χριστοῦ,

2303 1588 2398 1641 καί⁵
2425 1588 2569 1658 μάλα
2605 1588 2847 1651 εἰκότως,
2870 1589 2959 1642 διά
2979 1606 3037 1642 τε
3063 1589 3125 1643 τὸ
3148 1590 3430 1660 μονονουχὶ
3459 1590 3877 1660 κατακτυπῆσαι

2301 1681 2402 1749 τῆς
2435 1679 2528 1732 ὑπ’
2565 1681 2825 1750 οὐρανὸν,
2878 1682 2970 1736 καὶ
3021 1681 3464 1753 καταϐροντῆσαι
3509 1683 3608 1752 τῆς
3640 1679 3763 1752 γῆς,
3804 1683 3880 1745 ὼς

621 1774 966 1845 Unigenitum
1018 1785 1073 1829 et
1120 1775 1284 1830 Deum
1334 1793 1473 1843 esse,
1537 1788 1592 1832 et
1623 1793 1690 1832 ex
1742 1779 1853 1833 Deo
1903 1778 2194 1832 secundum

2306 1770 2448 1837 μέγα
2488 1788 2542 1822 τι
2592 1772 2686 1822 καὶ
2717 1771 2951 1836 ἐξαίσιον
3021 1773 3278 1844 εἰρηκὼς.
3330 1776 3620 1845 Διατρανοῖ
3662 1775 3772 1845 γὰρ
3817 1769 3876 1826 εὖ

624 1875 873 1924 naturam
931 1866 1280 1921 inel‘l‘abiliter
1339 1875 1525 1919 natum
1567 1865 1964 1933 pronuntiavit,
2015 1878 2193 1917 rerum

2305 1835 2453 1928 μάλα
2484 1858 2583 1929 τῆς
2623 1835 3093 1931 ὲνανθρωπήσεως
3117 1835 3210 1917 τοῦ
3234 1835 3574 1933 Μονογενοῦς
3597 1866 3657 1918 τὸ
3675 1835 3882 1920 ’σεπτὸν

621 1958 863 2013 omnium
909 1967 1209 2011 creatorem
1237 1963 1400 2023 atque
1426 1954 1710 2023 factorem,
1737 1963 1848 2008 tum
1873 1954 2125 2024 denique,
2144 1963 2194 2008 et

2301 1948 2536 2019 άληθῶς,
2574 1951 2668 2002 καὶ
2705 1951 2848 2020 μέγα
2895 1954 3227 2022 μυστήριονο
3269 1953 3372 2023 ἔφη
3410 1955 3510 2023 μὲν
3549 1955 3690 2025 γάρ*
3732 1973 3750 2006 ι
3791 1957 3880 2008 Ἐν

617 2048 836 2118 quidem
874 2046 925 2100 in
976 2056 1239 2113 tempore,
1291 2047 1750 2116 sapientissimam
1786 2043 1932 2099 illam
1976 2054 2194 2114 propter

2299 2039 2440 2110 ἀρχῇ
2466 2035 2535 2110 ἦν
2559 2041 2587 2093 ό
2618 2041 2810 2109 Λόγος,
2851 2042 2947 2095 καὶ
2973 2044 3006 2096 ό
3027 2045 3198 2109 Λόγος
3225 2039 3294 2117 ἦν
3321 2046 3456 2117 πρὸς
3481 2047 3572 2100 τὸν
3603 2045 3755 2111 Θεὸν,
3787 2046 3880 2099 καὶ

619 2154 718 2195 nos
756 2153 819 2194 ac
859 2153 955 2208 pro
995 2140 1153 2193 nobis
1199 2147 1405 2207 gestam
1439 2137 1898 2208 dispensationem
1936 2150 2194 2192 enarrare

2298 2130 2430 2196 Θεὸς
2459 2130 2528 2202 ἦν
2551 2133 2579 2185 ὁ
2598 2134 2773 2202 Λόγος
2793 2151 2808 2165 ·
2841 2134 3021 2188 πάντα
3050 2136 3116 2190 δι’
3137 2137 3302 2190 αὐτοῦ
3331 2139 3566 2207 ἐγένετο,
3591 2142 3682 2193 καὶ
3709 2139 3880 2210 χωρίς

621 2230 856 2295 orditur,
893 2239 947 2284 et
994 2229 1112 2284 ait:
1151 2247 1169 2281 ι
1206 2227 1274 2283 Ει
1304 2227 1545 2285 Verbum
1591 2242 1723 2284 caro
1748 2227 1949 2283 factum
1990 2237 2095 2292 est,
2141 2235 2194 2282 et

2298 2223 2465 2276 αὑτοῦ
2500 2223 2717 2292 ἐγένετο
2744 2224 2865 2278 οὐδὲ
2899 2226 2977 2279 ἓν.
3005 2247 3023 2277 ι
3055 2229 3274 2300 Ἐπειδὴ
3308 2229 3365 2281 δὲ
3401 2231 3631 2301 ἀκριϐῆ,
3672 2233 3766 2284 καὶ
3790 2247 3880 2282 τε-

621 2323 885 2378 habitavit
913 2323 965 2376 in
997 2322 1151 2376 nobis
1179 2332 1262 2376 :et
1284 2322 1514 2377 vidimus
1539 2320 1766 2391 gloriam
1797 2320 1936 2388 ejus,
1968 2317 2192 2390 gloriam

2298 2316 2663 2386 τορνευμένην
2702 2317 2999 2387 ἐποιήσατο
3029 2318 3126 2389 τὴν
3169 2321 3578 2391 μυσταγωγίαν,
3609 2321 3700 2374 καὶ
3746 2319 3880 2373 Θεὸν

618 2413 772 2481 quasi
803 2412 1077 2482 Unigeniti
1126 2429 1153 2466 a
1192 2412 1375 2480 Patre,
1405 2413 1620 2480 plenum
1660 2414 1849 2483 gratim
1894 2421 1948 2468 et
1996 2413 2194 2468 verita.

2298 2406 2633 2478 ὑπάρχοντα,
2663 2408 2759 2460 καὶ
2791 2408 2857 2461 ἐκ
2889 2408 3024 2462 Θεοῦ
3054 2411 3197 2464 κατὰ
3231 2414 3394 2480 φύσιν
3424 2415 3749 2484 ἁπορῤήτως
3781 2430 3878 2481 γε·

620 2501 688 2557 tis
712 2502 775 2556 η.
810 2521 828 2554 ι
876 2505 953 2558 Ac
1003 2500 1240 2558 Verbum
1297 2517 1512 2558 carnem
1553 2503 1710 2570 dixit,
1756 2513 1815 2558 ut
1858 2517 2001 2558 verm
2054 2503 2194 2559 illius

2298 2499 2627 2573 γεννημένον
2642 2498 2887 2568 ἀπέφηνε
2902 2499 2993 2554 τὸν
3023 2502 3323 2574 Μονογενῆ,
3353 2504 3597 2573 κτίστην,
3614 2503 3706 2556 καὶ
3726 2519 3879 2572 ποιπ-

621 2595 861 2661 unionis,
892 2610 1010 2663 quae
1038 2597 1293 2650 nimirum
1327 2593 1623 2648 secundum
1656 2595 1972 2663 hypostasin
2013 2596 2193 2649 consl-

2298 2589 2395 2658 τὴν
2423 2589 2531 2642 τῶν
2552 2589 2711 2656 ὅλων,
2736 2589 2858 2643 τότε
2885 2589 2970 2661 δὴ,
3001 2591 3119 2645 τότε
3142 2595 3236 2648 καὶ
3262 2593 3382 2647 λίαν
3408 2595 3500 2647 ἐπὶ
3531 2592 3744 2666 καιροῦ,
3777 2594 3878 2662 τῆς

619 2685 862 2747 deratur,
901 2689 1007 2740 vim
1059 2688 1404 2742 declararet:
1439 2689 1491 2741 in
1538 2702 1603 2741 eo
1647 2697 1825 2740 autem
1868 2687 2010 2756 quod
2044 2687 2192 2740 illum

2300 2681 2580 2750 πανσόφου
2609 2681 2796 2736 λοιπὸν
2824 2683 2890 2736 δι’
2917 2685 3062 2756 ἡμᾶς
3081 2701 3138 2737 τε
3166 2686 3260 2739 καὶ
3282 2685 3420 2758 ὑπὲρ
3439 2685 3596 2759 ἡμῶν
3623 2703 3876 2758 πεπραγ-

620 2775 676 2830 in
709 2777 865 2831 nobis
906 2776 1181 2832 habitasse
1219 2779 1370 2841 dicit,
1411 2793 1519 2831 non
1551 2776 1682 2830 sinit
1711 2776 2034 2848 intelligere,
2062 2775 2194 2832 Ver-

2300 2771 2469 2842 μένης
2503 2773 2814 2845 οἰκονομίας
2851 2775 3223 2851 ἄρχεταιοκαί
3262 2794 3414 2846 φησι’
3449 2795 3472 2829 ι
3496 2775 3606 2831 Καὶ
3640 2779 3669 2830 ὁ
3705 2779 3878 2846 Λόγος

621 2866 748 2920 bum
796 2865 924 2918 illud
969 2866 1265 2920 secundum
1317 2876 1565 2921 naturam
1612 2881 1679 2919 ex
1711 2866 1819 2921 Deo
1861 2867 2089 2929 editum,
2141 2868 2194 2920 in

2298 2858 2435 2930 σὰρξ
2461 2861 2696 2929 ἐγένετο,
2719 2865 2811 2916 καὶ
2834 2867 3143 2937 ἐσκήνωσεν
3163 2868 3221 2919 ἒν
3243 2867 3392 2936 ἡμῖν·
3416 2867 3510 2920 καὶ
3530 2867 3878 2938 ἐθεασάμεθα

622 2965 893 3012 terrenam
943 2971 1164 3013 carnem
1209 2958 1375 3014 fuisse
1414 2971 1702 3014 mutatum.
1741 2960 1990 3016 Putasset
2023 2960 2192 3026 enim,

2298 2950 2393 3021 τὴν
2419 2949 2578 3016 δόξαν
2605 2952 2792 3020 αὐτοῦ,
2819 2954 2976 3022 δόξαν
3002 2955 3076 3019 ὡς
3098 2955 3436 3026 Μονογενοῦς
3465 2960 3618 3028 παρὰ
3640 2959 3874 3030 Πατρὸς,

617 3059 679 3104 ιιι
722 3051 937 3120 opinor,
989 3051 1258 3121 quispiam
1307 3053 1398 3121 qui
1443 3068 1548 3107 non
1606 3052 1894 3107 admodum
1948 3052 2191 3118 calleret,

2298 3041 2512 3114 πλήρης
2548 3045 2767 3115 χάριτος
2799 3047 2895 3100 καὶ
2927 3047 3205 3117 ἀληθείας.
3234 3067 3251 3099 ι
3276 3049 3461 3120 Σάρκα
3493 3051 3592 3121 μὲν
3634 3051 3742 3122 γὰρ
3771 3052 3875 3121 ἐφη

620 3140 874 3209 quidnam
908 3142 978 3196 sit
1025 3142 1117 3197 illa
1158 3144 1336 3198 divina
1371 3153 1426 3199 et
1453 3144 1592 3198 ultra
1637 3160 1747 3199 rem
1785 3157 2000 3199 omnem
2043 3159 2194 3199 crea-

2298 3133 2387 3187 τδν
2427 3135 2621 3202 Λόγον,
2647 3137 2747 3205 τῆς
2784 3137 3020 3209 ἀληθοῦς
3069 3140 3338 3205 ἑνώσεως,
3374 3142 3534 3212 δῆλον
3567 3141 3622 3195 δὲ
3656 3144 3738 3196 ὅτι
3779 3143 3878 3212 τῆς

620 3243 730 3289 tam
760 3234 861 3288 sita
891 3243 1104 3299 natura,
1138 3252 1256 3289 eam
1288 3237 1517 3292 fortasse
1545 3237 1857 3292 mutationis
1888 3239 2050 3292 etiam
2071 3251 2194 3293 esse

2298 3222 2418 3276 καθ’
2453 3224 2752 3278 ὑπόστασιν
2781 3228 3102 3298 νοουμένης,
3134 3231 3450 3299 ἐμφανίζων
3478 3232 3577 3302 τὴν
3602 3232 3836 3302 δύναμιν
3858 3247 3874 3264 ·

618 3338 909 3393 capacem,
961 3327 1412 3396 propriorumque
1468 3328 1736 3381 bonorum
1787 3342 1908 3397 qua:
1951 3328 2052 3381 sibi
2100 3342 2195 3394 per

617 3416 909 3469 essentiam
944 3427 1068 3470 sunt
1118 3416 1300 3482 insita,
1346 3418 1724 3487 negligentem,
1764 3417 1817 3470 in
1853 3416 1999 3472 aliud
2031 3416 2193 3484 quid~

618 3505 760 3574 piam
796 3508 1068 3560 diversum
1100 3508 1166 3561 ab
1203 3522 1268 3561 eo
1305 3509 1446 3575 quod
1489 3515 1573 3563 est
1601 3506 2000 3576 quodammodo
2035 3507 2195 3576 dege-

619 3609 846 3660 nerare;
893 3605 948 3649 et
997 3596 1405 3651 alterationibus
1444 3611 1508 3650 ac
1549 3596 1939 3650 mutationibus
1978 3611 2046 3650 ex
2090 3597 2193 3648 im-

617 3685 834 3755 proviso
852 3687 1117 3741 subditam
1140 3687 1204 3740 ad
1224 3698 1595 3742 creaturarum
1615 3702 1897 3742 mensuras
1927 3687 2116 3756 redigi.
2138 3685 2192 3742 ld

617 3788 748 3833 vero
779 3776 932 3832 nefas
971 3793 1091 3833 esse
1138 3793 1363 3847 prorsus
1410 3777 1538 3846 (lixa
1571 3793 1805 3848 namque
1850 3785 1933 3834 est
1962 3777 2056 3833 Dei
2097 3793 2194 3832 ua-

615 3877 762 3931 tura,
791 3875 845 3920 et
878 3868 930 3920 in
961 3868 1158 3937 quibus
1186 3880 1288 3931 est,
1323 3878 1606 3934 permanet
1640 3869 2002 3938 inconcussa)
2035 3877 2196 3922 testa-

617 3968 703 4013 tus
735 3968 820 4012 est
860 3971 983 4012 cum
1035 3959 1172 4012 dixit
1205 3977 1218 4011 :
1251 3976 1270 4010 ι
1299 3957 1577 4012 Habitavit
1611 3960 1663 4014 in
1699 3960 1891 4027 nobis;
1926 3978 1944 4010 ι
1975 3958 2025 4028 5
2062 3959 2192 4014 Ver-

613 4047 743 4104 bum
777 4049 1032 4104 nimirum
1068 4051 1232 4105 etiam
1264 4065 1394 4105 caro
1423 4051 1645 4105 factum.
1676 4050 1883 4119 Quibus
1922 4052 1976 4106 in
2011 4051 2191 4108 verbis

614 4150 670 4195 et
703 4139 1123 4210 dispensationis
1158 4143 1480 4211 sapientiam
1508 4144 1805 4215 prudenter
1841 4147 2112 4216 exposuit,
2138 4158 2192 4203 et

613 4231 1028 4302 vigilantissime
1058 4233 1222 4300 cavit,
1253 4250 1324 4290 ne
1360 4239 1482 4306 quis
1527 4238 1700 4306 ipsius
1727 4237 1891 4296 Verbi
1941 4251 2190 4297 naturam

614 4321 998 4389 calumnietur,
1029 4334 1286 4396 tanquam
1316 4343 1380 4382 ex
1422 4331 1723 4385 mutatione
1759 4340 1813 4386 et
1837 4333 2192 4389 conversione

615 4425 746 4468 caro
779 4415 849 4466 sit
879 4411 1103 4468 factum.
1147 4415 1458 4470 Asserimus
1492 4417 1656 4486 igitur
1695 4419 1858 4474 etiam
1893 4422 2017 4492 ipsi,
2049 4422 2191 4478 viro—

2293 3311 2381 3365 διὰ
2408 3313 2464 3364 δὲ
2503 3313 2598 3366 τοῦ
2631 3315 2726 3366 καὶ
2769 3316 2827 3368 ιν
2858 3318 2996 3386 ἡμῖν
3029 3317 3191 3370 αὑτὸν
3239 3319 3517 3389 σκηνιῖηαι
3548 3319 3746 3387 λέγειν,
3777 3324 3880 3374 οὑκ

2296 3401 2481 3472 ἐφίησι
2506 3407 2645 3456 νοεῖν
2671 3405 2752 3467 εἰς
2777 3405 2957 3476 σάρκα
2970 3407 3071 3476 τὴν
3101 3410 3210 3462 ἀπὸ
3237 3412 3342 3480 γῆς
3369 3409 3460 3462 τὸν
3487 3411 3552 3462 ὲκ
3569 3410 3704 3463 Θεοῦ
3735 3413 3879 3465 κατὰ

2297 3493 2460 3562 φύσιν
2493 3497 2882 3567 μεταχωρῆσαι
2912 3498 3105 3567 Λόγον.
3139 3499 3308 3570 ’ῼήθη
3347 3501 3445 3571 μὲν
3475 3502 3562 3565 ἂν,
3592 3497 3766 3571 οἶμαι,
3793 3504 3879 3567 τὶς

2295 3585 2402 3638 τῶν
2431 3587 2492 3638 οὐ
2544 3587 2665 3639 λίαν
2690 3589 3080 3656 ἠκριϐωκότων
3109 3590 3137 3641 ὃ
3170 3592 3223 3643 τί
3258 3593 3389 3643 ποτέ
3417 3594 3566 3645 ἐστιν
3603 3595 3636 3662 ὴ
3669 3593 3786 3646 θεία
3818 3611 3878 3646 τε

2295 3679 2388 3730 καὶ
2413 3678 2673 3748 γεννητοῦ
2711 3680 2911 3743 παντὸς
2942 3680 3202 3734 ἐπέκεινα
3239 3682 3423 3752 φύσις,
3459 3685 3599 3755 τάχα
3636 3703 3737 3739 που
3786 3688 3880 3740 καὶ

2294 3769 2504 3838 τροπῆς
2551 3765 2688 3821 εἰναι
2721 3769 2977 3845 δεκτικὴν
3028 3773 3220 3845 αὐτὴν,
3268 3777 3362 3827 καὶ
3411 3777 3879 3850 καταρᾳθυμῆσαι

2300 3862 2400 3933 μὲν
2437 3861 2695 3918 δύνασθαι
2739 3863 2851 3916 τῶν
2886 3864 3053 3928 ἰδίων,
3091 3868 3183 3920 καὶ
3230 3868 3504 3932 οὑσιωδῶς
3542 3873 3677 3944 αὐτῇ
3710 3889 3881 3943 προσ⁶

2293 3952 2618 4023 πεφυκότων
2643 3953 2889 4021 ἀγαθῶν,
2922 3957 3228 4025 μεταφῦναι
3256 3958 3309 4011 δὲ
3346 3958 3536 4031 ὥσπερ
3571 3964 3650 4025 είς
3692 3964 3881 4033 ἔτερόν

2293 4064 2368 4111 τι,
2388 4046 2518 4116 παρ’
2541 4046 2677 4117 ὅπερ
2693 4047 2832 4114 ἐστὶ,
2849 4047 2941 4100 καὶ
2966 4051 3078 4112 τοῖς
3107 4049 3205 4125 τῆς
3228 4051 3459 4114 κτίσεως
3486 4053 3880 4121 ὲγκαθικέσθαι

2297 4138 2540 4210 μέτροις,
2563 4137 2904 4206 άλλοιώσεσι,
2931 4140 3027 4193 καὶ
3050 4142 3380 4212 μεταϐολαῖς
3414 4144 3690 4214 ἀδοκήτως
3709 4146 3811 4197 ΰπε
3825 4163 3876 4198 w-

2295 4231 2632 4301 ηνεγμένην.
2675 4231 2821 4285 ’Λλλ’
2844 4233 2926 4285 ὅτι
2950 4232 3009 4285 τὸ
3033 4232 3224 4304 χρῆμά
3257 4235 3402 4285 ἐστιν
3429 4236 3709 4304 ἀμήχανον
3739 4253 3880 4288 παν-

2291 4323 2493 4388 τελῶς,
2527 4325 2840 4396 ἑρήρεισται
2871 4324 2980 4396 γὰρ
3013 4327 3046 4396 ἠ
3075 4325 3170 4379 τοῦ
3204 4325 3339 4379 Θεοῦ
3365 4327 3546 4396 φύσις,
3579 4329 3674 4381 καὶ
3704 4329 3880 4398 ἀκρά-

2292 4416 2480 4470 δαντον
2511 4417 2622 4487 ἔχει
2655 4418 2753 4489 τὴν
2777 4418 2863 4488 ἐφ’
2888 4414 2969 4483 οἷς
3000 4419 3115 4471 ἐστι
3135 4418 3413 4488 διαμονὴν,
3447 4421 3877 4492 μεμαρτύρηκεν

616 4516 734 4555 rum
771 4503 1034 4558 divinitus
1068 4505 1403 4574 loquentium
1433 4507 1742 4578 indagando
1788 4525 2031 4582 scopum,
2075 4523 2132 4569 et
2159 4529 2187 4568 a

2298 4507 2465 4560 εἰπὼν
2479 4507 2593 4571 τὸ,‹
2617 4509 2958 4582 Ἐσκήνωσεν
2985 4512 3043 4562 ὲν
3069 4512 3220 4580 ἡμῖν’
3245 4511 3452 4563 »καίτοι
3473 4511 3608 4582 σὰρξ
3637 4511 3877 4580 γεγονὼς

614 4593 740 4649 ﬂdel
771 4596 953 4665 regula
981 4597 1125 4652 nulla
1149 4614 1216 4652 ex
1245 4608 1398 4669 parte
1450 4602 1773 4671 recedendo,
1803 4601 1952 4657 illum
1984 4619 2046 4659 ex
2081 4605 2190 4661 Deo

613 4689 910 4742 secundum
959 4699 1227 4756 naturam,
1279 4690 1430 4746 illum
1490 4689 1863 4762 Uuigenitum,
1903 4697 2052 4751 illum
2099 4700 2192 4770 qui

611 4785 698 4830 est
739 4779 794 4831 in
828 4779 950 4832 sinu
977 4779 1153 4835 Patris
1179 4781 1241 4846 ",
1288 4795 1385 4851 per
1423 4799 1583 4854 quem
1615 4788 1800 4840 omnia
1871 4800 1929 4843 et
1986 4791 2040 4844 in
2085 4809 2193 4862 quo

613 4870 793 4921 omnia
825 4868 890 4935 ⁸⁸,
927 4873 1176 4939 quamvis
1227 4883 1354 4929 ante
1392 4875 1572 4929 omnia
1609 4877 1805 4930 sarcula
1849 4889 1903 4932 et
1946 4888 2190 4951 tempora

610 4958 884 5027 pr0priam
909 4959 1133 5015 haberet
1151 4963 1550 5030 exsistentiam,
1577 4974 1634 5018 et
1654 4979 1868 5034 semper
1892 4969 2188 5028 simulcum

612 5048 866 5103 Genitore
896 5051 1238 5118 subsisteret,
1273 5053 1326 5107 in
1351 5055 1614 5110 extremis
1636 5056 1816 5111 saeculi
1856 5061 2190 5127 temporibus

611 5143 680 5197 ad
716 5143 1080 5197 voluntariam
1110 5145 1534 5202 exinanitionem
1581 5148 1948 5214 descendisse,
1986 5162 2040 5205 et
2080 5151 2189 5207 for-

614 5249 753 5287 mam
790 5235 928 5287 servi
981 5237 1373 5304 suscepisse",
1416 5236 1520 5290 hoc
1553 5248 1659 5305 est,
1701 5251 1890 5295 nostra
1932 5243 2184 5310 subiisse,

610 5337 664 5379 et
697 5327 967 5381 hominem
1015 5327 1410 5395 dispensatorie
1449 5329 1652 5385 factum
1702 5347 1822 5387 esse
1851 5374 1866 5399 ,
1919 5336 2187 5391 assimila-

2296 4602 2325 4653 ὁ
2351 4599 2551 4669 Λόγος·
2593 4602 2691 4654 καὶ
2720 4601 2782 4654 τὸ
2822 4601 2923 4671 τῆς
2949 4602 3262 4671 οἰκονομίας
3295 4601 3457 4670 σοφὸν
3490 4604 3754 4672 ἐντέχνως
3783 4602 3876 4669 ἐξ·

2295 4692 2596 4764 ηγούμενος
2619 4709 2634 4724 ο
2664 4694 2760 4746 καὶ
2797 4694 2857 4746 τό
2885 4710 2948 4761 γε
2980 4693 3053 4763 μὴ
3082 4693 3192 4746 δεῖν
3231 4693 3328 4764 τὴν
3377 4692 3472 4746 τοῦ
3501 4694 3676 4761 Λόγου
3711 4694 3878 4762 φύσιν

2297 4786 2755 4855 συκοφαντεῖσθαι
2783 4787 2919 4854 πρός
2962 4801 3128 4850 τινος,
3176 4784 3252 4846 ὡς
3283 4785 3463 4855 σάρκα
3500 4786 3878 4856 γεγενημένην

2295 4880 2352 4947 ἐξ
2375 4879 2734 4941 ἀλλοιώσεως,
2762 4879 2856 4930 καὶ
2880 4878 3242 4950 παρατροπῆς
3274 4874 3332 4930 εὖ
3361 4879 3504 4948 μάλα
3532 4877 3873 4950 τετηρηκώς.

2291 4971 2474 5041 Φαμὲν
2506 4964 2599 5023 οὖν
2647 4969 2754 5039 ἄρα
2783 4967 2878 5020 καὶ
2909 4969 3071 5041 ἡμεῖς
3099 4968 3276 5030 αὐτοὶ,
3307 4969 3400 5021 τὸν
3443 4970 3552 5021 τῶν
3595 4967 3877 5040 θεηγόρων

2295 5062 2710 5132 ίχνηλατοῦντες
2763 5060 2987 5122 σκοπὸν,
3049 5060 3144 5113 καὶ
3181 5061 3273 5113 τὸν
3315 5061 3414 5129 τῆς
3458 5061 3696 5123 πίστεως
3747 5062 3876 5131 ὅρον

2290 5153 2410 5208 κατ’
2439 5153 2626 5206 οὐδένα
2677 5150 2877 5222 τρόπον
2926 5149 3293 5214 ἐκϐαίνοντες,
3327 5151 3418 5203 τὸν
3456 5155 3520 5204 ὲκ
3553 5151 3690 5203 Θεοῦ
3733 5153 3878 5204 κατὰ

2290 5246 2476 5315 φύσιν,
2515 5245 2607 5296 τὸν
2642 5244 2947 5312 Μονογενῆ,
2978 5243 3070 5296 τὸν
3110 5245 3168 5295 ὲν
3207 5244 3427 5306 κόλποις
3464 5243 3594 5295 ὄντα
3636 5241 3729 5295 τοῦ
3763 5244 3879 5296 Πει-

2285 5340 2436 5410 τρδς,
2464 5339 2555 5392 τὸν
2595 5338 2660 5390 δι’
2708 5331 2769 5388 οἶ)
2805 5337 3004 5400 πάντα,
3046 5335 3136 5388 καὶ
3176 5337 3232 5386 ἐν
3267 5329 3310 5402 ᾧ
3341 5334 3408 5388 τὰ
3450 5335 3649 5399 πάντα,
3694 5333 3874 5386 καίτίκ

612 5426 832 5484 tumque
868 5418 1123 5473 fratribus
1160 5435 1255 5488 per
1295 5422 1498 5486 omnia,
1549 5438 1614 5478 eo
1649 5425 1792 5493 quod
1841 5427 2186 5496 participavit

2298 5431 2386 5500 τὴν
2415 5429 2520 5499 πρὸ
2553 5428 2754 5491 παντὸς
2796 5427 3015 5488 αἰῶνος,
3062 5425 3154 5478 καὶ
3177 5426 3384 5496 χρόνων
3418 5424 3591 5494 ἰδικὴν
3635 5423 3873 5494 ὓπαρξιν

609 5507 858 5564 similiter
889 5511 1034 5564 carni
1086 5520 1140 5565 et
1181 5515 1490 5581 sanguini"
1529 5525 1626 5570 :et
1673 5518 1748 5570 ita
1802 5519 2085 5573 nobiscum
2128 5530 2184 5575 et

2298 5522 2496 5592 ἔχοντα,
2519 5522 2614 5574 καὶ
2643 5521 2728 5574 ἀεὶ
2760 5517 3207 5589 συνυφεστηκότα
3239 5518 3317 5587 τῷ
3336 5515 3704 5586 γεγεννηκότι,
3736 5513 3873 5568 καθ-

681 5707 726 5738 ¹⁸
758 5707 920 5760 Marc.
955 5724 1034 5769 ιιι,
1057 5709 1140 5760 l7.
1223 5711 1262 5742 "
1296 5709 1447 5766 Joan.
1477 5729 1516 5776 ι,
1550 5711 1657 5768 1-3.
1740 5715 1782 5746 ¹⁶
1812 5715 1949 5772 Ibid.
1987 5718 2071 5770 l4.

3282 5719 3323 5751 "
3359 5716 3590 5788 Philipp.
3623 5734 3697 5780 ιι,
3726 5719 3780 5784 6,
3807 5719 3866 5775 7.

609 5778 654 5810 “
685 5776 842 5834 llcbr.
881 5795 940 5847 ιι,
980 5779 1166 5833 Η-Ιῖ,

2206 5720 2224 5749 ⁷
2260 5717 2419 5774 Joan.
2452 5719 2491 5783 l,
2531 5719 2614 5774 l8.
2697 5719 2738 5750 ¹⁸
2771 5715 2924 5774 Joan.
2977 5732 3054 5782 Il,
3087 5717 3176 5772 '56.
