4072 6346
194 380 253 432 l7
1272 375 1643 434 ADVERSUS
1682 371 2083 431 NES'UJRlUM
2122 371 2247 428 LIB.
2290 372 2333 427 1.
3361 372 3426 431 18

197 487 400 541 ικέσθαι
450 487 546 554 μὲν
577 486 655 547 εἰς
704 486 949 539 ἑκούσιον
1001 487 1229 540 κένωσιν
1278 492 1335 542 ὲν
1376 492 1624 560 ἐσχάτοις
1664 490 1756 545 τοῦ

1863 496 2060 543 nostris
2092 489 2319 545 similem
2353 488 2583 543 subiisse
2614 488 3037 557 generationem.
3076 497 3131 543 et
3162 502 3272 544 sua
3304 504 3424 546 car-

190 578 378 640 αἰῶνος
402 579 630 646 καιροῖς,
656 579 746 628 καὶ
779 578 990 647 μορφὴν
1011 578 1197 632 δούλου
1228 580 1430 647 λαϐεῖν,
1461 583 1755 645 ψντέστιν,

190 670 248 720 ὲν
280 670 389 729 τοῖς
427 666 546 718 καθ’
578 667 723 735 ἡμᾶς
753 666 1025 733 γενέσθαι,
1080 669 1172 721 καί.
1221 668 1508 739 ἄνθρωπον
1556 672 1757 724 οἰκονο-

192 758 386 829 μικῶς,
421 758 752 828 ὁμοιωθῆναί
787 776 845 810 τε
872 762 985 821 τοῖς
1012 760 1258 828 ἀδελφοῖς
1284 761 1425 814 κατὰ
1451 762 1649 827 πάντα,
1673 764 1759 816 διά

187 849 281 903 τοῦ
318 849 640 919 μεταλαχεῖν
684 849 883 919 ὁμοίως
935 851 1161 919 αἵματος
1200 852 1293 904 καὶ
1340 852 1572 921 σαρκός·
1618 853 1758 906 οὕτω

189 959 247 994 τε
278 940 392 1010 μεθ’
410 940 588 1011 ἡμῶν,
611 941 703 993 καὶ
724 942 819 1010 τὴν
844 941 963 993 καθ’
983 943 1139 1011 ἡμᾶς’
1155 944 1444 1013 ὑπομεῖναι
1467 944 1723 1013 γέννησιν
1741 959 1754 972 ³

189 1033 283 1085 καὶ
316 1032 414 1100 τῆς
461 1032 596 1095 ἰδίας
624 1033 823 1102 σαρκὸς
853 1034 953 1103 τὴν
1000 1034 1077 1097 εἰς
1109 1034 1170 1087 τὸ
1215 1030 1361 1088 εἶναι·
1400 1035 1631 1104 πάροδον
1681 1035 1758 1096 εἰς

189 1124 381 1177 ἑαυτὸν
416 1124 722 1190 ἀναλαϐεῖν,
761 1125 854 1177 καὶ
890 1127 952 1177 οὺ
973 1125 1233 1196 δευτέρας
1259 1126 1433 1197 ἀρχῆς
1462 1128 1560 1196 τῆς
1590 1126 1670 1189 εἰς
1697 1127 1759 1179 τὸ

188 1208 325 1265 εἶναι
378 1212 698 1282 δεδεημένον
723 1231 737 1245 ·
778 1209 846 1284 ἦν
897 1216 1005 1285 γὰρ
1058 1218 1115 1269 ὲν
1148 1217 1438 1285 ἀρχῇ..κα“ι
1467 1218 1597 1279 Θεὸς
1635 1212 1702 1288 ἧν
1730 1217 1759 1268 6

186 1304 387 1370 Λόγος·
436 1303 548 1355 ἀλλ’
583 1304 672 1357 ἴνα
715 1304 779 1357 τὸ
821 1304 1166 1375 ἀνθρώπινον
1203 1306 1757 1377 ἀνακεφαλαιώσηται

185 1393 361 1460 γένος,
394 1395 615 1465 ἀπαρχὴ
664 1395 881 1449 πάντων
929 1397 1159 1468 δευτέρα
1202 1398 1339 1467 μετά
1388 1398 1487 1469 τὴν
1533 1398 1757 1469 πρώτην

184 1485 423 1553 ἐκείνην,
461 1485 774 1555 τικτόμενος
808 1487 950 1540 κατὰ
980 1488 1159 1559 σάρκα
1203 1492 1267 1543 ὲκ
1307 1488 1583 1556 γυναικὸς,
1618 1488 1761 1541 κατά

183 1573 282 1638 τάς
305 1574 544 1642 Γραφάς.
572 1574 727 1629 Οῦτω
749 1575 857 1647 γὰρ
878 1577 1188 1649 ὲπτώχευσε
1218 1580 1469 1644 πλούσιος
1495 1580 1591 1643 ὢν,
1612 1581 1757 1649 ἡμᾶς

184 1666 264 1722 εἰς
292 1666 382 1718 τὸν
426 1665 553 1719 ἴδιον
585 1667 931 1736 ἀνακομίςων
960 1669 1211 1735 πλοῦτον,
1241 1672 1335 1724 καὶ
1365 1671 1454 1724 διὰ
1481 1673 1581 1742 τῆς
1627 1671 1759 1723 ἑνω-

184 1754 374 1824 θείσης
402 1756 547 1825 αὐτῷ
578 1757 781 1827 σαρκὸς
826 1759 1033 1824 πάντας
1072 1761 1209 1830 ἔχων
1252 1765 1309 1815 ὲν
1359 1763 1555 1833 ἑαυτῷ.
1598 1761 1759 1817 Οῦτω

1862 581 1947 635 nis
2016 581 2228 634 initium
2285 588 2342 633 ut
2406 594 2466 633 ea
2528 594 2647 635 esse
2717 580 3015 648 inciperet,
3076 580 3128 634 in
3191 582 3427 650 seipsum

1862 672 2162 733 suscepisse
2206 689 2218 723 :
2263 687 2367 724 non
2419 671 2562 739 quod
2614 671 2788 725 altero
2836 672 2992 725 initio
3050 672 3314 740 indigeret
3371 680 3431 726 ut

1860 770 2043 815 esset:
2080 777 2201 815 nam
2251 762 2456 816 eratin
2506 762 2791 829 principio,
2844 772 2898 816 et
2957 764 3093 816 Deus
3141 773 3257 817 erat
3296 760 3429 815 Ver-

1862 853 2026 906 bum:
2061 852 2154 907 sed
2198 861 2255 904 ut
2303 850 2600 905 secundum
2645 865 2863 904 carnem
2911 866 2976 906 ex
3010 851 3236 905 muliere
3281 850 3429 918 geni-

1863 949 1983 1003 tus,
2029 940 2323 994 secundum
2371 940 2764 1007 Scripturas",
2825 952 2944 1009 post
2986 942 3131 994 illam
3192 942 3427 1009 priorem

1861 1033 2029 1087 altera
2077 1032 2314 1085 omnium
2365 1033 2643 1087 hominum
2693 1033 2847 1100 origo
2886 1030 3081 1096 factus,
3130 1032 3425 1085 humanum

1862 1138 2031 1194 genus
2074 1124 2484 1191 recapitularet.
2536 1124 2625 1177 Sic
2676 1138 2866 1191 nempe
2902 1137 3122 1192 .pauper
3162 1124 3260 1177 fuit
3305 1138 3427 1177 cum

1862 1213 2010 1268 dives
2057 1220 2221 1276 esset,
2274 1222 2331 1265 ut
2372 1228 2468 1266 nos
2499 1213 2563 1265 ad
2622 1227 2747 1266 snas
2797 1226 2926 1279 opes
2979 1220 3256 1264 revocaret
3276 1212 3343 1277 τ’,
3374 1218 3430 1266 et

1862 1321 1955 1374 per
1990 1306 2193 1359 unitam
2239 1305 2340 1359 sibi
2388 1318 2603 1358 eamem
2641 1318 2833 1357 omnes
2875 1304 2927 1356 in
2967 1304 3146 1372 seipse
3185 1303 3427 1357 contine-

1863 1404 1963 1450 ret.
1998 1395 2089 1449 Sic
2124 1410 2355 1462 namque
2396 1395 2555 1463 plane
2581 1394 2890 1463 consepulti'
2922 1409 3042 1448 cum
3079 1392 3300 1448 Christo
3330 1407 3429 1462 per

1861 1496 2106 1540 sanetum
2159 1486 2509 1551 baptismum,
2559 1495 2612 1538 ct
2663 1485 3073 1539 conresuscitati
3128 1498 3334 1546 sumus,
3376 1492 3433 1538 et

1861 1570 2209 1624 consedimus
2255 1572 2307 1623 in
2348 1571 2679 1634 cmlestibns,
2718 1580 2773 1623 ut
2820 1572 3041 1639 scripsit
3091 1572 3179 1625 ille
3230 1579 3433 1641 myste-

1863 1664 2065 1716 riorum
2121 1663 2498 1732 dispensator,
2553 1664 2639 1717 ille
2685 1678 2865 1731 preco
2912 1674 2965 1718 et
3006 1664 3323 1731 Apostolus,
3377 1672 3433 1717 et

1865 1756 2295 1822 evangelicarum
2330 1755 2507 1825 legum
2539 1757 2795 1811 sacerdos
2825 1756 3259 1825 sapientissimus
3290 1752 3430 1809 Pau-

184 1821 484 1913 γάρξοῦτω
520 1821 945 1918 γσυντέθάμμεθα
1002 1821 1222 1921 μὲνητῷ
1269 1821 1621 1923 Χριστιῖίδιά
1660 1851 1753 1903 τοῦ

1862 1821 2041 1899 lus”.
2106 1821 2422 1900 Necessaria
2474 1855 2558 1899 est
2612 1846 2777 1914 igitur
2846 1821 2910 1899 ad
2968 1846 3209 1914 mysterii
3268 1843 3428 1898 ﬁdem

183 1934 339 2002 ἀγίου
368 1934 765 2005 βαπτίσματος,
805 1939 1257 2009 συνεγηγέρμεθα
1279 1941 1357 2003 δὲ,
1376 1940 1470 1993 καὶ
1498 1939 1755 1992 συνεκαθ-

183 2025 379 2093 ίσαμεν
399 2028 454 2077 ὲν
491 2028 601 2086 τοῖς
626 2027 990 2096 ἐπουρανίοις.
1008 2030 1253 2099 Γέγραφε
1275 2030 1383 2097 γάρ
1412 2027 1585 2091 οὓτως
1604 2032 1632 2081 6
1648 2028 1767 2081 τῶν

180 2115 346 2169 αὐτοῦ
386 2116 699 2185 μυστηρίων
727 2118 951 2187 ταμίας,
983 2121 1009 2172 6
1041 2119 1237 2190 κήρυξ,
1267 2122 1363 2173 καὶ
1407 2120 1762 2182 Ἀπόστολος,

180 2207 271 2259 καὶ
298 2207 409 2260 τῶν
447 2208 817 2275 εὐαγγελικῶν
844 2209 1232 2282 θεσπισμάτων
1268 2212 1567 2283 ἰερουργὸς,
1599 2214 1626 2263 6
1670 2230 1757 2265 σο-

180 2297 430 2366 φώτατος
463 2297 692 2360 Παῦλος.
737 2300 1055 2367 Ἀναγκαῖον
1083 2302 1391 2372 τοιγαροῦν,
1426 2305 1505 2365 εἰς
1537 2302 1636 2372 τὴν
1663 2302 1756 2355 τοῦ

182 2387 482 2455 μυστηρίου
512 2389 693 2439 πίστιν
727 2403 785 2438 τε
803 2389 937 2458 ὁμοῦ
969 2390 1063 2442 καὶ
1097 2392 1414 2461 παράδειξιν
1444 2392 1666 2462 ἀκριϐῆ,
1697 2392 1757 2443 τὸ

176 2476 276 2545 τῆς
306 2476 540 2546 ἀληθοῦς
571 2476 815 2541 ἐνώσεως
859 2481 1079 2549 χρῆμα,
1121 2485 1218 2552 τῆς
1264 2484 1387 2535 καθ’
1436 2485 1752 2548 ὑπόστασιν,

178 2565 345 2632 λέγω,
378 2566 464 2619 ἵνα
494 2568 588 2620 καὶ
617 2570 645 2620 6
678 2572 777 2640 τῆς
809 2570 951 2623 κατά
991 2573 1168 2642 σάρκα
1211 2574 1513 2643 γεννήσεως
1556 2574 1755 2641 τρόπος

178 2653 269 2707 τοῦ
299 2656 639 2723 Μονογενοῦς
661 2659 722 2711 τὸ
744 2660 1145 2731 ἀνεπίπληκτον
1176 2663 1293 2734 ἔχῃ,
1319 2665 1379 2716 οὺ
1417 2664 1553 2733 πρὸς
1584 2663 1757 2732 ῦπαρ-

178 2743 283 2808 ξιν,
316 2746 393 2808 ὼς
421 2746 577 2815 ἔφην,
623 2750 957 2821 κεκλημένου
993 2752 1278 2822 δευτέραν·
1318 2754 1480 2817 αὐτὸς
1505 2755 1612 2824 γάρ
1640 2756 1755 2806 ἐστι

174 2835 285 2889 τῶν
312 2836 524 2889 αἰώνων
554 2839 582 2889 6
624 2842 884 2908 ποιητήςο
930 2842 1121 2895 ἑαυτὸν
1163 2843 1219 2895 δὲ
1266 2844 1477 2914 μᾶλλον
1500 2844 1757 2906 καθέντος

173 2925 539 2995 οἰκονομικῶς
566 2928 643 2989 εἰς
673 2927 1071 2999 ἀνθρωπότητα
1099 2931 1166 2983 δέ
1190 2934 1358 3001 ἡμᾶς,
1382 2934 1476 2986 καὶ
1508 2933 1635 2994 τοὺς
1660 2933 1756 3002 τῆς

174 3016 274 3069 ἀνθ
284 3017 600 3087 ρωπότητος
627 3017 728 3070 οὐκ
759 3018 1123 3088 ἀτιμάσαντος
1155 3022 1370 3090 νόμους,
1414 3022 1666 3092 ἑλομένου
1701 3024 1768 3075 δὲ.

177 3108 388 3178 μᾶλλον
420 3108 559 3177 μετά
579 3108 680 3179 τῆς
712 3109 914 3179 σαρκὸς
946 3110 1038 3162 καὶ
1069 3112 1170 3183 τὴν
1200 3113 1299 3181 τῆς
1331 3115 1533 3184 σαρκὸς
1565 3116 1755 3183 γέννη-
1784 3158 1821 3212 c

177 3218 283 3263 σιν,
312 3201 388 3266 ὡς
414 3202 571 3267 ἰδίαν,
590 3200 753 3271 ἔχειν.
774 3202 1039 3274 Ταύτῃτοί
1066 3220 1244 3273 φαμεν
1264 3205 1593 3275 γεγενῆσθαι
1617 3207 1758 3259 κατὰ
1784 3193 1825 3212 “

177 3292 383 3361 σάρκα,
408 3293 500 3344 τὸν
537 3293 628 3344 ἀεὶ
669 3294 1083 3362 συνυπάρχοντα
1115 3295 1193 3365 τῷ
1224 3296 1417 3366 Πατρί.
1451 3297 1758 3366 Κατέκρινε

174 3382 287 3452 γὰρ
309 3382 453 3435 οὕτω
478 3382 577 3450 τὴν
607 3382 880 3450 ἁμαρτίαν
904 3387 960 3435 ὲν
981 3388 1048 3452 τῇ
1076 3386 1260 3454 σαρκὶ,
1286 3387 1379 3437 καὶ
1406 3388 1759 3456 κατήργηκεν

174 3474 234 3525 ὲν
261 3476 401 3543 ἡμῖν
433 3472 525 3525 τοῦ
561 3472 788 3526 θανάτου
821 3474 883 3526 τὸ
913 3476 1133 3544 κράτος,
1176 3476 1294 3528 καθ’
1324 3479 1470 3544 ἡμᾶς
1500 3480 1756 3544 γεγονὼς,

172 3568 203 3616 6
240 3564 318 3634 μὴ
348 3564 503 3626 εἰδὼς
533 3564 831 3634 ἁμαρτίαν,
853 3567 879 3617 ὁ
910 3566 967 3616 ὲν
992 3557 1034 3631 ᾧ
1066 3565 1269 3636 ζῶμεν,
1305 3568 1399 3619 καὶ
1443 3567 1776 3637 κινούμεθα,,

177 3656 270 3708 καὶ
300 3656 488 3726 ἐσμέν.
517 3656 661 3709 Ἀλλ’
685 3657 783 3708 οὐκ
811 3651 1070 3719 οἷδ’ὃπως
1092 3657 1336 3711 ἀδικοῦσί
1359 3676 1501 3722 τινες
1526 3660 1633 3711 τῶν
1660 3659 1759 3727 τῆς

188 3747 526 3816 Ἐκκλησίας
554 3747 841 3817 δογμάτων
871 3747 931 3799 τὸ
970 3747 1263 3818 ἱερώτατον
1294 3749 1508 3815 κάλλος,
1543 3750 1636 3803 καί
1662 3750 1760 3819 τὴν

174 3841 344 3905 ἁγίαν
402 3856 462 3891 τε
520 3840 614 3891 καὶ
669 3840 943 3905 πάναγνον
988 3839 1258 3910 ρυτιδοῦσι
1320 3840 1617 3909 Παρθένον,
1679 3843 1759 3905 εἰς

172 3930 391 4000 ἀκαλλῆ
424 3930 731 4000 σαθρότητα
756 3931 865 3982 τῶν
904 3931 1049 3984 ἰδίων
1070 3933 1210 4003 αὐτῇ
1232 3932 1344 4004 [Ζσ.
1368 3932 1561 4005 αὐτὴν]
1594 3951 1759 3987 κατα-

175 4023 503 4092 κομίζοντες
530 4022 767 4086 ὲννοιῶν,
794 4023 887 4074 καὶ
910 4022 1079 4087 ξένων
1104 4026 1239 4092 ἡμῖν
1278 4024 1607 4094 εὑρημάτων
1640 4027 1761 4076 επι-

172 4113 511 4181 τειχίζοντες
538 4112 1032 4183 δχλον.Γράφονται
1060 4114 1156 4183 μὲν
1186 4116 1314 4183 γὰρ,
1336 4116 1411 4177 ὡς
1437 4114 1597 4183 νόθην
1618 4115 1758 4176 τινά,

174 4205 269 4257 καὶ
292 4205 400 4256 οὐκ
427 4203 621 4270 εὐφυᾶ,
650 4202 847 4272 μᾶλλον
876 4202 933 4255 δὲ
961 4202 1037 4265 ὡς
1064 4204 1206 4271 πέρα
1229 4203 1428 4265 παντὸς
1456 4202 1638 4255 ἰοῦσαν
1667 4202 1760 4256 τοῦ

172 4300 517 4370 καθήκοντος
533 4296 813 4366 λόγου,τὴν
834 4298 1115 4361 Θεοτόκος
1130 4295 1335 4365 φωνὴν,
1356 4296 1420 4366 ἢν
1442 4297 1534 4349 ὲπὶ
1549 4296 1614 4365 τῇ
1632 4296 1761 4365 ἁγίᾳ

174 4391 452 4461 Παρθένῳ
479 4388 882 4459 συντεθείκασιν
920 4390 968 4440 οἰ
1006 4388 1111 4459 πρὸ
1136 4388 1290 4458 ἡμῶν
1320 4389 1465 4457 ἅγιοι
1488 4386 1757 4458 Πατέρεςο

1858 1933 2016 1988 simul
2071 1943 2125 1988 et
2181 1933 2246 1986 ad
2309 1943 2515 1989 certam
2564 1934 3114 1995 demonstrationem.
3170 1936 3283 2001 ipsa
3338 1948 3427 1988 res

1857 2038 2018 2089 vera),
2059 2025 2353 2079 secundum
2401 2025 2734 2095 liypostasim
2790 2028 3035 2094 inquam,
3087 2026 3321 2090 unionis,
3372 2036 3431 2080 ut

1858 2114 1944 2169 illa
1988 2128 2207 2181 quoque
2239 2114 2533 2166 secundmn
2579 2128 2798 2167 carnem
2838 2113 3107 2181 Unigeniti
3150 2113 3431 2181 generatio

1858 2204 2277 2271 reprehensione
2307 2214 2485 2265 vacet,
2524 2218 2645 2258 cum
2688 2218 2791 2257 non
2826 2205 2891 2257 ad
2930 2204 3181 2265 alterum,
3213 2212 3269 2258 ut
3293 2204 3427 2269 dixi,

1859 2295 2067 2348 initium
2101 2291 2399 2347 exsistendi
2427 2294 2498 2345 sit
2534 2302 2792 2347 vocatus:
2831 2306 2956 2345 nam
3004 2292 3117 2358 ipse
3148 2301 3227 2345 est
3253 2304 3426 2345 saecu-

1859 2386 2033 2439 lorum
2080 2380 2260 2451 opifex
2293 2398 2306 2435 :
2346 2385 2438 2436 sed
2470 2382 2650 2451 petius
2682 2382 2924 2451 seipsum
2968 2389 3188 2450 promer
3226 2394 3324 2435 nos
3362 2380 3429 2435 ad

1859 2476 2249 2531 humanitatem
2300 2475 2599 2539 demiserit,
2636 2489 2809 2542 neque
2840 2473 3144 2541 neglexerit
3180 2472 3430 2526 humana}

1858 2577 2063 2619 natura:
2116 2566 2284 2632 leges,
2326 2566 2422 2619 sed
2475 2580 2581 2617 una
2630 2579 2750 2619 cum
2805 2577 2966 2618 carne
3018 2561 3427 2631 generationem

1858 2672 2075 2725 quoque
2098 2657 2277 2710 carnis
2307 2656 2513 2709 habere
2542 2657 2789 2709 voluerit.
2823 2655 2935 2710 liae
2956 2656 3166 2708 ratione
3196 2654 3429 2709 dicimus

1858 2751 2058 2803 factum
2085 2763 2205 2802 esse
2230 2746 2526 2801 secundum
2563 2760 2787 2801 carnem
2814 2762 2935 2801 eum
2971 2747 3060 2815 qui
3095 2758 3308 2813 semper
3347 2751 3433 2799 est

1858 2855 1980 2893 cum
2024 2838 2184 2892 Patre
2206 2838 2271 2892 “.
2310 2837 2400 2892 Sic
2452 2852 2683 2906 namque
2717 2837 2989 2890 damnavit
3040 2843 3322 2904 peccatum
3373 2833 3427 2886 in

1856 2942 2023 2984 carne
2045 2929 2113 2991 ⁸⁸,
2157 2936 2214 2981 et.
2254 2927 2523 2981 destruxit
2579 2926 2629 2980 in
2689 2926 2844 2981 nobis
2897 2926 3087 2979 mortis
3140 2923 3426 2993 imperium

1858 3020 2027 3073 nostri
2085 3017 2283 3072 similis
2328 3016 2591 3080 factus“,
2648 3018 2737 3071 ille
2778 3017 2868 3085 qui
2921 3015 3197 3070 nesciebat
3240 3028 3433 3083 pecea-

1861 3119 1971 3162 tum
1998 3109 2064 3173 ",
2113 3107 2165 3161 in
2195 3123 2306 3177 quo
2339 3106 2591 3173 vivimus,
2642 3116 2696 3161 et
2727 3120 3026 3169 movemur,
3055 3115 3112 3158 et
3146 3119 3333 3159 suntus
3354 3104 3425 3156 “.

1860 3201 1917 3271 6
1943 3200 2047 3253 Sed
2085 3199 2269 3254 nescio
2311 3198 2582 3266 quomodo
2619 3198 2859 3252 nonnulli
2896 3197 3203 3266 dogmatum
3251 3194 3432 3249 Eccle-

1863 3292 1956 3344 siae
1985 3288 2419 3343 sacratissimum
2459 3287 2710 3342 decorem
2749 3287 2974 3350 violant,
3019 3295 3073 3340 et
3110 3293 3351 3340 sanctam
3377 3292 3435 3338 et

1862 3391 2066 3436 castam
2131 3379 2400 3448 Virginem
2458 3382 2604 3450 rugis
2654 3380 2960 3444 maculant,
3002 3380 3125 3432 dum
3181 3378 3323 3431 illam
3376 3375 3432 3430 in

1864 3483 2077 3538 turpem
2126 3484 2347 3523 suorum
2395 3484 2649 3522 sensuum
2688 3471 3005 3523 inanitatem
3054 3468 3348 3531 deducunt,
3381 3476 3436 3519 et

1863 3576 2124 3616 novorum
2175 3568 2607 3614 commentorum
2663 3560 2878 3612 turbam
2930 3559 3085 3613 nobis
3127 3559 3280 3628 quasi
3316 3574 3435 3613 mu-

1862 3671 1981 3711 rum
2024 3654 2308 3722 objiciunt.
2359 3653 2491 3707 Nam
2540 3669 2728 3709 vocem
2772 3655 2930 3718 hanc,
2976 3653 3228 3723 Deipara,
3271 3668 3432 3721 quam

1862 3746 2032 3802 sancti
2070 3744 2237 3801 nostri
2268 3745 2455 3800 Patres
2496 3745 2561 3799 ad
2612 3754 2858 3799 sanctam
2886 3742 3161 3815 Virginem
3195 3746 3435 3799 cohone—

1864 3840 2113 3895 Standam
2178 3848 2618 3908 composuerunt,
2668 3847 2925 3906 tanquam
2972 3838 3187 3892 notbam
3227 3850 3279 3891 et
3330 3837 3433 3893 mi-

1862 3931 2007 3985 nime
2036 3931 2348 3999 ingenuam,
2389 3930 2497 3982 imo
2539 3943 2664 3982 vero
2696 3930 2854 3999 longe
2900 3944 2926 3981 a
2975 3929 3312 3985 convenienti
3350 3943 3436 3982 ra-

1863 4022 2008 4076 tione
2030 4032 2294 4076 remotam
2324 4030 2618 4084 accusant;
2642 4036 2917 4088 unumque
2947 4022 3434 4077 DominumJesum

1863 4111 2141 4166 Christum
2195 4112 2423 4165 seorsim
2470 4111 2848 4180 distinguunt,
2902 4110 2954 4163 in
3010 4112 3249 4178 duosque
3298 4113 3437 4165 divi-

1863 4201 1999 4255 dunt
2054 4201 2191 4256 ﬁlios
2236 4202 2538 4255 :auleruut
2584 4203 2745 4256 etiam
2792 4216 2822 4255 a
2875 4201 2984 4256 Deo
3029 4201 3204 4256 Verbo
3252 4203 3440 4257 carnis

1864 4293 2169 4362 passiones,
2199 4293 2448 4360 quamvis
2473 4292 2581 4361 pati
2613 4292 2758 4346 illum
2791 4293 2842 4346 in
2874 4293 3088 4361 propria
3118 4303 3307 4345 natura
3331 4307 3435 4361 qua

1866 4384 2006 4437 Deus
2056 4383 2403 4453 intelligitur,
2450 4397 2520 4436 ne
2578 4396 2678 4436 nos
2734 4382 2951 4452 quidem
3006 4383 3283 4448 dicamus,
3341 4383 3437 4438 sed

171 4483 421 4535 διιστᾶσι
455 4480 511 4532 δὲ
534 4481 635 4534 ἀνά
661 4478 826 4550 μέρος
848 4478 1137 4550 τέμνοντες
1167 4482 1246 4543 εἰς
1277 4482 1425 4543 υἰοὺς
1445 4480 1539 4533 δύο
1559 4479 1649 4535 τὸν
1670 4480 1761 4531 ἕνα

1870 4473 2046 4545 potius
2072 4473 2136 4527 ad
2174 4473 2347 4541 ipsum
2390 4486 2494 4525 una
2546 4487 2665 4526 cum
2709 4487 2873 4526 carne
2906 4473 3183 4542 passiones
3223 4488 3437 4540 quoque

176 4576 395 4645 Κύριον
433 4571 641 4641 Ἰησοῦν
658 4572 919 4641 Χριστόνο
940 4571 1275 4642 ἀποφέρουσι
1302 4572 1359 4623 δὲ
1394 4572 1485 4625 καὶ
1514 4570 1607 4624 τοῦ
1629 4570 1762 4623 Θεοῦ

174 4668 358 4735 Λόγου
378 4665 453 4718 τὰ
468 4666 565 4735 τῆς
581 4664 780 4734 σαρκὸς
794 4664 1143 4733 πάθη,καίτοι
1161 4663 1350 4716 παθεῖν
1365 4663 1525 4716 αὐτὸν
1537 4665 1614 4725 εἰς
1629 4663 1763 4717 ἰδίαν

172 4760 364 4829 φύσιν,
381 4756 523 4809 καθὸ
544 4756 741 4807 νοεῖται
764 4754 915 4819 Θεὸς,
936 4756 1053 4808 οὐδὲ
1079 4756 1234 4825 ἡμῶν
1252 4756 1566 4827 εἰρηκότων·
1584 4758 1758 4808 ἀνατι-

172 4849 386 4903 θέντων
410 4846 468 4898 se
506 4844 704 4914 μᾶλλον
743 4844 890 4912 αὐτῷ
923 4844 1062 4911 μετὰ
1092 4844 1193 4913 τῆς
1238 4844 1441 4914 σαρκὸς
1482 4843 1577 4896 καὶ
1597 4842 1665 4894 τὰ
1692 4844 1756 4911 τῇ

172 4941 345 5012 σαρκὶ
378 4936 769 5006 συμϐεϐηκότα
795 4934 962 5003 πάθη,
1000 4935 1086 4986 ἵνα
1112 4934 1206 4986 καὶ
1238 4933 1397 4996 αὐτὸς
1431 4933 1760 5003 ὁμολογῆται

169 5032 374 5100 Σωτήρ
396 5044 411 5059 ·
453 5025 661 5096 τῷγάρ
695 5024 920 5093 μώλωπι
955 5024 1119 5078 αὑτοῦ
1151 5026 1308 5094 ἡμεῖς
1342 5023 1593 5093 ἰάθημεν,
1623 5026 1763 5075 κατά

167 5123 229 5175 τὸ
260 5117 663 5189 γεγραμμένον
687 5134 700 5147 ·
744 5118 837 5169 καὶ
889 5134 952 5185 με
964 5115 1291 5186 μαλάκισται
1350 5116 1446 5187 μὲν
1480 5116 1641 5177 αὐτὸς
1674 5114 1761 5168 διὰ

168 5216 269 5275 τάς
304 5208 589 5281 ἁμαρτίας
617 5207 793 5279 ἡμῶν,
825 5209 1003 5259 καίτοι
1035 5207 1128 5260 τοῦ
1162 5206 1353 5259 παθεῖν
1396 5208 1487 5259 τὸν
1528 5206 1761 5274 μαλακι-

173 5306 316 5374 σμὸν
349 5299 709 5360 ἀνεπίδεκτος
742 5297 846 5349 ῶνα
888 5296 1209 5367 σεσὼσμεθα
1235 5297 1293 5349 δὲ
1324 5298 1486 5367 ἡμεῖς
1508 5295 1598 5347 τὸν
1623 5295 1762 5365 ὑπὲρ

171 5393 337 5464 ἡμῶν
370 5388 743 5451 ἀναλαϐόντος
794 5387 1020 5441 θάνατον
1050 5385 1137 5438 διὰ
1188 5385 1281 5437 τοῦ
1328 5384 1455 5439 ἰδίου
1490 5386 1768 5455 σώματος.

172 5465 541 5555 Πεὶράσομαι
573 5481 632 5534 δὲ
683 5480 828 5551 ἅπερ
863 5479 997 5547 ἔφην
1035 5477 1299 5545 ἐπιδεῖξαι
1356 5478 1563 5547 σαφῶς.
1606 5478 1762 5531 Ἀνα-

1871 4566 2051 4620 carnis
2104 4564 2437 4629 referamus,
2498 4570 2558 4616 ut
2602 4563 2775 4631 ipsum
2834 4578 3047 4632 quoque
3099 4562 3434 4619 Salvatorem

1869 4656 2422 4711 conliteamurznam
2477 4654 2593 4723 ejus
2644 4653 2815 4707 livore
2862 4655 3035 4707 sanati
3090 4670 3317 4720 smnus,
3378 4664 3438 4709 ut

1868 4747 2131 4814 scriptum
2168 4753 2252 4799 est
2275 4746 2343 4809 “,
2374 4752 2429 4798 et
2458 4744 2763 4799 inﬁrmatus
2798 4752 2881 4798 est
2913 4745 3030 4812 ipse
3058 4755 3279 4814 propter
3310 4759 3440 4813 pee-

1867 4848 1986 4894 cata
2018 4845 2228 4901 nostra,
2256 4835 2503 4902 quamvis
2531 4835 2751 4889 minime
2783 4849 2951 4903 capax
2983 4847 3125 4893 esset
3153 4834 3439 4890 inﬁrmita-

1874 4929 1944 4983 tis
1972 4944 1985 4979 :
2018 4939 2221 4993 nosque
2257 4924 2450 4978 salvati
2491 4938 2677 4979 sumus
2712 4924 2836 4978 dum
2887 4924 2972 4977 ille
3002 4937 3097 4991 per
3127 4939 3281 4977 suum
3312 4938 3438 4978 cor-

1868 5034 1967 5088 pus
2002 5028 2227 5071 mortcm
2263 5024 2503 5069 nostram
2543 5016 2804 5082 suscepit.
2833 5014 3087 5068 Couabor
3123 5015 3289 5081 igitur
3318 5030 3438 5084 qua:

1868 5111 1976 5165 dixi
2008 5109 2165 5179 plane
2211 5116 2536 5163 monstrare.
2590 5108 2706 5163 Jam
2754 5108 2898 5163 enim
2944 5106 3060 5177 ejus
3104 5109 3194 5176 qui
3239 5108 3435 5163 librum

1868 5201 2221 5269 conscripsit,
2272 5214 2433 5255 voces
2476 5200 2761 5254 recitabo:
2793 5210 2847 5253 et
2898 5200 3077 5269 priore
3131 5200 3252 5253 loco
3302 5213 3439 5267 quas

1869 5292 2077 5356 eiludit,
2116 5292 2244 5346 dum
2276 5306 2486 5358 vocem,
2510 5290 2761 5358 Deipam,
2806 5291 3094 5345 immodice
3136 5291 3432 5359 reprehen-

1871 5384 2045 5439 deret.
2086 5382 2191 5437 Sed
2220 5383 2344 5452 quia
2381 5396 2543 5451 smpe,
2582 5398 2703 5436 cum
2739 5383 2928 5437 eadem
2972 5382 3205 5435 inculcat
3249 5381 3435 5445 verba,

1874 5492 1974 5531 nos
2010 5491 2222 5546 quoque
2267 5476 2355 5544 qui
2411 5475 2485 5530 illi
2522 5476 2894 5541 adversamur,
2924 5473 3141 5529 easdem
3195 5482 3440 5542 repetere

248 5692 292 5722 “
320 5688 508 5743 Galat.
532 5700 604 5743 ιν,
638 5682 691 5735 ι.
770 5678 871 5734 "ll
897 5677 1018 5732 Cor.
1042 5676 1225 5736 vni,9.
1303 5677 1346 5706 ”
1378 5675 1530 5730 Rom.
1559 5690 1630 5738 vt,
1661 5674 1694 5728 4
1733 5694 1746 5740 ς

1862 5677 1969 5730 hes.
2006 5693 2063 5740 ιι,
2090 5677 2140 5730 6.
2221 5678 2265 5709 ³⁵
2295 5674 2447 5728 Rom.
2483 5692 2519 5738 ι,
2548 5677 2603 5729 5.
2679 5676 2721 5708 ’⁵
2748 5676 2903 5731 Rom.
2929 5691 3041 5742 vm,
3064 5678 3117 5731 5.
3197 5677 3240 5709 "
3270 5678 3434 5734 Hebr.

174 5773 239 5829 tt,
275 5760 367 5815 Η.
454 5757 499 5789 ν’
527 5754 570 5810 ιι
603 5755 727 5809 Cor.
761 5764 814 5817 τ,
849 5751 938 5803 ει.
1010 5748 1054 5778 ⁸⁸
1085 5748 1204 5799 Act.
1236 5760 1369 5812 xvn,
1406 5746 1493 5798 28.
1574 5746 1618 5775 "
1645 5747 1745 5801 isa.

1868 5763 1904 5811 ι,
1937 5746 1969 5801 5
2004 5764 2017 5813 ;
2058 5746 2248 5803 Matth.
2277 5762 2396 5813 vm,
2426 5746 2509 5801 17.
