4072 6346
621 406 685 465 49

1599 407 1654 463 S.
1697 403 1968 464 CYRILLI
2005 400 2469 458 ALEXANDRINI
2507 403 2821 459 ARCHIEP.

3783 385 3852 439 ‘10

622 528 918 582 sententias
936 541 1154 584 necesse
1187 533 1286 590 est,
1322 528 1464 591 date,
1498 525 1743 588 obsecro,
1771 525 1927 580 nobis
1948 523 2182 586 veniam,

2314 523 2573 593 (miluom:
2600 522 2710 592 γὰρ
2733 522 2832 592 ἤδη
2859 521 2955 582 τὰς
2979 519 3069 572 τοῦ
3097 518 3155 569 τὸ
3193 514 3391 584 βιϐλίον
3423 504 3852 577 συγγεγραφότος

621 619 710 686 qui
744 634 847 674 non
888 631 1076 688 sponte
1102 621 1166 673 ad
1203 619 1362 671 verba
1407 616 1593 670 eadem
1629 615 1871 668 iteranda
1911 612 2176 674 venimus.

622 710 716 764 sed
758 725 1075 780 quacunque
1125 711 1267 765 illius
1300 711 1584 764 verborum
1625 721 1820 775 scopus
1852 705 2046 775 pergit,
2083 704 2181 758 ibi-

621 800 742 851 dem
772 799 847 853 illi
891 801 1280 855 occurrendum
1312 811 1430 853 esse
1469 799 1832 852 decrevimus.
1883 795 1972 850 Sic
2019 796 2182 865 igitur

624 887 900 942 dixitcum
937 905 1120 944 vocem
1156 889 1300 942 illam
1352 887 1679 957 improbaret
1731 889 1782 942 in
1829 895 2012 940 sancta
2059 883 2184 939 Vir-

622 981 764 1046 gine,
790 981 1037 1051 Deipara,
1066 984 1278 1053 inquam
1315 999 1328 1035 :

2299 615 2481 683 φωνάς
2505 631 2516 641 ·
2551 615 2643 666 καὶ
2676 614 2782 681 πρό
2809 627 2869 678 γε
2895 610 3001 662 τῶν
3032 608 3203 662 ἄλλων
3229 603 3460 662 ὲκείνας,
3495 598 3549 650 αἳ
3577 596 3860 664 γεγόνασιν

2291 704 2459 773 αὐτῷ,
2493 702 2592 772 τῆς
2620 704 2902 767 Θεοτόκος
2934 700 3113 768 φωνῆς
3140 698 3200 751 οὑ
3235 694 3465 766 μετρίως
3489 685 3852 756 κατειρηκότι.

2304 795 2519 865 Ἐπειδὴ
2551 795 2606 847 δὲ
2637 793 2948 854 πλειστάκις
2975 789 3060 843 διὰ
3090 789 3197 841 τῶν
3229 783 3637 853 αὑτῶνέρχεται
3662 778 3851 844 λόγων,

2287 884 2778 955 ἀντανισταμένους
2792 882 2845 935 δὲ
2863 882 2957 936 καὶ
2975 884 3006 951 ἡ
3018 882 3122 950 μᾶς
3133 878 3220 931 διὰ
3239 876 3344 930 τῶν
3361 872 3538 927 αὐτῶν
3558 870 3689 923 ίέναι
3711 866 3859 919 πλει-

2298 977 2485 1039 στάκις
2517 974 2756 1035 ἐννοιῶν,
2780 973 3097 1039 ἀναγκαῖον,
3115 970 3228 1022 δότε
3256 967 3341 1035 δὴ,
3361 965 3478 1018 δότε
3505 957 3860 1038 συγγνώμηνν

622 1044 685 1128 οὑ
716 1044 1033 1126 ταυτοεπεῖν
1055 1044 1369 1143 ᾑρημένοις,
1395 1072 1507 1125 ἀλλ’
1533 1067 1677 1144 ᾗπερ
1705 1072 1769 1124 ἂν
1801 1073 1869 1125 ἴοι
1899 1069 2006 1122 τῶν
2037 1067 2244 1120 ἐκείνου
2274 1067 2447 1135 λόγων
2475 1058 2505 1119 δ
2536 1066 2755 1127 σκοπὸς,
2787 1064 2959 1134 ταύτῃ
2981 1062 3072 1114 καὶ
3105 1061 3234 1130 ἡμῖν
3263 1053 3646 1125 ἀντιφέρεσθαι
3664 1051 3772 1104 δεῖν
3797 1044 3854 1102 εὖ

629 1162 774 1229 μάλα
811 1141 1181 1232 διεγνωκόσινξ
1206 1165 1347 1234 Ἔφη
1387 1141 1565 1218 τοίνυν
1599 1141 1715 1230 ὡδὶ,
1744 1163 1840 1233 τὴν
1885 1160 1976 1214 ἒπί
2015 1177 2079 1228 γε
2112 1163 2179 1230 τῇ
2220 1159 2351 1230 ἁγίᾳ.
2383 1157 2646 1229 Παρθένῳ
2708 1153 3180 1224 κατακιδδηλεύων
3248 1149 3452 1219 φωνὴν,
3494 1145 3637 1214 φημὶ
3678 1142 3733 1194 δὲ
3759 1141 3860 1210 τὴν,

627 1254 931 1319 Θεοτόκος.

695 1343 939 1400 Νεετοιι.
963 1344 1160 1417 [Saepe,
1188 1347 1383 1417 inquit,
1408 1348 1528 1402 illos
1545 1347 1721 1417 rogavi
1743 1347 1856 1418 (eos
1878 1346 2081 1402 scilicet
2102 1344 2189 1412 qui

2363 1339 2709 1414 [Ἦρώτησα,
2743 1335 2896 1403 φησὶ,
2935 1330 3189 1392 πολλάκις
3230 1325 3428 1387 αὐτοὺς
3471 1323 3648 1392 (δῆλον
3687 1321 3743 1374 δὲ
3779 1321 3869 1376 ὅτι.

627 1431 724 1498 ipsi
749 1412 1234 1503 eontradicebant).
1261 1412 1396 1489 Num
1423 1412 1685 1489 Deitalem
1709 1412 1890 1489 dicitis
1912 1449 1979 1488 ex
2003 1443 2191 1487 sancta

2314 1412 2416 1493 τούς
2447 1422 3046 1493 άντιλὲγονταςαὺτοῦ)’
3064 1421 3175 1490 Τὴν
3209 1416 3440 1484 θεότητα
3459 1412 3645 1479 λέγετε
3672 1428 3859 1479 γεγεν-

630 1522 851 1592 Virgine
884 1527 1105 1580 natam?
1133 1525 1210 1580 Ad
1243 1527 1355 1581 haec
1383 1527 1543 1581 verba
1588 1527 1731 1581 illico
1763 1525 2050 1579 resiliunt:
2086 1523 2190 1576 Ec-

627 1616 769 1683 quis,
817 1615 1088 1685 inquiunt,
1140 1625 1289 1671 tanto
1322 1617 1672 1686 blasphemia:
1716 1615 1905 1669 morbo
1953 1615 2184 1677 laborat,

633 1715 689 1759 ut
719 1722 840 1775 quae
875 1709 1133 1777 templum
1182 1710 1386 1779 genuit,
1422 1709 1656 1777 Spiritus
1697 1707 1870 1762 sancti
1919 1721 2104 1774 opera,
2139 1706 2191 1759 in

626 1811 690 1848 ea
722 1795 890 1850 Deum
924 1797 1096 1865 ipsum
1127 1807 1365 1854 creatum
1397 1798 1579 1852 dicat!
1612 1796 1811 1851 Deinde
1840 1811 1962 1850 cum
1989 1796 2054 1850 ad
2082 1791 2194 1848 haec

631 1884 859 1954 subjicio
897 1905 914 1942 ι
950 1888 1089 1954 Quid
1128 1888 1290 1956 igitur
1319 1889 1554 1942 absurde
1581 1888 1776 1940 dicitur
1807 1900 1835 1938 a
1865 1884 2039 1947 nobis,
2071 1898 2192 1936 eum

631 1990 816 2030 vocem
846 1975 986 2030 hanc
1021 1975 1214 2030 etl‘erre
1247 1976 1458 2043 quidem
1489 1975 1797 2036 suademus,
1829 1973 1920 2026 sed
1950 1973 2014 2025 ad
2045 1987 2192 2025 eom-

634 2079 795 2120 nume
839 2064 1052 2119 duabus
1101 2065 1310 2118 naturis
1358 2063 1712 2133 signiﬁcatum
1759 2061 2023 2131 pergere?
2060 2059 2194 2114 Tum

633 2168 762 2209 vero
789 2162 978 2223 putant
1026 2153 1402 2222 blasphemum
1438 2164 1558 2205 esse
1604 2150 1748 2218 quod
1790 2149 2063 2203 dicimus:
2092 2148 2198 2201 Aut

633 2253 816 2316 aperte
853 2245 1114 2300 confitere
1142 2243 1481 2298 divinitatem
1519 2255 1584 2295 ex
1633 2243 1787 2295 beata
1834 2239 2003 2295 Maria
2047 2238 2198 2310 geni-

637 2346 766 2400 tam,
796 2345 888 2389 aut
924 2335 968 2390 si
1013 2344 1071 2389 ut
1106 2333 1471 2403 blasphemam
1503 2332 1645 2402 fugis
1676 2333 1818 2386 hanc
1849 2344 2059 2394 vocem,
2102 2344 2200 2384 cur

633 2426 725 2494 qui
757 2427 944 2481 eadem
968 2435 1131 2496 atque
1155 2439 1256 2492 ego
1278 2425 1434 2489 dicis,
1465 2433 1516 2480 te
1541 2423 1685 2479 haud
1714 2423 1892 2478 dicere
1914 2421 2135 2478 simulas
2152 2418 2197 2492 ξι]

704 2602 756 2671 7
783 2599 921 2672 Ergo
945 2616 1006 2656 ex
1040 2601 1127 2656 bis
1144 2614 1265 2669 quas
1295 2600 1631 2668 dicis,atque
1661 2597 1824 2652 etiam
1853 2595 2047 2650 nescio
2065 2607 2201 2664 quo-

636 2693 796 2745 modo
827 2692 1168 2746 sentiendum
1194 2700 1376 2761 putas,
1405 2691 1472 2746 de
1506 2692 1570 2745 iis
1594 2690 1686 2760 qui
1717 2694 1903 2744 contra
1929 2688 2198 2751 sentiunt,

637 2793 822 2850 aperte
847 2783 1213 2838 testimonium
1253 2782 1428 2838 fertur
1456 2782 1618 2836 etiam
1657 2790 1759 2836 tua:
1786 2780 1934 2834 vocis
1979 2777 2200 2833 confes-

636 2875 806 2939 sione,
835 2883 1034 2928 rectam
1055 2874 1174 2928 illos
1199 2890 1262 2929 ac
1286 2889 1469 2928 veram
1501 2871 1827 2929 sententiam
1862 2871 1930 2926 de
1955 2880 2198 2926 nostrum

637 2964 874 3019 omnium
906 2963 1418 3021 SalvatoreChristo
1442 2975 1646 3028 tenere,
1676 2973 1730 3018 et
1753 2962 1911 3016 tidem
1945 2963 1995 3015 in
2023 2961 2202 3014 animo

2296 1522 2493 1590 νῆσθαι
2528 1521 2591 1572 ὲκ
2619 1520 2716 1587 τῆς
2751 1514 2912 1581 ἁγίας
2945 1509 3261 1580 Παρθένους
3302 1502 3674 1590 Ἀποπηδῶσιν
3703 1501 3872 1563 εὐθὺς

2298 1584 2435 1683 πρὸς
2461 1610 2521 1662 τδ
2551 1584 2700 1679 ῥῆμα
2721 1621 2735 1636 ·
2765 1605 2874 1658 Καὶ
2901 1601 3006 1665 τίς,
3030 1597 3186 1668 φασὶ,
3217 1584 3485 1662 τοσαύτίην
3518 1589 3863 1661 βλασφημίαν

2300 1702 2463 1764 νοσεῖ,
2495 1699 2632 1752 ὥστε
2667 1694 2880 1763 ἐκείνην
2917 1691 3014 1760 τὴν
3043 1687 3378 1756 γεννήσασαν
3408 1682 3499 1733 τὸν
3528 1679 3652 1732 νἀδν
3685 1678 3876 1745 λέγειν·

2296 1789 2450 1857 παρὰ
2475 1787 2569 1841 τοῦ
2617 1784 2934 1852 Πνεύματος
2961 1778 3052 1832 τὸν
3093 1775 3225 1829 Θεὸν
3268 1775 3324 1825 ὲν
3371 1771 3554 1857 ἐκείνῃ
3586 1768 3869 1833 ὲκτίσθαις

2298 1856 2428 1931 Εἶτα
2455 1877 2582 1928 ὅταν
2603 1872 2868 1940 ἐπαγάγω
2895 1869 3031 1938 πρὸς
3052 1865 3246 1929 ταῦτα,
3273 1863 3337 1915 Τί
3367 1856 3457 1915 οὖν
3485 1861 3681 1913 ἄτοπον
3707 1860 3873 1928 ἡμεῖς

2296 1966 2526 2036 λέγομεν
2553 1961 3012 2034 συμϐουλεύοντες
3037 1955 3215 2022 λέγειν
3244 1952 3345 2022 τὴν
3376 1951 3579 2020 φωνὴν,
3609 1950 3702 2001 καὶ
3723 1948 3878 2018 ἔρχει

2300 2058 2422 2111 σθαι
2460 2057 2553 2110 ἐπὶ
2589 2053 2649 2108 τὸ
2691 2053 2867 2106 κοινὸν
2917 2046 3311 2119 σημαινόμενον
3341 2043 3446 2096 τῶν
3495 2042 3588 2096 δύο
3619 2040 3877 2109 φύσεων;

2298 2150 2431 2204 Τότε
2465 2147 2743 2218 νομίζεται
2780 2144 2964 2204 αὐτοῖς
3003 2135 3144 2192 εἷναι
3190 2137 3504 2208 βλάσφημον
3548 2134 3606 2186 τό
3645 2133 3868 2202 λεγόμε-

2298 2254 2415 2294 νον·
2459 2240 2528 2293 Ἦ
2560 2236 2892 2308 ὁμολόγησον
2925 2230 3111 2300 σαφῶς
3142 2226 3368 2294 θεότητα
3415 2222 3768 2293 γεγεννῆσθαι
3803 2222 3880 2275 ὲκ-

2298 2332 2399 2402 τῆς
2438 2329 2716 2401 μακαρίας
2772 2323 3012 2394 Μαρίας,
3067 2321 3101 2390 ἢ
3159 2319 3374 2387 φεύγων
3425 2316 3498 2378 ὼς
3550 2313 3884 2382 βλάσφημον-

2298 2425 2399 2492 τὴν
2450 2418 2654 2490 φωνὴν,
2703 2415 2757 2468 τί
2798 2414 2866 2467 τὰ
2904 2412 3044 2468 αὑτά
3080 2427 3169 2482 μοι
3218 2408 3428 2477 λέγων,
3483 2403 3748 2476 ὑποκρίνῃ
3795 2403 3886 2474 μὴ

2299 2511 2479 2580 λέγειν
2493 2507 2533 2581 ;]

2371 2577 2578 2656 Θὺκοὺν
2620 2595 2700 2662 οἷς
2745 2595 2880 2664 ἔφης
2906 2591 3104 2664 αὑτὸς,
3134 2588 3228 2641 καὶ
3267 2586 3372 2657 μὴν
3401 2584 3495 2637 καὶ
3524 2581 3736 2652 φρονεῖν
3774 2577 3888 2632 οὐκ·

2301 2691 2394 2750 οἷδ’
2427 2695 2574 2754 ὅπως
2616 2663 2808 2752 ἀξιοῖς,
2835 2663 2984 2738 διίτά
3013 2679 3226 2735 ἐναντία
3273 2675 3606 2740 δοξάζοντες,
3652 2685 3872 2740 μεμαρκ

2301 2782 2561 2854 τύ-ρηνται
2609 2775 2794 2847 σαφῶς
2827 2774 2918 2827 καὶ
2957 2772 3043 2825 διά
3076 2770 3176 2838 τῆς
3211 2767 3308 2837 σῆς
3335 2763 3540 2834 φωνῆς.
3569 2760 3740 2854 spem
3781 2759 3886 2811 καὶ·

2302 2850 2714 2938 ἀπλανεστάι-ην
2745 2867 2842 2936 τὴν
2881 2863 2971 2918 ἐπί
2999 2879 3064 2930 γε
3105 2861 3186 2931 τῷ
3233 2858 3450 2912 πάντων
3477 2853 3631 2921 ὴμῶν
3663 2850 3886 2920 Σωτῆρι-

2304 2962 2542 3035 Χριστῷ,
2572 2958 2881 3028 ποιούμενοι
2931 2952 3123 3019 δόξαν,
3161 2951 3254 3005 καὶ
3304 2949 3485 3000 πίστιν
3531 2945 3741 3013 ἔχοντες
3797 2942 3896 3002 είς

635 3055 858 3119 habere,
890 3070 1051 3125 quam
1088 3057 1123 3110 ii
1156 3056 1246 3126 qui
1284 3056 1352 3110 ab
1387 3056 1545 3111 initio
1567 3055 1664 3125 ipsi
1702 3055 1980 3120 viderunt,
2011 3061 2064 3107 et
2095 3049 2201 3104 mi-

2314 3055 2448 3117 νοῦν,
2468 3054 2534 3124 ἣν
2551 3052 2668 3114 ταῖς
2692 3046 3040 3116 Ἐκκλησίαις
3064 3038 3508 3112 παραδεδώκασιν
3527 3039 3574 3089 οἱ
3594 3035 3686 3088 ἀπ’
3707 3035 3894 3102 ἀρχῆς

642 3145 796 3201 nistri
820 3146 1038 3202 luerunt
1068 3147 1357 3213 sermonis,
1382 3147 1798 3215 divinorumque
1819 3142 2200 3214 mysteriorum

643 3249 948 3294 nostrorum
979 3241 1288 3295 sacerdotes
1329 3239 1840 3308 dispensatoresque
1885 3233 2065 3288 ﬁdeles
2098 3232 2204 3286 Ee-

643 3330 820 3385 clesiis
847 3330 1188 3386 tradiderunt
1223 3330 1288 3385 ³⁸.
1323 3329 1452 3384 Jure
1493 3328 1635 3384 enim
1678 3338 1929 3396 tanquam
1979 3324 2205 3378 inscitiae

641 3436 971 3491 summaque
1022 3422 1313 3491 impietatis
1360 3421 1581 3474 evidens
1624 3427 1996 3488 argumentum
2052 3429 2205 3467 aver-

643 3523 834 3568 santur
863 3513 942 3566 vel
980 3513 1094 3567 sola
1138 3512 1542 3566 existimatione
1580 3510 1870 3576 euneipere
1895 3546 1908 3570 ,
1968 3505 2095 3558 illud
2139 3518 2204 3557 ex

655 3604 762 3657 Deo
785 3603 948 3656 Patre
976 3602 1211 3656 Verbum
1239 3602 1304 3654 ad
1338 3599 1633 3654 secundum
1660 3598 1870 3652 initium
1894 3605 1950 3649 ut
1979 3611 2097 3650 esse
2127 3595 2206 3646 in-

648 3698 855 3764 ciperet
888 3703 1136 3748 vocatum
1160 3707 1300 3755 esse,
1337 3692 1420 3745 vel
1451 3700 1649 3744 sancta:
1698 3687 1936 3754 Virginis
1985 3699 2204 3739 carnem

649 3801 760 3842 sure
786 3787 1118 3842 exsistentize
1142 3785 1282 3839 velut
1325 3784 1556 3836 radicem
1586 3782 1871 3850 quamdam
1892 3777 2166 3844 accepisse
2191 3789 2209 3827 :

649 3879 744 3935 sed
777 3886 955 3932 tamen
993 3879 1161 3945 ipsam
1202 3874 1290 3929 Dei
1343 3874 1656 3944 genitricem
1709 3878 1944 3932 vocant,
2000 3876 2058 3920 ut
2092 3879 2213 3935 quae

653 3969 799 4022 illum
823 3967 1248 4027 Emmanuelem,
1284 3967 1374 4034 qui
1411 3980 1475 4018 ex
1509 3973 1699 4016 natura
1736 3961 1875 4016 Deus
1905 3968 2013 4020 est,
2041 3972 2208 4027 pepe-

656 4059 785 4112 rerit
818 4073 832 4110 :
868 4072 990 4111 nam
1053 4057 1180 4111 illud
1235 4054 1467 4111 Verbum
1530 4055 1727 4109 factum
1775 4060 1857 4107 est
1906 4051 2213 4113 nobiscum,

656 4152 797 4218 quod
825 4167 892 4206 ex
925 4162 1116 4206 natura
1153 4151 1291 4205 Deus
1319 4159 1374 4205 et
1406 4164 1567 4219 supra
1591 4162 1689 4203 nos
1715 4154 1856 4202 erat.
1882 4144 2020 4199 Num
2050 4144 2218 4213 igitur

661 4244 724 4298 iis
778 4258 896 4314 qum
928 4245 1165 4298 sentiunt
1221 4244 1493 4296 contraria
1537 4240 1832 4295 asserunt?
1867 4237 2017 4292 Dicet
2049 4236 2217 4300 enim,

659 4345 715 4389 ut
753 4346 903 4404 puto,
939 4336 1206 4404 quispiam
1256 4350 1319 4388 ex
1369 4335 1435 4386 iis
1481 4333 1571 4400 qui
1620 4343 1795 4386 tecum
1831 4330 2076 4383 sentiunt
2113 4343 2128 4378 :
2160 4327 2221 4381 Si

2310 3122 2575 3197 αὐτόπται
2602 3140 2696 3192 καὶ
2726 3134 2993 3206 ὑπηρέται
3021 3132 3303 3202 γενόμενοι
3326 3127 3420 3181 τοῦ
3449 3126 3631 3194 λόγου,
3655 3123 3748 3176 καὶ
3771 3122 3894 3174 τῶνη

2286 3268 2292 3275 ε
2312 3235 2468 3289 θείων
2489 3232 2645 3305 ἡμῶν
2672 3227 2982 3301 μυστηρίων
3003 3222 3291 3294 ἱερουργοὶ,
3317 3220 3410 3273 καὶ
3431 3217 3621 3286 ταμίαι
3640 3215 3885 3282 γνήσιοι·

2312 3302 2658 3380 ἀποσείονται
2708 3321 2807 3390 μὲν
2847 3318 2954 3385 γὰρ
2999 3315 3090 3365 καὶ
3139 3312 3283 3380 μάλα
3311 3307 3506 3376 ὀρθῶς,
3539 3306 3614 3365 ὡς
3644 3302 3898 3372 ἀμαθίας-

2311 3432 2370 3467 τε
2394 3410 2528 3482 ὁμοῦ
2557 3410 2647 3462 καὶ
2679 3408 2778 3476 τῆς
2820 3407 2898 3467 εἰς
2934 3402 3101 3472 ἄκρον
3145 3398 3383 3470 ἡκούσης
3409 3392 3722 3456 δυσσεϐείας
3750 3390 3888 3445 ἀπό-

2313 3504 2475 3568 δειξιν
2509 3499 2731 3571 ἐναργῆ,
2763 3497 2822 3550 τὸ
2874 3495 2976 3549 κᾶν
3027 3491 3155 3560 γοῦν
3202 3489 3451 3559 οἰηθῆναι
3499 3487 3677 3557 μόνον,
3702 3485 3789 3536 τὸν
3822 3484 3896 3534 ὲκ

2316 3594 2452 3648 Θεοῦ
2493 3592 2704 3660 Πατρὸς
2738 3589 2909 3661 Λόγον
2943 3586 3022 3646 είς
3051 3582 3222 3654 ἀρχὴν
3267 3580 3360 3632 τοῦ
3409 3573 3545 3630 εἶναι
3591 3571 3891 3661 κεκλῆσθαι

2317 3683 2598 3754 δευτέραν,
2622 3659 2801 3749 γῆγουν
2848 3679 2946 3744 τῆς
2996 3673 3130 3734 ἰδίας
3173 3666 3460 3737 ὑπάρξεως
3508 3663 3661 3754 ῥίζαν
3701 3659 3895 3727 ὥσπερ

2318 3776 2458 3838 τινὰ,
2483 3750 2587 3842 τῆς
2624 3771 2783 3837 ἁγίας
2817 3765 3092 3836 Παρθένου
3141 3759 3233 3830 τὴν
3279 3758 3458 3827 σάρκα
3502 3753 3714 3842 λαδεῖν·
3751 3750 3893 3842 πλην

2320 3865 2643 3935 ὀνομάζουσι
2661 3859 2920 3911 Θεοτόκον
2946 3853 3135 3919 αὐτὴν,
3155 3849 3229 3911 ὡς
3251 3844 3620 3900 ἁποτεκοῦσαν
3648 3836 3898 3910 δηλονότι,

2321 3929 2450 4011 Θεδν
2480 3954 2610 4008 ὅντα
2654 3949 2794 4004 κατὰ
2826 3945 2984 4016 φύσιν
3018 3941 3107 3994 τὸν
3139 3934 3486 4008 Ἐμμανουήλ
3510 3950 3524 3965 ο
3555 3932 3741 4001 γέγονε
3784 3929 3900 3997 γὰρ

2328 4050 2442 4119 μεθ’
2472 4045 2627 4118 ἡμῶν
2655 4041 2787 4102 Θεὸς
2833 4037 2908 4090 ὢν
2955 4033 3134 4104 φύσει,
3167 4032 3263 4084 καὶ
3301 4028 3440 4097 ὑπὲρ
3474 4025 3616 4095 ἡμᾶς
3643 4023 3670 4074 ό
3698 4020 3894 4119 Λόγος.

2323 4139 2448 4210 ⁷Δρ’
2470 4134 2561 4191 οὖν
2587 4130 2664 4198 οἷς
2690 4131 2928 4196 δοξάζειν
2947 4123 3215 4193 ἐγνώκασι
3245 4117 3497 4172 τάναντία
3523 4112 3717 4184 φασίν;
3750 4109 3901 4178 Ἐρεί

2325 4233 2454 4301 γὰρ,
2487 4224 2662 4299 οἶμαι,
2691 4227 2773 4288 τίς
2801 4221 2906 4275 τῶν
2941 4220 3005 4272 τὰ
3040 4216 3177 4270 αὑτά
3213 4231 3292 4265 σοι
3321 4209 3534 4281 φρονεῖν
3563 4202 3853 4275 ᾑρημένων
3879 4214 3895 4228 ο

2328 4291 2414 4378 ἐξ.
2529 4291 2626 4390 τὴν
2650 4291 2745 4370 τοῦ
2759 4318 2927 4382 Λόγου
2954 4310 3112 4380 φύσιν
3135 4306 3294 4374 γέννη
3306 4319 3378 4372 μα
3393 4298 3590 4370 σαρκὸς
3607 4291 3756 4393 εἶναι.
3769 4292 3901 4362 φὴς,

661 4425 820 4482 Verbi
853 4437 1097 4481 naturam
1134 4428 1338 4498 prolem
1369 4442 1490 4482 esse
1512 4425 1694 4480 carnis
1721 4439 1888 4493 negas
1909 4461 1924 4485 ,
1960 4431 2012 4474 et
2043 4431 2093 4474 te
2126 4423 2208 4473 llOt

2326 4417 2420 4470 καὶ
2457 4413 2564 4466 τῶν
2604 4411 2682 4472 είς
2713 4407 2870 4461 τοῦτο
2909 4402 3105 4457 σαυτὸν
3133 4395 3492 4454 ἀπαλλάττεις
3536 4386 3904 4458 αἱτιαμάτων,

3087 4496 3108 4498 “
3259 4487 3281 4498 ⁸
3345 4486 3372 4498 ⁸
3411 4485 3437 4498 ¹⁹
3529 4487 3548 4498 ’³
3635 4481 3646 4496 θ
3747 4477 3904 4498 Ια-Ιη,.

680 4477 820 4482 πη-
1135 4477 1337 4498 τῳ----
1375 4477 1487 4482 --μ
1679 4477 1686 4478 κ
1791 4477 1820 4493 υ
1913 4477 1922 4485 .

660 4521 887 4576 crimine
923 4522 1164 4583 liberas,
1192 4521 1461 4590 quomodo
1485 4519 1649 4588 igitur
1676 4525 1916 4571 sanctam
1944 4513 2208 4582 Virginem

2330 4507 2445 4570 πῶς
2490 4504 2553 4574 δὴ
2601 4503 2708 4572 ἄρα
2744 4500 2875 4552 Θεὸν
2907 4496 3210 4561 ἀποκυῆσαι
3254 4485 3548 4539 διαϐεϐαιοῖ
3599 4481 3693 4551 τὴν
3738 4477 3907 4545 άιγίαν

664 4617 936 4683 peperisse
971 4613 1138 4667 Deum
1167 4612 1365 4666 asseris
1391 4612 1416 4662 τί
1451 4611 1554 4664 Sed
1582 4611 1628 4663 is
1655 4624 1683 4661 a
1712 4609 1865 4660 nobis
1887 4621 1916 4659 e
1947 4605 2222 4661 contrario

666 4709 846 4763 audiet
891 4727 904 4761 :
948 4707 1179 4783 Carnem
1215 4705 1414 4760 factum
1462 4718 1580 4756 esse
1626 4701 1757 4754 illud
1789 4714 1854 4754 ex
1909 4697 2021 4751 Deo
2067 4696 2226 4750 Patre

674 4799 902 4853 Verbqu
934 4799 1012 4851 ait
1041 4798 1321 4866 Scriptum
1345 4795 1603 4849 divinitus
1653 4793 1937 4858 inspirata,
1989 4789 2093 4842 hoc
2123 4795 2226 4848 est,

669 4890 818 4943 carni
849 4887 1313 4944 sine'conl‘usioue
1351 4896 1402 4940 et
1426 4885 1719 4940 secundum
1749 4882 2080 4953 liypostasim
2113 4879 2231 4932 uni-

671 4988 780 5038 tum
816 5001 831 5039 :
874 4995 1047 5050 neque
1069 4982 1209 5035 enim
1242 4979 1472 5033 alienum
1510 4977 1577 5031 ab
1624 4991 1690 5031 eo
1736 4986 1853 5029 erat
1903 4975 2110 5026 unitum
2159 4970 2230 5024 illi

670 5090 884 5144 corpus,
920 5083 973 5128 et
1009 5084 1189 5127 natum
1233 5087 1294 5127 ex
1335 5072 1559 5125 muliere
1586 5107 1603 5131 ,
1645 5068 1736 5122 sed
1761 5077 1817 5120 ut
1855 5081 2008 5119 suum
2041 5063 2235 5130 cuique

674 5176 913 5221 nostrum
947 5165 1224 5234 proprium
1255 5173 1337 5217 est
1375 5177 1588 5230 corpus,
1643 5160 1836 5213 eodem
1885 5158 2042 5211 modo
2071 5155 2237 5209 etiam

676 5258 948 5330 Unigeniti
977 5272 1176 5325 corpus
1215 5256 1491 5325 proprium
1541 5254 1613 5305 illi
1654 5260 1793 5310 erat.
1831 5261 1886 5302 et
1937 5264 2038 5301 non
2101 5246 2238 5298 alte-

678 5350 791 5404 rius
825 5367 837 5401 :
872 5349 952 5403 sic
989 5363 1216 5416 namque
1251 5347 1423 5400 laetus
1459 5353 1540 5399 est
1584 5345 1745 5397 etiam
1787 5340 2080 5395 secundum
2114 5352 2240 5392 car-

677 5458 822 5500 nem.
859 5442 1126 5497 Praeterea
1157 5442 1244 5494 die
1269 5439 1400 5494 mihi
1433 5437 1700 5507 quomodo
1731 5435 1929 5489 factum
1981 5441 2062 5487 est
2087 5446 2233 5492 caro,

677 5535 722 5591 si
755 5535 1034 5604 generatio
1060 5548 1124 5587 ex
1152 5533 1376 5586 muliere
1413 5545 1518 5584 non
1555 5530 1624 5584 sit
1676 5528 1925 5598 adjuncta
1957 5542 1971 5591 ;
2003 5539 2122 5579 cum
2151 5524 2245 5577 liu-

681 5642 855 5685 mauze
887 5638 1095 5682 naturzu
1131 5625 1276 5697 leges
1315 5624 1365 5680 id
1410 5624 1687 5694 requirant
1725 5662 1737 5680 .
1785 5631 1838 5676 et
1877 5617 2108 5676 earnalis
2156 5632 2249 5671 cx-

754 5807 796 5840 ”
829 5805 957 5861 Luc.
998 5823 1036 5866 ι,
1075 5807 1129 5860 ξ’..

2327 4599 2634 4669 Παρθένον;
2667 4588 3083 4648 Ἀντακούσεται
3111 4583 3168 4636 δὲ
3201 4579 3333 4650 πρός
3364 4576 3517 4646 ἡμῶν
3545 4592 3556 4603 ·
3593 4573 3779 4640 Σάρκα
3804 4584 3904 4634 γε-

2329 4659 2516 4746 νέσθαι
2545 4689 2707 4757 φησὶν
2735 4687 2767 4755 ἡ
2795 4682 3144 4736 θεόπνευστος
3176 4668 3365 4740 Γραφὴ
3392 4667 3481 4718 τὸν
3517 4667 3580 4716 ὲκ
3613 4659 3746 4714 Θεοῦ
3788 4659 3907 4757 Πα-

2337 4785 2463 4856 τρὸς
2491 4782 2679 4849 Λόγον,
2712 4773 3000 4832 τουτέστιν,
3029 4763 3363 4856 όισυγχύτως⁵
3392 4775 3448 4811 τε
3493 4757 3587 4810 καὶ
3617 4751 3736 4805 καθ’
3771 4747 3910 4855 invi:

2348 4836 2384 4856 v.
2444 4836 2460 4847 a
2579 4836 2588 4849 ’
2669 4836 2677 4842 ’
3877 4836 3908 4847 ο

2341 4890 2526 4927 στασιν
2560 4868 2818 4937 ἑνωθῆναι
2852 4859 3011 4931 σαρκί
3035 4875 3048 4888 ο
3101 4857 3158 4909 οὐ
3195 4853 3301 4922 γὰρ
3338 4847 3403 4919 ἦν
3433 4846 3707 4914 ἀλλότριον
3738 4839 3910 4894 αὐτου

2338 4967 2400 5019 τὸ
2426 4963 2620 5017 ὲνωθὲν
2645 4958 2791 5026 αὑτῴ
2818 4956 2997 5024 σῶμα,
3016 4950 3108 5003 καὶ
3130 4943 3521 5015 γεγεννημένον
3545 4940 3606 4989 ὲκ
3628 4931 3911 5002 γυναικὸς,

2339 5057 2454 5110 ἀλλ’
2486 5055 2672 5120 ὥσπερ
2718 5049 2846 5102 ἴδιον
2893 5043 2999 5096 τῶν
3045 5039 3162 5094 καθ’
3193 5037 3339 5107 ἡμᾶς
3378 5032 3588 5098 ἑκάστῳ
3627 5027 3687 5079 τὸ
3717 5021 3911 5102 αὑτοῦ,

2339 5147 2479 5202 κατὰ
2507 5147 2601 5198 τὸν
2631 5142 2791 5195 αὑτὸν
2822 5136 3034 5190 τουτονὶ
3057 5134 3274 5203 τρόπον,
3317 5128 3406 5180 καὶ
3443 5123 3534 5175 τοῦ
3573 5115 3915 5185 Μονογενοῦς

2341 5242 2470 5294 ἴδιον
2504 5234 2590 5308 ἦν,
2620 5237 2712 5290 καὶ
2736 5233 2832 5300 οὑχ
2862 5230 3047 5298 ὲτέρου
3079 5223 3140 5278 τὸ
3173 5221 3356 5289 σῶμαο
3385 5216 3525 5268 οὕτω
3555 5210 3662 5281 γὰρ
3695 5208 3785 5262 καὶ
3819 5223 3915 5272 γε-

2341 5333 2592 5400 γέννηται
2633 5325 2772 5378 κατὰ
2800 5320 2994 5390 σάρκα..
3025 5311 3154 5367 Εἶτα
3175 5310 3288 5372 πῶς
3319 5307 3403 5368 ἂν,
3433 5303 3553 5357 είπέ
3587 5318 3694 5369 μοι,
3718 5297 3913 5365 γέγονε

2347 5387 2500 5492 σὰρξ
2523 5419 2581 5472 ού
2617 5387 3061 5485 παρειλημμένης
3089 5401 3386 5469 γεννήσεως
3416 5395 3513 5463 τῆς
3543 5394 3605 5445 ἐκ
3631 5387 3915 5492 γυναικὸς,

2345 5515 2451 5569 τῶν
2483 5515 2581 5582 τῆς
2620 5503 3031 5575 ἀνθρωμτώτητος
3073 5495 3248 5562 νόμων
3288 5491 3365 5550 εἰς
3397 5484 3554 5538 τοῦτο
3583 5478 3919 5540 καλούντων,

2346 5606 2442 5662 καὶ
2622 5570 2883 5669 σαρκικῆς
2924 5587 3204 5660 ὑπάρξεως
3244 5581 3339 5652 τὴν
3371 5576 3542 5650 ἀρχὴν
3581 5574 3677 5643 οὐχ
3721 5570 3919 5641 ἑτέραν
