4072 6346
167 376 227 432 ει
1256 392 1623 453 ADVERSUS
1661 394 2065 457 NESTORIUM
2109 400 2236 457 LIB.
2275 400 2316 455 1.
3332 409 3401 463 22

167 492 306 592 ἔχειν
334 494 629 592 δυναμένης
658 500 753 571 τὴν
779 501 924 569 ὁδόν;
959 502 1032 558 Ού
1063 506 1171 577 γάρ
1194 526 1293 561 που
1316 514 1435 575 ταῖς
1470 512 1725 583 Ἑλλήνωι

1839 518 2084 572 sistcntia
2117 520 2184 573 ab
2216 518 2371 573 initio
2401 531 2506 571 non
2551 518 2708 571 aliam
2757 519 2895 573 viam
2941 520 3144 576 habere
3179 524 3400 592 possit?

163 582 468 677 τέρθρείαις
520 594 979 671 προσεσχηκότες,
1024 598 1087 650 ὲκ
1135 599 1294 668 δρυὸς
1337 604 1367 672 ἢ
1422 582 1624 677 πέτρας
1671 610 1737 662 τὰ

164 672 459 767 ἀνθρώπων
490 677 765 734 τίκτεσθαι
800 683 1028 754 σώματα
1063 688 1157 741 καὶ
1195 691 1355 759 ἡμεῖς
1398 672 1550 747 αὐτοί
1596 698 1735 767 ῥαψ-

161 765 456 857 ῳδησομεψ
476 769 670 838 νόμους
692 774 747 827 δὲ
772 778 898 840 τοὺς
920 778 1041 831 καθ’
1065 780 1211 849 ἡμᾶς
1232 784 1263 851 ἠ
1290 783 1450 851 φύσις
1476 765 1732 857 ὡρίσατο,

163 856 362 948 μᾶλλον
402 858 457 912 δὲ
500 861 599 931 τῆς
640 863 853 932 φύσεως
889 869 1297 942 όΔημιουργός.
1341 856 1594 929 Τίκτεται
1628 879 1735 948 γὰρ

158 946 346 1019 ὥσπερ
368 950 457 1018 ἀφ’
483 952 712 1008 ἑκάστου
739 957 847 1009 τῶν
866 959 1033 1030 ὀντων
1059 962 1118 1015 τὸ
1158 966 1435 1032 συγγενὲς.
1468 968 1610 1022 οὓτω
1643 972 1735 1023 καὶ

158 1035 414 1131 ὲξᾼήμῶν
447 1043 625 1095 αὐτῶν
647 1062 660 1075 υ
698 1047 792 1099 καὶ
820 1049 920 1103 οὐκ
951 1051 1018 1104 ἂν
1068 1053 1267 1123 ἑτέρως
1300 1056 1409 1125 ἔχοι
1443 1059 1502 1111 τὸ
1545 1062 1733 1131 χρῆμά

156 1126 354 1192 ποθενς
398 1131 684 1199 ἀνέφικτον
734 1136 833 1205 μὲν
878 1138 986 1209 γὰρ
1030 1144 1305 1206 παντελῶς
1349 1146 1499 1200 οὐδὲν
1542 1126 1733 1204 ὧ-νμᾶν

155 1216 327 1309 ξλοιτο
363 1223 657 1292 κατορθοῦν
683 1230 748 1297 τῇ
783 1228 901 1299 θείᾳ
929 1234 1116 1285 τεκαὶ
1150 1235 1444 1307 ἀπορρήτῳ
1484 1238 1730 1309 δυνάμει,

156 1306 373 1377 ἔρχεται
394 1311 450 1363 δὲ
484 1313 569 1366 διὰ
594 1316 701 1369 τῶν
725 1318 946 1372 εἰκότων
971 1325 1033 1392 τῇ
1066 1324 1172 1377 τῶν
1202 1326 1369 1379 ὄντων
1401 1329 1582 1397 φύσει,
1607 1306 1732 1395 τοὺς

157 1400 293 1489 παρή
315 1401 482 1471 αὐτῆς
510 1406 856 1476 τεθειμένους
884 1412 983 1465 οὐκ
1010 1414 1352 1483 ἀτιμάζουσα
1384 1420 1578 1489 νόμους
1598 1439 1611 1453 ·
1639 1425 1732 1476 καὶ

244 1488 344 1581 oux
370 1491 653 1559 ἀνέφικτον
680 1495 758 1565 τῷ
783 1498 961 1553 πάντα
990 1481 1221 1571 ἰσχύοντι
1253 1508 1429 1576 Λόγῳ,
1446 1481 1731 1581 κεκρικότι

156 1578 254 1643 μὲν
290 1578 355 1632 δι’
386 1582 532 1651 ἡμᾶς
579 1585 829 1650 γενέσθαι
863 1588 984 1642 καθ’
1014 1593 1182 1661 ἡμᾶς,
1216 1578 1640 1669 παραιτουμένῳ
1669 1618 1738 1668 γε

154 1669 261 1738 μὴν
310 1672 559 1741 γέννησιν
606 1676 704 1745 τὴν
756 1678 819 1731 ὲκ
867 1682 1145 1747 γυναικὸς,
1173 1683 1369 1748 ἔξωθεν
1414 1688 1592 1759 ἑαυτῷ
1640 1692 1732 1743 καὶ

154 1760 261 1847 ίδίςι
289 1761 513 1831 δυνάμει
547 1764 989 1839 πλαστουργῆσαι
1024 1771 1082 1824 τὸ
1114 1774 1293 1843 σῶμα,
1318 1776 1568 1844 καθάπερ
1589 1779 1726 1847 ἀμέ-

150 1846 231 1901 λει
267 1851 518 1916 γενέσθαι
552 1855 732 1923 φαμὲν
760 1859 852 1909 καὶ
883 1859 975 1910 ἐπὶ
1013 1859 1106 1911 τοῦ
1134 1841 1478 1933 προπάτορος
1514 1841 1681 1934 Ἀδάμ
1708 1881 1721 1894 °
1758 1841 1799 1893 Β

153 1940 386 1992 ιἘλαὸε
416 1942 542 2010 γὰρ,
579 1945 764 2013 φησιν,
791 1948 819 1997 ὁ
848 1946 980 2010 Θεὸς
1015 1948 1142 2017 χοῦν
1183 1950 1290 2003 ἀπὸ
1324 1952 1421 2020 τῆς
1466 1954 1589 2023 γῆς,
1632 1956 1733 2008 καὶ

148 2026 350 2083 ἔπλασε
397 2032 489 2085 τὸν
536 2033 842 2106 ἄνθρωπον.
870 2056 888 2089 ι
922 2039 1138 2113 Ἐπειδὴ
1185 2042 1240 2096 δὲ
1286 2046 1557 2116 πρόφασις
1587 2048 1737 2120 αὕτη·

147 2123 259 2185 τοῖς
286 2123 535 2190 ἀπίστοις
560 2122 649 2198 ἢν,
682 2133 1038 2198 συκοφαντεῖν
1066 2133 1309 2188 ἐθέλουσι
1332 2138 1430 2206 τῆς
1458 2137 1739 2210 ὲνανθρωι

150 2216 367 2287 πήσεως
412 2217 472 2270 τὸ
523 2222 843 2290 μυστήριον,
877 2222 971 2275 καὶ
1006 2223 1112 2295 πρό
1144 2242 1206 2293 γε
1235 2225 1342 2278 τῶν
1384 2227 1581 2290 ἄλλων,
1614 2233 1727 2294 τοϊς

145 2307 381 2371 ἀνοσίοις
428 2310 766 2379 Μανιχαὲοις,
795 2311 888 2375 οὒς
934 2314 1047 2367 ἀνω
1090 2331 1150 2367 τε
1194 2316 1287 2371 καὶ
1322 2317 1471 2370 κάτω
1498 2318 1725 2373 δεδιέναι

147 2398 274 2468 φὴς,
313 2399 390 2470 μὴ
434 2402 542 2471 ἄρα
588 2419 688 2455 που
737 2407 850 2467 τοῖς
884 2404 1145 2459 Θεοτόκον
1190 2406 1403 2476 λέγουσι
1434 2410 1532 2481 τὴν
1563 2411 1725 2478 ἁγίαν

148 2489 426 2559 Παρθένον
469 2493 891 2565 ὲπιπηδήσειαν,
941 2496 1017 2558 ὡς
1061 2498 1120 2548 ἐν
1163 2498 1354 2565 μόναις
1400 2502 1726 2568 φαντασίαις

145 2574 612 2651 διαϐεϐαιούμενοι
644 2583 895 2651 γενέσθαι
927 2582 1022 2636 τοῦ
1070 2586 1244 2654 Λόγου
1285 2587 1383 2658 τὴν
1424 2589 1722 2660 σάρκωσιν,

147 2667 468 2740 κεχώρηκεν
501 2672 818 2740 ἀναγκαίως
861 2673 951 2727 διά
988 2674 1097 2728 τῶν
1126 2675 1474 2752 ἀνθρωπίνης
1507 2682 1723 2751 φύσεως

147 2758 326 2826 νόμων
346 2775 365 2802 -”
404 2760 499 2813 καὶ
538 2762 767 2832 ἐπείπερ
794 2757 861 2833 ἦν
891 2764 918 2815 ὁ
945 2765 1146 2829 σκοπὸς
1176 2768 1347 2838 αὐτῷ,
1374 2771 1725 2845 πληροφορῆ-

146 2866 234 2902 σαι
271 2850 616 2919 σύμπαντας,
656 2853 737 2905 ὅτι
783 2853 1010 2923 γέγονεν
1037 2857 1322 2927 ἄνθρωπος
1356 2863 1591 2933 ἀληθῶς,
1624 2866 1727 2917 ἐπα

144 2940 370 2993 ελάὁετο
388 2941 700 3013 σπέρματος
734 2946 1014 3017 Ἀϐραάμ·
1052 2952 1146 3002 καὶ
1180 2953 1570 3023 μεσιτευρύσης
1591 2954 1726 3025 πρὸς

145 3030 303 3084 τοῦτο
352 3032 484 3085 αὐτὸ
530 3034 629 3103 τῆς
677 3037 956 3108 μακαρίας
1000 3040 1298 3111 Παρθένου,
1327 3045 1726 3115 παραπλησίως

1839 607 1952 662 Νοη
2003 609 2144 663 enim
2200 608 2478 676 gentilium
2527 609 2735 662 scilicet
2797 611 2953 680 nugis
3010 612 3400 678 adhaerentes,

1837 712 1901 752 ex
1930 714 2130 767 quercu
2186 708 2278 751 aut
2316 712 2380 752 ex
2440 708 2589 766 petra
2648 700 2924 753 hominum
2978 717 3204 770 corpora
3256 705 3401 774 gigni

1836 803 1931 841 nos
1968 804 2178 857 quoque
2211 789 2566 842 fabulabimur
2618 792 2760 843 :sed
2813 790 2957 860 leges
3014 801 3230 849 nostras
3287 796 3402 862 ipsa

1838 887 2053 941 natura,
2108 880 2218 933 imo
2252 894 2379 934 vero
2437 882 2548 947 ipse
2592 880 2784 948 Opifex
2832 892 3040 938 natura!
3096 886 3399 939 constituit.

1843 967 1916 1023 Ut
1944 971 2085 1023 enim
2118 985 2183 1025 ex
2233 985 2552 1040 unaquaque
2591 986 2648 1025 re
2689 974 2829 1041 quod
2880 984 3172 1045 cognatum
3206 984 3290 1029 est
3321 976 3405 1043 gi-

1835 1059 2032 1127 gnitur,
2065 1060 2133 1111 ita
2163 1060 2324 1112 etiam
2361 1075 2425 1114 ex
2454 1062 2607 1115 nobis
2632 1062 2762 1129 ipsis
2804 1080 2817 1115 :
2849 1079 3025 1133 neque
3055 1064 3214 1119 aliter
3263 1066 3313 1118 id
3345 1080 3404 1120 se

1836 1149 2035 1203 habere
2053 1158 2231 1218 potest
2259 1152 2368 1205 ullo
2406 1153 2583 1206 modo.
2621 1152 2879 1219 Quamvis
2909 1155 3051 1209 enim
3100 1156 3298 1211 divina;
3323 1158 3399 1211 illi

1834 1250 1887 1295 et
1920 1240 2172 1297 ineli‘abili
2200 1243 2453 1311 potentia}
2504 1245 2726 1299 omnino
2771 1245 2907 1300 nihil
2955 1248 3291 1315 impossibile
3326 1248 3398 1302 sit

1834 1348 1897 1387 ex
1928 1333 2009 1386 his
2031 1348 2151 1402 quae
2195 1334 2322 1388 velit
2361 1333 2594 1400 edicere,
2642 1345 2820 1393 tamen
2858 1353 2925 1392 ne
2954 1338 3103 1408 leges
3134 1356 3161 1393 a
3215 1355 3274 1395 se
3303 1354 3400 1409 po-

1834 1424 1966 1479 sitas
1999 1435 2332 1490 contemnat,
2356 1441 2454 1495 per
2482 1442 2544 1481 ea
2569 1429 2742 1498 pergit
2775 1444 2895 1499 quae
2929 1444 3049 1484 cum
3081 1446 3268 1485 rerum
3299 1445 3395 1484 na-

1836 1523 1953 1568 tura
1985 1517 2311 1570 conveniunt
2349 1535 2361 1570 :
2400 1526 2624 1586 eratque
2658 1533 2762 1573 non
2822 1520 3156 1587 impossibile
3216 1521 3400 1575 omni-

1833 1606 2035 1673 potenti
2067 1607 2142 1661 illi
2171 1606 2370 1670 Verbo,
2390 1609 2447 1677 8
2468 1608 2556 1663 ubi
2583 1611 2868 1665 statuisset
2902 1620 3123 1680 propter
3154 1626 3252 1666 nos
3278 1610 3396 1664 ﬁeri

1834 1699 2128 1752 secundum
2176 1713 2293 1762 nos,
2333 1699 2375 1752 si
2420 1699 2823 1768 generationem
2873 1714 2938 1755 ex
2981 1701 3205 1756 muliere
3250 1700 3402 1755 refu-

1833 1799 2001 1855 geret,
2041 1789 2141 1841 sibi
2181 1790 2520 1844 extrinsecus
2569 1805 2632 1844 ae
2679 1792 2897 1860 propria
2955 1790 3156 1844 virtute
3206 1804 3402 1859 corpus

1827 1874 2079 1935 formare,
2106 1886 2161 1929 ut
2186 1878 2372 1942 procul
2415 1879 2577 1931 dubio
2631 1880 2681 1933 in
2716 1881 2885 1933 Adam
2934 1882 3109 1948 primo
3180 1887 3402 1947 parente

1830 1963 2027 2017 factum
2060 1964 2291 2019 dicimus
2326 1984 2339 2020 :
2388 1983 2406 2016 ι
2448 1967 2672 2034 Accepit
2712 1968 2856 2022 enim
2902 1969 3040 2024 Deus
3091 1968 3399 2037 pulverem,

1830 2053 2025 2124 inquit,
2082 2056 2147 2110 de
2193 2064 2357 2120 terra,
2398 2063 2451 2110 et
2482 2054 2732 2111 formavit
2778 2059 3049 2114 hominem
3096 2059 3139 2091 ”
3182 2076 3196 2113 :
3242 2079 3259 2113 ι
3309 2061 3403 2115 sed

1829 2146 1955 2215 quia
1997 2147 2048 2200 id
2093 2148 2315 2216 perlidis
2364 2146 2673 2205 hominibus
2716 2150 3037 2206 calumniari
3095 2150 3400 2207 volentibus

1830 2239 2220 2294 incarnationis
2268 2239 2626 2311 mysterium,
2669 2254 2766 2309 pro
2815 2242 3106 2296 occasione
3160 2241 3398 2296 futurum

1826 2338 1965 2393 erat,
2007 2340 2060 2383 et
2086 2340 2212 2384 ante
2242 2340 2469 2385 caeteros
2501 2330 2678 2401 impiis
2714 2330 3025 2386 Manichaeis
3051 2371 3065 2395 ,
3095 2346 3230 2401 quos
3266 2331 3397 2387 sub-

1828 2420 1950 2475 inde
1982 2427 2035 2474 te
2066 2430 2305 2474 metuere
2337 2420 2493 2485 dicis,
2538 2434 2603 2475 ne
2646 2421 2698 2473 in
2732 2435 2825 2475 eos
2860 2421 3074 2476 scilicet
3121 2422 3212 2490 qui
3266 2435 3395 2474 san-

1826 2519 1966 2566 ctam
2013 2509 2284 2580 Virginem
2338 2508 2432 2563 Dei
2485 2510 2799 2578 genitricem
2848 2512 3053 2575 dicunt,
3104 2511 3347 2566 insiliant
3377 2550 3393 2575 ,

1828 2603 1981 2671 quasi
2016 2609 2261 2657 asserant
2288 2599 2451 2656 Verbi
2490 2601 2917 2657 incarnationem
2969 2601 3021 2656 in
3066 2602 3179 2657 sola
3212 2602 3391 2671 specie

1829 2692 2044 2759 iactam,
2086 2693 2205 2748 ideo
2237 2692 2604 2748 necessarium
2645 2691 2747 2747 fuit
2785 2701 2845 2747 ut
2883 2707 2977 2762 per
3013 2694 3265 2748 humanae
3305 2708 3394 2745 na-

1829 2792 1959 2838 tura:
1984 2784 2127 2854 leges
2152 2792 2437 2851 pergeret:
2468 2792 2522 2836 et
2547 2784 2672 2853 quia
2697 2784 2748 2837 id
2771 2783 2842 2837 illi
2875 2785 3209 2852 propositum
3246 2776 3388 2845 erat.

1827 2885 1887 2931 ut
1917 2891 1978 2931 se
2011 2890 2134 2930 vere
2169 2875 2441 2930 hominem
2474 2873 2672 2929 factum
2691 2875 2944 2928 omnibus
2969 2876 3392 2937 demonstraret,

1827 2964 2182 3034 apprehendit
2211 2979 2391 3019 semen
2452 2963 2727 3018 Abraham
2760 2963 2823 3027 ³²,
2875 2973 2927 3017 et
2965 2962 3028 3014 ad
3064 2977 3182 3016 eam
3219 2963 3393 3031 ipsam

1827 3071 1941 3110 rem
1991 3056 2146 3110 beata
2188 3054 2405 3123 Virgine
2447 3056 2621 3110 media
2676 3053 3104 3116 interveniente,
3146 3052 3397 3105 similiter

144 3122 274 3217 ἡμῖν
330 3124 588 3194 μετέσχεν
631 3127 862 3196 αἵματος
904 3131 1001 3182 καὶ
1043 3129 1378 3201 σαρκός.⁷Ην
1414 3135 1521 3206 γὰρ
1551 3137 1723 3200 οὕτως

1827 3162 1889 3201 ac
1918 3162 2017 3201 nos
2048 3147 2391 3217 participavit
2415 3161 2582 3201 carne
2611 3156 2666 3199 et
2700 3146 3001 3215 sanguine;
3037 3158 3213 3211 neque
3247 3145 3393 3196 enim

144 3212 238 3262 καὶ
277 3213 377 3282 οὐχ
418 3215 616 3284 ἑτέρως
647 3218 766 3285 μεθ’
792 3218 951 3287 ἡμῶν
983 3221 1232 3286 γενέσθαι
1262 3223 1413 3276 Θεόν.
1456 3226 1723 3294 Χρειωδε-

144 3302 317 3369 στάτη
362 3304 418 3354 δὲ
464 3305 557 3355 καὶ
590 3306 789 3374 ἑτέρως
821 3311 934 3371 τοῖς
965 3311 1056 3361 ἐπὶ
1083 3312 1178 3378 τῆς
1221 3315 1320 3382 γῆς
1348 3316 1380 3382 ἡ
1418 3314 1512 3367 τοῦ
1546 3316 1721 3384 Λόγου

144 3392 445 3463 τῖάρκωσις,
482 3396 646 3465 ῆγουν
675 3398 1086 3471 ὲνανθρώπησις
1119 3397 1205 3471 ἦν.
1240 3404 1301 3455 Εἰ
1349 3404 1423 3475 μὴ
1466 3404 1574 3476 γὰρ
1628 3424 1723 3474 γε-

140 3484 403 3555 γέννηται
452 3487 571 3539 καθ’
600 3489 746 3557 ἡμᾶς
778 3490 918 3559 κατὰ
968 3492 1166 3560 σάρκα,
1202 3494 1250 3544 εἰ
1294 3495 1368 3564 μὴ
1409 3496 1516 3548 τῶν
1547 3498 1724 3549 αὐτῶν

143 3570 275 3637 ἡμῖν
326 3573 558 3641 μετέσχε
608 3575 1026 3645 παραπλησίως,
1062 3580 1160 3630 οὐκ
1207 3580 1272 3633 ἂν
1303 3582 1400 3652 τὴν
1432 3584 1720 3655 ἀνθρώπου

140 3659 307 3727 φύσιν
339 3663 446 3714 τῶν
476 3665 533 3715 ἐν
567 3664 736 3733 Ἀδὰμ
768 3666 1074 3736 ἀπήλλαξεν
1100 3671 1487 3741 ἐγκλημάτων,
1516 3678 1625 3729 οὐδ’
1658 3678 1723 3730 ἂν

138 3750 248 3802 τῶν
274 3754 564 3823 ἡμετέρων
596 3756 862 3824 σωμάτων
894 3760 1201 3831 ἀπεσὸὅησε
1230 3768 1329 3834 τὴν
1358 3766 1582 3837 φθορὰν,
1602 3770 1723 3821 οὐδ’

140 3840 205 3891 ἂν
239 3843 503 3913 κατέληξε
537 3845 635 3914 τῆς
668 3848 807 3919 ἀρᾶς
850 3852 879 3918 ἡ
923 3852 1168 3921 δύναμις,
1199 3856 1262 3923 ἢν
1295 3856 1386 3907 ἐπὶ
1428 3862 1491 3928 τῇ
1532 3860 1719 3930 πρώτῃ

142 3936 361 3997 γυναικὶ
404 3936 656 4001 γενέσθαι
696 3940 906 4010 φαμέν·
944 3943 1157 4012 εἴρηται
1192 3947 1299 4017 γὰρ
1345 3949 1477 4017 πρὸς
1510 3950 1677 4019 αὑτήν
1702 3968 1714 3980 ·

148 4043 164 4072 ι
190 4025 276 4075 Ἑν
303 4025 504 4090 λύπαις
531 4029 659 4099 τέξῃ
691 4031 874 4084 τέκνα.
912 4052 929 4082 ι
967 4034 1126 4088 una
1152 4036 1408 4106 νενόσηκε
1446 4040 1544 4109 μὲν
1570 4042 1602 4111 ἡ
1631 4043 1721 4096 ἀν-

144 4115 365 4185 θρώπου
394 4119 554 4186 φύσις
599 4122 658 4173 τὸ
697 4123 919 4183 ἀπειθὲς
953 4126 1010 4176 ὲν
1045 4126 1243 4197 Ἀδάμ’
1285 4129 1472 4196 γέγονε
1504 4131 1599 4185 νῦν
1631 4135 1720 4187 εὑ-

138 4204 364 4277 δόκιμος
410 4211 467 4261 ὲν
500 4210 719 4281 Χριστῷ
749 4214 835 4265 διὰ
871 4215 967 4282 τῆς
1012 4219 1092 4279 εἰς
1124 4217 1270 4271 ἅπαν
1304 4221 1580 4292 ὑπακοῆς·
1628 4226 1719 4291 γέ-

140 4311 386 4368 γραπται
418 4301 543 4369 γὰρ,
576 4305 658 4355 ὅτι
682 4304 925 4375 «Ὥσπερ
953 4308 1039 4359 διὰ
1058 4311 1155 4378 τῆς
1178 4314 1461 4382 παρακοῆς
1480 4315 1571 4367 τοῦ
1600 4317 1719 4380 ἐνὸς

136 4387 450 4459 ἀνθρώπου,
487 4391 800 4462 ἁμαρτωλοὶ
830 4397 1238 4467 κατεστάθησαν
1268 4402 1315 4452 οί
1348 4402 1550 4468 πολλοὶ,
1575 4405 1718 4460 οὕτω

1826 3238 1983 3293 aliter
2018 3238 2502 3293 licebatnobiscum
2530 3237 2642 3291 ﬁeri
2682 3237 2866 3290 Deum.
2889 3234 3186 3290 Utilissima
3213 3244 3393 3288 autem

1825 3340 1878 3383 et
1915 3330 2019 3384 alia
2048 3345 2263 3400 quoque
2294 3330 2504 3383 ratione
2535 3328 2619 3382 his
2652 3327 2743 3396 qui
2780 3335 3067 3381 versantur
3099 3325 3150 3378 in
3188 3324 3348 3379 terris
3377 3360 3392 3389 ,

1826 3418 1986 3473 Verbi
2009 3420 2308 3473 incarnatio
2330 3420 2444 3473 sive
2462 3418 2778 3473 humanatio
2804 3418 2923 3472 fuit.
2944 3415 3058 3472 Nisi
3073 3418 3216 3471 enim
3246 3416 3395 3469 simi-

1829 3508 1954 3562 liter
1978 3517 2140 3576 atque
2165 3523 2260 3562 nos
2281 3510 2572 3562 secuudum
2597 3523 2813 3562 carnem
2852 3508 3041 3561 fuisset
3076 3516 3259 3570 natus,
3286 3506 3392 3560 nisi

1818 3598 2077 3652 similiter
2128 3599 2502 3668 participasset
2542 3597 2729 3651 iisdem
2764 3637 2779 3661 ,
2830 3612 3101 3665 nunquam
3158 3595 3392 3650 hominis

1825 3698 2071 3741 naturam
2112 3687 2425 3742 criminibus
2449 3689 2497 3741 in
2531 3686 2699 3741 Adam
2729 3690 3023 3741 coutractis
3049 3687 3388 3753 absolvisset,

1824 3792 1999 3846 neque
2026 3793 2054 3831 a
2087 3778 2286 3832 nostris
2312 3776 2626 3846 corporibus
2661 3778 3059 3846 corruptionem
3090 3777 3392 3846 repulisset.

1824 3885 1997 3937 neque
2032 3869 2424 3923 maledictionis
2454 3868 2597 3922 illius
2636 3874 2881 3937 potestas
2911 3867 3197 3931 desiisset,
3229 3882 3387 3936 quam

1824 3958 2010 4025 prima;
2058 3954 2269 4009 fetuinaa
2294 3957 2509 4009 .illatam
2543 3955 2774 4009 dicimus
2801 3995 2815 4019 ,
2852 3957 2938 4010 cui
3011 3956 3211 4009 dictum
3259 3966 3341 4009 est
3371 3970 3385 4007 :

1830 4065 1847 4097 ι
1890 4046 1943 4100 In
1976 4047 2195 4100 tristitia
2238 4047 2413 4113 paries
2445 4046 2582 4101 filios
2609 4047 2673 4101 ³³.
2727 4065 2743 4097 ι
2778 4047 2882 4101 Sed
2930 4046 3165 4100 hominis
3197 4054 3386 4099 natura

1827 4134 1878 4187 in
1929 4134 2098 4187 Adam
2161 4134 2535 4189 iuobcdientiae
2585 4136 2772 4189 morbo
2810 4135 3108 4199 laboravit,
3148 4149 3290 4188 nunc
3336 4135 3385 4189 in

1823 4225 2039 4280 Christo
2066 4235 2214 4294 grata
2251 4226 2389 4279 facta
2420 4236 2501 4279 est
2556 4241 2651 4295 per
2698 4226 2843 4279 illam
2888 4226 3056 4293 ipsius
3105 4227 3173 4278 ad
3210 4225 3384 4280 omnia

1821 4320 2201 4374 obedientiam.
2248 4317 2517 4384 Scriptum
2542 4325 2622 4370 est
2648 4316 2831 4370 enim:
2870 4334 2887 4366 ι
2939 4314 3091 4368 Sicut
3130 4327 3228 4381 per
3272 4313 3383 4367 ino-

1823 4409 2143 4464 bedientiaui
2200 4408 2356 4462 unius
2410 4405 2645 4460 hominis
2716 4416 3030 4475 peccatores
3107 4404 3387 4460 constituti

134 4477 223 4535 διὰ
254 4484 355 4553 τῆς
389 4484 632 4553 ὑπακοῆς
666 4486 782 4547 ἑνὸς
814 4487 1124 4558 ἀνθρώπου,
1156 4493 1351 4546 δίκαιοι
1380 4498 1717 4569 κατασταθή-

1827 4509 1944 4555 sunt
1973 4501 2124 4553 mulli
2150 4539 2165 4563 ,
2199 4501 2271 4553 ita
2313 4514 2408 4568 per
2424 4497 2785 4553 obedientiam
2816 4496 3227 4550 uniushominis
3258 4496 3388 4565 justi

138 4588 323 4627 σονται
353 4577 404 4626 οἱ
434 4575 668 4627 πολλοί.»
689 4575 963 4632 Πέπονθεν
985 4582 1043 4633 ὲν
1068 4582 1237 4653 Ἀδὰμ
1266 4585 1345 4649 τὸ,
1380 4605 1397 4635 ι
1428 4587 1498 4641 Γῆ
1531 4584 1600 4652 εἷ,
1622 4590 1715 4642 καὶ

136 4665 215 4729 είς
243 4665 350 4735 γῆν
389 4665 698 4738 ἀπελεύσῃ⁸
733 4686 750 4720 ι
789 4670 1165 4740 πεπλούτηκεν
1191 4675 1248 4727 ἐν
1271 4676 1488 4747 Χριστῷ
1522 4678 1581 4730 τὸ
1621 4697 1714 4733 κα-

134 4771 221 4810 τα.
266 4796 281 4809 .
330 4797 343 4809 .
386 4756 641 4810 δύνασθαι
671 4759 782 4828 lla.
808 4762 1216 4836 καταπατῆσαι]
1235 4766 1342 4819 τῶν
1368 4767 1459 4820 τοῦ
1484 4768 1712 4824 θανάτου

138 4844 369 4916 βρόχων,
405 4848 499 4899 καὶ
548 4850 706 4902 οίονεὶ
754 4853 1137 4922 κατορχεῖσθαι
1168 4857 1390 4926 φθορᾶς,
1420 4860 1595 4913 έκεῖνο
1628 4860 1714 4913 λέ-

135 4952 304 5001 γουσα
334 4936 396 4989 τὸ
426 4939 786 5009 προφητικόν·
821 4959 839 4991 ι
874 4942 982 4995 Ποῦ
1015 4945 1051 5013 ἡ
1072 4944 1193 5015 νίκη
1225 4963 1337 5011 σου,
1360 4947 1588 5015 θάνατε;
1614 4948 1713 5002 ποῦ

133 5028 192 5078 τὸ
224 5028 453 5097 κέντρον
490 5044 604 5091 σου,
641 5030 775 5102 ᾂδη;
812 5051 829 5082 ι
865 5032 1091 5101 Γέγονεν
1118 5037 1409 5106 ἐπάρατος,
1444 5038 1519 5102 ὡς
1558 5042 1713 5111 ἔφην,

132 5117 246 5170 ἀλλ’
270 5120 517 5189 ἤργησεν
549 5121 605 5173 ὲν
634 5122 853 5193 Χριστῷ
885 5126 978 5178 καὶ
1007 5126 1183 5181 τοῦτο.
1212 5130 1323 5183 Καὶ
1352 5130 1481 5198 γοῦν
1504 5133 1717 5204 εἴρηταί

135 5226 236 5261 που
292 5210 434 5277 πρὸς
481 5211 581 5279 τὴν
630 5213 790 5279 ἁγίαν
836 5216 1129 5285 Παρθένον,
1168 5223 1615 5292 προφητευούσης
1656 5225 1714 5275 ὲν

134 5299 418 5369 Πνεύματι
438 5301 537 5369 τῆς
565 5303 843 5358 Ἐλισάϐετ
864 5324 877 5337 ’
903 5329 920 5358 ι
947 5310 1295 5383 Εὐλογημένη
1323 5316 1383 5366 σὺ
1401 5316 1456 5367 ὲν
1481 5316 1713 5382 γυναιξὶ,

137 5393 228 5445 καὶ
253 5394 621 5463 εὐλογημένος
651 5396 678 5447 ὁ
709 5400 917 5467 καρπὸς
940 5401 1038 5472 τῆς
1057 5405 1265 5465 κοιλίας
1291 5423 1403 5459 σου.
1439 5426 1456 5456 ι
1487 5408 1715 5459 Βεϐασί-

136 5482 329 5537 λευκεν
351 5484 511 5553 ἡμῶν
539 5488 570 5556 ἡ
594 5488 856 5558 ἁμαρτία,
880 5491 972 5544 καὶ
999 5495 1026 5545 ὁ
1051 5494 1145 5563 τῆς
1184 5496 1455 5567 ἁμαρτίας
1491 5499 1715 5569 εὑρετὴς

212 5683 250 5713 at
281 5682 417 5755 Gn",
451 5697 513 5755 ιι,
671 5685 712 5716 ³²
744 5683 903 5739 Hebr.
937 5705 996 5755 tl,
1041 5690 1119 5749 15.

140 5765 257 5810 xm.
308 5754 391 5806 li.
475 5754 513 5782 ³⁷
546 5753 673 5809 Luc.
703 5771 739 5819 ι,
774 5755 860 5809 42.

1824 4593 2215 4646 constituentur
2255 4588 2401 4642 multi
2421 4587 2484 4642 ³⁸.
2524 4608 2541 4639 ι
2579 4588 2857 4657 Suhjacuit
2888 4590 2937 4640 in
2966 4588 3133 4640 Adam
3162 4587 3237 4640 illi
3274 4602 3388 4640 ma-

1825 4683 2063 4737 ledicto:
2106 4701 2122 4732 ι
2161 4680 2328 4734 Terra
2370 4695 2427 4734 es
2454 4720 2467 4743 ,
2508 4689 2561 4732 ct
2597 4680 2649 4733 in
2712 4689 2909 4734 terram
2967 4678 3068 4731 ibis
3107 4677 3151 4708 ³⁸
3186 4692 3201 4743 ;
3240 4696 3257 4728 ι
3298 4691 3388 4731 ac-

1822 4772 2042 4842 quisivit
2077 4771 2128 4824 in
2157 4770 2375 4824 Christo
2407 4778 2463 4822 ut
2490 4768 2699 4823 calcare
2723 4768 2892 4838 possit
2922 4770 3111 4820 mortis
3138 4766 3383 4836 laqueos,

1820 4872 1873 4917 ct
1908 4861 2302 4932 quodanunodo
2329 4864 2586 4914 adversus
2615 4871 2841 4915 mortem
2877 4859 3199 4927 tripudiare,
3254 4859 3383 4911 illud

1820 4955 2189 5025 propheticum
2224 4952 2405 5007 dicens
2440 4971 2451 5005 :
2484 4971 2500 5002 ι
2536 4949 2636 5004 Ubi
2660 4961 2762 5013 est,
2792 4966 2956 5013 mors,
2992 4951 3212 5003 victoria
3257 4950 3385 5003 tua?

1821 5048 1909 5101 ubi
1941 5046 2357 5109 stimulustuus,
2390 5041 2684 5097 inferne“?
2710 5061 2728 5093 ι
2764 5041 2924 5096 Facta
2952 5050 3034 5095 est
3076 5040 3379 5101 maledicta,

1820 5145 1878 5191 ut
1914 5135 2062 5190 dixi:
2103 5134 2197 5189 sed
2239 5134 2289 5187 id
2319 5145 2532 5202 quoque
2560 5141 2875 5185 cvacuatum
2918 5141 3001 5186 est
3047 5131 3098 5183 in
3142 5130 3379 5186 Christo.

1816 5225 1999 5295 Itaque
2038 5226 2236 5279 dictum
2274 5233 2357 5276 est
2391 5225 2455 5275 ad
2488 5232 2731 5276 sanctam
2768 5220 3062 5290 Virginem,
3126 5222 3238 5289 ipsa
3272 5220 3383 5275 Eli-

1818 5320 2006 5372 zaheth
2041 5318 2093 5370 in
2129 5315 2332 5385 Spiritu
2384 5315 2765 5383 pr0phetante,
2806 5330 2825 5364 ι
2886 5314 3175 5368 Benedicta
3225 5323 3276 5366 tu
3326 5313 3379 5367 in

1818 5408 2134 5462 mulieribus
2160 5447 2173 5470 ,
2223 5417 2276 5460 et
2308 5406 2622 5461 benedictus
2650 5404 2854 5459 fructus
2890 5406 3096 5457 ventris
3150 5405 3223 5457 tui
3256 5404 3319 5455 ³⁷.
3356 5422 3373 5455 ι

1824 5500 2083 5570 Regnavit
2136 5499 2187 5551 in
2243 5498 2398 5553 nobis
2441 5505 2721 5566 peccatum
2755 5534 2771 5561 ,
2824 5503 2875 5550 et
2921 5494 3167 5549 inventor
3200 5495 3284 5549 ille
3322 5504 3377 5549 et

1202 5693 1399 5751 ’Nicu.
1438 5711 1516 5758 ιιι,
1551 5694 1635 5749 16.
1700 5698 1725 5727 ³·

1827 5712 1920 5751 )ηι.
1962 5712 2013 5762 v,
2036 5697 2117 5752 l9.
2198 5695 2393 5752 "Gen.
2428 5709 2508 5760 nt,
2547 5691 2627 5749 i9.
2707 5692 2751 5723 ³⁵
2785 5691 2946 5746 lCor.
2978 5706 3065 5756 xv,
3096 5692 3185 5757 55;
3215 5694 3371 5763 Osee,
