4072 6346
657 376 727 429 23
1069 387 1071 390 ‘
1624 371 1683 428 S.
1721 368 1994 429 CYRILLI
2035 370 2509 429 ALEXANDRINI
2548 373 2866 428 ARCHIEP.
3810 373 3874 427 Ξίι

657 501 812 563 pater
845 494 1051 564 peccati
1075 490 1338 549 adversus
1378 508 1568 548 omnes
1609 494 1701 562 qui
1736 508 1832 563 per
1878 495 2065 549 orbem
2109 505 2216 549 ter-

2327 494 2420 548 καὶ
2447 494 2626 565 πατὴρ
2645 534 2659 558 ,
2687 494 2795 546 τῶν
2821 494 2924 546 ἀνὰ
2957 495 3137 548 πᾶσαν
3165 493 3262 563 τὴν
3295 492 3385 544 ὑπ’
3415 491 3639 560 οὑρανὸν
3674 507 3870 543 κατεσο-

661 599 846 640 rarum
876 594 1053 649 erant,
1112 598 1172 639 se
1227 583 1457 653 superbe
1497 584 1772 654 jactabat,
1822 585 1881 655 9
1925 586 2227 640 divinarum

663 673 840 742 legum
869 673 974 728 illis
1021 673 1365 728 violat-ionem
1415 671 1678 740 objiciens
1728 690 1742 727 :
1792 674 1888 728 sed
1944 673 2227 728 hominum

657 774 906 818 naturam
961 765 1020 818 in
1067 764 1304 826 Christo,
1339 772 1592 832 tanquam
1642 764 1696 816 in
1744 765 1967 818 secundi
2015 766 2228 834 generis

659 855 933 924 primitiis,
967 855 1215 910 ﬁduciam
1240 856 1305 908 ad
1326 853 1491 908 Deum
1523 853 1723 908 habere
1750 854 1993 910 videmus
2045 871 2058 906 :
2092 856 2232 910 dixit

658 945 802 998 enim
830 957 1053 1013 aperte:
1085 963 1104 997 ι
1134 945 1293 1000 Venit
1339 945 1591 1014 princeps
1619 945 1803 999 mundi
1853 945 2033 1015 hujus,
2081 956 2137 1001 et
2173 947 2226 1001 in

661 1051 746 1089 me
776 1036 906 1089 nihil
934 1035 1170 1092 inveniet
1196 1035 1260 1089 ³⁸.
1296 1055 1315 1086 ι

732 1125 870 1191 Sed,
902 1126 947 1180 0
987 1128 1242 1196 praeclare
1294 1128 1396 1194 vir,
1440 1143 1542 1182 non
1610 1128 1714 1182 abs
1760 1141 1816 1180 re
1866 1126 2120 1191 dixerim,
2174 1129 2219 1184 si

663 1233 768 1273 non
819 1228 878 1272 ut
931 1234 1033 1273 nos
1088 1219 1261 1274 factus
1312 1229 1395 1273 est
1458 1220 1548 1273 ille
1592 1217 1917 1288 Unigenitus
1974 1261 1990 1285 ,
2050 1235 2225 1289 neque

659 1318 718 1362 ut
777 1324 874 1362 nos
931 1309 1048 1364 ﬁeri
1100 1309 1206 1364 alio
1257 1313 1418 1364 modo
1467 1324 1628 1377 quam
1681 1325 1775 1375 per
1819 1310 2222 1377 generationem

657 1396 927 1451 carnalem
979 1413 1045 1452 ex
1105 1397 1301 1451 femina
1363 1397 1584 1465 potuit,
1638 1413 1912 1465 nunquam
1989 1413 2088 1453 nos
2151 1399 2220 1452 il-

656 1487 759 1540 lius
792 1488 952 1541 rebus
983 1487 1176 1541 divites
1231 1487 1346 1541 ﬁeri
1386 1488 1678 1556 potuimus.
1731 1485 1801 1541 Ut
1841 1489 1986 1541 enim
2032 1489 2223 1544 scribit

656 1573 848 1626 beatus
879 1571 1098 1641 Paulus,
1127 1575 1217 1629 ille
1237 1575 1550 1630 Emmanuel
1575 1591 1678 1630 non
1712 1592 1742 1630 e
1791 1585 1935 1629 terra
1968 1576 2034 1631 ad
2074 1579 2220 1646 prio-

656 1663 731 1716 ris
764 1662 905 1718 illius
949 1666 1276 1734 exemplum,
1323 1667 1418 1719 sed
1479 1679 1510 1718 e
1557 1666 1695 1720 caelo
1751 1665 2018 1724 secundus
2067 1668 2220 1724 nobis

2331 585 2610 655 ϐαρεύετο,
2641 585 2747 637 τῶν
2779 585 2936 639 θείων
2963 585 3144 654 νόμων
3167 583 3264 653 τὴν
3296 582 3603 652 παράϐασιν
3627 580 3868 647 ἐγκαλῶν·

2330 676 2441 727 ἀλλ’
2470 677 2529 727 ὲν
2558 673 2775 745 Χριστῷ
2807 675 2907 744 τὴν
2934 675 3216 744 ἀνθρώπου
3251 673 3430 741 φύσιν,
3468 673 3542 734 ὡς
3585 673 3642 723 ἒν
3676 672 3871 740 ἀπαρχῇ

2328 765 2421 818 τοῦ
2445 766 2630 832 γένους
2657 764 2903 835 δευτέρᾳ,
2930 765 3240 835 παρρησίαν
3268 765 3495 834 ἔχουσαν
3520 763 3730 832 ὁρῶμεν
3759 763 3875 831 πρὸς

2326 855 2487 908 Θεόν·
2505 854 2607 924 ἔφη
2630 854 2735 923 γὰρ
2757 854 3026 924 ὲναργῶςο
3064 872 3082 905 r
3105 855 3366 923 Ἔρχεται
3391 855 3416 905 6
3447 854 3629 922 ἄρχων
3673 851 3763 905 τοῦ
3798 853 3876 904 κό-

2330 965 2466 1019 σμου
2498 950 2709 1014 τούτου,
2747 949 2837 1004 καὶ
2873 949 2930 1000 ὲν
2961 947 3087 1017 ἐμοὶ
3115 947 3336 1017 εὑρήσει
3363 946 3532 998 οὐδέν.
3559 963 3581 996 ι

2397 1119 2631 1187 Ἀλλ’,Ὧ
2647 1121 3075 1191 βέλτιστε,φαίην
3091 1122 3156 1174 ἂν
3170 1122 3411 1182 εἰκότως,
3427 1118 3474 1170 εἰ
3491 1117 3564 1187 μὴ
3577 1117 3760 1185 γέγονε
3771 1115 3880 1172 καθ’

2326 1214 2470 1282 ἡμᾶς
2491 1215 2520 1266 6
2549 1213 2875 1282 Μονογενὴς,
2916 1212 3106 1279 γέγονε
3130 1211 3188 1263 δὲ
3223 1210 3343 1263 καθ’
3361 1211 3505 1278 ἡμᾶς
3542 1210 3639 1277 οὑχ
3676 1209 3877 1277 ἑτέρως,

2325 1304 2461 1374 πλὴν
2484 1305 2564 1357 ὅτι
2592 1304 2677 1356 διὰ
2694 1306 2995 1374 γεννήσεως
3022 1300 3292 1372 σαρκικῆς
3307 1301 3403 1369 τῆς
3420 1301 3484 1351 ὲκ
3500 1298 3769 1366 γυναικὸς,
3791 1299 3886 1351 οὑκ

2324 1396 2390 1449 ἂν
2400 1397 2431 1464 ή
2442 1397 2558 1464 μεῖς
2571 1394 2639 1447 τὰ
2654 1393 2819 1448 αὑτοῦ
2833 1393 3186 1462 πεπλουτήκα
3193 1409 3306 1462 μεν.
3327 1391 3415 1453 Ὦς
3428 1390 3533 1458 γὰρ
3548 1391 3576 1442 6
3593 1388 3885 1456 σοφώτατος

2322 1485 2523 1555 γράφει
2554 1484 2784 1548 Παῦλος,
2809 1482 3057 1553 δεύτερος
3085 1485 3218 1553 ἡμῖν
3246 1481 3417 1550 Ἀδὰμ
3441 1481 3539 1533 οὐκ
3565 1480 3671 1533 ἀπό
3718 1497 3774 1547 γε
3793 1480 3883 1548 τῆς

2321 1576 2423 1646 γῆς
2469 1575 2610 1629 κατὰ
2649 1575 2740 1629 τὸν
2787 1575 3020 1646 πρῶτον,
3077 1573 3193 1626 αλλ’
3219 1573 3278 1639 ἐξ
3318 1570 3548 1640 οὑρανοῦ
3583 1571 3830 1640 πέφηνεν,
3855 1572 3892 1622 6

2333 1664 2694 1735 Ἐμμανουήλ.
2713 1666 2773 1717 '0
2803 1664 2911 1733 γὰρ
2941 1662 3219 1718 ἄνωθέντε
3247 1663 3340 1716 καὶ
3373 1666 3436 1714 ὲκ
3474 1661 3682 1730 Πατρὸς
3704 1661 3883 1727 Λόγος,

657 1754 824 1807 Adam
873 1757 1122 1824 apparuit
1147 1757 1214 1808 ".
1249 1755 1382 1808 Nam
1417 1755 1553 1809 illud.
1585 1770 1819 1822 superne
1872 1766 1928 1810 et
1957 1771 2024 1810 ex
2059 1756 2216 1811 Patre

2322 1756 2418 1808 οὑκ
2450 1759 2528 1819 είς
2557 1756 2655 1826 τὴν
2694 1755 2844 1808 τοῦδέ
2877 1771 3038 1817 τινος,
3069 1753 3192 1806 οὗτε
3224 1753 3330 1823 μὴν
3362 1755 3442 1815 εἰς
3484 1752 3765 1822 ἀλλοτρίαν
3793 1769 3885 1804 κα-

657 1841 891 1896 Verbum
926 1860 1030 1898 non
1061 1846 1112 1898 in
1145 1843 1442 1913 cujuspiatn
1472 1859 1713 1908 carnem,
1767 1859 1940 1912 neque
1986 1847 2037 1899 in
2087 1848 2218 1900 alie-

654 1946 777 1983 nam
820 1933 988 1995 venit,
1033 1942 1090 1986 ut
1117 1932 1229 2001 jam
1261 1936 1508 2001 superius
1547 1934 1695 1996 dixi,
1732 1947 1905 1998 neque
1956 1933 2006 1985 in
2055 1950 2217 1988 unum

651 2021 882 2090 aliquem
919 2023 1091 2077 nostri
1116 2023 1344 2076 similem
1365 2021 1643 2076 descendit
1670 2031 1726 2075 ut
1753 2021 1804 2075 in
1837 2036 1904 2075 eo
1933 2022 2216 2090 habitaret,

652 2123 710 2165 ut
751 2113 936 2180 procul
969 2115 1130 2168 dubio
1184 2114 1368 2168 fuitin
1418 2114 1738 2183 prophetis:
1779 2113 1872 2168 sed
1920 2128 2042 2168 cum
2072 2130 2220 2170 sum-

650 2213 798 2273 ptum
822 2219 884 2259 ex
917 2205 1138 2260 muliere
1161 2220 1357 2274 corpus
1402 2220 1559 2260 suum
1600 2205 1837 2268 fecisset,
1873 2217 1928 2261 et
1956 2222 2022 2261 ex
2050 2221 2110 2262 ea
2135 2222 2219 2262 sev

651 2296 884 2348 cundum
907 2309 1120 2349 carnem
1149 2305 1293 2350 esset
1312 2295 1544 2365 genitus,
1566 2295 1799 2348 hominis
1817 2296 2230 2363 generationem.

652 2399 747 2453 per
769 2400 827 2442 se
856 2385 1247 2455 recapitulavit,
1276 2386 1558 2440 nobiseum
1583 2385 1756 2440 factus
1782 2390 2078 2442 secundum
2104 2402 2227 2445 car-.

650 2492 792 2541 nem,
817 2477 905 2545 qui
924 2479 1238 2533 anteomnia
1262 2477 1454 2532 saecula
1478 2479 1757 2532 exstiterat
1780 2494 1846 2532 ex
1874 2478 2050 2534 Patre.
2072 2479 2219 2538 Hanc

653 2565 809 2627 nobis
839 2565 960 2619 ﬁdei
995 2565 1390 2620 confessionem
1419 2578 1587 2618 sacrae
1616 2563 1834 2618 Litterae
1863 2565 2214 2618 tradiderunt.

647 2656 717 2708 At
749 2667 802 2708 tu
841 2665 1075 2710 metuere
1102 2663 1152 2709 te
1184 2654 1425 2720 simulas,
1455 2669 1519 2708 ne
1536 2654 1874 2723 quisenobis
1894 2655 2216 2724 suspicetur,

649 2746 772 2799 illud
791 2760 858 2799 ex
877 2747 982 2801 Deo
997 2747 1235 2814 genitum
1251 2744 1482 2800 Verbum
1499 2759 1527 2797 a
1547 2760 1709 2799 carne
1731 2757 1940 2800 terrena
1952 2745 2218 2801 exsisten-

648 2839 735 2890 tia:
769 2837 978 2891 initium
1006 2837 1259 2892 habuisse
1285 2853 1300 2900 ;
1334 2851 1397 2891 ac
1421 2835 1659 2890 funditus
1688 2836 1828 2890 tollis
1856 2837 2221 2904 dispensatio-.

647 2927 731 2981 nis
750 2929 800 2980 in
826 2942 988 2982 carne
1010 2928 1348 2996 mysterium,
1377 2942 1497 2981 cum
1528 2937 1770 2981 sanctam
1799 2927 2072 2997 Virginem
2094 2943 2223 2984 esse;

648 3033 678 3070 δ
708 3017 860 3072 nobis
887 3018 979 3071 Dei
1024 3018 1335 3084 genitricem
1383 3017 1751 3087 appellandam
1783 3031 1946 3088 negas
1979 3035 1990 3069 :
2029 3030 2083 3074 et
2125 3035 2221 3074 eos

645 3110 733 3178 qui
766 3109 914 3162 illam
950 3107 1042 3162 Dei
1076 3109 1391 3175 genitricem
1422 3116 1633 3172 vocant,
1667 3117 1916 3177 tanquam
1948 3110 2012 3164 ad
2048 3111 2216 3164 inevi-

645 3197 861 3252 tabilem
892 3212 954 3251 ac
972 3198 1328 3251 necessariam
1352 3196 1747 3252 confessionem
1772 3199 2010 3264 deducis,
2035 3200 2214 3270 ut_illis

646 3289 947 3357 putandum
999 3288 1069 3342 sit
1108 3286 1340 3340 Verbum
1373 3288 1552 3341 carnis
1576 3301 1695 3342 esse
1722 3287 1975 3342 fructum.
2008 3289 2116 3345 Sed
2163 3290 2221 3344 id.

644 3393 802 3434 secus
833 3388 935 3442 est,
971 3378 1234 3449 longeque
1264 3377 1422 3433 aliter
1456 3378 1638 3435 habet.
1695 3378 1833 3434 Nam
1881 3380 1967 3432 ille
2011 3395 2076 3434 ex
2105 3381 2214 3436 Deo

643 3469 804 3524 Patre
830 3469 1020 3535 Filius,
1053 3471 1144 3540 qui
1182 3482 1341 3538 supra
1371 3481 1530 3523 omne
1579 3479 1788 3537 tempus
1834 3470 2042 3523 initium
2067 3471 2214 3526 exsi-

643 3560 816 3615 stendi
849 3562 1029 3626 habet,
1058 3575 1179 3613 eum
1206 3561 1270 3613 sit
1295 3559 1614 3614 saeculorum
1641 3559 1918 3622 Conditor,
1951 3560 2002 3612 in
2030 3569 2212 3615 extre-

643 3651 747 3707 mis
797 3652 976 3707 saeculi
1007 3651 1340 3719 temporibus
1364 3652 1488 3720 quia
1520 3650 1694 3704 factus
1730 3660 1811 3705 est
1839 3665 1988 3714 caro,
2020 3666 2212 3706 secun-

644 3745 770 3800 dum
798 3759 1016 3800 carnem
1049 3744 1223 3798 factus
1254 3758 1375 3799 esse
1401 3744 1617 3798 dicitur.
1666 3740 1800 3796 Nam
1850 3743 1894 3797 si
1934 3743 2211 3811 proprium

642 3836 760 3904 ejus
782 3850 976 3905 corpus
993 3835 1328 3904 intelligitur,
1359 3833 1625 3902 quomodo
1647 3849 1749 3887 non
1770 3847 1989 3900 prorsus
2011 3835 2210 3902 proprii

642 3926 886 3995 corporis
921 3925 1258 3980 nativitatem
1295 3925 1395 3979 sibi
1426 3933 1682 3992 tanquam
1710 3939 1863 3977 suam
1908 3925 2201 3980 vindicabit

643 4027 698 4072 ct
732 4015 982 4072 asseret?
1005 4015 1111 4070 Sed
1141 4017 1278 4069 hanc
1326 4014 1603 4068 hominum
1654 4015 1725 4068 ita
1758 4016 2091 4070 credentium
2130 4032 2211 4071 re-

643 4114 787 4160 ctam
818 4119 1137 4174 sacramque
1165 4104 1323 4164 ﬁdem
1352 4103 1514 4158 etiam
1538 4103 1656 4172 ipse
1683 4105 1995 4174 probasses,
2023 4106 2067 4161 si
2114 4107 2208 4162 tibi

642 4195 745 4265 ipsi
779 4193 1110 4263 persuadere
1147 4193 1432 4257 voluisses,
1459 4203 1516 4248 ut
1548 4194 1817 4264 cOgitares
1853 4204 2014 4264 atque
2043 4199 2210 4252 conﬁ-

645 4286 840 4341 tereris
873 4301 1000 4339 vere
1026 4285 1193 4339 Deum
1221 4300 1342 4339 esse
1365 4284 1660 4349 Christum,
1690 4300 1964 4353 unumque
2004 4302 2068 4341 ae
2115 4302 2207 4342 so—

643 4378 754 4432 lum
789 4392 910 4432 esse
951 4377 1042 4431 Dei
1081 4387 1132 4431 et
1160 4376 1357 4441 Patris,
1390 4391 1494 4431 non
1542 4377 1772 4431 divisum
1829 4379 1880 4430 in
1929 4379 2201 4434 hominem

2322 1848 2693 1917 ταπεφοίτηκε
2739 1848 2938 1916 σάρκα,
2983 1847 3231 1917 καθάπερ
3259 1847 3358 1916 ἤδη
3390 1849 3666 1915 προεῖπον,
3693 1845 3793 1902 οὐδ’
3821 1839 3888 1897 αὖ

2323 1937 2408 2003 ἐφ’
2431 1936 2525 1988 ἕνα
2553 1937 2674 1987 τινὰ
2706 1935 2815 1987 τῶν
2846 1935 2965 1987 καθ’
2995 1937 3140 2004 ἡμᾶς
3168 1934 3570 2005 καταϐέϐηκεν,
3597 1940 3672 1999 ὡς
3697 1937 3894 2006 ἐνοικὴ-

2326 2043 2434 2088 σων
2478 2024 2645 2095 αὑτῷ,
2676 2026 2925 2095 καθάπερ
2965 2026 3153 2096 ἀμέλει
3206 2029 3299 2078 καὶ
3340 2029 3395 2079 ὲν
3439 2029 3746 2097 προφήταις
3786 2023 3886 2098 ἦν’

2323 2115 2438 2170 ἀλλ’
2475 2116 2602 2169 ἴδιον
2650 2117 3016 2186 ποιησάμενος
3068 2115 3228 2186 σῶμα
3277 2117 3337 2168 τὸ
3379 2118 3444 2170 ἐκ
3484 2117 3763 2185 γυναικὸς,
3795 2119 3892 2170 και

2324 2207 2602 2276 γεννηθεὶς
2629 2206 2689 2269 ἐξ
2719 2208 2887 2276 αὑτῆς
2921 2208 3060 2260 κατὰ
3089 2207 3285 2276 σάρκα,
3327 2207 3428 2275 τὴν
3458 2207 3743 2275 ἀνθρώπου
3769 2209 3889 2275 γέν-

2325 2314 2477 2366 νησιν
2526 2297 2980 2364 ἀνεκειραλσιοῦτο
3030 2297 3096 2350 δι’
3125 2296 3338 2359 ἑαυτοῦ,
3390 2295 3696 2366 μεθ’,ήμῶν
3754 2297 3894 2351 κατὰ

2326 2387 2502 2456 σάρκα
2531 2388 2841 2457 γενόμενος,
2874 2389 2900 2439 6
2943 2384 3054 2455 πρὸ,
3088 2385 3289 2448 παντὸς
3330 2383 3522 2447 αἰῶνος
3554 2387 3622 2444 ὲκ
3661 2385 3890 2456 Πατρός.

2323 2477 2536 2547 Ταύτην
2588 2479 2720 2547 ἡμῖν
2765 2477 2865 2544 τῆς
2915 2476 3152 2537 πίστεως
3195 2474 3292 2544 τὴν
3333 2475 3621 2544 ὁμολογίαν
3657 2475 3713 2528 αἰ
3756 2474 3892 2528 θεῖαι

2323 2568 2624 2639 παρέδοσαν
2657 2568 2887 2638 Γραφαί.
2920 2567 2991 2621 Σὺ
3017 2565 3075 2620 δὲ
3097 2565 3327 2621 δεδιέναι
3357 2565 3456 2634 μὲν
3477 2568 3769 2636 προσποιῇ,
3812 2565 3890 2636 μὴ

2323 2659 2430 2729 ἄρα
2456 2676 2538 2722 τις
2578 2658 2684 2712 τῶν
2727 2658 2846 2712 καθ’
2872 2659 3015 2728 ἡμᾶς
3055 2657 3436 2722 ὑποπτεύσειε,
3475 2657 3575 2726 τῆς
3607 2656 3892 2726 ὑπάρξεως

2322 2749 2419 2820 τὴν
2443 2748 2619 2820 ἀρχὴν
2653 2749 2759 2801 ἀπὸ
2791 2749 2984 2818 γηῖνης
3014 2747 3212 2817 σαρκὸς
3235 2747 3522 2816 ἐσχηκέναι
3548 2746 3637 2799 τὸν
3664 2749 3726 2800 ὲκ
3756 2746 3897 2800 Θεοῦ

2324 2841 2498 2908 φύντα
2520 2841 2719 2908 Λόγον·
2767 2839 3009 2910 ἀναιρεῖς
3034 2838 3093 2893 δὲ,
3123 2838 3357 2892 εἰσάπαν
3379 2837 3478 2906 τῆς
3513 2836 3652 2906 μετὰ
3690 2836 3893 2907 σαρκὸς

2323 2930 2634 3000 οἰκονομίας
2663 2929 2728 2983 τὸ,
2754 2931 3069 3000 μυστήριον,
3099 2929 3174 3001 μὴ
3198 2931 3394 3000 χρῆναι
3429 2929 3603 2999 λέγων
3628 2929 3892 3000 ὀνομάζε-

2325 3019 2450 3072 σθαι
2482 3018 2615 3088 πρὸς
2638 3018 2793 3087 ἡμῶν
2809 3019 3069 3071 Θεοτόκον
3092 3019 3191 3088 τὴν
3217 3018 3373 3087 ἁγίαν
3405 3018 3678 3088 Παρθένον
3697 3034 3711 3048 ·
3744 3033 3898 3088 περι-

2322 3111 2540 3173 τοέπεις
2584 3110 2640 3164 δὲ
2672 3109 2859 3180 ὥσπερ
2907 3111 2986 3173 εἰς
3034 3109 3274 3178 ἅφνκτόν
3329 3126 3410 3173 τε,
3452 3109 3543 3162 καὶ
3583 3109 3894 3177 ἀναγκαίαν

2321 3201 2607 3270 ὁμολογίαν
2647 3200 2774 3264 τοὺς
2803 3200 3061 3256 Θεοτόκον
3105 3200 3362 3268 λέγοντας
3410 3197 3610 3269 αὑτὴν,
3642 3198 3736 3254 τοῦ
3778 3199 3900 3252 δεῖν

2321 3293 2522 3346 οἴεσθαι
2563 3292 2764 3363 σαρκὸς
2794 3292 3043 3359 γενέσθαι
3061 3292 3272 3360 καρπὸν
3304 3292 3395 3344 τὸν
3426 3292 3491 3346 ὲκ
3527 3289 3663 3344 Θεοῦ
3692 3291 3889 3357 Λόγον.

2333 3382 2470 3434 Ἀλλ’
2495 3382 2593 3450 οὑχ
2636 3375 2738 3434 ὧδε
2781 3380 2922 3432 τοῦτ’
2959 3379 3099 3448 ἔχει’
3130 3378 3324 3431 πολλοῦ
3355 3396 3418 3446 γε
3456 3380 3550 3447 καὶ
3580 3378 3676 3434 δεῖ.
3693 3379 3752 3433 '0
3782 3380 3902 3449 γὰρ

2320 3472 2384 3525 ὲκ
2412 3469 2548 3524 Θεοῦ
2579 3469 2788 3540 Πατρὸς
2812 3470 2910 3539 τὴν
2952 3467 3184 3539 ὓπαρξιν
3225 3468 3363 3538 ἔχων
3407 3467 3505 3538 τὴν
3550 3469 3750 3530 παντὸς
3790 3470 3898 3521 ὲπ-

2320 3562 2505 3615 έκεινα
2533 3561 2745 3631 χρόνου,
2775 3560 2868 3613 καὶ
2899 3560 3006 3630 γάρ
3035 3561 3150 3612 ἐστι
3172 3558 3279 3612 τῶν
3305 3556 3514 3613 αἰώνων
3537 3559 3896 3629 ἰημιουργδς.

2320 3654 2377 3705 ὲν
2409 3652 2654 3722 ἐσχάτοις
2685 3651 2777 3704 τοῦ
2800 3649 2994 3715 αἰῶνος
3020 3652 3230 3721 καιροῖς
3251 3651 3369 3703 ἐπεί
3399 3667 3482 3703 τοι
3506 3650 3697 3718 γέγονε
3727 3649 3895 3720 σὰρξ,

2319 3743 2674 3814 γεγεννῆσθαι
2699 3743 2912 3811 λέγεται
2935 3742 3076 3794 κατὰ
3111 3741 3309 3811 σάρκα.
3337 3741 3399 3793 Ei
3431 3741 3538 3810 γὰρ
3569 3741 3697 3793 ἴδιον
3718 3740 3900 3793 αὑτοῦ

2318 3834 2382 3887 τὸ
2419 3833 2576 3903 σῶμα
2609 3835 2828 3896 νοεῖται,
2852 3830 2969 3895 πῶς
2998 3829 3060 3884 οὑ
3089 3831 3266 3902 πάντη
3292 3847 3352 3885 τε
3397 3830 3493 3884 καὶ
3545 3830 3768 3894 πάντως
3791 3831 3902 3900 τὴν

2317 3923 2410 3977 τοῦ
2453 3923 2581 3977 ἰδίου
2617 3923 2867 3993 σώματος
2898 3921 3151 3993 γέννησιν
3186 3921 3562 3987 οἰκειώσεται;
3613 3921 3753 3975 Ἀλλ’
3790 3923 3899 3974 Er:-

2316 4015 2513 4085 ῄνεσας
2535 4013 2600 4067 ἂν
2625 4015 2718 4067 καὶ
2740 4013 2900 4076 αὐτὸς
2923 4012 3022 4083 τὴν
3050 4011 3160 4066 τῶν
3179 4010 3321 4065 οὑτω
3347 4011 3675 4076 δοξαζόντων
3723 4010 3902 4081 ὀρθὴν

2317 4107 2410 4158 καὶ
2436 4104 2698 4176 ἀϐέϐηλον
2724 4105 2923 4169 πίστιν,
2976 4105 3024 4156 εἰ
3067 4103 3122 4156 δὲ
3155 4108 3357 4159 παν-τὸν
3406 4101 3528 4173 [τσ.
3555 4103 3620 4173 δὴ
3648 4101 3851 4156 σαυτὸν
3875 4100 3900 4174 ]

2317 4195 2628 4249 ἀναπείθειν
2667 4194 2857 4265 ἡθελες
2885 4193 3298 4263 διαλογίζεσθαι,
3325 4194 3418 4246 καὶ
3460 4193 3766 4262 ὁμολογεῖν,
3805 4193 3899 4246 ὅτι

2315 4290 2446 4352 Θεὸς
2477 4288 2688 4359 ἀληθῶς
2719 4289 2864 4342 ἐστιν
2900 4289 2928 4341 6
2965 4286 3217 4358 Χριστὸς,
3247 4281 3324 4348 εἷς
3364 4301 3423 4340 τε
3482 4284 3577 4346 καί
3611 4284 3772 4354 μόνος
3814 4283 3903 4337 ὢν

2315 4381 2406 4436 τοῦ
2438 4380 2569 4436 Θεοῦ
2615 4380 2709 4434 καὶ
2752 4380 2985 4450 Πατρὸς,
3017 4380 3076 4432 οὑ
3107 4377 3431 4450 διῃρημένος
3473 4377 3552 4440 εἰς
3597 4375 3901 4442 ἄνθρωπον

644 4470 892 4532 seorsim,
920 4477 974 4522 et
1006 4469 1061 4522 in
1096 4468 1263 4522 Deum
1300 4468 1572 4533 similiter,
1599 4469 1694 4523 sed
1716 4469 1964 4524 eumdem
1993 4485 2112 4526 esse
2149 4484 2203 4526 et

2322 4471 2518 4534 ἰδικῶς,
2549 4471 2642 4524 καὶ
2684 4470 2882 4539 ὁμοίως
2919 4472 2996 4531 εἰς
3025 4469 3176 4532 Θεὸν,
3207 4468 3321 4521 ἀλλ’
3351 4468 3379 4519 ό
3410 4467 3570 4529 αὑτὸς
3599 4466 3900 4535 ὑπάρχων,

643 4575 709 4614 ex
749 4559 858 4614 Deo
888 4558 1050 4614 Patre
1105 4558 1377 4622 Verbum,
1428 4569 1484 4612 et
1526 4573 1591 4612 ex
1654 4559 1881 4616 muliere
1927 4562 2199 4617 hominem

644 4650 814 4706 nostri
847 4649 1101 4712 similem,
1135 4664 1347 4717 unaque
1387 4649 1553 4703 Deum
1613 4665 1956 4718 permanere.
2015 4651 2122 4707 Sed
2157 4664 2207 4709 te

641 4741 962 4796 calumniari
1013 4741 1158 4794 illam
1210 4741 1368 4795 Verbi
1419 4743 1822 4808 generationem
1872 4743 1975 4812 ιο
2003 4758 2204 4798 secun-

644 4837 769 4889 dum
791 4849 1030 4896 carnem,
1060 4849 1180 4888 cum
1215 4834 1409 4903 ubique
1437 4838 1570 4888 duos
1597 4849 1812 4888 asseras
1839 4835 1999 4902 ﬁlios,
2036 4844 2091 4890 et
2120 4836 2203 4889 di-

2316 4564 2409 4618 καί
2434 4565 2498 4616 ὲκ
2523 4560 2655 4616 Θεοῦ
2686 4560 2895 4632 Πατρὸς
2932 4559 3123 4626 Λόγος,
3155 4560 3248 4613 καὶ
3291 4560 3355 4612 ὲκ
3387 4557 3642 4625 γυναικὸς
3672 4555 3902 4625 ἄνθρω-

2313 4671 2414 4717 πος
2453 4652 2574 4707 καθ’
2601 4654 2767 4722 ἡμᾶς,
2801 4651 2937 4720 μετὰ
2968 4649 3062 4704 τοῦ
3103 4651 3281 4719 μεῖναι
3324 4648 3606 4710 Θεός.¹Ὀτι
3634 4646 3694 4699 δὲ
3725 4661 3904 4698 συκο-

2314 4747 2531 4816 φαντεῖς
2546 4743 2638 4797 τοῦ
2656 4744 2828 4812 Λόγου
2846 4743 2943 4813 τὴν
2969 4742 3114 4798 κατὰ.
3140 4742 3315 4810 σάρκα
3334 4739 3605 4810 γέννησιν,
3621 4737 3716 4793 δύο
3740 4754 3902 4808 πρε-

2314 4836 2519 4889 σϐεύων
2542 4835 2686 4898 υἰοὺς
2715 4836 2978 4902 πανταχῇ,
3001 4832 3092 4886 καὶ
3117 4831 3413 4900 διατέμνων
3439 4830 3533 4882 τὸν
3557 4830 3650 4884 ἕνα
3675 4828 3902 4899 Κύριον

642 4929 797 4984 vidas
821 4942 984 4981 unum
1013 4925 1292 4980 Dominum
1341 4925 1525 4979 Jesum
1573 4924 1846 4980 Christum
1868 4965 1884 4992 ,
1908 4941 2013 4980 non
2048 4927 2204 4992 meis,

2325 4926 2528 4996 Ἰησοῦν
2551 4925 2803 4994 Χριστὸν,
2832 4924 2891 4976 οὑ
2915 4922 3002 4976 διὰ
3038 4921 3143 4976 τῶν
3170 4921 3340 4991 ἐμῶν,
3367 4919 3500 4976 ἀλλὰ
3521 4920 3610 4975 διὰ
3633 4919 3742 4974 τῶν
3777 4919 3904 4972 σῶν

642 5021 734 5076 sed
770 5020 874 5072 tuis
897 5019 1073 5073 verbis
1104 5018 1439 5085 perspicuum
1470 5017 1581 5070 ﬁet.

2322 5015 2654 5086 δειχθήσεται
2692 5013 2880 5081 λόγων.
3527 5037 3532 5040 -

713 5109 954 5164 Nssron.
993 5109 1153 5180 [Vide
1182 5108 1310 5177 quid
1351 5117 1732 5175 consequatur,
1783 5106 2051 5161 haeretice.
2087 5105 2204 5162 Non

2385 5105 2578 5177 [Βλέπε
2611 5105 2675 5157 τὸ
2701 5101 3306 5173 συμϐαῖνονβίρετικέο
3336 5102 3395 5154 οὑ
3427 5100 3605 5169 φθονῶ
3634 5102 3734 5170 τῆς
3771 5117 3904 5168 φω-

645 5201 859 5255 invideo
893 5201 1032 5252 hanc
1078 5212 1266 5252 vocem
1292 5197 1493 5250 Christi
1544 5196 1792 5263 genitrici
1823 5194 2071 5264 Virgini,
2114 5197 2208 5254 sed

2322 5197 2403 5267 rip;
2454 5199 2520 5265 τῇ
2553 5195 2899 5267 Χριστοτόκῳ
2941 5194 3221 5264 Παρθένῳ,
3269 5191 3384 5246 ἀλλ’
3411 5187 3536 5251 οἰδα,
3574 5190 3906 5259 σεϐασμίαν

643 5288 770 5344 novi
788 5287 1148 5342 venerandam
1180 5299 1298 5340 esse
1327 5299 1445 5352 qua:
1469 5283 1635 5338 Deum
1660 5285 1908 5354 excepit,
1930 5301 2025 5354 per
2044 5299 2205 5354 quam

2322 5291 2404 5359 τὴν
2449 5287 2744 5359 δεξαμένην
2791 5286 2943 5351 Θεὸν,
2978 5286 3044 5338 δι’
3069 5279 3136 5356 ἦς
3183 5284 3458 5355 παρῆλθεν
3508 5286 3535 5336 6
3588 5283 3696 5335 τῶν
3745 5282 3906 5335 ὅλων

650 5379 965 5450 pertransiit
1015 5378 1104 5430 ille
1146 5379 1518 5430 universorum
1563 5375 1840 5440 Dominus,
1896 5391 1989 5444 per
2043 5392 2204 5444 quam

2322 5380 2601 5450 δεσπότης,
2635 5379 2701 5432 δι’
2727 5375 2794 5451 ἦς
2820 5378 3130 5449 ἀνέλαμψεν
3157 5378 3184 5430 6
3211 5377 3312 5448 τῆς
3337 5375 3679 5445 δικαιοσύνης
3706 5375 3902 5444 ἥλιος.

646 5469 845 5523 eﬁulsit
876 5469 955 5522 sol
978 5466 1218 5537 Ῑιιειίιίιο.
1242 5465 1477 5520 Rursum
1504 5477 1814 5534 suspectum
1851 5467 2021 5521 habeo
2054 5469 2201 5522 hunc

2322 5472 2470 5525 Ἰάλιν
2515 5471 2804 5524 ὑποπτεύω
2854 5469 2944 5523 τὸν
2995 5469 3185 5540 κρότον
3220 5485 3233 5498 ο
3285 5466 3402 5530 πῶς
3451 5467 3508 5520 τὸ
3568 5463 3906 5533 παρῆλθεν

647 5561 914 5630 plausum.
961 5558 1239 5624 Quomodo
1289 5558 1516 5612 verbum
1567 5557 1694 5612 illud
1751 5560 2074 5628 pertransiit,
2122 5561 2202 5616 in-

2322 5562 2585 5634 ινοήσατε;
2617 5562 2714 5615 οὑκ
2754 5561 2968 5632 εἴρηταί
3003 5577 3093 5631 μοι
3135 5559 3216 5628 τὸ,
3254 5556 3584 5628 παρῆλθεν,
3613 5557 3738 5613 ἀντὶ
3762 5555 3901 5621 τοῦ,

715 5737 760 5770 ³⁸
784 5736 939 5795 Joan.
965 5751 1078 5803 xw,
1106 5735 1194 5792 30.
1277 5737 1318 5767 ³³
1355 5732 1375 5786 l
1405 5735 1531 5790 Cor.
1562 5749 1649 5799 xv,
1691 5733 1778 5788 47.
