4072 6346
590 403 657 455 27
1610 399 1666 453 S.
1711 398 1981 454 CYlllLLl
2023 397 2485 458 ALEXANDRINI
2529 403 2848 462 AllCHlEP.
3769 407 3832 459 28

590 518 731 586 quod
785 520 1066 574 veritatem
1126 519 1428 574 divinorum
1498 520 1805 590 dogmatum
1862 523 2151 588 auferant,

2282 526 2363 578 τῶν
2393 527 2621 580 ἀνοσίων
2644 525 2936 598 αἱρετικών
2965 528 3314 597 ἐπιπλήττων
3343 529 3568 596 φωναῖς,
3598 525 3692 579 καὶ
3720 528 3834 579 κατ’

591 623 822 678 cumque
847 624 1054 676 vocem,
1093 611 1342 678 Deipara,
1370 610 1549 664 multis
1577 610 1884 666 nominibus
1914 628 2155 677 accuses,

591 707 645 753 et
677 701 818 753 inter
845 707 1039 754 caetera
1073 709 1328 769 tanquam
1362 716 1548 768 parum
1577 716 1781 764 veram,
1816 711 1975 770 atque
1997 703 2158 758 etiam

591 789 959 858 blasphemam
991 791 1318 853 crimineris,
1357 801 1534 846 tamen
1574 791 1718 844 illam
1749 794 2049 846 concedere
2087 802 2159 858 te,

591 889 648 933 et
677 878 880 949 Virgini
916 897 1017 935 non
1044 882 1282 936 invidere
1319 883 1486 948 dicas,
1534 882 1575 934 si
1625 882 1708 937 cui
1757 881 1964 936 libitum
1999 882 2164 939 fuerit

594 984 712 1022 eam
743 969 835 1024 Dei
874 971 1189 1040 genitricem
1239 985 1452 1025 vocare.
1519 969 1656 1026 Num
1713 987 1842 1042 ergo
1898 975 2161 1030 concedes

596 1061 757 1114 etiam
792 1061 996 1116 insanis
1037 1063 1153 1116 Arii
1200 1065 1594 1127 sectatoribus,
1645 1073 1701 1117 ut
1738 1065 2000 1120 minorem
2041 1083 2161 1122 esse

598 1149 757 1206 Patre
788 1151 980 1205 Filium
1012 1153 1213 1220 dicant,
1245 1163 1337 1209 aut
1365 1155 1484 1209 aliis
1514 1167 1759 1210 naturam
1790 1159 1959 1212 sancti
1989 1158 2161 1228 Spiri-

601 1249 733 1296 lusa
759 1240 936 1295 divina
964 1244 1279 1299 excellentia
1317 1246 1734 1315 dejicientibus?
1768 1247 1873 1303 Sed
1909 1250 1967 1304 id.
1990 1259 2164 1306 lacere

600 1331 837 1394 cavebis,
885 1347 949 1388 ac
996 1335 1040 1388 si
1092 1337 1216 1405 quis
1263 1347 1454 1407 roget:
1491 1336 1605 1402 Qua
1655 1338 1720 1394 de
1771 1341 1979 1394 causa?
2017 1341 2164 1397 dices

598 1426 1014 1493 prorsuszQuia
1049 1445 1230 1485 vocem
1277 1431 1492 1502 impiam
1542 1449 1644 1488 non
1687 1435 1952 1490 sustineo.
1998 1435 2163 1506 Igitur

601 1515 645 1568 si
679 1531 783 1570 non
815 1527 893 1572 est
925 1518 1014 1572 Dei
1043 1521 1300 1590 genitrix,
1331 1532 1387 1576 et
1419 1524 1490 1576 ita
1519 1524 1621 1578 dici
1650 1525 1924 1590 concedis,
1947 1527 2084 1582 scito
2115 1538 2164 1585 te

603 1606 886 1675 reliquisse
913 1610 1218 1678 veritatem,
1247 1623 1302 1668 et
1341 1629 1533 1683 parum
1577 1613 1688 1681 jam
1725 1632 1916 1673 curare
1963 1634 2029 1674 an
2078 1635 2164 1674 sa-

598 1695 749 1764 piens
771 1713 887 1754 esse
908 1701 1159 1757 videaris.
1185 1703 1322 1770 Quid
1347 1706 1490 1759 enim
1509 1706 1533 1758 ?
1555 1706 1848 1772 Elisabctb,
1882 1719 1976 1764 aut
2005 1711 2162 1765 aliam

599 1797 743 1841 certe
763 1802 793 1842 e
824 1793 1027 1846 sanctis
1058 1793 1396 1858 mulieribus,
1430 1810 1534 1849 non
1567 1799 1714 1850 omni
1749 1801 2046 1854 reverentia
2074 1801 2163 1854 di-

2267 612 2455 664 οὑδένα
2500 613 2700 682 τρόπον
2729 616 2899 682 ἐφιεὶς
2945 614 3144 683 ἰσχύειν
3195 615 3382 680 αὑτὰς,
3429 614 3649 668 ὅτιτῶν
3681 615 3836 668 θείων

2268 702 2553 772 δογμάτων
2585 691 2976 775 παραιροῦνται
3003 705 3079 775 (Ι)
3111 704 3170 757 τὸ
3196 704 3410 774 ἀληθὲς,
3435 701 3550 757 εἶτα
3579 705 3673 774 τὴν
3705 707 3838 758 Oso-

2269 795 2444 859 τόκος
2473 795 2654 865 φωνὴν
2683 795 2870 847 οὐχ’έν
2890 795 3098 864 ὀλίγαις
3130 797 3298 859 τιθεὶς
3331 796 3552 860 αἰτίαις,
3585 797 3677 849 καὶ
3707 796 3835 866 ὁμοῦ

2269 886 2387 946 ταῖς
2416 883 2601 947 ἄλλαις
2636 887 2998 954 γραφόμενος,
3043 885 3120 948 ὡς
3146 888 3247 939 οὐκ
3270 886 3484 956 ἀληθῶς
3511 887 3605 940 καὶ
3637 886 3839 957 δύσφη-

2272 989 2390 1040 μον,
2436 974 2735 1042 συγχωρεῖν
2777 972 2910 1042 ἔφης
2955 973 3047 1025 καὶ
3075 974 3143 1040 ,οὐ
3183 972 3396 1040 φθονεῖν
3441 975 3509 1042 τῇ
3552 971 3833 1042 Παρθένῳ,

2269 1063 2370 1116 κᾶν
2398 1064 2445 1115 εί
2483 1063 2655 1116 ἓλοιτό
2689 1081 2772 1125 τις
2803 1065 2978 1116 εἰπεῖν
3013 1063 3274 1117 Θεοτόκον
3301 1064 3492 1135 αὐτήν.
3534 1063 3723 1134 Ἐφίης
3747 1061 3838 1117 οὖν

2268 1155 2376 1225 ἄρα
2407 1155 2500 1207 καὶ
2531 1156 2642 1218 τοῖς
2663 1154 2762 1225 τὴν
2798 1155 3006 1226 Ἀρείου
3046 1155 3260 1208 νοσοῦσι
3294 1155 3511 1224 μανίαν,
3537 1155 3595 1209 ὲν
3634 1155 3837 1225 μείοσιν

2270 1241 2407 1300 εἶναι
2435 1245 2615 1313 λέγειν
2644 1245 2738 1299 τοῦ
2777 1246 2988 1316 Πατρὸς
3031 1245 3130 1298 τὸν
3155 1246 3316 1312 Υίὸν,
3353 1244 3386 1316 ἢ
3427 1245 3558 1314 γοῦν
3601 1247 3715 1308 τοῖς
3746 1245 3838 1299 ἄλ-

2269 1338 2415 1400 λοις,
2461 1339 2510 1390 οἳ
2557 1336 2654 1405 τὴν
2697 1337 2792 1390 τοῦ
2838 1337 2994 1404 ἁγίου
3032 1337 3384 1407 ,Πνεύματος
3411 1337 3837 1407 κατακομίζουσι

2271 1430 2432 1498 φύσιν
2463 1428 2559 1497 τῆς
2598 1428 2933 1502 θεοπρεποῦς
2965 1428 3273 1499 ὑπεροχῆς;
3313 1428 3450 1481 Ἀλλ’
3473 1429 3573 1482 οὐκ
3603 1428 3669 1481 ἂν
3704 1426 3839 1480 ἕλοιο

2271 1521 2426 1575 τοῦτο
2453 1522 2604 1593 δρᾷν,
2635 1522 2736 1575 κᾶν
2769 1521 2925 1584 εἴτις
2969 1522 3142 1575 ἐθέλοι
3167 1522 3266 1593 τὴν
3285 1522 3479 1575 ἀἰτίαν
3517 1519 3836 1592 ἀναμαθεῖν,

2272 1614 2416 1683 ἐρεῖς
2443 1614 2504 1684 δή
2525 1630 2624 1665 που
2645 1615 2880 1678 πάντως·
2900 1614 3022 1667 Ὅτι
3041 1616 3223 1684 φωνῆς
3244 1615 3344 1668 οὐκ
3362 1614 3624 1685 ἀνέχομαι
3654 1612 3842 1666 δυσσε-

2272 1703 2419 1766 ϐοῦς.
2445 1704 2650 1758 Οὐκοῦν
2693 1708 2740 1758 εἰ
2779 1706 2851 1775 μή
2884 1706 3000 1757 ὲστι
3029 1705 3309 1768 Θεοτόκος,
3340 1702 3456 1758 εἶτα
3495 1704 3652 1758 τοῦτο
3689 1703 3841 1771 λέγε-

2275 1795 2397 1848 σθαι
2449 1797 2781 1865 συγχωρεῖς,
2833 1794 2940 1848 ίσθι
2979 1793 3244 1858 λελοιπὼς
3289 1795 3387 1864 τὴν
3426 1793 3702 1865 ἀλήθειαν,
3754 1795 3844 1845 καὶ

600 1892 758 1946 gnam
784 1881 978 1949 putas?
1002 1882 1141 1936 Num
1172 1883 1338 1953 igitur
1366 1884 1408 1938 si
1448 1887 1535 1939 cui
1576 1886 1734 1940 libeat
1775 1888 1918 1956 ipsas
1948 1903 2163 1957 quoque

2282 1883 2477 1954 σμικρά
2525 1882 2826 1954 φροντίζων
2873 1882 2954 1935 ἔτι
3007 1883 3098 1936 τοῦ
3150 1883 3328 1936 δοκεῖν
3377 1878 3517 1938 εἶναι
3555 1883 3736 1952 σοφός.
3770 1883 3866 1934 Ἦ’

603 1967 694 2022 Dei
720 1970 1012 2038 genitrices
1044 1986 1256 2035 vocare,
1297 1972 1437 2026 hanc
1474 1973 1579 2027 illis
1607 1974 2017 2044 appellationem
2060 1994 2164 2032 non

604 2060 908 2116 invidebis?
936 2063 1190 2130 Equidem
1231 2074 1371 2134 puto.
1405 2073 1455 2120 te
1501 2067 1752 2121 omnibus
1790 2069 1963 2122 modis
2013 2084 2167 2137 repu-

603 2161 912 2217 gnaturmn,
941 2169 1004 2209 ac
1027 2154 1294 2209 dicturum
1321 2170 1426 2210 non
1453 2156 1525 2210 ita
1550 2171 1608 2210 se
1633 2157 1745 2213 haec
1775 2157 1998 2213 habere.
2029 2159 2166 2215 Nam

605 2253 928 2312 pepererunt
999 2245 1102 2300 illa:
1178 2255 1395 2302 sanctos
1453 2247 1702 2302 homines
1761 2251 2017 2317 quidem,
2073 2251 2167 2305 sed

605 2346 763 2386 nemo
792 2347 976 2388 eorum
1007 2335 1300 2389 secundum
1353 2345 1601 2389 naturam
1657 2337 1798 2413 Deus
1832 2347 1966 2393 erat.
2031 2340 2171 2410 Ergo

609 2421 766 2492 hujus
812 2425 959 2479 vocis
1027 2440 1178 2479 usum
1247 2435 1340 2480 aut
1397 2426 1466 2481 ab
1544 2429 1795 2484 omnibus
1860 2431 2174 2486 mulieribus

608 2529 816 2579 amove,
849 2527 938 2569 aut
979 2517 1022 2570 si
1074 2518 1171 2571 soli
1217 2526 1412 2587 praeter
1456 2528 1681 2575 cteteras
1723 2521 1923 2576 habere
1972 2535 2173 2578 sanctae

609 2603 812 2672 Virgini
845 2607 1135 2674 permittis,
1166 2622 1324 2676 quam
1353 2605 1545 2663 aﬂ‘eres
1589 2608 1640 2660 in
1675 2611 2048 2676 respondendo
2086 2626 2175 2664 ra-

611 2697 850 2750 tionem?
877 2695 1008 2750 Nam
1053 2699 1097 2752 si
1130 2713 1254 2751 vere
1285 2699 1348 2752 de
1376 2713 1439 2754 ea
1473 2699 1670 2753 dicitur
1706 2701 1808 2754 hoc
1841 2702 2088 2765 verbum,
2120 2711 2174 2755 ct

610 2800 736 2842 vere
766 2787 930 2844 Deum
958 2791 1158 2861 genuit,
1187 2790 1359 2860 ipsmn
1392 2792 1652 2844 nimirum
1676 2791 1767 2846 Dei
1796 2793 2030 2849 Verbum
2062 2809 2174 2849 car-

612 2892 732 2933 nem
786 2880 984 2934 l‘actum
1030 2881 1284 2936 conﬁtere
1343 2883 1642 2949 nobiscum,
1715 2893 1769 2938 et
1805 2893 1856 2938 te
1903 2886 2074 2954 ipsqu
2110 2886 2177 2939 ab

613 2971 904 3041 impietatis
934 2973 1157 3028 crimine
1191 2973 1458 3028 liberabis.
1489 2973 1581 3028 Sin
1615 2988 1792 3028 autem
1831 2976 1917 3029 illa
1955 2975 2176 3032 minime

613 3061 778 3116 Deum
807 3065 1007 3132 genuit,
1039 3079 1142 3118 non
1180 3064 1322 3118 aliud
1352 3075 1434 3118 est
1456 3065 1766 3134 permittere
1806 3066 2077 3120 nonnullis
2121 3076 2178 3120 ut

612 3168 732 3207 eam
769 3154 857 3208 Dei
894 3157 1207 3224 genitricem
1238 3167 1450 3221 vocent,
1486 3174 1645 3228 quam
1688 3171 1812 3210 cum
1854 3158 1958 3212 illis
2005 3158 2181 3213 socie-

618 3252 778 3298 tatem
831 3244 1118 3314 impietatis
1158 3248 1314 3302 inire.
1349 3248 1454 3302 Sed
1500 3259 1585 3303 est
1640 3248 1726 3300 illa
1780 3236 1873 3302 Dei
1921 3251 2178 3318 genitrix,

615 3335 741 3405 quia
765 3335 934 3390 factus
959 3346 1038 3392 est
1081 3339 1240 3393 homo
1265 3341 1434 3394 nostri
1471 3339 1662 3393 similis
1703 3340 1790 3394 ille
1822 3340 2141 3409 Unigenitus
2164 3379 2180 3405 ,

624 3429 726 3498 12
753 3429 900 3484 carni
927 3431 1216 3485 secundum
1252 3433 1530 3486 veritatem
1563 3431 1764 3495 unitus,
1791 3440 1846 3485 et
1869 3447 2181 3500 corpoream

618 3522 1013 3590 generationem
1072 3523 1254 3584 subiit,
1283 3532 1336 3576 et
1387 3531 1583 3575 nostrae
1628 3531 1834 3575 naturae
1863 3520 2005 3591 leges
2045 3522 2185 3577 haud

620 3612 874 3682 neglexit,
903 3621 962 3667 ut
990 3613 1146 3682 paulo
1179 3623 1304 3666 ante
1338 3613 1469 3666 dixi.

689 3703 793 3757 Sed
821 3704 944 3773 quia
971 3705 1109 3758 scire
1133 3719 1192 3759 se
1237 3706 1311 3758 ait
1339 3705 1700 3760 venerandam
1744 3720 1864 3761 esse
1903 3722 2020 3762 cam
2047 3747 2062 3771 ,
2105 3707 2188 3761 nie-

621 3793 815 3848 mirum
845 3807 1087 3850 sanctam
1121 3795 1410 3867 Virginem,
1436 3798 1684 3865 agedum,
1717 3798 2066 3866 inspiciamus
2095 3799 2187 3852 de-

623 3885 750 3940 bitae
780 3885 853 3939 illi
888 3887 1198 3941 reverentiae
1231 3903 1426 3942 causas
1456 3905 1470 3940 :
1509 3887 1678 3957 [Scio,
1708 3889 1899 3959 inquit,
1929 3905 2190 3946 veneran-

625 3971 746 4026 dam
779 3988 901 4029 esse
932 3974 1101 4040 illam,
1144 3991 1240 4045 per
1288 3991 1446 4044 quam
1499 3977 1584 4031 ille
1640 3981 1878 4034 omnium
1934 3979 2190 4039 Dominus

626 4057 954 4133 pertransiit,
977 4082 1069 4137 per
1104 4083 1262 4135 quam
1289 4068 1489 4122 elfnlsit
1522 4069 1606 4123 ille
1633 4071 1709 4123 sol
1733 4071 2004 4143 justitiam]
2042 4074 2186 4140 Quo-

627 4158 787 4211 modo
815 4157 976 4226 igitur
1006 4158 1087 4210 ais
1119 4159 1281 4212 Deum
1320 4161 1388 4212 ab
1418 4174 1478 4210 ea
1526 4162 1878 4228 susceptum?
1921 4167 2190 4230 quomodo

630 4246 792 4301 etiam
833 4263 929 4317 per
964 4248 1106 4302 illam
1146 4251 1460 4317 pertransiit
1498 4251 1585 4304 ille
1619 4252 1858 4306 omnium
1902 4254 2198 4311 Dominus?

631 4347 722 4393 aut
749 4342 1016 4409 quomodo
1039 4341 1239 4396 eﬂ‘ulsit
1266 4342 1351 4396 ille
1378 4342 1453 4397 sol
1480 4343 1741 4412 justitim?
1767 4343 1898 4399 Nam
1942 4345 1985 4398 si
2027 4347 2190 4399 Deum

637 4428 777 4483 haud
806 4432 1029 4500 peperit,
1061 4433 1353 4486 secundum
1388 4448 1606 4488 carnem
1636 4435 1874 4503 inquam,
1924 4438 2192 4505 quomodo

2267 1973 2376 2042 γὰρ
2400 1973 2520 2040 οὐχ).
2549 1972 2642 2024 καὶ
2663 1970 2761 2042 τὴν
2792 1971 3092 2035 Ἐλισάὸετ,
3119 1973 3287 2042 ῆγουν
3313 1972 3508 2043 ἑτέραν
3537 1972 3646 2024 τῶν
3677 1970 3846 2038 ἁγίων

2267 2061 2539 2132 γυναικῶν
2572 2060 2753 2122 αίδοῦς
2803 2061 3019 2132 ἀπάσης
3064 2061 3219 2126 ἀξίαν
3255 2056 3412 2114 εἶναιο
3434 2062 3574 2132 φήςς
3602 2057 3728 2132 1rAp‘
3754 2058 3846 2115 οὗν

2269 2155 2329 2206 οὐ
2365 2154 2684 2224 φθονήσεις,
2722 2155 2770 2206 εί
2816 2153 2877 2224 δή
2908 2170 2992 2216 τις
3033 2152 3206 2206 ἕλοιτο
3235 2152 3517 2217 θεοτόκους
3550 2152 3646 2206 καὶ⁹
3677 2152 3847 2216 αὐτάς

2272 2250 2477 2312 είπεῖν;
2520 2246 2682 2311 Ἀλλ’,
2720 2241 2895 2315 οἶμαι,
2936 2244 3113 2313 πάντη
3146 2260 3207 2296 τε
3239 2245 3334 2298 καὶ
3371 2245 3589 2308 πάντως
3619 2245 3849 2298 ἀντανα-

2275 2340 2466 2412 στήσῃ,
2507 2339 2709 2406 λέγων’
2744 2338 2856 2407 Οὐχ
2887 2336 3028 2389 οὕτω
3076 2335 3228 2389 ταῦτ’
3261 2334 3374 2406 ἔχει
3396 2351 3411 2367 ο
3452 2335 3706 2389 τετόκασι
3739 2336 3847 2405 γὰρ

2273 2430 2590 2502 ἀνθρώπους
2615 2428 3000 2499 ἡγιασμένους,
3025 2426 3118 2480 καὶ
3139 2422 3208 2496 ἦν
3229 2427 3286 2479 ὲν
3305 2423 3533 2488 ἐκείνοις
3556 2424 3686 2487 Θεὸς
3709 2424 3850 2479 κατά

2275 2523 2434 2594 φύσιν
2472 2522 2665 2584 οὐδείς.
2712 2519 2920 2574 Οὐκοῦν
2954 2518 2987 2588 ἢ
3033 2516 3288 2585 γυναικὸς
3339 2516 3555 2586 ἀπάσης
3592 2512 3848 2568 ἀπόσόὸει

2273 2616 2335 2685 τὸ
2380 2615 2587 2685 χρῆμα,
2614 2613 2780 2682 ἠγουν
2809 2610 2954 2680 ἔχειν
2992 2609 3167 2678 ἐφιεὶς
3207 2607 3340 2680 μόνῃ
3378 2608 3532 2679 παρά
3563 2607 3744 2670 πάσας
3780 2609 3846 2676 τῇ

2275 2708 2407 2778 ἁγίᾳ
2441 2704 2724 2777 Παρθένῳ,
2759 2704 2932 2767 ποίοις
2962 2699 3072 2774 ἆρα
3103 2703 3350 2772 κεχρήσῃ
3380 2701 3675 2768 λόγοιςείς
3712 2700 3839 2752 ἀπο-

2275 2799 2492 2868 λογίαν;
2536 2798 2600 2850 El
2636 2796 2732 2866 μὲν
2767 2795 2875 2866 γὰρ
2922 2794 3118 2864 ἀληθὲς
3151 2795 3238 2846 ἐπ’
3281 2794 3418 2862 αὐτῇ
3452 2793 3514 2844 τὸ
3549 2792 3722 2863 ῥῆμα,
3756 2791 3851 2844 καὶ

2277 2890 2408 2943 Θεὸν
2450 2887 2672 2941 ,τέτοκεν
2724 2884 2969 2956 ἀληθῶς,
3005 2883 3080 2945 ὼς
3131 2881 3309 2952 σάρκα
3360 2878 3620 2948 γεγονότα
3651 2877 3740 2930 τὸν
3782 2878 3852 2930 ὲκ

2278 2979 2410 3033 Θεοῦ
2433 2977 2624 3047 Λόγον,
2650 2974 2900 3046 ὁμολόγει
2923 2973 3022 3028 σὺν
3045 2973 3197 3044 ήμῖν,
3225 2970 3318 3025 καὶ
3345 2969 3674 3035 ἀπαλλάξεις
3702 2984 3852 3021 σεαυο

2279 3070 2368 3125 τὸν
2409 3069 2516 3123 τῶν
2543 3069 2622 3130 εἰς
2660 3066 2977 3119 δυσσέϐειαν
3021 3063 3413 3133 ἐγκλημάτων·
3447 3061 3495 3113 εἰ
3523 3060 3581 3113 δὲ
3621 3058 3756 3112 Θεὸν
3786 3057 3848 3111 οὐ

2281 3163 2486 3226 τέτοκε,
2517 3159 2578 3212 τὸ
2619 3161 2826 3228 ἐφεῖναι
2853 3157 3031 3225 λέγειν
3067 3158 3175 3210 τισὶ
3209 3154 3470 3208 Θεοτόκον
3503 3150 3694 3222 αὐτὴν,
3737 3167 3853 3202 κοι-

2283 3255 2472 3307 νωνεῐν
2502 3253 2615 3304 ἐστι
2639 3249 2738 3320 τῆς
2764 3248 3085 3311 δυσσεϐείας
3108 3247 3309 3309 αὐτοῖς.
3348 3244 3485 3298 Ἀλλ’
3522 3243 3637 3296 ἐστι
3665 3242 3856 3295 Θεοτό-

2285 3360 2396 3407 κος,
2429 3343 2509 3395 ὅτι
2548 3340 2766 3408 γέγονεν
2806 3336 3090 3409 ἄνθρωπος
3125 3336 3248 3389 καθ’
3277 3336 3423 3404 ἡμᾶς
3453 3335 3480 3386 ὀ
3509 3329 3816 3401 Μονογενὴς
3838 3370 3854 3395 ,

2288 3432 2453 3503 σαρκὶ
2481 3430 2621 3483 κατά
2648 3426 2905 3497 ἀλήθειαν
2937 3426 3234 3497 ἡνωμένος,
3259 3425 3350 3478 καὶ
3387 3421 3702 3494 σωματικὴν
3727 3422 3858 3473 ὑπο-

2291 3519 2476 3590 μείνας
2506 3518 2778 3588 γέννησιν,
2812 3518 2904 3572 καὶ
2933 3516 3057 3580 τοὺς
3088 3514 3186 3585 τῆς
3217 3513 3492 3585 ἡμετέρας
3520 3511 3733 3580 φύσεως
3757 3511 3860 3564 οὐκ

2287 3609 2558 3680 ἀτιμάσας
2591 3609 2808 3679 νόμους,
2838 3607 3089 3676 καθάπερ
3123 3605 3221 3675 ἤδη
3258 3603 3539 3674 προεῖπον.

2370 3701 2586 3770 Ἐπειδὴ
2614 3700 2670 3752 δέ
2710 3717 2874 3769 φησιν
2913 3697 3106 3752 εἰδέναι
3144 3694 3445 3764 σεϐασμίαν
3479 3692 3667 3763 αὐτὴν,
3701 3692 3859 3761 δῆλον

2288 3794 2344 3847 δὲ
2366 3795 2446 3847 ὅτι
2473 3793 2572 3858 τὴν
2601 3791 2760 3858 ἁγίαν
2793 3789 3087 3858 Παρθένον,
3117 3786 3249 3856 φέρε
3277 3785 3362 3854 δὴ,
3401 3784 3552 3856 φέρε,
3584 3781 3860 3852 καταθρή-

2293 3901 2472 3955 σωμεν
2511 3884 2605 3936 καὶ
2652 3884 2748 3954 τῆς
2780 3883 2866 3935 ἐπ’
2907 3881 3044 3948 αὐτῇ
3091 3875 3385 3946 γενομένης
3435 3874 3613 3938 αἰδοῦς
3656 3873 3856 3935 αἰτίας.

2294 3973 2446 4049 [Οἶδα
2471 3977 2600 4044 γὰρ,
2631 3975 2784 4045 φησὶ,
2821 3970 3123 4040 σεϐασμίαν
3163 3966 3351 4038 αὐτὴν,
3377 3967 3446 4019 δι’
3477 3962 3544 4037 ἧς
3582 3962 3864 4034 παρῆλθεν

2291 4071 2320 4122 ὁ
2346 4068 2451 4121 τῶν
2477 4067 2612 4121 ὂλων
2641 4065 2934 4134 Δεσπότης,
2961 4063 3028 4116 δι’
3052 4056 3118 4132 ἦς
3149 4057 3461 4128 ἀνέλαμψεν
3480 4059 3507 4110 ὁ
3532 4058 3629 4126 τῆς
3659 4055 3865 4108 δικαιοο

2295 4162 2459 4231 σύνης
2490 4157 2721 4230 ’Ἡλιος,]
2754 4158 2876 4219 Πῶς
2922 4156 2986 4225 δὴ
3029 4155 3135 4222 ἄρα
3179 4154 3282 4222 φὴς
3334 4148 3688 4219 ὑποδέχεσθαι
3731 4147 3868 4198 Θεὸν

2293 4251 2496 4320 αὑτήν;
2523 4251 2589 4301 Ἢ
2620 4250 2741 4301 τίνα
2768 4244 3008 4316 παρῆλθε
3035 4243 3234 4313 τρόπον
3261 4242 3326 4294 δι’
3350 4241 3519 4309 αὐτῆς
3543 4241 3570 4292 ὸ
3596 4238 3703 4291 τῶν
3729 4236 3870 4289 ὅλων

2296 4337 2659 4407 Δεσπότηςςῆ
2691 4336 2784 4389 καὶ
2811 4337 2960 4398 ὅπως
2992 4332 3300 4402 ἀνέλαμψεν
3332 4331 3360 4382 ὁ
3390 4333 3488 4400 τῆς
3519 4326 3870 4395 δικαιοσύνης

2299 4429 2518 4491 Ἥλιοςς
2554 4429 2614 4479 El
2649 4426 2746 4495 μέν
2776 4425 2883 4495 γὰρ
2906 4425 2965 4477 οὐ
2996 4424 3182 4476 τέτοκε
3211 4421 3364 4486 Θεὸν,
3389 4421 3448 4472 τὸ
3482 4418 3621 4471 κατά
3664 4417 3866 4486 σάρκα,

637 4521 799 4590 igitur
820 4524 1029 4590 excepit
1071 4524 1281 4577 Deum?
1323 4526 1588 4594 quomodo
1617 4542 1711 4595 per
1741 4526 1883 4580 illam
1922 4536 2177 4594 pertrausl

2300 4521 2462 4590 φημὶ,
2505 4518 2621 4580 πῶς
2665 4515 2880 4580 ἐδέξατο
2915 4516 3080 4584 Θεόν;
3119 4513 3236 4575 πῶς
3277 4510 3524 4582 παρῆλθε
3560 4509 3625 4563 δι’
3656 4508 3869 4578 αὑτῆςς

635 4611 730 4667 iit?
756 4613 858 4670 Sed
895 4613 1126 4668 fortasse
1165 4615 1312 4670 dices
1365 4615 1490 4670 illud
1539 4626 1688 4671 tuum
1748 4626 1802 4672 et
1853 4618 2067 4686 sapiens
2109 4635 2195 4672 rc-

635 4717 911 4772 sponsum,
944 4712 1002 4758 ut
1034 4703 1148 4774 ipse
1204 4714 1382 4773 putas,
1432 4722 1494 4761 ac
1559 4706 1738 4762 dicere
1784 4723 1885 4762 non
1946 4711 2192 4763 vereris:

637 4792 802 4864 [Deus
822 4795 966 4848 enim
1002 4804 1118 4850 erat
1152 4796 1409 4858 Verbum,
1455 4807 1652 4851 etcum
1700 4798 1914 4863 homine
1966 4800 2194 4868 conjun-

641 4893 806 4953 etum,
835 4896 888 4940 et
925 4888 976 4941 in
1027 4903 1091 4941 eo
1150 4886 1444 4959 habitans]
1493 4885 1598 4941 Sed
1655 4888 1777 4941 ﬁdei
1822 4889 2038 4944 traditio
2094 4892 2196 4945 tuis

638 4977 741 5033 hac
776 4978 841 5034 de
870 4994 929 5034 re
959 4977 1136 5034 verbis
1165 4988 1448 5049 repugnat.
1483 4978 1593 5031 Non
1618 4979 1762 5031 enim
1798 4979 2068 5034 Deil'erum
2104 4983 2198 5034 ho-

639 5069 860 5134 minem,
892 5072 984 5123 sed
1018 5070 1364 5122 lmmanatum
1398 5070 1561 5122 Detnn
1605 5068 1828 5122 adorare
1875 5069 2195 5125 didicimus:

644 5169 696 5213 tu
730 5173 857 5213 vero
885 5160 1040 5213 aliter
1065 5159 1220 5213 dicis.
1251 5159 1453 5212 Deinde
1476 5159 1744 5226 quomodo
1777 5169 1827 5212 te
1861 5160 2048 5227 nugari
2094 5179 2196 5214 non

643 5251 900 5315 advortis,
935 5261 985 5305 ct
1013 5252 1314 5304 divinorum
1345 5254 1651 5320 dogmatqu
1687 5250 1964 5303 veritatem
1991 5252 2197 5305 adulte-

647 5342 812 5396 rare?
861 5342 992 5396 Nam
1045 5340 1276 5396 Verbum
1318 5357 1445 5395 caro
1495 5341 1690 5394 factum
1740 5351 1824 5394 est
1847 5341 1911 5394 δ’.
1953 5341 2069 5395 Jam
2109 5358 2205 5396 cur

719 5460 761 5491 “
798 5460 953 5514 Joan.
987 5474 1027 5521 ι,
1069 5459 1148 5512 Η.

2314 4611 2449 4663 Ἀλλ’
2478 4609 2604 4672 ἴσως
2637 4609 2779 4678 ἐρεῖς
2811 4607 2870 4660 τὸ
2900 4605 2989 4659 σὸν
3013 4605 3074 4674 δὴ
3103 4603 3258 4658 τοῦτο
3287 4604 3380 4656 καὶ
3424 4602 3604 4672 σοφὸν,
3634 4600 3709 4663 ὡς
3737 4599 3873 4666 γοῦν

2302 4702 2401 4754 οἴει
2432 4718 2493 4752 τε
2521 4701 2614 4752 καὶ
2643 4698 2820 4765 λέγειν
2850 4696 3188 4767 ἀποτολμᾷςο
3220 4694 3375 4767 [Θεὸς
3396 4693 3502 4764 γὰρ
3532 4688 3597 4762 ἦν
3621 4693 3650 4744 ό
3675 4690 3872 4757 Λόγος,

2303 4794 2571 4865 ἀνθρώπῳ
2609 4809 2665 4845 τε
2703 4791 3062 4861 συνημμένος,
3106 4789 3198 4842 καὶ
3229 4786 3450 4841 ὲνοικῶν
3498 4781 3691 4854 αὐτῷ]
3727 4781 3874 4834 Ἀλλ’

2303 4891 2403 4959 ἦγε
2433 4869 2539 4955 τῆς
2572 4886 2802 4946 πίστεως
2836 4882 3129 4951 παράδοσις
3157 4882 3267 4942 τοῖς
3313 4880 3393 4940 εἰς
3420 4876 3578 4929 τοῦτο
3607 4877 3719 4937 σοῖς
3745 4873 3880 4926 ἀντ-

2301 4980 2589 5034 αποδύεται
2615 4976 2790 5043 λόγοις
2813 4991 2825 5004 ’
2857 4975 2916 5026 οὐ
2956 4972 3064 5043 γὰρ
3091 4969 3348 5040 θεοφόρον
3402 4969 3710 5038 ἄνθρωπον,
3754 4961 3876 5014 ἀλλ’

2302 5069 2791 5138 ὲνανθρωπήσαντα
2822 5064 2953 5117 Θεὸν
3001 5064 3326 5134 προσκυνεῖν
3374 5055 3760 5126 δεδιδάγμεθα·
3807 5055 3878 5106 σὺ

2301 5160 2356 5211 δὲ
2387 5160 2482 5226 οὐχ
2527 5157 2669 5209 οὕτω
2699 5157 2824 5226 φής.
2854 5153 2986 5208 Εἶτα
3013 5154 3130 5216 πῶς
3172 5153 3270 5206 οὐκ
3297 5148 3526 5220 αἰσθάνῃ
3552 5143 3890 5217 ληρῶν,,καὶ.

2304 5242 2402 5320 τὴν
2432 5252 2488 5301 ὲν
2519 5251 2629 5311 τοῖς
2655 5249 2818 5310 θείοις
2847 5247 3082 5316 δόγμασι
3116 5241 3554 5314 παραχαράττων
3582 5238 3876 5308 ἀλήθειανς

2312 5342 2504 5410 Γέγονε
2544 5341 2650 5410 γὰρ
2688 5339 2820 5406 σὰρξ
2846 5340 2872 5389 ὁ
2900 5339 3086 5405 Λόγος.
3125 5334 3263 5388 Ἀνθ’
3291 5336 3413 5387 ὅτου
3443 5332 3498 5385 δὲ
3530 5330 3593 5400 δὴ
3621 5329 3714 5382 καὶ
3741 5324 3881 5379 Θεὸν

1913 5564 2068 5619 ANT.
2116 5566 2387 5622 AGELLII
2428 5567 2656 5624 NOTAE.

721 5713 799 5782 (l)
832 5711 930 5766 Alii
983 5711 1104 5766 libri
1145 5709 1436 5782 habebant,
1479 5705 1885 5777 παραιτοῦνται.
1936 5704 2039 5760 Sed
2078 5703 2210 5760 illud
2247 5706 2425 5761 verius
2493 5720 2610 5761 esse
2640 5703 2982 5760 manifestum
3041 5709 3118 5758 est
3154 5699 3295 5770 quod
3338 5705 3418 5754 est
3445 5697 3788 5763 impressum,
3823 5696 3884 5742 et

652 5779 1157 5841 ex'COrrcctioribus
1186 5779 1334 5835 libris
1362 5784 1658 5845 acceptum.
