4072 6346
186 400 254 454 29
1284 389 1649 446 ADVERSUS
1690 388 1748 441 Nl

1851 386 2087 440 '(llllL'lll
2136 388 2258 442 LIB.
2304 390 2338 442 Ι.
3360 392 3430 448 30

187 512 535 582 ὑποδέχεσθαι
564 512 666 581 φὴς
694 511 879 580 αὐτὴν,
907 510 954 563 εἱ
989 510 1060 579 μὴ
1096 510 1482 570 πεπίστευκας,
1512 510 1592 558 ὅτι
1619 506 1748 558 Θεὸν

1859 505 2021 557 Deum
2055 508 2119 559 ab
2152 508 2261 573 ipsa
2309 516 2619 574 susceptum
2659 510 2814 573 dicis,
2855 507 2896 562 si
2943 508 3087 562 illam
3124 507 3289 561 Deum
3343 524 3428 562 sc-

187 604 311 657 δντα
344 605 483 657 κατὰ
511 602 691 669 φύσιν,
717 604 969 655 ὲκτέτοκε
994 602 1082 653 τὸν
1119 600 1501 670 Ἐμμανουήλς
1538 597 1658 660 Πῶς
1690 599 1753 650 δι’

187 691 349 761 αὐτῆς
391 690 669 761 παρῆλθεν
712 692 740 743 6
770 691 878 743 τῶν
926 690 1061 742 ὅλων
1111 690 1417 755 Δεσπότης,
1464 690 1559 741 καὶ
1599 690 1626 741 6
1659 688 1752 755 τῆς

187 779 526 849 δικαιοσύνης
559 779 873 848 ἀνέλαμψεν
913 778 1097 847 ἧλιοςξ
1146 780 1240 829 κα)⁸
1271 777 1390 829 τίνα
1434 779 1548 838 τοῖς
1576 775 1753 827 τοιού-

186 887 295 933 τοις
323 869 547 940 ὀνόμασι
579 868 1005 923 κατακαλλύνειν
1052 869 1255 938 άξιοῖςας
1304 864 1413 937 ἆρα
1444 868 1619 920 κοινὸν
1657 865 1755 936 μὲν

184 958 485 1029 ἄνθρωπον,
514 959 588 1023 ὡς
616 961 711 1013 ἕνα
744 960 851 1013 τῶν
891 960 1013 1013 καθ’
1036 962 1203 1029 ἡμᾶς,
1238 960 1376 1029 πλὴν
1402 958 1752 1028 ἡγιασμένον,

188 1052 260 1114 ὡς
303 1051 507 1105 ἐνοικον
538 1052 732 1122 ἔχοντα
766 1052 856 1105 τὸν
884 1052 980 1105 τοῦ
1006 1036 1143 1105 Θεού
1186 1050 1389 1119 Λόγον;
1420 1046 1552 1103 Εἶτα
1580 1049 1695 1113 πῶς
1726 1050 1754 1101 6

188 1142 421 1207 τοιοῦτος
448 1143 555 1196 τῶν
597 1144 733 1196 ὅλων
762 1143 914 1197 ἔσται
942 1143 1235 1212 Δεσπότης.
1261 1142 1356 1194 καὶ
1380 1142 1409 1194 6
1430 1142 1528 1210 τῆς
1551 1141 1753 1193 δικαιο-

190 1232 351 1303 σύνης
388 1233 572 1303 ἥλιοςς
615 1234 687 1286 Τὸ
719 1236 830 1305 γάρ
854 1233 1135 1297 δεσπόζειν
1168 1250 1229 1285 τε
1264 1233 1358 1285 καὶ
1390 1234 1612 1303 κρατεῖν
1644 1232 1752 1285 τῶν

187 1324 321 1378 ὅλων
348 1325 631 1389 δύνασθαι,
654 1326 746 1378 καὶ
776 1325 1031 1394 φωτίζειν
1056 1324 1124 1376 τά
1158 1323 1345 1393 νοητά,
1374 1325 1574 1394 πρέποι
1597 1324 1662 1376 ἂν
1691 1325 1757 1377 οὐ

190 1414 409 1483 μέτροις
432 1415 545 1477 τοῖς
565 1414 684 1467 καθ’
708 1416 877 1485 ἡμᾶς.
900 1415 1243 1468 άνακεὶσεται
1261 1414 1316 1467 δὲ
1344 1414 1485 1485 μόνῃι
1503 1416 1567 1485 τῇ
1594 1414 1753 1484 ὑπερ-

182 1503 346 1566 τάτω,
378 1505 473 1556 καὶ
504 1505 767 1558 ἀνωτάτω
795 1504 973 1575 φύσει.

263 1596 477 1666 Ἐπειδὴ
515 1596 572 1650 δὲ
601 1596 681 1659 τὸ,
718 1614 735 1647 ι
766 1595 1010 1665 Διῆλθεν,
1036 1614 1049 1644 ι
1090 1596 1225 1658 ὅλως
1255 1595 1353 1648 οὑκ
1384 1590 1481 1647 οἷδ’
1504 1595 1625 1648 ὅθεν
1656 1594 1750 1647 λαο

181 1685 309 1745 δὼν,
340 1686 588 1748 τέθεικας
633 1686 723 1737 ἐπὶ
758 1684 915 1746 Θεοῦ,
963 1686 1216 1752 διασάφει
1259 1684 1355 1754 τὴν
1396 1683 1571 1747 λέξινο
1604 1682 1658 1735 τί
1689 1682 1757 1734 τὸ

179 1774 365 1844 χρῆμα
394 1774 493 1839 τῆς
524 1774 709 1827 ἐνθάδε
740 1774 1038 1843 λεγομένης
1077 1774 1271 1834 διόδου,
1309 1774 1405 1841 τῆς
1438 1776 1535 1842 σῆς
1568 1773 1652 1840 εἴη
1683 1772 1752 1825 ἂν

179 1836 371 1932 ᾧρέξιδς
410 1836 734 1935 ἠγνοηκόσιν
773 1836 964 1918 είπεῖν.
1093 1867 1190 1934 μὲν
1220 1864 1327 1932 γὰρ
1362 1836 1509 1916 οὕτω
1537 1836 1751 1932 διῆλθεν
1784 1836 1826 1895 Β

178 1957 397 2028 αὐτὴνό
425 1958 518 2012 τοῦ
552 1958 686 2011 Θεοῦ
730 1958 920 2025 Λόγος,
959 1958 1034 2019 ὡς
1079 1958 1141 2009 ἐκ
1180 1956 1346 2007 τόπου
1387 1955 1523 2024 πρὸς
1567 1953 1754 2021 ἕτερον

183 2050 567 2118 μεταχωρῆσαι
596 2048 1025 2112 τόπον,-αὑτόθεν
1047 2045 1356 2115 καταῦαλῇς
1374 2063 1386 2075 ·
1410 2044 1618 2115 ἀκούσῃ
1644 2045 1751 2117 γάρ

180 2141 428 2207 λέγοντος
455 2140 617 2193 αὑτοῦ
646 2141 730 2193 διὰ
762 2140 942 2208 φωνῆς
976 2138 1082 2191 τῶν
1112 2138 1283 2205 ἁγίων
1301 2153 1313 2168 ο
1352 2156 1368 2187 ι
1399 2138 1489 2207 Μὴ
1517 2137 1636 2206 οὐχὶ
1660 2137 1750 2191 τὸν

175 2231 405 2302 οὐρανὸν
440 2232 533 2283 καὶ
589 2230 686 2301 τὴν
724 2231 827 2301 γῆν
870 2230 979 2298 ἐγὼ
1023 2228 1235 2301 πληρῶ,
1279 2228 1425 2296 λέγει
1458 2228 1693 2299 Κύριος;
1729 2248 1745 2279 ι

176 2320 250 2371 Ού
288 2318 398 2387 γάρ
436 2321 491 2370 ὲν
524 2319 671 2387 τόπῳ
702 2318 762 2369 τὸ
781 2318 956 2383 Θεῖον,
986 2319 1080 2370 καὶ⁸
1115 2320 1473 2388 μεταστάσεις
1510 2319 1610 2371 οὐκ
1643 2313 1751 2371 οἶδε

176 2414 516 2480 σωματικάς·
545 2413 742 2483 πληροῖ
766 2411 873 2483 γάρ
895 2414 963 2466 τά
994 2412 1167 2464 πάντα
1185 2428 1200 2441 δ
1228 2413 1275 2463 εἰ
1297 2411 1375 2468 δὲ,
1404 2412 1633 2480 ἐπείπερ
1659 2412 1749 2463 τὸν

175 2502 251 2572 τῷ
284 2503 427 2572 τόκῳ
462 2505 739 2572 πρέποντα
788 2502 1111 2574 περιμείνας
1160 2502 1370 2572 καιρὸν,
1406 2504 1662 2573 σχετικὴν
1691 2504 1753 2554 ὲν

173 2593 446 2663 ἀνθρώπῳ
473 2597 569 2663 τὴν
606 2597 874 2667 ἐνοίκησιν
912 2596 1223 2672 ἐποιήσατο,
1252 2593 1494 2647 διελάσαι
1528 2595 1632 2663 φὴς
1658 2595 1752 2647 τὸν

172 2685 305 2739 Θεὸν
333 2687 433 2755 τῆς
464 2687 622 2753 ἁγίας
661 2688 958 2757 Παρθένου,
996 2690 1181 2758 ἤγουν,
1216 2687 1504 2754 παρελθεῖν
1541 2688 1710 2757 αύτήν
1732 2704 1746 2718 ’

171 2778 513 2847 κεχρήσομαι
549 2777 659 2849 γὰρ
707 2780 952 2849 πανταχῆ
999 2782 1118 2843 ταῖς
1154 2781 1322 2849 ἱεραῖς
1371 2796 1463 2831 σου
1504 2780 1746 2847 φωναῖςο

172 2870 323 2921 οὐδὲν
363 2871 470 2939 ἄρα
514 2871 575 2923 τὸ
624 2871 876 2941 περιττὸν
912 2874 969 2924 ὲν
1012 2874 1079 2941 τῇ
1120 2871 1251 2941 ἁγίᾳ
1289 2870 1551 2941 Παρθένῳ
1596 2870 1749 2941 παρὰ

169 2960 267 3023 τὰς
310 2961 479 3025 ἄλλας
511 2962 745 3033 ὁρῶμεν.
785 2962 1067 3016 Ἐκτέτοκε
1107 2963 1215 3032 γὰρ
1258 2965 1290 3032 ἡ
1333 2963 1609 3017 Ἐλισάὸετ
1658 2964 1749 3017 τὸν

173 3050 444 3121 μακάριον
476 3052 783 3123 Βαπτιστὴν
808 3052 1139 3122 ἡγιασμένον
1170 3053 1255 3105 διὰ
1282 3051 1375 3104 τοῦ
1408 3053 1742 3123 Πνεύματος,

168 3144 236 3197 δι’
261 3137 322 3197 οὗ
360 3145 674 3216 Πνεύματος
718 3146 812 3197 καὶ
853 3144 1015 3207 αὐτὸς
1048 3147 1076 3197 6
1109 3144 1232 3205 Υἱὸς
1278 3145 1335 3194 ὲν
1368 3146 1499 3212 ἡμῖν
1530 3143 1747 3207 αὐλίζε-

167 3253 278 3291 ται.
310 3238 421 3290 Καὶ
458 3239 799 3309 μαρτυρήσει
832 3237 1005 3305 λέγων
1031 3239 1059 3290 6
1085 3236 1246 3305 σοφὸς
1277 3236 1528 3306 Ἰωάννης
1550 3254 1563 3266 ο
1600 3256 1618 3286 ι
1660 3238 1749 3290 Ἐν

167 3329 341 3400 τούτῳ
393 3330 755 3399 γινώσκομεν,
797 3332 877 3383 ὃτι
928 3332 986 3383 ὲν
1032 3331 1164 3399 ἡμῖν
1205 3332 1372 3390 ἐστιν,
1414 3330 1497 3382 ὅτι
1549 3331 1612 3381 ὲκ
1654 3330 1749 3383 τοῦ

167 3418 488 3486 Πνεύματος
538 3419 701 3469 αὑτοῦ
754 3417 951 3468 ἔδωκεν
994 3418 1147 3485 ἡμῖν.
1176 3435 1193 3465 ι
1230 3415 1453 3483 Διῆλθεν
1501 3411 1594 3467 οὖν
1642 3416 1747 3485 ἄρα

168 3509 260 3561 καὶ
290 3508 463 3575 αὐτὴν
496 3506 594 3577 τὴν
636 3506 914 3559 Ἐλισάὸετ
955 3508 983 3557 ὁ
1023 3507 1085 3557 ὲκ
1128 3504 1260 3556 θεοῦ
1297 3505 1487 3571 Λόγος,
1517 3508 1611 3557 καὶ
1642 3506 1747 3574 πρὸ

164 3600 263 3668 τῆς
300 3598 609 3669 γεννήσεως
655 3595 945 3666 ἐνῳκηκὼς
978 3594 1056 3665 τῷ
1103 3594 1291 3665 βρέφει
1323 3595 1410 3647 διὰ
1451 3595 1540 3647 τοῦ
1580 3596 1747 3648 Πνεύ-

170 3707 361 3760 ματος.

248 3781 390 3833 Ἀλλ’
420 3779 743 3841 ὑποπτεύεις
782 3778 872 3830 τὸν
913 3776 1123 3847 κρότον,
1158 3777 1231 3839 ὡς
1272 3775 1407 3847 ὀρθά
1450 3793 1532 3828 σοι
1566 3775 1746 3829 λαλεῖν

164 3870 431 3941 ᾑρημένῳ
476 3869 661 3922 λοιπὸν
706 3868 967 3935 γεγονότα
1016 3866 1161 3938 παρὰ
1204 3866 1368 3918 λαῶν.
1401 3866 1588 3918 ’Ἥλιον
1635 3865 1744 3935 γάρ

162 3962 517 4029 δικαιοσύνης
544 3960 862 4028 ὠνόμασας,
914 3959 1007 4010 καὶ
1032 3957 1120 4011 τὸν
1150 3958 1287 4010 ὅλων
1314 3957 1608 4027 Δεσπότην,
1653 3956 1744 4010 τὸν

164 4056 228 4107 ὲκ
269 4056 370 4123 τῆς
424 4052 583 4119 ἁγίας
630 4050 905 4123 Παρθένου
953 4037 1368 4118 γε’γεννημένον.
1414 4044 1544 4101 Εἶτα
1583 4048 1743 4100 πάλιν

163 4145 641 4216 ἀκριϐολογεῖσθαι
672 4144 963 4212 προσποιῇ,
991 4142 1084 4194 καὶ
1112 4141 1201 4193 τὸν
1228 4141 1421 4210 κρότον
1448 4142 1620 4209 αἰτιᾷ,
1651 4140 1744 4193 καὶ

162 4236 454 4305 χαίροντας
487 4233 579 4285 ἐπὶ
610 4231 694 4285 σοὶ
726 4232 957 4299 γράφεις
992 4230 1172 4294 πάλιν,
1197 4228 1272 4293 ὡς
1304 4230 1364 4282 οὐ
1397 4229 1739 4298 νενοηκότας.

166 4327 228 4379 Ὢ
269 4326 474 4394 πολλῆς
511 4306 712 4393 ἰσχύος,
741 4325 775 4392 ἢ
809 4326 921 4384 τοῖς
962 4325 1073 4384 σοῖς
1108 4321 1282 4374 ἔνεστι
1312 4320 1519 4387 λόγοιςῐ
1551 4321 1611 4372 οὐ
1652 4320 1743 4388 γέ-

163 4434 326 4484 γονας
371 4412 677 4485 μελλὴστὴς
720 4412 807 4475 είς⁸
830 4430 893 4480 γε
934 4413 994 4464 τὸ
1032 4411 1229 4482 χρῆναι
1274 4413 1604 4463 καταλυπεῖν
1646 4412 1741 4463 αύ-

1860 593 2091 646 cundum
2130 604 2378 647 naturam
2433 596 2605 662 ipsqu
2656 597 2964 652 Emmanuel
3012 598 3284 665 peperisse
3323 612 3427 651 non

1859 685 2076 737 credis?
2105 686 2373 753 quomodo
2419 702 2512 753 per
2546 688 2688 740 illam
2720 689 3033 755 pertransiit
3064 689 3151 741 ille
3188 689 3426 741 omnium

1859 775 2137 841 Dominus,
2165 786 2218 829 et
2248 777 2325 831 sol
2356 778 2827 844 eﬂulsitjustitim?
2853 779 3020 845 Quem
3050 794 3177 834 vero
3203 779 3287 833 his
3310 793 3429 831 ver-

1860 862 1945 917 bis
1977 872 2026 916 te
2053 864 2309 920 decorare
2342 868 2547 935 putas?
2580 884 2704 921 num
2739 883 3075 923 comnmnem
3128 869 3425 929 hominem,

1859 962 1915 1005 ut
1950 968 2114 1007 unum
2147 956 2211 1009 de
2236 958 2403 1010 nostri
2437 957 2721 1023 similibus,
2757 958 2851 1013 sed
2895 968 3070 1013 tamen
3117 959 3429 1013 sanctiﬁca-

1859 1052 1991 1106 tum,
2028 1055 2084 1097 ut
2120 1046 2170 1100 in
2201 1062 2307 1115 quo
2336 1047 2426 1101 Dei
2454 1047 2694 1116 Verbum,
2735 1049 3105 1104 inhabitaret?
3143 1049 3247 1103 Sed
3292 1062 3428 1117 quo—

1857 1136 2015 1189 modo
2045 1137 2306 1204 ejusmodi
2339 1140 2500 1193 homo
2524 1155 2703 1194 rerum
2742 1142 2981 1195 omnium
3011 1141 3268 1194 Dominus
3298 1141 3421 1199 erit.

1855 1234 1907 1278 et
1936 1227 2013 1278 sol
2036 1224 2290 1292 iustitiae?
2317 1228 2449 1282 Nam
2486 1230 2750 1283 dominari
2783 1241 2835 1284 et
2874 1231 3140 1297 imperare
3173 1230 3424 1284 omnibus

1855 1326 2035 1380 posse,
2062 1325 2116 1370 et
2153 1330 2239 1369 res
2275 1332 2392 1385 qua:
2427 1318 2795 1386 intelliguntur
2843 1319 3133 1378 illustrare,
3190 1333 3292 1371 non
3328 1334 3421 1370 no-

1854 1414 2270 1461 straemensnrae
2299 1418 2403 1473 est,
2430 1412 2522 1464 sed
2581 1411 2656 1463 illi
2709 1411 2806 1465 soli
2864 1409 3324 1463 excellentissima:
3370 1418 3425 1462 et

1854 1512 2116 1564 suprema:
2150 1511 2353 1557 natura:
2379 1504 2745 1557 tribuendum.

1922 1588 2037 1643 lam
2094 1592 2221 1659 quia
2272 1593 2499 1648 verbum
2533 1612 2551 1644 ι
2581 1594 2893 1662 pertransiit
2938 1612 2955 1641 ›
2998 1594 3273 1657 undenam
3332 1607 3423 1646 ac-

1854 1678 2087 1746 ceperis,
2109 1688 2163 1734 et
2184 1681 2251 1736 de
2273 1682 2381 1736 Deo
2403 1682 2710 1749 protuleris,
2726 1698 2946 1753 prorsus
2970 1684 3174 1753 ignoro,
3192 1682 3421 1751 explica.

1853 1771 2220 1836 quieso,hanc
2272 1772 2599 1838 dictionem,
2643 1776 2839 1844 quidve
2884 1774 2951 1828 sit
3005 1774 3090 1828 hic
3142 1775 3421 1837 transitus,

1856 1873 2012 1927 quem
2049 1862 2151 1916 hoc
2180 1862 2299 1917 loco
2343 1865 2546 1930 dixisti,
2576 1866 2680 1920 erit
2731 1865 2918 1933 utique
2972 1874 3078 1919 tuae
3132 1865 3425 1933 prudentiae

1855 1951 2060 2017 ignaris
2093 1966 2385 2020 exponere.
2415 1954 2545 2007 Nam
2593 1956 2637 2009 si
2675 1956 2749 2009 ita
2790 1972 2884 2025 per
2920 1957 3064 2010 illam
3112 1956 3320 2008 transiit
3363 1957 3424 2009 il-

1854 2040 1943 2095 lud
1974 2039 2068 2095 Dei
2121 2039 2384 2107 Verbum,
2439 2054 2499 2098 ut
2542 2057 2611 2099 ex
2644 2043 2766 2099 loco
2807 2061 2913 2101 uno
2960 2046 3025 2099 ad
3090 2045 3314 2099 alterum
3367 2060 3425 2099 se

1856 2139 2201 2205 transferret,
2238 2140 2476 2196 indidem
2504 2140 2773 2209 dejicieris
2803 2157 2818 2193 :
2850 2156 2973 2195 nam
3006 2140 3142 2195 dicet
3191 2141 3285 2195 tibi
3329 2155 3425 2207 per

1854 2244 2039 2284 vocem
2063 2242 2411 2285 sanctorum:
2450 2248 2468 2282 ι
2519 2230 2705 2285 Nonne
2752 2230 2944 2285 cmlum
2986 2237 3041 2284 et
3082 2238 3279 2283 terram
3325 2242 3425 2297 ego

1854 2318 2070 2390 impleo,
2104 2321 2234 2376 dicit
2261 2320 2521 2376 Dominus
2541 2321 2587 2352 δ’
2614 2323 2637 2374 ?
2664 2340 2682 2373 ι
2720 2321 2904 2389 Neque
2930 2320 3073 2375 enim
3108 2330 3189 2375 est
3218 2320 3269 2373 in
3308 2320 3424 2373 loco

1853 2412 2151 2479 Divinitas;
2198 2422 2252 2469 et
2289 2427 2484 2483 expers
2530 2422 2614 2469 est
2657 2411 2905 2480 corporei
2946 2412 3234 2477 transitus;
3301 2428 3422 2464 nam

1854 2504 2037 2574 implet
2086 2506 2329 2562 omnia:
2407 2507 2491 2561 sin
2568 2516 2747 2561 autem
2821 2506 2948 2573 quia
3007 2503 3245 2557 debitum
3307 2519 3423 2571 pur-

1856 2596 1927 2649 tui
1986 2603 2195 2665 tempus
2260 2596 2606 2667 perl‘erendo,
2674 2595 2774 2665 13
2855 2593 3134 2649 relativam
3207 2594 3257 2645 in
3328 2593 3425 2646 ho-

1853 2689 1996 2743 mine
2044 2690 2429 2745 habitationem
2502 2689 2761 2755 incoluit,
2812 2688 2931 2742 ideo
2994 2686 3160 2742 Deum
3224 2686 3424 2739 asseris

1852 2792 2158 2846 permeasse
2230 2793 2327 2849 per
2390 2788 2634 2833 sanctam
2698 2777 2975 2844 Virginem
3037 2776 3203 2844 (utar
3279 2776 3422 2827 enim

1853 2865 2052 2934 ubique
2108 2868 2217 2921 tuis
2268 2868 2439 2923 sacris
2483 2866 2768 2936 vocibus),
2816 2864 2951 2920 nihil
2996 2878 3127 2932 ergo
3166 2862 3422 2918 eximium

1852 2956 1903 3010 in
1935 2969 2123 3013 sancta
2153 2957 2372 3028 Virgine
2416 2969 2612 3027 praeter
2662 2969 2891 3014 caeteras
2931 2958 3195 3011 videmus.
3254 2955 3420 3023 Pepe-

1852 3049 1919 3102 rit
1952 3049 2094 3103 enim
2116 3050 2391 3105 Elisabeth
2425 3051 2640 3107 beatum
2669 3049 2963 3120 Baptistam
2996 3048 3229 3117 Spiritus
3258 3061 3423 3114 opera

1850 3137 2266 3206 sanctiﬁcatum,
2314 3155 2411 3209 per
2458 3153 2617 3210 quem
2653 3138 2913 3209 Spiritum
2962 3137 3125 3194 etiam
3160 3137 3277 3206 ipse
3336 3135 3423 3188 Fi-

1851 3230 1955 3285 lius
1983 3232 2034 3285 in
2070 3233 2226 3288 nobis
2267 3233 2495 3300 habitat,
2526 3234 2691 3303 idque
2747 3233 2937 3288 beatus
2985 3230 3219 3285 Joannes
3255 3239 3420 3283 testa-

1850 3332 1959 3389 tur,
1985 3325 2170 3380 dicens
2203 3343 2217 3380 :
2261 3344 2280 3377 ι
2314 3325 2370 3381 In
2419 3327 2520 3381 hoc
2557 3327 2937 3395 cognoscimus
2978 3325 3121 3395 quod
3172 3326 3222 3378 in
3272 3325 3424 3380 nobis

1850 3426 1952 3481 est,
1986 3415 2111 3484 quia
2146 3417 2213 3471 de
2236 3416 2440 3485 Spiritu
2478 3432 2577 3471 suo
2617 3418 2763 3472 dedit
2793 3418 2947 3473 nobis
2970 3417 3037 3473 “.
3072 3435 3090 3469 ι
3126 3417 3418 3471 Pertrans-

1850 3505 1911 3557 iit
1940 3505 2099 3575 igitur
2156 3508 2320 3561 etiam
2354 3523 2453 3577 per
2482 3508 2759 3565 Elisabetb
2805 3509 2978 3579 ipsum
3022 3510 3113 3564 Dei
3163 3507 3422 3573 Verbum,

1850 3610 1972 3648 cum
2013 3596 2175 3649 etiam
2223 3609 2349 3651 ante
2395 3599 2539 3653 illius
2573 3600 2912 3654 nativitatem
2968 3600 3021 3654 in
3078 3600 3286 3653 infante
3330 3615 3425 3670 per

1850 3686 2113 3756 Spiritum
2145 3686 2485 3744 inbabitarit.

1918 3776 2025 3831 Sed
2049 3787 2355 3845 suspectum
2394 3780 2561 3835 habes
2601 3777 2845 3849 plausum
2902 3778 3019 3841 tibi,
3074 3788 3133 3834 nt
3169 3781 3259 3849 qui
3310 3780 3422 3850 jam

1848 3876 1995 3921 recte
2024 3868 2168 3937 loqui
2206 3884 2469 3936 cmperas,
2518 3885 2548 3924 a
2575 3870 2776 3939 populo
2812 3869 3034 3924 factum.
3076 3870 3210 3926 Nam
3254 3873 3421 3928 solem

1841 3967 2081 4037 justitim.
2123 3976 2176 4021 et
2206 3969 2449 4021 omnium
2484 3966 2773 4022 Dominum
2816 3968 3119 4038 appellaras
3165 3968 3311 4021 illum
3356 3983 3423 4022 ex

1846 4065 2033 4114 sancta
2068 4055 2292 4127 Virgine
2329 4067 2537 4113 natum.
2581 4058 2711 4113 Inde
2752 4074 2942 4114 rursus
2972 4059 3221 4115 subtilius
3265 4072 3424 4129 agere

1847 4148 2096 4213 simulas,
2147 4157 2202 4201 ct
2256 4149 2499 4218 plausum
2548 4150 2920 4219 reprehendis,
2973 4161 3028 4206 et
3064 4151 3312 4206 homines
3349 4149 3420 4203 tui

1846 4252 2013 4291 causa
2048 4237 2199 4292 laetos
2233 4240 2409 4293 denuo
2438 4248 2498 4293 ut
2528 4255 2717 4308 parum
2763 4242 3125 4312 intelligentes
3175 4256 3421 4296 accusas.

1847 4329 1892 4385 0
1925 4344 2175 4396 magnam
2203 4331 2277 4383 tui
2309 4332 2578 4386 sermonis
2609 4332 2941 4400 potentiam!
2989 4331 3103 4385 Non
3141 4332 3248 4386 illis
3276 4342 3424 4386 certe

1847 4435 2134 4476 maerorem
2194 4420 2415 4488 injicere
2464 4422 2746 4488 distulisti,
2785 4423 2838 4477 in
2882 4423 3083 4478 luctum
3120 4424 3266 4479 illico
3305 4439 3425 4477 ver-

161 4510 308 4570 τους,
335 4506 605 4576 ἔστρεψας
637 4503 795 4566 εὐθὺς
823 4507 900 4564 εἰς
943 4502 1135 4563 πένθος
1168 4501 1264 4570 τὴν
1299 4503 1493 4571 χαρὰν,
1522 4502 1741 4573 διέρρη-

1851 4514 1960 4567 tisti
1990 4513 2267 4582 gaudium,
2309 4513 2621 4568 conscidisti
2661 4514 2900 4569 laetitiam
2923 4556 2938 4580 ,
2969 4526 3024 4588 et
3056 4517 3336 4572 accinxisti
3371 4527 3423 4570 te

163 4598 257 4660 ξας
302 4598 405 4666 τὴν
436 4594 791 4663 εὐφροσύνην,
838 4594 933 4646 καὶ
963 4592 1221 4656 διέζωσας
1264 4594 1482 4656 σάκκον,
1529 4596 1740 4662 ἐπαγα-

162 4688 272 4756 γὼν
315 4686 481 4748 εὐθὺς
508 4681 659 4739 εἶτα·
689 4684 881 4755 [Πάλιν
917 4681 1208 4736 ὑποπτεύω
1245 4682 1336 4734 τὸν
1374 4683 1584 4752 κρότον,
1622 4684 1739 4746 πῶς

160 4777 236 4840 τὸ,
270 4774 581 4845 Παρῆλθεν,
623 4773 913 4843 ἐνοήσατες
946 4773 1060 4825 Οὐκ
1097 4772 1310 4843 εἴρηταί
1346 4789 1435 4840 μοι
1466 4772 1543 4837 τὸ,
1590 4774 1737 4842 Παρ-

159 4868 338 4939 ἦλθεν,
362 4867 487 4920 ἀντὶ
514 4865 627 4926 τοῦ,
654 4865 944 4933 Ἐγεννήθη
968 4884 978 4896 ο
1006 4866 1064 4917 οὐ
1092 4864 1197 4933 γὰρ
1225 4864 1367 4916 οὓτω
1397 4864 1604 4933 ταχέως
1631 4868 1742 4918 ἐπι-

158 4961 502 5030 λανθάνομαι
529 4959 634 5011 τῶν
667 4959 832 5010 ἰδίων.
856 4957 929 5009 T6
960 4956 1243 5026 παρελθεῖν
1272 4957 1362 5009 τὸν
1391 4958 1523 5009 Θεὸν
1552 4958 1612 5009 ὲκ
1641 4959 1739 5027 τῆς

159 5055 530 5125 ΧριστοτόκΟυ
590 5050 887 5120 Παρθένου,
923 5050 1073 5120 παρὰ
1121 5050 1220 5118 τῆς
1258 5048 1430 5110 θείας
1457 5049 1738 5119 ἐδιδάχθην

159 5143 423 5213 Γραφῆς·
471 5140 531 5193 τὸ
554 5140 611 5192 δὲ
657 5139 984 5209 γεννηθῆναι
1016 5139 1147 5192 Θεὸν
1182 5138 1241 5202 ἐξ
1280 5139 1468 5207 αὐτῆς,
1502 5138 1737 5209 οὐδαμοῦ

158 5229 499 5301 ὲδιδάχθην.]
526 5230 733 5282 Οὐκοῦν
759 5231 826 5281 ait
865 5230 961 5299 μὲν
985 5226 1123 5281 εἶναι
1152 5231 1332 5281 ἐκεῖνα
1358 5230 1424 5281 τὰ
1457 5229 1738 5301 διεστραμ-

163 5323 299 5392 μένα
335 5338 347 5350 ·
415 5320 496 5391 τῷ
559 5337 617 5387 γε
688 5320 792 5389 μὴν
837 5321 890 5371 ἐν
963 5318 1219 5387 ὑποψίαις
1280 5318 1568 5389 ὀρθότητος
1646 5320 1735 5373 τὸν

159 5414 249 5465 σδν
285 5410 620 5481 γεγενῆσθαι
650 5410 792 5472 νοῦν,
821 5412 848 5462 ὁ
888 5408 948 5474 ἐξ
988 5409 1209 5479 ἀγάπης
1246 5412 1450 5480 κρότος.

240 5506 607 5575 Ἐνστήσομαι
628 5502 683 5555 δὲ
708 5502 798 5554 καὶ
825 5501 919 5553 νῦν
946 5500 1095 5553 οὐδὲν
1119 5497 1299 5572 ἦττον,
1324 5505 1495 5556 έκεῖνο
1533 5504 1701 5572 λέγων
1719 5522 1732 5535 ο

160 5597 223 5649 Τί
248 5597 326 5661 τὸ,
350 5595 658 5665 Παρῆλθεν,
679 5595 843 5657 ἐστὶν,
864 5596 910 5647 εἰ
935 5593 1007 5664 μὴ
1028 5593 1285 5665 δηλοῖτὴν
1302 5596 1570 5667 γέννησιν;
1592 5594 1736 5666 ’Λρα

232 5778 277 5807 ⁴²
311 5778 513 5833 Jercm.
551 5796 704 5846 xxui,
743 5781 829 5835 2t.
910 5781 953 5810 λ’
985 5782 997 5835 l
1032 5780 1181 5837 .loan.
1222 5797 1294 5844 ιν,
1334 5782 1414 5836 15.

1842 4619 2000 4659 sacco
2035 4603 2101 4667 “,
2145 4618 2266 4657 cum
2310 4618 2434 4658 mox
2477 4604 2729 4659 addidisti
2768 4625 2780 4659 :
2818 4606 3073 4676 [Rursum
3112 4616 3419 4673 suspectum

1842 4694 2016 4750 habeo
2046 4695 2311 4763 plausum.
2347 4694 2627 4759 Quomodo
2677 4696 2902 4750 verbum
2950 4697 3100 4759 illud,
3146 4706 3420 4767 pertrans-

1842 4786 1937 4850 iit,
1994 4784 2383 4840 intellexistis?
2432 4783 2549 4838 Non
2603 4785 2739 4850 dixi,
2804 4788 3148 4855 pertransiit,
3214 4802 3311 4856 pro
3354 4804 3421 4842 eo

1842 4878 1985 4948 quod
2024 4885 2126 4942 est,
2175 4877 2389 4947 genitus
2422 4884 2549 4930 est:
2593 4891 2699 4929 non
2755 4878 2900 4931 enim
2956 4879 3027 4931 ita
3074 4878 3232 4933 facile
3287 4895 3419 4934 mem

1845 4968 2125 5023 sementim
2153 4966 2467 5020 obliviscor.
2510 4964 2873 5023 Pertransisse
2913 4969 3077 5022 Deum
3114 4984 3177 5022 ex
3217 4970 3417 5025 Christi

1845 5058 2108 5127 genitrice
2152 5054 2318 5109 Maria
2363 5055 2525 5109 didici
2578 5070 2642 5109 ex
2699 5056 2870 5111 sacris
2907 5057 3160 5123 Litteris;
3207 5074 3273 5112 ex
3305 5060 3415 5127 ipsa

1844 5147 2081 5216 genitum
2117 5161 2378 5215 nusquam
2420 5146 2640 5218 didici.]
2687 5149 2828 5217 Ergo
2873 5160 2959 5201 tua
2999 5164 3119 5204 esse
3157 5151 3243 5202 illa
3293 5166 3416 5219 per-

1845 5250 2000 5289 verse
2024 5236 2167 5290 dicta
2202 5245 2408 5290 certum
2444 5244 2529 5290 est
2566 5252 2580 5287 :
2616 5251 2680 5291 ex
2708 5253 2773 5293 eo
2807 5248 2985 5292 autem
3022 5240 3161 5307 quod
3197 5251 3247 5292 te
3274 5250 3420 5294 recte

1846 5327 2048 5380 sentire
2076 5326 2305 5393 coepisse
2337 5327 2798 5396 suspicabantur,
2829 5328 2916 5383 ille
2944 5332 3155 5384 exstitit
3188 5345 3251 5383 ex
3286 5329 3415 5383 cha—

1847 5419 2013 5472 ritate
2044 5419 2285 5488 plausus.

1917 5509 2021 5564 Sed
2076 5511 2289 5564 instabo
2345 5526 2490 5566 nunc
2535 5528 2751 5583 quoque
2805 5514 3178 5578 nihilominus,
3215 5531 3276 5569 ac
3331 5531 3418 5572 ro-

1845 5599 2020 5668 gabo:
2080 5599 2342 5664 Quidnam
2378 5611 2479 5665 est,
2540 5606 2865 5670 pertransiit.
2912 5606 2957 5659 si
3007 5607 3411 5675 generationem

1495 5780 1535 5811 ""
1577 5777 1715 5835 Psal.
1753 5796 1898 5847 XXIX.
1934 5781 2019 5836 1:2.
2061 5783 2143 5836 l5.
