4072 6346
629 407 689 462 5'
1609 413 1664 466 s.
1710 407 1979 465 CYRlLLl
2023 397 2485 458 ALExssnntN-I
2529 393 2846 450 ARClliEt‘.
3801 385 3873 438 ss

633 546 737 582 non
776 528 1078 598 Signiﬁcat?
1110 528 1246 583 Num
1293 530 1534 584 dicturus
1575 544 1633 584 es
1678 531 1846 600 ipsum
1892 542 1982 596 per
2020 540 2075 577 se
2108 521 2199 576 Dei

2317 515 2409 584 γὰρ
2441 516 2605 584 ἐρεῖς,
2646 513 2721 575 ὡς
2754 511 2915 574 αὐτὸς
2948 509 3068 562 καθ’
3098 507 3312 568 ἑαυτὸν,
3343 504 3437 558 καὶ
3471 504 3593 572 δίχα
3622 500 3816 571 σαρκὸς
3842 502 3873 552 6

634 618 867 674 Verbum
904 622 1018 675 sine
1048 636 1211 675 carne
1246 622 1609 691 pertransisse
1642 637 1739 690 per
1771 616 2079 687 Virginem?
2105 614 2201 667 At-

2303 610 2363 661 ὲκ
2385 607 2516 660 Θεοῦ
2538 606 2706 673 Λόγος
2728 604 2949 675 διήλασε
2978 602 3075 671 τῆς
3104 599 3385 671 Παρθένου
3406 614 3419 661 ;
3445 594 3638 648 Καίτοι
3669 592 3785 654 πῶς
3810 592 3874 645 οὑ

634 710 725 775 qui
757 710 1024 776 qumnodo
1050 710 1163 764 haec
1190 712 1348 764 verba
1378 725 1480 763 non
1518 724 1741 765 summae
1775 707 2016 763 stultitiae
2048 705 2199 773 plena

2317 701 2399 763 τῆς
2436 699 2663 754 ἀπασῶν
2692 695 3021 766 ἀϐελτηρίας
3050 693 3301 763 ἔμπλεως
3331 690 3413 759 εἴη
3445 688 3511 741 ἂν
3543 686 3571 738 6
3600 686 3757 753 λόγος
3780 683 3877 735 αύ-

635 801 782 855 siut?
807 802 899 856 Vel
933 803 1075 857 enim
1110 804 1161 857 in
1189 804 1543 874 quantitatem
1570 817 1690 857 esse
1720 810 2027 855 concretam
2066 796 2202 850 divi-

637 893 858 946 nitatem
923 894 1220 965 intelligere
1266 910 1485 950 necesse
1536 904 1656 957 est,
1711 902 1766 945 et
1800 898 1997 945 motam
2050 897 2105 942 ut
2137 888 2203 940 de

637 981 754 1035 loco
791 984 841 1035 in
870 983 1045 1038 locum
1081 984 1503 1049 transferretur;
1540 983 1619 1037 vel
1662 983 1789 1050 quia
1832 989 1916 1035 est
1958 980 2204 1047 incorpo-

637 1088 747 1135 rea,
784 1083 838 1127 et
870 1074 977 1129 late
1005 1086 1057 1128 et
1089 1076 1287 1144 ubique
1314 1076 1426 1128 fusa
1448 1113 1461 1136 ,
1503 1088 1674 1143 neque
1706 1073 1822 1126 loco
1850 1070 2205 1136 terminisque

637 1167 1136 1229 circumscribitur,
1189 1182 1420 1235 quonam
1465 1166 1621 1219 modo
1670 1180 1764 1234 per
1801 1178 1962 1218 unum
2010 1174 2205 1227 corpus

638 1259 871 1311 transire
897 1259 1137 1324 poterit?
1178 1258 1280 1313 Sed
1314 1267 1603 1326 utcumque
1627 1259 1698 1312 sit
1730 1257 1867 1326 quod
1907 1271 1936 1308 a
1974 1264 2025 1307 te
2072 1252 2205 1307 dici-

642 1359 744 1412 tur,
777 1364 876 1402 cur
920 1364 1021 1402 non
1063 1350 1315 1418 explicari
1361 1349 1619 1418 oportuit,
1663 1357 1717 1402 et
1758 1347 1956 1401 clarius
1988 1344 2113 1407 dici,
2160 1343 2203 1397 si

640 1446 744 1491 tua:
774 1440 839 1491 de
872 1441 972 1492 hac
1016 1454 1072 1491 re
1106 1440 1389 1493 sententiae
1431 1440 1633 1504 lidens,
1675 1438 1740 1492 de
1782 1437 1897 1505 ejus
1941 1436 2208 1504 probitate

639 1529 833 1582 docere
864 1527 1199 1598 potesHam
1246 1545 1376 1583 vero
1431 1530 1647 1583 ubinam
1705 1528 1898 1582 audisti
1950 1527 2206 1582 divinitus

641 1619 930 1687 inspiratas
960 1622 1192 1677 Litteras
1219 1624 1420 1688 dicere,
1452 1622 1541 1676 Dei
1569 1620 1801 1675 Verbum
1838 1636 1933 1689 per
1962 1628 2204 1673 sanctam

643 1710 747 1782 14
786 1713 1051 1782 Virginem
1088 1714 1483 1783 pertransisse?
1528 1712 1660 1766 Nam
1697 1712 1913 1766 brevem
1949 1725 2071 1765 esse
2113 1712 2207 1763 Ιιοο

640 1805 843 1856 tninum
888 1805 979 1873 qui
1031 1807 1231 1875 degunt
1276 1806 1325 1860 in
1379 1806 1542 1859 terris
1574 1805 1759 1867 vitam,
1796 1803 1980 1858 docuit
2019 1803 2207 1856 beatus

2303 793 2414 862 τῷ;
2448 794 2514 844 Ἢ
2544 790 2652 861 γὰρ
2682 786 3031 842 πεποσῶσθαι
3061 784 3122 837 τὸ
3160 783 3311 836 Θεῖον
3341 780 3556 847 ἀνάγκη
3586 777 3743 839 νοεῖν,
3782 771 3877 826 καὶ

2306 884 2575 938 ποιεῖσθαι
2620 882 2834 951 κίνησιν
2863 878 2960 949 τὴν
3003 880 3068 929 ἐκ
3103 875 3274 927 τόπου
3318 871 3453 942 πρὸς
3496 869 3660 922 τόπον
3688 866 3875 951 ἕτερον

2308 972 2731 1043 μεταστατικήνο
2759 968 2813 1037 ἢ,
2839 968 2995 1034 εἴπερ
3021 962 3136 1015 ἐστὶ
3157 961 3218 1013 τὸ
3239 960 3392 1012 Θεῖον
3413 954 3721 1024 ἀσώματον,
3744 950 3873 1019 εὐρὺ

2303 1065 2380 1128 δὲ,
2406 1065 2499 1118 καὶ
2538 1059 2838 1129 πανταχοῦ,
2868 1058 2963 1111 καὶ
2988 1056 3087 1108 οὐκ
3118 1055 3176 1106 ἐν
3204 1052 3375 1120 τόπῳ,
3405 1046 3500 1102 καὶ
3536 1043 3871 1113 περιγραφῇ,

2307 1155 2423 1217 πῶς
2467 1154 2531 1208 ἂν
2559 1153 2626 1205 δι’
2666 1150 2785 1213 ἐνὸς
2833 1145 3090 1219 παρέλθοι
3123 1141 3401 1212 σώματοςς
3440 1137 3577 1190 Ἀλλ’
3606 1136 3634 1189 ὅ
3661 1151 3713 1187 τι
3747 1131 3877 1184 ποτέ

2307 1248 2451 1299 ἐστιν
2483 1245 2511 1297 ὃ
2539 1244 2664 1314 φὴς,
2709 1242 2829 1302 πῶς
2858 1241 2958 1291 οὐκ
2990 1237 3095 1290 ἔδει
3135 1231 3477 1304 διατρανοῦν,
3517 1229 3612 1282 καὶ
3653 1222 3878 1295 ἐναργές

2308 1353 2499 1408 στερον
2523 1335 2716 1394 εἰπεῖν,
2745 1333 2793 1384 εἰ
2822 1332 2939 1392 ταῖς
2973 1324 3170 1381 σαυτοῦ
3205 1323 3333 1394 περὶ
3361 1318 3552 1374 τούτου
3584 1315 3763 1379 δόξαις
3791 1331 3879 1366 τε-

2308 1426 2627 1499 θαρσηκὼς,
2680 1424 2974 1495 μαρτυρεῖν
3018 1420 3161 1490 ἔχεις
3209 1416 3399 1477 αὐταῖς
3442 1411 3504 1465 τὸ
3538 1407 3875 1499 ἀμώμητονς

2308 1496 2417 1573 Ποῦ
2447 1496 2502 1570 δέ
2532 1516 2594 1585 δὴ
2635 1515 2726 1567 καὶ
2773 1513 3013 1580 ἀκήκοας
3050 1510 3149 1577 τῆς
3203 1504 3561 1559 θεοπνεύστου
3614 1496 3893 1567 λεγούσης,

2310 1606 2551 1675 Γραφῆς,
2572 1604 2651 1655 ὅτι
2680 1599 2952 1671 παρῆλθεν
2974 1601 3002 1651 ὁ
3026 1597 3117 1650 τοῦ
3142 1592 3275 1647 Θεοῦ
3296 1594 3466 1661 Λόγος
3488 1591 3575 1644 διὰ
3598 1589 3695 1657 τῆς
3720 1587 3880 1654 ἁγίας

2310 1694 2587 1765 Παρθένου
2610 1709 2623 1757 ;
2646 1694 2767 1745 ’Ὁτι
2802 1690 2899 1760 μὲν
2934 1690 3042 1758 γὰρ
3071 1687 3295 1757 βραχὺς,
3324 1684 3419 1738 καὶ
3450 1678 3881 1748 συνεσταλμένος

2310 1784 2417 1839 τῶν
2455 1785 2547 1838 ἐπὶ
2589 1785 2691 1853 γῆς
2735 1786 2763 1835 6
2793 1781 2924 1851 βίος,
2956 1780 3190 1845 ἐδίδαξεν
3215 1780 3243 1831 6
3280 1777 3548 1847 μακάριος
3583 1771 3767 1831 Δαϐὶδ,
3796 1769 3885 1821 λέ-

638 1893 835 1959 Πυνῑιι,
886 1897 1118 1951 dicens:
1182 1916 1199 1948 ι
1230 1896 1428 1957 Ηοιιιο,
1486 1896 1626 1949 sicut
1674 1893 1851 1947 fenum
1900 1894 2013 1947 dies
2053 1892 2203 1972 eius;

2317 1889 2451 1945 γων·
2489 1892 2507 1925 ι
2541 1874 2879 1942 Ἀνθρωπος,
2915 1871 3046 1923 ὡσεὶ
3087 1871 3276 1941 χόρτος
3327 1869 3382 1921 αἱ
3415 1866 3622 1937 ἡμέραι
3674 1860 3837 1915 αὑτοῦ
3862 1875 3880 1891 ·

641 1993 899 2053 tanquam
941 1983 1039 2039 l'los
1085 1986 1221 2054 agri,
1252 1986 1329 2040 sic
1360 1984 1645 2049 elﬂorebit,
1682 1983 1938 2051 quoniam
1983 1981 2206 2049 spiritus

644 2077 996 2143 pertransivit
1021 2077 1073 2129 in
1106 2076 1213 2139 illo,
1245 2085 1299 2130 et
1323 2091 1423 2129 non
1449 2075 1705 2129 subsistet
1738 2074 1805 2128 ⁸⁸.
1837 2093 1855 2125 ι
1891 2073 1959 2126 At
1988 2087 2115 2127 vero
2142 2070 2207 2126 de

640 2175 827 2220 sancta
858 2166 1074 2235 Virgine
1104 2168 1231 2236 quid
1272 2164 1531 2237 ejusmodi
1572 2166 1834 2235 scriptum
1882 2164 2048 2220 babes
2084 2179 2209 2232 pro-

641 2259 821 2312 ferre?
844 2259 1002 2327 Atqui
1029 2258 1192 2312 Deum
1223 2272 1285 2312 ex
1327 2259 1435 2327 ipsa
1461 2257 1728 2327 genitum,
1758 2256 2054 2311 secundum
2085 2270 2207 2311 car-

642 2358 763 2437 nem
793 2352 1030 2418 inquam,
1067 2351 1282 2404 tandem
1317 2364 1484 2406 sacra:
1516 2348 1732 2403 Litterae
1764 2350 2042 2417 perspicue
2066 2347 2207 2403 indi-

642 2440 856 2497 carunt.
894 2442 1070 2497 Redeo
1103 2444 1266 2513 igitur
1296 2445 1472 2500 denuo
1497 2446 1562 2499 ad
1603 2456 1712 2511 tua,
1757 2443 1839 2496 vir
1871 2441 2210 2512 praestantis-

644 2534 812 2597 sime,
857 2536 1037 2589 verba.
1083 2535 1140 2591 Id
1172 2538 1314 2590 enim
1349 2538 1461 2607 ipse
1496 2551 1707 2606 quoque
1744 2534 2043 2605 sapissime
2075 2549 2208 2587 con-

644 2625 817 2681 fessus
846 2641 923 2693 es,
961 2626 1187 2681 Verbum
1222 2644 1345 2683 esse
1376 2644 1593 2684 carnem
1624 2628 1843 2693 factum,
1877 2641 2049 2696 neque
2089 2640 2207 2680 eam

644 2732 831 2772 vocem
864 2716 1204 2785 rejiciendam
1240 2720 1556 2788 putasti;et
1590 2719 1717 2774 illud
1753 2727 2030 2788 praeterea,
2067 2717 2209 2787 quod

645 2808 916 2880 Unigeniti
969 2811 1302 2865 divinitatem
1359 2822 1543 2882 aperte
1607 2826 1671 2864 ac
1713 2811 1885 2877 palam
1938 2809 2209 2863 hominem

644 2901 841 2957 {actam
873 2903 1079 2968 dixisti,
1101 2918 1223 2957 cum
1253 2903 1353 2957 hoc
1385 2902 1542 2957 modo
1568 2902 1854 2971 scripseris
1888 2918 1906 2955 :

714 3078 953 3135 Νεετοιι.
989 3076 1087 3150 [lla
1127 3086 1181 3131 et
1213 3076 1338 3130 alibi
1378 3076 1545 3131 dicit:
1584 3095 1601 3127 ι
1654 3075 1890 3129 Locutus
1933 3082 2017 3128 est
2058 3072 2214 3127 nobis

646 3173 699 3229 in
725 3172 881 3234 Filio,
910 3186 1069 3240 quem
1096 3169 1373 3223 constituit
1398 3168 1663 3222 ltreredem
1698 3167 2095 3229 universorum,
2118 3179 2214 3232 per

2312 1967 2445 2020 ὡσεὶ
2473 1964 2630 2028 ἄνθος
2662 1962 2755 2016 τοῦ
2782 1961 2977 2034 ἀγροῦ,
3004 1960 3177 2023 οὕτως
3209 1958 3522 2025 ἐξανθήσει·
3555 1958 3638 2008 ὅτι
3667 1952 3887 2022 πνεῦμα.

2310 2054 2520 2127 διῆλθεν
2543 2056 2601 2107 ἐν
2626 2052 2795 2123 αὐτῷ,
2820 2053 2913 2105 καὶ
2937 2051 3035 2121 οὐχ
3056 2046 3306 2121 ὑπάρξει.
3334 2065 3359 2099 »ι
3376 2038 3511 2117 Περὶ
3529 2044 3583 2096 δέ
3605 2045 3703 2114 τῆς
3724 2041 3885 2108 ἁγίας

2313 2145 2589 2217 Παρθένου
2638 2143 2690 2197 τί
2740 2141 2981 2196 τοιοῦτον
3042 2140 3187 2210 ἔχεις
3238 2136 3627 2208 γεγραμμένον
3669 2134 3883 2196 εἰπείνς

2316 2238 2437 2291 Ὅτι
2467 2236 2525 2289 δέ
2564 2234 2883 2304 γεγέννηται
2921 2232 3052 2295 Θεὸς
3098 2231 3157 2295 ἐξ
3190 2230 3388 2301 αὐτῆς,
3418 2228 3480 2280 τὸ
3513 2225 3653 2279 κατά
3684 2224 3886 2292 σάρκα,

2315 2329 2479 2417 ιρημὶ,
2501 2327 2905 2398 διαμεμήνυκεν
2931 2322 3179 2395 ἐναργῶς
3208 2324 3242 2392 ἡ
3276 2321 3634 2417 θεόπνευστος
3669 2313 3884 2384 Γραφή.

2314 2404 2446 2493 sitm
2487 2421 2545 2475 δὲ
2574 2420 2638 2491 δὴ
2671 2419 2834 2473 πάλιν
2883 2416 2974 2470 ἐπι
3022 2432 3085 2484 γε
3122 2415 3248 2477 τοὺς
3284 2413 3442 2476 σοὺς,
3485 2404 3530 2465 ὦ
3562 2409 3885 2478 πανάριστε,

2313 2512 2528 2581 λόγους.
2574 2508 2996 2580 Διωμολόγηκας
3045 2505 3153 2577 γὰρ
3195 2503 3293 2557 καὶ
3336 2502 3532 2568 αὐτὸς,
3576 2499 3673 2553 καὶ
3728 2496 3890 2551 τοῦτο

2315 2604 2650 2667 πλειστάκις,
2681 2604 2762 2656 ὅτι
2795 2600 2986 2679 γέγονε
3023 2597 3161 2668 σὰρξ
3196 2597 3225 2648 6
3257 2596 3457 2663 Λόγος⁸
3496 2592 3590 2646 καὶ
3620 2592 3721 2643 οὐκ
3753 2588 3906 2642 ἀπό·-

2317 2696 2508 2765 6λητον
2536 2694 2774 2761 ἐποιήσω
2800 2692 2901 2761 τὴν
2935 2689 3153 2759 φωνήνο
3187 2687 3283 2740 καὶ
3322 2684 3455 2754 πρός
3483 2699 3545 2751 γε
3583 2680 3756 2751 τούτῳ
3790 2679 3891 2733 κάει-

2316 2788 2489 2840 κεῖνοο
2521 2786 2618 2855 τὴν
2655 2783 2764 2854 γάρ
2788 2799 2869 2836 τοι
2902 2779 2995 2833 τοῦ
3028 2774 3367 2845 Μὀνογενοῦς
3418 2772 3672 2841 θεότητα,
3701 2768 3888 2837 σαφῶς

2316 2878 2410 2932 καὶ
2430 2875 2727 2945 ἀναφανδὸν
2752 2871 3171 2943 ἐνανθρωπῆσαι
3201 2864 3647 2939 φης..Γέγραφας
3682 2861 3739 2913 δέ
3768 2875 3893 2912 του-

2315 2970 2428 3023 τονὶ
2460 2969 2549 3023 τὸν
2579 2967 2797 3037 τρόπον.

2391 3058 2571 3131 [Οὕτω
2600 3058 2694 3112 καὶ
2719 3058 2776 3109 ὲν
2808 3054 3017 3127 ἑτέροις
3055 3050 3252 3121 φησενο
3277 3069 3295 3102 ι
3334 3047 3627 3117 Ἐλάλησεν
3657 3044 3791 3115 ἡμῖν
3833 3042 3897 3093 ἐν

2318 3152 2453 3222 Υἱῷ,
2484 3150 2543 3203 ὃν
2586 3148 2736 3202 ἔθετο
2782 3146 3118 3218 κληρονόμον
3165 3144 3402 3205 πάντων,
3434 3133 3597 3194 διέὀῦ
3637 3135 3734 3190 καὶ
3764 3131 3897 3195 τοὺς

646 3278 803 3330 quem
834 3262 960 3317 fecit
989 3272 1039 3314 et
1081 3260 1273 3316 sarcula
1308 3277 1321 3313 :
1365 3260 1454 3328 qui
1504 3274 1626 3312 cum
1677 3259 1747 3311 sit
1796 3257 2047 3326 splendor
2095 3223 2211 3325 g-lo-

2317 3246 2514 3307 αἰῶνας
2533 3242 2817 3313 ἐποίησεν·
2846 3240 2904 3302 ὃς
2932 3237 3006 3291 ὢν
3029 3235 3377 3304 ἀπαύγασμα
3389 3232 3490 3300 τῆς
3512 3230 3669 3297 δόξης
3687 3243 3699 3256 ·
3726 3245 3744 3277 ι
3778 3223 3907 3285 θεὶς,

647 3355 741 3409 ria:
768 3354 833 3408 “.
872 3371 891 3405 ι
928 3351 1063 3407 Cum
1111 3351 1402 3421 posuisset,
1454 3348 1668 3416 Filius,
1716 3359 1831 3403 tuto
1867 3349 2009 3403 hunc
2053 3355 2212 3402 vocat

2317 3337 2395 3400 τὸ,
2447 3334 2602 3397 Υἱός,
2655 3333 2812 3386 καλεῖ
2842 3330 3029 3383 τοῦτον
3083 3326 3340 3395 ἀσφαλῶς
3398 3323 3490 3376 καί
3548 3317 3897 3385 ἀπαύγασμα

645 3447 807 3501 etiam
838 3444 1176 3514 Splendorem
1209 3443 1391 3512 gloriae
1417 3451 1471 3496 et
1511 3441 1862 3495 constitutum
1900 3437 2165 3493 hteredem
2194 3451 2208 3489 :

646 3538 914 3593 lueredem
952 3536 1179 3605 .quidem
1231 3534 1522 3587 secundum
1561 3545 1776 3585 carnem
1825 3529 2210 3591 constitutum,

646 3627 985 3695 splendorem
1017 3640 1142 3679 vero
1166 3633 1403 3691 paternae
1433 3620 1620 3691 gloriae
1644 3620 1937 3673 secundum
1966 3618 2227 3672 divinita-.

651 3732 755 3773 tem
790 3734 805 3770 :
839 3733 941 3771 non
982 3716 1125 3770 enim
1168 3714 1477 3767 incarnatus
1508 3713 1757 3766 discessit
1793 3726 1820 3763 a
1866 3710 2216 3764 similitudine

648 3803 848 3859 Patris.
896 3802 1159 3857 Praetema
1195 3801 1274 3855 sic
1302 3815 1489 3854 rursus
1516 3800 1644 3855 dicit
1671 3816 1685 3851 :
1725 3819 1743 3851 ι
1772 3794 2039 3868 Tempora
2070 3798 2215 3851 enim

649 3896 969 3967 ignorantiae
998 3893 1303 3964 despiciens
1336 3892 1495 3955 Deus,
1525 3906 1669 3945 nunc
1701 3890 1953 3946 omnibus
1987 3890 2219 3943 Immitti-

650 3992 751 4045 bus
790 3989 1071 4043 annuntiat
1102 3996 1158 4041 ut
1204 3986 1575 4055 pmnitentiatn
1619 3992 1802 4051 agant,
1830 3998 1897 4036 eo
1936 3982 2077 4051 quod
2106 3991 2217 4035 sta-

2312 3428 2412 3499 τῆς
2468 3426 2658 3495 δόξης,
2706 3424 2799 3478 καὶ
2863 3420 3024 3474 θετὸν.
3067 3416 3400 3488 κληρονόμον
3449 3415 3567 3484 μὲν,
3610 3406 3897 3499 κατάητὴν

2317 3498 2499 3590 σάρκα
2530 3514 2705 3577 θετὸν,
2739 3512 3085 3580 ἀπαύγασμα
3107 3508 3164 3562 δὲ
3194 3508 3295 3577 τῆς
3330 3505 3424 3559 τοῦ
3458 3501 3672 3572 Πατρός
3713 3498 3907 3590 δόξης,

2316 3589 2458 3664 κατά
2481 3607 2578 3679 τὴν
2607 3607 2833 3673 θεότητα
2854 3622 2866 3634 ·
2898 3605 2958 3657 οὐ
2988 3602 3097 3673 γὰρ
3127 3599 3337 3668 ἀπέστη
3368 3598 3467 3665 τῆς
3499 3593 3634 3664 πρὸς
3663 3592 3754 3643 τὸν
3788 3589 3903 3680 Παδ-

2316 3703 2450 3771 τέρα
2490 3676 2793 3770 σαρκωθεὶς
2827 3694 3165 3765 ὁμοιότητος.
3204 3688 3312 3740 Καὶ
3345 3686 3478 3753 πρός
3516 3698 3579 3750 γε
3618 3680 3693 3771 δὴν
3722 3676 3901 3771 τούτῳ

2318 3766 2479 3846 πάλιν
2505 3766 2663 3845 οῦῖτω»
2690 3785 2854 3857 φησί·
2893 3803 2911 3837 ι
2938 3784 3077 3844 Τοὺς
3126 3780 3236 3849 γὰρ
3269 3776 3495 3848 χρόνους
3530 3772 3630 3841 τῆς
3675 3766 3908 3836 ἀγνοίας

2321 3882 2591 3954 ὑπεριδὼν
2634 3878 2861 3940 ἀθεδς,
2908 3873 3087 3928 τανῦνι
3116 3872 3281 3924 πᾶσιν
3333 3863 3641 3954 ἀνθρώποις
3682 3872 3906 3954 παραγὶ

2319 3942 2501 4045 γέλλει
2573 3972 2890 4044 μετανοεῖνο
2947 3964 3137 4021 καθότι
3195 3962 3422 4030 ἔστησεν
3470 3952 3706 4045 ἡμέραν,
3743 3952 3815 4045 ἐν

655 4080 755 4135 luit
787 4079 1015 4151 diemin
1049 4094 1155 4147 quo
1180 4077 1517 4145 iudicaturus
1543 4084 1623 4129 est
1645 4075 1828 4129 orbem
1856 4074 1907 4126 in
1942 4073 2218 4140 aequitate,

2326 4035 2507 4139 μέλλει
2556 4035 2761 4132 κρίνειν
2810 4060 2919 4129 τὴν
2962 4053 3289 4124 οἰκουμένην
3332 4051 3390 4103 ἐν
3437 4046 3620 4115 ἀνδρὶ,
3649 4035 3698 4110 ᾧ
3733 4040 3906 4151 ὥρισα

654 4172 708 4225 in
741 4172 857 4224 viro
883 4170 934 4223 in
968 4182 1073 4237 quo
1094 4170 1303 4232 statuit,
1338 4166 1497 4219 tidem
1527 4164 1770 4233 praebens
1796 4162 2067 4226 omnibus,
2098 4174 2221 4214 sus«

2325 4129 2629 4233 impietate],
2656 4154 2839 4207 πίστιν
2865 4146 3164 4223 παρασχὼν
3190 4146 3377 4202 πᾶσιν.
3404 4138 3713 4207 ἀναστήσας
3741 4129 3910 4186 αὐτὸν

646 4263 830 4316 ritans
882 4275 1007 4315 eum
1060 4276 1089 4313 a
1153 4260 1380 4312 mortuis
1415 4256 1480 4310 ιτ.
1522 4274 1541 4305 ι
1592 4254 1726 4309 Cum
1770 4254 1916 4321 prius
1954 4252 2219 4306 dixisset:

2326 4226 2649 4320 Exvvexpiiv.
2678 4265 2696 4297 ι
2735 4243 3006 4313 Πρότερον
3052 4236 3245 4298 εἰπὼν,
3280 4254 3311 4285 ιτ
3344 4231 3433 4285 Ἐν
3467 4226 3687 4321 ἀνδρὶζι
3727 4236 3905 4321 προσ-

663 4340 684 4404 .'
724 4352 777 4405 ln
809 4353 945 4416 viro,
986 4371 1003 4403 I
1048 4361 1156 4402 tum
1200 4332 1328 4402 illud
1372 4346 1644 4415 subiungit
1677 4361 1753 4399 :1
1794 4344 2073 4397 Suscilans
2101 4355 2221 4395 eum

2325 4312 2655 4411 τίθησίτότε
2684 4336 2764 4398 τὸ,
2855 4331 3188 4399 Ἀναστήσας
3218 4323 3377 4416 αὑτὸν
3408 4324 3470 4373 ἐκ
3494 4315 3703 4388 νεκρῶν
3721 4332 3735 4347 ο
3762 4312 3910 4416 sive.

657 4461 687 4497 a
726 4442 985 4504 mortuis;
1022 4461 1039 4491 ι
1074 4455 1139 4494 ne
1166 4441 1286 4507 quis
1327 4438 1664 4495 divinitatem
1707 4436 1978 4489 hominem
2023 4433 2221 4488 factam

2331 4402 2517 4502 μηδεὶς
2561 4428 2660 4498 τὴν
2713 4423 3212 4495 ὲνανθρωπήσασαν
3250 4402 3550 4481 ὑπέοπτεύῃι
3583 4403 3909 4476 τεθνηκέναι

659 4548 783 4590 esse
809 4544 1074 4586 mortuam
1103 4534 1424 4600 suspicetur.
1469 4527 1516 4599 ι]

1304 4659 1457 4717 CAP.
1498 4659 1592 4714 lli.

736 4793 873 4862 Quis
910 4809 1040 4862 ergo
1088 4792 1175 4847 ille
1209 4801 1290 4846 est
1326 4788 1673 4846 incarnatus?
1710 4798 1805 4844 aut
1831 4803 1937 4858 quo
1978 4786 2230 4841 incarna-

666 4898 754 4943 tus
785 4885 978 4939 modo?
1018 4900 1137 4953 qua)
1188 4885 1350 4938 etiam
1396 4881 1651 4936 divinitas
1696 4881 1855 4934 homo
1886 4878 2071 4934 facta?
2121 4878 2230 4940 die,

666 4993 869 5046 quaeso,
912 4974 994 5030 vir
1031 4976 1232 5046 Optime
1262 4992 1275 5027 :
1317 4973 1372 5028 id
1402 4973 1544 5027 enim
1574 4986 1797 5026 avemus
1832 4971 2058 5026 discere.
2095 4968 2231 5022 Num

670 5070 1010 5122 incarnatum
1050 5082 1171 5121 esse
1212 5065 1573 5121 concedemus
1616 5065 1790 5133 ipsum
1832 5064 1897 5118 de
1937 5064 2042 5117 Dee
2073 5061 2244 5115 Deum

670 5158 932 5223 Verbum,
965 5168 1019 5212 et
1060 5159 1410 5212 bumauatum
1444 5171 1749 5213 asset-emus
1779 5166 2032 5224 tanquam
2067 5153 2236 5207 nostri

672 5252 902 5307 similem
936 5250 1156 5311 fat-tum,
1179 5259 1231 5303 et
1261 5264 1425 5303 carne
1456 5257 1637 5302 natum
1662 5247 1687 5301 ‘i
1710 5263 1775 5301 an
1816 5246 1867 5300 id
1906 5246 2055 5299 nullo
2081 5245 2250 5298 modo.

672 5344 1052 5405 concedemus,
1092 5342 1187 5396 sed
1231 5342 1513 5395 hominem
1550 5339 1977 5395 existimabimus
2024 5338 2092 5392 ad
2137 5338 2239 5391 hoc

675 5436 890 5485 venisse
918 5447 1037 5484 cum
1084 5432 1189 5484 Deo
1218 5430 1587 5498 coniunctum,
1613 5439 1672 5484 ut
1702 5431 1814 5499 ipse
1846 5428 2083 5501 asseris?
2111 5427 2236 5492 Sed,

677 5525 780 5579 nisi
831 5524 1006 5587 fallor,
1058 5524 1207 5577 dices
1239 5522 1430 5577 melius
1471 5533 1527 5575 et
1571 5521 1871 5592 sapientius
1902 5535 2020 5574 esse
2069 5520 2243 5588 ipsum

678 5631 744 5671 ex
782 5618 892 5671 Deo
917 5615 1145 5671 Verbum
1169 5624 1357 5686 putare
1384 5614 1655 5669 hominem
1689 5611 1886 5668 factum
1913 5620 1967 5666 et
1995 5612 2266 5667 incarna--

2330 4519 2605 4591 θεότητα.]

2918 4646 3185 4702 ΚΕΦΑΛ..
3208 4642 3285 4697 I".

2404 4792 2499 4856 Τίς
2531 4783 2767 4857 οῦνᾶρα
2785 4781 2934 4836 ἐστὶν
2961 4781 2989 4832 6
3020 4772 3469 4846 σεσαρκωμένοςς
3509 4767 3541 4839 ἧ
3568 4765 3691 4820 τινα
3722 4762 3917 4857 σεσαρ-

2336 4853 2507 4939 κωται
2539 4853 2773 4953 τρόπον;
2807 4872 2933 4926 ποία
2959 4869 3015 4924 δὲ
3040 4868 3229 4936 θεότης
3258 4860 3746 4953 ἐνανθρω-πησαςα,
3774 4853 3917 4924 φρά-

2341 4992 2461 5037 σαις
2494 4942 2592 5036 ἂνξ,
2613 4964 2657 5023 ὢ
2692 4966 2957 5037 βέλτιστε,
2988 4962 3101 5023 τοῖς
3134 4954 3378 5010 ἐθέλουσι
3412 4942 3796 5037 μαθεῐνξᾹρα
3826 4958 3917 5037 es:

2338 5031 2656 5132 σαρκῶσθαι
2693 5031 2935 5121 δώσομεν
2980 5048 3071 5100 τὸν
3118 5047 3183 5098 ἐκ
3221 5041 3355 5096 Θεοῦ
3404 5038 3535 5092 Θεὸν
3575 5035 3778 5103 Λόγον·
3820 5031 3919 5083 καὶ

2336 5123 2757 5219 ἐνανθρωπῆσαι
2786 5157 2967 5213 φαμεν
2992 5137 3174 5201 αὑτὸν,
3201 5134 3275 5197 ὡς
3306 5131 3428 5187 καθ’
3452 5131 3600 5200 ἡμᾶς
3627 5123 3917 5219 γεγονότα,

2336 5245 2432 5297 καὶ
2460 5214 2858 5310 γεγεννημένον
2888 5232 3085 5304 capaci;
3118 5230 3151 5299 ἢ
3188 5226 3345 5281 τοῦτο
3389 5224 3489 5293 μὲν
3522 5216 3793 5310 οὐδαμῶς,
3824 5214 3921 5268 ἀν·

2337 5307 2554 5406 θρωπον
2587 5330 2649 5384 δέ
2686 5307 2979 5399 νομιοῦμεν
3018 5322 3155 5394 πρὸς
3202 5318 3361 5373 τοῦτο
3392 5313 3586 5377 ἐλθεῖν,
3630 5307 3747 5378 Θεῷ
3788 5321 3920 5358 συν-

2338 5402 2605 5497 ημμένον,
2634 5420 2775 5476 κατὰ
2796 5419 2855 5473 σέ
2877 5435 2891 5484 ;
2927 5415 3064 5471 Ἀλλ’
3093 5410 3268 5485 οἶμαι,
3302 5408 3467 5479 φαίης
3489 5406 3576 5471 ἂν,
3600 5402 3674 5467 ὼς
3697 5402 3923 5497 ἄμεινον

2427 5491 2540 5567 *που
2577 5514 2671 5567 καὶ
2706 5510 2889 5579 σοφὸν,
2910 5507 2972 5560 τὸ
3009 5501 3426 5574 ἐνανθρωπῆσαι
3460 5491 3811 5586 φρονείνᾼτὸν
3845 5491 3923 5586 ἐκ

2344 5581 2480 5660 Θεοῦ
2520 5605 2712 5675 Λόγον,
2740 5602 2831 5657 καὶ
2865 5599 3044 5671 σάρκα
3071 5594 3345 5667 γενέσθαι,
3377 5588 3522 5646 κατά
3547 5586 3644 5650 τὰς
3671 5581 3925 5656 Γραφάς.

760 5796 805 5827 ⁵⁸
841 5794 980 5851 Psal.
1008 5809 1104 5859 cn,
1145 5792 1231 5847 14.
1308 5791 1354 5824 ⁸⁸
1386 5790 1544 5847 Hebr.
1568 5792 1681 5858 με,
1702 5791 1755 5846 3.
1826 5795 1868 5824 ⁵⁷
1902 5794 2027 5849 Act.-
2057 5806 2186 5855 svu,
2215 5788 2308 5853 30,
2330 5786 2421 5841 δι.
