4072 6346
168 386 229 440 53
1276 382 1645 440 ADVERSUS
1682 382 2083 439 NESTORIUM
2117 382 2245 438 LIB.
2291 382 2329 438 Ι.
3347 392 3413 448 34

170 496 236 548 Uti
260 496 366 567 γάρ
394 512 493 549 που
516 496 595 559 τὸ,
618 498 674 550 ἐν
754 497 835 560 τίς
863 498 1032 561 ἐστιν,
1056 497 1229 569 ὁρῷτο
1253 499 1337 564 ἂν,
1360 496 1533 570 οἶμαι,
1564 517 1733 570 προσ-

1843 508 1975 565 lum,
2012 510 2069 553 ut
2098 500 2391 569 Scriptura:
2433 501 2669 557 tradunt.
2711 502 2895 574 Neque
2932 508 3075 562 enim
3114 509 3167 565 id
3214 512 3265 565 in
3306 528 3413 582 quo

169 584 368 638 λαϐών·
396 588 445 639 εί
476 586 532 640 δέ
563 587 627 659 δὴ
662 588 872 655 γένοιτό
907 606 1024 651 πως
1058 592 1115 643 ἐν
1156 586 1237 652 οἷς
1277 591 1375 643 οὐκ
1420 593 1476 643 ἐν
1514 593 1730 662 ἀρχαῖς,

170 680 669 749 κεκαινουργεϊσθαί
698 698 749 733 τι
781 680 908 751 περὶ
931 681 1093 733 αὑτὸν
1120 681 1405 747 ἐκδείξειεν
1431 682 1496 735 ἂν
1521 685 1548 735 ὁ
1579 684 1735 750 λόγος

169 769 342 832 εὐθύς.
376 771 581 824 Οὐκοῦν
614 771 820 842 ἀμαθὲς
852 773 911 825 τὸ
947 772 1361 843 ἐνανθρωπῆσαι
1410 773 1608 840 λέγειν,
1643 774 1735 827 καὶ

171 862 343 933 σάρκα
386 863 639 931 γενέσθαι
673 862 953 952 τινάθτῶν
1003 863 1301 917 τελούντων
1334 864 1393 917 ἐν
1436 867 1590 935 ἡμῖν,
1642 865 1736 918 καὶ

169 955 287 1017 τοὺς
320 954 415 1023 τῆς
448 953 866 1025 άνθρωπότητος
906 955 1067 1024 ὅρους
1115 955 1487 1026 ἐκϐεϐηκότα·
1536 957 1736 1026 πρέποι

168 1045 211 1099 δ’
244 1045 331 1108 ἂν,
364 1046 458 1099 καὶ
502 1045 648 1116 μάλα
695 1047 937 1111 εἰκότως,
980 1049 1012 1117 ὴ
1047 1047 1473 1119 ἐνανθρώπησις,
1505 1050 1672 1120 ἡγουν
1702 1050 1736 1121 ἠ

170 1138 462 1208 σάρκωσις,
495 1140 558 1208 τῇ
592 1136 692 1207 τῆς
726 1137 1142 1211 άνθρωπόιητος
1174 1139 1427 1193 ἐπέκεινα
1461 1139 1638 1208 φύσει.
1674 1141 1737 1193 Εἰ

170 1228 224 1280 δέ
264 1226 681 1299 ἐνηνθρὼπησεν
713 1228 947 1299 άληθῶς,
980 1230 1076 1283 καὶ
1107 1230 1297 1298 γέγονε
1335 1230 1488 1301 σὰρξ,
1533 1230 1739 1303 ἄνθρω-

170 1335 267 1382 πος
294 1318 355 1390 δή
387 1336 489 1372 που
516 1319 753 1373 νοεῖσθαι
788 1322 1168 1386 πεπίστευται,
1200 1322 1295 1375 καὶ
1324 1323 1423 1375 οὐκ
1467 1322 1738 1394 ἀνθρώπῳ

168 1409 271 1461 τινὶ
300 1410 667 1481 συνημμένος,
708 1409 847 1463 κατὰ
881 1411 1048 1481 μόνην
1093 1413 1191 1482 τὴν
1226 1412 1516 1482 ἐνοίκησιν,
1546 1413 1735 1483 ἡγουν,

168 1500 307 1553 κατά
356 1518 477 1556 τινα
528 1501 637 1553 τῶν
691 1500 888 1564 ἔξωθεν
936 1502 1074 1571 ἔχων
1121 1501 1232 1573 [ῑσ.
1282 1502 1565 1574 σχέσεων],
1620 1504 1738 1574 ἦτοι

170 1591 483 1659 συνάφειαν,
517 1591 591 1655 ὡς
622 1594 685 1644 σὺ
719 1592 845 1661 φής.
882 1592 1027 1663 Πλὴν
1070 1596 1118 1646 εί
1145 1594 1237 1647 καὶ
1266 1595 1485 1663 γέγονεν
1528 1594 1740 1664 ἄνθρω-

166 1700 286 1747 πος,
325 1682 695 1753 ἀναπόϐλητον
726 1684 836 1753 ἔχει
882 1684 944 1737 τὸ
985 1680 1123 1737 εἶναι
1158 1684 1309 1749 Θεὸς.
1360 1684 1495 1739 Οὔτε
1538 1685 1594 1737 δέ
1641 1686 1740 1756 τῆς

168 1774 369 1843 σαρκὸς
400 1776 480 1837 είς
523 1774 623 1847 τὴν
660 1775 756 1846 τῆς
793 1774 1043 1845 θεότητος
1077 1774 1237 1843 φύσιν
1273 1775 1525 1844 γενέσθαι
1562 1776 1739 1845 φαμὲν

1840 602 1943 657 est,
1972 606 2249 647 assumere
2268 592 2552 662 quisquam
2582 596 2862 651 cernitur:
2897 600 2991 654 sed
3025 601 3071 657 si
3106 616 3167 655 ea
3211 618 3410 672 sumat,

1841 686 1890 739 in
1920 684 2113 753 quibus
2152 693 2310 738 antea
2347 698 2451 739 non
2482 696 2620 753 eral,
2662 688 2865 758 aliquid
2896 690 3038 745 circa
3073 692 3246 762 ipsum
3294 707 3415 751 esse

1839 776 2150 830 innovatum
2175 776 2356 831 statim
2397 778 2577 832 verbis
2612 780 2810 849 exponi
2848 780 2951 851 15
2993 787 3209 853 poterit.
3243 785 3411 857 lgitur

1839 866 2060 921 stultum
2089 867 2159 921 sit
2195 866 2467 922 hominem
2491 867 2693 924 factum
2728 871 2912 926 dicere
2946 882 3040 927 aut
3070 876 3408 931 incarnatum

1840 957 2073 1023 aliquem
2118 972 2185 1011 ex
2226 967 2412 1012 nostro
2467 975 2715 1025 numero,
2765 972 2822 1017 et
2879 965 3013 1021 lines
3060 967 3412 1023 humanitatis

1840 1052 2181 1104 excessisse:
2218 1051 2310 1105 sed
2345 1050 2459 1105 ﬁeri
2506 1052 2803 1119 hominem,
2836 1055 2920 1109 vel
2952 1057 3247 1126 incarnari,
3283 1078 3413 1115 Con-

1840 1141 2245 1197 venientissime
2279 1143 2331 1196 in
2360 1153 2603 1198 naturam
2632 1146 2795 1212 cadit,
2822 1162 2942 1217 quae
2977 1150 3115 1204 ultra
3156 1154 3287 1207 lines
3316 1156 3412 1207 lm-

1840 1230 2116 1285 manitatis
2152 1232 2421 1287 consistit.
2451 1233 2604 1301 Quod
2650 1236 2695 1289 si
2739 1252 2864 1293 vere
2909 1238 3070 1294 homo
3111 1242 3287 1298 lactus
3330 1256 3414 1299 est

1841 1332 1893 1377 et
1918 1337 2067 1387 caro,
2098 1325 2283 1393 procul
2313 1324 2479 1379 dubio
2522 1327 2793 1383 hominem
2842 1345 2963 1386 esse
3009 1333 3409 1405 intelligendum

1844 1413 1948 1468 lide
1978 1423 2256 1484 receptum
2293 1423 2396 1478 est,
2427 1430 2532 1470 non
2564 1418 2767 1473 homini
2817 1420 3033 1475 cuidam
3067 1426 3411 1494 conjunctunt

1842 1520 1935 1572 per
1964 1505 2132 1560 solam
2173 1506 2653 1573 iuhabitationem,
2699 1514 2779 1565 vel
2819 1528 2915 1582 per
2952 1515 3189 1586 aliquam
3234 1528 3417 1572 exter-

1843 1612 1965 1650 nam
1996 1598 2387 1663 habitudinem,
2416 1614 2531 1664 sen,
2564 1613 2621 1655 ut
2663 1612 2717 1655 tu
2749 1604 2906 1668 dicis,
2950 1607 3410 1677 conjunctionem.

1843 1688 2227 1744 Verumtamen
2253 1694 2463 1746 etiamsi
2502 1692 2676 1749 factus
2724 1708 2805 1749 est
2845 1699 3027 1763 homo,
3060 1717 3165 1756 non
3220 1706 3418 1759 desinit

1845 1797 1964 1838 esse
1987 1781 2149 1837 Deus.
2187 1783 2374 1852 Neque
2403 1800 2527 1840 vero
2557 1802 2774 1842 carnem
2814 1790 2863 1844 in
2894 1790 2985 1847 Dei
3015 1806 3263 1850 naturam
3295 1816 3415 1855 esse

169 1864 490 1933 μεταϐολὴν,
542 1865 821 1936 ἡγούμεθα
868 1866 924 1917 δὲ
974 1865 1068 1919 καὶ
1110 1866 1171 1918 τὸ
1215 1866 1449 1937 ἔμπαλιν
1492 1867 1590 1936 οὐχ
1638 1860 1739 1919 ὧδε

1845 1884 2106 1928 mutatam
2136 1876 2386 1943 dicimus,
2429 1892 2604 1946 neque
2647 1885 2952 1935 econtrario
2991 1887 3069 1939 sic
3117 1903 3176 1943 se
3216 1889 3416 1946 habere

166 1951 339 2022 ἔχειν’
391 1954 667 2025 μεμένηκε
716 1955 824 2025 γάρ
858 1956 891 2024 ἡ
931 1954 1023 2007 τοῦ
1063 1956 1236 2023 Λόγου
1262 1956 1405 2008 τοῦθ’
1432 1957 1568 2025 ὅπερ
1603 1956 1737 2019 ἐστὶ,

166 2047 259 2099 καὶ
291 2045 553 2099 ἐνωθείσα
603 2046 786 2116 σαρκί.
820 2046 1028 2100 Οὐκοῦν
1063 2047 1099 2099 ἃ
1153 2047 1339 2118 μηδεὶς
1385 2046 1488 2101 κᾶν
1522 2046 1650 2115 γοῦν
1683 2048 1741 2101 ἐν

162 2136 347 2205 ψιλαῖς
392 2136 622 2199 ἐννοίαις
669 2139 882 2208 φρονεῖν
928 2135 1087 2201 ἀξιοῖ,
1121 2138 1209 2191 διά
1238 2138 1395 2191 ποίαν
1443 2138 1620 2192 αἰτίαν
1666 2138 1741 2201 ὠς

163 2228 382 2299 ἀληθῶς
414 2229 679 2301 εἰρημένα
714 2224 883 2293 τιθεὶς
917 2232 975 2283 ἐν
1002 2234 1115 2294 τοῖς
1162 2230 1354 2285 ἐαυτοῦ
1406 2231 1603 2300 λόγοις,
1632 2234 1741 2294 τοῖς

163 2321 264 2393 τῆς
297 2322 578 2385 εὐσεϐείας
610 2322 840 2393 δόγμασι
874 2324 1153 2378 συναθλεῖν
1184 2326 1484 2398 ὑποκρίνῃ;
1524 2328 1598 2379 Τὸ
1642 2326 1741 2397 μὲν

164 2413 274 2483 γὰρ
327 2412 425 2482 τῆς
475 2414 725 2483 κράσεως
756 2414 948 2484 ὄνομα,
982 2414 1259 2469 τεθείκασί
1305 2433 1450 2480 τινες
1496 2416 1591 2469 καὶ
1634 2416 1741 2469 τῶν

163 2502 340 2571 ἁγίων
378 2504 673 2573 Πατέρων·
727 2505 914 2576 ἐπειδὴ
953 2505 1183 2559 δεδιέναι
1216 2508 1345 2578 φὴς,
1391 2510 1465 2579 μὴ
1512 2509 1618 2578 ἄρα
1658 2524 1744 2571 τις

162 2596 428 2665 άνάχυσις
457 2596 728 2666 συμϐῆναι
762 2596 1015 2667 νομισθῇ,
1063 2598 1313 2669 καθάπερ
1354 2600 1413 2651 ἐν
1441 2600 1589 2665 τάξει
1633 2598 1743 2651 τῶν

163 2687 421 2756 ἀλλήλοις
501 2689 964 2760 συγτ‹·εκραμένων
1020 2690 1237 2761 ὑγρῶν,
1301 2692 1627 2746 ἀπαλλάττω
1682 2708 1742 2744 σε

161 2778 475 2848 δειμάτωνο
510 2782 882 2853 πεφρονήκασι
914 2783 1022 2853 γάρ
1066 2785 1163 2853 οὐχ
1213 2778 1347 2837 ὦδε·
1400 2785 1596 2849 πόθεν;
1646 2802 1745 2837 κα·

159 2871 529 2941 τακέχρηνται
558 2870 615 2925 δέ
657 2875 723 2944 τῇ
770 2870 934 2939 λέξει,
962 2875 1061 2943 τὴν
1090 2877 1169 2937 είς
1210 2875 1378 2946 ἄκρον
1414 2875 1607 2929 ’ἐνωσιν
1638 2876 1744 2928 τῶν

159 2963 420 3033 ἀλλήλοις
472 2963 895 3034 συμϐεϐηκότων
946 2965 1280 3037 καταδηλοῦν
1334 2966 1740 3032 σπουδάζοντες.

156 3051 452 3125 Συμϐἧναι
500 3054 557 3107 δέ
601 3072 781 3125 φαμεν
832 3057 954 3110 καθ’
996 3059 1188 3111 ἕνωσιν
1229 3060 1615 3122 ἀδιάσπαστον,
1651 3060 1744 3112 καί⁵

156 3146 541 3211 ἀναλλοιὼτως
579 3149 826 3219 ἔχουσαν,
881 3152 945 3220 τῇ
990 3150 1094 3221 ἰδίᾳ
1143 3154 1309 3223 σαρκὶ
1357 3153 1447 3205 τὸν
1490 3154 1554 3207 ἐκ
1606 3154 1739 3207 Θεοῦ

155 3238 359 3306 Λόγον.
410 3238 728 3310 Εὺρήσομεν
774 3240 831 3294 δὲ
887 3241 980 3295 καὶ
1029 3242 1197 3313 αὐτὴν
1237 3244 1335 3313 τὴν
1386 3244 1741 3298 θεόπνευστον

156 3329 408 3401 Γραφὴν,
458 3332 518 3383 ού
556 3332 755 3402 σφόδρα
789 3332 886 3403 τὴν
931 3332 1075 3398 λέξιν
1121 3334 1617 3398 ἐκϐασανίζουσαν·
1662 3353 1745 3387 τις

154 3419 352 3472 θεῖσαν
401 3421 459 3472 δὲ
507 3421 707 3489 μᾶλλον
756 3422 830 3483 ὼς
873 3424 931 3475 ἐν
987 3424 1341 3494 καταχρήσει,
1390 3427 1483 3477 καὶ
1531 3425 1740 3487 ἀπλῶς.

154 3510 417 3580 Γέγραφε
447 3510 576 3578 γοῦν
605 3514 631 3563 ό
657 3510 940 3575 θεσπέσιος
962 3511 1169 3576 Παῦλος
1200 3516 1325 3585 περί
1357 3532 1535 3566 τινωψ
1563 3535 1579 3565 ι
1604 3515 1741 3566 Ἀλλ’

148 3602 255 3655 οὒκ
307 3601 595 3671 ὠφέλησεν
624 3606 652 3655 ὁ
685 3603 838 3671 λόγος
870 3604 968 3674 τῆς
998 3605 1167 3675 ἀκοῆς
1198 3606 1459 3669 ἐκείνους,
1494 3606 1571 3676 μὴ
1613 3622 1742 3674 συγ-

149 3692 545 3764 κεκραμένους
593 3697 659 3766 τῇ
730 3696 912 3748 πίστει
963 3699 1073 3760 τοῖς
1140 3697 1456 3751 ἀκούσασιν.
1521 3718 1539 3749 ι
1596 3694 1747 3769 *Αρα

146 3785 265 3857 γάρ
299 3784 529 3855 ἔμελλον
564 3786 704 3839 κατά
747 3785 840 3839 τὸν
869 3786 960 3840 σὺν
1008 3789 1208 3858 τρόπον
1246 3790 1742 3860 συνανακιρνᾶσθαί

147 3894 210 3929 τε
247 3875 528 3945 ἀλλήλοις,
578 3876 829 3948 καθάπερ
877 3878 1067 3948 ἀμέλει
1109 3880 1202 3933 καὶ
1247 3871 1387 3943 οἶνος
1426 3878 1597 3943 ὕδατι,
1649 3883 1744 3934 καὶ

148 3969 429 4039 ἀνάχυσίν
457 3986 577 4021 τινα
614 3969 722 4021 τῶν
752 3970 1100 4024 ὑποστάσεων
1127 3969 1224 4042 τὴν
1257 3973 1337 4033 εἰς
1379 3970 1613 4041 ἀλλήλας
1642 3989 1743 4025 πα-

148 4062 293 4123 θεῖν,
333 4062 385 4113 οί
422 4060 549 4129 περὶ
595 4051 669 4113 ὧν
709 4062 737 4112 ό
780 4059 958 4128 λόγος,
994 4059 1027 4130 ἦ
1063 4060 1259 4129 μᾶλλον
1311 4058 1561 4113 ἐνοῦσθαι
1604 4060 1745 4114 κατὰ

143 4151 363 4221 ψυχὴν,
392 4150 534 4203 κατά
568 4167 631 4217 γε
660 4150 721 4202 τὸ
747 4152 803 4202 ἐν
828 4153 949 4213 ταῖς
980 4151 1248 4220 Πράξεσιν
1274 4150 1381 4203 τῶν
1406 4150 1574 4217 ἀγίων
1610 4152 1743 4203 ἀπο-

146 4231 367 4297 στόλων
404 4242 821 4312 γεγραμμένον.
853 4242 934 4295 ὃτι
978 4241 1071 4294 τοῦ
1107 4241 1343 4311 πλήθους
1370 4241 1479 4294 τῶν
1519 4259 1743 4296 πιστευ-

145 4336 378 4389 σάντων
409 4329 476 4405 ὴν
504 4334 536 4403 ἡ
567 4332 786 4402 καρδία,
828 4334 922 4385 καὶ
958 4331 1159 4403 ἡψυχὴ
1192 4334 1324 4401 μία;
1371 4333 1532 4398 Ἀλλ’,
1566 4329 1740 4405 οἶμαι,

1842 1980 2148 2022 censemus.
2179 1965 2373 2021 Mansit
2408 1970 2552 2023 enim
2584 1970 2742 2025 Verbi
2776 1987 2967 2031 natura
3013 1980 3239 2047 idipsnm
3270 1990 3413 2053 quod

1843 2066 1948 2123 est,
1979 2058 2141 2111 etiam
2168 2060 2314 2113 unita
2338 2063 2509 2114 carni.
2546 2060 2712 2132 Igitur
2743 2081 2862 2132 qua:
2888 2085 3136 2126 nemone
3169 2074 3267 2129 levi
3296 2082 3415 2145 qni-

1842 2149 1964 2203 dem
1992 2148 2321 2216 cogitatione
2368 2152 2647 2206 sentienda
2677 2168 2879 2221 censet,
2910 2175 2972 2212 ea
3014 2176 3117 2230 qua
3147 2164 3212 2218 de
3252 2181 3416 2221 causa

1846 2250 2097 2310 tanquam
2125 2256 2184 2296 re
2214 2256 2338 2296 vera
2375 2245 2515 2299 dicta
2548 2260 2668 2299 cum
2709 2249 2763 2301 ia
2802 2252 2911 2304 tuis
2947 2258 3289 2312 sertmmilms
3320 2277 3417 2329 p0-

1842 2332 2038 2397 sueris,
2053 2345 2151 2401 pro
2172 2332 2387 2400 pietatis
2406 2335 2743 2403 dogmatibus
2764 2349 2813 2391 te
2841 2341 3121 2398 decertare
3150 2348 3371 2401 siumlas
3392 2351 3417 2403 9

1842 2425 1976 2480 Nam
2035 2426 2304 2480 rnistionis
2358 2442 2554 2483 nomen
2606 2442 2903 2497 posuerunt
2955 2438 3193 2491 nonnulli
3248 2442 3411 2494 etiam

1842 2521 2011 2576 sancti
2042 2520 2227 2576 Patres
2264 2538 2277 2574 :
2321 2521 2414 2575 sed
2457 2523 2581 2591 quia
2636 2535 2875 2581 metuere
2904 2537 2957 2583 te
2992 2531 3147 2595 dicis,
3193 2550 3259 2589 ne
3308 2552 3411 2606 qua

1842 2612 2088 2666 confusio
2129 2613 2425 2682 contigisse
2463 2614 2821 2681 existimetur,
2861 2620 2928 2673 ad
2969 2622 3142 2676 instar
3184 2624 3415 2694 liquidu-

1844 2714 1965 2751 rum
2002 2714 2122 2767 quae
2159 2701 2303 2754 inter
2340 2715 2399 2754 se
2437 2712 2621 2757 mutuo
2650 2708 3106 2777 comrniscentur;
3158 2714 3328 2769 libero
3362 2728 3417 2771 te

1845 2790 1947 2844 hoc
1980 2801 2119 2844 metu
2148 2808 2163 2844 :
2193 2807 2297 2847 non
2333 2793 2413 2847 sic
2450 2794 2523 2848 illi
2568 2810 2890 2867 senserunt;
2928 2804 3190 2860 minime:
3228 2810 3319 2860 sed
3351 2825 3413 2863 ea

1847 2893 1975 2933 voce
1996 2888 2119 2934 sunt
2150 2883 2325 2945 abusi,
2358 2898 2483 2938 cum
2518 2899 2781 2941 summam
2809 2893 3059 2948 unionem
3108 2911 3285 2951 rerum
3330 2902 3416 2954 in.

1848 2982 1928 3028 ter
1957 2987 2015 3027 se
2046 2974 2481 3029 convenientium
2529 2982 2817 3034 ostendere
2860 2986 3161 3041 studerent.
3198 2990 3415 3044 Conve-

1845 3064 1992 3117 nisse
2028 3073 2207 3118 autem
2243 3064 2475 3121 dicimus
2513 3082 2633 3121 cum
2678 3072 2892 3140 propria
2942 3090 3108 3131 carne
3148 3078 3239 3134 Dei
3290 3080 3416 3135 Ver-

1846 3152 1971 3207 bum
2021 3154 2218 3208 unione
2276 3156 2624 3224 inseparabili
2661 3171 2828 3229 atque
2872 3163 3212 3222 immutabili.
3270 3171 3417 3239 lpsas

1846 3258 2060 3311 quoque
2092 3259 2279 3299 sacras
2318 3244 2549 3303 Litteras
2593 3250 2928 3307 inveniemus
2982 3272 3084 3311 non
3128 3262 3415 3319 admodum

1844 3336 2008 3390 anxie
2038 3336 2139 3390 hac
2170 3351 2301 3391 voce
2340 3354 2486 3405 usus,
2514 3342 2609 3394 sed
2641 3343 2866 3399 abusive
2898 3350 3077 3415 potius
3122 3364 3184 3405 ac
3214 3356 3419 3425 simpli-

1844 3425 1983 3480 cius.
2018 3426 2208 3495 Itaque
2231 3428 2298 3482 de
2338 3429 2657 3497 quibusdam
2689 3436 2905 3503 scripsit
2953 3442 3140 3496 beatus
3169 3442 3365 3499 Paulus
3401 3467 3416 3503 :

1849 3531 1870 3565 ι
1910 3514 2016 3569 Sed
2048 3532 2151 3569 non
2181 3518 2382 3584 profuit
2413 3520 2515 3573 illis
2555 3538 2735 3576 sermo
2769 3529 3004 3595 auditus,
3037 3548 3142 3587 non
3176 3539 3417 3592 admistis

1845 3609 1969 3661 lidei
2012 3608 2078 3662 iis
2109 3610 2206 3678 qui
2229 3612 2514 3665 audierunt
2551 3612 2616 3668 “.
2652 3633 2673 3665 ο
2716 3616 2852 3671 Num
2900 3621 3063 3690 igitur
3109 3626 3164 3691 ii,
3196 3632 3259 3683 de
3298 3634 3420 3701 qui-

1846 3701 1947 3755 bus
1991 3700 2251 3771 loquitur,
2278 3718 2389 3773 quo
2422 3715 2474 3757 tu
2501 3704 2636 3759 dicis
2670 3709 2828 3763 modo
2853 3717 3241 3774 commiscendi
3264 3700 3421 3780 erant

1846 3792 1991 3848 inter
2019 3808 2079 3847 se
2121 3805 2181 3848 ut
2234 3810 2357 3848 cum
2388 3810 2525 3864 aqua
2571 3799 2750 3852 vinum
2799 3813 2853 3855 ct
2885 3818 3234 3871 personamm
3279 3816 3421 3871 inter

1845 3898 1904 3938 se
1942 3885 2314 3939 confusionem
2368 3887 2648 3942 subituri?
2692 3906 2759 3944 an
2802 3895 2981 3961 potius
3030 3915 3126 3967 per
3176 3906 3415 3961 animum

1846 3974 2065 4029 uniendi
2099 3986 2276 4040 erant,
2302 3988 2356 4030 ut
2381 3979 2639 4047 scripturn
2664 3993 2746 4035 est
2773 3984 2826 4037 in
2854 3998 3163 4045 sanctorum
3201 4009 3420 4064 aposto-

1847 4063 2017 4118 lorum
2061 4067 2212 4119 Actis
2247 4065 2314 4132 δ’,
2350 4068 2516 4122 luisse
2542 4071 2905 4128 multitudinis
2949 4063 3285 4141 credentium
3326 4103 3421 4141 cor

1847 4170 2012 4209 unum
2040 4164 2096 4209 et
2129 4157 2364 4210 animam
2401 4159 2603 4214 unam?
2647 4160 2754 4214 Sed
2792 4163 2841 4216 id
2879 4166 3057 4221 verius
3103 4185 3224 4226 esse
3257 4187 3417 4243 quam

1848 4244 1981 4298 illud
2010 4247 2223 4315 Opinor.
2258 4247 2452 4303 Desine
2484 4250 2648 4317 igitur
2673 4252 2774 4307 hac
2808 4254 2874 4308 de
2910 4270 2965 4310 re
3010 4267 3247 4316 metuere
3276 4286 3289 4319 :
3323 4266 3418 4322 lir-

1848 4351 1966 4391 mus
2009 4348 2092 4393 est
2135 4339 2281 4394 enim
2331 4341 2616 4395 admodum
2669 4356 2981 4401 sanctorum
3011 4352 3250 4411 virorum
3295 4371 3419 4416 sen-

139 4428 314 4480 τοῦτό
348 4430 501 4479 ἐστιν
541 4425 759 4493 ἀληθὲς,
794 4425 827 4495 ἢ
862 4427 1056 4478 ἐκεῖνο.
1100 4426 1243 4492 Ἔξω
1274 4426 1339 4495 δὴ
1369 4423 1461 4479 οὖν
1491 4427 1598 4479 τῶν
1647 4428 1741 4480 ἐπὶ

138 4519 370 4580 ’.τούτοις
406 4516 500 4569 ἔσο
531 4516 799 4586 δειμάτων
820 4533 831 4545 ·
870 4516 1116 4585 ἀσφαλὴς
1143 4518 1247 4585 γὰρ
1280 4518 1396 4570 λίαν
1429 4518 1537 4571 τῶν
1570 4520 1739 4589 ἁγίων
1764 4530 1819 4590 D

139 4612 170 4664 ό
206 4605 367 4673 νοῦς.

228 4699 466 4768 Ἐπειδὴ
498 4698 556 4752 δὲ
588 4697 647 4751 τὸ
672 4697 1092 4771 ἐνανθρωπῆσαι
1122 4698 1299 4766 λέγειν
1321 4698 1419 4768 τὴν
1445 4698 1540 4752 τοῦ
1569 4701 1743 4770 Λόγου

1915 4697 2023 4752 Sed
2048 4699 2173 4767 quia
2214 4699 2345 4753 nihil
2375 4701 2517 4754 aliud
2575 4712 2677 4766 est,
2734 4713 2792 4757 ut
2840 4717 2991 4773 puto,
3042 4711 3223 4767 dicere
3252 4712 3416 4772 Verbi

138 4794 340 4863 φύσιν,
382 4791 541 4845 οὐδὲν
575 4791 786 4863 ἕτερον,
820 4787 996 4860 οἶμαι,
1024 4792 1193 4854 ἐστὶν,
1229 4791 1261 4861 ἢ
1295 4792 1468 4843 ἐκεῖνο
1503 4795 1741 4862 φρονεῖν,

1843 4798 2093 4842 naturam
2118 4790 2488 4854 humanatam,
2530 4793 2631 4845 nisi
2676 4794 2945 4849 hominem
2978 4798 3198 4869 factam,
3259 4806 3420 4875 idque

132 4887 223 4940 ὅτι
269 4886 512 4954 γέγονεν
543 4884 850 4953 ἄνθρωπος,
883 4884 978 4935 καὶ
1026 4885 1086 4935 οὐ
1125 4884 1247 4953 δίχα
1294 4886 1601 4956 γεννήσεως
1644 4885 1742 4954 τῆς

1846 4880 2059 4935 nonnisi
2090 4894 2186 4949 per
2213 4884 2616 4949 generationem
2646 4899 2709 4937 ex
2739 4884 2935 4941 lentim:
2970 4903 2985 4942 :
3019 4892 3155 4948 hanc
3186 4913 3419 4969 namque

134 4980 204 5031 ἐκ
231 4974 532 5046 γυναικὸς,
585 4974 788 5045 ταύτην
824 4975 933 5043 γάρ
988 4968 1094 5026 οἶδε
1145 4977 1238 5026 καὶ
1277 4976 1444 5045 μόνην
1487 4977 1585 5043 τὴν
1623 4978 1739 5030 ὁδὸν

1846 4971 1987 5026 viam
2011 4972 2179 5027 solam
2222 4973 2328 5042 ιθ
2360 4974 2714 5029 humanorum
2756 4993 3041 5048 corporum
3095 4999 3285 5043 natura
3317 4968 3417 5046 no-

130 5070 249 5125 τῶν
299 5065 673 5137 ἀνθρωπίνων
706 5066 976 5136 σωμάτων
1006 5068 1039 5136 ὴ
1073 5065 1254 5135 φύσις,
1294 5069 1409 5131 πῶς
1436 5069 1533 5121 οὐκ
1567 5069 1742 5123 ἐδιδά-

1847 5064 1965 5118 vit:
2014 5080 2111 5119 cur
2166 5063 2310 5117 illam
2342 5065 2613 5134 Unigeniti
2667 5073 3068 5137 generationem
3121 5085 3414 5139 secundum

129 5164 279 5235 χθης
306 5160 419 5232 τὴν
453 5159 595 5214 κατὰ
619 5159 796 5229 σάρκα
826 5159 1076 5227 γέννησιν
1101 5158 1195 5211 τοῦ
1228 5159 1565 5227 Μονογενοῦς
1588 5161 1739 5235 παρά

1845 5171 2065 5211 carnem
2116 5171 2146 5210 a
2185 5155 2406 5210 Litteris
2431 5158 2692 5214 divinitus
2727 5162 3004 5231 inspiratis
3028 5168 3248 5225 minime
3276 5174 3415 5229 didi-

127 5257 233 5326 τῆς
286 5252 668 5308 θεοπνεύστου
715 5250 972 5323 Γραφῆςς
1022 5249 1212 5307 Καίτοι
1249 5251 1342 5303 καὶ
1390 5251 1573 5314 αὐτὸς,
1606 5268 1739 5321 προ-

1844 5248 1989 5311 cisti,
2022 5250 2146 5303 licet
2177 5250 2291 5319 ipse
2325 5264 2539 5318 quoque
2591 5256 2866 5320 proposita
2910 5259 3004 5312 tibi
3049 5263 3254 5329 pridem
3288 5283 3414 5333 pro-

128 5347 431 5418 κειμένων
470 5344 556 5397 σοί
596 5361 724 5397 ποτε
765 5341 1120 5413 προφητικῶν
1165 5343 1626 5412 ἀναγνωσμάτων,
1654 5344 1735 5396 ὅτι

1844 5340 2059 5407 phetica
2095 5340 2347 5405 lectione,
2380 5360 2397 5392 ι
2422 5342 2560 5397 Puer
2582 5355 2743 5400 natus
2763 5358 2847 5401 est
2870 5351 3046 5413 nobis,
3069 5353 3209 5408 ﬁlius
3246 5361 3412 5411 etiam

136 5460 155 5492 ι
190 5439 436 5493 Παιδίον
489 5435 751 5507 ἐγεννήθη
806 5436 957 5503 ἡμῖν,
1001 5433 1113 5496 υίὸς
1172 5434 1271 5487 καὶ
1297 5432 1452 5504 ἐδόθη
1509 5436 1667 5502 ἡμῖν,
1712 5453 1730 5484 ι

1843 5433 1999 5487 datus
2030 5444 2112 5487 est
2159 5433 2313 5488 nobis
2339 5434 2386 5465 '°
2416 5474 2430 5497 ,
2467 5455 2485 5486 ι
2535 5438 2599 5491 de
2630 5449 2758 5493 nato
2810 5456 2976 5510 puero
3011 5446 3129 5499 talia
3168 5449 3369 5503 dixeris
3398 5470 3411 5505 :

127 5532 269 5602 περὶ
303 5529 409 5583 τοῦ
442 5526 724 5598 τεχθέντος
755 5525 964 5579 παιδίου
992 5523 1169 5576 τοιάδε
1207 5524 1328 5575 τινὰ
1355 5524 1460 5593 φής
1486 5539 1496 5553 '
1522 5542 1539 5574 ι
1579 5525 1737 5593 Μέγα

1847 5540 1866 5573 ι
1895 5522 2141 5592 Magnum
2194 5540 2325 5579 sane
2371 5529 2501 5581 tanti
2534 5530 2659 5583 doni
2687 5544 3106 5588 sacramentum.
3143 5536 3241 5593 Hic
3269 5542 3413 5593 enim

125 5620 229 5677 ἰοό
264 5620 461 5690 δώρου
506 5616 567 5669 τὸ
604 5617 899 5687 μυστήριον
921 5631 932 5643 ·
967 5611 1123 5666 τοῦτο
1156 5610 1264 5681 γὰρ
1309 5610 1369 5663 τὸ
1409 5611 1736 5682 βλεπόμενον

1843 5616 1935 5685 qui
1960 5616 2170 5672 videtur
2200 5617 2399 5685 infans,
2427 5621 2515 5675 hic
2550 5623 2641 5692 qui
2692 5636 2881 5681 recens
2916 5636 3157 5698 apparet,
3211 5631 3298 5687 hic
3324 5634 3413 5701 qui

204 5804 256 5837 ⁸⁸
300 5800 480 5855 Hebr.
513 5813 585 5863 tv,
618 5799 672 5852 εὶ.
756 5798 797 5830 κ’
827 5798 941 5850 Aul.
982 5812 1053 5860 tv,
1082 5796 1169 5851 52.
1249 5795 1295 5827 '°
1330 5796 1433 5852 lsa.
1462 5812 1537 5861 rx,
1566 5797 1617 5850 ϐ.
