4072 6346
640 387 710 440 3S
1695 380 1752 434 S.
1797 377 2068 434 (IYlilLLl
2103 376 2564 432 ALEXANDRINI
2602 377 2924 435 ARCHIEP.
3806 378 3870 436 36

640 499 824 553 fasciis
856 495 1228 565 corporalibus
1256 502 1395 562 eget,
1439 492 1527 546 hic
1557 493 1646 560 qui
1684 494 1978 545 secundum
2025 490 2207 544 visibi-

2315 491 2532 561 βρέφος,
2572 492 2729 544 τοῦτο
2764 493 2823 545 τὸ
2856 492 3324 562 καταφαινόμενον
3354 491 3684 562 πρόσφατον,
3727 490 3870 545 τοῦτο

637 592 741 643 lem
779 588 1068 643 essentiam
1122 595 1366 640 recenter
1411 599 1495 638 est
1533 582 1736 649 editus,
1787 583 1957 638 Filius
1995 594 2099 651 est,
2148 595 2206 638 ut

637 682 918 748 Scriptura
955 679 1130 741 docet,
1176 685 1428 739 aeternus,
1480 674 1648 729 Filius
1693 677 2064 730 universorum
2093 678 2208 747 opi—

638 775 746 836 fex,
781 771 950 825 Filius
979 771 1069 839 qui
1102 785 1210 824 sua:
1239 769 1355 837 epis
1382 767 1568 822 fasciis
1633 768 2004 824 dissolubilcm
2053 785 2206 824 crea-

637 873 770 917 tura:
785 872 1029 916 naturam
1056 860 1326 930 astringit.
1354 879 1371 910 ι
1397 859 1604 914 Etalibi
1636 875 1821 914 rursus
1852 882 1862 915 :
1895 880 1914 911 ι
1942 861 2009 915 Et
2032 862 2208 917 infans

636 958 778 1010 cnim
805 954 945 1009 Deus
973 965 1056 1007 est
1095 952 1261 1006 libera
1304 960 1597 1020 potestate:
1628 961 1829 1004 tantum
1860 953 2028 1016 abest,
2060 952 2204 1019 Arie,

637 1059 693 1100 ut
736 1049 873 1100 Deus
908 1045 1143 1099 Verbum
1187 1042 1255 1097 sit
1281 1042 1381 1096 sub
1413 1040 1505 1095 Dei
1535 1049 1820 1109 potestate.
1857 1062 1876 1093 ›
1914 1043 1968 1095 In
2015 1044 2208 1111 quibus

638 1139 815 1191 verbis
841 1136 1184 1204 conjunctum
1217 1146 1431 1202 quoque
1459 1147 1654 1200 corpus
1682 1134 1844 1187 Deum
1891 1134 2203 1202 appellavit.

637 1230 702 1282 Et
745 1244 933 1282 rursus
969 1246 980 1280 :
1020 1247 1037 1278 ι
1072 1225 1326 1281 Novimus
1359 1240 1488 1294 ergo
1542 1225 1934 1280 humanitatem
1989 1226 2207 1282 infantis

636 1337 701 1373 ac
754 1319 1115 1382 divinitatem,
1178 1317 1456 1372 filiationis
1503 1319 1764 1372 unitatem
1815 1332 2093 1374 servamus
2151 1320 2205 1374 in

638 1408 1342 1477 Deitatishumanitatisque
1365 1418 1578 1463 natura.
1621 1428 1639 1458 ι
1673 1409 1810 1463 Ecce
1843 1408 1952 1476 jam
1989 1410 2206 1466 disertis

638 1503 833 1564 verbis,
869 1500 1128 1555 infantem
1149 1509 1416 1554 recentem
1454 1501 1544 1570 qui
1571 1502 1800 1565 videtur,
1830 1515 1948 1555 mox
1980 1501 2204 1566 editum,

636 1593 819 1647 fasciis
867 1592 1187 1655 involutum,
1239 1591 1434 1645 Filium
1488 1607 1606 1648 esse
1668 1592 1877 1656 fateris,
1911 1594 2208 1648 etuniver-

635 1701 816 1738 sorunt
849 1685 1118 1753 opificem.
1151 1683 1303 1738 llunc
1349 1698 1477 1738 vero
1509 1683 1771 1740 infantem
1814 1686 1967 1740 nobis
2019 1695 2203 1740 sancta

639 1776 801 1844 Virgo
832 1775 1056 1843 peperit.
1092 1774 1240 1829 Nosti
1303 1775 1466 1843 igitur
1496 1786 1642 1828 certe
1696 1777 1857 1830 Deum
1910 1778 2202 1830 secutidnm

2310 584 2370 635 τὸ
2397 588 2724 653 σπαργάνων
2754 585 3078 656 σωματικῶν
3105 585 3314 655 δεηθὲν,
3344 584 3501 638 τοῦτο
3531 585 3593 636 τὸ
3625 586 3760 638 κατὰ
3783 587 3872 655 τὴν

2309 677 2593 746 ὁρωμένην
2627 677 2813 730 οὐσίαν
2845 677 3146 747 ἀρτίτοκον,
3186 677 3330 740 Υἱὸς,
3369 677 3509 730 κατά
3537 675 3598 728 τὸ
3634 691 3867 747 γεγραμο

2309 768 2498 839 μένον,
2547 769 2794 832 αίώνιος’
2849 769 2975 832 Υίὸς
3025 769 3133 822 τῶν
3174 769 3309 822 ὅλων
3347 767 3707 838 δημιουργόςο
3756 767 3870 830 Υἱὸς

2309 865 2422 925 τοῖς
2462 861 2562 931 τῆς
2606 861 2742 925 ἰδίας
2789 861 3039 933 βοηθείας
3075 860 3409 931 σπαργάνοις
3435 860 3494 911 τὸ
3523 858 3624 927 τῆς
3655 857 3868 921 κτίσεως

2311 953 2619 1006 εὐδιάλυτον
2653 953 2950 1021 σφίγγων.»
2983 952 3093 1007 Kal.
3122 954 3178 1005 ὲν
3213 951 3422 1022 ἑτέροις
3450 950 3506 1002 δὲ
3542 947 3721 1004 πάλιν·
3747 950 3877 1002 «Καὶ

2308 1045 2369 1096 τὸ
2410 1044 2608 1114 βρέφος
2652 1045 2761 1113 γάρ
2803 1044 2932 1106 Θεὸς
2970 1041 3346 1107 αὐτεξούσιος·
3379 1040 3632 1096 τοσοῦτον
3677 1042 3705 1093 ὁ
3752 1038 3873 1104 Θεὸς

2310 1136 2477 1203 Λόγος
2505 1135 2596 1187 τοῦ
2623 1133 2758 1187 Θεοῦ
2793 1134 3109 1198 ὑπεξοὺσιος
3135 1129 3272 1186 εἶναι
3305 1132 3610 1202 διέστηκεν,
3640 1131 3866 1199 Ἀρειω

2310 1227 2386 1279 Δι’
2415 1221 2490 1280 ὦν
2528 1227 2620 1279 καὶ
2643 1226 2704 1280 τὸ
2735 1226 3076 1296 συνημμένον
3101 1224 3259 1295 σῶμα
3287 1223 3418 1277 Θεὸν
3445 1222 3868 1294 προσηγόρευσε.

2311 1317 2420 1370 Καὶ
2457 1318 2657 1386 πάλινο
2704 1336 2722 1369 t
2754 1319 3097 1389 Γνωρίζομεν
3129 1317 3310 1370 τοίνυν
3357 1315 3453 1388 τὴν
3489 1314 3875 1386 ἀνθρωπότητα

2307 1410 2400 1465 τοῦ
2443 1412 2676 1483 βρέφους
2727 1411 2822 1464 καὶ
2849 1410 2948 1481 τὴν
2995 1410 3226 1480 θεότητα
3247 1425 3260 1439 ·
3294 1408 3355 1461 τὸ
3380 1411 3478 1478 τῆς
3508 1407 3750 1476 υίότητος
3780 1422 3872 1475 τη-

2311 1501 2512 1571 ροῦμεν
2562 1501 2846 1571 μοναδικὸν
2904 1502 2961 1553 ὲν
3009 1500 3427 1571 ἀνθρωπότητος
3481 1496 3578 1551 καὶ⁸
3632 1496 3876 1567 θεότητος

2309 1595 2522 1663 φύσει.)
2545 1593 2674 1648 Ἰδοὺ
2703 1593 2765 1664 δὴ
2798 1593 2891 1646 καὶ
2922 1592 3064 1662 μάλα
3091 1591 3277 1660 σαφῶς
3303 1591 3364 1643 τδ
3398 1589 3595 1660 βρέφος
3628 1585 3688 1639 τὸ
3716 1585 3878 1658 πρόσ.

2309 1703 2497 1755 φατον,
2543 1688 2604 1739 τὸ
2652 1686 2946 1759 ὁρώμενον,
2993 1685 3056 1737 τὸ
3086 1684 3392 1755 ἀρτίτοκον,
3427 1682 3488 1734 τὸ
3527 1684 3875 1751 ἐσπαργανω-

2316 1778 2494 1845 μένον,
2530 1777 2659 1830 Υίὸν
2708 1775 2846 1832 εἶναι
2886 1776 3012 1846 φὴς,
3046 1777 3142 1828 καὶ
3188 1775 3296 1827 τῶν
3349 1772 3484 1826 ὅλων
3531 1770 3872 1842 δημιουργόν.

637 1879 853 1918 carnem
904 1865 1168 1934 genitam,
1194 1865 1353 1933 idque
1376 1879 1441 1919 ex
1469 1865 1727 1920 divinitus
1757 1866 2017 1933 inspirata
2054 1866 2202 1920 Scri-

2312 1867 2351 1918 Τ
2355 1867 2508 1919 έτοκε
2555 1868 2609 1919 δὲ
2657 1868 2717 1919 τὸ
2757 1867 2952 1937 βρέφος
2997 1869 3127 1936 ἡμῖν
3159 1869 3191 1935 ἡ
3227 1864 3355 1934 ἁγία
3388 1862 3679 1933 Παρθένος.
3713 1858 3877 1914 Οἶσθα

634 1965 789 2024 plura
820 1954 1080 2008 didiciSti.
1109 1954 1243 2019 Quis
1279 1955 1423 2008 enim
1473 1957 1804 2024 excogitetur
1832 1956 2202 2010 universorum

630 2048 831 2115 opifex,
883 2046 984 2100 nisi
1040 2047 1130 2101 ille
1182 2046 1348 2109 solus,
1393 2061 1488 2115 per
1544 2061 1703 2115 quem
1749 2048 1929 2101 omnia
1965 2048 2207 2102 condidit

633 2134 831 2190 Pater?
861 2134 966 2189 Sed
994 2133 1133 2189 forte
1161 2133 1531 2203 respondebis,
1567 2142 1617 2186 te
1651 2132 1946 2187 secundum
1982 2134 2031 2186 id
2063 2134 2205 2201 quod

632 2229 855 2292 latebat,
897 2226 1088 2280 Filium
1133 2226 1353 2291 dixisse,
1405 2233 1458 2279 et
1507 2224 1880 2278 universorum
1931 2222 2202 2291 Opificem.

636 2321 805 2374 licete
829 2320 984 2385 dicis,
1006 2320 1292 2374 assentior.
1326 2317 1451 2381 Sed,
1482 2332 1663 2387 quaeso
1691 2326 1898 2383 te,eum
1931 2316 2022 2384 qui
2054 2315 2203 2378 latet,

634 2429 754 2468 esse
798 2414 1000 2467 asseris
1055 2411 1184 2466 illud
1234 2425 1299 2463 ex
1347 2411 1454 2464 Deo
1511 2409 1771 2472 Verbum,
1815 2422 2046 2476 cumque
2088 2422 2207 2462 esse

637 2507 1012 2560 universorum
1093 2502 1408 2572 opificem:
1465 2502 1733 2570 quomodo
1821 2500 1985 2568 igitur
2054 2500 2208 2554 nobis

638 2597 794 2666 paulo
835 2603 956 2649 ante
985 2593 1368 2664 propemodum
1424 2592 1590 2660 digito
1628 2590 1773 2644 illum
1824 2600 2116 2654 recentem,
2155 2599 2211 2643 et

633 2690 746 2758 jam
783 2689 1007 2752 editum,
1031 2696 1086 2740 et
1115 2685 1295 2740 fasciis
1326 2683 1621 2737 involutum
1663 2682 1921 2735 infantem
1979 2680 2207 2733 demon-

638 2757 843 2844 strasti,
882 2791 1040 2845 quem
1072 2775 1233 2829 etiam
1279 2773 1372 2827 Dei
1407 2771 1600 2825 Filium
1643 2757 1969 2838 appellabas,
2015 2777 2069 2820 ct
2093 2781 2210 2821 om:

641 2873 788 2924 nium
817 2868 1067 2937 opificem
1095 2867 1118 2918 ?
1150 2867 1233 2918 An
1282 2865 1405 2934 quia
1449 2865 1677 2916 fortasse
1712 2872 1890 2930 putas,
1945 2858 2038 2914 Dei
2071 2858 2208 2912 Ver.-

643 2961 768 3013 bum
805 2958 856 3010 in
891 2955 1072 3009 carnis
1111 2964 1360 3007 naturam
1408 2966 1531 3006 esse
1584 2961 1848 3006 mutatum
1879 2951 2018 3004 ?sed
2048 2961 2099 3004 et
2137 2950 2207 3003 ita

643 3060 696 3103 te
749 3049 921 3118 ipsum
969 3047 1149 3118 potius
1211 3043 1515 3106 accusabis,
1567 3058 1726 3112 quam
1758 3043 1892 3097 alios
1947 3044 2098 3112 quasi
2158 3041 2208 3094 id

646 3140 914 3195 affirmare
944 3154 1126 3194 ausos.
1155 3140 1235 3192 An
1255 3151 1380 3192 vero
1398 3135 1523 3204 quia
1554 3134 1599 3188 is
1632 3133 1811 3188 infans
1835 3133 1923 3186 ille
1939 3137 2211 3186 estlatens

2306 1957 2370 2027 δὴ
2427 1954 2518 2011 οῦν
2579 1957 2684 2028 ἀρα
2735 1958 2867 2010 Θεὸν
2915 1957 3055 2010 κατὰ
3108 1957 3286 2026 σάρκα
3318 1954 3744 2024 γεγεννημένον’
3785 1952 3878 2005 καὶ

2305 2049 2464 2100 τοῦτο
2499 2051 2560 2101 ὲκ
2596 2049 2694 2119 τῆς
2726 2046 3080 2100 θεοπνεύστου
3132 2046 3458 2116 μεμάθηκας
3505 2045 3748 2116 Γραφῆς.
3783 2041 3877 2103 Τίς

2305 2137 2414 2208 γὰρ
2448 2137 2513 2190 ἂν
2545 2140 2716 2190 νοοῖτο
2744 2135 2850 2188 τῶν
2881 2134 3018 2188 ὅλων
3055 2135 3407 2206 δημιουργὸς,
3441 2133 3580 2204 πλὴν
3610 2134 3691 2187 ὃτι
3724 2132 3877 2202 μόνος

2306 2230 2532 2293 ἐκεῖνος,
2565 2233 2592 2282 ὁ
2618 2231 2683 2282 δι’
2712 2221 2772 2280 οῦ
2795 2228 2862 2280 τά
2887 2229 3063 2281 πάντα
3091 2227 3392 2298 πεποίηκεν
3418 2229 3446 2280 ὁ
3478 2228 3699 2294 Πατήρ;
3743 2219 3878 2274 Ἀλλ’

2308 2325 2464 2396 ἔφην,
2511 2326 2639 2387 ἴσως
2683 2326 2846 2394 ἐρεῖς,
2887 2321 3029 2375 κατὰ
3066 2323 3126 2374 τὺ
3169 2323 3572 2392 κεκρυμμένον,
3612 2315 3760 2379 Υἱός,
3785 2314 3881 2369 καὶ

2307 2416 2413 2469 τῶν
2445 2417 2579 2468 ὅλων
2624 2413 2971 2484 δημιουργός.
3023 2413 3250 2475 Καλῶς,
3309 2409 3664 2480 συνθήσομαι.
3727 2406 3881 2478 Ἐρή-

2311 2525 2473 2577 σομαι
2504 2508 2580 2560 δέ.
2623 2507 2726 2558 Τὸν
2768 2504 3152 2576 κεκρυμμένον
3199 2498 3338 2556 εἶναι
3386 2501 3491 2572 φὴς
3540 2501 3628 2553 τὸν
3657 2501 3718 2552 ὲκ
3749 2497 3880 2550 Θεοῦ

2309 2601 2500 2665 Λόγον,
2535 2598 2627 2650 καὶ
2669 2598 2856 2650 τοῦτον
2889 2592 3028 2649 εἶναι
3071 2596 3162 2647 τὸν
3191 2595 3327 2648 ὅλων
3365 2591 3695 2662 δημιουργόν
3717 2607 3729 2620 ·
3767 2587 3884 2653 πῶς

2308 2687 2400 2744 οῦν
2430 2692 2561 2760 ἡμῖν
2589 2691 2793 2762 ἀρτίως
2827 2689 3109 2760 μονονουχὶ
3143 2689 3237 2742 καὶ
3268 2675 3515 2757 δακτύλῳ
3549 2686 3609 2739 τὸ
3639 2684 3886 2756 πρόσφαο

2307 2799 2416 2844 τον,
2460 2781 2642 2834 καὶτὸ
2675 2781 2977 2851 ἀρτίτοκον,
3010 2781 3105 2834 καὶ
3147 2782 3208 2833 τὸ
3252 2781 3308 2832 ὲν
3349 2779 3705 2850 σπαργάνοις,
3754 2792 3887 2828 κατ⁹

2311 2870 2514 2936 ἔδειξας
2560 2871 2785 2943 βρέφος·
2817 2874 2908 2926 καὶ
2952 2873 3110 2927 τοῦτο
3144 2872 3274 2925 αὐτὸ
3321 2871 3410 2924 καὶ
3443 2870 3571 2923 Υίὸν
3609 2865 3888 2937 ὠνόμαζες

2310 2963 2466 3027 Θεοῦ,
2508 2965 2602 3016 καὶ
2636 2963 2725 3016 τὸν
2754 2964 2889 3018 ὅλων
2925 2963 3285 3034 δημιουργόν;
3316 2956 3392 3012 Ἦ
3420 2961 3560 3029 τάχα
3590 2975 3690 3010 που
3724 2972 3890 3027 μετα-

2312 3055 2638 3125 πεποιῆσθαι
2669 3056 2959 3125 νενόμικας
2991 3057 3068 3115 εἰς
3096 3055 3194 3124 τὴν
3232 3053 3328 3119 τῆς
3371 3052 3570 3125 σαρκὸς
3601 3049 3759 3118 φύσιν
3795 3045 3891 3099 τὸν

2313 3151 2375 3203 ἐκ
2407 3149 2540 3202 Θεοῦ
2573 3148 2776 3215 Λόγον;
2805 3147 2914 3200 Kal.
2949 3145 3135 3216 γράψῃ
3165 3144 3363 3214 μᾶλλον
3395 3142 3612 3205 σαυτὸν,
3644 3138 3742 3209 οὐχ
3771 3135 3891 3189 ἑτέ-

644 3233 812 3286 Filius
868 3242 922 3286 et
965 3231 1354 3284 universorum'
1395 3225 1604 3295 Opifex,
1654 3234 1708 3278 et
1757 3223 1895 3278 idem
1941 3234 2097 3278 natus
2143 3239 2207 3278 ex

2318 3259 2461 3313 ρους,
2511 3240 2584 3302 ὡς
2619 3226 2784 3292 τοῦτο’
2827 3238 2989 3306 φάναι
3033 3238 3428 3306 τολμήσαντας.
3462 3229 3539 3285 ἾΙ
3585 3232 3740 3300 εἰπερ
3772 3226 3893 3280 ἐστὶ

645 3333 831 3378 sancta
873 3323 1110 3392 Virgine,
1144 3321 1216 3373 ita
1253 3319 1452 3373 invitus
1482 3333 1546 3372 ex
1596 3317 1872 3387 inopinato
1925 3317 2069 3370 illam
2093 3330 2214 3370 esse

645 3417 737 3470 Dei
769 3415 1082 3486 genitricem
1118 3413 1397 3468 nobiscum
1438 3410 1721 3465 confessus
1750 3409 1903 3463 eris?
1935 3408 2213 3474 Quomodo

645 3510 787 3562 enim
845 3507 1025 3560 infans
1076 3505 1217 3558 Deus
1249 3505 1319 3557 sit
1371 3518 1480 3556 suae
1533 3500 1853 3569 potestatis?
1887 3499 2018 3553 Nam
2049 3500 2091 3553 si
2143 3499 2214 3552 ita

645 3603 781 3656 dicis
840 3599 984 3652 illum
1044 3612 1154 3652 suae
1215 3594 1499 3665 potestatis
1561 3602 1619 3648 ut
1679 3607 1802 3648 esse
1846 3592 2216 3660 unusquisque

645 3694 816 3747 nostri
843 3691 1037 3746 similis
1067 3688 1404 3757 intelligitur,
1437 3696 1686 3755 tanquam
1743 3685 1826 3739 cui
1861 3699 1971 3740 suae
2022 3684 2214 3738 volun-

648 3786 774 3838 tatis
807 3798 834 3836 a
864 3782 973 3836 Deo
1009 3779 1287 3850 permissa:
1315 3779 1423 3832 sint
1461 3777 1718 3841 habente;
1753 3776 1880 3844 quid
1925 3776 2030 3829 erit
2061 3775 2111 3827 in
2150 3787 2215 3826 eo

647 3885 839 3946 praeter
863 3882 1087 3928 exteros
1121 3871 1220 3941 17
1252 3871 1513 3925 eximium
1537 3873 1560 3922 Υ
1610 3878 1704 3922 aut
1731 3883 1890 3938 quam
1907 3867 1976 3920 ob
1993 3880 2212 3919 causam

659 3967 962 4022 libertatem
1023 3963 1233 4017 arbitrii
1293 3976 1355 4016 ac
1424 3961 1708 4029 potestatis
1783 3967 2037 4026 tanquam
2105 3958 2214 4012 Deo

647 4060 862 4127 dignum
892 4064 947 4111 et
976 4053 1301 4123 praecipuum
1352 4065 1540 4106 revera
1595 4049 1807 4104 titulum
1861 4049 1934 4102 illi
2001 4047 2210 4112 tribuis,

647 4148 893 4219 quamvis
951 4145 1198 4199 omnibus
1251 4144 1343 4212 qui
1389 4142 1588 4210 degunt
1625 4142 1679 4194 in
1731 4143 1888 4196 terris
1928 4153 1983 4195 et
2016 4141 2215 4195 habere

647 4242 788 4294 illam
818 4240 995 4302 liceat,
1026 4247 1079 4291 et
1101 4234 1212 4304 jam
1245 4233 1477 4289 habeant
1506 4233 1527 4287 3
1568 4233 1661 4286 Sin
1687 4233 1904 4288 libertas
1935 4234 2214 4302 potestatis

648 4333 777 4386 illud
834 4333 884 4385 in
933 4331 1033 4384 hac
1061 4338 1213 4398 parte
1252 4327 1539 4398 significat,
1578 4325 1800 4380 alterius
1853 4325 2056 4393 legibus
2108 4340 2212 4380 non

648 4438 766 4477 esse
801 4424 1125 4489 subjectum,
1164 4428 1221 4472 ut
1250 4419 1414 4472 etiam
1458 4419 1570 4485 ipsa
1613 4418 1864 4470 nimirum
1899 4416 1988 4469 Dei
2019 4425 2212 4471 natura

651 4514 984 4580 intelligitur,
1017 4524 1253 4578 quonam
1288 4509 1450 4577 igitur
1477 4509 1633 4563 modo
1668 4509 1753 4562 his
1811 4508 2209 4561 conditionibus

650 4607 784 4657 adeo
824 4603 1086 4672 angustis,
1121 4609 1174 4653 et
1201 4599 1369 4653 solam
1419 4613 1733 4666 supremam
1785 4598 1927 4651 illam
1959 4608 2206 4651 naturam

650 4708 702 4748 et
730 4694 954 4765 gloriam
999 4689 1331 4752 docentibus,
1389 4705 1559 4758 nuper
1592 4690 1792 4742 editum
1846 4690 1996 4744 illum
2042 4691 2214 4745 infan-

648 4800 754 4841 tem
783 4798 905 4844 esse
949 4782 1104 4845 dicis,
1164 4779 1408 4847 quamvis
1460 4778 1723 4847 quidquid
1759 4780 1826 4831 ad
1883 4779 1989 4833 hoc
2034 4791 2090 4833 ut
2141 4783 2212 4835 sit

647 4887 896 4934 vocatum
925 4883 1032 4937 est,
1063 4871 1172 4925 Deo
1203 4873 1268 4925 sit
1301 4869 1622 4938 subjectum,
1668 4881 1720 4924 et
1765 4872 2041 4926 servitutis
2083 4873 2214 4943 jugo

647 4966 964 5024 snbditum?
996 4965 1102 5018 Sed
1131 4964 1358 5016 fortasse
1391 4963 1609 5030 putabis
1636 4963 1701 5015 ad
1730 4965 1842 5017 hazc
1897 4965 2077 5018 omnia
2117 4967 2211 5020 tibi

646 5059 778 5114 satis
827 5056 973 5110 illam
1028 5056 1247 5109 stultam
1304 5053 1568 5107 ratiOnem
1622 5052 1757 5118 fore,
1823 5057 1966 5122 quod
2008 5057 2218 5112 scilicet

651 5152 792 5204 inter
815 5161 874 5202 se
915 5155 1122 5200 natura:
1161 5155 1347 5197 mutuo
1397 5142 1716 5210 copulentur
1764 5159 1870 5198 non
1919 5148 2214 5202 secundum

653 5236 1006 5309 hypostasim,
1028 5236 1119 5287 sed
1147 5233 1335 5287 eodem
1360 5233 1538 5300 potius
1586 5231 1790 5286 honore
1823 5245 1876 5287 et
1905 5237 2216 5304 aequalitate

649 5329 922 5400 dignitatis
956 5344 970 5381 :
1003 5340 1125 5380 nam
1173 5326 1272 5379 ista
1325 5340 1465 5393 swpe
1520 5325 1672 5379 nobis
1715 5326 2084 5395 imprudenter
2138 5330 2217 5385 in-

647 5424 846 5478 culcas.
876 5421 982 5475 Sed
1021 5429 1071 5473 te
1104 5420 1215 5474 lucc
1244 5419 1511 5471 dicentem
1547 5416 1598 5470 in
1647 5418 1929 5474 imbecillis
1972 5431 2024 5475 et
2054 5422 2216 5493 fragi-

648 5515 788 5568 fibus
809 5512 1127 5567 commentis
1163 5510 1436 5572 insistere,
1477 5508 1761 5563 manifeste
1806 5514 1993 5578 paucis
2031 5525 2216 5568 osten-

653 5607 811 5658 detur
863 5619 984 5659 cum
1038 5602 1102 5654 de
1164 5601 1263 5653 hoc
1314 5599 1578 5652 tractandi
1635 5601 1849 5656 occasio
1900 5619 1956 5658 se
2003 5605 2213 5661 offeret,

653 5697 746 5750 llis
773 5695 873 5747 alia
906 5694 1145 5761 quedam
1181 5691 1373 5753 assuit,
1423 5705 1516 5758 per
1566 5706 1684 5758 qua:
1718 5706 1776 5745 se
1807 5705 1954 5761 putat
1988 5711 2213 5765 genera-

659 5788 819 5840 tionis
848 5787 1058 5838 modum
1095 5794 1290 5835 nostra:
1335 5782 1584 5850 similem,
1651 5784 1811 5839 veluti
1874 5787 2211 5848 indecentem

2313 3335 2373 3386 τὸ
2409 3334 2605 3402 βρέφος
2656 3336 2683 3383 ὀ
2715 3331 3096 3400 κεκρυμμένος
3144 3327 3289 3390 Υἱὸς,
3336 3327 3429 3378 καὶ
3473 3323 3581 3376 τῶν
3613 3323 3749 3375 ὅλων
3789 3321 3891 3390 δη-

2319 3424 2595 3494 μιουργὸς,
2628 3421 2951 3491 γεγέννηται
2980 3420 3036 3472 δὲ
3078 3417 3235 3470 τοῦτο
3263 3419 3325 3470 ὲκ
3361 3411 3462 3485 τῆς
3491 3415 3652 3481 ἁγίας
3682 3409 3894 3482 Παρθέ-

2317 3534 2428 3582 νου,
2461 3516 2815 3586 ὡμολόγησας
2846 3515 2944 3582 οὐχ
2972 3512 3111 3564 ἑκὼν
3154 3510 3414 3562 Θεοτόκον
3465 3509 3561 3559 σὺν
3594 3508 3724 3576 ἡμῖν
3769 3504 3896 3556 ἀδο-

2317 3611 2492 3679 κήτως
2530 3608 2732 3676 αὐτήν;
2777 3605 2928 3657 Ἐπεὶ
2967 3604 3082 3663 πῶς
3114 3601 3310 3669 βρέφος
3349 3599 3478 3660 Θεὸς
3508 3595 3895 3662 αὐτεξούσιοςς

2316 3700 2379 3752 Et
2417 3698 2514 3768 μὲν
2556 3698 2662 3766 γάρ
2693 3695 2833 3747 οὕτω
2863 3693 2965 3762 φὴς
2998 3692 3362 3757 αὐτεξούσιον,
3393 3690 3466 3753 ὼς
3498 3690 3562 3743 ἂν
3591 3690 3763 3754 νοοῖτο
3792 3703 3898 3739 τυ-

2316 3791 2408 3860 χὸν
2459 3788 2551 3841 καὶ
2601 3787 2708 3839 τῶν
2756 3785 2875 3839 καθ’
2926 3787 3070 3855 ἡμᾶς
3121 3785 3368 3848 ἕκαστος,
3424 3783 3499 3845 ὠς
3544 3781 3642 3852 τῆς
3695 3777 3898 3835 ἑαυτοῦ

2315 3881 2687 3950 προαιρέσεως
2728 3877 3157 3946 πεπιστευμένος
3204 3874 3356 3946 παρά
3397 3872 3514 3942 Θεῷ
3557 3873 3664 3944 [Ζσ.
3726 3867 3899 3943 Θεοῦ]

2313 3971 2412 4032 τάς
2457 3969 2637 4039 ἡνίας,
2682 3969 2734 4021 τί
2784 3968 2845 4021 τὸ
2895 3968 3173 4038 ἐξαίρετον
3215 3966 3365 4038 παρὰ
3411 3966 3538 4028 τοὺς
3585 3962 3778 4026 ἄλλους
3831 3964 3898 4015 ἐν

2315 4061 2494 4132 abuit;
2543 4061 2574 4131 ἢ
2621 4062 2707 4114 διὰ
2742 4059 2902 4113 ποίαν
2932 4060 3130 4124 αἰτίαν,
3182 4057 3431 4130 καθάπερ
3477 4074 3530 4109 τι
3564 4054 3897 4125 θεοπρεπὲς,

2316 4154 2410 4206 καὶ
2458 4151 2734 4224 ἐξαίρετον
2771 4151 2985 4223 ἀληθῶς
3033 4152 3266 4220 ἀξίωμα,
3309 4149 3368 4202 τὸ
3415 4146 3759 4211 αὐτεξούσιον
3793 4147 3899 4199 ἀν-

2317 4244 2507 4306 άπτεις
2538 4244 2723 4314 αὑτῷ;
2761 4245 2935 4296 καίτοι
2971 4243 3131 4312 μετὸν
3162 4243 3330 4295 άπασι
3364 4241 3472 4292 τῶν
3506 4239 3597 4292 ἐπὶ
3632 4242 3730 4308 τῆς
3760 4237 3898 4305 γῆς,

2316 4335 2458 4404 ἔχειν
2496 4352 2552 4386 τε
2593 4334 2741 4402 αὐτῷ
2780 4332 2887 4404 [ῑσ.
2940 4331 3113 4403 αὑτὸ],
3153 4331 3245 4384 καὶ
3284 4330 3380 4400 ἤδη
3421 4327 3696 4399 λαχοῦσιν.
3737 4329 3803 4380 Et
3833 4327 3900 4380 δὲ

2315 4427 2378 4496 δὴ
2425 4425 2674 4495 σημαίνει
2725 4425 2784 4477 τὸ
2832 4423 3178 4490 αὐτεξούσιον
3231 4422 3288 4475 ὲν
3321 4422 3529 4484 τούτοις
3571 4420 3629 4473 τὸ
3661 4419 3736 4489 μὴ
3780 4419 3900 4472 δεῖν

2317 4517 2634 4569 ὑποκεῖσθαι
2665 4519 2772 4578 τοῖς
2804 4515 2988 4585 ἑτέρου
3021 4517 3226 4584 νόμοις,
3259 4510 3394 4566 εῖναι
3433 4513 3488 4565 δὲ
3532 4511 3702 4569 οὕτως
3736 4509 3903 4562 ἐλεύ-

2314 4609 2490 4679 θερον,
2528 4609 2603 4670 ὡς
2645 4608 2709 4660 ἂν
2751 4609 2843 4659 καὶ
2893 4607 3028 4676 αὐτὴ
3072 4606 3232 4674 τυχὸν
3277 4604 3458 4673 ἡθεία
3499 4606 3670 4656 νοοῖτο
3699 4603 3898 4672 φύσις,

2312 4701 2431 4753 τίνα
2461 4701 2524 4770 δὴ
2552 4700 2750 4770 τρόπον
2793 4703 2848 4753 ὲν
2876 4701 2987 4760 τοῖς
3018 4696 3159 4749 οὕτω
3206 4699 3421 4758 σεπτοῖς
3469 4697 3562 4748 καὶ
3617 4695 3901 4766 πρέπουσι

2319 4791 2454 4862 μόνῃ
2484 4794 2545 4861 τῇ
2594 4790 2851 4843 ἀνωτάτω
2899 4788 3053 4855 φύσει
3097 4803 3154 4840 τε
3189 4788 3284 4839 καὶ
3314 4787 3461 4858 δόξῃ,
3511 4786 3572 4838 τὺ
3602 4785 3900 4856 ἀρτίτοκον

2319 4883 2513 4953 βρέφος
2562 4879 2697 4934 εἶναι
2748 4881 2886 4950 φής;
2936 4879 3113 4932 καίτοι
3164 4878 3362 4941 παντὸς
3404 4878 3498 4931 τοῦ
3549 4877 3900 4948 κεκλημένου

2320 4971 2453 5040 πρὸς
2507 4969 2759 5040 ὕπαρξιν,
2808 4967 3239 5038 κατεζευγμένου
3298 4967 3449 5038 Θεῷ,
3505 4969 3597 5023 καὶ
3649 4968 3740 5020 τὸν
3789 4965 3902 5036 τῆς

2316 5061 2556 5123 δουλείας
2585 5060 2973 5131 ὑποτρέχοντος
3009 5059 3189 5126 ζυγόν.
3236 5059 3374 5111 Ἀλλ’
3405 5059 3566 5131 οἰήσῃ
3609 5058 3750 5128 τάχα
3785 5073 3902 5109 που

2319 5154 2449 5221 πρὸς
2483 5154 2697 5205 ἅπαντά
2722 5168 2802 5203 σοι
2846 5151 3003 5203 ταυτὶ
3042 5151 3132 5205 τὸν
3160 5152 3365 5203 εἰκαῖον
3413 5153 3619 5205 ἐκεῖνον
3653 5149 3904 5222 ἀρκέσαι

2317 5246 2490 5313 λόγον,
2516 5246 2606 5298 τὸν
2635 5245 2754 5296 ἐπεί
2780 5261 2843 5312 γε
2876 5245 2984 5315 [τσ.
3019 5245 3108 5296 ὲπί
3139 5244 3224 5316 γε]
3257 5244 3330 5315 τῷ
3366 5243 3475 5296 δεῖν
3501 5243 3758 5314 ἀλλήλαις
3790 5243 3906 5304 τὰς

2319 5338 2506 5406 φύσεις
2538 5337 2920 5401 συνάπτεσθαι,
2954 5338 3045 5389 καὶ
3095 5336 3211 5390 οὑτι
3261 5355 3362 5390 που
3408 5337 3528 5390 καθ’
3565 5338 3903 5401 ὑπόστασιν,

2317 5430 2429 5483 ἀλλ’
2459 5429 2532 5492 ὼς
2554 5430 2609 5480 ὲν
2633 5433 2764 5500 τιμῇ
2795 5428 2991 5498 μᾶλλον
3026 5429 3445 5499 ἁπαραλλάκτῳ,
3477 5428 3568 5482 καὶ
3592 5431 3647 5480 ἐν
3679 5427 3904 5497 ἰσότητι

2316 5523 2412 5594 τῆς
2447 5520 2636 5584 ἀξίας·
2665 5523 2822 5574 ταυτὶ
2853 5520 2959 5591 γὰρ
2994 5523 3125 5592 ἡμῖν
3161 5522 3245 5574 ἀεὶ
3281 5522 3426 5589 λέγει
3472 5519 3717 5590 ἀμαθῶς.
3764 5519 3906 5572 Ὅτι

2315 5615 2369 5666 δὲ
2407 5614 2647 5685 σαθραίς,
2677 5615 2769 5666 καὶ
2796 5615 3198 5678 εὐδιακλάστοις
3227 5616 3454 5677 ἐννοίαις
3484 5615 3905 5685 ἐπερηρεισμέ-

2317 5724 2424 5768 νος,
2456 5707 2522 5758 τά
2551 5706 2723 5759 τοιάδε
2774 5705 2966 5775 λέγων,
3013 5707 3216 5778 άλώσῃ,
3263 5707 3604 5778 δειχθήσεται
3657 5707 3750 5761 καὶ
3791 5708 3908 5760 οὐκ

2319 5801 2394 5861 εἰς
2428 5798 2658 5868 μακρὰν,
2689 5803 3112 5870 παρενεγκόντος
3142 5803 3268 5871 ἡμῖν
3293 5801 3386 5855 τοῦ
3417 5800 3608 5872 καιροῦ
3633 5802 3724 5857 καὶ
3755 5802 3906 5872 πρός
