4072 6346
214 386 280 447 5']
1331 378 1700 436 ADVI'ZRSUS
1739 376 2140 434 Nl‘lSTORIL‘M
2184 380 2309 435 LIB.
2357 379 2393 434 Ι.
3381 378 3450 433 38

217 529 273 578 γε
307 509 464 564 ταυτὶ
493 508 582 561 τὸν
617 507 791 574 λόγον.
824 494 1062 573 Συνείρει
1091 505 1144 556 δὲ
1186 505 1392 565 τούτοις
1439 503 1581 572 ἕτερ’
1624 501 1778 561 ἄττα,

1885 509 1936 553 et
1969 500 2376 569 itupossihileut,
2427 502 2718 554 admodum
2751 508 2905 554 acute
2931 499 3304 552 demonstrare
3338 517 3350 563 ;
3387 514 3449 552 ac

215 601 277 654 δι’
330 594 405 653 ὧν
462 599 614 669 ᾠήθη
671 597 960 658 δύνασθαι,
1005 596 1100 649 καὶ
1159 595 1303 664 μάλα
1353 595 1658 664 ἐμφρόνως,
1709 591 1782 654 ὡς

216 690 440 760 ἀκαλλῆ,
471 690 565 741 καὶ
589 687 874 755 ἀνέφικτον
902 687 990 739 τὸν
1017 688 1114 755 τῆς
1145 686 1266 739 καθ’
1297 686 1442 756 ἡμᾶς
1483 683 1784 753 γεννήσεως

215 777 493 845 ἀποφῆναι
523 775 740 845 τρόπον.
787 775 896 828 Καὶ
939 774 1288 844 ἀντανίστησι
1321 774 1417 844 μὲν
1453 771 1630 842 ἐαυτῷ
1660 773 1783 833 τοὺς

218 869 348 939 πρὸς
377 868 531 937 ἡμῶν
562 868 752 934 λόγους
775 884 787 897 ο
821 866 992 919 οἴεται
1030 867 1088 920 δὲ
1139 865 1630 935 κατευμεγεθήσειν
1684 865 1781 933 ρᾳ-

212 961 364 1022 δίως,
409 960 502 1012 καὶ
560 960 711 1012 οὐδὲν
767 959 926 1021 ὄντας
971 961 1223 1026 ἐπιφανεῖ
1279 957 1386 1028 [ἵσ.
1438 955 1779 1026 ἁποφανεῖν],

215 1050 384 1104 καίτοι
416 1049 819 1118 πρεσϐεύοντας
853 1049 1100 1119 τάληθές.
1137 1049 1278 1118 Ἔφη
1309 1048 1363 1100 δὲ
1392 1046 1596 1108 οὕτως’

282 1139 369 1211 [Et
387 1139 542 1202 Θεὸς,
561 1139 747 1209 φησὶν,
777 1140 804 1191 ὀ
829 1137 1080 1209 Χριστὸς,
1105 1137 1295 1207 ἐτέχθη
1327 1137 1382 1188 δὲ
1410 1138 1437 1187 ὁ
1460 1135 1690 1206 Χριστὸς
1721 1135 1783 1186 ἐκ

213 1231 311 1300 τῆς
354 1233 629 1301 μακαρίας
661 1231 896 1302 Μαρίας,
947 1229 1063 1292 πῶς
1106 1231 1206 1282 οὐκ
1240 1229 1384 1281 ἔστιν
1434 1231 1464 1297 ὴ
1511 1227 1782 1298 ΙΙαρθένος

213 1320 509 1385 Θεοτόκος;
562 1320 727 1372 Οὐδὲν
781 1319 1008 1390 κρύπτω
1037 1319 1146 1372 τῶν
1180 1320 1310 1390 παρ’
1345 1319 1522 1371 αὐτῶν
1569 1318 1777 1370 ἀντιθέ-

213 1427 379 1465 σεων’
422 1415 449 1464 ὁ
482 1411 590 1481 γὰρ
630 1410 730 1480 τῆς
760 1411 1015 1480 ἀληθείας
1046 1409 1282 1481 ἐραστὴς
1319 1411 1494 1463 πάντα
1520 1409 1589 1461 τά
1632 1409 1782 1479 παρά

208 1501 301 1553 τοῦ
327 1501 552 1570 ψεύδους
581 1503 758 1572 ἐαυτῷ
794 1500 1114 1573 προσλαϐὼν
1153 1502 1503 1574 ἀντιτίθησι.]
1526 1497 1658 1554 Εἶτα
1681 1502 1781 1573 τὴν

209 1591 360 1642 λύσιν
406 1591 689 1660 ἐπιφέρειν
737 1593 1010 1660 πειρᾶται,
1062 1591 1336 1654 τοιαύταις
1379 1594 1522 1647 τισὶν
1552 1593 1782 1654 ἐννοίαις

209 1681 510 1750 χρώμενος·
544 1681 866 1750 [Πλάττεται
901 1683 999 1753 μὲν
1029 1683 1158 1754 γὰρ,
1201 1685 1386 1751 φησὶν,
1413 1686 1470 1736 ἐν
1507 1685 1688 1753 μήτρᾳ
1721 1683 1780 1733 τδ

211 1773 407 1840 βρέφος
428 1790 440 1801 ·
475 1771 590 1823 ἀλλ’
617 1773 721 1835 ἕως
754 1774 852 1843 μὲν
882 1773 1033 1826 οὔπω
1065 1773 1440 1844 μεμόρφωται,
1469 1771 1646 1840 ψυχὴν
1677 1772 1776 1823 οὐκ

205 1862 350 1930 ἔχει·
411 1861 741 1932 είδοποιηθὲν
798 1863 853 1916 δὲ
919 1864 1017 1934 ἤδη
1070 1863 1335 1932 ψιδχοῦται
1403 1866 1554 1931 παρά
1618 1862 1774 1915 Θεοῦ.

206 1952 416 2021 ’Ὠσπερ
465 1948 557 2004 οὖν
604 1956 635 2022 ἡ
674 1953 810 2022 γυνὴ
858 1955 1028 2006 τίκτει
1067 1953 1164 2022 μὲν
1208 1953 1267 2004 τὸ
1310 1952 1488 2022 σῶμα,
1527 1951 1687 2020 ψυχοῖ
1723 1952 1777 2004 δὲ

204 2043 358 2107 Θεὸς,
405 2044 497 2094 καὶ
530 2044 628 2095 οὐκ
677 2043 740 2096 ἂν
775 2044 985 2111 λέγοιτο
1032 2045 1167 2115 γυνὴ
1204 2043 1521 2114 ψυχοτόκος,
1559 2046 1638 2098 ὅτι
1683 2045 1782 2115 ἐμ-

203 2133 375 2201 ψυχον
420 2135 726 2203 ἐγέννησεν,
775 2135 1184 2205 ἀνθρωποτόκος
1235 2135 1290 2187 δὲ
1344 2135 1571 2205 μᾶλλον,
1617 2136 1778 2202 οὕτω,

205 2225 362 2292 φησὶ,
416 2227 506 2276 καὶ
557 2226 588 2294 ἡ
625 2226 870 2295 μακαρία
901 2225 1197 2296 Παρθένος,
1232 2227 1324 2280 καὶ
1365 2230 1411 2280 εί
1438 2229 1655 2280 τέτοκεν
1687 2229 1780 2282 ἄν·

205 2315 444 2383 Θρωπον,
466 2332 528 2366 συ
537 2316 938 2386 μπαρελθόντος
960 2317 1106 2388 αύτῷ
1127 2317 1218 2370 τοῦ
1240 2318 1374 2371 Θεοῦ
1392 2319 1561 2386 Λόγου
1587 2320 1778 2390 (ταύτῃ

203 2409 315 2476 γὰρ
350 2408 622 2477 ἐχρήσατο
668 2411 731 2480 τῇ
763 2411 959 2480 φωνῇ),
1005 2412 1064 2463 ού
1112 2411 1198 2464 διά
1234 2412 1390 2466 τοῦτο
1422 2412 1727 2482 Θεοτόκος.]

813 2544 1064 2598 ΚΕΦΑΛ.
1099 2548 1171 2600 A'.

272 2694 402 2769 Ἆρ’
425 2694 538 2762 οὖν,
566 2699 688 2752 εἰπέ
719 2716 830 2768 μοι,
864 2698 1210 2768 διαϐέϐληται
1243 2701 1395 2769 παρά
1447 2703 1527 2754 σοὶ
1555 2702 1613 2753 τὸ
1645 2701 1779 2772 πρὸς

203 2791 366 2863 ἡμῶν
406 2791 732 2862 είρημὲνον;
790 2786 898 2858 ἆρά
951 2807 1030 2842 σοι
1063 2790 1208 2843 δοκεῖ
1254 2795 1366 2855 τοῖς
1402 2792 1573 2855 οὓτως
1605 2794 1779 2863 ὀρθῶς

201 2884 298 2936 καὶ
331 2882 637 2950 ἀκιϐδήλως
669 2882 881 2952 ἔχουσιν
923 2883 1194 2946 ἀσυνέτως
1225 2885 1502 2954 ἐπιτιμᾷν,
1535 2886 1627 2936 καὶ
1660 2885 1779 2953 οὐχὶ

198 2975 295 3026 τοῦ
337 2973 414 3042 μὴ
461 2972 718 3026 δύνασθαι
765 2973 1005 3039 δοξάζειν
1037 2973 1072 3026 ἃ
1111 2975 1236 3045 χρὴ,
1284 2976 1380 3043 τῆς
1416 2975 1613 3028 σαυτοῦ
1660 2975 1776 3027 δια-

197 3063 356 3125 νοίας
400 3061 674 3132 καθοριείς
719 3062 786 3115 τά
832 3064 1187 3133 ὲγκλήματα;
1223 3059 1316 3126 Οἷς
1345 3063 1452 3134 γὰρ
1488 3065 1552 3116 ἂν
1583 3063 1777 3134 ἀπᾴδοι

196 3155 258 3206 τὸ
300 3153 525 3224 ἀληθὲς,
558 3154 767 3218 τούτοις
797 3154 862 3207 ἂν
890 3155 1117 3222 γένοιτο,
1157 3156 1250 3207 καὶ
1291 3156 1410 3208 λίαν
1438 3155 1686 3224 ἑτοίμως,
1721 3159 1777 3208 ἐν
1806 3184 1848 3242 C

197 3245 488 3314 παραδοχῇ
516 3246 576 3296 τὸ
607 3247 680 3315 μὴ
707 3245 879 3308 οὕτως
919 3246 1060 3315 ἕχον,
1089 3248 1180 3299 καὶ
1208 3247 1267 3298 τὸ
1297 3249 1406 3309 τοῖς
1437 3248 1779 3315 ἀριστοεπεῐν

196 3337 457 3388 εἰωθόσιν
477 3338 755 3405 ἐπιτιμᾷν,
779 3336 861 3406 εἴη
885 3336 949 3388 ἂν
973 3337 1072 3388 οὐκ
1100 3336 1352 3405 ἀζήμιον·
1379 3337 1577 3404 μᾶλλον
1599 3337 1654 3388 δὲ
1678 3338 1778 3408 ἤδη

191 3429 294 3480 καὶ
324 3426 601 3491 ἀπόδειξις
634 3427 868 3496 ἐναργὴς
893 3425 986 3479 τοῦ
1020 3428 1441 3497 προσκεκλίσθαι
1473 3429 1549 3497 τῷ
1574 3428 1776 3496 ψεύδει,

191 3522 292 3573 καὶ
334 3519 432 3572 τοῦ
463 3519 677 3572 ἑλέσθαι
705 3522 889 3590 τιμᾷν,
924 3520 958 3573 5.
988 3522 1079 3574 καὶ
1114 3524 1288 3590 μισεῖν
1323 3521 1566 3590 ἄμεινον,
1596 3522 1671 3583 ὡς
1700 3521 1780 3572 λος

189 3610 408 3682 γισμοῦ
453 3610 547 3664 τοῦ
583 3613 790 3673 εἰκότος
835 3613 1214 3681 ἡμαρτηκότα.
1264 3611 1423 3664 Ἀλλὰ
1451 3611 1558 3665 τῶν
1608 3611 1780 3675 οὕτως

191 3703 449 3773 αίσχρῶν
477 3703 735 3770 ἐννοήσας
773 3702 946 3764 οὐδεὶς
970 3700 1190 3772 [ούδέν],
1210 3703 1398 3754 ἑαυτὸν
1433 3704 1529 3771 μὲν
1551 3704 1652 3775 ἔφη
1680 3706 1778 3773 τῆς

187 3794 465 3863 ἀληθείας
492 3791 741 3861 γενέσθαι
767 3792 856 3844 τὸν
877 3791 1129 3860 ἐραστὴν,
1150 3794 1293 3862 ἡμᾶς
1324 3793 1377 3844 δὲ
1401 3795 1777 3848 τεκταίνεσθαι

186 3887 248 3938 τδ
281 3886 490 3954 ψεῦδος
527 3886 707 3954 αὐτῷ’
732 3884 908 3937 καίτοι
941 3885 1000 3936 τὸ
1032 3887 1216 3953 χρῆμα
1246 3885 1391 3937 ἔστιν
1421 3887 1478 3949 ἐξ
1508 3887 1778 3958 ἁντιστρό·

185 3994 294 4044 (pan
341 3977 549 4047 μᾶλλον
586 3976 731 4041 ἰδεῖν,
773 3978 852 4029 ὅτι
893 3992 951 4027 τε
985 3975 1158 4043 ὀρθῶς
1191 3977 1323 4046 ἔχει,
1353 3978 1444 4029 καὶ
1473 3978 1615 4030 ἐστιν
1650 3979 1778 4049 ἀλη-

187 4067 282 4130 θές
313 4085 324 4096 ·
381 4069 443 4119 'U
472 4067 578 4135 γάρ
609 4084 688 4119 τοι
723 4067 815 4118 τοῦ
850 4065 1096 4134 ψεύδους,
1131 4067 1220 4118 καὶ
1256 4065 1352 4135 τῆς
1385 4066 1602 4136 ἀπάτης
1653 4084 1777 4119 συν-

185 4159 404 4227 ἠγορος
453 4159 564 4218 τοῖς
617 4157 718 4226 τῆς
775 4156 1029 4226 ἀληθείας
1085 4161 1472 4220 συνασπισταίς
1519 4159 1778 4213 ἀνάπτειν

183 4249 462 4316 πειρᾶται
514 4251 609 4316 τῆς
665 4247 1030 4316 ψευδομυθίας
1079 4248 1170 4300 τὸν
1221 4249 1428 4318 μῶμον,
1485 4252 1625 4321 τάχα
1676 4270 1776 4305 που

181 4340 280 4391 καὶ
337 4341 430 4402 εἰς
480 4337 648 4407 λήθην
695 4338 972 4408 ἐληλακὼς
1025 4339 1115 4391 τοῦ
1167 4342 1444 4410 προφήτου
1499 4342 1775 4410 λέγοντος·

187 4450 204 4480 t
256 4431 409 4482 Ούοιὶ
444 4430 492 4481 οἱ
529 4429 777 4496 λέγοντες
821 4429 882 4482 τὸ
927 4430 1161 4499 πονηρὸν
1208 4431 1391 4494 καλὸν,
1424 4435 1596 4486 καὶτὸ
1618 4436 1778 4488 καλὸν

1885 593 1986 646 sibi
2049 595 2285 648 rationes
2334 603 2546 647 nostras
2577 591 2783 660 objicit,
2825 600 2991 655 ratus,
3031 591 3275 659 quamvis
3311 591 3452 643 veri.

1886 690 2048 736 talem
2078 682 2336 747 colamus,
2372 684 2525 736 facile
2551 699 2646 734 sua
2697 682 2838 735 mole
2884 695 2982 735 uos
3009 682 3350 740 obruturum,
3394 688 3448 728 et

1885 776 2081 829 nullius
2126 777 2285 846 pretii
2322 790 2440 830 esse
2492 773 2739 828 homines
2791 781 3160 827 ostensurum.
3205 766 3295 824 Sic
3322 784 3450 835 ergo

1883 867 2054 922 dixit:

1973 1131 2206 1185 Nssroa.
2234 1130 2314 1199 [Si
2357 1130 2495 1184 Deus
2516 1137 2596 1183 cst
2615 1129 2884 1193 Christus,
2909 1126 3101 1196 inquit,
3130 1135 3184 1180 et
3204 1124 3450 1179 Christus

1884 1237 1949 1276 ex
1981 1223 2134 1275 beata
2171 1221 2336 1273 Maria
2395 1231 2478 1274 est
2524 1232 2695 1284 ortus,
2751 1235 2849 1274 cur
2891 1219 3052 1288 Virgo
3096 1233 3197 1272 non
3246 1218 3314 1271 sit
3355 1215 3448 1270 Dei

1883 1313 2154 1382 gettitrix?
2180 1311 2321 1366 Nihil
2356 1313 2569 1366 occulto
2597 1312 2738 1382 quod
2763 1311 2827 1366 ab
2850 1311 2955 1364 illis
2994 1309 3286 1378 objicitur:
3322 1324 3447 1361 nam

1883 1403 2124 1457 veritatis
2153 1415 2358 1456 amator
2387 1403 2564 1456 omnia
2598 1418 2715 1470 quin
2749 1417 2778 1455 a
2811 1400 3039 1455 falsitate
3065 1400 3168 1454 dici
3200 1409 3446 1468 possunt,

1884 1505 2104 1562 accepta
2147 1495 2244 1548 sibi
2272 1494 2477 1561 objicit.
2523 1493 2649 1548 inde
2697 1494 3016 1547 solutionem
3051 1489 3245 1545 afferre
3284 1505 3448 1543 cona-

1887 1584 2185 1636 turtalihus
2217 1585 2501 1639 sententiis
2533 1598 2694 1638 usus:
2738 1583 3023 1637 Formatur
3059 1580 3449 1649 enitn,'inquit,

1885 1676 1938 1725 in
1967 1682 2117 1725 utero
2145 1673 2345 1737 infans,
2395 1674 2487 1727 sed
2524 1674 2695 1742 quoad
2727 1675 2953 1742 figuram
2988 1672 3278 1740 acceperit,
3309 1687 3449 1724 non-

1884 1765 2006 1816 dutu
2062 1767 2223 1819 habet
2271 1766 2542 1819 animant:
2583 1775 2636 1818 at
2668 1767 2756 1818 ubi
2811 1767 3072 1834 figuratus
3126 1764 3307 1825 fuerit,
3338 1763 3448 1831 jam

1885 1854 2062 1905 anima
2117 1853 2435 1907 informatur
2463 1869 2490 1907 a
2525 1856 2650 1909 Deo.
2703 1855 2774 1910 Ut
2807 1855 2970 1924 igitur
3014 1854 3204 1907 mulier
3256 1866 3451 1921 corpus

1886 1944 2046 2010 parit,
2085 1944 2176 1994 sed
2207 1943 2346 1997 Deus
2397 1945 2631 1996 animant
2657 1945 2864 2007 tribuit,
2898 1959 3069 2011 neque
3101 1944 3215 1996 ideo
3241 1942 3450 1995 dicetur

1883 2031 2076 2085 anima:
2107 2033 2358 2101 geniti-ix,
2389 2035 2512 2101 quia
2541 2035 2748 2102 peperit
2777 2036 3094 2099 animatum,
3148 2034 3240 2087 sed
3275 2035 3450 2103 potius

1882 2123 2114 2178 hominis
2145 2125 2374 2192 genitrix
2413 2144 2428 2190 ;
2463 2127 2540 2179 sic
2573 2141 2784 2194 quoque
2825 2127 2978 2179 beata
3025 2124 3206 2193 Virgo,
3254 2126 3449 2192 inquit,

1883 2216 1983 2269 etsi
2020 2217 2229 2283 peperit
2254 2218 2522 2270 hominem
2560 2218 2716 2271 simul
2750 2233 2871 2272 cum
2921 2218 3012 2272 illo
3039 2227 3451 2287 pertranseunte

1883 2305 1974 2360 Dei
2019 2307 2191 2362 Vetbo
2227 2309 2370 2377 (nam
2410 2310 2507 2362 hac
2561 2319 2640 2362 est
2682 2323 2814 2364 voce
2858 2309 3029 2378 usus),
3067 2325 3170 2365 non
3227 2309 3343 2364 ideo
3367 2316 3452 2363 est

1882 2397 1976 2454 Dei
2003 2400 2293 2469 genitrix.]

2536 2535 2682 2590 CAP.
2719 2534 2808 2590 ιν.

1955 2688 2088 2742 Num
2130 2691 2310 2758 igitur,
2340 2705 2543 2759 qumso,
2569 2692 2932 2746 accusandum
2996 2701 3152 2759 putas
3184 2695 3324 2763 quod
3361 2696 3446 2748 tli-

1882 2782 2023 2835 citur
2051 2797 2080 2833 a
2123 2781 2277 2836 nobis
2307 2783 2329 2833 ?
2364 2798 2487 2836 num
2550 2782 2664 2846 tibi,
2710 2797 2828 2851 qua:
2869 2790 2973 2834 tam
3028 2793 3174 2838 recta
3225 2797 3350 2840 sunt
3387 2801 3450 2838 ac

1882 2873 2070 2940 proba,
2094 2872 2255 2926 stulto
2288 2874 2726 2940 reprehendenda
2753 2873 3030 2926 videntur?
3056 2889 3117 2928 ac
3142 2891 3243 2929 non
3275 2878 3450 2943 potius

1883 2972 2114 3017 mentem
2160 2973 2303 3024 tuam
2352 2964 2634 3017 accusabis
2688 2964 2827 3030 quod
2890 2975 3034 3018 recte
3087 2968 3290 3020 sentire
3345 2983 3448 3021 nou

1884 3053 2106 3107 valeat?
2134 3053 2238 3122 18
2266 3053 2401 3106 Nam
2444 3053 2638 3120 quibus
2681 3053 2927 3123 displicet
2978 3055 3206 3120 veritas,
3248 3058 3312 3112 iis
3349 3074 3448 3113 usu

1881 3147 2050 3210 venit,
2076 3155 2128 3200 et
2147 3146 2361 3214 quidem
2396 3145 2670 3212 facillime,
2713 3155 2770 3200 ut
2799 3146 2850 3200 id
2900 3147 3040 3215 quod
3079 3162 3235 3203 secus
3289 3152 3451 3205 habet

1882 3237 2330 3305 amplectantur:
2391 3249 2446 3291 et
2515 3249 2660 3292 recte
2716 3238 2997 3307 loquentes
3060 3240 3452 3310 reprehendere

1879 3329 2018 3382 haud
2070 3330 2264 3383 damno
2293 3339 2464 3393 vacat,
2501 3329 2611 3383 imo
2655 3343 2784 3382 vero
2819 3342 3194 3398 argumentum
3227 3343 3308 3388 est
3333 3336 3447 3388 cvi-

1879 3421 2010 3474 deus
2037 3421 2201 3473 animi
2241 3422 2304 3474 ad
2339 3421 2628 3476 falsitatem
2660 3426 2932 3491 propensi,
2956 3433 3009 3478 ct
3036 3440 3096 3478 ea
3120 3426 3450 3493 amplecten-

1881 3512 1950 3566 tis
1985 3527 2104 3580 qua:
2127 3513 2401 3567 exsecrari
2462 3523 2685 3579 prastat
2718 3524 2773 3567 ut
2804 3530 2831 3566 a
2865 3525 3006 3568 recta
3046 3517 3252 3570 ratione
3293 3518 3451 3570 dissi-

1879 3603 2080 3656 dentia.
2114 3600 2220 3656 Sed
2252 3617 2410 3670 quam
2444 3603 2551 3657 sint
2588 3605 2699 3658 haec
2729 3607 2902 3673 turpia
2941 3607 3071 3658 nihil
3100 3609 3359 3675 cogitans,
3391 3624 3452 3660 se

1877 3708 1997 3748 esse
2031 3694 2166 3747 dixit
2200 3693 2443 3748 veritatis
2477 3703 2798 3759 amatorem,
2850 3711 2946 3750 nos
3002 3709 3189 3751 contra
3239 3707 3448 3751 struere

1878 3784 2215 3839 mendacium
2257 3801 2271 3840 :
2312 3800 2434 3841 cum
2487 3785 2537 3840 id
2594 3787 2903 3840 econtrario
2962 3798 3016 3841 et
3081 3790 3448 3843 rationabilius

1878 3885 2079 3930 esseet
2124 3877 2306 3933 verius
2353 3880 2698 3947 perspicuum
2740 3879 2811 3933 sit
2843 3898 2855 3934 :
2883 3895 3006 3932 nam
3064 3879 3311 3934 falsitatis
3360 3897 3448 3934 er-

1879 3965 2128 4032 rorisque
2153 3975 2430 4034 patronus,
2458 3968 2700 4021 veritatis
2741 3978 3161 4037 propugnatores
3199 3969 3448 4023 falsitatis

1881 4059 2087 4112 macula
2117 4068 2342 4112 conatur
2373 4075 2679 4129 aspergere.
2703 4061 2902 4114 oblitus
2933 4062 3159 4115 fortasse
3176 4065 3449 4131 propheta:

1881 4151 2108 4204 dicentis
2148 4171 2160 4204 :
2204 4173 2220 4203 ι
2259 4150 2349 4205 Va:
2379 4154 2468 4221 qui
2497 4153 2900 4207 dicuntbonutu
2928 4153 3123 4206 malum
3167 4161 3220 4208 ct
3254 4156 3447 4207 malunt

1882 4246 2102 4308 bonum,
2138 4245 2226 4313 qui
2262 4254 2466 4313 ponunt
2505 4247 2754 4299 tenebras
2794 4245 2966 4299 lucem
3016 4256 3067 4299 ct
3097 4245 3265 4300 lucem
3300 4257 3449 4301 tene-

1881 4338 2008 4390 bras
2043 4335 2084 4366 “
2111 4338 2123 4389 !
2153 4355 2170 4387 ι
2213 4334 2496 4388 Verumcx
2543 4334 2705 4388 allato
2761 4351 2790 4388 a
2846 4351 2904 4389 se
2944 4337 3186 4405 exemplo
3241 4336 3451 4391 nescire

1884 4429 2030 4481 illum
2073 4437 2258 4497 aperte
2305 4427 2428 4493 quid
2461 4427 2624 4487 dicat,
2658 4441 2949 4495 coarguere
2981 4429 3237 4480 conabor.

178 4521 472 4590 πονηρὸν·
509 4520 555 4570 οἱ
592 4519 830 4581 τιθέντες
875 4520 936 4570 τὸ
974 4520 1159 4581 σκότος
1197 4522 1275 4583 εἰς
1328 4520 1463 4588 φῶς,
1497 4522 1589 4575 καὶ
1629 4525 1687 4576 τὸ
1732 4527 1844 4595 φῶς
1901 4526 1978 4585 εἰς
2027 4520 2234 4579 σκότος.
2273 4537 2290 4566 ι
2333 4514 2565 4583 Πλὴν
2601 4514 2690 4566 τοῦ
2732 4515 3116 4586 παροισθέντος
3154 4517 3301 4587 αὐτῷ
3342 4534 3450 4568 πα-

177 4615 565 4683 ραδείγματος
616 4613 749 4684 μηδὲ
804 4614 978 4666 εἰδότα
1036 4615 1242 4682 σαφῶς,
1291 4617 1317 4668 ὃ
1369 4617 1538 4684 λέγει,
1589 4619 1852 4703 διελέγξαι
1883 4618 2234 4690 πειράσομαι.

250 4705 528 4755 Τίκτεται
567 4703 662 4771 μὲν
693 4701 801 4772 γὰρ
844 4704 951 4756 ἀπὸ
995 4705 1193 4774 σαρκὸς
1237 4706 1270 4774 ἡ
1318 4705 1453 4777 σὰρξ
1497 4709 1779 4777 ὁμολογου-

1956 4708 2207 4774 Gignitur
2233 4704 2373 4758 cuitu
2415 4719 2441 4755 a
2473 4718 2636 4756 carne
2694 4718 2819 4756 caro
2847 4705 3030 4772 procul
3064 4706 3243 4772 dubio,
3279 4717 3329 4761 et
3364 4711 3450 4765 ille

177 4797 372 4864 μένως
399 4811 411 4822 '

237 5796 280 5825 ⁵¹
331 5792 446 5847 lszt.
492 5804 544 5855 γ,
577 5789 661 5841 9.1).

459 4797 487 4847 ὁ
526 4793 581 4844 δέ
626 4811 688 4860 γε
720 4795 827 4846 τῶν
861 4797 997 4848 ὅλων
1029 4799 1370 4868 Δημιουργὸς
1416 4799 1537 4852 καθ’
1565 4801 1622 4854 ὃν
1662 4797 1768 4854 οἶδε

169 4888 391 4957 τρόπον
447 4902 504 4936 τε
561 4884 654 4936 καὶ
699 4884 873 4952 λόγον,
925 4889 1157 4939 ποιεῖται
1188 4887 1284 4958 τὴν
1329 4887 1608 4957 ψύχωσιν·
1664 4891 1777 4945 ἀλλ’

169 4980 204 5045 ἡ
237 4975 499 5029 τεκοῦσα
531 4974 687 5044 γυνὴ,
737 4975 914 5029 καίτοι
951 4977 1119 5046 μόνης
1151 4973 1284 5031 οὖσα
1314 4980 1465 5049 πηγὴ
1509 4983 1609 5051 τῆς
1657 4999 1779 5052 σαρ·

168 5070 292 5131 κὸς,
354 5066 655 5136 ἄνθρωπον
707 5065 826 5118 ὅλον
871 5067 1158 5120 ἀποτεκεῖν
1195 5072 1529 5137 πιστεύεται,
1580 5072 1669 5124 τὸν
1713 5075 1777 5125 ἐκ

165 5157 362 5226 ψυχῆς
400 5156 473 5225 δὴ
522 5155 664 5222 λέγω
711 5156 803 5208 καὶ
853 5155 1122 5225 σώματος,
1178 5159 1352 5211 καίτοι
1382 5158 1514 5229 πρὸς
1544 5160 1641 5230 τὴν
1677 5163 1777 5232 τῆς

165 5249 366 5319 ψυχῆς
431 5246 670 5317 ὓπαρξιν
715 5248 824 5301 τῶν
871 5250 1002 5320 παρ’
1051 5250 1247 5321 ἑαυτῆς
1295 5252 1775 5321 συνεισενεγκοῦσα

168 5342 355 5410 μηδέν
390 5357 402 5370 ·
442 5340 473 5390 ὁ
514 5338 571 5390 δέ
609 5355 671 5406 γε
720 5339 1003 5410 ἄνθρωπον
1051 5340 1240 5406 είπὼν,
1292 5344 1627 5413 συνεσήμηνέ
1675 5361 1776 5396 που

163 5434 409 5493 πάντως
445 5429 528 5498 τῷ
561 5427 772 5500 σώματι
801 5432 899 5500 τὴν
927 5432 1214 5485 ὲνωθεῖσαν
1245 5433 1394 5502 αὐτῷ
1422 5433 1620 5504 ψυχήν.
1656 5435 1777 5486 Ὥσ-

159 5539 278 5592 περ
307 5516 414 5573 οὖν
447 5521 484 5588 ἡ
530 5519 688 5590 γυνὴ,
728 5520 902 5573 καίτοι
937 5520 1173 5575 τεκοῦσα
1200 5521 1260 5573 τὸ
1292 5521 1448 5590 σῶμα
1477 5522 1657 5592 μόνον,
1686 5523 1776 5574 τὸν

159 5615 228 5666 ἐκ
263 5611 466 5682 ψυχῆς
505 5610 600 5661 καὶ
646 5609 900 5682 σώματος
933 5612 1247 5668 ἀποτῖκτειν
1291 5613 1542 5680 λέγεταιο
1594 5610 1775 5665 διαλυ-

1883 4813 2064 4853 rerum
2096 4795 2334 4850 omnium
2367 4792 2556 4862 Opifex
2607 4795 2763 4848 modo
2792 4805 2845 4848 et
2889 4796 3095 4850 ratione
3130 4813 3286 4865 quam
3333 4800 3448 4869 ipse

1881 4891 2048 4953 novit,
2085 4896 2142 4941 ut
2180 4887 2413 4939 animata
2481 4886 2550 4938 sit
2606 4881 2763 4936 efiicit
2812 4901 2824 4937 :
2867 4886 2960 4938 sed
3021 4897 3195 4940 tamen
3257 4890 3448 4945 mulier

1880 4995 1998 5048 qua:
2053 4978 2282 5047 peperit,
2335 4977 2441 5029 etsi
2493 4975 2672 5028 cat-nis
2730 4977 3099 5030 tantummodo
3146 4979 3215 5031 sit
3274 4981 3445 5050 origo,

1882 5080 2050 5124 totum
2084 5071 2356 5122 hominem
2388 5078 2563 5120 tamen
2606 5068 2762 5119 enixa
2821 5067 3086 5131 creditur,
3147 5085 3209 5123 ex
3267 5072 3447 5125 anima

1878 5160 2096 5230 inquam
2121 5173 2173 5214 ct
2198 5174 2441 5227 corpore,
2468 5160 2712 5227 quamvis
2741 5161 2805 5212 ad
2853 5161 3222 5215 cxsistcntiatn
3255 5164 3449 5218 anima:

1878 5252 2015 5307 nihil
2043 5268 2071 5306 a
2108 5266 2166 5307 sc
2197 5253 2308 5320 ipsa
2337 5251 2662 5306 contulerit:
2702 5253 2795 5305 sed
2849 5261 3025 5306 tamen
3052 5254 3142 5323 qui
3175 5255 3444 5309 hominem

1877 5345 2036 5409 dixit,
2069 5345 2302 5398 animam
2335 5359 2548 5412 quoque
2579 5345 2792 5412 corpori
2845 5346 3050 5399 uuitant
3090 5347 3249 5400 simul
3281 5349 3445 5417 signi-

1880 5434 2076 5488 licavit.
2118 5434 2184 5488 Ut
2215 5449 2344 5502 ergo
2369 5433 2560 5486 mulier
2581 5433 2827 5503 quamvis
2848 5435 3020 5488 solum
3050 5451 3243 5504 corpus
3261 5439 3440 5500 enixa,

1877 5539 2198 5594 ca.corpore
2223 5535 2277 5580 et
2304 5526 2481 5578 anima
2531 5535 2868 5579 constantem
2905 5528 3177 5595 peperisse
3217 5529 3439 5589 dicitur,

1878 5629 2054 5685 neque
2079 5625 2253 5671 tamen
2286 5616 2338 5671 id
2366 5617 2558 5670 animae
2592 5617 2890 5672 rationibus
2935 5617 3226 5688 quidquam
3253 5618 3436 5683 oliicit,
