4072 6346
574 393 644 449 39
1552 387 1609 441 S.
1635 382 1909 440 CYRILLI
1952 382 2419 440 ALEXANDRINI
2459 388 2777 446 AllClllEP.
2805 390 2824 444 1
3771 398 3844 454 ιο

576 507 728 576 quasi
773 520 989 558 carnem
1030 518 1139 557 sure
1174 500 1508 557 exsistcntiae
1539 501 1792 553 habuerit
1825 498 2056 558 initium.
2088 498 2159 550 ita

2290 505 2518 556 ιανεῖται
2561 505 2617 557 δὲ
2661 507 2820 560 τοῦτο
2847 507 2959 570 τοῖς
3006 507 3100 576 τῆς
3129 506 3305 577 ψυχῆς
3349 506 3527 575 λόγοις
3561 509 3729 574 οὐδὲν,
3765 511 3844 574 ὡς

576 600 741 652 etiam
769 613 826 651 se
848 613 934 650 res
966 596 1126 649 habet
1160 595 1211 648 in
1266 595 1420 648 beata
1472 589 1691 660 Virgine
1719 606 1734 643 :
1763 605 1885 644 nam
1947 589 2160 642 etiamsi

577 695 780 739 sancta:
833 684 975 738 illius
1037 683 1222 736 carnis
1282 692 1366 735 est
1419 688 1612 744 mater,
1659 690 1901 734 attamen
1954 679 2162 732 unitum

578 777 681 832 sibi
734 791 918 830 revera
951 775 1082 829 illud
1117 789 1184 828 ex
1247 775 1355 828 Deo
1400 772 1570 827 Deum
1628 771 1860 828 Verbum
1912 773 2162 842 peperit:

581 881 756 936 neque
791 868 834 919 si
889 866 1010 934 quis
1044 865 1189 918 illam
1225 863 1320 917 Dei
1359 863 1679 932 genitricem
1732 863 1952 925 dixerit,
1995 863 2168 917 contio

583 972 689 1011 nm)
739 970 962 1024 prorsus
1012 955 1103 1008 Dei
1155 952 1334 1006 Verbo
1394 954 1686 1006 novitatem
1751 952 2030 1021 impinget,
2076 960 2168 1005 aut

582 1063 693 1101 sua:
751 1045 1084 1100 exsistentire
1132 1044 1348 1098 initium
1385 1060 1412 1096 a
1442 1059 1605 1097 carne
1656 1043 1873 1096 duxisse
1926 1043 2165 1105 deiiniet,

583 1139 680 1195 sed
731 1138 915 1206 potius
951 1136 1383 1207 dispensationis
1441 1135 1656 1189 modum
1690 1133 1975 1203 intelliget,
2008 1142 2170 1201 atque

583 1230 746 1286 etiam
768 1230 843 1282 rei
873 1238 1037 1281 tanta:
1062 1228 1421 1282 admiratione
1448 1225 1654 1281 deﬁxus
1677 1227 1815 1279 dicet
1842 1243 1854 1278 :
1883 1243 1899 1276 ι
1924 1223 2168 1286 Domine,

586 1321 763 1376 audivi
805 1320 1045 1375 auditum
1082 1331 1253 1383 tuum,
1308 1330 1363 1372 et
1401 1319 1590 1381 timui;
1645 1316 1888 1380 Domine,
1919 1315 2169 1369 conside-

589 1415 698 1468 ravi
731 1428 892 1482 opera
939 1423 1046 1476 tua,
1078 1422 1131 1466 et
1162 1411 1359 1480 expavi
1385 1410 1452 1462 ".
1497 1427 1514 1460 ι
1555 1408 1660 1463 Sed
1708 1409 1810 1463 iste
1843 1407 2060 1473 sapiens
2118 1408 2168 1458 in

589 1505 776 1575 primis
805 1514 858 1558 et
887 1512 1077 1555 acutus
1115 1503 1418 1566 expositor,
1464 1502 1553 1567 qui
1589 1500 1694 1552 vim
1756 1498 1987 1565 exempli
2043 1510 2164 1564 per-

589 1594 845 1662 cepisset,
905 1589 1042 1662 [Sic,
1115 1592 1311 1657 inquit.
1378 1591 1540 1644 etiam
1605 1592 1758 1642 beata
1818 1585 2006 1655 Virgo,
2071 1586 2169 1639 etsi

592 1687 798 1755 peperit
831 1683 1101 1738 hominem
1151 1683 1309 1734 simul
1353 1668 1770 1750 pertranseunte
1804 1695 1928 1732 cum
1956 1679 2044 1732 illo
2075 1676 2167 1730 Dei

595 1776 787 1840 Verbo,
830 1791 935 1829 non
985 1775 1105 1828 ideo
1149 1783 1234 1826 est
1268 1773 1360 1825 Dei
1409 1772 1643 1842 genitrix
1679 1788 1691 1825 :
1732 1770 1838 1840 19
1879 1785 1983 1824 non
2026 1770 2170 1823 enim

2269 599 2445 669 σάρκα
2492 600 2590 666 τὴν
2645 599 2752 652 ἀπὸ
2796 602 2896 670 τῆς
2944 599 3082 662 ἰδίας
3129 599 3415 670 ὑπάρξεως
3461 599 3845 672 λαμϐανούσης

2268 690 2462 761 ἀρχὴν,
2509 692 2651 744 οὑτω
2685 692 2779 745 καὶ
2820 692 2913 744 ἐπὶ
2963 692 3062 762 τῆς
3109 691 3384 762 μακαρίας
3436 691 3748 764 Παρθένου·
3792 698 3847 748 εἰ

2267 789 2375 856 γὰρ
2405 786 2498 839 καὶ
2543 788 2726 858 μήτηρ
2756 787 2871 839 ἐστὶ
2904 786 3004 857 τῆς
3047 787 3208 856 ἁγίας
3241 788 3460 858 σαρκὸς,
3497 788 3612 841 ἀλλ’
3640 784 3730 842 οῦν
3762 792 3849 842 ὲκ-

2268 880 2490 932 τέτοκεν
2538 879 2805 934 ὲνωθέντα
2837 880 2972 950 αὐτῇ
3005 880 3146 932 κατά
3191 879 3447 949 ἀλήθειαν
3480 879 3571 932 τὸν
3615 880 3677 933 ὲκ
3707 880 3848 933 θεοῦ

2269 972 2401 1025 Θεὸν
2435 972 2639 1040 Λόγον·
2687 972 2792 1025 κᾶν
2833 973 2884 1024 εἴ
2927 989 3010 1034 τις
3039 971 3173 1044 λέγῃ
3211 972 3472 1025 Θεοτόκον
3501 973 3691 1042 αὑτήν,
3725 974 3852 1043 ούχὶ

2269 1065 2331 1134 δή
2379 1083 2482 1117 που
2515 1065 2734 1127 πάντως
2773 1064 3016 1133 καθοριεί
3058 1063 3151 1117 τοῦ
3179 1063 3313 1116 Θεοῦ
3345 1063 3520 1132 Λόγου
3559 1064 3619 1118 τὸ
3656 1063 3854 1118 νεώτε-

2274 1175 2386 1230 ρον,
2415 1157 2537 1210 οὔτε
2571 1157 2676 1227 μὴν
2696 1159 2794 1226 τῆς
2819 1158 2952 1221 ἰδίας
2979 1156 3264 1227 ὑπάρξεως
3293 1158 3392 1227 τὴν
3418 1157 3593 1229 ἀρχὴν
3619 1159 3856 1228 πεποιῆ-

2274 1249 2396 1302 σθαι
2426 1248 2523 1319 τὴν
2560 1249 2737 1321 σάρκα
2759 1268 2770 1278 ·
2806 1251 3023 1319 συνήσει
3065 1249 3121 1300 δὲ
3163 1247 3362 1318 μᾶλλον
3409 1248 3508 1317 τῆς
3539 1249 3852 1318 οἰκονομίας

2270 1339 2362 1392 τὸν
2392 1340 2624 1409 τρόπον·
2667 1339 2759 1392 καὶ
2789 1339 2852 1406 δὴ
2899 1340 2992 1391 καὶ
3035 1337 3319 1405 θαυμάσας
3350 1336 3410 1389 τὸ
3452 1337 3660 1407 χρῆμα,
3701 1339 3849 1407 ἐρείο

2279 1448 2297 1480 ι
2344 1428 2540 1500 Κύριε,
2573 1430 2873 1498 εἱσακήκοα
2912 1428 3009 1498 τὴν
3045 1428 3216 1497 ἀκοήν
3253 1444 3366 1489 σου,
3399 1427 3492 1478 καὶ
3541 1425 3809 1496 ἐφοϐήθην
3833 1440 3852 1454 ο

2275 1518 2466 1588 Κύριε,
2498 1518 2799 1589 κατενόησα
2823 1517 2888 1568 τά
2915 1518 3050 1586 ἔργα
3078 1534 3194 1580 σου,
3226 1516 3321 1570 καὶ
3361 1515 3604 1587 ἐξέστην.
3646 1535 3663 1567 ›
3711 1516 3855 1568 Ἀλλ’

2274 1612 2300 1663 6
2341 1610 2614 1678 πάνσοφος
2658 1612 2788 1680 ἡμῖν
2835 1612 2930 1663 καὶ
2980 1610 3233 1680 ἀγχίνους
3284 1609 3555 1679 ἐξηγητὴς
3607 1609 3704 1679 τὴν
3755 1607 3858 1661 τοῦ

2276 1703 2716 1773 παραδείγματος
2745 1702 2973 1771 δύναμιν
2999 1703 3269 1771 νενοηκὼς
3291 1719 3303 1731 ·
3334 1700 3530 1773 [οῦτω,
3565 1703 3719 1770 φησὶ,
3759 1701 3864 1753 καὶ

2278 1797 2310 1865 ἡ
2339 1796 2466 1864 ἁγία
2497 1793 2795 1866 Παρθένος,
2827 1794 2921 1847 καὶ
2947 1796 2993 1846 εί
3020 1794 3238 1847 τέτοκεν
3267 1793 3569 1864 ἄνθρωπον,
3599 1809 3861 1864 συμπαρ-

592 1867 753 1920 Verbi
790 1866 1028 1936 dignitas
1061 1881 1087 1918 a
1133 1866 1287 1918 beata
1327 1864 1544 1933 Virgine
1573 1865 1760 1931 coepit,
1794 1865 1887 1917 sed
1934 1870 2054 1914 erat
2081 1876 2171 1912 na-

2290 1889 2524 1949 ελθόντος
2570 1852 2720 1958 αύτῷ
2763 1887 2855 1939 τοῦ
2892 1886 3027 1940 Θεοῦ
3074 1888 3272 1955 Λόγου,
3319 1852 3432 1939 ἀλλ’
3479 1886 3540 1939 ού
3581 1852 3865 1940 διὰΙτοῦτο

595 1969 715 2012 tura
773 1955 960 2027 Deus.]
985 1956 1128 2022 Quid
1189 1966 1368 2008 autent
1425 1954 1498 2009 sit
1554 1955 1791 2008 Verbum
1847 1952 2004 2007 simul
2049 1966 2173 2006 cum

594 2063 758 2102 carne
808 2045 1164 2116 pertransire,
1201 2044 1314 2112 ipse
1341 2043 1568 2097 fortasse
1593 2045 1760 2106 norit,
1788 2056 1852 2096 ac
1874 2041 2040 2095 solus.
2070 2039 2177 2094 Sed

594 2141 730 2194 satis
758 2139 943 2193 mirari
978 2152 1187 2206 nequeo
1220 2147 1328 2189 tam
1358 2136 1612 2190 subtilem
1650 2135 1791 2190 illius
1822 2134 2177 2204 diligentiam.

598 2233 729 2286 Nam
759 2232 992 2285 Verbum
1041 2232 1216 2297 ipsum
1261 2229 1352 2282 Dei
1385 2228 1595 2281 unitum
1629 2242 1748 2282 esse
1794 2229 1944 2280 carni
1976 2241 2174 2281 secun—

596 2326 722 2378 dum
779 2323 1135 2392 hypostasim,
1190 2334 1372 2374 sermo
1431 2320 1679 2374 veritatis
1730 2319 1986 2389 praedicat
2031 2336 2044 2371 :
2097 2318 2180 2371 hic

599 2433 727 2470 vero
776 2415 937 2468 simul
1000 2413 1358 2483 pertransisse
1415 2413 1707 2482 (quidnam
1764 2427 1828 2466 eo
1862 2410 2024 2463 verbo
2057 2410 2183 2463 velit

601 2509 816 2575 nescio)
853 2522 994 2574 sa'pc
1035 2506 1312 2559 inculcatis
1359 2505 1611 2558 allii-mat.
1673 2504 1878 2557 Deinde
1926 2518 2048 2557 cum
2117 2501 2184 2556 de

603 2614 792 2655 natura
828 2602 982 2654 nobis
1010 2609 1063 2653 et
1093 2600 1298 2653 unitate
1323 2599 1616 2653 secundum
1647 2598 1980 2667 bypostasim
2008 2598 2185 2651 omnis

601 2694 674 2748 sit
734 2695 871 2746 ratio
929 2693 1226 2762 proposita,
1277 2701 1331 2745 et
1381 2692 1750 2761 pervestigare
1805 2690 2021 2744 stmleat
2077 2705 2184 2743 non

602 2785 861 2856 quidnam
924 2785 994 2837 sit
1035 2784 1333 2837 secumlum
1399 2783 1719 2853 dignitatem
1781 2783 1907 2836 illud
1967 2797 2032 2835 cx
2081 2782 2187 2835 Deo

604 2876 867 2940 Verbum,
904 2877 997 2930 sed
1035 2886 1214 2926 utrum
1279 2891 1342 2928 ex
1397 2873 1802 2942 dispensatione
1859 2872 2058 2926 factum
2118 2873 2189 2926 sit

607 2968 816 3029 homo,
874 2977 927 3020 et
985 2981 1202 3020 carnem
1253 2982 1315 3020 ex
1374 2965 1597 3018 muliere
1653 2966 1922 3035 propriam
1978 2964 2189 3027 fecerit,

605 3057 957 3128 quaestionem
1011 3057 1062 3109 in
1118 3055 1219 3108 alia
1264 3055 1497 3110 absurde
1540 3054 1824 3116 transfert,
1859 3055 2038 3124 aitque
2084 3069 2188 3108 non

605 3165 674 3204 ex
706 3149 861 3202 beata
907 3148 1128 3217 Virgine
1187 3146 1501 3214 dignitatem
1557 3161 1682 3200 csse
1728 3144 1903 3200 Verbo
1956 3153 2186 3214 partam,

611 3242 706 3295 sed
759 3240 927 3294 fuisse
975 3250 1166 3293 natura
1201 3238 1393 3293 Deum.
1417 3240 1485 3291 At
1518 3239 1790 3304 quomodo
1826 3254 1929 3290 non
1981 3236 2188 3306 perspi-

609 3347 769 3386 cuum
819 3332 889 3385 sit
937 3331 1147 3384 diversa
1197 3343 1420 3396 prorsus
1451 3343 1572 3382 esse
1620 3329 1939 3398 dignitatem
1983 3338 2036 3380 et
2087 3344 2188 3379 na-

613 3435 793 3477 turam
823 3423 845 3476 ?
873 3421 979 3476 Sed
1039 3424 1090 3476 in
1127 3422 1210 3474 bis
1257 3423 1420 3474 rebus
1453 3420 1803 3474 subtilitatem
1838 3419 2046 3472 dicendi
2082 3432 2188 3469 non

614 3513 794 3582 magni
826 3514 1130 3582 pendimus.
1158 3513 1310 3578 Quod
1343 3521 1522 3565 autem
1574 3511 1838 3579 sequitur,
1882 3508 2192 3577 perspicere

613 3604 983 3657 necessarium
1035 3617 1157 3656 esse
1211 3613 1595 3655 censeoznain
1649 3599 1713 3652 iis
1769 3612 1891 3666 qua:
1946 3610 1975 3649 a
2036 3594 2192 3648 nobis

613 3696 889 3754 dicuntur,
937 3693 1080 3746 aliud
1133 3692 1404 3761 quoddam
1448 3690 1636 3760 objicit
1685 3695 2087 3757 argumentum,
2137 3691 2196 3736 ut

614 3787 729 3856 ipse
757 3797 905 3839 certe
931 3794 1100 3854 putat,
1162 3783 1475 3838 inevitabile
1511 3796 1646 3835 sane
1675 3789 1729 3835 et
1759 3779 1892 3834 satis
1937 3778 2192 3840 validum,

617 3890 676 3932 ut
710 3880 884 3947 possit
928 3888 979 3930 ct
1019 3877 1233 3947 quidem
1296 3877 1557 3929 audacter
1612 3875 1780 3941 ipsum
1830 3869 2197 3926 Emmanuelis

626 3987 692 4024 ex
735 3971 959 4023 muliere
1014 3968 1417 4036 generationem
1456 3966 1637 4019 ludum
1694 3965 1849 4019 nobis
1888 3973 1943 4018 et
1982 3964 2195 4016 inanem

619 4060 856 4116 fabulatur
889 4057 1137 4113 reddere.
1164 4059 1349 4127 Itaque
1381 4057 1462 4110 sic
1503 4070 1689 4109 rursus
1719 4055 1793 4108 ait
1825 4071 1839 4108 :

692 4299 925 4354 Νεετοιι.
973 4297 991 4370 [
1018 4297 1091 4350 De
1122 4297 1276 4351 beato
1308 4295 1513 4348 Joanne
1550 4293 1790 4364 Baptista
1825 4293 2148 4362 praedicatur
2172 4310 2201 4345 a

623 4392 826 4447 sanctis
870 4392 1072 4458 angelis
1098 4428 1113 4450 ,
1151 4389 1476 4457 implendum
1524 4402 1643 4439 esse
1707 4385 1962 4438 infantem
1998 4384 2200 4452 Spiritu

628 4493 815 4535 sancto
847 4482 1022 4533 adhuc
1066 4493 1132 4532 ex
1166 4490 1318 4531 utero
1356 4478 1542 4530 matris
1585 4492 1695 4530 sum
1737 4493 1751 4542 ;
1792 4486 1844 4530 el
1871 4477 1958 4529 hic
2015 4476 2203 4529 beatus

2278 1981 2569 2042 Θεοτόκος·
2600 1983 2661 2033 ού
2709 1980 2817 2050 γὰρ
2847 1978 2996 2049 παρά
3032 1979 3131 2047 τὴς
3169 1976 3446 2048 μακαρίας
3479 1977 3754 2048 Παρθένου
3796 1976 3866 2029 τὸ

2280 2072 2498 2141 ἀξίωμα
2547 2071 2744 2140 Λόγου,
2785 2071 2899 2125 ἀλλ’
2951 2067 3018 2142 ἦν
3075 2070 3232 2140 φύσει
3283 2068 3460 2139 Θεός.]
3506 2069 3581 2122 Τὸ
3627 2070 3724 2140 μὲν
3766 2064 3866 2122 οὖν

2281 2164 2687 2235 συμπαρελθείν
2719 2165 2785 2234 τῇ
2820 2164 2979 2235 σαρκὶ
3029 2161 3117 2216 τὸν
3149 2163 3342 2230 Λόγον,
3370 2163 3398 2214 δ
3442 2161 3495 2212 τί
3530 2162 3660 2213 ποτέ
3689 2161 3863 2222 ἐστιν,

2283 2259 2442 2321 αὑτὸς
2481 2257 2545 2311 ἂν
2586 2257 2773 2325 εἰδείη,
2810 2256 2903 2308 καὶ
2940 2257 3130 2325 μόνος·
3167 2255 3379 2324 ἄγαμαι
3425 2253 3484 2306 δὲ
3531 2254 3733 2323 σφόδρα
3764 2255 3867 2324 τῆς

2282 2349 2424 2402 οὕτω
2457 2348 2660 2417 λεπτῆς
2705 2348 2986 2416 ἀκριϐείας
3018 2346 3166 2417 αὑτῷ
3200 2345 3308 2418 [ἴσ.
3342 2344 3548 2416 αὑτόν].
3596 2345 3872 2397 Ἢνὼσθαι

2288 2441 2385 2512 μὲν
2415 2442 2522 2510 γάρ
2551 2443 2616 2510 τῇ
2655 2443 2819 2508 σαρκὶ
2853 2440 2973 2493 καθ’
3011 2441 3308 2492 ὑπόστασιν
3338 2440 3430 2493 τὸν
3457 2437 3553 2491 τοῦ
3588 2437 3720 2490 Θεοῦ
3761 2439 3871 2490 A6-

2286 2549 2401 2600 γον,
2436 2534 2464 2583 6
2503 2532 2603 2600 τῆς
2650 2533 2909 2602 ἀληθείας
2951 2531 3241 2603 πρεσϐεύει
3295 2531 3485 2598 λόγος·
3518 2530 3577 2582 τὸ
3607 2529 3660 2581 δὲ
3694 2528 3801 2600 [ἵσ.
3840 2531 3875 2580 6

2286 2624 2366 2697 δὲ]
2397 2623 2821 2694 συμπαρελθείν,
2855 2623 2953 2675 οὑκ
2976 2619 3071 2675 οἷδ’
3104 2624 3130 2675 ὅ
3151 2640 3201 2674 τι
3237 2621 3432 2688 λέγων,
3463 2617 3876 2673 διαϐεϐαιοῦται

2290 2718 2515 2788 συχνῶς.
2554 2712 2686 2770 Εἶτα
2718 2717 2845 2786 περὶ
2877 2714 3088 2783 φύσεως
3129 2715 3281 2784 ἡμῖν,
3322 2713 3414 2765 καὶ
3446 2712 3544 2782 τῆς
3587 2711 3705 2764 καθ’
3738 2711 3879 2764 ὑπό-

2291 2825 2480 2864 στασιν
2527 2808 2771 2872 ὲνώσεως
2799 2808 2893 2860 τοῦ
2930 2809 3130 2870 παντὸς
3167 2805 3526 2877 προκειμένου
3562 2803 3742 2872 λόγου,
3777 2807 3880 2857 καὶ

2290 2903 2569 2973 διερευνᾷν
2604 2901 3012 2965 σπουδάζοντος,
3049 2900 3145 2969 οὑχ
3175 2901 3201 2952 ὅ
3236 2899 3286 2951 τί
3327 2898 3459 2950 ποτέ
3501 2899 3619 2952 ἐστι
3652 2897 3744 2950 καὶ
3773 2897 3880 2967 τὴν

2292 2994 2451 3060 ἀξίαν
2495 2995 2522 3045 6
2548 2995 2609 3044 ἐκ
2636 2989 2769 3044 Θεοῦ
2802 2992 2992 3059 Λόγος,
3022 2991 3135 3043 ἀλλ’
3174 2991 3221 3042 εί
3263 2989 3486 3058 γέγονεν
3516 2987 3880 3058 οἰκονομικῶς

2294 3086 2598 3157 ἄνθρωπος,
2634 3085 2768 3137 ἰδίαν
2798 3083 3162 3154 ποιησάμενος
3187 3084 3364 3152 σάρκα
3386 3081 3483 3151 τήν
3506 3081 3570 3133 ὲκ
3598 3079 3881 3149 γυναικὸς,

2217 3194 2261 3251 c
2295 3181 2374 3242 εἰς
2429 3179 2592 3248 ἕτερα
2646 3177 2904 3246 μεθιστὰς
2953 3177 3257 3238 ἁλλοκότως
3291 3177 3350 3227 τδ
3409 3173 3762 3244 ζητούμενον,
3798 3174 3881 3225 Οὐ

2298 3273 2452 3342 παρὰ
2500 3271 2597 3338 τῆς
2642 3269 2799 3338 ἁγίας
2852 3270 3159 3340 Παρθένου,
3214 3269 3365 3337 φησὶ,
3424 3267 3484 3319 τὸ
3532 3267 3744 3334 ἀξίωμα
3798 3265 3886 3336 τῷ

2299 3363 2475 3428 Λόγῳ,
2513 3363 2628 3413 ἀλλ’
2676 3358 2743 3431 ἦν
2775 3361 2934 3429 φύσει
2981 3359 3148 3423 Θεόςο
3197 3360 3374 3412 καίτοι
3419 3359 3535 3420 πῶς
3693 3358 3886 3429 ἕτερόν

2296 3469 2350 3504 τι
2399 3453 2490 3502 καὶ
2516 3451 2702 3519 ἕτερον
2749 3450 2991 3520 ἐναργῶς
3023 3450 3241 3519 ἀξίωμά
3279 3467 3337 3502 τε
3368 3452 3462 3502 καὶ
3491 3450 3678 3518 φύσις;
3739 3449 3890 3501 Ἀλλ’

2299 3542 2359 3594 οὑ
2388 3542 2554 3604 πολὺς
2589 3544 2727 3609 ἄγαν
2747 3544 2860 3605 τοῖς
2892 3541 2948 3594 ἕν
2989 3559 3046 3593 τε
3075 3542 3283 3603 τούτοις
3311 3539 3418 3612 [ῖσ.
3449 3544 3545 3609 τῆς
3575 3540 3631 3590 ἓν
3661 3557 3721 3607 γε
3759 3540 3892 3591 τοὺ-

2299 3632 2436 3705 τοις]
2484 3636 2618 3703 ἡμῖν
2670 3633 3020 3704 ἰσχνομυθίας
3066 3635 3093 3686 6
3133 3634 3307 3699 λόγος.
3338 3633 3411 3684 Τὸ
3454 3632 3497 3684 δ’
3539 3628 3630 3684 οὖν
3683 3630 3890 3700 ἐφεξῆς

2302 3728 2597 3792 ἀναγκαῖον
2624 3727 2768 3779 ἰδεῖν.
2807 3725 3156 3795 Ἐπιτειχίζει
3201 3726 3307 3795 γάρ
3336 3743 3387 3778 τι
3421 3727 3510 3777 καὶ
3543 3725 3726 3794 ἕτερον
3769 3727 3892 3786 τοῖς

2304 3819 2410 3889 πρὸ
2456 3818 2565 3890 [ἵσ.
2623 3818 2781 3891 πρὸςΙ
2833 3819 2988 3889 ἡμῶν
3033 3819 3369 3888 λεγομένοις,
3417 3818 3490 3879 ὡς
3534 3817 3664 3884 γοῦν
3711 3816 3891 3868 οἴεταί

2305 3931 2430 3978 που,
2454 3913 2547 3966 καὶ
2575 3913 2969 3979 δυσδιάφυκτον
3003 3912 3219 3982 κομιδῇ,
3254 3911 3347 3963 καὶ
3377 3912 3736 3979 ἀποχρώντως
3762 3910 3894 3978 ἔχον

2304 4009 2384 4070 εἴς
2409 4024 2468 4074 γε
2491 4005 2551 4058 τὸ
2577 4005 2860 4068 δύνασθαι,
2883 4004 2977 4056 καὶ
3007 4004 3151 4072 μάλα
3185 4003 3467 4065 νεανικῶς,
3494 3999 3652 4054 ἆθλον
3677 4003 3895 4057 εἰκαῖον

2305 4100 2435 4170 ἡμῖν
2479 4098 2575 4168 τὴν
2619 4099 2683 4150 ὲκ
2724 4096 2979 4165 γυναικὸς
3014 4097 3288 4165 ἀποφῆναι
3333 4095 3584 4162 γέννησιν
3617 4094 3708 4146 τοῦ
3751 4095 3897 4166 Ἐμ-

2311 4190 2570 4260 μανουήλ.
2603 4189 2738 4259 Φησὶ
2768 4188 2823 4241 δὲ
2854 4187 2994 4240 οὕτω
3037 4187 3197 4240 πάλιν
3217 4204 3227 4215 ·

2381 4282 2471 4357 [Ὀ
2496 4283 2765 4353 μακάριος
2781 4282 3032 4350 Ἰωάννης
3058 4283 3085 4331 ὁ
3105 4278 3412 4349 Βαπτιστὴς
3445 4277 3894 4347 προκηρύττεται

2312 4374 2461 4443 παρὰ
2495 4373 2601 4425 τῶν
2651 4374 2821 4441 ἁγίων
2856 4373 3124 4440 ἀγγέλων,
3158 4373 3238 4424 ὃτι
3271 4370 3642 4441 πλησθήσεται
3669 4369 3727 4421 τὸ
3762 4368 3899 4438 βρέ-

2314 4483 2409 4534 φος
2440 4465 2756 4536 Πνεὺματος
2782 4465 2939 4532 ἁγίου
2981 4465 3059 4516 ἔτι
3092 4467 3154 4516 ἐκ
3195 4463 3400 4524 κοιλίας
3445 4463 3649 4532 μητρὸς
3680 4460 3854 4514 αὑτοῦ
3879 4479 3895 4492 ·

624 4571 861 4627 Joannes
925 4570 1159 4640 Baptista
1202 4569 1462 4639 Spiritum
1510 4580 1754 4623 sanctum
1790 4569 1994 4621 habens
2032 4570 2175 4622 editu

2313 4559 2406 4610 καὶ
2431 4556 2652 4626 Πνεῦμα
2676 4555 2828 4622 ἅγιον
2859 4556 3014 4625 ἔχων,
3045 4555 3214 4618 οὑτως
3237 4557 3263 4607 6
3290 4554 3556 4624 μακάριος
3580 4552 3900 4622 Βαπτιστὴς

624 4677 711 4721 est
754 4666 821 4719 ⁵³.
879 4663 1016 4729 Quid
1074 4663 1282 4732 igitur?
1312 4661 1678 4730 appellabisne
1732 4662 1898 4728 ipsam
1937 4659 2208 4715 lilisabetb

627 4760 859 4830 Spiritus
889 4752 1247 4824 genitricem?
1276 4752 1405 4811 _llne
1431 4752 1672 4805 animum
1714 4750 1859 4804 refer
1895 4769 1906 4804 :
1944 4767 2004 4805 ac
2032 4753 2074 4806 si
2117 4753 2206 4821 qui

631 4851 682 4906 iit
718 4849 867 4902 vobis
899 4847 1096 4900 luerint
1146 4843 1234 4912 qui
1267 4843 1331 4895 ad
1376 4859 1436 4896 ea
1471 4858 1590 4912 qua:
1639 4843 1926 4906 dicuntur,
1958 4853 2207 4911 tanquam

631 4943 698 4995 ad
723 4939 956 4995 inaudita
999 4947 1051 4991 et
1085 4937 1301 4988 insolita
1329 4943 1667 4996 moveantur,
1703 4934 1914 4987 veniam
1947 4935 2070 4987 date
2092 4935 2209 4987 illo-

635 5049 750 5088 rum
783 5029 1082 5099 imperitia}.
1109 5024 1130 5096 ]

1302 5138 1456 5193 CAP.
1481 5137 1546 5191 V.

705 5259 960 5325 Quisnam
1016 5257 1099 5310 his
1146 5254 1326 5308 verbis
1375 5250 1576 5308 auditis
1626 5265 1729 5303 non
1775 5249 2033 5304 continuo
2066 5249 2116 5302 iu
2149 5250 2215 5302 il-

1681 5360 1695 5396 :
1739 5361 1758 5393 ι
1813 5343 2018 5396 Stultus
2073 5342 2214 5394 enim

639 5445 801 5496 stulta
837 5443 1102 5509 loquetur,
1132 5449 1186 5492 et
1220 5452 1314 5490 cor
1341 5437 1462 5505 ejus
1495 5450 1630 5488 vana
1661 5434 1939 5499 cogitabit,
1967 5445 2025 5485 ut
2059 5432 2218 5500 perli-

637 5535 747 5588 ciat
792 5534 1004 5601 iniqua,
1047 5543 1100 5583 et
1139 5531 1388 5597 loquatur
1434 5529 1693 5581 adversus
1724 5526 2007 5579 Dominum
2061 5525 2219 5577 sedu-

637 5628 871 5683 ctionem
903 5626 945 5656 "
975 5627 995 5676 ἲ
1034 5643 1052 5676 ι
1092 5621 1346 5676 Scduetio
1388 5621 1532 5673 enim
1560 5619 1843 5686 perspicue
1877 5628 1961 5670 est
1991 5628 2039 5669 et
2076 5616 2216 5672 aliud

637 5352 744 5405 lam
807 5349 1083 5419 propheta:
1141 5361 1328 5400 vocem
1384 5354 1634 5410 erumpat

715 5801 760 5831 “
799 5798 998 5853 llabae.
1037 5811 1121 5866 ut,
1153 5799 1200 5850 l.
1273 5799 1318 5830 ⁵³
1353 5798 1477 5852 Luc.
1514 5813 1550 5862 t,
1593 5797 1676 5850 l5.

1751 5799 1796 5829 ⁸⁵
1823 5797 1926 5851 lsa.
1965 5812 2133 5859 xxxii,
2175 5796 2226 5849 6.

2315 4649 2659 4702 ἀπετίκτετο.
2699 4650 2764 4701 Τί
2807 4645 2932 4713 οὗν;
2969 4649 3150 4710 καλεῖς
3185 4647 3280 4717 τὴν
3319 4646 3595 4698 Ἐλισάϐετ
3636 4647 3900 4715 Πνευμαο

2316 4741 2571 4808 τοτὸκον;
2613 4741 2875 4794 Ἐνταῦθα
2924 4741 3013 4792 τὸν
3063 4741 3185 4791 νοῦν
3239 4739 3539 4807 συνάγαγε·
3591 4740 3691 4792 κᾶν
3746 4756 3902 4801 τινες

2319 4829 2453 4886 ὦσιν
2488 4837 2544 4886 ὲν
2593 4835 2719 4904 ὑμῖν
2769 4834 2902 4905 πρὸς
2945 4835 3011 4885 τά
3046 4833 3312 4902 λεγόμενα
3362 4831 3708 4901 ξενιζόμενοι,
3757 4830 3905 4901 σύγ-

2320 4943 2492 4995 γνωτε
2523 4926 2621 4995 τῆς
2655 4927 2911 4995 ἀπειρίας
2951 4923 3181 4995 αὑτοῖς.]

2965 5123 3120 5175 ΚΕΦ.
3170 5124 3238 5175 E'.

2396 5239 2502 5290 Καὶ
2527 5239 2607 5301 τίς
2636 5237 2743 5289 τῶν
2774 5236 3024 5288 τοιούτων
3048 5235 3358 5298 ἐπακούσας
3384 5235 3577 5302 λόγων,
3610 5233 3710 5286 οὑκ
3737 5232 3913 5294 εὐθὺς

2325 5336 2439 5401 ἐρεῖ
2465 5332 2523 5383 τὸ
2553 5331 2640 5383 διὰ
2673 5335 2770 5400 τῆς
2805 5331 2898 5383 τοῦ
2926 5331 3203 5400 προφήτου
3247 5328 3428 5398 φωνῆς
3449 5346 3461 5358 ·
3495 5347 3512 5378 ι
3555 5328 3611 5379 Ὀ
3640 5327 3746 5395 γὰρ
3785 5343 3914 5393 μω-

2329 5426 2417 5494 ρὸς
2449 5425 2605 5494 μωρὰ
2637 5425 2877 5492 λαλήσει,
2917 5423 3065 5492 καὶὴ
3106 5422 3299 5492 καρδία
3336 5421 3500 5474 αὑτοῦ
3540 5419 3744 5489 μάταια
3778 5420 3916 5488 νοή-

2329 5531 2430 5577 σει,
2467 5513 2560 5565 τοῦ
2606 5515 2874 5566 συντελεῖν
2915 5515 3125 5582 ἄνομα,
3161 5513 3252 5565 καὶ
3282 5512 3462 5565 λαλεῖν
3512 5509 3646 5579 πρὸς
3694 5509 3912 5578 Κύριον

2330 5607 2623 5676 πλάνησιν;
2674 5627 2690 5658 ι
2757 5607 3025 5677 Πλάνησις
3080 5606 3187 5675 γὰρ
3251 5602 3733 5673 ὁμολογουμένως,
3808 5602 3914 5654 καὶ
