4072 6346
163 372 218 427 41
707 421 709 424 ι
1283 364 1650 420 Αυνειιευδ
1692 362 1748 418 Νι

1854 359 2088 414 TOlllL'M
2136 359 2260 412 ΗΒ.
2307 359 2343 410 Ι.
3349 360 3417 411 42

165 495 339 560 ἕτερον
380 489 556 553 οὐδὲν,
596 489 656 540 τὸ
701 489 935 558 ψυχραῖς
974 486 1135 549 οὕτω,
1173 489 1264 541 καὶ
1318 489 1736 560 μειρακιώδεσιν

1854 483 2011 548 tibil,
2054 482 2339 536 sententiis
2397 480 2531 534 adeo
2585 479 2794 545 frigidis
2840 478 3247 547 puerilibusque
3297 487 3419 530 tan.

164 583 420 645 ἐννοίαις,
473 581 548 645 ὡς
597 582 890 651 ἀληθέσιν,
939 581 1276 651 ὲπιθαρσεῖν.
1330 581 1440 650 Τῆς
1497 583 1593 649 μὲν
1641 578 1736 634 οὖν

166 675 493 745 ἡμερότητος
543 673 909 742 κατατεθήποι
955 691 1036 736 τις
1089 673 1154 726 ἂν
1206 675 1404 726 αὐτόν·
1459 676 1550 725 καὶ
1602 691 1732 740 συγ-

165 761 377 830 γνώμης
422 762 549 832 γὰρ,
599 761 692 814 καὶ
733 761 1142 831 φιλανθρωπίας
1186 763 1464 825 ἀξιοῦσθαι
1494 764 1600 815 δεῖν
1631 763 1733 831 ἔφη

173 854 282 916 τοὺς
311 852 416 904 τῶν
447 854 578 922 παρ’
603 852 767 906 αὑτοῦ
801 853 971 919 λόγων
1003 853 1098 922 τὴν
1131 855 1424 923 ἐμπειρίαν
1449 856 1545 906 οὐκ
1585 856 1733 924 ἕχον-

168 962 276 1009 τας.
322 945 458 998 Ἀλλ’
503 941 569 1014 ἦν
598 943 756 996 τοῦτο
785 945 876 996 καὶ
909 948 1037 1014 ἡμῖν
1070 945 1254 1006 αὐτοῖς
1302 946 1643 1015 τριπόθητον,
1687 947 1734 997 εί

171 1037 379 1108 συνέϐη,
414 1039 610 1108 μᾶλλον
641 1038 718 1101 δὲ,
751 1039 844 1089 καὶ
873 1038 1039 1090 Ξιπασι
1081 1040 1188 1099 τοῖς
1233 1035 1477 1087 τελοῦσιν
1513 1038 1569 1086 ὲν
1600 1038 1733 1105 Χρι-

167 1134 428 1192 στιανοῖς·
479 1128 769 1200 μοχθηρῶν
816 1130 923 1198 γὰρ
952 1127 1117 1188 οὓτω,
1155 1129 1248 1180 καὶ
1288 1126 1736 1198 διεστραμμένων

163 1220 594 1274 ἀπαλλάττεσθαι
643 1219 837 1286 λόγων,
896 1219 1011 1282 πῶς
1061 1220 1157 1289 οὐχ
1209 1220 1378 1272 ἅπασι
1421 1219 1486 1271 δι’
1535 1219 1729 1288 εὺχῆςς

166 1314 303 1380 Ιίλὴν
330 1311 508 1365 ἐκεῖνό
539 1328 748 1380 φαμεν·
777 1310 978 1362 Τέτοκε
1020 1310 1118 1377 μὲν
1145 1310 1252 1380 γὰρ
1290 1310 1734 1379 ὁμολογουμένως

169 1406 193 1472 ὴ
228 1402 504 1455 Ἐλισάόετ
551 1401 629 1472 τῷ
661 1401 801 1471 ἁγίῳ
838 1401 1113 1472 ιινεύματι
1146 1401 1505 1472 κεχρισμένον
1540 1403 1597 1453 ὲν
1634 1403 1736 1470 μή·

163 1511 259 1563 τρα
298 1495 389 1545 τὸν
435 1492 704 1562 μακάριον
753 1493 1098 1562 Βαπτιστήν·
1147 1491 1260 1544 ἀλλ’
1303 1492 1350 1543 εί
1386 1492 1483 1562 μὲν
1523 1492 1733 1561 εἴρηταί

166 1604 261 1638 που
317 1586 467 1656 παρὰ
522 1588 620 1655 τῆς
685 1583 1041 1637 θεοπνεύστου
1092 1584 1334 1654 Γραφῆς,
1391 1585 1472 1635 ὅτι
1527 1585 1620 1636 καὶ
1674 1583 1734 1634 τὸ

168 1677 379 1747 Πνεῦμα
417 1678 606 1745 γέγονε
657 1676 829 1748 σὰρξ,
867 1675 1042 1747 ὀρθῶς
1091 1677 1156 1730 ἂν
1202 1677 1334 1746 ἔφης
1375 1677 1735 1746 ὀνομάζεσθαι

165 1774 267 1825 δεῖν
301 1773 436 1843 πρὸς
472 1773 627 1842 ἡμῶν
672 1770 1122 1841 Πνευματοτόκον
1161 1772 1360 1841 αὐτήνσ
1395 1773 1442 1822 εί
1477 1771 1531 1823 δὲ
1568 1769 1696 1838 ψιλῇ
1719 1809 1732 1829 ,

1838 590 1996 644 quam
2069 574 2243 636 veris,
2298 573 2589 625 conlidere.
2661 574 2735 624 Ac
2797 570 3179 639 benignitatem
3253 569 3420 636 ipsius

1839 665 2133 720 admiretur
2197 663 2426 718 fortasse
2491 677 2594 716 non
2654 676 2849 726 ncmo,
2900 665 3040 730 quod
3099 660 3306 714 veniam
3361 673 3420 710 ac

1845 756 2271 812 benevolentiam
2322 756 2426 808 illis
2475 754 2814 806 tribuendam
2869 753 3106 814 censuit,
3170 753 3318 820 quia
3364 765 3422 804 se

1838 851 2107 904 dictorum
2149 848 2395 917 peritiam
2431 861 2532 899 non
2585 847 2864 898 baberent.
2923 845 3117 897 Verum
3167 844 3217 895 id
3265 843 3421 896 nobis

1838 955 2051 1008 quoque
2096 938 2332 1004 optabile
2382 939 2433 990 in
2477 937 2664 1005 primis
2693 945 2809 990 erat
2838 936 2883 990 si
2933 935 3285 1002 contigisset.
3315 934 3422 987 imo

1837 1048 1965 1087 vero
1990 1033 2241 1085 Omnibus
2264 1032 2350 1101 qni
2379 1030 2516 1083 inter
2539 1028 2877 1085 Christianos
2898 1039 3223 1089 censentur;
3247 1043 3367 1078 nam
3391 1043 3416 1078 τι

1839 1136 1947 1178 tam
1970 1123 2229 1194 improbis
2251 1123 2623 1192 perversisqne
2647 1121 2804 1174 dictis
2822 1121 3136 1180 abscedere,
3156 1120 3263 1186 2ο
3283 1134 3417 1186 qun-

1839 1218 1996 1271 modo
2019 1231 2121 1269 non
2144 1214 2478 1268 sitomnibns
2502 1212 2834 1279 optandum?
2856 1211 2958 1263 Sed
2994 1220 3168 1262 tamen
3194 1211 3320 1261 illud
3341 1207 3420 1260 dl-

1840 1308 2044 1360 cimus:
2070 1306 2276 1373 Peperit
2300 1305 2415 1357 sine
2437 1303 2598 1356 dubio
2623 1301 2894 1356 Elisabetb
2924 1303 3134 1352 beatum
3158 1299 3420 1352 Joannem

1841 1399 2132 1467 Baptistam
2173 1407 2360 1450 sancto
2400 1395 2598 1462 Spiritu
2637 1396 2686 1446 in
2740 1404 2890 1447 utero
2933 1401 3273 1460 perunctum.
3319 1389 3418 1443 Ve-

1845 1505 1962 1543 rum
2012 1490 2054 1543 si
2101 1491 2151 1541 in
2200 1487 2371 1541 sacris
2410 1485 2627 1539 Litteris
2663 1485 2920 1552 scriptum
2977 1482 3195 1544 fuisset,
3257 1482 3420 1535 cti.nu

1845 1581 2103 1648 Spiritum
2139 1579 2334 1633 factum
2367 1593 2484 1631 esse
2524 1590 2772 1637 carnem,
2809 1584 2949 1629 recte
2977 1575 3203 1627 dixisses
3252 1574 3422 1639 ipsam

1844 1689 1871 1725 a
1909 1673 2063 1728 nobis
2098 1671 2469 1740 appellandam
2518 1685 2636 1722 esse
2696 1669 2926 1736 Spiritus
2958 1667 3291 1736 genitricem.
3326 1664 3419 1718 Sin

1843 1776 2022 1820 autem
2054 1765 2164 1818 sola
2199 1779 2260 1817 ac
2288 1761 2517 1830 simplici
2550 1762 2804 1813 unctione
2837 1760 3128 1813 honoratus
3152 1768 3234 1810 est
3269 1769 3426 1809 natus

166 1866 254 1916 καὶ
277 1864 416 1935 μόνη
445 1863 666 1931 λέγεται
693 1864 754 1916 τὸ
784 1862 971 1932 τεχθὲν
1017 1863 1342 1931 τετιμῆσθαι
1368 1863 1566 1930 χρίσει,
1603 1861 1652 1912 τί
1682 1861 1742 1911 τὸ

1854 1871 1996 1922 puer,
2021 1870 2116 1908 cur
2149 1853 2534 1906 incarnationis
2564 1852 2892 1904 soliditatem
2917 1853 3103 1919 gratizc
3124 1850 3422 1902 secundum

165 1957 257 2022 τῆς
284 1953 609 2024 σαρκώσεως
635 1954 821 2024 χρῆμα
843 1952 1107 2023 παρισοῦν
1141 1951 1309 2014 ἀξιοῖς
1335 1955 1398 2021 τῇ
1443 1951 1582 2003 κατὰ
1614 1950 1741 2018 μέθ-

165 2047 273 2110 εξιν
307 2046 527 2116 χάριτι;
581 2046 654 2096 Ού
712 2046 820 2115 γάρ
873 2047 986 2096 ἐστι
1015 2044 1232 2107 ταυτὸν,
1269 2045 1447 2112 σάρκα
1480 2060 1537 2094 τε
1572 2044 1742 2094 εἰπεῖν

167 2137 418 2202 γενέσθαι
444 2137 535 2188 τὸν
565 2137 755 2205 Λόγον,
803 2137 897 2188 καὶ
953 2136 1034 2188 ὅτι
1067 2136 1350 2206 κέχρισταί
1392 2153 1472 2197 τις
1520 2136 1606 2188 διὰ
1648 2135 1741 2187 τοῦ

169 2227 478 2297 Πνεύματος
506 2228 777 2297 πνεύματι
824 2227 1167 2298 προφητικῷ.
1201 2228 1334 2298 Περὶ
1370 2229 1466 2298 μὲν
1502 2228 1608 2298 γὰρ
1644 2229 1742 2298 τῆς

166 2317 324 2385 ἁγίας
356 2319 634 2388 Παρθένου
675 2320 1019 2390 γέγραπται·
1056 2337 1074 2370 ‹
1118 2319 1249 2372 Ἰδοὺ
1299 2322 1329 2388 ἡ
1378 2320 1648 2389 Παρθένος
1687 2322 1745 2372 ὲν

166 2412 363 2482 γαστρὶ
409 2409 543 2475 ἕξει,
595 2413 689 2464 καὶ
728 2411 940 2475 τέξεται
976 2411 1088 2464 υἱόν
1111 2427 1122 2440 ·
1161 2430 1179 2462 ι
1213 2413 1304 2464 καὶ
1339 2413 1495 2475 τόκος
1528 2412 1742 2480 ὠνόμα-

167 2518 308 2562 σται,
363 2503 458 2553 καὶ
516 2503 621 2571 μὴν
667 2503 762 2555 καὶ
805 2501 1153 2572 Ἐμμανουήλ
1201 2503 1228 2553 ό
1276 2502 1509 2570 τεχθεὶς,
1556 2503 1582 2553 ὅ
1629 2504 1745 2554 ἐστι

167 2593 737 2664 μεθερμηνευόμενον,
763 2594 899 2648 Μεθ’
936 2593 1095 2664 ἡμῶν
1135 2597 1161 2645 ό
1217 2592 1382 2656 Θεόςο
1420 2595 1542 2664 περὶ
1589 2594 1642 2646 δέ
1684 2612 1744 2661 γε

164 2682 262 2752 τῆς
301 2684 580 2738 Ἐλισάὸετ
607 2727 619 2749 ,
649 2687 730 2739 ὅτι
778 2688 1030 2754 γεννήσει
1079 2683 1213 2747 υἱὸν,
1257 2684 1313 2745 ὃς
1362 2685 1747 2754 προελεύσεται

169 2774 266 2842 μὲν
288 2774 346 2825 ὲν
374 2775 674 2844 πνεύματι,
707 2777 799 2828 καὶ
826 2775 1052 2844 δυνάμει
1082 2773 1262 2826 Ἤλιοῦ
1283 2793 1291 2804 ο
1316 2776 1748 2846 προπορεύσεται

164 2871 220 2920 δὲ
266 2870 371 2940 πρὸ
403 2867 697 2938 προσώπου
739 2867 975 2936 Κυρίου,
1024 2869 1310 2939 ἑτοιμάσαι
1363 2869 1511 2930 ὀδοὺς
1561 2865 1747 2920 αὑτοῦ.

171 2961 384 3015 Οὐκοῦν
410 2963 609 3031 ἥκιστα
642 2960 740 3031 μὲν
769 2961 851 3030 εῖη
894 2960 957 3012 ἂν
987 2961 1432 3030 Πνευματοτόκος
1466 2962 1497 3028 ὴ
1541 2960 1750 3013 Ἐλισά-

167 3055 278 3116 ὗετ,
313 3053 570 3107 ὲκτέτοκε
609 3054 716 3124 γὰρ
746 3055 1030 3124 προφήτην
1068 3053 1352 3121 Ὑψίστου·
1384 3053 1643 3115 Θεοτόκος
1684 3070 1748 3120 γε

168 3145 275 3213 μὴν
321 3145 541 3216 άληθῶς
581 3147 613 3215 ἠ
649 3145 779 3212 ἁγία
820 3144 1128 3214 Παρθένος,
1175 3145 1255 3196 ὅτι
1300 3144 1433 3198 Θεὸν
1482 3145 1748 3196 ὲνωθὲντα

169 3235 335 3304 σαρκὶ
395 3236 584 3288 τέτοκε
652 3235 953 3304 σαρκικῶς,
1017 3235 1285 3297 τουτέστι,
1335 3235 1476 3288 κατὰ
1545 3236 1743 3305 σάρκα.

180 3325 400 3396 Ἐπειδὴ
441 3329 548 3395 γὰρ
595 3326 942 3396 ἄνθρωποςή
982 3325 1216 3379 τεκοῦσά
1259 3327 1406 3389 ἐστι,
1445 3326 1614 3396 ταύτῃ
1644 3344 1747 3390 τοι,

168 3419 260 3468 καὶ
295 3417 444 3486 μάλα
494 3417 806 3484 ἐμφρόνως,
839 3418 927 3469 τὸν
961 3418 1060 3485 τῆς
1089 3418 1399 3486 γεννήσεως
1430 3418 1628 3487 τρόπον
1658 3420 1752 3471 ἁν-

169 3507 460 3576 θρωπίνως
487 3509 801 3576 πεπρᾶχθαι
829 3508 1029 3577 φαμέν.
1057 3504 1164 3561 Ἦν
1193 3509 1300 3580 γὰρ
1329 3508 1490 3573 οὕτω,
1530 3509 1625 3562 καὶ
1654 3509 1752 3578 οὐχ

167 3603 393 3670 ἑτέρως,
427 3598 683 3653 δύνασθαι
716 3600 837 3654 καθ’
879 3603 1024 3670 ἡμᾶς
1057 3600 1311 3668 γενέσθαι
1350 3600 1439 3653 τὸν
1472 3601 1610 3672 ὑπὲρ
1645 3603 1752 3653 πᾶ-

172 3709 268 3744 σαν
311 3692 495 3760 φύσιν,
526 3693 585 3745 οὐ
629 3692 721 3745 τοῦ
755 3689 892 3745 εῖναι
945 3692 1092 3746 τοῦθ’
1134 3694 1270 3762 ὅπερ
1300 3694 1449 3746 ἐστὶν
1487 3692 1752 3763 ὀλιγωρή·

171 3800 376 3838 σαντα·
427 3785 623 3848 πόθεν;
660 3785 1007 3856 μεμενηκότα
1041 3785 1097 3837 δὲ
1145 3785 1347 3855 μᾶλλον
1392 3785 1527 3853 ὅπερ
1572 3779 1640 3853 ἦν
1695 3799 1752 3834 τε

169 3879 262 3928 καὶ
294 3875 414 3929 ἐστι
464 3878 556 3928 καὶ
587 3877 737 3930 ἔσται
760 3894 772 3905 ·
805 3880 1015 3948 τροπῆς
1045 3878 1154 3949 γὰρ
1194 3878 1432 3948 ἀμείνων
1467 3877 1498 3944 ἡ
1542 3874 1658 3926 θεία
1697 3891 1752 3925 τε

168 3967 309 4032 ἐστὶ,
335 3969 434 4020 καὶ
459 3969 737 4039 ὑπερτάτη
765 3968 942 4038 φύσις.
991 3969 1153 4040 Ὀρθὰ
1190 3969 1288 4038 μὲν
1316 3964 1407 4021 οὖν
1429 3969 1512 4019 ὅτι
1539 3967 1754 4037 φρονεῖν

169 4056 484 4128 εἰθίσμεθα,
517 4059 648 4111 Θεὸν
679 4059 1036 4128 γεγεννῆσθαι
1070 4060 1210 4112 κατὰ
1246 4059 1421 4129 σάρκα
1458 4058 1547 4110 ἐπὶ
1583 4074 1756 4125 σωτη-

170 4151 264 4221 ρία
318 4150 428 4205 τῶν
475 4151 640 4216 ὅλων,
683 4151 1151 4220 διαϐεϐαιούμενοι
1180 4190 1194 4213 ,
1247 4151 1675 4221 μεμαρτύρηκεν
1723 4153 1754 4218 ἡ

170 4244 536 4306 θεόπνευστος
575 4245 782 4314 Γραφή.
805 4244 1022 4312 Ἐπειδὴ
1048 4243 1103 4295 δὲ
1138 4246 1248 4304 τοῖς
1278 4243 1570 4304 νεωτάτοις
1594 4242 1757 4296 αὑτοῦ

167 4334 410 4403 ὖόγμασι
438 4335 536 4403 τὴν
567 4334 842 4404 ἀλήθειαν,
877 4335 967 4385 καὶ
1009 4333 1141 4385 αὐτὸ
1170 4333 1266 4402 τῆς
1301 4334 1760 4403 ἐκκλησιαστικῆς

175 4427 416 4488 πίστεως
455 4426 740 4493 ἀντεξάγει
777 4426 841 4477 τὸ
862 4423 1155 4492 σύμϐολον,
1185 4424 1211 4476 ὃ
1236 4425 1322 4476 διὰ
1349 4425 1442 4492 τῆς
1469 4424 1561 4476 τοῦ
1588 4423 1758 4477 Πνεύ-

1849 1942 2323 2010 participationem
2362 1941 2640 2008 acquisita:
2684 1940 2999 2006 atqnandam
3057 1940 3280 1992 censes?
3310 1938 3425 1990 Non

1844 2034 1984 2088 enim
2007 2043 2088 2087 est
2121 2033 2281 2093 idem,
2317 2032 2495 2083 dicere
2534 2030 2760 2082 Verbum
2795 2044 3009 2083 carnem
3059 2030 3256 2080 factum
3282 2045 3424 2091 esse,

1843 2133 1897 2177 ct
1927 2124 2111 2192 spiritu
2148 2122 2462 2192 prophetico
2492 2133 2710 2172 unetttm
2741 2135 2863 2173 esse
2895 2121 3126 2186 aliquem
3167 2135 3260 2187 per
3300 2121 3424 2187 Spi-

1847 2215 2028 2268 ritum.
2066 2212 2316 2266 Estenim
2344 2211 2409 2262 de
2432 2219 2615 2262 sancta
2648 2205 2866 2278 Virgine
2893 2210 3151 2276 si'riplttin
3191 2225 3203 2260 :
3240 2227 3255 2256 ι
3292 2207 3427 2261 Ecce

1851 2308 2003 2375 virgo
2061 2307 2110 2359 in
2175 2313 2326 2356 utero
2377 2300 2631 2363 habebit,
2665 2310 2717 2351 et
2764 2299 2933 2368 pariet
2991 2301 3159 2352 lilium
3190 2302 3234 2330 ⁸⁵
3274 2317 3287 2351 :
3331 2319 3346 2349 ι
3376 2311 3430 2353 et

1849 2408 2034 2467 partus
2087 2408 2169 2450 est
2218 2393 2552 2465 appellatus,
2589 2403 2640 2444 et
2687 2393 2903 2458 insuper
2956 2391 3308 2454 Emmanuel,
3341 2393 3430 2444 ille

1849 2507 1980 2558 puer
2029 2491 2238 2553 editus,
2296 2490 2435 2556 quod
2488 2496 2569 2536 est
2642 2485 3071 2551 interpretatum,
3141 2483 3428 2537 Nobiscum

1851 2583 2028 2648 Deus;
2065 2582 2156 2637 sed
2194 2582 2258 2636 de
2286 2580 2582 2644 Elisabetb,
2615 2575 2729 2629 fore
2762 2584 2825 2628 ut
2873 2576 3046 2639 pariat
3098 2573 3262 2625 lilium
3287 2614 3299 2636 ,
3337 2574 3427 2642 qtti

1849 2674 2248 2742 antegrediatur
2279 2675 2329 2725 in
2359 2671 2546 2740 spiritu
2570 2677 2622 2721 et
2652 2667 2847 2719 virtute
2879 2663 3005 2717 Elite
3034 2665 3078 2694 ⁸⁵
3099 2705 3114 2727 ,
3144 2673 3196 2716 et
3233 2673 3431 2730 pucea!

1851 2773 1974 2818 ante
2004 2765 2193 2818 faciem
2236 2763 2446 2818 Domini
2482 2773 2673 2830 parare
2705 2757 2820 2811 vias
2850 2754 2969 2822 eius
3001 2755 3065 2804 ⁵⁷.
3119 2755 3256 2823 Ergo
3288 2755 3434 2806 nullo

1851 2856 2009 2910 modo
2037 2866 2118 2910 est
2150 2855 2385 2924 Spiritus
2429 2854 2656 2924 genitrix
2689 2851 2802 2919 ipsa
2846 2847 3151 2907 Elisabeth.
3182 2847 3306 2914 quia
3337 2861 3429 2913 pe-

1851 2949 1990 3016 perit
2033 2948 2350 3017 prOpbetam
2402 2943 2698 3006 Altissiini;
2735 2940 2827 2994 sed
2873 2954 2996 2992 vere
3049 2939 3139 2992 Dei
3200 2939 3430 3007 genitrix

1851 3050 1934 3094 est
1962 3049 2146 3094 sancta
2179 3036 2369 3105 Virgo,
2404 3036 2528 3105 quia
2569 3034 2733 3086 Deum
2772 3035 2978 3085 unitum
3019 3031 3166 3084 carni
3230 3031 3435 3098 peperit

1854 3132 2178 3192 carnaliter,
2215 3131 2314 3184 boc
2363 3126 2799 3191 est,secnndum
2850 3139 3090 3176 carnem.
3145 3121 3273 3174 Nam
3312 3126 3435 3188 quia

1857 3227 2015 3279 homo
2042 3234 2124 3278 est
2168 3224 2279 3291 ipsa
2311 3237 2429 3291 qua:
2452 3220 2678 3288 peperit,
2716 3231 2779 3270 ea
2825 3216 2890 3269 de
2926 3229 3086 3268 causa
3139 3215 3438 3268 rectissime

1854 3316 2146 3370 asserimus
2199 3315 2412 3368 modum
2470 3308 2830 3379 generatioiiis
2880 3322 2942 3360 ex
3001 3307 3234 3359 humano
3292 3321 3440 3358 more

1853 3415 2146 3464 servatum,
2225 3403 2340 3458 Non
2383 3401 2524 3456 enim
2575 3398 2734 3451 aliter
2778 3398 2951 3466 potuit
3009 3394 3158 3448 nasci
3237 3408 3429 3447 secun-

1855 3498 1979 3550 dum
2021 3510 2116 3548 nos
2171 3495 2256 3547 ille
2313 3493 2403 3561 qui
2466 3505 2628 3559 supra
2661 3502 2876 3542 omnem
2915 3499 3165 3540 naturam
3201 3486 3435 3546 excellit,

1858 3601 1963 3640 non
1994 3585 2068 3639 ita
2100 3594 2157 3638 ut
2189 3584 2330 3652 quod
2388 3592 2506 3635 erat
2553 3579 2969 3650 parvipenderet
2997 3595 3011 3642 ;
3046 3579 3189 3630 nullo
3219 3579 3379 3630 modo
3418 3596 3429 3638 ;

1856 3679 1948 3733 sed
1997 3687 2054 3732 ut
2094 3686 2332 3730 maneret
2386 3676 2561 3744 potius
2596 3674 2737 3744 quod
2788 3681 2908 3727 erat
2957 3680 3009 3722 et
3050 3679 3131 3722 est
3179 3681 3231 3723 et
3281 3671 3430 3724 erit:

1861 3773 2158 3826 mutatione
2183 3785 2414 3838 namque
2446 3768 2620 3836 potior
2645 3776 2728 3821 est
2757 3764 2936 3819 divina
2965 3762 3049 3816 illa
3078 3778 3438 3829 supremaque

1861 3871 2072 3916 natura.
2107 3861 2245 3931 Ergo
2277 3874 2374 3914 nos
2413 3867 2558 3911 recte
2594 3857 2831 3918 sentire,
2864 3855 2953 3923 qui
3001 3852 3163 3906 Deum
3202 3855 3437 3920 genitum

1857 3970 1977 4010 esse
2006 3955 2298 4009 secundum
2332 3965 2549 4004 carnem
2583 3949 2646 4001 ad
2679 3946 2906 4001 salutem
2945 3945 3317 3997 universorum
3353 3959 3439 3994 as-

1859 4047 2110 4111 serimus,
2139 4045 2395 4098 divinitus
2425 4041 2700 4106 inspirata
2744 4037 2960 4090 Littera:
2995 4043 3284 4087 testantur.
3335 4033 3439 4088 Sed

1860 4140 1987 4209 quia
2017 4138 2168 4191 novis
2201 4135 2310 4188 suis
2339 4130 2608 4200 dogmatis
2643 4130 2923 4183 veritatem
2959 4137 3010 4178 et
3044 4128 3215 4195 ipsum
3265 4127 3440 4180 eccle-

1861 4229 2094 4284 siasticaz
2124 4226 2242 4280 fidei
2274 4224 2573 4294 symbolum
2600 4220 2842 4289 opponit,
2872 4220 3011 4286 quod
3041 4218 3167 4270 olim
3201 4218 3437 4283 Spiritus

1864 4320 2038 4374 sancti
2070 4319 2270 4372 lumine
2297 4314 2546 4369 illustrati
2575 4311 2761 4366 Patres
2793 4313 2928 4380 apud
2972 4311 3198 4363 Nicwani
3233 4310 3440 4362 collecti

1866 4412 2223 4472 deﬁnierunt,
2255 4417 2498 4462 metuens
2538 4405 2652 4473 ipse
2684 4421 2749 4458 ne
2773 4404 2938 4472 aliqui
2983 4402 3212 4455 fortasse
3257 4416 3441 4452 sanam

172 4536 343 4585 ματος
376 4520 742 4587 φωταγωγίας
788 4521 836 4571 οἱ
886 4519 1028 4572 κατὰ
1071 4520 1293 4587 καιροὺς
1329 4520 1383 4569 ὲν
1414 4521 1479 4587 τῇ
1513 4518 1748 4570 Νικαέωκ

1869 4505 2026 4560 fidem
2080 4509 2397 4560 servarent,
2443 4499 2652 4550 illorum
2693 4497 2911 4549 vocibus
2952 4495 3015 4547 ad
3054 4494 3331 4546 veritatem
3371 4493 3445 4544 in-

174 4611 654 4682 συναγηγερμένοι
703 4611 942 4681 Πατέρες
985 4610 1272 4681 ὡρίσαντο,
1321 4609 1501 4672 δεδιὼς
1546 4609 1618 4678 μὴ
1657 4610 1764 4678 ἄρα

174 4721 288 4765 τως
316 4704 456 4770 ὑγιᾶ
485 4704 584 4772 τὴν
609 4703 791 4754 πίστιν
815 4700 1178 4755 διασώσαιντό
1203 4717 1365 4762 τινες,
1398 4702 1515 4763 ταῖς
1540 4701 1765 4752 ἐκείνων

172 4799 384 4860 φωναῖς
438 4795 948 4866 παιδαγωγούμενοι
991 4795 1126 4866 πρὸς
1177 4794 1457 4863 ἀλήθειαν,
1507 4795 1765 4862 πειρᾶται

175 4891 571 4959 συκοφαντεῖν,
612 4890 705 4941 καὶ
732 4889 839 4940 τῶν
888 4889 1086 4951 λέξεων
1137 4887 1450 4940 ὲναλλὰττει
1487 4888 1588 4957 τὴν
1628 4885 1763 4938 ἁπό-

169 4982 342 5046 δοοιν,
375 4985 479 5036 καί
512 4982 680 5051 αὐτὴν
706 4981 761 5033 δὲ
794 4980 900 5033 τῶν
943 4979 1162 5034 ἐννοιῶν
1191 4979 1290 5050 τὴν
1319 4978 1546 5047 δύναμιν
1586 4994 1764 5047 παρα-

173 5073 476 5142 σημαίνειν
521 5072 820 5142 ἀποτολμᾷ.
866 5071 1082 5140 Ἐπειδὴ
1117 5070 1226 5141 γὰρ
1260 5070 1422 5132 αὐτὸς
1453 5069 1544 5122 ἐπὶ
1591 5069 1760 5137 μέσης

169 5162 478 5234 ἐκκλησίας
529 5161 776 5232 βεϐήλοις
811 5164 1008 5232 ἐχρῆτο
1048 5160 1456 5227 καινοφωνίαις,
1502 5158 1643 5228 ἀνήρ
1678 5174 1759 5216 τις

167 5256 283 5309 τῶν
315 5255 466 5323 ἄγαν
494 5253 772 5318 ἐπιεικῶν,
818 5255 911 5306 καὶ
950 5251 1118 5304 τελῶν
1170 5253 1268 5322 μὲν
1314 5252 1370 5303 ἐν
1402 5242 1616 5312 λαῖκοῖς
1649 5248 1758 5307 ἔτι,

172 5347 318 5416 πλὴν
372 5347 481 5400 οὑκ
518 5346 870 5414 ἀθαύμαστον
903 5341 1328 5416 συναγηγερκὼς
1365 5344 1419 5395 ὲν
1451 5340 1631 5410 ἐαυτῷ
1670 5340 1765 5408 τὴν

172 5441 491 5502 παίδευσιν,
541 5439 727 5507 θερμῷ
771 5456 828 5490 τε
872 5440 965 5491 καὶ
1003 5435 1234 5506 φιλοθέῳ
1275 5436 1558 5504 κεκίνηται
1598 5432 1764 5502 ζήλῳ,

172 5535 268 5585 καὶ
300 5532 473 5601 τορόν
517 5548 567 5583 τι
615 5528 933 5600 κεκραγὼς,
979 5528 1140 5580 αὐτὸν
1171 5527 1272 5595 ἔφη
1316 5528 1406 5578 τὸν
1440 5523 1765 5596 πρωιὼνιον

175 5623 350 5692 Λόγον
398 5621 498 5674 καὶ
529 5620 789 5689 δευτέραν
832 5620 1119 5688 ὑπομεῖναι
1167 5618 1438 5687 γέννησιν,
1484 5616 1639 5684 δῆλον
1685 5613 1766 5670 δὲ.

269 5797 316 5826 ⁸⁵
345 5796 454 5852 lsa.
496 5812 586 5850 vn.
629 5797 712 5848 llr.
792 5796 834 5824 "
866 5794 991 5848 an.
1029 5811 1064 5854 I.
1097 5794 1180 5846 17.
1259 5795 1301 5823 ⁸⁷
1335 5792 1462 5847 Ibid.
1499 5790 1582 5843 76.

513 5889 778 5947 ΡΑτιιυι..
827 5887 938 5947 Gn.
993 5888 1244 5948 LXXVI.

1867 4597 2074 4660 stituti',
2104 4592 2421 4648 calumniari
2457 4603 2701 4650 conatur,
2737 4599 2788 4641 et
2811 4589 3102 4640 dictionum
3136 4586 3446 4650 explicatio-

1868 4705 1988 4744 nem
2018 4687 2266 4746 invertit,
2292 4693 2346 4736 et
2375 4682 2545 4752 ipsam
2574 4682 2678 4733 vim
2712 4679 3102 4734 sententiarum
3139 4677 3445 4728 adulterare

1867 4784 2046 4836 audet.
2088 4781 2219 4834 Cum
2264 4777 2404 4832 enim
2449 4777 2560 4844 ipse
2612 4775 2663 4826 in
2708 4773 2880 4825 media
2931 4770 3156 4822 ecclesia
3207 4766 3447 4836 profanis

1870 4883 2108 4928 uteretur
2164 4866 2510 4937 neologismis
2544 4906 2558 4927 ,
2611 4865 2694 4916 vir
2753 4862 2964 4930 quidam
3022 4872 3149 4914 sane
3223 4859 3443 4926 probus,

1869 4966 1956 5034 qni
1994 4962 2170 5017 adhuc
2201 4963 2340 5012 inter
2377 4958 2545 5010 laicos
2568 4965 2705 5017 erat,
2733 4955 2823 5007 sed
2862 4962 3036 5005 tamen
3075 4950 3443 5002 admirabilem

1872 5056 1970 5108 sibi
2005 5053 2292 5122 collegerat
2321 5047 2699 5106 eruditionem,
2725 5043 2947 5096 ferventi
2971 5051 3023 5092 et
3052 5040 3299 5108 religioso
3332 5040 3446 5091 zelo

1869 5147 1970 5217 21
2003 5155 2294 5212 permotus,
2322 5150 2376 5194 et
2395 5136 2715 5193 contentiori
2744 5149 2872 5189 voce
2891 5133 3250 5192 inclainitans,
3277 5133 3447 5198 ipsum

1874 5239 2047 5308 inquit
2075 5248 2199 5290 ante
2228 5233 2421 5288 saecula
2458 5230 2687 5285 Verbum
2715 5232 2875 5283 etiam
2899 5225 3191 5281 secundam
3221 5224 3451 5278 subiisse

1879 5333 2308 5401 generationem,
2333 5331 2380 5382 id
2405 5336 2507 5389 est,
2551 5326 2693 5378 illam
2722 5321 3017 5376 secundum
3049 5333 3265 5372 carnem
3305 5327 3353 5370 et
3385 5330 3446 5368 ex

1878 5425 2104 5478 ninliere
2134 5439 2145 5473 :
2176 5418 2625 5474 tumultuantibus
2674 5415 2735 5468 ad
2772 5413 2869 5465 ista
2907 5410 3145 5480 populis,
3177 5418 3231 5460 et
3263 5407 3448 5473 majori

1877 5533 1937 5570 ac
1983 5514 2180 5569 saniori
2235 5523 2384 5581 parte
2413 5507 2664 5563 maximis
2691 5506 2839 5559 illum
2896 5503 3143 5556 laudibus
3175 5498 3451 5552 attollente

1877 5619 1931 5662 ut
1971 5608 2114 5679 pium
2163 5617 2213 5660 et
2241 5605 2533 5671 sapientem
2569 5600 2619 5654 iii
2661 5598 2848 5667 primis
2871 5636 2883 5658 ,
2942 5608 2993 5649 et
3021 5604 3287 5649 rectorum
3323 5593 3453 5658 dog-

3003 5840 3034 5890 Ξ
