4072 6346
644 360 713 416 4'5
1636 354 1696 411 S.
1736 353 2007 411 CYRILLI
2045 354 2514 411 ΑιΕΧΑΝυιιιΝι
2549 355 2871 412 ARCHIEP.
3824 354 3894 409 μ

645 483 845 527 malum
888 472 1029 527 haud
1086 480 1383 541 expertem,
1418 471 1536 527 aliis
1571 471 1924 528 nihilominus
1964 473 2215 527 adversus

2327 476 2407 528 ὅτι
2437 493 2535 546 την
2578 476 2718 530 κατά
2746 477 2945 549 σάρκα,
2982 477 3075 530 καὶ
3106 475 3169 529 ἐκ
3202 475 3493 545 γυναικός⁸
3524 472 3893 546 θορυϐούντων

644 566 792 618 illum
837 564 1098 630 eﬁ‘eratis,
1142 564 1254 633 ipse
1318 578 1378 619 se
1432 563 1760 634 interponit,
1817 578 2054 633 moxque
2098 565 2218 619 illos

644 658 940 726 approbat,
982 670 1119 723 quos
1166 670 1263 711 sua
1298 655 1539 710 docendo
1597 655 1934 725 perdiderat,
1962 664 2214 711 czeternm

646 750 696 800 in
745 762 867 801 eum
904 747 1141 817 linguam
1176 746 1390 800 exacuit
1437 746 1526 816 qui
1554 746 1722 815 ipsius
1784 747 2036 815 dogmata
2100 762 2208 801 non

644 840 994 904 sustinuerat,
1056 846 1111 892 et
1168 837 1220 892 in
1262 845 1480 891 sanctos
1532 836 1721 891 Patres
1765 837 1856 905 qui
1901 835 2041 906 piam
2093 836 2216 889 ﬁdei

2321 568 2377 621 δὲ
2412 568 2545 639 πρὸς
2571 569 2741 623 ταῦτα
2772 570 2881 623 τῶν
2921 570 3131 640 δήμων,
3173 569 3269 621 καὶ
3313 567 3424 621 τῶν
3459 566 3559 637 μὲν
3604 565 3891 630 πλείστων,

2324 660 2419 712 καὶ
2449 659 2706 724 συνετῶν,
2746 661 2808 713 οὐ
2840 661 3080 733 μετρίοις
3123 660 3285 715 αὐτὸν
3324 661 3566 721 ἐπαίνοις
3606 656 3895 727 τετιμηκό-

2322 766 2449 814 τωνι
2494 750 2569 814 ὡς
2609 751 2805 821 εὐσεϐῆ
2837 770 2920 815 τε,
2965 754 3059 807 καὶ
3099 752 3489 814 συνετώτατον,
3533 748 3755 817 καὶτῆς
3786 748 3895 800 τῶν

2320 838 2607 909 δογμάτων
2636 840 2925 912 ὀρθότητος
2964 843 3067 897 οὐκ
3092 842 3454 913 ἡμοιρηκότα,
3496 837 3894 907 λελυττηκότων

644 933 1009 987 deﬁnitionem
1066 930 1221 985 nobis
1270 929 1685 991 constituerant,
1719 941 1881 998 quam
1915 935 1973 981 ut
2042 926 2214 980 animi

644 1025 937 1078 anchoram
994 1024 1254 1078 habemus
1288 1031 1455 1075 tutam
1490 1034 1552 1074 ac
1584 1018 1815 1085 ﬁrmam,
1847 1028 1908 1073 ut
1951 1018 2211 1089 scriptum

2320 1019 2641 1089 ἀποδέχεται
2674 1022 2775 1090 μὲν
2812 1022 2973 1086 εὐθὺς
3001 1023 3267 1087 ἐκείνους,
3299 1022 3393 1086 οὓς
3421 1022 3489 1075 τὰ
3514 1018 3709 1074 ἑαυτοῦ
3746 1015 3895 1070 διδά-

643 1126 725 1170 est
748 1116 814 1169 ⁸⁸.
2319 1127 2465 1163 σκων
2495 1111 2872 1165 ἀπολώλεκεν·
2908 1115 3161 1185 ἐπιθήγει
3212 1114 3268 1166 δὲ
3311 1114 3410 1184 τὴν
3446 1112 3693 1181 γλῶτταν
3747 1106 3897 1176 αὐτῷ

640 1223 698 1260 τε
732 1205 809 1277 τῷ
838 1204 913 1275 μὴ
978 1200 1328 1272 ἀνασχομένῳ
1375 1200 1443 1253 τὰ
1486 1198 1675 1264 αὐτοῦ,
1710 1200 1804 1251 καὶ
1877 1199 1984 1270 μὴν
2031 1200 2126 1251 καὶ
2177 1199 2289 1261 τοῖς
2329 1200 2505 1267 ἁγίοις
2550 1201 2853 1272 Πατράσιν,
2892 1204 2940 1256 οἳ
2989 1204 3080 1258 τὸν
3110 1204 3307 1276 εὐσεϐῆ
3351 1204 3452 1274 τῆς
3498 1204 3731 1265 πίστεως
3770 1202 3896 1272 ὅρον

640 1304 772 1373 ἡμῖν
803 1299 1358 1369 τεθεσμοθετήκασιν,
1400 1297 1466 1368 ἥν
1496 1295 1573 1360 ὡς
1606 1296 1855 1367 ἄγκυραν
1928 1295 2125 1366 ἔχομεν
2161 1295 2258 1365 τῆς
2329 1295 2509 1369 ψυχῆς
2555 1298 2774 1371 ἀσφαλῆ
2820 1318 2879 1354 τε
2930 1302 3025 1356 καὶ
3067 1302 3313 1372 βεϐαίαν,
3361 1301 3503 1357 κατά
3546 1301 3609 1354 τὸ
3649 1316 3896 1370 γεγραμ-

689 1401 824 1452 ένον.

689 1418 824 1452 ενον.

645 1418 684 1470 μ
712 1487 991 1561 [Νεςτοιι.
1033 1485 1253 1539 Gaudeo
1304 1483 1479 1547 enim,
1524 1482 1733 1550 inquit,
1782 1490 2022 1536 vestrum
2075 1479 2217 1548 aspi-

2322 945 2388 997 γε
2455 929 2559 1000 μὴν
2608 934 2728 985 κατ’
2777 932 2940 987 αὐτοῦ
2991 934 3102 987 τῶν
3154 934 3353 999 ἀλλων,
3395 930 3663 988 διαλαϐὼν
3711 928 3892 989 αὐτὸς,

2392 1477 2604 1550 [Χαίρω
2633 1479 2765 1552 γὰρ,
2792 1480 2919 1552 ἔφη,
2938 1481 3031 1535 τὸν
3060 1482 3323 1552 ὑμέτερον
3350 1481 3686 1551 θεασάμενος
3708 1479 3891 1550 ζῆλον.

640 1582 792 1635 ciens
839 1578 1036 1632 zelum.
1086 1574 1326 1631 Indidem
1380 1574 1663 1643 perspicue
1714 1572 1936 1642 coargui
1989 1579 2215 1642 possunt

2319 1569 2554 1622 Αὐτόθεν
2573 1570 2690 1624 ἐστὶ
2714 1572 2888 1642 σαφὴς
2904 1575 3001 1643 τῆς
3018 1572 3124 1624 τῶν
3140 1572 3436 1642 λεχθέντων
3464 1572 3571 1643 [ῑσ.
3595 1572 3768 1643 σαφὴς
3787 1570 3897 1624 τῶν

640 1688 759 1743 quae
798 1672 865 1725 ab
891 1669 1093 1724 infelici
1145 1668 1362 1722 homine
1405 1676 1535 1721 sunt
1577 1666 1840 1735 ﬁagitiose
1870 1663 2012 1719 dicta
2044 1682 2058 1719 :
2092 1678 2213 1717 nam

2319 1660 2639 1733 λεχθέντων]
2668 1664 2771 1717 ὐπὸ
2798 1664 2897 1734 τῆς
2922 1663 3015 1717 τοῦ
3057 1664 3289 1717 δειλαίου
3330 1665 3551 1743 μιαρίας
3583 1667 3612 1717 6
3639 1664 3856 1735 ἐλεγχος
3876 1677 3893 1693 ⁸

640 1778 870 1831 quorum
928 1762 1048 1815 duae
1097 1770 1227 1813 sunt
1272 1758 1671 1828 generationes,
1710 1771 1894 1810 eorum
1952 1758 2057 1811 duo
2107 1755 2215 1810 sint

2319 1743 2395 1805 ὧν
2424 1752 2532 1823 γὰρ
2555 1752 2648 1805 δύο
2673 1756 2974 1826 γεννήσεις,
3006 1756 3209 1809 τούτων
3230 1756 3321 1808 δύο
3352 1757 3488 1809 υίοί⁶
3581 1755 3635 1809 δὲ
3664 1754 3899 1825 Ἐκκλη-

642 1856 733 1909 ﬁlii
782 1867 1005 1907 necesse
1049 1860 1131 1905 est
1163 1868 1174 1903 :
1205 1851 1299 1905 sed
1343 1848 1581 1905 Ecclesia
1638 1862 1800 1901 unum
1844 1846 2086 1918 agnoscit
2121 1843 2215 1900 Fi-

640 1946 792 2007 lium,
827 1943 999 2011 ipsum
1032 1940 1311 1994 Dominum
1342 1934 1668 2005 Christum.]

1284 2070 1435 2125 CAP.
1483 2069 1567 2123 Vl.

706 2210 1043 2268 Stultissime
1093 2207 1221 2277 quid
1277 2205 1361 2260 his
1419 2206 1486 2260 de
1539 2206 1701 2262 rebus
1754 2207 2097 2263 sentiendum
2142 2206 2216 2262 sit

642 2304 1005 2358 deﬁnitionem
1060 2296 1285 2367 protulit
1338 2296 1564 2349 dicens:
1599 2294 1862 2366 [Quorqu
1913 2297 2032 2351 dua:
2088 2306 2216 2352 sunt

640 2395 1042 2465 generationes,
1084 2402 1273 2444 eorum
1319 2388 1423 2440 duo
1449 2401 1667 2455 quoque
1715 2387 1826 2442 sint
1858 2389 1950 2442 ﬁlii
1992 2404 2215 2445 necesse

639 2484 767 2556 εει]
798 2484 1066 2539 Caeterum
1105 2478 1306 2532 omissa
1351 2477 1435 2531 his
1469 2478 1533 2530 de
1568 2478 1730 2532 rebus
1774 2479 1989 2533 exiliori
2030 2481 2214 2548 dispu-

641 2578 872 2639 tatione,
906 2570 1125 2627 interim
1163 2582 1284 2637 quae
1332 2568 1399 2620 ad
1433 2568 1696 2623 orationis
1738 2579 1938 2622 nostra:
1968 2569 2215 2639 proposi-

643 2678 757 2721 tum
791 2679 857 2719 ex
890 2660 1136 2733 diligenti
1170 2657 1523 2728 inquisitione
1554 2659 1781 2712 inveniri
1816 2668 2065 2729 poterunt
2102 2659 2214 2715 col-

642 2760 890 2828 ligamus.
949 2752 1117 2823 Igitur
1167 2750 1299 2804 duas
1365 2762 1487 2804 esse
1526 2750 1928 2819 generationes,
1993 2751 2215 2806 minime

635 2846 1034 2901 admittendum
1089 2839 1321 2895 censuit.
1374 2837 1541 2893 Unam
1583 2853 1745 2910 porro
1804 2841 2136 2895 nativitatem
2182 2856 2212 2894 a

640 2938 796 2992 nobis
834 2948 953 2989 esse
980 2930 1342 2987 conﬁtendam
1369 2930 1583 2994 asserit,
1619 2945 1686 2984 ne
1720 2930 1853 2983 duos
1882 2929 2022 2983 ﬁlios
2053 2929 2214 2985 intel-

639 3032 890 3099 ligamus,
921 3040 985 3079 ac
1027 3025 1072 3079 si
1118 3036 1343 3077 necesse
1378 3021 1470 3086 sit,
1504 3022 1547 3076 si
1584 3022 1702 3074 duae
1735 3035 1959 3088 prorsus
1991 3037 2215 3091 genera-

643 3124 818 3173 tiones
843 3118 972 3181 sint,
999 3116 1131 3168 duos
1158 3114 1288 3166 item
1321 3111 1461 3165 ﬁlios
1491 3108 1699 3165 inferri.
1730 3108 1964 3165 Prodeat
1987 3128 2113 3181 ergo
2146 3127 2209 3167 ac

640 3215 834 3267 doceat
887 3217 1066 3264 utram
1121 3205 1527 3273 generationem
1579 3200 1730 3257 malit
1778 3202 2086 3269 admittere,
2144 3204 2211 3256 il-

2318 1844 2410 1897 σία
2440 1843 2536 1897 ἕνα
2568 1838 2709 1899 οἶδεν
2742 1846 2893 1910 Υίὸν,
2924 1845 3015 1899 τὸν
3040 1847 3318 1917 Δεσπότην
3344 1844 3626 1917 Χριστόν.Ἰ

2896 2069 3154 2137 ΚΕΦΑΛ.
3197 2071 3287 2135 ς’.

2403 2200 2765 2270 Ἀνοητοτατα
2800 2215 2901 2271 μεν
2930 2193 3023 2253 οῦν
3053 2200 3144 2254 τὸν
3172 2201 3282 2255 τῶν
3314 2201 3407 2256 ἐπὶ
3436 2203 3646 2267 τούτοις
3677 2204 3899 2259 ἐννοιῶν

2320 2290 2445 2362 ὅρον
2496 2290 2852 2362 ἐξηνέγκατο,
2882 2292 3092 2361 λέγων·
3133 2288 3258 2364 [Ὧν
3296 2294 3406 2367 γάρ
3457 2294 3548 2348 δύο
3581 2297 3896 2368 γεννήσεις,

2318 2383 2525 2437 τούτων
2558 2383 2652 2437 καὶ
2677 2383 2771 2437 δύο
2799 2383 2951 2456 υἱοί.]
2993 2385 3367 2457 Ἰσχνομυθίας
3387 2404 3451 2456 γε
3484 2387 3591 2459 μὴν
3616 2389 3713 2458 τῆς
3743 2388 3798 2441 ἐν
3827 2406 3896 2456 γε

2320 2474 2534 2539 τούτοις
2562 2475 2825 2545 ἀφέμενοι
2851 2518 2866 2543 ,
2896 2477 3033 2541 τέως
3067 2478 3203 2549 πρὸς
3234 2478 3325 2532 τὸν
3356 2478 3449 2532 τοῦ
3499 2479 3661 2547 λόγου
3690 2480 3898 2533 σκοπὸν

2321 2565 2387 2618 τά
2414 2564 2473 2628 ἐξ
2501 2563 2765 2635 ἀκριϐοῦς
2790 2566 3038 2637 ἐρεύνης,
3070 2568 3202 2639 φέρε
3222 2568 3307 2638 δὴ,
3333 2569 3489 2640 φέρε,
3524 2568 3895 2640 συλλέγωμεν.

2321 2653 2531 2709 Οὐκοῦν
2573 2655 2951 2725 ἀπαράδεκτον
3002 2657 3127 2729 [ἵσ.
3163 2658 3213 2711 εί
3247 2658 3344 2712 δύο
3390 2655 3532 2715 εἷναι
3577 2663 3895 2732 γεννήσεις,

2318 2746 2722 2819 ἀπαράδεκτον]
2754 2748 3076 2820 ἐποιήσατο,
3117 2751 3314 2821 χρῆναι
3337 2751 3394 2805 δέ
3427 2769 3560 2823 φησι
3602 2754 3734 2824 μίαν
3759 2756 3897 2821 ὁμο-

2319 2837 2593 2906 λογεῖσθαι
2618 2839 2753 2909 πρὸς
2784 2839 2939 2910 ήμῶν
2960 2879 2974 2903 ,
3008 2842 3094 2896 ἵνα
3125 2842 3200 2914 μὴ
3232 2842 3326 2896 δύο
3358 2844 3567 2914 νοῶμεν
3606 2844 3754 2909 υίούς
3774 2861 3786 2874 ·
3817 2845 3898 2908 ὡς

2320 2931 2378 2983 ὃν
2409 2931 2720 2998 ἐπάναγκες
2740 2971 2755 2996 ,
2784 2934 2832 2984 εί
2862 2932 2954 2985 δύο
2980 2934 3194 2997 πάντως
3225 2936 3281 2988 ai
3310 2936 3596 3002 ἀποτέξεις
3634 2934 3764 3000 εἷεν,
3800 2937 3900 2989 δύο

2322 3021 2416 3074 καὶ
2442 3021 2591 3084 υίούς
2633 3022 3014 3093 εἰσφέρεσθαιθ
3050 3025 3347 3079 διδασκέτω
3392 3028 3698 3098 παρελθὼν,
3733 3030 3897 3082 ποίαν

2322 3112 2431 3184 ἄρα
2456 3112 2565 3166 τῶν
2596 3115 2903 3184 γεννήσεων
2928 3114 3316 3189 παραδέξεται,
3347 3116 3446 3188 τὴν
3472 3117 3799 3188 προαιώνιόν
3833 3134 3898 3172 τι

2320 3206 2415 3258 καὶ
2464 3205 2528 3257 ἐκ
2578 3205 2816 3276 Πατρὸς,
2859 3206 2983 3261 καθ’
3010 3207 3078 3278 ἣν
3124 3205 3281 3260 οῦπω
3308 3208 3727 3279 σεσαρκωμένος
3762 3208 3900 3273 Θεὸς

642 3305 821 3359 iamne
865 3317 931 3356 ex
979 3299 1139 3354 Patre
1189 3306 1315 3350 ante
1355 3294 1574 3358 saecula,
1623 3309 1721 3362 per
1764 3308 1928 3362 quam
1974 3293 2212 3347 nondum

2319 3292 2384 3369 ἦν
2412 3299 2439 3350 6
2471 3296 2662 3365 Λόγος,
2694 3298 2863 3367 ήγουν
2892 3301 3121 3368 ταυτηνὶ
3165 3299 3265 3369 τὴν
3320 3299 3657 3369 πρόσφατον,
3695 3300 3791 3354 καὶ
3830 3302 3900 3353 ἐκ

642 3398 952 3452 incarnatus
1007 3392 1145 3445 Deus
1170 3395 1287 3441 erat
1328 3385 1581 3446 Ver-hum,
1611 3398 1677 3437 an
1706 3398 1833 3437 vero
1859 3384 1998 3437 hanc
2036 3398 2217 3439 recen-

632 3500 749 3544 tem
775 3493 831 3542 et
860 3500 927 3541 ex
961 3478 1221 3537 muliere?
1250 3477 1382 3532 Nam
1422 3477 1466 3531 si
1500 3476 1645 3530 illam
1674 3476 1817 3530 dicet
1846 3476 2037 3540 solam,
2067 3475 2209 3527 illam

639 3582 766 3636 dico
808 3587 935 3633 ante
981 3573 1177 3630 saecula
1220 3579 1276 3624 et
1314 3584 1376 3623 ex
1426 3565 1609 3633 Patre,
1661 3566 1752 3620 ille
1790 3565 1895 3618 erit
1943 3565 2127 3633 utique
2165 3571 2218 3617 et

644 3670 861 3741 quidem
898 3665 1043 3721 solus
1076 3661 1268 3724 Filius,
1306 3658 1396 3727 qui
1428 3672 1495 3710 ex
1530 3671 1597 3711 eo
1627 3659 1924 3711 secundum
1968 3663 2213 3709 naturam

643 3770 726 3815 est
760 3766 932 3818 ortus,
966 3761 1255 3819 antequam
1297 3744 1443 3800 carni
1477 3753 1531 3798 et
1572 3742 1814 3812 sanguini
1846 3742 2215 3796 communica-

646 3857 730 3905 ret
753 3848 796 3878 "
828 3864 841 3900 :
875 3854 1078 3899 temere
1110 3850 1287 3892 autem
1309 3851 1371 3889 ac
1399 3833 1596 3887 frustra
1621 3832 1936 3902 mysterium
1968 3831 2215 3885 incarna-

646 3939 808 3995 tionis
829 3936 1119 3997 asseritur;
1143 3930 1285 3983 nullo
1303 3929 1443 3983 enim
1464 3926 1622 3980 modo
1645 3924 1880 3993 seipsum
1900 3922 2214 3987 exinanivit,

644 4044 821 4100 neque
854 4027 1019 4082 subiit
1048 4022 1187 4078 servi
1224 4020 1451 4073 fortnam
1480 4018 1546 4083 εο,
1580 4016 1673 4072 sed
1701 4015 1782 4070 sic
1809 4014 2129 4084 permansit,
2165 4024 2219 4067 et

643 4134 827 4176 veram
877 4116 1059 4173 carnis
1115 4109 1506 4181 injunctiouem
1541 4108 1819 4175 hucusque
1858 4102 2075 4173 refugit.
2116 4102 2211 4158 Sin

647 4228 779 4269 vero
827 4209 921 4279 qui
970 4204 1231 4261 extremis
1276 4199 1607 4269 temporibus
1650 4211 1717 4251 ex
1774 4195 2011 4262 muliere
2059 4204 2216 4247 natus

641 4313 745 4369 est,
788 4305 834 4359 is
860 4301 1045 4367 utique
1080 4297 1289 4350 dicetur
1326 4303 1380 4347 et
1416 4291 1630 4359 quidem
1661 4288 1809 4343 solus
1840 4285 2031 4351 Filius,
2057 4293 2218 4355 atque

642 4398 805 4451 etiam
843 4392 1012 4448 solam
1051 4393 1191 4443 hanc
1222 4402 1287 4440 ex
1326 4385 1550 4438 muliere
1585 4380 1989 4448 generationem
2022 4378 2218 4431 admit-

646 4500 859 4543 temus:
892 4498 1021 4554 ergo
1059 4478 1365 4535 necessario
1397 4474 1630 4545 perdidit
1665 4473 1791 4527 illud
1815 4486 1880 4526 ex
1920 4470 2029 4525 Deo
2055 4469 2217 4523 Patre

643 4579 879 4635 Verbum
910 4590 977 4630 ne
1009 4575 1080 4630 sit
1111 4572 1408 4627 secundum
1439 4577 1683 4621 naturam
1722 4563 1908 4618 Filius.
1944 4563 2050 4617 Sed
2074 4562 2218 4615 videt

2316 3386 2609 3454 γυναικός;
2641 3386 2703 3438 Ei
2735 3385 2831 3454 μὲν
2865 3380 2958 3437 οῦν
2987 3387 3204 3455 ἐκείνην
3248 3388 3398 3457 ἐρεῖ,
3433 3389 3527 3442 καὶ
3573 3391 3761 3463 μόνην,
3795 3392 3901 3464 τὴν

2318 3475 2650 3547 προαιὼνιον
2682 3475 2825 3543 λέγω
2848 3515 2861 3539 ,
2894 3476 2990 3529 καὶ
3035 3478 3099 3529 ἐκ
3140 3478 3354 3549 [ἰατρὸς
3381 3516 3395 3542 ,
3431 3480 3634 3544 ἐκεῖνος
3672 3483 3740 3535 ἂν
3784 3484 3898 3556 εἴη,

2318 3569 2414 3621 καὶ
2449 3567 2608 3638 μόνος
2650 3566 2801 3633 Υίὸς,
2835 3568 2863 3619 6
2895 3566 2954 3633 ἐξ
2982 3566 3146 3620 αὐτοῦ
3194 3568 3337 3621 κατὰ
3376 3569 3556 3639 φύσιν,
3585 3570 3738 3626 οῦπω
3766 3590 3903 3645 capo

2317 3659 2433 3725 κὸς,
2497 3660 2592 3713 xa‘t
2626 3660 2857 3729 αἵματος
2900 3660 3349 3731 κεκοινωνηκὼς·
3385 3661 3509 3732 είκῆ
3550 3662 3629 3729 δὲ,
3673 3665 3769 3717 καὶ
3818 3666 3903 3729 ὡς

2319 3751 2461 3804 ἔοικε
2497 3751 2515 3823 [
2541 3752 2626 3806 la.
2657 3751 2813 3822 ἔτυχε
2836 3750 2856 3823 ]
2879 3792 2893 3817 ,
2940 3752 3002 3805 τὸ
3029 3752 3129 3821 τῆς
3163 3751 3630 3824 ἐνανθρωπήσεως
3654 3754 3901 3810 λαλεῖται

2322 3846 2653 3911 μυστήριον·
2690 3842 2785 3893 καὶ
2826 3840 3101 3893 κεκένωκε
3156 3840 3255 3911 μὲν
3303 3841 3497 3895 ἑαυτὸν
3540 3844 3657 3894 κατ’
3706 3842 3901 3896 οὐδένα

2318 3934 2549 4005 τρόπον·
2593 3932 2717 3986 οὐτε
2766 3933 2872 4003 μὴν
2901 3934 2959 3985 ἐν
2996 3936 3063 4002 τῇ
3091 3933 3185 3986 τοῦ
3219 3933 3403 3986 δούλου
3451 3935 3639 4002 γέγονε
3671 3938 3857 4007 μορφῇ
3882 3951 3899 3965 ·

2322 4025 2598 4095 μεμένηκε
2631 4025 2686 4077 δὲ
2715 4024 2875 4089 οῦτω,
2909 4024 3009 4095 τὴν
3050 4023 3186 4094 πρὸς
3230 4024 3407 4094 σάρκα
3449 4025 3664 4078 σύνοδον
3715 4026 3901 4097 ἀληθῆ

2319 4119 2411 4169 καὶ
2446 4118 2525 4180 εἰς
2550 4116 2711 4187 δεῦρο
2739 4116 3197 4187 παραιτούμενος.
3242 4114 3383 4167 Ἀλλ’
3413 4116 3440 4167 6
3472 4115 3582 4187 [ἵσ.
3613 4118 3729 4170 ἀλλ’
3760 4120 3808 4172 εί
3841 4118 3899 4191 6]

2320 4210 2377 4261 ἐν
2409 4209 2659 4277 ἐσχάτοις
2689 4212 2901 4279 καιροῖς
2936 4209 3002 4260 ἐκ
3033 4206 3310 4275 γυναικὸς,
3345 4208 3507 4271 αὐτὸς
3549 4210 3617 4262 ἂν
3661 4209 3898 4278 λέγοιτο.

2320 4301 2414 4352 καὶ
2460 4300 2625 4370 μόνος
2669 4300 2828 4362 Υίός·
2860 4299 2955 4353 καὶ
3005 4299 3069 4372 δὴ
3108 4300 3203 4353 καὶ
3255 4300 3385 4370 μίαν
3431 4300 3659 4371 ταυτηνὶ
3692 4302 3790 4373 τὴν
3832 4304 3900 4355 ἐκ

2320 4393 2578 4461 γυναικὸς
2609 4392 3031 4463 παραδεξόμεθα
3066 4394 3351 4463 γέννησιν,
3385 4391 3693 4446 ἀπώλισθεν
3727 4393 3902 4459 ἀναγ-

2319 4484 2489 4546 καίως
2518 4482 2612 4535 τοῦ
2650 4480 2787 4535 εἶναι
2819 4483 2962 4535 κατὰ
3006 4483 3168 4551 φύσιν
3214 4483 3340 4545 Υἱὸς
3366 4484 3393 4535 6
3422 4483 3485 4534 ἐκ
3517 4481 3652 4534 Θεοῦ
3681 4483 3905 4554 Πατρδς

2276 4622 2292 4665 )
2323 4576 2514 4658 ᾼόγος.
2559 4573 2698 4625 Ἀλλ’
2724 4574 2824 4645 ὅρα
2854 4572 2980 4645 [ῖσ.
3030 4573 3169 4646 δρᾷ]
3213 4591 3315 4627 που
3346 4573 3563 4637 πάντως
3589 4576 3616 4626 6
3642 4572 3904 4643 θεοφιλὴς

645 4685 867 4742 prorsus
910 4670 992 4719 vir
1034 4664 1127 4719 Dei
1180 4673 1392 4716 amator
1434 4673 1595 4728 quam
1652 4656 1762 4711 sint
1808 4655 1890 4709 ha:
1931 4654 2215 4708 sententia:

2319 4654 2417 4736 τὴν
2448 4664 2554 4717 τῶν
2583 4664 2800 4718 ἐννοιῶν
2828 4666 3077 4732 ἀτοπίαν,
3124 4667 3219 4719 καὶ
3271 4666 3330 4719 τὸ
3381 4665 3498 4718 λίαν
3532 4665 3906 4727 ἀπονενευκὸς

646 4763 912 4825 absurda,
938 4768 991 4812 et
1020 4766 1349 4826 quanmpere
1376 4751 1482 4818 22
1508 4749 1575 4802 ad
1604 4748 1938 4817 impietatem
1967 4753 2213 4813 vergant.

651 4854 719 4910 Ut
750 4866 877 4921 ergo
919 4850 1004 4903 via
1049 4845 1193 4914 regia
1232 4842 1564 4913 gradiantur,
1614 4841 1746 4893 duas
1779 4839 2012 4891 dicimus
2048 4835 2217 4889 fuisse

2322 4757 2401 4818 είς
2443 4755 2721 4808 ἀσέϐειαν.
2752 4756 2870 4809 Ἵνα
2899 4758 3077 4809 τοίνυν
3102 4758 3217 4811 ὁδὸν
3245 4756 3537 4828 ἐρχὼμεθα
3564 4757 3661 4827 τὴν
3693 4756 3907 4825 βασιλι-

2320 4845 2444 4916 κὴν,
2475 4846 2567 4899 δύο
2598 4846 2777 4916 φαμὲν
2814 4847 3064 4915 γενέσθαι
3097 4848 3192 4911 τὰς
3244 4848 3545 4913 ἀποτέξεις,
3590 4847 3687 4899 ἕνα
3718 4846 3773 4899 δὲ
3806 4846 3906 4899 τὸν

648 4946 977 5006 nativitates,
1030 4940 1125 4993 sed
1162 4950 1325 4990 unum
1364 4933 1418 4986 in
1450 4941 1680 5000 utraque
1729 4928 1944 4991 Filium,
1991 4942 2113 4980 cum
2160 4928 2211 4978 in

2319 4938 2383 4989 δι’
2414 4939 2613 5007 ἀμφοῖν
2642 4939 2767 4991 Υίόν
2792 4957 2804 4969 ·
2841 4938 2995 4991 οῦτιω
3024 4940 3124 5010 μὲν
3157 4942 3214 4992 ἐν
3246 4941 3409 5010 σαρκὶ
3440 4940 3697 5009 γεγονότα
3718 4940 3810 4993 τὸν
3834 4941 3907 4993 ἐκ

647 5050 809 5092 carne
832 5033 1067 5087 nondum
1098 5037 1264 5091 esset,
1300 5024 1528 5079 Verbum
1556 5039 1620 5078 ex
1654 5021 1784 5085 Deo,
1817 5022 2063 5075 eumdem
2090 5032 2217 5070 vero

649 5138 835 5197 postea
873 5126 1037 5179 etiam
1077 5121 1439 5183 incarnatum,
1476 5128 1529 5171 et
1554 5117 1641 5185 qui
1677 5124 1895 5185 pr0pter
1922 5128 2018 5166 nos
2053 5126 2219 5179 gene—

651 5220 911 5273 rationem
953 5215 1247 5269 secundum
1304 5223 1526 5264 carnem
1577 5223 1644 5263 ex
1696 5206 1919 5259 muliere
1968 5202 2216 5257 subierit.

650 5310 780 5363 Nam
819 5308 866 5363 si
897 5306 1123 5360 dixisset
1154 5305 1206 5357 in
1252 5302 1559 5357 hominibus
1594 5308 1850 5369 oportere
1879 5310 2126 5367 prorsus,
2172 5294 2219 5347 si

650 5403 782 5453 duas
814 5396 1189 5467 generationes
1227 5392 1493 5459 dicamus,
1548 5392 1680 5444 duos
1713 5404 1831 5443 esse
1878 5388 2033 5451 ﬁlios,
2073 5394 2218 5439 recte

646 5507 709 5546 ac
759 5503 883 5544 vere
932 5487 1320 5541 dixissetzsed
1370 5486 1493 5553 quia
1542 5482 1742 5537 Christi
1792 5480 2107 5551 mysterium
2166 5488 2218 5530 et

648 5579 1035 5637 incarnationis
1087 5577 1221 5631 ratio
1252 5576 1412 5630 aliam
1454 5576 1591 5628 viam
1646 5584 1810 5641 tenet,
1847 5582 1899 5628 et
1952 5573 2005 5627 in
2055 5572 2216 5625 rebus

732 5764 777 5793 ⁸⁸
800 5760 961 5815 Hebr.
1001 5776 1072 5824 νι,
1106 5758 1186 5812 19.
1269 5760 1312 5789 ⁸³
1338 5757 1496 5812 Hebr.
1534 5771 1591 5819 ll,
1637 5756 1715 5809 Ut.
1793 5753 2090 5822 “Philipp.
2122 5767 2179 5815 ll,
2206 5750 2257 5803 6.

2323 5029 2457 5081 Θεοῦ
2492 5030 2690 5097 Λόγον·
2726 5031 2817 5083 τὸν
2846 5031 3007 5083 αὐτὸν
3037 5032 3089 5083 δὲ
3134 5031 3273 5101 μετὰ
3306 5032 3464 5085 τοῦτο
3492 5032 3587 5085 καὶ
3626 5048 3909 5101 σεσαρκω-

2330 5121 2509 5190 μένον,
2544 5121 2635 5173 καὶ
2668 5122 2733 5174 δι’
2769 5123 2925 5191 ἡμῶν
2959 5120 3067 5193 [Ion
3102 5123 3168 5174 δι’
3200 5122 3374 5193 ἡμᾶς]
3411 5122 3507 5193 τήν
3550 5124 3613 5175 ἐκ
3642 5122 3906 5191 γυναικὸς

2325 5211 2631 5265 ἀνατλάντα
2678 5213 2929 5283 γέννησιν
2979 5213 3117 5265 κατὰ
3164 5214 3361 5284 σάρκα.
3409 5214 3469 5265 Ei
3507 5214 3604 5283 μὲν
3654 5212 3765 5283 γὰρ’
3811 5214 3905 5264 ἐπ’

2326 5301 2627 5371 ἀνθρώπων
2659 5302 2863 5369 ἔφασκε
2889 5303 2949 5354 τὸ
2978 5304 3172 5373 χρῆναι
3202 5302 3265 5373 δὴ
3297 5302 3511 5366 πάντως
3537 5302 3627 5354 δύο
3663 5302 3906 5356 νοεῖσθαι

2324 5394 2448 5455 τοὺς
2494 5396 2661 5459 υἱοὺς,
2699 5395 2746 5447 εί
2790 5394 2844 5446 δὲ
2878 5393 2972 5447 δύο
3001 5393 3108 5465 [Ισ.
3146 5395 3194 5447 εί
3224 5394 3339 5467 δύο]
3380 5396 3659 5463 γεννήσεις
3702 5394 3911 5465 ὀνομά-

2326 5482 2510 5551 ζομεν,
2554 5484 2730 5555 ὀρθῶς
2767 5485 2831 5536 ἂν
2876 5482 3003 5555 ἔφη,
3043 5485 3137 5539 καὶ
3165 5480 3233 5557 ἦν
3269 5484 3494 5555 ἀληθές*
3530 5482 3802 5554 ἐπειδὴδὲ
3841 5484 3909 5536 τὸ

2326 5572 2558 5642 Χριστοῦ
2584 5574 2878 5645 μυστήριον
2923 5575 3016 5627 καὶ
3043 5572 3071 5624 6
3102 5574 3197 5645 τῆς
3226 5575 3688 5646 ἐνανθρωπήσεως
3720 5572 3908 5642 λόγος,
