4072 6346
159 411 222 462 45
1284 402 1662 458 ADVERSUS
1697 402 1725 455 Β

1834 399 2103 456 TORIUM
2146 400 2275 456 LIB.
2319 401 2359 455 ῐ.
3323 406 3388 458 ίῦ

159 527 343 598 ἑτέραν
383 525 493 594 ἔχει
523 541 621 595 την
647 523 784 589 ὁδὸν,
813 524 907 578 καὶ
936 525 1035 578 οὐκ
1074 523 1131 576 ἐν
1171 540 1235 593 γε
1271 525 1383 586 τοῖς
1416 525 1537 576 καθ’
1577 524 1723 592 ἡμᾶς

1830 520 2026 575 nostris
2050 535 2153 573 non
2185 521 2371 574 eodem
2413 520 2571 576 modo
2598 520 2947 588 conspicitur,
2984 536 3080 575 cur
3102 533 3390 577 consuetu-

161 618 450 689 ίσοτρόπως
473 618 687 688 ὁρᾶται,
708 616 761 669 τί
789 618 906 679 ταῖς
934 617 1056 670 καθ’
1082 617 1228 687 ἡμᾶς
1258 614 1565 685 συνηθείαις
1593 631 1717 666 συν-

156 710 310 779 ορῶν,
348 705 466 761 εἶτα
485 712 595 771 τοῖς
628 708 974 779 παραδόξοις,
1000 708 1093 760 καὶ
1123 704 1464 776 ύπὲρ“λόγον,
1484 705 1573 757 τὸν
1597 702 1721 756 νοῦν

158 800 347 861 ἐνιεὶς,
398 800 478 859 είς
527 798 948 868 ἀδρανεστάτην,
994 796 1087 849 καὶ
1121 794 1308 865 ἀμαθῆ
1344 794 1441 860 τὴν
1488 794 1722 861 ὀλιγοπι-

159 890 306 941 στίαν
350 891 740 958 καταφωρᾶται
781 886 999 951 πεσών;
1057 887 1122 937 Ὃ
1180 884 1236 937 δέ
1285 902 1374 953 μοι
1424 882 1723 952 θαυμάζειν

159 980 361 1031 ἔπεισιν
380 1022 393 1045 ,
425 980 600 1031 ἐκεῖνό
637 980 783 1030 ἐστιν
804 994 819 1008 ·
872 978 968 1029 ἕνα
992 977 1100 1047 γὰρ
1130 979 1187 1029 ὲν
1213 974 1419 1036 τούτοις
1448 974 1721 1042 ὁμολογῶν

162 1071 281 1122 Υἱὸν
331 1071 529 1123 εἰδέναι
562 1070 662 1141 τὴν
704 1069 1062 1137 Ἐκκλησίαν,
1093 1066 1505 1137 προστεθεικὼς,
1522 1066 1600 1129 δὲ,
1639 1067 1721 1117 ὅτι

157 1163 241 1216 τὸν
259 1163 538 1233 Δεσπότην
564 1162 816 1232 Χριστὸν,
831 1162 1015 1215 οὐκέτι
1034 1161 1332 1229 τετήρηκεν
1351 1160 1464 1211 ἕνα·
1489 1158 1721 1227 διΐστησι

156 1256 258 1327 γὰρ
290 1255 535 1326 ἀλλήλων
565 1255 633 1308 τὰ
665 1254 938 1325 ἡνωμένα,
985 1254 1081 1307 καὶ
1112 1253 1214 1306 ἀνὰ
1255 1252 1419 1322 μέρος
1463 1250 1721 1319 ἑκάτερον

154 1349 386 1419 τίθησιν,
417 1347 475 1398 ού
503 1346 553 1398 τί
590 1346 686 1417 μὲν
724 1346 839 1397 ἐστι
873 1344 1012 1397 κατά
1044 1342 1202 1412 φύσιν
1235 1342 1262 1394 ὁ
1292 1342 1483 1409 Λόγος,
1518 1341 1723 1411 διερευ-

154 1438 416 1508 νώμενος,
448 1438 500 1489 τί
530 1437 585 1488 δὲ
612 1437 759 1505 καὶὴ
792 1434 957 1501 σάρξ·
992 1432 1275 1502 ἄνθρωπον
1304 1431 1359 1483 δὲ
1384 1430 1605 1499 μᾶλλον,
1628 1430 1721 1481 καὶ

154 1529 305 1592 Θεὸν,
346 1528 421 1590 ὡς
456 1529 510 1579 ὲν
543 1527 745 1595 ίσότητι
795 1525 932 1594 μόνῃ
975 1524 1073 1593 τῆς
1104 1522 1276 1590 δόξης,
1311 1521 1555 1590 καθάπερ
1592 1518 1721 1587 γοῦν

154 1619 341 1681 οἴεται,
377 1617 646 1682 συλλέγων
682 1618 760 1677 εἰς
789 1614 865 1676 ἓν,
896 1614 1031 1682 ὅπερ
1066 1614 1180 1665 ἐστὶ
1205 1611 1481 1673 παντελῶς
1506 1612 1722 1680 ἀμήχα-

153 1728 241 1763 νον
294 1702 596 1781 [ἀπίθανον
624 1706 640 1777 j
667 1748 680 1771 ,
714 1706 912 1773 μᾶλλον
945 1705 1001 1758 δὲ
1032 1704 1125 1757 καὶ
1157 1702 1465 1769 ἀνέφικτον,
1510 1702 1603 1752 καὶ
1632 1701 1721 1752 τὸν

154 1799 244 1853 τοῦ
293 1798 592 1869 μυστηρίου
636 1798 790 1865 λόγον
842 1794 1124 1849 κατασείει
1184 1794 1317 1863 πρὸς
1367 1792 1425 1844 τὸ
1469 1791 1719 1855 ἀκαλλές.

157 1894 301 1961 Ἔφη
336 1892 393 1944 δὲ
427 1890 599 1952 οὓτως
621 1906 635 1919 ·

186 2032 189 2035 .
224 1986 341 2057 [Δεῖ
372 1984 428 2036 δὲ
472 1984 641 2053 ἡμᾶς,
692 1980 786 2034 νῦν
821 1979 927 2050 γὰρ
954 1974 1114 2049 ἦλθον
1145 1979 1223 2040 είς
1254 1978 1481 2041 ἔννοιαν,
1513 1976 1603 2028 καὶ
1630 1976 1727 2044 τὴν

156 2075 296 2127 κατά
350 2074 587 2126 Νίκαιαν
641 2069 856 2123 σύνοδον
908 2069 1121 2137 μαθεῖν,
1158 2065 1391 2135 οὐδαμοῦ
1444 2064 1729 2134 τολμῶσαν

154 2167 350 2231 εἰπεῖν,
381 2166 464 2217 ὅτι
507 2166 533 2215 ό
584 2161 716 2224 Θεὸς
756 2158 1017 2229 ἐγεννήθη
1065 2160 1129 2210 ὲκ
1169 2158 1414 2228 Μαρίας·
1461 2156 1561 2225 ἔφη
1597 2154 1727 2223 γὰρ,

151 2257 235 2309 ὅτι
292 2251 628 2322 Πιστεύομεν
652 2253 731 2315 εἰς
754 2253 850 2303 ἕνα
872 2248 1002 2302 Θεὸν
1032 2249 1250 2319 Πατέρα
1279 2247 1691 2315 παντοκράτορα
1710 2261 1725 2275 ·

152 2347 250 2400 καὶ
274 2346 356 2408 είς
384 2345 480 2398 ἕνα
510 2344 715 2413 Κύριον
757 2342 962 2411 Ἰησοῦν
991 2340 1245 2409 Χριστόν.
1290 2339 1609 2409 Προσέχετε,
1648 2336 1729 2388 ὅτι

152 2441 425 2513 πρότερον
452 2438 756 2499 τεθεικότες
778 2436 861 2499 τὸ,
887 2434 1141 2505 Χριστὸς,
1162 2434 1190 2485 ὅ
1222 2434 1339 2485 ἐστι
1374 2433 1597 2501 μήνυμα
1620 2430 1728 2482 τῶν

158 2533 253 2585 δύο
290 2532 527 2601 φύσεων,
572 2530 670 2582 οὐκ
706 2525 888 2586 εἶπαν,
927 2527 1019 2589 Εἰς
1051 2526 1148 2578 ἕνα.
1196 2524 1326 2578 Θεὸν
1368 2524 1567 2589 Λόγον·
1615 2520 1727 2573 ἀλλ’

153 2624 352 2677 ἔλαϐον
378 2623 439 2675 τὸ
467 2621 638 2691 ὄνομα
681 2619 741 2671 τὸ
780 2620 1042 2687 σημαῖνον
1089 2616 1371 2685 ἀμφότερα
1394 2654 1407 2677 ,
1465 2615 1552 2665 ἵνα
1570 2633 1582 2645 ·
1602 2614 1729 2665 ὅταν

154 2712 609 2766 ὑποκαταϐαίνων
643 2708 881 2780 ἀκούσῃς
929 2708 1184 2771 θάνατον,
1231 2706 1304 2777 μὴ
1354 2704 1566 2773 ξενίζῃ·
1621 2704 1728 2766 ἵνα,

149 2804 246 2857 τὸν
304 2801 711 2873 σταυρωθέντα,
767 2803 861 2854 καὶ
906 2800 1178 2868 ταφέντα,
1241 2797 1316 2867 μὴ
1370 2796 1577 2867 πλήττῃ
1631 2794 1730 2863 τὴν

152 2895 351 2966 ἀκοὴν,
383 2895 459 2957 ὡς
484 2894 736 2961 θεότητος
763 2891 937 2945 ταῦτα
968 2889 1264 2958 παθούσης.
1290 2885 1309 2958 ]
1356 2881 1487 2939 Εἶτα
1523 2885 1731 2946 τούτοις

150 2987 441 3055 ἐπιφέρει·
482 2983 842 3055 [Πιστεύομεν
881 2984 959 3044 εἰς
998 2982 1093 3033 ἕνα
1120 2980 1323 3049 Κύριον
1364 2975 1569 3047 Ἰησοῦν
1596 2977 1729 3044 Χρι-

153 3076 319 3141 στὸν,
372 3074 465 3127 τὸν
511 3075 636 3125 Υἱὸν
685 3073 774 3126 τὸν
819 3073 1099 3143 μονογενῆ,
1144 3071 1234 3122 τὸν
1286 3071 1349 3121 ὲκ
1388 3070 1480 3122 τοῦ
1522 3067 1732 3137 Πατρὸς

150 3166 528 3235 γεννηθέντα·
578 3162 668 3215 τὸν
718 3161 1002 3231 ὁμοούσιον
1052 3159 1129 3230 τῷ
1180 3159 1389 3228 Πατρί·
1454 3158 1544 3210 τὸν
1598 3173 1729 3209 κατ-

1829 613 1953 667 dine
1984 627 2103 682 quae
2142 614 2280 681 apud
2320 628 2418 668 nos
2467 613 2608 684 viget
2642 614 2901 683 inspecta,
2935 614 3126 668 deinde
3154 616 3391 668 animum

1830 706 1895 757 ad
1937 718 2023 757 res
2068 702 2418 758 admirabiles
2455 713 2509 758 et
2543 719 2662 772 qua:
2701 705 2963 758 rationem
2998 714 3254 774 superant
3302 707 3394 758 ad-

1823 792 2041 860 jiciens,
2071 793 2138 846 ad
2184 791 2504 846 imbecillam
2540 802 2595 847 et
2628 792 2841 848 stultam
2876 793 3245 849 inﬁdelitatem
3277 810 3391 847 ma-

1829 881 2024 937 nifeste
2058 882 2288 936 labitur?
2313 882 2463 948 Quod
2499 894 2675 938 autem
2722 885 2849 937 mihi
2890 886 2941 936 in
2975 894 3212 938 mentem
3249 887 3394 939 venit

1830 973 2108 1037 admirari,
2144 973 2273 1027 illud
2306 984 2409 1027 est.
2439 973 2572 1027 Cum
2606 975 2745 1028 enim
2779 974 2833 1027 in
2870 974 2955 1030 his
2985 975 3163 1030 verbis
3189 976 3394 1030 confes-

1829 1078 1923 1117 sus
1963 1072 2127 1128 esset,
2167 1064 2457 1118 Ecclesiam
2505 1080 2669 1117 unum
2720 1064 2917 1118 Filium
2971 1080 3284 1135 agnoscere,
3331 1082 3394 1118 ae

1828 1155 2214 1222 subjunxisset,
2256 1156 2509 1209 nimirum
2538 1156 2711 1225 ipsum
2745 1157 2892 1210 illum
2922 1157 3207 1213 Dominum
3236 1159 3396 1213 Chri-

1829 1256 1990 1309 stum,
2025 1260 2288 1315 nusquam
2322 1257 2505 1315 postea
2542 1248 2767 1301 retinuit
2796 1264 2984 1312 unum,
3016 1251 3109 1305 sed
3138 1252 3283 1319 ipsas
3308 1266 3395 1305 res

1830 1338 2006 1392 unitas
2058 1339 2337 1408 distinguit
2383 1339 2520 1392 inter
2576 1352 2665 1402 se,
2717 1353 2781 1393 ac
2828 1341 3053 1394 seorsim
3114 1350 3396 1410 utramque

1828 1431 2016 1498 ponit;
2056 1443 2162 1483 non
2207 1428 2334 1498 quid
2383 1427 2615 1483 Verbum
2654 1428 2726 1483 sit
2782 1435 3073 1484 secundum
3122 1441 3393 1492 naturam,

1829 1520 1955 1589 quid
1993 1520 2118 1573 item
2161 1534 2287 1573 caro
2321 1519 2643 1586 disquirens,
2680 1521 2771 1575 sed
2821 1520 3093 1576 hominem
3128 1533 3181 1575 et
3224 1520 3393 1575 Deum

1832 1620 2085 1678 tanquam
2130 1609 2263 1675 sola,
2308 1618 2367 1662 ut
2407 1610 2518 1679 ipse
2560 1619 2732 1677 putat,
2777 1611 3085 1679 aequalitate
3124 1611 3305 1679 gloriae
3341 1612 3392 1665 in

1829 1718 1993 1758 unum
2024 1703 2280 1772 colligens
2308 1720 2319 1754 :
2354 1702 2494 1769 quod
2523 1716 2694 1770 neque
2719 1702 2979 1755 credibile
3009 1710 3088 1755 est
3117 1702 3393 1769 cuiquam,

1830 1807 2004 1862 neque
2046 1792 2158 1847 ﬁeri
2190 1802 2365 1862 potest
2400 1812 2410 1845 :
2442 1795 2683 1860 tantique
2712 1792 2965 1861 mysterii
3013 1793 3278 1847 rationem
3322 1795 3389 1846 ad

1759 1890 1800 1944 Β
1828 1878 2215 1933 absurditatem
2242 1879 2511 1934 deturbat.
2545 1878 2634 1932 Sic
2665 1894 2898 1947 namque
2932 1880 3067 1932 dixit
3094 1895 3112 1937 :

1902 1967 2161 2038 [Νεετοιι.
2206 1968 2315 2023 Nos
2368 1978 2547 2023 autem
2596 1979 2841 2038 oportet,
2882 1972 3025 2039 quod
3072 1986 3212 2025 nunc
3263 1973 3394 2027 mihi

1828 2058 1976 2111 venit
2010 2059 2062 2113 in
2101 2071 2333 2113 mentem
2359 2097 2375 2121 ,
2419 2059 2703 2114 advertere
2746 2062 2907 2115 etiam
2949 2062 3221 2117 Nicawnam
3269 2081 3396 2135 syno

1828 2150 1987 2203 odum
2016 2165 2276 2219 nusquam
2304 2151 2485 2204 dicere
2507 2166 2716 2216 ansam,
2742 2151 2908 2207 Deum
2936 2169 3001 2209 ex
3036 2155 3204 2210 Maria
3245 2162 3395 2228 geni-

1832 2251 1940 2293 tum
1976 2257 1990 2293 :
2022 2241 2099 2293 ait
2135 2240 2279 2295 enim
2313 2240 2633 2296 :Credimus
2664 2242 2718 2296 in
2767 2259 2929 2296 unum
2969 2245 3133 2299 Deum
3178 2248 3392 2302 Patrem

1829 2329 2273 2398 omnipotentem,
2304 2339 2356 2384 et
2404 2329 2457 2383 in
2505 2346 2668 2384 unum
2699 2332 2979 2386 Dominum
3013 2333 3195 2390 Jesum
3228 2336 3392 2392 Chri-

1834 2431 1998 2475 stum.
2024 2421 2319 2485 Attendite,
2345 2421 2486 2491 quod
2511 2438 2631 2475 cum
2664 2423 2812 2491 prius
2843 2425 3146 2493 posuissent
3173 2442 3390 2492 nomen,

1830 2512 2092 2576 Christus,
2123 2515 2263 2581 quod
2291 2514 2424 2566 duas
2466 2521 2685 2566 naturas
2722 2516 2944 2580 indicat,
2980 2532 3083 2571 non
3109 2518 3343 2572 dixerint
3373 2537 3389 2574 :

1832 2606 1885 2658 ιιι
1916 2619 2077 2657 unum
2110 2604 2273 2657 Deum
2307 2602 2562 2668 Verbum,
2588 2605 2678 2658 sed
2702 2607 3008 2675 acceperint
3028 2623 3221 2663 nomen
3250 2613 3392 2679 quod

1833 2698 2119 2760 utrumque
2169 2691 2534 2760 signiﬁcaret;
2603 2703 2660 2746 ut
2721 2708 2841 2747 cum
2897 2695 3117 2753 inferius
3180 2700 3393 2755 audires

1836 2792 2085 2843 mortem,
2135 2782 2270 2836 nihil
2319 2784 2608 2847 movearis,
2639 2799 2704 2839 ne
2737 2785 2825 2838 illa
2860 2787 3045 2850 verba,
3077 2789 3393 2844 cruciﬁxum

1832 2884 1881 2925 et
1912 2873 2200 2942 sepultum,
2232 2888 2389 2928 aures
2416 2874 2706 2937 offendant,
2726 2884 2977 2945 tanquam
3002 2878 3114 2933 hate
3144 2880 3211 2933 sit
3234 2896 3393 2948 passa

1830 2962 2133 3033 divinitas.]
2180 2964 2380 3018 Deinde
2420 2966 2482 3016 ad
2532 2966 2645 3019 hmc
2695 2966 2781 3018 illa
2832 2966 3146 3036 snbjungit:
3186 2970 3395 3042 [Credi-

1834 3068 1952 3107 mus
2001 3054 2051 3105 in
2107 3068 2268 3107 unum
2313 3052 2596 3109 Dominum
2644 3056 2823 3111 Jesum
2872 3059 3145 3113 Christum
3198 3062 3391 3116 Filium

1832 3141 2205 3211 unigeriitum,
2265 3159 2330 3197 ex
2384 3144 2543 3199 Patre
2595 3157 2815 3210 natum,
2882 3151 3391 3206 consubstantialem

150 3226 384 3310 ἐλθόντα
411 3258 475 3308 ὲκ
505 3255 614 3307 τῶν
646 3226 889 3324 ούράνῶν
932 3253 997 3305 δι’
1029 3226 1195 3321 ἡμᾶς,
1246 3226 1340 3305 καὶ
1382 3268 1444 3302 σα
1458 3249 1725 3319 ρκωθέντα

1832 3233 1973 3288 Patri
2011 3252 2022 3288 :
2053 3237 2140 3304 qui
2185 3236 2460 3290 descendit
2498 3238 2563 3290 de
2598 3240 2749 3293 caelis
2784 3251 3003 3311 propter
3051 3258 3168 3307 nos,
3207 3254 3260 3299 et
3309 3247 3393 3299 in.

148 3349 215 3401 ἐκ
251 3347 573 3417 Πνεύματος
606 3346 780 3412 ἁγίου,
808 3346 921 3396 Ούκ
955 3339 1125 3406 εἷπον,
1154 3344 1233 3395 ὅτι
1267 3342 1359 3395 καὶ
1398 3339 1730 3409 Γεννηθέντα

146 3442 211 3493 ὲκ
239 3439 566 3507 Πνεύματος
598 3436 772 3503 ἁγίου.
805 3433 1264 3502 Διερμηνεύοντας
1294 3433 1348 3484 δὲ
1377 3433 1500 3493 τοὺς
1544 3430 1732 3497 ἁγίους

148 3533 434 3601 Πατέρας,
466 3529 516 3581 τί
549 3529 612 3596 δὴ
642 3526 749 3596 ἄρα
778 3526 839 3577 τὸ
866 3523 1227 3592 Σαρκωθέντα
1256 3522 1373 3574 ἐστὶ
1395 3561 1407 3584 ,
1434 3520 1614 3589 φησιν,
1656 3520 1731 3569 εἰ-

148 3625 277 3675 πεῖν
306 3615 967 3687 τὸ’1·ἷνανθρωπήσαντα·]
988 3615 1037 3666 τί
1068 3615 1120 3665 δὲ
1138 3614 1195 3666 τὸ
1212 3612 1731 3682 Ἑνανθρωπήσαντα

147 3711 603 3780 κατασημήνειεν
659 3708 759 3772 ἂν,
809 3705 1107 3773 διατρανῶν
1164 3702 1325 3765 αὐτὸς
1378 3700 1481 3770 ἔφη
1534 3700 1727 3752 πάλιν·

146 3804 252 3876 [ού
284 3802 498 3874 τροπὴν
529 3799 627 3869 τῆς
670 3798 804 3861 ἰδίας
862 3798 1075 3865 φύσεως
1123 3793 1489 3865 ὑπομεινάσης
1518 3792 1595 3853 είς
1633 3789 1731 3859 τὴν

146 3896 360 3967 σάρκα,
397 3890 532 3945 ἀλλά
565 3891 663 3959 τὴν
698 3890 973 3958 ἐνοίκησιν
1000 3889 1099 3957 τὴν
1128 3888 1206 3950 είς
1235 3879 1568 3954 ἄνθρωπον]

763 4026 1013 4078 ΚΕΦΑΛ.
1059 4022 1135 4076 Z'.

211 4164 373 4238 Ἀρα.
404 4167 469 4219 ἃν
495 4161 779 4231 ἀνάσχοιτὸ
807 4178 889 4222 τις
922 4159 1030 4211 τῶν
1065 4155 1363 4209 τελούντων
1396 4154 1452 4205 ὲν
1474 4153 1731 4221 Χριστια-

139 4263 254 4324 νοῐς
286 4261 321 4329 ἢ
353 4259 457 4329 τῆς
482 4255 705 4325 ἐνούσης
731 4254 843 4314 τοῖς
872 4250 1049 4317 λόγοις
1076 4245 1421 4315 ἀδελτηρίας,
1454 4243 1485 4306 ἦ
1509 4243 1606 4309 τῆς
1622 4241 1729 4293 τῶν

138 4350 375 4405 ἐννοιῶν
434 4345 777 4409 δυσσεϐείαςς
824 4338 912 4414 ἆρ’
940 4341 1041 4393 οὑκ
1096 4336 1330 4409 ἐναργὴς
1379 4336 1462 4405 εἴη
1505 4335 1570 4387 ἂν
1617 4336 1728 4395 τοῖς

138 4442 368 4514 ἀληθῶς
402 4440 690 4511 ἀρτίφροσι
722 4432 1027 4505 βωμολογία
1073 4430 1249 4495 ταυτὶ,
1288 4427 1381 4481 καὶ
1409 4426 1605 4496 τρόπος
1629 4424 1729 4476 οὐκ

1832 3338 2087 3381 carnatus
2112 3337 2193 3381 est
2218 3330 2279 3381 de
2311 3329 2512 3397 Spiritu
2542 3342 2749 3385 saneto.
2787 3331 2897 3388 Non
2929 3336 3179 3389 dixerunt
3240 3337 3395 3403 item,

1833 3414 2027 3471 Natum
2064 3417 2131 3470 de
2180 3417 2384 3484 Spiritu
2432 3429 2638 3474 sancto.
2676 3421 2840 3476 Porro
2887 3436 3104 3480 sanctos
3140 3427 3256 3483 illos
3288 3428 3394 3482 Pa-

1836 3516 1965 3570 tres,
2002 3508 2199 3575 inquit,
2248 3518 2302 3561 ut
2335 3509 2818 3578 interpretarentur
2845 3515 3096 3581 quidnam
3141 3517 3266 3570 illud
3303 3526 3393 3583 sit,

1832 3596 2169 3662 lncarnatus,
2220 3598 2421 3651 dixisse
2468 3599 2615 3660 illud,
2666 3600 2834 3655 Homo
2870 3603 3045 3657 factus
3087 3604 3219 3677 est.]
3259 3608 3394 3673 ind

1830 3702 1960 3743 vero
1999 3688 2089 3749 sit,
2116 3687 2286 3742 Homo
2326 3690 2521 3754 factus,
2572 3706 2759 3746 rursus
2810 3694 2922 3762 ipse
2957 3696 3237 3752 declarans
3277 3702 3393 3754 ait:

1835 3778 1964 3850 [Sua
1999 3780 2103 3849 23
2158 3780 2324 3847 ipsius
2369 3792 2559 3835 natura
2605 3798 2705 3837 non
2758 3784 2808 3835 in
2859 3800 3021 3839 carne
3061 3800 3395 3857 remanente,

1831 3870 1927 3924 sed
1959 3870 2400 3925 inhabitationem
2439 3870 2669 3925 hominis
2698 3872 3008 3945 subeunte.]

2454 4004 2605 4060 CAP.
2650 4004 2761 4059 Vll.

1900 4138 1983 4192 An
2014 4152 2143 4192 vero
2171 4138 2452 4207 quisquam
2493 4136 2583 4206 qui
2637 4137 2777 4191 inter
2825 4137 3165 4195 Christianos
3206 4154 3396 4196 cense-

1835 4235 1939 4295 tur,
1973 4242 2126 4295 azquo
2154 4227 2332 4280 animo
2365 4226 2502 4279 lerat
2542 4225 2625 4279 vel
2668 4226 2922 4295 ineptiam
2963 4229 3273 4295 verborum,
3315 4231 3395 4283 vel

1832 4322 2217 4375 sententiarum
2255 4318 2619 4387 impietatem?
2651 4317 2839 4372 Nonne
2892 4320 3005 4374 haec
3044 4322 3202 4375 verba
3253 4326 3394 4392 apud

1831 4413 2080 4467 cordatos
2129 4424 2259 4465 sane
2319 4411 2567 4465 homines
2620 4420 2870 4481 tanquam
2933 4413 3234 4467 scurrilitas
3300 4416 3396 4467 ha-

136 4502 389 4605 ἀγεννὴς
423 4502 519 4601 τῆς
541 4502 682 4583 κατὰ
703 4502 937 4599 Πρίστοῦ
967 4522 1372 4592 γλωσσαλγίας;
1403 4518 1725 4585 συκοφαντεί

1834 4505 2002 4559 benda
2021 4514 2166 4569 sunt,
2185 4518 2248 4556 ac
2281 4502 2667 4556 maledicentia:
2688 4503 2737 4555 in
2757 4503 3029 4557 Christum
3056 4520 3221 4573 genus
3252 4505 3393 4559 haud

135 4627 250 4696 γὰρ
279 4625 387 4692 τὴν
423 4619 706 4689 ἀλήθειαν·
740 4617 841 4668 οὐκ
872 4610 1010 4667 εἷναί
1043 4628 1207 4681 φησιν
1238 4610 1361 4661 Υίὸν
1396 4606 1608 4696 ἀληθῶς
1630 4606 1728 4696 αύ-

133 4695 249 4777 τὸν,
282 4710 472 4781 ἑτέρῳ
494 4706 648 4760 τοῦτο
679 4702 1017 4773 προσνέμων.
1048 4698 1373 4773 [Προσέχετε
1400 4695 1726 4765 γάρ,φησὶν,

1833 4596 2113 4651 intimum?
2164 4594 2541 4647 Calumniatur
2589 4595 2731 4646 enim
2774 4594 3053 4647 veritatem
3085 4613 3097 4648 :
3132 4610 3235 4650 non
3271 4609 3394 4650 esse

1832 4689 2004 4758 ipsum
2044 4688 2219 4754 inquit
2264 4699 2389 4738 vere
2430 4683 2644 4746 Filium,
2695 4699 2815 4736 cum
2863 4684 2965 4736 hoc
2998 4699 3189 4737 nomen
3239 4683 3393 4739 alteri

134 4773 542 4871 ὅτινπρότεῖρον
580 4793 880 4853 τεθεικότες
910 4790 969 4842 τὸ
999 4787 1254 4860 Χριστὸς,
1287 4788 1315 4839 ὃ
1348 4788 1461 4838 ἐστι
1507 4785 1725 4853 μήνυμα

1834 4780 2051 4831 tribuat.
2069 4776 2383 4846 [Attendite,
2411 4773 2755 4842 ἰιιιιυίι,ψιοι1
2774 4790 2895 4826 eum
2922 4775 3068 4843 prius
3090 4776 3396 4843 posuissent.

132 4894 248 4946 τῶν
270 4890 375 4944 δύο
408 4886 646 4956 φύσεων,
667 4884 765 4936 οὐκ
794 4878 986 4935 εἶπαν·
1013 4877 1348 4948 Πιστεύομεν
1378 4878 1455 4937 είς
1481 4876 1575 4927 ἕνα
1597 4872 1729 4925 Θεὸν

134 4978 374 5051 Δόγον.]
414 4976 526 5030 Καὶ
556 4974 683 5045 περὶ
713 4973 810 5044 μὲν
841 4970 934 5023 τοῦ
961 4969 1241 5040 ὀνόματος.
1278 4968 1419 5035 φημὶ
1454 4964 1510 5017 δὲ
1544 4963 1607 5032 δὴ
1635 4961 1728 5014 τοῦ

132 5069 415 5144 Χριστὸς,
448 5066 582 5139 μετά
632 5065 802 5138 βραχὺ
851 5063 1287 5133 διερευνήσομαι,
1323 5056 1550 5126 πότερόν
1602 5071 1727 5106 ποτε

130 5166 245 5218 τῶν
280 5164 385 5217 δύο
437 5160 653 5229 φύσεων
690 5154 1018 5226 σημαντικόν
1066 5154 1235 5214 ἐστιν,
1278 5151 1310 5220 ἢ
1355 5150 1458 5219 μή·
1493 5148 1552 5199 τὸ
1585 5147 1641 5198 δὲ
1672 5149 1726 5198 ὲν

130 5258 359 5329 χερσὶν,
394 5253 476 5315 ὡς
506 5251 606 5316 ενι,
633 5247 1108 5317 διαγυμνάζωμεν.
1143 5242 1311 5296 Οἰστά
1358 5242 1453 5311 μὲν
1496 5235 1587 5292 οὖν
1620 5234 1727 5290 εἷεν

130 5352 199 5403 ἂν
230 5348 362 5402 κατ’
396 5342 592 5397 οὐδένα
622 5340 842 5411 τρόπον,
872 5338 939 5390 τά
969 5336 1140 5397 οὕτως
1164 5333 1427 5395 ἐκτόπως,
1456 5332 1550 5383 καὶ
1591 5331 1725 5397 ἀτη-

132 5437 327 5509 μελῶς
364 5430 523 5501 αὐτῷ
553 5427 1013 5499 πεφλυαρημένα·
1050 5425 1182 5495 φαίη
1210 5424 1256 5476 δ’
1292 5422 1376 5486 ἂν,
1414 5417 1584 5490 οἶμαι,
1619 5418 1723 5481 τὶς,

128 5532 264 5591 τοὺς
296 5525 455 5593 ὑπέρ
476 5539 539 5590 γε
568 5520 676 5573 τῶν
704 5520 871 5587 ἁγίων
893 5518 1148 5588 Πατέρων
1173 5513 1491 5583 ποιούμενος
1514 5510 1722 5575 λόγους·

130 5622 197 5673 Τί
234 5620 379 5689 δρᾷς
410 5613 578 5677 οὕτω,
612 5606 656 5665 ὧ
682 5613 916 5679 γενναῖε,
960 5609 1207 5677 γλῶσσαν
1237 5607 1334 5674 τὴν
1364 5605 1619 5672 ἄγροικον
1642 5601 1719 5652 ὲν-

132 5711 238 5773 ιεὶς
272 5706 549 5779 ἀνδράσιν
582 5703 774 5770 ἁγίοις,
800 5695 880 5763 οἷς
909 5700 973 5754 ἂν
1004 5700 1200 5768 πρέποι
1222 5698 1282 5749 τὸ
1304 5694 1562 5763 -λέγεσθαι
1588 5692 1729 5761 παρ’

130 5800 307 5856 αὑτοῦ
359 5797 463 5853 τοῦ
516 5796 729 5850 πάντων
780 5791 935 5863 ήμῶν
965 5792 1212 5860 Σωτῆρος
1241 5786 1510 5859 Χριστοῦ·
1566 5804 1583 5836 ι
1615 5784 1726 5853 Οὐχ

1829 4869 1930 4923 hoc
1971 4883 2184 4930 nomen,
2235 4867 2498 4929 Christus,
2549 4867 2689 4935 quod
2729 4868 2860 4918 duas
2904 4876 3125 4921 naturas
3170 4867 3393 4933 indicat,

1831 4973 1933 5012 non
1961 4957 2214 5020 dixerint,
2246 4957 2529 5009 Credimus
2549 4956 2599 5008 in
2630 4970 2791 5007 unum
2822 4955 2981 5009 Deum
3013 4954 3296 5027 Verbum]
3314 4956 3393 5010 Ac

1830 5051 1894 5104 de
1930 5050 2144 5103 nomine
2189 5050 2309 5109 hoc,
2369 5063 2558 5117 nempe
2612 5047 2832 5111 Christi,
2866 5046 3022 5116 paulo
3056 5058 3175 5117 post
3218 5050 3391 5102 disse-

1830 5158 1971 5208 ram,
2026 5151 2202 5194 utrum
2262 5142 2473 5193 tandem
2535 5141 2668 5193 duas
2714 5150 2937 5192 naturas
2977 5139 3276 5205 significet,
3324 5155 3392 5193 an

1828 5246 1983 5286 secus
2026 5233 2209 5301 :quod
2274 5232 2383 5299 jam
2436 5239 2517 5285 est
2569 5245 2676 5298 pra:
2727 5231 3017 5293 manibus,
3068 5240 3125 5283 ut
3181 5230 3394 5283 licuerit

1829 5324 2202 5378 discutiamus.
2272 5322 2435 5391 Igitur
2486 5321 2631 5376 nullo
2684 5322 2844 5375 modo
2894 5321 3109 5389 quidem
3158 5318 3393 5375 ferendae

1829 5427 1955 5475 sunt
1985 5433 2158 5488 nngm,
2195 5432 2328 5485 quas
2361 5418 2460 5470 iste
2504 5416 2635 5470 adeo
2673 5415 2904 5469 absurde
2944 5425 2997 5469 et
3036 5414 3280 5483 imperite
3313 5415 3394 5466 ef-

1829 5507 1991 5563 futit:
2037 5508 2131 5562 sed
2183 5508 2324 5560 dicet
2363 5506 2559 5573 aliquis
2602 5515 2799 5567 tamen,
2840 5515 2896 5558 ut
2942 5514 3158 5558 sanctos
3201 5502 3391 5557 Patres

1830 5598 2078 5652 defendat
2122 5596 2301 5662 :Quid
2350 5597 2497 5665 agis,
2548 5610 2580 5648 ο
2631 5596 2766 5649 bone
2809 5596 2909 5659 vir,
2958 5610 3101 5656 cum.
3130 5596 3390 5648 adversus

1833 5701 2047 5745 sanctos
2090 5690 2233 5742 viros
2283 5684 2561 5741 eﬁ'eratam
2622 5686 2855 5755 linguam
2909 5685 3149 5748 emittis,
3196 5684 3393 5753 quibus

1827 5782 1970 5851 juste
2003 5782 2069 5836 ab
2108 5780 2224 5849 ipso
2266 5778 2503 5835 omnium
2564 5786 2807 5833 nostrum
2855 5776 3132 5833 Salvatore
3177 5774 3393 5830 Christo
