4072 6346
618 441 683 493 ,ιτ
1447 431 1450 434 ί
1603 415 1658 467 S.
1702 406 1978 463 CYRILIJ
2020 397 2494 459 ALEXANDBINI
2531 393 2857 450 ARCHIEP.
3809 382 3880 435 1.8

619 559 724 611 dici
755 561 931 621 potest
962 591 974 603 .
1007 571 1024 598 ι
1060 547 1170 599 Non
1197 545 1326 596 estis
1358 554 1445 593 vos
1474 536 1563 605 qui
1603 531 1907 602 loquimini,
1939 529 2030 582 sed
2062 525 2185 593 Spi-

2316 524 2446 592 ιμεῖς
2479 522 2601 571 ὲστε
2636 519 2684 569 oi
2711 514 3024 578 λαλοῦντες,
3049 511 3182 564 ἀλλά
3211 510 3271 564 τὸ
3297 509 3518 578 Πνεῦμα
3543 507 3636 560 τοῦ
3663 501 3881 573 Πατρὸς

2382 613 2406 621 -
2526 613 2537 621 ι
2581 611 2594 621 ι
2646 610 2661 621 ι
2713 608 2737 619 η
2809 610 2820 621 .
2906 607 2916 621 ι
2976 607 2996 621 υ
3155 603 3254 621 m1,
3293 603 3304 621 ρ
3337 620 3346 621 ,
3395 601 3439 621 ,ο
3507 599 3725 621 Δ...1....η
3765 594 3881 621 -3...

620 617 766 701 ritus
792 645 967 698 Patris
999 638 1160 692 vestri
1196 636 1284 703 qui
1322 632 1559 700 loquitur
1597 631 1647 680 in
1691 623 1842 678 vobis
1862 621 1901 650 ⁶¹
1929 621 1952 673 ?
1984 637 2001 671 ι
2044 617 2185 684 Quid

618 737 761 793 enim
792 743 874 788 est
915 733 980 784 ab
1008 730 1112 782 illis
1136 733 1469 795 perceptum,
1497 717 1635 787 quod
1682 728 1789 768 non
1825 711 1907 764 vel
1953 709 2190 762 maxime

618 822 932 882 admirabili
977 819 1278 875 subtilitate
1307 811 1468 867 fuerit
1524 804 1854 876 expolitum?
1910 802 2187 871 quodnam

621 922 814 986 dogma
834 909 1195 967 necessarium
1218 898 1678 975 prmtermissum?
1711 895 1900 963 quisve
1920 889 2191 946 cautionis

624 979 815 1057 Invidus
862 995 1171 1068 neglectus?
1224 991 1363 1065 [Non
1414 989 1527 1042 ausi
1577 995 1742 1048 sunt,
1779 981 1993 1048 inquit,
2052 979 2192 1032 inter

625 1094 746 1148 fidei
784 1090 1080 1147 sententias
1115 1098 1337 1154 ponere,
1382 1082 1544 1135 Deum
1571 1076 1804 1130 Verbum
1839 1086 1957 1127 esse
1983 1086 2046 1125 ex
2084 1068 2194 1122 Ma-

626 1186 707 1238 ria
741 1178 1032 1254 genitum.]
1079 1180 1248 1245 Igitur
1289 1176 1335 1227 si
1387 1171 1486 1225 hac
1532 1171 1597 1224 de
1630 1181 1791 1221 causa
1838 1164 2070 1234 majores
2099 1176 2196 1215 no-

626 1288 771 1331 stros
825 1289 1067 1336 accusas,
1122 1279 1178 1322 et
1223 1277 1276 1322 te
1331 1279 1472 1334 :egre
1526 1261 1666 1315 ferre
1722 1259 1858 1312 dicis
1901 1257 2046 1325 quod
2086 1267 2194 1307 non

630 1368 818 1422 iisdem
842 1378 1088 1434 prorsus,
1126 1357 1324 1429 quibus
1354 1367 1430 1416 tu,
1462 1352 1679 1406 vocibus
1716 1350 1796 1402 usi
1828 1357 1971 1408 sunt,
2007 1354 2193 1408 restat,

631 1470 686 1511 ut
720 1456 878 1511 simul
910 1455 1054 1524 ipsos
1099 1463 1314 1520 quoque
1343 1454 1560 1502 sanctos
1587 1440 1857 1511 apostolos
1887 1448 1940 1491 et
1967 1448 2197 1498 evange-

631 1549 780 1602 listas
827 1543 1136 1597 crimineris
1189 1556 1202 1592 :
1246 1537 1335 1606 qui
1387 1550 1508 1588 cum
1551 1532 1617 1586 de
1672 1529 1875 1585 Christi
1939 1525 2199 1596 mysterio

630 1639 795 1689 libros
827 1629 1270 1699 conscripserint,
1319 1638 1413 1679 eos
1461 1622 1565 1676 tuis
1601 1620 1822 1673 vocibus
1866 1617 1930 1669 ad
1975 1613 2199 1669 verbum

633 1737 758 1778 usos
790 1722 976 1789 utique
1008 1732 1168 1772 nemo
1196 1715 1362 1784 possit
1385 1710 1693 1767 ostendere.
1716 1708 1903 1776 Igitur,
1925 1705 1970 1758 si
2000 1703 2197 1773 placet,

636 1816 787 1868 mitte
813 1813 948 1874 haec,
981 1819 1037 1862 ut
1081 1847 1095 1860 .
1140 1847 1155 1860 .
1202 1849 1214 1862 .
1257 1845 1272 1859 .
1318 1843 1332 1859 .
1378 1843 1390 1856 .
1429 1810 1483 1856 et
1511 1799 1794 1856 considera
1825 1797 2002 1866 potius
2032 1794 2202 1862 ipsius

2295 613 2449 684 ὑμῶν
2493 613 2550 664 τὸ
2581 608 2772 662 λαλοῦν
2805 610 2862 661 ὲν
2898 607 3063 676 ὑμῖν;
3094 623 3112 655 ι
3155 603 3220 657 Τί
3245 603 3355 672 γάρ
3389 601 3449 654 οὐ
3485 599 3730 668 νενόηται
3765 594 3881 647 τῶν

2295 705 2415 758 λίαν
2439 700 2820 771 ἐπεξεσμένων
2848 699 2927 761 είς
2958 696 3248 767 ἰσχνότητα
3267 694 3364 764 τὴν
3385 688 3843 760 τεθαυμασμένην
3867 702 3883 749 ;

2297 797 2347 849 τί
2375 795 2484 848 τῶν
2522 791 2834 860 ἀναγκαίων
2868 788 3159 859 παρῶπται
3186 787 3491 856 δογμάτων,
3519 784 3551 854 ἢ
3587 786 3732 844 ποῖος
3780 781 3884 832 αύ-

2297 889 2410 948 τοῖς
2438 883 2738 953 ἀσφαλείας
2767 881 3041 952 ἡμέληται
3075 879 3304 950 τρόπος;
3360 876 3457 948 [ού
3491 874 3882 943 τετολμήκασι,

2300 981 2452 1051 φησι,
2477 983 2588 1042 τοῖς
2618 978 2746 1048 περὶ
2775 977 2872 1046 τῆς
2903 976 3139 1036 πίστεως
3165 972 3398 1024 ἐνθεῖναι
3423 968 3622 1035 λόγοις,
3645 966 3726 1017 ὅτι
3750 961 3884 1022 Θεὸς

2299 1074 2471 1139 Λόγος
2496 1073 2561 1123 ὲκ
2591 1069 2812 1139 Μαρίας
2835 1061 3147 1134 ἐγεννήθη]
3181 1059 3388 1116 Οὐκοῦν
3416 1059 3463 1110 εἰ
3490 1056 3691 1122 ταύτης
3721 1052 3888 1103 ’ἑνεκα

2298 1161 2396 1230 τῆς
2433 1159 2612 1220 αἰτίας
2655 1157 2782 1220 τοὺς
2821 1155 2928 1226 πρὸ
2968 1153 3124 1225 ἡμῶν
3152 1150 3440 1219 γεγονότας
3479 1146 3643 1214 αἰτιᾷ,
3680 1141 3771 1194 καὶ
3800 1139 3889 1190 λεο

2300 1225 2574 1319 λῦπῆσθαι
2623 1247 2751 1316 φὴς,
2787 1225 2873 1297 ὅτι
2919 1244 2992 1313 μὴ
3031 1239 3466 1310 ἀπαραλλάκτως
3494 1235 3611 1295 ταῖς
3647 1231 3766 1291 σαῖς
3797 1225 3888 1279 εὖ·

2305 1357 2494 1412 ρηνται
2529 1337 2855 1407 κεχρημένοι
2896 1335 3120 1401 φωναῖς,
3151 1332 3270 1401 ὦρα
3296 1329 3434 1398 τάχα
3475 1342 3576 1378 που
3611 1318 3888 1374 συναιτιᾶ·

2306 1432 2428 1483 σθαι
2471 1430 2566 1482 καὶ
2609 1428 2806 1489 αὐτοὺς
2834 1425 2960 1487 τοὺς
2989 1423 3178 1490 ἁγίους
3211 1418 3540 1478 ἀποστόλους
3589 1412 3683 1466 καὶ
3722 1411 3888 1476 εύαγ-

2303 1521 2588 1590 γελιστάς’
2639 1516 3055 1588 συγγεγράφασι
3107 1514 3204 1584 μὲν
3253 1511 3360 1581 γὰρ
3394 1511 3493 1579 τῆς
3526 1508 3617 1560 ἐπὶ
3665 1499 3889 1574 Χριστῷ

2309 1610 2698 1684 μυσταγωγίας
2746 1611 2844 1673 τὰς
2898 1607 3146 1677 βίϐλουςο
3194 1601 3469 1666 αύτολεξεὶ
3510 1599 3564 1652 δὲ
3600 1599 3715 1658 ταῖς
3766 1595 3892 1654 σαῖς

2305 1705 2405 1758 οὐκ
2438 1705 2502 1758 ἀν
2531 1700 2816 1765 ὲπιδείξειέ
2866 1718 2948 1764 τις
2994 1697 3374 1770 χρησαμένους
3421 1687 3808 1761 φωναῖς.Ἀλλ⁹
3843 1685 3902 1738 εῖ

2310 1815 2392 1850 σοι
2421 1796 2586 1860 δοκεῖ,
2619 1794 2771 1846 τουτὶ⁸
2813 1794 2911 1862 μὲν
2943 1793 3140 1862 πάρες,
3167 1791 3241 1852 ὡς
3271 1788 3489 1859 [λείπει
3525 1782 3625 1854 τι.]
3657 1781 3810 1851 ἄθρει
3836 1777 3897 1830 δὲ

637 1905 709 1955 rei
756 1903 1018 1954 rationem
1065 1898 1133 1951 ab
1168 1895 1273 1949 illis
1304 1893 1645 1962 explicatam.
1705 1887 1952 1956 Exigitur
1985 1885 2132 1937 enim
2169 1896 2198 1934 a

2316 1888 2509 1959 μᾶλλον
2543 1888 2640 1954 τὴν
2670 1885 2762 1937 τοῦ
2797 1885 3124 1953 πράγματος
3152 1881 3382 1950 δήλωσιν
3414 1876 3558 1946 μάλα
3588 1869 3898 1939 πεποιημέ-

636 1996 792 2049 nobis
823 1993 955 2046 fides
989 1991 1041 2043 in
1088 1996 1332 2044 sanctam
1364 1994 1418 2038 et
1462 1977 1988 2036 consubstantialem
2024 1973 2204 2028 Trini-

636 2097 824 2146 tatem.
877 2085 1016 2153 Ergo
1065 2096 1186 2136 cum
1241 2078 1511 2132 fateantur
1555 2070 1779 2126 credere
1823 2082 1882 2120 se
1933 2067 1987 2119 in
2040 2080 2202 2118 unum

639 2181 802 2230 Deum
834 2175 1045 2228 Patrem
1083 2169 1529 2236 omnipotentem,
1557 2161 1796 2214 omnium
1830 2153 2123 2208 visibilium
2154 2161 2209 2206 et

639 2264 986 2319 invisibilium
1012 2256 1298 2317 factorem,
1329 2262 1383 2306 et
1420 2251 1472 2304 in
1507 2264 1669 2302 unum
1705 2245 1989 2298 Dominum
2024 2240 2207 2296 Jcsum

634 2354 908 2409 Christum
939 2348 1135 2401 Filiqu
1161 2343 1310 2411 ejus;
1357 2353 1532 2408 neque
1567 2337 1704 2389 alter
1732 2336 1826 2396 sit,
1861 2343 1917 2385 ut
1960 2348 2056 2386 nos
2084 2346 2207 2384 cre-

640 2449 834 2508 dimus,
865 2440 1023 2494 Jesus
1054 2437 1300 2492 Christus
1334 2432 1590 2485 υοιιιίηυς
1620 2436 1814 2494 praeter
1850 2423 1996 2476 illum
2042 2435 2206 2474 unum

639 2550 691 2590 et
722 2532 1016 2590 secundum
1047 2537 1294 2582 naturam
1335 2539 1395 2577 ac
1426 2535 1553 2576 vere
1584 2518 1782 2572 Filium
1810 2531 1875 2570 ex
1921 2514 2030 2568 Deo
2056 2513 2208 2584 geni-

643 2641 772 2691 tum,
825 2636 1055 2690 cumque
1102 2617 1231 2672 illud
1287 2614 1428 2682 quod
1478 2620 1594 2667 erat
1643 2609 1783 2663 Deus
1836 2607 2093 2669 Verbum,
2141 2607 2213 2658 sit

643 2724 800 2770 homo
842 2714 1039 2767 factum
1088 2723 1184 2778 per
1231 2706 1375 2759 illam
1427 2700 1612 2771 procul
1655 2699 1822 2753 dubio
1870 2711 1939 2750 ex
1989 2695 2213 2749 muliere

642 2806 1076 2876 generationem:
1104 2797 1212 2870 24
1240 2797 1330 2868 qui
1362 2795 1474 2848 fieri
1508 2801 1703 2862 potest,
1727 2800 1782 2842 ut
1808 2788 1896 2856 qui
1927 2788 2210 2855 dispensa-

643 2902 841 2957 tionem
883 2896 1200 2966 prasdicaut,
1248 2890 1415 2959 ipsius
1449 2887 1708 2940 etiam-ex
1767 2881 1991 2934 muliere
2019 2877 2216 2932 nativi-

645 3001 806 3046 tatem
836 2986 1127 3041 secundum
1166 2993 1380 3035 carnem
1416 2976 1593 3044 eloqui
1628 2989 1734 3027 non
1767 2969 2054 3024 manifeste
2084 2983 2214 3022 con-

646 3075 969 3130 vincautur?
1017 3070 1168 3124 Tunc
1215 3072 1359 3122 enim
1421 3067 1548 3118 illud
1600 3064 1831 3116 Verbum
1881 3060 2024 3129 quod
2075 3059 2215 3114 Deus

644 3180 781 3229 erat,
803 3179 858 3220 et
890 3166 977 3219 ille
1009 3162 1174 3217 Filius
1200 3160 1291 3229 qui
1316 3167 1432 3212 erat
1457 3154 1744 3224 sapientia,
1776 3164 1830 3206 et
1858 3155 1990 3215 vita,
2020 3163 2074 3205 et
2102 3151 2213 3213 lux,

2307 1995 2450 2040 νους.
2479 1978 2789 2047 Πράττεται
2824 1975 2921 2045 μὲν
2947 1975 3056 2044 γὰρ
3081 1973 3214 2042 πρὸς
3241 1970 3397 2041 ἡμῶν
3424 1971 3457 2038 ἡ
3483 1969 3663 2027 πίστις
3689 1965 3766 2024 είς
3792 1960 3898 2028 τὴν

2309 2070 2468 2136 ἀγίαν
2496 2069 2588 2120 καὶ
2603 2066 2885 2136 όμοούσιον
2907 2066 3128 2134 Τριάὸα.
3149 2063 3366 2131 Ἐπειδὴ
3384 2061 3440 2113 δέ
3460 2076 3592 2127 φασι
3613 2054 3899 2108 πιστεύειν

2309 2162 2388 2222 είς
2414 2160 2508 2211 ἕνα
2535 2158 2689 2218 Θεὸν,
2718 2157 2934 2224 Πατέρα
2966 2155 3398 2224 παντοκράτορα,
3433 2150 3650 2202 πάντων
3675 2145 3899 2214 ὁρατῶν

2311 2267 2367 2303 τε
2405 2249 2496 2301 καὶ
2530 2248 2777 2317 ἀοράτων
2808 2247 3035 2315 ποιητήν
3057 2261 3068 2271 '
3105 2245 3198 2296 καὶ
3227 2244 3305 2303 εἰς
3327 2242 3420 2294 ἕνα
3445 2239 3650 2309 Κύριον
3683 2234 3900 2305 Ἰησοῦν

2311 2339 2547 2410 Χριστὸν
2583 2338 2672 2390 τὸν
2707 2337 2834 2388 Υίὸν
2869 2335 3064 2387 αὐτοῦ·
3115 2335 3214 2402 οὐχ
3265 2335 3449 2402 ἕτερος
3493 2332 3548 2383 δὲ
3600 2328 3720 2381 καθ’
3745 2329 3901 2397 ἡμᾶς

2325 2428 2527 2499 Ἰησοῦς
2565 2427 2798 2497 Χριστὸς
2831 2426 3032 2497 Κύριος
3069 2425 3218 2496 παρὰ
3243 2424 3333 2476 τὸν
3361 2423 3455 2475 ἕνα
3477 2422 3572 2474 καὶ
3595 2419 3774 2488 φύσει,
3797 2419 3900 2470 καὶ

2312 2521 2523 2588 άληθῶς
2561 2520 2684 2572 Υίόν
2707 2536 2719 2548 ·
2770 2519 2827 2581 ὃς
2879 2519 2942 2571 ὲκ
2975 2517 3108 2571 Θεοῦ
3147 2515 3425 2585 πεφηνὼς,
3457 2514 3550 2568 καὶ
3590 2513 3721 2575 Θεὸς
3753 2509 3834 2563 ὣν
3870 2511 3902 2562 6

2313 2615 2501 2680 Λόγος,
2529 2611 2754 2679 γέγονεν
2788 2610 3092 2682 ἄνθρωπος,
3117 2609 3205 2663 διὰ
3237 2609 3538 2677 γεννήσεως
3567 2608 3622 2659 δὲ
3652 2604 3902 2674 δηλονότι

2311 2703 2409 2770 τῆς
2457 2704 2519 2753 ὲκ
2552 2699 2828 2767 γυναικὸς,
2867 2700 2988 2752 τίνα
3018 2698 3216 2768 τρόπον
3257 2699 3304 2749 oi
3337 2699 3427 2749 τὸν
3456 2697 3553 2765 τῆς
3583 2696 3903 2764 οἰκονομίας

2314 2795 2672 2862 κηρύττοντες
2703 2794 2878 2860 λόγον,
2906 2795 3005 2846 οὐκ
3055 2794 3119 2846 ἂν
3154 2793 3331 2844 ἁλοῖεν
3372 2787 3536 2843 αὑτοῦ
3581 2792 3678 2859 τὴν
3706 2791 3768 2842 ὲκ
3793 2807 3907 2857 γυ·

2314 2885 2504 2944 ναικὸς
2526 2882 2665 2934 κατά
2697 2882 2878 2952 σάρκα
2909 2880 3197 2944 λαλοῦντες
3225 2882 3508 2949 γέννησιν;
3533 2879 3666 2932 Τότε
3696 2879 3800 2949 γάρ
3835 2879 3911 2945 δὴ

2316 2974 2550 3042 Χριστὸς
2585 2971 2786 3042 Ἰησοῦς
2824 2971 3161 3040 ὠνόμασται,
3204 2971 3333 3032 Θεὸς
3376 2969 3450 3022 ὢν
3493 2971 3521 3021 ὁ
3570 2969 3759 3038 Λόγος,
3803 2971 3912 3021 καὶ

2321 3063 2501 3131 σοφία,
2531 3064 2625 3114 καὶ
2654 3062 2787 3130 ζωὴ.
2834 3062 2925 3114 καὶ
2956 3061 3090 3128 φῶς,
3122 3060 3151 3111 ὁ
3179 3060 3324 3122 Υἱός.
3362 3059 3631 3129 Πρόδηλον
3665 3053 3779 3122 οὖν,
3817 3057 3912 3109 ὅτι

2319 3155 2418 3222 τῆς
2465 3152 2677 3206 τοιᾶσδε
2715 3152 2957 3220 κλήσεως
2986 3154 3012 3203 ό
3044 3151 3235 3222 καιρὸς
3268 3149 3751 3220 συνειστρέχουσαν
3786 3149 3915 3218 ἕχει

648 3259 945 3329 appellatus
973 3264 1054 3310 est
1092 3253 1250 3307 Jesus
1289 3249 1558 3304 Christus.
1599 3245 1948 3314 Perspicuum
1998 3254 2079 3297 cst
2115 3243 2211 3311 igi-

2318 3244 2416 3313 τὴν
2450 3242 2725 3310 γέννησιν,
2762 3240 2859 3309 τὴν
2891 3241 2978 3293 διά
3006 3240 3070 3308 γέ
3102 3258 3242 3309 φημι
3269 3243 3368 3310 τῆς
3397 3240 3558 3308 ἁγίας
3596 3239 3908 3309 Παρθένου.

650 3365 753 3412 tur,
781 3349 927 3404 illam
958 3361 1024 3400 ex
1046 3353 1230 3400 sancta
1259 3341 1475 3408 Virgine
1507 3339 1843 3392 nativitatem
1867 3337 2054 3389 eodem
2089 3345 2217 3387 tem-

651 3456 778 3512 pore
821 3454 942 3494 cum
987 3434 1250 3506 ejusmodi
1288 3431 1650 3500 appellatione
1683 3429 2048 3483 concurrisse.
2087 3425 2219 3481 Cre-

651 3530 825 3587 dendo
857 3538 1036 3582 autem
1069 3527 1122 3579 in
1151 3525 1429 3579 Christum
1457 3521 1661 3581 Jesum,
1701 3519 1753 3572 in
1785 3518 1935 3572 illum
1969 3532 2134 3568 unum
2166 3522 2219 3569 et

651 3635 839 3676 natura
877 3628 929 3672 et
961 3633 1086 3671 vere
1122 3615 1313 3669 Filium
1359 3627 1456 3665 nos
1487 3611 1728 3670 credere,
1763 3610 1888 3661 dum
1933 3609 2045 3660 haec
2091 3604 2221 3658 fides

653 3731 746 3782 per
775 3716 947 3781 ipsum
979 3710 1209 3762 recurrit
1238 3707 1290 3757 in
1314 3703 1551 3766 Patrem,
1582 3701 1784 3754 clarum
1810 3700 1867 3752 fit
1897 3714 1962 3753 ex
1989 3713 2053 3752 eo
2078 3697 2222 3766 quod

655 3811 764 3872 ipse
797 3805 1049 3856 universo
1085 3809 1350 3852 terrarum
1381 3796 1497 3848 orbi
1537 3793 1836 3863 proclamat
1867 3809 1880 3844 :
1913 3810 1929 3842 ι
1963 3793 2063 3857 Qui
2103 3804 2224 3845 cre-

653 3901 730 3949 dit
760 3897 810 3948 in
859 3911 963 3956 nte,
993 3907 1096 3946 non
1127 3892 1177 3943 in
1212 3904 1295 3957 me
1324 3887 1522 3951 credit,
1559 3887 1651 3940 sed
1698 3887 1748 3937 in
1795 3899 1919 3937 eum
1953 3884 2044 3952 qui
2079 3881 2226 3936 misit

657 4003 740 4041 me
763 3987 841 4050 ⁶¹;
873 4004 892 4036 ο
931 3993 983 4038 et
1019 4002 1032 4037 :
1067 4002 1083 4032 ι
1118 3982 1215 4047 Qui
1259 3980 1403 4032 videt
1439 3994 1544 4041 me,
1591 3977 1732 4030 videt
1765 3991 1887 4045 eum
1932 3974 2023 4043 qui
2079 3973 2227 4026 misit

658 4095 741 4133 me
759 4078 837 4137 ⁶³;
873 4097 891 4126 ι
929 4087 980 4130 et
1031 4090 1217 4128 rursus
1249 4090 1261 4125 :
1299 4092 1317 4126 ι
1348 4071 1583 4127 Creditis
1619 4070 1670 4122 in
1709 4066 1901 4130 Deum,
1941 4076 1993 4120 et
2042 4066 2092 4119 in
2141 4078 2227 4120 me

657 4168 960 4238 credite‘(4)
987 4167 1052 4220 “.
1083 4184 1101 4218 ι
1135 4166 1317 4234 Neque
1351 4165 1493 4219 enim
1545 4162 1731 4228 utique
1777 4158 2090 4219 asserimus,
2124 4156 2227 4208 du-

660 4263 847 4330 plicem
897 4261 1043 4313 illum
1105 4272 1134 4311 a
1195 4256 1347 4311 nobis
1404 4253 1559 4307 fidem
1609 4253 1863 4318 exigere;
1918 4249 2010 4302 sed
2048 4248 2228 4316 potius

659 4359 872 4412 ducere,
910 4350 1154 4420 quisquis
1190 4349 1344 4400 fidem
1388 4346 1439 4398 iu
1468 4359 1588 4397 eum
1632 4341 1954 4408 susceperit,
1991 4337 2136 4390 illum
2175 4336 2227 4388 in

661 4449 829 4514 ipsum
859 4441 1078 4494 Patrem
1132 4440 1375 4492 credere.
1425 4435 1528 4488 Sed
1567 4435 1714 4502 quia,
1764 4442 1822 4484 ut
1867 4431 2016 4482 illmu
2054 4428 2229 4483 facere

663 4532 1207 4605 parerat,nominum
1231 4526 1655 4596 :equivocatiune
1686 4523 1844 4591 paulo
1875 4533 1993 4592 post
2027 4533 2226 4586 utetur,

2319 3336 2439 3389 Ὅτι
2475 3334 2821 3395 πιστεύοντες
2854 3332 2963 3403 [τσ.
2993 3334 3074 3385 ὅτι
3095 3334 3148 3384 δὲ
3171 3331 3541 3401 πιστεύοντες]
3563 3334 3639 3394 είς
3672 3331 3917 3401 Χριστὸν

2331 3424 2561 3495 Ἰησοῦν,
2597 3425 2678 3484 είς
2717 3425 2807 3475 τὸν
2852 3423 2946 3475 ἕνα
3002 3423 3096 3475 καὶ
3143 3422 3302 3489 φύσει
3364 3423 3458 3475 καὶ
3511 3423 3725 3492 άληθῶς
3773 3423 3917 3474 Υἱὺν

2321 3515 2672 3583 πιστεύομεν,
2704 3512 3081 3581 ἀναιροιτώσης
3108 3513 3207 3581 τῆς
3230 3514 3464 3575 πίστεως
3485 3515 3562 3575 είς
3577 3513 3668 3565 τὸν
3685 3513 3918 3584 Πατέρα

2320 3608 2387 3661 δι’
2423 3607 2612 3668 αὑτοῦ,
2643 3606 2830 3675 σαφῶς
2863 3605 2990 3676 [Ζσ.
3028 3605 3216 3677 σαφὲς]
3252 3607 3319 3660 ἂν
3352 3607 3581 3674 γένοιτο,
3614 3607 3910 3679 διακεκραα

2321 3698 2475 3766 γότος
2509 3695 2674 3748 αὑτοῦ
2703 3695 2779 3766 τῷ
2802 3696 2993 3765 κόσμῳ
3023 3696 3182 3747 παντί
3206 3710 3216 3722 ·
3255 3715 3270 3746 ι
3295 3696 3351 3748 '0
3379 3695 3648 3748 πιστεύων
3675 3698 3750 3757 είς
3773 3697 3912 3764 ἐμὲ,

2323 3790 2383 3842 ού
2421 3789 2668 3841 πιστεύει
2717 3790 2797 3851 είς
2847 3787 2968 3857 ἐμὲ,
2998 3787 3108 3838 ἀλλ’
3143 3788 3221 3848 είς
3271 3787 3360 3839 τὸν
3411 3787 3704 3857 πέμψαντά
3749 3804 3842 3857 με·
3892 3808 3910 3837 ι

2329 3882 2444 3944 καὶ,
2489 3898 2506 3931 ι
2533 3882 2589 3932 '0
2635 3878 2855 3948 θεωρῶν
2905 3877 3026 3947 ἐμὲ,
3057 3876 3255 3946 θεωρεῖ
3299 3878 3392 3930 τὸν
3431 3879 3724 3948 πέμψαντά
3759 3895 3853 3947 με⁸
3894 3901 3911 3931 ι

2328 3974 2421 4025 καὶ
2471 3972 2649 4036 πάλιν,
2698 3991 2715 4020 ι
2749 3970 3038 4023 Πιστεύετε
3086 3971 3166 4032 εἰς
3208 3970 3299 4021 τὸν
3342 3970 3495 4030 Θεὸν.
3535 3971 3629 4024 καὶ
3677 3972 3755 4034 είς
3804 3973 3919 4041 ἐμὲ

2328 4063 2625 4117 πιστεύετε.
2661 4082 2678 4114 ι
2721 4063 2827 4114 Καὶ
2871 4063 2928 4115 οὐ
2976 4063 3035 4132 δή
3082 4062 3181 4114 πού
3228 4079 3431 4131 φαμεν,
3465 4063 3540 4125 ὼς
3571 4063 3663 4114 δύο
3695 4063 3917 4126 πίστεις

2329 4156 2464 4226 πρὸς
2496 4155 2653 4224 ήμῶν
2685 4157 2856 4206 αἱτεῖ’
2893 4155 3133 4206 διδάσκει
3161 4155 3216 4207 δὲ
3245 4154 3466 4221 μᾶλλον,
3497 4154 3572 4217 ὼς
3607 4156 3657 4207 εί
3681 4171 3764 4216 τις
3795 4157 3920 4207 είσ-

2328 4247 2539 4311 δέξαιτο
2577 4246 2676 4314 τὴν
2722 4247 2800 4307 είς
2831 4246 2990 4297 αὑτὸν
3023 4246 3226 4308 πίστιν,
3257 4245 3407 4315 αύτῷ
3456 4247 3781 4299 πεπίστευκε
3833 4250 3925 4319 τῷ

2333 4338 2529 4406 Πατρί.
2550 4336 2765 4406 Ἐπειδὴ
2816 4336 2872 4387 δὲ
2920 4337 3061 4390 κατά
3108 4337 3168 4390 τὸ
3210 4337 3357 4399 εἰκὸς
3396 4340 3461 4408 τῇ
3494 4337 3600 4390 τῶν
3629 4339 3929 4408 ὀνομάτων

2329 4427 2618 4497 ὁμωνυμία
2647 4428 2993 4496 κεηχρήσεται,
3034 4428 3187 4482 κοινά
3212 4429 3384 4497 λέγων
3410 4424 3550 4482 εἶναι
3579 4432 3640 4482 τό
3675 4447 3731 4482 τε
3772 4431 3920 4501 Χρι-

2334 4523 2475 4582 στὸς,
2503 4520 2597 4572 καὶ
2636 4520 2694 4571 τὸ
2744 4520 2968 4589 Κύριος,
3007 4521 3096 4571 καὶ
3130 4521 3236 4588 μὴν
3277 4524 3368 4573 καὶ
3407 4521 3552 4584 Υἱὸς,
3591 4523 3820 4592 πρέπειν
3857 4541 3918 4575 τε

664 4627 962 4684 communia
991 4637 1111 4677 esse
1144 4622 1327 4676 dicens
1356 4628 1409 4673 et
1440 4617 1636 4672 Christi
1668 4630 1882 4684 nomen,
1908 4626 1960 4668 et
1994 4613 2211 4679 llomini

2334 4612 2471 4663 αὑτά
2505 4586 2957 4663 διαϐεϐαιώσεται
2986 4611 3061 4677 τῷ
3088 4586 3150 4661 εκ
3179 4586 3391 4679 Πατρὸς
3421 4613 3577 4678 φύντι
3611 4586 3784 4679 λόγῳ,
3806 4614 3922 4663 κᾶν

660 4730 820 4788 atque
884 4717 1046 4771 etiam
1099 4712 1255 4780 Filii,
1314 4725 1486 4780 eaque
1542 4709 1835 4763 convenire
1891 4706 2232 4762 confirmabit

665 4810 836 4865 Verbo
872 4809 944 4862 illi
977 4822 1042 4861 ex
1080 4803 1240 4859 Patre
1283 4804 1484 4874 genito,
1514 4804 1678 4856 etiam
1714 4801 1758 4854 si
1793 4800 1940 4854 solus
1981 4798 2228 4853 conside-

663 4914 809 4957 retur
846 4903 1081 4955 noudmn
1133 4905 1410 4962 assumpta
1451 4906 1640 4956 carne,
1683 4904 1892 4945 necnon
1939 4891 2101 4942 ctiam
2154 4888 2227 4941 illi

664 4993 860 5060 templo
903 5006 968 5044 ex
1005 4986 1223 5056 Virgine
1268 4994 1424 5049 nato;
1460 4993 1515 5037 et
1553 4982 1710 5050 quia,
1757 4991 1814 5033 ut
1853 4989 2012 5048 puto,
2053 4980 2134 5032 his
2165 4979 2230 5032 de

667 5086 822 5138 rebus
852 5080 1139 5148 disputatio
1181 5077 1530 5146 inquisitione
1568 5087 1759 5143 magna
1795 5073 2019 5141 indiget,
2050 5086 2113 5126 ca
2159 5072 2226 5125 ad

663 5191 896 5246 praesens
942 5181 1240 5241 ooportune
1281 5170 1334 5223 in
1384 5178 1593 5237 tempus
1629 5167 1966 5220 commodius
2001 5167 2228 5235 rejecta,

734 5359 774 5388 “
809 5356 990 5411 Matth.
1030 5373 1082 5421 ι,
1117 5356 1205 5410 ΞΟ.
1283 5355 1326 5386 ⁶’
1348 5354 1502 5409 Joan.
1537 5367 1636 5418 xu,
1671 5353 1757 5406 44.

1839 5354 1884 5384 ⁸³
1905 5353 2063 5410 Joan.
2093 5370 2206 5422 xlv,
2239 5354 2293 5408 9.

2332 4704 2379 4755 εἰ
2430 4706 2601 4754 νοοῖτο
2658 4702 2835 4766 μόνος,
2876 4702 2968 4768 καὶ
3018 4701 3215 4772 σαρκὸς
3269 4702 3410 4755 οῦτω
3449 4706 3524 4773 (5)
3574 4703 3917 4773 μεταλαχὼν,

2332 4799 2425 4850 καὶ
2459 4799 2563 4867 μὴν
2595 4801 2668 4866 τῷ
2696 4801 2757 4849 ὲκ
2781 4795 3057 4864 Παρθένου
3086 4796 3242 4863 φύντι
3272 4795 3411 4864 ναῷ”
3438 4797 3606 4848 δεῖται
3636 4798 3710 4858 δὲ,
3735 4792 3916 4864 οἶμαι,

2333 4889 2566 4957 βασάνου
2600 4889 2797 4957 πολλῆς
2828 4891 2852 4940 ὁ
2882 4889 2974 4942 ἐπὶ
3010 4889 3221 4948 τούτοις
3257 4887 3445 4954 λόγος·
3487 4889 3564 4949 εἰς
3597 4889 3803 4957 καιρὸν,
3841 4892 3919 4950 (ῦς

2332 4981 2488 5050 ἔφην,
2521 4980 2667 5050 αὐτῷ
2699 4982 2800 5047 πρέ
2815 4995 2977 5032 ποντα
3011 4981 3292 5048 χρησίμως
3340 4980 3500 5033 αύτὺν
3543 4984 3621 5041 εἰς
3651 4982 3710 5032 τὸ
3740 4987 3921 5049 παρὸν

2334 5072 2677 5142 ἀναθέμενοι,
2711 5074 2792 5139 ἐφ’
2819 5073 3012 5141 ἑτέραν
3044 5072 3207 5140 ἴωμεν
3241 5073 3336 5138 τῆς
3365 5074 3525 5138 ἁγίας
3557 5073 3774 5125 συνόδου
3801 5093 3919 5141 φω-

2338 5165 2452 5234 νὴν,
2486 5166 2548 5232 ἣν
2575 5166 2755 5217 οὑτοσὶ
2785 5162 3154 5234 παρατρέπων
3183 5165 3274 5215 ἐπὶ
3306 5164 3363 5212 τὸ
3393 5164 3539 5232 αὺτῴ
3572 5164 3783 5226 δοκοῦν,
3818 5167 3922 5235 τὴν

2372 5355 2418 5388 ⁸⁵
2446 5357 2578 5412 Ibid.
2624 5357 2674 5411 i.

1940 5512 2100 5566 ANT.
2141 5512 2411 5568 AGELLII
2449 5513 2680 5568 NOTAS.

737 5680 812 5748 μ)
846 5675 953 5728 Hoc
989 5674 1348 5748 testiumuium
1386 5672 1595 5748 videtur
1622 5669 1858 5748 Cy_ri|lus
1900 5671 2006 5723 alio
2033 5672 2220 5723 ordine

667 5741 991 5819 protulisse:
1024 5745 1227 5819 Credite
1267 5744 1318 5819 in
1357 5759 1455 5819 me,
1494 5752 1549 5819 et
1581 5743 1631 5792 in
1671 5741 1837 5819 _Deum
1866 5742 2077 5801 cret/ile,
2119 5741 2218 5804 vel,

666 5810 909 5881 Creditis,
943 5829 1052 5884 quo
1084 5815 1239 5868 modo
1265 5813 1447 5866 citavit
1481 5812 1641 5864 etiam
1670 5810 1760 5864 “il.
1787 5826 1843 5862 ιι.

2401 5670 2688 5761 (Eii-dialin
2719 5672 2916 5760 legere,
2948 5671 3101 5761 οὔπω
3152 5674 3494 5761 μεταλαχών,
3545 5686 3602 5728 ut
3651 5676 3781 5729 dixit
3829 5694 3924 5732 su-

2332 5758 2422 5821 pr'a
2459 5741 2704 5822 μέθεπε),
2742 5742 2892 5822 (fama
2923 5742 3123 5822 σαρκὸς
3154 5741 3261 5795 ’καὶ
3311 5741 3539 5815 αἵματος
3587 5763 3920 5820 κεκοινωνη-

2332 5796 2470 5875 κὼς,¹
2496 5796 2555 5866 εἶ
2580 5813 2717 5867 infra
2745 5811 2833 5880 46,
2879 5813 2972 5866 καὶ
2996 5796 3164 5864 ὀῠτίω
3195 5796 3638 5874 σεσαοκωιιένος,
3679 5796 3706 5797 ﬂ
3731 5796 3734 5797 ν
3757 5796 3845 5801 Ἣ-
3868 5796 3895 5820 Ἰ
