  <div class='ocr_page' id='page_1' title='image "/cluster/home/n/w/nwhite01/storage/ocr_20150623/76/pst.000005712755/032.png"; bbox 0 0 4072 6346; ppageno 0'>
   <div class='ocr_carea' id='block_1_1' title="bbox 151 377 3413 456">
    <p class='ocr_par' dir='ltr' id='par_1_1' title="bbox 151 377 3413 456">
     <span class='ocr_line' id='line_1_1' title="bbox 151 377 3413 456; baseline 0.007 -25"><span class='ocrx_word' id='word_1_1' title='bbox 151 377 215 431; x_wconf 71' lang='lat'><strong>49</strong></span> <span class='ocrx_word' id='word_1_2' title='bbox 1282 381 1653 437; x_wconf 80' lang='lat' dir='ltr'><strong>ADVEIlSUS</strong></span> <span class='ocrx_word' id='word_1_3' title='bbox 1688 380 2091 438; x_wconf 75' lang='lat' dir='ltr'><strong>NESTOIHUM</strong></span> <span class='ocrx_word' id='word_1_4' title='bbox 2136 386 2259 440; x_wconf 80' lang='lat' dir='ltr'><strong>LIB.</strong></span> <span class='ocrx_word' id='word_1_5' title='bbox 2312 389 2346 441; x_wconf 93' lang='lat' dir='ltr'><strong>I.</strong></span> <span class='ocrx_word' id='word_1_6' title='bbox 3346 399 3413 456; x_wconf 82' lang='grc'><strong>50</strong></span> 
     </span>
    </p>
   </div>
   <div class='ocr_carea' id='block_1_2' title="bbox 151 495 1734 584">
    <p class='ocr_par' dir='ltr' id='par_1_2' title="bbox 151 495 1734 573">
     <span class='ocr_line' id='line_1_2' title="bbox 151 495 1734 573; baseline 0.008 -28"><span class='ocrx_word' id='word_1_7' title='bbox 151 500 241 557; x_wconf 71' lang='grc' dir='ltr'>τῆς</span> <span class='ocrx_word' id='word_1_8' title='bbox 292 495 549 563; x_wconf 74' lang='grc' dir='ltr'>ἀληθείας</span> <span class='ocrx_word' id='word_1_9' title='bbox 605 500 993 563; x_wconf 73' lang='grc' dir='ltr'>καταδιάζεται</span> <span class='ocrx_word' id='word_1_10' title='bbox 1043 504 1288 571; x_wconf 79' lang='grc' dir='ltr'>δύναμιν.</span> <span class='ocrx_word' id='word_1_11' title='bbox 1327 506 1463 572; x_wconf 76' lang='grc' dir='ltr'>Φησὶ</span> <span class='ocrx_word' id='word_1_12' title='bbox 1498 506 1625 573; x_wconf 81' lang='grc' dir='ltr'>γὰρ,</span> <span class='ocrx_word' id='word_1_13' title='bbox 1654 506 1734 557; x_wconf 81' lang='grc' dir='ltr'>ὅτι</span> 
     </span>
    </p>
   </div>
   <div class='ocr_carea' id='block_1_3' title="bbox 1838 495 3411 584">
    <p class='ocr_par' dir='ltr' id='par_1_3' title="bbox 1840 506 3411 584">
     <span class='ocr_line' id='line_1_3' title="bbox 1840 506 3411 584; baseline 0.013 -29"><span class='ocrx_word' id='word_1_14' title='bbox 1840 508 1905 556; x_wconf 84' lang='lat' dir='ltr'><strong>ad</strong></span> <span class='ocrx_word' id='word_1_15' title='bbox 1936 506 2157 561; x_wconf 76' lang='lat' dir='ltr'><strong>alteram</strong></span> <span class='ocrx_word' id='word_1_16' title='bbox 2188 520 2389 565; x_wconf 76' lang='lat' dir='ltr'><strong>sancite</strong></span> <span class='ocrx_word' id='word_1_17' title='bbox 2420 512 2561 566; x_wconf 90' lang='lat' dir='ltr'><strong>illius</strong></span> <span class='ocrx_word' id='word_1_18' title='bbox 2596 517 2782 584; x_wconf 84' lang='lat' dir='ltr'><strong>synodi</strong></span> <span class='ocrx_word' id='word_1_19' title='bbox 2819 533 2999 569; x_wconf 79' lang='lat' dir='ltr'><strong>vocem</strong></span> <span class='ocrx_word' id='word_1_20' title='bbox 3038 526 3411 584; x_wconf 80' lang='lat' dir='ltr'><strong>transeamus,</strong></span> 
     </span>
    </p>
   </div>
   <div class='ocr_carea' id='block_1_4' title="bbox 149 589 1729 666">
    <p class='ocr_par' dir='ltr' id='par_1_4' title="bbox 149 589 1729 666">
     <span class='ocr_line' id='line_1_4' title="bbox 149 589 1729 666; baseline 0.009 -28"><span class='ocrx_word' id='word_1_21' title='bbox 149 589 485 657; x_wconf 62' lang='grc' dir='ltr'>γεγράφασιν</span> <span class='ocrx_word' id='word_1_22' title='bbox 512 592 559 643; x_wconf 84' lang='grc' dir='ltr'>οἱ</span> <span class='ocrx_word' id='word_1_23' title='bbox 588 592 848 661; x_wconf 76' lang='grc' dir='ltr'>Πατέρες·</span> <span class='ocrx_word' id='word_1_24' title='bbox 890 594 1254 666; x_wconf 81' lang='grc' dir='ltr'>[Πιστεύομεν</span> <span class='ocrx_word' id='word_1_25' title='bbox 1285 601 1364 662; x_wconf 71' lang='grc' dir='ltr'>είς</span> <span class='ocrx_word' id='word_1_26' title='bbox 1395 600 1489 653; x_wconf 70' lang='grc' dir='ltr'><strong>ἕνα</strong></span> <span class='ocrx_word' id='word_1_27' title='bbox 1526 600 1729 666; x_wconf 79' lang='grc' dir='ltr'>Κύριον</span> 
     </span>
    </p>
   </div>
   <div class='ocr_carea' id='block_1_5' title="bbox 162 681 1728 761">
    <p class='ocr_par' dir='ltr' id='par_1_5' title="bbox 162 681 1728 761">
     <span class='ocr_line' id='line_1_5' title="bbox 162 681 1728 761; baseline 0.008 -29"><span class='ocrx_word' id='word_1_28' title='bbox 162 681 365 751; x_wconf 83' lang='grc' dir='ltr'>Ἰησοῦν</span> <span class='ocrx_word' id='word_1_29' title='bbox 394 683 648 752; x_wconf 77' lang='grc' dir='ltr'>Χριστὸν,</span> <span class='ocrx_word' id='word_1_30' title='bbox 683 689 777 739; x_wconf 81' lang='grc' dir='ltr'><strong>τὸν</strong></span> <span class='ocrx_word' id='word_1_31' title='bbox 808 687 935 741; x_wconf 74' lang='grc' dir='ltr'>Υῑὸν</span> <span class='ocrx_word' id='word_1_32' title='bbox 960 688 1051 741; x_wconf 84' lang='grc' dir='ltr'><strong>τὸν</strong></span> <span class='ocrx_word' id='word_1_33' title='bbox 1090 693 1374 761; x_wconf 78' lang='grc' dir='ltr'><strong>μονογενῆ,</strong></span> <span class='ocrx_word' id='word_1_34' title='bbox 1417 692 1508 744; x_wconf 82' lang='grc' dir='ltr'><strong>τὸν</strong></span> <span class='ocrx_word' id='word_1_35' title='bbox 1541 696 1603 745; x_wconf 83' lang='grc' dir='ltr'>ὲκ</span> <span class='ocrx_word' id='word_1_36' title='bbox 1634 694 1728 746; x_wconf 87' lang='grc' dir='ltr'><strong>τοῦ</strong></span> 
     </span>
    </p>
   </div>
   <div class='ocr_carea' id='block_1_6' title="bbox 153 775 1729 855">
    <p class='ocr_par' dir='ltr' id='par_1_6' title="bbox 153 775 1729 855">
     <span class='ocr_line' id='line_1_6' title="bbox 153 775 1729 855; baseline 0.008 -30"><span class='ocrx_word' id='word_1_37' title='bbox 153 775 359 844; x_wconf 76' lang='grc' dir='ltr'>Ηιτρὺς</span> <span class='ocrx_word' id='word_1_38' title='bbox 407 778 760 846; x_wconf 78' lang='grc' dir='ltr'><strong>γεννηθέντα,</strong></span> <span class='ocrx_word' id='word_1_39' title='bbox 797 779 888 832; x_wconf 76' lang='grc' dir='ltr'><strong>τὸν</strong></span> <span class='ocrx_word' id='word_1_40' title='bbox 934 781 1219 851; x_wconf 74' lang='grc' dir='ltr'>όμοούσιον</span> <span class='ocrx_word' id='word_1_41' title='bbox 1267 784 1345 853; x_wconf 86' lang='grc' dir='ltr'>τῷ</span> <span class='ocrx_word' id='word_1_42' title='bbox 1398 785 1591 855; x_wconf 71' lang='grc' dir='ltr'>Πατρὶ,</span> <span class='ocrx_word' id='word_1_43' title='bbox 1638 785 1729 838; x_wconf 74' lang='grc' dir='ltr'>τὸν</span> 
     </span>
    </p>
   </div>
   <div class='ocr_carea' id='block_1_7' title="bbox 152 867 1728 946">
    <p class='ocr_par' dir='ltr' id='par_1_7' title="bbox 152 867 1728 946">
     <span class='ocr_line' id='line_1_7' title="bbox 152 867 1728 946; baseline 0.008 -29"><span class='ocrx_word' id='word_1_44' title='bbox 152 867 472 921; x_wconf 82' lang='grc' dir='ltr'>κατελθόντα</span> <span class='ocrx_word' id='word_1_45' title='bbox 503 869 567 921; x_wconf 77' lang='grc' dir='ltr'><strong>δι’</strong></span> <span class='ocrx_word' id='word_1_46' title='bbox 596 872 762 941; x_wconf 77' lang='grc' dir='ltr'>ἡμᾶς,</span> <span class='ocrx_word' id='word_1_47' title='bbox 802 874 895 925; x_wconf 73' lang='grc' dir='ltr'><strong>καὶ</strong></span> <span class='ocrx_word' id='word_1_48' title='bbox 929 875 1281 940; x_wconf 82' lang='grc' dir='ltr'>σαρκωθέντα</span> <span class='ocrx_word' id='word_1_49' title='bbox 1312 879 1373 930; x_wconf 84' lang='grc' dir='ltr'><strong>ἐκ</strong></span> <span class='ocrx_word' id='word_1_50' title='bbox 1413 878 1728 946; x_wconf 84' lang='grc' dir='ltr'>Ηνεύματος</span> 
     </span>
    </p>
   </div>
   <div class='ocr_carea' id='block_1_8' title="bbox 152 958 1729 1039">
    <p class='ocr_par' dir='ltr' id='par_1_8' title="bbox 152 958 1729 1039">
     <span class='ocr_line' id='line_1_8' title="bbox 152 958 1729 1039; baseline 0.008 -29"><span class='ocrx_word' id='word_1_51' title='bbox 152 959 346 1029; x_wconf 78' lang='grc' dir='ltr'>αγὶου.]</span> <span class='ocrx_word' id='word_1_52' title='bbox 367 958 715 1032; x_wconf 74' lang='grc' dir='ltr'>Ἐπιφέρειδέ</span> <span class='ocrx_word' id='word_1_53' title='bbox 732 964 963 1029; x_wconf 81' lang='grc' dir='ltr'>τούτοις,</span> <span class='ocrx_word' id='word_1_54' title='bbox 991 967 1080 1018; x_wconf 82' lang='grc' dir='ltr'><strong>καί</strong></span> <span class='ocrx_word' id='word_1_55' title='bbox 1106 984 1237 1037; x_wconf 83' lang='grc' dir='ltr'>φησι</span> <span class='ocrx_word' id='word_1_56' title='bbox 1267 971 1397 1035; x_wconf 74' lang='grc' dir='ltr'>περὶ</span> <span class='ocrx_word' id='word_1_57' title='bbox 1424 970 1531 1021; x_wconf 81' lang='grc' dir='ltr'><strong>τῶν</strong></span> <span class='ocrx_word' id='word_1_58' title='bbox 1557 971 1729 1039; x_wconf 83' lang='grc' dir='ltr'>ἁγίων</span> 
     </span>
    </p>
   </div>
   <div class='ocr_carea' id='block_1_9' title="bbox 154 1052 1729 1130">
    <p class='ocr_par' dir='ltr' id='par_1_9' title="bbox 154 1052 1729 1130">
     <span class='ocr_line' id='line_1_9' title="bbox 154 1052 1729 1130; baseline 0.007 -28"><span class='ocrx_word' id='word_1_59' title='bbox 154 1052 438 1119; x_wconf 80' lang='grc' dir='ltr'>[Ιατέρωνο</span> <span class='ocrx_word' id='word_1_60' title='bbox 475 1053 921 1125; x_wconf 79' lang='grc' dir='ltr'>[Ὗποκατιόντες</span> <span class='ocrx_word' id='word_1_61' title='bbox 938 1059 1014 1120; x_wconf 88' lang='grc' dir='ltr'>δὲ,</span> <span class='ocrx_word' id='word_1_62' title='bbox 1049 1061 1410 1130; x_wconf 73' lang='grc' dir='ltr'>έρμηνεύουσι</span> <span class='ocrx_word' id='word_1_63' title='bbox 1456 1063 1545 1115; x_wconf 76' lang='grc' dir='ltr'><strong>τὸν</strong></span> <span class='ocrx_word' id='word_1_64' title='bbox 1576 1066 1729 1115; x_wconf 83' lang='grc' dir='ltr'>ἐναν-</span> 
     </span>
    </p>
   </div>
   <div class='ocr_carea' id='block_1_10' title="bbox 148 1148 1729 1225">
    <p class='ocr_par' dir='ltr' id='par_1_10' title="bbox 148 1148 1729 1225">
     <span class='ocr_line' id='line_1_10' title="bbox 148 1148 1729 1225; baseline 0.008 -29"><span class='ocrx_word' id='word_1_65' title='bbox 148 1148 533 1217; x_wconf 77' lang='grc' dir='ltr'>Ορωπὴσαντα,</span> <span class='ocrx_word' id='word_1_66' title='bbox 569 1150 757 1204; x_wconf 89' lang='grc' dir='ltr'>τοῦτον</span> <span class='ocrx_word' id='word_1_67' title='bbox 796 1152 1087 1221; x_wconf 82' lang='grc' dir='ltr'>λεγόμενον</span> <span class='ocrx_word' id='word_1_68' title='bbox 1118 1156 1488 1222; x_wconf 83' lang='grc' dir='ltr'>σαρκωθέντα,</span> <span class='ocrx_word' id='word_1_69' title='bbox 1523 1156 1581 1207; x_wconf 83' lang='grc' dir='ltr'><strong>ού</strong></span> <span class='ocrx_word' id='word_1_70' title='bbox 1608 1173 1729 1225; x_wconf 83' lang='grc' dir='ltr'>τρο-</span> 
     </span>
    </p>
   </div>
   <div class='ocr_carea' id='block_1_11' title="bbox 151 1240 1725 1318">
    <p class='ocr_par' dir='ltr' id='par_1_11' title="bbox 151 1240 1725 1318">
     <span class='ocr_line' id='line_1_11' title="bbox 151 1240 1725 1318; baseline 0.008 -27"><span class='ocrx_word' id='word_1_71' title='bbox 151 1240 252 1309; x_wconf 76' lang='grc' dir='ltr'>ττὴν</span> <span class='ocrx_word' id='word_1_72' title='bbox 283 1242 379 1310; x_wconf 85' lang='grc' dir='ltr'>τῆς</span> <span class='ocrx_word' id='word_1_73' title='bbox 421 1242 572 1306; x_wconf 82' lang='grc' dir='ltr'>θείας</span> <span class='ocrx_word' id='word_1_74' title='bbox 608 1245 826 1312; x_wconf 78' lang='grc' dir='ltr'>φύσεως</span> <span class='ocrx_word' id='word_1_75' title='bbox 857 1246 1232 1316; x_wconf 78' lang='grc' dir='ltr'>ὑπομεινάσης</span> <span class='ocrx_word' id='word_1_76' title='bbox 1266 1250 1343 1311; x_wconf 78' lang='grc' dir='ltr'><strong>εις</strong></span> <span class='ocrx_word' id='word_1_77' title='bbox 1377 1250 1476 1317; x_wconf 82' lang='grc' dir='ltr'><strong>τὴν</strong></span> <span class='ocrx_word' id='word_1_78' title='bbox 1527 1250 1725 1318; x_wconf 76' lang='grc' dir='ltr'>σάρκα,</span> 
     </span>
    </p>
   </div>
   <div class='ocr_carea' id='block_1_12' title="bbox 147 1333 1728 1413">
    <p class='ocr_par' dir='ltr' id='par_1_12' title="bbox 147 1333 1728 1413">
     <span class='ocr_line' id='line_1_12' title="bbox 147 1333 1728 1413; baseline 0.008 -31"><span class='ocrx_word' id='word_1_79' title='bbox 147 1333 276 1387; x_wconf 75' lang='grc' dir='ltr'><strong>ἀλλά</strong></span> <span class='ocrx_word' id='word_1_80' title='bbox 322 1335 419 1404; x_wconf 82' lang='grc' dir='ltr'>τὴν</span> <span class='ocrx_word' id='word_1_81' title='bbox 464 1337 737 1406; x_wconf 78' lang='grc' dir='ltr'>ἐνοίκησιν</span> <span class='ocrx_word' id='word_1_82' title='bbox 765 1338 863 1408; x_wconf 80' lang='grc' dir='ltr'><strong>τὴν</strong></span> <span class='ocrx_word' id='word_1_83' title='bbox 892 1340 973 1402; x_wconf 70' lang='grc' dir='ltr'>εἱς</span> <span class='ocrx_word' id='word_1_84' title='bbox 1005 1339 1337 1413; x_wconf 83' lang='grc' dir='ltr'>ἀνθρωπον.]</span> <span class='ocrx_word' id='word_1_85' title='bbox 1360 1343 1444 1395; x_wconf 82' lang='grc' dir='ltr'>Ἐν</span> <span class='ocrx_word' id='word_1_86' title='bbox 1471 1342 1728 1413; x_wconf 76' lang='grc' dir='ltr'><strong>ἐξηγήσει</strong></span> 
     </span>
    </p>
   </div>
   <div class='ocr_carea' id='block_1_13' title="bbox 148 1427 1730 1505">
    <p class='ocr_par' dir='ltr' id='par_1_13' title="bbox 148 1427 1730 1505">
     <span class='ocr_line' id='line_1_13' title="bbox 148 1427 1730 1505; baseline 0.009 -29"><span class='ocrx_word' id='word_1_87' title='bbox 148 1427 201 1478; x_wconf 77' lang='grc' dir='ltr'><strong>δὲ</strong></span> <span class='ocrx_word' id='word_1_88' title='bbox 235 1427 396 1481; x_wconf 86' lang='grc' dir='ltr'>πάλιν</span> <span class='ocrx_word' id='word_1_89' title='bbox 423 1429 522 1499; x_wconf 77' lang='grc' dir='ltr'>τῆς</span> <span class='ocrx_word' id='word_1_90' title='bbox 555 1431 725 1501; x_wconf 75' lang='grc' dir='ltr'>αὐτῆς</span> <span class='ocrx_word' id='word_1_91' title='bbox 754 1431 938 1501; x_wconf 81' lang='grc' dir='ltr'>ἔχεται</span> <span class='ocrx_word' id='word_1_92' title='bbox 969 1433 1226 1497; x_wconf 82' lang='grc' dir='ltr'>διανοίας,</span> <span class='ocrx_word' id='word_1_93' title='bbox 1252 1436 1343 1487; x_wconf 81' lang='grc' dir='ltr'><strong>καὶ</strong></span> <span class='ocrx_word' id='word_1_94' title='bbox 1378 1435 1441 1505; x_wconf 82' lang='grc' dir='ltr'><strong>δὴ</strong></span> <span class='ocrx_word' id='word_1_95' title='bbox 1470 1438 1563 1489; x_wconf 81' lang='grc' dir='ltr'>καὶ</span> <span class='ocrx_word' id='word_1_96' title='bbox 1587 1436 1730 1490; x_wconf 84' lang='grc' dir='ltr'>οῦτω</span> 
     </span>
    </p>
   </div>
   <div class='ocr_carea' id='block_1_14' title="bbox 149 1518 334 1587">
    <p class='ocr_par' dir='ltr' id='par_1_14' title="bbox 149 1518 334 1587">
     <span class='ocr_line' id='line_1_14' title="bbox 149 1518 334 1587; baseline 0.005 -17"><span class='ocrx_word' id='word_1_97' title='bbox 149 1518 334 1587; x_wconf 68' lang='grc' dir='ltr'>φησίν.</span> 
     </span>
    </p>
   </div>
   <div class='ocr_carea' id='block_1_15' title="bbox 215 1700 1731 1779">
    <p class='ocr_par' dir='ltr' id='par_1_15' title="bbox 215 1700 1731 1779">
     <span class='ocr_line' id='line_1_15' title="bbox 215 1700 1731 1779; baseline 0.006 -23"><span class='ocrx_word' id='word_1_98' title='bbox 215 1700 653 1774; x_wconf 82' lang='grc' dir='ltr'>[Ἡκολούθησαν</span> <span class='ocrx_word' id='word_1_99' title='bbox 693 1704 770 1776; x_wconf 86' lang='grc' dir='ltr'>τῷ</span> <span class='ocrx_word' id='word_1_100' title='bbox 804 1707 1160 1778; x_wconf 80' lang='grc' dir='ltr'>εὐαγγελιστῇ</span> <span class='ocrx_word' id='word_1_101' title='bbox 1194 1726 1207 1740; x_wconf 76' lang='grc' dir='ltr'><strong>ο</strong></span> <span class='ocrx_word' id='word_1_102' title='bbox 1244 1710 1334 1762; x_wconf 77' lang='grc' dir='ltr'>καὶ</span> <span class='ocrx_word' id='word_1_103' title='bbox 1364 1710 1471 1779; x_wconf 79' lang='grc' dir='ltr'>γὰρ</span> <span class='ocrx_word' id='word_1_104' title='bbox 1502 1713 1529 1764; x_wconf 87' lang='grc' dir='ltr'><strong>ό</strong></span> <span class='ocrx_word' id='word_1_105' title='bbox 1568 1712 1731 1779; x_wconf 83' lang='grc' dir='ltr'>εὐαγ-</span> 
     </span>
    </p>
   </div>
   <div class='ocr_carea' id='block_1_16' title="bbox 163 1795 1803 1911">
    <p class='ocr_par' dir='ltr' id='par_1_16' title="bbox 163 1795 1803 1911">
     <span class='ocr_line' id='line_1_16' title="bbox 163 1795 1803 1911; baseline 0.001 -63"><span class='ocrx_word' id='word_1_106' title='bbox 163 1795 425 1864; x_wconf 72' lang='grc' dir='ltr'>,ἐλιστὴς,</span> <span class='ocrx_word' id='word_1_107' title='bbox 457 1796 626 1849; x_wconf 87' lang='grc' dir='ltr'>ἐλθὼν</span> <span class='ocrx_word' id='word_1_108' title='bbox 654 1799 734 1861; x_wconf 76' lang='grc' dir='ltr'><strong>εἰς</strong></span> <span class='ocrx_word' id='word_1_109' title='bbox 763 1798 862 1868; x_wconf 85' lang='grc' dir='ltr'><strong>τὴν</strong></span> <span class='ocrx_word' id='word_1_110' title='bbox 891 1799 1321 1869; x_wconf 78' lang='grc' dir='ltr'>ἐνανθρὼπησιν,</span> <span class='ocrx_word' id='word_1_111' title='bbox 1340 1803 1510 1870; x_wconf 76' lang='grc' dir='ltr'>ἔφυγε</span> <span class='ocrx_word' id='word_1_112' title='bbox 1540 1803 1730 1873; x_wconf 82' lang='grc' dir='ltr'>γέννη-</span> <span class='ocrx_word' id='word_1_113' title='bbox 1763 1857 1803 1911; x_wconf 75' lang='grc' dir='ltr'><strong>Β</strong></span> 
     </span>
    </p>
   </div>
   <div class='ocr_carea' id='block_1_17' title="bbox 153 1890 1730 1967">
    <p class='ocr_par' dir='ltr' id='par_1_17' title="bbox 153 1890 1730 1967">
     <span class='ocr_line' id='line_1_17' title="bbox 153 1890 1730 1967; baseline 0.006 -28"><span class='ocrx_word' id='word_1_114' title='bbox 153 1905 233 1940; x_wconf 73' lang='grc' dir='ltr'><strong>σιν</strong></span> <span class='ocrx_word' id='word_1_115' title='bbox 267 1890 442 1941; x_wconf 74' lang='grc' dir='ltr'>εἰπεῖν</span> <span class='ocrx_word' id='word_1_116' title='bbox 486 1891 578 1942; x_wconf 75' lang='grc' dir='ltr'><strong>ἐπὶ</strong></span> <span class='ocrx_word' id='word_1_117' title='bbox 610 1890 701 1942; x_wconf 85' lang='grc' dir='ltr'><strong>τοῦ</strong></span> <span class='ocrx_word' id='word_1_118' title='bbox 730 1890 864 1944; x_wconf 91' lang='grc' dir='ltr'>Θεοῦ</span> <span class='ocrx_word' id='word_1_119' title='bbox 898 1891 1095 1960; x_wconf 85' lang='grc' dir='ltr'>Λόγου,</span> <span class='ocrx_word' id='word_1_120' title='bbox 1128 1894 1220 1945; x_wconf 75' lang='grc' dir='ltr'><strong>καὶ</strong></span> <span class='ocrx_word' id='word_1_121' title='bbox 1257 1895 1472 1947; x_wconf 83' lang='grc' dir='ltr'>τέθεικε</span> <span class='ocrx_word' id='word_1_122' title='bbox 1512 1895 1730 1967; x_wconf 80' lang='grc' dir='ltr'>σάρκω·</span> 
     </span>
    </p>
   </div>
   <div class='ocr_carea' id='block_1_18' title="bbox 153 1979 1724 2056">
    <p class='ocr_par' dir='ltr' id='par_1_18' title="bbox 153 1979 1724 2056">
     <span class='ocr_line' id='line_1_18' title="bbox 153 1979 1724 2056; baseline 0.006 -25"><span class='ocrx_word' id='word_1_123' title='bbox 153 1997 260 2032; x_wconf 71' lang='grc' dir='ltr'>τιν’</span> <span class='ocrx_word' id='word_1_124' title='bbox 315 1979 444 2045; x_wconf 75' lang='grc' dir='ltr'>ποῦς</span> <span class='ocrx_word' id='word_1_125' title='bbox 494 1982 765 2034; x_wconf 78' lang='grc' dir='ltr'><strong>ἄκουσον⁶</strong></span> <span class='ocrx_word' id='word_1_126' title='bbox 815 2001 833 2034; x_wconf 78' lang='lat' dir='ltr'><strong>i</strong></span> <span class='ocrx_word' id='word_1_127' title='bbox 867 1985 975 2036; x_wconf 81' lang='lat' dir='ltr'><strong>Kal.</strong></span> <span class='ocrx_word' id='word_1_128' title='bbox 1000 1986 1027 2037; x_wconf 90' lang='grc' dir='ltr'><strong>ό</strong></span> <span class='ocrx_word' id='word_1_129' title='bbox 1048 1986 1217 2050; x_wconf 88' lang='grc' dir='ltr'>Λόγος</span> <span class='ocrx_word' id='word_1_130' title='bbox 1249 1986 1385 2056; x_wconf 80' lang='grc' dir='ltr'><strong>σάρξ</strong></span> <span class='ocrx_word' id='word_1_131' title='bbox 1417 1987 1636 2053; x_wconf 85' lang='grc' dir='ltr'>ἐγένετο</span> <span class='ocrx_word' id='word_1_132' title='bbox 1657 2007 1669 2019; x_wconf 91' lang='grc'>·</span> <span class='ocrx_word' id='word_1_133' title='bbox 1706 2008 1724 2041; x_wconf 78' lang='lat' dir='ltr'><strong>i</strong></span> 
     </span>
    </p>
   </div>
   <div class='ocr_carea' id='block_1_19' title="bbox 146 2068 1728 2149">
    <p class='ocr_par' dir='ltr' id='par_1_19' title="bbox 146 2068 1728 2149">
     <span class='ocr_line' id='line_1_19' title="bbox 146 2068 1728 2149; baseline 0.006 -27"><span class='ocrx_word' id='word_1_134' title='bbox 146 2073 244 2123; x_wconf 82' lang='grc' dir='ltr'><strong>οὐκ</strong></span> <span class='ocrx_word' id='word_1_135' title='bbox 285 2068 406 2123; x_wconf 76' lang='grc' dir='ltr'>εἷπε</span> <span class='ocrx_word' id='word_1_136' title='bbox 431 2091 442 2102; x_wconf 90' lang='grc'>·</span> <span class='ocrx_word' id='word_1_137' title='bbox 482 2073 579 2125; x_wconf 80' lang='grc' dir='ltr'>Διά</span> <span class='ocrx_word' id='word_1_138' title='bbox 629 2073 826 2144; x_wconf 81' lang='grc' dir='ltr'>σαρκὸς</span> <span class='ocrx_word' id='word_1_139' title='bbox 861 2076 1324 2147; x_wconf 74' lang='grc' dir='ltr'>ἐγεννήθη.”οττου</span> <span class='ocrx_word' id='word_1_140' title='bbox 1371 2079 1479 2148; x_wconf 84' lang='grc' dir='ltr'>γὰρ</span> <span class='ocrx_word' id='word_1_141' title='bbox 1518 2097 1728 2149; x_wconf 84' lang='grc' dir='ltr'>μνημο-</span> 
     </span>
    </p>
   </div>
   <div class='ocr_carea' id='block_1_20' title="bbox 147 2163 1727 2236">
    <p class='ocr_par' dir='ltr' id='par_1_20' title="bbox 147 2163 1727 2236">
     <span class='ocr_line' id='line_1_20' title="bbox 147 2163 1727 2236; baseline 0.006 -22"><span class='ocrx_word' id='word_1_142' title='bbox 147 2163 395 2216; x_wconf 80' lang='grc' dir='ltr'>νεύουσιν</span> <span class='ocrx_word' id='word_1_143' title='bbox 437 2165 486 2216; x_wconf 80' lang='grc' dir='ltr'>οἱ</span> <span class='ocrx_word' id='word_1_144' title='bbox 528 2166 833 2229; x_wconf 86' lang='grc' dir='ltr'>ἀπόστολοι,</span> <span class='ocrx_word' id='word_1_145' title='bbox 866 2166 897 2235; x_wconf 77' lang='grc' dir='ltr'>ἦ</span> <span class='ocrx_word' id='word_1_146' title='bbox 948 2168 997 2220; x_wconf 78' lang='grc' dir='ltr'><strong>οἱ</strong></span> <span class='ocrx_word' id='word_1_147' title='bbox 1032 2170 1415 2236; x_wconf 71' lang='grc' dir='ltr'>εὐαγγελισταὶ</span> <span class='ocrx_word' id='word_1_148' title='bbox 1445 2171 1538 2223; x_wconf 89' lang='grc' dir='ltr'><strong>τοῦ</strong></span> <span class='ocrx_word' id='word_1_149' title='bbox 1575 2172 1727 2235; x_wconf 77' lang='grc' dir='ltr'>Υῑοῦ,</span> 
     </span>
    </p>
   </div>
   <div class='ocr_carea' id='block_1_21' title="bbox 144 2253 1732 2331">
    <p class='ocr_par' dir='ltr' id='par_1_21' title="bbox 144 2253 1732 2331">
     <span class='ocr_line' id='line_1_21' title="bbox 144 2253 1732 2331; baseline 0.006 -27"><span class='ocrx_word' id='word_1_150' title='bbox 144 2253 406 2317; x_wconf 82' lang='grc' dir='ltr'>τιθέασιν,</span> <span class='ocrx_word' id='word_1_151' title='bbox 444 2256 525 2307; x_wconf 84' lang='grc' dir='ltr'><strong>ὃτι</strong></span> <span class='ocrx_word' id='word_1_152' title='bbox 563 2256 827 2327; x_wconf 81' lang='grc' dir='ltr'>ἐγεννήθη</span> <span class='ocrx_word' id='word_1_153' title='bbox 860 2258 923 2310; x_wconf 86' lang='grc' dir='ltr'><strong>ἐκ</strong></span> <span class='ocrx_word' id='word_1_154' title='bbox 952 2262 1231 2325; x_wconf 84' lang='grc' dir='ltr'>γυναικός.</span> <span class='ocrx_word' id='word_1_155' title='bbox 1262 2260 1504 2330; x_wconf 81' lang='grc' dir='ltr'>Πρόσεχε</span> <span class='ocrx_word' id='word_1_156' title='bbox 1530 2261 1607 2331; x_wconf 83' lang='grc' dir='ltr'><strong>τῷ</strong></span> <span class='ocrx_word' id='word_1_157' title='bbox 1644 2262 1732 2314; x_wconf 84' lang='grc' dir='ltr'>λε-</span> 
     </span>
    </p>
   </div>
   <div class='ocr_carea' id='block_1_22' title="bbox 145 2342 1730 2420">
    <p class='ocr_par' dir='ltr' id='par_1_22' title="bbox 145 2342 1730 2420">
     <span class='ocr_line' id='line_1_22' title="bbox 145 2342 1730 2420; baseline 0.008 -27"><span class='ocrx_word' id='word_1_158' title='bbox 145 2342 383 2413; x_wconf 85' lang='grc' dir='ltr'>γομένῳ,</span> <span class='ocrx_word' id='word_1_159' title='bbox 417 2345 752 2414; x_wconf 81' lang='grc' dir='ltr'>παρακαλῶ·</span> <span class='ocrx_word' id='word_1_160' title='bbox 797 2345 932 2399; x_wconf 80' lang='grc' dir='ltr'>ὅπου</span> <span class='ocrx_word' id='word_1_161' title='bbox 961 2347 1069 2417; x_wconf 90' lang='grc' dir='ltr'><strong>γάρ</strong></span> <span class='ocrx_word' id='word_1_162' title='bbox 1099 2348 1314 2417; x_wconf 86' lang='grc' dir='ltr'>λέγουσι</span> <span class='ocrx_word' id='word_1_163' title='bbox 1346 2350 1403 2402; x_wconf 86' lang='grc' dir='ltr'><strong>τὸ</strong></span> <span class='ocrx_word' id='word_1_164' title='bbox 1436 2351 1605 2420; x_wconf 82' lang='grc' dir='ltr'>ὄνομα</span> <span class='ocrx_word' id='word_1_165' title='bbox 1636 2352 1730 2405; x_wconf 88' lang='grc' dir='ltr'><strong>τοῦ</strong></span> 
     </span>
    </p>
   </div>
   <div class='ocr_carea' id='block_1_23' title="bbox 148 2431 1733 2509">
    <p class='ocr_par' dir='ltr' id='par_1_23' title="bbox 148 2431 1733 2509">
     <span class='ocr_line' id='line_1_23' title="bbox 148 2431 1733 2509; baseline 0.008 -26"><span class='ocrx_word' id='word_1_166' title='bbox 148 2431 304 2497; x_wconf 82' lang='grc' dir='ltr'>Υἱοῦ,</span> <span class='ocrx_word' id='word_1_167' title='bbox 339 2436 431 2486; x_wconf 78' lang='grc' dir='ltr'>καὶ</span> <span class='ocrx_word' id='word_1_168' title='bbox 464 2436 545 2487; x_wconf 84' lang='grc' dir='ltr'><strong>ὅτι</strong></span> <span class='ocrx_word' id='word_1_169' title='bbox 581 2437 772 2508; x_wconf 83' lang='grc' dir='ltr'>ἐτέχθη</span> <span class='ocrx_word' id='word_1_170' title='bbox 808 2438 874 2491; x_wconf 87' lang='grc' dir='ltr'><strong>ἐκ</strong></span> <span class='ocrx_word' id='word_1_171' title='bbox 914 2439 1192 2505; x_wconf 84' lang='grc' dir='ltr'>γυναικὸς,</span> <span class='ocrx_word' id='word_1_172' title='bbox 1216 2440 1427 2494; x_wconf 85' lang='grc' dir='ltr'>τιθέασι</span> <span class='ocrx_word' id='word_1_173' title='bbox 1457 2442 1535 2504; x_wconf 83' lang='grc' dir='ltr'><strong>τὸ,</strong></span> <span class='ocrx_word' id='word_1_174' title='bbox 1557 2442 1733 2509; x_wconf 83' lang='grc' dir='ltr'>Ἐγεν-</span> 
     </span>
    </p>
   </div>
   <div class='ocr_carea' id='block_1_24' title="bbox 146 2524 1729 2599">
    <p class='ocr_par' dir='ltr' id='par_1_24' title="bbox 146 2524 1729 2599">
     <span class='ocr_line' id='line_1_24' title="bbox 146 2524 1729 2599; baseline 0.008 -25"><span class='ocrx_word' id='word_1_175' title='bbox 146 2524 286 2593; x_wconf 78' lang='grc' dir='ltr'>νήθη</span> <span class='ocrx_word' id='word_1_176' title='bbox 314 2538 328 2551; x_wconf 78' lang='grc'><strong><em>⁸</em></strong></span> <span class='ocrx_word' id='word_1_177' title='bbox 369 2526 502 2577; x_wconf 86' lang='grc' dir='ltr'>ὅπου</span> <span class='ocrx_word' id='word_1_178' title='bbox 537 2526 593 2580; x_wconf 84' lang='grc' dir='ltr'><strong>δὲ</strong></span> <span class='ocrx_word' id='word_1_179' title='bbox 642 2530 1038 2598; x_wconf 78' lang='grc' dir='ltr'>μνημονεύουσι</span> <span class='ocrx_word' id='word_1_180' title='bbox 1072 2531 1164 2583; x_wconf 87' lang='grc' dir='ltr'><strong>τοῦ</strong></span> <span class='ocrx_word' id='word_1_181' title='bbox 1197 2533 1389 2599; x_wconf 83' lang='grc' dir='ltr'>Λόγου,</span> <span class='ocrx_word' id='word_1_182' title='bbox 1427 2533 1598 2597; x_wconf 76' lang='grc' dir='ltr'>οὐδεὶς</span> <span class='ocrx_word' id='word_1_183' title='bbox 1631 2535 1729 2586; x_wconf 81' lang='grc' dir='ltr'>αὑ-</span> 
     </span>
    </p>
   </div>
   <div class='ocr_carea' id='block_1_25' title="bbox 148 2613 1732 2695">
    <p class='ocr_par' dir='ltr' id='par_1_25' title="bbox 148 2613 1732 2695">
     <span class='ocr_line' id='line_1_25' title="bbox 148 2613 1732 2695; baseline 0.008 -30"><span class='ocrx_word' id='word_1_184' title='bbox 148 2613 253 2666; x_wconf 84' lang='grc' dir='ltr'><strong>τῶν</strong></span> <span class='ocrx_word' id='word_1_185' title='bbox 290 2616 589 2685; x_wconf 84' lang='grc' dir='ltr'>ἐτόλμησεν</span> <span class='ocrx_word' id='word_1_186' title='bbox 623 2621 816 2680; x_wconf 71' lang='grc' dir='ltr'>εἰπεῖν,</span> <span class='ocrx_word' id='word_1_187' title='bbox 846 2621 1097 2692; x_wconf 86' lang='grc' dir='ltr'>γέννησιν</span> <span class='ocrx_word' id='word_1_188' title='bbox 1130 2622 1218 2676; x_wconf 80' lang='grc' dir='ltr'><strong>διὰ</strong></span> <span class='ocrx_word' id='word_1_189' title='bbox 1243 2627 1342 2693; x_wconf 87' lang='grc' dir='ltr'>τῆς</span> <span class='ocrx_word' id='word_1_190' title='bbox 1375 2624 1732 2695; x_wconf 87' lang='grc' dir='ltr'>ἀνθρωπότη-</span> 
     </span>
    </p>
   </div>
   <div class='ocr_carea' id='block_1_26' title="bbox 143 2704 1732 2784">
    <p class='ocr_par' dir='ltr' id='par_1_26' title="bbox 143 2704 1732 2784">
     <span class='ocr_line' id='line_1_26' title="bbox 143 2704 1732 2784; baseline 0.009 -31"><span class='ocrx_word' id='word_1_191' title='bbox 143 2720 252 2766; x_wconf 82' lang='grc' dir='ltr'>τος.</span> <span class='ocrx_word' id='word_1_192' title='bbox 274 2704 339 2756; x_wconf 87' lang='lat'><strong>&#39;0</strong></span> <span class='ocrx_word' id='word_1_193' title='bbox 360 2704 466 2775; x_wconf 87' lang='grc' dir='ltr'><strong>γάρ</strong></span> <span class='ocrx_word' id='word_1_194' title='bbox 500 2709 770 2778; x_wconf 82' lang='grc' dir='ltr'>μακάριος</span> <span class='ocrx_word' id='word_1_195' title='bbox 794 2709 1045 2781; x_wconf 82' lang='grc' dir='ltr'>Ἰωάννης</span> <span class='ocrx_word' id='word_1_196' title='bbox 1071 2715 1098 2765; x_wconf 85' lang='grc' dir='ltr'>ὁ</span> <span class='ocrx_word' id='word_1_197' title='bbox 1119 2712 1530 2784; x_wconf 80' lang='grc' dir='ltr'>εὐαγγελιστὴς,</span> <span class='ocrx_word' id='word_1_198' title='bbox 1562 2715 1732 2768; x_wconf 81' lang='grc' dir='ltr'>ἐλθὼν</span> 
     </span>
    </p>
   </div>
   <div class='ocr_carea' id='block_1_27' title="bbox 144 2797 1731 2875">
    <p class='ocr_par' dir='ltr' id='par_1_27' title="bbox 144 2797 1731 2875">
     <span class='ocr_line' id='line_1_27' title="bbox 144 2797 1731 2875; baseline 0.008 -28"><span class='ocrx_word' id='word_1_199' title='bbox 144 2797 222 2858; x_wconf 75' lang='grc' dir='ltr'>εἰς</span> <span class='ocrx_word' id='word_1_200' title='bbox 278 2798 373 2849; x_wconf 78' lang='grc' dir='ltr'><strong>τὸν</strong></span> <span class='ocrx_word' id='word_1_201' title='bbox 427 2799 617 2865; x_wconf 82' lang='grc' dir='ltr'>Λόγον,</span> <span class='ocrx_word' id='word_1_202' title='bbox 672 2802 764 2853; x_wconf 75' lang='grc' dir='ltr'>καὶ</span> <span class='ocrx_word' id='word_1_203' title='bbox 812 2803 891 2865; x_wconf 77' lang='grc' dir='ltr'><strong>εἰς</strong></span> <span class='ocrx_word' id='word_1_204' title='bbox 945 2802 1043 2873; x_wconf 85' lang='grc' dir='ltr'>τὴν</span> <span class='ocrx_word' id='word_1_205' title='bbox 1092 2806 1504 2875; x_wconf 80' lang='grc' dir='ltr'>ἐνανθρὼπησιν</span> <span class='ocrx_word' id='word_1_206' title='bbox 1542 2807 1731 2872; x_wconf 81' lang='grc' dir='ltr'>αὑτοῦ,</span> 
     </span>
    </p>
   </div>
   <div class='ocr_carea' id='block_1_28' title="bbox 143 2886 1626 2972">
    <p class='ocr_par' dir='ltr' id='par_1_28' title="bbox 143 2886 1626 2972">
     <span class='ocr_line' id='line_1_28' title="bbox 143 2886 1626 2972; baseline 0.007 -34"><span class='ocrx_word' id='word_1_207' title='bbox 143 2890 385 2941; x_wconf 75' lang='grc' dir='ltr'>ἄκουσον</span> <span class='ocrx_word' id='word_1_208' title='bbox 425 2886 514 2943; x_wconf 82' lang='grc' dir='ltr'><strong>οἷά</strong></span> <span class='ocrx_word' id='word_1_209' title='bbox 554 2909 735 2961; x_wconf 82' lang='grc' dir='ltr'>φησιν.</span> <span class='ocrx_word' id='word_1_210' title='bbox 784 2912 801 2943; x_wconf 78' lang='lat' dir='ltr'><strong>i</strong></span> <span class='ocrx_word' id='word_1_211' title='bbox 842 2895 899 2947; x_wconf 91' lang='lat'><strong>&#39;0</strong></span> <span class='ocrx_word' id='word_1_212' title='bbox 924 2895 1091 2963; x_wconf 85' lang='grc' dir='ltr'>Λόγος</span> <span class='ocrx_word' id='word_1_213' title='bbox 1138 2897 1270 2966; x_wconf 75' lang='grc' dir='ltr'>σὰρξ</span> <span class='ocrx_word' id='word_1_214' title='bbox 1310 2899 1546 2965; x_wconf 78' lang='grc' dir='ltr'>ἐγένετο.</span> <span class='ocrx_word' id='word_1_215' title='bbox 1581 2899 1626 2972; x_wconf 72' lang='grc' dir='ltr'>ι]</span> 
     </span>
    </p>
   </div>
   <div class='ocr_carea' id='block_1_29' title="bbox 758 3052 1126 3107">
    <p class='ocr_par' dir='ltr' id='par_1_29' title="bbox 758 3052 1126 3107">
     <span class='ocr_line' id='line_1_29' title="bbox 758 3052 1126 3107; baseline 0.014 -6"><span class='ocrx_word' id='word_1_216' title='bbox 758 3052 1004 3107; x_wconf 79' lang='grc' dir='ltr'><strong>ΚΕΦΑΛ.</strong></span> <span class='ocrx_word' id='word_1_217' title='bbox 1047 3055 1126 3106; x_wconf 82' lang='lat' dir='ltr'><strong>H’.</strong></span> 
     </span>
    </p>
   </div>
   <div class='ocr_carea' id='block_1_30' title="bbox 1832 603 3409 678">
    <p class='ocr_par' dir='ltr' id='par_1_30' title="bbox 1832 603 3409 678">
     <span class='ocr_line' id='line_1_30' title="bbox 1832 603 3409 678; baseline 0.01 -26"><span class='ocrx_word' id='word_1_218' title='bbox 1832 616 1992 670; x_wconf 85' lang='lat' dir='ltr'><strong>quam</strong></span> <span class='ocrx_word' id='word_1_219' title='bbox 2035 603 2132 656; x_wconf 87' lang='lat' dir='ltr'><strong>iste</strong></span> <span class='ocrx_word' id='word_1_220' title='bbox 2179 613 2236 656; x_wconf 92' lang='lat' dir='ltr'><strong>ut</strong></span> <span class='ocrx_word' id='word_1_221' title='bbox 2288 605 2352 659; x_wconf 88' lang='lat' dir='ltr'><strong>ad</strong></span> <span class='ocrx_word' id='word_1_222' title='bbox 2404 620 2557 659; x_wconf 88' lang='lat' dir='ltr'><strong>suam</strong></span> <span class='ocrx_word' id='word_1_223' title='bbox 2605 608 2929 661; x_wconf 82' lang='lat' dir='ltr'><strong>sententiam</strong></span> <span class='ocrx_word' id='word_1_224' title='bbox 2976 623 3267 678; x_wconf 84' lang='lat' dir='ltr'><strong>pervertat.</strong></span> <span class='ocrx_word' id='word_1_225' title='bbox 3311 614 3409 677; x_wconf 87' lang='lat' dir='ltr'><strong>ipsi</strong></span> 
     </span>
    </p>
   </div>
   <div class='ocr_carea' id='block_1_31' title="bbox 1835 692 3410 768">
    <p class='ocr_par' dir='ltr' id='par_1_31' title="bbox 1835 692 3410 768">
     <span class='ocr_line' id='line_1_31' title="bbox 1835 692 3410 768; baseline 0.01 -26"><span class='ocrx_word' id='word_1_226' title='bbox 1835 692 2224 760; x_wconf 72' lang='lat' dir='ltr'><strong>pmentissiinze</strong></span> <span class='ocrx_word' id='word_1_227' title='bbox 2256 697 2474 749; x_wconf 85' lang='lat' dir='ltr'><strong>veritati</strong></span> <span class='ocrx_word' id='word_1_228' title='bbox 2520 699 2813 752; x_wconf 81' lang='lat' dir='ltr'><strong>succurrit.</strong></span> <span class='ocrx_word' id='word_1_229' title='bbox 2841 700 2931 752; x_wconf 81' lang='lat' dir='ltr'><strong>Ait</strong></span> <span class='ocrx_word' id='word_1_230' title='bbox 2954 701 3095 753; x_wconf 87' lang='lat' dir='ltr'><strong>enim</strong></span> <span class='ocrx_word' id='word_1_231' title='bbox 3124 703 3410 768; x_wconf 82' lang='lat' dir='ltr'><strong>scripsisse</strong></span> 
     </span>
    </p>
   </div>
   <div class='ocr_carea' id='block_1_32' title="bbox 1832 784 3413 859">
    <p class='ocr_par' dir='ltr' id='par_1_32' title="bbox 1832 784 3413 859">
     <span class='ocr_line' id='line_1_32' title="bbox 1832 784 3413 859; baseline 0.006 -22"><span class='ocrx_word' id='word_1_232' title='bbox 1832 784 2022 839; x_wconf 82' lang='lat' dir='ltr'><strong>Patres</strong></span> <span class='ocrx_word' id='word_1_233' title='bbox 2050 804 2061 837; x_wconf 92' lang='lat'><strong>:</strong></span> <span class='ocrx_word' id='word_1_234' title='bbox 2090 786 2396 859; x_wconf 78' lang='lat' dir='ltr'><strong>[Credimus</strong></span> <span class='ocrx_word' id='word_1_235' title='bbox 2427 789 2477 841; x_wconf 90' lang='lat' dir='ltr'><strong>in</strong></span> <span class='ocrx_word' id='word_1_236' title='bbox 2514 805 2678 843; x_wconf 90' lang='lat' dir='ltr'><strong>unum</strong></span> <span class='ocrx_word' id='word_1_237' title='bbox 2710 791 2991 844; x_wconf 86' lang='lat' dir='ltr'><strong>Dominum</strong></span> <span class='ocrx_word' id='word_1_238' title='bbox 3038 792 3219 845; x_wconf 74' lang='lat' dir='ltr'><strong>Iesum</strong></span> <span class='ocrx_word' id='word_1_239' title='bbox 3252 794 3413 848; x_wconf 89' lang='lat' dir='ltr'><strong>Chri-</strong></span> 
     </span>
    </p>
   </div>
   <div class='ocr_carea' id='block_1_33' title="bbox 1832 878 3407 951">
    <p class='ocr_par' dir='ltr' id='par_1_33' title="bbox 1832 878 3407 951">
     <span class='ocr_line' id='line_1_33' title="bbox 1832 878 3407 951; baseline 0.004 -20"><span class='ocrx_word' id='word_1_240' title='bbox 1832 889 1995 940; x_wconf 87' lang='lat' dir='ltr'><strong>stum,</strong></span> <span class='ocrx_word' id='word_1_241' title='bbox 2048 878 2244 933; x_wconf 85' lang='lat' dir='ltr'><strong>Filium</strong></span> <span class='ocrx_word' id='word_1_242' title='bbox 2294 881 2652 949; x_wconf 77' lang='lat' dir='ltr'><strong>unigenitum,</strong></span> <span class='ocrx_word' id='word_1_243' title='bbox 2701 899 2766 935; x_wconf 76' lang='lat' dir='ltr'><strong>ex</strong></span> <span class='ocrx_word' id='word_1_244' title='bbox 2817 885 2978 939; x_wconf 86' lang='lat' dir='ltr'><strong>Patre</strong></span> <span class='ocrx_word' id='word_1_245' title='bbox 3023 896 3232 951; x_wconf 88' lang='lat' dir='ltr'><strong>natum,</strong></span> <span class='ocrx_word' id='word_1_246' title='bbox 3273 902 3407 941; x_wconf 86' lang='lat' dir='ltr'><strong>con-</strong></span> 
     </span>
    </p>
   </div>
   <div class='ocr_carea' id='block_1_34' title="bbox 1832 973 3407 1045">
    <p class='ocr_par' dir='ltr' id='par_1_34' title="bbox 1832 973 3407 1045">
     <span class='ocr_line' id='line_1_34' title="bbox 1832 973 3407 1045; baseline 0.004 -21"><span class='ocrx_word' id='word_1_247' title='bbox 1832 973 2240 1026; x_wconf 89' lang='lat' dir='ltr'><strong>substantialem</strong></span> <span class='ocrx_word' id='word_1_248' title='bbox 2287 973 2471 1027; x_wconf 87' lang='lat' dir='ltr'><strong>Patri:</strong></span> <span class='ocrx_word' id='word_1_249' title='bbox 2502 977 2591 1043; x_wconf 86' lang='lat' dir='ltr'><strong>qui</strong></span> <span class='ocrx_word' id='word_1_250' title='bbox 2629 977 2904 1031; x_wconf 86' lang='lat' dir='ltr'><strong>descendit</strong></span> <span class='ocrx_word' id='word_1_251' title='bbox 2939 988 3156 1045; x_wconf 83' lang='lat' dir='ltr'><strong>propter</strong></span> <span class='ocrx_word' id='word_1_252' title='bbox 3196 995 3315 1041; x_wconf 87' lang='lat' dir='ltr'><strong>nos,</strong></span> <span class='ocrx_word' id='word_1_253' title='bbox 3355 991 3407 1034; x_wconf 87' lang='lat' dir='ltr'><strong>et</strong></span> 
     </span>
    </p>
   </div>
   <div class='ocr_carea' id='block_1_35' title="bbox 1832 1066 3406 1139">
    <p class='ocr_par' dir='ltr' id='par_1_35' title="bbox 1832 1066 3406 1139">
     <span class='ocr_line' id='line_1_35' title="bbox 1832 1066 3406 1139; baseline 0.005 -21"><span class='ocrx_word' id='word_1_254' title='bbox 1832 1067 2147 1121; x_wconf 79' lang='lat' dir='ltr'><strong>incarnatus</strong></span> <span class='ocrx_word' id='word_1_255' title='bbox 2173 1076 2255 1121; x_wconf 89' lang='lat' dir='ltr'><strong>est</strong></span> <span class='ocrx_word' id='word_1_256' title='bbox 2282 1068 2347 1121; x_wconf 84' lang='lat' dir='ltr'><strong>(le</strong></span> <span class='ocrx_word' id='word_1_257' title='bbox 2379 1066 2580 1136; x_wconf 88' lang='lat' dir='ltr'><strong>Spiritu</strong></span> <span class='ocrx_word' id='word_1_258' title='bbox 2622 1070 2856 1139; x_wconf 74' lang='lat' dir='ltr'><strong>sancto.]</strong></span> <span class='ocrx_word' id='word_1_259' title='bbox 2897 1071 2973 1122; x_wconf 79' lang='lat' dir='ltr'><strong>Ad</strong></span> <span class='ocrx_word' id='word_1_260' title='bbox 3013 1071 3124 1124; x_wconf 68' lang='lat' dir='ltr'><strong>hinc</strong></span> <span class='ocrx_word' id='word_1_261' title='bbox 3152 1073 3314 1127; x_wconf 75' lang='lat' dir='ltr'><strong>infert</strong></span> <span class='ocrx_word' id='word_1_262' title='bbox 3344 1088 3406 1126; x_wconf 86' lang='lat' dir='ltr'><strong>ac</strong></span> 
     </span>
    </p>
   </div>
   <div class='ocr_carea' id='block_1_36' title="bbox 1832 1156 3406 1232">
    <p class='ocr_par' dir='ltr' id='par_1_36' title="bbox 1832 1156 3406 1232">
     <span class='ocr_line' id='line_1_36' title="bbox 1832 1156 3406 1232; baseline 0.004 -22"><span class='ocrx_word' id='word_1_263' title='bbox 1832 1156 1962 1210; x_wconf 87' lang='lat' dir='ltr'><strong>dicit</strong></span> <span class='ocrx_word' id='word_1_264' title='bbox 2007 1159 2073 1211; x_wconf 86' lang='lat' dir='ltr'><strong>de</strong></span> <span class='ocrx_word' id='word_1_265' title='bbox 2106 1159 2313 1213; x_wconf 80' lang='lat' dir='ltr'><strong>sanctis</strong></span> <span class='ocrx_word' id='word_1_266' title='bbox 2348 1159 2453 1213; x_wconf 92' lang='lat' dir='ltr'><strong>illis</strong></span> <span class='ocrx_word' id='word_1_267' title='bbox 2484 1159 2777 1215; x_wconf 86' lang='lat' dir='ltr'><strong>Patribus:</strong></span> <span class='ocrx_word' id='word_1_268' title='bbox 2815 1160 3070 1232; x_wconf 73' lang='lat' dir='ltr'><strong>[Inferius</strong></span> <span class='ocrx_word' id='word_1_269' title='bbox 3099 1178 3225 1217; x_wconf 85' lang='lat' dir='ltr'><strong>vero</strong></span> <span class='ocrx_word' id='word_1_270' title='bbox 3265 1164 3406 1217; x_wconf 82' lang='lat' dir='ltr'><strong>hunc</strong></span> 
     </span>
    </p>
   </div>
   <div class='ocr_carea' id='block_1_37' title="bbox 1833 1246 3406 1318">
    <p class='ocr_par' dir='ltr' id='par_1_37' title="bbox 1833 1246 3406 1318">
     <span class='ocr_line' id='line_1_37' title="bbox 1833 1246 3406 1318; baseline 0.003 -19"><span class='ocrx_word' id='word_1_271' title='bbox 1833 1246 2008 1314; x_wconf 88' lang='lat' dir='ltr'><strong>ipsum</strong></span> <span class='ocrx_word' id='word_1_272' title='bbox 2056 1248 2149 1317; x_wconf 89' lang='lat' dir='ltr'><strong>qui</strong></span> <span class='ocrx_word' id='word_1_273' title='bbox 2202 1249 2401 1302; x_wconf 90' lang='lat' dir='ltr'><strong>dicitur</strong></span> <span class='ocrx_word' id='word_1_274' title='bbox 2437 1250 2776 1313; x_wconf 81' lang='lat' dir='ltr'><strong>incarnatus,</strong></span> <span class='ocrx_word' id='word_1_275' title='bbox 2820 1251 3249 1318; x_wconf 77' lang='lat' dir='ltr'><strong>interpretantur</strong></span> <span class='ocrx_word' id='word_1_276' title='bbox 3288 1265 3406 1304; x_wconf 76' lang='lat' dir='ltr'><strong>esse</strong></span> 
     </span>
    </p>
   </div>
   <div class='ocr_carea' id='block_1_38' title="bbox 1834 1338 3404 1409">
    <p class='ocr_par' dir='ltr' id='par_1_38' title="bbox 1834 1338 3404 1409">
     <span class='ocr_line' id='line_1_38' title="bbox 1834 1338 3404 1409; baseline 0 -17"><span class='ocrx_word' id='word_1_277' title='bbox 1834 1340 2105 1393; x_wconf 90' lang='lat' dir='ltr'><strong>hominem</strong></span> <span class='ocrx_word' id='word_1_278' title='bbox 2144 1338 2343 1394; x_wconf 83' lang='lat' dir='ltr'><strong>factum</strong></span> <span class='ocrx_word' id='word_1_279' title='bbox 2374 1359 2387 1394; x_wconf 92' lang='lat'><strong>:</strong></span> <span class='ocrx_word' id='word_1_280' title='bbox 2416 1356 2522 1395; x_wconf 89' lang='lat' dir='ltr'><strong>non</strong></span> <span class='ocrx_word' id='word_1_281' title='bbox 2554 1342 2695 1409; x_wconf 89' lang='lat' dir='ltr'><strong>quod</strong></span> <span class='ocrx_word' id='word_1_282' title='bbox 2737 1351 2929 1393; x_wconf 87' lang='lat' dir='ltr'><strong>natura</strong></span> <span class='ocrx_word' id='word_1_283' title='bbox 2973 1342 3154 1394; x_wconf 90' lang='lat' dir='ltr'><strong>divina</strong></span> <span class='ocrx_word' id='word_1_284' title='bbox 3186 1341 3235 1393; x_wconf 90' lang='lat' dir='ltr'><strong>in</strong></span> <span class='ocrx_word' id='word_1_285' title='bbox 3284 1358 3404 1394; x_wconf 80' lang='lat' dir='ltr'><strong>car-</strong></span> 
     </span>
    </p>
   </div>
   <div class='ocr_carea' id='block_1_39' title="bbox 1834 1430 3404 1501">
    <p class='ocr_par' dir='ltr' id='par_1_39' title="bbox 1834 1430 3404 1501">
     <span class='ocr_line' id='line_1_39' title="bbox 1834 1430 3404 1501; baseline 0.001 -18"><span class='ocrx_word' id='word_1_286' title='bbox 1834 1444 1956 1483; x_wconf 88' lang='lat' dir='ltr'><strong>nem</strong></span> <span class='ocrx_word' id='word_1_287' title='bbox 1990 1430 2061 1484; x_wconf 82' lang='lat' dir='ltr'><strong>sit</strong></span> <span class='ocrx_word' id='word_1_288' title='bbox 2101 1440 2328 1497; x_wconf 87' lang='lat' dir='ltr'><strong>mutata,</strong></span> <span class='ocrx_word' id='word_1_289' title='bbox 2366 1433 2459 1487; x_wconf 88' lang='lat' dir='ltr'><strong>sed</strong></span> <span class='ocrx_word' id='word_1_290' title='bbox 2497 1433 2638 1500; x_wconf 93' lang='lat' dir='ltr'><strong>quod</strong></span> <span class='ocrx_word' id='word_1_291' title='bbox 2674 1433 2724 1485; x_wconf 90' lang='lat' dir='ltr'><strong>in</strong></span> <span class='ocrx_word' id='word_1_292' title='bbox 2761 1432 2978 1487; x_wconf 87' lang='lat' dir='ltr'><strong>homine</strong></span> <span class='ocrx_word' id='word_1_293' title='bbox 3010 1432 3312 1501; x_wconf 46' lang='lat' dir='ltr'><strong>habiiai‘it.]</strong></span> <span class='ocrx_word' id='word_1_294' title='bbox 3353 1430 3404 1484; x_wconf 92' lang='lat' dir='ltr'><strong>In</strong></span> 
     </span>
    </p>
   </div>
   <div class='ocr_carea' id='block_1_40' title="bbox 1831 1521 3408 1587">
    <p class='ocr_par' dir='ltr' id='par_1_40' title="bbox 1831 1521 3408 1587">
     <span class='ocr_line' id='line_1_40' title="bbox 1831 1521 3408 1587; baseline 0.001 -14"><span class='ocrx_word' id='word_1_295' title='bbox 1831 1521 2169 1587; x_wconf 82' lang='lat' dir='ltr'><strong>expositione</strong></span> <span class='ocrx_word' id='word_1_296' title='bbox 2202 1538 2388 1576; x_wconf 87' lang='lat' dir='ltr'><strong>rursus</strong></span> <span class='ocrx_word' id='word_1_297' title='bbox 2424 1523 2597 1577; x_wconf 88' lang='lat' dir='ltr'><strong>eidem</strong></span> <span class='ocrx_word' id='word_1_298' title='bbox 2632 1523 2863 1577; x_wconf 61' lang='lat' dir='ltr'><strong>inhaeret</strong></span> <span class='ocrx_word' id='word_1_299' title='bbox 2899 1524 3205 1584; x_wconf 61' lang='lat' dir='ltr'><strong>sententia,</strong></span> <span class='ocrx_word' id='word_1_300' title='bbox 3243 1540 3305 1576; x_wconf 83' lang='lat' dir='ltr'><strong>ac</strong></span> <span class='ocrx_word' id='word_1_301' title='bbox 3336 1524 3408 1576; x_wconf 83' lang='lat' dir='ltr'><strong>ita</strong></span> 
     </span>
    </p>
   </div>
   <div class='ocr_carea' id='block_1_41' title="bbox 1833 1612 2007 1665">
    <p class='ocr_par' dir='ltr' id='par_1_41' title="bbox 1833 1612 2007 1665">
     <span class='ocr_line' id='line_1_41' title="bbox 1833 1612 2007 1665; baseline 0 0"><span class='ocrx_word' id='word_1_302' title='bbox 1833 1612 1958 1665; x_wconf 85' lang='lat' dir='ltr'><strong>dicit</strong></span> <span class='ocrx_word' id='word_1_303' title='bbox 1994 1630 2007 1665; x_wconf 89' lang='lat'><strong>:</strong></span> 
     </span>
    </p>
   </div>
   <div class='ocr_carea' id='block_1_42' title="bbox 1907 1702 3406 1775">
    <p class='ocr_par' dir='ltr' id='par_1_42' title="bbox 1907 1702 3406 1775">
     <span class='ocr_line' id='line_1_42' title="bbox 1907 1702 3406 1775; baseline 0.003 -20"><span class='ocrx_word' id='word_1_304' title='bbox 1907 1702 2185 1774; x_wconf 74' lang='grc' dir='ltr'>[Νεετοει.</span> <span class='ocrx_word' id='word_1_305' title='bbox 2231 1703 2413 1758; x_wconf 87' lang='lat' dir='ltr'><strong>Secuti</strong></span> <span class='ocrx_word' id='word_1_306' title='bbox 2455 1715 2581 1758; x_wconf 87' lang='lat' dir='ltr'><strong>sunt</strong></span> <span class='ocrx_word' id='word_1_307' title='bbox 2610 1706 2995 1775; x_wconf 84' lang='lat' dir='ltr'><strong>evangelistam</strong></span> <span class='ocrx_word' id='word_1_308' title='bbox 3032 1750 3041 1759; x_wconf 91' lang='lat'><em>.</em></span> <span class='ocrx_word' id='word_1_309' title='bbox 3079 1722 3201 1761; x_wconf 88' lang='lat' dir='ltr'><strong>nam</strong></span> <span class='ocrx_word' id='word_1_310' title='bbox 3242 1722 3406 1761; x_wconf 87' lang='lat' dir='ltr'><strong>evan-</strong></span> 
     </span>
    </p>
   </div>
   <div class='ocr_carea' id='block_1_43' title="bbox 1835 1796 3406 1868">
    <p class='ocr_par' dir='ltr' id='par_1_43' title="bbox 1835 1796 3406 1868">
     <span class='ocr_line' id='line_1_43' title="bbox 1835 1796 3406 1868; baseline 0.004 -21"><span class='ocrx_word' id='word_1_311' title='bbox 1835 1796 2022 1861; x_wconf 75' lang='lat' dir='ltr'><strong>gelista</strong></span> <span class='ocrx_word' id='word_1_312' title='bbox 2071 1797 2159 1849; x_wconf 92' lang='lat' dir='ltr'><strong>ubi</strong></span> <span class='ocrx_word' id='word_1_313' title='bbox 2193 1797 2258 1850; x_wconf 91' lang='lat' dir='ltr'><strong>ad</strong></span> <span class='ocrx_word' id='word_1_314' title='bbox 2299 1797 2624 1850; x_wconf 86' lang='lat' dir='ltr'><strong>narrandam</strong></span> <span class='ocrx_word' id='word_1_315' title='bbox 2672 1799 3113 1853; x_wconf 89' lang='lat' dir='ltr'><strong>hiimanatiouem</strong></span> <span class='ocrx_word' id='word_1_316' title='bbox 3140 1803 3406 1868; x_wconf 85' lang='lat' dir='ltr'><strong>pervenit.</strong></span> 
     </span>
    </p>
   </div>
   <div class='ocr_carea' id='block_1_44' title="bbox 1834 1888 3413 1958">
    <p class='ocr_par' dir='ltr' id='par_1_44' title="bbox 1834 1888 3413 1958">
     <span class='ocr_line' id='line_1_44' title="bbox 1834 1888 3413 1958; baseline 0.002 -18"><span class='ocrx_word' id='word_1_317' title='bbox 1834 1888 2015 1941; x_wconf 88' lang='lat' dir='ltr'><strong>dicere</strong></span> <span class='ocrx_word' id='word_1_318' title='bbox 2041 1890 2438 1954; x_wconf 79' lang='lat' dir='ltr'><strong>generationem</strong></span> <span class='ocrx_word' id='word_1_319' title='bbox 2474 1888 2526 1941; x_wconf 90' lang='lat' dir='ltr'><strong>in</strong></span> <span class='ocrx_word' id='word_1_320' title='bbox 2558 1888 2665 1942; x_wconf 85' lang='lat' dir='ltr'><strong>Deo</strong></span> <span class='ocrx_word' id='word_1_321' title='bbox 2694 1888 2869 1943; x_wconf 87' lang='lat' dir='ltr'><strong>Verbo</strong></span> <span class='ocrx_word' id='word_1_322' title='bbox 2897 1891 3105 1953; x_wconf 83' lang='lat' dir='ltr'><strong>vitavit,</strong></span> <span class='ocrx_word' id='word_1_323' title='bbox 3140 1907 3203 1945; x_wconf 85' lang='lat' dir='ltr'><strong>ac</strong></span> <span class='ocrx_word' id='word_1_324' title='bbox 3236 1895 3413 1958; x_wconf 78' lang='lat' dir='ltr'><strong>posuit</strong></span> 
     </span>
    </p>
   </div>
   <div class='ocr_carea' id='block_1_45' title="bbox 1834 1978 3411 2036">
    <p class='ocr_par' dir='ltr' id='par_1_45' title="bbox 1834 1978 3411 2036">
     <span class='ocr_line' id='line_1_45' title="bbox 1834 1978 3411 2036; baseline 0 -5"><span class='ocrx_word' id='word_1_325' title='bbox 1834 1978 2288 2033; x_wconf 86' lang='lat' dir='ltr'><strong>incarnationem.</strong></span> <span class='ocrx_word' id='word_1_326' title='bbox 2339 1978 2606 2034; x_wconf 86' lang='lat' dir='ltr'><strong>Ubinam?</strong></span> <span class='ocrx_word' id='word_1_327' title='bbox 2640 1981 2763 2035; x_wconf 87' lang='lat' dir='ltr'><strong>audi</strong></span> <span class='ocrx_word' id='word_1_328' title='bbox 2799 1999 2810 2034; x_wconf 92' lang='lat'>:</span> <span class='ocrx_word' id='word_1_329' title='bbox 2853 1999 2871 2031; x_wconf 82' lang='grc' dir='ltr'><strong>ι</strong></span> <span class='ocrx_word' id='word_1_330' title='bbox 2906 1982 2969 2035; x_wconf 85' lang='lat' dir='ltr'><strong>Et</strong></span> <span class='ocrx_word' id='word_1_331' title='bbox 3000 1980 3236 2036; x_wconf 83' lang='lat' dir='ltr'><strong>Verbum</strong></span> <span class='ocrx_word' id='word_1_332' title='bbox 3282 1998 3411 2036; x_wconf 74' lang='lat' dir='ltr'><strong>cari.</strong></span> 
     </span>
    </p>
   </div>
   <div class='ocr_carea' id='block_1_46' title="bbox 1836 2070 3405 2138">
    <p class='ocr_par' dir='ltr' id='par_1_46' title="bbox 1836 2070 3405 2138">
     <span class='ocr_line' id='line_1_46' title="bbox 1836 2070 3405 2138; baseline 0.002 -15"><span class='ocrx_word' id='word_1_333' title='bbox 1836 2070 2032 2125; x_wconf 80' lang='lat' dir='ltr'><strong>factum</strong></span> <span class='ocrx_word' id='word_1_334' title='bbox 2062 2082 2143 2125; x_wconf 92' lang='lat' dir='ltr'><strong>est</strong></span> <span class='ocrx_word' id='word_1_335' title='bbox 2170 2072 2250 2138; x_wconf 81' lang='lat'><strong>&quot;;</strong></span> <span class='ocrx_word' id='word_1_336' title='bbox 2286 2090 2304 2123; x_wconf 82' lang='lat' dir='ltr'><strong>i</strong></span> <span class='ocrx_word' id='word_1_337' title='bbox 2344 2088 2451 2126; x_wconf 91' lang='lat' dir='ltr'><strong>non</strong></span> <span class='ocrx_word' id='word_1_338' title='bbox 2490 2072 2661 2127; x_wconf 78' lang='lat' dir='ltr'><strong>dixit:</strong></span> <span class='ocrx_word' id='word_1_339' title='bbox 2688 2071 2792 2127; x_wconf 89' lang='lat' dir='ltr'><strong>Per</strong></span> <span class='ocrx_word' id='word_1_340' title='bbox 2826 2088 3047 2129; x_wconf 88' lang='lat' dir='ltr'><strong>carnem</strong></span> <span class='ocrx_word' id='word_1_341' title='bbox 3095 2088 3253 2128; x_wconf 81' lang='lat' dir='ltr'><strong>natus</strong></span> <span class='ocrx_word' id='word_1_342' title='bbox 3281 2086 3363 2129; x_wconf 89' lang='lat' dir='ltr'><strong>est</strong></span> <span class='ocrx_word' id='word_1_343' title='bbox 3396 2093 3405 2126; x_wconf 90' lang='lat'><strong>:</strong></span> 
     </span>
    </p>
   </div>
   <div class='ocr_carea' id='block_1_47' title="bbox 1835 2165 3407 2237">
    <p class='ocr_par' dir='ltr' id='par_1_47' title="bbox 1835 2165 3407 2237">
     <span class='ocr_line' id='line_1_47' title="bbox 1835 2165 3407 2237; baseline 0.001 -19"><span class='ocrx_word' id='word_1_344' title='bbox 1835 2180 1957 2219; x_wconf 83' lang='lat' dir='ltr'><strong>nam</strong></span> <span class='ocrx_word' id='word_1_345' title='bbox 2002 2166 2089 2220; x_wconf 89' lang='lat' dir='ltr'><strong>ubi</strong></span> <span class='ocrx_word' id='word_1_346' title='bbox 2142 2166 2370 2235; x_wconf 88' lang='lat' dir='ltr'><strong>apostoli</strong></span> <span class='ocrx_word' id='word_1_347' title='bbox 2406 2165 2490 2219; x_wconf 88' lang='lat' dir='ltr'><strong>vel</strong></span> <span class='ocrx_word' id='word_1_348' title='bbox 2532 2165 2875 2237; x_wconf 60' lang='lat' dir='ltr'><strong>evangelista;</strong></span> <span class='ocrx_word' id='word_1_349' title='bbox 2915 2168 3241 2222; x_wconf 88' lang='lat' dir='ltr'><strong>mentionem</strong></span> <span class='ocrx_word' id='word_1_350' title='bbox 3287 2167 3407 2222; x_wconf 88' lang='lat' dir='ltr'><strong>Filii</strong></span> 
     </span>
    </p>
   </div>
   <div class='ocr_carea' id='block_1_48' title="bbox 1836 2257 3407 2327">
    <p class='ocr_par' dir='ltr' id='par_1_48' title="bbox 1836 2257 3407 2327">
     <span class='ocr_line' id='line_1_48' title="bbox 1836 2257 3407 2327; baseline 0 -16"><span class='ocrx_word' id='word_1_351' title='bbox 1836 2257 2080 2323; x_wconf 81' lang='lat' dir='ltr'><strong>faciunt,</strong></span> <span class='ocrx_word' id='word_1_352' title='bbox 2123 2268 2331 2327; x_wconf 89' lang='lat' dir='ltr'><strong>ponunt</strong></span> <span class='ocrx_word' id='word_1_353' title='bbox 2378 2266 2561 2312; x_wconf 90' lang='lat' dir='ltr'><strong>natum</strong></span> <span class='ocrx_word' id='word_1_354' title='bbox 2608 2273 2729 2312; x_wconf 87' lang='lat' dir='ltr'><strong>esse</strong></span> <span class='ocrx_word' id='word_1_355' title='bbox 2771 2274 2835 2313; x_wconf 81' lang='lat' dir='ltr'><strong>ex</strong></span> <span class='ocrx_word' id='word_1_356' title='bbox 2874 2259 3121 2313; x_wconf 90' lang='lat' dir='ltr'><strong>muliere.</strong></span> <span class='ocrx_word' id='word_1_357' title='bbox 3154 2259 3407 2320; x_wconf 76' lang='lat' dir='ltr'><strong>Attende,</strong></span> 
     </span>
    </p>
   </div>
   <div class='ocr_carea' id='block_1_49' title="bbox 1835 2349 3407 2419">
    <p class='ocr_par' dir='ltr' id='par_1_49' title="bbox 1835 2349 3407 2419">
     <span class='ocr_line' id='line_1_49' title="bbox 1835 2349 3407 2419; baseline 0 -17"><span class='ocrx_word' id='word_1_358' title='bbox 1835 2365 2038 2418; x_wconf 61' lang='lat' dir='ltr'><strong>quaso,</strong></span> <span class='ocrx_word' id='word_1_359' title='bbox 2070 2351 2212 2419; x_wconf 90' lang='lat' dir='ltr'><strong>quod</strong></span> <span class='ocrx_word' id='word_1_360' title='bbox 2244 2349 2444 2405; x_wconf 82' lang='lat' dir='ltr'><strong>dicitur</strong></span> <span class='ocrx_word' id='word_1_361' title='bbox 2468 2364 2482 2402; x_wconf 91' lang='lat'><strong>:</strong></span> <span class='ocrx_word' id='word_1_362' title='bbox 2507 2349 2613 2419; x_wconf 78' lang='grc'><strong>25</strong></span> <span class='ocrx_word' id='word_1_363' title='bbox 2642 2349 2729 2403; x_wconf 91' lang='lat' dir='ltr'><strong>ubi</strong></span> <span class='ocrx_word' id='word_1_364' title='bbox 2754 2358 3184 2403; x_wconf 87' lang='lat' dir='ltr'><strong>commemorant</strong></span> <span class='ocrx_word' id='word_1_365' title='bbox 3214 2363 3407 2402; x_wconf 84' lang='lat' dir='ltr'><strong>nomen</strong></span> 
     </span>
    </p>
   </div>
   <div class='ocr_carea' id='block_1_50' title="bbox 1836 2436 3409 2509">
    <p class='ocr_par' dir='ltr' id='par_1_50' title="bbox 1836 2436 3409 2509">
     <span class='ocr_line' id='line_1_50' title="bbox 1836 2436 3409 2509; baseline -0.004 -14"><span class='ocrx_word' id='word_1_366' title='bbox 1836 2436 1979 2506; x_wconf 78' lang='lat' dir='ltr'><strong>Filii,</strong></span> <span class='ocrx_word' id='word_1_367' title='bbox 2020 2450 2074 2496; x_wconf 89' lang='lat' dir='ltr'><strong>et</strong></span> <span class='ocrx_word' id='word_1_368' title='bbox 2122 2442 2325 2496; x_wconf 87' lang='lat' dir='ltr'><strong>editum</strong></span> <span class='ocrx_word' id='word_1_369' title='bbox 2361 2456 2482 2496; x_wconf 90' lang='lat' dir='ltr'><strong>esse</strong></span> <span class='ocrx_word' id='word_1_370' title='bbox 2525 2458 2589 2496; x_wconf 79' lang='lat' dir='ltr'><strong>ex</strong></span> <span class='ocrx_word' id='word_1_371' title='bbox 2643 2442 2887 2503; x_wconf 87' lang='lat' dir='ltr'><strong>muliere,</strong></span> <span class='ocrx_word' id='word_1_372' title='bbox 2926 2452 3130 2509; x_wconf 90' lang='lat' dir='ltr'><strong>ponunt</strong></span> <span class='ocrx_word' id='word_1_373' title='bbox 3165 2440 3409 2505; x_wconf 78' lang='lat' dir='ltr'><strong>verbum,</strong></span> 
     </span>
    </p>
   </div>
   <div class='ocr_carea' id='block_1_51' title="bbox 1835 2530 3408 2602">
    <p class='ocr_par' dir='ltr' id='par_1_51' title="bbox 1835 2530 3408 2602">
     <span class='ocr_line' id='line_1_51' title="bbox 1835 2530 3408 2602; baseline -0.004 -14"><span class='ocrx_word' id='word_1_374' title='bbox 1835 2533 2006 2590; x_wconf 83' lang='lat' dir='ltr'><strong>Natus</strong></span> <span class='ocrx_word' id='word_1_375' title='bbox 2037 2544 2156 2602; x_wconf 88' lang='lat' dir='ltr'><strong>est;</strong></span> <span class='ocrx_word' id='word_1_376' title='bbox 2191 2535 2289 2590; x_wconf 87' lang='lat' dir='ltr'><strong>sed</strong></span> <span class='ocrx_word' id='word_1_377' title='bbox 2320 2534 2408 2589; x_wconf 90' lang='lat' dir='ltr'><strong>ubi</strong></span> <span class='ocrx_word' id='word_1_378' title='bbox 2446 2534 2604 2589; x_wconf 79' lang='lat' dir='ltr'><strong>Verbi</strong></span> <span class='ocrx_word' id='word_1_379' title='bbox 2636 2535 2801 2587; x_wconf 87' lang='lat' dir='ltr'><strong>divini</strong></span> <span class='ocrx_word' id='word_1_380' title='bbox 2827 2534 3151 2588; x_wconf 90' lang='lat' dir='ltr'><strong>mentionem</strong></span> <span class='ocrx_word' id='word_1_381' title='bbox 3183 2530 3408 2596; x_wconf 77' lang='lat' dir='ltr'><strong>faciunt,</strong></span> 
     </span>
    </p>
   </div>
   <div class='ocr_carea' id='block_1_52' title="bbox 1835 2626 3411 2695">
    <p class='ocr_par' dir='ltr' id='par_1_52' title="bbox 1835 2626 3411 2695">
     <span class='ocr_line' id='line_1_52' title="bbox 1835 2626 3411 2695; baseline -0.003 -14"><span class='ocrx_word' id='word_1_382' title='bbox 1835 2643 1995 2682; x_wconf 89' lang='lat' dir='ltr'><strong>nemo</strong></span> <span class='ocrx_word' id='word_1_383' title='bbox 2044 2628 2256 2682; x_wconf 90' lang='lat' dir='ltr'><strong>illorum</strong></span> <span class='ocrx_word' id='word_1_384' title='bbox 2306 2642 2472 2683; x_wconf 87' lang='lat' dir='ltr'><strong>ausus</strong></span> <span class='ocrx_word' id='word_1_385' title='bbox 2511 2638 2593 2683; x_wconf 89' lang='lat' dir='ltr'><strong>est</strong></span> <span class='ocrx_word' id='word_1_386' title='bbox 2644 2628 2845 2693; x_wconf 82' lang='lat' dir='ltr'><strong>dicere,</strong></span> <span class='ocrx_word' id='word_1_387' title='bbox 2882 2626 3120 2695; x_wconf 86' lang='lat' dir='ltr'><strong>genitum</strong></span> <span class='ocrx_word' id='word_1_388' title='bbox 3164 2640 3284 2679; x_wconf 90' lang='lat' dir='ltr'><strong>esse</strong></span> <span class='ocrx_word' id='word_1_389' title='bbox 3319 2641 3411 2693; x_wconf 84' lang='lat' dir='ltr'><strong>per</strong></span> 
     </span>
    </p>
   </div>
   <div class='ocr_carea' id='block_1_53' title="bbox 1834 2714 3407 2785">
    <p class='ocr_par' dir='ltr' id='par_1_53' title="bbox 1834 2714 3407 2785">
     <span class='ocr_line' id='line_1_53' title="bbox 1834 2714 3407 2785; baseline -0.005 -13"><span class='ocrx_word' id='word_1_390' title='bbox 1834 2718 2245 2773; x_wconf 85' lang='lat' dir='ltr'><strong>humanitatem.</strong></span> <span class='ocrx_word' id='word_1_391' title='bbox 2280 2717 2415 2771; x_wconf 87' lang='lat' dir='ltr'><strong>Nam</strong></span> <span class='ocrx_word' id='word_1_392' title='bbox 2462 2718 2651 2773; x_wconf 80' lang='lat' dir='ltr'><strong>beatus</strong></span> <span class='ocrx_word' id='word_1_393' title='bbox 2678 2717 2913 2771; x_wconf 81' lang='lat' dir='ltr'><strong>Joannes</strong></span> <span class='ocrx_word' id='word_1_394' title='bbox 2954 2716 3284 2785; x_wconf 80' lang='lat' dir='ltr'><strong>evangelista</strong></span> <span class='ocrx_word' id='word_1_395' title='bbox 3320 2714 3407 2767; x_wconf 87' lang='lat' dir='ltr'><strong>ubi</strong></span> 
     </span>
    </p>
   </div>
   <div class='ocr_carea' id='block_1_54' title="bbox 1834 2802 3409 2876">
    <p class='ocr_par' dir='ltr' id='par_1_54' title="bbox 1834 2802 3409 2876">
     <span class='ocr_line' id='line_1_54' title="bbox 1834 2802 3409 2876; baseline -0.005 -15"><span class='ocrx_word' id='word_1_396' title='bbox 1834 2808 2081 2876; x_wconf 85' lang='lat' dir='ltr'><strong>pervenit</strong></span> <span class='ocrx_word' id='word_1_397' title='bbox 2122 2808 2187 2861; x_wconf 87' lang='lat' dir='ltr'><strong>ad</strong></span> <span class='ocrx_word' id='word_1_398' title='bbox 2234 2808 2490 2869; x_wconf 80' lang='lat' dir='ltr'><strong>Verbum,</strong></span> <span class='ocrx_word' id='word_1_399' title='bbox 2525 2814 2577 2861; x_wconf 90' lang='lat' dir='ltr'><strong>et</strong></span> <span class='ocrx_word' id='word_1_400' title='bbox 2629 2804 2744 2874; x_wconf 85' lang='lat' dir='ltr'><strong>ejus</strong></span> <span class='ocrx_word' id='word_1_401' title='bbox 2777 2804 3242 2865; x_wconf 85' lang='lat' dir='ltr'><strong>humanationein,</strong></span> <span class='ocrx_word' id='word_1_402' title='bbox 3286 2802 3409 2854; x_wconf 86' lang='lat' dir='ltr'><strong>audi</strong></span> 
     </span>
    </p>
   </div>
   <div class='ocr_carea' id='block_1_55' title="bbox 1834 2893 3127 2969">
    <p class='ocr_par' dir='ltr' id='par_1_55' title="bbox 1834 2893 3127 2969">
     <span class='ocr_line' id='line_1_55' title="bbox 1834 2893 3127 2969; baseline -0.006 -18"><span class='ocrx_word' id='word_1_403' title='bbox 1834 2900 1962 2969; x_wconf 88' lang='lat' dir='ltr'><strong>quid</strong></span> <span class='ocrx_word' id='word_1_404' title='bbox 1996 2901 2137 2954; x_wconf 85' lang='lat' dir='ltr'><strong>dicat</strong></span> <span class='ocrx_word' id='word_1_405' title='bbox 2170 2920 2183 2955; x_wconf 77' lang='grc' dir='ltr'><strong>ε</strong></span> <span class='ocrx_word' id='word_1_406' title='bbox 2222 2917 2240 2950; x_wconf 78' lang='grc' dir='ltr'><strong>ι</strong></span> <span class='ocrx_word' id='word_1_407' title='bbox 2275 2900 2509 2954; x_wconf 81' lang='lat' dir='ltr'><strong>Verbum</strong></span> <span class='ocrx_word' id='word_1_408' title='bbox 2548 2914 2676 2951; x_wconf 81' lang='lat' dir='ltr'><strong>caro</strong></span> <span class='ocrx_word' id='word_1_409' title='bbox 2714 2897 2914 2950; x_wconf 86' lang='lat' dir='ltr'><strong>factum</strong></span> <span class='ocrx_word' id='word_1_410' title='bbox 2946 2905 3047 2950; x_wconf 85' lang='lat' dir='ltr'><strong>est.</strong></span> <span class='ocrx_word' id='word_1_411' title='bbox 3080 2893 3127 2964; x_wconf 73' lang='lat' dir='ltr'><strong>i]</strong></span> 
     </span>
    </p>
   </div>
   <div class='ocr_carea' id='block_1_56' title="bbox 2466 3051 2785 3107">
    <p class='ocr_par' dir='ltr' id='par_1_56' title="bbox 2466 3051 2785 3107">
     <span class='ocr_line' id='line_1_56' title="bbox 2466 3051 2785 3107; baseline 0 0"><span class='ocrx_word' id='word_1_412' title='bbox 2466 3052 2615 3107; x_wconf 82' lang='lat' dir='ltr'><strong>CAP.</strong></span> <span class='ocrx_word' id='word_1_413' title='bbox 2653 3051 2785 3107; x_wconf 80' lang='lat' dir='ltr'><strong>VIII.</strong></span> 
     </span>
    </p>
   </div>
   <div class='ocr_carea' id='block_1_57' title="bbox 212 3177 1734 3266">
    <p class='ocr_par' dir='ltr' id='par_1_57' title="bbox 212 3177 1729 3266">
     <span class='ocr_line' id='line_1_57' title="bbox 212 3177 1729 3266; baseline 0.014 -37"><span class='ocrx_word' id='word_1_414' title='bbox 212 3180 355 3248; x_wconf 72' lang='grc' dir='ltr'>Φέρε</span> <span class='ocrx_word' id='word_1_415' title='bbox 394 3181 457 3249; x_wconf 80' lang='grc' dir='ltr'><strong>δὴ</strong></span> <span class='ocrx_word' id='word_1_416' title='bbox 490 3177 582 3234; x_wconf 71' lang='grc' dir='ltr'>οὖν</span> <span class='ocrx_word' id='word_1_417' title='bbox 619 3183 951 3251; x_wconf 84' lang='grc' dir='ltr'>παραθέντες</span> <span class='ocrx_word' id='word_1_418' title='bbox 971 3180 1049 3248; x_wconf 69' lang='grc' dir='ltr'>οἷς</span> <span class='ocrx_word' id='word_1_419' title='bbox 1076 3186 1178 3256; x_wconf 78' lang='grc' dir='ltr'><strong>ἔφη</strong></span> <span class='ocrx_word' id='word_1_420' title='bbox 1210 3190 1416 3244; x_wconf 79' lang='grc' dir='ltr'>καὶτοῦ</span> <span class='ocrx_word' id='word_1_421' title='bbox 1440 3195 1561 3247; x_wconf 82' lang='grc' dir='ltr'>καθ’</span> <span class='ocrx_word' id='word_1_422' title='bbox 1585 3196 1729 3266; x_wconf 80' lang='grc' dir='ltr'>ἡμᾶς</span> 
     </span>
    </p>
   </div>
   <div class='ocr_carea' id='block_1_58' title="bbox 1838 3177 3416 3266">
    <p class='ocr_par' dir='ltr' id='par_1_58' title="bbox 1908 3186 3416 3263">
     <span class='ocr_line' id='line_1_58' title="bbox 1908 3186 3416 3263; baseline -0.007 -16"><span class='ocrx_word' id='word_1_423' title='bbox 1908 3197 2019 3263; x_wconf 81' lang='lat' dir='ltr'><strong>Age</strong></span> <span class='ocrx_word' id='word_1_424' title='bbox 2044 3193 2175 3261; x_wconf 83' lang='lat' dir='ltr'><strong>jam,</strong></span> <span class='ocrx_word' id='word_1_425' title='bbox 2209 3208 2332 3247; x_wconf 91' lang='lat' dir='ltr'><strong>cum</strong></span> <span class='ocrx_word' id='word_1_426' title='bbox 2381 3192 2462 3246; x_wconf 88' lang='lat' dir='ltr'><strong>his</strong></span> <span class='ocrx_word' id='word_1_427' title='bbox 2495 3206 2611 3261; x_wconf 69' lang='lat' dir='ltr'><strong>qua!</strong></span> <span class='ocrx_word' id='word_1_428' title='bbox 2650 3190 2786 3243; x_wconf 75' lang='lat' dir='ltr'><strong>dixit</strong></span> <span class='ocrx_word' id='word_1_429' title='bbox 2824 3188 3193 3256; x_wconf 86' lang='lat' dir='ltr'><strong>componendo</strong></span> <span class='ocrx_word' id='word_1_430' title='bbox 3245 3186 3416 3239; x_wconf 85' lang='lat' dir='ltr'><strong>nostri</strong></span> 
     </span>
    </p>
   </div>
   <div class='ocr_carea' id='block_1_59' title="bbox 140 3267 1727 3347">
    <p class='ocr_par' dir='ltr' id='par_1_59' title="bbox 140 3267 1727 3347">
     <span class='ocr_line' id='line_1_59' title="bbox 140 3267 1727 3347; baseline 0.013 -29"><span class='ocrx_word' id='word_1_431' title='bbox 140 3267 431 3338; x_wconf 64' lang='grc' dir='ltr'>Συμϐόλου</span> <span class='ocrx_word' id='word_1_432' title='bbox 462 3270 558 3339; x_wconf 84' lang='grc' dir='ltr'>τὴν</span> <span class='ocrx_word' id='word_1_433' title='bbox 586 3272 859 3333; x_wconf 77' lang='grc' dir='ltr'>ἀπόδοσιν,</span> <span class='ocrx_word' id='word_1_434' title='bbox 892 3274 1088 3343; x_wconf 81' lang='grc' dir='ltr'>ἴδωμεν</span> <span class='ocrx_word' id='word_1_435' title='bbox 1129 3278 1175 3327; x_wconf 77' lang='grc' dir='ltr'>εξ</span> <span class='ocrx_word' id='word_1_436' title='bbox 1218 3279 1289 3347; x_wconf 82' lang='grc' dir='ltr'>μή</span> <span class='ocrx_word' id='word_1_437' title='bbox 1325 3298 1375 3332; x_wconf 85' lang='grc' dir='ltr'><strong>τι</strong></span> <span class='ocrx_word' id='word_1_438' title='bbox 1416 3285 1727 3338; x_wconf 88' lang='grc' dir='ltr'>κεκαινοτό-</span> 
     </span>
    </p>
   </div>
   <div class='ocr_carea' id='block_1_60' title="bbox 141 3363 1739 3447">
    <p class='ocr_par' dir='ltr' id='par_1_60' title="bbox 141 3363 1739 3447">
     <span class='ocr_line' id='line_1_60' title="bbox 141 3363 1739 3447; baseline 0.013 -37"><span class='ocrx_word' id='word_1_439' title='bbox 141 3378 319 3431; x_wconf 68' lang='grc' dir='ltr'>μηται</span> <span class='ocrx_word' id='word_1_440' title='bbox 386 3363 528 3431; x_wconf 76' lang='grc' dir='ltr'>παρὰ</span> <span class='ocrx_word' id='word_1_441' title='bbox 563 3363 748 3416; x_wconf 81' lang='grc' dir='ltr'>τούτου</span> <span class='ocrx_word' id='word_1_442' title='bbox 803 3365 894 3416; x_wconf 74' lang='grc' dir='ltr'><strong>καὶ</strong></span> <span class='ocrx_word' id='word_1_443' title='bbox 947 3368 1075 3436; x_wconf 75' lang='grc' dir='ltr'>περὶ</span> <span class='ocrx_word' id='word_1_444' title='bbox 1119 3371 1311 3441; x_wconf 74' lang='grc' dir='ltr'>αύτήψ</span> <span class='ocrx_word' id='word_1_445' title='bbox 1350 3393 1367 3423; x_wconf 79' lang='lat' dir='ltr'><strong>i</strong></span> <span class='ocrx_word' id='word_1_446' title='bbox 1400 3373 1739 3447; x_wconf 85' lang='grc' dir='ltr'>Πιστεύομεν</span> 
     </span>
    </p>
   </div>
   <div class='ocr_carea' id='block_1_61' title="bbox 138 3453 1737 3537">
    <p class='ocr_par' dir='ltr' id='par_1_61' title="bbox 138 3453 1737 3537">
     <span class='ocr_line' id='line_1_61' title="bbox 138 3453 1737 3537; baseline 0.009 -31"><span class='ocrx_word' id='word_1_447' title='bbox 138 3458 220 3516; x_wconf 79' lang='grc' dir='ltr'>εἰς</span> <span class='ocrx_word' id='word_1_448' title='bbox 252 3453 359 3508; x_wconf 73' lang='grc' dir='ltr'><strong>ἕνα</strong></span> <span class='ocrx_word' id='word_1_449' title='bbox 388 3455 523 3507; x_wconf 79' lang='grc' dir='ltr'>Θεὸν</span> <span class='ocrx_word' id='word_1_450' title='bbox 561 3457 777 3525; x_wconf 80' lang='grc' dir='ltr'>Πατέρα</span> <span class='ocrx_word' id='word_1_451' title='bbox 815 3461 1249 3532; x_wconf 77' lang='grc' dir='ltr'>παντοκράτορα,</span> <span class='ocrx_word' id='word_1_452' title='bbox 1280 3464 1498 3520; x_wconf 81' lang='grc' dir='ltr'>πάντων</span> <span class='ocrx_word' id='word_1_453' title='bbox 1525 3469 1737 3537; x_wconf 81' lang='grc' dir='ltr'>ὁρατῶν</span> 
     </span>
    </p>
   </div>
   <div class='ocr_carea' id='block_1_62' title="bbox 139 3545 1737 3627">
    <p class='ocr_par' dir='ltr' id='par_1_62' title="bbox 139 3545 1737 3627">
     <span class='ocr_line' id='line_1_62' title="bbox 139 3545 1737 3627; baseline 0.011 -32"><span class='ocrx_word' id='word_1_454' title='bbox 139 3546 235 3597; x_wconf 80' lang='grc' dir='ltr'>καὶ</span> <span class='ocrx_word' id='word_1_455' title='bbox 287 3545 545 3614; x_wconf 75' lang='grc' dir='ltr'>ἀοράτων</span> <span class='ocrx_word' id='word_1_456' title='bbox 603 3549 863 3616; x_wconf 84' lang='grc' dir='ltr'>ποιητήν·</span> <span class='ocrx_word' id='word_1_457' title='bbox 908 3550 999 3601; x_wconf 77' lang='grc' dir='ltr'><strong>καὶ</strong></span> <span class='ocrx_word' id='word_1_458' title='bbox 1034 3553 1114 3614; x_wconf 75' lang='grc' dir='ltr'><strong>εἰς</strong></span> <span class='ocrx_word' id='word_1_459' title='bbox 1164 3551 1259 3606; x_wconf 79' lang='grc' dir='ltr'><strong>ἕνα</strong></span> <span class='ocrx_word' id='word_1_460' title='bbox 1294 3556 1495 3627; x_wconf 83' lang='grc' dir='ltr'>Κύριον</span> <span class='ocrx_word' id='word_1_461' title='bbox 1532 3560 1737 3627; x_wconf 85' lang='grc' dir='ltr'>Ἰησοῦν</span> 
     </span>
    </p>
   </div>
   <div class='ocr_carea' id='block_1_63' title="bbox 140 3636 1739 3715">
    <p class='ocr_par' dir='ltr' id='par_1_63' title="bbox 140 3636 1739 3715">
     <span class='ocr_line' id='line_1_63' title="bbox 140 3636 1739 3715; baseline 0.012 -28"><span class='ocrx_word' id='word_1_462' title='bbox 140 3636 407 3704; x_wconf 76' lang='grc' dir='ltr'>Χριστὸν,</span> <span class='ocrx_word' id='word_1_463' title='bbox 446 3637 535 3689; x_wconf 81' lang='grc' dir='ltr'><strong>τὸν</strong></span> <span class='ocrx_word' id='word_1_464' title='bbox 575 3637 693 3689; x_wconf 75' lang='grc' dir='ltr'>Υἱον</span> <span class='ocrx_word' id='word_1_465' title='bbox 724 3638 813 3691; x_wconf 84' lang='grc' dir='ltr'><strong>τοῦ</strong></span> <span class='ocrx_word' id='word_1_466' title='bbox 844 3640 996 3705; x_wconf 82' lang='grc' dir='ltr'>Θεοῦ,</span> <span class='ocrx_word' id='word_1_467' title='bbox 1024 3644 1350 3715; x_wconf 88' lang='grc' dir='ltr'>γεννηθέντα</span> <span class='ocrx_word' id='word_1_468' title='bbox 1390 3648 1453 3701; x_wconf 86' lang='grc' dir='ltr'>ἐκ</span> <span class='ocrx_word' id='word_1_469' title='bbox 1493 3650 1587 3703; x_wconf 90' lang='grc' dir='ltr'><strong>τοῦ</strong></span> <span class='ocrx_word' id='word_1_470' title='bbox 1628 3652 1739 3705; x_wconf 80' lang='lat' dir='ltr'><strong>Ila-</strong></span> 
     </span>
    </p>
   </div>
   <div class='ocr_carea' id='block_1_64' title="bbox 136 3728 1740 3807">
    <p class='ocr_par' dir='ltr' id='par_1_64' title="bbox 136 3728 1740 3807">
     <span class='ocr_line' id='line_1_64' title="bbox 136 3728 1740 3807; baseline 0.011 -28"><span class='ocrx_word' id='word_1_471' title='bbox 136 3728 272 3798; x_wconf 85' lang='grc' dir='ltr'>τρὸς</span> <span class='ocrx_word' id='word_1_472' title='bbox 311 3729 582 3798; x_wconf 78' lang='grc' dir='ltr'>μονογενῆ</span> <span class='ocrx_word' id='word_1_473' title='bbox 615 3731 709 3799; x_wconf 78' lang='lat' dir='ltr'><strong>(b’),</strong></span> <span class='ocrx_word' id='word_1_474' title='bbox 745 3732 1041 3799; x_wconf 87' lang='grc' dir='ltr'>τουτέστιν,</span> <span class='ocrx_word' id='word_1_475' title='bbox 1084 3737 1145 3788; x_wconf 79' lang='grc' dir='ltr'><strong>ἐκ</strong></span> <span class='ocrx_word' id='word_1_476' title='bbox 1176 3738 1273 3807; x_wconf 83' lang='grc' dir='ltr'>τῆς</span> <span class='ocrx_word' id='word_1_477' title='bbox 1301 3740 1489 3804; x_wconf 79' lang='grc' dir='ltr'>οὐσίας</span> <span class='ocrx_word' id='word_1_478' title='bbox 1518 3741 1611 3795; x_wconf 89' lang='grc' dir='ltr'><strong>τοῦ</strong></span> <span class='ocrx_word' id='word_1_479' title='bbox 1640 3745 1740 3798; x_wconf 82' lang='grc' dir='ltr'>αύ-</span> 
     </span>
    </p>
   </div>
   <div class='ocr_carea' id='block_1_65' title="bbox 133 3826 1740 3907">
    <p class='ocr_par' dir='ltr' id='par_1_65' title="bbox 133 3826 1740 3907">
     <span class='ocr_line' id='line_1_65' title="bbox 133 3826 1740 3907; baseline 0.011 -30"><span class='ocrx_word' id='word_1_480' title='bbox 133 3826 233 3879; x_wconf 88' lang='grc' dir='ltr'><strong>τοῦ</strong></span> <span class='ocrx_word' id='word_1_481' title='bbox 256 3841 270 3854; x_wconf 91' lang='grc'><strong>·</strong></span> <span class='ocrx_word' id='word_1_482' title='bbox 311 3826 451 3877; x_wconf 80' lang='grc' dir='ltr'>Θεὸν</span> <span class='ocrx_word' id='word_1_483' title='bbox 484 3827 546 3879; x_wconf 84' lang='grc' dir='ltr'><strong>ὲκ</strong></span> <span class='ocrx_word' id='word_1_484' title='bbox 582 3827 738 3887; x_wconf 85' lang='grc' dir='ltr'>Θεοῦ,</span> <span class='ocrx_word' id='word_1_485' title='bbox 774 3829 887 3894; x_wconf 78' lang='grc' dir='ltr'>φῶς</span> <span class='ocrx_word' id='word_1_486' title='bbox 919 3831 981 3883; x_wconf 83' lang='grc' dir='ltr'>ὲκ</span> <span class='ocrx_word' id='word_1_487' title='bbox 1011 3834 1207 3899; x_wconf 74' lang='grc' dir='ltr'>φωτὸς,</span> <span class='ocrx_word' id='word_1_488' title='bbox 1240 3834 1371 3889; x_wconf 86' lang='grc' dir='ltr'>Θεὸν</span> <span class='ocrx_word' id='word_1_489' title='bbox 1397 3838 1651 3907; x_wconf 78' lang='grc' dir='ltr'>ἀληθινὸν</span> <span class='ocrx_word' id='word_1_490' title='bbox 1674 3842 1740 3895; x_wconf 82' lang='grc' dir='ltr'><strong>ὲκ</strong></span> 
     </span>
    </p>
   </div>
   <div class='ocr_carea' id='block_1_66' title="bbox 133 3916 1739 3999">
    <p class='ocr_par' dir='ltr' id='par_1_66' title="bbox 133 3916 1739 3999">
     <span class='ocr_line' id='line_1_66' title="bbox 133 3916 1739 3999; baseline 0.011 -32"><span class='ocrx_word' id='word_1_491' title='bbox 133 3916 279 3970; x_wconf 88' lang='grc' dir='ltr'>Θεοῦ</span> <span class='ocrx_word' id='word_1_492' title='bbox 310 3917 598 3987; x_wconf 82' lang='grc' dir='ltr'>ἀληθινοῦ,</span> <span class='ocrx_word' id='word_1_493' title='bbox 632 3921 980 3990; x_wconf 83' lang='grc' dir='ltr'>γεννηθέντα,</span> <span class='ocrx_word' id='word_1_494' title='bbox 1006 3926 1066 3976; x_wconf 85' lang='grc' dir='ltr'><strong>ού</strong></span> <span class='ocrx_word' id='word_1_495' title='bbox 1101 3927 1416 3996; x_wconf 85' lang='grc' dir='ltr'>ποιηθέντα,</span> <span class='ocrx_word' id='word_1_496' title='bbox 1454 3930 1739 3999; x_wconf 87' lang='grc' dir='ltr'>ὁμοούσιον</span> 
     </span>
    </p>
   </div>
   <div class='ocr_carea' id='block_1_67' title="bbox 133 4008 1737 4093">
    <p class='ocr_par' dir='ltr' id='par_1_67' title="bbox 133 4008 1737 4093">
     <span class='ocr_line' id='line_1_67' title="bbox 133 4008 1737 4093; baseline 0.01 -31"><span class='ocrx_word' id='word_1_497' title='bbox 133 4010 215 4079; x_wconf 80' lang='grc' dir='ltr'><strong>τῷ</strong></span> <span class='ocrx_word' id='word_1_498' title='bbox 252 4011 461 4080; x_wconf 75' lang='grc' dir='ltr'>Πατρὶ,</span> <span class='ocrx_word' id='word_1_499' title='bbox 492 4011 557 4064; x_wconf 85' lang='grc' dir='ltr'><strong>δι’</strong></span> <span class='ocrx_word' id='word_1_500' title='bbox 590 4008 650 4065; x_wconf 80' lang='grc' dir='ltr'><strong>οῦ</strong></span> <span class='ocrx_word' id='word_1_501' title='bbox 688 4013 752 4065; x_wconf 72' lang='grc' dir='ltr'><strong>τὰ</strong></span> <span class='ocrx_word' id='word_1_502' title='bbox 789 4015 964 4068; x_wconf 80' lang='grc' dir='ltr'>πάντα</span> <span class='ocrx_word' id='word_1_503' title='bbox 995 4018 1229 4083; x_wconf 81' lang='grc' dir='ltr'>ἐγένετο,</span> <span class='ocrx_word' id='word_1_504' title='bbox 1262 4020 1328 4073; x_wconf 80' lang='grc' dir='ltr'>τά</span> <span class='ocrx_word' id='word_1_505' title='bbox 1360 4038 1419 4073; x_wconf 87' lang='grc' dir='ltr'><strong>τε</strong></span> <span class='ocrx_word' id='word_1_506' title='bbox 1455 4022 1512 4076; x_wconf 84' lang='grc' dir='ltr'><strong>ἐν</strong></span> <span class='ocrx_word' id='word_1_507' title='bbox 1538 4024 1615 4093; x_wconf 85' lang='grc' dir='ltr'>τῷ</span> <span class='ocrx_word' id='word_1_508' title='bbox 1645 4025 1737 4077; x_wconf 81' lang='grc' dir='ltr'>οὐ·</span> 
     </span>
    </p>
   </div>
   <div class='ocr_carea' id='block_1_68' title="bbox 138 4103 1739 4187">
    <p class='ocr_par' dir='ltr' id='par_1_68' title="bbox 138 4103 1739 4187">
     <span class='ocr_line' id='line_1_68' title="bbox 138 4103 1739 4187; baseline 0.01 -33"><span class='ocrx_word' id='word_1_509' title='bbox 138 4103 319 4173; x_wconf 87' lang='grc' dir='ltr'>ρανῴ,</span> <span class='ocrx_word' id='word_1_510' title='bbox 359 4104 457 4156; x_wconf 77' lang='grc' dir='ltr'>καὶ</span> <span class='ocrx_word' id='word_1_511' title='bbox 488 4104 555 4156; x_wconf 68' lang='grc' dir='ltr'>τὰ</span> <span class='ocrx_word' id='word_1_512' title='bbox 583 4106 672 4157; x_wconf 76' lang='grc' dir='ltr'><strong>ἐπὶ</strong></span> <span class='ocrx_word' id='word_1_513' title='bbox 703 4106 801 4174; x_wconf 78' lang='grc' dir='ltr'>τῆς</span> <span class='ocrx_word' id='word_1_514' title='bbox 838 4111 963 4177; x_wconf 74' lang='grc' dir='ltr'>γῆς’</span> <span class='ocrx_word' id='word_1_515' title='bbox 1005 4110 1094 4161; x_wconf 85' lang='grc' dir='ltr'><strong>τὸν</strong></span> <span class='ocrx_word' id='word_1_516' title='bbox 1122 4109 1351 4181; x_wconf 78' lang='grc' dir='ltr'>δι’,ήμᾶς</span> <span class='ocrx_word' id='word_1_517' title='bbox 1375 4115 1499 4177; x_wconf 84' lang='grc' dir='ltr'>τοὺς</span> <span class='ocrx_word' id='word_1_518' title='bbox 1529 4116 1739 4187; x_wconf 79' lang='grc' dir='ltr'>ἀνθρὼ-</span> 
     </span>
    </p>
   </div>
   <div class='ocr_carea' id='block_1_69' title="bbox 138 4196 1736 4274">
    <p class='ocr_par' dir='ltr' id='par_1_69' title="bbox 138 4196 1736 4274">
     <span class='ocr_line' id='line_1_69' title="bbox 138 4196 1736 4274; baseline 0.011 -28"><span class='ocrx_word' id='word_1_519' title='bbox 138 4212 301 4260; x_wconf 85' lang='grc' dir='ltr'>πους,</span> <span class='ocrx_word' id='word_1_520' title='bbox 346 4198 444 4249; x_wconf 81' lang='grc' dir='ltr'>καὶ</span> <span class='ocrx_word' id='word_1_521' title='bbox 481 4196 567 4249; x_wconf 84' lang='grc' dir='ltr'><strong>διὰ</strong></span> <span class='ocrx_word' id='word_1_522' title='bbox 600 4198 696 4267; x_wconf 84' lang='grc' dir='ltr'>τὴν</span> <span class='ocrx_word' id='word_1_523' title='bbox 734 4201 1006 4271; x_wconf 76' lang='grc' dir='ltr'>ἡμετέραν</span> <span class='ocrx_word' id='word_1_524' title='bbox 1052 4205 1347 4273; x_wconf 81' lang='grc' dir='ltr'>σωτηρίαν,</span> <span class='ocrx_word' id='word_1_525' title='bbox 1384 4208 1736 4274; x_wconf 88' lang='grc' dir='ltr'>κατελθόντα,</span> 
     </span>
    </p>
   </div>
   <div class='ocr_carea' id='block_1_70' title="bbox 134 4288 1739 4365">
    <p class='ocr_par' dir='ltr' id='par_1_70' title="bbox 134 4288 1739 4365">
     <span class='ocr_line' id='line_1_70' title="bbox 134 4288 1739 4365; baseline 0.011 -27"><span class='ocrx_word' id='word_1_526' title='bbox 134 4288 232 4341; x_wconf 74' lang='grc' dir='ltr'>καὶ</span> <span class='ocrx_word' id='word_1_527' title='bbox 270 4289 653 4356; x_wconf 78' lang='grc' dir='ltr'>σαρκωθέντα,</span> <span class='ocrx_word' id='word_1_528' title='bbox 694 4291 785 4342; x_wconf 75' lang='grc' dir='ltr'>καὶ</span> <span class='ocrx_word' id='word_1_529' title='bbox 809 4292 1324 4364; x_wconf 85' lang='grc' dir='ltr'>ἐνανθρωπήσαντα,</span> <span class='ocrx_word' id='word_1_530' title='bbox 1350 4297 1613 4365; x_wconf 85' lang='grc' dir='ltr'>παθόντα,</span> <span class='ocrx_word' id='word_1_531' title='bbox 1643 4302 1739 4355; x_wconf 75' lang='grc' dir='ltr'><strong>καὶ</strong></span> 
     </span>
    </p>
   </div>
   <div class='ocr_carea' id='block_1_71' title="bbox 132 4380 1741 4455">
    <p class='ocr_par' dir='ltr' id='par_1_71' title="bbox 132 4380 1741 4455">
     <span class='ocr_line' id='line_1_71' title="bbox 132 4380 1741 4455; baseline 0.01 -24"><span class='ocrx_word' id='word_1_532' title='bbox 132 4380 469 4434; x_wconf 76' lang='grc' dir='ltr'>ἀναστάντα</span> <span class='ocrx_word' id='word_1_533' title='bbox 496 4382 560 4449; x_wconf 81' lang='grc' dir='ltr'>τῇ</span> <span class='ocrx_word' id='word_1_534' title='bbox 590 4382 747 4453; x_wconf 77' lang='grc' dir='ltr'>τρίτῃ</span> <span class='ocrx_word' id='word_1_535' title='bbox 778 4383 961 4454; x_wconf 66' lang='grc' dir='ltr'>ἡμέρᾳ.</span> <span class='ocrx_word' id='word_1_536' title='bbox 985 4401 997 4413; x_wconf 89' lang='grc'>·</span> <span class='ocrx_word' id='word_1_537' title='bbox 1030 4386 1321 4441; x_wconf 85' lang='grc' dir='ltr'>ἀνελθόντα</span> <span class='ocrx_word' id='word_1_538' title='bbox 1368 4392 1448 4453; x_wconf 74' lang='grc' dir='ltr'><strong>εἰς</strong></span> <span class='ocrx_word' id='word_1_539' title='bbox 1487 4393 1614 4455; x_wconf 79' lang='grc' dir='ltr'>τοὺς</span> <span class='ocrx_word' id='word_1_540' title='bbox 1655 4395 1741 4446; x_wconf 85' lang='grc' dir='ltr'>οὑ-</span> 
     </span>
    </p>
   </div>
   <div class='ocr_carea' id='block_1_72' title="bbox 1846 3282 3414 3358">
    <p class='ocr_par' dir='ltr' id='par_1_72' title="bbox 1846 3282 3414 3358">
     <span class='ocr_line' id='line_1_72' title="bbox 1846 3282 3414 3358; baseline -0.005 -17"><span class='ocrx_word' id='word_1_541' title='bbox 1846 3286 2085 3358; x_wconf 85' lang='lat' dir='ltr'><strong>Symboli</strong></span> <span class='ocrx_word' id='word_1_542' title='bbox 2132 3286 2452 3350; x_wconf 89' lang='lat' dir='ltr'><strong>editionem,</strong></span> <span class='ocrx_word' id='word_1_543' title='bbox 2506 3285 2864 3353; x_wconf 87' lang='lat' dir='ltr'><strong>inquiramus,</strong></span> <span class='ocrx_word' id='word_1_544' title='bbox 2925 3296 2989 3335; x_wconf 86' lang='lat' dir='ltr'><strong>an</strong></span> <span class='ocrx_word' id='word_1_545' title='bbox 3040 3292 3202 3335; x_wconf 87' lang='lat' dir='ltr'><strong>etiam</strong></span> <span class='ocrx_word' id='word_1_546' title='bbox 3250 3282 3301 3333; x_wconf 92' lang='lat' dir='ltr'><strong>in</strong></span> <span class='ocrx_word' id='word_1_547' title='bbox 3353 3297 3414 3334; x_wconf 83' lang='lat' dir='ltr'><strong>ea</strong></span> 
     </span>
    </p>
   </div>
   <div class='ocr_carea' id='block_1_73' title="bbox 1840 3375 3411 3450">
    <p class='ocr_par' dir='ltr' id='par_1_73' title="bbox 1840 3375 3411 3450">
     <span class='ocr_line' id='line_1_73' title="bbox 1840 3375 3411 3450; baseline -0.005 -17"><span class='ocrx_word' id='word_1_548' title='bbox 1840 3380 2116 3450; x_wconf 83' lang='lat' dir='ltr'><strong>quidpiam</strong></span> <span class='ocrx_word' id='word_1_549' title='bbox 2144 3379 2212 3432; x_wconf 89' lang='lat' dir='ltr'><strong>ab</strong></span> <span class='ocrx_word' id='word_1_550' title='bbox 2258 3379 2359 3433; x_wconf 88' lang='lat' dir='ltr'><strong>hoc</strong></span> <span class='ocrx_word' id='word_1_551' title='bbox 2398 3380 2614 3432; x_wconf 89' lang='lat' dir='ltr'><strong>homine</strong></span> <span class='ocrx_word' id='word_1_552' title='bbox 2650 3378 2908 3430; x_wconf 88' lang='lat' dir='ltr'><strong>audacter</strong></span> <span class='ocrx_word' id='word_1_553' title='bbox 2930 3377 3002 3429; x_wconf 75' lang='lat' dir='ltr'><strong>sit</strong></span> <span class='ocrx_word' id='word_1_554' title='bbox 3052 3375 3363 3429; x_wconf 88' lang='lat' dir='ltr'><strong>innovatum</strong></span> <span class='ocrx_word' id='word_1_555' title='bbox 3400 3392 3411 3425; x_wconf 90' lang='lat'>:</span> 
     </span>
    </p>
   </div>
   <div class='ocr_carea' id='block_1_74' title="bbox 1847 3467 3415 3533">
    <p class='ocr_par' dir='ltr' id='par_1_74' title="bbox 1847 3467 3415 3533">
     <span class='ocr_line' id='line_1_74' title="bbox 1847 3467 3415 3533; baseline -0.006 -9"><span class='ocrx_word' id='word_1_556' title='bbox 1847 3491 1864 3524; x_wconf 83' lang='grc' dir='ltr'><strong>ι</strong></span> <span class='ocrx_word' id='word_1_557' title='bbox 1906 3471 2193 3526; x_wconf 89' lang='lat' dir='ltr'><strong>Credimus</strong></span> <span class='ocrx_word' id='word_1_558' title='bbox 2228 3471 2280 3523; x_wconf 90' lang='lat' dir='ltr'><strong>in</strong></span> <span class='ocrx_word' id='word_1_559' title='bbox 2310 3485 2473 3523; x_wconf 87' lang='lat' dir='ltr'><strong>unum</strong></span> <span class='ocrx_word' id='word_1_560' title='bbox 2520 3468 2686 3521; x_wconf 91' lang='lat' dir='ltr'><strong>Deum</strong></span> <span class='ocrx_word' id='word_1_561' title='bbox 2722 3467 2935 3522; x_wconf 88' lang='lat' dir='ltr'><strong>Patrem</strong></span> <span class='ocrx_word' id='word_1_562' title='bbox 2970 3467 3415 3533; x_wconf 80' lang='lat' dir='ltr'><strong>omnipotentem,</strong></span> 
     </span>
    </p>
   </div>
   <div class='ocr_carea' id='block_1_75' title="bbox 1839 3557 3416 3618">
    <p class='ocr_par' dir='ltr' id='par_1_75' title="bbox 1839 3557 3416 3618">
     <span class='ocr_line' id='line_1_75' title="bbox 1839 3557 3416 3618; baseline -0.005 0"><span class='ocrx_word' id='word_1_563' title='bbox 1839 3564 2080 3618; x_wconf 88' lang='lat' dir='ltr'><strong>omnium</strong></span> <span class='ocrx_word' id='word_1_564' title='bbox 2116 3560 2402 3617; x_wconf 89' lang='lat' dir='ltr'><strong>visibilium</strong></span> <span class='ocrx_word' id='word_1_565' title='bbox 2437 3569 2490 3615; x_wconf 92' lang='lat' dir='ltr'><strong>et</strong></span> <span class='ocrx_word' id='word_1_566' title='bbox 2532 3560 2878 3615; x_wconf 80' lang='lat' dir='ltr'><strong>invisibilium</strong></span> <span class='ocrx_word' id='word_1_567' title='bbox 2927 3560 3182 3612; x_wconf 83' lang='lat' dir='ltr'><strong>factorem</strong></span> <span class='ocrx_word' id='word_1_568' title='bbox 3216 3576 3228 3612; x_wconf 93' lang='lat'>:</span> <span class='ocrx_word' id='word_1_569' title='bbox 3262 3568 3317 3613; x_wconf 90' lang='lat' dir='ltr'><strong>et</strong></span> <span class='ocrx_word' id='word_1_570' title='bbox 3361 3557 3416 3610; x_wconf 90' lang='lat' dir='ltr'><strong>in</strong></span> 
     </span>
    </p>
   </div>
   <div class='ocr_carea' id='block_1_76' title="bbox 1842 3647 3419 3713">
    <p class='ocr_par' dir='ltr' id='par_1_76' title="bbox 1842 3647 3419 3713">
     <span class='ocr_line' id='line_1_76' title="bbox 1842 3647 3419 3713; baseline -0.004 -8"><span class='ocrx_word' id='word_1_571' title='bbox 1842 3669 2004 3706; x_wconf 91' lang='lat' dir='ltr'><strong>unum</strong></span> <span class='ocrx_word' id='word_1_572' title='bbox 2031 3652 2312 3706; x_wconf 89' lang='lat' dir='ltr'><strong>Dominum</strong></span> <span class='ocrx_word' id='word_1_573' title='bbox 2342 3650 2523 3705; x_wconf 81' lang='lat' dir='ltr'><strong>Jesum</strong></span> <span class='ocrx_word' id='word_1_574' title='bbox 2554 3650 2827 3703; x_wconf 76' lang='lat' dir='ltr'><strong>Christum</strong></span> <span class='ocrx_word' id='word_1_575' title='bbox 2856 3647 3049 3701; x_wconf 86' lang='lat' dir='ltr'><strong>Filium</strong></span> <span class='ocrx_word' id='word_1_576' title='bbox 3097 3648 3210 3713; x_wconf 84' lang='lat' dir='ltr'><strong>Dei,</strong></span> <span class='ocrx_word' id='word_1_577' title='bbox 3234 3659 3419 3700; x_wconf 89' lang='lat' dir='ltr'><strong>natum</strong></span> 
     </span>
    </p>
   </div>
   <div class='ocr_carea' id='block_1_77' title="bbox 1841 3740 3416 3813">
    <p class='ocr_par' dir='ltr' id='par_1_77' title="bbox 1841 3740 3416 3813">
     <span class='ocr_line' id='line_1_77' title="bbox 1841 3740 3416 3813; baseline -0.006 -14"><span class='ocrx_word' id='word_1_578' title='bbox 1841 3761 1904 3799; x_wconf 81' lang='lat' dir='ltr'><strong>ex</strong></span> <span class='ocrx_word' id='word_1_579' title='bbox 1928 3746 2090 3799; x_wconf 83' lang='lat' dir='ltr'><strong>Patre</strong></span> <span class='ocrx_word' id='word_1_580' title='bbox 2114 3745 2475 3813; x_wconf 88' lang='lat' dir='ltr'><strong>unigenitum,</strong></span> <span class='ocrx_word' id='word_1_581' title='bbox 2500 3744 2600 3797; x_wconf 89' lang='lat' dir='ltr'><strong>hoc</strong></span> <span class='ocrx_word' id='word_1_582' title='bbox 2622 3752 2801 3805; x_wconf 80' lang='lat' dir='ltr'><strong>est,ex</strong></span> <span class='ocrx_word' id='word_1_583' title='bbox 2821 3740 3060 3810; x_wconf 85' lang='lat' dir='ltr'><strong>ejusdem</strong></span> <span class='ocrx_word' id='word_1_584' title='bbox 3083 3740 3416 3802; x_wconf 82' lang='lat' dir='ltr'><strong>substantia;</strong></span> 
     </span>
    </p>
   </div>
   <div class='ocr_carea' id='block_1_78' title="bbox 1841 3830 3419 3900">
    <p class='ocr_par' dir='ltr' id='par_1_78' title="bbox 1841 3830 3419 3900">
     <span class='ocr_line' id='line_1_78' title="bbox 1841 3830 3419 3900; baseline -0.005 -9"><span class='ocrx_word' id='word_1_585' title='bbox 1841 3836 2008 3891; x_wconf 89' lang='lat' dir='ltr'><strong>Deum</strong></span> <span class='ocrx_word' id='word_1_586' title='bbox 2042 3836 2108 3889; x_wconf 88' lang='lat' dir='ltr'><strong>de</strong></span> <span class='ocrx_word' id='word_1_587' title='bbox 2143 3835 2273 3900; x_wconf 90' lang='lat' dir='ltr'><strong>Deo,</strong></span> <span class='ocrx_word' id='word_1_588' title='bbox 2312 3834 2493 3888; x_wconf 87' lang='lat' dir='ltr'><strong>lumen</strong></span> <span class='ocrx_word' id='word_1_589' title='bbox 2531 3834 2596 3887; x_wconf 91' lang='lat' dir='ltr'><strong>de</strong></span> <span class='ocrx_word' id='word_1_590' title='bbox 2640 3833 2863 3896; x_wconf 88' lang='lat' dir='ltr'><strong>lumine,</strong></span> <span class='ocrx_word' id='word_1_591' title='bbox 2914 3831 3080 3884; x_wconf 86' lang='lat' dir='ltr'><strong>Deum</strong></span> <span class='ocrx_word' id='word_1_592' title='bbox 3117 3844 3302 3882; x_wconf 86' lang='lat' dir='ltr'><strong>verum</strong></span> <span class='ocrx_word' id='word_1_593' title='bbox 3351 3830 3419 3883; x_wconf 88' lang='lat' dir='ltr'><strong>de</strong></span> 
     </span>
    </p>
   </div>
   <div class='ocr_carea' id='block_1_79' title="bbox 1843 3920 3417 3995">
    <p class='ocr_par' dir='ltr' id='par_1_79' title="bbox 1843 3920 3417 3995">
     <span class='ocr_line' id='line_1_79' title="bbox 1843 3920 3417 3995; baseline -0.005 -15"><span class='ocrx_word' id='word_1_594' title='bbox 1843 3926 1954 3982; x_wconf 84' lang='lat' dir='ltr'><strong>Deo</strong></span> <span class='ocrx_word' id='word_1_595' title='bbox 2000 3942 2146 3993; x_wconf 89' lang='lat' dir='ltr'><strong>vero,</strong></span> <span class='ocrx_word' id='word_1_596' title='bbox 2187 3926 2453 3995; x_wconf 89' lang='lat' dir='ltr'><strong>genitum,</strong></span> <span class='ocrx_word' id='word_1_597' title='bbox 2487 3941 2592 3979; x_wconf 90' lang='lat' dir='ltr'><strong>non</strong></span> <span class='ocrx_word' id='word_1_598' title='bbox 2642 3924 2863 3986; x_wconf 81' lang='lat' dir='ltr'><strong>factum,</strong></span> <span class='ocrx_word' id='word_1_599' title='bbox 2898 3920 3417 3976; x_wconf 86' lang='lat' dir='ltr'><strong>consubstantialem</strong></span> 
     </span>
    </p>
   </div>
   <div class='ocr_carea' id='block_1_80' title="bbox 1841 4012 3420 4088">
    <p class='ocr_par' dir='ltr' id='par_1_80' title="bbox 1841 4012 3420 4088">
     <span class='ocr_line' id='line_1_80' title="bbox 1841 4012 3420 4088; baseline -0.009 -12"><span class='ocrx_word' id='word_1_600' title='bbox 1841 4020 2010 4085; x_wconf 85' lang='lat' dir='ltr'><strong>Patri,</strong></span> <span class='ocrx_word' id='word_1_601' title='bbox 2043 4035 2135 4088; x_wconf 91' lang='lat' dir='ltr'><strong>per</strong></span> <span class='ocrx_word' id='word_1_602' title='bbox 2159 4033 2319 4088; x_wconf 87' lang='lat' dir='ltr'><strong>quem</strong></span> <span class='ocrx_word' id='word_1_603' title='bbox 2348 4017 2527 4072; x_wconf 88' lang='lat' dir='ltr'><strong>omnia</strong></span> <span class='ocrx_word' id='word_1_604' title='bbox 2580 4016 2714 4069; x_wconf 79' lang='lat' dir='ltr'><strong>facta</strong></span> <span class='ocrx_word' id='word_1_605' title='bbox 2759 4022 2904 4078; x_wconf 77' lang='lat' dir='ltr'><strong>sum,</strong></span> <span class='ocrx_word' id='word_1_606' title='bbox 2938 4028 3055 4080; x_wconf 75' lang='lat' dir='ltr'><strong>qua:</strong></span> <span class='ocrx_word' id='word_1_607' title='bbox 3096 4012 3147 4065; x_wconf 91' lang='lat' dir='ltr'><strong>in</strong></span> <span class='ocrx_word' id='word_1_608' title='bbox 3194 4012 3334 4065; x_wconf 69' lang='lat' dir='ltr'><strong>caelo</strong></span> <span class='ocrx_word' id='word_1_609' title='bbox 3366 4020 3420 4062; x_wconf 89' lang='lat' dir='ltr'><strong>et</strong></span> 
     </span>
    </p>
   </div>
   <div class='ocr_carea' id='block_1_81' title="bbox 1840 4104 3421 4182">
    <p class='ocr_par' dir='ltr' id='par_1_81' title="bbox 1840 4104 3421 4182">
     <span class='ocr_line' id='line_1_81' title="bbox 1840 4104 3421 4182; baseline -0.009 -13"><span class='ocrx_word' id='word_1_610' title='bbox 1840 4128 1961 4182; x_wconf 74' lang='lat' dir='ltr'><strong>quae</strong></span> <span class='ocrx_word' id='word_1_611' title='bbox 2002 4112 2054 4165; x_wconf 91' lang='lat' dir='ltr'><strong>in</strong></span> <span class='ocrx_word' id='word_1_612' title='bbox 2087 4122 2225 4166; x_wconf 88' lang='lat' dir='ltr'><strong>terra</strong></span> <span class='ocrx_word' id='word_1_613' title='bbox 2263 4128 2272 4161; x_wconf 95' lang='lat'>:</span> <span class='ocrx_word' id='word_1_614' title='bbox 2309 4110 2397 4179; x_wconf 89' lang='lat' dir='ltr'><strong>qui</strong></span> <span class='ocrx_word' id='word_1_615' title='bbox 2435 4116 2656 4177; x_wconf 85' lang='lat' dir='ltr'><strong>propter</strong></span> <span class='ocrx_word' id='word_1_616' title='bbox 2696 4121 2797 4159; x_wconf 91' lang='lat' dir='ltr'><strong>nos</strong></span> <span class='ocrx_word' id='word_1_617' title='bbox 2838 4104 3083 4159; x_wconf 89' lang='lat' dir='ltr'><strong>homines</strong></span> <span class='ocrx_word' id='word_1_618' title='bbox 3111 4112 3161 4156; x_wconf 90' lang='lat' dir='ltr'><strong>et</strong></span> <span class='ocrx_word' id='word_1_619' title='bbox 3200 4112 3421 4172; x_wconf 88' lang='lat' dir='ltr'><strong>propter</strong></span> 
     </span>
    </p>
   </div>
   <div class='ocr_carea' id='block_1_82' title="bbox 1842 4197 3421 4261">
    <p class='ocr_par' dir='ltr' id='par_1_82' title="bbox 1842 4197 3421 4261">
     <span class='ocr_line' id='line_1_82' title="bbox 1842 4197 3421 4261; baseline -0.009 -2"><span class='ocrx_word' id='word_1_620' title='bbox 1842 4214 2083 4259; x_wconf 91' lang='lat' dir='ltr'><strong>nostram</strong></span> <span class='ocrx_word' id='word_1_621' title='bbox 2138 4203 2366 4258; x_wconf 87' lang='lat' dir='ltr'><strong>salutem</strong></span> <span class='ocrx_word' id='word_1_622' title='bbox 2404 4199 2703 4261; x_wconf 83' lang='lat' dir='ltr'><strong>descendit,</strong></span> <span class='ocrx_word' id='word_1_623' title='bbox 2754 4208 2809 4250; x_wconf 89' lang='lat' dir='ltr'><strong>et</strong></span> <span class='ocrx_word' id='word_1_624' title='bbox 2856 4197 3173 4250; x_wconf 86' lang='lat' dir='ltr'><strong>incarnatus</strong></span> <span class='ocrx_word' id='word_1_625' title='bbox 3214 4200 3318 4257; x_wconf 86' lang='lat' dir='ltr'><strong>est,</strong></span> <span class='ocrx_word' id='word_1_626' title='bbox 3364 4199 3421 4245; x_wconf 84' lang='lat' dir='ltr'><strong>et</strong></span> 
     </span>
    </p>
   </div>
   <div class='ocr_carea' id='block_1_83' title="bbox 1843 4284 3415 4362">
    <p class='ocr_par' dir='ltr' id='par_1_83' title="bbox 1843 4284 3415 4362">
     <span class='ocr_line' id='line_1_83' title="bbox 1843 4284 3415 4362; baseline -0.01 -9"><span class='ocrx_word' id='word_1_627' title='bbox 1843 4300 2002 4353; x_wconf 91' lang='lat' dir='ltr'><strong>homo</strong></span> <span class='ocrx_word' id='word_1_628' title='bbox 2027 4295 2203 4351; x_wconf 82' lang='lat' dir='ltr'><strong>lactus</strong></span> <span class='ocrx_word' id='word_1_629' title='bbox 2224 4304 2305 4349; x_wconf 89' lang='lat' dir='ltr'><strong>est</strong></span> <span class='ocrx_word' id='word_1_630' title='bbox 2329 4311 2341 4354; x_wconf 83' lang='lat'><strong>;</strong></span> <span class='ocrx_word' id='word_1_631' title='bbox 2372 4307 2561 4362; x_wconf 88' lang='lat' dir='ltr'><strong>passus</strong></span> <span class='ocrx_word' id='word_1_632' title='bbox 2584 4301 2689 4354; x_wconf 89' lang='lat' dir='ltr'><strong>est,</strong></span> <span class='ocrx_word' id='word_1_633' title='bbox 2714 4299 2767 4344; x_wconf 92' lang='lat' dir='ltr'><strong>et</strong></span> <span class='ocrx_word' id='word_1_634' title='bbox 2801 4287 3094 4342; x_wconf 86' lang='lat' dir='ltr'><strong>resurrexit</strong></span> <span class='ocrx_word' id='word_1_635' title='bbox 3116 4286 3274 4339; x_wconf 88' lang='lat' dir='ltr'><strong>tertia</strong></span> <span class='ocrx_word' id='word_1_636' title='bbox 3306 4284 3415 4347; x_wconf 87' lang='lat' dir='ltr'><strong>die,</strong></span> 
     </span>
    </p>
   </div>
   <div class='ocr_carea' id='block_1_84' title="bbox 1842 4376 3421 4448">
    <p class='ocr_par' dir='ltr' id='par_1_84' title="bbox 1842 4376 3421 4448">
     <span class='ocr_line' id='line_1_84' title="bbox 1842 4376 3421 4448; baseline -0.011 -5"><span class='ocrx_word' id='word_1_637' title='bbox 1842 4388 2085 4443; x_wconf 89' lang='lat' dir='ltr'><strong>ascendit</strong></span> <span class='ocrx_word' id='word_1_638' title='bbox 2130 4386 2180 4439; x_wconf 92' lang='lat' dir='ltr'><strong>in</strong></span> <span class='ocrx_word' id='word_1_639' title='bbox 2229 4385 2416 4448; x_wconf 70' lang='lat' dir='ltr'><strong>cmlos,</strong></span> <span class='ocrx_word' id='word_1_640' title='bbox 2468 4390 2724 4435; x_wconf 86' lang='lat' dir='ltr'><strong>venturus</strong></span> <span class='ocrx_word' id='word_1_641' title='bbox 2771 4387 2855 4433; x_wconf 88' lang='lat' dir='ltr'><strong>est</strong></span> <span class='ocrx_word' id='word_1_642' title='bbox 2894 4377 3138 4445; x_wconf 86' lang='lat' dir='ltr'><strong>judicare</strong></span> <span class='ocrx_word' id='word_1_643' title='bbox 3176 4376 3323 4429; x_wconf 86' lang='lat' dir='ltr'><strong>vivos</strong></span> <span class='ocrx_word' id='word_1_644' title='bbox 3366 4386 3421 4428; x_wconf 88' lang='lat' dir='ltr'><strong>et</strong></span> 
     </span>
    </p>
   </div>
   <div class='ocr_carea' id='block_1_85' title="bbox 135 4466 1734 4576">
    <p class='ocr_par' dir='ltr' id='par_1_85' title="bbox 135 4472 1734 4554">
     <span class='ocr_line' id='line_1_85' title="bbox 135 4472 1734 4554; baseline 0.009 -30"><span class='ocrx_word' id='word_1_645' title='bbox 135 4472 347 4538; x_wconf 79' lang='grc' dir='ltr'>ρανούς</span> <span class='ocrx_word' id='word_1_646' title='bbox 372 4489 388 4502; x_wconf 92' lang='grc'>·</span> <span class='ocrx_word' id='word_1_647' title='bbox 430 4473 724 4543; x_wconf 78' lang='grc' dir='ltr'>ἐρχόμενον</span> <span class='ocrx_word' id='word_1_648' title='bbox 755 4478 934 4546; x_wconf 85' lang='grc' dir='ltr'>κρῖναι</span> <span class='ocrx_word' id='word_1_649' title='bbox 963 4477 1171 4543; x_wconf 77' lang='grc' dir='ltr'>ζῶντας</span> <span class='ocrx_word' id='word_1_650' title='bbox 1224 4483 1318 4535; x_wconf 79' lang='grc' dir='ltr'><strong>καὶ</strong></span> <span class='ocrx_word' id='word_1_651' title='bbox 1344 4484 1594 4554; x_wconf 83' lang='grc' dir='ltr'>νεκρούς.</span> <span class='ocrx_word' id='word_1_652' title='bbox 1630 4486 1734 4541; x_wconf 69' lang='grc' dir='ltr'><strong>Καὶ</strong></span> 
     </span>
    </p>
   </div>
   <div class='ocr_carea' id='block_1_86' title="bbox 1838 4466 3419 4576">
    <p class='ocr_par' dir='ltr' id='par_1_86' title="bbox 1848 4466 3419 4545">
     <span class='ocr_line' id='line_1_86' title="bbox 1848 4466 3419 4545; baseline -0.011 -9"><span class='ocrx_word' id='word_1_653' title='bbox 1848 4494 2106 4536; x_wconf 84' lang='lat' dir='ltr'><strong>mortuos.</strong></span> <span class='ocrx_word' id='word_1_654' title='bbox 2153 4479 2217 4534; x_wconf 84' lang='lat' dir='ltr'><strong>Et</strong></span> <span class='ocrx_word' id='word_1_655' title='bbox 2252 4480 2305 4532; x_wconf 87' lang='lat' dir='ltr'><strong>in</strong></span> <span class='ocrx_word' id='word_1_656' title='bbox 2343 4476 2605 4545; x_wconf 87' lang='lat' dir='ltr'><strong>Spiritum</strong></span> <span class='ocrx_word' id='word_1_657' title='bbox 2638 4484 2901 4528; x_wconf 85' lang='lat' dir='ltr'><strong>sanctum.</strong></span> <span class='ocrx_word' id='word_1_658' title='bbox 2940 4490 2956 4521; x_wconf 72' lang='grc' dir='ltr'><strong>ι</strong></span> <span class='ocrx_word' id='word_1_659' title='bbox 2985 4469 3096 4538; x_wconf 80' lang='lat' dir='ltr'><strong>Age</strong></span> <span class='ocrx_word' id='word_1_660' title='bbox 3125 4469 3306 4537; x_wconf 76' lang='lat' dir='ltr'><strong>igitur,</strong></span> <span class='ocrx_word' id='word_1_661' title='bbox 3339 4466 3419 4520; x_wconf 87' lang='lat' dir='ltr'><strong>vir</strong></span> 
     </span>
    </p>
   </div>
   <div class='ocr_carea' id='block_1_87' title="bbox 130 4564 1739 4643">
    <p class='ocr_par' dir='ltr' id='par_1_87' title="bbox 130 4564 1739 4643">
     <span class='ocr_line' id='line_1_87' title="bbox 130 4564 1739 4643; baseline 0.012 -30"><span class='ocrx_word' id='word_1_662' title='bbox 130 4568 214 4627; x_wconf 76' lang='grc' dir='ltr'>εις</span> <span class='ocrx_word' id='word_1_663' title='bbox 244 4565 312 4617; x_wconf 87' lang='grc' dir='ltr'><strong>τὸ</strong></span> <span class='ocrx_word' id='word_1_664' title='bbox 348 4564 581 4634; x_wconf 83' lang='grc' dir='ltr'>Πνεῦμα</span> <span class='ocrx_word' id='word_1_665' title='bbox 614 4566 673 4618; x_wconf 80' lang='grc' dir='ltr'>τὸ</span> <span class='ocrx_word' id='word_1_666' title='bbox 703 4565 877 4635; x_wconf 74' lang='grc' dir='ltr'>ἅγιον.</span> <span class='ocrx_word' id='word_1_667' title='bbox 906 4570 1039 4623; x_wconf 77' lang='grc' dir='ltr'>»Ἴθι</span> <span class='ocrx_word' id='word_1_668' title='bbox 1064 4572 1127 4642; x_wconf 78' lang='grc' dir='ltr'><strong>δὴ</strong></span> <span class='ocrx_word' id='word_1_669' title='bbox 1152 4568 1264 4637; x_wconf 77' lang='grc' dir='ltr'>οὖν,</span> <span class='ocrx_word' id='word_1_670' title='bbox 1293 4567 1337 4627; x_wconf 80' lang='grc' dir='ltr'><strong>ὦ</strong></span> <span class='ocrx_word' id='word_1_671' title='bbox 1370 4580 1607 4643; x_wconf 83' lang='grc' dir='ltr'>γενναῖε,</span> <span class='ocrx_word' id='word_1_672' title='bbox 1636 4580 1739 4633; x_wconf 87' lang='grc' dir='ltr'><strong>ποῦ</strong></span> 
     </span>
    </p>
   </div>
   <div class='ocr_carea' id='block_1_88' title="bbox 128 4657 1742 4736">
    <p class='ocr_par' dir='ltr' id='par_1_88' title="bbox 128 4657 1742 4736">
     <span class='ocr_line' id='line_1_88' title="bbox 128 4657 1742 4736; baseline 0.011 -29"><span class='ocrx_word' id='word_1_673' title='bbox 128 4657 489 4723; x_wconf 78' lang='grc' dir='ltr'>τεθείκασιν,</span> <span class='ocrx_word' id='word_1_674' title='bbox 548 4660 689 4722; x_wconf 76' lang='grc' dir='ltr'>εἰπὲ,</span> <span class='ocrx_word' id='word_1_675' title='bbox 741 4662 867 4731; x_wconf 80' lang='grc' dir='ltr'>περὶ</span> <span class='ocrx_word' id='word_1_676' title='bbox 912 4663 1005 4715; x_wconf 91' lang='grc' dir='ltr'><strong>τοῦ</strong></span> <span class='ocrx_word' id='word_1_677' title='bbox 1056 4664 1213 4731; x_wconf 84' lang='grc' dir='ltr'>Υἰοῦ,</span> <span class='ocrx_word' id='word_1_678' title='bbox 1266 4669 1619 4736; x_wconf 83' lang='grc' dir='ltr'>σαρκωθέντα</span> <span class='ocrx_word' id='word_1_679' title='bbox 1678 4675 1742 4727; x_wconf 77' lang='grc' dir='ltr'>ἐκ</span> 
     </span>
    </p>
   </div>
   <div class='ocr_carea' id='block_1_89' title="bbox 134 4752 1744 4831">
    <p class='ocr_par' dir='ltr' id='par_1_89' title="bbox 134 4752 1744 4831">
     <span class='ocr_line' id='line_1_89' title="bbox 134 4752 1744 4831; baseline 0.009 -28"><span class='ocrx_word' id='word_1_680' title='bbox 134 4752 479 4822; x_wconf 82' lang='grc' dir='ltr'>Πνεύματος</span> <span class='ocrx_word' id='word_1_681' title='bbox 527 4752 683 4819; x_wconf 86' lang='grc' dir='ltr'>ἀγὶου</span> <span class='ocrx_word' id='word_1_682' title='bbox 736 4756 826 4807; x_wconf 79' lang='grc' dir='ltr'>καὶ</span> <span class='ocrx_word' id='word_1_683' title='bbox 870 4755 1091 4825; x_wconf 86' lang='grc' dir='ltr'>Μαρίας</span> <span class='ocrx_word' id='word_1_684' title='bbox 1134 4759 1231 4829; x_wconf 80' lang='grc' dir='ltr'>τῆς</span> <span class='ocrx_word' id='word_1_685' title='bbox 1272 4760 1576 4831; x_wconf 87' lang='grc' dir='ltr'>Παρθένου;</span> <span class='ocrx_word' id='word_1_686' title='bbox 1608 4763 1744 4818; x_wconf 86' lang='grc' dir='ltr'><strong>ἀλλά</strong></span> 
     </span>
    </p>
   </div>
   <div class='ocr_carea' id='block_1_90' title="bbox 132 4843 1738 4926">
    <p class='ocr_par' dir='ltr' id='par_1_90' title="bbox 132 4843 1738 4926">
     <span class='ocr_line' id='line_1_90' title="bbox 132 4843 1738 4926; baseline 0.009 -33"><span class='ocrx_word' id='word_1_687' title='bbox 132 4843 301 4898; x_wconf 74' lang='grc' dir='ltr'>τοῦτο</span> <span class='ocrx_word' id='word_1_688' title='bbox 344 4844 457 4913; x_wconf 82' lang='grc' dir='ltr'><strong>μὲν</strong></span> <span class='ocrx_word' id='word_1_689' title='bbox 476 4844 766 4910; x_wconf 79' lang='grc' dir='ltr'>ἐκδείξειεν</span> <span class='ocrx_word' id='word_1_690' title='bbox 790 4846 855 4900; x_wconf 87' lang='grc' dir='ltr'><strong>ἂν</strong></span> <span class='ocrx_word' id='word_1_691' title='bbox 874 4848 1075 4917; x_wconf 85' lang='grc' dir='ltr'>ἦκιστά</span> <span class='ocrx_word' id='word_1_692' title='bbox 1095 4866 1178 4917; x_wconf 91' lang='grc' dir='ltr'><strong>γε,</strong></span> <span class='ocrx_word' id='word_1_693' title='bbox 1204 4850 1340 4920; x_wconf 82' lang='grc' dir='ltr'>πλὴν</span> <span class='ocrx_word' id='word_1_694' title='bbox 1362 4856 1539 4907; x_wconf 84' lang='grc' dir='ltr'>ἐκεῖνο</span> <span class='ocrx_word' id='word_1_695' title='bbox 1562 4854 1738 4926; x_wconf 77' lang='grc' dir='ltr'>ἄθρει.</span> 
     </span>
    </p>
   </div>
   <div class='ocr_carea' id='block_1_91' title="bbox 127 4936 1738 5019">
    <p class='ocr_par' dir='ltr' id='par_1_91' title="bbox 127 4936 1738 5019">
     <span class='ocr_line' id='line_1_91' title="bbox 127 4936 1738 5019; baseline 0.009 -33"><span class='ocrx_word' id='word_1_696' title='bbox 127 4938 273 4988; x_wconf 75' lang='grc' dir='ltr'>Φασὶ</span> <span class='ocrx_word' id='word_1_697' title='bbox 310 4936 456 5005; x_wconf 78' lang='grc' dir='ltr'>γὰρ,</span> <span class='ocrx_word' id='word_1_698' title='bbox 489 4937 652 4989; x_wconf 72' lang='grc' dir='ltr'>αὐτὸν</span> <span class='ocrx_word' id='word_1_699' title='bbox 682 4938 772 4990; x_wconf 85' lang='grc' dir='ltr'><strong>τὸν</strong></span> <span class='ocrx_word' id='word_1_700' title='bbox 815 4940 879 4992; x_wconf 86' lang='grc' dir='ltr'>ἐκ</span> <span class='ocrx_word' id='word_1_701' title='bbox 924 4939 1057 4993; x_wconf 90' lang='grc' dir='ltr'>Θεοῦ</span> <span class='ocrx_word' id='word_1_702' title='bbox 1088 4942 1281 5010; x_wconf 87' lang='grc' dir='ltr'>Λόγον,</span> <span class='ocrx_word' id='word_1_703' title='bbox 1316 4946 1406 4996; x_wconf 82' lang='grc' dir='ltr'><strong>τὸν</strong></span> <span class='ocrx_word' id='word_1_704' title='bbox 1438 4947 1738 5019; x_wconf 85' lang='grc' dir='ltr'>Μονογενῆ,</span> 
     </span>
    </p>
   </div>
   <div class='ocr_carea' id='block_1_92' title="bbox 130 5028 1738 5105">
    <p class='ocr_par' dir='ltr' id='par_1_92' title="bbox 130 5028 1738 5105">
     <span class='ocr_line' id='line_1_92' title="bbox 130 5028 1738 5105; baseline 0.009 -26"><span class='ocrx_word' id='word_1_705' title='bbox 130 5031 225 5082; x_wconf 75' lang='grc' dir='ltr'><strong>τὸν</strong></span> <span class='ocrx_word' id='word_1_706' title='bbox 262 5028 335 5081; x_wconf 82' lang='grc' dir='ltr'><strong>ἐκ</strong></span> <span class='ocrx_word' id='word_1_707' title='bbox 380 5028 485 5091; x_wconf 82' lang='grc' dir='ltr'>τῆς</span> <span class='ocrx_word' id='word_1_708' title='bbox 532 5029 717 5092; x_wconf 75' lang='grc' dir='ltr'>οὐσίας</span> <span class='ocrx_word' id='word_1_709' title='bbox 743 5030 837 5083; x_wconf 93' lang='grc' dir='ltr'><strong>τοῦ</strong></span> <span class='ocrx_word' id='word_1_710' title='bbox 873 5032 1105 5101; x_wconf 84' lang='grc' dir='ltr'>Πατρὸς,</span> <span class='ocrx_word' id='word_1_711' title='bbox 1134 5034 1224 5087; x_wconf 86' lang='grc' dir='ltr'><strong>τὸν</strong></span> <span class='ocrx_word' id='word_1_712' title='bbox 1253 5036 1320 5089; x_wconf 79' lang='grc' dir='ltr'><strong>δι’</strong></span> <span class='ocrx_word' id='word_1_713' title='bbox 1351 5032 1410 5091; x_wconf 78' lang='grc' dir='ltr'><strong>οὗ</strong></span> <span class='ocrx_word' id='word_1_714' title='bbox 1439 5038 1506 5092; x_wconf 80' lang='grc' dir='ltr'>τὰ</span> <span class='ocrx_word' id='word_1_715' title='bbox 1542 5042 1738 5105; x_wconf 83' lang='grc' dir='ltr'>πάντα,</span> 
     </span>
    </p>
   </div>
   <div class='ocr_carea' id='block_1_93' title="bbox 129 5118 1743 5201">
    <p class='ocr_par' dir='ltr' id='par_1_93' title="bbox 129 5118 1743 5201">
     <span class='ocr_line' id='line_1_93' title="bbox 129 5118 1743 5201; baseline 0.009 -31"><span class='ocrx_word' id='word_1_716' title='bbox 129 5122 190 5172; x_wconf 75' lang='grc' dir='ltr'><strong>το</strong></span> <span class='ocrx_word' id='word_1_717' title='bbox 224 5119 359 5189; x_wconf 79' lang='grc' dir='ltr'><strong>φῶς</strong></span> <span class='ocrx_word' id='word_1_718' title='bbox 399 5118 467 5170; x_wconf 82' lang='grc' dir='ltr'>τὸ</span> <span class='ocrx_word' id='word_1_719' title='bbox 502 5118 773 5188; x_wconf 83' lang='grc' dir='ltr'>ἀληθινὸν,</span> <span class='ocrx_word' id='word_1_720' title='bbox 801 5123 1150 5194; x_wconf 82' lang='grc' dir='ltr'>σαρκωθῆναί</span> <span class='ocrx_word' id='word_1_721' title='bbox 1178 5143 1233 5177; x_wconf 86' lang='grc' dir='ltr'><strong>τε</strong></span> <span class='ocrx_word' id='word_1_722' title='bbox 1268 5128 1361 5180; x_wconf 66' lang='grc' dir='ltr'>καὶ</span> <span class='ocrx_word' id='word_1_723' title='bbox 1389 5128 1743 5201; x_wconf 82' lang='grc' dir='ltr'>ἐνανθρωπῆ-</span> 
     </span>
    </p>
   </div>
   <div class='ocr_carea' id='block_1_94' title="bbox 129 5212 1742 5288">
    <p class='ocr_par' dir='ltr' id='par_1_94' title="bbox 129 5212 1742 5288">
     <span class='ocr_line' id='line_1_94' title="bbox 129 5212 1742 5288; baseline 0.008 -23"><span class='ocrx_word' id='word_1_724' title='bbox 129 5229 223 5266; x_wconf 73' lang='grc' dir='ltr'><strong>σαι</strong></span> <span class='ocrx_word' id='word_1_725' title='bbox 250 5255 266 5274; x_wconf 88' lang='grc'><strong>,</strong></span> <span class='ocrx_word' id='word_1_726' title='bbox 306 5212 520 5266; x_wconf 81' lang='grc' dir='ltr'>παθεῖν</span> <span class='ocrx_word' id='word_1_727' title='bbox 562 5230 622 5265; x_wconf 86' lang='grc' dir='ltr'><strong>τε</strong></span> <span class='ocrx_word' id='word_1_728' title='bbox 676 5214 769 5266; x_wconf 76' lang='grc' dir='ltr'>καὶ</span> <span class='ocrx_word' id='word_1_729' title='bbox 798 5215 1129 5286; x_wconf 67' lang='grc' dir='ltr'><strong>ἀναστῆναι⁸</strong></span> <span class='ocrx_word' id='word_1_730' title='bbox 1174 5220 1265 5270; x_wconf 73' lang='grc' dir='ltr'><strong>καὶ</strong></span> <span class='ocrx_word' id='word_1_731' title='bbox 1313 5220 1439 5288; x_wconf 80' lang='grc' dir='ltr'>μὴν,</span> <span class='ocrx_word' id='word_1_732' title='bbox 1476 5223 1557 5275; x_wconf 84' lang='grc' dir='ltr'>ὅτι</span> <span class='ocrx_word' id='word_1_733' title='bbox 1604 5226 1742 5278; x_wconf 83' lang='grc' dir='ltr'>κατὰ</span> 
     </span>
    </p>
   </div>
   <div class='ocr_carea' id='block_1_95' title="bbox 130 5304 1743 5383">
    <p class='ocr_par' dir='ltr' id='par_1_95' title="bbox 130 5304 1743 5383">
     <span class='ocr_line' id='line_1_95' title="bbox 130 5304 1743 5383; baseline 0.006 -27"><span class='ocrx_word' id='word_1_734' title='bbox 130 5307 378 5373; x_wconf 65' lang='grc' dir='ltr'>καιροὺς</span> <span class='ocrx_word' id='word_1_735' title='bbox 440 5304 700 5372; x_wconf 78' lang='grc' dir='ltr'>ἐπανήξει</span> <span class='ocrx_word' id='word_1_736' title='bbox 753 5308 963 5377; x_wconf 82' lang='grc' dir='ltr'>κριτής.</span> <span class='ocrx_word' id='word_1_737' title='bbox 986 5307 1119 5359; x_wconf 81' lang='grc' dir='ltr'>Ἀλλ’</span> <span class='ocrx_word' id='word_1_738' title='bbox 1155 5307 1238 5360; x_wconf 78' lang='grc' dir='ltr'><strong>ἵνα</strong></span> <span class='ocrx_word' id='word_1_739' title='bbox 1292 5310 1382 5361; x_wconf 73' lang='grc' dir='ltr'><strong>καὶ</strong></span> <span class='ocrx_word' id='word_1_740' title='bbox 1434 5314 1551 5375; x_wconf 82' lang='grc' dir='ltr'>ταῖς</span> <span class='ocrx_word' id='word_1_741' title='bbox 1601 5316 1743 5383; x_wconf 85' lang='grc' dir='ltr'>παρ’</span> 
     </span>
    </p>
   </div>
   <div class='ocr_carea' id='block_1_96' title="bbox 203 5485 651 5549">
    <p class='ocr_par' dir='ltr' id='par_1_96' title="bbox 203 5485 651 5549">
     <span class='ocr_line' id='line_1_96' title="bbox 203 5485 651 5549; baseline -0.009 -7"><span class='ocrx_word' id='word_1_742' title='bbox 203 5488 253 5521; x_wconf 68' lang='grc'><strong><em>⁸³</em></strong></span> <span class='ocrx_word' id='word_1_743' title='bbox 281 5486 459 5541; x_wconf 84' lang='lat' dir='ltr'><strong>Joan.</strong></span> <span class='ocrx_word' id='word_1_744' title='bbox 493 5499 532 5549; x_wconf 87' lang='grc' dir='ltr'><strong>ι,</strong></span> <span class='ocrx_word' id='word_1_745' title='bbox 569 5485 651 5538; x_wconf 79' lang='lat' dir='ltr'><strong>N.</strong></span> 
     </span>
    </p>
   </div>
   <div class='ocr_carea' id='block_1_97' title="bbox 1844 4561 3419 4644">
    <p class='ocr_par' dir='ltr' id='par_1_97' title="bbox 1844 4561 3419 4644">
     <span class='ocr_line' id='line_1_97' title="bbox 1844 4561 3419 4644; baseline -0.011 -16"><span class='ocrx_word' id='word_1_746' title='bbox 1844 4574 2080 4644; x_wconf 84' lang='lat' dir='ltr'><strong>egregie,</strong></span> <span class='ocrx_word' id='word_1_747' title='bbox 2112 4572 2197 4625; x_wconf 88' lang='lat' dir='ltr'><strong>dic</strong></span> <span class='ocrx_word' id='word_1_748' title='bbox 2224 4571 2439 4624; x_wconf 84' lang='lat' dir='ltr'><strong>ubinam</strong></span> <span class='ocrx_word' id='word_1_749' title='bbox 2474 4566 2748 4635; x_wconf 91' lang='lat' dir='ltr'><strong>posuerint</strong></span> <span class='ocrx_word' id='word_1_750' title='bbox 2776 4564 2841 4618; x_wconf 91' lang='lat' dir='ltr'><strong>de</strong></span> <span class='ocrx_word' id='word_1_751' title='bbox 2890 4561 3047 4625; x_wconf 83' lang='lat' dir='ltr'><strong>Filio,</strong></span> <span class='ocrx_word' id='word_1_752' title='bbox 3081 4561 3419 4614; x_wconf 86' lang='lat' dir='ltr'><strong>incarnatuin</strong></span> 
     </span>
    </p>
   </div>
   <div class='ocr_carea' id='block_1_98' title="bbox 1845 4649 3423 4733">
    <p class='ocr_par' dir='ltr' id='par_1_98' title="bbox 1845 4649 3423 4733">
     <span class='ocr_line' id='line_1_98' title="bbox 1845 4649 3423 4733; baseline -0.013 -10"><span class='ocrx_word' id='word_1_753' title='bbox 1845 4682 1964 4722; x_wconf 89' lang='lat' dir='ltr'><strong>esse</strong></span> <span class='ocrx_word' id='word_1_754' title='bbox 2003 4668 2067 4720; x_wconf 91' lang='lat' dir='ltr'><strong>de</strong></span> <span class='ocrx_word' id='word_1_755' title='bbox 2118 4664 2321 4733; x_wconf 88' lang='lat' dir='ltr'><strong>Spiritu</strong></span> <span class='ocrx_word' id='word_1_756' title='bbox 2364 4668 2552 4716; x_wconf 88' lang='lat' dir='ltr'><strong>sancto</strong></span> <span class='ocrx_word' id='word_1_757' title='bbox 2575 4666 2629 4711; x_wconf 86' lang='lat' dir='ltr'><strong>et</strong></span> <span class='ocrx_word' id='word_1_758' title='bbox 2674 4655 2839 4709; x_wconf 85' lang='lat' dir='ltr'><strong>Maria</strong></span> <span class='ocrx_word' id='word_1_759' title='bbox 2873 4653 3139 4722; x_wconf 79' lang='lat' dir='ltr'><strong>Virgine?</strong></span> <span class='ocrx_word' id='word_1_760' title='bbox 3174 4651 3335 4717; x_wconf 79' lang='lat' dir='ltr'><strong>Atqui</strong></span> <span class='ocrx_word' id='word_1_761' title='bbox 3369 4649 3423 4703; x_wconf 85' lang='lat' dir='ltr'><strong>id</strong></span> 
     </span>
    </p>
   </div>
   <div class='ocr_carea' id='block_1_99' title="bbox 1844 4742 3417 4822">
    <p class='ocr_par' dir='ltr' id='par_1_99' title="bbox 1844 4742 3417 4822">
     <span class='ocr_line' id='line_1_99' title="bbox 1844 4742 3417 4822; baseline -0.014 -8"><span class='ocrx_word' id='word_1_762' title='bbox 1844 4758 2131 4814; x_wconf 83' lang='lat' dir='ltr'><strong>ostendere</strong></span> <span class='ocrx_word' id='word_1_763' title='bbox 2158 4757 2379 4809; x_wconf 90' lang='lat' dir='ltr'><strong>minime</strong></span> <span class='ocrx_word' id='word_1_764' title='bbox 2402 4752 2598 4822; x_wconf 89' lang='lat' dir='ltr'><strong>poterit</strong></span> <span class='ocrx_word' id='word_1_765' title='bbox 2619 4768 2631 4803; x_wconf 93' lang='lat'><strong>:</strong></span> <span class='ocrx_word' id='word_1_766' title='bbox 2652 4749 2744 4803; x_wconf 90' lang='lat' dir='ltr'><strong>sed</strong></span> <span class='ocrx_word' id='word_1_767' title='bbox 2764 4758 2939 4800; x_wconf 86' lang='lat' dir='ltr'><strong>tamen</strong></span> <span class='ocrx_word' id='word_1_768' title='bbox 2967 4745 3092 4797; x_wconf 89' lang='lat' dir='ltr'><strong>illud</strong></span> <span class='ocrx_word' id='word_1_769' title='bbox 3113 4742 3417 4797; x_wconf 84' lang='lat' dir='ltr'><strong>considera.</strong></span> 
     </span>
    </p>
   </div>
   <div class='ocr_carea' id='block_1_100' title="bbox 1846 4830 3421 4912">
    <p class='ocr_par' dir='ltr' id='par_1_100' title="bbox 1846 4830 3421 4912">
     <span class='ocr_line' id='line_1_100' title="bbox 1846 4830 3421 4912; baseline -0.017 -7"><span class='ocrx_word' id='word_1_770' title='bbox 1846 4850 2107 4905; x_wconf 83' lang='lat' dir='ltr'><strong>Fatentur</strong></span> <span class='ocrx_word' id='word_1_771' title='bbox 2136 4847 2279 4901; x_wconf 91' lang='lat' dir='ltr'><strong>enim</strong></span> <span class='ocrx_word' id='word_1_772' title='bbox 2326 4844 2498 4912; x_wconf 88' lang='lat' dir='ltr'><strong>ipsum</strong></span> <span class='ocrx_word' id='word_1_773' title='bbox 2548 4838 2640 4894; x_wconf 89' lang='lat' dir='ltr'><strong>Dei</strong></span> <span class='ocrx_word' id='word_1_774' title='bbox 2671 4837 2931 4898; x_wconf 86' lang='lat' dir='ltr'><strong>Verbum,</strong></span> <span class='ocrx_word' id='word_1_775' title='bbox 2980 4833 3127 4886; x_wconf 91' lang='lat' dir='ltr'><strong>illum</strong></span> <span class='ocrx_word' id='word_1_776' title='bbox 3162 4830 3421 4900; x_wconf 84' lang='lat' dir='ltr'><strong>Uuigeni-</strong></span> 
     </span>
    </p>
   </div>
   <div class='ocr_carea' id='block_1_101' title="bbox 1849 4924 3416 5005">
    <p class='ocr_par' dir='ltr' id='par_1_101' title="bbox 1849 4924 3416 5005">
     <span class='ocr_line' id='line_1_101' title="bbox 1849 4924 3416 5005; baseline -0.016 -8"><span class='ocrx_word' id='word_1_777' title='bbox 1849 4954 1982 5005; x_wconf 89' lang='lat' dir='ltr'><strong>tum,</strong></span> <span class='ocrx_word' id='word_1_778' title='bbox 2029 4941 2175 4994; x_wconf 91' lang='lat' dir='ltr'><strong>illum</strong></span> <span class='ocrx_word' id='word_1_779' title='bbox 2209 4953 2275 4992; x_wconf 79' lang='lat' dir='ltr'><strong>ex</strong></span> <span class='ocrx_word' id='word_1_780' title='bbox 2322 4933 2621 4989; x_wconf 73' lang='lat' dir='ltr'><strong>substantia</strong></span> <span class='ocrx_word' id='word_1_781' title='bbox 2676 4929 2877 4993; x_wconf 87' lang='lat' dir='ltr'><strong>Patris,</strong></span> <span class='ocrx_word' id='word_1_782' title='bbox 2920 4924 3068 4979; x_wconf 91' lang='lat' dir='ltr'><strong>illum</strong></span> <span class='ocrx_word' id='word_1_783' title='bbox 3124 4938 3220 4991; x_wconf 89' lang='lat' dir='ltr'><strong>per</strong></span> <span class='ocrx_word' id='word_1_784' title='bbox 3260 4936 3416 4989; x_wconf 91' lang='lat' dir='ltr'><strong>quem</strong></span> 
     </span>
    </p>
   </div>
   <div class='ocr_carea' id='block_1_102' title="bbox 1848 5012 3413 5097">
    <p class='ocr_par' dir='ltr' id='par_1_102' title="bbox 1848 5012 3413 5097">
     <span class='ocr_line' id='line_1_102' title="bbox 1848 5012 3413 5097; baseline -0.017 -9"><span class='ocrx_word' id='word_1_785' title='bbox 1848 5034 2050 5097; x_wconf 87' lang='lat' dir='ltr'><strong>omnia,</strong></span> <span class='ocrx_word' id='word_1_786' title='bbox 2084 5030 2211 5085; x_wconf 89' lang='lat' dir='ltr'><strong>illud</strong></span> <span class='ocrx_word' id='word_1_787' title='bbox 2242 5029 2417 5081; x_wconf 89' lang='lat' dir='ltr'><strong>lumen</strong></span> <span class='ocrx_word' id='word_1_788' title='bbox 2449 5039 2658 5088; x_wconf 90' lang='lat' dir='ltr'><strong>verum,</strong></span> <span class='ocrx_word' id='word_1_789' title='bbox 2694 5021 3034 5075; x_wconf 88' lang='lat' dir='ltr'><strong>incarnatuni</strong></span> <span class='ocrx_word' id='word_1_790' title='bbox 3070 5028 3213 5079; x_wconf 90' lang='lat' dir='ltr'><strong>esse,</strong></span> <span class='ocrx_word' id='word_1_791' title='bbox 3254 5022 3311 5066; x_wconf 87' lang='lat' dir='ltr'><strong>et</strong></span> <span class='ocrx_word' id='word_1_792' title='bbox 3345 5012 3413 5063; x_wconf 82' lang='lat' dir='ltr'><strong>fa-</strong></span> 
     </span>
    </p>
   </div>
   <div class='ocr_carea' id='block_1_103' title="bbox 1850 5104 3419 5185">
    <p class='ocr_par' dir='ltr' id='par_1_103' title="bbox 1850 5104 3419 5185">
     <span class='ocr_line' id='line_1_103' title="bbox 1850 5104 3419 5185; baseline -0.018 -3"><span class='ocrx_word' id='word_1_793' title='bbox 1850 5138 1996 5182; x_wconf 90' lang='lat' dir='ltr'><strong>ctum</strong></span> <span class='ocrx_word' id='word_1_794' title='bbox 2049 5124 2350 5185; x_wconf 86' lang='lat' dir='ltr'><strong>hominem,</strong></span> <span class='ocrx_word' id='word_1_795' title='bbox 2384 5129 2437 5174; x_wconf 91' lang='lat' dir='ltr'><strong>et</strong></span> <span class='ocrx_word' id='word_1_796' title='bbox 2483 5130 2724 5185; x_wconf 82' lang='lat' dir='ltr'><strong>passum.</strong></span> <span class='ocrx_word' id='word_1_797' title='bbox 2758 5123 2813 5167; x_wconf 90' lang='lat' dir='ltr'><strong>et</strong></span> <span class='ocrx_word' id='word_1_798' title='bbox 2843 5106 3226 5167; x_wconf 79' lang='lat' dir='ltr'><strong>resurrexisse,</strong></span> <span class='ocrx_word' id='word_1_799' title='bbox 3264 5104 3419 5171; x_wconf 74' lang='lat' dir='ltr'><strong>quin-</strong></span> 
     </span>
    </p>
   </div>
   <div class='ocr_carea' id='block_1_104' title="bbox 1848 5196 3423 5283">
    <p class='ocr_par' dir='ltr' id='par_1_104' title="bbox 1848 5196 3423 5283">
     <span class='ocr_line' id='line_1_104' title="bbox 1848 5196 3423 5283; baseline -0.017 -9"><span class='ocrx_word' id='word_1_800' title='bbox 1848 5222 2010 5274; x_wconf 87' lang='lat' dir='ltr'><strong>etiam</strong></span> <span class='ocrx_word' id='word_1_801' title='bbox 2042 5233 2139 5270; x_wconf 89' lang='lat' dir='ltr'><strong>suo</strong></span> <span class='ocrx_word' id='word_1_802' title='bbox 2171 5224 2414 5283; x_wconf 90' lang='lat' dir='ltr'><strong>tempore</strong></span> <span class='ocrx_word' id='word_1_803' title='bbox 2442 5210 2738 5265; x_wconf 88' lang='lat' dir='ltr'><strong>rediturum</strong></span> <span class='ocrx_word' id='word_1_804' title='bbox 2765 5202 3023 5276; x_wconf 89' lang='lat' dir='ltr'><strong>judicem.</strong></span> <span class='ocrx_word' id='word_1_805' title='bbox 3054 5196 3173 5251; x_wconf 80' lang='lat' dir='ltr'><strong>Jain</strong></span> <span class='ocrx_word' id='word_1_806' title='bbox 3215 5210 3340 5249; x_wconf 89' lang='lat' dir='ltr'><strong>vero</strong></span> <span class='ocrx_word' id='word_1_807' title='bbox 3366 5205 3423 5247; x_wconf 86' lang='lat' dir='ltr'><strong>ut</strong></span> 
     </span>
    </p>
   </div>
   <div class='ocr_carea' id='block_1_105' title="bbox 1850 5285 3422 5380">
    <p class='ocr_par' dir='ltr' id='par_1_105' title="bbox 1850 5285 3422 5380">
     <span class='ocr_line' id='line_1_105' title="bbox 1850 5285 3422 5380; baseline -0.02 -15"><span class='ocrx_word' id='word_1_808' title='bbox 1850 5312 1965 5380; x_wconf 83' lang='lat' dir='ltr'><strong>ejus</strong></span> <span class='ocrx_word' id='word_1_809' title='bbox 1998 5308 2179 5363; x_wconf 83' lang='lat' dir='ltr'><strong>verbis</strong></span> <span class='ocrx_word' id='word_1_810' title='bbox 2218 5301 2576 5361; x_wconf 85' lang='lat' dir='ltr'><strong>certissimam</strong></span> <span class='ocrx_word' id='word_1_811' title='bbox 2611 5308 2853 5352; x_wconf 85' lang='lat' dir='ltr'><strong>normam</strong></span> <span class='ocrx_word' id='word_1_812' title='bbox 2894 5287 3210 5361; x_wconf 89' lang='lat' dir='ltr'><strong>apponendo</strong></span> <span class='ocrx_word' id='word_1_813' title='bbox 3244 5285 3422 5338; x_wconf 82' lang='lat' dir='ltr'><strong>vidca-</strong></span> 
     </span>
    </p>
   </div>
   <div class='ocr_carea' id='block_1_106' title="bbox 1443 5634 2188 5691">
    <p class='ocr_par' dir='ltr' id='par_1_106' title="bbox 1443 5634 2188 5691">
     <span class='ocr_line' id='line_1_106' title="bbox 1443 5634 2188 5691; baseline 0.003 -4"><span class='ocrx_word' id='word_1_814' title='bbox 1443 5634 1601 5689; x_wconf 83' lang='lat' dir='ltr'><strong>ANT.</strong></span> <span class='ocrx_word' id='word_1_815' title='bbox 1648 5634 1918 5690; x_wconf 80' lang='lat' dir='ltr'><strong>AGELLII</strong></span> <span class='ocrx_word' id='word_1_816' title='bbox 1958 5634 2188 5691; x_wconf 64' lang='lat' dir='ltr'><strong>NOTE.</strong></span> 
     </span>
    </p>
   </div>
   <div class='ocr_carea' id='block_1_107' title="bbox 209 5767 1734 5859">
    <p class='ocr_par' dir='ltr' id='par_1_107' title="bbox 209 5786 1733 5859">
     <span class='ocr_line' id='line_1_107' title="bbox 209 5786 1733 5859; baseline 0.003 -19"><span class='ocrx_word' id='word_1_817' title='bbox 209 5789 292 5855; x_wconf 86' lang='lat'><strong>(6)</strong></span> <span class='ocrx_word' id='word_1_818' title='bbox 342 5786 613 5859; x_wconf 64' lang='lat' dir='ltr'><strong>Fortasse</strong></span> <span class='ocrx_word' id='word_1_819' title='bbox 658 5786 791 5859; x_wconf 64' lang='lat' dir='ltr'><strong>ordo</strong></span> <span class='ocrx_word' id='word_1_820' title='bbox 843 5789 1092 5841; x_wconf 86' lang='lat' dir='ltr'><strong>inversus</strong></span> <span class='ocrx_word' id='word_1_821' title='bbox 1145 5797 1221 5835; x_wconf 59' lang='lat' dir='ltr'><strong>est</strong></span> <span class='ocrx_word' id='word_1_822' title='bbox 1278 5800 1333 5859; x_wconf 63' lang='grc' dir='ltr'>ςι</span> <span class='ocrx_word' id='word_1_823' title='bbox 1394 5790 1733 5844; x_wconf 78' lang='lat' dir='ltr'><strong>scribendum</strong></span> 
     </span>
    </p>
   </div>
   <div class='ocr_carea' id='block_1_108' title="bbox 1838 5767 3424 5859">
    <p class='ocr_par' dir='ltr' id='par_1_108' title="bbox 1838 5767 3424 5859">
     <span class='ocr_line' id='line_1_108' title="bbox 1838 5767 3424 5859; baseline -0.018 -10"><span class='ocrx_word' id='word_1_824' title='bbox 1838 5806 1971 5859; x_wconf 83' lang='lat' dir='ltr'><strong>erat,</strong></span> <span class='ocrx_word' id='word_1_825' title='bbox 2032 5793 2154 5846; x_wconf 69' lang='grc' dir='ltr'><strong>Υὲὺν</strong></span> <span class='ocrx_word' id='word_1_826' title='bbox 2196 5789 2288 5843; x_wconf 85' lang='grc' dir='ltr'><strong>τοῦ</strong></span> <span class='ocrx_word' id='word_1_827' title='bbox 2325 5785 2458 5842; x_wconf 85' lang='grc' dir='ltr'>Θεοῦ</span> <span class='ocrx_word' id='word_1_828' title='bbox 2510 5779 2774 5856; x_wconf 80' lang='grc' dir='ltr'>μονογενῆ</span> <span class='ocrx_word' id='word_1_829' title='bbox 2802 5818 2813 5840; x_wconf 91' lang='grc'><strong>,</strong></span> <span class='ocrx_word' id='word_1_830' title='bbox 2880 5772 3208 5844; x_wconf 52' lang='grc' dir='ltr'>γεννηθέντα</span> <span class='ocrx_word' id='word_1_831' title='bbox 3240 5773 3302 5821; x_wconf 77' lang='grc' dir='ltr'><strong>ἐκ</strong></span> <span class='ocrx_word' id='word_1_832' title='bbox 3332 5767 3424 5821; x_wconf 77' lang='grc' dir='ltr'><strong>τοῦ</strong></span> 
     </span>
    </p>
   </div>
   <div class='ocr_carea' id='block_1_109' title="bbox 131 5854 1665 5930">
    <p class='ocr_par' dir='ltr' id='par_1_109' title="bbox 131 5854 1665 5930">
     <span class='ocr_line' id='line_1_109' title="bbox 131 5854 1665 5930; baseline 0.003 -23"><span class='ocrx_word' id='word_1_833' title='bbox 131 5862 388 5930; x_wconf 70' lang='grc' dir='ltr'>Πατρός,</span> <span class='ocrx_word' id='word_1_834' title='bbox 443 5854 644 5908; x_wconf 76' lang='lat' dir='ltr'><strong>Filium</strong></span> <span class='ocrx_word' id='word_1_835' title='bbox 674 5855 766 5910; x_wconf 74' lang='lat' dir='ltr'><strong>Dei</strong></span> <span class='ocrx_word' id='word_1_836' title='bbox 800 5860 1141 5925; x_wconf 74' lang='lat' dir='ltr'><strong>unigenitum,</strong></span> <span class='ocrx_word' id='word_1_837' title='bbox 1174 5874 1234 5911; x_wconf 68' lang='lat' dir='ltr'><strong>er</strong></span> <span class='ocrx_word' id='word_1_838' title='bbox 1266 5855 1425 5913; x_wconf 74' lang='lat' dir='ltr'><strong>Putre</strong></span> <span class='ocrx_word' id='word_1_839' title='bbox 1464 5871 1665 5912; x_wconf 77' lang='lat' dir='ltr'><strong>minim.</strong></span> 
     </span>
    </p>
   </div>
  </div>
