4072 6346
678 383 739 437 5|
1703 379 1761 435 S.
1803 378 2077 436 CYRILLI
2114 376 2578 433 ALEXANDRINI
2615 377 2933 432 ARCHIEP.
3853 376 3924 430 52

677 511 797 552 mus
839 504 1035 564 quanta
1083 496 1152 549 sit
1201 495 1254 549 in
1304 492 1408 549 illis
1457 494 1749 564 imperitia,
1804 494 2001 550 asserit
2039 503 2238 563 aperte,

2351 492 2514 547 αὑτοῦ
2558 497 2760 564 φωναῖς
2791 492 2996 564 ἀκριϐῆ
3029 491 3127 563 τὴν
3162 492 3393 563 βάσανον
3432 491 3683 554 ἐνιέντες,
3719 490 3923 561 ἴδωμεν

679 587 853 655 ipsum
905 585 994 640 Dei
1033 585 1264 640 Verbum
1313 586 1655 642 incarnatum
1700 600 1821 641 esse
1864 595 1919 641 et
1970 586 2240 640 hominem

679 678 882 733 factum
934 678 1051 733 illos
1099 679 1299 743 dicere,
1350 686 1406 732 et
1448 692 1635 732 eorum
1669 678 1881 732 veritati
1931 677 2241 745 suffragium

681 770 877 836 ferens,
912 780 1165 839 tanquam
1207 770 1578 826 convenientia
1622 771 1861 825 dicentes
1892 778 2068 823 ornat.
2105 768 2242 823 Num

681 861 866 929 igitur,
916 861 1026 924 dic,
1055 876 1264 930 quaeso,
1302 877 1424 916 cum
1474 862 1814 915 incarnatum
1864 870 1921 915 et
1972 861 2241 915 hominem

679 948 879 1004 factum
909 950 1079 1017 aiunt,
1106 952 1249 1005 aliud
1279 953 1551 1021 quidpiam
1577 952 1897 1022 signiﬁcant.
1934 967 2093 1021 quam
2125 968 2246 1007 esse

676 1039 971 1093 secundum
1010 1056 1226 1094 carnem
1251 1043 1482 1095 natum?
1524 1043 1911 1097 lncarnatiouis
1961 1044 2103 1097 enim
2156 1044 2244 1098 hic

679 1130 893 1193 modus,
927 1139 981 1184 et
1013 1132 1227 1200 quidem
1262 1131 1409 1186 solus
1434 1133 1481 1186 ei
1512 1134 1820 1202 contingere
1845 1144 2038 1201 potest,
2071 1135 2159 1202 qui
2190 1144 2241 1189 et

674 1228 828 1273 extra
857 1234 1073 1274 carnem
1104 1230 1157 1275 et
1182 1223 1472 1277 secundum
1522 1238 1671 1277 suam
1704 1235 1947 1278 naturam
1977 1226 2238 1280 subsistit.

680 1307 864 1379 Neque
896 1312 1041 1365 enim
1087 1328 1305 1367 carnem
1352 1315 1614 1381 quispiam
1653 1315 1848 1368 dixerit
1884 1317 2240 1379 incarnatam,

680 1412 777 1454 nec
810 1400 1095 1469 quisquam
1130 1402 1182 1455 id
1216 1403 1329 1456 fieri
1367 1413 1543 1473 potest
1571 1406 1710 1472 quod
1756 1416 1868 1458 erat
1906 1422 1918 1457 :
1948 1404 2039 1458 sed
2068 1405 2111 1457 si
2137 1420 2239 1471 qua

680 1490 823 1545 circa
857 1490 1028 1559 ipsum
1061 1492 1389 1561 intelligatur
1417 1494 1554 1547 facta
1592 1495 1981 1562 dispensatoria
2017 1496 2242 1549 mutatio

680 1583 734 1636 in
768 1581 911 1636 aliud
943 1584 1213 1652 quidpiam
1242 1594 1435 1653 praeter
1461 1586 1511 1639 id
1543 1586 1685 1653 quod
1719 1594 1854 1650 erat,
1889 1594 1999 1638 tum
2028 1587 2240 1639 demum

681 1673 753 1725 ita
780 1673 884 1729 dici
928 1676 1433 1732 convenientissime
1467 1686 1670 1746 posset.
1700 1679 1807 1747 26
1830 1677 1884 1731 Si
1924 1678 2084 1747 igitur
2110 1677 2241 1732 Uni-

676 1764 916 1833 genitum
950 1779 1071 1821 esse
1114 1768 1449 1822 incarnatum
1504 1769 1687 1823 dicunt
1730 1770 1864 1839 (hoc
1912 1778 2092 1823 autem
2147 1782 2240 1835 per

2347 588 2401 640 τί
2447 586 2508 639 τὸ
2546 586 2734 657 χρῆμα
2783 584 2879 656 τῆς
2929 584 3157 653 ἐνούσης
3202 585 3393 647 αὐταῖς
3442 583 3703 655 ἀμαθίας,
3732 582 3921 635 διαδε-

2349 674 2596 728 6αιοῦται
2641 674 2845 743 σαφῶς,
2882 673 3232 744 σαρκωθῆναί
3274 690 3335 726 τε
3374 671 3469 725 καὶ
3498 670 3923 741 ἐνανθρωτιῆσαι

2348 765 2439 817 τὸν
2480 766 2544 817 ἐκ
2589 763 2724 817 Θεοῦ
2758 763 2929 832 Λόγον
2958 764 3148 824 αὐταῖς
3192 762 3301 833 [tau
3337 760 3554 833 αὐτοὺς]
3596 763 3792 825 εἰπεῖν,
3824 760 3923 815 καὶ

2347 857 2467 918 ταῖς
2514 855 2593 918 εἰς
2645 854 2903 923 ἀλήθειαν
2954 853 3175 923 ψήφοις,
3211 853 3287 915 ὡς
3326 852 3395 905 τά
3432 853 3614 906 εἰκότα
3658 852 3919 919 λέγοντας

2351 942 2753 1014 στεφανοῖ.⁷Δρ’
2784 941 2898 1008 οὖν,
2930 943 3051 997 εἰπέ
3083 960 3194 1013 μοι,
3232 942 3577 1013 σαρκωθῖψαί
3618 959 3679 995 τε
3709 942 3803 995 καὶ
3828 942 3920 993 ἐν-

2349 1036 2706 1107 ανθρωπῆσαι
2739 1036 3008 1104 λέγοντες,
3047 1036 3230 1105 ἕτερόν
3257 1051 3310 1086 τι
3340 1034 3661 1104 σημαίνουσι
3686 1033 3840 1104 παρά
3860 1031 3922 1085 τὸ

2348 1130 2705 1199 γεγεννῆσθαι
2732 1127 2877 1181 κατὰ
2904 1126 3117 1198 σάρκα;
3152 1126 3486 1196 Σαρκώσεως
3516 1123 3623 1193 γὰρ
3651 1116 3804 1187 οὗτος
3849 1123 3919 1176 ἂν

2348 1220 2573 1287 γένοιτο,
2606 1220 2699 1273 καὶ
2735 1220 2912 1289 μόνος,
2940 1220 2969 1271 ό
2993 1219 3191 1289 τρόπος
3224 1218 3300 1286 τῷ
3321 1218 3414 1271 καὶ
3437 1217 3546 1283 εξω
3572 1216 3793 1287 σαρκὸς,
3818 1218 3918 1270 καὶ

2347 1311 2489 1365 κατά
2512 1312 2671 1379 φύσιν
2697 1310 2829 1363 ἰδίαν
2862 1310 3209 1381 ύφεστηκότι.
3239 1310 3313 1362 Οὐ
3337 1309 3443 1379 γάρ
3464 1326 3587 1373 που,
3610 1308 3710 1377 τὴν
3736 1307 3917 1379 σάρκα

2349 1401 2745 1470 σεσαρκῶσθαι,
2773 1402 2904 1473 φαίη
2931 1419 3015 1465 τις
3049 1401 3137 1465 ἂν,
3178 1401 3287 1453 οὐδ’
3311 1400 3378 1454 ἂν
3411 1400 3619 1468 γένοιτό
3647 1416 3731 1462 τις
3753 1397 3781 1451 ὃ
3806 1394 3878 1468 ἦν
3900 1414 3915 1427 ο

2346 1491 2457 1543 ἀλλ’
2481 1492 2636 1560 εῐπερ
2663 1509 2745 1554 τις
2773 1494 2942 1544 νοοῖτο
2963 1491 3088 1562 περὶ
3114 1490 3273 1545 αὐτὸν
3291 1490 3555 1561 γενομένη
3583 1490 3919 1560 μετάστασις

2346 1582 2657 1652 οἰκονομικὴ
2691 1583 2773 1651 ἐφ’
2808 1582 2991 1652 ἐτερόν
3020 1599 3092 1644 τι,
3128 1584 3257 1652 παρ’
3282 1583 3418 1651 ὅπερ
3451 1583 3550 1635 ούκ
3576 1577 3643 1651 ἦν
3679 1581 3775 1650 (7),
3798 1579 3918 1649 ἔχοι

2345 1672 2411 1726 ἂν
2439 1674 2467 1725 ὁ
2495 1673 2652 1740 λόγος
2697 1674 2779 1741 ἐφ’
2803 1674 2979 1744 ἐαυτῷ
3012 1674 3075 1740 δὴ
3102 1674 3222 1727 τότε
3254 1672 3386 1726 πολὺ
3416 1672 3478 1725 τὸ
3504 1672 3671 1736 είκός.
3703 1671 3918 1724 Οὐκοῦν

2345 1767 2394 1816 εί
2431 1762 2811 1833 σεσαρκῶσθαί
2850 1782 2981 1833 φασι
3028 1765 3117 1817 τὸν
3160 1764 3459 1833 Μονογενῆ,
3491 1762 3579 1817 διὰ
3607 1763 3918 1833 γεννήσεως

676 1854 946 1909 carnalem
984 1859 1414 1924 generationem,
1447 1859 1549 1914 nisi
1590 1838 1767 1922 fallor,
1803 1874 1901 1913 nec
1936 1859 2044 1913 alio
2082 1859 2238 1911 modo

2344 1856 2613 1923 σαρκικῆς
2642 1855 2816 1924 δρῷτο
2849 1856 2912 1909 ἂν
2943 1855 3052 1928 [ῖσ.
3086 1856 3131 1909 δ’
3156 1854 3267 1927 av],
3300 1854 3476 1925 οἶμαι,
3514 1838 3679 1917 τόυτὶ,
3715 1855 3807 1906 καὶ
3851 1854 3916 1906 οὐ

676 1953 851 2012 potest
893 1946 1077 2017 ﬁeri),
1117 1949 1386 2014 quomodo
1427 1949 1712 2017 quisquam
1760 1949 1974 2002 infitiari
2021 1958 2235 2018 potest,

680 2034 799 2089 illos
828 2046 1013 2104 aperte
1040 2036 1319 2092 confessos
1348 2052 1489 2101 esse,
1522 2036 1690 2091 Deum
1728 2037 1853 2090 illud
1890 2036 2119 2091 Verbum
2154 2053 2240 2091 se-

678 2124 909 2179 cundum
940 2139 1158 2179 carnem
1189 2140 1308 2181 esse
1350 2128 1574 2180 natum?
1619 2126 1688 2180 At
1730 2126 1873 2180 enim
1919 2141 2024 2180 non
2056 2134 2241 2195 aperte

676 2215 955 2287 generatio
982 2226 1064 2270 est
1090 2227 1389 2287 nuncupata
1430 2236 1442 2270 :
1474 2219 1563 2272 sed
1608 2228 1787 2271 tamen
1834 2219 2001 2284 ipsius
2035 2219 2109 2272 rei
2143 2234 2241 2271 na-

679 2316 797 2360 tura
835 2320 939 2361 non
981 2307 1163 2371 aliam,
1206 2315 1265 2360 ut
1299 2308 1456 2362 modo
1502 2308 1631 2373 dixi,
1673 2308 1811 2360 viam
1858 2310 2240 2363 incarnationis

677 2398 957 2469 agnoscit;
1000 2397 1349 2467 quamobrem
1403 2399 1613 2456 etiamsi
1674 2401 1795 2469 quid
1841 2402 2015 2454 minus
2055 2413 2241 2471 aperte

678 2490 887 2545 dicatur
919 2491 971 2544 in
1006 2490 1092 2545 his
1134 2498 1283 2545 certe
1325 2492 1505 2555 rebus,
1540 2508 1647 2545 non
1690 2504 1971 2562 propterea
2015 2494 2103 2546 illa
2157 2493 2239 2545 via

679 2577 863 2633 relicta
896 2592 1015 2645 qua:
1045 2578 1155 2633 sola
1206 2588 1414 2635 natura:
1464 2582 1674 2647 cognita
1720 2591 1822 2645 est,
1862 2582 1927 2634 ad
1964 2581 2123 2634 aliam
2160 2591 2242 2635 est

679 2670 834 2724 nobis
856 2673 1269 2725 transeundum.
1305 2671 1577 2741 Scriptum
1599 2682 1680 2727 est
1708 2673 1847 2725 enim
1883 2674 1933 2726 in
1964 2673 2101 2728 libro
2132 2674 2240 2729 Ge-

682 2776 876 2817 neseos
929 2779 943 2814 :
999 2780 1018 2813 ‹
1049 2760 1112 2816 Et
1161 2761 1325 2817 Setho
1352 2772 1504 2817 natus
1543 2771 1625 2819 est
1676 2764 1835 2830 ﬁlius,
1871 2776 1925 2819 et
1956 2766 2242 2834 appellavit

669 2864 871 2906 nomen
905 2850 1021 2920 ejus
1066 2851 1209 2907 Enos
1251 2852 1316 2906 “.
1350 2871 1368 2904 ι
1407 2852 1539 2906 Νυιη
1588 2854 1747 2922 igitur
1791 2857 1913 2923 quia
1962 2854 2239 2923 Scriptura

678 2941 857 3007 posuit
901 2941 1001 2996 hoc
1062 2941 1307 3005 verbum,
1352 2942 1519 2997 Natus
1561 2952 1665 3005 est,
1714 2943 1833 2996 ideo
1882 2945 2242 3010 generationis

678 3030 893 3086 modum
930 3047 1033 3085 non
1076 3032 1456 3087 admittemus?
1490 3042 1545 3086 at
1581 3035 1672 3102 qui
1711 3036 1823 3088 ﬁeri
1870 3044 2041 3102 potest
2086 3044 2142 3089 ut
2190 3036 2240 3090 id

680 3137 783 3176 non
816 3122 885 3175 sit
920 3121 1337 3177 stultissimum?
1368 3122 1483 3192 Ipsa
1511 3140 1741 3195 namque
1774 3127 1846 3180 rei
1893 3136 2078 3181 natura
2110 3141 2235 3195 pro-

678 3214 959 3279 pemodum
993 3216 1154 3268 etiam
1186 3215 1380 3271 invitos
1404 3218 1546 3285 cogit
1584 3226 1641 3269 ut
1666 3217 1813 3269 illum
1860 3227 2010 3284 partu
2038 3217 2236 3270 editum

678 3303 975 3375 intelligere
1008 3306 1289 3361 fateamur.
1331 3307 1441 3361 Cur
1483 3308 1644 3377 igitur
1682 3309 2104 3364 incarnationem
2139 3324 2236 3361 au-

650 3395 849 3459 -diens,
884 3411 987 3450 non
1016 3397 1197 3450 statim
1222 3396 1547 3453 intellectum
1575 3401 1937 3470 generationis
1961 3400 2238 3455 admittit?

674 3486 907 3540 Omnino
951 3496 1130 3542 autent
1164 3489 1568 3544 humanationls
1598 3492 1815 3544 nomine
1850 3506 2239 3545 commemora-

677 3587 751 3640 to,
782 3591 879 3630 cur
908 3592 1014 3631 non
1039 3578 1182 3633 illico
1200 3578 1461 3633 intellexit
1495 3595 1608 3635 rem
1638 3580 1807 3649 ipsam
1837 3581 2238 3636 humanationis

676 3682 783 3720 non
815 3665 1017 3720 homini
1054 3668 1208 3737 plane
1241 3668 1550 3730 convenire,
1580 3682 1647 3723 ne
1670 3670 1721 3724 id
1750 3669 1923 3738 ipsum
1960 3670 2098 3738 quod
2123 3678 2239 3724 erat

674 3756 790 3810 ﬂeri
840 3770 904 3811 ac
948 3757 1094 3811 nasci
1138 3757 1401 3822 videatur,
1442 3760 1534 3813 sed
1570 3758 1746 3814 Verbo
1778 3776 1840 3814 ex
1876 3760 1983 3814 Deo
2017 3761 2239 3829 genito?

676 3843 778 3900 Ubi
813 3856 991 3901 autem
1025 3849 1335 3902 humanatio
1358 3864 1483 3905 vere
1516 3848 1679 3906 fuisse
1701 3850 1957 3919 creditur,
1985 3852 2054 3906 ibi
2087 3868 2241 3921 pror-

674 3953 768 3993 sus
798 3947 884 3993 est
915 3942 1212 4009 generatio,
1246 3957 1342 4011 per
1366 3957 1527 4011 quam
1561 3944 1724 3999 homo
1765 3943 1937 4000 factus
1970 3945 2239 4013 intelliga-

677 4041 781 4084 tur.
828 4030 932 4084 Sed
978 4046 1098 4085 non‘
1121 4032 1222 4087 isto
1258 4034 1415 4089 modo
1452 4036 1546 4091 tibi
1576 4036 1787 4092 videtur
1820 4037 2236 4108 intelligendum,

674 4135 794 4173 cum
818 4120 988 4191 ipsum
1013 4122 1105 4176 Dei
1130 4121 1363 4179 Verbum
1394 4125 1726 4181 incarnatum
1749 4144 1866 4183 esse
1889 4139 1943 4183 et
1968 4130 2236 4184 hominem

678 4211 873 4265 factum
903 4212 1096 4266 dicitur
1121 4233 1134 4267 :
1166 4229 1289 4268 nam
1318 4225 1504 4269 contra
1530 4217 1733 4281 dixisti,
1767 4229 1824 4272 ut
1854 4235 1973 4273 cum
2000 4220 2238 4274 omnium

680 4302 955 4355 hominum
998 4302 1346 4374 intelligentia
1400 4322 1635 4376 pugnare
1669 4309 1941 4373 nitereris,
1976 4311 2238 4364 humana-

679 4389 877 4444 tionem
912 4407 1015 4445 non
1045 4391 1147 4447 hoc
1179 4393 1506 4463 signiﬁcare,
1542 4398 1679 4465 quod
1722 4398 1900 4452 divina
1941 4412 2129 4453 natura
2184 4402 2239 4454 in

672 4495 888 4534 carnem
928 4482 998 4535 sit
1030 4491 1255 4547 mutata,
1282 4485 1373 4538 sed
1408 4488 1547 4553 quod
1582 4488 1893 4543 inhabitarit
1920 4490 1969 4543 in
2001 4491 2235 4548 homine.

672 4571 748 4623 Ac
774 4568 915 4637 quod
946 4571 1018 4622 ait
1049 4570 1240 4625 divina:
1261 4581 1462 4627 natura:
1495 4574 1547 4627 in
1572 4591 1791 4629 carnem
1820 4577 2236 4632 demutationem

672 4669 725 4711 et
751 4660 1133 4728 impossibilem
1166 4676 1305 4725 esse,
1340 4671 1394 4716 et
1440 4664 1585 4717 nullo
1621 4666 1777 4719 modo
1821 4666 1893 4719 illi
1929 4669 2237 4734 convenire,

674 4752 725 4803 id
762 4750 1061 4805 rectissime
1103 4751 1301 4806 dictum
1349 4752 1599 4808 fatemur.
1630 4753 1948 4810 Laudandus
1980 4769 2063 4813 est
2092 4758 2235 4812 enim

671 4856 702 4894 a
733 4842 884 4895 nobis
912 4840 1053 4910 quod
1086 4841 1139 4896 in
1171 4843 1271 4897 hac
1296 4854 1448 4911 parte
1476 4855 1620 4899 recte
1663 4848 1806 4915 loqui
1850 4848 2099 4903 voluerit.
2137 4849 2239 4902 Fac

675 4939 790 4981 teor
831 4930 974 4984 enim
1019 4946 1237 4989 manere
1281 4933 1423 4988 illam
1468 4936 1865 5003 inconcussam,
1910 4956 2082 5009 neque
2131 4942 2239 4995 ullo

674 5019 833 5074 modo
867 5020 920 5075 in
961 5021 1105 5076 aliud
1138 5024 1409 5093 quidpiam
1446 5028 1707 5081 demutari
1748 5030 2015 5084 diversum
2059 5033 2127 5086 ab
2170 5048 2233 5085 eo

671 5112 813 5179 quod
840 5127 959 5167 esse
988 5114 1246 5168 creditur.
1277 5114 1381 5168 Sed
1408 5115 1525 5185 ejus
1548 5120 1707 5174 verba
1736 5120 1889 5190 longe
1921 5122 1986 5176 ab
2013 5138 2078 5177 eo
2100 5124 2240 5192 quod

743 5291 788 5320 “
806 5290 938 5344 Gen.
979 5306 1051 5355 tv,
1080 5289 1171 5345 26.

2341 1944 2462 1998 καθ’
2499 1946 2681 2015 ἕτερον
2714 1947 2935 2016 τρόπον,
2977 1947 3093 2010 πῶς
3134 1950 3233 2001 οὐκ
3282 1947 3488 2015 ἔφασαν
3530 1931 3794 2017 ἐναργῶς,
3823 1944 3916 1998 ὅτι

2341 2036 2660 2104 γεγέννηται
2694 2038 2834 2090 κατά
2864 2039 3039 2108 σάρκα
3065 2040 3195 2102 Θεὸς
3227 2038 3300 2092 ῶν
3340 2041 3368 2091 ό
3393 2039 3591 2106 Λόγος;
3642 2039 3777 2091 Ἀλλ’
3806 2038 3917 2090 οὐκ

2341 2131 2675 2201 ὠνόμασται,
2708 2132 2890 2202 φησὶν,
2927 2132 3171 2202 ἐναργῶς
3218 2134 3250 2202 ἡ
3292 2131 3543 2200 γέννησις
3566 2146 3578 2158 ³
3622 2130 3736 2183 ἀλλ’
3765 2130 3799 2198 ἦ
3848 2147 3917 2197 γε

2340 2223 2433 2276 τοῦ
2465 2223 2786 2294 πράγματος
2818 2223 2978 2293 φύσις
3010 2220 3107 2294 ούχ
3136 2224 3327 2295 ἐτέραν
3353 2217 3485 2285 οἶδε,
3513 2221 3763 2289 καθάπερ
3802 2219 3913 2289 ἤδη

2342 2316 2619 2384 προεῖπον,
2648 2315 2739 2367 τοῦ
2772 2312 3149 2383 σεσαρκῶσθαι
3192 2316 3295 2384 τὴν
3338 2314 3670 2373 όδόν.Ὥστε,
3707 2310 3808 2364 κᾶν
3864 2311 3916 2361 εἰ

2345 2406 2418 2473 μή
2453 2421 2506 2455 τι
2528 2404 2736 2471 λέγοιτο
2768 2406 2951 2471 σαφῶς
2974 2404 3029 2456 έν
3051 2421 3113 2470 γε
3136 2406 3247 2467 τοῖς
3276 2402 3533 2463 τοιούτοις
3569 2400 3915 2471 πράγμασιν.

2341 2496 2402 2547 ού
2430 2505 2579 2563 παρα
2608 2496 2763 2547 τοῦτο
2784 2497 2880 2565 τὴν
2910 2496 3075 2564 μόνην
3102 2497 3166 2564 τῇ
3189 2494 3346 2562 φύσει
3367 2490 3767 2561 διεγνωσμὲνην
3789 2489 3919 2541 ὁδὸν

2342 2583 2777 2644 ἀπολελοιπότες,
2807 2583 2888 2650 ἐφ’
2915 2582 3104 2650 ἑτέραν
3130 2581 3349 2652 ἥξομεν.
3373 2581 3686 2650 Γέγραπται
3714 2577 3822 2647 γάρ
3855 2576 3918 2629 ἐν

2341 2672 2418 2743 τῷ
2448 2674 2543 2743 τῆς
2576 2674 2845 2737 Γενέσεως
2882 2673 3069 2743 βιϐλίῳ
3090 2690 3101 2702 ·
3139 2692 3155 2723 ι
3185 2672 3291 2725 Καὶ
3314 2672 3389 2741 τῷ
3412 2671 3515 2739 Σὴθ
3539 2669 3753 2739 ἐγένετο
3772 2668 3918 2731 υἱὸς,

2342 2765 2434 2816 καὶ
2485 2764 2804 2833 ἐπωνόμασε
2855 2764 2915 2816 τὸ
2961 2764 3131 2832 ὄνομα
3183 2763 3346 2816 αὑτοῦ
3390 2761 3575 2824 Ἐνώς.
3606 2756 3756 2829 »Ἆρ’
3787 2754 3918 2824 οὖν,

2342 2854 2637 2924 ἐπειδήπερ
2679 2856 2713 2923 ἡ
2754 2855 2941 2923 Γραφὴ
2986 2855 3197 2905 τέθεικε
3242 2854 3321 2916 τὸ,
3364 2854 3629 2920 Ἐγένετο,
3672 2850 3759 2904 τὸν
3807 2849 3919 2917 τῆς

2342 2944 2646 3013 γεννήσεως
2674 2945 2869 3013 τρόπον
2900 2944 2960 2996 ού
2993 2942 3438 3014 παραδεξόμεθας
3473 2938 3589 2994 εἶτα
3614 2940 3728 3003 πῶς
3750 2938 3919 2992 τοῦτο

2341 3034 2440 3086 οὐκ
2469 3033 2711 3103 ἀμαθές;
2739 3033 2884 3103 Αὐτὴ
2909 3033 3016 3104 γάρ
3040 3034 3187 3103 ἡμᾶς
3222 3035 3254 3103 ἡ
3280 3032 3372 3086 τοῦ
3408 3034 3723 3102 πράγματος
3747 3029 3918 3098 φύσις

2345 3122 2627 3194 μονονουχὶ
2670 3124 2763 3175 καὶ
2808 3123 2905 3193 οὐχ
2940 3124 3163 3185 ἑκόντας
3192 3121 3504 3175 ἐκϐιάσεται
3542 3120 3674 3190 πρὸς
3712 3118 3918 3186 ὁμολο-

2344 3215 2467 3281 γίαν
2498 3215 2595 3285 τὴν
2629 3215 2721 3266 τοῦ
2751 3214 3001 3283 τετέχθαι
3040 3218 3177 3267 νοεῖν
3205 3214 3386 3268 αὐτόν.
3416 3211 3542 3275 Πῶς
3572 3206 3664 3264 οὖν
3698 3209 3917 3264 ἀκούων

2342 3306 2438 3373 τὴν
2474 3306 2766 3374 σάρκωσιν,
2792 3305 2853 3356 οὐ
2898 3305 2996 3367 τὰς
3037 3304 3186 3373 παρὰ
3233 3306 3331 3375 τῆς
3368 3304 3672 3373 γεννήσεως
3704 3300 3920 3364 ἐννοίας

2344 3396 2638 3465 εἰσδέχεται
2669 3395 3045 3465 παραχρῆμας
3091 3395 3494 3465 Ὢνομασμένης
3522 3394 3578 3446 δέ
3596 3394 3731 3455 ὅλως
3754 3394 3921 3445 ἐνανο

2344 3486 2701 3556 θρωπήσεως,
2735 3485 2853 3549 πῶς
2883 3484 2944 3537 ού
2978 3483 3209 3552 συνῆκεν
3234 3484 3411 3547 εὐθὺς,
3442 3483 3516 3546 ὼς
3546 3482 3609 3535 τὸ
3634 3482 3732 3552 τῆς
3757 3482 3921 3534 ἐναν-

2345 3576 2675 3648 θρωπήσεως
2710 3579 2897 3647 χρῆμα
2931 3577 3128 3649 πρέποι
3157 3576 3222 3632 ἂν
3252 3576 3353 3630 οὐκ
3387 3573 3657 3645 ἀνθρώπῳ
3687 3574 3917 3643 μᾶλλον,

2346 3668 2431 3721 ῐνα
2455 3667 2530 3737 μὴ
2558 3667 2686 3721 αὑτό
2700 3685 2752 3720 τι
2772 3668 3015 3736 φαίνοιτο
3036 3668 3256 3737 γεγονὸς
3280 3668 3308 3719 ὃ
3331 3662 3419 3738 ἦν,
3438 3666 3571 3719 ἀλλά
3593 3665 3670 3735 τῷ
3689 3666 3751 3717 ἐκ
3770 3664 3915 3718 Θεοῦ

2345 3759 2501 3825 φύντι
2533 3760 2724 3828 Λόγῳ;
2759 3751 2834 3811 Οὗ
2862 3758 2906 3811 δ’
2927 3758 2993 3811 ἂν
3016 3761 3049 3829 ἡ
3077 3757 3486 3830 ἐνανθρὼπησις
3517 3754 3728 3827 ἀληθῶς
3755 3757 3914 3823 γενέ-

2347 3850 2472 3904 σθαι
2504 3849 2847 3919 πιστεύηται,
2872 3850 2989 3902 ἐκεῖ
3018 3866 3119 3902 που
3142 3849 3358 3913 πάντως
3389 3850 3422 3919 ἡ
3451 3848 3721 3918 γέννησις,
3753 3847 3821 3901 δι’
3843 3845 3915 3920 ἧς

2346 3937 2412 3991 ἂν
2465 3936 2638 4007 όρῷτο
2681 3937 2972 4009 γενόμενος
3007 3937 3311 4007 ἄνθρωπος.
3331 3936 3467 3989 Ἀλλ’
3497 3937 3595 3990 οὐκ
3642 3934 3773 3987 αὑτό
3826 3954 3915 3989 σοι

2344 4028 2489 4082 δοκεῖ
2532 4030 2674 4083 κατὰ
2718 4028 2904 4083 τοῦτον
2948 4029 3142 4101 χρῆναι
3185 4028 3418 4082 νοεῖσθαι
3462 4029 3553 4082 τὸν
3601 4027 3798 4100 τρόπον
3850 4031 3916 4081 τὸ

2347 4120 2694 4191 σαρκωθῆναί
2724 4138 2783 4174 τε
2812 4122 2906 4174 καὶ
2933 4120 3349 4193 ἐνανθρωπῆσαι
3396 4119 3651 4187 λέγεσθαι
3690 4119 3781 4171 τὸν
3814 4119 3913 4172 τοῦ

2344 4210 2481 4264 Θεοῦ
2513 4211 2683 4279 Λύγον
2703 4227 2718 4244 ⁸
2747 4210 2883 4281 ἔφης
2912 4215 3019 4283 γάρ
3050 4211 3230 4276 πάλιν,
3254 4212 3370 4276 ταῖς
3398 4211 3650 4264 ἁπάντων
3679 4210 3915 4274 ἐννοίαις

2344 4301 2619 4373 ἀνταίρειν
2664 4301 2976 4373 ἐπιχειρῶν,
3020 4303 3305 4371 σημαίνειν
3339 4302 3437 4373 τὴν
3478 4298 3912 4372 ἐνανθρώπησιν,

2345 4395 2406 4447 οὐ
2436 4393 2534 4465 τὴν
2569 4395 2647 4457 είς
2680 4394 2859 4465 σάρκα
2894 4394 3193 4464 μεταϐολὴν
3217 4398 3313 4464 τῆς
3340 4394 3489 4457 θείας
3515 4393 3746 4462 φύσεως,
3771 4392 3915 4444 ἀλλὰ

2346 4486 2444 4555 τὴν
2494 4485 2767 4553 ἐνοίκησιν
2803 4484 2905 4554 τὴν
2946 4484 3026 4546 είς
3070 4482 3371 4555 ἄνθρωπον.
3401 4483 3511 4553 Τὴν
3559 4483 3655 4551 μὲν
3686 4478 3779 4534 οὖν
3811 4481 3911 4547 τῆς

2340 4576 2492 4638 θείας
2520 4573 2736 4644 φύσεως
2782 4575 2862 4637 είς
2908 4574 3085 4644 σάρκα
3119 4573 3476 4644 παρατροπὴν
3515 4571 3805 4640 ἀνέφικτόν
3850 4589 3912 4623 τε

2339 4662 2479 4720 εἶναι
2530 4665 2682 4735 φησὶ,
2712 4666 2805 4718 καὶ
2834 4667 2951 4718 κατ’
2978 4665 3164 4718 οὐδένα
3191 4666 3389 4736 τρόπον
3414 4665 3548 4735 αὐτῇ
3580 4663 3915 4733 συμϐαίνου-

2342 4776 2440 4810 σαν
2465 4773 2478 4787 °
2508 4757 2599 4811 καὶ
2636 4756 2780 4826 μάλα
2826 4755 2999 4825 ὀρθῶς
3022 4771 3035 4786 ·
3072 4756 3427 4826 ἐπαινέσομεν
3456 4757 3563 4825 γὰρ
3610 4757 3667 4808 ἐν
3696 4754 3913 4819 τούτοις

2341 4853 2683 4920 ἁριστοεπείν
2725 4848 3020 4919 ᾑρημένον.
3056 4848 3199 4918 Φημὶ
3226 4848 3334 4916 γάρ
3360 4847 3689 4917 ἀκράδαντον
3729 4848 3914 4915 ὑπάρ-

2342 4960 2457 5013 χειν
2485 4942 2674 5012 αύτὴν,
2705 4942 2798 4995 καὶ
2829 4942 2904 5005 ὼς
2937 4942 3035 4994 οὐκ
3066 4941 3131 4996 ἂν
3173 4941 3453 5012 μεταθεῑτο
3478 4939 3614 5011 πρὸς
3640 4938 3824 5009 ἕτερόν
3856 4957 3912 4990 τι

2342 5036 2470 5105 παρ’
2502 5035 2637 5103 ὅπερ
2667 5030 2805 5086 εἶναι
2837 5032 3219 5085 πεπίστευται·
3250 5030 3588 5110 διημάρτηκε
3617 5028 3671 5081 δὲ
3697 5028 3777 5079 ὅτι
3809 5026 3910 5080 τοῦ

2350 5123 2647 5196 πρέποντάς
2674 5140 2734 5176 τε
2768 5124 2859 5177 καὶ
2899 5121 3127 5193 ἀληθοῦς
3156 5124 3184 5174 ό
3218 5121 3370 5190 λόγος
3399 5118 3567 5190 αύτῷ,
3600 5118 3697 5190 τὴν
3744 5119 3909 5171 ἐναν-

1954 5452 2110 5508 ΑΝΤ.
2152 5454 2423 5510 AGELLII
2462 5454 2690 5514 NOTAE.

746 5602 821 5669 ('7)
882 5600 1187 5677 Legendnm
1226 5604 1434 5657 videtur
1483 5615 1572 5677 aut
1622 5607 1735 5661 sine
1792 5610 1942 5677 παρ’,
1976 5618 2065 5660 aut
2118 5609 2232 5661 sine

671 5671 791 5731 οὑκ,
834 5680 889 5724 ιιι
923 5674 1187 5725 sententia
1234 5684 1458 5726 constet.
1514 5676 1602 5729 Sic
1655 5690 1833 5729 autem
1876 5671 2035 5742 'loqni
2097 5680 2232 5734 solet

674 5750 883 5808 auctor,
917 5750 973 5796 ut
998 5743 1153 5812 paulo
1186 5754 1325 5812 post,
1350 5745 1449 5796 οὐκ
1475 5745 1537 5798 ἂν
1570 5746 1849 5815 μεταθεῖτο
1885 5747 2017 5817 πρὸς
2044 5748 2229 5816 ἔτερόν

2338 5627 2388 5687 τι
2426 5612 2711 5687 παρ’ὂπερ
2761 5607 2908 5687 εἶναι.
2944 5613 3319 5687 πεπίστευται.
3373 5614 3436 5670 Ει
3482 5613 3646 5683 infra,
3694 5613 3909 5687 τροπὴν

2338 5682 2633 5752 ὑπομείνας
2657 5683 2755 5753 τὴν
2778 5686 2853 5748 είς
2885 5683 3021 5753 ὅπερ
3048 5684 3142 5736 οὐκ
3172 5680 3245 5754 ἦν
