4072 6346
184 400 251 457 5'5
1313 412 1682 471 ADVERSUS
1721 413 2118 473 NESTORIUM
2154 419 2283 479 LIB.
2327 422 2366 479 Ι.
3346 435 3413 490 54

184 514 466 588 θρὼπησιν
511 520 651 576 εἶναι
684 523 1147 601 διαδεδαιουμένῳ
1191 531 1291 603 τὴν
1343 535 1420 597 εἰς
1469 534 1732 606 ἄνθρωπο·

1854 539 2062 604 deceat,
2110 551 2163 596 et
2203 543 2270 598 ab
2305 544 2418 613 ipsa
2463 547 2688 604 veritate
2726 549 3026 616 aberrasse,
3075 552 3125 606 in
3168 567 3230 606 eo
3273 558 3414 623 quod

181 608 469 679 ἐνοίκησιν,
489 616 797 682 καταδεῖξαι
818 621 1170 691 πειράσομαι.
1193 625 1254 679 El
1277 626 1377 697 μὲν
1396 627 1505 699 γὰρ
1526 629 1611 696 ἐφ’
1634 629 1749 691 ἑνός

179 714 235 750 τε
265 702 357 753 καὶ
393 702 555 772 μόνου
579 706 672 760 τοῦ
710 710 1054 784 Ἐμμανουὴλ
1086 715 1282 787 ἀληθὲς
1310 712 1447 772 εῖναι
1471 719 1533 773 τὸ
1564 719 1752 790 χρῆμά

181 808 330 859 φησι,
370 794 667 853 διδασκέτω
709 804 806 874 τὴν
854 805 1066 859 αἰτίανο
1104 809 1295 879 μαθεῖν
1336 811 1444 881 γὰρ
1480 813 1579 867 οὐκ
1606 813 1744 883 ἔχω’

180 884 343 972 ᾕγουν
374 887 595 959 ὁριστὴν
624 893 806 957 αὑτὸν,
839 897 933 949 καὶ
967 899 1282 972 νομοθέτην,
1306 896 1381 956 ὧν
1410 902 1475 956 ἃν
1508 903 1749 972 βούλοιτο

178 968 354 1037 λέγειν
382 973 829 1047 ἀκατασκέπτως,
852 968 1139 1057 ἀνάσχοιτο
1163 968 1229 1043 ἂν
1261 990 1453 1055 οὐδείς.
1475 968 1615 1045 ’.ἀλλ’
1649 994 1747 1046 οὒκ

179 1057 407 1153 ἐφ’-ἑνὸς
445 1066 544 1134 μὲν
581 1068 708 1134 ἴσως
732 1074 891 1143 ἡτῶν
925 1077 1248 1147 όρισθέντων
1283 1082 1459 1153 διήκει
1482 1082 1742 1153 δύναμις·

256 1150 669 1244 διασεὸλήσεται
697 1162 814 1230 μὲν,
848 1165 951 1219 κᾶν
974 1169 1021 1220 εί
1046 1170 1185 1223 κατά
1208 1149 1426 1225 πάντων
1449 1174 1535 1244 εἴη
1562 1149 1741 1243 τῦχόν.

180 1240 386 1333 Θὺᾲκοῦν
411 1246 509 1315 οὐχ
541 1248 707 1314 ἅπαξ,
743 1253 877 1307 ἀλλὰ
912 1256 1250 1324 πλειστάκις,
1284 1240 1743 1333 ὲνηνθρωπηκότα

177 1330 307 1384 Θεὸν
348 1335 682 1409 εὑρήσομεν’
726 1345 821 1397 καὶ⁵
853 1346 914 1399 οὗ
946 1349 999 1401 τί
1040 1366 1143 1403 που
1182 1352 1339 1421 μόνον
1369 1330 1469 1406 τὸν
1515 1330 1741 1409 ὲκῚΘεοῦ

178 1421 386 1494 [ἰατρὸς
409 1428 599 1496 Λόγον,
632 1435 928 1507 προσθείην
955 1438 999 1490 δ’
1035 1439 1101 1493 ἂν
1132 1440 1304 1511 ἔγωγε
1340 1445 1435 1497 καὶ
1468 1446 1630 1499 αὑτὸν
1651 1448 1741 1500 τὸν

176 1514 415 1608 Πατέρα,
442 1522 535 1573 καὶ
568 1526 791 1594 προσέτι
819 1529 880 1581 τὸ
910 1530 1133 1600 Πνεῦμα
1157 1532 1218 1585 τὸ
1256 1534 1428 1603 ᾰγιον.
1463 1538 1605 1605 Ἔφη
1643 1539 1740 1608 μὲν

174 1606 299 1677 γὰρ,
320 1608 387 1660 δι’
407 1611 524 1675 ἐνὸς
545 1614 654 1666 τῶν
675 1616 846 1684 ἁγίων
872 1622 1184 1692 προφητῶν,
1212 1627 1463 1695 περὶτῶν
1484 1629 1540 1681 ὲν
1562 1606 1739 1684 πίστει

170 1695 623 1772 δεδικαιωμένων,
650 1708 731 1760 ὅτι
765 1729 783 1761 ι
817 1710 1116 1785 Ἐνοικήσω
1170 1718 1227 1769 ὲν
1260 1717 1462 1785 αὐτοῖς,
1503 1723 1597 1774 καὶ
1642 1726 1740 1793 ὲμ-

171 1799 549 1867 περιπατήσω,
581 1804 674 1855 καὶ
698 1803 890 1875 ἔσομαι
914 1808 1091 1862 αὐτῶν
1115 1810 1266 1875 Θεὸς,
1297 1814 1389 1865 καὶ
1419 1816 1568 1867 αὐτοὶ
1591 1817 1736 1871 ἔσον-

167 1885 255 1937 ταί
288 1903 391 1955 μου
427 1888 571 1952 λαός.
614 1912 631 1943 ι
657 1894 803 1962 Ἔφη
834 1895 890 1947 δὲ
915 1898 1008 1950 καὶ
1037 1899 1199 1961 αὐτὸς
1226 1904 1252 1953 6
1290 1903 1552 1972 Χριστόςο
1580 1924 1598 1955 ι
1625 1907 1733 1959 Καὶ
1764 1890 1807 1949 Β

167 1975 259 2028 ὲάν
293 1977 379 2039 τίς
423 1996 525 2047 μου
566 1982 796 2054 ἀκούσῃ,
830 1984 1162 2057 ἐλευσόμεθα
1201 1990 1312 2059 ἐγὼ
1356 1994 1451 2047 καὶ
1477 1996 1505 2048 6
1547 1994 1737 2067 Πατήρ

170 2081 292 2135 μου,
325 2069 420 2121 xui.
452 2071 617 2143 μονὴν
646 2075 777 2147 παρ’
800 2076 949 2147 αὑτῷ
982 2081 1335 2151 ποιησόμεθα,
1371 2086 1465 2139 καὶ
1491 2087 1549 2140 ὲν
1589 2083 1736 2159 αὑτῷ

168 2159 565 2231 καταλύσομεν.
580 2183 597 2214 ι
617 2165 871 2239 Γέγραφε
894 2170 951 2224 δέ
970 2189 1071 2225 που
1098 2175 1192 2227 καὶ
1212 2177 1241 2229 6
1270 2176 1578 2245 σοφώτατος
1599 2181 1737 2235 Παῦ-

165 2246 273 2340 λοςο
300 2270 316 2299 ι
344 2251 451 2304 Καὶ
481 2254 685 2328 Μωσῆς
717 2259 815 2328 μὲν
852 2264 1040 2326 πιστὸς
1070 2265 1129 2316 ὲν
1156 2266 1263 2336 ὅλῳ
1292 2268 1369 2339 τῷ
1391 2270 1523 2340 οἴκῳ
1548 2272 1732 2339 αὑτοῦ,

164 2337 239 2432 tia;
283 2340 560 2432 θεράπων,
614 2352 695 2412 είς
735 2354 1036 2424 μαρτύριον
1082 2358 1188 2411 τῶν
1239 2337 1731 2432 λαληθησομένωνὲ

164 2429 395 2519 Χριστὸς
421 2434 475 2488 δὲ
513 2438 589 2502 ὡς
624 2440 769 2504 Υἱὸς,
811 2444 903 2499 ἐπὶ
950 2448 1040 2500 τὸν
1080 2444 1229 2504 οἷκον
1270 2429 1467 2517 αὑτοῦ,
1498 2429 1559 2505 οὗ
1588 2450 1733 2519 οἶκός

164 2518 332 2591 ἐσμεν
366 2526 542 2595 ἡμεῖς.
574 2549 591 2581 ι
624 2532 732 2584 Καὶ
768 2535 874 2606 μὴν
900 2539 996 2590 καί¹
1031 2540 1270 2609 περὶτοῦ
1299 2542 1453 2610 ἁγίου
1478 2545 1732 2616 Πνεῦμα-

161 2627 279 2677 τος·
312 2634 332 2667 ι
356 2617 468 2671 Οὐκ
502 2620 679 2676 οἴδατε
719 2627 801 2679 ὅτι
846 2629 972 2691 ναὸς
996 2629 1131 2683 Θεοῦ
1166 2633 1312 2698 ὲστε,
1342 2634 1437 2687 καὶ
1475 2636 1533 2689 τὸ
1560 2638 1731 2691 Πνεῦο

164 2720 243 2772 μα
269 2705 375 2800 τοῦ
400 2708 536 2763 Θεοῦ
563 2714 703 2767 οἰκεῖ
736 2719 794 2769 ὲν
829 2719 984 2789 ὑμῖν;
1019 2740 1035 2771 ι
1058 2722 1268 2778 Οὐκοῦν
1303 2728 1351 2779 εί
1373 2728 1432 2781 τὸ
1455 2729 1733 2800 ἐνοικῆσαί

160 2808 272 2883 τισι
320 2795 576 2867 λέγεσθαι
617 2805 710 2857 καὶ
740 2806 833 2872 τὸν
862 2810 971 2863 τῶν
1000 2812 1136 2866 ὅλων
1177 2816 1329 2880 Θεὸν,
1369 2819 1525 2873 τοῦτό
1559 2795 1727 2883 ἐστιν,

160 2882 191 2976 ξ’]
231 2884 673 2976 ενανθρὼπησις,
724 2897 893 2968 ἧγουν
938 2903 971 2974 η
1008 2903 1317 2974 σάρκωσις,
1362 2908 1603 2976 λεγέσθω
1639 2882 1732 2965 καί.

157 2972 243 3042 ἐφ’
270 2978 507 3068 έκάστου
537 2984 647 3039 τῶν
688 2989 787 3058 τῆς
818 2972 969 3056 θείας
1000 2972 1213 3063 φύσεως
1256 2972 1557 3068 γεγονότων
1611 3022 1730 3057 κοι-

157 3065 367 3133 νωνῶν,
400 3073 495 3126 καὶ
527 3075 633 3147 μὴν
658 3081 753 3132 καὶ
781 3080 987 3137 ἔνοικον
1011 3065 1321 3158 ἐσχηκότων
1336 3065 1534 3158 αὑτὸν,
1566 3094 1649 3147 ὅτι
1672 3111 1730 3148 τε

158 3159 249 3277 :21
261 3162 691 3277 rELVmIOptirniv;as,
724 3173 821 3277 καὶἱ
840 3177 977 3245 πρός
1000 3195 1058 3277 τε
1099 3181 1274 3277 τοῦτῳ
1298 3184 1380 3249 τὸ,
1410 3187 1720 3259 ἐσαρκὼθη.
1753 3218 1795 3277 C

157 3244 229 3351 Οῦ
258 3253 327 3323 δὴ
371 3262 686 3351 γεγονότος,
737 3267 832 3318 καὶ
880 3244 1315 3342 παραδεχθέντος
1360 3244 1436 3339 ως
1468 3244 1723 3351 ἀληθοῦς,

155 3342 480 3440 πλειστάκις
511 3352 615 3406 κᾶν
649 3355 860 3424 λέγοιτο
886 3365 1213 3435 γεγενῆσθαι
1260 3369 1397 3440 σὰρξ
1430 3374 1458 3425 6
1493 3342 1569 3427 ἐκ·
1589 3342 1725 3430 Θεοῦ

154 3433 372 3531 Παᾼτρὸς
408 3440 577 3510 Λόγος
596 3459 611 3475 ·
644 3446 842 3503 ἔνοικεί
862 3452 917 3505 δὲ
946 3455 1042 3508 καὶ
1068 3433 1147 3520 είς
1176 3433 1345 3531 δεῦρο’
1376 3433 1590 3525 πολλοῖς
1616 3467 1725 3520 τῶν

155 3523 685 3629 σεςομένωναύτόν.
731 3540 890 3595 Ἀλλὰ
920 3546 1030 3609 ναὶ,
1059 3548 1213 3618 φησὶ,
1247 3523 1728 3629 γέγραπται-περὶ

151 3612 249 3720 τοῦ
288 3615 673 3720 ΘεοῦΔΛόγου,
705 3627 787 3681 ὅτι
824 3649 843 3681 ι
880 3612 1220 3703 Ἐσκήνωνσεν
1254 3612 1495 3712 ένιημϊν,
1526 3664 1544 3695 ι
1578 3612 1723 3720 Ἔςέη

150 3703 209 3807 δὲ
255 3709 352 3807 καὶ
378 3712 408 3765 6
434 3710 717 3781 θεσπέσιος
766 3720 976 3787 Παῦλος
1013 3728 1141 3797 περὶ
1164 3728 1256 3782 τοῦ
1306 3703 1524 3787 πάντων
1565 3703 1725 3807 ἡμων

150 3795 410 3894 Σωτῆρος
438 3805 675 3875 Χριστοῦ
698 3847 713 3873 ,
744 3812 825 3866 ὅτι
858 3831 878 3866 ι
909 3816 998 3869 Ἐν
1020 3795 1171 3888 αὐτῷ
1199 3820 1486 3894 κατῴκησε
1664 3828 1725 3883 τὸ

151 3885 553 3989 πλήφμαλτῆς
579 3895 832 3971 θεότητος
864 3885 1212 3975 σωματικιέκ.
1238 3930 1257 3963 ι
1287 3885 1596 3987 ’ἐσκήνωσε
1618 3916 1725 3989 ¹μὲν

149 3981 210 4079 ιν
246 3985 388 4079 ἡμῖν
418 3987 911 4079 όμολογουμένωςο
957 4000 1269 4072 γέγραπται
1318 4006 1423 4079 γὰρ
1440 3981 1588 4062 νὼδί·
1626 3981 1725 4066 καὶ

150 4072 260 4168 μὴν
285 4076 384 4130 καὶ
409 4078 489 4133 δτι
509 4084 849 4158 κατῴκηκεν,
874 4090 975 4145 οὐκ
994 4072 1346 4166 ἀντιτάξομαι.
1370 4072 1581 4168 λ’έγοντί
1607 4121 1723 4159 σοι·

148 4162 418 4240 βούλομαι
442 4172 500 4227 δὲ
531 4177 731 4245 μᾶλλον
752 4182 850 4246 τὰς
871 4182 979 4237 τῶν
1006 4162 1286 4260 θεηγόρων
1309 4192 1386 4260 (9)
1412 4162 1724 4262 βασανίζειν

146 4262 358 4358 φωνας.
396 4263 456 4317 ’0
491 4268 591 4336 μὲν
636 4271 744 4341 γὰρ
788 4276 1057 4347 μακάριος
1098 4280 1489 4355 εὐαγγελιστὴς
1536 4304 1722 4358 προει-

147 4354 359 4447 ρηκὼς,
392 4358 475 4410 ὅτι
506 4359 602 4412 καὶ
638 4379 657 4413 α
681 4364 741 4417 Ὀ
767 4366 938 4435 Λόγος
979 4370 1114 4441 σὰρξ
1143 4372 1382 4440 ἐγένετο,
1426 4354 1454 4428 »ί
1479 4354 1723 4447 προσεπ-

144 4444 349 4537 ηνεγκε
379 4450 669 4521 ’χρειωδιῖκ
714 4456 809 4510 καὶ
848 4458 940 4524 τὸ,
977 4477 995 4511 ι
1033 4461 1372 4531 Ἐσκήνωσεν
1413 4466 1472 4517 ἐν
1505 4444 1658 4537 ⁴Ιγμτν,
1696 4485 1714 4518 ι

1853 628 2290 688 bumanationem
2328 636 2466 691 idem
2498 646 2621 694 esse“
2650 650 2811 711 atque
2857 642 2909 696 in
2957 642 3173 700 homine
3204 645 3413 700 inhabi-

1852 722 2110 777 tationem
2135 724 2384 796 amrmat,
2408 731 2648 786 conabor
2672 733 2979 790 ostendere.
3002 733 3133 789 Nam
3159 737 3201 791 si
3225 736 3276 790 in
3305 752 3413 792 uno

1848 822 1901 868 et
1926 816 2040 869 solo
2072 816 2421 875 Emmanuele
2450 821 2502 876 id
2541 836 2728 879 verum
2764 838 2883 880 esse
2926 826 3146 891 asserit,
3173 826 3290 895 ejus
3332 829 3409 883 rei

1847 919 2064 960 causam
2092 914 2315 978 doceat;
2348 903 2519 981 neQue
2548 914 2692 970 enim
2720 914 2864 970 illam
2900 916 3196 989 intelligere
3224 932 3363 989 queo
3393 936 3407 975 :

1846 997 2045 1068 alioqui
2104 1012 2252 1057 certe
2300 1004 2443 1058 hunc
2494 1004 2829 1063 deiinitorem
2888 1021 2952 1062 ac
3004 1008 3406 1079 legumlatorem

1845 1103 2029 1145 eorum
2060 1107 2179 1161 quae
2214 1102 2417 1149 temere
2442 1095 2621 1152 dicere
2650 1097 2889 1162 libuerit,
2921 1112 3079 1153 nemo
3110 1099 3266 1154 ferat.
3303 1099 3409 1155 Sed

1846 1198 1950 1237 non
1985 1184 2055 1237 ad
2085 1201 2246 1239 unum
2301 1187 2627 1243 definitionis
2666 1189 2825 1259 hujus
2863 1190 2945 1243 vis
2990 1189 3263 1259 pertingit,
3302 1189 3407 1260 27

1844 1288 2023 1345 neque
2057 1275 2158 1329 ulla
2192 1278 2295 1331 erit
2317 1277 2537 1344 invidia,
2574 1280 2783 1334 etiamsi
2817 1279 3065 1335 omnibus
3088 1280 3252 1345 insit;
3282 1294 3408 1350 ergo

1842 1380 1948 1419 non
1987 1368 2287 1432 semel,sed
2311 1370 2508 1438 saepius
2534 1371 2697 1424 Deum
2727 1370 2925 1425 factum
2960 1370 3228 1425 hominem
3262 1370 3408 1427 inve-

1843 1456 2070 1526 niemus,
2128 1474 2299 1529 neque
2331 1462 2503 1515 solum
2555 1460 2683 1516 illud
2718 1476 2784 1517 ex
2820 1462 2925 1516 Deo
2957 1461 3113 1516 Patre
3156 1460 3403 1526 Verbum,

1840 1549 1935 1601 sed
1977 1548 2226 1615 adjiciam
2274 1566 2374 1623 ego
2425 1561 2570 1607 certe
2616 1552 2777 1607 etiam
2835 1554 3005 1621 ipsum
3062 1552 3295 1618 Patrem,
3345 1568 3408 1606 ac

1840 1650 2098 1709 praeterea
2135 1640 2395 1709 Spiritum
2440 1653 2705 1698 sanctum.
2744 1643 2888 1698 Dixit
2920 1643 3062 1699 enim
3105 1658 3200 1714 per
3220 1659 3408 1714 quem-

1841 1730 1961 1785 dam
1990 1746 2019 1786 e
2048 1733 2247 1788 sanctis
2278 1734 2571 1803 prophetis,
2603 1734 2667 1789 de
2695 1735 3001 1790 hominibus
3026 1750 3121 1804 per
3144 1734 3298 1789 tidem
3316 1733 3404 1802 ju-

1840 1822 2086 1877 stilicatis
2124 1842 2137 1877 :
2173 1842 2192 1876 ι
2223 1824 2539 1881 lnbabitabo
2583 1825 2636 1880 in
2676 1826 2829 1896 ipsis,
2858 1836 2913 1881 et
2955 1826 3317 1888 inambulabo,
3354 1834 3409 1878 et

1836 1923 1929 1964 ero
1960 1912 2196 1979 ipsorum
2247 1917 2410 1977 Deus,
2442 1925 2497 1969 et
2523 1916 2621 1984 ipsi
2672 1925 2831 1971 erunt
2864 1917 2992 1971 mihi
3027 1918 3253 1986 populus
3284 1918 3348 1971 ".
3383 1939 3400 1970 ι

1837 1998 1981 2055 Dixit
2011 2001 2171 2056 etiam
2207 2002 2322 2072 ipse
2346 2003 2631 2061 Christus:
2662 2025 2680 2057 ι
2706 2007 2773 2060 Et
2809 2008 2854 2062 si
2884 2008 3003 2077 quis
3039 2025 3122 2063 me
3152 2009 3404 2074 audierit,

1836 2091 2114 2146 veniemus
2148 2107 2248 2162 ego
2281 2102 2336 2150 et
2381 2094 2541 2149 Pater
2585 2111 2758 2162 meus,
2799 2107 2853 2152 et
2892 2101 3222 2154 mansionem
3264 2102 3403 2170 apud

1834 2182 1957 2235 eum
2006 2183 2282 2249 faciemus,
2329 2194 2385 2239 et
2430 2188 2483 2241 in
2534 2187 2651 2255 ipso
2702 2188 3100 2245 diversabimur
3152 2190 3226 2262 (8)
3268 2191 3336 2246 ⁸⁸.
3381 2211 3398 2243 ι

1836 2271 2067 2338 Scripsit
2103 2275 2265 2329 etiam
2309 2275 2500 2332 beatus
2537 2276 2732 2333 Paulus
2766 2296 2779 2333 :
2820 2299 2839 2332 ι
2875 2280 2941 2334 Et
2976 2280 3151 2335 Moses
3190 2283 3403 2349 quidem

1837 2360 2007 2414 ﬁdelis
2038 2362 2091 2415 in
2120 2371 2229 2419 tota
2260 2364 2420 2422 domo
2443 2366 2557 2436 ejus
2587 2368 2645 2422 u't
2674 2368 2926 2434 famulus,
2955 2371 3009 2424 in
3039 2371 3401 2426 testimonium

1832 2462 2018 2504 eorum
2051 2466 2171 2521 quae
2198 2454 2425 2509 dicenda
2465 2467 2620 2510 erant
2650 2476 2664 2511 :
2707 2458 2952 2514 Christus
2986 2474 3112 2515 vero
3143 2470 3199 2513 ut
3235 2461 3402 2515 Filius

1833 2554 1995 2610 super
2037 2542 2252 2597 domum
2301 2545 2437 2613 ejus,
2482 2546 2638 2615 cujus
2681 2549 2871 2603 domus
2901 2564 3087 2605 sumus
3132 2565 3229 2604 nos
3275 2551 3341 2605 ⁶⁹.
3377 2570 3398 2603 ι

1834 2631 2141 2697 Quinetiam
2170 2633 2238 2689 de
2279 2643 2471 2691 sancto
2504 2636 2709 2707 Spiritu
2742 2657 2754 2692 :
2793 2657 2811 2692 ι
2842 2638 3073 2697 Nescitis
3104 2642 3227 2711 quia
3262 2652 3389 2696 tem-

1833 2722 1976 2789 plum
2011 2724 2105 2780 Dei
2136 2726 2286 2807 estis,
2312 2736 2363 2783 et
2393 2728 2626 2798 Spiritus
2658 2729 2751 2786 Dei
2783 2732 2986 2788 habitat
3015 2735 3065 2788 in
3097 2735 3247 2789 vobis
3268 2735 3353 2788 ὀἳ
3375 2753 3397 2787 ι

1832 2810 1973 2883 Ergo
2018 2815 2063 2870 si
2112 2816 2340 2885 idipsum
2386 2820 2527 2889 quod
2575 2821 2877 2879 inhabitare
2916 2825 2967 2878 in
3006 2824 3269 2895 aliquibus
3310 2827 3400 2880 ille

1832 2904 2072 2958 omnium
2104 2906 2361 2963 Dominus
2387 2908 2601 2977 dicitur,
2630 2912 2734 2968 hoc
2763 2913 2851 2967 illa
2874 2922 2956 2969 est
2984 2917 3291 2970 humanatio
3315 2917 3399 2972 vel

1834 2995 2153 3063 incarnatio,
2185 3000 2290 3056 dici
2340 3001 2500 3057 liceat
2545 3004 2791 3060 etiamin
2837 3020 3160 3076 unoquoque
3204 3009 3398 3063 divina:

1834 3100 2039 3145 natura:
2088 3093 2367 3164 participe,
2418 3105 2580 3165 atque
2618 3096 2780 3151 etiam
2828 3096 3218 3152 inhabitantem
3254 3100 3306 3154 in
3340 3115 3398 3154 se

1832 3181 1978 3235 illum
2012 3183 2261 3248 habente,
2305 3196 2359 3240 et
2386 3186 2657 3243 hominem
2697 3187 2896 3243 factum
2928 3204 3065 3253 esse,
3098 3199 3152 3245 et
3183 3192 3398 3260 insuper

1831 3273 2189 3329 incarnatum.
2239 3276 2391 3343 Quod
2440 3280 2485 3332 si
2531 3279 2726 3333 factum
2773 3291 2873 3345 est,
2910 3291 2964 3335 et
3012 3282 3056 3336 si
3105 3291 3163 3339 ut
3208 3297 3393 3337 verum

1829 3364 2155 3432 admittitur,
2183 3367 2294 3436 jam
2324 3368 2449 3423 illud
2481 3385 2546 3424 ex
2587 3368 2692 3426 Deo
2725 3371 2958 3425 Verbum
3003 3388 3147 3442 ωερε
3174 3390 3396 3429 carnem

1829 3451 2028 3509 factum
2060 3457 2166 3511 dici
2198 3458 2328 3511 nihil
2368 3460 2617 3528 prohibet
2648 3481 2662 3518 :
2709 3464 2973 3519 inhabitat
3009 3474 3188 3519 autem
3233 3466 3398 3521 etiam

1829 3546 2003 3601 adhuc
2034 3545 2087 3601 in
2135 3546 2319 3604 multis
2363 3564 2484 3603 eum
2533 3551 2851 3607 colentibus.
2901 3556 2970 3609 At
2999 3557 3164 3621 enim,
3200 3557 3392 3625 inquit,

1827 3636 2086 3705 scriptum
2114 3638 2285 3693 estde
2309 3640 2416 3695 Deo
2438 3638 2617 3695 Verbo
2642 3658 2656 3697 :
2689 3661 2707 3694 ι
2732 3641 3003 3699 Habitavit
3031 3647 3082 3700 in
3112 3647 3265 3702 nobis
3286 3648 3399 3703 ’ἣν

1830 3726 1973 3782 Dixit
2018 3730 2179 3783 etiam
2223 3729 2413 3786 beatus
2460 3731 2656 3787 Paulus
2702 3734 2768 3789 de
2813 3737 3053 3791 omnium
3114 3736 3395 3794 Salvatore

1826 3819 2041 3875 Christo
2089 3836 2104 3875 :
2157 3838 2179 3873 ι
2215 3819 2269 3875 In
2307 3836 2371 3876 eo
2418 3820 2678 3877 habitavit
2727 3827 2902 3880 omnis
2945 3829 3218 3897 plenitudo
3260 3832 3393 3885 divi-

1827 3913 2013 3969 nitatis
2046 3915 2401 3984 corporaliter
2436 3918 2505 3973 ".
2535 3934 2553 3969 ο
2590 3917 2788 3973 Fateor
2833 3919 2977 3974 illum
3016 3922 3290 3978 habitasse
3336 3924 3390 3977 in

1828 4004 1981 4060 nobis
2014 4006 2115 4076 (sic
2148 4022 2377 4077 namque
2401 4008 2661 4077 scriptum
2693 4009 2820 4081 est),
2885 4025 2996 4065 nec
3050 4012 3103 4065 in
3167 4012 3258 4067 illo
3312 4014 3393 4067 in-

1827 4096 2147 4161 habitasse,
2219 4097 2314 4151 tibi
2370 4098 2569 4153 dicenti
2633 4101 3002 4169 repugnabo:
3069 4102 3161 4158 sed
3226 4104 3386 4159 velim

1824 4189 2003 4256 potius
2061 4188 2156 4244 has
2207 4188 2576 4260 theologorum
2646 4205 2803 4248 voces
2867 4195 3201 4251 examinare.
3257 4194 3389 4251 Nam

1824 4280 2015 4333 beatus
2056 4279 2382 4351 evangelista
2433 4296 2554 4337 cum
2609 4285 2756 4351 prius
2806 4285 3062 4350 dixisset,
3097 4308 3115 4339 ι
3155 4287 3385 4345 Verbum

1822 4386 1950 4426 caro
1988 4370 2188 4426 factum
2231 4380 2349 4437 est,
2380 4391 2399 4426 ι
2431 4374 2707 4444 subjunxit
2735 4386 3055 4447 opportune,
3089 4396 3106 4430 ι
3142 4378 3205 4432 Ει
3238 4381 3391 4433 habi-

1826 4463 1958 4516 tavit
1989 4463 2041 4515 in
2069 4462 2259 4529 nobis;
2292 4481 2309 4516 ι
2348 4473 2405 4518 ιιι
2431 4478 2528 4534 per
2570 4474 2859 4537 utrumque
2896 4469 3154 4536 integram
3188 4468 3386 4524 Christi

144 4535 233 4589 ῐνα
257 4538 333 4592 δι’
365 4539 571 4609 ἀμφοῖν
597 4543 966 4618 ἀδιαλώὁητον
992 4550 1049 4603 ὲν
1081 4553 1214 4622 ἡμῖν
1241 4535 1603 4626 ἐνεργάσηται
1622 4555 1718 4609 τοῦ

1833 4554 2067 4623 mysterii
2102 4555 2462 4625 cognitionem
2511 4557 2670 4611 nobis
2716 4535 2977 4614 traderet.
3007 4535 3138 4613 Sam
3182 4561 3387 4614 unitum

143 4626 285 4681 κατὰ
316 4627 556 4699 Χριστὸν
591 4635 891 4705 μυστηρίου
926 4638 1025 4708 τὴν
1068 4639 1287 4708 γνῶσιν.
1321 4643 1445 4696 Ὅτι
1480 4645 1580 4714 μὲν
1609 4646 1719 4717 γὰρ

140 4717 330 4792 ήνώθη
368 4721 535 4791 σαρκὶ
568 4724 690 4777 καθ’
720 4726 1017 4784 ὑπόστασιν
1047 4734 1076 4784 6
1108 4732 1172 4785 ἐκ
1198 4733 1333 4787 Θεοῦ
1374 4736 1585 4808 Πατρὺς
1615 4739 1717 4791 Λό-

138 4822 259 4877 γος,
285 4810 697 4884 διαμεμένηκεν
724 4815 745 4889 [
770 4817 854 4872 ῑσ.
881 4820 1325 4896 διαμεμήνυκεν]
1349 4827 1595 4897 ἐναργῶς
1628 4828 1718 4882 διά

137 4915 204 4967 γε
251 4901 355 4957 τοῦ
416 4905 595 4976 σάρκα
627 4906 808 4976 λέγειν
848 4912 1101 4979 γενέσθαι
1131 4916 1323 4969 αὐτόν·
1354 4918 1437 4970 ὅτι
1480 4918 1537 4971 δὲ
1580 4919 1719 4991 σὰρξ

136 4991 406 5061 γεγονὼς,
432 4995 532 5048 οὐκ
560 4996 638 5062 εις
663 4998 760 5068 τὴν
789 5001 886 5071 τῆς
918 5004 1118 5075 σαρκὸς
1151 5007 1578 5080 μετακεχώρηκε
1613 5010 1716 5080 φύ-

207 5174 252 5257 ξτ
278 5174 461 5257 Lavit.
488 5190 646 5257 _xxvu,
677 5177 779 5257 l2_;_
811 5179 853 5233 ll
880 5181 1006 5237 Cor.
1036 5197 1107 5247 vr,
1152 5185 1237 5239 16.
1318 5186 1361 5217 ⁸⁸
1388 5186 1542 5243 Joan.
1584 5205 1695 5255 xlv,
1731 5190 1819 5244 ‘23.
1900 5191 1943 5221 "
1971 5189 2133 5247 Hebr.
2170 5207 2255 5256 ιιι,
2293 5189 2433 5257 5,6.

162 5244 251 5302 Η.
333 5243 614 5300 "Coloss.
654 5263 715 5312 ιι,
751 5251 805 5302 9.

1823 4661 1944 4699 esse
1969 4647 2117 4700 carni
2150 4648 2443 4701 secundum
2473 4646 2799 4718 hypostasim
2834 4651 2961 4705 illud
2997 4666 3058 4704 ex
3098 4651 3205 4705 Deo
3231 4650 3388 4706 Patre

1824 4735 2059 4789 Verbum
2087 4736 2345 4791 indicavit
2374 4748 2556 4804 aperte
2584 4752 2705 4793 cum
2736 4740 2889 4804 dixit,
2926 4743 3095 4811 ipsum
3131 4758 3249 4798 esse
3272 4759 3387 4799 car-

1822 4842 1941 4881 nem
1966 4826 2164 4881 factum
2192 4846 2205 4881 :
2226 4830 2337 4897 jam
2366 4842 2494 4882 vero
2515 4843 2732 4885 carnem
2764 4829 2960 4886 factum
2990 4848 3094 4886 non
3125 4834 3174 4886 in
3209 4837 3389 4889 carnis

1822 4920 2080 4975 transisse
2100 4929 2370 4993 naturam,
2395 4936 2567 4991 neque
2592 4924 2937 4977 mutationem
2972 4924 3095 4978 inid
3116 4925 3254 4992 quod
3282 4942 3386 4979 non

1819 5020 1937 5065 erat
1962 5010 2212 5079 subiisse,
2239 5012 2335 5068 sed
2357 5026 2479 5067 cum
2501 5026 2567 5067 eo
2587 5014 2729 5083 quod
2750 5013 3044 5069 secundum
3069 5030 3165 5071 nos
3189 5015 3383 5071 factum

2546 5192 2592 5224 "°
2615 5190 2785 5249 LCor.
2819 5208 2905 5261 ιιι,
2940 5194 3026 5249 16.
3102 5198 3143 5227 τί
3166 5196 3319 5251 Juan.
3346 5213 3388 5263 ι,

1430 5410 1583 5465 ΑΝΤ.
1628 5410 1893 5467 AGELLII
1935 5413 2164 5469 Νοτίει

206 5586 287 5655 (8)
306 5584 620 5659 Posteriora
645 5586 805 5659 verba
832 5590 951 5642 etin
982 5590 1091 5657 ipso
1113 5591 1166 5643 di
1187 5591 1522 5656 versabimur,
1542 5607 1713 5659 neque

134 5658 316 5729 Latini
352 5656 516 5729 codd,
546 5655 699 5729 rNovi
750 5655 1100 5722 Testamenti,
1160 5677 1329 5729 neque
1385 5655 1555 5717 Graaci
1614 5655 1708 5714 lia-

134 5728 310 5799 beut;
388 5726 646 5799 etgidetn
714 5729 1018 5797 signiﬁcant
1084 5747 1204 5784 cum
1247 5726 1710 5799 'prwcedentihus

135 5798 322 5854 verbis
361 5812 375 5847 :
420 5796 564 5853 idem
597 5805 678 5853 est
720 5796 861 5855 enim
897 5800 1159 5856 diversari
1203 5801 1257 5857 in
1284 5796 1500 5870 aliquo,
1548 5811 1601 5857 et
1654 5804 1708 5857 in

1820 5609 1885 5646 eo
1950 5597 2280 5651 mansionem
2347 5597 2547 5656 facere.
2605 5599 2884 5656 llabebaut
2952 5600 3130 5659 tamen
3196 5620 3385 5660 omnes

1820 5667 1979 5719 codd.
2019 5667 2227 5733 Cyrilli.

1888 5736 1962 5805 (9)
1996 5735 2085 5789 Sic
2119 5739 2387 5815 appellare
2428 5741 2563 5793 solet
2602 5755 2874 5815 sacrorum
2916 5744 3237 5815 scriptorum
3288 5762 3381 5798 au-

1815 5814 2014 5873 ctores,
2043 5819 2097 5859 ut
2130 5813 2395 5876 apostolos
2426 5821 2477 5865 et
2512 5813 2885 5880 evangelistam
