4072 6346
671 381 740 438 55
1691 374 1748 428 S.
1789 371 2064 428 CYRILLI
2103 373 2570 431 ALEXANDRINI
2609 376 2924 432 ARCHIEP.
3843 374 3909 429 56

675 498 758 541 est
793 486 1058 542 mansisse
1084 487 1223 557 quod
1253 495 1393 555 erat,
1415 488 1468 544 id
1494 503 1686 546 rursus
1717 489 2063 559 perspicuum
2097 489 2244 556 facit,

2355 510 2463 559 σιν,
2505 495 2712 565 τροπὴν
2759 493 3059 564 ὑπομείνας
3091 493 3188 563 τὴν
3231 493 3310 554 είς
3350 491 3485 560 ὅπερ
3519 490 3617 542 οὐκ
3658 482 3746 559 ἦν,
3776 487 3911 542 ἀλλὰ

674 577 758 631 illa
810 578 969 631 verba
1023 596 1036 631 :
1088 575 1412 634 «Habitavit
1460 577 1515 636 in
1552 578 1726 644 nobis,
1759 597 1777 630 ι
1820 579 2092 648 prioribus
2142 579 2246 634 illis

671 667 953 737 adjiciens.
997 667 1275 726 Habitasse
1301 679 1478 728 autem
1511 671 1638 727 dicit
1676 671 1865 728 beatus
1897 669 2098 725 Paulus
2137 670 2248 742 as

675 775 726 816 tn
755 759 968 817 Christo
1005 777 1220 818 omnem
1253 762 1637 832 plenitudinem
1670 762 1972 818 divinitatis
1996 777 2248 832 corpora-

673 851 815 916 liter,
867 865 934 907 ne
981 853 1249 923 quispiam
1303 854 1600 925 simplicem
1647 855 1732 910 vel
1791 855 2245 909 habitudinariam

667 943 1062 1010 habitationem
1105 946 1428 1012 suspicetur,
1460 947 1552 1002 sed
1587 961 1793 1011 veram,
1828 955 1885 1002 ut
1919 947 2075 1001 modo
2110 945 2242 1011 dixi,

670 1039 723 1087 et
745 1034 1036 1091 secundum
1061 1035 1413 1105 hypostasim.
1441 1037 1626 1107 Neque
1651 1038 1795 1092 enim
1827 1038 1906 1092 vir
1931 1038 2016 1093 ille
2041 1037 2245 1107 Spiritu

675 1120 769 1176 Dei
799 1123 987 1190 plenus
1015 1125 1300 1194 ignorabat
1327 1126 1700 1196 incorporeum
1731 1141 1850 1181 esse
1877 1126 1972 1181 Dei
2015 1125 2243 1182 Verbum

669 1219 720 1267 et
761 1211 1121 1282 impalpabile.
1148 1212 1346 1270 Verum
1372 1216 1497 1287 quia
1531 1230 1751 1271 necesse
1774 1225 1892 1271 erat
1914 1226 1976 1270 ut
2001 1215 2244 1286 mysterii

670 1304 957 1373 explicatio
982 1306 1128 1362 nulla
1163 1308 1372 1362 ratione
1419 1321 1608 1363 manca
1644 1309 1934 1373 videretur,
1981 1308 2072 1361 sed
2107 1306 2244 1362 adeo

671 1405 926 1450 accurate
952 1410 1016 1451 ac
1047 1397 1300 1452 distincte
1323 1396 1388 1450 ad
1428 1407 1626 1452 rectam
1657 1399 1895 1470 regulam
1935 1398 2243 1451 veritatem-

671 1499 774 1550 que
808 1487 1133 1550 traderetur,
1164 1495 1225 1540 ut
1253 1501 1415 1543 omne
1444 1487 1762 1542 miraculum
1799 1497 2100 1557 superaret,
2136 1486 2242 1541 vim

673 1573 834 1628 infert
859 1576 1258 1645 consequentiae
1291 1591 1493 1644 rerum,
1529 1585 1582 1632 et
1625 1592 1789 1647 prepe
1828 1577 2075 1642 dixerim,
2103 1577 2243 1645 quod

672 1665 1040 1736 incorpoream
1070 1666 1215 1722 illam
1239 1682 1613 1737 summamque
1643 1678 1888 1722 naturam
1917 1670 2090 1735 decet,
2114 1681 2244 1722 con-

670 1759 861 1812 temnit

2355 580 2491 651 μετά
2538 581 2630 635 τοῦ
2671 582 2922 649 γενέσθαι
2959 579 3081 634 καθ’
3109 581 3274 650 ἡμᾶς,
3315 578 3623 650 μεμένηκεν
3654 577 3788 647 ὅπερ
3820 572 3908 645 ἦν,

2353 670 2626 742 διατρανοί
2673 672 2836 726 πάλιν
2885 672 2989 736 τὸ,
3041 692 3057 721 ι
3098 671 3436 740 Ἐσκήνωσεν
3483 670 3541 721 ὲν
3582 669 3731 737 ἡμῖν,
3782 685 3799 716 ι
3837 665 3914 734 τῷ

2351 762 2554 834 πρώτῳ
2579 763 2995 834 προσ-τεθεικώς.
3033 761 3371 831 Κατοικῆσαι
3394 761 3450 813 δέ
3472 778 3634 830 φησιν
3661 762 3688 812 6
3719 759 3913 812 θεσπέ-

2353 871 2468 917 σιος
2512 854 2724 918 Παῦλος
2758 855 2817 908 έν
2863 853 2942 924 τῷ
2994 852 3214 923 Χριστῷ
3249 853 3355 906 πᾶν
3404 851 3465 904 τὸ
3496 850 3766 920 πλήρωμα
3815 849 3914 911 τῆς

2351 945 2602 1017 θεότητος
2644 944 2970 1016 σωματικῶς
2988 961 3002 976 ·
3032 944 3118 997 ἵνα
3158 945 3232 1014 μὴ
3257 942 3454 1012 ἁπλῆν,
3473 942 3639 1011 ῆγουν
3663 940 3914 1009 σχετικὴι

2347 1037 2446 1106 τὴν
2487 1037 2805 1106 κατοίκησιν
2856 1034 3216 1104 ὑποτοπήσειέ
3262 1051 3366 1098 τις,
3406 1033 3519 1087 ἀλλ’
3560 1031 3748 1100 ὥσπερ
3777 1031 3915 1099 εφην

2349 1128 2572 1199 ἀρτίως,
2613 1128 2876 1199 ἀληθινήν
2909 1145 2967 1182 τε
3010 1128 3105 1181 καὶ
3150 1126 3273 1180 καθ’
3309 1126 3623 1178 ὑπόστασιν.
3655 1123 3772 1175 Ὀτι
3816 1122 3913 1190 μὲν

2347 1221 2454 1291 γὰρ
2486 1220 2776 1291 ἀσώματός
2808 1219 2869 1273 τέ
2903 1221 3039 1287 ἐστι,
3078 1223 3171 1274 καὶ
3200 1218 3408 1288 ἀναφὴς
3439 1218 3467 1270 6
3509 1215 3602 1268 τοῦ
3644 1214 3778 1269 Θεοῦ
3808 1214 3913 1266 Λόσ

2345 1332 2460 1383 γος,
2489 1314 2590 1367 οὐκ
2616 1313 2884 1383 ἠγνόηκεν
2925 1314 2952 1365 6
2996 1311 3463 1382 πνευματοφόρος.
3503 1308 3721 1378 Ἐπειδὴ
3749 1306 3804 1360 δὲ
3846 1302 3912 1375 ἦν

2346 1406 2664 1472 ἀναγκαῖον,
2697 1405 2792 1474 τὴν
2827 1403 2920 1457 τοῦ
2964 1404 3265 1474 μυστηρίου
3296 1402 3527 1472 δήλωσιν
3571 1400 3688 1452 κατ’
3722 1397 3914 1451 οὐδένα

2345 1497 2545 1569 τρόπον
2584 1496 2813 1567 ὁρᾶσθαι
2856 1494 3289 1565 μεμωμημένην,
3323 1492 3524 1563 ἀκριϐῆ
3561 1491 3617 1543 δὲ
3644 1488 3784 1541 οὕτω
3825 1506 3915 1554 γε-

2346 1589 2552 1652 νέσθαι,
2578 1588 2673 1642 καὶ
2705 1585 3116 1658 διηρθρωμένην
3147 1585 3222 1646 είς
3245 1584 3305 1636 τὸ
3331 1581 3456 1635 εὐθύ
3483 1598 3541 1634 τε
3577 1580 3667 1632 καὶ
3692 1577 3913 1648 ἀληθὲς,

2346 1679 2419 1740 ὼς
2451 1679 2709 1732 ἐπέκεινα
2745 1679 2945 1741 παντὸς
2995 1677 3134 1730 ίέναι
3181 1675 3488 1746 θαύματος,
3524 1668 3914 1733 καταδιάζεται

923 1776 936 1815 :
985 1759 1184 1830 adjecit
1237 1760 1381 1814 enim
1424 1760 1667 1824 verbum.
1707 1760 2066 1826 corporaliter,
2118 1775 2239 1814 cum

2349 1767 2405 1820 τὸ
2432 1767 2599 1831 είκδς,
2623 1769 2716 1820 καὶ
2756 1767 3038 1838 μονονουχὶ
3067 1764 3127 1818 τὸ
3165 1765 3375 1836 πρέπον
3404 1762 3650 1831 ὑπερορᾷ
3671 1761 3738 1829 τῇ
3773 1760 3916 1811 ἀσωρ

669 1847 828 1903 alitcr
856 1850 1036 1906 dicere
1065 1864 1172 1908 non
1206 1849 1453 1915 haberet,
1482 1865 1643 1922 quam
1679 1857 1860 1907 nostra
1891 1851 2241 1922 intelligentia

2349 1859 2504 1930 μάτφ
2542 1874 2600 1910 τε
2630 1858 2723 1911 καὶ
2755 1832 3047 1928 ῦπερτάτιρ
3078 1832 3238 1924 φύσεί
3261 1871 3273 1884 ·
3309 1851 3660 1924 προστέθεικε
3687 1849 3793 1918 γὰρ
3831 1849 3914 1912 τὸ,

669 1950 723 1994 et
763 1939 940 2009 lingua
977 1940 1235 2012 consequi
1272 1950 1474 2011 posset.
1518 1938 1595 1997 Ne
1636 1941 1799 2012 igitur
1827 1956 1950 1998 cum
1984 1943 2082 1997 iste
2110 1942 2244 1996 sim-

670 2033 858 2104 plicem
909 2035 1065 2091 nobis
1118 2034 1568 2091 inbabitationem
1621 2044 2032 2102 commemorat,
2090 2047 2245 2105 putes

669 2125 871 2193 aliquid
899 2140 1020 2183 eum
1052 2125 1231 2181 dicere
1251 2127 1390 2195 quod
1427 2141 1532 2180 non
1558 2125 1846 2180 admodum
1884 2127 1954 2181 sit
1981 2127 2244 2182 damnan-

668 2217 815 2270 dum.
852 2215 988 2270 Nam
1015 2228 1071 2268 ut
1097 2223 1331 2280 evertat,
1365 2225 1425 2272 ut
1455 2217 1569 2285 ipse
1594 2227 1766 2286 putat,
1788 2218 1958 2288 idque
1991 2219 2242 2273 nimirum

669 2307 947 2373 audacter,
982 2305 1383 2376 generationem
1418 2307 1538 2362 Filii
1565 2308 1857 2363 secundum
1885 2324 2128 2373 carnem,
2159 2324 2244 2363 ra-

669 2399 1072 2454 tiocinationem
1095 2396 1371 2467 componit
1393 2397 1589 2453 anilem
1611 2411 1672 2453 ac
1696 2397 1937 2464 stultam,
1966 2407 2018 2454 et
2042 2398 2241 2453 nullum

668 2507 731 2547 ex
765 2493 989 2546 veritate
1029 2490 1258 2546 fulcrum
1289 2490 1598 2547 habentem.
1639 2490 1873 2548 Rursum
1908 2506 2137 2560 namque
2166 2492 2243 2549 sic

667 2584 876 2648 scribit,
916 2598 1037 2640 cum
1072 2583 1338 2639 adversus
1380 2582 1613 2640 Arianos
1642 2582 2064 2655 disputationem
2094 2583 2244 2637 insti-

668 2677 878 2731 tttisset.

743 2768 1022 2842 [Neu-os.
1058 2767 1261 2824 Tamen
1291 2767 1572 2823 divinitate
1597 2777 1743 2822 certe
1780 2780 1896 2835 quae
1923 2763 2096 2837 major
2139 2775 2240 2829 est,

669 2863 841 2930 ipsum
872 2861 963 2914 Dei
993 2857 1229 2913 Verbum
1259 2858 1528 2914 recentius
1555 2872 1674 2913 esse
1699 2866 2004 2927 uugantur;
2033 2864 2088 2912 at
2116 2871 2243 2912 vero

670 2951 719 3008 hi
753 2954 906 3008 beata
932 2950 1100 3007 Maria
1133 2952 1304 3021 ipsum
1351 2952 1702 3018 posteriorem
1752 2947 2007 3014 etlicinnt,
2039 2957 2094 3004 et
2129 2963 2244 3002 ma-

669 3043 804 3100 irem
832 3042 1178 3112 temporalem
1212 3043 1312 3112 ipsi
1347 3041 1538 3096 Deitati
1570 3036 1748 3108 epitici
1778 3050 2075 3108 temporum
2107 3054 2245 3110 pra:-

670 3144 877 3205 ponunt
915 3151 930 3187 :
965 3134 1072 3189 imo
1117 3149 1244 3189 vero
1291 3135 1459 3203 ipsam
1491 3133 1690 3189 Christi
1727 3141 2003 3199 parentem
2031 3147 2098 3187 ne
2124 3145 2245 3188 esse

670 3227 882 3294 quidem
917 3223 1121 3282 Christi
1157 3235 1383 3279 matrem
1421 3225 1603 3279 sinunt
1637 3244 1647 3276 :
1680 3236 1803 3276 nam
1835 3223 1879 3276 si
1918 3238 2021 3277 non
2068 3224 2242 3278 homi-

672 3319 755 3372 nis
787 3329 998 3382 natura,
1047 3319 1141 3374 sed
1185 3318 1326 3372 Deus
1377 3315 1605 3370 Verbum
1646 3315 1765 3379 luit,
1811 3325 1872 3369 ut
1915 3315 1989 3369 illi
2040 3317 2242 3382 dicunt,

671 3425 828 3481 quem
873 3409 960 3465 illa
986 3411 1214 3480 peperit,
1262 3409 1476 3481 pariens
1512 3407 1640 3462 editi
1690 3416 1874 3476 partus
1909 3407 2053 3462 nullo
2090 3409 2247 3464 modo

673 3513 847 3557 mater
882 3511 965 3557 est
998 3515 1013 3554 :
1046 3502 1135 3570 qui
1172 3501 1316 3554 enim
1369 3499 1440 3551 sit
1498 3507 1668 3554 mater
1708 3497 1852 3552 illius
1885 3498 1973 3567 qui
2018 3498 2086 3551 ab
2132 3497 2248 3565 ejus

671 3604 861 3649 natura
901 3593 972 3648 sit
1010 3591 1337 3648 extraneus?
1369 3589 1522 3655 Quod
1558 3589 1603 3644 si
1633 3599 1803 3644 mater
1839 3587 1976 3659 apud
2017 3603 2109 3642 eos
2149 3603 2245 3655 ap-

671 3686 925 3754 pellatur,
954 3683 1262 3738 humanitas
1291 3691 1375 3737 est
1405 3688 1558 3752 partu
1592 3680 1758 3746 edita,
1792 3692 1897 3736 nan
1949 3679 2202 3734 divinitas
2233 3699 2243 3734 :

674 3795 796 3833 nam
818 3777 1012 3846 cuique
1032 3775 1187 3829 matri
1210 3773 1486 3845 proprium
1504 3780 1585 3828 est
1603 3770 2065 3828 consubstantiale
2089 3785 2247 3839 pare-

675 3869 753 3924 re.
786 3870 890 3924 Aut
915 3867 1074 3937 igitur
1098 3860 1201 3920 non
1234 3866 1337 3920 erit
1370 3875 1543 3918 mater
1573 3879 1693 3933 qua:
1723 3862 2245 3919 censubstantialem

673 3960 772 4015 sibi
803 3958 1024 4014 minime
1047 3957 1254 4026 peperit
1283 3973 1296 4010 :
1335 3965 1424 4010 aut
1455 3956 1499 4009 si
1532 3965 1703 4009 mater
1731 3953 1798 4010 ab
1837 3955 1970 4026 ipsis
2001 3962 2245 4020 vocatur,

675 4051 774 4108 sibi
809 4050 860 4105 in
895 4048 1196 4105 substantia
1230 4045 1461 4104 similem
1488 4043 1732 4117 genuiL]

1320 4159 1471 4217 CAP.
1513 4158 1601 4215 IX.

747 4261 1008 4326 Perquam
1042 4256 1283 4310 abditum
1321 4270 1452 4311 sane
1497 4256 1888 4309 sententiarum
1937 4255 2162 4324 pondus,
2186 4270 2248 4310 ac

676 4355 968 4407 vehemens
1001 4360 1055 4404 et
1089 4349 1679 4404 inevitabilis-hominis
1705 4349 1796 4418 qui
1830 4350 1982 4404 nobis
2018 4351 2089 4404 ita
2120 4365 2248 4405 con-

677 4442 918 4512 scripsit,
980 4440 1413 4512 syllogismorum
1484 4441 1569 4494 vis
1626 4441 1886 4496 cernitur.
1946 4440 2246 4506 Undenam,

2345 1946 2713 2016 σωματικῶς,
2735 1947 2832 2018 ούχ
2853 1949 3053 2018 ἑτέρως
3076 1945 3213 2015 ἔχων
3242 1945 3437 2006 εἰπεῖν,
3460 1941 3493 2012 ἢ
3517 1941 3591 2005 ὠς
3613 1941 3677 1996 ἂν
3706 1940 3918 2010 γένοιτο

2345 2040 2441 2093 καὶ
2466 2039 2560 2108 νῷ,
2591 2038 2686 2091 καὶ
2715 2037 2929 2108 γλώττῃ
2966 2040 3032 2107 τῇ
3070 2037 3192 2090 καθ’
3231 2036 3379 2106 ἡμᾶς
3406 2034 3641 2102 ἐφικτόν.
3679 2033 3772 2102 Μὴ
3804 2032 3917 2085 τοί-

2345 2150 2439 2186 νυν
2466 2131 2648 2202 ἁπλῆν
2679 2132 2812 2201 ημῖν
2837 2129 3171 2199 ὀνομάζοντα
3204 2127 3496 2197 ἐνοίκησιν,
3521 2128 3630 2180 οῐου
3657 2142 3708 2178 τι
3736 2125 3917 2193 λέγειν

2345 2223 2507 2278 αὑτὸν
2551 2223 2658 2277 τῶν
2705 2223 2766 2276 ού
2823 2222 3030 2293 σφόδρα
3067 2218 3536 2288 διαϐεὗλημένωνο
3598 2215 3918 2284 ἀνατρέπων

2345 2318 2472 2388 γάρ.
2507 2315 2760 2385 καθάπερ
2806 2310 2901 2368 οῦν
2945 2315 3149 2374 οἴεται,
3186 2314 3281 2364 καὶ
3327 2309 3474 2381 μάλα
3507 2305 3788 2372 νεανικῶς,
3816 2306 3918 2374 τὴν

2346 2409 2486 2462 κατὰ
2517 2407 2695 2478 σάρκα
2725 2406 2975 2476 γέννησιν
3009 2402 3106 2456 τοῦ
3136 2399 3290 2465 Υἱοῦ,
3333 2399 3613 2470 συντίθησι
3653 2397 3919 2467 λογισμὸν

2344 2499 2694 2571 γραοπρεπῆ,
2730 2497 2826 2551 καὶ
2865 2497 3092 2566 ἠλίθιον,
3121 2496 3217 2549 καὶ
3243 2492 3559 2562 ὐποὸάθραν
3588 2491 3689 2545 ούκ
3724 2488 3921 2561 ἔχοντα

2343 2593 2442 2662 τὴν
2480 2591 2538 2656 ἐξ
2580 2589 2856 2661 ἀληθείας.
2884 2588 3092 2660 Γράφει
3152 2585 3260 2656 γάρ
3299 2584 3391 2638 καὶ
3437 2578 3541 2637 ὧδε
3585 2582 3768 2648 πάλιν,
3817 2598 3920 2635 πε-

2344 2685 2566 2753 ποίηται
2599 2682 2657 2736 δὲ
2695 2681 2830 2752 πρὸς
2869 2677 3181 2749 ’Δρειανοὺς
3207 2678 3239 2727 6
3269 2676 3424 2744 λόγος
3445 2673 3615 2745 αὐτῷ.

2416 2775 2647 2848 [Ὅμως
2685 2774 2742 2829 δὲ
2787 2773 2889 2828 κᾶν
2928 2772 3178 2840 θεότητος
3218 2770 3462 2839 μείζονος
3508 2769 3598 2820 τὸν
3643 2766 3777 2820 Θεον
3809 2773 3922 2818 Λο-

2345 2886 2439 2937 γον
2463 2866 2688 2938 ληροῦσι
2713 2863 2973 2937 νεώτερον
2994 2881 3007 2894 ’
3039 2859 3182 2917 οῦτοι
3214 2863 3270 2916 δὲ
3311 2860 3470 2913 αὐτὸν
3508 2858 3608 2927 τῆς
3640 2856 3924 2928 μακαρίας

2345 2957 2565 3030 Μαρίας
2603 2954 2928 3026 ἐργάζονται
2959 2951 3244 3023 δεύτερον·
3289 2951 3380 3005 καὶ
3419 2949 3627 3020 μητέρα
3661 2947 3925 3018 χρονικὴν

2343 3055 2411 3122 τῇ
2441 3045 2754 3121 δημιουργῷ
2775 3047 2883 3101 τῶν
2915 3047 3120 3117 χρόνων
3152 3044 3412 3113 ὲφιστῶσι
3433 3042 3658 3109 Θεότητι
3678 3056 3690 3070 ·
3718 3039 3928 3108 μᾶλλον

2347 3143 2403 3196 δὲ
2434 3141 2551 3196 οὐδὲ
2585 3138 2797 3211 μητέρα
2826 3137 2917 3192 τοῦ
2942 3135 3176 3207 Χριστοῦ
3211 3136 3307 3204 τὴν
3333 3132 3694 3204 Χριστοτόκον
3723 3129 3893 3183 ὲῶσιν
3912 3145 3923 3154 ·

2349 3236 2397 3289 εἰ
2421 3233 2529 3304 γὰρ
2563 3233 2663 3287 οὐκ
2685 3229 2975 3302 ἀνθρώπου
3020 3229 3202 3296 φύσις,
3235 3225 3368 3280 ἀλλά
3401 3223 3531 3286 Θεὸς
3563 3225 3590 3276 ὁ
3621 3221 3794 3289 Λόγος
3816 3217 3891 3290 ἧν
3913 3262 3925 3280 ,

2347 3325 2537 3395 ὥσπερ
2581 3323 2774 3377 ἐκεῖνοί
2814 3338 2999 3390 φασιν,
3038 3320 3064 3374 ὃ
3094 3312 3204 3392 [ἵσ.
3237 3317 3288 3391 ὁ]
3331 3317 3460 3388 παρ’
3494 3315 3735 3385 ἐκείνης,
3765 3315 3798 3383 ἡ
3830 3330 3894 3364 τε
3915 3341 3929 3351 -

2348 3415 2518 3470 κοῦσα
2546 3415 2641 3467 τοῦ
2662 3413 2945 3484 τεχθέντος
2977 3413 3036 3466 οὺ
3069 3411 3273 3480 μήτηρ.
3300 3407 3424 3466 Πῶς
3453 3406 3560 3477 γὰρ
3581 3406 3665 3471 εἴη
3693 3421 3776 3468 τις
3811 3405 3932 3473 μή-

2346 3523 2449 3578 τηρ
2473 3505 2566 3559 τοῦ
2588 3505 2688 3574 τῆς
2710 3503 2924 3572 φύσεως
2941 3503 3037 3571 τῆς
3063 3501 3227 3569 αὐτῆς
3251 3496 3560 3568 ἀλλοτρίου;
3584 3495 3711 3548 Είδὲ
3737 3496 3933 3564 μήτηρ

2350 3597 2479 3667 παρ’
2523 3595 2703 3651 αὐτῶν
2741 3593 3081 3665 ὀνομάζοιτο,
3131 3590 3485 3663 ἀνθρωπότης
3514 3588 3575 3640 τέ.
3606 3586 3820 3656 τεχθὲν,
3867 3587 3936 3638 οὐ

2349 3689 2537 3758 θεότης
2561 3706 2574 3718 ·
2611 3687 2792 3756 πάσης
2830 3685 2939 3756 γὰρ
2989 3680 3121 3739 ἴδιον
3159 3683 3363 3754 μητρὸς
3401 3678 3662 3752 όμοούσια
3687 3677 3933 3731 τίκτειν.

2351 3783 2421 3838 Ἦ
2443 3778 2536 3836 οὖν
2565 3781 2665 3835 οὐκ
2697 3779 2849 3833 ἔσται
2886 3779 3091 3848 μήτηρ,
3121 3775 3409 3846 ὁμοούσιον
3429 3773 3593 3842 ἑαυτῇ
3621 3771 3695 3841 μὴ
3726 3769 3939 3822 τεκοῦο

2351 3891 2450 3928 σαι
2503 3873 2537 3945 ἢ
2578 3874 2762 3944 μήτηρ
2804 3870 2934 3942 παρ’
2980 3867 3160 3922 αὐτῶν
3212 3864 3553 3936 καλουμένη,
3596 3862 3688 3916 τὸν
3745 3864 3930 3932 ἑαυτῇ

2351 3967 2468 4020 κατ’
2504 3964 2691 4019 οὐσίαν
2723 3962 3014 4033 ἐγέννησεν
3046 3959 3297 4030 ὃμοιον.]

2951 4160 3202 4216 ΚΕΦΛΛ.
3237 4157 3312 4212 Θ’.

2433 4260 2518 4321 Ὠς
2563 4257 2700 4326 βαθὺ
2749 4255 2805 4310 τὸ
2850 4254 3039 4324 χρῆμα
3091 4252 3198 4305 τῶν
3231 4249 3484 4312 ἐννοιῶν,
3527 4249 3672 4316 δεινὴ
3724 4247 3776 4299 δὲ
3841 4249 3947 4299 καὶ

2349 4349 2743 4416 δυσδιάφυκτος
2772 4346 2865 4400 τοῦ
2912 4346 2980 4399 τὰ
3018 4344 3196 4397 τοιάδε
3230 4341 3672 4412 συγγεγραφότος
3724 4340 3877 4406 ἡμῖν
3913 4342 3948 4409 ἡ

2351 4443 2414 4497 tr.
2436 4441 2545 4495 τῶν
2576 4437 2945 4509 συλλογισμῶν
2975 4436 3186 4503 ἀνάγκη
3211 4435 3477 4501 φαίνεται.
3509 4430 3677 4482 Πόθεν
3699 4431 3848 4498 ἡμῖν
3877 4430 3948 4480 τὰ

676 4547 881 4602 quaeso,
920 4531 1183 4602 ejusmodi
1225 4529 1449 4583 fabellas
1498 4529 1751 4585 collectas
1794 4531 1998 4584 habens
2039 4531 2090 4584 in
2131 4546 2244 4585 me-

2353 4533 2531 4588 τοιάδι
2562 4530 2987 4603 συναγηγερκὼς
3012 4530 3090 4590 είς
3120 4527 3278 4596 μέσον
3309 4522 3443 4594 ἔρχῃ
3475 4520 3749 4590 μυθάρια;
3782 4519 3823 4588 ἢ
3858 4521 3953 4581 τίς

676 4625 822 4678 dium
854 4620 1075 4691 prodis?
1130 4627 1222 4674 aut
1251 4620 1500 4689 quisnam
1535 4634 1756 4689 prorsus
1790 4623 1842 4673 in
1876 4636 1994 4674 eam
2026 4632 2244 4674 sentenv

677 4719 872 4770 tiarum
907 4712 1190 4766 stultitiam
1215 4722 1297 4766 est
1333 4711 1531 4779 lapsus,
1567 4720 1624 4765 ut
1651 4720 1799 4780 putet
1837 4726 1897 4766 ac
1939 4715 2081 4766 dicat
2113 4712 2246 4768 Uni.

677 4804 843 4875 geniti
873 4804 1124 4858 deitatem
1155 4818 1258 4857 non
1294 4817 1360 4857 ex
1389 4800 1549 4855 Patre
1574 4812 1700 4856 ante
1724 4802 1915 4857 saecula
1945 4803 2245 4858 subsisten—

679 4899 809 4952 tiam
838 4896 1060 4959 habere,
1092 4894 1184 4949 sed
1221 4904 1277 4947 ut
1322 4910 1443 4948 esse
1487 4894 1768 4963 inciperet,
1801 4908 1829 4948 a
1860 4908 2024 4950 carne
2047 4905 2100 4950 et
2123 4911 2246 4950 san-

677 4989 838 5058 guine
868 4987 1078 5040 initium
1104 4985 1418 5055 accepisse?
1441 4984 1572 5051 Quis
1605 4985 1743 5040 adeo
1790 4987 2036 5054 stupidus
2066 4995 2149 5041 est
2194 4997 2248 5041 et

682 5083 990 5150 imperitus,
1041 5089 1092 5134 et
1147 5092 1422 5133 sacrarum
1471 5076 1797 5131 Litterarum
1856 5079 2011 5147 plane
2059 5080 2247 5134 rudis?

678 5175 808 5242 Quis
859 5189 962 5227 non
1018 5172 1263 5226 meminit
1313 5169 1422 5241 29
1461 5169 1608 5225 Isaiae
1639 5170 1708 5225 de
1752 5172 1871 5240 ipso
1906 5172 2191 5228 clamantis
2229 5191 2243 5226 :

685 5284 703 5316 σ
743 5263 1157 5319 Generationem
1204 5261 1320 5326 ejus
1367 5261 1488 5331 quis
1539 5262 1814 5317 enarrabit
1857 5263 1946 5315 7'?
1976 5283 1993 5314 ι
2028 5263 2248 5319 Joannis

680 5358 840 5410 etiam
876 5365 1062 5425 aperte
1109 5355 1397 5410 scribentis
1433 5372 1445 5408 :
1499 5372 1516 5406 ι
1549 5353 1602 5407 In
1641 5354 1907 5424 principio
1954 5364 2074 5410 erat
2126 5353 2248 5410 Ver-

682 5450 829 5512 bum,
884 5458 938 5502 et
995 5446 1225 5502 Verbum
1268 5455 1386 5500 erat
1427 5447 1566 5515 apud
1616 5447 1804 5511 Deum,
1853 5457 1904 5502 et
1942 5447 2079 5502 Deus
2129 5457 2247 5502 erat

681 5535 914 5594 Verbum
949 5555 961 5592 :
1001 5537 1181 5592 omnia
1209 5551 1303 5606 per
1338 5537 1510 5606 ipsum
1537 5535 1682 5592 facta
1717 5547 1861 5602 sunt,
1890 5547 1944 5593 et
1979 5539 2095 5595 sine
2129 5539 2246 5608 ipso

679 5629 876 5684 factum
904 5637 989 5682 est
1018 5626 1146 5681 nihil
1175 5626 1258 5679 "1'
1288 5645 1306 5679 ο
1346 5624 1500 5695 Quod
1525 5627 1566 5682 si
1593 5628 1771 5686 omnia
1809 5643 1905 5701 per
1936 5630 2130 5701 ipsum,
2155 5631 2243 5700 qni

747 5766 790 5796 "
818 5763 917 5818 lsa.
951 5777 1065 5828 Llll,
1103 5760 1156 5817 8.
1232 5762 1452 5819 "Joan.
1487 5763 1672 5828 1,1-5.

2351 4627 2488 4688 ὅλως
2514 4622 2752 4694 ἀμαθίας
2786 4623 2865 4684 είς
2895 4617 3051 4673 τοῦτο
3083 4613 3418 4670 κατώλισθεν
3445 4610 3684 4672 ὶννοιῶν,
3709 4609 3789 4669 ὠς
3824 4610 3951 4660 οἴε-

2355 4715 2481 4770 σθαί
2512 4732 2572 4768 τε
2615 4714 2708 4767 καὶ
2739 4713 2920 4781 λέγειν
2965 4710 3065 4781 τὴν
3093 4709 3322 4778 θεότητα
3356 4704 3450 4758 τοῦ
3488 4701 3848 4770 Μονογενοῦς
3887 4705 3951 4755 οὺ

2356 4807 2684 4879 προαιώνιον
2717 4806 2862 4876 ἔχειν
2892 4805 2992 4874 τὴν
3020 4801 3255 4872 ὓπαρξιν
3289 4801 3351 4852 ὲκ
3382 4796 3614 4869 Πατρὸς,
3661 4794 3854 4865 ἀρχὴν
3895 4797 3957 4848 δὲ

2360 4897 2562 4969 μᾶλλον
2588 4897 2685 4966 τῆς
2716 4898 2796 4960 είς
2839 4893 2898 4947 τδ
2925 4892 3064 4947 εἶναι
3085 4887 3318 4960 παρόδου
3346 4889 3525 4959 σάρκα
3552 4904 3610 4940 τε
3651 4887 3747 4938 καὶ
3793 4881 3957 4956 αἷμα

2357 4989 2571 5053 λαὸεἶνς
2616 4988 2711 5051 Τίς
2750 4986 2921 5047 οὕτως
2968 4983 3355 5054 έμὸρόντητος,
3408 4981 3500 5032 καὶ
3541 4977 3958 5049 ὀλιγογνώμων

2355 5083 2491 5145 ἐστὶ,
2527 5082 2621 5135 καὶ
2648 5080 2757 5133 τῶν
2789 5079 2946 5150 ίερῶν
2974 5075 3323 5146 Γραμμάτων
3353 5074 3579 5142 ἀνήκοος
3609 5071 3919 5135 παντελῶς
3945 5090 3961 5132 ;

2355 5174 2449 5236 Τίς
2481 5174 2542 5226 οὐ
2565 5171 2927 5242 διαμέμνηται
2966 5166 3382 5235 διακεκραγότος
3413 5163 3511 5232 μὶν
3544 5162 3776 5215 Ἠσαίου
3819 5183 3896 5218 πε
3909 5167 3962 5236 pi.

2355 5263 2550 5316 αὐτοῦ’
2583 5281 2599 5312 ι
2633 5260 2742 5330 Τὴν
2768 5259 2962 5328 γενεάν
2991 5255 3154 5312 αὑτοῦ
3182 5257 3264 5318 τίς
3293 5255 3639 5324 διηγήσεται;
3673 5272 3688 5302 ι
3721 5252 3964 5325 Γεγρα..

2357 5351 2591 5422 φότοςδὲ
2631 5351 2725 5404 καὶ
2770 5351 3018 5404 Ἰωάννου
3054 5346 3272 5415 σαφῶς·
3315 5366 3330 5395 ι
3375 5345 3462 5396 Ἐν
3501 5344 3641 5413 ἀρχῇ
3671 5335 3741 5411 ῆν
3775 5345 3812 5396 6
3855 5349 3966 5399 Λὸο

2353 5460 2468 5511 γος,
2505 5443 2598 5496 καὶ
2636 5444 2664 5495 6
2711 5442 2881 5510 Λόγος
2905 5435 2972 5510 ἧν
3022 5438 3154 5509 πρὸς
3189 5436 3278 5488 τὸν
3306 5436 3457 5498 Θεὸν,
3505 5434 3599 5486 καὶ
3633 5431 3776 5497 Θεὸς
3819 5431 3900 5506 ἦν
3937 5441 3966 5491 .5

2355 5536 2559 5602 Λόγος·
2601 5533 2778 5586 πάντα
2820 5531 2885 5584 δι’
2926 5529 3088 5583 αὑτοῦ
3130 5529 3362 5596 ἐγένετο,
3406 5525 3498 5577 καὶ
3549 5523 3719 5594 χωρὶς
3771 5529 3964 5581 αὑτοῦ

2354 5627 2573 5695 ἐγένετο
2599 5626 2717 5681 οὐδὲ
2746 5624 2838 5692 ἓν;
2863 5642 2880 5676 ι
2918 5623 3027 5680 Καὶ
3074 5623 3120 5675 εί
3151 5619 3325 5674 πάντα
3353 5616 3416 5670 δι’
3458 5615 3643 5686 αὑτοῦ,
3674 5613 3809 5684 πῶς
3846 5622 3964 5676 τῶν
