4072 6346
201 383 265 437 5Ἱ
1328 382 1701 442 ADVERSUS
1740 384 2142 444 NESTORIUM
2185 389 2310 445 LIB.
2357 389 2419 444 ll.
3392 384 3459 438 58

201 504 265 557 δι’
312 501 475 557 αὑτοῦ
526 504 829 572 γεγονότων
874 505 1286 576 ὀψιγενέστερος
1333 509 1420 578 εἴη
1467 511 1532 561 ἂν
1586 509 1615 560 ὀ
1661 508 1768 577 πρὸ

1876 508 1985 563 fieri
2024 518 2199 579 potest
2231 520 2288 565 nt
2337 512 2499 567 rebus
2531 524 2626 579 per
2658 509 2832 579 ipsum
2882 504 3040 561 factis
3075 503 3144 558 sit
3191 512 3317 556 natu
3366 517 3460 573 po-

201 595 398 658 παντὸς
427 595 640 659 αίῶνος,
668 597 759 649 καὶ
781 597 988 666 χρόνων
1014 614 1026 661 ;
1061 598 1122 649 Τί
1146 598 1326 650 τοίνυν
1348 599 1408 650 τὸ
1439 600 1604 652 πᾶσιν
1635 601 1769 652 ἀπό-

199 685 414 754 ϐλητον,
451 686 524 748 ὡς
556 687 864 756 εἰρημένον,
896 688 1198 757 είσφέρεις;
1239 687 1451 742 Παῦσαι
1498 707 1768 759 συκοφανο

199 777 305 829 τῶν
326 777 451 840 τοὺς
484 776 552 829 τά
579 776 690 848 [Ῐσ.
723 779 787 830 τὰ
817 777 908 849 σά]
939 779 1160 842 δικαίως
1190 781 1642 851 ὲπαιτιωμένους,
1676 784 1770 835 καὶ

199 868 295 938 τῆς
320 870 375 920 ὲν
399 868 579 931 αύτοζς
600 869 837 939 ἀμαθίας
862 870 1225 937 διαγελῶντας
1263 872 1322 925 τὸ
1360 873 1606 942 μέγεθος.
1643 874 1770 926 Ὀτε

199 959 376 1011 τοίνυν
418 960 591 1023 οὐδεὶς
628 963 656 1014 ὁ
688 961 863 1030 λέγων
908 962 1075 1025 ἐστίν,
1108 962 1183 1025 ὼς
1223 964 1536 1017 ὲπιτέτοκεν
1563 967 1594 1033 ὴ
1617 966 1769 1035 Παρ-

201 1050 350 1113 θένος
377 1054 439 1105 ὲκ
486 1052 585 1122 τῆς
623 1053 758 1115 ίδίας
794 1055 995 1124 σαρκὸς
1024 1054 1122 1123 τὴν
1163 1055 1261 1121 τῆς
1300 1055 1553 1125 θεότητος
1590 1055 1769 1125 φύσιν,

203 1142 277 1210 μὴ
303 1142 569 1195 διατείνου
601 1144 800 1213 μάτην,
829 1143 1123 1211 λογισμοὺς
1145 1146 1274 1214 ἡμῖν
1300 1146 1642 1207 ἀναπλέκων,
1675 1148 1773 1200 οὐκ

200 1230 259 1296 ἐξ
290 1232 522 1301 ἀληθῶν,
577 1234 669 1286 καὶ
721 1233 925 1288 ἅπασιν
976 1236 1426 1306 ὁμολογουμένων
1482 1238 1774 1306 γεγονότας

199 1323 523 1393 λημμάτων.
550 1324 615 1377 Τί
644 1323 700 1377 δέ
734 1342 793 1378 σε
825 1326 887 1378 τὸ
918 1328 1200 1391 πεπεικὸς,
1232 1328 1462 1399 ἀκρατῆ,
1497 1331 1590 1382 καὶ
1627 1330 1773 1381 ἀπύ-

200 1414 368 1467 λωτον
412 1414 554 1468 οὕτω
605 1416 835 1485 χαλάσαι
880 1416 977 1486 τὴν
1032 1418 1278 1484 γλῶτταν
1308 1419 1450 1471 κατά
1497 1420 1606 1471 τῶν
1638 1420 1773 1489 ὀρθὰ

201 1510 419 1578 φρονεῖν
455 1508 937 1574 διεσπουδακότων,
976 1510 1071 1562 καὶ
1102 1511 1303 1573 παντὸς
1338 1511 1431 1564 τοῦ
1477 1511 1772 1582 σεϐομένου

200 1598 335 1652 Θεοῦ
377 1599 485 1672 [ῖσ.
515 1599 668 1671 Θεὸν]
706 1600 955 1671 ἔγκλημα
988 1601 1251 1670 καταχέαι
1302 1602 1471 1655 δεινὸν
1504 1602 1601 1656 καὶ
1630 1619 1771 1671 παγι

199 1693 476 1760 χάλεπονς
520 1693 696 1763 Ἐφης
730 1692 837 1762 γὰρ
872 1691 1034 1747 πάλιν
1066 1695 1151 1747 ἐπ’
1180 1693 1511 1764 Ἐκκλησίας
1542 1713 1554 1724 ·

273 1778 477 1853 [Εἶπον
504 1784 558 1836 δὲ
609 1784 1083 1854 ἠδηπλειστάκις,
1131 1789 1211 1839 ὅτι
1254 1789 1306 1840 ετ
1337 1804 1419 1850 τις
1467 1788 1498 1857 ἢ
1547 1790 1606 1841 ὲν
1648 1787 1776 1856 ὑμῖν

200 1873 581 1944 ἀφελέστερος,
602 1876 655 1927 ετ
678 1892 737 1927 τε
767 1877 826 1929 ὲν
863 1877 1044 1940 ἀλλοις
1072 1880 1203 1940 τισὶ,
1235 1879 1414 1948 χαίρει
1431 1882 1495 1947 τῇ
1524 1874 1616 1930 τοῦ
1648 1877 1778 1930 Θεο-

196 1965 358 2027 τόκος
386 1968 559 2035 φωνῇ,
591 1966 715 2035 ἐμοὶ
755 1967 891 2036 πρὸς
935 1967 1032 2037 τὴν
1061 1968 1243 2039 φωνὴν
1276 1969 1469 2037 φθόνος
1491 1969 1591 2021 οὐκ
1627 1970 1774 2022 ἐστι’

199 2057 361 2125 μόνον
394 2057 468 2128 μὴ
501 2058 723 2112 ποιείτω
757 2060 855 2129 τὴν
888 2062 1165 2132 Παρθένον
1199 2061 1373 2132 θεάν.]

803 2173 1056 2227 ΚΕΦΑΛ.
1100 2176 1155 2227 ι’.

268 2282 437 2336 Πάλιν
465 2285 595 2354 ἡμῖν
619 2284 944 2357 διαλοιδορῇ,
978 2288 1073 2341 καὶ
1104 2288 1299 2358 πικρὸν
1335 2288 1506 2351 οὕτως
1539 2288 1775 2359 ἐπιθήσῃ

198 2373 309 2447 [τον.
347 2374 647 2447 ὲπιθήγεις]
687 2376 880 2447 στόμα,
914 2379 1194 2443 ὀνειδίζεις
1231 2379 1287 2432 δὲ
1325 2380 1422 2451 τὴν
1450 2368 1777 2450 Συναγωγὴν

198 2468 427 2539 Κυρίου,
478 2469 619 2522 κατὰ
661 2470 722 2522 τὸ
771 2472 1195 2542 γεγραμμένον;
1243 2472 1383 2524 Ἀλλ’
1414 2473 1572 2542 ἡμεῖς
1618 2488 1702 2540 γε.
1731 2467 1776 2526 ὦ

197 2559 336 2624 ’τᾶν,
364 2561 414 2612 οί
439 2560 699 2614 Θεοτόκον
732 2561 981 2630 λέγοντες
1005 2564 1177 2632 αὐτήν
1197 2579 1209 2592 °
1234 2561 1699 2633 τεθεοποιήκαμεν
1721 2563 1775 2617 δὲ

195 2651 386 2705 οὐδένα
425 2652 643 2705 πώποτε
684 2653 790 2705 τῶν
823 2654 1120 2707 τελούντων
1165 2656 1222 2707 sv
1271 2655 1562 2726 κτίσμασι’
1596 2672 1777 2725 κατει-

196 2744 433 2813 θίσμεθα
474 2745 529 2798 δὲ
564 2746 694 2799 Θεὸν
748 2746 946 2799 εἰδέναι
1004 2746 1095 2799 τὸν
1157 2746 1277 2811 ἕνα,
1322 2748 1419 2801 καὶ
1461 2748 1645 2817 φύσει,
1682 2751 1776 2804 καὶ

195 2836 445 2906 ἀληθῶς·
504 2836 663 2905 ίσμεν
711 2837 766 2890 δὲ
796 2837 1081 2907 ἄνθρωπον
1130 2834 1294 2893 οὖσαν
1344 2840 1465 2893 καθ’
1504 2841 1647 2912 ἡμᾶς
1677 2841 1775 2909 τὴν

200 2927 478 2998 μακαρίαν
510 2928 807 2999 Παρθένον.
851 2929 1064 3003 Ἀλὼσῃ
1090 2932 1147 2984 δὲ
1170 2933 1263 2986 καὶ
1292 2932 1393 2985 οὐκ
1421 2933 1498 2995 εἰς
1535 2934 1774 3003 μακρὰν,

195 3018 480 3090 ἄνθρωπον
511 3022 640 3091 ἡμῖν
673 3022 941 3094 θεοφόρον
976 3023 1293 3092 ἀποφαίνων
1334 3024 1495 3087 αὐτὸς
1518 3024 1607 3076 τὸν
1645 3025 1775 3094 Ἐμ-

201 3111 467 3181 μανουὴλ,
497 3112 591 3164 καὶ
616 3112 725 3165 τῶν
761 3112 869 3166 σῶν
891 3115 1339 3185 ἐπιχειρημάτων
1368 3114 1466 3184 τὴν
1504 3116 1776 3186 κατάρρηο

199 3219 285 3257 σιν
312 3202 573 3267 ἐπιτιθεὶς
603 3203 799 3273 ἑτέρῳ.

453 3432 835 3519 ΤΟΜΟΣ
916 3431 1509 3520 ΔΕΥΤΕΡΟΣ.

282 3596 350 3653 Ἦ
381 3597 603 3667 γλῶσσα
641 3598 738 3669 μὲν
765 3596 897 3669 πῦρ,
918 3599 1012 3652 καὶ
1037 3598 1413 3667 ἀκατάσχετόν
1441 3599 1556 3650 ἐστι
1586 3599 1776 3664 κακὸν,

199 3690 347 3745 καθά
396 3690 707 3761 γέγραπται
728 3707 741 3722 ·
774 3691 899 3744 τάδε
933 3690 1184 3743 ἐντεῦθεν
1210 3689 1382 3760 βλάϐη
1420 3690 1779 3762 διωθούμενος

198 3785 228 3836 ὁ
258 3779 543 3844 θεσπέσιος
566 3780 757 3850 ψάλλει
786 3780 951 3835 Δαϐίδ
971 3798 983 3810 ·
1012 3801 1029 3835 r
1054 3780 1183 3849 Θοῦ,
1204 3779 1398 3852 Κύριε,
1429 3781 1673 3853 φυλακὴν
1701 3780 1779 3853 τῷ

201 3871 434 3943 στόματί
464 3888 588 3941 μου,
609 3874 704 3926 καὶ
737 3872 905 3944 θύραν
932 3874 1193 3945 περιοχῆς
1214 3876 1342 3944 περὶ
1365 3873 1433 3926 τὰ
1458 3873 1608 3945 χείλη
1642 3890 1746 3943 μου
1763 3889 1777 3904 ·

203 3963 281 4034 μὴ
312 3962 566 4033 ἐκκλίνῃς
600 3964 699 4032 τὴν
730 3963 962 4034 καρδίαν
994 3980 1094 4034 μου
1133 3964 1213 4027 είς
1254 3963 1446 4032 λόγους
1491 3962 1777 4034 πονηρίας,

200 4052 295 4107 τοῦ
323 4051 755 4122 προφασίζεσθαι
781 4053 1087 4123 προφάσεις
1110 4055 1168 4105 ὲν
1198 4054 1515 4124 ἁμαρτίαις.
1535 4072 1553 4105 ι
1580 4052 1652 4106 Τὸ
1682 4053 1780 4123 μὲν

199 4145 311 4215 γὰρ
337 4144 623 4215 εὐστομεῖν
651 4143 932 4208 δύνασθαι,
968 4143 1059 4196 καὶ
1089 4144 1290 4216 ἀκριϐῆ
1324 4143 1422 4214 τὴν
1457 4144 1780 4215 ὲπιτήρησιν

199 4239 293 4290 ἐπὶ
326 4235 574 4304 γλώττης
603 4237 767 4307 ἔχειν,
806 4228 880 4287 ὧν
929 4234 995 4288 ἂν
1030 4234 1197 4307 δεήσῃ
1228 4234 1428 4303 λέγειν,
1462 4236 1493 4306 ἢ
1528 4236 1625 4305 μὴ,
1658 4235 1779 4288 θεόσ-

198 4326 352 4379 δοτον
380 4324 596 4395 ἀληθῶς
614 4326 698 4395 εῐη
731 4325 825 4378 ἄν’
862 4324 957 4377 καὶ
982 4323 1042 4375 τὸ
1065 4323 1256 4394 χρῆμά
1285 4326 1431 4376 ἐστιν
1464 4324 1564 4377 οὐκ
1594 4325 1654 4377 ὲν
1689 4340 1781 4394 μι-

200 4415 321 4487 κρῷ
355 4416 519 4489 λόγῳ,
570 4418 721 4488 παρά
753 4434 817 4484 γε
871 4418 985 4479 τοῖς
1039 4415 1139 4468 οὐκ
1183 4414 1538 4483 ἀθαύμαστον
1586 4415 1779 4487 ἐπιτη-

1873 601 2089 663 sterior,
2122 602 2213 671 qui
2251 612 2376 656 ante
2404 602 2587 657 omnia
2622 601 2818 655 saecula
2866 608 2921 652 et
2955 608 3196 666 tempora
3231 608 3459 663 praeces-

1874 691 1978 745 sit?
2007 691 2143 757 Quid
2173 694 2339 763 igitur
2359 692 2500 762 quod
2532 694 2599 746 ab
2621 691 2874 744 omnibus
2894 685 3165 754 rejicitur,
3200 695 3456 750 tanquam

1873 782 1943 835 sit
1975 784 2174 837 dictum
2207 785 2429 840 defers?
2464 783 2660 837 Desine
2710 795 2806 834 eos
2836 776 3158 833 calumniari
3204 774 3295 843 qui
3334 772 3457 842 jure

1875 880 1962 924 tua
1987 882 2262 938 accusant,
2287 884 2341 928 et
2370 888 2619 942 magnam
2654 872 2705 924 in
2746 870 2850 924 illis
2880 867 3166 923 stultitiam
3199 865 3447 918 irrident.

1873 964 2005 1018 Cum
2055 966 2232 1034 itaque
2276 981 2436 1020 nemo
2470 968 2540 1020 sit
2579 965 2668 1032 qui
2703 962 2868 1025 dicat,
2912 962 3123 1015 beatam
3174 954 3448 1024 Virginem

1874 1071 1937 1109 ex
1990 1072 2087 1112 sua
2134 1073 2297 1112 carne
2344 1057 2643 1113 divinitatis
2689 1064 2936 1108 naturam
2990 1048 3301 1119 peperisse,
3349 1045 3457 1101 noli

1875 1146 2074 1204 frustra
2110 1150 2357 1203 laborare
2385 1158 2443 1202 ut
2475 1147 2922 1202 ratiocinationes
2962 1143 3117 1197 nobis
3150 1141 3365 1194 intexas
3393 1152 3459 1192 ex

1876 1242 2333 1309 snppositionibns
2349 1256 2522 1311 neque
2544 1240 2885 1307 veris,neque
2908 1235 3046 1303 apud
3062 1247 3251 1288 omnes
3269 1231 3453 1286 certis.

1876 1335 2007 1400 Qum
2039 1349 2167 1389 vero
2196 1349 2358 1389 causa
2389 1343 2441 1388 te
2477 1332 2714 1400 impulit,
2744 1340 2803 1384 ut
2832 1329 3065 1398 linguam
3104 1326 3238 1379 adeo
3281 1325 3453 1392 impo-

1877 1435 2075 1481 tentem
2102 1435 2156 1481 et
2180 1426 2496 1480 effrenatam
2530 1425 2745 1479 laxares
2777 1423 3036 1477 adversus
3061 1432 3153 1472 eos
3182 1418 3270 1487 qui
3305 1426 3451 1470 recta

1876 1532 2068 1586 sapere
2115 1518 2470 1583 studuissent,
2499 1528 2554 1573 et
2584 1515 2840 1571 omnibus
2877 1513 2970 1567 Dei
3010 1510 3310 1566 cultoribus
3347 1507 3457 1561 cri-

1877 1626 1999 1664 men
2024 1609 2257 1665 inferres
2278 1624 2465 1680 grave,
2494 1618 2548 1663 et
2575 1608 2817 1662 omnium
2845 1600 3294 1659 atrocissimum?
3323 1598 3458 1653 Nam

1878 1718 2067 1758 rursus
2098 1704 2151 1757 in
2185 1700 2429 1759 Ecclesia
2462 1701 2645 1757 dixisti
2679 1717 2693 1755 :

1950 1793 2227 1867 [Νεετοιι.
2263 1794 2377 1849 Dixi
2410 1793 2523 1862 jam
2546 1793 2765 1860 sapius,
2809 1791 2852 1847 si
2887 1790 3009 1859 quis
3035 1786 3179 1842 inter
3204 1799 3300 1840 vos
3332 1782 3463 1839 sim-

1881 1884 2097 1951 plicior,
2166 1884 2283 1938 sive
2342 1884 2487 1937 inter
2525 1895 2879 1951 quoscunque
2939 1880 3076 1935 alios
3155 1891 3287 1931 voce
3337 1875 3461 1937 hac,

1881 1974 1971 2030 Dei
2006 1974 2261 2043 genitrix,
2314 1974 2530 2042 gaudet,
2588 1971 2730 2039 apud
2780 1985 2868 2025 me
2901 1970 3046 2024 nulla
3095 1977 3177 2023 est
3211 1968 3277 2021 de
3332 1978 3465 2021 voce

1879 2066 2187 2123 dissensio:
2218 2076 2437 2121 tantum
2472 2079 2539 2120 ne
2564 2060 2841 2132 Virginem
2877 2060 3034 2116 deam
3100 2054 3322 2121 faciat.)
3404 2128 3407 2131 γ

2555 2174 2710 2231 CAP.
2736 2173 2806 2229 Χ.

1953 2290 2161 2346 Rursus
2220 2290 2380 2345 nobis
2434 2289 2781 2353 conviciaris,
2829 2299 2886 2344 et
2945 2287 3341 2342 amarulentum
3398 2301 3462 2342 os

1879 2382 2079 2451 infigis,
2122 2380 2423 2447 exprobras
2453 2383 2619 2436 etiam
2662 2380 2919 2436 Ecclesia
2952 2380 3188 2444 Domini,
3237 2389 3293 2434 ut
3324 2380 3463 2434 scri-

1879 2483 2025 2543 ptum
2055 2481 2140 2528 est
2171 2473 2259 2526 "1’
2291 2472 2489 2529 Verum
2552 2487 2672 2537 nos,
2710 2488 2743 2527 o
2774 2472 2858 2526 vir
2881 2473 3119 2541 egregie,
3171 2473 3262 2541 qui
3314 2472 3462 2525 illam

1880 2566 1973 2621 Dei
2008 2566 2328 2637 genitricem
2353 2566 2606 2629 dicimus,
2639 2568 2907 2621 neminem
2936 2579 3174 2631 unquam
3206 2564 3295 2633 qui
3322 2564 3464 2618 inter

1876 2669 2159 2713 creaturas
2192 2669 2528 2723 censeretur,
2574 2658 2740 2712 Deum
2779 2654 3049 2715 fecimus;
3103 2662 3265 2722 atque
3320 2652 3463 2709 hunc

1878 2766 2083 2805 morem
2136 2761 2401 2816 tenemus,
2451 2761 2511 2804 ut
2568 2750 2736 2803 Deum
2796 2748 3036 2802 sciamus
3110 2748 3258 2800 illum
3295 2763 3461 2800 unum

1878 2854 1931 2899 et
1994 2853 2190 2897 natura
2234 2851 2291 2898 et
2343 2857 2471 2898 vere
2507 2841 2676 2897 Deum
2714 2859 2727 2894 :
2759 2843 2965 2895 scimus
3027 2841 3194 2894 etiam
3250 2839 3460 2894 beatam

1879 2935 2022 2990 illam
2080 2935 2355 3006 Virginem
2412 2935 2685 2990 hominem
2735 2933 2900 2989 fuisse
2968 2932 3137 2986 nostri
3200 2932 3457 2986 similem.

1880 3026 1986 3083 Sed
2025 3027 2137 3096 ipse
2164 3042 2261 3082 nec
2291 3027 2461 3081 multo
2488 3036 2615 3096 post
2656 3024 3080 3094 deprehenderis
3128 3024 3305 3093 ipsum
3340 3021 3464 3075 Ent-

1881 3115 2180 3170 manuelem
2237 3116 2513 3172 hominem
2584 3115 2740 3170 nobis
2796 3114 3070 3169 Deiferom
3148 3113 3467 3181 praedicare,

1805 3198 1848 3254 C
1885 3217 2207 3275 tuorumque
2258 3218 2706 3276 argumentorum
2751 3205 3255 3260 condemnationem
3310 3199 3469 3257 alteri

1883 3296 2140 3352 tribuere.

2092 3445 2501 3538 TOMUS
2571 3444 3242 3536 SECUNDUS.

1953 3598 2267 3668 Estlingua,
2301 3596 2445 3651 sicut
2480 3595 2740 3664 scriptum
2778 3605 2859 3649 est
2887 3596 2953 3659 ",
2992 3595 3149 3663 ignis,
3201 3603 3255 3648 et
3304 3594 3469 3650 effre-

1880 3697 2065 3742 natum
2114 3686 2334 3751 malum,
2384 3684 2541 3752 cujus
2570 3697 2630 3739 ut
2680 3686 3020 3740 incommoda
3052 3687 3249 3741 vitaret
3283 3687 3469 3755 psallit

1880 3780 2070 3835 beatus
2098 3778 2263 3833 David
2297 3796 2310 3831 :
2349 3795 2368 3830 ε
2400 3777 2567 3843 Pone,
2596 3778 2841 3843 Domine,
2861 3780 3161 3832 custodiam
3199 3779 3279 3833 ori
3324 3793 3467 3846 meo,

1881 3880 1935 3926 et
1964 3871 2161 3927 ostium
2193 3869 2623 3925 circumstantia:
2668 3869 2824 3924 labiis
2857 3870 2995 3924 meis
3034 3888 3047 3924 :
3083 3885 3187 3923 non
3229 3872 3468 3927 declines

1881 3978 1978 4018 cor
2021 3977 2198 4016 meum
2230 3963 2283 4015 in
2327 3962 2492 4017 verba
2528 3962 2771 4029 malitiae,
2825 3963 2892 4015 ad
2929 3964 3271 4017 excusandas
3301 3978 3470 4017 excu-

1881 4055 2122 4111 sationes
2152 4053 2203 4107 in
2230 4054 2468 4123 peccatis
2500 4053 2568 4108 ".
2604 4071 2625 4106 ι
2664 4050 2798 4107 Nam
2833 4066 2985 4108 recte
3009 4055 3121 4108 oris
3153 4053 3330 4109 cilicio
3365 4055 3466 4121 uti,

1880 4155 1933 4201 et
1961 4145 2202 4215 diligenti
2245 4148 2498 4199 cautione
2536 4145 2809 4199 moderari
2836 4144 3076 4215 linguam
3124 4148 3467 4201 observando

1880 4236 2008 4306 quid
2040 4234 2325 4288 dicendum
2372 4233 2466 4297 sit,
2514 4233 2624 4304 30
2660 4234 2790 4303 quid
2824 4235 3182 4298 reticendum,
3220 4235 3465 4289 divinqu

1880 4326 2037 4396 plane
2091 4339 2284 4378 munus
2308 4334 2415 4386 est,
2467 4334 2521 4379 et
2574 4340 2662 4378 res
2723 4326 2864 4378 haud
2907 4325 3344 4395 parvipendenda
3400 4326 3466 4380 iis

1878 4427 2029 4472 certe
2073 4417 2163 4485 qui
2215 4432 2337 4470 cum
2389 4415 2548 4470 laude
2617 4416 2785 4469 vitam
2837 4416 3035 4472 ducere
3101 4418 3324 4472 student
3364 4439 3375 4472 :
3410 4427 3465 4473 ut

197 4509 416 4563 δεύουσι
450 4508 746 4563 πολιτείαν.
763 4508 836 4561 Τό
866 4525 927 4576 γε
954 4506 1060 4578 μὴν
1086 4504 1320 4577 προαλὲς
1338 4505 1417 4569 είς
1438 4504 1659 4574 λόγους,
1682 4506 1774 4561 καὶ

1880 4518 2088 4571 contra,
2116 4506 2202 4560 illa
2235 4520 2477 4577 praeceps
2506 4508 2558 4561 in
2589 4506 2861 4576 loquendo
2886 4510 3190 4568 temeritas.
3228 4518 3283 4562 et
3306 4506 3465 4563 etfre-

198 4602 263 4655 τδ
291 4601 541 4671 ἀχάλινον
566 4601 645 4663 είς
670 4599 978 4671 τερθρείας,
1014 4597 1258 4651 κινδύνου
1298 4596 1518 4668 μεστὸν,
1550 4596 1646 4650 καὶ
1693 4597 1775 4659 είς

200 4692 477 4764 πέταυρον
514 4692 639 4763 ᾅδου
673 4691 783 4760 (10)
818 4689 1179 4759 κατακομίζει
1210 4688 1338 4751 τοὺς
1374 4687 1771 4758 κεχρημένους.

202 4784 517 4855 Γέγραπται
543 4784 619 4843 δὲ,
646 4783 728 4836 ὅτι
756 4783 1004 4846 θάνατος,
1040 4782 1134 4835 καὶ
1178 4780 1290 4851 ζωὴ
1322 4781 1379 4833 ὲν
1414 4783 1558 4853 χειρὶ
1598 4781 1774 4849 γλώσ-

200 4890 338 4944 σης·
364 4876 414 4927 οί
446 4874 500 4927 δὲ
537 4872 863 4945 κρατοῦντες
894 4870 1081 4940 αὐτῆς,
1118 4869 1323 4925 ἔδονται
1363 4872 1490 4934 τοὺς
1532 4874 1775 4945 καρποὺς

200 4964 395 5035 αὐτῆς.
426 4964 867 5037 Προσπεφώνηκε
915 4964 971 5017 δὲ
1004 4964 1099 5016 καὶ
1132 4963 1317 5036 ἕτερός
1362 4980 1446 5024 τις
1487 4966 1618 5035 ἡμῖν
1662 4963 1772 5019 τῶν

200 5055 421 5124 σοφῶν·
466 5076 483 5109 t
520 5057 584 5110 Εί
616 5054 713 5126 μὲν
746 5054 860 5108 ἐστι
910 5072 993 5108 σοι
1035 5054 1192 5122 λόγος
1222 5055 1510 5120 συνέσεως,
1545 5058 1775 5129 ἀποκρί-

198 5147 355 5215 θητι·
392 5150 440 5201 εἰ
485 5148 541 5201 δὲ
578 5147 674 5217 μὴ,
722 5146 843 5217 χεὶρ
892 5146 1033 5200 ἔστω
1062 5147 1155 5199 ἐπὶ
1186 5130 1273 5217 ’τῷ
1321 5148 1547 5216 στόματί
1598 5166 1711 5204 σου.
1748 5168 1766 5200 ι

212 5235 484 5304 Ἀμαθοῦς
530 5236 638 5307 γὰρ
693 5236 850 5303 λόγου
889 5235 1002 5300 πῶς
1040 5236 1141 5289 οὐκ
1183 5236 1424 5308 ἀμείνων
1472 5238 1505 5307 ή
1555 5241 1771 5310 simul];

1881 4612 2037 4654 natus
2062 4601 2128 4653 ad
2171 4613 2341 4669 nugas
2399 4597 2753 4653 effundendas
2808 4600 3042 4667 impetus
3085 4598 3329 4667 periculo
3360 4612 3464 4654 non

1880 4701 2053 4755 caret,
2079 4700 2135 4744 et
2174 4691 2225 4743 in
2284 4691 2645 4760 praecipitium
2700 4688 2897 4745 inferni
2943 4691 3185 4743 homines
3222 4706 3286 4744 eo
3313 4706 3463 4747 more

1880 4783 2132 4853 praeditos
2179 4782 2377 4839 defert.
2433 4782 2707 4851 Scriptum
2750 4793 2832 4837 est
2880 4783 3067 4845 etiam,
3120 4793 3351 4837 mortem
3399 4798 3464 4839 ac

1878 4878 2045 4930 vitam
2077 4889 2196 4931 esse
2232 4876 2283 4929 in
2318 4891 2480 4929 manu
2526 4875 2742 4943 linguae,
2781 4887 2837 4929 et
2879 4876 2970 4943 qui
3002 4875 3144 4929 illam
3180 4877 3460 4941 cohibent,

1880 4968 2041 5022 edere
2072 4966 2279 5021 fructus
2308 4970 2428 5037 ejus
2454 4968 2522 5020 "'.
2554 4967 2705 5021 Alius
2729 4968 2895 5021 etiam
2927 4969 3151 5035 sapiens
3180 4982 3280 5020 nos
3329 4968 3463 5021 alios

1880 5066 2034 5110 cutus
2071 5066 2193 5109 est:
2249 5075 2267 5108 ‹
2311 5056 2365 5111 Si
2403 5072 2589 5111 revera
2627 5066 2710 5112 est
2752 5058 2847 5112 tibi
2896 5073 3078 5113 sermo
3137 5059 3457 5126 prudentiae,

1882 5153 2187 5218 responde:
2221 5152 2303 5204 sin
2355 5152 2551 5214 minus,
2599 5161 2791 5203 manus
2825 5150 2895 5204 sit
2925 5150 2988 5203 ad
3040 5164 3103 5204 os
3154 5151 3391 5204 tuum".
3435 5170 3453 5203 ι

1880 5240 2014 5295 Nam
2066 5244 2230 5296 Stulto
2271 5241 2508 5295 sermoni
2565 5240 2957 5311 praeferendum
3014 5254 3138 5295 esse
3182 5241 3459 5295 silentium

273 5415 316 5444 ⁷⁸
347 5412 359 5464 1
393 5413 523 5483 Reg.
556 5429 689 5477 svu,
723 5413 808 5469 45.
887 5410 1068 5468 "Jac.
1102 5427 1183 5480 ut,
1216 5413 1337 5470 5-8.
1418 5412 1462 5447 ”
1486 5415 1629 5471 Psal.
1659 5433 1781 5483 ch,
1811 5420 1865 5485 5,
1896 5420 1947 5473 i.
2025 5419 2071 5452 ⁷⁸
2098 5418 2256 5475 Prov.
2298 5433 2452 5486 xvm,
2486 5421 2580 5477 2i.
2657 5422 2703 5453 "
2732 5419 2899 5476 Eccli.
2934 5435 2983 5484 ν,
3015 5422 3102 5473 H.

1464 5572 1623 5631 ANT.
1665 5575 1938 5633 AGELLII
1976 5577 2209 5635 NOTAE.

275 5731 386 5807 (l0)
412 5728 798 5807 itt_Pererl)ii_s
826 5728 1031 5807 esthoc
1055 5743 1245 5786 nomen
1275 5730 1506 5801 positum
1532 5745 1651 5801 cap.
1712 5746 1785 5800 tr,
1828 5748 1966 5791 vers.
2014 5734 2099 5800 18,
2128 5734 2215 5791 ubi
2241 5734 2429 5791 Latina
2461 5736 2838 5807 interpretatio
2872 5737 3032 5795 habet
3064 5754 3077 5792 :
3120 5734 3181 5791 Et
3226 5738 3281 5790 in
3317 5753 3443 5804 pru-

202 5804 380 5857 t‘uudt’s
407 5802 599 5865 inferni
629 5802 855 5853 conviva;
889 5800 1018 5866 ejus.
