4072 6346
625 404 693 461 59
1599 402 1658 459 S.
1696 401 1966 457 CYRILLI
2010 404 2481 461 ALEXANDRINI
2522 406 2840 461 AHCillEP.
3789 405 3855 459 60

623 517 708 571 cui
751 514 822 572 sit
871 514 1145 571 dubium?
1194 514 1299 573 Res
1351 520 1678 573 exsecranda
1741 522 2007 591 pmcipue
2042 538 2188 577 acer-

2304 525 2610 597 Ἐπάρατον
2639 526 2696 579 δὲ
2723 527 2817 579 καὶ
2841 524 3041 597 ἑτέρως
3068 524 3131 577 τὸ
3163 525 3392 595 πικροὺς
3421 524 3739 594 ὲρεύγεσθαι
3776 526 3856 579 λό-

624 608 843 662 bitatem
871 607 1156 661 verborum
1212 618 1483 674 eructare,
1527 618 1583 664 et
1621 609 1843 678 impium
1890 627 2191 668 sermonem

623 697 885 749 adversus
914 694 1235 750 ineﬂ'ahilem
1272 696 1413 750 illam
1459 698 1680 768 gloriam
1712 699 2006 765 effundere,
2031 718 2191 772 quam

624 784 898 855 perpetuis
926 799 955 838 a
1015 786 1168 841 nobis
1206 786 1463 841 celebrari
1512 788 1764 845 laudibus
1811 808 2019 860 aequum
2054 803 2190 849 erat.

624 873 921 930 Peccautes
983 886 1160 930 autem
1187 877 1239 930 in
1294 876 1510 945 fratres,
1554 890 1608 933 et
1637 882 1997 949 percutientes
2045 884 2194 938 intir-

628 980 768 1019 mam
799 981 983 1021 eorum
1035 969 1439 1035 conscientiam,
1483 971 1536 1025 in
1567 972 1836 1026 Christum
1884 990 2189 1044 peccamus.

624 1056 719 1111 Sic
750 1073 980 1126 namque
1009 1056 1197 1113 beatus
1222 1058 1420 1115 Paulus
1462 1062 1678 1131 scripsit
1707 1064 1773 1116 ”.
1807 1066 1955 1130 Quod
1988 1066 2191 1122 idcirco

625 1149 769 1213 dico,
797 1150 921 1217 quia
940 1150 990 1202 in
1016 1150 1272 1217 quosdam
1309 1151 1471 1206 incidi
1499 1153 1728 1208 Nestorii
1752 1170 2029 1212 sermones
2050 1197 2064 1220 ,
2095 1173 2192 1212 nec

623 1241 995 1294 tantummodo
1026 1239 1171 1294 illum
1203 1256 1399 1311 negare
1452 1242 1608 1298 video
1666 1245 1942 1300 dicendam
1973 1263 2002 1300 a
2037 1249 2191 1303 uobis

624 1329 1034 1384 sanctamillam
1066 1332 1340 1400 Virginem
1372 1348 1490 1389 esse
1514 1333 1606 1389 Dei
1640 1346 1957 1401 matrem,et
1982 1339 2193 1394 Emma-

626 1418 837 1473 nuelem
896 1421 1169 1489 peperisse
1224 1423 1314 1491 qui
1351 1422 1489 1478 Deus
1522 1436 1663 1491 erat,
1692 1428 1785 1481 sed
1819 1428 1939 1483 aliis
1977 1444 2192 1501 quoque

624 1509 800 1563 modis
849 1510 1048 1566 Christi
1114 1511 1297 1581 gloria:
1367 1515 1644 1571 adversari
1714 1521 2018 1575 statuisse:
2067 1538 2189 1577 nam

624 1600 896 1656 Deit‘erum
927 1602 1075 1657 illum
1101 1604 1253 1660 nobis
1285 1614 1517 1660 conatur
1562 1610 1872 1677 ostendere,
1924 1627 2027 1666 non
2064 1628 2190 1667 vcre

626 1687 815 1755 Deum,
873 1691 967 1746 sed
1025 1692 1297 1749 hominem
1354 1696 1532 1765 potius
1592 1713 1713 1753 cum
1771 1700 1879 1754 Deo
1936 1711 2188 1770 tanquam

623 1780 932 1849 mqualitate
963 1782 1239 1852 dignitatis
1294 1785 1661 1853 conjunctum.
1707 1789 1799 1845 Sic
1853 1806 2084 1861 namque
2114 1793 2185 1847 illi

622 1880 679 1924 et
705 1872 920 1941 quidem
949 1873 1047 1927 soli
1075 1875 1234 1929 aliter
1260 1885 1421 1945 atque
1451 1880 1703 1934 omnibus
1732 1881 1853 1936 aliis
1879 1882 2187 1938 hominibus
2221 1869 2262 1925 Β

622 1960 824 2016 sentire
847 1976 911 2017 ac
932 1964 1109 2019 dicere
1127 1966 1319 2035 placet,
1348 1970 1598 2034 quamvis
1630 1972 1897 2026 catholica
1926 1973 2188 2041 Ecclesia,

624 2065 786 2121 quam
832 2052 935 2107 sibi
982 2055 1096 2121 ipse
1124 2054 1375 2112 Christus
1411 2058 1747 2128 exhibuit“,
1782 2077 1939 2134 rugas
1959 2065 2191 2121 hominis

623 2144 714 2212 qui
750 2143 876 2199 talia
911 2147 1258 2216 conscripsit,
1299 2163 1405 2202 non
1448 2149 1665 2217 habeat,
1698 2168 1819 2207 cum
1870 2156 1942 2209 sit
1998 2157 2189 2211 imma-

624 2234 893 2299 culata,et
916 2236 1057 2291 illius
1071 2238 1623 2308 cognitionemomnis
1650 2258 1872 2311 prorsus
1902 2249 2190 2314 reprehen-

622 2322 791 2377 sionis
813 2332 1087 2391 expertem
1111 2335 1308 2389 teneat,
1340 2342 1402 2382 ac
1432 2328 1556 2384 ﬁdei
1601 2333 1946 2389 traditionem
1998 2338 2188 2391 rectis-

623 2413 757 2467 sime
771 2415 1158 2483 composuerit.
1177 2416 1459 2475 Credimus
1483 2436 1712 2492 namque
1740 2424 1791 2478 in
1813 2442 1974 2479 unum
1997 2427 2186 2492 Deum,

622 2502 836 2559 Patrem
870 2507 1313 2577 omnipotentem,
1354 2514 1594 2567 omnium
1639 2516 1925 2570 visibilium
1966 2528 2017 2572 et
2053 2520 2189 2573 invi-

622 2594 856 2649 sibilium
900 2597 1160 2653 factorem
1192 2616 1207 2654 :
1241 2608 1295 2656 et
1346 2602 1399 2655 in
1452 2617 1615 2657 unum
1674 2603 1960 2660 Dominum
2009 2607 2189 2663 .lesum

622 2684 920 2750 Christum,
949 2698 1003 2742 et
1049 2688 1103 2743 in
1150 2689 1407 2759 Spiritum
1450 2703 1695 2748 sanctum
1736 2713 1750 2759 ;
1792 2710 1853 2751 ac
1903 2710 2190 2765 sequentes

622 2786 930 2832 sanctorum
966 2778 1185 2835 Patrum
1232 2782 1626 2841 confessionem
1688 2786 1772 2841 his
1825 2787 2188 2856 subjunctam,

622 2867 796 2937 ipsum
820 2868 1054 2926 Verbum
1085 2887 1153 2928 ex
1181 2872 1292 2929 Deo
1313 2874 1476 2931 Patre
1503 2878 1936 2934 substantialiter
1980 2893 2188 2947 natum,

623 2959 795 3014 nostri
815 2960 1046 3017 similem
1082 2963 1280 3019 factum
1304 2980 1427 3021 esse
1452 2967 1706 3033 dicimus,
1742 2978 1797 3023 et
1828 2970 2189 3037 incarnatum,

621 3061 679 3106 et
711 3051 981 3109 hominem
1010 3052 1236 3120 iactum,
1272 3057 1373 3111 hoc
1401 3067 1504 3125 est,
1541 3059 1643 3115 sibi
1670 3076 1867 3130 corpus
1892 3066 2189 3133 sumpsisse

2294 633 2445 684 γους,
2482 618 2574 669 καὶ
2600 618 2700 687 τῆς
2732 618 3042 691 ἀπορρήτου
3078 616 3235 687 δόξης
3262 615 3524 685 καταχέαι
3546 616 3727 683 φωνὰς
3756 617 3855 679 τὰς

2294 707 2635 777 ἀλιτηρίους·
2686 707 2862 761 καίτοι
2903 706 3020 761 δέον
3061 707 3459 777 ἀκαταλήκτοις
3488 706 3655 775 αὐτὴν
3690 707 3855 777 εὐφη-

2297 799 2448 867 μίαις
2493 798 2989 869 καταγεραίρεσθαι
3038 798 3174 869 πρὸς
3212 787 3390 868 ήμῶν.
3427 797 3855 868 Ἀμαρτάνοντες

2291 890 2347 944 δὲ
2375 892 2453 954 είς
2491 893 2617 955 τοὺς
2649 891 2931 959 ἀδελφοὺς,
2967 890 3061 943 καὶ
3084 889 3376 953 τύπτοντες
3405 888 3733 943 ἀσθενοῦσαν
3756 888 3853 958 τήν

2294 980 2613 1049 συνείδησιν,
2656 982 2735 1044 είς
2776 979 3008 1050 Χριστὸν
3039 980 3445 1051 ἁμαρτάνομεν.
3470 979 3717 1049 Γέγραφε
3744 980 3851 1049 γὰρ

2290 1072 2461 1135 οὕτως
2488 1073 2515 1123 6
2543 1073 2830 1134 θεσπέσιος
2854 1071 3083 1135 Παῦλος.
3108 1072 3216 1125 Καὶ
3237 1072 3406 1125 ταῦτά
3427 1088 3589 1141 φημι,
3613 1073 3725 1133 τοῖς
3751 1071 3855 1122 Νε-

2293 1164 2505 1235 στορίου
2551 1163 2729 1231 λόγοις
2784 1161 3190 1233 ὲντετυχηκὼς⁶
3228 1162 3324 1216 καὶ
3374 1162 3434 1214 οὐ
3484 1164 3641 1231 μόνον
3693 1162 3853 1213 αὑτὸν

2290 1256 2677 1323 ἀποφάσκοντα
2702 1254 2911 1325 βλέπων
2938 1255 2999 1307 τὸ
3025 1255 3219 1323 χρῆναι
3248 1253 3425 1321 λέγειν
3455 1255 3621 1323 ήμᾶς,
3644 1253 3717 1315 ὡς
3738 1252 3854 1305 ἐστι

2295 1346 2393 1416 μὲν
2432 1347 2694 1408 Θεοτόκος
2721 1347 2753 1413 ή
2803 1345 2933 1414 ἀγία
2980 1345 3275 1415 Παρθένος,
3326 1344 3583 1396 ὲκτέτοκε
3620 1344 3677 1396 δὲ
3720 1342 3852 1395 Θεὸν

2289 1435 2417 1489 ὄντα
2460 1437 2550 1489 τὸν
2606 1434 2951 1505 Ἐμμανουήλ
2975 1472 2991 1499 ,
3043 1434 3179 1487 ἀλλά
3229 1434 3337 1504 γὰρ
3377 1432 3457 1485 ἔτι
3509 1433 3645 1503 πρὸς
3679 1433 3853 1501 τούτῳ

2290 1526 2384 1578 καὶ
2412 1524 2532 1577 καθ’
2563 1526 2787 1596 ἐτέρους
2815 1524 3050 1595 τρόπους
3073 1526 3139 1594 τῇ
3177 1522 3414 1593 Χριστοῦ
3447 1522 3572 1592 δόξῃ
3596 1524 3852 1590 πολεμεῖν

2290 1616 2598 1685 ὲγνωκόταο
2635 1616 2903 1686 Θεοφόρον
2930 1614 3039 1685 γὰρ
3074 1616 3205 1685 ἡμῖν
3253 1614 3416 1667 αὑτὸν
3454 1615 3710 1683 πειρᾶται
3738 1614 3849 1667 δει-

2289 1707 2490 1771 κνύειν,
2516 1708 2609 1761 καὶ
2636 1708 2757 1776 οὐχὶ
2785 1707 2914 1760 Θεὸν
2943 1705 3179 1776 ἀληθῶς,
3201 1704 3485 1775 ἄνθρωπον
3511 1704 3566 1757 δὲ
3588 1704 3706 1775 Θεῷ
3730 1722 3853 1757 συν-

2290 1801 2557 1870 ημμένον,
2580 1798 2655 1861 ὡς
2684 1800 2740 1851 ἐν
2779 1798 2981 1867 ίσότητι
3006 1798 3105 1866 τῆς
3150 1796 3325 1861 ἀξίας.
3354 1795 3509 1850 Οὕτω
3536 1797 3641 1865 γὰρ
3680 1796 3849 1865 αὐτῷ.

2292 1890 2385 1942 καὶ
2414 1889 2576 1959 μόνῳ,
2604 1888 2758 1959 παρά
2790 1889 2996 1949 πάντας
3016 1887 3143 1948 τοὺς
3170 1885 3360 1947 ἄλλους
3386 1885 3533 1938 δοκεῖ
3557 1887 3768 1954 φρονεῖν
3791 1901 3851 1936 τε

2292 1980 2387 2031 καὶ
2411 1979 2617 2045 λέγειν·
2649 1978 2825 2031 καίτοι
2844 1978 2943 2047 τῆς
2972 1975 3266 2046 καθολικῆς
3294 1974 3635 2044 Ἐκκλησίας,
3659 1976 3723 2045 ῆν
3751 1974 3852 2027 αύ-

2289 2069 2378 2131 τὸς
2407 2068 2583 2139 ἐαυτῷ
2618 2068 2963 2139 παρέστησεν
2987 2069 3015 2119 6
3047 2066 3301 2136 Χριστὸς,
3336 2064 3435 2127 τὰς
3461 2065 3555 2118 τοῦ
3584 2064 3651 2117 τά
3676 2065 3853 2118 τοιάδε

2292 2159 2730 2227 συγγεγραφότος
2755 2158 2855 2210 οὐκ
2876 2156 3105 2228 ἐχούσης
3130 2155 3545 2226 ρυτίδας,οὖσης
3570 2156 3625 2209 δὲ
3657 2157 3856 2225 μᾶλλον

2290 2250 2544 2320 ἀμώμου,
2576 2250 2670 2302 καὶ
2708 2246 3111 2317 ἀνεπίπληκτον
3140 2247 3418 2309 παντελῶς
3451 2247 3550 2317 τὴν
3582 2248 3666 2299 ἐπ’
3706 2247 3856 2317 αὑτῷ

2288 2339 2491 2408 γνῶσιν
2522 2336 2772 2408 ἐχούσης,
2809 2337 2903 2390 καὶ
2945 2340 3045 2404 τῆς
3081 2336 3312 2399 πίστεως
3342 2334 3440 2405 τὴν
3468 2333 3760 2403 παράδοσιν
3794 2330 3851 2387 εῦ

2293 2430 2437 2499 μάλα
2480 2428 2875 2498 πεποιημένης.
2918 2426 3255 2497 Πιστεύομεν
3296 2426 3404 2496 γὰρ
3448 2426 3527 2489 είς
3567 2424 3663 2478 Eva.
3698 2424 3851 2490 Θεὸν,

2290 2519 2508 2593 Πατέρα
2534 2519 2968 2589 παντοκράτορα,
3003 2514 3217 2571 πάντων
3244 2516 3451 2587 ὁρατῶν
3484 2532 3541 2567 τε
3565 2516 3656 2568 καὶ
3686 2516 3854 2585 ἀορά-

2288 2604 2397 2662 τὶυν
2423 2609 2653 2679 ποιητήν
2675 2626 2688 2638 ο
2726 2609 2819 2660 καὶ
2850 2609 2930 2670 είς
2970 2606 3068 2659 ἕνα
3103 2604 3306 2675 Κύριον
3351 2602 3556 2675 Ἰησοῦν
3592 2603 3682 2655 τὸν
3716 2604 3854 2672 Χρι-

2292 2701 2445 2753 στόν’
2496 2699 2589 2752 καὶ
2642 2699 2721 2762 είς
2768 2697 2831 2751 τὸ
2873 2696 3095 2767 Πνεῦμα
3137 2696 3200 2749 τὸ
3246 2696 3419 2764 ἅγιον.
3481 2696 3762 2766 Ἐπόμενοι
3794 2695 3854 2748 δὲ

2289 2800 2408 2860 ταῖς
2445 2796 2654 2859 τούτοις
2704 2793 3167 2865 ὲπενηνεγμέναις
3226 2792 3335 2845 τῶν
3373 2792 3543 2861 ἁγίων
3595 2791 3855 2861 Πατέρων

2288 2885 2614 2957 ὁμολογίαις,
2661 2884 2823 2938 αὑτὸν
2854 2884 2943 2937 τὸν
2973 2884 3037 2936 Ex
3066 2882 3161 2934 τοῦ
3202 2879 3335 2933 Θεοῦ
3363 2882 3459 2934 xui
3498 2880 3707 2951 Πατρὸς
3735 2882 3830 2931 οὑ-

2290 2975 2495 3039 σιωδῶς
2528 2975 2700 3043 φύντα
2753 2975 2952 3042 Λόγον,
2984 2973 3104 3026 καθ’
3151 2973 3297 3041 ἡμᾶς
3348 2972 3601 3040 γενέσθαι
3651 2971 3853 3039 φαμὲν,

2292 3064 2639 3135 σαρκωθῆναί
2707 3081 2766 3116 τε
2836 3064 2933 3116 καὶ
3003 3061 3461 3132 ὲνανθρωπῆσαι,
3535 3061 3855 3123 τουτέστιν,

621 3155 686 3196 ex
715 3153 900 3198 sancta
929 3142 1171 3215 Virgine,
1204 3156 1258 3201 et
1285 3163 1441 3203 suum
1498 3149 1626 3205 illud
1661 3150 1856 3207 fecisse
1888 3168 1903 3206 :
1931 3170 2051 3208 nam
2085 3156 2187 3211 boc

2291 3156 2466 3227 ἑαυτῷ
2527 3156 2684 3226 σῶμα
2729 3155 2913 3209 λαϐεῖν
2965 3156 3030 3209 Ex
3080 3157 3177 3225 τῆς
3227 3154 3388 3220 ἁγίας
3439 3152 3718 3222 Παρθένου
3763 3152 3858 3204 καὶ

622 3234 781 3288 modo
821 3233 882 3290 tit
926 3244 985 3290 ut
1024 3252 1151 3293 vere
1183 3254 1322 3295 unus
1353 3241 1424 3296 sit
1456 3239 1714 3297 Dominus
1737 3242 1895 3299 Jesus
1916 3244 2185 3315 Christus,

2294 3216 2621 3300 f5tov'a'5‘tb‘
2649 3245 3009 3314 ποιήσασθαιο
3058 3216 3200 3297 οὕτω
3238 3216 3348 3314 γάρ
3393 3216 3543 3294 ἔσται
3594 3242 3686 3295 καὶ
3724 3242 3853 3311 ἀληυ

624 3323 726 3379 hoc
748 3324 905 3380 modo
929 3326 1076 3381 illum
1100 3336 1157 3381 ut
1190 3345 1351 3384 unum
1393 3330 1759 3397 adorabimus,
1796 3335 1841 3387 si
1877 3349 1983 3389 non
2019 3337 2191 3390 homi-

624 3429 747 3468 nem
780 3430 843 3471 ac
872 3416 1040 3472 Deum
1073 3420 1299 3475 seorsim
1330 3436 1614 3491 ponamus,
1649 3426 1743 3477 sed
1772 3440 1933 3479 unum
1954 3434 2009 3479 et
2047 3441 2194 3480 eum-

621 3508 743 3562 dem
777 3522 900 3562 esse
960 3511 1244 3566 credamus
1289 3510 1342 3565 in
1404 3512 1688 3568 divinitate
1726 3522 1781 3567 et
1836 3516 2190 3581 humanitate,

624 3600 724 3653 hoc
755 3608 859 3663 est,
903 3599 1004 3668 31
1056 3600 1220 3653 Deum
1276 3601 1435 3655 simul
1484 3612 1540 3657 et
1597 3603 1894 3659 hominem.
1947 3608 2019 3659 At
2065 3622 2191 3662 vero

621 3698 806 3743 noster
835 3689 923 3744 hic
948 3691 1333 3745 recentissima:
1372 3692 1667 3761 impietatis
1698 3695 1967 3762 inventor,
2000 3713 2193 3767 quam-

621 3780 705 3833 vis
735 3778 1010 3835 Christum
1045 3796 1211 3836 unum
1240 3797 1300 3838 se
1320 3782 1498 3838 dicere
1518 3784 1754 3852 simulet,
1787 3796 1966 3842 tamen
1992 3789 2193 3858 ubique

624 3878 848 3924 naturas
881 3871 1091 3937 dividit,
1117 3882 1171 3926 et
1206 3874 1431 3929 seorsim
1460 3884 1745 3945 utramque
1770 3879 1942 3945 ponit,
1978 3882 2193 3935 asserit-

624 3976 732 4029 que
785 3976 889 4016 non
930 3962 1048 4018 illas
1085 3964 1228 4020 inter
1258 3980 1317 4020 se
1361 3980 1486 4022 vere
1522 3969 1876 4035 convenisse,
1921 3972 2014 4025 sed
2062 3986 2193 4040 prae-

626 4050 1152 4109 texitexcusationes
1186 4069 1249 4109 ac
1267 4066 1561 4126 praetextus
1597 4058 1653 4112 in
1690 4060 1947 4127 peccatis,
1984 4070 2043 4114 ut
2066 4063 2194 4115 scri-

625 4150 774 4211 ptum
818 4153 899 4197 est
941 4144 1008 4208 ",
1059 4157 1113 4199 et
1170 4148 1385 4201 modum
1444 4151 1730 4217 quemdam
1797 4150 2194 4219 conjunctiouls

626 4236 1075 4307 comminiscitur,
1127 4238 1274 4293 illum
1319 4255 1511 4310 nempe
1548 4242 1843 4296 secundum
1902 4242 2092 4311 solam,
2138 4251 2196 4297 ut

2292 3336 2401 3400 θῶς
2453 3330 2531 3397 είς
2562 3334 2763 3405 Κύριος
2810 3333 3015 3403 Ἰησοῦς
3059 3333 3328 3405 Χριστός*
3367 3330 3542 3393 οὕτως
3581 3330 3742 3389 αὑτὸν
3780 3329 3859 3391 ὡς

2290 3429 2385 3481 ἕνα
2428 3428 2917 3495 προσκυνήσομεν,
2967 3425 3069 3477 οὐκ
3120 3425 3225 3476 ἀνὰ
3276 3423 3442 3494 μέρος
3481 3422 3720 3485 τιθέντες
3766 3422 3858 3475 ἀν-

2292 3516 2529 3587 θρωπον,
2560 3513 2655 3566 καὶ
2685 3512 2838 3577 Θεὸν,
2876 3511 2991 3566 ἀλλ’
3020 3512 3139 3577 Eva,
3171 3512 3264 3564 καὶ
3289 3512 3380 3564 τὸν
3410 3511 3571 3564 αὐτὸν
3597 3508 3737 3565 εἶναι
3766 3529 3859 3564 πι-

2294 3603 2596 3667 στεύοντες,
2618 3602 2694 3665 ὡς
2716 3602 2772 3655 ὲν
2796 3602 3010 3671 θεότητι
3040 3601 3133 3654 καὶ
3159 3599 3534 3670 ἀνθρωπύ.ητι
3552 3616 3567 3631 ο
3588 3600 3857 3667 τουτέστι,

2290 3694 2423 3747 Θεόν
2450 3710 2506 3746 τε
2537 3694 2669 3764 ὁμοῦ
2702 3693 2796 3746 καὶ
2832 3690 3134 3763 ἄνθρωπον.
3182 3690 3239 3743 '0
3273 3690 3329 3744 δέ
3362 3708 3423 3758 γε
3455 3690 3555 3758 τῆς
3582 3691 3858 3764 νεωτάτης

2290 3786 2423 3857 ήμῖν
2454 3784 2707 3846 ἀσεόείας
2754 3782 2999 3853 εὑρετὴς,
3050 3784 3225 3834 καίτοι
3273 3781 3502 3852 Χριστὸν
3532 3780 3629 3834 ἕνα
3677 3781 3859 3852 λέγειν

2294 3876 2776 3947 προσποιούμενος,
2812 3873 3011 3943 διαιρεῖ
3050 3871 3150 3941 μὲν
3199 3870 3471 3940 πανταχοῦ
3508 3871 3608 3936 τὰς
3639 3873 3854 3943 φύσεις,

2292 3963 2385 4017 καὶ⁸
2429 3963 2535 4015 ἀνά
2589 3960 2755 4033 μέρος
2807 3961 3017 4030 ἵστησιν
3049 3960 3333 4031 ἑκατέραν,
3364 3962 3465 4015 οὐκ
3510 3961 3704 4033 ἀληθὲς
3740 3962 3855 4033 [ίσ.

2291 4052 2526 4123 ἀληθῶς]
2561 4052 2817 4123 ἀλλήλαις
2852 4051 3123 4121 συμϐῆναι
3144 4050 3314 4118 λέγων
3347 4052 3514 4116 αὐτάς
3536 4067 3551 4082 ·
3584 4069 3856 4123 προφασι-

2293 4142 2516 4214 ζόμενος
2558 4142 2614 4196 δὲ
2664 4143 2962 4212 προφάσεις
3014 4144 3073 4195 Ev
3115 4143 3432 4215 ἁμαρτίαις,
3488 4144 3624 4197 κατά
3662 4144 3723 4197 τὸ
3759 4162 3857 4214 γε-

2292 4235 2626 4306 γραμμένον,
2651 4236 2856 4287 ἐπινοεῖ
2882 4251 3002 4286 τινα
3033 4233 3323 4303 συναφείας
3354 4234 3571 4304 τρόπον,
3593 4234 3681 4287 τὸν
3713 4236 3858 4289 κατά

632 4326 761 4388 dixi,
797 4327 1073 4395 dignitatis
1126 4331 1509 4397 aequalitatem,
1574 4341 1631 4385 ut
1667 4347 1731 4386 ex
1784 4333 1951 4400 ipsius
2008 4335 2194 4388 verbis

2297 4323 2475 4393 μόνον,
2520 4322 2596 4384 ὡς
2644 4320 2801 4391 ἔφην,
2834 4320 2934 4393 τὴν
2970 4320 3189 4390 ίσότητα
3234 4321 3333 4390 τῆς
3371 4319 3556 4384 ἀξίας·
3604 4321 3860 4395 καθάπερ

629 4415 785 4485 plane
814 4418 1148 4483 docebimus,
1175 4428 1231 4474 et
1268 4428 1522 4489 tanquam
1562 4422 1612 4475 in
1664 4421 1882 4475 bomiue
1929 4424 2019 4490 qui
2064 4424 2193 4477 nihil

2294 4413 2482 4483 ἀμέλει
2516 4413 2611 4466 καὶ
2638 4413 2702 4464 Ex
2749 4412 2857 4465 τῶν
2909 4411 3072 4465 αὑτοῦ
3130 4411 3470 4481 δειχθήσεται
3522 4412 3725 4480 λόγων
3762 4415 3860 4467 καὶ⁸

628 4524 789 4579 supra
834 4519 1056 4565 caateros
1090 4511 1305 4572 habeat.
1365 4513 1538 4579 ipsum
1577 4528 1643 4567 ex
1690 4512 1799 4567 Deo
1842 4511 2074 4568 Verbum
2126 4528 2189 4567 ex

2296 4504 2547 4568 ὲνοικίζει
2584 4505 2681 4573 μὲν
2721 4502 3015 4572 μεθεκτῶς,
3050 4503 3125 4565 ὡς
3158 4501 3426 4573 ἀνθρώπῳ
3456 4503 3639 4573 κοινῷ,
3673 4505 3761 4557 τὸν
3791 4508 3859 4558 Ex

630 4600 1043 4669 participatione
1071 4601 1380 4657 inhabitans
1410 4602 1558 4665 facit,
1610 4617 1675 4657 ac
1722 4618 1877 4658 voces
1914 4619 2031 4672 quae
2067 4615 2191 4658 sunt

2296 4595 2429 4650 Θεοῦ
2457 4596 2626 4663 Λόγον
2646 4612 2659 4625 ⁸
2698 4595 2906 4665 μερίζει
2933 4594 2989 4647 δὲ
3017 4594 3114 4657 τὰς
3146 4595 3202 4646 έν
3231 4596 3341 4656 τοῖς
3373 4594 3716 4662 Εύαγγελίοις
3747 4614 3859 4665 φω-

630 4691 686 4745 in
733 4691 1035 4762 Evangeliis
1082 4693 1153 4746 ita
1186 4693 1397 4755 dividit,
1427 4704 1484 4747 ut
1511 4694 1796 4763 aliquando
1824 4706 2001 4749 certas
2027 4711 2190 4764 quas-

2296 4688 2413 4750 νάς,
2462 4685 2535 4748 ὡς
2568 4684 2694 4737 ποτὲ
2734 4686 2832 4755 μὲν
2864 4686 3025 4739 τάσδε
3060 4684 3212 4749 τινάς
3261 4685 3404 4754 μόνῳ
3452 4701 3508 4737 τε
3542 4685 3634 4737 καὶ
3677 4686 3859 4749 ίδικῶς

630 4782 752 4835 dam
779 4781 878 4836 soli
934 4798 997 4837 ac
1024 4786 1237 4852 proprie
1268 4782 1442 4839 Verbo
1469 4785 1693 4848 tribuat,
1722 4785 2015 4854 aliquando
2040 4801 2190 4840 seor-

2297 4778 2603 4831 ἀνατιθέναι
2638 4777 2714 4845 τῷ
2746 4778 2902 4847 Λόγῳ
2924 4791 2939 4807 ο
2974 4776 3103 4829 ποτὲ
3146 4775 3201 4829 δὲ
3236 4776 3339 4846 ἰδίᾳ
3373 4775 3449 4845 τῷ
3482 4778 3545 4827 Ex
3577 4777 3857 4843 γυναικός.

630 4871 731 4925 Situ
756 4870 831 4925 illi
855 4872 944 4939 qui
975 4883 1058 4927 est
1106 4888 1171 4927 ex
1210 4872 1433 4927 muliere
1475 4873 1671 4927 editus.
1721 4871 1881 4939 Atqui
1927 4873 2193 4942 quomodo

2298 4867 2489 4922 Καίτοι
2538 4867 2655 4929 πῶς
2700 4868 2795 4936 οὐχ
2844 4867 3044 4920 ἅπασιν
3083 4867 3167 4935 εἴη
3218 4864 3283 4918 ἂν
3323 4866 3421 4917 οὐκ
3474 4866 3859 4935 ἀναμφιλόγως

633 4976 738 5016 non
762 4963 834 5017 sit
874 4963 1123 5017 omnibus
1175 4964 1565 5029 certissimum,
1616 4964 1763 5019 illum
1816 4965 2189 5032 Unigenitum,

2298 4956 2437 5025 ἔχον,
2466 4957 2546 5008 ὅτι
2575 4955 2701 5017 Θεὸς
2732 4954 2806 5006 ὢν
2836 4955 3013 5023 φύσει,
3053 4954 3272 5022 γέγονεν
3303 4955 3584 5022 ἄνθρωπος
3622 4955 3650 5005 6
3686 4955 3859 5037 Μονο-

631 5069 753 5107 cum
784 5053 925 5108 Deus
948 5063 1089 5108 esset
1128 5064 1344 5119 natura,
1392 5067 1511 5109 esse
1541 5054 1810 5109 hominem
1840 5054 2061 5118 factum,
2088 5070 2190 5109 non

2298 5047 2479 5117 γενὴς,
2517 5047 2576 5098 ού
2622 5046 2762 5099 κατὰ
2810 5048 3099 5115 συνάφειαν
3144 5044 3347 5109 ἁπλῶς,
3387 5046 3461 5107 ὡς
3493 5044 3619 5112 γοῦν
3654 5045 3858 5105 ἐκεῖνός

632 5143 861 5212 simplici
921 5144 1318 5212 conjunctione,
1346 5151 1405 5197 ut
1454 5144 1541 5198 ille
1598 5144 1814 5210 asserit,
1866 5145 2194 5199 extrinsecus

2298 5138 2559 5208 φησι,τὴν
2589 5136 2820 5207 θύραθεν
2842 5138 3053 5189 E‘mvoou
3062 5136 3247 5206 μένην,
3270 5136 3388 5205 ήτοι
3416 5136 3667 5205 σχετικήν
3686 5151 3701 5165 ’
3723 5134 3861 5187 ἀλλὰ

634 5234 956 5304 excogitata,
990 5244 1081 5287 aut
1109 5234 1377 5301 aﬂectiva,
1405 5235 1498 5289 sed
1524 5250 1651 5290 vera
1674 5236 1889 5303 unione,
1945 5234 2194 5291 ineﬂ‘abili

2297 5231 2417 5284 καθ’
2453 5229 2642 5282 ἕνωσιν
2685 5228 2879 5299 ἀληθῆ,
2914 5230 3235 5298 ἀπορρήτως
3285 5244 3343 5280 τε
3382 5229 3474 5279 καὶ
3509 5226 3648 5295 ὑπὲρ
3695 5226 3861 5290 νοῦν;

638 5326 798 5379 modo
821 5325 978 5379 simul
1012 5334 1064 5377 et
1094 5325 1486 5393 inexcogitabili
1522 5325 1545 5377 Υ
1582 5325 1653 5379 Ita
1697 5334 1749 5380 et
1797 5342 1934 5381 unus
1962 5327 2116 5380 simul
2147 5336 2194 5379 et

2298 5320 2451 5375 Οὕτω
2497 5338 2588 5382 τε,
2647 5316 2725 5383 εἷς
2770 5323 2966 5372 νοεῖται
3015 5320 3108 5372 καὶ
3164 5318 3352 5388 μόνος·
3408 5319 3553 5380 ἅπας
3600 5333 3659 5368 τε
3712 5315 3862 5384 αὑτῷ

639 5415 786 5467 solus
817 5414 1165 5483 intelligetur,
1202 5422 1257 5467 et
1304 5414 1479 5467 omnia
1511 5414 1560 5469 ei
1594 5415 1736 5471 dicta
1772 5416 2117 5480 convenient,
2146 5424 2194 5468 et

2299 5412 2493 5481 πρέπει
2530 5410 2707 5478 λόγος,
2740 5410 2833 5463 καὶ
2866 5410 2940 5472 ὼς
2982 5408 3041 5474 ἐξ
3082 5409 3197 5472 ἑνὸς
3226 5406 3517 5477 προσώπου
3566 5406 3635 5459 τά
3681 5407 3863 5459 πάντα

639 5507 820 5560 omnia
848 5516 1098 5575 tanquam
1130 5506 1198 5560 ab
1232 5521 1335 5559 una
1382 5521 1608 5576 persona
1650 5508 1791 5562 dicta
1816 5509 2194 5564 censebuntur.

2296 5503 2586 5570 λελέξεται’
2614 5502 2710 5573 μία
2729 5503 2837 5572 γὰρ
2860 5502 2959 5573 ήδη
2983 5504 3180 5553 νοεῖται
3206 5500 3365 5569 φύσις
3397 5496 3534 5568 μετά
3553 5496 3649 5567 τὴν
3667 5496 3863 5549 ἕνωσιν

644 5598 777 5651 Nam
809 5608 925 5666 post
951 5597 1200 5653 unionem
1254 5612 1357 5653 una
1398 5596 1512 5667 jam
1553 5598 1868 5666 intelligitur
1893 5608 2081 5654 natura
2108 5596 2194 5652 illa

2298 5595 2331 5664 ή
2365 5594 2526 5648 αὐτοῦ
2574 5594 2667 5648 τοῦ
2721 5594 2893 5663 Λόγου
2934 5591 3344 5666 σεσαρκωμένη,
3388 5588 3636 5660 καθάπερ
3668 5587 3865 5657 ἀμέλει

717 5772 761 5804 ⁸ο
791 5772 805 5824 I
836 5772 958 5825 Cor.
988 5786 1101 5830 \‘ltl.
1145 5772 1226 5826 12.
1300 5772 1341 5801 ⁸¹
1376 5772 1567 5827 Bubus.
1600 5788 1649 5829 v.
1684 5773 1770 5827 27.
1850 5774 1894 5805 ⁸³
1917 5771 2055 5827 Psal.
2087 5786 2201 5824 cu.
2246 5772 2295 5821 ι.
