4072 6346
235 369 301 423 (il
1340 368 2157 429 ADVERSUS-NESTORIUM
2201 373 2330 428 LIB.
2374 372 2437 429 ll.
3431 374 3503 430 62

237 482 335 534 καί
385 481 469 548 ἐφ’
498 478 655 550 ἡμῶν
694 477 876 533 αὐτῶν
922 480 1079 534 νοοῖτ⁶
1119 479 1186 533 ἂν
1235 480 1495 546 εἰκότως·
1532 482 1806 553 ἄνθρωπος

1927 486 2095 554 ipsius
2124 484 2281 541 Verbi
2325 488 2629 553 incantata,
2686 495 2743 540 ut
2796 487 2987 555 procul
3041 486 3206 541 dubio
3236 488 3288 542 in
3345 491 3501 543 nobis

241 575 348 643 γάρ
371 566 449 635 εἷς
472 569 686 641 ἀληθῶς
711 571 1065 641 συγκείμενος
1086 571 1144 636 ἐξ
1162 574 1427 643 ἀνομοίων
1450 575 1813 645 πραγμάτων,

237 661 417 733 ψυχῆς
444 662 507 732 δὴ
540 661 683 729 λέγω
703 662 796 713 καὶ
826 660 1097 731 σώματος.
1130 662 1611 732 Ἑπισημὴνασθαι
1631 663 1687 715 δὲ
1722 664 1817 718 καὶ

239 751 335 802 νῦν
352 753 663 818 ἀναγκαῖον,
698 750 778 802 ὅτι
808 749 868 801 τδ
896 749 1093 803 ἑνωθὲν
1111 750 1186 819 τῷ
1202 750 1319 821 Θεῷ
1335 751 1491 821 Λόγῳ
1510 752 1690 822 σῶμα,
1709 770 1816 821 φαο

241 843 345 912 μὲν
359 840 670 911 ὲψνχῶσθαι
691 840 836 911 ψυχῇ
864 840 1076 910 λογικῇ.
1100 840 1486 911 Προσθήσομαι
1510 842 1566 896 δὲ
1596 845 1815 897 κάκεῖνο

238 934 545 1005 χρησίμως·
577 933 740 1005 ἑτέρα
777 934 881 1003 μὲν,
916 935 1023 1003 γὰρ
1050 932 1201 1003 παρά
1245 933 1339 987 τὸν
1382 937 1445 987 ὲκ
1474 934 1609 987 Θεοῦ
1641 935 1816 1002 Λόγον

238 1027 272 1095 ἡ
307 1023 461 1095 σὰρξ,
492 1025 636 1078 κατά
673 1041 737 1091 γε
766 1024 857 1077 τὸν
881 1025 979 1094 τῆς
1014 1024 1146 1087 ίδίας
1182 1023 1399 1093 φύσεως
1444 1024 1619 1094 λόγον,
1654 1026 1815 1094 ἑτέρα

234 1118 293 1170 δὲ
322 1116 482 1171 πάλιν
516 1116 791 1179 ούσιωδῶς
829 1118 861 1186 ή
895 1115 1060 1168 αὑτοῦ
1090 1116 1185 1170 τοῦ
1235 1116 1405 1185 Λόγου
1437 1117 1618 1187 φύσις.
1669 1115 1814 1184 Πλὴν

235 1209 287 1260 εί
330 1209 423 1263 καὶ
466 1211 666 1263 νοεῖται
715 1208 967 1279 διάφορα,
1010 1212 1104 1261 καὶ
1135 1210 1215 1272 είς
1254 1210 1545 1280 ἑτερότητα
1579 1209 1815 1280 φυσικὴν

233 1299 666 1370 διεσχοινισμένα
712 1298 779 1352 τά
801 1298 1195 1369 ὠνομασμένα,
1228 1297 1344 1351 ἀλλ’
1388 1294 1467 1362 εἷς
1495 1298 1553 1365 ἐξ
1608 1301 1813 1369 ἀμφοῖν

234 1395 435 1447 νοεῖται
470 1392 701 1462 Χριστός
728 1408 740 1421 ’
775 1391 895 1444 καθ’
931 1392 1122 1445 ἕνωσιν
1172 1390 1348 1462 ἀληθῆ
1392 1390 1639 1462 ἀλλήλοις
1674 1407 1814 1460 συμ-

234 1483 568 1553 ϐεϐηκότων,
602 1483 855 1553 θεότητός
882 1500 942 1535 τε
982 1483 1073 1536 καὶ
1115 1483 1553 1555 ἀνθρωπότητος.
1608 1482 1813 1552 Ἐμπε-

230 1577 315 1630 δοῖ
344 1576 399 1629 δὲ
448 1577 585 1647 πρὸς
629 1576 783 1629 τοῦτο
822 1577 971 1646 ἡμᾶς
1006 1577 1037 1645 ὴ
1089 1575 1444 1638 θεόπνευστος
1478 1575 1688 1645 Γραφὴ,
1727 1574 1815 1628 διά

232 1668 447 1739 μυρίων
479 1668 576 1738 μὲν
602 1669 741 1721 ὅσων
771 1667 1114 1737 πραγμάτων
1148 1685 1207 1721 τε
1258 1668 1351 1721 καὶ
1393 1667 1566 1734 λόγων
1589 1683 1601 1695 ⁸
1636 1682 1814 1736 παρα-

230 1761 487 1831 δείγμασι
528 1760 584 1814 δὲ
618 1761 895 1831 χρωμένη,
944 1759 1011 1813 δι’
1050 1753 1125 1816 ὧν
1155 1759 1220 1812 ἄν
1264 1776 1350 1822 τις
1382 1760 1477 1813 καὶ⁵
1511 1758 1631 1810 λίαν
1680 1758 1813 1812 ἀκο-

1921 576 2050 643 ipsis
2070 578 2233 630 etiam
2252 579 2637 632 convenienter
2670 576 3007 648 intelligitur.
3065 577 3219 633 Unus
3256 595 3495 648 namque

1918 661 2079 715 homo
2104 663 2261 732 plane
2281 675 2362 719 est
2381 679 2445 719 ex
2467 665 2824 721 dissimilibus
2856 669 3039 733 rebus,
3081 682 3147 721 ex
3170 668 3371 737 anima,
3402 670 3487 722 in-

1918 770 2111 823 quam,
2143 767 2199 811 et
2225 772 2452 826 corpore
2488 760 2837 828 compositus.
2869 758 3037 813 Porro
3084 760 3213 812 illud
3244 768 3327 813 est
3358 776 3502 815 nunc

1916 847 2080 899 etiam
2122 849 2441 913 notandum,
2496 848 2655 904 fateri
2705 865 2805 905 nos
2869 864 3066 919 corpus
3106 851 3240 904 illud
3289 852 3499 906 unitum

1918 937 2031 993 Deo
2060 939 2260 1003 Verbo,
2302 941 2470 996 fuisse
2518 942 2701 996 anima
2729 942 2979 996 rationali
3007 942 3326 997 animatum.
3368 943 3499 996 Illud

1916 1046 2132 1102 quoque
2165 1033 2305 1087 haud
2338 1034 2677 1089 incommode
2698 1034 3021 1099 addiderim,
3046 1034 3207 1087 aliam
3225 1049 3346 1089 esse
3374 1049 3494 1086 car-

1916 1137 2039 1175 nem
2087 1138 2116 1176 a
2148 1122 2260 1177 Deo
2318 1123 2500 1179 Verbo
2556 1125 2719 1196 (quod
2750 1127 2816 1180 ad
2858 1141 2966 1180 suae
3003 1135 3208 1179 natura:
3237 1126 3498 1178 rationem

1916 1210 2153 1279 attinet),
2186 1210 2462 1279 aliamque
2497 1228 2687 1268 rursus
2724 1212 3088 1269 essentialiter
3136 1215 3303 1280 ipsam
3336 1212 3500 1268 Verbi

1917 1311 2189 1356 naturam.
2229 1302 2335 1358 Sed
2367 1304 2616 1373 quamvis
2666 1304 2779 1358 haec
2829 1304 3049 1358 differre
3104 1304 3498 1373 intelligantur,

1915 1403 1970 1449 et
2002 1394 2229 1448 naturali
2261 1394 2577 1449 diversitate
2622 1410 2742 1449 esse
2802 1396 3104 1465 disiuncta,
3143 1412 3282 1451 unus
3314 1405 3497 1450 tamen

1914 1502 1979 1541 ex
2018 1496 2249 1555 utroque
2285 1485 2537 1541 Christus
2592 1486 2933 1557 intelligitur,
2986 1488 3109 1539 dum
3168 1503 3264 1555 per
3313 1502 3499 1540 veram

1915 1579 2185 1633 unitatem
2239 1579 2419 1634 deitas
2461 1579 2622 1633 simul
2656 1587 2711 1633 et
2742 1578 3052 1633 humanitas
3083 1579 3317 1633 invicem
3368 1595 3502 1633 con-

1914 1672 2159 1726 veniunt.
2184 1670 2241 1725 In
2276 1671 2379 1724 bac
2410 1685 2539 1725 vero
2572 1670 2839 1724 sententia
2890 1685 2991 1724 nos
3026 1670 3327 1724 innumeris
3381 1680 3494 1723 tum

1918 1761 2104 1827 factis,
2170 1771 2280 1815 tum
2346 1760 2505 1814 dictis
2567 1759 2851 1831 Scriptura
2921 1761 3181 1816 divinitus
3240 1762 3498 1832 inspirata

230 1854 341 1905 νιτὶ
375 1854 512 1923 πρός
557 1869 621 1919 γε
669 1852 729 1904 τὸ
776 1851 1034 1905 δύνασθαι
1080 1850 1316 1903 κατιδεῖν
1341 1851 1403 1901 τὸ
1432 1848 1669 1919 Χριστοῦ
1706 1866 1806 1918 μυ-

1912 1854 2223 1917 conllrmat,
2275 1854 2367 1905 sed
2398 1854 2667 1922 praecipue
2693 1852 2816 1906 dum
2868 1853 3133 1922 exemplis
3184 1856 3375 1916 utitur,
3405 1870 3502 1923 per

231 1947 454 2016 στήριον
511 1944 743 1997 διελάσει
794 1944 1000 2012 σαφῶς.
1055 1944 1200 2014 Ἔφη
1257 1943 1437 1997 τοίνυν
1472 1945 1501 1997 6
1543 1944 1812 2013 μακάριος

231 2039 516 2107 προφήτης
558 2036 781 2099 Ἡσαΐας
802 2053 813 2066 ο
849 2055 867 2087 ι
899 2036 1009 2089 Καὶ
1039 2035 1316 2105 ἀπεστάλη
1346 2035 1480 2104 πρός
1511 2051 1579 2103 με
1612 2034 1669 2085 ἒν
1702 2034 1810 2088 τῶν

231 2130 514 2201 Σεραφίμ·
548 2129 641 2183 καὶ
672 2131 735 2198 τῇ
784 2129 927 2198 χειρὶ
962 2126 1106 2197 εἶχεν
1139 2126 1407 2195 ἄνθρακα,
1442 2126 1501 2178 ὃν
1532 2129 1596 2196 τῇ
1634 2125 1809 2179 λαὸίδι

228 2215 422 2268 ἔλαϐεν
444 2214 549 2268 ἀπὸ
573 2214 665 2267 τοῦ
692 2214 1092 2285 θυσιαστηρίου,
1119 2214 1212 2268 καὶ
1230 2213 1406 2284 ἥψατο
1426 2213 1519 2267 τοῦ
1544 2214 1810 2284 στόματός

232 2325 362 2378 μου.
392 2307 485 2361 καὶ
515 2302 666 2367 εἶπεν
688 2324 700 2338 ·
746 2307 877 2359 Ἰδοὺ
903 2307 1082 2376 ἥψατο
1109 2305 1269 2359 τοῦτο
1299 2307 1406 2360 τῶν
1436 2306 1660 2375 χειλέων
1691 2324 1806 2372 σου,

228 2398 326 2452 καὶ
356 2398 544 2467 ἀφελεῖ
580 2397 678 2460 τὰς
708 2396 937 2465 ἀνομίας
970 2413 1085 2461 σου,
1126 2397 1218 2448 καὶ
1258 2395 1355 2458 τὰς
1390 2396 1665 2466 ἁμαρτίας
1714 2412 1807 2448 σου

228 2490 636 2560 περικαθαριεῖ.
682 2507 700 2539 ι
745 2486 1334 2559 Πολυπραγμονοῦντες
1375 2486 1453 2551 δὲ,
1491 2486 1565 2550 ὡς
1599 2486 1697 2549 ἔνι,
1748 2485 1808 2538 τὸ

225 2583 329 2651 τῆς
373 2580 615 2651 ὁράσεως
646 2579 827 2650 βάθος,
880 2580 977 2648 οὐχ
1028 2580 1213 2646 ἓτερον
1247 2574 1385 2633 εἷναί
1433 2595 1633 2649 φαμεν,
1668 2578 1807 2648 πλὴν

225 2675 312 2727 ότι
347 2673 438 2726 τὸν
486 2671 690 2743 Κύριον
737 2670 895 2742 ἡμῶν
942 2670 1150 2741 Ἰησοῦν
1197 2669 1451 2742 Χριστὸν,
1496 2670 1587 2723 τὸν
1638 2673 1695 2723 ὲν
1731 2669 1808 2741 τῷ

227 2762 596 2833 θυσιαστηρίῳ
633 2761 880 2832 κείμενον
928 2760 1177 2832 ἄνθρακα
1206 2760 1394 2832 νοητόν
1420 2780 1434 2793 ·
1471 2762 1555 2830 ἐφ’
1598 2754 1641 2829 ᾧ
1674 2762 1805 2833 παρ’

226 2854 387 2926 ἡμῶν
420 2853 697 2918 εὐωδιάξει
743 2854 994 2923 θυμίαμα
1053 2853 1132 2924 τῷ
1177 2852 1295 2923 Θεῷ
1342 2852 1437 2907 καὶ
1480 2853 1689 2924 Πατρί·
1740 2854 1807 2907 δι’

225 2944 394 3000 αὐτοῦ
445 2945 552 3016 γάρ
598 2944 697 3015 τὴν
750 2943 1114 3016 προσαγωγὴν
1148 2943 1482 3013 ἐσχήκαμεν,
1530 2932 1721 2995 δεκτοί
1748 2942 1807 2996 τέ

226 3040 418 3107 ἐσμεν,
451 3036 549 3099 τάς
580 3035 955 3105 πνευματικὰς
1001 3033 1283 3097 τελοῦντες
1314 3033 1589 3105 λατρείας.
1640 3028 1808 3098 Οὗτος

224 3126 406 3179 τοίνυν
434 3128 463 3178 6
501 3124 706 3194 άνθραξ
751 3125 779 3175 6
822 3123 982 3184 θεῖος,
1030 3122 1159 3174 ὅταν
1191 3120 1395 3192 ὄιψηται
1428 3121 1536 3174 τῶν
1581 3119 1806 3191 χειλέων

1918 1958 2037 2013 qua:
2068 1943 2327 1998 facillime
2352 1943 2582 2011 quisque
2617 1945 2682 1995 ad
2714 1942 2913 1997 Christi
2942 1944 3259 2013 mysterium
3286 1944 3497 2013 perspi-

1918 2031 2024 2088 cue
2064 2034 2471 2102 intelligendum
2527 2033 2749 2086 tendere
2812 2034 3004 2101 possit.
3080 2032 3278 2088 Beatus
3338 2036 3500 2101 igitur

1916 2122 2175 2192 propheta
2222 2122 2389 2178 Isaias
2443 2123 2557 2178 ait:
2610 2142 2629 2174 ι
2672 2122 2739 2176 Et
2776 2124 2970 2176 missus
3001 2132 3083 2178 est
3134 2124 3199 2177 ad
3236 2138 3322 2178 me
3356 2140 3499 2179 unus

1917 2214 1983 2269 de
2009 2215 2316 2284 Seraphim,
2351 2228 2407 2271 et
2434 2217 2484 2269 in
2520 2232 2679 2271 manu
2722 2215 2959 2270 habebat
2996 2215 3307 2281 carbonem,
3337 2233 3497 2287 quem

1916 2305 2123 2373 forcipe
2148 2317 2432 2375 acceperat
2490 2322 2553 2361 ex
2587 2306 2770 2371 altari,
2802 2316 2857 2361 et
2900 2306 3077 2375 tetigit
3107 2322 3169 2361 os
3215 2324 3411 2375 meum,
3445 2320 3499 2363 et

1916 2396 2055 2450 dixit
2093 2397 2273 2451 :Ecce
2308 2398 2484 2467 tetigit
2524 2398 2626 2452 hoc
2668 2397 2808 2452 labia
2833 2407 2943 2459 tua,
2970 2406 3023 2452 et
3054 2398 3262 2453 auferet
3297 2400 3496 2468 iniqui-

1918 2491 2057 2537 tates
2116 2493 2254 2545 tuas.
2318 2493 2371 2537 et
2401 2486 2640 2555 expiabit
2695 2496 2915 2554 peccata
2971 2494 3061 2539 tua
3089 2486 3155 2539 ⁸⁸.
3193 2506 3212 2540 ›
3262 2488 3500 2543 Visionis

1916 2574 2077 2642 hujus
2129 2575 2551 2644 profunditatem
2598 2585 2656 2630 ut
2705 2577 2851 2631 vires
2908 2575 3089 2632 ferunt
3126 2580 3496 2648 exquirentes,

1917 2662 2024 2733 32
2053 2680 2157 2718 non
2196 2665 2341 2719 aliud
2378 2668 2478 2721 nisi
2517 2668 2802 2722 Dominum
2842 2678 3087 2722 nostrum
3117 2670 3299 2723 Jesum
3336 2668 3500 2724 Chri-

1916 2765 2063 2809 stum
2112 2770 2236 2810 esse
2289 2757 2521 2812 dicimus
2574 2758 2879 2827 spiritalem
2936 2758 3084 2812 illum
3121 2761 3408 2814 carbonem
3445 2761 3496 2815 in

1916 2846 2072 2901 altari
2098 2848 2357 2916 positum,
2406 2864 2569 2919 super
2623 2864 2731 2918 quo
2781 2850 3078 2923 thymiama
3105 2850 3217 2906 Deo
3258 2866 3320 2905 at:
3350 2850 3497 2907 Patri

1914 2950 1944 2991 a
1979 2936 2133 2992 nobis
2162 2937 2414 2993 adoletur
2440 2955 2454 2994 :
2480 2954 2575 3007 per
2598 2925 2782 3009 ipsum
2812 2942 2955 2995 enim
2990 2956 3268 2996 accessum
3298 2942 3494 2994 habui-

1915 3043 2056 3092 mus,
2113 3039 2169 3085 et
2229 3030 2530 3100 spiritalem
2597 3032 2800 3086 cultum
2864 3043 3229 3103 exsequentes
3283 3035 3495 3103 accepti

1915 3133 2122 3174 sumus.
2150 3120 2249 3175 Hic
2279 3121 2462 3190 itaque
2487 3124 2654 3176 carbo
2684 3122 2901 3178 divinus
2949 3124 3037 3180 ubi
3094 3123 3402 3180 accedentis
3428 3124 3496 3177 ad

228 3235 323 3269 σου
365 3216 475 3289 [ῑσ.
508 3215 625 3287 τοῦ]
662 3216 973 3283 προσιόντος
1012 3212 1180 3283 αὐτῷ,
1207 3212 1610 3283 διεσμηγμὲνον
1640 3212 1804 3277 εὐθὺς

1913 3225 1972 3267 se
1993 3210 2136 3265 labia
2161 3212 2420 3282 tetigerit,
2440 3213 2582 3268 illico
2603 3215 2857 3268 mundum
2880 3215 3087 3277 reddet,
3109 3225 3270 3284 atque
3288 3216 3497 3284 peccati

225 3311 497 3380 ἀποφανεῖ
549 3310 643 3361 καὶ
686 3307 903 3376 ἀπάσης
935 3306 1207 3377 ἁμαρτίας
1238 3305 1581 3376 ημοιρηκότα
1612 3322 1807 3357 παντε-

226 3401 356 3464 λῶς.
389 3402 654 3454 ’Δπτεται
680 3400 736 3453 δὲ
779 3400 901 3451 τίνα
942 3398 1139 3467 τρόπον
1165 3397 1272 3450 τῶν
1307 3399 1364 3450 ὲν
1396 3399 1525 3467 ἡμῖν
1552 3396 1801 3466 χειλέων,

224 3492 426 3559 διδάξει
457 3488 627 3559 λέγων
666 3492 695 3544 ό
730 3492 998 3561 μακάριος
1028 3488 1235 3552 Παῦλος
1256 3505 1269 3521 ·
1306 3508 1325 3539 ‹
1383 3487 1579 3555 Ἐγγύς
1613 3505 1705 3540 σου
1744 3488 1805 3539 τὸ

229 3580 385 3653 ῥῆμά
429 3581 573 3632 ἐστιν
623 3579 679 3629 ὲν
726 3576 802 3647 τῷ
850 3575 1078 3645 στόματί
1120 3592 1212 3627 σου
1252 3575 1345 3628 καὶ
1396 3576 1454 3627 ὲν
1496 3576 1562 3645 τῇ
1609 3574 1804 3645 καρδίᾳ

228 3688 359 3727 σου·
389 3672 471 3725 ὅτι
502 3670 595 3724 ἐὰν
641 3670 801 3741 εἴπης
848 3671 905 3722 ὲν
937 3666 1015 3739 τῷ
1061 3667 1288 3739 στόματί
1338 3684 1451 3732 σου,
1487 3667 1568 3720 ὅτι
1600 3666 1804 3737 Κύριος

238 3763 492 3835 Ἰησοῦςο
527 3764 621 3817 καὶ
670 3761 966 3835 πιστεύσῃς
1013 3762 1071 3812 ὲν
1116 3763 1180 3831 τῇ
1234 3759 1429 3831 καρδίᾳ
1486 3776 1601 3822 σου,
1650 3760 1730 3812 ὅτι
1775 3760 1803 3811 ό

224 3856 359 3920 Θεὸς
394 3856 551 3910 αὑτὸν
575 3856 795 3927 ἤγειρεν
821 3854 884 3905 ὲκ
916 3851 1148 3923 νεκρῶν,
1179 3850 1401 3921 σωθήσῃ
1421 3866 1435 3879 ·
1471 3850 1669 3920 καρδίᾳ
1696 3850 1803 3919 γὰρ

228 3948 543 4002 πιστεύεται
589 3948 668 4011 είς
697 3943 1064 4013 δικαιοσύνην·
1110 3944 1340 4012 στόματι
1374 3942 1431 3995 δὲ
1461 3942 1803 4012 ὁμολογεῖται

225 4040 307 4102 είς
343 4038 633 4108 σωτηρίαν.
676 4055 694 4087 ι
740 4034 1004 4105 Ἀνθρακι
1043 4034 1099 4087 δὲ
1140 4032 1550 4103 παρεικάζεται,
1600 4031 1687 4084 διά
1718 4048 1800 4083 τοι

224 4130 289 4185 τὸ
338 4132 403 4183 ὲκ
455 4128 597 4182 δυοῖν
656 4126 895 4181 νοεῖσθαι
954 4125 1048 4179 καὶ
1106 4121 1372 4194 ἀνομοίων
1423 4120 1798 4192 πραγμάτων·

227 4222 430 4292 συνόδῳ
460 4237 523 4289 γε
561 4220 666 4289 μὴν
695 4221 761 4289 τῇ
808 4218 949 4270 κατὰ
993 4214 1247 4283 ἀλήθειαν
1282 4212 1563 4281 μονονουχὶ
1598 4210 1802 4262 συνδεῖ-

226 4312 353 4367 σθαι
386 4310 519 4382 πρὸς
548 4309 739 4362 ἕνωσιν
762 4325 777 4338 ο
819 4306 1120 4366 είσδεδυκὸς
1151 4302 1257 4373 γὰρ
1285 4300 1363 4371 τῷ
1400 4300 1540 4371 ξύλῳ
1572 4300 1632 4353 τὸ
1670 4300 1798 4370 πῦρ,

223 4406 307 4468 είς
340 4403 544 4458 οίκείαν
578 4400 706 4454 αὐτὸ
742 4398 1139 4470 μεταστοιχειοῖ
1171 4395 1371 4466 τρόπον
1408 4393 1527 4445 τινὰ
1556 4393 1711 4459 δόξαν
1740 4411 1799 4446 τε

226 4497 323 4550 καὶ
349 4495 596 4565 δύναμιν,
631 4490 805 4544 καίτοι
838 4488 1138 4560 τετηρηκὸς
1178 4488 1311 4557 ὅπερ
1342 4481 1431 4555 ἦν.
1470 4483 1799 4557 Μαργαρίτῃ

222 4588 283 4641 δὲ
310 4587 472 4642 πάλιν
502 4583 690 4638 ἑαυτὸν
720 4582 971 4650 ἀφομοιοῖ
1000 4579 1171 4645 λέγων
1203 4579 1231 4629 ό
1255 4577 1458 4647 Κύριος
1499 4576 1653 4646 ἡμῶν
1692 4577 1796 4645 Ίη-

226 4678 355 4741 σοῦς
384 4678 616 4749 Χριστός
638 4691 649 4703 ·
690 4694 706 4725 ι
760 4672 951 4743 Ὀμοία
990 4670 1137 4721 ἐστὶν
1170 4671 1202 4740 ἡ
1235 4668 1480 4739 βασιλεία
1500 4654 1609 4719 τῶν
1637 4667 1800 4737 οὐρα-

222 4771 333 4823 νῶν
362 4768 628 4839 ἀνθρώπῳ
655 4764 879 4835 ἐμπόρῳ
903 4759 1151 4833 ζητοῦντι
1186 4760 1382 4823 καλοὺς
1427 4760 1794 4830 μαργαρίτας*
1860 4821 1863 4823 ί

223 4861 402 4929 εὑρὼν
434 4860 489 4913 δὲ
527 4861 624 4912 ἕνα
656 4856 947 4925 πολύτιμον
1001 4851 1366 4924 μαργαρίτην,
1401 4851 1652 4904 ἀπελθὼν
1701 4852 1797 4904 πέ-

224 4970 435 5026 πραχεν
462 4953 563 5004 ὅσα
597 4944 731 5019 εἶχε,
780 4947 873 5000 καὶ
902 4946 1169 5016 ἠγόρασεν
1200 4943 1379 4997 αὐτόν.
1425 4961 1443 4993 ι
1492 4942 1701 4995 Ἀκούω
1743 4943 1799 4995 δὲ

225 5046 322 5099 καὶ
354 5042 550 5113 ἑτέρως
586 5039 774 5093 ἑαυτὸν
814 5039 942 5108 ἡμῖν
989 5034 1433 5095 καταδεικνύντος
1484 5033 1577 5085 καὶ
1608 5032 1794 5099 λέγον-

222 5153 316 5199 τος
339 5152 352 5166 ·
387 5152 404 5184 ι
446 5132 585 5201 Ἐγὼ
605 5129 760 5192 ἄνθος
780 5127 871 5181 τοῦ
899 5127 1103 5190 πεδίου,
1128 5125 1309 5196 κρίνον
1331 5123 1438 5177 τῶν
1462 5123 1741 5177 κοιλάδων.
1773 5141 1790 5171 ι

228 5229 383 5297 Ἔχει
440 5224 539 5296 μὲν
580 5223 687 5293 γὰρ
720 5223 777 5273 ὲν
835 5217 940 5289 ίδίᾳ
974 5215 1132 5285 φύσει
1180 5217 1278 5287 τὴν
1331 5214 1607 5286 θεοπρεπῆ
1661 5213 1798 5283 λαμ-

223 5320 467 5391 πρότητα
506 5315 599 5370 τοῦ
632 5311 764 5365 Θεοῦ
812 5312 904 5365 καὶ
933 5308 1146 5381 Πατρός
1167 5324 1181 5340 ⁶
1231 5307 1518 5372 εὐωδιάξει
1550 5307 1605 5360 δὲ
1639 5307 1799 5359 πάλιν

220 5414 291 5465 αὑ
306 5412 385 5464 τὸν
426 5409 536 5482 [Ion
571 5405 779 5478 αὐτὸς],
809 5405 952 5459 κατά
981 5419 1065 5472 γε,
1119 5403 1281 5474 φημὶ,
1328 5402 1425 5471 τὴν
1468 5401 1664 5473 νοητὴν
1691 5400 1749 5453 εύ
1779 5428 1800 5439 -

219 5502 438 5568 οσμίαν.
500 5500 706 5570 ’Ὠσπερ
762 5498 960 5558 τοίνυν,
1019 5495 1107 5547 ὲπί
1154 5512 1213 5547 τε
1282 5494 1373 5547 τοῦ
1438 5491 1796 5564 μαργαρίτου,

222 5592 463 5663 καὶμὴν
512 5588 607 5643 καὶ
651 5589 744 5643 τοῦ
796 5589 1002 5644 κρίνου.
1062 5589 1255 5638 νοεῖται
1308 5586 1486 5656 μέντοι
1539 5585 1697 5654 σῶμα
1740 5582 1802 5637 τὸ

293 5772 465 5827 "lsa.
499 5786 573 5836 vl,
610 5766 662 5837 6,
692 5767 743 5820 7.
823 5766 865 5795 ‘“
896 5763 1049 5816 Rom.
1089 5778 1140 5826 χ,
1177 5763 1335 5817 δοιυ.
1421 5763 1465 5793 ⁸⁵
1491 5762 1681 5819 Matth.
1713 5778 1834 5826 xm,
1870 5762 1959 5827 43,
1996 5762 2080 5818 l6.

1912 3304 2091 3359 omnis
2143 3318 2367 3373 prorsus
2406 3314 2706 3374 expertem.
2764 3305 2869 3361 Sed
2929 3307 3072 3361 labia
3128 3315 3313 3360 nostra
3357 3321 3494 3375 quo-

1912 3410 2036 3448 nam
2092 3395 2253 3449 modo
2298 3397 2603 3464 contingat,
2654 3397 2809 3451 docet
2871 3398 3061 3453 beatus
3123 3397 3324 3452 Paulus
3372 3413 3495 3451 cum

1911 3483 2088 3538 dicit:
2125 3500 2145 3534 ι
2196 3482 2373 3551 Prope
2449 3492 2498 3537 te
2529 3493 2614 3538 est
2653 3486 2877 3539 verbum
2936 3485 2990 3540 in
3039 3500 3135 3539 ore
3185 3495 3298 3547 tuo,
3348 3494 3403 3538 et
3443 3486 3495 3539 in

1910 3574 2073 3628 corde
2110 3583 2202 3627 tuo
2236 3574 2401 3642 :quia
2425 3573 2467 3627 si
2495 3574 2699 3629 dixeris
2733 3575 2787 3627 in
2822 3590 2918 3629 ore
2951 3583 3039 3629 tuo
3062 3576 3187 3643 quia
3233 3574 3496 3630 Dominus

1908 3665 2090 3729 Jesus,
2117 3672 2171 3718 et
2205 3665 2504 3720 credideris
2540 3665 2592 3718 in
2632 3667 2799 3721 corde
2831 3676 2924 3721 tuo
2973 3666 3099 3735 quia
3156 3667 3301 3722 Deus
3347 3668 3495 3721 illum

1909 3758 2192 3815 suscitavit
2220 3774 2249 3812 a
2286 3756 2539 3819 mortuis,
2584 3757 2769 3812 salvus
2802 3760 2934 3814 eris.
2990 3760 3166 3815 Corde
3200 3760 3345 3814 enim
3377 3775 3497 3815 cre-

1910 3851 2053 3904 ditur
2088 3851 2152 3904 ad
2175 3850 2467 3918 justitiam,
2499 3866 2593 3905 ore
2624 3859 2804 3905 autem
2852 3850 3123 3906 confessio
3158 3851 3219 3905 fit
3258 3851 3325 3905 ad
3347 3853 3496 3906 salu-

1911 3952 2016 3998 tem
2035 3943 2103 3997 ".
2133 3961 2151 3994 ι
2176 3942 2383 3997 Dicitur
2409 3950 2588 3996 autem
2616 3941 2840 3997 carboni
2866 3942 3181 4012 persimilis,
3202 3953 3491 4012 propterea

1910 4035 2052 4106 quod
2087 4050 2153 4090 ex
2173 4032 2383 4089 duabus
2416 4048 2481 4088 ac
2518 4032 2876 4089 dissimilibus
2928 4034 3092 4089 rebus
3144 4034 3489 4104 intelligitur,

1908 4126 2002 4182 sed
2035 4126 2109 4179 ita
2138 4126 2433 4181 secundum
2482 4128 2765 4180 veritatem
2808 4126 3283 4191 convenientibus,
3343 4136 3397 4179 ut
3440 4128 3491 4181 in

1911 4219 2171 4271 unitatem
2238 4217 2623 4283 propemodum
2679 4215 3096 4286 coniungantur.
3149 4215 3293 4285 Ignis
3346 4219 3491 4271 enim

1909 4312 1996 4363 ubi
2038 4309 2240 4378 lignum
2287 4309 2607 4378 penetrarit,
2652 4308 2777 4362 illud
2809 4308 2858 4362 in
2894 4324 3048 4363 suam
3102 4308 3275 4377 ipsius
3326 4308 3493 4364 clari-

1911 4410 2071 4456 tatem
2121 4416 2184 4455 ac
2236 4400 2378 4453 vires
2431 4400 2716 4463 transfert,
2757 4415 2822 4453 eo
2882 4408 3061 4453 tamen
3096 4408 3315 4453 servato
3348 4402 3490 4468 quod

1909 4503 2043 4544 erat.
2072 4491 2375 4561 Margaritre
2400 4505 2457 4545 se
2485 4506 2671 4544 rursus
2700 4499 2978 4559 comparat
3006 4490 3267 4547 Dominus
3306 4501 3493 4547 noster

1907 4581 2061 4635 Jesus
2105 4582 2353 4636 Christus
2397 4596 2519 4635 cum
2578 4582 2752 4635 dicit:
2793 4600 2811 4631 ι
2873 4580 3062 4637 Simile
3120 4589 3205 4635 est
3256 4597 3483 4651 regnum

1906 4673 2163 4725 ('mlorum
2189 4670 2390 4725 homini
2421 4671 2743 4740 negotiatori
2784 4670 3047 4739 qumrenti
3080 4669 3249 4725 bonas
3277 4687 3491 4738 marga-

1908 4765 2041 4815 ritas
2076 4781 2089 4817 :
2129 4764 2340 4817 inventa
2376 4772 2553 4815 autem
2585 4777 2687 4813 una
2732 4762 2965 4829 pretiosa
2994 4760 3310 4830 margarita,
3344 4761 3491 4814 vadit

1905 4863 1957 4907 et
1992 4853 2177 4906 vendit
2224 4855 2473 4908 universa
2516 4869 2635 4920 qua:
2684 4852 2867 4914 habet,
2909 4860 2963 4904 et
3005 4853 3136 4906 emit
3166 4851 3310 4905 illam
3347 4852 3415 4906 ".
3462 4870 3483 4903 ι

1904 4943 2023 4998 Alio
2073 4958 2288 5013 qucque
2326 4944 2485 4997 modo
2513 4943 2658 4997 illum
2688 4957 2810 4995 sese
2852 4942 3005 4996 nobis
3049 4942 3288 4997 indicare
3326 4942 3488 4997 audio

1904 5033 2215 5088 dicentem:
2252 5052 2269 5085 ι
2307 5034 2415 5103 Ego
2443 5032 2539 5087 llos
2562 5033 2759 5102 campi,
2786 5033 2958 5087 lilium
2998 5034 3321 5089 convallium
3346 5036 3412 5089 ⁸⁵.
3460 5056 3479 5087 ο

1904 5125 2035 5179 Cum
2062 5126 2274 5179 enimin
2315 5141 2409 5178 sua
2437 5134 2625 5177 natura
2675 5124 2912 5177 divinam
2961 5124 3266 5182 claritatem
3294 5126 3387 5181 Dei
3419 5142 3485 5182 ac

1905 5215 2081 5271 Patris
2132 5216 2349 5282 habeat,
2402 5216 2542 5269 idem
2601 5226 2857 5282 praeterea
2890 5217 3061 5286 spirat
3102 5218 3322 5272 odorem
3354 5234 3481 5273 sua-

1908 5309 2189 5362 veolentiae
2247 5306 2644 5377 spiritalis.-Ut
2695 5323 2825 5378 ergo
2870 5309 2922 5363 in
2972 5310 3287 5378 margarita,
3320 5320 3483 5377 atque

1907 5399 2072 5453 etiam
2119 5398 2253 5463 lilio,
2303 5397 2557 5466 quamvis
2579 5397 2879 5467 subjectum
2916 5398 3021 5452 illis
3077 5412 3273 5467 corpus
3305 5400 3482 5463 perci-

1909 5490 2109 5557 piatur,
2147 5489 2365 5543 claritas
2395 5500 2573 5543 tamen
2624 5505 2719 5542 seu
2753 5490 2886 5544 odor
2912 5505 2976 5543 ex
3007 5490 3223 5559 propria
3274 5492 3481 5544 ratione

1909 5582 1977 5635 ab
2002 5582 2106 5638 illis
2158 5582 2353 5651 quibus
2384 5582 2589 5646 insunt,
2618 5592 2872 5653 tanquam
2908 5581 3123 5638 diversa
3158 5590 3478 5649 noscuntur,

2177 5763 2221 5794 ⁸⁸
2251 5763 2402 5819 Cant.
2441 5778 2497 5827 tt,
2537 5761 2582 5817 Ι.
