4072 6346
580 310 647 358 65
1611 303 1672 357 S.
1713 301 1987 358 CYRILLI
2028 300 2500 357 ALEXANDRINI
2536 300 2860 357 ARCHIEP.
3788 295 3863 350 δι

582 426 674 479 sed
729 422 968 478 vicissim
1029 423 1244 490 propria
1299 431 1424 475 sunt
1456 421 1793 487 habentium,
1827 437 1932 476 non
1968 422 2036 478 ab
2085 423 2164 478 eis

2304 421 2716 490 ποκείμενον,η
2775 419 2831 471 δέ
2880 434 2944 485 γε
2995 419 3053 470 ἐν
3105 411 3255 482 αὑτῷ
3302 409 3644 481 λαμπρότης,
3694 410 3864 478 ῇγουν

585 517 780 577 aliena,
801 531 921 569 cum
950 516 1000 568 in
1034 514 1592 583 illisinseparabiliter
1618 515 1861 568 haereant
1889 534 1900 568 :
1927 516 1992 568 ad
2015 531 2168 568 emn-

585 613 705 662 dem
732 622 948 677 quoque
999 607 1216 660 modum
1251 608 1316 659 de
1365 606 1716 660 Etnmanuele
1754 608 1869 676 ipso
1906 609 2062 661 nobis
2089 618 2171 661 est

583 701 1004 755 existimandum
1041 716 1103 754 ac
1145 700 1510 754 sentiendum.
1546 699 1765 752 Νειιιιινιε
1812 714 2046 769 namque
2081 714 2169 752 ra-

589 795 736 847 tione
785 794 999 845 diversa
1054 804 1177 846 sunt
1233 793 1486 845 divinitas
1529 803 1581 844 et
1621 809 1748 847 Caro
1786 809 1801 845 ι
1841 792 1932 844 sed
1977 808 2174 860 corpus

592 885 756 941 Verbi
805 893 1079 956 propritnu
1137 901 1273 948 crat,
1321 904 1492 954 neque
1536 887 1836 956 scjunctum
1875 905 1904 941 a
1948 903 2174 953 corpore

591 974 718 1027 illud
743 977 948 1028 nnitmn
983 977 1194 1043 corpori
1234 976 1464 1029 Verbum
1499 995 1512 1028 :
1549 977 1687 1028 haud
1708 980 1851 1030 enim
1896 979 2058 1031 aliter
2086 981 2170 1032 in-

595 1067 837 1134 telligere
884 1067 962 1120 las
1005 1078 1087 1120 est
1135 1066 1567 1130 Emuntnuelem,
1624 1069 1675 1120 id
1724 1080 1826 1130 est,
1885 1068 2172 1123 Nobiscum

596 1156 757 1210 Deus.
817 1155 1004 1222 Itaque
1064 1173 1451 1226 nonnunqimm
1481 1169 1534 1210 ιιι
1589 1161 1770 1220 homo,
1816 1169 1870 1212 et
1916 1176 1978 1212 ex
2023 1176 2175 1216 inen-

596 1263 723 1301 sura
781 1263 891 1301 suae
947 1251 1337 1303 exinaniliouis
1406 1252 1643 1315 seipsutn
1689 1253 1843 1306 nobis
1908 1254 2176 1320 iudicans,

597 1341 855 1393 dicebat:
908 1360 924 1392 ι
967 1341 1135 1394 Nemo
1170 1343 1308 1394 tollit
1357 1343 1593 1394 animant
1653 1359 1826 1396 meam
1859 1359 1888 1396 a
1927 1347 2108 1408 me";
2155 1365 2173 1396 ι

597 1430 889 1497 aliquando
931 1448 1118 1485 rursus
1156 1443 1408 1500 tauquam
1444 1432 1583 1487 Deus
1622 1434 1878 1497 Verbum,
1923 1446 1976 1488 et
2008 1447 2064 1488 ιιι
2088 1437 2177 1505 qui

599 1521 666 1574 tle
694 1520 853 1583 caelo,
1019 1532 1071 1574 ct
1100 1539 1235 1576 llttllS
1270 1539 1391 1576 cum
1418 1541 1513 1577 sua
1550 1540 1712 1578 carne
1738 1527 2133 1597 intelligeretur
2164 1547 2176 1580 :

607 1633 622 1663 ι
655 1612 820 1666 Nemo
847 1615 1108 1674 ascvndit,
1142 1615 1338 1682 inquit,
1368 1617 1417 1668 in
1453 1617 1669 1680 caelum,
1699 1620 1801 1671 nisi
1836 1622 1924 1686 qui
1951 1622 2178 1675 descen-

600 1704 676 1757 dit
713 1705 778 1758 de
803 1704 962 1769 cado,
996 1704 1166 1759 Filius
1197 1707 1428 1760 hominis
1463 1708 1528 1762 ⁸⁸⁸.
1572 1730 1588 1759 ι
1639 1709 1771 1763 Cum
1814 1712 1977 1780 igitur
2008 1714 2178 1780 ipsum

2271 512 2467 565 εὐωδία
2505 511 2622 564 κατ’
2655 511 2784 562 ίδιον
2834 508 3013 576 λόγον,
3061 507 3135 568 ὼς
3167 505 3330 573 ’έτερα
3367 503 3464 572 μὲν
3515 500 3666 569 παρὰ
3699 501 3766 552 τά
3803 503 3868 553 ἐξ*

2272 600 2350 668 οἷς
2381 606 2548 656 είσιν’
2585 603 2692 656 ἴδια
2727 603 2782 655 δὲ
2816 602 2976 656 πάλιν
3005 599 3183 653 αὐτῶν
3214 599 3306 651 καὶ
3332 596 3432 648 οὑκ
3458 594 3710 662 ἀλλότρια
3752 594 3867 644 τῶν

2274 698 2503 766 ἐχόντων
2554 697 2669 748 ἐστὶ
2699 696 2766 748 τὰ
2801 695 3120 764 ἀχωρίστως
3166 687 3540 760 ἐμπεφυκότα.
3589 686 3727 738 κατὰ
3772 685 3867 735 τὸν

2274 790 2456 850 αὑτὸν,
2490 784 2668 857 οἶμαι,
2701 788 2899 856 τρόπον
2934 781 3264 852 λογιούμεθά
3285 799 3339 832 τε
3375 779 3466 832 καὶ
3498 779 3865 845 φρονήσομεν,

2275 881 2368 932 καὶ
2403 880 2494 931 ὲπί
2526 895 2588 945 γε
2618 877 2712 930 τοῦ
2765 876 3112 946 Ἐμμανουήλ
3137 891 3149 903 ·
3183 875 3397 942 ἑτεροῖα
3447 871 3543 938 μὲν
3585 871 3691 936 γάρ
3724 864 3868 918 κατὰ

2277 975 2373 1040 τὴν
2419 973 2602 1040 φύσιν,
2651 971 2838 1039 θεότης
2873 986 2933 1021 τε
2977 968 3071 1021 καὶ
3105 967 3274 1037 σάρξ·
3316 965 3430 1016 ἀλλ’
3483 963 3610 1014 ἴδιον
3657 956 3723 1028 ἢν
3771 957 3868 1009 τοῦ

2279 1067 2453 1132 Λόγου
2485 1066 2545 1116 τὸ
2581 1065 2772 1132 σῶμα·
2805 1061 2899 1114 τοῦ
2932 1062 2988 1114 δὲ
3038 1059 3289 1128 σώματος
3316 1057 3376 1108 οὐ
3411 1054 3807 1124 κεχωρισμένος
3840 1053 3872 1100 ό

2279 1156 2500 1219 ἑνωθεὶς
2555 1154 2704 1224 αὑτῴ
2743 1156 2948 1221 Λόγοςο
2998 1155 3172 1203 νοοῖτο
3220 1149 3328 1219 γὰρ
3377 1143 3478 1200 ὧδέ
3533 1163 3584 1197 τε
3630 1146 3721 1196 καὶ
3768 1144 3871 1210 οὐχ

2281 1253 2482 1322 ἑτέρως
2515 1253 2542 1304 ὁ
2589 1248 2960 1320 Ἐμμανουήλ,
2995 1246 3264 1305 τουτέστι,
3299 1243 3432 1297 Μεθ’
3467 1243 3625 1310 ἡμῶν
3655 1245 3683 1292 ό
3712 1239 3867 1300 θεός.

2281 1345 2589 1414 Τοιγάρτοι,
2636 1342 2766 1395 ποτὲ
2802 1342 2901 1412 μὲν
2943 1343 3017 1403 ὡς
3061 1339 3366 1406 ἄνθρωπος,
3404 1337 3497 1388 καὶ
3527 1336 3592 1387 ἐκ
3626 1335 3730 1386 τῶν
3772 1334 3870 1401 τῆς

2281 1438 2563 1499 κενώσεως
2614 1436 2826 1505 μέτρων
2874 1433 3063 1486 ἑαυτὸν
3118 1433 3251 1502 ἡμῖν
3309 1428 3530 1499 ἐμφανῆ
3581 1426 3872 1488 καθιστάς,

2282 1532 2552 1597 ἔφασκενν
2595 1547 2611 1578 ι
2652 1527 2838 1589 Οὐδεὶς
2865 1529 3011 1596 αἴρει
3043 1526 3140 1594 τὴν
3172 1523 3352 1593 ψυχήν
3384 1538 3485 1592 μου
3526 1521 3618 1571 ἀπ’
3647 1518 3815 1586 ἐμοῦ·
3848 1536 3868 1567 ι

2291 1623 2411 1676 ποτὲ
2440 1622 2504 1691 δὴ
2541 1620 2648 1692 [Ῐσ.
2681 1618 2762 1690 δὲ]
2805 1619 2986 1682 πάλιν,
3017 1617 3091 1679 ὡς
3117 1615 3249 1678 Θεὸς
3281 1614 3355 1666 ὢν
3384 1615 3411 1664 ό
3444 1613 3633 1678 Λόγος,
3679 1612 3770 1661 καὶ
3811 1609 3878 1672 ἐξ

2287 1711 2513 1784 οὐρανοῦ
2559 1710 2866 1780 νοούμενος,
2903 1711 2995 1762 καὶ
3026 1705 3105 1770 εἷς
3139 1707 3276 1776 μετὰ
3320 1706 3420 1774 τῆς
3471 1704 3607 1766 ἰδίας
3645 1701 3873 1772 σαρκὸς.

602 1794 796 1849 Filium
831 1813 998 1851 saera:
1027 1798 1240 1851 Littera:
1261 1799 1494 1867 undique
1522 1801 1572 1852 in
1606 1774 1869 1855 unitatem
1907 1774 2182 1872 insepara-

2299 1827 2312 1853 ι
2344 1774 2533 1864 ὸὺδεὶς
2563 1774 2889 1871 ἁναόέὸηκε,
2924 1801 3107 1868 φησὶν,
3141 1774 3223 1860 είς
3255 1797 3346 1848 τὸν
3375 1795 3624 1864 οὐρανὸν,
3659 1796 3706 1846 εί
3740 1795 3816 1863 μὴ
3845 1797 3878 1846 ὁ

603 1887 764 1941 bilem
795 1903 1086 1958 veramque
1119 1890 1467 1959 conjttngaut,
1519 1902 1570 1943 et
1601 1893 1650 1943 in
1683 1908 1843 1945 unam
1895 1909 2184 1962 personam

605 1979 848 2049 redigant
879 1978 928 2030 in
955 1979 1056 2032 ﬁde.
1081 1996 1094 2043 ;
1121 1980 1209 2033 hic
1229 1991 1404 2033 tmnen
1439 1997 1603 2035 vanus
1623 1983 1782 2036 homo
1807 1985 1986 2038 ttmltis
2015 1988 2187 2040 modis

605 2070 885 2138 disjungil,
944 2079 996 2122 et
1061 2070 1320 2125 adversus
1389 2074 1562 2140 ipsum
1614 2089 1829 2141 quoque
1904 2075 2182 2129 Christum

610 2173 1082 2232 Iemerenugatur,
1111 2163 1276 2218 Deum
1313 2166 1590 2234 appellans
1634 2168 1758 2220 illud
1790 2184 1854 2222 ex
1889 2168 2048 2224 Patre
2084 2173 2189 2225 Deo

609 2252 866 2318 Verbum,
903 2263 957 2306 ut
1003 2255 1218 2323 quidem
1263 2272 1364 2310 suo
1400 2259 1517 2311 loco
1561 2274 1624 2313 ac
1677 2270 1918 2329 tempore
1973 2279 2191 2331 progre-

610 2350 763 2401 diens
785 2349 959 2400 oratio
1004 2346 1166 2416 plane
1215 2350 1447 2404 docebit.
1493 2351 1724 2405 Simulat
1773 2354 1920 2407 enim
1965 2370 2023 2409 se
2081 2373 2193 2411 me-

612 2451 782 2503 tuere,
818 2456 882 2492 ne.
903 2440 1169 2508 quispiam
1204 2443 1327 2494 dum
1362 2455 1563 2497 sanctae
1600 2443 1842 2512 Virginis
1887 2450 2190 2502 reverentia

612 2537 788 2588 victus
813 2533 954 2586 illam
988 2534 1078 2586 Dei
1106 2536 1422 2604 genitricem
1448 2539 2013 2600 vocat,conl'usimiem
2035 2550 2194 2608 atque

615 2627 924 2681 mistioncm
979 2627 1408 2680 substantiarum
1453 2629 1593 2682 inter
1640 2644 1698 2683 se
1737 2629 1934 2683 factam
1973 2645 2191 2699 putans,

613 2718 868 2772 Ecclesia:
899 2721 1145 2788 dogmata
1187 2719 1458 2788 deturpet,
1507 2723 1753 2788 quamvis
1786 2723 1857 2776 ita
1893 2739 2048 2777 nemo
2072 2741 2194 2778 sen-

617 2810 714 2862 tiat
742 2827 754 2861 :
785 2812 876 2863 sed
934 2819 990 2865 ut
1029 2809 1268 2876 corrigat
1302 2810 1529 2875 scilicet,
1577 2820 1634 2864 ut
1672 2813 1789 2880 ipse
1831 2824 2001 2880 putat,
2032 2831 2194 2882 grave

615 2902 715 2955 hoc
749 2901 971 2965 malmn,
1011 2917 1224 2954 sursum
1259 2902 1509 2955 deorsum
1547 2905 1726 2955 omnia
1775 2905 1985 2968 miseeet,
2049 2919 2192 2960 recta

614 3006 850 3059 veraque
882 2993 1148 3046 sententia
1188 2991 1430 3061 neglecm
1471 3010 1482 3045 :
1529 2994 1608 3045 sic
1639 3007 1871 3060 namque
1913 2996 2083 3048 dixit:

2289 1900 2353 1950 ὲκ
2389 1896 2483 1949 τοῦ
2514 1893 2743 1966 οὐρανοῦ
2794 1892 3057 1955 καταϐὰς,
3089 1892 3117 1942 ὁ
3168 1891 3294 1952 Υἱὸς
3344 1887 3438 1942 τοῦ
3489 1887 3798 1954 ἀνθρώπου.
3854 1905 3873 1934 ο

2293 1986 2631 2055 Πανταχόθεν
2686 1985 2862 2036 τοίνυν
2914 1985 2994 2044 εἰς
3047 1981 3241 2034 ἕνωσιν
3293 1979 3623 2048 ἀδιάτμητόν
3678 1993 3733 2028 τε
3782 1979 3881 2028 καὶ

2289 2079 2463 2148 ἁληθῆ
2512 2077 2820 2138 συνδέοντος
2873 2077 3004 2144 ἡμῖν
3053 2071 3145 2125 τοῦ
3200 2071 3346 2142 ίεροῦ
3400 2071 3731 2140 Γράμματος
3784 2069 3882 2118 τὸν

2293 2172 2442 2234 Υίὸν,
2477 2171 2568 2222 καὶ
2614 2172 2694 2232 εἰς
2743 2169 3030 2238 πρόσωπον
3063 2166 3121 2218 ἓν
3163 2164 3529 2234 ἅποφέροντος
3579 2163 3636 2214 ὲν
3671 2161 3880 2221 πίστει,

2294 2263 2529 2333 διίστησι
2561 2261 2840 2330 πολλαχῶς
2884 2262 2911 2313 ό
2946 2257 3198 2330 περιττὸς
3239 2257 3441 2317 οὑτοσὶ,
3494 2254 3588 2307 καὶ
3633 2254 3884 2321 πεφλυα-

2298 2372 2464 2425 ρηκεν
2503 2343 2623 2422 είκῆ
2661 2354 2752 2404 καὶ
2785 2351 2948 2405 αὑτοῦ
2979 2350 3072 2402 τοῦ
3123 2349 3383 2419 Χριστοῦ,
3417 2347 3548 2399 Θεὸν
3595 2344 3827 2413 ὀνομάζει
3849 2361 3886 2396 ν

2294 2448 2386 2500 τὸν
2417 2448 2480 2500 ὲκ
2519 2445 2652 2498 Θεοῦ
2690 2445 2900 2515 [Ἰατρὸς
2931 2444 3100 2510 Λόγον
3120 2459 3132 2472 ·
3165 2440 3412 2510 καθάπερ
3441 2439 3631 2503 ἀμέλει
3672 2435 3886 2507 προῖὼν

2297 2541 2326 2593 ὁ
2372 2540 2526 2607 λόγος
2574 2539 2836 2601 ὲκδιδάξει
2886 2537 3096 2606 σαφῶς,
3129 2536 3203 2598 ὡς
3252 2537 3308 2586 ὲν
3341 2533 3525 2601 οἰκείῳ
3569 2530 3740 2599 καιρῷ
3781 2529 3880 2582 καὶ

2297 2634 2467 2701 τόπῳ.
2510 2630 2939 2684 ’Υποπλάττεται
2975 2629 3070 2698 μὲν
3117 2626 3222 2697 γὰρ
3265 2625 3494 2679 δεδιέναι
3527 2623 3599 2693 μὴ
3645 2623 3750 2693 ἄρα
3795 2639 3884 2682 τις

2297 2723 2436 2776 αἰδοῖ
2476 2725 2542 2792 τῇ
2590 2723 2719 2792 περὶ
2751 2721 2848 2791 τὴν
2887 2719 3047 2786 ἁγίαν
3097 2716 3368 2787 Παρθένον
3400 2715 3728 2784 ἡττώμενος,
3763 2707 3888 2764 εἶτα

2298 2815 2558 2867 Θεοτόκον
2583 2815 2752 2884 αὐτὴν
2775 2813 3066 2882 ὀνομάσας,
3092 2810 3303 2880 φυρμὸν
3324 2809 3418 2862 καὶ
3438 2810 3759 2874 ἀνάκρασιν,
3784 2806 3888 2875 τὴν

2298 2909 2376 2968 εἰς
2403 2905 2638 2975 ἀλλήλας
2663 2906 2827 2974 φημὶ,
2852 2904 2961 2956 τῶν
2989 2901 3344 2956 ὑποστάσεων
3367 2897 3617 2966 γενέσθαι
3635 2897 3884 2966 νομίσας,

2298 2997 2406 3049 τῶν
2432 2997 2530 3066 τῆς
2570 2996 2893 3064 Ἐκκλησίας
2924 2995 3208 3064 δογμάτων
3248 2993 3490 3060 καταχέῃ
3526 2990 3586 3042 τὸ
3615 2988 3848 3047 ἁκαλλές
3873 3005 3885 3016 ·

615 3083 791 3135 καίτοι
835 3081 994 3134 τοῦτο
1040 3083 1359 3151 φρονοῦντος
1394 3083 1604 3146 οὐδενός
1630 3102 1641 3115 ν
1680 3084 1998 3154 ἐπανορθῶν
2035 3086 2113 3147 δὲ,
2148 3087 2222 3149 ὡς
2260 3090 2453 3151 οἴεται,
2493 3088 2553 3140 τὸ
2588 3088 2780 3151 δεινὸν,
2814 3088 2924 3140 ἄνω
2956 3102 3014 3138 τε
3049 3088 3143 3138 καὶ
3169 3085 3318 3138 κάτω
3355 3085 3419 3134 τα
3459 3085 3636 3134 πάντα
3673 3080 3888 3146 συγχεῖ,

615 3173 723 3226 τῶν
762 3175 841 3237 εἰς
883 3173 1150 3243 ὀρθότητα
1183 3174 1275 3227 καὶ
1309 3174 1566 3244 ἀλήθειαν
1598 3175 1899 3246 ἀφειδήσας
1935 3177 2151 3230 ἐννοιῶν
2174 3194 2187 3208 ’
2225 3177 2329 3249 ἔφη
2360 3180 2466 3249 γὰρ
2500 3179 2672 3240 οὕτως
2695 3195 2708 3208 ⁸

695 3265 975 3336 [Νεετοιι.
1034 3266 1089 3321 Si
1139 3265 1243 3320 tide
1289 3266 1516 3335 simplici
1571 3267 1851 3336 Deiparam
1900 3271 2194 3337 proferres,
2225 3281 2268 3338 ο

619 3359 762 3412 nulla
796 3367 936 3412 esset
967 3358 1107 3426 apud
1138 3373 1222 3412 me
1243 3360 1494 3412 dictionis
1531 3361 1754 3424 invidia,
1793 3361 1944 3415 verbi
1973 3377 2196 3416 sensum

617 3453 996 3521 exquirentem
1025 3469 1037 3505 :
1067 3452 1160 3507 sed
1184 3452 1309 3520 quia
1340 3454 1496 3506 video
1533 3462 1583 3506 te
1619 3463 1882 3522 prietextn
1905 3469 2032 3523 erga
2071 3455 2198 3508 bea-

622 3554 728 3595 tam
752 3542 975 3596 Mariam
1001 3543 1247 3607 honoris,
1279 3543 1660 3597 hazreticorum
1696 3545 2022 3598 conﬁrmare
2055 3545 2198 3598 blas-

623 3634 920 3700 phemiam,
982 3632 1103 3686 ideo
1144 3632 1394 3686 dictionis
1433 3632 1788 3701 prolationem
1841 3641 1997 3688 caute
2064 3651 2202 3704 prae-

626 3725 830 3786 tnunio,
870 3739 991 3777 cum
1044 3725 1344 3793 periculum
1398 3726 1448 3777 in
1485 3738 1549 3777 ea
1597 3723 1836 3778 dictione
1890 3725 2064 3778 latens
2112 3741 2202 3779 su-

625 3824 868 3884 spectum
907 3815 1156 3868 habeam.
1195 3813 1247 3867 ld
1293 3825 1350 3867 ut
1381 3814 1583 3868 clarius
1615 3817 1810 3877 dicam,
1840 3823 1894 3866 et
1925 3816 1991 3866 ab
2022 3815 2201 3868 omni-

627 3907 727 3961 bus
771 3905 972 3975 percipi
1016 3905 1224 3959 facilins
1256 3905 1446 3972 possit,
1487 3907 1579 3975 qui
1613 3905 1801 3959 Arium
1837 3907 2024 3960 sectati
2055 3915 2201 3970 sunt,

627 4007 679 4052 et
715 3997 1039 4051 Eunomium
1071 4007 1124 4050 et
1154 3997 1574 4065 Apollinarium,
1597 4007 1650 4051 et
1674 3999 1914 4052 omnium
1937 3999 2203 4066 ejusmodi

630 4089 844 4144 familia:
883 4091 1159 4142 hominum
1193 4090 1371 4152 chori,
1433 4089 1756 4142 studuerunt
1800 4087 1893 4142 Dei
1927 4089 2205 4159 genitricis

631 4182 1043 4250 appellationem
1072 4183 1349 4244 invehere,
1387 4190 1444 4234 ut
1485 4180 1627 4234 facta
1661 4181 1935 4246 mistione,
1969 4182 2205 4238 duabus-

631 4289 734 4343 que
762 4273 973 4327 naturis
1013 4274 1234 4327 minime
1265 4273 1554 4336 distinctis,
1587 4275 1718 4328 nihil
1747 4290 1811 4328 ex
1847 4276 1930 4330 his
1964 4290 2082 4343 quae
2111 4275 2212 4328 uti-

632 4365 766 4418 liora
803 4373 949 4430 sunt,
991 4365 1057 4418 de
1108 4365 1448 4418 humanitate
1493 4366 1698 4419 dictum
1741 4366 2100 4433 acciperetur,
2147 4381 2209 4422 ac

630 4458 783 4512 locus
816 4457 921 4510 illis
957 4457 1076 4528 ‘jam
1115 4458 1376 4511 adversus
1405 4458 1574 4526 ipsam
1611 4458 1949 4512 divinitatem
1977 4467 2205 4528 pateret,

636 4560 892 4617 tanquam
943 4548 1123 4601 omnia
1178 4548 1246 4602 ab
1301 4562 1409 4602 uno
1464 4549 1796 4613 dicerentur,
1839 4564 1943 4603 non
2002 4551 2209 4606 ratione

2374 3271 2461 3343 [El
2493 3271 2630 3342 μετὰ
2665 3271 2899 3331 πίστεως
2934 3268 3129 3336 ἁπλῆς,
3160 3267 3239 3330 τὸ,
3270 3266 3528 3326 Θεοτόκος
3557 3264 3891 3334 προέφερες,

2305 3365 2404 3415 οὐκ
2435 3364 2497 3416 ἄν
2534 3380 2617 3415 σοι
2651 3364 2749 3431 τῆς
2783 3361 2980 3426 λέξεως
3008 3359 3302 3427 ἐφθόνησα,
3338 3358 3429 3409 τὸν
3466 3357 3589 3408 νοῦν
3620 3354 3895 3420 ἐξετάζων

2306 3452 2396 3504 τοῦ
2430 3454 2690 3522 ῥήματος.
2739 3451 2876 3502 Ἀλλ’
2913 3448 3207 3518 ἐπειδήπερ
3241 3446 3352 3517 όρῶ
3386 3463 3444 3498 σε
3481 3446 3752 3515 προφάσει
3789 3445 3892 3513 τῆς

2309 3545 2435 3613 περὶ
2463 3547 2561 3612 τὴν
2611 3543 2886 3612 μακαρίαν
2940 3541 3158 3610 Μαρίαν
3203 3540 3391 3608 τιμῆς,
3440 3539 3547 3589 τῶν
3593 3535 3892 3606 αίρετικῶν

2312 3633 2628 3704 βεϐαιοῦντα
2677 3634 2773 3703 τὴν
2805 3632 3172 3702 βλασφημίαν,
3205 3630 3294 3682 διὰ
3324 3627 3482 3681 τοῦτο
3525 3627 3622 3697 τὴν
3665 3625 3761 3696 τῆς
3807 3625 3897 3677 λέ-

2313 3723 2444 3787 ξεως
2494 3723 2773 3792 προφορὰν
2808 3720 3173 3791 ἁσφαλίζομαι
3196 3739 3208 3750 ·
3241 3720 3331 3772 τὸν
3361 3720 3419 3771 ὲν
3456 3721 3520 3788 τῇ
3570 3718 3709 3783 λέξει
3754 3733 3893 3788 κρυ-

2311 3816 2577 3885 πτόμενον
2612 3815 2850 3867 κίνδυνον
2883 3813 3251 3882 ὑφορώμενος.
3299 3813 3415 3863 Ἵνα
3452 3810 3509 3863 δὲ
3553 3809 3680 3862 αὐτὸ
3725 3810 3895 3874 σαφέ-

2313 3926 2520 3979 στερον,
2559 3909 2653 3961 καὶ
2686 3909 2849 3960 πᾶσιν
2889 3906 3283 3975 εῦληπτότερον
3330 3906 3489 3968 εἴπω,
3522 3906 3632 3964 τοῖς
3679 3903 3895 3972 Ἀρείου

2314 4001 2405 4052 καὶ
2454 3999 2738 4068 Εὑνομίου,
2792 4000 2885 4052 καὶ
2929 3997 3359 4066 Ἀπολλιναρίου,
3398 3996 3489 4049 καὶ
3519 3995 3734 4048 πάντων
3780 3996 3897 4058 τοῖς

2313 4094 2492 4162 χοροῖς
2522 4091 2631 4144 τῶν
2655 4095 2753 4161 τῆς
2773 4092 3023 4160 τοιαύτης
3051 4091 3283 4160 φατρίας
3305 4088 3505 4157 σπουδῇ
3531 4089 3636 4158 [Ion
3663 4085 3897 4161 σπουδὴ]

2313 4186 2575 4237 Θεοτόκον
2609 4185 2865 4252 εἰσάγειν,
2897 4185 2968 4246 ὡς
3018 4185 3266 4254 κράσεως
3298 4182 3605 4250 γινομένης,
3643 4182 3736 4234 καὶ
3784 4179 3898 4231 τῶν

2313 4276 2406 4329 δύο
2437 4279 2650 4346 φύσεων
2683 4276 2756 4347 μὴ
2785 4275 3196 4346 διαιρουμένων,
3227 4273 3391 4343 μηδὲν
3411 4271 3518 4324 τῶν
3554 4271 3783 4323 εὐτελῶν
3817 4273 3898 4332 εἰς

2315 4368 2413 4440 τὴν
2452 4370 2844 4440 ἁνθρωπότητα
2880 4367 3286 4436 λαμϐάνεσθαι·
3329 4365 3420 4417 καὶ
3466 4363 3647 4433 χώραν
3699 4364 3898 4423 αὐτοὺς

2317 4463 2502 4517 λοιπὸν
2550 4462 2689 4515 κατὰ
2725 4461 2825 4531 τῆς
2865 4461 3117 4530 θεότητος
3166 4459 3328 4527 ἔχειν,
3380 4457 3454 4518 ὼς
3489 4457 3704 4508 πάντων
3738 4455 3898 4520 λεγο-

2323 4560 2497 4629 μένων
2530 4558 2660 4628 παρ’
2691 4557 2832 4619 ἑνὸς,
2866 4555 2924 4607 οὑ
2959 4553 3101 4607 κατὰ
3150 4552 3247 4623 τὴν
3295 4550 3403 4602 ἀπὸ
3446 4548 3543 4617 τῆς
3602 4545 3900 4612 συναφείας

635 4642 914 4712 dignitatis
961 4655 1026 4696 ex
1079 4642 1193 4711 ipsa
1238 4639 1621 4706 conjunctione
1674 4643 2080 4710 consequentis,
2119 4657 2193 4696 set

2318 4649 2497 4714 ἀξίαν,
2534 4647 2670 4702 ἀλλὰ
2693 4645 2832 4700 κατὰ
2858 4646 2957 4715 τὴν
2992 4643 3171 4712 φύσιν.
3199 4634 3291 4704 Εἷς
3324 4639 3419 4708 μὲν
3450 4636 3555 4709 γὰρ
3582 4640 3608 4690 ό
3637 4634 3896 4703 Χριστὸς,

640 4734 809 4802 ipsius
837 4734 1045 4786 ratione
1082 4743 1308 4786 naturae.
1349 4732 1500 4787 Unus
1546 4743 1627 4788 est
1672 4748 1904 4802 namque
1941 4733 2211 4800 Christus,

637 4835 693 4878 et
727 4839 866 4878 unus
901 4823 1180 4888 Dominus,
1230 4824 1323 4877 sed
1364 4824 1415 4878 in
1441 4824 1679 4886 Christo,
1714 4823 1763 4876 in
1805 4824 2102 4892 unigenito,
2133 4824 2214 4878 in-

639 4933 821 4987 quam,
857 4917 1012 4983 Filio,
1040 4927 1094 4971 et
1117 4917 1316 4971 Christi
1343 4932 1534 4970 nomen
1562 4927 1615 4969 et
1647 4915 1763 4969 Filii
1803 4931 1943 4970 nunc
1977 4916 2042 4968 de
2073 4917 2211 4970 divi-

642 5013 829 5076 nitate,
860 5027 1001 5066 nunc
1051 5013 1116 5066 de
1165 5011 1519 5076 humanitate,
1552 5027 1692 5066 nunc
1745 5013 1810 5064 de
1877 5011 2216 5068 humanitate

643 5104 1026 5174 divinitateque
1060 5100 1298 5173 dicitur.]

1304 5240 1453 5295 CAP.
1512 5242 1548 5294 Ι.

725 5376 903 5436 \‘ides,
934 5383 991 5428 υι
1035 5375 1420 5445 multiplicibus
1463 5381 1856 5434 sententiarum
1899 5381 2221 5434 commentis

649 5470 812 5536 impie
844 5468 1108 5532 variatur,
1158 5477 1213 5522 et
1248 5468 1391 5523 illam
1441 5470 1738 5524 secundum
1785 5486 2005 5525 carnem
2059 5485 2220 5541 gene-

650 5573 912 5615 rationem
953 5560 1221 5627 Unigeniti
1258 5578 1360 5612 non
1395 5562 1550 5614 aliter
1585 5562 1814 5613 futuram
1858 5562 2022 5616 fuisse
2058 5579 2218 5616 cona-

725 5740 765 5770 ν
795 5738 946 5795 Joau.
984 5757 1033 5805 κ,
1068 5742 1145 5793 Ιὸ.
1226 5738 1445 5793 "Joan.
1483 5739 1550 5795 5.‘
1578 5738 1653 5792 l5.

2322 4742 2416 4795 καὶ
2445 4736 2523 4804 εἷς
2562 4740 2792 4811 Κύριος
2828 4737 2940 4792 ἀλλ’
2971 4735 3061 4789 ἐπὶ
3098 4732 3190 4786 τοῦ
3230 4730 3491 4801 Χριστοῦ,
3535 4729 3628 4780 ἐπὶ
3667 4725 3759 4779 τοῦ
3798 4743 3895 4794 μο-

2322 4832 2571 4903 νογενοῦς
2611 4831 2752 4898 λέγω
2784 4829 2937 4893 Υίοῦ,
2971 4828 3063 4881 καὶ
3107 4827 3188 4891 τὸ,
3222 4825 3473 4897 Χριστὸς,
3511 4823 3601 4876 καὶ
3632 4823 3711 4883 τὸ,
3749 4820 3896 4882 Υἱὸς,

2325 4926 2454 4980 ποτὲ
2515 4925 2613 4993 μὲν
2659 4922 2751 4974 ἐπὶ
2803 4920 2901 4989 τῆς
2954 4919 3226 4987 θεότητος,
3259 4915 3388 4968 ποτὲ
3425 4914 3479 4966 δὲ
3525 4912 3616 4965 ἐπὶ
3659 4911 3753 4979 τῆς
3801 4911 3898 4964 ἁν-

2323 5017 2686 5088 Ορωπότητος,
2721 5015 2812 5065 καὶ
2853 5011 3102 5080 θεότητος
3133 5009 3242 5080 [ῑσ.
3280 5008 3408 5060 ποτὲ
3442 5005 3496 5059 δὲ
3533 5007 3623 5057 ἐπὶ
3655 5003 3753 5071 τῆς
3804 5002 3896 5054 ἀν.-

2330 5111 2357 5162 θ
2367 5104 2722 5179 ptum-cmqu

2925 5236 3172 5288 ΚΕΦΑΛ.
3214 5236 3293 5287 Δ’.

2409 5376 2567 5446 Ὁρᾷς
2603 5376 2749 5437 ὅπως
2801 5372 3158 5441 πολυτρόποις
3208 5365 3432 5421 ὲννοιῶν
3462 5367 3765 5436 εὑρήμασιν
3801 5366 3892 5416 άν-

2327 5468 2487 5530 οσίως
2510 5465 3011 5526 καταποικίλλεται,
3038 5463 3131 5516 καὶ
3150 5460 3247 5530 τὴν
3275 5460 3416 5512 κατὰ
3445 5457 3624 5526 σάρκα
3648 5455 3901 5526 γέννησιν

2330 5562 2423 5615 τοῦ
2454 5557 2806 5628 Μονογενοῦς,
2845 5557 2918 5619 ὡς
2950 5556 3046 5608 οὐκ
3077 5556 3140 5608 ἂν
3181 5554 3380 5622 ἑτέρως
3410 5547 3671 5619 ἐσομένην
3712 5550 3894 5616 napa-
