4072 6346
165 414 229 467 65
1298 410 1524 465 Αῡνειι
1537 410 1668 466 SUS
1712 411 1739 464 ἒ

1846 411 2121 467 .TURIUM
2168 413 2295 469 LIB.
2338 412 2400 468 ll.
3365 416 3431 471 66

165 551 245 585 ται
273 531 560 595 δεικνύειν,
600 534 644 582 εἰ
681 531 752 601 μή
784 548 865 593 τις
900 534 1107 598 γένοιτο
1139 531 1243 583 τῶν
1280 532 1626 583 omnde
1666 532 1739 594 εἰς

1852 540 1937 585 tnr
1991 539 2294 597 ostendere,
2336 535 2439 588 nisi
2486 534 2664 603 aliqua
2709 533 3137 587 substantiarum
3188 532 3330 586 inter
3373 549 3431 586 se

165 626 391 695 ἀλλήλας
447 626 729 693 ἀνάχυσις,
785 624 952 693 ῆγουν
1004 623 1325 695 σύγκρασις.
1391 625 1585 677 Καίτοι
1638 624 1744 676 τῶν

163 718 255 788 τῆς
302 717 628 785 Ἐκκλησίας
661 716 998 769 διδασκάλων
1040 718 1101 769 οὑ
1146 718 1333 770 τοῦτον
1390 720 1537 786 ἡμᾶς
1579 735 1745 788 μυστ-

166 808 525 876 αγωγούντων
547 808 637 859 τὸν
667 808 885 875 τρόπον’
919 808 1136 860 σύνοδον
1154 808 1263 879 γάρ
1284 808 1458 877 ἀληθῆ
1489 809 1743 875 γενέσθαι

163 902 358 970 φαμὲν,
396 900 698 961 ὲνώσαντος
748 902 846 969 μὲν
898 901 1075 969 ἐαυτῷ
1118 901 1210 952 τοῦ
1246 902 1415 969 Λόγου
1450 903 1509 954 τὸ
1560 902 1741 971 σῶμα,

165 993 532 1063 μεμενηκότος
572 992 627 1043 δὲ
674 993 811 1062 ὅπερ
847 988 933 1062 ἦν.
985 992 1042 1044 Ὀ
1094 992 1149 1045 δὲ
1202 994 1311 1045 τῶν
1358 995 1614 1046 τοιούτων
1666 995 1743 1058 είς

161 1085 282 1139 νοῦν
321 1086 458 1156 ἔχων
488 1086 660 1147 οὐδὲν,
693 1085 1086 1155 δεδυσσέὸηκεν
1132 1087 1193 1139 οὑ
1247 1088 1503 1159 μετρίως,
1537 1088 1743 1151 διῖστάς

160 1180 234 1241 εις
264 1178 358 1231 δύο
389 1178 659 1248 πρόσωπά
690 1193 770 1242 τε,
804 1178 898 1229 καὶ
934 1179 1279 1242 ὑποστάσεις,
1306 1180 1613 1252 ὀλοτρόπως
1651 1180 1745 1233 ἀλ-

158 1268 333 1337 λήλων
384 1267 742 1339 διῃρημένας,
800 1268 1037 1339 ἑκατέρᾳ
1085 1284 1143 1320 τε
1194 1267 1383 1335 λόγους
1427 1270 1553 1331 τοὺς
1606 1270 1742 1341 αὑτῇ

160 1360 468 1428 πρέποντας
515 1359 789 1422 ἀνατιθεὶς
851 1359 1051 1421 ίδικῶς.
1108 1360 1218 1411 Καὶ
1275 1359 1436 1413 πάλιν
1470 1361 1565 1413 ἕνα
1612 1362 1745 1430 φησὶ

159 1450 390 1520 Χριστὸν
439 1448 644 1519 Ἰησοῦν
676 1450 899 1518 Κύριον,
933 1448 1008 1511 ὠς
1044 1447 1332 1518 ἀνθρώπου
1383 1447 1501 1518 Θεῴ
1544 1465 1745 1517 συνημ-

161 1544 321 1611 μένου
354 1541 493 1595 κατά
528 1542 695 1611 μόνην
729 1542 826 1611 τὴν
861 1542 1038 1606 ἀξίαν,
1070 1540 1130 1591 ού
1168 1541 1286 1592 καθ’
1319 1540 1511 1591 ἕνωσιν
1546 1540 1741 1610 ἀληθῆ,

157 1635 421 1697 τουτέστι,
473 1635 570 1705 τὴν
622 1635 764 1687 κατὰ
816 1634 998 1702 φύσιν.
1050 1634 1170 1695 ηὼς
1206 1629 1298 1684 οὖν
1330 1635 1445 1684 ἐστι
1483 1631 1589 1704 [τσ.
1627 1632 1745 1695 πῶς

158 1722 247 1780 οῦν
282 1719 363 1789 εἷς
404 1723 543 1796 ἐστι]
598 1724 833 1794 Χριστὸς
882 1724 973 1775 καὶ
1026 1722 1151 1785 Υἱὸς
1199 1722 1259 1773 τὸ
1310 1721 1531 1791 Κύριος,
1587 1722 1744 1792 εῖπερ

157 1820 359 1888 ἀμφοῖν
403 1818 505 1872 άνά
557 1818 718 1891 μέρος
752 1817 1045 1886 ἀρμόσειεν
1077 1816 1162 1877 ἂν,
1197 1814 1273 1877 ὡς
1314 1814 1469 1883 ἔφης,
1522 1814 1600 1876 τὸ,
1639 1810 1741 1866 ὧδέ

155 1928 212 1963 τε
244 1910 733 1980 κατονομάζεσθαι,
771 1910 863 1961 καὶ
898 1905 1036 1962 εἶναι
1066 1908 1207 1959 κατὰ
1237 1907 1512 1976 ἀληθειαν,
1543 1906 1630 1958 διά
1660 1922 1739 1957 τοι

155 2006 212 2055 τὸ
266 2003 541 2072 συμϐῆναι
592 2004 713 2055 καθ’
748 2002 941 2054 ἕνωσιν
985 2002 1184 2069 ἥκιστα
1217 2000 1312 2069 μὲν
1350 1998 1594 2065 ἀλλήλων
1642 1996 1741 2059 τάς

158 2097 501 2157 ὑποστάσεις,
536 2093 788 2146 ἐνοῦσθαι
823 2093 877 2145 δὲ
910 2092 1051 2145 κατά
1084 2092 1252 2161 μόνην
1280 2092 1377 2161 τὴν
1410 2091 1590 2156 ἀξίαν,
1623 2092 1741 2161 ἦτοι

157 2189 250 2257 τὴν
298 2185 605 2249 αὑθεντίαν,
660 2188 829 2254 ἠγουν
868 2185 1147 2249 ἐξουσίαν·
1204 2185 1303 2236 κάν
1348 2200 1431 2235 τοι
1480 2182 1580 2245 τάς
1631 2183 1741 2235 τῶν

160 2281 499 2349 πραγμάτων
539 2276 1126 2349 πολυπραγμονοῦντες
1173 2276 1386 2345 φύσεις,
1416 2278 1485 2328 τά
1532 2277 1589 2325 ἐν
1629 2276 1738 2327 ἰσό-

162 2389 275 2439 τητι
313 2370 413 2439 τῆς
447 2370 625 2436 ἀξίας,
667 2371 725 2421 οὑ
760 2370 961 2439 ταύτης
995 2369 1157 2423 ἕνεκα
1195 2370 1291 2438 τῆς
1327 2368 1505 2430 αἰτίας
1536 2368 1739 2421 ἀποδε-

155 2463 393 2531 όληκότα
429 2461 879 2532 καταθρήσαιμεν
928 2460 994 2515 ἂν
1028 2463 1090 2513 τὸ
1130 2462 1396 2532 ὑπάρχειν
1440 2460 1739 2514 ίδιοσυστά-

153 2573 275 2616 τως.
342 2553 477 2607 Οῦτε
530 2554 636 2625 μὴν
691 2555 751 2607 τὸ
805 2556 1102 2624 ἰσομοιρεῖν
1152 2556 1231 2617 είς
1282 2552 1459 2616 δόξαν,
1514 2553 1737 2621 ἀρκέσει

153 2650 286 2717 πρὸς
324 2648 515 2700 ἕνωσιν
538 2664 551 2678 '
587 2644 696 2699 οἷόν
728 2648 780 2699 τί
815 2664 988 2716 φημιο
1014 2647 1218 2717 Πέτρος
1246 2662 1301 2699 τε
1334 2647 1424 2697 καὶ
1465 2646 1738 2713 Ἰωάννης,

152 2742 319 2809 ipsa)
354 2740 453 2810 μὲν
482 2742 652 2810 ἤστην
701 2739 988 2791 ἀπόστολοί
1032 2756 1089 2791 τε
1142 2741 1233 2791 καὶ
1278 2739 1443 2805 ἅγιοι,
1483 2738 1576 2790 καὶ
1621 2741 1742 2799 ταῖς

154 2834 463 2903 ἰσομέτροις
500 2835 709 2901 τιμαῖς,
744 2834 837 2884 καὶ
875 2831 1136 2901 δυνάμεσι
1168 2835 1287 2894 ταῖς
1322 2832 1410 2884 διὰ
1440 2830 1531 2884 τοῦ
1572 2832 1741 2883 Πνεύ-

154 2943 322 2993 ματος
360 2924 825 2994 κατηγλαῖσμένοι
862 2925 1012 2993 παρά
1046 2922 1140 2975 τοῦ
1176 2925 1393 2976 πάντων
1437 2923 1594 2993 ἡμῶν
1627 2924 1738 2975 Σω-

148 3016 313 3083 τῆρος
337 3014 573 3084 Χριστοῦ
590 3032 602 3044 ·
622 3016 819 3083 ἤκουον
841 3013 950 3084 γάρ
968 3013 1103 3083 ὁμοῦ
1132 3018 1242 3074 τοῖς
1268 3014 1448 3075 ἄλλοις
1469 3031 1480 3041 ·
1504 3032 1520 3062 i
1552 3015 1740 3083 Ὑμεῖς

150 3123 271 3157 εσῖε
342 3106 401 3157 τὸ
454 3108 569 3173 φῶς
608 3105 700 3157 τοῦ
761 3106 966 3174 κόσμου
1039 3124 1056 3155 i
1122 3104 1328 3157 τούτου.
1390 3104 1494 3156 Καὶ
1538 3105 1736 3158 πάλιν·

153 3218 168 3247 ε
235 3198 622 3261 Ἀσθενοῦντας
654 3198 980 3268 θεραπεύετε
1005 3214 1018 3227 ·
1071 3199 1295 3267 νεκροὺς
1341 3198 1581 3267 ἐγείρετε
1604 3213 1615 3226 ·
1653 3197 1739 3248 λε-
1770 3238 1812 3292 C

147 3293 325 3359 προῦς
371 3289 733 3360 καθαρίζετε·
784 3290 1035 3359 δαιμόνια
1070 3288 1375 3340 ἐκϐάλλετε.
1418 3306 1434 3337 i
1475 3284 1619 3358 Ἀρα
1648 3283 1739 3339 οὖν

146 3383 203 3445 ἐξ
234 3380 619 3451 ίσομοιρούσης
652 3380 829 3443 ἀξίας,
858 3380 1021 3447 ἤγουν
1053 3378 1336 3437 αὑθεντίας
1363 3378 1542 3436 αὑτοῖς
1566 3376 1740 3445 ὑπάρ-

147 3474 235 3535 gat
292 3474 496 3539 φαμὲν,
556 3470 616 3521 τὸ
670 3472 748 3530 εἰς
812 3468 1098 3537 ἄνθρωπον
1154 3465 1246 3517 ἕνα
1287 3462 1737 3529 καταλογίζεσθαι

144 3565 271 3626 τοὺς
306 3564 423 3625 δύο,
456 3566 549 3615 καὶ
578 3563 737 3633 ἀρκεῖ
764 3561 921 3613 τοῦτο
952 3560 1087 3629 πρὸς
1117 3559 1327 3617 ἕνωσιν,
1359 3556 1456 3625 τὴν
1482 3556 1557 3617 ὡς
1587 3556 1641 3607 ἐν
1673 3572 1736 3621 γε

150 3659 261 3718 ταῖς
295 3655 633 3708 ὑποστάσεσι
663 3653 838 3720 λέγω;
868 3646 1002 3702 Εἶτα
1033 3649 1149 3711 πῶς
1172 3649 1271 3701 οὑκ
1304 3648 1733 3721 ὴλίθιονικομιδῇ

140 3748 203 3800 τὸ
259 3742 366 3800 ὧδε
424 3749 662 3817 φρονεῖν.
713 3745 871 3796 νοοῖτ⁸
910 3742 977 3795 ἂν
1024 3742 1281 3805 είκότως;
1336 3742 1399 3793 Τί
1448 3740 1736 3809 τοιγαροῦν

142 3840 472 3908 ύποπλάττῃ
524 3838 621 3906 μὲν
656 3832 794 3889 εἶναι
835 3835 932 3904 τὴν
978 3835 1159 3886 πίστιν
1192 3832 1372 3902 ὀρθὸς,
1420 3831 1516 3885 ἕνα
1563 3830 1738 3900 λέγων

146 3932 388 4002 Χριστὸν
452 3929 658 3999 Ἰησοῦν
707 3929 943 3998 Κύριον·
1004 3922 1121 3979 εἶτα
1172 3926 1472 3994 διατέμνων
1526 3927 1604 3987 είς
1646 3924 1737 3976 δύο

143 4022 424 4093 πρόσωπά
460 4039 515 4073 τε
567 4021 660 4074 καὶ
708 4020 1033 4080 ὑποστάσεις
1080 4018 1169 4069 τὸν
1214 4017 1329 4079 ἕνα,
1369 4015 1463 4068 καὶ
1506 4015 1596 4067 τὸν
1639 4016 1737 4083 μὲν

141 4118 240 4187 τῆς
272 4114 515 4185 ἀληθοῦς
549 4112 792 4175 ὲνώσεως
826 4110 1112 4179 ἀτιμάζεις
1146 4111 1366 4175 τρόπον,
1397 4109 1463 4160 δι’
1505 4102 1571 4177 ἦς
1605 4108 1737 4176 ἀλη-

142 4210 251 4270 θῶς
302 4204 390 4269 εἷς
427 4224 487 4258 τε
523 4206 614 4257 καὶ
660 4205 819 4273 μόνος
855 4204 919 4255 ἂν
948 4204 1033 4271 εἴη
1073 4203 1100 4254 ὁ
1134 4200 1368 4269 Χριστός
1395 4217 1407 4230 ·
1447 4200 1737 4266 συνάφειαν

138 4302 193 4355 δὲ
231 4300 460 4371 άληθῶς
498 4299 783 4367 ὀνομάζεις
827 4299 926 4366 τὴν
964 4295 1269 4364 ὶσοτιμίαν;
1323 4296 1479 4355 Ποῖος
1511 4293 1618 4361 γάρ
1651 4287 1733 4345 οὗ·

138 4397 229 4457 τός
258 4398 382 4447 ἐστι
419 4392 712 4460 συναφείας
747 4391 979 4460 τρόποςς
1023 4390 1090 4440 Ἥ
1137 4388 1237 4439 οὑκ
1281 4380 1435 4437 οἶσθα
1476 4384 1555 4435 ὅτι
1586 4383 1737 4452 φίλον

138 4506 261 4549 πως
310 4486 406 4538 ἀεὶ
458 4487 569 4544 τοῖς
606 4482 743 4535 κατά
791 4482 937 4534 τόνδε
974 4480 1061 4532 τὸν
1094 4478 1224 4548 βίον,
1271 4477 1329 4528 τὸ
1372 4479 1429 4528 ὲν
1470 4475 1738 4536 εὑκλείαις

1854 623 2176 678 confusione
2231 635 2324 679 aut
2377 626 2757 680 commistione
2805 625 2963 689 facta,
3005 641 3125 678 cum
3183 625 3429 679 doctores

1849 714 2103 769 Ecclesiae
2134 732 2238 770 non
2268 718 2413 772 hunc
2439 722 2651 771 modum
2688 718 2843 772 nobis
2869 719 3209 772 tradiderint.
3236 717 3429 770 Veram

1849 822 2088 876 namque
2112 809 2553 877 conjunctionem
2584 810 2778 863 lactant
2817 810 3073 874 dicimus,
3103 810 3172 862 ita
3206 819 3263 861 ut
3300 807 3427 861 Ver-

1847 901 1974 953 bum
2014 899 2119 953 sibi
2160 900 2381 968 quidem
2420 915 2614 967 corpus
2648 900 2851 962 uniret,
2897 900 2990 953 sed
3042 901 3091 953 id
3126 901 3266 967 quod
3314 909 3427 951 erat

1851 1002 2240 1060 permaneret:
2294 992 2379 1046 hic
2431 1007 2558 1045 vero
2605 990 2713 1062 35
2759 991 2892 1045 nihil
2941 992 3207 1061 ejusmodi
3249 991 3423 1044 conci—

1846 1082 2001 1151 piens
2036 1084 2237 1146 animo,
2268 1098 2373 1136 non
2415 1085 2673 1137 mediocri
2700 1083 2990 1152 impietatis
3025 1085 3250 1137 crimine
3285 1084 3427 1134 labo-

1848 1184 1953 1234 rat,
2000 1189 2120 1227 cum
2185 1173 2238 1227 in
2298 1174 2432 1228 duas
2496 1188 2757 1243 personas
2814 1184 2868 1228 et
2914 1174 3048 1228 duas
3111 1176 3430 1243 hypostases

1846 1266 2067 1318 omnino
2095 1266 2234 1319 inter
2255 1279 2314 1319 se
2341 1266 2584 1320 diversas
2615 1267 2942 1334 abjunxerit,
2966 1268 3034 1319 ita
3067 1278 3124 1318 ut
3146 1281 3427 1319 sermones

1845 1359 2043 1427 cuique
2090 1358 2483 1413 convenientes
2535 1361 2753 1428 utrique
2788 1376 3029 1427 persona:
3074 1362 3291 1429 proprie
3334 1361 3428 1411 tri-

1846 1450 2038 1503 bueret
2068 1469 2080 1503 :
2118 1461 2173 1504 et
2220 1466 2408 1504 rursus
2438 1467 2601 1504 unum
2626 1452 2759 1505 dicit
2796 1453 3073 1506 Christum
3102 1450 3286 1506 Jesuin
3326 1450 3427 1502 Do-

1848 1542 2080 1606 tninum,
2112 1554 2369 1613 tanquam
2405 1544 2518 1596 sola
2553 1544 2831 1614 dignitatis
2868 1547 3099 1609 ratione,
3142 1561 3246 1598 non
3300 1560 3425 1596 vera

1847 1635 2066 1695 unione,
2102 1635 2203 1687 hoc
2226 1644 2328 1697 est,
2358 1649 2461 1687 non
2497 1635 2792 1688 secundum
2822 1647 3092 1698 naturain,
3121 1636 3283 1689 hctno
3306 1650 3425 1687 cum

1848 1722 1958 1776 Deo
2006 1726 2329 1792 conjttnctus
2365 1728 2456 1782 ait.
2490 1728 2734 1793 Quonam
2775 1729 2939 1799 igitur
2992 1730 3150 1783 modo
3178 1744 3317 1782 unus
3346 1740 3427 1782 est

1848 1815 2128 1883 Christus,
2178 1828 2232 1871 et
2267 1818 2434 1874 Filius
2474 1820 2756 1885 Dominus,
2793 1820 3061 1889 siquidem
3108 1832 3165 1874 ut
3203 1821 3425 1881 asseris.

1847 1908 2065 1976 utrique
2084 1910 2312 1964 seorsim
2349 1914 2607 1966 convenit
2629 1929 2733 1966 non
2758 1916 2917 1966 modo
2937 1915 3091 1966 utsic
3108 1912 3426 1981 appelletur,

1847 2015 2035 2054 verum
2065 2002 2316 2057 etiam.ut
2342 2006 2411 2057 sit
2442 2019 2589 2069 vere,
2618 2020 2741 2057 cum
2776 2005 2878 2057 isto
2914 2008 3071 2057 modo
3100 2004 3189 2056 flat
3221 2012 3277 2056 ut
3302 2005 3430 2055 sub-

1848 2096 2064 2149 stantia:
2108 2097 2329 2151 minime
2376 2097 2521 2152 inter
2573 2113 2630 2151 se
2674 2099 2967 2152 secundum
3008 2099 3260 2152 unionem
3300 2112 3431 2149 con-

1846 2182 2123 2245 venerint,
2158 2185 2249 2237 sed
2302 2185 2476 2238 solum
2524 2187 2821 2239 secundum
2863 2187 3176 2253 dignitatem
3210 2186 3292 2239 vel
3340 2202 3431 2238 au-

1846 2274 2176 2340 ctoritatem,
2216 2276 2297 2329 vel
2335 2286 2657 2345 potestatem
2700 2278 2862 2330 unita:
2887 2278 3219 2345 sint?Atqni
3253 2278 3296 2331 si
3337 2294 3428 2330 ηις

1848 2374 1997 2419 turns
2017 2381 2196 2419 rerum
2229 2370 2674 2439 pervestigemus,
2700 2372 3001 2423 videbimus
3016 2386 3134 2439 qua:
3161 2373 3273 2438 pari
3304 2380 3429 2424 sunt

1846 2457 2127 2525 dignitate.
2164 2474 2266 2511 non
2306 2474 2368 2513 ea
2413 2461 2481 2513 de
2533 2476 2695 2515 causa
2746 2462 2795 2514 id
2834 2463 3085 2515 amittere
3132 2478 3198 2515 ne
3245 2465 3425 2516 minus

1855 2549 1967 2616 ipsa
2009 2552 2231 2620 preprie
2285 2554 2651 2622 privatimque
2698 2556 3019 2618 consistant,
3067 2570 3239 2625 neque
3284 2556 3427 2622 quod

1849 2642 1969 2707 pari
2001 2641 2110 2693 sint
2141 2642 2310 2710 gloria
2344 2644 2393 2697 id
2427 2645 2492 2698 ad
2516 2646 2767 2700 unionem
2795 2645 3128 2701 efﬁciendam
3159 2646 3425 2701 SUﬂit‘Cl‘t‘.

1849 2730 2007 2785 Verbi
2056 2736 2248 2799 gratia,
2302 2732 2503 2789 Petrus
2536 2747 2589 2789 et
2634 2736 2874 2792 Joannes
2909 2739 3068 2791 ambo
3100 2746 3153 2791 et
3194 2739 3424 2806 apostoli

1844 2834 1897 2875 et
1941 2827 2111 2877 sant-ti
2152 2827 2248 2878 viri
2304 2836 2484 2893 erant,
2521 2838 2574 2882 et
2605 2829 2719 2896 pari
2754 2831 2957 2884 honore
3001 2845 3061 2884 ac
3102 2833 3301 2884 virtute
3334 2846 3429 2898 per

1846 2913 2109 2981 Spiritum
2156 2928 2400 2970 sanctum
2469 2920 2536 2973 ab
2582 2921 2825 2974 omnium
2875 2922 3156 2975 Salvatore
3205 2922 3427 2975 Christo

1845 3007 2084 3062 decorati
2126 3027 2138 3061 :
2179 3010 2337 3063 simul
2370 3013 2513 3065 enim
2551 3028 2672 3065 cum
2722 3015 2936 3067 caeteris
2970 3014 3073 3066 sibi
3105 3014 3305 3067 dictum
3332 3031 3427 3065 au-

1846 3098 2059 3151 dierant
2088 3118 2100 3153 :
2142 3118 2159 3150 ι
2195 3101 2299 3155 Vos
2332 3105 2464 3155 estis
2497 3103 2583 3156 lux
2621 3106 2805 3157 mundi
2840 3125 2859 3157 ι
2897 3105 3059 3175 hujus
3087 3104 3172 3159 "z
3212 3115 3265 3158 et
3314 3123 3426 3158 rur-

1846 3204 1960 3242 sum
1985 3208 1999 3246 :
2030 3209 2048 3241 ι
2087 3190 2333 3246 lnlirmos
2358 3205 2569 3261 curate,
2597 3207 2841 3250 mortuos
2870 3198 3150 3264 suscitate,
3184 3199 3429 3267 leprosos

1852 3282 2127 3344 mnndate,
2181 3283 2446 3337 daemonia
2494 3286 2675 3353 ejicite
2719 3289 2786 3345 ’°.
2834 3307 2854 3340 ι
2907 3290 3041 3345 Num
3078 3308 3207 3363 ergo
3251 3309 3315 3347 ex
3362 3309 3428 3346 eo

1849 3371 1992 3437 quod
2053 3373 2167 3441 pari
2217 3386 2372 3427 erant
2428 3377 2693 3447 dignitate
2752 3380 2835 3435 vel
2891 3385 3242 3447 auctoritate,
3294 3386 3425 3437 illud

1846 3461 2007 3513 etiam
2037 3478 2133 3516 eos
2168 3467 2420 3521 habuisse
2455 3484 2789 3534 asseremns,
2814 3482 2871 3525 ut
2903 3489 3025 3527 cum
3083 3476 3185 3529 duo
3217 3483 3425 3537 essent,

1847 3567 1986 3604 unus
2036 3554 2197 3608 homo
2244 3561 2604 3613 censeretur?
2648 3563 2811 3630 idque
2862 3564 2927 3617 ad
2976 3566 3230 3620 unionem
3277 3578 3427 3620 certe

1844 3643 2205 3712 hypostaseon
2243 3662 2365 3702 esse
2408 3651 2586 3704 satis?
2624 3652 2787 3721 Atqui
2830 3670 3006 3708 nonne
3044 3656 3423 3709 stultissimum

1845 3739 2176 3793 censendum
2219 3742 2289 3796 sit
2331 3744 2400 3795 ita
2428 3745 2678 3798 sentire?
2701 3748 2811 3800 Cur
2841 3764 2967 3815 ergo
3008 3758 3056 3801 te
3089 3748 3313 3801 simulas
3341 3765 3424 3803 re-

1847 3838 1990 3883 CIatn
2024 3829 2181 3883 [idem
2224 3841 2431 3896 tenere,
2460 3851 2580 3889 cuin
2609 3836 2881 3890 Christum
2914 3837 3093 3890 Jesum
3138 3838 3422 3891 Dominum

1844 3922 1980 3975 dicis
2005 3924 2223 3990 quidem
2258 3941 2444 3991 unum,
2476 3928 2571 3979 sed
2603 3928 2745 3981 hunc
2779 3945 2943 3981 unum
2990 3930 3039 3981 in
3069 3930 3202 3983 duas
3247 3947 3426 3999 perso-

1846 4030 1942 4067 nas
1991 4025 2046 4068 et
2101 4017 2420 4085 hypostases
2464 4018 2697 4072 dividis?
2738 4030 2790 4073 et
2836 4035 2975 4072 vera:
3025 4020 3168 4075 illius
3210 4022 3423 4075 unionis

1847 4108 2087 4170 modum,
2137 4123 2231 4174 per
2278 4123 2436 4175 quem
2467 4124 2593 4161 vere
2626 4126 2762 4163 unus
2809 4127 2871 4163 ac
2904 4113 3047 4165 solus
3090 4128 3210 4166 esse
3241 4124 3421 4179 potest

1845 4198 2117 4258 Christus,
2146 4200 2437 4267 improbas,
2462 4201 2603 4253 illam
2642 4218 2769 4255 vero
2808 4204 3027 4257 honoris
3056 4206 3416 4273 mqualitateni

1846 4304 1971 4343 vere
2022 4291 2458 4356 coniunctionem
2512 4295 2787 4361 appellas?
2828 4297 3012 4361 Qualis
3048 4301 3190 4349 enim
3235 4301 3279 4352 is
3338 4310 3419 4352 est

1848 4382 2255 4450 conjunctionis
2303 4384 2538 4437 tnodus?
2564 4386 2644 4437 An
2683 4386 2898 4453 ignoras
2933 4404 3128 4455 cupere
3174 4390 3420 4443 homines

1844 4472 1934 4539 qui
1962 4472 2014 4525 in
2049 4472 2151 4527 hoc
2182 4474 2380 4526 sarculo
2412 4488 2716 4537 versantur.
2748 4480 3016 4531 mundana
3042 4483 3197 4544 potiri
3226 4483 3418 4549 gloria,

140 4576 284 4630 εἶναι
322 4577 643 4645 κοσμικαῖς,
681 4574 730 4625 οἳ
760 4575 855 4634 τὰς
888 4572 1037 4639 παρά
1074 4570 1179 4621 τῶν
1210 4568 1551 4638 κρατούντων
1587 4566 1735 4617 πλου-

1847 4578 2051 4631 eosque
2088 4580 2113 4616 a
2143 4566 2477 4633 principibus
2504 4569 2737 4622 honores
2774 4576 3027 4637 consequi
3054 4571 3199 4624 ?Sed
3230 4590 3418 4638 quain-

143 4670 297 4723 τοῦσι
345 4668 548 4736 τιμάς;
596 4666 737 4717 Ἀλλ’
787 4668 842 4716 ὲν
885 4666 1017 4724 ῖσοις
1053 4663 1202 4723 ὄντες
1248 4660 1572 4729 ἀξιώμασιν,
1626 4658 1737 4709 ἐσθ’

144 4769 256 4829 ὅτε,
301 4764 656 4831 διεστήκασιν
692 4758 939 4827 ἀλλήλων
981 4756 1210 4824 ὑπάρξει
1256 4772 1313 4806 τε
1354 4756 1417 4823 τῇ
1450 4752 1570 4804 καθ’
1616 4752 1735 4815 ἕνα,

142 4856 325 4923 φημὶ,
382 4852 477 4903 καὶ
526 4850 707 4917 μέντοι
750 4849 809 4900 τὸ
860 4846 968 4918 [ἵσ.
1021 4844 1120 4916 τῷ]
1155 4845 1435 4913 βούλεσθαι
1484 4845 1549 4896 τά
1601 4845 1735 4895 α’)τά

140 4947 366 5013 ,ρρονιῖν
399 4959 458 4993 τε
490 4942 582 4993 καὶ
610 4941 741 5009 δρᾷν
764 4958 774 4968 ·
812 4938 925 4991 ἀλλ’
947 4938 1102 5007 εἴπερ
1134 4933 1198 5008 ἦν
1230 4953 1310 4997 τις
1344 4936 1536 5005 δεσμὸς
1571 4938 1736 5002 ἀναγ-

141 5041 296 5100 καῖος
350 5036 435 5095 εἰς
489 5032 717 5100 ἑνότητα
778 5030 1048 5097 συλλέγων
1090 5030 1286 5091 αὐτοὺς
1340 5029 1435 5098 τῆς
1493 5026 1649 5092 ἀξίας
1701 5030 1728 5079 ὁ

138 5133 364 5199 τρόπος,
404 5124 660 5193 καθάπερ
706 5122 892 5191 ἀμέλει
932 5123 1024 5174 καὶ
1059 5120 1329 5189 σύμϐασις
1379 5120 1602 5189 φυσικὴ,
1635 5120 1733 5171 οὑκ

134 5225 201 5275 άν
249 5238 311 5272 εν
368 5218 577 5287 ἰσότητι
613 5232 816 5285 γερων,
864 5216 981 5285 ἦτοι
1028 5216 1127 5282 τῆς
1175 5213 1329 5279 ἀξίας
1374 5215 1731 5281 ὑπάρχοντες,

134 5309 483 5365 ὑποστάσεσι
504 5325 561 5360 τε
586 5307 678 5359 καλ⁵
699 5306 912 5377 γνώμῃ,
939 5308 1015 5367 εἱς
1046 5305 1104 5357 τὸ
1128 5306 1311 5375 ἕτερος
1337 5301 1472 5357 εἶναι
1499 5304 1593 5357 καὶ
1618 5306 1733 5356 ἓτε-

136 5422 231 5475 ρος
279 5400 475 5462 ίδικῶς
518 5400 761 5467 ἀλλήλων
808 5396 1251 5465 ἀπενοσφίζοντο.
1301 5394 1409 5449 Ποῦ
1440 5395 1729 5464 τοιγαροῦν

129 5501 229 5569 τὴν
282 5497 384 5567 σὴν
432 5492 729 5561 συνάφειαν
772 5490 1039 5559 οήσομεν;
1074 5487 1137 5539 Τί
1184 5487 1239 5538 δὲ
1274 5488 1366 5537 καὶ
1398 5486 1591 5554 δράσαι
1642 5485 1728 5537 λο-

131 5588 451 5659 γισόμεθα;
500 5584 934 5652 Ὀμογνωμονεῖν
985 5581 1091 5651 ἄρα
1132 5581 1392 5632 πέπεικεν
1435 5579 1659 5640 αὑτοὺς,
1696 5578 1728 5647 ἦ

132 5682 423 5752 συμϐῆναι
462 5676 875 5747 παρεσκεύασεν
911 5675 990 5735 εἰς
1026 5672 1251 5741 ἑνότητα
1304 5671 1571 5741 μυστικήν
1609 5668 1721 5739 [ἴθ’.

209 5872 247 5898 ⁵*
272 5864 479 5919 Matth.
512 5877 565 5925 ν,
605 5861 686 5913 14.
763 5861 805 5891 ὀ
836 5858 1023 5911 Matth.
1064 5872 1113 5921 ι,
1144 5856 1197 5909 8.

1846 4656 1925 4708 vis
1964 4671 2351 4724 nonnunquam
2393 4660 2653 4726 aqualem
2707 4661 2938 4715 habeant
2987 4665 3267 4731 dignitatis
3295 4679 3420 4732 gra-

1841 4749 1992 4811 dum,
2039 4760 2218 4805 tamen
2272 4752 2503 4806 invicem
2545 4756 2748 4807 distant
2794 4765 2902 4807 tum
2944 4757 3202 4825 singulari
3244 4761 3423 4811 subsi—

1842 4843 2058 4903 stentia,
2104 4853 2213 4896 tuin
2251 4860 2379 4897 vero
2406 4846 2457 4897 in
2496 4860 2559 4899 eo
2589 4848 2730 4913 quod
2762 4864 2864 4900 non
2897 4850 3082 4901 eadem
3119 4865 3305 4915 sapere
3332 4862 3418 4903 at-

1841 4948 1947 5000 que
1991 4934 2250 5001 perficere
2282 4935 2429 4988 libet.
2467 4938 2625 5003 Atqui
2663 4936 2706 4988 si
2750 4937 3028 5006 dignitatis
3063 4941 3197 4991 ratio
3229 4941 3415 4992 vincu-

1843 5026 1949 5079 lum
1992 5038 2134 5081 esset
2170 5028 2532 5081 neceSsarium
2569 5045 2673 5096 quo
2701 5032 2752 5082 in
2797 5030 3055 5083 unitatem
3090 5030 3415 5099 colligeren-

1844 5134 1951 5184 tur,
1994 5131 2050 5172 ttt
2087 5131 2168 5174 est
2210 5118 2392 5188 procul
2427 5120 2588 5173 dubio
2632 5120 2717 5173 illa
2764 5120 3075 5188 conjunctio
3125 5123 3410 5184 naturalis,

1844 5229 2117 5281 nunquam
2157 5212 2209 5264 in
2244 5212 2508 5264 honorum
2542 5212 2625 5265 vel
2656 5212 2934 5281 dignitatis
2973 5213 3281 5281 aequalitate
3321 5231 3414 5283 po-

1840 5305 1948 5368 siti,
2002 5304 2277 5373 hypostasi
2311 5314 2471 5371 atque
2505 5306 2665 5357 etiam
2694 5304 2957 5356 sententia
2988 5305 3237 5370 privatim
3275 5305 3417 5357 inter

1840 5415 1898 5451 se
1924 5399 2349 5465 scjnngerentur,
2380 5394 2485 5465 35
2520 5406 2577 5449 ut
2625 5396 2761 5449 alter
2802 5396 2887 5447 hic
2936 5406 3099 5455 esset,
3134 5395 3220 5447 ille
3255 5395 3409 5449 alter.

1840 5488 1956 5555 Quo
2013 5489 2175 5555 igitur
2231 5487 2346 5539 loco
2406 5496 2549 5538 tuam
2609 5486 3048 5553 conjunctionem
3112 5488 3415 5553 ponemus?

1839 5578 2037 5646 quidve
2086 5576 2301 5630 emcere
2348 5577 2683 5646 putabitnur?
2726 5575 3109 5629 Consentirene
3155 5576 3315 5643 igitur
3362 5574 3415 5628 il-

1842 5670 1904 5724 lis
1959 5669 2250 5737 persuasit.
2286 5678 2379 5721 aut
2438 5667 2562 5723 fecit
2615 5676 2671 5721 ut
2702 5668 2771 5735 .in
2826 5667 3104 5736 tnySticam
3154 5666 3415 5720 unitatem
