4072 6346
592 383 662 437 67
1615 382 1672 436 S.
1714 379 1992 438 CYRILLI
2031 378 2500 437 ALEXANDRINI
2541 378 2861 436 ARCHIEP.
3785 383 3866 438 68

595 496 995 554 couvenirent?
1051 497 1157 553 Sed
1189 496 1369 552 dicere
1396 497 1448 550 id
1485 512 1589 551 non
1634 500 1855 568 poteris.
1889 498 2021 553 Nam
2057 499 2158 552 hac

2286 495 2562 567 ιυσικήν];
2600 494 2740 553 Ἀλλ’
2765 495 2866 547 οὑκ
2898 493 2964 546 ἂν
2999 492 3142 564 ἔχοις
3182 493 3374 546 εἰπεῖν·
3409 490 3704 560 Ἑκδέδειχε
3745 494 3865 561 γὰρ

601 589 811 644 ratione
863 590 1289 644 demonstratum
1321 598 1427 654 est,
1460 589 1603 642 illam
1629 603 1750 643 esse
1781 591 1834 644 in
1884 601 2170 659 utramque

597 689 805 744 partem
838 682 1132 736 admodum
1167 680 1462 734 inﬁrmam.
1507 680 1638 734 Illud
1670 696 1886 752 quoque
1920 683 2050 735 mihi
2083 697 2172 736 ex~

602 769 770 837 plices
817 772 1004 836 velim,
1051 787 1175 826 nam
1221 786 1411 840 rogare
1450 775 1759 826 necessario
1805 787 1989 842 cogor,
2041 773 2168 840 quid

602 862 716 928 ipsa
748 861 986 932 dignitas
1010 863 1210 930 juverit
1240 863 1534 927 hominem,
1563 872 1619 916 ut
1652 863 1765 932 ipse
1810 864 2013 927 dixisti,
2047 878 2168 915 cum

599 953 704 1007 Deo
745 953 922 1009 Verbo
947 954 1316 1018 conjunctum,
1344 963 1398 1007 et
1429 967 1492 1005 ex
1525 952 1750 1006 muliere
1786 953 2006 1006 natum?
2033 952 2166 1005 Num

599 1059 725 1098 vero
756 1060 938 1112 parem
973 1045 1142 1114 gloria
1171 1054 1224 1097 et
1255 1043 1574 1098 excellentia
1607 1044 1865 1107 reddidit,
1900 1054 1953 1096 et
1991 1054 2172 1097 tantus

598 1144 656 1188 ut
689 1146 832 1190 esset
877 1134 1088 1200 eﬂ'ecit,
1132 1147 1393 1204 quantum
1441 1145 1497 1190 et
1555 1136 1728 1204 ipsum
1764 1151 1885 1190 esse
1937 1135 2169 1189 Verbum

594 1226 853 1280 credibile
877 1226 1006 1280 est?
1037 1226 1140 1280 Sed
1162 1227 1432 1294 quomodo
1462 1243 1567 1281 non
1593 1227 1683 1281 ille
1709 1229 2021 1290 mentietur,
2048 1242 2169 1279 cum

595 1318 770 1374 dicit:
825 1335 845 1368 ι
882 1317 1125 1373 Gloriam
1164 1335 1336 1373 meam
1390 1319 1547 1372 alteri
1579 1334 1682 1372 non
1726 1321 1865 1373 dabo
1893 1320 1980 1372 "1?
2013 1338 2031 1370 ι
2065 1319 2173 1371 fru-

595 1420 709 1462 stra
749 1409 913 1465 etiam
966 1419 1198 1479 nugatus
1225 1409 1330 1462 erit
1367 1409 1454 1463 ille
1489 1410 1704 1463 divinus
1736 1410 2038 1462 carminum
2073 1425 2171 1461 au-

596 1511 734 1568 ctor,
793 1501 869 1556 sic
924 1499 1093 1555 ferme
1124 1501 1341 1554 dicens:
1381 1519 1397 1551 ι
1431 1499 1567 1564 Quis
1601 1501 1815 1554 tandem
1851 1502 1902 1553 in
1940 1501 2173 1556 nubibus

594 1592 902 1660 aequabitur
932 1591 1200 1645 Domino?
1228 1600 1320 1643 aut
1361 1591 1483 1659 quis
1516 1590 1709 1644 similis
1747 1591 1849 1643 erit
1890 1591 1998 1644 Deo
2035 1593 2086 1644 in
2121 1590 2176 1643 li-

598 1682 684 1736 liis
711 1683 801 1736 Dei
829 1681 916 1737 “'i
953 1701 971 1733 ι
1008 1683 1089 1736 An
1122 1696 1249 1735 vero
1297 1681 1341 1735 is
1381 1696 1487 1736 non
1531 1682 1636 1735 erit
1660 1682 1802 1736 alius
1831 1683 1899 1735 ab
1936 1682 2025 1736 illo
2063 1697 2171 1736 uno

596 1784 653 1828 et
692 1773 989 1828 secundum
1027 1781 1275 1826 naturain
1310 1772 1406 1828 Dei
1454 1771 1634 1826 Patris
1669 1771 1869 1835 Verbo,
1916 1773 2006 1841 qui
2059 1788 2178 1841 pro-

2268 587 2296 638 ὁ
2326 586 2482 654 λόγος
2532 584 2667 655 πρὸς
2703 585 2870 654 ἄμφω
2901 583 3084 650 ταυτὶ,
3115 581 3250 635 πολὺ
3281 580 3541 634 νοσοῦσαν
3580 580 3640 631 τὸ
3685 577 3866 646 ἀδρα-

2269 678 2376 741 νές.
2404 676 2580 748 Φράζε
2610 675 2666 728 δέ
2700 691 2791 745 μοι
2822 676 3062 728 κάκεῖνο’
3094 673 3508 744 προσερήσομαι
3541 670 3650 741 γὰρ
3680 671 3863 738 ἀναγ-

2270 768 2471 834 καίως,
2526 767 2578 820 τί
2607 766 2668 820 τὸ
2700 766 2798 834 τῆς
2839 765 2997 832 ἀξίας
3043 765 3219 835 ὢνησε
3262 764 3451 835 χρῆμα
3502 763 3614 827 τὸν,
3666 761 3867 829 ὥσπερ

2271 860 2406 930 ἔφης
2430 859 2614 925 αὑτὸς,
2644 857 2722 928 τῷ
2750 857 2868 928 Θεῷ
2892 857 3050 927 Λόγῳ
3079 855 3418 926 συνημμένον
3446 853 3732 924 ἄνθρωπον
3761 853 3866 904 καὶ

2271 954 2335 1005 ὲκ
2358 964 2360 966 ⁷
2385 951 2679 1020 γυναικός;
2713 945 2862 1020 Ἀρα
2898 949 3006 1018 γὰρ
3041 950 3154 1001 ῐσον
3187 947 3468 1018 ἀπέφηνεν
3503 947 3560 998 ὲν
3591 944 3715 1014 δόξῃ
3759 943 3864 995 καὶ

2272 1043 2537 1113 ὑπεροχῇ,
2578 1041 2675 1094 καὶ
2705 1039 2958 1092 τοσοῦτον
2989 1035 3126 1091 εἶναι
3159 1035 3592 1108 παρεσκεύασεν,
3628 1036 3750 1096 ὅσος
3787 1035 3866 1087 ἂν

2272 1131 2413 1188 εἶναι
2442 1133 2748 1187 πιστεύοιτο
2776 1132 2868 1185 καὶ
2897 1130 3092 1194 αὑτός;
3121 1125 3254 1181 Εἶτα
3283 1129 3399 1191 πῶς
3423 1127 3482 1180 οὑ
3509 1125 3866 1195 διαψεύσεται

2272 1227 2465 1294 λέγων,
2501 1244 2519 1276 ‹
2548 1224 2656 1294 Τὴν
2683 1224 2841 1290 δόξαν
2879 1240 2978 1292 μου
3025 1222 3197 1290 ἑτέρῳ
3234 1221 3295 1272 οὑ
3331 1218 3523 1283 δώσω;
3554 1236 3572 1268 ι
3612 1216 3865 1284 πεφλυά-

2277 1333 2409 1386 ρηκε
2442 1316 2496 1368 δὲ
2533 1316 2706 1384 μάτην
2734 1315 2829 1366 καὶ
2861 1312 3024 1376 αὑτὸς
3054 1313 3185 1382 ἡμῖν
3208 1313 3236 1363 ό
3271 1310 3558 1371 θεσπέσιος
3594 1307 3862 1378 μελῳδὸς,

2273 1407 2368 1459 ὡδί
2404 1423 2505 1458 που
2543 1405 2740 1473 λέγων,
2780 1407 2861 1458 ὃτι
2906 1423 2923 1454 ι
2955 1404 3052 1466 Τίς
3097 1406 3152 1456 ὲν
3201 1400 3456 1472 νεφέλαις
3528 1399 3867 1469 ίσωθήσεται

2273 1498 2350 1569 τῷ
2391 1497 2616 1568 Κυρίῳ;
2660 1498 2691 1567 ἢ
2729 1497 2812 1558 τίς
2853 1495 3255 1565 ὁμοιωθήσεται
3296 1492 3374 1563 τῷ
3410 1491 3601 1562 Κυρίῳ
3632 1492 3690 1543 ἐν
3722 1491 3866 1551 υἱοῖς

2273 1588 2439 1654 Θεοῦ;
2465 1609 2483 1641 ι
2527 1590 2597 1641 Ἢ
2632 1589 2730 1657 οὑχ
2764 1588 2949 1657 ἕτερος
2992 1587 3143 1657 παρὰ
3174 1587 3266 1639 τὸν
3295 1586 3392 1638 ἕνα
3422 1586 3516 1638 καὶ
3549 1581 3728 1650 φύσει,
3761 1582 3867 1634 καὶ

2275 1684 2339 1735 ὲκ
2371 1681 2506 1734 Θεοῦ
2550 1681 2764 1751 Πατρὸς
2801 1680 2994 1748 Λόγον,
3022 1680 3049 1731 ὁ
3079 1680 3200 1732 κατ’
3242 1677 3377 1731 ἰδίαν
3430 1675 3726 1729 ὑπόστασιν
3758 1674 3867 1743 τῆς

2275 1775 2411 1844 πρὸς
2456 1773 2618 1826 αὑτὸν
2658 1772 2908 1842 ένότητος
2955 1771 3173 1842 ἀληθῶς
3205 1769 3700 1840 διεσχοινισμένος;
3737 1761 3867 1818 εἶτα

598 1865 728 1935 priae
781 1865 1089 1934 hypostasis
1134 1865 1346 1919 ratione
1398 1879 1527 1918 vere
1576 1863 1648 1918 sit
1688 1863 1756 1917 ab
1791 1861 1913 1931 ejus
1968 1865 2177 1917 unitate

2286 1867 2394 1928 πῶς
2420 1866 2517 1934 οὑχ
2546 1864 2751 1917 ἅπασιν
2781 1863 3041 1935 ὲναργές;
3077 1862 3189 1915 ἀλλ’
3214 1863 3316 1914 οὑκ
3347 1862 3461 1914 ῐσον
3495 1859 3592 1929 μὲν
3631 1858 3709 1925 τῷ
3737 1856 3867 1927 Θεῷ

595 1956 940 2026 disjmictus?
962 1956 1177 2010 cuinam
1201 1969 1328 2011 vero
1356 1955 1409 2011 id
1441 1969 1548 2009 non
1575 1954 1648 2009 sit
1670 1954 2174 2008 evidentissimum?

599 2048 703 2104 Sed
726 2047 1076 2116 coniunctum
1110 2060 1244 2103 sane
1274 2047 1446 2115 ipsum
1485 2045 1627 2098 haud
1658 2046 1866 2116 aequale
1899 2046 2008 2100 Deo
2046 2044 2175 2098 Ver-

600 2137 938 2207 bo,dignitas
971 2136 1119 2201 fecit,
1143 2137 1285 2204 quod
1314 2135 1538 2190 inferius
1567 2136 1658 2189 illo
1684 2151 1805 2190 esse
1834 2136 2173 2206 perspicuum

596 2238 716 2296 est;
743 2227 1007 2297 quomodo
1028 2225 1192 2295 igitur
1223 2229 1387 2279 unun‘t
1425 2226 1625 2280 asseris
1656 2226 1957 2291 Christum,
1992 2237 2045 2280 et
2085 2225 2176 2280 Fi-

603 2319 754 2386 lium,
790 2327 846 2374 et
889 2316 1197 2382 Dominum,
1230 2318 1484 2386 quamvis
1516 2333 1676 2381 unus,
1708 2320 1849 2387 quod
1886 2317 2178 2371 sententia-

601 2426 719 2464 rum
754 2409 859 2463 vim
897 2410 1112 2474 attinet,
1145 2411 1218 2463 sit
1249 2410 1621 2478 praestantior,
1659 2409 1798 2462 alter
1836 2409 2082 2471 inferior,
2125 2418 2179 2462 ct

600 2503 719 2570 ejus
749 2501 1028 2571 majestate
1060 2513 1114 2555 et
1156 2501 1326 2570 gloria
1364 2499 1586 2554 minor?
1625 2499 1914 2564 Praeterea,
1951 2510 2005 2555 nt
2050 2500 2178 2554 illud

601 2606 818 2661 quoque
865 2592 950 2644 his
1003 2605 1121 2659 quae
1157 2591 1396 2644 diximus
1451 2589 1764 2658 adjungam,
1820 2591 2064 2655 donavit,
2122 2601 2179 2644 ut

606 2682 718 2749 ipse
746 2680 1044 2743 existimat,
1081 2679 1209 2734 illud
1239 2694 1304 2732 ex
1348 2679 1457 2733 Deo
1488 2678 1649 2733 Patre
1690 2680 1926 2732 Verbum
1960 2680 2031 2732 illi
2066 2697 2179 2732 mu-

604 2770 754 2825 lieris
787 2770 898 2822 ﬁlio
939 2785 1094 2825 suam
1135 2770 1305 2839 ipsius
1337 2769 1679 2841 dignitatem.
1715 2770 1819 2823 Sed
1866 2772 1966 2823 hoc
2003 2773 2176 2840 ipsum

603 2875 836 2930 quonam
874 2863 1117 2916 sitmodo
1148 2873 1380 2930 gestum,
1415 2862 1711 2929 exquirere
1738 2873 1822 2916 est
1845 2879 2023 2931 opera
2053 2879 2176 2933 pre-

607 2953 738 3005 tium
773 2967 785 3004 :
821 2949 956 3004 Num
991 2953 1102 3020 ipse
1135 2966 1347 3022 quoque
1402 2951 1577 3006 lactus
1608 2964 1689 3006 est
1734 2952 1822 3005 lux
1856 2956 2019 3008 tera?
2050 2973 2176 3009 num

605 3058 672 3097 ex
705 3051 895 3096 natura
927 3043 1088 3110 Deus,
1120 3052 1172 3097 et
1200 3044 1328 3103 vita,
1355 3052 1406 3096 et
1445 3057 1623 3096 rerum
1662 3045 1862 3113 opifex,
1888 3057 1943 3099 et
1969 3050 2181 3115 sapien-

609 3137 703 3200 tia,
741 3145 796 3190 et
822 3137 1012 3201 virtus,
1044 3135 1222 3205 imago
1253 3135 1416 3187 etiam
1453 3145 1507 3188 et
1556 3135 1814 3204 splendor
1863 3139 2178 3191 substantia:

2279 1957 2437 2025 Λόγῳ
2467 1953 2765 2023 πεποίηκεν
2807 1953 2839 2022 ὴ
2887 1952 3012 2014 ἀξία
3043 1951 3105 2002 τὸ
3151 1947 3526 2018 συνημμένον·
3556 1944 3751 2016 ὁρᾶται
3789 1959 3866 2012 γε

2284 2049 2390 2116 μὴν
2416 2048 2509 2097 καὶ
2546 2046 2691 2097 ἔστιν
2717 2045 2773 2095 ἐν
2805 2043 2983 2113 μείοσι
3003 2059 3016 2072 ⁸
3054 2041 3170 2103 πῶς
3202 2036 3295 2093 οὖν
3336 2040 3433 2092 ἕνα
3463 2038 3567 2109 φὴς
3598 2036 3860 2105 Χριστὸν,

2282 2140 2374 2192 καὶ
2414 2138 2564 2203 Υἰὺν,
2595 2137 2688 2190 καὶ
2716 2135 2942 2205 Κύριον,
2975 2135 3151 2186 καίτοι
3181 2131 3510 2204 προύχοντος
3555 2130 3670 2193 ἐνὸς
3716 2127 3868 2180 κατά

2281 2249 2344 2299 γε
2377 2230 2485 2284 τῶν
2528 2228 2744 2282 ἐννοιῶν
2775 2228 2869 2296 τὴν
2906 2227 3154 2296 δύναμιν,
3183 2226 3278 2277 καὶ
3312 2221 3634 2293 ὑφιζηκότος
3671 2220 3864 2290 ἑτέρου

2282 2324 2379 2393 τῆς
2411 2321 2547 2393 πρὸς
2589 2320 2752 2373 αὑτὸν
2803 2317 3046 2388 ίσότητός
3074 2333 3134 2369 τε
3169 2316 3264 2368 καὶ
3292 2313 3482 2383 δόξης;
3521 2311 3728 2373 Ἀλλως
3773 2326 3864 2373 τε,

2284 2414 2633 2486 προσεποίσω
2669 2412 2777 2482 γὰρ
2809 2405 2888 2472 οἷς
2932 2410 3067 2478 ἔφην
3102 2408 3198 2460 καὶ
3235 2405 3376 2465 τόδε.
3406 2403 3702 2474 δεδώρηται
3734 2401 3864 2454 κατ’

2282 2505 2442 2560 αὑτὸν
2468 2507 2495 2556 ό
2521 2505 2583 2555 ὲκ
2618 2501 2753 2554 Θεοῦ
2789 2499 3000 2569 Πατρὸς
3028 2498 3196 2566 Λόγος
3221 2497 3320 2567 τὴν
3350 2496 3484 2550 ίδίαν
3514 2495 3671 2559 ἀξίαν
3696 2490 3772 2562 τῷ
3792 2491 3866 2543 ὲκ

2283 2596 2574 2666 γυναικός·
2612 2592 2752 2645 κατὰ
2784 2592 2906 2643 τίνα
2952 2590 3010 2643 δὲ
3055 2589 3255 2661 τρόπον
3298 2588 3432 2640 αὑτὸ
3476 2586 3540 2656 δὴ
3571 2584 3720 2638 τουτὶ
3758 2600 3866 2636 πε-

2285 2687 2526 2759 πράχθαι
2574 2684 2740 2754 φησὶ,
2792 2681 3097 2754 βασανίζειν
3146 2676 3492 2749 ἀξιον.⁷Αρα
3537 2692 3728 2746 γειιονε
3766 2676 3869 2727 καὶ

2286 2776 2449 2838 αὑτὸς
2476 2775 2592 2843 φῶς
2631 2771 2919 2842 ἀληθινόν;
2944 2767 3092 2841 Ἀρα
3129 2769 3291 2838 φύσει
3325 2769 3476 2830 Θεὸς,
3503 2768 3596 2820 καὶ
3627 2765 3738 2835 ζωὴ
3766 2767 3869 2818 καὶ

2284 2869 2633 2940 δημιουργὸς,
2663 2868 2757 2920 καὶ
2787 2865 2946 2933 σοφία
2981 2867 3075 2918 καὶ
3103 2864 3352 2932 δύναμις,
3374 2861 3537 2915 εἰκὼν
3567 2863 3660 2914 καὶ
3687 2860 3869 2914 ἀπαύο

2285 2978 2474 3030 γασμα
2501 2960 2601 3026 τῆς
2638 2958 2984 3018 ὑποστάσεως
3015 2955 3107 3007 τοῦ
3136 2954 3377 3024 Πατρός;
3409 2954 3502 3006 καὶ
3532 2953 3600 3007 τὰ
3626 2954 3723 3022 τῆς
3751 2952 3873 3006 ἀνω

2284 3052 2441 3121 δόξης
2499 3050 2951 3118 πλεονεκτήματα
3005 3043 3291 3114 κεχώρηκε
3353 3045 3597 3113 φυσικῶς
3646 3045 3726 3106 είς
3767 3043 3871 3095 ἕνα

2285 3145 2409 3196 τινὰ
2446 3141 2552 3193 τῶν
2585 3138 3004 3208 πεποιημένων;
3029 3137 3094 3189 Τί
3126 3134 3217 3188 οὖν
3258 3137 3373 3188 ἐστι
3411 3136 3471 3189 τὸ
3505 3135 3778 3202 ἐξαίρετον
3806 3134 3873 3186 ὲν

611 3227 807 3293 Patris,
835 3238 889 3281 et
917 3227 1005 3279 illa
1036 3226 1252 3280 eximia:
1278 3241 1340 3277 ac
1373 3240 1643 3292 supremae
1688 3227 1834 3280 illius
1869 3227 2054 3294 gloriae
2089 3244 2180 3280 or-

2286 3233 2361 3304 τῴ
2394 3231 2531 3285 κατὰ
2563 3231 2724 3300 φύσιν
2754 3229 2873 3298 Θεῷ
2898 3246 2911 3291 ;
2941 3229 2991 3280 τί
3021 3228 3082 3279 τὸ
3121 3227 3264 3297 μέγα
3319 3227 3414 3280 καὶ
3447 3227 3588 3297 ὑπὲρ
3618 3228 3783 3296 ἡμᾶς,
3814 3227 3873 3277 εἰ

610 3330 859 3372 namenta
892 3319 943 3371 in
979 3333 1139 3369 unum
1171 3317 1403 3381 aliquem
1437 3331 1466 3369 e
1495 3316 1699 3369 creatis
1738 3317 2050 3370 hominibus
2086 3335 2180 3370 na-

617 3410 865 3463 turaliter
892 3409 1261 3462 inﬂuxerunt?
1288 3409 1421 3474 Quid
1448 3407 1612 3476 igitur
1637 3408 1895 3459 eximium
1934 3422 2014 3460 csr
2041 3411 2092 3460 in
2119 3424 2182 3461 eo

610 3502 902 3556 secundum
932 3511 1175 3552 naturam
1225 3499 1373 3551 Deo?
1430 3500 1563 3565 quid
1613 3513 1864 3566 magnum
1914 3509 1967 3550 et
2019 3511 2180 3565 supra

611 3606 731 3656 nos,
763 3591 806 3644 si
843 3589 926 3644 fas
947 3599 1028 3644 est
1057 3597 1364 3642 creaturam
1393 3591 1476 3642 liis
1515 3589 1673 3644 b0nis
1700 3605 1822 3658 quae
1852 3589 1969 3656 ipse
1999 3589 2180 3654 habet,

610 3694 668 3738 et.
722 3685 938 3753 quidem
989 3681 1438 3745 substantialiter,
1494 3696 1655 3748 posse
1713 3679 2061 3748 locupletari?
2114 3679 2188 3731 At

614 3776 758 3831 enim
796 3775 1109 3842 dignitatem
1159 3781 1415 3839 tanquam
1468 3772 1791 3841 participata
1845 3775 2077 3825 l'ortasse
2115 3773 2188 3825 di-

617 3869 738 3922 vina
783 3865 1096 3918 excellentia
1153 3865 1320 3930 gessit
1371 3881 1384 3916 :
1435 3863 1598 3932 igitur
1637 3864 1740 3917 duo
1791 3879 1980 3918 rursus
2029 3873 2190 3918 erunt

619 3959 805 4032 procul
853 3957 1014 4012 dubio
1086 3958 1231 4023 ﬁlii,
1277 3956 1548 4025 siquidem
1616 3971 1805 4009 verum
1877 3965 1960 4009 est
2002 3958 2069 4008 ab
2123 3968 2190 4007 eo

621 4051 763 4120 quod
808 4049 1268 4117 participationem
1307 4048 1637 4116 impertitur,
1682 4048 1952 4100 diversum
1990 4062 2108 4100 esse
2137 4055 2191 4098 et

621 4143 844 4198 inferius
880 4141 1172 4194 secundum
1209 4150 1481 4201 naturam,
1530 4139 1580 4192 id
1615 4139 1757 4207 quod
1793 4139 1911 4192 ideo
1955 4138 2191 4190 honora-

620 4244 730 4300 tur,
763 4233 887 4302 quia
942 4237 1005 4284 ad
1049 4232 1221 4298 ipsum
1274 4231 1586 4284 relationem
1622 4231 1802 4282 habet.
1845 4229 2193 4282 Convinceris

620 4342 750 4397 ergo
777 4342 842 4380 ne
877 4340 936 4379 ea
969 4325 1185 4392 quidem
1219 4323 1357 4376 scire
1387 4337 1507 4390 qu?e
1541 4321 1697 4373 dicis.
1731 4321 1841 4372 Cur
1884 4328 2060 4370 antem
2102 4333 2194 4371 eos

623 4432 850 4472 accusas
874 4415 964 4484 qui
990 4429 1147 4475 voces
1178 4413 1229 4467 in
1265 4411 1572 4478 Evangeliis
1604 4409 1806 4476 positas
1831 4409 1917 4461 uni
1957 4422 2195 4475 persanata

627 4509 869 4561 tribuunt
889 4505 911 4558 ’ἰ
931 4507 1123 4558 Annon
1152 4503 1289 4566 ideo,
1342 4501 1464 4568 quia
1492 4514 1627 4551 novo
1650 4513 1797 4551 more
1827 4499 1959 4551 duos
1987 4497 2194 4549 inducis

2285 3326 2559 3395 ἐνδέχεται
2616 3324 2716 3392 τὴν
2768 3321 2945 3373 κτίσιν
2996 3320 3390 3372 καταπλουτεῖν
3438 3318 3722 3379 δύνασθαι,
3770 3317 3875 3369 καὶ

2284 3416 2440 3468 τοῦτο
2472 3413 2768 3476 οὑσιωδῶς,
2811 3413 2879 3464 τὰ
2913 3414 2969 3465 ὲν
3009 3406 3090 3475 οἷς
3133 3413 3280 3464 ἐστιν
3311 3411 3523 3479 ἀγαθάς
3567 3411 3680 3464 ἀλλ’
3703 3412 3776 3474 ὡς
3807 3412 3874 3462 ὲν

2290 3506 2502 3576 μεθέξει
2552 3504 2649 3573 τῆς
2697 3504 2847 3566 θείας
2898 3503 3058 3571 τυχὸν
3108 3502 3383 3572 ὑπεροχῆς
3436 3501 3715 3572 πεφόρηκε
3769 3501 3874 3572 τὴν

2287 3595 2478 3657 ἀξίως
2514 3593 2616 3645 Δύο
2651 3593 2713 3661 δὴ
2747 3592 2909 3644 πάλιν
2949 3590 3334 3659 ἀναμφιλόγως
3363 3591 3491 3652 υἱοὶ,
3522 3591 3680 3662 εἴπερ
3719 3592 3872 3645 ἐστὶν

2287 3688 2505 3756 ἀληθὲς,
2545 3687 2620 3746 ὡς
2646 3686 2831 3754 ἕτερόν
2872 3702 2944 3745 τι,
2974 3686 3065 3735 καὶ
3094 3683 3315 3735 ἔλαττον
3352 3683 3491 3736 κατὰ
3536 3683 3697 3751 φύσιν
3727 3685 3872 3751 ἐστὶ,

2288 3779 2382 3832 τοῦ
2430 3782 2527 3849 τὴν
2578 3778 2792 3848 μέθεξιν
2845 3776 3204 3846 ἐμποιοῦντος
3255 3776 3435 3846 αὑτῷ,
3478 3778 3538 3830 τὺ
3577 3780 3758 3849 σχέσει
3799 3785 3872 3852 τῇ

2292 3867 2424 3937 πρὸς
2459 3866 2619 3918 αὑτὸν
2662 3865 2972 3934 τιμώμενον
2997 3882 3009 3894 ·
3043 3865 3227 3935 ὰλώσῃ
3261 3866 3324 3936 δὴ
3357 3863 3448 3919 οὖν
3477 3869 3597 3921 οὐδὲ
3641 3871 3795 3934 εἰδὼς
3832 3872 3875 3927 ἃ

2289 3958 2489 4023 λέγεις.
2531 3956 2693 4025 Αίτιᾷ
2731 3956 2786 4008 δὲ
2819 3955 2934 4008 ἀνθ’
2960 3957 3081 4008 ὅτου
3120 3959 3246 4020 τοὺς
3277 3958 3357 4010 ἐνὶ
3397 3961 3671 4032 προσώπῳ
3704 3979 3874 4033 προσ-

2291 4047 2554 4124 νέμοντας
2589 4046 2686 4109 τὰς
2727 4048 2784 4098 ὲν
2826 4049 2936 4109 τοῖς
2963 4048 3314 4115 Εὑαγγελίοις
3349 4051 3564 4117 φωνάς;
3594 4049 3719 4124 'Ap'
3750 4055 3875 4124 οὑχὶ

2291 4136 2382 4189 δύο
2423 4136 2759 4206 καινοτομῶν
2790 4137 2967 4200 υίούς;
2998 4138 3119 4202 Πῶς
3148 4139 3256 4209 γὰρ
3289 4140 3370 4193 ἔτι
3399 4143 3603 4212 Κύριος
3641 4140 3740 4210 εἷς,
3774 4147 3874 4198 καὶ

2293 4227 2544 4297 Χριστὸς,
2572 4228 2665 4278 καὶ
2700 4227 2847 4290 Υἱὸς,
2875 4230 2922 4279 εί
2965 4229 3257 4297 πρόσωπον
3288 4231 3452 4284 ίδικὸν
3482 4235 3745 4305 ἐκατέρῳ,
3776 4240 3876 4291 καὶ

2295 4317 2470 4384 λόγος,
2519 4318 2609 4369 καὶ
2647 4317 2750 4387 μὴν
2797 4319 2892 4369 καὶ
2942 4318 3274 4386 ὑπόστασις,
3322 4322 3680 4393 ἀναχωροῦσα
3731 4328 3874 4397 πρὸς

2296 4409 2608 4478 ἑτερότητα,
2639 4410 2730 4461 καὶ
2761 4408 2819 4460 τὸ
2846 4409 2943 4479 τῆς
2973 4408 3206 4478 ἀληθοῦς
3235 4411 3482 4476 ένώσεως
3514 4415 3703 4485 χρῆμα
3732 4435 3874 4488 παρ-

2297 4499 2625 4569 αιτουμένη,
2681 4499 2771 4551 καὶ
2825 4499 2884 4552 τὸ
2941 4500 3257 4569 ἀσύμϐατον
3309 4502 3616 4573 ὁλοτρόπως
3677 4506 3875 4576 ἔχουσα

629 4596 805 4652 lilios?
847 4593 980 4648 Nam
1015 4592 1282 4661 quomodo
1315 4604 1453 4642 unus
1482 4590 1590 4658 jam
1637 4588 1911 4652 Dominus,
1953 4597 2006 4641 et
2036 4586 2182 4641 Chri-

2304 4590 2439 4659 πρὸς
2457 4563 2561 4660 ’τὴν
2581 4563 2816 4660 ⁷ιὲτέρα.ν;
2841 4591 2950 4643 Καὶ
2979 4591 3038 4642 τό
3052 4563 3131 4658 ’γε
3171 4563 3470 4662 παράδοξον
3509 4563 3605 4647 καί
3627 4563 3736 4650 τῶῦ
3773 4600 3875 4652 αὑ-

624 4701 742 4745 stus
769 4695 824 4740 et
850 4685 1018 4739 Filius
1037 4683 1161 4745 erit,
1183 4683 1226 4736 si
1250 4681 1462 4748 utrique
1487 4695 1579 4733 sua
1611 4695 1834 4748 persona
1855 4690 1936 4734 est
1964 4690 2016 4734 et
2040 4682 2198 4745 ratio,

626 4781 737 4852 36
750 4788 911 4848 atque
930 4777 1090 4830 etiam
1109 4773 1431 4845 liypostasis,
1451 4773 1516 4825 ad
1540 4773 1903 4826 diversitatem
1922 4774 2199 4837 secedens,

627 4884 684 4928 et
713 4887 825 4926 rem
852 4884 993 4924 vera:
1026 4867 1240 4921 unionis
1284 4880 1559 4927 recusans,
1589 4873 1642 4918 et
1673 4880 1790 4932 qua:
1829 4866 2047 4918 omnino
2073 4879 2195 4918 cum

629 4964 798 5019 altera
833 4961 1124 5016 convenire
1161 4974 1265 5012 non
1301 4957 1510 5027 possit?
1542 4957 1800 5024 Quodque
1829 4956 1916 5010 vix
1941 4956 2198 5010 credibile

628 5064 736 5121 est,
784 5061 838 5108 et.
889 5053 1006 5122 ejus
1057 5050 1506 5119 blasphemiarum
1561 5049 1944 5117 turpitudinem
1993 5048 2192 5117 prodit,

629 5144 935 5201 communia
967 5141 1097 5195 dicit
1138 5154 1260 5194 esse
1309 5141 1420 5193 haec
1464 5139 1698 5202 nomina,
1747 5138 1913 5193 Filius
1955 5140 2193 5206 inquam,

629 5249 683 5293 et
706 5237 978 5297 Christus,
1011 5243 1064 5286 et
1098 5231 1352 5285 Dominus
1381 5249 1394 5285 ε
1430 5245 1548 5299 qua:
1588 5231 1633 5284 si
1674 5232 1745 5282 ita
1777 5230 2079 5284 communia
2109 5229 2195 5282 di-

631 5330 727 5391 cit,
757 5334 815 5380 ut
849 5326 937 5378 uni
971 5323 1212 5386 Christo,
1237 5331 1290 5375 et
1314 5321 1633 5390 quibusdam
1660 5332 1853 5389 prazter
1879 5321 2047 5390 ipsum
2079 5320 2195 5375 aliis

630 5414 976 5479 conveniant,
1006 5427 1115 5465 non
1141 5410 1371 5464 absurda
1402 5410 1516 5480 ejus
1543 5410 1647 5464 erit
1668 5410 1861 5465 oratio.
1896 5410 1987 5463 Siti
2025 5411 2196 5478 impe-

631 5508 733 5560 rite
771 5502 1048 5572 disjungit,
1083 5508 1339 5570 putatque
1368 5514 1429 5552 ea
1470 5499 1761 5565 convenire
1794 5507 1846 5553 et
1888 5499 1989 5567 ipsi
2023 5498 2197 5554 Verbo

632 5595 905 5666 privatim,
929 5603 980 5646 et
1008 5592 1079 5646 illi
1112 5606 1173 5647 ex
1208 5590 1433 5646 muliere
1474 5590 1618 5656 lilio;
1656 5591 1762 5645 duo
1793 5589 1946 5662 plane
1984 5606 2196 5648 rursum

702 5772 742 5801 θ’
770 5769 870 5823 lsa.
897 5785 1023 5836 uti,
1057 5768 1109 5822 8.
1202 5767 1246 5798 “
1272 5765 1414 5822 Psal.
1448 5781 1709 5833 Lxxxvm,
1748 5766 1800 5822 7.

2303 4681 2397 4734 τοῦ
2428 4680 2747 4750 δυσφημιῶν
2785 4682 3082 4751 ἀποφαῖνον
3109 4683 3205 4752 τὴν
3231 4683 3513 4755 βδελυρίαν
3533 4703 3545 4714 ·
3578 4689 3729 4741 κοινά
3768 4708 3872 4763 φη-

2307 4788 2390 4823 σιν
2429 4766 2566 4824 εἶναι
2600 4771 2667 4824 τὰ
2711 4772 2970 4841 ὀνόματα,
3019 4774 3078 4824 τό
3115 4790 3172 4825 τε
3217 4774 3370 4839 Υἱὸς,
3396 4775 3558 4846 φημὶ,
3602 4779 3694 4831 καὶ
3738 4781 3876 4850 Χρι-

2306 4863 2426 4925 στὸς
2465 4863 2560 4914 καὶ
2600 4863 2837 4933 Κύριοςο
2870 4865 2962 4916 καὶ
2992 4866 3040 4916 εί
3081 4866 3178 4934 μὲν
3206 4861 3343 4919 εἶναι
3388 4867 3543 4921 κοινά
3592 4886 3754 4940 φησιν
3796 4870 3874 4936 ὡς

2303 4952 2385 5005 ἐνὶ
2413 4951 2489 5022 τῷ
2522 4953 2760 5023 Χριστῷ,
2789 4954 2881 5006 καί
2910 4971 3019 5006 τισι
3052 4957 3179 5025 παρ’
3209 4955 3371 5010 αὑτὸν
3396 4957 3622 5027 ἑτέροις,
3664 4959 3776 5029 έχοι
3805 4959 3874 5013 ἂν

2300 5042 2443 5105 είκὸς
2479 5043 2508 5095 ό
2539 5043 2695 5111 λόγος
2726 5043 2890 5114 αὑτῷ.
2935 5045 2996 5097 Ei
3026 5045 3083 5098 δὲ
3117 5046 3381 5118 διῖστησιν
3425 5049 3671 5119 ἀμαθῶς,
3703 5050 3876 5105 οἴεταί

2302 5151 2358 5186 τε
2393 5133 2623 5204 πρέπειν
2661 5134 2799 5188 αὑτὰ
2833 5136 2927 5188 καὶ
2967 5137 3147 5200 ίδικῶς
3184 5137 3262 5207 τῷ
3289 5138 3465 5209 Λόγῳ,
3509 5141 3602 5192 καὶ
3646 5142 3751 5210 μὴν
3799 5142 3876 5212 τῷ

2303 5224 2368 5276 ὲκ
2407 5223 2684 5291 γυναικὸς,
2710 5224 2803 5278 δύο
2847 5243 2949 5278 που
2979 5229 3196 5291 πάντως
3241 5228 3401 5282 πάλιν
3440 5230 3535 5283 καὶ
3573 5232 3877 5302 ἀναμφιλό-

2301 5333 2410 5384 γως
2441 5318 2687 5387 Χριστοὶ,
2721 5319 2814 5370 καὶ
2847 5319 2988 5383 Υίοὶ,
3021 5321 3114 5373 καὶ
3149 5320 3362 5392 Κύριον
3389 5321 3490 5393 ἔφη
3531 5324 3660 5395 γὰρ,
3695 5326 3776 5378 ὃτι
3814 5326 3879 5377 τὸ

2302 5409 2531 5479 Χριστὸς
2561 5409 2751 5480 ὄνομα,
2787 5411 2917 5463 ποτὲ
2957 5411 3056 5480 μὲν
3110 5412 3291 5467 θετέον
3338 5415 3431 5468 ἐπὶ
3477 5417 3575 5486 τῆς
3622 5414 3878 5484 θεότητος

2303 5503 2492 5571 αὑτῆς,
2526 5503 2655 5555 ποτε
2684 5503 2742 5555 δὲ
2773 5504 2866 5557 καὶ
2891 5505 2983 5558 ἐπὶ
3012 5505 3107 5575 τῆς
3134 5505 3567 5577 ἀνθρωπότητος,
3600 5505 3632 5576 ἦ
3671 5506 3763 5559 καὶ
3789 5507 3879 5559 ἐπ’

2301 5594 2502 5665 ἀμφοῖν
2521 5611 2534 5627 ο
2573 5595 2817 5666 ὀνήσειεν
2848 5596 2892 5650 δ’
2919 5597 2984 5651 ἂν
3013 5599 3046 5667 ἡ
3076 5599 3365 5669 ὁμωνυμία
3400 5598 3459 5651 τὸ
3502 5598 3744 5668 σύμπαν,
3785 5599 3881 5651 οὑ-
