4072 6346
157 381 219 436 69
1276 383 1653 439 ADVERSUS
1694 382 2096 441 NESTORIUM
2139 384 2265 440 LIB.
2310 378 2376 438 11.
3351 384 3423 441 70

156 504 256 570 δὲν,
284 503 364 565 εῑς
401 519 465 571 γε
504 500 566 555 τὸ
603 501 713 556 δεῖν
753 500 848 557 ἕνα
882 502 1119 557 νοεῖσθαι
1165 505 1422 575 Χριστὸν,
1462 506 1557 558 καὶ
1589 506 1726 572 Υἱὸν,

1842 516 1895 562 et
1928 507 2067 562 citra
2097 507 2487 561 dubitationem
2515 512 2673 560 erunt
2704 500 2931 568 Christi,
2974 510 3029 557 et
3058 499 3205 565 Filii,
3240 508 3287 555 et
3318 502 3419 556 Do-

157 596 243 649 καὶ
275 593 500 663 Κύριον,
535 594 805 664 τέμνοντα
834 594 958 664 δίχα
997 593 1093 646 τοῦ
1138 598 1233 648 καὶ
1270 597 1440 660 αὑτάς
1483 597 1726 667 ἀλλήλων

1840 598 1992 653 mini.
2046 598 2191 652 Dixit
2235 602 2377 653 enim
2429 595 2630 651 Christi
2680 610 2874 650 nomen
2918 608 3302 661 nonnunquam
3357 594 3421 646 de

154 686 245 747 τὰς
283 683 612 746 ὑποστάσεις
638 685 940 753 άποφοιτᾷν
964 700 975 712 ·
1006 686 1101 738 καὶ
1128 687 1208 747 εἰς
1241 687 1413 758 ἱδικὴν
1443 689 1726 758 ἑτερότητα

1839 689 1951 758 ipsa
1998 688 2297 752 divinitate,
2348 702 2734 754 nonnunquam
2790 687 2857 741 de
2912 684 3274 747 humanitate,
3332 691 3419 735 aut

156 776 258 827 τῶν
300 776 606 844 προσώπων
652 775 1075 845 διεσταλμένων.
1119 778 1371 847 Ἐμφανῆ
1409 780 1516 847 γὰρ
1544 781 1726 851 ὥσπερ

1837 781 2002 833 etiam
2038 779 2103 833 de
2138 790 2367 847 utroque
2415 778 2842 847 intelligendum.
2888 774 2945 830 In
2984 775 3294 829 universum
3325 790 3393 826 au

158 870 285 937 ἡμῖν
337 868 603 930 καθιστάς
646 871 744 937 τῆς
795 870 1023 939 ἐνούσης
1073 870 1221 940 αὐτῷ
1270 871 1577 941 δυσμαθίας
1635 874 1726 943 τὴν

1839 882 1944 925 tem
1977 871 2107 923 nihil
2137 870 2463 924 dividentem
2495 871 2695 939 juverit
2717 870 2955 936 ejusdem
2988 869 3222 922 nominis
3250 869 3421 936 aequi-

157 959 399 1030 δύναμιν,
438 961 781 1030 προσεπάγει
812 962 905 1014 καί
938 971 1123 1032 φησιν·

1835 964 2048 1017 vocatio
2074 963 2125 1016 iu
2152 964 2276 1026 hoc,
2308 973 2363 1014 ut
2396 978 2534 1016 unus
2569 962 2818 1015 Christus
2851 961 3205 1029 intelligatur,
3232 970 3285 1013 et
3332 958 3419 1012 Fi-

158 1057 275 1115 lius.
312 1066 367 1110 et
393 1055 673 1119 Dominus,
705 1058 917 1112 etiamsi
965 1058 1093 1127 ipsae
1156 1058 1478 1129 bypostases
1534 1058 1765 1113 invicem
1801 1059 2065 1128 sejunctas
2130 1077 2236 1113 non
2275 1059 2404 1121 sint,
2448 1073 2509 1113 ac
2557 1072 2799 1127 personae
2845 1060 3062 1126 propria
3109 1056 3421 1112 diversitate

158 1146 443 1202 distinctae.
480 1143 550 1199 Ut
577 1148 721 1200 enim
754 1162 864 1201 suae
895 1150 1049 1204 nobis
1088 1150 1373 1218 imperitiae
1404 1153 1511 1204 vim
1544 1157 1818 1219 ostendat,
1849 1152 2092 1221 adiungit
2121 1162 2173 1206 et
2201 1154 2275 1205 ait
2313 1171 2325 1207 :

224 1238 417 1311 [Ὅταν
453 1235 544 1292 οῦν
570 1242 602 1311 η
636 1239 753 1293 θεία
778 1242 967 1313 Γραφὴ
1005 1243 1171 1314 μέλλῃ
1193 1244 1393 1311 λέγειν,
1419 1246 1452 1315 ἢ
1489 1246 1726 1315 γέννησιι

1914 1247 2177 1320 [Νεετοιι.
2222 1246 2323 1302 Ubi
2349 1248 2510 1317 igitur
2543 1262 2710 1302 sacra!
2733 1245 2949 1300 Litterae
2976 1246 3057 1301 vel
3084 1248 3420 1301 nativitatem

155 1331 242 1385 τοῦ
279 1330 513 1402 Χριστοῦ
557 1331 652 1401 τὴν
684 1334 747 1385 ἐκ
781 1334 879 1402 τῆς
912 1335 1183 1406 μακαρίας
1219 1336 1521 1408 Παρθένου,
1570 1338 1601 1407 ἢ
1635 1338 1726 1391 θά-

1841 1339 2044 1395 Christi
2081 1343 2144 1395 de
2176 1340 2330 1394 beata
2358 1339 2580 1410 Virgine
2610 1349 2703 1393 aut
2733 1338 2849 1409 ejus
2872 1348 3099 1393 mortem
3122 1346 3419 1407 exponunt,

155 1440 330 1489 νατον,
359 1421 594 1491 οὐδαμοῦ
638 1424 886 1490 φαίνεται
916 1426 1130 1481 τιθεῖσα
1152 1465 1167 1491 ,
1207 1426 1362 1493 Θεὸς,
1394 1428 1509 1481 ἀλλ’
1534 1429 1566 1499 ἢ
1603 1431 1726 1500 Χρι-

1840 1450 2100 1503 nusquam
2121 1444 2324 1503 ponunt
2343 1433 2530 1498 Deum,
2557 1434 2648 1487 sed
2672 1433 2753 1488 vel
2775 1434 3069 1497 Christum,
3098 1434 3177 1486 vel
3202 1433 3417 1496 Filium,

156 1517 295 1580 στος,
332 1514 366 1585 ἢ
398 1515 542 1581 Υἱὸς,
570 1515 601 1585 ἢ
640 1515 866 1585 Κύριος.
906 1518 1128 1585 Ἐπειδὴ
1158 1518 1332 1572 ταῦτα
1366 1520 1433 1573 τὰ
1462 1522 1591 1592 τρία
1620 1523 1726 1576 τῶν

1840 1525 1921 1579 vel
1944 1526 2258 1591 Dominum;
2290 1541 2410 1578 nam
2435 1526 2547 1578 haac
2568 1526 2669 1578 tria
2693 1524 2827 1578 duas
2850 1534 3071 1577 naturas
3091 1523 3418 1593 signiﬁcant,

152 1610 241 1661 δύο
279 1607 495 1677 φύσεών
531 1610 639 1661 εἰσι
671 1611 989 1680 σημαντικά
1013 1626 1026 1639 ³
1053 1612 1181 1664 ποτὲ
1214 1613 1314 1682 μὲν
1342 1613 1569 1684 ταύτης,
1596 1616 1726 1668 ποτέ

1838 1633 1976 1671 nunc
2020 1618 2181 1681 hanc,
2234 1632 2378 1670 nunc
2434 1616 2609 1680 illam;
2657 1630 2801 1669 nunc
2839 1623 2894 1669 et
2941 1617 3076 1669 hanc
3120 1625 3175 1667 et
3226 1614 3368 1666 illam
3401 1630 3415 1643 ·

150 1704 193 1755 δ’
232 1704 474 1773 ἐκείνης.
523 1704 655 1756 ποτέ
684 1705 741 1757 δὲ
774 1690 978 1776 ταύτης
1018 1709 1309 1779 κάκείνης’
1341 1707 1453 1765 οἷόν
1488 1728 1539 1763 τι
1574 1712 1726 1780 λέγω1

1842 1708 1990 1761 verbi
2017 1710 2210 1776 gratia,
2237 1724 2356 1761 cum
2382 1709 2529 1761 illam
2555 1723 2585 1761 e
2608 1707 2745 1761 caelo
2770 1707 3107 1761 nativitatem
3140 1704 3418 1774 Scriptura

151 1797 275 1848 ὅταν
308 1796 407 1866 τὴν
438 1795 496 1860 ἐξ
535 1796 765 1866 ούρανοῦ
797 1798 1052 1869 γέννησιν
1088 1800 1221 1870 ἡμῖν
1249 1802 1281 1871 ἡ
1314 1801 1505 1873 Γραφὴ
1547 1803 1726 1875 sum.

1841 1800 1997 1854 nobis
2012 1800 2251 1869 exponit,
2272 1798 2401 1866 quid
2421 1798 2536 1853 ait?
2554 1798 2698 1853 Misit
2728 1798 2868 1852 Deus
2884 1796 3077 1851 Filium
3096 1812 3250 1851 suum
3276 1814 3290 1863 ;
3313 1811 3417 1850 non

150 1891 258 1952 ται,
298 1888 349 1940 τί
382 1888 563 1957 λέγεις
606 1889 1019 1955 Ἐξαπέστειλεν
1047 1893 1075 1944 ό
1107 1891 1238 1956 Θεὸς
1266 1893 1358 1946 τὸν
1392 1894 1520 1948 Υἱὸν
1547 1895 1726 1949 αὑτοῦ.

1839 1900 2016 1945 autem
2049 1907 2064 1945 :
2104 1889 2252 1945 Misit
2280 1890 2417 1945 Dens
2434 1891 2597 1943 Deum
2634 1888 2892 1953 Verbum,
2923 1890 3017 1943 sed
3045 1904 3239 1943 nomen
3257 1888 3421 1941 sumit

151 1979 264 2033 Οὐκ
287 1975 461 2046 εἶπεν,
482 1980 894 2045 Ἐξαπέστειλεν
915 1984 942 2034 ό
959 1982 1091 2047 Θεὸς
1115 1983 1207 2036 τὸν
1232 1984 1363 2038 Θεὸν
1387 1986 1578 2054 Λόγονο
1603 1985 1726 2039 ἀλλὰ

1843 1981 1984 2051 quod
2012 1983 2146 2035 duas
2175 1992 2395 2035 naturas
2424 1982 2789 2035 indicatznam
2812 1981 2934 2049 quia
2967 1980 3130 2034 Filius
3158 1980 3317 2032 homo
3335 1988 3419 2031 est

150 2068 417 2141 λαμϐάνει
454 2072 515 2124 τὸ
560 2073 729 2140 ὄνομα
761 2072 821 2123 τὸ
860 2072 1065 2141 μηνύον
1104 2074 1204 2135 τὰς
1257 2074 1449 2143 φύσεις
1484 2076 1585 2140 τὰς
1620 2077 1734 2132 δύο.

164 2162 381 2233 Ἐπειδὴ
412 2162 519 2232 γὰρ
547 2165 575 2214 ό
605 2163 737 2226 Υἱὸς
769 2162 1055 2232 ἅνθρωπός
1086 2164 1201 2216 ἐστι
1233 2167 1327 2218 καὶ
1361 2166 1514 2230 Θεὸς,
1549 2166 1695 2236 λέγει
1722 2185 1735 2198 ’

155 2268 171 2299 ι
212 2251 623 2317 Ἐξαπέστειλεν
647 2252 738 2305 τὸν
788 2252 917 2305 Υῐὸν
960 2252 1126 2306 αὑτοῦ
1174 2254 1516 2326 γεννώμενον
1542 2257 1605 2308 ἐκ
1637 2274 1736 2325 γυ-

149 2342 370 2404 ναικός·
403 2362 421 2395 ι
459 2342 548 2396 ἵνα
595 2343 721 2395 ὅταν
767 2342 1008 2414 ἀκούσῃς
1048 2343 1109 2396 τὸ
1158 2343 1497 2413 γεννώμενον
1530 2345 1593 2398 ἐκ
1633 2363 1735 2413 γυι-

150 2430 360 2493 ναικὸς,
385 2425 502 2483 εἶτα
526 2431 638 2502 ἴδῃς
666 2432 727 2484 τὸ
751 2432 917 2502 ὄνομα
944 2432 1301 2503 προκείμενον
1322 2433 1383 2484 τὸ
1409 2435 1612 2504 μηνύον
1639 2436 1736 2497 τὰς

150 2522 340 2589 φύσεις
375 2522 473 2585 τὰς
498 2522 611 2588 δύο,
646 2523 732 2576 τνα
766 2525 863 2594 τὴν
896 2523 1150 2595 γέννησιν
1188 2527 1288 2593 τὴν
1322 2525 1386 2578 ὲκ
1417 2526 1513 2595 τῆς
1559 2543 1737 2596 μακα-

153 2612 270 2682 ρίας
304 2612 606 2683 Παρθένου,
638 2613 769 2666 Υῑοῦ
804 2613 1115 2684 μὲν,καλῇς
1136 2631 1148 2644 ·
1183 2614 1309 2667 Υἱὸν
1338 2614 1447 2685 γὰρ
1474 2616 1733 2686 ἐγέννησε

146 2702 282 2757 Θεοῦ
345 2708 439 2758 καὶ
468 2707 500 2775 ὴ
534 2706 896 2776 Χριστοτόκος
926 2705 1218 2775 Παρθένος.
1259 2705 1398 2758 Ἀλλ’
1428 2707 1724 2776 ἐπειδήπερ

1841 2088 1904 2128 ac
1939 2073 2102 2138 Dens,
2136 2074 2349 2141 inquit:
2376 2092 2392 2123 ι
2432 2072 2786 2127 MisitFilium
2818 2088 2973 2126 suum
3010 2081 3191 2125 natum
3221 2087 3285 2124 ex
3304 2085 3414 2122 mu-

1840 2164 1971 2219 liere
1999 2165 2079 2229 ";
2106 2183 2124 2216 ι
2151 2175 2345 2218 utcunt
2375 2164 2636 2230 audieris,
2671 2176 2853 2233 natum
2878 2178 2945 2217 ex
2974 2163 3215 2225 muliere,
3242 2162 3416 2215 conti-

1840 2268 1947 2309 nuo
1968 2253 2151 2307 videas
2169 2254 2511 2322 praepositum
2539 2268 2731 2307 nomen
2753 2252 2896 2322 quod
2929 2253 3063 2305 duas
3095 2261 3317 2305 naturas
3339 2252 3419 2303 in-

1840 2344 2007 2407 dicat,
2043 2352 2099 2397 ut
2135 2343 2471 2396 nativitatem
2506 2357 2571 2397 ex
2602 2343 2756 2398 beata
2794 2343 3010 2413 Virgine
3036 2343 3153 2397 Filii
3188 2358 3308 2396 esse
3338 2343 3418 2395 di-

1840 2449 1955 2499 cas;
1978 2449 2099 2488 nam
2132 2433 2221 2487 Dei
2248 2433 2441 2488 Filium
2466 2434 2829 2501 genuitetiam
2853 2434 2941 2488 illa
2966 2433 3165 2489 Christi
3184 2434 3416 2500 genitrix

1840 2526 2023 2595 Virgo.
2058 2526 2162 2581 Sed
2188 2527 2312 2595 quia
2341 2525 2435 2581 Dei
2461 2526 2631 2581 Filius
2647 2527 2839 2596 duplex
2876 2536 2959 2582 est
3003 2527 3295 2581 secundum
3323 2542 3418 2579 na-

1840 2623 2015 2679 turas,
2043 2617 2229 2685 genuit
2269 2616 2684 2681 humanitatem,
2716 2632 2836 2687 quae
2887 2627 2973 2671 est
3016 2616 3157 2672 lilius
3198 2626 3417 2687 propter

1835 2709 2177 2777 conjunctum
2213 2708 2314 2761 sibi
2350 2707 2595 2781 Filium]

144 2796 171 2845 ὁ
208 2795 337 2859 Υἱὸς
364 2798 458 2849 τοῦ
488 2798 622 2850 Θεοῦ
646 2798 865 2860 διπλοῦς
894 2798 1010 2850 ἐστι
1044 2797 1145 2860 τὰς
1167 2796 1379 2865 φύσεις,
1406 2798 1664 2869 ἐγέννησε
1694 2798 1813 2867 [οὑκ
1848 2799 2130 2871 ἐγέννησε]
2166 2800 2265 2872 μὲν
2294 2800 2385 2854 τὸν
2415 2800 2543 2857 Υὶὸν
2583 2798 2679 2853 τοῦ
2710 2798 2867 2865 Θεοῦ,
2890 2799 3005 2853 ἀλλ’
3034 2799 3287 2871 ἐγέννησε
3318 2799 3416 2871 τὴν

144 2887 563 2961 άνθρωπότητα,
583 2892 704 2961 ἥτις
733 2894 883 2945 ἐστὶν
904 2892 1040 2959 υἱὸς,
1067 2893 1156 2949 διὰ
1182 2893 1273 2947 τὸν
1302 2894 1646 2966 συνημμένον
1667 2892 1841 2965 Tum]

759 3032 1010 3087 ΚΕΦΑΛ.
1046 3034 1119 3089 B'.

225 3162 369 3215 Ἀλλ’
404 3162 563 3232 ἡμεῖς
592 3178 676 3229 γε,
718 3155 763 3215 ὦ
792 3163 927 3226 ’τᾶν,
953 3164 1001 3217 οἱ
1035 3165 1142 3217 τῶν
1177 3164 1283 3217 σῶν
1322 3168 1730 3238 τερετισμάτων

139 3252 206 3305 τά
247 3251 460 3322 ἀμείνω
494 3253 711 3321 φρονεῖν
744 3253 1071 3320 ἐγνωκότες·
1106 3255 1201 3307 καὶ
1234 3255 1333 3324 τῆς
1367 3255 1730 3310 θεοπνεύστου

138 3344 371 3413 Γραφῆς
419 3343 831 3413 ἰχνηλατοῦντες
872 3345 962 3398 τὸν
995 3345 1196 3424 κόσμον
1228 3344 1338 3417 [ἵσ.
1366 3347 1611 3419 σκοπὸν],
1639 3348 1733 3400 ἕνα

138 3434 415 3503 λεγούσης
456 3435 547 3485 τὸν
582 3434 802 3503 Πατέρα
838 3434 931 3487 καὶ
957 3434 1087 3489 Θεὸν
1128 3436 1187 3499 ἐξ
1218 3429 1277 3488 οῦ
1305 3435 1373 3490 τὰ
1408 3439 1605 3503 πάντα,
1640 3441 1733 3491 καὶ

138 3527 232 3578 ἕνα
280 3526 485 3596 Κύριον
520 3524 728 3594 Ἰησοῦν
774 3525 1029 3593 Χριστὸν,
1063 3525 1129 3577 δι’
1159 3520 1219 3579 οῦ
1252 3527 1320 3579 τὰ
1361 3528 1537 3580 πάντα
1585 3546 1729 3597 παρ-

136 3618 281 3688 ήχθη
338 3616 473 3687 πρὸς
522 3615 758 3683 γένεσιν,
804 3616 931 3667 ὅταν
976 3614 1298 3685 ἀκούσωμεν
1328 3618 1393 3669 ἐκ
1437 3619 1535 3687 τῆς
1568 3618 1731 3685 ἁγίας

138 3709 422 3779 Παρθένου
473 3705 833 3776 γεγεννῆσθαι
886 3706 1149 3775 Χριστὸν,
1192 3707 1314 3759 τότε
1346 3707 1432 3777 δὴ,
1468 3708 1588 3760 τότε
1636 3712 1731 3762 xui.

138 3801 288 3868 μάλα
340 3800 660 3869 ἐμφρόνως,
692 3796 787 3851 καὶ
824 3798 946 3849 κατ’
973 3796 1101 3849 εὐθὺ
1141 3797 1240 3868 τῆς
1288 3798 1546 3868 ἀληθείας
1591 3800 1728 3853 ἱέναι

139 3892 563 3956 σπουδάζοντες,
600 3890 691 3943 τὸν
721 3892 784 3942 ἐκ
816 3888 949 3941 Θεοῦ
984 3888 1195 3958 Πατρὸς
1232 3888 1405 3957 φύντα
1434 3889 1606 3958 Λόγον
1645 3893 1730 3943 ἐν-

134 3982 502 4054 ανθρωπῆσαί
550 3982 614 4051 γέ
662 3998 862 4051 φαμεν,
922 3981 1015 4032 καὶ
1046 3980 1330 4050 σένωθῆναι
1395 3982 1559 4052 σαρκὶ
1605 3983 1726 4036 καθ’

135 4076 463 4139 ὑπόστασιν,
496 4073 820 4143 γεννηθῆναί
849 4090 907 4126 τε
938 4072 1077 4126 κατὰ
1119 4074 1296 4143 σάρκα
1316 4089 1330 4105 ⁶
1361 4076 1456 4128 καὶ
1496 4076 1592 4146 τῆς
1628 4077 1728 4147 σῆς

131 4171 212 4231 εἰς
246 4167 414 4221 τοῦτο
439 4165 725 4235 τερθρείας
756 4164 853 4216 οὐκ
888 4161 1188 4232 ἀνεξόμεθα
1210 4181 1223 4195 ·
1257 4165 1337 4217 ἐνὶ
1367 4165 1422 4217 δὲ
1455 4166 1548 4217 καὶ
1583 4167 1726 4236 μόνῳ

131 4260 210 4327 τῷ
262 4258 413 4312 κατά
457 4255 617 4325 φύσιν
653 4253 765 4325 Υἰῷ
810 4254 872 4306 τὸ
912 4254 1145 4324 Χριστὸς
1180 4253 1350 4323 ὄνομα
1396 4258 1728 4327 προσνεμοῦ-

2505 3030 2656 3087 CAP.
2701 3030 2762 3085 II.

1907 3167 1977 3221 At
2008 3182 2107 3221 nos
2150 3176 2316 3230 certe,
2349 3181 2380 3220 o
2421 3167 2502 3219 vir
2549 3167 2775 3235 optime,
2824 3166 2912 3234 qui
2948 3165 3053 3218 tuis
3102 3165 3257 3232 nugis
3302 3180 3415 3219 me-

1837 3258 1968 3312 liora
2006 3258 2208 3311 sentire
2241 3257 2599 3323 decrevimus,
2643 3264 2697 3310 et
2741 3255 3043 3309 divinarum
3086 3252 3418 3308 Litterarum

1836 3349 2170 3418 propositum
2214 3350 2661 3417 pervestigamus,
2713 3362 2833 3415 quae
2884 3346 3071 3400 dicunt
3106 3361 3270 3400 unum
3317 3345 3415 3399 Pa-

1835 3449 1970 3493 trem
2006 3448 2058 3493 et
2107 3440 2273 3493 Deum
2316 3454 2381 3494 ex
2434 3454 2541 3507 quo
2587 3439 2791 3500 omnia,
2822 3446 2874 3492 et
2919 3453 3082 3491 unum
3129 3440 3415 3493 Dominum

1833 3527 2015 3581 Jesum
2066 3528 2360 3591 Chrismm,
2406 3544 2503 3595 per
2550 3542 2709 3595 quem
2746 3527 2927 3580 omnia
2972 3536 3030 3581 ut
3072 3537 3252 3582 essent
3290 3544 3414 3597 pro-

1834 3620 1991 3673 ducta
2032 3618 2245 3684 sunt”,
2276 3633 2398 3673 cum
2442 3619 2693 3674 audimus
2740 3633 2802 3673 ex
2832 3619 2938 3688 37
2968 3629 3157 3674 sancta
3195 3620 3413 3689 Virgine

1832 3722 2017 3766 natum
2054 3724 2175 3764 esse
2199 3710 2498 3773 Christum,
2528 3709 2670 3763 illico
2698 3709 2991 3778 prudenter
3023 3710 3311 3764 admodum
3358 3718 3414 3765 ct

1832 3814 1983 3859 recto
2035 3804 2100 3857 ad
2145 3804 2430 3857 veritatem
2477 3803 2672 3857 itinere
2717 3809 3093 3870 properantes,
3160 3801 3289 3855 illml
3343 3815 3409 3855 ex

1832 3894 1943 3950 Deo
1965 3893 2131 3949 Patre
2159 3905 2343 3947 natum
2371 3892 2601 3949 Verbum
2627 3894 2897 3947 hominem
2923 3894 3123 3948 factum
3152 3895 3408 3960 dicimus,

1829 3994 1882 4039 et
1930 3986 2139 4038 unitum
2189 3984 2339 4037 carni
2390 3982 2686 4037 secundum
2735 3983 3091 4054 bypostasim,
3122 3993 3178 4039 et
3223 3992 3408 4038 natum

1830 4074 2126 4129 secundum
2167 4088 2410 4138 carnem,
2465 4084 2520 4127 et
2569 4082 2686 4128 tuas
2734 4074 2789 4127 in
2843 4074 2944 4129 hac
3000 4090 3059 4130 re
3107 4077 3407 4147 praestigias

1838 4165 1984 4219 nullo
2040 4164 2202 4219 modo
2250 4164 2518 4233 patiemur
2548 4182 2562 4218 :
2592 4164 2686 4218 sed
2731 4164 2824 4218 uni
2872 4174 2926 4217 et
2973 4166 3071 4218 soli
3109 4169 3405 4222 secundum

1831 4267 2077 4311 naturam
2114 4256 2253 4310 Filio
2282 4256 2481 4311 Christi
2521 4272 2715 4312 nomen
2744 4258 3041 4311 tribuemus
3071 4275 3085 4319 ;
3111 4267 3165 4312 et
3192 4258 3406 4326 quidem

133 4369 259 4420 μεν,
292 4349 522 4410 εἰκότως
544 4348 899 4417 ’.γεννήσεως
927 4346 1353 4417 ὀνομαζομένης,
1380 4347 1481 4418 τῆς
1512 4347 1599 4402 διὰ
1628 4351 1726 4420 τῆς

1832 4349 1971 4419 iure,
2002 4363 2121 4403 cum
2151 4349 2236 4403 illa
2267 4363 2361 4417 per
2392 4360 2633 4402 sanctam
2668 4347 2942 4418 Virginem
2971 4349 3157 4414 editio,
3185 4365 3409 4417 genera-

128 4442 299 4509 ἁγίας
332 4439 636 4509 Παρθένου.
672 4438 839 4490 Κοινὰ
872 4438 970 4506 μὲν
1003 4439 1133 4509 γάρ,
1163 4438 1237 4501 ὼς
1267 4438 1425 4509 ἔφην,
1458 4440 1603 4511 αύτῴ
1634 4442 1725 4494 καὶ

1832 4444 1903 4495 tio
1939 4451 2299 4509 nuncupetur.
2347 4440 2668 4495 Communia
2722 4455 2954 4509 namque
2999 4452 3125 4495 sunt
3173 4442 3246 4495 illi
3282 4458 3404 4497 eum

128 4533 349 4603 ἑτέροις
396 4522 507 4581 εἶεν
537 4528 603 4580 ἂν
637 4527 706 4579 τά
750 4527 926 4579 τοιάδε
968 4528 1075 4581 τῶν
1111 4528 1392 4597 ὀνομάτων
1430 4528 1723 4599 ὁμολογου-

1833 4535 1953 4587 aliis
1982 4548 2219 4603 quoque,
2248 4542 2305 4587 ut
2328 4532 2463 4598 dixi,
2495 4531 2758 4601 ejusmodi
2800 4533 3041 4587 nomina.
3072 4532 3222 4586 Multi
3260 4548 3407 4586 nam-

131 4624 341 4692 μένως.
386 4619 580 4673 Πολλοὶ
619 4619 729 4691 γὰρ
768 4619 875 4671 υἱοὶ
908 4619 1049 4671 κατὰ
1096 4619 1276 4689 χάριν,
1314 4621 1405 4673 καὶ
1449 4621 1578 4685 θεοὶ,
1629 4623 1722 4674 καὶ

126 4716 340 4785 κύριοι,
376 4713 434 4765 έν
462 4729 521 4764 τε
565 4711 779 4782 οὐρανῷ
829 4713 922 4764 καὶ
956 4712 1047 4763 ἐπὶ
1081 4712 1181 4781 τῆς
1218 4713 1341 4782 γῆς,
1376 4713 1518 4765 καθά
1563 4716 1655 4767 καὶ
1696 4718 1723 4767 ό

127 4808 431 4868 θεσπέσιος
456 4793 588 4874 ἡμῖν
615 4804 816 4873 γράφει
855 4802 1088 4867 Παῦλος,
1133 4803 1270 4873 πλὴν
1301 4803 1377 4866 ὡς
1417 4806 1475 4858 ἐν
1508 4805 1722 4874 μεθέξει

123 4900 222 4952 τοῦ
252 4898 406 4952 κατὰ
432 4896 613 4964 φύσιν,
642 4896 733 4947 καὶ
763 4894 903 4947 κατά
936 4896 1185 4966 μίμησιν.
1214 4894 1286 4947 Τὸ
1316 4894 1372 4947 δέ
1402 4912 1465 4963 γε
1490 4896 1720 4967 Χριστὸς

123 4990 305 5061 ὄνομά
335 5006 399 5041 τε
434 4988 526 5040 καὶ
554 4986 765 5056 χρῆμα,
798 4985 997 5055 πρέποι
1043 4984 1108 5037 ἂν
1153 4984 1272 5037 κατ’
1300 4984 1489 5037 οὐδένα
1522 4986 1719 5055 τρόπον

121 5080 203 5151 τῷ
245 5084 315 5134 ἐκ
360 5078 578 5149 Πατρὸς
618 5078 732 5129 ὄντι
764 5075 921 5146 Λόγῳ
970 5074 1181 5146 γυμνῷ,
1225 5077 1318 5130 καὶ
1358 5077 1479 5129 καθ’
1507 5077 1715 5142 ἑαυτὸν,

123 5176 221 5228 καὶ
246 5172 360 5237 ἔξω
389 5170 591 5240 σαρκὸς
610 5168 745 5239 πρὸς
768 5167 921 5237 ἡμῶν
943 5167 1235 5237 νοουμένῳ.
1262 5169 1323 5221 Εἰ
1345 5168 1401 5221 δέ
1421 5169 1485 5239 δὴ
1508 5167 1716 5235 λέγοιτο

121 5264 377 5320 κενῶσαί
414 5279 473 5314 τε
508 5260 719 5327 ἑαυτὸν,
748 5259 841 5313 καῖ
877 5260 935 5311 ἐν
965 5260 1029 5329 τῇ
1059 5258 1151 5311 τοῦ
1185 5258 1367 5312 δούλου
1396 5260 1714 5313 καθικέσθαι

126 5360 348 5430 μορφῇ,
384 5355 479 5407 καὶ
517 5351 638 5404 καθ’
675 5353 823 5420 ἡμᾶς
862 5349 1113 5418 γενέσθαι
1142 5349 1229 5401 διὰ
1260 5350 1357 5416 τὴν
1399 5349 1598 5420 σάρκα,
1628 5366 1716 5402 κε-

122 5455 405 5524 κλήσεται
434 5448 528 5499 καὶ
558 5445 742 5508 αὐτὸς,
762 5444 849 5497 διά
890 5460 969 5496 τοι
1010 5442 1071 5495 τὸ
1105 5442 1411 5514 κεκρίσθαι,
1450 5444 1680 5513 Χριστός
1700 5458 1712 5472 ⁸

121 5546 183 5597 οὐ
222 5544 342 5613 γὰρ
375 5541 663 5609 κέχρισται
696 5536 816 5589 κατ’
846 5534 981 5588 ἰδίαν
1016 5534 1177 5603 φύσιν
1206 5534 1335 5595 Θεὸς
1360 5533 1435 5587 ὣν
1463 5535 1489 5587 ὁ
1514 5533 1680 5601 Λόγος
1703 5550 1715 5564 ι

120 5633 325 5702 γέγονε
355 5628 418 5683 δὲ
445 5627 646 5699 μᾶλλον
674 5628 707 5697 ἡ
736 5625 912 5696 χρίσις
938 5623 1087 5693 αὐτῷ
1119 5626 1243 5694 περὶ
1265 5624 1326 5676 τὸ
1358 5622 1715 5695 ἀνθρώπινον.

1833 4640 1936 4693 que
1981 4625 2076 4678 lilii
2123 4625 2424 4679 secundum
2483 4624 2733 4690 gratiam,
2773 4631 2826 4676 et
2868 4624 2961 4687 dii,
2992 4632 3047 4677 et
3096 4624 3299 4677 domini
3349 4624 3402 4677 in

1830 4716 1974 4770 cmlo
2008 4726 2061 4771 et
2105 4717 2157 4769 in
2207 4728 2375 4778 terra,
2413 4724 2471 4768 ut
2500 4715 2691 4768 beatus
2737 4714 2936 4770 Paulus
2974 4716 3251 4781 scribit",
3304 4718 3400 4771 sed

1828 4806 1947 4874 ejus
1983 4808 2394 4877 participatione
2426 4816 2586 4876 atque
2624 4808 2944 4873 imitatione,
2982 4808 3072 4878 qui
3102 4811 3399 4864 secundum

1829 4906 2079 4951 naturam
2127 4898 2386 4968 ejusmodi
2433 4908 2535 4953 est.
2571 4898 2641 4951 At
2686 4913 2814 4952 vero
2854 4898 3053 4953 Christi
3097 4914 3290 4953 nomen
3333 4917 3401 4955 ac

1829 5004 1933 5052 res,
1971 4987 2147 5044 Verbo
2179 4989 2251 5042 illi
2287 5004 2351 5044 ex
2380 4988 2539 5043 Patre
2570 4989 2873 5049 exsistenti,
2907 5004 2970 5043 ac
3006 4989 3150 5043 nudo
3172 5000 3225 5042 et
3248 5004 3397 5044 seor-

1825 5079 1926 5133 sim
1954 5086 2009 5131 et
2057 5084 2207 5131 extra
2238 5092 2455 5131 carnem
2506 5077 2868 5144 considerato,
2903 5078 3047 5132 nullo
3079 5079 3237 5133 modo
3266 5093 3399 5132 con-

1829 5172 1998 5223 venit.
2052 5170 2201 5235 Quod
2245 5170 2288 5223 si
2342 5168 2539 5223 dicitur
2576 5168 2808 5237 seipsum
2858 5169 3186 5234 exinanisse,
3239 5179 3292 5224 et
3340 5170 3394 5223 in

1822 5261 1963 5315 servi
2010 5259 2184 5314 l‘orma
2239 5260 2603 5325 descendisse,
2646 5270 2701 5314 et
2744 5260 2946 5315 factum
2999 5260 3168 5314 fuisse
3214 5262 3392 5315 nostri

1822 5352 2052 5407 similem
2100 5361 2321 5421 propter
2369 5367 2589 5406 carnem
2614 5354 2681 5417 ⁸⁸,
2713 5353 2827 5421 ipse
2872 5366 3087 5421 quoque
3124 5362 3392 5419 quatenus

1822 5455 2020 5501 unctus
2071 5453 2179 5510 est,
2203 5444 2452 5499 Christus
2476 5445 2759 5500 vocabitur
2789 5464 2801 5499 :
2831 5459 2940 5498 non
2986 5445 3128 5498 enim
3156 5443 3390 5498 Verbum

1824 5536 1967 5603 quod
2018 5533 2159 5589 Deus
2200 5543 2320 5589 erat
2345 5534 2640 5589 secundum
2682 5549 2833 5589 suam
2878 5543 3128 5589 naturam
3174 5544 3255 5587 est
3293 5550 3394 5587 un-

1827 5635 1993 5689 ctum,
2026 5624 2123 5679 sed
2154 5624 2321 5694 ipsius
2368 5624 2552 5681 unctio
2587 5624 2764 5696 potius
2817 5624 2869 5680 in
2913 5625 3147 5681 hominis
3202 5633 3395 5678 natura

199 5806 462 5863 “Galat.
499 5821 571 5869 tv,
604 5806 655 5858 4.
732 5805 817 5859 "l
848 5804 971 5861 Cor.
1009 5820 1127 5871 vttt,
1156 5803 1209 5859 6.
1285 5802 1330 5835 "
1365 5803 1495 5857 Ibid.
1527 5802 1578 5856 5.
1656 5800 1701 5830 ”

1832 5800 1953 5871 lipp.
1990 5817 2048 5865 ll,
2080 5801 2129 5868 7,
2166 5802 2216 5855 8.
