4072 6346
605 391 666 446 τι
1611 384 1669 439 S.
1709 383 1988 438 CYRILLI
2035 381 2508 438 ALEXANDRINI
2558 381 2877 438 ARCHIEP.
3833 382 3905 436 7‘2

612 513 734 567 fuit.
773 509 865 565 Sic
912 508 1078 579 igitur
1116 505 1207 562 illo
1239 516 1557 576 antegresso
1587 506 1640 559 in
1683 521 1790 574 quo
1834 507 2017 560 unctio
2061 505 2200 560 facta

2314 505 2465 558 Οῦτω
2498 502 2790 576 τοιγαροῦν
2821 500 3260 572 προσϐεϐηκότος
3291 500 3520 564 ἐκείνου,
3557 499 3685 570 περὶ
3715 517 3775 553 ου
3809 500 3906 566 γέε

608 610 691 657 est
733 603 881 669 (nam
929 597 1045 666 ejus
1096 599 1312 668 pr0pria
1356 597 1671 651 humanitas
1726 599 1890 651 estin
1943 612 2046 665 qua
2097 595 2198 650 fuit

610 693 838 760 unctio),
877 706 998 744 cum
1027 690 1303 744 Christum
1333 689 1484 742 illum
1512 689 1868 756 appellamus,
1902 703 2006 742 non
2050 699 2108 740 ut
2143 696 2195 740 tu

608 784 869 839 eﬂ'reuale
911 783 1190 852 loqueris,
1250 796 1596 837 communem
1644 782 1916 835 hominem
1965 797 1992 834 a
2020 781 2199 835 Verbo

613 874 870 937 divisum,
907 883 960 926 et
993 872 1224 926 seorsim
1259 874 1493 940 positum
1521 887 1585 924 ex
1621 883 1804 924 sancta
1841 870 2059 940 Virgine
2093 871 2200 922 edi-

613 975 725 1018 tum
782 979 1056 1034 putamus,
1101 966 1193 1018 sed
1245 965 1442 1032 ipsum,
1497 974 1553 1015 ut
1583 963 1713 1027 dixi,
1775 979 1838 1017 ex
1889 962 1996 1016 Deo
2039 962 2201 1015 l’atre

612 1054 875 1121 Verbum,
903 1057 1112 1110 unitum
1157 1054 1332 1118 carni,
1368 1062 1424 1106 et
1457 1052 1577 1106 oleo
1608 1051 1988 1104 exsultationis
2031 1065 2060 1104 a
2093 1052 2200 1104 Deo

613 1156 670 1201 et
708 1145 872 1202 Patre
920 1156 1142 1200 unctum
1181 1143 1519 1197 humanitus.
1558 1141 1730 1196 Porro
1775 1141 1869 1195 Dei
1906 1141 2066 1196 Verbi
2101 1157 2200 1193 uu-

614 1239 847 1292 ctionem
891 1237 944 1291 in
982 1235 1319 1291 humanitate
1354 1232 1552 1289 factam
1585 1233 1779 1296 fuisse,
1821 1246 1930 1301 quo
1962 1241 2203 1300 tempore

614 1328 810 1383 similis
844 1328 1003 1382 nobis
1045 1325 1322 1396 apparuit,
1374 1340 1543 1379 sacrae
1581 1323 1804 1378 Litterae
1835 1323 1991 1378 nobis
2016 1332 2205 1378 osten-

613 1419 763 1471 dent.
797 1417 930 1471 Cum
967 1417 1109 1470 enim
1144 1417 1337 1470 beatus
1362 1415 1532 1470 Jacob
1566 1423 1788 1483 paterna
1818 1413 1980 1468 domo
1999 1414 2204 1468 cedens

615 1509 669 1564 in
707 1508 1149 1577 MesOpotamiam
1185 1517 1456 1577 pergeret,
1499 1517 1553 1560 et
1589 1506 1654 1561 ad
1688 1506 1871 1559 Laban
1917 1505 2206 1558 contende-

615 1614 700 1658 ret
735 1602 1012 1656 Batltuelis
1043 1602 1234 1666 lilium,
1261 1602 1313 1655 in
1344 1601 1517 1654 locum
1545 1601 1833 1668 quemdam
1862 1599 2201 1667 interjectum

616 1695 886 1764 pervenit,
923 1693 1107 1760 ibique
1137 1692 1468 1756 diversatus,
1504 1693 1558 1745 in
1597 1691 1936 1760 suppositum
1970 1689 2204 1757 lapidem

617 1785 902 1839 inclinavit
929 1793 1108 1854 caput,
1142 1791 1196 1837 et
1237 1797 1488 1837 somnum
1525 1782 1699 1850 cepit;
1735 1797 1799 1837 ac
1843 1796 1938 1850 per
1966 1781 2203 1849 quietem

2308 614 2465 665 γονεν
2497 599 2529 666 ή
2563 597 2742 667 χρίσις
2788 593 2974 666 (αὑτοῦ
3008 595 3172 666 γὰρή
3213 589 3648 662 ὲνανθρώπησις,
3683 592 3810 663 περί
3841 584 3907 643 οὗ

2309 690 2534 757 γέγονεν
2559 690 2592 758 ή
2624 686 2848 759 χρίσις),
2878 687 3157 756 ὃτανήμῖν
3189 682 3524 754 ὀνομάζηται
3555 682 3810 752 Χριστὸς,
3841 682 3906 734 ού

2309 781 2451 836 κατά
2487 797 2550 848 γε
2605 780 2703 851 τὴν
2745 780 2843 849 σὴν
2884 778 3305 848 ἀθυροστομίαν,
3360 774 3645 847 ἄνθρωπον
3707 773 3905 837 ἁπλῶς

2310 871 2751 940 ὑποτοπήσομεν,
2774 870 3103 941 διῃρημένον
3132 867 3228 921 τοῦ
3252 868 3446 936 Λόγου,
3480 868 3574 920 καί
3600 866 3704 920 ἀνά
3734 867 3908 936 μέρος

2309 962 2582 1031 κείμενον,
2623 964 2687 1014 ὲκ
2719 964 2818 1032 τῆς
2857 961 3018 1029 ἁγίας
3050 960 3300 1028 τετέχθαι
3332 960 3631 1029 Παρθένου,
3664 959 3776 1012 ἀλλ’
3807 960 3910 1011 αὐ-

2309 1053 2420 1118 τὸν,
2451 1054 2526 1117 ὼς
2562 1052 2686 1124 ἔφη,
2721 1053 2810 1106 τὸν
2862 1054 2926 1106 ἐκ
2964 1051 3100 1106 Θεοῦ
3154 1052 3366 1122 Πατρδς
3412 1051 3585 1120 Λόγον
3628 1050 3907 1104 ἑνωθέντα

2313 1145 2481 1216 σαρκὶ
2508 1183 2523 1208 ,
2566 1144 2658 1197 καὶ
2689 1143 2767 1215 τῷ
2801 1144 2963 1214 ἐλαίῳ
2994 1145 3094 1214 τῆς
3132 1143 3507 1210 ἀγαλλιάσεως
3544 1140 3909 1212 κεχρισμένον

2310 1234 2665 1306 ἀνθρωπίνως
2706 1236 2859 1306 παρά
2893 1234 2986 1288 τοῦ
3016 1234 3151 1290 Θεοῦ
3181 1234 3276 1288 καὶ
3306 1234 3538 1305 Πατρός.
3567 1234 3688 1287 Ὅτι
3719 1233 3776 1285 δὲ
3809 1231 3909 1300 γέ-

2311 1344 2435 1396 γονε
2461 1327 2540 1398 τῷ
2562 1327 2682 1398 Θεῷ
2707 1328 2866 1398 Λόγῳ
2899 1328 3028 1400 περὶ
3063 1327 3125 1381 τὸ
3155 1325 3494 1397 ἀνθρώπινον
3523 1327 3556 1397 ή
3583 1325 3782 1396 χρίσις,
3811 1326 3906 1378 ὅτε

2313 1421 2520 1491 πέφηνε
2558 1420 2679 1473 καθ’
2707 1422 2875 1491 ἡμᾶς,
2912 1421 3056 1492 ἱερὸν
3086 1422 3237 1490 ἡμᾶς
3273 1419 3604 1472 πιστώσεται
3640 1419 3679 1471 Γ
3684 1419 3907 1490 ρὰμμα.

2323 1509 2382 1563 '0
2415 1510 2513 1581 μὲν
2541 1512 2649 1582 γὰρ
2675 1511 2960 1575 θεσπέσιος
2997 1511 3209 1575 Ἰακὼϐ,
3237 1513 3336 1581 τῆς
3367 1509 3462 1564 τοῦ
3495 1511 3708 1581 Πατρὸς
3738 1509 3910 1563 ἀπαί-

2318 1616 2424 1671 ρων
2463 1601 2680 1666 ἑστίας,
2724 1603 2805 1664 είς
2837 1601 2940 1672 τὴν
2966 1599 3078 1653 τῶν
3123 1599 3394 1670 ποταμῶν
3429 1601 3670 1670 ὑπήγετο
3706 1601 3907 1671 μέσην,

2314 1695 2408 1746 καὶ
2446 1694 2583 1764 πρὸς
2612 1693 2799 1748 Λάϐαν
2829 1693 2914 1764 ᾔει
2941 1692 3034 1748 τὸν
3066 1693 3160 1747 τοῦ
3198 1691 3466 1763 Βαθουὴλ,
3495 1693 3574 1744 ἐνὶ
3597 1691 3652 1744 δὲ
3681 1692 3788 1745 τῶν
3817 1693 3912 1745 διὰ

2318 1783 2483 1854 μέσου
2523 1785 2737 1855 χωρίων
2767 1784 3124 1856 ἐμϐεϐληκὼς
3163 1784 3536 1854 κατηυλίζετο.
3566 1785 3675 1838 Καὶ
3718 1784 3782 1854 δὴ
3812 1785 3913 1838 καὶ

617 1893 739 1933 cum
768 1878 868 1931 sibi
899 1876 1104 1932 scalam
1139 1875 1324 1930 videre
1347 1875 1492 1929 visus
1522 1885 1670 1928 esset
1702 1876 1768 1928 de
1795 1874 1956 1928 terris
1987 1874 2053 1926 ad
2088 1886 2202 1925 caa-

2314 1877 2438 1946 λίθῳ
2475 1875 2575 1946 τὴν
2610 1877 2853 1946 κεφαλὴν
2884 1876 3183 1939 ὑποκλίνας
3203 1919 3215 1941 ,
3241 1878 3332 1930 τὸν
3357 1874 3524 1929 ὕπνον
3559 1876 3865 1946 εἰσδέχεται
3895 1891 3908 1904 '

617 1969 725 2023 lum
756 1969 1176 2037 pertingentem,
1207 1966 1432 2036 angelos
1462 1976 1722 2035 praeterea
1756 1982 1851 2034 per
1877 1980 1996 2020 eam
2022 1980 2207 2018 ascen-

618 2063 806 2114 dentes
836 2076 900 2116 ac
947 2060 1360 2122 descendentes,
1418 2058 1776 2127 innixamque
1809 2073 1973 2126 super
1996 2073 2059 2111 ea
2101 2056 2207 2111 Do-

621 2155 868 2219 ntinum,
933 2154 1223 2208 admodum
1277 2151 1543 2207 visionem
1599 2162 1684 2206 est
1753 2151 2094 2214 admiratus,
2153 2157 2210 2204 et

620 2257 903 2314 acceptum
951 2245 1185 2313 lapidem
1238 2259 1335 2312 pro
1387 2243 1550 2298 titulo
1596 2243 1812 2307 statuit,
1871 2252 1928 2296 et
1981 2241 2037 2298 in
2091 2243 2210 2312 eius

619 2348 925 2391 extremum
969 2337 1166 2391 infudit
1207 2335 1386 2390 oleum
1409 2335 1478 2390 ".
1511 2333 1628 2390 Jam
1681 2336 1733 2388 in
1784 2335 1868 2389 his
1918 2335 2206 2388 considera

620 2428 906 2483 Dominum
947 2439 1190 2482 nostrum
1221 2426 1406 2482 Jesum
1437 2426 1716 2482 Christum
1762 2425 1911 2480 illum
1959 2441 2124 2481 unum
2155 2435 2210 2481 et

621 2522 793 2575 solum
838 2529 895 2575 et
936 2535 1068 2575 vere
1101 2519 1319 2583 Filium,
1367 2519 1522 2588 quasi
1547 2517 1659 2589 38
1686 2517 1917 2586 lapidein
1967 2529 2206 2573 erectum

621 2614 675 2667 in
726 2611 985 2666 titulum:
1030 2611 1075 2666 is
1121 2611 1265 2665 enim
1317 2620 1400 2664 est
1451 2611 1586 2680 lapis
1623 2611 1854 2675 electus,
1912 2612 2208 2678 angularis,

622 2706 909 2774 pretiosus,
966 2703 1018 2756 in
1071 2711 1233 2772 caput
1272 2701 1476 2771 anguli,
1525 2712 1581 2756 et
1629 2717 1658 2754 a
1696 2702 1805 2756 Deo
1847 2713 1902 2755 ct
1945 2700 2107 2755 Patre
2155 2701 2208 2755 in

623 2795 979 2850 fundamenta
1007 2792 1138 2847 Sion
1175 2794 1381 2862 positus
1405 2792 1472 2846 ’°.
1506 2793 1588 2848 Ad
1621 2793 1758 2860 ha‘c,
1796 2793 2015 2848 modum
2042 2792 2210 2848 etiam

622 2889 783 2941 velim
817 2884 1100 2955 inspicias,
1131 2899 1236 2954 quo
1265 2884 1336 2938 sit
1375 2892 1576 2938 unctus
1605 2901 1618 2937 :
1653 2899 1758 2938 non
1800 2884 1944 2937 enim
1975 2883 2093 2938 oleo
2129 2892 2211 2938 to-

627 2985 737 3026 tum
766 2975 1001 3043 undique
1038 2973 1269 3042 lapidem
1303 2973 1498 3028 beatus
1533 2972 1701 3028 Jacob
1731 2973 1996 3042 irrigavit,
2023 2973 2114 3027 sed
2158 2974 2209 3027 in

625 3065 770 3120 illius
797 3074 1104 3118 extremum
1137 3062 1355 3119 inludit.
1386 3062 1577 3133 Igitur,
1611 3073 1669 3116 ut
1700 3064 1771 3117 ita
1807 3064 2072 3125 dicamus,
2103 3079 2209 3117 non

628 3167 772 3212 totus
800 3157 887 3212 ille
916 3154 1260 3226 Uuigenitus,
1292 3169 1469 3224 neque
1496 3154 1550 3209 in
1586 3169 1682 3210 sua
1717 3156 1831 3224 ipse
1859 3165 2072 3223 natura,
2106 3169 2209 3224 qua

2307 1969 2558 2040 κλίμακα
2584 1986 2644 2022 τε
2687 1969 3049 2039 τεθεαμένος,
3087 1968 3186 2038 τὴν
3215 1972 3278 2022 ὲκ
3313 1969 3417 2039 γῆς
3457 1970 3569 2023 ἀνω
3611 1970 3915 2041 διήκουσαν

2307 2062 2387 2122 είς
2412 2060 2504 2113 τὸν
2540 2061 2792 2131 οὐρανὸν,
2843 2060 3235 2124 ἀναϐαίνοντας
3263 2079 3321 2114 τε
3357 2061 3452 2114 καὶ
3481 2062 3914 2126 καταϐαίνοντας

2308 2149 2374 2203 δι’
2407 2150 2579 2220 αὐτῆς
2647 2151 2777 2213 τοὺς
2836 2150 3122 2218 ἀγγέλους,
3190 2151 3663 2224 ὲπεστηριγμένον
3709 2154 3766 2208 δὲ
3814 2153 3916 2207 τὸν

2309 2242 2516 2313 Κύριον
2551 2240 2638 2293 ἐπ’
2665 2242 2854 2312 αὐτῆς,
2887 2241 3074 2313 θαῦμα
3109 2244 3206 2314 μὲν
3241 2243 3350 2298 τῶν
3393 2247 3638 2316 όράσεων
3673 2248 3917 2300 ἐποιεῖτο

2311 2331 2445 2386 πολύ
2471 2346 2486 2361 ο
2530 2330 2712 2386 λαϐὼν
2750 2333 2806 2386 δὲ
2853 2333 2946 2387 τὸν
2979 2333 3149 2401 λίθον,
3199 2336 3430 2408 ἔστησεν
3475 2338 3639 2391 αὑτὸν
3683 2338 3914 2410 στήλην,

2311 2427 2406 2480 καὶ
2455 2428 2679 2499 ἐπέχεεν
2717 2428 2892 2482 ἔλαιον
2931 2429 3022 2481 ἐπὶ
3066 2428 3128 2480 τὸ
3181 2429 3349 2498 ἀκρον
3384 2429 3572 2501 αὐτῆς.
3610 2431 3798 2504 Ἀθρει
3844 2434 3916 2506 δὴ

2315 2521 2377 2571 ὲν
2421 2520 2632 2584 τούτοις
2681 2519 2772 2573 τὸν
2827 2521 3032 2590 Κύριον
3080 2520 3236 2591 ήμῶν
3274 2522 3481 2593 Ἰησοῦν
3525 2525 3776 2594 Χριστὸν,
3817 2526 3917 2579 τὸν

2310 2611 2409 2666 ἕνα
2441 2613 2537 2667 καὶ
2588 2613 2749 2684 μόνον
2799 2615 2894 2666 καί
2942 2613 3165 2684 ἀληθῶς
3195 2615 3345 2678 Υίὸν,
3374 2615 3447 2677 ὼς
3487 2615 3632 2668 λίθον
3670 2618 3918 2688 ἀναστη-

2312 2703 2572 2776 λούμενον
2599 2721 2613 2736 ο
2657 2705 2752 2758 καί
2805 2704 2914 2775 γάρ
2961 2708 3077 2760 ἐστι
3121 2706 3268 2769 λίθος
3313 2706 3604 2774 ἐκλεκτὸς,
3652 2709 3914 2781 ἀκρογω-

2312 2799 2503 2864 νιαῖος,
2532 2797 2768 2868 ἔντιμος,
2816 2799 2896 2860 εἰς
2929 2797 3172 2868 κεφαλὴν
3209 2797 3434 2866 γωνίας,
3481 2799 3574 2852 καὶ
3609 2802 3687 2864 εἰς
3718 2800 3786 2853 τὰ
3820 2801 3918 2855 θε-

2318 2889 2477 2959 μέλια
2511 2888 2650 2942 Σιὼν
2695 2889 3006 2960 τεθειμένος
3056 2893 3207 2962 παρά
3247 2892 3343 2946 τοῦ
3372 2893 3509 2946 Θεοῦ
3542 2895 3636 2948 καὶ
3672 2896 3916 2964 Πατρός.

2318 2980 2512 3050 ’Λθρει
2553 2980 2609 3033 δέ
2643 2997 2736 3050 μοι
2769 2981 2906 3052 πρὸς
2944 2982 3120 3054 τούτῳ
3155 2985 3250 3037 καί
3286 2984 3408 3038 τίνα
3449 2985 3733 3058 κέχρισται
3779 2989 3918 3059 τρό-

2315 3086 2415 3121 πον
2436 3086 2447 3096 ·
2479 3071 2540 3123 ού
2567 3069 2676 3140 γὰρ
2712 3068 2832 3123 ὅλον
2878 3070 2942 3123 δι’
2980 3071 3102 3124 ὅλου
3144 3071 3222 3142 τῷ
3253 3071 3417 3143 ὲλαίῳ
3471 3074 3760 3127 κατέδευσε
3793 3075 3916 3144 ita.

2316 3160 2638 3233 κατέχευσε]
2682 3161 2774 3215 τὸν
2803 3162 2949 3216 λίθον
2975 3165 3002 3215 ό
3033 3163 3320 3227 θεσπέσιος
3358 3165 3553 3220 Ἰακώϐ
3577 3182 3592 3198 ο
3625 3167 3816 3237 ὲπέχεε
3858 3167 3918 3221 δὲ

626 3249 864 3307 Verbum
907 3225 1035 3318 est,
1063 3258 1262 3304 unctus
1306 3257 1427 3314 est;
1468 3263 1593 3303 nam
1645 3249 1916 3318 quomodo
1964 3263 2092 3302 suus
2137 3249 2208 3303 illi

2320 3225 2521 3323 μᾶλλον
2562 3225 2654 3308 ἑτίί
2690 3255 2752 3308 τὸ
2783 3256 2951 3325 ἄκρον
2978 3255 3165 3311 αὑτοῦ.
3199 3225 3431 3324 Οὐκοῦν,
3456 3225 3920 3322 ῖνόὖτωςΙεῖπω-

626 3346 852 3415 spiritus
895 3343 1204 3414 impertitus
1260 3341 1485 3411 intelligi
1537 3341 1743 3412 possit?
1782 3342 1873 3396 sed
1921 3341 2121 3409 potius,
2155 3349 2217 3395 ut

626 3437 760 3502 dixi,
793 3438 844 3490 in
879 3446 1129 3491 extremo
1155 3435 1396 3504 ungitur,
1430 3434 1534 3487 hoc
1564 3445 1669 3497 est,
1707 3433 1967 3496 exterius,
2005 3441 2060 3484 et
2097 3440 2216 3484 tan-

627 3544 788 3600 quam
826 3529 879 3583 in
918 3540 1071 3595 parte
1102 3539 1268 3596 atque
1303 3536 1572 3589 extremo,
1610 3523 1866 3578 nimirum
1900 3523 1951 3576 in
1988 3537 2090 3577 suo
2119 3537 2216 3592 per

627 3635 813 3675 veram
839 3621 1093 3675 unionem
1115 3632 1345 3686 corpore
1377 3635 1394 3673 :
1425 3626 1481 3672 et
1510 3617 1653 3671 sicut
1688 3631 1880 3684 passus
1907 3630 2029 3670 esse
2050 3629 2216 3670 carne

629 3713 831 3768 dicitur
851 3711 1168 3768 humanitus
1187 3712 1260 3776 ”,
1291 3709 1541 3779 quamvis
1575 3723 1670 3777 per
1700 3719 1949 3761 naturam
1983 3715 2040 3760 ut
2075 3704 2216 3760 Deus

629 3813 776 3858 esset
802 3803 1154 3874 impassibilis
1175 3842 1190 3868 ,
1233 3801 1306 3856 ita
1351 3798 1674 3869 intelligitur
1701 3807 1895 3852 unctus
1921 3795 2214 3850 secundum

631 3896 1058 3958 immanitatem,
1111 3895 1238 3949 licet
1292 3903 1464 3962 ungat
1517 3891 1638 3962 ipse
1693 3905 1790 3944 suo
1834 3889 2026 3960 spiritu
2080 3902 2216 3959 quos

634 3989 806 4059 ipsius
837 3988 1178 4042 sanctitatem
1213 3985 1539 4055 participare
1566 3983 1745 4038 decet.
1776 3982 1850 4036 lta
1888 3996 1983 4037 nos
2008 3989 2060 4035 et
2088 3995 2214 4034 sen-

635 4080 738 4134 tire
782 4079 1093 4140 statuimus,
1151 4086 1206 4130 et
1256 4086 1405 4130 recte
1447 4074 1660 4145 ingredi
1703 4075 2104 4136 consuevimus,
2159 4079 2218 4126 ut

634 4173 781 4242 regia
828 4182 1085 4238 rectaque
1110 4170 1195 4221 via
1241 4166 1546 4222 tendamus.
1593 4165 1712 4236 ipse
1755 4179 1883 4219 vero
1916 4179 2038 4218 cum
2074 4162 2217 4231 ejus-

635 4265 780 4318 modi
821 4265 1040 4320 nomina
1073 4266 1207 4317 duas
1256 4271 1482 4315 naturas
1510 4259 1819 4327 signiﬁcare
1853 4258 2019 4320 dicat,
2054 4256 2219 4311 alter-

637 4356 742 4409 utri
775 4357 918 4425 quod
951 4357 1051 4409 sibi
1081 4353 1284 4423 placuit
1319 4368 1417 4420 pro
1447 4366 1547 4406 suo
1570 4349 1798 4404 arbitrio
1837 4349 2045 4413 tribuit,
2076 4349 2220 4403 etde

637 4446 936 4502 humilibus
971 4447 1153 4500 verbis
1199 4447 1265 4498 ad
1311 4443 1499 4498 carnis
1544 4441 2006 4511 dispensationem
2048 4440 2220 4510 perti-

2321 3363 2440 3417 μεν,
2470 3347 2568 3416 οὐχ
2599 3345 2766 3410 ἅπας,
2794 3346 2916 3399 οὔτε
2945 3348 3051 3417 μὴν
3145 3348 3318 3416 Λόγος
3348 3349 3496 3402 ἐστὶν
3523 3350 3552 3402 ὁ
3576 3351 3918 3423 Μονογενὴς,

2318 3438 2396 3500 είς
2435 3436 2569 3490 ἰδίαν
2593 3437 2755 3500 αὐτὸς
2789 3437 3086 3510 κέχρισται
3115 3437 3298 3506 φύσινο
3333 3440 3475 3511 (πῶς
3503 3441 3612 3514 γὰρ
3645 3443 3710 3496 ἂν
3739 3447 3920 3499 νοοῖτο

2321 3527 2673 3599 μετεσχηκὼς
2701 3529 2798 3583 τοῦ
2835 3530 2964 3584 ἰδίου
2995 3530 3310 3602 πνεύματος
3333 3533 3373 3603 ;)
3423 3536 3636 3606 χρίεται
3666 3537 3720 3590 δὲ
3769 3539 3916 3607 μᾶλα

2317 3620 2428 3684 λον,
2458 3621 2533 3683 ὼς
2577 3619 2734 3690 ἔφην,
2764 3622 2857 3675 ἐπὶ
2902 3623 2965 3676 τὸ
2999 3623 3188 3695 ἄκρον,
3239 3627 3542 3689 τουτέστιν,
3590 3627 3910 3696 ὲξωφανῶς,

2317 3711 2414 3764 καί
2441 3704 2551 3763 οἷον
2593 3712 2650 3762 ὲν
2687 3710 2844 3782 μέρει
2873 3713 2969 3765 καὶ
2995 3711 3149 3784 ἄκρῳ
3176 3713 3252 3784 τῷ
3299 3715 3420 3767 καθ’
3447 3715 3638 3768 ἕνωσιν
3661 3717 3760 3788 τὴν
3782 3719 3917 3788 ἀληο

2320 3801 2472 3872 θινὴν
2504 3801 2618 3870 ἰδίῳ
2651 3801 2896 3872 σώματιο
2930 3805 3024 3856 καί
3054 3803 3242 3875 ὥσπερ
3271 3805 3490 3873 λέγεται
3521 3805 3714 3859 παθεῖν
3745 3824 3916 3880 σαρκι

2318 3892 2696 3964 ἀνθρωπίνως,
2727 3892 2907 3945 καίτοι
2947 3893 3044 3964 τὴν
3085 3895 3246 3963 φύσιν
3278 3896 3540 3966 ὑπάρχων
3578 3897 3789 3968 ἀπαθὴς
3833 3899 3914 3962 ὡς

2319 3983 2483 4046 Θεός·
2521 3981 2666 4036 οὕτω
2700 3984 2904 4036 νοεῖται
2933 3983 3289 4054 κεχρισμένος
3324 3986 3467 4038 κατά
3499 4003 3561 4053 γε
3602 3986 3661 4038 τὸ
3697 3987 3912 4057 ἀνθρώ-

2321 4092 2498 4140 πινον,
2545 4074 2722 4128 καίτοι
2757 4074 2926 4147 χρίων
2969 4075 3131 4138 αὐτὸς
3179 4076 3257 4146 τῷ
3305 4076 3420 4145 ἰδίῳ
3465 4077 3736 4147 πνεύματι
3781 4080 3913 4142 τοὺς

2319 4161 2401 4228 οἷς
2450 4165 2516 4220 ἂν
2554 4167 2755 4238 πρέποι
2813 4168 3141 4238 μεταλαχεῖν
3205 4167 3306 4238 τῆς
3368 4170 3658 4240 ἁγιότητος
3714 4171 3905 4225 αὑτοῦ.

2334 4259 2472 4312 Ἀλλ’
2519 4261 2680 4329 ἡμεῖς
2729 4261 2827 4331 μὲν
2873 4255 2976 4314 ὧδέ
3027 4278 3084 4313 τε
3143 4265 3360 4332 φρονεῖν
3415 4262 3766 4332 ἐγνώκαμεν,
3814 4267 3912 4318 καὶ

2320 4352 2630 4423 ὀρθοποδεῖν
2685 4353 3006 4424 εἰθίσμεθα,
3057 4355 3156 4424 τὴν
3200 4354 3486 4424 βασιλικήν
3523 4372 3583 4408 τε
3618 4355 3708 4409 καὶ
3752 4356 3911 4411 ἀδιά-

2324 4460 2558 4515 στροφον
2589 4445 2879 4516 ἐρχόμενοι
2908 4447 3115 4518 τρίϐον.
3159 4448 3231 4518 Ση
3243 4449 3477 4517 μαντικά
3507 4449 3563 4502 δὲ
3596 4447 3768 4515 λέγων
3811 4452 3913 4503 αὑ-

637 4539 894 4592 nentibus
941 4536 1217 4591 erubescit
1267 4544 1371 4589 :et
1428 4534 1677 4603 quamvis
1730 4533 1946 4586 beatum
1993 4530 2208 4584 Paulum

2325 4538 2415 4600 τὸς
2450 4536 2561 4589 τῶν
2607 4536 2701 4590 δύο
2731 4537 2946 4606 φύσεων
2982 4539 3050 4592 τὰ
3081 4539 3258 4592 τοιάδε
3289 4540 3396 4592 τῶν
3439 4539 3737 4610 ὀνομάτων,
3779 4541 3910 4594 ὲκαι

637 4631 820 4684 audiat
852 4631 1118 4683 dicentem
1156 4646 1171 4683 :
1203 4646 1220 4677 ι
1253 4625 1397 4679 Misit
1431 4624 1576 4678 Deus
1601 4622 1798 4676 Filium
1834 4637 1992 4677 suum
2019 4621 2208 4678 factum

2327 4631 2460 4702 τέρᾳ
2496 4629 2557 4683 τὸ
2595 4630 2786 4684 δοκοῦν
2831 4631 3095 4702 ἀπονέμει
3128 4631 3245 4702 μετ’
3272 4630 3550 4695 ἐξουσίας·
3586 4632 3677 4685 καί
3707 4632 3767 4685 τὸ
3811 4634 3913 4702 μέ-

636 4739 701 4778 ει
749 4721 997 4786 muliere,
1040 4720 1241 4773 factum
1273 4720 1374 4772 sub
1404 4717 1519 4788 lege
1542 4717 1557 4747 ⁸
1585 4731 1598 4780 ;
1632 4735 1650 4768 ι
1683 4719 1888 4783 Apage,
1925 4715 2120 4784 inquit,
2153 4729 2208 4768 ne

2327 4738 2476 4791 τριον
2503 4722 2581 4786 εἰς
2618 4721 2813 4790 λόγους
2840 4721 2940 4791 τῆς
2975 4721 3112 4791 μετά
3138 4721 3341 4792 σαρκὸς
3371 4723 3681 4793 οἰκονομίας
3717 4723 3911 4792 αἰσχύ-

638 4813 876 4868 V'erbum
923 4827 990 4866 ex
1047 4810 1155 4864 Deo
1204 4821 1392 4863 natum
1444 4820 1564 4863 esse
1603 4807 1826 4860 missum
1875 4816 2071 4874 putes:
2111 4819 2208 4859 non

2326 4828 2505 4864 νεται·
2539 4812 2646 4866 κᾶν
2684 4811 2894 4883 ἀκούσῃ
2939 4811 3189 4879 λέγοντος
3223 4811 3318 4864 τοῦ
3353 4811 3623 4881 μακαρίου
3659 4810 3904 4866 Παύλου·

635 4906 780 4960 enim
812 4920 882 4958 ex
925 4903 1152 4957 muliere
1186 4902 1390 4956 factum
1428 4908 1531 4965 est,
1576 4912 1685 4952 non
1717 4896 1918 4950 factum
1949 4897 2047 4949 sub
2079 4895 2208 4964 lege.

2329 4923 2348 4956 ι
2386 4904 2798 4969 Ἐξαπέστειλεν
2828 4906 2854 4956 ὁ
2878 4901 3009 4966 Θεὸς
3035 4904 3129 4957 τὸν
3152 4903 3280 4958 Υἱδν
3311 4902 3499 4967 αὑτοῦ,
3529 4903 3819 4973 γενόμενον
3843 4906 3910 4957 ἐκ

634 4999 811 5068 Atque
859 5005 917 5049 ut
958 4994 1314 5049 ostendamus
1371 4992 1517 5059 quod
1577 4989 1808 5043 dicimus
1862 5001 1966 5040 non
2020 5002 2208 5041 vanum

2325 4997 2602 5062 γυναικὸς,
2642 4997 2934 5066 γενόμενον
2964 4996 3069 5048 ὑπὸ
3105 4995 3298 5066 νόμον·
3331 5017 3348 5046 ι
3377 4998 3609 5064 Ἀπαγε,
3647 4998 3798 5067 φησὶ,
3831 4999 3906 5068 μὴ

635 5104 757 5144 esse
785 5088 1123 5157 ﬁgmentum,
1153 5084 1249 5140 sed
1273 5083 1441 5152 ipsius
1469 5096 1566 5135 nos
1594 5081 1667 5134 uti
1693 5081 1932 5141 vocibus,
1961 5079 2072 5148 ipsa
2099 5081 2208 5147 jam

2321 5087 2412 5141 τὸν
2450 5090 2513 5141 ἐκ
2551 5088 2685 5142 Θεοῦ
2727 5090 2900 5159 φύντα
2944 5088 3113 5156 Λόγον
3159 5088 3496 5142 ἀπεστάλθαι
3543 5088 3795 5159 νομίσῃς·
3844 5090 3904 5140 ού

637 5193 827 5234 rursus
853 5178 968 5244 eius
999 5178 1159 5231 verba
1192 5176 1243 5229 in
1273 5174 1507 5228 medium
1546 5171 1790 5226 all'erant.

2322 5181 2430 5253 γὰρ
2454 5181 2676 5252 γέγονεν
2700 5185 2764 5235 ὲκ
2797 5183 3056 5251 γυναικός
3076 5198 3088 5212 ·
3117 5181 3176 5234 ού
3214 5181 3435 5249 γέγονεν
3457 5181 3560 5234 ὑπὸ
3596 5184 3791 5252 νόμον*
3823 5179 3908 5233 ὅτι

634 5276 768 5329 δὲού
811 5271 1146 5342 φενακισμδς
1170 5271 1376 5332 εἰκαῖος
1413 5269 1483 5322 τὰ
1515 5265 1862 5338 παρ’ήμῶν·
1896 5264 2219 5336 κεχρήμεθα
2256 5271 2313 5324 δὲ
2370 5277 2569 5346 μᾶλλον
2628 5279 2746 5341 ταῖς
2807 5276 2971 5330 αὐτοῦ
3024 5279 3260 5345 φωναῖς,
3314 5277 3453 5330 αὐτὰ
3503 5277 3565 5347 δὴ
3612 5275 3771 5328 πάλιν
3828 5279 3908 5338 εἰς

636 5365 799 5433 μέσον
831 5363 962 5415 οῖσω
991 5360 1059 5414 τὰ
1089 5363 1207 5433 εἰρη
1217 5361 1370 5431 μένα.

705 5459 966 5530 ιΝεετοιι.
1012 5459 1159 5512 Misit
1179 5459 1345 5519 enim,
1377 5456 1567 5524 inquit,
1614 5455 1752 5510 Deus
1796 5453 1991 5509 Filium
2035 5467 2213 5516 suum,

636 5563 817 5606 natum
854 5567 919 5605 ex
960 5551 1207 5615 muliere,
1280 5550 1476 5604 factum
1526 5549 1625 5603 sub
1663 5549 1797 5619 lege.
1833 5547 1944 5602 lloc
1977 5549 2095 5602 loco
2143 5549 2216 5601 iu-

637 5645 775 5699 dicat
812 5643 1030 5713 quidem
1077 5643 1212 5697 duas
1245 5651 1486 5707 naturas,
1521 5642 1615 5696 sed
1667 5640 1719 5695 id
1769 5641 1903 5695 dicit
1929 5641 2071 5710 quod
2109 5642 2212 5696 liu-

2385 5454 2799 5528 [Ἐξαπέστειλε
2831 5458 2960 5528 γὰρ,
2989 5458 3175 5530 φησὶν,
3206 5459 3235 5511 ό
3263 5461 3392 5524 Θεὸς
3420 5460 3512 5513 τὸν
3553 5461 3680 5514 Υίὺν
3706 5461 3904 5527 αὐτοῦ,

2314 5549 2606 5618 γενόμενον
2657 5549 2720 5602 ὲκ
2760 5551 3052 5617 γυναικὸς,
3093 5550 3386 5620 γενόμενον
3426 5551 3531 5604 ὑπὸ
3561 5552 3744 5621 νόμον.
3784 5553 3910 5606 Ἐν.

2314 5641 2486 5694 ταῦθα
2546 5643 2738 5712 μηνύει
2795 5643 2894 5714 μὲν
2932 5645 3030 5706 τὰς
3072 5643 3165 5697 δύο
3217 5643 3446 5714 φύσεις·
3486 5644 3546 5698 τδ
3601 5644 3908 5716 συμϐαῖνον

711 5822 752 5852 ’τ
779 5822 912 5876 Gen.
946 5836 1133 5884 xxviii,
1172 5819 1360 5877 i248.
1437 5819 1483 5852 “
1510 5817 1609 5875 lsa.
1635 5833 1824 5883 xxvm,
1868 5819 1954 5874 l6.
2028 5819 2071 5850 ’τ’
2098 5818 2114 5870 l
2145 5817 2286 5871 Pctt'.
2320 5835 2390 5881 iv,
2432 5818 2476 5870 l.
2559 5820 2572 5847 ¹
2600 5819 2773 5870 Caiat.
2813 5837 2880 5881 tv,
2917 5825 2967 5876 t.
