4072 6346
199 355 255 408 73
1267 359 1633 412 AllVEliSliS
1671 357 2071 411 NESTURIUM
2117 360 2241 412 LIB.
2285 361 2351 414 ll.
3358 357 3419 410 τό

194 472 452 543 [συμϐὰν]
496 473 551 524 δὲ
597 476 724 543 περὶ
772 476 871 545 τὴν
924 476 1345 547 ἁνῡρωπότητα,
1394 477 1575 544 λέγει·
1630 477 1752 528 ἐπεὶ

1864 479 2103 532 manitati
2144 482 2396 535 convenit
2425 504 2436 536 ;
2464 481 2663 550 alioqui
2721 491 2847 548 roga
2893 479 3288 534 contentiosum
3328 479 3422 532 ho-

190 561 472 634 ἀπαίτησον
509 563 598 616 τὸν
629 564 948 634 φιλόνεικον,
994 566 1076 629 τίς
1120 566 1335 634 ἐγένετο
1369 566 1472 619 ὑπὸ
1501 568 1694 636 νόμον;
1723 569 1751 619 6

189 653 306 715 Θεὸς
325 654 495 723 Λόγος
512 653 554 726 ς]

771 793 1020 848 ΚΕΦΑΛ.
1066 793 1137 847 Γ’.

255 922 379 976 Εἶτα
423 923 539 986 πῶς
587 925 685 978 οὑκ
731 927 1099 998 ἐμϐρόντητος
1151 927 1366 999 ἀληθῶς
1412 928 1496 998 εἴη
1549 928 1635 992 ἃν,
1686 927 1752 980 τὰ

188 1009 319 1064 οὕτω
368 1014 514 1083 σαφῆ
566 1017 659 1068 καὶ
707 1017 907 1071 ἅπασιν
941 1019 1314 1089 .ὲγνωσμένα,
1366 1020 1462 1072 καὶ
1509 1019 1749 1088 ἀναμφι-

187 1100 348 1169 λόγως
380 1102 602 1174 ἔχοντα,
651 1108 712 1159 τό
766 1125 829 1177 γε
885 1106 1020 1182 ἧκον
1069 1111 1148 1174 είς
1209 1111 1372 1165 αὑτὸν
1429 1112 1751 1182 ἀνατρέπειν

187 1192 547 1264 πειρώμενος;
602 1198 737 1251 Τίνα
789 1200 1083 1270 πέπομφεν
1136 1204 1269 1270 ἡμῖν
1322 1202 1380 1268 ἐξ
1433 1202 1676 1267 οὐρανῶν
1724 1205 1753 1256 6

188 1284 385 1355 Πατὴρ,
419 1287 648 1359 Σωτῆρα
679 1290 773 1342 καὶ
814 1293 1148 1363 Λυτρωτήν;
1177 1293 1237 1346 οὑ
1285 1293 1376 1345 τὸν
1414 1295 1478 1346 ὲκ
1519 1292 1618 1360 τῆς
1660 1294 1750 1346 οὑ-

188 1376 301 1440 σίας
343 1379 505 1433 αὑτοῦ
541 1382 717 1450 φύντα
747 1384 957 1452 Λόγον;
997 1385 1094 1448 Τίς
1122 1387 1272 1439 ἐστιν
1306 1387 1334 1438 6
1378 1385 1621 1449 καταϐὰς
1659 1388 1755 1440 καὶ

187 1469 382 1533 ἀναϐὰς
432 1472 686 1544 ὑπεράνω
749 1474 858 1526 τῶν
903 1476 1172 1546 οὐρανῶν,
1221 1477 1309 1530 ἵνα
1367 1477 1632 1548 πληρώσῃ
1685 1478 1754 1531 τά

187 1563 387 1626 πάντα;
422 1557 531 1633 ἆρα
574 1564 635 1617 τὸ
666 1564 848 1619 πάντα
893 1566 1154 1620 δύνασθαι
1199 1566 1463 1637 πληροῦν,
1491 1568 1587 1637 τῆς
1631 1567 1752 1620 καθ’

185 1655 322 1723 ἡμᾶς
374 1654 588 1724 φύσεως
632 1657 794 1727 ἔργον
843 1652 982 1711 εἶναι
1030 1659 1168 1730 φης’,
1217 1661 1314 1712 καὶ
1355 1660 1469 1722 τοῖς
1520 1659 1619 1728 τῆς
1653 1660 1750 1712 άν-

185 1745 524 1818 Θρωπότητος
574 1749 799 1817 ἀνάψεις
857 1748 1109 1820 μέτροις;
1165 1751 1295 1820 περὶ
1341 1749 1487 1813 τίνος
1543 1751 1750 1820 γέγρα-

184 1856 276 1906 φεν
304 1841 331 1893 6
365 1840 638 1910 μακάριος
676 1840 931 1911 Ἰωάννης
954 1881 969 1906 ,
1012 1861 1030 1892 ι
1076 1840 1131 1896 ’0
1173 1841 1378 1896 ἄνωθεν
1423 1843 1750 1913 ἐρχόμενος,
1787 1821 1826 1874 Β

182 1932 360 1984 ἐπάνω
413 1932 630 1984 πάντων
685 1933 861 1998 ἐστίν;
911 1953 929 1984 ι
984 1935 1052 1986 Ἦ
1105 1934 1246 2004 τάχα
1293 1951 1396 1986 που
1449 1936 1544 1986 καὶ
1594 1935 1755 1998 αὑτὸς

181 2023 636 2092 ψευδομυθήσειεν
682 2024 749 2077 ἂν
782 2026 896 2087 τοῖς
937 2024 1204 2077 Ἰουδαίων
1243 2023 1436 2094 δήμοις
1484 2024 1755 2094 ἐπιτιμῶν

181 2132 236 2166 τε
282 2115 374 2166 καὶ
407 2115 615 2180 λέγων·
656 2133 674 2165 ι
717 2115 902 2184 Ὑμεῖς
931 2116 995 2168 ὲκ
1028 2115 1137 2168 τῶν
1180 2114 1330 2168 κάτω
1369 2117 1511 2178 ἐστὲ,
1548 2115 1657 2182 ἐγὼ
1691 2117 1755 2168 ὲκ

180 2201 286 2253 τῶν
315 2203 426 2255 ἄνω
463 2202 612 2270 εἰμες
644 2221 661 2252 ι
688 2203 781 2256 καὶ
817 2203 1009 2256 πάλιν·
1050 2223 1068 2256 ι
1109 2203 1251 2271 Ἐγὼ
1279 2205 1378 2258 οὑκ
1417 2207 1532 2274 εἰμί
1563 2207 1627 2258 ὲκ
1659 2204 1753 2258 τοῦ

182 2295 382 2362 κόσμου
414 2294 622 2346 τούτου.
662 2313 680 2345 ι
723 2296 783 2347 ΕΞ
832 2296 943 2366 γὰρ
980 2292 1048 2366 ἦν
1076 2297 1358 2367 ἅνθρωπος
1386 2299 1450 2349 ἐκ
1495 2297 1755 2365 γυναικὸς

181 2386 300 2439 καθ’
331 2387 425 2440 ἕνα
456 2387 562 2438 τῶν
591 2388 786 2450 ἄλλων,
813 2389 907 2441 καὶ
936 2389 1054 2458 οὑχὶ
1082 2389 1145 2456 δὴ
1174 2389 1376 2457 μᾶλλον
1404 2389 1756 2459 σεσαρκωμέ-

182 2493 288 2538 νος,
313 2477 408 2527 καὶ
436 2477 493 2527 ὲν
519 2476 832 2546 ἀνῦρωπείᾳ
862 2480 1046 2547 μορφῇ
1089 2478 1366 2548 πεφηνὼς,
1399 2480 1426 2530 6
1458 2479 1664 2532 ἄνωθέν
1697 2497 1755 2532 τε

180 2568 272 2619 καὶ
309 2569 370 2618 ὲκ
404 2565 538 2618 Θεοῦ
577 2566 790 2636 Πατρός
823 2566 1017 2632 Λόγος,
1044 2567 1160 2630 πῶς
1189 2569 1253 2619 ἂν
1280 2570 1451 2620 νοοῖτο
1495 2569 1588 2620 καὶ
1615 2568 1756 2620 ἅνω-

180 2657 270 2708 Οεν
317 2657 411 2710 καὶ
459 2657 518 2721 ἐξ
563 2655 830 2726 οὑρανοῦ;
870 2656 988 2719 πῶς
1036 2656 1218 2709 ἐπάνω
1264 2657 1481 2710 πάντων
1531 2656 1626 2710 καὶ
1660 2657 1758 2710 οὑκ

180 2749 285 2802 ἀπό
318 2767 380 2817 γε
407 2749 501 2802 τοῦ
540 2751 746 2820 κόσμου
771 2789 785 2813 ,
823 2750 916 2802 καί
943 2765 1024 2802 τοι
1055 2750 1258 2820 κόσμου
1306 2749 1474 2819 μέρος
1498 2749 1758 2819 ὑπάρχων

178 2840 266 2895 διὰ
295 2843 394 2911 τὴν
446 2842 624 2910 σάρκα
650 2883 665 2907 ,
701 2841 796 2895 καὶ
841 2842 963 2895 ὅσον
1006 2839 1140 2912 ἧκεν
1186 2842 1362 2895 εἰπεῖν
1394 2841 1534 2895 κατά
1584 2858 1648 2910 γε
1698 2842 1759 2893 τὸ

179 2932 390 3001 πρέπον
420 2935 486 3003 τῇ
517 2932 894 3003 ἀνθρωπότητι
929 2934 1149 3003 μέτρον,
1177 2933 1419 3002 γεγονὼς
1449 2935 1587 3003 μετά
1623 2934 1757 2988 πάν-

178 3041 286 3076 των
317 3023 420 3076 ὑπὸ
452 3023 588 3076 Θεοῦ
616 3024 838 3096 ςταυτῃ
863 3041 966 3087 τοι,
997 3026 1090 3076 καὶ
1128 3025 1259 3077 Θεὸν
1289 3025 1480 3077 ἑαυτοῦ
1516 3026 1757 3077 κατωνό-

1857 567 2075 634 minem,
2114 572 2360 637 quisnam
2411 571 2583 626 factus
2626 580 2710 626 est
2749 570 2848 626 sub
2888 569 3041 639 lege?
3079 569 3240 625 illene
3285 569 3426 624 Deus

1855 658 2089 715 Verbum
2106 662 2127 691 ⁹

2496 801 2646 856 CAP.
2691 801 2776 856 lll.

1925 927 2040 981 Jam
2076 945 2202 984 vero
2240 933 2506 1000 quomodo
2552 948 2654 986 non
2703 933 2773 986 sit
2823 933 2978 1000 plane
3025 931 3292 1001 stupidus,
3335 933 3422 1000 qui

1855 1033 1942 1074 res
1975 1020 2109 1073 adeo
2147 1021 2344 1084 claras,
2383 1031 2437 1075 et
2471 1022 2721 1075 omnibus
2770 1030 2946 1083 notas,
2972 1030 3026 1075 et
3053 1019 3120 1074 ab
3150 1020 3295 1075 omni
3329 1022 3426 1072 du-

1854 1109 2114 1163 bitatione
2159 1110 2383 1173 alienas,
2426 1110 2567 1180 quod
2616 1112 2680 1165 ad
2731 1111 2909 1180 ipsum
2943 1112 3158 1175 attinet,
3197 1120 3428 1162 conatur

1855 1201 2136 1255 evertere?
2167 1200 2335 1265 Quem
2362 1203 2514 1257 nobis
2543 1201 2704 1257 Pater
2740 1202 2806 1256 de
2838 1202 2977 1256 caelo
3012 1201 3157 1254 misit
3182 1199 3428 1254 Salvato-

1856 1306 1966 1346 rem
2017 1307 2078 1345 ac
2127 1290 2583 1362 Redemptorem?
2634 1307 2813 1347 nonne
2863 1292 3039 1359 ipsum
3085 1291 3315 1344 Verlnnn
3361 1291 3428 1342 de

1855 1398 1949 1436 sua
1985 1385 2222 1438 essentia
2279 1385 2502 1438 natum?
2531 1384 2788 1450 Quisnam
2836 1384 2922 1437 ille
2959 1384 3158 1451 estqui
3201 1382 3429 1434 descen-

1856 1474 1934 1527 dit
1965 1482 2018 1527 et
2061 1474 2307 1527 ascendit
2355 1489 2516 1544 super
2559 1474 2748 1540 caelos,
2795 1485 2853 1527 ut
2884 1473 3133 1542 impleret
3170 1469 3431 1526 omnia’?

1855 1580 1982 1617 num
2019 1564 2126 1620 hoc
2159 1564 2330 1634 ipsqu
2366 1581 2524 1635 posse
2553 1568 2733 1621 omnia
2782 1565 3025 1637 implere,
3072 1575 3271 1620 nostra:
3308 1579 3429 1618 esse

1854 1670 1987 1723 opus
2029 1666 2236 1712 natura:
2293 1669 2471 1726 putas,
2523 1667 2578 1712 et
2624 1658 2978 1711 humanitatis
3019 1671 3285 1710 mensurae
3334 1655 3429 1708 tri-

1857 1747 2007 1800 buis?
2046 1748 2112 1802 de
2162 1762 2394 1816 quonam
2451 1750 2668 1818 scripsit
2724 1748 2834 1819 39
2880 1749 3069 1803 beatus
3125 1746 3357 1801 Joannes
3413 1763 3425 1799 :

1865 1853 1882 1885 ι
1919 1836 2020 1901 Qui
2079 1839 2363 1891 desursum
2416 1837 2599 1900 venit,
2646 1852 2807 1905 supra
2849 1838 3030 1890 omnia
3082 1836 3294 1890 est’?»
3347 1837 3429 1887 An

1857 1927 2028 1993 ipsum
2057 1942 2272 1995 quoque
2307 1929 2525 1981 mentiri
2573 1927 2804 1982 fortasse
2836 1929 3129 1996 putandum
3161 1938 3263 1992 est,
3302 1941 3427 1979 cum

1855 2013 2158 2069 Judaeorum
2194 2016 2417 2084 populos
2440 2017 2732 2085 objurgans
2769 2018 2898 2071 dicit
2928 2035 2939 2069 :
2977 2035 2995 2068 ι
3032 2017 3136 2071 Vos
3162 2018 3227 2072 de
3268 2018 3428 2070 deor-

1857 2120 1974 2159 sum
2016 2107 2168 2170 eStis,
2213 2121 2314 2176 ego
2358 2108 2424 2161 de
2473 2109 2722 2175 supernis
2770 2108 2965 2162 sum‘?
2994 2127 3011 2160 ι
3064 2117 3117 2162 et
3169 2123 3430 2163 rursum:

1863 2217 1881 2250 ι
1914 2199 2023 2268 Ego
2072 2215 2176 2252 non
2221 2215 2340 2253 sum
2383 2203 2450 2254 de
2500 2201 2602 2255 hoc
2644 2201 2909 2255 mundo“.
2950 2221 2968 2254 ι
3004 2201 3135 2256 Nam
3182 2203 3227 2256 si
3271 2205 3431 2257 homo

1856 2301 1998 2346 esset
2023 2305 2087 2344 ex
2114 2289 2339 2345 muliere
2371 2292 2460 2344 uni
2494 2292 2711 2345 cuilibet
2741 2293 2966 2347 aliorum
2991 2295 3188 2358 simile,
3223 2311 3286 2349 ac
3319 2312 3425 2350 non

1857 2383 2034 2450 potius
2057 2383 2394 2436 iucarnatum
2439 2393 2492 2436 et
2527 2384 2577 2436 in
2617 2383 2852 2438 humana
2878 2383 3048 2437 forma
3080 2394 3427 2453 conspectum

1861 2474 1986 2527 illud
2018 2475 2300 2528 desursum
2330 2486 2384 2528 et
2422 2488 2486 2528 ex
2525 2475 2632 2528 Deo
2672 2474 2835 2529 Patre
2870 2475 3125 2538 Verbum,
3161 2478 3432 2545 quomodo

1858 2565 2143 2618 desursum
2181 2566 2320 2618 idem
2353 2576 2407 2619 et
2439 2567 2504 2620 de
2533 2566 2673 2621 coelo
2706 2565 3135 2634 intelligeretur?
3165 2569 3434 2637 quomodo

1860 2669 2022 2722 supra
2060 2655 2241 2708 omnia
2293 2665 2348 2709 et
2394 2669 2500 2709 non
2554 2656 2621 2708 de
2670 2657 2889 2719 mundo,
2931 2659 3177 2724 quamvis
3215 2670 3436 2726 propter

1861 2762 2076 2800 carnem
2126 2762 2250 2814 pars
2281 2757 2430 2802 esset
2475 2748 2682 2810 mundi,
2719 2756 2774 2801 et
2820 2758 3078 2816 quantum
3129 2750 3310 2804 dicere
3352 2750 3436 2802 fas

1861 2849 1961 2902 est,
1994 2853 2057 2892 ex
2102 2853 2352 2892 mensura
2381 2855 2501 2908 qua:
2531 2840 2852 2895 humanitati
2879 2842 3149 2905 convenit,
3196 2842 3297 2896 sub
3329 2841 3438 2894 Deo

1863 2932 2060 2984 factum
2125 2948 2246 2986 cum
2303 2933 2591 2988 omnibus?
2639 2934 2750 2986 Hac
2805 2932 3008 2985 ratione
3059 2934 3220 2987 etiam
3267 2932 3437 2987 Deum

1862 3038 2016 3076 Suum
2048 3025 2352 3091 appellabat
2397 3026 2570 3094 ipsum
2613 3024 2848 3090 Patrem,
2885 3026 3131 3095 quamvis
3162 3026 3275 3092 ipse
3307 3041 3439 3092 quo-

182 3112 324 3180 μαξε
355 3113 445 3165 τὸν
475 3113 726 3182 Πατέρα·
761 3113 939 3166 καίτοι
974 3113 1134 3182 φύσει
1172 3116 1268 3166 καὶ
1301 3115 1461 3177 αὑτὶς
1496 3115 1756 3185 ὑπάρχων

1865 3131 1968 3183 que
2013 3131 2076 3170 ex
2128 3128 2318 3170 natura
2371 3118 2512 3172 Dens
2556 3128 2722 3182 esset,
2754 3129 2810 3172 et
2865 3133 2932 3171 ex
2981 3117 3098 3186 ejus
3135 3117 3436 3171 substantia

178 3203 308 3266 Θεὸς
331 3243 348 3268 ,
373 3204 466 3256 καὶ
497 3205 560 3257 ὲκ
588 3205 686 3273 τῆς
716 3204 901 3268 οὐσίας
941 3205 1107 3258 αὑτοῦ
1145 3207 1401 3275 πεφηνὼς
1440 3207 1566 3269 Υἱὸς
1601 3224 1757 3276 μονο-

179 3295 361 3364 γενής.
414 3296 547 3365 Περὶ
599 3297 744 3360 τίνος
791 3295 899 3365 ἄρα
949 3299 1112 3366 φησὶν
1175 3300 1204 3351 6
1253 3298 1520 3368 μακάριος
1577 3297 1759 3362 Δαόὶδ,

185 3405 200 3435 ι
225 3387 605 3452 Ἑξαπέστειλε
639 3388 729 3440 τὸν
751 3389 923 3454 Λόγον
955 3389 1146 3456 αὑτοῦ,
1166 3391 1262 3442 καὶ
1291 3391 1476 3443 ἰάσατο
1497 3389 1689 3453 αὐτούς
1711 3407 1756 3452 ;›

178 3476 399 3528 Σέσωκε
439 3477 545 3546 γὰρ
579 3478 756 3547 ἡμᾶς,
803 3480 862 3529 οὑ
913 3479 1190 3548 πρέσϐυς,
1222 3482 1321 3532 οὑκ
1348 3481 1608 3547 ἄγγελος,
1646 3481 1759 3533 ἀλλ’

178 3570 343 3632 αὑτὸς
374 3571 402 3622 6
429 3569 651 3640 Κύριος,
684 3570 825 3622 κατὰ
849 3570 949 3634 τὰς
981 3571 1222 3640 Γραφάς.
1262 3570 1422 3623 ’Λλλά
1459 3572 1544 3624 ναί
1576 3589 1739 3642 φησιν

176 3662 206 3712 6
236 3661 416 3713 πάντα
447 3659 686 3730 πληροῦν
729 3659 1023 3730 δυνάμενος
1053 3660 1184 3723 Θεὸς
1212 3660 1381 3728 Λόγος
1409 3661 1758 3715 ἀπέσταλται.

179 3751 317 3802 Τίνα
351 3751 584 3819 τρόπον;
612 3749 713 3802 ποῦ
741 3751 848 3822 γὰρ
884 3751 983 3804 οὑκ
1013 3747 1155 3804 εἷναί
1181 3768 1359 3820 φαμεν
1386 3752 1580 3817 αὑτὸν;
1612 3753 1643 3822 ἦ
1672 3752 1763 3804 καὶ

175 3843 305 3895 ὅποι
358 3842 772 3913 πεμφθήσεται;
805 3841 1232 3914 καταγορεύσεις
1262 3838 1355 3895 οὖν
1390 3843 1497 3912 ἄρα
1540 3844 1632 3895 καὶ
1669 3843 1763 3895 τοῦ

179 3935 465 4000 πανσόφου
485 3933 834 3996 Μωσέως,ὼ;
867 3934 964 4003 τὴν
995 3934 1306 4004 ἀπόρρητον
1332 3933 1425 3986 τοῦ
1444 3932 1576 3985 Θεοῦ
1607 3933 1764 3997 δόξαν

177 4025 243 4076 οὑ
285 4023 519 4094 μετρίως
547 4023 878 4092 ἡδικηκὸτα;
910 4023 1012 4093 ἔφη
1045 4024 1172 4095 γὰρ,
1193 4024 1273 4077 ὅτι
1309 4042 1327 4074 ι
1365 4023 1757 4093 Καταϐέὸηκεν

177 4115 208 4164 6
244 4113 376 4177 Θεὸς
407 4115 535 4167 εῖδει
569 4112 738 4182 πυρὸς
778 4113 872 4163 ἐπὶ
902 4113 961 4164 τὸ
986 4113 1109 4182 ὅρος
1143 4113 1291 4164 Σινᾶ.
1336 4132 1353 4163 ι
1389 4111 1504 4164 Κᾶν
1530 4112 1766 4182 ἀκούσῃς

179 4204 437 4270 λέγοντος
473 4203 565 4256 τοῦ
602 4203 874 4273 μακαρίου
925 4203 1091 4255 Δαδὶδ
1147 4204 1280 4272 πρὸς
1313 4202 1421 4254 τῶν
1462 4203 1596 4255 ὅλων
1632 4220 1767 4273 κρα-

186 4295 592 4358 τοῦνταβεόν·
630 4314 648 4345 ι
693 4294 1100 4360 Ἐξαποστελεῖς
1149 4294 1208 4345 τὸ
1239 4293 1462 4364 Πνεῦμά
1509 4310 1626 4359 σου,
1673 4295 1767 4347 καὶ

187 4385 609 4454 κτισθήσονταιζ
672 4386 766 4436 καὶ
819 4386 1155 4447 ἀνακαινιεῖς
1212 4385 1272 4437 τὸ
1328 4384 1619 4454 πρόσωπον
1671 4385 1770 4453 τῆς

1863 3207 2030 3262 Filius
2064 3211 2372 3276 unigenitus
2413 3211 2734 3264 exstitisset.
2769 3209 2844 3264 De
2873 3223 3105 3279 quonam
3137 3224 3265 3278 ergo
3311 3210 3440 3262 dicit

1865 3296 2054 3351 beatus
2109 3298 2318 3354 David:
2357 3319 2374 3351 ι
2405 3302 2547 3355 Misit
2605 3300 2839 3355 Verbum
2893 3316 3070 3366 suum,
3116 3309 3170 3352 et
3229 3302 3441 3354 sanavit

1863 3404 1957 3442 eos
1981 3390 2061 3442 "‘2
2091 3408 2109 3440 ι
2150 3389 2387 3444 Salvavit
2413 3393 2556 3447 enim
2598 3406 2695 3446 nos
2730 3407 2833 3445 non
2871 3392 3099 3458 legatus,
3141 3406 3243 3444 non
3277 3407 3439 3459 ange-

1863 3482 1979 3546 lus,
2041 3485 2133 3537 sed
2179 3484 2292 3551 ipse
2355 3485 2646 3550 Dominus,
2700 3485 2996 3539 secundum
3058 3484 3370 3552 Seripturas
3394 3481 3436 3535 ⁸.

1869 3574 2018 3636 Esto,
2065 3575 2260 3643 inquit,
2298 3574 2536 3629 Verbum
2580 3576 2720 3642 quod
2758 3576 2937 3627 omnia
2975 3584 3150 3643 potest
3193 3576 3436 3643 implere.

1867 3666 2090 3718 missum
2115 3675 2201 3720 est
2232 3683 2244 3719 :
2274 3666 2366 3720 sed
2400 3666 2703 3735 quomodo?
2727 3667 2813 3720 ubi
2848 3666 2991 3720 enim
3033 3681 3137 3720 non
3171 3667 3296 3720 illud
3322 3683 3442 3721 esse

1867 3757 2146 3811 dicemus?
2185 3767 2276 3811 aut
2301 3774 2410 3826 quo
2441 3758 2724 3812 mittetur?
2752 3758 3093 3813 lnsimulabis
3135 3760 3296 3830 igitur
3328 3760 3444 3813 Mo—

1867 3864 1961 3904 sen
2003 3849 2152 3904 illum
2187 3852 2676 3918 sapientissimum,
2726 3853 2877 3919 quasi
2917 3867 3021 3905 non
3054 3853 3312 3905 mediocri
3360 3854 3443 3904 in-

1861 3941 2004 4008 jurla
2046 3940 2139 3993 Dei
2191 3940 2416 4008 gloriam
2456 3938 2733 4006 all‘ecerit;
2767 3940 2901 3992 dixit
2928 3939 3071 3992 enim
3103 3957 3116 3992 :
3154 3960 3170 3990 τ
3209 3940 3442 3995 Descen-

1869 4032 1947 4084 dit
2007 4029 2150 4085 Deus
2209 4031 2346 4099 ignis
2416 4031 2595 4099 specie
2655 4032 2706 4083 in
2771 4039 3004 4083 montem
3065 4031 3318 4097 Siua’;i
3389 4041 3444 4084 et

1868 4123 2114 4191 quamvis
2149 4123 2364 4176 beatum
2397 4121 2564 4177 David
2605 4121 2794 4175 audias
2820 4121 3002 4176 dicere
3033 4123 3272 4176 omnium
3307 4139 3443 4190 pra:-

1869 4213 2072 4281 potenti
2109 4211 2216 4266 Deo
2251 4227 2265 4264 :
2301 4230 2317 4262 ι
2349 4212 2576 4264 Emittes
2604 4208 2866 4278 Spiritum
2907 4222 3078 4273 tuum,
3103 4221 3154 4263 et
3181 4212 3444 4264 ereabun-

1873 4312 1978 4366 tur,
2028 4310 2081 4354 et
2120 4300 2405 4354 renovabis
2453 4300 2648 4354 faciem
2695 4301 2925 4353 terra”:
2975 4318 2994 4350 ι
3049 4299 3279 4352 fortasse
3338 4315 3442 4351 non

1872 4392 2082 4455 credes,
2134 4401 2188 4444 et
2238 4391 2514 4444 hominem
2575 4390 2668 4445 Dei
2722 4391 2912 4459 spiritu
2963 4391 3176 4459 plenum
3230 4392 3443 4444 mentiri

186 4479 294 4548 γῆς
317 4493 329 4505 ’
369 4496 388 4528 ι
420 4477 744 4546 ἁποστήσεις
775 4475 902 4546 [ἴσ.
935 4475 1295 4547 ἀπιστήσεις]
1323 4476 1462 4546 τάχα
1497 4494 1597 4529 που
1619 4514 1633 4537 ,
1674 4476 1760 4529 καὶ

1874 4483 2087 4551 putabis
2118 4502 2131 4536 :
2164 4498 2338 4552 neque
2375 4483 2522 4536 enim
2554 4481 2697 4537 Deus
2732 4483 3011 4549 migrando
3045 4490 3307 4542 movetur,
3352 4496 3448 4532 ne-

178 4570 547 4640 ψευδηγορεῖν
585 4570 746 4640 οἰήσῃ
788 4569 877 4621 τὸν
924 4570 1403 4638 πνευματοφόρον;
1451 4570 1511 4621 οὑ
1547 4569 1654 4638 γάρ
1689 4586 1769 4620 τοι

180 4663 406 4731 κίνησιν
460 4661 830 4732 μεταδατικὴν
861 4664 1097 4714 ποιεῖται
1138 4661 1198 4713 τὸ
1225 4660 1379 4713 Θεῖον
1408 4676 1419 4688 ·
1451 4661 1558 4713 οὐδ’
1597 4662 1662 4713 ἂν
1702 4662 1764 4712 ὲκ

179 4755 357 4807 τόπου
393 4756 526 4824 πρὸς
571 4753 732 4806 τόπον
781 4753 1220 4824 μεταχωρήσειεν
1265 4751 1352 4813 ἂν,
1403 4751 1476 4808 ὡς
1503 4751 1602 4804 οὑκ
1653 4751 1768 4803 ἐνὸν

180 4846 341 4915 αὑτῷ
391 4847 451 4898 τὸ
480 4848 536 4898 ὲν
597 4846 764 4898 πᾶσιν
818 4839 958 4897 εἶναι
1013 4846 1108 4896 καὶ
1157 4846 1225 4896 τά
1276 4844 1454 4898 πάντα
1505 4841 1767 4914 πληροῦν.

180 4937 384 4992 Ταῦτά
417 4953 519 4989 που
551 4937 646 4988 καὶ
677 4934 806 5007 [ἵσ.
835 4935 1014 5007 κατὰ]
1050 4936 1240 4987 σαυτόν
1261 4952 1273 4962 ·
1313 4935 1469 5005 λογιῇ
1497 4935 1551 4987 δὲ
1586 4934 1768 4998 πάλιν,

180 5031 286 5085 καὶ
327 5030 438 5084 τῶν
482 5027 700 5099 ἀληθῶν
734 5030 1096 5098 ἁπαναστήσῃ
1127 5028 1431 5097 δογμάτων,
1481 5026 1661 5096 σαυτῷ
1711 5043 1768 5077 τε

182 5125 287 5177 καὶ
330 5122 480 5193 μόνῳ
528 5120 946 5175 κατακολουθεῖν
979 5121 1283 5191 ᾑρημένος
1333 5118 1446 5172 ἀλλ’
1479 5113 1625 5187 ἦσθά
1664 5135 1766 5171 που

182 5216 411 5277 πάντως
442 5216 499 5266 ὲν
525 5214 804 5283 ἀμείνοσιν
826 5211 1052 5274 ἐννοίαις
1075 5213 1251 5264 ἐκεῖνο
1277 5209 1732 5279 διενθυμούμενος
1751 5225 1766 5240 ο

179 5307 265 5368 ὠς
294 5305 442 5367 ἅπας
469 5307 599 5373 ἡμῖν
627 5304 654 5355 6
687 5303 815 5374 περὶ
840 5301 975 5355 Θεοῦ
1007 5301 1179 5369 Λόγος
1214 5301 1506 5370 πεποίηται
1537 5301 1636 5370 μὲν
1677 5301 1771 5353 ἁν-

179 5394 512 5465 θρωπίνως*
545 5392 744 5444 νοεῖται
774 5408 838 5460 γε
871 5390 1010 5461 μὴν,
1057 5390 1132 5452 ὡς
1183 5389 1248 5442 ἂν
1294 5389 1441 5459 αὑτῷ
1480 5390 1572 5441 καὶ
1623 5389 1771 5459 μόνῳ

177 5487 428 5557 πρέποι·
476 5485 810 5557 τεθορύϐηκε
856 5484 912 5536 δὲ
954 5484 1016 5536 οὑ
1072 5483 1305 5552 μετρίως
1357 5482 1486 5534 αὑτὸ
1534 5483 1610 5546 τὸ,
1667 5483 1771 5535 ὑπὸ

267 5687 504 5756 'Ephes.
543 5701 613 5747 tv,
642 5686 728 5739 10.
807 5685 1004 5756 ’Joan.
1040 5700 1120 5747 ιιι,
1146 5685 1236 5739 δι.

168 5776 298 5826 xtx,
341 5755 434 5814 18.
537 5757 556 5787 ⁸
584 5757 726 5810 l'sal.
767 5771 886 5818 cm,
921 5755 1009 5809 30.
1111 5759 1130 5786 ⁹
1155 5755 1334 5813 Galat.
1366 5769 1436 5821 tv,
1467 5755 1518 5808 4.

483 5853 752 5910 Parnm.
797 5852 912 5911 GR».
946 5850 1183 5914 LXXVI

1311 5683 1331 5713 "
1356 5683 1511 5737 Joan.
1553 5701 1661 5755 vm,
1695 5687 1785 5742 25.

1873 4589 1978 4643 que
2014 4574 2081 4628 de
2121 4573 2237 4626 loco
2273 4573 2338 4627 ad
2368 4574 2545 4627 locum
2578 4574 2790 4635 transit,
2821 4573 3042 4641 perinde
3075 4586 3138 4624 ac
3175 4573 3218 4624 si
3259 4587 3362 4623 non
3396 4572 3444 4623 ei

1874 4664 2151 4732 proprium
2181 4663 2251 4717 sit
2298 4663 2349 4716 iu
2386 4663 2639 4718 omnibus
2684 4678 2807 4717 esse
2844 4671 2899 4715 et
2932 4665 3108 4715 omnia
3154 4663 3444 4731 complere.

1873 4753 1997 4808 llaec
2030 4764 2205 4808 tecum
2237 4757 2350 4825 ipse
2383 4755 2624 4808 vicissim
2676 4752 2962 4822 cogitabis,
2989 4762 3045 4806 et
3090 4768 3119 4804 a
3156 4767 3282 4805 vera
3330 4768 3449 4805 sen-

1874 4846 2038 4900 tentia
2091 4846 2374 4910 discedes,
2424 4845 2517 4899 tibi
2567 4845 2668 4912 ipsi
2719 4855 2774 4897 et
2812 4845 3028 4912 quidem
3074 4843 3176 4897 soli
3224 4845 3448 4913 obsequi

1881 4947 2087 4990 certus.
2136 4936 2243 4990 Sed
2291 4937 2343 4990 in
2398 4935 2610 4990 meliori
2663 4949 2812 4989 esses
2851 4934 3037 5003 utique
3086 4936 3353 4989 sententia
3403 4939 3448 4989 si

1879 5029 2004 5082 illud
2049 5029 2338 5098 cogitares,
2386 5042 2601 5080 omnem
2644 5043 2672 5079 a
2701 5027 2854 5082 nobis
2895 5027 2961 5080 de
3002 5026 3113 5080 Deo
3145 5039 3449 5080 sermonem

1879 5120 2062 5173 haberi
2099 5119 2317 5187 quidem
2368 5118 2605 5171 humano
2651 5133 2822 5182 more,
2870 5120 2950 5172 sie
2984 5128 3159 5171 tamen
3202 5117 3448 5187 intelligi,

1879 5219 1935 5263 ut
1971 5211 2044 5264 illi
2083 5209 2181 5264 soli
2223 5211 2495 5263 convenit.
2538 5208 2640 5263 Sed
2671 5209 2817 5261 illum
2858 5224 2964 5262 non
3013 5208 3202 5262 leviter
3232 5218 3453 5262 contur-

1879 5307 2047 5367 bavit,
2094 5303 2235 5371 quod
2284 5302 2376 5356 Dei
2427 5300 2603 5354 Patris
2658 5299 2889 5354 Verbum
2939 5300 3039 5354 sub
3086 5299 3204 5370 lege
3249 5298 3451 5352 factum

1878 5409 1997 5450 esse
2045 5394 2288 5448 dicitur”
2322 5412 2334 5446 :
2374 5393 2552 5446 nullus
2606 5401 2786 5446 tamen
2844 5399 2930 5444 est
2975 5391 3025 5443 in
3082 5391 3183 5444 hac
3231 5402 3290 5443 re
3338 5402 3453 5440 me-

1883 5486 2064 5541 tuendi
2105 5486 2256 5540 locus
2285 5503 2300 5551 ;
2333 5499 2455 5538 nam
2500 5483 2797 5552 permansit
2831 5482 2974 5550 quod
3009 5490 3147 5545 erat,
3179 5477 3456 5547 legislator

1868 5687 1886 5717 ⁵
1914 5687 2046 5740 ibid.
2157 5685 2198 5714 ⁸³
2225 5681 2363 5738 Psatl.
2391 5699 2496 5748 CVI,
2528 5683 2618 5739 9.0.

2699 5685 2718 5713 ⁸
2743 5682 2844 5736 lsa.
2880 5696 3035 5745 um,
3071 5678 3124 5732 9.
3237 5675 3452 5753 fl‘lxod-

3055 5838 3088 5896 3
