4072 6346
609 371 680 429 75
1597 362 1656 416 S.
1697 357 1969 414 CYRILLI
2011 352 2480 410 ALEXANDRINI
2523 353 2834 411 ARCHIEP.
3796 351 3863 403 το

613 493 828 557 inquam
864 495 917 540 et
958 482 1122 538 Deus.
1162 480 1240 534 Ac
1279 479 1321 535 si
1369 494 1472 534 non
1499 477 1672 533 factus
1698 487 1844 534 esset
1871 478 2057 540 homo.
2089 489 2183 529 ne-

2302 474 2453 544 νόμον
2479 474 2733 543 λέγεσθαι
2763 475 2854 528 τὸν
2880 477 2942 527 ὲκ
2979 473 3115 526 Θεοῦ
3151 470 3362 541 Πατρὺς
3393 469 3722 538 γεγενῆσθαι
3764 468 3868 519 Λό-

609 594 713 648 que
739 577 907 634 etiam
954 576 1054 630 sub
1089 574 1202 643 lege
1245 573 1420 626 factus
1455 569 1661 626 fuisset.
1692 570 1796 624 Sed
1831 570 1954 639 quia
2000 581 2184 621 verum

609 681 692 724 est
729 669 965 738 seipsum
995 665 1333 728 humiliasse,
1378 663 1469 730 qui
1500 678 1565 717 ex
1611 673 1801 716 natura
1835 675 1928 714 sua
1973 672 2185 712 sursum

611 770 726 815 erat
753 775 816 814 ac
857 757 1128 818 sublimis.
1181 765 1235 809 et
1267 766 1528 823 praeterea
1567 755 1764 808 factum
1808 749 2186 821 essewno-

613 857 710 910 stri
745 854 1002 917 similem,
1030 851 1123 919 qui
1154 864 1318 917 supra
1357 861 1575 902 omnem
1607 853 1913 899 creaturam
1947 849 2084 902 erat,
2133 849 2188 892 et

612 960 735 1000 cum
775 945 924 1000 dives
945 950 1120 1004 esset,
1151 952 1447 1010 pauperem
1492 937 1693 991 factum
1714 947 1837 988 esse
1869 933 1924 986 in
1953 946 2018 985 eo
2042 930 2188 1000 quod

613 1049 696 1091 est
735 1037 909 1090 factus
941 1033 1135 1088 similis
1172 1030 1350 1085 nostri
1377 1029 1444 1093 ὀ,
1477 1026 1746 1096 quomodo
1774 1026 1924 1079 nefas
1963 1022 2035 1076 sit
2064 1035 2187 1075 eum

614 1129 796 1184 dicere
844 1126 1041 1181 factum
1094 1138 1214 1178 esse
1273 1121 1554 1176 nobiscum
1605 1133 1667 1172 ac
1709 1116 1810 1171 sub
1861 1114 2018 1184 lege?
2052 1113 2190 1178 Quid

616 1219 799 1275 enim?
837 1235 902 1273 an
931 1232 1038 1273 non
1077 1227 1225 1275 recte
1255 1214 1521 1269 sentimus
1551 1225 1674 1265 cum
1707 1211 1953 1262 humanae
1983 1213 2192 1259 naturae

619 1328 925 1367 mensuram
957 1321 1207 1381 putamus
1237 1323 1303 1363 eo
1330 1305 1564 1368 deﬁniri,
1593 1305 1734 1374 quod
1768 1302 1838 1356 sit
1867 1300 1966 1370 legi
2008 1297 2191 1367 subje-

617 1403 744 1458 cta?
781 1418 902 1456 nam
933 1401 1025 1456 illa
1056 1399 1232 1453 soluta
1261 1407 1314 1451 et
1347 1411 1509 1462 supra
1543 1394 1711 1463 legem
1744 1390 2010 1454 essentia,
2040 1396 2095 1442 et
2125 1402 2190 1442 ex

618 1506 812 1549 natura
849 1507 910 1548 ac
947 1508 1073 1547 vere
1124 1491 1316 1554 libera,
1363 1487 1497 1542 nihil
1531 1485 1678 1540 aliud
1719 1498 1841 1538 esse
1871 1489 2048 1553 potest
2085 1481 2190 1535 nisi

621 1587 762 1640 Deus
787 1603 799 1638 :
827 1598 954 1654 ergo
984 1597 1106 1637 cum
1142 1580 1378 1636 Verbum
1410 1578 1609 1632 factum
1637 1585 1719 1631 est
1741 1589 1890 1638 caro,
1923 1583 2033 1627 tum
2058 1587 2194 1642 quo-

618 1692 721 1747 que
763 1675 863 1730 sub
904 1675 1018 1744 lege
1072 1674 1274 1727 factum
1317 1680 1446 1725 est:
1483 1684 1604 1724 nam
1651 1681 1756 1722 una
1798 1680 1918 1720 cum
1979 1665 2063 1719 his
2102 1664 2191 1732 qui

621 1768 880 1822 tributum
926 1764 1254 1834 pendebant,
1298 1761 1616 1814 didrachma
1650 1758 1829 1828 posuit
1853 1757 1918 1821 ¹¹,
1950 1755 2195 1825 quamvis

617 1874 680 1911 ex
731 1873 828 1910 sua
879 1867 1072 1908 natura
1123 1854 1263 1907 liber
1303 1863 1468 1914 esset,
1505 1860 1688 1918 utpote
1721 1849 1862 1903 Deus
1889 1862 1951 1902 ac
2002 1845 2191 1908 Filius,

619 1965 683 2004 ac
710 1948 874 2002 etiam
907 1961 972 2000 eo
1017 1956 1258 2012 tempore
1294 1957 1401 2012 quo
1438 1943 1638 1995 factum
1670 1947 1752 1995 est
1785 1953 1934 1993 caro.
1972 1936 2066 1991 Sin
2099 1937 2192 1991 tibi

623 2042 800 2108 placet
840 2054 1004 2093 unum
1050 2039 1103 2090 in
1159 2037 1264 2090 duo
1301 2033 1564 2099 dividere,
1607 2041 1665 2086 et
1707 2046 1831 2085 cum
1879 2030 1970 2098 qui
2003 2038 2088 2083 est
2129 2043 2192 2082 ex

624 2131 869 2195 muliere,
898 2127 1124 2182 seorsim
1156 2126 1432 2180 hominem
1473 2124 1848 2192 pronuntiare,
1887 2136 2119 2191 quonam
2155 2122 2198 2173 is

628 2223 784 2277 modo
831 2221 932 2275 sub
976 2220 1090 2288 lege
1141 2217 1312 2270 factus
1343 2217 1555 2268 dicetur
1601 2216 1693 2284 qui
1745 2223 1949 2268 natura:
1994 2215 2066 2268 sit
2098 2214 2197 2268 sub

625 2318 741 2384 lege
766 2311 991 2381 positm?
1027 2309 1140 2363 Non
1169 2307 1312 2361 enim
1348 2307 1491 2375 quod
1520 2306 1632 2374 jam
1658 2314 1744 2359 est
1772 2304 1872 2374 legi
1902 2304 2197 2365 subditum,

627 2404 678 2457 id
721 2402 836 2455 ﬁeri
869 2400 969 2454 sub
995 2399 1109 2467 lege
1143 2406 1343 2466 potest,
1373 2397 1466 2449 sed
1505 2397 1554 2448 id
1580 2395 1719 2463 quod
1760 2406 2010 2448 naturam
2039 2393 2200 2448 habet

627 2493 742 2561 lege
780 2491 1136 2560 superiorem,
1181 2500 1236 2541 et
1269 2498 1419 2541 extra
1457 2486 1651 2555 legem.
1684 2485 1810 2540 Sola
1844 2495 1926 2540 est
1945 2486 2111 2551 enim,
2146 2495 2199 2538 ut

628 2584 761 2651 dixi,
804 2583 889 2637 illa
919 2582 1098 2636 divina
1138 2592 1499 2648 supremaque
1529 2586 1720 2631 natura
1748 2586 1801 2631 et
1837 2577 1975 2630 ultra
2005 2575 2198 2645 legem,

623 2684 682 2731 et
719 2680 976 2744 praeterea
1019 2669 1208 2734 libera,
1243 2677 1299 2723 et
1340 2682 1459 2736 quae
1507 2666 1611 2722 sibi
1651 2666 1963 2737 praefectum
2010 2666 2203 2720 habeat

629 2778 853 2835 prorsus
887 2761 1183 2826 nemiuem,
1218 2760 1311 2812 sed
1359 2759 1474 2827 ipsa
1509 2757 1581 2812 sit
1619 2757 1800 2827 potius
1831 2757 2201 2810 universorum

630 2854 869 2918 domina,
919 2861 972 2907 et
1017 2849 1268 2904 omnibus
1325 2850 1486 2902 rebus
1535 2863 1645 2902 suae
1695 2846 2082 2902 dominationis
2117 2845 2202 2914 jn-

631 2967 756 3019 gum
789 2953 1050 3018 imponat.
1084 2946 1187 3001 Sed
1221 2947 1323 3000 iste
1353 2945 1435 2998 vir
1462 2959 1490 2997 a
1530 2951 1679 2996 recta
1729 2937 2084 2992 ratiocinandi
2115 2936 2201 2989 via

631 3059 756 3098 cum
802 3041 1091 3104 aberrarit,
1124 3039 1177 3093 in
1223 3053 1344 3093 eam
1391 3047 1474 3092 est
1522 3036 1771 3104 delapsus
1816 3029 2202 3101 cogitationum

2288 585 2404 636 γον.
2449 567 2588 620 Ἀλλ’
2627 566 2781 620 οὐδὲν
2827 569 2882 619 ὲν
2915 566 3087 634 τούτῳ
3119 563 3178 616 τὸ
3225 562 3416 632 δεῖμα·
3452 560 3727 630 μεμένηκε
3756 557 3868 628 γὰρ

2287 660 2316 712 ὃ
2361 655 2428 730 ἦν
2451 676 2463 689 ’
2513 658 2809 729 νομοθέτης
2835 657 3074 729 δηλονότι
3109 655 3205 709 καὶ
3249 652 3401 716 Θεός.
3434 652 3546 704 Καὶ
3579 652 3626 702 εί
3667 651 3766 719 μὲν
3805 648 3870 701 οὐ

2288 751 2515 820 γέγονεν
2543 751 2849 821 ἄνθρωπος.
2881 750 2940 802 οὐ
2970 748 3192 818 γέγονεν
3220 745 3327 800 ὑπὸ
3357 745 3540 813 νόμον.
3561 742 3784 812 Ἐπειδὴ
3812 739 3871 793 δέ

2291 847 2438 897 ἐστιν
2473 842 2690 914 ἀληθὲς,
2715 842 2796 893 ὅτι
2825 840 3221 893 τεταπείνωκεν
3252 836 3443 891 ἑαυτὸν
3468 837 3496 889 ὁ
3540 833 3684 887 κατὰ
3707 833 3873 901 φύσιν

2294 936 2435 989 ίδίαν
2469 934 2582 988 ἄνω
2617 951 2721 987 που
2751 933 2847 986 καὶ
2873 932 3074 1003 ὑψηλός
3094 949 3108 962 σ
3157 926 3276 983 εἶτα
3304 929 3496 998 γέγονε
3529 925 3650 981 καθ’
3685 925 3834 996 ἡμᾶς
3853 961 3870 987 ,

2289 1031 2319 1082 ὀ
2349 1029 2490 1101 ὑπὲρ
2524 1030 2707 1082 πᾶσαν
2750 1027 2850 1099 τὴν
2891 1026 3099 1082 κτίσιν⁹
3135 1026 3230 1079 καὶ
3260 1024 3516 1085 πλούσιος
3547 1021 3644 1086 ὣν,
3695 1019 3876 1073 ἐπτώ-

2291 1139 2453 1194 χευσε
2499 1121 2588 1176 διὰ
2630 1119 2726 1174 τοῦ
2753 1118 3006 1188 γενέσθαι
3033 1117 3153 1172 καθ’
3185 1118 3350 1188 ἡμᾶς,
3391 1113 3510 1177 πῶς
3540 1114 3640 1166 οὐκ
3679 1113 3747 1165 ἂν
3783 1111 3876 1164 λέ·

2292 1231 2444 1283 γοιτο
2474 1212 2593 1282 μεθ’
2617 1212 2772 1283 ἡμῶν
2804 1210 3057 1281 γενέσθαι
3087 1210 3180 1263 καὶ
3207 1208 3312 1260 ὑπὸ
3348 1207 3546 1277 νόμον;
3577 1204 3611 1275 ἢ
3648 1202 3770 1275 [τσ.

2292 1307 2401 1376 γὰρ
2441 1307 2504 1358 οὐ
2553 1303 2880 1374 λογιούμεθα
2929 1301 3252 1373 φρονοῦντες
3286 1297 3498 1370 ὀρθῶς,
3545 1296 3606 1349 τὸ
3634 1296 3734 1366 τῆς
3780 1296 3879 1347 άν-

2294 1397 2515 1467 θρώπου
2545 1396 2760 1463 φύσεως
2785 1394 3064 1465 ὁρίζεσθαι
3113 1392 3329 1463 μέτρον,
3373 1389 3448 1453 ὼς
3473 1387 3530 1441 ἐν
3559 1403 3622 1455 γε
3651 1384 3728 1455 τῷ
3763 1384 3878 1438 δεῖν

2294 1489 2389 1544 καὶ
2434 1488 2756 1542 ὑποκεῖσθαι
2805 1487 2988 1556 νόμῳ;
3033 1486 3094 1537 τὸ
3138 1484 3246 1553 γὰρ
3290 1481 3487 1550 ἄφετόν
3514 1498 3572 1533 τε
3614 1479 3705 1532 καὶ
3734 1477 3876 1548 ὑπὲρ

2295 1579 2477 1649 νόμον,
2510 1576 2667 1646 φύσει
2695 1593 2752 1628 τε
2785 1575 2879 1627 καὶ⁵
2911 1572 3124 1642 ἀληθῶς
3155 1569 3438 1639 ἐλεύθερον
3475 1567 3560 1636 εἴη
3589 1565 3654 1618 ἂν
3679 1565 3872 1634 ἕτερον

2295 1671 2466 1735 οὐδὲν,
2503 1668 2642 1739 πλὴν
2690 1668 2773 1720 ὅτι
2805 1666 2865 1718 τὸ
2895 1665 3065 1719 Θεῑον·
3113 1661 3309 1716 οὐκοῦν
3338 1659 3426 1712 ὅτε
3457 1657 3650 1726 γέγονε
3700 1653 3839 1724 σὰρξ
3859 1692 3877 1716 ,

2296 1765 2419 1817 τότε
2465 1762 2657 1831 γέγονε
2702 1763 2796 1814 καὶ
2871 1758 2975 1812 ὑπὸ
3019 1759 3216 1828 νόμον·
3263 1751 3577 1805 συνετέλεσε
3616 1749 3724 1818 γὰρ
3761 1747 3879 1809 τοῖς

2295 1852 2688 1924 δασμολογοῦσι
2715 1851 2774 1904 τὸ
2802 1851 3093 1920 δίδραχμον
3115 1865 3126 1875 ·
3158 1845 3334 1898 καίτοι
3373 1843 3515 1896 κατά
3545 1840 3707 1909 φύσιν
3740 1838 3878 1891 ίδίαν

2297 1945 2581 2015 ἐλεύθερος
2601 1944 2701 2006 ὢν,
2728 1942 2802 2006 ὼς
2826 1940 2954 2003 Θεὸς
2978 1939 3072 1992 καὶ⁴
3096 1938 3240 2001 Υἱὸς,
3271 1936 3364 1989 καὶ
3387 1937 3475 1987 ὅτε
3500 1935 3690 2001 γέγονε
3714 1930 3875 1999 σάρξ.

2298 2038 2360 2091 Ei
2391 2036 2448 2090 δέ
2477 2052 2557 2088 σοι
2586 2035 2734 2088 δοκεῖ
2763 2034 2850 2086 τὸν
2896 2034 2992 2084 ἕνα
3022 2031 3241 2100 τέμνειν
3269 2029 3348 2092 είς
3379 2026 3506 2092 δύο,
3553 2024 3647 2078 καὶ
3693 2021 3880 2084 ίδικῶς

2299 2128 2430 2198 ἡμῖν
2462 2126 2747 2196 ἄνθρωπον
2778 2123 3101 2192 ἀποφαίνειν
3130 2121 3220 2174 τὸν
3249 2122 3312 2173 ὲκ
3341 2117 3598 2187 γυναικὸς
3619 2157 3631 2181 ,
3661 2115 3775 2177 πῶς
3811 2113 3880 2166 ἂν

2299 2218 2508 2286 λέγοιτο
2552 2215 2802 2284 γενέσθαι
2832 2214 2927 2266 καὶ
2956 2212 3059 2264 ὑπὸ
3087 2212 3269 2280 νόμον,
3319 2210 3347 2261 ὁ
3399 2208 3500 2276 τῆς
3546 2207 3651 2259 ὑπὸ
3705 2205 3872 2273 νόμον

2301 2309 2514 2379 φύσεως
2546 2308 2649 2372 ὥν;
2689 2307 2762 2359 Οὐ
2795 2306 2904 2375 γάρ
2932 2321 3012 2356 τοι
3041 2303 3100 2357 τὸ
3128 2302 3267 2371 ἕχον,
3301 2299 3361 2352 τὸ
3401 2299 3510 2351 δεῖν
3554 2295 3880 2349 ὑποκεῖσθαι

2301 2403 2475 2472 νόμῳ,
2507 2400 2700 2469 γένοιτ’
2727 2399 2791 2453 ἂν
2820 2397 2925 2450 ὑπὸ
2966 2395 3158 2465 νόμου,
3186 2392 3324 2445 ἀλλὰ
3347 2392 3405 2444 τὸ
3437 2390 3600 2458 φύσιν
3632 2388 3752 2458 ἔχον
3777 2388 3880 2458 τὴν

2303 2493 2442 2562 ὑπὲρ
2480 2492 2660 2561 νόμον,
2709 2491 2805 2544 καὶ
2849 2486 2952 2554 ἔξω
3001 2487 3186 2555 νόμον.
3226 2484 3375 2553 Μόνη
3423 2482 3554 2554 7&9,
3605 2481 3678 2542 ὼς
3715 2480 3879 2548 ἔφην,

2301 2585 2470 2645 ἐστὶν,
2521 2584 2554 2650 ἡ
2605 2580 2723 2634 θεία
2783 2597 2840 2630 τε
2877 2578 2971 2631 καὶ
3007 2576 3284 2646 ὑπερτάτη
3317 2573 3508 2641 φύσις,
3557 2572 3652 2624 καὶ
3699 2571 3879 2640 νόμω»

2303 2672 2578 2733 ἐπέκεινα,
2615 2669 2707 2721 καὶ
2752 2667 2850 2738 μέν
2886 2683 2968 2718 τοι
3014 2664 3110 2717 καὶ
3151 2661 3448 2733 ἐλευθέρα’
3496 2661 3590 2713 καὶ
3627 2658 3717 2711 τὸν
3756 2660 3880 2710 επι-

2306 2763 2507 2832 στάτην
2564 2761 2766 2830 ἔχουσα
2814 2754 3091 2819 παντελῶς
3142 2753 3354 2820 οὐδένα,
3407 2751 3755 2821 κατάρχουσα
3822 2749 3883 2801 δὲ

2310 2855 2510 2926 μᾶλλον
2556 2852 2694 2919 αὑτὴ
2744 2850 2850 2903 τῶν
2879 2850 3036 2914 ὅλων,
3087 2847 3182 2900 καὶ
3215 2847 3347 2900 πᾶσι
3389 2843 3482 2896 τὸν
3512 2841 3711 2911 ἑαυτῆς
3749 2841 3883 2893 ὑπο-

2305 2947 2515 2999 τιθεῖσα
2558 2943 2740 3010 ζυγόν.
2792 2941 2850 2994 '0
2901 2941 2956 2992 δὲ
3001 2938 3263 3008 λογισμοῦ
3316 2934 3411 2988 τοῦ
3456 2933 3757 3005 πρέποντος
3803 2931 3886 2984 δι-

2308 3036 2663 3110 ημαρτηκὼς,
2685 3032 3000 3096 δυσσεϐείας
3020 3033 3098 3095 είς
3112 3031 3269 3084 τοῦτο
3289 3026 3621 3082 κατώλισθεν
3641 3025 3882 3088 ἐννοιῶν,

634 3135 989 3205 impietatem,
1039 3140 1093 3184 et
1142 3143 1311 3198 usque
1364 3127 1500 3182 adeo
1551 3125 1616 3178 ad
1669 3114 1909 3179 sumi-mas
1957 3117 2199 3189 pervenit

2307 3133 2401 3185 καὶ
2434 3133 2514 3192 εἰς
2543 3130 2710 3198 ἄκρον
2744 3128 2870 3197 ἥκει
2901 3125 3220 3194 σκαιότητος
3244 3163 3259 3188 ,
3292 3121 3398 3175 ἀπό
3425 3137 3487 3189 γε
3521 3119 3616 3172 τοῦ
3654 3119 3884 3189 διαιρεῖν

636 3226 866 3296 ineptias
907 3240 974 3279 ex
1009 3239 1072 3278 eo
1100 3223 1240 3292 quod
1286 3236 1448 3275 unmn
1492 3217 1780 3272 Dominum
1825 3212 2013 3269 Jesutn
2046 3210 2204 3266 Chri-

635 3332 776 3374 stum
809 3317 862 3371 in
899 3318 1004 3369 duo
1033 3314 1244 3378 dividit,
1277 3321 1335 3367 ut
1365 3312 1626 3365 audacter
1646 3307 1843 3362 dixerit
1868 3306 2042 3373 ipsum
2075 3301 2203 3355 Em-

635 3410 935 3467 manuelem
977 3423 1152 3476 neque
1185 3420 1309 3460 vere
1347 3405 1516 3458 Deum
1545 3415 1690 3466 esse,
1740 3411 1914 3469 neque
1941 3405 2203 3466 praeterea

637 3502 934 3557 secundum
983 3511 1228 3552 natu-ram
1279 3494 1473 3550 Filium
1515 3512 1526 3548 :
1570 3493 1650 3547 sic
1694 3507 1824 3545 vero
1881 3486 2205 3557 appellatum

634 3593 910 3647 Christum
933 3599 986 3645 et
1006 3599 1277 3652 sanctum,
1308 3596 1366 3640 ut
1392 3584 1481 3638 alii
1509 3596 1725 3651 quoque
1765 3578 2007 3635 nonnulli
2037 3577 2204 3631 nostri

636 3683 862 3747 similes,
912 3691 1006 3734 aut
1055 3681 1391 3747 impurorum
1444 3675 1748 3730 dtemonum
1796 3672 2055 3726 cultores.
2114 3667 2204 3721 Sic

638 3790 871 3845 namque
905 3787 1092 3828 rursus
1119 3771 1255 3823 dixit
1285 3788 1297 3821 :

710 3867 975 3941 [Νεετοιι.
1019 3865 1125 3919 Sed
1152 3864 1291 3917 sicut
1323 3860 1554 3914 dicimus
1585 3858 1750 3912 Deum
1790 3855 1933 3908 illum
1966 3851 2213 3905 omnium

639 3962 1013 4021 Conditorem,
1054 3965 1107 4010 et
1141 3953 1301 4009 deum
1330 3953 1502 4020 ipsum
1530 3948 1709 4002 Mosen
1739 3964 1752 4000 :
1784 3964 1802 3996 ι
1833 3945 1999 3999 Deum
2039 3941 2207 4000 enim,

639 4054 835 4122 inquit,
869 4048 1020 4119 posui
1059 4057 1110 4100 te
1142 4043 1411 4099 Pharaoni
1436 4042 1522 4107 i';
1557 4059 1574 4093 ι
1625 4049 1680 4094 et
1715 4039 1887 4108 ipsum
1935 4032 2098 4088 Israel
2145 4031 2209 4085 li-

642 4149 769 4198 lium
832 4144 926 4197 Dei
968 4160 981 4194 :
1017 4158 1035 4190 ι
1067 4137 1278 4201 Filius,
1340 4133 1552 4203 inquit,
1607 4129 1995 4200 primogenitus
2059 4139 2212 4179 meus

641 4234 803 4291 lsrael
823 4233 865 4264 ¹³
890 4249 903 4298 ;
933 4251 950 4282 ι
985 4242 1044 4286 ιιι
1066 4230 1230 4284 etiam
1258 4225 1389 4280 Saul
1420 4226 1592 4295 ipsum
1622 4222 1852 4276 dicimus
1892 4218 2158 4272 christum
2192 4231 2206 4269 :

646 4347 664 4378 ι
699 4325 938 4389 Minime,
967 4321 1158 4392 inquit,
1187 4319 1474 4373 extendam
1510 4329 1727 4370 manum
1761 4325 1932 4366 meam
1965 4309 2017 4363 in
2061 4322 2210 4371 eum,

641 4420 766 4488 quia
812 4416 1050 4472 christus
1079 4411 1288 4467 Domini
1319 4421 1404 4464 est
1425 4408 1505 4473 u;
1544 4426 1561 4458 ι
1597 4417 1652 4460 et
1682 4405 1878 4475 Cyrum
1913 4401 2206 4456 similiter:

2307 3212 2398 3285 εἰς’
2421 3221 2514 3274 δύο
2542 3220 2633 3274 τὸν
2661 3219 2758 3272 ἕνα
2803 3217 3009 3288 Κύριον
3047 3213 3256 3284 Ἰησοῦν
3290 3213 3544 3284 Χριστὸν,
3576 3212 3650 3272 ιὶρς
3677 3212 3885 3264 ἀνυπο-

2309 3314 2510 3377 στόλως
2540 3313 2743 3375 εἰπεῖν,
2789 3312 2925 3381 μήτε
2965 3309 3099 3362 Θεὸν
3129 3305 3367 3377 άληθῶς,
3428 3305 3566 3374 μήτε
3607 3303 3712 3373 μὴν
3749 3301 3881 3354 Υίδν

2307 3401 2445 3460 εἶναι
2496 3406 2638 3458 κατὰ
2681 3402 2840 3471 φύσιν
2891 3402 2980 3455 τὸν
3034 3399 3417 3470 Ἐμμανουήλ·
3459 3394 3770 3465 ὠνομάσθαι
3828 3395 3891 3448 δὲ

2307 3499 2449 3552 οὕτω
2483 3495 2716 3567 Χριστὸν
2750 3495 2844 3548 καὶ
2875 3493 3048 3562 ἅγιον,
3075 3491 3327 3562 καθάπερ
3360 3489 3550 3558 ἀμέλει
3580 3489 3672 3541 καὶ
3705 3486 3892 3555 ἕτεροί

2307 3608 2450 3652 τινες
2494 3589 2603 3641 τῶν
2649 3586 2769 3640 καθ’
2823 3587 3003 3657 ἡμᾶς,
3066 3586 3233 3655 ἤγουν
3289 3582 3396 3634 τῶν
3443 3579 3893 3650 λελατρευκότων

2309 3684 2419 3742 τοῖς
2445 3679 2776 3748 ἀκαθάρτοις
2802 3677 3052 3746 δαίμοσιν
3073 3691 3085 3702 ·
3123 3673 3226 3744 ἔφη
3254 3671 3359 3742 7&9
3390 3670 3532 3726 οὕτω
3569 3669 3760 3723 πάλινο.

2381 3854 2556 3927 [Ἀλλ’
2600 3853 2787 3923 ὥσπερ
2813 3851 3040 3921 λέγομεν
3071 3848 3202 3903 Θεὸν
3235 3848 3323 3900 τὸν
3369 3847 3587 3901 πάντων
3617 3849 3891 3914 Δημιουρο

2310 3944 2427 4012 γὸν,
2459 3943 2554 3995 καὶ
2570 3942 2690 3994 θεὸν
2707 3943 2798 3994 τὸν
2819 3940 3024 3994 Μωσέα
3045 3955 3059 3968 ⁸
3100 3957 3117 3989 ι
3150 3938 3282 3990 Θεὸν
3299 3935 3427 4008 γὰρ,
3461 3937 3593 4007 φησι
3614 3976 3628 3997 ,
3663 3933 3897 3988 τέθεικά

2313 4053 2371 4088 σε
2412 4034 2506 4088 τοῦ
2539 4031 2757 4102 Φαραώο
2814 4050 2831 4081 ι
2881 4030 2976 4084 καὶ
3023 4028 3136 4082 υἱὸν
3179 4028 3272 4081 τὸν
3317 4026 3532 4098 Ἰσραὴλ
3582 4025 3675 4079 τοῦ
3725 4025 3894 4077 Θεοῦ⁹

2318 4147 2335 4179 ι
2374 4127 2498 4188 Υἱὸς
2544 4123 2674 4194 7&9,
2711 4123 2874 4193 φησι,
2915 4120 3260 4191 πρωτότοκος
3296 4135 3395 4188 μου
3447 4115 3693 4186 Ἰσραήλ·
3740 4133 3756 4164 ι
3788 4115 3895 4166 καὶ

2311 4221 2500 4288 ὥσπερ
2551 4216 2782 4286 λέγομεν
2842 4212 3060 4284 χριστὸν
3105 4211 3195 4264 τὸν
3240 4207 3446 4263 Σαούλο
3486 4226 3503 4258 ι
3533 4207 3605 4258 Οὔ
3646 4205 3718 4274 μὴ
3751 4204 3892 4273 7&9,

2313 4311 2495 4381 φησιν.
2527 4307 2770 4362 ἐπιϐαλῶ
2795 4307 2893 4374 τὴν
2924 4304 3080 4376 χεῖρά
3110 4319 3209 4373 μου
3236 4301 3320 4354 ἐπ’
3351 4299 3631 4361 αὐτὸν,ὃτι
3665 4297 3894 4367 χριστὸς

2314 4402 2519 4470 Κυρίου
2567 4400 2713 4453 ἐστί·
2753 4416 2772 4450 ι
2809 4398 2905 4450 καὶ
2956 4395 3138 4466 Κῦρον
3179 4390 3464 4454 ὼσαύτως’
3505 4409 3520 4440 ι
3555 4389 3692 4441 Τάδε
3736 4386 3898 4452 λέγει

647 4472 673 4563 ι.
698 4510 823 4565 Haec
872 4509 1002 4562 dicit
1056 4504 1315 4559 Dominus
1368 4472 1572 4555 christo
1626 4472 1747 4552 meo
1797 4496 1938 4565 Cyro
1977 4495 2058 4560 ";
2091 4512 2108 4544 ι
2157 4502 2199 4545 el

2316 4496 2521 4568 Κύριος
2542 4493 2619 4564 τῷ
2648 4490 2853 4564 χριστῷ
2885 4507 2985 4560 μου
3013 4488 3180 4558 Κύρῳ
3198 4501 3212 4516 ’
3238 4504 3256 4536 ι
3299 4484 3394 4538 καὶ
3425 4482 3516 4535 τὸν
3549 4478 3903 4534 Βαϐυλώνιον

644 4606 817 4671 ipsum
854 4597 1204 4669 Babylonium
1233 4602 1480 4647 sanctum
1516 4608 1528 4644 :
1561 4610 1579 4641 ι
1617 4588 1751 4658 Ego,
1788 4588 1982 4656 inquit,
2018 4586 2209 4654 prazci-

645 4695 732 4762 pio
780 4689 926 4745 eis"
952 4707 966 4742 ε
993 4707 1022 4739 .›
1063 4688 1140 4742 sic
1178 4685 1413 4740 dicimus
1454 4684 1629 4752 ipsum
1673 4694 1889 4750 quoque
1927 4679 2213 4732 Dominum

644 4786 941 4845 Christum,
977 4791 1030 4834 et
1078 4777 1266 4839 Deum,
1325 4784 1379 4829 et
1426 4772 1648 4835 Filium,
1702 4781 1756 4824 et
1788 4777 2057 4822 sanctum.
2107 4765 2212 4820 Sed

643 4873 889 4942 quamvis
934 4871 1121 4923 eadem
1173 4868 1242 4919 sit
1280 4863 1592 4919 communio
1639 4858 1939 4922 nominum,
1989 4872 2096 4911 non
2136 4865 2213 4910 ta-

646 4983 766 5021 men
803 4972 883 5018 est
912 4963 1098 5016 eadem
1127 4956 1411 5030 dignitas]

1290 5071 1441 5126 CAP.
1483 5070 1572 5124 IV.

713 5196 849 5262 Quid
879 5192 1051 5248 dicis?
1077 5191 1294 5261 qualem
1339 5200 1644 5242 sermonem
1684 5195 1899 5241 eructas
1941 5191 2008 5242 de
2056 5188 2221 5245 corde

717 5351 759 5381 ὀ
786 5350 826 5403 ll
851 5349 976 5406 Cor.
1009 5345 1212 5416 vm,9.
1320 5344 1359 5375 ¹¹
1390 5343 1576 5416 Matth.
1614 5358 1747 5411 xvn,
1777 5345 1851 5400 23
1883 5361 2036 5416 seqq.

649 5419 815 5474 "lsa.
847 5435 970 5485 xu,
1012 5418 1064 5470 l.
1144 5415 1186 5446 “
1211 5415 1312 5470 lsa.
1350 5429 1472 5481 xm,
1497 5413 1549 5470 3.

2142 5347 2185 5377 ι’
2223 5343 2394 5400 Exod.
2433 5358 2534 5408 vu,
2580 5341 2632 5393 1.

2316 4592 2505 4658 ἅγιον·
2545 4607 2562 4638 ι
2601 4584 2744 4653 Ἐγὼ
2782 4583 2911 4654 γὰρ,
2944 4581 3099 4650 φησι,
3138 4578 3419 4631 συντάσσω
3461 4576 3641 4634 αὐτοῖς
3671 4570 3778 4639 (Η)
3809 4586 3824 4599 ο
3880 4591 3897 4620 ι

2316 4656 2458 4733 οῦτω
2489 4677 2723 4745 λέγομεν
2768 4674 2856 4726 καὶ
2887 4671 2976 4722 τὸν
3002 4668 3277 4736 Δεσπότην
3308 4664 3566 4734 Χριστὸν,
3617 4660 3710 4712 καὶ
3757 4656 3907 4710 Θεὸν

2324 4771 2417 4826 καὶ
2449 4769 2573 4824 Υίδν
2608 4769 2702 4821 καὶ
2744 4765 2921 4832 ἅγιον.
2959 4761 3096 4813 Ἀλλ’
3129 4761 3163 4829 ἠ
3213 4758 3308 4827 μὲν
3356 4752 3609 4809 κοινωνία
3639 4745 3745 4803 τῶν
3770 4749 3904 4803 ὀνο-

2324 4865 2509 4935 μάτων
2537 4860 2718 4930 ὁμοία,
2751 4857 2848 4925 οὐχ
2879 4857 2912 4925 ἡ
2939 4854 3076 4923 αὑτὴ
3105 4851 3147 4904 δ’
3182 4847 3343 4918 ἀξία]

2921 5065 3169 5121 ΚΕΦΔΛ.
3224 5064 3296 5114 Δ’.

2392 5186 2458 5243 Τί
2493 5187 2630 5256 φής;
2663 5183 2815 5236 ποῖον
2838 5177 3039 5250 ὲρεύγῃ
3067 5173 3224 5241 λόγον
3249 5168 3358 5223 ἀπὸ
3390 5166 3613 5237 καρδίας
3639 5167 3735 5236 τῆς
3769 5168 3907 5239 σῆς,

2742 5333 2977 5390 "Exod.
3013 5349 3086 5401 tv,
3116 5330 3211 5385 22.
3331 5329 3374 5359 ¹¹⁸
3415 5327 3432 5383 Ι
3475 5324 3605 5396 Reg.
3645 5338 3791 5387 χχιιι,
3844 5323 3905 5378 7.

1909 5543 2067 5601 ΑΝΤ.
2108 5541 2385 5600 Αϐειιιι
2426 5540 2659 5598 NOTIE.

726 5712 832 5785 ill)
858 5714 1086 5785 Omnino
1117 5707 1396 5780 legendum
1426 5713 1531 5770 est,
1561 5703 1757 5785 &7iotc,
1783 5701 2030 5785 quamvis
2052 5700 2209 5780 codd.

651 5773 982 5856 repugnent.
1018 5784 1100 5843 sic
1147 5773 1376 5848 ﬂatuque
1423 5776 1708 5846 requirunt
1753 5773 2079 5843 sequentia:
2135 5773 2213 5825 sic

2323 5700 2487 5752 etiam
2525 5696 2726 5749 habent
2759 5692 2968 5747 Hebraei
3002 5691 3159 5748 codd.
3198 5691 3346 5746 lsaizc
3397 5704 3516 5754 xm,
3556 5698 3607 5742 et
3653 5685 3909 5741 nonnulli

2323 5768 2520 5832 Graeci,
2552 5763 2872 5836 ἡγιασμένοι
2898 5763 3025 5817 eisi.
