4072 6346
188 397 248 450 77
1299 389 1667 445 ADVERSUS
1704 387 2102 444 NESTORIUM
2144 387 2270 442 LIB.
2301 389 2363 442 ll.
3348 391 3416 444 78

187 506 272 557 καὶ
301 505 396 554 οὐκ
424 502 529 555 άπὸ
555 503 812 573 στόματος
833 504 1056 574 Κυρίου,
1079 503 1219 556 κατὰ
1249 504 1306 556 :6
1340 505 1743 574 γεγραμμένον;

1856 513 1965 568 ιιιο,
1999 520 2102 556 ιιοιι
2130 503 2195 557 ab
2225 518 2318 557 ore
2347 501 2577 564 Domini,
2609 513 2663 555 ιιι
2703 502 2960 570 scriptum
2985 511 3066 557 est
3095 502 3134 534 ”
3161 502 3222 556 γι
3253 503 3422 558 Nemo

190 617 207 645 ι
231 595 413 656 υὺδεὶς
435 594 581 660 λέγει
612 595 1097 666 άνάθεμαΊησοῦν,
1119 599 1166 649 εί
1193 597 1267 667 μὴ
1290 599 1345 649 ὲν
1369 595 1712 660 Βεελζεϐούλ.
1728 615 1744 644 ι

199 687 279 747 Ὠς
322 685 387 738 ἂν
432 689 601 740 νοοῖτο
632 687 816 756 τυχὸν,
852 689 884 756 ἢ
921 689 1127 758 λέγοιτο
1177 689 1311 758 πρὸς
1357 688 1513 759 ἡμῶν
1558 688 1691 749 Θεὸς
1724 690 1751 739 6

187 781 406 848 Μωσῆς,
442 782 583 833 οὕτω
613 783 706 835 καὶ
735 785 762 835 6
788 783 1053 850 Χριστός;
1085 783 1206 836 καθ’
1240 784 1533 854 ὁμοιότητα
1566 783 1622 835 δὲ
1655 782 1752 854 τὴν

188 871 316 939 πρός
339 888 400 936 γε
429 872 517 924 τὸν
549 872 763 943 Ἰσραὴλ
785 874 869 942 εἴη
903 873 969 926 ἂν
997 876 1090 927 καὶ
1111 875 1223 936 υίός
1246 890 1259 939 ;
1288 874 1405 926 είπέ
1429 890 1541 941 μοι·
1564 875 1626 926 Ὢ
1654 874 1751 940 τῆς

186 963 495 1026 δυσσεϐείας
515 981 526 993 '
568 963 612 1017 ὢ
637 965 811 1033 λόγων
843 966 1217 1036 ηφειδηκότων
1250 968 1349 1037 τῆς
1383 966 1475 1018 τοῦ
1502 965 1751 1035 Σωτῆρος

185 1051 335 1122 ἡμῶν
371 1052 795 1124 κατεπαίρεσθαι
839 1054 1022 1122 δόξης·
1059 1054 1103 1107 ὣ
1130 1055 1431 1124 δυσμαθίας
1469 1056 1707 1125 ἀκράτου
1733 1092 1748 1117 ,

187 1144 275 1195 καὶ
318 1143 492 1196 πάντα
525 1144 761 1214 νικώσης
796 1145 981 1210 δκνον,
1016 1147 1108 1198 τὸν
1136 1146 1230 1198 ἐπὶ
1272 1148 1332 1198 τὸ
1373 1146 1569 1216 χρῆναί
1610 1163 1749 1215 φημι

184 1234 288 1285 τῶν
334 1232 435 1301 τῆς
496 1234 822 1304 Ἐκκλησίας
868 1236 1153 1306 δογμάτων
1199 1236 1429 1298 ἀνοσίως
1476 1238 1751 1306 καταθρα-

186 1321 469 1375 σύνεσθαιὲ
499 1322 756 1376 Ψαλλέτω
785 1325 878 1376 καὶ
912 1324 1007 1376 νῦν
1034 1327 1061 1377 6
1094 1326 1363 1395 μακάριος
1396 1324 1558 1377 Δαδίδ
1578 1341 1590 1355 ·
1631 1343 1650 1376 t
1690 1327 1752 1378 Οί

185 1413 364 1484 ἐχθροὶ
398 1414 602 1484 Κυρίου
631 1414 928 1483 ἐψεύσαντο
975 1416 1142 1486 αὐτῷ.
1181 1435 1198 1466 ι
1233 1416 1430 1488 Μωσῆς
1464 1417 1562 1486 μὲν
1591 1418 1696 1487 γὰρ
1724 1420 1752 1470 6

185 1504 486 1567 θεσπέσιος,
515 1504 801 1576 ἄνθρωπος
846 1501 914 1576 ἦν
945 1509 1068 1560 καθ’
1109 1509 1253 1579 ἡμᾶς
1291 1509 1386 1578 τὴν
1432 1508 1621 1577 φύσιν,
1655 1510 1751 1561 καὶ

183 1595 364 1661 ἕτερον
429 1594 600 1648 οὐδέν.
669 1591 884 1666 Ἐπειδὴ
923 1595 979 1649 δὲ
1016 1596 1150 1650 Θεοῦ
1182 1597 1463 1665 λέγοντος·
1503 1617 1520 1648 ι
1558 1597 1746 1667 Δεῦρο,

181 1685 481 1737 ἀποστείλω
525 1702 583 1738 σε
629 1687 762 1757 πρὸς
802 1688 1001 1758 Φαραὼ
1034 1689 1260 1758 βασιλέα
1308 1689 1614 1758 Αἰγύπτου,
1655 1693 1750 1745 καὶ

183 1778 390 1843 ἐξάξεις
449 1781 574 1842 τοὺς
629 1782 779 1843 υἱοὺς
847 1781 1061 1851 Ἰσραὴλ
1115 1782 1179 1834 ὲκ
1233 1782 1335 1851 γῆς
1388 1783 1683 1850 Αἰγύπτου·
1725 1799 1742 1831 ι

181 1871 560 1941 παραιτήσεως
618 1871 873 1940 ἀφορμὰς
931 1875 1165 1925 ἐποιεῖτο
1220 1873 1318 1944 τὴν
1390 1873 1745 1943 ίχνομυθίαν,

181 1961 274 2014 καὶ
305 1961 365 2012 τὸ
401 1960 475 2031 μὴ
505 1959 729 2024 εῦλαλος
757 1955 896 2013 εἶναι
917 2001 932 2024 ,
965 1962 1068 2032 πρὸ
1097 1963 1194 2031 τῆς
1221 1961 1368 2031 χθὲς,
1402 1963 1494 2013 καὶ
1517 1962 1624 2030 πρὸ
1649 1965 1748 2031 τῆς

178 2052 405 2120 τρίτης,
452 2053 650 2120 ἤκουσε
701 2052 835 2104 Θεοῦ
883 2052 1158 2120 λέγοντος⁹
1198 2071 1214 2102 ι
1263 2053 1391 2105 Ἰδοὺ
1441 2051 1647 2106 δέδωκά
1690 2070 1746 2104 σε

180 2143 298 2193 θεὸν
336 2142 562 2211 Φαραιίν
600 2145 691 2194 καὶ
735 2142 942 2214 Ἀαρὼν
980 2145 1008 2195 6
1051 2143 1276 2211 ἀδελφός
1329 2159 1422 2196 σου
1472 2143 1623 2196 ἔσται
1666 2160 1747 2196 σοι

180 2231 482 2302 ὑποφήτης.
515 2250 534 2281 ι
583 2233 842 2301 Ἀδρανὴς
884 2233 983 2302 μὲν
1026 2235 1132 2304 γὰρ
1178 2235 1204 2285 ὁ
1238 2235 1397 2304 νόμος
1427 2236 1506 2296 είς
1536 2233 1595 2286 τὸ
1641 2235 1747 2286 ἀπ-

179 2325 460 2378 αλλάττειν
489 2324 744 2379 δύνασθαί
788 2342 912 2379 τινα
955 2326 1056 2394 τῆς
1101 2327 1202 2378 ὑπὸ
1242 2326 1319 2396 τῷ
1359 2326 1586 2396 διαϐόλῳ
1630 2325 1750 2378 δου-

179 2415 345 2478 λείας.
402 2414 794 2480 Μεσιτεύοντος
855 2415 912 2468 δὲ
960 2415 1051 2469 τοῦ
1119 2416 1379 2489 Χριστοῦ,
1441 2419 1534 2470 καὶ
1590 2416 1751 2470 τοῦτο

179 2504 558 2576 κατώρθωται.
594 2507 860 2578 Καθάπερ
902 2508 1091 2577 ἀμέλει
1126 2510 1376 2569 συνόντος
1400 2508 1460 2561 τὸ
1493 2508 1746 2570 τηνικάδε

178 2597 270 2650 τοῦ
312 2596 523 2667 Ἀαρὼν
557 2596 634 2667 τῷ
670 2599 942 2668 θεσπεσίῳ
971 2601 1141 2670 Μωσῇ
1167 2640 1180 2664 ,
1243 2599 1342 2668 τῆς
1388 2600 1445 2652 ἐν
1491 2599 1752 2666 Αἰγύπτῳ

179 2689 424 2752 δουλείας
466 2691 493 2742 6
555 2691 771 2759 Ἰσραὴλ
816 2690 1218 2759 ἀπηλλάττετο·
1266 2690 1452 2759 ἐπειδὴ
1505 2689 1560 2742 δὲ
1611 2688 1751 2742 κατὰ

180 2782 405 2849 καιροὺς
452 2780 675 2850 ἔμελλεν
703 2783 730 2832 6
759 2781 992 2850 Χριστὸς
1031 2779 1281 2848 γενέσθαι
1314 2781 1407 2832 καὶ
1439 2780 1543 2831 ὑπὸ
1567 2780 1750 2848 νόμον,

181 2871 251 2934 ὡς
295 2872 416 2924 καθ’
459 2874 603 2942 ἡμᾶς
654 2889 711 2924 τε
760 2873 853 2925 καὶ
900 2871 1184 2942 ἄνθρωπος
1210 2911 1222 2933 ,
1257 2871 1492 2924 τέθειταί
1545 2887 1660 2933 πως
1693 2871 1750 2922 ὲν

176 2963 452 3033 δευτέροις
500 2962 596 3016 τοῦ
636 2964 880 3026 Μωσέως
938 2967 966 3018 6
1020 2963 1262 3034 ’Λαρώνο
1300 2965 1396 3017 καὶ
1437 2965 1465 3016 6
1518 2962 1618 3030 μὲν
1657 2960 1750 3014 τοῦ

181 3054 483 3124 μυστηρίου
516 3053 693 3120 λόγος,
716 3054 918 3106 οὑτοσί.
962 3055 1106 3125 Πλὴν
1137 3056 1184 3107 εἰ
1223 3054 1395 3106 ἓλοιτό
1424 3069 1506 3114 τις
1531 3053 1753 3104 κάκεῖνο

1854 597 1978 649 dicit
2025 596 2306 649 anathema
2349 592 2550 659 Jcsum,
2599 595 2701 649 nisi
2748 595 2799 648 in
2842 595 3140 650 Beelzebub
3179 597 3242 650 ¹⁸.
3288 617 3306 648 ι
3352 594 3422 652 Ut

1854 685 2188 755 intelligitur,
2238 686 2381 740 verbi
2416 687 2584 757 gratia
2609 729 2623 753 ,
2656 695 2748 740 aut
2785 687 2984 741 dicitur
3019 703 3047 741 a
3094 687 3251 742 nobis
3291 689 3422 743 deus

1854 778 1966 845 ipse
1998 776 2193 841 Moses,
2220 777 2296 832 sic
2324 777 2484 831 etiam
2507 777 2794 832 Christus?
2819 777 2922 849 41
2946 779 3112 841 itane,
3157 780 3243 834 dic
3266 780 3420 844 mihi,

1853 866 1920 921 atl
1943 867 2350 921 similitudinem
2371 866 2582 921 Israelis
2603 875 2685 920 est
2709 868 2871 921 etiam
2899 867 3073 922 Iilius?
3091 864 3135 922 0
3152 882 3420 922 summam

1855 957 2205 1028 impietatem,
2236 973 2270 1013 ο
2305 960 2466 1013 verba
2495 974 2613 1026 qua:
2649 973 2748 1012 nec
2783 958 2954 1027 ipsius
2988 958 3286 1014 Salvatoris
3322 976 3422 1016 no-

1853 1048 1950 1101 stri
1987 1048 2208 1117 gloriam
2237 1049 2540 1119 deprimere
2571 1061 2859 1115 verentur;
2903 1066 2934 1105 ο
2963 1050 3279 1106 effrenatam
3323 1051 3422 1105 im-

1853 1139 2100 1207 peritiam
2135 1149 2189 1195 et
2221 1150 2442 1205 tantam,
2478 1152 2534 1194 ut
2566 1141 2784 1195 minime
2816 1141 3126 1197 reformidet
3163 1143 3423 1198 adversus

1852 1229 2108 1282 Ecclesiae
2158 1232 2406 1300 dogmata
2464 1231 2628 1299 impie
2688 1240 2741 1285 et
2806 1233 3065 1286 audacter
3117 1231 3419 1304 insurgere.

1853 1319 2053 1375 Psallat
2088 1337 2231 1376 nunc
2265 1339 2479 1393 quoque
2515 1326 2707 1379 beatus
2761 1323 2925 1377 David
2963 1342 2977 1378 :
3016 1343 3032 1374 ι
3066 1322 3274 1379 Inimici
3315 1325 3423 1379 Do-

1853 1412 1984 1466 mini
2016 1413 2222 1467 mentiti
2267 1425 2392 1469 sunt
2421 1415 2470 1468 ei
2497 1415 2558 1468 ".
2593 1433 2611 1466 ι
2659 1413 2791 1468 Nam
2829 1415 3015 1470 beatus
3057 1413 3230 1470 Moses
3263 1416 3425 1469 bomo

1850 1514 1987 1567 erat,
2025 1521 2090 1559 ex
2139 1516 2324 1560 natura
2357 1507 2549 1562 similis
2599 1508 2774 1571 nobis,
2810 1508 2943 1561 nihil
2971 1518 3260 1576 praeterea.
3288 1507 3425 1574 Quia

1855 1609 1981 1648 vero
2004 1596 2214 1651 dicente
2249 1598 2356 1652 Deo
2386 1615 2398 1652 :
2435 1618 2452 1649 ι
2484 1596 2641 1664 Veni,
2671 1598 2879 1651 mittam
2913 1610 2965 1653 te
2989 1599 3055 1652 ad
3088 1597 3422 1652 Pharaonem

1856 1700 2032 1755 regem
2061 1686 2299 1758 Egypti,
2330 1698 2384 1743 et
2409 1688 2604 1744 educes
2636 1689 2774 1746 ﬁlios
2798 1687 2962 1744 Israel
2997 1690 3062 1742 de
3093 1699 3233 1744 terra
3259 1688 3425 1760 Egy-

1854 1780 1926 1846 pti
1957 1779 2003 1809 "
2029 1793 2042 1828 :
2077 1797 2094 1830 ι
2131 1794 2227 1848 pro
2257 1781 2541 1834 recusandi
2570 1782 2858 1835 occasione
2887 1781 3241 1849 exiguitatem
3277 1781 3428 1834 vocis

1779 1849 1822 1906 Β
1851 1868 2112 1933 obtendit,
2151 1881 2404 1924 causatus
2433 1873 2573 1939 quod
2615 1873 2838 1926 minime
2879 1882 3026 1927 esset
3070 1871 3328 1940 eloquens
3358 1871 3428 1924 ab

1854 1959 1967 2012 heri
2001 1970 2053 2012 et
2082 1963 2275 2015 nudius
2302 1964 2513 2026 tertius,
2540 1963 2658 2017 ideo
2684 1961 2848 2017 Deum
2878 1964 3142 2018 dicentem
3169 1962 3376 2016 audivit
3407 1979 3424 2016 ι

1857 2067 1873 2097 ι
1903 2047 2040 2103 Ecce
2082 2051 2200 2105 dedi
2253 2061 2303 2105 te
2346 2053 2505 2106 deum
2553 2052 2869 2119 Pharaonis,
2919 2063 2972 2108 et
3027 2055 3206 2108 Aaron
3260 2054 3428 2107 frater

1854 2151 1973 2193 tuus
2000 2143 2103 2194 erit
2141 2141 2235 2194 tibi
2267 2143 2535 2211 interpres
2563 2143 2627 2196 ".
2662 2162 2681 2195 ι
2722 2143 2939 2198 lulirma
2976 2159 3208 2214 namque
3239 2153 3322 2199 est
3343 2145 3424 2199 lex

1853 2233 1917 2283 ad
1960 2232 2266 2300 quempiam
2303 2247 2332 2286 a
2379 2232 2579 2288 diaboli
2617 2238 2880 2290 servitute
2912 2234 3270 2290 liberandum.
3317 2236 3425 2290 Sed

1853 2321 1905 2375 id
1941 2323 2486 2392 quoque'mediatore
2512 2325 2733 2380 Christo
2776 2325 3070 2395 perlectum
3101 2335 3205 2392 est,
3233 2342 3425 2396 quem-

1853 2411 2140 2464 admodum
2170 2412 2375 2465 scilicet
2399 2427 2463 2466 eo
2489 2422 2728 2480 tempore
2753 2415 2804 2467 in
2831 2411 3068 2483 Egypto
3099 2429 3220 2468 cum
3274 2417 3428 2468 beato

1855 2501 1985 2555 Mosi
2021 2501 2132 2570 ipse
2159 2503 2337 2556 Aaron
2376 2502 2567 2558 fuisset
2602 2505 2907 2573 adjunctus,
2947 2505 3104 2560 Israel
3136 2517 3220 2559 est
3250 2521 3277 2558 a
3311 2521 3427 2560 ser-

1855 2594 2022 2646 vitute
2057 2593 2334 2649 liberatus.
2367 2594 2468 2648 Sed
2502 2596 2625 2663 quia
2655 2609 2910 2650 successu
2939 2605 3242 2665 temporum
3279 2595 3425 2651 futu-

1856 2699 1971 2736 rum
2002 2695 2119 2738 erat
2154 2695 2210 2737 ut
2240 2687 2488 2741 Christus
2530 2691 2695 2742 etiam
2731 2689 2831 2743 sub
2875 2687 2991 2760 lege
3033 2689 3206 2748 ﬁeret,
3241 2698 3429 2756 utpote

1856 2777 2024 2830 nostri
2061 2777 2258 2832 similis
2303 2788 2356 2832 et
2390 2783 2572 2845 homo,
2631 2781 2750 2834 ideo
2795 2791 2918 2850 post
2968 2780 3148 2836 Mosen
3191 2783 3428 2835 secundo

1855 2865 1971 2920 loco
2004 2869 2208 2934 positus
2236 2880 2316 2924 est
2340 2871 2542 2924 Aaron.
2573 2871 2745 2941 Atque
2778 2872 2891 2927 haec
2925 2881 3007 2927 est
3042 2872 3255 2941 quidem
3293 2873 3428 2926 ratio

1856 2960 2120 3030 mysterii.
2162 2960 2266 3014 Sed
2311 2973 2487 3016 tamen
2520 2967 2562 3016 si
2606 2965 2726 3032 quis
2756 2965 2888 3018 velit
2930 2965 3059 3018 illud
3102 2980 3317 3035 quoque
3348 2967 3429 3019 di-

1854 3062 1997 3112 cere,
2037 3047 2219 3103 Mosen
2254 3049 2399 3103 illum
2432 3067 2678 3122 magnum
2711 3055 2881 3108 virum
2928 3055 3027 3108 hac
3071 3057 3154 3109 dei
3193 3057 3427 3126 appella-

179 3147 375 3211 εἰπεῖν,
402 3145 477 3208 ὠς
507 3148 574 3215 τῇ
604 3146 698 3197 τοῦ
729 3145 864 3198 Θεοῦ
904 3146 1091 3214 κλήσει
1133 3147 1228 3198 καὶ
1261 3149 1288 3198 6
1342 3145 1515 3215 μέγας
1547 3146 1751 3204 ἐκεῖνος

1859 3139 2004 3192 ιὶοηο
2036 3139 2197 3194 fuisse
2235 3141 2577 3208 honoratum,
2601 3143 2753 3213 juxta
2785 3159 3071 3201 commune
3104 3147 3255 3212 illud,
3287 3159 3337 3201 et
3362 3163 3425 3203 ett

176 3238 469 3308 τετίμηται
496 3237 699 3306 Μωσῆς
720 3279 733 3302 ,
775 3238 918 3290 κατὰ
954 3239 1012 3289 τὸ
1047 3238 1220 3290 κοινὸν
1253 3237 1315 3306 δὴ
1342 3237 1517 3298 τοῦτο,
1552 3235 1648 3287 καὶ
1677 3235 1751 3296 ὼς

177 3331 234 3381 ὲν
266 3330 452 3400 χάριτι
481 3331 571 3382 καὶ
606 3329 886 3399 φιλοτιμίᾳ.
1005 3329 1157 3399 παρὰ
1183 3328 1318 3380 Θεοῦ
1347 3329 1405 3380 τὸ
1433 3328 1567 3398 πρὸς
1604 3328 1752 3396 ἡμᾶς

176 3422 491 3490 εἰρημένον·
525 3440 543 3471 ι
567 3420 706 3488 Ἐγὼ
736 3417 890 3472 εἶπα·
921 3421 1042 3473 Θεοί
1072 3423 1214 3483 ἐστε,
1236 3421 1331 3472 καὶ
1360 3420 1464 3472 υίοὶ
1498 3419 1752 3487 Ὑψίστου

177 3515 403 3574 πάντες·
444 3531 461 3562 ι
494 3509 601 3582 ἆρα
629 3514 720 3564 καὶ
747 3511 886 3564 οὕτω
912 3512 1040 3573 Θεὸς
1069 3514 1095 3563 6
1116 3513 1384 3580 Χριστός;
1420 3511 1613 3564 Καίτοι
1638 3511 1752 3572 πῶς

176 3602 238 3653 οὐ
279 3601 449 3670 μανία
485 3601 640 3653 τοῦτό
666 3617 750 3668 γε,
787 3604 879 3653 καὶ
903 3602 1097 3669 φρενὸς
1132 3601 1377 3668 ἀμαθοῦς
1419 3600 1754 3669 ἀπόϐρασμα

181 3693 369 3758 κενόν;
419 3693 474 3743 '0
509 3691 607 3761 μὲν
636 3692 764 3761 γὰρ,
799 3691 873 3753 ὡς
913 3690 1069 3758 ἔφην,
1119 3689 1247 3760 ψιλῇ
1301 3689 1394 3742 καὶ
1442 3689 1581 3760 μόνῃ
1611 3688 1755 3739 τετί-

180 3801 350 3853 μηται
403 3783 742 3852 κλήσει,τὴν
778 3783 937 3852 φύσιν
982 3783 1263 3853 ἄνθρωπος
1295 3781 1402 3834 ὧν·
1453 3785 1481 3834 6
1531 3781 1586 3834 δὲ
1636 3783 1755 3834 ἐστὶ

176 3872 312 3936 Θεὸς
355 3873 570 3941 ἀληθῶς
593 3887 608 3903 ο
645 3873 774 3934 Θεὸς
807 3873 913 3941 γὰρ
941 3868 1008 3941 ἦν
1055 3874 1083 3925 6
1129 3874 1295 3940 Λόγος
1348 3874 1405 3924 ὲν
1438 3871 1754 3942 ἀνθρωπεία

181 3969 367 4035 μορφῇ
396 4005 410 4027 ν
457 3967 555 4034 τῆς
606 3965 739 4026 ἰδίας
775 3964 985 4030 εξύσεως
1031 3967 1127 4031 τὴν
1161 3967 1300 4017 κατὰ
1334 3965 1554 4016 πάντων
1584 3965 1755 4034 ὑπερ-

176 4057 308 4127 οχὴν
351 4058 717 4125 ἁδιαλώὸητον
750 4057 885 4126 ἔχων
908 4073 919 4084 ι
951 4058 1015 4134 0'3.
1041 4058 1150 4126 γὰρ
1182 4056 1246 4110 ἂν
1279 4059 1334 4109 ὲν
1369 4059 1754 4127 παρατροπαῖς

174 4153 299 4210 ταῖς
335 4150 429 4199 ἐπὶ
458 4148 519 4199 τὸ
552 4151 730 4216 χεῖρον
756 4149 788 4217 ἠ
816 4148 932 4199 θεία
980 4148 1187 4215 γένοιτο
1217 4149 1377 4215 φύσις
1401 4187 1416 4212 ,
1449 4147 1538 4200 διά
1566 4164 1628 4214 γε
1658 4146 1751 4199 τοῦ

176 4239 505 4294 καθικέσθαι
537 4239 672 4308 πρὸς
703 4241 982 4292 κοινωνίαν
1015 4240 1240 4308 αἵματος
1274 4240 1368 4291 καὶ
1401 4239 1596 4308 σαρκός
1618 4255 1631 4267 ⁸
1663 4240 1758 4290 καὶ

174 4334 308 4400 γοῦν
336 4332 413 4393 ὡς
445 4331 572 4393 Θεὸς
599 4331 1012 4398 ἐπιγινώσκεται
1044 4331 1135 4384 καὶ
1163 4330 1446 4402 ἅνθρωπος
1467 4330 1717 4399 πεφηνώς
1743 4347 1752 4357 ·

175 4422 272 4473 καὶ
304 4420 517 4497 τούτου.
536 4421 706 4492 σαφὴς
743 4419 1012 4484 ἀπόδειξις
1050 4421 1118 4473 τά
1160 4423 1215 4473 ὲν
1255 4424 1360 4483 τοῖς
1408 4420 1757 4488 Εὑαγγελίοις

1856 3229 2027 3298 gratia
2065 3239 2225 3301 atque
2255 3233 2652 3301 magniﬁcentia
2679 3235 2771 3289 Dei
2792 3237 2842 3290 in
2876 3253 2974 3290 nos
3003 3237 3200 3291 dictum
3235 3258 3247 3292 :
3277 3256 3293 3291 t
3319 3240 3429 3308 Ego

1857 3322 1995 3374 dixi:
2022 3322 2100 3375 Dii
2127 3324 2284 3386 estis,
2311 3335 2365 3376 et
2395 3324 2486 3377 lilii
2510 3325 2719 3380 Excelsi
2745 3342 2934 3382 omnes
2957 3330 3034 3380 “:
3064 3347 3081 3379 ι
3111 3345 3236 3381 num
3267 3331 3428 3384 etiam

1859 3412 1959 3466 hoc
1984 3415 2141 3468 modo
2165 3414 2413 3468 Christus
2443 3425 2523 3468 est
2561 3415 2737 3470 Deus?
2764 3417 2882 3472 iam
2915 3434 3040 3473 vero
3069 3421 3338 3488 quomodo
3376 3421 3430 3474 id

1859 3518 1962 3557 non
1993 3505 2062 3557 sit
2105 3504 2334 3568 insania,
2371 3517 2422 3561 et
2460 3508 2618 3562 inane
2663 3508 2840 3563 stultae
2883 3510 3078 3564 mentis
3107 3525 3428 3564 excremen-

1859 3596 2010 3648 tum?
2049 3595 2139 3649 llle
2180 3598 2348 3657 enim,
2383 3608 2436 3649 ut
2477 3599 2586 3666 jam
2621 3599 2751 3662 dixi,
2791 3602 2927 3653 nuda
2963 3611 3016 3654 et
3065 3601 3297 3670 simplici
3348 3611 3433 3656 est

1859 3685 2172 3738 honestatus
2199 3686 2576 3754 appellatione,
2598 3703 2718 3740 cum
2746 3689 2906 3743 homo
2929 3704 2993 3742 ex
3027 3699 3217 3742 natura
3248 3701 3428 3757 esset;

1858 3777 1950 3829 sed
1986 3776 2074 3830 hic
2107 3788 2190 3832 est
2219 3793 2344 3832 vere
2374 3777 2514 3834 Deus
2548 3781 2706 3848 (nam
2747 3779 2887 3836 Deus
2922 3792 3038 3835 erat
3069 3781 3341 3854 Verbum)
3378 3785 3430 3838 in

1861 3869 2088 3921 humana
2119 3868 2291 3922 forma
2322 3873 2686 3939 praestantiam
2717 3887 2828 3926 sua:
2864 3885 3067 3927 natura:
3089 3889 3190 3942 qua
3220 3875 3432 3929 cunctis

1858 3960 2093 4024 excellit,
2130 3961 2389 4030 integram
2420 3976 2645 4017 servans
2675 3982 2689 4018 :
2729 3978 2900 4033 neque
2935 3965 3080 4018 enim
3119 3975 3309 4017 natura
3342 3966 3421 4018 di-

1861 4048 1982 4100 vina
2018 4064 2082 4101 ex
2116 4064 2180 4102 eo
2209 4052 2350 4118 quod
2378 4050 2658 4106 descendit
2683 4054 2747 4107 ad
2779 4054 3211 4108 communionem
3244 4057 3427 4110 carnis

1858 4149 1911 4193 et
1958 4141 2253 4209 sanguinis,
2314 4142 2363 4195 in
2417 4144 2569 4211 pejus
2627 4158 2861 4212 unquam
2909 4146 3138 4212 perverti
3193 4157 3366 4215 potest
3414 4166 3426 4201 :

1860 4232 2042 4299 itaque
2090 4234 2248 4285 etiam
2295 4249 2416 4286 cum
2471 4237 2628 4287 homo
2659 4234 2926 4302 apparuit,
2967 4246 3024 4288 ut
3066 4235 3205 4291 Deus
3250 4247 3427 4290 tamen

1861 4315 2192 4388 agnoscitur,
2215 4322 2436 4392 ejusque
2469 4327 2542 4379 rei
2573 4325 2852 4394 perspicua
2883 4337 3008 4380 sunt
3038 4341 3349 4396 argumenta
3377 4330 3428 4382 in

1863 4412 2165 4485 Evangeliis
2185 4417 2249 4470 de
2272 4430 2336 4470 eo
2362 4416 2582 4484 scripta.
2618 4415 2761 4470 Dixit
2784 4417 2924 4470 enim
2952 4417 3137 4472 beatus
3157 4416 3388 4472 Joannes
3415 4435 3429 4471 :

163 4497 309 4586 ~etspl
363 4514 530 4568 αὑτοῦ
584 4516 963 4584 γεγραμμένα.
1031 4515 1176 4583 Ἔφη
1233 4513 1338 4583 γὰρ
1393 4515 1421 4565 6
1473 4513 1751 4575 θεσπέσιος

1870 4524 1885 4554 ι
1913 4504 2044 4559 Cum
2082 4522 2212 4561 vero
2245 4517 2390 4562 esset
2439 4507 2824 4578 Hierosolymis
2863 4509 2913 4562 in
2951 4510 3037 4564 die
3076 4508 3235 4573 festo,
3279 4510 3430 4564 multi

188 4609 482 4675 Ἰωάννης·
525 4624 543 4655 ί
593 4607 678 4667 Ὠς
719 4607 776 4658 δὲ
819 4603 884 4677 ἧν
915 4608 972 4657 ἐν
1002 4609 1113 4669 τοῖς
1174 4605 1559 4676 Ἰεροσολύμοις
1589 4607 1646 4656 ὲν
1688 4607 1754 4674 τῇ

173 4703 364 4770 ἑορτῇ,
405 4697 588 4750 πολλοὶ
627 4698 947 4751 ἐπίστευσαν
993 4699 1074 4760 είς
1101 4699 1160 4750 τὸ
1193 4696 1360 4766 ὖνομα
1396 4695 1580 4760 αὑτοῦ,
1624 4695 1756 4746 θεωο

175 4791 407 4858 ροῦντες
440 4788 602 4842 αὑτοῦ
635 4788 701 4841 τὰ
738 4790 934 4857 σημεῖα
965 4786 999 4840 ἂ
1043 4787 1233 4858 ἐποίει.
1268 4787 1436 4849 Αὐτὸς
1474 4785 1529 4838 δὲ
1575 4786 1603 4836 6
1656 4784 1759 4853 Ἰη-

175 4883 328 4947 σοῦς,
383 4886 482 4934 ο)κ
532 4883 812 4935 ἐπίστευεν
851 4880 1040 4933 ἑαυτὸν
1092 4881 1311 4944 αὐτοῖς,
1363 4879 1451 4932 διὰ
1490 4879 1548 4932 1:6
1599 4879 1759 4931 αὑτὸν

171 4978 474 5045 γινώσκειν
517 4977 722 5029 πάντα·
780 4976 868 5028 καὶ
903 4977 982 5027 ὅτι
1020 4975 1079 5027 οὐ
1131 4973 1315 5044 χρείαν
1347 4969 1508 5042 εἶχεν,
1562 4973 1646 5025 ἵνα
1677 4989 1758 5034 τις

176 5071 514 5139 μαρτυρήσῃ
551 5070 676 5139 περὶ
700 5068 793 5121 τοῦ
821 5070 1105 5140 ἀνθρώπου
1130 5085 1141 5096 ’
1172 5068 1331 5130 αὐτὸς
1359 5068 1465 5137 γὰρ
1496 5068 1757 5134 ἐγίνωσκε

169 5161 223 5212 τί
251 5156 320 5229 ἦν
357 5162 418 5212 ὲν
448 5158 524 5228 τῷ
562 5158 850 5228 ἀνθρώπῳ.
886 5178 902 5209 ι
928 5157 1114 5211 Καίτοι
1142 5157 1202 5208 τὸ
1239 5154 1472 5225 καθορᾷν
1502 5153 1756 5206 δύνασθαι

172 5252 409 5322 καρδίαν
457 5250 670 5322 ἀνδρὸς.
702 5249 896 5303 εἰδέναι
932 5267 986 5302 τε
1037 5250 1106 5300 τά
1151 5248 1524 5318 κεκρυμμένα,
1566 5247 1758 5317 πρέποι

172 5344 240 5396 ἂν
272 5345 379 5396 οὐκ
412 5343 679 5412 ἀνθρώπῳ
715 5342 875 5394 ποθὲν
908 5341 1014 5394 τῶν
1035 5341 1153 5394 καθ’
1189 5341 1329 5409 ἡμᾶς
1353 5339 1432 5391 ἐνί
1455 5355 1467 5367 ·
1504 5339 1616 5390 ἀλλ’
1650 5337 1757 5390 οὐδ’

172 5437 238 5487 ἂν
304 5434 483 5503 ἑτέρῳ
521 5450 601 5503 τῳ
636 5433 742 5486 τῶν
804 5432 1216 5502 πεποιημένων·
1275 5432 1418 5500 μόνῳ
1465 5429 1518 5481 δὲ
1561 5429 1759 5497 μᾶλλον

173 5529 396 5595 ἐγείνῳ,
434 5525 489 5588 ὃς
535 5524 628 5577 ml.
670 5523 867 5577 πλάσαι
891 5523 1102 5590 λέγεται
1133 5521 1438 5583 καταμόνας
1482 5521 1574 5582 τὰς
1621 5535 1756 5585 καρ-

245 5722 522 5782 "Jerem.
557 5735 708 5780 κιιιι,
746 5719 826 5773 16.
903 5718 980 5769 "l
1014 5717 1138 5771 Cur.
1177 5732 1271 5773 XII.
1327 5716 1378 5768 3-

179 5811 374 5856 ιχιιιι,
414 5790 466 5845 6.
545 5789 762 5843 "Joan.
805 5807 863 5854 ιι,
897 5788 1085 5841 ίὶῦ-Ξὸ.
1163 5790 1206 5817 ’⁸
1237 5785 1378 5839 Psal.
1424 5801 1589 5850 ut”,
1633 5785 1715 5835 15.

1457 5716 1498 5744 ’τ’
1537 5713 1671 5766 Psal.
1711 5730 1868 5775 Lacu,
1900 5711 1980 5764 16.

1861 4599 2208 4652 crediderunt
2256 4600 2307 4652 in
2358 4599 2574 4653 nomine
2621 4601 2756 4669 ejus,
2816 4601 3061 4657 videntes
3105 4604 3257 4670 signa
3307 4616 3428 4671 qua:

1863 4690 2092 4745 faciebat
2121 4708 2134 4756 ;
2165 4691 2278 4758 ipse
2301 4707 2426 4745 vero
2455 4689 2610 4745 Jesus
2637 4707 2740 4744 non
2763 4694 3016 4746 credebat
3038 4693 3274 4760 seipsum
3298 4694 3427 4758 illis,

1863 4783 1986 4850 quia
2024 4783 2136 4850 ipse
2165 4781 2368 4836 sciebat
2399 4784 2600 4844 omnia,
2635 4792 2686 4834 et
2730 4782 2851 4848 quia
2889 4797 2992 4836 non
3037 4797 3169 4849 opus
3201 4782 3433 4839 habebat

1865 4887 1921 4927 ut
1951 4876 2072 4944 quis
2119 4875 2485 4928 testimoiiium
2535 4873 2842 4943 perhiberet
2883 4875 2948 4929 de
2997 4875 3212 4930 homine
3259 4895 3270 4929 :
3318 4879 3432 4944 ipse

1864 4968 2008 5020 enim
2037 4965 2241 5020 sciebat
2287 4966 2412 5033 quid
2446 4974 2588 5018 esset
2618 4966 2668 5019 in
2701 4965 2916 5019 homine
2955 4967 3018 5020 ³⁸.
3059 4986 3077 5016 ›
3114 4966 3222 5037 42
3267 4968 3430 5036 Atqui

1867 5061 2136 5126 inspicere
2177 5072 2334 5126 posse
2369 5072 2463 5110 cor
2504 5059 2758 5122 hominis,
2795 5069 2848 5111 et
2875 5057 3085 5113 occulta
3117 5061 3280 5126 scire,
3325 5076 3430 5117 non

1868 5154 1959 5204 ulli
2001 5151 2202 5205 homini
2237 5151 2323 5218 qui
2366 5151 2432 5203 sit
2481 5154 2650 5204 nostri
2706 5150 2895 5204 similis
2940 5153 3209 5215 convenit,
3262 5169 3434 5220 neque

1868 5257 1996 5296 vero
2031 5242 2118 5294 ulli
2145 5241 2298 5294 alteri
2330 5254 2613 5305 creaturas,
2645 5242 2737 5293 sed
2772 5241 2843 5293 illi
2877 5241 2973 5296 soli
3012 5241 3100 5308 qui
3130 5244 3290 5295 etiam
3325 5243 3428 5296 fin-

1866 5349 1991 5403 gere
2022 5334 2218 5386 dicitur
2250 5332 2559 5400 singillatim
2610 5333 2770 5385 corda
2805 5343 2987 5386 nostra
3011 5333 3074 5385 ”.
3117 5333 3224 5387 Hoc
3275 5335 3317 5388 si
3361 5337 3430 5390 ita

1866 5433 1968 5487 est,
2001 5436 2234 5489 quonam
2268 5422 2424 5473 modo
2453 5421 2563 5473 sola
2597 5435 2660 5474 ac
2690 5421 2918 5490 simplici
2948 5422 3304 5492 appellatione
3331 5425 3430 5479 ho-

1868 5523 2087 5565 uoratus
2111 5524 2189 5565 est
2222 5511 2554 5574 Emmanuel,
2594 5523 2650 5564 nt
2685 5513 2904 5582 perinde
2941 5527 3004 5566 ac
3036 5513 3208 5568 Moses
3250 5514 3404 5584 appel

2062 5709 2106 5740 ὀ
2140 5709 2302 5763 Exod.
2343 5725 2422 5771 tu,
2464 5710 2543 5762 10.
2639 5712 2678 5740 ²¹
2716 5710 2878 5764 Exod.
2929 5728 3027 5776 vn,
3068 5714 3117 5767 1.
3205 5716 3248 5746 ³³
3283 5714 3425 5773 Psal.
