4072 6346
633 387 694 440 79
1443 394 1447 397 ·
1628 380 1683 433 S.
1729 379 2000 436 CYRILLI
2039 379 2511 435 ALEXANDRINI
2549 379 2868 438 ARCHIEP.
3832 390 3898 441 8t)

634 502 772 556 lelur
807 501 968 565 Deus,
995 509 1049 555 et
1084 514 1188 555 non
1223 500 1401 569 potius
1448 500 1499 555 id
1530 515 1657 555 vere
1701 501 1771 555 sit
1809 502 1952 570 quod
1981 515 2104 556 esse
2129 500 2210 554 di-

2313 500 2428 564 δίας
2458 501 2634 571 ἡμῶν.
2675 497 2804 554 Εἶτα
2834 500 2950 564 πῶς
2974 501 3104 572 ψιλῇ
3139 502 3232 554 καὶ
3263 502 3400 574 μόνῃ
3437 503 3726 574 τετίμηται
3766 504 3896 573 κΑή·

632 593 808 649 citur?
840 592 1068 646 llursum
1100 593 1165 648 de
1187 607 1252 646 eo
1282 591 1472 646 scribit
1501 591 1552 644 in
1594 592 1735 645 hune
1772 593 1987 645 modum
2034 591 2202 646 Joan-

633 699 729 739 nes
757 701 771 738 :
802 702 820 736 ι
852 682 1021 748 Quem
1051 683 1197 738 enim
1245 684 1393 738 misit
1429 683 1588 749 Deus,
1619 684 1782 737 verba
1813 683 1904 737 Dei
1951 683 2209 752 loquitur,

631 785 687 830 et
710 791 814 829 non
839 777 904 829 ad
938 788 1241 829 mensuram
1269 776 1362 829 dat
1389 773 1650 843 Spiritum
1679 775 1747 829 ³⁸.
1779 793 1797 826 ι
1826 774 2084 845 lntelligis
2114 776 2215 845 igi-

634 877 723 922 tur
767 866 1218 936 quemadmodum
1270 867 1434 921 verba
1490 867 1582 921 Dei
1632 867 1910 936 loquatur,
1963 869 2214 936 quamvis

633 962 794 1015 homo
823 961 1048 1028 perinde
1083 974 1147 1014 ac
1188 974 1286 1012 nos
1323 959 1605 1014 videatur?
1642 973 1763 1012 nam
1797 959 1896 1013 soli
1922 969 1980 1014 et
2021 975 2213 1014 secun-

633 1054 759 1106 dum
787 1061 1036 1105 naturam
1072 1066 1135 1106 ae
1171 1065 1297 1104 vere
1329 1051 1438 1105 Deo
1468 1059 1724 1120 tanquam
1763 1049 2018 1104 eximium
2052 1065 2210 1119 supra

631 1140 813 1195 omnia
851 1153 1030 1195 creata
1063 1141 1320 1194 convenit
1348 1141 1512 1194 etiam
1549 1139 1706 1193 verba
1753 1153 1908 1208 posse
1949 1141 2213 1209 perﬁcere

633 1234 774 1304 quod
797 1233 844 1288 ei
878 1233 1158 1302 placuerit,
1191 1242 1246 1286 et
1279 1233 1448 1286 sancti
1485 1229 1718 1301 Spiritus
1762 1232 2055 1301 participes
2095 1229 2211 1286 eiii-

632 1338 759 1380 cere
808 1324 1057 1379 homines
1111 1324 1212 1376 ﬁde
1259 1323 1605 1392 justiﬁcatos.
1643 1320 1811 1375 Porro
1867 1321 1981 1375 haec
2030 1321 2210 1376 omnia

634 1421 814 1476 inesse
839 1419 1062 1475 Christo
1089 1419 1318 1487 quisque
1344 1417 1528 1471 videre
1568 1425 1744 1486 p0test
1774 1434 1786 1470 :
1822 1415 2037 1485 leproso
2062 1429 2212 1467 nam-

633 1526 737 1580 que
771 1511 922 1574 dixlt,
951 1529 970 1560 ‹
1001 1508 1158 1571 Volo,
1188 1508 1449 1561 mundare
1470 1508 1549 1570 '°;
1581 1523 1601 1558 ι
1629 1505 1803 1560 viduae
1835 1519 2048 1576 quoque
2079 1505 2210 1568 ﬁlio,

639 1621 656 1652 ι
690 1601 1040 1664 Adolescens,
1073 1599 1166 1652 tibi
1199 1599 1341 1661 dico,
1371 1611 1530 1667 surge
1550 1597 1619 1650 ³⁷.
1651 1615 1670 1647 ι
1718 1596 2017 1666 Participes
2047 1596 2212 1650 etiam

633 1693 806 1746 sancti
856 1690 1088 1760 Spiritus
1142 1689 1433 1760 discipulos
1491 1703 1619 1744 suos
1664 1687 1876 1756 ell‘eeit;
1926 1685 2216 1742 insuﬂlavit

631 1785 776 1840 enim
801 1784 852 1837 in
878 1767 970 1836 eos
996 1783 1182 1837 dicens
1209 1798 1221 1834 :
1252 1797 1271 1849 ι
1299 1781 1539 1850 Accipite
1560 1779 1819 1848 Spiritum
1839 1789 2083 1834 sanctum
2107 1778 2206 1833 ⁸⁸.»

2320 609 2401 644 σει
2445 592 2585 645 κατὰ
2630 593 2832 646 Μωσέα
2878 592 3228 664 χρηματίζων
3262 592 3393 656 Θεὸς
3429 595 3458 646 6
3517 595 3894 666 Ἐμμανουήλ’

2316 684 2409 735 καὶ
2437 683 2558 753 οὐχὶ
2592 683 2655 754 δὴ
2708 683 2904 752 μᾶλλον
2940 684 3200 756 ὑπάρχων
3231 684 3388 739 τοῦτο
3431 686 3572 738 κατὰ
3619 685 3896 757 ἀλήθειαν,

2314 773 2450 842 ὅπερ
2478 770 2616 826 εἶναι
2649 774 2744 827 καὶ
2773 773 3017 841 λέγεται;
3048 775 3253 844 Γράφει
3283 774 3430 828 οὕτω
3464 775 3626 828 πάλιν
3654 777 3682 828 6
3716 775 3897 828 Ἰωάν-

2315 881 2412 934 νης
2456 865 2584 935 περὶ
2619 864 2813 918 αὑτοῦ·
2851 884 2869 916 ι
2915 867 3012 918 Ὃν
3056 866 3163 936 γὰρ
3207 865 3526 919 ἀπέστειλεν
3555 868 3584 920 6
3645 867 3794 928 Θεὸς,
3828 868 3898 917 τά

2319 957 2538 1026 ῥήματα
2567 954 2662 1008 τοῦ
2692 955 2826 1010 Θεοῦ
2873 956 3055 1010 λαλεῖ’
3094 958 3190 1010 καὶ
3232 957 3331 1010 οὐκ
3374 959 3438 1011 ἐκ
3475 958 3672 1028 μέτρου
3716 957 3897 1010 δίδωσι

2314 1048 2375 1100 τὸ
2416 1047 2659 1118 Πνεῦμα.
2701 1067 2719 1099 ι
2759 1049 2967 1113 Συνιεὶς
3015 1048 3123 1120 Ῐῖσ.
3174 1050 3393 1115 συνίεις,
3440 1050 3498 1119 ἢ,
3552 1049 3760 1123 συνίης]
3804 1046 3898 1103 οῦν

2315 1140 2482 1205 ὅπως,
2515 1139 2690 1193 καίτοι
2729 1140 2850 1194 καθ’
2877 1141 3026 1210 ἡμᾶς
3058 1139 3332 1212 ὁρώμενος
3359 1141 3662 1212 ἄνθρωπος,
3709 1142 3776 1194 τὰ
3801 1142 3898 1211 ρή·

2320 1246 2465 1297 ματα
2492 1229 2586 1282 τοῦ
2609 1229 2742 1283 Θεοῦ
2771 1230 2954 1297 λαλεῖς
2985 1230 3106 1302 Θεῷ
3134 1231 3242 1301 γὰρ
3277 1231 3426 1301 μόνῳ
3465 1231 3542 1302 τῷ
3571 1231 3708 1284 κατὰ
3738 1231 3898 1296 φύσιν

2320 1319 2415 1371 καὶ
2451 1318 2687 1388 ἀληθῶς,
2719 1320 2918 1390 πρέποι
2961 1321 3027 1374 ἂν
3068 1321 3144 1385 ὡς
3193 1321 3466 1391 ἐξαίρετον
3503 1321 3596 1374 καὶ
3630 1322 3767 1394 ὑπὲρ
3797 1323 3898 1393 τὴν

2319 1409 2518 1472 κτίσιν,
2558 1411 2618 1462 τὸ
2663 1411 2757 1463 καὶ
2803 1412 3006 1481 ῥήματι
3035 1411 3292 1467 δύνασθαι
3327 1413 3621 1484 κατορθοῦν
3651 1413 3713 1466 τὸ
3756 1415 3897 1468 κατά

2318 1501 2543 1570 γνώμην
2592 1500 2761 1571 αὐτῷ,
2812 1503 2906 1554 καὶ
2957 1503 3214 1572 μετόχους
3265 1502 3544 1557 ἀποτελεῖν
3593 1504 3687 1556 τοῦ
3740 1506 3897 1572 ἁγίου

2318 1589 2657 1659 Πνεύματος,
2711 1590 2837 1653 τοὺς
2873 1591 2929 1643 ὲν
2965 1591 3149 1644 πίστει
3193 1591 3648 1661 δεδικαιομένους.
3695 1596 3820 1646 Ἰδοι
3852 1594 3899 1646 δ’

2317 1681 2383 1735 ἄν
2408 1700 2493 1746 τις
2533 1684 2592 1736 ἐν
2619 1682 2828 1746 τούτοις
2872 1682 3000 1736 ὄντα
3048 1684 3303 1755 Χριστόν.
3350 1685 3491 1754 Ἔφη
3544 1684 3641 1751 μὲν
3669 1684 3776 1756 γὰρ
3819 1684 3902 1756 τῷ

2316 1771 2531 1843 λεπρῷ·
2553 1791 2572 1824 ι
2598 1773 2770 1836 Θέλω,
2785 1773 3144 1844 καθαρίσθητι
3166 1791 3179 1803 ·
3216 1793 3234 1825 ι
3255 1773 3334 1846 τῷ
3357 1774 3413 1827 δὲ
3440 1775 3535 1846 τῆς
3553 1778 3629 1849 χή
3640 1793 3736 1847 ρας
3763 1779 3864 1849 υἱῷ
3883 1794 3898 1810 ο

636 1876 758 1929 Hmc
786 1888 906 1930 eum
946 1874 1015 1928 ita
1047 1874 1179 1939 sint,
1215 1873 1485 1942 quomodo
1528 1872 1618 1926 ille
1657 1872 1750 1942 qui
1797 1878 1907 1924 tam
1963 1870 2211 1926 sublimis

2322 1883 2340 1915 ι
2386 1865 2677 1932 Νεανίσκε,
2711 1865 2794 1918 σοὶ
2824 1865 2985 1934 λέγω,
3023 1866 3300 1938 ἐγέρθητι.
3351 1883 3370 1918 ›
3400 1868 3675 1938 Μετόχους
3713 1870 3766 1922 δὲ
3800 1870 3900 1925 τοῦ

631 1975 737 2032 est,
765 1965 854 2035 qui
881 1965 1079 2019 divinis
1107 1964 1399 2018 honoribus
1420 1973 1663 2027 ornatus,
1690 1962 1914 2031 perinde
1944 1976 2008 2017 ac
2032 1961 2209 2016 Moses

633 2059 774 2112 Deus
807 2056 948 2112 erit!
974 2055 1137 2123 Cujus
1165 2055 1309 2110 enim
1338 2053 1442 2109 iste
1480 2067 1574 2107 cor
1612 2053 1801 2106 novit?
1830 2051 1950 2120 quis
1983 2051 2211 2107 credidit

631 2151 686 2205 in
718 2149 937 2204 nomine
964 2147 1122 2217 ejus?
1149 2160 1307 2216 quem
1349 2159 1445 2214 per
1480 2144 1637 2199 ﬁdem
1667 2144 1719 2198 in
1765 2159 1825 2198 se
1847 2143 2210 2213 justiﬁcavit?

631 2236 851 2289 ubinam
889 2235 1102 2288 locutus
1139 2242 1242 2298 est,
1273 2241 1331 2287 ut
1363 2231 1555 2298 Filius,
1590 2233 1754 2287 verba
1788 2231 1926 2287 Dei?
1960 2233 2208 2302 quamvis

631 2327 974 2394 perspicuum
1005 2325 1074 2379 sit
1103 2324 1276 2394 ipsum
1311 2323 1376 2377 ad
1406 2321 1545 2378 ﬁlios
1572 2321 1738 2378 Israel
1767 2323 2056 2389 clamasse,
2084 2324 2208 2380 Haec

632 2415 764 2471 dicit
802 2415 1097 2480 Dominus;
1125 2422 1181 2470 et
1219 2413 1500 2468 domestici
1542 2414 1774 2469 hominis
1813 2428 2119 2469 mensuram
2156 2424 2209 2470 et

631 2507 856 2576 gradum
896 2503 1184 2569 habuisse;
1218 2503 1318 2557 fuit
1352 2503 1498 2557 enim
1536 2503 1652 2573 ipse
1684 2513 1940 2573 tanquam
1976 2504 2209 2558 famulus

632 2600 685 2652 in
707 2601 866 2652 domo
887 2597 978 2650 Dei
1001 2594 1200 2650 “Jam
1231 2595 1274 2651 si
1306 2609 1371 2650 eo
1393 2597 1550 2650 modo
1574 2595 1740 2651 Filius
1755 2606 1840 2650 est
1870 2595 2207 2665 Emmanuel,

632 2705 738 2759 quo
775 2697 831 2744 et
871 2688 960 2742 ille
989 2687 1283 2744 secundum
1315 2702 1533 2742 carnem
1585 2687 1774 2752 Israel,
1823 2687 1878 2742 in
1926 2702 2206 2742 servorum

632 2781 877 2837 ordinem
910 2778 1165 2850 redegistl
1198 2778 1346 2832 illum
1371 2794 1435 2833 ex
1465 2787 1656 2833 natura
1685 2779 1934 2846 liberum,
1961 2781 2210 2850 quamvis

631 2878 852 2939 propter
879 2882 1099 2924 carnem
1144 2876 1200 2922 et
1241 2869 1602 2938 preprictates
1642 2870 1825 2924 carnis
1852 2870 1995 2924 servi
2034 2869 2206 2925 forma

631 2959 704 3015 sit
759 2959 933 3014 factus
973 2975 988 3012 :
1025 2958 1077 3012 in
1123 2959 1310 3013 eadem
1363 2973 1615 3015 mensura
1670 2960 1974 3030 eodemque
2019 2963 2210 3018 ordine

631 3050 905 3108 collocasti
943 3065 1066 3105 cum
1111 3051 1197 3106 his
1243 3051 1335 3120 qui
1370 3061 1496 3106 sunt
1528 3065 1623 3121 per
1661 3053 1893 3122 gratiam
1929 3055 2042 3119 ﬁlii,
2084 3070 2205 3109 eum

630 3159 728 3214 per
769 3157 930 3213 quem
971 3141 1048 3197 illi
1089 3142 1394 3211 adoptionis
1423 3143 1593 3212 gratia
1626 3152 1754 3198 sunt
1802 3144 1979 3198 ditati.
2011 3143 2208 3201 Factus

2317 1953 2472 2021 ἁγίου
2511 1954 2826 2025 Πνεῦματος
2863 1956 2988 2018 τοὺς
3035 1955 3199 2019 ἰδίους
3244 1956 3470 2027 ἐνέφηνε
3500 1956 3610 2029 [τον.
3638 1959 3899 2033 ἀνέφηνε]

2319 2047 2567 2118 μαθητάς
2592 2065 2606 2079 ο
2654 2046 2952 2118 ἐνεφύσησε
2995 2047 3103 2119 γὰρ
3127 2048 3344 2114 αὐτοῖς,
3389 2048 3591 2117 λέγων’
3630 2067 3650 2101 ι
3691 2051 3899 2105 Λάϐετε

2316 2140 2539 2210 Πνεῦμα
2583 2140 2757 2208 ἅγιον.
2795 2157 2814 2191 ι
2849 2135 2982 2194 Εῐτα
3018 2140 3141 2193 τίνα
3170 2141 3374 2212 τρόπον
3414 2143 3444 2194 6
3487 2143 3568 2206 είς
3595 2139 3752 2197 τοῦτο
3785 2144 3897 2198 διε-

2315 2230 2584 2299 ληλακὼς,
2625 2232 2718 2284 καὶ
2749 2230 3114 2301 θεοπρεπέσιν
3145 2232 3415 2297 εὐκλείαις
3437 2237 3896 2306 κατεστεμμένος,

2313 2323 2456 2377 οὓτω
2483 2323 2614 2386 Θεὸς
2639 2323 2705 2377 ἂν
2731 2323 2839 2395 είη,
2863 2323 3116 2395 καθάπερ
3141 2324 3332 2394 ἀμέλει
3363 2329 3457 2379 καὶ
3476 2329 3504 2379 6
3535 2329 3769 2397 Μωσῆς;
3798 2329 3900 2398 τὴν

2318 2412 2426 2485 [Ion
2447 2413 2505 2477 ὸς
2521 2413 2642 2486 τὴν]
2661 2414 2804 2477 τίνος
2818 2413 2961 2482 ἔγνω
2983 2413 3209 2486 καρδίαν
3229 2433 3242 2481 ;
3259 2415 3342 2478 τίς
3359 2417 3721 2471 πεπίστευκεν
3740 2420 3817 2481 εἰς
3834 2418 3902 2470 τὸ

2314 2506 2484 2575 ὄνομα
2509 2506 2704 2572 αὐτοῦς
2724 2505 2844 2559 τίνα
2866 2505 3179 2560 δεδικαίωκε
3211 2507 3296 2560 διὰ
3319 2509 3416 2578 τῆς
3438 2509 3671 2573 πίστεως
3692 2511 3789 2580 τῆς
3815 2511 3899 2574 είς

2315 2597 2540 2663 ἐαυτόν;
2591 2596 2694 2650 ποῦ
2745 2595 3064 2667 λελάληκεν,
3094 2597 3167 2660 ὡς
3209 2598 3358 2662 Υίὸς,
3389 2597 3482 2650 τοῦ
3525 2598 3659 2652 Θεοῦ
3690 2600 3757 2652 τά
3793 2603 3898 2671 ρή-

2319 2707 2493 2760 ματα;
2530 2691 2706 2742 καίτοι
2750 2706 2812 2756 γε
2855 2688 3140 2758 κεκραγὼς
3169 2691 3359 2759 ὁρᾶται
3413 2692 3524 2753 τοῖς
3557 2691 3614 2757 ἐξ
3656 2693 3896 2761 Ἰσραὴλ,

2314 2783 2453 2836 Τάδε
2481 2782 2630 2850 λέγει
2677 2781 2899 2852 Κύριος*
2931 2782 3024 2834 καὶ
3079 2782 3276 2852 μέτρον
3309 2781 3445 2852 ἔχων
3472 2783 3767 2836 οἰκετικόν·
3809 2785 3899 2852 γέ-

2313 2889 2437 2942 γονε
2475 2873 2585 2942 γὰρ
2615 2872 2804 2935 πιστὸς
2830 2873 2906 2935 ὡς
2945 2872 3198 2943 θεράπων
3231 2873 3288 2926 ἐν
3324 2873 3401 2943 τῷ
3436 2873 3569 2943 οἴκῳ
3605 2874 3699 2926 τοῦ
3733 2875 3893 2931 Θεοῦ.

2314 2962 2376 3015 Εί
2404 2962 2458 3015 δὲ
2489 2961 2552 3032 δὴ
2587 2963 2680 3015 καὶ
2713 2961 2882 3025 οὕτως
2914 2962 3042 3024 Υίὸς
3079 2963 3108 3014 6
3148 2961 3513 3032 Ἐμμανουήλ,
3553 2962 3696 3016 καθὰ
3739 2964 3833 3018 καὶ
3867 2965 3897 3016 ό

2314 3052 2454 3106 κατὰ
2500 3055 2678 3124 σάρκα
2719 3052 2955 3122 γεγονὼς
3003 3051 3239 3123 Ἰσραὴλ,
3274 3053 3641 3123 κατεκόμισας
3680 3055 3739 3107 ἐν
3772 3054 3898 3107 δού-

2313 3142 2424 3204 λοις
2476 3142 2564 3196 τὸν
2609 3143 2751 3195 κατὰ
2782 3142 2942 3210 φύσιν
2975 3142 3110 3196 ίδίαν
3144 3142 3443 3213 ἐλεύθερον,
3481 3144 3583 3197 κᾶν
3612 3145 3661 3196 εί
3702 3145 3898 3213 γέγονε

635 3242 720 3288 est
768 3233 912 3288 enim
945 3231 1344 3303 Primogenitus
1371 3243 1610 3287 nostrum
1639 3244 1858 3303 propter
1905 3235 2210 3290 humanita-

2313 3233 2498 3286 δούλου
2528 3233 2728 3304 μορφὴ,
2771 3233 2859 3288 διά
2897 3250 2978 3286 τοι
3003 3233 3100 3304 τὴν
3147 3233 3322 3304 σάρκα
3369 3235 3466 3287 καὶ
3498 3233 3569 3288 τά
3597 3235 3766 3305 αὐτῆς
3787 3254 3800 3266 ·
3832 3237 3898 3287 ἐν

635 3334 777 3389 tem;
797 3323 888 3378 sed
908 3323 1069 3378 etiam
1093 3323 1174 3378 sie
1198 3337 1302 3391 qua
1337 3323 1546 3376 ratione
1583 3322 1725 3378 Deus
1749 3334 1884 3388 erat,
1911 3325 2211 3395 permansit

633 3419 962 3488 unigenitus.
1001 3417 1110 3472 Hac
1151 3419 1382 3480 ratione,
1428 3426 1485 3470 ut
1519 3417 1595 3470 ait
1641 3416 1829 3470 beatus
1859 3413 2077 3480 Paulus,
2128 3415 2208 3468 in-

637 3512 941 3566 troductum
977 3523 1005 3562 a
1047 3507 1209 3562 Patre
1257 3506 1680 3575 Primogenitum
1716 3507 1767 3560 in
1802 3505 1986 3561 orbem
2039 3515 2209 3560 terra-

637 3618 777 3666 rum,
812 3615 1056 3670 superna:
1087 3599 1189 3654 illae
1223 3602 1448 3653 virtutes
1489 3599 1718 3653 adorare
1745 3597 2004 3664 jubentur
2039 3597 2084 3629 ³ο
2112 3613 2127 3650 :
2156 3603 2210 3650 et

634 3693 809 3747 latens
852 3692 904 3744 in
949 3692 1064 3759 ipso
1096 3689 1416 3760 mysterium
1459 3687 1684 3754 edoctae,
1727 3686 2211 3758 glorilieationibus

635 3796 907 3850 nunquam
941 3780 1279 3835 cessantibus
1313 3777 1594 3833 celebrant
1631 3778 1778 3833 illum
1813 3793 1977 3832 unum
2020 3786 2076 3831 et
2115 3791 2211 3830 na-

637 3881 754 3926 tura
783 3880 836 3925 et
861 3885 988 3925 vere
1024 3869 1238 3924 Filium.
1278 3868 1409 3923 Nam
1444 3869 1489 3923 si
1525 3868 1591 3923 iis
1623 3869 1715 3937 qui
1769 3883 1827 3923 se
1867 3877 2207 3937 receperunt,

636 3963 729 4014 dat
757 3970 1076 4031 potestatem
1104 3971 1160 4014 ut
1192 3959 1283 4014 ﬁlii
1317 3959 1406 4015 Dei
1440 3958 1591 4024 ﬁant,
1620 3968 1678 4013 ut
1701 3957 1935 4013 Joannes
1961 3960 2038 4012 ait
2060 3959 2125 4022 ³¹,
2157 3968 2211 4013 et

636 4052 683 4106 si
730 4065 912 4106 verum
969 4059 1053 4105 est
1094 4051 1213 4119 ejus
1280 4051 1472 4118 spiritu
1521 4048 1768 4119 nosipsos
1816 4063 2030 4119 quoque
2073 4048 2211 4106 ﬁlios

638 4139 791 4196 ﬁeri:
824 4139 930 4212 43
967 4158 985 4193 ι
1023 4141 1173 4195 Misit
1208 4141 1353 4194 enim
1392 4139 1534 4194 Deus
1573 4139 1820 4209 spiritum
1863 4137 1982 4193 Filii
2025 4140 2104 4193 sui
2155 4139 2208 4194 in

637 4233 800 4288 corda
822 4240 1004 4287 nostra
1023 4232 1368 4297 clamantem,
1389 4231 1539 4285 Abba
1560 4229 1718 4286 Pater
1736 4231 1780 4262 "
1803 4246 1850 4283 ε»
1891 4245 2047 4284 nemo
2070 4243 2211 4286 recte

637 4324 876 4379 sentiens
904 4324 1047 4378 hunc
1100 4323 1237 4377 ferat
1272 4323 1564 4388 dicentem,
1599 4323 1748 4377 illum
1781 4322 1964 4377 eodem
2000 4336 2211 4391 quoque

637 4417 798 4469 modo
846 4429 966 4470 esse
994 4413 1210 4478 Filium,
1248 4429 1354 4482 quo
1385 4413 1657 4469 lsraelem.
1711 4412 1809 4479 Qui
1862 4423 2042 4467 autem
2095 4412 2210 4467 ﬁeri

637 4514 813 4573 potest
839 4516 895 4560 ut
921 4506 1108 4560 eodem
1147 4505 1355 4561 dicatur
1387 4506 1548 4560 modo
1577 4505 1846 4570 Christus,
1876 4520 1981 4574 quo
2014 4505 2212 4560 dicitur

635 4611 756 4651 esse
807 4597 970 4651 etiam
1020 4595 1194 4665 Cyrus
1250 4596 1341 4651 ille
1394 4611 1487 4652 rex
1533 4597 1841 4660 Persarum,
1885 4607 1940 4651 et
1989 4607 2208 4652 sanctus

637 4689 908 4756 quomodo
954 4687 1089 4741 Medi
1134 4701 1351 4756 quoque
1404 4687 1504 4756 ipsi
1541 4703 1606 4742 ae
1651 4687 1870 4743 Persa?
1920 4687 2036 4743 Jam
2081 4703 2207 4743 vero

638 4780 819 4832 dicere
860 4777 1060 4843 licebit,
1106 4793 1173 4833 ne
1209 4779 1602 4834 sanctificatum
1643 4780 1859 4848 quidem
1898 4795 2018 4836 esse
2047 4779 2205 4834 Chri-

638 4879 778 4922 stum
817 4869 1148 4936 humanitus,
1180 4871 1428 4939 quamvis
1470 4870 1522 4923 in
1566 4885 1691 4924 eum
1735 4872 1997 4927 columbae
2030 4872 2208 4940 specie

637 4966 856 5012 sanctus
901 4956 1135 5028 S’piritus
1180 4958 1436 5013 insederit
1478 4957 1542 5011 ³³.
1594 4956 1728 5012 Nam
1773 4958 1946 5029 Cyrus
1992 4959 2206 5028 quidem

636 5047 921 5118 Cambysae
953 5049 1094 5105 ﬁlius
1115 5049 1243 5105 olim
1272 5048 1570 5104 exercitum
1601 5049 1754 5103 duxit
1779 5049 1832 5102 iu
1861 5049 2204 5120 Babylonios,

637 5138 730 5191 sed
761 5149 936 5193 tamen
963 5137 1016 5193 in
1047 5153 1235 5195 errore
1268 5139 1604 5205 versabatur,
1644 5150 1699 5194 et
1744 5139 1971 5208 impuris
2009 5141 2206 5195 daemo-

711 5318 755 5347 ²⁵
777 5315 930 5372 Joan.
962 5334 1040 5379 Ill,
1068 5318 1157 5376 54.
1232 5320 1277 5351 ³⁸
1311 5317 1496 5372 Matth.
1523 5333 1637 5383 vm,
1664 5319 1716 5373 3.

1793 5321 1838 5350 ’⁷
1879 5319 2009 5375 Luc.
2044 5336 2140 5388 vn,
2183 5321 2267 5376 14.

2314 3325 2413 3396 ἴσῳ
2440 3326 2688 3388 τέθεικας
2716 3327 2898 3396 μέτρῳ
2921 3328 3034 3388 τοῖς
3057 3326 3197 3378 κατὰ
3235 3326 3395 3399 χάριν
3427 3329 3563 3389 υἱοῖς
3610 3328 3701 3380 τὸν
3738 3328 3806 3380 δι’
3831 3329 3899 3383 ὃν

2312 3416 2508 3470 ἐκεῖνοι
2546 3417 2644 3486 τὴν
2681 3419 2780 3488 τῆς
2810 3416 3075 3479 υἱοθεσίας
3120 3417 3522 3488 πεπλουτήκασι
3561 3418 3748 3489 χάριν·
3802 3438 3898 3474 κε’

2311 3507 2618 3578 χρημάτικε
2649 3507 2747 3576 μὲν
2773 3506 2880 3577 γὰρ
2906 3506 3254 3577 Πρωτότοκος
3281 3509 3314 3578 ἡ
3325 3508 3439 3577 μῶν
3471 3508 3560 3562 διὰ
3589 3509 3648 3562 τὸ
3676 3509 3896 3580 ἀνθρὼ-

2312 3614 2496 3651 πινον’
2539 3597 2676 3668 πλὴν
2717 3598 2810 3651 καὶ
2837 3598 2977 3650 οὕτω
3017 3599 3293 3669 μεμένηκε
3330 3601 3626 3669 μονογενὴς
3656 3601 3732 3663 ὼς
3757 3601 3900 3664 Θεὸς

2311 3688 2583 3760 ταύτῃτοι,
2635 3689 2778 3742 καθά
2839 3691 3005 3758 φησὶν
3051 3692 3080 3743 6
3131 3689 3439 3758 σοφώτατος
3485 3690 3713 3755 Παῦλος,
3757 3694 3900 3745 είσε-

2311 3777 2566 3848 νεχθέντα
2593 3778 2744 3848 παρὰ
2779 3776 2872 3830 τοῦ
2909 3777 3122 3847 Πατρὸς
3167 3776 3258 3828 τὸν
3306 3778 3648 3848 πρωτότοκον
3671 3778 3749 3841 είς
3791 3777 3900 3850 τὴν

2311 3871 2634 3942 οίκουμένην
2678 3873 3102 3943 προστάττονται
3136 3873 3467 3943 προσκυνεῖν
3498 3871 3552 3922 αί
3584 3871 3697 3924 άνω
3726 3870 3898 3924 δυνά-

2302 3981 2468 4034 μεις·
2504 3964 2598 4017 καὶ
2633 3965 2694 4016 τὸ
2724 3965 2810 4017 ἐπ’
2843 3964 2988 4035 αὺτῷ
3025 3964 3291 4035 μαθοῦσαι
3326 3964 3640 4033 μυστήριον,
3686 3962 3897 4015 ἀκατα-

2311 4054 2530 4124 λήκτοις
2581 4054 2907 4122 δοξολογίαις
2956 4053 3272 4124 γεραίρουσι
3315 4053 3406 4105 τὸν
3448 4053 3542 4104 ἕνα
3585 4051 3680 4104 καὶ
3729 4051 3900 4118 φύσει

2313 4143 2404 4197 καὶ
2442 4143 2654 4213 άληθῶς
2683 4144 2830 4198 Υἱόν.
2867 4145 2928 4198 Εἰ
2956 4145 3066 4215 γὰρ
3115 4143 3328 4196 δίδωσιν
3371 4141 3620 4206 ἐξουσίαν
3654 4144 3766 4205 τοῖς
3799 4141 3902 4195 λα-

2312 4234 2498 4289 ϐοῦσιν
2553 4237 2714 4290 αὐτὸν
2765 4235 2930 4290 τέκνα
2974 4234 3106 4288 Θεοῦ
3159 4233 3442 4302 γενέσθαι,
3489 4233 3629 4286 κατά
3677 4249 3741 4301 γε
3794 4232 3901 4303 τὴν

2325 4327 2570 4382 Ἰωάννου
2604 4330 2807 4398 φωνὴν,
2841 4330 2931 4382 καὶ
2961 4327 3120 4396 εἴπερ
3152 4327 3298 4376 ἐστὶν
3327 4324 3518 4392 ἀληθὲς
3549 4324 3624 4386 ὡς
3660 4325 3904 4377 υἱοποιεί

2313 4417 2373 4469 τὸ
2406 4415 2630 4485 Πνεῦμα
2660 4416 2824 4468 αὑτοῦ
2853 4418 2946 4469 καὶ
2993 4418 3136 4486 ἡμᾶς
3168 4414 3364 4476 αὐτούς
3385 4430 3399 4446 ο
3439 4432 3457 4465 ι
3512 4413 3898 4477 Ἐξαπέπειλε

2313 4505 2421 4577 γὰρ
2452 4509 2480 4559 6
2511 4506 2641 4570 Θεὸς
2671 4507 2731 4560 τὸ
2764 4507 2986 4578 Πνεῦμα
3017 4506 3109 4559 τοῦ
3144 4506 3274 4559 Υίοῦ
3320 4505 3483 4558 αὐτοῦ
3512 4507 3589 4568 είς
3620 4505 3717 4567 τὰς
3753 4523 3898 4574 καρ-

2242 4584 2283 4638 D
2311 4596 2426 4658 δίας
2457 4596 2616 4666 ἡμῶν
2663 4597 2885 4666 κράζον,
2923 4597 3090 4650 ’Λϐὀᾶ
3133 4598 3160 4648 6
3199 4598 3384 4668 Πατήρ
3407 4613 3419 4625 υ
3457 4614 3474 4644 ι
3505 4596 3791 4664 ἀνάσχοιτο
3827 4595 3901 4648 ἂν

2308 4689 2481 4752 οὐδεὶς
2523 4687 2629 4742 τῶν
2678 4687 2737 4743 εὖ
2792 4693 3006 4762 φρονεῖν
3050 4690 3339 4750 εἰωθότων,
3377 4688 3565 4741 τούτου
3611 4687 3901 4756 λέγοντος,

2309 4781 2480 4845 οὕτως
2506 4779 2643 4836 εῖναι
2674 4784 2766 4835 καὶ
2789 4785 2948 4836 αὑτὸν
2979 4782 3124 4843 Υίὸν,
3158 4782 3232 4843 ὡς
3257 4781 3346 4834 τὸν
3391 4780 3627 4851 Ἰσραήλ.
3670 4779 3795 4842 Πῶς
3835 4779 3904 4832 δὲ

2311 4873 2404 4924 καὶ
2445 4871 2585 4926 οὕτω
2632 4873 2861 4944 Χριστὸς
2907 4872 3001 4926 καὶ
3049 4871 3222 4940 ἅγιος,
3271 4873 3345 4935 ὡς
3381 4874 3448 4925 ἂν
3497 4866 3636 4924 εἶναι
3681 4870 3906 4939 λέγοιτο

2312 4963 2530 5032 χριστὸς
2571 4965 2751 5034 Κῦρός
2791 4982 2850 5016 τε
2887 4966 2915 5017 ό
2941 4964 3048 5018 τῶν
3077 4964 3303 5034 Περσῶν
3346 4960 3764 5032 βεϐασιλευκὼς,
3797 4961 3904 5014 καὶ

2316 5055 2420 5124 μὴν
2461 5054 2556 5108 καὶ
2580 5056 2732 5109 αὐτοὶ
2764 5055 2874 5125 (12)
2902 5055 3108 5126 Πέρσαι
3137 5073 3196 5108 τε
3246 5057 3340 5109 καὶ
3375 5054 3583 5123 Μῆδοι;
3615 5053 3754 5122 Ὅρα
3782 5052 3905 5120 γὰρ

2313 5145 2485 5197 εἰπεῖν
2532 5143 2663 5214 μηδὲ
2699 5143 2956 5213 ήγιάσθαι
3005 5144 3237 5215 Χριστὸν
3285 5143 3658 5213 ἀνθρωπίνως,
3712 5140 3903 5194 καίτοι

2369 5322 2415 5355 ’⁸
2442 5323 2600 5379 Joan.
2624 5341 2713 5390 xx,
2737 5326 2826 5380 Ξῖ.
2923 5327 2969 5358 ¹⁹
3002 5325 3169 5381 Hebr.
3207 5341 3290 5392 ιιι,
3313 5325 3367 5379 4.
3446 5324 3492 5356 ³⁸
3527 5322 3691 5380 Hebr.
3723 5339 3762 5389 ι,
3799 5323 3858 5379 6.

639 5387 678 5416 ⁸¹
713 5385 908 5442 lJoan.
944 5404 1026 5454 ιιι,
1059 5388 1109 5442 1.
1187 5389 1228 5422 ³¹
1259 5387 1433 5441 Galat.
1476 5403 1547 5453 Iv,
1579 5390 1632 5443 6.
1710 5389 1754 5419 "
1791 5388 1978 5444 Matth.
2016 5407 2096 5450 ut.
2125 5385 2312 5456 16,17.

1876 5565 2035 5621 ANT.
2073 5567 2342 5623 AGELLII
2384 5566 2617 5623 NOTJE.

639 5798 785 5844 t'uut.

718 5717 830 5800 (ίὲ)
858 5717 1172 5789 Legendum'
1199 5719 1429 5789 videtur,
1495 5719 1586 5774 xui
1621 5720 1727 5792 μὴν
1767 5721 1860 5774 καὶ
1939 5721 2083 5792 ἅγιοι
2127 5723 2211 5790 Πέ,

2319 5744 2352 5780 ι.
2405 5725 2494 5782 Sic
2564 5743 2798 5800 namque
2843 5730 3198 5799 praecedentia
3269 5744 3331 5786 ac
3377 5726 3658 5798 sequentia
3700 5725 3898 5797 requi-
