4072 6346
185 376 239 431 81
1294 391 1663 451 ADVERSUS
1702 394 2104 457 NESTURIUM
2146 402 2273 459 LIB.
2316 402 2380 460 il.
3335 414 3404 471 83

187 504 549 567 καταπτάντος
578 506 664 559 ἐπ’
687 508 847 562 αὑτὸν
877 512 969 564 τοῦ
1005 512 1159 580 ἁγίου
1196 516 1505 586 ΙΙνεύματος
1534 519 1589 570 ὲν
1616 518 1741 570 εἴδει

1857 523 1951 577 niis
1993 528 2396 581 venerationem
2442 528 2749 586 exhibebat.
2802 530 2901 585 Ubi
2944 544 3070 584 vero
3107 529 3215 584 Deo
3260 530 3405 585 illum

184 598 523 665 περιστερᾶς.
561 600 741 669 Κῦρος
776 604 871 671 μὲν
896 603 1001 674 γὰρ
1034 605 1062 656 6
1098 606 1416 675 Καμϐύσου,
1442 612 1742 679 κατεστρά-

183 702 331 739 τευσε
364 687 464 756 τῆς
495 688 846 745 Βαϐυλωνίων
878 695 1018 748 κατά
1050 697 1296 765 καιροὺς,
1328 700 1639 771 πεπλάνητο
1662 702 1739 767 δὲ,

185 777 270 828 καὶ
315 782 426 841 τοῖς
481 781 806 852 ἀκαθάρτοις
852 785 1098 854 δαίμοσιν
1158 788 1391 841 ἀνετίθει
1442 791 1501 843 τὸ
1556 792 1737 856 σέϐας.

195 867 400 938 Ἐπειδὴ
456 871 511 923 δὲ
560 872 691 925 Θεοῦ
748 876 1177 945 παραθήγοντος,
1231 880 1325 932 καὶ
1376 881 1742 946 διανιστάντος

182 958 335 1011 αὑτὸν
399 962 479 1023 είς
540 962 726 1033 ὀργὰς,
785 961 892 1018 εἷλε
950 967 1047 1037 τὴν
1100 969 1473 1034 Βαϐυλωνίων,
1519 974 1741 1042 ὀνόματι

184 1050 357 1120 κοινῷ,
394 1054 568 1106 καίτοι
609 1057 887 1125 Πνεύματι
920 1059 997 1128 τῷ
1051 1061 1192 1130 ἁγίῳ
1243 1062 1317 1131 μὴ
1364 1066 1738 1133 κεχρισμένος,

182 1141 385 1211 εἴρηται
431 1148 667 1215 χριστός.
714 1149 887 1217 ’Ἅγιοι
912 1150 969 1202 δὲ
1003 1152 1144 1205 οὕτω
1176 1154 1380 1224 Πέρσαι
1408 1173 1465 1208 τε
1507 1158 1597 1209 καὶ
1624 1159 1743 1227 Mi]-

179 1235 254 1285 δοι
282 1234 329 1286 oi
362 1238 780 1303 συνασπίζοντες
807 1242 973 1311 αὑτῷ·
993 1243 1386 1315 λελατρεύκασι
1412 1248 1519 1318 γὰρ
1557 1251 1743 1302 κάκεῖ·-

183 1342 257 1377 νοι
286 1329 350 1396 τῇ
383 1328 553 1381 κτίσει
589 1332 738 1400 παρά
768 1332 859 1385 τὸν
890 1334 1147 1389 κτίσαντα
1187 1337 1338 1401 Θεὸν,
1382 1341 1472 1391 καὶ
1512 1358 1743 1410 προσκε-

182 1415 442 1484 κυνήκασι
477 1421 587 1483 τοῖς
617 1420 796 1491 ἔργοις
832 1422 940 1476 τῶν
981 1424 1125 1478 ἰδίων
1154 1428 1372 1496 χειρῶν.
1435 1430 1649 1500 Ἐπειδὴ
1688 1431 1743 1482 δὲ

181 1504 269 1557 καὶ
300 1504 462 1570 ἅπαξ.
496 1511 636 1561 κατά
667 1527 728 1578 γε
752 1513 848 1575 τὰς
870 1515 926 1565 ἐν
953 1514 1030 1583 τῷ
1054 1516 1332 1587 Μωσαῖκῷ
1358 1519 1505 1589 νόμῳ
1542 1525 1742 1589 φωνὰς,

178 1595 235 1646 τὸ
274 1597 565 1667 ἀφορισθὲν
609 1600 685 1670 τῷ
728 1601 845 1673 Θεῷ
878 1603 1043 1675 θῦμα,
1085 1605 1185 1659 κᾶν
1231 1608 1286 1659 εἴ
1323 1625 1382 1660 τε
1425 1611 1622 1680 μόσχος
1658 1611 1742 1681 εἴη

178 1684 353 1753 τυχὸν,
405 1685 437 1755 ἢ
491 1687 592 1751 δῖς,
623 1688 776 1755 ἅγιον
812 1690 1142 1763 ὠνομάζετο,
1174 1697 1345 1768 ταύτῃ
1393 1716 1474 1751 τοι
1518 1703 1611 1753 καὶ
1660 1701 1745 1753 διὰ

177 1776 271 1845 τῆς
299 1777 391 1829 τοῦ
422 1781 695 1849 προφήτου
723 1784 906 1854 φωνῆς
934 1784 1075 1852 ἆγιοι
1107 1787 1398 1857 κέκληνται
1443 1793 1536 1843 καὶ
1569 1792 1741 1851 αὐτοὶ,

177 1869 357 1922 διάτοι
386 1872 446 1924 τὸ
474 1873 778 1942 ἀφωρίσθαι
802 1879 913 1939 τοῖς
945 1878 1106 1940 θείοις
1130 1879 1359 1948 νεύμασι
1378 1882 1514 1947 πρὸς
1543 1882 1743 1935 ἁλῶναι

178 1956 273 2026 τὴν
320 1958 706 2013 Βαϐυλωνίων·
765 1963 920 2034 εἴπερ
957 1961 1051 2017 οὖν
1084 1966 1230 2021 ἐστιν
1263 1968 1405 2022 οὕτω
1447 1971 1678 2040 Χριστὸς
1721 1975 1748 2025 6

191 2046 554 2120 Ἐμμανουήλ,
594 2052 735 2105 καθά
773 2054 864 2107 καὶ
911 2056 938 2106 6
976 2055 1175 2127 Κῦρος,
1222 2060 1315 2113 καὶ
1365 2060 1535 2125 οὓτως
1573 2064 1746 2131 ἅγιος,

178 2137 320 2191 καθά
357 2140 449 2192 καὶ
492 2142 662 2211 Μῆδοι
705 2145 799 2196 καὶ¹
841 2146 1076 2216 Πέρσαιο
1123 2150 1255 2219 φαίη
1288 2168 1371 2214 τις
1408 2153 1474 2205 ἂν
1525 2156 1749 2218 εἰκότως

175 2229 249 2292 ὡς
285 2231 393 2283 ἀπό
421 2248 483 2298 γε
512 2235 610 2303 τῆς
635 2235 741 2288 τῶν
772 2239 989 2292 ἐννοιῶν
1014 2240 1264 2306 ἀτοπίας,
1296 2246 1431 2314 μήτε
1465 2248 1748 2317 κεχρίσθαι

175 2321 253 2390 τῷ
281 2323 419 2393 ἁγίῳ
450 2326 745 2395 Πνεύματι,
780 2332 913 2398 μήτε
948 2332 1053 2402 μὴν
1088 2335 1240 2401 ἆγιον
1281 2338 1542 2409 ὑπάρχειν
1564 2341 1745 2395 αὑτόν·

175 2414 536 2485 ψευδοεπήσει
577 2418 640 2486 δὴ
683 2415 775 2472 οὖν
807 2422 835 2472 ό
883 2422 1022 2485 θεῖος
1050 2426 1204 2493 ἡμῶν
1244 2427 1405 2479 Δαόὶδ
1435 2430 1569 2499 πρὸς
1620 2431 1750 2484 αὐτό

176 2500 287 2574 [Ion
318 2506 500 2575 αὑτόν]
540 2526 640 2563 που
700 2510 901 2580 λέγων·
952 2536 969 2566 ι
1024 2517 1341 2585 Ἠγάπησας
1383 2518 1751 2593 δικαιοσύνην,

178 2596 271 2647 καὶ
314 2598 583 2668 ἐμίσησας
614 2602 858 2657 ἀδικίαν’
900 2606 987 2658 διὰ
1023 2606 1181 2658 τοῦτο
1214 2608 1395 2678 ἔχρισέ
1435 2629 1491 2662 σε
1530 2614 1559 2664 6
1597 2614 1749 2681 Θεὸς,

176 2688 203 2738 6
226 2686 360 2753 Θεός
379 2706 496 2754 σου,
537 2692 710 2745 ἔλαιον
739 2694 1129 2761 ἀγαλλιάσεως,
1164 2699 1315 2770 παρὰ
1340 2704 1465 2765 τοὺς
1494 2704 1752 2775 μετόχους

179 2794 296 2831 σου.
352 2799 373 2831 ι
430 2782 903 2854 Καταφλυαρήσας
930 2786 986 2837 δὲ
1034 2787 1176 2843 οὕτω
1225 2793 1323 2854 τῆς
1369 2792 1463 2845 τοῦ
1506 2795 1754 2865 Σωτῆρος

178 2868 338 2936 ἡμῶν
368 2869 641 2941 ὑπεροχῆς
672 2890 729 2925 τε
759 2875 852 2926 και)⁸
877 2874 1053 2947 δόξης,
1085 2880 1482 2953 ἀποκρούεσθαι
1511 2885 1661 2938 δοκεῖ
1686 2886 1751 2940 τὰ

177 2958 243 3010 ὲκ
274 2958 387 3011 τῶν
429 2960 744 3032 δυσφημιῶν
794 2966 1129 3037 ἐγκλήματα,
1170 2973 1530 3040 μειρακιῶδές
1561 2992 1614 3029 τι
1660 2978 1754 3030 καὶ

178 3048 444 3102 ἀσύνετον
490 3049 698 3120 λέγων’
741 3054 807 3107 Ἡ
835 3056 932 3125 μὲν
984 3058 1093 3127 γὰρ
1141 3062 1411 3128 κοινωνία,
1462 3065 1615 3133 φησι,
1647 3067 1754 3120 τῶν

175 3140 464 3211 ὀνομάτων
493 3144 673 3213 ὁμοία,
694 3146 790 3213 οὑχ
819 3147 850 3213 ἡ
881 3147 1017 3217 αὑτὴ
1042 3149 1095 3200 δὲ
1121 3148 1266 3214 ἀξία.
1302 3153 1457 3218 Πῶς;
1490 3156 1608 3208 είπέ
1640 3175 1749 3225 μοι·

1849 627 2168 683 exacuente,
2200 628 2253 672 et
2281 619 2346 671 ad
2388 618 2495 673 iras
2534 619 2807 675 excitante
2844 618 3258 691 Babyloniorum
3298 629 3406 676 ter-

1851 720 1963 760 ram
2013 710 2175 775 cepit,
2230 710 2500 765 communi
2547 710 2831 777 vocabulo,
2889 712 3138 781 quamvis
3192 713 3408 767 minime

1851 809 2043 853 unctus
2068 799 2269 869 Spiritu
2300 810 2506 867 sancto,
2534 802 2708 857 dictus
2729 812 2811 857 est
2837 803 3099 859 christus.
3130 802 3205 857 ita
3232 803 3410 858 Persa:

1848 904 2063 958 quoque
2090 904 2154 944 ac
2181 891 2321 946 Medi
2345 892 2607 947 satellites
2632 892 2747 961 ejus
2776 894 2947 948 sancti
2983 894 3253 948 dicuntur.
3276 892 3409 947 Nam

1850 983 2097 1050 quamvis
2122 982 2197 1037 illi
2229 998 2442 1052 quoque
2465 986 2751 1040 servierint
2776 993 3039 1042 creaturae
3059 985 3235 1056 potius
3252 999 3408 1053 quam

1850 1078 2076 1130 creatori
2138 1076 2246 1129 Deo
2299 1076 2378 1141 “,
2451 1086 2505 1131 et
2556 1078 2902 1133 adoraverint
2950 1092 3110 1147 opera
3159 1091 3410 1131 manuum

1849 1182 2089 1231 suarum,
2122 1176 2298 1223 tamen
2335 1168 2461 1238 quia
2491 1168 2656 1223 semel
2678 1168 2830 1236 juxta
2864 1183 3026 1224 voces
3049 1183 3170 1239 quae
3200 1176 3325 1221 sunt
3358 1167 3409 1221 in

1850 1258 1967 1328 lege
1991 1259 2145 1321 Mosi,
2178 1268 2515 1329 segregatum
2546 1259 2653 1313 Deo
2683 1259 3032 1326 sacrificium,
3065 1258 3179 1313 sive
3211 1257 3298 1313 ille
3329 1258 3382 1311 vi

1852 1351 1991 1404 tulus
2019 1360 2158 1405 esset
2185 1349 2433 1415 fortasse,
2454 1350 2564 1405 sive
2589 1351 2725 1418 ovis,
2756 1360 2998 1406 sanctum
3027 1349 3409 1420 appellabatur,

1850 1454 1912 1494 ea
1946 1442 2152 1494 ratione
2182 1441 2341 1494 etiam
2379 1440 2687 1510 prophetica
2716 1454 2847 1495 voce
2874 1441 2973 1509 ipsi
3005 1453 3217 1510 quoque
3241 1440 3409 1494 sancti

1850 1541 1975 1586 sunt
2003 1532 2197 1595 vocati,
2229 1533 2370 1597 quod
2400 1532 2581 1585 divino
2609 1531 2828 1585 numine
2855 1530 3120 1600 segregati
3147 1530 3413 1600 dicatique

1851 1632 2034 1679 essent
2065 1624 2132 1677 ad
2181 1621 2524 1692 Babyloniam
2568 1623 2907 1691 capiendam.
2956 1620 3097 1691 Ergo
3135 1623 3181 1676 si
3225 1620 3409 1677 eadem

1854 1714 2060 1769 ratione
2091 1715 2205 1781 ipse
2233 1713 2545 1768 Emmanuel
2573 1722 2657 1769 est
2691 1712 2963 1780 Christus,
2990 1727 3095 1782 qua
3133 1712 3326 1784 Cyrus,
3363 1721 3415 1766 et

1854 1820 1918 1858 eo
1949 1806 2105 1859 modo
2139 1815 2362 1860 sanctus
2397 1820 2502 1874 quo
2526 1804 2665 1859 Medi
2689 1819 2753 1859 ac
2782 1803 2993 1869 Persae;
3026 1812 3416 1874 consequenter

1850 1896 1995 1952 dicet
2040 1896 2253 1968 aliquis,
2286 1906 2541 1965 quantum
2576 1910 2643 1951 ex
2669 1897 3055 1951 sententiarum
3086 1895 3418 1950 absurditate

1849 1989 2206 2055 concluditur,
2236 2003 2407 2057 neque
2434 1998 2653 2042 unctum
2693 1987 2857 2043 fuisse
2898 1987 3046 2042 illum
3080 1996 3268 2042 sancto
3289 1986 3413 2055 Spi-

1852 2080 1982 2144 ritu,
2012 2094 2187 2147 neque
2217 2089 2459 2132 sanctum
2488 2092 2609 2133 esse
2642 2096 2655 2131 :
2690 2079 2872 2147 itaque
2904 2078 3195 2132 mentietur
3226 2077 3417 2131 beatus

1852 2169 2035 2237 David,
2072 2171 2137 2224 ad
2178 2169 2351 2239 ipsum
2378 2170 2563 2237 procul
2612 2170 2773 2223 dubio
2802 2169 2964 2223 verba
3009 2168 3246 2223 faciens:
3278 2186 3295 2217 ι
3325 2166 3414 2220 υἱ-

1851 2263 2027 2317 lexisti
2077 2262 2361 2332 justitiam,
2406 2270 2461 2315 et
2504 2259 2661 2314 odisti
2717 2260 3057 2328 iniquitatem
3092 2275 3106 2311 :
3136 2266 3415 2327 propterea

1851 2353 2004 2405 unxit
2031 2361 2080 2407 te
2114 2352 2273 2413 Deus,
2296 2351 2437 2407 Deus
2466 2363 2611 2419 tuus,
2637 2352 2755 2407 oleo
2774 2352 2988 2418 laetitia,
3021 2365 3130 2420 prae
3155 2348 3414 2403 consorti-

1850 2446 1948 2499 bus
1974 2443 2080 2498 tuis
2106 2444 2205 2498 ³⁵.»
2239 2443 2355 2498 Jam
2389 2459 2516 2497 vero
2545 2444 2680 2497 adeo
2709 2443 2986 2511 nugaciter
3015 2442 3271 2496 adversus
3300 2440 3418 2493 Sal—

1850 2533 2054 2587 vatoris
2096 2532 2264 2587 nostri
2328 2531 2663 2599 majestatem
2721 2539 2775 2585 et
2834 2529 3057 2598 gloriam
3110 2529 3414 2592 ohiocutus,

1852 2626 2305 2696 blasphemiarum
2336 2641 2552 2680 suarum
2577 2624 2805 2679 crimina
2835 2623 3095 2692 repellere
3128 2621 3228 2676 sibi
3266 2621 3416 2675 vide-

1854 2728 1961 2782 tur,
2011 2719 2218 2785 puerile
2254 2718 2508 2787 quiddam
2560 2728 2614 2771 et
2660 2715 2880 2771 stultum
2933 2712 3173 2769 inferens
3212 2731 3225 2767 :
3260 2711 3417 2767 Com-

1854 2810 2056 2877 munio,
2080 2810 2272 2875 inquit,
2298 2808 2575 2863 nominum
2606 2806 2797 2861 similis
2822 2814 2922 2867 est,
2948 2819 3055 2859 non
3080 2805 3267 2859 eadem
3293 2816 3420 2857 vero

1854 2902 2105 2973 dignitas.
2141 2901 2241 2968 Qui
2284 2900 2538 2954 tandem?
2566 2900 2674 2963 dic,
2707 2913 2909 2966 quaeso,
2956 2911 3076 2951 nam
3125 2896 3421 2965 intelligere

1855 3007 2081 3061 nequeo.
2121 2990 2253 3046 Nam
2290 2992 2336 3046 si
2376 2991 2445 3044 ita
2477 2999 2559 3044 est
2592 2990 2731 3043 Deus
2770 2999 2827 3042 ut
2858 2988 3034 3043 Moses
3063 2988 3246 3052 etiam,
3272 2996 3323 3043 et
3347 2988 3418 3043 ita

1856 3086 2045 3151 Filius,
2080 3094 2136 3139 ut
2159 3084 2342 3147 Israel,
2369 3094 2421 3137 et
2447 3083 2516 3136 ita
2543 3082 2789 3136 Christus
2819 3091 2876 3136 ut
2899 3081 3087 3152 Cyrus,
3105 3082 3232 3151 quin
3261 3083 3420 3135 etiam

1858 3178 1929 3229 ita
1973 3185 2193 3230 sanctus
2233 3184 2288 3227 ut
2328 3174 2487 3237 Medi,
2533 3173 2797 3241 quomodo
2842 3173 3036 3242 poterit
3065 3173 3268 3227 evitare
3299 3188 3423 3241 quo-

176 3232 322 3333 νοεῖν
350 3231 457 3333 γάρ
486 3232 584 3285 οὐκ
610 3232 740 3302 ἔχω.
770 3235 831 3287 Εί
860 3236 967 3306 γάρ
994 3238 1141 3292 ὲστιν
1167 3240 1310 3294 οὕτω
1333 3243 1462 3306 Θεὸς
1486 3244 1558 3306 ὼς
1580 3246 1645 3298 ἂν
1669 3248 1752 3317 εἴη

1859 3269 2033 3322 minus
2070 3267 2255 3322 eadem
2299 3282 2418 3321 cum
2456 3266 2561 3319 illis
2599 3273 2883 3320 censeatur
2907 3265 3214 3333 aequalitate
3252 3263 3424 3332 digni-

180 3320 278 3371 καὶ
307 3321 336 3372 6
371 3320 595 3389 Μωσῆς,
622 3321 714 3373 καὶ
753 3321 924 3386 οὕτως
953 3324 1099 3387 Υἱὸς,
1130 3326 1204 3388 ῶς
1245 3327 1475 3398 Ἰσραὴλ,
1505 3328 1647 3383 οὕτω
1691 3349 1749 3384 τε

178 3410 422 3480 Χριστὸς
450 3410 525 3473 ὡς
550 3410 751 3482 Κῦρος,
783 3414 875 3465 καὶ
906 3416 1011 3483 μὴν
1039 3416 1132 3467 καὶ
1163 3416 1331 3482 οὕτως
1350 3420 1503 3487 ἅγιος
1532 3422 1607 3485 ὡς
1634 3423 1755 3491 Μῆο

179 3499 279 3552 δοιο
312 3500 433 3563 πῶς
473 3500 537 3553 ἂν
565 3501 799 3572 διαφύγῃ
830 3502 890 3554 τὸ
949 3504 1040 3557 καὶ
1068 3506 1124 3558 ὲν
1157 3506 1357 3575 ἰσότητι
1398 3510 1608 3562 κεῖσθαι
1647 3511 1755 3564 δεῖν

179 3588 281 3655 τῆς
316 3588 458 3659 πρὸς
481 3590 675 3652 αὑτοὺς
697 3590 851 3655 ἀξίας
875 3608 889 3656 ;
926 3592 1137 3667 Ἀλώσῃ
1157 3596 1219 3666 δὴ
1247 3592 1338 3651 οὖν
1364 3600 1455 3651 καὶ
1481 3601 1559 3662 είς
1589 3602 1758 3671 αὐτὴν

179 3679 598 3752 δεδυσσεῦηκὼς
627 3681 723 3752 τὴν
751 3683 843 3736 τοῦ
873 3685 1045 3751 Λόγου
1076 3688 1255 3755 φύσιν,
1286 3689 1419 3761 ἔφης
1439 3692 1548 3762 γάρ
1570 3694 1754 3749 πάλιν·

257 3771 453 3843 [Εἰπὲ
511 3773 601 3827 τὸν
643 3774 999 3840 ἀναλαϐόντα,
1038 3779 1118 3831 ὅτι
1170 3779 1336 3843 Θεός·
1390 3783 1623 3852 πρόσθες
1670 3786 1759 3838 τὸν

178 3862 593 3936 ἀναληφθέντα,
622 3864 702 3917 ὅτι
720 3865 907 3919 δούλου
943 3870 1144 3937 μορφή·
1176 3869 1420 3939 ὲπάγαγε
1452 3875 1759 3943 μεταταῦτα

178 3952 240 4004 τὸ
282 3953 393 4022 τῆς
439 3954 729 4022 συναφείας
775 3956 1010 4027 ἀξίωμα,
1046 3960 1263 4014 ὅτιτῶν
1305 3962 1397 4015 δύο
1438 3966 1470 4033 ἡ
1510 3965 1761 4019 αὑθεντία

180 4046 339 4116 κοινή
360 4060 376 4075 ·
408 4045 489 4097 ὃτι
526 4046 634 4101 τῶν
674 4047 783 4113 δύο,
820 4048 1016 4103 ταύτὸν
1043 4051 1103 4104 τὸ
1134 4052 1346 4122 ἀξίωμα
1366 4072 1378 4084 ·
1411 4055 1518 4107 τῶν
1549 4057 1761 4124 φύσεων

180 4135 497 4205 μενουσῶν,
528 4133 775 4208 ὁμολόγει
804 4139 902 4210 τὴν
932 4141 1029 4211 τῆς
1058 4143 1210 4207 ἀξίας
1241 4145 1517 4218 ένὸτητα.]

790 4275 1035 4331 ΚΕΦΑΛ.
1090 4279 1164 4332 E’.

251 4408 556 4479 Διατέμνει
593 4408 691 4478 μὲν
727 4404 820 4463 οὖν
849 4413 928 4474 είς
956 4411 1048 4464 δύο
1076 4412 1139 4484 δὴ
1176 4413 1338 4467 πάλιν
1359 4433 1370 4443 ’
1404 4418 1679 4482 ἀσυνέτως
1709 4421 1765 4473 δὲ

178 4500 401 4571 σφόδρα.
428 4499 526 4570 τὴν
554 4500 653 4569 τῆς
680 4500 923 4567 ἑνώσεως
950 4504 1176 4574 δύναμιν
1202 4510 1267 4576 τῇ
1298 4508 1423 4579 ἀξίᾳ
1451 4509 1761 4581 χαρίζεται·

1857 3361 1982 3413 tatis
2001 3361 2024 3412 ?
2043 3357 2466 3427 Deprehenderis
2494 3356 2655 3425 igitur
2684 3355 2794 3424 jam
2820 3357 2981 3411 etiam
3015 3356 3065 3409 in
3102 3357 3269 3422 ipsam
3295 3356 3423 3409 Ver—

1857 3452 1907 3505 bi
1945 3459 2190 3504 naturam
2227 3448 2423 3503 imuius
2454 3447 2637 3514 fuisse,
2682 3447 2762 3502 sic
2802 3462 3037 3514 namque
3079 3446 3260 3501 dixisti
3303 3461 3423 3499 rur—

1857 3557 1972 3597 sum
2018 3558 2031 3593 ἒ

1932 3783 2195 3855 [Nm-ron.
2219 3783 2313 3838 Dic
2335 3783 2401 3838 de
2422 3792 2747 3847 assumente,
2768 3783 2910 3852 quod
2936 3783 3076 3838 Deus
3093 3784 3191 3839 sit:
3212 3783 3426 3853 adjicite

1860 3876 1969 3947 44
2006 3878 2071 3932 de
2110 3883 2405 3943 assumpto,
2445 3875 2584 3943 quod
2633 3875 2773 3929 servi
2813 3874 2981 3928 forma
3014 3890 3027 3929 :
3065 3874 3204 3929 infer
3243 3882 3424 3943 postea

1862 3965 2255 4036 coniunctionis
2285 3962 2622 4032 dignitatem,
2666 3961 2809 4031 quod
2846 3962 3149 4017 communis
3192 3962 3264 4016 sit
3297 3962 3428 4016 duo-

1864 4071 1980 4109 rum
2021 4055 2341 4115 auctoritas,
2385 4054 2527 4122 quod
2571 4054 2756 4108 eadem
2791 4052 2861 4107 sit
2895 4053 3120 4106 duorum
3147 4052 3379 4121 dignitas
3411 4069 3423 4102 :

1863 4145 2204 4201 manentibus
2236 4145 2446 4199 naturis
2486 4144 2744 4200 confitere
2779 4144 3057 4215 dignitatis
3107 4142 3428 4213 unitatem]

2523 4274 2672 4330 CAP.
2716 4275 2775 4329 V.

1937 4412 2133 4468 Dividit
2160 4424 2288 4481 ergo
2314 4424 2526 4465 rursum
2555 4410 2608 4463 in
2638 4409 2763 4473 duo,
2788 4416 2844 4464 et
2867 4408 3119 4476 imperite
3145 4408 3433 4462 admodum

1868 4510 1975 4562 vim
2011 4505 2234 4560 unitatis
2272 4501 2519 4573 dignitati
2556 4501 2802 4571 largitur,
2855 4500 3084 4555 fortasse
3128 4514 3194 4552 ne
3239 4498 3431 4552 intelli-

174 4593 326 4660 τάχα
364 4610 472 4645 που
503 4593 577 4662 μὴ
606 4596 868 4662 συνιεὶς,ὅ
895 4612 947 4648 τι
971 4598 1100 4649 ποτέ
1131 4600 1275 4652 ἐστιν
1306 4602 1337 4670 ἡ
1366 4601 1576 4664 ἓνωσις,
1595 4604 1687 4655 καὶ
1716 4621 1752 4655 τι

1872 4614 2003 4671 gens
2033 4598 2249 4668 quidem
2278 4596 2404 4663 quid
2440 4593 2653 4648 tandem
2685 4593 2756 4645 sit
2785 4591 2983 4652 unitas,
3016 4589 3142 4659 quid
3193 4604 3278 4643 res
3320 4588 3434 4657 ipsa

175 4685 281 4752 τῆς
324 4685 492 4749 ἀξίας
521 4685 580 4736 τὸ
616 4686 834 4757 χρῆμα·
872 4687 1007 4758 πλὴν
1034 4690 1206 4743 ἐκεῖνό
1236 4709 1441 4761 φαμεν·
1472 4695 1617 4747 Μίαν
1660 4695 1763 4765 ἔφη

175 4777 291 4828 τῶν
340 4778 442 4829 δύο
491 4775 704 4845 φύσεων
742 4780 839 4849 τὴν
873 4780 1176 4847 αὑθεντίαν,
1208 4784 1301 4836 καὶ
1346 4785 1402 4837 ἓν
1435 4785 1495 4837 τὸ
1527 4787 1761 4855 ἀξίωμα.

178 4869 317 4922 "Ure
356 4869 539 4921 τοίνυν
573 4871 599 4922 6
628 4871 684 4923 ὲν
714 4870 917 4941 ἰσότητι
948 4872 1102 4943 δόξης
1130 4875 1228 4943 τῆς
1258 4877 1392 4945 πρὸς
1434 4878 1564 4931 Θεὸν
1596 4881 1766 4947 Λόγον

173 4964 278 5033 οὑχ
312 4964 710 5034 ὑπερκείσεται
734 4964 826 5017 τὸν
854 4964 1077 5030 Μωσέα,
1111 4967 1249 5021 κατά
1270 4985 1333 5032 γε
1354 4969 1413 5021 τὸ
1447 4965 1584 5023 εἶναι
1613 4972 1763 5035 Θεὸς,

172 5058 341 5128 δῆλον
381 5057 454 5109 ἂν
492 5056 578 5125 εἴη
620 5057 907 5127 δήπουθεν,
934 5059 1014 5110 ὅτι
1042 5060 1137 5112 καὶ
1166 5062 1325 5124 αὑτὸς
1351 5063 1379 5114 ὁ
1418 5062 1481 5115 ἐκ
1508 5061 1641 5115 Θεοῦ
1666 5064 1769 5116 Λό-

173 5167 274 5216 γος
317 5148 734 5216 ίσοστατήσειεν
764 5148 828 5201 ἂν
858 5151 921 5218 τῇ
954 5148 1047 5201 τοῦ
1095 5152 1335 5215 Μωσέως
1368 5154 1506 5223 τάχα
1537 5171 1638 5206 που
1670 5155 1768 5222 φύ-

174 5257 260 5292 σει
298 5240 402 5292 καὶ
440 5236 595 5306 δόξῃ·
633 5239 680 5289 εί
707 5237 813 5307 γάρ
847 5239 993 5290 ἐστιν
1016 5240 1187 5302 ἐοικὸς
1224 5240 1316 5292 καὶ
1336 5241 1767 5311 ἀπαραλλάκτως

170 5329 305 5397 ἔχον
342 5329 463 5379 πᾶν
494 5325 672 5377 ότιοῦν
700 5326 775 5395 τῷ
828 5326 1026 5396 πρώτῳ
1061 5328 1154 5379 καὶ
1205 5329 1369 5399 τρίτῳ
1396 5331 1454 5382 τὸ
1481 5332 1567 5383 διὰ
1599 5332 1764 5400 μέσου

170 5422 262 5489 εἴη
300 5420 371 5471 ἂν
402 5418 505 5486 οὐχ
530 5418 766 5486 ἑτεροῖος
796 5420 975 5482 αὐτοῖς
1006 5421 1034 5471 6
1062 5420 1159 5488 τῆς
1182 5420 1391 5488 φύσεως
1424 5422 1599 5490 λόγος.
1620 5423 1767 5474 Ἀλλ’

172 5513 313 5574 ἴσως
346 5511 476 5580 ἐρεῖ
505 5510 602 5578 τῆς
636 5509 790 5572 ἀξίας
819 5510 909 5562 τὸν
934 5511 1131 5579 τρόπον
1186 5512 1282 5564 οὐκ
1348 5509 1484 5565 εἶναι
1528 5515 1617 5565 καὶ
1665 5513 1766 5582 φύ-

174 5621 297 5659 σιν’
331 5600 543 5657 οὐκοῦν
592 5602 704 5654 ἀνθ’
732 5603 851 5654 ὅτου
885 5604 950 5655 τὰ
998 5602 1095 5671 τῆς
1176 5604 1308 5670 πρὸς
1344 5603 1543 5674 ἄλληλα
1579 5623 1769 5659 κοινωο

252 5788 298 5818 ³⁸
338 5785 506 5838 llotn.
564 5795 601 5843 ι,
634 5779 722 5835 25.
802 5782 843 5812 ³⁸
882 5781 1020 5837 Psal.
1051 5796 1189 5847 λων,
1228 5781 1277 5835 8.

1870 4690 2170 4761 dignitatis.
2210 4686 2338 4741 Illud
2385 4694 2559 4739 tamen
2608 4683 2884 4737 dicemus:
2931 4678 3103 4736 Unam
3135 4694 3253 4734 esse
3297 4678 3432 4733 dixit

1872 4784 2095 4837 duarum
2131 4788 2443 4833 naturarum
2477 4773 2871 4835 auctoritatem,
2917 4780 2969 4825 et
3000 4785 3158 4825 unam
3202 4770 3431 4839 dignita-

1872 4884 2001 4928 tem.
2040 4871 2136 4926 Ubi
2171 4869 2331 4938 igitur
2361 4868 2406 4920 is
2444 4866 2532 4934 qui
2569 4878 2752 4933 parem
2787 4862 2949 4917 habet
2985 4861 3091 4915 Deo
3121 4860 3297 4915 Verbo
3320 4861 3431 4928 glo-

1873 4966 2031 5030 riam,
2078 4965 2129 5017 in
2180 4977 2245 5017 eo
2276 4970 2423 5016 certe
2455 4960 2596 5027 quod
2644 4959 2781 5011 Deus
2820 4964 2923 5022 est,
2965 4954 3131 5009 nihilo
3162 4963 3246 5009 est
3287 4954 3432 5010 Mose

1872 5056 2138 5125 superior,
2165 5052 2351 5123 procul
2375 5051 2534 5106 dubio
2559 5049 2726 5117 liquet
2746 5048 2915 5117 ipsum
2940 5060 3153 5115 quoque
3180 5045 3269 5099 Dci
3298 5044 3433 5097 Ver—

1873 5149 1998 5202 bum
2030 5145 2144 5215 pari
2172 5149 2443 5198 momento
2481 5148 2537 5194 et
2562 5146 2765 5192 naturtc
2812 5146 2866 5190 et
2906 5135 3090 5201 gloria:
3122 5150 3241 5191 cum
3288 5133 3434 5187 Mosc

1874 5234 2298 5305 exaequandum.
2342 5230 2659 5298 Ubicunque
2704 5225 2846 5281 enim
2880 5225 3153 5294 quodlibet
3199 5222 3436 5277 medium

1871 5331 2045 5397 primo
2075 5341 2138 5380 ac
2170 5324 2329 5380 tertio
2364 5319 2635 5392 persimile
2660 5327 2763 5381 est,
2793 5317 3044 5385 nullaque
3081 5317 3133 5370 in
3168 5330 3225 5369 re
3259 5314 3430 5369 diver-

1869 5436 2009 5487 sum,
2036 5417 2257 5473 omnino
2290 5406 2534 5483 sequitur
2564 5419 2624 5465 ut
2657 5408 2799 5463 nulla
2834 5408 2903 5463 sit
2936 5408 3076 5462 inter
3112 5406 3196 5459 illa
3232 5413 3434 5457 naturae

1872 5513 2083 5566 diversa
2122 5509 2276 5564 ratio.
2316 5506 2421 5561 Sed
2454 5503 2594 5558 dicet
2624 5504 2871 5565 fortasse,
2912 5496 3187 5569 dignitatis
3220 5495 3433 5548 modum

1874 5617 1975 5658 non
2022 5602 2160 5656 idem
2196 5615 2313 5655 esse
2363 5612 2425 5651 ac
2476 5605 2721 5651 naturam
2767 5611 2778 5646 :
2813 5605 2909 5645 cur
2950 5588 3110 5658 igitur
3158 5598 3219 5640 ea
3250 5597 3367 5653 qua:
3402 5596 3433 5637 a
