4072 6346
626 422 693 476 83
1611 398 1668 454 S.
1711 390 1986 453 CYBILLI
2026 380 2489 444 ALEXANDRINI
2528 382 2847 439 ARCHIEP.
3797 377 3867 433 ει

628 543 812 590 mutua
857 527 1255 591 communione,
1308 532 1470 592 atque
1522 516 1685 571 etiam
1728 510 2039 582 aequalitate
2085 514 2192 558 tam

2311 502 2435 567 νίας,
2467 503 2561 555 καί¹
2596 501 2703 574 μὴν
2746 501 2840 555 καὶ
2890 498 3131 569 ἰσότητος
3159 497 3430 560 ούσιωδῶς
3462 495 3711 549 τοσοῦτον
3759 497 3872 566 ἀφ-

630 640 823 695 magno
848 620 1097 679 essentia:
1118 615 1432 672 discrimine
1457 609 1721 678 disiuncta
1748 612 1898 667 sunt,
1922 602 1975 655 in
2009 611 2191 659 unam,

630 730 688 772 ut
717 688 833 787 ipse
870 714 1026 778 dicis,
1071 708 1450 767 auctoritatem
1483 698 1805 781 colligenda,
1855 704 1909 748 et
1947 690 2059 761 pari
2101 688 2197 741 ho-

628 824 760 864 nore
787 820 976 863 censes
1019 800 1301 859 ornanda?
1344 797 1445 853 Ubi
1491 779 1723 861 namque
1762 800 1983 858 prorsus
2022 779 2197 835 minor

628 909 710 955 est
739 908 957 962 natura,
985 895 1073 951 cui
1099 893 1268 946 altera
1312 884 1714 957 superponitur,
1744 879 1832 947 qui
1876 873 1989 928 ﬁeri
2022 876 2198 962 potest

631 1000 689 1043 ut
712 988 785 1043 illi
826 953 1104 1051 contingat
1128 989 1183 1035 et
1213 953 1415 1047 paritas
1446 953 1689 1030 honoris,
1722 974 1784 1018 et
1807 959 2084 1031 aequalitas
2116 953 2195 1051 di:

624 1077 871 1149 gnitatis,
895 1083 950 1130 et
974 1042 1112 1128 idem
1140 1042 1465 1134 minimeque
1489 1062 1732 1115 diversus
1754 1052 1936 1122 gloria:
1967 1042 2196 1149 modus?

633 1135 785 1233 buod
822 1135 1003 1219 autem
1043 1158 1474 1229 coniunctionem
1512 1146 1806 1218 appellans.
1839 1156 1954 1196 eam
1991 1135 2199 1193 scilicet

632 1272 749 1326 qua:
776 1271 841 1313 ex
869 1254 1063 1311 vicinia
1095 1251 1211 1307 sola
1246 1247 1328 1302 vel
1358 1243 1648 1301 secundum
1678 1234 2087 1307 appositionetn,
2114 1224 2198 1280 vel

632 1316 927 1403 secundum
955 1341 1326 1400 habitudinem
1364 1332 1700 1403 intelligitur,
1740 1327 1855 1395 ipse
1884 1322 1997 1376 suis
2037 1316 2200 1371 ratio-

635 1440 790 1493 nibus
819 1437 1158 1500 adversatur,
1183 1441 1239 1487 et
1269 1446 1387 1499 quae
1418 1424 1686 1482 destruxit
1714 1415 1964 1479 aediﬁcat,
1996 1420 2050 1465 et
2080 1422 2199 1500 qua:

633 1521 918 1577 demolitus
947 1530 1029 1576 est
1051 1496 1232 1589 eripit,
1263 1496 1479 1589 planum
1518 1512 1605 1567 ﬁet
1633 1524 1698 1566 ex
1722 1508 1823 1562 hoc
1854 1514 2041 1558 rursus
2072 1516 2087 1551 ι
2122 1496 2200 1551 sic

633 1627 865 1684 namque
894 1611 1071 1666 dixit:

704 1702 983 1775 [Νεετοιι.
1015 1702 1138 1756 Ideo
1172 1698 1292 1754 volo
1323 1711 1414 1752 vos
1442 1700 1600 1751 caute
1634 1690 1964 1755 ﬁrmiterque
1993 1694 2193 1737 tenere.

638 1771 837 1846 Divisio
861 1788 1005 1844 nulla
1040 1783 1532 1857 estconiunctionis
1550 1780 1857 1851 dignitatis,
1888 1771 2157 1828 ﬁliationis
2186 1790 2196 1823 :

636 1883 737 1938 hoc
776 1882 950 1952 ipsum
984 1882 1124 1950 quod
1169 1878 1414 1934 Christus
1451 1883 1554 1937 est,
1590 1871 1787 1925 nullam
1831 1867 2034 1935 patitur
2066 1862 2201 1917 divi-

633 1951 839 2031 sionem
863 1992 875 2028 :
901 1975 995 2030 sed
1022 1971 1233 2027 deitatis
1260 1980 1310 2023 et
1331 1965 1681 2023 humanitatis
1704 1969 1786 2015 est
1810 1958 2021 2013 divisio.
2042 1951 2202 2008 Chri-

636 2073 773 2131 stus,
800 2081 901 2135 qua
926 2065 1191 2128 Christus,
1221 2060 1525 2115 individuus
1551 2060 1633 2109 est
1660 2071 1672 2107 :
1702 2064 1874 2120 neque
1900 2046 2041 2102 enim
2066 2043 2202 2097 duos

635 2158 872 2214 christos
921 2156 1203 2219 habemus,
1237 2166 1409 2221 neque
1435 2150 1568 2204 duos
1608 2146 1782 2200 ﬁlios:
1813 2158 1915 2196 non
1956 2139 2097 2193 enim
2122 2143 2205 2191 est

638 2250 775 2320 apud
804 2262 900 2303 uos
922 2248 1122 2318 primus
1145 2256 1199 2301 et
1221 2243 1513 2304 secundus,
1543 2252 1713 2307 neque
1740 2237 1877 2289 alius
1929 2244 1981 2287 et
2021 2231 2159 2285 alius
2185 2243 2199 2282 :

637 2354 809 2409 neque
836 2353 1022 2395 rursus
1056 2337 1194 2391 alius
1238 2334 1493 2397 Filius,et
1521 2331 1657 2384 alius
1680 2341 1893 2384 rursum
1920 2341 1935 2390 ;
1962 2325 2054 2380 sed
2089 2324 2203 2392 ipse

639 2431 725 2486 ille
758 2445 895 2486 unus
934 2438 1017 2486 est
1048 2429 1239 2485 duolex
1271 2444 1283 2480 :
1333 2442 1438 2481 non
1482 2424 1765 2486 dignitate,
1805 2420 1898 2475 sed
1944 2414 2201 2487 natura.|

1265 2562 1417 2619 CAP.
1464 2561 1570 2617 VL.

708 2712 929 2782 Explica
964 2708 1100 2764 mihi
1148 2718 1338 2760 rursus
1385 2701 1640 2772 quidnam
1696 2710 1817 2752 esse
1875 2693 2203 2749 individuam

638 2798 1083 2871 coniunctionem
1119 2795 1302 2850 dicis?
1343 2790 1705 2850 Uuitatemne,
1760 2786 2057 2842 secundum
2110 2784 2206 2853 hy-

642 2892 898 2963 postasim
928 2888 1201 2950 nimirum,
1239 2899 1401 2956 quam
1432 2882 1533 2951 ipsi
1569 2881 1923 2950 pradicamus
1959 2891 2079 2931 cum
2110 2891 2206 2945 pro

640 2985 948 3055 dogmatum
1001 2979 1232 3035 veritate
1284 2984 1580 3037 certamus,
1616 2987 1683 3028 an
1730 2986 1858 3026 vero
1912 2969 2052 3024 hanc
2085 2982 2205 3034 quae

641 3075 935 3133 secundum
963 3074 1375 3143 appositionem,
1400 3077 1454 3123 et
1482 3068 1705 3136 alicujus
1733 3065 1797 3118 ad
1826 3062 2029 3131 aliquid
2067 3062 2196 3115 vici-

2297 598 2565 668 ἑστηκότα
2607 595 2888 663 συλλέγειν
2933 596 3013 658 είς
3062 594 3213 666 μίαν,
3243 592 3385 645 καθά
3429 592 3535 661 φὴς
3562 590 3743 653 αὐτὸς.
3773 591 3873 642 αὐ-

2297 693 2545 755 θεντίαν,
2591 692 2686 745 καὶ
2726 691 2912 761 τιμαῖς
2961 690 3080 750 ταῖς
3129 688 3270 749 ῐσαις
3314 684 3610 753 στεφανοῦν
3657 681 3871 745 ἀξιοῖς;

2299 785 2472 838 Ὅπου
2504 783 2614 854 γὰρ
2644 782 2779 843 ὅλως
2808 781 3195 850 μειονεκτείται
3246 776 3427 845 φύσις,
3463 777 3653 845 ἑτέρας
3701 774 3876 842 ὑπερ-

2298 875 2575 946 κειμένης,
2617 873 2733 935 πῶς
2764 872 2832 925 ἂν
2858 871 2995 941 αὐτῇ
3036 869 3388 940 προσγένοιτο
3415 869 3507 921 καὶ
3536 866 3714 938 γερῶν
3756 864 3872 918 ίσό-

2297 987 2415 1041 της,
2450 969 2541 1022 καὶ
2574 963 2883 1036 ἱσομοιροῦν
2922 962 3159 1032 ἀξίωμα,
3197 962 3288 1015 καὶ
3314 964 3341 1015 6
3365 962 3465 1030 τῆς
3490 959 3739 1021 εὐκλείας
3771 958 3896 1027 οὐχχ

2297 1061 2482 1132 ἕτερος
2521 1057 2756 1132 τρόπος;
2788 1057 2906 1108 Ὀτι
2950 1054 3010 1107 δὲ
3058 1052 3351 1121 συνάφειαν
3396 1052 3695 1121 ὀνομάζων,
3725 1051 3873 1118 τάχα

2299 1171 2399 1207 που
2454 1152 2553 1223 τὴν
2609 1152 2725 1204 κατ’
2755 1148 3029 1217 ἑγγύτ-ητα
3075 1146 3243 1216 μόνην
3289 1145 3383 1197 καὶ
3442 1144 3573 1215 [ῑσ.
3726 1140 3875 1195 κατὰ

2299 1242 2621 1315 παράθεσιν,
2651 1242 2817 1310 ἦγουν
2861 1236 3115 1307 σχετικὴν
3168 1234 3485 1305 νοουμένην,
3533 1233 3696 1295 αὐτὸς
3756 1233 3875 1293 τοῖς

2301 1340 2450 1402 ἰδίοις
2476 1334 2857 1390 ἀντανίσταται
2904 1329 3102 1397 λόγοις,
3138 1328 3173 1381 ἀ
3211 1324 3504 1380 κατέλυσεν
3546 1322 3871 1393 οἰκοδομῶν,

2301 1429 2394 1483 καὶ
2436 1426 2656 1489 ἀνιστὰς
2699 1424 2757 1476 τὸ
2790 1420 3190 1493 καθῃρημένον,
3229 1418 3399 1488 σαφὲς
3429 1417 3495 1471 ἂν
3533 1416 3745 1487 γένοιτο
3774 1415 3875 1469 καὶ

2299 1520 2387 1574 διὰ
2423 1518 2574 1573 τοῦδε
2604 1516 2668 1585 δὴ
2697 1514 2886 1569 πάλιν·
2924 1512 3025 1583 ἔφη
3051 1510 3160 1581 γὰρ
3185 1510 3376 1572 οὓτως·

2373 1693 2492 1764 ἶΔιά
2525 1690 2680 1745 τοῦτο
2731 1688 2993 1759 βούλομαι
3028 1689 3172 1755 ὑμᾶς
3211 1686 3347 1756 μετά
3396 1684 3695 1753 ἀσφαλείας
3738 1698 3878 1751 κρα-

2302 1789 2448 1839 τεϊνι
2474 1785 2732 1853 διαίρεσις
2763 1782 2861 1833 ούκ
2892 1780 3007 1832 ἔστι
3038 1781 3137 1849 τῆς
3170 1776 3459 1845 συναφείας
3505 1774 3599 1827 τοῦ
3631 1772 3881 1841 ἀξιώμαο

2303 1895 2412 1941 τος,
2444 1877 2542 1947 τῆς
2573 1876 2813 1944 υίότητος
2831 1889 2849 1903 α
2879 1869 3050 1924 αὑτοῦ
3078 1869 3171 1922 τοῦ
3198 1864 3337 1921 εἶναι
3367 1866 3601 1937 Χριστὸς
3628 1866 3729 1916 ούκ
3756 1862 3882 1914 ἔστι

2302 1969 2564 2038 διαίρεσις
2588 1983 2601 1996 ·
2652 1966 2751 2034 τῆς
2794 1964 2851 2017 δὲ
2898 1962 3146 2031 θεότητος
3178 1960 3269 2014 καὶ
3304 1956 3717 2029 ἀνθρωπότητός
3758 1956 3883 2006 ἐστι

2302 2063 2596 2131 διαίρεσις·
2623 2060 2652 2112 6
2676 2058 2927 2128 Χριστὸς,
2954 2054 3093 2107 κατὰ
3136 2053 3197 2104 τὸ
3242 2052 3497 2121 Χριστὸς,
3529 2048 3834 2118 ἀδιαίρετος
3866 2060 3878 2074 '

2302 2156 2363 2209 ού
2407 2153 2515 2224 γὰρ
2544 2154 2737 2222 ἑχομεν
2771 2150 2864 2202 δύο
2891 2147 3166 2219 χριστοῦς,
3197 2145 3317 2198 οὐδὲ
3350 2142 3443 2196 δύο
3468 2139 3643 2202 υίούς-
3674 2138 3734 2191 ού
3764 2136 3887 2206 γάρ

2303 2249 2420 2301 ἑστι
2453 2244 2582 2313 παρ’
2607 2244 2736 2313 ἡμῖν
2763 2240 2976 2311 πρῶτος
3004 2239 3097 2291 καὶ
3126 2236 3393 2306 δεύτερος,
3433 2231 3553 2285 ούδὲ
3581 2230 3737 2292 ἄλλος
3780 2228 3884 2280 καὶ

2303 2337 2461 2397 ἄλλος
2480 2350 2493 2365 °
2519 2332 2639 2387 οὐδὲ
2669 2331 2831 2384 πάλιν
2856 2328 3012 2391 ἄλλος
3036 2327 3182 2391 Υίδς,
3222 2326 3313 2380 καὶ
3345 2324 3499 2384 ἄλλος
3529 2320 3689 2374 πάλιν
3709 2334 3721 2347 ·
3749 2316 3854 2371 ἀλλ
3870 2317 3889 2336 ⁸

2306 2426 2467 2489 αὐτὸς
2503 2427 2531 2477 6
2566 2418 2647 2487 εἷς
2688 2425 2801 2477 ἑστι
2820 2418 3037 2482 διπλοῦς
3059 2435 3070 2447 ·
3093 2419 3154 2471 οὐ
3171 2420 3233 2488 τῇ
3259 2415 3403 2485 ἀξία,
3431 2414 3644 2481 ἀλλάτῇ
3668 2405 3891 2479 eodem}

2904 2558 3148 2611 ΚΕΦΑΛ.
3194 2558 3281 2621 ς’.

2376 2696 2554 2767 Φράζε
2577 2694 2639 2763 δή
2675 2710 2763 2763 μοι
2790 2690 2974 2749 πάλιν,
2998 2688 3049 2742 τί
3076 2688 3139 2753 δὴ
3167 2688 3273 2757 ἄρα
3304 2686 3401 2756 τὴν
3428 2685 3727 2753 ἀδιαίρετον
3752 2696 3891 2733 συν-

2307 2794 2500 2861 άφειαν
2530 2782 2669 2841 εῖναι
2706 2786 2811 2854 φής
2836 2800 2849 2848 ;
2870 2780 3017 2852 Ἀρα
3043 2781 3140 2849 τὴν
3164 2779 3377 2839 ἕνωσιν,
3409 2776 3565 2847 δῆλον
3586 2775 3641 2827 δὲ
3668 2774 3746 2825 ὅτι
3778 2772 3891 2835 τὴν

2310 2883 2432 2937 καθ’
2464 2880 2789 2942 ὑπόστασιν,
2838 2875 2905 2944 ἣν
2953 2874 3113 2943 ἡμεῖς
3165 2868 3573 2941 πρεσϐεύομεν,
3621 2866 3730 2926 τοῖς
3778 2863 3893 2931 τῆς

2310 2975 2567 3046 ἀληθείας
2592 2966 2977 3028 συναθλοῦντες
3000 2964 3260 3034 δόγμασιν
3281 2978 3294 2991 ·
3319 2961 3352 3030 ἢ
3376 2957 3604 3027 ταυτηνὶ
3623 2955 3720 3025 τὴν
3741 2953 3894 3006 κατά

2312 3044 2631 3139 παράθεσιν,
2661 3065 2755 3115 καὶ
2785 3059 2882 3131 τὴν
2913 3057 3047 3129 πρὸς
3071 3055 3193 3107 τόδε
3218 3070 3271 3106 τι
3297 3050 3391 3105 τοῦ
3417 3051 3586 3111 δεῖνος
3609 3044 3895 3114 ἐγγύτητα

640 3168 864 3223 nitatem
933 3163 1301 3235 intelligitur?
1335 3160 1469 3215 Nam
1524 3161 1603 3215 sic
1648 3158 1811 3211 etiam
1875 3154 1983 3229 45
2040 3168 2207 3209 sacrre

2314 3137 2640 3231 νοουμένην;
2674 3153 2896 3223 Δέχεται
2924 3149 3034 3219 γὰρ
3065 3146 3210 3201 οὕτω
3234 3143 3333 3214 τὴν
3369 3142 3513 3207 λέξιν
3547 3141 3579 3209 ἠ
3624 3137 3894 3190 θεόπνευε-

638 3262 857 3316 Littera:
917 3260 1056 3314 hanc
1117 3257 1409 3311 dictionem
1466 3225 2000 3320 accipiuntzitaque
2066 3244 2203 3298 dixit

2312 3225 2651 3320 ﬂag-Ppucpq
2669 3264 2681 3276 ”
2713 3244 2811 3297 καὶ
2838 3241 2970 3310 γοῦν
2999 3239 3099 3308 ἔφη
3140 3237 3273 3307 πρὸς
3307 3233 3509 3287 Μωσέα
3535 3230 3627 3282 τὸν
3654 3230 3695 3281 ἱε
3707 3225 3880 3297 ρώτα-

641 3357 784 3410 Deus
810 3352 877 3407 ad
911 3352 1125 3406 beatum
1161 3347 1366 3410 Mosen,
1424 3344 1489 3399 de
1515 3318 1681 3396 veteri
1721 3340 1809 3393 illo
1858 3334 2206 3391 tabernaculo

2311 3363 2417 3404 τον,
2454 3318 2582 3405 περὶ
2610 3339 2709 3407 τῆς
2738 3333 2971 3406 ἀρχαίας
3004 3329 3217 3398 ἑκείνης
3241 3324 3445 3393 σκηνῆς
3468 3319 3733 3381 συντιθεὶς
3755 3318 3899 3381 τοὺς

645 3448 868 3514 loquens
899 3461 912 3498 :
950 3460 969 3493 ι
1001 3440 1067 3494 Ει
1101 3438 1266 3492 facies
1294 3434 1481 3489 ﬁbulas
1504 3429 1892 3502 quinquaginta
1922 3440 2134 3489 aureas,
2154 3433 2207 3477 et

2311 3437 2495 3501 λόγους
2514 3449 2527 3463 ν
2570 3450 2587 3482 ι
2618 3428 2729 3483 Καὶ
2755 3424 3000 3493 ποιήσεις
3024 3421 3244 3489 κρίκους
3267 3416 3604 3484 πεντήκοντα
3628 3406 3899 3480 χρυσοῦς,

645 3535 937 3605 coniuugcs
982 3533 1218 3586 cortinas
1263 3527 1486 3581 alteram
1545 3522 1698 3576 alteri
1728 3521 1798 3571 “.
1840 3538 1861 3571 ι
1888 3519 2019 3573 Cum
2065 3516 2207 3570 enim

642 3627 876 3698 quinque
905 3630 1106 3683 essent,
1140 3629 1196 3673 et
1220 3628 1554 3685 unaquzeque
1578 3611 1801 3667 seorsim
1823 3608 2033 3662 diversa
2065 3613 2211 3659 esset

643 3696 709 3773 ab
742 3717 884 3781 aliis,
908 3710 1328 3782 coniungebatur
1358 3705 1554 3760 ﬁbulis.
1574 3704 1643 3757 At
1664 3717 1790 3756 vero
1815 3715 1914 3753 nos
1945 3696 2083 3753 haud
2109 3696 2211 3749 isto

645 3808 803 3863 modo
830 3805 1023 3861 factam
1047 3803 1098 3857 in
1118 3799 1333 3857 Christo
1360 3796 1613 3851 unionem
1639 3793 1871 3848 dicimus
1899 3809 1911 3844 ε
1938 3805 2044 3844 ιιοιι
2067 3788 2210 3841 οηῑιιι

642 3909 703 3955 ιιι
750 3895 1043 3967 quispiam,
1095 3889 1243 3945 verbi
1288 3888 1483 3958 gratia,
1543 3882 1891 3952 coniungitur
1941 3876 2095 3932 alteri
2131 3876 2214 3929 vel

644 4004 742 4058 per
778 3983 1148 4041 unanimitatis
1188 3980 1427 4043 modum,
1454 3978 1535 4031 vel
1555 3988 1650 4043 per
1678 3970 1919 4041 corporis
1936 3968 2212 4030 viciniam,

647 4056 727 4135 sic
761 4076 848 4131 ille
887 4087 1101 4144 quoque
1128 4070 1449 4139 coniunctus
1482 4075 1596 4129 est;
1628 4063 1744 4126 sed,
1782 4068 1839 4114 ut
1876 4058 2073 4128 saepius
2104 4056 2213 4126 iam

648 4168 780 4235 ttixi,
831 4179 986 4223 suum
1022 4160 1201 4216 eﬂ'ccit
1248 4172 1442 4226 corpus
1479 4169 1544 4210 ex
1581 4161 1763 4207 sancta
1805 4149 2029 4219 Virgine
2070 4163 2217 4202 sum-

649 4273 820 4332 ptum,
847 4270 899 4314 et
934 4255 1060 4310 illud
1120 4266 1187 4307 ex
1242 4250 1350 4305 Deo
1386 4247 1617 4302 Verbum
1673 4243 1824 4297 carni
1881 4256 1985 4295 non
2044 4238 2218 4293 inani-

648 4362 808 4408 mutae
841 4364 965 4405 vere
1007 4345 1216 4403 unitum
1244 4342 1491 4398 dicimus.
1521 4337 1688 4409 igitur
1718 4337 1762 4390 si
1791 4332 2212 4404 coniunctionis,

653 4455 710 4499 ut
752 4443 868 4513 ipse
909 4447 1089 4501 vocat,
1124 4437 1206 4490 vis
1256 4448 1377 4488 eam
1424 4432 1688 4485 unitatem
1738 4425 2012 4497 signiﬁcat
2057 4438 2217 4493 quam

2312 3527 2403 3581 καὶ
2435 3522 2688 3591 συνάψεις
2716 3518 2813 3581 τὰς
2841 3513 3067 3575 αὐλαίας
3112 3510 3304 3579 ἑτέραν
3342 3510 3407 3576 τῇ
3438 3505 3599 3575 ἑτέρᾳ
3625 3504 3732 3563 τοίς
3761 3501 3898 3568 κρί-

2314 3634 2444 3679 κοις.
2478 3633 2497 3666 ι
2532 3588 2701 3666 Πέντε
2727 3607 2835 3677 γὰρ
2862 3599 3039 3662 οὖσαι,
3080 3600 3175 3653 καὶ
3208 3596 3389 3659 ῑδικῶς
3419 3594 3621 3661 ἑκάστη
3662 3588 3791 3659 πρὸς
3830 3588 3903 3640 τὸ

2315 3707 2475 3777 ἑτέρα
2495 3704 2576 3766 τίς
2599 3698 2737 3754 εἶναι
2769 3694 2920 3766 παρὰ
2944 3693 3041 3756 τὰς
3066 3691 3231 3752 ἄλλας
3254 3687 3467 3757 ἔχουσα,
3508 3680 3740 3749 τυνῆπτο
3773 3680 3902 3739 τοῖς

2316 3770 2751 3870 κρίκοις.Ἢμεῖς
2797 3789 2852 3843 δὲ
2900 3786 2998 3855 ούχ
3030 3782 3171 3837 οῦτω
3213 3780 3391 3848 φαμὲν
3436 3772 3745 3843 πεπρᾶχθαι
3792 3770 3903 3823 ἑπὶ

2317 3863 2551 3958 Χριστοῦ
2585 3886 2682 3956 τὴν
2711 3883 2905 3936 ἕνωσιν
2926 3896 2937 3910 ·
2972 3876 3093 3930 οὐδὲ
3132 3874 3239 3943 γὰρ
3274 3871 3460 3938 ὥσπερ
3492 3871 3519 3921 6
3551 3867 3697 3919 δεῖνα
3727 3863 3902 3931 τυχὸν

2317 3955 2393 4047 τῷ
2439 3979 2569 4030 δεῖνι
2620 3955 2942 4027 συνάπτοιτο
2983 3966 3129 4035 ἂν,ἢ
3165 3962 3305 4017 κατά
3338 3961 3427 4011 τὸν
3457 3961 3555 4029 τῆς
3586 3955 3902 4027 όμοψυχίας

2277 4079 2283 4085 ’
2318 4045 2535 4141 τρόπον,
2569 4067 2734 4135 ἤγουν
2779 4060 2919 4115 κατά
2962 4057 3020 4110 τὸ
3067 4054 3233 4123 ἑγγὺς
3272 4053 3329 4104 ἑν
3360 4050 3591 4118 σώματι,
3627 4045 3765 4099 οὕτω
3791 4046 3904 4096 καὶ

2319 4137 2509 4224 αύτός·
2563 4155 2699 4211 ἀλλὰ
2748 4150 2979 4223 γὰρ,ὼς
3029 4149 3127 4217 ἤδη
3178 4142 3491 4203 πλειστάκις
3543 4140 3709 4208 ἔφην,
3760 4137 3904 4189 ἴδιον

2320 4252 2611 4322 ἐποιήσατο
2647 4247 2805 4315 σῶμα
2835 4244 2896 4295 τὸ
2925 4239 3126 4309 ληφθὲν
3156 4238 3219 4289 ἑκ
3247 4235 3348 4304 τῆς
3391 4233 3547 4301 ἁγίας
3573 4229 3856 4301 Παρθένου
3886 4245 3901 4258 ·

2322 4346 2413 4399 καὶ⁸
2448 4321 2661 4410 ἀληθῶς
2693 4333 2930 4408 ἡνῶσθαι
2966 4346 3163 4400 φαμεν,
3191 4329 3291 4380 οὐκ
3315 4324 3506 4394 ἀψύχῳ
3530 4323 3690 4392 σαρκὶ
3716 4321 3801 4373 τὸν
3834 4321 3907 4373 ἑκ

2324 4434 2456 4488 Θεοῦ
2486 4432 2670 4499 Λόγον.
2710 4423 2915 4480 Ούκοῦν
2942 4421 3041 4491 τῆς
3080 4420 3208 4487 παρ’
3236 4413 3399 4470 αὑτοῦ
3434 4412 3731 4482 λεγομένης
3764 4426 3905 4461 συν-

655 4502 1173 4604 ipsi-intelligimus,
1204 4526 1373 4589 illam,
1430 4524 1670 4591 inquam,
1722 4518 2017 4573 secundum
2052 4518 2207 4585 hypo-

2326 4524 2570 4595 αφείαςὴ
2593 4520 2838 4586 δύναμις,
2856 4516 2903 4567 εἰ
2929 4515 3026 4582 τὴν
3049 4510 3169 4563 καθ’
3188 4508 3333 4578 ἡμᾶς
3356 4505 3647 4575 νοουμένην
3668 4502 3907 4571 ἑνότητα

652 4627 863 4689 stasim,
907 4630 1049 4677 recte
1081 4633 1213 4676 sane
1240 4618 1396 4679 dixit,
1443 4613 1640 4668 nullam
1696 4626 1819 4666 esse
1856 4609 2080 4671 Christi,
2116 4621 2207 4673 qu:

2325 4592 2492 4689 δηλοῖ,
2528 4611 2669 4682 φημὶ
2700 4609 2762 4678 δὴ
2794 4607 2891 4677 τὴν
2920 4603 3039 4657 καθ’
3064 4601 3379 4658 ὑπόστασιν,
3414 4596 3516 4667 ἔφη
3552 4595 3616 4650 ἂν
3648 4592 3901 4657 εἰκότως,

653 4718 905 4775 Christus
952 4722 1057 4778 est,
1108 4710 1429 4765 divisionem
1465 4724 1479 4759 :
1517 4717 1692 4771 neque
1737 4702 1882 4755 enim
1930 4710 2015 4755 est
2062 4698 2219 4763 alter,
2331 4679 2465 4782 μῆδὲ
2491 4679 2618 4777 “id,
2638 4696 3033 4769 εῖναιχριστοῡ
3064 4694 3160 4763 τὴν
3193 4691 3477 4761 διαίρεσιν.
3506 4687 3644 4741 κατὰ
3669 4680 3728 4738 τὸ
3754 4679 3904 4739 εἶναι

654 4824 830 4885 neque
874 4805 1015 4860 ﬁlius
1048 4813 1101 4856 et
1139 4800 1303 4863 ﬁlius,
1363 4797 1500 4850 alius
1550 4805 1711 4864 atque
1764 4793 1922 4855 alius,
1973 4790 2123 4859 prior
2170 4805 2207 4844 e‘

2326 4778 2559 4874 Χριστόν
2579 4817 2591 4830 ·
2624 4798 2686 4851 οὐ
2719 4795 2827 4863 γάρ
2858 4794 3005 4845 ἑστιν
3035 4789 3218 4859 ἔτερος
3263 4784 3355 4838 καὶ
3384 4784 3596 4852 ἑτεροςο
3632 4778 3752 4832 οὔτε
3791 4778 3906 4849 μὴν

655 4898 941 4959 secundus,
973 4894 1064 4951 sed
1091 4906 1228 4945 unus
1255 4888 1529 4947 nimirum,
1554 4896 1606 4941 et
1628 4895 1751 4940 ante
1780 4899 1997 4940 carnem
2026 4893 2078 4935 et
2105 4896 2201 4951 pos

2329 4872 2439 4961 υίδς
2468 4895 2561 4950 καὶ
2584 4892 2715 4954 υίὸς,
2751 4887 2905 4949 ἄλλος
2928 4885 3020 4938 καὶ
3052 4881 3227 4943 ἀλλος,
3264 4876 3477 4948 πρῶτος
3507 4874 3599 4928 καὶ
3626 4872 3904 4941 δεύτερος,

655 5004 873 5048 carnem
907 5007 920 5042 :
957 4987 1036 5041 sic
1087 4997 1321 5051 namque
1353 4981 1476 5045 erit,
1514 4987 1571 5032 ut
1626 4987 1677 5032 tu
1730 4977 1888 5042 dicis,
1926 4974 2207 5029 secundum

2332 4990 2443 5043 ἀλλ’
2482 4980 2561 5048 εἷς
2589 4980 2828 5051 δηλονότι
2858 4976 2950 5028 καὶ
2978 4972 3085 5043 πρὸ
3116 4967 3316 5039 σαρκὸς
3348 4966 3441 5020 καλ⁴
3493 4962 3630 5034 μετά
3677 4963 3859 5031 σάρκα
3887 4978 3901 4989 ·

654 5083 971 5154 dignitatem
999 5087 1159 5147 atque
1187 5076 1347 5128 etiam
1377 5070 1672 5127 secundum
1700 5068 1993 5139 potentiam
2027 5064 2218 5119 indivi-

657 5178 817 5237 duus,
866 5173 977 5225 imo
1002 5184 1129 5224 vero
1173 5168 1335 5221 idem.
1364 5163 1418 5217 Id
1453 5164 1495 5217 si
1525 5162 1596 5216 ita
1622 5169 1726 5223 est,
1778 5157 2047 5227 quomodo
2075 5158 2220 5210 illum

659 5283 820 5322 unum
846 5276 901 5321 et
934 5262 1261 5318 individuum
1290 5255 1554 5326 duplicem
1585 5268 1705 5308 esse
1728 5253 1828 5315 ais,
1851 5260 1903 5306 et
1927 5265 2033 5305 non
2050 5250 2231 5317 digni-

659 5371 789 5424 tate,
843 5356 936 5411 sed
983 5361 1173 5407 natura
1192 5349 1343 5405 ⁸ἒΝοιι
1393 5348 1536 5403 enim
1571 5346 1698 5415 quia
1745 5344 1835 5397 Dei
1882 5342 2059 5397 Patris
2092 5340 2227 5394 Ver-

659 5454 783 5506 bum
843 5453 1118 5515 assumpta
1181 5458 1345 5498 carne
1375 5442 1574 5513 prodiit
1626 5442 1785 5494 homo
1814 5438 2009 5494 similis
2050 5437 2224 5499 nobis,

651 5544 781 5621 ideo
804 5539 998 5605 duplex
1027 5544 1110 5590 est
1133 5533 1483 5604 appellandus
1516 5551 1527 5586 :
1567 5546 1705 5586 unus
1752 5540 1833 5585 est
1870 5530 2011 5584 enim
2040 5537 2095 5582 et
2125 5542 2227 5579 nou

656 5637 775 5692 sine
800 5645 987 5697 carue,
1031 5630 1123 5700 qui
1157 5626 1448 5683 secundum
1478 5625 1752 5697 propriam
1793 5631 2040 5678 naturam
2076 5630 2228 5676 extra

729 5816 772 5849 “
804 5814 969 5869 Exod.
1008 5827 1151 5874 nvi,
1184 5812 1233 5872 l.
1269 5811 1322 5864 2.

2332 5082 2483 5135 ἔσται
2517 5076 2622 5144 γὰρ
2670 5072 2809 5126 οὕτω
2841 5067 2980 5122 κατά
3005 5082 3067 5133 γε
3097 5063 3193 5131 τὴν
3220 5059 3395 5124 ἀξίαν,
3427 5058 3500 5119 ὡς
3547 5055 3610 5107 σὺ
3655 5053 3778 5121 φὴς.
3807 5054 3908 5105 καὶ

2338 5138 2539 5239 μέντοι-
2562 5138 2655 5217 καὶ
2703 5160 2800 5229 τὴν
2840 5152 3155 5208 δυναστείαν
3200 5147 3519 5216 ἀδιαίρετος,
3565 5142 3760 5214 μᾶλλον
3791 5138 3853 5193 δὲ
3880 5141 3908 5192 6

2331 5226 2513 5320 αὑτός.
2541 5252 2669 5308 Εἶτα
2694 5226 2806 5313 πῶς
2829 5248 2916 5300 τὸν
2948 5246 3043 5299 ἑνα
3073 5242 3166 5295 καὶ
3202 5237 3502 5306 ἀδιαίρετον
3528 5232 3744 5288 διπλοῦν
3765 5226 3909 5284 εἶναι

2336 5351 2459 5421 φὴς,
2496 5350 2587 5402 καὶ
2628 5344 2747 5414 οὐχὶ
2780 5345 2844 5410 τῇ
2876 5338 3001 5407 ἀξίᾳ
3049 5334 3267 5401 μᾶλλον,
3311 5329 3445 5383 ἀλλὰ
3492 5331 3557 5398 τῇ
3605 5326 3795 5395 φύσεις
3829 5326 3907 5377 Οὐ

2336 5418 2443 5515 γάρ
2477 5440 2679 5494 ἑπείτοι
2717 5436 2892 5504 σάρκα
2923 5428 3101 5482 λαόὼν
3130 5428 3157 5478 ό
3190 5429 3252 5479 ὲκ
3299 5421 3430 5475 Θεοῦ
3470 5420 3681 5490 Πατρδς
3707 5418 3907 5484 Λόγος,

2336 5510 2603 5604 προῆλθεν
2643 5527 2922 5595 ἄνθρωπος
2974 5519 3091 5574 καθ’
3128 5518 3305 5588 ἡμᾶς,
3353 5512 3555 5582 ταύτης
3600 5511 3760 5563 ἕνεκα
3806 5510 3911 5577 τῆς

2335 5603 2536 5690 αίτίας,
2572 5619 2887 5691 ὀνομάζοιτο
2915 5614 2978 5668 ἂν
3008 5613 3098 5666 καὶ
3128 5609 3344 5672 διπλοῦς
3370 5626 3381 5638 ·
3414 5603 3491 5670 εἷς
3527 5606 3631 5675 γάρ
3660 5606 3774 5657 ἑστι
3813 5604 3911 5655 καὶ
