4072 6346
172 400 231 455 85
1280 401 1648 459 ADVERSUS
1676 400 1735 458 Nl

1841 401 2078 461 FORIUM
2122 402 2248 459 LIB.
2284 402 2347 459 ll.
3344 402 3411 458 86

173 522 223 573 οὑ
254 520 369 591 δίχα
400 522 603 592 σαρκὸς
646 523 676 577 δ
721 523 862 577 κατὰ
912 524 1077 594 φύσιν
1111 524 1247 579 ίδίαν
1273 524 1377 590 ἔξω
1406 526 1608 597 σαρκὸς
1642 526 1735 579 καὶ

1841 543 2057 585 carnem
2086 539 2137 584 et
2169 527 2510 599 sanguinem.
2547 524 2621 582 Ut
2660 525 2802 582 enim
2861 526 2951 596 qui
2984 522 3153 580 nostri
3181 522 3409 579 similem

174 612 621 685 αἵματος.ὀσπερ
646 615 755 687 7&9
786 617 837 669 ετ
849 633 933 679 τις
970 616 1077 670 τῶν
1110 617 1231 670 καθ’
1266 620 1409 689 ἡμᾶς
1450 619 1733 688 ἄνθρωπον

168 705 488 768 ἀποκτενῶν,
518 707 616 776 οὐχ
639 706 714 769 ὥς
742 707 835 760 δύο
864 724 964 761 που
994 708 1195 778 μᾶλλον
1224 708 1499 781 ἠδικηκὼς
1527 709 1734 781 ἀνθρώ-

170 814 309 862 πους,
343 801 687 869 κατηγοροῖτ⁹
721 799 788 854 ἂν
822 801 1066 864 εἰκότως,
1109 801 1222 855 ἀλλ’
1251 802 1345 855 ἕνα
1399 803 1490 855 καὶ
1547 802 1731 871 μόνον,

166 890 263 943 κᾶν
303 892 535 944 ὲννοοίτο
562 893 724 963 τυχὸν
777 897 839 947 ὲκ
864 894 1039 963 ψυχῆς
1070 895 1163 947 καὶ
1199 894 1471 965 σώματος,
1506 898 1596 949 καὶ
1625 896 1733 949 τῶν

169 982 404 1052 ἀλλήλοις
452 983 875 1054 συμϐεϐηκότων
905 986 937 1055 ἡ
969 985 1129 1054 φύσις
1158 984 1225 1040 ἂν
1262 986 1346 1056 εῐη
1376 988 1473 1057 οὺχ
1517 988 1550 1056 ἡ
1596 986 1733 1057 αὐτὴ

172 1075 377 1144 μᾶλλον,
416 1074 553 1129 ἀλλὰ
600 1076 853 1147 διάφορος
880 1092 894 1105 ⁸
948 1076 1092 1130 οὓτω
1144 1076 1305 1131 πάλιν
1352 1078 1446 1131 ἐπὶ
1493 1078 1732 1149 Χριστοῦ

169 1167 399 1235 νοητέον·
433 1167 494 1220 06
529 1168 637 1237 7&9
679 1184 760 1220 τοι
810 1168 1029 1230 διπλοῦς
1060 1169 1235 1221 ἐστιν’
1264 1168 1380 1222 ἀλλ’
1406 1163 1485 1233 εἷς
1532 1187 1590 1223 τε
1639 1170 1734 1223 καὶ

170 1257 315 1324 μόνος
345 1256 542 1326 Κύριος
584 1259 676 1311 καὶ
704 1258 847 1322 Υἱὸς,
877 1261 904 1311 6
946 1261 1007 1311 ὲκ
1036 1259 1169 1312 Θεοῦ
1198 1259 1409 1330 Πατρὸς
1444 1262 1635 1328 Λόγος,
1670 1262 1732 1314 οὐ

165 1348 275 1417 δίχα
323 1348 554 1418 σαρκός·
604 1349 1021 1419 άνθρωπότητος
1056 1351 1154 1417 μὲν
1207 1351 1315 1422 γὰρ
1350 1353 1443 1404 καὶ
1482 1352 1733 1423 θεότητος

166 1439 305 1508 δοίην
338 1439 405 1492 ἂν
432 1440 524 1492 καὶ
573 1441 735 1503 αὐτὸς
773 1438 887 1507 ἐγὼ
912 1441 1175 1511 πλείστην
1220 1437 1358 1494 εἶναι
1406 1442 1504 1513 τὴν
1548 1442 1733 1511 διαφο-

171 1531 279 1599 ρὰν,
307 1531 422 1601 ήτοι
451 1531 762 1585 διάστασινσ
787 1533 951 1601 ἕτερα
983 1532 1090 1602 7&9
1128 1533 1270 1586 κατά
1292 1551 1354 1599 γε
1379 1534 1470 1586 τὸν
1496 1535 1589 1587 τοῦ
1618 1535 1733 1599 πῶς

166 1618 293 1674 εἶναι
340 1620 515 1689 λόγον,
548 1622 642 1675 καὶ
675 1623 826 1675 οὐδὲν
865 1624 1119 1695 ἀλλήλοις
1149 1626 1365 1677 ἐοικότα
1391 1627 1637 1691 φαίνεται
1664 1626 1734 1681 τὰ

165 1711 538 1781 ὠνομασμένα.
570 1713 1049 1783 Παρενηνεγμένου
1076 1731 1139 1783 γε
1171 1716 1278 1785 μὴν
1300 1718 1381 1779 είς
1408 1718 1571 1786 μέσον
1603 1720 1734 1787 ἡμῖν

170 1801 456 1871 μυστηρίου
491 1800 586 1854 τοῦ
626 1802 766 1856 κατὰ
797 1804 1050 1873 Χριστὸν,
1081 1808 1108 1857 6
1138 1809 1235 1875 τῆς
1289 1806 1535 1869 ἑνὼσεως
1576 1808 1734 1874 λόγος

1844 622 2119 677 hominem
2152 622 2467 685 occidisset,
2488 634 2595 674 non
2629 618 2817 689 utique
2850 628 3105 688 tanquam
3132 616 3268 671 duos
3292 616 3411 670 vio-

1841 715 2004 770 lasset
2038 715 2284 769 homines
2312 713 2436 781 jure
2480 719 2848 775 accusaretur,
2876 710 2971 765 sed
3001 723 3168 763 unum
3214 706 3408 769 solum,

1840 807 2087 875 quamvis
2112 804 2345 859 fortasse
2371 819 2432 858 ex
2467 804 2644 857 anima
2677 813 2734 858 et
2756 816 2987 870 corpore
3016 798 3412 861 consideretur,

1840 905 1897 951 et
1942 896 2007 951 iis
2037 910 2156 965 quas
2186 895 2427 949 alterutri
2462 893 2733 957 accidunt,
2760 900 2954 944 natura
2976 891 3046 945 sit
3075 904 3179 943 non
3200 888 3411 951 eadem,

1841 990 1934 1046 sed
1966 990 2178 1044 diversa
2211 1005 2223 1051 ;
2260 989 2331 1041 ita
2366 986 2603 1041 vicissim
2636 986 2687 1039 in
2715 983 2938 1040 Christo
2968 990 3053 1037 est
3104 979 3415 1048 intelligen-

1843 1082 1967 1137 dum
2000 1098 2012 1133 :
2050 1095 2154 1133 non
2193 1080 2335 1133 enim
2364 1087 2446 1131 est
2486 1077 2702 1147 duplex,
2732 1077 2826 1131 sed
2860 1089 2999 1129 unus
3023 1082 3077 1129 et
3108 1071 3255 1127 solus
3302 1069 3411 1124 Do-

1842 1174 2020 1229 minus
2043 1187 2106 1226 ae
2144 1171 2311 1225 Filius
2364 1170 2490 1224 illud
2538 1184 2602 1223 ex
2658 1169 2768 1222 Deo
2812 1167 2971 1221 Patre
3024 1165 3413 1225 Verbum,nou

1842 1263 1958 1318 sine
1986 1276 2185 1323 carne;
2218 1276 2339 1313 nam
2373 1260 2516 1313 inter
2550 1258 2941 1313 humanitatem
2972 1264 3025 1309 et
3072 1254 3411 1309 divinitatem

1842 1355 2133 1409 maximam
2195 1368 2316 1407 esse
2371 1351 2729 1405 diﬂ‘erentiam
2785 1349 2903 1403 sive
2955 1347 3270 1402 distantiam
3314 1358 3413 1410 ego

1840 1460 2056 1516 quoque
2113 1446 2285 1498 fateor
2318 1462 2338 1496 τ
2360 1444 2571 1495 diversa
2604 1453 2728 1498 sunt
2779 1444 2924 1497 enim
2959 1454 3078 1510 quae
3108 1438 3191 1492 his
3236 1434 3413 1488 nomi-

1841 1540 1999 1593 nibus
2036 1538 2364 1601 iudicantur,
2398 1535 2540 1605 quod
2571 1536 2635 1590 ad
2668 1537 2931 1589 rationem
2988 1530 3243 1586 essentia:
3287 1542 3413 1595 per-

1843 1632 1998 1691 tinet,
2028 1635 2082 1682 et
2106 1627 2235 1679 nihil
2273 1626 2412 1679 inter
2435 1641 2491 1680 se
2521 1626 2716 1680 similia
2736 1625 3006 1680 videntur.
3037 1624 3104 1675 At
3142 1620 3229 1675 ubi
3261 1619 3414 1673 nobis

1841 1718 2112 1789 profertur
2142 1720 2192 1773 in
2221 1719 2455 1773 medium
2481 1717 2683 1772 Christi
2715 1717 3054 1788 mysterium,
3081 1714 3227 1767 illius
3263 1714 3415 1763 unio-

1843 1809 1927 1863 nis
1969 1810 2108 1863 ratio
2179 1825 2284 1863 non
2343 1811 2555 1878 ignorat
2610 1807 2827 1878 quidem
2893 1805 3271 1868 differentiam,
3324 1804 3416 1855 sed

166 1892 259 1944 οὐκ
295 1893 479 1960 ἀγνοεῖ
505 1894 603 1963 μὲν
632 1895 728 1963 τὴν
753 1894 1031 1964 διαφοράν,
1068 1896 1307 1963 ἐξίστησι
1330 1898 1386 1949 δὲ
1416 1896 1512 1965 τὴν
1535 1897 1735 1966 διαίρε-

1841 1900 2159 1954 divisionem
2234 1876 2643 1965 excludit;non
2733 1900 2875 1969 quod
2957 1897 3253 1953 confundat
3327 1903 3419 1947 aut

169 1997 282 2036 σιν³
318 1986 378 2037 οὐ
410 1986 652 2053 συγχέων
687 1983 805 2055 [τὰς
840 1984 1051 2055 φύσεις]
1086 1986 1118 2056 ἦ
1165 1987 1475 2058 άνακιρνῶν
1501 1988 1598 2049 τὰς
1638 1988 1739 2057 φῦ⁸

169 2092 277 2137 σεις
297 2092 309 2105 ·
342 2074 458 2127 ἀλλ’
487 2076 569 2128 ὅτι
610 2074 811 2145 σαρκὸς
833 2077 926 2128 καὶ
953 2075 1183 2145 αἵματος
1216 2077 1568 2147 μετεσχηκὼς
1593 2079 1621 2130 ό
1643 2078 1739 2132 τοῦ

165 2165 294 2220 Θεοῦ
321 2166 511 2234 Λόγος,
531 2159 610 2229 εἷς
634 2166 697 2236 δὴ
730 2165 891 2219 πάλιν
918 2167 1013 2219 καὶ
1047 2166 1223 2229 οὕτως
1248 2169 1276 2219 6
1303 2168 1428 2229 Υῐδς
1446 2167 1554 2239 [τον.
1584 2164 1741 2233 οὗτος

168 2255 316 2328 Υίδς]
354 2260 553 2310 νοεῖται
599 2257 693 2309 καὶ
736 2257 1081 2327 ὀνομάζεται.
1116 2258 1249 2311 Οὐδὲ
1282 2257 1409 2330 [Ion
1440 2261 1503 2313 σὺ
1529 2260 1584 2313 δὲ
1619 2261 1633 2326 Ι
1664 2263 1737 2332 μὴ

163 2346 358 2416 χρῆναι
392 2345 565 2413 λέγων
606 2345 861 2415 χριστοὺς
888 2344 1246 2417 ὀνομάζεσθαι
1292 2347 1406 2409 δύο,
1445 2350 1583 2419 μήτε
1632 2352 1739 2419 μὴν

164 2438 312 2500 υἱοὺς
336 2436 616 2508 ὁμολογεῖν
649 2433 787 2491 εἶναι
814 2437 926 2501 δύο,
952 2439 1047 2489 καὶ
1076 2438 1173 2506 τῆς
1198 2441 1278 2501 είς
1303 2438 1461 2492 τοῦτο
1482 2439 1743 2511 δογματι-

162 2529 261 2599 κῆς
286 2528 573 2600 ὀρθότητος
598 2528 941 2601 [ἁπλότητος]
975 2529 1332 2583 ὑποκλεπτων
1362 2530 1463 2601 τὴν
1486 2530 1736 2601 δόκησιν,

160 2621 255 2675 δύο
281 2622 347 2692 δὴ
372 2621 544 2689 λέγων
576 2621 772 2690 ἁλίσκῃ
798 2622 1073 2689 χριστοὺς,
1120 2621 1215 2673 καὶ
1245 2623 1324 2687 είς
1357 2622 1529 2695 ίδικὴν
1557 2624 1741 2696 ἑτερό-

160 2732 299 2785 τητα
331 2713 537 2776 διῖστὰς
563 2711 849 2782 ἄνθρωπον
878 2712 969 2764 καὶ
1006 2713 1139 2766 Θεόν
1161 2728 1175 2743 ·
1223 2716 1317 2767 καὶ
1362 2715 1454 2768 τὸν
1508 2715 1628 2784 μὲν,
1656 2718 1741 2769 ὲν-

159 2804 489 2876 εργούμενον
508 2819 525 2833 ⁸
562 2802 653 2855 τὸν
675 2802 752 2866 δὲ,
784 2802 876 2855 καὶ
905 2803 1249 2874 ὲνηργηκότα
1279 2804 1596 2870 καταδεῖξαι
1623 2823 1742 2859 πει-

160 2896 509 2967 ρᾶσαι.Ἕχει
548 2895 604 2948 δὲ
643 2895 785 2949 οὕτω
823 2898 890 2949 τά
931 2896 1084 2966 παρὰ
1124 2896 1245 2948 σοῦ’

231 2986 467 3059 [Ἤγουν
496 2986 589 3040 τοῦ
622 2988 960 3055 Μονογενοῦς
987 2988 1195 3051 εὐδοξία
1244 2991 1373 3042 ποτὲ
1405 2992 1503 3060 μὲν
1527 2992 1605 3062 τῷ
1632 2995 1744 3047 Πα-

156 3079 249 3147 τρὶ
287 3079 617 3147 πεμῆπταιο
657 3079 847 3132 «Ἐστι
882 3078 1005 3149 7&9,
1040 3080 1228 3149 φησὶν,
1267 3082 1295 3132 6
1340 3082 1525 3155 Πατήρ
1570 3101 1671 3153 μου
1714 3088 1743 3137 6

1843 1992 2067 2045 misceat
2124 2001 2368 2055 naturas,
2434 1992 2525 2046 sed
2584 1993 2727 2059 quod
2785 1990 2965 2045 carnis
3012 1997 3068 2043 et
3138 1986 3421 2053 sanguinis

1843 2084 2112 2153 particeps
2146 2083 2344 2137 factum
2374 2084 2546 2151 ipsum
2583 2082 2675 2137 Dei
2708 2081 2970 2147 Verbum,
2999 2094 3137 2135 unus
3165 2078 3275 2150 46
3302 2092 3421 2131 rur-

1843 2192 1959 2230 sum
1975 2178 2137 2231 etiam
2163 2176 2263 2230 hoc
2296 2176 2454 2229 modo
2487 2174 2654 2230 Filius
2678 2174 2998 2242 intelligitur
3023 2182 3075 2227 et
3095 2171 3415 2241 appellatur.

1845 2269 1923 2323 To
1952 2284 2080 2323 vero
2128 2282 2249 2322 cum
2286 2266 2419 2321 duos
2466 2268 2705 2321 chrislos
2758 2265 3013 2334 appellari
3062 2280 3170 2318 non
3221 2263 3418 2315 debere

1844 2359 2012 2419 dicas,
2047 2372 2221 2424 neque
2254 2372 2444 2410 rursus
2464 2356 2601 2410 filios
2631 2356 2788 2411 fateri
2823 2357 2977 2420 duos,
3019 2362 3073 2409 et
3105 2352 3414 2422 opinionem

1843 2445 1975 2499 recti
2002 2444 2268 2513 dogmatis
2295 2445 2539 2505 simules,
2596 2447 2731 2500 duos
2760 2454 2937 2497 tamen
2966 2445 3203 2499 christos
3234 2443 3416 2495 dicere

1842 2534 2205 2597 convinceris,
2233 2542 2285 2586 et
2313 2534 2363 2587 in
2406 2533 2682 2602 propriam
2723 2532 3096 2587 diversitatem
3139 2530 3414 2584 hominem

1845 2626 2121 2695 Deumque
2164 2624 2519 2694 distinguere,
2552 2632 2605 2678 et
2646 2623 2792 2677 illum
2820 2624 3036 2693 quidem
3070 2624 3137 2676 ad
3180 2635 3415 2689 cperan-

1844 2719 1968 2773 dum
1999 2719 2151 2781 cieri,
2172 2718 2315 2772 hunc
2351 2717 2514 2771 etiam
2544 2716 2610 2770 ad
2634 2731 2770 2786 opus
2796 2717 2959 2781 ciere,
2985 2715 3201 2770 conaris
3229 2723 3414 2767 osten-

1844 2812 1990 2865 dere.
2029 2808 2142 2863 Tua
2178 2823 2412 2879 namque
2440 2808 2524 2862 illa
2560 2810 2637 2862 sic
2662 2809 2860 2862 habent

1917 2987 2191 3060 [Νεετοε.
2244 2986 2335 3040 Illa
2386 2995 2535 3041 certe
2582 2983 2854 3056 Unigeniti
2910 2983 3230 3055 glorificatio
3280 2996 3415 3034 non-

1846 3094 2116 3149 nunquam
2172 3077 2319 3133 Patri
2377 3078 2708 3133 ascribitur:
2752 3096 2769 3128 ι
2826 3076 2941 3142 Est,
3004 3077 3202 3145 inquit,
3261 3074 3419 3128 Pater

156 3170 395 3234 δοξάζων
444 3188 544 3241 με·
582 3190 600 3221 ι
651 3170 782 3223 ποτὲ
836 3170 914 3233 δὲ,
967 3171 1046 3241 τῷ
1098 3172 1407 3242 Πνεύματι·
1466 3192 1483 3223 ι
1516 3174 1589 3225 Τὸ
1632 3174 1735 3245 7&9

1848 3185 2001 3225 meus
2046 3170 2136 3237 qui
2185 3169 2453 3238 gloriﬁcat
2499 3169 2649 3222 me"
2683 3186 2697 3232 ;
2734 3187 2752 3221 ν
2809 3183 3192 3236 nonnunquam
3244 3166 3417 3236 Spiri~

158 3264 385 3332 Πνεῦμα
410 3264 510 3334 τῆς
537 3263 815 3334 ἀληθείας,
846 3260 1161 3333 φησὶν,’ὲμὲ
1193 3263 1406 3327 δοξάσει
1427 3283 1438 3295 ·
1477 3284 1493 3315 ι
1530 3266 1658 3318 ποτὲ
1683 3265 1735 3319 δὲ

1848 3264 1919 3317 tui
1960 3281 1972 3317 :
2015 3282 2031 3313 ι
2060 3260 2315 3329 Spiritus,
2337 3261 2531 3329 inquit,
2555 3261 2800 3314 veritatis
2819 3275 2903 3313 mc
2930 3259 3251 3329 glorilicabit
3288 3259 3331 3289 ³⁸
3356 3275 3369 3322 ;
3393 3277 3410 3308 ν

154 3360 220 3427 τῇ
256 3356 491 3426 Χριστοῦ
523 3355 837 3425 δυναστείᾳ·
880 3376 897 3406 ι
923 3355 1259 3421 Ἐξελθόντες
1306 3357 1433 3427 7&9,
1470 3358 1627 3426 φησὶ,
1660 3358 1740 3409 δι-

153 3451 461 3517 εχήρυσσον
510 3446 601 3498 τὸν
648 3445 805 3514 λόγον
836 3447 1133 3517 πανταχοῦ,
1164 3447 1259 3499 τοῦ
1290 3449 1495 3519 Κυρίου
1543 3464 1741 3518 συνερο

154 3540 399 3607 γοῦντος,
433 3540 526 3590 καὶ
573 3541 663 3591 τὸν
711 3540 866 3605 λόγον
903 3538 1266 3608 βεϐαιοῦντος,
1294 3540 1378 3592 διὰ
1408 3539 1515 3593 τῶν
1542 3542 1741 3597 ὲπακο-

154 3629 535 3699 λουθησάντων
570 3630 830 3699 σημείων.
847 3628 898 3701 ι]

763 3764 991 3819 ΚΕΦΔΛ
1003 3806 1014 3818 .
1062 3769 1135 3819 Z'.

227 3899 291 3953 Ei
337 3899 437 3968 μὲν
466 3897 542 3959 ὡς
578 3896 735 3970 δόξης
783 3898 972 3951 ἐπιδεᾶ
1012 3899 1104 3950 τὸν
1155 3902 1419 3971 μονογενῆ
1461 3903 1554 3955 τοῦ
1601 3904 1737 3956 Θεοῦ

149 3992 352 4060 Λόγον,
380 3990 514 4043 καθό
536 3992 651 4043 ὲστι
675 3992 767 4043 καὶ
797 3993 995 4045 νοεῖται
1017 3992 1207 4060 Λόγος,
1235 3995 1327 4046 καὶ
1358 3994 1511 4048 οὔπω
1542 4012 1737 4066 σεσαρο

150 4084 425 4153 κωμένος,
456 4082 770 4149 δεδοξάσθαι
804 4085 937 4152 φησὶ
966 4084 1119 4156 παρὰ
1153 4085 1248 4138 τοῦ
1276 4088 1488 4158 Πατρὸς
1516 4090 1608 4141 καὶ
1639 4088 1735 4141 τοῦ

148 4176 313 4243 ἁγίου
350 4173 683 4244 Πνεύματος,
716 4175 798 4227 ὅτι
823 4175 916 4226 καὶ
948 4177 1283 4247 παραπταίει
1307 4180 1399 4231 καὶ
1432 4178 1737 4251 διημάρτη-

149 4283 215 4320 κε
245 4265 295 4317 τ’
314 4265 569 4335 ἀληθοῦς,
598 4268 829 4336 παρήσω
859 4267 1037 4336 λέγειν
1060 4270 1139 4333 είς
1172 4270 1232 4322 τὸ
1259 4272 1457 4340 παρόν·
1485 4271 1606 4338 ἄγει
1628 4272 1736 4342 7&9

146 4361 305 4428 ἡμᾶς
336 4360 421 4429 ἐφ’
448 4359 632 4429 ῑτερον
665 4361 691 4412 ό
730 4361 939 4430 καιρός.
959 4361 1339 4430 Ἐπιλελῆσθαι
1377 4362 1433 4414 δέ
1461 4381 1551 4433 μοι
1590 4364 1739 4417 δοκεῖ

143 4449 265 4503 τῶν
293 4450 500 4520 ἀρτίως
537 4448 685 4519 αὐτῷ
716 4450 1143 4521 τεθεωρημένων
1184 4469 1243 4503 τε
1284 4453 1375 4504 καὶ
1405 4454 1730 4523 εἰρημένων.

1842 3352 2134 3422 aliquando
2187 3362 2370 3406 autem
2433 3352 2633 3405 Christi
2693 3352 2991 3419 potentice:
3049 3370 3066 3401 ι
3146 3350 3417 3404 Exeuntes

1841 3445 2011 3507 enim,
2058 3444 2250 3512 inquit,
2279 3440 2889 3511 praedicabantverbum
2934 3442 3153 3511 ubique,
3189 3439 3415 3494 Domino

1842 3546 2185 3605 cooperante,
2216 3545 2267 3589 et
2322 3549 2627 3590 sermonem
2665 3534 3025 3588 conlirmante
3066 3532 3417 3602 sequentibus

1842 3629 2011 3699 signis
2043 3629 2104 3682 ”.
2123 3625 2182 3698 ι]

2472 3763 2623 3817 CAP.
2671 3761 2779 3815 VII.

1924 3899 1978 3953 Si
2025 3908 2278 3967 tanquam
2313 3913 2505 3967 expers
2552 3898 2739 3968 gloria:
2779 3896 3111 3967 unigenitum
3152 3897 3243 3950 Dei
3279 3896 3412 3950 Ver-

1841 3992 1988 4054 bum,
2027 4008 2129 4060 qua
2177 4002 2263 4045 est
2306 4001 2359 4044 et
2424 3990 2737 4060 intelligitur
2781 3988 3036 4051 Verbum,
3088 3999 3141 4041 et
3179 3990 3411 4043 nondum

1841 4086 2200 4147 iucarnatum,
2226 4082 2358 4137 dicit
2383 4094 2502 4135 esse
2537 4079 2891 4150 gloriﬁcatum
2924 4093 2951 4131 a
2986 4077 3163 4139 Patre,
3199 4086 3414 4130 sancto.

1839 4190 1944 4243 que
1985 4172 2228 4243 Spiritu;
2282 4173 2385 4227 labi
2438 4172 2585 4226 illum
2620 4181 2673 4227 et
2704 4188 2731 4225 a
2770 4173 2997 4225 veritate
3030 4171 3305 4231 aberrare,
3347 4171 3411 4220 all

1839 4281 2077 4337 presens
2112 4268 2264 4319 mitto
2310 4266 2511 4327 dicere,
2573 4266 2637 4317 ad
2668 4264 2810 4318 aliud
2860 4278 3093 4332 namque
3142 4276 3239 4316 nos
3279 4276 3413 4330 pras-

1838 4372 1963 4412 sens
1989 4358 2135 4411 ducit
2157 4355 2390 4410 occasio.
2428 4354 2532 4409 Sed
2560 4355 2690 4408 mihi
2729 4352 2943 4408 videtur
2970 4353 3171 4409 oblitus
3223 4367 3413 4408 eorum

1839 4466 1958 4518 quas
2040 4462 2211 4515 nuper
2263 4446 2330 4500 ab
2378 4446 2492 4513 ipso
2542 4444 2881 4499 considerata
2940 4445 3191 4514 dictaque
3240 4455 3411 4498 sunt:

150 4541 307 4611 Ἔφη
342 4541 469 4611 7&9,
494 4542 604 4611 Οὐχ
630 4542 815 4611 ἔτερος
848 4544 941 4595 καὶ
972 4543 1158 4613 ἔτερος
1186 4545 1215 4595 6
1241 4544 1491 4614 Χριστὸς,
1523 4546 1621 4599 οὐκ
1648 4546 1733 4599 ἄλ·

1843 4543 1978 4597 dixit
2008 4542 2153 4595 enim
2194 4558 2206 4592 :
2248 4538 2359 4592 Non
2415 4548 2499 4591 est
2554 4536 2693 4591 alius
2734 4546 2785 4590 et
2834 4536 2973 4591 alius
3006 4536 3278 4603 Christus,
3307 4551 3412 4591 nou

142 4632 244 4696 λος
275 4632 371 4685 xal.
408 4631 567 4693 ἄλλος
607 4632 763 4695 Υίός·
794 4632 912 4686 οὐδὲ
940 4635 1048 4705 7&9
1095 4635 1290 4707 ἔχομεν
1330 4639 1583 4706 χριστοὺς
1616 4638 1729 4701 δύο,

143 4721 252 4775 καὶ
284 4722 436 4785 υἱοὺς
464 4720 575 4773 δύο.
595 4721 756 4786 Ἀλλ’,
788 4715 833 4774 ὦ
864 4723 1219 4789 συνετώτατε,
1259 4726 1425 4795 φαίην
1472 4727 1557 4791 ἂν,
1588 4730 1633 4780 εί
1663 4731 1728 4799 τῇ

142 4812 396 4883 Χριστοῦ
458 4812 748 4883 δυναστείᾳ
796 4814 1099 4885 περιῆφθαι
1150 4815 1452 4869 διαὸεὸαιοῖ
1492 4818 1591 4888 τὴν
1637 4817 1730 4870 τοῦ

139 4902 491 4973 Μονογενοῦς
523 4904 785 4970 εὐδοξίαν,
812 4905 928 4969 πῶς
958 4908 1054 4977 οὐχ
1076 4906 1259 4980 ἕτερος
1297 4909 1391 4960 καὶ
1416 4908 1600 4978 ἕτερος
1622 4904 1732 4963 εἷεν

140 4996 241 5064 ἂν,
282 4998 317 5068 ἢ
342 4995 458 5059 πῶς
483 4996 543 5049 οὑ
567 4996 660 5050 δύο
688 4997 866 5067 πάντη
897 5014 955 5050 τε
991 4999 1084 5051 καὶ
1105 4997 1320 5060 πάντως
1343 5038 1359 5063 ,
1393 4998 1551 5071 εἴπερ
1584 5000 1731 5053 ἐστὶν

138 5090 251 5161 οὐχ
271 5092 301 5144 6
325 5089 487 5153 αὐτὸς
510 5090 537 5141 6
564 5088 740 5153 διδοὺς
761 5090 855 5144 καὶ
880 5089 1187 5160 δεχόμενος,
1217 5092 1385 5159 ἧγουν
1410 5092 1732 5163 περιάπτων

135 5183 222 5246 ὡς
254 5182 427 5253 ἑτέρῳ
452 5184 584 5253 παρ’
603 5182 794 5236 ἑαυτὸν
832 5182 901 5236 τὰ
935 5182 1091 5252 φύσει
1125 5184 1393 5254 προσόντα
1421 5184 1588 5255 αὐτῷ.
1609 5185 1729 5238 Ἐν-

138 5276 364 5347 ήργηκε
406 5273 536 5343 γοῦν
585 5274 996 5347 ἑνεργούμενος,
1024 5275 1099 5338 ὡς
1144 5276 1329 5347 Ξτερ(ς
1354 5294 1436 5338 τις
1470 5277 1730 5346 ὑπάρχων

136 5366 389 5437 Χριστὸς
419 5365 569 5436 παρὰ
605 5365 696 5419 τὸν
742 5367 1024 5437 Μονογενῆ
1091 5366 1141 5419 εί
1170 5366 1276 5436 7&9
1308 5366 1605 5436 περιῆπται
1631 5366 1729 5436 μὲν

136 5458 323 5528 αὐτῷ,
356 5456 499 5509 καθά
542 5455 668 5527 φὴς,
712 5457 745 5526 ή
774 5456 869 5509 τοῦ
908 5455 1245 5524 Μονογενοῦς
1278 5455 1525 5521 εὐδοξία,
1572 5457 1638 5525 τῇ
1673 5456 1729 5509 δὲ

137 5551 285 5620 παρ’
318 5548 486 5603 αὐτοῦ
538 5547 824 5617 δυναστείᾳ
861 5547 1154 5619 χρώμενοι,
1187 5546 1603 5617 διεκηρύττοντο
1635 5548 1728 5599 καὶ

138 5644 473 5715 εἰργάζοντο
530 5642 629 5704 τὰς
674 5641 997 5711 θεοσημείας
1041 5642 1090 5694 οί
1136 5640 1413 5694 θεσπέσιοι
1463 5640 1723 5711 μαθηταὶ,

135 5823 181 5853 ³⁷
226 5823 388 5879 Joan.
422 5838 538 5887 \‘lll,
581 5820 665 5875 54.
741 5822 782 5852 ³⁸
807 5820 960 5876 Joan.
997 5836 1101 5881 xw,
1138 5821 1217 5873 Η.
1302 5820 1342 5850 ³³
1376 5818 1540 5873 Marc.
1576 5832 1683 5879 xw.
1715 5817 1800 5870 20.

1840 4634 1978 4688 alius
2025 4642 2078 4687 et
2131 4632 2267 4685 alius
2305 4629 2516 4683 Filius:
2567 4643 2740 4697 neque
2771 4628 2910 4683 enim
2968 4627 3228 4683 habemus
3280 4628 3415 4683 duos

1840 4725 2074 4779 christos
2117 4724 2358 4790 duosque
2390 4719 2549 4774 ﬁlios.
2579 4716 2707 4785 Sed,
2737 4733 2770 4771 0
2825 4718 2908 4771 vir
2967 4717 3410 4786 prudentissime,

1841 4815 2082 4883 inquam,
2125 4814 2167 4867 si
2193 4810 2393 4866 Christi
2449 4808 2702 4879 potentiae
2759 4809 2958 4864 ascribi
3007 4808 3242 4864 aﬂlrmas
3278 4808 3412 4864 Uni-

1842 4907 2007 4978 gcniti
2066 4906 2535 4975 glorificatimiem,
2585 4902 2856 4971 quomodo
2903 4917 3007 4956 non
3055 4901 3193 4956 alter
3246 4902 3318 4956 sit
3359 4910 3413 4955 et

1838 5000 1997 5063 alter,
2025 5008 2116 5050 aut
2153 4998 2421 5065 quomodo
2454 5011 2559 5051 non
2598 5009 2822 5066 prorsus
2848 4995 2973 5057 duo,
3003 4994 3273 5064 siquidem
3305 5010 3411 5048 non

1836 5093 1979 5147 idem
2040 5100 2125 5145 est
2157 5089 2246 5158 qui
2306 5089 2398 5141 dat
2428 5099 2480 5142 et
2510 5088 2598 5157 qui
2651 5087 2869 5155 accipit,
2925 5096 3017 5139 aut
3048 5086 3137 5155 qui
3188 5086 3415 5141 ascribit

1839 5182 1991 5237 alteri
2021 5192 2273 5250 tanquam
2302 5196 2329 5233 a
2361 5194 2419 5235 se
2474 5180 2705 5246 diverso,
2755 5196 2874 5250 quas
2900 5180 3127 5248 sibi'per
3162 5192 3408 5231 naturam

1840 5273 2357 5343 iusunt?0peratus
2416 5284 2499 5329 est
2541 5288 2669 5343 ergo
2717 5274 2983 5335 Christus,
3035 5272 3286 5339 idemque
3341 5272 3407 5323 ad

1836 5365 2169 5436 operandam
2199 5365 2407 5419 excitus
2441 5375 2696 5433 tanquam
2720 5365 2965 5417 diversus
2986 5362 3050 5417 ab
3080 5360 3367 5431 Unigenito
3393 5382 3408 5418 :

1839 5474 1960 5513 nam
1988 5459 2034 5513 si
2074 5458 2364 5512 ascribitur
2415 5457 2537 5525 ipsi,
2578 5466 2635 5509 ut
2666 5455 2891 5516 asseris,
2943 5453 3210 5523 Unigeniti
3248 5456 3411 5525 glori-

1840 5548 2041 5611 ﬁcatio,
2079 5558 2132 5602 et
2189 5549 2421 5617 potentia
2470 5547 2681 5616 abipso
2709 5548 2831 5600 data
2886 5556 3097 5599 utentes
3137 5546 3276 5600 beati
3334 5546 3405 5599 illi

1839 5638 2082 5710 discipuli
2106 5640 2491 5709 pradicabaut,
2527 5649 2579 5694 et
2605 5639 2781 5694 divina
2814 5638 2898 5693 illa
2936 5638 3087 5708 signa
3114 5637 3403 5697 faciebant.
