4072 6346
658 406 726 458 31
1645 399 1700 452 S.
1743 397 2017 454 CYRlLLl
2054 398 2519 457 ALEXANDRINI
2562 404 2876 462 ARCIIIEP.
3163 355 3166 360 I
3828 415 3896 469 88

660 523 926 595 qnmnodo
977 519 1118 590 quod
1178 518 1289 574 dixi
1346 518 1529 588 negari
1575 517 1797 587 potest?
1828 515 2092 584 Operatus
2122 516 2228 571 erit
2256 555 2268 577 Α

2288 539 2302 577 t
2332 521 2446 584 πῶς
2471 523 2569 575 οὐκ
2602 524 2795 594 ἀληθὲς
2829 526 2965 595 ὅπερ
2992 525 3157 596 ἔφην;
3194 527 3493 598 Ἐνὴργηκε
3514 529 3622 601 γάρ
3644 531 3896 602 ἀλλοτρίᾳ

660 617 803 672 enim
844 613 1016 672 aliena
1048 613 1246 668 virtute
1283 622 1460 674 utens,
1499 618 1556 663 ut
1587 623 1693 665 non
1731 608 1863 676 ipse,
1897 607 1989 663 sed
2021 608 2112 678 qui
2161 609 2226 662 ad

2329 611 2553 682 δυνάμει
2600 614 2914 684 χρώμενος,
2948 616 3014 668 ἵν’
3049 618 3077 668 ό
3119 617 3441 688 ἐνεργήσας,
3489 619 3584 671 καὶ
3628 619 3728 672 οὐκ
3768 620 3899 674 αὑτό

660 721 795 775 opus
821 705 1021 766 ciebat,
1053 704 1118 761 ab
1155 703 1239 762 his
1268 703 1358 773 qui
1407 701 1461 756 in
1492 700 1690 756 mundo
1742 710 1923 763 erant,
1965 699 2229 769 gloriﬁca-

2326 699 2441 770 [(0.
2478 701 2662 774 αὑτός]
2693 720 2794 755 που
2823 703 3022 773 μᾶλλον
3050 705 3200 775 παρὰ
3222 707 3331 758 τῶν
3363 707 3422 760 ἐν
3454 708 3644 778 κόσμῳ
3677 707 3899 779 δοξάζη-

662 807 830 860 retur.
861 794 999 863 Quid
1035 795 1218 863 igitur,
1259 807 1462 862 quaeso,
1515 793 1570 846 in
1600 806 1664 846 eo
1702 790 1934 860 amplius
1984 790 2229 844 cernitur

2329 815 2442 852 ται.
2470 799 2536 851 Τί
2572 795 2685 862 οὖν,
2722 799 2841 852 είπέ
2870 817 2979 870 μοι,
3005 799 3067 853 τὸ
3097 800 3257 854 πλέον
3288 801 3344 854 έν
3372 819 3432 855 τε
3453 802 3600 874 αὗτῷ
3627 802 3898 873 φαίνεται,

663 901 823 955 quant
858 886 910 946 in
937 886 1143 939 sanctis
1172 883 1436 950 apostolis
1461 883 1482 936 ?
1511 896 1634 936 nam
1665 881 1720 936 bi
1768 894 1871 933 non
1905 894 1998 934 sua
2026 879 2230 934 virtute

2331 888 2426 941 καὶ
2445 889 2558 950 τοῖς
2580 887 2754 954 ἁγίοις
2775 887 3127 954 ἀποστόλοις;
3172 888 3616 943 Ἀποτετελέκασι
3653 891 3760 961 γὰρ
3803 892 3901 945 οὐκ

664 975 926 1035 miracula
973 975 1360 1045 perfecerunt:
1407 974 1569 1043 idque
1598 971 1701 1042 ipsi
1753 981 1939 1040 aperte
1995 971 2227 1026 confessi

2335 978 2441 1048 ἰδίᾳ
2489 978 2715 1049 δυνάμει
2753 979 2850 1044 τὰς
2891 981 3363 1050 θαυματουργίας·
3411 982 3506 1034 καὶ
3547 981 3708 1034 τοῦτο
3750 983 3900 1036 αὐτοὶ

663 1075 789 1122 sunt
811 1085 826 1122 :
847 1065 989 1136 digni
1019 1079 1254 1135 namque
1321 1072 1447 1120 sunt
1507 1061 1666 1118 laude
1690 1070 1747 1117 et
1776 1063 1900 1133 quia
1950 1063 2000 1117 id
2027 1076 2230 1131 c0gno-

2329 1069 2685 1141 ὡμολόγησαν
2710 1070 2952 1142 ἐναργῶς
2971 1087 2985 1101 ο
3012 1071 3336 1140 ἀξιάγαστοι
3365 1072 3473 1140 γὰρ
3502 1071 3579 1143 [δέ
3595 1072 3609 1142 1
3636 1073 3725 1129 καὶ
3747 1072 3903 1123 τοῦτο

663 1166 880 1221 verunt,
918 1166 974 1211 et
1007 1157 1130 1226 quia
1177 1156 1230 1211 in
1275 1156 1406 1227 ipsis
1459 1162 1772 1225 operantem
1833 1152 2226 1223 glorificabant.

2331 1154 2554 1221 εἰδότες,
2603 1157 2694 1210 καὶ
2730 1157 2821 1210 τὸν
2863 1160 2924 1211 ἐν
2965 1159 3146 1223 αὐτοῖς
3179 1159 3506 1230 ἐνεργοῦντα
3552 1161 3861 1226 δοξάζοντες
3886 1179 3898 1191 ·

663 1247 778 1302 Hoc
805 1246 853 1303 si
879 1248 950 1302 ita
973 1256 1079 1313 est,
1116 1261 1297 1302 annon
1363 1260 1574 1316 acquum
1597 1254 1713 1300 erat
1763 1253 1821 1299 ut
1867 1244 2118 1299 Christus
2140 1243 2228 1312 qui

2332 1243 2450 1301 εἶτα
2477 1248 2590 1312 πῶς
2612 1248 2712 1302 οὐκ
2738 1248 2845 1303 ἔδει
2868 1249 2957 1304 τὸν
2978 1250 3368 1322 ἐνεργούμενον
3393 1251 3520 1322 παρ’
3551 1251 3740 1321 ἐτέρου
3765 1251 3905 1304 κατά

664 1339 732 1393 ab
778 1337 904 1403 alio,
961 1346 1018 1392 ut
1055 1346 1109 1392 tu
1143 1336 1364 1400 asseris,
1393 1335 1460 1389 ad
1511 1333 1840 1404 operandum
1872 1333 2137 1395 ciebatur,
2177 1341 2232 1386 et

2334 1337 2395 1390 σέ
2428 1339 2679 1409 Χριστὸν,
2712 1341 2805 1393 καὶ
2842 1340 3074 1412 θύραθεν
3106 1341 3297 1412 έχοντα
3322 1342 3420 1413 τὴν
3444 1342 3538 1396 τοῦ
3570 1341 3904 1410 Μονογενοῦς

665 1430 1006 1485 extrinsecus
1067 1429 1299 1484 habebat
1328 1425 1598 1496 Unigeniti
1632 1426 1881 1496 gloriam,
1909 1424 1973 1478 ad
2014 1439 2072 1479 se
2098 1431 2229 1478 tan-

2333 1427 2595 1495 εὐδοξίαν,
2624 1432 2736 1494 τοῖς
2763 1430 3079 1503 προσιοῦσιν
3102 1431 3178 1496 ὡς
3209 1430 3350 1502 Θεῷ,
3375 1433 3469 1485 καὶ
3513 1431 3613 1502 τῆς
3655 1432 3785 1500 παρ’
3806 1429 3903 1483 ab-

664 1536 826 1589 quam
851 1522 917 1578 ad
945 1520 1051 1594 47
1086 1521 1249 1576 Deum
1291 1518 1698 1581 accedentibus,
1743 1527 1797 1573 et
1831 1516 1950 1586 ejus
2006 1529 2109 1584 ope
2144 1516 2230 1568 in-

2332 1520 2425 1574 τοῦ
2466 1521 2804 1592 δεδεημένοις
2848 1523 3168 1594 ἐπικουρίας
3221 1525 3535 1592 ἐπιφωνεῖν,
3569 1525 3628 1575 ἐν
3677 1522 3905 1591 ὀνόματι

665 1611 967 1681 digentibus
1032 1611 1372 1676 inclamaret,
1433 1610 1489 1664 In
1545 1608 1781 1670 nomine,
1807 1621 1899 1661 seu
1949 1606 1999 1659 in
2033 1606 2233 1659 virtute

2333 1611 2425 1665 τοῦ
2451 1613 2809 1682 Μονογενοῦς,
2835 1616 3000 1686 ἦγουν
3022 1617 3080 1669 ἐν
3101 1615 3345 1687 δυνάμει,
3360 1616 3497 1670 Τόδε
3519 1614 3570 1670 τί
3595 1631 3675 1668 σοι
3699 1614 3909 1682 γένοιτο

666 1701 938 1769 lluigeniti
971 1702 1094 1765 hoc,
1118 1700 1266 1755 verbi
1285 1700 1482 1771 gratia,
1508 1699 1602 1753 tibi
1626 1699 1964 1753 commodum
1988 1695 2237 1750 eveniat?

2333 1701 2443 1758 τῶν
2471 1703 2691 1772 ἀγαθῶν
2711 1723 2726 1772 ;
2750 1705 2907 1759 τοῦτο
2931 1706 3039 1776 γάρ
3071 1707 3240 1778 ἔδρων
3264 1709 3315 1761 οἱ
3346 1710 3608 1775 πάνσοφοι
3642 1705 3905 1779 μαθηταὶ.

665 1807 786 1845 nam
823 1793 872 1845 id
906 1790 1175 1846 faciebant
1209 1791 1282 1846 illi
1306 1789 1692 1860 sapientissimi
1732 1787 2001 1856 discipuli,
2038 1785 2234 1852 ubique
2265 1851 2273 1869 ‘

2302 1863 2303 1868 η
2348 1789 2553 1865 Ἰησοῦν
2577 1796 2668 1850 τὸν
2690 1798 2754 1851 ἐκ
2781 1797 3036 1868 Ναζαρὲτ
3063 1799 3419 1869 ὀνομάζοντες
3443 1799 3738 1868 πανταχοῦ.
3754 1797 3879 1850 Ἀλλ
3895 1797 3910 1816 ’

662 1879 849 1936 Jcsum
881 1897 945 1936 ex
977 1880 1248 1936 Nazareth
1270 1851 1749 1952 appellantes.Sed
1775 1851 2044 1931 neminem
2080 1851 2232 1944 pror-
2265 1851 2270 1905 Ῑ

2301 1861 2305 1898 δ
2336 1851 2511 1937 οὐδενὶ
2551 1885 2650 1954 μέν
2679 1885 2836 1939 τοῦτο
2862 1851 3302 1958 προσπεφόίνηῖιε
3333 1851 3653 1949 πανντελῶςῗ
3674 1884 3909 1938 ἀνετίθει

665 1986 758 2027 sus
782 1972 853 2026 ita
884 1982 966 2026 est
995 1971 1286 2037 allocutus,
1325 1985 1541 2040 suaeque
1583 1969 1762 2038 potius
1800 1967 1988 2021 virtuti
2037 1980 2235 2036 perpe-

2337 1972 2394 2025 δὲ
2424 1972 2626 2043 μᾶλλον
2660 1974 2767 2046 ἰδίᾳ
2801 1975 3026 2044 δυνάμει
3058 1975 3130 2030 τά
3163 1977 3600 2049 κατορθούμενα⁸
3631 1975 3760 2031 ποτὲ
3809 1974 3909 2044 μὲν

673 2073 812 2116 trata
840 2062 995 2132 signa
1031 2063 1319 2126 tribuebat,
1350 2075 1493 2115 nunc
1539 2060 1755 2128 quidem
1786 2057 1945 2111 caecis
1998 2057 2182 2113 dicens
2217 2073 2232 2109 :

2337 2063 2513 2131 λέγων
2556 2067 2668 2130 τοῖς
2711 2067 2950 2136 τυφλοῖς,
2989 2086 3007 2119 ι
3037 2070 3328 2122 Πιστεύετε
3367 2070 3450 2122 ὅτι
3488 2066 3722 2137 δύναμαι
3750 2065 3914 2120 τοῦτο

673 2175 691 2207 α
728 2155 961 2211 Creditis
990 2153 1134 2224 quod
1158 2153 1362 2222 possim
1393 2150 1447 2205 id
1471 2150 1649 2206 facere
1672 2147 1755 2202 ‘°?
1776 2167 1796 2200 ι
1833 2158 1884 2202 et
1915 2162 2234 2202 consensum

2339 2158 2596 2227 ποιῆσαι;
2629 2178 2648 2211 ι
2675 2159 2770 2212 καὶ
2793 2161 2896 2228 τὴν
2922 2162 3226 2215 συναίνεσιν
3252 2161 3524 2216 ἀπαιτῶν
3548 2161 3678 2214 ποτέ
3697 2161 3754 2216 δὲ
3781 2176 3882 2229 μετ
3901 2159 3913 2179 ’

667 2259 964 2314 exposcens
996 2261 1013 2310 ;
1043 2257 1189 2298 nunc
1210 2256 1332 2296 cum
1373 2240 1596 2309 imperio
1631 2240 1877 2308 exigens,
1908 2253 1972 2292 ac
1998 2237 2186 2293 dicens
2219 2256 2233 2292 :

2338 2247 2585 2310 ἐξουσίας
2635 2249 2884 2302 ἀπαιτῶν
2933 2249 3057 2323 [Ζσ.
3088 2249 3391 2323 παρέλκει]
3440 2250 3635 2319 λέγων,
3689 2269 3706 2301 ι
3738 2249 3911 2312 Θέλω,

676 2356 695 2390 ι
730 2336 886 2401 Volo,
915 2336 1174 2390 mundare
1207 2334 1249 2365 “
1278 2351 1294 2400 ;
1327 2351 1348 2386 ι
1388 2347 1484 2387 cur
1514 2346 1622 2387 non
1655 2329 2032 2401 praetermissis
2074 2329 2236 2385 anili-

2341 2337 2732 2409 καθαρίσθητι·
2762 2357 2781 2390 ι
2812 2340 2864 2393 τί
2905 2340 2979 2410 μὴ
3001 2340 3196 2410 παρεὶς
3220 2341 3289 2393 τά
3313 2339 3496 2410 σαυτῷ
3529 2357 3588 2392 τε
3625 2338 3721 2396 καὶ
3763 2337 3917 2408 μόνῳ

669 2429 768 2482 bus
789 2427 1020 2491 fabellis,
1044 2440 1180 2496 quas
1200 2425 1294 2479 tibi
1336 2433 1389 2479 et
1407 2424 1507 2479 soli
1531 2433 1870 2477 commentus
1890 2438 1968 2486 es,
1995 2421 2237 2494 mysterii

2340 2428 2679 2498 ἐξευρημένα
2703 2432 3031 2502 γραοπρεπῆ
3068 2430 3303 2502 μυθάρια
3333 2434 3468 2502 σοφῇ
3491 2430 3696 2500 διανοίᾳ
3721 2429 3785 2482 τὸ
3816 2428 3913 2482 τοῦ

668 2517 1088 2588 profunditatem
1123 2515 1350 2585 sapienti
1375 2512 1604 2570 consilio
1634 2513 1902 2582 perquiris
1933 2513 1957 2566 ?
1992 2513 2095 2568 Sed
2125 2527 2240 2581 per-

2344 2518 2646 2588 μυστηρὶου
2676 2521 3015 2593 περιεργάςῃ
3054 2521 3249 2592 βάθος;
3290 2521 3406 2575 ἀλλ’
3445 2522 3591 2577 ἔστιν
3636 2521 3784 2584 ἰδεῖν,
3830 2521 3917 2574 ὅτι

670 2611 914 2679 spicuum
942 2618 1024 2665 est
1044 2623 1223 2663 rerum
1252 2608 1304 2662 in
1332 2607 1523 2676 primis
1572 2605 1779 2660 utilium
1806 2606 2054 2676 exiguam
2085 2621 2240 2675 pror-

2339 2609 2446 2666 τῶν
2478 2609 2576 2679 μέν
2605 2610 2916 2678 ἀναγκαίων
2938 2612 3016 2671 είς
3036 2610 3241 2680 ὄνησιν,
3265 2610 3442 2679 ὀλίγος
3463 2609 3610 2680 αὑτῷ
3635 2609 3916 2674 παντελῶς

672 2716 762 2755 sus
802 2701 875 2754 illi
912 2714 1098 2755 curam
1150 2714 1294 2764 esse,
1353 2713 1418 2751 ac
1457 2695 1853 2767 quodammodo
1886 2704 2130 2750 metuere
2174 2710 2240 2748 ne

2339 2703 2367 2756 ὁ
2399 2700 2554 2769 λόγος
2574 2718 2586 2730 °
2617 2701 2751 2755 δέδιε
2795 2701 2853 2755 δέ
2877 2701 3064 2773 ῶσπερ
3106 2703 3180 2774 μὴ
3209 2701 3316 2774 ἄρα
3347 2720 3400 2755 τι
3431 2703 3525 2755 καὶ
3552 2701 3661 2756 τῶν
3692 2701 3915 2769 ἀληθῶν

674 2793 802 2860 quid
834 2793 946 2846 veri
1002 2806 1192 2858 parum
1232 2791 1524 2845 advertens
1579 2788 1742 2852 dicat,
1771 2796 1824 2840 et
1872 2787 2005 2841 recti
2037 2785 2239 2856 aliquid

2341 2792 2809 2864 παραφθέγξαιτοο
2851 2795 3026 2848 καίτοι
3066 2793 3173 2866 [ίσ.
3212 2793 3411 2866 καίτε]
3447 2794 3556 2848 τῶν
3585 2793 3915 2866 ἐπαινουμέ-

673 2881 876 2934 sentire
937 2879 1370 2947 deprehendatur
1417 2896 1429 2935 :
1485 2888 1539 2933 et
1586 2876 1969 2931 absurdissima
2014 2890 2242 2944 qumque

2341 2899 2448 2936 νων
2497 2881 2649 2952 ἁλοίη
2697 2883 3082 2954 πεφρονηκώςο
3131 2883 3300 2938 οἴεται
3340 2884 3397 2938 δέ
3445 2886 3552 2938 πᾶν
3594 2883 3769 2938 ὁτιοῦν
3805 2883 3923 2938 τῶν

673 2972 891 3042 cogitat,
924 2972 1394 3028 etinconsiderate
1415 2969 1703 3025 admodum
1739 2975 1958 3022 accusat
1992 2966 2242 3022 Ecclesiae

2342 2971 2755 3042 ἀπηχεστάτων,
2788 2975 2882 3028 καὶ
2907 2974 3290 3030 ἀκατάσκοπον
3319 2976 3515 3047 κομιδῆ
3540 2974 3649 3029 τῶν
3672 2975 3771 3046 τῆς
3799 2974 3923 3029 Ἐκ·

677 3067 949 3134 dogmata.
990 3063 1150 3132 Atqui
1193 3062 1502 3118 meminisse
1537 3075 1658 3114 eum
1708 3059 1944 3129 oportuit
1986 3058 2077 3112 Dei
2125 3073 2242 3112 ver-

2344 3064 2572 3134 κλησίας
2599 3066 2880 3136 δογμάτων
2909 3067 3143 3121 ποιεῖται
3193 3067 3291 3138 τὴν
3334 3069 3704 3140 κατάρρησι-ν·
3739 3068 3919 3122 καίτοι

677 3156 892 3222 borum,
921 3153 1222 3224 praepositis
1260 3151 1603 3207 rationalinm
1654 3164 1876 3220 gregum
1931 3163 2025 3216 per
2053 3162 2238 3203 vocem
2269 3192 2285 3248 ⁴

2345 3155 2654 3226 μεμνῆσθαι
2691 3156 2806 3211 δέον
2827 3156 2988 3210 αὐτὸν
3009 3157 3142 3211 Θεοῦ
3163 3157 3409 3227 λέγοντος
3430 3157 3517 3212 διὰ
3545 3157 3730 3228 φωνῆς
3760 3158 3921 3221 Ἰεζε-

677 3247 927 3303 Ezechiel
960 3247 1225 3302 dicentis:
1264 3262 1284 3296 ι
1353 3243 1615 3298 Praeclara
1667 3256 1862 3312 pascua
1912 3242 2240 3311 depasceba-
2278 3242 2285 3248 ’

2346 3246 2469 3317 χιὴλ
2499 3249 2612 3310 τοῖς
2642 3247 2750 3300 τῶν
2788 3247 3019 3316 λογικῶν
3077 3249 3342 3316 ποιμνίων
3381 3247 3794 3318 προεστηκόσιν,
3835 3246 3920 3300 ὅτι

677 3340 831 3405 mini,
883 3349 938 3395 et
984 3353 1178 3408 aquam
1238 3338 1623 3393 consistentem
1680 3334 1946 3389 bibebatis
1975 3351 1989 3398 ;
2021 3345 2077 3388 et
2119 3335 2243 3389 reli-

2343 3343 2442 3410 τὴν
2503 3357 2521 3391 ι
2556 3338 2743 3411 Καλὴν
2795 3339 2965 3409 νομὴν
3003 3339 3290 3410 ἐνέμεσθε,
3339 3341 3433 3394 καὶ
3473 3339 3534 3393 τὸ
3582 3338 3923 3409 καθεστηκὸς

677 3449 838 3502 quam
867 3431 1166 3486 turbabatis
1190 3430 1413 3500 pedibus
1440 3427 1656 3493 vestris,
1697 3437 1750 3480 et
1796 3439 1925 3480 oves
1957 3439 2087 3479 mea:
2114 3439 2244 3480 con-

2347 3431 2489 3502 ὖδωρ
2533 3432 2768 3497 ἐπίνετε,
2799 3431 2894 3484 καὶ
2941 3431 3003 3484 τὸ
3053 3431 3381 3486 κατάλοιπον
3428 3432 3752 3503 ἐταράττετε
3807 3432 3925 3494 τοῖς

678 3525 897 3578 culcata:
921 3522 1144 3592 pedibus
1185 3521 1381 3574 vestris
1410 3518 1857 3588 dcpascebantur,
1887 3525 1940 3569 et
1974 3516 2243 3570 turbatam

2348 3529 2506 3583 ποσὶν
2541 3529 2716 3599 ὑμῶν,
2749 3529 2845 3584 καὶ
2876 3528 2947 3585 τὰ
2971 3529 3219 3600 πρόϐατά
3248 3547 3350 3600 μου
3386 3529 3454 3582 τὰ
3475 3530 3774 3599 πατήματα
3811 3529 3927 3581 τῶν

677 3629 872 3684 aquam
936 3613 1158 3682 pedibus
1208 3611 1408 3666 vestris
1451 3611 1707 3664 bibebant
1735 3608 1801 3662 “.
1844 3627 1862 3659 ι
1903 3606 2012 3662 Nos
2073 3607 2241 3672 enim,

2349 3622 2524 3675 ποδῶν
2563 3620 2715 3692 ὑμῶν
2758 3621 3044 3692 ἐνέμοντοκ·
3098 3622 3192 3675 καὶ
3239 3621 3298 3675 τὸ
3335 3621 3735 3692 τεταρξγμένον
3777 3620 3927 3691 ὕδωρ

680 3705 934 3760 divinitus
989 3705 1267 3774 inSpiratis
1322 3702 1542 3756 Litteris
1612 3700 1849 3754 animum
1898 3698 2243 3770 adjicientes,

2351 3714 2454 3766 ὑπὸ
2483 3714 2591 3766 τῶν
2629 3713 2804 3767 ποδῶν
2849 3711 3002 3784 ὑμῶν
3031 3712 3294 3768 ἐνέπινον.
3327 3732 3346 3764 ι
3384 3712 3516 3777 Ταῖς
3541 3712 3641 3782 μέν
3665 3711 3773 3782 γὰρ
3800 3712 3923 3764 θεο-

679 3799 933 3866 praeclara
955 3812 1152 3866 pascua
1177 3793 1538 3863 depascimur,
1557 3800 1614 3845 ut
1634 3791 1894 3861 scriptum
1918 3799 2022 3856 est,
2052 3804 2245 3860 aquam

2351 3803 2634 3863 πνεύστοις
2653 3803 2898 3872 Γραφαῖς
2921 3802 3010 3856 τὸν
3029 3803 3153 3857 νοῦν
3176 3804 3406 3866 ἐνιέντες
3426 3804 3604 3873 ἡμεῖς,
3627 3802 3724 3873 τὴν
3750 3801 3926 3871 καλὴν

679 3893 843 3948 etiam
898 3892 1282 3944 consistentem
1321 3887 1578 3949 bibimus,
1631 3887 1733 3940 hoc
1784 3894 1893 3950 est,
1942 3899 2248 3939 sermonem

2350 3897 2520 3966 νομὴν
2551 3895 2846 3966 νεμόμεθα,
2881 3894 3023 3949 κατά
3047 3895 3106 3948 τὸ
3132 3894 3545 3967 γεγραμμένονο
3579 3895 3674 3947 καὶ
3694 3895 3805 3966 μὴν
3829 3894 3927 3946 καὶ

681 3988 915 4056 Spiritus
950 3986 1170 4041 minime
1219 3983 1498 4038 mendacio
1534 3982 1772 4048 mistutn,
1827 3992 1880 4037 et
1907 3982 2248 4052 perspicuum

2352 3989 2410 4041 τὸ
2432 3986 2575 4059 ὕδωρ
2604 3986 2832 4057 πίνομεν
2856 3987 2917 4040 τὸ
2949 3985 3307 4058 καθεστηκὸς,
3331 3986 3596 4052 τουτέστι,
3619 3985 3710 4039 τὸν
3745 3986 3925 4056 ἀμιγῆ

683 4094 745 4133 ac
771 4077 1117 4146 purissimum
1152 4094 1164 4130 :
1198 4075 1289 4130 ubi
1318 4089 1445 4130 vero
1475 4075 1640 4130 veluti
1703 4077 1941 4145 ingratas
1992 4073 2249 4144 quasdam

2352 4078 2428 4148 τῷ
2446 4079 2651 4149 ψεύδει,
2674 4079 2840 4151 διειδῆ
2865 4097 2925 4134 τε
2953 4080 3048 4134 καὶ
3077 4079 3463 4153 καθαρώτατον
3484 4079 3575 4133 τοῦ
3608 4077 3746 4134 Πνεὺ
3756 4096 3931 4149 ματος

685 4180 989 4224 nostrarum
1028 4169 1418 4238 cogitationum
1448 4167 1594 4223 faces
1627 4167 1677 4220 in
1698 4181 1762 4223 eo
1787 4181 2038 4223 sermone
2064 4166 2255 4222 misce-

2353 4169 2527 4238 λόγον’
2570 4169 2904 4242 ἐμφύροντες
2927 4171 2985 4225 δέ
3013 4171 3106 4225 καὶ
3134 4171 3526 4241 ἀναμίσγοντες
3553 4169 3705 4224 θολὸν
3731 4169 3884 4223 ὥσπε
3895 4188 3930 4240 ρ

685 4280 824 4327 mus,
856 4277 1088 4330 euntque
1115 4261 1516 4327 confundimus,
1547 4261 1844 4316 Salvatoris
1877 4261 2046 4316 nostri
2074 4261 2254 4331 gregi-

2353 4262 2473 4315 τινὰ
2511 4262 2618 4315 τῶν
2655 4262 2798 4315 ίδίων
2825 4262 3224 4334 ἐνθυμημάτων
3250 4262 3310 4316 τὸ
3335 4263 3568 4334 ἀτερπές
3607 4262 3774 4331 αὐτῷ,
3802 4264 3930 4321 ταῖς

682 4357 783 4409 bus
818 4354 1163 4409 insidiamur.
1195 4351 1308 4407 lloc
1343 4353 1518 4422 ipsum
1548 4367 1734 4408 verum
1764 4367 1908 4415 esse,
1940 4351 2095 4407 nobis
2127 4366 2250 4421 per-

2356 4353 2446 4406 τοῦ
2474 4353 2722 4425 Σωτῆρος
2760 4355 2982 4423 ἀγέλαις
3009 4354 3448 4425 ἐπιϐουλεύομεν.
3479 4354 3797 4422 Ἐκδεεξειεν
3861 4355 3934 4408 ἂν

684 4448 928 4516 spicuum
981 4446 1182 4500 facient
1229 4461 1290 4500 ea
1346 4460 1466 4515 quae
1518 4446 1584 4499 de
1620 4445 1839 4500 Christo
1874 4460 2063 4499 rursus
2096 4443 2163 4498 ab
2188 4457 2253 4498 co

2357 4444 2450 4496 καὶ
2504 4444 2660 4498 τοῦτο
2712 4448 2846 4516 ἡμῖν
2901 4446 2977 4510 ὡς
3029 4446 3175 4502 ἐστιν
3204 4447 3405 4512 ἀληθὲς
3433 4447 3501 4501 τὰ
3528 4446 3654 4518 περὶ
3685 4445 3929 4518 Χριστοῦ

683 4547 739 4593 et
779 4537 1107 4606 excogitata,
1161 4545 1214 4591 et
1266 4547 1470 4590 temere
1516 4535 1658 4590 dicta
1690 4544 1838 4603 sunt,
1888 4550 2007 4604 quae
2040 4534 2120 4592 sic
2149 4534 2250 4589 ha-
2287 4521 2291 4572 ἲ

2319 4530 2326 4568 ⁵
2358 4536 2518 4589 πάλιν
2547 4536 2696 4607 αὐτῷ
2717 4537 3102 4609 τεθεωρημένα
3123 4555 3181 4592 τε
3205 4538 3300 4592 atati.
3327 4537 3614 4608 ἀτημελῶς
3635 4536 3927 4607 εἰρημένα·

686 4633 848 4685 bent:

2358 4625 2471 4695 ἔχει
2510 4625 2568 4679 δὲ
2606 4625 2795 4688 οὕτως·

756 4721 1037 4793 [Νεςτοιι.
1072 4717 1200 4771 Erat
1233 4715 1448 4785 quidem
1476 4717 1563 4770 ille
1609 4716 1753 4771 Deus
1791 4716 2046 4779 Verbum,
2090 4718 2251 4773 etiam

2428 4714 2558 4790 [Ἦν
2593 4718 2690 4788 μὲν
2722 4717 2831 4788 γάρ
2860 4719 2888 4771 ὁ
2916 4718 3047 4782 Θεὸς
3080 4719 3250 4786 Λόγος
3275 4717 3370 4770 καὶ
3399 4715 3508 4788 πρὸ
3535 4716 3634 4786 τῆς
3659 4716 3932 4787 ἐνανθρω-

685 4824 973 4882 antequam
1003 4811 1167 4864 homo
1201 4807 1373 4874 ﬁeret,
1416 4807 1584 4862 Filius
1613 4817 1666 4862 et
1709 4809 1867 4874 Deus,
1923 4818 1978 4863 et
2029 4824 2257 4864 consen-

2360 4814 2600 4882 πήσεως,
2637 4810 2762 4872 Υἱὸς
2792 4810 2883 4863 καὶ
2905 4809 3056 4874 Θεὸς,
3087 4809 3180 4862 καὶ
3202 4808 3463 4862 συναινῶν
3487 4807 3564 4878 τῷ
3594 4808 3766 4878 Πατρί
3790 4824 3804 4839 ³
3836 4809 3933 4863 ἀν-

689 4907 826 4957 tieus
849 4901 993 4954 Patri
1025 4918 1037 4954 :
1065 4900 1308 4968 suscepit
1332 4914 1459 4954 vero
1498 4900 1886 4969 posterioribus
1925 4901 2257 4969 temporibus

2360 4903 2519 4956 έλαὸε
2557 4902 2614 4955 δέ
2644 4903 2701 4954 ἐν
2730 4901 2973 4970 ὑστέροις
3003 4902 3213 4970 καιροῖς
3242 4900 3341 4967 τὴν
3362 4899 3455 4952 τοῦ
3477 4899 3661 4953 δούλου
3690 4901 3931 4971 μορφήν.

688 4994 830 5050 servi
860 4993 1122 5045 formam:
1151 4991 1243 5045 sed
1283 5004 1407 5044 cum
1447 4998 1587 5044 esset
1622 5001 1780 5043 antea
1817 4988 1985 5044 Filius
2011 5001 2066 5045 et
2093 5006 2254 5046 voca-

2375 4995 2511 5047 Ἀλλ’
2545 4994 2619 5046 ὢν
2648 4992 2753 5063 πρὸ
2779 4992 2964 5045 τούτου
2989 4991 3136 5056 Υἱὸς,
3160 4990 3252 5045 καὶ
3287 4991 3635 5060 καλούμενος,
3670 4992 3808 5060 μετά
3833 4991 3935 5063 τὴν

689 5091 857 5148 retur,
888 5093 1006 5151 post
1028 5080 1452 5148 assumptionem
1481 5094 1585 5134 non
1616 5089 1790 5149 potest
1816 5082 1996 5136 vocari
2027 5082 2252 5136 seorsim

2361 5084 2626 5154 ἀνάληψιν
2657 5083 2717 5135 οὐ
2751 5081 2971 5136 δύναται
3016 5081 3296 5135 καλεῖσθαι
3327 5081 3745 5151 κεχωρισμένως
3776 5081 3931 5145 Υἱὸς,

691 5175 880 5238 Filius,
913 5188 984 5228 ne
1018 5171 1150 5226 duos
1183 5170 1326 5224 filios
1382 5170 1827 5241 dogmatizemus.
1877 5170 1982 5224 Sed
2029 5173 2152 5240 quia
2180 5171 2254 5226 illi

2363 5179 2446 5230 ἵνα
2472 5177 2544 5247 μὴ
2567 5176 2658 5230 δύο
2679 5176 2826 5238 υἱοὺς
2857 5174 3289 5245 δογματίσωμεν.
3309 5173 3447 5227 Ἀλλ’
3471 5173 3766 5244 ἐπειδήπερ
3787 5173 3907 5226 ἐκεῖ
3921 5205 3935 5214 -

690 5265 1009 5332 coniunctus
1039 5272 1121 5317 cst
1174 5260 1313 5315 Filio
1340 5259 1432 5330 qui
1472 5269 1590 5314 erat
1624 5261 1675 5314 in
1715 5260 1997 5329 principio,
2056 5262 2256 5332 quique

2363 5286 2437 5338 νῳ
2468 5269 2734 5337 συνῆπται
2789 5268 2866 5338 τῷ
2915 5269 2973 5320 ἐν
3015 5268 3156 5338 ἀρχῇ
3207 5268 3319 5320 ὄντι
3349 5267 3462 5337 Υίῷ
3504 5265 3580 5336 τῷ
3608 5265 3744 5336 πρὸς
3768 5266 3937 5319 αὐτὸν

690 5355 789 5408 sibi
825 5353 1102 5422 cepulatus
1135 5361 1238 5416 est,
1276 5366 1381 5405 non
1437 5360 1613 5419 potest
1662 5352 1802 5420 quod
1834 5351 1901 5405 ad
1941 5351 2254 5422 dignitatem

2365 5360 2704 5430 συναφθέντι,
2730 5362 2790 5414 οὐ
2823 5360 3039 5414 δύναται
3066 5359 3204 5413 κατὰ
3232 5359 3292 5412 τὸ
3313 5358 3526 5430 ἀξίωμα
3555 5359 3653 5428 τῆς
3683 5360 3936 5429 υἱότητος

693 5446 969 5500 tiliationis
1023 5444 1236 5509 attinet,
1286 5442 1604 5497 divisionem
1659 5442 1934 5512 suscipere
1977 5445 2163 5514 :quod
2191 5445 2258 5500 ad

2363 5450 2625 5522 διαίρεσιν
2654 5450 2903 5519 δέξασθαι
2929 5469 2942 5482 ⁸
2975 5450 3115 5504 κατά
3137 5451 3196 5502 τὸ
3222 5448 3435 5520 ἀξίωμά
3459 5467 3600 5522 φημι
3623 5451 3719 5520 τῆς
3751 5454 3939 5524 υιότη-

692 5537 1006 5604 dignitatcm
1030 5535 1324 5597 filiationis,
1346 5535 1584 5604 inquam,
1607 5549 1710 5588 non
1735 5535 1877 5602 quod
1903 5535 1967 5588 ad
1999 5545 2254 5590 naturas:

2363 5559 2474 5605 τος,
2514 5542 2573 5594 οὐ
2608 5541 2746 5594 κατά
2773 5541 2873 5604 τὰς
2902 5540 3108 5610 φύσεις.
3144 5541 3241 5594 Διὰ
3289 5541 3444 5594 τοῦτο
3495 5542 3587 5595 καὶ
3612 5543 3874 5612 Χριστὸς,
3912 5549 3937 5600 ὁ

693 5631 810 5684 ideo
843 5627 1003 5681 etiam
1030 5627 1280 5682 Christus
1315 5627 1610 5697 appellatur
1647 5627 1732 5681 ille
1774 5626 1886 5698 48
1939 5626 2079 5682 Deus
2122 5626 2253 5684 Ver-

2365 5634 2493 5694 Θεὸς
2525 5634 2692 5702 Λόγος
2730 5634 3072 5701 ὀνομάζεται,
3102 5633 3328 5704 ἐπείπερ
3367 5633 3476 5703 ἔχει
3504 5634 3602 5705 τὴν
3636 5638 3931 5706 συνάφειακ

766 5805 809 5835 ⁸ο
840 5804 1030 5858 Matth.
1068 5820 1141 5870 ix,
1177 5805 1265 5858 9.8.
1345 5805 1383 5835 δι
1422 5803 1610 5858 Matth.
1651 5820 1762 5868 \‘lll,
1800 5807 1851 5859 ὃ.
1932 5807 1971 5835 ⁵²
2005 5804 2201 5859 ElCt'll.
2231 5820 2418 5871 xxnv,
2446 5809 2527 5863 l8.
