  <div class='ocr_page' id='page_1' title='image "/cluster/home/n/w/nwhite01/storage/ocr_20150623/76/pst.000005712755/052.png"; bbox 0 0 4072 6346; ppageno 0'>
   <div class='ocr_carea' id='block_1_1' title="bbox 217 377 3477 441">
    <p class='ocr_par' dir='ltr' id='par_1_1' title="bbox 217 377 3477 441">
     <span class='ocr_line' id='line_1_1' title="bbox 217 377 3477 441; baseline 0.003 -10"><span class='ocrx_word' id='word_1_1' title='bbox 217 377 288 432; x_wconf 83' lang='lat'><strong>39</strong></span> <span class='ocrx_word' id='word_1_2' title='bbox 1345 380 1718 437; x_wconf 82' lang='lat' dir='ltr'><strong>ADVERSUS</strong></span> <span class='ocrx_word' id='word_1_3' title='bbox 1760 380 2166 438; x_wconf 78' lang='lat' dir='ltr'><strong>NESTORIUM</strong></span> <span class='ocrx_word' id='word_1_4' title='bbox 2206 380 2334 437; x_wconf 88' lang='lat' dir='ltr'><strong>LIB.</strong></span> <span class='ocrx_word' id='word_1_5' title='bbox 2378 380 2440 437; x_wconf 91' lang='lat' dir='ltr'><strong>II.</strong></span> <span class='ocrx_word' id='word_1_6' title='bbox 3408 386 3477 441; x_wconf 86' lang='lat'><strong>90</strong></span> 
     </span>
    </p>
   </div>
   <div class='ocr_carea' id='block_1_2' title="bbox 214 494 1777 573">
    <p class='ocr_par' dir='ltr' id='par_1_2' title="bbox 214 494 1777 567">
     <span class='ocr_line' id='line_1_2' title="bbox 214 494 1777 567; baseline 0.005 -22"><span class='ocrx_word' id='word_1_7' title='bbox 214 494 313 564; x_wconf 79' lang='grc' dir='ltr'>τὴν</span> <span class='ocrx_word' id='word_1_8' title='bbox 343 496 475 565; x_wconf 77' lang='grc' dir='ltr'>πρὸς</span> <span class='ocrx_word' id='word_1_9' title='bbox 497 495 587 548; x_wconf 87' lang='lat' dir='ltr'><em>16v</em></span> <span class='ocrx_word' id='word_1_10' title='bbox 611 496 843 567; x_wconf 82' lang='grc' dir='ltr'>Χριστὸν</span> <span class='ocrx_word' id='word_1_11' title='bbox 871 498 1095 567; x_wconf 78' lang='grc' dir='ltr'><strong>διηνεκῆ</strong></span> <span class='ocrx_word' id='word_1_12' title='bbox 1116 517 1128 529; x_wconf 88' lang='grc'><strong>·</strong></span> <span class='ocrx_word' id='word_1_13' title='bbox 1164 499 1252 552; x_wconf 65' lang='grc' dir='ltr'>καλ</span> <span class='ocrx_word' id='word_1_14' title='bbox 1286 500 1384 551; x_wconf 75' lang='grc' dir='ltr'><strong>οὐκ</strong></span> <span class='ocrx_word' id='word_1_15' title='bbox 1416 499 1530 553; x_wconf 71' lang='grc' dir='ltr'>ἐστι</span> <span class='ocrx_word' id='word_1_16' title='bbox 1555 500 1646 553; x_wconf 80' lang='grc' dir='ltr'>τὸν</span> <span class='ocrx_word' id='word_1_17' title='bbox 1669 500 1777 553; x_wconf 61' lang='grc' dir='ltr'>ϐεδε</span> 
     </span>
    </p>
   </div>
   <div class='ocr_carea' id='block_1_3' title="bbox 1879 494 3474 573">
    <p class='ocr_par' dir='ltr' id='par_1_3' title="bbox 1906 501 3474 573">
     <span class='ocr_line' id='line_1_3' title="bbox 1906 501 3474 573; baseline 0.002 -18"><span class='ocrx_word' id='word_1_18' title='bbox 1906 502 2055 569; x_wconf 87' lang='lat' dir='ltr'><strong>bum,</strong></span> <span class='ocrx_word' id='word_1_19' title='bbox 2122 503 2245 572; x_wconf 88' lang='lat' dir='ltr'><strong>quia</strong></span> <span class='ocrx_word' id='word_1_20' title='bbox 2282 502 2439 555; x_wconf 80' lang='lat' dir='ltr'><strong>habet</strong></span> <span class='ocrx_word' id='word_1_21' title='bbox 2487 512 2802 571; x_wconf 84' lang='lat' dir='ltr'><strong>perpetuam</strong></span> <span class='ocrx_word' id='word_1_22' title='bbox 2836 518 2957 557; x_wconf 89' lang='lat' dir='ltr'><strong>cum</strong></span> <span class='ocrx_word' id='word_1_23' title='bbox 2985 501 3201 557; x_wconf 85' lang='lat' dir='ltr'><strong>Christo</strong></span> <span class='ocrx_word' id='word_1_24' title='bbox 3243 503 3474 573; x_wconf 82' lang='lat' dir='ltr'><strong>conjun-</strong></span> 
     </span>
    </p>
   </div>
   <div class='ocr_carea' id='block_1_4' title="bbox 214 586 1789 663">
    <p class='ocr_par' dir='ltr' id='par_1_4' title="bbox 214 586 1789 663">
     <span class='ocr_line' id='line_1_4' title="bbox 214 586 1789 663; baseline 0.004 -25"><span class='ocrx_word' id='word_1_25' title='bbox 214 587 389 654; x_wconf 83' lang='grc' dir='ltr'>Λόγον</span> <span class='ocrx_word' id='word_1_26' title='bbox 416 586 542 640; x_wconf 77' lang='grc' dir='ltr'>ἄνευ</span> <span class='ocrx_word' id='word_1_27' title='bbox 568 588 664 657; x_wconf 80' lang='grc' dir='ltr'>τῆς</span> <span class='ocrx_word' id='word_1_28' title='bbox 693 588 1108 659; x_wconf 84' lang='grc' dir='ltr'>ἀνθρωπότητος</span> <span class='ocrx_word' id='word_1_29' title='bbox 1138 589 1340 660; x_wconf 83' lang='grc' dir='ltr'>πρᾶξαί</span> <span class='ocrx_word' id='word_1_30' title='bbox 1362 609 1443 644; x_wconf 81' lang='grc' dir='ltr'>τι’</span> <span class='ocrx_word' id='word_1_31' title='bbox 1466 593 1789 663; x_wconf 83' lang='grc' dir='ltr'>ἀπηκρίϐω-</span> 
     </span>
    </p>
   </div>
   <div class='ocr_carea' id='block_1_5' title="bbox 214 676 1789 747">
    <p class='ocr_par' dir='ltr' id='par_1_5' title="bbox 214 676 1789 747">
     <span class='ocr_line' id='line_1_5' title="bbox 214 676 1789 747; baseline 0.003 -20"><span class='ocrx_word' id='word_1_32' title='bbox 214 692 303 728; x_wconf 83' lang='grc' dir='ltr'>ται</span> <span class='ocrx_word' id='word_1_33' title='bbox 352 676 459 746; x_wconf 85' lang='grc' dir='ltr'><strong>γάρ</strong></span> <span class='ocrx_word' id='word_1_34' title='bbox 492 677 572 739; x_wconf 90' lang='grc' dir='ltr'><strong>είς</strong></span> <span class='ocrx_word' id='word_1_35' title='bbox 611 677 786 745; x_wconf 80' lang='grc' dir='ltr'>ἄκραν</span> <span class='ocrx_word' id='word_1_36' title='bbox 836 679 1148 745; x_wconf 86' lang='grc' dir='ltr'>συνάφειαν,</span> <span class='ocrx_word' id='word_1_37' title='bbox 1192 681 1291 732; x_wconf 83' lang='grc' dir='ltr'>οὐκ</span> <span class='ocrx_word' id='word_1_38' title='bbox 1338 682 1416 743; x_wconf 86' lang='grc' dir='ltr'>εἰς</span> <span class='ocrx_word' id='word_1_39' title='bbox 1462 682 1789 747; x_wconf 79' lang='grc' dir='ltr'><strong>ἀποθέωσιν,</strong></span> 
     </span>
    </p>
   </div>
   <div class='ocr_carea' id='block_1_6' title="bbox 213 765 1793 840">
    <p class='ocr_par' dir='ltr' id='par_1_6' title="bbox 213 765 1793 840">
     <span class='ocr_line' id='line_1_6' title="bbox 213 765 1793 840; baseline 0.008 -24"><span class='ocrx_word' id='word_1_40' title='bbox 213 765 359 817; x_wconf 86' lang='grc' dir='ltr'>κατά</span> <span class='ocrx_word' id='word_1_41' title='bbox 408 767 535 831; x_wconf 84' lang='grc' dir='ltr'>τοὺς</span> <span class='ocrx_word' id='word_1_42' title='bbox 593 770 799 837; x_wconf 81' lang='grc' dir='ltr'>σαφοὺς</span> <span class='ocrx_word' id='word_1_43' title='bbox 847 768 954 822; x_wconf 79' lang='grc' dir='ltr'>τῶν</span> <span class='ocrx_word' id='word_1_44' title='bbox 1006 770 1383 840; x_wconf 87' lang='grc' dir='ltr'>δογματιστῶν</span> <span class='ocrx_word' id='word_1_45' title='bbox 1438 772 1547 826; x_wconf 79' lang='grc' dir='ltr'><strong>τῶν</strong></span> <span class='ocrx_word' id='word_1_46' title='bbox 1597 775 1793 828; x_wconf 84' lang='grc' dir='ltr'>νεωτέ-</span> 
     </span>
    </p>
   </div>
   <div class='ocr_carea' id='block_1_7' title="bbox 215 857 375 929">
    <p class='ocr_par' dir='ltr' id='par_1_7' title="bbox 215 857 375 929">
     <span class='ocr_line' id='line_1_7' title="bbox 215 857 375 929; baseline 0.006 -19"><span class='ocrx_word' id='word_1_47' title='bbox 215 857 375 929; x_wconf 55' lang='grc' dir='ltr'>ρων]</span> 
     </span>
    </p>
   </div>
   <div class='ocr_carea' id='block_1_8' title="bbox 812 994 1188 1051">
    <p class='ocr_par' dir='ltr' id='par_1_8' title="bbox 812 994 1188 1051">
     <span class='ocr_line' id='line_1_8' title="bbox 812 994 1188 1051; baseline 0.013 -5"><span class='ocrx_word' id='word_1_48' title='bbox 812 994 1063 1049; x_wconf 77' lang='grc' dir='ltr'><strong>ΚΕΦΔΛ.</strong></span> <span class='ocrx_word' id='word_1_49' title='bbox 1106 998 1188 1051; x_wconf 82' lang='grc' dir='ltr'><strong>Η’.</strong></span> 
     </span>
    </p>
   </div>
   <div class='ocr_carea' id='block_1_9' title="bbox 296 1126 1787 1205">
    <p class='ocr_par' dir='ltr' id='par_1_9' title="bbox 296 1126 1787 1205">
     <span class='ocr_line' id='line_1_9' title="bbox 296 1126 1787 1205; baseline 0.009 -26"><span class='ocrx_word' id='word_1_50' title='bbox 296 1126 357 1179; x_wconf 89' lang='lat'><strong>&#39;0</strong></span> <span class='ocrx_word' id='word_1_51' title='bbox 388 1128 557 1196; x_wconf 84' lang='grc' dir='ltr'>φάναι</span> <span class='ocrx_word' id='word_1_52' title='bbox 582 1130 860 1202; x_wconf 79' lang='grc' dir='ltr'><strong>τολμήσας</strong></span> <span class='ocrx_word' id='word_1_53' title='bbox 891 1134 991 1203; x_wconf 82' lang='grc' dir='ltr'>τὴν</span> <span class='ocrx_word' id='word_1_54' title='bbox 1033 1134 1129 1188; x_wconf 80' lang='grc' dir='ltr'>τοῦ</span> <span class='ocrx_word' id='word_1_55' title='bbox 1176 1136 1514 1205; x_wconf 84' lang='grc' dir='ltr'>Μονογενοῦς</span> <span class='ocrx_word' id='word_1_56' title='bbox 1549 1137 1787 1203; x_wconf 75' lang='grc' dir='ltr'><strong>εὐδοξίαν</strong></span> 
     </span>
    </p>
   </div>
   <div class='ocr_carea' id='block_1_10' title="bbox 211 1219 1789 1302">
    <p class='ocr_par' dir='ltr' id='par_1_10' title="bbox 211 1219 1789 1302">
     <span class='ocr_line' id='line_1_10' title="bbox 211 1219 1789 1302; baseline 0.011 -34"><span class='ocrx_word' id='word_1_57' title='bbox 211 1233 278 1287; x_wconf 83' lang='grc' dir='ltr'><strong>τῃ</strong></span> <span class='ocrx_word' id='word_1_58' title='bbox 313 1219 549 1288; x_wconf 76' lang='grc' dir='ltr'><strong>Χριστοῦ</strong></span> <span class='ocrx_word' id='word_1_59' title='bbox 582 1223 880 1292; x_wconf 82' lang='grc' dir='ltr'><strong>περιῆφθαι</strong></span> <span class='ocrx_word' id='word_1_60' title='bbox 905 1225 1210 1297; x_wconf 79' lang='grc' dir='ltr'><strong>δυναστείᾳ,</strong></span> <span class='ocrx_word' id='word_1_61' title='bbox 1243 1229 1449 1282; x_wconf 75' lang='grc' dir='ltr'>καὶτὸν</span> <span class='ocrx_word' id='word_1_62' title='bbox 1477 1229 1576 1299; x_wconf 76' lang='grc' dir='ltr'>τῆς</span> <span class='ocrx_word' id='word_1_63' title='bbox 1600 1232 1789 1302; x_wconf 80' lang='grc' dir='ltr'>ἑνότη-</span> 
     </span>
    </p>
   </div>
   <div class='ocr_carea' id='block_1_11' title="bbox 208 1309 1788 1387">
    <p class='ocr_par' dir='ltr' id='par_1_11' title="bbox 208 1309 1788 1387">
     <span class='ocr_line' id='line_1_11' title="bbox 208 1309 1788 1387; baseline 0.011 -28"><span class='ocrx_word' id='word_1_64' title='bbox 208 1326 303 1371; x_wconf 87' lang='lat' dir='ltr'><strong>1o;</strong></span> <span class='ocrx_word' id='word_1_65' title='bbox 336 1309 630 1383; x_wconf 82' lang='grc' dir='ltr'>σύνδεσμον</span> <span class='ocrx_word' id='word_1_66' title='bbox 662 1315 988 1381; x_wconf 73' lang='grc' dir='ltr'><strong>διασπάσας,</strong></span> <span class='ocrx_word' id='word_1_67' title='bbox 1023 1318 1244 1386; x_wconf 78' lang='grc' dir='ltr'>συνάγει</span> <span class='ocrx_word' id='word_1_68' title='bbox 1278 1320 1439 1375; x_wconf 84' lang='grc' dir='ltr'>πάλιν</span> <span class='ocrx_word' id='word_1_69' title='bbox 1468 1322 1548 1385; x_wconf 88' lang='grc' dir='ltr'><strong>είς</strong></span> <span class='ocrx_word' id='word_1_70' title='bbox 1574 1322 1788 1387; x_wconf 75' lang='grc' dir='ltr'>ἕνωσιν,</span> 
     </span>
    </p>
   </div>
   <div class='ocr_carea' id='block_1_12' title="bbox 207 1400 1784 1481">
    <p class='ocr_par' dir='ltr' id='par_1_12' title="bbox 207 1400 1784 1481">
     <span class='ocr_line' id='line_1_12' title="bbox 207 1400 1784 1481; baseline 0.01 -29"><span class='ocrx_word' id='word_1_71' title='bbox 207 1400 417 1455; x_wconf 82' lang='grc' dir='ltr'>διαλύει</span> <span class='ocrx_word' id='word_1_72' title='bbox 447 1420 508 1457; x_wconf 82' lang='grc' dir='ltr'><strong>τε</strong></span> <span class='ocrx_word' id='word_1_73' title='bbox 546 1400 637 1469; x_wconf 82' lang='grc' dir='ltr'>αὗ,</span> <span class='ocrx_word' id='word_1_74' title='bbox 683 1407 778 1459; x_wconf 72' lang='grc' dir='ltr'>καὶ</span> <span class='ocrx_word' id='word_1_75' title='bbox 814 1407 1085 1479; x_wconf 76' lang='grc' dir='ltr'>ἐξίστησιν</span> <span class='ocrx_word' id='word_1_76' title='bbox 1136 1410 1380 1481; x_wconf 78' lang='grc' dir='ltr'>ἀλλήλων</span> <span class='ocrx_word' id='word_1_77' title='bbox 1421 1412 1520 1475; x_wconf 82' lang='grc' dir='ltr'>τὰς</span> <span class='ocrx_word' id='word_1_78' title='bbox 1572 1414 1784 1481; x_wconf 86' lang='grc' dir='ltr'>φύσεις,</span> 
     </span>
    </p>
   </div>
   <div class='ocr_carea' id='block_1_13' title="bbox 214 1494 1785 1571">
    <p class='ocr_par' dir='ltr' id='par_1_13' title="bbox 214 1494 1785 1571">
     <span class='ocr_line' id='line_1_13' title="bbox 214 1494 1785 1571; baseline 0.008 -27"><span class='ocrx_word' id='word_1_79' title='bbox 214 1494 452 1549; x_wconf 88' lang='grc' dir='ltr'>πλεῖστά</span> <span class='ocrx_word' id='word_1_80' title='bbox 486 1513 544 1549; x_wconf 78' lang='grc' dir='ltr'><strong>τε</strong></span> <span class='ocrx_word' id='word_1_81' title='bbox 581 1499 683 1551; x_wconf 84' lang='grc' dir='ltr'>ὅσα</span> <span class='ocrx_word' id='word_1_82' title='bbox 717 1500 843 1569; x_wconf 74' lang='grc' dir='ltr'>περὶ</span> <span class='ocrx_word' id='word_1_83' title='bbox 884 1500 1089 1553; x_wconf 86' lang='grc' dir='ltr'>τούτων</span> <span class='ocrx_word' id='word_1_84' title='bbox 1116 1503 1249 1571; x_wconf 88' lang='grc' dir='ltr'>ήμῖν</span> <span class='ocrx_word' id='word_1_85' title='bbox 1279 1503 1553 1571; x_wconf 81' lang='grc' dir='ltr'>κενολογεῖ</span> <span class='ocrx_word' id='word_1_86' title='bbox 1579 1505 1671 1557; x_wconf 78' lang='grc' dir='ltr'><strong>καὶ</strong></span> <span class='ocrx_word' id='word_1_87' title='bbox 1702 1520 1785 1556; x_wconf 64' lang='grc' dir='ltr'>τε.</span> 
     </span>
    </p>
   </div>
   <div class='ocr_carea' id='block_1_14' title="bbox 212 1586 1787 1667">
    <p class='ocr_par' dir='ltr' id='par_1_14' title="bbox 212 1586 1787 1667">
     <span class='ocr_line' id='line_1_14' title="bbox 212 1586 1787 1667; baseline 0.01 -31"><span class='ocrx_word' id='word_1_88' title='bbox 212 1586 518 1655; x_wconf 80' lang='grc' dir='ltr'>ρατεύεται,</span> <span class='ocrx_word' id='word_1_89' title='bbox 540 1590 626 1644; x_wconf 84' lang='grc' dir='ltr'><strong>ἴνα</strong></span> <span class='ocrx_word' id='word_1_90' title='bbox 657 1590 759 1645; x_wconf 76' lang='grc' dir='ltr'><strong>κᾶν</strong></span> <span class='ocrx_word' id='word_1_91' title='bbox 783 1592 896 1645; x_wconf 80' lang='grc' dir='ltr'>εἴτι</span> <span class='ocrx_word' id='word_1_92' title='bbox 928 1593 1169 1662; x_wconf 86' lang='grc' dir='ltr'>φαίνοιτο</span> <span class='ocrx_word' id='word_1_93' title='bbox 1198 1595 1372 1662; x_wconf 87' lang='grc' dir='ltr'>λέγων</span> <span class='ocrx_word' id='word_1_94' title='bbox 1396 1596 1505 1648; x_wconf 81' lang='grc' dir='ltr'><strong>τῶν</strong></span> <span class='ocrx_word' id='word_1_95' title='bbox 1532 1598 1610 1660; x_wconf 90' lang='grc' dir='ltr'><strong>είς</strong></span> <span class='ocrx_word' id='word_1_96' title='bbox 1634 1598 1787 1667; x_wconf 73' lang='grc' dir='ltr'>ὀρθό-</span> 
     </span>
    </p>
   </div>
   <div class='ocr_carea' id='block_1_15' title="bbox 192 1682 1789 1761">
    <p class='ocr_par' dir='ltr' id='par_1_15' title="bbox 192 1682 1789 1761">
     <span class='ocr_line' id='line_1_15' title="bbox 192 1682 1789 1761; baseline 0.008 -30"><span class='ocrx_word' id='word_1_97' title='bbox 192 1697 347 1750; x_wconf 80' lang='grc' dir='ltr'>τητα</span> <span class='ocrx_word' id='word_1_98' title='bbox 378 1682 729 1747; x_wconf 84' lang='grc' dir='ltr'>νενευκότων,</span> <span class='ocrx_word' id='word_1_99' title='bbox 759 1684 1112 1756; x_wconf 72' lang='grc' dir='ltr'><strong>ἐξελέγχηται</strong></span> <span class='ocrx_word' id='word_1_100' title='bbox 1150 1686 1335 1757; x_wconf 81' lang='grc' dir='ltr'>σαφῶς</span> <span class='ocrx_word' id='word_1_101' title='bbox 1365 1690 1439 1761; x_wconf 85' lang='grc' dir='ltr'>μὴ</span> <span class='ocrx_word' id='word_1_102' title='bbox 1468 1690 1622 1754; x_wconf 79' lang='grc' dir='ltr'>εἰδὼς</span> <span class='ocrx_word' id='word_1_103' title='bbox 1649 1691 1676 1743; x_wconf 85' lang='grc' dir='ltr'>ὃ</span> <span class='ocrx_word' id='word_1_104' title='bbox 1702 1691 1789 1744; x_wconf 89' lang='grc' dir='ltr'>λέ-</span> 
     </span>
    </p>
   </div>
   <div class='ocr_carea' id='block_1_16' title="bbox 207 1768 1782 1850">
    <p class='ocr_par' dir='ltr' id='par_1_16' title="bbox 207 1768 1782 1850">
     <span class='ocr_line' id='line_1_16' title="bbox 207 1768 1782 1850; baseline 0.007 -27"><span class='ocrx_word' id='word_1_105' title='bbox 207 1788 312 1839; x_wconf 88' lang='grc' dir='ltr'>γει,</span> <span class='ocrx_word' id='word_1_106' title='bbox 344 1768 499 1827; x_wconf 78' lang='grc' dir='ltr'>Εἶναι</span> <span class='ocrx_word' id='word_1_107' title='bbox 542 1774 641 1844; x_wconf 76' lang='grc' dir='ltr'>μὲν</span> <span class='ocrx_word' id='word_1_108' title='bbox 674 1775 783 1846; x_wconf 84' lang='grc' dir='ltr'>γὰρ</span> <span class='ocrx_word' id='word_1_109' title='bbox 806 1776 992 1830; x_wconf 81' lang='grc' dir='ltr'>ἐνθάδε</span> <span class='ocrx_word' id='word_1_110' title='bbox 1029 1780 1161 1848; x_wconf 55' lang='grc' dir='ltr'><strong>φησὶ⁵</strong></span> <span class='ocrx_word' id='word_1_111' title='bbox 1190 1779 1279 1831; x_wconf 85' lang='grc' dir='ltr'><strong>τὸν</strong></span> <span class='ocrx_word' id='word_1_112' title='bbox 1303 1780 1397 1833; x_wconf 79' lang='grc' dir='ltr'>τοῦ</span> <span class='ocrx_word' id='word_1_113' title='bbox 1426 1780 1560 1834; x_wconf 88' lang='grc' dir='ltr'><strong>Θεοῦ</strong></span> <span class='ocrx_word' id='word_1_114' title='bbox 1589 1783 1782 1850; x_wconf 80' lang='grc' dir='ltr'>Λόγον,</span> 
     </span>
    </p>
   </div>
   <div class='ocr_carea' id='block_1_17' title="bbox 208 1847 1860 1944">
    <p class='ocr_par' dir='ltr' id='par_1_17' title="bbox 208 1847 1860 1944">
     <span class='ocr_line' id='line_1_17' title="bbox 208 1847 1860 1944; baseline 0.01 -30"><span class='ocrx_word' id='word_1_115' title='bbox 208 1863 306 1914; x_wconf 72' lang='grc' dir='ltr'><strong>καὶ</strong></span> <span class='ocrx_word' id='word_1_116' title='bbox 340 1864 466 1917; x_wconf 84' lang='grc' dir='ltr'>Υίδν</span> <span class='ocrx_word' id='word_1_117' title='bbox 490 1868 585 1920; x_wconf 79' lang='grc' dir='ltr'><strong>καί</strong></span> <span class='ocrx_word' id='word_1_118' title='bbox 610 1867 760 1934; x_wconf 82' lang='grc' dir='ltr'>Θεὸν,</span> <span class='ocrx_word' id='word_1_119' title='bbox 791 1870 884 1921; x_wconf 72' lang='grc' dir='ltr'>καὶ</span> <span class='ocrx_word' id='word_1_120' title='bbox 916 1870 1020 1939; x_wconf 79' lang='grc' dir='ltr'>πρὸ</span> <span class='ocrx_word' id='word_1_121' title='bbox 1048 1872 1147 1938; x_wconf 83' lang='grc' dir='ltr'><strong>τῆς</strong></span> <span class='ocrx_word' id='word_1_122' title='bbox 1167 1872 1632 1944; x_wconf 81' lang='grc' dir='ltr'>ἐνανθρωπήσεως</span> <span class='ocrx_word' id='word_1_123' title='bbox 1652 1847 1785 1929; x_wconf 28' lang='grc' dir='ltr'>’-καὶ</span> <span class='ocrx_word' id='word_1_124' title='bbox 1818 1847 1860 1900; x_wconf 75' lang='grc' dir='ltr'><strong>Β</strong></span> 
     </span>
    </p>
   </div>
   <div class='ocr_carea' id='block_1_18' title="bbox 211 1953 1784 2036">
    <p class='ocr_par' dir='ltr' id='par_1_18' title="bbox 211 1953 1784 2036">
     <span class='ocr_line' id='line_1_18' title="bbox 211 1953 1784 2036; baseline 0.011 -32"><span class='ocrx_word' id='word_1_125' title='bbox 211 1953 320 2021; x_wconf 80' lang='grc' dir='ltr'>μὴν</span> <span class='ocrx_word' id='word_1_126' title='bbox 352 1954 433 2007; x_wconf 82' lang='grc' dir='ltr'><strong>ὅτι</strong></span> <span class='ocrx_word' id='word_1_127' title='bbox 468 1958 559 2009; x_wconf 83' lang='grc' dir='ltr'><strong>καὶ</strong></span> <span class='ocrx_word' id='word_1_128' title='bbox 605 1958 664 2009; x_wconf 87' lang='grc' dir='ltr'><strong>ἐν</strong></span> <span class='ocrx_word' id='word_1_129' title='bbox 712 1959 960 2029; x_wconf 82' lang='grc' dir='ltr'>ὑστέροις</span> <span class='ocrx_word' id='word_1_130' title='bbox 999 1965 1211 2032; x_wconf 86' lang='grc' dir='ltr'>καιροῖς</span> <span class='ocrx_word' id='word_1_131' title='bbox 1260 1964 1487 2017; x_wconf 89' lang='grc' dir='ltr'>ἀνέλαϐε</span> <span class='ocrx_word' id='word_1_132' title='bbox 1537 1968 1638 2036; x_wconf 77' lang='grc' dir='ltr'><strong>τὴν</strong></span> <span class='ocrx_word' id='word_1_133' title='bbox 1690 1966 1784 2020; x_wconf 73' lang='grc' dir='ltr'>τοῦ</span> 
     </span>
    </p>
   </div>
   <div class='ocr_carea' id='block_1_19' title="bbox 204 2044 1787 2127">
    <p class='ocr_par' dir='ltr' id='par_1_19' title="bbox 204 2044 1787 2127">
     <span class='ocr_line' id='line_1_19' title="bbox 204 2044 1787 2127; baseline 0.013 -32"><span class='ocrx_word' id='word_1_134' title='bbox 204 2044 396 2097; x_wconf 82' lang='grc' dir='ltr'>δούλου</span> <span class='ocrx_word' id='word_1_135' title='bbox 426 2050 659 2120; x_wconf 86' lang='grc' dir='ltr'>μορφήν.</span> <span class='ocrx_word' id='word_1_136' title='bbox 692 2050 870 2121; x_wconf 78' lang='grc' dir='ltr'>Φράζε</span> <span class='ocrx_word' id='word_1_137' title='bbox 906 2052 968 2124; x_wconf 85' lang='grc' dir='ltr'>δὴ</span> <span class='ocrx_word' id='word_1_138' title='bbox 1002 2050 1113 2117; x_wconf 80' lang='grc' dir='ltr'>οὖν,</span> <span class='ocrx_word' id='word_1_139' title='bbox 1147 2057 1194 2108; x_wconf 86' lang='grc' dir='ltr'><strong>εί</strong></span> <span class='ocrx_word' id='word_1_140' title='bbox 1227 2058 1299 2127; x_wconf 87' lang='grc' dir='ltr'><strong>μή</strong></span> <span class='ocrx_word' id='word_1_141' title='bbox 1338 2075 1420 2110; x_wconf 92' lang='grc' dir='ltr'><strong>σοι</strong></span> <span class='ocrx_word' id='word_1_142' title='bbox 1446 2059 1587 2111; x_wconf 85' lang='grc' dir='ltr'>δοκῶ</span> <span class='ocrx_word' id='word_1_143' title='bbox 1615 2061 1681 2114; x_wconf 80' lang='grc' dir='ltr'>τὰ</span> <span class='ocrx_word' id='word_1_144' title='bbox 1713 2064 1787 2115; x_wconf 85' lang='grc' dir='ltr'>εί-</span> 
     </span>
    </p>
   </div>
   <div class='ocr_carea' id='block_1_20' title="bbox 205 2136 1782 2221">
    <p class='ocr_par' dir='ltr' id='par_1_20' title="bbox 205 2136 1782 2221">
     <span class='ocr_line' id='line_1_20' title="bbox 205 2136 1782 2221; baseline 0.011 -33"><span class='ocrx_word' id='word_1_145' title='bbox 205 2136 341 2190; x_wconf 84' lang='grc' dir='ltr'>κότα</span> <span class='ocrx_word' id='word_1_146' title='bbox 366 2137 564 2207; x_wconf 86' lang='grc' dir='ltr'>λέγειν,</span> <span class='ocrx_word' id='word_1_147' title='bbox 592 2141 672 2204; x_wconf 84' lang='grc' dir='ltr'><strong>τίς</strong></span> <span class='ocrx_word' id='word_1_148' title='bbox 699 2143 764 2213; x_wconf 81' lang='grc' dir='ltr'>δὴ</span> <span class='ocrx_word' id='word_1_149' title='bbox 803 2145 911 2215; x_wconf 82' lang='grc' dir='ltr'><strong>ἄρα</strong></span> <span class='ocrx_word' id='word_1_150' title='bbox 943 2148 1089 2199; x_wconf 74' lang='grc' dir='ltr'>ἐστὶν</span> <span class='ocrx_word' id='word_1_151' title='bbox 1121 2149 1149 2199; x_wconf 97' lang='lat'><strong>6</strong></span> <span class='ocrx_word' id='word_1_152' title='bbox 1178 2148 1596 2220; x_wconf 86' lang='grc' dir='ltr'>ἐνανθρωπῆσαι</span> <span class='ocrx_word' id='word_1_153' title='bbox 1624 2152 1782 2221; x_wconf 82' lang='grc' dir='ltr'>λεγό-</span> 
     </span>
    </p>
   </div>
   <div class='ocr_carea' id='block_1_21' title="bbox 207 2232 1783 2312">
    <p class='ocr_par' dir='ltr' id='par_1_21' title="bbox 207 2232 1783 2312">
     <span class='ocr_line' id='line_1_21' title="bbox 207 2232 1783 2312; baseline 0.01 -32"><span class='ocrx_word' id='word_1_154' title='bbox 207 2246 408 2296; x_wconf 86' lang='grc' dir='ltr'>μενος;</span> <span class='ocrx_word' id='word_1_155' title='bbox 437 2233 529 2284; x_wconf 74' lang='grc' dir='ltr'><strong>καὶ</strong></span> <span class='ocrx_word' id='word_1_156' title='bbox 555 2232 609 2285; x_wconf 85' lang='grc' dir='ltr'><strong>τί</strong></span> <span class='ocrx_word' id='word_1_157' title='bbox 636 2234 715 2300; x_wconf 88' lang='grc' dir='ltr'><strong>τὸ,</strong></span> <span class='ocrx_word' id='word_1_158' title='bbox 746 2237 1184 2307; x_wconf 84' lang='grc' dir='ltr'>ἐνανθρωπῆσαι,</span> <span class='ocrx_word' id='word_1_159' title='bbox 1218 2241 1356 2309; x_wconf 88' lang='grc' dir='ltr'>φής;</span> <span class='ocrx_word' id='word_1_160' title='bbox 1394 2241 1478 2302; x_wconf 81' lang='grc' dir='ltr'><strong>τίς</strong></span> <span class='ocrx_word' id='word_1_161' title='bbox 1505 2244 1532 2295; x_wconf 91' lang='lat'><strong>6</strong></span> <span class='ocrx_word' id='word_1_162' title='bbox 1561 2242 1659 2312; x_wconf 80' lang='grc' dir='ltr'>τὴν</span> <span class='ocrx_word' id='word_1_163' title='bbox 1689 2244 1783 2296; x_wconf 76' lang='grc' dir='ltr'>τοῦ</span> 
     </span>
    </p>
   </div>
   <div class='ocr_carea' id='block_1_22' title="bbox 201 2319 1782 2405">
    <p class='ocr_par' dir='ltr' id='par_1_22' title="bbox 201 2319 1782 2405">
     <span class='ocr_line' id='line_1_22' title="bbox 201 2319 1782 2405; baseline 0.011 -33"><span class='ocrx_word' id='word_1_164' title='bbox 201 2319 393 2374; x_wconf 73' lang='grc' dir='ltr'>δούλου</span> <span class='ocrx_word' id='word_1_165' title='bbox 438 2325 652 2395; x_wconf 75' lang='grc' dir='ltr'>μορφὴν</span> <span class='ocrx_word' id='word_1_166' title='bbox 695 2328 1012 2396; x_wconf 85' lang='grc' dir='ltr'>ἀναλαϐών;</span> <span class='ocrx_word' id='word_1_167' title='bbox 1059 2332 1331 2402; x_wconf 84' lang='grc' dir='ltr'>ἀνελήφθη</span> <span class='ocrx_word' id='word_1_168' title='bbox 1366 2333 1420 2386; x_wconf 87' lang='grc' dir='ltr'>δὲ</span> <span class='ocrx_word' id='word_1_169' title='bbox 1452 2334 1583 2405; x_wconf 82' lang='grc' dir='ltr'>παρ’</span> <span class='ocrx_word' id='word_1_170' title='bbox 1616 2337 1782 2389; x_wconf 77' lang='grc' dir='ltr'>αὑτοῦ</span> 
     </span>
    </p>
   </div>
   <div class='ocr_carea' id='block_1_23' title="bbox 201 2409 1781 2497">
    <p class='ocr_par' dir='ltr' id='par_1_23' title="bbox 201 2409 1781 2497">
     <span class='ocr_line' id='line_1_23' title="bbox 201 2409 1781 2497; baseline 0.01 -34"><span class='ocrx_word' id='word_1_171' title='bbox 201 2409 323 2465; x_wconf 83' lang='grc' dir='ltr'>τίνα</span> <span class='ocrx_word' id='word_1_172' title='bbox 353 2414 583 2481; x_wconf 87' lang='grc' dir='ltr'>τρόπον;</span> <span class='ocrx_word' id='word_1_173' title='bbox 617 2417 738 2471; x_wconf 81' lang='grc' dir='ltr'>Ὀτι</span> <span class='ocrx_word' id='word_1_174' title='bbox 771 2421 869 2490; x_wconf 83' lang='grc' dir='ltr'>μὲν</span> <span class='ocrx_word' id='word_1_175' title='bbox 913 2417 1006 2475; x_wconf 81' lang='grc' dir='ltr'><strong>οὖν</strong></span> <span class='ocrx_word' id='word_1_176' title='bbox 1038 2422 1324 2492; x_wconf 78' lang='grc' dir='ltr'>ἄνθρωπον</span> <span class='ocrx_word' id='word_1_177' title='bbox 1365 2426 1781 2497; x_wconf 80' lang='grc' dir='ltr'>ἐνανθρωπῆσαι</span> 
     </span>
    </p>
   </div>
   <div class='ocr_carea' id='block_1_24' title="bbox 202 2501 1780 2589">
    <p class='ocr_par' dir='ltr' id='par_1_24' title="bbox 202 2501 1780 2589">
     <span class='ocr_line' id='line_1_24' title="bbox 202 2501 1780 2589; baseline 0.013 -36"><span class='ocrx_word' id='word_1_178' title='bbox 202 2501 397 2571; x_wconf 80' lang='grc' dir='ltr'>λέγων,</span> <span class='ocrx_word' id='word_1_179' title='bbox 431 2506 663 2574; x_wconf 83' lang='grc' dir='ltr'>γέλωτος</span> <span class='ocrx_word' id='word_1_180' title='bbox 709 2510 864 2575; x_wconf 80' lang='grc' dir='ltr'>ἀξίαν</span> <span class='ocrx_word' id='word_1_181' title='bbox 916 2515 1185 2583; x_wconf 80' lang='grc' dir='ltr'>ἀποφανεῖ</span> <span class='ocrx_word' id='word_1_182' title='bbox 1227 2516 1325 2585; x_wconf 81' lang='grc' dir='ltr'><strong>τὴν</strong></span> <span class='ocrx_word' id='word_1_183' title='bbox 1357 2517 1550 2570; x_wconf 82' lang='grc' dir='ltr'>ἑαυτοῦ</span> <span class='ocrx_word' id='word_1_184' title='bbox 1588 2520 1780 2589; x_wconf 84' lang='grc' dir='ltr'>φρένα,</span> 
     </span>
    </p>
   </div>
   <div class='ocr_carea' id='block_1_25' title="bbox 203 2594 1782 2682">
    <p class='ocr_par' dir='ltr' id='par_1_25' title="bbox 203 2594 1782 2682">
     <span class='ocr_line' id='line_1_25' title="bbox 203 2594 1782 2682; baseline 0.013 -36"><span class='ocrx_word' id='word_1_185' title='bbox 203 2594 323 2659; x_wconf 85' lang='grc' dir='ltr'>πῶς</span> <span class='ocrx_word' id='word_1_186' title='bbox 354 2598 420 2649; x_wconf 79' lang='grc' dir='ltr'><strong>ἂν</strong></span> <span class='ocrx_word' id='word_1_187' title='bbox 448 2600 741 2655; x_wconf 84' lang='grc' dir='ltr'>ἐνδοιάσειέ</span> <span class='ocrx_word' id='word_1_188' title='bbox 766 2622 849 2667; x_wconf 87' lang='grc' dir='ltr'><strong>τις</strong></span> <span class='ocrx_word' id='word_1_189' title='bbox 873 2623 886 2669; x_wconf 89' lang='grc'>;</span> <span class='ocrx_word' id='word_1_190' title='bbox 914 2608 943 2657; x_wconf 90' lang='lat'><strong>6</strong></span> <span class='ocrx_word' id='word_1_191' title='bbox 973 2607 1078 2677; x_wconf 83' lang='grc' dir='ltr'>γὰρ</span> <span class='ocrx_word' id='word_1_192' title='bbox 1111 2606 1185 2661; x_wconf 81' lang='grc' dir='ltr'>ὢν</span> <span class='ocrx_word' id='word_1_193' title='bbox 1210 2607 1494 2680; x_wconf 79' lang='grc' dir='ltr'>ἄνθρωπος</span> <span class='ocrx_word' id='word_1_194' title='bbox 1520 2612 1661 2665; x_wconf 84' lang='grc' dir='ltr'><strong>κατὰ</strong></span> <span class='ocrx_word' id='word_1_195' title='bbox 1684 2614 1782 2682; x_wconf 84' lang='grc' dir='ltr'><strong>φύ-</strong></span> 
     </span>
    </p>
   </div>
   <div class='ocr_carea' id='block_1_26' title="bbox 203 2689 1782 2777">
    <p class='ocr_par' dir='ltr' id='par_1_26' title="bbox 203 2689 1782 2777">
     <span class='ocr_line' id='line_1_26' title="bbox 203 2689 1782 2777; baseline 0.014 -39"><span class='ocrx_word' id='word_1_196' title='bbox 203 2704 308 2749; x_wconf 88' lang='grc' dir='ltr'>σιν,</span> <span class='ocrx_word' id='word_1_197' title='bbox 342 2689 460 2753; x_wconf 82' lang='grc' dir='ltr'>πῶς</span> <span class='ocrx_word' id='word_1_198' title='bbox 494 2691 561 2745; x_wconf 78' lang='grc' dir='ltr'>ἂν</span> <span class='ocrx_word' id='word_1_199' title='bbox 600 2693 627 2745; x_wconf 81' lang='lat'><strong>6</strong></span> <span class='ocrx_word' id='word_1_200' title='bbox 668 2690 735 2764; x_wconf 81' lang='grc' dir='ltr'>ἦν</span> <span class='ocrx_word' id='word_1_201' title='bbox 787 2697 997 2763; x_wconf 86' lang='grc' dir='ltr'>γένοιτο</span> <span class='ocrx_word' id='word_1_202' title='bbox 1038 2698 1219 2767; x_wconf 88' lang='grc' dir='ltr'>πάλιν,</span> <span class='ocrx_word' id='word_1_203' title='bbox 1253 2704 1345 2755; x_wconf 77' lang='grc' dir='ltr'>καὶ</span> <span class='ocrx_word' id='word_1_204' title='bbox 1375 2704 1449 2767; x_wconf 82' lang='grc' dir='ltr'>ὡς</span> <span class='ocrx_word' id='word_1_205' title='bbox 1483 2706 1565 2773; x_wconf 82' lang='grc' dir='ltr'>ἐφ’</span> <span class='ocrx_word' id='word_1_206' title='bbox 1591 2704 1782 2777; x_wconf 81' lang='grc' dir='ltr'>ἕτερόν</span> 
     </span>
    </p>
   </div>
   <div class='ocr_carea' id='block_1_27' title="bbox 200 2784 1781 2867">
    <p class='ocr_par' dir='ltr' id='par_1_27' title="bbox 200 2784 1781 2867">
     <span class='ocr_line' id='line_1_27' title="bbox 200 2784 1781 2867; baseline 0.015 -38"><span class='ocrx_word' id='word_1_207' title='bbox 200 2794 253 2830; x_wconf 91' lang='grc' dir='ltr'><strong>τι</strong></span> <span class='ocrx_word' id='word_1_208' title='bbox 278 2784 752 2852; x_wconf 80' lang='grc' dir='ltr'>μετακεχωρηκὼς</span> <span class='ocrx_word' id='word_1_209' title='bbox 779 2785 861 2857; x_wconf 72' lang='grc' dir='ltr'>εἴη</span> <span class='ocrx_word' id='word_1_210' title='bbox 890 2788 975 2851; x_wconf 82' lang='grc' dir='ltr'><strong>ἂν,</strong></span> <span class='ocrx_word' id='word_1_211' title='bbox 1005 2793 1145 2846; x_wconf 85' lang='grc' dir='ltr'>κατά</span> <span class='ocrx_word' id='word_1_212' title='bbox 1174 2794 1236 2861; x_wconf 88' lang='grc' dir='ltr'><strong>γέ</strong></span> <span class='ocrx_word' id='word_1_213' title='bbox 1266 2812 1407 2865; x_wconf 76' lang='grc' dir='ltr'>φημι</span> <span class='ocrx_word' id='word_1_214' title='bbox 1438 2796 1529 2849; x_wconf 83' lang='grc' dir='ltr'><strong>τὸν</strong></span> <span class='ocrx_word' id='word_1_215' title='bbox 1559 2799 1655 2866; x_wconf 79' lang='grc' dir='ltr'>τῆς</span> <span class='ocrx_word' id='word_1_216' title='bbox 1683 2800 1781 2867; x_wconf 79' lang='grc' dir='ltr'><strong>φύ-</strong></span> 
     </span>
    </p>
   </div>
   <div class='ocr_carea' id='block_1_28' title="bbox 202 2869 1776 2960">
    <p class='ocr_par' dir='ltr' id='par_1_28' title="bbox 202 2869 1776 2960">
     <span class='ocr_line' id='line_1_28' title="bbox 202 2869 1776 2960; baseline 0.016 -42"><span class='ocrx_word' id='word_1_217' title='bbox 202 2885 341 2960; x_wconf 78' lang='grc' dir='ltr'>σεως</span> <span class='ocrx_word' id='word_1_218' title='bbox 366 2869 557 2939; x_wconf 86' lang='grc' dir='ltr'>λόγον;</span> <span class='ocrx_word' id='word_1_219' title='bbox 594 2874 666 2927; x_wconf 91' lang='lat' dir='ltr'><em>T6</em></span> <span class='ocrx_word' id='word_1_220' title='bbox 710 2876 765 2928; x_wconf 85' lang='grc' dir='ltr'><strong>δέ</strong></span> <span class='ocrx_word' id='word_1_221' title='bbox 804 2880 944 2933; x_wconf 77' lang='grc' dir='ltr'><strong>κατὰ</strong></span> <span class='ocrx_word' id='word_1_222' title='bbox 979 2881 1138 2951; x_wconf 84' lang='grc' dir='ltr'>φύσιν</span> <span class='ocrx_word' id='word_1_223' title='bbox 1173 2885 1309 2939; x_wconf 79' lang='grc' dir='ltr'>ἰδίαν</span> <span class='ocrx_word' id='word_1_224' title='bbox 1340 2888 1439 2940; x_wconf 77' lang='grc' dir='ltr'><strong>οὐκ</strong></span> <span class='ocrx_word' id='word_1_225' title='bbox 1474 2889 1776 2960; x_wconf 79' lang='grc' dir='ltr'>ἐλεύθερον,</span> 
     </span>
    </p>
   </div>
   <div class='ocr_carea' id='block_1_29' title="bbox 198 2958 1780 3046">
    <p class='ocr_par' dir='ltr' id='par_1_29' title="bbox 198 2958 1780 3046">
     <span class='ocr_line' id='line_1_29' title="bbox 198 2958 1780 3046; baseline 0.017 -36"><span class='ocrx_word' id='word_1_226' title='bbox 198 2958 320 3013; x_wconf 85' lang='grc' dir='ltr'>τίνα</span> <span class='ocrx_word' id='word_1_227' title='bbox 352 2962 551 3033; x_wconf 80' lang='grc' dir='ltr'>τρόπον</span> <span class='ocrx_word' id='word_1_228' title='bbox 576 2967 641 3019; x_wconf 88' lang='grc' dir='ltr'><strong>ἂν</strong></span> <span class='ocrx_word' id='word_1_229' title='bbox 672 2966 882 3036; x_wconf 83' lang='grc' dir='ltr'>λέγοιτο</span> <span class='ocrx_word' id='word_1_230' title='bbox 923 2976 1255 3046; x_wconf 82' lang='grc' dir='ltr'>γεγενῆσθαι</span> <span class='ocrx_word' id='word_1_231' title='bbox 1287 2979 1490 3044; x_wconf 75' lang='grc' dir='ltr'>δοῦλον,</span> <span class='ocrx_word' id='word_1_232' title='bbox 1520 2983 1595 3046; x_wconf 86' lang='grc' dir='ltr'>ὠς</span> <span class='ocrx_word' id='word_1_233' title='bbox 1624 2958 1780 3037; x_wconf 84' lang='grc' dir='ltr'>τοῦτο</span> 
     </span>
    </p>
   </div>
   <div class='ocr_carea' id='block_1_30' title="bbox 198 3052 1778 3145">
    <p class='ocr_par' dir='ltr' id='par_1_30' title="bbox 198 3052 1778 3145">
     <span class='ocr_line' id='line_1_30' title="bbox 198 3052 1778 3145; baseline 0.018 -43"><span class='ocrx_word' id='word_1_234' title='bbox 198 3052 392 3145; x_wconf 14' lang='grc' dir='ltr'>οίικῗόν</span> <span class='ocrx_word' id='word_1_235' title='bbox 426 3055 485 3109; x_wconf 83' lang='grc' dir='ltr'><strong>ἐν</strong></span> <span class='ocrx_word' id='word_1_236' title='bbox 516 3058 742 3129; x_wconf 85' lang='grc' dir='ltr'>άρχαῖς;</span> <span class='ocrx_word' id='word_1_237' title='bbox 776 3063 988 3118; x_wconf 77' lang='grc' dir='ltr'>Οὐκοῦν</span> <span class='ocrx_word' id='word_1_238' title='bbox 1031 3068 1131 3120; x_wconf 73' lang='grc' dir='ltr'><strong>οὐκ</strong></span> <span class='ocrx_word' id='word_1_239' title='bbox 1176 3069 1449 3143; x_wconf 81' lang='grc' dir='ltr'><strong>ἀνθρώπῳ</strong></span> <span class='ocrx_word' id='word_1_240' title='bbox 1482 3075 1680 3145; x_wconf 83' lang='grc' dir='ltr'>πρέποι</span> <span class='ocrx_word' id='word_1_241' title='bbox 1713 3077 1778 3130; x_wconf 77' lang='grc' dir='ltr'><strong>ἂν</strong></span> 
     </span>
    </p>
   </div>
   <div class='ocr_carea' id='block_1_31' title="bbox 196 3141 1846 3238">
    <p class='ocr_par' dir='ltr' id='par_1_31' title="bbox 196 3141 1846 3238">
     <span class='ocr_line' id='line_1_31' title="bbox 196 3141 1846 3238; baseline 0.017 -46"><span class='ocrx_word' id='word_1_242' title='bbox 196 3141 280 3205; x_wconf 89' lang='lat'><em>16,</em></span> <span class='ocrx_word' id='word_1_243' title='bbox 306 3144 743 3238; x_wconf 46' lang='lat' dir='ltr'><strong>év_av69m1rﬁoaz,</strong></span> <span class='ocrx_word' id='word_1_244' title='bbox 777 3153 969 3205; x_wconf 86' lang='grc' dir='ltr'>πολλοῦ</span> <span class='ocrx_word' id='word_1_245' title='bbox 997 3172 1058 3223; x_wconf 90' lang='grc' dir='ltr'><strong>γε</strong></span> <span class='ocrx_word' id='word_1_246' title='bbox 1085 3156 1192 3209; x_wconf 89' lang='grc' dir='ltr'>δεῖ·</span> <span class='ocrx_word' id='word_1_247' title='bbox 1221 3160 1312 3211; x_wconf 70' lang='grc' dir='ltr'><strong>καὶ</strong></span> <span class='ocrx_word' id='word_1_248' title='bbox 1341 3141 1439 3229; x_wconf 79' lang='grc' dir='ltr'><strong>τὴν</strong></span> <span class='ocrx_word' id='word_1_249' title='bbox 1465 3141 1557 3215; x_wconf 71' lang='grc' dir='ltr'>τοιῖ</span> <span class='ocrx_word' id='word_1_250' title='bbox 1588 3165 1776 3218; x_wconf 79' lang='grc' dir='ltr'>δούλου</span> <span class='ocrx_word' id='word_1_251' title='bbox 1806 3183 1846 3238; x_wconf 78' lang='lat' dir='ltr'><strong>C</strong></span> 
     </span>
    </p>
   </div>
   <div class='ocr_carea' id='block_1_32' title="bbox 202 3236 1777 3323">
    <p class='ocr_par' dir='ltr' id='par_1_32' title="bbox 202 3236 1777 3323">
     <span class='ocr_line' id='line_1_32' title="bbox 202 3236 1777 3323; baseline 0.017 -39"><span class='ocrx_word' id='word_1_252' title='bbox 202 3236 416 3305; x_wconf 80' lang='grc' dir='ltr'>μορφὴν</span> <span class='ocrx_word' id='word_1_253' title='bbox 442 3237 643 3305; x_wconf 79' lang='grc' dir='ltr'>λαϐεῖν,</span> <span class='ocrx_word' id='word_1_254' title='bbox 667 3242 784 3312; x_wconf 72' lang='grc' dir='ltr'>οὐχὶ</span> <span class='ocrx_word' id='word_1_255' title='bbox 812 3242 888 3313; x_wconf 79' lang='grc' dir='ltr'>τῷ</span> <span class='ocrx_word' id='word_1_256' title='bbox 918 3248 1008 3299; x_wconf 75' lang='grc' dir='ltr'>καὶ</span> <span class='ocrx_word' id='word_1_257' title='bbox 1032 3248 1089 3298; x_wconf 88' lang='grc' dir='ltr'><strong>ἐν</strong></span> <span class='ocrx_word' id='word_1_258' title='bbox 1113 3248 1308 3319; x_wconf 73' lang='grc' dir='ltr'>ἀρχαῖς</span> <span class='ocrx_word' id='word_1_259' title='bbox 1338 3253 1396 3305; x_wconf 82' lang='grc' dir='ltr'>τὸ</span> <span class='ocrx_word' id='word_1_260' title='bbox 1418 3254 1513 3323; x_wconf 79' lang='grc' dir='ltr'><strong>τῆς</strong></span> <span class='ocrx_word' id='word_1_261' title='bbox 1536 3256 1777 3320; x_wconf 84' lang='grc' dir='ltr'>δουλείας</span> 
     </span>
    </p>
   </div>
   <div class='ocr_carea' id='block_1_33' title="bbox 198 3325 1775 3415">
    <p class='ocr_par' dir='ltr' id='par_1_33' title="bbox 198 3325 1775 3415">
     <span class='ocr_line' id='line_1_33' title="bbox 198 3325 1775 3415; baseline 0.015 -39"><span class='ocrx_word' id='word_1_262' title='bbox 198 3325 376 3395; x_wconf 75' lang='grc' dir='ltr'>ἔχοντι</span> <span class='ocrx_word' id='word_1_263' title='bbox 408 3329 626 3399; x_wconf 81' lang='grc' dir='ltr'>μέτρον,</span> <span class='ocrx_word' id='word_1_264' title='bbox 651 3332 767 3384; x_wconf 80' lang='grc' dir='ltr'>ἀλλ’</span> <span class='ocrx_word' id='word_1_265' title='bbox 791 3335 983 3407; x_wconf 83' lang='grc' dir='ltr'>ἐκείνῳ</span> <span class='ocrx_word' id='word_1_266' title='bbox 1014 3339 1232 3407; x_wconf 79' lang='grc' dir='ltr'>μᾶλλον,</span> <span class='ocrx_word' id='word_1_267' title='bbox 1256 3342 1313 3405; x_wconf 83' lang='grc' dir='ltr'>ὃς</span> <span class='ocrx_word' id='word_1_268' title='bbox 1345 3344 1443 3394; x_wconf 77' lang='grc' dir='ltr'>οὐκ</span> <span class='ocrx_word' id='word_1_269' title='bbox 1468 3344 1541 3397; x_wconf 81' lang='grc' dir='ltr'>ὢν</span> <span class='ocrx_word' id='word_1_270' title='bbox 1564 3346 1659 3399; x_wconf 81' lang='grc' dir='ltr'>ἄνθ</span> <span class='ocrx_word' id='word_1_271' title='bbox 1669 3365 1775 3415; x_wconf 84' lang='grc' dir='ltr'>ρω-</span> 
     </span>
    </p>
   </div>
   <div class='ocr_carea' id='block_1_34' title="bbox 198 3418 1777 3497">
    <p class='ocr_par' dir='ltr' id='par_1_34' title="bbox 198 3418 1777 3497">
     <span class='ocr_line' id='line_1_34' title="bbox 198 3418 1777 3497; baseline 0.015 -29"><span class='ocrx_word' id='word_1_272' title='bbox 198 3435 300 3481; x_wconf 85' lang='grc' dir='ltr'><strong>πος</strong></span> <span class='ocrx_word' id='word_1_273' title='bbox 329 3418 468 3471; x_wconf 84' lang='grc' dir='ltr'>κατά</span> <span class='ocrx_word' id='word_1_274' title='bbox 498 3421 677 3490; x_wconf 70' lang='grc' dir='ltr'>φύσιν,</span> <span class='ocrx_word' id='word_1_275' title='bbox 705 3425 863 3480; x_wconf 73' lang='grc' dir='ltr'>τοῦτο</span> <span class='ocrx_word' id='word_1_276' title='bbox 893 3430 1145 3497; x_wconf 86' lang='grc' dir='ltr'>γενέσθαι</span> <span class='ocrx_word' id='word_1_277' title='bbox 1177 3433 1510 3488; x_wconf 70' lang='grc' dir='ltr'>πιστεύεταιο</span> <span class='ocrx_word' id='word_1_278' title='bbox 1544 3437 1637 3490; x_wconf 57' lang='grc' dir='ltr'><strong>καὶ¹</strong></span> <span class='ocrx_word' id='word_1_279' title='bbox 1670 3439 1777 3492; x_wconf 84' lang='grc' dir='ltr'><strong>τῶν</strong></span> 
     </span>
    </p>
   </div>
   <div class='ocr_carea' id='block_1_35' title="bbox 197 3510 1776 3595">
    <p class='ocr_par' dir='ltr' id='par_1_35' title="bbox 197 3510 1776 3595">
     <span class='ocr_line' id='line_1_35' title="bbox 197 3510 1776 3595; baseline 0.015 -34"><span class='ocrx_word' id='word_1_280' title='bbox 197 3510 336 3563; x_wconf 84' lang='grc' dir='ltr'>ὅλων</span> <span class='ocrx_word' id='word_1_281' title='bbox 364 3512 623 3584; x_wconf 82' lang='grc' dir='ltr'>ὑπάρχων</span> <span class='ocrx_word' id='word_1_282' title='bbox 647 3519 942 3590; x_wconf 80' lang='grc' dir='ltr'>Δεσπότης,</span> <span class='ocrx_word' id='word_1_283' title='bbox 968 3522 1041 3586; x_wconf 82' lang='grc' dir='ltr'>ὡς</span> <span class='ocrx_word' id='word_1_284' title='bbox 1073 3523 1227 3587; x_wconf 83' lang='grc' dir='ltr'>Θεὸς,</span> <span class='ocrx_word' id='word_1_285' title='bbox 1244 3525 1484 3595; x_wconf 75' lang='grc' dir='ltr'>καθῆκεν</span> <span class='ocrx_word' id='word_1_286' title='bbox 1504 3529 1694 3583; x_wconf 79' lang='grc' dir='ltr'>ἑαυτὸν</span> <span class='ocrx_word' id='word_1_287' title='bbox 1719 3533 1776 3583; x_wconf 85' lang='grc' dir='ltr'><strong>ἐν</strong></span> 
     </span>
    </p>
   </div>
   <div class='ocr_carea' id='block_1_36' title="bbox 197 3602 1775 3683">
    <p class='ocr_par' dir='ltr' id='par_1_36' title="bbox 197 3602 1775 3683">
     <span class='ocr_line' id='line_1_36' title="bbox 197 3602 1775 3683; baseline 0.014 -31"><span class='ocrx_word' id='word_1_288' title='bbox 197 3604 310 3662; x_wconf 80' lang='grc' dir='ltr'>τοῖς</span> <span class='ocrx_word' id='word_1_289' title='bbox 341 3602 460 3655; x_wconf 82' lang='grc' dir='ltr'>καθ’</span> <span class='ocrx_word' id='word_1_290' title='bbox 482 3607 648 3675; x_wconf 77' lang='grc' dir='ltr'>ἡμᾶς,</span> <span class='ocrx_word' id='word_1_291' title='bbox 680 3609 885 3673; x_wconf 85' lang='grc' dir='ltr'>ένώσας</span> <span class='ocrx_word' id='word_1_292' title='bbox 914 3612 1090 3683; x_wconf 82' lang='grc' dir='ltr'>ἐαυτῷ</span> <span class='ocrx_word' id='word_1_293' title='bbox 1125 3615 1243 3667; x_wconf 87' lang='grc' dir='ltr'>καθ’</span> <span class='ocrx_word' id='word_1_294' title='bbox 1268 3617 1569 3671; x_wconf 78' lang='grc' dir='ltr'>ὑπόστασιν</span> <span class='ocrx_word' id='word_1_295' title='bbox 1596 3620 1655 3673; x_wconf 82' lang='grc' dir='ltr'>τὸ</span> <span class='ocrx_word' id='word_1_296' title='bbox 1684 3624 1775 3675; x_wconf 79' lang='grc' dir='ltr'>άν-</span> 
     </span>
    </p>
   </div>
   <div class='ocr_carea' id='block_1_37' title="bbox 198 3692 1771 3779">
    <p class='ocr_par' dir='ltr' id='par_1_37' title="bbox 198 3692 1771 3779">
     <span class='ocr_line' id='line_1_37' title="bbox 198 3692 1771 3779; baseline 0.015 -35"><span class='ocrx_word' id='word_1_297' title='bbox 198 3692 490 3762; x_wconf 83' lang='grc' dir='ltr'>θρὼπινον,</span> <span class='ocrx_word' id='word_1_298' title='bbox 527 3699 619 3751; x_wconf 79' lang='grc' dir='ltr'><strong>καὶ</strong></span> <span class='ocrx_word' id='word_1_299' title='bbox 666 3699 764 3769; x_wconf 81' lang='grc' dir='ltr'>τὴν</span> <span class='ocrx_word' id='word_1_300' title='bbox 816 3701 910 3755; x_wconf 78' lang='grc' dir='ltr'>τοῦ</span> <span class='ocrx_word' id='word_1_301' title='bbox 959 3703 1144 3757; x_wconf 81' lang='grc' dir='ltr'>δούλου</span> <span class='ocrx_word' id='word_1_302' title='bbox 1205 3707 1417 3779; x_wconf 78' lang='grc' dir='ltr'>μορφὴν</span> <span class='ocrx_word' id='word_1_303' title='bbox 1466 3709 1771 3767; x_wconf 84' lang='grc' dir='ltr'>ἀναλαϐών.</span> 
     </span>
    </p>
   </div>
   <div class='ocr_carea' id='block_1_38' title="bbox 197 3783 1774 3876">
    <p class='ocr_par' dir='ltr' id='par_1_38' title="bbox 197 3783 1774 3876">
     <span class='ocr_line' id='line_1_38' title="bbox 197 3783 1774 3876; baseline 0.014 -41"><span class='ocrx_word' id='word_1_304' title='bbox 385 3788 493 3876; x_wconf 82' lang='grc' dir='ltr'><strong>γὰρ</strong></span> <span class='ocrx_word' id='word_1_305' title='bbox 525 3789 672 3843; x_wconf 81' lang='grc' dir='ltr'>ἔσται</span> <span class='ocrx_word' id='word_1_306' title='bbox 704 3793 797 3844; x_wconf 73' lang='grc' dir='ltr'><strong>καὶ</strong></span> <span class='ocrx_word' id='word_1_307' title='bbox 829 3794 1026 3865; x_wconf 86' lang='grc' dir='ltr'>ἀληθὲς</span> <span class='ocrx_word' id='word_1_308' title='bbox 1055 3799 1191 3867; x_wconf 83' lang='grc' dir='ltr'>ὅπερ</span> <span class='ocrx_word' id='word_1_309' title='bbox 1226 3798 1380 3870; x_wconf 76' lang='grc' dir='ltr'>ἔφης,</span> <span class='ocrx_word' id='word_1_310' title='bbox 1409 3800 1490 3854; x_wconf 83' lang='grc' dir='ltr'><strong>ὅτι</strong></span> <span class='ocrx_word' id='word_1_311' title='bbox 1514 3803 1651 3873; x_wconf 81' lang='grc' dir='ltr'>μετᾶ</span> <span class='ocrx_word' id='word_1_312' title='bbox 1676 3805 1774 3876; x_wconf 81' lang='grc' dir='ltr'>τὴν</span> 
     </span>
    </p>
   </div>
   <div class='ocr_carea' id='block_1_39' title="bbox 196 3873 1769 3961">
    <p class='ocr_par' dir='ltr' id='par_1_39' title="bbox 196 3873 1769 3961">
     <span class='ocr_line' id='line_1_39' title="bbox 196 3873 1769 3961; baseline 0.015 -37"><span class='ocrx_word' id='word_1_313' title='bbox 196 3873 464 3944; x_wconf 77' lang='grc' dir='ltr'>ἀνάληψιν</span> <span class='ocrx_word' id='word_1_314' title='bbox 491 3879 553 3929; x_wconf 81' lang='lat' dir='ltr'><em>o6</em></span> <span class='ocrx_word' id='word_1_315' title='bbox 582 3878 801 3933; x_wconf 85' lang='grc' dir='ltr'>δύναται</span> <span class='ocrx_word' id='word_1_316' title='bbox 828 3884 1107 3938; x_wconf 80' lang='grc' dir='ltr'>καλεῖσθαι</span> <span class='ocrx_word' id='word_1_317' title='bbox 1153 3890 1577 3961; x_wconf 83' lang='grc' dir='ltr'>κεχωρισμένως</span> <span class='ocrx_word' id='word_1_318' title='bbox 1622 3873 1769 3959; x_wconf 77' lang='grc' dir='ltr'>Υἱὸς,</span> 
     </span>
    </p>
   </div>
   <div class='ocr_carea' id='block_1_40' title="bbox 198 3962 1769 4050">
    <p class='ocr_par' dir='ltr' id='par_1_40' title="bbox 198 3962 1769 4050">
     <span class='ocr_line' id='line_1_40' title="bbox 198 3962 1769 4050; baseline 0.016 -37"><span class='ocrx_word' id='word_1_319' title='bbox 198 3962 285 4013; x_wconf 83' lang='grc' dir='ltr'>ἵνα</span> <span class='ocrx_word' id='word_1_320' title='bbox 330 3964 405 4035; x_wconf 80' lang='grc' dir='ltr'>μὴ</span> <span class='ocrx_word' id='word_1_321' title='bbox 434 3965 526 4019; x_wconf 76' lang='grc' dir='ltr'>δύο</span> <span class='ocrx_word' id='word_1_322' title='bbox 554 3968 700 4030; x_wconf 77' lang='grc' dir='ltr'>υίοὺς</span> <span class='ocrx_word' id='word_1_323' title='bbox 732 3969 1170 4045; x_wconf 87' lang='grc' dir='ltr'>δογματίσωμεν.</span> <span class='ocrx_word' id='word_1_324' title='bbox 1204 3979 1312 4031; x_wconf 78' lang='grc' dir='ltr'><strong>Καὶ</strong></span> <span class='ocrx_word' id='word_1_325' title='bbox 1340 3981 1371 4049; x_wconf 83' lang='grc' dir='ltr'>ἡ</span> <span class='ocrx_word' id='word_1_326' title='bbox 1409 3980 1509 4050; x_wconf 85' lang='grc' dir='ltr'>μὲν</span> <span class='ocrx_word' id='word_1_327' title='bbox 1545 3982 1652 4035; x_wconf 86' lang='grc' dir='ltr'>τῶν</span> <span class='ocrx_word' id='word_1_328' title='bbox 1685 3983 1769 4037; x_wconf 78' lang='grc' dir='ltr'>δο-</span> 
     </span>
    </p>
   </div>
   <div class='ocr_carea' id='block_1_41' title="bbox 196 4056 1772 4137">
    <p class='ocr_par' dir='ltr' id='par_1_41' title="bbox 196 4056 1772 4137">
     <span class='ocr_line' id='line_1_41' title="bbox 196 4056 1772 4137; baseline 0.014 -31"><span class='ocrx_word' id='word_1_329' title='bbox 196 4056 423 4123; x_wconf 89' lang='grc' dir='ltr'>γμάτων</span> <span class='ocrx_word' id='word_1_330' title='bbox 464 4058 594 4131; x_wconf 86' lang='grc' dir='ltr'>ὀρθή</span> <span class='ocrx_word' id='word_1_331' title='bbox 629 4078 685 4113; x_wconf 91' lang='grc' dir='ltr'><strong>τε</strong></span> <span class='ocrx_word' id='word_1_332' title='bbox 741 4065 832 4115; x_wconf 79' lang='grc' dir='ltr'>καὶ</span> <span class='ocrx_word' id='word_1_333' title='bbox 862 4064 1238 4137; x_wconf 78' lang='grc' dir='ltr'>ἀδιάστροφος,</span> <span class='ocrx_word' id='word_1_334' title='bbox 1287 4072 1380 4123; x_wconf 76' lang='grc' dir='ltr'><strong>καὶ</strong></span> <span class='ocrx_word' id='word_1_335' title='bbox 1408 4074 1489 4136; x_wconf 87' lang='grc' dir='ltr'><strong>είς</strong></span> <span class='ocrx_word' id='word_1_336' title='bbox 1518 4074 1647 4128; x_wconf 66' lang='grc' dir='ltr'>εὐθὺ</span> <span class='ocrx_word' id='word_1_337' title='bbox 1691 4075 1772 4130; x_wconf 84' lang='grc' dir='ltr'><strong>δι-</strong></span> 
     </span>
    </p>
   </div>
   <div class='ocr_carea' id='block_1_42' title="bbox 197 4149 1771 4234">
    <p class='ocr_par' dir='ltr' id='par_1_42' title="bbox 197 4149 1771 4234">
     <span class='ocr_line' id='line_1_42' title="bbox 197 4149 1771 4234; baseline 0.014 -36"><span class='ocrx_word' id='word_1_338' title='bbox 197 4149 434 4227; x_wconf 67' lang='grc' dir='ltr'>άττουσα</span> <span class='ocrx_word' id='word_1_339' title='bbox 469 4152 675 4223; x_wconf 87' lang='grc' dir='ltr'>τρίϐος,</span> <span class='ocrx_word' id='word_1_340' title='bbox 706 4155 799 4225; x_wconf 75' lang='grc' dir='ltr'>ἥδε</span> <span class='ocrx_word' id='word_1_341' title='bbox 826 4156 883 4207; x_wconf 85' lang='grc' dir='ltr'><strong>τέ</strong></span> <span class='ocrx_word' id='word_1_342' title='bbox 912 4156 1029 4210; x_wconf 88' lang='grc' dir='ltr'>ἐστι</span> <span class='ocrx_word' id='word_1_343' title='bbox 1059 4160 1153 4212; x_wconf 74' lang='grc' dir='ltr'>καὶ</span> <span class='ocrx_word' id='word_1_344' title='bbox 1180 4162 1277 4231; x_wconf 76' lang='grc' dir='ltr'><strong>οὐχ</strong></span> <span class='ocrx_word' id='word_1_345' title='bbox 1307 4162 1489 4234; x_wconf 82' lang='grc' dir='ltr'>ἑτέρα.</span> <span class='ocrx_word' id='word_1_346' title='bbox 1520 4165 1691 4229; x_wconf 77' lang='grc' dir='ltr'>Αὐτὸς</span> <span class='ocrx_word' id='word_1_347' title='bbox 1716 4167 1771 4220; x_wconf 82' lang='grc' dir='ltr'><strong>δὲ</strong></span> 
     </span>
    </p>
   </div>
   <div class='ocr_carea' id='block_1_43' title="bbox 193 4237 1771 4323">
    <p class='ocr_par' dir='ltr' id='par_1_43' title="bbox 193 4237 1771 4323">
     <span class='ocr_line' id='line_1_43' title="bbox 193 4237 1771 4323; baseline 0.013 -34"><span class='ocrx_word' id='word_1_348' title='bbox 193 4237 259 4304; x_wconf 82' lang='grc' dir='ltr'>δὴ</span> <span class='ocrx_word' id='word_1_349' title='bbox 294 4240 475 4309; x_wconf 86' lang='grc' dir='ltr'>πάλιν,</span> <span class='ocrx_word' id='word_1_350' title='bbox 511 4244 539 4293; x_wconf 93' lang='lat'><strong>6</strong></span> <span class='ocrx_word' id='word_1_351' title='bbox 563 4243 664 4309; x_wconf 81' lang='grc' dir='ltr'><strong>τὴν</strong></span> <span class='ocrx_word' id='word_1_352' title='bbox 688 4244 1100 4319; x_wconf 84' lang='grc' dir='ltr'>ἐνανθρώπησιν</span> <span class='ocrx_word' id='word_1_353' title='bbox 1130 4252 1262 4319; x_wconf 80' lang='grc' dir='ltr'>ἡμῖν</span> <span class='ocrx_word' id='word_1_354' title='bbox 1296 4252 1569 4323; x_wconf 86' lang='grc' dir='ltr'>ὀνομάσας</span> <span class='ocrx_word' id='word_1_355' title='bbox 1590 4255 1685 4309; x_wconf 77' lang='grc' dir='ltr'>τοῦ</span> <span class='ocrx_word' id='word_1_356' title='bbox 1709 4258 1771 4310; x_wconf 85' lang='grc' dir='ltr'><strong>ὲκ</strong></span> 
     </span>
    </p>
   </div>
   <div class='ocr_carea' id='block_1_44' title="bbox 195 4327 1771 4414">
    <p class='ocr_par' dir='ltr' id='par_1_44' title="bbox 195 4327 1771 4414">
     <span class='ocr_line' id='line_1_44' title="bbox 195 4327 1771 4414; baseline 0.014 -37"><span class='ocrx_word' id='word_1_357' title='bbox 195 4327 410 4414; x_wconf 56' lang='grc' dir='ltr'>[Ῐατρὸς</span> <span class='ocrx_word' id='word_1_358' title='bbox 438 4330 589 4393; x_wconf 79' lang='grc' dir='ltr'>ὄντος</span> <span class='ocrx_word' id='word_1_359' title='bbox 624 4332 817 4400; x_wconf 81' lang='grc' dir='ltr'>Λόγου,</span> <span class='ocrx_word' id='word_1_360' title='bbox 863 4338 1146 4409; x_wconf 70' lang='grc' dir='ltr'>μονονουχὶ</span> <span class='ocrx_word' id='word_1_361' title='bbox 1176 4339 1270 4392; x_wconf 74' lang='grc' dir='ltr'><strong>καὶ</strong></span> <span class='ocrx_word' id='word_1_362' title='bbox 1303 4342 1381 4406; x_wconf 88' lang='grc' dir='ltr'><strong>είς</strong></span> <span class='ocrx_word' id='word_1_363' title='bbox 1413 4342 1581 4414; x_wconf 81' lang='grc' dir='ltr'>λήθην</span> <span class='ocrx_word' id='word_1_364' title='bbox 1610 4345 1771 4409; x_wconf 82' lang='grc' dir='ltr'>εὐθὺς</span> 
     </span>
    </p>
   </div>
   <div class='ocr_carea' id='block_1_45' title="bbox 191 4409 1767 4503">
    <p class='ocr_par' dir='ltr' id='par_1_45' title="bbox 191 4409 1767 4503">
     <span class='ocr_line' id='line_1_45' title="bbox 191 4409 1767 4503; baseline 0.015 -36"><span class='ocrx_word' id='word_1_365' title='bbox 191 4409 269 4469; x_wconf 81' lang='grc' dir='ltr'>ὧν</span> <span class='ocrx_word' id='word_1_366' title='bbox 302 4419 404 4490; x_wconf 80' lang='grc' dir='ltr'><strong>ἔφη</strong></span> <span class='ocrx_word' id='word_1_367' title='bbox 446 4422 817 4493; x_wconf 83' lang='grc' dir='ltr'>παρενεχθεὶς,</span> <span class='ocrx_word' id='word_1_368' title='bbox 854 4427 1088 4497; x_wconf 85' lang='grc' dir='ltr'>διῖστησι</span> <span class='ocrx_word' id='word_1_369' title='bbox 1119 4432 1279 4485; x_wconf 78' lang='grc' dir='ltr'>πάλιν</span> <span class='ocrx_word' id='word_1_370' title='bbox 1309 4435 1387 4497; x_wconf 85' lang='grc' dir='ltr'><strong>είς</strong></span> <span class='ocrx_word' id='word_1_371' title='bbox 1416 4409 1509 4487; x_wconf 65' lang='grc' dir='ltr'><strong>δόο</strong></span> <span class='ocrx_word' id='word_1_372' title='bbox 1535 4409 1627 4488; x_wconf 73' lang='grc' dir='ltr'>τὸν</span> <span class='ocrx_word' id='word_1_373' title='bbox 1651 4436 1767 4503; x_wconf 75' lang='grc' dir='ltr'>ἕνα,</span> 
     </span>
    </p>
   </div>
   <div class='ocr_carea' id='block_1_46' title="bbox 1897 593 3473 664">
    <p class='ocr_par' dir='ltr' id='par_1_46' title="bbox 1897 593 3473 664">
     <span class='ocr_line' id='line_1_46' title="bbox 1897 593 3473 664; baseline 0.001 -16"><span class='ocrx_word' id='word_1_374' title='bbox 1897 596 2132 650; x_wconf 88' lang='lat' dir='ltr'><strong>etionem</strong></span> <span class='ocrx_word' id='word_1_375' title='bbox 2173 613 2186 649; x_wconf 90' lang='lat'><strong>:</strong></span> <span class='ocrx_word' id='word_1_376' title='bbox 2221 608 2394 663; x_wconf 88' lang='lat' dir='ltr'><strong>neque</strong></span> <span class='ocrx_word' id='word_1_377' title='bbox 2448 594 2713 664; x_wconf 84' lang='lat' dir='ltr'><strong>contingit</strong></span> <span class='ocrx_word' id='word_1_378' title='bbox 2762 605 2819 649; x_wconf 93' lang='lat' dir='ltr'><strong>ut</strong></span> <span class='ocrx_word' id='word_1_379' title='bbox 2863 595 3004 649; x_wconf 84' lang='lat' dir='ltr'><strong>Deus</strong></span> <span class='ocrx_word' id='word_1_380' title='bbox 3069 593 3305 649; x_wconf 80' lang='lat' dir='ltr'><strong>Verbum</strong></span> <span class='ocrx_word' id='word_1_381' title='bbox 3354 596 3473 650; x_wconf 86' lang='lat' dir='ltr'><strong>sine</strong></span> 
     </span>
    </p>
   </div>
   <div class='ocr_carea' id='block_1_47' title="bbox 1899 683 3471 753">
    <p class='ocr_par' dir='ltr' id='par_1_47' title="bbox 1899 683 3471 753">
     <span class='ocr_line' id='line_1_47' title="bbox 1899 683 3471 753; baseline 0 -16"><span class='ocrx_word' id='word_1_382' title='bbox 1899 684 2237 740; x_wconf 88' lang='lat' dir='ltr'><strong>humanitate</strong></span> <span class='ocrx_word' id='word_1_383' title='bbox 2289 683 2455 738; x_wconf 81' lang='lat' dir='ltr'><strong>faciat</strong></span> <span class='ocrx_word' id='word_1_384' title='bbox 2508 683 2710 753; x_wconf 87' lang='lat' dir='ltr'><strong>aliquid</strong></span> <span class='ocrx_word' id='word_1_385' title='bbox 2743 701 2756 739; x_wconf 88' lang='lat'><strong>:</strong></span> <span class='ocrx_word' id='word_1_386' title='bbox 2785 685 3076 752; x_wconf 89' lang='lat' dir='ltr'><strong>perductus</strong></span> <span class='ocrx_word' id='word_1_387' title='bbox 3115 692 3198 737; x_wconf 83' lang='lat' dir='ltr'><strong>est</strong></span> <span class='ocrx_word' id='word_1_388' title='bbox 3229 687 3371 737; x_wconf 90' lang='lat' dir='ltr'><strong>enim</strong></span> <span class='ocrx_word' id='word_1_389' title='bbox 3404 684 3471 737; x_wconf 88' lang='lat' dir='ltr'><strong>ad</strong></span> 
     </span>
    </p>
   </div>
   <div class='ocr_carea' id='block_1_48' title="bbox 1896 774 3471 842">
    <p class='ocr_par' dir='ltr' id='par_1_48' title="bbox 1896 774 3471 842">
     <span class='ocr_line' id='line_1_48' title="bbox 1896 774 3471 842; baseline -0.001 -14"><span class='ocrx_word' id='word_1_390' title='bbox 1896 790 2164 829; x_wconf 82' lang='lat' dir='ltr'><strong>summam</strong></span> <span class='ocrx_word' id='word_1_391' title='bbox 2221 774 2680 842; x_wconf 78' lang='lat' dir='ltr'><strong>coniunctionem,</strong></span> <span class='ocrx_word' id='word_1_392' title='bbox 2718 790 2822 829; x_wconf 80' lang='lat' dir='ltr'><strong>non</strong></span> <span class='ocrx_word' id='word_1_393' title='bbox 2854 775 2919 828; x_wconf 89' lang='lat' dir='ltr'><strong>ad</strong></span> <span class='ocrx_word' id='word_1_394' title='bbox 2960 775 3382 837; x_wconf 82' lang='lat' dir='ltr'><strong>deiﬁcationem,</strong></span> <span class='ocrx_word' id='word_1_395' title='bbox 3412 782 3471 827; x_wconf 93' lang='lat' dir='ltr'><strong>ut</strong></span> 
     </span>
    </p>
   </div>
   <div class='ocr_carea' id='block_1_49' title="bbox 1896 862 3399 937">
    <p class='ocr_par' dir='ltr' id='par_1_49' title="bbox 1896 862 3399 937">
     <span class='ocr_line' id='line_1_49' title="bbox 1896 862 3399 937; baseline -0.001 -16"><span class='ocrx_word' id='word_1_396' title='bbox 1896 866 2168 937; x_wconf 79' lang='lat' dir='ltr'><strong>sapientes</strong></span> <span class='ocrx_word' id='word_1_397' title='bbox 2205 881 2237 921; x_wconf 92' lang='lat' dir='ltr'><strong>e</strong></span> <span class='ocrx_word' id='word_1_398' title='bbox 2265 865 2663 921; x_wconf 80' lang='lat' dir='ltr'><strong>recentioribus</strong></span> <span class='ocrx_word' id='word_1_399' title='bbox 2710 866 3055 936; x_wconf 79' lang='lat' dir='ltr'><strong>dogmatistis</strong></span> <span class='ocrx_word' id='word_1_400' title='bbox 3090 862 3399 937; x_wconf 82' lang='lat' dir='ltr'><strong>asscrunt.]</strong></span> 
     </span>
    </p>
   </div>
   <div class='ocr_carea' id='block_1_50' title="bbox 2519 997 2846 1055">
    <p class='ocr_par' dir='ltr' id='par_1_50' title="bbox 2519 997 2846 1055">
     <span class='ocr_line' id='line_1_50' title="bbox 2519 997 2846 1055; baseline -0.006 0"><span class='ocrx_word' id='word_1_401' title='bbox 2519 998 2672 1055; x_wconf 84' lang='lat' dir='ltr'><strong>CAP.</strong></span> <span class='ocrx_word' id='word_1_402' title='bbox 2711 997 2846 1053; x_wconf 82' lang='lat' dir='ltr'><strong>VIII.</strong></span> 
     </span>
    </p>
   </div>
   <div class='ocr_carea' id='block_1_51' title="bbox 1966 1134 3464 1205">
    <p class='ocr_par' dir='ltr' id='par_1_51' title="bbox 1966 1134 3464 1205">
     <span class='ocr_line' id='line_1_51' title="bbox 1966 1134 3464 1205; baseline -0.001 -15"><span class='ocrx_word' id='word_1_403' title='bbox 1966 1135 2071 1203; x_wconf 85' lang='lat' dir='ltr'><strong>Qui</strong></span> <span class='ocrx_word' id='word_1_404' title='bbox 2123 1134 2308 1190; x_wconf 86' lang='lat' dir='ltr'><strong>dicere</strong></span> <span class='ocrx_word' id='word_1_405' title='bbox 2359 1149 2523 1189; x_wconf 90' lang='lat' dir='ltr'><strong>ausus</strong></span> <span class='ocrx_word' id='word_1_406' title='bbox 2568 1143 2651 1191; x_wconf 86' lang='lat' dir='ltr'><strong>est</strong></span> <span class='ocrx_word' id='word_1_407' title='bbox 2691 1134 2965 1204; x_wconf 74' lang='lat' dir='ltr'><strong>Uuigeniti</strong></span> <span class='ocrx_word' id='word_1_408' title='bbox 3022 1135 3464 1205; x_wconf 68' lang='lat' dir='ltr'><strong>gloriﬁcationcm</strong></span> 
     </span>
    </p>
   </div>
   <div class='ocr_carea' id='block_1_52' title="bbox 1894 1224 3467 1296">
    <p class='ocr_par' dir='ltr' id='par_1_52' title="bbox 1894 1224 3467 1296">
     <span class='ocr_line' id='line_1_52' title="bbox 1894 1224 3467 1296; baseline 0.001 -13"><span class='ocrx_word' id='word_1_409' title='bbox 1894 1224 2098 1283; x_wconf 85' lang='lat' dir='ltr'><strong>Christi</strong></span> <span class='ocrx_word' id='word_1_410' title='bbox 2131 1226 2385 1296; x_wconf 70' lang='lat' dir='ltr'><strong>potentiae</strong></span> <span class='ocrx_word' id='word_1_411' title='bbox 2427 1226 2617 1290; x_wconf 86' lang='lat' dir='ltr'><strong>tribui,</strong></span> <span class='ocrx_word' id='word_1_412' title='bbox 2674 1235 2729 1280; x_wconf 93' lang='lat' dir='ltr'><strong>et</strong></span> <span class='ocrx_word' id='word_1_413' title='bbox 2779 1226 2869 1295; x_wconf 90' lang='lat' dir='ltr'><strong>qui</strong></span> <span class='ocrx_word' id='word_1_414' title='bbox 2919 1226 3193 1280; x_wconf 77' lang='lat' dir='ltr'><strong>vinculum</strong></span> <span class='ocrx_word' id='word_1_415' title='bbox 3245 1228 3467 1284; x_wconf 86' lang='lat' dir='ltr'><strong>unitatis</strong></span> 
     </span>
    </p>
   </div>
   <div class='ocr_carea' id='block_1_53' title="bbox 1892 1317 3467 1389">
    <p class='ocr_par' dir='ltr' id='par_1_53' title="bbox 1892 1317 3467 1389">
     <span class='ocr_line' id='line_1_53' title="bbox 1892 1317 3467 1389; baseline 0.001 -15"><span class='ocrx_word' id='word_1_416' title='bbox 1892 1319 2165 1385; x_wconf 79' lang='lat' dir='ltr'><strong>distraxit,</strong></span> <span class='ocrx_word' id='word_1_417' title='bbox 2184 1332 2373 1372; x_wconf 87' lang='lat' dir='ltr'><strong>rursus</strong></span> <span class='ocrx_word' id='word_1_418' title='bbox 2399 1318 2465 1371; x_wconf 86' lang='lat' dir='ltr'><strong>ad</strong></span> <span class='ocrx_word' id='word_1_419' title='bbox 2488 1317 2739 1372; x_wconf 87' lang='lat' dir='ltr'><strong>unionem</strong></span> <span class='ocrx_word' id='word_1_420' title='bbox 2758 1317 2876 1385; x_wconf 82' lang='lat' dir='ltr'><strong>conj</strong></span> <span class='ocrx_word' id='word_1_421' title='bbox 2889 1318 3060 1387; x_wconf 77' lang='lat' dir='ltr'><strong>ungit,</strong></span> <span class='ocrx_word' id='word_1_422' title='bbox 3103 1318 3467 1389; x_wconf 80' lang='lat' dir='ltr'><strong>disjungitque</strong></span> 
     </span>
    </p>
   </div>
   <div class='ocr_carea' id='block_1_54' title="bbox 1896 1410 3466 1479">
    <p class='ocr_par' dir='ltr' id='par_1_54' title="bbox 1896 1410 3466 1479">
     <span class='ocr_line' id='line_1_54' title="bbox 1896 1410 3466 1479; baseline 0.001 -14"><span class='ocrx_word' id='word_1_423' title='bbox 1896 1426 2109 1475; x_wconf 81' lang='lat' dir='ltr'><strong>rursus,</strong></span> <span class='ocrx_word' id='word_1_424' title='bbox 2140 1420 2196 1465; x_wconf 85' lang='lat' dir='ltr'><strong>et</strong></span> <span class='ocrx_word' id='word_1_425' title='bbox 2229 1418 2450 1464; x_wconf 88' lang='lat' dir='ltr'><strong>naturas</strong></span> <span class='ocrx_word' id='word_1_426' title='bbox 2480 1410 2710 1464; x_wconf 87' lang='lat' dir='ltr'><strong>invicem</strong></span> <span class='ocrx_word' id='word_1_427' title='bbox 2736 1420 2977 1479; x_wconf 84' lang='lat' dir='ltr'><strong>separat,</strong></span> <span class='ocrx_word' id='word_1_428' title='bbox 3010 1420 3066 1464; x_wconf 91' lang='lat' dir='ltr'><strong>et</strong></span> <span class='ocrx_word' id='word_1_429' title='bbox 3098 1410 3183 1465; x_wconf 86' lang='lat' dir='ltr'><strong>his</strong></span> <span class='ocrx_word' id='word_1_430' title='bbox 3215 1411 3281 1467; x_wconf 92' lang='lat' dir='ltr'><strong>de</strong></span> <span class='ocrx_word' id='word_1_431' title='bbox 3304 1412 3466 1467; x_wconf 82' lang='lat' dir='ltr'><strong>rebus</strong></span> 
     </span>
    </p>
   </div>
   <div class='ocr_carea' id='block_1_55' title="bbox 1894 1500 3468 1570">
    <p class='ocr_par' dir='ltr' id='par_1_55' title="bbox 1894 1500 3468 1570">
     <span class='ocr_line' id='line_1_55' title="bbox 1894 1500 3468 1570; baseline 0.001 -16"><span class='ocrx_word' id='word_1_432' title='bbox 1894 1501 2291 1570; x_wconf 85' lang='lat' dir='ltr'><strong>quamplurima</strong></span> <span class='ocrx_word' id='word_1_433' title='bbox 2337 1500 2492 1555; x_wconf 90' lang='lat' dir='ltr'><strong>nobis</strong></span> <span class='ocrx_word' id='word_1_434' title='bbox 2512 1515 2648 1554; x_wconf 87' lang='lat' dir='ltr'><strong>vane</strong></span> <span class='ocrx_word' id='word_1_435' title='bbox 2671 1510 3093 1569; x_wconf 88' lang='lat' dir='ltr'><strong>portentoseque</strong></span> <span class='ocrx_word' id='word_1_436' title='bbox 3123 1500 3380 1570; x_wconf 76' lang='lat' dir='ltr'><strong>loquitur,</strong></span> <span class='ocrx_word' id='word_1_437' title='bbox 3408 1510 3468 1555; x_wconf 89' lang='lat' dir='ltr'><strong>ut</strong></span> 
     </span>
    </p>
   </div>
   <div class='ocr_carea' id='block_1_56' title="bbox 1891 1591 3465 1662">
    <p class='ocr_par' dir='ltr' id='par_1_56' title="bbox 1891 1591 3465 1662">
     <span class='ocr_line' id='line_1_56' title="bbox 1891 1591 3465 1662; baseline -0.001 -15"><span class='ocrx_word' id='word_1_438' title='bbox 1891 1593 2053 1647; x_wconf 90' lang='lat' dir='ltr'><strong>ctiam</strong></span> <span class='ocrx_word' id='word_1_439' title='bbox 2080 1593 2125 1646; x_wconf 92' lang='lat' dir='ltr'><strong>si</strong></span> <span class='ocrx_word' id='word_1_440' title='bbox 2155 1592 2285 1661; x_wconf 91' lang='lat' dir='ltr'><strong>quid</strong></span> <span class='ocrx_word' id='word_1_441' title='bbox 2321 1592 2453 1647; x_wconf 90' lang='lat' dir='ltr'><strong>recti</strong></span> <span class='ocrx_word' id='word_1_442' title='bbox 2492 1591 2673 1645; x_wconf 90' lang='lat' dir='ltr'><strong>dicere</strong></span> <span class='ocrx_word' id='word_1_443' title='bbox 2724 1591 2993 1657; x_wconf 85' lang='lat' dir='ltr'><strong>videatur,</strong></span> <span class='ocrx_word' id='word_1_444' title='bbox 3050 1600 3225 1645; x_wconf 84' lang='lat' dir='ltr'><strong>tamen</strong></span> <span class='ocrx_word' id='word_1_445' title='bbox 3278 1603 3465 1662; x_wconf 88' lang='lat' dir='ltr'><strong>aperte</strong></span> 
     </span>
    </p>
   </div>
   <div class='ocr_carea' id='block_1_57' title="bbox 1893 1683 3462 1754">
    <p class='ocr_par' dir='ltr' id='par_1_57' title="bbox 1893 1683 3462 1754">
     <span class='ocr_line' id='line_1_57' title="bbox 1893 1683 3462 1754; baseline 0 -15"><span class='ocrx_word' id='word_1_446' title='bbox 1893 1693 2218 1753; x_wconf 80' lang='lat' dir='ltr'><strong>coarguatur</strong></span> <span class='ocrx_word' id='word_1_447' title='bbox 2243 1683 2494 1752; x_wconf 82' lang='lat' dir='ltr'><strong>ignorare</strong></span> <span class='ocrx_word' id='word_1_448' title='bbox 2520 1685 2647 1754; x_wconf 93' lang='lat' dir='ltr'><strong>quid</strong></span> <span class='ocrx_word' id='word_1_449' title='bbox 2670 1684 2832 1738; x_wconf 91' lang='lat' dir='ltr'><strong>dicat.</strong></span> <span class='ocrx_word' id='word_1_450' title='bbox 2852 1683 2986 1738; x_wconf 74' lang='lat' dir='ltr'><strong>Nam</strong></span> <span class='ocrx_word' id='word_1_451' title='bbox 3015 1684 3115 1739; x_wconf 91' lang='lat' dir='ltr'><strong>hoc</strong></span> <span class='ocrx_word' id='word_1_452' title='bbox 3146 1684 3263 1739; x_wconf 90' lang='lat' dir='ltr'><strong>loco</strong></span> <span class='ocrx_word' id='word_1_453' title='bbox 3291 1685 3462 1754; x_wconf 89' lang='lat' dir='ltr'><strong>ipsum</strong></span> 
     </span>
    </p>
   </div>
   <div class='ocr_carea' id='block_1_58' title="bbox 1896 1772 3462 1828">
    <p class='ocr_par' dir='ltr' id='par_1_58' title="bbox 1896 1772 3462 1828">
     <span class='ocr_line' id='line_1_58' title="bbox 1896 1772 3462 1828; baseline -0.001 -1"><span class='ocrx_word' id='word_1_454' title='bbox 1896 1774 1986 1827; x_wconf 86' lang='lat' dir='ltr'><strong>Dei</strong></span> <span class='ocrx_word' id='word_1_455' title='bbox 2021 1772 2256 1827; x_wconf 85' lang='lat' dir='ltr'><strong>Verbum</strong></span> <span class='ocrx_word' id='word_1_456' title='bbox 2287 1782 2340 1827; x_wconf 92' lang='lat' dir='ltr'><strong>et</strong></span> <span class='ocrx_word' id='word_1_457' title='bbox 2390 1772 2585 1826; x_wconf 87' lang='lat' dir='ltr'><strong>Filium</strong></span> <span class='ocrx_word' id='word_1_458' title='bbox 2613 1783 2667 1828; x_wconf 91' lang='lat' dir='ltr'><strong>et</strong></span> <span class='ocrx_word' id='word_1_459' title='bbox 2709 1774 2874 1827; x_wconf 90' lang='lat' dir='ltr'><strong>Deum</strong></span> <span class='ocrx_word' id='word_1_460' title='bbox 2906 1787 3026 1828; x_wconf 82' lang='lat' dir='ltr'><strong>esse</strong></span> <span class='ocrx_word' id='word_1_461' title='bbox 3070 1774 3267 1828; x_wconf 80' lang='lat' dir='ltr'><strong>asserit</strong></span> <span class='ocrx_word' id='word_1_462' title='bbox 3301 1774 3462 1828; x_wconf 79' lang='lat' dir='ltr'><strong>etiam</strong></span> 
     </span>
    </p>
   </div>
   <div class='ocr_carea' id='block_1_59' title="bbox 1890 1863 3466 1931">
    <p class='ocr_par' dir='ltr' id='par_1_59' title="bbox 1890 1863 3466 1931">
     <span class='ocr_line' id='line_1_59' title="bbox 1890 1863 3466 1931; baseline 0.001 -16"><span class='ocrx_word' id='word_1_463' title='bbox 1890 1872 2181 1931; x_wconf 83' lang='lat' dir='ltr'><strong>antequam</strong></span> <span class='ocrx_word' id='word_1_464' title='bbox 2219 1863 2383 1916; x_wconf 86' lang='lat' dir='ltr'><strong>homo</strong></span> <span class='ocrx_word' id='word_1_465' title='bbox 2411 1863 2565 1917; x_wconf 80' lang='lat' dir='ltr'><strong>ﬁeret</strong></span> <span class='ocrx_word' id='word_1_466' title='bbox 2590 1880 2603 1928; x_wconf 93' lang='lat'><strong>;</strong></span> <span class='ocrx_word' id='word_1_467' title='bbox 2631 1871 2889 1931; x_wconf 63' lang='lat' dir='ltr'><strong>praeterea</strong></span> <span class='ocrx_word' id='word_1_468' title='bbox 2909 1864 3302 1930; x_wconf 85' lang='lat' dir='ltr'><strong>posterioribus</strong></span> <span class='ocrx_word' id='word_1_469' title='bbox 3330 1874 3466 1918; x_wconf 86' lang='lat' dir='ltr'><strong>tem-</strong></span> 
     </span>
    </p>
   </div>
   <div class='ocr_carea' id='block_1_60' title="bbox 1889 1950 3462 2023">
    <p class='ocr_par' dir='ltr' id='par_1_60' title="bbox 1889 1950 3462 2023">
     <span class='ocr_line' id='line_1_60' title="bbox 1889 1950 3462 2023; baseline -0.001 -18"><span class='ocrx_word' id='word_1_470' title='bbox 1889 1954 2107 2023; x_wconf 88' lang='lat' dir='ltr'><strong>poribus</strong></span> <span class='ocrx_word' id='word_1_471' title='bbox 2148 1950 2377 2007; x_wconf 84' lang='lat' dir='ltr'><strong>I‘ormam</strong></span> <span class='ocrx_word' id='word_1_472' title='bbox 2429 1952 2570 2006; x_wconf 83' lang='lat' dir='ltr'><strong>servi</strong></span> <span class='ocrx_word' id='word_1_473' title='bbox 2633 1952 2932 2021; x_wconf 87' lang='lat' dir='ltr'><strong>accepisse.</strong></span> <span class='ocrx_word' id='word_1_474' title='bbox 2998 1952 3219 2023; x_wconf 80' lang='lat' dir='ltr'><strong>Explica</strong></span> <span class='ocrx_word' id='word_1_475' title='bbox 3275 1953 3462 2021; x_wconf 77' lang='lat' dir='ltr'><strong>igitur,</strong></span> 
     </span>
    </p>
   </div>
   <div class='ocr_carea' id='block_1_61' title="bbox 1888 2045 3468 2115">
    <p class='ocr_par' dir='ltr' id='par_1_61' title="bbox 1888 2045 3468 2115">
     <span class='ocr_line' id='line_1_61' title="bbox 1888 2045 3468 2115; baseline 0.002 -16"><span class='ocrx_word' id='word_1_476' title='bbox 1888 2046 1989 2099; x_wconf 77' lang='lat' dir='ltr'><strong>nisi</strong></span> <span class='ocrx_word' id='word_1_477' title='bbox 2028 2045 2120 2099; x_wconf 89' lang='lat' dir='ltr'><strong>tibi</strong></span> <span class='ocrx_word' id='word_1_478' title='bbox 2171 2046 2557 2113; x_wconf 85' lang='lat' dir='ltr'><strong>consequentia</strong></span> <span class='ocrx_word' id='word_1_479' title='bbox 2621 2045 2807 2099; x_wconf 79' lang='lat' dir='ltr'><strong>videor</strong></span> <span class='ocrx_word' id='word_1_480' title='bbox 2844 2046 3044 2111; x_wconf 86' lang='lat' dir='ltr'><strong>dicere,</strong></span> <span class='ocrx_word' id='word_1_481' title='bbox 3087 2046 3335 2115; x_wconf 85' lang='lat' dir='ltr'><strong>quisnam</strong></span> <span class='ocrx_word' id='word_1_482' title='bbox 3375 2046 3468 2102; x_wconf 83' lang='lat' dir='ltr'><strong>ille</strong></span> 
     </span>
    </p>
   </div>
   <div class='ocr_carea' id='block_1_62' title="bbox 1887 2136 3465 2207">
    <p class='ocr_par' dir='ltr' id='par_1_62' title="bbox 1887 2136 3465 2207">
     <span class='ocr_line' id='line_1_62' title="bbox 1887 2136 3465 2207; baseline 0.002 -17"><span class='ocrx_word' id='word_1_483' title='bbox 1887 2146 1969 2191; x_wconf 92' lang='lat' dir='ltr'><strong>est</strong></span> <span class='ocrx_word' id='word_1_484' title='bbox 1994 2136 2083 2205; x_wconf 93' lang='lat' dir='ltr'><strong>qui</strong></span> <span class='ocrx_word' id='word_1_485' title='bbox 2138 2138 2298 2190; x_wconf 89' lang='lat' dir='ltr'><strong>homo</strong></span> <span class='ocrx_word' id='word_1_486' title='bbox 2333 2136 2506 2190; x_wconf 76' lang='lat' dir='ltr'><strong>factus</strong></span> <span class='ocrx_word' id='word_1_487' title='bbox 2554 2151 2673 2190; x_wconf 90' lang='lat' dir='ltr'><strong>esse</strong></span> <span class='ocrx_word' id='word_1_488' title='bbox 2717 2137 2964 2191; x_wconf 91' lang='lat' dir='ltr'><strong>dicitur?</strong></span> <span class='ocrx_word' id='word_1_489' title='bbox 2996 2138 3125 2207; x_wconf 91' lang='lat' dir='ltr'><strong>quid</strong></span> <span class='ocrx_word' id='word_1_490' title='bbox 3164 2139 3326 2193; x_wconf 86' lang='lat' dir='ltr'><strong>etiam</strong></span> <span class='ocrx_word' id='word_1_491' title='bbox 3363 2139 3465 2193; x_wconf 90' lang='lat' dir='ltr'><strong>hoc</strong></span> 
     </span>
    </p>
   </div>
   <div class='ocr_carea' id='block_1_63' title="bbox 1888 2228 3463 2297">
    <p class='ocr_par' dir='ltr' id='par_1_63' title="bbox 1888 2228 3463 2297">
     <span class='ocr_line' id='line_1_63' title="bbox 1888 2228 3463 2297; baseline 0.001 -17"><span class='ocrx_word' id='word_1_492' title='bbox 1888 2228 2059 2296; x_wconf 84' lang='lat' dir='ltr'><strong>ipsum</strong></span> <span class='ocrx_word' id='word_1_493' title='bbox 2092 2228 2365 2281; x_wconf 86' lang='lat' dir='ltr'><strong>hominem</strong></span> <span class='ocrx_word' id='word_1_494' title='bbox 2426 2228 2544 2280; x_wconf 77' lang='lat' dir='ltr'><strong>ﬁeri</strong></span> <span class='ocrx_word' id='word_1_495' title='bbox 2575 2228 2710 2282; x_wconf 89' lang='lat' dir='ltr'><strong>dicis</strong></span> <span class='ocrx_word' id='word_1_496' title='bbox 2742 2229 2764 2280; x_wconf 93' lang='lat'><strong>?</strong></span> <span class='ocrx_word' id='word_1_497' title='bbox 2792 2230 3039 2296; x_wconf 82' lang='lat' dir='ltr'><strong>quisnam</strong></span> <span class='ocrx_word' id='word_1_498' title='bbox 3078 2229 3165 2283; x_wconf 89' lang='lat' dir='ltr'><strong>ille</strong></span> <span class='ocrx_word' id='word_1_499' title='bbox 3209 2230 3298 2297; x_wconf 90' lang='lat' dir='ltr'><strong>qui</strong></span> <span class='ocrx_word' id='word_1_500' title='bbox 3348 2229 3463 2282; x_wconf 75' lang='grc' dir='ltr'>[οι--</span> 
     </span>
    </p>
   </div>
   <div class='ocr_carea' id='block_1_64' title="bbox 1888 2320 3463 2389">
    <p class='ocr_par' dir='ltr' id='par_1_64' title="bbox 1888 2320 3463 2389">
     <span class='ocr_line' id='line_1_64' title="bbox 1888 2320 3463 2389; baseline 0.004 -18"><span class='ocrx_word' id='word_1_501' title='bbox 1888 2334 2027 2372; x_wconf 89' lang='lat' dir='ltr'><strong>mam</strong></span> <span class='ocrx_word' id='word_1_502' title='bbox 2054 2322 2194 2373; x_wconf 90' lang='lat' dir='ltr'><strong>servi</strong></span> <span class='ocrx_word' id='word_1_503' title='bbox 2229 2320 2514 2388; x_wconf 87' lang='lat' dir='ltr'><strong>suscepit?</strong></span> <span class='ocrx_word' id='word_1_504' title='bbox 2550 2330 2604 2374; x_wconf 92' lang='lat' dir='ltr'><strong>et</strong></span> <span class='ocrx_word' id='word_1_505' title='bbox 2634 2336 2868 2389; x_wconf 84' lang='lat' dir='ltr'><strong>quonam</strong></span> <span class='ocrx_word' id='word_1_506' title='bbox 2908 2321 3065 2375; x_wconf 89' lang='lat' dir='ltr'><strong>modo</strong></span> <span class='ocrx_word' id='word_1_507' title='bbox 3101 2320 3168 2375; x_wconf 83' lang='lat' dir='ltr'><strong>ab</strong></span> <span class='ocrx_word' id='word_1_508' title='bbox 3192 2336 3255 2375; x_wconf 87' lang='lat' dir='ltr'><strong>eo</strong></span> <span class='ocrx_word' id='word_1_509' title='bbox 3277 2336 3463 2377; x_wconf 85' lang='lat' dir='ltr'><strong>susce-</strong></span> 
     </span>
    </p>
   </div>
   <div class='ocr_carea' id='block_1_65' title="bbox 1885 2408 3462 2476">
    <p class='ocr_par' dir='ltr' id='par_1_65' title="bbox 1885 2408 3462 2476">
     <span class='ocr_line' id='line_1_65' title="bbox 1885 2408 3462 2476; baseline 0.002 -15"><span class='ocrx_word' id='word_1_510' title='bbox 1885 2416 1973 2476; x_wconf 87' lang='lat' dir='ltr'><strong>pta</strong></span> <span class='ocrx_word' id='word_1_511' title='bbox 2000 2418 2082 2462; x_wconf 87' lang='lat' dir='ltr'><strong>est</strong></span> <span class='ocrx_word' id='word_1_512' title='bbox 2111 2408 2229 2461; x_wconf 87' lang='lat' dir='ltr'><strong>?Ac</strong></span> <span class='ocrx_word' id='word_1_513' title='bbox 2259 2410 2303 2462; x_wconf 92' lang='lat' dir='ltr'><strong>si</strong></span> <span class='ocrx_word' id='word_1_514' title='bbox 2345 2409 2617 2462; x_wconf 86' lang='lat' dir='ltr'><strong>hominem</strong></span> <span class='ocrx_word' id='word_1_515' title='bbox 2668 2409 2870 2463; x_wconf 81' lang='lat' dir='ltr'><strong>dixerit</strong></span> <span class='ocrx_word' id='word_1_516' title='bbox 2924 2423 3044 2464; x_wconf 83' lang='lat' dir='ltr'><strong>esse</strong></span> <span class='ocrx_word' id='word_1_517' title='bbox 3087 2413 3462 2476; x_wconf 77' lang='lat' dir='ltr'><strong>Itumattulum,</strong></span> 
     </span>
    </p>
   </div>
   <div class='ocr_carea' id='block_1_66' title="bbox 1886 2499 3459 2570">
    <p class='ocr_par' dir='ltr' id='par_1_66' title="bbox 1886 2499 3459 2570">
     <span class='ocr_line' id='line_1_66' title="bbox 1886 2499 3459 2570; baseline 0.003 -17"><span class='ocrx_word' id='word_1_518' title='bbox 1886 2499 2169 2568; x_wconf 86' lang='lat' dir='ltr'><strong>quisquam</strong></span> <span class='ocrx_word' id='word_1_519' title='bbox 2202 2514 2270 2554; x_wconf 90' lang='lat' dir='ltr'><strong>ne</strong></span> <span class='ocrx_word' id='word_1_520' title='bbox 2305 2499 2513 2553; x_wconf 85' lang='lat' dir='ltr'><strong>dubitet</strong></span> <span class='ocrx_word' id='word_1_521' title='bbox 2558 2501 2689 2570; x_wconf 90' lang='lat' dir='ltr'><strong>quin</strong></span> <span class='ocrx_word' id='word_1_522' title='bbox 2751 2502 3080 2555; x_wconf 86' lang='lat' dir='ltr'><strong>sententiam</strong></span> <span class='ocrx_word' id='word_1_523' title='bbox 3129 2518 3291 2558; x_wconf 89' lang='lat' dir='ltr'><strong>suam</strong></span> <span class='ocrx_word' id='word_1_524' title='bbox 3348 2506 3459 2558; x_wconf 89' lang='lat' dir='ltr'><strong>risu</strong></span> 
     </span>
    </p>
   </div>
   <div class='ocr_carea' id='block_1_67' title="bbox 1885 2591 3459 2661">
    <p class='ocr_par' dir='ltr' id='par_1_67' title="bbox 1885 2591 3459 2661">
     <span class='ocr_line' id='line_1_67' title="bbox 1885 2591 3459 2661; baseline 0.003 -18"><span class='ocrx_word' id='word_1_525' title='bbox 1885 2592 2100 2659; x_wconf 77' lang='lat' dir='ltr'><strong>dignam</strong></span> <span class='ocrx_word' id='word_1_526' title='bbox 2131 2591 2200 2645; x_wconf 92' lang='lat' dir='ltr'><strong>sit</strong></span> <span class='ocrx_word' id='word_1_527' title='bbox 2231 2591 2550 2661; x_wconf 88' lang='lat' dir='ltr'><strong>proditurus</strong></span> <span class='ocrx_word' id='word_1_528' title='bbox 2582 2593 2605 2645; x_wconf 89' lang='lat'><strong>?</strong></span> <span class='ocrx_word' id='word_1_529' title='bbox 2632 2606 2757 2646; x_wconf 86' lang='lat' dir='ltr'><strong>nam</strong></span> <span class='ocrx_word' id='word_1_530' title='bbox 2802 2592 2892 2661; x_wconf 94' lang='lat' dir='ltr'><strong>qui</strong></span> <span class='ocrx_word' id='word_1_531' title='bbox 2940 2594 3099 2647; x_wconf 90' lang='lat' dir='ltr'><strong>homo</strong></span> <span class='ocrx_word' id='word_1_532' title='bbox 3139 2594 3212 2649; x_wconf 90' lang='lat' dir='ltr'><strong>sit</strong></span> <span class='ocrx_word' id='word_1_533' title='bbox 3263 2609 3459 2650; x_wconf 86' lang='lat' dir='ltr'><strong>secun-</strong></span> 
     </span>
    </p>
   </div>
   <div class='ocr_carea' id='block_1_68' title="bbox 1885 2684 3462 2756">
    <p class='ocr_par' dir='ltr' id='par_1_68' title="bbox 1885 2684 3462 2756">
     <span class='ocr_line' id='line_1_68' title="bbox 1885 2684 3462 2756; baseline 0.004 -20"><span class='ocrx_word' id='word_1_534' title='bbox 1885 2684 2011 2737; x_wconf 90' lang='lat' dir='ltr'><strong>dum</strong></span> <span class='ocrx_word' id='word_1_535' title='bbox 2043 2692 2315 2747; x_wconf 83' lang='lat' dir='ltr'><strong>naturam,</strong></span> <span class='ocrx_word' id='word_1_536' title='bbox 2359 2685 2629 2753; x_wconf 89' lang='lat' dir='ltr'><strong>quomodo</strong></span> <span class='ocrx_word' id='word_1_537' title='bbox 2684 2686 2828 2756; x_wconf 88' lang='lat' dir='ltr'><strong>quod</strong></span> <span class='ocrx_word' id='word_1_538' title='bbox 2868 2699 2987 2740; x_wconf 88' lang='lat' dir='ltr'><strong>erat</strong></span> <span class='ocrx_word' id='word_1_539' title='bbox 3033 2703 3222 2742; x_wconf 88' lang='lat' dir='ltr'><strong>rursus</strong></span> <span class='ocrx_word' id='word_1_540' title='bbox 3269 2687 3380 2755; x_wconf 80' lang='lat' dir='ltr'><strong>ﬁet,</strong></span> <span class='ocrx_word' id='word_1_541' title='bbox 3408 2697 3462 2742; x_wconf 90' lang='lat' dir='ltr'><strong>ct</strong></span> 
     </span>
    </p>
   </div>
   <div class='ocr_carea' id='block_1_69' title="bbox 1887 2775 3461 2848">
    <p class='ocr_par' dir='ltr' id='par_1_69' title="bbox 1887 2775 3461 2848">
     <span class='ocr_line' id='line_1_69' title="bbox 1887 2775 3461 2848; baseline 0.003 -20"><span class='ocrx_word' id='word_1_542' title='bbox 1887 2785 2143 2844; x_wconf 87' lang='lat' dir='ltr'><strong>tanquam</strong></span> <span class='ocrx_word' id='word_1_543' title='bbox 2168 2775 2220 2829; x_wconf 91' lang='lat' dir='ltr'><strong>in</strong></span> <span class='ocrx_word' id='word_1_544' title='bbox 2251 2775 2395 2829; x_wconf 81' lang='lat' dir='ltr'><strong>aliud</strong></span> <span class='ocrx_word' id='word_1_545' title='bbox 2427 2776 2706 2845; x_wconf 85' lang='lat' dir='ltr'><strong>quidpiam</strong></span> <span class='ocrx_word' id='word_1_546' title='bbox 2756 2777 3034 2844; x_wconf 86' lang='lat' dir='ltr'><strong>transibit,</strong></span> <span class='ocrx_word' id='word_1_547' title='bbox 3070 2780 3213 2848; x_wconf 90' lang='lat' dir='ltr'><strong>quod</strong></span> <span class='ocrx_word' id='word_1_548' title='bbox 3244 2780 3311 2833; x_wconf 87' lang='lat' dir='ltr'><strong>ad</strong></span> <span class='ocrx_word' id='word_1_549' title='bbox 3368 2796 3461 2833; x_wconf 83' lang='lat' dir='ltr'><strong>na-</strong></span> 
     </span>
    </p>
   </div>
   <div class='ocr_carea' id='block_1_70' title="bbox 1886 2871 3458 2946">
    <p class='ocr_par' dir='ltr' id='par_1_70' title="bbox 1886 2871 3458 2946">
     <span class='ocr_line' id='line_1_70' title="bbox 1886 2871 3458 2946; baseline 0.004 -22"><span class='ocrx_word' id='word_1_550' title='bbox 1886 2882 2040 2937; x_wconf 47' lang='lat' dir='ltr'><strong>turae,</strong></span> <span class='ocrx_word' id='word_1_551' title='bbox 2070 2871 2312 2940; x_wconf 89' lang='lat' dir='ltr'><strong>inquam,</strong></span> <span class='ocrx_word' id='word_1_552' title='bbox 2339 2874 2535 2926; x_wconf 87' lang='lat' dir='ltr'><strong>attinet</strong></span> <span class='ocrx_word' id='word_1_553' title='bbox 2565 2874 2827 2926; x_wconf 86' lang='lat' dir='ltr'><strong>rationem</strong></span> <span class='ocrx_word' id='word_1_554' title='bbox 2858 2875 3005 2940; x_wconf 87' lang='lat' dir='ltr'><strong>?Qui</strong></span> <span class='ocrx_word' id='word_1_555' title='bbox 3037 2877 3200 2930; x_wconf 89' lang='lat' dir='ltr'><strong>etiam</strong></span> <span class='ocrx_word' id='word_1_556' title='bbox 3233 2893 3297 2931; x_wconf 83' lang='lat' dir='ltr'><strong>ex</strong></span> <span class='ocrx_word' id='word_1_557' title='bbox 3343 2877 3458 2946; x_wconf 88' lang='lat' dir='ltr'><strong>ipsa</strong></span> 
     </span>
    </p>
   </div>
   <div class='ocr_carea' id='block_1_71' title="bbox 1882 2962 3459 3031">
    <p class='ocr_par' dir='ltr' id='par_1_71' title="bbox 1882 2962 3459 3031">
     <span class='ocr_line' id='line_1_71' title="bbox 1882 2962 3459 3031; baseline 0.004 -17"><span class='ocrx_word' id='word_1_558' title='bbox 1882 2976 1978 3014; x_wconf 87' lang='lat' dir='ltr'><strong>sua</strong></span> <span class='ocrx_word' id='word_1_559' title='bbox 2032 2970 2224 3013; x_wconf 86' lang='lat' dir='ltr'><strong>natura</strong></span> <span class='ocrx_word' id='word_1_560' title='bbox 2277 2976 2381 3015; x_wconf 86' lang='lat' dir='ltr'><strong>non</strong></span> <span class='ocrx_word' id='word_1_561' title='bbox 2423 2962 2690 3027; x_wconf 79' lang='lat' dir='ltr'><strong>estliber,</strong></span> <span class='ocrx_word' id='word_1_562' title='bbox 2744 2964 3012 3031; x_wconf 87' lang='lat' dir='ltr'><strong>quomodo</strong></span> <span class='ocrx_word' id='word_1_563' title='bbox 3052 2980 3245 3021; x_wconf 90' lang='lat' dir='ltr'><strong>servus</strong></span> <span class='ocrx_word' id='word_1_564' title='bbox 3286 2967 3459 3021; x_wconf 80' lang='lat' dir='ltr'><strong>factus</strong></span> 
     </span>
    </p>
   </div>
   <div class='ocr_carea' id='block_1_72' title="bbox 1881 3052 3457 3123">
    <p class='ocr_par' dir='ltr' id='par_1_72' title="bbox 1881 3052 3457 3123">
     <span class='ocr_line' id='line_1_72' title="bbox 1881 3052 3457 3123; baseline 0.004 -18"><span class='ocrx_word' id='word_1_565' title='bbox 1881 3067 2001 3107; x_wconf 82' lang='lat' dir='ltr'><strong>esse</strong></span> <span class='ocrx_word' id='word_1_566' title='bbox 2030 3052 2260 3116; x_wconf 86' lang='lat' dir='ltr'><strong>dicetur,</strong></span> <span class='ocrx_word' id='word_1_567' title='bbox 2313 3063 2566 3123; x_wconf 82' lang='lat' dir='ltr'><strong>tanquam</strong></span> <span class='ocrx_word' id='word_1_568' title='bbox 2608 3053 2871 3122; x_wconf 86' lang='lat' dir='ltr'><strong>ejusmodi</strong></span> <span class='ocrx_word' id='word_1_569' title='bbox 2930 3064 3055 3111; x_wconf 88' lang='lat' dir='ltr'><strong>ante</strong></span> <span class='ocrx_word' id='word_1_570' title='bbox 3101 3073 3205 3111; x_wconf 91' lang='lat' dir='ltr'><strong>non</strong></span> <span class='ocrx_word' id='word_1_571' title='bbox 3242 3058 3457 3112; x_wconf 74' lang='lat' dir='ltr'><strong>fuerit?</strong></span> 
     </span>
    </p>
   </div>
   <div class='ocr_carea' id='block_1_73' title="bbox 1882 3144 3457 3218">
    <p class='ocr_par' dir='ltr' id='par_1_73' title="bbox 1882 3144 3457 3218">
     <span class='ocr_line' id='line_1_73' title="bbox 1882 3144 3457 3218; baseline 0.005 -21"><span class='ocrx_word' id='word_1_572' title='bbox 1882 3144 2023 3214; x_wconf 79' lang='lat' dir='ltr'><strong>Ergo</strong></span> <span class='ocrx_word' id='word_1_573' title='bbox 2054 3145 2259 3198; x_wconf 89' lang='lat' dir='ltr'><strong>homini</strong></span> <span class='ocrx_word' id='word_1_574' title='bbox 2294 3160 2398 3198; x_wconf 89' lang='lat' dir='ltr'><strong>non</strong></span> <span class='ocrx_word' id='word_1_575' title='bbox 2424 3148 2710 3199; x_wconf 84' lang='lat' dir='ltr'><strong>conveniet</strong></span> <span class='ocrx_word' id='word_1_576' title='bbox 2745 3146 3015 3202; x_wconf 89' lang='lat' dir='ltr'><strong>hominem</strong></span> <span class='ocrx_word' id='word_1_577' title='bbox 3058 3148 3197 3212; x_wconf 74' lang='lat' dir='ltr'><strong>fieri,</strong></span> <span class='ocrx_word' id='word_1_578' title='bbox 3235 3166 3457 3218; x_wconf 88' lang='lat' dir='ltr'><strong>prorsus</strong></span> 
     </span>
    </p>
   </div>
   <div class='ocr_carea' id='block_1_74' title="bbox 1882 3234 3456 3311">
    <p class='ocr_par' dir='ltr' id='par_1_74' title="bbox 1882 3234 3456 3311">
     <span class='ocr_line' id='line_1_74' title="bbox 1882 3234 3456 3311; baseline 0.006 -24"><span class='ocrx_word' id='word_1_579' title='bbox 1882 3234 2026 3289; x_wconf 91' lang='lat' dir='ltr'><strong>nullo</strong></span> <span class='ocrx_word' id='word_1_580' title='bbox 2076 3235 2254 3299; x_wconf 88' lang='lat' dir='ltr'><strong>modo,</strong></span> <span class='ocrx_word' id='word_1_581' title='bbox 2291 3245 2346 3288; x_wconf 90' lang='lat' dir='ltr'><strong>et</strong></span> <span class='ocrx_word' id='word_1_582' title='bbox 2376 3236 2518 3290; x_wconf 89' lang='lat' dir='ltr'><strong>servi</strong></span> <span class='ocrx_word' id='word_1_583' title='bbox 2556 3236 2785 3292; x_wconf 80' lang='lat' dir='ltr'><strong>formam</strong></span> <span class='ocrx_word' id='word_1_584' title='bbox 2829 3240 3098 3309; x_wconf 85' lang='lat' dir='ltr'><strong>accipere,</strong></span> <span class='ocrx_word' id='word_1_585' title='bbox 3155 3256 3260 3295; x_wconf 91' lang='lat' dir='ltr'><strong>non</strong></span> <span class='ocrx_word' id='word_1_586' title='bbox 3291 3244 3337 3296; x_wconf 90' lang='lat' dir='ltr'><strong>ei</strong></span> <span class='ocrx_word' id='word_1_587' title='bbox 3363 3244 3456 3311; x_wconf 88' lang='lat' dir='ltr'><strong>qui</strong></span> 
     </span>
    </p>
   </div>
   <div class='ocr_carea' id='block_1_75' title="bbox 1880 3330 3458 3401">
    <p class='ocr_par' dir='ltr' id='par_1_75' title="bbox 1880 3330 3458 3401">
     <span class='ocr_line' id='line_1_75' title="bbox 1880 3330 3458 3401; baseline 0.002 -18"><span class='ocrx_word' id='word_1_588' title='bbox 1880 3330 2044 3384; x_wconf 91' lang='lat' dir='ltr'><strong>etiam</strong></span> <span class='ocrx_word' id='word_1_589' title='bbox 2089 3346 2117 3384; x_wconf 88' lang='lat' dir='ltr'><strong>a</strong></span> <span class='ocrx_word' id='word_1_590' title='bbox 2171 3330 2437 3399; x_wconf 88' lang='lat' dir='ltr'><strong>principio</strong></span> <span class='ocrx_word' id='word_1_591' title='bbox 2491 3345 2801 3386; x_wconf 90' lang='lat' dir='ltr'><strong>mensuram</strong></span> <span class='ocrx_word' id='word_1_592' title='bbox 2869 3341 3030 3401; x_wconf 91' lang='lat' dir='ltr'><strong>atque</strong></span> <span class='ocrx_word' id='word_1_593' title='bbox 3088 3334 3458 3388; x_wconf 89' lang='lat' dir='ltr'><strong>conditionem</strong></span> 
     </span>
    </p>
   </div>
   <div class='ocr_carea' id='block_1_76' title="bbox 1878 3423 3457 3495">
    <p class='ocr_par' dir='ltr' id='par_1_76' title="bbox 1878 3423 3457 3495">
     <span class='ocr_line' id='line_1_76' title="bbox 1878 3423 3457 3495; baseline 0.003 -19"><span class='ocrx_word' id='word_1_594' title='bbox 1878 3423 2151 3477; x_wconf 88' lang='lat' dir='ltr'><strong>servitutis</strong></span> <span class='ocrx_word' id='word_1_595' title='bbox 2180 3424 2407 3488; x_wconf 87' lang='lat' dir='ltr'><strong>habeat;</strong></span> <span class='ocrx_word' id='word_1_596' title='bbox 2466 3423 2560 3478; x_wconf 85' lang='lat' dir='ltr'><strong>sed</strong></span> <span class='ocrx_word' id='word_1_597' title='bbox 2590 3424 2664 3477; x_wconf 91' lang='lat' dir='ltr'><strong>illi</strong></span> <span class='ocrx_word' id='word_1_598' title='bbox 2701 3424 2979 3491; x_wconf 89' lang='lat' dir='ltr'><strong>nimirum,</strong></span> <span class='ocrx_word' id='word_1_599' title='bbox 3008 3424 3097 3495; x_wconf 82' lang='lat' dir='ltr'><strong>qui</strong></span> <span class='ocrx_word' id='word_1_600' title='bbox 3130 3440 3253 3479; x_wconf 92' lang='lat' dir='ltr'><strong>cum</strong></span> <span class='ocrx_word' id='word_1_601' title='bbox 3289 3426 3457 3480; x_wconf 81' lang='lat' dir='ltr'><strong>homo</strong></span> 
     </span>
    </p>
   </div>
   <div class='ocr_carea' id='block_1_77' title="bbox 1879 3515 3453 3580">
    <p class='ocr_par' dir='ltr' id='par_1_77' title="bbox 1879 3515 3453 3580">
     <span class='ocr_line' id='line_1_77' title="bbox 1879 3515 3453 3580; baseline 0.002 -12"><span class='ocrx_word' id='word_1_602' title='bbox 1879 3531 1985 3568; x_wconf 91' lang='lat' dir='ltr'><strong>non</strong></span> <span class='ocrx_word' id='word_1_603' title='bbox 2037 3524 2183 3569; x_wconf 88' lang='lat' dir='ltr'><strong>esset</strong></span> <span class='ocrx_word' id='word_1_604' title='bbox 2222 3515 2520 3570; x_wconf 89' lang='lat' dir='ltr'><strong>secundum</strong></span> <span class='ocrx_word' id='word_1_605' title='bbox 2552 3524 2825 3580; x_wconf 87' lang='lat' dir='ltr'><strong>naturam,</strong></span> <span class='ocrx_word' id='word_1_606' title='bbox 2857 3515 2909 3569; x_wconf 89' lang='lat' dir='ltr'><strong>id</strong></span> <span class='ocrx_word' id='word_1_607' title='bbox 2943 3516 3118 3571; x_wconf 81' lang='lat' dir='ltr'><strong>factus</strong></span> <span class='ocrx_word' id='word_1_608' title='bbox 3164 3530 3286 3571; x_wconf 88' lang='lat' dir='ltr'><strong>esse</strong></span> <span class='ocrx_word' id='word_1_609' title='bbox 3331 3531 3453 3572; x_wconf 88' lang='lat' dir='ltr'><strong>cre-</strong></span> 
     </span>
    </p>
   </div>
   <div class='ocr_carea' id='block_1_78' title="bbox 1878 3604 3461 3677">
    <p class='ocr_par' dir='ltr' id='par_1_78' title="bbox 1878 3604 3461 3677">
     <span class='ocr_line' id='line_1_78' title="bbox 1878 3604 3461 3677; baseline 0.001 -18"><span class='ocrx_word' id='word_1_610' title='bbox 1878 3606 2023 3659; x_wconf 90' lang='lat' dir='ltr'><strong>ditur</strong></span> <span class='ocrx_word' id='word_1_611' title='bbox 2054 3616 2145 3670; x_wconf 88' lang='lat' dir='ltr'><strong>;et</strong></span> <span class='ocrx_word' id='word_1_612' title='bbox 2174 3622 2296 3660; x_wconf 93' lang='lat' dir='ltr'><strong>eum</strong></span> <span class='ocrx_word' id='word_1_613' title='bbox 2326 3606 2704 3660; x_wconf 85' lang='lat' dir='ltr'><strong>universorum</strong></span> <span class='ocrx_word' id='word_1_614' title='bbox 2758 3616 2904 3661; x_wconf 91' lang='lat' dir='ltr'><strong>esset</strong></span> <span class='ocrx_word' id='word_1_615' title='bbox 2941 3604 3224 3671; x_wconf 86' lang='lat' dir='ltr'><strong>Dominus,</strong></span> <span class='ocrx_word' id='word_1_616' title='bbox 3271 3616 3461 3677; x_wconf 82' lang='lat' dir='ltr'><strong>utpote</strong></span> 
     </span>
    </p>
   </div>
   <div class='ocr_carea' id='block_1_79' title="bbox 1877 3697 3458 3768">
    <p class='ocr_par' dir='ltr' id='par_1_79' title="bbox 1877 3697 3458 3768">
     <span class='ocr_line' id='line_1_79' title="bbox 1877 3697 3458 3768; baseline 0.001 -16"><span class='ocrx_word' id='word_1_617' title='bbox 1877 3698 2042 3763; x_wconf 88' lang='lat' dir='ltr'><strong>Deus,</strong></span> <span class='ocrx_word' id='word_1_618' title='bbox 2100 3700 2343 3768; x_wconf 87' lang='lat' dir='ltr'><strong>seipsum</strong></span> <span class='ocrx_word' id='word_1_619' title='bbox 2404 3698 2472 3752; x_wconf 88' lang='lat' dir='ltr'><strong>ad</strong></span> <span class='ocrx_word' id='word_1_620' title='bbox 2527 3709 2716 3753; x_wconf 73' lang='lat' dir='ltr'><strong>nosua</strong></span> <span class='ocrx_word' id='word_1_621' title='bbox 2780 3697 2999 3766; x_wconf 86' lang='lat' dir='ltr'><strong>dejccit,</strong></span> <span class='ocrx_word' id='word_1_622' title='bbox 3095 3700 3292 3754; x_wconf 88' lang='lat' dir='ltr'><strong>uniens</strong></span> <span class='ocrx_word' id='word_1_623' title='bbox 3352 3702 3458 3756; x_wconf 81' lang='lat' dir='ltr'><strong>sibi</strong></span> 
     </span>
    </p>
   </div>
   <div class='ocr_carea' id='block_1_80' title="bbox 1875 3790 3453 3860">
    <p class='ocr_par' dir='ltr' id='par_1_80' title="bbox 1875 3790 3453 3860">
     <span class='ocr_line' id='line_1_80' title="bbox 1875 3790 3453 3860; baseline 0 -15"><span class='ocrx_word' id='word_1_624' title='bbox 1875 3793 2168 3845; x_wconf 88' lang='lat' dir='ltr'><strong>secundum</strong></span> <span class='ocrx_word' id='word_1_625' title='bbox 2226 3791 2563 3860; x_wconf 82' lang='lat' dir='ltr'><strong>hypostasim</strong></span> <span class='ocrx_word' id='word_1_626' title='bbox 2654 3790 2826 3859; x_wconf 87' lang='lat' dir='ltr'><strong>ipsam</strong></span> <span class='ocrx_word' id='word_1_627' title='bbox 2897 3792 3321 3859; x_wconf 84' lang='lat' dir='ltr'><strong>humanitatem,</strong></span> <span class='ocrx_word' id='word_1_628' title='bbox 3398 3802 3453 3848; x_wconf 92' lang='lat' dir='ltr'><strong>et</strong></span> 
     </span>
    </p>
   </div>
   <div class='ocr_carea' id='block_1_81' title="bbox 1875 3881 3454 3953">
    <p class='ocr_par' dir='ltr' id='par_1_81' title="bbox 1875 3881 3454 3953">
     <span class='ocr_line' id='line_1_81' title="bbox 1875 3881 3454 3953; baseline 0.002 -17"><span class='ocrx_word' id='word_1_629' title='bbox 1875 3883 2017 3936; x_wconf 88' lang='lat' dir='ltr'><strong>servi</strong></span> <span class='ocrx_word' id='word_1_630' title='bbox 2083 3881 2311 3937; x_wconf 80' lang='lat' dir='ltr'><strong>formam</strong></span> <span class='ocrx_word' id='word_1_631' title='bbox 2366 3896 2668 3939; x_wconf 88' lang='lat' dir='ltr'><strong>assumens.</strong></span> <span class='ocrx_word' id='word_1_632' title='bbox 2719 3881 2813 3937; x_wconf 91' lang='lat' dir='ltr'><strong>Sic</strong></span> <span class='ocrx_word' id='word_1_633' title='bbox 2848 3898 3082 3953; x_wconf 91' lang='lat' dir='ltr'><strong>namque</strong></span> <span class='ocrx_word' id='word_1_634' title='bbox 3104 3899 3289 3938; x_wconf 84' lang='lat' dir='ltr'><strong>verum</strong></span> <span class='ocrx_word' id='word_1_635' title='bbox 3346 3885 3454 3939; x_wconf 87' lang='lat' dir='ltr'><strong>erit</strong></span> 
     </span>
    </p>
   </div>
   <div class='ocr_carea' id='block_1_82' title="bbox 1876 3973 3454 4043">
    <p class='ocr_par' dir='ltr' id='par_1_82' title="bbox 1876 3973 3454 4043">
     <span class='ocr_line' id='line_1_82' title="bbox 1876 3973 3454 4043; baseline 0.003 -16"><span class='ocrx_word' id='word_1_636' title='bbox 1876 3974 2017 4043; x_wconf 87' lang='lat' dir='ltr'><strong>quod</strong></span> <span class='ocrx_word' id='word_1_637' title='bbox 2043 3973 2249 4039; x_wconf 84' lang='lat' dir='ltr'><strong>dixisti,</strong></span> <span class='ocrx_word' id='word_1_638' title='bbox 2284 3984 2405 4043; x_wconf 91' lang='lat' dir='ltr'><strong>post</strong></span> <span class='ocrx_word' id='word_1_639' title='bbox 2439 3973 2871 4042; x_wconf 89' lang='lat' dir='ltr'><strong>assumptionem</strong></span> <span class='ocrx_word' id='word_1_640' title='bbox 2910 3991 3015 4029; x_wconf 91' lang='lat' dir='ltr'><strong>non</strong></span> <span class='ocrx_word' id='word_1_641' title='bbox 3051 3991 3210 4043; x_wconf 86' lang='lat' dir='ltr'><strong>posse</strong></span> <span class='ocrx_word' id='word_1_642' title='bbox 3255 3976 3454 4032; x_wconf 82' lang='lat' dir='ltr'><strong>Filium</strong></span> 
     </span>
    </p>
   </div>
   <div class='ocr_carea' id='block_1_83' title="bbox 1876 4065 3449 4136">
    <p class='ocr_par' dir='ltr' id='par_1_83' title="bbox 1876 4065 3449 4136">
     <span class='ocr_line' id='line_1_83' title="bbox 1876 4065 3449 4136; baseline 0.004 -19"><span class='ocrx_word' id='word_1_643' title='bbox 1876 4065 2061 4120; x_wconf 81' lang='lat' dir='ltr'><strong>vocari</strong></span> <span class='ocrx_word' id='word_1_644' title='bbox 2141 4066 2396 4131; x_wconf 87' lang='lat' dir='ltr'><strong>seorsim,</strong></span> <span class='ocrx_word' id='word_1_645' title='bbox 2472 4080 2538 4119; x_wconf 92' lang='lat' dir='ltr'><strong>ne</strong></span> <span class='ocrx_word' id='word_1_646' title='bbox 2601 4066 2736 4121; x_wconf 85' lang='lat' dir='ltr'><strong>duos</strong></span> <span class='ocrx_word' id='word_1_647' title='bbox 2814 4066 2952 4123; x_wconf 81' lang='lat' dir='ltr'><strong>ﬁlios</strong></span> <span class='ocrx_word' id='word_1_648' title='bbox 3000 4069 3449 4136; x_wconf 73' lang='lat' dir='ltr'><strong>dogmatizemus.</strong></span> 
     </span>
    </p>
   </div>
   <div class='ocr_carea' id='block_1_84' title="bbox 1873 4155 3447 4226">
    <p class='ocr_par' dir='ltr' id='par_1_84' title="bbox 1873 4155 3447 4226">
     <span class='ocr_line' id='line_1_84' title="bbox 1873 4155 3447 4226; baseline 0.003 -17"><span class='ocrx_word' id='word_1_649' title='bbox 1873 4156 1951 4209; x_wconf 84' lang='lat' dir='ltr'><strong>Ac</strong></span> <span class='ocrx_word' id='word_1_650' title='bbox 1982 4164 2128 4211; x_wconf 86' lang='lat' dir='ltr'><strong>recta</strong></span> <span class='ocrx_word' id='word_1_651' title='bbox 2158 4156 2374 4225; x_wconf 90' lang='lat' dir='ltr'><strong>quidem</strong></span> <span class='ocrx_word' id='word_1_652' title='bbox 2393 4164 2446 4209; x_wconf 91' lang='lat' dir='ltr'><strong>et</strong></span> <span class='ocrx_word' id='word_1_653' title='bbox 2476 4155 2696 4211; x_wconf 84' lang='lat' dir='ltr'><strong>mim’me</strong></span> <span class='ocrx_word' id='word_1_654' title='bbox 2729 4172 3005 4226; x_wconf 88' lang='lat' dir='ltr'><strong>perversa,</strong></span> <span class='ocrx_word' id='word_1_655' title='bbox 3028 4168 3082 4213; x_wconf 89' lang='lat' dir='ltr'><strong>et</strong></span> <span class='ocrx_word' id='word_1_656' title='bbox 3104 4158 3155 4212; x_wconf 92' lang='lat' dir='ltr'><strong>in</strong></span> <span class='ocrx_word' id='word_1_657' title='bbox 3179 4159 3447 4215; x_wconf 89' lang='lat' dir='ltr'><strong>directum</strong></span> 
     </span>
    </p>
   </div>
   <div class='ocr_carea' id='block_1_85' title="bbox 1876 4246 3453 4317">
    <p class='ocr_par' dir='ltr' id='par_1_85' title="bbox 1876 4246 3453 4317">
     <span class='ocr_line' id='line_1_85' title="bbox 1876 4246 3453 4317; baseline 0.005 -18"><span class='ocrx_word' id='word_1_658' title='bbox 1876 4247 2099 4302; x_wconf 83' lang='lat' dir='ltr'><strong>tendens</strong></span> <span class='ocrx_word' id='word_1_659' title='bbox 2159 4246 2468 4315; x_wconf 85' lang='lat' dir='ltr'><strong>dogmatum</strong></span> <span class='ocrx_word' id='word_1_660' title='bbox 2510 4247 2703 4301; x_wconf 88' lang='lat' dir='ltr'><strong>semita</strong></span> <span class='ocrx_word' id='word_1_661' title='bbox 2746 4257 2941 4317; x_wconf 64' lang='lat' dir='ltr'><strong>praeter</strong></span> <span class='ocrx_word' id='word_1_662' title='bbox 2993 4248 3131 4305; x_wconf 87' lang='lat' dir='ltr'><strong>hanc</strong></span> <span class='ocrx_word' id='word_1_663' title='bbox 3185 4249 3326 4304; x_wconf 89' lang='lat' dir='ltr'><strong>nulla</strong></span> <span class='ocrx_word' id='word_1_664' title='bbox 3368 4262 3453 4307; x_wconf 88' lang='lat' dir='ltr'><strong>est</strong></span> 
     </span>
    </p>
   </div>
   <div class='ocr_carea' id='block_1_86' title="bbox 1873 4336 3456 4406">
    <p class='ocr_par' dir='ltr' id='par_1_86' title="bbox 1873 4336 3456 4406">
     <span class='ocr_line' id='line_1_86' title="bbox 1873 4336 3456 4406; baseline 0.003 -15"><span class='ocrx_word' id='word_1_665' title='bbox 1873 4338 2012 4391; x_wconf 89' lang='lat' dir='ltr'><strong>alia:</strong></span> <span class='ocrx_word' id='word_1_666' title='bbox 2046 4337 2168 4405; x_wconf 89' lang='lat' dir='ltr'><strong>ipse</strong></span> <span class='ocrx_word' id='word_1_667' title='bbox 2216 4346 2395 4390; x_wconf 90' lang='lat' dir='ltr'><strong>autem</strong></span> <span class='ocrx_word' id='word_1_668' title='bbox 2437 4337 2527 4406; x_wconf 93' lang='lat' dir='ltr'><strong>qui</strong></span> <span class='ocrx_word' id='word_1_669' title='bbox 2578 4337 3016 4392; x_wconf 87' lang='lat' dir='ltr'><strong>humanationem</strong></span> <span class='ocrx_word' id='word_1_670' title='bbox 3060 4336 3221 4395; x_wconf 81' lang='lat' dir='ltr'><strong>Verbi</strong></span> <span class='ocrx_word' id='word_1_671' title='bbox 3251 4354 3315 4394; x_wconf 80' lang='lat' dir='ltr'><strong>ex</strong></span> <span class='ocrx_word' id='word_1_672' title='bbox 3339 4340 3456 4397; x_wconf 85' lang='lat' dir='ltr'><strong>Deo</strong></span> 
     </span>
    </p>
   </div>
   <div class='ocr_carea' id='block_1_87' title="bbox 1873 4427 3451 4496">
    <p class='ocr_par' dir='ltr' id='par_1_87' title="bbox 1873 4427 3451 4496">
     <span class='ocr_line' id='line_1_87' title="bbox 1873 4427 3451 4496; baseline 0 -13"><span class='ocrx_word' id='word_1_673' title='bbox 1873 4428 2185 4484; x_wconf 77' lang='lat' dir='ltr'><strong>exsisteutis</strong></span> <span class='ocrx_word' id='word_1_674' title='bbox 2262 4427 2423 4493; x_wconf 76' lang='lat' dir='ltr'><strong>dixit,</strong></span> <span class='ocrx_word' id='word_1_675' title='bbox 2501 4428 2895 4496; x_wconf 88' lang='lat' dir='ltr'><strong>propemodum</strong></span> <span class='ocrx_word' id='word_1_676' title='bbox 2986 4428 3039 4482; x_wconf 93' lang='lat' dir='ltr'><strong>in</strong></span> <span class='ocrx_word' id='word_1_677' title='bbox 3122 4429 3451 4485; x_wconf 90' lang='lat' dir='ltr'><strong>oblivionem</strong></span> 
     </span>
    </p>
   </div>
   <div class='ocr_carea' id='block_1_88' title="bbox 193 4508 1777 4599">
    <p class='ocr_par' dir='ltr' id='par_1_88' title="bbox 193 4508 1765 4599">
     <span class='ocr_line' id='line_1_88' title="bbox 193 4508 1765 4599; baseline 0.015 -40"><span class='ocrx_word' id='word_1_678' title='bbox 193 4508 289 4560; x_wconf 72' lang='grc' dir='ltr'><strong>καὶ</strong></span> <span class='ocrx_word' id='word_1_679' title='bbox 316 4514 435 4573; x_wconf 90' lang='grc' dir='ltr'>ταῖς</span> <span class='ocrx_word' id='word_1_680' title='bbox 453 4512 559 4565; x_wconf 85' lang='grc' dir='ltr'><strong>τῶν</strong></span> <span class='ocrx_word' id='word_1_681' title='bbox 574 4515 850 4584; x_wconf 84' lang='grc' dir='ltr'>ὀνομάτων</span> <span class='ocrx_word' id='word_1_682' title='bbox 878 4518 1206 4595; x_wconf 87' lang='grc' dir='ltr'>[νοημάτων]</span> <span class='ocrx_word' id='word_1_683' title='bbox 1234 4523 1531 4597; x_wconf 80' lang='grc' dir='ltr'>ἐξιτηλίαις</span> <span class='ocrx_word' id='word_1_684' title='bbox 1556 4528 1765 4599; x_wconf 82' lang='grc' dir='ltr'>ἀσυφή-</span> 
     </span>
    </p>
   </div>
   <div class='ocr_carea' id='block_1_89' title="bbox 1879 4508 3449 4599">
    <p class='ocr_par' dir='ltr' id='par_1_89' title="bbox 1879 4519 3449 4588">
     <span class='ocr_line' id='line_1_89' title="bbox 1879 4519 3449 4588; baseline 0 -13"><span class='ocrx_word' id='word_1_685' title='bbox 1879 4520 2017 4575; x_wconf 86' lang='lat' dir='ltr'><strong>illico</strong></span> <span class='ocrx_word' id='word_1_686' title='bbox 2059 4534 2247 4574; x_wconf 88' lang='lat' dir='ltr'><strong>eorum</strong></span> <span class='ocrx_word' id='word_1_687' title='bbox 2288 4533 2406 4588; x_wconf 83' lang='lat' dir='ltr'><strong>quae</strong></span> <span class='ocrx_word' id='word_1_688' title='bbox 2483 4519 2642 4585; x_wconf 77' lang='lat' dir='ltr'><strong>dixit,</strong></span> <span class='ocrx_word' id='word_1_689' title='bbox 2707 4521 2984 4588; x_wconf 87' lang='lat' dir='ltr'><strong>abreptus,</strong></span> <span class='ocrx_word' id='word_1_690' title='bbox 3046 4537 3236 4577; x_wconf 83' lang='lat' dir='ltr'><strong>rursus</strong></span> <span class='ocrx_word' id='word_1_691' title='bbox 3282 4538 3449 4577; x_wconf 87' lang='lat' dir='ltr'><strong>unum</strong></span> 
     </span>
    </p>
   </div>
   <div class='ocr_carea' id='block_1_90' title="bbox 190 4600 1770 4683">
    <p class='ocr_par' dir='ltr' id='par_1_90' title="bbox 190 4600 1770 4683">
     <span class='ocr_line' id='line_1_90' title="bbox 190 4600 1770 4683; baseline 0.014 -31"><span class='ocrx_word' id='word_1_692' title='bbox 190 4600 299 4665; x_wconf 81' lang='grc' dir='ltr'><strong>λως</strong></span> <span class='ocrx_word' id='word_1_693' title='bbox 324 4605 742 4676; x_wconf 78' lang='grc' dir='ltr'>ἐπινηχὸμενοςο</span> <span class='ocrx_word' id='word_1_694' title='bbox 778 4611 868 4663; x_wconf 79' lang='grc' dir='ltr'><strong>καὶ</strong></span> <span class='ocrx_word' id='word_1_695' title='bbox 909 4616 1112 4680; x_wconf 83' lang='grc' dir='ltr'>φωναῖς</span> <span class='ocrx_word' id='word_1_696' title='bbox 1148 4616 1530 4683; x_wconf 88' lang='grc' dir='ltr'>ἀϐασανίστοις</span> <span class='ocrx_word' id='word_1_697' title='bbox 1560 4621 1647 4675; x_wconf 79' lang='grc' dir='ltr'><strong>ἀεὶ</strong></span> <span class='ocrx_word' id='word_1_698' title='bbox 1679 4639 1770 4674; x_wconf 81' lang='grc' dir='ltr'><strong>κε-</strong></span> 
     </span>
    </p>
   </div>
   <div class='ocr_carea' id='block_1_91' title="bbox 190 4695 1770 4783">
    <p class='ocr_par' dir='ltr' id='par_1_91' title="bbox 190 4695 1770 4783">
     <span class='ocr_line' id='line_1_91' title="bbox 190 4695 1770 4783; baseline 0.015 -38"><span class='ocrx_word' id='word_1_699' title='bbox 190 4695 485 4764; x_wconf 80' lang='grc' dir='ltr'>χρημένος.</span> <span class='ocrx_word' id='word_1_700' title='bbox 530 4698 674 4769; x_wconf 85' lang='grc' dir='ltr'>Ἐφη</span> <span class='ocrx_word' id='word_1_701' title='bbox 707 4702 835 4773; x_wconf 87' lang='grc' dir='ltr'>γάρ·</span> <span class='ocrx_word' id='word_1_702' title='bbox 867 4705 1042 4775; x_wconf 75' lang='grc' dir='ltr'>[Ἀλλ’</span> <span class='ocrx_word' id='word_1_703' title='bbox 1069 4707 1367 4781; x_wconf 76' lang='grc' dir='ltr'>ἐπειδήπερ</span> <span class='ocrx_word' id='word_1_704' title='bbox 1413 4712 1611 4783; x_wconf 84' lang='grc' dir='ltr'>ἐκείνῳ</span> <span class='ocrx_word' id='word_1_705' title='bbox 1646 4730 1770 4767; x_wconf 89' lang='grc' dir='ltr'>συν-</span> 
     </span>
    </p>
   </div>
   <div class='ocr_carea' id='block_1_92' title="bbox 190 4788 1768 4874">
    <p class='ocr_par' dir='ltr' id='par_1_92' title="bbox 190 4788 1768 4874">
     <span class='ocr_line' id='line_1_92' title="bbox 190 4788 1768 4874; baseline 0.014 -36"><span class='ocrx_word' id='word_1_706' title='bbox 190 4788 471 4861; x_wconf 85' lang='grc' dir='ltr'>ἧπταιτῷ</span> <span class='ocrx_word' id='word_1_707' title='bbox 521 4792 578 4843; x_wconf 86' lang='grc' dir='ltr'><strong>ἐν</strong></span> <span class='ocrx_word' id='word_1_708' title='bbox 634 4793 773 4866; x_wconf 82' lang='grc' dir='ltr'>ἀρχῇ</span> <span class='ocrx_word' id='word_1_709' title='bbox 809 4795 922 4850; x_wconf 77' lang='grc' dir='ltr'>ὄντι</span> <span class='ocrx_word' id='word_1_710' title='bbox 954 4798 1091 4869; x_wconf 85' lang='grc' dir='ltr'>Υίῷ,</span> <span class='ocrx_word' id='word_1_711' title='bbox 1132 4800 1210 4872; x_wconf 82' lang='grc' dir='ltr'><strong>τῷ</strong></span> <span class='ocrx_word' id='word_1_712' title='bbox 1262 4803 1397 4874; x_wconf 82' lang='grc' dir='ltr'>πρὸς</span> <span class='ocrx_word' id='word_1_713' title='bbox 1439 4804 1601 4859; x_wconf 81' lang='grc' dir='ltr'>αὑτὸν</span> <span class='ocrx_word' id='word_1_714' title='bbox 1643 4823 1768 4859; x_wconf 85' lang='grc' dir='ltr'>συν-</span> 
     </span>
    </p>
   </div>
   <div class='ocr_carea' id='block_1_93' title="bbox 190 4880 1768 4967">
    <p class='ocr_par' dir='ltr' id='par_1_93' title="bbox 190 4880 1768 4967">
     <span class='ocr_line' id='line_1_93' title="bbox 190 4880 1768 4967; baseline 0.012 -36"><span class='ocrx_word' id='word_1_715' title='bbox 190 4880 444 4947; x_wconf 78' lang='grc' dir='ltr'>αφθέντι,</span> <span class='ocrx_word' id='word_1_716' title='bbox 474 4884 533 4936; x_wconf 79' lang='grc' dir='ltr'><strong>οὐ</strong></span> <span class='ocrx_word' id='word_1_717' title='bbox 588 4884 809 4941; x_wconf 71' lang='grc' dir='ltr'>δύναται</span> <span class='ocrx_word' id='word_1_718' title='bbox 844 4890 983 4943; x_wconf 86' lang='grc' dir='ltr'>κατά</span> <span class='ocrx_word' id='word_1_719' title='bbox 1022 4891 1083 4944; x_wconf 82' lang='grc' dir='ltr'><strong>τὸ</strong></span> <span class='ocrx_word' id='word_1_720' title='bbox 1130 4891 1346 4965; x_wconf 81' lang='grc' dir='ltr'>ἀξίωμα</span> <span class='ocrx_word' id='word_1_721' title='bbox 1377 4896 1476 4965; x_wconf 79' lang='grc' dir='ltr'>τῆς</span> <span class='ocrx_word' id='word_1_722' title='bbox 1522 4897 1768 4967; x_wconf 80' lang='grc' dir='ltr'>υίότητος</span> 
     </span>
    </p>
   </div>
   <div class='ocr_carea' id='block_1_94' title="bbox 189 4973 1763 5058">
    <p class='ocr_par' dir='ltr' id='par_1_94' title="bbox 189 4973 1763 5058">
     <span class='ocr_line' id='line_1_94' title="bbox 189 4973 1763 5058; baseline 0.011 -34"><span class='ocrx_word' id='word_1_723' title='bbox 189 4973 457 5045; x_wconf 84' lang='grc' dir='ltr'>διαίρεσιν</span> <span class='ocrx_word' id='word_1_724' title='bbox 488 4976 743 5043; x_wconf 81' lang='grc' dir='ltr'>δέξασθαι</span> <span class='ocrx_word' id='word_1_725' title='bbox 768 4998 781 5011; x_wconf 76' lang='grc' dir='ltr'><strong>ο</strong></span> <span class='ocrx_word' id='word_1_726' title='bbox 820 4982 957 5035; x_wconf 85' lang='grc' dir='ltr'>κατά</span> <span class='ocrx_word' id='word_1_727' title='bbox 984 4983 1044 5036; x_wconf 87' lang='lat'><strong>16</strong></span> <span class='ocrx_word' id='word_1_728' title='bbox 1076 4984 1292 5055; x_wconf 85' lang='grc' dir='ltr'>ἀξίωμά</span> <span class='ocrx_word' id='word_1_729' title='bbox 1334 5005 1495 5058; x_wconf 86' lang='grc' dir='ltr'>φησιν</span> <span class='ocrx_word' id='word_1_730' title='bbox 1526 4988 1626 5058; x_wconf 81' lang='grc' dir='ltr'>τῆς</span> <span class='ocrx_word' id='word_1_731' title='bbox 1652 4990 1763 5041; x_wconf 89' lang='grc' dir='ltr'>υίό-</span> 
     </span>
    </p>
   </div>
   <div class='ocr_carea' id='block_1_95' title="bbox 188 5072 1766 5151">
    <p class='ocr_par' dir='ltr' id='par_1_95' title="bbox 188 5072 1766 5151">
     <span class='ocr_line' id='line_1_95' title="bbox 188 5072 1766 5151; baseline 0.01 -31"><span class='ocrx_word' id='word_1_732' title='bbox 188 5085 372 5141; x_wconf 77' lang='grc' dir='ltr'>τητος,</span> <span class='ocrx_word' id='word_1_733' title='bbox 404 5072 464 5123; x_wconf 75' lang='grc' dir='ltr'><strong>οὐ</strong></span> <span class='ocrx_word' id='word_1_734' title='bbox 500 5072 640 5126; x_wconf 83' lang='grc' dir='ltr'><strong>κατά</strong></span> <span class='ocrx_word' id='word_1_735' title='bbox 681 5074 781 5139; x_wconf 78' lang='grc' dir='ltr'>τὰς</span> <span class='ocrx_word' id='word_1_736' title='bbox 809 5075 1018 5144; x_wconf 88' lang='grc' dir='ltr'>φύσεις.</span> <span class='ocrx_word' id='word_1_737' title='bbox 1047 5077 1068 5149; x_wconf 94' lang='grc'>]</span> <span class='ocrx_word' id='word_1_738' title='bbox 1103 5078 1308 5151; x_wconf 85' lang='grc' dir='ltr'>Ὀρθῶς</span> <span class='ocrx_word' id='word_1_739' title='bbox 1350 5098 1433 5149; x_wconf 93' lang='grc' dir='ltr'><strong>γε,</strong></span> <span class='ocrx_word' id='word_1_740' title='bbox 1468 5074 1511 5133; x_wconf 80' lang='grc' dir='ltr'><strong>ὦ</strong></span> <span class='ocrx_word' id='word_1_741' title='bbox 1535 5084 1632 5135; x_wconf 85' lang='grc' dir='ltr'><strong>τάν</strong></span> <span class='ocrx_word' id='word_1_742' title='bbox 1658 5100 1670 5112; x_wconf 89' lang='grc'><strong>·</strong></span> <span class='ocrx_word' id='word_1_743' title='bbox 1706 5083 1766 5135; x_wconf 81' lang='grc' dir='ltr'><strong>τὸ</strong></span> 
     </span>
    </p>
   </div>
   <div class='ocr_carea' id='block_1_96' title="bbox 188 5158 1764 5244">
    <p class='ocr_par' dir='ltr' id='par_1_96' title="bbox 188 5158 1764 5244">
     <span class='ocr_line' id='line_1_96' title="bbox 188 5158 1764 5244; baseline 0.008 -30"><span class='ocrx_word' id='word_1_744' title='bbox 188 5161 500 5229; x_wconf 83' lang='grc' dir='ltr'>ἀνασφαλὲς</span> <span class='ocrx_word' id='word_1_745' title='bbox 547 5158 685 5218; x_wconf 81' lang='grc' dir='ltr'>εἶναι</span> <span class='ocrx_word' id='word_1_746' title='bbox 730 5167 925 5235; x_wconf 82' lang='grc' dir='ltr'>δοκεῖν,</span> <span class='ocrx_word' id='word_1_747' title='bbox 950 5209 962 5222; x_wconf 94' lang='grc'><em>.</em></span> <span class='ocrx_word' id='word_1_748' title='bbox 996 5209 1011 5224; x_wconf 90' lang='grc'><strong>.</strong></span> <span class='ocrx_word' id='word_1_749' title='bbox 1040 5210 1053 5224; x_wconf 92' lang='grc'><strong><em>.</em></strong></span> <span class='ocrx_word' id='word_1_750' title='bbox 1086 5170 1303 5243; x_wconf 84' lang='grc' dir='ltr'>ἀχρεῖον</span> <span class='ocrx_word' id='word_1_751' title='bbox 1347 5176 1609 5244; x_wconf 80' lang='grc' dir='ltr'>παραιτῇ.</span> <span class='ocrx_word' id='word_1_752' title='bbox 1653 5176 1764 5227; x_wconf 80' lang='grc' dir='ltr'><strong>Ἀεὶ</strong></span> 
     </span>
    </p>
   </div>
   <div class='ocr_carea' id='block_1_97' title="bbox 187 5256 1762 5334">
    <p class='ocr_par' dir='ltr' id='par_1_97' title="bbox 187 5256 1762 5334">
     <span class='ocr_line' id='line_1_97' title="bbox 187 5256 1762 5334; baseline 0.008 -27"><span class='ocrx_word' id='word_1_753' title='bbox 187 5256 607 5325; x_wconf 85' lang='grc' dir='ltr'>διεγηγερμένῳ</span> <span class='ocrx_word' id='word_1_754' title='bbox 642 5260 943 5330; x_wconf 81' lang='grc' dir='ltr'>κεχρῆσθαι</span> <span class='ocrx_word' id='word_1_755' title='bbox 969 5261 1047 5333; x_wconf 83' lang='grc' dir='ltr'><strong>τῷ</strong></span> <span class='ocrx_word' id='word_1_756' title='bbox 1076 5262 1237 5331; x_wconf 88' lang='grc' dir='ltr'>λόγῳ,</span> <span class='ocrx_word' id='word_1_757' title='bbox 1271 5262 1357 5317; x_wconf 78' lang='grc' dir='ltr'>διὰ</span> <span class='ocrx_word' id='word_1_758' title='bbox 1402 5266 1637 5334; x_wconf 82' lang='grc' dir='ltr'>σπουδῆς</span> <span class='ocrx_word' id='word_1_759' title='bbox 1673 5267 1762 5320; x_wconf 84' lang='grc' dir='ltr'>τέ·-</span> 
     </span>
    </p>
   </div>
   <div class='ocr_carea' id='block_1_98' title="bbox 188 5344 1761 5424">
    <p class='ocr_par' dir='ltr' id='par_1_98' title="bbox 188 5344 1761 5424">
     <span class='ocr_line' id='line_1_98' title="bbox 188 5344 1761 5424; baseline 0.008 -27"><span class='ocrx_word' id='word_1_760' title='bbox 188 5344 366 5398; x_wconf 87' lang='grc' dir='ltr'>θειταί</span> <span class='ocrx_word' id='word_1_761' title='bbox 403 5362 505 5417; x_wconf 37' lang='grc' dir='ltr'>σθοι.</span> <span class='ocrx_word' id='word_1_762' title='bbox 538 5347 669 5399; x_wconf 80' lang='grc' dir='ltr'>Ἰδοὺ</span> <span class='ocrx_word' id='word_1_763' title='bbox 697 5349 823 5419; x_wconf 84' lang='grc' dir='ltr'>γὰρ,</span> <span class='ocrx_word' id='word_1_764' title='bbox 858 5351 966 5404; x_wconf 85' lang='grc' dir='ltr'>ίδοὺ</span> <span class='ocrx_word' id='word_1_765' title='bbox 998 5351 1221 5424; x_wconf 85' lang='grc' dir='ltr'>διαιρῶν</span> <span class='ocrx_word' id='word_1_766' title='bbox 1252 5353 1350 5418; x_wconf 85' lang='grc' dir='ltr'>τὰς</span> <span class='ocrx_word' id='word_1_767' title='bbox 1395 5355 1605 5422; x_wconf 89' lang='grc' dir='ltr'>φύσεις,</span> <span class='ocrx_word' id='word_1_768' title='bbox 1638 5356 1761 5409; x_wconf 92' lang='grc' dir='ltr'>συλ-</span> 
     </span>
    </p>
   </div>
   <div class='ocr_carea' id='block_1_99' title="bbox 184 5439 1756 5519">
    <p class='ocr_par' dir='ltr' id='par_1_99' title="bbox 184 5439 1756 5519">
     <span class='ocr_line' id='line_1_99' title="bbox 184 5439 1756 5519; baseline 0.009 -29"><span class='ocrx_word' id='word_1_769' title='bbox 184 5439 367 5508; x_wconf 76' lang='grc' dir='ltr'>λέγεις</span> <span class='ocrx_word' id='word_1_770' title='bbox 416 5441 495 5502; x_wconf 88' lang='grc' dir='ltr'>εἰς</span> <span class='ocrx_word' id='word_1_771' title='bbox 553 5440 745 5495; x_wconf 78' lang='grc' dir='ltr'>ἕνωσιν</span> <span class='ocrx_word' id='word_1_772' title='bbox 794 5444 934 5496; x_wconf 82' lang='grc' dir='ltr'>κατά</span> <span class='ocrx_word' id='word_1_773' title='bbox 974 5444 1035 5497; x_wconf 87' lang='grc' dir='ltr'><strong>τὸ</strong></span> <span class='ocrx_word' id='word_1_774' title='bbox 1070 5444 1289 5515; x_wconf 79' lang='grc' dir='ltr'>ἀξίωμα</span> <span class='ocrx_word' id='word_1_775' title='bbox 1350 5448 1445 5519; x_wconf 80' lang='grc' dir='ltr'>τῆς</span> <span class='ocrx_word' id='word_1_776' title='bbox 1490 5449 1756 5519; x_wconf 81' lang='grc' dir='ltr'>υίότητος.</span> 
     </span>
    </p>
   </div>
   <div class='ocr_carea' id='block_1_100' title="bbox 183 5530 1759 5610">
    <p class='ocr_par' dir='ltr' id='par_1_100' title="bbox 183 5530 1759 5610">
     <span class='ocr_line' id='line_1_100' title="bbox 183 5530 1759 5610; baseline 0.005 -23"><span class='ocrx_word' id='word_1_777' title='bbox 183 5530 313 5604; x_wconf 71' lang='lat' dir='ltr'><strong>&#39;A9’</strong></span> <span class='ocrx_word' id='word_1_778' title='bbox 341 5530 434 5586; x_wconf 81' lang='grc' dir='ltr'><strong>οὖν</strong></span> <span class='ocrx_word' id='word_1_779' title='bbox 469 5533 682 5603; x_wconf 73' lang='grc' dir='ltr'>ἀπόχρη</span> <span class='ocrx_word' id='word_1_780' title='bbox 714 5535 851 5604; x_wconf 77' lang='grc' dir='ltr'>πρὸς</span> <span class='ocrx_word' id='word_1_781' title='bbox 879 5536 1070 5591; x_wconf 77' lang='grc' dir='ltr'>ἕνωσιν</span> <span class='ocrx_word' id='word_1_782' title='bbox 1098 5539 1268 5608; x_wconf 84' lang='grc' dir='ltr'>ἀληθῆ</span> <span class='ocrx_word' id='word_1_783' title='bbox 1296 5544 1406 5603; x_wconf 86' lang='grc' dir='ltr'>τοῖς</span> <span class='ocrx_word' id='word_1_784' title='bbox 1430 5541 1569 5594; x_wconf 82' lang='grc' dir='ltr'><strong>κατὰ</strong></span> <span class='ocrx_word' id='word_1_785' title='bbox 1598 5542 1759 5610; x_wconf 79' lang='grc' dir='ltr'>φύσιν</span> 
     </span>
    </p>
   </div>
   <div class='ocr_carea' id='block_1_101' title="bbox 183 5622 1754 5703">
    <p class='ocr_par' dir='ltr' id='par_1_101' title="bbox 183 5622 1754 5703">
     <span class='ocr_line' id='line_1_101' title="bbox 183 5622 1754 5703; baseline 0.005 -27"><span class='ocrx_word' id='word_1_786' title='bbox 183 5623 427 5695; x_wconf 76' lang='grc' dir='ltr'>ἀλλήλων</span> <span class='ocrx_word' id='word_1_787' title='bbox 466 5622 841 5692; x_wconf 79' lang='grc' dir='ltr'>διεσιηκόσιν,</span> <span class='ocrx_word' id='word_1_788' title='bbox 900 5628 933 5695; x_wconf 83' lang='grc' dir='ltr'>ἡ</span> <span class='ocrx_word' id='word_1_789' title='bbox 975 5627 1079 5681; x_wconf 83' lang='grc' dir='ltr'><strong>τῶν</strong></span> <span class='ocrx_word' id='word_1_790' title='bbox 1135 5630 1412 5699; x_wconf 79' lang='grc' dir='ltr'>ὀνομάτων</span> <span class='ocrx_word' id='word_1_791' title='bbox 1469 5632 1754 5703; x_wconf 84' lang='grc' dir='ltr'>ταυτότης,</span> 
     </span>
    </p>
   </div>
   <div class='ocr_carea' id='block_1_102' title="bbox 181 5716 1755 5797">
    <p class='ocr_par' dir='ltr' id='par_1_102' title="bbox 181 5716 1755 5797">
     <span class='ocr_line' id='line_1_102' title="bbox 181 5716 1755 5797; baseline 0.007 -28"><span class='ocrx_word' id='word_1_792' title='bbox 181 5717 351 5785; x_wconf 76' lang='grc' dir='ltr'>ῆγουν</span> <span class='ocrx_word' id='word_1_793' title='bbox 381 5716 690 5785; x_wconf 77' lang='grc' dir='ltr'>ὁμωνυμία,</span> <span class='ocrx_word' id='word_1_794' title='bbox 714 5718 807 5769; x_wconf 81' lang='grc' dir='ltr'><strong>καὶ</strong></span> <span class='ocrx_word' id='word_1_795' title='bbox 831 5719 889 5771; x_wconf 85' lang='grc' dir='ltr'><strong>τὸ</strong></span> <span class='ocrx_word' id='word_1_796' title='bbox 915 5722 1033 5773; x_wconf 83' lang='grc' dir='ltr'>κατ’</span> <span class='ocrx_word' id='word_1_797' title='bbox 1058 5722 1224 5794; x_wconf 82' lang='grc' dir='ltr'>αὐτὴν</span> <span class='ocrx_word' id='word_1_798' title='bbox 1250 5723 1502 5795; x_wconf 80' lang='grc' dir='ltr'>άξὶωμα;</span> <span class='ocrx_word' id='word_1_799' title='bbox 1542 5726 1622 5778; x_wconf 75' lang='grc' dir='ltr'><strong>σοὶ</strong></span> <span class='ocrx_word' id='word_1_800' title='bbox 1649 5728 1755 5797; x_wconf 83' lang='grc' dir='ltr'><strong>γάρ</strong></span> 
     </span>
    </p>
   </div>
   <div class='ocr_carea' id='block_1_103' title="bbox 189 5807 1755 5883">
    <p class='ocr_par' dir='ltr' id='par_1_103' title="bbox 189 5807 1755 5883">
     <span class='ocr_line' id='line_1_103' title="bbox 189 5807 1755 5883; baseline 0.007 -22"><span class='ocrx_word' id='word_1_801' title='bbox 189 5809 278 5862; x_wconf 81' lang='grc' dir='ltr'><strong>καὶ</strong></span> <span class='ocrx_word' id='word_1_802' title='bbox 309 5808 453 5862; x_wconf 75' lang='grc' dir='ltr'>οὕτω</span> <span class='ocrx_word' id='word_1_803' title='bbox 480 5807 643 5877; x_wconf 84' lang='grc' dir='ltr'>φάναι</span> <span class='ocrx_word' id='word_1_804' title='bbox 676 5808 841 5865; x_wconf 78' lang='grc' dir='ltr'>δοκεῖ.</span> <span class='ocrx_word' id='word_1_805' title='bbox 874 5812 1101 5882; x_wconf 75' lang='grc' dir='ltr'>Οὐκοῦν,</span> <span class='ocrx_word' id='word_1_806' title='bbox 1128 5814 1420 5883; x_wconf 82' lang='grc' dir='ltr'>ἐπειδήπερ</span> <span class='ocrx_word' id='word_1_807' title='bbox 1447 5818 1505 5871; x_wconf 84' lang='grc' dir='ltr'><strong>τό</strong></span> <span class='ocrx_word' id='word_1_808' title='bbox 1540 5835 1595 5872; x_wconf 88' lang='grc' dir='ltr'><strong>τε</strong></span> <span class='ocrx_word' id='word_1_809' title='bbox 1627 5818 1755 5882; x_wconf 75' lang='lat' dir='ltr'><strong>X9:-</strong></span> 
     </span>
    </p>
   </div>
   <div class='ocr_carea' id='block_1_104' title="bbox 1878 4611 3452 4674">
    <p class='ocr_par' dir='ltr' id='par_1_104' title="bbox 1878 4611 3452 4674">
     <span class='ocr_line' id='line_1_104' title="bbox 1878 4611 3452 4674; baseline 0.003 -9"><span class='ocrx_word' id='word_1_810' title='bbox 1878 4613 1931 4665; x_wconf 89' lang='lat' dir='ltr'><strong>in</strong></span> <span class='ocrx_word' id='word_1_811' title='bbox 2022 4612 2127 4664; x_wconf 90' lang='lat' dir='ltr'><strong>duo</strong></span> <span class='ocrx_word' id='word_1_812' title='bbox 2204 4611 2416 4674; x_wconf 85' lang='lat' dir='ltr'><strong>dividit,</strong></span> <span class='ocrx_word' id='word_1_813' title='bbox 2514 4611 2759 4664; x_wconf 85' lang='lat' dir='ltr'><strong>inanilali</strong></span> <span class='ocrx_word' id='word_1_814' title='bbox 2849 4613 3124 4666; x_wconf 85' lang='lat' dir='ltr'><strong>nominum</strong></span> <span class='ocrx_word' id='word_1_815' title='bbox 3215 4614 3452 4669; x_wconf 88' lang='lat' dir='ltr'><strong>absurde</strong></span> 
     </span>
    </p>
   </div>
   <div class='ocr_carea' id='block_1_105' title="bbox 1872 4703 3451 4777">
    <p class='ocr_par' dir='ltr' id='par_1_105' title="bbox 1872 4703 3451 4777">
     <span class='ocr_line' id='line_1_105' title="bbox 1872 4703 3451 4777; baseline 0.003 -20"><span class='ocrx_word' id='word_1_816' title='bbox 1872 4703 2147 4767; x_wconf 73' lang='lat' dir='ltr'><strong>innatans,</strong></span> <span class='ocrx_word' id='word_1_817' title='bbox 2203 4712 2258 4757; x_wconf 90' lang='lat' dir='ltr'><strong>et</strong></span> <span class='ocrx_word' id='word_1_818' title='bbox 2304 4704 2525 4757; x_wconf 84' lang='lat' dir='ltr'><strong>vocibus</strong></span> <span class='ocrx_word' id='word_1_819' title='bbox 2574 4719 2764 4771; x_wconf 80' lang='lat' dir='ltr'><strong>parum</strong></span> <span class='ocrx_word' id='word_1_820' title='bbox 2838 4705 3165 4761; x_wconf 82' lang='lat' dir='ltr'><strong>examinatis</strong></span> <span class='ocrx_word' id='word_1_821' title='bbox 3234 4720 3451 4777; x_wconf 83' lang='lat' dir='ltr'><strong>semper</strong></span> 
     </span>
    </p>
   </div>
   <div class='ocr_carea' id='block_1_106' title="bbox 1870 4795 3444 4868">
    <p class='ocr_par' dir='ltr' id='par_1_106' title="bbox 1870 4795 3444 4868">
     <span class='ocr_line' id='line_1_106' title="bbox 1870 4795 3444 4868; baseline 0.004 -19"><span class='ocrx_word' id='word_1_822' title='bbox 1870 4796 1981 4868; x_wconf 64' lang='grc'><strong>49</strong></span> <span class='ocrx_word' id='word_1_823' title='bbox 2008 4809 2165 4851; x_wconf 89' lang='lat' dir='ltr'><strong>utens</strong></span> <span class='ocrx_word' id='word_1_824' title='bbox 2199 4819 2210 4853; x_wconf 88' lang='lat'><strong>:</strong></span> <span class='ocrx_word' id='word_1_825' title='bbox 2246 4797 2482 4850; x_wconf 85' lang='lat' dir='ltr'><strong>aitenim</strong></span> <span class='ocrx_word' id='word_1_826' title='bbox 2513 4815 2525 4850; x_wconf 89' lang='lat'><strong>:</strong></span> <span class='ocrx_word' id='word_1_827' title='bbox 2569 4795 2698 4867; x_wconf 78' lang='lat' dir='ltr'><strong>[Sed</strong></span> <span class='ocrx_word' id='word_1_828' title='bbox 2730 4798 2857 4866; x_wconf 87' lang='lat' dir='ltr'><strong>quia</strong></span> <span class='ocrx_word' id='word_1_829' title='bbox 2906 4800 2981 4853; x_wconf 91' lang='lat' dir='ltr'><strong>illi</strong></span> <span class='ocrx_word' id='word_1_830' title='bbox 3017 4799 3333 4867; x_wconf 89' lang='lat' dir='ltr'><strong>conjunctus</strong></span> <span class='ocrx_word' id='word_1_831' title='bbox 3359 4812 3444 4856; x_wconf 87' lang='lat' dir='ltr'><strong>est</strong></span> 
     </span>
    </p>
   </div>
   <div class='ocr_carea' id='block_1_107' title="bbox 1868 4887 3443 4961">
    <p class='ocr_par' dir='ltr' id='par_1_107' title="bbox 1868 4887 3443 4961">
     <span class='ocr_line' id='line_1_107' title="bbox 1868 4887 3443 4961; baseline 0.004 -20"><span class='ocrx_word' id='word_1_832' title='bbox 1868 4887 2006 4941; x_wconf 86' lang='lat' dir='ltr'><strong>Filio</strong></span> <span class='ocrx_word' id='word_1_833' title='bbox 2038 4888 2126 4955; x_wconf 91' lang='lat' dir='ltr'><strong>qui</strong></span> <span class='ocrx_word' id='word_1_834' title='bbox 2159 4897 2277 4941; x_wconf 90' lang='lat' dir='ltr'><strong>erat</strong></span> <span class='ocrx_word' id='word_1_835' title='bbox 2308 4888 2358 4940; x_wconf 89' lang='lat' dir='ltr'><strong>in</strong></span> <span class='ocrx_word' id='word_1_836' title='bbox 2393 4887 2675 4954; x_wconf 77' lang='lat' dir='ltr'><strong>principio,</strong></span> <span class='ocrx_word' id='word_1_837' title='bbox 2709 4888 2810 4942; x_wconf 89' lang='lat' dir='ltr'><strong>sibi</strong></span> <span class='ocrx_word' id='word_1_838' title='bbox 2869 4889 3119 4958; x_wconf 90' lang='lat' dir='ltr'><strong>copulato</strong></span> <span class='ocrx_word' id='word_1_839' title='bbox 3142 4930 3156 4953; x_wconf 97' lang='lat'><strong>,</strong></span> <span class='ocrx_word' id='word_1_840' title='bbox 3194 4906 3299 4946; x_wconf 89' lang='lat' dir='ltr'><strong>non</strong></span> <span class='ocrx_word' id='word_1_841' title='bbox 3343 4906 3443 4961; x_wconf 88' lang='lat' dir='ltr'><strong>po-</strong></span> 
     </span>
    </p>
   </div>
   <div class='ocr_carea' id='block_1_108' title="bbox 1871 4980 3444 5050">
    <p class='ocr_par' dir='ltr' id='par_1_108' title="bbox 1871 4980 3444 5050">
     <span class='ocr_line' id='line_1_108' title="bbox 1871 4980 3444 5050; baseline 0.003 -16"><span class='ocrx_word' id='word_1_842' title='bbox 1871 4989 1995 5044; x_wconf 86' lang='lat' dir='ltr'><strong>test,</strong></span> <span class='ocrx_word' id='word_1_843' title='bbox 2035 4980 2179 5049; x_wconf 92' lang='lat' dir='ltr'><strong>quod</strong></span> <span class='ocrx_word' id='word_1_844' title='bbox 2212 4981 2276 5033; x_wconf 91' lang='lat' dir='ltr'><strong>ad</strong></span> <span class='ocrx_word' id='word_1_845' title='bbox 2319 4980 2635 5050; x_wconf 76' lang='lat' dir='ltr'><strong>dignitatem</strong></span> <span class='ocrx_word' id='word_1_846' title='bbox 2678 4980 2953 5035; x_wconf 84' lang='lat' dir='ltr'><strong>ﬁliatiouis</strong></span> <span class='ocrx_word' id='word_1_847' title='bbox 2985 4985 3178 5036; x_wconf 88' lang='lat' dir='ltr'><strong>attinet</strong></span> <span class='ocrx_word' id='word_1_848' title='bbox 3204 5023 3218 5046; x_wconf 93' lang='lat'><strong>,</strong></span> <span class='ocrx_word' id='word_1_849' title='bbox 3266 4985 3444 5039; x_wconf 90' lang='lat' dir='ltr'><strong>susci-</strong></span> 
     </span>
    </p>
   </div>
   <div class='ocr_carea' id='block_1_109' title="bbox 1866 5071 3434 5146">
    <p class='ocr_par' dir='ltr' id='par_1_109' title="bbox 1866 5071 3434 5146">
     <span class='ocr_line' id='line_1_109' title="bbox 1866 5071 3434 5146; baseline 0.005 -22"><span class='ocrx_word' id='word_1_850' title='bbox 1866 5086 1993 5141; x_wconf 90' lang='lat' dir='ltr'><strong>pere</strong></span> <span class='ocrx_word' id='word_1_851' title='bbox 2046 5071 2416 5127; x_wconf 89' lang='lat' dir='ltr'><strong>divisionem:</strong></span> <span class='ocrx_word' id='word_1_852' title='bbox 2468 5074 2611 5141; x_wconf 90' lang='lat' dir='ltr'><strong>quod</strong></span> <span class='ocrx_word' id='word_1_853' title='bbox 2652 5077 2719 5127; x_wconf 91' lang='lat' dir='ltr'><strong>ad</strong></span> <span class='ocrx_word' id='word_1_854' title='bbox 2770 5074 3091 5144; x_wconf 83' lang='lat' dir='ltr'><strong>dignitatem</strong></span> <span class='ocrx_word' id='word_1_855' title='bbox 3128 5075 3434 5146; x_wconf 83' lang='lat' dir='ltr'><strong>ﬁliationis,</strong></span> 
     </span>
    </p>
   </div>
   <div class='ocr_carea' id='block_1_110' title="bbox 1864 5163 3437 5239">
    <p class='ocr_par' dir='ltr' id='par_1_110' title="bbox 1864 5163 3437 5239">
     <span class='ocr_line' id='line_1_110' title="bbox 1864 5163 3437 5239; baseline 0.006 -22"><span class='ocrx_word' id='word_1_856' title='bbox 1864 5163 2107 5233; x_wconf 83' lang='lat' dir='ltr'><strong>inquam,</strong></span> <span class='ocrx_word' id='word_1_857' title='bbox 2147 5178 2248 5219; x_wconf 92' lang='lat' dir='ltr'><strong>non</strong></span> <span class='ocrx_word' id='word_1_858' title='bbox 2278 5165 2419 5234; x_wconf 92' lang='lat' dir='ltr'><strong>quod</strong></span> <span class='ocrx_word' id='word_1_859' title='bbox 2451 5165 2517 5220; x_wconf 90' lang='lat' dir='ltr'><strong>ad</strong></span> <span class='ocrx_word' id='word_1_860' title='bbox 2552 5166 2821 5238; x_wconf 90' lang='lat' dir='ltr'><strong>naturas.]</strong></span> <span class='ocrx_word' id='word_1_861' title='bbox 2856 5167 3045 5231; x_wconf 81' lang='lat' dir='ltr'><strong>Recte,</strong></span> <span class='ocrx_word' id='word_1_862' title='bbox 3088 5169 3173 5222; x_wconf 92' lang='lat' dir='ltr'><strong>vir</strong></span> <span class='ocrx_word' id='word_1_863' title='bbox 3206 5170 3437 5239; x_wconf 84' lang='lat' dir='ltr'><strong>optime.</strong></span> 
     </span>
    </p>
   </div>
   <div class='ocr_carea' id='block_1_111' title="bbox 1864 5256 3435 5329">
    <p class='ocr_par' dir='ltr' id='par_1_111' title="bbox 1864 5256 3435 5329">
     <span class='ocr_line' id='line_1_111' title="bbox 1864 5256 3435 5329; baseline 0.007 -23"><span class='ocrx_word' id='word_1_864' title='bbox 1864 5256 2003 5320; x_wconf 89' lang='lat' dir='ltr'><strong>quod</strong></span> <span class='ocrx_word' id='word_1_865' title='bbox 2040 5256 2258 5311; x_wconf 88' lang='lat' dir='ltr'><strong>minime</strong></span> <span class='ocrx_word' id='word_1_866' title='bbox 2287 5264 2460 5311; x_wconf 91' lang='lat' dir='ltr'><strong>tutum</strong></span> <span class='ocrx_word' id='word_1_867' title='bbox 2494 5273 2618 5313; x_wconf 82' lang='lat' dir='ltr'><strong>esse</strong></span> <span class='ocrx_word' id='word_1_868' title='bbox 2674 5258 2987 5314; x_wconf 87' lang='lat' dir='ltr'><strong>videtur....</strong></span> <span class='ocrx_word' id='word_1_869' title='bbox 3046 5269 3302 5329; x_wconf 85' lang='lat' dir='ltr'><strong>tanquam</strong></span> <span class='ocrx_word' id='word_1_870' title='bbox 3350 5263 3435 5316; x_wconf 88' lang='lat' dir='ltr'><strong>in-</strong></span> 
     </span>
    </p>
   </div>
   <div class='ocr_carea' id='block_1_112' title="bbox 1863 5345 3433 5419">
    <p class='ocr_par' dir='ltr' id='par_1_112' title="bbox 1863 5345 3433 5419">
     <span class='ocr_line' id='line_1_112' title="bbox 1863 5345 3433 5419; baseline 0.006 -21"><span class='ocrx_word' id='word_1_871' title='bbox 1863 5346 1993 5400; x_wconf 93' lang='lat' dir='ltr'><strong>utile</strong></span> <span class='ocrx_word' id='word_1_872' title='bbox 2049 5345 2273 5411; x_wconf 81' lang='lat' dir='ltr'><strong>refugis.</strong></span> <span class='ocrx_word' id='word_1_873' title='bbox 2330 5346 2557 5417; x_wconf 89' lang='lat' dir='ltr'><strong>Semper</strong></span> <span class='ocrx_word' id='word_1_874' title='bbox 2605 5349 2701 5402; x_wconf 90' lang='lat' dir='ltr'><strong>tibi</strong></span> <span class='ocrx_word' id='word_1_875' title='bbox 2764 5349 3005 5419; x_wconf 74' lang='lat' dir='ltr'><strong>vigilanti</strong></span> <span class='ocrx_word' id='word_1_876' title='bbox 3066 5364 3316 5406; x_wconf 89' lang='lat' dir='ltr'><strong>sermone</strong></span> <span class='ocrx_word' id='word_1_877' title='bbox 3357 5354 3433 5407; x_wconf 90' lang='lat' dir='ltr'><strong>uti</strong></span> 
     </span>
    </p>
   </div>
   <div class='ocr_carea' id='block_1_113' title="bbox 1862 5434 3435 5506">
    <p class='ocr_par' dir='ltr' id='par_1_113' title="bbox 1862 5434 3435 5506">
     <span class='ocr_line' id='line_1_113' title="bbox 1862 5434 3435 5506; baseline 0.008 -20"><span class='ocrx_word' id='word_1_878' title='bbox 1862 5435 2097 5487; x_wconf 89' lang='lat' dir='ltr'><strong>studium</strong></span> <span class='ocrx_word' id='word_1_879' title='bbox 2162 5434 2280 5489; x_wconf 82' lang='lat' dir='ltr'><strong>fuit.</strong></span> <span class='ocrx_word' id='word_1_880' title='bbox 2333 5436 2472 5491; x_wconf 87' lang='lat' dir='ltr'><strong>Ecce</strong></span> <span class='ocrx_word' id='word_1_881' title='bbox 2511 5438 2623 5506; x_wconf 88' lang='lat' dir='ltr'><strong>jam</strong></span> <span class='ocrx_word' id='word_1_882' title='bbox 2669 5447 2818 5492; x_wconf 92' lang='lat' dir='ltr'><strong>certe</strong></span> <span class='ocrx_word' id='word_1_883' title='bbox 2869 5439 3157 5494; x_wconf 87' lang='lat' dir='ltr'><strong>dividendo</strong></span> <span class='ocrx_word' id='word_1_884' title='bbox 3209 5452 3435 5499; x_wconf 86' lang='lat' dir='ltr'><strong>naturas</strong></span> 
     </span>
    </p>
   </div>
   <div class='ocr_carea' id='block_1_114' title="bbox 1859 5524 3429 5602">
    <p class='ocr_par' dir='ltr' id='par_1_114' title="bbox 1859 5524 3429 5602">
     <span class='ocr_line' id='line_1_114' title="bbox 1859 5524 3429 5602; baseline 0.008 -24"><span class='ocrx_word' id='word_1_885' title='bbox 1859 5524 2068 5594; x_wconf 74' lang='lat' dir='ltr'><strong>colligis</strong></span> <span class='ocrx_word' id='word_1_886' title='bbox 2088 5527 2151 5577; x_wconf 81' lang='lat' dir='ltr'><strong>ad</strong></span> <span class='ocrx_word' id='word_1_887' title='bbox 2182 5527 2441 5581; x_wconf 89' lang='lat' dir='ltr'><strong>unitatem</strong></span> <span class='ocrx_word' id='word_1_888' title='bbox 2460 5529 2751 5583; x_wconf 90' lang='lat' dir='ltr'><strong>secundum</strong></span> <span class='ocrx_word' id='word_1_889' title='bbox 2772 5530 3046 5584; x_wconf 81' lang='lat' dir='ltr'><strong>ﬁliationis</strong></span> <span class='ocrx_word' id='word_1_890' title='bbox 3073 5532 3429 5602; x_wconf 82' lang='lat' dir='ltr'><strong>dignitatem:</strong></span> 
     </span>
    </p>
   </div>
   <div class='ocr_carea' id='block_1_115' title="bbox 1860 5618 3429 5687">
    <p class='ocr_par' dir='ltr' id='par_1_115' title="bbox 1860 5618 3429 5687">
     <span class='ocr_line' id='line_1_115' title="bbox 1860 5618 3429 5687; baseline 0.008 -16"><span class='ocrx_word' id='word_1_891' title='bbox 1860 5634 1986 5672; x_wconf 87' lang='lat' dir='ltr'><strong>num</strong></span> <span class='ocrx_word' id='word_1_892' title='bbox 2018 5618 2183 5687; x_wconf 79' lang='lat' dir='ltr'><strong>igitur</strong></span> <span class='ocrx_word' id='word_1_893' title='bbox 2208 5622 2271 5673; x_wconf 89' lang='lat' dir='ltr'><strong>ad</strong></span> <span class='ocrx_word' id='word_1_894' title='bbox 2290 5621 2539 5676; x_wconf 87' lang='lat' dir='ltr'><strong>unionem</strong></span> <span class='ocrx_word' id='word_1_895' title='bbox 2559 5638 2740 5677; x_wconf 76' lang='lat' dir='ltr'><strong>verum</strong></span> <span class='ocrx_word' id='word_1_896' title='bbox 2774 5637 2950 5676; x_wconf 88' lang='lat' dir='ltr'><strong>rerum</strong></span> <span class='ocrx_word' id='word_1_897' title='bbox 2980 5626 3121 5678; x_wconf 88' lang='lat' dir='ltr'><strong>inter</strong></span> <span class='ocrx_word' id='word_1_898' title='bbox 3148 5642 3204 5680; x_wconf 87' lang='lat' dir='ltr'><strong>se</strong></span> <span class='ocrx_word' id='word_1_899' title='bbox 3232 5637 3429 5683; x_wconf 84' lang='lat' dir='ltr'><strong>natura</strong></span> 
     </span>
    </p>
   </div>
   <div class='ocr_carea' id='block_1_116' title="bbox 1857 5710 3428 5790">
    <p class='ocr_par' dir='ltr' id='par_1_116' title="bbox 1857 5710 3428 5790">
     <span class='ocr_line' id='line_1_116' title="bbox 1857 5710 3428 5790; baseline 0.006 -26"><span class='ocrx_word' id='word_1_900' title='bbox 1857 5710 2166 5765; x_wconf 87' lang='lat' dir='ltr'><strong>distantium</strong></span> <span class='ocrx_word' id='word_1_901' title='bbox 2192 5712 2389 5768; x_wconf 82' lang='lat' dir='ltr'><strong>sulIicit</strong></span> <span class='ocrx_word' id='word_1_902' title='bbox 2428 5715 2863 5783; x_wconf 81' lang='lat' dir='ltr'><strong>cognominatio,</strong></span> <span class='ocrx_word' id='word_1_903' title='bbox 2916 5732 3007 5769; x_wconf 88' lang='lat' dir='ltr'><strong>seu</strong></span> <span class='ocrx_word' id='word_1_904' title='bbox 3057 5718 3428 5790; x_wconf 88' lang='lat' dir='ltr'><strong>homonymia,</strong></span> 
     </span>
    </p>
   </div>
   <div class='ocr_carea' id='block_1_117' title="bbox 1856 5803 3424 5879">
    <p class='ocr_par' dir='ltr' id='par_1_117' title="bbox 1856 5803 3424 5879">
     <span class='ocr_line' id='line_1_117' title="bbox 1856 5803 3424 5879; baseline 0.004 -19"><span class='ocrx_word' id='word_1_905' title='bbox 1856 5812 1910 5860; x_wconf 89' lang='lat' dir='ltr'><strong>ct</strong></span> <span class='ocrx_word' id='word_1_906' title='bbox 1942 5803 2175 5877; x_wconf 79' lang='lat' dir='ltr'><strong>dignitas</strong></span> <span class='ocrx_word' id='word_1_907' title='bbox 2225 5821 2343 5876; x_wconf 76' lang='lat' dir='ltr'><strong>qua:</strong></span> <span class='ocrx_word' id='word_1_908' title='bbox 2391 5806 2510 5863; x_wconf 88' lang='lat' dir='ltr'><strong>inde</strong></span> <span class='ocrx_word' id='word_1_909' title='bbox 2541 5806 2798 5862; x_wconf 84' lang='lat' dir='ltr'><strong>exsistit?</strong></span> <span class='ocrx_word' id='word_1_910' title='bbox 2850 5808 2925 5861; x_wconf 78' lang='lat' dir='ltr'><strong>sic</strong></span> <span class='ocrx_word' id='word_1_911' title='bbox 2958 5824 3188 5879; x_wconf 80' lang='lat' dir='ltr'><strong>namque</strong></span> <span class='ocrx_word' id='word_1_912' title='bbox 3241 5812 3424 5867; x_wconf 73' lang='lat' dir='ltr'><strong>dicere</strong></span> 
     </span>
    </p>
   </div>
  </div>
