4072 6346
638 398 700 449 91
1661 393 1721 449 Β.
1758 391 2031 448 CYRILL!
2072 390 2540 448 ALEXANDRINI
2580 389 2901 447 ARCHIEP.
3829 394 3900 450 92

638 508 734 562 tibi
766 509 956 578 placet.
989 509 1127 579 Ergo
1154 509 1406 579 quoniam
1428 508 1630 565 Christi
1663 525 1883 574 nomen,
1918 520 1972 564 et
2001 526 2177 564 uomet

2311 509 2434 571 στὸς
2457 508 2650 579 ὄνομα,
2682 509 2774 561 καὶ
2815 507 2920 578 μὴν
2955 507 3042 573 τὸ,
3077 508 3206 571 Υίὸς
3238 508 3330 561 xui
3362 509 3585 579 Κύριος,
3626 510 3780 563 κοινὰ
3806 511 3897 563 τέ-

637 609 925 668 pr0pterea
961 597 1078 652 Filii
1112 610 1166 652 et
1223 599 1431 652 Domini
1479 600 1643 653 etiam
1680 599 1801 654 aliis
1849 602 2180 653 communite

2313 598 2516 652 θεινται
2555 600 2647 652 καὶ
2672 599 2899 670 ἑτέροις,
2928 598 3171 652 πλεῖστοι
3199 598 3307 672 γὰρ
3336 601 3451 654 ὅσοι
3485 600 3740 669 γεγόνασι
3779 618 3899 671 χρι-

636 693 884 760 imposita
915 702 1061 753 sunt,
1100 708 1220 744 nam
1256 692 1471 760 plurimi
1507 706 1639 745 sane
1680 689 1832 745 fuere
1882 691 2112 754 Christi,
2158 707 2180 745 ε

2313 691 2451 755 στοὶ,
2488 690 2780 760 κέκληνται
2810 689 2867 742 δὲ
2912 691 3008 743 xui
3056 690 3160 744 uiui
3191 691 3284 743 xui
3320 689 3521 760 κύριοι,
3556 687 3666 742 εἷεν
3698 689 3762 742 ἂν
3799 693 3897 744 καὶ

637 782 812 836 vocati
844 791 969 836 sunt
997 781 1091 835 filii
1135 792 1189 836 et
1238 782 1465 847 domini,
1513 791 1673 835 erunt
1719 782 1818 851 ipsi
1866 796 2081 849 quoque
2125 795 2180 834 se

2310 781 2468 834 αὐτοὶ
2506 778 2645 832 κατὰ
2676 779 2735 831 τὸ
2778 777 2993 849 ἀξίωμα
3036 779 3134 848 τῆς
3178 779 3460 846 υίότητος,
3502 778 3799 849 ἀδιαίρετοι
3838 796 3895 830 τε

637 872 874 927 cundum
932 872 1215 927 filiatiouis
1247 872 1565 942 dignitatem
1620 873 1760 926 inter
1816 888 1875 926 se
1918 872 2180 926 individui

2310 870 2575 941 ἀλλήλων,
2598 869 2692 922 καὶ
2722 866 2779 921 ἓν
2806 871 2855 921 oi
2886 868 3084 932 πάντες
3113 868 3234 921 καθ’
3259 868 3473 933 ἕνωσιν,
3494 869 3559 936 ἣν
3583 868 3645 935 δὴ
3674 870 3896 939 πεπρᾶ-

630 968 687 1015 'et
712 978 875 1016 unum
932 978 1118 1016 omnes
1174 979 1235 1017 ea
1297 964 1501 1019 unitate
1547 980 1708 1033 quam
1770 964 1889 1032 ipse
1943 966 2105 1019 etiutn
2156 965 2180 1017 ἰι

2311 963 2439 1033 χθαι
2463 962 2705 1042 νομίζεις
2749 961 2911 1025 αὐτὸς
2945 962 3037 1014 xui
3086 962 3178 1014 ἐπὶ
3220 960 3489 1033 Χριστοῦ·
3519 960 3787 1027 διεστήξει
3828 962 3892 1031 δὴ

637 1050 852 1105 Christo
886 1068 1005 1107 esse
1027 1053 1319 1122 perfectam
1356 1066 1511 1123 putas
1544 1073 1555 1107 :
1591 1056 1816 1110 distabit
1844 1066 2024 1111 autem
2052 1070 2180 1124 pror

2309 1056 2448 1119 ὅλως
2480 1054 2616 1125 πρὸς
2646 1055 2739 1107 τὸν
2770 1056 2833 1107 ἐκ
2870 1051 3004 1106 Θεοῦ
3047 1055 3217 1121 Λόγον
3248 1052 3531 1123 ἄνθρωπος
3570 1051 3690 1104 καθ’
3715 1052 3888 1121 ἡμᾶς.

638 1157 728 1193 sus
770 1144 927 1196 homo
964 1146 1133 1197 nostri
1178 1146 1371 1200 similis
1400 1162 1428 1199 a
1464 1147 1570 1201 Deo
1628 1145 1820 1200 Verbo.
1871 1145 1988 1201 Hoc
2029 1146 2180 1217 posit:

2310 1143 2442 1200 Εῐτα
2470 1146 2587 1209 πῶς
2631 1147 2692 1198 οὐ
2728 1146 3011 1216 διῄρηνται
3043 1145 3221 1207 πάλιν,
3253 1144 3368 1206 πῶς
3400 1144 3456 1197 δὲ
3499 1145 3590 1196 xui
3624 1144 3748 1207 Υἱὸς
3782 1139 3888 1206 εἷς,

636 1239 907 1301 quomodo
955 1251 1058 1289 non
1119 1252 1307 1290 rursus
1346 1237 1504 1291 divisi
1553 1247 1746 1301 erunt,
1800 1248 1891 1292 aut
1936 1236 2180 1306 quomodt

2306 1238 2408 1289 οὐκ
2430 1237 2537 1307 ἔχω
2562 1240 2721 1299 νοεῖν,
2745 1239 2791 1288 εί
2824 1236 2899 1305 μὴ
2920 1236 3042 1289 καθ’
3064 1237 3257 1288 ἕνωσιν
3284 1235 3457 1306 ἀληθῆ
3483 1234 3891 1305 συμϐεὸηκέναι

636 1326 799 1379 etiam
854 1342 991 1379 unus
1024 1326 1233 1392 Filius,
1283 1328 1583 1397 intelligere
1635 1343 1741 1381 non
1789 1343 2046 1396 possum,
2103 1328 2180 1381 nis

2305 1328 2486 1399 φαμὲν
2520 1328 2597 1397 τῷ
2626 1328 2783 1397 Λόγῳ
2817 1328 2877 1380 τὸ
2909 1328 3269 1397 ἀνθρώπινον.
3305 1328 3519 1396 Ἐπειδὴ
3554 1328 3609 1380 δὲ
3641 1328 3765 1399 χρὴ,
3800 1328 3892 1381 διὰ

634 1416 927 1469 secundum
966 1418 1218 1471 unionem
1257 1432 1437 1471 veram
1470 1418 1790 1472 convenisse
1815 1418 2180 1470 humanitaten

2303 1437 2367 1487 γε
2393 1420 2493 1482 τὰς
2512 1419 2700 1472 τούτου
2732 1418 2934 1487 φωνὰς,
2961 1421 3055 1471 καὶ⁵
3085 1420 3164 1479 εἰς
3195 1419 3462 1483 ἐκτύπους
3490 1418 3696 1483 ἐννοίας
3726 1437 3889 1491 περι-

2304 1515 2549 1579 ενεγκεῖν
2580 1511 2670 1563 τὸν
2726 1510 2904 1577 λόγον,
2939 1511 3025 1562 ἵνα
3076 1511 3410 1580 πανταχόθεν
3454 1510 3742 1582 ἐλέγχηται
3789 1529 3890 1565 πε-

635 1596 871 1650 hominis
902 1612 1061 1651 voces
1096 1611 1317 1652 necesse
1344 1607 1427 1653 est
1452 1599 1618 1652 etiam
1644 1614 1743 1667 per
1773 1597 2037 1653 absurdas
2069 1613 2180 1652 seu

2303 1602 2590 1673 φρονηκὼς
2616 1604 2716 1655 οὐκ
2741 1602 2896 1673 ὀρθὰ,
2923 1602 3053 1672 φέρε
3081 1602 3167 1672 δὴ,
3193 1602 3343 1672 φέρε,
3367 1604 3584 1656 κάκεῖνο
3612 1603 3884 1675 λέγωμεν·

636 1688 829 1742 tentias
863 1689 1163 1742 orationem
1194 1689 1585 1755 circumferre,
1642 1699 1703 1743 ut
1756 1690 1995 1760 undique
2038 1704 2180 1744 coar‘

2304 1695 2366 1746 Ei
2398 1694 2504 1764 γὰρ
2535 1695 2695 1763 ἀρκεῖ
2716 1693 2851 1762 πρὸς
2879 1693 3092 1755 ἕνωσιν,
3134 1697 3234 1762 τῆς
3265 1694 3513 1764 υίότητος
3549 1694 3609 1746 τὸ
3641 1695 3886 1762 ἀξίωμα,

632 1787 826 1847 guatur
865 1781 1007 1833 haud
1058 1791 1201 1834 recte
1229 1782 1508 1844 sensisse,
1574 1782 1799 1848 agedum
1850 1781 1978 1836 illud
2036 1783 2180 1836 etian

2302 1783 2488 1853 ἐπειδὴ
2529 1783 2773 1836 καλεῖταί
2800 1800 2857 1835 τε
2890 1784 2984 1835 καὶ
3018 1783 3165 1835 ἐστιν
3200 1783 3324 1846 Υἱὸς
3353 1784 3444 1836 τοῦ
3478 1784 3611 1836 Θεοῦ
3646 1786 3740 1837 καὶ
3770 1787 3887 1838 Ha.-

629 1870 901 1925 dicamus:
925 1870 1054 1925 Nam
1087 1872 1133 1926 si
1162 1874 1296 1927 satis
1327 1883 1410 1927 est
1436 1875 1499 1927 ad
1527 1876 1775 1927 unionem
1798 1876 2030 1942 dignitas
2064 1875 2180 1928 ﬁliai

2297 1873 2425 1941 τρὸς
2452 1851 2485 1925 ὀί
2535 1873 2594 1937 ἐξ
2645 1872 2808 1926 αὐτοῦ
2856 1874 3049 1941 Λόγος,
3097 1874 3272 1926 κοινὸν
3319 1874 3374 1926 δέ
3427 1875 3641 1938 πολλοῖς
3698 1876 3889 1941 ἄλλοις

632 1963 812 2029 tionis,
872 1966 1124 2032 quoniam
1184 1966 1489 2033 appellatur
1547 1973 1601 2017 et
1647 1977 1730 2019 est
1790 1964 1958 2019 Filius
2001 1965 2091 2019 Dei
2136 1981 2180 2018 at

2297 1962 2556 2033 τοῠνομα,
2582 1964 2632 2014 τί
2667 1964 2727 2015 τὸ
2755 1964 2981 2028 λυποῦν,
3001 1965 3121 2018 εἰπέ
3158 1982 3271 2033 μοι,
3293 1966 3388 2019 xui
3416 1966 3611 2029 αὐτοὺς
3638 1966 3883 2036 ἡνῶσθαι

629 2054 807 2110 Patris
842 2056 969 2109 illud
1010 2072 1071 2109 ex
1114 2057 1226 2124 ipso
1258 2055 1510 2118 Verbum.
1538 2067 1592 2110 ot
1625 2072 1913 2112 commune
1947 2068 2029 2112 est
2057 2058 2180 2111 mul-

2298 2055 2479 2123 λέγειν
2501 2055 2668 2125 αὐτῷ,
2692 2058 2783 2109 xui
2806 2059 2931 2121 τοὺς
2952 2058 3146 2120 ἄλλους
3173 2060 3437 2124 ἅπαντας,
3457 2061 3543 2114 ἵνα
3584 2062 3749 2132 μηδὲν
3778 2064 3884 2134 ἔχῃ

628 2148 695 2200 tis
730 2147 848 2201 aliis
882 2147 981 2201 hoc
1015 2163 1233 2210 nomen,
1268 2148 1421 2216 quid,
1458 2164 1587 2217 rogo
1615 2158 1687 2213 te,
1724 2151 1973 2217 prohibet
2012 2153 2180 2205 dicere

2298 2147 2427 2216 παρ’
2460 2147 2656 2209 αὐτοὺς
2699 2148 2757 2199 τό
2805 2147 2984 2200 πλεῖον
3010 2149 3038 2200 6
3086 2150 3465 2219 Ἑμμανουήλς
3509 2152 3882 2224 φιλονεικήσει

625 2248 679 2291 et
712 2239 855 2307 ipsos
880 2249 934 2293 et
967 2238 1099 2293 alios
1123 2254 1310 2293 omnes
1338 2238 1410 2292 illi
1451 2240 1631 2293 unitos
1662 2256 1782 2295 esse
1803 2281 1817 2306 ,
1874 2250 1930 2294 ut
1972 2240 2180 2294 Emma.

2296 2236 2403 2305 γὰρ
2436 2238 2574 2289 κατὰ
2608 2238 2667 2288 τὸ
2696 2238 2845 2299 εἰκὸς
2873 2238 3041 2307 αὐτῷ,
3077 2240 3169 2291 xui
3203 2242 3334 2310 περὶ
3353 2241 3459 2293 τῶν
3493 2242 3623 2294 ἷσων
3646 2242 3879 2313 ἁμιλλή-

627 2328 748 2383 nuel
779 2330 909 2383 nihil
937 2331 1262 2398 praecipuum
1294 2346 1453 2397 supra
1492 2332 1636 2398 ipsos
1685 2332 1920 2386 habeat?
1964 2343 2180 2387 conten-

2298 2343 2449 2380 σεται
2482 2328 2541 2379 τὸ
2585 2329 2691 2379 τῶν
2720 2329 2898 2381 αὐτῶν
2953 2332 3229 2400 ὀνομάτων
3263 2333 3597 2403 ἠξιωμένονο
3644 2334 3736 2387 xui
3775 2338 3880 2405 τῆς

623 2422 714 2474 det
740 2422 881 2474 enim
911 2436 1029 2475 cum
1062 2436 1145 2486 eo,
1182 2432 1237 2476 ut
1270 2433 1695 2477 consentaneum
1728 2434 1831 2492 est,
1886 2425 1953 2480 de
1995 2426 2180 2495 aequali

2296 2418 2589 2485 συναφείας
2629 2420 2757 2488 ἡμῖν
2792 2422 2818 2471 ό
2866 2420 3101 2491 τρόπος.
3152 2422 3292 2475 κατὰ
3339 2422 3500 2494 ψιλὴν
3549 2426 3641 2477 xui
3704 2425 3882 2496 μόνην

622 2511 825 2567 honore
886 2512 1185 2565 decertahit
1240 2514 1289 2566 id
1324 2516 1684 2583 quodcunque
1729 2517 2040 2570 eorumdem
2096 2534 2180 2571 uo-

2295 2508 2446 2559 ἔσται
2480 2509 2575 2578 τὴν
2606 2511 2818 2579 κλῆσιν,
2855 2512 3023 2581 ἤγουν
3065 2514 3163 2583 τὴν
3192 2516 3531 2584 ὁμωνυμίαν.
3562 2514 3695 2570 Εῐτα
3733 2517 3782 2569 τί
3814 2517 3883 2569 τὸ

623 2602 827 2656 minum
877 2605 1188 2674 dignitatem
1240 2617 1323 2659 est
1372 2608 1664 2675 adeptum;
1718 2618 1773 2661 et
1836 2608 1923 2663 ille
1969 2611 2180 2679 c0ujun-

2292 2590 2406 2667 τῆς
2437 2599 2901 2671 ἐνανθρωπήσεως
2926 2605 3125 2655 νοεῖται
3165 2604 3386 2673 χρῆμα;
3422 2605 3472 2657 τί
3502 2605 3559 2657 δὲ
3589 2606 3725 2676 πρὸς
3747 2605 3881 2658 τού·

622 2694 820 2749 ctionis
839 2696 1028 2750 modus
1058 2697 1106 2748 iu
1132 2700 1269 2748 nuda
1296 2697 1515 2766 solaque
1536 2701 1796 2753 residebit
1812 2700 2180 2769 appellatione,

2291 2709 2387 2761 τῳ,
2420 2693 2514 2745 xui
2554 2694 2635 2755 τὸ,
2673 2696 2729 2745 ἐν
2762 2696 2827 2764 τῇ
2855 2693 2949 2746 τοῦ
2978 2694 3164 2748 δούλου
3206 2697 3525 2750 καθικέσθαι
3556 2702 3771 2768 pomi);
3808 2698 3884 2750 El.

622 2786 703 2841 vel
732 2787 1096 2857 hom0nymia.
1134 2788 1249 2841 Jam
1278 2804 1404 2843 vero
1428 2791 1685 2859 quidnam
1721 2807 1840 2846 esse
1865 2795 2180 2865 intelligetur

2290 2782 2398 2852 γάρ
2441 2783 2558 2834 ἐστι
2587 2784 2708 2835 κατ’
2750 2782 2912 2835 αὑτὸν
2949 2783 2977 2834 6
3017 2784 3117 2853 τῆς
3160 2786 3625 2857 ἐνανθρωπήσεως
3667 2788 3881 2857 τρόπος

622 2876 737 2945 ipsa
770 2879 1121 2932 hutnanatio?
1149 2880 1279 2947 quid
1334 2891 1593 2948 prmterea
1629 2883 1735 2936 erit
1773 2885 1916 2952 quod
1943 2886 2009 2937 ad
2044 2885 2180 2939 servi

2292 2872 2559 2940 συνάφεια
2584 2889 2667 2935 τις
2701 2874 2853 2944 ψιλὴ,
2897 2875 2992 2927 xui
3026 2876 3167 2928 κατὰ
3200 2877 3360 2945 μόνον
3401 2878 3499 2947 τῆς
3537 2880 3773 2948 υίότητος
3812 2877 3881 2932 ὠ

622 2968 847 3022 formam
883 2970 1203 3024 descendit?
1240 2970 1371 3024 Nam
1409 2973 1476 3032 si.
1512 2984 1566 3026 ut
1598 2974 1711 3042 ipse
1740 2975 1955 3037 asserit,
1992 2976 2180 3030 huma-

2288 2963 2525 3035 ἀξίωμα,
2549 2966 2600 3018 τί
2626 2964 2685 3018 τὸ
2721 2965 2927 3018 κωλῦον
2964 2966 3043 3019 ἔτι
3080 2968 3173 3020 xui
3216 2969 3308 3021 ἐπὶ
3345 2971 3454 3031 τοῖς
3490 2970 3667 3033 ἄλλοις
3694 2972 3882 3025 ἅπασι

619 3061 855 3114 nationis
889 3065 1075 3117 modus
1098 3064 1410 3131 coniunctio
1442 3064 1686 3133 quasdam
1736 3076 1819 3119 est
1868 3067 2091 3135 simplex
2135 3080 2180 3122 et

2290 3057 2601 3127 πεπρᾶχθαι
2632 3058 2811 3124 λέγειν
2844 3059 3049 3128 αὑτήν;
3086 3060 3223 3111 Ἀλλ’
3247 3055 3345 3128 δ’ρα
3368 3060 3477 3128 (15)
3504 3078 3603 3114 που
3628 3063 3877 3122 πάντως.

618 3152 914 3204 secundum
973 3152 1139 3204 solum
1186 3152 1459 3207 liliatiunis
1515 3156 1853 3224 dignitatem,
1883 3160 2007 3226 quid
2058 3177 2173 3230 pro-

2287 3150 2315 3201 6
2346 3148 2672 3218 φιλομαθὴς,
2702 3148 2795 3201 τοῦ
2827 3149 2985 3217 λόγου
3016 3150 3075 3202 τὸ
3104 3150 3356 3214 ἀκαλλὲς.
3388 3152 3487 3205 Ποῖ
3508 3152 3570 3222 δὴ
3602 3149 3693 3206 οὖν
3724 3154 3878 3206 ἀπο-

620 3240 767 3295 hibet
822 3256 938 3295 eam
1025 3242 1459 3310 conjunctionem
1494 3245 1544 3297 in
1598 3246 1718 3300 aliis
1775 3249 1939 3302 etiam
2013 3253 2180 3304 omni-

2291 3239 2515 3309 φέρεται
2562 3239 2698 3309 πρὸς
2738 3240 2772 3292 ἃ
2812 3239 2885 3309 μὴ
2934 3240 3093 3309 θέμις
3121 3240 3461 3310 ἐξεστηκὼςς
3496 3242 3782 3312 Εἰρήσεται
3812 3243 3879 3295 δὲ

618 3334 718 3387 bus
764 3332 957 3387 factam
986 3333 1207 3389 dicere?
1257 3336 1364 3391 Sed
1427 3338 1611 3405 procul
1656 3339 1823 3394 dubio
1880 3341 1969 3410 qui
2014 3344 2180 3397 solers

2289 3332 2421 3401 πρὸς
2455 3331 2609 3400 ἡμῶν
2626 3330 2773 3401 αὑτῴ
2805 3332 2863 3383 τὸ
2893 3332 2979 3385 διὰ
3009 3332 3102 3402 τῆς
3139 3333 3400 3406 Ἱερεμίου
3437 3333 3621 3404 φωνῆς
3642 3351 3656 3364 ο
3681 3352 3698 3385 ι
3732 3333 3879 3399 Ταῖς

618 3434 702 3478 est
736 3436 788 3479 et
819 3434 1029 3491 acutus,
1051 3427 1312 3495 prospicit
1337 3426 1454 3497 ejus
1484 3430 1753 3485 orationis
1771 3430 2180 3489 absurditatem.

2289 3422 2593 3484 πολυοδίαις
2625 3440 2716 3473 σου
2751 3424 3097 3485 ἐκοπίασας.»
3130 3424 3530 3488 Κλυδωνίζεται
3559 3427 3881 3497 γὰράνέμῳ

616 3517 857 3583 Quonam
892 3516 1052 3587 igitur
1086 3516 1273 3581 fertur,
1304 3522 1371 3574 ad
1399 3536 1460 3575 ea
1499 3536 1618 3589 quae
1662 3524 1846 3578 dicere
1898 3524 2051 3579 nefas
2081 3536 2180 3591 cst.

2288 3514 2453 3566 παντὶ
2479 3516 2931 3583 περιφερόμενος,
2970 3514 3112 3568 καθά
3143 3532 3306 3585 φησιν
3325 3517 3352 3569 6
3381 3516 3691 3586 σοφώτατος
3728 3519 3884 3571 Παῦ-

618 3609 921 3677 impulsus?
972 3608 1195 3664 Dicetur
1217 3620 1396 3666 autem
1427 3611 1503 3666 illi
1537 3628 1567 3665 a
1599 3614 1754 3668 nobis
1788 3615 1914 3669 illud
1939 3615 2180 3672 Jeremize

2288 3605 2403 3667 λος.
2428 3603 2637 3657 Οὐκοῦν
2666 3605 2820 3675 δέχου
2857 3605 2952 3675 τὴν
2980 3606 3226 3675 ἄγκυραν
3254 3606 3348 3677 τῆς
3377 3607 3555 3678 ψυχης
3575 3608 3670 3678 τὴν
3693 3610 3883 3677 ἀστρα-

616 3701 818 3754 dictum
855 3716 870 3753 :
917 3718 934 3750 ι
961 3699 1015 3753 ln
1046 3700 1388 3756 multitudine
1413 3703 1515 3757 via:
1538 3712 1641 3758 tua:
1667 3705 1923 3762 laborasti
1950 3708 2058 3775 ⁸³;›
2090 3707 2180 3762 ilu-

2287 3696 2355 3766 λῆ
2384 3698 2479 3750 xui
2512 3697 2757 3767 βεϐαίαν,
2794 3702 2988 3769 στῆσον
3023 3702 3116 3753 ἐπὶ
3157 3702 3365 3770 πέτραν
3390 3704 3512 3765 τοὺς
3544 3703 3734 3756 ἑαυτοῦ
3768 3707 3881 3757 πό-

613 3802 762 3846 ctuat
799 3792 963 3856 enim,
999 3802 1053 3848 et
1074 3793 1222 3847 omni
1255 3804 1416 3850 vento
1439 3796 1847 3865 circumfertur,
1905 3809 1962 3855 ut
1990 3802 2180 3857 beatus

2287 3788 2402 3852 δας.
2433 3790 2494 3841 Ei
2535 3790 2949 3859 ἐνανθρωπῆσαι
2977 3792 3084 3862 φὴς
3124 3792 3213 3843 τὸν
3255 3791 3347 3844 τοῦ
3380 3793 3511 3845 Θεοῦ
3542 3795 3729 3863 Λόγον.
3761 3797 3880 3865 ἀρ·-

2290 3882 2442 3934 κέσέι
2472 3883 2627 3935 τοῦτο
2662 3882 2797 3949 πρὸς
2839 3884 3067 3955 δήλωσιν
3115 3886 3204 3937 τοῦ
3251 3885 3372 3939 καθ’
3421 3888 3567 3957 ἡμᾶς
3608 3888 3878 3954 γενέσθαι

2284 3975 2375 4028 τὸν
2407 3976 2549 4046 ὑπὲρ
2600 3977 2781 4030 πᾶσαν
2810 3976 2911 4046 τὴν
2941 3978 3150 4029 κτίσιν·
3199 3978 3356 4030 ἔλαϐε
3409 3978 3504 4048 τὴν
3547 3978 3637 4031 τοῦ
3675 3979 3879 4034 δούλου

2287 4068 2520 4137 μορφὴν,
2548 4067 2721 4121 καίτοι
2746 4068 2845 4138 τὴν
2875 4066 3188 4139 ἐλευθερίαν
3214 4068 3352 4139 ἔχων
3371 4069 3443 4133 ὡς
3466 4066 3725 4133 Θεός.’Ἦν
3751 4072 3878 4143 γὰρ

2284 4159 2343 4211 ἐν
2383 4159 2589 4230 ἰσότητι
2619 4159 2712 4211 τοῦ
2741 4160 2975 4229 Πατρός,
3006 4159 3100 4212 τοῦ
3128 4160 3189 4212 τὸ
3223 4160 3363 4213 κατά
3399 4162 3615 4215 πάντων
3645 4162 3879 4233 ἔχοντες

2285 4245 2507 4317 κράτος.
2544 4248 2757 4301 Παῦσαι
2779 4247 3003 4319 διαιρῶν
3022 4250 3129 4319 ⁸τιτὰς
3156 4249 3344 4317 φύσεις
3374 4251 3511 4321 μετὰ
3531 4253 3625 4321 τὴν
3645 4252 3872 4309 ἕνωσιν,

636 1520 757 1558 cum
809 1504 987 1560 Verbo
1050 1507 1369 1563 dixerimus.
1442 1505 1547 1560 Sed
1607 1507 1732 1576 quia
1785 1516 2002 1575 pr0pter
2042 1506 2202 1575 hujus

615 3881 814 3937 Paulus
844 3884 918 3937 ait
973 3884 1041 3939 “.
1077 3886 1278 3956 Accipe
1311 3888 1475 3957 igitur
1507 3890 1805 3945 anchoram
1859 3891 1968 3961 50
1991 3894 2186 3950 animus

612 3982 785 4027 tutam
816 3991 880 4028 ac
923 3976 1152 4039 firmam,
1184 3987 1363 4031 statue
1386 3993 1548 4047 supra
1592 3990 1803 4048 petram
1838 3985 2003 4052 pedes
2034 3995 2179 4040 tuos.

616 4069 671 4121 Si
709 4069 981 4122 hominem
1011 4067 1212 4122 factum
1253 4070 1423 4138 ipsum
1462 4070 1551 4125 Dei
1587 4072 1821 4126 Verbum
1850 4074 2022 4143 dicis,
2081 4078 2182 4132 huc

615 4159 787 4225 ipsum
812 4159 944 4212 satis
973 4169 1056 4213 est
1084 4158 1148 4212 ad
1179 4160 1554 4228 explicandum
1589 4164 1757 4218 nostri
1784 4165 2017 4221 similem
2100 4168 2183 4222 fa-

616 4258 766 4303 ctum
796 4265 916 4305 esse
938 4251 1117 4315 illum,
1150 4253 1240 4321 qui
1273 4262 1355 4307 est
1386 4269 1549 4322 supra
1578 4270 1790 4311 omnem
1824 4271 2131 4315 creaturam
2166 4281 2179 4317 :

611 4340 819 4410 accepit
851 4341 990 4395 servi
1030 4331 1285 4409 formam,
1332 4347 1577 4410 quamvis
1606 4347 1905 4403 libertatem
1935 4361 1993 4406 ut
2042 4354 2180 4411 Deus

2287 4338 2409 4394 Ὀτι
2433 4339 2531 4408 μὲν
2548 4339 2653 4410 γὰρ
2682 4340 2863 4405 ἕτερόν
2892 4357 2963 4401 τι,
2986 4340 3079 4393 xui
3115 4340 3301 4410 ἕτερόν
3322 4344 3468 4395 ἐστιν
3492 4345 3524 4413 ἦ
3546 4361 3605 4396 τε
3630 4343 3744 4396 θεία
3764 4349 3875 4399 καὶ

612 4431 868 4494 haberet;
918 4448 1038 4487 nam
1090 4448 1210 4489 erat
1252 4436 1307 4489 in
1349 4438 1657 4507 aequalitate
1712 4439 1888 4497 Patris
1934 4441 2052 4509 ejus
2088 4448 2175 4514 qui

2287 4431 2627 4501 ἡάνθρώπου
2660 4430 2839 4499 φύσις,
2862 4432 3063 4502 πρέποι
3097 4431 3162 4484 ἂν
3195 4433 3412 4496 εἰδέναι,
3446 4434 3536 4486 xui
3567 4436 3875 4501 ἀναγκαῖον

610 4535 775 4590 super
826 4522 1007 4576 omnia
1060 4523 1269 4580 obtinet
1324 4527 1632 4596 imperium.
1691 4530 1887 4587 Desine
1934 4535 2175 4592 dividere

2287 4518 2418 4573 εἶναί
2457 4539 2600 4590 φημι
2626 4525 2738 4583 τοῖς
2767 4521 3077 4592 ἀρτίφροσι.
3114 4526 3440 4594 Διεστήκασι
3471 4525 3579 4594 γὰρ
3615 4525 3875 4593 ἀλλήλων

611 4623 833 4669 naturas
853 4623 972 4683 post
998 4617 1252 4673 unionem
1287 4641 1299 4675 :
1336 4636 1458 4674 nam
1490 4623 1631 4678 scire
1670 4624 1814 4680 aliud
1845 4637 2008 4697 atque
2035 4630 2179 4687 aliud

2287 4611 2380 4664 xui
2437 4611 2789 4681 ἁσυγκρίτοις
2837 4610 3145 4683 διαφοραῖς.
3220 4614 3341 4668 Ἐπὶ
3387 4616 3444 4668 δὲ
3493 4615 3585 4669 τοῦ
3642 4617 3874 4671 πάντων

610 4719 732 4760 esse
775 4705 1011 4760 divinam
1072 4707 1471 4780 humanamque
1521 4723 1767 4768 naturam
1800 4757 1815 4782 ,
1868 4734 1974 4774 non
2023 4724 2180 4776 modo

2287 4703 2440 4773 ὴμῶν
2471 4705 2723 4774 Σωτῆρος
2750 4704 3017 4775 Χριστοῦ,
3062 4707 3493 4774 συνεισενεγκὼν
3535 4709 3615 4771 είς
3662 4708 3869 4761 ’ἑνωσιν

611 4799 901 4853 convenire
940 4800 1291 4868 prudentibus
1323 4803 1450 4857 viris
1477 4845 1492 4866 ,
1547 4819 1735 4861 verum
1766 4809 1931 4863 etiam
1987 4828 2179 4869 neces-

2287 4794 2377 4865 τὴν
2405 4795 2578 4865 ἀληθῆ
2612 4812 2671 4847 τε
2710 4796 2804 4848 xui
2839 4796 2959 4849 καθ’
2988 4797 3311 4863 ὑπόστασιν,
3341 4799 3607 4869 παραιτοῦ
3648 4799 3746 4870 τὴν
3774 4800 3868 4853 δι-

613 4889 814 4943 sarium
839 4904 960 4945 esse
991 4905 1187 4946 censeo
1214 4908 1229 4945 :
1259 4893 1458 4949 distant
1480 4896 1625 4949 enim
1657 4897 1799 4953 inter
1822 4914 1882 4954 se
1912 4941 1925 4963 ,
1976 4911 2030 4955 et
2058 4903 2178 4971 qui-

612 4976 735 5031 dem
759 4979 1118 5035 uuestimabili
1144 4981 1571 5038 differentiarum
1601 4989 1774 5054 spatio
1805 5008 1817 5042 :
1852 4990 1903 5043 in
1932 4992 2173 5046 omnium

613 5076 790 5122 autem
830 5081 1070 5125 noetrum
1127 5072 1407 5130 Salvatore
1455 5075 1673 5133 Christo
1736 5081 1825 5135 ubi
1881 5082 2001 5137 illas
2044 5099 2177 5138 con-

607 5157 854 5225 iunxeris
906 5162 957 5215 iu
1005 5179 1189 5218 veram
1226 5174 1279 5220 et
1321 5170 1619 5223 secundum
1676 5172 2007 5241 hypostasim
2054 5177 2176 5230 uui-

684 5315 727 5346 "'
765 5317 897 5379 lmo,
927 5317 1028 5371 Isa.
1064 5334 1191 5385 Lvn,
1222 5320 1303 5375 l0.
1387 5321 1429 5352 “
1460 5322 1655 5391 Ephes.
1697 5340 1768 5389 tv,
1807 5326 1889 5379 Η.

2282 4884 2525 4957 αἰρεσιν*
2569 4888 2667 4941 ἕνα
2703 4889 2810 4960 γὰρ
2839 4888 3009 4951 οὕτως
3062 4890 3421 4961 ὁμολογήσεις
3468 4891 3722 4961 Χριστὸν,
3761 4894 3867 4944 καὶ

2287 4977 2435 5041 Υἱὸν,
2462 4978 2555 5032 xui
2578 4978 2801 5050 Κύριον.
2837 4979 2995 5045 Ἀλλ’,
3024 4981 3123 5034 οὐκ
3140 4976 3235 5035 οἷδ’
3265 4982 3433 5047 ὅπως,
3478 4984 3506 5036 ὀ
3532 4982 3641 5036 τῶν
3676 4982 3865 5051 ἐξιτή-

2288 5069 2395 5121 λων
2422 5071 2555 5139 ἡμῖν
2579 5070 2863 5140 δογμάτων
2899 5070 3147 5142 εὑρετὴς,
3186 5074 3245 5125 ἐν
3271 5072 3489 5144 σμικρῷ
3529 5071 3627 5141 μὲν
3661 5073 3866 5145 κομιδῆ

2289 5158 2582 5231 πεποίηται
2611 5160 2755 5232 λόγῳ
2783 5163 2843 5216 τὸ
2872 5163 2969 5234 τῆς
3002 5161 3243 5227 ἐνώσεως
3270 5166 3459 5235 χρῆμα
3477 5180 3491 5195 ο
3520 5162 3862 5232 διωσάμενο,

1878 5481 2034 5534 ANT.
2082 5482 2350 5537 AGELLII
2391 5482 2616 5538 NOTAE.

686 5654 1147 5731 (l3iLegendum,
1174 5660 1293 5731 δρᾷ,
1338 5670 1391 5712 ιιι
1431 5661 1519 5713 lih.
1562 5678 1619 5721 ιι,
1654 5677 1774 5727 pag.
1814 5662 1903 5731 fil,
1939 5662 2173 5731 ἁλλ’ὀρᾷ

615 5743 717 5801 που
746 5726 966 5801 ’πάντως
995 5730 1021 5780 6
1052 5726 1323 5798 θεοφιλής,
1358 5740 1411 5781 et
1444 5732 1529 5794 55,
1564 5733 1663 5801 ὁρᾷ
1690 5732 1751 5801 δὴ
1779 5728 1868 5783 οῦν
1894 5735 1921 5784 ό
1949 5726 2174 5801 χρηστοὶ

618 5749 717 5777 που
753 5749 966 5786 παντως
995 5749 1021 5780 ο
1052 5749 1323 5798 σεοφιλης,
1358 5749 1411 5781 ei
1444 5749 1529 5794 aa,
1564 5749 1591 5782 ο
1630 5750 1663 5801 ᾳ
1690 5749 1751 5801 οη
1779 5751 1868 5783 οἰν
1894 5749 1921 5784 ο
1949 5749 2174 5801 χρηστο-

618 5797 815 5867 μαθὴς.
850 5800 952 5851 Aut
994 5802 1033 5853 si
1068 5802 1297 5854 srcunda
1342 5816 1565 5869 persona
1597 5749 1798 5872 regatur
1833 5804 1949 5871 ὅρα,
1994 5804 2175 5871 legen-

2284 5663 2406 5743 dum
2436 5662 2493 5741 ὣ⁸
2512 5659 2835 5732 φιλομαθὴς,
2935 5662 3202 5734 θεοφιλὴς,
3244 5665 3288 5719 ὦ
3313 5667 3699 5790 χρὲστομαθής
3723 5686 3736 5700 ο
3768 5674 3859 5753 cini

2284 5735 2495 5788 lecttout
2535 5732 2672 5783 favet
2705 5733 2851 5785 locus
2884 5734 2972 5787 ιιι).
3012 5750 3090 5790 ιιι.
3126 5752 3243 5790 [κιρ.
3269 5736 3356 5790 62.
3426 5755 3489 5790 οα
3530 5737 3586 5790 δέ
3624 5757 3714 5790 μοι
3748 5759 3859 5790 των

2282 5732 2495 5788 lectioni
2535 5732 2675 5809 favet
2705 5733 2851 5809 locus
2884 5734 2972 5809 lih.
3012 5750 3090 5809 Ill,
3126 5732 3243 5809 pag.
3269 5732 3359 5796 62',
3390 5732 3489 5808 ὅρα
3522 5732 3586 5790 δέ
3623 5732 3714 5809 μόι
3748 5741 3863 5796 τῶν

2284 5801 2634 5872 προφητικῶν
2662 5802 2877 5857 ἐννοιῶν
2904 5802 2998 5874 τὴν
3032 5801 3375 5877 ἐγρήγορσιν.
