4072 6346
189 382 256 439 93
1322 391 1693 448 ADVERSUS
1733 392 2138 452 NES'I‘ORIUM
2178 396 2308 452 LIB.
2356 395 2419 453 ll.
3378 400 3445 453 Μ

187 496 368 552 δὲκαὶ
409 497 541 552 αὐτὸ
574 500 713 554 κατά
740 500 804 554 ab
856 500 1023 564 εἰκὸς,
1066 504 1157 555 καὶ
1206 503 1306 571 τῆς
1355 504 1612 574 ἀληθείας
1662 522 1749 575 τηι

1868 518 2053 574 tatem,
2096 524 2228 564 cave
2291 510 2609 564 divisionem
2644 524 2657 561 :
2697 509 2774 564 sic
2809 524 3040 578 namque
3090 526 3253 566 unum
3295 513 3447 567 Chri-

184 587 432 658 δύναμιν,
485 589 769 662 κεχώρηκε
818 592 979 646 πάλιν
1005 594 1097 645 ἐπὶ
1124 595 1181 647 τὸ
1229 596 1377 665 αὑτῷ
1410 593 1623 657 δοκοῦν,
1662 598 1756 650 καί

187 698 349 752 φησι·
391 680 529 753 [Διά
559 683 717 736 τοῦτο
742 684 835 736 καὶ
864 686 1097 755 Χριστὸς
1132 688 1160 739 ὁ
1191 686 1323 750 Θεὸς
1359 689 1527 756 Λόγος
1558 690 1759 758 ὀνομά-

188 774 353 838 ζεται,
386 776 615 848 ἐπείπερ
644 777 755 847 ἔχει
779 779 879 848 τὴν
910 778 1205 847 συνάφειαν
1240 781 1337 849 τὴν
1360 781 1493 850 πρὸς
1514 782 1606 834 τὸν
1637 784 1763 853 Χρι-

188 868 309 921 στὸν
340 868 584 939 διηνεκῆ.
618 870 726 922 Καὶ
748 872 849 923 οὐκ
884 869 998 923 ἔστι
1050 871 1141 923 τὸν
1167 870 1299 923 Θεὸν
1318 872 1486 941 Λόγον
1508 872 1635 926 ἄνευ
1662 875 1760 944 τῆς

184 960 602 1029 ἀνθρωπότητος
662 960 864 1030 πρᾶξαί
909 978 981 1014 τι.
1038 961 1449 1031 ’Λπηκρίὸωται
1517 964 1625 1034 γὰρ
1679 967 1760 1028 είς

184 1052 359 1121 ἄκραν
383 1052 697 1119 συνάφειαν,
727 1054 826 1106 ούκ
864 1055 945 1116 είς
976 1052 1307 1116 ἀποθέωσιν,
1337 1055 1481 1107 κατά
1509 1057 1635 1119 τοὺς
1666 1074 1757 1109 σο-

186 1145 320 1211 φοὺς
355 1143 465 1197 τῶν
511 1144 891 1214 δογματιστῶν
922 1145 1030 1197 τῶν
1066 1144 1395 1217 νεωτέρων.]
1427 1147 1552 1199 Ὀτε
1580 1148 1759 1201 τοίνυν

182 1236 413 1306 Χριστὸν
442 1236 758 1308 ὠνομάσθαι
786 1238 950 1306 φησιν
980 1237 1163 1301 ίδικῶς
1184 1238 1274 1290 τδν
1295 1239 1357 1290 ἐκ
1377 1237 1513 1291 Θεοῦ
1548 1240 1759 1312 Πατρός

182 1329 374 1395 Λόγον,
404 1328 479 1393 ὡς
507 1328 699 1399 ἔχοντα
749 1329 848 1401 τὴν
880 1332 1180 1401 συνάφειαν
1218 1330 1355 1401 πρὸς
1398 1331 1651 1402 Χριστὸν,
1684 1332 1759 1395 ὡς

182 1420 318 1490 πρὸς
348 1420 532 1492 ῑτερόν
570 1438 673 1474 που
720 1422 982 1493 δηλονότι,
1011 1423 1128 1485 πῶς
1177 1423 1238 1475 οὐ
1266 1421 1619 1492 πεφλυάρηκέ
1656 1439 1757 1474 που

184 1509 359 1579 μάτην
389 1510 648 1581 εἰρηκὼς,
683 1512 766 1563 ὅτι
816 1512 953 1582 μετά
1007 1511 1106 1581 τὴν
1138 1510 1406 1581 ἀνάληψιν
1446 1511 1507 1563 ού
1536 1511 1757 1564 δύναται

181 1603 460 1656 καλεῖσθαι
506 1603 969 1675 κεχωρισμένωςς
1020 1604 1175 1674 εἰπερ
1220 1604 1318 1672 οὐχ
1350 1602 1407 1654 ἓν
1451 1619 1502 1655 τι
1553 1604 1756 1655 νοεῖται

178 1697 314 1766 πρὸς
342 1695 519 1765 ἡμῶν,
550 1696 611 1748 τὸ
642 1696 813 1766 ἑτέρῳ
840 1697 947 1749 τινὶ
1002 1694 1266 1765 σχετικιῖκ
1300 1695 1569 1763 συνῆφθαι
1603 1695 1758 1761 λεγό·

180 1804 341 1856 μενον
365 1804 377 1816 ·
417 1787 512 1841 δύο
550 1788 657 1859 γὰρ
690 1788 906 1851 πάντως
952 1786 1021 1840 τὰ
1066 1786 1317 1856 ἀλλήλοις
1364 1785 1753 1850 συμϐαίνοντα,

177 1880 272 1931 καὶ
302 1880 398 1948 οὐχ
426 1880 481 1931 ἓν
504 1880 635 1932 αὐτό
657 1897 730 1940 τι,
763 1879 822 1931 τὸ
848 1878 1026 1946 ἑαυτῷ
1053 1878 1477 1946 συναπτόμενον,
1500 1879 1656 1929 νοοῖτ’
1686 1877 1751 1929 ἂν
1786 1861 1825 1914 Β

175 1971 423 2033 εἰκότως.
474 1970 825 2039 Ψευδομυθία
868 1968 933 2040 δὴ
979 1964 1071 2023 οῦν
1102 1969 1169 2021 τὰ
1211 1970 1421 2022 ἐκείνου
1464 1971 1557 2021 καὶ
1588 1970 1751 2040 λῆρος

178 2062 399 2131 ἑτέρως.
449 2062 638 2131 Ἡμεῖς
672 2063 728 2115 δὲ
784 2063 921 2133 μετὰ
969 2062 1067 2133 τὴν
1113 2063 1326 2125 ἕνωσιν,
1382 2064 1484 2115 κᾶν
1534 2064 1581 2115 εί
1620 2063 1753 2115 Θεὸν

173 2154 346 2220 Λόγον
369 2155 656 2223 ὀνομάσειε
687 2172 791 2213 τις.
816 2155 875 2207 οὺ
906 2154 1029 2223 δίχα
1059 2153 1285 2224 νοοῦμεν
1306 2154 1467 2206 αὑτὸν
1494 2154 1593 2224 τῆς
1616 2153 1751 2218 ιδίας

174 2242 376 2310 σαρκός
400 2259 414 2271 ·
459 2241 561 2294 κᾶν
595 2243 725 2313 εῖπῃ
770 2243 1025 2312 Χριστὸν,
1065 2243 1419 2311 σαρκωθέντα
1461 2243 1551 2295 τὸν
1584 2244 1752 2310 Λόγον

171 2330 630 2402 ὲπ.γινὼσκομεν.
667 2332 763 2396 Τίς
803 2333 859 2386 δὲ
888 2333 951 2403 δὴ
998 2333 1105 2404 ἄρα
1135 2334 1229 2385 καὶ
1258 2334 1286 2384 ό
1320 2334 1419 2402 τῆς
1458 2332 1608 2403 παρά
1658 2331 1751 2383 σοῦ

170 2424 474 2494 λεγομένης
528 2426 819 2493 συναφείας
876 2428 1075 2478 νοεῖται
1129 2424 1359 2495 τρόπος;
1394 2424 1455 2477 Εἰ
1498 2425 1598 2495 μὲν
1645 2425 1751 2496 γὰρ

169 2516 413 2586 ἡνῶσθαι
442 2517 545 2587 φὴς
582 2516 703 2569 καθ’
730 2508 1029 2569 ὑπόστασιν
1055 2516 1132 2586 τῷ
1160 2520 1221 2569 ἐκ
1246 2516 1381 2569 Θεοῦ
1404 2517 1560 2586 φύντι
1592 2517 1751 2585 Λόγῳ

170 2608 232 2660 τὸ
266 2607 626 2677 ἀνθρώπινον,
663 2607 714 2661 τί
741 2609 839 2678 τὴν
879 2609 1049 2673 θείαν,
1075 2610 1197 2661 είπέ
1224 2626 1334 2677 μοι.
1376 2607 1751 2679 περιυϐρίζεις

172 2699 386 2768 σάρκα;
426 2699 603 2751 καίτοι
634 2702 961 2769 προσκυνεῖν
1004 2698 1139 2767 αὐτῇ
1174 2697 1247 2766 μὴ
1293 2698 1747 2768 παραιτούμενος.

171 2789 481 2859 πρέποντος
520 2789 656 2861 μόνῃ
684 2791 751 2859 τῇ
781 2787 903 2858 θείᾳ
938 2804 997 2840 τε
1021 2788 1113 2840 καὶ
1150 2788 1443 2858 ἀπορρήτῳ
1464 2787 1625 2855 φύσει
1657 2788 1748 2840 τοῦ

171 2882 598 2951 προσκυνεῖσθαι
633 2882 763 2934 δεῖν.
799 2881 861 2933 El
888 2880 943 2932 δὲ
976 2880 1155 2951 ἀληθῆ
1197 2882 1297 2951 μὲν
1331 2882 1431 2935 οὑκ
1457 2883 1559 2935 οίει
1596 2883 1751 2950 γενέ-

171 2974 298 3028 σθαι
330 2975 427 3045 τὴν
457 2974 672 3037 ἕνωσιν,
713 2974 1007 3041 συνάφειαν
1040 2975 1095 3026 δὲ
1128 2975 1330 3040 μᾶλλον
1376 2976 1507 3044 ἡμῖν
1554 2975 1751 3044 ὀνομά-

170 3068 286 3130 ζεις
313 3068 410 3136 τὴν
447 3067 586 3120 κατά
620 3084 680 3135 γε
716 3068 813 3137 τὴν
844 3066 1188 3137 ὁμωνυμίαν,
1220 3066 1316 3119 καὶ
1348 3066 1443 3135 τὴν
1482 3069 1540 3119 ὲν
1564 3066 1751 3135 ψιλαῖς

1866 613 2008 657 stum
2034 603 2315 667 fateberis,
2344 615 2397 658 et
2421 602 2614 656 Filium
2647 612 2701 657 cl
2739 603 3042 657 Dominum.
3097 605 3205 658 Sed
3257 608 3444 658 nescio

1865 695 2148 761 quomodo
2174 694 2260 748 hic
2295 709 2554 747 vanorum
2587 694 2838 745 inventor
2877 692 3189 760 dogmatum
3220 707 3332 748 rem
3365 694 3446 761 ip-

1866 800 1977 839 sam
2012 785 2232 840 unionis
2263 785 2549 839 admodum
2584 785 2950 853 parvipendit,
2986 784 3183 853 illaque
3217 783 3442 851 rejects,

1864 887 1922 932 ut
1959 893 2300 948 consequens
2332 889 2477 933 certe
2505 886 2640 942 erat,
2674 888 2729 932 et
2766 879 2813 931 vi
2836 878 2995 932 simul
3028 879 3139 947 ipsa
3199 876 3442 932 veritatis

1863 971 2114 1027 abdicata
2150 986 2340 1026 rursus
2369 972 2435 1025 ad
2474 971 2527 1023 id
2556 972 2786 1024 recurrit
2838 970 2979 1036 quod
3023 970 3122 1023 sibi
3170 969 3437 1039 placebat,

1863 1072 1918 1117 et.
1952 1062 2071 1117 ait:
2121 1060 2273 1134 [Ideo
2302 1063 2466 1117 etiam
2506 1061 2758 1117 Christus
2812 1061 3114 1130 appellatur
3153 1060 3239 1115 ille
3299 1062 3439 1115 Deus

1865 1154 2122 1220 Verbum,
2157 1155 2283 1222 quia
2328 1154 2483 1208 habet
2527 1163 2840 1222 perpetuam
2885 1168 3006 1207 cum
3038 1153 3258 1207 Christo
3302 1167 3435 1205 con-

1858 1246 2234 1313 iunctionem;
2271 1258 2444 1312 ncque
2475 1245 2733 1311 contingit
2765 1254 2819 1297 ut
2852 1244 2994 1298 Deus
3042 1243 3279 1297 Verbum
3317 1242 3437 1297 sine

1864 1338 2198 1391 humanitate
2245 1335 2412 1390 faciat
2443 1335 2644 1403 aliquid
2682 1354 2694 1388 :
2736 1338 3029 1402 perductus
3068 1342 3150 1388 est
3196 1335 3339 1387 enim
3369 1332 3435 1387 ad

1861 1444 2129 1483 summam
2163 1429 2638 1499 c0ujuuctionem;
2674 1442 2777 1480 non
2810 1426 2874 1480 ad
2910 1426 3328 1490 deificationem,
3381 1434 3436 1477 ut

1863 1521 2140 1589 sapientes
2194 1535 2225 1573 e
2289 1519 2687 1573 recentioribus
2746 1517 3086 1585 dogmatistis
3140 1515 3435 1585 asserunt.]

1860 1614 1993 1668 Cum
2028 1612 2193 1682 igitur
2225 1613 2370 1666 dicat
2401 1612 2675 1665 Christum
2710 1610 3035 1680 appellatum
3070 1623 3191 1663 esse
3215 1609 3343 1662 illud
3370 1625 3437 1663 ex

1863 1705 1972 1758 Deo
2000 1704 2159 1759 Patre
2188 1702 2446 1765 Verbum,
2490 1702 2615 1770 quia
2658 1700 2854 1755 habeat
2878 1716 3002 1755 cum
3037 1698 3258 1754 Christo
3305 1714 3436 1753 cou-

1857 1797 2217 1862 junctionem.
2262 1804 2318 1847 ut
2352 1810 2474 1847 cum
2508 1794 2685 1847 altero
2714 1793 2991 1856 nimirum,
3015 1792 3291 1861 quomodo
3328 1808 3435 1845 non

1857 1894 2060 1938 temere
2080 1895 2306 1953 nugstus
2321 1894 2423 1946 est,
2443 1900 2562 1936 cum
2584 1884 2738 1948 dixit,
2755 1894 2873 1952 post
2888 1884 3310 1950 assumptionem
3331 1898 3435 1937 non

1855 1990 2012 2045 posse
2033 1976 2213 2025 vocarl
2234 1971 2485 2025 seorsim?
2504 1970 2766 2039 siquidem
2787 1971 2929 2040 quod
2952 1970 3104 2023 alteri
3125 1971 3336 2022 cuidam
3360 1968 3434 2022 rei

1856 2065 2149 2120 secundum
2174 2063 2543 2127 habitudinem
2603 2062 2947 2131 coniunctum
2977 2076 3097 2115 esse
3125 2061 3345 2123 dicitur,
3385 2060 3435 2113 id

1857 2171 1959 2209 non
1985 2164 2162 2222 potest
2188 2167 2217 2206 ιι
2252 2153 2406 2207 nobis
2436 2163 2690 2219 tanquam
2719 2167 2886 2206 unum
2914 2152 3118 2221 aliquid
3157 2152 3381 2222 intelligi
3418 2167 3433 2205 :

1856 2262 1979 2301 nam
2003 2246 2281 2315 quaeinter
2304 2259 2363 2299 se
2381 2245 2730 2307 conveniunt,
2759 2246 2864 2297 duo
2888 2244 3253 2311 prorsusjure
3278 2242 3437 2297 inte!-

1858 2340 2116 2408 liguntur.
2151 2348 2203 2391 et
2234 2353 2339 2391 non
2376 2352 2539 2390 unum
2584 2335 2789 2403 aliquid
2815 2335 2956 2404 quod
3003 2335 3177 2405 ipsum
3212 2334 3310 2387 sibi
3339 2350 3435 2388 co-

1856 2432 2069 2501 puletur
2093 2450 2106 2486 :
2129 2430 2326 2486 fabula
2348 2440 2475 2485 sunt
2499 2430 2669 2499 igitur
2692 2439 2746 2481 et
2775 2429 3084 2482 vanissima
3110 2443 3264 2494 nugze
3292 2426 3435 2480 illius

1855 2525 2044 2579 verba.
2074 2523 2182 2577 Nos
2218 2533 2397 2576 autem
2448 2531 2567 2591 post
2591 2520 2738 2574 illam
2780 2521 3074 2584 unionem,
3110 2518 3226 2571 sive
3252 2516 3417 2569 Deum

1858 2616 2093 2670 Verbum
2122 2614 2363 2668 nominet
2402 2612 2697 2682 quispiam,
2734 2626 2841 2665 non
2867 2610 2988 2664 sine
3016 2609 3232 2678 propria
3268 2622 3432 2661 carne

1854 2706 1985 2760 illud
2024 2706 2405 2774 intelligimus,
2437 2704 2552 2758 sive
2576 2702 2857 2758 Christum
2883 2702 3049 2765 dicat,
3085 2700 3431 2754 incarnatum

1857 2799 2095 2854 Verbum
2126 2798 2495 2867 agnoscimus.
2522 2796 2641 2851 Jam
2688 2811 2816 2850 vero
2843 2794 3063 2864 quinam
3092 2795 3253 2847 etiam
3287 2792 3434 2847 illius

1854 2911 2016 2964 quam
2051 2904 2106 2948 tu
2140 2892 2580 2961 coniunctionem
2605 2890 2741 2945 dicis
2770 2929 2785 2952 ,
2844 2885 3163 2955 intelligitur
3193 2884 3383 2938 modus
3408 2881 3433 2937 ἰ

1855 2987 1990 3041 Nam
2028 2989 2072 3040 si
2118 2987 2515 3041 humanitatem
2548 2982 2688 3037 dicis
2736 2981 2942 3034 unitam
2988 2978 3285 3034 secundum
3334 2977 3435 3046 by-

1854 3080 2111 3149 postasim
2147 3080 2221 3132 illi
2256 3094 2318 3131 ex
2358 3078 2466 3133 Deo
2490 3076 2670 3147 genito
2728 3074 2922 3138 Verbo,
2958 3088 3075 3137 cur,
3103 3086 3306 3139 quaeso,
3354 3071 3435 3124 di-

168 3159 266 3211 καὶ
292 3159 484 3228 μόναις
505 3161 626 3222 ταῖς
651 3158 796 3221 ἴσαις
827 3158 1082 3226 κλήσεσιν
1101 3157 1278 3224 ἀξίαν,
1295 3158 1346 3211 τί
1371 3159 1744 3229 σεμνοληρεῖς,

1855 3176 2032 3225 vinam
2070 3171 2217 3224 illam
2268 3185 2487 3223 carnem
2552 3166 2721 3222 aﬂicis
2767 3163 3004 3235 injuria?
3058 3162 3272 3217 tametsi
3314 3176 3434 3215 eam

168 3250 597 3321 ἀπηκριϐῶσθαι
633 3251 807 3316 λέγων
854 3249 944 3301 τὸν
974 3250 1037 3301 ὲκ
1075 3249 1333 3316 γυναικὸς
1390 3248 1527 3319 πρὸς
1572 3248 1748 3319 ἄκραν

167 3344 489 3410 συνάφειαν,
524 3340 681 3412 δῆλον
716 3341 773 3394 δὲ
803 3342 884 3395 ὅτι
926 3340 1025 3411 τὴν
1053 3341 1189 3411 πρὸς
1216 3340 1306 3392 τὸν
1341 3341 1546 3408 Λόγον;
1574 3340 1749 3408 Ὁμώ-

166 3452 337 3505 νυμον
364 3434 462 3504 μὲν
497 3434 603 3505 γὰρ
634 3433 883 3503 ἀλλήλοις
915 3428 1027 3485 εἷεν
1050 3431 1135 3494 ἂν,
1164 3433 1223 3485 τό
1251 3448 1309 3484 τε
1338 3432 1466 3495 Υἱὸς
1498 3432 1631 3501 Υἱῷ,
1654 3432 1750 3485 καὶ⁴

166 3527 375 3598 Κύριος
410 3527 630 3597 Κυρίῳ·
660 3526 773 3578 ἀλλ’
814 3525 966 3578 οὐδὲν
1001 3524 1248 3594 ἀλλήλων
1286 3530 1656 3595 μειονεκτοῖτο
1683 3526 1749 3579 ἂν

164 3620 238 3672 τὰ
274 3618 549 3687 ὀνόματα·
589 3617 683 3670 καὶ
712 3615 775 3667 τὸ
821 3615 1075 3687 περιττὸν
1119 3617 1175 3669 ὲν
1204 3616 1414 3678 τούτοις
1461 3616 1747 3684 πολυπρα-

166 3714 413 3781 γμονεῖν,
451 3712 655 3763 εἰκαῖον
700 3704 851 3778 οἶμαί
900 3725 1032 3761 που·
1068 3708 1195 3769 Υἱὸς
1225 3708 1333 3779 γὰρ
1373 3707 1525 3771 Υίοῦ,
1556 3708 1651 3759 καὶ
1687 3706 1747 3759 τὸ

164 3804 297 3868 Υίος
326 3802 435 3875 [ῖσ.
473 3801 614 3853 καθά
648 3800 795 3864 Υἱὸς,
816 3800 876 3868 ἢ,
907 3800 1042 3853 καθὸ
1074 3801 1201 3863 Υἱὸς
1221 3798 1263 3870 ],
1306 3798 1429 3851 οὔτε
1461 3798 1521 3851 τὸ
1540 3799 1742 3868 μεῖζον,

163 3898 291 3953 οὔτε
320 3899 379 3950 τὸ
403 3896 622 3949 ἔλαττον
652 3894 1191 3965 ἑχει.Περισσοεπεῖς
1219 3890 1311 3947 οῦν
1338 3891 1448 3963 ἄρα
1476 3894 1567 3945 καὶ
1605 3891 1746 3962 μάλα

167 3990 381 4060 σαφῶς,
416 3987 839 4060 ἀπηκριϐῶσθαι
860 3987 1032 4054 λέγων
1053 3986 1217 4039 αὐτὸν
1252 3985 1387 4055 πρδς
1419 3984 1595 4055 ἄκραν
1623 4000 1746 4035 συν-

165 4085 385 4154 άφειαν.
416 4082 625 4151 Πρέποι
658 4082 701 4135 δ’
733 4080 819 4144 ἂν,
854 4079 997 4133 κατά
1031 4096 1095 4147 γε
1128 4078 1187 4132 τὸ
1225 4076 1373 4147 αὺτῷ
1411 4094 1500 4146 μοι
1532 4076 1742 4143 δοκοῦν,

163 4178 288 4246 οὐχὶ
322 4177 440 4239 ταῖς
462 4176 804 4245 ὀμωνυμίαις
841 4173 900 4225 τὸ
924 4172 1347 4242 ἀπηκριόὦσθαι
1371 4170 1550 4239 λέγειν
1574 4168 1744 4231 αὐτὰς

162 4269 455 4339 ἀλλήλαις·
489 4269 715 4329 ἐκείνοις
751 4266 806 4318 δὲ
858 4265 1079 4335 μᾶλλον,
1107 4265 1142 4317 ἃ.
1183 4265 1281 4334 τὴν
1312 4266 1389 4327 εις
1426 4265 1532 4316 πᾶν
1568 4262 1743 4316 ότιοῦν

167 4361 394 4430 ίσότητά
425 4376 483 4411 τε
518 4362 610 4412 καὶ
645 4357 938 4428 ὁμοιότητα
973 4355 1080 4408 τῶν
1108 4356 1164 4408 ἓν
1207 4352 1343 4409 εἶναι
1378 4354 1737 4425 πεπιστευμέ⁸

162 4468 295 4510 νων,
327 4449 647 4520 διαλαχόντα
693 4446 975 4515 φαίνεται·
1019 4439 1157 4511 οἷον,
1224 4444 1355 4513 φέρε
1390 4447 1586 4507 εἰπεῖν,
1635 4445 1743 4497 ἀπ-

1852 3264 2079 3319 adorare
2103 3262 2327 3317 tninime
2376 3260 2632 3330 reiugias,
2683 3276 2807 3313 cum
2851 3258 3224 3311 adorationem
3275 3255 3436 3308 exhi-

1853 3357 1969 3412 beri
2002 3356 2218 3410 nonnisi
2256 3356 2454 3407 diviua:
2487 3364 2540 3407 et
2570 3352 2829 3407 ineffabili
2876 3360 3086 3405 natura:
3122 3348 3429 3404 conveniat.

1852 3449 2003 3516 Quod
2036 3447 2077 3501 si
2108 3448 2249 3501 haud
2287 3463 2467 3499 veram
2499 3456 2653 3515 putas
2690 3445 2885 3499 factam
2917 3444 3193 3505 unionem,
3220 3450 3272 3493 ct
3300 3455 3434 3495 cou-

1845 3540 2180 3607 iunctionem
2209 3539 2387 3606 potius
2421 3538 2661 3605 appellas
2706 3538 2850 3591 illam
2905 3537 3202 3590 secundum
3242 3535 3434 3587 homo-

1852 3632 2112 3701 nymiam,
2142 3641 2195 3682 et
2234 3628 2334 3698 51
2370 3629 2421 3681 in
2456 3629 2565 3682 sola
2597 3630 2826 3681 aonuda
2859 3625 3082 3694 aequalis
3112 3624 3431 3694 appellatio-

1852 3723 1938 3776 nis
1971 3723 2236 3775 societate
2285 3722 2516 3789 positam
2569 3720 2909 3789 dignitatem,
2956 3718 3085 3786 quid
3143 3715 3433 3785 magniﬁce

1852 3812 2106 3882 nugaris,
2145 3812 2330 3866 dicens
2364 3813 2510 3865 illum
2536 3826 2600 3866 ex
2646 3810 2874 3864 muliere
2922 3809 3124 3862 editum
3176 3807 3239 3860 ad
3276 3823 3427 3861 sum—

1850 3921 1992 3958 mam
2048 3903 2483 3972 eonjunctiouem
2573 3904 2931 3972 perductum,
2985 3900 3237 3953 nimirum
3288 3887 3428 3953 ’cum

1852 3993 2072 4049 Verbo?
2107 3995 2438 4070 Homonyma
2478 4009 2710 4062 namque
2748 3994 2892 4046 inter
2916 4007 2975 4045 se
2999 3999 3159 4045 erunt
3182 3999 3233 4044 et
3264 3988 3433 4044 Filius

1850 4083 2008 4146 Filio,
2039 4094 2091 4137 et
2124 4083 2386 4138 Dominus
2421 4084 2667 4139 Domino.
2714 4082 2819 4137 Sed
2857 4082 2989 4135 nihil
3038 4080 3153 4133 haec
3203 4081 3428 4135 nomina

1848 4189 2011 4225 unum
2043 4173 2212 4226 altero
2245 4173 2424 4227 minus
2453 4174 2728 4227 habebunt
2752 4212 2769 4237 ,
2818 4183 2871 4227 et
2899 4170 3028 4241 quid
3076 4173 3127 4223 in
3168 4172 3252 4224 his
3303 4170 3421 4225 exi-

1850 4267 2015 4318 mium
2047 4266 2134 4329 sit,
2170 4267 2460 4334 exquirere
2495 4280 2691 4318 vanum
2726 4266 2818 4327 sit,
2859 4264 3232 4331 opiuor:nam
3266 4262 3433 4316 Filius

1850 4358 1987 4413 Filio
2021 4373 2125 4427 qua
2164 4357 2336 4411 Filius
2365 4367 2471 4421 est,
2508 4372 2605 4411 nec
2641 4356 2821 4425 majus
2866 4354 3071 4423 aliquid
3114 4369 3217 4408 nec
3251 4354 3430 4407 minus

1848 4450 2030 4505 habet.
2070 4449 2415 4517 Supervacua
2446 4449 2609 4519 igitur
2646 4458 2698 4503 te
2724 4448 2887 4501 verba
2916 4445 3142 4500 fundere
3190 4446 3423 4513 apertis-

163 4541 514 4614 ηκριϐὦσθαί
556 4556 734 4609 φαμεν
776 4540 912 4610 πρὸς
946 4539 1123 4608 ἄκραν
1174 4536 1472 4607 ἐμφέρειαν
1515 4533 1617 4603 τῆς
1644 4536 1739 4588 τοῦ

1853 4544 2043 4596 simum
2070 4552 2154 4598 est
2177 4582 2193 4607 ,
2224 4558 2347 4597 cum
2381 4542 2557 4612 ipsum
2577 4539 3049 4610 perductumdicis
3068 4538 3133 4591 ad
3156 4553 3423 4591 summam

162 4636 339 4699 δεῖνος
376 4634 611 4705 μορφῆς,
654 4632 686 4701 ἢ
727 4632 816 4685 τὸν
873 4631 932 4695 ἐξ
983 4629 1148 4683 αὑτοῦ
1207 4628 1469 4697 γεγονότα
1513 4627 1647 4691 υἱὸν,
1683 4626 1737 4696 ἢ,

162 4730 306 4796 φέρε
340 4729 536 4787 εἰπεῖν,
573 4725 777 4778 εἰκόνα.
826 4722 983 4776 Κατὰ
1016 4722 1072 4775 δέ
1101 4737 1161 4788 γε
1188 4721 1277 4772 τὸν
1307 4722 1403 4790 τῆς
1450 4718 1743 4785 συναφείας

162 4821 387 4892 τρόπον,
419 4816 537 4879 πῶς
568 4816 634 4871 ἂν
665 4814 1087 4886 ἀηκριόὦώαι
1129 4813 1371 4880 λέγοιντο
1413 4812 1508 4863 καὶ
1537 4810 1740 4863 νοοῖντό

160 4930 328 4979 τινας
368 4909 509 4965 Ἀλλ’
542 4909 704 4973 αὐτὸς
756 4908 855 4978 μὲν
892 4908 1241 4979 ἠρμήνευσεν
1284 4905 1417 4975 ⁴ἡμῖν
1461 4902 1562 4973 τῆς
1614 4918 1741 4955 συν-

160 5005 362 5072 αφείας
391 5002 487 5073 τὴν
526 5002 775 5070 δύναμιν.
811 4998 917 5072 [οὺ
946 5000 1052 5069 γὰρ
1087 4997 1228 5062 ἐστι,
1284 4996 1441 5067 φησὶ,
1485 4995 1575 5049 τὸν
1607 4994 1740 5047 Θεὸν

162 5097 361 5166 Λόγον,
384 5096 512 5150 ἄνευ
536 5096 634 5163 τῆς
662 5092 1082 5163 ἀνθρωπότητος
1116 5089 1320 5162 πρᾶξαί
1342 5087 1438 5160 τι].
1473 5088 1742 5158 Ὀμόφρο-

160 5207 255 5253 νες
282 5184 377 5243 οὖν
408 5186 658 5255 ἀλλήλοις
694 5186 789 5237 καὶ
814 5182 1197 5253 ὁμογνώμονες
1223 5181 1363 5235 κατὰ
1398 5180 1479 5245 σὲ,
1507 5181 1601 5233 καὶ
1634 5180 1741 5232 ἀπὸ

162 5281 365 5335 κοινῶν
400 5277 735 5349 σκεμμάτων
765 5277 847 5343 ἐφ’
879 5276 1085 5328 ἕκαστα
1112 5274 1222 5326 τῶν
1267 5272 1557 5343 πρακτέων
1602 5272 1739 5325 ἰέναι

164 5372 538 5442 πιστεύσομεν
588 5371 687 5439 τὴν
736 5369 853 5422 τῶν
901 5367 1051 5439 παρά
1093 5366 1185 5419 σοῦ
1242 5364 1550 5433 λεγομένων
1609 5362 1740 5415 υῖῶν

162 5464 469 5535 ξυνωρίδα·
506 5459 646 5524 εἶτα,
681 5462 798 5524 πῶς
855 5462 913 5514 οὐ
939 5460 1030 5513 δύο
1077 5459 1311 5530 χριστοὶ,
1349 5458 1444 5511 καὶ
1484 5458 1608 5520 υίοι,
1647 5455 1741 5508 καὶ

154 5558 374 5629 κύριοι;
429 5556 565 5609 Ἀλλ’
600 5556 676 5618 ὠς
700 5554 913 5623 ὀργάνῳ
956 5552 1031 5623 τῷ
1063 5550 1272 5621 σώματι
1316 5548 1614 5621 κεχρῆσθαι
1650 5549 1741 5600 τὸν

162 5652 340 5718 Λόγον
372 5648 678 5720 διῖσχυρίζῃ
712 5647 850 5701 κατά
870 5646 930 5698 τὸ
955 5645 1119 5707 εἰκός.
1141 5644 1279 5696 Ἀλλ’
1304 5644 1349 5693 εἰ
1382 5643 1479 5712 μὲν
1502 5640 1600 5693 ἕνα
1634 5639 1740 5711 φὴς

160 5746 312 5809 Υίὸν,
357 5745 449 5796 καὶ
489 5743 620 5813 μίαν
655 5742 951 5794 ὑπόστασιν
998 5739 1095 5810 τὴν
1128 5736 1219 5791 τοῦ
1257 5737 1427 5804 Λόγου
1456 5751 1738 5805 σεσαρκω·

159 5838 359 5911 μένην,
392 5838 492 5892 οῦκ
514 5836 676 5900 αὐτὸς
713 5836 871 5889 ἔσται
899 5832 1159 5904 Θεότητος
1180 5831 1442 5901 ὄργανον·
1479 5827 1742 5899 κεχρήσεο

1847 4633 2307 4701 conjunctionem.
2340 4631 2457 4686 Non
2488 4631 2653 4696 enim,
2673 4638 2734 4683 ut
2752 4629 2883 4683 mihi
2902 4626 3137 4690 videtur,
3152 4626 3219 4681 de
3236 4626 3427 4680 homo-

1847 4726 2021 4798 nymis
2034 4726 2290 4781 convenit
2307 4724 2489 4780 dicere
2501 4724 2642 4791 quod
2661 4722 2726 4776 ad
2742 4736 3007 4777 summam
3024 4718 3427 4775 similitudinem

1846 4819 1955 4873 sint
1984 4817 2262 4888 perducta,
2276 4817 2370 4871 sed
2388 4816 2471 4871 his
2490 4815 2667 4887 potius
2686 4828 2806 4884 quas
2838 4826 2937 4882 per
2951 4811 3132 4867 omnia
3150 4811 3427 4881 aequalita-

1845 4921 1952 4967 tem
1991 4926 2056 4965 ac
2088 4909 2493 4965 similitudinem
2528 4919 2979 4978 quarumcunque
3014 4918 3196 4958 rerum
3233 4902 3427 4957 sortita

1844 5013 1989 5071 sunt,
2005 5018 2129 5059 cum
2158 5001 2356 5073 quibus
2373 5015 2537 5054 unum
2567 5012 2687 5053 esse
2704 4994 3005 5053 creduntur
3024 5010 3040 5048 :
3058 4993 3210 5048 verbi
3229 4994 3425 5064 gratia,

1843 5109 2161 5167 expressum
2194 5092 2426 5148 dicimus
2445 5090 2512 5145 ad
2529 5102 2797 5145 summam
2821 5083 3233 5141 similitudinem
3259 5082 3426 5138 alicu-

1838 5189 1928 5258 jus
1952 5184 2191 5241 hominis
2223 5183 2410 5237 formae
2434 5179 2520 5234 vel
2560 5178 2728 5233 ﬁlium
2782 5191 2849 5230 ex
2890 5190 2957 5231 eo
3020 5174 3282 5245 genitum,
3342 5172 3426 5228 vel

1843 5276 2075 5347 exempli
2119 5274 2313 5345 gratia,
2346 5271 2673 5342 imaginem:
2706 5281 2869 5338 porro
2886 5264 3181 5321 secundum
3199 5265 3425 5333 conjun-

1844 5369 2037 5425 ctionis
2057 5366 2270 5421 modum
2299 5377 2533 5433 quonam
2559 5368 2715 5429 pacto
2740 5358 2919 5428 aliqua
2946 5354 3310 5412 autdicantur
3336 5366 3426 5408 aut

1846 5459 2212 5529 intelligantur
2245 5469 2500 5525 expressa
2524 5454 2548 5506 τ
2570 5452 2675 5507 Sed
2702 5452 2819 5521 ipse
2844 5448 2998 5504 nobis
3041 5449 3427 5514 interpretatus

1843 5563 1926 5608 est
1946 5550 2102 5618 huius
2120 5548 2225 5603 vim
2242 5541 2799 5616 conjunctionis.[Non
2818 5541 2987 5604 enim,
3004 5539 3197 5607 inquit,
3216 5537 3424 5591 contiu-

1847 5644 1923 5713 git
1944 5651 2004 5697 ut
2032 5641 2172 5696 Deus
2204 5640 2437 5694 Verbum
2463 5639 2579 5693 sine
2615 5632 2953 5691 humanitale
2982 5631 3143 5686 faciat
3172 5627 3425 5699 aliquid]

1850 5729 2161 5788 Concordes
2187 5731 2349 5801 igitur
2373 5741 2427 5784 et
2453 5728 2855 5784 consentientes
2890 5731 3036 5788 sunt,
3078 5730 3132 5775 ut
3189 5730 3239 5774 tu
3301 5720 3421 5771 cxi-

1849 5824 2039 5882 stimas
2093 5832 2147 5889 et
2179 5820 2696 5879 communiconsilio
2724 5819 2789 5875 ad
2820 5814 3059 5887 singulas
3094 5828 3179 5869 res
3213 5811 3417 5867 facien-
