4072 6346
658 403 729 461 95
1685 403 1745 460 S.
1785 403 2061 460 CYRILLI
2095 404 2564 462 ALEXANDRINI
2599 407 2921 463 ARCHIEI‘.

660 522 757 576 das
795 522 1018 578 tendere
1063 523 1350 579 credemus
1390 537 1488 593 par
1522 523 1648 579 illud
1683 524 1915 580 liliorum
1960 541 1991 581 a
2035 537 2088 583 te
2139 529 2221 581 di-

2333 546 2414 581 ται
2446 529 2502 581 δὲ
2530 530 2733 599 μᾶλλον
2753 525 2950 600 οἷάπερ
2971 531 3189 602 ὀργάνῳ
3219 530 3298 601 τῷ
3321 529 3436 600 ἰδίῳ
3463 530 3698 598 σώματι,
3728 528 3900 583 καθά-

659 621 871 667 ctorum
897 627 910 659 :
942 613 1082 681 quod
1117 614 1161 669 si
1197 614 1268 668 ita
1295 622 1398 680 est,
1431 616 1698 685 quomodo
1733 631 1840 672 non
1867 619 1973 672 duo
2000 619 2216 684 christi,

660 713 714 756 et
748 703 863 765 ﬁlii,
899 714 954 759 et
982 705 1230 759 domini?
1271 707 1343 760 At
1382 721 1508 762 vero
1555 722 1786 776 corpore
1840 717 2098 778 tanquam
2134 725 2226 766 or-

660 809 801 863 gano
833 794 1002 863 ipsum
1040 794 1272 851 Verbum
1298 811 1452 851 usum
1499 797 1760 866 allirmas,
1817 809 1878 854 ut
1915 809 2000 856 est
2030 816 2227 858 conse-

662 900 854 952 quens.
895 886 1000 940 Sed
1046 886 1090 941 si
1127 902 1290 942 unum
1323 887 1461 944 dicis
1514 888 1735 955 Filium,
1777 900 1832 946 et
1863 907 2026 947 unam
2059 893 2231 964 hypo-

662 976 849 1029 stasim
885 975 1038 1030 Verbi
1074 977 1431 1045 incarnatam,
1459 994 1565 1033 non
1595 981 1768 1049 ipsum
1793 983 1898 1037 erit
1923 983 2231 1042 Diviuitatis

663 1080 946 1134 organum,
993 1068 1086 1121 sed
1113 1078 1294 1122 utetur
1349 1069 1527 1138 potius
1578 1072 1800 1141 proprio
1848 1086 2077 1143 corpore
2113 1085 2231 1130 tan-

663 1170 824 1223 quam
859 1171 1092 1225 organo;
1118 1166 1174 1211 ιιι
1199 1158 1451 1212 nimirum
1478 1160 1590 1230 ipsa
1615 1161 1844 1217 hominis
1871 1165 2070 1218 anima.
2093 1164 2231 1234 Ergo

665 1261 830 1300 unum
882 1246 1072 1312 fatere,
1110 1263 1214 1301 non
1273 1249 1518 1305 dividens
1562 1261 1802 1317 naturas,
1860 1255 2020 1309 simul
2071 1256 2228 1311 intel-

665 1337 835 1406 ligens
859 1353 922 1393 ac
955 1341 1194 1394 sentiens
1242 1340 1400 1394 aliam
1445 1357 1567 1398 esse
1597 1346 1778 1401 carnis
1807 1386 1824 1413 ,
1873 1346 2033 1400 aliam
2086 1348 2227 1402 divi-

664 1429 852 1483 nitatis
881 1430 1143 1484 rationem
1175 1446 1293 1498 qua:
1321 1432 1394 1486 illi
1424 1448 1489 1488 ac
1516 1435 1616 1488 soli
1671 1437 1960 1491 conveniat
2000 1455 2012 1491 :
2050 1452 2229 1507 neque

665 1519 811 1572 enim
840 1520 988 1573 illam
1020 1520 1182 1578 Verbi
1216 1538 1434 1578 carnem
1470 1526 1700 1579 dicimus
1726 1527 1923 1581 factam
1948 1543 2068 1584 esse
2090 1529 2226 1585 divi-

664 1609 912 1672 nitatem,
950 1612 1041 1665 sed
1098 1614 1275 1682 potius
1317 1614 1576 1682 divinam,
1632 1625 1691 1671 ut
1734 1616 1881 1672 illius
1925 1621 2218 1688 propriam.

2331 639 2438 694 περ
2469 624 2659 693 ἀμέλει
2687 626 2779 677 καὶ
2804 626 2836 695 ἡ
2879 622 2974 677 τοῦ
3006 625 3294 694 ἀνθρώπου
3328 625 3494 694 ψυχή.
3525 622 3736 679 Οὐκοῦν
3767 626 3902 692 ὁμου

2331 714 2561 785 λόγησον
2593 715 2706 780 ἕνα,
2743 715 2818 786 μὴ
2857 716 3078 788 διαιρῶν
3105 715 3207 779 τάς
3232 715 3442 785 φύσεις,
3473 714 3611 786 μετά
3641 712 3738 767 τοῦ
3767 713 3902 765 είδέ-

2333 824 2422 860 ναι
2462 806 2555 858 καὶ
2610 809 2846 877 φρονεῖν,
2888 807 2970 860 ὅτι
3023 808 3225 876 σαρκὸς
3272 807 3374 877 μὲν
3429 807 3616 877 ἔτερος
3643 807 3672 858 6
3707 805 3901 870 λόγος.

2336 897 2598 968 Θεότητος
2629 898 2685 950 δὲ
2711 896 2892 960 πάλιν,
2915 899 2943 950 6
2967 898 3102 968 αὐτῇ
3136 897 3226 950 καὶ
3260 897 3397 969 μόνῃ
3424 896 3667 966 πρέπων·
3702 894 3903 963 ἥκιστα

2340 989 2438 1059 μὲν
2482 987 2592 1058 γὰρ
2642 986 2884 1058 Θεότητα
2922 986 3176 1054 γενέσθαι
3212 987 3391 1056 φαμὲν
3426 985 3521 1038 τοῦ
3575 985 3748 1052 Λόγου
3805 982 3903 1050 τὴν

2336 1077 2537 1148 σάρκα,
2562 1076 2714 1130 θείαν
2743 1076 2800 1130 δὲ
2833 1077 3054 1146 μᾶλλον,
3085 1078 3158 1140 ὡς
3189 1077 3325 1130 ἰδίαν
3355 1075 3522 1129 αὑτοῦ
3544 1092 3559 1107 ο
3597 1077 3645 1126 ει
3673 1075 3783 1144 γὰρ
3811 1073 3903 1126 ἀν-

2335 1166 2552 1239 θρώπου
2581 1167 2717 1238 σάρξ
2761 1170 2794 1237 ἡ
2832 1167 3148 1237 ἀνθρωπίνη
3189 1166 3430 1234 λέγεται,
3474 1165 3528 1217 τί
3585 1164 3645 1217 τὸ
3693 1161 3903 1216 κωλύον

2331 1257 2412 1310 ἔτι
2436 1257 2528 1310 καὶ
2550 1258 2699 1310 Θείαν
2726 1258 2901 1310 εἰπεῖν
2943 1255 3041 1327 τὴν
3074 1257 3168 1310 τοῦ
3200 1254 3336 1310 Θεοῦ
3378 1255 3590 1324 Λόγου;
3633 1253 3698 1306 Τί
3722 1253 3902 1307 τοίνυν

2329 1350 2582 1420 διαγελᾷς
2619 1350 2717 1418 τῆς
2767 1349 3025 1417 ἀληθείας
3068 1349 3130 1402 τὸ
3170 1348 3388 1412 κάλλος,
3425 1346 3734 1401 ἀποθέωσιν
3767 1347 3901 1414 ημῖν

2329 1440 2611 1511 ὀνομάζων
2633 1441 2731 1509 τῆς
2756 1439 2916 1508 ἁγίας
2952 1439 3171 1509 σαρκὸς,
3198 1439 3357 1509 μόνον
3388 1437 3445 1491 δὲ
3475 1437 3616 1507 οὐχὶ,
3647 1437 3741 1489 καὶ
3766 1451 3901 1488 κατ·

2328 1530 2606 1593 ονειδίζων
2656 1532 2769 1592 τοῖς
2825 1528 2964 1601 ὀρθὰ
3016 1532 3233 1599 φρονεῖν
3290 1527 3586 1600 ᾑρημένοις
3633 1526 3735 1597 τὴν
3782 1524 3903 1578 θεο-

2330 1622 2579 1692 ποίησινς
2611 1621 2788 1675 καίτοι
2815 1619 2988 1688 λέγων
3012 1620 3192 1683 αὐτός’

665 1698 797 1754 Nam
822 1702 868 1755 si
900 1704 1134 1759 hominis
1192 1720 1318 1761 caro
1345 1708 1578 1762 humana
1630 1709 1850 1775 dicitur,
1883 1711 2010 1779 quid
2075 1714 2327 1779 prohibet
2364 1715 2525 1768 etiam
2569 1714 2804 1767 divinam
2867 1711 3049 1766 dicere
3111 1710 3257 1764 illam
3303 1726 3421 1779 qua:
3469 1719 3552 1765 est
3602 1708 3695 1764 Dei
3734 1707 3900 1762 Verbi

665 1794 824 1845 caro?
869 1793 1007 1860 Qllltl
1047 1795 1208 1866 igitur
1242 1798 1437 1853 irrides
1469 1799 1921 1868 pulchritudinem
1951 1805 2237 1860 veritatis?
2293 1815 2493 1861 sancta:
2528 1806 2671 1859 illius
2711 1804 2896 1860 carnis
2939 1803 3403 1858 consecrationem
3463 1803 3516 1857 in
3572 1802 3700 1856 deos
3743 1801 3901 1854 nobis

665 1879 955 1946 objiciens,
987 1896 1050 1936 ac
1097 1887 1480 1953 propemodum
1517 1888 1909 1945 deilicationem
1958 1893 2264 1950 hominibus
2298 1904 2442 1950 recte
2488 1894 2844 1950 sentientibus
2880 1893 3264 1959 exprobrans:
3299 1892 3510 1947 tametsi
3551 1891 3666 1960 ipse
3703 1891 3897 1945 dicas:

743 1967 1005 2041 ιΝεετοιι.
1061 1972 1129 2028 Ut
1195 1991 1324 2045 ergo
1387 1977 1788 2034 demonstretur
1838 1983 1971 2052 ipsis
2018 2000 2227 2054 quoque

2404 1986 2544 2058 [Ἵνα
2577 1986 2754 2038 τοίνυν
2782 1984 2969 2054 δειχθῇ
3001 1985 3097 2037 καὶ
3138 1986 3252 2046 τοῖς
3290 1983 3485 2054 μάγοις
3514 1984 3596 2046 τίς
3629 1983 3778 2036 ἐστιν
3811 1975 3906 2034 οῦς-

666 2059 838 2127 magis
875 2061 997 2127 quis
1033 2061 1122 2115 hic
1151 2063 1223 2116 sit
1257 2064 1324 2117 ab
1375 2065 1481 2120 illis
1519 2066 1775 2124 adoratus
1808 2111 1823 2136 ,
1875 2080 1931 2125 et
1969 2073 2033 2126 ad
2068 2089 2227 2141 quem

668 2148 786 2202 illos
824 2151 1037 2205 duxerit
1067 2150 1304 2220 Spiritus
1336 2158 1506 2209 sancti
1541 2160 1714 2225 gratia
1736 2201 1750 2225 ,
1787 2177 1977 2231 nempe
2010 2179 2117 2219 non
2161 2167 2227 2220 ad

664 2238 959 2306 simplicem
992 2241 1150 2311 vulgo
1185 2255 1534 2313 conspectum
1562 2247 1671 2318 52
1706 2251 1988 2317 infantem,
2039 2256 2132 2309 sed
2163 2257 2230 2312 ad

664 2345 860 2400 corpus
883 2334 1150 2402 quoddam
1182 2335 1530 2393 inell‘abiliter
1574 2341 1681 2395 Deo
1717 2345 2118 2419 conjunctum.]

1298 2449 1450 2504 CAP.
1504 2451 1594 2506 IX.

733 2534 865 2589 Cum
895 2536 1055 2602 igitur
1087 2552 1284 2609 corpus
1320 2541 1670 2600 inell‘abiliter
1717 2548 1824 2601 Deo
1877 2550 2223 2618 conjunctum

667 2625 826 2686 dicat,
861 2627 1001 2694 quod
1026 2635 1204 2682 autem
1237 2640 1320 2683 est
1353 2645 1480 2685 vere
1513 2631 1805 2700 iuell‘abile,
1862 2651 2024 2705 supra
2065 2639 2227 2694 intel-

667 2715 937 2783 ligentiam
965 2717 1108 2773 sitet
1132 2735 1292 2788 supra
1326 2735 1655 2786 sermonem,
1703 2739 1830 2779 vera
1865 2742 2088 2795 prorsus
2123 2733 2229 2785 erit

666 2807 792 2860 unio
814 2809 892 2861 vel
922 2810 1249 2879 conjunctio,
1298 2822 1354 2866 ut
1380 2813 1494 2881 ipse
1536 2814 1677 2883 loqui
1713 2816 1852 2871 solet
1890 2837 1903 2871 :
1935 2834 2058 2873 nam
2081 2821 2227 2889 ejus-

668 2900 808 2952 modi
839 2909 963 2955 sunt
992 2901 1302 2968 incﬂ'abilia,
1341 2913 1391 2957 ct
1421 2919 1600 2958 rerum
1637 2906 1708 2959 ita
1739 2907 1880 2962 inter
1929 2924 1988 2963 se
2033 2925 2229 2968 conve-

668 2989 929 3044 nientium
966 2993 1106 3047 haud
1139 2995 1323 3064 utique
1353 2997 1641 3065 quisquam
1693 2999 1836 3054 scire
1889 3002 2086 3068 poterit
2116 3018 2230 3058 mo-

667 3083 814 3134 dum.
859 3083 1010 3149 Quod
1043 3087 1086 3138 si
1123 3086 1306 3141 dicere
1331 3087 1496 3154 nosti,
1542 3104 1604 3143 ac
1633 3101 1791 3158 putas
1816 3107 1974 3159 posse
2018 3103 2068 3147 te
2120 3097 2226 3149 vim

669 3170 810 3226 illius
842 3175 1236 3243 conjunctionis
1266 3178 1568 3244 declarare,
1621 3183 1890 3249 quomodo
1920 3183 2096 3239 adhuc
2124 3186 2229 3239 crit

667 3278 727 3316 ca
771 3279 857 3318 res
887 3267 1222 3323 ineﬂabilis?
1251 3269 1417 3324 Miror
1441 3281 1614 3325 autem
1637 3272 1805 3342 quod,
1832 3276 2080 3343 quamvis
2102 3291 2228 3330 cor—

667 3371 766 3424 pus
794 3355 899 3410 Deo
929 3358 1272 3426 conjunctum
1309 3362 1473 3426 dicat,
1503 3362 1661 3430 idque
1701 3363 2052 3420 inell‘abiliter
2072 3408 2087 3431 ,
2119 3381 2224 3421 non

669 3455 844 3501 tamen
873 3449 1000 3503 illud
1027 3451 1186 3503 etiam
1220 3451 1385 3519 ipsius
1416 3454 1688 3520 proprium
1719 3470 1840 3509 esse
1893 3468 2124 3524 asserat,
2173 3468 2229 3512 ut

668 3554 785 3592 cum
825 3554 890 3593 eo
924 3549 1176 3610 tanquam
1207 3559 1371 3597 unum
1414 3544 1774 3613 intelligatur;
1829 3546 1923 3600 sed
1956 3563 2143 3602 rursus
2174 3550 2225 3602 in

667 3630 941 3684 hominem
998 3647 1061 3684 ac
1113 3633 1276 3687 Deum
1306 3632 1498 3688 dividit
1545 3636 1770 3688 seorsim
1817 3651 1881 3690 ac
1913 3639 2225 3707 separatim,

667 3737 831 3775 unum
861 3720 1136 3776 Christum
1168 3733 1221 3777 et
1250 3724 1530 3778 Dominum
1564 3723 1771 3790 Jesum,
1819 3734 1874 3781 et
1926 3737 2071 3784 recte
2101 3744 2226 3786 scn-

669 3813 770 3867 tire
790 3828 849 3868 se
879 3815 1117 3880 simulat,
1150 3817 1379 3873 dicens:

738 3903 999 3975 [Νεετοῐι.
1033 3906 1220 3976 Neque
1253 3924 1380 3964 vero
1412 3912 1635 3979 simplex
1657 3912 1817 3964 homo
1845 3919 1930 3965 est
1956 3909 2226 3974 Christus,

664 4012 696 4050 o
725 3999 1104 4063 calumniator,
1138 4001 1230 4056 sed
1280 4004 1440 4058 homo
1475 4003 1717 4058 simulet
1767 4003 1906 4056 Deus
1943 4017 1956 4054 :
1994 4003 2137 4071 quod
2181 4003 2227 4058 si

666 4091 835 4143 solum
867 4091 1008 4145 Dens
1037 4103 1206 4158 esset,
1243 4109 1379 4162 Opus
1407 4105 1546 4160 erat,
1578 4109 1610 4149 ο
1640 4094 1964 4162 Apollinari,
1991 4094 2174 4149 dicere
2206 4110 2220 4147 :

670 4195 687 4227 ι
722 4177 858 4242 Quid
888 4194 972 4233 me
995 4182 1237 4249 quaeritis
1279 4184 1587 4238 interﬁcere
1619 4184 1782 4237 Deum
1813 4224 1827 4248 ,
1854 4185 1945 4252 qui
1988 4199 2116 4239 vera
2155 4183 2232 4238 lo-

665 4278 823 4323 cutus
852 4287 968 4324 sum
998 4273 1148 4328 vobis
1170 4275 1215 4306 "
1242 4275 1303 4328 ξ’»
1340 4275 1636 4332 llicilleest
1663 4276 1750 4330 cui
1779 4276 1960 4346 spinea
1993 4275 2096 4329 fuit
2122 4277 2231 4329 cir-

665 4362 962 4428 cumposita
998 4376 1241 4431 corona;
1272 4366 1361 4420 hic
1403 4367 1494 4435 qui
1529 4366 1782 4420 dicebat:
1825 4385 1843 4417 ι
1876 4364 2019 4420 Deus
2057 4381 2231 4430 meus,

666 4451 808 4506 Deus
850 4468 1020 4520 meus,
1081 4457 1264 4524 utquid
1309 4473 1396 4513 me
1446 4457 1786 4527 dereliquisti
1816 4457 1908 4511 “?
1973 4476 1992 4508 ι
2029 4458 2117 4512 hic
2139 4459 2230 4525 qui

669 4544 975 4598 triduauam
1011 4548 1180 4602 subiit
1213 4559 1466 4613 mortem,
1526 4549 1709 4604 Adero
1742 4558 1918 4604 autent
1969 4549 2117 4604 hunc
2151 4550 2230 4602 si-

2332 2094 2422 2141 τος
2458 2078 2486 2130 6
2543 2077 2674 2146 παρ’
2728 2075 2906 2128 αὐτῶν
2974 2075 3478 2146 προσκυνούμενος,
3519 2074 3611 2126 καὶ
3636 2073 3729 2126 ἐπὶ
3779 2075 3904 2126 τίνα

2332 2170 2539 2239 ἢγαγεν
2571 2168 2765 2231 αὐτοὺς
2797 2167 2890 2219 τοῦ
2939 2167 3254 2237 Πνεύματος
3299 2164 3392 2218 τοῦ
3447 2165 3603 2232 ἁγίου
3640 2167 3674 2234 ἡ
3709 2165 3897 2234 χάρις·

2331 2259 2410 2310 ὅτι
2433 2260 2532 2311 οὐκ
2577 2259 2670 2310 ἐπὶ
2714 2257 2869 2326 ψιλὸν
2903 2257 3091 2320 ἁπλῶς
3125 2255 3496 2326 θεωρούμενον
3536 2255 3753 2327 βρέφος,
3783 2255 3903 2309 ἀλλ’

2330 2347 2423 2402 ἐπί
2453 2367 2505 2400 τι
2536 2349 2695 2418 σῶμα
2728 2347 3069 2418 συνημμένον
3098 2347 3350 2417 ἀρρήτως
3377 2344 3496 2414 Θεῷ
3521 2342 3544 2415 ]

2927 2459 3180 2516 ΚΕΦΑΛ.
3220 2459 3299 2516 8’.

2401 2551 2531 2604 ’Ὀτε
2564 2551 2741 2605 τοίνυν
2763 2552 3011 2622 ἀρρήτως
3045 2550 3314 2621 συνῆφθαι
3345 2549 3464 2621 Θεῷ
3494 2550 3554 2603 τὸ
3596 2550 3756 2620 σῶμά
3799 2565 3904 2619 φη-

2333 2658 2413 2695 σι*
2450 2643 2510 2695 τὸ
2544 2642 2602 2695 δὲ
2656 2643 2968 2713 ἀπόρρητον
3012 2641 3248 2713 ἀληθῶς,
3285 2642 3426 2713 ὑπὲρ
3457 2641 3583 2695 νοῦν
3638 2643 3754 2694 ἐστι
3805 2639 3904 2693 καὶ

2330 2735 2505 2803 λόγον,
2552 2735 2758 2805 ἀληθής
2803 2752 2906 2786 που
2938 2735 3212 2804 πάντωςὴ
3257 2734 3658 2803 ἕνωσις,ἧ·ίουν
3695 2735 3728 2803 ἡ
3770 2749 3902 2785 συν-

2331 2828 2517 2896 άφεια.
2561 2829 2679 2880 κατ’
2722 2827 2907 2882 αὐτόν.
2951 2827 3264 2897 ’Λπόῤῥητα
3299 2826 3404 2897 γὰρ
3456 2827 3525 2878 τά
3571 2824 3768 2890 τοιάδε,
3803 2824 3902 2877 καὶ

2328 2917 2435 2970 τῶν
2450 2917 2620 2980 οὕτως
2631 2916 2876 2987 ἀλλήλοις
2901 2934 2963 2970 συ
2973 2916 3342 2988 μὸεόηκότων,
3363 2916 3463 2970 οὐκ
3483 2915 3570 2982 ἂν,
3604 2911 3789 2986 οἶμαι,
3805 2914 3897 2978 τὶς

2331 3009 2498 3079 είδείη
2528 3011 2621 3063 τὸν
2654 3009 2878 3080 τρόπον.
2913 3010 2979 3064 Εἰ
3013 3009 3068 3062 δὲ
3095 3006 3252 3064 οἶσθα
3287 3009 3489 3078 λέγειν,
3512 3009 3614 3062 οἴει
3646 3026 3704 3061 τε
3733 3007 3902 3062 δύνα-

2332 3101 2452 3154 σθαι
2495 3098 2818 3171 διατρανοῦν
2859 3100 2958 3168 τῆς
3013 3101 3311 3170 συναφείας
3353 3101 3454 3169 τὴν
3485 3101 3743 3171 δύναμιν,
3781 3100 3903 3163 πῶς

2330 3193 2638 3264 ἀπόρρητον
2675 3190 2755 3244 ἔτι
2787 3191 2846 3243 τὸ
2874 3190 3063 3261 χρῆμά
3091 3193 3239 3257 seu;
3268 3190 3541 3260 Θαυμάζω
3562 3190 3638 3254 δὲ,
3662 3192 3743 3243 ὅτι
3771 3190 3902 3243 καί-

2331 3303 2411 3337 τοι
2441 3283 2599 3352 σῶμα
2636 3282 2809 3350 λέγων
2854 3281 3124 3351 συνῆφθαι
3154 3281 3303 3352 Θεῷ,
3344 3282 3437 3334 καὶ
3464 3280 3622 3333 τοῦτο
3655 3281 3905 3351 ἀπορρή-

2331 3393 2460 3440 τως,
2481 3375 2582 3428 οὐκ
2609 3374 2778 3427 αὐτοῦ
2809 3373 2872 3443 δὴ
2897 3373 3056 3426 τοῦτο
3080 3374 3174 3426 καὶ⁸
3204 3373 3333 3425 ἴδιον
3354 3368 3493 3426 εἷναί
3521 3389 3706 3443 φησιν,
3735 3371 3800 3423 ἵν’
3824 3371 3904 3435 ὡς

2333 3471 2389 3524 ἓν
2416 3473 2587 3523 νοοῖτο
2625 3471 2738 3540 μετ’
2767 3463 2932 3522 αὑτοῦ
2957 3483 2969 3495 °
3000 3467 3209 3536 μερίζει
3237 3464 3294 3518 δὲ
3325 3463 3486 3517 πάλιν
3516 3465 3593 3525 είς
3615 3461 3905 3531 ἄνθρωπον

2334 3563 2427 3614 καὶ
2454 3561 2606 3625 Θεὸν,
2635 3560 2740 3614 ἀνὰ
2772 3559 2956 3630 μέρως
2985 3574 3044 3610 τε
3069 3556 3162 3610 καὶ
3195 3554 3397 3620 ἱδικῶς,
3418 3555 3510 3606 τὸν
3535 3554 3631 3608 ἕνα
3663 3551 3910 3623 Χριστὸν

2333 3654 2426 3705 καὶ
2453 3652 2656 3722 Κύριον
2695 3649 2924 3722 Ἰησοῦν,
2958 3650 3055 3703 καὶ
3084 3646 3219 3718 ὀρθά
3247 3647 3467 3717 φρονεῖν
3498 3643 3908 3698 ύποπλάττεται

2331 3744 2503 3810 λέγων
2520 3758 2534 3771 ·

2404 3919 2578 3991 [Ἀλλ’
2608 3919 2668 3971 οὑ
2701 3917 2855 3988 ψιλὸς
2884 3915 3170 3985 ἄνθρωπος
3211 3913 3239 3965 6
3273 3912 3527 3984 Χριστὸς,
3564 3912 3909 3982 συκοφάντα,

2333 4014 2446 4067 ἀλλ’
2485 4012 2770 4082 ἄνθρωπος
2803 4008 2939 4078 ὁμοῦ
2971 4005 3066 4060 καὶ
3103 4005 3234 4068 Θεός
3259 4021 3274 4035 ·
3306 4006 3354 4056 εί
3383 4003 3439 4056 δὲ
3482 4003 3640 4072 μόνον
3683 4003 3910 4073 ὑπῆρχε

2333 4103 2486 4168 Θεὸς,
2543 4100 2733 4171 ἐχρῆν,
2787 4096 3151 4166 Ἀπολινάριε,
3184 4096 3386 4147 εἰπεῖν·
3422 4111 3439 4144 t
3474 4092 3539 4146 Τί
3580 4109 3645 4163 με
3685 4090 3913 4162 ζητεῖτε

2334 4193 2656 4246 ἀποκτεῖναι
2699 4188 2851 4248 Θεὸν.
2881 4186 2941 4250 ὃς
2964 4187 3062 4257 τὴν
3088 4185 3347 4253 ἀλήθειαν
3383 4183 3510 4250 ὑμῖν
3539 4181 3806 4252 λελάληκα
3832 4199 3850 4246 ς
3887 4203 3905 4234 ι

2335 4280 2505 4348 Οὗτος
2545 4286 2573 4337 6
2601 4281 2693 4336 τὸν
2722 4280 3009 4335 ἀκάνθινον
3037 4276 3393 4349 περιθέμενος
3423 4275 3681 4345 στέφανον
3702 4293 3714 4305 ·
3746 4270 3914 4336 οὗτος

2332 4380 2362 4430 6
2428 4378 2624 4445 λέγων,
2673 4395 2691 4426 t
2732 4374 2833 4426 Θεέ
2871 4391 2973 4443 μου
2998 4413 3012 4438 ,
3044 4369 3145 4423 Θεέ
3183 4387 3320 4440 μου,
3361 4369 3446 4422 ἵνα
3476 4369 3529 4422 τί
3579 4385 3645 4438 με
3675 4370 3914 4437 ἐγκατέ-

2332 4469 2516 4533 λιπες-ς
2566 4487 2584 4518 ›
2637 4460 2791 4528 οὗτος
2848 4467 2876 4518 6
2919 4463 3218 4535 τριήμερον
3270 4459 3526 4529 τελευτὴν
3581 4459 3911 4530 ὑπομείνας.

2333 4555 2632 4628 Προσκυνῶ
2669 4556 2726 4607 δὲ
2760 4555 2857 4608 σὺν
2887 4551 2953 4624 τῇ
2991 4551 3215 4622 Θεότητι
3239 4547 3447 4617 τοῦτον,
3484 4549 3560 4612 ὠς
3611 4550 3709 4620 τῆς
3746 4548 3914 4613 θείας

665 4637 772 4688 mul
809 4651 929 4690 eum
966 4635 1291 4706 Divinitate,
1332 4648 1589 4708 tanquam
1650 4639 1850 4694 divina:
1891 4638 2227 4694 defensorem

2335 4649 2631 4719 συνήγορον
2661 4641 2994 4716 αύθεντίας.]

665 4727 1052 4784 auctoritatis.‘

1315 4820 1466 4875 CAP.
1508 4818 1576 4874 X.

739 4910 868 4965 Vide
884 4909 995 4979 iam
1034 4925 1220 4968 rursus
1247 4911 1696 4980 quemadmodum
1733 4910 1927 4979 raptim
1960 4910 2220 4980 decipiat,

665 5000 860 5055 etsuis
886 5001 1228 5058 sermonibus
1275 5001 1517 5056 veritatis
1563 5003 1800 5070 speciem
1851 5003 2226 5072 circumpouat

667 5090 838 5162 [Non,
872 5092 1068 5159 inquit,
1100 5092 1328 5162 simplex
1362 5092 1521 5148 homo
1543 5101 1624 5147 est
1653 5092 1922 5160 Christus,
1951 5094 2045 5149 sed
2069 5095 2229 5150 homo

665 5183 826 5238 simul
858 5194 911 5237 et
946 5183 1130 5255 Deus],
1191 5198 1487 5252 rursusque
1515 5185 1744 5247 dividat,
1787 5193 1843 5238 et
1888 5187 2029 5240 haud
2062 5202 2225 5240 unum

664 5288 787 5328 esse
819 5273 985 5338 dicat,
1034 5283 1090 5328 et
1136 5272 1298 5328 stulte
1330 5273 1472 5343 quod
1519 5288 1550 5327 a
1601 5274 1816 5328 nemine
1871 5275 1941 5330 sit
1995 5277 2226 5345 positum

666 5363 916 5430 accipiat,
936 5373 990 5418 et
1022 5366 1161 5432 quod
1196 5364 1296 5418 sibi
1333 5364 1510 5432 placet
1548 5372 1774 5419 astruat.
1809 5364 2038 5420 Perinde
2081 5366 2225 5420 enim

668 5471 735 5510 ae
761 5456 809 5510 si
835 5457 1101 5526 quispiam
1131 5457 1356 5522 diceret,
1386 5458 1583 5511 nudum
1609 5457 1779 5524 ipsum
1809 5457 2038 5511 Verbum
2067 5466 2122 5512 et
2148 5458 2226 5512 ci-

673 5556 750 5598 tra
790 5563 1008 5602 carnem
1041 5547 1093 5602 in
1123 5549 1283 5601 terris
1321 5548 1477 5603 nobis
1526 5548 1867 5617 apparuisse,
1910 5549 2228 5603 nobiscum-

672 5655 775 5705 que
800 5640 1059 5704 lor-ntum,
1091 5641 1171 5693 vel
1206 5640 1382 5694 divina
1417 5640 1570 5709 signa
1616 5638 1849 5694 edidisse
1872 5682 1885 5703 ,
1937 5647 2033 5694 aut
2081 5656 2229 5695 cont-

741 5803 784 5832 ”
819 5801 968 5856 Joau.
1001 5819 1108 5869 νιι,
1151 5803 1232 5857 40.
1319 5802 1358 5833 ³⁸
1401 5800 1586 5856 Matth.
1622 5815 1792 5866 xxvii,
1827 5801 1912 5853 46.

2939 4819 3189 4872 ΚΕΦΑΛ.
3233 4820 3290 4873 l'.

2409 4912 2596 4983 'AOpst
2619 4912 2679 4981 δή
2713 4927 2804 4980 μοι
2851 4909 3009 4963 πάλιν
3042 4907 3451 4979 συναρπάζοντα
3509 4905 3630 4976 μὲν,
3672 4905 3912 4976 καὶτῆς

2332 5003 2587 5074 ἀληθείας
2625 5001 2722 5071 τὴν
2769 5001 3048 5070 μόρφωσιν
3096 5000 3207 5061 τοῖς
3252 4997 3445 5050 ἑαυτοῦ
3496 4995 3779 5065 περιθέντα
3809 4995 3912 5048 λό-

2335 5110 2477 5161 γοις’
2515 5092 2610 5163 [οὐ
2643 5092 2750 5161 γάρ
2799 5090 2952 5160 ψιλὸς
3002 5089 3285 5160 ἅνθρωπος
3307 5127 3320 5151 ,
3370 5087 3556 5158 φησιν,
3585 5087 3614 5138 6
3644 5087 3914 5155 Χριστὸς,

2335 5186 2449 5240 ἀλλ’
2479 5184 2762 5255 ἄνθρωπος
2802 5183 2935 5253 ὁμοῦ
2976 5183 3069 5236 καὶ
3117 5181 3294 5253 Θεόςο]
3325 5180 3602 5234 διῖστάντα
3639 5178 3697 5231 δὲ
3739 5177 3917 5231 πάλιν

2339 5280 2431 5331 καὶ
2445 5279 2543 5345 οὐχ
2565 5277 2659 5329 ἕνα
2682 5275 2928 5343 λέγοντα,
2952 5275 3046 5327 καὶ
3061 5274 3157 5326 ἁνυ
3166 5272 3388 5326 πόθετόν
3397 5289 3449 5324 τι
3469 5271 3753 5341 δεχόμενον
3767 5269 3799 5321 ά
3810 5288 3918 5339 μα-

2339 5365 2466 5432 θῶς,
2485 5368 2579 5420 καὶ
2605 5364 3074 5427 κατασκευάζοντα
3093 5364 3152 5416 τὸ
3179 5363 3386 5415 δοκοῦν.
3415 5363 3502 5423 Ὠς
3525 5365 3630 5431 γάρ
3656 5359 3914 5426 λέγοντός

2337 5474 2499 5518 τινος,
2528 5457 2730 5527 γυμνὸν
2758 5457 2848 5508 ἐπὶ
2871 5455 2971 5525 γῆς
2995 5455 3089 5508 καὶ
3119 5454 3238 5524 δίχα
3266 5454 3463 5523 σαρκὸς
3483 5447 3658 5521 ὧφθαί
3682 5469 3739 5504 τε
3772 5453 3913 5522 ἡμῖν

2338 5547 2428 5600 τὸν
2457 5547 2647 5614 Λόγον,
2689 5547 2782 5600 καὶ
2818 5547 2943 5610 τοὺς
2977 5547 3111 5616 πρὸς
3149 5547 3295 5615 ἡμᾶς
3326 5543 3651 5614 ποιήσασθαι
3685 5542 3911 5610 λόγους,

2340 5640 2503 5710 ἤγουν
2541 5641 2828 5712 ἐνεργῆσαι
2864 5639 2960 5703 τὰς
2991 5637 3348 5709 θεοσημείας,
3402 5636 3568 5706 ἤγουν
3614 5636 3696 5689 ὅτι
3726 5635 3910 5699 κοινὸς
