4072 6346
155 382 210 435 97
1276 370 1652 428 ADVERSUS
1694 370 2098 427 NESTORIUM
2141 371 2271 427 LIB.
2316 370 2381 426 ll.
3342 374 3410 429 98

152 499 216 570 ἦν
242 499 547 570 ἄνθρωπος,
592 499 685 551 καί
724 498 821 551 οὐκ
869 496 1029 559 αὐτὸς
1055 498 1082 548 ὁ
1133 496 1301 563 Λόγος
1343 496 1530 564 γέγονε
1562 495 1730 566 σάρξ.

1840 510 2055 550 munem
2087 497 2361 550 hominem
2383 494 2569 561 fuisse,
2604 508 2707 549 non
2737 495 2911 564 ipsum
2938 494 3171 549 Verbum
3212 494 3409 549 factum

152 590 248 661 [οὑ
275 587 453 657 ψιὶὸς,
484 587 694 656 φησὶν,
745 586 1031 656 ἄνθρωπος
1079 587 1107 637 6
1158 586 1410 656 Χριστὸς,
1450 586 1589 638 ἀλλά
1637 586 1730 638 καὶ

154 676 338 749 Θεός.]
385 676 575 744 Ἡμεῖς
600 674 676 735 δὲ,
700 667 745 725 ῶ
777 673 1040 742 βέλτιστε,
1080 673 1247 742 φαίην
1288 673 1353 725 ἂν
1391 673 1585 740 ἔγωγε,
1624 672 1729 724 κᾶν

153 768 394 835 λέγωμεν
419 764 581 817 αὑτὸν
613 763 898 834 ἄνθρωπόν
930 779 989 814 τε
1020 762 1155 832 ὁμοῦ
1188 763 1281 815 καὶ
1311 762 1463 826 Θεὸν,
1498 763 1598 815 οὐκ
1625 761 1729 814 ἀνά

152 857 319 925 μέρος
347 854 588 917 τιθέντες
618 854 688 906 τὰ
714 854 889 908 τοιάδε
922 854 1104 924 φαμέν
1129 870 1142 884 '
1169 854 1261 905 τὸν
1293 853 1453 906 αὐτὸν
1481 854 1538 906 δὲ
1590 854 1729 923 μᾶλ-

151 946 239 998 λον
283 945 488 1009 εἰδότες
522 946 618 999 καὶ
652 944 759 1016 πρὸ
812 945 911 1014 τῆς
945 944 1409 1015 ὲνανθρωπήσεως
1459 943 1588 996 Υίὸν
1631 944 1730 997 καὶ

151 1038 277 1090 Θεὸν
304 1037 399 1091 καὶ
425 1037 596 1105 Λόγον
624 1036 716 1089 τοῦ
753 1037 961 1105 Πατρός
982 1053 996 1066 ·
1022 1036 1305 1106 ἄνθρωπον
1325 1034 1381 1088 δὲ
1408 1034 1545 1105 μετὰ
1567 1035 1730 1089 τοῦτο

150 1129 268 1182 καθ’
325 1130 472 1199 ἡμᾶς
501 1128 761 1197 γεγονότα
786 1167 801 1193 ,
836 1128 930 1181 καί⁸
991 1126 1427 1198 σεσαρκωμένον.
1467 1126 1526 1179 '0
1557 1126 1615 1180 δὲ
1650 1126 1731 1180 δι-

150 1220 558 1290 ῖσχυριζόμενος
593 1221 668 1291 μὴ
696 1221 807 1274 δεῖν
835 1220 995 1273 αὐτὸν
1028 1219 1315 1291 ἄνθρωπον
1360 1218 1595 1273 νοεῖσθαι
1636 1219 1728 1289 ψι-

148 1312 257 1379 λὸν,
316 1312 451 1366 ἀλλά
484 1313 614 1365 Θεὸν
664 1314 757 1365 καὶ
804 1312 1121 1383 ἄνθρωπον,
1170 1312 1436 1382 ἀπονέμει
1486 1312 1585 1382 μὲν
1637 1311 1727 1364 τὸν

147 1403 430 1456 ἀκάνθινον
457 1402 739 1470 στέφανον,
763 1404 856 1455 καὶ
886 1403 955 1455 τά
986 1402 1149 1472 ἕτερα
1172 1401 1278 1454 τῶν
1300 1400 1510 1465 παθῶν,
1545 1401 1727 1464 ἰδικῶς

146 1493 417 1565 ἀνθρὼταρ
437 1496 531 1547 καὶ
557 1496 661 1549 ἀνὰ
690 1495 876 1565 μέρος·
910 1496 1238 1566 προσκυνεῖν
1261 1493 1317 1547 δὲ
1350 1493 1603 1562 ὁμολογεῖ
1632 1494 1727 1546 σὺν

145 1592 208 1657 τῇ
232 1587 460 1657 Θεότητι
491 1586 701 1639 τοῦτονο
728 1588 822 1640 καὶ
852 1586 912 1639 τὸ
947 1586 1027 1638 ἔτι
1061 1584 1503 1655 δυσσεϐέστερον,
1525 1584 1600 1646 ὼς
1628 1584 1727 1636 ούκ

145 1681 270 1732 ὅντα
312 1680 409 1749 μὲν
443 1679 583 1733 κατά
607 1680 668 1732 τὸ
694 1679 839 1742 εἰκὸς
866 1679 998 1731 Θεὸν
1028 1678 1243 1748 ἀληθῶς
1274 1678 1369 1730 καὶ
1399 1677 1525 1731 Υίόν
1544 1694 1559 1707 ⁸
1605 1693 1728 1730 συν-

148 1774 344 1840 ἠγορον
376 1771 430 1821 δὲ
475 1771 738 1839 γεγονότα
771 1770 869 1840 τῆς
901 1769 1189 1831 αύθεντίας
1236 1767 1329 1821 τοῦ
1368 1768 1563 1835 Λόγου.
1602 1768 1725 1819 Ὅτι

1830 604 1950 645 esse
1974 602 2191 643 carnem
2222 607 2236 644 :
2264 587 2429 660 [Nom
2457 587 2659 658 inquit,
2700 586 2929 655 simplex
2954 592 3036 641 est
3069 586 3230 639 homo
3293 584 3411 652 ipse

1831 680 2104 744 Christus,
2159 694 2347 733 verum
2382 678 2546 733 etiam
2582 666 2770 749 Deus]
2816 675 2921 729 Sed
2960 686 3017 729 ut
3063 675 3193 728 mihi
3230 675 3412 727 dicere

1833 772 2014 839 liceat,
2053 788 2172 837 nos,
2204 787 2236 825 o
2271 772 2354 824 vir
2404 771 2630 840 Optime,
2667 769 2915 838 quamvis
2965 766 3115 821 illum
3164 766 3413 821 dicamus

1832 864 2106 918 hominem
2130 862 2290 918 simul
2308 872 2363 917 et
2395 862 2586 926 Deum,
2614 876 2717 914 non
2738 859 2852 914 haec
2874 857 3101 912 seorsim
3122 854 3413 910 dividendo

1831 954 2086 1018 dicimus,
2115 955 2209 1009 sed
2244 954 2421 1021 potius
2462 953 2715 1007 eumdem
2764 950 3001 1005 scientes
3044 948 3211 1003 etiam
3260 956 3415 1001 ante-

1832 1059 1991 1113 quam
2028 1052 2175 1099 esset
2201 1044 2362 1098 homo
2416 1043 2613 1107 factus,
2642 1050 2697 1097 et
2751 1040 2977 1105 Filium,
3032 1047 3088 1093 et
3133 1038 3325 1101 Deum,
3361 1043 3415 1089 et

1833 1136 2072 1192 Verbum
2111 1135 2316 1201 Patris,
2352 1135 2628 1190 hominem
2659 1148 2789 1187 vero
2822 1141 3007 1201 postea
3056 1128 3228 1183 nostri
3262 1128 3416 1183 simi-

1832 1230 1933 1283 lem
1958 1228 2158 1283 factum
2205 1238 2260 1282 et
2276 1229 2636 1283 incarnatum.
2664 1225 2756 1281 llle
2774 1239 2900 1280 vero
2916 1239 3038 1280 eum
3056 1221 3284 1276 aflirmet
3309 1234 3413 1273 non

1832 1334 1952 1376 esse
1984 1320 2129 1372 illum
2155 1320 2356 1373 nudum
2384 1315 3100 1384 bomiuemintelligendum,
3130 1312 3224 1368 sed
3248 1313 3413 1366 Deum

1829 1419 1885 1465 et
1933 1410 2231 1473 hominem,
2264 1410 2506 1477 spineam
2552 1407 2769 1476 quidem
2820 1419 3078 1461 coronam
3109 1411 3164 1457 et
3187 1411 3414 1455 cceteras

1832 1502 2113 1570 passiones
2153 1499 2371 1570 proprie
2391 1514 2457 1553 ac
2486 1498 2713 1552 seorsim
2737 1496 2941 1551 homini
2969 1493 3178 1557 tribuit,
3225 1500 3279 1545 et
3320 1490 3414 1545 ad-

1830 1609 1986 1647 orare
2013 1608 2072 1647 se
2098 1594 2239 1646 hunc
2265 1591 2425 1645 simul
2466 1606 2587 1647 cum
2621 1589 2912 1644 Divinitate
2946 1586 3242 1649 fatetur,et
3270 1584 3412 1652 quod

1831 1685 1935 1757 53
1972 1686 2140 1755 magis
2172 1684 2395 1754 impium
2426 1686 2513 1748 sit,
2546 1692 2803 1750 tanquam
2834 1696 2941 1733 non
2970 1681 3059 1742 sit,
3093 1688 3151 1731 ut
3176 1687 3257 1731 est
3283 1692 3415 1730 cono

1830 1792 2179 1841 sentaneum,
2230 1790 2356 1830 vere
2399 1776 2544 1829 Deus
2592 1789 2657 1827 ac
2686 1773 2886 1836 Filius,
2933 1771 3022 1825 sed
3075 1768 3417 1823 auctoritatis

146 1864 251 1931 γὰρ
291 1863 561 1932 διῖστησιν
606 1864 875 1933 ἐναργῶς,
912 1866 1165 1933 σαφηνιεί
1208 1862 1369 1915 πάλιν
1398 1862 1459 1915 τὸ
1515 1863 1612 1915 σὺν
1660 1865 1725 1933 τῇ

1834 1872 1993 1926 Verbi
2029 1878 2289 1924 assertor.
2326 1866 2459 1920 Nam
2498 1869 2642 1935 quod
2676 1864 2959 1919 evidenter
2994 1861 3312 1929 distinguat,
3348 1874 3415 1912 es

145 1953 371 2021 Θεότητι
398 1952 822 2023 προσκυνεῖσθαι
856 1952 965 2005 δεῖν
995 1953 1161 2007 αὑτὸν
1182 1952 1483 2022 ὁμολογεῖν.
1518 1951 1592 2003 Τὸ
1618 1953 1728 2019 γὰρ

144 2045 316 2115 ἑτέρῳ
346 2046 955 2116 συμπροσκυνούμενον,
992 2045 1177 2115 ἕτερόν
1209 2061 1310 2097 που
1344 2043 1562 2106 πάντως
1611 2043 1729 2095 ἐστὶ

144 2136 271 2205 παρ’
302 2136 480 2187 ἐκεῖνο
514 2135 631 2204 μεθ’
666 2130 725 2189 οὗ
778 2134 1206 2205 προσκυνεῖσθαι
1253 2133 1486 2201 λέγεται.
1533 2133 1728 2201 Ἦμεῖς

142 2226 216 2287 δὲ,
262 2226 363 2295 μιᾷ
412 2227 782 2297 προσκυνήσει
827 2227 992 2295 τιμᾷν
1037 2224 1327 2295 εἰθίσμεθα
1365 2226 1457 2277 τὸν
1515 2224 1728 2295 Ἐμμα-

141 2317 324 2385 νουὴλ,
345 2318 406 2369 ού
440 2316 743 2380 διῖστάντες
777 2316 872 2368 τοῦ
905 2316 1081 2384 Λόγου
1108 2316 1169 2368 τὸ
1198 2316 1395 2369 ἑνωθὲν
1425 2316 1575 2385 αὐτῷ
1605 2315 1727 2369 καθ’

143 2409 441 2461 ὑπόστασιν
470 2409 650 2479 σῶμα.
688 2408 751 2461 Τί
784 2409 828 2461 δ’
864 2409 929 2462 ἂν
956 2410 1145 2469 νοοῖτο,
1179 2408 1236 2459 τὸ
1267 2408 1360 2477 τῆς
1396 2408 1543 2469 θείας
1568 2410 1729 2477 συνή-

141 2518 302 2572 γορον
356 2499 663 2563 αύΟεντίας,
720 2501 1029 2569 βασανίζειν
1080 2500 1263 2565 ἄξιον·
1314 2498 1421 2569 ἆρα
1476 2501 1583 2571 γὰρ
1638 2502 1731 2552 καὶ

141 2592 307 2653 αὐτὸς
340 2594 369 2644 6
399 2590 601 2661 Κύριος
638 2592 795 2663 ήμῶν
836 2592 1041 2663 Ἰησοῦς
1071 2593 1324 2662 Χριστὸς.
1353 2593 1473 2645 καθ’
1500 2593 1593 2644 ἕνα
1622 2592 1731 2644 τῶν

140 2684 316 2752 ἁγίων
393 2684 709 2738 ἀποστόλων
787 2686 881 2737 καὶ
946 2684 1348 2752 εὐαγγελιστῶν
1418 2684 1602 2753 ἕτερον
1654 2683 1732 2753 τῷ

142 2779 336 2847 κόσμῳ
363 2778 653 2848 διεκήρυξε
686 2780 937 2851 Χριστὸν,
971 2779 1137 2847 ἠγουν
1186 2778 1313 2830 Υἱὸν
1360 2778 1454 2830 καὶ
1501 2778 1729 2847 Κύριον,

136 2874 213 2936 ὡς
249 2874 406 2925 θείαν
459 2872 651 2943 ἔχοντα
693 2873 793 2937 τὴν
840 2874 923 2942 ἐφ’
967 2872 1171 2925 ἅπασιν
1208 2870 1518 2937 αὑθεντίαν,
1564 2871 1733 2941 ἤγουν

139 2964 417 3030 ἐξουσίαν,
451 2962 817 3033 συνηγόρευσε
849 2964 906 3015 δὲ
935 2964 1030 3015 καί⁹
1060 2962 1220 3025 αὐτὸς
1249 2964 1314 3032 τῇ
1352 2961 1540 3032 ἑτέρου
1570 2961 1731 3034 δόξω

137 3057 337 3109 Καίτοι
367 3056 477 3109 τῶν
508 3056 789 3126 θεηγόρων
834 3057 861 3106 6
911 3056 1088 3126 χορὸς,
1139 3055 1344 3125 Ἰησοῦν
1376 3055 1611 3125 Χριστὸν
1645 3056 1735 3107 τὸν

136 3151 200 3200 ὲκ
231 3148 552 3220 σπέρματος
572 3148 736 3200 Δαόὶδ
764 3148 905 3201 κατά
934 3148 1115 3217 σάρκα
1135 3147 1212 3217 τῷ
1235 3149 1426 3217 κόσμῳ
1441 3146 1733 3216 διακηρύτ-

133 3258 327 3294 τουσιο
369 3242 586 3311 καὶτῆς
638 3241 873 3303 πίστεως
915 3240 1070 3310 ἡμῶν
1116 3243 1144 3292 6
1180 3241 1378 3309 τρόπος
1412 3240 1500 3293 διὰ
1526 3240 1625 3309 τῆς
1655 3241 1732 3303 εἰς

133 3334 302 3386 αὐτὸν
347 3333 641 3403 ὁμολογίας
674 3333 892 3403 ἔρχεται
914 3349 926 3363 ’
957 3330 1317 3401 δικαιούμεοα
1358 3330 1415 3385 δὲ
1449 3332 1735 3384 πιστεύον-

132 3441 247 3485 τες,
285 3423 392 3492 οὐχ
440 3426 513 3485 ὼς
554 3423 649 3474 ἕνα
687 3423 795 3474 τῶν
832 3422 953 3475 καθ’
999 3424 1145 3491 ἡμᾶς
1188 3422 1474 3490 ἄνθρωπον
1524 3422 1732 3485 ἁπλῶς,

131 3514 252 3565 ἀλλ’
286 3514 374 3576 εἰς
416 3516 507 3565 τὶν
556 3513 714 3580 φύσει
756 3530 816 3565 τε
850 3514 945 3565 καὶ
991 3512 1207 3580 ἀληθῶς
1243 3514 1374 3565 ὄντα
1417 3514 1570 3566 Θεόν.
1626 3516 1738 3567 Καὶ

130 3603 266 3672 γοῦν
303 3603 447 3656 ἄθεα
481 3604 580 3673 μὲν
612 3603 680 3655 τὰ
723 3602 851 3672 ἔθνη
884 3602 1152 3655 διετέλουν
1193 3602 1336 3654 κατά
1378 3602 1469 3655 τὸν
1510 3602 1736 3673 κόσμον,

130 3698 383 3769 Χριστὸν
430 3698 530 3749 οὐκ
580 3696 763 3750 εἰδότα
811 3696 962 3760 ποτὲ,
1020 3694 1163 3749 καθά
1194 3712 1357 3765 φησιν
1398 3697 1426 3748 6
1468 3696 1737 3765 μακάριος

128 3788 358 3851 Παῦλος
386 3804 401 3819 ⁸
439 3788 629 3855 ἐπειδὴ
672 3788 727 3839 δὲ
763 3788 1088 3854 ἐγνώκασιν,
1145 3788 1205 3838 υύ
1253 3787 1625 3854 μεμενήκασιν
1681 3788 1738 3837 ὲν

130 3886 337 3954 ἀγνοίᾳ.
370 3882 467 3938 τοῦ
492 3884 631 3936 κατὰ
659 3882 821 3951 φύσιν
846 3883 997 3945 ὄντος
1020 3881 1176 3934 Θεοῦ.
1205 3880 1416 3933 Οὐκοῦν
1442 3881 1741 3933 διδασκέτω

127 3982 197 4047 τῇ
229 3977 392 4039 τίνος
429 3976 554 4045 δόξῃ
586 3976 680 4027 καὶ
705 3974 964 4044 αὐθεντία
998 3972 1398 4043 συνηγόρευσεν
1427 3974 1454 4025 6
1480 3971 1738 4041 Χριστὸς,

130 4071 318 4123 καίτοι
368 4068 485 4122 τῶν
514 4068 851 4139 προσιόντων
884 4066 1034 4138 αὐτῷ
1082 4066 1182 4137 τὴν
1213 4065 1397 4119 πίστιν
1437 4066 1523 4134 ἐφ’
1558 4064 1739 4135 ἐαυτῷ

129 4163 235 4233 μὲν
276 4160 462 4217 αἰτῶν
484 4177 501 4191 ·
529 4160 804 4222 ἀνατιθεὶς
822 4159 880 4211 δὲ
920 4139 1125 4226 ταύτην
1149 4160 1205 4209 ὲν
1232 4156 1380 4227 αύτῷ
1406 4156 1513 4229 [Ζσ.
1542 4156 1738 4227 ἐαυτῷ]

123 4251 206 4323 τῷ
233 4251 449 4321 Πατρί,
482 4251 591 4303 Καὶ
624 4248 754 4318 γοῦν
788 4248 939 4316 ἔλεγε
970 4264 982 4277 ·
1023 4265 1038 4299 ι
1064 4246 1356 4300 Πιστεύετε
1388 4249 1466 4309 εἰς
1506 4248 1625 4316 ἐμὲ,
1650 4248 1743 4299 καὶ

124 4345 208 4408 εἰς
238 4344 339 4397 τὸν
372 4342 512 4396 Θεὸν
540 4341 879 4394 πιστεύετεσυ
903 4342 995 4393 καί
1026 4340 1209 4393 πάλιν·
1238 4359 1255 4391 ι
1277 4339 1338 4392 '0
1368 4338 1638 4391 πιστεύων
1664 4340 1744 4403 εἰς

124 4437 257 4507 ἐμὲ,
291 4437 358 4489 οὐ
396 4435 647 4487 πιστεύει
677 4436 756 4497 εἰς
790 4435 910 4504 ὲμὲ,
940 4434 1057 4486 ἀλλ’
1088 4434 1167 4497 εἰς
1193 4433 1285 4487 τὸν
1314 4432 1607 4502 πέμψαντά
1638 4448 1705 4501 με
1727 4450 1739 4463 ο

1832 1978 1897 2016 eo
1960 1976 2147 2014 rursus
2181 1959 2525 2027 perspicumn
2586 1956 2696 2018 fiet,
2748 1954 2890 2023 quod
2951 1968 3073 2006 cum
3130 1950 3419 2003 Divinitate

1832 2053 2007 2122 ipsum
2031 2065 2152 2105 esse
2175 2048 2508 2102 adorandum
2535 2048 2824 2100 confitetur
2865 2065 2876 2099 :
2920 2042 3061 2111 quod
3107 2040 3253 2094 enim
3293 2053 3416 2093 cum

1832 2143 2004 2196 altero
2047 2142 2325 2204 adoratur,
2368 2140 2641 2194 diversum
2686 2146 2769 2191 est
2814 2149 3036 2205 prorsus
3079 2132 3145 2186 ab
3186 2146 3251 2186 eo
3294 2147 3416 2186 eum

1832 2248 1938 2301 quo
1982 2232 2198 2287 adorari
2246 2230 2583 2298 perhibetur.
2626 2226 2732 2281 Nos
2778 2241 2907 2281 vero
2953 2240 3055 2279 una
3100 2224 3418 2278 adoratione

1833 2327 2100 2380 honorare
2127 2323 2507 2377 consuevimus
2532 2318 2961 2382 Emmanuelem,
2988 2334 3088 2370 non
3117 2316 3417 2371 dividentes

1833 2436 1859 2470 a
1889 2418 2068 2472 Verbo
2102 2432 2297 2486 corpus
2335 2415 2434 2484 ipsi
2471 2413 2769 2469 secundum
2809 2411 3143 2480 hypostasim
3182 2410 3413 2463 unitum.

1833 2510 1969 2575 Quid
2011 2518 2189 2562 autem
2226 2508 2534 2578 signiﬁcent
2578 2506 2668 2559 illa
2707 2505 2906 2568 verba,
2946 2502 3143 2555 divinas
3181 2510 3418 2555 asserto-

1834 2615 1947 2654 rem
1969 2600 2328 2661 auctoritatis,
2354 2598 2776 2651 examinandum
2798 2602 2900 2648 est.
2927 2593 3062 2647 Num
3088 2595 3229 2647 enim
3252 2592 3415 2646 etiam

1835 2692 1947 2757 ipse
1984 2692 2242 2745 Dominus
2279 2700 2461 2743 noster
2490 2687 2647 2742 Jesus
2678 2686 2929 2741 Christus
2964 2696 3020 2738 ut
3054 2700 3195 2738 unus
3226 2700 3254 2737 e
3289 2699 3417 2736 san-

1834 2784 1937 2837 clis
1970 2782 2227 2851 apostolis
2255 2790 2309 2836 et
2338 2779 2710 2851 evangelistis,
2739 2779 2902 2833 alium
2932 2778 3131 2831 mundo
3161 2776 3415 2846 praedica-

1835 2877 1910 2929 vit
1939 2874 2242 2939 Christum,
2277 2874 2357 2928 vel
2397 2872 2620 2937 Filium,
2657 2872 2737 2926 vel
2778 2870 3085 2935 Dominum,
3122 2877 3179 2921 ut
3216 2868 3421 2921 haben-

1836 2980 1941 3022 tem
1967 2970 2030 3021 ad
2056 2967 2236 3022 omnia
2263 2968 2499 3021 divinam
2526 2965 2904 3019 auctoritatem
2931 2964 3044 3017 sive
3071 2969 3417 3030 potestatem,

1835 3072 1889 3116 et
1919 3061 2032 3129 ipse
2060 3058 2284 3112 alterius
2316 3057 2542 3127 gloriam
2578 3052 2851 3109 asseruit?
2882 3051 3045 3119 Atqui
3079 3051 3277 3103 chorus
3308 3050 3420 3116 ipse

1838 3153 1931 3207 Dei
1966 3150 2377 3221 [medicatorum
2407 3145 2589 3201 Jesum
2619 3144 2898 3200 Christum
2932 3140 3080 3195 illum
3114 3154 3178 3195 ex
3213 3140 3422 3193 semine

1840 3246 2006 3299 David
2035 3242 2329 3298 secundum
2360 3253 2580 3293 carnem
2612 3235 2891 3305 praedicat,
2923 3242 2977 3286 et
3012 3232 3125 3301 ipsa
3164 3228 3286 3283 fidei
3321 3242 3418 3280 uo-

1839 3348 1966 3393 strrc
1998 3336 2136 3390 ratio
2166 3349 2261 3404 per
2290 3331 2691 3386 confessionem
2721 3327 2771 3380 in
2804 3340 2925 3381 eum
2963 3323 3161 3379 factam
3196 3322 3370 3390 pergit
3402 3335 3415 3371 :

1834 3429 2305 3501 justifieamurqne
2330 3438 2396 3479 eo
2426 3422 2544 3490 ipso
2570 3420 2711 3489 quod
2742 3418 3013 3473 credimus
3042 3430 3145 3468 non
3176 3424 3231 3467 ut
3257 3428 3420 3465 unum

1840 3540 1871 3579 c
1910 3522 2065 3576 nobis
2106 3520 2375 3573 hominem
2417 3514 2740 3584 simplicem,
2779 3512 2874 3566 sed
2916 3509 2970 3563 iu
3013 3508 3187 3578 ipsum
3230 3514 3423 3558 natura

1842 3628 2076 3684 vereque
2105 3614 2294 3666 Deum.
2328 3609 2509 3676 Itaque
2541 3607 2660 3661 sine
2693 3608 2799 3659 Deo
2830 3611 3018 3672 gentes
3048 3607 3205 3654 erant
3236 3598 3287 3650 in
3320 3596 3423 3650 hoc

1841 3706 2062 3769 mundo,
2095 3702 2371 3757 Christum
2409 3700 2719 3767 ignorantes
2756 3692 3070 3762 aliquando,
3103 3698 3160 3742 ut
3194 3690 3268 3741 ait
3301 3689 3424 3741 bea-

1844 3810 1929 3851 tus
1962 3795 2160 3849 Paulus
2185 3792 2227 3823 ³⁷
2261 3810 2274 3845 :
2310 3792 2397 3844 ubi
2428 3804 2555 3844 vero
2590 3786 2739 3841 illum
2772 3790 3131 3855 agnoverunt,
3162 3795 3266 3833 non
3301 3792 3424 3847 per-

1795 3932 1801 3937 .
1846 3893 2159 3941 manserunt
2207 3881 2379 3949 ignari
2422 3880 2537 3947 ejus
2578 3878 2668 3946 qui
2715 3878 3007 3931 secundum
3052 3883 3299 3925 naturam
3341 3878 3425 3921 est

1844 3978 2003 4032 Deus.
2040 3975 2202 4044 Igitur
2232 3974 2425 4026 doceat
2462 3970 2613 4038 cujus
2652 3966 2836 4035 gloria:
2879 3974 2934 4019 et
2975 3963 3286 4017 auctoritati
3332 3976 3425 4029 pa-

1847 4069 2145 4124 trocinatus
2174 4068 2243 4119 sit
2269 4064 2520 4118 Christus
2548 4080 2562 4115 :
2591 4060 2800 4115 tametsi
2829 4058 2898 4111 ab
2930 4055 3239 4110 hominibus
3270 4053 3334 4104 ad
3365 4068 3425 4105 se

1844 4157 2224 4211 accedentibus
2252 4154 2407 4209 fidem
2439 4152 2491 4205 in
2524 4151 2763 4219 seipsum
2790 4148 2990 4217 exigat,
3019 4154 3074 4199 et
3100 4158 3219 4197 eam
3251 4144 3424 4210 ipsam

1848 4252 1897 4305 in
1930 4266 1988 4303 se
2022 4249 2119 4317 ipsi
2153 4247 2299 4300 Patri
2331 4246 2621 4304 attribuat,
2656 4242 2835 4308 itaque
2862 4238 3074 4293 dicebat
3104 4250 3119 4290 :
3155 4252 3172 4286 ι
3206 4233 3423 4289 Credite

1848 4341 1899 4394 in
1936 4356 2044 4405 me,
2076 4349 2131 4394 et
2167 4339 2219 4392 in
2258 4339 2425 4392 Deum
2464 4335 2672 4390 credite
2698 4332 2781 4396 ⁴⁸;
2824 4350 2843 4383 ι
2882 4340 2936 4385 et
2973 4330 3166 4383 iterum
3206 4344 3220 4380 :
3263 4343 3281 4377 ι
3321 4324 3425 4391 Qui

1848 4434 2021 4490 credit
2051 4434 2102 4486 in
2137 4448 2241 4495 me,
2276 4446 2381 4483 non
2412 4431 2583 4483 credit
2614 4430 2667 4483 in
2700 4441 2809 4489 uie,
2836 4422 2930 4479 sed
2964 4423 3015 4475 in
3049 4435 3169 4473 eum
3203 4418 3293 4487 qui
3326 4418 3426 4469 mi-

122 4530 223 4582 καὶ
243 4530 274 4580 6
303 4526 542 4596 θεωρῶν
572 4520 701 4595 ἐμὲ,
730 4527 925 4596 θεωρεῖ
950 4528 1041 4579 τὸν
1074 4526 1369 4595 πέμψαντά
1399 4542 1489 4594 με.
1528 4544 1545 4575 ι
1596 4524 1734 4576 Ἀλλ’

1844 4529 1912 4582 sit
1959 4525 2131 4580 me".
2184 4544 2201 4573 ι
2250 4523 2353 4577 Sed
2402 4522 2631 4575 fortasse
2677 4520 2777 4573 hoc
2815 4516 3038 4570 verbum
3086 4511 3423 4581 συνηγορεῖν,

123 4621 261 4682 ἴσως
290 4619 359 4672 τὸ
395 4620 725 4688 συνηγορεῖν
761 4618 903 4670 κατά
940 4618 999 4669 τὸ
1030 4615 1179 4687 αὐτῷ
1204 4614 1417 4678 δοκοῦν,
1466 4616 1603 4686 τάχα
1634 4632 1734 4667 που

1849 4619 1989 4684 qund
2040 4615 2363 4685 putrociuari
2418 4612 2693 4675 diximus,
2742 4606 3048 4663 subindieat
3097 4604 3235 4657 idem
3285 4600 3424 4670 quod

122 4712 529 4783 ύπεμφήνειεν
566 4709 633 4763 ἂν
695 4708 755 4761 τὸ
802 4711 1079 4780 ἰσηγορεῖν
1105 4726 1117 4738 ·
1155 4708 1351 4778 ἐφίημι
1399 4708 1529 4778 γὰρ,
1568 4709 1734 4760 καίτοι

1854 4711 2157 4779 ἰσηγορεῖν,
2196 4708 2297 4761 hoc
2336 4716 2453 4769 est,
2490 4720 2552 4757 ex
2596 4717 2751 4769 aequo
2792 4698 3087 4767 praedicare
3124 4712 3137 4747 :
3179 4692 3427 4761 permitto

120 4805 227 4874 τῆς
261 4802 484 4866 λέξεως
547 4799 741 4871 ἑτέραν
771 4800 998 4871 ἐχούσης
1034 4800 1132 4870 τὴν
1164 4798 1415 4870 δήλωσιν.
1450 4796 1582 4851 Εἶτα
1629 4798 1734 4861 πῶς

1848 4804 2015 4864 enim,
2040 4799 2285 4868 quamvis
2318 4797 2431 4849 haec
2462 4795 2630 4848 dictio
2657 4793 2819 4845 aliam
2853 4790 3047 4844 habeat
3074 4784 3425 4854 significatio-

126 4872 538 4969 ἰσηγορήσειεν
594 4892 659 4945 ἂν
706 4892 990 4964 ἄνθρωπος
1026 4892 1143 4963 Θεῷ
1190 4892 1330 4944 κατὰ
1371 4891 1455 4953 σὲ,
1504 4891 1596 4943 καὶ
1651 4890 1734 4951 τὰς

1852 4910 1991 4945 nem.
2024 4889 2184 4957 Atqui
2219 4887 2488 4953 qumnodo
2520 4900 2585 4937 ex
2617 4897 2771 4950 aequo
2800 4879 2867 4933 de
2897 4892 2954 4932 se
2987 4877 3238 4943 loquatur
3266 4872 3426 4927 homo

122 4965 353 5044 seu?»
424 4985 699 5038 Ἰουδαίων
750 4986 1037 5055 παροινίας
1085 4984 1411 5052 διενεγκὼν;
1451 4984 1587 5053 Φέρε
1636 4982 1734 5052 γὰρ

1851 4985 2077 5053 perinde
2105 4998 2168 5035 ac
2198 4979 2363 5043 Deus,
2392 4987 2449 5032 ut
2478 4986 2534 5031 tu
2565 4983 2744 5044 putas,
2770 4981 2824 5026 et
2852 4971 2941 5039 qui
2970 4985 2997 5023 a
3025 4968 3225 5023 Judzeis
3253 4965 3427 5019 illatas

122 5086 215 5137 τὸν
243 5080 521 5148 ἐκατέρῳ
549 5077 831 5149 πρέποντα
857 5077 1294 5146 καταθρήσωμεν
1321 5076 1499 5143 λόγον.
1539 5076 1734 5144 Πρέποι

1850 5071 2208 5128 contumelias
2241 5067 2492 5138 pertulit?
2522 5066 2633 5134 Age
2665 5062 2848 5125 enim,
2869 5074 3178 5114 sermonem
3212 5057 3427 5124 utrique

120 5179 168 5231 δ’
196 5177 268 5230 ἂν
306 5172 505 5226 εἰπεῖν
544 5168 620 5239 τῷ
668 5187 728 5237 γε
759 5168 871 5221 δντι
908 5168 1026 5237 Θεῷ
1065 5168 1205 5220 κατά
1249 5166 1440 5235 φύσιν*
1480 5166 1611 5236 Εἰμὶ
1644 5166 1734 5235 μὲν

1850 5164 2258 5219 convenientem
2302 5158 2704 5214 consideremus
2748 5175 2760 5210 :
2806 5169 2929 5209 nam
2965 5166 3092 5206 vero
3130 5149 3426 5205 secundum

122 5271 400 5341 ἀόρατος,
448 5261 686 5331 ἀναφὴς,
711 5263 804 5313 καὶ
832 5259 925 5313 τοῦ
962 5260 1155 5314 παθεῖν
1183 5257 1474 5329 ἁνώτερος,
1513 5258 1607 5310 καί⁵
1636 5257 1734 5326 μὴι

1852 5266 2099 5311 naturam
2132 5254 2243 5308 Deo
2273 5251 2524 5308 convenit
2553 5251 2733 5304 dicere
2767 5267 2780 5303 :
2814 5248 2927 5317 Ego
2955 5261 3072 5301 sum
3107 5241 3428 5304 invisibilis,

123 5365 220 5416 καὶ
251 5361 595 5427 ἀσώματος,
624 5355 736 5426 ζωὴ
765 5356 858 5408 καὶ
883 5352 1166 5417 ζωοποιὸς,
1202 5351 1295 5403 καὶ
1319 5351 1504 5403 ἐπάνω
1530 5349 1734 5401 πάντωι

1854 5348 2232 5410 intractabilis,
2270 5344 2640 5415 impassihilis,
2672 5344 3047 5409 incorporeus,
3078 5338 3203 5391 item
3238 5334 3341 5386 vita
3376 5342 3432 5386 et

121 5458 200 5520 ὡς
242 5454 413 5515 Θεός.
475 5450 537 5501 Ὀ
574 5445 629 5501 δὲ
656 5451 753 5516 τὴν
797 5448 930 5501 ἰδίαν
976 5448 1129 5516 ἡμῖν,
1174 5446 1321 5505 ὅπως
1343 5443 1409 5495 ἂν
1437 5443 1547 5511 ἔχοι
1587 5442 1734 5510 φύσιι

1854 5442 2176 5503 vivificator,
2202 5448 2257 5491 et
2285 5452 2445 5505 supra
2475 5434 2656 5489 omnia
2688 5444 2945 5501 tanquam
2974 5430 3115 5483 Deus
3144 5446 3158 5482 :
3188 5428 3275 5481 bie
3302 5438 3431 5477 vere

122 5547 551 5618 ἐξηγούμενος,
589 5540 691 5609 ἔφη
744 5540 807 5592 ἂν
858 5539 1117 5599 εἰκότως·
1185 5534 1410 5605 Ὀρατός
1458 5536 1603 5603 εἰμι,
1656 5530 1734 5583 κα¹

1858 5532 1904 5586 si
1936 5546 2031 5585 sua
2063 5532 2218 5585 nobis
2250 5538 2442 5583 natura
2474 5540 2528 5581 ul
2560 5528 2756 5581 habeat
2784 5534 3043 5593 exponat,
3070 5523 3213 5576 dicet
3244 5521 3429 5587 utique

122 5609 305 5702 ἁπτός
329 5609 359 5668 ⁸-
396 5633 673 5702 παθητὸς,
706 5633 799 5684 καὶ
820 5631 923 5683 ὑπὸ
944 5630 1170 5700 φθορὰν,
1202 5628 1291 5679 καὶ
1330 5624 1433 5677 ὑπὸ
1457 5624 1593 5694 Θεῷ.
1622 5622 1732 5692 *Δρ

1860 5632 1918 5676 ut
1948 5636 2044 5691 par
2070 5632 2152 5675 est
2187 5638 2197 5675 :
2230 5619 2469 5675 Visibilis
2498 5635 2649 5681 sum,
2683 5627 2735 5672 et
2764 5614 3095 5679 tractabilis,
3128 5609 3429 5683 passibilis,

212 5824 251 5856 “
277 5820 499 5891 Ephes.
539 5828 598 5878 ιι,
649 5812 731 5865 12.
810 5812 854 5842 ⁸⁸
890 5812 1042 5866 Joan.
1086 5824 1193 5873 xw,
1235 5808 1280 5859 l.
1360 5806 1402 5838 η
1432 5802 1587 5857 Joan.
1626 5816 1721 5859 xu.
1754 5800 1841 5852 44.
