4072 6346
707 405 775 458 99
1757 402 1812 456 S.
1858 395 2129 456 εγιυιιι
2171 395 2636 452 ΑιεΧΑΝιιιιιΝι
2678 397 2989 455 ΑΒΟΙΙΙΕΡ.
3871 407 3979 462 100

707 527 761 570 ει
797 516 1129 586 corruptioni
1170 517 1476 587 subjectus,
1515 531 1576 572 ac
1611 520 1711 573 sub
1750 519 1857 572 Deo
1894 536 1909 572 :
1947 534 2070 572 uuin
2116 519 2247 586 igitn

2352 566 2354 574 ,
2387 509 2499 579 οῦν,
2535 517 2564 568 ό
2613 515 2681 568 τά
2726 517 2904 569 τοιάδε
2952 516 3147 585 λέγων,
3183 520 3560 590 ισηγορήσειεν
3588 519 3654 572 ἂν
3687 519 3765 590 τῷ
3803 521 3975 590 προῦ-

704 607 794 674 qui
834 606 956 660 talia
995 606 1157 672 dicit,
1195 608 1240 662 is
1273 622 1424 677 teque
1460 609 1524 662 de
1558 623 1616 662 se
1653 609 1963 679 praedicabit
1999 617 2157 678 alque
2191 607 2245 661 ill

2384 620 2531 672 χοντι
2586 606 2680 657 καὶ
2729 606 3132 677 ὑπερκειμένῳ,
3181 609 3324 662 κατά
3379 625 3442 675 γε
3507 610 3632 672 τοὺς
3679 611 3781 680 τῆς
3833 612 3975 674 ιδίας

704 696 811 768 54
851 700 1194 766 pra-stantior
1230 711 1284 753 et
1320 700 1692 768 excellentior,
1738 705 1880 770 quod
1925 702 1989 755 ad
2032 716 2142 755 suae
2183 714 2280 755 na-

704 795 839 838 tura:
879 788 1068 842 attinet
1111 789 1378 845 rationes?
1415 793 1560 860 alqui
1601 792 1872 862 quomodo
1913 807 2018 846 non
2057 791 2110 846 id
2147 792 2281 846 stul-

705 887 813 930 lttm
849 879 916 932 sit
951 878 1170 933 dicere?
1201 896 1324 934 nam
1361 892 1452 935 aut
1486 882 1573 936 ille
1607 897 1849 952 prorsus,
1883 894 1974 938 aut
2009 884 2094 938 hic
2129 899 2280 939 men-

702 969 887 1023 tietur.
909 971 1280 1027 Assertionem
1301 989 1427 1028 vero
1446 989 1567 1029 cum
1588 976 1740 1039 dicis,
1761 975 1875 1030 sive
1895 976 2272 1045 patrocinium,

701 1060 780 1113 sic
815 1076 1046 1130 namque
1083 1063 1241 1118 liceat
1273 1065 1452 1119 dicere
1487 1066 1898 1138 συνηγόρευσιν,
1935 1083 2112 1121 nonne
2144 1067 2276 1122 alte-

701 1165 818 1204 rum
854 1167 1039 1208 rursus
1070 1156 1356 1222 quemdam
1389 1157 1544 1212 alteri
1583 1158 1908 1227 patrocinari
1940 1159 2102 1212 etiam
2137 1157 2276 1211 inri-

701 1251 784 1294 tus
825 1245 936 1312 ipse
977 1246 1282 1311 conﬁteris,
1318 1251 1407 1316 qui
1449 1250 1605 1303 nobis
1641 1249 2041 1319 conjunctionis
2079 1264 2270 1304 nomen

699 1349 1120 1400 commemoras,
1161 1349 1213 1392 et
1260 1355 1424 1393 unum
1472 1340 1742 1396 Christum
1787 1353 1842 1396 et
1886 1341 2171 1395 Dominum
2217 1342 2269 1394 in

698 1426 804 1479 duo
834 1427 1077 1483 dividens
1107 1429 1332 1493 adoras,
1367 1431 1475 1484 imo
1505 1448 1631 1488 vero
1664 1429 1823 1488 simul
1857 1437 2082 1497 adoras,
2115 1445 2169 1487 et
2206 1435 2271 1488 li-

697 1519 884 1572 berare
933 1529 982 1573 te
1035 1531 1191 1588 putas
1243 1523 1537 1578 Ecclesium
1589 1526 1947 1582 deiﬁcationis
1997 1529 2262 1592 crimine,

693 1623 813 1662 cum
852 1610 965 1677 ipse
999 1611 1213 1666 deilices
1249 1613 1542 1676 hominem,
1569 1628 1622 1670 et
1661 1632 1763 1670 non
1803 1634 1965 1672 unum
2005 1618 2154 1672 dicas
2179 1618 2267 1672 Fi-

694 1699 844 1761 lium,
875 1701 1088 1755 etiamsi
1140 1717 1244 1757 non
1275 1714 1425 1759 extra
1458 1709 1729 1775 propriam
1757 1725 1974 1763 carnem
2005 1711 2266 1780 intelliga-

694 1791 814 1844 tur?
841 1791 1106 1848 Adorabis
1137 1798 1279 1848 enim
1312 1807 1435 1850 tunc
1469 1813 1702 1868 quoque,
1735 1803 1828 1855 sed
1860 1802 1976 1857 sine
2003 1802 2259 1868 crimine;

689 1893 742 1936 et
771 1900 1064 1951 cognosces
1099 1887 1185 1940 ubi
1221 1902 1360 1951 eras,
1393 1901 1451 1942 ut
1485 1891 1745 1960 scriptum
1777 1902 1879 1957 est,
1913 1909 2032 1947 cum
2063 1910 2092 1946 a
2123 1894 2263 1947 veri-

691 1976 814 2029 tatis
850 1977 1116 2045 dogmatis
1153 1981 1460 2035 aberrares.
1498 1983 1567 2036 At
1597 1983 1774 2047 enim,
1812 1984 2012 2053 inquit,
2054 1985 2263 2054 leproso

688 2069 820 2121 dixit
852 2087 863 2121 :
899 2089 914 2119 ‹
951 2070 1099 2132 Volo,
1127 2075 1388 2128 mundare
1413 2074 1490 2139 '°;
1527 2094 1545 2126 ι
1573 2084 1625 2129 οι
1658 2076 1778 2130 lilia“:
1807 2079 2216 2148 archisynagogi
2246 2098 2258 2133 :

692 2177 709 2208 ι
738 2156 939 2221 Puella,
968 2162 1218 2227 surge“;
1250 2181 1266 2211 ι
1297 2173 1348 2214 et
1374 2165 1508 2216 mari
1533 2179 1547 2216 :
1576 2184 1591 2214 ι
1621 2164 1780 2232 Έιεε,
1807 2168 2207 2232 obmutesce";
2237 2188 2254 2219 ι

687 2249 738 2302 in
773 2263 836 2302 eo
873 2249 1035 2318 igitur
1096 2251 1324 2305 dicendo
1377 2270 1558 2309 comes
1613 2272 1676 2311 ac
1727 2259 2077 2326 pariloquens
2111 2260 2258 2326 fuit;

685 2356 805 2392 natu
842 2341 1022 2394 divina
1057 2344 1214 2396 verba
1254 2344 1628 2411 eloquebatur,
1665 2340 1760 2416 per
1791 2364 1911 2417 qua:
1946 2350 2103 2406 facile
2135 2366 2258 2405 orn--

685 2431 769 2482 nia
804 2430 1063 2498 perﬁcere
1093 2433 1308 2488 licebat.
1342 2437 1451 2489 Duo
1485 2439 1645 2506 igitur
1672 2449 1828 2492 erant
1859 2441 1949 2511 qui
1983 2443 2258 2512 pra‘cipieo

683 2523 832 2583 bant,
866 2532 917 2574 et
956 2524 1236 2593 utriusque
1271 2541 1389 2581 esse
1425 2532 1782 2584 concedetnus
1809 2532 1971 2586 verba
2007 2535 2257 2589 onmibns

682 2610 746 2662 de
778 2612 936 2664 rebus
966 2612 1194 2679 prolata.
1224 2614 1356 2668 Cum
1389 2631 1519 2686 ergo
1550 2620 1679 2672 dicit
1711 2637 1724 2673 :
1762 2639 1780 2670 ι
1820 2623 1958 2687 Quid
1995 2638 2079 2676 me
2112 2639 2256 2692 qua:-

684 2698 801 2752 ritis
851 2701 1191 2770 interﬁcere,
1247 2706 1518 2761 hominem
1569 2710 1660 2779 qui
1713 2712 1994 2766 veritatem
2047 2715 2255 2770 locutus

680 2807 797 2845 sum
827 2793 978 2846 vobis
1001 2794 1081 2847 ⁵³2
1117 2815 1135 2846 ι
1170 2798 1355 2864 cujus,
1383 2800 1609 2855 obsecro
1644 2815 1723 2866 te,
1758 2805 2061 2874 huiusmodi
2092 2808 2252 2863 verba

678 2899 798 2938 esse
834 2886 1006 2941 ἀί‹-ἱεῖ
1039 2901 1107 2941 an
1144 2890 1232 2942 illa
1271 2893 1483 2958 quidem
1522 2894 1622 2964 ipsi
1655 2897 1832 2953 Verbo
1873 2901 2097 2966 tribues,
2136 2902 2251 2955 hac

677 2990 805 3028 vero
841 2985 1091 3046 tauquam
1126 2980 1328 3035 homini
1366 2998 1394 3035 a
1416 2983 1593 3039 Verbo
1625 2989 1858 3055 diverso,
1892 2992 1992 3059 ipsi
2029 3006 2092 3045 ex
2132 3009 2252 3046 niu-

676 3068 806 3121 liere
848 3069 1061 3136 genito?
1106 3071 1209 3126 Sed
1252 3088 1358 3141 quo
1400 3074 1518 3131 loco
1559 3091 1726 3145 pones
1766 3081 1980 3135 beatum
2023 3080 2246 3136 Paulum

2382 693 2597 760 φύσεως
2627 695 2844 763 λόγους;
2877 693 3010 749 Εῐτα
3045 697 3159 760 πῶς
3190 698 3348 752 τοῦτο
3375 699 3475 752 οὐκ
3504 700 3713 770 ἀμαθὲς
3745 703 3928 755 εἰπεῖν
3957 721 3972 769 ;

2379 786 2730 854 διαψεύσεται
2772 787 2881 858 γὰρ
2935 790 3238 861 πάντως,ἢ
3288 793 3515 856 ἐκεῖνος,
3541 793 3591 863 [ἢ
3629 789 3972 857 obtegit»;-

2380 879 2607 949 ηγορίαν
2626 879 2681 932 δὲ
2709 878 2902 948 λέγων,
2932 881 3099 950 ἤγουν
3130 882 3543 952 συνηγόρευσιν,
3575 885 3674 952 οὑχ
3700 885 3895 954 ἕτερόν
3915 902 3969 937 τι

2379 969 2541 1021 πάλιν
2571 970 2746 1041 ἑτέρῳ
2779 973 3089 1042 συνηγορεῖ,
3121 971 3216 1024 καὶ
3262 973 3362 1042 οὐχ
3411 974 3553 1026 ἑκὼν
3593 974 3905 1043 ὁμολογεῖς,
3939 976 3967 1026 6

2380 1058 2675 1126 συνάφειαν
2702 1061 2831 1129 ἡμῖν
2858 1057 3158 1129 ὀνομάζων,
3187 1059 3281 1112 καὶ
3308 1060 3405 1113 ἕνα
3431 1059 3667 1130 Χριστὸν
3705 1061 3799 1112 καὶ
3847 1061 3966 1113 Κύ-

2378 1165 2525 1221 ριον⁹
2571 1151 2665 1204 καὶ
2717 1151 2930 1221 τέμνων
2981 1153 3062 1214 εἰς
3113 1152 3208 1204 δύο
3256 1154 3612 1223 προσκυνεῖς’
3656 1152 3858 1220 μᾶλλον
3906 1153 3965 1205 δέ

2376 1245 2844 1313 συμπροσκυνεῖς·
2894 1244 2988 1296 καὶ
3031 1244 3395 1298 ἀπαλλάττειν
3426 1245 3528 1297 οἴει
3571 1243 3668 1314 τὴν
3722 1243 3963 1314 Ἐκκληο

2378 1334 2494 1387 σίαν
2547 1333 2640 1385 τοῦ
2675 1333 2772 1403 τῆς
2802 1333 3076 1397 θεοποιῖας
3114 1334 3476 1406 ἐγκλήματος,
3507 1333 3769 1388 θεοποιῶν
3795 1333 3963 1396 αὐτὸς

2372 1424 2674 1496 ἄνθρωπον,
2708 1427 2801 1479 καὶ
2828 1427 2925 1495 οὐχ
2955 1427 3048 1479 ἕνα
3093 1427 3269 1495 λέγων
3304 1427 3451 1491 Υίὸν,
3485 1426 3589 1479 κᾶν
3633 1427 3682 1478 εἰ
3716 1424 3793 1496 μὴ
3832 1425 3960 1496 δίχα

2371 1520 2539 1569 νοοῖτο
2563 1518 2662 1586 τῆς
2695 1519 2828 1581 ἰδίας
2855 1520 3092 1588 σαρκός;
3139 1522 3546 1592 Προσκυνήσεις
3569 1520 3677 1593 γὰρ
3707 1522 3826 1574 τότε
3860 1523 3962 1574 καὶ

2371 1608 2756 1679 ἀνεγκλήτως·
2815 1610 2910 1663 καὶ
2950 1612 3134 1682 γνώσῃ
3187 1612 3290 1665 ποῦ
3344 1607 3510 1682 ἦσθα,
3560 1613 3701 1666 κατά
3742 1613 3805 1665 τὸ
3859 1629 3958 1679 γε·

2369 1700 2706 1771 γραμμένον,
2741 1701 2847 1753 τῶν
2877 1701 2976 1769 τῆς
3012 1701 3272 1772 ἀληθείας
3300 1702 3612 1772 άποφοιτῶν
3639 1704 3956 1772 δογμάτων.

2383 1793 2540 1845 Ἀλλά
2569 1793 2679 1857 ναὶ,
2714 1793 2901 1863 φησιν,
2937 1795 3126 1863 εἴρηκε
3150 1793 3228 1863 τῷ
3256 1793 3461 1864 λεπρῷ,
3505 1815 3522 1846 ι
3560 1795 3729 1860 Θέλω,
3777 1795 3958 1848 καθα-

2295 1859 2340 1915 B
2369 1885 2603 1955 ρίσθητι·
2649 1905 2666 1936 ι
2708 1859 2801 1938 καλ⁵
2829 1889 2893 1956 τῇ
2923 1859 3016 1940 τοῦ
3048 1859 3506 1956 ⁷ἀρχισυναγώγου
3533 1888 3779 1957 θυγατρὶ,
3816 1907 3834 1937 ι
3892 1889 3958 1941 Ἦ

2364 1977 2511 2037 παῖς,
2565 1975 2807 2046 ἔγειραν
2846 1996 2863 2026 ι
2914 1982 3006 2031 καὶ
3049 1981 3114 2048 τῇ
3163 1978 3426 2048 θαλάσσῃ,
3461 1999 3479 2029 ι
3512 1979 3731 2040 Σιώπα,
3782 1981 3958 2049 πεφιλ·

2365 2085 2535 2136 μωσο.
2607 2088 2625 2118 ›
2681 2071 2987 2139 Συνήγορος
3035 2070 3091 2123 δὲ
3137 2070 3278 2123 κατά
3308 2070 3503 2123 τοῦτο·
3541 2072 3665 2133 τοὺς
3708 2071 3814 2140 γάρ
3869 2089 3958 2124 τοι

2362 2157 2537 2221 θείους
2572 2159 2869 2228 ἐφθέγγετο
2898 2161 3109 2228 λόγους,
3142 2162 3208 2214 δι’
3237 2154 3311 2214 ὧν
3355 2157 3423 2234 ἦν
3467 2163 3643 2216 πάντα
3684 2161 3955 2214 δύνασθαι

2361 2250 2659 2319 κατορθοῦν
2705 2252 2966 2315 εὐκόλως.
3000 2253 3103 2305 Δύο
3151 2254 3215 2324 δὴ
3261 2249 3353 2306 οῦν
3397 2256 3445 2307 oi
3492 2256 3953 2322 προστάττοντες,

2359 2342 2452 2395 καὶ
2497 2344 2826 2415 ἀμφοτέρων
2879 2341 3016 2398 εἶναι
3062 2345 3306 2415 δώσομεν
3349 2348 3472 2410 τοὺς
3524 2347 3610 2415 ἐφ’
3643 2348 3809 2400 ἅπασι
3864 2349 3954 2401 λό-

2358 2450 2507 2501 γους.
2539 2436 2708 2489 Ὅταν
2750 2433 2843 2488 οὖν
2885 2437 3036 2508 λέγῃ,
3083 2457 3099 2488 ι
3137 2437 3200 2491 Τί
3231 2454 3298 2508 με
3338 2439 3549 2508 ζητεῖτε
3599 2439 3951 2508 ἀποκτεῖναι,

2357 2526 2665 2597 ἄνθρωπον,
2694 2528 2751 2592 ὃς
2778 2529 2876 2600 τὴν
2903 2530 3159 2599 ἀλήθειαν
3190 2531 3318 2600 ὑμῖν
3365 2531 3674 2602 λελάληκας
3716 2551 3733 2585 ο
3771 2533 3948 2598 τίνος,

2357 2620 2477 2672 είπέ
2506 2639 2614 2690 μοι,
2640 2623 2766 2685 τοὺς
2815 2624 3060 2677 τοιούσδε
3083 2623 3273 2691 λόγους
3299 2619 3438 2678 εἶναι
3468 2628 3608 2695 φής;
3635 2627 3665 2696 ἢ
3698 2627 3950 2692 ἐκείνους

2359 2708 2459 2778 μὲν
2495 2711 2787 2781 ἀπονέμεις
2813 2712 2890 2782 τῷ
2930 2713 3107 2782 Λόγῳ,
3138 2713 3361 2776 τούτους
3386 2730 3448 2782 γε
3494 2715 3600 2784 μὴν
3626 2714 3705 2774 ὡς
3727 2713 3947 2783 ἀνθρὼ-

2358 2817 2443 2870 πῳ
2487 2801 2615 2871 παρ’
2646 2803 2806 2855 αὑτὸν
2847 2803 3018 2874 ἑτέρῳ
3055 2805 3133 2874 τῷ
3185 2806 3249 2856 ἐκ
3292 2806 3586 2872 γυναικός;
3632 2800 3764 2857 Εἶτα
3809 2806 3945 2857 ὅποι

2357 2895 2486 2948 ποτέ
2517 2894 2701 2965 θήσεις
2742 2896 2832 2948 τὸν
2867 2895 3157 2966 ἱερώτατον
3192 2897 3424 2959 Παῦλον,
3458 2897 3681 2963 λέγοντα
3709 2896 3903 2964 σαφῶς
3929 2913 3942 2925 '

2361 3006 2378 3036 ι
2431 2989 2589 3057 Ἡμῖν
2618 2988 2674 3040 δὲ
2700 2983 2779 3051 εἷς
2807 2988 2939 3052 Θεὸς
2965 2992 2991 3042 ό
3022 2990 3228 3060 Πατὴρ.
3273 2989 3332 3053 ἐξ
3383 2985 3443 3043 οῦ
3489 2989 3555 3042 τὰ
3597 2989 3794 3051 πάντα,
3841 2990 3946 3041 καὶ

2353 3078 2514 3145 ἡμεῖς
2545 3080 2624 3140 εἰς
2651 3079 2812 3132 αὐτόν
2837 3096 2850 3109 ’
2875 3081 2967 3133 καὶ
2999 3075 3079 3143 εἷς
3108 3081 3312 3150 Κύριος
3352 3081 3558 3150 Ἰησοῦς
3582 3081 3833 3151 Χριστὸς,
3871 3082 3944 3134 δι’

678 3169 862 3226 aperte
901 3161 1167 3216 dicentem
1205 3180 1220 3217 :
1258 3184 1278 3216 ι
1315 3165 1477 3222 Nobis
1507 3178 1686 3224 autem
1720 3187 1856 3227 unus
1889 3175 2028 3228 Deus
2062 3174 2242 3243 Pater,

2353 3161 2413 3220 οὗ
2447 3166 2515 3220 τὰ
2545 3169 2743 3231 πάντα,
2773 3170 2864 3221 καὶ
2903 3171 3063 3240 ἡμεῖς
3096 3171 3162 3223 δι’
3215 3169 3422 3236 aurei-5;
3459 3190 3477 3222 ›
3518 3172 3575 3224 '0
3619 3172 3675 3224 δὲ
3718 3171 3832 3224 ἄνω
3878 3188 3943 3224 τε

673 3267 738 3304 ex
777 3268 882 3322 quo
915 3256 1126 3319 omnia,
1165 3266 1219 3310 et
1256 3273 1352 3311 nos
1388 3261 1440 3311 in
1479 3263 1683 3330 ipsum,
1719 3272 1768 3316 et
1811 3280 1950 3319 unus
1987 3265 2246 3321 Dominus

669 3342 826 3397 Jesus
868 3342 1153 3408 Christus,
1198 3363 1293 3416 per
1328 3363 1487 3418 quem
1529 3354 1751 3420 omnia;
1795 3365 1850 3410 et
1897 3371 1992 3410 nos
2035 3372 2130 3426 per
2168 3359 2247 3428 ip-

669 3449 787 3487 sum
809 3434 893 3487 ³⁸2
925 3453 942 3486 ι
975 3434 1076 3490 Iste
1101 3453 1229 3491 vero
1256 3454 1467 3494 sursum
1498 3442 1752 3496 deorsum
1783 3445 2059 3509 dictitans,
2095 3446 2243 3502 Unus

669 3525 861 3588 Filius,
890 3537 943 3580 et
973 3543 1079 3580 non
1114 3529 1252 3584 alius
1280 3542 1334 3585 et
1363 3531 1519 3597 alius,
1551 3551 1724 3604 neque
1756 3537 1883 3590 item
1915 3536 2162 3594 Christus
2191 3548 2244 3592 et

665 3617 802 3671 alius
827 3617 1098 3682 Christus,
1129 3635 1250 3674 cum
1283 3622 1397 3676 suis
1429 3635 1628 3695 pugnat
1655 3628 1854 3689 verbis,
1882 3619 2094 3682 duabus
2120 3642 2239 3698 per-

664 3709 815 3762 sonis
850 3719 904 3762 et
947 3710 1324 3780 hypostasibus
1365 3716 1596 3784 propriis
1633 3723 1746 3771 tum
1789 3718 1881 3773 Dei
1922 3721 2241 3788 praedicato-

668 3813 783 3851 rum
809 3814 989 3862 voces,
1019 3811 1128 3854 tum
1157 3817 1282 3858 suas
1313 3806 1482 3874 ipsius
1511 3809 1775 3864 tribuens.
1804 3810 1909 3864 Sed
1939 3811 2083 3864 enim
2113 3827 2241 3866 sua-

662 3903 782 3942 rum
820 3891 958 3943 haud
992 3894 1270 3962 negligens
1302 3898 1691 3951 sententiarum
1727 3899 1887 3953 infert
1919 3914 2106 3954 rursus
2135 3919 2146 3954 :

736 3980 994 4052 [Νεετοιι.
1042 3983 1281 4040 Veneror
1313 3987 1484 4056 ipsum
1514 3978 1581 4043 ut
1613 3992 2001 4060 omnipotentis
2035 3993 2234 4046 divini-

662 4074 786 4126 tatis
818 4075 1104 4144 imaginem
1139 4091 1152 4128 :
1189 4093 1309 4130 nam
1347 4097 1364 4129 ι
1405 4081 1824 4149 superexaltavit
1873 4099 2019 4147 cum,
2052 4095 2106 4138 et
2137 4087 2234 4139 do-

661 4163 808 4214 navit
837 4164 911 4216 illi
945 4181 1137 4219 uouicu
1172 4171 1311 4234 quod
1342 4181 1424 4225 est
1455 4186 1617 4238 super
1644 4189 1803 4225 omne
1836 4188 2052 4236 nomen,
2089 4185 2146 4227 ut
2177 4176 2229 4228 in

659 4255 875 4308 nomine
896 4254 1020 4309 Jesu
1047 4257 1246 4311 Christi
1273 4274 1432 4313 omne
1455 4276 1594 4330 genu
1636 4260 1886 4315 ﬂectatur
1906 4263 2226 4327 caelestium,

661 4347 998 4401 terrestrium
1060 4359 1112 4401 et
1143 4349 1474 4405 inferuerunt
1506 4370 1519 4406 :
1553 4363 1605 4406 et
1637 4356 1813 4407 omnis
1844 4354 2023 4420 lingua
2058 4354 2228 4409 conli-

659 4447 859 4497 teatur,
886 4439 1010 4506 quia
1047 4437 1305 4495 Dominus
1333 4440 1489 4496 Jesus
1517 4444 1765 4499 Christus
1788 4447 1854 4498 ".
1897 4444 1944 4515 ι]

1291 4572 1443 4630 CAP.
1490 4575 1577 4632 XI.

723 4707 780 4762 Et
815 4708 1062 4776 quisnam
1093 4708 1420 4778 intelligetur
1447 4710 1574 4764 item
1607 4711 1672 4770 is.
1702 4723 1951 4780 quem,ut
1983 4714 2092 4782 ipse
2127 4730 2222 4782 pu-

651 4809 760 4861 tat,
798 4812 856 4851 se
894 4799 1138 4851 venerari
1179 4797 1396 4862 faletur,
1436 4811 1490 4853 et
1524 4815 1682 4868 quem
1729 4813 1945 4870 propter
1982 4802 2218 4855 divinam

649 4873 1056 4943 similitudinem
1081 4888 1300 4942 simulat
1325 4905 1383 4944 se
1410 4891 1699 4958 honorare,
1728 4895 1827 4946 uisi
1857 4894 1943 4947 ille
1972 4909 2214 4962 prorsus,

647 4998 804 5049 quem
837 4981 1035 5033 duduut
1069 4982 1223 5034 nobis
1250 4981 1552 5050 appellabat
1577 4982 1853 5052 (quidnam
1887 4986 2091 5039 diceret
2120 5000 2214 5038 ne-

645 5075 779 5140 scio)
809 5073 1001 5127 divina:
1029 5083 1355 5128 assertorem
1382 5076 1494 5129 sive
1520 5076 1821 5143 adjutorem
1851 5079 2210 5142 auctoritatis,

643 5178 799 5230 quem
840 5163 998 5216 simul
1042 5177 1164 5217 cum
1198 5162 1302 5233 55
1339 5165 1628 5220 Diviuitate
1670 5169 2000 5223 adorandum
2044 5168 2210 5224 stulte

643 5257 950 5320 asserebat,
993 5264 1242 5324 tanquam
1283 5259 1373 5323 qui
1415 5257 1660 5312 diversus
1697 5272 1842 5314 esset
1881 5278 1944 5315 ac
1981 5263 2206 5316 seorsim

644 5345 782 5399 lilius
813 5357 1006 5414 praeter
1033 5347 1206 5414 ipsum
1237 5345 1330 5400 Dei
1363 5346 1630 5402 Verbum?
1657 5350 1834 5418 Ipsum
1867 5353 2029 5404 etiam
2061 5353 2209 5407 exal-

644 5447 806 5488 tatum
842 5438 970 5489 dicit
999 5455 1026 5489 a
1065 5439 1169 5492 Deo
1201 5451 1253 5494 et
1287 5440 1473 5504 Patre,
1505 5457 1566 5494 ac
1599 5453 1855 5510 przeterea
1890 5459 2083 5497 nomen
2115 5460 2207 5498 ac-

641 5529 845 5594 cepisse
873 5543 1030 5594 super
1054 5544 1212 5583 omne
1241 5547 1431 5584 nomen
1485 5543 1540 5584 ut
1567 5533 1727 5584 etiam
1759 5533 1855 5598 ipsi
1881 5547 2040 5587 oume
2064 5548 2202 5603 genu

708 5729 753 5757 '°
785 5728 969 5781 Matth.
1009 5748 1096 5784 \lll
1176 5733 1227 5783 5.

637 5815 694 5864 ιι,
720 5800 866 5852 9-H.

1328 5733 1368 5762 ⁸¹
1406 5733 1570 5790 Marc.
1604 5749 1651 5798 ν,
1689 5735 1777 5788 41,

1879 5738 1924 5768 ⁵¹
1956 5735 2119 5791 Marc.
2163 5755 2234 5802 Iv,
2261 5738 2348 5792 59.

2352 3259 2444 3309 καὶ
2467 3257 2619 3320 κάτω
2643 3257 2838 3327 λέγων,
2881 3256 2976 3323 Εἷς
3003 3261 3127 3324 Υἱὸς
3147 3302 3160 3326 ,
3187 3261 3282 3315 καὶ
3315 3263 3414 3314 οὐκ
3437 3261 3592 3326 ἄλλος
3635 3263 3725 3314 καὶ
3752 3263 3941 3328 ἄλλος,

2349 3347 2469 3401 οὔτε
2504 3349 2610 3418 μὴν
2637 3350 2890 3417 Χριστὸς,
2923 3353 3017 3403 καὶ
3041 3353 3291 3424 δεύτερος
3317 3353 3570 3423 Χριστὸς,
3595 3356 3706 3416 τοῖς
3731 3355 3939 3408 ἑαυτοῦ

2346 3439 2688 3509 διαμαχεῖται
2719 3441 2920 3507 λόγοις,
2955 3443 3074 3496 δυσὶ
3107 3443 3416 3515 προσώποις
3441 3446 3535 3500 καὶ
3567 3446 3940 3499 ὑποστάσεσιν

2349 3532 2540 3594 ίδικαῖς
2569 3531 2667 3594 τάς
2698 3550 2754 3585 τε
2784 3533 2890 3585 τῶν
2923 3535 3200 3607 θεηγόρων
3258 3537 3353 3590 καὶ
3399 3537 3497 3600 τὰς
3539 3536 3701 3590 αὑτοῦ
3749 3537 3940 3590 διανέ-

2348 3641 2465 3690 μων
2501 3625 2700 3692 φωνάς.
2747 3625 2907 3678 Ἀλλά
2936 3628 3044 3696 γὰρ
3081 3628 3189 3683 τῶν
3223 3630 3369 3684 ἰδίων
3408 3631 3506 3683 οὐκ
3536 3629 3818 3699 ἀμελήσας
3842 3631 3934 3682 ἐνο

2343 3715 2522 3782 νοιῶν,
2560 3717 2810 3788 ἐπιφέρει
2836 3719 3017 3772 πάλιν·

2413 3975 2588 4047 [Σέὸω
2617 3978 2798 4042 αὑτὸν,
2819 3978 2893 4041 ὡς
2921 3979 3017 4049 τῆς
3041 3982 3481 4052 παντοκράτορος
3514 3983 3695 4035 εἰκόνα
3730 3982 3926 4053 θεότη-

2337 4065 2459 4130 τος·
2495 4087 2511 4119 ι
2545 4069 2871 4141 ύπερύψωσε
2926 4073 3034 4142 γὰρ
3074 4073 3257 4137 αὐτὸν,
3310 4073 3404 4125 καὶ
3446 4073 3734 4144 ἐχαρίσατο
3767 4075 3928 4144 αὑτῷ

2334 4160 2505 4229 ὄνομα
2532 4161 2591 4214 τὸ
2618 4162 2756 4231 ὑπὲρ
2786 4163 2892 4215 πᾶν
2926 4163 3096 4233 ὄνομα
3115 4177 3129 4194 ο
3161 4165 3246 4216 ἵνα
3276 4167 3334 4218 ἐν
3373 4164 3450 4234 τῷ
3477 4165 3696 4235 ὀνόματι
3739 4164 3923 4235 Ἰησοῦ

2333 4252 2568 4324 Χριστοῦ
2603 4255 2711 4307 πᾶν
2738 4255 2864 4322 γόνυ
2887 4255 3100 4326 κάμψῃ,
3125 4257 3484 4325 ἐπουρανίων,
3516 4259 3609 4308 καὶ
3634 4258 3920 4325 ἐπιγείων,

2333 4345 2424 4397 καὶ
2454 4347 2845 4415 καταχθονίων
2871 4348 2966 4398 καὶ
2989 4349 3139 4400 πᾶσα
3167 4346 3389 4415 γλῶσσα
3421 4348 3918 4417 ἐξομολογήσηται,

2333 4434 2414 4487 ὅτι
2448 4436 2648 4498 Κύριος
2691 4435 2895 4499 Ἰτκσοῦς
2926 4437 3179 4502 Χριστός.
3219 4436 3265 4509 ι]

2925 4572 3176 4625 ΚΕΦΑΛ.
3221 4573 3320 4626 [A'.

2402 4705 2513 4757 Καὶ
2543 4706 2624 4768 τίς
2668 4706 2733 4758 ἂν
2763 4708 2933 4758 νοοῖτο
2969 4723 3148 4769 πάλιν,
3181 4723 3261 4770 ον,
3293 4706 3389 4769 ὦς,
3421 4722 3483 4773 γε
3510 4707 3699 4766 οἴεται.
3728 4708 3913 4762 σέϐειν

2329 4797 2602 4865 ὁμολογεῖ,
2633 4798 2726 4850 καὶ
2769 4801 2833 4868 τῇ
2869 4798 3001 4869 πρὸς
3028 4798 3159 4851 Θεὸν
3188 4797 3442 4867 ὁμοιώσει
3469 4800 3633 4869 τιμᾷν
3676 4799 3914 4870 ὑποκρί-

2330 4904 2478 4939 νεται
2501 4927 2515 4950 ,
2548 4887 2580 4956 ἢ
2612 4887 2815 4949 ἐκεῖνός
2859 4905 2960 4940 που
3000 4889 3238 4952 πάντως,
3282 4888 3340 4940 ὃν
3384 4889 3584 4959 ἀρτίως
3613 4892 3743 4960 ἡμῖν
3773 4891 3914 4944 ὠνό-

2332 4975 2521 5044 μαζεν,
2552 4978 2651 5030 οὐκ
2688 4974 2783 5030 οἷδ’
2817 4977 2898 5031 ὅτι
2928 4977 3122 5047 λέγων,
3146 4982 3245 5050 τῆς
3276 4978 3423 5042 Θείας
3454 4980 3752 5050 συνήγορον
3785 4983 3908 5052 ἤτοι

2326 5071 2584 5141 συνεργὸν
2640 5069 2962 5134 αὑθεντίας’
3008 5071 3067 5125 ὃν
3111 5075 3176 5143 τῇ
3205 5072 3432 5140 Θεότητι
3462 5078 3906 5142 συμπροσκυνεῖο

2324 5162 2444 5216 σθαι
2471 5164 2580 5215 δεῖν
2608 5162 2845 5234 ἀνοήτως
2892 5165 3149 5232 ἔφασκεν,
3184 5165 3261 5228 ώς
3286 5164 3469 5235 ἕτερον
3508 5164 3637 5218 ὄντα
3674 5166 3765 5218 καὶ
3807 5167 3906 5221 ιδι-

2319 5253 2428 5316 κώς
2462 5253 2573 5306 υἱὸν
2605 5253 2755 5324 παρά
2786 5254 2876 5307 τὸν
2906 5255 2998 5307 τοῦ
3023 5253 3156 5307 Θεοῦ
3178 5256 3349 5323 Λόγον
3374 5273 3388 5321 ;
3418 5254 3589 5307 Αὑτὸν
3623 5254 3715 5307 καὶ
3749 5255 3904 5324 ὑψῶ-

2318 5347 2439 5398 σθαι
2469 5345 2614 5413 λέγει
2646 5347 2794 5416 παρά
2819 5347 2910 5400 τοῦ
2939 5348 3074 5400 Θεοῦ
3127 5348 3217 5399 καὶ
3253 5347 3462 5417 Πατρός
3483 5364 3496 5377 °
3539 5348 3630 5400 καὶ
3668 5349 3774 5420 μὴν
3805 5351 3904 5401 καὶ

2313 5438 2374 5492 τὸ
2423 5437 2591 5506 ὄνομα
2638 5436 2819 5491 λαϐεῖν
2851 5440 2910 5492 τὸ
2961 5440 3098 5509 ὑπὲρ
3146 5440 3251 5492 πᾶν
3292 5440 3498 5507 ὄνομα·
3540 5441 3622 5493 ἵνα
3662 5441 3753 5492 καὶ
3786 5445 3898 5494 πᾶν

2313 5530 2460 5603 αὺτῷ
2505 5531 2634 5598 γόνυ
2681 5530 2894 5604 κάμψῃ,
2930 5531 3284 5602 ἐπουρανίων,
3325 5533 3419 5584 καὶ
3470 5532 3742 5600 ἐπιγείων,
3799 5533 3896 5587 καὶ

2464 5737 2510 5766 ⁸³
2540 5735 2694 5790 Joan.
2724 5750 2837 5799 vui,
2867 5734 2954 5787 40.
3032 5737 3076 5766 ⁸⁵
3110 5734 3125 5786 l
3156 5735 3279 5792 Cor.
3313 5752 3424 5802 rm,
3455 5737 3504 5790 6.
3581 5739 3624 5769 ⁸⁵
3654 5737 3892 5809 Philipp.
