4072 6346
174 397 252 452 l0l
1291 396 1659 454 ADVERSUS
1699 399 2116 457 NESTORIUM
2157 402 2289 460 LIB.
2332 402 2395 461 ll.

3327 404 3427 460 l02

165 513 562 584 καταχθονίων·
618 514 711 565 καὶ
769 514 918 565 πᾶσα
988 511 1203 579 γλῶσσα
1262 514 1738 583 ἐξομολογήσηται,

1851 519 2103 572 ﬂectatur
2157 521 2481 583 caelestium,
2522 519 2853 573 terrestrium
2889 526 2941 574 ct.
2978 519 3333 585 infe-morum,
3371 529 3425 574 et

163 610 238 661 ὅτι
286 606 485 674 Κύριος
542 604 745 673 Ἰησοῦς
794 606 1043 674 Χριστός.
1085 605 1145 655 Εί
1181 604 1277 673 μὲν
1324 602 1414 657 οὖν
1446 606 1576 657 Θεὸν
1614 608 1741 659 ὄντα

164 697 295 752 κατὰ
329 696 509 764 φύσιν,
542 701 633 747 καὶ
657 697 759 766 πρὸ
789 697 889 765 τῆς
920 694 1104 748 ἐνθάδε
1130 696 1427 765 λεγομένης
1458 696 1739 766 ὑψώσεως,

164 789 290 858 ὑψοῦ
326 788 569 841 τέθεικεν
617 791 644 841 ὁ
680 790 901 859 Πατήρ⁹
940 789 1031 840 τὸν
1078 789 1177 857 τῆς
1226 789 1425 857 μεταξὺ
1475 788 1743 842 ταπεινὼο

164 900 294 945 σεως
348 880 929 952 πολυπραγμονοῦντες
976 880 1206 949 τρόπον,
1258 880 1567 949 οἰκονομίαν
1620 880 1743 933 τινὰ

163 975 324 1044 σοφὴν
366 975 690 1044 εὑρήσομεν,
733 971 852 1024 καθ’
879 975 945 1041 ἦν
988 973 1256 1043 ἀδοξήσας
1299 973 1386 1026 διὰ
1432 976 1618 1043 μέσου,
1650 976 1742 1042 γέ-

160 1083 277 1133 γονε
308 1066 473 1120 πάλιν
502 1068 560 1117 ἐν
599 1059 678 1127 οἷς
706 1061 773 1134 ἦν
814 1066 899 1117 ἀεὶ
934 1068 1026 1117 καὶ
1054 1065 1327 1129 ούσιωὸὦς
1358 1068 1739 1138 ἐνυπάρχουσι,

158 1158 245 1210 καὶ
269 1159 327 1211 ἐν
354 1157 502 1221 ἰδίοις
532 1155 745 1224 άληθῶς
771 1154 1083 1225 ὑψώμασιν.
1116 1157 1173 1208 El
1201 1157 1260 1209 δέ
1294 1156 1449 1209 τοῦτο
1484 1158 1580 1226 μὲν
1602 1158 1740 1227 οὐχὶ,

158 1248 402 1318 καθάπερ
429 1244 521 1301 οὖν
542 1247 711 1300 οἴεται
743 1247 835 1300 καί
875 1264 1041 1317 φήσιν
1064 1265 1076 1277 ·
1112 1246 1301 1318 ἕτερον
1342 1247 1401 1300 δέ
1440 1264 1561 1299 τινα
1592 1246 1742 1317 παρά

156 1343 241 1394 τὸν
262 1341 357 1394 τοῦ
386 1340 521 1394 Θεοῦ
555 1340 728 1407 Λόγον
757 1339 851 1391 τὸν
883 1336 1031 1409 αὑτῷ
1058 1339 1398 1408 συνημμένον
1436 1338 1741 1409 ἄνθρωπον,

158 1435 527 1506 προσκυνητὸν
586 1432 841 1503 ἐποίησεν
874 1428 1090 1502 οὐρανῷ
1131 1448 1189 1483 τε
1237 1433 1329 1483 καὶ
1360 1433 1451 1501 γῇ.
1500 1433 1595 1484 καὶ
1634 1434 1743 1494 τοῖς

154 1528 228 1579 ἔτι
257 1526 552 1597 κατωτέρω
572 1542 585 1555 ο
618 1523 1004 1594 τεθεοποίηκεν
1035 1522 1144 1591 ἄρα
1188 1522 1307 1575 καθ’
1342 1525 1489 1594 ἡμᾶς
1531 1523 1740 1591 ἄνθρω-

155 1638 269 1684 πον,
312 1621 618 1673 αἰτιάσεται
658 1619 713 1671 δὲ
757 1619 924 1687 ἡμᾶς,
953 1615 1052 1668 ούκ
1095 1615 1173 1667 ἔτι
1201 1619 1261 1668 ἐν
1296 1616 1372 1685 τῷ
1418 1616 1608 1685 κόσμῳ
1635 1615 1742 1667 λοι-

154 1714 267 1776 πὺν,
302 1710 373 1773 ὼς
418 1710 682 1763 θεοποιεῖν
708 1708 989 1771 ἐθέλοντας
1014 1707 1104 1760 τὸν
1144 1708 1243 1761 οὑκ
1269 1707 1395 1759 ὅντα
1435 1707 1588 1772 Θεὸν,
1618 1708 1739 1759 καί-

152 1821 228 1855 τοι
269 1803 386 1855 δέον
427 1801 688 1855 ἀνάπτειν
728 1800 877 1867 αύτῷ
903 1797 982 1867 τῷ
1010 1798 1128 1868 Θεῷ
1160 1799 1255 1851 καὶ
1310 1798 1484 1867 Πατρὶ
1512 1798 1610 1867 τῆς
1656 1797 1742 1849 ἐπ’

152 1894 295 1965 αύτῷ
317 1894 379 1964 δὴ
403 1892 578 1962 τούτῳ
602 1891 981 1960 πλημμελείας
1006 1893 1073 1946 τὰ
1094 1890 1261 1960 ἐγκλή
1273 1907 1434 1960 ματα.
1463 1890 1603 1961 Ὅρα
1626 1888 1739 1961 [ῑσ.
1773 1874 1814 1929 Β

151 1985 270 2057 ὁρᾷ]
313 1987 377 2055 δὴ
422 1980 535 2047 οὖν,
577 1985 614 2037 ὁ
658 1984 1049 2055 χριστομαθὴς,
1078 1985 1198 2037 ὅποι
1237 1984 1367 2035 ποτὲ
1412 1981 1561 2048 αὐτῷ
1601 1982 1741 2033 διεκ-

152 2076 401 2129 παίουσιν
478 2077 589 2148 [τον.
649 2076 1135 2140 διεκπαιδεύουσιν,
1182 2074 1245 2141 ἣ,
1312 2071 1737 2145 διεκπταίουσιν]

150 2170 195 2219 oi
220 2168 369 2236 λόγοι
394 2186 407 2200 ο
439 2171 532 2220 καὶ
570 2168 637 2220 τὰ
663 2168 727 2219 ἐκ
748 2171 848 2237 τῆς
880 2169 1119 2237 ἀκράτου
1160 2166 1390 2235 ταυτησὶ
1421 2166 1738 2229 δυσὸουλίας

150 2262 457 2332 εὑρήματα,
492 2260 628 2330 πρὸς
663 2262 814 2312 ποῖον
860 2260 1009 2329 αὑτῷ
1052 2259 1305 2330 καταίρει
1330 2258 1505 2328 λόγον.
1547 2259 1739 2328 Ἡμεῖς

153 2355 247 2423 μὲν
289 2355 400 2425 γὰρ
444 2354 575 2407 Θεὸν
604 2354 732 2407 ὄντα
780 2353 920 2406 κατὰ
962 2353 1123 2422 φύσιν
1162 2353 1252 2405 τὸν
1293 2354 1440 2415 Υἱὸν,
1471 2354 1735 2418 τουτέστι,

148 2447 235 2499 τὸν
275 2450 339 2499 ἐκ
393 2447 485 2499 τοῦ
538 2447 672 2499 Θεοῦ
716 2446 930 2517 Πατρὸς
958 2446 1152 2513 Λόγον,
1190 2445 1512 2498 καθικέσθαι
1560 2448 1736 2516 φαμὲν

148 2539 221 2600 εἰς
257 2538 504 2590 ἑκούσιον
534 2538 795 2591 κένωσιν’
845 2538 1202 2606 άναφοιτῆσαι
1239 2538 1295 2590 δὲ
1344 2533 1410 2590 αὑ
1456 2537 1549 2590 καὶ
1601 2536 1737 2606 μετὰ

151 2630 345 2699 σαρκὸς
371 2632 450 2693 είς
476 2628 535 2681 τὸ
566 2628 663 2698 τῆς
696 2628 922 2698 ἐνούσης
954 2629 1227 2699 ὑπεροχῆς
1257 2625 1406 2697 αύτῷ
1435 2628 1737 2697 θεοπρεπὲς

145 2719 382 2786 ἀξίωμα.
420 2721 812 2791 Προσκυνεϊται
846 2717 954 2787 γὰρ
984 2721 1076 2770 καὶ
1118 2718 1254 2788 μετὰ
1282 2719 1503 2787 σαρκὸς,
1537 2719 1612 2780 ὡς
1645 2720 1737 2770 καὶ

148 2812 252 2882 πρὸ
278 2813 448 2883 αὐτῆς
494 2814 752 2882 ὑπάρχων
795 2809 1202 2883 προσκυνητός·
1252 2806 1319 2880 ἦν
1363 2810 1473 2881 γὰρ
1522 2810 1616 2862 καὶ
1657 2809 1735 2861 ἔτι

141 2901 254 2973 [Ion
288 2901 427 2973 ἐστι]
476 2904 615 2956 κατὰ
654 2904 814 2971 φύσιν
844 2902 996 2969 Θεὸς,
1026 2902 1121 2955 καὶ
1153 2900 1258 2970 πρὸ
1289 2900 1389 2970 τῆς
1430 2898 1732 2963 κενώσεως,

148 2995 239 3047 καὶ
289 2998 379 3048 ὅτε
435 2995 533 3065 τὴν
592 2996 819 3049 κένωσιν
870 2996 1158 3064 ὑπομεῖναι
1205 2993 1443 3062 λέγεται,
1496 2993 1735 3062 γεγονὼς

146 3086 264 3139 καθ’
310 3086 481 3154 ἡμᾶς.
528 3085 586 3136 '0
626 3084 682 3135 δὲ
725 3085 833 3137 τῶν
860 3085 1001 3137 σῦτω
1046 3084 1256 3137 σεπτῶν
1298 3084 1391 3137 καὶ
1429 3083 1735 3155 άκιὸδήλων

145 3178 436 3248 δςγμάτων
466 3176 771 3247 ὑπερορῶν,
819 3176 1102 3247 ἄνθρωπον
1138 3176 1395 3230 συνάπτει
1430 3174 1549 3243 Θεῷ
1594 3176 1736 3228 κατά
1762 3215 1804 3272 C

146 3285 207 3335 γε
239 3270 340 3339 τὴν
371 3268 570 3334 ἔξωθεν
600 3267 782 3338 σχέσιν
802 3285 814 3297 ο
866 3268 958 3320 καὶ
990 3268 1065 3331 ὡς
1100 3269 1157 3321 ἐν
1188 3267 1391 3337 ἰσότητι
1422 3267 1523 3338 τῆς
1554 3267 1733 3333 ἀξίας,

145 3359 239 3412 καὶ⁵
258 3360 341 3424 ὼς
372 3362 555 3431 ἕτερον
582 3360 752 3429 ἐτέρῳ
783 3362 1220 3429 συμπροσκυνεῖν
1255 3364 1352 3416 οὑκ
1398 3359 1728 3431 αἰσχύνεται.

144 3452 483 3505 Διατείνεται
524 3452 602 3518 δὲ,
636 3453 819 3521 φησὶν,
850 3451 925 3512 ὼς
956 3451 1120 3519 ἀηθές
1142 3469 1194 3503 τι
1225 3454 1318 3504 καὶ
1344 3454 1515 3519 ξένον,
1546 3452 1641 3503 καὶ
1662 3451 1736 3514 ὡς

144 3546 200 3608 ἐν
240 3544 465 3615 χάριτος
509 3543 673 3613 μοίρᾳ
717 3542 901 3595 λαϐεῖν
946 3541 1009 3593 τὸ
1051 3541 1266 3612 κάμψαι
1325 3560 1384 3595 τε
1432 3541 1579 3612 αὐτῷ
1628 3544 1736 3594 πᾶν

144 3635 294 3702 γόνυ,
326 3635 424 3688 καὶ
449 3636 553 3705 μὴν
593 3636 686 3687 καί
734 3633 793 3686 τὸ
822 3634 1000 3687 πᾶσαν
1027 3632 1529 3704 ἐξομολογήσασθαι
1558 3633 1736 3702 γλῶσο

147 3744 263 3791 σαν,
294 3729 379 3782 ὅτι
430 3726 634 3797 Κύριος
690 3725 895 3796 Ἰησοῦς
940 3726 1192 3796 Χριστός.
1222 3728 1330 3780 Καὶ
1364 3730 1410 3780 εί
1442 3729 1539 3798 μὲν
1577 3729 1735 3796 φύσει

143 3822 274 3874 Θεὸν
320 3820 575 3890 γενέσθαι
605 3820 709 3889 φὴς
738 3818 844 3889 [τσ.
883 3818 1066 3889 φησὶν]
1106 3821 1290 3883 αὑτὸν,
1320 3820 1735 3891 δεδυσφήμηκεν

144 3914 426 3985 ἐναργῶς,
480 3910 744 3980 γεννητὴν
788 3907 927 3963 εἶναι
976 3910 1149 3978 λέγων
1194 3912 1293 3981 τὴν
1333 3914 1433 3982 τῆς
1464 3912 1737 3981 Θεότητος

145 4004 324 4070 φύσιν.
380 4003 441 4055 Ei
479 4001 536 4054 δὲ
580 4002 781 4069 ἥκιστα
826 4000 924 4067 μὲν
956 4000 1097 4053 κατὰ
1133 4000 1315 4067 φύσιν,
1359 4000 1510 4053 δοτὸν
1538 4001 1594 4053 δὲ
1642 4000 1736 4054 καὶ

146 4093 383 4166 θύραθεν
434 4093 622 4147 ἐλὸντα
650 4093 712 4144 τὸ
751 4090 985 4162 ἀξίωμα,
1033 4076 1127 4153 καῖ
1170 4092 1245 4155 ὡς
1285 4092 1342 4146 ἐν
1380 4093 1515 4164 μόνῃ
1559 4095 1731 4163 φωνῇ,

143 4188 260 4252 πῶς
304 4189 407 4241 οὑκ
456 4186 630 4240 ἐκεῖνό
673 4201 837 4255 φησιν
885 4184 1147 4254 ἐναργῶς,
1179 4186 1257 4237 ὅτι
1300 4184 1735 4254 λελατρεύκαμεν

143 4282 220 4351 τῷ
273 4281 553 4352 μὴ’φύσει
581 4278 738 4347 Θεῷ,
785 4276 877 4329 καὶ
911 4278 1007 4329 σὺν
1036 4277 1192 4345 ἡμῖν,
1240 4276 1314 4339 ὡς
1357 4277 1524 4336 ἔοικε,
1570 4277 1664 4328 καὶ
1700 4278 1733 4347 ἡ

141 4374 250 4426 τῶν
291 4374 408 4427 ἄνω
436 4372 763 4441 ἁωευμάτων
797 4370 1141 4439 πεπλάνηται
1177 4369 1355 4438 νῆψις,
1391 4370 1484 4423 καὶ
1528 4368 1733 4422 τούτων

1845 612 2022 665 omnis
2051 613 2227 680 lingua
2260 611 2602 675 confiteatur,
2634 613 2756 680 quia
2790 612 3043 665 Dominus
3075 611 3229 665 Jesus
3259 611 3424 665 Citri-

1846 710 1976 755 stus.
2010 703 2065 756 Si
2097 704 2261 771 igitur
2288 703 2450 755 Deum
2474 702 2582 768 jam
2610 718 2673 755 ex
2706 717 2895 755 natura
2917 743 2930 763 ,
2958 702 3121 756 etiam
3150 711 3275 755 ante
3302 716 3422 755 eam

1846 808 1964 861 qua!
1995 794 2081 847 hic
2109 795 2308 847 dicitur
2333 794 2734 856 exaltationem,
2768 795 2820 847 in
2854 793 3067 848 sublimi
3099 793 3274 863 posuit
3310 793 3424 860 ipse

1848 882 2031 948 Pater,
2057 886 2269 939 modum
2302 885 2473 950 ipsum
2504 883 2891 937 humiliationis
2917 883 3248 936 intermedia:
3272 897 3420 936 scru-

1849 986 2045 1038 tantes,
2090 978 2541 1045 dispensatiOnem
2584 976 2871 1043 quamdam
2918 975 3215 1042 sapientem
3259 973 3425 1027 fuisse

1848 1067 2183 1134 reperiemus
2210 1086 2223 1119 :
2252 1082 2347 1134 per
2370 1082 2527 1136 quam
2555 1082 2677 1120 cum
2709 1068 2909 1121 interea
2940 1067 3200 1136 inglorius
3251 1066 3423 1120 factus

1846 1166 1987 1209 esset
2010 1196 2024 1219 ,
2060 1172 2245 1210 rursus
2278 1158 2342 1209 ad
2375 1173 2434 1210 ea
2469 1157 2519 1209 in
2553 1158 2747 1225 quibus
2782 1171 2994 1224 semper
3026 1157 3233 1218 fuerat,
3263 1166 3316 1209 et
3347 1154 3420 1208 illi

1846 1249 2203 1304 cssentialiter
2237 1250 2473 1308 inerant.
2514 1258 2567 1302 et
2610 1249 2673 1303 ad
2717 1264 2867 1302 suam
2907 1264 3083 1302 veram
3124 1248 3422 1302 sublimita-

1849 1351 1953 1395 tem
1988 1342 2163 1397 rediit.
2197 1343 2348 1408 Quod
2378 1342 2420 1395 si
2457 1356 2560 1394 non
2596 1343 2667 1393 ita
2700 1350 2814 1405 est,
2845 1351 2901 1393 ut
2934 1342 3046 1410 ipse
3079 1350 3227 1410 putat
3256 1348 3309 1393 et
3340 1338 3424 1392 di-

1845 1432 1941 1495 cit,
1971 1431 2130 1486 alium
2158 1447 2284 1486 vero
2312 1435 2597 1501 quemdam
2631 1432 2730 1500 ipsi
2762 1435 3113 1501 coujuncunn
3146 1430 3417 1484 hominem

1846 1532 2042 1593 praeter
2067 1523 2240 1590 ipsum
2274 1523 2366 1577 Dei
2391 1522 2650 1583 Verbum,
2683 1524 2819 1577 caelo
2850 1534 2902 1577 et
2934 1533 3094 1577 terrae
3124 1533 3176 1577 et
3204 1520 3424 1576 inferio-

1847 1618 1994 1670 ribus
2022 1616 2183 1669 etiam
2215 1616 2458 1685 partibus
2487 1616 2816 1669 adorandum
2852 1616 2994 1680 fecit,
3027 1630 3155 1686 ergo
3186 1615 3420 1669 similem

1847 1710 2014 1763 nostri
2052 1709 2322 1763 hominem
2361 1708 2655 1774 deiﬁcavit,
2694 1724 2867 1777 neque
2903 1708 3081 1763 adhuc
3116 1708 3271 1763 nobis
3301 1708 3425 1775 jure

1844 1801 1977 1853 vitio
2008 1810 2217 1854 vertere
2246 1801 2463 1869 poterit,
2494 1802 2646 1869 quasi
2678 1815 2800 1853 eum
2832 1802 2919 1868 qui
2954 1815 3055 1853 non
3085 1808 3228 1853 esset
3257 1799 3421 1861 Deus,

1845 1894 2095 1949 tleilicare
2127 1893 2475 1952 voluerimus,
2510 1907 2631 1944 cum
2671 1892 2829 1960 hujus
2863 1892 3087 1945 sceleris
3128 1891 3331 1945 crimen
3368 1890 3420 1943 in

1844 1988 2015 2054 ipsum
2053 1986 2215 2039 Deum
2249 2000 2313 2038 ac
2344 1985 2557 2037 Patrem
2594 1984 2662 2036 sil
2692 1984 3105 2037 conferendum.
3137 1983 3283 2037 Videt
3323 1982 3423 2051 igi-

1845 2089 1932 2131 tur
1957 2077 2159 2131 Christi
2192 2076 2467 2130 studiosus
2496 2090 2599 2142 quo
2628 2075 2842 2127 tandem
2871 2074 2987 2141 ejus
3015 2089 3293 2128 sermones
3323 2074 3421 2127 de-

1843 2167 2121 2229 labuntur,
2154 2176 2206 2219 et
2242 2167 2306 2218 ad
2343 2164 2524 2233 qualia
2556 2163 2713 2216 verba
2753 2164 3005 2216 immanis
3043 2163 3197 2229 hujus
3234 2164 3419 2219 stulti-

1842 2264 1928 2315 tiae
1966 2268 2266 2313 commenta
2310 2260 2641 2325 perveniunt.
2673 2256 2780 2311 Nos
2818 2259 2958 2312 enim
3003 2258 3176 2325 ipsum
3203 2256 3418 2323 Filium,

1841 2350 1930 2418 qui
1971 2350 2108 2402 Deus
2143 2364 2204 2400 ex
2246 2356 2432 2399 natura
2475 2359 2621 2411 erat,
2659 2349 2759 2401 hoc
2800 2357 2911 2411 est,
2944 2348 3171 2399 Verbum
3210 2363 3274 2399 ex
3313 2346 3421 2400 Deo

1841 2443 1998 2497 Patre
2039 2443 2312 2510 genitum,
2354 2442 2419 2493 ad
2462 2440 2814 2493 voluntariam
2856 2439 3279 2492 exinanitionem
3324 2441 3420 2493 de-

1842 2535 2115 2588 scendisse
2148 2533 2395 2596 dicimus,
2430 2547 2493 2586 ac
2528 2533 2751 2585 rediisse
2786 2548 2970 2584 rursus
3003 2548 3122 2585 cum
3158 2547 3323 2585 carne
3353 2532 3419 2583 ad

1842 2625 1986 2678 illam
2025 2626 2260 2677 divinam
2298 2624 2610 2692 dignitatem
2665 2632 2826 2692 atque
2862 2623 3250 2677 sublimitatem
3302 2638 3421 2691 qua:

1843 2718 1913 2769 illi
1949 2716 2145 2769 inerat.
2173 2716 2445 2768 Adoratur
2472 2716 2613 2768 enim
2645 2716 2807 2768 etiam
2837 2730 2959 2768 cum
2990 2730 3176 2778 carne,
3206 2725 3265 2767 ut
3293 2726 3420 2769 ante

1841 2823 2059 2861 carnem
2090 2816 2208 2860 erat
2238 2805 2546 2861 adorandus
2578 2825 2591 2860 ι
2621 2816 2738 2861 erat
2767 2808 2907 2861 enim
2935 2817 2990 2863 et
3015 2818 3095 2863 cst
3124 2812 3421 2864 secundum

1842 2912 2088 2955 naturam
2123 2899 2264 2954 Dens
2290 2910 2342 2953 et
2372 2910 2494 2953 ante
2521 2900 2975 2965 exinanitionem,
3005 2911 3059 2956 et
3088 2917 3207 2956 cum
3236 2902 3418 2957 exina~

1842 2994 2101 3047 uitionem
2146 2991 2383 3046 subiisse
2408 2991 2624 3055 dicitur,
2650 2991 2827 3047 factus
2853 2994 3022 3046 nostri
3068 2994 3280 3050 similis.
3321 2992 3423 3049 Iste

1840 3101 1970 3140 vero
2004 3087 2119 3140 haec
2152 3084 2285 3140 adeo
2317 3086 2620 3139 veneranda
2660 3094 2915 3154 rectaque
2951 3086 3197 3157 dOgmata
3235 3088 3416 3155 despi-

1838 3179 1990 3233 ciens
2032 3178 2301 3232 hominem
2344 3176 2455 3231 Deo
2494 3176 2769 3246 conjungit
2807 3178 3102 3233 secundmn
3143 3190 3420 3235 externam

1840 3270 2233 3335 habitudinem,
2267 3282 2318 3324 et
2356 3279 2607 3337 tanquam
2649 3272 2699 3323 in
2739 3270 2858 3341 ejus
2896 3272 3171 3341 dignitatis
3205 3273 3425 3341 :rquali-

1842 3376 1977 3431 tate,
2011 3376 2064 3421 et
2097 3376 2350 3432 tanquam
2386 3364 2612 3416 alterum
2646 3380 2764 3416 cum
2798 3366 2969 3419 altero
3000 3365 3158 3419 simul
3191 3367 3421 3421 adorare

1842 3475 1946 3514 non
1976 3458 2270 3512 erubescit.
2297 3457 2510 3511 Asserit
2532 3466 2733 3521 autem,
2763 3457 2956 3527 inquit,
2984 3458 3127 3511 velut
3153 3459 3420 3512 insuetum

1841 3550 2095 3618 quiddam
2134 3566 2197 3602 ac
2236 3567 2463 3617 novum,
2498 3564 2551 3605 et
2587 3553 2727 3605 velut
2768 3552 2955 3620 gratite
2992 3550 3110 3605 loco
3146 3551 3423 3620 accepisse

1842 3653 1899 3696 ttt
1929 3642 1998 3695 illi
2027 3640 2272 3695 ﬂectatur
2293 3656 2453 3695 omne
2480 3659 2639 3713 genu.
2670 3653 2721 3696 et
2750 3645 2926 3696 omnis
2956 3644 3131 3707 lingua
3162 3644 3423 3698 confitea-

1843 3745 1949 3798 tur,
1975 3734 2097 3802 quia
2124 3734 2380 3788 Dominus
2406 3733 2559 3787 Jesus
2580 3734 2847 3787 Christus.
2878 3734 2951 3786 Ac
2978 3734 3020 3788 si
3052 3734 3197 3787 illum
3230 3743 3420 3787 natura

1842 3827 2006 3878 Deum
2048 3824 2244 3877 factum
2282 3839 2400 3878 esse
2440 3827 2600 3884 dicit.
2644 3837 2830 3893 aperte
2871 3824 3303 3891 hIaSphemavit,
3342 3822 3422 3877 fa-

1838 3925 1979 3969 ctam
2023 3929 2142 3968 esse
2186 3913 2373 3967 dicens
2403 3912 2711 3967 Divinitatis
2752 3923 3018 3966 naturam.
3061 3912 3154 3966 Sin
3201 3915 3422 3966 minime

1838 4005 2130 4059 secundum
2172 4013 2457 4066 naturam,
2497 4004 2589 4057 sed
2628 4018 2746 4056 eam
2788 4003 3105 4073 dignitatem
3146 4003 3325 4055 datam
3366 4014 3423 4057 et

1838 4095 2178 4150 extrinsecus
2209 4104 2507 4163 acceptam,
2536 4105 2589 4147 et
2620 4095 2762 4148 velut
2798 4096 2849 4147 in
2880 4095 2990 4149 sola
3020 4109 3151 4149 voce
3180 4095 3416 4164 positam

1838 4188 2127 4250 habuisse,
2157 4186 2427 4255 quomodo
2460 4201 2563 4238 non
2598 4186 2725 4238 illud
2759 4185 3039 4239 evidenter
3066 4188 3287 4253 asserit,
3322 4202 3420 4241 nos

1837 4278 2041 4333 servire
2076 4289 2131 4331 et
2171 4276 2368 4330 cultum
2413 4276 2625 4330 deferre
2668 4276 2715 4327 ei
2758 4276 2849 4344 qui
2897 4274 3004 4345 56
3044 4285 3235 4329 natura
3276 4276 3419 4331 Deus

1840 4386 1942 4422 non
1976 4369 2067 4434 sit,
2098 4376 2150 4421 et
2182 4369 2484 4431 nobiscum,
2514 4377 2573 4419 ut
2602 4382 2937 4436 consequens
2966 4376 3071 4432 est,
3104 4367 3248 4421 illam
3278 4383 3415 4435 quo-

141 4469 275 4537 ἡμῖν
306 4466 472 4528 αὑτὸς
514 4466 542 4517 ὁ
572 4440 761 4532 Πατὴρ
788 4464 881 4514 καὶ
904 4461 1045 4530 ἀρχὴ
1073 4461 1166 4513 καὶ
1201 4461 1470 4532 πρόφασις
1497 4477 1510 4525 ;
1565 4458 1732 4512 Ἐπὰν

1841 4476 1943 4529 que
1985 4474 2338 4527 supernorum
2383 4459 2669 4524 spirituum
2716 4458 3025 4527 pervigilem
3075 4458 3414 4525 prudentiam

139 4552 232 4608 οὖν
265 4553 379 4625 [ῐσ.
414 4554 531 4613 πῶς
556 4547 670 4622 οὖν]
703 4551 782 4603 ἔτι
819 4551 1237 4620 διαμωμήσαιτο
1255 4552 1377 4613 τοὺς
1400 4552 1528 4622 παρ’
1570 4550 1733 4603 αὑτὸν

141 4653 205 4720 τῇ
247 4651 430 4702 κτίσει
476 4646 798 4716 προσκυνεῖν
836 4644 1175 4715 ᾑρημένουςς
1220 4642 1487 4713 γράφεται
1516 4640 1572 4693 δὲ
1616 4640 1732 4693 ἀνθ’

140 4746 263 4796 ὅτου
289 4740 514 4804 κολάζει
544 4738 653 4810 (ﬂ)
685 4736 810 4799 τοὺς
840 4733 1311 4803 πεπλανημένους,
1351 4735 1398 4785 εί
1429 4734 1539 4794 τοῖς
1569 4731 1730 4783 αὑτοῦ

140 4834 375 4905 νεύμασι
404 4830 743 4898 πεπλάνηται
768 4826 877 4899 [ἵσ.
909 4823 1324 4895 πεπλάνηνται],
1364 4822 1733 4895 προσκυνητὸν

140 4929 272 4997 ἡμῖν
300 4924 687 4993 άποφήναντος
720 4920 809 4971 τὸν
836 4920 934 4971 ούκ
959 4919 1087 4971 ὄντα
1120 4916 1275 4986 φύσει
1305 4915 1470 4979 Θεόν;
1518 4913 1731 4985 Ἐπειδὴ

138 5022 194 5073 δὲ
215 5015 554 5088 παρατιθεὶς
579 5014 639 5066 τὸ
668 5012 828 5082 ῥητὸν
855 5014 911 5064 ἐν
932 5011 1163 5074 τούτοις,
1195 5010 1337 5078 φημὶ
1358 5008 1425 5075 δὴ
1444 5006 1503 5059 τὸ
1528 5009 1584 5058 ἐν
1610 5023 1732 5075 χερ-

140 5114 225 5165 σὶν
246 5153 261 5175 ,
302 5114 390 5165 ὅτι
433 5107 584 5178 αὑτῷ
609 5106 814 5177 κάμψει
859 5106 969 5157 πᾶν
999 5105 1127 5172 γόνυ
1150 5144 1163 5164 ,
1201 5104 1293 5155 καὶ
1329 5104 1478 5154 πᾶσα
1508 5100 1728 5169 γλῶσσα

138 5200 725 5273 ἐξομολογήσεται,ὑτι
751 5197 952 5269 Κύριος
992 5194 1195 5265 Ἰησοῦς
1219 5193 1473 5265 Χριστὸς,
1512 5192 1727 5259 παρῆκε

136 5299 195 5350 τὸ
218 5298 412 5349 λεῖπον
440 5295 534 5347 καὶ
559 5292 755 5361 ἐφεξῆς
782 5289 1090 5355 ἀναγκαίως
1121 5288 1196 5359 τῷ
1243 5286 1496 5356 μακαρίῳ
1533 5285 1728 5354 Παύλῳ

140 5386 761 5461 προσεπενηνεγμένον,
821 5382 919 5435 οὑκ
978 5375 1072 5433 οἷδ’
1121 5380 1202 5431 ὅτι
1254 5376 1723 5446 διενθυμούμενος,

138 5481 272 5549 φέρε
320 5476 659 5545 προσθέντες
700 5476 857 5544 ἡμεῖς
897 5474 1070 5525 ἐκεῖνο
1111 5469 1384 5539 λέγωμεν’
1431 5486 1447 5517 ι
1513 5465 1727 5529 Ἐξομο-

1837 4567 2022 4606 errore
2067 4553 2364 4611 seductant,
2408 4561 2459 4603 et
2499 4550 2689 4617 horum
2732 4549 2994 4603 scelerum
3042 4550 3195 4603 nobis
3241 4551 3412 4618 ipsum

1840 4643 2051 4697 Patrem
2104 4644 2313 4695 initium
2359 4653 2410 4695 et
2455 4657 2673 4695 causam
2722 4641 2881 4696 esse?
2926 4640 3205 4707 Quomodo
3254 4642 3416 4709 igitur

1838 4737 2013 4789 adhuc
2044 4734 2221 4803 culpat
2249 4749 2343 4788 eos
2370 4735 2459 4803 qui
2492 4734 2581 4788 illo
2608 4734 2821 4800 abjecto
2848 4742 3155 4788 creaturam
3187 4734 3416 4788 adorare

1840 4823 2183 4878 maluerunt?
2217 4840 2316 4877 cur
2348 4838 2474 4876 vero
2508 4834 2722 4876 accusat
2762 4832 2816 4877 et
2852 4824 3006 4889 punit
3039 4823 3290 4878 seductos
3325 4840 3415 4877 er-

1842 4927 1963 4965 rore
2010 4911 2291 4972 homines,
2338 4912 2379 4963 si
2432 4911 2548 4977 ejus
2598 4922 2730 4965 nutu
2780 4927 2842 4967 ac
2884 4911 3159 4967 voluntate
3204 4913 3412 4969 seducti

1840 5016 1985 5066 sunt,
2018 5020 2138 5058 cum
2173 5019 2293 5055 eum
2328 5003 2415 5070 qui
2452 5021 2555 5058 non
2587 5015 2729 5059 esset
2760 5022 2824 5059 ex
2863 5013 3054 5058 natura
3086 5005 3250 5068 Deus,
3280 5008 3407 5061 ado-

1840 5096 2061 5149 rabilem
2096 5096 2250 5149 nobis
2277 5095 2553 5150 eﬂ‘ecerit?
2582 5096 2689 5150 Sed
2716 5097 2843 5167 quia
2877 5098 2929 5151 in
2964 5098 3046 5152 his
3076 5113 3198 5151 cum
3231 5098 3410 5151 locum

1836 5192 2075 5252 citasset,
2110 5204 2253 5254 eum,
2285 5189 2527 5258 inquam,
2555 5189 2645 5258 qui
2679 5198 2761 5242 cst
2796 5190 2847 5241 in
2881 5189 3150 5252 manibus,
3183 5189 3281 5257 ipsi
3318 5188 3413 5243 lle-

1837 5291 2012 5333 ctetur
2057 5293 2219 5332 omne
2266 5292 2441 5346 genu,
2491 5287 2544 5331 et
2592 5278 2766 5330 omnis
2817 5277 2993 5346 lingua
3041 5275 3409 5339 conﬁtebitur,

1835 5372 1958 5440 quia
2018 5370 2273 5422 Dominus
2320 5368 2477 5423 Jesus
2527 5369 2812 5435 Christus;
2863 5368 3047 5421 omisit
3098 5366 3302 5435 reliqua
3356 5376 3411 5420 et

1836 5460 2247 5529 consequentia,
2278 5475 2395 5529 quae
2427 5461 2735 5515 necessario
2762 5475 2789 5513 a
2824 5461 2981 5514 beato
3013 5456 3175 5513 Paulo
3206 5455 3411 5524 adjecta

1420 5642 1578 5698 ANT.
1620 5638 1891 5697 AGELLII
1929 5637 2163 5693 ΝΟΤᾸΕ.

206 5817 325 5888 (Η)
356 5814 670 5885 Legendum
709 5811 940 5875 videtur,
976 5808 1069 5861 καὶ
1097 5804 1330 5867 κολάζει.
