4072 6346
652 395 754 448 105

1628 386 1686 439 S.
1730 383 1995 438 CYRILLI
2036 377 2502 435 ALEXANDRINI
2544 379 2862 435 ARCIIIEP.

3808 387 3909 439 1οι

645 507 895 569 fuerant;
931 517 1163 572 quonam
1203 502 1253 555 id
1289 499 1512 554 consilio
1552 499 1738 553 fecerit
1763 541 1777 561 ,
1817 500 1997 552 nescio
2033 515 2046 551 :
2087 512 2217 565 age,

2336 498 2561 564 Aorsi-.0”
2593 497 2700 567 γὰρ
2736 498 2884 549 πᾶσαι
2915 497 3151 561 γλῶσσα,
3177 497 3256 548 ὅτι
3286 496 3486 565 Κύριος
3547 497 3752 567 Ἰησοῦς
3781 499 3914 568 Χρι-

643 598 961 666 adjiciamus
996 610 1092 649 nos
1126 594 1231 656 illa,
1265 609 1327 646 ac
1361 594 1601 648 dicamus
1635 609 1645 644 :
1688 610 1704 642 ι
1742 591 2046 645 Confitetur
2074 589 2217 642 enim

639 691 818 745 omnis
856 689 1055 756 lingua,
1093 687 1218 755 quia
1260 687 1518 740 Dominus
1550 685 1706 740 .Icsus
1737 683 1986 740 Christus
2021 684 2072 737 in
2107 681 2219 751 glo-

642 779 777 830 riam
822 776 914 830 Dei
956 776 1152 829 Patris.
1196 793 1214 825 ι
1258 773 1422 843 Igitur
1459 774 1504 827 si
1546 785 1737 827 natura
1781 771 1924 827 Deus
1966 787 2068 826 non
2113 780 2214 834 est,

642 871 735 925 sed
772 880 992 939 propter
1024 867 1458 935 coniunctionem
1497 867 1918 922 habitudinalem
1955 881 2057 935 qua
2088 869 2217 931 juno

642 972 763 1019 ctus
801 971 885 1016 est
930 977 1048 1014 cum
1091 959 1200 1014 Deo
1235 960 1433 1022 Verbo,
1473 958 1686 1012 adorari
1735 958 1881 1011 illum
1926 957 2057 1010 dicit
2096 967 2149 1010 et
2189 971 2218 1009 a

643 1054 826 1118 nobis,
861 1062 915 1106 et
945 1070 973 1104 a
1004 1051 1211 1106 sanctis
1241 1050 1478 1120 angelis.
1508 1065 1634 1119 ergo
1662 1049 1844 1118 gloria:
1873 1048 2063 1102 modus
2096 1047 2217 1115 qui-

642 1145 763 1196 dam
806 1156 834 1192 a
876 1139 1038 1194 Patre
1083 1140 1331 1192 inventus
1375 1149 1456 1192 cst
1502 1139 1552 1192 in
1602 1152 1666 1192 eo
1708 1137 1848 1206 quod
1892 1137 2048 1190 simul
2095 1150 2215 1189 cum

645 1233 762 1302 ipso
799 1231 1049 1286 deiﬁcata
1089 1238 1172 1283 est
1209 1238 1454 1283 creatura
1495 1247 1507 1282 :
1549 1230 1621 1282 ita
1665 1229 1864 1282 frustra
1912 1227 2218 1296 indignatus

642 1334 724 1376 est
756 1322 1075 1391 quibusdam
1112 1330 1169 1372 ut
1198 1319 1288 1386 qui
1324 1319 1424 1373 hoc
1459 1319 1712 1374 fecissent
1744 1337 1758 1372 :
1792 1319 1932 1386 quod
1962 1317 2005 1370 si
2037 1332 2096 1370 ea
2133 1331 2219 1370 res

647 1415 723 1468 illi
753 1413 936 1483 gloria:
966 1411 1087 1474 fuit,
1117 1411 1386 1479 quomodo
1417 1426 1519 1465 non
1548 1425 1760 1480 acquum
1795 1409 1893 1463 fuit
1921 1409 2139 1478 praemia
2165 1416 2219 1462 et

643 1505 829 1560 laudes
859 1512 911 1557 et
939 1502 1164 1571 gloriam
1201 1500 1307 1555 illis
1335 1501 1629 1570 rependere
1659 1501 1748 1569 qui
1783 1501 1832 1553 id
1865 1498 2042 1554 facere
2070 1499 2224 1553 iusti-

643 1596 913 1653 tuissent?
946 1594 1052 1647 Sed
1090 1591 1277 1645 dicent
1309 1590 1541 1645 fortasse
1575 1610 1588 1646 :
1620 1590 1898 1657 Quomodo
1929 1589 2076 1643 Patri
2108 1590 2219 1658 glo-

646 1691 742 1742 ria:
782 1689 885 1743 erit
925 1696 985 1741 ut
1024 1685 1360 1740 Emmanueli
1403 1699 1562 1739 omne
1594 1700 1732 1754 genu
1766 1682 2050 1738 ﬂectatur?
2083 1682 2220 1748 Quia

649 1779 882 1836 Verbum
915 1795 1036 1835 cum
1069 1779 1140 1833 sit
1173 1778 1310 1833 Deus
1342 1792 1439 1848 per
1463 1786 1735 1841 naturam,
1767 1786 1822 1831 et
1852 1790 1915 1829 ex
1947 1775 2084 1845 ipso,
2121 1775 2220 1828 hoc

2325 584 2468 648 στος,
2500 587 2580 646 εἰς
2620 585 2778 648 δόξαν
2814 584 2949 636 Θεοῦ
2989 584 3220 655 Πατρός.
3259 604 3277 637 ι
3319 585 3528 638 Οὐκοῦν
3554 589 3600 639 εἰ
3647 588 3722 658 μὴ
3750 588 3914 656 φύσει

2321 675 2452 739 Θεός
2497 677 2632 741 ἐστι,
2684 677 2772 730 διὰ
2813 677 3108 745 συνάφειαν
3136 675 3193 728 δὲ
3237 676 3514 747 σχετικὴν,
3554 676 3656 746 τὴν
3685 679 3826 748 πρός
3852 696 3914 748 γε

2324 768 2467 838 φημὶ
2493 769 2582 820 τὸν
2610 769 2674 821 ἐκ
2713 768 2845 821 Θεοῦ
2875 768 3069 835 Λόγον,
3102 768 3521 838 προσκυνεῖσθαι
3550 786 3714 839 φησιν
3751 774 3917 824 αὑτὸν

2324 861 2459 930 πρός
2484 878 2544 913 τε
2578 861 2735 931 ἡμῶν
2774 860 2974 924 αὐτῶν,
3003 861 3096 913 καὶ
3137 859 3246 914 τῶν
3286 860 3459 928 ἁγίων
3504 861 3788 929 ἀγγέλων·
3821 866 3912 915 εύ-

2325 952 2508 1016 κλείας
2538 970 2624 1016 τις
2655 952 2763 1023 ἄρα
2805 952 3006 1022 τρόπος
3041 951 3329 1024 ἐξεύρηται
3359 952 3438 1022 τῷ
3465 953 3659 1023 Πατρὶ,
3681 953 3762 1023 τῷ
3793 953 3914 1005 θεο-

2325 1043 2596 1096 ποιεῖσθαι
2625 1043 2722 1097 σὺν
2742 1042 2892 1113 αὐτῷ
2912 1043 3010 1114 τὴν
3054 1043 3260 1097 κτίσιν·
3287 1045 3378 1098 καὶ
3405 1043 3704 1113 λελύπηται
3736 1045 3916 1114 μάτην

2326 1130 2418 1182 ἐπί
2438 1147 2598 1195 τισιν,
2633 1131 2707 1194 ὡς
2739 1130 2898 1185 τοῦτο
2925 1132 3248 1202 πεποιηκόσι
3268 1149 3281 1163 ·
3306 1133 3400 1187 καὶ
3430 1135 3480 1186 εί
3500 1133 3636 1204 πρὸς
3665 1133 3916 1197 εὐκλείας

2322 1215 2390 1291 ἦν
2446 1221 2507 1274 τὸ
2551 1221 2740 1290 χρῆμα
2803 1223 2987 1294 αὐτῷ,
3038 1221 3156 1286 πῶς
3214 1222 3315 1275 οὐκ
3369 1222 3475 1275 ἔδει
3535 1223 3629 1276 καὶ
3679 1223 3916 1294 ἀμοιϐῆς

2322 1311 2526 1376 ἀξιοῦν,
2564 1312 2785 1365 ἐπαίνου
2831 1332 2890 1368 τε
2925 1316 3018 1367 καὶ
3055 1314 3231 1385 δόξης,
3271 1315 3397 1378 τοὺς
3425 1314 3581 1367 τοῦτο
3612 1313 3746 1386 δρᾷν
3774 1315 3916 1384 ἡρη-

2326 1401 2553 1471 μένου;;
2608 1402 2745 1453 Ἀλλ’
2798 1403 2926 1466 ἴσως
2970 1404 3149 1457 ἐκεῖνο
3198 1406 3352 1474 φαῖεν
3399 1402 3496 1466 ἂν,
3550 1402 3684 1462 Τίνα
3713 1404 3918 1471 τρόπον

2324 1493 2461 1564 πρὸς
2489 1493 2739 1557 εὐκλείας
2774 1493 2929 1548 ἔσται
2970 1495 3050 1566 τῷ
3079 1497 3254 1566 Πατρὶ
3306 1497 3367 1549 τὸ
3397 1495 3611 1567 κάμψαι
3642 1498 3753 1550 πᾶν
3785 1496 3917 1565 γόνυ

2321 1584 2414 1637 τὸν
2445 1583 2556 1654 [ῑσ.
2591 1583 2691 1657 τῷ]
2753 1586 3136 1657 Ἐμμανουηλ;
3172 1588 3292 1640 ’Ότι
3325 1587 3457 1651 Θεὸς
3483 1587 3558 1642 ὢν
3591 1587 3774 1657 φύσει,
3823 1589 3918 1639 καὶ

2321 1671 2382 1737 ἐξ
2425 1673 2611 1738 αὑτοῦ,
2651 1675 2951 1741 τουτέστιν,
3001 1677 3066 1729 ἐκ
3112 1677 3211 1748 τῆς
3260 1678 3450 1740 οὐσίας
3487 1679 3675 1745 αὐτοῦ,
3724 1679 3918 1746 γέγονε

2324 1766 2462 1837 σὰρξ
2511 1768 2540 1821 6
2581 1768 2786 1836 Λόγος·
2832 1772 3217 1839 προσκυνεῖται
3265 1769 3342 1836 δὲ,
3391 1769 3469 1834 ὡς
3505 1771 3664 1841 ἔφην,
3710 1771 3788 1834 ὡς
3838 1767 3920 1835 εἷς

646 1883 751 1936 εει,
779 1887 841 1925 ex
877 1869 993 1937 ejus
1024 1870 1350 1932 substantia,
1383 1883 1508 1922 caro
1541 1866 1741 1922 factum
1775 1877 1859 1921 est
1889 1885 1902 1921 :
1933 1866 2219 1920 adoratur-

2336 1874 2381 1910 ra
2412 1858 2505 1911 καὶ
2537 1859 2694 1928 μόνος
2724 1861 2820 1912 καὶ
2850 1859 3065 1932 άληθῶς
3107 1861 3258 1927 Υἱὸς,
3294 1863 3430 1933 μετὰ
3455 1863 3556 1933 τῆς
3589 1863 3723 1926 ἰδίας
3752 1863 3921 1916 αὑτοῦ

646 1976 774 2032 que,
801 1970 858 2014 ut
885 1960 1019 2024 dixi,
1048 1969 1107 2013 ut
1137 1975 1274 2013 unus
1298 1967 1351 2012 et
1376 1957 1522 2012 solus
1551 1969 1604 2012 et
1628 1971 1752 2012 vere
1779 1956 1948 2011 Filius
1975 1972 2096 2010 cum
2124 1971 2219 2010 sua

648 2052 819 2121 ipsius
850 2066 1012 2106 carne
1044 2071 1059 2107 :
1092 2049 1430 2121 gloriﬁcatur
1460 2058 1640 2104 autem
1675 2047 1837 2102 Pater
1863 2058 1922 2102 ut
1958 2048 2099 2102 Deus
2131 2047 2222 2116 qui

650 2139 844 2193 habeat
877 2153 1062 2191 verum
1107 2137 1301 2192 Filium
1341 2150 1406 2191 ex
1444 2151 1540 2192 sua
1581 2136 1883 2192 substantia
1928 2137 2167 2204 genitum
2205 2150 2220 2189 :

650 2243 810 2298 quem
839 2229 1005 2282 etiam
1033 2243 1250 2283 carnem
1282 2228 1482 2282 factum
1513 2243 1610 2298 pro
1640 2229 1796 2282 nobis
1824 2227 1992 2295 dedit,
2021 2237 2079 2282 ut
2103 2242 2224 2297 pas-

651 2335 743 2375 sus
791 2334 954 2374 carne
1001 2319 1205 2374 salvum
1258 2319 1462 2376 faceret
1508 2322 1692 2376 orbem
1745 2331 2047 2387 terrarum;
2099 2340 2117 2372 ι
2168 2329 2227 2373 ut

651 2411 828 2464 omnis
860 2412 951 2480 qui
988 2410 1156 2464 credit
1192 2410 1242 2464 iu
1281 2411 1477 2480 ipsum,
1515 2428 1620 2467 non
1659 2421 1862 2481 pereat,
1900 2411 1993 2466 sed
2032 2411 2226 2466 habeat

655 2501 818 2555 vitam
845 2509 1100 2556 aeternam
1123 2499 1204 2565 ”;
1240 2518 1256 2550 ι
1286 2510 1344 2553 ιιι
1371 2501 1547 2555 omnis
1574 2502 1665 2571 qui
1696 2501 1840 2556 videt
1865 2517 2020 2564 eum,
2048 2501 2227 2555 videat

655 2593 866 2647 Patrem
884 2594 927 2624 ⁸⁷
963 2610 976 2647 :
1011 2606 1170 2661 quam
1203 2592 1366 2646 etiam
1401 2593 1574 2662 ipsam
1609 2607 1719 2646 rem
1756 2593 1910 2647 nobis
1946 2606 2067 2646 esse
2099 2605 2226 2646 vere

655 2684 868 2738 vitalem
903 2685 1014 2753 ipsc
1045 2683 1210 2738 Filius
1238 2687 1504 2751 ostendit;
1537 2685 1674 2739 dixit
1703 2685 1845 2737 enim
1875 2701 1891 2738 :
1929 2703 1946 2736 ι
1992 2686 2117 2738 Haec
2146 2693 2228 2738 est

656 2778 762 2832 vita
793 2787 990 2831 aeterna
1014 2815 1028 2840 ,
1063 2789 1123 2831 ut
1154 2787 1482 2844 cognoscant
1515 2787 1565 2830 te
1597 2777 1767 2831 solum
1806 2777 1970 2830 Demn
2004 2792 2226 2837 verum,

655 2876 711 2920 ct
747 2881 903 2935 quem
947 2866 1142 2919 misisti
1187 2867 1368 2920 Jesum
1414 2866 1684 2921 Christum
1705 2867 1770 2922 ⁸³.
1810 2885 1828 2918 ι
1868 2867 1943 2920 Ac
1983 2867 2066 2920 via
2109 2867 2229 2936 qui-

657 2958 776 3011 dem
813 2965 980 3019 recta,
1014 2965 1067 3010 et
1100 2958 1165 3008 ad
1197 2958 1531 3011 verissimam
1573 2958 1895 3013 sententiam
1933 2959 2229 3026 perducens

659 3049 775 3102 hare
821 3059 931 3115 est,
975 3057 1027 3101 et
1074 3056 1271 3113 praeter
1312 3062 1430 3100 eam
1481 3048 1646 3104 nulla.
1697 3047 1797 3102 Hic
1839 3064 1968 3102 vero
2014 3063 2226 3102 sursum

2325 1949 2546 2020 σαρκός·
2609 1949 2890 2015 δοξάζεταί
2931 1969 2995 2021 γε
3039 1953 3147 2022 μὴν
3191 1955 3220 2006 ό
3257 1954 3447 2024 Πατὴρ
3489 1954 3564 2017 ὡς
3595 1955 3747 2017 Θεὸς,
3779 1954 3923 2024 ἔχων

2323 2041 2570 2110 ἀληθινὸν
2597 2042 2687 2095 τὸν
2724 2045 2787 2096 ὲκ
2829 2045 2927 2115 τῆς
2954 2043 3142 2107 οὐσίας
3171 2043 3338 2098 αὐτοῦ
3379 2045 3710 2116 γεννηθέντα
3743 2047 3876 2100 Υὶόν
3904 2065 3917 2076 ·

2322 2133 2381 2186 ὃν
2422 2133 2516 2187 καὶ
2573 2133 2756 2203 σάρκα
2807 2136 3069 2204 γεγονότα
3123 2136 3356 2190 δέδωκεν
3408 2138 3548 2207 ὑπὲρ
3597 2139 3774 2209 ήμῶν,
3832 2139 3922 2191 ἵνα

2327 2226 2491 2295 σαρκὶ
2554 2223 2782 2290 παθὼν,
2860 2223 3098 2294 διασώσῃ
3145 2226 3246 2295 τὴν
3293 2228 3384 2279 ὑπ’
3439 2227 3698 2299 οὐρανόν·
3754 2247 3774 2280 α
3837 2228 3925 2284 ἶνα

2326 2316 2443 2378 πῶς
2466 2317 2494 2367 6
2524 2317 2798 2371 πιστεύων
2836 2319 2914 2379 εἰς
2945 2317 3129 2382 αὑτὸν,
3161 2319 3221 2371 ού
3255 2319 3329 2389 μὴ
3351 2319 3641 2390 ἀπόληται,
3673 2321 3788 2373 ἀλλ’
3823 2321 3927 2394 ἔχῃ

2327 2409 2472 2478 ζωὴν
2515 2408 2757 2475 αἰώνιον,
2815 2430 2833 2462 ι
2888 2411 2973 2463 ἵνα
3019 2411 3126 2474 πᾶς
3170 2412 3197 2462 6
3243 2409 3462 2481 θεωρῶν
3494 2411 3674 2474 αὑτὸν,
3729 2413 3918 2483 θεωρῇ

2327 2500 2417 2552 τὸν
2450 2501 2689 2571 Πατέρα.
2736 2499 3006 2553 Ζωοποιὺν
3039 2501 3096 2552 δὲ
3138 2500 3198 2554 τὺ
3242 2502 3432 2572 χρῆμα
3466 2503 3562 2557 καὶ
3603 2502 3760 2556 τοῦτο
3789 2505 3926 2573 ἡμῖν

2329 2591 2576 2661 ὑπάρχον
2603 2591 2840 2661 άληθῶς,
2873 2592 3036 2654 αὐτὸς
3064 2592 3366 2664 ὲκδέδειχεν
3393 2595 3420 2647 6
3448 2595 3574 2657 Υἱός
3593 2609 3606 2622 ·
3631 2593 3736 2665 ἔφη
3766 2595 3880 2664 γάρ
3909 2612 3924 2625 ο

2335 2701 2351 2732 ι
2381 2682 2526 2754 Αὕτη
2553 2683 2610 2734 δέ
2639 2686 2786 2736 ἐστιν
2817 2685 2848 2754 ἡ
2878 2683 3094 2748 αἰώνιος
3123 2683 3256 2755 ζωὴ,
3290 2685 3374 2737 ἵνα
3412 2685 3722 2753 γινώσκωσι
3747 2703 3807 2738 σε
3834 2687 3928 2741 τον

2336 2775 2496 2844 μόνον
2521 2774 2777 2844 ἀληθινὸν
2799 2775 2950 2836 Θεὸν,
2978 2776 3070 2828 καὶ
3102 2775 3160 2828 ὂν
3185 2777 3510 2838 ἀπέστειλας
3558 2776 3763 2846 Ἰησοῦν
3786 2778 3927 2848 Χρι-

2333 2867 2476 2920 στόν.
2530 2885 2547 2916 ι
2596 2868 2703 2919 Καὶ
2741 2869 2787 2920 εἰ
2821 2867 2923 2937 μὲν
2950 2868 3059 2938 (15)
3096 2869 3174 2930 είς
3213 2867 3343 2920 εὐθὺ
3375 2870 3469 2921 καὶ
3504 2869 3926 2941 άπλανεστάτην

2332 2959 2439 3011 τῶν
2480 2957 2700 3010 ἐννοιῶν
2743 2959 2881 3026 αῦτη
2928 2977 2985 3012 τε
3030 2961 3123 3012 καὶ
3159 2960 3257 3029 ούχ
3303 2962 3465 3031 ἑτέρα
3507 2961 3713 3032 τρίϐος.
3773 2964 3833 3016 Ὀ
3869 2963 3928 3016 δὲ

2333 3053 2444 3104 ἄνω
2486 3070 2545 3105 τε
2592 3051 2689 3105 καὶ
2734 3051 2886 3105 κάτω
2935 3051 3003 3106 τὰ
3052 3051 3228 3104 πάντα
3278 3053 3483 3117 κυκῶν,
3517 3054 3638 3126 [Διὰ
3689 3056 3782 3108 τὸν
3831 3074 3931 3126 φο-

656 3140 911 3194 deorsmn
952 3140 1130 3193 omnia
1169 3141 1527 3194 commiscens
1551 3180 1563 3202 ,
1605 3139 1854 3210 [Propter
1890 3150 2224 3210 gestantem,

2338 3143 2552 3213 pc't'wta,
2601 3145 2883 3214 φησ“ι,τὸν
2932 3142 3264 3214 φορούμενον
3313 3145 3488 3198 σέϐω·
3535 3147 3624 3199 διὰ
3686 3147 3777 3199 τὸν
3834 3165 3928 3200 κε-

661 3234 851 3300 inquit,
869 3241 1130 3303 gestatum
1150 3249 1399 3297 veneror,
1420 3243 1638 3301 propter
1657 3233 1908 3286 latentem
1927 3233 2094 3286 adoro
2112 3248 2230 3300 spe-

661 3322 956 3395 ctabilem.)
986 3322 1188 3392 Cerne,
1215 3339 1419 3394 quaeso,
1446 3340 1659 3379 rursum
1685 3325 1882 3393 ubique
1909 3324 2056 3378 illum
2082 3324 2236 3378 unio-

663 3429 784 3467 nem
826 3413 1040 3483 fugere,
1075 3425 1130 3469 et
1164 3417 1444 3470 veritatem
1484 3415 1804 3478 formidare,
1843 3423 1896 3469 et
1933 3415 2234 3469 divinorum

663 3502 766 3574 57
793 3504 1101 3573 dogmatum
1137 3517 1342 3560 rectum
1392 3505 1495 3559 iter
1537 3503 1728 3557 vitare.
1775 3500 1892 3555 Non
1951 3502 2086 3556 alius
2119 3511 2239 3556 erat

662 3602 879 3663 gestans
903 3607 930 3647 a
957 3603 1185 3661 gestato,
1206 3595 1297 3648 sed
1328 3593 1504 3662 potius
1532 3593 1691 3658 idem,
1725 3600 1913 3659 utpote
1934 3591 1982 3643 iu
2009 3591 2239 3644 coitione

665 3683 878 3738 dcitatis
921 3693 976 3739 et
1017 3684 1370 3739 humanitatis
1421 3684 1789 3740 consideratus
1835 3701 1847 3736 :
1887 3699 2022 3738 unus
2076 3685 2235 3736 etiam

666 3789 728 3830 ac
754 3775 900 3830 solus
934 3790 1062 3830 vere
1105 3775 1196 3829 Dei
1238 3785 1292 3830 et
1341 3775 1515 3830 Patris
1543 3773 1730 3830 Filius.
1790 3774 1928 3845 Ergo
1966 3782 2023 3828 ut
2075 3791 2236 3828 unum

668 3867 830 3922 adora
858 3883 980 3921 cum
1015 3883 1107 3922 sua
1141 3882 1303 3922 carne
1337 3867 1509 3937 ipsum
1541 3881 1607 3921 ex
1641 3865 1748 3922 Deo
1795 3864 2025 3920 Verbum
2063 3884 2076 3921 :
2111 3866 2242 3920 alio-

668 3959 758 4029 qui
792 3960 999 4028 explica
1029 3960 1180 4024 mihi,
1212 3959 1314 4014 nisi
1350 3959 1439 4012 tibi
1469 3968 1612 4012 recta
1640 3972 1831 4028 sapere
1866 3960 2067 4020 videor,
2095 3966 2238 4011 tuam

673 4053 723 4103 in
758 4050 841 4104 his
867 4050 1114 4119 loquendi
1139 4050 1487 4105 subtilitatem
1521 4059 1578 4103 ut
1602 4048 1922 4104 imbecillam
1956 4049 2238 4119 repellens.

674 4140 808 4194 Num
845 4141 987 4195 enim
1035 4139 1079 4193 si
1140 4140 1262 4210 quis
1316 4144 1380 4195 de
1413 4155 1737 4210 quocunque
1793 4149 2032 4194 nostrum
2080 4141 2240 4194 simili

676 4230 920 4288 homine.
955 4230 1038 4284 vel
1083 4231 1149 4284 de
1189 4246 1295 4284 uno
1327 4232 1576 4299 quopiam
1632 4240 1846 4286 terreno
1891 4245 2014 4299 rege
2063 4231 2244 4286 dicere

675 4320 904 4376 voluerit
947 4340 960 4374 :
1015 4321 1238 4389 Propter
1285 4321 1517 4375 animam
1573 4321 1713 4390 regis
1767 4335 1994 4375 veneror
2049 4335 2244 4391 corpus

673 4409 823 4480 ejus,
859 4420 1076 4480 propter
1104 4411 1357 4465 latentem
1407 4412 1576 4465 adoro
1611 4411 1752 4479 quod
1784 4421 1867 4464 est
1897 4411 2194 4475 spectabile
2226 4429 2241 4475 ;

2338 3235 2676 3305 κρυμμένον,
2719 3235 3010 3304 προσκυνῶ
3053 3234 3142 3288 τὸν
3192 3236 3564 3308 φαινόμενον.]
3615 3237 3808 3306 Ἀθρει
3860 3238 3927 3307 δὴ

2343 3343 2430 3395 μοι
2481 3326 2641 3378 πάλιν
2712 3326 2983 3396 φεύγοντα
3030 3327 3308 3397 πανταχοῦ
3373 3329 3472 3397 τὴν
3534 3329 3763 3393 ἕνωσιν,
3833 3332 3931 3384 καὶ

2337 3415 2547 3468 δεδιότα
2603 3415 2664 3469 τὸ
2711 3415 2937 3487 ἀληθὲς,
2985 3419 3078 3470 καὶ
3134 3418 3243 3471 τῶν
3294 3418 3455 3473 θείων
3492 3419 3777 3489 δογμάτων
3827 3421 3932 3492 τὴν

2340 3513 2608 3583 ὀρθότητα
2662 3509 3116 3580 παραιτούμενον.
3181 3512 3293 3582 Οὐχ
3323 3511 3507 3582 ἕτερος
3534 3507 3602 3583 ἦν
3661 3514 3689 3564 6
3743 3513 3932 3582 φορῶν

2342 3606 2490 3675 παρὰ
2531 3605 2622 3656 τὸν
2665 3602 3025 3673 φορούμενον
3086 3606 3114 3657 6
3157 3605 3318 3667 αὐτὸς
3378 3604 3434 3656 δὲ
3476 3605 3694 3675 μᾶλλον,
3759 3608 3834 3669 ὡς
3872 3611 3934 3662 ἐν

2345 3698 2545 3768 συνόδῳ
2623 3696 2914 3764 νοούμενος
2942 3736 2957 3758 ,
3013 3695 3267 3766 θεότητός
3312 3714 3372 3748 τε
3434 3697 3528 3749 καὶ
3573 3698 3932 3768 άνθρωπότη-

2341 3805 2450 3853 τος⁸
2503 3783 2583 3852 εἷς
2617 3805 2674 3841 τε
2731 3789 2824 3840 καὶ
2873 3786 3032 3857 μόνος
3079 3787 3295 3858 ἀληθῶς
3346 3788 3472 3851 Υἱὸς
3518 3788 3612 3842 τοῦ
3642 3789 3776 3842 Θεοῦ
3833 3793 3934 3845 καὶ

2342 3877 2576 3947 Πατρός.
2613 3876 2822 3930 Οὐκοῦν
2858 3876 2932 3938 ὡς
2979 3876 3075 3928 ἕνα
3126 3875 3420 3948 προσκύνει
3473 3878 3614 3946 μετὰ
3647 3879 3745 3946 τῆς
3790 3879 3934 3941 ἰδίας

2344 3968 2510 4022 αὐτοῦ
2549 3967 2751 4038 σαρκὸς
2778 3966 2869 4020 τὸν
2914 3968 2978 4020 ὲκ
3005 3967 3138 4020 Θεοῦ
3186 3967 3380 4036 Λόγον.
3427 3969 3579 4021 Ἐπεὶ
3613 3969 3842 4040 φράσον,
3879 3974 3934 4024 εἰ

2349 4062 2422 4131 μή
2463 4078 2544 4113 σοι
2573 4060 2714 4113 δοκῶ
2744 4059 2811 4112 τὰ
2854 4060 3038 4113 εἰκότα
3070 4063 3306 4130 φρονεῖν,
3344 4060 3443 4132 τὴν
3476 4062 3574 4133 σὴν
3621 4062 3677 4114 ἐν
3714 4063 3935 4127 τούτοις

2348 4149 2700 4219 ίσχνομυθίαν
2731 4148 2806 4211 ὡς
2841 4148 3043 4219 ἀδρανῆ
3085 4148 3529 4220 παρωθούμενος.
3565 4146 3716 4221 τᾹρα
3739 4149 3851 4220 γὰρ
3882 4155 3937 4203 εί

2344 4235 2405 4305 δή
2427 4252 2510 4298 τις
2535 4235 2707 4288 ἕλοιτο
2731 4235 2908 4303 λέγειν
2942 4235 3071 4304 περὶ
3099 4236 3318 4289 ὁτουοῦν
3352 4236 3460 4289 τῶν
3491 4238 3612 4290 καθ’
3644 4239 3794 4308 ἡμᾶς
3833 4242 3939 4294 ἀν-

2347 4326 2602 4397 θρώπων,
2631 4328 2795 4397 ἤγουν
2829 4328 2912 4396 ἐφ’
2947 4327 3064 4390 ἑνὸς
3093 4327 3200 4379 τῶν
3231 4328 3324 4378 ἐπὶ
3350 4329 3452 4397 γῆς
3494 4327 3786 4398 βασιλέων·
3829 4333 3936 4384 Διὰ

2347 4419 2444 4488 τὴν
2473 4419 2566 4471 τοῦ
2612 4417 2877 4488 βασιλέως
2921 4418 3096 4488 ψυχὴν
3131 4418 3271 4470 σέϐω
3315 4417 3376 4471 τὸ
3430 4419 3587 4488 σῶμα
3625 4421 3810 4483 αὑτοῦ,
3843 4423 3940 4475 διὰ

676 4519 783 4557 non
818 4504 960 4559 illico
986 4504 1163 4574 quivis
1202 4503 1449 4573 objurget
1502 4518 1564 4558 ac
1607 4505 1750 4558 dicat
1780 4519 1793 4555 :
1832 4503 1970 4570 Quid
2003 4511 2058 4556 tu
2094 4502 2225 4558 facis

2352 4509 2442 4562 τὸν
2471 4509 2874 4579 κεκρυμμένον,
2913 4509 3202 4580 προσκυνῶ
3241 4510 3330 4563 τὸν
3368 4512 3711 4583 φαινόμενον,
3739 4513 3842 4566 ούκ
3867 4516 3939 4568 ἄν

673 4609 707 4646 o
742 4592 880 4648 bone
912 4592 992 4646 vir
1015 4592 1038 4645 ’ἕ
1065 4607 1201 4646 unus
1234 4595 1453 4647 omnino
1478 4593 1637 4646 homo
1661 4599 1744 4646 est
1766 4592 1856 4661 qui
1905 4607 2083 4646 rerum
2115 4593 2246 4661 poti-

677 4695 795 4750 tur,
846 4685 1092 4754 quamvis
1133 4699 1165 4739 e
1213 4685 1418 4739 duobus
1470 4684 1715 4737 videatur
1767 4684 2127 4752 compositus,
2180 4699 2247 4738 ex

677 4778 877 4840 anima,
910 4777 1150 4845 inquam,
1185 4783 1240 4830 et
1268 4790 1514 4845 corpore.
1538 4774 1646 4830 Cur
1674 4774 1837 4844 igitur
1863 4775 2018 4828 nobis
2048 4772 2249 4827 frustra

679 4869 931 4935 nugaris,
968 4884 1088 4922 cum
1132 4877 1428 4938 gestantem
1481 4878 1536 4922 et
1583 4877 1848 4939 gestatum
1871 4906 1886 4933 ,
1917 4867 2168 4922 latentem
2197 4875 2252 4921 et

680 4959 1024 5029 spectabilem
1060 4959 1294 5028 appellas
1323 4998 1337 5022 .
1372 4969 1425 5014 et
1469 4968 1722 5028 tanquam
1779 4958 1943 5012 alium
1988 4973 2110 5012 cum
2143 4957 2250 5011 alio

681 5047 839 5101 simul
897 5047 1124 5100 adorare
1162 5048 1468 5117 profiteris,
1500 5057 1554 5102 et
1602 5047 1817 5101 modum
1871 5047 2085 5114 unionis
2117 5062 2247 5100 con-

685 5139 917 5194 temnis?
949 5155 1070 5192 cum
1121 5140 1377 5194 divinitus
1433 5140 1702 5208 inspirata:
1748 5137 1965 5194 Littera:
2022 5138 2151 5191 illud
2185 5153 2252 5192 ex

684 5231 793 5283 Deo
825 5230 980 5283 Patre
1033 5230 1261 5283 Verbum
1297 5245 1417 5284 cum
1472 5245 1568 5284 suo
1614 5245 1837 5298 corpore
1890 5246 2053 5282 unum
2103 5230 2257 5284 nobis

684 5324 957 5378 Christum
993 5334 1047 5378 et
1076 5325 1356 5379 Dominum
1399 5338 1520 5379 esse
1542 5321 1891 5391 pronuntient
1915 5322 1936 5377 ?
1964 5323 2044 5375 An
2094 5322 2248 5392 igno-

749 5482 796 5512 ⁸⁸
828 5478 983 5534 Joan.
1011 5495 1091 5542 nt,
1133 5480 1216 5534 l6.
1292 5481 1337 5512 ⁸⁷
1364 5479 1518 5536 Joan.
1552 5495 1659 5544 xw,
1688 5480 1739 5534 9.
1818 5478 1862 5510 ³⁸
1890 5475 2046 5532 Joan.
2080 5493 2214 5546 xvn,
2244 5479 2298 5532 '5.

3881 4603 3909 4620 φ

2350 4620 2435 4666 τις
2466 4603 2625 4665 εὐθὺς
2659 4604 2980 4674 ὲπισκήψειε
3004 4621 3017 4634 ο
3047 4604 3112 4657 Τί
3140 4605 3293 4674 δρᾷς,
3320 4599 3365 4658 ὦ
3401 4599 3591 4671 οὗτοςς
3624 4607 3819 4674 λέγων’
3851 4603 3937 4671 εἷς

2355 4711 2455 4746 που
2488 4694 2704 4757 πάντως
2729 4693 3016 4764 ἄνθρωπός
3052 4697 3199 4748 ἐστιν
3228 4697 3255 4748 6
3289 4696 3524 4766 κρατῶν,
3560 4695 3662 4749 κᾶν
3688 4699 3750 4750 ἐκ
3781 4698 3936 4751 δυοῖν

2356 4783 2528 4855 όρῷτο
2560 4786 2937 4856 συγκείμενος,
2961 4786 3139 4857 ψυχῆς
3170 4787 3232 4856 δὴ
3278 4786 3420 4855 λέγω
3448 4786 3542 4840 καὶ
3569 4786 3838 4858 σώματος.
3868 4793 3941 4844 Τί

2356 4875 2535 4928 τοίνυν
2568 4878 2702 4945 ἡμῖν
2737 4878 2857 4945 είκῆ
2892 4877 3259 4948 βατταρίξεις,
3303 4877 3570 4948 φοροῦντα
3599 4878 3692 4932 καὶ
3729 4882 3939 4950 φορού-

2362 4983 2543 5035 μενον,
2574 4969 2956 5038 κεκρυμμένον
2994 4969 3088 5021 καὶ
3129 4969 3454 5038 φαινόμενον
3487 4969 3787 5039 ὀνομάζων,
3835 4973 3942 5025 καὶ

2357 5057 2432 5119 ὡς
2465 5057 2649 5128 ἕτερον
2680 5059 2850 5130 ἑτέρῳ
2895 5062 3334 5129 συμπροσκυνεῖν
3376 5058 3670 5129 ὁμολογῶν,
3715 5061 3807 5113 καὶ
3839 5063 3940 5115 τὸν

2359 5148 2458 5217 τῆς
2512 5149 2756 5213 ένώσεως
2806 5150 3089 5220 ἀτιμάζων
3143 5151 3378 5222 τρόπους
3435 5151 3532 5202 ἕνα
3567 5152 3801 5221 Χριστὸν
3844 5157 3948 5207 καὶ

2361 5239 2565 5309 Κύριον
2595 5240 3002 5310 άποφαινούσης
3028 5241 3157 5310 ἡμῖν
3184 5241 3280 5311 τῆς
3304 5239 3661 5294 θεοπνεύστου
3687 5242 3912 5313 Γραφῆς
3929 5286 3945 5302 ,

2359 5327 2449 5379 τὸν
2483 5328 2546 5380 ὲκ
2575 5327 2710 5380 Θεοῦ
2742 5327 2954 5397 Πατρὺς
2983 5328 3154 5396 Λόγον
3191 5330 3329 5397 μετὰ
3358 5326 3453 5380 τοῦ
3484 5328 3615 5381 ἰδίου
3646 5330 3944 5399 σώματοςζ

1963 5634 2123 5689 ΛΝΤ.
2161 5632 2430 5688 AGELLll
2470 5633 2676 5689 ΝΟΤᾹΞ
2690 5676 2701 5687 .

765 5801 881 5874 (15)
913 5800 1213 5870 Legentlutn
1246 5802 1338 5853 καὶ
1380 5801 1412 5869 ἡ
1448 5798 1566 5868 μέν.
1605 5797 1694 5852 Sic
1727 5796 1860 5851 dixit
1900 5809 2019 5864 pag.
2059 5795 2232 5865 48,10

2367 5793 2463 5862 μὲν
2491 5791 2597 5842 τῶν
2632 5791 2913 5859 δογμάτων
2943 5787 3076 5860 ὀρθή
3116 5803 3192 5840 τε.
