4072 6346
161 378 258 429 1115

1248 375 1611 430 ADVERSL'S
1652 374 2047 430 M‘ISTOIHUH
2089 374 2217 427 LIB.
2264 376 2323 427 ll.

3283 372 3382 427 106

162 491 226 541 Ἥ
256 490 352 541 οὐκ
384 485 538 543 οἶσθα
567 493 646 543 ὅτι
696 491 1059 561 τεθεράπευκε
1101 492 1197 559 μὲν
1239 494 1295 543 ὲν
1330 492 1714 562 Ἰεροσολύμοις

1842 509 1910 548 ἐε
1943 503 1998 546 υι
2032 493 2103 546 illi
2142 509 2169 545 a
2205 493 2483 547 nativitate
2528 506 2668 547 caeco
2703 492 3081 561 Hierosolymis
3123 505 3152 546 a
3198 505 3254 544 se
3287 505 3383 543 cu-

157 582 244 633 τὸν
280 583 343 633 ὲκ
388 584 611 652 γενετῆς
657 583 875 651 τυφλὸν,
909 579 1025 636 εἶτα
1068 583 1256 635 τοῦτον
1309 583 1481 653 εὑρὼν
1542 586 1597 635 ὲν
1643 584 1719 652 τῷ

160 672 309 742 ἱερῷ,
347 672 568 741 βεϐαίαν
606 674 754 743 αὺτῷ
796 674 887 727 καὶ
932 675 1220 744 ἱδρυμένην
1247 674 1462 743 ὲνετίθη
1486 676 1585 743 τὴν
1628 675 1719 727 πί-

161 780 310 827 στιν;
349 764 510 834 ἤρετο
548 764 655 831 γάρ
687 762 1020 833 προσελθὼν,
1059 783 1077 815 ι
1106 765 1176 817 Σὺ
1211 764 1486 827 πιστεύεις
1512 767 1591 827 είς
1631 766 1721 818 τὸν

167 853 286 905 Υίὸν
321 854 413 906 τοῦ
437 853 571 907 Θεοῦ
600 871 613 919 ;
655 856 748 906 καὶ
776 855 908 923 πρός
928 872 987 921 γε
1022 855 1179 907 ταυτὶ
1218 856 1548 926 κεκραγότος
1582 856 1722 907 ὲκεί-

158 962 248 996 νου
273 962 285 975 ·
319 946 414 1007 Τίς
434 947 571 1008 ἐστι,
596 945 786 1015 Κύριε,
818 946 905 997 ἴνα
934 944 1209 997 πιστεύσω
1241 946 1321 1007 είς
1356 944 1547 1009 αὑτόν;
1580 964 1596 995 ι
1619 944 1719 1012 ἔφη

162 1035 323 1088 πάλιν
356 1036 549 1098 αὑτός·
597 1054 615 1085 ι
656 1036 764 1088 Καὶ
814 1035 1065 1105 ἑώρακας
1120 1034 1301 1098 αὑτὸν,
1334 1035 1429 1087 καὶ
1474 1036 1502 1086 ό
1549 1033 1722 1087 λαλῶν

160 1125 299 1193 μετὰ
331 1122 445 1187 σοῦ,
482 1124 685 1186 ἐκεῖνός
726 1126 892 1178 ἐστιν.
922 1143 939 1175 ι
978 1124 1140 1194 Ὀρᾷς
1187 1124 1353 1185 ὅπως,
1394 1123 1453 1173 οὐ
1497 1122 1584 1174 τὸν
1631 1138 1723 1189 φο-

162 1214 356 1282 ροῦντα
397 1213 652 1282 δέδειχεν,
684 1214 742 1266 οὐ
780 1215 870 1266 τὸν
910 1214 1018 1276 εσω
1065 1212 1465 1282 κεκρυμμένον,
1506 1211 1619 1263 ἀλλ’
1648 1210 1722 1273 ὡς

156 1305 252 1357 ἕνα
286 1304 479 1373 μᾶλλον
510 1304 696 1357 ἑαυτὸν
718 1305 864 1373 μετὰ
889 1306 985 1373 τῆς
1020 1304 1218 1375 σαρκός
1241 1320 1253 1333 ’
1289 1304 1383 1356 καὶ
1421 1302 1550 1369 γοῦν
1583 1303 1610 1355 ό
1637 1318 1725 1354 σο-

158 1395 255 1461 φὸς
290 1396 559 1463 Ἰωάννης,
579 1415 595 1446 ι
614 1397 678 1447 Ὃ
702 1391 767 1466 ἧν
797 1397 888 1448 ἀπ’
909 1396 1103 1469 ἀρχῆς,
1136 1395 1317 1465 φησὶν,
1336 1394 1363 1446 ὃ
1386 1393 1721 1462 ἀκηκόαμεν,

157 1488 184 1538 ὃ
216 1488 542 1556 ἑωράκαμεν
575 1490 686 1550 τοῖς
727 1488 1023 1558 ὀφθαλμοῖς
1078 1488 1256 1557 ήμῶν,
1296 1487 1323 1540 ὃ
1356 1485 1722 1555 ἐθεασάμεθα,

158 1578 252 1630 καὶ
284 1578 338 1628 αἱ
366 1580 543 1646 χεῖρες
572 1576 729 1647 ἡμῶν
760 1577 1118 1647 ἐψηλάφησαν
1154 1576 1279 1647 περὶ
1302 1576 1394 1628 τοῦ
1421 1574 1594 1641 Λόγου
1623 1574 1723 1642 τῆς

158 1669 325 1741 ζωῆς.
357 1687 374 1718 ι
414 1669 605 1721 Καίτοι
640 1669 699 1722 τὸ
732 1670 881 1722 Θείόν
913 1673 1059 1723 ἐστιν
1096 1669 1319 1737 ἀναφὲς,
1348 1666 1481 1720 ἀλλὰ
1502 1667 1723 1732 γέγονεν

1823 592 1977 646 rato,
2031 597 2149 637 cum
2211 594 2391 651 postea
2457 584 2626 649 ipsum
2696 584 2986 638 invenisset
3044 583 3095 636 in
3147 580 3382 649 templo,

1823 674 2029 725 lirmam
2057 682 2109 726 et
2144 673 2388 725 stabilem
2440 673 2691 727 indiderit
2736 674 2892 726 fidem
2923 673 2944 725 ἲ
2977 687 3095 725 nam
3123 671 3385 724 accedens

1820 764 2028 831 rogavit
2062 781 2076 816 :
2109 780 2127 812 ι
2158 762 2233 815 Tu
2269 764 2443 817 credis
2468 764 2519 817 in
2553 764 2743 817 Filium
2771 763 2862 816 Dei
2885 763 2984 816 ?ad
3014 764 3124 817 hate
3152 762 3243 815 illo
3269 762 3385 815 cla-

1822 863 2002 907 mante
2038 855 2206 919 :Quis
2257 862 2357 917 est,
2397 855 2651 919 Domine,
2691 864 2747 909 ut
2789 857 3003 909 credam
3056 855 3105 907 in
3150 869 3268 907 eum
3300 853 3322 905 ?
3358 873 3376 903 ι

1823 945 1955 999 dixit
1989 946 2099 1013 ipse
2135 961 2317 999 rursus
2351 965 2362 999 :
2404 965 2422 997 ι
2458 948 2515 1000 Et
2544 947 2717 1000 vidisti
2751 963 2871 1000 eum
2896 987 2909 1009 ,
2946 957 2999 999 et
3032 945 3121 1015 qui
3153 946 3386 1013 loquitur

1823 1041 1997 1087 tecum
2028 1034 2137 1103 ipse
2175 1044 2257 1088 est
2285 1034 2351 1088 ".
2404 1054 2421 1085 ι
2463 1033 2621 1089 Vides
2640 1036 2905 1103 quomodo
2938 1049 3039 1088 non
3071 1046 3386 1104 gestantem,

1824 1138 1927 1176 non
1984 1124 2125 1179 intus
2154 1125 2437 1190 latentem,
2468 1126 2561 1179 sed
2610 1140 2728 1179 sese
2779 1141 2896 1177 cum
2942 1140 3104 1178 carne
3135 1136 3383 1191 tanquam

1826 1231 1989 1267 unum
2026 1217 2371 1271 ostenderit?
2403 1216 2560 1271 Certe
2609 1218 2791 1271 beatus
2844 1215 3119 1271 Joannes:
3172 1237 3189 1268 ι
3233 1217 3383 1283 Quod

1828 1304 1925 1358 fuit
1952 1306 2019 1360 ab
2050 1306 2219 1373 initio,
2257 1308 2449 1375 inquit,
2481 1308 2619 1375 quod
2646 1308 2962 1370 audivimus,
2994 1306 3135 1375 quod
3159 1309 3387 1360 vidimus

1824 1397 1992 1451 oculis
2024 1397 2223 1451 nostris
2247 1436 2262 1461 ,
2286 1401 2424 1466 quod
2451 1400 2821 1466 perspeximus
2840 1434 2854 1458 ,
2878 1405 2930 1451 et
2968 1412 3154 1450 manus
3192 1406 3384 1451 nostra

1825 1498 2293 1543 contreelaverunt
2316 1491 2381 1543 de
2399 1488 2573 1542 Verbo
2595 1489 2714 1541 vitae
2732 1488 2795 1539 ⁸ο.
2830 1507 2847 1539 ο
2868 1490 3024 1555 Atqui
3044 1488 3292 1540 divinitas
3309 1496 3389 1541 est

1826 1578 2185 1632 intractabilis
2206 1621 2219 1643 ,
2246 1580 2336 1632 sed
2364 1578 2589 1632 Verbum
2613 1594 2721 1632 sua:
2747 1578 2925 1632 carnis
2961 1566 3163 1631 ratione
3189 1586 3389 1632 tracta-

1827 1666 1929 1721 bile
1951 1667 2146 1721 l‘actum
2174 1682 2286 1722 est:
2318 1669 2579 1723 invisibile
2602 1670 2813 1737 quidem
2839 1678 2952 1723 erat
2977 1670 3263 1723 secundum
3295 1684 3392 1722 na-

158 1760 327 1823 άπτὸς
356 1762 382 1811 ὁ
410 1759 602 1827 Λόγος,
637 1759 712 1821 ὡς
757 1760 847 1812 διὰ
890 1762 989 1830 τῆς
1037 1761 1172 1823 ιδίας
1220 1758 1450 1829 σαρκός·
1495 1759 1722 1827 ἀόρατος

1842 1772 2001 1809 trram
2026 1798 2039 1822 ,
2071 1759 2162 1811 sed
2187 1760 2478 1826 spectabile
2502 1774 2595 1827 per
2628 1774 2840 1828 corpus.
2875 1760 2941 1811 At
2970 1774 3094 1812 vero
3121 1769 3172 1812 tu
3207 1767 3389 1812 contra

157 1852 305 1905 κατὰ
334 1850 517 1919 φύσιν,
552 1850 663 1903 ἀλλ’
692 1847 758 1920 ἧν
789 1828 1035 1923 ἐμφανὴς
1062 1852 1149 1905 διὰ
1176 1828 1443 1922 σώματος.
1474 1852 1545 1904 Σὺ
1571 1851 1627 1904 δὲ
1662 1851 1724 1919 δὴ

1842 1849 2116 1919 distinguis
2169 1853 2415 1910 omnino,
2447 1862 2499 1904 et
2554 1852 2834 1903 veritatem
2887 1850 2995 1903 tuis
3054 1850 3393 1918 suphismatis

159 1948 320 2001 πάλιν
349 1946 554 2015 sane;
578 1942 901 2012 όλοτρόπως,
930 1945 1024 1996 καὶ
1050 1940 1388 2014 κατασοφίζῃ
1416 1942 1477 1993 τὸ
1513 1941 1731 2010 ἀληθὲς,

155 2042 255 2102 τάς
286 2039 384 2109 μὲν
414 2037 608 2105 φύσεις
633 2036 897 2105 χωρίζων,
922 2035 1057 2088 ένῶν
1085 2034 1161 2095 δὲ,
1187 2033 1261 2095 ὡς
1291 2033 1414 2103 φὴς,
1445 2030 1541 2100 τὴν
1567 2045 1735 2100 προσ-

157 2130 408 2200 κύνησιν.
455 2130 593 2181 Ἀλλ’
636 2131 682 2179 εἰ
724 2127 976 2195 χωρίζεις
1014 2124 1113 2185 τὰς
1142 2123 1359 2190 φύσεις,
1402 2135 1732 2185 συναποφοι-

157 2224 376 2292 τήσειεν
414 2220 478 2273 ἂν
521 2220 709 2279 αὑταῖς
753 2217 845 2268 καὶ
890 2215 956 2267 τά
1008 2213 1270 2282 ἑκατέρας
1307 2212 1413 2264 ἴδια
1447 2209 1722 2277 φυσικῶς·

156 2315 343 2367 ἐλάσει
364 2312 418 2365 δὲ
456 2308 699 2379 διαμπὰξ
729 2306 825 2375 τῆς
850 2305 1110 2374 διαφορᾶς
1143 2305 1169 2354 ό
1206 2303 1359 2369 λόγος
1380 2319 1394 2334 ο
1423 2300 1514 2353 δύο
1542 2300 1605 2369 δὴ
1636 2296 1729 2352 οὖν

155 2403 631 2475 ὁμολογουμένως.
655 2398 799 2467 Πλὴν
832 2394 1075 2465 ἐρομένῳ
1104 2394 1334 2463 φράσον·
1359 2392 1497 2442 Tiro
1528 2391 1735 2443 διῖστάν

157 2495 412 2565 ἀλλήλων
442 2492 539 2553 τὰς
571 2489 780 2556 φύσεις,
822 2490 915 2540 καὶ
944 2486 1043 2555 τῆς
1070 2484 1334 2553 διαφορᾶς
1364 2481 1448 2543 τίς
1487 2480 1553 2533 ἂν
1594 2478 1679 2547 εἴη
1709 2481 1737 2531 ό

156 2587 396 2655 τρόπος;
431 2581 567 2636 Ἀλλ’
595 2583 739 2650 ὲρείς
774 2597 875 2631 που
898 2579 1131 2641 πάντως,
1154 2576 1229 2639 ὡς
1259 2575 1441 2644 ἕτερον
1468 2572 1564 2642 μὲν
1596 2570 1737 2625 κατὰ

157 2676 329 2744 φύσιν
379 2674 692 2744 ἄνθρωπος,
747 2670 913 2739 ἧγουν
965 2664 1353 2735 άνθρωπότης·
1414 2662 1598 2730 ἓτερον
1655 2658 1735 2721 δὲ,

155 2768 317 2830 Θεὸς,
355 2766 476 2834 ἦτοι
506 2763 728 2832 θεότης·
760 2760 854 2812 καὶ
894 2759 927 2827 ἡ
963 2757 1080 2827 μὲν,
1122 2753 1467 2823 άουγκρίτως
1500 2750 1734 2820 θατέρας

158 2855 564 2927 ὑπερηρμένη·
619 2854 783 2922 μείων
815 2868 879 2920 γε
920 2848 1022 2919 μὴν
1069 2845 1249 2915 ἐκείνη
1304 2842 1573 2905 τοσοῦτον,
1615 2840 1738 2893 ὅσον

160 2948 454 3018 ἄνθρωπος
484 2944 639 2997 Θεοῦ.
661 2943 785 3005 Πῶς
814 2938 927 3003 οὖν,
956 2939 1075 2992 ειπέ
1102 2954 1215 3006 μοι,
1247 2935 1345 3005 μιᾷ
1374 2931 1738 3004 προσκυνήσει

155 3041 333 3109 τιμᾷν
369 3036 537 3099 ἀξιοῖς
569 3035 637 3087 τὰ
662 3032 833 3094 οὕτως
863 3031 1111 3100 ἀλλήλοις
1145 3025 1428 3095 ἁνισοφυῆ,
1466 3024 1559 3077 καὶ
1596 3020 1737 3075 κατὰ

156 3128 254 3181 τὸν
289 3126 385 3179 τοῦ
422 3123 540 3187 πῶς
570 3120 706 3177 εἶναι
752 3120 930 3187 λόγον,
970 3116 1321 3188 άσυγκρίτοις
1360 3116 1636 3182 διαφοραῖς
1664 3110 1739 3162 δι-

156 3218 551 3291 εσχοινισμένα
574 3234 589 3281 ;
614 3212 762 3285 Ἆρα
790 3212 898 3282 γὰρ
932 3211 1083 3278 ἵππῳ
1122 3205 1364 3275 περιθεὶς
1395 3205 1495 3272 τὴν
1529 3200 1738 3270 ἀνθρώ-

160 3318 269 3364 που
310 3309 488 3374 δόξαν,
516 3306 724 3377 ἐργάσῃ
756 3321 807 3356 τι
860 3302 968 3355 τῶν
1001 3296 1438 3367 ὲπαινουμένων;
1477 3295 1509 3364 ἢ
1540 3292 1739 3362 μᾶλλον

155 3400 439 3470 ἑξυϐριεῖς
467 3398 530 3449 τὸ
560 3394 913 3464 ὑπερτεροῦν,
940 3389 1262 3458 κατασύρων
1290 3388 1369 3449 εἰς
1395 3384 1455 3435 τὸ
1485 3381 1741 3443 δυσκλεὲς

156 3490 263 3557 τὴν
289 3486 504 3556 ἀμείνω
526 3485 718 3553 φύσιν;
754 3483 888 3535 Ἀλλ’
920 3480 1216 3549 ἐξηύρηταί
1240 3495 1292 3530 τι
1319 3476 1479 3545 σοφὸν
1507 3476 1586 3535 εἰς
1609 3475 1740 3526 ἀπο-

157 3578 358 3647 λογίαν
385 3574 549 3644 αὑτῷ.
584 3574 933 3644 Προσεπάγει
966 3571 1075 3637 γάρ
1097 3588 1108 3600 ·

224 3750 254 3822 1
284 3750 365 3803 Οὐ
398 3746 519 3802 καθ’
559 3745 720 3799 ἑαυτὸ
750 3744 879 3806 Θεὸς
905 3743 967 3795 τὸ
1002 3740 1238 3794 πλασθὲν
1277 3738 1369 3790 ἐπὶ
1402 3738 1644 3807 μήτρας·
1680 3735 1738 3787 οὐ

158 3841 293 3894 καθ’
334 3837 499 3891 ἑαυτὸ
544 3836 676 3897 Θεὸς
709 3836 768 3887 τὸ
809 3832 1044 3885 πλασθὲν
1080 3833 1141 3883 ὲκ
1174 3828 1269 3881 τοῦ
1308 3828 1647 3895 ιΙνεύματος·
1682 3825 1741 3876 οὑ

157 3929 291 3983 καθ’
322 3926 490 3980 ἑαυτὸ
518 3925 648 3987 Θεὸς
688 3924 748 3975 τὸ
784 3923 951 3989 ταφὲν
989 3922 1081 3972 ἐπὶ
1121 3919 1427 3989 μνήματος·
1470 3914 1610 3967 οὓτω
1638 3914 1744 3982 γάρ

158 4022 229 4074 ἂν
271 4015 426 4090 ἦμεν
474 4016 945 4087 άνθρωπολάτραι,
996 4014 1090 4065 καὶ
1120 4010 1476 4080 νεκρολάτραι
1534 4008 1743 4075 σαφεῖς.

170 4110 322 4163 Ἀλλ’
352 4107 653 4175 ἐπειδήπερ
684 4107 740 4157 ὲν
771 4104 848 4171 τῷ
878 4100 1135 4171 ληφθέντι
1173 4100 1323 4162 Θεὸς,
1347 4100 1411 4151 ὲκ
1429 4097 1519 4149 τοῦ
1554 4096 1747 4149 λαϐόν-

156 4218 253 4262 τος
288 4200 318 4251 ὁ
350 4196 603 4268 ληφθεὶς,
636 4196 711 4257 ὡς
738 4194 815 4263 τῷ
843 4193 1061 4247 λαϐόντι
1095 4189 1385 4256 συναφθεὶς
1427 4204 1749 4257 συγχρημαο

156 4292 304 4356 τίζει
337 4282 527 4359 Θεὸ;.]

771 4420 1016 4471 ΚΕΦΛΛ.
1062 4418 1128 4469 IB
1150 4456 1161 4467 .

247 4558 391 4610 Ἰδοὺ
436 4555 502 4624 δὴ
544 4554 704 4608 πάλιν
747 4556 879 4622 ημῖν
911 4555 939 4605 ό
980 4553 1077 4623 τὴν
1126 4556 1419 4619 συνάφειαν
1473 4551 1749 4619 ὀνομάζων

157 4647 486 4719 πανταχοῦ,
522 4649 614 4699 καὶ
647 4648 713 4698 τὰ
749 4646 846 4715 τῆς
892 4644 1400 4715 άνθρωπολατρείας
1430 4644 1750 4713 ἐγκλήματα

157 4739 387 4803 δεδιὼς,
440 4736 553 4807 ἧλω
588 4733 823 4802 γεγονὼς
858 4732 1314 4802 άνθρωπολάτρης
1335 4747 1347 4760 ο
1392 4734 1622 4793 καὶτοῖς
1655 4732 1752 4800 τῆς

160 4829 374 4886 ἑαυτοῦ
408 4826 731 4887 δυσϐουλίας
777 4825 1053 4894 ὲνίσχηται
1086 4824 1328 4894 βρόχοις,
1373 4825 1465 4875 καὶ
1495 4840 1752 4890 καταφω-

162 4927 337 4996 ρᾶται
368 4919 562 4972 πεσὼν
594 4920 669 4980 εἰς
696 4918 947 4986 ἀδόκιμον
976 4916 1118 4969 νοῦν.
1156 4918 1227 4969 Τὸ
1255 4916 1363 4987 γάρ
1396 4932 1476 4967 σοι
1509 4914 1638 4987 [τοι]
1673 4933 1757 4967 τε-

160 5016 296 5086 χθὲν
323 5015 395 5065 ὲκ
425 5012 663 5079 μήτρας,
685 5009 744 5059 οὐ
783 5007 1268 5077 καθτέαυῖὸ,φησ“ι,
1303 5007 1453 5069 Θεός.
1498 5008 1584 5067 Ὠς
1620 5008 1757 5074 ἄγα-

164 5107 271 5176 μαι
312 5120 381 5156 σε
416 5101 522 5169 τῆς
556 5098 856 5168 ἀγχινοίας,
883 5099 975 5151 καὶ
1006 5099 1200 5169 φρενὸς
1225 5097 1320 5166 τῆς
1350 5096 1490 5149 οὓτω
1520 5096 1723 5164 λεπτῆς
1744 5113 1756 5126 ·

160 5199 251 5259 τίς
314 5192 439 5261 γὰρ
486 5189 621 5251 ὅλως
665 5191 694 5241 ό
752 5188 909 5241 τοῦτο
962 5190 1126 5257 φάναι
1181 5187 1569 5257 τεθαρσηκώς;
1613 5189 1761 5259 ἢτίς

162 5287 489 5356 ἠγνόηκεν,
518 5279 599 5333 ὅτι
628 5279 689 5331 τὸ
728 5281 1120 5349 γεγεννημένον
1149 5281 1213 5332 ἐκ
1250 5280 1347 5348 τῆς
1376 5280 1597 5349 σαρκὸς.
1630 5280 1765 5347 σάρξ

164 5382 325 5431 ἐστιν
351 5390 367 5439 ;
414 5370 559 5424 Ἀλλ’
593 5366 659 5439 ἦν
688 5370 789 5424 ἰδία
819 5370 911 5423 τοῦ
936 5372 1139 5439 Λόγου·
1173 5372 1266 5423 καὶ
1302 5366 1382 5433 εἷς
1411 5374 1610 5423 νοεῖται
1648 5374 1764 5438 μετ’

165 5466 379 5536 αὐτῆς,
415 5461 672 5532 καθάπερ
706 5462 896 5531 άμέλει
931 5461 1241 5528 φθάσαντες
1301 5462 1543 5531 εἴπομεν,
1591 5463 1684 5513 καὶ
1732 5463 1764 5531 ἡ

165 5558 268 5611 τοῦ
300 5551 608 5622 ἀνθρώπου
629 5552 772 5621 ψυχὴ
802 5553 936 5621 μετὰ
966 5550 1058 5604 τοῦ
1086 5552 1213 5603 ίδίου
1244 5548 1654 5622 σώματος.⁷Αρ”
1672 5548 1766 5605 οὖν

245 5742 297 5773 ⁸ο
332 5736 506 5810 Jpan.
560 5748 631 5793 ix,
676 5729 868 5785 35—39.
947 5731 990 5762 “
1020 5729 1040 5784 l
1065 5728 1221 5785 Joan.
1253 5747 1292 5796 ι,
1332 5732 1381 5786 l.

564 5824 835 5885 PATROL.
871 5824 983 5883 Gn.
1023 5823 1271 5883 LXXVI.

1835 1940 2029 1999 cludis.
2066 1952 2122 1992 ut
2152 1956 2405 1995 secernas
2436 1952 2651 1995 naturas
2675 1984 2688 2004 ,
2725 1951 2777 1996 et
2806 1943 2982 2007 unias,
3010 1949 3066 1993 ut
3090 1941 3201 2007 ipse
3246 1955 3393 1993 asse-

1838 2034 1932 2097 ris,
1961 2036 2347 2088 adorationem.
2381 2033 2484 2089 Sed
2510 2038 2554 2090 si
2584 2035 2777 2089 dividis
2808 2044 3055 2097 naturas,
3083 2034 3240 2087 simul
3267 2049 3385 2086 cum

1840 2124 1942 2177 illis
1994 2125 2270 2179 discedent
2314 2127 2471 2180 etiam
2509 2140 2625 2193 qua:
2666 2126 2877 2191 utrique
2908 2134 3031 2177 sunt
3080 2124 3396 2176 naturaliter

1837 2216 2050 2283 propria
2082 2233 2094 2277 ;
2137 2216 2345 2269 recedet
2372 2217 2531 2269 etiam
2562 2217 2614 2268 in
2640 2214 2945 2269 universum
2981 2213 3115 2267 ratio
3144 2212 3393 2266 differen-

1839 2303 1966 2357 tiae:
2005 2303 2109 2357 duo
2162 2315 2317 2358 erunt
2373 2306 2535 2368 igitur
2586 2304 2770 2373 procul
2822 2305 3000 2358 dubio.
3058 2302 3163 2358 Sed
3219 2315 3395 2359 tamen

1836 2394 2043 2461 explica
2084 2395 2243 2457 mihi,
2288 2409 2489 2463 quaeso,
2540 2396 2666 2463 quid
2718 2396 2845 2449 illud
2878 2396 2948 2448 sit
2990 2395 3128 2463 quod
3176 2404 3396 2449 naturas

1837 2482 1978 2535 inter
2005 2497 2063 2536 se
2100 2482 2298 2546 divisit,
2342 2484 2459 2550 quis
2500 2484 2627 2537 item
2664 2482 2979 2537 diﬂ'erentia:
3027 2486 3235 2538 modus.
3291 2482 3395 2537 Sed

1837 2572 1982 2627 dices
2005 2574 2246 2635 omnino,
2278 2576 2421 2628 aliud
2459 2589 2579 2629 esse
2610 2591 2673 2628 ex
2718 2574 2829 2643 ipsa
2870 2584 3058 2627 natura
3101 2575 3395 2639 hominem,

1837 2676 1931 2715 seu
1972 2664 2391 2727 humanitatem,
2433 2666 2574 2719 aliud
2616 2664 2816 2730 Deum,
2860 2666 2972 2719 sive
3016 2665 3395 2729 divinitatem;

1838 2749 1946 2819 58
1982 2760 2035 2805 et
2076 2752 2211 2807 hanc
2274 2754 2487 2822 quidem
2536 2770 2656 2808 esse
2694 2755 2856 2809 altera
2914 2756 3400 2823 incomparabiliter

1839 2841 2202 2907 superiorem,
2232 2842 2372 2894 illam
2430 2858 2618 2896 rursus
2674 2852 2823 2896 tanto
2867 2846 3164 2907 minorem,
3203 2856 3402 2912 quanto

1837 2929 1906 2981 sit
1946 2929 2103 2981 homo
2134 2930 2239 2983 Deo
2292 2931 2529 2984 inferior.
2582 2931 2861 2996 Quomodo
2897 2932 3085 3001 igitur,
3119 2934 3205 2987 dic
3249 2934 3399 2998 mihi,

1840 3035 1941 3074 una
1968 3022 2280 3076 adoratione
2309 3033 2466 3090 putas
2494 3022 2823 3087 honoranda,
2861 3037 2977 3090 qua:
3017 3024 3155 3076 inter
3180 3037 3238 3077 se
3269 3023 3402 3077 adeo

1842 3121 1966 3166 sunt
2024 3113 2269 3181 inaequali
2312 3125 2532 3175 natura,
2586 3124 2638 3167 et
2690 3116 2936 3170 essentia
3007 3114 3214 3168 ratione
3271 3112 3403 3169 adeo

1843 3204 2067 3257 diversis
2090 3202 2402 3259 diderentiis
2438 3205 2685 3273 ahjuncta
2713 3206 2736 3258 ἓ
2768 3208 2845 3259 An
2872 3221 2995 3259 vero
3018 3207 3061 3260 si
3089 3215 3405 3259 ornamenta

1842 3294 2075 3347 hominis
2112 3309 2249 3362 equo
2282 3296 2676 3364 circumponas,
2713 3297 3004 3365 quidquam
3044 3294 3239 3351 eﬂicies
3259 3298 3403 3365 quod

1842 3385 1913 3438 illi
1948 3384 2161 3439 laudem
2201 3384 2435 3439 afferat?
2478 3402 2543 3439 an
2577 3387 2752 3455 potius
2781 3387 2907 3440 illud
2947 3385 3294 3441 excellentius
3320 3385 3405 3440 af-

1842 3476 1990 3528 ﬁcies
2022 3476 2213 3541 injuria
2234 3518 2249 3540 ,
2272 3492 2394 3530 cum
2429 3478 2849 3545 praestantiorem
2884 3487 3129 3530 naturam
3177 3477 3228 3530 iu
3256 3477 3408 3547 igno-

1844 3565 2063 3617 miniam
2102 3566 2353 3619 detrahas
2384 3566 2532 3619 ?Sed
2558 3577 2769 3620 acutum
2795 3566 3048 3635 quiddam
3077 3568 3141 3620 ad
3185 3581 3409 3635 respon-

1844 3657 2075 3711 dendum
2102 3657 2305 3709 invenit
2334 3673 2349 3722 ;
2385 3658 2531 3709 addit
2564 3658 2745 3711 enim:

1918 3742 2177 3813 [Νεετοιι.
2221 3744 2335 3798 Νοη
2364 3754 2443 3799 est
2490 3760 2585 3815 per
2636 3760 2693 3800 se
2727 3744 2867 3799 Deus
2890 3744 3029 3815 quod
3063 3754 3147 3799 est
3176 3746 3226 3799 in
3261 3754 3415 3802 utero

1848 3831 2134 3886 formatum
2177 3852 2192 3896 ;
2231 3850 2333 3888 non
2358 3845 2439 3888 est
2462 3851 2555 3904 per
2594 3850 2651 3889 se
2685 3837 2823 3889 Deus
2852 3839 2989 3904 quod
3019 3845 3100 3890 est
3123 3835 3409 3891 formatum

1847 3940 1877 3977 a
1904 3926 2105 3994 Spiritu
2141 3944 2153 3977 :
2187 3940 2289 3977 non
2322 3935 2403 3980 est
2447 3942 2541 3994 per
2578 3943 2636 3981 se
2677 3928 2815 3981 Deus
2857 3928 2999 3997 quod
3030 3928 3293 3994 sepultum
3333 3938 3417 3983 est

1850 4015 1901 4069 in
1950 4028 2328 4081 monumento,
2395 4018 2591 4085 alioqui
2644 4032 2884 4073 essemus
2944 4018 3309 4083 homiuicolae,
3363 4033 3419 4074 et

1850 4103 2229 4157 cadavericolae
2277 4105 2571 4159 manifesti.
2623 4107 2726 4160 Sed
2763 4107 2887 4175 quia
2922 4116 3001 4160 est
3048 4108 3099 4161 in
3143 4117 3419 4175 assumpto

1851 4193 2029 4260 Deus,
2067 4210 2129 4248 ex
2158 4206 2468 4249 assumente
2516 4197 2606 4265 qui
2648 4206 2728 4250 est
2783 4206 3121 4265 assumptus,
3165 4207 3416 4265 tanquam

1852 4284 2147 4337 assumenti
2172 4282 2510 4351 coniunctus,
2544 4286 2701 4339 simul
2724 4285 3019 4353 appellatur
3058 4287 3217 4340 Deus.
3246 4285 3264 4356 ]

2486 4416 2635 4471 CAP.
2664 4413 2776 4471 XII.

1785 4481 1829 4534 D

1931 4553 2065 4608 Ecce
2093 4552 2202 4620 jam
2228 4570 2437 4607 rursum
2468 4554 2623 4608 nobis
2648 4554 2735 4621 qui
2760 4553 3187 4622 coniunctionem
3222 4552 3420 4622 ubique

1857 4643 2125 4708 nominat,
2176 4654 2229 4697 et
2287 4644 2517 4698 hominis
2568 4644 2774 4697 colendi
2826 4643 3026 4696 crimen
3084 4642 3418 4706 reformidat,

1860 4734 2175 4787 bominicola
2208 4748 2326 4788 esse
2350 4735 2707 4799 convincitur,
2746 4748 2960 4803 sumque
3005 4735 3181 4803 impia:
3213 4736 3419 4804 cogita-

1860 4826 2019 4877 tionis
2073 4824 2277 4892 laqueis
2334 4826 2635 4892 lmplicatus
2666 4835 2915 4887 tenetur,
2952 4834 3003 4878 et
3028 4827 3079 4876 in
3120 4825 3419 4895 improbum

1860 4932 2074 4971 sensum
2102 4917 2277 4984 lapsus
2300 4918 2711 4983 deprehenditur
2742 4932 2755 4966 :
2791 4932 2909 4967 nam
2940 4915 2989 4968 id
3012 4917 3151 4985 quod
3178 4931 3242 4970 ex
3270 4927 3422 4969 utero

1865 5017 1949 5060 est
1975 5008 2207 5069 editum,
2238 5009 2444 5075 inquit,
2490 5023 2591 5059 non
2640 5021 2732 5075 per
2763 5021 2822 5060 se
2853 5006 2990 5059 Deus
3015 5014 3115 5060 est.
3178 5008 3426 5061 Admiror

1867 5098 2112 5165 equidem
2144 5108 2287 5149 tuam
2320 5098 2457 5151 hanc
2480 5097 2773 5159 solertiam,
2807 5108 2859 5151 et
2890 5098 3083 5151 subtile
3113 5098 3245 5150 adeo
3274 5099 3424 5169 inge-

1870 5190 2035 5243 nium.
2078 5187 2208 5253 Quis
2263 5191 2403 5242 enim
2446 5204 2663 5255 prorsus
2718 5190 2821 5242 hoc
2859 5190 3039 5243 dicere
3085 5198 3165 5241 est
3218 5191 3428 5243 ausus?

1868 5289 1960 5331 aut
2014 5279 2136 5347 quis
2197 5280 2458 5345 ignoravit
2529 5293 2760 5345 unquam
2809 5280 2950 5345 quod
3004 5288 3185 5332 natum
3237 5287 3317 5331 est
3362 5293 3428 5331 ex

1868 5385 2048 5433 carne,
2082 5386 2296 5424 carnem
2326 5385 2443 5424 esse
2473 5371 2494 5421 ?
2523 5369 2625 5424 Sed
2659 5381 2832 5422 tamen
2866 5379 2980 5423 erat
3011 5370 3219 5438 propria
3245 5367 3426 5429 Verbi,

1868 5472 1921 5517 et
1954 5478 2090 5516 unus
2114 5478 2231 5517 cum
2264 5463 2349 5516 illa
2381 5462 2715 5529 intelligitur,
2738 5470 2794 5513 ut
2819 5463 3001 5530 procul
3032 5462 3212 5527 dubio,
3237 5476 3423 5531 quem-

1871 5554 2157 5609 admodum
2205 5560 2447 5625 superius
2496 5556 2750 5622 diximus,
2782 5557 2940 5611 etiam
2984 5555 3216 5609 hominis
3252 5556 3426 5608 anima

3049 5818 3079 5872 4
