4072 6346
671 400 771 453 107

1664 393 1719 448 S.
1763 389 2031 448 CYRILLI
2068 383 2529 440 ALEXANDRINI
2575 383 2891 439 ARCIIIEI'.

3803 378 3896 432 108

668 528 788 566 cum
813 526 909 566 suo
934 525 1155 580 corpore
1185 527 1200 565 :
1238 527 1364 582 ergo
1390 511 1430 566 si
1461 509 1725 580 quispiam
1745 508 1809 563 de
1837 507 1990 561 nobis
2015 519 2226 573 quoque

2333 504 2382 553 εἴ
2426 519 2502 564 τις
2539 503 2709 553 ἕλοιτο
2745 500 2834 552 καὶ
2864 501 2945 567 ἐφ’
2975 499 3127 568 ἡμῶν
3158 500 3350 560 εἰπεῖν,
3389 497 3488 548 οὐκ
3527 496 3814 567 ἄνθρωπος
3841 496 3897 546 τὸ

666 606 849 658 dicere
913 604 1073 668 velit,
1138 619 1242 657 nou
1305 617 1425 656 esse
1484 603 1754 657 hominem
1808 599 1979 668 ipsum
2033 611 2229 664 corpus

665 711 760 762 per
802 710 897 755 se.
957 709 1133 748 nonne
1176 693 1511 762 superﬂuens
1561 693 1613 744 in
1655 705 1903 746 sermone
1951 699 2004 744 et
2054 702 2227 756 nugax

668 786 860 839 merito
915 786 1170 839 dicetur?
1205 784 1384 853 Neque
1436 783 1577 836 enim
1624 783 1905 851 quisquam
1944 788 2232 848 negaturus

667 886 747 929 est
798 878 970 944 ipsum
1011 891 1111 944 per
1164 891 1222 930 se
1251 890 1444 942 corpus
1479 891 1582 927 non
1632 888 1749 927 csse
1799 872 2106 933 hominem,
2139 869 2231 923 sed

661 968 842 1034 p0tius
887 967 1117 1020 hominis
1160 982 1354 1034 corpus
1392 967 1519 1020 diei.
1573 966 1676 1018 Sed
1707 979 1863 1017 nemo
1892 974 2068 1016 tamen
2099 962 2232 1016 duas

666 1056 718 1108 in
751 1063 930 1122 partes
965 1055 1243 1118 dividens,
1282 1070 1346 1108 ac
1391 1055 1614 1108 scorsitn
1658 1067 1861 1121 ponens
1899 1054 2130 1105 animam
2181 1058 2235 1104 et

667 1161 896 1216 corpus,
923 1147 1116 1200 dixerit
1165 1160 1401 1213 unquam
1439 1158 1633 1211 corpus
1677 1144 1864 1197 eodem
1901 1158 2021 1196 cum
2055 1141 2231 1194 anima

665 1237 918 1306 appellari
951 1236 1163 1291 nomine
1189 1237 1253 1288 ad
1284 1251 1446 1289 unum
1482 1234 1753 1287 hominem
1778 1233 2184 1303 significandum
2214 1246 2228 1295 ;

668 1343 841 1396 neque
881 1328 1023 1380 enim
1069 1335 1224 1393 aptus
1255 1328 1355 1379 erit
1385 1325 1645 1395 ejusmodi
1690 1339 1898 1388 sermo,
1925 1323 2015 1376 sed
2061 1322 2234 1391 potius

669 1418 951 1487 imperitiae
983 1417 1192 1486 plenus.
1230 1416 1332 1470 Sed
1362 1432 1480 1470 cum
1509 1426 1793 1484 utrumque
1818 1416 2111 1469 secundum
2138 1428 2232 1466 na-

670 1507 895 1561 turalem
923 1507 1170 1560 unionem
1195 1505 1534 1573 conjunxerit
1563 1508 1629 1560 ad
1660 1507 1816 1559 unius
1848 1506 2078 1558 hominis
2106 1518 2234 1569 con-

665 1600 1017 1663 stitutiouem,
1049 1607 1158 1652 tum
1191 1599 1402 1652 demum
1457 1597 1726 1651 hominem
1773 1597 2079 1666 appellabit.
2134 1609 2233 1648 nec

666 1688 937 1743 videbitur
960 1688 1136 1756 inepte
1154 1687 1702 1756 absurdequedicere.
1725 1687 1974 1757 Oportuit
1997 1699 2146 1754 ergo,
2185 1685 2230 1738 si

665 1781 883 1833 onmiuo
908 1779 1122 1847 sapiens
1148 1779 1306 1831 homo
1326 1781 1600 1846 solersque
1615 1788 1732 1832 erat
1750 1821 1763 1843 ,
1794 1793 1988 1844 corpus
2017 1777 2229 1845 quidem

2334 595 2490 661 σῶμα
2518 593 2638 645 καθ’
2672 591 2847 654 ὲαυτὺ,
2876 591 2936 643 ού
2967 589 3217 657 περιττὸς
3247 590 3322 651 εἰς
3357 588 3547 654 λόγους
3580 588 3671 640 καὶ
3700 586 3898 638 εἰκαιό-

2336 685 2502 753 μυθος
2542 683 2861 752 ὀνομάζοιτο
2907 681 2973 734 ἂν
3006 681 3266 744 εἰκότως;
3320 678 3777 748 Ἀρνήσεται-γὰρ
3813 676 3898 727 ού-

2331 774 2462 837 δεὶς,
2499 774 2581 825 ὅτι
2629 773 2701 842 μὴ
2732 771 3016 842 ἅνθρωπος
3053 770 3114 822 τὸ
3158 769 3318 838 σῶμα
3365 769 3485 822 καθ’
3527 769 3707 830 ἑαυτὸ,
3741 769 3899 834 σῶμα

2330 866 2388 918 δὲ
2423 866 2622 935 μᾶλλον
2652 863 2938 934 ἀνθρώπου
2986 861 3183 929 λέγοιτ’
3217 860 3299 914 ἄν.
3337 859 3483 928 Πλὴν
3520 859 3580 910 ού
3623 858 3744 926 δίχα
3782 856 3899 907 δια-

2331 957 2534 1026 τεμὼν,
2571 958 2662 1009 καὶ
2691 957 2793 1010 ἀνὰ
2846 955 3011 1025 μέρος
3056 953 3226 1014 τιθεὶς
3254 952 3430 1021 ψυχήν
3476 969 3535 1002 τε
3580 950 3672 1003 καὶ
3717 951 3896 1018 σῶμα,

2333 1049 2468 1116 φαίη
2506 1065 2588 1109 τις
2631 1049 2719 1109 ἂν,
2768 1047 2850 1099 ὅτι
2906 1045 3305 1114 συγχρηματιεῐ
3335 1045 3394 1094 τὸ
3442 1042 3600 1110 σῶμα
3634 1044 3698 1110 τῇ
3751 1041 3898 1110 ψυχῇ

2339 1141 2477 1207 πρὸς
2524 1140 2642 1200 ἑνὸς
2687 1137 2972 1205 ἀνθρώπου
3022 1136 3283 1204 δήλωσιν·
3327 1135 3412 1203 εἴη
3456 1134 3564 1204 γὰρ
3601 1134 3666 1186 ἄν
3707 1135 3809 1184 οὐκ
3845 1134 3899 1183 ὲν

2333 1231 2524 1300 κόσμῳ
2569 1230 2936 1299 γεγενημένος
2973 1231 3000 1282 6
3028 1229 3230 1281 τοιόσδε
3275 1228 3461 1293 λόγος,
3493 1225 3688 1294 μᾶλλον
3716 1225 3770 1277 δὲ
3810 1225 3900 1276 καὶ

2333 1320 2571 1390 ἀμαθίας
2589 1320 2858 1390 ἔμπλεως.
2883 1321 3081 1389 ’Ἄμφω
3103 1337 3162 1387 γε
3187 1318 3292 1388 μὴν
3314 1317 3431 1370 καθ’
3450 1318 3642 1370 ἕνωσιν
3663 1317 3898 1385 φυσικὴν

2335 1413 2674 1480 συνενεγκὼν
2713 1414 2792 1475 εἰς
2827 1413 2942 1475 ἐνὸς
2991 1412 3276 1483 ἀνθρώπου
3317 1411 3606 1473 σύστασιν,
3640 1411 3758 1462 τότε
3812 1413 3901 1461 καὶ

2332 1505 2616 1575 ἄνθρωπον
2645 1503 2925 1573 ὀνομάσει·
2965 1504 3058 1557 καὶ
3093 1503 3195 1554 κᾶν
3230 1502 3341 1572 [ton
3366 1501 3464 1552 οὑκ
3493 1501 3578 1570 ἂν]
3609 1501 3748 1553 οὕτω
3775 1501 3902 1570 δόξῃ

2331 1593 2650 1663 ἀσύμφυλόν
2673 1610 2730 1646 τε
2759 1593 2852 1646 καὶ
2875 1593 3106 1653 ἀκαλλὲς
3132 1594 3325 1644 εἰπεῖν.
3343 1591 3488 1643 Ἔδει
3516 1590 3712 1652 τοίνυν,
3744 1592 3901 1658 εἴπερ

2329 1700 2414 1746 τις
2445 1679 2513 1753 ἦν
2546 1683 2683 1743 ὅλως
2711 1683 2870 1751 σοφός
2903 1699 2962 1734 τε
2997 1683 3092 1734 καὶ
3125 1681 3398 1750 νουνεχὴς,
3432 1679 3592 1750 σῶμα
3614 1682 3809 1741 εἰπεῖν,
3843 1679 3903 1730 τὸ

2333 1777 2397 1827 ὲκ
2451 1776 2740 1842 γυναικός⁶
2793 1774 3264 1844 προσομολογῆσαι
3297 1773 3352 1824 δὲ
3391 1773 3472 1825 ὅτι
3511 1775 3579 1842 τῇ
3615 1771 3730 1824 καθ’
3767 1772 3903 1822 ὑπόο

666 1869 791 1923 illud
808 1884 871 1922 ex
895 1868 1117 1922 muliere
1140 1869 1339 1931 dicere,
1366 1878 1420 1922 et
1442 1869 1661 1936 insuper
1687 1868 1862 1933 lateri,
1886 1868 2010 1920 illud
2033 1867 2229 1919 unitate

2339 1883 2525 1918 στασιν
2556 1864 2744 1918 ἑνώσει
2773 1864 3088 1933 συνενεχθὲν
3115 1863 3192 1933 τῷ
3219 1864 3396 1933 Λόγῳ,
3421 1863 3654 1934 Χριστὸν
3678 1863 3774 1914 ἕνα
3807 1865 3902 1914 καὶ

666 1959 962 2014 secundum
1032 1958 1362 2028 hypostasim
1441 1973 1564 2011 cum
1630 1957 1806 2011 Verbo
1863 1951 2228 2024 co'njunctum,

667 2063 833 2101 unum
899 2045 1176 2099 Christum
1243 2053 1298 2098 et
1352 2044 1548 2098 Filium
1604 2053 1658 2098 et
1710 2044 1993 2098 Dominum
2051 2044 2231 2097 absol-

645 2131 842 2201 visse,
899 2137 1152 2191 eumdem
1228 2135 1386 2190 simul
1468 2144 1524 2191 et
1576 2136 1738 2190 Deum
1817 2145 1872 2190 et
1936 2135 2228 2190 hominem.

666 2226 774 2297 59
796 2225 947 2281 Nunc
983 2240 1112 2280 vero
1155 2227 1258 2280 hoc
1301 2227 1522 2290 omisso,
1570 2240 1819 2293 perversa
1851 2225 2092 2294 graditur
2126 2225 2229 2288 via.

665 2319 731 2371 de
775 2326 921 2370 recta
963 2317 1250 2381 decedens,
1299 2330 1363 2370 ac
1407 2316 1542 2370 duos
1592 2315 1746 2370 nobis
1793 2321 1920 2371 deos
1955 2316 2228 2385 prmdicat,

666 2423 831 2460 unum
873 2407 1166 2460 secundum
1206 2415 1452 2459 naturam
1487 2422 1548 2462 ac
1579 2409 1883 2472 veritatem,
1917 2409 2045 2461 illud
2083 2406 2234 2460 uimi-

669 2513 784 2551 rum
831 2511 896 2552 ex
954 2497 1060 2551 Deo
1113 2497 1274 2552 Patre
1321 2496 1591 2563 Verbum;
1647 2499 1809 2553 alium
1859 2514 1988 2553 vero
2038 2508 2232 2568 praeter

667 2591 829 2652 hunc,
877 2587 967 2654 qui
1001 2587 1160 2641 simul
1192 2603 1312 2641 eum
1344 2603 1408 2642 eo
1455 2587 1598 2645 Deus
1631 2590 1947 2658 appellatur.
1983 2590 2054 2644 Ut
2085 2589 2229 2643 enim

665 2693 821 2732 nemo
862 2678 1031 2730 nostri
1089 2679 1305 2747 generis
1352 2679 1551 2732 dicitur
1584 2694 1705 2733 cum
1753 2695 1812 2733 se
1864 2680 1979 2748 ipso
2027 2690 2081 2734 et
2114 2680 2230 2735 solo

662 2769 996 2831 conversari,
1039 2769 1185 2822 verbi
1214 2770 1410 2838 gratia,
1440 2770 1534 2823 sed
1580 2786 1699 2824 cum
1747 2770 1916 2825 altero
1943 2786 2229 2827 conversa-

662 2868 770 2924 tur,
806 2873 869 2912 ac
910 2859 954 2912 si
984 2873 1142 2927 quem
1171 2874 1201 2913 e
1225 2860 1457 2914 terrenis
1489 2860 1702 2929 regibus
1721 2862 2004 2930 quisquam
2035 2862 2231 2917 dixerit

664 2952 823 3005 simul
873 2966 996 3004 cum
1054 2953 1233 3020 seipso
1284 2966 1529 3021 regnare,
1559 2954 1681 3021 jure
1726 2955 1796 3009 sit
1855 2954 2130 3019 ridendus,
2176 2963 2230 3008 et

665 3040 972 3107 negabitur,
1020 3041 1145 3093 dum
1183 3041 1322 3108 quod
1374 3044 1440 3094 de
1474 3056 1580 3095 uno
1628 3042 1853 3110 soloque
1886 3043 2104 3106 dicitur,
2149 3041 2230 3096 sic

2334 1956 2462 2009 Υίὸν
2503 1955 2598 2007 καὶ
2638 1956 2844 2022 Κύριον
2880 1954 3239 2008 ἀποτετέλεκε
3281 1955 3372 2005 τὸν
3416 1955 3578 2006 αὑτὸν
3613 1953 3739 2005 ὄντα
3769 1952 3903 2004 Θεὸν

2335 2051 2428 2101 καὶ
2459 2048 2740 2118 ἄνθρωπον
2762 2064 2776 2077 ·
2808 2049 2923 2100 νυνὶ
2949 2048 3006 2101 δὲ
3040 2047 3199 2100 τοῦτο
3231 2044 3435 2113 μεθεὶς,
3457 2046 3627 2098 οἴεται
3655 2044 3761 2114 (16)
3804 2045 3904 2113 μὲν

2333 2139 2430 2208 τὴν
2459 2138 2898 2208 διεστραμμένην
2945 2138 3042 2207 τῆς
3079 2139 3157 2200 είς
3214 2137 3342 2191 εὐθὺ
3381 2137 3714 2190 διεκπίπτων
3740 2134 3862 2186 ὁδοῦ
3888 2151 3899 2161 ·

2332 2229 2425 2282 δύο
2452 2229 2506 2281 δὲ
2555 2231 2684 2298 ἡμῖν
2730 2228 3077 2298 διακηρύττει
3135 2229 3320 2290 Θεοὺς,
3354 2229 3448 2279 ἕνα
3507 2228 3603 2296 μὲν
3635 2228 3710 2288 ὡς
3743 2226 3904 2293 φύσει

2334 2320 2426 2373 καὶ
2451 2320 2678 2389 ἀληθείᾳ
2703 2320 2793 2372 τὸν
2842 2322 2904 2372 ὲκ
2953 2319 3087 2372 Θεοῦ
3144 2319 3352 2385 Πατρὸς
3394 2319 3593 2384 Λόγον·
3634 2319 3818 2386 ἕτερον
3849 2317 3906 2368 δὲ

2335 2413 2464 2482 παρ’
2517 2411 2718 2475 αὐτὸν,
2767 2413 2858 2464 τὸν
2909 2409 3422 2480 συγχρηματίζοντα
3475 2408 3652 2478 αὐτῷ·
3697 2409 3755 2460 ὃν
3795 2407 3907 2476 γὰρ

2333 2498 2530 2567 τρόπον
2556 2499 2727 2560 οὐδεὶς
2763 2499 2828 2551 ἂν
2858 2499 3069 2564 λέγοιτο
3117 2499 3224 2549 τῶν
3258 2497 3379 2550 καθ’
3407 2499 3552 2566 ἡμᾶς
3593 2496 3772 2564 ἑαυτῴ
3813 2500 3906 2548 καὶ

2335 2590 2479 2659 μόνῳ
2506 2588 2906 2643 συνδιαιτᾶσθαι
2931 2588 3109 2657 τυχὸν,
3142 2588 3310 2658 ἑτέρῳ
3341 2589 3394 2640 δὲ
3434 2589 3634 2657 μᾶλλον
3666 2589 3907 2640 συνδιαι-

2331 2679 2576 2746 τήσεται.
2627 2678 2744 2732 Κᾶν
2778 2680 2830 2732 εί
2874 2696 2996 2732 τινα
3030 2679 3176 2746 λέγοι
3217 2679 3323 2732 τῶν
3357 2679 3448 2729 ἐπὶ
3491 2679 3595 2747 γῆς
3640 2678 3910 2747 βασιλέων

2334 2766 2753 2836 συμϐασιλεύειν
2783 2767 2980 2838 ἑαυτῷ,
3005 2767 3155 2836 ὄφλοι
3186 2769 3253 2822 ἂν
3283 2767 3511 2831 εἰκότως
3542 2768 3774 2836 γέλωτα,
3809 2769 3909 2820 καὶ

2334 2859 2617 2930 βατταριεῖ
2647 2860 2708 2912 τὸ
2745 2860 2829 2929 ἐφ’
2862 2860 2981 2924 ἑνός
3008 2877 3068 2912 τε
3105 2860 3200 2912 καὶ
3228 2860 3388 2930 μόνου
3417 2860 3586 2923 τιθεὶς
3615 2861 3708 2914 καὶ
3732 2859 3912 2927 λέγων

2330 2951 2405 3014 ὼς
2433 2953 2526 3004 ἐπὶ
2554 2953 2720 3018 δυοῖν,
2762 2953 2934 3018 οὕτως
2969 2955 3225 3008 ἀσύνετον
3259 2955 3453 3024 κομιδῆ
3483 2954 3544 3006 τὸ
3581 2969 3909 3023 συγχρημα-

2331 3045 2503 3106 τέξειν
2536 3046 2746 3098 οἴεσθαι
2793 3047 2914 3099 καθ’
2944 3047 3061 3107 ἑνός
3094 3064 3152 3099 τε
3193 3046 3285 3100 καὶ
3319 3047 3478 3116 μόνου
3508 3045 3768 3098 δύνασθαι
3803 3063 3913 3114 χω-

660 3131 817 3199 ponit
867 3140 1029 3198 atque
1081 3130 1398 3199 pronuntiat
1450 3142 1704 3200 tanquam
1759 3137 1824 3186 de
1867 3133 2109 3197 duobus;
2157 3130 2226 3186 it'a

2337 3136 2465 3204 ρεῖν,
2498 3133 2590 3186 δύο
2621 3135 2729 3204 γάρ
2767 3152 2867 3186 που
2909 3135 3126 3197 πάντως
3175 3130 3283 3186 εἷεν
3304 3124 3421 3186 ’ἀν’
3451 3133 3544 3186 καὶ
3581 3135 3609 3185 6
3664 3132 3760 3200 μὲν
3791 3133 3913 3184 ἔστι

668 3223 888 3274 stultum
921 3236 1050 3274 sane
1087 3221 1369 3289 sitputare
1395 3221 1497 3275 hoc
1530 3223 1725 3290 ipsum,
1753 3221 1914 3276 simul
1946 3221 2226 3291 appellari,

664 3314 730 3364 de
773 3325 880 3364 uno
925 3310 1144 3378 soloque
1185 3312 1294 3365 diei
1349 3327 1506 3379 posse
1540 3327 1553 3362 :
1587 3312 1692 3365 duo
1730 3325 1963 3381 namque
2009 3327 2231 3381 prorsus

663 3409 843 3467 erunt,
880 3409 934 3454 et
964 3401 1101 3454 alter
1141 3402 1438 3454 secundum
1473 3412 1718 3455 naturam
1756 3402 1914 3468 Deus,
1941 3403 2078 3456 alter
2103 3417 2231 3457 vero

665 3491 849 3559 procul
877 3492 1039 3546 dubio
1069 3507 1192 3546 cum
1223 3493 1273 3546 id
1308 3493 1479 3546 solum
1513 3493 1708 3547 habeat
1736 3503 1794 3546 ut
1825 3493 1986 3547 simul
2013 3509 2133 3547 cum
2165 3508 2230 3548 eo

665 3593 890 3635 vocetur
940 3582 1114 3649 Deus,
1169 3582 1330 3649 idque
1377 3584 1714 3636 extrinsecus
1756 3593 1811 3636 et
1862 3584 2227 3650 acquisitum,

666 3687 856 3726 recens
884 3673 1038 3727 nobis
1066 3672 1207 3727 Deus
1253 3674 1479 3726 exstitit.
1514 3673 1649 3726 Num
1681 3688 1808 3742 ergo
1857 3674 2113 3726 mentitur
2144 3674 2232 3727 ille

663 3775 855 3819 natura
893 3773 947 3817 et
993 3779 1120 3818 vere
1152 3765 1530 3818 universorqu
1573 3765 1710 3818 Deus
1743 3780 1864 3818 cum
1903 3764 2035 3819 dicit
2069 3782 2082 3818 :
2119 3784 2136 3815 ι
2172 3764 2228 3818 Si

666 3856 900 3910 audieris
948 3870 1055 3919 me,
1103 3870 1206 3910 non
1256 3857 1362 3910 erit
1415 3857 1464 3908 in
1518 3867 1567 3909 te
1615 3856 1748 3910 deus
1801 3871 2010 3922 recens,
2059 3870 2232 3924 neque

665 3947 917 4001 adorabis
961 3948 1119 4001 deum
1169 3947 1402 4000 alienum
1430 3948 1508 4000 M?
1544 3967 1561 3997 ι
1606 3947 1718 4000 Hoc
1762 3947 1808 4000 si
1841 3948 1912 4000 ita
1950 3956 2050 4011 est,
2096 3963 2230 4015 quo-

669 4033 824 4087 modo
871 4035 1160 4088 adoramus
1208 4034 1511 4100 Christum,
1563 4044 1616 4088 et
1670 4036 1746 4088 illi
1787 4034 2030 4089 ﬂectetur
2073 4051 2232 4090 omne

665 4123 846 4190 genu?
899 4125 1169 4192 quomodo
1222 4125 1383 4179 etiam
1447 4126 1594 4180 illum
1641 4128 1884 4181 venerari
1936 4128 2228 4191 conﬁteris,

666 4230 788 4268 cum
824 4223 1000 4270 tamen
1031 4214 1312 4279 formides,
1340 4225 1397 4269 ut
1426 4217 1632 4279 dixisti,
1665 4232 1732 4270 ne
1761 4218 2081 4272 hominicola
2113 4232 2232 4273 esse

665 4307 944 4360 videaris?
973 4306 1081 4360 Sed
1120 4307 1284 4360 habet
1313 4310 1504 4361 adhoc
1537 4308 1795 4376 aliquam,
1828 4318 1886 4362 ut
1913 4310 2026 4378 ipse
2058 4317 2228 4378 putat,

663 4409 874 4453 acutam
916 4400 1319 4467 responsionem
1371 4416 1540 4454 :nam
1594 4411 1852 4470 tanquam
1911 4402 2230 4472 eonjunetus

2333 3223 2477 3282 κατά
2505 3222 2664 3289 φύσιν
2697 3223 2828 3284 Θεός
2851 3240 2862 3253 ·
2897 3225 2924 3273 6
2951 3223 3028 3284 δὲ,
3071 3224 3208 3290 τάχα
3253 3238 3357 3273 που
3397 3223 3492 3275 καὶ
3525 3223 3682 3290 μόνον
3733 3222 3796 3273 τό
3847 3239 3913 3289 γε

2333 3313 2776 3382 συγχρηματίσαι
2829 3313 3060 3380 θύραθὲν
3110 3329 3171 3364 τε
3235 3313 3332 3364 καὶ
3377 3311 3669 3379 ἐπίκτητον
3743 3311 3911 3380 ἔχων,

2333 3405 2643 3474 πρόσφατος
2678 3406 2810 3473 ἡμῖν
2859 3403 3139 3472 ἀνεδείχθη
3170 3403 3322 3465 Θεός.
3364 3399 3488 3472 'Ap‘
3517 3398 3609 3454 οὖν
3652 3402 3914 3471 ψεύδεται

2331 3494 2525 3562 λέγων,
2549 3497 2576 3547 6
2607 3495 2768 3562 φύσει
2801 3513 2858 3547 τε
2890 3495 2984 3547 καὶ
3005 3495 3217 3565 ἀληθῶς
3249 3495 3355 3547 τῶν
3389 3495 3527 3547 ὅλων
3543 3494 3705 3557 Θεός·
3740 3513 3756 3545 ι
3782 3494 3916 3546 Ἐὰν

2331 3584 2572 3657 ἀκούσῃς
2601 3604 2724 3654 μου,
2755 3587 2855 3637 οὐκ
2886 3585 3038 3637 ἔσται
3063 3588 3120 3638 ἐν
3151 3587 3234 3637 σοὶ
3270 3585 3389 3647 θεὸς
3424 3585 3756 3654 πρόσφατος,
3787 3585 3916 3637 οὐδὲ

2333 3677 2730 3744 προσκυνήσεις
2773 3674 2880 3744 θεῷ
2929 3675 3218 3745 ἀλλοτρίῳ;
3252 3693 3269 3723 ι
3329 3673 3458 3728 Εἶτα
3504 3675 3623 3736 πῶς
3667 3691 3917 3744 προσκε-

2334 3765 2647 3832 κυνήκαμεν
2679 3762 2754 3832 τῷ
2787 3763 3026 3833 Χριστῷ,
3059 3764 3153 3816 καὶ
3178 3763 3327 3832 αὐτῷ
3363 3762 3566 3832 κάμψει
3599 3765 3707 3815 πᾶν
3740 3764 3915 3831 γόνυ;

2335 3853 2450 3915 πῶς
2477 3854 2532 3905 δὲ
2575 3855 2669 3905 καὶ
2707 3854 2886 3907 σέϐειν
2941 3855 3101 3906 αὑτὸν
3133 3854 3445 3923 ὁμολογεῖς,
3487 3854 3662 3906 καίτοι
3696 3853 3914 3919 δεδιὼς,

2328 3947 2407 4020 ,ὡς
2440 3945 2597 4015 ἔφης,
2630 3946 2690 3997 τὸ
2723 3945 3182 4016 ἀνθρωπολάτρης
3214 3940 3350 3998 εἶναι
3388 3945 3583 3998 δοκεῖν.
3624 3945 3760 3997 Ἀλλ’
3797 3944 3918 4014 ἔχει

2332 4035 2450 4087 τινὰ
2485 4033 2736 4101 καθάπερ
2777 4029 2869 4086 οὖν
2912 4034 3081 4086 οἱέται
3120 4033 3280 4100 σοφὸν
3314 4034 3405 4085 ἐπὶ
3449 4033 3583 4102 τῷδε
3609 4033 3765 4100 λόγον
3788 4052 3801 4065 ·
3840 4035 3920 4098 ὡς

2333 4129 2443 4196 γὰρ
2475 4126 2553 4194 τῷ
2606 4125 2823 4179 λαϐόντι
2865 4125 3195 4194 συναφθεὶς,
3245 4125 3677 4194 συγχρηματίζει
3729 4125 3915 4187 Θεός·

2334 4219 2450 4278 πῶς
2488 4216 2695 4286 ἐλήφθη
2748 4215 2976 4286 φράσον,
3023 4215 3207 4284 ἢτίνα
3261 4216 3528 4283 συνῆπται
3569 4215 3806 4286 τρόπον;
3855 4217 3919 4268 Εἰ

2336 4308 2431 4377 μὲν
2459 4303 2551 4361 οὖν
2571 4308 2688 4361 καθ’
2712 4308 2904 4360 ἕνωσιν
2935 4306 3130 4376 ἀληθῆ,
3151 4307 3247 4375 τὴν
3273 4308 3392 4359 καθ’
3422 4306 3716 4358 ὑπόστασιν
3738 4305 3916 4373 λέγω,

2336 4398 2541 4451 παῦσαι
2582 4397 2820 4468 μερίζων
2853 4397 2912 4449 τὸ
2943 4398 3252 4467 ἡνωμένονο
3286 4397 3376 4448 ἐπὶ
3420 4395 3605 4466 καιροῦ
3638 4395 3693 4446 δὲ
3727 4392 3918 4465 οἶμαι,

663 4491 957 4543 assumenti
989 4489 1148 4543 simul
1183 4488 1486 4556 appellatur
1511 4490 1686 4543 Deus:
1720 4491 1992 4559 quomodo
2022 4506 2229 4545 assum-

2335 4487 2427 4537 καὶ
2467 4487 2602 4555 πρός
2647 4502 2711 4552 γε
2766 4485 2922 4555 ἡμῶν
2981 4486 3258 4556 εἰρήσεται
3313 4485 3654 4555 διατέμνοντί
3704 4501 3790 4537 σοι
3860 4487 3923 4538 τὸ

662 4586 785 4645 plus
845 4587 927 4631 est
983 4579 1274 4645 eloquere,
1327 4588 1418 4631 aut
1475 4593 1708 4647 quonam
1779 4580 2096 4648 eonjunetus
2147 4591 2230 4635 est

663 4669 853 4721 modo?
888 4666 1019 4721 Nam
1052 4669 1094 4722 si
1134 4669 1348 4739 quidem
1396 4667 1689 4723 secundum
1729 4686 1913 4724 veram
1949 4672 2226 4735 unionem,

663 4757 809 4809 illam
854 4759 1148 4812 secundum
1198 4759 1527 4828 hypostasim
1577 4762 1728 4825 dico;
1779 4763 1966 4816 desine
2013 4763 2227 4815 tandem

666 4847 874 4899 unitum
900 4846 1183 4916 dividere:
1215 4858 1270 4901 et
1305 4858 1605 4916 opportune
1633 4851 1794 4903 etiam
1841 4865 1867 4900 a
1899 4850 2051 4903 nobis
2078 4849 2226 4903 dice-

667 4946 752 4988 tur
805 4936 898 4988 tibi
955 4936 1286 4989 individuum
1337 4937 1613 4992 dividenti.
1669 4961 1684 4986 ε
1717 4940 1866 5004 Quod
1913 4955 2040 5008 ergo
2089 4939 2228 4992 Deus

661 5025 962 5094 conjunxit,
997 5026 1156 5080 homo
1186 5042 1257 5080 ne
1295 5028 1494 5081 dividat
1516 5031 1578 5082 δ’.
1614 5049 1632 5081 ι
1664 5029 1756 5083 Sin
1804 5032 2223 5096 assumptionem

665 5121 824 5170 istam
873 5132 965 5171 seu
1019 5118 1450 5185 coniunctionem
1501 5137 1620 5175 esse
1669 5123 1802 5174 dicis
1840 5133 2118 5175 externam
2164 5138 2226 5176 ac

665 5207 965 5269 relativam,
1003 5189 1286 5274 ‘quomodo
1333 5225 1438 5263 non
1483 5211 1718 5263 advertis
1761 5212 1812 5264 in
1861 5213 2014 5264 nobis
2063 5213 2223 5264 etiam

661 5312 778 5351 esse
807 5297 994 5361 Deum,
1030 5306 1082 5350 et
1109 5312 1208 5352 nos
1238 5297 1314 5352 illi
1343 5299 1590 5369 conjungi
1625 5301 1866 5363 relative,
1907 5312 1960 5354 et
2000 5302 2222 5368 partici—

732 5453 775 5485 ⁶²
810 5455 976 5508 Exod.
1010 5472 1096 5520 xx,
1123 5457 1192 5519 2;
1223 5456 1359 5510 Psal.
1391 5473 1552 5521 Lux,
1592 5458 1674 5511 10.
1754 5461 1796 5490 ⁸³
1824 5458 2016 5511 Matth.
2048 5476 2156 5522 xix,
2188 5459 2241 5511 6.

2334 4575 2596 4644 ἄτμητον,
2639 4594 2656 4626 ι
2696 4573 2763 4629 *Ο
2806 4572 2898 4628 οὖν
2946 4575 3076 4637 Θεὸς
3126 4574 3459 4638 συνέζευξεν,
3495 4573 3784 4645 ἄνθρωπος
3841 4578 3923 4646 μὴ

2333 4667 2631 4736 χωριζέτω.
2670 4687 2687 4719 ι
2728 4666 2791 4720 Εἰ
2849 4668 2905 4719 δέ
2948 4685 3010 4735 γε
3043 4669 3140 4737 τὴν
3173 4667 3360 4737 λῆψιν,
3415 4669 3579 4735 ἤγουν
3631 4666 3726 4735 τὴν
3782 4685 3923 4720 συν-

2335 4759 2550 4826 άφειαν,
2607 4758 2802 4822 ἔξωθέν
2850 4777 2908 4810 τε
2959 4760 3050 4810 καὶ
3101 4759 3354 4827 σχετικὴν
3408 4753 3542 4809 εἶναι
3594 4756 3732 4826 φὴς,
3793 4761 3924 4824 πῶς

2334 4851 2629 4919 ἠγνόηκας,
2652 4851 2734 4902 ὅτι
2768 4851 2859 4902 καὶ
2888 4867 2943 4902 εν
2969 4852 3100 4918 ἡμῖν
3127 4850 3242 4900 ἐστι
3268 4849 3418 4911 Θεὸς,
3451 4849 3542 4900 καὶ
3567 4850 3726 4917 ἡμεῖς
3754 4850 3924 4919 αὐτῷ

2337 4941 2714 5009 συναπτόμεθα
2741 4941 3025 5008 ηετικῶς,
3055 4940 3149 4992 καὶ
3172 4941 3415 4992 κοινωνοὶ
3439 4940 3538 5008 τῆς
3563 4939 3707 5002 θείας
3736 4943 3923 4996 αὐτοῦ

2335 5033 2636 5102 γεγόναμεν
2671 5032 2918 5099 φύσεως;
2954 5032 3159 5084 Ψάλλει
3189 5032 3317 5098 γοῦν
3338 5034 3364 5084 6
3394 5031 3679 5093 θεσπέσιος
3702 5032 3888 5087 Δαϐίδ
3907 5051 3921 5064 ·

2342 5141 2358 5172 ι
2383 5122 2678 5193 Ἐκολλήθη
2740 5125 2771 5193 ἠ
2819 5123 2961 5193 ψυχή
3003 5141 3102 5193 μου
3134 5124 3306 5176 ὀπίσω
3347 5140 3475 5174 σουυ
3507 5142 3525 5173 ι
3580 5139 3924 5193 συγχρημα-

2334 5214 2552 5282 τιοῠμεν
2587 5211 2679 5266 οὖν
2709 5214 2815 5282 ἄρα
2844 5216 2937 5266 καὶ⁹
2988 5217 3170 5283 ἡμεῖς,
3223 5213 3300 5283 τῷ
3346 5214 3485 5266 κατὰ
3543 5213 3704 5282 φύσιν
3765 5215 3923 5284 Θεῷ,

2334 5305 2444 5356 θεοὶ
2472 5307 2590 5357 κατ’
2626 5307 2810 5367 αὐτὸν,
2837 5305 3041 5375 κάμψει
3068 5307 3162 5358 καὶ
3184 5308 3316 5376 ἡμῖν
3339 5307 3448 5358 πᾶν
3469 5306 3618 5374 γόνυ.
3647 5305 3714 5358 Τί
3738 5321 3929 5376 προσ-

1952 5611 2110 5665 ΛΝΤ.
2152 5611 2420 5665 AGELLH
2464 5610 2695 5665 NOTIE.

734 5768 841 5837 (lii)
887 5768 1184 5838 Legcnduui
1225 5769 1381 5834 ἵεται,
1421 5781 1474 5822 ιιι
1515 5771 1564 5823 in
1598 5779 1837 5825 extremo
1873 5771 1970 5824 hoc
2006 5785 2040 5823 ιι
2093 5770 2228 5825 libro

2333 5771 2412 5834 :il,
2449 5769 2603 5838 μόνος
2639 5771 2708 5823 ἴθι
2742 5772 2834 5841 τὴν
2869 5773 3320 5844 διεστραμμένην.
