4072 6346
138 358 232 414 109

1209 353 1579 411 ADVERSUS
1618 353 2019 411 NESTORIUM
2062 353 2187 408 LIB.
2231 353 2291 406 II.

3257 352 3358 403 IID

135 472 317 543 τέταχε
352 474 462 536 τοῖς
492 472 601 526 ἄνω
634 473 938 543 πνεύμασιν
964 475 990 527 6
1019 474 1149 537 Θεὸς
1183 476 1275 527 καὶ
1307 475 1514 545 Πατὴρ,
1550 476 1693 528 διδαο

1806 490 1894 545 pes
1927 490 2023 529 nos
2055 475 2225 529 factos
2273 488 2393 528 esse
2436 473 2629 528 divinre
2671 472 2787 541 ejus
2823 470 3133 525 naturae"?
3168 469 3362 525 Psallit

136 565 303 618 σκὲτω
327 563 611 634 παρελθὼν
641 567 668 616 6
722 565 1009 628 θεσπέσιος
1055 565 1284 627 Παῦλος.
1320 584 1337 616 ι
1363 567 1531 619 Ὅταν
1563 567 1689 637 γὰρ,

136 656 310 724 φησιν,
345 656 612 727 εἰσαγάγῃ
640 656 728 707 τὸν
760 658 1103 727 πρωτότοκον
1130 658 1208 719 εις
1230 657 1328 726 τὴν
1348 658 1691 727 οἰκουμένην,

132 746 308 811 λέγει·
344 747 453 798 Καὶ
483 748 1015 817 προσκυνησάτωσαν
1065 746 1211 817 αύτῷ
1242 748 1440 811 πάντες
1475 749 1694 815 ἄγγελοι

134 836 283 889 Θεοῦ.
316 855 334 887 ι
370 836 577 889 Οὐκοῦν
612 837 909 907 ἐπειδήπερ
943 838 997 888 ὲν
1026 837 1256 901 τούτοις,
1292 837 1352 890 τὸ
1395 838 1483 889 σὸν
1513 839 1576 907 δὴ
1605 840 1697 892 κα)⁸

135 929 290 997 σοφὸν
330 928 432 981 οὐκ
475 930 892 1000 ὲπενήνεγκταιο
948 928 1372 999 προσκυνεῖσθαι
1401 928 1456 980 δὲ
1500 929 1696 997 μᾶλλον

134 1020 515 1091 προστέταχεν,
570 1020 643 1082 ὡς
687 1020 783 1073 ἕνα
819 1037 921 1072 που
956 1020 1193 1086 πάντως,
1227 1020 1321 1072 καὶ
1361 1019 1456 1088 οὐχ
1513 1020 1697 1090 ἕτερον

132 1112 225 1164 σὺν
254 1112 424 1182 ἑτέρῳ
444 1128 456 1141 ·
493 1111 577 1174 τίς
607 1112 729 1175 δὲ,ὁ
760 1112 910 1182 παρὰ
940 1111 1045 1165 τῶν
1077 1112 1323 1180 ἀγγέλων
1356 1114 1694 1182 προσκυνού-

132 1222 326 1274 μενος;
374 1204 565 1257 Καίτοι
593 1204 685 1257 τὸν
716 1206 1058 1276 πρωτότοκον
1090 1208 1122 1275 ἡ
1158 1206 1276 1259 θεία
1308 1207 1457 1275 λέγει
1484 1207 1697 1277 Γραφὴ,

128 1298 467 1366 πρωτότοκον
497 1296 553 1349 δὲ
592 1296 906 1365 ὠνομάσθαι
935 1297 1132 1366 φαμὲν,
1166 1297 1256 1349 τὸν
1308 1298 1371 1349 ὲκ
1415 1297 1550 1348 Θεοῦ
1587 1298 1697 1348 [Ια-

127 1389 251 1459 τρὸς
282 1388 474 1455 Λόγον,
516 1388 694 1439 καίτοι
728 1387 859 1440 Θεὸν
895 1388 1026 1441 ὄντα
1067 1387 1209 1441 κατὰ
1252 1388 1414 1456 φύσιν
1446 1388 1536 1440 καὶ
1571 1388 1698 1440 Υίὸν

130 1478 409 1548 μονογενῆ,
443 1478 535 1530 καὶ
583 1477 917 1532 ἀσύντακτον
957 1480 1021 1547 τῇ
1078 1478 1272 1540 κτίσει,
1321 1478 1459 1530 κατά
1498 1494 1559 1545 γε
1606 1478 1696 1530 τὸν

124 1568 219 1638 τῆς
249 1568 502 1637 θεότητος
556 1568 733 1635 λόγον,
784 1569 866 1619 ὅτι
893 1566 1118 1635 γέγονεν
1146 1567 1453 1638 ἄνθρωπος,
1499 1568 1591 1620 καὶ
1643 1570 1699 1621 ὲν

126 1661 340 1724 πολλοῖς
375 1661 621 1729 ἀδελφοῖς
647 1658 1011 1729 πρωτότοκος.
1032 1652 1125 1719 Εἷς
1163 1653 1254 1709 οὖν
1294 1658 1402 1727 ἄρα
1431 1657 1567 1726 πρὸς
1592 1656 1699 1708 τῶν

126 1750 234 1805 ἄνω
258 1750 583 1819 πνευμάτων
614 1750 639 1800 6
672 1746 1165 1817 προσκυνούμενος,
1192 1748 1217 1797 6
1244 1746 1306 1797 ὲκ
1330 1744 1463 1797 Θεοῦ
1489 1745 1701 1814 Ιιατρὸς

1796 576 1943 620 certe
1983 568 2169 621 beatus
2226 567 2388 619 David
2437 584 2448 617 :
2503 586 2520 615 ι
2552 564 2789 619 Adhmsit
2838 563 3015 617 anima
3072 576 3188 616 mea
3240 570 3362 631 post

1798 668 1850 713 te
1873 659 1955 724 “;
1994 678 2011 710 ι
2053 674 2184 727 ergo
2231 673 2327 712 nos
2357 674 2568 727 quoque
2617 674 2681 712 ex
2718 655 2980 712 sententia
3032 654 3190 710 simul
3234 668 3358 708 cum

1797 750 1889 804 illo
1925 765 1990 805 ex
2042 760 2234 803 natura
2285 749 2393 804 Deo
2443 750 2516 803 dii
2567 749 2771 803 erimus
2816 758 2977 815 atque
3020 745 3357 807 voeabimur,

1799 841 2057 909 nobisque
2088 840 2335 896 flectetur
2367 855 2526 895 omne
2550 855 2712 911 genu.
2745 838 2885 905 Quid
2918 836 3237 907 praeceperit
3266 850 3359 890 su-

1796 932 1941 1001 peris
1989 931 2269 1000 spiritibus
2321 932 2460 985 Deus
2509 925 2573 986 ac
2621 930 2818 995 Pater,
2867 930 3058 983 doceat
3109 926 3363 997 prodiens

1800 1026 1991 1080 beatus
2022 1024 2243 1078 Paulus.
2289 1041 2307 1076 ‹
2337 1022 2495 1089 Cum,
2532 1023 2729 1091 inquit,
2765 1021 3056 1075 introducit
3086 1019 3364 1086 Primoge-

1800 1113 1967 1167 nitum
2004 1114 2054 1167 in
2090 1114 2275 1168 orbem
2303 1122 2458 1167 terra:
2481 1113 2610 1167 dicit
2639 1131 2652 1167 :
2691 1112 2756 1166 Et
2781 1112 3004 1165 adorent
3029 1124 3151 1164 eum
3175 1123 3363 1162 omnes

1800 1206 1973 1277 angeli
2010 1205 2103 1260 Dei
2131 1208 2197 1259 ⁸⁵.
2228 1226 2246 1259 ι
2282 1207 2452 1276 Igitur
2494 1206 2618 1274 quia
2653 1206 2707 1259 in
2749 1206 2831 1259 his
2857 1204 3034 1258 verbis
3069 1202 3195 1257 illud
3235 1215 3366 1254 sane

1801 1298 2014 1365 sapiens
2041 1308 2189 1351 tuum
2221 1308 2585 1352 commentum
2620 1312 2723 1351 non
2758 1305 2840 1350 est
2869 1294 3238 1365 subjunctum,
3270 1292 3365 1346 sed

1801 1389 2026 1443 adorare
2056 1390 2217 1458 jussit
2249 1399 2307 1443 ut
2351 1404 2513 1443 unum
2546 1389 2729 1457 procul
2766 1388 2953 1452 dubio,
2996 1396 3052 1440 et
3085 1401 3189 1439 non
3226 1385 3363 1439 alte—

1799 1495 1919 1533 rum
1963 1495 2083 1534 cum
2129 1480 2323 1544 altero,
2388 1481 2677 1549 quaerimus
2730 1479 2983 1547 quisnam
3039 1477 3111 1532 sit
3154 1476 3241 1531 ille
3271 1474 3361 1543 qui

1803 1569 1868 1622 ab
1899 1570 2106 1639 angelis
2133 1571 2241 1640 60
2268 1572 2523 1625 adoratur
2554 1589 2567 1624 :
2595 1573 2743 1639 atqui
2779 1568 3197 1640 primogenitum
3242 1582 3364 1621 eum

1800 1659 1997 1713 divinae
2024 1660 2242 1715 Litterae
2275 1662 2461 1715 dicunt
2491 1679 2503 1713 :
2532 1662 2945 1731 primogenitum
2978 1669 3157 1713 autem
3187 1657 3369 1727 appel-

1804 1750 1969 1803 latum
2022 1752 2250 1807 dicimus
2287 1752 2417 1805 illud
2468 1768 2534 1805 ex
2586 1754 2693 1806 Deo
2740 1751 2899 1806 Patre
2929 1750 3189 1811 Verbum,
3240 1748 3370 1802 licet

123 1840 296 1908 Λόγος
335 1839 470 1909 μετὰ
498 1842 595 1909 τῆς
630 1839 763 1899 ιδίας
798 1835 1033 1905 σαρκός’
1075 1834 1194 1885 τότε
1225 1832 1332 1901 γὰρ
1363 1832 1573 1893 τέτοκε,
1606 1834 1699 1884 καὶ

1808 1838 1949 1893 Deus
1979 1851 2125 1893 esset
2158 1856 2221 1894 ex
2252 1852 2463 1908 natura,
2494 1857 2556 1896 ac
2588 1843 2755 1897 Filius
2788 1843 3116 1910 unigenitus,
3149 1850 3199 1894 et
3226 1841 3368 1907 quod

124 1933 197 1994 ὼς
232 1932 530 2000 πρωτεύων
558 1932 613 1981 ἐν
647 1931 797 1988 πᾶσι,
830 1928 1028 1978 νοεῖται
1063 1924 1423 1996 πρωτότοκος.
1472 1923 1607 1973 ’Λλλ’
1642 1924 1698 1974 αἱ

127 2020 225 2087 μὲν
252 2020 599 2072 θεόπνευστοι
634 2019 867 2089 Γραφαὶ,
888 2016 1121 2086 Χριστὸν
1139 2016 1233 2067 ἕνα
1259 2016 1697 2084 διακηρύττουσι,

126 2111 218 2163 καὶ
249 2111 399 2175 Υῖὸν,
424 2114 517 2163 καὶ
546 2110 776 2181 Κύριονο
807 2108 900 2161 δύο
933 2125 995 2173 γε
1030 2107 1132 2177 μὴν
1165 2108 1192 2159 6
1223 2108 1475 2177 περιττὸς
1500 2108 1699 2171 οὑτοσὶ,

127 2202 219 2253 καὶ
278 2202 757 2271 προσκυνούμενον
814 2199 1095 2269 ἄνθρωπον
1146 2200 1210 2267 τῇ
1295 2198 1423 2267 ἁγίᾳ
1474 2215 1531 2250 τε
1609 2201 1703 2251 καὶ

124 2292 398 2362 ὀμοουσίῳ
446 2293 659 2363 Τριάδι,·
687 2289 1017 2361 προστιθεὶς,
1048 2288 1147 2340 οὐκ
1185 2286 1527 2355 αἰσχύνεται·
1568 2290 1703 2357 φησὶ

126 2378 235 2447 γὰρ
268 2380 458 2432 πάλιν·

1807 1927 1874 1981 ad
1921 1927 2139 1983 deitatis
2187 1930 2449 1986 rationem
2498 1934 2751 2001 pertinet,
2812 1946 2931 1984 cum
2980 1940 3226 1984 creatura
3278 1928 3371 1981 mi-

1808 2019 1951 2073 nime
1987 2022 2310 2085 censendus,
2344 2024 2468 2092 quia
2501 2021 2674 2077 factus
2712 2033 2795 2076 est
2833 2024 3017 2085 homo,
3051 2030 3106 2075 et
3136 2020 3187 2073 in
3234 2018 3370 2074 mul-

1807 2109 1875 2164 tis
1906 2110 2167 2166 fratribus
2205 2114 2599 2183 primogenitus
2621 2114 2685 2169 ⁸⁸.
2726 2113 2872 2167 Unus
2908 2124 2989 2168 est
3028 2113 3193 2181 igitur
3217 2112 3307 2179 qui
3339 2126 3367 2163 a

1804 2200 2013 2267 superis
2064 2202 2341 2270 spiritibus
2398 2205 2690 2269 aduratur,
2742 2204 2869 2257 illud
2935 2219 3000 2258 ex
3056 2203 3164 2255 Deo
3211 2202 3370 2255 Patre

1806 2286 2043 2342 Verbum
2081 2307 2201 2346 cum
2235 2308 2330 2347 sua
2359 2309 2559 2359 carne;
2600 2309 2720 2347 nam
2754 2295 2925 2362 ipsum
2971 2292 3109 2362 quod
3145 2292 3365 2357 dicitur,

1804 2380 2011 2447 genuit,
2047 2390 2122 2446 et,
2160 2383 2214 2435 in
2261 2384 2511 2437 omnibus
2544 2385 2832 2451 primatum
2886 2392 3075 2437 tenens
3097 2383 3165 2446 ",
3199 2382 3250 2435 id
3284 2380 3368 2433 in-

126 2471 392 2540 telligitur
415 2470 753 2540 primogeniti
781 2469 1015 2523 nomine.
1051 2466 1157 2520 Sed
1189 2466 1443 2521 divinitus
1469 2468 1681 2537 quidem
1709 2469 1981 2540 inspirata:
2029 2471 2243 2527 Littera:
2301 2490 2464 2529 unum
2508 2474 2778 2530 Christum
2821 2477 3153 2544 praedicant,
3201 2486 3255 2530 et
3279 2477 3369 2531 Fi-

132 2561 287 2627 lium,
323 2574 377 2617 et
420 2566 737 2627 Dominum;
787 2564 920 2616 duos
954 2576 1083 2615 vero
1128 2561 1215 2616 hic
1246 2572 1496 2631 nugator,
1541 2575 1595 2618 et
1630 2566 1961 2622 adorandum
2010 2569 2282 2625 hominem
2325 2580 2523 2625 sanctae
2551 2580 2605 2625 et
2637 2571 3081 2625 oonsubstantiali
3124 2570 3369 2626 Trinitati

126 2662 367 2730 adjicere
398 2674 499 2713 non
532 2658 822 2720 erubescit,
855 2658 929 2711 ait
960 2658 1102 2712 enim
1137 2673 1347 2711 rursum
1384 2676 1396 2710 :

200 2752 383 2825 [Ἀλλ’
417 2746 566 2814 οὗτος
601 2753 629 2803 6
658 2750 797 2803 κατὰ
825 2750 1001 2822 σάρκα
1033 2750 1125 2803 τοῦ
1162 2751 1377 2821 Ἰσραὴλ
1412 2754 1700 2823 συγγενὴς,

124 2846 150 2895 6
183 2842 333 2895 κατὰ
357 2840 419 2891 τὸ
444 2839 765 2909 φαινόμενον
794 2840 1098 2909 ἄνθρωπος,
1134 2840 1162 2891 6
1192 2840 1331 2892 κατὰ
1366 2840 1461 2910 τὴν
1490 2842 1702 2893 Παύλου

126 2932 315 3003 φωνὴν
342 2933 406 2983 ὲκ
434 2930 747 2999 σπέρματος
774 2930 1168 2999 γεγεννημένος
1190 2929 1370 2993 Δαὸὶδ,
1402 2930 1706 2999 παντοκρά-

121 3039 238 3092 τωρ
262 3024 329 3091 τῇ
359 3021 618 3090 συναφείᾳ
643 3020 795 3083 Θεός,
830 3020 971 3073 Εἶτα
998 3020 1227 3083 τούτοις
1247 3018 1450 3088 ἐπάγει
1469 3036 1480 3047 ·
1511 3020 1706 3071 Ἀκου-

124 3131 217 3166 σον
246 3113 539 3183 ἀμφότερα
562 3111 654 3163 τοῦ
676 3110 890 3163 Παύλου
919 3110 1307 3180 κηρύττοντος’
1337 3112 1587 3179 ὁμολογεῖ
1615 3111 1703 3162 τὸν

122 3202 420 3273 ἄνθρωπον
444 3202 727 3271 πρότερον,
765 3197 859 3251 καὶ
892 3197 1012 3250 τότε
1045 3201 1110 3269 τῇ
1145 3198 1238 3250 τοῦ
1272 3199 1404 3250 Θεοῦ
1440 3200 1703 3271 συναφείᾳ

119 3294 379 3360 θεολογεῖ
400 3293 459 3343 τὸ
496 3290 851 3358 φαινόμενον·
887 3289 972 3341 ἵνα
1014 3288 1199 3359 μηδεὶς
1247 3288 1704 3361 άνθρωπολάτρην

118 3386 212 3437 τὸν
267 3382 601 3453 Χριστιανὸν
640 3380 941 3454 ὑποπτεύῃ.
1006 3380 1335 3450 Ἀσύγχυτον
1384 3382 1560 3435 τοίνυν
1607 3381 1705 3452 τὴν

122 3478 237 3529 τῶν
275 3476 495 3543 φύσεων
550 3472 803 3543 τηρῶμεν
854 3473 1181 3540 συνάφειαν·
1232 3473 1576 3542 ὁμολογῶμεν
1616 3474 1706 3525 τὸν

120 3567 219 3618 ἕνα.
254 3564 397 3615 Θεόν
420 3579 432 3591 ·
464 3562 709 3630 σέόωμεν
734 3561 823 3613 τὸν
855 3564 920 3630 τῇ
958 3561 1076 3630 θείᾳ
1104 3562 1364 3629 συναφείᾳ
1398 3560 1475 3629 τῷ
1510 3578 1706 3614 παντο-

114 3656 359 3725 κράτορι
390 3653 507 3723 Θεῷ
535 3649 1119 3723 συμπροσκυνούμενον
1146 3649 1479 3720 ἄνθρωπον.]

734 3898 981 3950 ΚΕΦᾹΛ.
1014 3897 1110 3949 ΙΓ’.

190 4038 255 4089 EI
291 4034 398 4104 μὲν
431 4028 523 4085 οὖν
553 4032 835 4103 ἄνθρωπον
859 4029 1137 4099 ὀνομάζων
1160 4022 1314 4079 οἶσθα
1350 4025 1484 4096 μετᾶ
1515 4024 1703 4077 τούτου

114 4130 213 4181 καὶ
250 4126 395 4177 Θεὸν
423 4125 549 4176 ὄντα
565 4124 702 4175 κατὰ
731 4121 891 4190 φύσιν
920 4119 1104 4183 αὐτὸν,
1135 4113 1192 4171 εὖ
1226 4117 1289 4169 ἂν
1328 4118 1458 4187 ἔχοι,
1489 4120 1581 4169 καὶ
1609 4132 1704 4167 πε-

116 4218 440 4288 παύσομαι.
478 4216 539 4267 Εἱ
560 4216 614 4267 δὲ
637 4211 872 4283 μερίζων
904 4212 1001 4273 τὰς
1028 4211 1235 4280 φύσεις,
1257 4211 1375 4277 οὐχὶ
1407 4208 1482 4277 τῷ
1510 4208 1705 4259 εἰδέναι

116 4313 313 4381 μόνον,
342 4311 434 4369 τίς
475 4309 572 4377 μὲν
604 4309 636 4374 ἡ
671 4302 1007 4374 ἀνθρωπεία,
1046 4303 1127 4363 τίς
1154 4301 1210 4353 δὲ
1238 4300 1301 4368 δὴ
1328 4298 1484 4350 πάλιν
1510 4300 1541 4366 ἡ
1569 4296 1704 4347 θεία.

112 4401 346 4463 Διῖστὰς
374 4400 432 4451 δὲ
468 4395 667 4466 μᾶλλον
707 4396 802 4462 τῆς
834 4394 967 4463 πρὸς
1001 4392 1225 4460 ἑνότητα
1269 4388 1589 4457 συνδρομῆς,
1616 4386 1707 4437 ἁν-

113 4489 545 4563 θρωπολατρεῖς
596 4484 1071 4556 ὁμολογουμένως·
1122 4480 1212 4533 καί
1249 4497 1328 4531 σοι
1369 4480 1504 4547 πρὸς
1552 4477 1707 4546 ἡμῶν
1742 4518 1783 4571 D

112 4586 414 4654 εἰρήσεται
438 4597 450 4608 ·
483 4598 499 4628 ι
522 4579 657 4639 Τοὺς
683 4577 925 4646 καρποὺς
956 4575 1061 4626 τῶν
1086 4573 1260 4624 πόνων
1288 4588 1378 4623 σου
1414 4571 1664 4637 φάγεσαι.
1682 4587 1699 4617 ι

112 4676 375 4746 Σκληρὸς
418 4672 473 4723 δὲ
505 4670 594 4721 καὶ
638 4666 994 4734 ἁνουθέτητος
1048 4664 1141 4728 ὢν,
1179 4665 1335 4732 μόνος
1379 4663 1449 4713 ἴθι
1502 4662 1597 4729 τὴν
1627 4660 1705 4711 δι·-

112 4759 547 4832 εστραμμένην.
596 4758 781 4824 Ἡμεῖς
816 4755 872 4806 δὲ
917 4754 1012 4823 τὴν
1056 4752 1250 4821 εὐσεϐῆ
1282 4753 1374 4803 καὶ
1410 4750 1707 4819 ἀμώμητον

114 4855 229 4907 τῶν
272 4851 458 4919 ἁγίων
499 4848 758 4916 Πατέρων
811 4844 1213 4914 ίχνηλατοῦντες
1254 4842 1459 4913 τρίϐον,
1497 4842 1609 4901 τοῖς
1646 4856 1705 4895 τε

112 4939 518 4997 ἀποστολικοῖς
580 4935 672 4987 καὶ
724 4934 1095 5001 εύαγγελικοῖς
1162 4932 1586 5001 συγγράμμασιν
1647 4927 1705 4980 εὖ

113 5032 268 5103 μάλα
294 5024 837 5093 παιδαγωγούμενοι,
863 5022 994 5093 όμοῦ
1018 5024 1095 5093 τῷ
1125 5022 1242 5092 Θεῷ
1266 5024 1358 5073 καὶ
1386 5020 1579 5088 Πατρὶ,
1612 5022 1706 5072 καὶ

180 5188 230 5219 ⁸³
274 5186 316 5239 ΙΙ
358 5185 514 5239 Pctr.
549 5200 587 5246 I,
619 5183 675 5236 4.
743 5182 789 5214 ⁵⁸
816 5180 1099 5245 Psalmxn,
1138 5184 1187 5237 9.

109 5258 155 5289 ⁶⁹
186 5258 341 5313 PsaI.
378 5269 591 5319 cxxvtt,
627 5254 680 5307 2.

1297 5183 1339 5212 ⁸⁸
1371 5182 1533 5235 IIehr.
1577 5199 1613 5245 1,
1648 5181 1697 5233 6.

1877 2754 2142 2827 [Νεςτοη.
2196 2758 2304 2812 Sed
2365 2758 2453 2812 hic
2496 2759 2791 2814 secundum
2854 2771 3071 2812 carnem
3110 2768 3370 2828 cognatus

1807 2849 1995 2914 Israel,
2028 2853 2114 2905 hic
2164 2853 2464 2907 secundum
2505 2861 2751 2906 naturam
2794 2851 3141 2920 spectabilem
3187 2852 3367 2915 homo,

1810 2943 1898 2995 hic
1934 2943 2085 3010 juxta
2122 2942 2274 2997 Pauli
2323 2958 2511 2998 vocem
2564 2952 2722 2998 natus
2766 2957 2832 2996 ex
2878 2943 3083 2997 semine
3111 2942 3277 2995 David
3301 2941 3369 3003 “,

1810 3031 1925 3099 ipsa
1954 3029 2335 3097 conjunctione
2375 3033 2516 3087 Deus
2545 3043 2627 3087 est
2658 3034 3015 3101 omnipotens.
3049 3032 3249 3086 Deinde
3286 3034 3369 3085 his

1811 3120 2051 3189 adjuugit
2098 3134 2117 3171 :
2148 3122 2285 3176 Audi
2333 3122 2558 3176 Paulum
2607 3134 2893 3193 utrumque
2948 3125 3366 3191 praedicantem:

1809 3210 2099 3279 conﬁtetur
2129 3214 2276 3283 prius
2311 3214 2605 3281 hominem,
2636 3224 2688 3268 et
2722 3215 2794 3269 ita
2830 3224 3047 3284 prepter
3073 3215 3241 3285 ipsam
3276 3214 3371 3270 Dei

1806 3304 2278 3371 conjunctionem,
2327 3317 2574 3360 naturam
2616 3307 2964 3376 spectabilem
3013 3308 3103 3361 Dei
3156 3308 3373 3361 nomine

1808 3400 2110 3453 consecrat,
2163 3406 2229 3443 ne
2267 3392 2388 3458 quis
2417 3392 2783 3446 Christianum
2827 3408 2947 3447 esse
2986 3394 3369 3449 hominicolam

1806 3481 2131 3547 Suspicetur.
2188 3480 2511 3536 Naturarum
2554 3485 2733 3552 itaque
2778 3485 3209 3551 conjunctionem
3257 3487 3375 3541 sine

1810 3572 1917 3625 ulla
1942 3573 2255 3627 confusione
2275 3589 2593 3637 servemus;
2619 3574 2975 3627 confiteamur
2994 3591 3157 3628 unum
3177 3576 3369 3638 Deum,

1807 3674 2130 3715 veneremur
2186 3662 2454 3715 hominem
2508 3663 2598 3730 qui
2650 3677 2715 3715 ex
2768 3664 2943 3717 divina
2999 3664 3375 3732 conjunctione

1806 3766 1927 3805 cum
1960 3754 2333 3822 omnipotente
2357 3754 2464 3809 Deo
2494 3755 2653 3807 simul
2687 3754 2984 3826 adoratur.]

2418 3886 2573 3941 CAP.
2612 3886 2749 3943 XIII.

1881 4018 1937 4073 Si
1983 4020 2197 4087 quidem
2249 4021 2412 4089 igitur
2454 4022 2726 4079 hominem
2772 4026 3068 4095 appellans,
3104 4042 3225 4082 cum
3272 4030 3374 4083 hoc

1808 4108 1970 4162 etiam
2016 4111 2183 4162 Deum
2209 4110 2383 4178 ipsum
2419 4124 2536 4165 esse
2563 4116 2854 4169 secundum
2894 4126 3138 4171 naturam
3171 4117 3369 4173 intelli-

1808 4200 1913 4267 gis,
1948 4200 2086 4255 bene
2129 4202 2308 4266 habet,
2352 4213 2405 4256 et
2429 4203 2538 4271 jam
2575 4206 2732 4259 tinem
2772 4206 3008 4263 faciam:
3038 4211 3117 4262 sin
3170 4210 3368 4266 dividis

1812 4301 2077 4356 naturas,
2129 4307 2235 4347 non
2288 4302 2343 4346 ut
2393 4293 2535 4349 scias
2594 4299 2751 4351 modo
2798 4314 3045 4366 quamam
3094 4299 3326 4353 humana
3356 4342 3371 4366 ,

1810 4398 1995 4451 quaeve
2040 4399 2227 4439 rursus
2276 4386 2494 4451 divina,
2544 4389 2636 4441 sed
2688 4397 2746 4441 ut
2781 4390 3003 4444 diducas
3061 4390 3128 4444 ab
3170 4389 3263 4443 illo
3320 4392 3372 4444 in

1814 4474 2071 4528 unitatem
2134 4490 2432 4540 concursu,
2493 4486 2699 4530 certum
2753 4486 2836 4531 est
2884 4488 2938 4532 te
2988 4478 3372 4533 hominicolam

1814 4579 1951 4627 esse,
1994 4574 2049 4617 et
2094 4564 2187 4618 tibi
2230 4581 2257 4618 a
2311 4566 2463 4619 nobis
2510 4567 2763 4620 dicetur:
2803 4584 2822 4616 ι
2852 4565 3079 4621 Fructus
3124 4567 3371 4622 laborum

1818 4666 2027 4708 tuorum
2070 4656 2198 4710 edes
2228 4656 2405 4725 (17)"
2434 4675 2445 4709 :
2486 4675 2503 4707 ι
2538 4670 2657 4709 cum
2694 4672 2823 4711 vero
2858 4657 2933 4711 sis
2970 4660 3135 4713 durus
3167 4667 3221 4712 et
3260 4675 3375 4713 mo-

1816 4746 1927 4799 nita
1983 4759 2229 4814 respuas,
2274 4747 2423 4801 solus
2454 4748 2717 4815 perviam
2766 4762 3074 4815 perversam
3107 4750 3215 4804 abi.
3266 4750 3373 4805 Nos

1814 4852 1941 4891 vero
1974 4840 2115 4907 piam
2162 4847 2217 4892 et
2248 4848 2446 4893 rectam
2488 4850 2796 4893 sanctorum
2826 4840 3045 4894 Patrum
3082 4841 3222 4895 viam
3254 4856 3378 4908 per-

1815 4929 2174 4997 vestigautes,
2234 4939 2288 4983 et
2332 4930 2644 4997 apostolicis
2687 4929 3117 4998 evangelicisque
3160 4933 3376 4999 scriptis

1813 5018 2015 5087 optime
2051 5018 2323 5083 instructi,
2364 5019 2522 5073 simul
2557 5033 2678 5072 cum
2725 5017 2834 5072 Deo
2867 5028 2921 5071 et
2950 5018 3110 5074 Patre
3155 5029 3208 5073 et
3253 5035 3377 5075 san-

1804 5181 1848 5211 “
1874 5180 2027 5233 Rom.
2078 5196 2194 5243 vm,
2228 5178 2316 5233 29.
2436 5179 2477 5209 ⁶⁷
2526 5176 2733 5232 Coloss.
2781 5193 2819 5241 ι,
2849 5176 2935 5230 18.
3005 5177 3050 5209 ⁸⁸
3075 5178 3229 5231 Rom.
3257 5193 3294 5243 I,
3320 5179 3373 5235 5.

1407 5385 1565 5438 ΛΝΤ.
1608 5384 1874 5439 AGELLII
1917 5384 2145 5438 ΝΟΤᾸΞ.

186 5554 300 5623 (ΓΙ)
332 5549 434 5602 Sic
486 5547 644 5600 habet
683 5546 907 5623 Caecus
963 5546 1139 5623 Cyr_i|li
1189 5546 1375 5623 codex.
1432 5540 1701 5623 Cmterum

106 5613 255 5680 LXX
285 5613 589 5671 verterunt
619 5619 740 5679 τοὺς
788 5617 976 5678 πόνους
1008 5613 1114 5667 τῶν
1150 5613 1374 5682 καρπῶν
1406 5629 1496 5663 σου
1533 5613 1701 5679 φάγε.

109 5714 225 5757 σαι,
259 5694 485 5743 labores
519 5703 763 5757 manuum
796 5702 887 5757 seu
919 5686 1210 5757 palmarum
1234 5685 1701 5757 tuarumptaryiu-

107 5750 291 5827 tubis;
334 5768 395 5815 et
429 5755 661 5825 καρπῶν
711 5771 772 5810 eo
808 5750 926 5810 loco
965 5770 1067 5809 non
1101 5755 1330 5823 fructus,
1370 5753 1458 5805 scil
1499 5750 1701 5817 palntes

1819 5542 2213 5606 intellexerunt,
2244 5544 2485 5596 utetiam
2514 5544 2564 5595 in
2595 5544 2896 5599 Proverbiis
2921 5561 3035 5612 cap.
3064 5559 3207 5604 xxxt.
3238 5562 3375 5612 καρ-

1813 5614 1910 5664 πὸν
1944 5614 1997 5665 δὲ
2041 5615 2269 5676 ἐξέτεινε
2318 5615 2527 5683 πτωχῷ,
2569 5626 2613 5667 ει
2648 5618 2847 5683 palmas
2890 5635 3007 5669 suus
3038 5618 3267 5670 extendit
3310 5619 3375 5669 ad

1812 5701 2108 5751 pauperem.
