4072 6346
688 366 779 420 H'l
1634 368 1689 421 S.
1717 365 1989 422 CYRILIJ
2024 365 2489 421 ALEXANDRINI
2523 361 2841 421 ARCHIEP.

3827 358 3925 412 ili

682 495 769 537 eto
819 481 1043 552 Spiritu,
1094 481 1249 536 unica
1307 483 1623 539 adoratione
1669 483 2050 537 venerabimur
2086 500 2250 538 unum

2367 485 2432 555 τῷ
2463 486 2602 553 ἁγίῳ
2632 483 2927 552 Πνεύματι,
2971 479 3067 550 μιᾷ
3096 478 3463 548 προσκυνήσει
3499 475 3802 545 τιμήσομεν
3841 476 3924 526 τὸν

687 573 970 628 Dominum
1007 572 1188 628 Jesum
1219 573 1514 639 Christum,
1563 590 1659 644 per
1683 590 1844 644 quem
1888 585 1945 630 et
1988 590 2108 629 cum
2144 590 2252 644 quo

687 663 794 718 Deo
833 671 885 717 et
930 662 1077 718 Patri
1114 665 1284 734 gloria
1322 681 1442 720 cum
1476 677 1667 721 sancto
1714 665 1920 734 Spiritu
1969 667 2021 720 in
2053 666 2250 722 saecula

684 749 1018 803 saeculorum.
1050 751 1246 805 Amen.

872 861 976 931 61
1023 878 1426 970 TOMUS
1495 879 2045 975 TERTIUS.

757 1075 1004 1144 Magnum
1049 1083 1130 1130 est
1183 1076 1366 1144 procul
1409 1076 1572 1131 dubio
1617 1072 1741 1131 illud
1793 1079 2005 1147 pietatis
2051 1090 2252 1150 myste-

687 1170 847 1232 rium,
877 1176 929 1221 et
959 1167 1091 1235 ipsis
1119 1168 1282 1221 etiam
1310 1169 1515 1223 Sanctis
1546 1169 1748 1238 angelis
1779 1169 2156 1224 admirandum
2182 1171 2249 1234 7°,

687 1261 736 1312 in
771 1270 944 1327 eoque
976 1261 1262 1312 confirmat
1287 1275 1383 1314 nos
1416 1261 1688 1329 apostolus
1714 1261 1909 1315 Paulus
1943 1277 2063 1316 cum
2090 1263 2250 1318 dicit:

691 1370 707 1400 ι
741 1347 811 1404 Ut
844 1359 1026 1402 notum
1075 1349 1169 1402 liat
1211 1366 1352 1404 nunc
1388 1352 1779 1421 principatibus
1806 1362 1858 1406 et
1903 1353 2255 1421 potestatibus

687 1441 737 1493 in
783 1439 1098 1494 coelestibus
1131 1455 1226 1510 per
1260 1441 1556 1496 Ecclesiam
1605 1443 1956 1499 multiformis
1988 1447 2254 1515 sapientia

684 1531 804 1595 Dei,
844 1533 1137 1585 secundum
1163 1533 1573 1602 praallnitionem
1611 1533 1951 1602 smculorum,
1990 1553 2150 1606 quam
2177 1539 2256 1592 fe-

686 1623 759 1675 cit
791 1623 842 1675 in
875 1620 1101 1677 Domino
1133 1635 1316 1677 nostro
1344 1623 1468 1678 Jesu
1501 1625 1738 1690 Christo,
1780 1628 1831 1680 in
1864 1640 1968 1696 quo
1997 1629 2257 1684 habemus

689 1711 938 1766 fiduciam
970 1719 1023 1766 et
1051 1727 1328 1767 accessum
1368 1714 1418 1766 in
1451 1714 1774 1769 conﬁdentia
1805 1732 1900 1783 per
1936 1716 2200 1772 lldeut'°‘.
2231 1738 2249 1770 ι

2358 577 2452 629 ινα
2483 576 2687 646 Κύριον
2733 573 2940 642 Ἰησοῦν
2992 571 3259 642 Χριστόν·
3295 569 3361 621 δι’
3401 563 3461 620 οῦ
3495 567 3589 619 καὶ
3627 565 3742 635 μεθ’
3770 557 3830 617 οὕ
3852 566 3925 633 τῷ

2357 666 2478 738 Θεῷ
2499 667 2593 720 καὶ
2620 664 2792 735 ﬂat-pi.
2818 663 2942 728 δόξα
2969 665 3067 716 σὺν
3093 661 3170 732 τῷ
3205 661 3345 730 ἁγίῳ
3375 658 3670 728 Πνεύματι,
3696 657 3776 718 είς
3809 657 3925 716 τοὺς

2356 759 2560 821 αἰῶνας
2584 757 2691 811 τῶν
2724 753 2954 809 αίώνων.
2991 753 3182 823 Ἀμήν.

2715 899 3093 983 ΤΟΜΟΣ
3167 895 3580 979 ΤΡΙΤΟΣ..

2427 1078 2585 1146 Μέγα
2644 1077 2742 1146 μὲν
2794 1075 3240 1146 ὁμολογουμένως
3283 1073 3399 1125 ἐστὶ
3430 1072 3492 1124 τὸ
3527 1072 3623 1141 τῆς
3657 1068 3928 1130 εὐσεϐείας

2359 1169 2675 1240 μυστήριον,
2724 1167 3090 1238 τεθαύμασται
3143 1166 3199 1218 δὲ
3253 1165 3348 1218 καὶ
3408 1163 3537 1233 παρ’
3585 1164 3770 1224 αὐτοῖς
3823 1165 3928 1222 τοῖς

2358 1257 2531 1326 ἁγίοις
2577 1258 2851 1326 ἀγγέλοις,
2882 1259 2977 1311 καὶ
3028 1257 3164 1326 πρός
3211 1272 3274 1323 γε
3312 1255 3469 1307 τοῦτο
3513 1255 3658 1324 ἡμᾶς
3706 1252 3931 1322 ἐμπεδοῖ

2355 1348 2530 1416 λέγων
2558 1350 2586 1400 ό
2620 1348 2927 1417 σοφώτατος
2953 1346 3162 1410 Παῦλος
3181 1362 3192 1374 ⁸
3225 1346 3374 1398 «Ἵνα
3401 1342 3674 1417 γνωρισθῇ
3701 1342 3796 1395 νῦν
3818 1345 3931 1403 ταῖς

2356 1441 2553 1509 ἀρχαῖς
2582 1439 2673 1492 καὶ
2699 1441 2816 1502 ταῖς
2844 1439 3116 1503 ἐξουσίαις
3138 1439 3194 1489 ἐν
3215 1440 3328 1499 τοῖς
3353 1435 3694 1505 ἐπουρανίοις
3723 1434 3812 1486 διά
3835 1433 3931 1501 τῆς

2367 1530 2712 1599 Ἐκκλησίας,
2753 1531 2786 1600 ἡ
2820 1527 3198 1591 πολυποίκιλος
3251 1527 3409 1596 σοφία
3454 1525 3548 1578 τοῦ
3597 1524 3765 1588 Θεοῦ,
3799 1526 3935 1576 κατά

2358 1619 2612 1691 πρόθεσιν
2635 1621 2743 1672 τῶν
2771 1619 3003 1684 αἰώνων,
3033 1620 3096 1690 ἣν
3122 1619 3374 1690 ἐποίησεν
3399 1619 3454 1671 ἐν
3474 1619 3547 1687 τῷ
3568 1616 3758 1687 Κυρίῳ
3782 1617 3934 1686 ἡμῶν

2371 1709 2541 1779 Ἰησοῦ
2570 1708 2807 1778 Χριστῷ.
2839 1711 2895 1762 ἐν
2920 1703 2963 1777 ᾧ
2985 1709 3177 1779 ἔχομεν
3199 1709 3298 1777 τὴν
3320 1708 3633 1778 παρρησίαν
3656 1707 3748 1760 καὶ
3774 1723 3937 1775 προσο

687 1803 965 1871 Sapientia
1002 1814 1086 1857 est
1133 1820 1366 1872 namque
1411 1819 1619 1868 revera,
1656 1816 1708 1860 et
1744 1809 1966 1864 minime
2001 1808 2254 1873 humana,

2367 1797 2581 1869 ἀγωγὴν
2613 1800 2671 1851 ἐν
2700 1798 3022 1867 πεποιθήσει
3055 1798 3142 1850 διά
3177 1797 3272 1864 τῆς
3306 1797 3558 1860 πίστεως.
3593 1815 3611 1847 ι
3640 1797 3810 1865 Σοφία
3831 1797 3936 1865 γάρ

687 1895 778 1948 sed
829 1909 958 1949 sane
1003 1895 1214 1958 divina,
1271 1906 1323 1949 et
1376 1897 1552 1951 abdita
1608 1898 1660 1951 in
1715 1902 1945 1968 quadam
1999 1901 2252 1955 inell‘abili

688 1985 1055 2053 profunditate
1081 1994 1135 2038 et
1163 1987 1810 2053 incomprehensibilitate
1833 1987 2030 2043 Christi
2060 2000 2256 2059 mystc-

691 2077 828 2128 t‘iutn
858 2091 872 2128 :
907 2077 1088 2144 itaque
1133 2075 1318 2144 psallit
1361 2077 1551 2131 beatus
1582 2078 1746 2132 David
1780 2097 1794 2132 :
1830 2097 1848 2129 ι
1880 2079 1941 2133 Et
1971 2083 2151 2150 posuit
2181 2092 2257 2136 te-

688 2167 882 2219 nebras
909 2165 1188 2219 latibulum
1240 2179 1418 2230 suum,
1448 2166 1500 2221 in
1536 2169 1767 2223 circuitu
1796 2169 1911 2238 ejus
1939 2173 2260 2226 tabernacu-

689 2258 797 2310 lum
828 2257 966 2322 ejus,
1008 2258 1292 2310 tencbrosa
1336 2272 1474 2327 aqua
1509 2259 1560 2313 in
1597 2260 1828 2314 nubibus
1867 2262 2100 2314 aeris“.
2138 2282 2157 2313 ι
2200 2261 2257 2316 In

690 2361 798 2415 quo
827 2347 1076 2400 tenebras
1121 2347 1254 2400 nihil
1282 2347 1450 2412 aliud,
1496 2359 1550 2403 ut
1583 2351 1795 2419 opinor,
1833 2352 2104 2423 intelligit,
2155 2353 2256 2407 nisi

690 2435 976 2489 obscuram
1003 2435 1374 2505 intelligentiae
1401 2442 1798 2508 perceptionem
1824 2441 1874 2494 in
1902 2443 2072 2496 oculis
2093 2442 2257 2496 animi

693 2526 938 2594 caliginis
992 2527 1161 2579 instar
1208 2528 1599 2583 incurrentem.
1646 2528 1756 2585 Hac
1799 2532 1864 2586 de
1911 2546 2072 2586 causa
2121 2532 2261 2586 dici-

695 2631 834 2680 mus,
893 2614 1186 2671 subtilibus
1235 2618 1672 2686 quaestionibus,
1727 2628 1782 2675 et
1825 2622 2141 2675 curiositate
2195 2622 2261 2675 ad

692 2721 851 2774 quam
903 2707 1207 2774 pertingere
1268 2722 1373 2761 non
1428 2709 1598 2777 possit
1660 2710 2054 2780 intelligentia,
2117 2713 2263 2767 nullo

695 2797 855 2850 modo
888 2797 1180 2865 indiguisse
1208 2796 1408 2851 Christi
1440 2800 1778 2868 mysterium,
1820 2802 1914 2855 sed
1947 2802 2049 2855 lide
2085 2802 2264 2871 potius

693 2903 809 2955 quae
853 2886 1171 2955 simpliciter
1197 2903 1261 2941 ac
1287 2888 1402 2942 sine
1431 2888 1538 2942 ulla
1573 2889 1785 2945 valritie
1812 2894 2136 2946 traderetur.
2173 2891 2264 2948 Sic

690 2991 744 3033 et
789 2994 885 3034 nos
918 2980 1015 3047 ipsi
1053 2980 1255 3034 sentire
1296 2979 1602 3046 didicimus,
1641 2989 1695 3035 et
1720 2981 2050 3037 credidimus
2083 2998 2110 3035 a
2154 2983 2265 3038 Deo

694 3082 758 3123 ac
799 3069 956 3123 Patre
987 3067 1258 3137 proprium
1296 3067 1517 3131 Filium,
1571 3068 1736 3122 Deum
1768 3071 2016 3124 eumdem
2067 3082 2264 3125 secun-

2356 1890 2572 1960 ἀληθῶς
2615 1891 2708 1943 καὶ
2759 1890 2858 1942 οὐκ
2897 1889 3212 1961 ἀνθρωπίνη
3247 1888 3410 1942 ποθέν
3434 1905 3446 1916 ·
3496 1889 3614 1941 θεία
3645 1889 3700 1941 δέ
3737 1887 3939 1958 μᾶλλον

2357 1981 2450 2032 καὶ
2481 1983 2537 2034 ἐν
2568 1982 2899 2051 ἀπορρήτοις
2930 1980 3038 2032 τισὶ
3084 1979 3272 2049 βάθεσί
3317 1997 3375 2032 τε
3418 1981 3511 2034 καὶ
3538 1979 3938 2049 ἀκαταληψίας

2357 2070 2605 2139 κειμένη,
2643 2070 2702 2122 τὸ
2741 2069 2976 2141 Χριστοῦ
3024 2071 3353 2140 μυστήριον
3389 2069 3579 2138 ψάλλει
3617 2071 3747 2137 γοῦν
3779 2073 3808 2124 ό
3838 2087 3940 2139 μαο

2369 2160 2556 2231 κάριος
2591 2161 2753 2213 Δαὸίδ
2772 2178 2786 2191 ο
2825 2181 2841 2212 ι
2870 2162 2979 2214 Καὶ
3012 2160 3163 2214 ἔθετο
3196 2159 3382 2223 σκότος
3405 2159 3730 2231 ἀποκρυφην
3752 2159 3938 2222 αὑτοῦ,

2360 2251 2543 2322 κύκλῳ
2574 2251 2736 2305 αὑτοῦ
2780 2254 2812 2321 ἠ
2861 2251 3032 2322 σκηνὴ
3064 2250 3250 2316 αὑτοῦ,
3280 2251 3552 2306 σκοτεινὸν
3586 2250 3730 2322 ὕδωρ
3764 2251 3826 2305 ἐν
3859 2269 3946 2303 νε-

2361 2344 2551 2412 φέλαις
2593 2343 2792 2413 ἀέρων·
2827 2363 2844 2394 ι
2885 2344 3080 2397 σκότον
3121 2339 3274 2413 οἶμαι
3315 2343 3488 2411 λέγων
3535 2343 3687 2396 οὐδὲν
3730 2343 3942 2414 ἕτερον,

2362 2434 2500 2506 πλὴν
2535 2434 2617 2485 ὅτι
2651 2450 2754 2487 που
2791 2439 3007 2496 πάντως
3040 2433 3137 2503 τὴν
3175 2433 3283 2486 τῶν
3315 2432 3530 2486 ἐννοιῶν
3574 2433 3945 2486 δυσκάτοπτον

2361 2522 2599 2600 εὕρεσιν,
2632 2526 2742 2584 τοῖς
2796 2525 2891 2592 τῆς
2942 2523 3176 2585 διανοίας
3217 2522 3515 2593 ὀφθαλμοῖς
3564 2523 3759 2594 ἀχλύος
3789 2524 3945 2594 δίκην

2361 2615 2756 2683 ἐμπίπτουσαν.
2785 2604 2970 2685 Ταύτῃ
3000 2614 3083 2666 τοί
3123 2630 3301 2684 φαμεν
3348 2613 3676 2684 ζητημάτων
3723 2616 3944 2685 ἰσχνῶν.

2363 2705 2456 2757 καὶ
2485 2705 2802 2776 περιεργίας
2830 2707 2926 2776 τῆς
2965 2707 3220 2758 ἐπέκεινα
3255 2705 3370 2770 νοῦ,
3406 2707 3689 2777 δεδεῆσθαι
3723 2708 3826 2779 μὲν
3858 2710 3948 2761 ob-

2361 2797 2546 2867 δαμῶς
2585 2797 2646 2849 τὸ
2681 2796 2914 2866 Χριστοῦ
2959 2801 3286 2869 μυστήριον·
3349 2799 3585 2862 πίστεως
3635 2799 3690 2852 δέ
3740 2800 3950 2869 μᾶλλον

2365 2885 2542 2957 ἁπλῆν
2570 2887 2664 2940 καὶ
2690 2887 3032 2958 ἀκακοῦργον
3065 2888 3294 2958 ἐχούσης
3318 2888 3418 2958 τὴν
3451 2889 3767 2960 παράδοσιν.
3789 2889 3951 2944 Οὕτω

2365 2978 2458 3029 καὶ
2491 2979 2654 3049 ἡμεῖς
2686 2977 2838 3030 αὐτοὶ
2869 2980 3083 3048 φρονεῖν
3112 2977 3488 3047 δεδιδάγμεθα,
3523 2977 3617 3030 καὶ
3651 2980 3952 3032 πεπιστεύο

2365 3083 2542 3136 καμεν
2581 3069 2662 3120 ὅτι
2705 3066 2834 3120 Θεὸν
2861 3067 2988 3120 ὄντα
3017 3068 3157 3120 κοιτά
3185 3066 3346 3136 φύσιν
3372 3067 3464 3121 τὸν
3494 3068 3623 3122 ἴδιον
3651 3069 3802 3133 Υίὸν,
3839 3070 3951 3124 ἀπ·-

693 3161 820 3213 dum
870 3167 1143 3222 naturam,
1178 3157 1344 3212 t‘ulsse
1387 3160 1609 3213 missum
1654 3159 1929 3215 hominem
1959 3161 2182 3227 factum,
2211 3169 2262 3216 et

2369 3159 2605 3212 έστειλεν
2649 3161 2677 3213 ὁ
2720 3160 2850 3223 Θεὸς
2886 3161 2978 3214 καὶ⁹
3006 3162 3196 3232 Πατὴρ
3225 3159 3509 3230 ἄνθρωπον
3538 3160 3822 3229 γεγονότα,
3856 3162 3953 3214 καὶ

694 3266 759 3302 ex
798 3249 1022 3303 muliere
1063 3248 1357 3302 secundum
1399 3261 1617 3304 carnem
1647 3251 1889 3320 genitum
1915 3251 1984 3315 τ’,
2020 3261 2077 3305 ιιι
2119 3252 2170 3305 in
2202 3267 2262 3308 se

694 3340 975 3395 credentes
1006 3338 1286 3405 justillcet,
1320 3347 1377 3394 et
1417 3354 1517 3394 suo
1545 3340 1781 3409 benigno
1813 3339 2263 3398 clementissimo-

697 3446 800 3500 que
837 3439 966 3484 nutu
1002 3445 1033 3485 ι
1070 3432 1307 3500 peccatis
1351 3432 1404 3485 in
1439 3431 1744 3501 ignorantia
1780 3430 2031 3486 admissis
2068 3432 2264 3487 libera-

698 3535 799 3585 tos,
833 3536 996 3591 puros
1023 3529 1076 3576 et
1117 3520 1495 3577 immaculatos
1545 3536 1639 3591 per
1676 3535 1734 3576 se
1770 3518 1880 3575 Deo
1912 3532 1966 3575 et
2008 3521 2153 3576 Patri
2183 3521 2265 3576 of-

700 3616 854 3674 ferat,
879 3623 931 3666 et
957 3627 1050 3667 eos
1074 3613 1269 3667 divinat
1293 3628 1406 3668 suze
1431 3621 1638 3666 naturae
1668 3611 1962 3682 participes
1991 3608 2263 3677 elllciat",

698 3704 788 3770 qui
819 3704 976 3756 morti
1013 3712 1179 3771 atque
1221 3703 1557 3772 corruptioni
1586 3714 1744 3756 erant
1766 3703 2055 3756 obnoxii"
2083 3720 2098 3768 ;
2131 3712 2185 3758 et
2212 3713 2269 3757 ut

700 3795 1019 3859 praedicaret
1047 3791 1205 3846 caecis
1239 3792 1412 3846 visunt
1439 3792 1504 3855 ",
1555 3801 1608 3846 et
1640 3790 1939 3844 errantium
1989 3791 2265 3844 hominum

700 3899 886 3954 greges
916 3883 981 3936 ad
1012 3882 1184 3936 lucem
1212 3896 1351 3936 verat
1377 3881 1470 3936 Dei
1499 3881 1822 3948 cognitionis
1853 3881 2177 3946 traduceret,
2206 3896 2269 3936 ac

701 3978 918 4027 doceret
947 3972 1069 4040 quis
1098 3980 1290 4024 natura
1316 3983 1550 4039 vereque
1582 3970 1720 4024 Deus
1749 3978 1911 4034 esset,
1947 3977 1998 4024 et
2027 3970 2266 4024 omnium

704 4077 880 4117 rerum
905 4061 1084 4129 opifex
1116 4076 1129 4113 :
1157 4059 1331 4113 factus
1360 4068 1442 4112 est
1473 4059 1616 4113 enim
1647 4059 1784 4112 odor
1820 4058 2144 4128 cognitionis
2175 4057 2267 4113 Dei

701 4169 766 4208 ac
796 4153 993 4215 Patris,
1017 4161 1071 4204 et
1113 4151 1165 4204 in
1209 4150 1322 4219 ipso
1358 4149 1737 4216 conSpeximus
1765 4148 1911 4202 illum
1945 4158 2010 4202 ex
2040 4165 2146 4218 quo
2180 4163 2268 4203 se-

701 4242 951 4312 cundum.
975 4249 1221 4292 naturam
1251 4247 1334 4291 est
1377 4237 1608 4306 genitus,
1645 4244 1698 4288 et
1744 4233 2032 4288 manifeSte
2061 4247 2269 4303 cogno-

699 4333 875 4384 vimus
903 4330 1042 4382 viatn
1080 4342 1198 4395 qua:
1227 4341 1322 4380 nos
1359 4329 1424 4378 ad
1465 4336 1722 4378 aeternam
1764 4324 1928 4377 vitam
1962 4322 2156 4377 defert.
2194 4322 2267 4376 Ita

700 4422 864 4475 etiam
901 4419 1014 4474 fore
1051 4428 1108 4471 ut
1144 4418 1381 4488 genitqu
1424 4417 1675 4486 gregibus
1721 4416 1835 4482 ipse
1875 4412 2049 4468 Filius
2082 4415 2269 4470 illuce-

705 4519 817 4571 ret,
859 4510 1051 4562 beatus
1101 4508 1362 4576 propheta
1421 4506 1586 4559 Isaias
1637 4505 1792 4574 longe
1844 4514 1970 4559 ante
2017 4505 2272 4558 clamavit

706 4601 940 4654 dicens‘:
978 4615 996 4648 ι
1031 4597 1121 4650 Sic
1155 4597 1283 4650 dicit
1314 4596 1569 4650 Dominus
1602 4615 1614 4648 :
1653 4595 1943 4648 Laboravit
1975 4594 2266 4665 Egyptus,

701 4701 752 4743 ct
799 4687 1193 4754 negotiationes
1244 4684 1559 4755 Ethiopum
1585 4726 1600 4750 ,
1647 4695 1700 4740 et
1734 4686 1841 4756 32
1878 4685 2124 4752 Sabaim,
2167 4687 2267 4740 viri

702 4779 958 4832 sublimes
989 4779 1055 4831 ad
1087 4787 1137 4830 te
1169 4778 1496 4840 transibunt,
1545 4788 1598 4830 et
1631 4777 1725 4832 tibi
1774 4776 2033 4839 servient,
2071 4787 2124 4830 et
2152 4785 2272 4847 post

704 4881 757 4921 te
802 4875 1098 4936 sequentur
1150 4866 1317 4918 vincti
1371 4865 1756 4933 compedibus,
1801 4875 1856 4919 et
1904 4868 2271 4920 rurvabuntur

705 4961 822 5022 tibi,
849 4969 903 5014 et
938 4961 990 5012 in
1027 4968 1077 5012 te
1105 4958 1430 5022 adorabunt,
1464 4959 1586 5027 quia
1622 4958 1674 5009 itt
1712 4969 1761 5011 te
1789 4957 1924 5010 Deus
1959 4967 2061 5021 est,
2093 4968 2269 5012 etnon

703 5061 784 5103 est.
832 5051 970 5103 Deus
1005 5059 1203 5118 praeter
1249 5060 1339 5104 te:
1371 5060 1424 5102 tu
1463 5061 1521 5102 es
1567 5049 1708 5102 enim
1759 5048 1895 5101 Deus
1945 5059 1997 5100 et
2039 5050 2268 5102 nescivi-

707 5156 843 5204 mus,
893 5139 1032 5192 Deus
1079 5137 1244 5193 lsrael
1293 5139 1614 5194 salvator".
1649 5157 1667 5188 ι
1717 5137 1926 5192 Dictum
1981 5149 2064 5192 est
2107 5141 2271 5193 etiam

705 5231 892 5299 procul
919 5231 1082 5285 dubio
1112 5232 1176 5284 ad
1201 5229 1417 5297 Filium,
1447 5245 1636 5284 rursus
1665 5241 1919 5298 tanquam
1944 5245 2006 5285 es
2037 5245 2266 5300 persona

711 5325 800 5374 ltei
831 5337 891 5376 ac
930 5322 1139 5374 Patris:
1177 5339 1196 5372 ι
1230 5321 1368 5376 Ecce
1403 5323 1556 5392 posui
1587 5332 1636 5374 te
1673 5324 1725 5375 in
1763 5331 2144 5376 testamentum
2177 5337 2269 5390 ge-

710 5415 872 5472 neris,
901 5413 952 5465 in
985 5413 1157 5466 lucem
1185 5414 1448 5479 gentium,
1479 5425 1536 5466 ut
1559 5415 1631 5466 sis
1663 5415 1715 5466 in
1744 5413 1970 5467 salutem
2003 5429 2170 5481 usque
2203 5416 2267 5468 ad

2363 3250 2428 3302 ἐκ
2456 3247 2710 3318 γυναικὸς
2750 3251 2890 3304 κατὰ
2919 3250 3098 3322 σάρκα
3122 3251 3537 3320 γεγεννημένον,
3567 3251 3653 3304 ἵνα
3680 3253 3957 3326 δικαιώσῃ

2362 3339 2490 3403 τοὺς
2525 3339 2604 3404 είς
2628 3340 2789 3394 αὑτὸν
2823 3343 3202 3405 πιστεύοντας·
3230 3343 3323 3395 καὶ
3353 3342 3458 3394 τῶν
3487 3343 3544 3396 ὲν
3574 3342 3767 3413 ἀγνοίᾳ
3790 3361 3956 3397 πται-

2367 3431 2614 3500 σμάτων,
2653 3433 2909 3502 χρηστοῖς
2935 3433 3028 3486 καὶ
3062 3433 3434 3502 ἡμερωτάτοις
3474 3433 3794 3498 ἀπαλλάξας
3828 3437 3953 3488 νεύε-

2370 3536 2521 3588 μασι,
2552 3519 2820 3590 καθαροὺς
2857 3521 2950 3575 καὶ
2978 3519 3239 3591 ἀμώμους
3268 3522 3652 3590 προσκομίσειε
3679 3521 3745 3574 δι’
3776 3523 3951 3576 αὐτοῦ

2366 3609 2443 3679 τῷ
2492 3609 2610 3680 Θεῷ
2653 3611 2748 3664 καὶ⁹
2798 3611 2991 3682 Πατρὶ,
3025 3612 3118 3665 καὶ
3164 3611 3262 3680 τῆς
3311 3611 3459 3674 θείας
3497 3611 3691 3665 ἑαυτοῦ
3726 3613 3948 3680 φύσεως

2367 3703 2667 3773 ἐργάσηται
2702 3705 3014 3766 κοινωνοὺς,
3039 3705 3164 3766 τοὺς
3193 3704 3296 3756 ὑπὸ
3327 3703 3553 3756 θάνατον
3577 3705 3675 3757 καὶ
3701 3704 3917 3776 φθοράν
3938 3724 3950 3735 ·

2369 3791 2582 3864 κηρύξῃ
2613 3794 2667 3846 δέ
2700 3795 2792 3845 καὶ
2832 3794 3051 3861 τυφλοῖς
3081 3793 3374 3862 ἀνάϐλεψιν
3397 3808 3411 3822 ⁸
3454 3795 3548 3846 καὶ
3575 3795 3672 3856 τάς
3709 3794 3822 3846 τῶν
3855 3813 3958 3847 πε-

2371 3883 2725 3954 πλανημένων
2770 3883 2969 3952 ἀγέλας
3018 3885 3095 3946 εἰς
3138 3884 3196 3936 τὸ
3240 3884 3336 3952 τῆς
3361 3883 3596 3952 ἀληθοῦς
3621 3885 3957 3953 θεογνωσίας

2373 3971 2715 4043 μετακομίσῃ
2762 3971 2876 4038 φῶς
2901 3988 2912 4000 ·
2949 3971 3136 4041 διδάξῃ
3165 3989 3222 4022 τε
3252 3970 3459 4037 λοιπὸν,
3485 3973 3568 4035 τίς
3614 3974 3642 4026 ὁ
3683 3975 3850 4042 φύσει
3899 3992 3958 4028 τε

2371 4060 2464 4112 καὶ
2499 4060 2710 4130 ἀληθῶς
2735 4063 2851 4113 ἐστι
2878 4060 3030 4126 Θεὸς,
3063 4063 3155 4115 καὶ
3183 4058 3292 4114 τῶν
3310 4061 3446 4115 ὅλων
3477 4063 3837 4135 δημιουργὸς,
3863 4070 3956 4134 γέ-

2370 4169 2492 4218 γονε
2525 4152 2631 4222 γάρ
2660 4152 2803 4223 ὀσμὴ
2843 4153 2939 4223 τῆς
2983 4153 3234 4220 γνώσεως
3283 4154 3376 4206 τοῦ
3419 4154 3550 4207 Θεοῦ
3581 4157 3670 4208 καὶ
3698 4158 3926 4228 Πατρός
3948 4178 3962 4191 ·

2372 4241 2465 4293 κα)⁵
2500 4241 2557 4292 ἐν
2587 4240 2733 4310 αὕτῷ
2761 4240 3068 4311 τεθεάμεθα
3107 4242 3219 4307 τὸν,
3248 4242 3306 4306 ἐξ
3353 4235 3414 4295 οῦ
3462 4245 3786 4316 γεγέννηται
3818 4252 3965 4301 κατά

2373 4329 2564 4397 φύσινο
2608 4330 2928 4401 ἐγνώκαμέν
2969 4350 3029 4384 τε
3062 4333 3250 4402 σαφῶς
3285 4334 3382 4405 τὴν
3412 4339 3489 4398 είς
3519 4337 3660 4408 ζωὴν
3685 4341 3842 4409 ἡμᾶς
3867 4344 3965 4411 τὴν

2374 4419 2541 4471 ἀΐδιον
2579 4419 2959 4490 ἀποφέρουσαν
2992 4423 3128 4477 ὁδόν.
3158 4421 3314 4476 Οὕτω
3346 4426 3436 4477 καὶ
3479 4430 3597 4490 ταῖς
3637 4429 3745 4482 τῶν
3786 4430 3964 4484 ἐθνῶν

2378 4509 2600 4576 ἀγέλαις
2643 4509 2973 4580 ἐπιλάμψειν
3015 4513 3104 4566 τὸν
3135 4513 3259 4566 Υίὸν
3288 4516 3316 4566 ό
3358 4517 3624 4588 μακάριος
3670 4523 3964 4592 προφήτης

2388 4599 2616 4664 Ἡσαΐας
2645 4603 3134 4674 προανεκεκράγει,
3169 4605 3372 4674 λέγων’
3418 4628 3436 4657 ι
3467 4607 3623 4661 Οὕτω
3663 4609 3817 4678 λέγει
3848 4615 3964 4667 Κύ-

2379 4693 2852 4762 ριοςοῈκοπίασεν
2895 4695 3187 4762 Αἴγυπτος,
3228 4698 3321 4750 καὶ
3352 4698 3615 4768 ἐμπορίαι
3656 4700 3964 4765 Αίθιόπων,

2379 4784 2465 4834 καὶ
2495 4782 2544 4834 οί
2573 4783 2808 4853 Σαὸαἳμ,
2830 4784 3019 4856 ἀνδρες
3041 4786 3236 4855 ὑψηλοὶ
3264 4787 3358 4839 ἐπὶ
3389 4789 3446 4841 σέ
3467 4788 3841 4858 διαϐήσονται,
3871 4798 3968 4846 καὶ

2381 4873 2462 4923 σοὶ
2492 4871 2701 4925 ἔσονται
2725 4873 2921 4939 δοῦλοι,
2957 4876 3050 4927 καὶ
3083 4876 3258 4929 ὀπίσω
3290 4895 3381 4930 σου
3413 4877 3846 4950 ἀκολουθήσουσι
3874 4882 3964 4936 δε-

2379 4962 2593 5032 δεμένοι
2633 4965 2975 5034 χειροπέδαις
2997 4981 3012 4995 ο
3047 4967 3137 5019 καὶ
3167 4971 3600 5039 προσκυνήσουσί
3637 4988 3740 5032 σοι.
3773 4974 3878 5027 καὶ
3912 4979 3967 5027 ἐν

2380 5054 2461 5103 σοὶ
2509 5052 2924 5121 προσεύξονται’
2967 5057 3046 5108 ὅτι
3082 5059 3138 5110 ἐν
3173 5062 3254 5109 σοι
3299 5059 3327 5110 ό
3373 5059 3503 5122 Θεός
3533 5062 3682 5113 ἐστι’
3729 5064 3828 5116 καὶ
3866 5067 3967 5118 οὐκ

2377 5143 2492 5194 ἐστι
2517 5141 2648 5206 Θεὸς
2682 5143 2824 5215 πλήν
2850 5162 2964 5199 σου.
2998 5147 3070 5198 Σῦ
3097 5149 3204 5218 γὰρ
3229 5143 3278 5201 εἶ
3305 5147 3434 5212 Θεὸς
3461 5151 3552 5202 καὶ
3580 5151 3676 5204 οὐκ
3707 5153 3963 5223 ᾔδειμεν,

2374 5233 2553 5296 ὸΘεὸς
2574 5233 2668 5285 τοῦ
2711 5236 2924 5306 Ἰσραὴλ
2949 5239 3147 5308 σωτήρ.
3184 5256 3200 5290 ι
3230 5241 3455 5309 Εἴρηται
3483 5241 3539 5293 δέ
3570 5259 3670 5294 που
3699 5243 3845 5312 πρὸς
3877 5247 3968 5299 τὸν

2378 5323 2522 5383 Υίὸν,
2550 5325 2622 5385 ώς
2659 5325 2721 5378 ἐκ
2751 5325 3042 5396 προσώπου
3071 5328 3229 5381 πάλιν
3259 5329 3351 5381 τοῦ
3383 5329 3516 5382 Θεοῦ
3569 5333 3662 5384 καὶ
3707 5333 3962 5404 Πατρός·

2376 5426 2400 5464 t
2423 5414 2552 5467 Ἰδοὺ
2572 5414 2793 5469 τέθεικά
2817 5433 2874 5468 σε
2895 5418 2972 5480 είς
3000 5419 3263 5488 διαθήκην
3290 5422 3500 5490 γένους,
3523 5425 3601 5485 είς
3625 5424 3739 5492 φῶς
3760 5425 3964 5490 ἐθνῶν,

709 5513 1009 5554 extremum
1048 5513 1204 5556 terra:
1228 5503 1316 5554 ”‘.
1354 5523 1370 5553 ι
1408 5500 1612 5572 Populo
1641 5505 1784 5557 enim
1812 5518 1877 5557 ex
1909 5505 2171 5574 sanguine
2195 5519 2258 5557 ac

2367 5505 2459 5560 τοῦ
2508 5500 2648 5560 εἷναι
2697 5524 2756 5560 σε
2803 5510 2882 5572 είς
2933 5511 3208 5581 σωτηρίαν
3241 5512 3344 5575 ἐως
3378 5515 3607 5581 ἐσχάτου
3637 5516 3737 5585 τῆς
3767 5516 3904 5587 γῆς.
3944 5537 3959 5569 ›

773 5653 816 5681 ⁷⁸
849 5651 1152 5739 ,Τιιηξ-ιιι,
1193 5653 1276 5708 l6.
1355 5655 1422 5739 ’.θ’
1446 5653 1639 5739 ίξιιίιεε.
1673 5656 1873 5739 III-,AlO,
1896 5657 1994 5739 12:
2069 5658 2113 5688 τ’
2150 5657 2262 5711 Psal

2367 5675 2456 5739 ιιι,
2490 5659 2613 5739 ιε’.--
2653 5662 2700 5739 ξ’
2737 5659 2912 5715 Galat.
2945 5679 3016 5739 ty,
3046 5667 3097 5721 ι.
3179 5669 3223 5700 ⁷³
3257 5670 3299 5724 ll
3331 5670 3473 5726 Petr.
3508 5689 3547 5739 t,
3579 5673 3630 5726 4.
3708 5673 3757 5708 ’δ
3791 5673 3960 5733 Rom.

706 5737 822 5783 \‘tll,
849 5725 937 5777 ‘21.
1015 5725 1058 5754 ⁷⁵
1099 5726 1198 5777 lsa.
1230 5741 1337 5784 ιιι.
1369 5727 1427 5788 1;
1462 5727 1589 5780 Luc.
1627 5742 1698 5791 tv,
1733 5727 1818 5780 19.
1896 5727 1939 5757 ⁷⁵
1979 5725 2078 5781 lsa.
2117 5743 2235 5794 xu,

2383 5730 2470 5784 15.
2549 5732 2613 5761 ⁷⁸·
2651 5729 2754 5786 lsa.
2782 5747 2927 5791 sus.
2957 5733 2988 5788 6
