4072 6346
132 393 221 447 113

1206 399 1573 457 ADVERSUS
1611 403 2017 461 NESTORIUM
2060 407 2183 464 LIB.
2226 410 2311 464 Ill.

3263 425 3358 477 1ἰᾶ

127 511 523 581 Νενομοθέτηκε
559 512 656 581 μὲν
686 514 790 583 γὰρ
823 514 911 565 τοι)
939 514 995 579 ἐξ
1028 516 1256 585 αἵματός
1286 535 1342 570 τε
1374 522 1466 572 καὶ
1499 523 1685 588 γένους

1793 540 1981 592 genere
2031 530 2188 583 Israel
2247 531 2363 584 tulit
2414 531 2554 598 leges
2604 532 2736 587 Novi
2789 536 3141 603 Testamenti,
3183 544 3360 609 priore

140 604 349 674 Ἰσραήλ
384 604 480 674 τὴν
531 605 737 674 Καινὴν
785 606 1093 677 Διαθήκην,
1137 609 1539 681 παὶαιωθείσης
1589 614 1690 681 τῆς

125 696 365 767 πρώτηςο
403 697 639 766 ἐπέφανε
693 698 749 749 δὲ
800 699 894 751 καὶ
935 700 1098 769 μέχρι
1146 704 1433 771 τερμάτων
1460 705 1557 775 τῆς
1586 706 1691 757 ὑπ’

123 790 364 859 οὐρανὸν.
402 793 514 852 τοῖς
548 790 651 843 ἀνὰ
677 791 856 842 πᾶσαν
888 808 1071 859 χωραν
1106 809 1165 843 τε
1207 794 1298 845 καὶ
1331 795 1483 848 πόλιν
1513 796 1689 849 ἔθνεσί

124 893 174 928 τε
226 879 318 929 καὶ
370 876 537 941 λαοῖς.
566 878 1048 947 Προσκεκυνήκασι
1083 880 1191 951 γὰρ
1237 884 1404 953 αὐτῷ,
1439 885 1533 937 καὶ
1584 886 1689 955 μὴν

122 968 211 1020 καί
262 968 482 1022 ἕπονται
534 970 770 1040 νοητῶς,
822 972 1120 1042 ἀρρήκτοις
1165 976 1385 1045 ἀγάπης
1437 978 1687 1048 δεσμοῖς,

124 1057 367 1129 καθάπερ
398 1059 506 1111 τισὶ
536 1061 878 1129 χειροπέδαις
907 1063 1257 1132 ένισχημένα,
1284 1068 1376 1120 καὶ
1408 1072 1690 1138 μονονουχὶ

120 1150 344 1215 λέγοντα
392 1149 452 1202 τὺ
502 1149 589 1203 διὰ
623 1151 807 1219 φωνῆς
849 1154 1145 1223 Ίερεμίου’
1185 1173 1202 1205 ι
1226 1156 1358 1209 Ἰδοὺ
1388 1159 1495 1211 οἶδε
1530 1163 1689 1230 ἡμεῖς

120 1238 353 1309 ἐσόμεθά
383 1256 483 1303 σοι,
518 1240 599 1293 ὅτι
628 1242 690 1294 σὺ
719 1241 920 1312 Κύριος
945 1245 973 1295 6
997 1244 1125 1306 Θεὸς
1154 1246 1308 1314 ήμῶν
1335 1244 1402 1300 εἴ.
1433 1249 1605 1320 »Ὅρα
1632 1252 1689 1305 δέ

121 1347 205 1399 μοι
230 1328 337 1382 τῶν
362 1331 713 1400 προφητικῶν
734 1332 948 1385 ἐννοιῶν
966 1332 1062 1403 τὴν
1082 1336 1410 1406 ἐγρήγορσιν
1429 1356 1443 1371 ·
1473 1357 1491 1391 ι
1523 1342 1691 1411 Προσ-

122 1421 411 1490 κυνήσουσί
446 1437 550 1483 σοι,
585 1422 736 1490 φησι,
769 1424 860 1475 καὶ
894 1426 951 1475 tv
985 1425 1061 1481 σοὶ
1092 1428 1497 1496 προσεύξονται,
1528 1433 1607 1485 ὄτι
1634 1437 1689 1488 tv

123 1518 199 1569 σοι
230 1517 363 1579 Θεός
397 1519 533 1579 ἐστι,
566 1518 659 1573 καὶ
688 1519 786 1570 οὐκ
823 1518 938 1572 ἐστι
965 1520 1097 1584 Θεὸς
1144 1524 1284 1595 πλήν
1334 1542 1425 1579 σου
1449 1544 1461 1558 ’
1504 1547 1522 1580 ι
1572 1531 1689 1601 ᾔδει

126 1614 215 1678 μὲν
254 1606 349 1665 οὖν
392 1613 865 1684 ὁμολογουμένως.
898 1617 972 1679 ὡς
1013 1622 1455 1691 πνευματοφόρος
1493 1626 1584 1677 τὸν
1626 1628 1690 1680 ὲκ

120 1705 249 1760 Θεοῦ
280 1707 489 1777 Πατρὸς
520 1708 691 1774 Λόγον
721 1710 776 1761 ὲν
809 1710 936 1777 ἡμῖν
968 1712 1320 1780 σκηνώσαντα
1345 1714 1452 1786 [Ian
1481 1718 1689 1789 σκηνώ-

121 1797 324 1869 cauta],
358 1798 501 1851 καθά
530 1815 692 1864 φησιν
720 1802 748 1852 6
776 1802 1044 1871 μακάριος
1076 1804 1463 1877 εὐαγγελιστὴς
1504 1811 1687 1863 Ἰωάν-

1790 615 1900 682 jam
1944 618 2245 683 autiquato,
2290 620 2465 671 illuxit
2497 620 2657 673 etiam
2688 638 2855 690 usque
2890 627 2952 679 ad
2988 629 3245 683 terminos
3275 648 3361 684 or—

1794 705 1875 757 bis
1919 714 2185 759 terrarum
2236 710 2482 777 gentibus
2532 728 2594 766 ae
2638 716 2847 783 populis
2896 718 2991 786 qui
3044 734 3138 786 per
3175 737 3361 775 omnes

1793 798 2040 862 regiones
2078 810 2133 852 et
2175 802 2336 855 urbes
2380 813 2537 855 erant
2568 822 2579 858 :
2612 821 2733 858 nam
2777 806 2926 861 illum
2971 810 3359 875 adoraveruut,

1795 893 1959 954 atque
1994 889 2159 941 etiam
2184 889 2500 954 spiritaliter
2533 902 2852 961 sequuntur,
2885 896 3053 952 firmis
3082 899 3362 953 charitatis

1789 976 2021 1032 vinculis
2079 979 2239 1032 veluti
2286 980 2604 1048 quibusdam
2674 986 3021 1053 compedibus
3086 990 3245 1052 nexi,
3297 1004 3360 1042 ac

1791 1069 2178 1135 propemodum
2236 1069 2365 1123 illud
2406 1070 2655 1127 Ieremia:
2713 1075 2994 1129 dicentes:
3032 1096 3047 1126 ι
3083 1078 3218 1132 Ecce
3265 1080 3360 1147 ipsi

1792 1172 1891 1211 nos
1940 1159 2144 1213 erimus
2204 1160 2332 1226 tibi,
2388 1164 2511 1230 quia
2567 1173 2621 1217 tu
2681 1164 2939 1220 Dominus
2994 1166 3135 1221 Deus
3182 1179 3363 1222 noster

1789 1260 1849 1301 es
1871 1248 1937 1300 ".
1968 1267 1987 1298 ι
2010 1248 2087 1304 Ac
2100 1250 2237 1311 vide.
2271 1266 2474 1319 qumso,
2505 1255 2932 1324 propheticarum
2957 1259 3349 1312 sententiarum

1790 1338 2143 1407 vigilantiam.
2183 1341 2612 1396 «Curvabuntur
2664 1345 2784 1411 tibi,
2842 1347 3047 1415 inquit,
3101 1356 3154 1401 et
3208 1350 3258 1401 in
3308 1358 3357 1401 te

1792 1428 2119 1491 adorabunt,
2174 1434 2297 1500 quia
2353 1434 2405 1485 in
2442 1444 2491 1487 te
2526 1432 2667 1488 Deus
2695 1444 2798 1499 est,
2844 1446 2898 1490 et
2944 1453 3048 1492 non
3098 1448 3182 1493 est
3223 1437 3360 1493 Deus

1792 1525 1986 1584 praeter
2016 1527 2065 1571 te
2085 1517 2132 1548 ⁷⁸
2162 1537 2174 1572 :
2211 1538 2227 1569 ι
2267 1535 2389 1572 nam
2424 1530 2481 1574 ut
2512 1523 2701 1590 spiritu
2728 1523 3016 1579 instinctus
3042 1536 3193 1581 certo
3223 1529 3361 1582 scie-

1791 1605 1901 1670 bat,
1954 1605 2046 1660 Dei
2093 1606 2268 1663 Patris
2307 1608 2542 1663 Verbum
2590 1613 2642 1664 in
2690 1615 2845 1668 nobis
2880 1615 3265 1682 habitatorum,
3306 1628 3360 1670 ut

1791 1697 1967 1765 inquit
2005 1698 2194 1751 beatus
2222 1700 2551 1768 evangelista
2580 1699 2921 1769 Joannes";
2958 1705 3057 1758 hac
3100 1707 3164 1759 de
3198 1720 3359 1759 causa

1792 1789 1909 1841 sit:
1949 1807 1966 1839 ι
1998 1790 2050 1841 lu
2100 1800 2152 1842 te
2193 1790 2332 1843 Deus
2375 1798 2481 1854 est,
2532 1808 2552 1841 ι
2607 1805 2781 1860 neque
2828 1801 3005 1847 tamen
3056 1809 3243 1861 passus
3278 1806 3361 1849 est

119 1907 237 1958 νης·
270 1866 442 1959 ταύτῃ
472 1888 552 1941 τοί
586 1866 871 1959 φησινξὸτι
910 1866 1042 1945 ι’Ὲν
1064 1895 1145 1947 σοὶ
1168 1866 1302 1959 Θεός
1329 1866 1471 1951 ἐστιν·
1506 1918 1523 1952 ι
1553 1900 1691 1970 πλὴν

1795 1879 2199 1934 Emmanuelem
2233 1881 2284 1933 in
2309 1881 2413 1934 duo
2437 1881 2632 1948 dividi;
2666 1882 2756 1937 sed
2783 1886 3028 1951 quamvis
3052 1885 3141 1940 ille
3174 1884 3361 1955 Unfge-

116 1984 213 2035 οὐκ
244 1984 325 2044 εἰς
370 1980 461 2034 δύο
494 1980 783 2050 τέμνεσθαι
814 1983 981 2045 Θεοὺς
1014 1986 1402 2057 συγκεχώρηκε
1431 1990 1520 2042 τὸν
1559 1991 1691 2060 Ἐμ-

121 2073 358 2142 μανουήλ
377 2089 390 2100 ’
422 2072 534 2125 ἀλλ’
559 2074 607 2125 εἰ
637 2074 728 2126 καὶ
757 2074 976 2141 γέγονεν
996 2075 1092 2128 ἄνθ
1101 2093 1282 2146 ρωπος
1310 2081 1336 2130 6
1358 2080 1689 2151 Μονογενής,

118 2166 209 2216 ἕνα
231 2164 326 2216 καί
348 2161 523 2225 οὕτως
548 2162 816 2232 ὡμολόγει
846 2164 1007 2217 πάλιν
1036 2164 1197 2218 αὐτόν
1215 2182 1228 2197 ⁸
1254 2169 1346 2219 καὶ
1373 2168 1501 2235 γοῦν
1528 2170 1690 2235 εὐθὺς

119 2256 599 2325 προσεπήνεγκεν,
648 2256 729 2307 ὅτι
783 2274 800 2305 ι
833 2256 945 2309 Οὐκ
983 2255 1098 2308 ἔστι
1148 2255 1280 2320 Θεὸς
1330 2258 1468 2328 πλὴν
1518 2260 1634 2313 σοῦ.
1667 2280 1684 2312 ι

130 2345 408 2413 Ἐπιτήρει
450 2342 557 2413 γὰρ
589 2342 830 2413 ἀκριϐῶς
874 2344 972 2413 τὴν
1011 2343 1105 2396 τοῦ
1151 2348 1428 2416 προφήτου
1481 2353 1686 2420 φωνήν.

117 2437 162 2487 Π
169 2437 579 2505 ροσηγορευκὼς
599 2436 729 2504 γὰρ,
744 2434 818 2497 ὡς
841 2435 996 2504 ἔφην,
1017 2436 1097 2488 ὃτι
1115 2437 1201 2488 Ἐν
1220 2438 1301 2490 σοὶ
1325 2438 1496 2502 όΘεός
1519 2442 1687 2507 ἐστιν,

116 2527 173 2576 οὔ
211 2524 620 2595 προστέθεικεν,
652 2526 732 2579 ὅτι
761 2526 869 2578 Kai.
904 2527 1002 2578 οὐκ
1032 2526 1147 2581 ἔστι
1177 2528 1307 2591 Θεὸς
1342 2529 1482 2601 πλὴν
1511 2531 1602 2583 τοῦ
1632 2532 1691 2585 tv

118 2619 219 2682 σοὶ,
253 2615 371 2671 ἀλλ’
404 2618 485 2679 εἰς
534 2617 761 2686 ἑνότητα
808 2616 1140 2683 συνενεγκὼν
1174 2621 1545 2692 οἰκονομικὴν,
1577 2622 1690 2676 Οὐκ

115 2708 247 2773 ἔστι,
276 2707 435 2777 φησι,
466 2707 599 2771 Θεὸς
645 2708 784 2777 πλὴν
832 2706 949 2761 σοῦ.
982 2707 1103 2760 Ὅτι
1129 2708 1185 2761 δὲ
1210 2709 1494 2778 ἄνθρωπος
1532 2728 1690 2779 γεγοο

115 2800 216 2863 νὼς
248 2800 277 2851 ὁ
308 2797 604 2868 μονογενὴς
631 2798 725 2850 τοῦ
757 2798 894 2851 Θεοῦ
921 2798 1112 2867 Λόγος,
1135 2798 1223 2852 διὰ
1246 2801 1426 2871 πάσης
1448 2803 1544 2872 τῆς
1571 2803 1691 2856 θεοο

116 2889 378 2942 πνεύστω
428 2887 671 2958 Γραφῆς,
710 2889 784 2952 ὼς
838 2890 967 2953 ἔπος
1012 2892 1203 2952 εἰπεῖν,
1240 2893 1685 2960 καταγγέλλεται,

112 2978 196 3031 διὰ
216 2977 483 3030 πλείστων
507 2976 606 3046 μὲν
634 2977 773 3030 ὅσων
792 2978 998 3031 ἀκονιτὶ
1022 2980 1329 3046 καταδεῖξαι
1355 2983 1483 3052 ῥᾷον
1504 3000 1517 3011 ·
1542 2984 1651 3036 ἀπό

113 3083 214 3134 χρη
247 3065 327 3132 δὲ,
362 3058 538 3135 οἶμαι.
571 3065 708 3133 πρὸς
744 3064 804 3117 τὸ
821 3068 993 3135 παρὸν
1012 3068 1187 3119 ἐκεῖνο
1210 3071 1559 3139 εἰπεῖν.Ἔφη
1580 3072 1689 3140 γάρ

115 3173 213 3208 που
239 3156 376 3220 Θεὸς
403 3154 537 3225 πρὸς
561 3155 650 3209 τὸν
674 3155 943 3227 μακάριον
968 3156 1130 3209 Δαὸίδ
1150 3173 1162 3185 ⁸
1204 3176 1220 3209 ι
1250 3160 1359 3211 Καὶ
1402 3158 1690 3229 ἀναστήσω
1716 3194 1758 3253 C

112 3247 174 3299 ὲκ
194 3246 287 3299 τοῦ
311 3246 626 3318 σπέρματός
648 3263 740 3299 σου
771 3247 907 3317 μετὰ
930 3247 1010 3311 σὲ,
1027 3247 1084 3309 ὃς
1106 3246 1261 3299 ἔσται
1284 3249 1347 3300 ὲκ
1366 3249 1463 3318 τῆς
1483 3249 1690 3313 κοιλίας

113 3356 205 3391 σου
226 3356 239 3369 ’
266 3341 362 3392 καὶ
382 3339 654 3409 ἑτοιμάσω
677 3340 773 3410 τὴν
790 3339 1063 3409 βασιλείαν
1086 3339 1248 3393 αὑτοῦ
1269 3356 1286 3372 ο
1307 3340 1467 3405 αὐτὸς
1488 3344 1691 3396 οἰκοδο-

112 3430 274 3499 μήσει
300 3425 450 3481 οἷκον
464 3429 542 3498 τῷ
564 3428 786 3497 ὀνόματί
813 3445 937 3498 μου.
959 3431 1065 3483 Καὶ
1083 3431 1372 3500 ἀνορθώσω
1392 3432 1481 3484 τὸν
1504 3433 1690 3502 θρόνον

112 3520 273 3574 αὑτοῦ
298 3521 405 3583 ἕως
426 3522 504 3583 εἰς
526 3520 617 3571 τὸν
636 3518 826 3574 αἰῶνα.
843 3521 951 3572 Καὶ
971 3518 1081 3586 ἐγὼ
1101 3519 1290 3589 ἔσομαι
1316 3521 1463 3590 αὑτῷ
1484 3524 1563 3584 ei;
1582 3523 1692 3575 Πα-

110 3611 263 3681 τέρα,
278 3612 378 3666 καὶ
401 3610 563 3672 αὐτὸς
586 3609 736 3662 ἔσται
756 3625 845 3677 μοι
864 3610 943 3671 εἰς
969 3608 1113 3661 Υἰόν.
1131 3628 1147 3660 ι
1170 3608 1330 3673 Ἀλλ’,
1356 3605 1531 3678 οἶμαι,
1558 3612 1688 3681 φαίη

112 3718 191 3763 τις
218 3702 307 3763 ἂν,
326 3702 429 3754 οὐκ
454 3701 547 3754 ἐπί
576 3717 639 3768 γε
658 3699 1385 3771 τῷῇΕμμανουὴλβίρῆσθαι
1410 3702 1466 3754 δὲ
1491 3702 1690 3771 μᾶλλον

111 3792 201 3844 ἐπὶ
238 3793 549 3863 Σολομῶντι
579 3792 755 3848 ταυτί.
790 3790 1001 3852 Παῦλός
1030 3808 1091 3858 γε
1125 3792 1229 3861 μὴν
1276 3794 1305 3844 6
1342 3793 1679 3861 σοφώτατος,

111 3884 221 3943 τοῖς
263 3882 444 3945 οὓτως
491 3880 732 3934 ἐθέλουσι
792 3882 953 3943 νοεῖν,
1006 3878 1346 3943 ἀντιτάξεται
1406 3883 1688 3949 γεννικῶς,

110 3970 323 4040 δέχεται
351 3973 463 4043 γὰρ
488 3972 579 4024 ἐπὶ
604 3970 823 4041 Χριστῷ
851 3973 949 4034 τὰς
975 3972 1189 4039 φωνάς’
1221 3973 1313 4025 καὶ
1351 3972 1513 4026 αὑτὸν
1546 3971 1688 4027 εἶναί

113 4080 241 4130 φησι
282 4065 424 4135 πρὸς
459 4064 517 4116 ὃν
555 4064 768 4131 εἴρηται
806 4064 959 4132 παρὰ
991 4061 1083 4115 τοῦ
1132 4062 1266 4115 Θεοῦ
1312 4065 1404 4116 καὶ
1445 4064 1678 4133 Πατρδς,

110 4154 188 4206 ὅτι
226 4155 501 4223 «Ἐσομαι
523 4153 671 4222 αὺτῷ
696 4154 772 4215 εἰς
802 4154 1041 4223 Πατέρα,
1086 4152 1180 4206 καὶ
1215 4153 1377 4217 αὐτὸς
1411 4154 1564 4207 ἔσται
1600 4173 1689 4225 μοι

113 4239 185 4306 εἰς
237 4245 389 4297 Υἰόν.
421 4262 439 4295 ι
476 4244 598 4295 ’Ότι
641 4244 697 4295 δὲ.
744 4243 864 4296 καθ’
903 4244 1052 4313 ἡμᾶς
1105 4243 1363 4319 γεγονὼς,
1415 4246 1689 4298 τουτέστιν

111 4336 420 4406 ἄνθρωπος,
462 4336 835 4407 ἱερουργήσειν
869 4333 1063 4403 ἔμελλε
1102 4334 1178 4403 τῷ
1220 4333 1337 4404 Θεῷ
1369 4334 1459 4386 καὶ
1492 4337 1686 4406 Πατρὶ,

111 4424 197 4476 διὰ
247 4425 347 4494 τῆς
404 4425 485 4484 εἰς
533 4422 692 4474 αὑτὸν
749 4422 983 4485 πίστεως
1040 4424 1389 4493 σεσωσμένην
1438 4425 1536 4492 τὴν
1598 4426 1687 4478 ὑπ’

1794 1972 1935 2025 nitus
1971 1973 2042 2025 sit
2066 1972 2236 2025 factus
2265 1974 2447 2037 homo,
2480 1972 2560 2027 sic
2586 1988 2801 2042 quoque
2834 1990 2997 2027 unum
3026 1991 3213 2029 rursus
3238 1989 3356 2031 esse

1792 2062 2081 2127 fatebatur,
2127 2064 2353 2131 ideoque
2404 2064 2584 2117 intulit
2626 2065 2807 2118 statim
2841 2081 2855 2119 :
2891 2084 2909 2116 ι
2944 2064 3059 2118 Non
3096 2075 3178 2119 est
3221 2066 3361 2119 Deus

1791 2164 1984 2224 praeter
2027 2165 2097 2208 te.
2135 2173 2152 2204 ι
2190 2155 2430 2208 Observa
2480 2169 2713 2223 namque
2758 2156 3043 2224 diligenter
3089 2158 3360 2225 propheta?

1790 2260 1975 2299 vocem
2002 2264 2014 2300 :
2040 2261 2159 2301 cum
2188 2246 2357 2309 enim,
2385 2254 2443 2298 ut
2477 2246 2608 2310 dixi,
2637 2244 2899 2300 allocutus
2926 2256 3069 2300 esset
3103 2263 3223 2301 eum
3274 2248 3359 2302 his

1790 2336 2012 2391 verbis:
2047 2355 2065 2387 ι
2113 2335 2169 2389 In
2200 2348 2252 2389 te
2297 2346 2379 2390 est
2426 2334 2605 2400 Deus;
2636 2353 2653 2385 ι
2704 2350 2807 2389 non
2856 2335 3049 2402 adjecit
3084 2355 3096 2389 :
3129 2336 3240 2389 Non
3278 2350 3361 2391 est

1792 2428 1931 2481 Deus
1963 2438 2159 2497 prater
2193 2427 2342 2481 illum
2394 2426 2484 2495 qui
2528 2435 2609 2480 est
2651 2428 2701 2479 in
2749 2437 2819 2486 te.
2869 2427 2963 2481 sed
3011 2428 3062 2481 lu
3101 2429 3357 2481 unitatem

1799 2518 2254 2585 dispensatoriam
2299 2517 2674 2586 conjungendo
2699 2534 2712 2571 :
2742 2534 2760 2566 ι
2792 2515 2907 2570 Non
2949 2526 3033 2569 est
3072 2515 3231 2581 Deus,
3278 2520 3358 2570 in-

1792 2606 1925 2673 quit,
1962 2614 2158 2670 przeter
2187 2614 2259 2659 te.
2289 2624 2307 2657 ι
2354 2606 2523 2659 Porro
2554 2604 2889 2672 unigenitum
2940 2602 3069 2657 illud
3100 2603 3188 2657 Dei
3233 2602 3361 2657 Ver-

1789 2697 1915 2752 bum
1950 2697 2220 2751 hominem
2253 2696 2481 2759 l'actum,
2512 2709 2608 2764 per
2630 2709 2817 2748 omnes
2840 2694 3096 2749 divinitus
3134 2695 3364 2762 inspira-

1792 2797 1857 2840 ta:
1896 2787 2187 2855 Scriptura:
2221 2786 2452 2850 litteras,
2489 2793 2546 2839 ut
2572 2783 2647 2839 ita
2688 2784 2883 2849 dicam,
2907 2784 3212 2853 praedicari,
3244 2800 3360 2853 per-

1792 2877 1948 2932 facile
1997 2884 2079 2932 est
2132 2875 2543 2944 quamplurimis
2606 2875 2740 2929 locis
2790 2876 3109 2939 ostendere,
3160 2877 3253 2930 sed
3296 2877 3361 2931 ad

1790 2983 2027 3039 praesens
2060 2969 2188 3023 illud
2226 2968 2429 3021 dixisse
2469 2966 2599 3019 satis
2636 2965 2757 3019 erit.
2790 2965 2932 3019 Dixit
2960 2967 3101 3020 enim
3134 2968 3271 3022 Deus
3296 2968 3361 3021 ad

1791 3067 2004 3119 beatum
2046 3064 2212 3117 David
2243 3080 2256 3116 :
2288 3081 2305 3114 ι
2338 3061 2406 3115 Ει
2448 3059 2724 3115 suscitabo
2757 3060 2824 3114 de
2876 3061 3078 3116 semine
3112 3070 3202 3114 tuo
3244 3071 3365 3126 post

1792 3165 1867 3219 te,
1906 3157 1996 3226 qui
2041 3157 2146 3211 erit
2189 3156 2255 3209 de
2289 3164 2475 3207 ventre
2520 3160 2632 3215 tuo,
2678 3162 2733 3205 et
2776 3152 3088 3219 praparabo
3141 3167 3365 3221 regnum

1794 3249 1909 3315 ejus
1946 3248 2101 3313 :ipse
2135 3245 2423 3301 tedificabit
2467 3243 2685 3298 domum
2726 3242 2929 3296 nomini
2965 3256 3119 3296 meo:
3156 3253 3211 3295 et
3251 3244 3362 3296 eri-

1794 3349 1918 3407 gam
1962 3337 2156 3390 solium
2188 3335 2303 3403 ejus
2335 3348 2501 3401 usque
2530 3333 2582 3386 in
2633 3332 2886 3387 saeculum
2920 3349 2931 3383 :
2964 3340 3018 3385 et
3049 3346 3149 3399 ego
3183 3345 3278 3386 ero
3312 3332 3360 3384 ei

1795 3428 1845 3481 in
1870 3427 2105 3491 Patrem,
2125 3436 2178 3479 et
2202 3426 2316 3494 ipse
2342 3425 2446 3479 erit
2468 3423 2595 3477 mihi
2616 3424 2668 3477 in
2695 3421 2890 3477 Filium
2908 3422 2976 3474 ⁸ο.
3012 3441 3028 3472 ι
3060 3422 3166 3475 Sed
3195 3422 3357 3486 dicet,

1794 3518 2017 3584 opinor,
2063 3517 2276 3584 aliquis,
2314 3516 2427 3568 haec
2462 3514 2647 3568 nonin
2691 3513 3117 3576 Emmanuelem,
3172 3514 3264 3567 sed
3311 3515 3363 3566 in

1797 3606 1906 3677 63
1962 3604 2303 3660 Salomonem
2349 3605 2491 3657 dicta
2541 3602 2727 3661 fuisse.
2776 3604 2880 3657 Sed
2933 3604 3117 3657 beatus
3169 3602 3365 3655 Paulus

1795 3696 2107 3753 hominlbus
2147 3697 2217 3748 ita
2256 3693 2616 3749 sentientibus
2648 3703 2869 3748 strenue
2897 3693 3143 3756 obsistet,
3176 3692 3264 3759 qui
3301 3693 3364 3743 de

1792 3789 2011 3844 Christo
2045 3787 2145 3841 has
2176 3801 2335 3841 voces
2367 3786 2584 3854 accipit,
2622 3786 2901 3853 ipsumque
2933 3799 3054 3837 esse
3084 3784 3277 3837 asserit
3311 3783 3359 3835 in

1792 3893 1950 3950 quem
1988 3878 2188 3933 dictum
2217 3877 2287 3932 sit
2316 3892 2343 3929 a
2378 3876 2486 3931 Deo
2515 3886 2569 3930 et
2599 3875 2759 3929 Patre
2789 3892 2802 3929 :
2840 3893 2859 3925 ι
2900 3874 3005 3927 Ero
3037 3872 3109 3927 illi
3156 3874 3207 3927 in
3262 3871 3363 3925 Pa-

1794 3983 1949 4035 trem,
1996 3979 2049 4024 et
2100 3971 2213 4038 ipse
2260 3969 2365 4022 erit
2417 3967 2546 4021 mihi
2606 3967 2659 4020 in
2713 3965 2906 4020 Filium
2933 3964 3001 4020 ⁸¹.
3033 3982 3052 4016 ι
3102 3963 3359 4016 Eumdem

1791 4068 1954 4133 porro
1982 4062 2152 4115 nostri
2182 4060 2412 4114 similem
2443 4058 2664 4121 factum,
2699 4057 2751 4111 id
2780 4064 2883 4121 est,
2910 4055 3207 4118 hominem,
3242 4053 3356 4106 fore
3390 4068 3391 4071 ‘

1794 4163 1851 4207 ut
1885 4154 1991 4205 Deo
2038 4162 2090 4205 et
2140 4150 2285 4203 Patri
2341 4149 2675 4203 sacrificaret
2723 4145 2906 4198 orbem
2957 4151 3225 4196 terrarmn
3270 4155 3363 4208 per

1795 4245 1954 4298 iidem
1997 4244 2049 4297 in
2085 4255 2143 4296 se
2177 4239 2513 4293 credentium
2553 4236 2837 4300 salvatum,
2872 4233 3166 4289 declaravit
3208 4232 3357 4292 alibi.

1796 4333 1982 4386 dicens
2024 4346 2037 4383 :
2077 4348 2093 4380 ι
2126 4330 2192 4383 Et
2240 4327 2511 4381 suscitabo
2562 4324 2691 4377 mihi
2741 4323 3082 4377 sacerdotem
3128 4318 3360 4381 fidelem,

1794 4422 1885 4491 qui
1922 4421 2102 4476 omnia
2140 4433 2256 4487 qua:
2285 4424 2412 4470 sunt
2449 4416 2501 4467 in
2532 4412 2696 4467 corde
2729 4420 2783 4464 et
2818 4411 2996 4464 anima
3031 4424 3152 4463 mea
3183 4407 3359 4469 faciet,

110 4517 357 4585 οὐρανὸν,
398 4514 640 4582 διεσάφει
668 4513 840 4581 λέγων
867 4515 923 4567 tv
947 4514 1151 4583 ἑτέροις
1178 4532 1188 4543 ⁸
1232 4537 1249 4567 ι
1272 4518 1380 4569 Καὶ
1400 4518 1690 4588 ἀναστήσω

1796 4522 1848 4566 et
1890 4510 2166 4564 aedificabo
2196 4509 2243 4560 ei
2284 4507 2499 4559 domum
2552 4502 2785 4564 fidelem,
2838 4510 2894 4554 et
2947 4500 3195 4553 transibit
3239 4507 3363 4551 ante

111 4606 337 4675 ἐμαυτῷ
394 4605 550 4675 ἰερέα
588 4604 795 4669 πιστὸν,
839 4604 898 4666 ὃς
949 4605 1123 4658 πάντα
1174 4606 1243 4659 τὰ
1291 4608 1349 4659 tv
1388 4611 1452 4677 τῇ
1495 4610 1691 4680 καρδίᾳ

113 4714 233 4763 μου,
260 4696 358 4749 καὶ
389 4696 450 4747 έν
483 4697 547 4764 τῇ
596 4694 739 4763 ψυχῇ
787 4711 885 4763 μου
922 4696 1168 4764 ποιήσει·
1219 4696 1311 4748 καὶ
1352 4697 1690 4767 οἰκοδομήσω

110 4785 256 4855 αὐτῷ
306 4781 461 4838 οἶκον
512 4784 699 4836 πιστόν
728 4800 740 4812 ’
794 4785 889 4836 καὶ
935 4785 1269 4838 διελεύσεται
1314 4785 1541 4840 ἐνώπιόν
1592 4806 1691 4856 μου

110 4877 289 4938 πάσας
334 4876 439 4937 τὰς
493 4874 765 4943 ήμέρας.ι
808 4873 995 4946 ’Δθρει
1035 4877 1096 4945 δή
1151 4894 1239 4946 μοι
1297 4877 1480 4940 πάλιν,
1514 4876 1588 4940 ὡς
1637 4880 1693 4931 tv

112 4967 319 5034 ἑτέροις
355 4963 553 5025 εἰπὼν,
594 4983 611 5014 ι
642 4959 807 5026 Οὗτος
842 4965 1181 5035 οἰκοδομήσει
1217 4963 1364 5019 οἶκον
1380 4968 1455 5037 τῷ
1472 4966 1695 5036 ὀνόματί

115 5072 236 5122 μου,
268 5073 289 5104 ι
327 5053 411 5122 τῷ
452 5052 567 5121 Υἰῷ
597 5052 688 5105 τὸν
718 5048 865 5104 οἷκον
896 5054 1135 5123 ἐγείρειν
1158 5056 1185 5106 6
1215 5056 1403 5125 Πατὴρ
1430 5056 1696 5123 ἐπαγγέλ-

108 5145 277 5198 λεται.
310 5145 427 5199 Καὶ
457 5142 617 5195 τοῦτο
649 5143 825 5206 συνεὶς
846 5145 873 5195 6
904 5142 1187 5207 θεσπέσιος
1214 5146 1444 5210 Παῦλος,
1488 5149 1689 5202 Μωσέα

114 5235 209 5303 μὲν
251 5234 356 5305 ἔφη
396 5233 592 5286 πιστὸν
636 5234 691 5285 tv
724 5234 828 5303 ὅλῳ
872 5235 1124 5302 γενέσθαι
1167 5236 1246 5306 τῷ
1303 5237 1436 5307 οἴκῳ
1472 5255 1593 5307 μου,
1632 5239 1709 5291 τὸ,

110 5326 379 5378 οἰκετικὸν
421 5324 614 5393 ἔχοντα
648 5325 861 5394 μέτρον,
912 5328 1145 5395 Χριστόν
1190 5345 1251 5392 γε
1297 5329 1401 5399 μὴν
1450 5331 1523 5392 ὼς
1565 5331 1692 5382 Υἰδν

111 5417 201 5467 ἱεπί
230 5418 323 5468 τὸν
373 5412 529 5468 οἷκον
574 5416 759 5476 αὑτοῦ,
796 5413 855 5469 οὗ
892 5412 1036 5479 οἶκος
1068 5418 1230 5488 ἐσμὲν
1269 5422 1445 5489 ἡμεῖς.
1482 5423 1523 5471 Τ
1531 5422 1701 5489 ρόπος

114 5508 167 5559 δὲ
211 5508 311 5577 τῆς
360 5506 676 5577 ἱερουργίας
724 5507 891 5576 αὐτῷ,
934 5508 1004 5560 τὰ
1050 5510 1365 5581 καθ’ήμᾶς·
1419 5512 1513 5581 οὐχ
1553 5506 1690 5580 αἷμα

182 5690 227 5722 "'
259 5690 467 5744 Jerem.
500 5706 579 5756 ιιι,
605 5692 695 5745 2‘2.
772 5691 944 5745 "15a.
978 5706 1097 5752 xxv,
1134 5690 1216 5743 H.
1296 5690 1339 5719 ⁷⁵
1370 5687 1520 5743 Joan.
1549 5704 1601 5746 1.
1634 5687 1721 5739 14.

182 5800 188 5812 .
266 5762 310 5792 ⁸³
348 5761 364 5812 l
406 5760 540 5812 Rea.
573 5778 631 5812 ιι.
659 5762 745 5812 35.
859 5760 903 5790 ⁸³
939 5759 977 5812 ll
1013 5758 1143 5812 Rea.
1174 5776 1207 5812 l.
1243 5759 1324 5812 15.
1401 5759 1441 5787 ’⁸³
1477 5758 1639 5812 Hebr.
1670 5773 1745 5812 ιιι.
1772 5756 1805 5807 ‘2

1401 5759 1441 5787 ’⁸³
1477 5758 1639 5812 Hebr.
1670 5773 1745 5813 ιιι.
1772 5758 1823 5809 ‘2.

135 5760 188 5814 5.
266 5762 310 5792 ⁸³
348 5761 364 5815 l
406 5760 540 5828 Reg.
573 5778 632 5826 ιι,
659 5762 745 5817 35.
859 5760 903 5790 ⁸³
939 5759 977 5812 ll
1013 5758 1143 5824 Reg.
1174 5776 1207 5822 ι,
1243 5759 1324 5813 15.

1795 4618 1881 4657 me
1928 4600 2179 4655 omnibus
2222 4597 2413 4651 diebus
2436 4596 2502 4645 δ’.
2547 4612 2564 4646 ι
2597 4592 2717 4647 Jam
2759 4591 2885 4645 illud
2924 4604 3104 4658 quaeso
3145 4603 3357 4642 rursum

1793 4690 2096 4753 considera,
2134 4689 2273 4757 quod
2323 4701 2442 4738 cum
2476 4683 2601 4737 alibi
2637 4682 2863 4735 dixisset
2894 4700 2907 4734 :
2943 4697 2961 4730 ι
2994 4680 3092 4733 Hic
3130 4677 3362 4733 aedifica-

1795 4782 1871 4836 bit
1909 4784 2122 4835 domum
2181 4779 2381 4833 nomini
2442 4791 2562 4829 tneo
2586 4774 2650 4839 ⁸³,
2682 4793 2700 4825 ι
2751 4773 2885 4827 Filio
2929 4783 3104 4825 tamen
3142 4772 3357 4825 domum

1796 4882 2105 4926 erecturum
2139 4886 2196 4925 se
2217 4869 2376 4922 Pater
2403 4866 2686 4935 pollicetur
2716 4881 2730 4918 :
2763 4865 2905 4933 quod
2942 4879 3061 4917 cum
3096 4862 3358 4931 intellige.

1796 4971 1881 5017 ret
1924 4964 2110 5016 beatus
2144 4960 2341 5013 Paulus
2363 4956 2432 5019 ³⁵,
2468 4955 2647 5009 Mosen
2696 4954 2911 5023 quidem
2947 4952 3154 5005 fidelem
3197 4951 3361 5004 fuisse

1798 5056 1927 5110 dicit
1970 5055 2022 5108 in
2054 5061 2164 5107 tota
2199 5055 2357 5105 domo
2391 5062 2531 5110 mea,
2569 5046 2711 5112 quod
2759 5042 3077 5098 famulorum
3118 5042 3363 5095 ordinem

1795 5161 1859 5201 ae
1903 5157 2211 5199 mensuram
2265 5150 2503 5204 teneret;
2556 5137 2829 5192 Christum
2880 5147 3011 5187 vero
3060 5142 3120 5185 ut
3169 5131 3360 5184 Filium

1796 5252 1957 5305 super
1984 5236 2197 5289 domum
2224 5232 2366 5300 ejus,
2397 5232 2551 5300 cujus
2579 5229 2770 5283 domus
2797 5238 2982 5280 sumus
3012 5237 3128 5276 nos.
3167 5220 3354 5274 Forma

1796 5336 1972 5380 autem
2005 5326 2121 5394 ejus
2159 5321 2406 5377 sacrificii
2456 5335 2541 5373 res
2576 5328 2772 5372 nostra:
2818 5324 2961 5379 sunt,
2995 5328 3097 5366 non
3144 5311 3361 5377 sanguis

1796 5427 2070 5469 taurorum
2109 5425 2162 5469 et
2190 5411 2501 5472 vitulorum,
2534 5409 2625 5462 sed
2652 5406 2889 5459 omnium
2929 5404 3204 5457 hominum
3239 5401 3357 5454 fidei

1797 5507 2064 5563 confessio
2100 5524 2110 5557 :
2151 5505 2309 5571 idque
2343 5501 2626 5556 confirmat
2656 5498 2845 5552 beatus
2886 5494 3083 5547 Paulus
3126 5492 3251 5547 item
3284 5495 3359 5566 sie

1812 5688 1855 5716 ⁸ο
1894 5685 1930 5741 ll
1965 5687 2092 5755 Reg.
2123 5700 2212 5748 ιιι,
2248 5683 2328 5746 l2,
2358 5682 2441 5735 15.
2544 5680 2585 5709 ⁸¹
2628 5676 2667 5731 ll
2703 5675 2832 5746 Reg.
2862 5692 2953 5739 vn,
2986 5676 3011 5729 ‘l
3037 5674 3091 5738 i;
3130 5672 3287 5727 Hebr.
3322 5690 3355 5735 I,
