4072 6346
698 391 796 447 HS
1675 396 1732 449 S.
1777 395 2051 451 CYlllLLl
2092 395 2564 450 ALEXANDRINI
2604 395 2923 451 AltClIlEP.
3840 392 3941 444 H6

697 513 938 567 scribens
970 529 981 564 :
1020 531 1038 564 ι
1072 511 1252 580 Unde,
1301 513 1496 568 fratres
1537 517 1732 577 sancti,
1767 517 2065 570 vocationis
2115 517 2277 570 C(ele-

2379 517 2596 587 ταύρων
2629 517 2723 570 καὶ
2771 515 3004 584 μόσχων,
3045 511 3156 564 ἀλλ’
3204 511 3234 580 ἡ
3273 509 3370 578 τῆς
3409 507 3663 563 ἁπάντων
3705 507 3944 571 πίστεως

697 602 792 655 stis
823 603 1132 672 participes,
1160 605 1498 658 considerate
1523 607 1836 673 Apostolum
1863 617 1916 660 ct
1944 606 2254 660 Pontiﬁcem

2371 610 2640 682 ὗμολογία.
2699 606 2811 659 Καὶ
2855 604 3185 657 πιστώσεται
3233 602 3392 654 πάλιν
3438 601 3532 652 ὡδὶ
3578 597 3879 670 γεγραφὼς
3919 601 3944 650 6

697 692 1051 748 confessionis
1078 704 1274 748 nostra:
1307 695 1509 760 Jesum,
1547 698 1636 766 qni
1672 697 1844 750 ﬁdelis
1870 707 1950 750 est
1978 698 2024 749 ei
2053 697 2140 764 qui
2179 697 2248 750 fe-

2371 700 2637 773 μακάριος
2677 696 2922 756 Παῦλος·
2956 713 2974 744 ‹
2997 692 3178 755 Ὅθεν,
3216 692 3435 760 ἀδελφοὶ
3491 692 3656 758 ἆγιοι,
3697 689 3945 759 κλήσεως

698 783 771 836 cit
808 784 950 836 illum
971 786 1036 839 ⁸⁸.
1071 805 1089 837 ι
1126 788 1299 853 lpsmn
1347 788 1508 857 igitur
1539 790 1830 842 asserimns
1863 804 1927 842 ex
1966 787 2074 840 Deo
2103 789 2261 843 Patre

2371 789 2690 860 ἐπουρανίου
2742 787 2981 856 μέτοχοι,
3033 785 3409 853 κατανοήσατε
3467 781 3557 834 τὸν
3620 779 3944 833 Ἀπόστολον

701 873 936 928 Verbum
968 891 1088 930 cum
1124 889 1343 947 accepta
1376 880 1519 933 servi
1559 882 1730 933 forma
1769 889 1989 947 propter
2026 893 2122 932 nos
2148 879 2261 932 exi-

2371 885 2460 938 καὶ
2496 879 2781 950 ’Λρχιερέα
2807 877 2906 947 τῆς
2945 875 3233 945 ὁμολογίας
3283 874 3441 942 ήμῶν
3485 873 3711 941 Ἰησοῦν,
3753 871 3944 923 πιστὸν

700 965 915 1019 nanitus
958 981 1076 1021 esse
1122 968 1344 1034 dicitur,
1392 977 1499 1021 tum
1537 968 1600 1020 ad
1658 969 2008 1023 humanitatis
2049 980 2261 1036 quoque

2371 975 2494 1027 ὄντα
2529 971 2607 1041 τῷ
2654 971 2939 1040 ποιήσαντι
2971 967 3152 1020 αὐτόν.
3188 985 3206 1017 ι
3278 965 3450 1018 Αὑτὸν
3491 960 3583 1016 οῦν
3616 964 3722 1033 ἄρα
3758 963 3942 1030 φαμὲν

700 1068 1004 1112 mensuram
1060 1057 1294 1125 seipsum
1335 1057 1615 1125 dejccisse,
1659 1059 1744 1112 cui
1783 1073 2048 1113 mensura:
2076 1072 2265 1112 conse-

2371 1067 2453 1118 τὸν
2484 1065 2547 1116 ὲκ
2574 1060 2709 1115 Θεοῦ
2744 1060 2955 1129 Πατρὸς
2987 1057 3181 1125 Λόγον,
3213 1056 3302 1108 ὅτε
3333 1056 3401 1108 δι’
3431 1055 3578 1124 ἡμᾶς
3606 1052 3944 1106 κεκενῶσθαι

698 1154 926 1209 quenter
970 1147 1255 1200 admodum
1307 1149 1578 1210 convenit,
1629 1157 1686 1202 ut
1723 1150 1920 1202 missus
1954 1163 2075 1202 esse
2113 1158 2265 1216 pute-

2371 1157 2586 1223 λέγεται
2639 1152 2848 1223 μορφὴν
2873 1150 3058 1204 δούλου
3089 1149 3287 1214 λαϐὼν,
3338 1147 3458 1198 τότε
3492 1147 3586 1198 καὶ
3619 1147 3676 1197 ὲν
3703 1148 3818 1219 τοῖς
3853 1145 3948 1213 τῆς

701 1242 805 1295 tur,
838 1243 890 1287 et
917 1235 1090 1303 ipsum
1131 1236 1248 1304 ejus
1288 1238 1613 1293 sacriﬁcium
1645 1241 1879 1308 supremi
1921 1239 2062 1294 illius
2091 1239 2263 1293 hono-

2371 1249 2786 1319 ἀνθρωπότητος
2817 1245 3036 1314 μέτροις
3065 1240 3252 1295 ἑαυτὸν
3293 1239 3558 1301 καθεῖναι,
3587 1233 3667 1300 οἷς
3692 1236 3758 1289 ἂν
3801 1237 3947 1305 πρέ-

702 1324 773 1377 ris
801 1327 950 1393 quasi
978 1328 1291 1383 conciliator
1317 1331 1531 1398 quidam
1563 1331 1924 1385 existimetur.
1953 1330 2085 1384 Nam
2117 1331 2161 1384 si
2185 1329 2264 1383 ia-

2371 1360 2458 1395 ποι
2505 1341 2598 1392 καὶ
2636 1339 2782 1410 μάλα
2834 1337 3078 1397 εἰκότως,
3135 1333 3229 1385 καὶ
3263 1331 3322 1384 τὸ
3372 1327 3705 1382 ἀπεστάλθαι
3746 1328 3949 1390 δοκεῖν,

700 1425 820 1468 ctus
875 1419 1047 1471 nostri
1105 1419 1318 1485 similis,
1369 1422 1613 1474 adoravit
1657 1422 1934 1476 nobiscum
1974 1434 2032 1475 ut
2083 1422 2263 1486 homo,

2371 1434 2462 1486 καὶ
2515 1433 2616 1499 τῆς
2682 1428 2942 1483 ἀνωτάτω
2995 1425 3164 1495 τιμῆς
3219 1421 3467 1493 ἡγεῖσθαι
3531 1418 3793 1488 πρόξενον
3852 1418 3951 1485 τὴν

699 1508 945 1572 quamvis
999 1510 1186 1564 adoret
1227 1511 1398 1579 ipsum
1442 1513 1530 1565 illa
1567 1527 1797 1581 superna
1851 1523 2269 1582 sanctorumque

2371 1523 2700 1596 ἱερουργίαν.
2729 1521 2793 1572 Ei
2823 1519 2932 1588 γάρ
2955 1517 3186 1583 ἐπείπερ
3218 1514 3409 1580 γέγονε
3437 1510 3559 1564 καθ’
3589 1510 3756 1579 ἡμᾶς,
3779 1524 3953 1576 προσ-

699 1595 988 1663 spirituum
1044 1600 1368 1664 multitudo,
1415 1617 1537 1654 cum
1599 1603 1664 1657 de
1711 1604 1804 1657 illo
1854 1603 2028 1659 Moses
2077 1603 2263 1657 dicat:

2371 1595 2642 1682 κεκύνηκε
2680 1610 2798 1680 μεθ’
2822 1607 2978 1678 ἡμῶν
3013 1608 3087 1670 ὡς
3117 1604 3439 1674 ἄνθρωπος·
3485 1600 3661 1652 καίτοι
3704 1613 3953 1668 προσκυ-

708 1703 724 1733 σ
755 1681 1058 1751 Laetamini,
1079 1687 1221 1753 cceli,
1253 1688 1412 1742 simul
1443 1706 1562 1743 cum
1593 1692 1709 1757 ipso
1727 1693 1793 1755 ⁸⁸,
1818 1702 1870 1746 et
1897 1692 2119 1745 adorent
2144 1706 2265 1746 eum

2373 1681 2573 1776 νούσης
2594 1701 2755 1757 αὐτὸν
2781 1704 2880 1771 τῆς
2912 1700 3022 1754 ἄνω
3045 1695 3306 1766 πληθύος,
3336 1693 3430 1746 καὶ
3459 1691 3566 1745 τῶν
3594 1689 3766 1758 ἁγίων
3793 1704 3958 1740 πνευ-

701 1788 890 1828 omnes
920 1774 1013 1830 ﬁlii
1051 1776 1142 1831 Dei
1166 1778 1246 1843 '7;
1281 1798 1299 1829 ι
1342 1781 1469 1847 quid
1507 1797 1724 1846 novum,
1757 1793 1810 1835 et
1842 1797 1872 1834 a
1909 1783 2267 1850 dispensatio-

2375 1774 2580 1866 μάτων,
2612 1792 2861 1861 λέγοντός
2887 1807 2947 1842 τε
2971 1788 3215 1849 Μωσέως
3257 1786 3384 1855 περὶ
3423 1782 3609 1846 αὐτοῦ,
3656 1801 3673 1832 ε
3700 1780 3959 1848 Εὐφράνο

701 1865 787 1919 nis
817 1868 1116 1924 rationibus
1143 1871 1398 1938 alienum,
1427 1873 1469 1926 si
1503 1875 1697 1926 summi
1729 1874 2017 1928 sacerdotii
2047 1887 2268 1928 munere

2372 1865 2520 1956 θητε,
2538 1883 2776 1953 οὐρανοὶ,
2799 1882 2913 1950 ἅμα
2929 1879 3096 1948 αὐτῷ,
3119 1877 3211 1930 καὶ
3236 1874 3768 1946 προσκυνησάτωσαν
3793 1870 3959 1924 αὐτὸν

704 1957 919 2014 [tinctus
965 1971 1068 2025 est,
1116 1971 1174 2016 ut
1218 1964 1310 2031 qui
1344 1964 1397 2017 in
1444 1965 1664 2019 odorem
1699 1965 1982 2019 suavitatis
2025 1966 2262 2033 seipsum

2377 1979 2577 2039 πάντες
2612 1976 2718 2028 υἱοὶ
2756 1973 2926 2027 Θεοῦ·
2963 1991 2979 2022 ι
3012 1970 3062 2024 τί
3098 1969 3158 2022 τὸ
3194 1967 3342 2032 ξένον
3386 1966 3418 2034 ἢ
3465 1969 3579 2027 τοῖς
3611 1965 3711 2033 τῆς
3744 1964 3958 2015 οἰκονο-

700 2064 800 2116 pro
832 2052 1010 2116 nobis,
1050 2061 1105 2105 et
1148 2069 1244 2108 nos
1288 2070 1383 2123 per
1411 2056 1647 2124 seipsum
1682 2065 1734 2110 et
1771 2057 1823 2109 in
1865 2056 2042 2124 seipso
2077 2057 2183 2110 Deo
2216 2044 2270 2108 et

2374 2069 2501 2138 μίας
2525 2068 2702 2134 λόγοις
2733 2065 3093 2134 ἀνάρμοστον,
3120 2065 3167 2114 εἰ
3189 2058 3601 2131 κεχρημάτικεν
3631 2054 3956 2125 ἀρχιερεὺς,

701 2138 848 2194 Patri
881 2142 1169 2196 obtulerit?
1204 2162 1220 2195 ί
1250 2144 1451 2199 Christi
1491 2148 1632 2200 enim
1659 2146 1830 2200 bonus
1854 2150 1988 2200 odor
2014 2162 2217 2210 sumus,
2245 2164 2264 2199 υ

2371 2160 2445 2222 ὡς
2495 2160 2574 2222 είς
2606 2157 2784 2227 ὀσμὴν
2825 2155 3051 2216 εὐωδίας
3099 2153 3291 2205 ἑαυτόν
3339 2169 3398 2203 τε
3443 2151 3586 2220 ὑπὲρ
3629 2147 3808 2217 ήμῶν,
3863 2144 3960 2196 καὶ

705 2240 763 2284 ut
793 2233 1052 2301 scriptum
1088 2245 1172 2289 est
1214 2235 1278 2287 ⁸⁸.
1319 2236 1421 2289 Sed
1454 2238 1568 2290 haec
1600 2237 1823 2290 minime
1863 2237 2118 2291 decenter
2151 2250 2271 2290 esse

2372 2252 2517 2318 ἡμᾶς
2544 2248 2820 2310 ἀνατιθεὶς
2872 2246 2939 2299 δι’
2973 2246 3164 2298 ἑαυτοῦ
3203 2261 3262 2295 τε
3312 2243 3402 2296 καὶ
3435 2244 3493 2295 ὲν
3523 2239 3699 2308 ἐαυτῷ
3727 2238 3808 2308 τῷ
3836 2237 3961 2305 Θεῷ

711 2321 852 2398 facta
892 2327 1081 2380 rursus
1111 2330 1358 2396 egregius
1389 2327 1475 2380 hic
1503 2327 1586 2379 vir
1613 2326 1864 2391 afﬁrmat,
1898 2343 1962 2381 ac
1990 2342 2270 2395 propemo-

2371 2338 2466 2390 καὶ
2493 2336 2702 2408 Πατρί;
2741 2355 2759 2387 ι
2786 2334 3022 2405 Χριστοῦ
3046 2335 3154 2405 γάρ
3177 2334 3345 2402 ἐσμεν
3374 2329 3568 2383 εὐωδία
3593 2325 3732 2398 (18),
3759 2345 3780 2378 ι
3815 2327 3963 2379 κατὰ

704 2413 830 2467 dum
871 2415 1082 2470 deridet
1114 2431 1209 2471 eos
1239 2418 1328 2484 qui
1375 2418 1488 2471 haec
1517 2418 1591 2470 ita
1639 2432 1697 2471 se
1732 2418 1932 2470 habere
1963 2427 2173 2482 putant,
2207 2432 2271 2471 ac

2371 2431 2432 2483 τὸ
2484 2428 2892 2500 γεγραμμένον.
2960 2427 3098 2479 Ἀλλ’
3144 2427 3341 2495 ἣκιστα
3395 2423 3491 2491 μὲν
3531 2423 3589 2475 ὲν
3634 2418 3828 2489 κόσμῳ
3882 2417 3966 2486 τῷ

703 2506 883 2561 divina
920 2507 1146 2563 consilia
1171 2508 1332 2579 impie
1359 2509 1781 2577 reprehendens,
1811 2508 1863 2564 in
1895 2508 2036 2563 hunc
2056 2507 2270 2563 modum

2371 2519 2542 2574 δέοντι
2563 2518 2881 2589 πεπρᾶχθαι
2904 2516 3084 2580 ταυτὶ,
3115 2513 3504 2586 διῖσχυρίζεται
3530 2511 3690 2566 πάλιν
3719 2512 3746 2562 6
3767 2507 3965 2576 γεννά-

706 2596 822 2653 fere
851 2600 1028 2656 ἀίοῖιί
2372 2611 2467 2673 δας
2514 2609 2726 2664 οὑτοσί⁸
2772 2609 2930 2677 μόνον
2983 2607 3040 2660 δὲ
3096 2607 3219 2676 οὐχὶ¹
3275 2601 3605 2672 καταμειδιᾷ
3654 2598 3762 2652 τῶν
3815 2597 3965 2650 οὕτω

2371 2701 2524 2756 ταῦτ’
2552 2701 2696 2771 ἔχειν
2723 2699 3122 2770 ὑπειληφότων,
3172 2697 3419 2778 καὶτοῖς
3450 2693 3615 2756 θείοις
3643 2690 3966 2761 σκέμμασιν

2374 2790 2602 2854 ἀνοσίως
2633 2789 2921 2860 ἐπιτιμῶν,
2957 2789 3098 2841 οὕτω
3125 2787 3227 2839 πού
3256 2803 3419 2856 φησιν
3442 2801 3454 2817 ·

779 2858 888 2930 64
918 2859 1177 2924 [Νεετοιι.
1220 2863 1353 2917 Cum
1374 2864 1514 2918 enim
1545 2865 1773 2920 audiunt
1798 2879 1990 2919 nomen
2021 2863 2271 2932 apostoli,

2447 2881 2467 2953 [
2497 2858 2817 2934 Ἀποστόλου
2852 2879 2958 2950 γὰρ
2985 2877 3275 2940 ἀκούοντες
3305 2876 3497 2946 ὄνομα,
3525 2874 3616 2927 τὸν
3636 2872 3772 2925 Θεὸν
3787 2869 3970 2937 Λόγον

709 2949 879 3016 ipsum
918 2949 1084 3004 Deum
1108 2950 1342 3006 Verbum
1378 2954 1681 3024 intelligunt
1722 2954 2044 3022 apostolum.
2086 2953 2272 3006 Ponti-

2373 2949 2585 3025 νοοῦσιν
2617 2949 2939 3024 ἀπόστολονξ
2980 2968 3306 3040 Ἀρχιερέως
3338 2965 3805 3035 ἀναγινώσκοντες
3831 2963 3971 3029 κλῆ-

707 3037 823 3092 ﬁcis
848 3040 1260 3108 appellationem
1295 3059 1416 3097 eum
1454 3044 1657 3112 legunt,
1689 3046 2029 3104 divinitatem
2061 3049 2273 3117 pontiﬁr

2379 3080 2482 3127 σιν,
2524 3061 2756 3132 θεότητα
2792 3061 2883 3114 τὸν
2927 3037 3190 3132 ἀρχιερέα
3227 3058 3612 3128 φαντάζονται,
3652 3054 3971 3125 παραδόξου

709 3142 827 3181 cem
855 3129 956 3182 sibi
987 3130 1216 3199 ﬁngunt,
1259 3147 1392 3187 nova
1430 3135 1715 3190 dementiae
1744 3139 1944 3205 specie.
1971 3140 2102 3205 Quis
2129 3141 2271 3194 enim

2378 3129 2802 3225 φρενοϐλαϐείας
2836 3129 2976 3223 ἰδέᾳ..
3148 3154 3255 3221 γὰρ
3292 3150 3631 3222 λειτουργίαν
3656 3147 3970 3201 ἀποστόλου

709 3218 935 3283 apostoli
982 3233 1177 3272 munus
1221 3235 1342 3274 cum
1391 3223 1673 3289 didicerit,
1715 3240 1819 3278 non
1864 3226 2008 3281 illico
2049 3229 2272 3284 indicari

2378 3190 2798 3225 γγονυνωνςυας
2837 3190 2966 3223 κατ.
3025 3190 3108 3216 ..ς
3160 3190 3254 3221 μιν
3294 3190 3628 3222 ...ηυυειμη
3656 3190 3968 3201 ...------.--

2381 3234 2588 3317 μαθῶν,
2620 3247 2720 3300 οὐκ
2752 3246 2915 3309 εὐθὺς
2939 3246 3224 3316 ἄνθρωπον
3261 3244 3600 3316 μηνυόμενον
3637 3241 3778 3309 ἔγνω
3804 3257 3819 3306 ;
3871 3240 3975 3301 Τίς

709 3306 980 3360 hominem
1038 3309 1340 3378 intelligat?
1389 3311 1518 3377 Quis
1554 3315 1822 3380 pontiﬁcis
1869 3317 2274 3386 appellationem

2378 3306 2680 3409 ἀρχιερέως
2718 3306 3014 3408 ὀνομασίαν
3044 3306 3287 3401 ἀκούων,
3324 3306 3584 3404 θεότητος
3632 3306 3824 3385 οὐσίαν
3878 3330 3976 3383 τὸν

709 3398 968 3462 audiens,
1034 3398 1342 3454 divinitatis
1392 3403 1687 3456 essentiam
1745 3406 1917 3474 ipsum
1967 3407 2273 3475 pontiﬁcem

2380 3398 2640 3502 ἀρχιερέα
2661 3398 2970 3500 νομίσειεν;
3006 3429 3067 3481 Ei
3095 3430 3202 3499 γὰρ
3233 3398 3523 3500 ἀρχιερεῦς
3558 3427 3590 3497 ἡ
3631 3426 3846 3492 θεότης,
3890 3423 3976 3484 τίς

706 3487 1018 3542 existimet?
1055 3487 1188 3542 Nam
1221 3490 1265 3543 si
1301 3491 1540 3559 pontifex
1567 3503 1645 3548 est
1676 3494 1787 3564 ipsa
1823 3494 2108 3561 Divinitas,
2131 3499 2278 3565 quis-

2380 3487 2585 3592 ὀπαρά
2623 3525 2689 3592 τῇ
2722 3487 2819 3591 τῆς
2864 3487 3618 3592 ἀρχιερωσύνηςῑλειτουργίξι
3663 3487 3976 3585 θεραπευόσ

710 3594 833 3632 nam
880 3580 966 3633 ille
1014 3589 1097 3634 est
1146 3583 1234 3649 qui
1286 3583 1630 3649 pontiﬁcatus
1679 3601 1900 3641 munere
1951 3588 2186 3642 colitur?
2232 3589 2277 3642 si

2385 3574 2541 3683 μενος
2567 3629 2581 3677 ;
2621 3574 2832 3674 sinesi);
2854 3614 2882 3664 6
2905 3574 3457 3682 προσφέρων.,ὀύδεὶς
3478 3574 3934 3676 ᾧυπροσφέρεται

711 3667 851 3724 Deus
885 3679 965 3724 est
1006 3672 1097 3740 qui
1145 3671 1326 3736 offert,
1362 3674 1540 3726 nullus
1583 3684 1664 3729 est
1717 3677 1802 3730 cui
1854 3677 2078 3732 oﬁ‘ertur
2106 3697 2119 3733 :
2151 3680 2279 3748 quid

2381 3667 2432 3758 τί
2465 3667 2580 3773 γάρ,
2600 3667 2852 3772 θεότητος
2878 3667 3160 3768 ἄξίον,.ἱ’ν’
3191 3667 3267 3765 ὡς
3297 3667 3536 3756 ἐλάττων
3561 3667 3856 3769 προσῷέρῃ
3896 3695 3976 3762 τῷ

713 3759 856 3812 enim
895 3760 1186 3815 Divinitate
1220 3764 1441 3829 dignum
1489 3764 1580 3831 sit,
1621 3774 1678 3818 ut
1719 3765 1805 3819 illa
1841 3777 2094 3836 tanquam
2139 3769 2278 3825 inie-

2387 3759 2622 3864 μείζονη
2668 3759 3048 3861 Πιξοονίεεττιίγέδι⁷
3069 3791 3138 3844 δὲ
3167 3759 3402 3856 τοῦτοις
3424 3808 3437 3821 ο
3466 3759 3636 3841 Πόθεν
3661 3759 3753 3840 οῦυν
3779 3759 3976 3845 αὐτοῖς

715 3851 824 3904 rior
861 3851 1047 3920 majori
1096 3851 1326 3907 oll‘erat?
1382 3854 1481 3908 llis
1530 3857 1771 3926 adjungit
1803 3873 1820 3911 :
1853 3856 2134 3913 Undenam
2181 3861 2280 3929 ipsi

2383 3851 2566 3948 όΘεὸς
2601 3851 2900 3951 κεκλῆσθαι
2933 3851 3028 3934 νῦν
3050 3882 3340 3952 ἀρχιερεὺς
3379 3851 3662 3950 ένομίσθη,
3712 3880 3741 3930 6
3777 3877 3976 3937 θυσίας

712 3951 971 4009 putarunt
995 3944 1160 3997 Deum
1198 3961 1341 4001 nunc
1367 3956 1616 4001 vocatum
1654 3964 1772 4003 esse
1806 3951 2132 4019 pontiﬁcem,
2158 3967 2280 4006 cum

2385 3977 2464 4041 είς
2486 3944 2772 4046 προκοπὴν
2802 3972 2936 4026 ἰδίαν
2967 3944 3109 4026 κατά
3125 3944 3263 4034 ’τοῦς
3287 3944 3575 4041 ἀρχιερέας
3603 3944 3674 4038 μὴ
3705 3966 3936 4037 χρῄζων
3961 3983 3974 4025 ;

713 4032 804 4086 ille
835 4033 1007 4087 hostia
1044 4035 1109 4089 ad
1134 4037 1528 4105 promotionem
1556 4055 1732 4105 suam,
1767 4049 1821 4095 ut
1846 4041 2148 4110 pontiﬁces,
2176 4057 2280 4096 non

2384 4069 2411 4120 6
2443 4032 2738 4136 ⁷Θέότητος
2779 4064 2998 4134 κτήτωρ
3049 4061 3109 4128 ἐξ
3505 4032 3978 4128 ληιρθεὶςῒύπὲρ

713 4122 986 4192 indigeat?
1016 4123 1239 4182 Deitatis
1280 4143 1559 4196 possessor
1605 4144 1671 4185 ex
1716 4132 2030 4187 hominibus
2069 4149 2281 4188 assum-

2387 4122 2688 4227 ἀνθρώπων
2713 4122 3037 4208 καθίσταται
3067 4122 3135 4205 τά
3173 4122 3309 4221 πρός
3339 4150 3428 4203 τὸν
3457 4122 3645 4219 Betim]

713 4226 837 4284 ptus
869 4231 966 4285 pro
995 4217 1299 4275 hominibus
1320 4222 1667 4278 constituitur
1707 4223 1758 4277 in
1784 4223 1869 4277 his
1902 4238 2022 4294 quae
2059 4233 2188 4280 sunt
2217 4225 2285 4280 ad

716 4306 934 4380 Deum.]

1377 4445 1527 4502 CAP.
1569 4447 1611 4501 l.

3042 4456 3192 4510 ΚΕΦ.
3233 4456 3311 4508 A'.

785 4578 951 4649 Igitur
982 4593 1048 4634 ne
1086 4580 1309 4634 missum
1347 4583 1564 4649 quidem
1596 4597 1716 4636 esse
1759 4583 1811 4637 in
1849 4583 1991 4640 hunc
2021 4583 2281 4640 mundum

2462 4591 2671 4646 Οὐκοῦν
2701 4591 2824 4644 οὐδὲ
2857 4589 3193 4643 ἀπεστάλθαι
3223 4587 3330 4657 φὴς
3357 4587 3436 4648 είς
3463 4584 3610 4638 τόνδε
3642 4581 3735 4635 τὸν
3767 4582 3982 4652 κόσμον

717 4673 890 4740 ipsum
945 4672 1037 4728 Dei
1085 4671 1316 4727 Verbum
1358 4674 1595 4728 asseris?
1641 4674 1851 4744 decepit
1896 4691 2044 4744 ergo,
2103 4685 2158 4729 ut
2201 4684 2285 4731 est

2391 4689 2480 4739 τδν
2512 4685 2604 4737 τοῦ
2638 4683 2773 4736 Θεοῦ
2801 4683 3008 4750 Λόγον;
3037 4681 3401 4748 πεφενάκικεν
3428 4672 3520 4729 οῦν
3566 4677 3694 4745 ἄρα,
3740 4675 3896 4728 κατὰ
3926 4677 3983 4727 τὸ

716 4777 1074 4833 consequens,
1108 4765 1352 4818 homines
1384 4780 1482 4820 suo
1511 4767 1815 4820 ministerio
1848 4777 2070 4822 vocatos
2097 4767 2285 4822 beatus

2394 4776 2561 4840 εἰκὸς,
2593 4776 2718 4838 τοὺς
2745 4775 2810 4827 δι’
2835 4771 2998 4826 αὐτοῦ
3023 4770 3394 4839 κεκλημένους
3424 4771 3452 4820 6
3479 4765 3793 4834 σοφώτατος
3831 4767 3982 4819 Παῦ-

716 4853 946 4918 Paulus;
968 4854 1049 4907 'ait
1075 4855 1218 4908 enim
1245 4873 1258 4907 :
1295 4874 1311 4906 ι
1343 4855 1486 4910 Misit
1508 4856 1650 4911 Deus
1680 4856 1872 4911 Filium
1904 4874 2056 4914 suum
2084 4858 2280 4913 factum

2396 4868 2505 4929 λος·
2543 4867 2647 4934 ἔφη
2682 4865 2826 4934 γὰρ,
2860 4866 2939 4916 ὅτι
2993 4881 3010 4914 ι
3049 4859 3460 4924 Ἐξαπέστειλεν
3491 4860 3519 4910 6
3557 4859 3688 4920 Θεὸς
3717 4858 3814 4910 τὸν
3847 4858 3986 4911 Υίὸν

716 4961 782 4998 ex
815 4946 1057 5008 muliere,
1089 4944 1286 5000 factum
1323 4947 1422 5001 sub
1449 4948 1562 5017 lege
1585 4946 1667 4999 ‘9:
1704 4966 1721 4999 ι
1755 4950 2098 5004 convincitur
2119 4951 2281 5004 etiam

2391 4955 2557 5010 αὐτοῦ
2581 4956 2868 5024 γενόμενον
2892 4954 2956 5004 ἐκ
2976 4950 3254 5019 γυναικὸς,
3287 4949 3574 5019 γενόμενον
3607 4947 3710 4999 ὑπὸ
3743 4949 3978 5016 νόμονί

719 5049 810 5094 tuo
827 5037 1029 5109 judicio
1046 5041 1234 5094 beatus
1255 5039 1424 5094 David
1450 5050 1652 5095 temere
1674 5057 1890 5095 carmen
1916 5043 2281 5107 contexuisse,

2393 5048 2547 5119 ἁλοίη
2586 5048 2630 5100 δ’
2662 5047 2727 5100 ἂν
2773 5045 2914 5098 κατά
2955 5061 3015 5096 σε
3049 5042 3144 5096 καὶ
3172 5045 3200 5095 6
3233 5042 3498 5112 μακάριος
3528 5039 3688 5092 Δα6“ιδ
3718 5040 3986 5109 ἐρραψῳ-

719 5140 772 5184 et
797 5131 1164 5186 inscrutabilia
1195 5147 1468 5200 quaerere;
1499 5133 1633 5186 dixit
1664 5134 1808 5186 cnim
1834 5133 2048 5189 Patrem
2075 5137 2167 5203 qui
2201 5147 2285 5191 est

2393 5137 2573 5208 δηκὼς
2599 5138 2742 5206 εἰκῆ,
2779 5135 2872 5188 καὶ
2901 5135 2969 5187 τὰ
3008 5133 3277 5200 ἀνέφικτα
3325 5131 3533 5201 ζητῶν·
3591 5129 3695 5198 ἔφη
3728 5129 3842 5198 γάρ
3881 5148 3984 5182 που

720 5220 773 5274 in
814 5221 964 5277 cmlis
993 5231 1047 5275 et
1085 5221 1250 5277 Deum
1287 5223 1567 5292 alloquens
1596 5242 1607 5277 :
1643 5242 1660 5274 ‹
1695 5225 1890 5279 Emitte
1935 5225 2105 5280 lucem
2139 5236 2283 5282 tuam

2397 5229 2531 5300 πρὸς
2579 5228 2672 5281 τὸν
2713 5229 2769 5281 ὲν
2815 5227 3064 5296 οὐρανοῖς
3095 5223 3315 5295 Πατέρα
3347 5221 3440 5275 καὶ
3461 5220 3591 5273 Θεόν
3614 5237 3627 5252 ο
3694 5237 3713 5270 ι
3737 5218 3985 5284 Ἑξαπύ-

791 5401 836 5430 ⁶⁵
872 5400 1032 5455 llcbr.
1068 5417 1144 5456 tu.
1173 5402 1222 5469 1,
1245 5403 1296 5458 2.
1375 5403 1419 5434 ⁸⁶
1451 5402 1606 5458 Deut.
1632 5419 1802 5469 χχχιι,
1831 5405 1883 5457 1.
1962 5406 2004 5436 ⁸⁷
2041 5405 2180 5461 Psal.
2210 5423 2285 5461 xu'

2377 5407 2428 5461 8.
2506 5407 2551 5438 ⁸⁸
2588 5406 2628 5459 ll
2658 5406 2780 5459 Cor.
2813 5404 2980 5469 11,15.
3061 5403 3104 5435 ⁸9
3133 5401 3306 5456 Galat.
3340 5415 3409 5464 Iv,
3435 5399 3486 5452 4.

1983 5555 2141 5610 ΛΝΤ.
2188 5554 2460 5613 AGELLII
2502 5554 2731 5610 NOTAE.

798 5716 909 5787 (18)
937 5715 1335 5787 Advertcndum
1380 5715 1647 5787 quomodo
1696 5715 1782 5768 hic
1827 5724 2014 5787 auctor
2063 5715 2292 5787 accipiat
2401 5714 2649 5787 εὐωδίαν,
2687 5711 2936 5783 intelligit
2983 5711 3307 5769 sacriﬁcium
3343 5709 3394 5763 in
3423 5710 3641 5763 odorem
3685 5710 3986 5766 suavitatis

728 5783 865 5844 hunc
887 5785 1026 5842 beati
1057 5783 1207 5840 Pauli
1234 5783 1440 5855 locum;
1473 5800 1595 5841 nam
1624 5786 1818 5840 bonum
1847 5785 2090 5849 odorem,
2120 5785 2170 5839 id
2200 5793 2281 5840 est
2389 5785 2645 5839 oblatum.
