4072 6346
193 364 287 419 117

1274 371 1644 429 ADVERSUS
1685 372 2088 432 NESTORIUM
2131 374 2259 430 LIB.
2303 374 2388 432 ΙΙΙ.

3319 377 3418 432 HS

193 487 393 540 στειλον
427 487 486 539 τὸ
528 489 639 556 φῶς
681 505 798 556 σου,
831 491 924 556 καὶ
953 491 1050 561 τὴν
1083 492 1338 564 ἀλήθειάν
1390 511 1501 548 σου.
1533 515 1549 544 ι
1583 496 1646 548 Τί
1676 495 1752 558 δὲ,

1877 507 1910 548 :t
1943 498 2224 550 veritatem
2253 504 2394 550 luam
2418 496 2484 548 °°.
2513 513 2530 546 ι
2557 493 2692 559 Quid
2716 493 2934 547 autem?
2959 493 3042 548 die
3070 492 3226 558 mihi,
3245 509 3422 551 nonne

191 579 307 630 είπέ
340 597 450 648 μοι,
483 580 602 648 οὐχὶ
641 581 734 632 καὶ
777 582 937 644 αὐτὸς
968 585 997 635 6
1043 584 1166 646 Υἱὸς
1203 585 1561 656 ψευδοεπήσει
1615 588 1752 656 τάχα

1877 588 2016 640 etiam
2078 589 2191 657 ipse
2246 585 2412 640 Filius
2470 585 2762 639 mentietur
2825 584 3014 653 plane,
3072 599 3191 638 cum
3247 585 3416 639 dicit:

191 686 285 721 που
319 669 488 738 λέγων
514 686 530 701 ’
585 689 603 720 ι
635 674 708 723 Uti
755 671 860 742 γὰρ
905 674 1237 728 ἀπέστειλεν·
1269 679 1296 729 6
1342 678 1474 742 Θεὸς
1507 679 1597 730 τὸν
1631 679 1754 730 Υίὺν

190 762 263 820 εἰς
294 760 383 811 τὸν
414 759 616 828 κόσμον
648 761 734 812 ἵνα
757 762 914 832 κρίνῃ
949 763 1037 815 τὸν
1065 764 1289 835 κόσμον,
1325 767 1441 818 ἀλλ’
1489 768 1576 820 ἵνα
1604 770 1750 838 σωθῇ

189 849 214 899 ὁ
238 848 439 915 κόσμος
465 849 530 900 δι’
557 849 781 914 αὐτοῦς»
818 853 926 903 Καὶ
953 851 1140 904 πάλιν⁸
1191 873 1209 902 ι
1255 855 1395 920 Ἐγὼ
1420 856 1483 907 ὲκ
1516 855 1608 910 τοῦ
1643 859 1756 909 Πα-

189 938 312 1007 τρὸς
341 938 581 1007 ἐξῆλθον,
611 939 704 993 καὶ
731 941 849 1010 ἥκω
870 959 883 1005 ;
907 960 925 990 ›
957 943 1163 1012 Γράφει
1191 944 1247 996 δέ
1287 961 1390 996 που
1422 946 1513 998 καὶ
1543 948 1569 998 6
1597 947 1758 1016 σοφὸς

203 1029 446 1099 Ἰωάννης
473 1031 598 1100 περὶ
627 1032 790 1084 αὑτοῦ
814 1049 826 1061 ³
853 1053 870 1083 ι
896 1033 952 1085 Ὀ
985 1033 1274 1102 λαμϐάνων
1305 1035 1469 1088 αὑτοῦ
1496 1036 1593 1106 τὴν
1622 1054 1759 1106 μαρ-

191 1120 379 1188 τυρίαν
413 1123 743 1190 ἐσφράγισεν
771 1124 852 1175 ὃτι
891 1125 918 1175 ὁ
947 1124 1076 1187 Θεὸς
1105 1125 1310 1196 ἀληθής
1337 1127 1484 1180 ἐστιν
1511 1143 1522 1156 ·
1559 1127 1620 1180 ὃν
1651 1128 1758 1198 γὰρ

190 1213 504 1266 ἀπέστειλεν
551 1215 580 1266 6
631 1216 783 1281 Θεὸς,
831 1217 898 1269 τὰ
947 1218 1167 1286 ῥήματα
1215 1218 1310 1270 τοῦ
1352 1220 1486 1271 Θεοῦ
1531 1219 1704 1272 λαλεῖ.
1735 1238 1752 1270 ι

203 1302 558 1356 Ἀπεστάλθαι
606 1304 661 1356 δέ
700 1323 881 1374 φαμεν
921 1305 1011 1359 τὸν
1038 1307 1131 1360 τοῦ
1160 1308 1292 1361 Θεοῦ
1323 1310 1516 1376 Λόγον,
1564 1310 1626 1362 τὸ
1659 1310 1761 1379 τῆς

189 1392 491 1463 ἀποστολῆς
521 1393 694 1463 δνομά
727 1412 785 1447 τε
814 1397 908 1448 καὶ
937 1397 1124 1466 χρῆμα
1158 1399 1293 1467 μετὰ
1323 1398 1430 1450 τῶν
1460 1400 1557 1469 τῆς
1590 1400 1759 1454 κενώ-

191 1499 327 1544 σεως
353 1481 542 1551 ἔχοντα
573 1486 812 1555 μέτρων·
865 1487 928 1539 σὺ
966 1488 1024 1539 δὲ
1058 1490 1122 1558 δὴ
1153 1490 1328 1553 δέδιας
1373 1489 1620 1560 ἀμαθῶς,
1667 1493 1762 1546 καὶ

189 1572 338 1643 αύτῷ
361 1575 687 1643 προσνέμειν
708 1575 962 1647 ἐρυθριᾷς
981 1578 1096 1630 ἀνθ’
1115 1580 1237 1631 ὅτου
1261 1581 1318 1632 τό
1341 1598 1397 1633 τε
1415 1582 1515 1648 τῆς
1536 1581 1763 1635 ἀποστο-

191 1663 308 1731 λῆς,
349 1663 441 1716 καὶ
471 1665 533 1716 τὸ
562 1665 662 1735 τῆς
684 1667 1091 1737 ἀρχιερωσύνης
1120 1670 1290 1739 ὄνομα
1318 1688 1376 1723 τε
1414 1673 1506 1723 καὶ
1541 1671 1758 1741 χρῆμα;

189 1748 335 1824 ’Λρα
372 1756 480 1824 γὰρ
528 1757 956 1828 ἀρμόσειενίῖσ.
996 1759 1287 1829 ἁρμόσειν]
1331 1761 1653 1830 ὑπείληφας,
1688 1761 1762 1821 ὡς

191 1844 361 1914 ἑτέρῳ
384 1846 514 1914 παρ’
550 1847 710 1900 αὐτὸν
741 1848 1011 1918 ἀνθρώπῳ
1050 1849 1126 1918 τῷ
1172 1851 1236 1902 ἐκ
1275 1851 1550 1916 γυναικὸς,
1598 1851 1760 1922 ψιλὴν

191 1933 366 2002 ἔχοντι
399 1935 498 2005 τὴν
528 1938 844 2004 συνάφειαν,
891 1938 1031 1991 κατὰ
1083 1939 1163 2005 σὲ,
1210 1940 1304 1994 καὶ
1342 1940 1416 2003 ὡς
1454 1944 1511 1994 ὲν
1556 1944 1759 2014 ἰσότητι

196 2025 362 2094 μόνης
391 2026 491 2094 τῆς
527 2027 714 2093 ἀξίαςς
753 2029 873 2091 Πῶς
913 2025 1004 2082 οὖν
1034 2030 1112 2082 ἔτι
1146 2029 1215 2082 τὰ
1244 2031 1363 2082 καθ’
1398 2033 1542 2101 ἡμᾶς
1565 2033 1760 2102 ὀνήσας

191 2117 384 2184 δρᾶται
425 2117 556 2180 Θεὸς
597 2117 672 2171 ὢν
723 2121 752 2172 6
794 2121 983 2188 Λόγος,
1029 2123 1076 2172 εί
1112 2123 1202 2173 καὶ
1245 2123 1761 2191 προσκεκομίσμεθα

191 2205 262 2259 δι’
293 2209 483 2277 ἐτέρου
506 2209 583 2280 τῷ
612 2211 730 2281 Θεῷ
766 2213 856 2263 καὶ¹
893 2214 1093 2283 Πατρί;
1146 2213 1342 2264 Οὐκέτι
1371 2213 1476 2282 γὰρ
1508 2215 1573 2265 δι’
1599 2215 1760 2266 αὑτοῦ

191 2298 291 2368 τὴν
337 2302 700 2370 προσαγωγὴν
747 2304 1091 2372 ἐσχήκαμεν·
1152 2303 1290 2356 ἀλλά
1337 2305 1560 2373 γέγονεν
1606 2307 1762 2375 ἡμῶν

197 2389 427 2459 μεσίτης
453 2389 734 2460 ἄνθρωπος
761 2392 881 2444 καθ’
917 2395 1081 2461 ἡμᾶς,
1112 2393 1170 2446 τὸ
1200 2398 1296 2464 τῆς
1324 2396 1572 2466 θεότητος
1595 2397 1764 2466 ὄνομα

193 2479 576 2536 κατάπλαστον
627 2482 786 2552 ἔχων,
851 2483 1014 2536 Ἀλλὰ
1058 2486 1163 2548 ναὶ,
1216 2488 1370 2555 φησὶ,
1428 2487 1656 2558 σμικρὸν
1698 2487 1765 2540 ἂν

193 2576 278 2646 εῖη
306 2575 385 2645 τῷ
415 2578 478 2628 ὲκ
504 2577 639 2629 Θεοῦ
671 2579 883 2647 Πατρὸς
929 2579 1088 2647 φύντι
1131 2580 1291 2648 Λόγῳ
1340 2579 1402 2632 τὸ
1443 2581 1764 2650 ἱερουργεῖν.

194 2667 436 2738 Σμικρὸν
469 2669 930 2738 ὁμολογουμένως.
962 2670 1213 2740 Συνεργῶ
1242 2669 1364 2741 [ἵσ.
1394 2670 1638 2742 συνερῶ]
1659 2671 1766 2741 γάρ

199 2774 281 2810 σοι
317 2761 674 2828 πρεσϐεύοντι
725 2761 955 2830 τάληθές
983 2779 997 2791 ο
1052 2761 1167 2814 ἀλλ’
1214 2763 1274 2815 ού
1308 2766 1486 2832 γυμνῇ
1539 2766 1603 2834 τῇ
1652 2764 1769 2816 θεό-

195 2863 322 2916 τητι
390 2850 725 2919 κεχρημένος
775 2850 1012 2918 ὲπέφανε
1072 2854 1183 2914 τοῖς
1233 2853 1322 2905 ἐπὶ
1353 2854 1448 2922 τῆς
1497 2852 1639 2922 γῆς’
1677 2870 1769 2921 γε-

196 2937 372 3002 γονὼς
399 2939 454 2990 δὲ
496 2940 695 3009 μᾶλλον
746 2942 1031 3011 ἄνθρωπος
1075 2943 1194 2997 καθ’
1237 2945 1403 3013 ἡμᾶς,
1444 2937 1486 3009 ᾧ
1532 2944 1674 3013 μέγα
1719 2961 1768 2996 τι

194 3029 392 3098 χρῆμα
442 3033 534 3085 καὶ
591 3030 863 3102 ἐξαίρετον
908 3035 1220 3105 ἱερουργία·
1268 3037 1316 3088 εί
1357 3035 1414 3087 δὲ
1459 3035 1522 3107 δὴ
1570 3052 1769 3106 παραι-

192 3123 342 3174 τεῖτο
389 3121 515 3193 [ἵσ.
557 3124 910 3194 παραιτοῖτο]
944 3126 1005 3176 τὸ
1039 3127 1340 3197 ἱερουργεῖν
1384 3127 1460 3188 ὡς
1500 3126 1770 3196 ἀνθρώπῳ
1802 3155 1843 3212 C

198 3213 438 3282 πρέπον,
477 3215 640 3286 ἤγουν
675 3215 846 3286 ἑτέρῳ
875 3215 950 3285 τῷ
983 3215 1101 3286 [lca
1137 3219 1310 3287 ἑτέρῳ
1351 3215 1464 3288 τῳ]
1505 3220 1600 3288 τῆς
1653 3218 1774 3269 δου-

196 3301 354 3366 λείας
382 3303 558 3373 ἔχοντι
585 3307 802 3374 μέτρον,
849 3306 965 3370 πῶς
1007 3308 1108 3360 οὐκ
1146 3309 1368 3378 ἄμεινον
1420 3308 1571 3378 παρὰ
1617 3309 1772 3374 πολὺ,

194 3393 290 3446 καὶ
332 3395 443 3463 πρό
477 3411 538 3460 γε
566 3393 756 3448 τούτου
796 3397 1180 3466 παραιτεῖσθαι
1203 3396 1300 3467 τὴν
1328 3397 1775 3469 ὲνανθρώπησιν;

208 3484 354 3536 Ἀλλ’
402 3486 500 3536 οὐκ
547 3486 853 3556 ἀπόϐλητον
886 3490 1180 3558 ἐποιήσατο
1226 3489 1292 3541 δι’
1325 3491 1471 3560 ἡμᾶς
1517 3492 1616 3562 τὴν
1659 3492 1780 3558 γέν-

193 3589 378 3643 νησιν,
408 3575 589 3628 οὐτοσι
617 3576 693 3641 δὲ,
725 3577 800 3638 ὡς
825 3577 980 3646 ἔφην,
1004 3578 1318 3648 αἰσχύνεται
1348 3580 1581 3649 τάληθές
1602 3597 1614 3611 ·
1651 3581 1777 3633 ἄσο-

195 3663 296 3729 φόν
323 3680 384 3716 τε
418 3664 514 3716 καὶ
544 3667 950 3738 ἀνεπιστήμονα
973 3669 1329 3732 καταδεικνὺς
1353 3671 1562 3724 ἑαυτόν.
1591 3672 1780 3724 Καίτοι

193 3754 290 3806 τοῦ
325 3757 604 3828 μακαρίου
627 3758 838 3811 Παύλου
865 3759 1117 3827 λέγοντος
1137 3777 1150 3789 °
1191 3780 1207 3811 ι
1234 3762 1307 3814 Ού
1326 3762 1433 3831 γὰρ
1460 3761 1780 3832 ἐπαισχύνο-

199 3862 302 3913 μαι
359 3847 424 3898 τὸ
483 3849 833 3916 Εὑαγγέλιον,
889 3851 1120 3921 δύναμις
1173 3853 1283 3923 γὰρ
1331 3852 1466 3905 Θεοῦ
1522 3857 1668 3907 ἐστιν
1701 3857 1781 3918 εἰς

195 3935 483 4005 σωτηρίαν
513 3937 673 3990 παντὶ
704 3938 780 4009 τῷ
808 3941 1130 3995 πιστεύοντι.
1164 3962 1182 3993 ι
1214 3943 1521 4011 Θαυμάσειε
1548 3944 1592 3996 δ’
1614 3945 1678 3998 ἄν
1699 3962 1782 4006 τις

194 4029 289 4080 τὸν
325 4030 425 4083 τοῦ
465 4030 597 4083 Θεοῦ
643 4031 836 4100 Λόγον,
872 4036 970 4104 τῆς
1014 4035 1268 4087 ἁπάντων
1315 4035 1476 4087 ἕνεκα
1511 4034 1781 4104 σωτηρίας

197 4120 289 4171 καὶ
327 4119 502 4189 ζωῆς,
532 4123 798 4192 τοσαύτην
832 4124 1184 4195 ἀνασχομένῳ
1227 4126 1416 4178 παθεῖν
1450 4127 1549 4195 τὴν
1591 4126 1781 4178 ταπεί-

194 4225 391 4270 νωσιν,
419 4209 487 4279 ἣν
513 4211 613 4263 οὐκ
641 4207 738 4263 οἶδ’
783 4212 930 4275 ὅπως
970 4216 998 4265 ό
1049 4213 1157 4266 τῶν
1206 4216 1426 4268 εἰκαίων
1465 4217 1592 4285 ἡμῖν
1639 4215 1781 4268 διδα-

195 4301 438 4368 γμάτωι
471 4301 718 4372 εὑρετὴς,
746 4303 840 4356 καὶ
892 4303 1049 4373 μόνον
1102 4306 1383 4376 ὁμολογεῖν
1428 4306 1780 4375 αἰσχύνεται·

197 4392 387 4444 καίτοι
415 4391 538 4443 δέον
568 4391 805 4457 ἄγασθαι
838 4392 936 4462 μὲν
982 4394 1074 4447 ἐπὶ
1100 4395 1309 4456 τούτοις
1354 4395 1535 4457 αύτδν,
1581 4395 1781 4445 ἀνακε-

1860 697 1877 727 ι
1913 675 2028 729 Non
2061 677 2206 730 enim
2251 676 2395 730 misit
2426 676 2563 728 Deus
2608 674 2800 727 Filium
2853 687 3010 727 suum
3063 673 3114 726 in
3164 674 3420 728 mundum

1858 777 1916 819 ut
1959 766 2163 831 judicet
2214 766 2500 830 mundum,
2542 764 2633 818 sed
2672 773 2729 816 ut
2772 762 3014 817 salvetur
3055 764 3292 818 mundus
3330 779 3425 833 per

1858 856 2028 923 ipsum
2057 855 2100 886 ’ί
2129 873 2142 919 ;
2179 875 2196 906 ι
2229 866 2282 910 et
2315 856 2507 909 iterum
2541 872 2556 909 :
2595 873 2612 905 ι
2648 853 2759 923 Ego
2792 867 2857 906 ex
2887 851 3050 906 Patre
3092 855 3224 914 exii.
3255 865 3307 909 et
3334 870 3428 910 vc-

1859 947 2077 1000 nio".n
2138 946 2336 1000 Scribit
2382 945 2544 999 etiam
2601 945 2797 1001 alicubi
2848 947 3038 1001 beatus
3083 944 3319 999 Joannes
3360 945 3427 998 de

1861 1037 1976 1105 ipso
2025 1053 2036 1089 :
2090 1055 2106 1087 ι
2142 1035 2243 1102 Qui
2300 1037 2493 1106 accipit
2543 1037 2911 1092 testimonium
2977 1037 3142 1105 ejus,
3198 1037 3428 1106 signavit

1860 1129 1985 1197 quia
2018 1128 2157 1182 Deus
2189 1142 2346 1182 verus
2375 1136 2492 1192 est;
2517 1143 2676 1196 quem
2719 1129 2862 1182 enim
2894 1129 3042 1183 misit
3065 1127 3227 1190 Deus,
3266 1127 3426 1178 verba

1865 1220 1954 1273 Dei
2004 1219 2243 1286 loquitur
2269 1217 2338 1270 ”.
2377 1236 2396 1270 ι
2431 1217 2653 1272 Missum
2688 1233 2849 1288 porro
2897 1219 3127 1272 dicimus
3171 1217 3261 1270 Dei
3299 1217 3430 1270 Ver-

1862 1308 2010 1370 bum,
2060 1308 2200 1376 quod
2248 1309 2578 1374 apostolatus
2629 1323 2824 1361 nomen
2864 1317 2919 1361 et
2952 1321 3063 1360 rem
3113 1307 3269 1361 simul
3304 1321 3426 1359 eum

1861 1397 2242 1452 exinanitiouis
2270 1397 2537 1452 mensuris
2569 1396 2814 1450 haberet.
2845 1397 2924 1449 Tu
2955 1411 3082 1450 vero
3111 1396 3275 1450 stulte
3313 1395 3427 1448 for-

1863 1488 2057 1550 midas,
2092 1499 2144 1541 et
2178 1489 2250 1541 illi
2287 1488 2521 1542 tribuere
2553 1496 2606 1541 et
2638 1502 2830 1541 nomen
2861 1497 2914 1540 et
2945 1501 3054 1539 rem
3097 1485 3428 1554 apostolatus

1866 1593 1928 1632 ac
1972 1578 2260 1632 sacerdotii
2306 1578 2489 1632 nescio
2519 1591 2621 1645 qua
2665 1577 2731 1630 de
2763 1591 2922 1629 causa
2954 1575 3247 1630 erubescis.
3285 1575 3427 1628 Num

1864 1665 2005 1718 enim
2040 1667 2211 1735 ipsum
2253 1666 2544 1720 convenire
2575 1675 2734 1734 putas
2769 1665 2968 1718 homini
3001 1665 3074 1718 illi
3108 1681 3175 1720 ex
3203 1664 3432 1718 muliere

1869 1762 2122 1821 tanquam
2163 1755 2231 1806 ab
2271 1754 2360 1807 illo
2386 1755 2621 1820 diverso,
2660 1753 2982 1822 simplicem,
3010 1762 3069 1806 ut
3105 1754 3218 1821 ipse
3247 1763 3427 1822 putas.

1865 1844 2296 1911 conjunctionem
2347 1844 2586 1907 habenti,
2638 1854 2691 1896 ct
2729 1845 2896 1898 solius
2929 1843 3207 1913 dignitatis
3245 1855 3427 1911 atqua-

1868 1935 2113 1990 litatem?
2149 1934 2428 2000 Quomodo
2473 1935 2634 2001 igitur
2657 1934 2768 2003 jam
2813 1936 2984 2004 ipsum
3014 1933 3249 1988 Verbum
3289 1931 3432 2001 quod

1867 2024 2010 2079 Deus
2040 2035 2177 2090 erat,
2205 2034 2419 2078 nostras
2448 2039 2532 2077 res
2553 2025 2754 2093 juvisse
2783 2026 3044 2088 cernitur,
3075 2025 3119 2080 si
3153 2040 3247 2094 per
3271 2025 3432 2077 alium

1869 2131 2080 2185 quoque
2125 2117 2189 2169 ad
2228 2115 2394 2169 Deum
2446 2130 2510 2169 ac
2553 2115 2765 2168 Patrem
2807 2115 3024 2169 adducti
3059 2114 3286 2168 suums?
3318 2112 3432 2166 Non

1867 2210 2009 2262 enim
2049 2207 2160 2277 jam
2193 2221 2289 2275 per
2333 2206 2506 2274 ipsum
2544 2221 2817 2260 accessum
2857 2207 3164 2266 habuimus,
3208 2205 3300 2258 sed
3335 2203 3435 2257 fuit

1869 2299 2131 2352 mediator
2178 2308 2364 2351 noster
2415 2297 2574 2350 homo
2625 2297 2793 2350 nostri
2854 2295 3080 2361 similis,
3115 2294 3221 2364 65
3252 2293 3432 2347 fletum

1872 2391 2080 2444 habens
2126 2389 2428 2444 divinitatis
2469 2403 2685 2442 nomen.
2736 2388 2806 2439 At
2863 2388 3029 2452 enim,
3073 2387 3269 2454 inquit,
3317 2387 3434 2438 exi-

1872 2498 2034 2552 guum
2079 2496 2211 2538 sane
2254 2491 2332 2536 est
2369 2479 2546 2534 Verbo
2594 2495 2658 2534 ex
2714 2478 2821 2532 Deo
2869 2479 3048 2545 genito
3097 2477 3436 2531 sacriﬁcandi

1874 2589 2089 2629 munus.
2123 2574 2407 2643 Exiguum,
2441 2572 2635 2635 fateor,
2677 2571 2772 2624 tibi
2813 2571 2954 2624 enim
2999 2569 3266 2623 assentior
3300 2568 3440 2621 veri-

1875 2676 2038 2719 tatem
2089 2665 2400 2732 praedicanti
2433 2682 2444 2716 :
2479 2665 2572 2717 sed
2613 2663 2756 2716 haud
2798 2663 2935 2714 nuda
2973 2675 3124 2714 usum
3162 2659 3450 2713 divinitate—

1874 2759 1959 2812 his
1985 2757 2074 2825 qui
2106 2765 2230 2809 sunt
2265 2756 2314 2806 in
2361 2755 2518 2807 terris
2545 2751 2818 2820 apparuit,
2848 2767 3030 2804 verum
3078 2751 3237 2804 homo
3265 2750 3437 2818 potius

1877 2847 2046 2902 nostri
2073 2844 2266 2899 similis
2295 2843 2515 2907 factum,
2541 2843 2624 2895 cui
2654 2856 2901 2910 magnum
2931 2839 3182 2907 quiddam
3215 2848 3298 2891 est
3327 2839 3440 2891 cxi-

1877 2937 2153 3004 miumque
2197 2931 2534 2986 sacrificandi
2579 2928 2846 2994 oﬂicium;
2901 2927 3045 2996 qucd
3100 2926 3149 2980 si
3199 2925 3443 2994 repudiet

1877 3025 2216 3085 sacrificandi
2253 3039 2446 3078 munus
2500 3031 2558 3075 ut
2593 3020 2820 3084 homini,
2865 3021 2978 3074 sive
3019 3018 3171 3072 alteri
3208 3017 3439 3084 cuipiam

1879 3121 2154 3176 servitutis
2192 3130 2497 3170 mensuram
2538 3114 2750 3168 habenti
2783 3111 3137 3175 conveniens,
3173 3109 3441 3178 quomodo

1879 3227 1983 3266 non
2009 3210 2202 3264 melius
2224 3207 2413 3262 luisset
2451 3207 2613 3260 etiam
2647 3213 2769 3258 ante
2797 3204 2898 3257 hoc
2926 3217 3142 3266 munus,
3182 3203 3446 3256 humana-

1883 3303 2080 3356 tionem
2115 3297 2436 3366 repudiare?
2469 3295 2573 3348 Sed
2604 3302 2783 3348 nostra
2814 3307 2978 3346 causa
3022 3292 3164 3345 haud
3193 3290 3441 3356 rejicien-

1881 3393 2002 3445 dam
2042 3391 2210 3458 ipsam
2267 3388 2667 3456 generationem
2715 3386 2912 3439 duxit:
2958 3384 3058 3437 iste
3113 3394 3289 3435 tamen
3317 3421 3330 3445 ,
3385 3389 3444 3431 ut

1882 3482 2014 3546 dixi,
2049 3483 2326 3534 veritatem
2360 3477 2653 3539 erubescit,
2684 3476 2736 3529 in
2777 3490 2884 3543 quo
2917 3475 3254 3542 insipientem
3302 3487 3361 3526 se
3391 3480 3446 3525 et

1884 3574 2192 3641 imperitum
2227 3571 2480 3635 ostendit,
2524 3571 2770 3639 quamvis
2797 3569 2987 3622 beatus
3020 3566 3218 3621 Paulus
3259 3565 3442 3619 dicat:

1888 3682 1904 3713 ι
1943 3663 2057 3716 Non
2113 3663 2256 3715 enim
2318 3663 2580 3715 erubesco
2646 3659 3030 3729 Evangelium;
3078 3659 3250 3710 virtus
3302 3660 3445 3709 enim

1886 3755 1975 3810 Dei
2009 3766 2091 3808 est
2124 3754 2173 3806 in
2218 3752 2444 3805 salutem
2482 3752 2626 3804 omni
2669 3750 2993 3805 credenti“.
3029 3768 3047 3800 ι
3079 3748 3450 3801 Admiratione

1882 3855 2061 3898 autem
2100 3845 2316 3913 dignum
2349 3853 2430 3896 est
2470 3843 2559 3896 Dei
2586 3841 2817 3895 Verbum
2864 3841 3055 3894 salutis
3097 3854 3161 3894 ac
3188 3840 3310 3891 vita:
3342 3852 3450 3890 om-

1884 3939 2030 3990 nium
2084 3950 2245 3988 causa
2303 3945 2504 3989 tantam
2552 3934 2905 3988 humilitatem
2957 3933 3139 3987 subire
3189 3932 3446 3989 voluisse.

1883 4045 2042 4097 quam
2075 4028 2256 4081 nescio
2288 4026 2554 4095 quomodo
2598 4024 2686 4078 hic
2712 4025 3015 4092 ineptarum
3045 4023 3449 4092 disciplinarum

1886 4118 2152 4179 inventor,
2177 4117 2256 4170 vel
2279 4116 2522 4170 conﬁteri
2551 4115 2721 4168 solum
2759 4116 3027 4168 erubescit
3056 4132 3068 4168 :
3103 4131 3222 4168 cum
3245 4115 3451 4184 teqnius

1886 4209 2076 4262 fuisset
2129 4217 2406 4275 propterea
2447 4206 2618 4274 ipsum
2676 4205 2976 4268 admirari,
3029 4214 3082 4258 et
3126 4205 3285 4259 simul
3329 4220 3450 4259 eum

1885 4300 2045 4352 beato
2092 4297 2356 4364 PrOpheta
2407 4296 2685 4349 clamare:
2720 4313 2737 4345 ι
2775 4294 3017 4356 Domine,
3067 4293 3245 4348 audivi
3295 4293 3450 4347 audi-

1890 4400 2000 4442 tum
2040 4398 2206 4451 tuum,
2238 4395 2290 4439 et
2314 4387 2494 4452 timui;
2538 4385 2870 4439 eonsideravi
2920 4400 3081 4452 opera
3132 4395 3242 4447 tua,
3274 4394 3325 4437 et
3360 4400 3453 4438 ex-

197 4483 440 4549 κραγεῖν
489 4479 545 4530 δὲ
587 4481 722 4551 ὁμοῦ
768 4481 844 4552 τῷ
895 4483 1150 4554 μακαρίῳ
1195 4485 1484 4553 προφήτῃο
1547 4502 1562 4532 ι
1591 4482 1772 4551 Κύριε,

1889 4477 2010 4547 pavi
2034 4478 2100 4530 ".
2133 4496 2152 4528 ι
2191 4476 2322 4528 Nam
2351 4491 2472 4529 eum
2514 4491 2704 4529 omnes
2743 4475 2958 4528 Littera:
2994 4475 3253 4528 divinitus
3283 4475 3453 4543 inSpi-

197 4573 520 4642 εἰσακήκοα
545 4572 644 4642 τὴν
672 4575 841 4642 ἀκοήν
876 4591 968 4626 σου
1002 4575 1093 4627 καὶ
1129 4574 1433 4643 ἐφοϐήθην·
1486 4575 1787 4642 κατενόησα

194 4663 268 4715 τὰ
294 4663 444 4735 ἔργα
478 4680 570 4716 σου
599 4666 692 4718 καὶ
719 4665 966 4735 ἐξέστην.
992 4685 1009 4716 ι
1056 4665 1272 4736 Ἐπειδὴ
1305 4664 1358 4717 δὲ
1391 4666 1605 4734 ἁπάσης
1641 4665 1786 4735 αὐτῷ

195 4755 297 4822 τῆς
361 4751 730 4806 θεοπνεύστου
793 4754 1013 4823 Γραφῆς
1075 4753 1527 4822 ἀντεγειρομὲνης
1589 4753 1788 4822 τρόπον

194 4845 346 4910 τινὰ,
391 4843 493 4896 καὶ
519 4845 922 4915 ἀντανιστώσης
949 4845 1046 4914 τὴν
1076 4844 1352 4914 ἀλήθειαν,
1382 4845 1586 4914 ψυχρόν
1611 4862 1668 4896 τε
1696 4844 1790 4896 καὶ⁴

195 4934 396 4996 ἇῦλον,
434 4932 534 4985 καὶ
564 4933 857 5001 οὐδαμόθεν
891 4933 1347 5003 ὲπικουρούμενον
1383 4933 1786 5002 ἀποφαινούσης

196 5025 350 5094 αὐτῷ
382 5024 483 5076 τὸν
516 5025 607 5076 ἐπὶ
636 5027 745 5086 τοῖς
781 5025 930 5087 ἰδίοις
952 5026 1223 5093 εὑρήμασι
1249 5023 1425 5091 λόγον,
1449 5025 1784 5094 διηπόρηκεν

195 5115 259 5165 οὐ
298 5114 553 5182 μετρίως
597 5113 707 5165 τῶν
749 5115 827 5176 είς
870 5112 1135 5184 ὀρθότητά
1175 5128 1235 5162 τε
1279 5113 1372 5164 καὶ
1405 5111 1659 5179 ἀλήθειαν
1700 5113 1785 5162 ὲν-

197 5205 367 5257 νοιῶν
397 5221 463 5255 τε
512 5204 606 5256 καὶ
637 5204 972 5271 διασκέψεων
994 5219 1005 5230 ’
1037 5201 1213 5272 ταύτῃ
1249 5218 1350 5264 τοι,
1386 5201 1480 5253 καὶ
1523 5201 1557 5254 ἃ
1603 5201 1788 5270 μηδεὶς

199 5295 438 5349 πώποτε
471 5294 579 5346 τῶν
609 5296 686 5358 είς
713 5294 978 5364 ὀρθότητα
1004 5294 1102 5363 τὴν
1132 5292 1468 5362 δογματικὴν
1505 5309 1786 5361 μεμαρτυ-

204 5386 500 5455 ρημένων,
534 5383 565 5452 ἢ
595 5383 972 5454 πεφρονηκὼς,
999 5382 1030 5451 ἢ
1064 5382 1235 5448 λέγων
1257 5382 1554 5441 ἁλίσκεται,
1590 5380 1788 5442 ταύτας

201 5479 453 5530 ποιεῖται
490 5475 584 5527 τοῦ
621 5475 777 5542 λόγου
811 5475 909 5536 τάς
952 5472 1230 5543 ἀφορμάς·
1265 5473 1558 5541 σκιαμαχεί
1601 5488 1660 5523 τε
1695 5472 1789 5524 καὶ

200 5566 545 5620 διατείνεται
586 5565 783 5635 μάτην,
815 5565 1196 5631 ἀντεξὰγοντος
1238 5562 1466 5625 οὐδενὸς,
1496 5561 1527 5630 ἢ
1564 5562 1787 5630 φιλονει-

280 5751 328 5782 ⁹⁰
352 5735 511 5803 ῬωιΙ.
547 5765 673 5812 χιιι,
706 5750 756 5802 5.

834 5748 874 5780 θ’
904 5746 1057 5803 Joan.
1091 5760 1170 5811 ιιι,
1204 5744 1284 5798 l7.
1362 5744 1405 5774 θ’
1438 5740 1586 5796 Joan.
1618 5745 1772 5805 τιμε

1917 5746 1959 5775 ’³³
1992 5739 2142 5795 Joan.
2172 5754 2251 5805 ιιι,
2282 5740 2332 5793 '5.
2411 5741 2452 5771 νδ
2483 5739 2638 5794 Rom.
2669 5754 2706 5809 I,
2738 5739 2820 5793 16.

1891 4575 2020 4620 ratae
2057 4562 2158 4634 ipsi
2215 4572 2599 4632 repugnarent,
2652 4573 2708 4615 et
2757 4572 3092 4630 opponerent
3140 4564 3450 4626 veritatem,

1889 4656 2110 4724 ejusque
2140 4670 2443 4708 sermonem
2468 4668 2573 4720 quo
2605 4667 2698 4706 sua
2729 4663 3030 4705 commenta
3061 4662 3261 4717 tuetur,
3299 4653 3453 4721 frigi-

1892 4748 2015 4800 dum
2045 4755 2098 4801 et
2129 4747 2297 4800 levem
2328 4753 2380 4799 et
2418 4744 2558 4797 nulla
2587 4759 2654 4798 ex
2685 4751 2834 4812 parte
2866 4743 3053 4797 fultum
3087 4745 3452 4804 ostenderent,

1894 4854 1998 4892 non
2057 4838 2309 4892 mediocri
2346 4838 2568 4906 penuria
2618 4845 2887 4890 rectarum
2940 4850 3295 4902 verarumque
3331 4850 3456 4888 sen—

1893 4929 2181 4984 tentiarum
2228 4937 2279 4981 et
2313 4927 2721 4995 inquisitionum
2762 4926 3025 4978 laboravit
3054 4942 3067 4978 :
3103 4940 3165 4978 ea
3200 4927 3262 4978 de
3295 4941 3457 4978 causa

1892 5034 2010 5088 qme
2055 5033 2212 5071 nemo
2254 5031 2484 5083 unquam
2535 5025 2678 5069 recta
2714 5015 3026 5083 dogmatum
3073 5015 3458 5068 tradendorum

1896 5112 2105 5164 ratione
2139 5109 2388 5171 celebris,
2438 5118 2526 5161 aut
2577 5107 2832 5168 sensisse,
2884 5117 2974 5158 aut
3025 5105 3229 5158 dixisse
3259 5105 3454 5173 depre-

1896 5202 2167 5264 henditur,
2203 5201 2268 5252 iis
2299 5216 2392 5267 pro
2422 5212 2730 5252 sermonum
2773 5211 2990 5251 suorum
3033 5195 3318 5249 occasione
3350 5195 3457 5246 uti-

1895 5304 2001 5356 tur,
2048 5302 2101 5344 et
2143 5306 2262 5344 cum
2308 5292 2511 5342 umbris
2553 5297 2769 5356 pugnat,
2830 5297 2883 5340 et
2930 5285 3125 5339 frustra
3177 5286 3453 5338 contendit

1895 5382 2109 5434 nemine
2149 5389 2504 5448 repugnante,
2540 5388 2632 5430 aut
2673 5377 2752 5430 his
2786 5375 2849 5428 de
2883 5376 3040 5428 rebus
3071 5373 3456 5436 cantendcnte,

1896 5470 2034 5537 quod
2066 5469 2189 5522 illud
2220 5484 2338 5521 esse
2381 5477 2506 5535 puto
2538 5481 2717 5519 aerem
2750 5465 3058 5517 verberare.
3101 5457 3244 5513 Dixit
3272 5463 3456 5514 enim:

1896 5559 2028 5625 Quis
2063 5557 2303 5626 Apostoli
2351 5570 2542 5609 munus
2573 5570 2693 5608 cum
2735 5552 3004 5607 didicerit.
3045 5567 3149 5605 non
3188 5550 3329 5603 illico
3369 5549 3453 5602 in-

2898 5742 2940 5772 “
2981 5739 3175 5793 Hahae.
3208 5755 3283 5800 ιιι,
3317 5739 3367 5793 1.
