  <div class='ocr_page' id='page_1' title='image "/cluster/home/n/w/nwhite01/storage/ocr_20150623/76/pst.000005712755/067.png"; bbox 0 0 4072 6346; ppageno 0'>
   <div class='ocr_carea' id='block_1_1' title="bbox 615 386 719 441">
    <p class='ocr_par' dir='ltr' id='par_1_1' title="bbox 615 386 719 441">
     <span class='ocr_line' id='line_1_1' title="bbox 615 386 719 441; baseline -0.019 -1"><span class='ocrx_word' id='word_1_1' title='bbox 615 386 719 441; x_wconf 75' lang='lat' dir='ltr'><strong>H9</strong></span> 
     </span>
    </p>
   </div>
   <div class='ocr_carea' id='block_1_2' title="bbox 1593 380 2830 444">
    <p class='ocr_par' dir='ltr' id='par_1_2' title="bbox 1593 380 2830 444">
     <span class='ocr_line' id='line_1_2' title="bbox 1593 380 2830 444; baseline 0.007 -9"><span class='ocrx_word' id='word_1_2' title='bbox 1593 381 1649 437; x_wconf 88' lang='lat' dir='ltr'><strong>S.</strong></span> <span class='ocrx_word' id='word_1_3' title='bbox 1693 380 1961 438; x_wconf 72' lang='lat' dir='ltr'><strong>CYRILLI</strong></span> <span class='ocrx_word' id='word_1_4' title='bbox 2001 382 2470 441; x_wconf 79' lang='lat' dir='ltr'><strong>ALEXANDRINI</strong></span> <span class='ocrx_word' id='word_1_5' title='bbox 2510 386 2830 444; x_wconf 71' lang='lat' dir='ltr'><strong>ARCHEEP.</strong></span> 
     </span>
    </p>
   </div>
   <div class='ocr_carea' id='block_1_3' title="bbox 3746 397 3848 453">
    <p class='ocr_par' dir='ltr' id='par_1_3' title="bbox 3746 397 3848 453">
     <span class='ocr_line' id='line_1_3' title="bbox 3746 397 3848 453; baseline -0.02 0"><span class='ocrx_word' id='word_1_6' title='bbox 3746 397 3848 453; x_wconf 69' lang='grc'><strong>120</strong></span> 
     </span>
    </p>
   </div>
   <div class='ocr_carea' id='block_1_4' title="bbox 615 493 2194 581">
    <p class='ocr_par' dir='ltr' id='par_1_4' title="bbox 615 493 2181 568">
     <span class='ocr_line' id='line_1_4' title="bbox 615 493 2181 568; baseline -0.001 -14"><span class='ocrx_word' id='word_1_7' title='bbox 615 497 783 554; x_wconf 82' lang='lat' dir='ltr'><strong>dicari</strong></span> <span class='ocrx_word' id='word_1_8' title='bbox 830 496 1098 552; x_wconf 79' lang='lat' dir='ltr'><strong>hominem</strong></span> <span class='ocrx_word' id='word_1_9' title='bbox 1128 493 1422 564; x_wconf 77' lang='lat' dir='ltr'><strong>intelligat?</strong></span> <span class='ocrx_word' id='word_1_10' title='bbox 1460 493 1591 560; x_wconf 85' lang='lat' dir='ltr'><strong>Quis</strong></span> <span class='ocrx_word' id='word_1_11' title='bbox 1633 497 1900 564; x_wconf 87' lang='lat' dir='ltr'><strong>pontiﬁcis</strong></span> <span class='ocrx_word' id='word_1_12' title='bbox 1945 499 2181 568; x_wconf 87' lang='lat' dir='ltr'><strong>appella-</strong></span> 
     </span>
    </p>
   </div>
   <div class='ocr_carea' id='block_1_5' title="bbox 2301 493 3847 581">
    <p class='ocr_par' dir='ltr' id='par_1_5' title="bbox 2301 501 3847 581">
     <span class='ocr_line' id='line_1_5' title="bbox 2301 501 3847 581; baseline 0.005 -27"><span class='ocrx_word' id='word_1_13' title='bbox 2301 504 2400 554; x_wconf 77' lang='grc' dir='ltr'>ιιῐν</span> <span class='ocrx_word' id='word_1_14' title='bbox 2431 501 2705 564; x_wconf 70' lang='grc' dir='ltr'><strong>ἐθέλοντος</strong></span> <span class='ocrx_word' id='word_1_15' title='bbox 2732 502 3086 571; x_wconf 72' lang='grc' dir='ltr'>περὶτούτων</span> <span class='ocrx_word' id='word_1_16' title='bbox 3115 505 3294 560; x_wconf 77' lang='grc' dir='ltr'>αὐτῶν</span> <span class='ocrx_word' id='word_1_17' title='bbox 3337 506 3467 579; x_wconf 57' lang='lat' dir='ltr'><strong>[Ion</strong></span> <span class='ocrx_word' id='word_1_18' title='bbox 3499 508 3646 579; x_wconf 86' lang='grc' dir='ltr'>αύτῷ</span> <span class='ocrx_word' id='word_1_19' title='bbox 3667 509 3685 581; x_wconf 92' lang='grc'>]</span> <span class='ocrx_word' id='word_1_20' title='bbox 3705 527 3716 541; x_wconf 90' lang='grc'><strong>·</strong></span> <span class='ocrx_word' id='word_1_21' title='bbox 3755 513 3847 564; x_wconf 83' lang='grc' dir='ltr'>καὶ</span> 
     </span>
    </p>
   </div>
   <div class='ocr_carea' id='block_1_6' title="bbox 618 586 2178 657">
    <p class='ocr_par' dir='ltr' id='par_1_6' title="bbox 618 586 2178 657">
     <span class='ocr_line' id='line_1_6' title="bbox 618 586 2178 657; baseline -0.001 -12"><span class='ocrx_word' id='word_1_22' title='bbox 618 591 820 645; x_wconf 84' lang='lat' dir='ltr'><strong>tionem</strong></span> <span class='ocrx_word' id='word_1_23' title='bbox 849 587 1092 651; x_wconf 87' lang='lat' dir='ltr'><strong>audiens,</strong></span> <span class='ocrx_word' id='word_1_24' title='bbox 1125 586 1422 640; x_wconf 83' lang='lat' dir='ltr'><strong>divinitatis</strong></span> <span class='ocrx_word' id='word_1_25' title='bbox 1465 588 1754 640; x_wconf 80' lang='lat' dir='ltr'><strong>essentiam</strong></span> <span class='ocrx_word' id='word_1_26' title='bbox 1788 589 1960 656; x_wconf 92' lang='lat' dir='ltr'><strong>ipsum</strong></span> <span class='ocrx_word' id='word_1_27' title='bbox 1998 590 2178 657; x_wconf 90' lang='lat' dir='ltr'><strong>ponti-</strong></span> 
     </span>
    </p>
   </div>
   <div class='ocr_carea' id='block_1_7' title="bbox 618 678 2177 746">
    <p class='ocr_par' dir='ltr' id='par_1_7' title="bbox 618 678 2177 746">
     <span class='ocr_line' id='line_1_7' title="bbox 618 678 2177 746; baseline -0.004 -8"><span class='ocrx_word' id='word_1_28' title='bbox 618 685 770 738; x_wconf 82' lang='lat' dir='ltr'><strong>ficem</strong></span> <span class='ocrx_word' id='word_1_29' title='bbox 794 680 1102 736; x_wconf 81' lang='lat' dir='ltr'><strong>existimet?</strong></span> <span class='ocrx_word' id='word_1_30' title='bbox 1127 678 1259 732; x_wconf 83' lang='lat' dir='ltr'><strong>Cum</strong></span> <span class='ocrx_word' id='word_1_31' title='bbox 1299 692 1427 746; x_wconf 89' lang='lat' dir='ltr'><strong>ergo</strong></span> <span class='ocrx_word' id='word_1_32' title='bbox 1457 678 1544 745; x_wconf 89' lang='lat' dir='ltr'><strong>qui</strong></span> <span class='ocrx_word' id='word_1_33' title='bbox 1573 678 1673 731; x_wconf 94' lang='lat' dir='ltr'><strong>hoc</strong></span> <span class='ocrx_word' id='word_1_34' title='bbox 1697 679 1860 744; x_wconf 84' lang='lat' dir='ltr'><strong>dicat,</strong></span> <span class='ocrx_word' id='word_1_35' title='bbox 1900 692 2060 734; x_wconf 90' lang='lat' dir='ltr'><strong>nemo</strong></span> <span class='ocrx_word' id='word_1_36' title='bbox 2086 680 2177 744; x_wconf 86' lang='lat' dir='ltr'><strong>sit,</strong></span> 
     </span>
    </p>
   </div>
   <div class='ocr_carea' id='block_1_8' title="bbox 616 766 2180 840">
    <p class='ocr_par' dir='ltr' id='par_1_8' title="bbox 616 766 2180 840">
     <span class='ocr_line' id='line_1_8' title="bbox 616 766 2180 840; baseline -0.002 -15"><span class='ocrx_word' id='word_1_37' title='bbox 616 786 736 826; x_wconf 90' lang='lat' dir='ltr'><strong>cum</strong></span> <span class='ocrx_word' id='word_1_38' title='bbox 769 770 985 840; x_wconf 84' lang='lat' dir='ltr'><strong>quibus,</strong></span> <span class='ocrx_word' id='word_1_39' title='bbox 1027 769 1113 822; x_wconf 91' lang='lat' dir='ltr'><strong>dic</strong></span> <span class='ocrx_word' id='word_1_40' title='bbox 1156 768 1309 831; x_wconf 89' lang='lat' dir='ltr'><strong>mihi,</strong></span> <span class='ocrx_word' id='word_1_41' title='bbox 1344 766 1643 828; x_wconf 87' lang='lat' dir='ltr'><strong>contendis,</strong></span> <span class='ocrx_word' id='word_1_42' title='bbox 1690 775 1744 820; x_wconf 89' lang='lat' dir='ltr'><strong>et</strong></span> <span class='ocrx_word' id='word_1_43' title='bbox 1789 781 1901 820; x_wconf 91' lang='lat' dir='ltr'><strong>rem</strong></span> <span class='ocrx_word' id='word_1_44' title='bbox 1939 767 2180 822; x_wconf 87' lang='lat' dir='ltr'><strong>omniunt</strong></span> 
     </span>
    </p>
   </div>
   <div class='ocr_carea' id='block_1_9' title="bbox 618 855 2180 924">
    <p class='ocr_par' dir='ltr' id='par_1_9' title="bbox 618 855 2180 924">
     <span class='ocr_line' id='line_1_9' title="bbox 618 855 2180 924; baseline -0.005 -6"><span class='ocrx_word' id='word_1_45' title='bbox 618 862 886 918; x_wconf 81' lang='lat' dir='ltr'><strong>sententia</strong></span> <span class='ocrx_word' id='word_1_46' title='bbox 924 862 1254 922; x_wconf 80' lang='lat' dir='ltr'><strong>damnatam,</strong></span> <span class='ocrx_word' id='word_1_47' title='bbox 1302 867 1556 924; x_wconf 85' lang='lat' dir='ltr'><strong>tanquam</strong></span> <span class='ocrx_word' id='word_1_48' title='bbox 1608 855 1724 924; x_wconf 89' lang='lat' dir='ltr'><strong>ipse</strong></span> <span class='ocrx_word' id='word_1_49' title='bbox 1768 857 1914 910; x_wconf 88' lang='lat' dir='ltr'><strong>solus</strong></span> <span class='ocrx_word' id='word_1_50' title='bbox 1950 868 2180 924; x_wconf 88' lang='lat' dir='ltr'><strong>evertas,</strong></span> 
     </span>
    </p>
   </div>
   <div class='ocr_carea' id='block_1_10' title="bbox 619 950 2185 1028">
    <p class='ocr_par' dir='ltr' id='par_1_10' title="bbox 619 950 2185 1028">
     <span class='ocr_line' id='line_1_10' title="bbox 619 950 2185 1028; baseline -0.003 -17"><span class='ocrx_word' id='word_1_51' title='bbox 619 964 910 1028; x_wconf 86' lang='lat' dir='ltr'><strong>palmarem</strong></span> <span class='ocrx_word' id='word_1_52' title='bbox 945 957 1039 1010; x_wconf 90' lang='lat' dir='ltr'><strong>tibi</strong></span> <span class='ocrx_word' id='word_1_53' title='bbox 1075 957 1213 1010; x_wconf 90' lang='lat' dir='ltr'><strong>hanc</strong></span> <span class='ocrx_word' id='word_1_54' title='bbox 1244 969 1478 1024; x_wconf 89' lang='lat' dir='ltr'><strong>pugnam</strong></span> <span class='ocrx_word' id='word_1_55' title='bbox 1522 952 1761 1007; x_wconf 86' lang='lat' dir='ltr'><strong>futuram</strong></span> <span class='ocrx_word' id='word_1_56' title='bbox 1792 951 1980 1021; x_wconf 75' lang='lat' dir='ltr'><strong>putas?</strong></span> <span class='ocrx_word' id='word_1_57' title='bbox 2012 950 2185 1007; x_wconf 87' lang='lat' dir='ltr'><strong>Porro</strong></span> 
     </span>
    </p>
   </div>
   <div class='ocr_carea' id='block_1_11' title="bbox 620 1043 2182 1117">
    <p class='ocr_par' dir='ltr' id='par_1_11' title="bbox 620 1043 2182 1117">
     <span class='ocr_line' id='line_1_11' title="bbox 620 1043 2182 1117; baseline -0.003 -16"><span class='ocrx_word' id='word_1_58' title='bbox 620 1049 889 1117; x_wconf 91' lang='lat' dir='ltr'><strong>quomodo</strong></span> <span class='ocrx_word' id='word_1_59' title='bbox 922 1047 1152 1101; x_wconf 82' lang='lat' dir='ltr'><strong>inﬁciari</strong></span> <span class='ocrx_word' id='word_1_60' title='bbox 1188 1047 1357 1112; x_wconf 89' lang='lat' dir='ltr'><strong>possit</strong></span> <span class='ocrx_word' id='word_1_61' title='bbox 1389 1054 1442 1098; x_wconf 90' lang='lat' dir='ltr'><strong>te</strong></span> <span class='ocrx_word' id='word_1_62' title='bbox 1481 1045 1534 1098; x_wconf 91' lang='lat' dir='ltr'><strong>in</strong></span> <span class='ocrx_word' id='word_1_63' title='bbox 1567 1043 1806 1096; x_wconf 90' lang='lat' dir='ltr'><strong>medium</strong></span> <span class='ocrx_word' id='word_1_64' title='bbox 1833 1043 1884 1096; x_wconf 91' lang='lat' dir='ltr'><strong>id</strong></span> <span class='ocrx_word' id='word_1_65' title='bbox 1919 1043 2182 1110; x_wconf 84' lang='lat' dir='ltr'><strong>proferre,</strong></span> 
     </span>
    </p>
   </div>
   <div class='ocr_carea' id='block_1_12' title="bbox 620 1132 2184 1212">
    <p class='ocr_par' dir='ltr' id='par_1_12' title="bbox 620 1132 2184 1212">
     <span class='ocr_line' id='line_1_12' title="bbox 620 1132 2184 1212; baseline -0.008 -17"><span class='ocrx_word' id='word_1_66' title='bbox 620 1140 764 1212; x_wconf 91' lang='lat' dir='ltr'><strong>quod</strong></span> <span class='ocrx_word' id='word_1_67' title='bbox 811 1154 932 1193; x_wconf 91' lang='lat' dir='ltr'><strong>cum</strong></span> <span class='ocrx_word' id='word_1_68' title='bbox 978 1153 1007 1190; x_wconf 88' lang='lat' dir='ltr'><strong>a</strong></span> <span class='ocrx_word' id='word_1_69' title='bbox 1060 1140 1276 1191; x_wconf 86' lang='lat' dir='ltr'><strong>nemine</strong></span> <span class='ocrx_word' id='word_1_70' title='bbox 1324 1137 1554 1196; x_wconf 86' lang='lat' dir='ltr'><strong>dicatur,</strong></span> <span class='ocrx_word' id='word_1_71' title='bbox 1605 1142 1784 1187; x_wconf 87' lang='lat' dir='ltr'><strong>tacere</strong></span> <span class='ocrx_word' id='word_1_72' title='bbox 1829 1132 2002 1187; x_wconf 86' lang='lat' dir='ltr'><strong>satius</strong></span> <span class='ocrx_word' id='word_1_73' title='bbox 2045 1139 2184 1198; x_wconf 83' lang='lat' dir='ltr'><strong>erat,</strong></span> 
     </span>
    </p>
   </div>
   <div class='ocr_carea' id='block_1_13' title="bbox 621 1221 2186 1300">
    <p class='ocr_par' dir='ltr' id='par_1_13' title="bbox 621 1221 2186 1300">
     <span class='ocr_line' id='line_1_13' title="bbox 621 1221 2186 1300; baseline -0.004 -18"><span class='ocrx_word' id='word_1_74' title='bbox 621 1245 780 1300; x_wconf 89' lang='lat' dir='ltr'><strong>quam</strong></span> <span class='ocrx_word' id='word_1_75' title='bbox 829 1229 882 1282; x_wconf 93' lang='lat' dir='ltr'><strong>in</strong></span> <span class='ocrx_word' id='word_1_76' title='bbox 935 1228 1323 1296; x_wconf 84' lang='lat' dir='ltr'><strong>simpliciorum</strong></span> <span class='ocrx_word' id='word_1_77' title='bbox 1370 1225 1578 1278; x_wconf 86' lang='lat' dir='ltr'><strong>animos</strong></span> <span class='ocrx_word' id='word_1_78' title='bbox 1626 1221 2186 1292; x_wconf 75' lang='lat' dir='ltr'><strong>injicere?660uis</strong></span> 
     </span>
    </p>
   </div>
   <div class='ocr_carea' id='block_1_14' title="bbox 624 1315 2184 1381">
    <p class='ocr_par' dir='ltr' id='par_1_14' title="bbox 624 1315 2184 1381">
     <span class='ocr_line' id='line_1_14' title="bbox 624 1315 2184 1381; baseline -0.006 -6"><span class='ocrx_word' id='word_1_79' title='bbox 624 1322 768 1376; x_wconf 88' lang='lat' dir='ltr'><strong>enim</strong></span> <span class='ocrx_word' id='word_1_80' title='bbox 814 1328 897 1374; x_wconf 80' lang='lat' dir='ltr'><strong>est</strong></span> <span class='ocrx_word' id='word_1_81' title='bbox 946 1319 1076 1372; x_wconf 88' lang='lat' dir='ltr'><strong>adeo</strong></span> <span class='ocrx_word' id='word_1_82' title='bbox 1125 1317 1405 1381; x_wconf 90' lang='lat' dir='ltr'><strong>attonitus,</strong></span> <span class='ocrx_word' id='word_1_83' title='bbox 1457 1325 1515 1370; x_wconf 91' lang='lat' dir='ltr'><strong>ut</strong></span> <span class='ocrx_word' id='word_1_84' title='bbox 1548 1315 1845 1370; x_wconf 87' lang='lat' dir='ltr'><strong>divinitatis</strong></span> <span class='ocrx_word' id='word_1_85' title='bbox 1893 1315 2184 1367; x_wconf 86' lang='lat' dir='ltr'><strong>essentiam</strong></span> 
     </span>
    </p>
   </div>
   <div class='ocr_carea' id='block_1_15' title="bbox 627 1403 2184 1480">
    <p class='ocr_par' dir='ltr' id='par_1_15' title="bbox 627 1403 2184 1480">
     <span class='ocr_line' id='line_1_15' title="bbox 627 1403 2184 1480; baseline -0.005 -16"><span class='ocrx_word' id='word_1_86' title='bbox 627 1413 799 1480; x_wconf 88' lang='lat' dir='ltr'><strong>ipsum</strong></span> <span class='ocrx_word' id='word_1_87' title='bbox 849 1409 1162 1464; x_wconf 87' lang='lat' dir='ltr'><strong>Pontiﬁcem</strong></span> <span class='ocrx_word' id='word_1_88' title='bbox 1220 1407 1529 1461; x_wconf 78' lang='lat' dir='ltr'><strong>existimet?</strong></span> <span class='ocrx_word' id='word_1_89' title='bbox 1580 1405 1751 1459; x_wconf 83' lang='lat' dir='ltr'><strong>Homo</strong></span> <span class='ocrx_word' id='word_1_90' title='bbox 1800 1412 1918 1456; x_wconf 89' lang='lat' dir='ltr'><strong>erat</strong></span> <span class='ocrx_word' id='word_1_91' title='bbox 1969 1403 2184 1468; x_wconf 78' lang='lat' dir='ltr'><strong>Aaron,</strong></span> 
     </span>
    </p>
   </div>
   <div class='ocr_carea' id='block_1_16' title="bbox 625 1492 2186 1568">
    <p class='ocr_par' dir='ltr' id='par_1_16' title="bbox 625 1492 2186 1568">
     <span class='ocr_line' id='line_1_16' title="bbox 625 1492 2186 1568; baseline -0.002 -17"><span class='ocrx_word' id='word_1_92' title='bbox 625 1499 874 1568; x_wconf 83' lang='lat' dir='ltr'><strong>quamvis</strong></span> <span class='ocrx_word' id='word_1_93' title='bbox 916 1496 1139 1564; x_wconf 87' lang='lat' dir='ltr'><strong>adeptus</strong></span> <span class='ocrx_word' id='word_1_94' title='bbox 1174 1505 1231 1548; x_wconf 91' lang='lat' dir='ltr'><strong>ut</strong></span> <span class='ocrx_word' id='word_1_95' title='bbox 1275 1495 1328 1548; x_wconf 93' lang='lat' dir='ltr'><strong>in</strong></span> <span class='ocrx_word' id='word_1_96' title='bbox 1367 1495 1458 1548; x_wconf 91' lang='lat' dir='ltr'><strong>illo</strong></span> <span class='ocrx_word' id='word_1_97' title='bbox 1499 1494 1680 1548; x_wconf 89' lang='lat' dir='ltr'><strong>divino</strong></span> <span class='ocrx_word' id='word_1_98' title='bbox 1720 1494 2019 1547; x_wconf 86' lang='lat' dir='ltr'><strong>sacerdotio</strong></span> <span class='ocrx_word' id='word_1_99' title='bbox 2067 1492 2186 1548; x_wconf 87' lang='lat' dir='ltr'><strong>aliis</strong></span> 
     </span>
    </p>
   </div>
   <div class='ocr_carea' id='block_1_17' title="bbox 625 1581 2187 1653">
    <p class='ocr_par' dir='ltr' id='par_1_17' title="bbox 625 1581 2187 1653">
     <span class='ocr_line' id='line_1_17' title="bbox 625 1581 2187 1653; baseline -0.003 -11"><span class='ocrx_word' id='word_1_100' title='bbox 625 1587 938 1642; x_wconf 78' lang='lat' dir='ltr'><strong>excelleret.</strong></span> <span class='ocrx_word' id='word_1_101' title='bbox 1013 1585 1292 1652; x_wconf 84' lang='lat' dir='ltr'><strong>Quomodo</strong></span> <span class='ocrx_word' id='word_1_102' title='bbox 1344 1584 1508 1653; x_wconf 78' lang='lat' dir='ltr'><strong>igitur</strong></span> <span class='ocrx_word' id='word_1_103' title='bbox 1556 1584 1837 1651; x_wconf 85' lang='lat' dir='ltr'><strong>quisquam</strong></span> <span class='ocrx_word' id='word_1_104' title='bbox 1890 1581 2187 1637; x_wconf 83' lang='lat' dir='ltr'><strong>divinitatis</strong></span> 
     </span>
    </p>
   </div>
   <div class='ocr_carea' id='block_1_18' title="bbox 625 1673 2188 1746">
    <p class='ocr_par' dir='ltr' id='par_1_18' title="bbox 625 1673 2188 1746">
     <span class='ocr_line' id='line_1_18' title="bbox 625 1673 2188 1746; baseline -0.004 -12"><span class='ocrx_word' id='word_1_105' title='bbox 625 1679 916 1734; x_wconf 88' lang='lat' dir='ltr'><strong>essentiam</strong></span> <span class='ocrx_word' id='word_1_106' title='bbox 955 1677 1130 1746; x_wconf 87' lang='lat' dir='ltr'><strong>ipsum</strong></span> <span class='ocrx_word' id='word_1_107' title='bbox 1185 1674 1492 1744; x_wconf 91' lang='lat' dir='ltr'><strong>pontiﬁcem</strong></span> <span class='ocrx_word' id='word_1_108' title='bbox 1545 1673 1736 1741; x_wconf 82' lang='lat' dir='ltr'><strong>putet?</strong></span> <span class='ocrx_word' id='word_1_109' title='bbox 1789 1682 1881 1726; x_wconf 88' lang='lat' dir='ltr'><strong>aut</strong></span> <span class='ocrx_word' id='word_1_110' title='bbox 1919 1674 2188 1741; x_wconf 88' lang='lat' dir='ltr'><strong>quomodo</strong></span> 
     </span>
    </p>
   </div>
   <div class='ocr_carea' id='block_1_19' title="bbox 628 1764 2184 1838">
    <p class='ocr_par' dir='ltr' id='par_1_19' title="bbox 628 1764 2184 1838">
     <span class='ocr_line' id='line_1_19' title="bbox 628 1764 2184 1838; baseline -0.006 -14"><span class='ocrx_word' id='word_1_111' title='bbox 628 1785 733 1826; x_wconf 89' lang='lat' dir='ltr'><strong>non</strong></span> <span class='ocrx_word' id='word_1_112' title='bbox 782 1783 1005 1838; x_wconf 78' lang='lat' dir='ltr'><strong>prorsus</strong></span> <span class='ocrx_word' id='word_1_113' title='bbox 1047 1767 1367 1821; x_wconf 89' lang='lat' dir='ltr'><strong>conﬁteatur</strong></span> <span class='ocrx_word' id='word_1_114' title='bbox 1418 1764 1688 1818; x_wconf 89' lang='lat' dir='ltr'><strong>hominem</strong></span> <span class='ocrx_word' id='word_1_115' title='bbox 1737 1764 2184 1827; x_wconf 88' lang='lat' dir='ltr'><strong>commemorari,</strong></span> 
     </span>
    </p>
   </div>
   <div class='ocr_carea' id='block_1_20' title="bbox 2284 591 3849 672">
    <p class='ocr_par' dir='ltr' id='par_1_20' title="bbox 2284 591 3849 672">
     <span class='ocr_line' id='line_1_20' title="bbox 2284 591 3849 672; baseline 0.006 -26"><span class='ocrx_word' id='word_1_116' title='bbox 2284 593 2460 658; x_wconf 81' lang='grc' dir='ltr'>τοῦτο,</span> <span class='ocrx_word' id='word_1_117' title='bbox 2481 591 2632 665; x_wconf 72' lang='grc' dir='ltr'>οἶμαι</span> <span class='ocrx_word' id='word_1_118' title='bbox 2659 596 2868 662; x_wconf 76' lang='grc' dir='ltr'>ἔστιτὸ,</span> <span class='ocrx_word' id='word_1_119' title='bbox 2891 599 2973 660; x_wconf 83' lang='grc' dir='ltr'><strong>είς</strong></span> <span class='ocrx_word' id='word_1_120' title='bbox 3001 598 3138 668; x_wconf 85' lang='grc' dir='ltr'>ἀέρα</span> <span class='ocrx_word' id='word_1_121' title='bbox 3163 599 3360 670; x_wconf 83' lang='grc' dir='ltr'>δέρειν.</span> <span class='ocrx_word' id='word_1_122' title='bbox 3391 601 3533 671; x_wconf 83' lang='grc' dir='ltr'><strong>Ἔφη</strong></span> <span class='ocrx_word' id='word_1_123' title='bbox 3565 603 3672 672; x_wconf 89' lang='grc' dir='ltr'><strong>γάρ</strong></span> <span class='ocrx_word' id='word_1_124' title='bbox 3693 619 3705 632; x_wconf 90' lang='grc'><strong>·</strong></span> <span class='ocrx_word' id='word_1_125' title='bbox 3752 603 3849 666; x_wconf 88' lang='grc' dir='ltr'>Τίς</span> 
     </span>
    </p>
   </div>
   <div class='ocr_carea' id='block_1_21' title="bbox 2296 684 3849 763">
    <p class='ocr_par' dir='ltr' id='par_1_21' title="bbox 2296 684 3849 763">
     <span class='ocr_line' id='line_1_21' title="bbox 2296 684 3849 763; baseline 0.006 -26"><span class='ocrx_word' id='word_1_126' title='bbox 2296 684 2618 739; x_wconf 85' lang='grc' dir='ltr'>’Δποστόλου</span> <span class='ocrx_word' id='word_1_127' title='bbox 2647 687 2990 756; x_wconf 81' lang='grc' dir='ltr'>λειτουργίαν</span> <span class='ocrx_word' id='word_1_128' title='bbox 3020 687 3228 758; x_wconf 87' lang='grc' dir='ltr'>μαθὼν,</span> <span class='ocrx_word' id='word_1_129' title='bbox 3258 691 3358 743; x_wconf 83' lang='grc' dir='ltr'><strong>οὐκ</strong></span> <span class='ocrx_word' id='word_1_130' title='bbox 3377 691 3538 752; x_wconf 77' lang='grc' dir='ltr'>εὐθὺς</span> <span class='ocrx_word' id='word_1_131' title='bbox 3567 691 3849 763; x_wconf 81' lang='grc' dir='ltr'>ἄνθρωπον</span> 
     </span>
    </p>
   </div>
   <div class='ocr_carea' id='block_1_22' title="bbox 2288 775 3846 850">
    <p class='ocr_par' dir='ltr' id='par_1_22' title="bbox 2288 775 3846 850">
     <span class='ocr_line' id='line_1_22' title="bbox 2288 775 3846 850; baseline 0.005 -23"><span class='ocrx_word' id='word_1_132' title='bbox 2288 775 2619 845; x_wconf 83' lang='grc' dir='ltr'><strong>μηνυόμενον</strong></span> <span class='ocrx_word' id='word_1_133' title='bbox 2643 777 2815 845; x_wconf 73' lang='grc' dir='ltr'>ἔγνω;</span> <span class='ocrx_word' id='word_1_134' title='bbox 2843 779 2939 840; x_wconf 85' lang='grc' dir='ltr'><strong>Τίς</strong></span> <span class='ocrx_word' id='word_1_135' title='bbox 2959 779 3257 848; x_wconf 79' lang='grc' dir='ltr'><strong>ἀρχιερέως</strong></span> <span class='ocrx_word' id='word_1_136' title='bbox 3289 782 3582 850; x_wconf 79' lang='grc' dir='ltr'>ὀνομασίαν</span> <span class='ocrx_word' id='word_1_137' title='bbox 3617 783 3846 848; x_wconf 86' lang='grc' dir='ltr'>ἀκούων,</span> 
     </span>
    </p>
   </div>
   <div class='ocr_carea' id='block_1_23' title="bbox 2285 865 3851 940">
    <p class='ocr_par' dir='ltr' id='par_1_23' title="bbox 2285 865 3851 940">
     <span class='ocr_line' id='line_1_23' title="bbox 2285 865 3851 940; baseline 0.007 -24"><span class='ocrx_word' id='word_1_138' title='bbox 2285 865 2533 935; x_wconf 84' lang='grc' dir='ltr'><strong>θεότητος</strong></span> <span class='ocrx_word' id='word_1_139' title='bbox 2569 868 2756 920; x_wconf 83' lang='grc' dir='ltr'>οὐσίαν</span> <span class='ocrx_word' id='word_1_140' title='bbox 2789 868 2879 921; x_wconf 85' lang='grc' dir='ltr'><strong>τὸν</strong></span> <span class='ocrx_word' id='word_1_141' title='bbox 2907 869 3165 940; x_wconf 77' lang='grc' dir='ltr'><strong>ἀρχιερέα</strong></span> <span class='ocrx_word' id='word_1_142' title='bbox 3193 871 3462 940; x_wconf 73' lang='grc' dir='ltr'>νομίσειεν</span> <span class='ocrx_word' id='word_1_143' title='bbox 3485 889 3499 936; x_wconf 87' lang='lat'><strong>;</strong></span> <span class='ocrx_word' id='word_1_144' title='bbox 3529 873 3656 927; x_wconf 82' lang='grc' dir='ltr'>Ὅτε</span> <span class='ocrx_word' id='word_1_145' title='bbox 3677 873 3851 927; x_wconf 79' lang='grc' dir='ltr'>τοίνυν</span> 
     </span>
    </p>
   </div>
   <div class='ocr_carea' id='block_1_24' title="bbox 2284 956 3852 1033">
    <p class='ocr_par' dir='ltr' id='par_1_24' title="bbox 2284 956 3852 1033">
     <span class='ocr_line' id='line_1_24' title="bbox 2284 956 3852 1033; baseline 0.007 -26"><span class='ocrx_word' id='word_1_146' title='bbox 2284 956 2458 1020; x_wconf 80' lang='grc' dir='ltr'>οὐδεὶς</span> <span class='ocrx_word' id='word_1_147' title='bbox 2481 959 2509 1008; x_wconf 99' lang='lat'><strong>6</strong></span> <span class='ocrx_word' id='word_1_148' title='bbox 2541 958 2696 1011; x_wconf 86' lang='grc' dir='ltr'>τοῦτο</span> <span class='ocrx_word' id='word_1_149' title='bbox 2727 959 2898 1027; x_wconf 89' lang='grc' dir='ltr'>λέγων</span> <span class='ocrx_word' id='word_1_150' title='bbox 2930 961 3065 1024; x_wconf 78' lang='grc' dir='ltr'>ἐστὶ,</span> <span class='ocrx_word' id='word_1_151' title='bbox 3092 961 3251 1025; x_wconf 89' lang='grc' dir='ltr'>τίσιν,</span> <span class='ocrx_word' id='word_1_152' title='bbox 3294 963 3414 1016; x_wconf 77' lang='grc' dir='ltr'>εἰπέ</span> <span class='ocrx_word' id='word_1_153' title='bbox 3462 981 3572 1033; x_wconf 89' lang='grc' dir='ltr'>μοι,</span> <span class='ocrx_word' id='word_1_154' title='bbox 3619 964 3852 1032; x_wconf 84' lang='grc' dir='ltr'>φιλονει-</span> 
     </span>
    </p>
   </div>
   <div class='ocr_carea' id='block_1_25' title="bbox 2287 1049 3850 1125">
    <p class='ocr_par' dir='ltr' id='par_1_25' title="bbox 2287 1049 3850 1125">
     <span class='ocr_line' id='line_1_25' title="bbox 2287 1049 3850 1125; baseline 0.006 -27"><span class='ocrx_word' id='word_1_155' title='bbox 2287 1050 2419 1110; x_wconf 84' lang='grc' dir='ltr'>κετς,</span> <span class='ocrx_word' id='word_1_156' title='bbox 2458 1049 2552 1101; x_wconf 79' lang='grc' dir='ltr'>καὶ</span> <span class='ocrx_word' id='word_1_157' title='bbox 2591 1050 2651 1101; x_wconf 84' lang='grc' dir='ltr'>τὺ</span> <span class='ocrx_word' id='word_1_158' title='bbox 2692 1053 2809 1112; x_wconf 78' lang='grc' dir='ltr'>ταῖς</span> <span class='ocrx_word' id='word_1_159' title='bbox 2843 1051 3094 1106; x_wconf 86' lang='grc' dir='ltr'>ἁπάντων</span> <span class='ocrx_word' id='word_1_160' title='bbox 3135 1053 3336 1123; x_wconf 78' lang='grc' dir='ltr'>ψήφοις</span> <span class='ocrx_word' id='word_1_161' title='bbox 3383 1055 3850 1125; x_wconf 81' lang='grc' dir='ltr'>κατεγνωσμένον,</span> 
     </span>
    </p>
   </div>
   <div class='ocr_carea' id='block_1_26' title="bbox 2287 1137 3855 1215">
    <p class='ocr_par' dir='ltr' id='par_1_26' title="bbox 2287 1137 3855 1215">
     <span class='ocr_line' id='line_1_26' title="bbox 2287 1137 3855 1215; baseline 0.006 -27"><span class='ocrx_word' id='word_1_162' title='bbox 2287 1137 2361 1200; x_wconf 87' lang='grc' dir='ltr'>ὼς</span> <span class='ocrx_word' id='word_1_163' title='bbox 2415 1138 2572 1206; x_wconf 84' lang='grc' dir='ltr'>μόνος</span> <span class='ocrx_word' id='word_1_164' title='bbox 2622 1140 2781 1204; x_wconf 81' lang='grc' dir='ltr'>αὐτὸς</span> <span class='ocrx_word' id='word_1_165' title='bbox 2833 1143 3175 1214; x_wconf 80' lang='grc' dir='ltr'><strong>ἀνατρέπων,</strong></span> <span class='ocrx_word' id='word_1_166' title='bbox 3246 1144 3347 1196; x_wconf 79' lang='grc' dir='ltr'>οἴει</span> <span class='ocrx_word' id='word_1_167' title='bbox 3392 1145 3529 1215; x_wconf 86' lang='grc' dir='ltr'><strong>τάχα</strong></span> <span class='ocrx_word' id='word_1_168' title='bbox 3575 1163 3698 1207; x_wconf 81' lang='grc' dir='ltr'>που,</span> <span class='ocrx_word' id='word_1_169' title='bbox 3762 1147 3855 1198; x_wconf 75' lang='grc' dir='ltr'>καὶ</span> 
     </span>
    </p>
   </div>
   <div class='ocr_carea' id='block_1_27' title="bbox 2286 1228 3856 1303">
    <p class='ocr_par' dir='ltr' id='par_1_27' title="bbox 2286 1228 3856 1303">
     <span class='ocr_line' id='line_1_27' title="bbox 2286 1228 3856 1303; baseline 0.005 -22"><span class='ocrx_word' id='word_1_170' title='bbox 2286 1228 2464 1300; x_wconf 83' lang='grc' dir='ltr'>γερῶν</span> <span class='ocrx_word' id='word_1_171' title='bbox 2489 1230 2643 1294; x_wconf 81' lang='grc' dir='ltr'>ἀξίαν</span> <span class='ocrx_word' id='word_1_172' title='bbox 2674 1233 2942 1286; x_wconf 80' lang='grc' dir='ltr'>ποιεῖσθαι</span> <span class='ocrx_word' id='word_1_173' title='bbox 2962 1234 3059 1303; x_wconf 80' lang='grc' dir='ltr'><strong>τὴν</strong></span> <span class='ocrx_word' id='word_1_174' title='bbox 3090 1233 3370 1301; x_wconf 71' lang='grc' dir='ltr'>ἔνστασιν,</span> <span class='ocrx_word' id='word_1_175' title='bbox 3400 1236 3594 1288; x_wconf 78' lang='grc' dir='ltr'>Καίτοι</span> <span class='ocrx_word' id='word_1_176' title='bbox 3617 1235 3733 1299; x_wconf 83' lang='grc' dir='ltr'><strong>πῶς</strong></span> <span class='ocrx_word' id='word_1_177' title='bbox 3758 1237 3856 1289; x_wconf 85' lang='grc' dir='ltr'><strong>οὐκ</strong></span> 
     </span>
    </p>
   </div>
   <div class='ocr_carea' id='block_1_28' title="bbox 2286 1321 3856 1397">
    <p class='ocr_par' dir='ltr' id='par_1_28' title="bbox 2286 1321 3856 1397">
     <span class='ocr_line' id='line_1_28' title="bbox 2286 1321 3856 1397; baseline 0.003 -23"><span class='ocrx_word' id='word_1_178' title='bbox 2286 1321 2500 1391; x_wconf 85' lang='grc' dir='ltr'>ἀληθὲς,</span> <span class='ocrx_word' id='word_1_179' title='bbox 2541 1322 2616 1385; x_wconf 88' lang='grc' dir='ltr'><strong>ὡς</strong></span> <span class='ocrx_word' id='word_1_180' title='bbox 2649 1322 2804 1377; x_wconf 79' lang='grc' dir='ltr'>τοῦτο</span> <span class='ocrx_word' id='word_1_181' title='bbox 2836 1324 3087 1392; x_wconf 87' lang='grc' dir='ltr'>λέγοντος</span> <span class='ocrx_word' id='word_1_182' title='bbox 3112 1326 3343 1389; x_wconf 85' lang='grc' dir='ltr'>ούδενὺς,</span> <span class='ocrx_word' id='word_1_183' title='bbox 3402 1327 3483 1390; x_wconf 83' lang='grc' dir='ltr'><strong>είς</strong></span> <span class='ocrx_word' id='word_1_184' title='bbox 3511 1327 3672 1397; x_wconf 91' lang='grc' dir='ltr'>μέσον</span> <span class='ocrx_word' id='word_1_185' title='bbox 3701 1327 3856 1395; x_wconf 82' lang='grc' dir='ltr'>ἀγεις</span> 
     </span>
    </p>
   </div>
   <div class='ocr_carea' id='block_1_29' title="bbox 2287 1412 3857 1486">
    <p class='ocr_par' dir='ltr' id='par_1_29' title="bbox 2287 1412 3857 1486">
     <span class='ocr_line' id='line_1_29' title="bbox 2287 1412 3857 1486; baseline 0.005 -22"><span class='ocrx_word' id='word_1_186' title='bbox 2287 1413 2464 1475; x_wconf 74' lang='grc' dir='ltr'>αὐτὸς,</span> <span class='ocrx_word' id='word_1_187' title='bbox 2485 1412 2512 1465; x_wconf 82' lang='grc' dir='ltr'><strong>ὅ</strong></span> <span class='ocrx_word' id='word_1_188' title='bbox 2534 1416 2740 1485; x_wconf 71' lang='grc' dir='ltr'>σιωπᾷν</span> <span class='ocrx_word' id='word_1_189' title='bbox 2772 1416 3016 1484; x_wconf 79' lang='grc' dir='ltr'>ἄμεινον,</span> <span class='ocrx_word' id='word_1_190' title='bbox 3048 1418 3141 1470; x_wconf 74' lang='grc' dir='ltr'><strong>καὶ</strong></span> <span class='ocrx_word' id='word_1_191' title='bbox 3179 1418 3251 1486; x_wconf 75' lang='grc' dir='ltr'><strong>μὴ</strong></span> <span class='ocrx_word' id='word_1_192' title='bbox 3273 1418 3392 1480; x_wconf 79' lang='grc' dir='ltr'>ταῖς</span> <span class='ocrx_word' id='word_1_193' title='bbox 3422 1417 3532 1469; x_wconf 85' lang='grc' dir='ltr'><strong>τῶν</strong></span> <span class='ocrx_word' id='word_1_194' title='bbox 3561 1419 3857 1472; x_wconf 79' lang='grc' dir='ltr'>ἁπλουστέ-</span> 
     </span>
    </p>
   </div>
   <div class='ocr_carea' id='block_1_30' title="bbox 2291 1503 3856 1577">
    <p class='ocr_par' dir='ltr' id='par_1_30' title="bbox 2291 1503 3856 1577">
     <span class='ocr_line' id='line_1_30' title="bbox 2291 1503 3856 1577; baseline 0.004 -23"><span class='ocrx_word' id='word_1_195' title='bbox 2291 1519 2397 1572; x_wconf 86' lang='grc' dir='ltr'>ρων</span> <span class='ocrx_word' id='word_1_196' title='bbox 2415 1503 2650 1556; x_wconf 77' lang='grc' dir='ltr'>ἐνίεσθαι</span> <span class='ocrx_word' id='word_1_197' title='bbox 2668 1504 2865 1574; x_wconf 68' lang='grc' dir='ltr'>ῲυχαῖς</span> <span class='ocrx_word' id='word_1_198' title='bbox 2890 1522 2904 1571; x_wconf 90' lang='grc'><strong>;</strong></span> <span class='ocrx_word' id='word_1_199' title='bbox 2934 1505 3030 1568; x_wconf 85' lang='grc' dir='ltr'>Τίς</span> <span class='ocrx_word' id='word_1_200' title='bbox 3046 1507 3153 1576; x_wconf 87' lang='grc' dir='ltr'>γὰρ</span> <span class='ocrx_word' id='word_1_201' title='bbox 3174 1506 3343 1571; x_wconf 79' lang='grc' dir='ltr'>οὓτως</span> <span class='ocrx_word' id='word_1_202' title='bbox 3367 1508 3749 1577; x_wconf 82' lang='grc' dir='ltr'>ἐμϐρόντητος,</span> <span class='ocrx_word' id='word_1_203' title='bbox 3781 1509 3856 1571; x_wconf 86' lang='grc' dir='ltr'>ὡς</span> 
     </span>
    </p>
   </div>
   <div class='ocr_carea' id='block_1_31' title="bbox 2288 1593 3858 1666">
    <p class='ocr_par' dir='ltr' id='par_1_31' title="bbox 2288 1593 3858 1666">
     <span class='ocr_line' id='line_1_31' title="bbox 2288 1593 3858 1666; baseline 0.002 -21"><span class='ocrx_word' id='word_1_204' title='bbox 2288 1593 2539 1664; x_wconf 83' lang='grc' dir='ltr'>θεότητος</span> <span class='ocrx_word' id='word_1_205' title='bbox 2570 1595 2756 1648; x_wconf 82' lang='grc' dir='ltr'>οὐσίαν</span> <span class='ocrx_word' id='word_1_206' title='bbox 2776 1595 2864 1648; x_wconf 77' lang='grc' dir='ltr'>τὸν</span> <span class='ocrx_word' id='word_1_207' title='bbox 2906 1596 3190 1666; x_wconf 83' lang='grc' dir='ltr'>Ἀρχιερέα</span> <span class='ocrx_word' id='word_1_208' title='bbox 3211 1596 3455 1666; x_wconf 76' lang='grc' dir='ltr'>νομίζειν</span> <span class='ocrx_word' id='word_1_209' title='bbox 3483 1615 3497 1663; x_wconf 89' lang='lat'><strong>;</strong></span> <span class='ocrx_word' id='word_1_210' title='bbox 3536 1597 3858 1665; x_wconf 72' lang='grc' dir='ltr'>Ἄνθρωπος</span> 
     </span>
    </p>
   </div>
   <div class='ocr_carea' id='block_1_32' title="bbox 2287 1679 3862 1753">
    <p class='ocr_par' dir='ltr' id='par_1_32' title="bbox 2287 1679 3862 1753">
     <span class='ocr_line' id='line_1_32' title="bbox 2287 1679 3862 1753; baseline 0 -19"><span class='ocrx_word' id='word_1_211' title='bbox 2287 1679 2355 1752; x_wconf 86' lang='grc' dir='ltr'>ἦν</span> <span class='ocrx_word' id='word_1_212' title='bbox 2392 1682 2621 1752; x_wconf 83' lang='grc' dir='ltr'>Ἀαρὼν,</span> <span class='ocrx_word' id='word_1_213' title='bbox 2658 1683 2832 1736; x_wconf 88' lang='grc' dir='ltr'>καίτοι</span> <span class='ocrx_word' id='word_1_214' title='bbox 2874 1683 2935 1735; x_wconf 84' lang='grc' dir='ltr'><strong>τὸ</strong></span> <span class='ocrx_word' id='word_1_215' title='bbox 2979 1682 3238 1752; x_wconf 77' lang='grc' dir='ltr'>προύχειν</span> <span class='ocrx_word' id='word_1_216' title='bbox 3265 1684 3371 1736; x_wconf 83' lang='grc' dir='ltr'>τῶν</span> <span class='ocrx_word' id='word_1_217' title='bbox 3403 1683 3577 1737; x_wconf 77' lang='grc' dir='ltr'>ἄλλων</span> <span class='ocrx_word' id='word_1_218' title='bbox 3610 1683 3668 1735; x_wconf 68' lang='grc' dir='ltr'><strong>εν</strong></span> <span class='ocrx_word' id='word_1_219' title='bbox 3700 1684 3862 1753; x_wconf 83' lang='grc' dir='ltr'>ἱερω-</span> 
     </span>
    </p>
   </div>
   <div class='ocr_carea' id='block_1_33' title="bbox 2291 1770 3862 1844">
    <p class='ocr_par' dir='ltr' id='par_1_33' title="bbox 2291 1770 3862 1844">
     <span class='ocr_line' id='line_1_33' title="bbox 2291 1770 3862 1844; baseline 0.001 -20"><span class='ocrx_word' id='word_1_220' title='bbox 2291 1773 2424 1843; x_wconf 82' lang='grc' dir='ltr'>σύνῃ</span> <span class='ocrx_word' id='word_1_221' title='bbox 2454 1775 2519 1843; x_wconf 79' lang='grc' dir='ltr'>τῇ</span> <span class='ocrx_word' id='word_1_222' title='bbox 2555 1772 2675 1844; x_wconf 74' lang='grc' dir='ltr'>θείᾳ</span> <span class='ocrx_word' id='word_1_223' title='bbox 2717 1771 2917 1843; x_wconf 85' lang='grc' dir='ltr'>λαχών.</span> <span class='ocrx_word' id='word_1_224' title='bbox 2951 1773 3074 1837; x_wconf 85' lang='grc' dir='ltr'><strong>Πῶς</strong></span> <span class='ocrx_word' id='word_1_225' title='bbox 3107 1770 3201 1827; x_wconf 81' lang='grc' dir='ltr'><strong>οὖν</strong></span> <span class='ocrx_word' id='word_1_226' title='bbox 3231 1774 3295 1826; x_wconf 84' lang='grc' dir='ltr'><strong>ἀν</strong></span> <span class='ocrx_word' id='word_1_227' title='bbox 3333 1792 3418 1837; x_wconf 90' lang='grc' dir='ltr'><strong>τις</strong></span> <span class='ocrx_word' id='word_1_228' title='bbox 3455 1774 3642 1827; x_wconf 87' lang='grc' dir='ltr'>ούσίαν</span> <span class='ocrx_word' id='word_1_229' title='bbox 3673 1773 3862 1842; x_wconf 82' lang='grc' dir='ltr'>θεότη-</span> 
     </span>
    </p>
   </div>
   <div class='ocr_carea' id='block_1_34' title="bbox 624 1852 2194 1936">
    <p class='ocr_par' dir='ltr' id='par_1_34' title="bbox 624 1852 2188 1924">
     <span class='ocr_line' id='line_1_34' title="bbox 624 1852 2188 1924; baseline -0.006 -7"><span class='ocrx_word' id='word_1_230' title='bbox 624 1877 750 1917; x_wconf 84' lang='lat' dir='ltr'><strong>cum</strong></span> <span class='ocrx_word' id='word_1_231' title='bbox 795 1860 967 1916; x_wconf 80' lang='lat' dir='ltr'><strong>frater</strong></span> <span class='ocrx_word' id='word_1_232' title='bbox 1006 1859 1099 1913; x_wconf 87' lang='lat' dir='ltr'><strong>ille</strong></span> <span class='ocrx_word' id='word_1_233' title='bbox 1141 1857 1273 1912; x_wconf 75' lang='lat' dir='ltr'><strong>Mosi</strong></span> <span class='ocrx_word' id='word_1_234' title='bbox 1323 1865 1378 1910; x_wconf 89' lang='lat' dir='ltr'><strong>ut</strong></span> <span class='ocrx_word' id='word_1_235' title='bbox 1425 1855 1662 1924; x_wconf 77' lang='lat' dir='ltr'><strong>pontifex</strong></span> <span class='ocrx_word' id='word_1_236' title='bbox 1703 1854 2043 1923; x_wconf 82' lang='lat' dir='ltr'><strong>appellatur?</strong></span> <span class='ocrx_word' id='word_1_237' title='bbox 2085 1852 2188 1908; x_wconf 89' lang='lat' dir='ltr'><strong>Sed</strong></span> 
     </span>
    </p>
   </div>
   <div class='ocr_carea' id='block_1_35' title="bbox 2301 1852 3859 1936">
    <p class='ocr_par' dir='ltr' id='par_1_35' title="bbox 2301 1863 3859 1936">
     <span class='ocr_line' id='line_1_35' title="bbox 2301 1863 3859 1936; baseline 0 -19"><span class='ocrx_word' id='word_1_238' title='bbox 2301 1881 2384 1928; x_wconf 83' lang='grc' dir='ltr'><strong>τος</strong></span> <span class='ocrx_word' id='word_1_239' title='bbox 2415 1864 2505 1917; x_wconf 77' lang='grc' dir='ltr'><strong>τὸν</strong></span> <span class='ocrx_word' id='word_1_240' title='bbox 2546 1863 2804 1936; x_wconf 86' lang='grc' dir='ltr'>ἀρχιερέα</span> <span class='ocrx_word' id='word_1_241' title='bbox 2830 1863 3142 1934; x_wconf 80' lang='grc' dir='ltr'>νομίσειεν;</span> <span class='ocrx_word' id='word_1_242' title='bbox 3187 1867 3220 1934; x_wconf 79' lang='grc' dir='ltr'>ἢ</span> <span class='ocrx_word' id='word_1_243' title='bbox 3263 1865 3377 1929; x_wconf 83' lang='grc' dir='ltr'><strong>πῶς</strong></span> <span class='ocrx_word' id='word_1_244' title='bbox 3418 1865 3483 1919; x_wconf 82' lang='grc' dir='ltr'><strong>ἂν</strong></span> <span class='ocrx_word' id='word_1_245' title='bbox 3522 1865 3642 1936; x_wconf 77' lang='grc' dir='ltr'>οὐχὶ</span> <span class='ocrx_word' id='word_1_246' title='bbox 3685 1866 3859 1933; x_wconf 83' lang='grc' dir='ltr'>πάντη</span> 
     </span>
    </p>
   </div>
   <div class='ocr_carea' id='block_1_36' title="bbox 625 1944 2188 2014">
    <p class='ocr_par' dir='ltr' id='par_1_36' title="bbox 625 1944 2188 2014">
     <span class='ocr_line' id='line_1_36' title="bbox 625 1944 2188 2014; baseline -0.006 -5"><span class='ocrx_word' id='word_1_247' title='bbox 625 1955 768 2010; x_wconf 88' lang='lat' dir='ltr'><strong>enim</strong></span> <span class='ocrx_word' id='word_1_248' title='bbox 811 1967 934 2007; x_wconf 90' lang='lat' dir='ltr'><strong>cum</strong></span> <span class='ocrx_word' id='word_1_249' title='bbox 979 1963 1320 2005; x_wconf 89' lang='lat' dir='ltr'><strong>communem</strong></span> <span class='ocrx_word' id='word_1_250' title='bbox 1359 1961 1663 2001; x_wconf 85' lang='lat' dir='ltr'><strong>sermonem</strong></span> <span class='ocrx_word' id='word_1_251' title='bbox 1721 1944 1982 2014; x_wconf 85' lang='lat' dir='ltr'><strong>proferat,</strong></span> <span class='ocrx_word' id='word_1_252' title='bbox 2018 1954 2072 1999; x_wconf 89' lang='lat' dir='ltr'><strong>et</strong></span> <span class='ocrx_word' id='word_1_253' title='bbox 2099 1945 2188 2013; x_wconf 89' lang='lat' dir='ltr'><strong>qui</strong></span> 
     </span>
    </p>
   </div>
   <div class='ocr_carea' id='block_1_37' title="bbox 627 2035 2191 2113">
    <p class='ocr_par' dir='ltr' id='par_1_37' title="bbox 627 2035 2191 2113">
     <span class='ocr_line' id='line_1_37' title="bbox 627 2035 2191 2113; baseline -0.006 -13"><span class='ocrx_word' id='word_1_254' title='bbox 627 2045 822 2113; x_wconf 86' lang='lat' dir='ltr'><strong>cuique</strong></span> <span class='ocrx_word' id='word_1_255' title='bbox 853 2043 920 2098; x_wconf 91' lang='lat' dir='ltr'><strong>de</strong></span> <span class='ocrx_word' id='word_1_256' title='bbox 969 2047 1155 2095; x_wconf 90' lang='lat' dir='ltr'><strong>nostro</strong></span> <span class='ocrx_word' id='word_1_257' title='bbox 1202 2051 1426 2092; x_wconf 91' lang='lat' dir='ltr'><strong>numero</strong></span> <span class='ocrx_word' id='word_1_258' title='bbox 1463 2035 1730 2089; x_wconf 85' lang='lat' dir='ltr'><strong>sacerdoti</strong></span> <span class='ocrx_word' id='word_1_259' title='bbox 1760 2036 1986 2103; x_wconf 87' lang='lat' dir='ltr'><strong>quadret</strong></span> <span class='ocrx_word' id='word_1_260' title='bbox 2034 2044 2191 2102; x_wconf 86' lang='lat' dir='ltr'><strong>atque</strong></span> 
     </span>
    </p>
   </div>
   <div class='ocr_carea' id='block_1_38' title="bbox 628 2123 2192 2198">
    <p class='ocr_par' dir='ltr' id='par_1_38' title="bbox 628 2123 2192 2198">
     <span class='ocr_line' id='line_1_38' title="bbox 628 2123 2192 2198; baseline -0.008 -8"><span class='ocrx_word' id='word_1_261' title='bbox 628 2133 934 2194; x_wconf 86' lang='lat' dir='ltr'><strong>conveniat,</strong></span> <span class='ocrx_word' id='word_1_262' title='bbox 968 2127 1386 2198; x_wconf 90' lang='lat' dir='ltr'><strong>dispensationis</strong></span> <span class='ocrx_word' id='word_1_263' title='bbox 1434 2140 1552 2193; x_wconf 74' lang='lat' dir='ltr'><strong>qua:</strong></span> <span class='ocrx_word' id='word_1_264' title='bbox 1581 2127 1631 2179; x_wconf 87' lang='lat' dir='ltr'><strong>in</strong></span> <span class='ocrx_word' id='word_1_265' title='bbox 1678 2123 1900 2179; x_wconf 80' lang='lat' dir='ltr'><strong>Christo</strong></span> <span class='ocrx_word' id='word_1_266' title='bbox 1939 2124 2192 2194; x_wconf 89' lang='lat' dir='ltr'><strong>intelligi-</strong></span> 
     </span>
    </p>
   </div>
   <div class='ocr_carea' id='block_1_39' title="bbox 630 2214 2194 2290">
    <p class='ocr_par' dir='ltr' id='par_1_39' title="bbox 630 2214 2194 2290">
     <span class='ocr_line' id='line_1_39' title="bbox 630 2214 2194 2290; baseline -0.009 -10"><span class='ocrx_word' id='word_1_267' title='bbox 630 2237 738 2290; x_wconf 90' lang='lat' dir='ltr'><strong>tur,</strong></span> <span class='ocrx_word' id='word_1_268' title='bbox 781 2221 1151 2277; x_wconf 82' lang='lat' dir='ltr'><strong>admirabilem</strong></span> <span class='ocrx_word' id='word_1_269' title='bbox 1201 2217 1424 2287; x_wconf 84' lang='lat' dir='ltr'><strong>gloriam</strong></span> <span class='ocrx_word' id='word_1_270' title='bbox 1459 2214 1784 2268; x_wconf 79' lang='lat' dir='ltr'><strong>labefactare</strong></span> <span class='ocrx_word' id='word_1_271' title='bbox 1831 2223 2084 2278; x_wconf 89' lang='lat' dir='ltr'><strong>conatur,</strong></span> <span class='ocrx_word' id='word_1_272' title='bbox 2139 2222 2194 2267; x_wconf 90' lang='lat' dir='ltr'><strong>et</strong></span> 
     </span>
    </p>
   </div>
   <div class='ocr_carea' id='block_1_40' title="bbox 630 2303 2192 2380">
    <p class='ocr_par' dir='ltr' id='par_1_40' title="bbox 630 2303 2192 2380">
     <span class='ocr_line' id='line_1_40' title="bbox 630 2303 2192 2380; baseline -0.009 -9"><span class='ocrx_word' id='word_1_273' title='bbox 630 2317 872 2372; x_wconf 89' lang='lat' dir='ltr'><strong>divinum</strong></span> <span class='ocrx_word' id='word_1_274' title='bbox 913 2311 1042 2366; x_wconf 91' lang='lat' dir='ltr'><strong>illud</strong></span> <span class='ocrx_word' id='word_1_275' title='bbox 1076 2310 1393 2380; x_wconf 87' lang='lat' dir='ltr'><strong>mysterium</strong></span> <span class='ocrx_word' id='word_1_276' title='bbox 1441 2317 1682 2360; x_wconf 90' lang='lat' dir='ltr'><strong>nostrum</strong></span> <span class='ocrx_word' id='word_1_277' title='bbox 1722 2320 1785 2358; x_wconf 83' lang='lat' dir='ltr'><strong>ex</strong></span> <span class='ocrx_word' id='word_1_278' title='bbox 1825 2305 1949 2359; x_wconf 87' lang='lat' dir='ltr'><strong>imis</strong></span> <span class='ocrx_word' id='word_1_279' title='bbox 1973 2303 2192 2359; x_wconf 89' lang='lat' dir='ltr'><strong>sedibus</strong></span> 
     </span>
    </p>
   </div>
   <div class='ocr_carea' id='block_1_41' title="bbox 631 2395 2192 2466">
    <p class='ocr_par' dir='ltr' id='par_1_41' title="bbox 631 2395 2192 2466">
     <span class='ocr_line' id='line_1_41' title="bbox 631 2395 2192 2466; baseline -0.009 -4"><span class='ocrx_word' id='word_1_280' title='bbox 631 2407 796 2464; x_wconf 85' lang='lat' dir='ltr'><strong>audet</strong></span> <span class='ocrx_word' id='word_1_281' title='bbox 823 2412 1091 2466; x_wconf 88' lang='lat' dir='ltr'><strong>evertere,</strong></span> <span class='ocrx_word' id='word_1_282' title='bbox 1127 2400 1347 2453; x_wconf 89' lang='lat' dir='ltr'><strong>minime</strong></span> <span class='ocrx_word' id='word_1_283' title='bbox 1375 2398 1618 2466; x_wconf 89' lang='lat' dir='ltr'><strong>cogitans</strong></span> <span class='ocrx_word' id='word_1_284' title='bbox 1645 2395 1938 2450; x_wconf 85' lang='lat' dir='ltr'><strong>Ecclesiam</strong></span> <span class='ocrx_word' id='word_1_285' title='bbox 1966 2409 1995 2449; x_wconf 89' lang='lat' dir='ltr'><strong>a</strong></span> <span class='ocrx_word' id='word_1_286' title='bbox 2027 2395 2192 2450; x_wconf 81' lang='lat' dir='ltr'><strong>Chri-</strong></span> 
     </span>
    </p>
   </div>
   <div class='ocr_carea' id='block_1_42' title="bbox 631 2483 2194 2567">
    <p class='ocr_par' dir='ltr' id='par_1_42' title="bbox 631 2483 2194 2567">
     <span class='ocr_line' id='line_1_42' title="bbox 631 2483 2194 2567; baseline -0.01 -13"><span class='ocrx_word' id='word_1_287' title='bbox 631 2511 715 2553; x_wconf 89' lang='lat' dir='ltr'><strong>sto</strong></span> <span class='ocrx_word' id='word_1_288' title='bbox 755 2511 917 2567; x_wconf 86' lang='lat' dir='ltr'><strong>supra</strong></span> <span class='ocrx_word' id='word_1_289' title='bbox 947 2503 1156 2563; x_wconf 90' lang='lat' dir='ltr'><strong>petram</strong></span> <span class='ocrx_word' id='word_1_290' title='bbox 1197 2504 1318 2545; x_wconf 88' lang='lat' dir='ltr'><strong>esse</strong></span> <span class='ocrx_word' id='word_1_291' title='bbox 1348 2489 1646 2552; x_wconf 88' lang='lat' dir='ltr'><strong>fundatam,</strong></span> <span class='ocrx_word' id='word_1_292' title='bbox 1687 2494 1741 2541; x_wconf 86' lang='lat' dir='ltr'><strong>et</strong></span> <span class='ocrx_word' id='word_1_293' title='bbox 1773 2501 2050 2554; x_wconf 87' lang='lat' dir='ltr'><strong>nunquam</strong></span> <span class='ocrx_word' id='word_1_294' title='bbox 2077 2483 2194 2538; x_wconf 81' lang='lat' dir='ltr'><strong>fore</strong></span> 
     </span>
    </p>
   </div>
   <div class='ocr_carea' id='block_1_43' title="bbox 632 2572 2194 2651">
    <p class='ocr_par' dir='ltr' id='par_1_43' title="bbox 632 2572 2194 2651">
     <span class='ocr_line' id='line_1_43' title="bbox 632 2572 2194 2651; baseline -0.012 -6"><span class='ocrx_word' id='word_1_295' title='bbox 632 2600 690 2644; x_wconf 83' lang='lat' dir='ltr'><strong>ut</strong></span> <span class='ocrx_word' id='word_1_296' title='bbox 722 2589 986 2642; x_wconf 80' lang='lat' dir='ltr'><strong>adversus</strong></span> <span class='ocrx_word' id='word_1_297' title='bbox 1027 2597 1145 2638; x_wconf 91' lang='lat' dir='ltr'><strong>eam</strong></span> <span class='ocrx_word' id='word_1_298' title='bbox 1188 2587 1356 2651; x_wconf 72' lang='lat' dir='ltr'><strong>portae</strong></span> <span class='ocrx_word' id='word_1_299' title='bbox 1388 2578 1545 2633; x_wconf 90' lang='lat' dir='ltr'><strong>inferi</strong></span> <span class='ocrx_word' id='word_1_300' title='bbox 1596 2577 2005 2647; x_wconf 76' lang='lat' dir='ltr'><strong>praevaleant&quot;.</strong></span> <span class='ocrx_word' id='word_1_301' title='bbox 2039 2572 2194 2628; x_wconf 86' lang='lat' dir='ltr'><strong>Dedi-</strong></span> 
     </span>
    </p>
   </div>
   <div class='ocr_carea' id='block_1_44' title="bbox 631 2667 2194 2751">
    <p class='ocr_par' dir='ltr' id='par_1_44' title="bbox 631 2667 2194 2751">
     <span class='ocr_line' id='line_1_44' title="bbox 631 2667 2194 2751; baseline -0.011 -17"><span class='ocrx_word' id='word_1_302' title='bbox 631 2687 827 2751; x_wconf 84' lang='lat' dir='ltr'><strong>gnatur</strong></span> <span class='ocrx_word' id='word_1_303' title='bbox 854 2675 999 2732; x_wconf 89' lang='lat' dir='ltr'><strong>enim</strong></span> <span class='ocrx_word' id='word_1_304' title='bbox 1040 2687 1379 2728; x_wconf 89' lang='lat' dir='ltr'><strong>communem</strong></span> <span class='ocrx_word' id='word_1_305' title='bbox 1416 2678 1470 2724; x_wconf 92' lang='lat' dir='ltr'><strong>et</strong></span> <span class='ocrx_word' id='word_1_306' title='bbox 1506 2669 1746 2723; x_wconf 89' lang='lat' dir='ltr'><strong>omnium</strong></span> <span class='ocrx_word' id='word_1_307' title='bbox 1778 2675 1922 2720; x_wconf 85' lang='lat' dir='ltr'><strong>recte</strong></span> <span class='ocrx_word' id='word_1_308' title='bbox 1954 2667 2194 2720; x_wconf 89' lang='lat' dir='ltr'><strong>sentien-</strong></span> 
     </span>
    </p>
   </div>
   <div class='ocr_carea' id='block_1_45' title="bbox 635 2759 2191 2837">
    <p class='ocr_par' dir='ltr' id='par_1_45' title="bbox 635 2759 2191 2837">
     <span class='ocr_line' id='line_1_45' title="bbox 635 2759 2191 2837; baseline -0.008 -13"><span class='ocrx_word' id='word_1_309' title='bbox 635 2771 768 2825; x_wconf 90' lang='lat' dir='ltr'><strong>tium</strong></span> <span class='ocrx_word' id='word_1_310' title='bbox 795 2769 1102 2837; x_wconf 92' lang='lat' dir='ltr'><strong>opinionem</strong></span> <span class='ocrx_word' id='word_1_311' title='bbox 1132 2764 1284 2833; x_wconf 89' lang='lat' dir='ltr'><strong>sequi</strong></span> <span class='ocrx_word' id='word_1_312' title='bbox 1317 2777 1331 2814; x_wconf 92' lang='lat'><strong>:</strong></span> <span class='ocrx_word' id='word_1_313' title='bbox 1363 2776 1554 2814; x_wconf 86' lang='lat' dir='ltr'><strong>novam</strong></span> <span class='ocrx_word' id='word_1_314' title='bbox 1586 2775 1695 2814; x_wconf 79' lang='lat' dir='ltr'><strong>sua:</strong></span> <span class='ocrx_word' id='word_1_315' title='bbox 1734 2760 2018 2814; x_wconf 73' lang='lat' dir='ltr'><strong>sententiae</strong></span> <span class='ocrx_word' id='word_1_316' title='bbox 2051 2759 2191 2812; x_wconf 90' lang='lat' dir='ltr'><strong>viam</strong></span> 
     </span>
    </p>
   </div>
   <div class='ocr_carea' id='block_1_46' title="bbox 634 2849 2191 2922">
    <p class='ocr_par' dir='ltr' id='par_1_46' title="bbox 634 2849 2191 2922">
     <span class='ocr_line' id='line_1_46' title="bbox 634 2849 2191 2922; baseline -0.008 -9"><span class='ocrx_word' id='word_1_317' title='bbox 634 2859 1028 2915; x_wconf 87' lang='lat' dir='ltr'><strong>inconsiderate</strong></span> <span class='ocrx_word' id='word_1_318' title='bbox 1061 2855 1207 2909; x_wconf 91' lang='lat' dir='ltr'><strong>solus</strong></span> <span class='ocrx_word' id='word_1_319' title='bbox 1253 2852 1571 2922; x_wconf 88' lang='lat' dir='ltr'><strong>ingreditur.</strong></span> <span class='ocrx_word' id='word_1_320' title='bbox 1616 2849 1724 2903; x_wconf 85' lang='lat' dir='ltr'><strong>Nos</strong></span> <span class='ocrx_word' id='word_1_321' title='bbox 1771 2850 1941 2914; x_wconf 90' lang='lat' dir='ltr'><strong>enim,</strong></span> <span class='ocrx_word' id='word_1_322' title='bbox 1992 2859 2050 2902; x_wconf 91' lang='lat' dir='ltr'><strong>ut</strong></span> <span class='ocrx_word' id='word_1_323' title='bbox 2082 2849 2191 2917; x_wconf 78' lang='lat' dir='ltr'><strong>iam</strong></span> 
     </span>
    </p>
   </div>
   <div class='ocr_carea' id='block_1_47' title="bbox 634 2939 2196 3019">
    <p class='ocr_par' dir='ltr' id='par_1_47' title="bbox 634 2939 2196 3019">
     <span class='ocr_line' id='line_1_47' title="bbox 634 2939 2196 3019; baseline -0.007 -15"><span class='ocrx_word' id='word_1_324' title='bbox 634 2948 884 3019; x_wconf 69' lang='lat' dir='ltr'><strong>prmfatus</strong></span> <span class='ocrx_word' id='word_1_325' title='bbox 932 2961 1076 3014; x_wconf 91' lang='lat' dir='ltr'><strong>sum,</strong></span> <span class='ocrx_word' id='word_1_326' title='bbox 1111 2946 1238 3000; x_wconf 91' lang='lat' dir='ltr'><strong>illud</strong></span> <span class='ocrx_word' id='word_1_327' title='bbox 1285 2959 1350 2998; x_wconf 83' lang='lat' dir='ltr'><strong>ex</strong></span> <span class='ocrx_word' id='word_1_328' title='bbox 1387 2942 1495 2997; x_wconf 90' lang='lat' dir='ltr'><strong>Deo</strong></span> <span class='ocrx_word' id='word_1_329' title='bbox 1536 2941 1695 2994; x_wconf 84' lang='lat' dir='ltr'><strong>Patre</strong></span> <span class='ocrx_word' id='word_1_330' title='bbox 1733 2939 1984 3006; x_wconf 75' lang='lat' dir='ltr'><strong>Verbum,</strong></span> <span class='ocrx_word' id='word_1_331' title='bbox 2021 2940 2196 2993; x_wconf 86' lang='lat' dir='ltr'><strong>homi-</strong></span> 
     </span>
    </p>
   </div>
   <div class='ocr_carea' id='block_1_48' title="bbox 635 3032 2196 3102">
    <p class='ocr_par' dir='ltr' id='par_1_48' title="bbox 635 3032 2196 3102">
     <span class='ocr_line' id='line_1_48' title="bbox 635 3032 2196 3102; baseline -0.005 -8"><span class='ocrx_word' id='word_1_332' title='bbox 635 3055 754 3094; x_wconf 89' lang='lat' dir='ltr'><strong>nem</strong></span> <span class='ocrx_word' id='word_1_333' title='bbox 790 3039 1011 3102; x_wconf 88' lang='lat' dir='ltr'><strong>factum,</strong></span> <span class='ocrx_word' id='word_1_334' title='bbox 1047 3046 1102 3092; x_wconf 88' lang='lat' dir='ltr'><strong>et</strong></span> <span class='ocrx_word' id='word_1_335' title='bbox 1138 3037 1241 3091; x_wconf 88' lang='lat' dir='ltr'><strong>sibi</strong></span> <span class='ocrx_word' id='word_1_336' title='bbox 1290 3044 1347 3090; x_wconf 92' lang='lat' dir='ltr'><strong>et</strong></span> <span class='ocrx_word' id='word_1_337' title='bbox 1393 3034 1536 3088; x_wconf 90' lang='lat' dir='ltr'><strong>Patri</strong></span> <span class='ocrx_word' id='word_1_338' title='bbox 1588 3033 1924 3088; x_wconf 88' lang='lat' dir='ltr'><strong>sacrificasse</strong></span> <span class='ocrx_word' id='word_1_339' title='bbox 1965 3032 2196 3086; x_wconf 90' lang='lat' dir='ltr'><strong>dicimus</strong></span> 
     </span>
    </p>
   </div>
   <div class='ocr_carea' id='block_1_49' title="bbox 636 3122 2194 3193">
    <p class='ocr_par' dir='ltr' id='par_1_49' title="bbox 636 3122 2194 3193">
     <span class='ocr_line' id='line_1_49' title="bbox 636 3122 2194 3193; baseline -0.008 -7"><span class='ocrx_word' id='word_1_340' title='bbox 636 3133 758 3187; x_wconf 91' lang='lat' dir='ltr'><strong>ﬁdei</strong></span> <span class='ocrx_word' id='word_1_341' title='bbox 792 3142 991 3187; x_wconf 62' lang='lat' dir='ltr'><strong>nostra</strong></span> <span class='ocrx_word' id='word_1_342' title='bbox 1037 3127 1457 3192; x_wconf 89' lang='lat' dir='ltr'><strong>confessionem,</strong></span> <span class='ocrx_word' id='word_1_343' title='bbox 1501 3134 1555 3179; x_wconf 91' lang='lat' dir='ltr'><strong>et</strong></span> <span class='ocrx_word' id='word_1_344' title='bbox 1601 3133 1983 3193; x_wconf 85' lang='lat' dir='ltr'><strong>congruentem</strong></span> <span class='ocrx_word' id='word_1_345' title='bbox 2021 3122 2194 3175; x_wconf 89' lang='lat' dir='ltr'><strong>nulla-</strong></span> 
     </span>
    </p>
   </div>
   <div class='ocr_carea' id='block_1_50' title="bbox 2295 1955 3862 2026">
    <p class='ocr_par' dir='ltr' id='par_1_50' title="bbox 2295 1955 3862 2026">
     <span class='ocr_line' id='line_1_50' title="bbox 2295 1955 3862 2026; baseline 0 -18"><span class='ocrx_word' id='word_1_346' title='bbox 2295 1972 2353 2008; x_wconf 85' lang='grc' dir='ltr'><strong>τε</strong></span> <span class='ocrx_word' id='word_1_347' title='bbox 2410 1956 2502 2008; x_wconf 71' lang='grc' dir='ltr'><strong>καὶ</strong></span> <span class='ocrx_word' id='word_1_348' title='bbox 2552 1956 2770 2018; x_wconf 85' lang='grc' dir='ltr'>πάντως</span> <span class='ocrx_word' id='word_1_349' title='bbox 2829 1955 3211 2023; x_wconf 84' lang='grc' dir='ltr'>ὁμολογήσειεν</span> <span class='ocrx_word' id='word_1_350' title='bbox 3266 1955 3551 2026; x_wconf 81' lang='grc' dir='ltr'>ἀνθρώπου</span> <span class='ocrx_word' id='word_1_351' title='bbox 3610 1957 3862 2024; x_wconf 80' lang='grc' dir='ltr'>γενέσθαι</span> 
     </span>
    </p>
   </div>
   <div class='ocr_carea' id='block_1_51' title="bbox 2299 2043 3864 2114">
    <p class='ocr_par' dir='ltr' id='par_1_51' title="bbox 2299 2043 3864 2114">
     <span class='ocr_line' id='line_1_51' title="bbox 2299 2043 3864 2114; baseline -0.002 -18"><span class='ocrx_word' id='word_1_352' title='bbox 2299 2045 2538 2114; x_wconf 79' lang='grc' dir='ltr'>μνήμην,</span> <span class='ocrx_word' id='word_1_353' title='bbox 2564 2044 2692 2097; x_wconf 81' lang='grc' dir='ltr'>ὅταν</span> <span class='ocrx_word' id='word_1_354' title='bbox 2721 2045 2849 2113; x_wconf 83' lang='grc' dir='ltr'>ἡμῖν</span> <span class='ocrx_word' id='word_1_355' title='bbox 2874 2046 2903 2096; x_wconf 91' lang='lat'><strong>6</strong></span> <span class='ocrx_word' id='word_1_356' title='bbox 2941 2043 3180 2106; x_wconf 79' lang='grc' dir='ltr'>Μωσέως</span> <span class='ocrx_word' id='word_1_357' title='bbox 3207 2043 3430 2113; x_wconf 81' lang='grc' dir='ltr'>ἀδελφὸς</span> <span class='ocrx_word' id='word_1_358' title='bbox 3461 2043 3536 2106; x_wconf 84' lang='grc' dir='ltr'>ὡς</span> <span class='ocrx_word' id='word_1_359' title='bbox 3576 2043 3864 2112; x_wconf 77' lang='grc' dir='ltr'>ἀρχιερεὺς</span> 
     </span>
    </p>
   </div>
   <div class='ocr_carea' id='block_1_52' title="bbox 2296 2132 3864 2205">
    <p class='ocr_par' dir='ltr' id='par_1_52' title="bbox 2296 2132 3864 2205">
     <span class='ocr_line' id='line_1_52' title="bbox 2296 2132 3864 2205; baseline -0.001 -19"><span class='ocrx_word' id='word_1_360' title='bbox 2296 2134 2653 2204; x_wconf 74' lang='grc' dir='ltr'>όνομάζηται;</span> <span class='ocrx_word' id='word_1_361' title='bbox 2698 2134 2858 2187; x_wconf 83' lang='grc' dir='ltr'>Ἀλλά</span> <span class='ocrx_word' id='word_1_362' title='bbox 2885 2134 2994 2205; x_wconf 84' lang='grc' dir='ltr'>γὰρ</span> <span class='ocrx_word' id='word_1_363' title='bbox 3019 2135 3196 2188; x_wconf 92' lang='grc' dir='ltr'>κοινόν</span> <span class='ocrx_word' id='word_1_364' title='bbox 3225 2150 3347 2186; x_wconf 91' lang='grc' dir='ltr'>τινα</span> <span class='ocrx_word' id='word_1_365' title='bbox 3371 2133 3465 2186; x_wconf 80' lang='grc' dir='ltr'>καὶ</span> <span class='ocrx_word' id='word_1_366' title='bbox 3496 2132 3635 2186; x_wconf 86' lang='grc' dir='ltr'><strong>κατά</strong></span> <span class='ocrx_word' id='word_1_367' title='bbox 3665 2133 3864 2196; x_wconf 82' lang='grc' dir='ltr'>παντὸς</span> 
     </span>
    </p>
   </div>
   <div class='ocr_carea' id='block_1_53' title="bbox 2298 2222 3867 2296">
    <p class='ocr_par' dir='ltr' id='par_1_53' title="bbox 2298 2222 3867 2296">
     <span class='ocr_line' id='line_1_53' title="bbox 2298 2222 3867 2296; baseline -0.001 -18"><span class='ocrx_word' id='word_1_368' title='bbox 2298 2224 2597 2296; x_wconf 83' lang='grc' dir='ltr'>ἀρχιερέως</span> <span class='ocrx_word' id='word_1_369' title='bbox 2634 2222 2744 2278; x_wconf 84' lang='grc' dir='ltr'>τῶν</span> <span class='ocrx_word' id='word_1_370' title='bbox 2785 2223 2907 2276; x_wconf 87' lang='grc' dir='ltr'>καθ’</span> <span class='ocrx_word' id='word_1_371' title='bbox 2959 2225 3107 2294; x_wconf 82' lang='grc' dir='ltr'>ἡμᾶς</span> <span class='ocrx_word' id='word_1_372' title='bbox 3159 2223 3304 2276; x_wconf 83' lang='grc' dir='ltr'>ίόντα</span> <span class='ocrx_word' id='word_1_373' title='bbox 3341 2239 3401 2276; x_wconf 88' lang='grc' dir='ltr'><strong>τε</strong></span> <span class='ocrx_word' id='word_1_374' title='bbox 3444 2223 3538 2275; x_wconf 76' lang='grc' dir='ltr'>καὶ</span> <span class='ocrx_word' id='word_1_375' title='bbox 3587 2222 3867 2294; x_wconf 81' lang='grc' dir='ltr'>πρέποντα</span> 
     </span>
    </p>
   </div>
   <div class='ocr_carea' id='block_1_54' title="bbox 2298 2313 3863 2386">
    <p class='ocr_par' dir='ltr' id='par_1_54' title="bbox 2298 2313 3863 2386">
     <span class='ocr_line' id='line_1_54' title="bbox 2298 2313 3863 2386; baseline -0.003 -18"><span class='ocrx_word' id='word_1_376' title='bbox 2298 2315 2571 2386; x_wconf 71' lang='grc' dir='ltr'>προτιθεὶς</span> <span class='ocrx_word' id='word_1_377' title='bbox 2591 2316 2680 2368; x_wconf 82' lang='grc' dir='ltr'><strong>τὸν</strong></span> <span class='ocrx_word' id='word_1_378' title='bbox 2720 2315 2894 2383; x_wconf 87' lang='grc' dir='ltr'>λόγον,</span> <span class='ocrx_word' id='word_1_379' title='bbox 2933 2315 3034 2385; x_wconf 82' lang='grc' dir='ltr'>τῆς</span> <span class='ocrx_word' id='word_1_380' title='bbox 3056 2315 3114 2368; x_wconf 77' lang='grc' dir='ltr'>ὲν</span> <span class='ocrx_word' id='word_1_381' title='bbox 3139 2313 3360 2384; x_wconf 88' lang='grc' dir='ltr'>Χριστῷ</span> <span class='ocrx_word' id='word_1_382' title='bbox 3398 2314 3690 2384; x_wconf 82' lang='grc' dir='ltr'>νοουμένης</span> <span class='ocrx_word' id='word_1_383' title='bbox 3717 2313 3863 2365; x_wconf 86' lang='grc' dir='ltr'>οίκο-</span> 
     </span>
    </p>
   </div>
   <div class='ocr_carea' id='block_1_55' title="bbox 2298 2398 3865 2478">
    <p class='ocr_par' dir='ltr' id='par_1_55' title="bbox 2298 2398 3865 2478">
     <span class='ocr_line' id='line_1_55' title="bbox 2298 2398 3865 2478; baseline -0.002 -20"><span class='ocrx_word' id='word_1_384' title='bbox 2298 2407 2490 2473; x_wconf 90' lang='grc' dir='ltr'>νομίας</span> <span class='ocrx_word' id='word_1_385' title='bbox 2526 2405 2588 2458; x_wconf 82' lang='grc' dir='ltr'><strong>τὸ</strong></span> <span class='ocrx_word' id='word_1_386' title='bbox 2631 2405 2929 2476; x_wconf 80' lang='grc' dir='ltr'>παράδοξον</span> <span class='ocrx_word' id='word_1_387' title='bbox 2962 2405 3260 2478; x_wconf 82' lang='grc' dir='ltr'>παραλύειν</span> <span class='ocrx_word' id='word_1_388' title='bbox 3303 2406 3592 2475; x_wconf 71' lang='grc' dir='ltr'>ἐπιχειρεῖ,</span> <span class='ocrx_word' id='word_1_389' title='bbox 3635 2405 3726 2457; x_wconf 74' lang='grc' dir='ltr'><strong>καὶ</strong></span> <span class='ocrx_word' id='word_1_390' title='bbox 3753 2398 3865 2456; x_wconf 74' lang='grc' dir='ltr'>οἷον</span> 
     </span>
    </p>
   </div>
   <div class='ocr_carea' id='block_1_56' title="bbox 2298 2493 3866 2569">
    <p class='ocr_par' dir='ltr' id='par_1_56' title="bbox 2298 2493 3866 2569">
     <span class='ocr_line' id='line_1_56' title="bbox 2298 2493 3866 2569; baseline -0.003 -19"><span class='ocrx_word' id='word_1_391' title='bbox 2298 2498 2362 2550; x_wconf 79' lang='grc' dir='ltr'>ὲκ</span> <span class='ocrx_word' id='word_1_392' title='bbox 2395 2497 2610 2568; x_wconf 83' lang='grc' dir='ltr'>βάθρων</span> <span class='ocrx_word' id='word_1_393' title='bbox 2639 2497 2816 2550; x_wconf 82' lang='grc' dir='ltr'>αὐτῶν</span> <span class='ocrx_word' id='word_1_394' title='bbox 2838 2497 3144 2551; x_wconf 86' lang='grc' dir='ltr'>κατασείειν</span> <span class='ocrx_word' id='word_1_395' title='bbox 3167 2496 3446 2569; x_wconf 76' lang='grc' dir='ltr'>ἀποτολμᾷ</span> <span class='ocrx_word' id='word_1_396' title='bbox 3469 2495 3529 2548; x_wconf 80' lang='grc' dir='ltr'>τὸ</span> <span class='ocrx_word' id='word_1_397' title='bbox 3550 2494 3690 2548; x_wconf 80' lang='grc' dir='ltr'>θετον</span> <span class='ocrx_word' id='word_1_398' title='bbox 3709 2494 3741 2563; x_wconf 83' lang='grc' dir='ltr'>ή</span> <span class='ocrx_word' id='word_1_399' title='bbox 3749 2493 3866 2563; x_wconf 83' lang='grc' dir='ltr'>μῶν</span> 
     </span>
    </p>
   </div>
   <div class='ocr_carea' id='block_1_57' title="bbox 2304 2584 3867 2658">
    <p class='ocr_par' dir='ltr' id='par_1_57' title="bbox 2304 2584 3867 2658">
     <span class='ocr_line' id='line_1_57' title="bbox 2304 2584 3867 2658; baseline 0.001 -19"><span class='ocrx_word' id='word_1_400' title='bbox 2304 2587 2598 2658; x_wconf 68' lang='grc' dir='ltr'>μυστήριον</span> <span class='ocrx_word' id='word_1_401' title='bbox 2619 2603 2633 2617; x_wconf 86' lang='grc'><strong>·</strong></span> <span class='ocrx_word' id='word_1_402' title='bbox 2669 2587 2770 2640; x_wconf 82' lang='grc' dir='ltr'><strong>οὐκ</strong></span> <span class='ocrx_word' id='word_1_403' title='bbox 2798 2587 3012 2653; x_wconf 74' lang='grc' dir='ltr'>ἐννοῶν,</span> <span class='ocrx_word' id='word_1_404' title='bbox 3052 2588 3134 2640; x_wconf 81' lang='grc' dir='ltr'>ὅτι</span> <span class='ocrx_word' id='word_1_405' title='bbox 3161 2585 3552 2657; x_wconf 71' lang='grc' dir='ltr'>τεθεμελίωκεν</span> <span class='ocrx_word' id='word_1_406' title='bbox 3573 2588 3604 2641; x_wconf 86' lang='grc' dir='ltr'><strong>ό</strong></span> <span class='ocrx_word' id='word_1_407' title='bbox 3623 2584 3867 2658; x_wconf 61' lang='grc' dir='ltr'>Χριστὸς</span> 
     </span>
    </p>
   </div>
   <div class='ocr_carea' id='block_1_58' title="bbox 2298 2676 3870 2750">
    <p class='ocr_par' dir='ltr' id='par_1_58' title="bbox 2298 2676 3870 2750">
     <span class='ocr_line' id='line_1_58' title="bbox 2298 2676 3870 2750; baseline -0.001 -19"><span class='ocrx_word' id='word_1_408' title='bbox 2298 2679 2391 2731; x_wconf 75' lang='grc' dir='ltr'><strong>ἐπὶ</strong></span> <span class='ocrx_word' id='word_1_409' title='bbox 2421 2677 2625 2748; x_wconf 85' lang='grc' dir='ltr'>πέτραν</span> <span class='ocrx_word' id='word_1_410' title='bbox 2643 2677 2743 2750; x_wconf 81' lang='grc' dir='ltr'><strong>τὴν</strong></span> <span class='ocrx_word' id='word_1_411' title='bbox 2784 2677 3110 2747; x_wconf 85' lang='grc' dir='ltr'>Ἐκκλησίαν</span> <span class='ocrx_word' id='word_1_412' title='bbox 3129 2693 3142 2707; x_wconf 88' lang='grc'><strong>·</strong></span> <span class='ocrx_word' id='word_1_413' title='bbox 3173 2676 3268 2732; x_wconf 75' lang='grc' dir='ltr'><strong>καὶ</strong></span> <span class='ocrx_word' id='word_1_414' title='bbox 3293 2678 3457 2731; x_wconf 83' lang='grc' dir='ltr'>πύλαι</span> <span class='ocrx_word' id='word_1_415' title='bbox 3478 2678 3602 2749; x_wconf 65' lang='grc' dir='ltr'>ᾅδου</span> <span class='ocrx_word' id='word_1_416' title='bbox 3633 2678 3693 2730; x_wconf 82' lang='grc' dir='ltr'><strong>ού</strong></span> <span class='ocrx_word' id='word_1_417' title='bbox 3738 2692 3870 2730; x_wconf 86' lang='grc' dir='ltr'>κατ-</span> 
     </span>
    </p>
   </div>
   <div class='ocr_carea' id='block_1_59' title="bbox 2301 2769 3867 2841">
    <p class='ocr_par' dir='ltr' id='par_1_59' title="bbox 2301 2769 3867 2841">
     <span class='ocr_line' id='line_1_59' title="bbox 2301 2769 3867 2841; baseline -0.003 -18"><span class='ocrx_word' id='word_1_418' title='bbox 2301 2769 2611 2841; x_wconf 86' lang='grc' dir='ltr'>ισχύσουσιν</span> <span class='ocrx_word' id='word_1_419' title='bbox 2661 2771 2852 2838; x_wconf 77' lang='grc' dir='ltr'>αὐτῆς.</span> <span class='ocrx_word' id='word_1_420' title='bbox 2889 2770 3124 2824; x_wconf 83' lang='grc' dir='ltr'>’Ήκιστα</span> <span class='ocrx_word' id='word_1_421' title='bbox 3148 2770 3246 2840; x_wconf 86' lang='grc' dir='ltr'>μὲν</span> <span class='ocrx_word' id='word_1_422' title='bbox 3286 2771 3395 2841; x_wconf 85' lang='grc' dir='ltr'>γὰρ</span> <span class='ocrx_word' id='word_1_423' title='bbox 3442 2770 3583 2834; x_wconf 78' lang='grc' dir='ltr'><strong>ἀξιοὶ¹</strong></span> <span class='ocrx_word' id='word_1_424' title='bbox 3613 2771 3681 2839; x_wconf 79' lang='grc' dir='ltr'>τῇ</span> <span class='ocrx_word' id='word_1_425' title='bbox 3714 2771 3867 2838; x_wconf 75' lang='grc' dir='ltr'>κοινῇ</span> 
     </span>
    </p>
   </div>
   <div class='ocr_carea' id='block_1_60' title="bbox 2300 2858 3868 2930">
    <p class='ocr_par' dir='ltr' id='par_1_60' title="bbox 2300 2858 3868 2930">
     <span class='ocr_line' id='line_1_60' title="bbox 2300 2858 3868 2930; baseline -0.001 -19"><span class='ocrx_word' id='word_1_426' title='bbox 2300 2859 2394 2912; x_wconf 76' lang='grc' dir='ltr'>καὶ</span> <span class='ocrx_word' id='word_1_427' title='bbox 2442 2859 2696 2913; x_wconf 88' lang='grc' dir='ltr'>ἀπάντων</span> <span class='ocrx_word' id='word_1_428' title='bbox 2741 2859 2847 2911; x_wconf 87' lang='grc' dir='ltr'><strong>τῶν</strong></span> <span class='ocrx_word' id='word_1_429' title='bbox 2887 2859 3019 2929; x_wconf 84' lang='grc' dir='ltr'>ὀρθά</span> <span class='ocrx_word' id='word_1_430' title='bbox 3065 2862 3279 2930; x_wconf 78' lang='grc' dir='ltr'>φρονεῖν</span> <span class='ocrx_word' id='word_1_431' title='bbox 3326 2859 3592 2913; x_wconf 77' lang='grc' dir='ltr'>εἰωθότων</span> <span class='ocrx_word' id='word_1_432' title='bbox 3637 2858 3868 2911; x_wconf 70' lang='grc' dir='ltr'>ἕπεσθαι</span> 
     </span>
    </p>
   </div>
   <div class='ocr_carea' id='block_1_61' title="bbox 2300 2948 3863 3022">
    <p class='ocr_par' dir='ltr' id='par_1_61' title="bbox 2300 2948 3863 3022">
     <span class='ocr_line' id='line_1_61' title="bbox 2300 2948 3863 3022; baseline -0.001 -19"><span class='ocrx_word' id='word_1_433' title='bbox 2300 2950 2446 3022; x_wconf 70' lang='grc' dir='ltr'>δόξῃ*</span> <span class='ocrx_word' id='word_1_434' title='bbox 2473 2953 2785 3019; x_wconf 82' lang='grc' dir='ltr'>καινοτομεϊ</span> <span class='ocrx_word' id='word_1_435' title='bbox 2832 2951 2923 3003; x_wconf 73' lang='grc' dir='ltr'>καὶ</span> <span class='ocrx_word' id='word_1_436' title='bbox 2966 2951 3123 3020; x_wconf 88' lang='grc' dir='ltr'>μόνος</span> <span class='ocrx_word' id='word_1_437' title='bbox 3168 2951 3542 3014; x_wconf 88' lang='grc' dir='ltr'>ἀϐασανίστως</span> <span class='ocrx_word' id='word_1_438' title='bbox 3569 2951 3630 3004; x_wconf 85' lang='grc' dir='ltr'>τὸ</span> <span class='ocrx_word' id='word_1_439' title='bbox 3656 2948 3863 3004; x_wconf 81' lang='grc' dir='ltr'>δοκοῦν.</span> 
     </span>
    </p>
   </div>
   <div class='ocr_carea' id='block_1_62' title="bbox 2311 3039 3866 3114">
    <p class='ocr_par' dir='ltr' id='par_1_62' title="bbox 2311 3039 3866 3114">
     <span class='ocr_line' id='line_1_62' title="bbox 2311 3039 3866 3114; baseline -0.001 -20"><span class='ocrx_word' id='word_1_440' title='bbox 2311 3042 2502 3112; x_wconf 81' lang='grc' dir='ltr'>Ἡμεῖς</span> <span class='ocrx_word' id='word_1_441' title='bbox 2534 3043 2629 3111; x_wconf 85' lang='grc' dir='ltr'><strong>μὲν</strong></span> <span class='ocrx_word' id='word_1_442' title='bbox 2659 3043 2787 3112; x_wconf 88' lang='grc' dir='ltr'>γὰρ,</span> <span class='ocrx_word' id='word_1_443' title='bbox 2819 3043 3068 3114; x_wconf 84' lang='grc' dir='ltr'>καθάπερ</span> <span class='ocrx_word' id='word_1_444' title='bbox 3092 3044 3189 3114; x_wconf 76' lang='grc' dir='ltr'>ήδη</span> <span class='ocrx_word' id='word_1_445' title='bbox 3217 3045 3493 3112; x_wconf 86' lang='grc' dir='ltr'>προεῖπον,</span> <span class='ocrx_word' id='word_1_446' title='bbox 3513 3042 3603 3096; x_wconf 87' lang='grc' dir='ltr'><strong>τὸν</strong></span> <span class='ocrx_word' id='word_1_447' title='bbox 3640 3044 3704 3096; x_wconf 82' lang='grc' dir='ltr'>ὲκ</span> <span class='ocrx_word' id='word_1_448' title='bbox 3733 3039 3866 3094; x_wconf 83' lang='grc' dir='ltr'>Θεόῦ</span> 
     </span>
    </p>
   </div>
   <div class='ocr_carea' id='block_1_63' title="bbox 2303 3130 3868 3204">
    <p class='ocr_par' dir='ltr' id='par_1_63' title="bbox 2303 3130 3868 3204">
     <span class='ocr_line' id='line_1_63' title="bbox 2303 3130 3868 3204; baseline -0.002 -19"><span class='ocrx_word' id='word_1_449' title='bbox 2303 3133 2513 3204; x_wconf 84' lang='grc' dir='ltr'>Πατρὸς</span> <span class='ocrx_word' id='word_1_450' title='bbox 2545 3133 2717 3200; x_wconf 88' lang='grc' dir='ltr'>Λόγον</span> <span class='ocrx_word' id='word_1_451' title='bbox 2744 3132 3027 3203; x_wconf 78' lang='grc' dir='ltr'>ἄνθρωπον</span> <span class='ocrx_word' id='word_1_452' title='bbox 3057 3134 3346 3201; x_wconf 88' lang='grc' dir='ltr'>γεγονότα,</span> <span class='ocrx_word' id='word_1_453' title='bbox 3392 3133 3484 3185; x_wconf 76' lang='grc' dir='ltr'><strong>καὶ</strong></span> <span class='ocrx_word' id='word_1_454' title='bbox 3515 3130 3868 3202; x_wconf 81' lang='grc' dir='ltr'>ίερουργῆσαί</span> 
     </span>
    </p>
   </div>
   <div class='ocr_carea' id='block_1_64' title="bbox 633 3199 2194 3295">
    <p class='ocr_par' dir='ltr' id='par_1_64' title="bbox 633 3215 2192 3295">
     <span class='ocr_line' id='line_1_64' title="bbox 633 3215 2192 3295; baseline -0.008 -16"><span class='ocrx_word' id='word_1_455' title='bbox 633 3239 740 3295; x_wconf 82' lang='lat' dir='ltr'><strong>que</strong></span> <span class='ocrx_word' id='word_1_456' title='bbox 769 3237 835 3277; x_wconf 79' lang='lat' dir='ltr'><strong>ex</strong></span> <span class='ocrx_word' id='word_1_457' title='bbox 868 3231 1017 3293; x_wconf 90' lang='lat' dir='ltr'><strong>parte</strong></span> <span class='ocrx_word' id='word_1_458' title='bbox 1043 3235 1074 3275; x_wconf 85' lang='lat' dir='ltr'><strong>a</strong></span> <span class='ocrx_word' id='word_1_459' title='bbox 1103 3233 1351 3273; x_wconf 90' lang='lat' dir='ltr'><strong>mensura</strong></span> <span class='ocrx_word' id='word_1_460' title='bbox 1385 3216 1766 3272; x_wconf 81' lang='lat' dir='ltr'><strong>exinanitionis</strong></span> <span class='ocrx_word' id='word_1_461' title='bbox 1799 3215 2192 3282; x_wconf 85' lang='lat' dir='ltr'><strong>discrepantem</strong></span> 
     </span>
    </p>
   </div>
   <div class='ocr_carea' id='block_1_65' title="bbox 2301 3199 3870 3295">
    <p class='ocr_par' dir='ltr' id='par_1_65' title="bbox 2305 3199 3870 3292">
     <span class='ocr_line' id='line_1_65' title="bbox 2305 3199 3870 3292; baseline -0.003 -17"><span class='ocrx_word' id='word_1_462' title='bbox 2305 3199 2483 3292; x_wconf 81' lang='grc' dir='ltr'>φαμεν</span> <span class='ocrx_word' id='word_1_463' title='bbox 2515 3199 2690 3291; x_wconf 76' lang='grc' dir='ltr'>ἐαυτῷ</span> <span class='ocrx_word' id='word_1_464' title='bbox 2733 3221 2823 3273; x_wconf 77' lang='grc' dir='ltr'><strong>καὶ</strong></span> <span class='ocrx_word' id='word_1_465' title='bbox 2973 3199 3144 3292; x_wconf 60' lang='grc' dir='ltr'>Πατρί</span> <span class='ocrx_word' id='word_1_466' title='bbox 3175 3222 3272 3292; x_wconf 86' lang='grc' dir='ltr'>τῆς</span> <span class='ocrx_word' id='word_1_467' title='bbox 3313 3222 3546 3282; x_wconf 85' lang='grc' dir='ltr'>πίστεως</span> <span class='ocrx_word' id='word_1_468' title='bbox 3570 3199 3730 3290; x_wconf 26' lang='grc' dir='ltr'>*ἡμῶν</span> <span class='ocrx_word' id='word_1_469' title='bbox 3763 3199 3870 3290; x_wconf 79' lang='grc' dir='ltr'>τὴν</span> 
     </span>
    </p>
   </div>
   <div class='ocr_carea' id='block_1_66' title="bbox 634 3305 2197 3386">
    <p class='ocr_par' dir='ltr' id='par_1_66' title="bbox 634 3305 2197 3386">
     <span class='ocr_line' id='line_1_66' title="bbox 634 3305 2197 3386; baseline -0.008 -16"><span class='ocrx_word' id='word_1_470' title='bbox 634 3316 868 3386; x_wconf 76' lang='lat' dir='ltr'><strong>gessisse</strong></span> <span class='ocrx_word' id='word_1_471' title='bbox 915 3311 1396 3382; x_wconf 85' lang='lat' dir='ltr'><strong>dispensationem.</strong></span> <span class='ocrx_word' id='word_1_472' title='bbox 1448 3309 1554 3362; x_wconf 85' lang='lat' dir='ltr'><strong>Sed</strong></span> <span class='ocrx_word' id='word_1_473' title='bbox 1601 3323 1710 3361; x_wconf 90' lang='lat' dir='ltr'><strong>non</strong></span> <span class='ocrx_word' id='word_1_474' title='bbox 1756 3305 1831 3360; x_wconf 90' lang='lat' dir='ltr'><strong>illi</strong></span> <span class='ocrx_word' id='word_1_475' title='bbox 1878 3305 1994 3358; x_wconf 68' lang='lat' dir='ltr'><strong>haec</strong></span> <span class='ocrx_word' id='word_1_476' title='bbox 2028 3305 2099 3359; x_wconf 90' lang='lat' dir='ltr'><strong>ita</strong></span> <span class='ocrx_word' id='word_1_477' title='bbox 2139 3318 2197 3358; x_wconf 91' lang='lat' dir='ltr'><strong>se</strong></span> 
     </span>
    </p>
   </div>
   <div class='ocr_carea' id='block_1_67' title="bbox 635 3393 2198 3464">
    <p class='ocr_par' dir='ltr' id='par_1_67' title="bbox 635 3393 2198 3464">
     <span class='ocr_line' id='line_1_67' title="bbox 635 3393 2198 3464; baseline -0.009 -5"><span class='ocrx_word' id='word_1_478' title='bbox 635 3405 837 3460; x_wconf 85' lang='lat' dir='ltr'><strong>habere</strong></span> <span class='ocrx_word' id='word_1_479' title='bbox 874 3402 1144 3464; x_wconf 86' lang='lat' dir='ltr'><strong>videntur,</strong></span> <span class='ocrx_word' id='word_1_480' title='bbox 1176 3400 1270 3454; x_wconf 91' lang='lat' dir='ltr'><strong>sed</strong></span> <span class='ocrx_word' id='word_1_481' title='bbox 1318 3398 1407 3451; x_wconf 88' lang='lat' dir='ltr'><strong>ubi</strong></span> <span class='ocrx_word' id='word_1_482' title='bbox 1440 3396 1692 3464; x_wconf 82' lang='lat' dir='ltr'><strong>privatim</strong></span> <span class='ocrx_word' id='word_1_483' title='bbox 1743 3409 1806 3448; x_wconf 91' lang='lat' dir='ltr'><strong>ac</strong></span> <span class='ocrx_word' id='word_1_484' title='bbox 1845 3395 2072 3448; x_wconf 89' lang='lat' dir='ltr'><strong>seorsim</strong></span> <span class='ocrx_word' id='word_1_485' title='bbox 2115 3393 2198 3446; x_wconf 91' lang='lat' dir='ltr'><strong>di-</strong></span> 
     </span>
    </p>
   </div>
   <div class='ocr_carea' id='block_1_68' title="bbox 634 3487 2196 3561">
    <p class='ocr_par' dir='ltr' id='par_1_68' title="bbox 634 3487 2196 3561">
     <span class='ocr_line' id='line_1_68' title="bbox 634 3487 2196 3561; baseline -0.008 -9"><span class='ocrx_word' id='word_1_486' title='bbox 634 3496 845 3558; x_wconf 79' lang='lat' dir='ltr'><strong>5tinxit,</strong></span> <span class='ocrx_word' id='word_1_487' title='bbox 881 3503 1132 3561; x_wconf 87' lang='lat' dir='ltr'><strong>tanquam</strong></span> <span class='ocrx_word' id='word_1_488' title='bbox 1175 3491 1312 3544; x_wconf 90' lang='lat' dir='ltr'><strong>alius</strong></span> <span class='ocrx_word' id='word_1_489' title='bbox 1353 3489 1424 3543; x_wconf 90' lang='lat' dir='ltr'><strong>sit</strong></span> <span class='ocrx_word' id='word_1_490' title='bbox 1463 3488 1711 3542; x_wconf 89' lang='lat' dir='ltr'><strong>Christus</strong></span> <span class='ocrx_word' id='word_1_491' title='bbox 1759 3487 1850 3540; x_wconf 89' lang='lat' dir='ltr'><strong>ille</strong></span> <span class='ocrx_word' id='word_1_492' title='bbox 1892 3501 1957 3540; x_wconf 82' lang='lat' dir='ltr'><strong>ex</strong></span> <span class='ocrx_word' id='word_1_493' title='bbox 2009 3495 2196 3539; x_wconf 88' lang='lat' dir='ltr'><strong>sancta</strong></span> 
     </span>
    </p>
   </div>
   <div class='ocr_carea' id='block_1_69' title="bbox 634 3573 2198 3652">
    <p class='ocr_par' dir='ltr' id='par_1_69' title="bbox 634 3573 2198 3652">
     <span class='ocr_line' id='line_1_69' title="bbox 634 3573 2198 3652; baseline -0.006 -14"><span class='ocrx_word' id='word_1_494' title='bbox 634 3583 854 3652; x_wconf 68' lang='lat' dir='ltr'><strong>Virgine</strong></span> <span class='ocrx_word' id='word_1_495' title='bbox 904 3582 971 3636; x_wconf 87' lang='lat' dir='ltr'><strong>ab</strong></span> <span class='ocrx_word' id='word_1_496' title='bbox 1012 3581 1105 3635; x_wconf 90' lang='lat' dir='ltr'><strong>illo</strong></span> <span class='ocrx_word' id='word_1_497' title='bbox 1149 3595 1213 3632; x_wconf 81' lang='lat' dir='ltr'><strong>ex</strong></span> <span class='ocrx_word' id='word_1_498' title='bbox 1254 3581 1362 3633; x_wconf 88' lang='lat' dir='ltr'><strong>Deo</strong></span> <span class='ocrx_word' id='word_1_499' title='bbox 1403 3579 1562 3631; x_wconf 90' lang='lat' dir='ltr'><strong>Patre</strong></span> <span class='ocrx_word' id='word_1_500' title='bbox 1591 3575 1789 3638; x_wconf 81' lang='lat' dir='ltr'><strong>Verbo,</strong></span> <span class='ocrx_word' id='word_1_501' title='bbox 1827 3575 1994 3643; x_wconf 87' lang='lat' dir='ltr'><strong>ipsum</strong></span> <span class='ocrx_word' id='word_1_502' title='bbox 2033 3573 2198 3628; x_wconf 90' lang='lat' dir='ltr'><strong>fuisse</strong></span> 
     </span>
    </p>
   </div>
   <div class='ocr_carea' id='block_1_70' title="bbox 636 3665 2199 3742">
    <p class='ocr_par' dir='ltr' id='par_1_70' title="bbox 636 3665 2199 3742">
     <span class='ocr_line' id='line_1_70' title="bbox 636 3665 2199 3742; baseline -0.008 -12"><span class='ocrx_word' id='word_1_503' title='bbox 636 3676 835 3729; x_wconf 85' lang='lat' dir='ltr'><strong>asserit</strong></span> <span class='ocrx_word' id='word_1_504' title='bbox 883 3673 1197 3742; x_wconf 83' lang='lat' dir='ltr'><strong>Apostolum</strong></span> <span class='ocrx_word' id='word_1_505' title='bbox 1242 3680 1298 3725; x_wconf 89' lang='lat' dir='ltr'><strong>et</strong></span> <span class='ocrx_word' id='word_1_506' title='bbox 1344 3669 1661 3724; x_wconf 84' lang='lat' dir='ltr'><strong>Pontiﬁcem</strong></span> <span class='ocrx_word' id='word_1_507' title='bbox 1697 3665 2053 3720; x_wconf 87' lang='lat' dir='ltr'><strong>confessionis</strong></span> <span class='ocrx_word' id='word_1_508' title='bbox 2102 3680 2199 3718; x_wconf 88' lang='lat' dir='ltr'><strong>no-</strong></span> 
     </span>
    </p>
   </div>
   <div class='ocr_carea' id='block_1_71' title="bbox 635 3759 2196 3831">
    <p class='ocr_par' dir='ltr' id='par_1_71' title="bbox 635 3759 2196 3831">
     <span class='ocr_line' id='line_1_71' title="bbox 635 3759 2196 3831; baseline -0.01 -10"><span class='ocrx_word' id='word_1_509' title='bbox 635 3776 764 3825; x_wconf 75' lang='lat' dir='ltr'><strong>strae</strong></span> <span class='ocrx_word' id='word_1_510' title='bbox 785 3765 853 3829; x_wconf 82' lang='grc'><strong>’⁷,</strong></span> <span class='ocrx_word' id='word_1_511' title='bbox 903 3777 1068 3831; x_wconf 83' lang='lat' dir='ltr'><strong>seque</strong></span> <span class='ocrx_word' id='word_1_512' title='bbox 1114 3763 1201 3831; x_wconf 90' lang='lat' dir='ltr'><strong>pie</strong></span> <span class='ocrx_word' id='word_1_513' title='bbox 1249 3761 1606 3830; x_wconf 81' lang='lat' dir='ltr'><strong>religioseque</strong></span> <span class='ocrx_word' id='word_1_514' title='bbox 1640 3759 1844 3812; x_wconf 89' lang='lat' dir='ltr'><strong>sentire</strong></span> <span class='ocrx_word' id='word_1_515' title='bbox 1877 3765 2027 3824; x_wconf 87' lang='lat' dir='ltr'><strong>putat</strong></span> <span class='ocrx_word' id='word_1_516' title='bbox 2075 3769 2196 3808; x_wconf 87' lang='lat' dir='ltr'><strong>cum</strong></span> 
     </span>
    </p>
   </div>
   <div class='ocr_carea' id='block_1_72' title="bbox 638 3843 2198 3919">
    <p class='ocr_par' dir='ltr' id='par_1_72' title="bbox 638 3843 2198 3919">
     <span class='ocr_line' id='line_1_72' title="bbox 638 3843 2198 3919; baseline -0.01 -8"><span class='ocrx_word' id='word_1_517' title='bbox 638 3859 756 3911; x_wconf 86' lang='lat' dir='ltr'><strong>ait:</strong></span> <span class='ocrx_word' id='word_1_518' title='bbox 787 3855 842 3909; x_wconf 93' lang='lat' dir='ltr'><strong>Si</strong></span> <span class='ocrx_word' id='word_1_519' title='bbox 877 3853 1018 3907; x_wconf 87' lang='lat' dir='ltr'><strong>Deus</strong></span> <span class='ocrx_word' id='word_1_520' title='bbox 1043 3862 1127 3906; x_wconf 91' lang='lat' dir='ltr'><strong>est</strong></span> <span class='ocrx_word' id='word_1_521' title='bbox 1172 3851 1259 3905; x_wconf 92' lang='lat' dir='ltr'><strong>ille</strong></span> <span class='ocrx_word' id='word_1_522' title='bbox 1291 3851 1382 3919; x_wconf 87' lang='lat' dir='ltr'><strong>qui</strong></span> <span class='ocrx_word' id='word_1_523' title='bbox 1427 3849 1603 3911; x_wconf 73' lang='lat' dir='ltr'><strong>offert,</strong></span> <span class='ocrx_word' id='word_1_524' title='bbox 1637 3847 1812 3900; x_wconf 91' lang='lat' dir='ltr'><strong>nullus</strong></span> <span class='ocrx_word' id='word_1_525' title='bbox 1842 3854 1925 3898; x_wconf 70' lang='lat' dir='ltr'><strong>est</strong></span> <span class='ocrx_word' id='word_1_526' title='bbox 1949 3844 2034 3898; x_wconf 90' lang='lat' dir='ltr'><strong>cui</strong></span> <span class='ocrx_word' id='word_1_527' title='bbox 2065 3843 2198 3897; x_wconf 83' lang='lat' dir='ltr'><strong>offc-</strong></span> 
     </span>
    </p>
   </div>
   <div class='ocr_carea' id='block_1_73' title="bbox 636 3937 2195 4012">
    <p class='ocr_par' dir='ltr' id='par_1_73' title="bbox 636 3937 2195 4012">
     <span class='ocr_line' id='line_1_73' title="bbox 636 3937 2195 4012; baseline -0.008 -10"><span class='ocrx_word' id='word_1_528' title='bbox 636 3957 789 4002; x_wconf 87' lang='lat' dir='ltr'><strong>ratur</strong></span> <span class='ocrx_word' id='word_1_529' title='bbox 817 3962 832 3999; x_wconf 81' lang='lat' dir='ltr'><strong><em>z</em></strong></span> <span class='ocrx_word' id='word_1_530' title='bbox 865 3943 989 4012; x_wconf 88' lang='lat' dir='ltr'><strong>quid</strong></span> <span class='ocrx_word' id='word_1_531' title='bbox 1014 3943 1157 3997; x_wconf 90' lang='lat' dir='ltr'><strong>enim</strong></span> <span class='ocrx_word' id='word_1_532' title='bbox 1185 3941 1466 3995; x_wconf 87' lang='lat' dir='ltr'><strong>divinitate</strong></span> <span class='ocrx_word' id='word_1_533' title='bbox 1489 3941 1707 4008; x_wconf 82' lang='lat' dir='ltr'><strong>dignum</strong></span> <span class='ocrx_word' id='word_1_534' title='bbox 1737 3937 1829 3999; x_wconf 89' lang='lat' dir='ltr'><strong>sit,</strong></span> <span class='ocrx_word' id='word_1_535' title='bbox 1857 3946 1914 3989; x_wconf 92' lang='lat' dir='ltr'><strong>ut</strong></span> <span class='ocrx_word' id='word_1_536' title='bbox 1943 3948 2195 4004; x_wconf 89' lang='lat' dir='ltr'><strong>tanquam</strong></span> 
     </span>
    </p>
   </div>
   <div class='ocr_carea' id='block_1_74' title="bbox 639 4030 2196 4104">
    <p class='ocr_par' dir='ltr' id='par_1_74' title="bbox 639 4030 2196 4104">
     <span class='ocr_line' id='line_1_74' title="bbox 639 4030 2196 4104; baseline -0.01 -8"><span class='ocrx_word' id='word_1_537' title='bbox 639 4040 862 4097; x_wconf 86' lang='lat' dir='ltr'><strong>inferior</strong></span> <span class='ocrx_word' id='word_1_538' title='bbox 896 4036 1082 4104; x_wconf 85' lang='lat' dir='ltr'><strong>majori</strong></span> <span class='ocrx_word' id='word_1_539' title='bbox 1122 4033 1348 4089; x_wconf 75' lang='lat' dir='ltr'><strong>offerat?</strong></span> <span class='ocrx_word' id='word_1_540' title='bbox 1388 4033 1492 4087; x_wconf 89' lang='lat' dir='ltr'><strong>Sed</strong></span> <span class='ocrx_word' id='word_1_541' title='bbox 1541 4032 1585 4086; x_wconf 91' lang='lat' dir='ltr'><strong>si</strong></span> <span class='ocrx_word' id='word_1_542' title='bbox 1621 4032 1742 4100; x_wconf 90' lang='lat' dir='ltr'><strong>quis</strong></span> <span class='ocrx_word' id='word_1_543' title='bbox 1769 4039 1911 4084; x_wconf 89' lang='lat' dir='ltr'><strong>esset</strong></span> <span class='ocrx_word' id='word_1_544' title='bbox 1944 4030 2032 4097; x_wconf 92' lang='lat' dir='ltr'><strong>qui</strong></span> <span class='ocrx_word' id='word_1_545' title='bbox 2065 4043 2196 4081; x_wconf 92' lang='lat' dir='ltr'><strong>con-</strong></span> 
     </span>
    </p>
   </div>
   <div class='ocr_carea' id='block_1_75' title="bbox 639 4118 2200 4193">
    <p class='ocr_par' dir='ltr' id='par_1_75' title="bbox 639 4118 2200 4193">
     <span class='ocr_line' id='line_1_75' title="bbox 639 4118 2200 4193; baseline -0.01 -8"><span class='ocrx_word' id='word_1_546' title='bbox 639 4132 885 4186; x_wconf 87' lang='lat' dir='ltr'><strong>tenderet</strong></span> <span class='ocrx_word' id='word_1_547' title='bbox 914 4144 976 4183; x_wconf 88' lang='lat' dir='ltr'><strong>ac</strong></span> <span class='ocrx_word' id='word_1_548' title='bbox 1007 4129 1229 4189; x_wconf 88' lang='lat' dir='ltr'><strong>diceret,</strong></span> <span class='ocrx_word' id='word_1_549' title='bbox 1265 4127 1438 4193; x_wconf 91' lang='lat' dir='ltr'><strong>ipsum</strong></span> <span class='ocrx_word' id='word_1_550' title='bbox 1474 4137 1597 4176; x_wconf 87' lang='lat' dir='ltr'><strong>vere</strong></span> <span class='ocrx_word' id='word_1_551' title='bbox 1624 4137 1689 4175; x_wconf 83' lang='lat' dir='ltr'><strong>ex</strong></span> <span class='ocrx_word' id='word_1_552' title='bbox 1735 4121 1840 4174; x_wconf 89' lang='lat' dir='ltr'><strong>Deo</strong></span> <span class='ocrx_word' id='word_1_553' title='bbox 1866 4118 2023 4173; x_wconf 87' lang='lat' dir='ltr'><strong>Patre</strong></span> <span class='ocrx_word' id='word_1_554' title='bbox 2050 4121 2200 4188; x_wconf 84' lang='lat' dir='ltr'><strong>geni-</strong></span> 
     </span>
    </p>
   </div>
   <div class='ocr_carea' id='block_1_76' title="bbox 639 4209 2197 4282">
    <p class='ocr_par' dir='ltr' id='par_1_76' title="bbox 639 4209 2197 4282">
     <span class='ocr_line' id='line_1_76' title="bbox 639 4209 2197 4282; baseline -0.008 -7"><span class='ocrx_word' id='word_1_555' title='bbox 639 4233 749 4276; x_wconf 84' lang='lat' dir='ltr'><strong>tum</strong></span> <span class='ocrx_word' id='word_1_556' title='bbox 779 4219 1014 4274; x_wconf 76' lang='lat' dir='ltr'><strong>Verbum</strong></span> <span class='ocrx_word' id='word_1_557' title='bbox 1061 4217 1222 4271; x_wconf 86' lang='lat' dir='ltr'><strong>etiam</strong></span> <span class='ocrx_word' id='word_1_558' title='bbox 1264 4225 1546 4282; x_wconf 89' lang='lat' dir='ltr'><strong>antequam</strong></span> <span class='ocrx_word' id='word_1_559' title='bbox 1585 4213 1742 4265; x_wconf 90' lang='lat' dir='ltr'><strong>homo</strong></span> <span class='ocrx_word' id='word_1_560' title='bbox 1794 4210 1967 4274; x_wconf 90' lang='lat' dir='ltr'><strong>ﬁeret,</strong></span> <span class='ocrx_word' id='word_1_561' title='bbox 2001 4209 2066 4262; x_wconf 90' lang='lat' dir='ltr'><strong>ad</strong></span> <span class='ocrx_word' id='word_1_562' title='bbox 2108 4224 2197 4262; x_wconf 80' lang='lat' dir='ltr'><strong>sa-</strong></span> 
     </span>
    </p>
   </div>
   <div class='ocr_carea' id='block_1_77' title="bbox 640 4300 2197 4368">
    <p class='ocr_par' dir='ltr' id='par_1_77' title="bbox 640 4300 2197 4368">
     <span class='ocr_line' id='line_1_77' title="bbox 640 4300 2197 4368; baseline -0.011 0"><span class='ocrx_word' id='word_1_563' title='bbox 640 4313 862 4368; x_wconf 84' lang='lat' dir='ltr'><strong>cerdOtii</strong></span> <span class='ocrx_word' id='word_1_564' title='bbox 916 4325 1112 4365; x_wconf 86' lang='lat' dir='ltr'><strong>mnnns</strong></span> <span class='ocrx_word' id='word_1_565' title='bbox 1158 4323 1276 4363; x_wconf 88' lang='lat' dir='ltr'><strong>esse</strong></span> <span class='ocrx_word' id='word_1_566' title='bbox 1317 4307 1657 4367; x_wconf 88' lang='lat' dir='ltr'><strong>collocatum,</strong></span> <span class='ocrx_word' id='word_1_567' title='bbox 1708 4312 1763 4356; x_wconf 92' lang='lat' dir='ltr'><strong>et</strong></span> <span class='ocrx_word' id='word_1_568' title='bbox 1807 4304 1859 4356; x_wconf 92' lang='lat' dir='ltr'><strong>in</strong></span> <span class='ocrx_word' id='word_1_569' title='bbox 1910 4300 2197 4354; x_wconf 87' lang='lat' dir='ltr'><strong>ministerii</strong></span> 
     </span>
    </p>
   </div>
   <div class='ocr_carea' id='block_1_78' title="bbox 639 4392 2196 4460">
    <p class='ocr_par' dir='ltr' id='par_1_78' title="bbox 639 4392 2196 4460">
     <span class='ocr_line' id='line_1_78' title="bbox 639 4392 2196 4460; baseline -0.01 -2"><span class='ocrx_word' id='word_1_570' title='bbox 639 4404 826 4458; x_wconf 85' lang='lat' dir='ltr'><strong>ordine</strong></span> <span class='ocrx_word' id='word_1_571' title='bbox 881 4417 943 4456; x_wconf 88' lang='lat' dir='ltr'><strong>ac</strong></span> <span class='ocrx_word' id='word_1_572' title='bbox 995 4414 1242 4454; x_wconf 89' lang='lat' dir='ltr'><strong>mensura</strong></span> <span class='ocrx_word' id='word_1_573' title='bbox 1290 4397 1660 4456; x_wconf 87' lang='lat' dir='ltr'><strong>constitutum,</strong></span> <span class='ocrx_word' id='word_1_574' title='bbox 1708 4407 1877 4460; x_wconf 84' lang='lat' dir='ltr'><strong>caque</strong></span> <span class='ocrx_word' id='word_1_575' title='bbox 1925 4392 1989 4444; x_wconf 91' lang='lat' dir='ltr'><strong>de</strong></span> <span class='ocrx_word' id='word_1_576' title='bbox 2037 4404 2196 4444; x_wconf 84' lang='lat' dir='ltr'><strong>causa</strong></span> 
     </span>
    </p>
   </div>
   <div class='ocr_carea' id='block_1_79' title="bbox 634 4483 2199 4562">
    <p class='ocr_par' dir='ltr' id='par_1_79' title="bbox 634 4483 2199 4562">
     <span class='ocr_line' id='line_1_79' title="bbox 634 4483 2199 4562; baseline -0.008 -16"><span class='ocrx_word' id='word_1_577' title='bbox 634 4495 756 4561; x_wconf 88' lang='lat' dir='ltr'><strong>jure</strong></span> <span class='ocrx_word' id='word_1_578' title='bbox 814 4492 1072 4562; x_wconf 85' lang='lat' dir='ltr'><strong>appellari</strong></span> <span class='ocrx_word' id='word_1_579' title='bbox 1113 4488 1418 4558; x_wconf 82' lang='lat' dir='ltr'><strong>pentiﬁcem</strong></span> <span class='ocrx_word' id='word_1_580' title='bbox 1460 4496 1513 4538; x_wconf 80' lang='lat' dir='ltr'><strong>et</strong></span> <span class='ocrx_word' id='word_1_581' title='bbox 1562 4483 1879 4552; x_wconf 83' lang='lat' dir='ltr'><strong>apostolum,</strong></span> <span class='ocrx_word' id='word_1_582' title='bbox 1926 4483 2199 4549; x_wconf 86' lang='lat' dir='ltr'><strong>sapienter</strong></span> 
     </span>
    </p>
   </div>
   <div class='ocr_carea' id='block_1_80' title="bbox 643 4571 2203 4654">
    <p class='ocr_par' dir='ltr' id='par_1_80' title="bbox 643 4571 2203 4654">
     <span class='ocr_line' id='line_1_80' title="bbox 643 4571 2203 4654; baseline -0.01 -14"><span class='ocrx_word' id='word_1_583' title='bbox 643 4587 824 4654; x_wconf 87' lang='lat' dir='ltr'><strong>utique</strong></span> <span class='ocrx_word' id='word_1_584' title='bbox 853 4582 1165 4643; x_wconf 83' lang='lat' dir='ltr'><strong>refutasset,</strong></span> <span class='ocrx_word' id='word_1_585' title='bbox 1203 4588 1257 4632; x_wconf 88' lang='lat' dir='ltr'><strong>et</strong></span> <span class='ocrx_word' id='word_1_586' title='bbox 1285 4589 1407 4644; x_wconf 89' lang='lat' dir='ltr'><strong>apte</strong></span> <span class='ocrx_word' id='word_1_587' title='bbox 1437 4578 1535 4628; x_wconf 87' lang='lat' dir='ltr'><strong>hac</strong></span> <span class='ocrx_word' id='word_1_588' title='bbox 1567 4577 1630 4628; x_wconf 91' lang='lat' dir='ltr'><strong>de</strong></span> <span class='ocrx_word' id='word_1_589' title='bbox 1666 4589 1722 4626; x_wconf 89' lang='lat' dir='ltr'><strong>re</strong></span> <span class='ocrx_word' id='word_1_590' title='bbox 1745 4571 2052 4626; x_wconf 88' lang='lat' dir='ltr'><strong>conclusam</strong></span> <span class='ocrx_word' id='word_1_591' title='bbox 2085 4585 2203 4625; x_wconf 89' lang='lat' dir='ltr'><strong>esse</strong></span> 
     </span>
    </p>
   </div>
   <div class='ocr_carea' id='block_1_81' title="bbox 641 4662 2206 4732">
    <p class='ocr_par' dir='ltr' id='par_1_81' title="bbox 641 4662 2206 4732">
     <span class='ocr_line' id='line_1_81' title="bbox 641 4662 2206 4732; baseline -0.012 -1"><span class='ocrx_word' id='word_1_592' title='bbox 641 4678 708 4730; x_wconf 88' lang='lat' dir='ltr'><strong>ab</strong></span> <span class='ocrx_word' id='word_1_593' title='bbox 732 4691 797 4730; x_wconf 83' lang='lat' dir='ltr'><strong>eo</strong></span> <span class='ocrx_word' id='word_1_594' title='bbox 824 4670 1286 4726; x_wconf 89' lang='lat' dir='ltr'><strong>ratiocinationem</strong></span> <span class='ocrx_word' id='word_1_595' title='bbox 1316 4666 1418 4719; x_wconf 87' lang='lat' dir='ltr'><strong>dici</strong></span> <span class='ocrx_word' id='word_1_596' title='bbox 1450 4673 1648 4732; x_wconf 82' lang='lat' dir='ltr'><strong>posset.</strong></span> <span class='ocrx_word' id='word_1_597' title='bbox 1678 4663 1789 4716; x_wconf 80' lang='lat' dir='ltr'><strong>Non</strong></span> <span class='ocrx_word' id='word_1_598' title='bbox 1822 4662 1963 4716; x_wconf 92' lang='lat' dir='ltr'><strong>enim</strong></span> <span class='ocrx_word' id='word_1_599' title='bbox 2000 4672 2206 4714; x_wconf 75' lang='lat' dir='ltr'><strong>natura:</strong></span> 
     </span>
    </p>
   </div>
   <div class='ocr_carea' id='block_1_82' title="bbox 644 4755 2206 4822">
    <p class='ocr_par' dir='ltr' id='par_1_82' title="bbox 644 4755 2206 4822">
     <span class='ocr_line' id='line_1_82' title="bbox 644 4755 2206 4822; baseline -0.011 -1"><span class='ocrx_word' id='word_1_600' title='bbox 644 4769 716 4822; x_wconf 92' lang='lat' dir='ltr'><strong>illi</strong></span> <span class='ocrx_word' id='word_1_601' title='bbox 766 4766 1014 4819; x_wconf 85' lang='lat' dir='ltr'><strong>omnibus</strong></span> <span class='ocrx_word' id='word_1_602' title='bbox 1066 4758 1365 4813; x_wconf 85' lang='lat' dir='ltr'><strong>dominanti</strong></span> <span class='ocrx_word' id='word_1_603' title='bbox 1416 4757 1785 4811; x_wconf 85' lang='lat' dir='ltr'><strong>sacriﬁcantes</strong></span> <span class='ocrx_word' id='word_1_604' title='bbox 1830 4755 2091 4816; x_wconf 86' lang='lat' dir='ltr'><strong>deerant,</strong></span> <span class='ocrx_word' id='word_1_605' title='bbox 2149 4761 2206 4805; x_wconf 90' lang='lat' dir='ltr'><strong>ut</strong></span> 
     </span>
    </p>
   </div>
   <div class='ocr_carea' id='block_1_83' title="bbox 642 4844 2201 4927">
    <p class='ocr_par' dir='ltr' id='par_1_83' title="bbox 642 4844 2201 4927">
     <span class='ocr_line' id='line_1_83' title="bbox 642 4844 2201 4927; baseline -0.012 -15"><span class='ocrx_word' id='word_1_606' title='bbox 642 4859 755 4927; x_wconf 87' lang='lat' dir='ltr'><strong>ipsa</strong></span> <span class='ocrx_word' id='word_1_607' title='bbox 799 4856 900 4908; x_wconf 90' lang='lat' dir='ltr'><strong>sibi</strong></span> <span class='ocrx_word' id='word_1_608' title='bbox 952 4865 1165 4907; x_wconf 89' lang='lat' dir='ltr'><strong>sacrum</strong></span> <span class='ocrx_word' id='word_1_609' title='bbox 1214 4850 1494 4902; x_wconf 83' lang='lat' dir='ltr'><strong>exhiberet</strong></span> <span class='ocrx_word' id='word_1_610' title='bbox 1532 4846 1869 4913; x_wconf 82' lang='lat' dir='ltr'><strong>obsequium.</strong></span> <span class='ocrx_word' id='word_1_611' title='bbox 1923 4844 2025 4898; x_wconf 89' lang='lat' dir='ltr'><strong>Sed</strong></span> <span class='ocrx_word' id='word_1_612' title='bbox 2074 4845 2201 4910; x_wconf 90' lang='lat' dir='ltr'><strong>quia</strong></span> 
     </span>
    </p>
   </div>
   <div class='ocr_carea' id='block_1_84' title="bbox 643 4936 2200 5013">
    <p class='ocr_par' dir='ltr' id='par_1_84' title="bbox 643 4936 2200 5013">
     <span class='ocr_line' id='line_1_84' title="bbox 643 4936 2200 5013; baseline -0.008 -12"><span class='ocrx_word' id='word_1_613' title='bbox 643 4948 732 5002; x_wconf 90' lang='lat' dir='ltr'><strong>ille</strong></span> <span class='ocrx_word' id='word_1_614' title='bbox 768 4942 1087 5013; x_wconf 81' lang='lat' dir='ltr'><strong>Unigenitus</strong></span> <span class='ocrx_word' id='word_1_615' title='bbox 1113 4940 1202 5008; x_wconf 92' lang='lat' dir='ltr'><strong>qui</strong></span> <span class='ocrx_word' id='word_1_616' title='bbox 1239 4951 1424 4992; x_wconf 87' lang='lat' dir='ltr'><strong>natura</strong></span> <span class='ocrx_word' id='word_1_617' title='bbox 1464 4936 1606 4990; x_wconf 87' lang='lat' dir='ltr'><strong>Deus</strong></span> <span class='ocrx_word' id='word_1_618' title='bbox 1628 4947 1767 4999; x_wconf 88' lang='lat' dir='ltr'><strong>erat,</strong></span> <span class='ocrx_word' id='word_1_619' title='bbox 1802 4945 1854 4989; x_wconf 91' lang='lat' dir='ltr'><strong>et</strong></span> <span class='ocrx_word' id='word_1_620' title='bbox 1883 4952 1910 4988; x_wconf 92' lang='lat' dir='ltr'><strong>a</strong></span> <span class='ocrx_word' id='word_1_621' title='bbox 1946 4937 2200 4989; x_wconf 89' lang='lat' dir='ltr'><strong>sacerdo-</strong></span> 
     </span>
    </p>
   </div>
   <div class='ocr_carea' id='block_1_85' title="bbox 647 5031 2204 5104">
    <p class='ocr_par' dir='ltr' id='par_1_85' title="bbox 647 5031 2204 5104">
     <span class='ocr_line' id='line_1_85' title="bbox 647 5031 2204 5104; baseline -0.012 -8"><span class='ocrx_word' id='word_1_622' title='bbox 647 5044 788 5096; x_wconf 90' lang='lat' dir='ltr'><strong>tibus</strong></span> <span class='ocrx_word' id='word_1_623' title='bbox 827 5037 1083 5104; x_wconf 87' lang='lat' dir='ltr'><strong>ohsequia</strong></span> <span class='ocrx_word' id='word_1_624' title='bbox 1123 5049 1272 5087; x_wconf 87' lang='lat' dir='ltr'><strong>sacra</strong></span> <span class='ocrx_word' id='word_1_625' title='bbox 1312 5031 1658 5099; x_wconf 86' lang='lat' dir='ltr'><strong>suscipiebat,</strong></span> <span class='ocrx_word' id='word_1_626' title='bbox 1688 5031 1751 5082; x_wconf 88' lang='lat' dir='ltr'><strong>ad</strong></span> <span class='ocrx_word' id='word_1_627' title='bbox 1781 5042 2085 5082; x_wconf 84' lang='lat' dir='ltr'><strong>mensuram</strong></span> <span class='ocrx_word' id='word_1_628' title='bbox 2113 5041 2204 5081; x_wconf 88' lang='lat' dir='ltr'><strong>eo-</strong></span> 
     </span>
    </p>
   </div>
   <div class='ocr_carea' id='block_1_86' title="bbox 647 5119 2205 5194">
    <p class='ocr_par' dir='ltr' id='par_1_86' title="bbox 647 5119 2205 5194">
     <span class='ocr_line' id='line_1_86' title="bbox 647 5119 2205 5194; baseline -0.012 -8"><span class='ocrx_word' id='word_1_629' title='bbox 647 5149 762 5187; x_wconf 87' lang='lat' dir='ltr'><strong>rum</strong></span> <span class='ocrx_word' id='word_1_630' title='bbox 791 5128 1066 5184; x_wconf 85' lang='lat' dir='ltr'><strong>descendit</strong></span> <span class='ocrx_word' id='word_1_631' title='bbox 1087 5126 1176 5194; x_wconf 91' lang='lat' dir='ltr'><strong>qui</strong></span> <span class='ocrx_word' id='word_1_632' title='bbox 1201 5122 1503 5178; x_wconf 88' lang='lat' dir='ltr'><strong>sacerdotio</strong></span> <span class='ocrx_word' id='word_1_633' title='bbox 1532 5120 1907 5189; x_wconf 84' lang='lat' dir='ltr'><strong>fungebantur,</strong></span> <span class='ocrx_word' id='word_1_634' title='bbox 1932 5119 2116 5180; x_wconf 91' lang='lat' dir='ltr'><strong>homo,</strong></span> <span class='ocrx_word' id='word_1_635' title='bbox 2150 5124 2205 5169; x_wconf 92' lang='lat' dir='ltr'><strong>ut</strong></span> 
     </span>
    </p>
   </div>
   <div class='ocr_carea' id='block_1_87' title="bbox 646 5209 2205 5286">
    <p class='ocr_par' dir='ltr' id='par_1_87' title="bbox 646 5209 2205 5286">
     <span class='ocr_line' id='line_1_87' title="bbox 646 5209 2205 5286; baseline -0.011 -7"><span class='ocrx_word' id='word_1_636' title='bbox 646 5223 776 5286; x_wconf 79' lang='lat' dir='ltr'><strong>dixi,</strong></span> <span class='ocrx_word' id='word_1_637' title='bbox 800 5220 988 5282; x_wconf 86' lang='lat' dir='ltr'><strong>factus,</strong></span> <span class='ocrx_word' id='word_1_638' title='bbox 1013 5215 1147 5269; x_wconf 83' lang='lat' dir='ltr'><strong>nihil</strong></span> <span class='ocrx_word' id='word_1_639' title='bbox 1165 5213 1382 5268; x_wconf 89' lang='lat' dir='ltr'><strong>absurdi</strong></span> <span class='ocrx_word' id='word_1_640' title='bbox 1404 5220 1507 5276; x_wconf 88' lang='lat' dir='ltr'><strong>est,</strong></span> <span class='ocrx_word' id='word_1_641' title='bbox 1527 5211 1569 5265; x_wconf 91' lang='lat' dir='ltr'><strong>si</strong></span> <span class='ocrx_word' id='word_1_642' title='bbox 1589 5215 1751 5265; x_wconf 80' lang='lat' dir='ltr'><strong>etiam</strong></span> <span class='ocrx_word' id='word_1_643' title='bbox 1772 5209 2026 5264; x_wconf 86' lang='lat' dir='ltr'><strong>sacerdos</strong></span> <span class='ocrx_word' id='word_1_644' title='bbox 2049 5222 2205 5262; x_wconf 83' lang='lat' dir='ltr'><strong>voce-</strong></span> 
     </span>
    </p>
   </div>
   <div class='ocr_carea' id='block_1_88' title="bbox 648 5298 2206 5367">
    <p class='ocr_par' dir='ltr' id='par_1_88' title="bbox 648 5298 2206 5367">
     <span class='ocr_line' id='line_1_88' title="bbox 648 5298 2206 5367; baseline -0.009 -2"><span class='ocrx_word' id='word_1_645' title='bbox 648 5325 733 5367; x_wconf 91' lang='lat' dir='ltr'><strong>tur</strong></span> <span class='ocrx_word' id='word_1_646' title='bbox 761 5328 788 5364; x_wconf 90' lang='lat' dir='ltr'><strong>a</strong></span> <span class='ocrx_word' id='word_1_647' title='bbox 819 5310 988 5364; x_wconf 92' lang='lat' dir='ltr'><strong>nobis.</strong></span> <span class='ocrx_word' id='word_1_648' title='bbox 1029 5310 1108 5362; x_wconf 82' lang='lat' dir='ltr'><strong>An</strong></span> <span class='ocrx_word' id='word_1_649' title='bbox 1142 5322 1268 5361; x_wconf 86' lang='lat' dir='ltr'><strong>vero</strong></span> <span class='ocrx_word' id='word_1_650' title='bbox 1300 5320 1406 5359; x_wconf 81' lang='lat' dir='ltr'><strong>non</strong></span> <span class='ocrx_word' id='word_1_651' title='bbox 1447 5303 1724 5357; x_wconf 89' lang='lat' dir='ltr'><strong>descendit</strong></span> <span class='ocrx_word' id='word_1_652' title='bbox 1757 5304 1806 5355; x_wconf 87' lang='lat' dir='ltr'><strong>in</strong></span> <span class='ocrx_word' id='word_1_653' title='bbox 1838 5301 2007 5355; x_wconf 89' lang='lat' dir='ltr'><strong>forma</strong></span> <span class='ocrx_word' id='word_1_654' title='bbox 2040 5298 2206 5362; x_wconf 87' lang='lat' dir='ltr'><strong>servi,</strong></span> 
     </span>
    </p>
   </div>
   <div class='ocr_carea' id='block_1_89' title="bbox 647 5391 2208 5474">
    <p class='ocr_par' dir='ltr' id='par_1_89' title="bbox 647 5391 2208 5474">
     <span class='ocr_line' id='line_1_89' title="bbox 647 5391 2208 5474; baseline -0.01 -17"><span class='ocrx_word' id='word_1_655' title='bbox 647 5403 755 5474; x_wconf 78' lang='lat'><strong>67</strong></span> <span class='ocrx_word' id='word_1_656' title='bbox 795 5401 1020 5456; x_wconf 86' lang='lat' dir='ltr'><strong>formam</strong></span> <span class='ocrx_word' id='word_1_657' title='bbox 1047 5399 1250 5453; x_wconf 89' lang='lat' dir='ltr'><strong>scilicet</strong></span> <span class='ocrx_word' id='word_1_658' title='bbox 1275 5397 1414 5450; x_wconf 89' lang='lat' dir='ltr'><strong>servi</strong></span> <span class='ocrx_word' id='word_1_659' title='bbox 1445 5395 1738 5462; x_wconf 87' lang='lat' dir='ltr'><strong>accipiens,</strong></span> <span class='ocrx_word' id='word_1_660' title='bbox 1761 5393 2008 5462; x_wconf 85' lang='lat' dir='ltr'><strong>quamvis</strong></span> <span class='ocrx_word' id='word_1_661' title='bbox 2037 5391 2208 5460; x_wconf 82' lang='lat' dir='ltr'><strong>ﬁgura</strong></span> 
     </span>
    </p>
   </div>
   <div class='ocr_carea' id='block_1_90' title="bbox 649 5484 2209 5559">
    <p class='ocr_par' dir='ltr' id='par_1_90' title="bbox 649 5484 2209 5559">
     <span class='ocr_line' id='line_1_90' title="bbox 649 5484 2209 5559; baseline -0.009 -13"><span class='ocrx_word' id='word_1_662' title='bbox 649 5501 792 5546; x_wconf 85' lang='lat' dir='ltr'><strong>esset</strong></span> <span class='ocrx_word' id='word_1_663' title='bbox 844 5506 906 5544; x_wconf 91' lang='lat' dir='ltr'><strong>ac</strong></span> <span class='ocrx_word' id='word_1_664' title='bbox 954 5490 1203 5559; x_wconf 87' lang='lat' dir='ltr'><strong>splendor</strong></span> <span class='ocrx_word' id='word_1_665' title='bbox 1247 5487 1428 5554; x_wconf 75' lang='lat' dir='ltr'><strong>gloria:</strong></span> <span class='ocrx_word' id='word_1_666' title='bbox 1477 5485 1652 5539; x_wconf 82' lang='lat' dir='ltr'><strong>Patris</strong></span> <span class='ocrx_word' id='word_1_667' title='bbox 1674 5484 1759 5536; x_wconf 70' lang='grc'><strong>’⁸2</strong></span> <span class='ocrx_word' id='word_1_668' title='bbox 1797 5497 2019 5553; x_wconf 88' lang='lat' dir='ltr'><strong>prorsus</strong></span> <span class='ocrx_word' id='word_1_669' title='bbox 2051 5495 2209 5535; x_wconf 89' lang='lat' dir='ltr'><strong>nemo</strong></span> 
     </span>
    </p>
   </div>
   <div class='ocr_carea' id='block_1_91' title="bbox 651 5572 2205 5648">
    <p class='ocr_par' dir='ltr' id='par_1_91' title="bbox 651 5572 2205 5648">
     <span class='ocr_line' id='line_1_91' title="bbox 651 5572 2205 5648; baseline -0.008 -14"><span class='ocrx_word' id='word_1_670' title='bbox 651 5593 734 5636; x_wconf 85' lang='lat' dir='ltr'><strong>est</strong></span> <span class='ocrx_word' id='word_1_671' title='bbox 767 5581 855 5648; x_wconf 87' lang='lat' dir='ltr'><strong>qui</strong></span> <span class='ocrx_word' id='word_1_672' title='bbox 882 5581 944 5634; x_wconf 87' lang='lat' dir='ltr'><strong>de</strong></span> <span class='ocrx_word' id='word_1_673' title='bbox 973 5581 1070 5633; x_wconf 90' lang='lat' dir='ltr'><strong>hac</strong></span> <span class='ocrx_word' id='word_1_674' title='bbox 1096 5593 1153 5631; x_wconf 83' lang='lat' dir='ltr'><strong>re</strong></span> <span class='ocrx_word' id='word_1_675' title='bbox 1180 5577 1403 5632; x_wconf 89' lang='lat' dir='ltr'><strong>dubitet.</strong></span> <span class='ocrx_word' id='word_1_676' title='bbox 1437 5575 1569 5630; x_wconf 89' lang='lat' dir='ltr'><strong>Cum</strong></span> <span class='ocrx_word' id='word_1_677' title='bbox 1605 5576 1765 5642; x_wconf 84' lang='lat' dir='ltr'><strong>igitur</strong></span> <span class='ocrx_word' id='word_1_678' title='bbox 1795 5575 1883 5628; x_wconf 91' lang='lat' dir='ltr'><strong>ille</strong></span> <span class='ocrx_word' id='word_1_679' title='bbox 1911 5572 2205 5626; x_wconf 90' lang='lat' dir='ltr'><strong>secundum</strong></span> 
     </span>
    </p>
   </div>
   <div class='ocr_carea' id='block_1_92' title="bbox 722 5754 1714 5823">
    <p class='ocr_par' dir='ltr' id='par_1_92' title="bbox 722 5754 1714 5823">
     <span class='ocr_line' id='line_1_92' title="bbox 722 5754 1714 5823; baseline -0.007 -10"><span class='ocrx_word' id='word_1_680' title='bbox 722 5761 765 5792; x_wconf 82' lang='lat'>&quot;</span> <span class='ocrx_word' id='word_1_681' title='bbox 798 5757 986 5813; x_wconf 79' lang='lat' dir='ltr'><strong>Matth.</strong></span> <span class='ocrx_word' id='word_1_682' title='bbox 1012 5770 1122 5823; x_wconf 75' lang='lat' dir='ltr'><strong>xt&#39;t,</strong></span> <span class='ocrx_word' id='word_1_683' title='bbox 1151 5756 1234 5808; x_wconf 83' lang='lat' dir='ltr'><strong>l6.</strong></span> <span class='ocrx_word' id='word_1_684' title='bbox 1311 5757 1352 5788; x_wconf 76' lang='grc' dir='ltr'><strong>θ’</strong></span> <span class='ocrx_word' id='word_1_685' title='bbox 1390 5754 1548 5810; x_wconf 82' lang='lat' dir='ltr'><strong>Hebr.</strong></span> <span class='ocrx_word' id='word_1_686' title='bbox 1579 5755 1714 5819; x_wconf 87' lang='lat' dir='ltr'><strong>tu,l.</strong></span> 
     </span>
    </p>
   </div>
   <div class='ocr_carea' id='block_1_93' title="bbox 1793 5750 2278 5819">
    <p class='ocr_par' dir='ltr' id='par_1_93' title="bbox 1793 5750 2278 5819">
     <span class='ocr_line' id='line_1_93' title="bbox 1793 5750 2278 5819; baseline -0.014 -10"><span class='ocrx_word' id='word_1_687' title='bbox 1793 5752 1835 5784; x_wconf 78' lang='lat'>&quot;</span> <span class='ocrx_word' id='word_1_688' title='bbox 1871 5752 2100 5819; x_wconf 83' lang='lat' dir='ltr'><strong>Philipp.</strong></span> <span class='ocrx_word' id='word_1_689' title='bbox 2130 5766 2187 5816; x_wconf 89' lang='lat' dir='ltr'><strong>tt,</strong></span> <span class='ocrx_word' id='word_1_690' title='bbox 2219 5750 2278 5815; x_wconf 85' lang='lat'><strong>7;</strong></span> 
     </span>
    </p>
   </div>
   <div class='ocr_carea' id='block_1_94' title="bbox 2305 3310 3869 3382">
    <p class='ocr_par' dir='ltr' id='par_1_94' title="bbox 2305 3310 3869 3382">
     <span class='ocr_line' id='line_1_94' title="bbox 2305 3310 3869 3382; baseline -0.001 -18"><span class='ocrx_word' id='word_1_691' title='bbox 2305 3312 2611 3382; x_wconf 85' lang='grc' dir='ltr'>ὁμολογίαν,</span> <span class='ocrx_word' id='word_1_692' title='bbox 2663 3312 2979 3382; x_wconf 82' lang='grc' dir='ltr'>πρέπουσάν</span> <span class='ocrx_word' id='word_1_693' title='bbox 3022 3329 3081 3364; x_wconf 91' lang='grc' dir='ltr'><strong>τε</strong></span> <span class='ocrx_word' id='word_1_694' title='bbox 3127 3313 3222 3365; x_wconf 72' lang='grc' dir='ltr'><strong>καὶ</strong></span> <span class='ocrx_word' id='word_1_695' title='bbox 3270 3311 3392 3364; x_wconf 81' lang='grc' dir='ltr'>κατ’</span> <span class='ocrx_word' id='word_1_696' title='bbox 3436 3311 3627 3364; x_wconf 84' lang='grc' dir='ltr'>οὐδένα</span> <span class='ocrx_word' id='word_1_697' title='bbox 3671 3310 3869 3381; x_wconf 85' lang='grc' dir='ltr'>τρόπον</span> 
     </span>
    </p>
   </div>
   <div class='ocr_carea' id='block_1_95' title="bbox 2304 3400 3870 3472">
    <p class='ocr_par' dir='ltr' id='par_1_95' title="bbox 2304 3400 3870 3472">
     <span class='ocr_line' id='line_1_95' title="bbox 2304 3400 3870 3472; baseline -0.003 -16"><span class='ocrx_word' id='word_1_698' title='bbox 2304 3404 2642 3472; x_wconf 87' lang='grc' dir='ltr'>ἀνάρμοστον</span> <span class='ocrx_word' id='word_1_699' title='bbox 2675 3403 2785 3465; x_wconf 82' lang='grc' dir='ltr'>τοῖς</span> <span class='ocrx_word' id='word_1_700' title='bbox 2823 3401 2924 3471; x_wconf 81' lang='grc' dir='ltr'>τῆς</span> <span class='ocrx_word' id='word_1_701' title='bbox 2962 3401 3242 3463; x_wconf 87' lang='grc' dir='ltr'>κενώσεως</span> <span class='ocrx_word' id='word_1_702' title='bbox 3278 3402 3497 3470; x_wconf 86' lang='grc' dir='ltr'>μέτροις</span> <span class='ocrx_word' id='word_1_703' title='bbox 3544 3400 3870 3472; x_wconf 81' lang='grc' dir='ltr'>ποιήσασθαι</span> 
     </span>
    </p>
   </div>
   <div class='ocr_carea' id='block_1_96' title="bbox 2302 3484 3871 3564">
    <p class='ocr_par' dir='ltr' id='par_1_96' title="bbox 2302 3484 3871 3564">
     <span class='ocr_line' id='line_1_96' title="bbox 2302 3484 3871 3564; baseline -0.001 -19"><span class='ocrx_word' id='word_1_704' title='bbox 2302 3495 2403 3563; x_wconf 86' lang='grc' dir='ltr'><strong>τὴν</strong></span> <span class='ocrx_word' id='word_1_705' title='bbox 2447 3494 2778 3564; x_wconf 80' lang='grc' dir='ltr'>οἰκονομίαν.</span> <span class='ocrx_word' id='word_1_706' title='bbox 2826 3492 2966 3544; x_wconf 83' lang='grc' dir='ltr'>Ἀλλ’</span> <span class='ocrx_word' id='word_1_707' title='bbox 3003 3493 3097 3561; x_wconf 84' lang='grc' dir='ltr'><strong>οὐχ</strong></span> <span class='ocrx_word' id='word_1_708' title='bbox 3142 3484 3244 3544; x_wconf 79' lang='grc' dir='ltr'>ὦδε</span> <span class='ocrx_word' id='word_1_709' title='bbox 3299 3491 3431 3545; x_wconf 78' lang='grc' dir='ltr'>ταῦτ</span> <span class='ocrx_word' id='word_1_710' title='bbox 3491 3491 3634 3562; x_wconf 74' lang='grc' dir='ltr'>ἔχειν</span> <span class='ocrx_word' id='word_1_711' title='bbox 3677 3493 3871 3561; x_wconf 86' lang='grc' dir='ltr'>ὲκείνῳ</span> 
     </span>
    </p>
   </div>
   <div class='ocr_carea' id='block_1_97' title="bbox 2305 3581 3872 3653">
    <p class='ocr_par' dir='ltr' id='par_1_97' title="bbox 2305 3581 3872 3653">
     <span class='ocr_line' id='line_1_97' title="bbox 2305 3581 3872 3653; baseline -0.001 -17"><span class='ocrx_word' id='word_1_712' title='bbox 2305 3585 2471 3646; x_wconf 88' lang='grc' dir='ltr'>δοκεῖ,</span> <span class='ocrx_word' id='word_1_713' title='bbox 2511 3583 2617 3653; x_wconf 75' lang='grc' dir='ltr'>ἰδίᾳ</span> <span class='ocrx_word' id='word_1_714' title='bbox 2643 3583 2698 3635; x_wconf 84' lang='grc' dir='ltr'>δὲ</span> <span class='ocrx_word' id='word_1_715' title='bbox 2743 3582 2940 3652; x_wconf 81' lang='grc' dir='ltr'>μᾶλλον</span> <span class='ocrx_word' id='word_1_716' title='bbox 2972 3583 3067 3635; x_wconf 78' lang='grc' dir='ltr'><strong>καὶ</strong></span> <span class='ocrx_word' id='word_1_717' title='bbox 3103 3583 3208 3635; x_wconf 87' lang='grc' dir='ltr'><strong>ἀνά</strong></span> <span class='ocrx_word' id='word_1_718' title='bbox 3243 3581 3407 3652; x_wconf 82' lang='grc' dir='ltr'>μέρος</span> <span class='ocrx_word' id='word_1_719' title='bbox 3455 3581 3762 3648; x_wconf 82' lang='grc' dir='ltr'>ἀπολαϐὼν,</span> <span class='ocrx_word' id='word_1_720' title='bbox 3795 3582 3872 3646; x_wconf 85' lang='grc' dir='ltr'>ὡς</span> 
     </span>
    </p>
   </div>
   <div class='ocr_carea' id='block_1_98' title="bbox 2303 3673 3869 3744">
    <p class='ocr_par' dir='ltr' id='par_1_98' title="bbox 2303 3673 3869 3744">
     <span class='ocr_line' id='line_1_98' title="bbox 2303 3673 3869 3744; baseline -0.001 -18"><span class='ocrx_word' id='word_1_721' title='bbox 2303 3675 2488 3743; x_wconf 75' lang='grc' dir='ltr'>ἕτερον</span> <span class='ocrx_word' id='word_1_722' title='bbox 2542 3674 2669 3727; x_wconf 78' lang='grc' dir='ltr'>ὅντα</span> <span class='ocrx_word' id='word_1_723' title='bbox 2710 3674 2945 3744; x_wconf 86' lang='grc' dir='ltr'>Χριστὸν</span> <span class='ocrx_word' id='word_1_724' title='bbox 2987 3674 3076 3725; x_wconf 79' lang='grc' dir='ltr'><strong>τὸν</strong></span> <span class='ocrx_word' id='word_1_725' title='bbox 3123 3673 3187 3725; x_wconf 84' lang='grc' dir='ltr'>ὲκ</span> <span class='ocrx_word' id='word_1_726' title='bbox 3225 3673 3326 3742; x_wconf 84' lang='grc' dir='ltr'>τῆς</span> <span class='ocrx_word' id='word_1_727' title='bbox 3378 3673 3537 3740; x_wconf 82' lang='grc' dir='ltr'>ἁγίας</span> <span class='ocrx_word' id='word_1_728' title='bbox 3589 3673 3869 3742; x_wconf 86' lang='grc' dir='ltr'>Παρθένου</span> 
     </span>
    </p>
   </div>
   <div class='ocr_carea' id='block_1_99' title="bbox 2307 3762 3870 3834">
    <p class='ocr_par' dir='ltr' id='par_1_99' title="bbox 2307 3762 3870 3834">
     <span class='ocr_line' id='line_1_99' title="bbox 2307 3762 3870 3834; baseline 0 -18"><span class='ocrx_word' id='word_1_729' title='bbox 2307 3764 2458 3834; x_wconf 87' lang='grc' dir='ltr'>παρά</span> <span class='ocrx_word' id='word_1_730' title='bbox 2486 3781 2550 3831; x_wconf 92' lang='grc' dir='ltr'><strong>γε</strong></span> <span class='ocrx_word' id='word_1_731' title='bbox 2586 3764 2674 3816; x_wconf 78' lang='grc' dir='ltr'><strong>τὸν</strong></span> <span class='ocrx_word' id='word_1_732' title='bbox 2697 3765 2759 3816; x_wconf 86' lang='grc' dir='ltr'>ὲκ</span> <span class='ocrx_word' id='word_1_733' title='bbox 2794 3763 2929 3816; x_wconf 83' lang='grc' dir='ltr'>Θεοῦ</span> <span class='ocrx_word' id='word_1_734' title='bbox 2966 3763 3177 3832; x_wconf 81' lang='grc' dir='ltr'>Πατρὸς</span> <span class='ocrx_word' id='word_1_735' title='bbox 3210 3764 3399 3829; x_wconf 83' lang='grc' dir='ltr'>Λόγον,</span> <span class='ocrx_word' id='word_1_736' title='bbox 3435 3762 3593 3816; x_wconf 74' lang='grc' dir='ltr'>αὐτὸν</span> <span class='ocrx_word' id='word_1_737' title='bbox 3618 3763 3870 3830; x_wconf 86' lang='grc' dir='ltr'>γενέσθαι</span> 
     </span>
    </p>
   </div>
   <div class='ocr_carea' id='block_1_100' title="bbox 2305 3853 3868 3925">
    <p class='ocr_par' dir='ltr' id='par_1_100' title="bbox 2305 3853 3868 3925">
     <span class='ocr_line' id='line_1_100' title="bbox 2305 3853 3868 3925; baseline -0.001 -19"><span class='ocrx_word' id='word_1_738' title='bbox 2305 3855 2468 3924; x_wconf 79' lang='grc' dir='ltr'>φησὶν</span> <span class='ocrx_word' id='word_1_739' title='bbox 2484 3853 2805 3908; x_wconf 82' lang='grc' dir='ltr'>Ἀπόστολον</span> <span class='ocrx_word' id='word_1_740' title='bbox 2823 3855 2915 3907; x_wconf 77' lang='grc' dir='ltr'><strong>καὶ</strong></span> <span class='ocrx_word' id='word_1_741' title='bbox 2949 3853 3235 3925; x_wconf 82' lang='grc' dir='ltr'>Ἀρχιερέα</span> <span class='ocrx_word' id='word_1_742' title='bbox 3265 3854 3360 3924; x_wconf 80' lang='grc' dir='ltr'>τῆς</span> <span class='ocrx_word' id='word_1_743' title='bbox 3388 3853 3673 3921; x_wconf 80' lang='grc' dir='ltr'>ὁμολογίας</span> <span class='ocrx_word' id='word_1_744' title='bbox 3691 3853 3868 3923; x_wconf 76' lang='grc' dir='ltr'><strong>ήμῶνο</strong></span> 
     </span>
    </p>
   </div>
   <div class='ocr_carea' id='block_1_101' title="bbox 2305 3945 3874 4016">
    <p class='ocr_par' dir='ltr' id='par_1_101' title="bbox 2305 3945 3874 4016">
     <span class='ocr_line' id='line_1_101' title="bbox 2305 3945 3874 4016; baseline -0.001 -17"><span class='ocrx_word' id='word_1_745' title='bbox 2305 3947 2476 4000; x_wconf 85' lang='grc' dir='ltr'>οίεται</span> <span class='ocrx_word' id='word_1_746' title='bbox 2512 3947 2568 4000; x_wconf 86' lang='grc' dir='ltr'>δὲ</span> <span class='ocrx_word' id='word_1_747' title='bbox 2615 3948 2708 3999; x_wconf 77' lang='grc' dir='ltr'><strong>καὶ</strong></span> <span class='ocrx_word' id='word_1_748' title='bbox 2765 3946 2995 4008; x_wconf 81' lang='grc' dir='ltr'>τῶνέίς</span> <span class='ocrx_word' id='word_1_749' title='bbox 3042 3946 3323 3999; x_wconf 81' lang='grc' dir='ltr'>εὐσέϐειαν</span> <span class='ocrx_word' id='word_1_750' title='bbox 3366 3945 3609 4016; x_wconf 77' lang='grc' dir='ltr'>ἡκόντων</span> <span class='ocrx_word' id='word_1_751' title='bbox 3651 3947 3874 4010; x_wconf 78' lang='grc' dir='ltr'>ἐννοεῖν,</span> 
     </span>
    </p>
   </div>
   <div class='ocr_carea' id='block_1_102' title="bbox 2306 4029 3870 4108">
    <p class='ocr_par' dir='ltr' id='par_1_102' title="bbox 2306 4029 3870 4108">
     <span class='ocr_line' id='line_1_102' title="bbox 2306 4029 3870 4108; baseline -0.001 -18"><span class='ocrx_word' id='word_1_752' title='bbox 2306 4039 2480 4090; x_wconf 76' lang='grc' dir='ltr'>ἐκεῖνο</span> <span class='ocrx_word' id='word_1_753' title='bbox 2516 4036 2688 4104; x_wconf 86' lang='grc' dir='ltr'>λέγων</span> <span class='ocrx_word' id='word_1_754' title='bbox 2712 4053 2725 4068; x_wconf 75' lang='grc'><strong><em>⁸</em></strong></span> <span class='ocrx_word' id='word_1_755' title='bbox 2760 4037 2822 4090; x_wconf 85' lang='lat' dir='ltr'><strong>El</strong></span> <span class='ocrx_word' id='word_1_756' title='bbox 2851 4036 2982 4099; x_wconf 79' lang='grc' dir='ltr'>Θεὸς</span> <span class='ocrx_word' id='word_1_757' title='bbox 3007 4038 3034 4090; x_wconf 89' lang='grc' dir='ltr'><strong>ό</strong></span> <span class='ocrx_word' id='word_1_758' title='bbox 3053 4037 3397 4108; x_wconf 84' lang='grc' dir='ltr'>προσφέρων,</span> <span class='ocrx_word' id='word_1_759' title='bbox 3422 4037 3595 4098; x_wconf 78' lang='grc' dir='ltr'>οὐδεὶς</span> <span class='ocrx_word' id='word_1_760' title='bbox 3629 4029 3672 4103; x_wconf 85' lang='grc' dir='ltr'>ᾧ</span> <span class='ocrx_word' id='word_1_761' title='bbox 3702 4053 3870 4106; x_wconf 82' lang='grc' dir='ltr'>προσ-</span> 
     </span>
    </p>
   </div>
   <div class='ocr_carea' id='block_1_103' title="bbox 2308 4127 3872 4199">
    <p class='ocr_par' dir='ltr' id='par_1_103' title="bbox 2308 4127 3872 4199">
     <span class='ocr_line' id='line_1_103' title="bbox 2308 4127 3872 4199; baseline 0 -19"><span class='ocrx_word' id='word_1_762' title='bbox 2308 4128 2566 4198; x_wconf 72' lang='grc' dir='ltr'>φέρεται*</span> <span class='ocrx_word' id='word_1_763' title='bbox 2622 4129 2673 4182; x_wconf 86' lang='grc' dir='ltr'><strong>τί</strong></span> <span class='ocrx_word' id='word_1_764' title='bbox 2723 4128 2830 4199; x_wconf 82' lang='grc' dir='ltr'>γὰρ</span> <span class='ocrx_word' id='word_1_765' title='bbox 2883 4128 3133 4198; x_wconf 88' lang='grc' dir='ltr'>θεότητος</span> <span class='ocrx_word' id='word_1_766' title='bbox 3181 4128 3351 4193; x_wconf 79' lang='grc' dir='ltr'>ἀξιον,</span> <span class='ocrx_word' id='word_1_767' title='bbox 3405 4129 3468 4181; x_wconf 85' lang='grc' dir='ltr'>ἵν’</span> <span class='ocrx_word' id='word_1_768' title='bbox 3534 4129 3608 4191; x_wconf 87' lang='grc' dir='ltr'>ὡς</span> <span class='ocrx_word' id='word_1_769' title='bbox 3654 4127 3872 4182; x_wconf 76' lang='grc' dir='ltr'>ἔλαττον</span> 
     </span>
    </p>
   </div>
   <div class='ocr_carea' id='block_1_104' title="bbox 2307 4213 3872 4289">
    <p class='ocr_par' dir='ltr' id='par_1_104' title="bbox 2307 4213 3872 4289">
     <span class='ocr_line' id='line_1_104' title="bbox 2307 4213 3872 4289; baseline 0 -19"><span class='ocrx_word' id='word_1_770' title='bbox 2307 4219 2587 4289; x_wconf 83' lang='grc' dir='ltr'>προσφέρῃ</span> <span class='ocrx_word' id='word_1_771' title='bbox 2629 4217 2704 4288; x_wconf 85' lang='grc' dir='ltr'><strong>τῷ</strong></span> <span class='ocrx_word' id='word_1_772' title='bbox 2738 4217 2978 4288; x_wconf 75' lang='grc' dir='ltr'>μείζονις</span> <span class='ocrx_word' id='word_1_773' title='bbox 3022 4217 3160 4269; x_wconf 83' lang='grc' dir='ltr'>Ἀλλ’</span> <span class='ocrx_word' id='word_1_774' title='bbox 3183 4218 3230 4269; x_wconf 81' lang='grc' dir='ltr'><strong>εί</strong></span> <span class='ocrx_word' id='word_1_775' title='bbox 3257 4217 3353 4287; x_wconf 85' lang='grc' dir='ltr'><strong>μέν</strong></span> <span class='ocrx_word' id='word_1_776' title='bbox 3378 4233 3458 4280; x_wconf 90' lang='grc' dir='ltr'><strong>τις</strong></span> <span class='ocrx_word' id='word_1_777' title='bbox 3475 4213 3543 4288; x_wconf 84' lang='grc' dir='ltr'>ἦν</span> <span class='ocrx_word' id='word_1_778' title='bbox 3565 4219 3592 4271; x_wconf 90' lang='lat'><strong>6</strong></span> <span class='ocrx_word' id='word_1_779' title='bbox 3620 4218 3872 4271; x_wconf 84' lang='grc' dir='ltr'>διατεινό-</span> 
     </span>
    </p>
   </div>
   <div class='ocr_carea' id='block_1_105' title="bbox 2311 4307 3871 4377">
    <p class='ocr_par' dir='ltr' id='par_1_105' title="bbox 2311 4307 3871 4377">
     <span class='ocr_line' id='line_1_105' title="bbox 2311 4307 3871 4377; baseline 0.001 -17"><span class='ocrx_word' id='word_1_780' title='bbox 2311 4309 2468 4377; x_wconf 86' lang='grc' dir='ltr'>μενός</span> <span class='ocrx_word' id='word_1_781' title='bbox 2496 4326 2556 4360; x_wconf 89' lang='grc' dir='ltr'><strong>τε</strong></span> <span class='ocrx_word' id='word_1_782' title='bbox 2579 4309 2671 4361; x_wconf 80' lang='grc' dir='ltr'>καὶ</span> <span class='ocrx_word' id='word_1_783' title='bbox 2709 4309 2880 4376; x_wconf 87' lang='grc' dir='ltr'>λέγων</span> <span class='ocrx_word' id='word_1_784' title='bbox 2905 4307 3067 4361; x_wconf 82' lang='grc' dir='ltr'>αὐτὸν</span> <span class='ocrx_word' id='word_1_785' title='bbox 3099 4307 3313 4376; x_wconf 80' lang='grc' dir='ltr'>ἀληθῶς</span> <span class='ocrx_word' id='word_1_786' title='bbox 3341 4308 3433 4360; x_wconf 85' lang='grc' dir='ltr'><strong>τδν</strong></span> <span class='ocrx_word' id='word_1_787' title='bbox 3484 4309 3547 4361; x_wconf 80' lang='grc' dir='ltr'>ἐκ</span> <span class='ocrx_word' id='word_1_788' title='bbox 3591 4307 3725 4361; x_wconf 86' lang='grc' dir='ltr'>Θεοῦ</span> <span class='ocrx_word' id='word_1_789' title='bbox 3757 4310 3871 4362; x_wconf 87' lang='grc' dir='ltr'><strong>Πα-</strong></span> 
     </span>
    </p>
   </div>
   <div class='ocr_carea' id='block_1_106' title="bbox 2307 4399 3870 4471">
    <p class='ocr_par' dir='ltr' id='par_1_106' title="bbox 2307 4399 3870 4471">
     <span class='ocr_line' id='line_1_106' title="bbox 2307 4399 3870 4471; baseline -0.001 -19"><span class='ocrx_word' id='word_1_790' title='bbox 2307 4400 2433 4471; x_wconf 85' lang='grc' dir='ltr'>τρὸς</span> <span class='ocrx_word' id='word_1_791' title='bbox 2475 4400 2666 4468; x_wconf 84' lang='grc' dir='ltr'>Λόγον,</span> <span class='ocrx_word' id='word_1_792' title='bbox 2704 4400 2796 4452; x_wconf 58' lang='grc' dir='ltr'><strong>καὶ¹</strong></span> <span class='ocrx_word' id='word_1_793' title='bbox 2833 4400 2938 4468; x_wconf 82' lang='grc' dir='ltr'><strong>πρὸ</strong></span> <span class='ocrx_word' id='word_1_794' title='bbox 2975 4399 3075 4468; x_wconf 81' lang='grc' dir='ltr'><strong>τῆς</strong></span> <span class='ocrx_word' id='word_1_795' title='bbox 3114 4399 3571 4468; x_wconf 81' lang='grc' dir='ltr'>ὲνανθρωπήσεως</span> <span class='ocrx_word' id='word_1_796' title='bbox 3617 4400 3870 4469; x_wconf 85' lang='grc' dir='ltr'>τετάχθαι</span> 
     </span>
    </p>
   </div>
   <div class='ocr_carea' id='block_1_107' title="bbox 2311 4487 3869 4561">
    <p class='ocr_par' dir='ltr' id='par_1_107' title="bbox 2311 4487 3869 4561">
     <span class='ocr_line' id='line_1_107' title="bbox 2311 4487 3869 4561; baseline 0 -18"><span class='ocrx_word' id='word_1_797' title='bbox 2311 4493 2441 4561; x_wconf 83' lang='grc' dir='ltr'>πρὸς</span> <span class='ocrx_word' id='word_1_798' title='bbox 2474 4491 2802 4560; x_wconf 80' lang='grc' dir='ltr'>ἱερουργίαν,</span> <span class='ocrx_word' id='word_1_799' title='bbox 2847 4493 2939 4544; x_wconf 73' lang='grc' dir='ltr'><strong>καὶ</strong></span> <span class='ocrx_word' id='word_1_800' title='bbox 2964 4491 3020 4542; x_wconf 82' lang='grc' dir='ltr'>ὲν</span> <span class='ocrx_word' id='word_1_801' title='bbox 3049 4490 3263 4559; x_wconf 83' lang='grc' dir='ltr'>μέτροις</span> <span class='ocrx_word' id='word_1_802' title='bbox 3295 4487 3432 4544; x_wconf 74' lang='grc' dir='ltr'>εἶναι</span> <span class='ocrx_word' id='word_1_803' title='bbox 3460 4490 3869 4560; x_wconf 84' lang='grc' dir='ltr'>λειτουργικοτς,</span> 
     </span>
    </p>
   </div>
   <div class='ocr_carea' id='block_1_108' title="bbox 2310 4581 3872 4652">
    <p class='ocr_par' dir='ltr' id='par_1_108' title="bbox 2310 4581 3872 4652">
     <span class='ocr_line' id='line_1_108' title="bbox 2310 4581 3872 4652; baseline -0.003 -15"><span class='ocrx_word' id='word_1_804' title='bbox 2310 4581 2514 4652; x_wconf 85' lang='grc' dir='ltr'>ταύτης</span> <span class='ocrx_word' id='word_1_805' title='bbox 2545 4597 2602 4634; x_wconf 89' lang='grc' dir='ltr'><strong>τε</strong></span> <span class='ocrx_word' id='word_1_806' title='bbox 2632 4581 2788 4633; x_wconf 77' lang='grc' dir='ltr'>ἕνεκα</span> <span class='ocrx_word' id='word_1_807' title='bbox 2815 4581 2913 4649; x_wconf 81' lang='grc' dir='ltr'>τῆς</span> <span class='ocrx_word' id='word_1_808' title='bbox 2941 4581 3118 4644; x_wconf 79' lang='grc' dir='ltr'>αἰτίας</span> <span class='ocrx_word' id='word_1_809' title='bbox 3147 4581 3506 4650; x_wconf 78' lang='grc' dir='ltr'>ὀνομάζεσθαι</span> <span class='ocrx_word' id='word_1_810' title='bbox 3541 4581 3651 4633; x_wconf 88' lang='grc' dir='ltr'>δεῖν</span> <span class='ocrx_word' id='word_1_811' title='bbox 3686 4582 3872 4650; x_wconf 84' lang='grc' dir='ltr'>ἀρχιε-</span> 
     </span>
    </p>
   </div>
   <div class='ocr_carea' id='block_1_109' title="bbox 2314 4671 3872 4744">
    <p class='ocr_par' dir='ltr' id='par_1_109' title="bbox 2314 4671 3872 4744">
     <span class='ocr_line' id='line_1_109' title="bbox 2314 4671 3872 4744; baseline -0.001 -18"><span class='ocrx_word' id='word_1_812' title='bbox 2314 4674 2412 4744; x_wconf 77' lang='grc' dir='ltr'><strong>ρέα</strong></span> <span class='ocrx_word' id='word_1_813' title='bbox 2453 4672 2548 4725; x_wconf 71' lang='grc' dir='ltr'>καὶ</span> <span class='ocrx_word' id='word_1_814' title='bbox 2590 4671 2905 4725; x_wconf 83' lang='grc' dir='ltr'>ἀπόστολον.</span> <span class='ocrx_word' id='word_1_815' title='bbox 2951 4671 3127 4740; x_wconf 80' lang='grc' dir='ltr'>Σοφὴν</span> <span class='ocrx_word' id='word_1_816' title='bbox 3172 4672 3237 4725; x_wconf 84' lang='grc' dir='ltr'><strong>ἂν</strong></span> <span class='ocrx_word' id='word_1_817' title='bbox 3273 4673 3564 4740; x_wconf 72' lang='grc' dir='ltr'>ἐποιήσατο</span> <span class='ocrx_word' id='word_1_818' title='bbox 3601 4671 3699 4740; x_wconf 78' lang='grc' dir='ltr'>τὴν</span> <span class='ocrx_word' id='word_1_819' title='bbox 3738 4672 3872 4725; x_wconf 82' lang='grc' dir='ltr'>ἀπό-</span> 
     </span>
    </p>
   </div>
   <div class='ocr_carea' id='block_1_110' title="bbox 2311 4759 3872 4832">
    <p class='ocr_par' dir='ltr' id='par_1_110' title="bbox 2311 4759 3872 4832">
     <span class='ocr_line' id='line_1_110' title="bbox 2311 4759 3872 4832; baseline -0.001 -19"><span class='ocrx_word' id='word_1_820' title='bbox 2311 4761 2502 4830; x_wconf 85' lang='grc' dir='ltr'>πληξιν</span> <span class='ocrx_word' id='word_1_821' title='bbox 2533 4759 2654 4832; x_wconf 86' lang='grc' dir='ltr'>[ἵσ.</span> <span class='ocrx_word' id='word_1_822' title='bbox 2687 4759 3006 4831; x_wconf 74' lang='grc' dir='ltr'>ἐπίπληξιν]</span> <span class='ocrx_word' id='word_1_823' title='bbox 3024 4777 3036 4789; x_wconf 88' lang='grc'><strong>·</strong></span> <span class='ocrx_word' id='word_1_824' title='bbox 3062 4761 3390 4828; x_wconf 83' lang='grc' dir='ltr'>πεποιῆσθαι</span> <span class='ocrx_word' id='word_1_825' title='bbox 3409 4760 3467 4813; x_wconf 84' lang='grc' dir='ltr'>δὲ</span> <span class='ocrx_word' id='word_1_826' title='bbox 3490 4762 3584 4814; x_wconf 75' lang='grc' dir='ltr'>καὶ</span> <span class='ocrx_word' id='word_1_827' title='bbox 3605 4763 3662 4814; x_wconf 76' lang='grc' dir='ltr'>ὲν</span> <span class='ocrx_word' id='word_1_828' title='bbox 3683 4760 3872 4831; x_wconf 87' lang='grc' dir='ltr'>κόσμῳ</span> 
     </span>
    </p>
   </div>
   <div class='ocr_carea' id='block_1_111' title="bbox 2310 4849 3870 4921">
    <p class='ocr_par' dir='ltr' id='par_1_111' title="bbox 2310 4849 3870 4921">
     <span class='ocr_line' id='line_1_111' title="bbox 2310 4849 3870 4921; baseline 0.001 -17"><span class='ocrx_word' id='word_1_829' title='bbox 2310 4853 2443 4921; x_wconf 82' lang='grc' dir='ltr'>φαίη</span> <span class='ocrx_word' id='word_1_830' title='bbox 2491 4869 2574 4915; x_wconf 82' lang='grc' dir='ltr'><strong>τις</strong></span> <span class='ocrx_word' id='word_1_831' title='bbox 2617 4851 2682 4904; x_wconf 86' lang='grc' dir='ltr'><strong>ἂν</strong></span> <span class='ocrx_word' id='word_1_832' title='bbox 2715 4849 2860 4920; x_wconf 83' lang='grc' dir='ltr'>αὐτῷ</span> <span class='ocrx_word' id='word_1_833' title='bbox 2897 4850 2987 4903; x_wconf 82' lang='grc' dir='ltr'>τὸν</span> <span class='ocrx_word' id='word_1_834' title='bbox 3025 4851 3116 4903; x_wconf 76' lang='grc' dir='ltr'>ἐπὶ</span> <span class='ocrx_word' id='word_1_835' title='bbox 3155 4849 3327 4918; x_wconf 85' lang='grc' dir='ltr'>τούτῳ</span> <span class='ocrx_word' id='word_1_836' title='bbox 3374 4851 3742 4921; x_wconf 81' lang='grc' dir='ltr'>συλλογισμόν.</span> <span class='ocrx_word' id='word_1_837' title='bbox 3796 4852 3870 4904; x_wconf 84' lang='grc' dir='ltr'>Ού</span> 
     </span>
    </p>
   </div>
   <div class='ocr_carea' id='block_1_112' title="bbox 2309 4938 3872 5013">
    <p class='ocr_par' dir='ltr' id='par_1_112' title="bbox 2309 4938 3872 5013">
     <span class='ocr_line' id='line_1_112' title="bbox 2309 4938 3872 5013; baseline -0.001 -18"><span class='ocrx_word' id='word_1_838' title='bbox 2309 4945 2416 5013; x_wconf 78' lang='grc' dir='ltr'><strong>γὰρ</strong></span> <span class='ocrx_word' id='word_1_839' title='bbox 2448 4938 2514 5012; x_wconf 82' lang='grc' dir='ltr'>ἦν</span> <span class='ocrx_word' id='word_1_840' title='bbox 2544 4943 2600 4995; x_wconf 84' lang='grc' dir='ltr'>ὲν</span> <span class='ocrx_word' id='word_1_841' title='bbox 2643 4942 2832 4994; x_wconf 83' lang='grc' dir='ltr'>σπάνει</span> <span class='ocrx_word' id='word_1_842' title='bbox 2853 4940 2960 4992; x_wconf 85' lang='grc' dir='ltr'><strong>τῶν</strong></span> <span class='ocrx_word' id='word_1_843' title='bbox 2990 4941 3285 5011; x_wconf 82' lang='grc' dir='ltr'>ίερουργῶν</span> <span class='ocrx_word' id='word_1_844' title='bbox 3320 4941 3481 5012; x_wconf 81' lang='grc' dir='ltr'>ἡτῶν</span> <span class='ocrx_word' id='word_1_845' title='bbox 3509 4941 3643 4994; x_wconf 84' lang='grc' dir='ltr'>ὅλων</span> <span class='ocrx_word' id='word_1_846' title='bbox 3673 4941 3872 5013; x_wconf 81' lang='grc' dir='ltr'>κατάρ-</span> 
     </span>
    </p>
   </div>
   <div class='ocr_carea' id='block_1_113' title="bbox 2312 5030 3871 5104">
    <p class='ocr_par' dir='ltr' id='par_1_113' title="bbox 2312 5030 3871 5104">
     <span class='ocr_line' id='line_1_113' title="bbox 2312 5030 3871 5104; baseline 0 -19"><span class='ocrx_word' id='word_1_847' title='bbox 2312 5051 2479 5104; x_wconf 87' lang='grc' dir='ltr'>χουσα</span> <span class='ocrx_word' id='word_1_848' title='bbox 2503 5032 2681 5101; x_wconf 87' lang='grc' dir='ltr'>φύσις,</span> <span class='ocrx_word' id='word_1_849' title='bbox 2718 5033 2784 5084; x_wconf 74' lang='grc' dir='ltr'>ἵν’</span> <span class='ocrx_word' id='word_1_850' title='bbox 2804 5034 2858 5084; x_wconf 84' lang='grc' dir='ltr'><strong>ἐν</strong></span> <span class='ocrx_word' id='word_1_851' title='bbox 2882 5032 3019 5100; x_wconf 81' lang='grc' dir='ltr'>αὐτῇ</span> <span class='ocrx_word' id='word_1_852' title='bbox 3049 5030 3164 5102; x_wconf 71' lang='grc' dir='ltr'>[τον.</span> <span class='ocrx_word' id='word_1_853' title='bbox 3189 5031 3388 5102; x_wconf 79' lang='grc' dir='ltr'>ἑαυτῇ]</span> <span class='ocrx_word' id='word_1_854' title='bbox 3420 5031 3871 5102; x_wconf 75' lang='grc' dir='ltr'>λειτουργήσειιν.</span> 
     </span>
    </p>
   </div>
   <div class='ocr_carea' id='block_1_114' title="bbox 2328 5121 3873 5194">
    <p class='ocr_par' dir='ltr' id='par_1_114' title="bbox 2328 5121 3873 5194">
     <span class='ocr_line' id='line_1_114' title="bbox 2328 5121 3873 5194; baseline 0 -19"><span class='ocrx_word' id='word_1_855' title='bbox 2328 5123 2544 5194; x_wconf 82' lang='grc' dir='ltr'>Ἐπειδὴ</span> <span class='ocrx_word' id='word_1_856' title='bbox 2593 5124 2649 5175; x_wconf 86' lang='grc' dir='ltr'><strong>δὲ</strong></span> <span class='ocrx_word' id='word_1_857' title='bbox 2689 5122 2845 5189; x_wconf 76' lang='grc' dir='ltr'>φύσει</span> <span class='ocrx_word' id='word_1_858' title='bbox 2882 5122 3012 5186; x_wconf 80' lang='grc' dir='ltr'>Θεὸς</span> <span class='ocrx_word' id='word_1_859' title='bbox 3056 5124 3313 5192; x_wconf 69' lang='grc' dir='ltr'>ὑπάρχων</span> <span class='ocrx_word' id='word_1_860' title='bbox 3347 5124 3374 5174; x_wconf 93' lang='lat'><strong>6</strong></span> <span class='ocrx_word' id='word_1_861' title='bbox 3413 5121 3740 5191; x_wconf 79' lang='grc' dir='ltr'>Μονογενὴς,</span> <span class='ocrx_word' id='word_1_862' title='bbox 3779 5123 3873 5175; x_wconf 77' lang='grc' dir='ltr'><strong>καὶ</strong></span> 
     </span>
    </p>
   </div>
   <div class='ocr_carea' id='block_1_115' title="bbox 2313 5211 3870 5286">
    <p class='ocr_par' dir='ltr' id='par_1_115' title="bbox 2313 5211 3870 5286">
     <span class='ocr_line' id='line_1_115' title="bbox 2313 5211 3870 5286; baseline -0.003 -17"><span class='ocrx_word' id='word_1_863' title='bbox 2313 5215 2412 5278; x_wconf 83' lang='grc' dir='ltr'>τὰς</span> <span class='ocrx_word' id='word_1_864' title='bbox 2441 5215 2592 5286; x_wconf 88' lang='grc' dir='ltr'><strong>παρά</strong></span> <span class='ocrx_word' id='word_1_865' title='bbox 2628 5214 2735 5267; x_wconf 86' lang='grc' dir='ltr'><strong>τῶν</strong></span> <span class='ocrx_word' id='word_1_866' title='bbox 2778 5214 3157 5284; x_wconf 82' lang='grc' dir='ltr'>ίερατευόντων</span> <span class='ocrx_word' id='word_1_867' title='bbox 3188 5212 3526 5282; x_wconf 91' lang='grc' dir='ltr'>λειτουργίας</span> <span class='ocrx_word' id='word_1_868' title='bbox 3569 5211 3870 5280; x_wconf 62' lang='grc' dir='ltr'>δεχόμενος,</span> 
     </span>
    </p>
   </div>
   <div class='ocr_carea' id='block_1_116' title="bbox 2316 5299 3873 5372">
    <p class='ocr_par' dir='ltr' id='par_1_116' title="bbox 2316 5299 3873 5372">
     <span class='ocr_line' id='line_1_116' title="bbox 2316 5299 3873 5372; baseline -0.004 -14"><span class='ocrx_word' id='word_1_869' title='bbox 2316 5307 2393 5368; x_wconf 79' lang='grc' dir='ltr'><strong>εἰς</strong></span> <span class='ocrx_word' id='word_1_870' title='bbox 2429 5305 2489 5357; x_wconf 86' lang='grc' dir='ltr'><strong>τὸ</strong></span> <span class='ocrx_word' id='word_1_871' title='bbox 2535 5304 2645 5356; x_wconf 79' lang='grc' dir='ltr'>τῶν</span> <span class='ocrx_word' id='word_1_872' title='bbox 2673 5303 3016 5372; x_wconf 80' lang='grc' dir='ltr'>τεταγμένων</span> <span class='ocrx_word' id='word_1_873' title='bbox 3061 5304 3138 5363; x_wconf 79' lang='grc' dir='ltr'><strong>είς</strong></span> <span class='ocrx_word' id='word_1_874' title='bbox 3188 5301 3494 5372; x_wconf 80' lang='grc' dir='ltr'>ἱερουργίαν</span> <span class='ocrx_word' id='word_1_875' title='bbox 3543 5299 3873 5367; x_wconf 84' lang='grc' dir='ltr'>καταπεφοί-</span> 
     </span>
    </p>
   </div>
   <div class='ocr_carea' id='block_1_117' title="bbox 2315 5389 3871 5463">
    <p class='ocr_par' dir='ltr' id='par_1_117' title="bbox 2315 5389 3871 5463">
     <span class='ocr_line' id='line_1_117' title="bbox 2315 5389 3871 5463; baseline -0.003 -17"><span class='ocrx_word' id='word_1_876' title='bbox 2315 5410 2446 5462; x_wconf 87' lang='grc' dir='ltr'>τηκε</span> <span class='ocrx_word' id='word_1_877' title='bbox 2479 5393 2698 5463; x_wconf 89' lang='grc' dir='ltr'>μέτρον,</span> <span class='ocrx_word' id='word_1_878' title='bbox 2733 5391 3014 5461; x_wconf 71' lang='grc' dir='ltr'>ἄνθρωπος</span> <span class='ocrx_word' id='word_1_879' title='bbox 3044 5389 3302 5458; x_wconf 81' lang='grc' dir='ltr'>γεγονὼς,</span> <span class='ocrx_word' id='word_1_880' title='bbox 3359 5389 3433 5454; x_wconf 82' lang='grc' dir='ltr'>ὡς</span> <span class='ocrx_word' id='word_1_881' title='bbox 3466 5391 3620 5458; x_wconf 76' lang='grc' dir='ltr'>ἔφην,</span> <span class='ocrx_word' id='word_1_882' title='bbox 3665 5389 3871 5456; x_wconf 84' lang='grc' dir='ltr'>γένοιτο</span> 
     </span>
    </p>
   </div>
   <div class='ocr_carea' id='block_1_118' title="bbox 2315 5480 3872 5551">
    <p class='ocr_par' dir='ltr' id='par_1_118' title="bbox 2315 5480 3872 5551">
     <span class='ocr_line' id='line_1_118' title="bbox 2315 5480 3872 5551; baseline -0.001 -17"><span class='ocrx_word' id='word_1_883' title='bbox 2315 5482 2380 5535; x_wconf 82' lang='grc' dir='ltr'><strong>ἂν</strong></span> <span class='ocrx_word' id='word_1_884' title='bbox 2402 5483 2510 5536; x_wconf 84' lang='grc' dir='ltr'>τῶν</span> <span class='ocrx_word' id='word_1_885' title='bbox 2539 5484 2752 5536; x_wconf 84' lang='grc' dir='ltr'>ἀτόπων</span> <span class='ocrx_word' id='word_1_886' title='bbox 2783 5481 2953 5546; x_wconf 71' lang='grc' dir='ltr'>οὐδὲν,</span> <span class='ocrx_word' id='word_1_887' title='bbox 2987 5484 3035 5534; x_wconf 89' lang='grc' dir='ltr'><strong>εί</strong></span> <span class='ocrx_word' id='word_1_888' title='bbox 3064 5480 3275 5534; x_wconf 76' lang='grc' dir='ltr'>καλοῖτο</span> <span class='ocrx_word' id='word_1_889' title='bbox 3308 5480 3440 5551; x_wconf 83' lang='grc' dir='ltr'>πρὸς</span> <span class='ocrx_word' id='word_1_890' title='bbox 3475 5480 3630 5550; x_wconf 80' lang='grc' dir='ltr'>ἡμῶν</span> <span class='ocrx_word' id='word_1_891' title='bbox 3658 5481 3746 5533; x_wconf 64' lang='grc' dir='ltr'><strong>καὶ</strong></span> <span class='ocrx_word' id='word_1_892' title='bbox 3771 5481 3872 5549; x_wconf 71' lang='grc' dir='ltr'><strong>ἀρ⁵</strong></span> 
     </span>
    </p>
   </div>
   <div class='ocr_carea' id='block_1_119' title="bbox 2319 5571 3868 5644">
    <p class='ocr_par' dir='ltr' id='par_1_119' title="bbox 2319 5571 3868 5644">
     <span class='ocr_line' id='line_1_119' title="bbox 2319 5571 3868 5644; baseline 0.005 -19"><span class='ocrx_word' id='word_1_893' title='bbox 2319 5573 2551 5642; x_wconf 86' lang='grc' dir='ltr'>χιερεύς.</span> <span class='ocrx_word' id='word_1_894' title='bbox 2607 5571 2673 5626; x_wconf 73' lang='grc'><strong>’11</strong></span> <span class='ocrx_word' id='word_1_895' title='bbox 2725 5573 2786 5625; x_wconf 83' lang='grc' dir='ltr'><strong>ού</strong></span> <span class='ocrx_word' id='word_1_896' title='bbox 2847 5573 3216 5644; x_wconf 76' lang='grc' dir='ltr'>καταϐέϐηκεν</span> <span class='ocrx_word' id='word_1_897' title='bbox 3253 5575 3309 5627; x_wconf 75' lang='grc' dir='ltr'>ὲν</span> <span class='ocrx_word' id='word_1_898' title='bbox 3357 5576 3420 5642; x_wconf 80' lang='grc' dir='ltr'>τῇ</span> <span class='ocrx_word' id='word_1_899' title='bbox 3443 5571 3629 5626; x_wconf 82' lang='grc' dir='ltr'>δούλου</span> <span class='ocrx_word' id='word_1_900' title='bbox 3668 5571 3868 5640; x_wconf 67' lang='grc' dir='ltr'>μορφῇ.</span> 
     </span>
    </p>
   </div>
   <div class='ocr_carea' id='block_1_120' title="bbox 2314 5749 2614 5814">
    <p class='ocr_par' dir='ltr' id='par_1_120' title="bbox 2314 5749 2614 5814">
     <span class='ocr_line' id='line_1_120' title="bbox 2314 5749 2614 5814; baseline -0.003 -11"><span class='ocrx_word' id='word_1_901' title='bbox 2314 5749 2472 5805; x_wconf 85' lang='lat' dir='ltr'><strong>Hebr.</strong></span> <span class='ocrx_word' id='word_1_902' title='bbox 2503 5766 2537 5814; x_wconf 88' lang='grc' dir='ltr'><strong>ι,</strong></span> <span class='ocrx_word' id='word_1_903' title='bbox 2564 5749 2614 5803; x_wconf 82' lang='grc'>5.</span> 
     </span>
    </p>
   </div>
  </div>
