4072 6346
150 416 231 472 ἰξί
1216 402 1591 461 ADVEllSllS
1630 402 2034 463 NESTORIUM
2076 405 2200 461 LIB.
2244 406 2330 462 111.

3282 408 3388 463 12⁸2

149 530 348 605 μορφήν
405 526 645 599 δηλονότι
696 524 883 578 δούλου
933 521 1134 587 λαϐὼν,
1181 522 1357 576 καίτοι
1422 522 1708 594 χαρακτὴρ

1817 536 2065 581 naturam
2113 527 2267 592 liber,
2306 535 2490 592 utpote
2527 528 2685 591 Deus,
2717 525 2803 582 ille
2830 525 2920 595 qui
2954 533 3069 580 erat
3120 525 3172 581 in
3214 526 3386 582 forma

147 623 397 691 ὑπάρχων
446 618 537 671 καὶ
580 614 916 683 ἀπαύγασμα
969 614 1067 681 τῆς
1116 610 1271 680 δόξης
1317 608 1411 663 τοῦ
1464 608 1709 681 Πατρός;

146 710 249 763 ἀλλ’
278 710 378 762 οὐκ
406 707 472 761 ἂν
503 703 791 759 ὲνδοιάσειέ
821 719 924 765 τις.
951 702 1078 753 Ὅτε
1112 701 1292 753 τοίνυν
1324 702 1350 752 6
1382 701 1519 753 κατά
1550 699 1711 768 φύσιν

148 799 274 851 ἰδίαν
298 795 601 865 ἐλεύθερος,
629 795 703 855 ὼς
728 792 877 854 Θεὸς,
898 793 926 843 6
956 793 1011 843 ἐν
1044 791 1225 859 μορφῇ
1257 788 1352 840 καὶ⁷
1385 788 1588 856 ἰσότητι
1619 788 1711 839 τοῦ

147 888 529 957 γεγεννηκότος
550 924 564 947 ,
623 884 998 954 κεχρημάτικε
1049 880 1264 943 δοῦλος,
1315 879 1407 932 τὸν
1441 877 1551 950 [τσ.
1579 877 1711 951 τῶν]

145 984 243 1035 ὑπὸ
281 980 422 1046 ζυγὰ
452 978 693 1039 δουλείας
724 976 784 1028 τὸ
835 974 1032 1045 μέτρον
1061 973 1121 1025 οὺ
1156 970 1517 1040 διωθούμενος
1566 972 1711 1023 οίκο-

145 1072 399 1143 νομικῶς,
434 1070 548 1123 ἀνθ’
576 1071 696 1122 ὅτου
728 1066 902 1128 δέδιας
933 1064 1094 1117 αὑτὸν
1128 1063 1219 1116 καὶ
1243 1062 1500 1135 ἀρχιερέα
1529 1062 1710 1115 καλεῖν

143 1164 224 1216 διὰ
264 1163 327 1216 τὸ
363 1160 734 1232 ἀνθρώπινον;
780 1155 1027 1225 καθιεροῖ
1070 1153 1178 1221 γὰρ
1219 1155 1366 1223 ἡμᾶς
1413 1153 1492 1214 εἰς
1537 1151 1711 1222 όσμην

143 1254 365 1315 εὐωδίας
396 1252 483 1305 διὰ
521 1250 619 1319 τῆς
652 1248 886 1310 πίστεως
907 1264 919 1276 ·
955 1245 1144 1299 ἑαυτόν
1177 1262 1236 1297 τε
1276 1243 1414 1315 ὑπὲρ
1455 1244 1609 1313 ήμῶν
1637 1244 1711 1307 ὡς

144 1344 517 1414 εύοσμὼτατον
552 1342 696 1411 θῦμα
730 1338 1133 1407 προσκεκόμικε
1181 1336 1257 1405 τῷ
1297 1336 1492 1405 Πατρί.
1538 1336 1595 1388 '0
1632 1335 1709 1401 δὲ,

144 1436 237 1488 οὐκ
257 1432 351 1488 οἷδ’
374 1436 402 1486 ὃ
422 1451 474 1486 τι
500 1433 693 1499 λέγων,
722 1430 1061 1499 προσεπάγει
1091 1426 1300 1489 τούτοις
1325 1426 1485 1488 εὐθύς
1503 1442 1516 1455 ·
1543 1424 1713 1478 Πόθεν

143 1520 230 1577 οὖν
257 1526 284 1576 6
316 1524 449 1585 Θεὸς
488 1522 669 1583 αὐτοῖς
709 1519 1009 1587 κεκλῆσθαι
1057 1517 1150 1569 νῦν
1200 1517 1491 1587 ἀρχιερεὺς
1529 1514 1712 1585 ὲνομί-

146 1619 305 1685 σθη,ὁ
337 1615 526 1677 θυσίας
555 1614 633 1677 εἰς
664 1610 947 1682 προκοπὴν
977 1609 1111 1662 ἰδίαν
1145 1610 1217 1677 μὴ
1252 1608 1502 1678 χρῄζων;
1535 1610 1562 1660 6
1588 1608 1715 1660 Θεόο

144 1725 296 1777 τητος
326 1708 547 1775 κτήτωρ
586 1723 603 1755 ι
634 1705 690 1768 ἐξ
719 1702 1022 1772 ἀνθρώπων
1055 1699 1299 1770 ληφθεὶς,
1329 1698 1471 1768 ὑπὲρ
1505 1697 1713 1769 ἀνθρώ·

1815 629 1868 670 et
1896 617 2201 684 aequalitate
2229 619 2558 687 generantis,
2593 617 2767 673 factus
2798 627 2881 671 est
2911 632 3122 680 servus,
3166 632 3385 673 mensu-

1814 723 1929 761 ram
1957 724 2141 763 eorum
2166 710 2255 779 qui
2302 710 2402 763 sub
2428 709 2554 779 jugo
2582 708 2862 764 servitutis
2894 719 3073 774 erant,
3106 709 3387 777 dispensa-

1816 804 1950 854 toria
1982 802 2193 856 ratione
2225 816 2330 855 non
2387 802 2728 869 dedignatus,
2773 815 2877 870 qua
2907 799 2971 852 de
3002 815 3163 853 causa
3195 800 3389 854 metuis

1814 908 1937 947 eum
2008 894 2315 960 pontiﬁcem
2376 902 2595 961 propter
2638 891 3029 944 humanitatem
3091 890 3387 958 appellare,

1813 985 1901 1052 qui
1934 993 1987 1037 et
2025 999 2123 1037 nos
2156 983 2317 1038 oll‘ert
2356 984 2405 1036 in
2438 981 2761 1037 sacriﬁcium
2797 984 3127 1050 odoremque
3150 982 3390 1036 suavita-

1816 1077 1882 1128 tis
1910 1090 2005 1142 per
2044 1074 2221 1138 ﬁdem,
2254 1083 2308 1128 et
2339 1074 2576 1141 seipsum
2611 1072 2754 1125 Patri
2802 1087 2898 1139 pro
2927 1071 3083 1125 nobis
3130 1081 3385 1141 tanquam

1814 1167 2243 1221 odoratissimam
2297 1166 2570 1219 victimam
2622 1165 2857 1219 obtulit?
2902 1164 2999 1218 ilic
3046 1180 3172 1219 vero
3221 1163 3373 1233 (quid

1816 1260 1956 1313 dicat
2011 1258 2215 1326 nescio)
2272 1256 2358 1311 his
2404 1256 2547 1310 illico
2587 1254 2883 1325 adiungit:
2942 1255 3225 1310 Undenam
3288 1254 3388 1322 ipsi

1816 1360 2115 1419 putarunt,
2171 1348 2340 1402 Deum
2397 1362 2539 1402 nunc
2587 1356 2834 1401 vocatum
2883 1362 3003 1401 esse
3054 1348 3389 1415 pontiﬁcem,

1816 1456 1937 1494 cum
1991 1440 2075 1491 ille
2114 1438 2285 1491 hostia
2320 1437 2384 1489 ad
2440 1437 2838 1503 promotionem
2886 1452 3035 1489 suam
3091 1452 3193 1490 non
3246 1435 3392 1489 indi-

1815 1530 1984 1602 geat?
2022 1529 2245 1583 Deitatis
2298 1543 2584 1595 possessor
2621 1545 2638 1579 ι
2692 1542 2757 1581 ex
2805 1527 3123 1581 hominibus
3169 1543 3390 1581 assum-

1816 1633 1961 1693 ptus,
1990 1638 2087 1690 pro
2117 1623 2424 1675 hominibus
2448 1620 2795 1673 constituitur
2825 1620 2876 1673 in
2907 1620 2989 1673 his
3019 1635 3140 1687 qua:
3164 1630 3289 1671 sunt
3312 1618 3378 1670 ad

1819 1714 1982 1767 Deum
2021 1713 2085 1763 ".
2119 1731 2137 1764 ι
2172 1712 2455 1768 Undenam
2490 1712 2656 1782 igitur
2689 1724 2856 1778 esset,
2883 1721 2937 1765 et
2971 1726 3131 1779 quam
3165 1711 3235 1763 ob
3266 1725 3393 1763 cau-

144 1817 252 1851 πων
282 1797 603 1850 καθίσταται
646 1794 712 1847 τὰ
745 1794 879 1862 πρὸς
916 1793 1005 1845 τὸν
1033 1791 1197 1856 Θεόν;
1228 1809 1247 1842 ο
1286 1790 1455 1842 Πόθεν
1494 1791 1593 1859 μὲν
1620 1787 1710 1842 οὖν

1815 1821 1929 1859 sam
1968 1806 2238 1872 Christus,
2288 1808 2388 1861 hoc
2431 1817 2532 1870 est,
2589 1807 2763 1875 ipsum
2808 1806 2895 1859 Dei
2951 1804 3179 1859 Verbum
3230 1803 3392 1858 homo

144 1885 223 1960 ἦν,
266 1891 299 1960 ἢ
344 1889 433 1941 διὰ
470 1887 627 1939 ποίαν
666 1885 843 1937 αἰτίαν
890 1883 1205 1951 ὠνόμασται
1239 1882 1503 1951 Χριστὸς,
1552 1895 1710 1931 τουτ-

1820 1898 2039 1958 factum,
2075 1898 2372 1966 appellatus
2402 1898 2471 1950 sit
2504 1866 2792 1965 Apostolus
2822 1906 2875 1949 et
2915 1896 3179 1959 Pontifex,
3214 1895 3391 1949 abun-

142 1983 304 2041 ἐστιν,
350 1976 634 2041 ἄνθρωπος
683 1972 921 2042 γεγονὼς
954 1975 981 2025 6
1028 1970 1122 2024 τοῦ
1168 1972 1301 2025 Θεοῦ
1343 1973 1515 2040 Λόγος
1550 1971 1711 2024 Ἀπό-

142 2068 320 2133 στολος
356 2067 451 2121 καὶ
489 2066 820 2137 Ἀρχιερεὺς,
848 2062 1088 2133 διαρκῶς
1120 2063 1251 2133 ήμῖν
1278 2064 1307 2116 ό
1331 2062 1489 2130 λόγος
1517 2061 1712 2114 ἀποδέ-

139 2158 307 2229 δειχεν
340 2158 565 2228 ἀρτίως.
609 2152 776 2225 Οἶμαι
825 2154 881 2207 δὲ
923 2154 1033 2207 δεῖν
1071 2154 1171 2207 οὐκ
1207 2153 1568 2208 ἀϐασάνιστον
1617 2154 1712 2223 ὲᾷν

139 2251 231 2318 τὴν
267 2250 514 2318 ἀσυνήθη
559 2264 617 2299 τε
658 2248 752 2299 καὶ
786 2245 945 2315 ξένην
990 2246 1152 2298 αὐτοῦ
1191 2246 1396 2315 φωνήν.
1420 2240 1567 2315 Ἀρα
1604 2246 1712 2312 γὰρ

140 2340 387 2409 θεότητος
443 2339 684 2408 κτήτορα
713 2337 806 2389 τὸν
842 2338 909 2389 ὲκ
938 2335 1072 2390 Θεοῦ
1120 2338 1254 2407 φησί
1286 2337 1479 2405 Λόγον,
1526 2336 1629 2389 κᾶν
1664 2337 1715 2388 εἰ

138 2430 233 2481 ἀνὰ
265 2429 432 2501 μέρος
465 2427 707 2497 βούλοιτό
737 2444 820 2489 τις
845 2428 985 2479 νοεῖν
1013 2426 1174 2479 αὑτὸν
1204 2429 1297 2479 καὶ
1325 2426 1445 2497 δίχα
1472 2426 1708 2497 σαρκόςς

140 2516 240 2591 ἆρα
268 2522 344 2584 ὡς
378 2523 509 2591 παρ’
536 2521 695 2574 αὐτὸν
727 2519 919 2590 ἑτέραν
951 2517 1047 2587 τὴν
1077 2517 1305 2589 θεότητα
1344 2519 1507 2572 αὑτοῦ
1550 2518 1713 2588 διορί-

138 2611 319 2677 ζεται;
350 2607 443 2684 ἦς,
484 2613 583 2665 οὐκ
610 2608 704 2664 οἷδ’
732 2612 898 2672 ὅπως,
930 2609 1073 2661 καθά
1110 2626 1275 2677 φησιν
1307 2610 1489 2671 αὐτὸς,
1522 2610 1712 2676 γέγονε

138 2704 374 2773 κτήτωρ,
424 2702 501 2763 ὡς
557 2698 1034 2770 προσειλημμένης
1089 2695 1290 2760 ἔξωθεν
1337 2696 1431 2749 καὶ
1475 2699 1712 2767 ἐπισυμ-

139 2794 304 2864 ϐἁσης
332 2792 501 2862 αὐτῷ,
542 2791 716 2844 καίτοι
749 2789 866 2861 Θεῷ
906 2790 1047 2843 κατά
1076 2790 1238 2857 φύσιν
1268 2788 1367 2841 οὐκ
1413 2789 1525 2842 ὄντι
1565 2790 1715 2860 αὑτῷ

140 2903 288 2950 ποτε,
305 2887 493 2938 ὁποῖόν
513 2888 627 2937 ἐστι
648 2885 707 2937 τὸ
729 2884 880 2954 παρὰ
899 2885 999 2954 τῆς
1016 2885 1250 2956 ἀρχαίας
1273 2884 1492 2954 ἐκείνης
1516 2903 1711 2954 γυναι-

141 2979 249 3041 κὸς,
272 2978 416 3048 φημί
439 2976 503 3046 δὴ
533 2978 630 3047 τῆς
648 2975 810 3042 Εΰας,
826 2976 1088 3046 τεκούσης
1108 2979 1197 3029 τὸν
1222 2976 1326 3047 Σήθ
1350 2977 1461 3048 (l9)
1483 2994 1496 3008 ·
1536 2996 1553 3028 ι
1597 2979 1717 3030 Ἐκ-

139 3070 386 3139 τησάμην
400 3069 683 3139 ἄνθρωπον
701 3069 789 3121 διὰ
819 3068 913 3121 τοῦ
947 3068 1102 3122 Θεοῦ.
1145 3069 1319 3121 Ἀλλ’»
1356 3064 1531 3138 οἶμαι,
1559 3068 1715 3121 τοῦτό

141 3163 280 3212 ἐστιν
327 3159 636 3229 ἀπόϐλητον
673 3159 949 3221 παντελῶς
1000 3158 1149 3227 αὑτῷ
1182 3176 1241 3211 τε
1286 3160 1377 3211 καὶ
1438 3160 1619 3210 πᾶσιν.
1650 3158 1715 3210 Τί

140 3248 227 3304 οὖν
269 3253 611 3323 ἀκυρολογεῖ,
646 3252 740 3303 καὶ
774 3253 1147 3321 παραῤῥιπτεῖ
1192 3252 1373 3318 φωνὰς
1422 3252 1713 3314 ἀσυνέτους

144 3340 223 3392 ἐπ’
242 3340 563 3407 ἀναγκαίοις
591 3337 731 3391 οὓτω
759 3339 1106 3409 πράγμασιν,
1129 3340 1199 3391 Ἣ
1227 3340 1325 3391 οὐκ
1351 3339 1415 3391 ἂν
1441 3339 1592 3406 ὄφλοι
1620 3339 1714 3406 γέ-

140 3432 278 3486 λωτα
312 3431 409 3485 καὶ
449 3429 875 3498 φρενοϐλαϐείας
908 3432 1145 3501 γραφὴν,
1182 3433 1230 3484 εἰ
1261 3432 1326 3502 δὴ
1360 3431 1599 3502 βούλοιτό
1632 3448 1714 3496 τις

141 3524 231 3576 ἕνα
268 3524 381 3575 τῶν
434 3521 555 3573 καθ’
593 3523 740 3591 ἡμᾶς
779 3521 1193 3591 ἀνθρωπότητος
1236 3523 1476 3592 κτήτορα
1510 3522 1709 3591 λέγειν,

141 3614 298 3680 ἤγουν
350 3612 444 3664 τὸν
480 3612 641 3665 ἵππον
690 3612 1016 3682 ἰππότητοςς
1060 3613 1154 3674 Τίς
1201 3610 1311 3682 ἆρα
1346 3612 1528 3664 λοιπὸν
1556 3616 1584 3666 6
1615 3614 1711 3682 τῆς

145 3703 389 3773 θεότητος
425 3706 663 3771 κτήτωρ,
702 3704 765 3753 r6
797 3702 854 3767 ἐξ
883 3701 1185 3771 ἀνθρώπων
1218 3703 1445 3772 ληφθεὶς
1472 3704 1541 3757 τὰ
1575 3706 1711 3775 πρὸς

145 3793 225 3845 τὸν
248 3792 381 3846 Θεὸν
411 3792 765 3855 καθίσταται;
804 3791 950 3862 Ἐρεῖ
978 3792 1116 3861 τάχα
1160 3808 1260 3845 που
1292 3793 1481 3846 διελὼν
1514 3795 1591 3857 είς
1620 3795 1713 3847 δύο

142 3883 226 3935 τὸν
266 3885 364 3937 ἕνα
410 3883 664 3953 Χριστὸν,
702 3885 793 3937 τὸν
822 3886 886 3937 ὲκ
918 3887 1014 3955 τῆς
1045 3887 1207 3952 ἁγίας
1256 3887 1568 3957 Παρθένουο
1616 3890 1710 3956 γέ-

143 3993 378 4045 γραπται
414 3973 525 4045 [ἷσ.
555 3976 875 4048 τέτραπται]
910 3978 1015 4048 γάρ
1055 3996 1170 4042 πως
1200 3980 1278 4043 εἰς
1308 3980 1463 4032 τοῦτο
1494 3981 1589 4032 καὶ
1618 3980 1710 4033 νῦν

141 4070 166 4119 ό
192 4067 391 4130 σκοπὸς
417 4066 566 4137 αὐτῷ
586 4084 599 4097 °
632 4069 825 4138 κτῆσις
847 4065 939 4122 οὖν
972 4069 1258 4139 ἀνθρώπου
1288 4072 1509 4138 γέγονεν
1538 4075 1570 4143 ή
1602 4072 1712 4125 θεό-

141 4174 262 4227 της,
298 4156 424 4209 εἰπέ
467 4174 583 4227 μοι,
630 4160 723 4211 καὶ
763 4157 960 4228 συνέϐη
1005 4160 1109 4212 τινὶ
1163 4159 1271 4212 τῶν
1304 4161 1425 4213 καθ’
1453 4163 1618 4231 ἡμᾶς,
1653 4163 1711 4215 τὸ

143 4248 293 4313 φύσει
322 4264 383 4300 τε
414 4250 513 4302 καὶ
548 4248 773 4318 ἀληθείᾳ
816 4249 1067 4316 γενέσθαι
1106 4249 1257 4316 Θεὸν,
1288 4253 1382 4305 καὶ
1424 4253 1527 4322 τῆς
1567 4255 1707 4306 ἀνω-

141 4341 279 4393 τάτω
314 4340 509 4395 πασῶν
553 4340 644 4393 καὶ
678 4341 990 4412 ὑπερτάτης
1034 4344 1220 4405 οὐσίας
1268 4345 1708 4415 καταπλουτῆσαι

141 4431 232 4499 τὴν
265 4432 584 4501 ὑπεροχήν;
623 4431 837 4497 Ἀπαγε
874 4432 973 4501 τῆς
1020 4432 1369 4495 δυσϐουλίας,
1416 4434 1668 4504 ἄνθρωπε
1692 4453 1703 4464 ·

1816 1990 1881 2048 de
1926 1994 2174 2060 proximo
2223 2005 2473 2044 sermone
2525 1990 2853 2057 patefactum
2897 1999 3020 2042 est:
3076 1988 3168 2043 sed
3211 1997 3390 2042 tamen

1815 2084 2083 2136 insuetam
2123 2091 2177 2135 et
2212 2096 2408 2135 novam
2455 2081 2571 2148 ejus
2621 2094 2806 2133 vocem
2838 2095 2945 2132 non
2980 2094 3099 2134 esse
3129 2080 3246 2134 sine
3282 2080 3394 2133 dis-

1814 2176 2067 2228 cussione
2114 2174 2548 2241 przetereundam
2592 2186 2813 2227 censeo.
2854 2169 2994 2226 Num
3034 2173 3176 2224 enim
3210 2169 3391 2224 Deita-

1819 2268 1885 2319 tis
1917 2280 2285 2336 possessorem
2338 2265 2514 2335 ipsum
2559 2279 2623 2317 ex
2658 2263 2766 2317 Deo
2795 2262 3031 2317 Verbum
3074 2264 3225 2327 dicit,
3268 2263 3392 2316 licet

1814 2372 2057 2411 seorsum
2094 2356 2225 2410 illud
2282 2354 2586 2421 intelligere
2636 2354 2921 2423 quisquam
2966 2354 3096 2406 velit
3147 2364 3202 2407 et
3246 2354 3383 2407 citra

1815 2445 2072 2503 carnem?
2102 2462 2168 2499 an
2201 2445 2367 2513 ipsius
2397 2442 2731 2497 divinitatem
2770 2454 3024 2511 tanquam
3065 2443 3132 2496 ab
3168 2446 3285 2511 ipso
3311 2445 3394 2496 di—

1816 2552 2027 2593 versam
2061 2534 2382 2604 distinguit?
2412 2535 2569 2600 cujus
2616 2534 2801 2587 nescio
2833 2549 3066 2601 quonam
3117 2534 3300 2597 modo,
3334 2543 3391 2587 ut

1817 2630 1929 2698 ipse
1956 2628 2053 2693 ait,
2089 2640 2370 2695 possessor
2405 2633 2489 2679 est
2520 2624 2715 2687 factus,
2752 2632 3003 2693 tanquam
3033 2625 3077 2676 si
3113 2625 3388 2679 extrinse-

1816 2736 1910 2774 cus
1944 2728 2167 2787 accepta
2202 2718 2293 2779 sit,
2332 2728 2385 2769 et
2422 2716 2496 2769 illi
2541 2716 2841 2779 advenerit,
2872 2715 3001 2769 licet
3031 2716 3119 2770 ille
3144 2716 3389 2783 aliquan-

1816 2810 1885 2862 do
1919 2808 2059 2860 l)eus
2091 2805 2387 2861 secundum
2422 2816 2671 2858 naturam
2712 2820 2815 2859 non
2851 2805 3031 2871 Fuerit,
3070 2807 3228 2874 quale
3261 2806 3388 2859 illud

1815 2908 1899 2951 est
1926 2914 1956 2951 a
2000 2899 2179 2964 prisca
2207 2896 2298 2951 illa
2326 2897 2548 2961 femina,
2578 2897 2684 2949 Eva
2718 2897 2961 2965 inquam,
2997 2897 3221 2959 dictum,
3267 2911 3388 2950 cum

1816 2988 1948 3043 Seth
2000 2988 2165 3041 ﬁlium
2214 2987 2372 3041 enixa
2414 2996 2559 3041 esset
2594 3002 2608 3031 τ
2644 3005 2660 3037 ι
2719 2986 2935 3040 Posscdi
2983 2986 3253 3040 hominem
3297 3000 3393 3053 per

1816 3080 1981 3133 Deum
2014 3082 2050 3133 '.
2092 3098 2110 3131 ι
2154 3079 2259 3133 Sed
2291 3079 2363 3141 id,
2400 3079 2500 3132 nisi
2532 3077 2713 3141 fallor,
2744 3090 2794 3131 et
2825 3079 2938 3144 ipse
2966 3088 3017 3133 et
3049 3092 3237 3132 omnes
3271 3078 3387 3147 pla-

1822 3188 1887 3225 ne
1920 3173 2277 3239 respuendum
2308 3180 2555 3224 censent.
2593 3169 2702 3223 Cur
2735 3185 2864 3238 ergo
2901 3170 3193 3239 improprie
3221 3170 3395 3237 loqui-

1823 3274 1930 3327 tur,
1965 3272 2019 3317 et
2051 3263 2428 3333 imprudenter
2460 3277 2617 3315 voces
2671 3262 2905 3329 projicit,
2962 3263 3012 3315 in
3062 3264 3219 3318 rebus
3255 3264 3393 3317 adeo

1819 3355 2107 3423 gravibus?
2138 3355 2336 3408 Annon
2389 3355 2645 3408 ridendus
2673 3364 2987 3416 censeatur,
3018 3365 3071 3406 et
3105 3356 3391 3407 dementiae

1819 3447 2024 3500 crimen
2066 3446 2328 3507 incurrat,
2390 3447 2434 3499 si
2473 3447 2594 3513 quis
2636 3461 2800 3498 unum
2850 3445 2917 3499 de
2963 3455 3148 3499 nostro
3195 3460 3392 3513 genere

1816 3538 1945 3590 velit
1989 3536 2343 3589 humanitatis
2391 3550 2759 3604 possessorem
2807 3536 3006 3599 dicere,
3044 3546 3136 3588 aut
3187 3552 3384 3604 equum

1816 3627 2024 3695 equinm
2056 3637 2261 3679 naturae
2284 3626 2306 3678 ?
2329 3626 2458 3691 Quis
2509 3641 2638 3692 ergo
2669 3635 2751 3679 est
2801 3626 2888 3679 ille
2921 3627 3225 3680 divinitatis
3267 3644 3390 3695 pos-

1816 3733 2020 3781 sessor,
2054 3735 2071 3767 ι
2108 3717 2197 3785 qui
2230 3732 2295 3769 ex
2327 3717 2635 3770 hominibus
2671 3726 2978 3785 assumptus
3007 3758 3021 3780 ,
3066 3733 3163 3784 pro
3212 3718 3391 3771 horni-

1815 3809 1972 3862 nibus
2003 3809 2357 3860 constituitur
2384 3807 2435 3858 in
2469 3807 2553 3858 his
2583 3821 2702 3873 qth
2745 3815 2870 3859 sunt
2901 3807 2965 3857 ad
3014 3805 3220 3859 Deum?
3254 3826 3270 3857 ι
3304 3808 3391 3858 Di-

1815 3908 1901 3952 cet
1933 3898 2187 3959 fortasse,
2218 3911 2383 3949 unum
2412 3894 2693 3949 Christum
2732 3896 2783 3948 in
2814 3897 2948 3949 duos
2974 3897 3241 3961 dividens,
3269 3912 3389 3950 esse

1815 3988 1959 4041 illum
1990 4003 2053 4042 ex
2082 3999 2269 4041 saneta
2312 3982 2567 4055 Virgine:
2614 3988 2716 4040 huc
2766 3986 2907 4040 enim
2940 3988 3115 4041 omnis
3150 3990 3270 4054 ejus
3303 3990 3387 4040 in—

1816 4079 1981 4133 tentio
2028 4087 2252 4143 spectat.
2289 4076 2498 4146 Ergone
2532 4077 2803 4144 possessio
2858 4078 3093 4131 hominis
3130 4080 3267 4131 facta
3303 4091 3385 4133 est

1814 4170 1924 4235 ipsa
1958 4166 2234 4228 divinitas,
2276 4181 2403 4233 rogo
2432 4175 2503 4230 te,
2533 4178 2587 4218 et
2612 4164 2770 4218 alicui
2817 4180 2848 4219 e
2882 4166 3035 4219 nobis
3075 4168 3303 4233 contigit
3328 4179 3385 4220 ut

1812 4257 2105 4312 secundum
2154 4267 2401 4310 naturam
2439 4273 2502 4309 ac
2537 4272 2659 4312 vere
2703 4257 2845 4311 Deus
2887 4258 3061 4321 ﬁeret,
3111 4266 3165 4312 et
3203 4272 3385 4313 essen-

1815 4351 1899 4402 tia:
1920 4350 2159 4403 omnium
2198 4363 2420 4401 summa:
2449 4363 2511 4401 ac
2545 4350 3012 4416 prmstantissimm
3060 4349 3381 4403 excellentia

1811 4439 2121 4492 ditaretur?
2151 4438 2263 4507 68
2289 4439 2492 4505 Apage,
2532 4439 2713 4503 homo,
2752 4439 2819 4491 ab
2847 4438 2946 4492 hac
2989 4439 3215 4491 stultitia
3246 4457 3258 4492 :
3288 4454 3386 4493 nc-

142 4522 465 4592 κεκτήσεται
493 4520 601 4590 γὰρ
632 4520 821 4587 οὐδεὶς,
854 4523 947 4574 καὶ
980 4522 1055 4585 ὡς
1090 4525 1222 4575 ἰδίαν
1249 4525 1314 4576 ἂν
1344 4524 1458 4595 ἔχοι
1484 4525 1581 4596 τήν
1609 4530 1707 4597 τῆς

1815 4542 1915 4593 que
1942 4526 2084 4579 enim
2143 4526 2428 4593 quisquam
2477 4540 2543 4578 ex
2593 4525 2678 4579 his
2728 4526 2816 4593 qni
2857 4527 2996 4579 inter
3030 4528 3207 4595 genita
3259 4543 3385 4581 ceu-

141 4612 389 4683 Θεότητος
420 4612 603 4680 φύσιν,
648 4613 755 4665 τῶν
786 4612 1081 4666 τελούντων
1126 4616 1184 4667 ὲν
1224 4620 1518 4685 γεννητοῖς.
1548 4618 1708 4671 Ἴδιον

140 4695 201 4769 ἦν
223 4701 282 4754 τὸ
312 4701 479 4769 σῶμα
504 4700 597 4754 τοῦ
629 4702 801 4770 Λόγου
821 4717 835 4733 ·
869 4704 961 4754 καὶ
985 4702 1058 4765 ὡς
1077 4703 1171 4755 ἕνα
1195 4703 1325 4755 Θεὸν
1356 4706 1449 4757 καὶ
1477 4706 1708 4775 Χριστὸν

142 4792 228 4843 καὶ
255 4792 382 4845 Υἰὸν
413 4793 511 4846 καὶ
536 4794 738 4862 Κύριον
765 4794 860 4846 σὺν
888 4793 1035 4863 αὐτῷ
1062 4795 1501 4865 προσκεκύνηκεν
1530 4800 1561 4866 ή
1598 4798 1708 4851 κτί-

142 4895 249 4945 σις,
291 4881 389 4935 καὶ
438 4881 810 4947 δοξολογοῦσιν
846 4883 895 4935 οἰ
940 4882 1193 4951 οὐρανοὶ,
1246 4884 1339 4935 καί
1394 4885 1491 4938 σὺν
1524 4886 1706 4949 αὐτοῖς

140 4971 324 5038 ἡμεῖς·
358 4972 436 5034 ὼς
471 4971 579 5040 γὰρ
616 4974 644 5024 6
678 4974 961 5043 προφήτης
1002 4974 1182 5041 φησὶν,
1221 4993 1238 5022 ι
1283 4974 1581 5042 Ἐκάλυψεν
1614 4978 1703 5028 ού-

142 5066 326 5129 ρανοὺς
352 5065 387 5134 ἡ
422 5065 596 5135 ἀρετὴ
627 5064 811 5128 αὐτοῦ,
839 5065 933 5116 καί
960 5068 1057 5135 τῆς
1089 5066 1345 5129 αἰνέσεως
1379 5068 1542 5120 αὑτοῦ
1576 5068 1707 5137 πλή-

141 5166 233 5217 ρης
277 5152 310 5221 ἡ
362 5152 475 5220 γῆ,
503 5170 521 5203 ι
576 5152 673 5220 οὐχ
707 5153 781 5214 ὼς
813 5152 1099 5223 ἀνθρώπου
1161 5154 1389 5223 θεότητα
1428 5159 1708 5227 κτησαμέ-

138 5255 222 5292 νου
243 5257 257 5273 ·
289 5242 409 5304 πῶς
440 5241 572 5309 γὰρ,
601 5242 632 5310 ἢ
666 5242 857 5307 πόθεν;
895 5242 1011 5295 ἀλλ’
1036 5242 1111 5306 ὡς
1140 5244 1197 5295 ὲν
1243 5245 1543 5314 προσλήψει
1576 5264 1708 5315 σαρ-

140 5328 226 5388 κὸς
251 5330 548 5402 ἀνθρώπου
578 5331 857 5397 γεγονότος
890 5331 982 5385 τοῦ
1012 5333 1077 5386 ὲκ
1105 5332 1239 5385 Θεοῦ
1273 5334 1483 5403 Πατρὸς
1509 5336 1703 5403 Λόγου.

150 5417 283 5471 Ἀλλ’
314 5423 458 5475 ἔστω
501 5422 663 5491 τυχὸν
690 5424 717 5475 6
746 5421 804 5487 ἐξ
830 5422 1132 5493 ἀνθρώπων
1163 5422 1387 5494 ληφθεὶς
1406 5464 1420 5488 ,
1458 5424 1707 5493 θεότητος

201 5532 243 5561 ⁸³
273 5529 439 5585 Hebr.
467 5546 521 5595 v,
548 5532 600 5585 9.
679 5531 695 5562 ¹
728 5532 859 5587 Gen.
890 5548 961 5598 tv,
992 5534 1042 5587 l.
1118 5536 1136 5565 ³
1169 5532 1369 5589 Habac.
1397 5550 1478 5597 nt,
1504 5536 1557 5592 5.

1810 4628 2019 4680 sentur,
2072 4614 2365 4684 possidebit
2423 4624 2475 4668 et
2537 4625 2789 4684 tanquam
2848 4617 3119 4684 propriam
3169 4618 3382 4672 habebit

1813 4714 2060 4758 naturam
2117 4704 2444 4757 divinitatis.
2501 4702 2788 4771 Proprium
2841 4714 2961 4759 erat
3015 4704 3174 4759 Verbi
3210 4708 3386 4773 ipsum

1812 4812 2031 4864 corpus,
2080 4808 2134 4850 et
2164 4811 2267 4848 una
2306 4811 2426 4850 cum
2478 4796 2569 4849 illo
2608 4805 2863 4864 tanquam
2910 4812 3072 4851 unum
3121 4798 3283 4851 Deum
3330 4810 3386 4852 et

1810 4889 2082 4942 Christum
2114 4897 2167 4941 et
2214 4888 2406 4942 Filium
2439 4896 2488 4939 ct
2528 4889 2815 4942 Dominum
2851 4895 3040 4943 adorat
3086 4890 3198 4958 ipsa
3228 4905 3385 4945 crea-

1816 4990 1958 5042 tura,
1989 4989 2043 5031 et
2074 4980 2197 5033 tacti
2239 4979 2562 5055 glorilicatit,
2599 4988 2650 5032 et
2682 4994 2803 5032 cum
2850 4980 2981 5046 ipsis
3014 4994 3110 5033 nos
3143 4995 3380 5049 quoque.

1817 5069 1884 5123 Ut
1914 5070 2056 5123 enim
2089 5070 2163 5122 ait
2195 5072 2453 5136 propheta
2483 5086 2494 5121 :
2529 5088 2545 5119 ‹
2572 5068 2799 5135 Operuit
2836 5072 3003 5125 cmlos
3032 5071 3204 5124 virtus
3244 5073 3379 5138 ejus,

1811 5170 1865 5212 et
1894 5159 2065 5213 laudis
2097 5162 2212 5228 ejus
2247 5160 2401 5228 plena
2440 5168 2523 5212 est
2567 5170 2709 5213 terra
2740 5164 2759 5192 '
2800 5180 2811 5215 :
2852 5182 2870 5212 ›
2904 5178 3009 5215 non
3042 5164 3183 5231 quod
3222 5163 3383 5217 homo

1811 5248 2150 5302 divinitatem
2188 5251 2528 5317 possederit:
2572 5254 2661 5319 qui
2726 5254 2906 5317 enim,
2936 5263 3028 5306 aut
3064 5254 3381 5307 undenam?

1812 5340 1903 5392 sed
1932 5342 2073 5407 quod
2125 5342 2297 5408 ipsum
2334 5356 2395 5393 ex
2436 5342 2542 5395 Deo
2594 5343 2756 5398 Patre
2799 5344 3032 5398 Verbum
3086 5347 3380 5399 humanam

1812 5445 2025 5484 carnem
2056 5435 2431 5500 assumpscrit.
2467 5432 2571 5488 Sed
2618 5436 2689 5489 sit
2727 5451 2877 5501 sane,
2908 5436 2994 5489 ille
3036 5451 3101 5490 ex
3141 5435 3377 5490 homini-

1384 5670 1540 5725 ΛΝΤ.
1574 5671 1839 5727 ACELLII
1874 5672 2102 5729 NOTAS.

209 5774 319 5844 (l9)
360 5771 456 5827 Vel
492 5772 622 5827 Seth
657 5790 752 5843 pro
785 5777 917 5831 Cain
960 5778 1198 5849 irrepsit,
1233 5783 1313 5835 vel
1353 5792 1588 5837 erratum
1624 5784 1915 5853 memoriae,
1955 5794 2035 5838 cst
2067 5798 2131 5836 ex
2154 5785 2287 5838 Ceu.
2327 5799 2397 5849 tv,
2437 5786 2481 5849 l,
2516 5789 2903 5853 castigandum.
