4072 6346
663 418 766 475 125

1693 411 1748 465 5.
1793 407 2056 465 CYRILLI
2098 403 2563 461 ALEXANDlllNl
2605 398 2922 455 ARCIIIEP.

3809 391 3906 446 ιιι

669 536 770 592 bus
793 543 1124 605 assumptus,
1151 547 1434 604 possessor
1459 531 1772 595 divinitatis,
1792 540 1849 584 ut
1875 529 1967 582 tibi
1995 528 2094 598 ipsi
2119 529 2230 596 pla-

2355 524 2572 592 ιτήτωρ,
2598 518 2739 572 κατά
2762 535 2824 585 γε
2845 516 2904 569 τὸ
2926 514 3070 584 αὐτῷ
3099 531 3179 566 σοι
3206 511 3418 575 δοκοῦν,
3446 509 3561 574 πῶς
3584 507 3902 562 καθίσταται

668 639 752 681 cet
784 647 794 680 :
826 627 1095 695 quomodo
1115 625 1462 680 constituitur
1483 623 1533 678 in
1562 624 1644 677 his
1661 637 1778 690 quae
1805 630 1929 675 sunt
1951 621 2015 672 ad
2047 621 2230 681 Deum,

668 730 723 771 ut
743 719 977 787 pontifex
1001 717 1292 770 nimirum?
1315 725 1566 770 utrumne
1583 714 1861 767 divinitate
1885 712 2058 766 nudus
2074 727 2233 780 quam

669 811 927 879 possedit,
964 811 1070 864 Deo
1101 808 1450 873 sacrificabit,
1483 825 1548 861 an
1589 808 1734 860 illam
1774 805 1928 874 quasi
1963 804 2234 872 propriam

666 901 914 972 habens?
941 900 1169 963 idenim,
1193 911 1247 953 ut
1271 904 1480 968 Opinor,
1505 915 1608 952 non
1636 898 1836 965 aliquid
1864 897 2005 949 aliud
2027 894 2234 963 signifi-

669 1002 776 1055 cat,
794 990 934 1059 quod
957 989 1259 1058 possedisse
1290 989 1504 1043 dicitur.
1528 987 1585 1040 Si
1607 986 1799 1044 nudus.
1834 1000 1936 1038 non
1962 983 2196 1052 possedit
2219 1000 2232 1046 ;

669 1081 752 1134 sin
778 1089 835 1133 ut
863 1079 1006 1132 illam
1035 1079 1304 1148 propriam
1333 1078 1558 1139 habens,
1580 1075 1830 1129 divinitas
1865 1073 2048 1142 procul
2075 1073 2236 1126 dubio

672 1165 782 1220 Deo
808 1165 1152 1220 sacrifieabit.
1173 1165 1306 1231 Quid
1341 1165 1501 1234 igitur
1533 1172 1748 1226 mstuas,
1767 1171 1820 1215 et
1845 1176 2058 1216 sursum
2085 1160 2239 1211 deor-

672 1272 790 1310 sum
830 1259 1112 1325 pertnrbas
1147 1256 1361 1319 omnia,
1394 1264 1447 1309 et
1485 1255 1605 1307 fidei
1646 1253 1984 1306 traditionem
2031 1250 2236 1303 adulte-

673 1364 792 1402 rare
823 1363 927 1401 non
959 1348 1278 1402 erubescis?
1324 1346 1493 1400 llabct
1523 1345 1887 1398 necessariam
1919 1358 2134 1396 causam
2173 1341 2237 1392 il-

675 1437 762 1491 lttd
790 1453 855 1491 ex
911 1438 1018 1490 Deo
1049 1438 1206 1491 Patre
1243 1438 1496 1498 Verbum,
1533 1436 1750 1489 etiamsi
1787 1433 2126 1488 sacrificasse
2151 1432 2238 1484 di-

675 1538 829 1582 catur
872 1530 978 1584 Deo
1013 1544 1074 1582 ac
1111 1528 1252 1582 Patri
1287 1546 1300 1582 :
1357 1527 1598 1581 functum
1642 1534 1726 1579 est
1764 1525 1906 1577 enim
1947 1523 2235 1576 sacerdotii

676 1635 920 1682 munere,
963 1636 1065 1672 non
1108 1619 1323 1687 quidem
1365 1620 1481 1672 sine
1513 1632 1699 1679 carne,
1732 1616 1824 1668 sed
1854 1615 2024 1668 nostri
2065 1614 2242 1666 simile

676 1714 898 1774 factum,
926 1712 1121 1779 quibus
1164 1712 1346 1779 gloriae
1382 1717 1465 1762 est
1498 1705 1784 1762 sacerdotii
1824 1705 2095 1758 nobilitas.
2122 1705 2239 1757 Alia

674 1819 888 1873 quoque
925 1805 1131 1856 ratione
1163 1801 1417 1869 perfacile
1441 1811 1521 1854 est
1550 1799 1755 1860 videre,
1793 1793 2238 1850 absurdissimum

2335 613 2403 664 τὰ
2434 611 2568 680 πρὸς
2604 608 2695 661 τὸν
2729 606 2880 671 Θεὸν,
2929 605 3216 674 ἀρχιερεὺς
3248 600 3490 671 δηλονότι
3513 641 3527 663 ,
3561 600 3763 668 πότερα
3791 594 3903 658 οὖν,

2337 703 2540 772 γυμνὸς
2570 697 2637 770 ἦς
2671 700 2937 766 ἐκτήσατο
2984 696 3235 764 θεότητος
3256 733 3268 757 ,
3309 691 3611 762 ἱερατεύσει
3645 689 3720 757 τῷ
3751 687 3903 756 Θεῷ;

2337 796 2369 864 ἢ
2408 792 2608 862 ταύτην
2638 791 2738 861 ήδη
2770 805 2884 850 πως
2915 787 3047 840 ἰδίαν
3075 784 3241 855 ἕχων;
3273 782 3425 835 τουτὶ
3463 781 3591 850 γὰρ,
3612 775 3787 850 οἶμαι,
3816 779 3907 830 καὶ

2337 887 2520 955 ἓτερον
2567 883 2737 946 οὐδὲν,
2770 878 3230 949 κατασημαινειεν
3266 878 3331 929 ἂν
3378 875 3438 926 τὸ
3484 871 3785 942 κτήσασθαι
3817 869 3905 921 λέ-

2337 994 2452 1045 γειν
2481 975 2660 1028 αὐτόν.
2702 972 2839 1025 Ἀλλ’
2881 973 2929 1023 εί
2963 970 3060 1039 μὲν
3093 967 3332 1036 γυμνὸς,
3374 966 3474 1018 οὐκ
3517 965 3821 1033 ἐκτήσατο·
3859 961 3905 1013 εί

2337 1069 2392 1121 δέ
2422 1067 2495 1130 ὡς
2533 1066 2665 1118 ἰδίαν
2699 1065 2837 1132 ἔχων
2880 1060 3070 1128 αὐτὴν,
3112 1057 3361 1125 θεότητός
3393 1054 3505 1126 [ton
3547 1051 3762 1122 θεότηςῖ
3805 1067 3904 1103 που

2339 1160 2553 1220 πάντως
2601 1153 2904 1226 ίερατεύσει
2935 1151 3071 1219 Θεῷ.
3106 1150 3169 1201 Τί
3203 1145 3296 1201 οὖν
3343 1147 3546 1212 ἀλύεις,
3579 1148 3691 1198 ἄνω
3722 1161 3780 1197 τε
3815 1143 3909 1196 καὶ

2339 1251 2486 1304 κάτω
2511 1247 2793 1316 διακυκᾷς,
2825 1245 2917 1297 καὶ
2948 1240 3382 1311 παρασημαίνων
3408 1238 3506 1291 οὐκ
3530 1237 3784 1308 ἐρυθριᾷς
3813 1235 3908 1301 τῆς

2339 1342 2570 1402 πίστεως
2613 1339 2709 1410 τὴν
2743 1336 3068 1407 παράδοσιν;
3097 1335 3249 1403 Ἔχει
3293 1331 3563 1402 πρόφασιν
3606 1326 3910 1394 ἀναγκαίαν

2339 1436 2367 1486 ὁ
2396 1434 2458 1484 ἐκ
2480 1429 2613 1483 Θεοῦ
2633 1427 2843 1497 Πατρὸς
2870 1426 3059 1492 Λόγος,
3092 1424 3195 1476 κᾶν
3225 1421 3534 1490 ίερατεῦσαι
3559 1419 3769 1486 λέγοιτο
3792 1417 3909 1485 Θεῷ

2341 1525 2435 1577 καὶ
2462 1521 2664 1591 Πατρί·
2699 1517 3071 1588 κεχρημάτικε
3100 1513 3210 1586 γὰρ
3241 1514 3418 1586 ἱερεὺς
3450 1513 3510 1565 οὐ
3537 1510 3659 1580 δίχα
3687 1508 3907 1577 σαρκὸς,

2341 1615 2460 1668 καθ’
2486 1615 2631 1683 ἡμᾶς
2661 1612 2716 1664 δὲ
2747 1608 3005 1677 γεγονὼς.
3037 1608 3112 1667 ὡς
3144 1606 3298 1675 ἔφην,
3327 1604 3418 1667 οὒς
3449 1603 3560 1675 [τσ.
3593 1596 3695 1671 οἷς]
3732 1600 3824 1651 καὶ
3853 1602 3913 1652 ἐν

2342 1704 2585 1765 εὐκλείας
2631 1701 2780 1766 τάξει
2820 1700 3124 1767 λελόγισται
3162 1698 3230 1749 τὰ
3263 1699 3363 1764 τῆς
3413 1691 3708 1763 ἱερωσύνης
3743 1691 3910 1758 αὐχή-

2347 1814 2511 1867 ματα.
2535 1794 2643 1847 Καὶ
2671 1793 2790 1845 καθ’
2808 1791 2992 1858 ἓτερον
3021 1789 3078 1840 δὲ
3109 1788 3329 1858 τρόπον,
3347 1783 3727 1850 ἀταλαίπωρον
3759 1781 3908 1843 ίδεῖν,

677 1908 808 1947 sane
839 1907 957 1946 esse
987 1901 1042 1945 et
1089 1890 1333 1946 stultitiae
1367 1889 1603 1957 plenum,
1641 1887 1786 1939 illum
1828 1900 1893 1938 ex
1933 1882 2241 1937 hominibus

2355 1861 2417 1949 ίῦς
2453 1885 2563 1937 ἐστι
2592 1883 2698 1935 τῶν
2732 1883 2868 1949 ἄγαν
2911 1879 3324 1936 ἐκτοπωτάτων,
3357 1877 3451 1929 καὶ
3484 1872 3684 1942 πολλῆς
3720 1871 3915 1939 ἐπίμε-

677 1993 1011 2050 assumptum
1071 1995 1436 2050 possessorem
1494 1979 1792 2032 divinitatis
1845 1975 2133 2044 appellare,
2191 1983 2244 2027 et

677 2075 1028 2128 constitutum
1061 2073 1114 2126 in
1149 2073 1229 2125 bis
1261 2087 1376 2138 quae
1409 2080 1530 2123 sunt
1571 2071 1635 2121 ad
1679 2069 1842 2122 Deum
1877 2085 1888 2120 :
1925 2081 2047 2120 nam
2075 2067 2116 2120 si
2155 2080 2242 2120 as-

681 2173 926 2233 sumptus
950 2175 1033 2218 est
1062 2179 1088 2216 a
1123 2163 1253 2228 Deo,
1287 2161 1554 2230 quomodo
1586 2168 1950 2213 assumentem
1989 2173 2049 2212 se
2079 2167 2241 2210 natu-

682 2273 796 2309 ram
824 2256 1109 2326 acquisivit
1137 2270 1200 2307 ac
1228 2253 1505 2322 possedit?
1551 2267 1671 2304 nam
1705 2252 1818 2319 ipsa
1858 2266 1942 2305 res
1971 2261 2243 2315 assmupta

681 2347 787 2400 erit
819 2346 1001 2415 procul
1036 2346 1199 2398 dubio
1238 2343 1568 2397 assumentis
1620 2341 1926 2410 possessio,
1977 2355 2080 2393 non
2118 2354 2244 2408 pos-

681 2439 818 2491 sidet
852 2447 1215 2490 assumentem
1245 2452 1257 2487 :
1293 2433 1439 2487 verbi
1477 2432 1670 2500 gratia,
1710 2431 1952 2500 pecuniae
1978 2431 2244 2499 quispiam

683 2532 857 2584 factus
907 2539 988 2582 est
1040 2541 1339 2596 possessor,
1376 2524 1456 2578 vel
1507 2523 1746 2577 scientiae
1797 2522 2086 2590 cujuslibet
2127 2521 2243 2574 rei:

684 2633 861 2670 nonne
909 2617 1160 2670 omnibus
1210 2615 1554 2684 perspicuum
1606 2621 1688 2666 est
1751 2627 1855 2664 non
1915 2612 2087 2678 ipsum
2129 2625 2250 2664 esse

683 2710 1077 2777 possessionem
1105 2708 1366 2776 pecuuize,
1399 2714 1492 2760 aut
1530 2705 1670 2758 illius
1702 2704 1898 2757 additae
1931 2702 2032 2756 sibi
2069 2704 2248 2757 scicn-

685 2801 789 2865 tiae,
821 2802 910 2852 sed
947 2800 1204 2867 possideri
1244 2799 1310 2850 ab
1342 2799 1455 2866 ipso
1491 2797 1666 2864 potius
1696 2811 1806 2848 rem
1841 2795 2161 2861 acceptam?
2197 2793 2248 2846 ld

683 2888 899 2956 quidem
929 2889 1071 2942 nullo
1099 2890 1276 2951 modo,
1315 2900 1371 2940 nt
1399 2889 1611 2956 opinor,
1657 2895 1740 2939 est
1786 2884 2115 2952 ambiguum.
2153 2884 2252 2951 lgi-

686 2990 775 3032 tur
817 2980 861 3033 si
919 2980 1183 3032 rationem
1217 2995 1319 3048 qua
1373 2978 1462 3031 ille
1512 2977 1832 3045 Unigenitus
1883 2976 2043 3030 homo
2079 2976 2250 3028 factus

685 3078 790 3134 est,
831 3069 1163 3136 exquirendo
1201 3068 1490 3130 curiosius,
1519 3068 1821 3143 invenimus
1857 3067 2129 3121 hominem
2165 3081 2252 3120 as-

687 3161 991 3227 sumptione
1020 3161 1319 3213 divinitatis
1364 3159 1562 3212 factum
1617 3158 1782 3212 Deum
1805 3199 1818 3224 ,
1849 3159 2005 3211 liceat
2034 3174 2154 3212 eum
2185 3173 2249 3211 ex
2281 3197 2322 3253 C

690 3263 780 3304 tuo
813 3251 1144 3319 przescripto,
1175 3250 1470 3310 divinitatis
1512 3263 1878 3317 possessorem
1923 3250 2197 3318 appellare
2231 3266 2245 3302 :

689 3343 853 3409 ipsius
866 3345 1006 3396 enim
1032 3343 1168 3397 facta
1185 3353 1264 3395 est
1284 3343 1394 3410 ipsa
1415 3341 1687 3396 divinitas.
1705 3341 1798 3395 Sin
1822 3340 2052 3394 Verbum
2076 3342 2248 3408 ipsum

688 3450 808 3487 cum
851 3445 992 3488 esset
1046 3434 1219 3497 Deus,
1271 3435 1624 3502 apprehendit
1671 3448 1852 3487 semen
1904 3433 2249 3495 Abraham’,

689 3538 742 3577 et
765 3541 882 3579 eum
919 3526 1029 3595 69
1059 3536 1198 3579 esset
1235 3526 1285 3578 in
1324 3525 1496 3579 forma
1529 3526 1618 3576 Dei
1653 3533 1707 3578 et
1743 3523 1940 3586 Patris,
1976 3534 2251 3592 assumpta

691 3617 833 3670 servi
882 3617 1053 3669 forma
1105 3617 1278 3671 factus
1321 3628 1404 3672 est
1437 3617 1596 3669 homo
1624 3616 1664 3680 ⁸,
1705 3616 1796 3683 qui
1831 3614 1946 3668 fieri
1983 3623 2162 3683 potest
2198 3622 2254 3666 ut

701 3722 803 3760 non
841 3707 910 3759 sit
937 3708 1181 3775 stupidus
1215 3707 1303 3772 qui
1348 3707 1530 3760 dicere
1572 3706 1720 3768 velit,
1770 3705 1820 3758 id
1865 3706 2007 3772 quod
2049 3719 2259 3758 assum-

694 3812 841 3865 ptum
876 3807 979 3858 est,
1012 3796 1127 3864 ejus
1161 3806 1370 3850 natura:
1405 3797 1746 3864 possessione
1791 3795 2023 3847 ditatum
2073 3810 2100 3846 a
2154 3809 2258 3861 qua

696 3890 768 3942 sit
793 3897 1146 3958 assumptum,
1182 3904 1246 3942 ac
1279 3904 1382 3941 non
1421 3888 1596 3955 potius
1625 3887 1901 3954 proprium
1931 3902 2052 3941 esse
2086 3888 2256 3941 susci-

698 3980 893 4048 pientis
921 3990 1124 4032 naturm
1146 3978 1393 4033 factum?
1421 3979 1570 4044 Quod
1597 3988 1777 4032 autem
1811 3994 2030 4031 suorum
2068 3978 2260 4031 verbo-

701 4087 817 4124 rum
861 4081 912 4125 et
955 4071 1328 4126 inventionum
1360 4072 1490 4135 vim,
1531 4071 1816 4140 ipsumque
1863 4078 2128 4137 przeterea
2179 4083 2264 4120 sa-

699 4163 930 4216 cerdotii
982 4179 1176 4218 nomen
1211 4164 1456 4232 imperite
1503 4164 1568 4215 ad
1620 4162 1919 4230 simplicem
1969 4161 2262 4226 hominem,

699 4256 845 4307 illum
883 4257 1095 4323 inquam
1132 4271 1196 4309 ex
1231 4254 1449 4319 femina,
1494 4255 1720 4323 redigat,
1770 4253 2096 4320 auferatque
2137 4252 2262 4304 illud

700 4349 767 4398 ab
813 4343 1103 4414 Unigenito
1146 4354 1199 4397 et
1237 4345 1383 4398 edito
1411 4360 1478 4399 ex
1525 4345 1683 4399 Patre
1715 4344 1910 4409 Verbo,
1968 4344 2131 4397 etiam
2171 4357 2268 4411 per

701 4438 979 4504 sequentia
1007 4436 1298 4491 declarabit
1327 4455 1339 4490 :
1373 4436 1450 4490 sic
1475 4450 1708 4504 namque
1734 4435 1955 4501 scripsit
1983 4449 2196 4487 rursum
2242 4451 2256 4486 :

775 4527 1039 4599 [Nee-ron.
1084 4546 1101 4579 ι
1135 4527 1249 4580 Non
1278 4527 1498 4596 angelos
1529 4525 1922 4595 apprehendit,
1959 4524 2052 4580 scd
2086 4539 2264 4579 semen
2298 4548 2344 4605 ι)

707 4617 992 4672 Abraham
1027 4615 1467 4685 apprehendit“:
1517 4635 1534 4665 ι
1583 4630 1708 4668 num
1757 4629 1940 4668 semen
1993 4614 2265 4667 Abraham

703 4719 785 4762 est
829 4708 940 4774 ipsa
984 4707 1276 4759 divinitas?
1309 4706 1432 4758 audi
1480 4706 1643 4758 etiam
1687 4716 1999 4772 sequentem
2039 4719 2266 4756 vocem:

715 4817 733 4850 ι
767 4797 920 4852 Unde
945 4796 1207 4866 oportuit,
1243 4797 1436 4864 inquit,
1476 4811 1571 4864 per
1603 4796 1784 4848 omnia
1832 4794 2091 4848 fratribus
2122 4793 2265 4846 assi-

707 4890 883 4945 milari
909 4890 970 4943 ’τ
1010 4908 1026 4939 ι
1066 4904 1191 4942 num
1221 4888 1492 4941 divinitati
1528 4886 1734 4940 similes
1773 4885 1909 4939 ullos
1940 4885 2127 4938 habuit
2157 4884 2269 4937 fra-

711 4995 823 5038 tres
853 4983 1028 5051 ipsum
1054 4981 1145 5034 Dei
1182 4981 1412 5035 Verbum
1436 4979 1459 5031 ?
1483 4979 1615 5032 Vide
1656 4978 1818 5031 etiam
1851 4977 1991 5044 quod
2021 4975 2162 5028 illico
2191 4974 2273 5029 his

712 5075 1056 5140 adiungitur:
1099 5092 1116 5124 ι
1157 5072 1226 5126 Ut
1266 5072 1576 5125 misericors
1615 5069 1768 5121 fieret
1808 5076 1862 5120 et
1897 5065 2068 5120 lidclis
2101 5065 2277 5118 Ponti-

716 5166 801 5219 fex
854 5167 919 5219 ad
954 5165 1117 5219 Deum
1150 5183 1164 5218 :
1212 5166 1264 5218 in
1312 5178 1374 5216 eo
1402 5162 1547 5215 enim
1586 5161 1638 5212 in
1670 5174 1774 5227 quo
1806 5172 1996 5226 passus
2039 5168 2121 5212 est
2163 5159 2276 5224 ipse

717 5269 975 5321 tentatus,
994 5267 1178 5327 potens
1203 5266 1286 5310 est
1309 5265 1361 5309 et
1383 5255 1461 5308 eis
1484 5254 1572 5322 qui
1597 5261 1889 5310 tentantur,
1911 5249 2154 5304 auxiliari
2178 5249 2220 5300 ".
2250 5266 2268 5296 ι

719 5352 859 5420 Ergo
881 5349 1032 5416 isqui
1061 5363 1252 5417 passus
1281 5357 1386 5410 est,
1420 5346 1509 5398 ille
1536 5353 1619 5398 est
1651 5340 1895 5397 Pontifex
1929 5341 2275 5404 misericors;

720 5441 941 5510 patibile
985 5451 1164 5495 autem
1213 5439 1385 5508 ipsum
1434 5435 1686 5503 templum
1729 5442 1836 5495 est,
1867 5446 1973 5486 non
2014 5431 2155 5484 Dens
2187 5428 2276 5495 qui

723 5531 1034 5584 vivificabat
1066 5530 1117 5584 id
1158 5529 1296 5597 quod
1333 5527 1653 5595 patiebatur.
1686 5524 1877 5577 Semen
1913 5521 2204 5583 Abraham,
2235 5519 2280 5573 is

723 5632 805 5675 est
845 5623 935 5688 qui
984 5621 1099 5674 heri
1156 5629 1210 5673 et
1255 5618 1430 5680 hodie,
1484 5623 1544 5669 ut
1599 5614 1793 5668 Paulus
1837 5613 1910 5666 ait
1962 5612 2002 5676 ⁸,
2052 5626 2157 5663 non
2190 5609 2276 5677 qui

802 5801 820 5830 "
851 5800 1012 5855 llcbr.
1044 5817 1100 5863 ιι,
1141 5800 1219 5852 16.
1297 5801 1310 5828 ’⁸
1347 5799 1570 5864 l‘lnlipp.
1604 5813 1659 5858 ιι,
1690 5797 1740 5861 η,
1769 5795 1817 5846 7.
1896 5794 1913 5824 "
1952 5793 2194 5854 11ε1π,ιι,
2227 5791 2282 5844 l6

2348 1989 2468 2026 στον
2501 1971 2782 2040 εὐηθείας,
2830 1969 3068 2037 κτήτορα
3098 1967 3349 2034 θεότητος
3390 1962 3481 2015 τὸν
3515 1961 3573 2026 ἐξ
3611 1960 3914 2030 ἀνθρώπων

2344 2065 2612 2137 ληφθέντα
2653 2061 2853 2128 λέγειν,
2887 2054 3281 2124 καθιστάμενόν
3315 2070 3373 2104 τε
3413 2051 3550 2121 πρὸς
3605 2049 3694 2102 τὸν
3737 2049 3871 2100 Θεόν
3896 2064 3910 2079 ·

2346 2159 2394 2209 εἰ
2424 2157 2533 2224 γὰρ
2563 2151 2767 2223 ἐλήφθη
2807 2147 2958 2216 παρὰ
2991 2146 3084 2199 τοῦ
3115 2145 3272 2208 Θεοῦ,
3302 2142 3425 2195 τίνα
3463 2140 3659 2210 τρόπον
3687 2139 3784 2207 τὴν
3816 2140 3914 2190 λα-

2347 2246 2544 2300 ϐοῦσαν
2563 2243 2726 2298 αὑτὸν
2751 2239 3124 2307 κατεκτήσατο
3149 2235 3340 2302 φύσιν;
3363 2233 3424 2285 τὸ
3447 2232 3555 2302 γάρ
3579 2249 3661 2284 τοι
3686 2229 3912 2300 ληφθὲν,

2347 2340 2498 2392 ἔσται
2527 2354 2630 2388 που
2667 2332 2865 2403 μᾶλλον
2909 2328 2999 2382 τοῦ
3044 2327 3297 2387 λαϐόντος
3326 2326 3402 2385 ὡς
3433 2324 3643 2392 κτῆσις,
3686 2323 3781 2374 καὶ
3815 2322 3918 2374 οὐκ

2348 2435 2476 2488 αὐτὸ
2503 2433 2826 2501 κεκτήσεται
2855 2427 2915 2479 τὸ
2944 2422 3334 2493 προσειληφόςθ
3363 2416 3470 2472 οἷον
3497 2419 3550 2470 δὲ
3576 2419 3637 2487 δή
3656 2416 3708 2468 τί
3740 2433 3913 2485 φημι·

2348 2527 2586 2582 Πλούτου
2620 2528 2712 2584 λτις
2757 2521 2946 2587 γέγονε
2987 2519 3224 2584 κτήτωρ.
3270 2514 3436 2582 ἤγουν
3466 2510 3776 2577 ἐπιστήμης
3818 2508 3916 2575 τῆς

2350 2619 2432 2687 ἐφ’
2469 2613 2670 2684 ὁτῳοῦν
2699 2611 3020 2680 νοουμένηςο
3059 2602 3147 2674 ἆρ’
3175 2606 3270 2674 οὐχ
3307 2603 3508 2655 ἅπασιν
3558 2601 3806 2670 ἐναργὲς,
3843 2598 3918 2660 ὼς

2350 2710 2447 2762 οὐκ
2474 2706 2633 2768 αὐτὸς
2660 2705 2810 2755 ἔσται
2837 2698 2928 2753 τοῦ
2962 2697 3190 2750 πλούτου
3225 2695 3432 2762 κτῆσις,
3465 2692 3628 2760 ήγουν
3655 2693 3752 2757 τῆς
3785 2706 3917 2757 προσ

2350 2799 2647 2870 γενομένης
2695 2793 2816 2864 [ἵσ.
2859 2781 3335 2858 προσγενομένης]
3395 2780 3543 2849 αὐτῷ
3575 2779 3916 2870 ἐπιστήμης,

2352 2865 2752 2954 κατακτήσεται
2793 2880 2850 2932 δὲ
2900 2873 3176 2947 μᾶλλοντὸ
3217 2869 3718 2942 προσειλημμένον;
3754 2865 3917 2929 Ἀλλ’,

2350 2976 2526 3050 οἶμαι,
2563 2974 2719 3028 τοῦτό
2753 2973 2868 3023 ἐστι
2923 2967 3043 3020 κατ’
3096 2963 3285 3017 οὐδένα
3337 2961 3536 3031 τρόπον
3591 2958 3919 3027 ἀμφίλογον.

2355 3046 2583 3130 Οῦκοῦν,
2615 3069 2661 3117 εἰ
2701 3062 2788 3115 τὸν
2830 3061 2930 3128 τῆς
2967 3054 3429 3126 ἐνανθρωπήσεως
3460 3048 3553 3102 τοῦ
3584 3046 3921 3115 Μονογενοῦς

2355 3152 2933 3228 πολυπραγμονοῦντες
2981 3147 3200 3216 τρόπον,
3256 3143 3539 3213 ἄνθρωπον
3574 3139 3920 3209 εὑρίσκομεν,

2355 3252 2428 3312 ὡς
2469 3224 2547 3299 ἐν⁷
2574 3239 2873 3313 προσλήψει
2917 3236 3168 3303 θεότητος
3198 3231 3458 3298 γεγονότα
3489 3228 3642 3290 Θεὸν,
3679 3224 3925 3293 λεγέσθω

2354 3340 2495 3393 κατὰ
2540 3337 2626 3399 σὲ,
2678 3333 2929 3399 θεότητος
2985 3325 3237 3394 κτήτωρ·
3277 3320 3443 3374 αὑτοῦ
3495 3320 3604 3389 γὰρ
3640 3318 3858 3384 γέγονεν
3892 3316 3924 3384 ή

2355 3431 2562 3496 θεότης.
2592 3426 2654 3478 El
2679 3424 2735 3476 δὲ
2761 3420 2893 3482 Θεὸς
2918 3416 2992 3470 ὣν
3020 3419 3047 3468 ὀ
3072 3415 3264 3480 Λόγος,
3295 3410 3588 3464 ἐπελάϐετο
3615 3408 3924 3478 σπέρματος

2369 3519 2640 3590 Ἀϐραὰμ,
2672 3514 2765 3567 καὶ
2794 3511 3050 3580 ὑπάρχων
3077 3507 3134 3558 ἐν
3176 3507 3356 3574 μορφῇ
3388 3503 3480 3554 τοῦ
3518 3500 3651 3552 Θεοῦ
3693 3499 3924 3566 Πατρὸς,

2356 3589 2578 3680 γέγονεν
2619 3604 2900 3674 ἄνθρωπος
2936 3596 3144 3669 μορφὴν
3188 3594 3373 3647 δούλου
3421 3591 3621 3653 λαϐὼν,
3667 3590 3782 3650 πῶς
3830 3589 3927 3640 οὐκ

2361 3699 2720 3772 ἐμϐρόντητος
2747 3689 2830 3763 εἴη
2862 3691 2947 3755 ἂν,
2977 3692 3027 3742 εἴ
3057 3704 3137 3749 τις
3171 3685 3340 3738 ἕλοιτο
3367 3682 3563 3750 λέγειν,
3614 3682 3696 3734 ὅτι
3737 3681 3798 3731 τὸ
3838 3680 3929 3745 λη-

2363 3769 2492 3861 ᾡθέν
2537 3790 2633 3859 τὴν
2676 3785 2947 3839 λαϐοῦσαν
2994 3779 3123 3832 αὐτὸ
3183 3775 3558 3844 κατεκτήσατο
3612 3771 3794 3841 φύσιν,
3839 3769 3930 3821 καὶ

2362 3883 2481 3952 οὐχὶ
2503 3882 2558 3934 δὲ
2591 3877 2785 3949 μᾶλλον
2812 3875 3029 3942 γέγονεν
3057 3871 3184 3922 ἴδιον
3207 3868 3303 3936 τῆς
3328 3864 3596 3932 λαϐούσης
3619 3861 3747 3914 αὐτό
3769 3877 3782 3922 ;
3809 3862 3930 3911 Ὀτι

2363 3974 2418 4026 δέ
2445 3973 2552 4025 τῶν
2579 3969 2771 4023 ἑαυτοῦ
2799 3966 2969 4033 λόγων
3000 3980 3056 4014 τε
3088 3961 3179 4013 καὶ
3208 3956 3536 4028 εὑρημάτων
3562 3953 3658 4024 τὴν
3681 3953 3929 4021 δύναμιν,

2367 4063 2459 4117 καὶ
2492 4063 2595 4132 μὴν
2623 4061 2716 4112 καὶ
2747 4058 2875 4111 αὐτὸ
2904 4055 2962 4107 τὸ
2997 4053 3095 4120 τῆς
3134 4046 3543 4120 ἀρχιερωσύνης
3572 4046 3741 4113 ὄνομα
3777 4059 3930 4112 περι-

2360 4156 2577 4224 ΐστησιν
2609 4148 2832 4220 ἀμαθῶς
2867 4148 2944 4208 εἱς
2979 4142 3263 4210 ἄνθρωπον
3295 4137 3481 4198 ἁπλῶς
3518 4136 3607 4186 τὸν
3646 4135 3709 4185 ἐκ
3742 4150 3931 4200 γυναι-

2367 4223 2485 4308 κὸς,
2516 4241 2804 4310 ἀποφέρων
2837 4236 2969 4290 αὐτὸ
3005 4231 3099 4286 τοῦ
3142 4226 3479 4297 Μονογενοῦς
3507 4225 3600 4278 καὶ⁵
3629 4227 3693 4276 ἐκ
3724 4223 3936 4292 Πατρὸς

2367 4337 2516 4397 ὄντος
2559 4333 2752 4399 Λόγου,
2796 4329 2888 4380 καὶ
2927 4327 3011 4380 διὰ
3056 4322 3164 4377 τῶν
3212 4320 3338 4386 eam;
3371 4315 3810 4388 προσαποφανεῖ·
3847 4313 3935 4380 γέ-

2370 4443 2545 4496 γραφε
2576 4424 2682 4492 γὰρ
2711 4423 2806 4474 ὡδὶ
2839 4421 2900 4490 δὴ
2936 4417 3097 4471 πάλιν
3121 4433 3135 4448 ν

2445 4517 2490 4589 [ι
2520 4517 2632 4568 Οὐκ
2681 4512 2923 4580 ἀγγέλων
2974 4503 3421 4575 ἐπιλαμϐάνεται,
3461 4496 3598 4552 ἀλλὰ
3632 4496 3940 4562 σπέρματος

2384 4583 2635 4679 Ἀϐραὰμ
2663 4601 3106 4672 ἐπιλαμϐάνεται.
3138 4616 3154 4646 ι
3195 4594 3287 4665 Μὴ
3319 4590 3536 4660 σπέρμα
3562 4585 3654 4639 τοῦ
3693 4583 3942 4679 Ἀϐρααμ

2369 4703 2402 4770 ή
2434 4675 2658 4767 θεότης;
2692 4695 2923 4748 ἄκουσον
2953 4691 3044 4743 καὶ
3074 4689 3171 4758 τὴν
3197 4683 3471 4754 ἑπομένην
3495 4679 3677 4747 φωνήν
3697 4693 3710 4705 ·
3741 4695 3760 4727 ι
3782 4675 3942 4728 Ὅθεν

2369 4766 2589 4860 ὤφειλε,
2623 4787 2782 4856 φησὶ,
2820 4783 2958 4837 κατὰ
3005 4781 3181 4833 πάντα
3231 4779 3341 4839 τοῖς
3388 4772 3632 4842 ἀδελφοῖς
3673 4766 3943 4860 ὁμοιωθῆ-

2369 4857 2477 4947 ναι,
2505 4899 2522 4931 ι
2565 4879 2638 4949 μὴ
2669 4881 2732 4948 τῇ
2764 4875 2973 4944 θεότητί
3006 4889 3158 4933 τινας
3187 4872 3214 4922 6
3247 4869 3378 4930 Θεὸς
3408 4867 3577 4933 Λόγος
3611 4865 3766 4934 ἔσχεν
3796 4857 3945 4912 ἀδελ-

2372 4975 2506 5044 φοὺς
2552 4969 2823 5031 ὲοικότας;
2873 4964 3070 5016 Σκόπει
3110 4961 3202 5013 καὶ
3247 4959 3307 5010 τὸ
3352 4957 3562 5016 τούτοις
3609 4954 3770 5014 εὐθὺς
3821 4964 3944 5004 συν-

2371 5043 2703 5134 απτόμενονο
2746 5077 2761 5108 ι
2791 5059 2906 5109 Ἰνα
2947 5055 3192 5123 ἐλεήμων
3226 5050 3450 5134 γένηται
3487 5046 3581 5098 καὶ
3628 5043 3818 5104 πιστὸς
3852 5043 3946 5111 ἁρ-

2373 5132 2588 5226 χιερεὺς
2611 5151 2679 5203 τὰ
2705 5149 2840 5219 πρὸς
2864 5146 2954 5198 τὸν
2985 5142 3115 5195 Θεὸν
3137 5158 3150 5172 ο
3180 5142 3237 5193 ἐν
3267 5133 3311 5206 ᾧ
3338 5138 3447 5208 γὰρ
3477 5134 3739 5189 πέπονθεν
3785 5132 3946 5192 αὐτὸς

2376 5245 2686 5317 πειρασθεὶς
2708 5282 2721 5305 ,
2756 5240 2976 5293 δύναται
3009 5237 3119 5295 τοῖς
3156 5230 3568 5301 πειραζομένοις
3612 5225 3894 5295 βοηθῆσαι.
3923 5239 3940 5270 ›

2379 5312 2586 5391 Οὐκοῦν
2611 5337 2638 5387 ὁ
2672 5331 2856 5385 παθὼν
2903 5327 3189 5398 ἀρχιερεὺς
3227 5324 3492 5391 ἐλεήμων,
3543 5317 3779 5387 παθητὸς
3824 5313 3880 5366 δέ
3921 5312 3946 5363 ὁ

2380 5428 2526 5489 ναὸς,
2564 5426 2662 5493 οὐχ
2689 5426 2716 5476 ό
2751 5419 3009 5485 ζωοποιὸς
3047 5416 3141 5468 τοῦ
3177 5412 3501 5472 πεπονθότος
3533 5409 3683 5470 Θεός.
3721 5405 3945 5473 Σπέρμα

2394 5517 2646 5586 Ἀϐραὰμ
2670 5517 2697 5566 ὁ
2729 5512 2853 5581 χθὲς
2887 5509 2982 5562 καὶ
3014 5509 3272 5576 σήμερον,
3301 5502 3442 5556 κατὰ
3474 5502 3571 5569 τὴν
3603 5497 3695 5549 τοῦ
3737 5494 3945 5586 Παύλου

2385 5581 2587 5678 φωνήν,
2610 5581 2721 5674 οὐχ
2762 5606 2788 5655 ὁ
2829 5601 3021 5667 λέγων,
3059 5616 3075 5646 ι
3109 5596 3244 5665 Πρὶν
3277 5592 3522 5662 ’Λϐραὰμ
3558 5586 3810 5656 γενέσθαι
3840 5581 3946 5652 ἐγώ

2384 5792 2401 5813 ⁸
2435 5788 2542 5843 Ibid
2599 5785 2676 5838 l7.
2755 5784 2770 5812 ⁷
2808 5781 2934 5834 Ibid.
2970 5777 3048 5832 18.
3127 5775 3146 5805 ⁸
3180 5771 3336 5828 llcbr.
3368 5785 3482 5831 xui,
3517 5769 3596 5821 18.
