  <div class='ocr_page' id='page_1' title='image "/cluster/home/n/w/nwhite01/storage/ocr_20150623/76/pst.000005712755/070.png"; bbox 0 0 4072 6346; ppageno 0'>
   <div class='ocr_carea' id='block_1_1' title="bbox 196 421 286 473">
    <p class='ocr_par' dir='ltr' id='par_1_1' title="bbox 196 421 286 473">
     <span class='ocr_line' id='line_1_1' title="bbox 196 421 286 473; baseline -0.022 0"><span class='ocrx_word' id='word_1_1' title='bbox 196 421 286 473; x_wconf 69' lang='lat'>1‘25</span> 
     </span>
    </p>
   </div>
   <div class='ocr_carea' id='block_1_2' title="bbox 1306 403 2407 465">
    <p class='ocr_par' dir='ltr' id='par_1_2' title="bbox 1306 403 2407 465">
     <span class='ocr_line' id='line_1_2' title="bbox 1306 403 2407 465; baseline -0.003 -2"><span class='ocrx_word' id='word_1_2' title='bbox 1306 409 1677 465; x_wconf 76' lang='lat' dir='ltr'>ADVEIlSUS</span> <span class='ocrx_word' id='word_1_3' title='bbox 1716 406 2117 463; x_wconf 78' lang='lat' dir='ltr'>NESTORIUM</span> <span class='ocrx_word' id='word_1_4' title='bbox 2160 404 2283 459; x_wconf 84' lang='lat' dir='ltr'>LIB.</span> <span class='ocrx_word' id='word_1_5' title='bbox 2324 403 2407 460; x_wconf 88' lang='grc' dir='ltr'><strong>ΙΙΙ.</strong></span> 
     </span>
    </p>
   </div>
   <div class='ocr_carea' id='block_1_3' title="bbox 3332 399 3432 452">
    <p class='ocr_par' dir='ltr' id='par_1_3' title="bbox 3332 399 3432 452">
     <span class='ocr_line' id='line_1_3' title="bbox 3332 399 3432 452; baseline -0.04 0"><span class='ocrx_word' id='word_1_6' title='bbox 3332 399 3432 452; x_wconf 65' lang='grc'>126</span> 
     </span>
    </p>
   </div>
   <div class='ocr_carea' id='block_1_4' title="bbox 194 518 1781 607">
    <p class='ocr_par' dir='ltr' id='par_1_4' title="bbox 194 532 1760 607">
     <span class='ocr_line' id='line_1_4' title="bbox 194 532 1760 607; baseline -0.004 -16"><span class='ocrx_word' id='word_1_7' title='bbox 194 542 331 607; x_wconf 81' lang='grc' dir='ltr'>εἰμι·</span> <span class='ocrx_word' id='word_1_8' title='bbox 356 558 373 589; x_wconf 78' lang='grc' dir='ltr'>ι</span> <span class='ocrx_word' id='word_1_9' title='bbox 406 538 588 606; x_wconf 85' lang='grc' dir='ltr'>ὅμοιος</span> <span class='ocrx_word' id='word_1_10' title='bbox 619 538 730 598; x_wconf 78' lang='grc' dir='ltr'>τοῖς</span> <span class='ocrx_word' id='word_1_11' title='bbox 758 536 1003 605; x_wconf 78' lang='grc' dir='ltr'>ἀδελφοῖς</span> <span class='ocrx_word' id='word_1_12' title='bbox 1034 538 1173 590; x_wconf 86' lang='grc' dir='ltr'>κατά</span> <span class='ocrx_word' id='word_1_13' title='bbox 1203 535 1381 587; x_wconf 82' lang='grc' dir='ltr'>πάντα</span> <span class='ocrx_word' id='word_1_14' title='bbox 1407 537 1435 587; x_wconf 92' lang='lat'>6</span> <span class='ocrx_word' id='word_1_15' title='bbox 1462 533 1637 603; x_wconf 69' lang='grc' dir='ltr'>ψυχῆς</span> <span class='ocrx_word' id='word_1_16' title='bbox 1670 532 1760 585; x_wconf 90' lang='grc' dir='ltr'>ἀν-</span> 
     </span>
    </p>
   </div>
   <div class='ocr_carea' id='block_1_5' title="bbox 1883 518 3425 607">
    <p class='ocr_par' dir='ltr' id='par_1_5' title="bbox 1883 518 3425 594">
     <span class='ocr_line' id='line_1_5' title="bbox 1883 518 3425 594; baseline -0.008 -12"><span class='ocrx_word' id='word_1_17' title='bbox 1883 531 1998 584; x_wconf 79' lang='lat' dir='ltr'>lixit</span> <span class='ocrx_word' id='word_1_18' title='bbox 2038 551 2050 585; x_wconf 90' lang='lat'>:</span> <span class='ocrx_word' id='word_1_19' title='bbox 2093 550 2109 580; x_wconf 85' lang='grc' dir='ltr'>ι</span> <span class='ocrx_word' id='word_1_20' title='bbox 2160 529 2477 594; x_wconf 81' lang='lat' dir='ltr'>Priusquam</span> <span class='ocrx_word' id='word_1_21' title='bbox 2515 523 2787 577; x_wconf 82' lang='lat' dir='ltr'><strong>Abraham</strong></span> <span class='ocrx_word' id='word_1_22' title='bbox 2833 521 3001 587; x_wconf 82' lang='lat' dir='ltr'>fieret,</span> <span class='ocrx_word' id='word_1_23' title='bbox 3034 534 3134 589; x_wconf 86' lang='lat' dir='ltr'><strong>ego</strong></span> <span class='ocrx_word' id='word_1_24' title='bbox 3172 535 3289 574; x_wconf 90' lang='lat' dir='ltr'>sum</span> <span class='ocrx_word' id='word_1_25' title='bbox 3321 518 3365 571; x_wconf 82' lang='lat'>&#39;.</span> <span class='ocrx_word' id='word_1_26' title='bbox 3404 534 3425 568; x_wconf 72' lang='grc' dir='ltr'>ι</span> 
     </span>
    </p>
   </div>
   <div class='ocr_carea' id='block_1_6' title="bbox 196 626 1758 702">
    <p class='ocr_par' dir='ltr' id='par_1_6' title="bbox 196 626 1758 702">
     <span class='ocr_line' id='line_1_6' title="bbox 196 626 1758 702; baseline -0.005 -17"><span class='ocrx_word' id='word_1_27' title='bbox 196 632 465 702; x_wconf 85' lang='grc' dir='ltr'>θρωπίνης</span> <span class='ocrx_word' id='word_1_28' title='bbox 495 633 589 683; x_wconf 66' lang='grc' dir='ltr'>καὶ</span> <span class='ocrx_word' id='word_1_29' title='bbox 620 632 817 699; x_wconf 81' lang='grc' dir='ltr'>σαρκὸς</span> <span class='ocrx_word' id='word_1_30' title='bbox 846 630 1127 683; x_wconf 78' lang='grc' dir='ltr'>ἀναλαϐὼν</span> <span class='ocrx_word' id='word_1_31' title='bbox 1157 630 1510 696; x_wconf 79' lang='grc' dir='ltr'>ἀδελφότητα,</span> <span class='ocrx_word' id='word_1_32' title='bbox 1543 628 1635 678; x_wconf 74' lang='grc' dir='ltr'>καὶ</span> <span class='ocrx_word' id='word_1_33' title='bbox 1660 626 1758 694; x_wconf 79' lang='grc' dir='ltr'>οὐχ</span> 
     </span>
    </p>
   </div>
   <div class='ocr_carea' id='block_1_7' title="bbox 196 720 1688 794">
    <p class='ocr_par' dir='ltr' id='par_1_7' title="bbox 196 720 1688 794">
     <span class='ocr_line' id='line_1_7' title="bbox 196 720 1688 794; baseline -0.003 -18"><span class='ocrx_word' id='word_1_34' title='bbox 196 725 431 793; x_wconf 79' lang='grc' dir='ltr'>όλέγων,</span> <span class='ocrx_word' id='word_1_35' title='bbox 464 743 481 774; x_wconf 88' lang='grc' dir='ltr'>ι</span> <span class='ocrx_word' id='word_1_36' title='bbox 519 726 577 777; x_wconf 89' lang='grc' dir='ltr'>Ὀ</span> <span class='ocrx_word' id='word_1_37' title='bbox 606 722 860 793; x_wconf 81' lang='grc' dir='ltr'>ἑωρακὼς</span> <span class='ocrx_word' id='word_1_38' title='bbox 884 723 1005 792; x_wconf 73' lang='grc' dir='ltr'>ἐμὲ,</span> <span class='ocrx_word' id='word_1_39' title='bbox 1032 723 1241 794; x_wconf 77' lang='grc' dir='ltr'>ἑώρακε</span> <span class='ocrx_word' id='word_1_40' title='bbox 1271 722 1359 773; x_wconf 84' lang='grc' dir='ltr'>τὸν</span> <span class='ocrx_word' id='word_1_41' title='bbox 1390 720 1688 791; x_wconf 81' lang='grc' dir='ltr'>Πατέρα.›]</span> 
     </span>
    </p>
   </div>
   <div class='ocr_carea' id='block_1_8' title="bbox 791 959 1161 1013">
    <p class='ocr_par' dir='ltr' id='par_1_8' title="bbox 791 959 1161 1013">
     <span class='ocr_line' id='line_1_8' title="bbox 791 959 1161 1013; baseline 0.005 -2"><span class='ocrx_word' id='word_1_42' title='bbox 791 959 1043 1012; x_wconf 78' lang='grc' dir='ltr'>ΚΕΦΛΛ.</span> <span class='ocrx_word' id='word_1_43' title='bbox 1087 959 1161 1013; x_wconf 87' lang='lat' dir='ltr'>B&#39;.</span> 
     </span>
    </p>
   </div>
   <div class='ocr_carea' id='block_1_9' title="bbox 263 1071 1762 1145">
    <p class='ocr_par' dir='ltr' id='par_1_9' title="bbox 263 1071 1762 1145">
     <span class='ocr_line' id='line_1_9' title="bbox 263 1071 1762 1145; baseline 0.001 -20"><span class='ocrx_word' id='word_1_44' title='bbox 263 1071 471 1125; x_wconf 83' lang='grc' dir='ltr'>Οὐκοῦν</span> <span class='ocrx_word' id='word_1_45' title='bbox 529 1072 841 1135; x_wconf 76' lang='grc' dir='ltr'>ἐπελάϐετο,</span> <span class='ocrx_word' id='word_1_46' title='bbox 887 1073 1031 1126; x_wconf 86' lang='grc' dir='ltr'>καθά</span> <span class='ocrx_word' id='word_1_47' title='bbox 1064 1074 1158 1125; x_wconf 76' lang='grc' dir='ltr'>καὶ</span> <span class='ocrx_word' id='word_1_48' title='bbox 1200 1072 1361 1134; x_wconf 82' lang='grc' dir='ltr'>αὐτὸς</span> <span class='ocrx_word' id='word_1_49' title='bbox 1410 1071 1762 1145; x_wconf 75' lang='grc' dir='ltr'>ὡμολόγηκεν</span> 
     </span>
    </p>
   </div>
   <div class='ocr_carea' id='block_1_10' title="bbox 196 1162 1764 1233">
    <p class='ocr_par' dir='ltr' id='par_1_10' title="bbox 196 1162 1764 1233">
     <span class='ocr_line' id='line_1_10' title="bbox 196 1162 1764 1233; baseline 0.003 -20"><span class='ocrx_word' id='word_1_50' title='bbox 196 1162 417 1230; x_wconf 77' lang='grc' dir='ltr'>ἀρτίως,</span> <span class='ocrx_word' id='word_1_51' title='bbox 470 1162 777 1231; x_wconf 83' lang='grc' dir='ltr'>σπέρματος</span> <span class='ocrx_word' id='word_1_52' title='bbox 816 1163 1064 1233; x_wconf 78' lang='grc' dir='ltr'>Ἀδραάμ</span> <span class='ocrx_word' id='word_1_53' title='bbox 1096 1164 1227 1226; x_wconf 77' lang='grc' dir='ltr'>Θεὸς</span> <span class='ocrx_word' id='word_1_54' title='bbox 1260 1162 1334 1217; x_wconf 81' lang='grc' dir='ltr'>ὢν</span> <span class='ocrx_word' id='word_1_55' title='bbox 1363 1166 1389 1216; x_wconf 94' lang='lat'>6</span> <span class='ocrx_word' id='word_1_56' title='bbox 1418 1166 1613 1233; x_wconf 86' lang='grc' dir='ltr'>Λόγος·</span> <span class='ocrx_word' id='word_1_57' title='bbox 1648 1167 1764 1229; x_wconf 83' lang='grc' dir='ltr'>πῶς</span> 
     </span>
    </p>
   </div>
   <div class='ocr_carea' id='block_1_11' title="bbox 197 1247 1764 1326">
    <p class='ocr_par' dir='ltr' id='par_1_11' title="bbox 197 1247 1764 1326">
     <span class='ocr_line' id='line_1_11' title="bbox 197 1247 1764 1326; baseline 0.004 -23"><span class='ocrx_word' id='word_1_58' title='bbox 197 1247 279 1304; x_wconf 77' lang='grc' dir='ltr'>οὖν</span> <span class='ocrx_word' id='word_1_59' title='bbox 307 1254 387 1305; x_wconf 77' lang='grc' dir='ltr'>ἔτι</span> <span class='ocrx_word' id='word_1_60' title='bbox 406 1252 655 1322; x_wconf 83' lang='grc' dir='ltr'>θεότητος</span> <span class='ocrx_word' id='word_1_61' title='bbox 680 1256 916 1323; x_wconf 81' lang='grc' dir='ltr'>κτήτωρ,</span> <span class='ocrx_word' id='word_1_62' title='bbox 940 1256 968 1306; x_wconf 98' lang='lat'>6</span> <span class='ocrx_word' id='word_1_63' title='bbox 998 1256 1060 1305; x_wconf 80' lang='grc' dir='ltr'>ὲκ</span> <span class='ocrx_word' id='word_1_64' title='bbox 1084 1254 1393 1323; x_wconf 75' lang='grc' dir='ltr'>σπέρματος</span> <span class='ocrx_word' id='word_1_65' title='bbox 1426 1256 1695 1326; x_wconf 81' lang='grc' dir='ltr'>’Λόραάμ,</span> <span class='ocrx_word' id='word_1_66' title='bbox 1716 1260 1764 1309; x_wconf 81' lang='grc' dir='ltr'>ει</span> 
     </span>
    </p>
   </div>
   <div class='ocr_carea' id='block_1_12' title="bbox 198 1344 1765 1416">
    <p class='ocr_par' dir='ltr' id='par_1_12' title="bbox 198 1344 1765 1416">
     <span class='ocr_line' id='line_1_12' title="bbox 198 1344 1765 1416; baseline 0.004 -24"><span class='ocrx_word' id='word_1_67' title='bbox 198 1344 540 1413; x_wconf 79' lang='grc' dir='ltr'>προσελήφθη</span> <span class='ocrx_word' id='word_1_68' title='bbox 577 1344 725 1408; x_wconf 87' lang='grc' dir='ltr'>παρά</span> <span class='ocrx_word' id='word_1_69' title='bbox 754 1344 911 1405; x_wconf 84' lang='grc' dir='ltr'>Θεοῦ,</span> <span class='ocrx_word' id='word_1_70' title='bbox 942 1345 1034 1396; x_wconf 82' lang='grc' dir='ltr'>καὶ</span> <span class='ocrx_word' id='word_1_71' title='bbox 1066 1345 1184 1412; x_wconf 76' lang='grc' dir='ltr'>οὐχὶ</span> <span class='ocrx_word' id='word_1_72' title='bbox 1215 1345 1534 1413; x_wconf 75' lang='grc' dir='ltr'>προσλαϐὼν</span> <span class='ocrx_word' id='word_1_73' title='bbox 1572 1350 1765 1416; x_wconf 86' lang='grc' dir='ltr'>δρᾶται</span> 
     </span>
    </p>
   </div>
   <div class='ocr_carea' id='block_1_13' title="bbox 197 1429 1766 1505">
    <p class='ocr_par' dir='ltr' id='par_1_13' title="bbox 197 1429 1766 1505">
     <span class='ocr_line' id='line_1_13' title="bbox 197 1429 1766 1505; baseline 0.004 -23"><span class='ocrx_word' id='word_1_74' title='bbox 197 1434 286 1502; x_wconf 81' lang='grc' dir='ltr'>τὴν</span> <span class='ocrx_word' id='word_1_75' title='bbox 320 1434 549 1502; x_wconf 89' lang='grc' dir='ltr'>θεότητα</span> <span class='ocrx_word' id='word_1_76' title='bbox 587 1434 778 1497; x_wconf 78' lang='grc' dir='ltr'>αύτὸς;</span> <span class='ocrx_word' id='word_1_77' title='bbox 816 1435 924 1486; x_wconf 73' lang='grc' dir='ltr'>Καὶ</span> <span class='ocrx_word' id='word_1_78' title='bbox 958 1433 1206 1503; x_wconf 81' lang='grc' dir='ltr'>θεότητος</span> <span class='ocrx_word' id='word_1_79' title='bbox 1241 1429 1333 1486; x_wconf 76' lang='grc' dir='ltr'>οὖν</span> <span class='ocrx_word' id='word_1_80' title='bbox 1366 1435 1523 1503; x_wconf 78' lang='grc' dir='ltr'>φύσις</span> <span class='ocrx_word' id='word_1_81' title='bbox 1556 1438 1766 1505; x_wconf 82' lang='grc' dir='ltr'>ἥκιστα</span> 
     </span>
    </p>
   </div>
   <div class='ocr_carea' id='block_1_14' title="bbox 198 1524 1764 1594">
    <p class='ocr_par' dir='ltr' id='par_1_14' title="bbox 198 1524 1764 1594">
     <span class='ocr_line' id='line_1_14' title="bbox 198 1524 1764 1594; baseline 0.002 -19"><span class='ocrx_word' id='word_1_82' title='bbox 198 1525 260 1575; x_wconf 83' lang='grc' dir='ltr'>ἂν</span> <span class='ocrx_word' id='word_1_83' title='bbox 285 1526 370 1593; x_wconf 81' lang='grc' dir='ltr'>εἴη</span> <span class='ocrx_word' id='word_1_84' title='bbox 398 1524 457 1575; x_wconf 82' lang='grc' dir='ltr'>τὸ</span> <span class='ocrx_word' id='word_1_85' title='bbox 486 1524 705 1593; x_wconf 83' lang='grc' dir='ltr'>σπέρμα</span> <span class='ocrx_word' id='word_1_86' title='bbox 731 1524 823 1576; x_wconf 87' lang='grc' dir='ltr'>τοῦ</span> <span class='ocrx_word' id='word_1_87' title='bbox 865 1524 1135 1594; x_wconf 76' lang='grc' dir='ltr'>Ἀϐραὰμ,</span> <span class='ocrx_word' id='word_1_88' title='bbox 1169 1525 1327 1593; x_wconf 82' lang='grc' dir='ltr'>σῶμα</span> <span class='ocrx_word' id='word_1_89' title='bbox 1354 1526 1408 1577; x_wconf 81' lang='grc' dir='ltr'>δὲ</span> <span class='ocrx_word' id='word_1_90' title='bbox 1446 1526 1643 1594; x_wconf 79' lang='grc' dir='ltr'>μᾶλλον</span> <span class='ocrx_word' id='word_1_91' title='bbox 1671 1526 1764 1578; x_wconf 85' lang='grc' dir='ltr'>τοῦ</span> 
     </span>
    </p>
   </div>
   <div class='ocr_carea' id='block_1_15' title="bbox 199 1615 1767 1684">
    <p class='ocr_par' dir='ltr' id='par_1_15' title="bbox 199 1615 1767 1684">
     <span class='ocr_line' id='line_1_15' title="bbox 199 1615 1767 1684; baseline 0.003 -19"><span class='ocrx_word' id='word_1_92' title='bbox 199 1615 326 1665; x_wconf 82' lang='grc' dir='ltr'>Θεοῦ</span> <span class='ocrx_word' id='word_1_93' title='bbox 368 1616 540 1681; x_wconf 90' lang='grc' dir='ltr'>Λόγου</span> <span class='ocrx_word' id='word_1_94' title='bbox 590 1616 814 1683; x_wconf 82' lang='grc' dir='ltr'>γέγονε,</span> <span class='ocrx_word' id='word_1_95' title='bbox 879 1616 1018 1668; x_wconf 86' lang='grc' dir='ltr'>κατά</span> <span class='ocrx_word' id='word_1_96' title='bbox 1062 1617 1158 1677; x_wconf 77' lang='grc' dir='ltr'>τὰς</span> <span class='ocrx_word' id='word_1_97' title='bbox 1198 1616 1452 1684; x_wconf 73' lang='grc' dir='ltr'>Γραφάς,</span> <span class='ocrx_word' id='word_1_98' title='bbox 1498 1617 1591 1670; x_wconf 60' lang='grc' dir='ltr'>καὶ¹</span> <span class='ocrx_word' id='word_1_99' title='bbox 1639 1618 1767 1669; x_wconf 76' lang='grc' dir='ltr'>ἴδιον</span> 
     </span>
    </p>
   </div>
   <div class='ocr_carea' id='block_1_16' title="bbox 199 1705 1768 1774">
    <p class='ocr_par' dir='ltr' id='par_1_16' title="bbox 199 1705 1768 1774">
     <span class='ocr_line' id='line_1_16' title="bbox 199 1705 1768 1774; baseline 0.001 -17"><span class='ocrx_word' id='word_1_100' title='bbox 199 1706 386 1761; x_wconf 88' lang='grc' dir='ltr'>αὑτοῦ·</span> <span class='ocrx_word' id='word_1_101' title='bbox 420 1707 513 1758; x_wconf 74' lang='grc' dir='ltr'>καὶ</span> <span class='ocrx_word' id='word_1_102' title='bbox 538 1709 566 1757; x_wconf 90' lang='grc' dir='ltr'>ὁ</span> <span class='ocrx_word' id='word_1_103' title='bbox 598 1709 661 1774; x_wconf 82' lang='grc' dir='ltr'>τῇ</span> <span class='ocrx_word' id='word_1_104' title='bbox 698 1707 871 1758; x_wconf 81' lang='grc' dir='ltr'>κτίσει</span> <span class='ocrx_word' id='word_1_105' title='bbox 908 1706 1048 1759; x_wconf 83' lang='grc' dir='ltr'>κατά</span> <span class='ocrx_word' id='word_1_106' title='bbox 1077 1705 1235 1774; x_wconf 84' lang='grc' dir='ltr'>φύσιν</span> <span class='ocrx_word' id='word_1_107' title='bbox 1266 1706 1398 1757; x_wconf 75' lang='grc' dir='ltr'>ἰδίαν</span> <span class='ocrx_word' id='word_1_108' title='bbox 1435 1706 1768 1769; x_wconf 77' lang='grc' dir='ltr'>ἀσύντακτος</span> 
     </span>
    </p>
   </div>
   <div class='ocr_carea' id='block_1_17' title="bbox 198 1796 1765 1869">
    <p class='ocr_par' dir='ltr' id='par_1_17' title="bbox 198 1796 1765 1869">
     <span class='ocr_line' id='line_1_17' title="bbox 198 1796 1765 1869; baseline -0.001 -20"><span class='ocrx_word' id='word_1_109' title='bbox 198 1796 268 1859; x_wconf 80' lang='grc' dir='ltr'>ὼς</span> <span class='ocrx_word' id='word_1_110' title='bbox 297 1798 450 1860; x_wconf 80' lang='grc' dir='ltr'>Θεὸς,</span> <span class='ocrx_word' id='word_1_111' title='bbox 474 1797 561 1849; x_wconf 85' lang='grc' dir='ltr'>ὅτε</span> <span class='ocrx_word' id='word_1_112' title='bbox 593 1797 815 1863; x_wconf 85' lang='grc' dir='ltr'>γέγονεν</span> <span class='ocrx_word' id='word_1_113' title='bbox 844 1797 1145 1869; x_wconf 82' lang='grc' dir='ltr'>ἄνθρωπος,</span> <span class='ocrx_word' id='word_1_114' title='bbox 1178 1797 1233 1857; x_wconf 80' lang='grc' dir='ltr'>ὃς</span> <span class='ocrx_word' id='word_1_115' title='bbox 1273 1798 1387 1847; x_wconf 77' lang='grc' dir='ltr'>ἐστι</span> <span class='ocrx_word' id='word_1_116' title='bbox 1413 1796 1641 1859; x_wconf 85' lang='grc' dir='ltr'>κτίσεως</span> <span class='ocrx_word' id='word_1_117' title='bbox 1676 1798 1765 1867; x_wconf 83' lang='grc' dir='ltr'>μέ-</span> 
     </span>
    </p>
   </div>
   <div class='ocr_carea' id='block_1_18' title="bbox 205 1876 1843 1957">
    <p class='ocr_par' dir='ltr' id='par_1_18' title="bbox 205 1876 1843 1957">
     <span class='ocr_line' id='line_1_18' title="bbox 205 1876 1843 1957; baseline 0.001 -18"><span class='ocrx_word' id='word_1_118' title='bbox 205 1904 311 1956; x_wconf 88' lang='grc' dir='ltr'>ρος,</span> <span class='ocrx_word' id='word_1_119' title='bbox 354 1889 476 1940; x_wconf 86' lang='grc' dir='ltr'>τότε</span> <span class='ocrx_word' id='word_1_120' title='bbox 510 1888 595 1957; x_wconf 83' lang='grc' dir='ltr'>δὴ,</span> <span class='ocrx_word' id='word_1_121' title='bbox 636 1888 756 1940; x_wconf 86' lang='grc' dir='ltr'>τότε</span> <span class='ocrx_word' id='word_1_122' title='bbox 786 1888 880 1940; x_wconf 75' lang='grc' dir='ltr'>καὶ</span> <span class='ocrx_word' id='word_1_123' title='bbox 912 1888 1056 1957; x_wconf 87' lang='grc' dir='ltr'>μάλα</span> <span class='ocrx_word' id='word_1_124' title='bbox 1087 1889 1339 1949; x_wconf 76' lang='grc' dir='ltr'>εἰκότως,</span> <span class='ocrx_word' id='word_1_125' title='bbox 1382 1890 1474 1940; x_wconf 80' lang='grc' dir='ltr'>καὶ</span> <span class='ocrx_word' id='word_1_126' title='bbox 1508 1889 1769 1956; x_wconf 77' lang='grc' dir='ltr'>ἀδελφοὺς</span> <span class='ocrx_word' id='word_1_127' title='bbox 1802 1876 1843 1929; x_wconf 82' lang='grc' dir='ltr'>Β</span> 
     </span>
    </p>
   </div>
   <div class='ocr_carea' id='block_1_19' title="bbox 203 1978 1773 2049">
    <p class='ocr_par' dir='ltr' id='par_1_19' title="bbox 203 1978 1773 2049">
     <span class='ocr_line' id='line_1_19' title="bbox 203 1978 1773 2049; baseline -0.01 0"><span class='ocrx_word' id='word_1_128' title='bbox 203 1980 345 2048; x_wconf 71' lang='grc' dir='ltr'>ἡμᾶς</span> <span class='ocrx_word' id='word_1_129' title='bbox 385 1981 667 2047; x_wconf 80' lang='grc' dir='ltr'>ὀνομάζειν</span> <span class='ocrx_word' id='word_1_130' title='bbox 710 1978 869 2043; x_wconf 78' lang='grc' dir='ltr'>ἀξιοῖ,</span> <span class='ocrx_word' id='word_1_131' title='bbox 897 1979 1100 2046; x_wconf 82' lang='grc' dir='ltr'>λέγων’</span> <span class='ocrx_word' id='word_1_132' title='bbox 1142 1980 1463 2047; x_wconf 77' lang='grc' dir='ltr'>’Λπαγγελῶ</span> <span class='ocrx_word' id='word_1_133' title='bbox 1506 1982 1565 2031; x_wconf 79' lang='grc' dir='ltr'>τὸ</span> <span class='ocrx_word' id='word_1_134' title='bbox 1602 1980 1773 2049; x_wconf 78' lang='grc' dir='ltr'>δνομά</span> 
     </span>
    </p>
   </div>
   <div class='ocr_carea' id='block_1_20' title="bbox 204 2069 1773 2139">
    <p class='ocr_par' dir='ltr' id='par_1_20' title="bbox 204 2069 1773 2139">
     <span class='ocr_line' id='line_1_20' title="bbox 204 2069 1773 2139; baseline 0.001 -18"><span class='ocrx_word' id='word_1_135' title='bbox 204 2086 294 2121; x_wconf 93' lang='grc' dir='ltr'>σου</span> <span class='ocrx_word' id='word_1_136' title='bbox 328 2073 441 2131; x_wconf 89' lang='grc' dir='ltr'>τοῖς</span> <span class='ocrx_word' id='word_1_137' title='bbox 481 2070 724 2136; x_wconf 80' lang='grc' dir='ltr'>ἀδελφοῖς</span> <span class='ocrx_word' id='word_1_138' title='bbox 762 2089 883 2139; x_wconf 90' lang='grc' dir='ltr'>μου.</span> <span class='ocrx_word' id='word_1_139' title='bbox 908 2072 1030 2123; x_wconf 88' lang='grc' dir='ltr'>Ὅτι</span> <span class='ocrx_word' id='word_1_140' title='bbox 1060 2070 1117 2122; x_wconf 80' lang='grc' dir='ltr'>δὲ</span> <span class='ocrx_word' id='word_1_141' title='bbox 1146 2070 1233 2121; x_wconf 79' lang='grc' dir='ltr'>διά</span> <span class='ocrx_word' id='word_1_142' title='bbox 1265 2071 1324 2121; x_wconf 87' lang='grc' dir='ltr'>τὸ</span> <span class='ocrx_word' id='word_1_143' title='bbox 1358 2071 1457 2138; x_wconf 84' lang='grc' dir='ltr'>τῆς</span> <span class='ocrx_word' id='word_1_144' title='bbox 1489 2069 1773 2133; x_wconf 83' lang='grc' dir='ltr'>κενώσεως</span> 
     </span>
    </p>
   </div>
   <div class='ocr_carea' id='block_1_21' title="bbox 205 2160 1771 2232">
    <p class='ocr_par' dir='ltr' id='par_1_21' title="bbox 205 2160 1771 2232">
     <span class='ocr_line' id='line_1_21' title="bbox 205 2160 1771 2232; baseline 0.002 -22"><span class='ocrx_word' id='word_1_145' title='bbox 205 2160 397 2231; x_wconf 81' lang='grc' dir='ltr'>μέτρον</span> <span class='ocrx_word' id='word_1_146' title='bbox 444 2162 914 2228; x_wconf 83' lang='grc' dir='ltr'>καταπεφοίτηκεν</span> <span class='ocrx_word' id='word_1_147' title='bbox 956 2164 983 2213; x_wconf 93' lang='lat'>6</span> <span class='ocrx_word' id='word_1_148' title='bbox 1016 2165 1078 2213; x_wconf 85' lang='grc' dir='ltr'>ὲκ</span> <span class='ocrx_word' id='word_1_149' title='bbox 1113 2160 1246 2214; x_wconf 85' lang='grc' dir='ltr'>Θεοῦ</span> <span class='ocrx_word' id='word_1_150' title='bbox 1302 2161 1517 2232; x_wconf 85' lang='grc' dir='ltr'>Πατρὸς</span> <span class='ocrx_word' id='word_1_151' title='bbox 1566 2162 1771 2228; x_wconf 87' lang='grc' dir='ltr'>Λόγος,</span> 
     </span>
    </p>
   </div>
   <div class='ocr_carea' id='block_1_22' title="bbox 202 2251 1773 2321">
    <p class='ocr_par' dir='ltr' id='par_1_22' title="bbox 202 2251 1773 2321">
     <span class='ocr_line' id='line_1_22' title="bbox 202 2251 1773 2321; baseline 0.001 -17"><span class='ocrx_word' id='word_1_152' title='bbox 202 2254 292 2304; x_wconf 75' lang='grc' dir='ltr'>καὶ</span> <span class='ocrx_word' id='word_1_153' title='bbox 336 2254 417 2315; x_wconf 74' lang='grc' dir='ltr'>εἷς</span> <span class='ocrx_word' id='word_1_154' title='bbox 467 2268 530 2319; x_wconf 86' lang='grc' dir='ltr'>γε</span> <span class='ocrx_word' id='word_1_155' title='bbox 568 2251 631 2303; x_wconf 83' lang='grc' dir='ltr'>τὸ</span> <span class='ocrx_word' id='word_1_156' title='bbox 678 2251 789 2303; x_wconf 89' lang='grc' dir='ltr'>δεῖν</span> <span class='ocrx_word' id='word_1_157' title='bbox 845 2254 1235 2321; x_wconf 76' lang='grc' dir='ltr'>κατονομάζειν</span> <span class='ocrx_word' id='word_1_158' title='bbox 1286 2253 1548 2320; x_wconf 81' lang='grc' dir='ltr'>ἀδελφοὺς</span> <span class='ocrx_word' id='word_1_159' title='bbox 1598 2252 1773 2321; x_wconf 82' lang='grc' dir='ltr'>ἐαυτῷ</span> 
     </span>
    </p>
   </div>
   <div class='ocr_carea' id='block_1_23' title="bbox 203 2342 1771 2415">
    <p class='ocr_par' dir='ltr' id='par_1_23' title="bbox 203 2342 1771 2415">
     <span class='ocr_line' id='line_1_23' title="bbox 203 2342 1771 2415; baseline 0.001 -21"><span class='ocrx_word' id='word_1_160' title='bbox 203 2342 324 2405; x_wconf 83' lang='grc' dir='ltr'>τοὺς</span> <span class='ocrx_word' id='word_1_161' title='bbox 374 2343 469 2395; x_wconf 75' lang='grc' dir='ltr'>ἐπὶ</span> <span class='ocrx_word' id='word_1_162' title='bbox 518 2343 617 2413; x_wconf 82' lang='grc' dir='ltr'>τῆς</span> <span class='ocrx_word' id='word_1_163' title='bbox 669 2343 804 2412; x_wconf 86' lang='grc' dir='ltr'>γῆς,</span> <span class='ocrx_word' id='word_1_164' title='bbox 866 2347 1120 2412; x_wconf 82' lang='grc' dir='ltr'>σαφηνιεῖ</span> <span class='ocrx_word' id='word_1_165' title='bbox 1184 2344 1473 2415; x_wconf 82' lang='grc' dir='ltr'>γεγραφὼς</span> <span class='ocrx_word' id='word_1_166' title='bbox 1524 2346 1552 2396; x_wconf 96' lang='lat'>6</span> <span class='ocrx_word' id='word_1_167' title='bbox 1595 2343 1771 2410; x_wconf 81' lang='grc' dir='ltr'>σοφώ-</span> 
     </span>
    </p>
   </div>
   <div class='ocr_carea' id='block_1_24' title="bbox 204 2432 1775 2505">
    <p class='ocr_par' dir='ltr' id='par_1_24' title="bbox 204 2432 1775 2505">
     <span class='ocr_line' id='line_1_24' title="bbox 204 2432 1775 2505; baseline 0.002 -22"><span class='ocrx_word' id='word_1_168' title='bbox 204 2447 356 2493; x_wconf 86' lang='grc' dir='ltr'>τατος</span> <span class='ocrx_word' id='word_1_169' title='bbox 390 2432 619 2496; x_wconf 88' lang='grc' dir='ltr'>Παῦλος,</span> <span class='ocrx_word' id='word_1_170' title='bbox 652 2434 779 2502; x_wconf 88' lang='grc' dir='ltr'>περί</span> <span class='ocrx_word' id='word_1_171' title='bbox 808 2451 864 2485; x_wconf 90' lang='grc' dir='ltr'>τε</span> <span class='ocrx_word' id='word_1_172' title='bbox 890 2432 1055 2487; x_wconf 85' lang='grc' dir='ltr'>αὑτοῦ</span> <span class='ocrx_word' id='word_1_173' title='bbox 1106 2436 1197 2487; x_wconf 79' lang='grc' dir='ltr'>καὶ</span> <span class='ocrx_word' id='word_1_174' title='bbox 1232 2436 1389 2505; x_wconf 80' lang='grc' dir='ltr'>ἡμῶν</span> <span class='ocrx_word' id='word_1_175' title='bbox 1411 2453 1423 2465; x_wconf 92' lang='grc'><strong>·</strong></span> <span class='ocrx_word' id='word_1_176' title='bbox 1460 2455 1477 2487; x_wconf 81' lang='grc' dir='ltr'>ι</span> <span class='ocrx_word' id='word_1_177' title='bbox 1512 2436 1639 2488; x_wconf 82' lang='grc' dir='ltr'>Ὅτε</span> <span class='ocrx_word' id='word_1_178' title='bbox 1668 2435 1775 2503; x_wconf 86' lang='grc' dir='ltr'>γὰρ</span> 
     </span>
    </p>
   </div>
   <div class='ocr_carea' id='block_1_25' title="bbox 204 2522 1776 2597">
    <p class='ocr_par' dir='ltr' id='par_1_25' title="bbox 204 2522 1776 2597">
     <span class='ocr_line' id='line_1_25' title="bbox 204 2522 1776 2597; baseline 0.001 -20"><span class='ocrx_word' id='word_1_179' title='bbox 204 2522 441 2590; x_wconf 80' lang='grc' dir='ltr'>ἁγιάζων</span> <span class='ocrx_word' id='word_1_180' title='bbox 472 2527 564 2577; x_wconf 78' lang='grc' dir='ltr'>καὶ</span> <span class='ocrx_word' id='word_1_181' title='bbox 606 2528 653 2578; x_wconf 88' lang='lat' dir='ltr'>ol</span> <span class='ocrx_word' id='word_1_182' title='bbox 688 2525 1055 2594; x_wconf 77' lang='grc' dir='ltr'>ἁγιαζόμενοι,</span> <span class='ocrx_word' id='word_1_183' title='bbox 1087 2526 1144 2590; x_wconf 81' lang='grc' dir='ltr'>ἐξ</span> <span class='ocrx_word' id='word_1_184' title='bbox 1185 2527 1302 2589; x_wconf 70' lang='grc' dir='ltr'>ἑνὸς</span> <span class='ocrx_word' id='word_1_185' title='bbox 1354 2527 1582 2593; x_wconf 85' lang='grc' dir='ltr'>πάντες,</span> <span class='ocrx_word' id='word_1_186' title='bbox 1617 2527 1682 2580; x_wconf 83' lang='grc' dir='ltr'>δι’</span> <span class='ocrx_word' id='word_1_187' title='bbox 1708 2528 1776 2597; x_wconf 83' lang='grc' dir='ltr'>ἢν</span> 
     </span>
    </p>
   </div>
   <div class='ocr_carea' id='block_1_26' title="bbox 204 2616 1775 2687">
    <p class='ocr_par' dir='ltr' id='par_1_26' title="bbox 204 2616 1775 2687">
     <span class='ocr_line' id='line_1_26' title="bbox 204 2616 1775 2687; baseline -0.001 -16"><span class='ocrx_word' id='word_1_188' title='bbox 204 2616 380 2671; x_wconf 74' lang='grc' dir='ltr'>αετίαν</span> <span class='ocrx_word' id='word_1_189' title='bbox 408 2617 506 2667; x_wconf 80' lang='grc' dir='ltr'>οὐκ</span> <span class='ocrx_word' id='word_1_190' title='bbox 534 2617 915 2687; x_wconf 74' lang='grc' dir='ltr'>ἐπαισχύνεται</span> <span class='ocrx_word' id='word_1_191' title='bbox 941 2616 1201 2685; x_wconf 77' lang='grc' dir='ltr'>ἀδελφοὺς</span> <span class='ocrx_word' id='word_1_192' title='bbox 1232 2618 1428 2679; x_wconf 77' lang='grc' dir='ltr'>αὐτοὺς</span> <span class='ocrx_word' id='word_1_193' title='bbox 1458 2618 1663 2678; x_wconf 88' lang='grc' dir='ltr'>καλεῖν.</span> <span class='ocrx_word' id='word_1_194' title='bbox 1694 2617 1775 2670; x_wconf 85' lang='grc' dir='ltr'>λέ-</span> 
     </span>
    </p>
   </div>
   <div class='ocr_carea' id='block_1_27' title="bbox 205 2709 1769 2779">
    <p class='ocr_par' dir='ltr' id='par_1_27' title="bbox 205 2709 1769 2779">
     <span class='ocr_line' id='line_1_27' title="bbox 205 2709 1769 2779; baseline 0 -18"><span class='ocrx_word' id='word_1_195' title='bbox 205 2725 340 2776; x_wconf 76' lang='grc' dir='ltr'>γων’</span> <span class='ocrx_word' id='word_1_196' title='bbox 380 2709 699 2775; x_wconf 84' lang='grc' dir='ltr'>Ἀπαγγελῶ</span> <span class='ocrx_word' id='word_1_197' title='bbox 748 2711 806 2761; x_wconf 82' lang='grc' dir='ltr'>τὸ</span> <span class='ocrx_word' id='word_1_198' title='bbox 832 2709 1000 2779; x_wconf 74' lang='grc' dir='ltr'>ὄνομά</span> <span class='ocrx_word' id='word_1_199' title='bbox 1054 2726 1145 2760; x_wconf 90' lang='grc' dir='ltr'>σου</span> <span class='ocrx_word' id='word_1_200' title='bbox 1174 2711 1283 2771; x_wconf 86' lang='grc' dir='ltr'>τοῖς</span> <span class='ocrx_word' id='word_1_201' title='bbox 1312 2709 1560 2777; x_wconf 81' lang='grc' dir='ltr'>ἀδελφοῖς</span> <span class='ocrx_word' id='word_1_202' title='bbox 1599 2726 1721 2778; x_wconf 90' lang='grc' dir='ltr'>μου.</span> <span class='ocrx_word' id='word_1_203' title='bbox 1750 2727 1769 2761; x_wconf 74' lang='grc' dir='ltr'>ι</span> 
     </span>
    </p>
   </div>
   <div class='ocr_carea' id='block_1_28' title="bbox 206 2798 1775 2871">
    <p class='ocr_par' dir='ltr' id='par_1_28' title="bbox 206 2798 1775 2871">
     <span class='ocr_line' id='line_1_28' title="bbox 206 2798 1775 2871; baseline -0.001 -19"><span class='ocrx_word' id='word_1_204' title='bbox 206 2800 316 2871; x_wconf 82' lang='grc' dir='ltr'>Πρὸ</span> <span class='ocrx_word' id='word_1_205' title='bbox 355 2801 456 2871; x_wconf 86' lang='grc' dir='ltr'>μὲν</span> <span class='ocrx_word' id='word_1_206' title='bbox 493 2801 600 2870; x_wconf 85' lang='grc' dir='ltr'>γὰρ</span> <span class='ocrx_word' id='word_1_207' title='bbox 646 2802 741 2870; x_wconf 85' lang='grc' dir='ltr'>τῆς</span> <span class='ocrx_word' id='word_1_208' title='bbox 789 2801 1273 2871; x_wconf 80' lang='grc' dir='ltr'>ὲνανθρωπήσεως,</span> <span class='ocrx_word' id='word_1_209' title='bbox 1316 2800 1546 2869; x_wconf 85' lang='grc' dir='ltr'>σμικρὸν</span> <span class='ocrx_word' id='word_1_210' title='bbox 1579 2798 1775 2870; x_wconf 84' lang='grc' dir='ltr'>κομιδῆ</span> 
     </span>
    </p>
   </div>
   <div class='ocr_carea' id='block_1_29' title="bbox 206 2887 1777 2958">
    <p class='ocr_par' dir='ltr' id='par_1_29' title="bbox 206 2887 1777 2958">
     <span class='ocr_line' id='line_1_29' title="bbox 206 2887 1777 2958; baseline -0.003 -16"><span class='ocrx_word' id='word_1_211' title='bbox 206 2888 279 2958; x_wconf 83' lang='grc' dir='ltr'>τῷ</span> <span class='ocrx_word' id='word_1_212' title='bbox 304 2892 370 2942; x_wconf 85' lang='grc' dir='ltr'>ὲκ</span> <span class='ocrx_word' id='word_1_213' title='bbox 404 2888 536 2941; x_wconf 81' lang='grc' dir='ltr'>Θεοῦ</span> <span class='ocrx_word' id='word_1_214' title='bbox 572 2888 729 2956; x_wconf 78' lang='grc' dir='ltr'>φύντι</span> <span class='ocrx_word' id='word_1_215' title='bbox 769 2890 923 2958; x_wconf 84' lang='grc' dir='ltr'>Λόγῳ</span> <span class='ocrx_word' id='word_1_216' title='bbox 951 2890 1011 2941; x_wconf 84' lang='grc' dir='ltr'>τὸ</span> <span class='ocrx_word' id='word_1_217' title='bbox 1041 2890 1141 2957; x_wconf 86' lang='grc' dir='ltr'>τῆς</span> <span class='ocrx_word' id='word_1_218' title='bbox 1176 2888 1309 2958; x_wconf 84' lang='grc' dir='ltr'>πρὸς</span> <span class='ocrx_word' id='word_1_219' title='bbox 1350 2891 1381 2957; x_wconf 87' lang='grc' dir='ltr'>ή</span> <span class='ocrx_word' id='word_1_220' title='bbox 1394 2888 1509 2956; x_wconf 85' lang='grc' dir='ltr'>μῶν</span> <span class='ocrx_word' id='word_1_221' title='bbox 1548 2887 1777 2955; x_wconf 80' lang='grc' dir='ltr'>ἀδελφό-</span> 
     </span>
    </p>
   </div>
   <div class='ocr_carea' id='block_1_30' title="bbox 206 2980 1778 3050">
    <p class='ocr_par' dir='ltr' id='par_1_30' title="bbox 206 2980 1778 3050">
     <span class='ocr_line' id='line_1_30' title="bbox 206 2980 1778 3050; baseline 0.001 -19"><span class='ocrx_word' id='word_1_222' title='bbox 206 2996 363 3050; x_wconf 88' lang='grc' dir='ltr'>τητος</span> <span class='ocrx_word' id='word_1_223' title='bbox 404 2980 606 3049; x_wconf 75' lang='grc' dir='ltr'>ὄνομα·</span> <span class='ocrx_word' id='word_1_224' title='bbox 639 2980 953 3047; x_wconf 76' lang='grc' dir='ltr'>καθιγμὲνῳ</span> <span class='ocrx_word' id='word_1_225' title='bbox 982 2997 1045 3045; x_wconf 86' lang='grc' dir='ltr'>γε</span> <span class='ocrx_word' id='word_1_226' title='bbox 1094 2980 1198 3049; x_wconf 82' lang='grc' dir='ltr'>μὴν</span> <span class='ocrx_word' id='word_1_227' title='bbox 1228 2982 1305 3041; x_wconf 80' lang='grc' dir='ltr'>είς</span> <span class='ocrx_word' id='word_1_228' title='bbox 1338 2980 1580 3033; x_wconf 81' lang='grc' dir='ltr'>ἑκούσιον</span> <span class='ocrx_word' id='word_1_229' title='bbox 1614 2981 1778 3032; x_wconf 80' lang='grc' dir='ltr'>κένω-</span> 
     </span>
    </p>
   </div>
   <div class='ocr_carea' id='block_1_31' title="bbox 208 3070 1777 3141">
    <p class='ocr_par' dir='ltr' id='par_1_31' title="bbox 208 3070 1777 3141">
     <span class='ocr_line' id='line_1_31' title="bbox 208 3070 1777 3141; baseline -0.003 -17"><span class='ocrx_word' id='word_1_230' title='bbox 208 3088 311 3137; x_wconf 86' lang='grc' dir='ltr'>σιν,</span> <span class='ocrx_word' id='word_1_231' title='bbox 338 3070 573 3141; x_wconf 81' lang='grc' dir='ltr'>σμικρὸν</span> <span class='ocrx_word' id='word_1_232' title='bbox 609 3071 707 3141; x_wconf 88' lang='grc' dir='ltr'>μὲν</span> <span class='ocrx_word' id='word_1_233' title='bbox 746 3072 839 3122; x_wconf 77' lang='grc' dir='ltr'>καὶ</span> <span class='ocrx_word' id='word_1_234' title='bbox 878 3070 1041 3134; x_wconf 75' lang='grc' dir='ltr'>οὕτω,</span> <span class='ocrx_word' id='word_1_235' title='bbox 1074 3071 1211 3140; x_wconf 82' lang='grc' dir='ltr'>πλὴν</span> <span class='ocrx_word' id='word_1_236' title='bbox 1243 3071 1567 3140; x_wconf 81' lang='grc' dir='ltr'>εύαφόρμως</span> <span class='ocrx_word' id='word_1_237' title='bbox 1598 3071 1777 3123; x_wconf 75' lang='grc' dir='ltr'>εἰσδε-</span> 
     </span>
    </p>
   </div>
   <div class='ocr_carea' id='block_1_32' title="bbox 1863 612 3431 685">
    <p class='ocr_par' dir='ltr' id='par_1_32' title="bbox 1863 612 3431 685">
     <span class='ocr_line' id='line_1_32' title="bbox 1863 612 3431 685; baseline -0.011 -7"><span class='ocrx_word' id='word_1_238' title='bbox 1863 624 2067 678; x_wconf 85' lang='lat' dir='ltr'>Similis</span> <span class='ocrx_word' id='word_1_239' title='bbox 2120 620 2378 672; x_wconf 90' lang='lat' dir='ltr'>fratribus</span> <span class='ocrx_word' id='word_1_240' title='bbox 2430 633 2523 685; x_wconf 90' lang='lat' dir='ltr'>per</span> <span class='ocrx_word' id='word_1_241' title='bbox 2560 617 2761 679; x_wconf 82' lang='lat' dir='ltr'>omnia,</span> <span class='ocrx_word' id='word_1_242' title='bbox 2805 614 2895 684; x_wconf 86' lang='lat' dir='ltr'>qui</span> <span class='ocrx_word' id='word_1_243' title='bbox 2951 614 3196 666; x_wconf 63' lang='lat' dir='ltr'>humanae</span> <span class='ocrx_word' id='word_1_244' title='bbox 3237 612 3431 661; x_wconf 72' lang='lat' dir='ltr'>animae</span> 
     </span>
    </p>
   </div>
   <div class='ocr_carea' id='block_1_33' title="bbox 1859 696 3427 772">
    <p class='ocr_par' dir='ltr' id='par_1_33' title="bbox 1859 696 3427 772">
     <span class='ocr_line' id='line_1_33' title="bbox 1859 696 3427 772; baseline -0.012 -5"><span class='ocrx_word' id='word_1_245' title='bbox 1859 724 1913 767; x_wconf 90' lang='lat' dir='ltr'>et</span> <span class='ocrx_word' id='word_1_246' title='bbox 1939 712 2118 766; x_wconf 84' lang='lat' dir='ltr'>carnis</span> <span class='ocrx_word' id='word_1_247' title='bbox 2149 710 2545 762; x_wconf 85' lang='lat' dir='ltr'>fraternitatem</span> <span class='ocrx_word' id='word_1_248' title='bbox 2576 706 2834 772; x_wconf 91' lang='lat' dir='ltr'>suscepit,</span> <span class='ocrx_word' id='word_1_249' title='bbox 2872 718 2977 755; x_wconf 91' lang='lat' dir='ltr'>non</span> <span class='ocrx_word' id='word_1_250' title='bbox 3014 701 3101 755; x_wconf 91' lang='lat' dir='ltr'>ille</span> <span class='ocrx_word' id='word_1_251' title='bbox 3131 699 3221 768; x_wconf 87' lang='lat' dir='ltr'>qui</span> <span class='ocrx_word' id='word_1_252' title='bbox 3247 696 3427 752; x_wconf 76' lang='lat' dir='ltr'>dixit:</span> 
     </span>
    </p>
   </div>
   <div class='ocr_carea' id='block_1_34' title="bbox 1867 790 3020 869">
    <p class='ocr_par' dir='ltr' id='par_1_34' title="bbox 1867 790 3020 869">
     <span class='ocr_line' id='line_1_34' title="bbox 1867 790 3020 869; baseline -0.01 -14"><span class='ocrx_word' id='word_1_253' title='bbox 1867 823 1885 855; x_wconf 81' lang='grc' dir='ltr'>ι</span> <span class='ocrx_word' id='word_1_254' title='bbox 1919 804 2018 869; x_wconf 89' lang='lat' dir='ltr'>Qui</span> <span class='ocrx_word' id='word_1_255' title='bbox 2048 801 2182 854; x_wconf 91' lang='lat' dir='ltr'>vidit</span> <span class='ocrx_word' id='word_1_256' title='bbox 2212 813 2317 864; x_wconf 93' lang='lat' dir='ltr'>me,</span> <span class='ocrx_word' id='word_1_257' title='bbox 2354 798 2490 851; x_wconf 91' lang='lat' dir='ltr'>vidit</span> <span class='ocrx_word' id='word_1_258' title='bbox 2513 807 2564 849; x_wconf 90' lang='lat' dir='ltr'>et</span> <span class='ocrx_word' id='word_1_259' title='bbox 2597 795 2811 849; x_wconf 88' lang='lat' dir='ltr'>Patrem</span> <span class='ocrx_word' id='word_1_260' title='bbox 2843 793 2913 847; x_wconf 67' lang='grc'>³⁸.</span> <span class='ocrx_word' id='word_1_261' title='bbox 2954 790 3020 863; x_wconf 71' lang='grc' dir='ltr'>ι]</span> 
     </span>
    </p>
   </div>
   <div class='ocr_carea' id='block_1_35' title="bbox 2500 947 2758 1005">
    <p class='ocr_par' dir='ltr' id='par_1_35' title="bbox 2500 947 2758 1005">
     <span class='ocr_line' id='line_1_35' title="bbox 2500 947 2758 1005; baseline -0.008 0"><span class='ocrx_word' id='word_1_262' title='bbox 2500 950 2650 1005; x_wconf 85' lang='lat' dir='ltr'>CAP.</span> <span class='ocrx_word' id='word_1_263' title='bbox 2696 947 2758 1003; x_wconf 92' lang='lat' dir='ltr'>ll.</span> 
     </span>
    </p>
   </div>
   <div class='ocr_carea' id='block_1_36' title="bbox 1934 1080 3429 1165">
    <p class='ocr_par' dir='ltr' id='par_1_36' title="bbox 1934 1080 3429 1165">
     <span class='ocr_line' id='line_1_36' title="bbox 1934 1080 3429 1165; baseline -0.013 -15"><span class='ocrx_word' id='word_1_264' title='bbox 1934 1096 2075 1165; x_wconf 85' lang='lat' dir='ltr'>Ergo</span> <span class='ocrx_word' id='word_1_265' title='bbox 2100 1090 2475 1161; x_wconf 81' lang='lat' dir='ltr'>apprehendit,</span> <span class='ocrx_word' id='word_1_266' title='bbox 2509 1100 2570 1143; x_wconf 92' lang='lat' dir='ltr'>ut</span> <span class='ocrx_word' id='word_1_267' title='bbox 2597 1089 2711 1157; x_wconf 93' lang='lat' dir='ltr'>ipse</span> <span class='ocrx_word' id='word_1_268' title='bbox 2735 1087 2844 1155; x_wconf 86' lang='lat' dir='ltr'>jam</span> <span class='ocrx_word' id='word_1_269' title='bbox 2875 1093 2955 1139; x_wconf 85' lang='lat' dir='ltr'>est</span> <span class='ocrx_word' id='word_1_270' title='bbox 2989 1080 3304 1143; x_wconf 89' lang='lat' dir='ltr'>confessus,</span> <span class='ocrx_word' id='word_1_271' title='bbox 3340 1092 3429 1133; x_wconf 84' lang='lat' dir='ltr'>se-</span> 
     </span>
    </p>
   </div>
   <div class='ocr_carea' id='block_1_37' title="bbox 1866 1173 3437 1249">
    <p class='ocr_par' dir='ltr' id='par_1_37' title="bbox 1866 1173 3437 1249">
     <span class='ocr_line' id='line_1_37' title="bbox 1866 1173 3437 1249; baseline -0.015 -6"><span class='ocrx_word' id='word_1_272' title='bbox 1866 1204 1986 1243; x_wconf 90' lang='lat' dir='ltr'>men</span> <span class='ocrx_word' id='word_1_273' title='bbox 2016 1184 2314 1246; x_wconf 81' lang='lat' dir='ltr'><strong>Abraham,</strong></span> <span class='ocrx_word' id='word_1_274' title='bbox 2334 1184 2502 1249; x_wconf 92' lang='lat' dir='ltr'>ipsum</span> <span class='ocrx_word' id='word_1_275' title='bbox 2530 1180 2763 1233; x_wconf 79' lang='lat' dir='ltr'>Verbum</span> <span class='ocrx_word' id='word_1_276' title='bbox 2790 1176 2932 1243; x_wconf 90' lang='lat' dir='ltr'>quod</span> <span class='ocrx_word' id='word_1_277' title='bbox 2973 1173 3115 1227; x_wconf 83' lang='lat' dir='ltr'>Deus</span> <span class='ocrx_word' id='word_1_278' title='bbox 3138 1179 3276 1235; x_wconf 86' lang='lat' dir='ltr'>erat,</span> <span class='ocrx_word' id='word_1_279' title='bbox 3304 1184 3437 1238; x_wconf 88' lang='lat' dir='ltr'>quo-</span> 
     </span>
    </p>
   </div>
   <div class='ocr_carea' id='block_1_38' title="bbox 1867 1261 3435 1341">
    <p class='ocr_par' dir='ltr' id='par_1_38' title="bbox 1867 1261 3435 1341">
     <span class='ocr_line' id='line_1_38' title="bbox 1867 1261 3435 1341; baseline -0.013 -10"><span class='ocrx_word' id='word_1_280' title='bbox 1867 1278 2027 1331; x_wconf 89' lang='lat' dir='ltr'>modo</span> <span class='ocrx_word' id='word_1_281' title='bbox 2057 1275 2222 1341; x_wconf 80' lang='lat' dir='ltr'>igitur</span> <span class='ocrx_word' id='word_1_282' title='bbox 2247 1274 2362 1339; x_wconf 90' lang='lat' dir='ltr'>jam</span> <span class='ocrx_word' id='word_1_283' title='bbox 2395 1268 2695 1323; x_wconf 79' lang='lat' dir='ltr'>divinitatis</span> <span class='ocrx_word' id='word_1_284' title='bbox 2737 1267 2806 1319; x_wconf 88' lang='lat' dir='ltr'>sit</span> <span class='ocrx_word' id='word_1_285' title='bbox 2838 1276 3143 1332; x_wconf 84' lang='lat' dir='ltr'>possessor,</span> <span class='ocrx_word' id='word_1_286' title='bbox 3180 1264 3224 1314; x_wconf 89' lang='lat' dir='ltr'>is</span> <span class='ocrx_word' id='word_1_287' title='bbox 3250 1261 3339 1327; x_wconf 92' lang='lat' dir='ltr'>qui</span> <span class='ocrx_word' id='word_1_288' title='bbox 3368 1274 3435 1311; x_wconf 77' lang='lat' dir='ltr'>ex</span> 
     </span>
    </p>
   </div>
   <div class='ocr_carea' id='block_1_39' title="bbox 1866 1357 3436 1423">
    <p class='ocr_par' dir='ltr' id='par_1_39' title="bbox 1866 1357 3436 1423">
     <span class='ocr_line' id='line_1_39' title="bbox 1866 1357 3436 1423; baseline -0.013 0"><span class='ocrx_word' id='word_1_289' title='bbox 1866 1369 2071 1423; x_wconf 90' lang='lat' dir='ltr'>semine</span> <span class='ocrx_word' id='word_1_290' title='bbox 2102 1375 2183 1418; x_wconf 91' lang='lat' dir='ltr'>est</span> <span class='ocrx_word' id='word_1_291' title='bbox 2215 1363 2509 1423; x_wconf 78' lang='lat' dir='ltr'><strong>Abraham,</strong></span> <span class='ocrx_word' id='word_1_292' title='bbox 2540 1360 2583 1413; x_wconf 89' lang='lat' dir='ltr'>si</span> <span class='ocrx_word' id='word_1_293' title='bbox 2622 1374 2650 1411; x_wconf 92' lang='lat' dir='ltr'>a</span> <span class='ocrx_word' id='word_1_294' title='bbox 2693 1357 2800 1411; x_wconf 89' lang='lat' dir='ltr'>Deo</span> <span class='ocrx_word' id='word_1_295' title='bbox 2829 1366 2913 1410; x_wconf 89' lang='lat' dir='ltr'>est</span> <span class='ocrx_word' id='word_1_296' title='bbox 2958 1362 3292 1420; x_wconf 71' lang='lat' dir='ltr'>assumptus,</span> <span class='ocrx_word' id='word_1_297' title='bbox 3327 1366 3436 1404; x_wconf 89' lang='lat' dir='ltr'>non</span> 
     </span>
    </p>
   </div>
   <div class='ocr_carea' id='block_1_40' title="bbox 1866 1441 3430 1526">
    <p class='ocr_par' dir='ltr' id='par_1_40' title="bbox 1866 1441 3430 1526">
     <span class='ocr_line' id='line_1_40' title="bbox 1866 1441 3430 1526; baseline -0.013 -15"><span class='ocrx_word' id='word_1_298' title='bbox 1866 1460 1979 1526; x_wconf 90' lang='lat' dir='ltr'>ipse</span> <span class='ocrx_word' id='word_1_299' title='bbox 2002 1456 2334 1509; x_wconf 82' lang='lat' dir='ltr'>divinitatem</span> <span class='ocrx_word' id='word_1_300' title='bbox 2365 1451 2722 1517; x_wconf 84' lang='lat' dir='ltr'>assumpsisse</span> <span class='ocrx_word' id='word_1_301' title='bbox 2754 1446 3046 1502; x_wconf 87' lang='lat' dir='ltr'>cernitur?</span> <span class='ocrx_word' id='word_1_302' title='bbox 3088 1443 3279 1511; x_wconf 80' lang='lat' dir='ltr'>Neque</span> <span class='ocrx_word' id='word_1_303' title='bbox 3324 1441 3430 1509; x_wconf 90' lang='lat' dir='ltr'>igi-</span> 
     </span>
    </p>
   </div>
   <div class='ocr_carea' id='block_1_41' title="bbox 1871 1532 3441 1616">
    <p class='ocr_par' dir='ltr' id='par_1_41' title="bbox 1871 1532 3441 1616">
     <span class='ocr_line' id='line_1_41' title="bbox 1871 1532 3441 1616; baseline -0.013 -13"><span class='ocrx_word' id='word_1_304' title='bbox 1871 1561 1959 1603; x_wconf 89' lang='lat' dir='ltr'>tur</span> <span class='ocrx_word' id='word_1_305' title='bbox 1986 1549 2160 1616; x_wconf 91' lang='lat' dir='ltr'>ipsum</span> <span class='ocrx_word' id='word_1_306' title='bbox 2193 1558 2378 1598; x_wconf 89' lang='lat' dir='ltr'>semen</span> <span class='ocrx_word' id='word_1_307' title='bbox 2411 1540 2679 1594; x_wconf 84' lang='lat' dir='ltr'><strong>Abraham</strong></span> <span class='ocrx_word' id='word_1_308' title='bbox 2714 1538 2821 1590; x_wconf 91' lang='lat' dir='ltr'>ullo</span> <span class='ocrx_word' id='word_1_309' title='bbox 2853 1536 3013 1589; x_wconf 89' lang='lat' dir='ltr'>modo</span> <span class='ocrx_word' id='word_1_310' title='bbox 3038 1532 3338 1588; x_wconf 87' lang='lat' dir='ltr'>divinitatis</span> <span class='ocrx_word' id='word_1_311' title='bbox 3356 1536 3441 1583; x_wconf 82' lang='lat' dir='ltr'>est</span> 
     </span>
    </p>
   </div>
   <div class='ocr_carea' id='block_1_42' title="bbox 1870 1626 3442 1703">
    <p class='ocr_par' dir='ltr' id='par_1_42' title="bbox 1870 1626 3442 1703">
     <span class='ocr_line' id='line_1_42' title="bbox 1870 1626 3442 1703; baseline -0.015 -8"><span class='ocrx_word' id='word_1_312' title='bbox 1870 1650 2082 1701; x_wconf 90' lang='lat' dir='ltr'>natura,</span> <span class='ocrx_word' id='word_1_313' title='bbox 2125 1638 2217 1690; x_wconf 81' lang='lat' dir='ltr'>sed</span> <span class='ocrx_word' id='word_1_314' title='bbox 2264 1650 2469 1703; x_wconf 87' lang='lat' dir='ltr'>corpus</span> <span class='ocrx_word' id='word_1_315' title='bbox 2506 1632 2683 1700; x_wconf 85' lang='lat' dir='ltr'>pOtius</span> <span class='ocrx_word' id='word_1_316' title='bbox 2731 1629 2823 1682; x_wconf 89' lang='lat' dir='ltr'>Dei</span> <span class='ocrx_word' id='word_1_317' title='bbox 2875 1626 3030 1681; x_wconf 86' lang='lat' dir='ltr'>Verbi</span> <span class='ocrx_word' id='word_1_318' title='bbox 3082 1626 3281 1678; x_wconf 89' lang='lat' dir='ltr'>factum</span> <span class='ocrx_word' id='word_1_319' title='bbox 3332 1632 3442 1684; x_wconf 82' lang='lat' dir='ltr'>est,</span> 
     </span>
    </p>
   </div>
   <div class='ocr_carea' id='block_1_43' title="bbox 1871 1712 3446 1795">
    <p class='ocr_par' dir='ltr' id='par_1_43' title="bbox 1871 1712 3446 1795">
     <span class='ocr_line' id='line_1_43' title="bbox 1871 1712 3446 1795; baseline -0.013 -10"><span class='ocrx_word' id='word_1_320' title='bbox 1871 1730 2162 1785; x_wconf 88' lang='lat' dir='ltr'>secundum</span> <span class='ocrx_word' id='word_1_321' title='bbox 2207 1728 2559 1795; x_wconf 88' lang='lat' dir='ltr'>Scripturas,</span> <span class='ocrx_word' id='word_1_322' title='bbox 2603 1722 2824 1791; x_wconf 79' lang='lat' dir='ltr'>ejusque</span> <span class='ocrx_word' id='word_1_323' title='bbox 2865 1718 3141 1787; x_wconf 89' lang='lat' dir='ltr'>pr0prium</span> <span class='ocrx_word' id='word_1_324' title='bbox 3182 1733 3195 1769; x_wconf 92' lang='lat'><strong>:</strong></span> <span class='ocrx_word' id='word_1_325' title='bbox 3249 1723 3305 1767; x_wconf 92' lang='lat' dir='ltr'>et</span> <span class='ocrx_word' id='word_1_326' title='bbox 3354 1712 3446 1765; x_wconf 88' lang='lat' dir='ltr'>ille</span> 
     </span>
    </p>
   </div>
   <div class='ocr_carea' id='block_1_44' title="bbox 1872 1802 3441 1891">
    <p class='ocr_par' dir='ltr' id='par_1_44' title="bbox 1872 1802 3441 1891">
     <span class='ocr_line' id='line_1_44' title="bbox 1872 1802 3441 1891; baseline -0.013 -18"><span class='ocrx_word' id='word_1_327' title='bbox 1872 1821 1961 1891; x_wconf 92' lang='lat' dir='ltr'>qui</span> <span class='ocrx_word' id='word_1_328' title='bbox 2018 1834 2082 1872; x_wconf 79' lang='lat' dir='ltr'>ex</span> <span class='ocrx_word' id='word_1_329' title='bbox 2134 1828 2339 1870; x_wconf 74' lang='lat' dir='ltr'>natura:</span> <span class='ocrx_word' id='word_1_330' title='bbox 2386 1828 2495 1867; x_wconf 66' lang='lat' dir='ltr'>suae</span> <span class='ocrx_word' id='word_1_331' title='bbox 2554 1812 2762 1865; x_wconf 88' lang='lat' dir='ltr'>ratione</span> <span class='ocrx_word' id='word_1_332' title='bbox 2808 1824 2930 1862; x_wconf 92' lang='lat' dir='ltr'>cum</span> <span class='ocrx_word' id='word_1_333' title='bbox 2984 1814 3231 1859; x_wconf 86' lang='lat' dir='ltr'>creatura</span> <span class='ocrx_word' id='word_1_334' title='bbox 3281 1802 3441 1857; x_wconf 84' lang='lat' dir='ltr'>simul</span> 
     </span>
    </p>
   </div>
   <div class='ocr_carea' id='block_1_45' title="bbox 1873 1892 3440 1971">
    <p class='ocr_par' dir='ltr' id='par_1_45' title="bbox 1873 1892 3440 1971">
     <span class='ocr_line' id='line_1_45' title="bbox 1873 1892 3440 1971; baseline -0.013 -9"><span class='ocrx_word' id='word_1_335' title='bbox 1873 1908 2080 1963; x_wconf 88' lang='lat' dir='ltr'>censeri</span> <span class='ocrx_word' id='word_1_336' title='bbox 2116 1922 2217 1958; x_wconf 92' lang='lat' dir='ltr'>nou</span> <span class='ocrx_word' id='word_1_337' title='bbox 2254 1912 2449 1971; x_wconf 91' lang='lat' dir='ltr'>potest,</span> <span class='ocrx_word' id='word_1_338' title='bbox 2482 1910 2671 1969; x_wconf 88' lang='lat' dir='ltr'>utpote</span> <span class='ocrx_word' id='word_1_339' title='bbox 2710 1898 2872 1959; x_wconf 90' lang='lat' dir='ltr'>Deus,</span> <span class='ocrx_word' id='word_1_340' title='bbox 2906 1896 2994 1949; x_wconf 93' lang='lat' dir='ltr'>ubi</span> <span class='ocrx_word' id='word_1_341' title='bbox 3027 1894 3203 1948; x_wconf 89' lang='lat' dir='ltr'>factus</span> <span class='ocrx_word' id='word_1_342' title='bbox 3228 1902 3306 1945; x_wconf 91' lang='lat' dir='ltr'>est</span> <span class='ocrx_word' id='word_1_343' title='bbox 3342 1892 3440 1943; x_wconf 87' lang='lat' dir='ltr'>ho-</span> 
     </span>
    </p>
   </div>
   <div class='ocr_carea' id='block_1_46' title="bbox 1873 1984 3446 2065">
    <p class='ocr_par' dir='ltr' id='par_1_46' title="bbox 1873 1984 3446 2065">
     <span class='ocr_line' id='line_1_46' title="bbox 1873 1984 3446 2065; baseline -0.012 -12"><span class='ocrx_word' id='word_1_344' title='bbox 1873 2015 1982 2063; x_wconf 89' lang='lat' dir='ltr'>mo,</span> <span class='ocrx_word' id='word_1_345' title='bbox 2012 1999 2098 2065; x_wconf 89' lang='lat' dir='ltr'>qui</span> <span class='ocrx_word' id='word_1_346' title='bbox 2140 2005 2222 2050; x_wconf 89' lang='lat' dir='ltr'>est</span> <span class='ocrx_word' id='word_1_347' title='bbox 2248 2010 2370 2065; x_wconf 90' lang='lat' dir='ltr'>pars</span> <span class='ocrx_word' id='word_1_348' title='bbox 2409 1993 2675 2055; x_wconf 89' lang='lat' dir='ltr'>universi,</span> <span class='ocrx_word' id='word_1_349' title='bbox 2717 2001 2829 2043; x_wconf 93' lang='lat' dir='ltr'>tum</span> <span class='ocrx_word' id='word_1_350' title='bbox 2884 2002 3028 2042; x_wconf 76' lang='lat' dir='ltr'>vero</span> <span class='ocrx_word' id='word_1_351' title='bbox 3075 1984 3348 2053; x_wconf 91' lang='lat' dir='ltr'>aptissime</span> <span class='ocrx_word' id='word_1_352' title='bbox 3389 1992 3446 2035; x_wconf 88' lang='lat' dir='ltr'>et</span> 
     </span>
    </p>
   </div>
   <div class='ocr_carea' id='block_1_47' title="bbox 1874 2070 3447 2154">
    <p class='ocr_par' dir='ltr' id='par_1_47' title="bbox 1874 2070 3447 2154">
     <span class='ocr_line' id='line_1_47' title="bbox 1874 2070 3447 2154; baseline -0.013 -11"><span class='ocrx_word' id='word_1_353' title='bbox 1874 2090 2067 2142; x_wconf 83' lang='lat' dir='ltr'>fratres</span> <span class='ocrx_word' id='word_1_354' title='bbox 2107 2102 2204 2140; x_wconf 88' lang='lat' dir='ltr'>nos</span> <span class='ocrx_word' id='word_1_355' title='bbox 2247 2084 2517 2154; x_wconf 84' lang='lat' dir='ltr'>appellare</span> <span class='ocrx_word' id='word_1_356' title='bbox 2549 2082 2821 2150; x_wconf 81' lang='lat' dir='ltr'>dignatur,</span> <span class='ocrx_word' id='word_1_357' title='bbox 2876 2078 3100 2129; x_wconf 90' lang='lat' dir='ltr'>dicens:</span> <span class='ocrx_word' id='word_1_358' title='bbox 3138 2092 3155 2123; x_wconf 79' lang='grc' dir='ltr'>ι</span> <span class='ocrx_word' id='word_1_359' title='bbox 3196 2070 3447 2124; x_wconf 84' lang='lat' dir='ltr'>Narrabo</span> 
     </span>
    </p>
   </div>
   <div class='ocr_carea' id='block_1_48' title="bbox 1876 2163 3445 2235">
    <p class='ocr_par' dir='ltr' id='par_1_48' title="bbox 1876 2163 3445 2235">
     <span class='ocr_line' id='line_1_48' title="bbox 1876 2163 3445 2235; baseline -0.013 -1"><span class='ocrx_word' id='word_1_360' title='bbox 1876 2196 2072 2235; x_wconf 89' lang='lat' dir='ltr'>nomen</span> <span class='ocrx_word' id='word_1_361' title='bbox 2120 2190 2266 2230; x_wconf 93' lang='lat' dir='ltr'>tuum</span> <span class='ocrx_word' id='word_1_362' title='bbox 2314 2173 2575 2228; x_wconf 80' lang='lat' dir='ltr'>fratribus</span> <span class='ocrx_word' id='word_1_363' title='bbox 2618 2171 2753 2222; x_wconf 90' lang='lat' dir='ltr'>meis</span> <span class='ocrx_word' id='word_1_364' title='bbox 2790 2169 2854 2217; x_wconf 75' lang='grc' dir='ltr'>ἰ.</span> <span class='ocrx_word' id='word_1_365' title='bbox 2892 2184 2910 2216; x_wconf 70' lang='grc' dir='ltr'>ι</span> <span class='ocrx_word' id='word_1_366' title='bbox 2948 2165 3118 2218; x_wconf 89' lang='lat' dir='ltr'>Porro</span> <span class='ocrx_word' id='word_1_367' title='bbox 3163 2163 3338 2231; x_wconf 82' lang='lat' dir='ltr'>ipsum</span> <span class='ocrx_word' id='word_1_368' title='bbox 3377 2175 3445 2215; x_wconf 73' lang='lat' dir='ltr'>ex</span> 
     </span>
    </p>
   </div>
   <div class='ocr_carea' id='block_1_49' title="bbox 1875 2254 3447 2331">
    <p class='ocr_par' dir='ltr' id='par_1_49' title="bbox 1875 2254 3447 2331">
     <span class='ocr_line' id='line_1_49' title="bbox 1875 2254 3447 2331; baseline -0.013 -6"><span class='ocrx_word' id='word_1_369' title='bbox 1875 2271 1985 2325; x_wconf 91' lang='lat' dir='ltr'>Deo</span> <span class='ocrx_word' id='word_1_370' title='bbox 2018 2269 2181 2323; x_wconf 85' lang='lat' dir='ltr'>Patre</span> <span class='ocrx_word' id='word_1_371' title='bbox 2213 2266 2446 2320; x_wconf 86' lang='lat' dir='ltr'>Verbum</span> <span class='ocrx_word' id='word_1_372' title='bbox 2476 2278 2572 2331; x_wconf 91' lang='lat' dir='ltr'>per</span> <span class='ocrx_word' id='word_1_373' title='bbox 2612 2258 3001 2315; x_wconf 79' lang='lat' dir='ltr'>exinanitionis</span> <span class='ocrx_word' id='word_1_374' title='bbox 3042 2269 3351 2310; x_wconf 86' lang='lat' dir='ltr'>mensuram</span> <span class='ocrx_word' id='word_1_375' title='bbox 3393 2254 3447 2305; x_wconf 92' lang='lat' dir='ltr'>in</span> 
     </span>
    </p>
   </div>
   <div class='ocr_carea' id='block_1_50' title="bbox 1875 2345 3449 2417">
    <p class='ocr_par' dir='ltr' id='par_1_50' title="bbox 1875 2345 3449 2417">
     <span class='ocr_line' id='line_1_50' title="bbox 1875 2345 3449 2417; baseline -0.013 -2"><span class='ocrx_word' id='word_1_376' title='bbox 1875 2362 1927 2415; x_wconf 83' lang='lat' dir='ltr'>id</span> <span class='ocrx_word' id='word_1_377' title='bbox 1948 2360 2111 2414; x_wconf 91' lang='lat' dir='ltr'>etiam</span> <span class='ocrx_word' id='word_1_378' title='bbox 2137 2354 2503 2417; x_wconf 89' lang='lat' dir='ltr'>descendisse,</span> <span class='ocrx_word' id='word_1_379' title='bbox 2536 2349 2867 2405; x_wconf 90' lang='lat' dir='ltr'>uthomines</span> <span class='ocrx_word' id='word_1_380' title='bbox 2897 2347 2989 2415; x_wconf 91' lang='lat' dir='ltr'>qui</span> <span class='ocrx_word' id='word_1_381' title='bbox 3023 2346 3073 2397; x_wconf 90' lang='lat' dir='ltr'>in</span> <span class='ocrx_word' id='word_1_382' title='bbox 3099 2345 3262 2398; x_wconf 87' lang='lat' dir='ltr'>terris</span> <span class='ocrx_word' id='word_1_383' title='bbox 3290 2352 3449 2396; x_wconf 87' lang='lat' dir='ltr'>erant</span> 
     </span>
    </p>
   </div>
   <div class='ocr_carea' id='block_1_51' title="bbox 1876 2434 3450 2512">
    <p class='ocr_par' dir='ltr' id='par_1_51' title="bbox 1876 2434 3450 2512">
     <span class='ocr_line' id='line_1_51' title="bbox 1876 2434 3450 2512; baseline -0.014 -4"><span class='ocrx_word' id='word_1_384' title='bbox 1876 2454 1976 2508; x_wconf 91' lang='lat' dir='ltr'>sibi</span> <span class='ocrx_word' id='word_1_385' title='bbox 2014 2452 2209 2505; x_wconf 81' lang='lat' dir='ltr'>fratres</span> <span class='ocrx_word' id='word_1_386' title='bbox 2244 2450 2471 2508; x_wconf 84' lang='lat' dir='ltr'>diceret,</span> <span class='ocrx_word' id='word_1_387' title='bbox 2508 2444 2857 2512; x_wconf 88' lang='lat' dir='ltr'>perspicuum</span> <span class='ocrx_word' id='word_1_388' title='bbox 2892 2440 3053 2492; x_wconf 84' lang='lat' dir='ltr'>faciet</span> <span class='ocrx_word' id='word_1_389' title='bbox 3090 2438 3277 2491; x_wconf 88' lang='lat' dir='ltr'>beatus</span> <span class='ocrx_word' id='word_1_390' title='bbox 3316 2434 3450 2488; x_wconf 87' lang='lat' dir='ltr'>Pau-</span> 
     </span>
    </p>
   </div>
   <div class='ocr_carea' id='block_1_52' title="bbox 1876 2526 3439 2611">
    <p class='ocr_par' dir='ltr' id='par_1_52' title="bbox 1876 2526 3439 2611">
     <span class='ocr_line' id='line_1_52' title="bbox 1876 2526 3439 2611; baseline -0.013 -13"><span class='ocrx_word' id='word_1_391' title='bbox 1876 2545 1981 2608; x_wconf 89' lang='lat' dir='ltr'>lus,</span> <span class='ocrx_word' id='word_1_392' title='bbox 2011 2544 2100 2611; x_wconf 91' lang='lat' dir='ltr'>qui</span> <span class='ocrx_word' id='word_1_393' title='bbox 2132 2542 2197 2595; x_wconf 93' lang='lat' dir='ltr'>de</span> <span class='ocrx_word' id='word_1_394' title='bbox 2242 2541 2354 2608; x_wconf 89' lang='lat' dir='ltr'>ipso</span> <span class='ocrx_word' id='word_1_395' title='bbox 2385 2540 2561 2606; x_wconf 90' lang='lat' dir='ltr'>deque</span> <span class='ocrx_word' id='word_1_396' title='bbox 2597 2535 2752 2588; x_wconf 87' lang='lat' dir='ltr'>nobis</span> <span class='ocrx_word' id='word_1_397' title='bbox 2781 2530 3000 2600; x_wconf 90' lang='lat' dir='ltr'>scripsit</span> <span class='ocrx_word' id='word_1_398' title='bbox 3030 2548 3043 2583; x_wconf 92' lang='lat'><strong>:</strong></span> <span class='ocrx_word' id='word_1_399' title='bbox 3080 2547 3097 2579; x_wconf 82' lang='grc' dir='ltr'>ι</span> <span class='ocrx_word' id='word_1_400' title='bbox 3140 2528 3239 2594; x_wconf 89' lang='lat' dir='ltr'>Qui</span> <span class='ocrx_word' id='word_1_401' title='bbox 3294 2526 3439 2580; x_wconf 88' lang='lat' dir='ltr'>enim</span> 
     </span>
    </p>
   </div>
   <div class='ocr_carea' id='block_1_53' title="bbox 1877 2628 3446 2699">
    <p class='ocr_par' dir='ltr' id='par_1_53' title="bbox 1877 2628 3446 2699">
     <span class='ocr_line' id='line_1_53' title="bbox 1877 2628 3446 2699; baseline -0.011 -8"><span class='ocrx_word' id='word_1_402' title='bbox 1877 2636 2198 2699; x_wconf 87' lang='lat' dir='ltr'>sanctificat,</span> <span class='ocrx_word' id='word_1_403' title='bbox 2231 2644 2283 2686; x_wconf 91' lang='lat' dir='ltr'>et</span> <span class='ocrx_word' id='word_1_404' title='bbox 2323 2631 2415 2699; x_wconf 88' lang='lat' dir='ltr'>qui</span> <span class='ocrx_word' id='word_1_405' title='bbox 2467 2628 2903 2690; x_wconf 84' lang='lat' dir='ltr'>sanctificantur,</span> <span class='ocrx_word' id='word_1_406' title='bbox 2948 2638 3015 2677; x_wconf 79' lang='lat' dir='ltr'>ex</span> <span class='ocrx_word' id='word_1_407' title='bbox 3068 2637 3177 2675; x_wconf 93' lang='lat' dir='ltr'>uno</span> <span class='ocrx_word' id='word_1_408' title='bbox 3213 2634 3446 2675; x_wconf 86' lang='lat' dir='ltr'>omnes:</span> 
     </span>
    </p>
   </div>
   <div class='ocr_carea' id='block_1_54' title="bbox 1878 2714 3449 2799">
    <p class='ocr_par' dir='ltr' id='par_1_54' title="bbox 1878 2714 3449 2799">
     <span class='ocr_line' id='line_1_54' title="bbox 1878 2714 3449 2799; baseline -0.013 -17"><span class='ocrx_word' id='word_1_409' title='bbox 1878 2738 2095 2799; x_wconf 90' lang='lat' dir='ltr'>propter</span> <span class='ocrx_word' id='word_1_410' title='bbox 2124 2740 2284 2795; x_wconf 89' lang='lat' dir='ltr'>quam</span> <span class='ocrx_word' id='word_1_411' title='bbox 2320 2735 2542 2776; x_wconf 88' lang='lat' dir='ltr'>causam</span> <span class='ocrx_word' id='word_1_412' title='bbox 2584 2734 2689 2772; x_wconf 88' lang='lat' dir='ltr'>non</span> <span class='ocrx_word' id='word_1_413' title='bbox 2736 2715 3090 2771; x_wconf 91' lang='lat' dir='ltr'>confunditur</span> <span class='ocrx_word' id='word_1_414' title='bbox 3122 2714 3321 2767; x_wconf 86' lang='lat' dir='ltr'>fratres</span> <span class='ocrx_word' id='word_1_415' title='bbox 3352 2726 3449 2763; x_wconf 89' lang='lat' dir='ltr'>eos</span> 
     </span>
    </p>
   </div>
   <div class='ocr_carea' id='block_1_55' title="bbox 1878 2801 3450 2889">
    <p class='ocr_par' dir='ltr' id='par_1_55' title="bbox 1878 2801 3450 2889">
     <span class='ocr_line' id='line_1_55' title="bbox 1878 2801 3450 2889; baseline -0.014 -14"><span class='ocrx_word' id='word_1_416' title='bbox 1878 2818 2165 2889; x_wconf 80' lang='lat' dir='ltr'>appellare,</span> <span class='ocrx_word' id='word_1_417' title='bbox 2195 2816 2419 2869; x_wconf 88' lang='lat' dir='ltr'>dicens:</span> <span class='ocrx_word' id='word_1_418' title='bbox 2454 2810 2699 2864; x_wconf 85' lang='lat' dir='ltr'>Narrabo</span> <span class='ocrx_word' id='word_1_419' title='bbox 2746 2808 2853 2877; x_wconf 82' lang='lat' dir='ltr'>7o</span> <span class='ocrx_word' id='word_1_420' title='bbox 2888 2819 3088 2860; x_wconf 87' lang='lat' dir='ltr'>nomen</span> <span class='ocrx_word' id='word_1_421' title='bbox 3140 2812 3291 2856; x_wconf 90' lang='lat' dir='ltr'>tuum</span> <span class='ocrx_word' id='word_1_422' title='bbox 3341 2801 3450 2854; x_wconf 85' lang='lat' dir='ltr'>fra-</span> 
     </span>
    </p>
   </div>
   <div class='ocr_carea' id='block_1_56' title="bbox 1878 2894 3450 2970">
    <p class='ocr_par' dir='ltr' id='par_1_56' title="bbox 1878 2894 3450 2970">
     <span class='ocr_line' id='line_1_56' title="bbox 1878 2894 3450 2970; baseline -0.015 -4"><span class='ocrx_word' id='word_1_423' title='bbox 1878 2912 2048 2966; x_wconf 90' lang='lat' dir='ltr'>tribus</span> <span class='ocrx_word' id='word_1_424' title='bbox 2089 2909 2222 2961; x_wconf 86' lang='lat' dir='ltr'>meis</span> <span class='ocrx_word' id='word_1_425' title='bbox 2254 2909 2337 2970; x_wconf 81' lang='lat'>&quot;;</span> <span class='ocrx_word' id='word_1_426' title='bbox 2380 2924 2398 2956; x_wconf 74' lang='grc' dir='ltr'>ι</span> <span class='ocrx_word' id='word_1_427' title='bbox 2436 2918 2560 2957; x_wconf 91' lang='lat' dir='ltr'>nam</span> <span class='ocrx_word' id='word_1_428' title='bbox 2606 2910 2897 2968; x_wconf 90' lang='lat' dir='ltr'>antequam</span> <span class='ocrx_word' id='word_1_429' title='bbox 2949 2898 3111 2951; x_wconf 91' lang='lat' dir='ltr'>homo</span> <span class='ocrx_word' id='word_1_430' title='bbox 3161 2894 3335 2948; x_wconf 84' lang='lat' dir='ltr'>factus</span> <span class='ocrx_word' id='word_1_431' title='bbox 3362 2907 3450 2945; x_wconf 56' lang='lat' dir='ltr'>es.</span> 
     </span>
    </p>
   </div>
   <div class='ocr_carea' id='block_1_57' title="bbox 1877 2984 3452 3066">
    <p class='ocr_par' dir='ltr' id='par_1_57' title="bbox 1877 2984 3452 3066">
     <span class='ocr_line' id='line_1_57' title="bbox 1877 2984 3452 3066; baseline -0.013 -11"><span class='ocrx_word' id='word_1_432' title='bbox 1877 3012 1979 3066; x_wconf 86' lang='lat' dir='ltr'>set,</span> <span class='ocrx_word' id='word_1_433' title='bbox 2015 3000 2267 3066; x_wconf 80' lang='lat' dir='ltr'>exiguum</span> <span class='ocrx_word' id='word_1_434' title='bbox 2296 3009 2428 3049; x_wconf 90' lang='lat' dir='ltr'>sane</span> <span class='ocrx_word' id='word_1_435' title='bbox 2454 3001 2571 3047; x_wconf 88' lang='lat' dir='ltr'>erat</span> <span class='ocrx_word' id='word_1_436' title='bbox 2597 2990 2672 3045; x_wconf 94' lang='lat' dir='ltr'>illi</span> <span class='ocrx_word' id='word_1_437' title='bbox 2709 3005 2777 3043; x_wconf 85' lang='lat' dir='ltr'>ex</span> <span class='ocrx_word' id='word_1_438' title='bbox 2804 2989 2913 3041; x_wconf 89' lang='lat' dir='ltr'>Deo</span> <span class='ocrx_word' id='word_1_439' title='bbox 2936 2987 3118 3056; x_wconf 90' lang='lat' dir='ltr'>genito</span> <span class='ocrx_word' id='word_1_440' title='bbox 3148 2984 3328 3039; x_wconf 92' lang='lat' dir='ltr'>Verbo</span> <span class='ocrx_word' id='word_1_441' title='bbox 3361 2998 3452 3035; x_wconf 87' lang='lat' dir='ltr'>no-</span> 
     </span>
    </p>
   </div>
   <div class='ocr_carea' id='block_1_58' title="bbox 1880 3074 3451 3145">
    <p class='ocr_par' dir='ltr' id='par_1_58' title="bbox 1880 3074 3451 3145">
     <span class='ocr_line' id='line_1_58' title="bbox 1880 3074 3451 3145; baseline -0.011 0"><span class='ocrx_word' id='word_1_442' title='bbox 1880 3099 2004 3145; x_wconf 65' lang='lat' dir='ltr'>stra:</span> <span class='ocrx_word' id='word_1_443' title='bbox 2026 3084 2381 3141; x_wconf 85' lang='lat' dir='ltr'>fraternitatis</span> <span class='ocrx_word' id='word_1_444' title='bbox 2399 3096 2595 3136; x_wconf 89' lang='lat' dir='ltr'>nomen</span> <span class='ocrx_word' id='word_1_445' title='bbox 2620 3098 2633 3133; x_wconf 91' lang='lat'><strong>:</strong></span> <span class='ocrx_word' id='word_1_446' title='bbox 2656 3090 2709 3132; x_wconf 93' lang='lat' dir='ltr'>at</span> <span class='ocrx_word' id='word_1_447' title='bbox 2735 3078 2826 3132; x_wconf 91' lang='lat' dir='ltr'>ubi</span> <span class='ocrx_word' id='word_1_448' title='bbox 2857 3078 2921 3131; x_wconf 89' lang='lat' dir='ltr'>ad</span> <span class='ocrx_word' id='word_1_449' title='bbox 2950 3075 3309 3129; x_wconf 89' lang='lat' dir='ltr'>voluntariam</span> <span class='ocrx_word' id='word_1_450' title='bbox 3336 3074 3451 3127; x_wconf 81' lang='lat' dir='ltr'>exi-</span> 
     </span>
    </p>
   </div>
   <div class='ocr_carea' id='block_1_59' title="bbox 208 3160 1781 3256">
    <p class='ocr_par' dir='ltr' id='par_1_59' title="bbox 208 3160 1780 3256">
     <span class='ocr_line' id='line_1_59' title="bbox 208 3160 1780 3256; baseline -0.002 -42"><span class='ocrx_word' id='word_1_451' title='bbox 208 3160 399 3256; x_wconf 56' lang='grc' dir='ltr'>δηκός</span> <span class='ocrx_word' id='word_1_452' title='bbox 438 3162 741 3232; x_wconf 81' lang='grc' dir='ltr'>μετέσχηκε</span> <span class='ocrx_word' id='word_1_453' title='bbox 771 3161 878 3231; x_wconf 82' lang='grc' dir='ltr'>γὰρ</span> <span class='ocrx_word' id='word_1_454' title='bbox 906 3161 1135 3230; x_wconf 78' lang='grc' dir='ltr'>αἵματος</span> <span class='ocrx_word' id='word_1_455' title='bbox 1164 3162 1258 3213; x_wconf 77' lang='grc' dir='ltr'>καὶ</span> <span class='ocrx_word' id='word_1_456' title='bbox 1290 3160 1511 3229; x_wconf 80' lang='grc' dir='ltr'>σαρκὸς,</span> <span class='ocrx_word' id='word_1_457' title='bbox 1546 3160 1638 3212; x_wconf 76' lang='grc' dir='ltr'>καὶ</span> <span class='ocrx_word' id='word_1_458' title='bbox 1667 3161 1780 3221; x_wconf 87' lang='grc' dir='ltr'>τοῖς</span> 
     </span>
    </p>
   </div>
   <div class='ocr_carea' id='block_1_60' title="bbox 1883 3160 3453 3256">
    <p class='ocr_par' dir='ltr' id='par_1_60' title="bbox 1889 3164 3453 3237">
     <span class='ocr_line' id='line_1_60' title="bbox 1889 3164 3453 3237; baseline -0.01 -4"><span class='ocrx_word' id='word_1_459' title='bbox 1889 3180 2221 3233; x_wconf 88' lang='lat' dir='ltr'>nanitionem</span> <span class='ocrx_word' id='word_1_460' title='bbox 2268 3173 2567 3235; x_wconf 86' lang='lat' dir='ltr'>descendit,</span> <span class='ocrx_word' id='word_1_461' title='bbox 2609 3170 2862 3237; x_wconf 77' lang='lat' dir='ltr'>exiguum</span> <span class='ocrx_word' id='word_1_462' title='bbox 2924 3170 3004 3221; x_wconf 86' lang='lat' dir='ltr'>sic</span> <span class='ocrx_word' id='word_1_463' title='bbox 3066 3180 3285 3236; x_wconf 91' lang='lat' dir='ltr'>quoque</span> <span class='ocrx_word' id='word_1_464' title='bbox 3329 3164 3453 3227; x_wconf 86' lang='lat' dir='ltr'>fuit,</span> 
     </span>
    </p>
   </div>
   <div class='ocr_carea' id='block_1_61' title="bbox 208 3249 1784 3324">
    <p class='ocr_par' dir='ltr' id='par_1_61' title="bbox 208 3249 1784 3324">
     <span class='ocr_line' id='line_1_61' title="bbox 208 3249 1784 3324; baseline -0.002 -20"><span class='ocrx_word' id='word_1_465' title='bbox 208 3253 263 3305; x_wconf 82' lang='grc' dir='ltr'>ὲν</span> <span class='ocrx_word' id='word_1_466' title='bbox 298 3256 465 3324; x_wconf 76' lang='grc' dir='ltr'>σαρκὶ</span> <span class='ocrx_word' id='word_1_467' title='bbox 495 3254 587 3306; x_wconf 67' lang='grc' dir='ltr'>κα)⁸</span> <span class='ocrx_word' id='word_1_468' title='bbox 621 3254 813 3322; x_wconf 80' lang='grc' dir='ltr'>αἵματι</span> <span class='ocrx_word' id='word_1_469' title='bbox 858 3252 1263 3322; x_wconf 88' lang='grc' dir='ltr'>κεχρημάτικεν</span> <span class='ocrx_word' id='word_1_470' title='bbox 1296 3251 1541 3321; x_wconf 70' lang='grc' dir='ltr'>ἀδελφός.</span> <span class='ocrx_word' id='word_1_471' title='bbox 1582 3251 1645 3302; x_wconf 77' lang='grc' dir='ltr'><strong>Εἰ</strong></span> <span class='ocrx_word' id='word_1_472' title='bbox 1676 3249 1784 3318; x_wconf 83' lang='grc' dir='ltr'>γὰρ</span> 
     </span>
    </p>
   </div>
   <div class='ocr_carea' id='block_1_62' title="bbox 208 3342 1784 3413">
    <p class='ocr_par' dir='ltr' id='par_1_62' title="bbox 208 3342 1784 3413">
     <span class='ocr_line' id='line_1_62' title="bbox 208 3342 1784 3413; baseline 0 -17"><span class='ocrx_word' id='word_1_473' title='bbox 208 3343 491 3409; x_wconf 71' lang='grc' dir='ltr'>ἁγιάζεται</span> <span class='ocrx_word' id='word_1_474' title='bbox 524 3344 639 3412; x_wconf 84' lang='grc' dir='ltr'>μεθ’</span> <span class='ocrx_word' id='word_1_475' title='bbox 665 3347 696 3413; x_wconf 85' lang='grc' dir='ltr'>ἡ</span> <span class='ocrx_word' id='word_1_476' title='bbox 708 3344 821 3411; x_wconf 81' lang='grc' dir='ltr'>μῶν</span> <span class='ocrx_word' id='word_1_477' title='bbox 857 3344 988 3396; x_wconf 82' lang='grc' dir='ltr'>καθὸ</span> <span class='ocrx_word' id='word_1_478' title='bbox 1020 3343 1241 3409; x_wconf 82' lang='grc' dir='ltr'>γέγονεν</span> <span class='ocrx_word' id='word_1_479' title='bbox 1271 3342 1575 3412; x_wconf 80' lang='grc' dir='ltr'>ἄνθρωπος,</span> <span class='ocrx_word' id='word_1_480' title='bbox 1608 3342 1784 3396; x_wconf 88' lang='grc' dir='ltr'>καίτοι</span> 
     </span>
    </p>
   </div>
   <div class='ocr_carea' id='block_1_63' title="bbox 209 3434 1784 3503">
    <p class='ocr_par' dir='ltr' id='par_1_63' title="bbox 209 3434 1784 3503">
     <span class='ocr_line' id='line_1_63' title="bbox 209 3434 1784 3503; baseline 0 -17"><span class='ocrx_word' id='word_1_481' title='bbox 209 3435 335 3496; x_wconf 69' lang='grc' dir='ltr'>Θεὸς</span> <span class='ocrx_word' id='word_1_482' title='bbox 362 3435 438 3485; x_wconf 77' lang='grc' dir='ltr'>ὢν</span> <span class='ocrx_word' id='word_1_483' title='bbox 471 3434 647 3500; x_wconf 79' lang='grc' dir='ltr'>φύσει,</span> <span class='ocrx_word' id='word_1_484' title='bbox 684 3436 777 3484; x_wconf 69' lang='grc' dir='ltr'>καὶ</span> <span class='ocrx_word' id='word_1_485' title='bbox 810 3434 867 3484; x_wconf 71' lang='grc' dir='ltr'>τὸ</span> <span class='ocrx_word' id='word_1_486' title='bbox 902 3434 1117 3503; x_wconf 85' lang='grc' dir='ltr'>πνεῦμα</span> <span class='ocrx_word' id='word_1_487' title='bbox 1150 3435 1322 3497; x_wconf 86' lang='grc' dir='ltr'>διδοὺς</span> <span class='ocrx_word' id='word_1_488' title='bbox 1352 3435 1534 3498; x_wconf 77' lang='grc' dir='ltr'>αὐτὸς,</span> <span class='ocrx_word' id='word_1_489' title='bbox 1571 3434 1689 3497; x_wconf 82' lang='grc' dir='ltr'>πῶς</span> <span class='ocrx_word' id='word_1_490' title='bbox 1734 3436 1784 3486; x_wconf 75' lang='grc' dir='ltr'>εἰ</span> 
     </span>
    </p>
   </div>
   <div class='ocr_carea' id='block_1_64' title="bbox 210 3523 1784 3603">
    <p class='ocr_par' dir='ltr' id='par_1_64' title="bbox 210 3523 1784 3603">
     <span class='ocr_line' id='line_1_64' title="bbox 210 3523 1784 3603; baseline 0.002 -28"><span class='ocrx_word' id='word_1_491' title='bbox 210 3524 421 3592; x_wconf 75' lang='grc' dir='ltr'>λέγοιτο</span> <span class='ocrx_word' id='word_1_492' title='bbox 465 3524 559 3575; x_wconf 79' lang='grc' dir='ltr'>καὶ</span> <span class='ocrx_word' id='word_1_493' title='bbox 604 3523 855 3603; x_wconf 51' lang='grc' dir='ltr'>ἀδελξὸς,</span> <span class='ocrx_word' id='word_1_494' title='bbox 892 3524 989 3574; x_wconf 84' lang='grc' dir='ltr'>οὐκ</span> <span class='ocrx_word' id='word_1_495' title='bbox 1032 3526 1091 3574; x_wconf 82' lang='grc' dir='ltr'>ὲν</span> <span class='ocrx_word' id='word_1_496' title='bbox 1129 3526 1317 3593; x_wconf 87' lang='grc' dir='ltr'>κόσμῳ</span> <span class='ocrx_word' id='word_1_497' title='bbox 1352 3526 1537 3577; x_wconf 83' lang='grc' dir='ltr'>λοιπὸν</span> <span class='ocrx_word' id='word_1_498' title='bbox 1571 3528 1784 3595; x_wconf 79' lang='grc' dir='ltr'>εἴρηται</span> 
     </span>
    </p>
   </div>
   <div class='ocr_carea' id='block_1_65' title="bbox 211 3610 1783 3686">
    <p class='ocr_par' dir='ltr' id='par_1_65' title="bbox 211 3610 1783 3686">
     <span class='ocr_line' id='line_1_65' title="bbox 211 3610 1783 3686; baseline 0.001 -21"><span class='ocrx_word' id='word_1_499' title='bbox 211 3610 562 3686; x_wconf 81' lang='grc' dir='ltr'>[είρήσεται];</span> <span class='ocrx_word' id='word_1_500' title='bbox 580 3613 781 3681; x_wconf 80' lang='grc' dir='ltr'>ταύτης</span> <span class='ocrx_word' id='word_1_501' title='bbox 804 3612 909 3683; x_wconf 82' lang='grc' dir='ltr'>γάρ</span> <span class='ocrx_word' id='word_1_502' title='bbox 930 3612 1092 3665; x_wconf 75' lang='grc' dir='ltr'>ἕνεκα</span> <span class='ocrx_word' id='word_1_503' title='bbox 1115 3613 1214 3681; x_wconf 78' lang='grc' dir='ltr'>τῆς</span> <span class='ocrx_word' id='word_1_504' title='bbox 1238 3615 1418 3677; x_wconf 74' lang='grc' dir='ltr'>αἰτίας</span> <span class='ocrx_word' id='word_1_505' title='bbox 1448 3616 1636 3682; x_wconf 81' lang='grc' dir='ltr'>γέγονε</span> <span class='ocrx_word' id='word_1_506' title='bbox 1665 3616 1783 3669; x_wconf 77' lang='grc' dir='ltr'>καθ’</span> 
     </span>
    </p>
   </div>
   <div class='ocr_carea' id='block_1_66' title="bbox 212 3706 1789 3776">
    <p class='ocr_par' dir='ltr' id='par_1_66' title="bbox 212 3706 1789 3776">
     <span class='ocr_line' id='line_1_66' title="bbox 212 3706 1789 3776; baseline 0.001 -17"><span class='ocrx_word' id='word_1_507' title='bbox 212 3707 387 3775; x_wconf 78' lang='grc' dir='ltr'>ἡμᾶς,</span> <span class='ocrx_word' id='word_1_508' title='bbox 435 3706 522 3757; x_wconf 82' lang='grc' dir='ltr'>ἵνα</span> <span class='ocrx_word' id='word_1_509' title='bbox 566 3708 713 3775; x_wconf 77' lang='grc' dir='ltr'>ἡμᾶς</span> <span class='ocrx_word' id='word_1_510' title='bbox 760 3706 1021 3774; x_wconf 75' lang='grc' dir='ltr'>ἀδελφοὺς</span> <span class='ocrx_word' id='word_1_511' title='bbox 1074 3708 1416 3776; x_wconf 67' lang='grc' dir='ltr'>ἀποφήνηται</span> <span class='ocrx_word' id='word_1_512' title='bbox 1459 3709 1550 3759; x_wconf 74' lang='grc' dir='ltr'>καὶ</span> <span class='ocrx_word' id='word_1_513' title='bbox 1581 3708 1789 3761; x_wconf 80' lang='grc' dir='ltr'>ἐλευθέ-</span> 
     </span>
    </p>
   </div>
   <div class='ocr_carea' id='block_1_67' title="bbox 212 3798 1787 3868">
    <p class='ocr_par' dir='ltr' id='par_1_67' title="bbox 212 3798 1787 3868">
     <span class='ocr_line' id='line_1_67' title="bbox 212 3798 1787 3868; baseline 0.003 -19"><span class='ocrx_word' id='word_1_514' title='bbox 212 3814 364 3867; x_wconf 87' lang='grc' dir='ltr'>ρους.</span> <span class='ocrx_word' id='word_1_515' title='bbox 406 3815 425 3848; x_wconf 79' lang='lat'><strong>¢</strong></span> <span class='ocrx_word' id='word_1_516' title='bbox 458 3798 615 3850; x_wconf 85' lang='grc' dir='ltr'>Ὅσοι</span> <span class='ocrx_word' id='word_1_517' title='bbox 654 3799 761 3867; x_wconf 81' lang='grc' dir='ltr'>γάρ</span> <span class='ocrx_word' id='word_1_518' title='bbox 796 3798 986 3851; x_wconf 75' lang='grc' dir='ltr'>ἔλαϐον</span> <span class='ocrx_word' id='word_1_519' title='bbox 1018 3799 1201 3862; x_wconf 77' lang='grc' dir='ltr'>αὑτὸν,</span> <span class='ocrx_word' id='word_1_520' title='bbox 1240 3802 1424 3868; x_wconf 73' lang='grc' dir='ltr'>φησὶν,</span> <span class='ocrx_word' id='word_1_521' title='bbox 1462 3801 1659 3853; x_wconf 74' lang='grc' dir='ltr'>ἔδωκεν</span> <span class='ocrx_word' id='word_1_522' title='bbox 1692 3803 1787 3854; x_wconf 83' lang='grc' dir='ltr'>αὺ-</span> 
     </span>
    </p>
   </div>
   <div class='ocr_carea' id='block_1_68' title="bbox 208 3888 1787 3957">
    <p class='ocr_par' dir='ltr' id='par_1_68' title="bbox 208 3888 1787 3957">
     <span class='ocr_line' id='line_1_68' title="bbox 208 3888 1787 3957; baseline 0.003 -17"><span class='ocrx_word' id='word_1_523' title='bbox 208 3889 321 3951; x_wconf 85' lang='grc' dir='ltr'>τοῖς</span> <span class='ocrx_word' id='word_1_524' title='bbox 347 3888 599 3952; x_wconf 74' lang='grc' dir='ltr'>ἐξουσίαν</span> <span class='ocrx_word' id='word_1_525' title='bbox 633 3890 797 3942; x_wconf 81' lang='grc' dir='ltr'>τὲκνα</span> <span class='ocrx_word' id='word_1_526' title='bbox 835 3889 968 3942; x_wconf 82' lang='grc' dir='ltr'>Θεοῦ</span> <span class='ocrx_word' id='word_1_527' title='bbox 996 3890 1268 3957; x_wconf 79' lang='grc' dir='ltr'>γενέσθαι,</span> <span class='ocrx_word' id='word_1_528' title='bbox 1300 3894 1410 3955; x_wconf 89' lang='grc' dir='ltr'>τοῖς</span> <span class='ocrx_word' id='word_1_529' title='bbox 1439 3892 1787 3945; x_wconf 79' lang='grc' dir='ltr'>πιστεύουσιν</span> 
     </span>
    </p>
   </div>
   <div class='ocr_carea' id='block_1_69' title="bbox 212 3978 1785 4051">
    <p class='ocr_par' dir='ltr' id='par_1_69' title="bbox 212 3978 1785 4051">
     <span class='ocr_line' id='line_1_69' title="bbox 212 3978 1785 4051; baseline 0.003 -21"><span class='ocrx_word' id='word_1_530' title='bbox 212 3979 288 4042; x_wconf 79' lang='grc' dir='ltr'>εἰς</span> <span class='ocrx_word' id='word_1_531' title='bbox 328 3980 391 4031; x_wconf 83' lang='grc' dir='ltr'>τὸ</span> <span class='ocrx_word' id='word_1_532' title='bbox 424 3978 595 4049; x_wconf 75' lang='grc' dir='ltr'>ὄνομα</span> <span class='ocrx_word' id='word_1_533' title='bbox 624 3978 815 4031; x_wconf 73' lang='grc' dir='ltr'>αὑτοῦ⁶</span> <span class='ocrx_word' id='word_1_534' title='bbox 844 3980 893 4031; x_wconf 83' lang='grc' dir='ltr'>οἳ</span> <span class='ocrx_word' id='word_1_535' title='bbox 923 3981 1021 4033; x_wconf 74' lang='grc' dir='ltr'>οὐκ</span> <span class='ocrx_word' id='word_1_536' title='bbox 1050 3981 1105 4046; x_wconf 66' lang='grc' dir='ltr'>ἑξ</span> <span class='ocrx_word' id='word_1_537' title='bbox 1141 3982 1404 4051; x_wconf 84' lang='grc' dir='ltr'>αἱμάτων,</span> <span class='ocrx_word' id='word_1_538' title='bbox 1434 3984 1553 4036; x_wconf 68' lang='grc' dir='ltr'>οὐδὲ</span> <span class='ocrx_word' id='word_1_539' title='bbox 1599 3984 1662 4035; x_wconf 84' lang='grc' dir='ltr'>ὲκ</span> <span class='ocrx_word' id='word_1_540' title='bbox 1698 3982 1785 4034; x_wconf 88' lang='grc' dir='ltr'>θε-</span> 
     </span>
    </p>
   </div>
   <div class='ocr_carea' id='block_1_70' title="bbox 211 4070 1787 4145">
    <p class='ocr_par' dir='ltr' id='par_1_70' title="bbox 211 4070 1787 4145">
     <span class='ocr_line' id='line_1_70' title="bbox 211 4070 1787 4145; baseline 0.003 -23"><span class='ocrx_word' id='word_1_541' title='bbox 211 4070 449 4142; x_wconf 75' lang='grc' dir='ltr'>λήματος</span> <span class='ocrx_word' id='word_1_542' title='bbox 484 4073 702 4141; x_wconf 76' lang='grc' dir='ltr'>σαρκὸς,</span> <span class='ocrx_word' id='word_1_543' title='bbox 734 4071 853 4123; x_wconf 80' lang='grc' dir='ltr'>οὐδὲ</span> <span class='ocrx_word' id='word_1_544' title='bbox 886 4072 949 4123; x_wconf 84' lang='grc' dir='ltr'>ὲκ</span> <span class='ocrx_word' id='word_1_545' title='bbox 978 4074 1277 4143; x_wconf 83' lang='grc' dir='ltr'>θελήματος</span> <span class='ocrx_word' id='word_1_546' title='bbox 1332 4075 1540 4145; x_wconf 82' lang='grc' dir='ltr'>ἀνδρὸς,</span> <span class='ocrx_word' id='word_1_547' title='bbox 1579 4076 1691 4127; x_wconf 87' lang='grc' dir='ltr'>ἀλλ’</span> <span class='ocrx_word' id='word_1_548' title='bbox 1725 4078 1787 4127; x_wconf 76' lang='grc' dir='ltr'>ἐκ</span> 
     </span>
    </p>
   </div>
   <div class='ocr_carea' id='block_1_71' title="bbox 212 4158 1788 4231">
    <p class='ocr_par' dir='ltr' id='par_1_71' title="bbox 212 4158 1788 4231">
     <span class='ocr_line' id='line_1_71' title="bbox 212 4158 1788 4231; baseline 0.004 -21"><span class='ocrx_word' id='word_1_549' title='bbox 212 4158 345 4211; x_wconf 82' lang='grc' dir='ltr'>Θεοῦ</span> <span class='ocrx_word' id='word_1_550' title='bbox 396 4158 789 4227; x_wconf 74' lang='grc' dir='ltr'>ἐγεννήθησαν.</span> <span class='ocrx_word' id='word_1_551' title='bbox 813 4177 830 4208; x_wconf 83' lang='grc'><strong>›</strong></span> <span class='ocrx_word' id='word_1_552' title='bbox 870 4159 1163 4230; x_wconf 88' lang='grc' dir='ltr'>Γεγένηται</span> <span class='ocrx_word' id='word_1_553' title='bbox 1202 4161 1309 4231; x_wconf 84' lang='grc' dir='ltr'>γάρ</span> <span class='ocrx_word' id='word_1_554' title='bbox 1351 4163 1378 4212; x_wconf 89' lang='grc' dir='ltr'>ό</span> <span class='ocrx_word' id='word_1_555' title='bbox 1414 4164 1476 4215; x_wconf 80' lang='grc' dir='ltr'>ὲκ</span> <span class='ocrx_word' id='word_1_556' title='bbox 1508 4164 1641 4215; x_wconf 87' lang='grc' dir='ltr'>Θεοῦ</span> <span class='ocrx_word' id='word_1_557' title='bbox 1680 4168 1788 4217; x_wconf 88' lang='grc' dir='ltr'>Πα-</span> 
     </span>
    </p>
   </div>
   <div class='ocr_carea' id='block_1_72' title="bbox 216 4246 1789 4323">
    <p class='ocr_par' dir='ltr' id='par_1_72' title="bbox 216 4246 1789 4323">
     <span class='ocr_line' id='line_1_72' title="bbox 216 4246 1789 4323; baseline 0.005 -25"><span class='ocrx_word' id='word_1_558' title='bbox 216 4246 342 4317; x_wconf 81' lang='grc' dir='ltr'>τρὸς</span> <span class='ocrx_word' id='word_1_559' title='bbox 388 4249 562 4315; x_wconf 83' lang='grc' dir='ltr'>Λόγος</span> <span class='ocrx_word' id='word_1_560' title='bbox 601 4250 717 4317; x_wconf 82' lang='grc' dir='ltr'>μεθ’</span> <span class='ocrx_word' id='word_1_561' title='bbox 760 4249 917 4319; x_wconf 74' lang='grc' dir='ltr'>ἡμῶν</span> <span class='ocrx_word' id='word_1_562' title='bbox 958 4250 1100 4304; x_wconf 90' lang='grc' dir='ltr'>κατά</span> <span class='ocrx_word' id='word_1_563' title='bbox 1134 4251 1341 4321; x_wconf 85' lang='grc' dir='ltr'>σάρκα,</span> <span class='ocrx_word' id='word_1_564' title='bbox 1376 4252 1461 4304; x_wconf 84' lang='grc' dir='ltr'>ἵνα</span> <span class='ocrx_word' id='word_1_565' title='bbox 1496 4256 1586 4305; x_wconf 75' lang='grc' dir='ltr'>καὶ</span> <span class='ocrx_word' id='word_1_566' title='bbox 1629 4256 1789 4323; x_wconf 84' lang='grc' dir='ltr'>ἡμεῖς</span> 
     </span>
    </p>
   </div>
   <div class='ocr_carea' id='block_1_73' title="bbox 217 4335 1787 4410">
    <p class='ocr_par' dir='ltr' id='par_1_73' title="bbox 217 4335 1787 4410">
     <span class='ocr_line' id='line_1_73' title="bbox 217 4335 1787 4410; baseline 0.003 -21"><span class='ocrx_word' id='word_1_567' title='bbox 217 4336 316 4405; x_wconf 86' lang='grc' dir='ltr'>τὴν</span> <span class='ocrx_word' id='word_1_568' title='bbox 346 4337 412 4389; x_wconf 81' lang='grc' dir='ltr'>ὲκ</span> <span class='ocrx_word' id='word_1_569' title='bbox 439 4335 583 4391; x_wconf 79' lang='grc' dir='ltr'>Θεοῦ,</span> <span class='ocrx_word' id='word_1_570' title='bbox 613 4337 1149 4407; x_wconf 84' lang='grc' dir='ltr'>καταπλουτήσωμεν</span> <span class='ocrx_word' id='word_1_571' title='bbox 1179 4341 1267 4392; x_wconf 77' lang='grc' dir='ltr'>διὰ</span> <span class='ocrx_word' id='word_1_572' title='bbox 1311 4341 1617 4410; x_wconf 88' lang='grc' dir='ltr'>πνεύματος</span> <span class='ocrx_word' id='word_1_573' title='bbox 1665 4342 1787 4409; x_wconf 79' lang='grc' dir='ltr'>γέν-</span> 
     </span>
    </p>
   </div>
   <div class='ocr_carea' id='block_1_74' title="bbox 218 4427 1790 4502">
    <p class='ocr_par' dir='ltr' id='par_1_74' title="bbox 218 4427 1790 4502">
     <span class='ocr_line' id='line_1_74' title="bbox 218 4427 1790 4502; baseline 0.005 -25"><span class='ocrx_word' id='word_1_574' title='bbox 218 4443 389 4496; x_wconf 86' lang='grc' dir='ltr'>νησιν,</span> <span class='ocrx_word' id='word_1_575' title='bbox 416 4427 598 4479; x_wconf 81' lang='grc' dir='ltr'>οὐκέτι</span> <span class='ocrx_word' id='word_1_576' title='bbox 627 4427 825 4495; x_wconf 78' lang='grc' dir='ltr'>σαρκὸς</span> <span class='ocrx_word' id='word_1_577' title='bbox 852 4429 1279 4499; x_wconf 78' lang='grc' dir='ltr'>χρηματίζοντες</span> <span class='ocrx_word' id='word_1_578' title='bbox 1299 4432 1485 4494; x_wconf 81' lang='grc' dir='ltr'>τέκνα,</span> <span class='ocrx_word' id='word_1_579' title='bbox 1517 4450 1790 4502; x_wconf 86' lang='grc' dir='ltr'>μεταστοι-</span> 
     </span>
    </p>
   </div>
   <div class='ocr_carea' id='block_1_75' title="bbox 1888 3264 3457 3327">
    <p class='ocr_par' dir='ltr' id='par_1_75' title="bbox 1888 3264 3457 3327">
     <span class='ocr_line' id='line_1_75' title="bbox 1888 3264 3457 3327; baseline -0.013 0"><span class='ocrx_word' id='word_1_580' title='bbox 1888 3273 1979 3327; x_wconf 88' lang='lat' dir='ltr'>sed</span> <span class='ocrx_word' id='word_1_581' title='bbox 2008 3286 2110 3323; x_wconf 91' lang='lat' dir='ltr'>non</span> <span class='ocrx_word' id='word_1_582' title='bbox 2140 3272 2276 3323; x_wconf 89' lang='lat' dir='ltr'>citra</span> <span class='ocrx_word' id='word_1_583' title='bbox 2307 3264 2685 3319; x_wconf 90' lang='lat' dir='ltr'>rationabilem</span> <span class='ocrx_word' id='word_1_584' title='bbox 2710 3276 2933 3317; x_wconf 88' lang='lat' dir='ltr'>causam</span> <span class='ocrx_word' id='word_1_585' title='bbox 2971 3267 3250 3327; x_wconf 86' lang='lat' dir='ltr'>receptum</span> <span class='ocrx_word' id='word_1_586' title='bbox 3284 3275 3296 3310; x_wconf 92' lang='lat'><strong>:</strong></span> <span class='ocrx_word' id='word_1_587' title='bbox 3332 3272 3457 3324; x_wconf 88' lang='lat' dir='ltr'>par-</span> 
     </span>
    </p>
   </div>
   <div class='ocr_carea' id='block_1_76' title="bbox 1889 3347 3456 3431">
    <p class='ocr_par' dir='ltr' id='par_1_76' title="bbox 1889 3347 3456 3431">
     <span class='ocr_line' id='line_1_76' title="bbox 1889 3347 3456 3431; baseline -0.011 -15"><span class='ocrx_word' id='word_1_588' title='bbox 1889 3362 2127 3431; x_wconf 90' lang='lat' dir='ltr'>ticipavit</span> <span class='ocrx_word' id='word_1_589' title='bbox 2168 3359 2311 3414; x_wconf 92' lang='lat' dir='ltr'>enim</span> <span class='ocrx_word' id='word_1_590' title='bbox 2362 3370 2537 3411; x_wconf 89' lang='lat' dir='ltr'>carne</span> <span class='ocrx_word' id='word_1_591' title='bbox 2570 3365 2622 3410; x_wconf 90' lang='lat' dir='ltr'>et</span> <span class='ocrx_word' id='word_1_592' title='bbox 2668 3353 2930 3421; x_wconf 85' lang='lat' dir='ltr'>sanguine</span> <span class='ocrx_word' id='word_1_593' title='bbox 2966 3352 3032 3416; x_wconf 77' lang='lat'>“,</span> <span class='ocrx_word' id='word_1_594' title='bbox 3059 3359 3114 3404; x_wconf 88' lang='lat' dir='ltr'>et</span> <span class='ocrx_word' id='word_1_595' title='bbox 3158 3350 3241 3403; x_wconf 89' lang='lat' dir='ltr'>bis</span> <span class='ocrx_word' id='word_1_596' title='bbox 3276 3350 3366 3415; x_wconf 88' lang='lat' dir='ltr'>qui</span> <span class='ocrx_word' id='word_1_597' title='bbox 3404 3347 3456 3400; x_wconf 92' lang='lat' dir='ltr'>in</span> 
     </span>
    </p>
   </div>
   <div class='ocr_carea' id='block_1_77' title="bbox 1888 3440 3458 3517">
    <p class='ocr_par' dir='ltr' id='par_1_77' title="bbox 1888 3440 3458 3517">
     <span class='ocr_line' id='line_1_77' title="bbox 1888 3440 3458 3517; baseline -0.01 -10"><span class='ocrx_word' id='word_1_598' title='bbox 1888 3469 2049 3508; x_wconf 89' lang='lat' dir='ltr'>carne</span> <span class='ocrx_word' id='word_1_599' title='bbox 2080 3461 2233 3506; x_wconf 86' lang='lat' dir='ltr'>erant</span> <span class='ocrx_word' id='word_1_600' title='bbox 2273 3465 2336 3504; x_wconf 90' lang='lat' dir='ltr'>ac</span> <span class='ocrx_word' id='word_1_601' title='bbox 2372 3464 2503 3517; x_wconf 91' lang='lat' dir='ltr'>sang</span> <span class='ocrx_word' id='word_1_602' title='bbox 2523 3450 2669 3513; x_wconf 87' lang='lat' dir='ltr'>nine,</span> <span class='ocrx_word' id='word_1_603' title='bbox 2705 3446 2874 3499; x_wconf 88' lang='lat' dir='ltr'>frater</span> <span class='ocrx_word' id='word_1_604' title='bbox 2916 3443 3052 3497; x_wconf 89' lang='lat' dir='ltr'>fuit:</span> <span class='ocrx_word' id='word_1_605' title='bbox 3086 3457 3209 3496; x_wconf 92' lang='lat' dir='ltr'>nam</span> <span class='ocrx_word' id='word_1_606' title='bbox 3250 3440 3295 3494; x_wconf 89' lang='lat' dir='ltr'>si</span> <span class='ocrx_word' id='word_1_607' title='bbox 3332 3455 3458 3493; x_wconf 84' lang='lat' dir='ltr'>sau-</span> 
     </span>
    </p>
   </div>
   <div class='ocr_carea' id='block_1_78' title="bbox 1888 3532 3461 3608">
    <p class='ocr_par' dir='ltr' id='par_1_78' title="bbox 1888 3532 3461 3608">
     <span class='ocr_line' id='line_1_78' title="bbox 1888 3532 3461 3608; baseline -0.01 -8"><span class='ocrx_word' id='word_1_608' title='bbox 1888 3547 2158 3600; x_wconf 88' lang='lat' dir='ltr'>ctificatur</span> <span class='ocrx_word' id='word_1_609' title='bbox 2185 3544 2463 3595; x_wconf 88' lang='lat' dir='ltr'>nobiscmn</span> <span class='ocrx_word' id='word_1_610' title='bbox 2491 3554 2595 3608; x_wconf 91' lang='lat' dir='ltr'>qua</span> <span class='ocrx_word' id='word_1_611' title='bbox 2648 3540 2826 3591; x_wconf 90' lang='lat' dir='ltr'>factus</span> <span class='ocrx_word' id='word_1_612' title='bbox 2863 3546 2945 3590; x_wconf 88' lang='lat' dir='ltr'>est</span> <span class='ocrx_word' id='word_1_613' title='bbox 2992 3536 3176 3601; x_wconf 90' lang='lat' dir='ltr'>homo,</span> <span class='ocrx_word' id='word_1_614' title='bbox 3210 3532 3461 3602; x_wconf 87' lang='lat' dir='ltr'>quamvis</span> 
     </span>
    </p>
   </div>
   <div class='ocr_carea' id='block_1_79' title="bbox 1888 3623 3458 3696">
    <p class='ocr_par' dir='ltr' id='par_1_79' title="bbox 1888 3623 3458 3696">
     <span class='ocr_line' id='line_1_79' title="bbox 1888 3623 3458 3696; baseline -0.01 -6"><span class='ocrx_word' id='word_1_615' title='bbox 1888 3646 2080 3690; x_wconf 90' lang='lat' dir='ltr'>natura</span> <span class='ocrx_word' id='word_1_616' title='bbox 2121 3634 2264 3688; x_wconf 91' lang='lat' dir='ltr'>Deus</span> <span class='ocrx_word' id='word_1_617' title='bbox 2311 3641 2493 3693; x_wconf 88' lang='lat' dir='ltr'>esset,</span> <span class='ocrx_word' id='word_1_618' title='bbox 2534 3639 2589 3683; x_wconf 93' lang='lat' dir='ltr'>et</span> <span class='ocrx_word' id='word_1_619' title='bbox 2623 3628 2875 3696; x_wconf 89' lang='lat' dir='ltr'>spiritum</span> <span class='ocrx_word' id='word_1_620' title='bbox 2928 3628 3037 3696; x_wconf 88' lang='lat' dir='ltr'>ipse</span> <span class='ocrx_word' id='word_1_621' title='bbox 3076 3626 3248 3689; x_wconf 92' lang='lat' dir='ltr'>daret,</span> <span class='ocrx_word' id='word_1_622' title='bbox 3283 3639 3379 3677; x_wconf 88' lang='lat' dir='ltr'>cur</span> <span class='ocrx_word' id='word_1_623' title='bbox 3414 3623 3458 3675; x_wconf 89' lang='lat' dir='ltr'>si</span> 
     </span>
    </p>
   </div>
   <div class='ocr_carea' id='block_1_80' title="bbox 1888 3715 3454 3785">
    <p class='ocr_par' dir='ltr' id='par_1_80' title="bbox 1888 3715 3454 3785">
     <span class='ocr_line' id='line_1_80' title="bbox 1888 3715 3454 3785; baseline -0.009 -6"><span class='ocrx_word' id='word_1_624' title='bbox 1888 3736 2107 3782; x_wconf 87' lang='lat' dir='ltr'>vocetur</span> <span class='ocrx_word' id='word_1_625' title='bbox 2148 3726 2309 3779; x_wconf 90' lang='lat' dir='ltr'>etiam</span> <span class='ocrx_word' id='word_1_626' title='bbox 2366 3722 2551 3785; x_wconf 88' lang='lat' dir='ltr'>frater,</span> <span class='ocrx_word' id='word_1_627' title='bbox 2612 3720 2835 3773; x_wconf 87' lang='lat' dir='ltr'>minime</span> <span class='ocrx_word' id='word_1_628' title='bbox 2895 3717 3150 3771; x_wconf 85' lang='lat' dir='ltr'>decenter</span> <span class='ocrx_word' id='word_1_629' title='bbox 3218 3715 3454 3777; x_wconf 90' lang='lat' dir='ltr'>dicatur,</span> 
     </span>
    </p>
   </div>
   <div class='ocr_carea' id='block_1_81' title="bbox 1890 3806 3461 3873">
    <p class='ocr_par' dir='ltr' id='par_1_81' title="bbox 1890 3806 3461 3873">
     <span class='ocr_line' id='line_1_81' title="bbox 1890 3806 3461 3873; baseline -0.01 -1"><span class='ocrx_word' id='word_1_630' title='bbox 1890 3833 2009 3872; x_wconf 84' lang='lat' dir='ltr'>cum</span> <span class='ocrx_word' id='word_1_631' title='bbox 2042 3819 2141 3871; x_wconf 89' lang='lat' dir='ltr'>hac</span> <span class='ocrx_word' id='word_1_632' title='bbox 2172 3817 2235 3868; x_wconf 91' lang='lat' dir='ltr'>de</span> <span class='ocrx_word' id='word_1_633' title='bbox 2261 3828 2421 3867; x_wconf 87' lang='lat' dir='ltr'>causa</span> <span class='ocrx_word' id='word_1_634' title='bbox 2462 3812 2637 3863; x_wconf 70' lang='grc' dir='ltr'>[ιιι-ιιιε</span> <span class='ocrx_word' id='word_1_635' title='bbox 2678 3811 2750 3863; x_wconf 90' lang='lat' dir='ltr'>sit</span> <span class='ocrx_word' id='word_1_636' title='bbox 2799 3810 2970 3863; x_wconf 86' lang='lat' dir='ltr'>nostri</span> <span class='ocrx_word' id='word_1_637' title='bbox 3010 3806 3226 3873; x_wconf 88' lang='lat' dir='ltr'>similis,</span> <span class='ocrx_word' id='word_1_638' title='bbox 3268 3816 3327 3859; x_wconf 94' lang='lat' dir='ltr'>ut</span> <span class='ocrx_word' id='word_1_639' title='bbox 3361 3820 3461 3857; x_wconf 86' lang='lat' dir='ltr'>nos</span> 
     </span>
    </p>
   </div>
   <div class='ocr_carea' id='block_1_82' title="bbox 1891 3896 3465 3965">
    <p class='ocr_par' dir='ltr' id='par_1_82' title="bbox 1891 3896 3465 3965">
     <span class='ocr_line' id='line_1_82' title="bbox 1891 3896 3465 3965; baseline -0.011 -1"><span class='ocrx_word' id='word_1_640' title='bbox 1891 3910 2086 3964; x_wconf 90' lang='lat' dir='ltr'>fratres</span> <span class='ocrx_word' id='word_1_641' title='bbox 2129 3922 2192 3961; x_wconf 88' lang='lat' dir='ltr'>ac</span> <span class='ocrx_word' id='word_1_642' title='bbox 2238 3906 2437 3959; x_wconf 85' lang='lat' dir='ltr'>liberos</span> <span class='ocrx_word' id='word_1_643' title='bbox 2488 3900 2767 3957; x_wconf 75' lang='lat' dir='ltr'>efficeret?</span> <span class='ocrx_word' id='word_1_644' title='bbox 2817 3916 2833 3948; x_wconf 88' lang='grc' dir='ltr'>ι</span> <span class='ocrx_word' id='word_1_645' title='bbox 2870 3898 3145 3965; x_wconf 85' lang='lat' dir='ltr'>Quotquot</span> <span class='ocrx_word' id='word_1_646' title='bbox 3198 3896 3343 3949; x_wconf 90' lang='lat' dir='ltr'>enim</span> <span class='ocrx_word' id='word_1_647' title='bbox 3383 3910 3465 3947; x_wconf 89' lang='lat' dir='ltr'>re-</span> 
     </span>
    </p>
   </div>
   <div class='ocr_carea' id='block_1_83' title="bbox 1889 3982 3464 4067">
    <p class='ocr_par' dir='ltr' id='par_1_83' title="bbox 1889 3982 3464 4067">
     <span class='ocr_line' id='line_1_83' title="bbox 1889 3982 3464 4067; baseline -0.011 -13"><span class='ocrx_word' id='word_1_648' title='bbox 1889 4007 2149 4067; x_wconf 89' lang='lat' dir='ltr'>ceperunt</span> <span class='ocrx_word' id='word_1_649' title='bbox 2195 4012 2339 4059; x_wconf 91' lang='lat' dir='ltr'>eum,</span> <span class='ocrx_word' id='word_1_650' title='bbox 2394 3993 2608 4061; x_wconf 89' lang='lat' dir='ltr'>inquit,</span> <span class='ocrx_word' id='word_1_651' title='bbox 2649 3990 2795 4044; x_wconf 91' lang='lat' dir='ltr'>dedit</span> <span class='ocrx_word' id='word_1_652' title='bbox 2836 3989 2917 4043; x_wconf 88' lang='lat' dir='ltr'>eis</span> <span class='ocrx_word' id='word_1_653' title='bbox 2959 3982 3278 4056; x_wconf 86' lang='lat' dir='ltr'>potestatem</span> <span class='ocrx_word' id='word_1_654' title='bbox 3328 3984 3464 4037; x_wconf 87' lang='lat' dir='ltr'>filios</span> 
     </span>
    </p>
   </div>
   <div class='ocr_carea' id='block_1_84' title="bbox 1891 4074 3461 4152">
    <p class='ocr_par' dir='ltr' id='par_1_84' title="bbox 1891 4074 3461 4152">
     <span class='ocr_line' id='line_1_84' title="bbox 1891 4074 3461 4152; baseline -0.012 -8"><span class='ocrx_word' id='word_1_655' title='bbox 1891 4092 1984 4144; x_wconf 90' lang='lat' dir='ltr'>Dei</span> <span class='ocrx_word' id='word_1_656' title='bbox 2044 4088 2180 4150; x_wconf 87' lang='lat' dir='ltr'>fieri,</span> <span class='ocrx_word' id='word_1_657' title='bbox 2233 4086 2319 4141; x_wconf 89' lang='lat' dir='ltr'>his</span> <span class='ocrx_word' id='word_1_658' title='bbox 2363 4085 2453 4152; x_wconf 90' lang='lat' dir='ltr'>qui</span> <span class='ocrx_word' id='word_1_659' title='bbox 2505 4084 2733 4137; x_wconf 88' lang='lat' dir='ltr'>credunt</span> <span class='ocrx_word' id='word_1_660' title='bbox 2780 4080 2834 4132; x_wconf 92' lang='lat' dir='ltr'>in</span> <span class='ocrx_word' id='word_1_661' title='bbox 2894 4078 3115 4131; x_wconf 90' lang='lat' dir='ltr'>nomine</span> <span class='ocrx_word' id='word_1_662' title='bbox 3167 4076 3284 4143; x_wconf 84' lang='lat' dir='ltr'>ejus</span> <span class='ocrx_word' id='word_1_663' title='bbox 3324 4094 3337 4129; x_wconf 92' lang='lat'><strong>:</strong></span> <span class='ocrx_word' id='word_1_664' title='bbox 3371 4074 3461 4142; x_wconf 93' lang='lat' dir='ltr'>qui</span> 
     </span>
    </p>
   </div>
   <div class='ocr_carea' id='block_1_85' title="bbox 1891 4165 3463 4245">
    <p class='ocr_par' dir='ltr' id='par_1_85' title="bbox 1891 4165 3463 4245">
     <span class='ocr_line' id='line_1_85' title="bbox 1891 4165 3463 4245; baseline -0.01 -11"><span class='ocrx_word' id='word_1_665' title='bbox 1891 4196 1995 4234; x_wconf 91' lang='lat' dir='ltr'>non</span> <span class='ocrx_word' id='word_1_666' title='bbox 2044 4194 2107 4232; x_wconf 82' lang='lat' dir='ltr'>ex</span> <span class='ocrx_word' id='word_1_667' title='bbox 2163 4175 2539 4245; x_wconf 85' lang='lat' dir='ltr'>sanguinibus,</span> <span class='ocrx_word' id='word_1_668' title='bbox 2592 4185 2766 4239; x_wconf 91' lang='lat' dir='ltr'>neque</span> <span class='ocrx_word' id='word_1_669' title='bbox 2814 4184 2880 4222; x_wconf 83' lang='lat' dir='ltr'>ex</span> <span class='ocrx_word' id='word_1_670' title='bbox 2928 4168 3203 4222; x_wconf 87' lang='lat' dir='ltr'>voluntate</span> <span class='ocrx_word' id='word_1_671' title='bbox 3260 4165 3463 4226; x_wconf 83' lang='lat' dir='ltr'>carnis,</span> 
     </span>
    </p>
   </div>
   <div class='ocr_carea' id='block_1_86' title="bbox 1893 4255 3459 4337">
    <p class='ocr_par' dir='ltr' id='par_1_86' title="bbox 1893 4255 3459 4337">
     <span class='ocr_line' id='line_1_86' title="bbox 1893 4255 3459 4337; baseline -0.011 -15"><span class='ocrx_word' id='word_1_672' title='bbox 1893 4285 2066 4337; x_wconf 87' lang='lat' dir='ltr'>neque</span> <span class='ocrx_word' id='word_1_673' title='bbox 2098 4283 2162 4321; x_wconf 85' lang='lat' dir='ltr'>ex</span> <span class='ocrx_word' id='word_1_674' title='bbox 2198 4267 2475 4319; x_wconf 91' lang='lat' dir='ltr'>voluntate</span> <span class='ocrx_word' id='word_1_675' title='bbox 2504 4262 2629 4325; x_wconf 86' lang='lat' dir='ltr'>viri,</span> <span class='ocrx_word' id='word_1_676' title='bbox 2664 4261 2757 4315; x_wconf 88' lang='lat' dir='ltr'>sed</span> <span class='ocrx_word' id='word_1_677' title='bbox 2803 4274 2869 4313; x_wconf 84' lang='lat' dir='ltr'>ex</span> <span class='ocrx_word' id='word_1_678' title='bbox 2910 4258 3019 4313; x_wconf 91' lang='lat' dir='ltr'>Deo</span> <span class='ocrx_word' id='word_1_679' title='bbox 3050 4257 3159 4311; x_wconf 91' lang='lat' dir='ltr'>nati</span> <span class='ocrx_word' id='word_1_680' title='bbox 3198 4264 3323 4311; x_wconf 91' lang='lat' dir='ltr'>sunt</span> <span class='ocrx_word' id='word_1_681' title='bbox 3355 4255 3417 4308; x_wconf 76' lang='lat'>“.</span> <span class='ocrx_word' id='word_1_682' title='bbox 3440 4273 3459 4305; x_wconf 76' lang='grc' dir='ltr'>ι</span> 
     </span>
    </p>
   </div>
   <div class='ocr_carea' id='block_1_87' title="bbox 1892 4343 3464 4411">
    <p class='ocr_par' dir='ltr' id='par_1_87' title="bbox 1892 4343 3464 4411">
     <span class='ocr_line' id='line_1_87' title="bbox 1892 4343 3464 4411; baseline -0.011 0"><span class='ocrx_word' id='word_1_683' title='bbox 1892 4358 2087 4411; x_wconf 86' lang='lat' dir='ltr'>Natum</span> <span class='ocrx_word' id='word_1_684' title='bbox 2123 4365 2201 4411; x_wconf 82' lang='lat' dir='ltr'>est</span> <span class='ocrx_word' id='word_1_685' title='bbox 2242 4356 2385 4409; x_wconf 91' lang='lat' dir='ltr'>enim</span> <span class='ocrx_word' id='word_1_686' title='bbox 2436 4352 2715 4405; x_wconf 89' lang='lat' dir='ltr'>nobiscmn</span> <span class='ocrx_word' id='word_1_687' title='bbox 2751 4348 3047 4403; x_wconf 84' lang='lat' dir='ltr'>secundum</span> <span class='ocrx_word' id='word_1_688' title='bbox 3086 4359 3304 4397; x_wconf 89' lang='lat' dir='ltr'>carnem</span> <span class='ocrx_word' id='word_1_689' title='bbox 3336 4343 3464 4395; x_wconf 89' lang='lat' dir='ltr'>illud</span> 
     </span>
    </p>
   </div>
   <div class='ocr_carea' id='block_1_88' title="bbox 1896 4434 3465 4507">
    <p class='ocr_par' dir='ltr' id='par_1_88' title="bbox 1896 4434 3465 4507">
     <span class='ocr_line' id='line_1_88' title="bbox 1896 4434 3465 4507; baseline -0.013 -2"><span class='ocrx_word' id='word_1_690' title='bbox 1896 4468 1957 4505; x_wconf 84' lang='lat' dir='ltr'>ex</span> <span class='ocrx_word' id='word_1_691' title='bbox 2000 4451 2108 4503; x_wconf 91' lang='lat' dir='ltr'>Deo</span> <span class='ocrx_word' id='word_1_692' title='bbox 2160 4448 2319 4500; x_wconf 90' lang='lat' dir='ltr'>Patre</span> <span class='ocrx_word' id='word_1_693' title='bbox 2378 4445 2645 4507; x_wconf 87' lang='lat' dir='ltr'>Verbum,</span> <span class='ocrx_word' id='word_1_694' title='bbox 2694 4451 2753 4492; x_wconf 91' lang='lat' dir='ltr'>ut</span> <span class='ocrx_word' id='word_1_695' title='bbox 2802 4452 2899 4492; x_wconf 89' lang='lat' dir='ltr'>nos</span> <span class='ocrx_word' id='word_1_696' title='bbox 2945 4450 3160 4505; x_wconf 90' lang='lat' dir='ltr'>quoque</span> <span class='ocrx_word' id='word_1_697' title='bbox 3206 4434 3352 4487; x_wconf 90' lang='lat' dir='ltr'>illam</span> <span class='ocrx_word' id='word_1_698' title='bbox 3399 4447 3465 4486; x_wconf 81' lang='lat' dir='ltr'>ex</span> 
     </span>
    </p>
   </div>
   <div class='ocr_carea' id='block_1_89' title="bbox 220 4518 1781 4609">
    <p class='ocr_par' dir='ltr' id='par_1_89' title="bbox 220 4518 1781 4591">
     <span class='ocr_line' id='line_1_89' title="bbox 220 4518 1781 4591; baseline 0.003 -23"><span class='ocrx_word' id='word_1_699' title='bbox 220 4518 527 4587; x_wconf 87' lang='grc' dir='ltr'>χειούμενοι</span> <span class='ocrx_word' id='word_1_700' title='bbox 572 4518 628 4569; x_wconf 80' lang='grc' dir='ltr'>δὲ</span> <span class='ocrx_word' id='word_1_701' title='bbox 666 4519 863 4587; x_wconf 76' lang='grc' dir='ltr'>μᾶλλον</span> <span class='ocrx_word' id='word_1_702' title='bbox 913 4522 990 4583; x_wconf 88' lang='grc' dir='ltr'>εἰς</span> <span class='ocrx_word' id='word_1_703' title='bbox 1027 4522 1094 4573; x_wconf 73' lang='grc' dir='ltr'>τὰ</span> <span class='ocrx_word' id='word_1_704' title='bbox 1140 4523 1278 4591; x_wconf 75' lang='grc' dir='ltr'>ὑπὲρ</span> <span class='ocrx_word' id='word_1_705' title='bbox 1312 4522 1492 4589; x_wconf 78' lang='grc' dir='ltr'>φύσιν,</span> <span class='ocrx_word' id='word_1_706' title='bbox 1544 4524 1637 4576; x_wconf 73' lang='grc' dir='ltr'>καὶ</span> <span class='ocrx_word' id='word_1_707' title='bbox 1687 4524 1781 4575; x_wconf 73' lang='grc' dir='ltr'>υίοῖ</span> 
     </span>
    </p>
   </div>
   <div class='ocr_carea' id='block_1_90' title="bbox 1883 4518 3469 4609">
    <p class='ocr_par' dir='ltr' id='par_1_90' title="bbox 1904 4526 3469 4609">
     <span class='ocr_line' id='line_1_90' title="bbox 1904 4526 3469 4609; baseline -0.014 -12"><span class='ocrx_word' id='word_1_708' title='bbox 1904 4545 2010 4596; x_wconf 90' lang='lat' dir='ltr'>Deo</span> <span class='ocrx_word' id='word_1_709' title='bbox 2054 4555 2149 4609; x_wconf 86' lang='lat' dir='ltr'>per</span> <span class='ocrx_word' id='word_1_710' title='bbox 2182 4538 2433 4607; x_wconf 87' lang='lat' dir='ltr'>spiritum</span> <span class='ocrx_word' id='word_1_711' title='bbox 2484 4532 2820 4587; x_wconf 90' lang='lat' dir='ltr'>nativitatem</span> <span class='ocrx_word' id='word_1_712' title='bbox 2858 4526 3204 4595; x_wconf 84' lang='lat' dir='ltr'>acquiramus</span> <span class='ocrx_word' id='word_1_713' title='bbox 3236 4538 3253 4576; x_wconf 76' lang='grc' dir='ltr'>τ</span> <span class='ocrx_word' id='word_1_714' title='bbox 3290 4536 3469 4590; x_wconf 83' lang='lat' dir='ltr'>neque</span> 
     </span>
    </p>
   </div>
   <div class='ocr_carea' id='block_1_91' title="bbox 216 4605 1791 4681">
    <p class='ocr_par' dir='ltr' id='par_1_91' title="bbox 216 4605 1791 4681">
     <span class='ocr_line' id='line_1_91' title="bbox 216 4605 1791 4681; baseline 0.004 -24"><span class='ocrx_word' id='word_1_715' title='bbox 216 4605 349 4657; x_wconf 83' lang='grc' dir='ltr'>Θεοῦ</span> <span class='ocrx_word' id='word_1_716' title='bbox 384 4607 814 4675; x_wconf 73' lang='grc' dir='ltr'>χρηματίζοντες</span> <span class='ocrx_word' id='word_1_717' title='bbox 848 4608 988 4661; x_wconf 86' lang='grc' dir='ltr'>κατὰ</span> <span class='ocrx_word' id='word_1_718' title='bbox 1018 4610 1194 4679; x_wconf 76' lang='grc' dir='ltr'>χάριν.</span> <span class='ocrx_word' id='word_1_719' title='bbox 1223 4611 1416 4677; x_wconf 85' lang='grc' dir='ltr'>Γέγονε</span> <span class='ocrx_word' id='word_1_720' title='bbox 1462 4612 1568 4681; x_wconf 71' lang='grc' dir='ltr'>γὰρ</span> <span class='ocrx_word' id='word_1_721' title='bbox 1609 4611 1681 4674; x_wconf 82' lang='grc' dir='ltr'>ὡς</span> <span class='ocrx_word' id='word_1_722' title='bbox 1713 4607 1791 4674; x_wconf 77' lang='grc' dir='ltr'>εἷς</span> 
     </span>
    </p>
   </div>
   <div class='ocr_carea' id='block_1_92' title="bbox 215 4694 1791 4771">
    <p class='ocr_par' dir='ltr' id='par_1_92' title="bbox 215 4694 1791 4771">
     <span class='ocr_line' id='line_1_92' title="bbox 215 4694 1791 4771; baseline 0.004 -23"><span class='ocrx_word' id='word_1_723' title='bbox 215 4694 274 4759; x_wconf 74' lang='grc' dir='ltr'>ἐξ</span> <span class='ocrx_word' id='word_1_724' title='bbox 302 4696 483 4766; x_wconf 76' lang='grc' dir='ltr'>ἡμῶν,</span> <span class='ocrx_word' id='word_1_725' title='bbox 509 4699 538 4749; x_wconf 91' lang='lat'>6</span> <span class='ocrx_word' id='word_1_726' title='bbox 568 4697 708 4749; x_wconf 84' lang='grc' dir='ltr'>κατά</span> <span class='ocrx_word' id='word_1_727' title='bbox 748 4698 906 4766; x_wconf 84' lang='grc' dir='ltr'>φύσιν</span> <span class='ocrx_word' id='word_1_728' title='bbox 937 4701 1028 4753; x_wconf 82' lang='grc' dir='ltr'>καὶ</span> <span class='ocrx_word' id='word_1_729' title='bbox 1069 4700 1285 4770; x_wconf 80' lang='grc' dir='ltr'>ἀληθῶς</span> <span class='ocrx_word' id='word_1_730' title='bbox 1312 4700 1439 4763; x_wconf 70' lang='grc' dir='ltr'>Υἱὸς</span> <span class='ocrx_word' id='word_1_731' title='bbox 1477 4702 1791 4771; x_wconf 83' lang='grc' dir='ltr'>μονογενὴς,</span> 
     </span>
    </p>
   </div>
   <div class='ocr_carea' id='block_1_93' title="bbox 218 4787 1794 4861">
    <p class='ocr_par' dir='ltr' id='par_1_93' title="bbox 218 4787 1794 4861">
     <span class='ocr_line' id='line_1_93' title="bbox 218 4787 1794 4861; baseline 0.003 -23"><span class='ocrx_word' id='word_1_732' title='bbox 218 4788 308 4839; x_wconf 74' lang='grc' dir='ltr'>καὶ</span> <span class='ocrx_word' id='word_1_733' title='bbox 330 4788 571 4857; x_wconf 77' lang='grc' dir='ltr'>ἀψευδὴς</span> <span class='ocrx_word' id='word_1_734' title='bbox 591 4790 618 4840; x_wconf 95' lang='lat'>6</span> <span class='ocrx_word' id='word_1_735' title='bbox 653 4787 807 4855; x_wconf 83' lang='grc' dir='ltr'>λόγος</span> <span class='ocrx_word' id='word_1_736' title='bbox 829 4804 842 4819; x_wconf 76' lang='grc'><strong>⁸</strong></span> <span class='ocrx_word' id='word_1_737' title='bbox 870 4789 1201 4842; x_wconf 82' lang='grc' dir='ltr'>πιστώσεται</span> <span class='ocrx_word' id='word_1_738' title='bbox 1228 4790 1283 4842; x_wconf 81' lang='grc' dir='ltr'>δὲ</span> <span class='ocrx_word' id='word_1_739' title='bbox 1312 4792 1445 4861; x_wconf 82' lang='grc' dir='ltr'>πρὸς</span> <span class='ocrx_word' id='word_1_740' title='bbox 1472 4790 1625 4844; x_wconf 85' lang='grc' dir='ltr'>τοῦτο</span> <span class='ocrx_word' id='word_1_741' title='bbox 1650 4794 1794 4861; x_wconf 79' lang='grc' dir='ltr'>ἡμᾶς</span> 
     </span>
    </p>
   </div>
   <div class='ocr_carea' id='block_1_94' title="bbox 217 4878 1793 4949">
    <p class='ocr_par' dir='ltr' id='par_1_94' title="bbox 217 4878 1793 4949">
     <span class='ocr_line' id='line_1_94' title="bbox 217 4878 1793 4949; baseline 0.003 -19"><span class='ocrx_word' id='word_1_742' title='bbox 217 4879 245 4929; x_wconf 87' lang='lat'>6</span> <span class='ocrx_word' id='word_1_743' title='bbox 278 4878 569 4940; x_wconf 82' lang='grc' dir='ltr'>θεσπέσιος</span> <span class='ocrx_word' id='word_1_744' title='bbox 604 4879 832 4944; x_wconf 88' lang='grc' dir='ltr'>Παῦλος,</span> <span class='ocrx_word' id='word_1_745' title='bbox 858 4881 953 4934; x_wconf 84' lang='grc' dir='ltr'>ὡδί</span> <span class='ocrx_word' id='word_1_746' title='bbox 987 4899 1087 4934; x_wconf 88' lang='grc' dir='ltr'>που</span> <span class='ocrx_word' id='word_1_747' title='bbox 1118 4882 1323 4949; x_wconf 81' lang='grc' dir='ltr'>λέγων’</span> <span class='ocrx_word' id='word_1_748' title='bbox 1364 4904 1381 4934; x_wconf 82' lang='grc' dir='ltr'>ι</span> <span class='ocrx_word' id='word_1_749' title='bbox 1409 4884 1527 4935; x_wconf 84' lang='grc' dir='ltr'>’Ὁτι</span> <span class='ocrx_word' id='word_1_750' title='bbox 1574 4884 1630 4935; x_wconf 82' lang='grc' dir='ltr'><em>δέ</em></span> <span class='ocrx_word' id='word_1_751' title='bbox 1673 4887 1793 4935; x_wconf 86' lang='grc' dir='ltr'>ὲστε</span> 
     </span>
    </p>
   </div>
   <div class='ocr_carea' id='block_1_95' title="bbox 218 4968 1793 5044">
    <p class='ocr_par' dir='ltr' id='par_1_95' title="bbox 218 4968 1793 5044">
     <span class='ocr_line' id='line_1_95' title="bbox 218 4968 1793 5044; baseline 0.003 -23"><span class='ocrx_word' id='word_1_752' title='bbox 218 4968 343 5032; x_wconf 66' lang='grc' dir='ltr'>υἱοὶ,</span> <span class='ocrx_word' id='word_1_753' title='bbox 379 4970 767 5036; x_wconf 74' lang='grc' dir='ltr'>ἐξαπέστειλεν</span> <span class='ocrx_word' id='word_1_754' title='bbox 792 4974 820 5024; x_wconf 93' lang='lat'>6</span> <span class='ocrx_word' id='word_1_755' title='bbox 852 4974 983 5036; x_wconf 80' lang='grc' dir='ltr'>Θεὸς</span> <span class='ocrx_word' id='word_1_756' title='bbox 1013 4975 1071 5028; x_wconf 85' lang='grc' dir='ltr'>τὸ</span> <span class='ocrx_word' id='word_1_757' title='bbox 1095 4976 1319 5044; x_wconf 79' lang='grc' dir='ltr'>Πνεῦμα</span> <span class='ocrx_word' id='word_1_758' title='bbox 1348 4975 1440 5027; x_wconf 90' lang='grc' dir='ltr'>τοῦ</span> <span class='ocrx_word' id='word_1_759' title='bbox 1470 4976 1599 5027; x_wconf 84' lang='grc' dir='ltr'>Υίοῦ</span> <span class='ocrx_word' id='word_1_760' title='bbox 1630 4976 1793 5027; x_wconf 81' lang='grc' dir='ltr'>αὑτοῦ</span> 
     </span>
    </p>
   </div>
   <div class='ocr_carea' id='block_1_96' title="bbox 221 5059 1789 5136">
    <p class='ocr_par' dir='ltr' id='par_1_96' title="bbox 221 5059 1789 5136">
     <span class='ocr_line' id='line_1_96' title="bbox 221 5059 1789 5136; baseline 0.006 -26"><span class='ocrx_word' id='word_1_761' title='bbox 221 5059 297 5122; x_wconf 84' lang='grc' dir='ltr'>είς</span> <span class='ocrx_word' id='word_1_762' title='bbox 344 5061 446 5123; x_wconf 77' lang='grc' dir='ltr'>τὰς</span> <span class='ocrx_word' id='word_1_763' title='bbox 481 5061 706 5131; x_wconf 82' lang='grc' dir='ltr'>καρδίας</span> <span class='ocrx_word' id='word_1_764' title='bbox 740 5064 911 5133; x_wconf 81' lang='grc' dir='ltr'>ὑμῶν,</span> <span class='ocrx_word' id='word_1_765' title='bbox 963 5065 1185 5135; x_wconf 83' lang='grc' dir='ltr'>κράζον,</span> <span class='ocrx_word' id='word_1_766' title='bbox 1238 5066 1433 5127; x_wconf 82' lang='grc' dir='ltr'>Ἀ66ᾶ,</span> <span class='ocrx_word' id='word_1_767' title='bbox 1478 5070 1504 5118; x_wconf 92' lang='lat'>6</span> <span class='ocrx_word' id='word_1_768' title='bbox 1535 5068 1789 5136; x_wconf 80' lang='grc' dir='ltr'>Πατήρ.»</span> 
     </span>
    </p>
   </div>
   <div class='ocr_carea' id='block_1_97' title="bbox 224 5150 1793 5227">
    <p class='ocr_par' dir='ltr' id='par_1_97' title="bbox 224 5150 1793 5227">
     <span class='ocr_line' id='line_1_97' title="bbox 224 5150 1793 5227; baseline 0.008 -28"><span class='ocrx_word' id='word_1_769' title='bbox 224 5150 285 5201; x_wconf 88' lang='grc' dir='ltr'>Τί</span> <span class='ocrx_word' id='word_1_770' title='bbox 312 5153 494 5204; x_wconf 79' lang='grc' dir='ltr'>τοίνυν</span> <span class='ocrx_word' id='word_1_771' title='bbox 524 5152 793 5225; x_wconf 77' lang='grc' dir='ltr'>ἀποὸιάζῃ</span> <span class='ocrx_word' id='word_1_772' title='bbox 827 5156 922 5226; x_wconf 82' lang='grc' dir='ltr'>τῆς</span> <span class='ocrx_word' id='word_1_773' title='bbox 950 5159 1261 5227; x_wconf 83' lang='grc' dir='ltr'>οἰκονομίας</span> <span class='ocrx_word' id='word_1_774' title='bbox 1296 5159 1356 5210; x_wconf 76' lang='grc' dir='ltr'>τὸ</span> <span class='ocrx_word' id='word_1_775' title='bbox 1411 5159 1591 5223; x_wconf 72' lang='grc' dir='ltr'>σοφὸν,</span> <span class='ocrx_word' id='word_1_776' title='bbox 1624 5162 1702 5221; x_wconf 85' lang='grc' dir='ltr'>εἰς</span> <span class='ocrx_word' id='word_1_777' title='bbox 1734 5161 1793 5211; x_wconf 86' lang='grc' dir='ltr'>τὸ</span> 
     </span>
    </p>
   </div>
   <div class='ocr_carea' id='block_1_98' title="bbox 227 5241 1795 5317">
    <p class='ocr_par' dir='ltr' id='par_1_98' title="bbox 227 5241 1795 5317">
     <span class='ocr_line' id='line_1_98' title="bbox 227 5241 1795 5317; baseline 0.005 -24"><span class='ocrx_word' id='word_1_778' title='bbox 227 5241 299 5309; x_wconf 80' lang='grc' dir='ltr'>μὴ</span> <span class='ocrx_word' id='word_1_779' title='bbox 346 5244 405 5295; x_wconf 82' lang='grc' dir='ltr'>ὲν</span> <span class='ocrx_word' id='word_1_780' title='bbox 451 5243 640 5313; x_wconf 82' lang='grc' dir='ltr'>κόσμῳ</span> <span class='ocrx_word' id='word_1_781' title='bbox 674 5245 749 5314; x_wconf 83' lang='grc' dir='ltr'>τῷ</span> <span class='ocrx_word' id='word_1_782' title='bbox 798 5248 969 5300; x_wconf 80' lang='grc' dir='ltr'>δέοντι</span> <span class='ocrx_word' id='word_1_783' title='bbox 1018 5249 1343 5316; x_wconf 80' lang='grc' dir='ltr'>πεποιῆσθαι</span> <span class='ocrx_word' id='word_1_784' title='bbox 1376 5250 1572 5313; x_wconf 84' lang='grc' dir='ltr'>δοκεῖν,</span> <span class='ocrx_word' id='word_1_785' title='bbox 1616 5250 1703 5303; x_wconf 81' lang='grc' dir='ltr'>διά</span> <span class='ocrx_word' id='word_1_786' title='bbox 1736 5268 1795 5317; x_wconf 90' lang='grc' dir='ltr'>γε</span> 
     </span>
    </p>
   </div>
   <div class='ocr_carea' id='block_1_99' title="bbox 224 5329 1795 5404">
    <p class='ocr_par' dir='ltr' id='par_1_99' title="bbox 224 5329 1795 5404">
     <span class='ocr_line' id='line_1_99' title="bbox 224 5329 1795 5404; baseline 0.004 -26"><span class='ocrx_word' id='word_1_787' title='bbox 224 5329 314 5380; x_wconf 88' lang='grc' dir='ltr'>τοῦ</span> <span class='ocrx_word' id='word_1_788' title='bbox 355 5330 563 5397; x_wconf 82' lang='grc' dir='ltr'>λέγειν,</span> <span class='ocrx_word' id='word_1_789' title='bbox 584 5333 673 5401; x_wconf 82' lang='grc' dir='ltr'>Μὴ</span> <span class='ocrx_word' id='word_1_790' title='bbox 716 5336 937 5404; x_wconf 80' lang='grc' dir='ltr'>σπέρμα</span> <span class='ocrx_word' id='word_1_791' title='bbox 973 5334 1064 5386; x_wconf 83' lang='grc' dir='ltr'>τοῦ</span> <span class='ocrx_word' id='word_1_792' title='bbox 1100 5334 1410 5404; x_wconf 68' lang='grc' dir='ltr'>’Λὸραάμή</span> <span class='ocrx_word' id='word_1_793' title='bbox 1446 5334 1660 5403; x_wconf 88' lang='grc' dir='ltr'>θεότης;</span> <span class='ocrx_word' id='word_1_794' title='bbox 1707 5337 1795 5403; x_wconf 83' lang='grc' dir='ltr'>Μὴ</span> 
     </span>
    </p>
   </div>
   <div class='ocr_carea' id='block_1_100' title="bbox 226 5420 1798 5497">
    <p class='ocr_par' dir='ltr' id='par_1_100' title="bbox 226 5420 1798 5497">
     <span class='ocr_line' id='line_1_100' title="bbox 226 5420 1798 5497; baseline 0.004 -27"><span class='ocrx_word' id='word_1_795' title='bbox 226 5421 289 5488; x_wconf 79' lang='grc' dir='ltr'>τῇ</span> <span class='ocrx_word' id='word_1_796' title='bbox 318 5420 539 5491; x_wconf 86' lang='grc' dir='ltr'>θεότητι</span> <span class='ocrx_word' id='word_1_797' title='bbox 571 5423 720 5485; x_wconf 84' lang='grc' dir='ltr'>τινὰς</span> <span class='ocrx_word' id='word_1_798' title='bbox 748 5424 903 5493; x_wconf 75' lang='grc' dir='ltr'>ἔσχεν</span> <span class='ocrx_word' id='word_1_799' title='bbox 933 5426 1191 5494; x_wconf 76' lang='grc' dir='ltr'>ἀδελφοὺς</span> <span class='ocrx_word' id='word_1_800' title='bbox 1224 5427 1465 5488; x_wconf 85' lang='grc' dir='ltr'>ἐοικότας</span> <span class='ocrx_word' id='word_1_801' title='bbox 1490 5445 1503 5491; x_wconf 88' lang='grc'>;</span> <span class='ocrx_word' id='word_1_802' title='bbox 1532 5423 1674 5497; x_wconf 73' lang='grc' dir='ltr'>’Λρα</span> <span class='ocrx_word' id='word_1_803' title='bbox 1699 5428 1798 5479; x_wconf 75' lang='grc' dir='ltr'>οὐκ</span> 
     </span>
    </p>
   </div>
   <div class='ocr_carea' id='block_1_101' title="bbox 228 5510 1797 5588">
    <p class='ocr_par' dir='ltr' id='par_1_101' title="bbox 228 5510 1797 5588">
     <span class='ocr_line' id='line_1_101' title="bbox 228 5510 1797 5588; baseline 0.007 -28"><span class='ocrx_word' id='word_1_804' title='bbox 228 5510 461 5581; x_wconf 73' lang='grc' dir='ltr'>ἐναργὴς</span> <span class='ocrx_word' id='word_1_805' title='bbox 498 5514 806 5584; x_wconf 78' lang='grc' dir='ltr'>ἀποπληξία</span> <span class='ocrx_word' id='word_1_806' title='bbox 834 5515 988 5568; x_wconf 58' lang='grc' dir='ltr'>τοῦτό</span> <span class='ocrx_word' id='word_1_807' title='bbox 1018 5534 1112 5584; x_wconf 87' lang='grc' dir='ltr'>γε;</span> <span class='ocrx_word' id='word_1_808' title='bbox 1144 5518 1217 5570; x_wconf 76' lang='grc' dir='ltr'>Τὸ</span> <span class='ocrx_word' id='word_1_809' title='bbox 1264 5518 1369 5588; x_wconf 86' lang='grc' dir='ltr'>γάρ</span> <span class='ocrx_word' id='word_1_810' title='bbox 1397 5519 1636 5581; x_wconf 77' lang='grc' dir='ltr'>ἐκτόπως</span> <span class='ocrx_word' id='word_1_811' title='bbox 1665 5519 1797 5571; x_wconf 79' lang='grc' dir='ltr'>ἀνα-</span> 
     </span>
    </p>
   </div>
   <div class='ocr_carea' id='block_1_102' title="bbox 231 5715 1264 5783">
    <p class='ocr_par' dir='ltr' id='par_1_102' title="bbox 231 5715 1264 5783">
     <span class='ocr_line' id='line_1_102' title="bbox 231 5715 1264 5783; baseline 0.02 -19"><span class='ocrx_word' id='word_1_812' title='bbox 231 5769 255 5779; x_wconf 45' lang='grc' dir='ltr'><strong>ρ</strong></span> <span class='ocrx_word' id='word_1_813' title='bbox 310 5715 507 5769; x_wconf 53' lang='grc' dir='ltr'>ν’]οιιη.</span> <span class='ocrx_word' id='word_1_814' title='bbox 538 5733 651 5777; x_wconf 74' lang='lat' dir='ltr'>vui.</span> <span class='ocrx_word' id='word_1_815' title='bbox 678 5721 763 5774; x_wconf 76' lang='grc'>58.</span> <span class='ocrx_word' id='word_1_816' title='bbox 847 5723 887 5753; x_wconf 91' lang='grc'>¹⁰</span> <span class='ocrx_word' id='word_1_817' title='bbox 919 5720 1070 5778; x_wconf 83' lang='lat' dir='ltr'>Juau.</span> <span class='ocrx_word' id='word_1_818' title='bbox 1098 5735 1205 5783; x_wconf 53' lang='lat' dir='ltr'>XIV»</span> <span class='ocrx_word' id='word_1_819' title='bbox 1233 5721 1264 5775; x_wconf 75' lang='lat'><strong>9</strong></span> 
     </span>
    </p>
   </div>
   <div class='ocr_carea' id='block_1_103' title="bbox 236 5781 1181 5850">
    <p class='ocr_par' dir='ltr' id='par_1_103' title="bbox 236 5781 1181 5850">
     <span class='ocr_line' id='line_1_103' title="bbox 236 5781 1181 5850; baseline -0.004 -9"><span class='ocrx_word' id='word_1_820' title='bbox 236 5786 275 5816; x_wconf 82' lang='lat'>”</span> <span class='ocrx_word' id='word_1_821' title='bbox 314 5786 490 5841; x_wconf 79' lang='lat' dir='ltr'>Galul.</span> <span class='ocrx_word' id='word_1_822' title='bbox 521 5802 585 5850; x_wconf 87' lang='lat' dir='ltr'>tv,</span> <span class='ocrx_word' id='word_1_823' title='bbox 615 5789 667 5839; x_wconf 83' lang='lat' dir='ltr'>fi.</span> <span class='ocrx_word' id='word_1_824' title='bbox 1172 5781 1181 5789; x_wconf 81' lang='grc'>’</span> 
     </span>
    </p>
   </div>
   <div class='ocr_carea' id='block_1_104' title="bbox 1894 4620 3467 4702">
    <p class='ocr_par' dir='ltr' id='par_1_104' title="bbox 1894 4620 3467 4702">
     <span class='ocr_line' id='line_1_104' title="bbox 1894 4620 3467 4702; baseline -0.013 -18"><span class='ocrx_word' id='word_1_825' title='bbox 1894 4635 2006 4702; x_wconf 83' lang='lat' dir='ltr'>jam</span> <span class='ocrx_word' id='word_1_826' title='bbox 2051 4631 2231 4685; x_wconf 90' lang='lat' dir='ltr'>carnis</span> <span class='ocrx_word' id='word_1_827' title='bbox 2278 4627 2369 4680; x_wconf 90' lang='lat' dir='ltr'>filii</span> <span class='ocrx_word' id='word_1_828' title='bbox 2408 4627 2614 4689; x_wconf 88' lang='lat' dir='ltr'>simus,</span> <span class='ocrx_word' id='word_1_829' title='bbox 2652 4623 2746 4675; x_wconf 89' lang='lat' dir='ltr'>sed</span> <span class='ocrx_word' id='word_1_830' title='bbox 2785 4620 2836 4673; x_wconf 89' lang='lat' dir='ltr'>iu</span> <span class='ocrx_word' id='word_1_831' title='bbox 2882 4633 2944 4671; x_wconf 91' lang='lat' dir='ltr'>ea</span> <span class='ocrx_word' id='word_1_832' title='bbox 2992 4631 3111 4683; x_wconf 69' lang='lat' dir='ltr'>qua:</span> <span class='ocrx_word' id='word_1_833' title='bbox 3154 4628 3316 4681; x_wconf 87' lang='lat' dir='ltr'>supra</span> <span class='ocrx_word' id='word_1_834' title='bbox 3367 4627 3467 4664; x_wconf 88' lang='lat' dir='ltr'>na-</span> 
     </span>
    </p>
   </div>
   <div class='ocr_carea' id='block_1_105' title="bbox 1899 4703 3465 4775">
    <p class='ocr_par' dir='ltr' id='par_1_105' title="bbox 1899 4703 3465 4775">
     <span class='ocr_line' id='line_1_105' title="bbox 1899 4703 3465 4775; baseline -0.013 -1"><span class='ocrx_word' id='word_1_835' title='bbox 1899 4736 2073 4775; x_wconf 88' lang='lat' dir='ltr'>turam</span> <span class='ocrx_word' id='word_1_836' title='bbox 2130 4728 2253 4773; x_wconf 92' lang='lat' dir='ltr'>sunt</span> <span class='ocrx_word' id='word_1_837' title='bbox 2304 4718 2680 4774; x_wconf 90' lang='lat' dir='ltr'>immutemur,</span> <span class='ocrx_word' id='word_1_838' title='bbox 2730 4719 2786 4762; x_wconf 89' lang='lat' dir='ltr'>et</span> <span class='ocrx_word' id='word_1_839' title='bbox 2827 4708 2919 4760; x_wconf 86' lang='lat' dir='ltr'>filii</span> <span class='ocrx_word' id='word_1_840' title='bbox 2960 4706 3053 4759; x_wconf 90' lang='lat' dir='ltr'>Dei</span> <span class='ocrx_word' id='word_1_841' title='bbox 3098 4719 3193 4774; x_wconf 91' lang='lat' dir='ltr'>per</span> <span class='ocrx_word' id='word_1_842' title='bbox 3237 4703 3465 4771; x_wconf 78' lang='lat' dir='ltr'>gratiam</span> 
     </span>
    </p>
   </div>
   <div class='ocr_carea' id='block_1_106' title="bbox 1897 4794 3469 4868">
    <p class='ocr_par' dir='ltr' id='par_1_106' title="bbox 1897 4794 3469 4868">
     <span class='ocr_line' id='line_1_106' title="bbox 1897 4794 3469 4868; baseline -0.015 0"><span class='ocrx_word' id='word_1_843' title='bbox 1897 4817 2066 4868; x_wconf 87' lang='lat' dir='ltr'>simus</span> <span class='ocrx_word' id='word_1_844' title='bbox 2093 4830 2105 4864; x_wconf 90' lang='lat'>:</span> <span class='ocrx_word' id='word_1_845' title='bbox 2135 4810 2307 4862; x_wconf 86' lang='lat' dir='ltr'>factus</span> <span class='ocrx_word' id='word_1_846' title='bbox 2333 4815 2415 4861; x_wconf 91' lang='lat' dir='ltr'>est</span> <span class='ocrx_word' id='word_1_847' title='bbox 2445 4804 2587 4858; x_wconf 88' lang='lat' dir='ltr'>enim</span> <span class='ocrx_word' id='word_1_848' title='bbox 2623 4811 2680 4854; x_wconf 94' lang='lat' dir='ltr'>ut</span> <span class='ocrx_word' id='word_1_849' title='bbox 2715 4814 2851 4853; x_wconf 88' lang='lat' dir='ltr'>unus</span> <span class='ocrx_word' id='word_1_850' title='bbox 2878 4814 2907 4852; x_wconf 92' lang='lat' dir='ltr'>e</span> <span class='ocrx_word' id='word_1_851' title='bbox 2937 4796 3117 4861; x_wconf 87' lang='lat' dir='ltr'>nobis,</span> <span class='ocrx_word' id='word_1_852' title='bbox 3154 4794 3241 4847; x_wconf 87' lang='lat' dir='ltr'>ille</span> <span class='ocrx_word' id='word_1_853' title='bbox 3273 4807 3469 4847; x_wconf 88' lang='lat' dir='ltr'>secun-</span> 
     </span>
    </p>
   </div>
   <div class='ocr_carea' id='block_1_107' title="bbox 1897 4884 3467 4958">
    <p class='ocr_par' dir='ltr' id='par_1_107' title="bbox 1897 4884 3467 4958">
     <span class='ocr_line' id='line_1_107' title="bbox 1897 4884 3467 4958; baseline -0.015 0"><span class='ocrx_word' id='word_1_854' title='bbox 1897 4906 2021 4958; x_wconf 91' lang='lat' dir='ltr'>dum</span> <span class='ocrx_word' id='word_1_855' title='bbox 2044 4912 2289 4955; x_wconf 86' lang='lat' dir='ltr'>naturam</span> <span class='ocrx_word' id='word_1_856' title='bbox 2320 4912 2383 4949; x_wconf 92' lang='lat' dir='ltr'>ac</span> <span class='ocrx_word' id='word_1_857' title='bbox 2408 4910 2533 4949; x_wconf 86' lang='lat' dir='ltr'>vere</span> <span class='ocrx_word' id='word_1_858' title='bbox 2556 4892 2724 4945; x_wconf 85' lang='lat' dir='ltr'>Filius</span> <span class='ocrx_word' id='word_1_859' title='bbox 2758 4889 3075 4955; x_wconf 84' lang='lat' dir='ltr'>unigenitus</span> <span class='ocrx_word' id='word_1_860' title='bbox 3114 4901 3132 4941; x_wconf 91' lang='lat'><strong>:</strong></span> <span class='ocrx_word' id='word_1_861' title='bbox 3176 4884 3321 4952; x_wconf 91' lang='lat' dir='ltr'>quod</span> <span class='ocrx_word' id='word_1_862' title='bbox 3343 4897 3467 4937; x_wconf 88' lang='lat' dir='ltr'>cum</span> 
     </span>
    </p>
   </div>
   <div class='ocr_carea' id='block_1_108' title="bbox 1901 4975 3462 5051">
    <p class='ocr_par' dir='ltr' id='par_1_108' title="bbox 1901 4975 3462 5051">
     <span class='ocr_line' id='line_1_108' title="bbox 1901 4975 3462 5051; baseline -0.015 -3"><span class='ocrx_word' id='word_1_863' title='bbox 1901 4994 2178 5048; x_wconf 78' lang='lat' dir='ltr'>verissime</span> <span class='ocrx_word' id='word_1_864' title='bbox 2212 4990 2443 5049; x_wconf 89' lang='lat' dir='ltr'>dicatur,</span> <span class='ocrx_word' id='word_1_865' title='bbox 2474 4986 2632 5038; x_wconf 82' lang='lat' dir='ltr'>fidem</span> <span class='ocrx_word' id='word_1_866' title='bbox 2670 4990 2929 5051; x_wconf 68' lang='lat' dir='ltr'>praeterea</span> <span class='ocrx_word' id='word_1_867' title='bbox 2964 4978 3121 5031; x_wconf 89' lang='lat' dir='ltr'>nobis</span> <span class='ocrx_word' id='word_1_868' title='bbox 3160 4975 3288 5028; x_wconf 87' lang='lat' dir='ltr'>facit</span> <span class='ocrx_word' id='word_1_869' title='bbox 3335 4975 3462 5027; x_wconf 88' lang='lat' dir='ltr'>bea-</span> 
     </span>
    </p>
   </div>
   <div class='ocr_carea' id='block_1_109' title="bbox 1904 5062 3468 5141">
    <p class='ocr_par' dir='ltr' id='par_1_109' title="bbox 1904 5062 3468 5141">
     <span class='ocr_line' id='line_1_109' title="bbox 1904 5062 3468 5141; baseline -0.017 1"><span class='ocrx_word' id='word_1_870' title='bbox 1904 5098 1989 5141; x_wconf 90' lang='lat' dir='ltr'>tus</span> <span class='ocrx_word' id='word_1_871' title='bbox 2019 5082 2213 5139; x_wconf 80' lang='lat' dir='ltr'>Paulus</span> <span class='ocrx_word' id='word_1_872' title='bbox 2244 5081 2327 5133; x_wconf 90' lang='lat' dir='ltr'>his</span> <span class='ocrx_word' id='word_1_873' title='bbox 2357 5078 2467 5131; x_wconf 90' lang='lat' dir='ltr'>fere</span> <span class='ocrx_word' id='word_1_874' title='bbox 2492 5075 2669 5129; x_wconf 86' lang='lat' dir='ltr'>verbis</span> <span class='ocrx_word' id='word_1_875' title='bbox 2695 5086 2710 5125; x_wconf 91' lang='lat'><strong>:</strong></span> <span class='ocrx_word' id='word_1_876' title='bbox 2746 5088 2764 5122; x_wconf 78' lang='grc' dir='ltr'>ι</span> <span class='ocrx_word' id='word_1_877' title='bbox 2802 5072 2882 5137; x_wconf 92' lang='lat' dir='ltr'>Qu</span> <span class='ocrx_word' id='word_1_878' title='bbox 2899 5070 3080 5123; x_wconf 87' lang='lat' dir='ltr'>ouiam</span> <span class='ocrx_word' id='word_1_879' title='bbox 3122 5075 3303 5120; x_wconf 91' lang='lat' dir='ltr'>autem</span> <span class='ocrx_word' id='word_1_880' title='bbox 3333 5062 3468 5117; x_wconf 87' lang='lat' dir='ltr'>estis</span> 
     </span>
    </p>
   </div>
   <div class='ocr_carea' id='block_1_110' title="bbox 1902 5157 3464 5240">
    <p class='ocr_par' dir='ltr' id='par_1_110' title="bbox 1902 5157 3464 5240">
     <span class='ocr_line' id='line_1_110' title="bbox 1902 5157 3464 5240; baseline -0.015 -9"><span class='ocrx_word' id='word_1_881' title='bbox 1902 5178 2019 5240; x_wconf 83' lang='lat' dir='ltr'>ﬁlii,</span> <span class='ocrx_word' id='word_1_882' title='bbox 2044 5172 2190 5229; x_wconf 91' lang='lat' dir='ltr'>misit</span> <span class='ocrx_word' id='word_1_883' title='bbox 2222 5170 2369 5224; x_wconf 89' lang='lat' dir='ltr'>Deus</span> <span class='ocrx_word' id='word_1_884' title='bbox 2393 5167 2652 5234; x_wconf 87' lang='lat' dir='ltr'>Spiritum</span> <span class='ocrx_word' id='word_1_885' title='bbox 2698 5162 2814 5216; x_wconf 86' lang='lat' dir='ltr'>Filii</span> <span class='ocrx_word' id='word_1_886' title='bbox 2847 5163 2929 5215; x_wconf 92' lang='lat' dir='ltr'>sui</span> <span class='ocrx_word' id='word_1_887' title='bbox 2954 5162 3006 5213; x_wconf 89' lang='lat' dir='ltr'>in</span> <span class='ocrx_word' id='word_1_888' title='bbox 3058 5157 3225 5214; x_wconf 87' lang='lat' dir='ltr'>corda</span> <span class='ocrx_word' id='word_1_889' title='bbox 3275 5165 3464 5210; x_wconf 87' lang='lat' dir='ltr'>nostra</span> 
     </span>
    </p>
   </div>
   <div class='ocr_carea' id='block_1_111' title="bbox 1897 5245 3462 5324">
    <p class='ocr_par' dir='ltr' id='par_1_111' title="bbox 1897 5245 3462 5324">
     <span class='ocr_line' id='line_1_111' title="bbox 1897 5245 3462 5324; baseline -0.015 -2"><span class='ocrx_word' id='word_1_890' title='bbox 1897 5270 2245 5324; x_wconf 77' lang='lat' dir='ltr'>clamantem,</span> <span class='ocrx_word' id='word_1_891' title='bbox 2271 5260 2419 5315; x_wconf 82' lang='lat' dir='ltr'><strong>Abba</strong></span> <span class='ocrx_word' id='word_1_892' title='bbox 2448 5258 2605 5310; x_wconf 86' lang='lat' dir='ltr'>Pater</span> <span class='ocrx_word' id='word_1_893' title='bbox 2628 5255 2694 5309; x_wconf 84' lang='lat'>&quot;.</span> <span class='ocrx_word' id='word_1_894' title='bbox 2729 5272 2747 5304; x_wconf 72' lang='grc' dir='ltr'>ι</span> <span class='ocrx_word' id='word_1_895' title='bbox 2777 5252 2884 5306; x_wconf 87' lang='lat' dir='ltr'>Cur</span> <span class='ocrx_word' id='word_1_896' title='bbox 2917 5252 3080 5320; x_wconf 81' lang='lat' dir='ltr'>igitur</span> <span class='ocrx_word' id='word_1_897' title='bbox 3110 5245 3462 5317; x_wconf 82' lang='lat' dir='ltr'>sapientissi-</span> 
     </span>
    </p>
   </div>
   <div class='ocr_carea' id='block_1_112' title="bbox 1903 5336 3469 5422">
    <p class='ocr_par' dir='ltr' id='par_1_112' title="bbox 1903 5336 3469 5422">
     <span class='ocr_line' id='line_1_112' title="bbox 1903 5336 3469 5422; baseline -0.015 -10"><span class='ocrx_word' id='word_1_898' title='bbox 1903 5373 2043 5412; x_wconf 87' lang='lat' dir='ltr'>mam</span> <span class='ocrx_word' id='word_1_899' title='bbox 2080 5351 2532 5422; x_wconf 90' lang='lat' dir='ltr'>dispensationem</span> <span class='ocrx_word' id='word_1_900' title='bbox 2562 5361 2655 5415; x_wconf 92' lang='lat' dir='ltr'>pcr</span> <span class='ocrx_word' id='word_1_901' title='bbox 2684 5345 2789 5397; x_wconf 92' lang='lat' dir='ltr'>vim</span> <span class='ocrx_word' id='word_1_902' title='bbox 2817 5358 2882 5397; x_wconf 94' lang='lat' dir='ltr'>eo</span> <span class='ocrx_word' id='word_1_903' title='bbox 2920 5344 3235 5409; x_wconf 87' lang='lat' dir='ltr'>detorques,</span> <span class='ocrx_word' id='word_1_904' title='bbox 3278 5346 3337 5391; x_wconf 91' lang='lat' dir='ltr'>ut</span> <span class='ocrx_word' id='word_1_905' title='bbox 3370 5336 3469 5389; x_wconf 85' lang='lat' dir='ltr'>mi-</span> 
     </span>
    </p>
   </div>
   <div class='ocr_carea' id='block_1_113' title="bbox 1905 5425 3461 5510">
    <p class='ocr_par' dir='ltr' id='par_1_113' title="bbox 1905 5425 3461 5510">
     <span class='ocr_line' id='line_1_113' title="bbox 1905 5425 3461 5510; baseline -0.017 -8"><span class='ocrx_word' id='word_1_906' title='bbox 1905 5463 2003 5502; x_wconf 92' lang='lat' dir='ltr'>nus</span> <span class='ocrx_word' id='word_1_907' title='bbox 2026 5447 2278 5500; x_wconf 89' lang='lat' dir='ltr'>decenter</span> <span class='ocrx_word' id='word_1_908' title='bbox 2304 5449 2452 5510; x_wconf 89' lang='lat' dir='ltr'>gesta</span> <span class='ocrx_word' id='word_1_909' title='bbox 2493 5452 2609 5491; x_wconf 89' lang='lat' dir='ltr'>esse</span> <span class='ocrx_word' id='word_1_910' title='bbox 2636 5436 2901 5495; x_wconf 89' lang='lat' dir='ltr'>videatur,</span> <span class='ocrx_word' id='word_1_911' title='bbox 2944 5432 3071 5485; x_wconf 88' lang='lat' dir='ltr'>dum</span> <span class='ocrx_word' id='word_1_912' title='bbox 3105 5430 3240 5484; x_wconf 85' lang='lat' dir='ltr'>dicis</span> <span class='ocrx_word' id='word_1_913' title='bbox 3269 5445 3282 5481; x_wconf 90' lang='lat'><strong>:</strong></span> <span class='ocrx_word' id='word_1_914' title='bbox 3324 5425 3461 5479; x_wconf 89' lang='lat' dir='ltr'>Num</span> 
     </span>
    </p>
   </div>
   <div class='ocr_carea' id='block_1_114' title="bbox 1904 5516 3472 5594">
    <p class='ocr_par' dir='ltr' id='par_1_114' title="bbox 1904 5516 3472 5594">
     <span class='ocr_line' id='line_1_114' title="bbox 1904 5516 3472 5594; baseline -0.017 -2"><span class='ocrx_word' id='word_1_915' title='bbox 1904 5549 2088 5592; x_wconf 89' lang='lat' dir='ltr'>scmen</span> <span class='ocrx_word' id='word_1_916' title='bbox 2132 5539 2215 5585; x_wconf 90' lang='lat' dir='ltr'>est</span> <span class='ocrx_word' id='word_1_917' title='bbox 2247 5528 2517 5583; x_wconf 78' lang='lat' dir='ltr'>Abraham</span> <span class='ocrx_word' id='word_1_918' title='bbox 2554 5526 2669 5594; x_wconf 89' lang='lat' dir='ltr'>ipsa</span> <span class='ocrx_word' id='word_1_919' title='bbox 2702 5522 2995 5577; x_wconf 84' lang='lat' dir='ltr'>divinitas?</span> <span class='ocrx_word' id='word_1_920' title='bbox 3030 5536 3155 5573; x_wconf 89' lang='lat' dir='ltr'>num</span> <span class='ocrx_word' id='word_1_921' title='bbox 3193 5518 3333 5571; x_wconf 90' lang='lat' dir='ltr'>ullos</span> <span class='ocrx_word' id='word_1_922' title='bbox 3378 5516 3472 5568; x_wconf 84' lang='lat' dir='ltr'>ha-</span> 
     </span>
    </p>
   </div>
   <div class='ocr_carea' id='block_1_115' title="bbox 1367 5697 1781 5787">
    <p class='ocr_par' dir='ltr' id='par_1_115' title="bbox 1367 5720 1777 5787">
     <span class='ocr_line' id='line_1_115' title="bbox 1367 5720 1777 5787; baseline 0 -16"><span class='ocrx_word' id='word_1_923' title='bbox 1367 5723 1400 5752; x_wconf 86' lang='lat'>”</span> <span class='ocrx_word' id='word_1_924' title='bbox 1444 5720 1579 5775; x_wconf 77' lang='lat' dir='ltr'>l’sal.</span> <span class='ocrx_word' id='word_1_925' title='bbox 1613 5738 1719 5787; x_wconf 67' lang='grc' dir='ltr'>λιιι,</span> <span class='ocrx_word' id='word_1_926' title='bbox 1746 5720 1777 5771; x_wconf 62' lang='lat'>“2</span> 
     </span>
    </p>
   </div>
   <div class='ocr_carea' id='block_1_116' title="bbox 1883 5697 3471 5787">
    <p class='ocr_par' dir='ltr' id='par_1_116' title="bbox 1915 5697 3471 5777">
     <span class='ocr_line' id='line_1_116' title="bbox 1915 5697 3471 5777; baseline -0.012 -5"><span class='ocrx_word' id='word_1_927' title='bbox 1915 5719 1955 5750; x_wconf 81' lang='lat'>”</span> <span class='ocrx_word' id='word_1_928' title='bbox 1986 5716 2145 5772; x_wconf 86' lang='lat' dir='ltr'>Ilebr.</span> <span class='ocrx_word' id='word_1_929' title='bbox 2175 5730 2233 5777; x_wconf 87' lang='grc' dir='ltr'>ιι,</span> <span class='ocrx_word' id='word_1_930' title='bbox 2263 5712 2283 5765; x_wconf 85' lang='lat' dir='ltr'>l</span> <span class='ocrx_word' id='word_1_931' title='bbox 2308 5710 2355 5776; x_wconf 86' lang='grc' dir='ltr'>Ι,</span> <span class='ocrx_word' id='word_1_932' title='bbox 2390 5708 2473 5763; x_wconf 74' lang='grc'>12.</span> <span class='ocrx_word' id='word_1_933' title='bbox 2553 5707 2594 5738; x_wconf 77' lang='grc'>⁸³</span> <span class='ocrx_word' id='word_1_934' title='bbox 2624 5703 2757 5759; x_wconf 84' lang='lat' dir='ltr'>Ibid.</span> <span class='ocrx_word' id='word_1_935' title='bbox 2790 5701 2873 5756; x_wconf 73' lang='grc' dir='ltr'>Η.</span> <span class='ocrx_word' id='word_1_936' title='bbox 2952 5700 2991 5732; x_wconf 56' lang='grc' dir='ltr'>ιδ</span> <span class='ocrx_word' id='word_1_937' title='bbox 3024 5697 3174 5753; x_wconf 84' lang='lat' dir='ltr'>Joan.</span> <span class='ocrx_word' id='word_1_938' title='bbox 3204 5714 3241 5764; x_wconf 86' lang='grc' dir='ltr'>ι,</span> <span class='ocrx_word' id='word_1_939' title='bbox 3272 5698 3349 5760; x_wconf 73' lang='grc'>12,</span> <span class='ocrx_word' id='word_1_940' title='bbox 3380 5697 3471 5755; x_wconf 79' lang='grc'><strong>15.</strong></span> 
     </span>
    </p>
   </div>
  </div>
