4072 6346
603 414 704 467 19.7

1591 413 1646 468 S.
1689 411 1968 468 CYRHLI
2009 409 2473 465 ALEXANDRINI
2518 408 2834 465 ARCHIEP.

3755 411 3854 465 19.8

601 532 713 582 huit
742 527 937 582 fratres
960 526 1262 582 divinitatis
1292 525 1538 583 similes?
1569 528 1762 583 Annon
1797 529 1848 582 id
1881 539 2032 584 certe
2063 537 2177 583 stu-

2287 526 2669 587 πυνθάνεσθαι,
2704 527 2794 579 καὶ
2823 526 3177 595 ἀποκομίζειν
3210 527 3285 589 εἰς
3313 526 3638 597 δυσφημίας,
3671 525 3738 578 τά
3768 527 3854 580 οὓ-

599 640 744 708 poris
776 648 856 693 est
904 639 1267 706 apertissimi?
1303 638 1433 693 Nam
1493 641 1677 708 inepte
1724 641 2083 709 interrogare,
2119 651 2172 695 et

598 733 731 786 adeo
766 741 910 785 recta
937 741 990 784 et
1027 731 1235 800 integra
1284 730 1560 800 dogmata.
1591 734 1733 800 quod
1778 734 1844 786 ad
1896 732 2174 800 dispensa-

601 822 762 876 tionis
807 823 1074 877 rationem
1119 825 1170 876 in
1201 823 1419 876 Christo
1461 822 1861 887 intelligendam
1908 825 2166 891 pertinet,

598 919 663 969 ad
717 915 1081 984 blasphemiae
1126 917 1471 984 detorquere,
1523 917 1651 984 quid
1700 918 1846 970 aliud
1891 927 1974 971 est
2009 933 2169 984 quam

597 1023 820 1061 summa;
848 1007 1102 1062 amentiae
1131 1009 1556 1061 demonstratio?
1599 1008 1982 1062 Certissimum
2015 1008 2172 1075 quip-

598 1112 662 1164 pe
696 1107 802 1162 est,
837 1097 966 1151 illud
994 1096 1086 1150 Dei
1116 1097 1296 1152 Patris
1325 1099 1582 1160 Verbum,
1634 1098 1775 1165 quod
1809 1098 1874 1150 ad
1919 1105 2170 1152 naturam

599 1190 864 1258 corporis,
908 1191 1023 1241 sive
1055 1188 1412 1242 humanitatis
1449 1188 1704 1257 perfecta:
1744 1179 2029 1240 rationem'
2053 1187 2174 1241 atti-

605 1289 715 1341 uct,
751 1279 948 1333 factum
986 1293 1105 1334 esse
1128 1279 1300 1332 nostri
1335 1278 1532 1341 simile,
1564 1287 1618 1330 et
1649 1293 1744 1347 per
1772 1277 1951 1349 omnia
1989 1277 2174 1330 nobis-

595 1385 740 1435 cum,
772 1384 877 1423 uno
907 1379 1134 1437 excepto
1179 1377 1419 1438 peccato,
1457 1370 1801 1423 convenisse.
1845 1368 1948 1421 Sed
1985 1382 2172 1436 rogare

596 1461 725 1515 libet
749 1477 869 1515 eum
905 1462 996 1529 qui
1023 1462 1199 1515 dixit:
1232 1461 1364 1514 Num
1397 1460 1494 1514 Dei
1528 1459 1764 1514 Verbum
1810 1460 1948 1513 ullos
1983 1446 2174 1513 habuit

597 1549 790 1604 fratres
814 1549 1087 1602 divinitati
1140 1548 1393 1602 similes?
1422 1549 1681 1617 quidnam
1712 1564 1894 1603 secum
1936 1551 2049 1618 ipse
2091 1563 2175 1603 co-

596 1638 771 1703 gitans
801 1637 992 1691 beatus
1019 1636 1218 1691 Paulus
1247 1637 1466 1704 scripsit
1512 1639 1578 1690 ad
1616 1638 1876 1705 quosdam
1905 1655 1919 1690 :
1958 1656 1975 1688 ι
2011 1634 2175 1692 Filio-

596 1727 651 1790 li,
679 1741 814 1794 quos
837 1727 1032 1781 iterum
1064 1728 1326 1796 parturio,
1346 1729 1518 1782 donec
1544 1727 1797 1782 Christus
1825 1727 2092 1782 formetur
2119 1729 2170 1782 in

2273 635 2380 680 τως
2425 618 2561 688 ὀρθὰ
2604 619 2698 669 καὶ
2742 618 3061 687 ἀμωμήτως
3093 618 3314 686 ἔχοντα,
3350 619 3489 669 κατά
3523 634 3584 683 γε
3623 616 3715 668 τὸν
3758 619 3856 682 τῆς

2273 710 2331 760 ὲν
2373 708 2590 779 Χριστῷ
2641 709 2936 779 νοουμένης
2997 709 3307 778 οἰκονομίας
3348 709 3524 776 λόγον,
3574 710 3624 761 τί
3673 709 3856 778 ἕτερόν

2275 801 2440 860 ἐστιν,
2469 801 2499 869 ἢ
2527 803 2626 869 τῆς
2669 800 2894 852 ἁπασῶν
2935 800 3170 871 ἐσχάτης
3214 801 3608 870 ὲμϐροντησίας
3637 801 3856 854 ἀπόδει-

2274 893 2389 958 ξις;
2429 892 2907 960 Ὀμολογουμένως
2958 892 3057 961 μὲν
3107 892 3235 962 γὰρ,
3274 891 3413 944 κατὰ
3461 891 3558 961 τὴν
3601 890 3694 944 τοῦ
3751 891 3856 943 σώ-

2277 1000 2446 1052 ματος
2481 983 2664 1050 φύσιν,
2699 984 2812 1052 ἦτοι
2851 985 2941 1035 τὸν
2970 987 3068 1053 τῆς
3099 983 3521 1053 ὰνθρωπότητος
3556 984 3730 1050 λόγον,
3766 1001 3856 1035 τε-

2272 1073 2431 1136 λείως
2478 1073 2705 1142 ὲχούσης
2753 1075 2837 1142 ἐφ’
2877 1075 3074 1144 ἑαυτῇ,
3122 1074 3343 1142 γέγονεν
3387 1076 3517 1143 ἡμῖν
3566 1073 3858 1144 παραπλή-

2274 1180 2412 1226 σιος.
2444 1166 2535 1216 καὶ
2567 1163 2705 1215 κατὰ
2737 1165 2843 1216 πᾶν
2869 1164 3046 1216 ὁτιοῦν
3074 1163 3288 1226 ἐοικὼς,
3319 1165 3439 1233 δίχα
3475 1166 3640 1234 μόνης
3672 1167 3856 1234 ἀμαρ-

2270 1253 2391 1316 τίας
2417 1255 2445 1305 6
2480 1256 2543 1306 ὲκ
2576 1253 2709 1306 Θεοῦ
2741 1255 2954 1325 Πατρδς
2984 1255 3173 1323 Λόγος.
3213 1255 3515 1326 Ἐρήσομαι
3549 1255 3605 1308 δὲ
3643 1255 3736 1308 τὸν
3772 1256 3859 1308 λέ-

2273 1362 2459 1413 γοντα,
2478 1344 2571 1416 Μὴ
2597 1348 2660 1414 τῇ
2690 1344 2903 1414 θεότητι
2933 1346 3084 1408 τινάς
3114 1347 3142 1398 6
3164 1346 3294 1409 Θεὸς
3322 1347 3494 1414 Λόγος
3520 1347 3678 1416 ἔσχεν
3707 1347 3859 1400 ἁδελ-

2276 1437 2410 1504 φοὺς
2453 1435 2731 1498 ἐοικότας;
2763 1435 2815 1487 τί
2847 1435 2910 1506 δὴ
2947 1437 3054 1505 ἄρα
3093 1436 3213 1489 καθ’
3243 1438 3434 1490 ἑαυτὸν
3463 1437 3792 1506 ὲννενοηκὼς
3829 1439 3859 1489 6

2277 1525 2567 1595 ἱερώτατος
2608 1526 2836 1591 Παῦλος,
2873 1525 3118 1596 γέγραφέ
3155 1545 3285 1588 τισι,
3329 1547 3345 1577 ι
3376 1528 3594 1589 Τεκνία,
3628 1526 3722 1588 οὓς
3755 1530 3858 1580 πά.-

2272 1618 2356 1672 λιν
2403 1619 2594 1680 ὠδίνω,
2643 1619 2800 1689 ἄχρις
2844 1612 2905 1672 οὗ
2958 1619 3218 1689 μορφωθῇ
3270 1618 3506 1689 Χριστὸς
3553 1622 3609 1672 ὲν
3657 1620 3804 1688 ὑμῖν.
3833 1635 3851 1666 ι

2273 1711 2385 1764 Καὶ
2437 1709 2542 1780 μὴν
2578 1710 2672 1762 καὶ
2716 1709 2942 1779 ἑτέρωθι
2989 1711 3101 1771 τοῖς
3151 1709 3239 1762 διὰ
3291 1709 3527 1773 πίστεως
3562 1709 3854 1777 τελειωμέ-

597 1816 751 1870 vobis
780 1817 844 1873 ι’.
877 1835 895 1868 ι
923 1817 1061 1884 Quin
1097 1818 1258 1871 etiam
1288 1817 1412 1872 alibi
1439 1817 1749 1874 hominibus
1770 1821 1856 1889 qui
1894 1836 1989 1888 per
2014 1819 2169 1873 fidem

2280 1821 2382 1866 νοις
2431 1805 2490 1855 ἐν
2541 1804 2829 1870 πνεύματι,
2862 1821 2881 1851 ι
2905 1803 3094 1870 Ἡμεῖς
3126 1802 3181 1854 δὲ
3216 1802 3418 1865 πάντες
3470 1802 3856 1869 ἀνακεκαλυμ-

596 1906 698 1975 71
718 1905 1135 1974 perficiebantur
1156 1907 1207 1958 in
1229 1906 1419 1973 spiritu
1443 1924 1455 1959 :
1483 1924 1502 1957 ι
1532 1906 1637 1961 Nos
1661 1888 1999 1962 veroomues
2018 1923 2173 1963 reve»

2280 1895 2425 1965 μένῳ
2453 1892 2727 1964 προσώπῳ
2762 1892 2859 1963 τὴν
2903 1894 3059 1958 δόξαν
3101 1894 3304 1963 Κυρίου
3339 1894 3857 1964 κατοπτριζόμενοι.

596 1998 700 2050 lata
733 1996 871 2051 facie
904 1997 1128 2067 gloriam
1170 1997 1380 2052 Domini
1418 1999 1780 2067 speculantes,
1808 2001 1859 2052 in
1886 1999 2004 2067 ejus
2042 2000 2177 2052 ima-

594 2089 770 2156 ginem
804 2089 1257 2142 transformamur
1287 2103 1314 2142 a
1344 2089 1589 2144 claritate
1611 2091 1663 2143 in
1699 2091 2025 2156 claritatem,
2060 2101 2178 2143 tan-

592 2195 756 2249 quam
803 2195 831 2234 a
881 2179 1095 2235 Domini
1148 2181 1362 2248 spiritu.
1413 2181 1671 2236 Dominus
1722 2193 1901 2238 autem
1949 2185 2177 2251 spiritus

595 2277 723 2323 est:
764 2270 854 2324 ubi
886 2277 1068 2324 autem
1105 2271 1326 2340 spiritus
1378 2271 1609 2340 Domini,
1659 2274 1729 2328 ibi
1781 2275 2004 2329 libcrlas
2051 2277 2115 2330 ¹⁷.
2155 2295 2172 2326 ι

599 2357 734 2412 Num
772 2358 937 2428 igitur
969 2360 1084 2414 haec
1117 2360 1251 2414 dicit
1279 2360 1488 2416 Calatis
1524 2374 1778 2431 tanquam
1809 2380 2087 2434 corporeae
2117 2366 2179 2419 li-

598 2448 818 2502 bcrlalis
851 2448 1056 2505 formas
1091 2464 1198 2503 non
1234 2451 1551 2508 habentibus
1581 2453 1656 2508 illi
1686 2469 1749 2509 cx
1782 2457 1988 2512 semine
2013 2457 2179 2512 David

596 2539 889 2593 secundum
938 2555 1158 2595 carnem
1196 2541 1424 2607 similes,
1473 2543 1659 2598 illosve
1711 2548 1962 2614 parturit,
2008 2557 2066 2601 ut
2127 2549 2179 2601 in

596 2630 728 2697 ipsis
757 2631 1154 2700 quodammodo
1199 2634 1461 2704 figuretur
1491 2643 1546 2689 et
1576 2636 1845 2704 efligietur
1878 2640 2178 2693 secundum

595 2738 813 2777 carnem
837 2723 1087 2778 Christus
1110 2725 1132 2778 i
1163 2727 1325 2795 Atqui
1351 2731 1624 2798 quomodo
1649 2745 1752 2782 non
1785 2731 1962 2800 quivis
1989 2733 2180 2801 opinor

595 2825 652 2868 et
683 2815 805 2870 sine
830 2815 994 2871 dubio
1021 2817 1186 2881 dicat,
1229 2819 1540 2874 conformes
1575 2821 1674 2874 sibi
1722 2821 1868 2876 inter
1902 2839 1958 2877 se
1995 2839 2183 2879 omnes

595 2921 718 2962 esse
746 2907 839 2978 qui
871 2917 994 2962 sunt
1029 2911 1079 2964 in
1115 2912 1298 2974 terris,
1323 2921 1378 2965 et
1427 2912 1527 2980 ipsi
1561 2927 1775 2982 quoque
1809 2915 2046 2980 Christo,
2078 2933 2182 2984 qua

600 2996 772 3050 nostri
823 2998 1019 3053 similis
1072 2999 1264 3064 homo,
1321 3009 1378 3055 et
1433 3001 1713 3056 nobiseum
1770 3005 2184 3059 consideratur?

594 3086 782 3154 Qualis
796 3103 924 3159 ergo
941 3089 1189 3159 elligiatio
1206 3092 1256 3145 in
1277 3092 1382 3146 illis
1397 3093 1712 3163 exigebatur
1725 3093 1942 3148 Christo
1958 3095 2185 3150 similis?

597 3184 973 3249 autquomodo
997 3197 1094 3237 nos
1117 3198 1145 3236 a
1171 3183 1420 3238 claritate
1436 3185 1487 3236 in
1509 3184 1810 3238 claritatem
1833 3185 2186 3240 transforma-

2277 1985 2375 2053 τὴν
2405 1983 2567 2036 αὑτοῦ
2591 1984 2774 2036 εἰκόνα
2805 1983 2918 2053 (ἓθ)
2950 1981 3448 2053 μεταμορφούμεθα
3471 1981 3578 2035 ἀπὸ
3600 1981 3756 2049 δόξης
3778 1982 3859 2043 εἰς

2275 2072 2454 2139 δόξαν,
2489 2072 2737 2141 καθάπερ
2768 2071 2878 2124 ἀπὸ
2896 2073 3101 2140 Κυρίου
3135 2072 3475 2142 πνεύματος’
3504 2075 3532 2126 6
3563 2073 3620 2125 δὲ
3651 2071 3859 2140 Κύριος

2275 2165 2338 2219 τὸ
2367 2164 2581 2234 πνεῦμά
2602 2166 2747 2217 ἐστιν
2766 2181 2779 2194 ο
2806 2157 2867 2218 οὗ
2893 2164 2948 2217 δὲ
2972 2164 3033 2216 τὸ
3063 2163 3280 2233 πνεῦμα
3306 2165 3536 2235 Κυρίου,
3568 2165 3684 2217 ἐκεῖ
3706 2163 3861 2214 ἐλευ-

2278 2254 2453 2324 θερία.
2477 2251 2626 2323 »Ἆρ’
2655 2251 2748 2306 οὖν
2786 2254 2861 2317 ὠς
2899 2254 2998 2306 οὑκ
3030 2252 3211 2323 ἔχουσι
3237 2253 3503 2316 Γαλάταις
3535 2255 3632 2321 τῆς
3670 2268 3859 2321 σωμα-

2276 2345 2435 2413 τικῆς
2471 2343 2782 2416 ἐλευθερίας
2812 2345 2940 2408 τοὺς
2966 2343 3193 2406 τύπους,
3215 2343 3350 2414 πρὸς
3373 2342 3434 2396 τὸ
3459 2345 3523 2396 ἐκ
3548 2343 3860 2412 σπέρματος

2280 2435 2444 2488 Δαὸὶδ
2493 2435 2631 2487 κατὰ
2685 2435 2885 2503 σάρκα,
2917 2434 2984 2486 τὰ
3032 2434 3209 2487 τοιάδε
3264 2434 3464 2505 φησίν·
3505 2433 3752 2487 ἀνωδίνει
3802 2433 3860 2486 δὲ

2279 2527 2498 2592 αὐτοὺς,
2523 2527 2590 2587 ἶν’
2609 2524 2998 2596 ὲγχαράττοιτό
3024 2541 3141 2588 πως
3164 2524 3368 2588 αὐτοῖς,
3391 2527 3484 2579 καὶ
3503 2527 3861 2594 διαμορφοϊτο

2279 2617 2422 2673 κατὰ
2452 2616 2630 2686 σάρκα
2653 2616 2884 2685 Χριστός
2905 2631 2918 2680 ;
2953 2615 3145 2669 Καίτοι
3175 2616 3291 2677 πῶς
3311 2617 3408 2684 οὐχ
3433 2615 3577 2678 ἅπας
3595 2633 3681 2677 τις
3703 2611 3859 2685 οἶμαι

2279 2710 2376 2763 καὶ
2400 2708 2786 2779 ἀναμφιλόγως
2808 2708 2944 2777 ἐρεῖ,
2969 2706 3324 2777 συμμόρφους
3344 2706 3592 2777 ἀλλήλοις
3615 2707 3861 2767 ἅπαντας

2282 2798 2420 2855 εἶναι
2445 2802 2569 2862 τοὺς
2598 2800 2690 2851 ἐπὶ
2718 2802 2818 2867 τῆς
2841 2798 2964 2868 γῆς,
2982 2797 3076 2850 καὶ
3102 2795 3252 2863 αὑτῷ
3274 2795 3330 2849 δὲ
3352 2796 3431 2866 τῷ
3455 2794 3695 2866 Χριστῷ.
3726 2794 3862 2846 καθὸ

2283 2896 2482 2946 νοεῖται
2513 2892 2634 2944 καθ’
2659 2891 2804 2960 ἡμᾶς
2838 2889 3144 2956 ἄνθρωπος,
3177 2886 3462 2957 ἄνθρωπός
3509 2886 3618 2957 [τον.
3649 2885 3856 2956 παρέλ-

2283 2982 2391 3055 κει]
2427 3000 2484 3035 τε
2514 2983 2607 3035 καὶ
2644 2980 2761 3051 μεθ’
2797 2978 2984 3050 ἡμῶνς
3031 2978 3167 3030 Ποία
3197 2979 3260 3048 δὴ
3307 2972 3399 3031 οὖν
3428 2979 3486 3030 ὲν
3517 2977 3747 3038 ἐκείνοις
3775 2975 3861 3040 ἐξ·

2282 3077 2463 3146 ῃτεῖτο
2505 3074 2784 3142 μόρφωσις
2811 3071 2844 3139 ἡ
2877 3069 3014 3138 πρός
3042 3082 3104 3137 γε
3134 3069 3398 3138 Χριστόν;
3428 3068 3460 3137 ἦ
3504 3066 3624 3118 τίνα
3659 3065 3863 3135 τρόπον

2284 3166 2444 3234 ἡμεῖς
2485 3162 2592 3215 ἀπὸ
2637 3162 2794 3232 δόξης
2822 3163 2900 3224 εἰς
2928 3160 3084 3223 δόξαν
3122 3157 3655 3230 μεταμορφούμεθα;
3694 3155 3863 3209 Ποίαν

598 3230 689 3235 ην
710 3230 968 3249 Tm---“
998 3230 1093 3237 η--
1118 3230 1145 3236 _
1174 3230 1487 3238 --_.--_-----
1511 3230 1810 3238 --_..-_.-...
1834 3230 2057 3240 -.-πων
2075 3230 2155 3239 .....

597 3271 870 3341 mur?qua
893 3271 1078 3326 relicta
1099 3271 1296 3341 forma,
1317 3275 1549 3343 inquam
1571 3273 2021 3342 transﬁguramur
2041 3274 2061 3327 ἰ
2086 3273 2177 3328 Er-

2286 3230 2514 3323 άξρέντες
2547 3230 2783 3324 μορφὴν,
2818 3252 2896 3313 εἰς
2937 3250 3058 3303 ⁴ιτίνα
3098 3246 3685 3319 μεταστοιχειούμεθα;
3722 3245 3864 3298 Οὐκ-

597 3380 665 3433 go
697 3379 795 3418 nos
831 3363 1050 3419 divinus
1079 3363 1167 3419 ille
1191 3364 1381 3420 doctor
1408 3364 1661 3432 prodiens
1688 3365 1899 3427 doceat,
1939 3365 2027 3418 ille
2052 3365 2184 3419 divi-

598 3472 788 3510 norum
813 3457 1068 3511 sacerdos
1098 3455 1504 3527 mysteriorum,
1540 3455 1629 3510 ille
1649 3456 1836 3509 doctor
1859 3455 2095 3523 gentium
2127 3455 2183 3508 in

597 3547 703 3600 tide
730 3556 782 3600 et
805 3546 1069 3600 veritate:
1100 3563 1117 3596 ι
1147 3545 1294 3610 Quos
1310 3544 1454 3598 enim
1475 3544 1654 3605 scivit,
1681 3542 1880 3611 inquit.
1900 3550 1953 3596 et
1981 3543 2185 3610 praede-

597 3637 818 3690 stinavit
848 3635 1152 3691 conformes
1187 3633 1303 3688 fieri
1337 3634 1586 3701 imaginis
1619 3632 1737 3685 Filii
1770 3633 1873 3694 sui,
1897 3633 1994 3686 hos
2017 3641 2184 3687 etvo-

595 3729 739 3782 cavit
768 3727 833 3782 “.
856 3746 875 3780 ι
896 3726 1060 3794 Ergo,
1087 3725 1362 3778 utdudum
1390 3724 1522 3787 dixi,
1551 3738 1654 3792 qua
1685 3723 1860 3776 factus
1886 3731 1969 3776 est
2002 3722 2180 3790 homo,

599 3829 653 3872 et
695 3816 796 3872 fuit
833 3831 900 3872 ex
935 3815 1142 3870 semine
1168 3814 1466 3875 Abraham,
1500 3827 1689 3866 omnes
1722 3811 1798 3864 illi
1829 3825 2020 3865 sumus
2050 3826 2183 3866 con-

601 3910 823 3964 formes.
859 3908 1061 3961 Omnes
1097 3905 1262 3975 igitur
1284 3919 1419 3973 quos
1449 3902 1612 3956 Pater
1641 3903 1910 3971 praescivit
1939 3903 2184 3958 homines

599 4000 689 4068 qui
714 4008 837 4052 sunt
870 3997 922 4050 in
958 3996 1138 4061 terris,
1173 4003 1226 4048 et
1249 3993 1671 4062 praedestinavit,
1704 3993 1804 4047 hos
1843 4008 1964 4047 cum
1995 4006 2182 4048 vocas.

600 4102 702 4158 set,
738 4089 1096 4145 sanctilicavit
1136 4096 1192 4141 et
1229 4087 1551 4156 glorificavit
1598 4106 1612 4140 :
1667 4094 1829 4153 atque
1858 4100 1960 4138 non
1997 4098 2184 4140 omnes

599 4180 962 4251 praedestinati
997 4187 1145 4242 sunt,
1195 4193 1303 4231 non
1338 4190 1528 4231 omnes
1565 4175 1888 4231 sanctificati
1940 4184 2032 4228 aut
2065 4175 2179 4242 glo-

602 4272 829 4337 rificati;
858 4285 963 4324 non
994 4271 1154 4339 igitur
1184 4268 1287 4323 hoc
1320 4266 1496 4336 ipsum
1525 4267 1667 4336 quod
1693 4265 1830 4319 Filio
1857 4266 2169 4319 conforma-

600 4375 741 4425 mur,
761 4361 815 4414 in
833 4359 946 4414 sola
966 4357 1284 4426 intelligitur
1315 4357 1495 4411 carnis
1514 4355 1933 4410 humanitatisve
1965 4366 2178 4418 natura,

598 4452 694 4507 sed
722 4451 828 4505 alio
855 4464 1067 4519 quoque
1099 4449 1256 4503 modo
1283 4466 1296 4502 :
1329 4448 1490 4515 idque
1528 4448 1685 4502 nobis
1712 4446 1950 4500 declarat
1992 4447 2181 4500 beatus

2284 3346 2378 3400 οὖν
2407 3345 2704 3399 διδασκέτω
2741 3342 3028 3414 παρελθὼν
3067 3343 3096 3395 6
3129 3342 3271 3405 θεῖος
3307 3342 3453 3412 ἡμᾶς
3481 3337 3860 3409 μυσταγωγὸς,

2283 3440 2312 3491 6
2340 3437 2448 3490 τῶν
2481 3436 2640 3490 θείων
2670 3436 2983 3507 μυστηρίων
3011 3435 3293 3506 ἱερουργός
3315 3451 3328 3465 ο
3362 3435 3390 3486 6
3413 3431 3732 3492 διδάσκαλος
3755 3429 3865 3481 τῶν

2285 3527 2453 3580 ὲθνῶν
2481 3528 2538 3578 ἐν
2560 3527 2740 3580 πίστει
2770 3529 2863 3580 καὶ
2892 3525 3120 3597 ἀληθείᾳ
3143 3541 3156 3556 ·
3196 3544 3213 3575 ι
3242 3523 3351 3586 Οὓς
3379 3522 3487 3590 γὰρ
3517 3521 3678 3588 ἔγνω,
3701 3517 3859 3587 φησί,

2286 3620 2379 3672 καὶ
2411 3617 2683 3690 προώρισε
2719 3619 3072 3687 συμμόρφους
3110 3617 3207 3684 τῆς
3245 3614 3448 3675 εἰκόνος
3476 3611 3567 3665 τοῦ
3601 3610 3735 3663 Υίοῦ
3764 3611 3861 3663 αὐο

2283 3708 2398 3768 τοῦ,
2429 3708 2644 3771 τούτους
2691 3709 2785 3761 καὶ
2830 3707 3105 3760 ἐκάλεσεν.
3138 3724 3154 3756 ι
3191 3702 3419 3766 Οὐκοῦν,
3449 3703 3522 3764 ὡς
3572 3701 3712 3772 ἔφην
3764 3702 3866 3772 ἀρ.

2283 3799 2434 3862 τίως,
2461 3798 2596 3852 καθὸ
2627 3799 2847 3866 γέγονεν
2874 3798 3175 3867 ἄνθρωπος,
3209 3796 3300 3848 καὶ
3329 3790 3395 3864 ἦν
3430 3795 3492 3846 ὲκ
3541 3793 3866 3863 σπέρματος

2298 3890 2566 3960 Ἀϐραὰμ,
2599 3891 2908 3959 σύμμορφοι
2939 3888 3136 3951 πάντες
3161 3887 3326 3957 ἐσμὲν
3355 3885 3500 3955 αὐτῷ
3519 3902 3533 3916 ο
3564 3885 3778 3948 πάντας
3801 3885 3865 3953 δὴ

2282 3976 2375 4034 οὖν
2419 3979 2675 4051 [1σ.οὒς]
2721 3980 2818 4033 καὶ
2861 3979 3110 4050 προέγνω
3154 3978 3280 4040 τοὺς
3322 3977 3412 4029 ἐπὶ
3459 3975 3560 4044 τῆς
3593 3975 3721 4044 γῆς,
3772 3979 3868 4028 καὶ

2285 4067 2589 4141 προώρισεν
2616 4071 2645 4122 6
2685 4071 2893 4141 Πατὴρ,
2929 4071 3151 4134 τούτους
3186 4067 3487 4138 κεκληκὼς,
3522 4066 3722 4138 ήγίασε
3771 4068 3867 4119 καὶ

2283 4163 2551 4229 ἐδόξασεν.
2569 4161 2732 4215 Ἀλλὰ
2758 4163 2863 4232 μὴν
2890 4162 2985 4231 οὐχ
3009 4162 3247 4222 ἅπαντες
3273 4157 3696 4229 προωρίσθησαν
3720 4176 3733 4188 '
3762 4158 3862 4225 οὐχ

2284 4255 2521 4316 ἅπαντες
2551 4254 2915 4323 ἠγιάσθησαν,
2951 4253 2982 4322 ἢ
3021 4250 3418 4320 ὲδοξάσθησανο
3452 4249 3553 4301 οὐκ
3602 4248 3712 4316 ἄρα
3765 4249 3867 4316 τῆς

2283 4346 2420 4415 πρὸς
2453 4345 2577 4398 Υἱὸν
2621 4343 2966 4414 συμμορφίας
3012 4342 3073 4394 τὸ
3125 4343 3330 4411 χρῆμα,
3366 4339 3506 4392 κατὰ
3567 4339 3743 4407 μόνην
3800 4338 3868 4390 ἂν

2282 4439 2454 4489 νοοῖτο
2483 4435 2577 4505 τὴν
2609 4435 2706 4503 τῆς
2738 4433 2938 4503 σαρκὸς
2969 4432 3150 4500 φύσιν,
3186 4432 3350 4500 ἠγουν
3375 4429 3471 4498 τῆς
3503 4428 3870 4496 ἀνθρωπότη-

599 4541 797 4598 Paulus
828 4556 948 4595 cum
983 4540 1160 4593 dixit:
1193 4557 1212 4590 ι
1249 4538 1315 4592 Ει
1342 4538 1484 4592 sicut
1517 4538 1853 4607 portavimus
1887 4537 2174 4605 imaginem

2281 4544 2394 4589 τος,
2426 4526 2559 4579 ἀλλὰ
2610 4525 2704 4578 καὶ
2754 4524 2874 4577 καθ’
2906 4524 3090 4592 ἕτερον
3129 4521 3351 4592 τρόπον’
3405 4521 3499 4572 καὶ
3542 4519 3704 4572 τοῦτο
3731 4521 3870 4589 ἡμῖν

601 4635 821 4698 terreni,
850 4642 1126 4701 portemus
1154 4641 1206 4686 et
1231 4631 1523 4698 imaginem
1554 4631 1790 4685 caelestis
1827 4631 1902 4695 ";
1933 4649 1951 4683 ι
1977 4629 2176 4688 terreni

599 4721 848 4777 videlicet
874 4721 1161 4789 imaginem
1197 4718 1341 4771 illam
1377 4717 1536 4785 primi
1570 4718 1812 4784 parentis
1846 4716 2037 4778 Adam,
2062 4727 2176 4767 cm-

600 4815 754 4872 lestis
783 4823 981 4876 autem,
1015 4813 1158 4866 illam
1189 4809 1390 4866 Christi
1429 4810 1758 4880 lntelligens.
1804 4809 2063 4876 Quasnam
2093 4816 2178 4860 est

601 4910 763 4976 igitur
794 4906 941 4974 prior
969 4905 1056 4958 illa
1092 4903 1251 4970 primi
1283 4900 1522 4971 parentis
1552 4901 1770 4970 imago?
1802 4900 2054 4953 nimirum
2091 4898 2175 4950 fa-

603 5000 779 5056 cilitas
821 4995 905 5048 illa
949 4995 1014 5048 ad
1055 4993 1411 5062 peccandum,
1461 4991 1564 5046 hoc
1595 4993 1768 5058 ipsum
1818 4989 1959 5059 quod
2015 4988 2176 5042 morti

602 5088 1042 5156 r-orruptionique
1065 5099 1251 5140 sumus
1278 5083 1517 5138 obnoxii.
1547 5083 1676 5148 Qua:
1710 5097 1897 5136 rursus
1929 5080 2015 5134 illa
2055 5093 2172 5132 caa-

605 5179 754 5233 lestis
767 5178 792 5230 7
813 5177 956 5230 nullo
971 5177 1127 5231 modo
1142 5175 1335 5230 cedere
1352 5174 1516 5238 vitiis,
1539 5188 1645 5227 non
1666 5186 1826 5228 nosse
1843 5171 2176 5240 delinquere,

605 5285 711 5322 non
737 5282 858 5323 esse
882 5266 1040 5323 morti
1068 5276 1125 5321 et
1145 5265 1477 5334 corruptioni
1511 5263 1842 5332 subjectum,
1872 5261 2178 5316 sanctifica-

2287 4619 2582 4688 παρίστησι
2607 4617 2780 4684 λέγων
2809 4618 2837 4669 6
2870 4616 3134 4684 μακάριος
3177 4611 3386 4671 Παῦλος
3407 4627 3421 4640 ⁸
3476 4630 3493 4658 ι
3518 4611 3633 4664 Καὶ
3678 4612 3870 4675 καθὼς

2285 4707 2519 4776 ὲφορέσα
2528 4723 2625 4774 μεν
2647 4706 2744 4776 τὴν
2768 4703 2950 4756 εἰκόνα
2970 4701 3064 4753 τοῦ
3090 4699 3293 4768 χοϊκοῦ,
3316 4699 3619 4771 φορέσομεν
3647 4701 3745 4752 καὶ
3767 4701 3870 4769 τὴν

2285 4798 2468 4850 εἰκόνα
2515 4795 2608 4848 τοῦ
2643 4793 2986 4862 ἐπουρανίου.
3021 4811 3037 4841 ι
3071 4789 3268 4843 Χοῖκοῦ
3306 4790 3405 4860 μὲν
3433 4790 3610 4855 λέγων
3651 4791 3864 4851 εἰκόνα.

2285 4889 2383 4957 τὴν
2412 4885 2504 4940 τοῦ
2546 4883 2883 4952 προπάτορος
2922 4878 3089 4947 Ἀδάμ
3110 4895 3124 4908 ⁸
3157 4879 3477 4947 ἐπουρανίου
3511 4894 3575 4944 γε
3607 4877 3740 4948 μὴν,
3767 4878 3871 4948 τὴν

2283 4981 2377 5033 τοῦ
2407 4975 2663 5047 Χριστοῦ.
2694 4973 2789 5033 Τίς
2820 4966 2913 5023 οὖν
2943 4969 3130 5040 πρώτη
3161 4969 3254 5021 τοῦ
3286 4967 3630 5036 προπάτορος
3660 4969 3867 5034 είκὼν;

2287 5071 2345 5123 τὸ
2369 5068 2686 5135 εὐπόριστον
2711 5066 2789 5125 εἰς
2813 5062 3110 5132 ἁμαρτίαν,
3140 5059 3198 5110 τὸ
3219 5057 3322 5110 ὑπὸ
3345 5057 3575 5110 θάνατον
3604 5059 3870 5124 γενέσθαι

2289 5160 2380 5212 καὶ
2409 5157 2631 5226 φθοράν.
2661 5154 2794 5205 Ποία
2813 5153 2867 5204 δὲ
2899 5150 3056 5203 πάλιν
3087 5151 3119 5217 ἡ
3142 5147 3230 5200 τοῦ
3256 5148 3581 5215 ἐπουρανίου
3603 5163 3618 5210 ;
3647 5147 3711 5200 τὸ
3736 5165 3841 5200 κατ
3859 5149 3872 5169 ’

2287 5251 2476 5304 οὐδένα
2505 5247 2699 5316 τρόπον
2724 5242 2985 5312 ἡττᾶσθαι
3010 5237 3192 5291 παθῶν
3213 5253 3225 5266 ’
3251 5236 3311 5288 τὸ
3353 5236 3428 5306 μὴ
3450 5236 3651 5289 εἰδέναι
3677 5238 3871 5308 πλημ-

677 5442 720 5472 ¹⁶
756 5440 886 5495 Ibid.
919 5440 1003 5496 l9.
1082 5441 1123 5471 "
1156 5439 1195 5493 ll
1230 5440 1354 5494 Cor.
1385 5455 1467 5502 ιιι,
1499 5439 1584 5498 Π,
1615 5437 1700 5491 l8.
1779 5438 1823 5468 ⁸⁸
1853 5435 2006 5488 Rom.
2035 5441 2177 5495 vm,‘

2345 5430 2384 5459 ¹⁹
2415 5425 2430 5477 1
2462 5425 2586 5479 Cor.
2622 5438 2708 5481 xv,
2738 5420 2826 5475 6').

1868 5588 2024 5645 ANT.
2068 5583 2334 5641 AGELLII
2377 5577 2603 5634 ΝΟΤᾹΞ.

683 5728 792 5796 (ιο)
819 5727 986 5783 Cum].
1022 5731 1131 5783 fere
1155 5729 1321 5784 Gram;
1353 5729 1480 5782 Nm,
1508 5727 1832 5784 Tesmmcnu
1858 5722 2192 5796 l‘abe'1[._1rhv
2299 5718 2406 5769 tina
2457 5707 2850 5779 interpretatio,
2901 5705 2953 5757 in
2985 5703 3215 5757 eumdem
3268 5701 3550 5770 imaginem
3597 5705 3871 5770 transfor-

615 5790 788 5867 αὐτὴν
812 5799 993 5853 εἰκόνα
1027 5799 1542 5869 μεταμορφούμεθα,
1573 5816 1677 5866 qun
1707 5797 1861 5851 modo
1896 5795 2053 5849 habet
2086 5790 2182 5843 La-

2295 5803 2375 5837 ιιιη
2388 5802 2426 5834 ΡΠ
2438 5800 2463 5832 Ν
2476 5799 2514 5834 θ’.
