4072 6346
209 402 297 455 1'29
1311 395 1673 452 ADVERSUS
1714 393 2112 450 NESTORIUM
2158 394 2283 449 LIB.
2328 395 2417 449 111.

3370 391 3472 443 130

210 522 418 590 μελεῖν’
474 519 537 570 τὸ
595 519 668 588 μὴ
720 519 1037 571 ὑποκεῖσθαι
1090 518 1302 587 θανάτῳ
1354 519 1447 570 καὶ
1494 518 1701 586 φθορᾷ*
1756 520 1781 568 6

1890 516 1985 578 tio,
2026 516 2267 584 iustitia,
2297 528 2350 569 et
2400 515 2484 569 his
2517 513 2694 568 aﬂinia
2743 523 2903 581 atque
2952 511 3168 566 similia.
3208 511 3312 564 Sed
3360 514 3472 563 han:

208 609 490 677 ἁγιασμὸς,
535 610 568 676 ἠ
596 608 909 677 δικαιοσύνη
938 625 949 637 ⁸
988 610 1079 660 καὶ
1112 610 1210 660 ὅσα
1240 607 1448 669 τούτοις
1478 606 1682 671 ἀδελφά
1723 622 1779 656 τε

207 702 291 754 καὶ
323 700 699 769 παραπλήσια.
720 700 880 762 Ἀλλ’,
910 697 1083 769 οἶμαι,
1102 701 1255 753 ταυτὶ
1282 699 1555 769 πρέποιᾶν
1572 700 1636 766 τῇ
1667 697 1783 764 θείᾳ

206 813 259 846 τε
312 796 404 846 καὶ
437 793 700 862 ἀκηράτῳ
732 791 1125 860 διακεκτῆσθαι
1162 792 1341 858 φύσει.
1382 790 1642 857 Κρεῖττον
1674 788 1783 857 γάρ

206 888 316 938 ἐστι
343 884 436 938 καὶ
466 885 741 954 ἁμαρτίας
772 883 864 935 καὶ
895 882 1121 950 φθορᾶς,
1156 880 1424 948 ἁγιασμὸς
1456 879 1550 929 καὶ
1576 878 1781 929 δικαιο-

209 975 662 1044 σύνη.’Λναφέρει
699 973 755 1025 δὲ
805 973 897 1024 καὶ
948 974 1093 1040 ἡμᾶς
1133 973 1189 1023 ἐν
1224 970 1434 1031 τούτοις
1480 970 1507 1019 ὁ
1550 968 1613 1019 ἐκ
1648 966 1782 1019 Θεοῦ

209 1067 416 1137 Πατρὸς
447 1065 636 1133 Λόγος,
673 1068 769 1135 τῆς
817 1065 964 1126 θείας
1015 1063 1209 1116 ἑαυτοῦ
1241 1063 1454 1131 φύσεως
1497 1064 1785 1124 κοινωνοὺς

205 1158 516 1226 ἀποφαίνων
540 1157 627 1210 διὰ
659 1154 752 1208 τοῦ
788 1156 1097 1224 πνεύματος
1121 1170 1134 1184 ⁸
1174 1154 1286 1222 ἔχει
1314 1155 1496 1206 τοίνυν
1526 1153 1785 1220 ἀδελφοὺς

206 1250 448 1310 ἐοικότας
484 1247 654 1317 αὐτῷ,
684 1246 901 1316 καὶτῆς
926 1245 1076 1309 θείας
1107 1245 1272 1299 αὑτοῦ
1315 1246 1530 1314 φύσεως
1561 1244 1786 1313 φοροῦν-

204 1358 296 1402 τας
323 1341 531 1405 εἰκόνα,
566 1338 708 1391 κατά
743 1354 805 1406 γε
835 1338 926 1390 τὸν
959 1337 1053 1389 τοῦ
1088 1337 1349 1405 ήγιάσθαι
1375 1338 1577 1406 τρόπον
1600 1353 1613 1367 ο
1646 1335 1787 1389 οὕτω

205 1431 307 1499 γὰρ
357 1431 417 1481 ὲν
468 1431 598 1498 ἡμῖν
640 1427 943 1497 μορφοῦται
979 1429 1210 1497 Χριστὸς
1256 1425 1786 1497 μεταστοιχειοῦντος

203 1522 389 1591 ὥσπερ
432 1524 577 1590 ἡμᾶς
611 1518 701 1572 τοῦ
733 1519 891 1586 ἁγίου
925 1517 1240 1587 Πνεύματος
1269 1520 1332 1570 ἐκ
1370 1516 1478 1569 τῶν
1508 1516 1786 1586 ἀνθρωπί-

205 1632 303 1663 νων
336 1615 418 1674 ei;
446 1614 511 1664 τὰ
540 1611 732 1664 αὑτοῦ.
768 1610 949 1680 Ταύτῃ
977 1627 1057 1662 τοι
1087 1610 1179 1662 xui.
1209 1609 1344 1679 πρὸς
1371 1610 1516 1677 ἡμᾶς
1554 1608 1581 1659 6
1611 1608 1788 1675 μακά-

209 1720 315 1772 ριος
353 1702 459 1771 ἔφη
498 1701 708 1764 Παῦλος
735 1718 747 1732 ·
808 1720 825 1750 ‹
849 1701 1037 1770 ’Υμεῖς
1062 1700 1140 1766 δὲ,
1176 1700 1277 1752 οὐκ
1321 1700 1445 1752 ἐστὲ
1493 1701 1552 1751 ἐν
1604 1699 1785 1767 σαρκὶ,

204 1794 313 1847 ἀλλ’
344 1796 406 1845 ἐν
460 1794 749 1862 πνεύματι.
787 1811 803 1841 t
844 1789 1055 1845 Οὐκοῦν
1111 1791 1394 1868 μεθίστησι
1444 1790 1540 1859 μὲν
1588 1792 1615 1841 6
1663 1789 1789 1851 Υἱὸς

1890 619 2004 657 mea
2039 604 2309 656 sententia
2342 602 2643 670 possidere,
2684 602 2879 655 divinae
2910 602 3159 654 convenit
3194 599 3473 651 immorta-

1888 693 2031 760 lique
2071 702 2274 745 natum
2320 709 2333 745 :
2377 701 2460 746 est
2482 692 2627 745 enim
2666 691 2751 744 illa
2807 700 3028 759 peccato
3076 700 3239 755 atque
3281 703 3472 741 corru-

1888 786 2069 851 ptione
2094 786 2361 853 superior,
2388 784 2747 839 sanctificatio
2774 784 2900 836 item
2925 792 2976 837 et
2994 782 3227 848 justitia.
3252 781 3333 834 Ad
3358 781 3472 833 haec

1886 886 2067 927 autem
2135 891 2233 929 uos
2301 876 2406 945 72
2462 876 2623 929 etiam
2669 874 2868 927 attollit
2932 874 3105 940 ipsum
3158 872 3253 925 Dei
3301 871 3476 925 Patris

1891 964 2142 1027 Verbum,
2172 969 2297 1019 dum
2331 982 2439 1021 suae
2470 965 2666 1019 divinae
2704 977 2911 1018 natura:
2939 980 3033 1035 per
3060 965 3307 1032 Spiritum
3346 977 3473 1032 par-

1892 1056 2086 1125 ticipes
2124 1056 2288 1111 efiicit
2327 1074 2339 1110 :
2390 1058 2552 1111 habet
2584 1070 2713 1126 ergo
2756 1056 2954 1109 fratres
2997 1055 3098 1109 sibi
3145 1055 3372 1119 similes,
3419 1062 3474 1107 et

1886 1148 2080 1202 divina:
2125 1165 2237 1203 suae
2286 1160 2491 1204 natura:
2536 1160 2817 1220 portantes
2863 1149 3175 1218 imaginem,
3227 1148 3370 1217 quod
3408 1148 3472 1200 ad

1887 1242 2335 1296 sanctificationis
2367 1243 2581 1295 modum
2603 1243 2818 1296 attinet.
2854 1239 2942 1296 Sic
2969 1254 3200 1308 namque
3227 1239 3475 1293 Christus

1889 1334 2155 1388 formatur
2186 1334 2237 1387 in
2272 1334 2425 1388 nobis
2457 1335 2584 1387 dum
2621 1333 2859 1401 Spiritus
2895 1342 3116 1387 sanctus
3149 1347 3246 1385 nos
3277 1332 3342 1385 ab
3371 1332 3473 1385 hu-

1889 1425 2062 1479 manis
2109 1424 2175 1477 ad
2226 1440 2321 1479 sua
2368 1426 2584 1493 propria
2637 1422 3032 1493 quodammodo
3102 1423 3469 1476 transformat.

1890 1514 1999 1569 llac
2026 1516 2235 1570 ratione
2263 1531 2357 1569 nos
2389 1531 2602 1584 quoque
2629 1516 2818 1568 beatus
2841 1513 3040 1567 Paulus
3058 1522 3140 1567 est
3168 1513 3470 1566 allocutus:

1894 1626 1911 1658 ι
1954 1606 2059 1660 Vos
2089 1618 2269 1661 autem
2303 1622 2406 1660 non
2430 1608 2564 1661 estis
2595 1607 2647 1660 in
2678 1621 2860 1669 carne,
2907 1606 2999 1660 sed
3032 1606 3083 1659 in
3116 1605 3307 1673 spiritu
3343 1606 3405 1657 '°.
3449 1622 3467 1655 ι

1889 1696 2032 1752 Nihil
2065 1714 2194 1767 ergo
2217 1713 2441 1767 prorsus
2464 1713 2493 1752 e
2520 1700 2721 1753 creatis
2745 1698 2907 1753 rebus
2936 1699 3001 1751 ad
3034 1712 3145 1751 suae.
3175 1697 3472 1752 divinitatis

1890 1799 2137 1843 naturam
2180 1789 2347 1843 Filius
2381 1789 2660 1853 transfert,
2697 1789 2749 1843 id
2793 1790 2937 1843 enim
2974 1797 3055 1843 est
3102 1788 3469 1855 impossibile;

202 1884 349 1936 οὐδὲν
385 1883 710 1951 τοπαράπαν
742 1880 850 1933 τῶν
875 1880 1259 1949 πεποιημένων
1291 1882 1371 1940 είς
1402 1880 1498 1947 τὴν
1526 1880 1623 1947 τῆς
1654 1879 1784 1940 ἰδίας

1890 1876 1981 1930 sed
2018 1878 2346 1945 imprimitur
2380 1879 2774 1945 quodammodo
2808 1878 2859 1930 in
2900 1878 2983 1931 his
3014 1878 3106 1946 qui
3136 1878 3327 1932 divina:
3357 1878 3473 1946 ejus

204 1974 456 2043 θεότητος
480 1973 642 2039 φύσιν
663 1990 675 2002 ·
702 1973 984 2040 ἀμήχανον
1006 1970 1113 2040 γάρ
1135 1986 1148 1999 ·
1175 1969 1558 2039 ἐνσημαίνεται
1588 1969 1645 2021 δέ
1670 1986 1786 2030 πως

202 2067 307 2126 τοῖς
344 2064 444 2132 τῆς
474 2062 622 2127 θείας
651 2062 865 2130 φύσεως
896 2061 1061 2115 αὐτοῦ
1090 2062 1339 2128 γεγονόσι
1366 2062 1664 2122 κοινωνοῖς,
1699 2058 1787 2110 διὰ

201 2155 293 2209 τοῦ
325 2159 616 2225 μετασχεῖν
646 2155 803 2222 ἁγίου
832 2153 1172 2223 Πνεύματος,
1201 2155 1234 2222 ἠ
1268 2152 1401 2221 πρὸς
1427 2152 1587 2205 αὑτὸν
1621 2151 1787 2221 ἐμφέ-

204 2266 320 2318 ρεια
343 2248 533 2317 νοητὴ,
555 2250 647 2300 καὶ
670 2247 730 2299 τὸ
757 2248 852 2315 τῆς
875 2247 1116 2315 ἀρρήτου
1149 2244 1401 2313 θεότητος
1430 2243 1645 2305 κάλλος,
1668 2245 1788 2304 ταῖς

201 2338 306 2390 τῶν
358 2338 531 2404 ἁγίων
586 2337 949 2406 ὲναστράπτει
997 2335 1228 2405 ψυχαῖς·
1284 2332 1335 2383 τί
1388 2333 1563 2384 τοίνυν
1612 2335 1782 2400 ἡμῖν,

202 2431 414 2500 γυμνήν
438 2446 497 2480 τε
526 2429 614 2481 καὶ
651 2428 819 2497 μόνην
852 2426 948 2494 τῆς
980 2425 1180 2495 σαρκὸς
1205 2423 1302 2493 τὴν
1332 2421 1630 2491 ἐμφέρειαν
1656 2423 1789 2472 ἁπο-

202 2525 403 2591 νέμων,
432 2522 533 2574 οὐκ
561 2519 836 2590 ἐρυθριᾷς,
866 2517 964 2585 τῆς
1008 2515 1157 2576 θείας
1198 2529 1259 2565 τε
1304 2513 1399 2564 καὶ
1428 2512 1622 2581 νοητῆς
1654 2528 1784 2581 μορ-

203 2612 429 2678 φώσεως
462 2604 877 2676 κατημεληκὼς,
913 2602 1112 2671 μᾶλλον
1148 2601 1204 2653 δὲ
1233 2602 1324 2653 καὶ
1358 2601 1591 2653 είσάπαν
1616 2602 1786 2669 αὐτὴν

201 2701 469 2771 ἀναιρῶν;
514 2698 650 2750 Ἀλλ’
685 2698 712 2748 ό
746 2695 843 2763 μὲν
874 2688 979 2746 τῶν
1006 2692 1143 2745 ὅλων
1176 2692 1380 2763 Κύριος
1407 2693 1499 2746 καὶ
1529 2692 1660 2755 Θεὸς
1694 2710 1787 2762 μο-

202 2790 445 2858 νογενὴς,
490 2787 726 2855 καθῆκεν
772 2784 962 2836 ἑαυτὸν
1012 2785 1091 2845 εἰς
1140 2782 1366 2837 κένωσιν
1411 2783 1477 2835 δι’
1506 2785 1671 2853 ἡμᾶς,
1705 2785 1787 2836 ἵνα

198 2884 328 2951 ἡμῖν
350 2878 644 2949 χαρίσηται
667 2876 766 2946 τῆς
792 2876 926 2944 πρὸς
948 2874 1115 2928 αὑτὸν
1141 2874 1503 2945 ἀδελφότητος
1527 2875 1586 2927 τὸ
1622 2876 1786 2941 ἀξίω-

203 2989 297 3041 μα,
331 2970 430 3023 καὶ
467 2968 567 3038 τῆς
601 2968 827 3038 ἐνούσης
869 2965 1018 3035 αὐτῷ
1063 2966 1343 3033 εὐγενείας
1375 2968 1436 3018 τὸ
1466 2964 1786 3038 ἀξιέραστον

202 3062 427 3125 κάλλος·
471 3063 499 3113 6
527 3062 582 3114 δὲ
619 3061 873 3114 ἁπάντων
903 3059 1050 3127 ἡμᾶς
1073 3058 1180 3111 τῶν
1216 3058 1515 3111 καλλίστων
1557 3062 1786 3112 ἀποστε-

203 3153 328 3225 ρῶν,
354 3152 645 3223 ἄνθρωπον
668 3152 799 3220 ἡμῖν
823 3148 1008 3210 ἁπλῶς
1029 3148 1255 3215 ἀδελφὸν
1278 3148 1605 3217 γεγενῆσθαί
1630 3166 1781 3217 φησι,

199 3247 290 3298 καὶ
320 3244 515 3298 πιστὸν
561 3243 637 3304 ὠς
683 3240 876 3302 οἴεται,
904 3239 996 3290 τὸν
1040 3238 1096 3290 ἐν
1142 3255 1203 3305 γε
1238 3238 1448 3299 τούτοις
1482 3240 1613 3307 ἡμῖν
1647 3240 1783 3289 ἀπο-

200 3338 378 3403 φαίνει
409 3335 572 3400 λόγον
596 3332 906 3402 προστιθείς
927 3348 938 3361 ·
966 3331 1163 3383 Σκόπει
1186 3330 1360 3383 καὶτὸ
1387 3330 1595 3393 τούτοις
1626 3330 1786 3394 εὐθὺς

199 3426 629 3494 συναπτόμενον,
688 3424 838 3476 «Ἵνα
876 3423 1124 3493 ἐλεήμων
1176 3421 1398 3490 γένηται
1448 3422 1541 3475 καὶ
1598 3422 1789 3485 πιστὸς

207 3517 527 3587 Ἀρχιερεὺς
570 3514 639 3567 τὰ
682 3514 819 3585 πρὸς
849 3514 940 3566 τὸν
974 3514 1134 3566 Θεόν’
1184 3515 1241 3565 ἐν
1277 3507 1321 3580 ᾧ
1363 3513 1472 3584 γὰρ
1522 3514 1788 3567 πέπονθεν

195 3612 355 3673 αὐτὸς
382 3607 726 3679 πειρασθείς,
761 3606 986 3661 δύναται
1009 3609 1121 3669 τοῖς
1151 3606 1564 3676 πειραζομένοις
1592 3606 1787 3676 βοηθῆο

198 3720 305 3757 σαι.
340 3721 358 3753 ι
399 3700 614 3754 Οὐκοῦν
636 3701 663 3752 6
691 3698 875 3751 παθὼν
911 3699 1201 3769 ἀρχιερεὺς
1238 3698 1513 3767 ἐλεήμων·
1545 3697 1784 3765 παθητὸς

194 3796 247 3847 δὲ
279 3798 307 3847 ὁ
339 3792 494 3858 ναὸς,
526 3793 625 3861 οὐχ
662 3792 689 3843 6
723 3791 985 3854 ζωοποιὸς
1013 3788 1105 3841 τοῦ
1141 3789 1470 3851 πεπονθότος
1497 3787 1783 3851 Θεός.”οτι

199 3888 295 3956 μὲν
322 3884 418 3941 οὖν
443 3881 549 3939 ὧδὲ
575 3903 633 3938 τε
670 3888 887 3955 φρονεῖν
914 3885 1211 3955 ᾑρημένος,
1234 3886 1327 3937 καὶ
1356 3885 1461 3955 μὴν
1482 3876 1583 3939 καὶ
1607 3885 1785 3951 λέγειν

195 3979 545 4047 ἀποτολμῶν,
580 3976 953 4045 ἀποδιῖστησιν
1005 3974 1166 4028 πάλιν
1215 3976 1292 4036 εῐς
1351 3993 1410 4027 τε
1460 3976 1787 4038 ὑποστάσεις

200 4070 393 4134 ίδικὰς,
428 4068 525 4121 καὶ
559 4070 665 4137 μὴν
708 4068 801 4120 καὶ
844 4066 1109 4136 πρόσωπα
1157 4066 1269 4126 δύο,
1302 4067 1395 4117 τόν
1439 4083 1497 4116 τε
1543 4067 1607 4117 ἐκ
1653 4064 1784 4117 Θεοῦ

198 4162 413 4232 ῐιατρὸς
440 4160 636 4227 Λόγον,
670 4160 764 4212 καὶ
786 4158 843 4210 ὃν
862 4159 991 4227 ἡμῖν
1018 4156 1177 4219 αὐτὸς
1206 4157 1407 4225 ἀρτίως
1430 4155 1503 4217 ὡς
1533 4156 1787 4224 θεοφόρον

196 4253 552 4321 εἰσκεκόμικε
578 4249 883 4320 ἄνθρωπον,
909 4247 1066 4319 εἴπερ
1091 4250 1242 4301 ἐστιν
1266 4248 1450 4318 ἕτερός
1483 4264 1539 4300 τε
1571 4249 1662 4300 καὶ
1684 4247 1787 4299 ἀνά

198 4344 362 4415 μέρος
397 4345 427 4397 6
470 4341 682 4404 παθὼν,
715 4342 809 4393 καὶ
845 4340 1032 4409 ἕτερος
1076 4342 1104 4393 ό
1157 4339 1439 4402 ξωοποιὸς,
1487 4338 1785 4391 ἐνδοιάσειν

196 4429 348 4501 οἶμαι
402 4429 687 4492 παντελῶς
719 4429 928 4482 οὐδένα.
961 4429 1270 4501 ῐΙαραπαίει
1312 4428 1369 4481 δὲ
1416 4429 1507 4481 καὶ
1559 4430 1782 4497 ἑτέρως,

1894 1976 2100 2019 natura:
2132 1976 2260 2020 sunt
2296 1967 2417 2020 facti
2456 1968 2747 2034 participes
2776 1968 2840 2029 ",
2878 1968 3004 2019 dum
3034 1966 3267 2036 Spiritus
3298 1970 3469 2021 sancti

1891 2067 2177 2111 consortes
2231 2057 2388 2119 fiunt,
2444 2058 2531 2109 illa
2565 2057 2824 2124 spiritalis
2871 2056 2987 2125 ejus
3040 2058 3360 2125 similitudo,
3418 2070 3473 2113 et

1891 2146 2178 2203 ineffahiiis
2202 2148 2289 2202 illa
2321 2148 2627 2203 divinitatis
2656 2150 2861 2217 species
2895 2150 2948 2203 in
2985 2162 3297 2205 sanctorum
3332 2152 3475 2206 viro-

1893 2253 2009 2291 rum
2040 2238 2236 2292 animis
2258 2237 2442 2307 fulget.
2472 2237 2581 2291 Cur
2614 2238 2778 2307 igitur
2808 2242 3005 2293 nudam
3041 2240 3199 2295 nobis
3219 2256 3282 2296 ac
3304 2243 3473 2296 solam

1889 2330 2067 2382 carnis
2104 2329 2515 2383 similitudinem
2550 2330 2788 2384 tribuere
2834 2345 2938 2384 non
2971 2332 3265 2397 erubescis,
3295 2333 3472 2388 divina

1890 2433 1951 2472 ac
1998 2420 2224 2487 Spiritaii
2269 2421 2593 2490 efﬁgiatione
2656 2423 2921 2492 neglecta,
2986 2426 3095 2481 imo
3144 2442 3269 2481 vero
3309 2428 3471 2483 etiam

1889 2512 2110 2565 omnino
2159 2512 2408 2566 sublata?
2460 2515 2634 2583 Atque
2685 2515 2772 2569 ille
2828 2516 3043 2584 quidem
3098 2519 3471 2574 universorum

1892 2602 2150 2657 Dominus
2197 2611 2251 2656 et
2293 2601 2437 2657 Deus
2484 2605 2821 2674 unigenitus,
2866 2608 3214 2677 semetipsum
3259 2622 3478 2680 propter

1893 2711 1988 2749 nos
2020 2697 2086 2748 ad
2119 2695 2545 2751 exinanitiouem
2576 2697 2811 2761 demisit,
2839 2706 2897 2752 ut
2934 2699 3091 2753 nobis
3114 2699 3476 2757 fraternitatis

1890 2802 2001 2841 suae
2042 2787 2385 2856 dignitatem,
2422 2798 2475 2843 et
2522 2788 2699 2843 insita:
2744 2790 2844 2844 sibi
2888 2791 3188 2847 nobilitatis
3215 2803 3477 2863 exoptan-

1890 2880 2011 2933 dam
2050 2879 2505 2949 pulchritudinem
2549 2878 2841 2949 largiretur
2877 2898 2890 2933 :
2932 2881 3021 2935 hic
3068 2896 3197 2936 vero
3225 2884 3477 2939 omnibus

1891 2987 1989 3026 nos
2021 2973 2183 3026 rebus
2228 2972 2661 3040 praeclarissimis
2703 2972 2958 3041 spolians,
3007 2974 3280 3029 hominem
3325 2977 3478 3030 nobis

1888 3062 2188 3131 simplicem
2223 3062 2421 3115 factum
2444 3078 2566 3117 esse
2596 3062 2819 3116 fratrem
2850 3063 3004 3131 dicit,
3032 3073 3085 3117 et
3106 3064 3207 3119 fide
3235 3066 3474 3135 dignam,

1889 3163 1948 3206 ut
1996 3154 2110 3221 ipse
2152 3161 2323 3221 putat,
2374 3152 2458 3207 his
2493 3153 2559 3207 de
2614 3154 2775 3208 rebus
2827 3155 3094 3210 rationem
3142 3158 3473 3224 pronuntiat,

1888 3244 2089 3297 addens
2126 3262 2136 3297 :
2176 3242 2311 3297 Vide
2338 3245 2501 3298 etiam
2529 3245 2670 3312 quod
2697 3246 2840 3299 illico
2870 3246 2952 3301 his
2991 3247 3321 3316 adiungitur,
3349 3268 3366 3300 ‹
3398 3251 3467 3303 Ut

1888 3335 2196 3391 misericors
2224 3334 2460 3399 fieret,et
2490 3335 2665 3390 fidelis
2689 3335 2936 3391 Pontifex
2974 3342 3040 3391 ad
3078 3339 3244 3393 Deum
3284 3358 3296 3393 :
3332 3341 3383 3395 in
3411 3356 3477 3395 eo

1887 3426 2030 3479 enim
2073 3428 2125 3479 in
2173 3441 2279 3495 quo
2330 3442 2520 3496 passus
2553 3437 2637 3484 est
2683 3429 2798 3499 ipse
2845 3438 3103 3494 tentatus,
3159 3442 3347 3499 potens
3393 3444 3478 3487 est

1887 3517 2037 3572 eteis
2058 3520 2148 3586 qui
2171 3526 2468 3584 tentantur,
2498 3521 2751 3574 auxiliari
2775 3523 2840 3575 η.
2872 3540 2891 3574 ι
2919 3520 3060 3593 Ergo
3092 3524 3136 3579 is
3163 3524 3254 3591 qui
3284 3538 3475 3593 passus

1886 3619 1989 3675 est,
2044 3609 2293 3665 Pontifex
2344 3620 2426 3665 est
2477 3610 2565 3665 ille
2614 3612 2925 3667 misericors
2974 3615 3244 3680 :patihile
3295 3623 3473 3668 autem

1887 3700 2063 3769 ipsum
2104 3701 2357 3770 templum
2413 3715 2518 3766 εει,
2571 3718 2676 3756 non
2724 3702 2868 3759 Deus
2914 3704 3004 3773 qui
3055 3704 3370 3760 vivificabat
3420 3707 3476 3759 id

1888 3794 2028 3858 quod
2066 3792 2394 3860 patiebatur.
2433 3792 2602 3861 Igitur
2632 3795 2717 3847 cui
2751 3795 2832 3848 sic
2866 3796 3069 3850 sentire
3108 3796 3274 3850 libeat
3315 3809 3479 3866 atque

1888 3882 2048 3936 etiam
2079 3884 2257 3936 dicere
2283 3884 2498 3945 audeat,
2531 3885 2661 3951 quin
2704 3900 2890 3940 rursus
2917 3886 2966 3939 in
2998 3886 3315 3955 hypostases
3346 3904 3474 3958 pro-

1888 3974 2053 4039 prias,
2092 3983 2254 4042 atque
2284 3974 2447 4028 etiam
2474 3975 2525 4027 in
2552 3975 2686 4030 duas
2720 3991 2979 4044 personas
3013 3979 3216 4031 dividat
3249 3979 3374 4033 illud
3405 3996 3472 4034 ex

1891 4064 1998 4119 Deo
2033 4064 2191 4118 Patre
2227 4066 2486 4131 Verbum,
2518 4077 2571 4120 et
2618 4068 2763 4119 illum
2794 4084 2953 4135 quem
3000 4071 3154 4124 nobis
3185 4070 3384 4125 dudum
3419 4083 3475 4124 ut

1890 4147 2149 4209 deiferutn
2180 4156 2452 4210 hominem
2497 4158 2701 4212 induxit
2751 4158 3055 4230 (siquidem
3104 4163 3350 4217 diversus
3392 4174 3475 4218 est

1891 4254 1944 4299 et
1974 4246 2254 4314 sejunctas
2288 4247 2335 4301 is
2379 4248 2469 4315 qui
2516 4240 2708 4317 passus
2730 4258 2831 4313 est,
2864 4250 2931 4304 ab
2956 4266 3020 4305 eo
3050 4252 3139 4319 qui
3176 4253 3472 4323 vivificat),

1890 4338 1977 4405 qui
2015 4339 2249 4407 ambigat
2282 4340 2554 4392 neminem
2593 4355 2814 4408 prorsus
2846 4341 2961 4396 fore
2992 4343 3248 4397 arbitror.
3284 4343 3387 4399 Sed
3419 4355 3471 4399 et

1888 4430 1991 4481 alia
2034 4444 2246 4498 quoque
2280 4432 2489 4485 ratione
2530 4432 2749 4495 insanit,
2795 4434 2986 4487 hausto
3015 4448 3080 4488 ex
3112 4435 3263 4490 vinea
3302 4437 3473 4492 Sodo-

196 4523 285 4577 τὸν
317 4518 378 4588 ἐξ
405 4520 660 4592 ἀμπέλου
691 4519 941 4589 Σοδόμων
969 4514 1109 4573 οῐνον
1152 4518 1512 4581 ἐκπεπωκὼς,
1544 4518 1638 4571 καὶ
1686 4536 1784 4572 κα-

1891 4535 2099 4573 mormn
2134 4522 2277 4583 riuo,
2310 4531 2364 4575 et
2412 4523 2619 4575 erroris
2663 4524 2929 4578 ebrietate
2978 4527 3218 4591 madens,
3260 4542 3322 4582 ac
3361 4527 3471 4582 for-

196 4616 490 4687 ταμεθύων
633 4613 829 4685 πλάνῃ,
862 4614 957 4666 καὶ
989 4614 1131 4682 τάχα
1162 4629 1264 4664 που
1298 4612 1428 4681 μηδὲ
1463 4610 1618 4674 εἰδὼς
1643 4612 1670 4663 ὃ
1700 4612 1780 4664 λέ-

194 4724 277 4774 γει
299 4725 311 4737 ·
348 4705 459 4759 ποῦ
488 4705 597 4777 γὰρ
628 4703 943 4773 ὠνόμασται
972 4706 1099 4767 Θεὸς
1132 4702 1225 4755 τοῦ
1256 4703 1512 4771 Χριστοῦ,
1548 4705 1785 4757 καταπέ-

195 4816 365 4869 ψρικα
397 4798 457 4850 δὲ
486 4796 683 4864 λέγων,
715 4798 744 4848 ὁ
775 4796 839 4848 ἐκ
880 4794 1016 4847 Θεοῦ
1052 4796 1261 4865 Πατρὸς
1297 4796 1463 4862 Λόγο,
1490 4812 1503 4859 ;
1556 4790 1647 4853 Εἷς
1674 4794 1783 4865 γὰρ

196 4892 399 4962 Κύριος
435 4886 648 4959 Ἰησοῦς
677 4886 936 4956 Χριστὸς,
960 4887 1054 4939 καὶ
1086 4886 1185 4956 μία
1214 4888 1444 4956 πίστιςή
1475 4888 1553 4949 εἰς
1581 4887 1743 4939 αὐτόν
1765 4904 1776 4915 ·

191 4981 284 5049 οὐχ
307 4981 385 5042 ὡς
418 4979 503 5039 εἰς
528 4975 621 5028 δύο
650 4979 741 5027 καὶ
765 4975 868 5027 ἀνὰ
894 4976 1079 5045 μέρος,
1108 4976 1220 5028 ἀλλ’
1248 4977 1322 5038 ὡς
1346 4976 1413 5027 δι’
1437 4977 1553 5039 ἐνὸς
1592 4976 1782 5045 βαπτί-

196 5086 422 5141 σματος,
459 5070 544 5131 είς
581 5066 708 5118 Υίὸν
755 5066 850 5119 ἕνα
900 5067 994 5118 καὶ
1044 5067 1175 5119 Θεὸν
1223 5069 1317 5119 καὶ
1350 5067 1553 5137 Κύριον
1597 5067 1688 5119 τὸν
1719 5068 1783 5119 ἐκ

192 5161 326 5214 Θεοῦ
378 5156 601 5227 Πατρὸς
647 5157 842 5223 Λόγον,
875 5156 969 5210 καὶ
998 5159 1086 5209 ὅτε
1118 5158 1336 5225 γέγονεν
1369 5158 1652 5229 ἄνθρωπος
1673 5173 1684 5185 ·
1720 5159 1781 5209 οὐ

192 5254 297 5324 γὰρ
342 5254 428 5307 ὅτι
476 5252 670 5317 γέγονε
715 5249 837 5301 καθ’
865 5251 1034 5319 ἡμᾶς,
1066 5250 1126 5301 τὸ
1174 5245 1312 5302 εἶναι
1355 5249 1487 5311 Θεὸς
1529 5250 1781 5301 ἀπολέσει

192 5344 356 5397 ποθέν
376 5359 389 5372 ο
426 5342 559 5395 οὔτε
592 5341 699 5412 μὴν
727 5341 808 5393 ὅτι
833 5338 964 5402 Θεὸς
1011 5339 1151 5392 κατά
1193 5340 1354 5407 φύσιν
1387 5341 1554 5401 ἐστὶν,
1588 5341 1784 5409 ὁμοίω-

196 5450 277 5487 σιν
310 5431 703 5504 ἀπαράδεκτον
739 5430 869 5501 ἔχει,
905 5432 999 5483 καὶ
1049 5431 1120 5482 τὸ.
1159 5430 1443 5499 ἄνθρωπος
1475 5425 1614 5482 εἶναι
1646 5446 1787 5500 παρ-

196 5528 479 5594 αιτήσεται
511 5542 522 5553 ·
596 5522 870 5591 μεμένηκε
919 5522 1012 5585 δὲ,
1062 5520 1251 5591 ὥσπερ
1299 5523 1355 5573 ἐν
1409 5521 1783 5591 ἀνθρωπότητι

196 5617 343 5681 Θεὸς,
376 5617 528 5669 οὕτω
554 5612 643 5665 καὶ
673 5614 729 5663 ἐν
760 5612 917 5679 φύσει
947 5629 1003 5663 τε
1033 5612 1127 5663 καὶ
1157 5613 1395 5682 ὑπεροχῇ
1418 5610 1666 5680 θεότητος
1689 5610 1782 5675 ὣν,

1892 4624 2035 4667 tassc
2079 4614 2207 4667 illttd
2261 4614 2433 4682 ipsum
2477 4615 2619 4682 quod
2668 4614 2801 4667 dicit
2852 4616 3115 4669 nesciens.
3176 4615 3275 4671 Ubi
3324 4620 3471 4671 enim

1890 4720 2125 4771 unquam
2164 4703 2368 4757 dictum
2402 4714 2503 4768 est,
2536 4703 2675 4758 Deus
2702 4705 2899 4759 Christi
2929 4705 3158 4773 (horreo
3192 4707 3468 4777 referens)

1889 4794 2062 4861 ipsum
2100 4793 2190 4847 Dei
2224 4792 2397 4847 Patris
2422 4794 2700 4848 Verbum?
2733 4792 2883 4849 Unus
2914 4808 2996 4849 est
3028 4796 3173 4849 enim
3210 4796 3471 4853 Dominus

1884 4884 2040 4940 Jesus
2068 4884 2337 4949 Christus,
2375 4896 2429 4939 et
2459 4902 2562 4938 una
2593 4896 2675 4939 cst
2706 4887 2757 4939 in
2790 4902 2913 4941 eum
2952 4887 3083 4941 fides
3112 4887 3180 4952 ”,
3208 4903 3312 4941 non
3344 4898 3466 4943 tau-

1887 4991 2048 5043 quam
2084 4977 2135 5029 in
2165 4977 2300 5030 duos
2328 4992 2391 5029 ac
2431 4979 2679 5041 seorsim,
2718 4978 2812 5032 sed
2863 4986 3116 5047 tanquam
3160 4993 3256 5047 per
3298 4994 3465 5034 unum

1890 5069 2211 5133 baptismum
2259 5067 2309 5119 in
2358 5065 2462 5135 73
2500 5083 2663 5119 unum
2712 5067 2905 5121 Filium
2959 5079 3013 5122 et
3060 5071 3223 5123 Deum
3264 5080 3318 5126 et
3365 5073 3469 5127 Do-

1892 5159 2117 5217 minum,
2166 5158 2339 5224 ipsum
2388 5173 2451 5211 ex
2502 5157 2612 5211 Deo
2655 5157 2815 5212 Patre
2867 5159 3132 5226 Verbum,
3182 5170 3289 5216 tum
3332 5179 3467 5232 quo-

1889 5264 1993 5316 que
2029 5264 2151 5303 cum
2196 5250 2397 5303 factum
2445 5259 2529 5304 est
2564 5252 2724 5305 homo
2758 5269 2771 5304 τ
2807 5268 2982 5322 neque
3022 5256 3167 5307 enim
3208 5257 3333 5323 quia
3379 5273 3468 5310 no-

1890 5341 1985 5392 stri
2032 5340 2224 5393 similis
2281 5340 2452 5393 factus
2494 5350 2613 5405 est,
2669 5343 2881 5398 amittet
2932 5344 3039 5397 ullo
3100 5348 3258 5401 modo
3322 5351 3465 5416 quod

1891 5429 2033 5483 Deus
2078 5442 2214 5495 erat,
2265 5447 2438 5500 neque
2475 5447 2537 5486 ex
2572 5449 2637 5487 eo
2684 5437 2824 5501 quod
2856 5434 2997 5489 Deus
3042 5448 3125 5490 est
3168 5442 3465 5493 secundum

1894 5533 2142 5576 naturam
2196 5524 2600 5580 similitudinem
2650 5528 2795 5583 nullo
2844 5528 3005 5583 modo
3045 5529 3289 5597 suscipit,
3323 5541 3377 5584 et
3411 5541 3469 5585 ut

1898 5616 2058 5668 homo
2110 5615 2178 5669 sit
2232 5614 2494 5684 refugiet;
2552 5616 2643 5672 sed
2704 5628 2758 5671 ut
2816 5619 2865 5673 in
2924 5620 3257 5674 humanitate
3324 5620 3468 5677 Deus

270 5800 313 5829 ”
348 5796 509 5850 ιιοω.
540 5808 659 5859 vni,
688 5795 739 5849 9.
819 5794 861 5824 ἰ
897 5789 942 5844 11
975 5788 1129 5846 Petr.
1160 5807 1196 5856 t,
1225 5791 1278 5845 4.
1356 5793 1397 5821 "
1437 5791 1595 5847 llebr.
1628 5791 1801 5860 ",17,
1833 5792 1912 5846 18.
1992 5791 2036 5821 ’³
2066 5790 2343 5861 Ephes._iv
2394 5792 2427 5845 5
