4072 6346
601 381 698 440 131

1634 386 1692 440 S.
1733 383 2006 440 CYRILLI
2046 380 2518 438 ALEXANDRINI
2557 383 2876 441 ABCHIEP.
3755 380 3850 435 I39.

600 507 816 573 mansit,
837 507 919 562 sic
947 507 998 562 in
1019 516 1206 561 natura
1229 520 1443 575 quoque
1471 517 1521 561 et
1549 507 1859 576 prmstantia
1886 505 2180 561 divinitatis

2288 505 2564 575 ἅνθρωπος
2595 507 2747 559 οὐδὲν
2770 502 2931 578 ἧττόν
2958 506 3333 575 ὲστιν.¹¹Δμφω
3355 504 3418 575 δὴ
3440 499 3533 556 οῦν
3560 504 3618 555 ἐν
3651 501 3846 570 ταύτῷ,

602 597 770 652 nihilo
801 599 979 653 minus
1013 607 1096 652 est
1128 597 1305 652 homo.
1343 597 1644 666 Utrumque
1684 597 1848 667 igitur
1875 598 1928 650 in
1965 598 2178 661 eodem,

601 697 654 742 et
694 703 833 741 unus
859 688 1109 757 idemque
1133 686 1278 743 Deus
1312 697 1366 743 et
1395 690 1558 742 homo
1595 697 1678 743 est
1717 688 2048 742 Emmanuel.
2078 685 2184 741 Sed

604 777 706 832 iste
736 778 907 832 bonus
929 780 1030 846 vir,
1064 779 1261 847 rejecto
1292 780 1712 850 dispensationis
1743 780 1900 832 modo
1928 787 2182 846 tanquam

603 884 791 939 parum
828 870 1073 939 pulchro,
1111 875 1287 925 aufert
1321 886 1350 925 a
1398 873 1506 926 Deo
1551 870 1722 925 Verbo
1759 885 1877 939 qua:
1918 881 2042 924 sunt
2088 868 2185 922 hu-

605 975 784 1023 mana,
820 969 878 1014 ut
905 960 1017 1027 jam
1045 961 1189 1015 nulla
1214 977 1278 1015 ex
1303 969 1457 1031 parte
1487 961 1651 1038 rebus
1682 961 1880 1015 nostris
1903 961 2184 1014 utilitatem

602 1050 833 1121 aliquam
853 1053 1098 1108 attulisse
1119 1063 1390 1108 cernatur.
1424 1053 1538 1108 Non
1576 1053 1743 1118 enim,
1776 1053 1972 1122 inquit,
2010 1054 2182 1122 ipsum

605 1145 771 1202 luisse
806 1147 1216 1202 misericordem
1244 1155 1298 1203 et
1329 1147 1540 1202 lldelem
1574 1145 1882 1217 pontiﬁcem
1917 1146 2069 1209 dicit,
2106 1143 2185 1198 id-

602 1250 706 1306 que
749 1251 945 1291 munus
977 1252 1135 1305 passo
1180 1238 1360 1304 potius
1393 1237 1582 1290 tribuit
1627 1247 1879 1305 tanquam
1921 1234 1988 1288 ab
2013 1249 2078 1290 eo
2105 1233 2186 1287 di-

604 1341 780 1380 verso.
818 1326 1074 1392 Quamvis
1117 1328 1206 1396 qui
1256 1327 1640 1398 mysteriorum
1673 1327 1890 1396 sapiens
1922 1339 2040 1379 esse
2069 1339 2186 1378 ma-

608 1416 783 1483 gister
813 1416 961 1482 velit,
1013 1416 1281 1483 quomodo
1315 1431 1418 1470 non
1466 1430 1588 1469 eum
1634 1415 1872 1484 oportuit
1921 1428 2078 1468 voces
2124 1427 2186 1468 ac

603 1506 904 1559 sententias
937 1521 1214 1560 sacrarum
1249 1505 1574 1561 Litterarum
1620 1513 1878 1559 accurate
1907 1505 2181 1574 colligere,

603 1605 767 1665 atque
799 1599 1041 1667 cogitare
1069 1612 1198 1654 vere
1242 1611 1364 1653 esse
1399 1598 1507 1651 Deo
1554 1597 1771 1667 dignum
1823 1597 1925 1651 hoc
1969 1611 2182 1660 munus,

604 1700 659 1745 et
694 1707 798 1745 non
835 1691 1066 1746 alienum
1100 1707 1129 1744 a
1157 1692 1369 1746 ratione
1392 1706 1511 1760 quae
1537 1691 1654 1758 ejus
1674 1688 2026 1743 exinanitioni
2054 1701 2184 1743 con-

603 1781 772 1846 venit,
800 1797 1027 1851 eamque
1060 1782 1252 1836 decet?
1283 1782 1334 1835 ld
1371 1797 1476 1850 qua
1506 1781 1713 1834 ratione
1747 1792 1932 1832 verum
1961 1779 2181 1848 sit,jam

2287 597 2378 647 καὶ
2403 591 2482 658 εἷς
2508 613 2567 648 τε
2597 597 2727 660 Θεὸς
2761 599 2852 650 καὶ
2881 597 3165 668 ἄνθρωπος
3210 598 3238 648 ὁ
3277 594 3641 664 Ἐμμανουήλ.
3661 592 3796 644 Ἀλλ’
3824 592 3851 643 6

2285 689 2519 759 χρηστὸς
2545 691 2723 741 οὐτοσὶ
2751 693 2849 761 τῆς
2878 691 3188 760 οἰκονομίας
3215 690 3303 742 τὸν
3327 689 3521 759 τρόπον
3545 687 3618 750 ὼς
3645 685 3850 754 ἀκαλλῆ

2284 780 2741 850 παραιτούμενος,
2775 782 3039 851 ἀποφέρει
3062 783 3156 834 τοῦ
3187 781 3321 834 Θεοῦ
3351 780 3523 847 Λόγου
3549 779 3616 830 τά
3649 776 3853 846 ἀνθρώ-

2285 888 2432 936 πινα,
2466 871 2530 924 ἵν’
2561 871 2732 942 ὁρῷτο
2765 872 2947 926 λοιπὸν
2980 873 3101 926 κατ’
3124 872 3312 925 οὐδένα
3336 872 3535 941 τρόπον
3567 869 3764 938 ὀνήσας
3788 866 3854 918 τά

2284 961 2403 1014 καθ’
2434 964 2600 1032 ἡμᾶς.
2634 965 2707 1016 Οὐ
2742 964 2850 1034 γάρ
2875 965 2957 1016 τοί
2999 980 3162 1034 φησιν
3193 963 3354 1016 αὐτὸν
3379 961 3644 1031 ἐλεήμονά
3670 975 3729 1011 τε
3761 958 3853 1011 xui

2285 1054 2471 1106 πιστὸν
2512 1055 2772 1124 ἀρχιερέα
2798 1056 3050 1123 γενέσθαι
3075 1070 3088 1084 ο
3119 1053 3414 1125 προσνέμει
3451 1051 3508 1105 δὲ
3549 1050 3747 1121 μᾶλλον
3779 1049 3854 1111 ὡς

2282 1144 2452 1214 ἑτέρῳ
2502 1145 2631 1215 παρ’
2664 1146 2822 1199 αὐτὸν
2869 1145 2930 1198 τὸ
2980 1149 3166 1215 χρῆμα
3208 1143 3284 1214 τῷ
3318 1141 3628 1195 πεπονθότι.
3664 1139 3855 1192 Καίτοι

2283 1235 2400 1298 πῶς
2429 1236 2529 1288 οὐκ
2562 1236 2668 1288 ἔδει
2702 1238 3057 1306 μυσταγωγὸν
3101 1230 3240 1289 εἶναι
3275 1233 3496 1288 Θέλοντα
3527 1230 3709 1298 σοφὸς,
3745 1227 3853 1280 τῶν

2285 1327 2344 1377 ὲν
2390 1329 2456 1395 τῇ
2508 1325 2850 1397 θεοπνεύστῳ
2896 1329 3083 1397 Γραφῇ
3139 1327 3330 1396 φωνῶν
3375 1342 3434 1378 τε
3481 1324 3574 1377 xui
3637 1319 3854 1374 ἐννοιῶν

2283 1416 2487 1487 ἀκριϐῆ
2524 1418 2794 1470 ποιεῖσθαι
2833 1419 2929 1487 τὴν
2970 1419 3242 1488 ἀθροισιν⁶
3287 1418 3484 1470 ὲννοεῖν
3523 1431 3605 1478 τε,
3633 1414 3716 1465 ὅτι
3762 1412 3856 1463 xui

2285 1506 2587 1577 θεοπρεπὲς
2619 1509 2836 1578 ἀληθῶς
2863 1509 2922 1562 τὸ
2955 1510 3144 1580 χρῆμά
3166 1511 3302 1573 ἐστι,
3322 1509 3415 1561 xui
3435 1508 3535 1559 οὐκ
3563 1505 3667 1568 ἔξω
3694 1503 3853 1570 λόγου

2282 1597 2377 1649 τοῦ
2416 1601 2482 1669 τῇ
2510 1599 2733 1652 κενώσει
2756 1601 3053 1671 πρέποντός
3085 1619 3142 1654 τε
3172 1602 3264 1653 καὶ
3293 1600 3568 1664 ἐοικότος;
3604 1594 3715 1648 Καὶ
3734 1595 3854 1646 τίνα

2283 1689 2482 1759 τρόπον
2529 1691 2760 1761 ἐροῦμεν
2809 1692 3268 1762 βραχυλογοῦντες
3319 1693 3394 1753 ὼς
3438 1691 3537 1745 ἔνι.
3565 1692 3854 1758 Κατεχρη-

2287 1782 2537 1852 σμῴδησε
2572 1782 2670 1852 μὲν
2694 1783 2801 1853 γὰρ
2821 1783 2894 1846 ὡς
2924 1787 2952 1837 6
2981 1785 3087 1836 τῶν
3115 1783 3250 1836 ὅλων
3277 1783 3409 1844 Θεὸς
3436 1783 3547 1843 τοῖς
3569 1779 3854 1849 ἀρχαιοτέ-

603 1872 844 1926 dicemus
888 1887 1048 1942 quam
1099 1873 1435 1926 brevissime.
1484 1870 1617 1925 Nam
1671 1869 1760 1924 ille
1804 1872 2178 1924 universorum

2290 1889 2401 1942 ροις
2430 1873 2518 1926 τὸν
2551 1874 2732 1944 νόμον,
2770 1875 3191 1946 μεσολαϐοῦντος
3221 1874 3479 1935 Μωσέως.
3499 1871 3635 1923 Ἀλλ’
3666 1870 3766 1922 οὐκ
3788 1865 3854 1939 ἦν

607 1961 746 2015 Deus
777 1962 969 2031 priscis
993 1962 1099 2016 illis
1128 1963 1441 2018 hominibus
1462 1963 1633 2031 legem
1662 1962 1849 2022 edidit,
1886 1962 2181 2028 interprete

604 2050 748 2106 Mosa
772 2070 786 2120 ;
820 2054 912 2108 sed
940 2070 1042 2108 non
1071 2064 1188 2108 erat
1219 2068 1281 2108 ea
1310 2054 1389 2107 vis
1419 2052 1572 2120 legis,
1595 2061 1651 2104 ut
1677 2051 1767 2120 qui
1799 2050 1992 2104 vellent
2017 2051 2179 2104 etiam

605 2151 824 2209 possent
867 2141 1073 2211 integre
1105 2141 1248 2210 quod
1283 2141 1478 2194 bonum
1507 2149 1587 2193 est
1617 2140 1873 2209 perlicere
1924 2156 1938 2192 :
1980 2157 1999 2189 ι
2038 2138 2181 2193 Nihil

605 2233 748 2284 enim
777 2233 842 2284 ad
878 2232 1169 2299 perlectum
1205 2231 1426 2285 adduxit
1451 2230 1598 2282 ’δι-’⁸.
1634 2249 1652 2281 ι
1687 2230 1793 2284 Sed
1820 2244 1993 2299 neque
2026 2231 2180 2299 culpa

607 2318 817 2373 vacavit
855 2320 982 2373 illud
1031 2321 1180 2390 prius
1225 2329 1602 2374 testamentum
1656 2338 1670 2373 :
1731 2320 2178 2374 ministrationem

604 2423 823 2479 quoque
854 2409 1221 2464 damnationis
1252 2410 1481 2478 appellat
1512 2426 1629 2464 eam
1659 2410 1847 2465 beatus
1885 2410 2178 2476 Paulus";

603 2500 850 2554 eumdem
886 2500 1044 2554 audio
1089 2501 1271 2555 dicere
1305 2519 1317 2553 :
1357 2519 1375 2551 ι
1413 2501 1628 2556 Scimus
1660 2501 1802 2571 quod
1846 2516 2181 2570 quaecunque

605 2593 688 2646 lex
719 2593 976 2663 loquitur,
1012 2593 1094 2645 liis
1129 2594 1218 2661 qui
1253 2593 1305 2646 in
1336 2593 1449 2664 lege
1481 2604 1608 2648 sunt
1632 2595 1891 2664 loquitur,
1929 2605 1987 2648 ut
2019 2609 2182 2650 omne

605 2698 667 2738 os
690 2685 1026 2748 obstruatur,
1057 2692 1110 2737 et
1140 2683 1384 2738 subditus
1416 2685 1505 2738 llat
1541 2686 1718 2740 omnis
1760 2687 1994 2741 mundus
2025 2687 2133 2740 Deo
2163 2704 2177 2741 :

609 2776 861 2844 quoniam
888 2789 952 2828 ex
973 2774 1227 2843 operibus
1247 2773 1380 2843 legis
1401 2789 1506 2828 non
1520 2774 1847 2844 justiﬁeatur
1863 2778 2036 2832 omnis
2054 2791 2182 2833 caro

616 2881 802 2921 coram
836 2865 926 2920 illo
945 2866 1025 2931 '7;
1058 2884 1077 2917 ι
1113 2867 1196 2921 lex
1230 2870 1372 2920 enim
1407 2867 1540 2920 iram
1561 2869 1896 2936 operatur",
1925 2878 1978 2924 et
2001 2869 2179 2924 littera

605 2959 803 3012 occidit
838 2976 853 3012 :
886 2966 942 3012 et
976 2966 1036 3010 ut
1079 2956 1274 3012 alicubi
1309 2957 1439 3012 dicit
1480 2958 1620 3012 idem
1648 2959 1691 2990 ”
1720 2976 1732 3012 :
1771 2976 1788 3010 ι
1821 2958 2030 3013 lrritam
2060 2960 2182 3028 quis

609 3050 811 3105 faciens
832 3050 1005 3119 legem
1029 3048 1184 3116 Mosi,
1209 3049 1326 3104 sine
1354 3049 1459 3103 ulla
1484 3049 1832 3104 miseratione
1860 3052 2067 3105 duobus
2092 3051 2180 3106 vel

611 3145 780 3198 tribus
809 3143 1041 3198 testibus
1072 3146 1294 3197 moritur
1317 3141 1383 3194 ³⁰.
1417 3159 1434 3192 ι
1467 3139 1600 3195 Cum
1630 3156 1758 3211 ergo
1789 3142 1874 3195 lex
1901 3142 2182 3196 damnaret

607 3244 919 3305 peccantes,
953 3242 1006 3287 et
1039 3243 1337 3288 extremum
1374 3246 1755 3300 nonnunquam
1786 3232 2106 3302 supplicium
2131 3234 2184 3286 in

608 3336 1018 3381 contemnentes
1037 3326 1370 3386 decerneret,
1395 3333 1448 3377 et
1467 3321 1613 3377 nullo
1639 3323 1794 3376 modo
1814 3325 2180 3387 miseraretur,

608 3416 876 3488 quomodo
916 3431 1025 3470 non
1061 3425 1177 3470 erat
1223 3417 1524 3470 necessaria
1571 3415 1879 3469 hominibus
1930 3414 1981 3467 in
2026 3416 2184 3470 terris

609 3507 890 3577 agentibus
934 3505 1023 3560 illa
1072 3505 1354 3560 clementis
1401 3515 1456 3560 et
1503 3505 1868 3560 misericordis
1914 3505 2183 3574 pontilicis

608 3598 926 3666 declaratio,
965 3597 1057 3666 qui
1101 3597 1386 3652 maledicto
1430 3597 1588 3651 linem
1621 3597 1941 3664 imponeret,
1991 3597 2183 3665 praeci-

606 3690 865 3759 deretque
901 3689 1213 3752 vindictam,
1262 3700 1314 3742 et
1359 3703 1452 3742 eos
1500 3688 1588 3756 qui
1641 3697 2012 3757 peccaverant,
2070 3687 2185 3742 cle-

608 3781 771 3834 menti
817 3778 1032 3848 gratia,
1083 3777 1425 3845 benigneque
1500 3787 1630 3830 nutu
1678 3776 1972 3830 liberaret?
2018 3795 2037 3828 ‹
2075 3776 2185 3846 Ego

607 3870 776 3934 enim,
805 3869 998 3937 inquit,
1025 3883 1141 3922 sum
1169 3868 1258 3935 qui
1293 3869 1442 3921 deleo
1474 3868 1787 3935 iniquitates
1817 3876 1955 3930 tuas,
1990 3877 2044 3919 et
2077 3882 2182 3920 non

609 3960 932 4015 recordabor
962 3958 1026 4010 ³¹.
1080 3956 1377 4025 ιιυειίίὶοιιιίξ
1411 3971 1642 4025 namque
1688 3970 1872 4009 sumus
1922 3955 2045 4021 (ide,
2078 3970 2182 4010 non

606 4067 672 4106 cx
707 4051 960 4119 operibus
991 4048 1139 4116 legis,
1162 4047 1279 4118 74
1312 4059 1368 4101 ιιι
1395 4048 1653 4117 scriptum
1689 4047 1857 4101 est".
1887 4065 1906 4098 ι
1935 4046 1994 4100 ln
2021 4061 2180 4117 quem

606 4145 769 4214 igitur
811 4142 1094 4196 credentes
1138 4140 1538 4206 justilicamur?
1585 4154 1765 4194 nonne
1812 4139 1864 4193 in
1913 4155 2036 4193 eum
2089 4140 2184 4208 qui

608 4243 823 4305 propter
857 4249 954 4305 nos
986 4242 1215 4286 mortem
1261 4233 1554 4286 secundum
1587 4246 1804 4285 carnem
1837 4245 2027 4299 passus
2057 4231 2185 4286 est?

609 4341 714 4380 non
749 4327 798 4379 in
827 4341 991 4378 unum
1030 4325 1314 4378 Dominum
1343 4321 1524 4377 Jesum
1567 4320 1880 4376 Christum?
1906 4337 2012 4375 non
2041 4337 2186 4376 mor-

609 4426 716 4470 tem
755 4417 871 4484 ejus
900 4417 1304 4476 annuntiantes,
1339 4423 1394 4467 et
1428 4412 1888 4467 resurrectionem
1920 4412 2185 4467 confiten-

2287 1964 2345 2014 ὲν
2373 1963 2523 2033 νόμῳ
2551 1963 2612 2016 τὸ
2642 1964 2896 2016 δύνασθαι
2926 1963 3222 2035 κατορθοῦν
3248 1966 3358 2026 τοῖς
3401 1962 3672 2017 ἐθέλουσιν
3702 1962 3855 2031 ἀμω-

2290 2055 2474 2123 μήτως
2495 2055 2554 2106 τὸ
2575 2054 2776 2122 ἀγαθόν
2795 2073 2808 2085 ο
2840 2074 2856 2106 ι
2870 2056 3197 2108 Τετελείωκε
3216 2055 3285 2123 γά
3294 2071 3323 2124 ρ
3344 2054 3514 2107 οὐδέν.
3531 2073 3548 2104 ι
3572 2051 3711 2104 Ἀλλ’
3735 2051 3857 2104 οὐδὲ

2288 2142 2576 2211 ἄμεμπτος
2598 2139 2712 2213 ἧνή
2745 2143 2931 2215 πρώτη
2967 2145 3219 2215 διαθήκη.
3240 2144 3574 2214 Κατάκριμα
3604 2143 3658 2194 δὲ
3681 2144 3858 2195 διακο-

2287 2232 2406 2294 νίας
2432 2232 2566 2300 (20‘)
2584 2233 2864 2304 ὠνόμαζεν
2882 2235 3051 2304 αὐτὴν
3067 2238 3094 2288 6
3114 2237 3388 2303 πάνσοφος
3412 2233 3620 2295 Παῦλος
3636 2249 3648 2261 ·
3677 2231 3858 2285 ἀκούω

2286 2320 2341 2372 δὲ
2368 2321 2616 2387 λέγοντος
2635 2341 2646 2352 ·
2690 2342 2706 2372 ι
2739 2324 2971 2392 Οἴδαμεν
3006 2325 3086 2376 ὅτι
3117 2326 3256 2377 ὃσαό
3277 2325 3440 2394 νόμος
3465 2323 3633 2390 λέγει,
3659 2324 3772 2383 τοῖς
3802 2323 3858 2373 ὲν

2286 2409 2363 2481 τῷ
2393 2412 2541 2481 νόμῳ
2571 2412 2734 2479 λέγει,
2770 2413 2852 2464 ἵνα
2882 2415 2987 2466 πᾶν
3029 2416 3198 2483 στόμα
3230 2416 3435 2484 φραγῇ,
3472 2413 3565 2465 xui
3609 2412 3859 2474 ὑπόδικος

2288 2500 2508 2568 γένηται
2536 2503 2642 2561 πᾶς
2670 2502 2698 2552 6
2727 2501 2925 2570 κόσμος
2952 2491 3030 2570 τῷ
3055 2502 3173 2571 Θεῷ
3193 2519 3205 2531 ·
3230 2503 3364 2555 διότι
3394 2502 3450 2567 ἐξ
3485 2502 3661 2572 ἔργων
3691 2501 3858 2570 νόμου

2287 2587 2348 2643 οὐ
2377 2589 2793 2661 δικαιωθήσεται
2811 2593 2958 2644 πᾶσα
2977 2592 3114 2662 σὰρξ
3143 2592 3372 2646 ἐνώπιον
3389 2592 3575 2645 αὐτοῦ.
3602 2611 3619 2642 ι
3643 2593 3860 2662 Κατερ-

2287 2685 2509 2753 γάζεται
2543 2685 2651 2755 γὰρ
2685 2687 2711 2738 6
2743 2686 2905 2755 νόμος
2933 2687 3010 2749 είς
3032 2686 3218 2756 ὀργὴν,
3251 2685 3344 2738 xui.
3371 2683 3432 2737 τὸ
3459 2683 3692 2753 γράμμα
3720 2684 3859 2734 ἀπο-

2288 2779 2504 2830 κτείνει·
2526 2778 2618 2831 xui
2639 2777 2712 2841 ὥς
2730 2779 2830 2831 πού
2846 2795 3005 2848 φησιν
3030 2779 3208 2840 αὐτός·
3239 2798 3256 2828 ι
3289 2777 3579 2844 Ἀθετήσας
3594 2792 3676 2836 τις
3698 2775 3860 2843 νόμον

2287 2870 2548 2933 Μωσέως,
2577 2871 2746 2940 χωρὶς
2778 2871 3097 2943 οἰκτιρμῶν.
3135 2870 3229 2922 ἐπὶ
3258 2869 3409 2921 δυσὶν
3446 2868 3476 2935 ἢ
3506 2867 3686 2937 τρισὶν
3721 2867 3851 2936 μάρι

2289 2979 2440 3015 τυσιν
2473 2961 2822 3032 ἀποθνήσκει.
2853 2982 2871 3014 ι
2906 2963 3336 3035 Κατακρίνοντος
3363 2963 3541 3015 τοίνυν
3572 2959 3666 3013 τοῦ
3694 2960 3860 3028 νόμου

2288 3053 2416 3115 τοὺς
2442 3054 2875 3123 ἁμαρτάνοντας,
2903 3054 2995 3107 καὶ
3021 3055 3120 3124 τὴν
3150 3053 3385 3123 ἐσχάτην
3411 3051 3524 3104 ἐσθ’
3548 3053 3636 3105 ὅτε
3665 3052 3859 3120 ποινὴν

2289 3139 2665 3211 καθορίξοντος
2692 3141 2798 3193 τῶν
2828 3143 3199 3213 ὴμεληκότων,
3235 3142 3329 3195 xui.
3368 3142 3485 3194 κατ’
3516 3141 3705 3196 οὐδένα
3738 3141 3861 3212 τρό⁴

2291 3246 2393 3281 πον
2423 3229 2805 3297 οἰκτείραντος,
2839 3230 2952 3292 πῶς
2976 3232 3073 3282 οὐκ
3093 3231 3364 3298 ἀναγκαία
3385 3233 3497 3293 τοῖς
3525 3230 3616 3283 ὲπὶ
3635 3229 3735 3300 τῆς
3755 3229 3860 3299 γῆς

2289 3323 2322 3392 ὴ
2347 3321 2437 3373 τοῦ
2457 3324 2888 3392 φιλοικτίρμονος
2909 3322 3001 3374 xui
3024 3320 3311 3392 ὲλεήμονος
3335 3320 3546 3392 ἀληθῶς
3561 3321 3862 3391 ἀρχιερέως

2292 3413 2562 3477 ἀνάδειξις
2605 3409 2708 3482 ἦν;
2741 3413 3006 3474 παύοντος
3053 3413 3151 3482 μὲν
3182 3413 3280 3482 τὴν
3315 3413 3487 3482 ἀράνο
3523 3413 3859 3466 ἀνακόπτον-

2289 3520 2380 3566 τος
2405 3503 2460 3555 δὲ
2488 3506 2582 3573 τὴν
2614 3505 2767 3574 δίκην
2789 3520 2801 3534 ’
2840 3505 2930 3556 xui
2968 3503 3400 3566 ἁπαλλάττοντος
3443 3505 3568 3566 τοὺς
3614 3506 3863 3575 ἡμαρτη-

2291 3594 2472 3658 κότας,
2508 3593 2865 3663 ἀμνησικάκῳ
2897 3593 3096 3662 χάριτι,
3139 3592 3232 3646 xui
3261 3595 3373 3655 τοῖς
3419 3591 3477 3657 ἐξ
3523 3595 3862 3664 ἡμερότητος

2291 3685 2579 3754 νεύμασινς
2625 3703 2642 3735 ι
2666 3683 2806 3751 Ἐγὼ
2855 3685 2983 3755 γάρ,
3020 3685 3204 3754 φησὶν,
3236 3685 3351 3754 είμὶ
3383 3687 3410 3737 6
3436 3684 3731 3752 ὲξαλείφων
3763 3685 3862 3748 τὰς

2292 3777 2520 3846 ἀνομίας
2571 3795 2685 3840 σου,
2731 3780 2825 3830 καὶ
2892 3781 2950 3831 οὐ
3002 3779 3073 3849 μὴ
3124 3780 3520 3848 μνησθήσομαι.
3573 3779 3862 3832 Δεδικαιώι-

2297 3867 2436 3935 μεθα
2457 3867 2562 3934 γὰρ
2586 3869 2642 3918 ἐν
2667 3867 2846 3920 πίστει
2879 3869 2970 3919 xui
2991 3869 3089 3920 οὐκ
3111 3867 3172 3931 ἐξ
3188 3867 3362 3938 ἔργων
3385 3867 3572 3938 νόμου,
3595 3887 3613 3918 ι
3642 3868 3780 3921 κατά
3802 3868 3861 3920 τὸ

2291 3975 2450 4027 γεγρε
2472 3960 2696 4029 μμένον.
2748 3961 2842 4021 Εἰς
2878 3961 2999 4013 τίνα
3033 3960 3094 4030 δὴ
3129 3956 3218 4012 οῦν
3251 3959 3598 4023 πιστεύοντες
3628 3959 3862 4012 δικαιου-

2295 4050 2468 4119 μεθα;
2496 4052 2594 4103 οὐκ
2625 4054 2702 4114 εἰς
2731 4051 2821 4103 τὸν
2852 4050 3089 4104 παθόντα
3118 4051 3181 4104 δι’
3215 4053 3358 4121 ἡμᾶς
3393 4051 3483 4103 τὸν
3511 4051 3650 4104 κατὰ
3683 4052 3860 4122 σάρκα

2293 4141 2548 4208 θάνατον;
2579 4145 2678 4195 οὐκ
2710 4145 2788 4206 είς
2813 4145 2909 4196 ἕνα
2936 4145 3136 4214 Κύριον
3171 4144 3376 4213 Ἰησοῦν
3403 4143 3662 4214 Χριστόνς
3687 4145 3746 4196 οὐ
3770 4144 3860 4196 τὸν

2293 4235 2519 4287 θάνατον
2542 4235 2704 4287 αὐτοῦ
2731 4236 3208 4302 καταγγέλλοντες,
3239 4236 3331 4288 xui
3355 4234 3738 4304 ὁμολογοῦντες
3762 4235 3859 4305 τὴν

2291 4327 2584 4379 ἀνάστασιν
2618 4325 3029 4397 λελυτρὼμεθα;
3063 4329 3124 4379 El
3175 4327 3272 4396 μὲν
3319 4322 3411 4378 οὖν
3458 4326 3534 4388 είς
3574 4325 3858 4394 ἄνθρωπον

2291 4416 2398 4469 τῶν
2431 4417 2551 4470 καθ’
2572 4419 2720 4488 ἡμᾶς
2750 4419 2846 4471 ἕνα
2869 4417 3332 4486 πεπιστεύκαμεν,
3366 4415 3458 4469 xui
3491 4418 3609 4486 οὐχὶ
3637 4417 3700 4486 δὴ
3732 4417 3860 4485 μᾶλ-

609 4519 687 4562 tes
711 4508 975 4576 redempti
1018 4505 1243 4562 sumus?
1275 4507 1330 4559 Si
1369 4506 1529 4574 igitur
1566 4504 1618 4557 in
1651 4504 1917 4558 hominem
1955 4520 2119 4558 unum
2151 4518 2182 4558 e

2292 4508 2382 4561 λον
2410 4512 2488 4573 εἰς
2518 4510 2668 4576 Θεὸν,
2708 4510 3182 4580 ἀνθρωπολατρεία
3216 4511 3276 4561 τὸ
3308 4509 3517 4579 χρῆμα,
3555 4509 3649 4560 xui
3675 4508 3858 4577 ἕτερον

608 4600 761 4654 nobis
800 4600 1143 4662 credidimus,
1185 4612 1247 4651 ac
1281 4614 1385 4649 non
1417 4597 1592 4665 potius
1631 4597 1681 4648 in
1728 4596 1916 4660 Deum,
1946 4596 2181 4650 hominis

2288 4601 2439 4654 οὐδὲν
2472 4599 2934 4671 ὁμολογουμένως.
2959 4601 3020 4652 El
3047 4601 3103 4652 δὲ
3125 4598 3254 4652 Θεὸν
3282 4595 3420 4652 εἶναι
3443 4598 3535 4650 τὸν
3555 4597 3858 4650 πεπονθότα

607 4691 851 4746 adoratio
880 4692 984 4744 erit
1019 4706 1080 4745 ea
1125 4704 1210 4744 res
1253 4690 1369 4743 sine
1405 4686 1588 4751 dubio,
1619 4696 1672 4740 et
1710 4686 1840 4739 nihil
1882 4687 2046 4741 aliud.
2080 4687 2178 4741 Sin

613 4783 757 4837 illum
793 4797 955 4837 carne
984 4797 1201 4852 passum
1241 4781 1406 4833 Deum
1436 4793 1554 4832 esse
1580 4777 1864 4840 credimus,
1895 4780 1982 4846 qni
2019 4780 2181 4833 etiam

611 4885 795 4928 noster
825 4875 1077 4929 sacerdos
1110 4872 1182 4927 sit
1210 4871 1404 4932 lactus,
1440 4868 1587 4923 nullo
1619 4869 1777 4921 modo
1801 4870 1850 4922 in
1876 4886 2064 4924 errore
2089 4886 2181 4926 su-

613 4983 752 5032 mus,
783 4967 876 5021 sed
925 4967 1098 5033 ipsum
1144 4980 1208 5018 ex
1253 4963 1364 5016 Deo
1399 4961 1632 5014 Verbum
1669 4961 1939 5014 hominem
1980 4959 2178 5015 factum

613 5060 955 5130 agnoscimus
981 5075 995 5112 :
1023 5059 1210 5124 sicque
1238 5071 1267 5108 a
1299 5053 1451 5133 nobis
1483 5053 1614 5107 lides
1650 5053 1701 5106 in
1740 5053 1902 5105 Deum
1931 5053 2182 5118 exigitur,

611 5153 699 5221 qui
747 5166 845 5205 nos
877 5167 903 5203 a
951 5150 1187 5204 vindicta
1224 5147 1436 5211 eximit,
1483 5155 1927 5228 et~peccatorum
1979 5145 2187 5213 laqueis

679 5328 804 5368 ἰδ’
843 5326 1003 5380 llebr.
1031 5341 1126 5389 vit,
1179 5325 1261 5378 l9.
1341 5323 1387 5354 ¹⁶
1419 5323 1455 5375 ΙΙ
1486 5323 1612 5375 Cor.
1637 5338 1696 5375 ιιι
1723 5361 1737 5384 ,
1781 5321 1833 5373 7.

611 5415 673 5465 x,
695 5399 786 5454 28.
862 5397 903 5428 ³⁸
937 5397 1038 5450 lsa.
1068 5411 1219 5462 mu,
1241 5394 1332 5449 25.
1412 5395 1454 5426 ³³
1486 5392 1659 5448 Galat.
1687 5408 1745 5455 ιι,
1777 5393 1859 5444 l6.

2293 4691 2457 4762 σαρκὶ
2491 4691 2837 4762 πιστεύομεν,
2868 4693 2924 4754 ὃς
2958 4693 3050 4745 καὶ
3088 4692 3305 4760 γέγονεν
3346 4688 3501 4759 ἡμῶν
3530 4688 3816 4758 ἀρχιερεύς
3840 4705 3852 4717 ·

2292 4782 2681 4853 πεπλανήμεθα
2715 4783 2811 4851 μὲν
2843 4783 2961 4835 κατ’
2992 4783 3181 4835 οὐδένα
3215 4782 3410 4852 τρόπον
3431 4796 3444 4810 ·
3482 4779 3765 4849 ἄνθρωπον
3801 4777 3856 4830 δὲ

2290 4873 2552 4941 γεγονότα
2583 4873 2674 4926 τὸν
2713 4874 2777 4925 ὲκ
2813 4873 2947 4924 Θεοῦ
2981 4872 3152 4938 Λόγον
3185 4869 3643 4937 ἐπιγινώσκομεν·
3685 4868 3856 4938 πράτ-

2291 4981 2438 5016 τεται
2468 4963 2523 5015 δὲ
2548 4963 2686 5015 οῦτω
2723 4962 2859 5032 πρὸς
2890 4960 3046 5032 ἡμῶν
3076 4963 3107 5028 ἠ
3140 4959 3322 5021 πίστις
3351 4961 3429 5019 εἰς
3458 4957 3610 5021 Θεὸν,
3643 4957 3733 5009 τὸν
3755 4955 3857 5019 ἔξω

2287 5056 2502 5108 τιθέντα
2560 5056 2754 5125 δίκης,
2809 5055 2902 5108 xui
2950 5052 3233 5123 ἁμαρτιῶν
3283 5049 3688 5104 ἀπαλλάττοντα
3733 5048 3856 5109 τοὺς

2289 5146 2572 5209 ὲναλόντας
2597 5147 2804 5210 αὐταῖς.
2836 5166 2851 5198 ι
2877 5147 3025 5214 Ἔχει
3059 5153 3166 5216 γαρ
3195 5144 3441 5209 ἐξουσίαν
3467 5145 3495 5196 6
3519 5143 3630 5205 υἱὸς
3655 5140 3746 5193 τοῦ
3767 5142 3854 5194 ό.)-

1910 5322 1953 5353 ²⁷
1986 5322 2140 5377 Rom.
2170 5341 2181 5376 l

2305 5325 2384 5386 l9,
2426 5324 2516 5376 9.0.
2594 5324 2638 5354 ⁸⁸
2663 5322 2817 5378 Rom.
2844 5339 2916 5391 tv,
2949 5323 3028 5376 l5.
3106 5322 3208 5388 ",ll
3232 5323 3358 5377 Cor.
3386 5339 3462 5384 III,
3487 5320 3540 5373 6.
3618 5320 3661 5350 ³ο
3699 5319 3829 5373 lleb.

1877 5544 2036 5598 ANT.
2081 5541 2348 5596 AGELLII
2390 5538 2616 5596 NOT/E.

684 5715 817 5784 (20‘)
847 5714 1067 5766 Videtur
1095 5713 1272 5784 lapsus
1301 5710 1514 5775 notarii,
1539 5724 1658 5764 cum
1687 5705 1857 5761 ϐιωσί
1885 5705 2038 5760 codd.
2084 5701 2182 5758 Nm

2288 5702 2579 5756 'cstamenti
2625 5701 2878 5767 habeant,
2919 5702 3160 5757 διακονία
3205 5705 3606 5776 κατακρίσεως,
3643 5714 3694 5760 et
3727 5705 3848 5760 item

616 5785 801 5840 Latina
828 5786 990 5839 editio
1027 5783 1257 5852 vulgata.
