4072 6346
169 393 259 445 l3?)
1260 375 1630 439 ADVERSUS
1671 387 2069 445 NICS'I‘ORIUM
2116 389 2244 443 LIB.
2289 387 2374 440 lll.

3296 389 3396 443 154

164 508 356 574 Optimos
389 505 481 557 καὶ
512 504 605 557 ἐπὶ
634 505 729 572 τῆς
758 506 858 574 γῆς
890 504 1107 572 ἀφιέναι
1142 506 1433 573 ἁμαρτίας,
1468 527 1484 556 ι
1517 507 1589 568 ὥς
1616 523 1716 557 που

1826 511 2127 576 implicatos
2176 509 2365 563 liberat
2397 528 2407 560 :
2450 529 2464 558 ι
2492 507 2659 561 llabet
2695 508 2837 562 enim
2868 515 3183 576 potestatem
3232 506 3398 564 Filius

161 600 243 649 καὶ
275 596 427 657 αὐτός
454 612 615 665 φησιν
638 612 649 623 ·
688 594 1145 665 ἀντιπαραθέντες
1180 597 1356 647 τοίνυν
1384 600 1449 666 τῇ
1472 597 1557 647 διὰ
1585 598 1713 664 Χρι-

163 689 271 741 στοῦ
296 688 535 757 σωτηρία
567 689 657 739 καὶ
686 688 887 756 χάριτι,
914 686 1010 755 τῆς
1039 689 1291 755 νομικῆς,
1316 688 1614 756 ἁποτομίας
1639 690 1714 740 ἵν’

159 780 312 841 οὕτως
360 779 497 830 εἴπω
531 778 593 829 τὸ
642 779 866 845 ἀπηνὲς,
915 776 1181 845 ἐλεήμονά
1220 795 1400 846 φαμεν
1453 779 1713 849 ἀρχιερέα

159 869 387 935 γενέσθαι
413 865 778 938 Χριστόν.ἾΙν
816 868 914 936 μὲν
941 868 1048 936 γάρ
1083 870 1173 920 καὶ
1203 869 1314 919 ἔστι
1344 867 1475 930 Θεὸς
1512 869 1714 935 ἀγαθὸς

157 962 212 1028 τῇ
240 959 410 1027 φύσει,
441 958 831 1027 φιλοικτίρμων
857 974 915 1009 τε
950 959 1041 1009 καὶ
1070 958 1313 1026 ἐλεήμων
1336 958 1421 1010 ἀεί
1444 973 1457 986 ·
1496 960 1589 1011 καὶ
1616 959 1715 1011 οὐκ

156 1054 206 1103 ἐν
237 1052 403 1119 χρόνῳ
431 1050 588 1102 τοῦτο
611 1051 849 1117 γέγονεν,
882 1049 993 1102 ἀλλ’
1018 1051 1095 1112 είς
1127 1052 1272 1119 ἡμᾶς
1306 1050 1514 1120 ἐδείχθη
1543 1051 1716 1102 τοιοῦ-

157 1158 256 1204 τος.
286 1142 713 1211 Κατωνόμασται
743 1141 797 1194 δέ
830 1141 1034 1204 πιστὸς,
1065 1142 1139 1204 ώς
1171 1142 1345 1211 μένων
1372 1144 1400 1194 ὃ
1430 1144 1576 1194 ἐστιν
1605 1142 1712 1206 ἀεὶ,

156 1233 283 1285 κατὰ
330 1247 393 1298 γε
441 1231 499 1283 τὸ
548 1230 836 1301 εἰρημένον
888 1233 979 1284 καὶ
1017 1233 1102 1283 ἐπ’
1133 1231 1296 1284 αὑτοῦ
1331 1232 1423 1284 τοῦ
1460 1233 1669 1303 Πατρός
1699 1252 1711 1263 ’

160 1342 175 1371 ι
207 1322 392 1384 Πιστὸς
440 1322 494 1374 δὲ
524 1325 551 1374 6
582 1322 734 1384 Θεὸς,
764 1323 823 1384 ὃς
865 1324 964 1374 οὐκ
1008 1323 1156 1375 ἐάσει
1199 1325 1345 1392 ἡμᾶς
1394 1325 1714 1395 πειραθῆναι

156 1416 279 1485 ὑπὲρ
304 1414 330 1465 ὃ
356 1413 649 1482 δυνάμεθα.
682 1431 702 1464 ι
746 1412 952 1466 Οὐκοῦν
984 1415 1228 1482 ἐλεήμων
1268 1414 1376 1485 ἄρα
1404 1416 1497 1467 καὶ
1528 1415 1715 1477 πιστὸς

166 1504 463 1573 Ἀρχιερεὺς
497 1506 573 1564 είς
597 1505 742 1573 ἡμᾶς
773 1506 993 1571 γέγονεν
1026 1509 1053 1558 6
1098 1508 1469 1578 Ἐμμανουήλ·
1498 1507 1572 1571 ὡς
1605 1508 1713 1579 γὰρ

153 1598 178 1648 6
218 1595 416 1657 Παῦλός
452 1611 636 1663 φησιν,
671 1614 687 1644 ι
724 1597 784 1646 Ol.
835 1597 932 1663 μὲν
976 1596 1219 1659 πλείονές
1265 1601 1399 1650 εἰσιν
1443 1599 1715 1668 ἀρχιερεῖς

155 1688 441 1755 γεγονότες,
478 1688 563 1738 διά
597 1686 674 1749 τὸ,
710 1686 920 1756 Θανάτῳ
956 1688 1257 1741 κωλύεσθαι
1288 1690 1622 1759 παραμένειν
1644 1708 1655 1719 ι
1688 1691 1716 1741 6

157 1780 234 1841 δὲ,
260 1778 343 1830 διὰ
387 1779 447 1829 τὸ
481 1778 663 1847 μένειν
705 1778 864 1830 αὐτὸν
905 1780 985 1839 είς
1026 1778 1116 1830 τὸν
1145 1780 1334 1840 αἰῶνα,
1366 1779 1716 1850 ἀπαράϐατον

1824 603 2055 655 hominis
2080 603 2239 655 etiam
2270 604 2319 655 in
2354 613 2492 655 terra
2527 602 2826 655 dimittendi
2863 611 3117 668 peccata;
3149 620 3166 651 ι
3199 612 3255 655 ιιι
3284 604 3397 671 ipse

1823 692 1950 745 dicit
1981 692 2171 746 alicubi
2200 693 2263 745 ³³.
2300 693 2432 747 Cum
2466 692 2632 762 igitur
2667 692 2853 758 legalis
2886 692 3208 758 severitatis,
3242 704 3298 745 ut
3326 696 3395 747 ita

1824 782 2025 848 dicam,
2076 784 2425 837 acerbitatem
2486 798 2606 837 cum
2660 782 2858 837 Christi
2908 784 3082 837 salute
3130 793 3184 835 et
3227 785 3395 851 gratia

1823 888 2219 941 comparamus,
2251 874 2482 929 dicimus
2516 874 2918 927 misericordem
2960 873 3273 927 Pontilicem
3316 874 3396 927 fa-

1823 976 1964 1017 ctum
2002 965 2168 1019 fuisse
2198 964 2496 1021 Christum.
2528 963 2651 1019 Fuit
2685 966 2826 1019 enim
2861 975 2913 1019 et
2942 974 3024 1019 est
3057 966 3194 1019 Deus
3228 966 3400 1020 bonus

1822 1069 1888 1107 ex
1917 1065 2131 1120 natura,
2171 1056 2407 1109 clemens
2445 1057 2569 1109 item
2606 1070 2818 1125 semper
2852 1071 2913 1108 ac
2949 1056 3277 1120 misericors,
3308 1072 3401 1111 ne-

1822 1159 1925 1213 que
1955 1146 2072 1199 talis
2100 1146 2152 1199 in
2189 1156 2428 1214 tempore
2459 1147 2653 1210 evasit,
2707 1146 2799 1200 sed
2834 1147 3096 1214 ejusmodi
3140 1156 3224 1201 est
3272 1161 3398 1214 erga

1824 1251 1922 1289 uos
1964 1246 2233 1291 ostensus.
2276 1239 2588 1306 Appellatus
2633 1247 2716 1292 est
2747 1245 2923 1290 autem
2972 1237 3162 1299 fidelis,
3210 1246 3269 1290 ut
3309 1240 3398 1305 qui

1823 1336 2036 1379 maneat
2084 1342 2296 1394 semper
2344 1332 2482 1397 quod
2518 1338 2618 1393 est,
2669 1330 2917 1381 utetiam
2970 1329 3036 1382 de
3085 1329 3201 1396 ipso
3246 1327 3401 1382 Patre

1824 1416 2024 1470 dictum
2050 1427 2133 1471 est
2161 1436 2171 1469 :
2206 1436 2222 1469 ι
2245 1418 2444 1473 Fidelis
2468 1429 2647 1473 autem
2678 1422 2843 1483 Deus,
2869 1420 2957 1487 qui
2990 1435 3094 1474 non
3129 1423 3403 1490 permittet

1825 1524 1923 1562 nos
1953 1512 2149 1563 tentari
2187 1525 2347 1578 supra
2390 1527 2549 1576 quam
2591 1526 2877 1580 possumus
2920 1513 2986 1565 ³⁸.
3020 1531 3040 1564 ι
3079 1513 3217 1583 Ergo
3242 1515 3404 1567 mise-

1826 1601 1995 1655 ricors
2016 1612 2067 1655 et
2087 1602 2256 1654 fidelis
2285 1602 2534 1656 Pontifex
2561 1604 2611 1655 in
2638 1620 2735 1657 nos
2762 1604 2935 1659 factus
2956 1614 3038 1659 est
3066 1605 3401 1660 Emmanuel.

1825 1690 1896 1743 Ut
1928 1692 2070 1744 enim
2110 1692 2307 1746 Paulus
2341 1695 2417 1747 ait
2447 1712 2459 1747 :
2500 1713 2518 1744 ί
2554 1694 2741 1749 Plures
2770 1696 2893 1748 facti
2931 1705 3054 1750 sunt
3094 1699 3402 1752 sacerdotes

1823 1796 1885 1834 eo
1908 1785 2048 1849 quod
2074 1793 2243 1836 morte
2274 1785 2691 1851 prohiberentur
2719 1801 3033 1855 permanere
3061 1806 3072 1841 :
3109 1790 3197 1842 hic
3222 1799 3401 1843 autem

156 1870 257 1938 ἔχει
290 1870 383 1937 τὴν
418 1867 744 1937 ἱερωσύνην*
774 1867 895 1919 ὅθεν
925 1868 1020 1920 καὶ
1046 1866 1239 1930 σώζειν
1266 1871 1342 1930 είς
1372 1869 1431 1921 τὸ
1461 1870 1719 1931 παντελὲς

1826 1888 1887 1926 eo
1924 1876 2064 1942 quod
2110 1885 2327 1930 maneat
2371 1878 2423 1929 in
2474 1887 2761 1941 aeternum,
2807 1882 3191 1948 sempiternum
3242 1881 3406 1934 habet

156 1966 361 2017 δύναται
405 1965 532 2025 τοὺς
583 1961 1052 2032 προσερχομένους
1105 1962 1173 2013 δι’
1221 1962 1385 2015 αὑτοῦ
1442 1962 1519 2029 τῷ
1565 1962 1717 2030 Θεῷ·

158 2056 371 2109 πάντοτε
418 2056 527 2119 ζῶν
558 2057 635 2118 είς
675 2055 733 2107 τὸ
768 2054 1114 2121 ἐντυγχάνειν
1150 2054 1289 2122 ὑπὲρ
1317 2052 1512 2104 αὐτῶν.
1546 2071 1563 2103 ι
1601 2053 1722 2103 ’Ότι

155 2150 207 2202 δὲ
234 2149 507 2219 μεμένηκε
532 2150 661 2211 Θεὸς
688 2151 714 2202 6
741 2150 804 2201 ἐκ
826 2148 1035 2217 Πατρὸς
1058 2148 1246 2215 Λόγος,
1281 2148 1456 2199 καίτοι
1483 2147 1723 2215 γεγονὼς

160 2242 341 2311 ἱερεὺς,
371 2240 512 2293 κατὰ
543 2241 601 2293 τὸ
629 2240 1034 2309 γεγραμμένον,
1063 2239 1152 2291 διά
1180 2238 1240 2291 τὸ
1268 2240 1474 2310 πρέπον
1495 2241 1559 2309 τῇ
1589 2239 1725 2308 μετά

157 2332 346 2401 σαρκὸς
399 2331 685 2401 οἰκονομίᾳ.
736 2331 925 2400 σχῆμά
968 2347 1029 2382 τε
1075 2331 1169 2383 καὶ
1224 2331 1440 2400 μέτρον,
1471 2331 1724 2401 ἀποχρῶν

155 2424 275 2490 ἡμῖν
306 2424 383 2483 είς
423 2421 794 2490 πληροφορίαν
822 2424 848 2474 6
876 2419 968 2473 τοῦ
1011 2421 1281 2491 μακαρίου
1319 2422 1529 2473 Παύλου
1569 2422 1724 2488 γεγέ-

162 2530 300 2580 ιηται
345 2512 691 2579 Λόγος.Ἔφη
736 2514 844 2581 γὰρ
893 2512 1090 2564 πάλιν·
1130 2530 1146 2561 ι
1182 2512 1490 2578 Κεφάλαιον
1531 2512 1586 2563 δὲ
1634 2513 1725 2563 ἐπὶ

154 2605 254 2664 τοῖς
298 2601 629 2671 εἰρημένοις,
663 2601 899 2653 τοιοῦτον
935 2602 1129 2671 ἔχομεν
1162 2603 1436 2672 ἀρχιερέα,
1464 2602 1521 2664 ὃς
1564 2601 1724 2654 ἐκάθ-

157 2709 258 2744 ισεν
286 2693 344 2745 ἐν
378 2692 529 2761 δεξιᾷ
561 2691 653 2743 τοῦ
687 2691 876 2761 θρόνου
924 2693 1021 2762 τῆς
1069 2692 1456 2763 μεγαλωσύνης
1507 2694 1564 2745 ἐν
1612 2695 1723 2755 τοῖς

155 2784 407 2852 οὐρανοῖς,
440 2784 547 2836 τῶν
575 2784 745 2851 ἁγίων
786 2784 1102 2852 λειτουργὸς
1129 2785 1221 2836 καὶ
1260 2784 1360 2853 τῆς
1393 2785 1594 2853 σκηνῆς
1627 2786 1723 2854 τῆς

156 2874 435 2943 ἀληθινῆς,
469 2876 535 2944 ἢν
567 2875 764 2943 ἔπηξεν
793 2877 820 2926 6
860 2875 1061 2944 Κύριος
1093 2876 1190 2927 καὶ
1238 2876 1335 2927 οὐκ
1370 2875 1672 2945 ἄνθρωπος.
1698 2895 1715 2927 ι

159 2964 334 3033 Ἀθρει
368 2965 432 3035 δὴ
461 2961 573 3029 οὖν,
604 2965 755 3035 ἄθρει
800 2966 891 3018 τὸν
934 2968 997 3017 ἐκ
1018 2966 1148 3018 Θεοῦ
1179 2966 1351 3034 φύντα
1384 2967 1573 3032 Λόγον,
1609 2966 1723 3019 δια-

155 3058 420 3123 πρέποντα
459 3057 556 3125 μὲν
598 3057 671 3119 ώς
702 3056 832 3109 Θεὸν
874 3060 993 3119 ταῖς
1038 3058 1370 3127 ὑπερτάταις
1415 3057 1719 3122 εύκλείαις,

154 3147 240 3198 καὶ
266 3150 322 3200 ἐν
350 3150 463 3210 τοῖς
490 3148 586 3219 τῆς
619 3147 871 3219 θεότητος
906 3148 1121 3211 θώκοις,
1147 3149 1531 3218 ἱερουργοῦντα
1555 3150 1609 3201 δὲ
1634 3151 1722 3201 τὸν

1825 1967 2221 2029 sacerdotium;
2263 1968 2403 2021 unde
2438 1980 2490 2021 et
2521 1970 2732 2021 salvare
2782 1971 2833 2022 in
2868 1983 3182 2038 perpetuum
3232 1983 3404 2041 potest

1826 2056 2145 2109 accedentes
2184 2071 2276 2124 per
2309 2058 2481 2123 ipsum
2525 2059 2589 2111 ad
2637 2058 2824 2125 Deum,
2867 2076 3081 2128 semper
3116 2062 3303 2116 vivens
3337 2062 3404 2117 ad

1826 2143 2275 2213 interpellandum
2330 2163 2424 2214 pro
2458 2150 2534 2201 eis
2569 2148 2634 2201 ³⁸.
2668 2168 2697 2200 η»
2748 2147 2915 2202 Porro
2958 2150 3082 2203 illud
3128 2166 3193 2203 ex
3244 2150 3405 2207 Patre

1828 2236 2061 2289 Verbum
2091 2238 2357 2291 mansisse
2397 2236 2583 2303 Deum,
2625 2240 2869 2307 quamvis
2903 2239 3076 2295 factus
3123 2243 3191 2295 sit
3221 2258 3402 2297 sacer-

1827 2328 1945 2390 dos,
1984 2338 2039 2380 ut
2085 2328 2342 2396 scriptum
2375 2338 2477 2395 est,
2514 2342 2732 2397 propter
2771 2330 3014 2385 habitum
3057 2342 3219 2402 atque
3255 2351 3405 2389 men-

1827 2435 2007 2473 suram
2052 2418 2125 2473 illi
2169 2434 2288 2473 cum
2332 2434 2495 2475 carne
2538 2420 2926 2489 dispensationi
2968 2423 3402 2489 convenientem,

1827 2512 1969 2565 beati
2019 2511 2169 2566 Pauli
2216 2514 2378 2566 verba
2422 2524 2545 2567 sunt
2592 2499 2657 2565 ad
2692 2514 2846 2567 fidem
2898 2514 3195 2568 faciendam
3231 2517 3401 2569 satis:

1827 2602 1962 2655 dixit
1996 2604 2138 2655 enim
2179 2618 2391 2656 rursum
2421 2622 2433 2656 :
2469 2622 2485 2654 ι
2517 2603 2821 2672 Capitulum
2854 2618 2979 2657 vero
3001 2620 3161 2672 super
3184 2605 3406 2675 hisque:

1827 2692 1965 2745 dicta
2004 2701 2149 2754 Slllll,
2192 2693 2351 2745 talem
2391 2695 2648 2747 habemus
2692 2692 3006 2747 Pontilicem
3053 2695 3143 2762 qui
3178 2698 3316 2749 sedit
3351 2698 3402 2750 in

1826 2785 2046 2836 dextera
2073 2784 2215 2837 sedis
2247 2785 2631 2854 magnitudinis
2661 2785 2715 2837 in
2751 2784 2923 2848 caelis,
2965 2797 3273 2839 sanctorum
3306 2788 3405 2841 mi-

1827 2876 2017 2933 nister,
2064 2884 2117 2929 et
2147 2875 2480 2929 tabernaculi
2530 2878 2665 2943 veri,
2698 2880 2842 2945 quod
2898 2877 3015 2931 fixit
3065 2878 3320 2933 Dominus
3350 2889 3405 2932 et

1827 2980 1930 3018 non
1966 2966 2124 3018 homo
2154 2966 2219 3018 ³⁸.
2264 2984 2281 3014 ι
2323 2967 2451 3019 \‘ide
2490 2967 2650 3035 igitur
2686 2983 2866 3034 quaeso
2906 2966 3033 3021 illud
3066 2983 3130 3021 ex
3170 2967 3277 3022 Deo
3316 2986 3408 3037 ge»

1827 3058 1995 3109 nilum
2032 3054 2261 3110 Verbqu
2291 3072 2411 3108 cum
2456 3058 2902 3125 praestantissima
2939 3058 3104 3126 gloria
3151 3070 3405 3130 tanquam

1829 3149 1965 3201 Deus
1988 3146 2277 3216 prmeellat,
2295 3147 2417 3201 etin
2439 3148 2562 3201 sede
2581 3148 2871 3201 divinitatis
2891 3149 3404 3216 emineat,eumde|n

153 3238 300 3291 αὑτὸν
341 3240 417 3300 ὡς
449 3240 764 3310 ἄνθρωπον·
803 3240 896 3292 καὶ
938 3241 1036 3292 οὐκ
1079 3242 1321 3307 ἐπίγειον
1365 3241 1485 3293 τινά
1536 3241 1720 3293 θυσίαν

1829 3242 2128 3295 sacerdotio
2154 3240 2304 3310 fungi
2332 3252 2584 3310 tanquam
2614 3232 2883 3296 hominem
2912 3259 2924 3291 :
2950 3257 3121 3310 neque
3140 3254 3403 3300 terrenam

155 3330 581 3397 προσκομίζοντα
616 3331 689 3399 τῷ
718 3332 911 3399 Πατρὶ,
944 3331 1093 3383 θείαν
1124 3331 1179 3385 δὲ
1226 3331 1424 3397 μᾶλλον
1477 3333 1570 3385 καὶ
1601 3349 1722 3401 νοη-

154 3418 260 3487 τὴν,
284 3422 375 3472 καὶ
406 3421 612 3490 σκηνὴν
637 3420 822 3490 ὥσπερ
850 3422 1009 3487 ἁγίαν
1040 3421 1228 3490 ἔχοντα
1258 3423 1347 3475 τὸν
1377 3423 1623 3493 οὐρανόν.
1648 3426 1721 3478 Οὐ

155 3510 254 3579 γὰρ
287 3511 428 3561 κατά
459 3511 619 3577 νόμον
657 3511 874 3577 ἐντολῆς
915 3513 1173 3579 σαρκίνης
1204 3512 1424 3579 γέγονεν
1463 3516 1490 3565 ὁ
1535 3517 1722 3583 ἀρχιε-

158 3601 293 3667 ρεὺς,
324 3600 461 3651 ἀλλὰ
509 3599 649 3652 κατά
697 3600 926 3669 δύναμιν
980 3602 1125 3669 ζωῆς
1170 3602 1529 3665 ἀκαταλύτου,
1586 3604 1723 3656 καθά

155 3690 478 3759 γέγραπται.
512 3691 708 3752 Πιστὸς
741 3687 831 3743 οῦν
862 3694 967 3761 ἄρα
1003 3693 1094 3744 καὶ
1128 3693 1269 3745 κατὰ
1298 3694 1471 3757 τοῦτο,
1500 3698 1722 3759 καὶτοῖς

156 3780 463 3849 προσιοῦσιν
504 3783 780 3851 ἐχέγγυος,
819 3783 895 3845 είς
929 3800 990 3850 γε
1024 3784 1083 3835 τὸ
1128 3783 1403 3836 δύνασθαιΔ
1427 3787 1519 3837 καὶ
1577 3787 1720 3854 μάλα

157 3871 342 3939 ῥαδίως
384 3872 670 3935 διασώζειν
708 3872 937 3935 αὐτούς’
991 3874 1181 3941 αἵματι
1214 3875 1323 3943 γὰρ
1367 3875 1445 3943 τῷ
1483 3875 1593 3942 ἰδίῳ
1628 3877 1723 3929 καὶ

156 3964 247 4030 μιᾷ⁸
276 3965 563 4033 προσφορᾷ
592 3963 938 4015 τετελείωκεν
963 3965 1038 4025 εἰς
1063 3961 1123 4013 τὸ
1147 3963 1386 4031 διηνεκὲς
1414 3964 1537 4025 τοὺς
1564 3966 1723 4032 ἁγια-

157 4049 427 4121 ζομένους.
464 4056 626 4106 Τουτὶ
672 4056 780 4122 γὰρ
829 4050 983 4120 οἶμαὶ
1030 4053 1223 4121 δηλοῦν
1271 4055 1359 4105 τὸν
1412 4056 1554 4125 ἱερὸν
1593 4058 1722 4127 ἡμῖν

156 4141 371 4208 λέγοντα
402 4142 617 4195 Παῦλον
639 4156 650 4169 ’
688 4160 704 4190 ι
730 4142 815 4192 Ἐν
845 4134 888 4207 ᾧ
921 4141 1028 4209 γὰρ
1058 4140 1319 4192 πέπονθεν
1347 4141 1505 4203 αὐτὸς
1532 4159 1722 4211 πειρα-

159 4230 328 4292 σθείς,
382 4231 608 4283 δύναται
662 4232 770 4291 τοῖς
822 4230 1234 4298 πειραζομένοις
1288 4229 1568 4299 βοηθῆσαι.
1603 4250 1621 4279 ι
1659 4231 1721 4282 Τί

156 4322 319 4374 τοίνυν
348 4325 481 4391 ἡμῖν
511 4322 618 4373 τῶν
649 4322 725 4382 είς
749 4321 1028 4372 εὐσέϐειαν
1053 4320 1347 4389 ἀφειδήσας
1372 4323 1607 4383 ἐννοιῶν,
1631 4323 1723 4375 καὶ

158 4413 254 4463 τῶν
287 4416 364 4475 είς
396 4414 668 4483 ὀρθότητα
704 4413 798 4465 καὶ
830 4411 1085 4480 ἀλήθειαν
1119 4414 1489 4483 ἀποφοιτήσας
1527 4414 1719 4482 λόγων,

168 4503 219 4555 ’0
251 4505 453 4571 παθὼν,
487 4508 669 4574 φησὶν,
710 4505 993 4574 ἀρχιερεὺς
1037 4505 1279 4574 ἐλεήμων
1305 4524 1317 4535 ·
1354 4506 1591 4574 παθητὸς
1616 4507 1671 4559 δὲ
1692 4508 1719 4559 6

158 4594 291 4658 ναὸς,
321 4597 419 4665 οὐχ
444 4599 473 4647 6
505 4594 764 4658 ξωοποιὸς
787 4593 879 4645 τοῦ
905 4594 1233 4655 πεπονθότος
1267 4594 1431 4659 Θεός;
1462 4596 1582 4648 Ὅτι
1628 4596 1723 4665 μὲν

158 4681 240 4737 οὖν
272 4688 434 4757 σαρκὶ
472 4685 740 4737 πέπονθεν
772 4683 910 4737 ἐκὼν
934 4685 999 4736 δι’
1030 4686 1175 4753 ἡμᾶς
1204 4687 1231 4737 6
1255 4684 1346 4736 τοῦ
1371 4685 1503 4737 Θεοῦ
1532 4688 1723 4753 Λόγος,

159 4776 209 4824 ἐν
248 4777 355 4845 ἰδίῳ
387 4775 567 4845 καιρῷ
612 4775 983 4844 δειχθήσεται·
1019 4771 1099 4826 ὃτί
1130 4775 1185 4825 δὲ
1224 4774 1434 4843 μερίζει
1469 4775 1558 4827 τὸν
1586 4776 1725 4843 ἁμέ-ο

161 4883 350 4935 ριστον,
386 4869 483 4920 καὶ
513 4867 605 4918 δύο
638 4868 926 4936 πρεσϐεύει
955 4868 1219 4936 Χριστοὺς
1242 4870 1307 4935 τῇ
1335 4865 1440 4917 τών
1469 4866 1611 4917 ίδίων
1642 4868 1729 4917 ἐν·

157 4958 302 5009 νοιών
323 4960 575 5028 δυνάμει,
602 4958 702 5010 κᾶν
730 4961 776 5009 εἰ
814 4960 989 5025 φαίνοι
1019 4959 1077 5009 τό
1106 4976 1205 5009 που
1234 4958 1465 5024 Χριστὸν
1509 4956 1603 5007 ἕνα
1639 4956 1725 5008 λέ-

158 5065 278 5114 γων,
313 5052 464 5103 οὐδὲν
498 5047 659 5120 ἦττον
702 5049 1087 5119 ἐλεγχθήσεται
1142 5049 1236 5100 καὶ
1276 5047 1365 5100 διά
1407 5048 1514 5099 τῶν
1566 5048 1725 5111 εὐθὺς

157 5139 597 5207 ἐπενηνεγμένων
619 5156 630 5165 ·
658 5139 761 5207 ἔφη
786 5139 892 5209 γὰρ
929 5138 1087 5191 πάλιν
1106 5155 1117 5167 ’

224 5228 275 5302 [ι
305 5232 540 5299 Σπέρμα
590 5229 837 5300 Ἀϐραὰμ
878 5232 906 5281 6
944 5229 1067 5298 χθὲς
1113 5230 1205 5281 καὶ
1236 5232 1505 5301 σήμερον,
1540 5249 1555 5276 ι
1588 5228 1727 5281 κατά

158 5324 244 5391 τὴν
270 5323 362 5374 τοῦ
391 5321 611 5374 Παύλου
643 5322 845 5391 φωνὴν,
871 5322 965 5389 οὐχ
988 5321 1015 5370 ὁ
1036 5322 1228 5389 λέγων,
1261 5342 1277 5371 ι
1304 5323 1436 5391 Πρὶν
1476 5320 1727 5390 ’Λὸραάμ

159 5413 421 5477 γενέσθαι,
478 5411 591 5479 ἐγώ
637 5413 770 5481 εἰμι.
798 5430 815 5462 ι
869 5414 1088 5481 Ὄμοιος
1130 5415 1241 5474 τοῖς
1288 5412 1534 5479 ἀδελφοῖς
1591 5410 1731 5463 κατά

160 5507 344 5570 πάντα,
399 5508 426 5557 6
451 5504 642 5574 ίψυχῆς
683 5502 1028 5574 ἀνθρωπίνης
1076 5504 1170 5555 καὶ
1204 5503 1402 5572 σαρκὸς
1442 5500 1727 5554 ἀναλαϐὼν

225 5684 265 5715 ³³
297 5685 425 5737 Luc.
454 5699 505 5746 v,
532 5684 622 5738 2i.

162 5756 241 5810 18.
314 5755 373 5786 ³³⁸
417 5754 581 5808 llebr.
611 5756 781 5818 xui,8.
861 5754 901 5784 ³³
934 5752 1087 5805 Joan.
1116 5767 1229 5815 rm,
1257 5752 1342 5804 58.

700 5685 744 5715 ³³
778 5685 797 5735 ῐ
828 5683 951 5737 Cor.
979 5698 1032 5743 ιι,
1062 5681 1143 5734 15.
1219 5682 1260 5712 ³⁵
1295 5681 1453 5735 liehr.
1482 5698 1580 5739 vn.
1603 5680 1791 5734 25-25.

712 5756 781 5804 .8.
861 5754 901 5784 ³³
934 5752 1087 5804 Joan.
1116 5767 1229 5804 γιιι.
1257 5752 1342 5804 58.
1420 5753 1462 5781 ³ο
1503 5752 1661 5804 llebr.
1688 5768 1746 5804 ιι.
1771 5752 1835 5803 77

1548 5767 1661 5805 eor.
1688 5768 1746 5817 ιι,
1780 5767 1858 5806 u.

1826 3334 2058 3399 aliquam
2087 3334 2355 3385 victimam
2385 3332 2530 3386 Patri
2568 3333 2782 3397 offerre,
2812 3334 2916 3403 75
2952 3336 3042 3388 sed
3072 3336 3302 3391 divinam
3342 3354 3406 3392 ac

1823 3420 2143 3488 spiritalem,
2174 3430 2229 3474 et
2257 3436 2353 3488 pro
2382 3430 2569 3475 sancto
2594 3424 2939 3476 tabernaculo
2964 3424 3156 3477 ctelum
3184 3427 3403 3483 habere.

1824 3510 1944 3564 Non
1979 3515 2123 3565 enim
2158 3514 2454 3567 secundum
2489 3512 2659 3582 legem
2700 3516 2936 3569 mandati
2970 3516 3205 3571 carnalis
3233 3511 3407 3573 factis

1824 3614 1903 3655 θοι
1926 3604 2203 3664 sacerdos,
2240 3604 2333 3656 sed
2357 3608 2647 3658 secundum
2676 3607 2924 3659 virtutem
2944 3608 3070 3662 vitae
3088 3609 3403 3674 insolubilis,

1825 3703 1881 3747 ut
1937 3695 2198 3763 scriptum
2253 3704 2335 3749 est
2374 3696 2442 3752 ³⁷.
2508 3696 2709 3749 Fidelis
2759 3706 2843 3749 est
2892 3698 3051 3765 igitur
3101 3700 3262 3753 etiam
3308 3701 3408 3756 hac

1824 3785 2052 3847 ratione,
2102 3794 2157 3837 et
2193 3786 2575 3840 accedentibus
2620 3786 2902 3854 fidejussor
2928 3789 2994 3841 ad
3031 3789 3257 3844 salutem
3302 3792 3409 3846 illis

1823 3884 1876 3927 et
1906 3876 2121 3942 quidem
2151 3875 2405 3930 facillime
2428 3881 2787 3945 praestandam
2820 3898 2831 3932 :
2860 3881 3122 3948 sanguine
3142 3882 3283 3935 enim
3309 3899 3409 3938 suo

1824 3975 1877 4019 et
1902 3981 2003 4018 una
2030 3965 2305 4021 oblatione
2334 3972 2724 4022 consummavit
2750 3971 2799 4021 in
2819 3979 3078 4023 :eternum
3098 3974 3408 4029 sanctiﬁca-

1827 4065 1942 4110 tos:
1975 4056 2026 4109 id
2058 4073 2287 4125 namque
2320 4059 2473 4113 nobis
2503 4060 2714 4113 beatum
2737 4059 2959 4113 Paulum
2984 4062 3286 4131 signiﬁcare
3313 4082 3409 4133 pu-

1826 4158 1898 4213 to,
1921 4165 2039 4201 cum
2066 4150 2192 4202 dicit
2219 4166 2231 4200 :
2262 4168 2279 4199 ι
2312 4150 2364 4203 In
2384 4165 2488 4218 quo
2516 4151 2656 4203 enim
2686 4165 2871 4218 passus
2900 4161 2984 4203 est
3008 4153 3118 4218 ipse
3146 4162 3403 4221 tentatus,

1825 4251 2014 4309 potens
2037 4250 2113 4294 est
2141 4242 2219 4295 eis
2247 4242 2336 4309 qui
2369 4250 2663 4304 tentantur,
2686 4242 2932 4296 auxiliari
2967 4244 3029 4297 ³⁸.
3063 4262 3080 4294 ι
3114 4245 3218 4299 Cur
3248 4247 3408 4316 igitur

1823 4331 2022 4399 pietate
2062 4331 2450 4383 sententiarum
2490 4331 2757 4398 neglecta,
2797 4340 2851 4384 et
2883 4347 2910 4385 a
2959 4333 3119 4387 rectis
3154 4338 3406 4405 verisque

1824 4420 2169 4474 sermonibus
2208 4420 2527 4486 abscedens,
2561 4422 2662 4486 Qui
2692 4436 2880 4489 passus
2907 4432 3008 4487 est,
3043 4425 3233 4492 inquit,
3264 4424 3407 4480 Pon-

1829 4510 1955 4564 tifex
1992 4520 2075 4563 est
2116 4511 2205 4564 ille
2253 4511 2579 4576 misericors,
2630 4512 2848 4580 patihile
2894 4528 3022 4567 vero
3060 4514 3227 4582 ipsum
3274 4526 3409 4572 tem-

1829 4600 1997 4669 plum,
2031 4616 2134 4655 non
2179 4602 2266 4655 ille
2310 4600 2614 4655 viviﬁcator
2647 4604 2786 4671 passi
2833 4603 3009 4657 Deus?
3039 4604 3212 4658 Carne
3244 4607 3406 4675 igitur

1829 4701 2021 4759 sponte
2061 4702 2278 4760 propter
2311 4706 2406 4747 nos
2432 4706 2647 4760 passum
2676 4707 2794 4746 esse
2824 4694 2993 4760 ipsum
3023 4694 3112 4748 Dei
3146 4694 3401 4762 Verbum,

1829 4797 1931 4835 suo
1963 4792 2200 4850 tempore
2235 4784 2691 4837 demonstrabitur
2731 4801 2743 4837 :
2779 4785 2870 4837 sed
2914 4785 3241 4839 individuum
3270 4789 3405 4841 divi-

1832 4874 1979 4935 dere,
2007 4874 2245 4941 duosque
2277 4874 2522 4927 Christos
2553 4888 2618 4927 ex
2652 4875 2700 4927 vi
2747 4889 2965 4928 suarum
3013 4880 3402 4933 sententiarum

1830 4963 2143 5031 praedicare,
2161 4965 2371 5017 tametsi
2398 4965 2720 5033 quandoque
2743 4980 2905 5018 unum
2925 4964 3200 5021 Christum
3223 4970 3404 5025 dicere

1832 5051 2102 5114 videatur,
2140 5051 2487 5106 nihilominus
2514 5067 2580 5106 ex
2606 5053 2689 5107 his
2713 5066 2831 5123 quae
2860 5052 3039 5106 statim
3066 5054 3245 5122 infert,
3275 5071 3405 5110 con-

1834 5140 2075 5194 vincetur
2107 5158 2118 5193 :
2146 5141 2280 5193 dixit
2310 5144 2451 5195 enim
2484 5158 2687 5196 rursus.
2720 5161 2734 5198 :

1905 5231 2167 5301 [Νεετοιι.
2201 5249 2218 5282 ι
2246 5232 2441 5287 Semen
2476 5233 2746 5288 Abraham
2780 5235 2823 5290 is
2853 5244 2936 5289 est
2971 5236 3061 5303 qui
3091 5235 3205 5289 heri
3235 5245 3318 5289 est
3351 5247 3405 5292 et

1836 5322 2015 5387 hodie,
2047 5342 2065 5374 ι
2097 5334 2152 5375 ιιι
2177 5322 2375 5377 Paulus
2396 5324 2573 5387 ait’s‘,
2596 5341 2698 5377 non
2726 5327 2813 5393 qui
2841 5326 2973 5379 dixit
3002 5344 3013 5378 :
3045 5345 3062 5375 ι
3087 5326 3402 5395 Priusquam

1834 5415 2104 5468 Abraham
2144 5416 2315 5479 ﬁeret,
2350 5431 2447 5484 ego
2473 5432 2589 5469 sum
2618 5417 2680 5470 ³³.
2711 5435 2728 5468 ι
2763 5415 2967 5470 Similis
3006 5415 3263 5469 fratribus
3310 5432 3406 5484 per

1834 5507 2013 5561 omnia
2032 5507 2099 5571 ⁸ο,
2122 5509 2212 5576 qui
2244 5509 2487 5561 humanae
2516 5508 2708 5561 animae
2731 5518 2783 5562 et
2802 5509 2982 5562 carnis
3008 5507 3401 5563 fraternitatem

1870 5681 1912 5711 ³⁸
1949 5680 2110 5737 llebr.
2138 5698 2247 5747 vm,
2278 5684 2326 5746 l,
2352 5682 2403 5736 2.

2508 5684 2547 5714 ³⁷
2591 5682 2755 5739 llchr.
2784 5683 2991 5751 vn,25.
3069 5681 3110 5713 ³⁸
3153 5682 3406 5749 llebr.u,
