4072 6346
670 395 769 446 ηπ

1699 388 1753 442 S.
1797 385 2069 440 CYRILU
2110 382 2572 438 ALEXANDRINI
2615 381 2929 435 AHCIIIEI’.

3818 383 3912 434 130

668 511 930 580 suscepit,
963 524 1067 565 non
1097 510 1185 565 ille
1233 511 1322 579 qui
1373 509 1545 563 dixit:
1592 528 1609 560 ι
1652 508 1751 574 Qui
1783 509 1914 561 vidit
1964 523 2068 568 tne,
2097 506 2227 559 vidit

2333 505 2687 572 ἀδελφότητα,
2705 504 2800 572 οὐχ
2821 503 2848 554 6
2864 499 3040 569 λέγων
3063 520 3075 533 ·
3115 503 3170 553 ’0
3188 502 3441 572 ἑωρακὼς
3461 505 3574 572 εμὲ,
3598 502 3806 574 ἑώρακε
3824 505 3910 555 τὸν

667 615 719 658 ot
744 604 956 657 Patrem
989 604 1055 657 “.
1084 623 1101 654 ι
1140 602 1337 656 Missus
1368 611 1449 655 est
1478 610 1657 654 autem
1692 599 1777 652 ille
1813 599 1964 653 nobis
2001 601 2235 650 consuti-

669 694 970 758 Stantialis,
1021 705 1074 749 et
1100 704 1291 748 unctus
1331 702 1412 746 est
1442 692 1745 760 praedicans
1779 689 2008 759 captivis
2046 688 2235 742 remis-

668 786 871 839 sionem
907 793 961 838 et
1007 785 1163 838 etscis
1213 783 1386 836 visum
1409 782 1453 812 “
1501 799 1518 831 t
1559 781 1793 849 Spiritus
1834 781 1976 833 enim
2024 778 2233 832 Domini

667 889 828 945 super
867 890 950 928 me
971 914 986 939 ,
1018 884 1237 943 pr0pter
1266 875 1407 942 quod
1449 873 1602 925 unxit
1634 886 1737 926 me.
1772 869 1820 940 ι]

1323 1008 1477 1065 CAP.
1521 1007 1608 1060 Ill.

744 1143 946 1197 Dividit
979 1157 1109 1212 ergo
1140 1156 1351 1196 rursum
1387 1140 1438 1195 in
1475 1142 1625 1202 duos,
1657 1148 1712 1193 ut
1738 1140 2080 1209 perspicuum
2112 1147 2230 1191 est:

668 1235 813 1305 atqui
850 1236 1119 1303 quomodo
1170 1248 1276 1288 non
1317 1233 1658 1288 convinceris
1695 1231 1945 1285 animalis
1997 1243 2137 1292 esse,
2184 1237 2238 1283 et

667 1327 914 1396 spiritum
959 1341 1064 1379 non
1095 1325 1317 1387 habere,
1361 1333 1421 1378 ut
1475 1325 1551 1378 ait
1600 1323 1689 1377 ille
1724 1321 2024 1376 Salvatoris
2064 1320 2234 1375 nostri

668 1416 999 1484 discipulus?
1040 1413 1144 1469 Sed
1184 1419 1261 1469 vis
1286 1427 1436 1468 certe
1468 1414 1580 1481 ipsa
1613 1413 1857 1467 veritatis
1893 1412 1997 1464 tuis
2034 1410 2234 1472 verbis,

665 1510 813 1577 oqui
849 1509 918 1560 ita
975 1507 1166 1570 sentis,
1219 1514 1503 1574 repugnat.
1552 1501 1661 1558 Nos
1718 1504 1858 1556 enim
1909 1503 2236 1556 allirmamus

672 1602 843 1667 ipsum
875 1614 940 1652 ex
975 1598 1086 1653 Deo
1118 1598 1277 1652 Patre
1325 1595 1557 1649 Verbum
1587 1594 2006 1663 apprehendisse
2051 1606 2233 1646 semen

667 1691 963 1753 Abraham,
997 1699 1049 1743 et
1078 1704 1230 1742 suum
1283 1686 1476 1741 fecisse
1520 1700 1719 1754 corpus
1748 1684 1929 1738 anima
1977 1681 2232 1737 rationali

668 1783 971 1852 praeditum,
1007 1782 1157 1845 illud,
1194 1779 1445 1848 inquam,
1474 1792 1540 1830 ex
1581 1787 1763 1831 sancta
1820 1775 2035 1845 Virgine
2085 1789 2234 1830 sum-

2339 596 2577 664 Πατέρα.
2614 615 2629 645 ι
2713 593 3012 664 Ἀπεστάλη
3065 593 3118 645 δὲ
3172 598 3199 646 6
3252 596 3380 663 ἡμῖν
3447 595 3765 662 ὀμοούσιος,
3822 598 3908 646 καὶ

2337 688 2615 755 κέχρισται
2646 685 2929 756 κηρύττων
2948 684 3310 754 αἰχμαλώτοις
3333 686 3547 754 ἄφεσιν,
3574 689 3668 738 καὶ
3692 686 3908 754 τυφλοῖς

2337 775 2649 844 ἀνάϐλεψιν.
2689 794 2706 826 ι
2730 773 2953 844 Πνεῦμα
2989 775 3095 847 γὰρ
3123 774 3329 846 Κυρίου
3360 776 3446 828 ἐπ’
3482 778 3602 844 ἐμὲ,
3642 769 3708 828 οῦ
3727 777 3909 828 ἕνεκεν

2337 864 2519 934 ἕχρισέ
2564 881 2649 934 με.
2687 883 2703 914 ι
2736 864 2750 936 ]

2939 1001 3187 1054 ΚΕΦΑΛ.
3237 1002 3310 1054 Γ¹.

2408 1117 2636 1205 Διορίζει
2666 1129 2758 1187 οῦν
2790 1136 2868 1196 εἰς
2912 1133 3005 1188 δύο
3043 1135 3106 1206 δὴ
3149 1136 3330 1200 πάλιν,
3377 1136 3472 1190 καὶ
3510 1137 3652 1208 μάλα
3685 1140 3903 1206 σαφῶς·

2337 1218 2454 1275 εἶτα
2509 1224 2626 1286 πῶς
2659 1225 2758 1278 ούκ
2804 1225 3087 1297 ὲλήλεγξαι
3125 1227 3354 1297 ψυχικὸς
3395 1229 3484 1282 κειὶ
3553 1229 3768 1300 πνεῦμα
3835 1234 3906 1301 μὴ

2336 1313 2494 1384 ἔχων,
2543 1316 2687 1369 καθά
2730 1333 2863 1385 φησι
2917 1317 3009 1370 τοῦ
3045 1318 3296 1389 Σωτῆρος
3340 1319 3369 1370 6
3425 1318 3704 1391 μαθητης;
3769 1322 3907 1374 Ἀλλ’

2336 1404 2429 1472 ἤτε
2463 1403 2473 1474 Ι
2503 1405 2586 1458 τσ.
2625 1406 2658 1476 ἦ
2700 1405 2804 1478 γε]
2837 1408 2932 1477 τῆς
2964 1409 3220 1479 ἀληθείας
3262 1410 3488 1480 δύναμις
3524 1415 3634 1474 τοῖς
3681 1415 3814 1477 σοῖς,
3864 1408 3907 1468 ὦ

2335 1485 2509 1556 οὗτος,
2539 1495 2878 1559 ἀντιτάξεται
2904 1497 3099 1565 λόγοις.
3129 1498 3580 1568 Διῖσχυριζόμεθα
3613 1502 3718 1572 γὰρ
3747 1503 3909 1555 αὐτὸν

2335 1586 2427 1637 τὸν
2462 1588 2523 1639 ἐκ
2557 1586 2690 1639 Θεοῦ
2735 1588 2945 1658 [ἰατρὸς
2990 1589 3160 1656 Λόγον
3204 1590 3554 1644 ἐπιλαϐέσθαι
3599 1594 3908 1664 σπέρματος

2349 1676 2616 1747 Ἀϐραὰμ,
2666 1679 2756 1731 καὶ
2809 1681 2935 1732 ἴδιον
2979 1681 3302 1750 ποιήσασθαι
3354 1681 3511 1752 σῶμα
3553 1684 3728 1754 ψυχὴν
3772 1684 3910 1753 ἔχων

2337 1768 2457 1841 [ῖσ.
2497 1769 2650 1841 ἕχον]
2700 1769 2797 1842 τὴν
2835 1772 3078 1843 λογικὴν,
3123 1774 3182 1826 τι,
3212 1777 3274 1826 ὲκ
3304 1776 3400 1844 τῆς
3428 1775 3586 1842 ἁγίας
3631 1777 3908 1846 Παρθένου

667 1849 815 1938 ptum
856 1886 868 1922 :
905 1871 1084 1937 itaque
1117 1881 1210 1936 per
1247 1882 1428 1920 veram
1458 1866 1709 1918 unionem
1737 1879 1903 1918 unum
1952 1865 2227 1918 eumdem-

2335 1862 2534 1928 ληφθὲν
2565 1863 2742 1931 σῶμα.
2783 1865 2892 1916 Καὶ
2917 1864 2980 1934 δὴ
3019 1865 3141 1917 καθ’
3170 1866 3362 1919 ἕνωσιν
3385 1867 3579 1938 ἀληθῆ,
3611 1868 3705 1921 ἕνα
3732 1886 3791 1921 τε
3818 1871 3911 1921 καὶ

665 1974 769 2029 que
796 1960 1022 2012 dicimus
1052 1972 1175 2012 esse
1206 1958 1355 2011 illum
1399 1958 1512 2012 heri
1541 1967 1597 2010 et
1620 1956 1780 2011 hodie
1833 1964 1890 2011 et
1925 1956 1976 2008 in
2008 1954 2228 2020 saecula,

667 2052 756 2121 qui
793 2052 1084 2103 secundum
1138 2050 1474 2102 divinitatem
1515 2058 1636 2101 erat
1679 2057 1806 2100 ante
1853 2046 2149 2109 Abraham,
2179 2058 2232 2100 et

666 2145 754 2214 qui
796 2152 976 2211 postea
1028 2141 1205 2196 factus
1265 2151 1350 2195 est
1381 2141 1566 2204 homo,
1620 2150 1676 2193 et
1718 2139 2120 2207 generationem
2166 2152 2231 2190 ex

667 2235 892 2288 muliere
947 2233 1136 2287 subiit.
1205 2232 1317 2285 Non
1376 2244 1507 2299 ergo
1563 2230 1822 2283 mentitur
1872 2243 1994 2282 cum
2047 2228 2227 2283 dicit:

671 2343 690 2375 ι
726 2325 897 2377 Amen
931 2323 1054 2377 dico
1088 2323 1238 2376 vobis
1265 2359 1279 2385 ,
1331 2323 1648 2390 priusquam
1705 2321 1982 2374 Abraham
2043 2319 2228 2384 fleret,

664 2431 764 2486 ego
795 2429 933 2468 sum.
980 2432 1001 2466 ι
1042 2412 1146 2467 Sed
1176 2414 1294 2467 iste
1317 2426 1539 2482 prorsus
1572 2426 1678 2466 non
1704 2410 1954 2479 intelligit
1975 2411 2229 2479 quidnam

665 2506 794 2560 illud
821 2505 911 2569 sit,
948 2505 1063 2556 heri
1088 2513 1142 2557 et
1189 2503 1350 2557 hodie
1397 2511 1451 2556 et
1480 2503 1533 2556 in
1591 2503 1787 2557 saecula
1815 2519 1828 2556 :
1859 2501 1967 2572 76
2021 2516 2143 2554 nam
2176 2511 2233 2554 ut

663 2606 923 2652 aeternum
960 2609 1084 2649 esse
1128 2603 1184 2648 et
1218 2593 1407 2649 eodem
1460 2595 1619 2648 modo
1675 2595 1876 2649 habere
1924 2598 2227 2648 secundum

667 2697 938 2747 naturam,
969 2700 1144 2754 neque
1195 2685 1558 2750 conversioni,
1605 2687 2007 2753 mutationique
2051 2684 2234 2753 subju-

664 2789 787 2829 cere
815 2774 907 2827 Dei
943 2771 1175 2828 Verbum
1207 2775 1537 2837 ostenderet,
1580 2776 1743 2828 etiam
1779 2777 1826 2829 si
1863 2777 2037 2828 factus
2062 2776 2222 2828 homo

663 2864 777 2930 sit,
832 2871 1046 2932 tempus
1085 2878 1242 2917 Omne
1299 2862 1552 2918 distinxit
1600 2864 1653 2918 in
1705 2865 1802 2918 tria
1856 2877 2098 2935 tempora
2127 2909 2141 2932 ,
2175 2875 2229 2919 et

664 2954 802 3019 heri,
835 2955 900 3007 de
946 2955 1217 3022 praeterito
1255 2954 1431 3020 dixit;
1467 2955 1532 3009 de
1583 2956 1877 3023 praesenti,
1917 2957 2074 3010 hodie
2111 2973 2125 3020 ;
2165 2959 2230 3010 de

664 3046 883 3108 futuro,
915 3045 966 3099 in
997 3044 1250 3099 sarculum
1298 3063 1311 3099 :
1347 3044 1451 3098 iste
1497 3060 1626 3100 vero
1664 3045 1966 3114 imperitus,
2004 3046 2119 3100 heri
2171 3056 2228 3100 et

664 3139 822 3193 hodie
855 3146 1106 3207 tauquam
1138 3138 1202 3191 de
1233 3139 1506 3190 communi
1541 3137 1758 3191 homine
1783 3137 1849 3190 ab
1877 3151 1941 3190 eo
1975 3136 2212 3201 dicatur,

661 3216 982 3298 insipienter
1021 3227 1297 3292 aflirmat,
1359 3243 1462 3282 non
1517 3227 1824 3297 intelligens
1864 3241 2088 3296 prorsus
2135 3241 2226 3280 au-

661 3315 947 3379 tiquiorem
976 3314 1121 3367 illum
1168 3323 1222 3367 et
1253 3315 1486 3382 priorem
1523 3329 1617 3369 sua
1670 3315 1836 3383 ipsius
1878 3315 2226 3383 generatione

659 3419 691 3457 a
725 3419 786 3458 se
808 3405 1166 3474 pronuntiari,
1197 3405 1464 3473 siquidem
1496 3411 1615 3460 erat
1637 3405 1861 3459 oumiuo
1886 3406 2052 3458 etiam
2083 3405 2224 3468 heri,

657 3499 800 3565 quod
825 3496 1078 3565 prsteriti
1105 3497 1362 3563 temporis
1377 3496 1828 3565 signiﬁcationem
1848 3495 2030 3549 habet.
2057 3493 2227 3548 Porro

663 3603 768 3641 non
817 3601 937 3641 esse
970 3587 1133 3641 alium
1176 3586 1326 3642 illum
1377 3587 1492 3639 heri
1546 3596 1600 3639 et
1631 3587 1786 3639 hodie
1838 3582 2021 3640 Jesum
2069 3584 2228 3640 Chri-

659 3689 824 3742 stum,
854 3679 1018 3731 alium
1056 3693 1182 3732 vero
1209 3693 1328 3732 eum
1360 3678 1450 3746 qui
1480 3677 1608 3731 dicit
1642 3693 1655 3728 :
1688 3693 1705 3726 ι
1735 3677 2034 3743 Antequam
2056 3676 2227 3729 Abra-

663 3772 783 3824 ham
811 3771 981 3833 lieret,
1012 3783 1110 3838 ego
1145 3783 1288 3831 sum,
1315 3787 1332 3818 ι
1365 3768 1457 3821 sed
1485 3782 1647 3819 unum
1673 3777 1727 3820 et
1760 3765 2005 3818 eumdem
2039 3780 2228 3819 secun-

659 3860 786 3913 dutn
815 3873 996 3913 veram
1029 3859 1304 3922 unionem,
1336 3871 1459 3911 cum
1499 3855 1641 3908 Deus
1677 3854 1908 3908 Verbum
1950 3854 2020 3906 sit
2067 3853 2227 3908 homo

655 3953 838 4004 factus
881 3949 1047 4003 nostri
1085 3949 1316 4011 similis,
1373 3959 1428 4000 et
1455 3962 1566 4000 sua:
1613 3956 1817 3999 natura:
1866 3944 2224 3998 conditlouem

658 4042 804 4095 illam
836 4056 939 4109 qua
966 4039 1233 4108 principio
1269 4041 1528 4105 temporis
1557 4046 1729 4103 caret,
1786 4038 2022 4091 servarit
2056 4037 2222 4091 etiam

651 4151 779 4188 cum
812 4135 983 4188 factus
1021 4142 1105 4188 est
1134 4147 1285 4195 caro,
1347 4132 1599 4185 facillime
1634 4132 1863 4199 quisque
1920 4144 1986 4183 ex
2050 4129 2224 4184 sacris

661 4225 856 4278 litteris
896 4222 1202 4291 perspiciet.
1252 4221 1342 4272 Ait
1367 4223 1512 4273 enim
1561 4219 1803 4274 Joannes
1836 4220 2027 4273 beatus
2059 4231 2226 4271 evan-

659 4317 848 4384 gelista
876 4316 941 4367 de
961 4314 1202 4367 oumium
1234 4313 1514 4367 Salvatore
1538 4311 1757 4366 Christo
1797 4329 1809 4364 :
1846 4309 2088 4365 Joannes
2139 4318 2222 4363 te-

658 4402 970 4454 stimonium
996 4401 1243 4469 perhibet
1261 4401 1325 4453 dc
1344 4401 1480 4467 ipso,
1507 4411 1559 4453 et
1579 4399 1798 4463 clamat,
1819 4400 2002 4453 dicens
2028 4415 2041 4450 :
2071 4416 2089 4448 ι
2120 4397 2225 4464 Qui

2335 1951 2425 2004 τὸν
2465 1953 2628 2005 αὐτὸν
2662 1949 2800 2006 εἷναί
2840 1973 3019 2024 φαμεν
3047 1959 3137 2009 τὸν
3166 1957 3289 2027 χθὲς
3321 1960 3413 2012 καὶ
3444 1961 3680 2030 σήμερον
3709 1962 3803 2014 καὶ
3831 1963 3910 2025 είς

2335 2045 2461 2107 τοὺς
2485 2043 2707 2110 αἰῶνας,
2739 2045 2866 2099 ὄντα
2886 2063 2944 2099 τε
2977 2046 3082 2117 πρὸ
3131 2046 3379 2118 Ἀϐραὰμ
3413 2048 3627 2113 θεῖκῶς,
3646 2052 3910 2118 γεγονότα

2331 2133 2388 2186 δὲ
2422 2135 2515 2186 καὶ
2547 2136 2682 2206 μετὰ
2712 2136 2870 2190 τοῦτο
2900 2136 3201 2208 ἄνθρωπον,
3236 2138 3330 2191 καὶ
3353 2139 3601 2208 γέννησιν
3617 2142 3909 2210 ὑπομείναι

2332 2227 2430 2295 τὴν
2475 2229 2538 2279 ἐκ
2591 2229 2866 2295 γυναικός.
2911 2229 3118 2282 Οὐκοῦν
3165 2232 3225 2283 οὐ
3279 2230 3634 2300 ψευδοεπήσει
3694 2232 3907 2301 λέγων’

2340 2339 2357 2370 ι
2406 2321 2575 2390 ’Λμὴν
2629 2319 2771 2386 λέγω
2812 2322 2960 2390 ὑμῖν,
3010 2323 3138 2390 πρὶν
3194 2321 3444 2392 Ἀϐραὰμ
3500 2323 3750 2388 γενέσθαι
3799 2325 3912 2392 ἐγώ

2332 2411 2464 2480 εἰμι.
2497 2429 2514 2459 ι
2567 2411 2702 2463 Ἀλλ’
2745 2412 2806 2464 ού
2866 2412 3109 2480 συνίησιν
3141 2411 3295 2474 ὅλως,
3350 2411 3378 2463 ὃ
3417 2411 3470 2464 τί
3527 2412 3658 2466 ποτε
3695 2413 3816 2466 ἐστι
3852 2414 3913 2467 τὸ

2333 2501 2457 2569 χθὲς
2495 2500 2587 2552 καὶ
2645 2502 2917 2570 σήμερον,
2958 2501 3052 2553 καὶ
3099 2502 3178 2562 είς
3216 2502 3341 2563 τοὺς
3384 2500 3617 2563 αίῶνας·
3672 2503 3758 2555 ἵνα
3801 2504 3912 2574 γὰρ

2333 2587 2499 2641 ἀΐδιον
2534 2588 2681 2652 ὅντα,
2731 2589 2824 2642 καὶ
2866 2589 3126 2652 ὡσαύτως
3178 2590 3367 2660 ἔχοντα
3409 2592 3551 2646 κατὰ
3591 2593 3771 2661 φύσιν,
3814 2597 3910 2648 καὶ

2332 2681 2536 2748 τροπῆς
2569 2679 2776 2748 ἀμείνω
2815 2681 2908 2731 καὶ
2955 2680 3254 2748 μεταϐολῆς
3293 2681 3384 2732 τὸν
3428 2681 3521 2733 τοῦ
3556 2681 3692 2736 Θεοῦ
3736 2701 3908 2737 κατα-

2331 2769 2478 2839 δείξῃ
2512 2769 2701 2833 Λόγον,
2735 2768 2837 2822 κᾶν
2860 2771 2911 2822 εί
2949 2771 3166 2837 γέγονεν
3211 2771 3512 2840 ἄνθρωπος,
3568 2776 3648 2836 είς
3681 2776 3909 2845 καιροὺς

2337 2862 2432 2929 μὲν
2460 2862 2710 2932 διέστησε
2758 2863 2907 2932 τρεῖς
2935 2862 3024 2916 τὸν
3058 2862 3270 2916 ἅπαντα
3300 2863 3490 2933 χρόνον
3515 2879 3527 2894 ’
3562 2863 3744 2934 τίθησι
3765 2864 3822 2918 δὲ
3847 2867 3910 2920 τὸ

2335 2950 2433 3017 μὲν
2471 2948 2617 3017 χθὲς,
2652 2951 2744 3002 ἐπὶ
2781 2950 2874 3002 τοῦ
2920 2951 3330 3020 παρῳχηκότος,
3376 2953 3468 3004 ἐπὶ
3499 2954 3556 3006 δέ
3583 2970 3647 3021 γε
3681 2954 3775 3008 τοῦ
3817 2957 3907 3009 ἑν-

2337 3041 2652 3110 εστηκότος,
2709 3041 2772 3094 τὸ
2816 3045 3087 3113 σήμερονο
3139 3045 3232 3096 καὶ
3271 3045 3362 3097 ἐπὶ
3395 3046 3699 3115 μέλλοντος,
3726 3046 3787 3101 τὸ
3825 3049 3909 3112 είς

2331 3131 2532 3195 αἰῶνας
2559 3149 2573 3164 ο
2604 3134 2632 3186 ὀ
2664 3133 2719 3186 δὲ
2743 3134 2999 3205 ἄγροικος
3031 3136 3236 3200 οὑτοσὶ,
3269 3138 3329 3189 τὸ
3366 3137 3490 3206 χθὲς
3520 3138 3614 3190 καὶ
3641 3139 3905 3210 σήμερον,

2329 3223 2403 3285 ὡς
2431 3224 2516 3296 ᾲπ⁹
2557 3223 2849 3294 ἀνθρώπου
2876 3226 3092 3295 λέγεται
3124 3230 3257 3298 παρ’
3292 3227 3457 3281 αὑτοῦ
3502 3227 3683 3281 κοινοῦ
3721 3246 3909 3300 παρα-

2326 3313 2496 3382 λόγως
2525 3313 2726 3385 [λείπει
2755 3317 2842 3388 τι]
2865 3333 2877 3349 ο
2931 3319 3030 3371 οὐκ
3056 3319 3271 3386 ἐννοῶν,
3308 3321 3391 3372 ὅτι
3435 3319 3808 3392 πρεσϐύτερόν
3847 3339 3908 3375 τε

2328 3407 2420 3458 καὶ
2469 3409 2887 3478 προϋπάρχοντα
2920 3410 3018 3479 τῆς
3051 3410 3244 3463 ἑαυτοῦ
3292 3413 3596 3482 γεννήσεως
3635 3413 3911 3483 ἀποφανεῖ

2329 3497 2504 3566 πάντη
2536 3515 2594 3550 τε
2632 3503 2726 3550 καὶ
2757 3499 2992 3563 πάντως,
3034 3501 3192 3572 εἴπερ
3220 3497 3287 3574 ἦν
3320 3503 3457 3567 ὅλως
3491 3505 3585 3557 καὶ
3630 3504 3773 3559 κατὰ
3805 3505 3909 3572 τὴν

2327 3583 2474 3652 χθὲς,
2507 3586 2643 3654 ὅπερ
2678 3587 2793 3638 ἐστὶ
2827 3587 2920 3639 τοῦ
2960 3590 3352 3658 παρῳχηκότος
3395 3591 3588 3662 καιροῦ
3637 3609 3910 3663 σημαντι-

2329 3675 2440 3726 κόν.
2477 3675 2598 3727 Ὅτι
2624 3676 2720 3744 μὲν
2750 3675 2850 3746 οὐχ
2875 3677 3064 3743 ἔτερος
3095 3680 3123 3729 ὀ
3150 3678 3274 3746 χθὲς
3298 3680 3391 3730 καὶ
3419 3681 3655 3750 σήμερον
3696 3683 3908 3752 Ἰησοῦς

2328 3765 2582 3834 Χριστὸς,
2617 3766 2802 3835 ἕτερος
2830 3766 2885 3818 δὲ
2928 3768 2956 3817 6
3005 3766 3196 3834 λέγων,
3237 3787 3254 3818 t
3286 3771 3423 3839 Πρὶν
3456 3772 3702 3841 Ἀϐραὰμ
3751 3775 3908 3839 γενέ-

2329 3857 2474 3919 σθαι,
2513 3856 2622 3924 ἐγώ
2650 3860 2784 3925 εἰμι,
2816 3877 2834 3907 ι
2871 3858 2986 3911 ἀλλ’
3017 3854 3098 3922 εἷς
3121 3877 3178 3912 τε
3203 3861 3295 3912 καὶ
3318 3863 3345 3913 6
3378 3861 3536 3925 αὐτὸς
3563 3864 3686 3917 καθ’
3706 3865 3909 3921 ἕνωσιν

2329 3948 2499 4018 ἀληθῆ
2528 3947 2813 4017 ἀνθρώπου
2845 3949 2967 4001 καθ’
2990 3951 3139 4019 ἡμᾶς
3163 3952 3446 4020 γεγονότος
3475 3952 3569 4006 τοῦ
3592 3956 3786 4024 Λόγου,
3811 3959 3910 4012 καὶ

2327 4040 2393 4108 τῇ
2422 4039 2527 4109 ἰδίᾳ
2559 4039 2716 4108 φύσει
2746 4040 3135 4110 τετηρηκότος,
3181 4043 3274 4094 καὶ
3297 4043 3386 4094 ὅτε
3420 4045 3609 4111 γέγονε
3643 4045 3802 4116 σὰρξ,
3847 4046 3910 4098 τὸ

2327 4129 2561 4200 ἄναρχον
2588 4132 2644 4182 ὲν
2675 4132 2871 4200 χρόνῳ,
2923 4130 3264 4202 καταθρησαι
3310 4151 3392 4196 τις
3427 4134 3513 4198 ἂν,
3559 4137 3651 4187 καὶ
3683 4136 3910 4191 ἀταλαι-

2329 4220 2527 4291 πώρως
2573 4221 2766 4291 κομιδῆ
2814 4221 2901 4274 διά
2948 4239 3011 4290 γε
3054 4223 3150 4292 τῆς
3191 4223 3548 4277 θεοπνεύστου
3590 4226 3628 4277 Γ
3636 4227 3845 4297 ραφῆς”
3879 4228 3907 4282 ὃ

2328 4327 2460 4379 φησι
2489 4310 2538 4380 [ὃ
2570 4309 2873 4382 παρέλκει]
2899 4311 2994 4380 μὲν
3018 4311 3124 4382 γὰρ
3152 4313 3179 4363 6
3203 4313 3469 4382 μακάριος
3509 4313 3904 4386 εύαγγελιστὴς

2340 4401 2590 4467 Ἰωάννης
2623 4402 2749 4469 περὶ
2782 4402 2876 4452 τοῦ
2913 4402 3127 4454 πάντων
3159 4402 3316 4472 ἡμῶν
3346 4403 3595 4475 Σωτῆρος
3622 4405 3898 4476 Χριστοῦο

660 4502 780 4556 post
804 4507 886 4545 me
916 4494 1082 4555 venit,
1116 4501 1241 4545 ante
1271 4507 1356 4544 me
1384 4493 1558 4546 factus
1591 4500 1673 4544 est
1704 4531 1720 4556 ,
1770 4491 1898 4559 quia
1945 4491 2093 4559 prior
2140 4504 2224 4543 me

2341 4490 2592 4561 Ἰωάννης
2625 4494 2892 4561 μαρτυρεῖ
2915 4495 3043 4563 περὶ
3075 4491 3259 4557 αὐτοῦ,
3293 4491 3388 4545 καὶ
3425 4493 3663 4563 κέκραγε
3688 4492 3898 4563 λέγων·

658 4592 775 4636 erat
795 4582 892 4647 ⁵³;»
916 4593 969 4636 et
994 4583 1189 4634 iterum
1219 4600 1231 4634 :
1267 4600 1285 4632 ‹
1312 4583 1496 4636 Altera
1518 4582 1603 4635 die
1631 4581 1774 4635 videt
1798 4579 1980 4635 Jesum
2004 4581 2224 4634 venien-

662 4683 765 4726 tem
794 4672 860 4724 ad
892 4686 970 4734 se,
1007 4681 1062 4725 et
1089 4671 1163 4724 ait
1196 4688 1210 4723 :
1243 4671 1380 4725 Ecce
1411 4672 1596 4739 Agnus
1625 4672 1738 4736 Dei,
1775 4672 1864 4738 qui
1917 4669 2054 4724 tollit
2099 4684 2227 4738 pec-

662 4774 839 4818 catum
881 4763 1098 4826 mundi;
1126 4763 1212 4816 hic
1249 4773 1332 4817 eat
1371 4761 1437 4816 de
1459 4776 1564 4831 quo
1601 4762 1711 4815 dixi
1744 4778 1756 4813 :
1787 4761 1914 4814 Post
1942 4775 2028 4814 me
2078 4762 2226 4817 venit

660 4857 742 4908 vir
775 4855 866 4924 qui
893 4863 1018 4907 ante
1052 4869 1136 4908 me
1171 4854 1344 4908 factus
1377 4863 1479 4919 est,
1507 4854 1632 4922 quia
1667 4854 1813 4923 prior
1843 4866 1929 4907 me
1952 4863 2069 4906 erat
2091 4851 2157 4904 δι.
2199 4872 2216 4904 ι

662 4947 823 5001 \‘ides
847 4947 1010 5015 igitur
1050 4957 1233 5014 aperte
1274 4946 1728 5014 quemadmodum
1767 4944 2104 5000 admirabilis
2137 4945 2224 4998 ille

662 5037 900 5106 Baptista
940 5036 1211 5090 hominem
1260 5036 1404 5088 dicat
1431 5034 1639 5099 Jesnm,
1671 5044 1726 5088 et
1770 5045 1892 5102 post
1929 5036 2133 5098 venire,
2167 5045 2225 5089 ut

661 5128 1007 5198 posteriorem
1038 5135 1166 5180 natu
1201 5137 1254 5180 et
1278 5137 1398 5194 post
1444 5127 1617 5194 ipsum
1641 5164 1656 5189 ,
1707 5126 1856 5195 prius
1887 5135 2062 5179 tamen
2104 5140 2223 5180 esse

658 5220 908 5287 cmpisse,
943 5217 1197 5286 priusque
1222 5217 1495 5270 exstitisse
1537 5233 1551 5270 :
1595 5216 1646 5270 id
1685 5217 1861 5279 enim,
1899 5225 1960 5269 ut
1996 5216 2214 5284 opinor,

661 5309 945 5377 signiﬁcat,
984 5326 1000 5358 ι
1036 5307 1169 5372 Quia
1212 5308 1359 5374 prior
1394 5321 1479 5359 me
1509 5315 1646 5370 erat,
1680 5315 1734 5360 et
1759 5315 1882 5359 ante
1915 5320 1999 5360 me
2043 5305 2218 5361 factus

655 5411 762 5454 est.
801 5418 817 5450 ι
855 5400 1014 5467 Atqui
1038 5400 1081 5452 si
1119 5401 1279 5452 homo
1314 5404 1420 5461 est,
1447 5398 1716 5467 quomodo
1751 5398 1902 5467 prius
1950 5399 2227 5454 exstitisse

664 5491 1001 5558 intelligitur,
1034 5499 1127 5542 aut
1159 5489 1308 5559 prius
1344 5503 1466 5543 esse
1507 5489 1738 5557 erupisse
1782 5490 1982 5545 dicitur
2022 5503 2088 5544 eo
2136 5491 2226 5557 qui

665 5594 900 5650 tempore
933 5582 1077 5650 prior
1112 5589 1249 5645 erat,
1291 5589 1344 5633 et
1384 5581 1535 5650 prior
1589 5591 1714 5634 natu
1765 5582 2058 5635 secundum
2112 5597 2228 5636 car-

733 5757 776 5782 “
812 5759 961 5808 Joau.
992 5771 1098 5820 ειν,
1122 5756 1173 5809 9.
1252 5757 1296 5786 ⁸³
1332 5754 1434 5809 lsu.
1464 5772 1590 5821 Lxu,
1623 5758 1752 5824 1,2;
1787 5757 1917 5812 Luc.
1945 5773 2017 5822 tv,
2046 5754 2130 5811 l8.
2164 5756 2244 5808 l9.

2334 4598 2352 4631 ι
2391 4581 2448 4634 'O
2471 4581 2645 4633 ὀπίσω
2679 4598 2781 4651 μου
2821 4582 3132 4652 ἐρχόμενος,
3177 4582 3486 4653 ἔμπροσθέν
3523 4601 3624 4653 μου
3653 4585 3902 4653 γέγονεν,

2327 4671 2409 4724 ὅτι
2439 4671 2652 4741 πρῶτός
2678 4688 2777 4741 μου
2797 4667 2882 4742 ἦν·
2901 4691 2917 4722 i
2953 4673 3046 4724 καὶ
3073 4671 3234 4725 πάλιν
3257 4688 3268 4700 ·
3300 4672 3406 4743 «Τῇ
3428 4673 3686 4744 ἐπαύριον
3711 4674 3904 4744 βλέπει

2330 4760 2419 4813 τὸν
2461 4761 2665 4829 Ἰησοῦν
2700 4762 2990 4832 ἐρχόμενον
3024 4762 3161 4832 πρὸς
3200 4761 3360 4814 αὑτὸν
3383 4763 3478 4815 καὶ
3514 4762 3699 4832 λέγει·
3733 4767 3841 4820 Ἴδε
3875 4771 3904 4821 6

2344 4853 2535 4922 Ἀμνὸς
2572 4852 2664 4904 τοῦ
2699 4853 2832 4905 Θεοῦ
2860 4855 2887 4906 ὀ
2917 4853 3086 4922 αἴρων
3117 4853 3216 4924 τὴν
3247 4854 3519 4925 ἁμαρτίαν
3544 4855 3636 4908 τοῦ
3667 4858 3898 4928 κόσμου’

2331 4938 2484 5006 οὗτός
2515 4946 2627 4996 ἐστι
2668 4943 2792 5014 περὶ
2826 4937 2885 4994 οῦ
2913 4944 3023 5011 ἐγὼ
3063 4940 3246 5010 εἷπον,
3291 4945 3492 4998 Ὀπίσω
3535 4963 3636 5017 μου
3678 4947 3900 5019 ἔρχεται

2333 5035 2491 5105 ἀνὴρ,
2538 5034 2595 5097 ὃς
2639 5033 2945 5104 ἔμπροσθέν
2992 5051 3092 5103 μου
3131 5035 3374 5103 γέγονεν,
3415 5038 3494 5089 ὅτι
3533 5037 3748 5107 πρῶτός
3794 5055 3897 5108 μου

2330 5120 2416 5193 ἦν.
2449 5144 2467 5174 ›
2506 5124 2663 5193 Ὀρᾷς
2688 5121 2780 5175 οὖν
2807 5122 2914 5192 ἄρα
2958 5123 3050 5175 καὶ
3087 5123 3232 5193 μάλα
3261 5140 3445 5192 σαφως
3472 5124 3564 5177 τὸν
3606 5124 3898 5178 θεσπέσιον

2333 5215 2641 5285 Βαπτιστὴν
2679 5215 2846 5284 ἄνδρα
2892 5214 3118 5283 λέγοντα
3160 5215 3249 5268 τὸν
3301 5215 3526 5286 Ἰησοῦν,
3567 5217 3663 5270 καὶ
3718 5218 3898 5273 ὀπίσω

2331 5308 2431 5376 μὲν
2492 5307 2802 5377 ἐρχόμενον,
2859 5305 2933 5368 ὼς
2988 5305 3212 5374 ὀψιγενῆ
3274 5322 3331 5358 τε
3377 5307 3469 5359 καὶ
3527 5307 3642 5377 μετ’
3695 5309 3892 5363 αὐτόν·

2330 5397 2751 5469 προϋπάρχοντα
2782 5413 2845 5461 γε
2891 5396 2996 5465 μὴν
3041 5395 3223 5460 αὐτοῦ,
3275 5396 3364 5448 καί
3404 5399 3892 5469 προῦφεστηκότα·

2329 5491 2477 5560 δηλοῖ
2520 5490 2628 5558 γὰρ
2657 5485 2810 5558 οἴμαι
2843 5489 3011 5552 τουτὶ,
3056 5487 3133 5550 τὸ,
3175 5506 3196 5539 ι
3224 5488 3345 5541 Ὅτι
3397 5489 3608 5560 πρῶτός
3660 5507 3762 5561 μου
3807 5487 3896 5562 ἦν,

2333 5583 2424 5633 καὶ
2453 5579 2758 5650 ἔμπροσθέν
2788 5597 2888 5649 μου
2920 5579 3158 5647 γέγονεν.
3187 5597 3205 5629 ›
3239 5575 3368 5634 Εἶτα
3403 5581 3536 5647 πῶς,
3567 5581 3724 5654 εἴπερ
3750 5585 3899 5640 εστὶν

2320 5757 2364 5787 ⁸³
2404 5754 2551 5808 luan.
2584 5769 2616 5817 I,
2651 5751 2731 5807 15.
2810 5754 2854 5785 ⁵⁸
2892 5755 3022 5808 Ibid.
3047 5753 3135 5823 29,
3163 5754 3252 5810 30.
