4072 6346
163 390 251 445 157
1257 384 1627 443 ADVERSUS
1660 382 2065 442 NESTORIUM
2107 385 2234 441 LIB.
2281 385 2365 438 Ill.

3295 389 3394 442 l58

157 506 299 574 ἀνὴρ,
334 503 761 574 προῦφεστηκὼς
787 505 1007 568 νοεῖται,
1040 506 1137 558 καὶ
1162 505 1532 576 πρώπάρχων
1564 505 1707 571 λέγε-

1824 520 1943 559 nem
1970 506 1992 558 9
2020 505 2150 558 Nam
2176 507 2219 558 si
2256 509 2321 558 de
2352 505 2529 573 aliquo
2560 516 2801 559 nostrum
2837 506 2936 560 hoc
2970 504 3198 560 fortasse
3226 509 3390 572 dicat,

154 610 232 645 ται
257 591 345 645 τοῦ
377 592 764 662 προειληφότος
800 594 941 647 κατὰ
974 594 1066 648 τὸν
1097 596 1309 667 χρόνον,
1345 598 1438 649 καὶ
1478 596 1715 664 «psciu-

153 682 299 751 τέραν
324 680 535 750 ἔχοντος
577 683 674 751 τὴν
706 684 844 737 κατά
870 685 1048 754 σάρκα
1098 685 1351 756 γέννησιν
1399 685 1603 752 αὐτοῦς
1653 686 1718 739 Εί

154 773 241 841 μὲν
282 774 385 841 γὰρ
430 773 521 825 ὲπί
576 791 719 852 τινος
778 775 886 828 τῶν
934 778 1054 832 καθ’
1118 779 1264 848 ἡμᾶς
1311 781 1463 832 τουτὶ
1511 777 1720 846 λέγοιτο

149 862 317 929 τυχὸν,
344 864 678 933 ἀπορήσειεν
703 864 790 931 ἂν,
815 862 989 936 οἶμαι,
1014 869 1107 920 καὶ
1126 868 1458 922 ἀπαστισοῦν
1483 870 1563 931 είς
1585 870 1719 922 ἀτω-

149 953 342 1019 ὶογίαψ
367 955 460 1006 ἐπὶ
479 955 535 1007 δέ
562 974 621 1023 γε
644 956 738 1009 τοῦ
763 959 977 1011 πάντων
1001 960 1161 1029 ημῶν
1187 960 1435 1030 Σωτῆρος
1457 962 1714 1030 Χριστοῦ,

149 1044 202 1095 τὸ
232 1045 477 1113 ἐμποδὼν
506 1048 665 1101 οὐδέν
687 1064 699 1077 ·
732 1048 1030 1102 οἰκειοῦται
1068 1050 1166 1117 μὲν
1198 1051 1304 1120 γὰρ
1326 1054 1355 1103 6
1382 1052 1445 1103 ὲκ
1461 1052 1595 1103 Θεοῦ
1616 1054 1716 1121 τῆς

150 1136 272 1199 ἰδίας
300 1139 501 1207 σαρκὸς
535 1140 632 1209 τὴν
680 1140 933 1210 γέννησιν
955 1158 969 1170 ⁸
1010 1142 1151 1213 πλὴν
1187 1143 1287 1195 οὐκ
1321 1144 1591 1213 ἠγνόηκεν
1632 1145 1715 1195 ὅτι

146 1228 242 1281 τῶν
294 1230 505 1283 αἰώνων
554 1234 670 1284 ἐστὶ
734 1235 984 1304 ποιητὴς,
1043 1234 1137 1289 καὶ
1180 1234 1590 1304 προῦφέστηκεν
1640 1234 1714 1298 ὡς

144 1321 283 1383 Θεὸς,
311 1322 405 1395 καί
427 1321 503 1391 τῷ
531 1323 644 1393 ίδίῳ
669 1324 843 1394 Πατρὶ
876 1327 1162 1389 συναῒδιος.
1181 1327 1255 1379 Οὐ
1279 1326 1385 1396 γάρ
1407 1326 1489 1378 τοί
1511 1343 1711 1396 φαμεν,

144 1413 306 1481 ὅτιτῇ
352 1415 604 1483 γεννήσει
647 1415 740 1467 τοῦ
792 1417 921 1469 ίδίου
968 1416 1221 1486 σώματος
1265 1417 1559 1489 σύγχρονον
1603 1417 1715 1486 εχει

143 1502 231 1569 τὴν
261 1500 521 1574 ῦπαρξιν,
551 1503 665 1555 ἀλλ’
688 1500 776 1574 ἦν,
804 1505 877 1567 ὼς
904 1506 1060 1574 ἔφην,
1096 1508 1159 1559 ὲκ
1194 1508 1291 1576 τῆς
1331 1508 1425 1560 τοῦ
1459 1506 1595 1560 Θεοῦ
1621 1508 1715 1559 καὶ⁵

144 1592 340 1662 Πατρὸς
388 1594 577 1658 οὐσίας
634 1595 961 1666 ἀπορρήτως
1032 1600 1449 1668 γεγεννημένος.
1506 1597 1715 1651 Οὐκοῦν

143 1684 267 1751 ἔχων
298 1684 355 1735 rb
383 1681 522 1738 εἶναι
554 1688 659 1755 πρὸ
706 1687 957 1757 Ἀϐραὰμ
991 1688 1065 1753 ώς
1090 1690 1243 1752 Θεὸς,
1278 1691 1381 1744 κᾶν
1412 1692 1459 1743 εί
1490 1692 1711 1758 γέγονεν

142 1776 433 1845 ἄνθρωπος,
484 1780 580 1831 οῦκ
606 1778 670 1831 ἂν
700 1781 1053 1849 διαψεύσαιτο
1074 1782 1271 1850 λέγων,
1294 1784 1369 1845 ώς
1394 1777 1475 1845 εἷς
1499 1782 1713 1851 ἀληθῶς

1823 596 2091 650 neminem
2127 606 2257 663 puto
2289 595 2416 661 quid
2460 598 2784 665 respondeat
2811 596 3124 649 habiturum
3157 614 3170 648 :
3204 598 3297 651 sed
3339 600 3389 651 in

1820 688 2061 743 omnium
2101 696 2345 741 nostrum
2370 686 2653 740 Salvatore
2680 686 2900 740 Christo
2926 688 3060 741 nihil
3081 688 3336 757 impediet
3374 708 3387 742 :

1821 792 1945 830 nam
1976 776 2147 844 ipsum
2188 774 2281 828 Dei
2338 774 2568 829 Verbum
2604 790 2713 829 suae
2769 777 2949 830 carnis
2983 778 3390 845 generationem

1818 866 1920 921 sibi
1962 877 2214 933 tanquam
2248 865 2521 933 propriam
2564 866 2805 920 vindicat
2837 882 2845 913 ε
2888 882 2986 922 nec
3021 877 3199 923 tamen
3238 870 3392 939 igno-

1820 957 1962 1011 ravit
2006 958 2156 1009 illum
2190 971 2315 1011 esse
2339 958 2671 1011 conditorem
2724 957 3075 1023 saeculorum,
3136 968 3190 1013 et
3242 960 3392 1027 prius

1819 1048 2125 1111 exstitisse.
2163 1059 2347 1116 utpote
2388 1049 2585 1113 Deum,
2632 1059 2686 1103 et
2718 1065 2815 1103 suo
2849 1048 2996 1104 l’atri
3034 1062 3386 1105 coaeternum.

1822 1138 2007 1205 Neque
2053 1139 2199 1192 enim
2234 1139 2384 1191 illum
2419 1140 2650 1193 dicimus
2703 1156 2929 1207 corpore
2988 1143 3255 1196 nativitati
3296 1159 3389 1197 co-

1817 1245 1989 1283 aevum
2044 1231 2245 1283 habere
2294 1230 2506 1283 initium
2561 1233 2966 1297 subsistentia,
3005 1235 3097 1287 sed
3142 1245 3294 1298 erat,
3330 1244 3390 1287 ut

1818 1322 1953 1384 dixi,
1987 1336 2050 1374 ex
2086 1323 2195 1387 ipsa
2242 1320 2333 1374 Dei
2395 1321 2499 1390 77
2540 1331 2592 1376 et
2639 1322 2812 1377 Patris
2858 1315 3094 1378 essentia
3146 1326 3390 1380 inelfabi-

1818 1414 1941 1467 liter
1964 1415 2194 1478 genitus.
2236 1412 2379 1480 Ergo
2410 1429 2529 1468 cum
2562 1416 2629 1468 sit
2656 1425 2781 1469 ante
2818 1418 3095 1470 Abraham
3131 1430 3187 1471 ut
3224 1419 3385 1481 Deus,

1821 1500 2038 1551 tametsi
2070 1498 2246 1551 factus
2288 1502 2358 1553 sit
2415 1502 2597 1567 homo,
2640 1518 2743 1557 non
2803 1508 3097 1559 mentietur
3139 1508 3327 1562 dicens
3371 1527 3383 1560 :

1822 1608 1840 1640 ι
1881 1589 2183 1658 Antequam
2205 1601 2350 1646 esset
2371 1593 2670 1656 Abraham,
2698 1610 2796 1663 ego
2822 1612 2964 1661 sum,
2996 1617 3017 1651 ι
3045 1606 3101 1649 ιιι
3131 1601 3219 1665 qui
3249 1615 3387 1653 unus

1818 1694 1946 1734 vere
1986 1683 2055 1735 sit
2090 1682 2261 1737 Filius
2307 1693 2361 1738 et
2411 1685 2689 1739 Dominus.
2736 1686 2917 1753 Neque
2968 1703 3099 1741 vero
3146 1689 3385 1751 mireris,

1819 1776 1861 1827 si
1901 1776 2005 1827 hoc
2040 1775 2217 1843 ipsum
2262 1776 2407 1844 quod
2454 1787 2537 1829 est
2572 1787 2697 1828 ante
2741 1778 3008 1831 Abraham
3040 1794 3150 1832 suae
3181 1788 3389 1832 natura:

142 1870 224 1921 καὶ
260 1870 381 1932 Tib;
413 1870 507 1922 καὶ
536 1868 758 1940 Κύριος·
800 1889 818 1920 ι
846 1872 981 1943 Πρὶν
1032 1872 1283 1942 Ἀϐραὰμ
1306 1874 1577 1941 γενέσθαι,
1601 1873 1707 1941 ἐγώ

1818 1866 2004 1919 tribuit
2036 1881 2050 1918 :
2098 1866 2193 1919 sed
2222 1866 2347 1919 illud
2386 1866 2563 1933 potius
2606 1876 2815 1933 reputa,
2844 1868 3007 1935 quod,
3036 1868 3160 1922 licet
3191 1884 3389 1938 corpus

142 1962 267 2028 εἰμι.
300 1978 317 2008 ι
359 1962 468 2012 Καὶ
514 1962 587 2029 μή
628 1978 707 2013 τοι
751 1961 1037 2032 (θαυμάσῃς
1084 1963 1133 2014 εἰ
1179 1966 1249 2033 τῇ
1299 1964 1403 2037 ἰδίᾳ
1445 1965 1708 2034 τετίμηκε

142 2048 258 2121 [ῑσ.
302 2050 604 2123 νενέμηκε]
663 2051 822 2121 φύσει
844 2053 904 2105 rb
929 2049 1067 2106 εἷναι
1094 2054 1199 2125 πρὸ
1223 2054 1471 2126 Ἁϐραάμ
1495 2073 1507 2085 ·
1536 2056 1709 2108 διαλο-

139 2140 281 2205 γίζου
313 2141 369 2192 δὲ
406 2140 628 2209 μᾶλλον,
673 2143 755 2194 ὅτι
796 2142 969 2195 καίτοι
1006 2144 1065 2196 rb
1116 2144 1277 2213 σῶμα
1316 2144 1494 2198 λαϐὼν
1522 2149 1585 2199 ἐκ
1610 2148 1709 2215 τῆς

140 2230 287 2297 ἁγίας
318 2232 621 2300 Παρθένου,
670 2234 772 2303 ἔφη
817 2236 953 2305 πρὸς
984 2236 1074 2288 rbv
1103 2237 1413 2307 Νικόδημον
1438 2253 1451 2266 ·
1494 2256 1512 2289 r
1544 2240 1604 2293 Ei
1642 2243 1708 2290 τὰ

138 2323 343 2388 ἐπίγεια
362 2320 515 2375 εἷπον
536 2325 687 2394 ὑμῖν,
714 2326 806 2378 καὶ
830 2327 891 2379 οῦ
921 2328 1204 2381 πιστεύετε
1225 2344 1238 2357 ·
1279 2328 1413 2389 πῶς,
1447 2330 1539 2381 ἐὰν
1572 2332 1709 2382 εῐπω

140 2413 261 2482 ὑμῖν
300 2414 369 2466 τὰ
398 2416 721 2485 ἐπουράνια,
756 2418 1108 2483 πιστεύσετε;
1146 2420 1256 2471 Καὶ
1309 2419 1481 2482 οὐδεὶς
1516 2421 1708 2473 ἀναδέ-

138 2504 294 2572 6ηκεν
323 2506 402 2565 είς
427 2504 518 2556 τὸν
539 2505 787 2573 οὐρανὸν,
813 2509 860 2557 εἰ
890 2506 964 2576 μὴ
998 2509 1025 2558 6
1054 2509 1117 2559 ὲκ
1156 2507 1249 2559 τοῦ
1284 2507 1512 2577 οὐρανοῦ
1541 2526 1709 2563 καταο

138 2595 245 2657 ϐὰς,
277 2595 305 2645 6
335 2596 462 2657 Tib;
495 2594 588 2647 τοῦ
618 2595 907 2665 ἀνθρώπου
933 2612 945 2625 ’
970 2616 987 2647 ι
1018 2597 1195 2649 καίτοι
1216 2597 1589 2668 κεχρημάτικε
1618 2599 1707 2651 καὶ

138 2685 253 2746 Tib;
277 2684 591 2755 ἀνθρώπου,
631 2686 909 2755 γεννηθεὶς
939 2689 1003 2739 ὲκ
1037 2689 1303 2755 γυναικὸς
1335 2689 1474 2741 κατὰ
1507 2690 1703 2757 σάρκα.

138 2774 501 2844 Ψευδοεπησει
524 2774 587 2845 δὴ
602 2772 714 2841 οὖν,
746 2776 1178 2847 καταϐεϐηκέναι
1194 2778 1366 2846 λέγων
1398 2778 1458 2842 ἐξ
1477 2778 1707 2849 οὐρανοῦ

136 2864 217 2915 τὸν
263 2864 393 2916 Tibv
454 2864 579 2925 τοῦ,
631 2866 944 2935 ἀνθρώπου,
1004 2868 1282 2920 τουτέστιν
1344 2868 1574 2935 ὲαυτρν;
1631 2869 1708 2937 μὴ

137 2955 331 3021 γένοιτο
360 2971 371 2983 ·
427 2957 525 3008 καὶ
558 2958 666 3025 γάρ
694 2958 841 3009 ἐστιν
882 2958 1105 3027 αὑτὸςὴ
1153 2957 1398 3028 ἀλήθεια.
1449 2959 1570 3021 Πῶς
1612 2956 1704 3011 οὖν

136 3046 328 3101 ἄνωοεν
357 3049 385 3100 6
413 3049 540 3110 Tib;
568 3048 659 3101 τοῦ
692 3047 982 3118 ἀνθρώπου
1011 3051 1170 3102 νοοῖτ⁹
1196 3050 1261 3103 ἂν
1279 3051 1504 3112 εἰκότως
1530 3066 1543 3113 ;
1582 3050 1703 3103 Ὅτι

136 3135 254 3199 Θεὸς
289 3136 364 3188 ὢν
400 3138 429 3187 6
465 3138 657 3205 Λόγος,
684 3137 776 3189 καὶ
802 3139 865 3188 ὲκ
886 3137 985 3205 τῆς
1007 3138 1268 3191 ἀνωτάτω
1288 3140 1475 3191 πασῶν
1497 3138 1702 3203 οὐσίας,

1819 1956 2117 2024 accepisset
2147 1970 2177 2009 e
2210 1967 2398 2010 sancta
2436 1956 2677 2026 Virgine,
2709 1956 2845 2010 dixit
2880 1958 2945 2011 ad
2981 1958 3332 2014 Nicodemum
3368 1978 3382 2014 :

1826 2067 1843 2097 ι
1872 2049 1927 2101 Si
1959 2058 2173 2103 terrena
2210 2047 2317 2101 dixi
2361 2049 2514 2101 vobis
2541 2058 2593 2100 et
2627 2062 2731 2100 non
2778 2049 3022 2113 creditis,
3047 2053 3313 2118 quomodo
3343 2053 3388 2105 si

1817 2140 2009 2194 dixero
2040 2141 2191 2193 vobis
2232 2139 2497 2203 ccelestia,
2536 2140 2807 2195 credetis?
2844 2141 2908 2195 Et
2936 2156 3092 2195 nemo
3142 2144 3389 2197 ascendit

1824 2232 1875 2283 in
1916 2230 2138 2295 malum,
2187 2229 2287 2284 nisi
2326 2231 2418 2299 qui
2465 2232 2531 2285 de
2574 2230 2712 2285 caelo
2751 2231 3034 2286 descendit
3074 2231 3242 2287 Filius
3286 2235 3384 2287 ho-

1820 2324 2072 2388 minis";
2111 2342 2129 2373 ι
2158 2322 2305 2392 atqui
2338 2322 2636 2392 appellatus
2666 2332 2749 2378 est
2772 2321 2939 2377 Filius
2962 2323 3218 2387 hominis,
3247 2340 3383 2393 qua-

1820 2423 1977 2467 tenus
2009 2423 2180 2468 estex
2204 2413 2427 2466 nulliere
2455 2413 2749 2466 secundum
2782 2427 3022 2466 carnem.
3057 2412 3193 2477 Quid
3221 2415 3388 2481 ergo?

1818 2506 2177 2560 mentietnrne
2260 2521 2381 2559 cum
2439 2505 2589 2568 dicit,
2637 2504 2829 2557 Filiqu
2874 2506 3128 2567 hominis,
3182 2507 3232 2559 id
3276 2516 3383 2568 est,

1816 2598 2052 2664 seipsum
2088 2596 2435 2651 descendisse
2471 2596 2537 2651 de
2578 2596 2755 2649 caelo?
2789 2597 2927 2649 absit
2955 2614 2965 2646 :
2991 2608 3073 2649 est
3106 2597 3247 2651 enim
3296 2597 3383 2651 illa

1816 2685 1930 2755 ipsa
1969 2686 2191 2742 veritas.
2230 2687 2509 2752 Quomodo
2536 2688 2701 2756 igitur
2732 2702 2965 2755 superne
3008 2687 3177 2742 Filius
3211 2690 3386 2743 homi-

1817 2779 1899 2832 nis
1931 2780 2280 2833 descendisse
2311 2779 2534 2849 intelligi
2565 2781 2948 2834 convenienter
2989 2780 3205 2848 potest?
3232 2781 3380 2849 quia,

1814 2885 1935 2924 cum
1968 2867 2108 2923 Deus
2138 2878 2283 2923 esset
2349 2868 2578 2922 Verbum
2626 2879 2680 2923 et
2726 2884 2792 2923 ex
2850 2869 2936 2921 illa
2977 2884 3223 2937 suprema
3264 2885 3385 2924 out-

1818 2958 1963 3011 nium
1998 2959 2251 3022 essentia,
2283 2960 2635 3014 descendisse
2656 2959 2854 3013 dicitur
2881 2969 2935 3012 et
2976 2958 3206 3014 formam
3235 2961 3380 3015 servi

1816 3045 2115 3111 accepisse.
2148 3045 2351 3099 Deinde
2384 3046 2665 3101 nobiscum
2710 3046 2951 3116 loquitur
2979 3062 3086 3101 non
3123 3059 3383 3117 tanquam

1816 3135 2013 3187 nudum
2042 3134 2219 3189 adhuc
2249 3135 2507 3199 Verbum,
2539 3138 2630 3190 sed
2668 3146 2920 3205 tanquam
2958 3137 3119 3192 homo
3143 3151 3173 3191 e
3205 3139 3383 3204 nobis,

138 3228 565 3297 καταϐεϐηκέναι
601 3227 836 3295 λέγεται,
881 3228 975 3279 καὶ
1018 3226 1204 3279 δούλου
1250 3228 1461 3297 μορφὴν
1510 3228 1707 3279 ἀναλα-

1815 3233 1865 3277 ct
1899 3226 1986 3292 qui
2022 3240 2157 3278 unus
2181 3224 2290 3291 jam
2322 3241 2443 3278 cum
2478 3228 2626 3280 unita
2660 3228 2760 3281 sibi
2809 3243 2973 3281 carne
3018 3228 3371 3298 intelligatur.

137 3317 261 3371 δεῖν.
294 3315 429 3371 Εἶτα
460 3319 766 3386 διαλέγεται
802 3320 935 3389 πρὸς
968 3321 1133 3387 ημᾶς,
1178 3319 1277 3389 οὐχ
1305 3319 1380 3381 ὼς
1406 3318 1609 3387 γυμνὸς
1630 3317 1709 3369 ἔτι

136 3413 316 3478 Λόγος,
349 3412 467 3464 ἀλλ’
506 3412 579 3474 ὠς
603 3412 888 3481 ἄνθρωπος
920 3410 1041 3464 καθ’
1071 3412 1241 3481 ἡμᾶς,
1274 3411 1367 3462 καὶ
1395 3409 1469 3472 ώς
1500 3404 1581 3470 εἷς
1609 3408 1707 3477 ἤδη

133 3502 415 3572 νοούμενος
441 3504 581 3573 μετὰ
606 3504 702 3572 τῆς
729 3502 1021 3571 ὲνωθείσης
1060 3500 1206 3571 αὐτῴ
1242 3500 1442 3569 σαρκός
1475 3516 1489 3529 ο
1521 3499 1709 3565 ὥσπερ

134 3594 187 3646 δὲ
211 3596 295 3646 διὰ
334 3596 391 3647 rb
424 3597 491 3665 τῇ
527 3593 753 3646 κενώσει
800 3594 1029 3663 πρέπον,
1086 3590 1386 3644 οἰκειοῦται
1434 3591 1608 3643 πάντα
1642 3592 1709 3643 τὰ

136 3684 219 3737 τοῦ
262 3686 392 3737 ἰδίου
439 3686 714 3753 σώματος,
752 3684 927 3736 καίτοι
959 3685 1057 3753 τὴν
1089 3681 1247 3751 φύσιν
1277 3680 1565 3749 ἀσώματος
1609 3681 1704 3743 ὢν,

136 3776 267 3830 οῦτω
306 3779 399 3829 καὶ
430 3776 638 3831 ἀνωθεν
667 3775 740 3828 ὢν
768 3774 930 3837 αὐτὸς
976 3775 1069 3827 καὶ
1108 3772 1168 3835 ἐξ
1196 3772 1446 3843 οὐρανοῦ,
1476 3770 1534 3822 rb
1566 3772 1702 3821 ἄνω-

139 3867 220 3919 Θεν
260 3870 417 3938 ἣκειν
467 3868 733 3937 ἀπονέμει
783 3868 942 3920 πάλιν
997 3866 1173 3934 ἑαυτῴ
1221 3866 1313 3916 καὶ
1348 3865 1436 3915 ὅτε
1488 3862 1707 3929 γέγονεν

138 3956 435 4032 ἄνθρωπος,
466 3960 571 4014 κᾶν
599 3961 647 4012 εί
678 3961 1000 4028 γεγέννηται
1034 3958 1173 4010 κατὰ
1203 3958 1380 4025 σάρκα
1410 3954 1527 4023 μεθ’
1552 3956 1705 4022 ήμιῖλν

136 4052 192 4102 ὲκ
228 4052 506 4118 γυναικός.
547 4051 742 4117 Γέγονε
775 4049 955 4103 τοίνυν
997 4049 1102 4101 ἴδια
1148 4049 1244 4116 μὲν
1286 4044 1380 4099 τοῦ
1411 4044 1606 4111 Λόγου,
1639 4044 1705 4097 τὰ

134 4141 222 4209 τῆς
246 4140 663 4211 ἀνθρωπότητος
686 4156 697 4167 ·
734 4140 840 4191 ίδια
870 4139 925 4191 δὲ
957 4137 1117 4189 πάλιν
1142 4137 1238 4205 τῆς
1268 4133 1701 4204 ἀνθρωπότητος,

134 4236 197 4283 τὰ
228 4232 391 4284 αὑτοῦ
424 4232 521 4283 τοῦ
557 4232 749 4297 Λόγου.
790 4224 884 4291 Εἷς
917 4230 1027 4298 γὰρ
1053 4228 1193 4281 οῦτω
1231 4230 1429 4278 νοεῖται
1472 4224 1705 4293 Χριστὸς

134 4324 219 4376 καὶ
243 4323 367 4385 Υἱὸς
406 4324 500 4375 καὶ
532 4322 754 4391 Κύριος.
793 4321 1011 4390 Ἐπειδη
1041 4320 1096 4372 δὲ
1124 4319 1512 4389 προστέθεικεν
1537 4319 1565 4369 6
1588 4336 1705 4371 και-

134 4416 347 4483 νοτόμος
378 4415 586 4472 οὑτοσὶ.
620 4414 701 4465 ὅτι
738 4432 755 4463 ι
803 4414 1029 4481 "Opem;
1081 4413 1194 4471 τοῖς
1254 4409 1501 4477 ἀδελφοῖς
1565 4408 1706 4461 κατά

134 4505 320 4566 πάντα,
358 4524 375 4554 ι
416 4506 445 4557 6
481 4504 656 4573 ψυχῆς
686 4504 1030 4574 ἀνθρωπίνης
1061 4502 1153 4552 καὶ
1180 4500 1380 4570 σαρκὸς
1424 4498 1703 4552 ἀναλαῦὼν

133 4597 481 4665 ἀδελφότητα,
512 4596 611 4665 οὐχ
646 4597 674 4647 6
696 4595 890 4663 λέγων,
923 4614 939 4644 ι
962 4594 1018 4646 '0
1058 4592 1318 4661 ἑωρακὼς
1347 4592 1464 4661 ἐμὲ,
1494 4590 1704 4660 ἑώρακε

131 4689 212 4740 τὸν
247 4688 473 4758 Πατέρα
494 4705 506 4717 ·
537 4705 553 4735 ι
583 4686 713 4755 φέρε
742 4685 805 4754 δὴ
828 4686 989 4737 πάλιν
1021 4686 1047 4737 ὂ
1072 4685 1124 4735 τί
1156 4684 1284 4735 ποτέ
1316 4686 1461 4734 ἐστιν
1488 4684 1515 4734 ὅ
1543 4700 1705 4752 φησιν

132 4782 183 4831 ὲν
228 4780 444 4841 τούτοις
499 4779 574 4839 ὼς
629 4778 707 4830 ενι
752 4776 1233 4847 περιαθρήσωμεν.
1273 4777 1393 4827 Ὅτι
1445 4776 1542 4843 μὲν
1597 4777 1705 4844 γὰρ

131 4869 281 4923 εἰκών
321 4871 442 4924 ἐστι.
496 4870 601 4923 καί
630 4868 914 4939 χαρακτὴρ
969 4866 1063 4919 τοῦ
1103 4866 1239 4917 Θεοῦ
1286 4866 1377 4916 καὶ
1418 4865 1627 4933 Πατρός
1680 4868 1707 4917 ὁ

133 4962 267 5025 Υἱὸς,
299 4962 681 5030 διωμολόγηκε
706 4959 799 5012 καὶ
830 4959 1013 5019 αὑτός.
1058 4957 1152 5019 Τίς
1178 4957 1222 5008 δ’
1254 4957 1319 5008 ἂν
1348 4955 1434 5025 είη
1462 4956 1645 5007 λοιπὸν
1676 4958 1703 5007 ὀ

129 5050 295 5120 ψυχῆς
332 5051 685 5120 ἀνθρωπίνης
734 5050 826 5101 καὶ
876 5048 1127 5115 σώματος
1157 5044 1445 5099 ἀναλαϐὼν
1473 5045 1699 5110 ἀδελφό-

128 5157 278 5210 τητα,
309 5142 473 5210 δῆλον
504 5141 559 5192 δὲ
591 5142 669 5191 ὅτι
698 5140 795 5207 τὴν
823 5138 958 5206 πρὸς
982 5139 1146 5208 ἡμᾶς,
1172 5134 1464 5187 διδασκέτω
1498 5132 1699 5201 παρελ-

130 5234 248 5288 ίιών.
280 5238 354 5287 Οὐ
398 5236 510 5304 γάρ
546 5252 645 5286 που
675 5233 807 5300 φαίη
834 5249 914 5293 τις
944 5231 1007 5283 ἂν
1036 5231 1108 5291 ὡς
1141 5232 1167 5280 6
1199 5228 1319 5280 καθ’
1344 5228 1489 5296 ἡμᾶς
1514 5227 1700 5291 φαινόα

137 5345 282 5395 μενος
326 5329 635 5397 ἄνθρωπος,
680 5321 807 5386 οἷον,
859 5323 1141 5392 Βαρνάϐας
1184 5320 1365 5389 τυχὸν,
1401 5318 1431 5386 ἦ
1468 5318 1698 5380 Παῦλος,

131 5420 285 5485 ἤγουν
318 5420 509 5487 ἕτερός
536 5434 617 5479 τις
644 5416 759 5496 τῶν.
774 5416 1070 5468 τελούντων
1096 5417 1151 5464 ἐν
1176 5412 1503 5481 ἀνθρώποις,
1525 5410 1701 5478 ψυχῆς

131 5511 469 5580 ἀνθρωπίνης
502 5510 594 5561 καὶ
628 5508 876 5576 σώματος
919 5506 1311 5574 ἀνθρωπότητα
1336 5500 1453 5572 [Ion
1484 5500 1702 5567 ἀδελφό-

131 5603 290 5674 τητα]
353 5602 540 5655 λαὸεῖν
566 5602 765 5667 λέγοιτ’
806 5603 891 5663 ἂν,
938 5601 1011 5660 ώς
1050 5598 1234 5666 ἕτερον
1270 5614 1317 5647 τι
1358 5596 1507 5665 παρὰ
1546 5594 1702 5645 τοῦτο

196 5781 233 5808 ³³
269 5780 421 5831 Juan.
452 5794 534 5836 ιιι,
566 5777 652 5836 l2,
678 5777 763 5828 15.
840 5777 885 5804 ⁸⁸
924 5774 1081 5827 Hebr.
1112 5791 1171 5839 ti,
1204 5775 1282 5825 l7.

357 5872 632 5927 ΡΑἰίιοιη
667 5868 783 5931 ,Οιι
826 5868 1057 5925 LXXVI

1816 3314 1883 3369 Ut
1917 3326 2101 3369 autetn
2153 3326 2371 3385 propter
2419 3316 2468 3369 id
2517 3318 2658 3385 quod
2692 3318 3044 3373 exinanitioni
3085 3321 3337 3375 convenit
3364 3362 3383 3387 ,

1811 3409 1991 3461 omnia
2024 3405 2108 3461 sui
2140 3410 2384 3477 corporis
2417 3418 2671 3478 tanquam
2709 3412 2808 3464 sibi
2842 3412 3057 3480 propria
3112 3413 3373 3477 vindicat,

1812 3497 1937 3553 licet
1966 3514 2031 3551 ex
2088 3510 2277 3553 natura
2335 3501 2403 3552 sit
2448 3501 2839 3569 incorporeus;
2886 3502 2957 3555 ita
3010 3519 3221 3574 quoque
3255 3520 3377 3561 cum

1813 3589 1930 3656 ipse
1962 3606 2196 3657 superne
2228 3592 2299 3645 sit
2332 3601 2386 3644 et
2421 3606 2452 3644 e
2486 3593 2644 3657 caelo,
2683 3594 2781 3647 hoc
2816 3594 2988 3662 ipsum
3021 3611 3251 3665 superne
3281 3612 3378 3652 ve-

1812 3679 1929 3731 nire
1966 3678 2066 3732 sibi
2106 3680 2205 3747 ipsi
2238 3696 2450 3735 rursum
2487 3682 2673 3735 tribuit
2720 3691 2829 3737 tum
2874 3699 3087 3752 quoque
3120 3702 3241 3741 cum
3294 3688 3378 3741 fa-

1809 3780 1929 3824 ctus
1957 3782 2038 3824 est
2074 3772 2256 3835 homo,
2289 3774 2413 3826 licet
2470 3783 2628 3826 natus
2674 3775 2742 3827 sit
2773 3776 3051 3829 nobiscum
3084 3780 3376 3832 secundum

1809 3876 2026 3914 carnem
2047 3877 2110 3915 ex
2142 3863 2389 3916 muliere.
2417 3862 2579 3917 Facta
2609 3873 2737 3917 sunt
2764 3865 2925 3933 igitur
2953 3864 3109 3921 Verbi
3138 3870 3378 3937 propria,

1809 3966 1931 4017 qua:
1984 3961 2107 4003 sunt
2182 3951 2539 4005 humanitatis
2572 3990 2586 4015 ,
2652 3967 2976 4022 rursumque
3025 3955 3380 4012 humanitatis

1814 4039 2056 4106 prOpria,
2088 4055 2207 4108 quae
2238 4050 2363 4094 sunt
2403 4040 2570 4110 ipsius
2612 4039 2793 4095 Verbi.
2845 4042 2937 4097 Sic
2970 4059 3202 4113 namque
3243 4062 3380 4101 unus

1809 4130 2058 4183 Christus
2094 4142 2148 4184 et
2173 4130 2341 4185 Filius
2370 4141 2423 4185 et
2461 4131 2721 4187 Dominus
2748 4133 3089 4203 intelligitur.
3124 4136 3229 4191 Sed
3251 4140 3379 4207 quia

1811 4223 1895 4275 hic
1914 4232 2138 4275 novalor
2156 4222 2381 4291 adjecit:
2407 4224 2641 4278 «Similis
2660 4224 2915 4279 fratribus
2946 4241 3040 4295 per
3061 4230 3243 4282 omnia
3274 4232 3375 4294 6°,i

1807 4314 1895 4380 qui
1918 4314 2161 4367 humana:
2184 4314 2373 4368 animae
2397 4314 2683 4383 carnisque
2711 4316 3103 4371 fraternitatem
3120 4321 3380 4388 suscepit,

1808 4419 1913 4456 non
1959 4404 2047 4456 ille
2102 4403 2193 4471 qui
2246 4405 2380 4457 dixit
2430 4420 2498 4455 ει
2533 4405 2631 4470 Qui
2676 4407 2809 4459 vidit
2845 4422 2948 4471 me.
2988 4408 3124 4462 vidit
3172 4420 3225 4463 et
3273 4410 3379 4462 Pa-

1814 4506 1947 4548 trem
1972 4496 2049 4548 ":
2077 4514 2093 4545 ι
2126 4510 2224 4562 age
2247 4496 2357 4564 jam
2396 4512 2581 4549 rursus
2612 4497 2737 4563 quid
2770 4500 2980 4552 tandem
3008 4498 3060 4551 in
3096 4500 3177 4555 his
3203 4503 3381 4554 verbis

1811 4587 1914 4639 sibi
1944 4586 2091 4651 velit,
2127 4598 2182 4639 ut
2217 4586 2397 4642 licebit
2428 4588 2854 4643 consideremus.
2892 4590 2965 4643 Ac
3018 4590 3214 4645 Filium
3259 4608 3381 4647 esse

1811 4680 1902 4733 Dei
1934 4692 1988 4731 et
2012 4678 2187 4733 Patris
2220 4680 2509 4747 imaginem
2534 4690 2587 4731 et
2626 4679 2875 4747 figuram,
2902 4681 3016 4747 ipse
3046 4695 3261 4750 quoque
3296 4681 3380 4734 {a-

1812 4778 1953 4823 letur
1982 4786 1993 4820 :
2029 4771 2283 4839 quisquis
2318 4786 2480 4837 porro
2516 4771 2763 4841 humana:
2798 4769 2993 4823 animm
3028 4772 3378 4838 corporisque

1812 4862 2209 4915 fraternitatem
2264 4862 2565 4928 susceperit
2595 4902 2608 4923 ,
2660 4860 2800 4913 illaut
2827 4860 3031 4914 scilicet
3058 4875 3159 4927 qua
3198 4860 3380 4914 nobis-

1810 4967 1931 5005 cum
1975 4952 2241 5021 jungitur,
2285 4954 2510 5021 prodeat
2575 4967 2639 5005 ac
2674 4953 2839 5005 dicat.
2884 4949 3169 5018 Nunquam
3233 4950 3377 5004 enim

1808 5043 2092 5110 quisquam
2143 5042 2319 5105 dicet,
2360 5042 2629 5095 hominem
2682 5042 2771 5111 qui
2818 5041 2985 5093 nostri
3022 5041 3213 5094 similis
3259 5056 3378 5094 esse

1806 5136 2072 5195 cernitur,
2104 5134 2252 5187 verbi
2283 5134 2476 5202 gratia,
2498 5131 2802 5185 Barnabam
2843 5134 3088 5194 fortasse,
3125 5132 3205 5184 vel
3238 5130 3376 5184 Pau—

1811 5224 1942 5286 lum,
1977 5234 2070 5277 aut
2107 5224 2271 5277 alium
2298 5224 2601 5291 quempiam
2633 5223 2721 5291 qui
2755 5234 3043 5275 censeatur
3093 5223 3233 5273 inter
3282 5222 3377 5272 hu-

1812 5316 2007 5378 mines,
2037 5314 2139 5368 dici
2171 5329 2326 5383 posse
2358 5316 2605 5367 humana:
2652 5313 2845 5365 animze
2890 5310 3243 5378 corporisque
3278 5310 3377 5360 fra-

1813 5409 2121 5461 ternitatem
2156 5408 2465 5476 suscepisse
2493 5448 2508 5472 ,
2539 5406 2689 5474 quasi
2728 5407 2771 5458 is
2803 5404 2948 5457 aliud
2996 5403 3249 5469 quiddam
3302 5404 3371 5451 sit

1811 5499 1876 5552 ab
1910 5500 2009 5553 hoc
2044 5498 2337 5559 diversum,
2372 5501 2511 5566 quod
2543 5507 2725 5565 postea
2759 5495 3059 5555 susceperit
3101 5512 3111 5544 :
3147 5493 3237 5545 sed
3265 5490 3373 5558 78

1814 5589 1993 5657 potius
2023 5598 2125 5651 est,
2162 5591 2284 5643 dum
2313 5590 2362 5641 in
2390 5603 2453 5643 eo
2509 5597 2689 5641 manet
2741 5587 2884 5654 quod
2927 5596 3007 5640 est
3043 5603 3053 5636 :
3099 5599 3201 5636 non
3250 5596 3377 5649 ergo

1366 5772 1405 5801 ⁸⁷
1446 5771 1597 5823 J‘Ja'l.
1627 5785 1733 5832 xxv,
1764 5769 1817 5821 9.

3050 5850 3078 5907 5
