4072 6346
651 396 750 452 139

1625 386 1686 442 S.
1728 381 2002 441 CYRILLI
2040 375 2513 438 ALEXANDRINI
2553 376 2872 434 ABCHIEP.

3791 377 3890 430 H0

651 519 809 571 homo
833 513 1027 584 aliquis
1055 511 1165 582 jam
1195 509 1486 573 exsistens,
1519 508 1769 579 accipere
1806 507 2038 577 idipsum
2069 505 2214 574 quod

2326 500 2598 572 ὑπάρχων,
2631 495 2732 555 εἶθ’
2777 499 2922 554 οὑτω
2964 500 3181 555 λαϐώνο
3231 501 3346 554 ἔστι
3378 501 3434 554 δέ
3478 501 3679 572 μᾶλλον
3721 500 3776 557 ἕν
3830 518 3895 568 γι

647 617 751 670 est,
791 604 942 675 quasi
974 603 1119 657 aliud
1173 601 1428 670 quiddam
1485 613 1514 652 a
1567 613 1625 654 se
1675 598 1972 662 diversum,
2013 595 2215 650 intelli-

648 697 850 766 gendus
884 703 1004 749 est:
1042 693 1134 749 sed
1161 693 1338 761 potius
1367 691 1444 744 illi
1494 705 1560 744 ex
1606 691 1717 744 Deo
1769 689 1952 757 genito
1985 685 2164 741 Verbo
2194 722 2212 751 ,

646 789 737 856 qui
784 784 1078 839 secundum
1126 797 1238 836 suae
1288 788 1494 834 natura:
1543 779 1786 833 rationes
1835 776 2116 831 nobiscum
2159 775 2213 828 in

645 876 891 931 eumdem
922 888 1141 929 censum
1188 870 1382 927 referri
1409 884 1515 924 non
1565 878 1769 938 potest,
1824 866 2078 922 convenit
2115 867 2214 919 hu-

647 983 819 1023 mana:
851 967 1043 1020 animae
1067 975 1121 1020 et
1161 963 1404 1032 corporis
1447 963 1840 1016 fraternitatem
1874 975 1977 1029 qua
2027 959 2214 1014 nobis-

646 1077 764 1114 cum
790 1060 1067 1129 jungatur,
1099 1055 1394 1125 accepisse.
1436 1054 1500 1108 Et
1534 1053 1661 1108 huic
1694 1063 1892 1108 nostrae
1931 1051 2215 1106 sententia:

649 1162 759 1204 tum
807 1151 922 1220 ipsa
953 1148 1203 1204 veritatis
1257 1146 1397 1200 ratio
1449 1144 1846 1214 patrocinatur,
1901 1152 2010 1197 tum
2047 1143 2212 1197 etiam

647 1245 865 1311 integrae
899 1240 1021 1294 ﬁdei
1051 1239 1293 1293 traditio.
1337 1236 1561 1290 Constat
1593 1249 1722 1304 ergo
1749 1235 1808 1288 in
1838 1233 2007 1288 forma
2039 1233 2129 1287 Dei
2156 1241 2210 1288 et

644 1335 820 1389 Patris
849 1333 1014 1386 Deum
1045 1329 1277 1386 Verbum
1302 1327 1526 1383 fratrem
1559 1327 1714 1381 nobis
1743 1325 1942 1379 factum
1972 1340 2092 1380 esse
2117 1339 2215 1393 per

648 1426 852 1490 omnia,
885 1424 1137 1477 humanae
1167 1420 1360 1473 animae
1386 1427 1439 1472 et
1459 1417 1705 1487 corporis
1729 1415 2210 1470 fraternitatesus-

646 1527 800 1586 cepta
855 1528 1031 1583 neque
1077 1511 1336 1566 mentitur
1381 1523 1501 1563 cum
1553 1509 1630 1562 ait
1673 1523 1684 1554 :
1728 1525 1746 1558 ‹
1787 1506 1884 1573 Qui
1929 1506 2060 1559 vidit
2106 1519 2210 1572 me,

644 1607 777 1661 vidit
810 1615 863 1659 et
886 1604 1126 1659 Patrem.
1165 1620 1184 1653 ι
1217 1598 1350 1653 Nam
1383 1598 1426 1652 si
1457 1597 1579 1665 quis
1612 1605 1857 1650 nostrum
1886 1595 1951 1649 ad
1972 1608 2092 1650 eam
2123 1611 2212 1648 us-

644 1714 749 1767 que
776 1695 1161 1763 cogitationum
1185 1688 1513 1745 dementiam
1543 1688 1724 1757 lapsus
1745 1695 1914 1751 esset,
1959 1694 2018 1740 ut
2051 1695 2205 1755 puta-

643 1802 725 1846 ret
752 1791 915 1844 etiam
950 1787 1123 1855 ipsum
1159 1783 1249 1854 qui
1273 1783 1324 1836 in
1352 1781 1506 1836 caelis
1557 1789 1640 1834 est
1686 1778 1899 1832 Patrem
1937 1793 2001 1832 ac
2037 1775 2205 1831 Deum

642 1896 708 1934 eo
741 1853 1120 1947 dejiciendum,
1157 1853 1215 1927 ut
1261 1873 1483 1928 omnino
1515 1877 1756 1924 nostram
1799 1866 2209 1921 similitudinem
2247 1853 2285 1907 Β

644 1962 860 2034 habeat,
916 1980 1231 2036 corpoream
1274 1962 1556 2026 nimirum,
1605 1970 1750 2013 recte
1798 1967 2090 2022 metueret,
2121 1970 2209 2022 ne,

643 2066 768 2118 dum
803 2061 1052 2116 Christus
1085 2057 1256 2111 dicit:
1293 2073 1310 2104 ι
1365 2052 1467 2118 Qui
1516 2051 1650 2104 vidit
1688 2064 1793 2115 me,
1854 2048 1985 2100 vidit
2011 2057 2065 2100 et
2109 2045 2213 2099 Pa-

646 2168 806 2217 trem,
847 2172 863 2204 ι
903 2152 1076 2219 ipsum
1130 2159 1348 2216 quoque
1397 2158 1464 2197 ex
1510 2157 1617 2210 quo
1670 2141 1753 2195 est
1796 2141 1974 2209 specie
2027 2149 2212 2193 nostra

645 2261 765 2301 esse
796 2255 848 2298 et
877 2243 1076 2312 ﬁguras
1120 2235 1366 2306 corporis
1416 2235 1616 2288 habere
1665 2231 2056 2300 suspicaretur.
2105 2228 2215 2282 Sed

645 2341 768 2408 quia
809 2337 974 2392 etiam
1013 2331 1182 2388 Filius
1223 2327 1457 2383 hominis
1492 2324 1689 2388 factus,
1748 2326 1851 2377 hoc
1895 2322 2035 2391 quod
2073 2322 2212 2375 Deus

644 2437 760 2485 erat
788 2425 1046 2489 servavit,
1077 2431 1132 2478 et
1165 2434 1274 2475 suae
1297 2427 1502 2472 naturae
1533 2414 1988 2484 pulchritudinem
2018 2414 2214 2467 immu~

650 2520 864 2575 labilem
898 2515 1112 2578 retinet,
1146 2511 1293 2565 nullo
1324 2509 1482 2563 modo
1532 2509 1760 2560 verebor
1808 2507 2012 2568 dicere,
2061 2504 2214 2558 illum

647 2626 766 2668 esse
795 2609 960 2664 etiam
991 2605 1224 2662 similem
1253 2600 1410 2656 nobis
1439 2611 1545 2668 qua
1575 2597 1737 2650 homo
1760 2608 1864 2657 εει,
1909 2604 1968 2647 ιιι
1991 2609 2089 2648 nos
2118 2609 2212 2647 su-

648 2719 766 2758 mus
804 2715 870 2755 ex
903 2698 1081 2752 anima
1109 2692 1270 2750 simul
1318 2703 1372 2747 ct
1420 2702 1671 2758 corpore,
1724 2686 1972 2756 quamvis
2023 2697 2216 2739 natura

647 2797 720 2851 sit
761 2794 922 2860 Deus,
967 2801 1021 2845 et
1050 2790 1219 2861 ﬁgura
1261 2790 1579 2844 substantiae
1612 2786 1890 2843 Geuitoris
1940 2785 2007 2838 ⁵⁸.
2065 2783 2217 2840 Unus

646 2888 814 2958 igitur
849 2885 1095 2952 idemque
1125 2880 1318 2938 similis
1349 2891 1431 2936 est
1463 2881 1722 2934 fratribus
1758 2878 2057 2933 secundum
2092 2892 2214 2930 car-

647 2991 768 3032 nem
795 2986 849 3030 et
877 2977 932 3029 in
972 2990 1065 3030 sua
1103 2981 1295 3029 natura
1319 2987 1423 3042 qua
1456 2973 1597 3025 Deus
1626 2979 1733 3033 est,
1787 2971 1960 3038 ipsum
2003 2983 2218 3038 quoque

646 3069 864 3124 Patrem
910 3066 1168 3121 ostendit.
1225 3063 1321 3119 Hic
1379 3079 1509 3118 vero
1559 3064 1608 3116 id
1655 3077 1759 3116 non
1816 3061 2064 3131 intelligit
2112 3060 2218 3114 ullo

2314 593 2394 664 τῷ
2427 591 2567 648 εἶναι
2593 593 2737 647 τοῦθ’
2760 595 2896 664 ὅπερ
2922 594 3092 648 ἐστίν.
3138 593 3347 647 Οὑκοῦν
3374 594 3475 646 οὐκ
3503 592 3790 663 ἄνθρωπός
3815 609 3899 655 τις

2317 686 2600 758 ὑπάρχων,
2657 687 2734 750 ὡς
2787 687 2972 758 ἕτερόν
3018 705 3071 739 τι
3124 688 3252 755 παρ’
3308 686 3524 752 ἐαυτὸν,
3592 685 3778 739 λαϐεῐν
3831 685 3898 736 ἂν

2316 780 2486 832 νοοῖτο
2508 778 2570 831 τὸ
2601 773 2736 831 εἶναι
2766 780 2794 831 ὅ
2821 779 2938 832 ἐστι
2964 796 2977 809 ⁸
3026 780 3226 850 πρέποι
3267 779 3311 830 δ’
3360 779 3424 832 ἂν
3479 779 3680 849 μᾶλλον
3710 778 3789 848 τῷ
3829 781 3898 832 ἐκ

2316 867 2450 920 Θεοῦ
2474 867 2629 936 φύντι
2651 868 2828 938 Λόγῳ,
2861 868 2923 921 τὸ
2955 868 3293 921 ἀσύντακτον
3325 868 3499 938 ἔχοντι
3547 867 3684 939 πρὸς
3724 870 3756 938 ἡ
3767 869 3897 937 μᾶς,

2316 959 2459 1013 κατά
2493 976 2556 1028 γε
2582 961 2708 1021 τοὺς
2740 960 2840 1031 τῆς
2889 961 3025 1023 ιδίας
3057 960 3271 1030 φύσεως
3315 959 3527 1028 λόγους,
3575 960 3756 1030 ψυχῆς
3805 961 3900 1011 άν-

2317 1049 2599 1120 θρωπίνης
2643 1050 2738 1102 καὶ
2768 1049 3020 1119 σώματος
3061 1051 3159 1121 τὴν
3191 1050 3329 1122 πρὸς
3369 1051 3518 1120 ἡμᾶς
3564 1050 3899 1120 ἀδελφάτητα

2316 1139 2522 1195 λαϐεῖν.
2551 1141 2660 1194 Kal.
2686 1141 2820 1212 πρός
2853 1158 2917 1209 γε
2955 1141 3111 1194 τοῦτο
3135 1143 3264 1213 ἡμῖν
3293 1141 3322 1193 ὁ
3353 1141 3451 1212 τῆς
3492 1141 3748 1214 ἀληθείας
3803 1143 3897 1194 ἐπ·

2317 1236 2626 1301 αγωνιεῐται
2641 1233 2816 1301 λόγος,
2834 1233 2928 1288 καὶ
2955 1235 3051 1304 τῆς
3073 1235 3372 1305 ἀμωμήτου
3399 1234 3632 1298 πίστεως
3659 1237 3692 1305 ἠ
3719 1235 3898 1306 παρά-

2317 1328 2480 1390 δοσις.
2519 1329 2757 1398 Ἀραρεν
2791 1323 2882 1381 οὖν
2911 1329 2994 1380 ὅτι
3031 1329 3088 1380 ἐν
3123 1330 3303 1398 μορφῇ
3347 1327 3441 1380 τοῦ
3476 1327 3609 1380 Θεοῦ
3660 1328 3755 1380 καί
3791 1329 3901 1380 Πα-

2316 1420 2464 1490 τρὸς,
2490 1420 2621 1483 Θεὸς
2654 1421 2826 1488 Λόγος
2867 1420 3096 1488 ἁδελφὸς
3127 1423 3261 1490 ἡμῖν
3301 1422 3443 1474 κατὰ
3475 1422 3652 1475 πάντα
3685 1421 3899 1491 γέγονε,

2314 1511 2490 1580 ψυχῆς
2533 1510 2882 1580 ἀνθρωπίνης
2913 1512 3008 1565 καὶ
3050 1509 3301 1580 σώματος
3331 1512 3665 1583 ἀδελφότητα
3693 1512 3898 1576 λαϐὼν,

2315 1601 2411 1652 καὶ
2455 1600 2554 1652 οὑκ
2605 1600 2672 1654 ἂν
2710 1599 3059 1664 διαψεύσαιτο
3107 1601 3302 1670 λέγων,
3351 1621 3369 1653 ι
3394 1603 3450 1655 Ὀ
3486 1603 3744 1672 ἑωρακὼς
3776 1603 3900 1674 ἐμὲ,

2316 1690 2528 1763 ἐώρακε
2557 1691 2649 1747 τὸν
2688 1692 2927 1762 Πατέρα.
2953 1712 2971 1743 ι
3025 1693 3088 1745 Εἰ
3134 1693 3231 1763 μὲν
3258 1692 3367 1762 γάρ
3394 1710 3477 1756 τις
3494 1695 3618 1759 ,τῶν
3648 1696 3706 1747 ἐν
3746 1697 3900 1765 ἡμῖν,

2316 1784 2562 1854 ἀμαθίας
2608 1786 2686 1847 εἰς
2725 1784 2884 1838 τοῦτο
2915 1784 3251 1841 κατὼλισθεν
3289 1785 3529 1852 ἐννοιῶν,
3577 1788 3651 1850 ὡς
3694 1789 3905 1840 οἴεσθαι

2315 1878 2409 1930 καὶ
2431 1876 2591 1929 αὑτὸν
2613 1877 2704 1930 τὸν
2735 1878 2792 1929 ἐν
2817 1880 2929 1940 τοῖς
2952 1879 3198 1947 οὐρανοῖς
3227 1879 3444 1949 Πατέρα
3465 1879 3557 1931 καὶ
3583 1879 3714 1932 Θεὸν
3737 1897 3907 1932 κατα-

2317 1966 2636 2036 κομίζεσθαι
2691 1969 2822 2034 δεῖν,
2865 1970 2943 2032 εἵς
2983 1987 3048 2038 γε
3097 1970 3156 2022 τὸ
3191 1972 3408 2041 χρῆναι,
3455 1973 3620 2041 φημὶ,
3653 1971 3752 2042 τὴν
3780 1971 3905 2025 καθ’

2317 2061 2463 2128 ἡμᾶς
2487 2060 2744 2129 ὁμοίωσιν
2789 2061 2955 2131 ἔχειν,
3002 2062 3160 2130 δῆλον
3189 2063 3245 2116 δὲ
3281 2064 3362 2116 ὅτι
3413 2066 3512 2133 τὴν
3557 2066 3904 2135 σωματικὴν,

2317 2151 2492 2222 ὀρθῶς
2536 2153 2746 2218 ἐδεδίει,
2802 2154 2876 2223 μὴ
2925 2155 3031 2223 ἄρα
3077 2172 3177 2207 που
3228 2154 3475 2223 λέγοντος
3517 2155 3610 2207 τοῦ
3645 2155 3908 2224 Χριστοῦ,

2323 2262 2341 2295 ι
2383 2243 2442 2296 '0
2468 2242 2729 2314 ἑωρακὼς
2767 2245 2886 2314 ἐμέ,
2921 2244 3132 2314 ἐώρακε
3158 2245 3248 2298 τὸν
3282 2246 3522 2317 Πατέρα,
3555 2266 3573 2297 ι
3619 2249 3714 2300 καὶ
3738 2249 3903 2301 αὑτὸν

2318 2336 2682 2406 ὑποτοπήσειε
2706 2336 2796 2388 τὸν
2826 2337 2883 2402 ἐξ
2923 2331 3093 2407 οὗπέρ
3122 2339 3288 2400 ἐστιν,
3324 2340 3381 2391 ἐν
3416 2338 3542 2391 εἴδει
3573 2356 3628 2391 τε
3652 2335 3786 2392 εἶναι
3827 2339 3906 2410 τῷ

2318 2425 2439 2478 καθ’
2475 2427 2641 2496 ἡμᾶς,
2693 2427 2785 2480 καὶ
2832 2429 2888 2480 ἐν
2931 2430 3043 2490 τοῖς
3092 2429 3233 2480 κατὰ
3269 2429 3426 2497 σῶμα
3479 2432 3904 2498 σχηματισμοῖς.

2331 2517 2548 2587 Ἐπειδὴ
2599 2517 2656 2569 δέ
2699 2519 2792 2570 καὶ
2843 2518 2968 2582 Υἱὸς
3021 2518 3309 2585 ἀνθρώπου
3339 2518 3598 2587 γεγονὼς,
3654 2519 3714 2571 τὸ
3769 2517 3908 2572 εἶναι

2318 2610 2452 2680 Θεὸς
2501 2609 2812 2675 διεσώσατο,
2867 2611 2961 2663 καὶ
2994 2611 3056 2663 τὸ
3107 2611 3208 2680 τῆς
3251 2612 3388 2676 ιδίας
3446 2613 3661 2680 φύσεως
3713 2612 3909 2676 κάλλος

2319 2703 2736 2772 ἀπαραποίητον
2759 2704 2893 2774 ἔχει,
2918 2705 3320 2772 κατοκνήσαιμ’
3345 2703 3409 2756 ἂν
3434 2705 3683 2775 οὐδαμῶς
3709 2707 3907 2768 εἰπεῖν,

2318 2791 2400 2844 ὅτι
2436 2792 2529 2845 καὶ
2561 2794 2661 2864 τὴν
2696 2794 2831 2862 πρὸς
2871 2795 3021 2863 ἡμᾶς
3059 2795 3316 2864 ὁμοίωσιν
3360 2795 3493 2866 ἔχει,
3547 2796 3690 2848 κατά
3737 2813 3798 2864 γε
3851 2796 3912 2849 τὸ

2320 2881 2458 2937 εἶναι
2483 2884 2605 2936 καθ’
2639 2887 2786 2956 ἡμᾶς
2813 2885 3120 2955 ἄνθρωπος,
3149 2889 3176 2940 ὁ
3210 2890 3273 2940 ἐκ
3302 2887 3480 2958 ψυχῆς
3511 2890 3604 2942 καὶ
3630 2887 3908 2958 σώματος,

2321 2977 2498 3030 καίτοι
2530 2978 2660 3037 Θεὸς
2693 2976 2768 3030 ὢν
2794 2978 2953 3047 φύσει
2985 2979 3080 3032 καὶ
3117 2979 3405 3048 χαρακτὴρ
3435 2982 3532 3049 τῆς
3556 2981 3912 3044 ὑποστάσεως

2320 3067 2414 3121 τοῦ
2445 3068 2856 3138 γεγεννηκότος.
2895 3065 2986 3131 Εἷς
3019 3065 3111 3121 οὖν
3159 3070 3268 3138 ἄρα
3316 3070 3407 3121 καὶ⁵
3446 3072 3471 3122 ὁ
3503 3071 3683 3134 αὐτὸς,
3729 3087 3910 3140 παρα-

651 3163 854 3224 modo,
915 3160 1008 3213 sed
1061 3169 1261 3212 rectam
1313 3168 1609 3224 puramque
1662 3151 1899 3221 mysterii
1955 3152 2216 3205 rati0nem

2327 3159 2558 3230 πλήσιος
2588 3160 2686 3229 μὲν
2713 3162 2825 3224 τοῖς
2855 3160 3102 3230 ἀδελφοῖς
3139 3160 3278 3214 κατὰ
3316 3161 3514 3230 σάρκα,
3549 3159 3811 3213 δεικνύων
3856 3161 3913 3212 δὲ

651 3254 984 3316 adulterans,
1022 3250 1185 3303 alium
1211 3247 1366 3301 nobis
1397 3256 1451 3300 et
1484 3246 1646 3298 alium
1682 3245 1885 3297 inducit
1912 3243 2216 3305 Christum,

650 3357 705 3402 et
745 3344 1091 3400 Judaicorum
1142 3341 1428 3395 criminum
1483 3339 1688 3405 laqueis
1725 3347 1937 3403 captus,
1986 3334 2075 3388 ubi
2127 3334 2219 3396 sit,

651 3443 706 3488 et
735 3447 841 3502 quo
886 3429 1150 3483 malorum
1188 3428 1397 3479 venerit
1435 3426 1653 3477 minimc
1687 3425 1870 3478 sentit.
1913 3424 2221 3478 Audiebant

652 3526 795 3580 enim
821 3522 911 3592 qui
948 3523 1013 3574 de
1039 3532 1232 3588 genere
1268 3513 1431 3569 Israel
1460 3524 1644 3578 erant,
1677 3516 1840 3566 Deum
1890 3515 2221 3568 clamantem

652 3633 748 3689 per
773 3617 1058 3685 quomdam
1117 3620 1426 3665 sanctorum
1467 3608 1851 3676 prophetarum
1913 3607 1979 3660 de
2010 3607 2224 3660 Emma-

653 3710 825 3764 nuel:
865 3725 883 3757 ι
919 3705 986 3758 Ει
1028 3714 1114 3767 tu,
1160 3700 1470 3754 Bethlehem
1526 3701 1716 3752 donms
1763 3697 2076 3766 Ephratha,
2127 3698 2227 3752 tui-

655 3805 800 3857 nima
849 3813 907 3854 es
958 3802 1009 3851 iu
1065 3795 1300 3849 millibus
1347 3792 1478 3845 Juda
1517 3811 1531 3844 :
1568 3806 1633 3844 ex
1674 3800 1724 3843 te
1772 3789 1900 3842 mihi
1957 3791 2126 3843 exibit
2172 3799 2228 3842 ut

655 3894 726 3948 sit
759 3893 1009 3961 princeps
1038 3888 1089 3941 in
1120 3884 1305 3945 Israel,
1342 3893 1394 3936 et
1422 3883 1599 3937 exitus
1647 3881 1763 3949 ejus
1802 3895 1828 3930 a
1863 3879 2127 3948 principio
2159 3893 2224 3932 ex

657 3984 849 4040 diebus
879 3979 1201 4034 aeternitatis
1236 3976 1299 4027 δ’.
1339 3995 1356 4025 ι
1394 3974 1459 4027 Et
1478 3987 1665 4026 rursus
1695 3989 1706 4024 :
1743 3989 1761 4021 ι
1805 3970 2224 4025 Generationem

655 4075 772 4142 ejus
815 4072 936 4141 quis
982 4066 1301 4122 enarrabit?
1348 4065 1471 4134 quia
1529 4061 1736 4117 tollitur
1792 4062 1856 4115 de
1920 4071 2061 4115 terra
2115 4061 2224 4115 vita

656 4169 772 4237 ejus
800 4165 865 4217 '°.
893 4184 910 4214 ι
951 4161 1148 4214 Deinde
1178 4174 1297 4210 cum
1349 4170 1574 4225 prorsus
1611 4155 1756 4208 nullo
1811 4151 1970 4207 modo
2025 4165 2226 4222 myste-

658 4263 796 4316 rium
850 4256 1258 4324 intelligerent,
1314 4263 1488 4318 neque
1531 4249 1736 4302 scirent
1767 4246 1939 4312 illum,
1979 4247 2226 4314 quamvis

658 4353 798 4405 Deus
819 4357 962 4402 esset
995 4362 1058 4398 ex
1079 4354 1268 4396 natura
1295 4351 1349 4395 et
1373 4340 1737 4394 subsistentia:
1761 4353 1870 4391 suae
1901 4338 2113 4390 initimn
2145 4339 2226 4390 in-

657 4443 766 4514 79
801 4438 1007 4494 visibile
1031 4445 1084 4488 et
1117 4430 1660 4500 incomprehensibile
1683 4430 1927 4493 haberet,
1973 4440 2223 4483 vocatum

2326 3254 2420 3305 xui.
2436 3253 2597 3306 αὑτὸν
2615 3255 2671 3305 ἐν
2693 3255 2798 3325 ίδίᾳ
2821 3255 2979 3323 φύσει
3004 3255 3094 3307 τὸν
3121 3255 3440 3323 Γεννήτορα,
3463 3253 3603 3305 κατά
3625 3270 3712 3320 γε,
3741 3253 3910 3322 φημὶ,

2329 3345 2390 3397 τὸ
2437 3341 2575 3398 εἶναι
2617 3346 2777 3408 Θεόςο
2817 3348 2844 3397 ὁ
2882 3346 2938 3397 δὲ
2981 3346 3139 3398 τοῦτο
3194 3347 3291 3414 μὲν
3343 3347 3402 3397 οὑ
3458 3345 3670 3414 συνίησι
3700 3345 3912 3397 ποθενο

2334 3437 2769 3506 παρασημαίνων
2795 3437 2850 3489 δὲ
2882 3437 3069 3506 ὥσπερ
3092 3438 3179 3489 τὸν
3208 3438 3379 3508 ὀρθῶς
3404 3455 3463 3488 τε
3492 3439 3582 3489 καὶ
3607 3436 3914 3507 άκιϐδήλως

2327 3530 2518 3599 ἔχοντα
2545 3529 2637 3581 τοῦ
2678 3530 2973 3599 μυστηρίου
3010 3529 3186 3596 λόγον,
3224 3530 3410 3597 ἕτερον
3436 3529 3568 3598 ἡμῖν
3596 3529 3690 3581 καὶ
3725 3527 3913 3597 ἕτερον

2327 3621 2631 3692 εἰσκομίζει
2663 3623 2896 3692 Χριστόν
2921 3638 2932 3650 ο
2971 3624 3062 3674 καὶ
3093 3624 3204 3684 τοῖς
3239 3621 3544 3683 Ἰουδαϊκοῖς
3567 3621 3914 3690 ἐγκλήμασιν

2328 3714 2586 3776 ὲναλοὺς,
2632 3714 2752 3766 οὑδὲ
2805 3714 3034 3783 ὅποιπερ
3096 3716 3241 3777 ἐστι,
3294 3715 3386 3766 καὶ
3448 3713 3514 3765 ἵν’
3563 3714 3686 3783 ἥκει
3724 3710 3914 3764 κακῶν

2326 3805 2661 3858 αἰσθάνεται.
2706 3807 2939 3857 ’Ἤκουον
2961 3806 3054 3872 μὲν
3104 3805 3210 3874 γὰρ
3252 3806 3299 3855 οί
3336 3805 3392 3870 ἐξ
3411 3804 3640 3873 αἵματος
3673 3802 3913 3872 Ἰσραὴλ,

2329 3896 2465 3949 Θεοῦ
2505 3896 2925 3966 διακεκραγὸτος
2971 3896 3036 3947 δι’
3083 3896 3200 3959 ἐνὸς
3244 3885 3350 3947 τῶν
3392 3895 3563 3963 ἁγίων
3616 3894 3913 3965 προφητῶν

2331 3991 2457 4058 περὶ
2483 3987 2575 4041 τοῦ
2625 3989 2969 4058 Ἐμμανουήλ
2991 4003 3003 4016 ·
3043 4008 3061 4038 ι
3091 3989 3200 4041 Καὶ
3221 3989 3308 4051 σὺ,
3342 3987 3607 4058 Βηθλεέμ,
3645 3984 3791 4048 οἶκος
3819 3985 3914 4038 τοῦ

2343 4077 2607 4147 Ἐφραοἄ,
2638 4059 2914 4144 ὀλιγοστὸς
2943 4071 2994 4128 εἴ
3032 4077 3123 4128 τοῦ
3155 4071 3296 4128 εἶναι
3333 4078 3388 4127 ἐν
3420 4077 3654 4146 χιλιάσιν
3698 4076 3871 4128 Ἰούδα
3896 4093 3910 4106 °

2329 4171 2394 4222 ἐκ
2424 4169 2518 4222 σοῦ
2549 4186 2638 4238 μοι
2674 4168 3014 4231 ἐξελεύσεται
3059 4167 3151 4220 τοῦ
3188 4164 3324 4219 εἶναι
3367 4169 3447 4228 εἰς
3476 4167 3712 4237 ἄρχοντα
3746 4168 3804 4217 ἐν
3836 4164 3912 4234 τῷ

2344 4261 2591 4331 Ἰσραήλ·
2641 4261 2734 4314 καὶ
2773 4262 2828 4313 αἱ
2860 4259 3025 4327 ἔξοδοι
3062 4259 3225 4312 αὑτοῦ
3272 4261 3365 4312 ἀπ’
3398 4261 3571 4331 ἀρχῆς
3601 4258 3658 4325 ἐξ
3689 4259 3912 4329 ἡμερῶν

2331 4353 2542 4416 αἰῶνος.
2558 4372 2574 4404 ι
2595 4353 2704 4406 Καὶ
2722 4352 2901 4406 πάλιν·
2923 4373 2940 4404 ι
2955 4354 3064 4423 Τὴν
3085 4353 3276 4420 γενεὰν
3299 4351 3462 4404 αὑτοῦ
3480 4352 3558 4412 τίς
3573 4352 3911 4421 διηγήσεται;

2332 4449 2412 4500 ὅτι
2443 4447 2655 4517 αἴρεται
2682 4446 2788 4498 ἀπὸ
2814 4447 2909 4516 τῆς
2930 4448 3031 4516 γῆς
3057 4443 3218 4514 ὴξωὴ
3235 4444 3452 4498 αὑτοῦ.»
3482 4438 3611 4494 Εἶτα
3639 4441 3910 4501 συνιέντες

657 4552 777 4589 esse
806 4541 984 4585 tamen
1013 4525 1436 4586 Bethleemitam,
1472 4530 1655 4589 utpote
1689 4535 1750 4572 ex
1783 4519 1962 4574 radice
1987 4519 2137 4573 Jesse
2165 4534 2221 4573 ac

2336 4538 2587 4608 οὐδαμῶς
2617 4539 2677 4590 τὸ
2713 4539 3027 4608 μυστήριον,
3072 4535 3193 4588 οὔτε
3239 4535 3343 4605 μὴν
3374 4535 3571 4597 εἰδότες
3601 4535 3681 4586 ὅτι
3734 4533 3912 4585 καίτοι

662 4625 908 4688 David“,
937 4619 1314 4674 ibisecundum
1339 4629 1553 4668 carnem
1575 4613 1836 4680 genitum,
1855 4613 1993 4665 inter
2017 4627 2075 4665 se
2093 4613 2233 4665 dice-

663 4722 791 4773 bant
819 4735 832 4770 :
864 4736 881 4768 ι
927 4712 1116 4767 Nonne
1143 4711 1229 4763 hic
1255 4717 1330 4762 est
1366 4721 1523 4775 quem
1553 4707 1866 4772 quaerebant
1903 4702 2232 4757 interﬁcere?

663 4811 805 4865 Ecce
830 4808 999 4876 palam
1054 4803 1310 4869 loquitur,
1342 4809 1396 4851 ct
1449 4797 1580 4850 nihil
1638 4796 1687 4849 ei
1735 4797 1958 4849 dicunt:
1997 4795 2234 4863 nunquid

666 4894 1318 4973 cognoveruntprincipes
1346 4891 1470 4958 quia
1517 4890 1604 4943 hic
1661 4900 1744 4942 est
1789 4887 2083 4941 Christus?
2130 4886 2234 4940 Sed

669 5000 811 5051 hunc
837 4993 1037 5045 scimus
1060 4988 1197 5040 unde
1217 4988 1318 5038 sit:
1356 4984 1608 5036 Christus
1641 4991 1815 5034 autem
1849 4994 1970 5033 cum
1999 4981 2234 5044 venerit,

670 5085 947 5144 nemoscit
981 5081 1120 5134 unde
1149 5078 1306 5132 sit".
1345 5095 1362 5126 ι
1413 5075 1713 5128 Audiebant
1769 5075 1936 5134 enim,
1994 5084 2050 5126 ut
2098 5072 2231 5137 dixi,

673 5180 987 5248 prophetam
1019 5174 1200 5225 dicere
1245 5169 1528 5239 perspicue
1563 5184 1574 5218 :
1617 5185 1634 5216 ‹
1665 5165 2082 5219 Generationem
2117 5164 2232 5232 ejus

674 5273 796 5341 quis
839 5264 1160 5321 cnarrabit?
1196 5281 1213 5311 ι
1251 5270 1325 5325 et,
1379 5259 1522 5326 quod
1589 5260 1788 5320 exitus,
1831 5257 2006 5322 idest,
2038 5271 2230 5309 essen-

2337 4629 2467 4690 Θεὸς
2496 4626 2569 4679 ὢν
2600 4627 2778 4694 φύσει,
2834 4629 2926 4678 καὶ
2974 4626 3071 4694 τῆς
3112 4625 3396 4695 ὑπάρξεως
3437 4623 3535 4693 τὴν
3574 4624 3752 4693 ἀρχὴν
3808 4623 3912 4674 άπ-

2339 4720 2505 4772 οπτόν
2536 4735 2594 4769 τε
2627 4719 2718 4770 καὶ
2761 4717 3144 4786 ἀκατάληπτον
3187 4717 3345 4785 ἔχων,
3377 4717 3755 4784 κεχρημάτικε
3807 4713 3913 4780 Βη-

2341 4811 2650 4880 θλεεμίτης,
2687 4809 2760 4871 ὡς
2793 4810 2854 4860 ὲκ
2887 4809 3042 4878 ῥίζης
3085 4808 3280 4860 Ἰεσσαὶ
3313 4809 3406 4859 καὶ
3433 4805 3614 4866 Δαϐὶδ,
3639 4806 3755 4856 ἐκεῖ
3788 4821 3912 4870 γεν-

2340 4904 2521 4972 νηθεὶς
2548 4902 2686 4954 κατὰ
2732 4901 2927 4971 σάρκα,
2961 4901 3094 4969 πρὸς
3126 4898 3384 4968 ἀλλήλους
3429 4897 3666 4966 ἔφασκον
3688 4911 3702 4923 ·
3742 4915 3759 4945 ι
3804 4896 3917 4964 Οὑχ

2347 4987 2501 5058 οὗτός
2558 4997 2704 5047 ἐστιν
2745 4994 2801 5045 ὃν
2867 4992 3118 5062 ζητοῦσιν
3162 4992 3517 5054 ἁποκτεῖναι;
3557 4989 3661 5041 Ἴδε
3701 4991 3918 5058 παρῤη-

2346 5089 2435 5158 σία
2473 5087 2645 5151 λαλεῖ,
2686 5085 2777 5138 καὶ
2809 5085 2958 5136 οὐδὲν
3008 5082 3154 5152 αὑτῷ
3183 5083 3400 5150 λέγουσι
3428 5097 3439 5109 ⁸
3477 5082 3549 5151 μή
3585 5097 3715 5131 ποτε
3747 5079 3917 5146 ἐγνω-

2343 5197 2442 5233 σαν
2486 5181 2534 5230 οί
2580 5179 2856 5249 ἄρχοντες,
2893 5177 2973 5228 ὅτι
3005 5169 3155 5238 οὗτός
3187 5177 3334 5227 ἐστιν
3379 5177 3406 5226 ὁ
3434 5171 3699 5242 Χριστός;
3759 5170 3921 5222 Ἀλλὰ

2337 5273 2522 5326 τοῦτον
2550 5272 2767 5340 οἴδαμεν
2793 5269 2954 5322 πόθεν
2982 5269 3126 5321 ἐστίν
3148 5285 3160 5296 °
3193 5271 3220 5320 ὁ
3249 5268 3306 5320 δέ
3329 5266 3562 5336 Χριστὸς
3593 5266 3723 5318 ὅταν
3755 5265 3919 5334 ἔρχη-

675 5389 760 5438 tite
800 5382 1005 5435 initium
1033 5387 1158 5431 ante
1186 5375 1365 5429 omnia
1419 5371 1612 5425 saecula
1668 5371 1906 5423 haberet.
1951 5367 2068 5421 Jam
2112 5382 2221 5422 vert

2336 5379 2446 5426 ται,
2475 5361 2646 5422 οὐδεὶς
2683 5359 2939 5426 γινώσκει
2975 5358 3135 5410 πόθεν
3159 5357 3323 5410 ἐστίν.
3351 5376 3367 5408 ι
3402 5358 3636 5409 νΗκουον
3671 5355 3798 5425 γὰρ,
3847 5355 3920 5416 ὡς

672 5485 905 5545 quantus
934 5471 1094 5523 luerit
1114 5466 1416 5521 Judazorum
1445 5475 1653 5531 stupor,
1691 5477 1898 5515 rursum
1928 5461 2237 5513 consideres

672 5569 854 5620 velim.
878 5565 1010 5617 Cum
1047 5563 1188 5615 enim
1215 5559 1458 5612 dicerent
1487 5577 1498 5609 :
1536 5575 1552 5606 ι
1590 5555 1834 5609 Christus
1860 5569 1977 5606 cum
2009 5553 2234 5613 venerit,

677 5674 832 5715 nemo
855 5657 956 5710 scit
1025 5654 1163 5706 unde
1223 5651 1314 5712 sit,
1358 5668 1375 5700 ι
1414 5663 1597 5702 rursus
1649 5649 1785 5699 inter
1837 5661 1894 5698 se
1944 5645 2234 5697 dicebant:

746 5841 790 5874 ⁸⁸
831 5838 990 5893 Hebr.
1023 5851 1057 5901 I,
1083 5836 1115 5887 5
1209 5832 1254 5863 ⁴⁵⁹
1292 5829 1447 5885 Mich.
1478 5843 1526 5890 ν,
1559 5826 1611 5878 9..
1688 5828 1732 5856 ⁸ο
1769 5824 1864 5877 lsa.
1895 5839 2006 5886 LIII,
2033 5823 2083 5877 8.

2189 5822 2229 5851 “
2274 5821 2371 5873 lsa.
2404 5835 2476 5880 χι,
2511 5821 2555 5870 i.

2337 5453 2494 5521 ἐψην,
2533 5450 2625 5503 τοῦ
2669 5452 2945 5519 προφήτου
2997 5451 3243 5516 λέγοντος
3285 5447 3526 5518 ἐναργῶς
3551 5463 3565 5477 ⁶
3614 5468 3632 5498 ι
3675 5448 3785 5515 Τὴν
3825 5463 3918 5514 γε·

2343 5545 2468 5596 νεὰν
2490 5540 2649 5594 αὑτοῦ
2670 5541 2747 5602 τίς
2767 5541 3083 5609 διηγήσεται
3109 5555 3121 5604 ;
3147 5561 3165 5588 ι
3188 5539 3279 5591 καὶ
3304 5539 3384 5590 ὃτι
3413 5539 3510 5599 τὰς
3538 5536 3769 5602 ἐξόδους,
3800 5536 3919 5603 ἦτοι

2345 5635 2441 5706 τὴν
2469 5632 2700 5702 ὓπαρξιν
2733 5634 2838 5700 πρὸ
2874 5631 3072 5693 παντὸς
3100 5629 3290 5692 αἰῶνος
3331 5628 3463 5698 ἔχει.
3498 5627 3687 5697 Ἀθρει
3730 5627 3792 5697 δή
3833 5642 3922 5695 μοι

2636 5819 2678 5845 δ’
2715 5815 2869 5867 .lo:tn.
2906 5831 2994 5880 ru,
3028 5813 3211 5866 ‘23-'27.
