  <div class='ocr_page' id='page_1' title='image "/cluster/home/n/w/nwhite01/storage/ocr_20150623/76/pst.000005712755/078.png"; bbox 0 0 4072 6346; ppageno 0'>
   <div class='ocr_carea' id='block_1_1' title="bbox 176 387 263 440">
    <p class='ocr_par' dir='ltr' id='par_1_1' title="bbox 176 387 263 440">
     <span class='ocr_line' id='line_1_1' title="bbox 176 387 263 440; baseline 0.011 -1"><span class='ocrx_word' id='word_1_1' title='bbox 176 387 263 440; x_wconf 78' lang='grc' dir='ltr'><strong>ιιι</strong></span> 
     </span>
    </p>
   </div>
   <div class='ocr_carea' id='block_1_2' title="bbox 1242 372 2348 441">
    <p class='ocr_par' dir='ltr' id='par_1_2' title="bbox 1242 372 2348 441">
     <span class='ocr_line' id='line_1_2' title="bbox 1242 372 2348 441; baseline -0.014 0"><span class='ocrx_word' id='word_1_2' title='bbox 1242 379 1609 441; x_wconf 80' lang='lat' dir='ltr'><strong>ADVERSUS</strong></span> <span class='ocrx_word' id='word_1_3' title='bbox 1644 374 2045 433; x_wconf 79' lang='lat' dir='ltr'><strong>NESTORIUM</strong></span> <span class='ocrx_word' id='word_1_4' title='bbox 2090 374 2218 429; x_wconf 86' lang='lat' dir='ltr'><strong>LIB.</strong></span> <span class='ocrx_word' id='word_1_5' title='bbox 2264 372 2348 425; x_wconf 90' lang='lat' dir='ltr'><strong>Ill.</strong></span> 
     </span>
    </p>
   </div>
   <div class='ocr_carea' id='block_1_3' title="bbox 3296 358 3396 413">
    <p class='ocr_par' dir='ltr' id='par_1_3' title="bbox 3296 358 3396 413">
     <span class='ocr_line' id='line_1_3' title="bbox 3296 358 3396 413; baseline -0.04 0"><span class='ocrx_word' id='word_1_6' title='bbox 3296 358 3396 413; x_wconf 73' lang='lat' dir='ltr'><strong>H’l</strong></span> 
     </span>
    </p>
   </div>
   <div class='ocr_carea' id='block_1_4' title="bbox 171 478 1742 579">
    <p class='ocr_par' dir='ltr' id='par_1_4' title="bbox 171 502 1726 579">
     <span class='ocr_line' id='line_1_4' title="bbox 171 502 1726 579; baseline -0.004 -20"><span class='ocrx_word' id='word_1_7' title='bbox 171 506 323 559; x_wconf 79' lang='grc' dir='ltr'>πάλιν</span> <span class='ocrx_word' id='word_1_8' title='bbox 354 507 457 575; x_wconf 72' lang='grc' dir='ltr'>τῆς</span> <span class='ocrx_word' id='word_1_9' title='bbox 499 506 769 559; x_wconf 82' lang='grc' dir='ltr'><strong>Ἰουδαίων</strong></span> <span class='ocrx_word' id='word_1_10' title='bbox 802 506 1197 579; x_wconf 78' lang='grc' dir='ltr'>ἐμϐροντησίας</span> <span class='ocrx_word' id='word_1_11' title='bbox 1234 508 1294 559; x_wconf 89' lang='grc' dir='ltr'><strong>τὸ</strong></span> <span class='ocrx_word' id='word_1_12' title='bbox 1327 503 1552 576; x_wconf 83' lang='grc' dir='ltr'>μέγεθος</span> <span class='ocrx_word' id='word_1_13' title='bbox 1573 518 1584 528; x_wconf 93' lang='grc'><strong>·</strong></span> <span class='ocrx_word' id='word_1_14' title='bbox 1625 502 1726 568; x_wconf 81' lang='grc' dir='ltr'><strong>φά-</strong></span> 
     </span>
    </p>
   </div>
   <div class='ocr_carea' id='block_1_5' title="bbox 1846 478 3396 579">
    <p class='ocr_par' dir='ltr' id='par_1_5' title="bbox 1846 478 3396 563">
     <span class='ocr_line' id='line_1_5' title="bbox 1846 478 3396 563; baseline -0.014 -14"><span class='ocrx_word' id='word_1_15' title='bbox 1846 518 1856 549; x_wconf 92' lang='grc' dir='ltr'><strong>ι</strong></span> <span class='ocrx_word' id='word_1_16' title='bbox 1896 497 1991 552; x_wconf 86' lang='lat' dir='ltr'><strong>Hic</strong></span> <span class='ocrx_word' id='word_1_17' title='bbox 2013 508 2095 552; x_wconf 90' lang='lat' dir='ltr'><strong>est</strong></span> <span class='ocrx_word' id='word_1_18' title='bbox 2128 510 2249 550; x_wconf 84' lang='lat' dir='ltr'><strong>vere</strong></span> <span class='ocrx_word' id='word_1_19' title='bbox 2288 492 2546 563; x_wconf 77' lang='lat' dir='ltr'><strong>propheta</strong></span> <span class='ocrx_word' id='word_1_20' title='bbox 2578 504 2590 541; x_wconf 92' lang='lat'>:</span> <span class='ocrx_word' id='word_1_21' title='bbox 2626 486 2715 542; x_wconf 86' lang='lat' dir='ltr'><strong>alii</strong></span> <span class='ocrx_word' id='word_1_22' title='bbox 2747 497 2873 539; x_wconf 86' lang='lat' dir='ltr'><strong>vero</strong></span> <span class='ocrx_word' id='word_1_23' title='bbox 2906 480 3176 545; x_wconf 77' lang='lat' dir='ltr'><strong>dicebant,</strong></span> <span class='ocrx_word' id='word_1_24' title='bbox 3201 478 3396 545; x_wconf 83' lang='lat' dir='ltr'><strong>inquit,</strong></span> 
     </span>
    </p>
   </div>
   <div class='ocr_carea' id='block_1_6' title="bbox 172 594 1728 669">
    <p class='ocr_par' dir='ltr' id='par_1_6' title="bbox 172 594 1728 669">
     <span class='ocr_line' id='line_1_6' title="bbox 172 594 1728 669; baseline -0.004 -19"><span class='ocrx_word' id='word_1_25' title='bbox 172 614 386 660; x_wconf 86' lang='grc' dir='ltr'>σκοντες</span> <span class='ocrx_word' id='word_1_26' title='bbox 418 597 527 668; x_wconf 84' lang='grc' dir='ltr'>γάρ</span> <span class='ocrx_word' id='word_1_27' title='bbox 552 616 564 631; x_wconf 76' lang='grc' dir='ltr'><strong>ο</strong></span> <span class='ocrx_word' id='word_1_28' title='bbox 602 617 618 648; x_wconf 83' lang='grc' dir='ltr'><strong>ι</strong></span> <span class='ocrx_word' id='word_1_29' title='bbox 669 599 726 650; x_wconf 87' lang='lat' dir='ltr'><strong>&#39;U</strong></span> <span class='ocrx_word' id='word_1_30' title='bbox 758 599 988 669; x_wconf 87' lang='grc' dir='ltr'>Χριστὸς</span> <span class='ocrx_word' id='word_1_31' title='bbox 1014 600 1142 651; x_wconf 81' lang='grc' dir='ltr'>ὅταν</span> <span class='ocrx_word' id='word_1_32' title='bbox 1171 599 1414 669; x_wconf 77' lang='grc' dir='ltr'><strong>ἔρχηται,</strong></span> <span class='ocrx_word' id='word_1_33' title='bbox 1442 594 1614 655; x_wconf 69' lang='grc' dir='ltr'>οὐδεὶς</span> <span class='ocrx_word' id='word_1_34' title='bbox 1644 609 1728 660; x_wconf 86' lang='grc' dir='ltr'>γι-</span> 
     </span>
    </p>
   </div>
   <div class='ocr_carea' id='block_1_7' title="bbox 169 684 1725 760">
    <p class='ocr_par' dir='ltr' id='par_1_7' title="bbox 169 684 1725 760">
     <span class='ocr_line' id='line_1_7' title="bbox 169 684 1725 760; baseline -0.005 -18"><span class='ocrx_word' id='word_1_35' title='bbox 169 689 359 742; x_wconf 82' lang='grc' dir='ltr'>νώσκει</span> <span class='ocrx_word' id='word_1_36' title='bbox 391 688 553 741; x_wconf 86' lang='grc' dir='ltr'>πόθεν</span> <span class='ocrx_word' id='word_1_37' title='bbox 578 689 726 741; x_wconf 78' lang='grc' dir='ltr'>ἐστί’</span> <span class='ocrx_word' id='word_1_38' title='bbox 767 708 784 740; x_wconf 77' lang='grc' dir='ltr'><strong>ι</strong></span> <span class='ocrx_word' id='word_1_39' title='bbox 827 690 986 742; x_wconf 81' lang='grc' dir='ltr'>πάλιν</span> <span class='ocrx_word' id='word_1_40' title='bbox 1031 690 1165 760; x_wconf 89' lang='grc' dir='ltr'>πρὸς</span> <span class='ocrx_word' id='word_1_41' title='bbox 1207 687 1467 759; x_wconf 80' lang='grc' dir='ltr'><strong>ἀλλήλους</strong></span> <span class='ocrx_word' id='word_1_42' title='bbox 1510 684 1725 753; x_wconf 83' lang='grc' dir='ltr'>έλεγον’</span> 
     </span>
    </p>
   </div>
   <div class='ocr_carea' id='block_1_8' title="bbox 177 775 1729 853">
    <p class='ocr_par' dir='ltr' id='par_1_8' title="bbox 177 775 1729 853">
     <span class='ocr_line' id='line_1_8' title="bbox 177 775 1729 853; baseline -0.002 -22"><span class='ocrx_word' id='word_1_43' title='bbox 177 801 193 831; x_wconf 77' lang='grc' dir='ltr'><strong>ι</strong></span> <span class='ocrx_word' id='word_1_44' title='bbox 226 775 389 843; x_wconf 81' lang='grc' dir='ltr'>Οὗτός</span> <span class='ocrx_word' id='word_1_45' title='bbox 422 782 568 833; x_wconf 79' lang='grc' dir='ltr'>ἐστιν</span> <span class='ocrx_word' id='word_1_46' title='bbox 597 781 809 850; x_wconf 82' lang='grc' dir='ltr'>ἀληθῶς</span> <span class='ocrx_word' id='word_1_47' title='bbox 846 782 873 833; x_wconf 97' lang='lat'><strong>6</strong></span> <span class='ocrx_word' id='word_1_48' title='bbox 908 783 1189 853; x_wconf 72' lang='grc' dir='ltr'><strong>προφήτης</strong></span> <span class='ocrx_word' id='word_1_49' title='bbox 1214 798 1227 812; x_wconf 75' lang='grc' dir='ltr'><strong>ο</strong></span> <span class='ocrx_word' id='word_1_50' title='bbox 1259 780 1404 834; x_wconf 79' lang='grc' dir='ltr'>ἄλλοι</span> <span class='ocrx_word' id='word_1_51' title='bbox 1433 780 1489 831; x_wconf 82' lang='grc' dir='ltr'>δὲ</span> <span class='ocrx_word' id='word_1_52' title='bbox 1525 778 1729 845; x_wconf 73' lang='grc' dir='ltr'>ἔλεγον,</span> 
     </span>
    </p>
   </div>
   <div class='ocr_carea' id='block_1_9' title="bbox 169 868 1730 945">
    <p class='ocr_par' dir='ltr' id='par_1_9' title="bbox 169 868 1730 945">
     <span class='ocr_line' id='line_1_9' title="bbox 169 868 1730 945; baseline -0.003 -20"><span class='ocrx_word' id='word_1_53' title='bbox 169 874 349 941; x_wconf 70' lang='grc' dir='ltr'>φησιν,</span> <span class='ocrx_word' id='word_1_54' title='bbox 379 874 461 925; x_wconf 83' lang='grc' dir='ltr'>ὅτι</span> <span class='ocrx_word' id='word_1_55' title='bbox 492 872 662 935; x_wconf 82' lang='grc' dir='ltr'>Αὐτός</span> <span class='ocrx_word' id='word_1_56' title='bbox 686 875 832 925; x_wconf 79' lang='grc' dir='ltr'>ἐστιν</span> <span class='ocrx_word' id='word_1_57' title='bbox 858 876 885 925; x_wconf 81' lang='lat'><strong>6</strong></span> <span class='ocrx_word' id='word_1_58' title='bbox 924 875 1157 945; x_wconf 84' lang='grc' dir='ltr'>Χριστός</span> <span class='ocrx_word' id='word_1_59' title='bbox 1178 890 1191 901; x_wconf 82' lang='lat'><strong>&#39;</strong></span> <span class='ocrx_word' id='word_1_60' title='bbox 1230 874 1278 926; x_wconf 87' lang='grc' dir='ltr'><strong>οί</strong></span> <span class='ocrx_word' id='word_1_61' title='bbox 1313 873 1369 925; x_wconf 79' lang='grc' dir='ltr'>δὲ</span> <span class='ocrx_word' id='word_1_62' title='bbox 1398 871 1602 939; x_wconf 76' lang='grc' dir='ltr'>ἔλεγον·</span> <span class='ocrx_word' id='word_1_63' title='bbox 1640 868 1730 939; x_wconf 83' lang='grc' dir='ltr'><strong>Μὴ</strong></span> 
     </span>
    </p>
   </div>
   <div class='ocr_carea' id='block_1_10' title="bbox 167 962 1731 1035">
    <p class='ocr_par' dir='ltr' id='par_1_10' title="bbox 167 962 1731 1035">
     <span class='ocr_line' id='line_1_10' title="bbox 167 962 1731 1035; baseline -0.003 -18"><span class='ocrx_word' id='word_1_64' title='bbox 167 964 271 1034; x_wconf 85' lang='grc' dir='ltr'>γὰρ</span> <span class='ocrx_word' id='word_1_65' title='bbox 319 965 385 1015; x_wconf 81' lang='grc' dir='ltr'>ὲκ</span> <span class='ocrx_word' id='word_1_66' title='bbox 428 965 527 1035; x_wconf 83' lang='grc' dir='ltr'>τῆς</span> <span class='ocrx_word' id='word_1_67' title='bbox 576 963 866 1027; x_wconf 75' lang='grc' dir='ltr'><strong>Γαλιλαίας</strong></span> <span class='ocrx_word' id='word_1_68' title='bbox 913 967 940 1017; x_wconf 91' lang='lat'><strong>6</strong></span> <span class='ocrx_word' id='word_1_69' title='bbox 973 965 1207 1034; x_wconf 86' lang='grc' dir='ltr'>Χριστὸς</span> <span class='ocrx_word' id='word_1_70' title='bbox 1246 964 1495 1035; x_wconf 82' lang='grc' dir='ltr'>έρχεται;</span> <span class='ocrx_word' id='word_1_71' title='bbox 1545 962 1731 1031; x_wconf 78' lang='grc' dir='ltr'>οὐχἰή</span> 
     </span>
    </p>
   </div>
   <div class='ocr_carea' id='block_1_11' title="bbox 168 1050 1733 1126">
    <p class='ocr_par' dir='ltr' id='par_1_11' title="bbox 168 1050 1733 1126">
     <span class='ocr_line' id='line_1_11' title="bbox 168 1050 1733 1126; baseline -0.015 -1"><span class='ocrx_word' id='word_1_72' title='bbox 168 1055 355 1124; x_wconf 76' lang='grc' dir='ltr'>Γραφὴ</span> <span class='ocrx_word' id='word_1_73' title='bbox 399 1050 550 1108; x_wconf 80' lang='grc' dir='ltr'>εἶπεν</span> <span class='ocrx_word' id='word_1_74' title='bbox 580 1056 659 1107; x_wconf 82' lang='grc' dir='ltr'>ὃτι</span> <span class='ocrx_word' id='word_1_75' title='bbox 688 1057 751 1108; x_wconf 78' lang='grc' dir='ltr'>ἐκ</span> <span class='ocrx_word' id='word_1_76' title='bbox 787 1054 1101 1126; x_wconf 86' lang='grc' dir='ltr'>σπέρματος</span> <span class='ocrx_word' id='word_1_77' title='bbox 1139 1056 1323 1115; x_wconf 72' lang='grc' dir='ltr'>Δαὸὶδ,</span> <span class='ocrx_word' id='word_1_78' title='bbox 1352 1054 1446 1107; x_wconf 71' lang='grc' dir='ltr'><strong>καλ⁸</strong></span> <span class='ocrx_word' id='word_1_79' title='bbox 1490 1053 1595 1105; x_wconf 86' lang='grc' dir='ltr'>ἀπὸ</span> <span class='ocrx_word' id='word_1_80' title='bbox 1629 1052 1733 1122; x_wconf 89' lang='grc' dir='ltr'>Βη-</span> 
     </span>
    </p>
   </div>
   <div class='ocr_carea' id='block_1_12' title="bbox 167 1143 1732 1217">
    <p class='ocr_par' dir='ltr' id='par_1_12' title="bbox 167 1143 1732 1217">
     <span class='ocr_line' id='line_1_12' title="bbox 167 1143 1732 1217; baseline -0.002 -19"><span class='ocrx_word' id='word_1_81' title='bbox 167 1146 328 1215; x_wconf 79' lang='grc' dir='ltr'>θλεὲμ</span> <span class='ocrx_word' id='word_1_82' title='bbox 358 1147 459 1217; x_wconf 81' lang='grc' dir='ltr'>τῆς</span> <span class='ocrx_word' id='word_1_83' title='bbox 503 1147 716 1216; x_wconf 82' lang='grc' dir='ltr'><strong>κώμης,</strong></span> <span class='ocrx_word' id='word_1_84' title='bbox 766 1147 899 1199; x_wconf 87' lang='grc' dir='ltr'>ὅπου</span> <span class='ocrx_word' id='word_1_85' title='bbox 936 1143 1003 1217; x_wconf 82' lang='grc' dir='ltr'>ἦν</span> <span class='ocrx_word' id='word_1_86' title='bbox 1033 1146 1214 1212; x_wconf 74' lang='grc' dir='ltr'>Δαὸὶδ,</span> <span class='ocrx_word' id='word_1_87' title='bbox 1256 1148 1283 1199; x_wconf 90' lang='lat'><strong>6</strong></span> <span class='ocrx_word' id='word_1_88' title='bbox 1317 1144 1547 1217; x_wconf 87' lang='grc' dir='ltr'>Χριστὸς</span> <span class='ocrx_word' id='word_1_89' title='bbox 1576 1144 1732 1214; x_wconf 73' lang='grc' dir='ltr'>ἔρχε-</span> 
     </span>
    </p>
   </div>
   <div class='ocr_carea' id='block_1_13' title="bbox 166 1234 1734 1310">
    <p class='ocr_par' dir='ltr' id='par_1_13' title="bbox 166 1234 1734 1310">
     <span class='ocr_line' id='line_1_13' title="bbox 166 1234 1734 1310; baseline -0.001 -19"><span class='ocrx_word' id='word_1_90' title='bbox 166 1255 283 1301; x_wconf 80' lang='grc' dir='ltr'>ταις</span> <span class='ocrx_word' id='word_1_91' title='bbox 328 1257 346 1288; x_wconf 71' lang='grc' dir='ltr'><strong>ι</strong></span> <span class='ocrx_word' id='word_1_92' title='bbox 412 1240 571 1310; x_wconf 77' lang='grc' dir='ltr'>Ὁρᾷς</span> <span class='ocrx_word' id='word_1_93' title='bbox 619 1234 713 1292; x_wconf 82' lang='grc' dir='ltr'><strong>οῦν</strong></span> <span class='ocrx_word' id='word_1_94' title='bbox 760 1239 905 1303; x_wconf 85' lang='grc' dir='ltr'>ὅπως</span> <span class='ocrx_word' id='word_1_95' title='bbox 955 1241 1048 1292; x_wconf 73' lang='grc' dir='ltr'>καὶ</span> <span class='ocrx_word' id='word_1_96' title='bbox 1082 1239 1504 1309; x_wconf 78' lang='grc' dir='ltr'>καταμεθύουσι,</span> <span class='ocrx_word' id='word_1_97' title='bbox 1542 1238 1631 1290; x_wconf 71' lang='grc' dir='ltr'><strong>καὶ</strong></span> <span class='ocrx_word' id='word_1_98' title='bbox 1674 1237 1734 1289; x_wconf 88' lang='grc' dir='ltr'><strong>τὸ</strong></span> 
     </span>
    </p>
   </div>
   <div class='ocr_carea' id='block_1_14' title="bbox 166 1328 1734 1400">
    <p class='ocr_par' dir='ltr' id='par_1_14' title="bbox 166 1328 1734 1400">
     <span class='ocr_line' id='line_1_14' title="bbox 166 1328 1734 1400; baseline -0.003 -17"><span class='ocrx_word' id='word_1_99' title='bbox 166 1330 397 1400; x_wconf 81' lang='grc' dir='ltr'><strong>ἄναρχον</strong></span> <span class='ocrx_word' id='word_1_100' title='bbox 432 1329 646 1393; x_wconf 85' lang='grc' dir='ltr'>θεῐκῶς,</span> <span class='ocrx_word' id='word_1_101' title='bbox 682 1329 773 1382; x_wconf 71' lang='grc' dir='ltr'>καὶ</span> <span class='ocrx_word' id='word_1_102' title='bbox 807 1328 905 1399; x_wconf 83' lang='grc' dir='ltr'><strong>τὴν</strong></span> <span class='ocrx_word' id='word_1_103' title='bbox 943 1332 1000 1382; x_wconf 86' lang='grc' dir='ltr'>ὲν</span> <span class='ocrx_word' id='word_1_104' title='bbox 1038 1332 1214 1400; x_wconf 85' lang='grc' dir='ltr'>χρόνῳ</span> <span class='ocrx_word' id='word_1_105' title='bbox 1258 1330 1507 1399; x_wconf 83' lang='grc' dir='ltr'><strong>γέννησιν</strong></span> <span class='ocrx_word' id='word_1_106' title='bbox 1546 1344 1734 1397; x_wconf 88' lang='grc' dir='ltr'>σαρκι-</span> 
     </span>
    </p>
   </div>
   <div class='ocr_carea' id='block_1_15' title="bbox 168 1420 1735 1491">
    <p class='ocr_par' dir='ltr' id='par_1_15' title="bbox 168 1420 1735 1491">
     <span class='ocr_line' id='line_1_15' title="bbox 168 1420 1735 1491; baseline -0.001 -18"><span class='ocrx_word' id='word_1_107' title='bbox 168 1424 267 1490; x_wconf 82' lang='grc' dir='ltr'>κὴν</span> <span class='ocrx_word' id='word_1_108' title='bbox 301 1422 688 1491; x_wconf 85' lang='grc' dir='ltr'>ὁμολογοῦντες</span> <span class='ocrx_word' id='word_1_109' title='bbox 725 1424 922 1488; x_wconf 75' lang='grc' dir='ltr'>αὐτοῦς</span> <span class='ocrx_word' id='word_1_110' title='bbox 992 1423 1128 1475; x_wconf 81' lang='grc' dir='ltr'>Ἀλλ’</span> <span class='ocrx_word' id='word_1_111' title='bbox 1177 1424 1277 1475; x_wconf 79' lang='grc' dir='ltr'><strong>οὐκ</strong></span> <span class='ocrx_word' id='word_1_112' title='bbox 1319 1422 1384 1475; x_wconf 82' lang='grc' dir='ltr'>ἂν</span> <span class='ocrx_word' id='word_1_113' title='bbox 1433 1424 1511 1483; x_wconf 88' lang='grc' dir='ltr'><strong>είς</strong></span> <span class='ocrx_word' id='word_1_114' title='bbox 1564 1420 1735 1481; x_wconf 79' lang='grc' dir='ltr'>οὓτως</span> 
     </span>
    </p>
   </div>
   <div class='ocr_carea' id='block_1_16' title="bbox 170 1512 1736 1584">
    <p class='ocr_par' dir='ltr' id='par_1_16' title="bbox 170 1512 1736 1584">
     <span class='ocr_line' id='line_1_16' title="bbox 170 1512 1736 1584; baseline -0.001 -20"><span class='ocrx_word' id='word_1_115' title='bbox 170 1514 435 1575; x_wconf 83' lang='grc' dir='ltr'>ἐκτόπους</span> <span class='ocrx_word' id='word_1_116' title='bbox 478 1514 871 1584; x_wconf 76' lang='grc' dir='ltr'><strong>ἀπεκομίζοντο</strong></span> <span class='ocrx_word' id='word_1_117' title='bbox 926 1514 1266 1577; x_wconf 75' lang='grc' dir='ltr'>δυσϐουλίας,</span> <span class='ocrx_word' id='word_1_118' title='bbox 1328 1514 1485 1584; x_wconf 79' lang='grc' dir='ltr'>εἴπερ</span> <span class='ocrx_word' id='word_1_119' title='bbox 1542 1512 1736 1582; x_wconf 74' lang='grc' dir='ltr'>ᾔδεσαν</span> 
     </span>
    </p>
   </div>
   <div class='ocr_carea' id='block_1_17' title="bbox 165 1604 1737 1677">
    <p class='ocr_par' dir='ltr' id='par_1_17' title="bbox 165 1604 1737 1677">
     <span class='ocr_line' id='line_1_17' title="bbox 165 1604 1737 1677; baseline 0.001 -22"><span class='ocrx_word' id='word_1_120' title='bbox 165 1604 398 1674; x_wconf 79' lang='grc' dir='ltr'>ἀληθῶς,</span> <span class='ocrx_word' id='word_1_121' title='bbox 434 1606 512 1657; x_wconf 83' lang='grc' dir='ltr'>ὅτι</span> <span class='ocrx_word' id='word_1_122' title='bbox 552 1606 683 1668; x_wconf 85' lang='grc' dir='ltr'>Θεὸς</span> <span class='ocrx_word' id='word_1_123' title='bbox 715 1605 789 1658; x_wconf 81' lang='grc' dir='ltr'>ὢν</span> <span class='ocrx_word' id='word_1_124' title='bbox 834 1608 862 1659; x_wconf 94' lang='lat'><strong>6</strong></span> <span class='ocrx_word' id='word_1_125' title='bbox 886 1607 1075 1675; x_wconf 82' lang='grc' dir='ltr'><strong>Λόγος,</strong></span> <span class='ocrx_word' id='word_1_126' title='bbox 1106 1609 1169 1660; x_wconf 84' lang='grc' dir='ltr'>ὲκ</span> <span class='ocrx_word' id='word_1_127' title='bbox 1204 1606 1359 1677; x_wconf 78' lang='grc' dir='ltr'>ῥίζης</span> <span class='ocrx_word' id='word_1_128' title='bbox 1399 1605 1497 1675; x_wconf 85' lang='grc' dir='ltr'>τῆς</span> <span class='ocrx_word' id='word_1_129' title='bbox 1541 1604 1737 1656; x_wconf 74' lang='grc' dir='ltr'>Ἰεσσαὶ</span> 
     </span>
    </p>
   </div>
   <div class='ocr_carea' id='block_1_18' title="bbox 164 1694 1738 1767">
    <p class='ocr_par' dir='ltr' id='par_1_18' title="bbox 164 1694 1738 1767">
     <span class='ocr_line' id='line_1_18' title="bbox 164 1694 1738 1767; baseline 0.001 -21"><span class='ocrx_word' id='word_1_130' title='bbox 164 1696 255 1747; x_wconf 72' lang='grc' dir='ltr'>καὶ</span> <span class='ocrx_word' id='word_1_131' title='bbox 280 1696 465 1759; x_wconf 72' lang='grc' dir='ltr'>Δαϐὶδ,</span> <span class='ocrx_word' id='word_1_132' title='bbox 503 1696 594 1748; x_wconf 75' lang='grc' dir='ltr'>καὶ</span> <span class='ocrx_word' id='word_1_133' title='bbox 623 1696 722 1765; x_wconf 83' lang='grc' dir='ltr'>τῆς</span> <span class='ocrx_word' id='word_1_134' title='bbox 747 1697 905 1764; x_wconf 82' lang='grc' dir='ltr'>ἁγίας</span> <span class='ocrx_word' id='word_1_135' title='bbox 939 1697 1213 1767; x_wconf 84' lang='grc' dir='ltr'>Παρθένου</span> <span class='ocrx_word' id='word_1_136' title='bbox 1238 1695 1505 1767; x_wconf 81' lang='grc' dir='ltr'>προῆλθεν</span> <span class='ocrx_word' id='word_1_137' title='bbox 1532 1694 1738 1766; x_wconf 76' lang='grc' dir='ltr'>ἄνθρω-</span> 
     </span>
    </p>
   </div>
   <div class='ocr_carea' id='block_1_19' title="bbox 166 1787 1739 1859">
    <p class='ocr_par' dir='ltr' id='par_1_19' title="bbox 166 1787 1739 1859">
     <span class='ocr_line' id='line_1_19' title="bbox 166 1787 1739 1859; baseline 0.001 -21"><span class='ocrx_word' id='word_1_138' title='bbox 166 1805 278 1852; x_wconf 83' lang='grc' dir='ltr'>πος,</span> <span class='ocrx_word' id='word_1_139' title='bbox 329 1788 643 1859; x_wconf 77' lang='grc' dir='ltr'>ὠνόμασται</span> <span class='ocrx_word' id='word_1_140' title='bbox 675 1789 731 1841; x_wconf 87' lang='grc' dir='ltr'>δὲ</span> <span class='ocrx_word' id='word_1_141' title='bbox 777 1791 871 1841; x_wconf 74' lang='grc' dir='ltr'>καὶ</span> <span class='ocrx_word' id='word_1_142' title='bbox 904 1788 1291 1859; x_wconf 85' lang='grc' dir='ltr'>Βηθλεεμίτης,</span> <span class='ocrx_word' id='word_1_143' title='bbox 1325 1790 1353 1840; x_wconf 93' lang='lat'><strong>6</strong></span> <span class='ocrx_word' id='word_1_144' title='bbox 1400 1789 1503 1857; x_wconf 80' lang='grc' dir='ltr'>γῆς</span> <span class='ocrx_word' id='word_1_145' title='bbox 1552 1803 1611 1839; x_wconf 90' lang='grc' dir='ltr'><strong>τε</strong></span> <span class='ocrx_word' id='word_1_146' title='bbox 1646 1787 1739 1840; x_wconf 72' lang='grc' dir='ltr'>καὶ</span> 
     </span>
    </p>
   </div>
   <div class='ocr_carea' id='block_1_20' title="bbox 162 1851 1976 1950">
    <p class='ocr_par' dir='ltr' id='par_1_20' title="bbox 162 1851 1976 1950">
     <span class='ocr_line' id='line_1_20' title="bbox 162 1851 1976 1950; baseline -0.002 -20"><span class='ocrx_word' id='word_1_147' title='bbox 162 1878 392 1948; x_wconf 77' lang='grc' dir='ltr'>οὐρανοῦ</span> <span class='ocrx_word' id='word_1_148' title='bbox 446 1879 539 1931; x_wconf 68' lang='grc' dir='ltr'>καὶ</span> <span class='ocrx_word' id='word_1_149' title='bbox 586 1879 691 1932; x_wconf 81' lang='grc' dir='ltr'><strong>τῶν</strong></span> <span class='ocrx_word' id='word_1_150' title='bbox 740 1879 876 1932; x_wconf 86' lang='grc' dir='ltr'>ὅλων</span> <span class='ocrx_word' id='word_1_151' title='bbox 907 1881 1213 1950; x_wconf 80' lang='grc' dir='ltr'>Δεσπότης’</span> <span class='ocrx_word' id='word_1_152' title='bbox 1254 1898 1272 1930; x_wconf 75' lang='grc' dir='ltr'><strong>ι</strong></span> <span class='ocrx_word' id='word_1_153' title='bbox 1325 1878 1739 1947; x_wconf 85' lang='grc' dir='ltr'>Συνεπτώχευσε</span> <span class='ocrx_word' id='word_1_154' title='bbox 1772 1851 1814 1906; x_wconf 80' lang='grc' dir='ltr'><strong>Β</strong></span> <span class='ocrx_word' id='word_1_155' title='bbox 1844 1862 1976 1915; x_wconf 68' lang='grc' dir='ltr'><strong>(Ῐῖίῑίε</strong></span> 
     </span>
    </p>
   </div>
   <div class='ocr_carea' id='block_1_21' title="bbox 163 1957 1741 2041">
    <p class='ocr_par' dir='ltr' id='par_1_21' title="bbox 163 1957 1741 2041">
     <span class='ocr_line' id='line_1_21' title="bbox 163 1957 1741 2041; baseline 0.003 -19"><span class='ocrx_word' id='word_1_156' title='bbox 163 1970 265 2041; x_wconf 76' lang='grc' dir='ltr'><strong>γὰρ</strong></span> <span class='ocrx_word' id='word_1_157' title='bbox 300 1972 434 2040; x_wconf 77' lang='grc' dir='ltr'>ἡμῖν</span> <span class='ocrx_word' id='word_1_158' title='bbox 467 1971 717 2034; x_wconf 83' lang='grc' dir='ltr'>πλούσιος</span> <span class='ocrx_word' id='word_1_159' title='bbox 748 1971 844 2035; x_wconf 82' lang='grc' dir='ltr'><strong>ὢν,</strong></span> <span class='ocrx_word' id='word_1_160' title='bbox 889 1991 907 2023; x_wconf 74' lang='grc' dir='ltr'><strong>ι</strong></span> <span class='ocrx_word' id='word_1_161' title='bbox 948 1971 1086 2024; x_wconf 83' lang='grc' dir='ltr'>κατὰ</span> <span class='ocrx_word' id='word_1_162' title='bbox 1131 1957 1629 2039; x_wconf 51' lang='grc' dir='ltr'>τὸγεγραμμένον.</span> <span class='ocrx_word' id='word_1_163' title='bbox 1679 1970 1741 2026; x_wconf 89' lang='grc' dir='ltr'>Τί</span> 
     </span>
    </p>
   </div>
   <div class='ocr_carea' id='block_1_22' title="bbox 162 2058 1739 2131">
    <p class='ocr_par' dir='ltr' id='par_1_22' title="bbox 162 2058 1739 2131">
     <span class='ocr_line' id='line_1_22' title="bbox 162 2058 1739 2131; baseline 0 -19"><span class='ocrx_word' id='word_1_164' title='bbox 162 2060 451 2131; x_wconf 80' lang='grc' dir='ltr'>τοιγαροῦν</span> <span class='ocrx_word' id='word_1_165' title='bbox 493 2065 611 2124; x_wconf 91' lang='grc' dir='ltr'>ταῖς</span> <span class='ocrx_word' id='word_1_166' title='bbox 636 2062 745 2115; x_wconf 82' lang='grc' dir='ltr'>τῶν</span> <span class='ocrx_word' id='word_1_167' title='bbox 791 2062 1059 2116; x_wconf 82' lang='grc' dir='ltr'>Ἰουδαίων</span> <span class='ocrx_word' id='word_1_168' title='bbox 1090 2060 1399 2131; x_wconf 87' lang='grc' dir='ltr'>τερθρείαις</span> <span class='ocrx_word' id='word_1_169' title='bbox 1436 2060 1597 2111; x_wconf 84' lang='grc' dir='ltr'>αὑτὸν</span> <span class='ocrx_word' id='word_1_170' title='bbox 1629 2058 1739 2129; x_wconf 60' lang='lat' dir='ltr'><strong>[ton</strong></span> 
     </span>
    </p>
   </div>
   <div class='ocr_carea' id='block_1_23' title="bbox 164 2148 1742 2223">
    <p class='ocr_par' dir='ltr' id='par_1_23' title="bbox 164 2148 1742 2223">
     <span class='ocr_line' id='line_1_23' title="bbox 164 2148 1742 2223; baseline 0 -22"><span class='ocrx_word' id='word_1_171' title='bbox 164 2150 383 2221; x_wconf 82' lang='grc' dir='ltr'>σαυτὸν]</span> <span class='ocrx_word' id='word_1_172' title='bbox 426 2152 605 2214; x_wconf 77' lang='grc' dir='ltr'>ἐνιεὶς,</span> <span class='ocrx_word' id='word_1_173' title='bbox 648 2151 996 2223; x_wconf 82' lang='grc' dir='ltr'>πεφρόνηκὰς</span> <span class='ocrx_word' id='word_1_174' title='bbox 1036 2167 1095 2203; x_wconf 88' lang='grc' dir='ltr'><strong>τε</strong></span> <span class='ocrx_word' id='word_1_175' title='bbox 1161 2150 1255 2203; x_wconf 82' lang='grc' dir='ltr'>καὶ</span> <span class='ocrx_word' id='word_1_176' title='bbox 1301 2150 1479 2218; x_wconf 84' lang='grc' dir='ltr'>λέγεις</span> <span class='ocrx_word' id='word_1_177' title='bbox 1511 2148 1547 2203; x_wconf 83' lang='grc' dir='ltr'><strong>δι</strong></span> <span class='ocrx_word' id='word_1_178' title='bbox 1606 2151 1742 2219; x_wconf 79' lang='grc' dir='ltr'>μήτε</span> 
     </span>
    </p>
   </div>
   <div class='ocr_carea' id='block_1_24' title="bbox 164 2239 1742 2314">
    <p class='ocr_par' dir='ltr' id='par_1_24' title="bbox 164 2239 1742 2314">
     <span class='ocr_line' id='line_1_24' title="bbox 164 2239 1742 2314; baseline 0 -22"><span class='ocrx_word' id='word_1_179' title='bbox 164 2242 317 2310; x_wconf 78' lang='grc' dir='ltr'>θέμις</span> <span class='ocrx_word' id='word_1_180' title='bbox 355 2244 551 2309; x_wconf 86' lang='grc' dir='ltr'>εἰπεῖν,</span> <span class='ocrx_word' id='word_1_181' title='bbox 586 2246 720 2314; x_wconf 85' lang='grc' dir='ltr'>μήτε</span> <span class='ocrx_word' id='word_1_182' title='bbox 767 2244 871 2314; x_wconf 82' lang='grc' dir='ltr'>μὴν</span> <span class='ocrx_word' id='word_1_183' title='bbox 920 2245 1121 2297; x_wconf 77' lang='grc' dir='ltr'>ἐννοεῖν</span> <span class='ocrx_word' id='word_1_184' title='bbox 1153 2240 1418 2313; x_wconf 77' lang='grc' dir='ltr'>ἀζήμιον;</span> <span class='ocrx_word' id='word_1_185' title='bbox 1452 2241 1587 2294; x_wconf 87' lang='grc' dir='ltr'>Ἕνα</span> <span class='ocrx_word' id='word_1_186' title='bbox 1622 2239 1742 2310; x_wconf 86' lang='grc' dir='ltr'>μεθ’</span> 
     </span>
    </p>
   </div>
   <div class='ocr_carea' id='block_1_25' title="bbox 164 2331 1744 2406">
    <p class='ocr_par' dir='ltr' id='par_1_25' title="bbox 164 2331 1744 2406">
     <span class='ocr_line' id='line_1_25' title="bbox 164 2331 1744 2406; baseline 0 -23"><span class='ocrx_word' id='word_1_187' title='bbox 164 2334 316 2401; x_wconf 80' lang='grc' dir='ltr'>ἡμῶν</span> <span class='ocrx_word' id='word_1_188' title='bbox 348 2334 600 2402; x_wconf 78' lang='grc' dir='ltr'>ὁμολόγει</span> <span class='ocrx_word' id='word_1_189' title='bbox 634 2334 897 2406; x_wconf 78' lang='grc' dir='ltr'>Χριστόνο</span> <span class='ocrx_word' id='word_1_190' title='bbox 930 2335 1022 2388; x_wconf 75' lang='grc' dir='ltr'>καὶ</span> <span class='ocrx_word' id='word_1_191' title='bbox 1056 2335 1130 2404; x_wconf 84' lang='grc' dir='ltr'>μὴ</span> <span class='ocrx_word' id='word_1_192' title='bbox 1175 2332 1476 2402; x_wconf 87' lang='grc' dir='ltr'>διατέμνων</span> <span class='ocrx_word' id='word_1_193' title='bbox 1529 2334 1607 2394; x_wconf 88' lang='grc' dir='ltr'><strong>είς</strong></span> <span class='ocrx_word' id='word_1_194' title='bbox 1652 2331 1744 2384; x_wconf 86' lang='grc' dir='ltr'>δύο</span> 
     </span>
    </p>
   </div>
   <div class='ocr_carea' id='block_1_26' title="bbox 162 2420 1740 2494">
    <p class='ocr_par' dir='ltr' id='par_1_26' title="bbox 162 2420 1740 2494">
     <span class='ocr_line' id='line_1_26' title="bbox 162 2420 1740 2494; baseline 0.002 -22"><span class='ocrx_word' id='word_1_195' title='bbox 162 2420 222 2491; x_wconf 77' lang='grc' dir='ltr'>δὴ</span> <span class='ocrx_word' id='word_1_196' title='bbox 272 2424 438 2476; x_wconf 74' lang='grc' dir='ltr'>πάλιν</span> <span class='ocrx_word' id='word_1_197' title='bbox 472 2425 646 2476; x_wconf 81' lang='grc' dir='ltr'>ἐκεῖνο</span> <span class='ocrx_word' id='word_1_198' title='bbox 674 2424 831 2491; x_wconf 83' lang='grc' dir='ltr'>λέγε·</span> <span class='ocrx_word' id='word_1_199' title='bbox 880 2422 1181 2493; x_wconf 82' lang='grc' dir='ltr'>Ἀπεστάλη</span> <span class='ocrx_word' id='word_1_200' title='bbox 1215 2424 1242 2475; x_wconf 95' lang='lat'><strong>6</strong></span> <span class='ocrx_word' id='word_1_201' title='bbox 1281 2425 1407 2494; x_wconf 84' lang='grc' dir='ltr'>ἡμῖν</span> <span class='ocrx_word' id='word_1_202' title='bbox 1440 2422 1740 2492; x_wconf 81' lang='grc' dir='ltr'>ὁμοούσιος,</span> 
     </span>
    </p>
   </div>
   <div class='ocr_carea' id='block_1_27' title="bbox 165 2513 1743 2585">
    <p class='ocr_par' dir='ltr' id='par_1_27' title="bbox 165 2513 1743 2585">
     <span class='ocr_line' id='line_1_27' title="bbox 165 2513 1743 2585; baseline 0.001 -21"><span class='ocrx_word' id='word_1_203' title='bbox 165 2516 255 2565; x_wconf 72' lang='grc' dir='ltr'>καὶ</span> <span class='ocrx_word' id='word_1_204' title='bbox 296 2514 583 2583; x_wconf 84' lang='grc' dir='ltr'>κέχρισται</span> <span class='ocrx_word' id='word_1_205' title='bbox 632 2514 915 2585; x_wconf 79' lang='grc' dir='ltr'><strong>κηρύττων</strong></span> <span class='ocrx_word' id='word_1_206' title='bbox 966 2513 1336 2584; x_wconf 73' lang='grc' dir='ltr'>αἰχμαλώτοις</span> <span class='ocrx_word' id='word_1_207' title='bbox 1382 2514 1595 2582; x_wconf 75' lang='grc' dir='ltr'>ἄφεσιν,</span> <span class='ocrx_word' id='word_1_208' title='bbox 1651 2514 1743 2565; x_wconf 80' lang='grc' dir='ltr'>καὶ</span> 
     </span>
    </p>
   </div>
   <div class='ocr_carea' id='block_1_28' title="bbox 164 2600 1743 2674">
    <p class='ocr_par' dir='ltr' id='par_1_28' title="bbox 164 2600 1743 2674">
     <span class='ocr_line' id='line_1_28' title="bbox 164 2600 1743 2674; baseline 0.001 -21"><span class='ocrx_word' id='word_1_209' title='bbox 164 2603 383 2669; x_wconf 79' lang='grc' dir='ltr'>τυφλοῖς</span> <span class='ocrx_word' id='word_1_210' title='bbox 421 2604 737 2673; x_wconf 78' lang='grc' dir='ltr'>ἀνάϐλεψιν.</span> <span class='ocrx_word' id='word_1_211' title='bbox 794 2600 930 2656; x_wconf 83' lang='grc' dir='ltr'>Εῐτα</span> <span class='ocrx_word' id='word_1_212' title='bbox 976 2606 1098 2658; x_wconf 82' lang='grc' dir='ltr'>ὅποι</span> <span class='ocrx_word' id='word_1_213' title='bbox 1148 2604 1279 2657; x_wconf 83' lang='grc' dir='ltr'>ποτὲ</span> <span class='ocrx_word' id='word_1_214' title='bbox 1325 2603 1586 2674; x_wconf 86' lang='grc' dir='ltr'>βαδιεῖται</span> <span class='ocrx_word' id='word_1_215' title='bbox 1637 2602 1743 2655; x_wconf 81' lang='grc' dir='ltr'>τῶν</span> 
     </span>
    </p>
   </div>
   <div class='ocr_carea' id='block_1_29' title="bbox 166 2691 1742 2763">
    <p class='ocr_par' dir='ltr' id='par_1_29' title="bbox 166 2691 1742 2763">
     <span class='ocr_line' id='line_1_29' title="bbox 166 2691 1742 2763; baseline -0.001 -20"><span class='ocrx_word' id='word_1_216' title='bbox 166 2692 444 2763; x_wconf 79' lang='grc' dir='ltr'>θεηγόρων</span> <span class='ocrx_word' id='word_1_217' title='bbox 482 2696 508 2745; x_wconf 94' lang='lat'><strong>6</strong></span> <span class='ocrx_word' id='word_1_218' title='bbox 540 2694 712 2760; x_wconf 83' lang='grc' dir='ltr'>λόγος,</span> <span class='ocrx_word' id='word_1_219' title='bbox 748 2693 795 2746; x_wconf 87' lang='grc' dir='ltr'>οἳ</span> <span class='ocrx_word' id='word_1_220' title='bbox 834 2694 1183 2762; x_wconf 72' lang='grc' dir='ltr'>μυσταγωγοὶ</span> <span class='ocrx_word' id='word_1_221' title='bbox 1213 2692 1464 2761; x_wconf 83' lang='grc' dir='ltr'>γεγόνασι</span> <span class='ocrx_word' id='word_1_222' title='bbox 1513 2691 1611 2760; x_wconf 82' lang='grc' dir='ltr'>τῆς</span> <span class='ocrx_word' id='word_1_223' title='bbox 1653 2692 1742 2743; x_wconf 84' lang='grc' dir='ltr'><strong>ὑπ’</strong></span> 
     </span>
    </p>
   </div>
   <div class='ocr_carea' id='block_1_30' title="bbox 167 2782 1743 2856">
    <p class='ocr_par' dir='ltr' id='par_1_30' title="bbox 167 2782 1743 2856">
     <span class='ocr_line' id='line_1_30' title="bbox 167 2782 1743 2856; baseline -0.002 -19"><span class='ocrx_word' id='word_1_224' title='bbox 167 2785 430 2854; x_wconf 73' lang='grc' dir='ltr'>οὐρανόν;</span> <span class='ocrx_word' id='word_1_225' title='bbox 466 2785 635 2838; x_wconf 81' lang='grc' dir='ltr'>Αὐτὸν</span> <span class='ocrx_word' id='word_1_226' title='bbox 666 2786 772 2854; x_wconf 80' lang='grc' dir='ltr'><strong>γὰρ</strong></span> <span class='ocrx_word' id='word_1_227' title='bbox 805 2784 1198 2856; x_wconf 82' lang='grc' dir='ltr'>διακεκράγασι</span> <span class='ocrx_word' id='word_1_228' title='bbox 1238 2784 1329 2835; x_wconf 85' lang='grc' dir='ltr'><strong>τὸν</strong></span> <span class='ocrx_word' id='word_1_229' title='bbox 1358 2785 1420 2835; x_wconf 75' lang='grc' dir='ltr'>ἐκ</span> <span class='ocrx_word' id='word_1_230' title='bbox 1461 2782 1595 2835; x_wconf 91' lang='grc' dir='ltr'>Θεοῦ</span> <span class='ocrx_word' id='word_1_231' title='bbox 1630 2783 1743 2834; x_wconf 86' lang='grc' dir='ltr'><strong>Πα-</strong></span> 
     </span>
    </p>
   </div>
   <div class='ocr_carea' id='block_1_31' title="bbox 167 2874 1743 2945">
    <p class='ocr_par' dir='ltr' id='par_1_31' title="bbox 167 2874 1743 2945">
     <span class='ocr_line' id='line_1_31' title="bbox 167 2874 1743 2945; baseline 0.001 -20"><span class='ocrx_word' id='word_1_232' title='bbox 167 2876 289 2945; x_wconf 78' lang='grc' dir='ltr'>τρὸς</span> <span class='ocrx_word' id='word_1_233' title='bbox 318 2877 513 2941; x_wconf 81' lang='grc' dir='ltr'>Λόγον,</span> <span class='ocrx_word' id='word_1_234' title='bbox 551 2876 775 2945; x_wconf 81' lang='grc' dir='ltr'>Σωτῆρα</span> <span class='ocrx_word' id='word_1_235' title='bbox 821 2875 929 2928; x_wconf 83' lang='grc' dir='ltr'><strong>τῶν</strong></span> <span class='ocrx_word' id='word_1_236' title='bbox 957 2874 1092 2927; x_wconf 83' lang='grc' dir='ltr'>ὅλων</span> <span class='ocrx_word' id='word_1_237' title='bbox 1123 2874 1373 2942; x_wconf 86' lang='grc' dir='ltr'>γενέσθαι</span> <span class='ocrx_word' id='word_1_238' title='bbox 1406 2874 1499 2927; x_wconf 73' lang='grc' dir='ltr'>καὶ</span> <span class='ocrx_word' id='word_1_239' title='bbox 1522 2874 1743 2944; x_wconf 82' lang='grc' dir='ltr'>Λυτρω-</span> 
     </span>
    </p>
   </div>
   <div class='ocr_carea' id='block_1_32' title="bbox 167 2965 1745 3036">
    <p class='ocr_par' dir='ltr' id='par_1_32' title="bbox 167 2965 1745 3036">
     <span class='ocr_line' id='line_1_32' title="bbox 167 2965 1745 3036; baseline 0.001 -19"><span class='ocrx_word' id='word_1_240' title='bbox 167 2969 283 3036; x_wconf 80' lang='grc' dir='ltr'>τὴν,</span> <span class='ocrx_word' id='word_1_241' title='bbox 314 2966 414 3034; x_wconf 80' lang='grc' dir='ltr'>οὐχ</span> <span class='ocrx_word' id='word_1_242' title='bbox 443 2965 519 3027; x_wconf 81' lang='grc' dir='ltr'><strong>ὡς</strong></span> <span class='ocrx_word' id='word_1_243' title='bbox 549 2965 832 3036; x_wconf 83' lang='grc' dir='ltr'>ἀνθρώπου</span> <span class='ocrx_word' id='word_1_244' title='bbox 868 2965 1242 3035; x_wconf 81' lang='grc' dir='ltr'>μεσιτεύοντος</span> <span class='ocrx_word' id='word_1_245' title='bbox 1277 2967 1404 3035; x_wconf 88' lang='grc' dir='ltr'>παρ’</span> <span class='ocrx_word' id='word_1_246' title='bbox 1431 2965 1592 3018; x_wconf 77' lang='grc' dir='ltr'>αὐτὸν</span> <span class='ocrx_word' id='word_1_247' title='bbox 1630 2967 1745 3018; x_wconf 82' lang='grc' dir='ltr'>ἑτέ-</span> 
     </span>
    </p>
   </div>
   <div class='ocr_carea' id='block_1_33' title="bbox 172 3040 1744 3127">
    <p class='ocr_par' dir='ltr' id='par_1_33' title="bbox 172 3040 1744 3127">
     <span class='ocr_line' id='line_1_33' title="bbox 172 3040 1744 3127; baseline 0 -18"><span class='ocrx_word' id='word_1_248' title='bbox 172 3075 282 3127; x_wconf 84' lang='grc' dir='ltr'>ρου,</span> <span class='ocrx_word' id='word_1_249' title='bbox 304 3040 559 3127; x_wconf 64' lang='grc' dir='ltr'>καθάπερ</span> <span class='ocrx_word' id='word_1_250' title='bbox 592 3057 780 3127; x_wconf 86' lang='grc' dir='ltr'>ἀμέλει</span> <span class='ocrx_word' id='word_1_251' title='bbox 816 3058 908 3109; x_wconf 78' lang='grc' dir='ltr'><strong>και</strong></span> <span class='ocrx_word' id='word_1_252' title='bbox 941 3058 968 3109; x_wconf 87' lang='grc' dir='ltr'>ὁ</span> <span class='ocrx_word' id='word_1_253' title='bbox 988 3057 1211 3126; x_wconf 79' lang='grc' dir='ltr'>Μωσῆς,</span> <span class='ocrx_word' id='word_1_254' title='bbox 1231 3058 1286 3107; x_wconf 84' lang='grc' dir='ltr'>ὲν</span> <span class='ocrx_word' id='word_1_255' title='bbox 1316 3056 1519 3109; x_wconf 82' lang='grc' dir='ltr'>εῖδειδὲ</span> <span class='ocrx_word' id='word_1_256' title='bbox 1546 3056 1744 3125; x_wconf 82' lang='grc' dir='ltr'>μᾶλλον</span> 
     </span>
    </p>
   </div>
   <div class='ocr_carea' id='block_1_34' title="bbox 168 3146 1814 3235">
    <p class='ocr_par' dir='ltr' id='par_1_34' title="bbox 168 3146 1814 3235">
     <span class='ocr_line' id='line_1_34' title="bbox 168 3146 1814 3235; baseline 0.001 -33"><span class='ocrx_word' id='word_1_257' title='bbox 168 3150 259 3202; x_wconf 72' lang='grc' dir='ltr'>καὶ</span> <span class='ocrx_word' id='word_1_258' title='bbox 307 3149 616 3219; x_wconf 81' lang='grc' dir='ltr'>ὁμοιώματι</span> <span class='ocrx_word' id='word_1_259' title='bbox 668 3146 966 3235; x_wconf 74' lang='grc' dir='ltr'>σωματικῷ</span> <span class='ocrx_word' id='word_1_260' title='bbox 1016 3147 1151 3216; x_wconf 88' lang='grc' dir='ltr'>πρὸς</span> <span class='ocrx_word' id='word_1_261' title='bbox 1195 3149 1343 3217; x_wconf 80' lang='grc' dir='ltr'>ἡμᾶς</span> <span class='ocrx_word' id='word_1_262' title='bbox 1395 3148 1741 3216; x_wconf 87' lang='grc' dir='ltr'>καθιγμένον.</span> <span class='ocrx_word' id='word_1_263' title='bbox 1774 3178 1814 3235; x_wconf 79' lang='lat' dir='ltr'>C</span> 
     </span>
    </p>
   </div>
   <div class='ocr_carea' id='block_1_35' title="bbox 168 3233 1741 3310">
    <p class='ocr_par' dir='ltr' id='par_1_35' title="bbox 168 3233 1741 3310">
     <span class='ocr_line' id='line_1_35' title="bbox 168 3233 1741 3310; baseline -0.001 -17"><span class='ocrx_word' id='word_1_264' title='bbox 168 3240 470 3310; x_wconf 85' lang='grc' dir='ltr'>Κέχρισται</span> <span class='ocrx_word' id='word_1_265' title='bbox 500 3239 609 3308; x_wconf 78' lang='grc' dir='ltr'>γὰρ</span> <span class='ocrx_word' id='word_1_266' title='bbox 636 3233 788 3300; x_wconf 76' lang='grc' dir='ltr'>οὗτος</span> <span class='ocrx_word' id='word_1_267' title='bbox 817 3240 896 3301; x_wconf 87' lang='grc' dir='ltr'><strong>είς</strong></span> <span class='ocrx_word' id='word_1_268' title='bbox 941 3238 1225 3309; x_wconf 83' lang='grc' dir='ltr'>Ἀρχιερέα</span> <span class='ocrx_word' id='word_1_269' title='bbox 1254 3241 1342 3291; x_wconf 76' lang='grc' dir='ltr'><strong>καὶ</strong></span> <span class='ocrx_word' id='word_1_270' title='bbox 1386 3240 1705 3292; x_wconf 76' lang='grc' dir='ltr'>Ἀπόστολον</span> <span class='ocrx_word' id='word_1_271' title='bbox 1726 3256 1741 3272; x_wconf 83' lang='grc'>⁶</span> 
     </span>
    </p>
   </div>
   <div class='ocr_carea' id='block_1_36' title="bbox 168 3329 1743 3399">
    <p class='ocr_par' dir='ltr' id='par_1_36' title="bbox 168 3329 1743 3399">
     <span class='ocr_line' id='line_1_36' title="bbox 168 3329 1743 3399; baseline 0 -16"><span class='ocrx_word' id='word_1_272' title='bbox 168 3332 257 3385; x_wconf 67' lang='grc' dir='ltr'>καὶ</span> <span class='ocrx_word' id='word_1_273' title='bbox 289 3331 422 3399; x_wconf 92' lang='grc' dir='ltr'>γοῦν</span> <span class='ocrx_word' id='word_1_274' title='bbox 471 3330 741 3391; x_wconf 84' lang='grc' dir='ltr'>Ἰουδαίοις</span> <span class='ocrx_word' id='word_1_275' title='bbox 770 3330 1025 3398; x_wconf 86' lang='grc' dir='ltr'>ἐπετίμα,</span> <span class='ocrx_word' id='word_1_276' title='bbox 1054 3329 1254 3396; x_wconf 83' lang='grc' dir='ltr'>λέγων·</span> <span class='ocrx_word' id='word_1_277' title='bbox 1293 3348 1311 3379; x_wconf 74' lang='grc' dir='ltr'><strong>ι</strong></span> <span class='ocrx_word' id='word_1_278' title='bbox 1349 3330 1459 3382; x_wconf 81' lang='grc' dir='ltr'>Οὐκ</span> <span class='ocrx_word' id='word_1_279' title='bbox 1505 3329 1618 3383; x_wconf 83' lang='grc' dir='ltr'>ἔστι</span> <span class='ocrx_word' id='word_1_280' title='bbox 1650 3348 1743 3399; x_wconf 87' lang='grc' dir='ltr'>γε-</span> 
     </span>
    </p>
   </div>
   <div class='ocr_carea' id='block_1_37' title="bbox 168 3418 1740 3493">
    <p class='ocr_par' dir='ltr' id='par_1_37' title="bbox 168 3418 1740 3493">
     <span class='ocr_line' id='line_1_37' title="bbox 168 3418 1740 3493; baseline -0.001 -18"><span class='ocrx_word' id='word_1_281' title='bbox 168 3422 490 3493; x_wconf 80' lang='grc' dir='ltr'>γραμμένον</span> <span class='ocrx_word' id='word_1_282' title='bbox 518 3424 574 3475; x_wconf 84' lang='grc' dir='ltr'><strong>ὲν</strong></span> <span class='ocrx_word' id='word_1_283' title='bbox 605 3421 682 3491; x_wconf 83' lang='grc' dir='ltr'>τῷ</span> <span class='ocrx_word' id='word_1_284' title='bbox 711 3422 858 3491; x_wconf 84' lang='grc' dir='ltr'>νόμῳ</span> <span class='ocrx_word' id='word_1_285' title='bbox 886 3420 1060 3490; x_wconf 82' lang='grc' dir='ltr'><strong>ὑμῶν·</strong></span> <span class='ocrx_word' id='word_1_286' title='bbox 1095 3420 1233 3487; x_wconf 87' lang='grc' dir='ltr'><strong>Ἐγὼ</strong></span> <span class='ocrx_word' id='word_1_287' title='bbox 1248 3418 1400 3472; x_wconf 85' lang='grc' dir='ltr'>εἶπα·</span> <span class='ocrx_word' id='word_1_288' title='bbox 1426 3421 1547 3473; x_wconf 84' lang='grc' dir='ltr'>Θεοί</span> <span class='ocrx_word' id='word_1_289' title='bbox 1580 3423 1701 3474; x_wconf 82' lang='grc' dir='ltr'>ἐστε</span> <span class='ocrx_word' id='word_1_290' title='bbox 1726 3439 1740 3486; x_wconf 91' lang='grc'><strong>;</strong></span> 
     </span>
    </p>
   </div>
   <div class='ocr_carea' id='block_1_38' title="bbox 169 3508 1742 3583">
    <p class='ocr_par' dir='ltr' id='par_1_38' title="bbox 169 3508 1742 3583">
     <span class='ocr_line' id='line_1_38' title="bbox 169 3508 1742 3583; baseline -0.002 -17"><span class='ocrx_word' id='word_1_291' title='bbox 169 3515 229 3566; x_wconf 88' lang='grc' dir='ltr'>Εί</span> <span class='ocrx_word' id='word_1_292' title='bbox 260 3515 508 3576; x_wconf 75' lang='grc' dir='ltr'>ἐκείνους</span> <span class='ocrx_word' id='word_1_293' title='bbox 550 3510 667 3565; x_wconf 77' lang='grc' dir='ltr'>εἷπε</span> <span class='ocrx_word' id='word_1_294' title='bbox 713 3512 864 3575; x_wconf 80' lang='grc' dir='ltr'>θεοὺς</span> <span class='ocrx_word' id='word_1_295' title='bbox 898 3512 1033 3583; x_wconf 88' lang='grc' dir='ltr'>πρὸς</span> <span class='ocrx_word' id='word_1_296' title='bbox 1076 3512 1169 3575; x_wconf 83' lang='grc' dir='ltr'><strong>οὓς</strong></span> <span class='ocrx_word' id='word_1_297' title='bbox 1208 3515 1236 3566; x_wconf 94' lang='lat'><strong>6</strong></span> <span class='ocrx_word' id='word_1_298' title='bbox 1279 3512 1434 3581; x_wconf 81' lang='grc' dir='ltr'>λόγος</span> <span class='ocrx_word' id='word_1_299' title='bbox 1484 3508 1577 3565; x_wconf 87' lang='grc' dir='ltr'><strong>τοῦ</strong></span> <span class='ocrx_word' id='word_1_300' title='bbox 1611 3513 1742 3564; x_wconf 84' lang='grc' dir='ltr'>Θεοῦ</span> 
     </span>
    </p>
   </div>
   <div class='ocr_carea' id='block_1_39' title="bbox 168 3605 1745 3676">
    <p class='ocr_par' dir='ltr' id='par_1_39' title="bbox 168 3605 1745 3676">
     <span class='ocr_line' id='line_1_39' title="bbox 168 3605 1745 3676; baseline 0.001 -19"><span class='ocrx_word' id='word_1_301' title='bbox 168 3607 405 3673; x_wconf 79' lang='grc' dir='ltr'>ἐγένετο,</span> <span class='ocrx_word' id='word_1_302' title='bbox 439 3606 533 3658; x_wconf 71' lang='grc' dir='ltr'><strong>καὶ</strong></span> <span class='ocrx_word' id='word_1_303' title='bbox 561 3607 621 3658; x_wconf 74' lang='grc' dir='ltr'>οὐ</span> <span class='ocrx_word' id='word_1_304' title='bbox 652 3605 875 3659; x_wconf 78' lang='grc' dir='ltr'>δύναται</span> <span class='ocrx_word' id='word_1_305' title='bbox 906 3605 1131 3675; x_wconf 78' lang='grc' dir='ltr'>λυθῆναι</span> <span class='ocrx_word' id='word_1_306' title='bbox 1180 3607 1212 3675; x_wconf 85' lang='grc' dir='ltr'>ὴ</span> <span class='ocrx_word' id='word_1_307' title='bbox 1242 3605 1452 3676; x_wconf 82' lang='grc' dir='ltr'>Γραφὴ,</span> <span class='ocrx_word' id='word_1_308' title='bbox 1484 3605 1541 3657; x_wconf 85' lang='grc' dir='ltr'><strong>ὃν</strong></span> <span class='ocrx_word' id='word_1_309' title='bbox 1571 3609 1597 3659; x_wconf 94' lang='lat'><strong>6</strong></span> <span class='ocrx_word' id='word_1_310' title='bbox 1632 3607 1745 3658; x_wconf 87' lang='grc' dir='ltr'><strong>Πα-</strong></span> 
     </span>
    </p>
   </div>
   <div class='ocr_carea' id='block_1_40' title="bbox 168 3696 1745 3767">
    <p class='ocr_par' dir='ltr' id='par_1_40' title="bbox 168 3696 1745 3767">
     <span class='ocr_line' id='line_1_40' title="bbox 168 3696 1745 3767; baseline -0.001 -19"><span class='ocrx_word' id='word_1_311' title='bbox 168 3697 267 3767; x_wconf 75' lang='grc' dir='ltr'>τὴρ</span> <span class='ocrx_word' id='word_1_312' title='bbox 314 3697 513 3766; x_wconf 84' lang='grc' dir='ltr'>ήγίασε</span> <span class='ocrx_word' id='word_1_313' title='bbox 558 3697 651 3749; x_wconf 76' lang='grc' dir='ltr'><strong>καὶ</strong></span> <span class='ocrx_word' id='word_1_314' title='bbox 690 3696 1006 3749; x_wconf 82' lang='grc' dir='ltr'>ἀπέστειλεν</span> <span class='ocrx_word' id='word_1_315' title='bbox 1056 3697 1136 3759; x_wconf 86' lang='grc' dir='ltr'><strong>είς</strong></span> <span class='ocrx_word' id='word_1_316' title='bbox 1182 3697 1273 3748; x_wconf 88' lang='grc' dir='ltr'><strong>τὸν</strong></span> <span class='ocrx_word' id='word_1_317' title='bbox 1322 3696 1556 3766; x_wconf 81' lang='grc' dir='ltr'><strong>κόσμον,</strong></span> <span class='ocrx_word' id='word_1_318' title='bbox 1590 3697 1745 3765; x_wconf 82' lang='grc' dir='ltr'>ὑμεῖς</span> 
     </span>
    </p>
   </div>
   <div class='ocr_carea' id='block_1_41' title="bbox 169 3782 1742 3859">
    <p class='ocr_par' dir='ltr' id='par_1_41' title="bbox 169 3782 1742 3859">
     <span class='ocr_line' id='line_1_41' title="bbox 169 3782 1742 3859; baseline -0.001 -18"><span class='ocrx_word' id='word_1_319' title='bbox 169 3790 379 3859; x_wconf 82' lang='grc' dir='ltr'>λέγετε,</span> <span class='ocrx_word' id='word_1_320' title='bbox 415 3792 496 3842; x_wconf 84' lang='grc' dir='ltr'><strong>δτι</strong></span> <span class='ocrx_word' id='word_1_321' title='bbox 534 3790 905 3859; x_wconf 82' lang='grc' dir='ltr'><strong>Βλασφημεῖς,</strong></span> <span class='ocrx_word' id='word_1_322' title='bbox 954 3789 1035 3841; x_wconf 84' lang='grc' dir='ltr'>ὅτι</span> <span class='ocrx_word' id='word_1_323' title='bbox 1072 3782 1257 3840; x_wconf 78' lang='grc' dir='ltr'>εἶπον·</span> <span class='ocrx_word' id='word_1_324' title='bbox 1297 3788 1423 3850; x_wconf 90' lang='grc' dir='ltr'>Υἱὸς</span> <span class='ocrx_word' id='word_1_325' title='bbox 1468 3788 1563 3840; x_wconf 90' lang='grc' dir='ltr'><strong>τοῦ</strong></span> <span class='ocrx_word' id='word_1_326' title='bbox 1608 3786 1742 3840; x_wconf 84' lang='grc' dir='ltr'>Θεοῦ</span> 
     </span>
    </p>
   </div>
   <div class='ocr_carea' id='block_1_42' title="bbox 169 3859 1745 3951">
    <p class='ocr_par' dir='ltr' id='par_1_42' title="bbox 169 3859 1745 3951">
     <span class='ocr_line' id='line_1_42' title="bbox 169 3859 1745 3951; baseline -0.001 -18"><span class='ocrx_word' id='word_1_327' title='bbox 169 3885 315 3951; x_wconf 85' lang='grc' dir='ltr'>είμι;</span> <span class='ocrx_word' id='word_1_328' title='bbox 356 3902 375 3932; x_wconf 73' lang='grc' dir='ltr'><strong>ι</strong></span> <span class='ocrx_word' id='word_1_329' title='bbox 430 3881 571 3933; x_wconf 78' lang='grc' dir='ltr'>’Λνθ’</span> <span class='ocrx_word' id='word_1_330' title='bbox 618 3882 740 3933; x_wconf 83' lang='grc' dir='ltr'>ὅτου</span> <span class='ocrx_word' id='word_1_331' title='bbox 774 3880 830 3933; x_wconf 84' lang='grc' dir='ltr'>δὲ</span> <span class='ocrx_word' id='word_1_332' title='bbox 877 3878 940 3951; x_wconf 82' lang='grc' dir='ltr'>δὴ</span> <span class='ocrx_word' id='word_1_333' title='bbox 980 3859 1071 3931; x_wconf 72' lang='grc' dir='ltr'>τον</span> <span class='ocrx_word' id='word_1_334' title='bbox 1103 3878 1292 3932; x_wconf 77' lang='grc' dir='ltr'>ἑαυτὸν</span> <span class='ocrx_word' id='word_1_335' title='bbox 1327 3879 1563 3932; x_wconf 83' lang='grc' dir='ltr'>καθέντα</span> <span class='ocrx_word' id='word_1_336' title='bbox 1610 3879 1745 3948; x_wconf 83' lang='grc' dir='ltr'>πρὸς</span> 
     </span>
    </p>
   </div>
   <div class='ocr_carea' id='block_1_43' title="bbox 169 3968 1745 4042">
    <p class='ocr_par' dir='ltr' id='par_1_43' title="bbox 169 3968 1745 4042">
     <span class='ocr_line' id='line_1_43' title="bbox 169 3968 1745 4042; baseline -0.003 -17"><span class='ocrx_word' id='word_1_337' title='bbox 169 3974 398 4025; x_wconf 84' lang='grc' dir='ltr'>κένωσιν</span> <span class='ocrx_word' id='word_1_338' title='bbox 452 3973 540 4023; x_wconf 88' lang='grc' dir='ltr'><strong>ἴνα</strong></span> <span class='ocrx_word' id='word_1_339' title='bbox 590 3970 740 4042; x_wconf 83' lang='grc' dir='ltr'>σώσῃ</span> <span class='ocrx_word' id='word_1_340' title='bbox 780 3969 878 4039; x_wconf 81' lang='grc' dir='ltr'><strong>τὴν</strong></span> <span class='ocrx_word' id='word_1_341' title='bbox 928 3969 1019 4021; x_wconf 84' lang='grc' dir='ltr'><strong>ὑπ’</strong></span> <span class='ocrx_word' id='word_1_342' title='bbox 1048 3968 1296 4039; x_wconf 80' lang='grc' dir='ltr'>οὐρανὸν,</span> <span class='ocrx_word' id='word_1_343' title='bbox 1341 3968 1449 4021; x_wconf 83' lang='grc' dir='ltr'>τῶν</span> <span class='ocrx_word' id='word_1_344' title='bbox 1481 3970 1560 4031; x_wconf 89' lang='grc' dir='ltr'><strong>είς</strong></span> <span class='ocrx_word' id='word_1_345' title='bbox 1599 3971 1745 4037; x_wconf 81' lang='grc' dir='ltr'>ἡμᾶς</span> 
     </span>
    </p>
   </div>
   <div class='ocr_carea' id='block_1_44' title="bbox 169 4059 1742 4133">
    <p class='ocr_par' dir='ltr' id='par_1_44' title="bbox 169 4059 1742 4133">
     <span class='ocr_line' id='line_1_44' title="bbox 169 4059 1742 4133; baseline 0.01 -23"><span class='ocrx_word' id='word_1_346' title='bbox 169 4064 471 4133; x_wconf 77' lang='grc' dir='ltr'>γεγονότων</span> <span class='ocrx_word' id='word_1_347' title='bbox 501 4060 1007 4132; x_wconf 82' lang='grc' dir='ltr'>θεοπρεπεστάτων,</span> <span class='ocrx_word' id='word_1_348' title='bbox 1035 4060 1131 4114; x_wconf 78' lang='grc' dir='ltr'>καὶ</span> <span class='ocrx_word' id='word_1_349' title='bbox 1160 4059 1503 4128; x_wconf 80' lang='grc' dir='ltr'>ἁξιαγάστων</span> <span class='ocrx_word' id='word_1_350' title='bbox 1530 4060 1742 4130; x_wconf 75' lang='grc' dir='ltr'>ἀληθῶς</span> 
     </span>
    </p>
   </div>
   <div class='ocr_carea' id='block_1_45' title="bbox 169 4151 1746 4227">
    <p class='ocr_par' dir='ltr' id='par_1_45' title="bbox 169 4151 1746 4227">
     <span class='ocr_line' id='line_1_45' title="bbox 169 4151 1746 4227; baseline -0.005 -17"><span class='ocrx_word' id='word_1_351' title='bbox 169 4157 615 4227; x_wconf 73' lang='grc' dir='ltr'>κατορθωμάτων</span> <span class='ocrx_word' id='word_1_352' title='bbox 644 4154 1019 4224; x_wconf 77' lang='grc' dir='ltr'>ὲκπὲμψομεν,</span> <span class='ocrx_word' id='word_1_353' title='bbox 1044 4152 1377 4206; x_wconf 77' lang='grc' dir='ltr'>ἀπεστάλθαι</span> <span class='ocrx_word' id='word_1_354' title='bbox 1406 4151 1650 4220; x_wconf 84' lang='grc' dir='ltr'>λέγοντες</span> <span class='ocrx_word' id='word_1_355' title='bbox 1671 4151 1746 4213; x_wconf 85' lang='grc' dir='ltr'>ὠς</span> 
     </span>
    </p>
   </div>
   <div class='ocr_carea' id='block_1_46' title="bbox 168 4242 1746 4320">
    <p class='ocr_par' dir='ltr' id='par_1_46' title="bbox 168 4242 1746 4320">
     <span class='ocr_line' id='line_1_46' title="bbox 168 4242 1746 4320; baseline -0.005 -18"><span class='ocrx_word' id='word_1_356' title='bbox 168 4250 349 4320; x_wconf 76' lang='grc' dir='ltr'>ἕτερόν</span> <span class='ocrx_word' id='word_1_357' title='bbox 378 4266 503 4301; x_wconf 88' lang='grc' dir='ltr'>τινα</span> <span class='ocrx_word' id='word_1_358' title='bbox 535 4248 665 4317; x_wconf 80' lang='grc' dir='ltr'>παρ’</span> <span class='ocrx_word' id='word_1_359' title='bbox 695 4247 856 4299; x_wconf 77' lang='grc' dir='ltr'>αὑτὸν</span> <span class='ocrx_word' id='word_1_360' title='bbox 889 4247 1021 4315; x_wconf 85' lang='grc' dir='ltr'>ἡμῖν</span> <span class='ocrx_word' id='word_1_361' title='bbox 1052 4242 1331 4313; x_wconf 84' lang='grc' dir='ltr'>ὁμοούσιον</span> <span class='ocrx_word' id='word_1_362' title='bbox 1356 4260 1371 4308; x_wconf 87' lang='lat'><strong>;</strong></span> <span class='ocrx_word' id='word_1_363' title='bbox 1409 4244 1597 4295; x_wconf 84' lang='grc' dir='ltr'>Καίτοι</span> <span class='ocrx_word' id='word_1_364' title='bbox 1630 4242 1746 4305; x_wconf 85' lang='grc' dir='ltr'>πῶς</span> 
     </span>
    </p>
   </div>
   <div class='ocr_carea' id='block_1_47' title="bbox 168 4334 1745 4410">
    <p class='ocr_par' dir='ltr' id='par_1_47' title="bbox 168 4334 1745 4410">
     <span class='ocr_line' id='line_1_47' title="bbox 168 4334 1745 4410; baseline -0.006 -16"><span class='ocrx_word' id='word_1_365' title='bbox 168 4344 261 4394; x_wconf 76' lang='grc' dir='ltr'>οὐκ</span> <span class='ocrx_word' id='word_1_366' title='bbox 286 4342 514 4410; x_wconf 80' lang='grc' dir='ltr'>ἄμεινον</span> <span class='ocrx_word' id='word_1_367' title='bbox 545 4340 736 4400; x_wconf 78' lang='grc' dir='ltr'>εἰπεῖν,</span> <span class='ocrx_word' id='word_1_368' title='bbox 770 4337 864 4389; x_wconf 72' lang='grc' dir='ltr'>καὶ</span> <span class='ocrx_word' id='word_1_369' title='bbox 895 4336 1001 4406; x_wconf 84' lang='grc' dir='ltr'><strong>μὴν</strong></span> <span class='ocrx_word' id='word_1_370' title='bbox 1035 4336 1128 4389; x_wconf 79' lang='grc' dir='ltr'>καὶ</span> <span class='ocrx_word' id='word_1_371' title='bbox 1159 4335 1372 4387; x_wconf 82' lang='grc' dir='ltr'>ἑλέσθαι</span> <span class='ocrx_word' id='word_1_372' title='bbox 1404 4337 1639 4404; x_wconf 83' lang='grc' dir='ltr'>φρονεῖν,</span> <span class='ocrx_word' id='word_1_373' title='bbox 1671 4334 1745 4397; x_wconf 81' lang='grc' dir='ltr'>ὡς</span> 
     </span>
    </p>
   </div>
   <div class='ocr_carea' id='block_1_48' title="bbox 168 4427 1742 4498">
    <p class='ocr_par' dir='ltr' id='par_1_48' title="bbox 168 4427 1742 4498">
     <span class='ocr_line' id='line_1_48' title="bbox 168 4427 1742 4498; baseline -0.006 -13"><span class='ocrx_word' id='word_1_374' title='bbox 168 4431 502 4486; x_wconf 82' lang='grc' dir='ltr'>ὰπέσταλταί</span> <span class='ocrx_word' id='word_1_375' title='bbox 521 4448 579 4482; x_wconf 88' lang='grc' dir='ltr'><strong>τε</strong></span> <span class='ocrx_word' id='word_1_376' title='bbox 607 4432 700 4483; x_wconf 70' lang='grc' dir='ltr'>καὶ</span> <span class='ocrx_word' id='word_1_377' title='bbox 722 4430 946 4497; x_wconf 79' lang='grc' dir='ltr'>γέγονεν</span> <span class='ocrx_word' id='word_1_378' title='bbox 969 4430 1098 4497; x_wconf 80' lang='grc' dir='ltr'>ἡμῖν</span> <span class='ocrx_word' id='word_1_379' title='bbox 1119 4428 1419 4498; x_wconf 83' lang='grc' dir='ltr'>όμοούσιος,</span> <span class='ocrx_word' id='word_1_380' title='bbox 1447 4427 1742 4489; x_wconf 82' lang='grc' dir='ltr'>τουτέστιν,</span> 
     </span>
    </p>
   </div>
   <div class='ocr_carea' id='block_1_49' title="bbox 1836 568 3396 648">
    <p class='ocr_par' dir='ltr' id='par_1_49' title="bbox 1836 568 3396 648">
     <span class='ocr_line' id='line_1_49' title="bbox 1836 568 3396 648; baseline -0.017 -4"><span class='ocrx_word' id='word_1_381' title='bbox 1836 589 1931 643; x_wconf 87' lang='lat' dir='ltr'><strong>Hic</strong></span> <span class='ocrx_word' id='word_1_382' title='bbox 1972 600 2055 643; x_wconf 89' lang='lat' dir='ltr'><strong>est</strong></span> <span class='ocrx_word' id='word_1_383' title='bbox 2099 588 2374 648; x_wconf 87' lang='lat' dir='ltr'><strong>Christus;</strong></span> <span class='ocrx_word' id='word_1_384' title='bbox 2428 583 2513 635; x_wconf 85' lang='lat' dir='ltr'><strong>alii</strong></span> <span class='ocrx_word' id='word_1_385' title='bbox 2554 578 2801 635; x_wconf 91' lang='lat' dir='ltr'><strong>dicebant</strong></span> <span class='ocrx_word' id='word_1_386' title='bbox 2835 572 3013 630; x_wconf 85' lang='lat' dir='ltr'><strong>:Num</strong></span> <span class='ocrx_word' id='word_1_387' title='bbox 3060 586 3124 625; x_wconf 76' lang='lat' dir='ltr'><strong>ex</strong></span> <span class='ocrx_word' id='word_1_388' title='bbox 3182 568 3396 624; x_wconf 61' lang='lat' dir='ltr'><strong>Galilaea</strong></span> 
     </span>
    </p>
   </div>
   <div class='ocr_carea' id='block_1_50' title="bbox 1832 662 3399 739">
    <p class='ocr_par' dir='ltr' id='par_1_50' title="bbox 1832 662 3399 739">
     <span class='ocr_line' id='line_1_50' title="bbox 1832 662 3399 739; baseline -0.016 -4"><span class='ocrx_word' id='word_1_389' title='bbox 1832 682 2080 735; x_wconf 72' lang='lat' dir='ltr'><strong>Christus</strong></span> <span class='ocrx_word' id='word_1_390' title='bbox 2120 677 2301 733; x_wconf 93' lang='lat' dir='ltr'><strong>venit?</strong></span> <span class='ocrx_word' id='word_1_391' title='bbox 2328 687 2502 727; x_wconf 92' lang='lat' dir='ltr'><strong>nonne</strong></span> <span class='ocrx_word' id='word_1_392' title='bbox 2543 670 2822 739; x_wconf 84' lang='lat' dir='ltr'><strong>Scriptura</strong></span> <span class='ocrx_word' id='word_1_393' title='bbox 2864 665 3012 726; x_wconf 82' lang='lat' dir='ltr'><strong>dicit,</strong></span> <span class='ocrx_word' id='word_1_394' title='bbox 3046 662 3184 729; x_wconf 88' lang='lat' dir='ltr'><strong>quod</strong></span> <span class='ocrx_word' id='word_1_395' title='bbox 3221 675 3282 713; x_wconf 77' lang='lat' dir='ltr'><strong>ex</strong></span> <span class='ocrx_word' id='word_1_396' title='bbox 3316 672 3399 711; x_wconf 87' lang='lat' dir='ltr'><strong>se-</strong></span> 
     </span>
    </p>
   </div>
   <div class='ocr_carea' id='block_1_51' title="bbox 1834 751 3396 825">
    <p class='ocr_par' dir='ltr' id='par_1_51' title="bbox 1834 751 3396 825">
     <span class='ocr_line' id='line_1_51' title="bbox 1834 751 3396 825; baseline -0.015 -1"><span class='ocrx_word' id='word_1_397' title='bbox 1834 773 1972 825; x_wconf 82' lang='lat' dir='ltr'><strong>mine</strong></span> <span class='ocrx_word' id='word_1_398' title='bbox 1998 770 2157 823; x_wconf 81' lang='lat' dir='ltr'><strong>David</strong></span> <span class='ocrx_word' id='word_1_399' title='bbox 2187 780 2238 821; x_wconf 84' lang='lat' dir='ltr'><strong>et</strong></span> <span class='ocrx_word' id='word_1_400' title='bbox 2258 771 2323 820; x_wconf 79' lang='lat' dir='ltr'><strong>tle</strong></span> <span class='ocrx_word' id='word_1_401' title='bbox 2341 764 2651 818; x_wconf 86' lang='lat' dir='ltr'><strong>Bethlehem</strong></span> <span class='ocrx_word' id='word_1_402' title='bbox 2680 758 2922 819; x_wconf 89' lang='lat' dir='ltr'><strong>castello,</strong></span> <span class='ocrx_word' id='word_1_403' title='bbox 2957 756 3043 809; x_wconf 90' lang='lat' dir='ltr'><strong>ubi</strong></span> <span class='ocrx_word' id='word_1_404' title='bbox 3069 762 3185 808; x_wconf 87' lang='lat' dir='ltr'><strong>erat</strong></span> <span class='ocrx_word' id='word_1_405' title='bbox 3209 751 3396 811; x_wconf 84' lang='lat' dir='ltr'><strong>David,</strong></span> 
     </span>
    </p>
   </div>
   <div class='ocr_carea' id='block_1_52' title="bbox 1833 841 3399 917">
    <p class='ocr_par' dir='ltr' id='par_1_52' title="bbox 1833 841 3399 917">
     <span class='ocr_line' id='line_1_52' title="bbox 1833 841 3399 917; baseline -0.014 0"><span class='ocrx_word' id='word_1_406' title='bbox 1833 863 2079 917; x_wconf 89' lang='lat' dir='ltr'><strong>Christus</strong></span> <span class='ocrx_word' id='word_1_407' title='bbox 2111 860 2254 914; x_wconf 84' lang='lat' dir='ltr'><strong>venit</strong></span> <span class='ocrx_word' id='word_1_408' title='bbox 2278 857 2435 909; x_wconf 57' lang='lat'><strong>5&quot;“?</strong></span> <span class='ocrx_word' id='word_1_409' title='bbox 2465 876 2481 907; x_wconf 74' lang='grc' dir='ltr'><strong>ι</strong></span> <span class='ocrx_word' id='word_1_410' title='bbox 2519 853 2674 907; x_wconf 86' lang='lat' dir='ltr'><strong>Vides</strong></span> <span class='ocrx_word' id='word_1_411' title='bbox 2712 862 2767 902; x_wconf 90' lang='lat' dir='ltr'><strong>ut</strong></span> <span class='ocrx_word' id='word_1_412' title='bbox 2799 846 3092 907; x_wconf 85' lang='lat' dir='ltr'><strong>insaniunt,</strong></span> <span class='ocrx_word' id='word_1_413' title='bbox 3124 845 3247 897; x_wconf 90' lang='lat' dir='ltr'><strong>dum</strong></span> <span class='ocrx_word' id='word_1_414' title='bbox 3281 841 3399 909; x_wconf 84' lang='lat' dir='ltr'><strong>ejus</strong></span> 
     </span>
    </p>
   </div>
   <div class='ocr_carea' id='block_1_53' title="bbox 1836 933 3397 1013">
    <p class='ocr_par' dir='ltr' id='par_1_53' title="bbox 1836 933 3397 1013">
     <span class='ocr_line' id='line_1_53' title="bbox 1836 933 3397 1013; baseline -0.016 -4"><span class='ocrx_word' id='word_1_415' title='bbox 1836 964 2080 1010; x_wconf 88' lang='lat' dir='ltr'><strong>naturam</strong></span> <span class='ocrx_word' id='word_1_416' title='bbox 2114 953 2265 1005; x_wconf 91' lang='lat' dir='ltr'><strong>initio</strong></span> <span class='ocrx_word' id='word_1_417' title='bbox 2288 958 2580 1009; x_wconf 78' lang='lat' dir='ltr'><strong>carentem,</strong></span> <span class='ocrx_word' id='word_1_418' title='bbox 2612 942 2752 1013; x_wconf 90' lang='lat' dir='ltr'><strong>quod</strong></span> <span class='ocrx_word' id='word_1_419' title='bbox 2787 942 2851 993; x_wconf 86' lang='lat' dir='ltr'><strong>ad</strong></span> <span class='ocrx_word' id='word_1_420' title='bbox 2886 937 3220 992; x_wconf 79' lang='lat' dir='ltr'><strong>divinitatem</strong></span> <span class='ocrx_word' id='word_1_421' title='bbox 3269 933 3397 987; x_wconf 83' lang='lat' dir='ltr'><strong>atti~</strong></span> 
     </span>
    </p>
   </div>
   <div class='ocr_carea' id='block_1_54' title="bbox 1836 1023 3402 1108">
    <p class='ocr_par' dir='ltr' id='par_1_54' title="bbox 1836 1023 3402 1108">
     <span class='ocr_line' id='line_1_54' title="bbox 1836 1023 3402 1108; baseline -0.017 -7"><span class='ocrx_word' id='word_1_422' title='bbox 1836 1057 1945 1108; x_wconf 89' lang='lat' dir='ltr'><strong>net,</strong></span> <span class='ocrx_word' id='word_1_423' title='bbox 1974 1054 2025 1098; x_wconf 89' lang='lat' dir='ltr'><strong>et</strong></span> <span class='ocrx_word' id='word_1_424' title='bbox 2046 1042 2315 1098; x_wconf 86' lang='lat' dir='ltr'><strong>carnalem</strong></span> <span class='ocrx_word' id='word_1_425' title='bbox 2341 1040 2394 1093; x_wconf 90' lang='lat' dir='ltr'><strong>in</strong></span> <span class='ocrx_word' id='word_1_426' title='bbox 2428 1046 2665 1105; x_wconf 87' lang='lat' dir='ltr'><strong>tempore</strong></span> <span class='ocrx_word' id='word_1_427' title='bbox 2691 1030 3087 1101; x_wconf 78' lang='lat' dir='ltr'><strong>generationem</strong></span> <span class='ocrx_word' id='word_1_428' title='bbox 3135 1023 3402 1078; x_wconf 81' lang='lat' dir='ltr'><strong>fatentur?</strong></span> 
     </span>
    </p>
   </div>
   <div class='ocr_carea' id='block_1_55' title="bbox 1836 1116 3403 1204">
    <p class='ocr_par' dir='ltr' id='par_1_55' title="bbox 1836 1116 3403 1204">
     <span class='ocr_line' id='line_1_55' title="bbox 1836 1116 3403 1204; baseline -0.017 -12"><span class='ocrx_word' id='word_1_429' title='bbox 1836 1138 1939 1192; x_wconf 91' lang='lat' dir='ltr'><strong>Sed</strong></span> <span class='ocrx_word' id='word_1_430' title='bbox 1966 1149 2235 1204; x_wconf 85' lang='lat' dir='ltr'><strong>nunquam</strong></span> <span class='ocrx_word' id='word_1_431' title='bbox 2269 1134 2320 1186; x_wconf 94' lang='lat' dir='ltr'><strong>in</strong></span> <span class='ocrx_word' id='word_1_432' title='bbox 2354 1144 2459 1185; x_wconf 87' lang='lat' dir='ltr'><strong>tam</strong></span> <span class='ocrx_word' id='word_1_433' title='bbox 2481 1126 2742 1182; x_wconf 86' lang='lat' dir='ltr'><strong>absurdas</strong></span> <span class='ocrx_word' id='word_1_434' title='bbox 2765 1125 3079 1190; x_wconf 87' lang='lat' dir='ltr'><strong>ineptasque</strong></span> <span class='ocrx_word' id='word_1_435' title='bbox 3104 1116 3403 1171; x_wconf 88' lang='lat' dir='ltr'><strong>sententias</strong></span> 
     </span>
    </p>
   </div>
   <div class='ocr_carea' id='block_1_56' title="bbox 1835 1207 3400 1290">
    <p class='ocr_par' dir='ltr' id='par_1_56' title="bbox 1835 1207 3400 1290">
     <span class='ocr_line' id='line_1_56' title="bbox 1835 1207 3400 1290; baseline -0.016 -8"><span class='ocrx_word' id='word_1_436' title='bbox 1835 1228 2048 1282; x_wconf 89' lang='lat' dir='ltr'><strong>abducti</strong></span> <span class='ocrx_word' id='word_1_437' title='bbox 2067 1234 2267 1290; x_wconf 82' lang='lat' dir='ltr'><strong>essent,</strong></span> <span class='ocrx_word' id='word_1_438' title='bbox 2291 1225 2335 1279; x_wconf 91' lang='lat' dir='ltr'><strong>si</strong></span> <span class='ocrx_word' id='word_1_439' title='bbox 2369 1236 2492 1276; x_wconf 85' lang='lat' dir='ltr'><strong>vere</strong></span> <span class='ocrx_word' id='word_1_440' title='bbox 2513 1217 2922 1278; x_wconf 80' lang='lat' dir='ltr'><strong>intellexissent,</strong></span> <span class='ocrx_word' id='word_1_441' title='bbox 2945 1216 3113 1280; x_wconf 88' lang='lat' dir='ltr'><strong>ipsum</strong></span> <span class='ocrx_word' id='word_1_442' title='bbox 3142 1207 3400 1268; x_wconf 82' lang='lat' dir='ltr'><strong>Verbum,</strong></span> 
     </span>
    </p>
   </div>
   <div class='ocr_carea' id='block_1_57' title="bbox 1835 1298 3401 1375">
    <p class='ocr_par' dir='ltr' id='par_1_57' title="bbox 1835 1298 3401 1375">
     <span class='ocr_line' id='line_1_57' title="bbox 1835 1298 3401 1375; baseline -0.015 -4"><span class='ocrx_word' id='word_1_443' title='bbox 1835 1332 1956 1371; x_wconf 88' lang='lat' dir='ltr'><strong>cum</strong></span> <span class='ocrx_word' id='word_1_444' title='bbox 2005 1324 2148 1371; x_wconf 86' lang='lat' dir='ltr'><strong>esset</strong></span> <span class='ocrx_word' id='word_1_445' title='bbox 2193 1315 2354 1375; x_wconf 89' lang='lat' dir='ltr'><strong>Deus,</strong></span> <span class='ocrx_word' id='word_1_446' title='bbox 2395 1327 2460 1365; x_wconf 78' lang='lat' dir='ltr'><strong>ex</strong></span> <span class='ocrx_word' id='word_1_447' title='bbox 2520 1308 2701 1363; x_wconf 88' lang='lat' dir='ltr'><strong>radice</strong></span> <span class='ocrx_word' id='word_1_448' title='bbox 2727 1304 2880 1360; x_wconf 84' lang='lat' dir='ltr'><strong>Jesse</strong></span> <span class='ocrx_word' id='word_1_449' title='bbox 2919 1311 2974 1355; x_wconf 91' lang='lat' dir='ltr'><strong>et</strong></span> <span class='ocrx_word' id='word_1_450' title='bbox 3025 1298 3188 1354; x_wconf 89' lang='lat' dir='ltr'><strong>David</strong></span> <span class='ocrx_word' id='word_1_451' title='bbox 3247 1308 3299 1350; x_wconf 89' lang='lat' dir='ltr'><strong>et</strong></span> <span class='ocrx_word' id='word_1_452' title='bbox 3332 1310 3401 1349; x_wconf 82' lang='lat' dir='ltr'><strong>ex</strong></span> 
     </span>
    </p>
   </div>
   <div class='ocr_carea' id='block_1_58' title="bbox 1838 1391 3403 1476">
    <p class='ocr_par' dir='ltr' id='par_1_58' title="bbox 1838 1391 3403 1476">
     <span class='ocr_line' id='line_1_58' title="bbox 1838 1391 3403 1476; baseline -0.015 -14"><span class='ocrx_word' id='word_1_453' title='bbox 1838 1418 2025 1462; x_wconf 89' lang='lat' dir='ltr'><strong>sancta</strong></span> <span class='ocrx_word' id='word_1_454' title='bbox 2076 1406 2291 1476; x_wconf 78' lang='lat' dir='ltr'><strong>Virgine</strong></span> <span class='ocrx_word' id='word_1_455' title='bbox 2326 1404 2596 1458; x_wconf 88' lang='lat' dir='ltr'><strong>hominem</strong></span> <span class='ocrx_word' id='word_1_456' title='bbox 2654 1398 2936 1467; x_wconf 89' lang='lat' dir='ltr'><strong>prodiisse,</strong></span> <span class='ocrx_word' id='word_1_457' title='bbox 2970 1391 3403 1461; x_wconf 84' lang='lat' dir='ltr'><strong>appellatumque</strong></span> 
     </span>
    </p>
   </div>
   <div class='ocr_carea' id='block_1_59' title="bbox 1837 1484 3403 1562">
    <p class='ocr_par' dir='ltr' id='par_1_59' title="bbox 1837 1484 3403 1562">
     <span class='ocr_line' id='line_1_59' title="bbox 1837 1484 3403 1562; baseline -0.017 -7"><span class='ocrx_word' id='word_1_458' title='bbox 1837 1515 1954 1555; x_wconf 83' lang='lat' dir='ltr'><strong>esse</strong></span> <span class='ocrx_word' id='word_1_459' title='bbox 1989 1497 2390 1554; x_wconf 90' lang='lat' dir='ltr'><strong>Bethleemitam</strong></span> <span class='ocrx_word' id='word_1_460' title='bbox 2422 1496 2594 1562; x_wconf 89' lang='lat' dir='ltr'><strong>ipsum</strong></span> <span class='ocrx_word' id='word_1_461' title='bbox 2617 1502 2793 1554; x_wconf 79' lang='lat' dir='ltr'><strong>terrae,</strong></span> <span class='ocrx_word' id='word_1_462' title='bbox 2819 1486 2939 1540; x_wconf 68' lang='lat' dir='ltr'><strong>caeli</strong></span> <span class='ocrx_word' id='word_1_463' title='bbox 3002 1484 3403 1537; x_wconf 87' lang='lat' dir='ltr'><strong>universorum-</strong></span> 
     </span>
    </p>
   </div>
   <div class='ocr_carea' id='block_1_60' title="bbox 1837 1572 3405 1661">
    <p class='ocr_par' dir='ltr' id='par_1_60' title="bbox 1837 1572 3405 1661">
     <span class='ocr_line' id='line_1_60' title="bbox 1837 1572 3405 1661; baseline -0.013 -18"><span class='ocrx_word' id='word_1_464' title='bbox 1837 1606 1941 1661; x_wconf 88' lang='lat' dir='ltr'><strong>que</strong></span> <span class='ocrx_word' id='word_1_465' title='bbox 1957 1590 2264 1644; x_wconf 92' lang='lat' dir='ltr'><strong>Dominum.</strong></span> <span class='ocrx_word' id='word_1_466' title='bbox 2292 1605 2308 1638; x_wconf 85' lang='grc' dir='ltr'><strong>ι</strong></span> <span class='ocrx_word' id='word_1_467' title='bbox 2330 1585 2616 1640; x_wconf 85' lang='lat' dir='ltr'><strong>Nobiscum</strong></span> <span class='ocrx_word' id='word_1_468' title='bbox 2645 1583 2787 1636; x_wconf 91' lang='lat' dir='ltr'><strong>enim</strong></span> <span class='ocrx_word' id='word_1_469' title='bbox 2811 1578 2965 1634; x_wconf 92' lang='lat' dir='ltr'><strong>simul</strong></span> <span class='ocrx_word' id='word_1_470' title='bbox 2992 1590 3189 1645; x_wconf 84' lang='lat' dir='ltr'><strong>egenus</strong></span> <span class='ocrx_word' id='word_1_471' title='bbox 3215 1582 3298 1626; x_wconf 89' lang='lat' dir='ltr'><strong>est</strong></span> <span class='ocrx_word' id='word_1_472' title='bbox 3326 1572 3405 1623; x_wconf 79' lang='lat' dir='ltr'><strong>fa-</strong></span> 
     </span>
    </p>
   </div>
   <div class='ocr_carea' id='block_1_61' title="bbox 1838 1664 3407 1745">
    <p class='ocr_par' dir='ltr' id='par_1_61' title="bbox 1838 1664 3407 1745">
     <span class='ocr_line' id='line_1_61' title="bbox 1838 1664 3407 1745; baseline -0.015 -8"><span class='ocrx_word' id='word_1_473' title='bbox 1838 1695 1981 1745; x_wconf 88' lang='lat' dir='ltr'><strong>ctus,</strong></span> <span class='ocrx_word' id='word_1_474' title='bbox 2008 1696 2128 1735; x_wconf 90' lang='lat' dir='ltr'><strong>cum</strong></span> <span class='ocrx_word' id='word_1_475' title='bbox 2156 1680 2305 1733; x_wconf 86' lang='lat' dir='ltr'><strong>dives</strong></span> <span class='ocrx_word' id='word_1_476' title='bbox 2322 1687 2517 1740; x_wconf 66' lang='lat' dir='ltr'><strong>esset,»</strong></span> <span class='ocrx_word' id='word_1_477' title='bbox 2543 1686 2598 1727; x_wconf 93' lang='lat' dir='ltr'><strong>ut</strong></span> <span class='ocrx_word' id='word_1_478' title='bbox 2624 1672 2881 1741; x_wconf 89' lang='lat' dir='ltr'><strong>scriptum</strong></span> <span class='ocrx_word' id='word_1_479' title='bbox 2901 1680 2983 1724; x_wconf 87' lang='lat' dir='ltr'><strong>est</strong></span> <span class='ocrx_word' id='word_1_480' title='bbox 3002 1668 3066 1720; x_wconf 81' lang='lat'><strong>&quot;.</strong></span> <span class='ocrx_word' id='word_1_481' title='bbox 3091 1664 3407 1732; x_wconf 79' lang='lat' dir='ltr'><strong>Quidigitur</strong></span> 
     </span>
    </p>
   </div>
   <div class='ocr_carea' id='block_1_62' title="bbox 1842 1756 3408 1838">
    <p class='ocr_par' dir='ltr' id='par_1_62' title="bbox 1842 1756 3408 1838">
     <span class='ocr_line' id='line_1_62' title="bbox 1842 1756 3408 1838; baseline -0.013 -12"><span class='ocrx_word' id='word_1_482' title='bbox 1842 1773 1892 1826; x_wconf 92' lang='lat' dir='ltr'><strong>in</strong></span> <span class='ocrx_word' id='word_1_483' title='bbox 1918 1771 2222 1827; x_wconf 74' lang='lat' dir='ltr'><strong>Judazorum</strong></span> <span class='ocrx_word' id='word_1_484' title='bbox 2252 1784 2418 1838; x_wconf 79' lang='lat' dir='ltr'><strong>nugas</strong></span> <span class='ocrx_word' id='word_1_485' title='bbox 2450 1778 2498 1821; x_wconf 92' lang='lat' dir='ltr'><strong>te</strong></span> <span class='ocrx_word' id='word_1_486' title='bbox 2523 1770 2635 1834; x_wconf 88' lang='lat' dir='ltr'><strong>ipse</strong></span> <span class='ocrx_word' id='word_1_487' title='bbox 2667 1763 2912 1829; x_wconf 88' lang='lat' dir='ltr'><strong>conjicis,</strong></span> <span class='ocrx_word' id='word_1_488' title='bbox 2949 1770 2997 1813; x_wconf 90' lang='lat' dir='ltr'><strong>et</strong></span> <span class='ocrx_word' id='word_1_489' title='bbox 3035 1774 3094 1811; x_wconf 87' lang='lat' dir='ltr'><strong>ea</strong></span> <span class='ocrx_word' id='word_1_490' title='bbox 3129 1756 3295 1809; x_wconf 89' lang='lat' dir='ltr'><strong>sentis</strong></span> <span class='ocrx_word' id='word_1_491' title='bbox 3344 1768 3408 1805; x_wconf 90' lang='lat' dir='ltr'><strong>ac</strong></span> 
     </span>
    </p>
   </div>
   <div class='ocr_carea' id='block_1_63' title="bbox 1985 1843 3404 1928">
    <p class='ocr_par' dir='ltr' id='par_1_63' title="bbox 1985 1843 3404 1928">
     <span class='ocr_line' id='line_1_63' title="bbox 1985 1843 3404 1928; baseline -0.013 -17"><span class='ocrx_word' id='word_1_492' title='bbox 1985 1902 1997 1923; x_wconf 91' lang='lat'><strong>,</strong></span> <span class='ocrx_word' id='word_1_493' title='bbox 2017 1876 2135 1928; x_wconf 81' lang='lat' dir='ltr'><strong>quae</strong></span> <span class='ocrx_word' id='word_1_494' title='bbox 2170 1873 2341 1927; x_wconf 90' lang='lat' dir='ltr'><strong>neque</strong></span> <span class='ocrx_word' id='word_1_495' title='bbox 2367 1856 2541 1924; x_wconf 88' lang='lat' dir='ltr'><strong>eloqui</strong></span> <span class='ocrx_word' id='word_1_496' title='bbox 2572 1854 2652 1908; x_wconf 78' lang='lat' dir='ltr'><strong>fas</strong></span> <span class='ocrx_word' id='word_1_497' title='bbox 2674 1864 2778 1913; x_wconf 87' lang='lat' dir='ltr'><strong>est,</strong></span> <span class='ocrx_word' id='word_1_498' title='bbox 2811 1860 2864 1903; x_wconf 92' lang='lat' dir='ltr'><strong>et</strong></span> <span class='ocrx_word' id='word_1_499' title='bbox 2912 1850 3228 1901; x_wconf 83' lang='lat' dir='ltr'><strong>damnosum</strong></span> <span class='ocrx_word' id='word_1_500' title='bbox 3261 1843 3404 1911; x_wconf 80' lang='lat' dir='ltr'><strong>cogi-</strong></span> 
     </span>
    </p>
   </div>
   <div class='ocr_carea' id='block_1_64' title="bbox 1846 1942 3410 2006">
    <p class='ocr_par' dir='ltr' id='par_1_64' title="bbox 1846 1942 3410 2006">
     <span class='ocr_line' id='line_1_64' title="bbox 1846 1942 3410 2006; baseline -0.012 0"><span class='ocrx_word' id='word_1_501' title='bbox 1846 1952 2000 2006; x_wconf 88' lang='lat' dir='ltr'><strong>tare?</strong></span> <span class='ocrx_word' id='word_1_502' title='bbox 2030 1950 2201 2005; x_wconf 87' lang='lat' dir='ltr'><strong>Unum</strong></span> <span class='ocrx_word' id='word_1_503' title='bbox 2239 1950 2514 2003; x_wconf 92' lang='lat' dir='ltr'><strong>uobiscum</strong></span> <span class='ocrx_word' id='word_1_504' title='bbox 2563 1946 2861 2000; x_wconf 86' lang='lat' dir='ltr'><strong>consistere</strong></span> <span class='ocrx_word' id='word_1_505' title='bbox 2908 1942 3200 2004; x_wconf 79' lang='lat' dir='ltr'><strong>Christum,</strong></span> <span class='ocrx_word' id='word_1_506' title='bbox 3235 1950 3410 2005; x_wconf 84' lang='lat' dir='ltr'><strong>neque</strong></span> 
     </span>
    </p>
   </div>
   <div class='ocr_carea' id='block_1_65' title="bbox 1847 2028 3408 2099">
    <p class='ocr_par' dir='ltr' id='par_1_65' title="bbox 1847 2028 3408 2099">
     <span class='ocr_line' id='line_1_65' title="bbox 1847 2028 3408 2099; baseline -0.011 0"><span class='ocrx_word' id='word_1_507' title='bbox 1847 2048 1897 2099; x_wconf 90' lang='lat' dir='ltr'><strong>in</strong></span> <span class='ocrx_word' id='word_1_508' title='bbox 1928 2045 2031 2098; x_wconf 90' lang='lat' dir='ltr'><strong>duo</strong></span> <span class='ocrx_word' id='word_1_509' title='bbox 2060 2057 2271 2097; x_wconf 89' lang='lat' dir='ltr'><strong>rursum</strong></span> <span class='ocrx_word' id='word_1_510' title='bbox 2308 2040 2553 2095; x_wconf 83' lang='lat' dir='ltr'><strong>dividens</strong></span> <span class='ocrx_word' id='word_1_511' title='bbox 2574 2040 2723 2092; x_wconf 84' lang='lat' dir='ltr'><strong>dicas</strong></span> <span class='ocrx_word' id='word_1_512' title='bbox 2755 2051 2767 2089; x_wconf 89' lang='lat'>:</span> <span class='ocrx_word' id='word_1_513' title='bbox 2802 2036 2997 2088; x_wconf 85' lang='lat' dir='ltr'><strong>Missus</strong></span> <span class='ocrx_word' id='word_1_514' title='bbox 3030 2043 3111 2086; x_wconf 91' lang='lat' dir='ltr'><strong>est</strong></span> <span class='ocrx_word' id='word_1_515' title='bbox 3136 2032 3223 2085; x_wconf 90' lang='lat' dir='ltr'><strong>ille</strong></span> <span class='ocrx_word' id='word_1_516' title='bbox 3254 2028 3408 2083; x_wconf 88' lang='lat' dir='ltr'><strong>nobis</strong></span> 
     </span>
    </p>
   </div>
   <div class='ocr_carea' id='block_1_66' title="bbox 1844 2122 3409 2197">
    <p class='ocr_par' dir='ltr' id='par_1_66' title="bbox 1844 2122 3409 2197">
     <span class='ocr_line' id='line_1_66' title="bbox 1844 2122 3409 2197; baseline -0.01 -8"><span class='ocrx_word' id='word_1_517' title='bbox 1844 2133 2339 2197; x_wconf 81' lang='lat' dir='ltr'><strong>consubstantialis,</strong></span> <span class='ocrx_word' id='word_1_518' title='bbox 2369 2141 2422 2187; x_wconf 91' lang='lat' dir='ltr'><strong>et</strong></span> <span class='ocrx_word' id='word_1_519' title='bbox 2479 2143 2673 2185; x_wconf 91' lang='lat' dir='ltr'><strong>unctus</strong></span> <span class='ocrx_word' id='word_1_520' title='bbox 2721 2139 2803 2182; x_wconf 89' lang='lat' dir='ltr'><strong>est</strong></span> <span class='ocrx_word' id='word_1_521' title='bbox 2849 2126 3145 2194; x_wconf 81' lang='lat' dir='ltr'><strong>praedicans</strong></span> <span class='ocrx_word' id='word_1_522' title='bbox 3184 2122 3409 2191; x_wconf 83' lang='lat' dir='ltr'><strong>captivis</strong></span> 
     </span>
    </p>
   </div>
   <div class='ocr_carea' id='block_1_67' title="bbox 1847 2212 3406 2289">
    <p class='ocr_par' dir='ltr' id='par_1_67' title="bbox 1847 2212 3406 2289">
     <span class='ocr_line' id='line_1_67' title="bbox 1847 2212 3406 2289; baseline -0.012 -9"><span class='ocrx_word' id='word_1_523' title='bbox 1847 2228 2169 2289; x_wconf 83' lang='lat' dir='ltr'><strong>libertatem,</strong></span> <span class='ocrx_word' id='word_1_524' title='bbox 2219 2234 2273 2277; x_wconf 79' lang='lat' dir='ltr'><strong>et</strong></span> <span class='ocrx_word' id='word_1_525' title='bbox 2324 2222 2482 2278; x_wconf 62' lang='lat' dir='ltr'><strong>cacis</strong></span> <span class='ocrx_word' id='word_1_526' title='bbox 2523 2220 2693 2273; x_wconf 87' lang='lat' dir='ltr'><strong>visum</strong></span> <span class='ocrx_word' id='word_1_527' title='bbox 2727 2219 2791 2269; x_wconf 84' lang='lat'><strong>&#39;°.</strong></span> <span class='ocrx_word' id='word_1_528' title='bbox 2822 2216 2979 2283; x_wconf 84' lang='lat' dir='ltr'><strong>Atqui</strong></span> <span class='ocrx_word' id='word_1_529' title='bbox 3034 2230 3140 2282; x_wconf 81' lang='lat' dir='ltr'><strong>quo</strong></span> <span class='ocrx_word' id='word_1_530' title='bbox 3190 2212 3406 2265; x_wconf 81' lang='lat' dir='ltr'><strong>tandem</strong></span> 
     </span>
    </p>
   </div>
   <div class='ocr_carea' id='block_1_68' title="bbox 1845 2304 3408 2385">
    <p class='ocr_par' dir='ltr' id='par_1_68' title="bbox 1845 2304 3408 2385">
     <span class='ocr_line' id='line_1_68' title="bbox 1845 2304 3408 2385; baseline -0.012 -14"><span class='ocrx_word' id='word_1_531' title='bbox 1845 2319 1997 2371; x_wconf 89' lang='lat' dir='ltr'><strong>ibunt</strong></span> <span class='ocrx_word' id='word_1_532' title='bbox 2021 2316 2389 2385; x_wconf 78' lang='lat' dir='ltr'><strong>theologorum</strong></span> <span class='ocrx_word' id='word_1_533' title='bbox 2413 2314 2597 2376; x_wconf 90' lang='lat' dir='ltr'><strong>verba,</strong></span> <span class='ocrx_word' id='word_1_534' title='bbox 2622 2311 2711 2379; x_wconf 85' lang='lat' dir='ltr'><strong>qui</strong></span> <span class='ocrx_word' id='word_1_535' title='bbox 2750 2310 2997 2362; x_wconf 89' lang='lat' dir='ltr'><strong>doctores</strong></span> <span class='ocrx_word' id='word_1_536' title='bbox 3028 2304 3175 2358; x_wconf 85' lang='lat' dir='ltr'><strong>orbis</strong></span> <span class='ocrx_word' id='word_1_537' title='bbox 3234 2312 3408 2356; x_wconf 88' lang='lat' dir='ltr'><strong>terra-</strong></span> 
     </span>
    </p>
   </div>
   <div class='ocr_carea' id='block_1_69' title="bbox 1846 2395 3406 2475">
    <p class='ocr_par' dir='ltr' id='par_1_69' title="bbox 1846 2395 3406 2475">
     <span class='ocr_line' id='line_1_69' title="bbox 1846 2395 3406 2475; baseline -0.012 -11"><span class='ocrx_word' id='word_1_538' title='bbox 1846 2426 1961 2464; x_wconf 89' lang='lat' dir='ltr'><strong>rum</strong></span> <span class='ocrx_word' id='word_1_539' title='bbox 2000 2407 2247 2461; x_wconf 81' lang='lat' dir='ltr'><strong>fnerunt?</strong></span> <span class='ocrx_word' id='word_1_540' title='bbox 2268 2406 2445 2475; x_wconf 87' lang='lat' dir='ltr'><strong>Ipsum</strong></span> <span class='ocrx_word' id='word_1_541' title='bbox 2472 2418 2703 2472; x_wconf 85' lang='lat' dir='ltr'><strong>namque</strong></span> <span class='ocrx_word' id='word_1_542' title='bbox 2733 2416 2797 2453; x_wconf 80' lang='lat' dir='ltr'><strong>ex</strong></span> <span class='ocrx_word' id='word_1_543' title='bbox 2821 2401 2929 2453; x_wconf 94' lang='lat' dir='ltr'><strong>Deo</strong></span> <span class='ocrx_word' id='word_1_544' title='bbox 2960 2399 3119 2452; x_wconf 84' lang='lat' dir='ltr'><strong>Patre</strong></span> <span class='ocrx_word' id='word_1_545' title='bbox 3173 2395 3406 2449; x_wconf 87' lang='lat' dir='ltr'><strong>Verbum</strong></span> 
     </span>
    </p>
   </div>
   <div class='ocr_carea' id='block_1_70' title="bbox 1846 2491 3411 2565">
    <p class='ocr_par' dir='ltr' id='par_1_70' title="bbox 1846 2491 3411 2565">
     <span class='ocr_line' id='line_1_70' title="bbox 1846 2491 3411 2565; baseline -0.012 -8"><span class='ocrx_word' id='word_1_546' title='bbox 1846 2502 2178 2557; x_wconf 87' lang='lat' dir='ltr'><strong>Salvatorem</strong></span> <span class='ocrx_word' id='word_1_547' title='bbox 2202 2514 2263 2553; x_wconf 88' lang='lat' dir='ltr'><strong>ac</strong></span> <span class='ocrx_word' id='word_1_548' title='bbox 2288 2500 2700 2565; x_wconf 82' lang='lat' dir='ltr'><strong>Redemptorem</strong></span> <span class='ocrx_word' id='word_1_549' title='bbox 2726 2494 2965 2547; x_wconf 91' lang='lat' dir='ltr'><strong>omnium</strong></span> <span class='ocrx_word' id='word_1_550' title='bbox 2986 2491 3411 2559; x_wconf 75' lang='lat' dir='ltr'><strong>praedicaverunt</strong></span> 
     </span>
    </p>
   </div>
   <div class='ocr_carea' id='block_1_71' title="bbox 1847 2580 3407 2663">
    <p class='ocr_par' dir='ltr' id='par_1_71' title="bbox 1847 2580 3407 2663">
     <span class='ocr_line' id='line_1_71' title="bbox 1847 2580 3407 2663; baseline -0.012 -16"><span class='ocrx_word' id='word_1_551' title='bbox 1847 2610 1951 2647; x_wconf 91' lang='lat' dir='ltr'><strong>non</strong></span> <span class='ocrx_word' id='word_1_552' title='bbox 1983 2594 2137 2663; x_wconf 84' lang='lat' dir='ltr'><strong>quasi</strong></span> <span class='ocrx_word' id='word_1_553' title='bbox 2172 2592 2331 2645; x_wconf 92' lang='lat' dir='ltr'><strong>homo</strong></span> <span class='ocrx_word' id='word_1_554' title='bbox 2362 2590 2509 2643; x_wconf 92' lang='lat' dir='ltr'><strong>abeo</strong></span> <span class='ocrx_word' id='word_1_555' title='bbox 2541 2588 2784 2642; x_wconf 87' lang='lat' dir='ltr'><strong>diversus</strong></span> <span class='ocrx_word' id='word_1_556' title='bbox 2811 2581 3124 2650; x_wconf 72' lang='lat' dir='ltr'><strong>interiectus</strong></span> <span class='ocrx_word' id='word_1_557' title='bbox 3176 2580 3243 2635; x_wconf 89' lang='lat' dir='ltr'><strong>sit</strong></span> <span class='ocrx_word' id='word_1_558' title='bbox 3295 2592 3407 2630; x_wconf 89' lang='lat' dir='ltr'><strong>me-</strong></span> 
     </span>
    </p>
   </div>
   <div class='ocr_carea' id='block_1_72' title="bbox 1845 2671 3411 2750">
    <p class='ocr_par' dir='ltr' id='par_1_72' title="bbox 1845 2671 3411 2750">
     <span class='ocr_line' id='line_1_72' title="bbox 1845 2671 3411 2750; baseline -0.01 -12"><span class='ocrx_word' id='word_1_559' title='bbox 1845 2687 2038 2747; x_wconf 90' lang='lat' dir='ltr'><strong>diator,</strong></span> <span class='ocrx_word' id='word_1_560' title='bbox 2090 2692 2143 2736; x_wconf 86' lang='lat' dir='ltr'><strong>ut</strong></span> <span class='ocrx_word' id='word_1_561' title='bbox 2204 2682 2362 2750; x_wconf 89' lang='lat' dir='ltr'><strong>plane</strong></span> <span class='ocrx_word' id='word_1_562' title='bbox 2414 2678 2607 2740; x_wconf 83' lang='lat' dir='ltr'><strong>Moses,</strong></span> <span class='ocrx_word' id='word_1_563' title='bbox 2660 2678 2752 2730; x_wconf 89' lang='lat' dir='ltr'><strong>sed</strong></span> <span class='ocrx_word' id='word_1_564' title='bbox 2802 2675 2977 2742; x_wconf 89' lang='lat' dir='ltr'><strong>potius</strong></span> <span class='ocrx_word' id='word_1_565' title='bbox 3008 2672 3148 2739; x_wconf 90' lang='lat' dir='ltr'><strong>quod</strong></span> <span class='ocrx_word' id='word_1_566' title='bbox 3176 2672 3261 2724; x_wconf 90' lang='lat' dir='ltr'><strong>ille</strong></span> <span class='ocrx_word' id='word_1_567' title='bbox 3293 2671 3411 2737; x_wconf 88' lang='lat' dir='ltr'><strong>ipse</strong></span> 
     </span>
    </p>
   </div>
   <div class='ocr_carea' id='block_1_73' title="bbox 1846 2763 3405 2845">
    <p class='ocr_par' dir='ltr' id='par_1_73' title="bbox 1846 2763 3405 2845">
     <span class='ocr_line' id='line_1_73' title="bbox 1846 2763 3405 2845; baseline -0.012 -13"><span class='ocrx_word' id='word_1_568' title='bbox 1846 2778 2025 2845; x_wconf 87' lang='lat' dir='ltr'><strong>specie</strong></span> <span class='ocrx_word' id='word_1_569' title='bbox 2048 2791 2110 2828; x_wconf 84' lang='lat' dir='ltr'><strong>ac</strong></span> <span class='ocrx_word' id='word_1_570' title='bbox 2138 2770 2489 2828; x_wconf 88' lang='lat' dir='ltr'><strong>similitudine</strong></span> <span class='ocrx_word' id='word_1_571' title='bbox 2512 2782 2770 2837; x_wconf 84' lang='lat' dir='ltr'><strong>corporea</strong></span> <span class='ocrx_word' id='word_1_572' title='bbox 2804 2767 2869 2819; x_wconf 87' lang='lat' dir='ltr'><strong>ad</strong></span> <span class='ocrx_word' id='word_1_573' title='bbox 2918 2780 3015 2817; x_wconf 91' lang='lat' dir='ltr'><strong>nos</strong></span> <span class='ocrx_word' id='word_1_574' title='bbox 3050 2763 3405 2817; x_wconf 72' lang='lat' dir='ltr'><strong>descenderit.</strong></span> 
     </span>
    </p>
   </div>
   <div class='ocr_carea' id='block_1_74' title="bbox 1848 2858 3408 2934">
    <p class='ocr_par' dir='ltr' id='par_1_74' title="bbox 1848 2858 3408 2934">
     <span class='ocr_line' id='line_1_74' title="bbox 1848 2858 3408 2934; baseline -0.013 -8"><span class='ocrx_word' id='word_1_575' title='bbox 1848 2869 1944 2927; x_wconf 83' lang='lat' dir='ltr'><strong>llic</strong></span> <span class='ocrx_word' id='word_1_576' title='bbox 1983 2881 2211 2934; x_wconf 82' lang='lat' dir='ltr'><strong>namque</strong></span> <span class='ocrx_word' id='word_1_577' title='bbox 2246 2866 2299 2919; x_wconf 93' lang='lat' dir='ltr'><strong>in</strong></span> <span class='ocrx_word' id='word_1_578' title='bbox 2326 2862 2641 2932; x_wconf 82' lang='lat' dir='ltr'><strong>Apostolum</strong></span> <span class='ocrx_word' id='word_1_579' title='bbox 2670 2871 2721 2914; x_wconf 92' lang='lat' dir='ltr'><strong>et</strong></span> <span class='ocrx_word' id='word_1_580' title='bbox 2750 2858 3057 2911; x_wconf 81' lang='lat' dir='ltr'><strong>Pontiticem</strong></span> <span class='ocrx_word' id='word_1_581' title='bbox 3073 2866 3154 2909; x_wconf 91' lang='lat' dir='ltr'><strong>est</strong></span> <span class='ocrx_word' id='word_1_582' title='bbox 3179 2865 3370 2909; x_wconf 85' lang='lat' dir='ltr'><strong>unctus</strong></span> <span class='ocrx_word' id='word_1_583' title='bbox 3395 2872 3408 2907; x_wconf 93' lang='lat'><strong>:</strong></span> 
     </span>
    </p>
   </div>
   <div class='ocr_carea' id='block_1_75' title="bbox 1850 2943 3411 3030">
    <p class='ocr_par' dir='ltr' id='par_1_75' title="bbox 1850 2943 3411 3030">
     <span class='ocr_line' id='line_1_75' title="bbox 1850 2943 3411 3030; baseline -0.013 -14"><span class='ocrx_word' id='word_1_584' title='bbox 1850 2965 2029 3030; x_wconf 88' lang='lat' dir='ltr'><strong>itaque</strong></span> <span class='ocrx_word' id='word_1_585' title='bbox 2061 2959 2271 3014; x_wconf 69' lang='lat' dir='ltr'><strong>Juilmns</strong></span> <span class='ocrx_word' id='word_1_586' title='bbox 2300 2952 2652 3021; x_wconf 78' lang='lat' dir='ltr'><strong>coarguebat,</strong></span> <span class='ocrx_word' id='word_1_587' title='bbox 2680 2949 2864 3002; x_wconf 88' lang='lat' dir='ltr'><strong>dicens</strong></span> <span class='ocrx_word' id='word_1_588' title='bbox 2903 2963 2916 2999; x_wconf 91' lang='lat'><strong>:</strong></span> <span class='ocrx_word' id='word_1_589' title='bbox 2991 2964 3008 2996; x_wconf 81' lang='grc' dir='ltr'><strong>ι</strong></span> <span class='ocrx_word' id='word_1_590' title='bbox 3048 2943 3233 2997; x_wconf 87' lang='lat' dir='ltr'><strong>Nonne</strong></span> <span class='ocrx_word' id='word_1_591' title='bbox 3284 2944 3411 2995; x_wconf 72' lang='lat' dir='ltr'><strong>scri—</strong></span> 
     </span>
    </p>
   </div>
   <div class='ocr_carea' id='block_1_76' title="bbox 1849 3033 3415 3125">
    <p class='ocr_par' dir='ltr' id='par_1_76' title="bbox 1849 3033 3415 3125">
     <span class='ocr_line' id='line_1_76' title="bbox 1849 3033 3415 3125; baseline -0.013 -17"><span class='ocrx_word' id='word_1_592' title='bbox 1849 3068 1993 3125; x_wconf 87' lang='lat' dir='ltr'><strong>ptmn</strong></span> <span class='ocrx_word' id='word_1_593' title='bbox 2016 3056 2168 3108; x_wconf 87' lang='lat' dir='ltr'><strong>estin</strong></span> <span class='ocrx_word' id='word_1_594' title='bbox 2206 3055 2319 3122; x_wconf 79' lang='lat' dir='ltr'><strong>lege</strong></span> <span class='ocrx_word' id='word_1_595' title='bbox 2346 3054 2518 3105; x_wconf 77' lang='lat' dir='ltr'><strong>vestra</strong></span> <span class='ocrx_word' id='word_1_596' title='bbox 2556 3058 2570 3103; x_wconf 72' lang='grc' dir='ltr'>ς</span> <span class='ocrx_word' id='word_1_597' title='bbox 2606 3042 2712 3110; x_wconf 72' lang='lat' dir='ltr'><strong>E30</strong></span> <span class='ocrx_word' id='word_1_598' title='bbox 2731 3040 2863 3102; x_wconf 66' lang='lat' dir='ltr'><strong>dixi.</strong></span> <span class='ocrx_word' id='word_1_599' title='bbox 2898 3036 2976 3090; x_wconf 78' lang='lat' dir='ltr'><strong>Dii</strong></span> <span class='ocrx_word' id='word_1_600' title='bbox 3017 3034 3183 3090; x_wconf 81' lang='lat' dir='ltr'><strong>estis?</strong></span> <span class='ocrx_word' id='word_1_601' title='bbox 3215 3033 3270 3087; x_wconf 86' lang='lat' dir='ltr'><strong>Si</strong></span> <span class='ocrx_word' id='word_1_602' title='bbox 3299 3034 3415 3086; x_wconf 85' lang='lat' dir='ltr'><strong>illos</strong></span> 
     </span>
    </p>
   </div>
   <div class='ocr_carea' id='block_1_77' title="bbox 1850 3132 3417 3211">
    <p class='ocr_par' dir='ltr' id='par_1_77' title="bbox 1850 3132 3417 3211">
     <span class='ocr_line' id='line_1_77' title="bbox 1850 3132 3417 3211; baseline -0.017 -9"><span class='ocrx_word' id='word_1_603' title='bbox 1850 3148 1982 3202; x_wconf 77' lang='lat' dir='ltr'><strong>dixit</strong></span> <span class='ocrx_word' id='word_1_604' title='bbox 2004 3149 2150 3209; x_wconf 89' lang='lat' dir='ltr'><strong>deos,</strong></span> <span class='ocrx_word' id='word_1_605' title='bbox 2180 3145 2244 3197; x_wconf 89' lang='lat' dir='ltr'><strong>ad</strong></span> <span class='ocrx_word' id='word_1_606' title='bbox 2268 3158 2402 3211; x_wconf 88' lang='lat' dir='ltr'><strong>quos</strong></span> <span class='ocrx_word' id='word_1_607' title='bbox 2437 3156 2614 3196; x_wconf 92' lang='lat' dir='ltr'><strong>sermo</strong></span> <span class='ocrx_word' id='word_1_608' title='bbox 2652 3132 2738 3192; x_wconf 86' lang='lat' dir='ltr'><strong>Dei</strong></span> <span class='ocrx_word' id='word_1_609' title='bbox 2771 3132 2943 3189; x_wconf 79' lang='lat' dir='ltr'><strong>factus</strong></span> <span class='ocrx_word' id='word_1_610' title='bbox 2976 3141 3075 3192; x_wconf 86' lang='lat' dir='ltr'><strong>est,</strong></span> <span class='ocrx_word' id='word_1_611' title='bbox 3107 3140 3159 3182; x_wconf 91' lang='lat' dir='ltr'><strong>et</strong></span> <span class='ocrx_word' id='word_1_612' title='bbox 3188 3143 3289 3179; x_wconf 92' lang='lat' dir='ltr'><strong>non</strong></span> <span class='ocrx_word' id='word_1_613' title='bbox 3324 3141 3417 3194; x_wconf 85' lang='lat' dir='ltr'><strong>pn-</strong></span> 
     </span>
    </p>
   </div>
   <div class='ocr_carea' id='block_1_78' title="bbox 1854 3215 3416 3303">
    <p class='ocr_par' dir='ltr' id='par_1_78' title="bbox 1854 3215 3416 3303">
     <span class='ocr_line' id='line_1_78' title="bbox 1854 3215 3416 3303; baseline -0.015 -11"><span class='ocrx_word' id='word_1_614' title='bbox 1854 3249 1956 3292; x_wconf 90' lang='lat' dir='ltr'><strong>test</strong></span> <span class='ocrx_word' id='word_1_615' title='bbox 1995 3237 2125 3290; x_wconf 88' lang='lat' dir='ltr'><strong>solvi</strong></span> <span class='ocrx_word' id='word_1_616' title='bbox 2155 3235 2460 3303; x_wconf 78' lang='lat' dir='ltr'><strong>Scriptura;</strong></span> <span class='ocrx_word' id='word_1_617' title='bbox 2513 3232 2623 3301; x_wconf 78' lang='lat'><strong>80</strong></span> <span class='ocrx_word' id='word_1_618' title='bbox 2647 3245 2801 3298; x_wconf 90' lang='lat' dir='ltr'><strong>quem</strong></span> <span class='ocrx_word' id='word_1_619' title='bbox 2855 3227 3015 3282; x_wconf 85' lang='lat' dir='ltr'><strong>Pater</strong></span> <span class='ocrx_word' id='word_1_620' title='bbox 3056 3215 3416 3279; x_wconf 83' lang='lat' dir='ltr'><strong>sancliﬁcavit</strong></span> 
     </span>
    </p>
   </div>
   <div class='ocr_carea' id='block_1_79' title="bbox 1851 3314 3412 3382">
    <p class='ocr_par' dir='ltr' id='par_1_79' title="bbox 1851 3314 3412 3382">
     <span class='ocr_line' id='line_1_79' title="bbox 1851 3314 3412 3382; baseline -0.008 -1"><span class='ocrx_word' id='word_1_621' title='bbox 1851 3338 1904 3381; x_wconf 89' lang='lat' dir='ltr'><strong>et</strong></span> <span class='ocrx_word' id='word_1_622' title='bbox 1949 3329 2093 3379; x_wconf 87' lang='lat' dir='ltr'><strong>misit</strong></span> <span class='ocrx_word' id='word_1_623' title='bbox 2142 3327 2191 3375; x_wconf 90' lang='lat' dir='ltr'><strong>in</strong></span> <span class='ocrx_word' id='word_1_624' title='bbox 2243 3322 2533 3382; x_wconf 86' lang='lat' dir='ltr'><strong>mundum,</strong></span> <span class='ocrx_word' id='word_1_625' title='bbox 2598 3334 2689 3371; x_wconf 81' lang='lat' dir='ltr'><strong>vos</strong></span> <span class='ocrx_word' id='word_1_626' title='bbox 2750 3318 2980 3371; x_wconf 84' lang='lat' dir='ltr'><strong>dicitis:</strong></span> <span class='ocrx_word' id='word_1_627' title='bbox 3024 3314 3412 3382; x_wconf 74' lang='lat' dir='ltr'><strong>Blasphemas,</strong></span> 
     </span>
    </p>
   </div>
   <div class='ocr_carea' id='block_1_80' title="bbox 1850 3408 3413 3487">
    <p class='ocr_par' dir='ltr' id='par_1_80' title="bbox 1850 3408 3413 3487">
     <span class='ocr_line' id='line_1_80' title="bbox 1850 3408 3413 3487; baseline -0.008 -15"><span class='ocrx_word' id='word_1_628' title='bbox 1850 3421 1973 3487; x_wconf 87' lang='lat' dir='ltr'><strong>quia</strong></span> <span class='ocrx_word' id='word_1_629' title='bbox 1995 3418 2126 3478; x_wconf 74' lang='lat' dir='ltr'><strong>dixi,</strong></span> <span class='ocrx_word' id='word_1_630' title='bbox 2162 3415 2324 3467; x_wconf 90' lang='lat' dir='ltr'><strong>Filius</strong></span> <span class='ocrx_word' id='word_1_631' title='bbox 2354 3413 2442 3466; x_wconf 93' lang='lat' dir='ltr'><strong>Dei</strong></span> <span class='ocrx_word' id='word_1_632' title='bbox 2470 3428 2587 3467; x_wconf 90' lang='lat' dir='ltr'><strong>sum</strong></span> <span class='ocrx_word' id='word_1_633' title='bbox 2618 3410 2705 3461; x_wconf 72' lang='lat'><strong>‘7?</strong></span> <span class='ocrx_word' id='word_1_634' title='bbox 2740 3429 2757 3461; x_wconf 75' lang='grc' dir='ltr'><strong>ι</strong></span> <span class='ocrx_word' id='word_1_635' title='bbox 2794 3410 2906 3473; x_wconf 80' lang='lat' dir='ltr'><strong>Qua</strong></span> <span class='ocrx_word' id='word_1_636' title='bbox 2978 3424 3102 3462; x_wconf 85' lang='lat' dir='ltr'><strong>vero</strong></span> <span class='ocrx_word' id='word_1_637' title='bbox 3149 3408 3213 3461; x_wconf 83' lang='lat' dir='ltr'><strong>de</strong></span> <span class='ocrx_word' id='word_1_638' title='bbox 3249 3422 3413 3460; x_wconf 79' lang='lat' dir='ltr'><strong>causa</strong></span> 
     </span>
    </p>
   </div>
   <div class='ocr_carea' id='block_1_81' title="bbox 1852 3498 3415 3574">
    <p class='ocr_par' dir='ltr' id='par_1_81' title="bbox 1852 3498 3415 3574">
     <span class='ocr_line' id='line_1_81' title="bbox 1852 3498 3415 3574; baseline -0.008 -12"><span class='ocrx_word' id='word_1_639' title='bbox 1852 3511 1997 3563; x_wconf 89' lang='lat' dir='ltr'><strong>illum</strong></span> <span class='ocrx_word' id='word_1_640' title='bbox 2020 3508 2107 3574; x_wconf 90' lang='lat' dir='ltr'><strong>qui</strong></span> <span class='ocrx_word' id='word_1_641' title='bbox 2138 3522 2195 3558; x_wconf 89' lang='lat' dir='ltr'><strong>se</strong></span> <span class='ocrx_word' id='word_1_642' title='bbox 2223 3507 2286 3557; x_wconf 85' lang='lat' dir='ltr'><strong>ad</strong></span> <span class='ocrx_word' id='word_1_643' title='bbox 2317 3502 2736 3557; x_wconf 81' lang='lat' dir='ltr'><strong>exiuanitionem</strong></span> <span class='ocrx_word' id='word_1_644' title='bbox 2769 3499 2987 3553; x_wconf 87' lang='lat' dir='ltr'><strong>demisit</strong></span> <span class='ocrx_word' id='word_1_645' title='bbox 3020 3508 3072 3549; x_wconf 92' lang='lat' dir='ltr'><strong>ut</strong></span> <span class='ocrx_word' id='word_1_646' title='bbox 3094 3498 3278 3550; x_wconf 87' lang='lat' dir='ltr'><strong>orbem</strong></span> <span class='ocrx_word' id='word_1_647' title='bbox 3308 3507 3415 3549; x_wconf 89' lang='lat' dir='ltr'><strong>ter-</strong></span> 
     </span>
    </p>
   </div>
   <div class='ocr_carea' id='block_1_82' title="bbox 1854 3592 3417 3659">
    <p class='ocr_par' dir='ltr' id='par_1_82' title="bbox 1854 3592 3417 3659">
     <span class='ocr_line' id='line_1_82' title="bbox 1854 3592 3417 3659; baseline -0.006 -5"><span class='ocrx_word' id='word_1_648' title='bbox 1854 3614 2033 3654; x_wconf 91' lang='lat' dir='ltr'><strong>rarum</strong></span> <span class='ocrx_word' id='word_1_649' title='bbox 2060 3598 2263 3650; x_wconf 88' lang='lat' dir='ltr'><strong>salvum</strong></span> <span class='ocrx_word' id='word_1_650' title='bbox 2309 3596 2529 3653; x_wconf 81' lang='lat' dir='ltr'><strong>faceret,</strong></span> <span class='ocrx_word' id='word_1_651' title='bbox 2579 3609 2607 3645; x_wconf 87' lang='lat' dir='ltr'><strong>a</strong></span> <span class='ocrx_word' id='word_1_652' title='bbox 2665 3594 2823 3645; x_wconf 88' lang='lat' dir='ltr'><strong>rebus</strong></span> <span class='ocrx_word' id='word_1_653' title='bbox 2850 3608 2976 3659; x_wconf 77' lang='lat' dir='ltr'><strong>erga</strong></span> <span class='ocrx_word' id='word_1_654' title='bbox 3012 3607 3107 3644; x_wconf 91' lang='lat' dir='ltr'><strong>nos</strong></span> <span class='ocrx_word' id='word_1_655' title='bbox 3158 3592 3417 3644; x_wconf 90' lang='lat' dir='ltr'><strong>divinitus</strong></span> 
     </span>
    </p>
   </div>
   <div class='ocr_carea' id='block_1_83' title="bbox 1851 3684 3414 3760">
    <p class='ocr_par' dir='ltr' id='par_1_83' title="bbox 1851 3684 3414 3760">
     <span class='ocr_line' id='line_1_83' title="bbox 1851 3684 3414 3760; baseline -0.004 -17"><span class='ocrx_word' id='word_1_656' title='bbox 1851 3692 2006 3760; x_wconf 90' lang='lat' dir='ltr'><strong>plane</strong></span> <span class='ocrx_word' id='word_1_657' title='bbox 2040 3698 2094 3741; x_wconf 89' lang='lat' dir='ltr'><strong>et</strong></span> <span class='ocrx_word' id='word_1_658' title='bbox 2126 3685 2513 3740; x_wconf 86' lang='lat' dir='ltr'><strong>admirabiliter</strong></span> <span class='ocrx_word' id='word_1_659' title='bbox 2542 3686 2707 3752; x_wconf 87' lang='lat' dir='ltr'><strong>gestis</strong></span> <span class='ocrx_word' id='word_1_660' title='bbox 2766 3684 3133 3747; x_wconf 81' lang='lat' dir='ltr'><strong>exclmlenius,</strong></span> <span class='ocrx_word' id='word_1_661' title='bbox 3194 3684 3414 3737; x_wconf 88' lang='lat' dir='ltr'><strong>missum</strong></span> 
     </span>
    </p>
   </div>
   <div class='ocr_carea' id='block_1_84' title="bbox 1851 3774 3409 3841">
    <p class='ocr_par' dir='ltr' id='par_1_84' title="bbox 1851 3774 3409 3841">
     <span class='ocr_line' id='line_1_84' title="bbox 1851 3774 3409 3841; baseline -0.006 -4"><span class='ocrx_word' id='word_1_662' title='bbox 1851 3782 2017 3837; x_wconf 72' lang='lat' dir='ltr'><strong>inisse</strong></span> <span class='ocrx_word' id='word_1_663' title='bbox 2041 3782 2279 3834; x_wconf 89' lang='lat' dir='ltr'><strong>dicentes</strong></span> <span class='ocrx_word' id='word_1_664' title='bbox 2313 3778 2459 3829; x_wconf 89' lang='lat' dir='ltr'><strong>illum</strong></span> <span class='ocrx_word' id='word_1_665' title='bbox 2494 3776 2648 3828; x_wconf 89' lang='lat' dir='ltr'><strong>nobis</strong></span> <span class='ocrx_word' id='word_1_666' title='bbox 2680 3774 3218 3839; x_wconf 84' lang='lat' dir='ltr'><strong>consubstantialem,</strong></span> <span class='ocrx_word' id='word_1_667' title='bbox 3255 3777 3409 3841; x_wconf 83' lang='lat' dir='ltr'><strong>quasi</strong></span> 
     </span>
    </p>
   </div>
   <div class='ocr_carea' id='block_1_85' title="bbox 1851 3867 3417 3933">
    <p class='ocr_par' dir='ltr' id='par_1_85' title="bbox 1851 3867 3417 3933">
     <span class='ocr_line' id='line_1_85' title="bbox 1851 3867 3417 3933; baseline -0.004 -7"><span class='ocrx_word' id='word_1_668' title='bbox 1851 3876 2012 3926; x_wconf 89' lang='lat' dir='ltr'><strong>alium</strong></span> <span class='ocrx_word' id='word_1_669' title='bbox 2045 3872 2110 3924; x_wconf 89' lang='lat' dir='ltr'><strong>ab</strong></span> <span class='ocrx_word' id='word_1_670' title='bbox 2137 3885 2201 3923; x_wconf 89' lang='lat' dir='ltr'><strong>eo</strong></span> <span class='ocrx_word' id='word_1_671' title='bbox 2230 3867 2537 3921; x_wconf 84' lang='lat' dir='ltr'><strong>diversum?</strong></span> <span class='ocrx_word' id='word_1_672' title='bbox 2569 3868 2729 3933; x_wconf 79' lang='lat' dir='ltr'><strong>Atqui</strong></span> <span class='ocrx_word' id='word_1_673' title='bbox 2767 3881 2943 3919; x_wconf 90' lang='lat' dir='ltr'><strong>nonne</strong></span> <span class='ocrx_word' id='word_1_674' title='bbox 2966 3868 3133 3919; x_wconf 84' lang='lat' dir='ltr'><strong>satius</strong></span> <span class='ocrx_word' id='word_1_675' title='bbox 3182 3879 3298 3919; x_wconf 68' lang='grc' dir='ltr'>«ει-ιιι</span> <span class='ocrx_word' id='word_1_676' title='bbox 3338 3868 3417 3919; x_wconf 88' lang='lat' dir='ltr'><strong>di-</strong></span> 
     </span>
    </p>
   </div>
   <div class='ocr_carea' id='block_1_86' title="bbox 1850 3955 3407 4024">
    <p class='ocr_par' dir='ltr' id='par_1_86' title="bbox 1850 3955 3407 4024">
     <span class='ocr_line' id='line_1_86' title="bbox 1850 3955 3407 4024; baseline -0.007 -7"><span class='ocrx_word' id='word_1_677' title='bbox 1850 3977 1993 4024; x_wconf 84' lang='lat' dir='ltr'><strong>cere,</strong></span> <span class='ocrx_word' id='word_1_678' title='bbox 2032 3961 2137 4013; x_wconf 84' lang='lat' dir='ltr'><strong>imo</strong></span> <span class='ocrx_word' id='word_1_679' title='bbox 2158 3972 2283 4011; x_wconf 85' lang='lat' dir='ltr'><strong>vero</strong></span> <span class='ocrx_word' id='word_1_680' title='bbox 2310 3969 2376 4009; x_wconf 80' lang='lat' dir='ltr'><strong>ex</strong></span> <span class='ocrx_word' id='word_1_681' title='bbox 2406 3956 2587 4009; x_wconf 86' lang='lat' dir='ltr'><strong>animo</strong></span> <span class='ocrx_word' id='word_1_682' title='bbox 2634 3955 2855 4020; x_wconf 88' lang='lat' dir='ltr'><strong>sentire,</strong></span> <span class='ocrx_word' id='word_1_683' title='bbox 2908 3956 3127 4007; x_wconf 83' lang='lat' dir='ltr'><strong>missum</strong></span> <span class='ocrx_word' id='word_1_684' title='bbox 3189 3955 3407 4021; x_wconf 86' lang='lat' dir='ltr'><strong>quidem</strong></span> 
     </span>
    </p>
   </div>
   <div class='ocr_carea' id='block_1_87' title="bbox 1850 4045 3416 4110">
    <p class='ocr_par' dir='ltr' id='par_1_87' title="bbox 1850 4045 3416 4110">
     <span class='ocr_line' id='line_1_87' title="bbox 1850 4045 3416 4110; baseline -0.006 -3"><span class='ocrx_word' id='word_1_685' title='bbox 1850 4068 1969 4107; x_wconf 85' lang='lat' dir='ltr'><strong>esse</strong></span> <span class='ocrx_word' id='word_1_686' title='bbox 1995 4052 2215 4104; x_wconf 82' lang='lat' dir='ltr'><strong>illuuiet</strong></span> <span class='ocrx_word' id='word_1_687' title='bbox 2250 4048 2447 4101; x_wconf 81' lang='lat' dir='ltr'><strong>factum</strong></span> <span class='ocrx_word' id='word_1_688' title='bbox 2520 4046 3035 4100; x_wconf 88' lang='lat' dir='ltr'><strong>consubstantialem</strong></span> <span class='ocrx_word' id='word_1_689' title='bbox 3087 4045 3261 4110; x_wconf 89' lang='lat' dir='ltr'><strong>nobis,</strong></span> <span class='ocrx_word' id='word_1_690' title='bbox 3316 4046 3416 4098; x_wconf 86' lang='lat' dir='ltr'><strong>hoc</strong></span> 
     </span>
    </p>
   </div>
   <div class='ocr_carea' id='block_1_88' title="bbox 1852 4136 3417 4211">
    <p class='ocr_par' dir='ltr' id='par_1_88' title="bbox 1852 4136 3417 4211">
     <span class='ocr_line' id='line_1_88' title="bbox 1852 4136 3417 4211; baseline -0.006 -12"><span class='ocrx_word' id='word_1_691' title='bbox 1852 4156 1954 4211; x_wconf 90' lang='lat' dir='ltr'><strong>est,</strong></span> <span class='ocrx_word' id='word_1_692' title='bbox 1978 4144 2281 4204; x_wconf 90' lang='lat' dir='ltr'><strong>hominem;</strong></span> <span class='ocrx_word' id='word_1_693' title='bbox 2315 4140 2407 4193; x_wconf 87' lang='lat' dir='ltr'><strong>sed</strong></span> <span class='ocrx_word' id='word_1_694' title='bbox 2438 4139 2701 4191; x_wconf 89' lang='lat' dir='ltr'><strong>mansisse</strong></span> <span class='ocrx_word' id='word_1_695' title='bbox 2720 4146 2895 4189; x_wconf 91' lang='lat' dir='ltr'><strong>tamen</strong></span> <span class='ocrx_word' id='word_1_696' title='bbox 2922 4138 3018 4203; x_wconf 86' lang='lat' dir='ltr'><strong>ipsi</strong></span> <span class='ocrx_word' id='word_1_697' title='bbox 3047 4137 3152 4189; x_wconf 91' lang='lat' dir='ltr'><strong>Deo</strong></span> <span class='ocrx_word' id='word_1_698' title='bbox 3183 4152 3247 4189; x_wconf 85' lang='lat' dir='ltr'><strong>ac</strong></span> <span class='ocrx_word' id='word_1_699' title='bbox 3275 4136 3417 4190; x_wconf 81' lang='lat' dir='ltr'><strong>Patri</strong></span> 
     </span>
    </p>
   </div>
   <div class='ocr_carea' id='block_1_89' title="bbox 1853 4230 3422 4298">
    <p class='ocr_par' dir='ltr' id='par_1_89' title="bbox 1853 4230 3422 4298">
     <span class='ocr_line' id='line_1_89' title="bbox 1853 4230 3422 4298; baseline -0.006 -7"><span class='ocrx_word' id='word_1_700' title='bbox 1853 4232 2389 4293; x_wconf 81' lang='lat' dir='ltr'><strong>consubstantialem,</strong></span> <span class='ocrx_word' id='word_1_701' title='bbox 2424 4245 2526 4298; x_wconf 88' lang='lat' dir='ltr'><strong>qua</strong></span> <span class='ocrx_word' id='word_1_702' title='bbox 2554 4241 2608 4283; x_wconf 90' lang='lat' dir='ltr'><strong>et</strong></span> <span class='ocrx_word' id='word_1_703' title='bbox 2639 4230 2926 4295; x_wconf 80' lang='lat' dir='ltr'><strong>cogitatur,</strong></span> <span class='ocrx_word' id='word_1_704' title='bbox 2961 4239 3014 4281; x_wconf 87' lang='lat' dir='ltr'><strong>et</strong></span> <span class='ocrx_word' id='word_1_705' title='bbox 3067 4241 3203 4294; x_wconf 88' lang='lat' dir='ltr'><strong>erat,</strong></span> <span class='ocrx_word' id='word_1_706' title='bbox 3236 4240 3291 4281; x_wconf 92' lang='lat' dir='ltr'><strong>et</strong></span> <span class='ocrx_word' id='word_1_707' title='bbox 3340 4242 3422 4282; x_wconf 86' lang='lat' dir='ltr'><strong>est</strong></span> 
     </span>
    </p>
   </div>
   <div class='ocr_carea' id='block_1_90' title="bbox 1857 4318 3418 4387">
    <p class='ocr_par' dir='ltr' id='par_1_90' title="bbox 1857 4318 3418 4387">
     <span class='ocr_line' id='line_1_90' title="bbox 1857 4318 3418 4387; baseline -0.007 -9"><span class='ocrx_word' id='word_1_708' title='bbox 1857 4325 2025 4377; x_wconf 91' lang='lat' dir='ltr'><strong>Deus?</strong></span> <span class='ocrx_word' id='word_1_709' title='bbox 2062 4324 2152 4376; x_wconf 80' lang='lat' dir='ltr'><strong>Est</strong></span> <span class='ocrx_word' id='word_1_710' title='bbox 2193 4334 2446 4387; x_wconf 84' lang='lat' dir='ltr'><strong>namque,</strong></span> <span class='ocrx_word' id='word_1_711' title='bbox 2489 4328 2594 4383; x_wconf 85' lang='lat' dir='ltr'><strong>est,</strong></span> <span class='ocrx_word' id='word_1_712' title='bbox 2637 4319 2876 4384; x_wconf 86' lang='lat' dir='ltr'><strong>inquam,</strong></span> <span class='ocrx_word' id='word_1_713' title='bbox 2917 4318 3053 4384; x_wconf 85' lang='lat' dir='ltr'><strong>quod</strong></span> <span class='ocrx_word' id='word_1_714' title='bbox 3093 4329 3227 4380; x_wconf 84' lang='lat' dir='ltr'><strong>erat,</strong></span> <span class='ocrx_word' id='word_1_715' title='bbox 3256 4320 3418 4370; x_wconf 88' lang='lat' dir='ltr'><strong>etiam</strong></span> 
     </span>
    </p>
   </div>
   <div class='ocr_carea' id='block_1_91' title="bbox 1854 4411 3421 4483">
    <p class='ocr_par' dir='ltr' id='par_1_91' title="bbox 1854 4411 3421 4483">
     <span class='ocr_line' id='line_1_91' title="bbox 1854 4411 3421 4483; baseline -0.006 -11"><span class='ocrx_word' id='word_1_716' title='bbox 1854 4434 1973 4472; x_wconf 86' lang='lat' dir='ltr'><strong>cum</strong></span> <span class='ocrx_word' id='word_1_717' title='bbox 1999 4414 2287 4483; x_wconf 88' lang='lat' dir='ltr'><strong>assumpsit</strong></span> <span class='ocrx_word' id='word_1_718' title='bbox 2318 4423 2560 4465; x_wconf 89' lang='lat' dir='ltr'><strong>naturam</strong></span> <span class='ocrx_word' id='word_1_719' title='bbox 2596 4411 2904 4471; x_wconf 86' lang='lat' dir='ltr'><strong>humanam,</strong></span> <span class='ocrx_word' id='word_1_720' title='bbox 2961 4418 3015 4463; x_wconf 88' lang='lat' dir='ltr'><strong>et</strong></span> <span class='ocrx_word' id='word_1_721' title='bbox 3042 4412 3285 4463; x_wconf 79' lang='lat' dir='ltr'><strong>eamdem</strong></span> <span class='ocrx_word' id='word_1_722' title='bbox 3333 4425 3421 4462; x_wconf 85' lang='lat' dir='ltr'><strong>es-</strong></span> 
     </span>
    </p>
   </div>
   <div class='ocr_carea' id='block_1_92' title="bbox 168 4500 1742 4595">
    <p class='ocr_par' dir='ltr' id='par_1_92' title="bbox 168 4516 1742 4595">
     <span class='ocr_line' id='line_1_92' title="bbox 168 4516 1742 4595; baseline -0.006 -18"><span class='ocrx_word' id='word_1_723' title='bbox 168 4525 453 4595; x_wconf 83' lang='grc' dir='ltr'>ἄνθρωπος</span> <span class='ocrx_word' id='word_1_724' title='bbox 478 4540 491 4554; x_wconf 73' lang='grc' dir='ltr'><strong>ο</strong></span> <span class='ocrx_word' id='word_1_725' title='bbox 540 4521 830 4592; x_wconf 41' lang='grc' dir='ltr'>όμοούσιος,</span> <span class='ocrx_word' id='word_1_726' title='bbox 866 4521 923 4573; x_wconf 82' lang='grc' dir='ltr'>δὲ</span> <span class='ocrx_word' id='word_1_727' title='bbox 973 4518 1299 4591; x_wconf 87' lang='grc' dir='ltr'>μεμενηκὼς</span> <span class='ocrx_word' id='word_1_728' title='bbox 1350 4520 1444 4571; x_wconf 75' lang='grc' dir='ltr'>καὶ</span> <span class='ocrx_word' id='word_1_729' title='bbox 1481 4518 1630 4587; x_wconf 80' lang='grc' dir='ltr'>αὐτῷ</span> <span class='ocrx_word' id='word_1_730' title='bbox 1671 4516 1742 4585; x_wconf 81' lang='grc' dir='ltr'>τῷ</span> 
     </span>
    </p>
   </div>
   <div class='ocr_carea' id='block_1_93' title="bbox 1846 4500 3416 4595">
    <p class='ocr_par' dir='ltr' id='par_1_93' title="bbox 1854 4500 3416 4567">
     <span class='ocr_line' id='line_1_93' title="bbox 1854 4500 3416 4567; baseline -0.006 -4"><span class='ocrx_word' id='word_1_731' title='bbox 1854 4509 2078 4563; x_wconf 89' lang='lat' dir='ltr'><strong>sentiam</strong></span> <span class='ocrx_word' id='word_1_732' title='bbox 2111 4506 2315 4559; x_wconf 88' lang='lat' dir='ltr'><strong>habens</strong></span> <span class='ocrx_word' id='word_1_733' title='bbox 2340 4520 2459 4557; x_wconf 89' lang='lat' dir='ltr'><strong>cum</strong></span> <span class='ocrx_word' id='word_1_734' title='bbox 2486 4502 2645 4555; x_wconf 86' lang='lat' dir='ltr'><strong>Patre</strong></span> <span class='ocrx_word' id='word_1_735' title='bbox 2673 4502 2759 4567; x_wconf 86' lang='lat' dir='ltr'><strong>qui</strong></span> <span class='ocrx_word' id='word_1_736' title='bbox 2787 4508 2871 4553; x_wconf 87' lang='lat' dir='ltr'><strong>est</strong></span> <span class='ocrx_word' id='word_1_737' title='bbox 2932 4501 2982 4552; x_wconf 92' lang='lat' dir='ltr'><strong>in</strong></span> <span class='ocrx_word' id='word_1_738' title='bbox 3019 4502 3169 4553; x_wconf 73' lang='lat' dir='ltr'><strong>ccelis</strong></span> <span class='ocrx_word' id='word_1_739' title='bbox 3199 4516 3261 4554; x_wconf 85' lang='lat' dir='ltr'><strong>ac</strong></span> <span class='ocrx_word' id='word_1_740' title='bbox 3291 4500 3416 4563; x_wconf 86' lang='lat' dir='ltr'><strong>Deo,</strong></span> 
     </span>
    </p>
   </div>
   <div class='ocr_carea' id='block_1_94' title="bbox 167 4605 1750 4683">
    <p class='ocr_par' dir='ltr' id='par_1_94' title="bbox 167 4605 1750 4683">
     <span class='ocr_line' id='line_1_94' title="bbox 167 4605 1750 4683; baseline -0.004 -17"><span class='ocrx_word' id='word_1_741' title='bbox 167 4616 281 4683; x_wconf 86' lang='grc' dir='ltr'>Θεῷ</span> <span class='ocrx_word' id='word_1_742' title='bbox 332 4617 429 4669; x_wconf 75' lang='grc' dir='ltr'>καὶ</span> <span class='ocrx_word' id='word_1_743' title='bbox 466 4614 661 4683; x_wconf 81' lang='grc' dir='ltr'>Πατρὶ,</span> <span class='ocrx_word' id='word_1_744' title='bbox 712 4611 846 4665; x_wconf 84' lang='grc' dir='ltr'>καθὸ</span> <span class='ocrx_word' id='word_1_745' title='bbox 890 4610 983 4663; x_wconf 71' lang='grc' dir='ltr'>καὶ</span> <span class='ocrx_word' id='word_1_746' title='bbox 1025 4613 1242 4673; x_wconf 87' lang='grc' dir='ltr'>νοεῖται,</span> <span class='ocrx_word' id='word_1_747' title='bbox 1287 4610 1381 4663; x_wconf 63' lang='grc' dir='ltr'>καὶ</span> <span class='ocrx_word' id='word_1_748' title='bbox 1416 4605 1483 4680; x_wconf 80' lang='grc' dir='ltr'><strong>ἦν</strong></span> <span class='ocrx_word' id='word_1_749' title='bbox 1530 4627 1612 4671; x_wconf 86' lang='grc' dir='ltr'><strong>τε,</strong></span> <span class='ocrx_word' id='word_1_750' title='bbox 1656 4608 1750 4661; x_wconf 79' lang='grc' dir='ltr'>καὶ</span> 
     </span>
    </p>
   </div>
   <div class='ocr_carea' id='block_1_95' title="bbox 168 4697 1750 4775">
    <p class='ocr_par' dir='ltr' id='par_1_95' title="bbox 168 4697 1750 4775">
     <span class='ocr_line' id='line_1_95' title="bbox 168 4697 1750 4775; baseline -0.006 -16"><span class='ocrx_word' id='word_1_751' title='bbox 168 4708 277 4761; x_wconf 76' lang='grc' dir='ltr'>ἐστι</span> <span class='ocrx_word' id='word_1_752' title='bbox 310 4707 484 4769; x_wconf 81' lang='grc' dir='ltr'>Θεός;</span> <span class='ocrx_word' id='word_1_753' title='bbox 519 4705 633 4757; x_wconf 77' lang='grc' dir='ltr'>ἐστι</span> <span class='ocrx_word' id='word_1_754' title='bbox 661 4707 789 4775; x_wconf 80' lang='grc' dir='ltr'>γὰρ,</span> <span class='ocrx_word' id='word_1_755' title='bbox 822 4703 1007 4755; x_wconf 86' lang='grc' dir='ltr'>Ἔστιν</span> <span class='ocrx_word' id='word_1_756' title='bbox 1034 4701 1062 4753; x_wconf 81' lang='grc' dir='ltr'>ὃ</span> <span class='ocrx_word' id='word_1_757' title='bbox 1096 4697 1185 4771; x_wconf 84' lang='grc' dir='ltr'><strong>ἦν,</strong></span> <span class='ocrx_word' id='word_1_758' title='bbox 1214 4698 1661 4770; x_wconf 68' lang='grc' dir='ltr'>καὶιπροσλαϐὼν</span> <span class='ocrx_word' id='word_1_759' title='bbox 1690 4698 1750 4750; x_wconf 85' lang='grc' dir='ltr'><strong>τὸ</strong></span> 
     </span>
    </p>
   </div>
   <div class='ocr_carea' id='block_1_96' title="bbox 168 4790 1749 4870">
    <p class='ocr_par' dir='ltr' id='par_1_96' title="bbox 168 4790 1749 4870">
     <span class='ocr_line' id='line_1_96' title="bbox 168 4790 1749 4870; baseline -0.008 -17"><span class='ocrx_word' id='word_1_760' title='bbox 168 4799 546 4870; x_wconf 83' lang='grc' dir='ltr'>ἀνθρώπινον,</span> <span class='ocrx_word' id='word_1_761' title='bbox 601 4797 737 4866; x_wconf 79' lang='grc' dir='ltr'>ἒχων</span> <span class='ocrx_word' id='word_1_762' title='bbox 800 4794 857 4845; x_wconf 80' lang='grc' dir='ltr'>δὲ</span> <span class='ocrx_word' id='word_1_763' title='bbox 909 4794 1007 4862; x_wconf 86' lang='grc' dir='ltr'><strong>τὴν</strong></span> <span class='ocrx_word' id='word_1_764' title='bbox 1062 4793 1363 4861; x_wconf 86' lang='grc' dir='ltr'>ταυτότητα</span> <span class='ocrx_word' id='word_1_765' title='bbox 1417 4790 1514 4860; x_wconf 76' lang='grc' dir='ltr'>τῆς</span> <span class='ocrx_word' id='word_1_766' title='bbox 1562 4790 1749 4850; x_wconf 82' lang='grc' dir='ltr'>οὐσίας</span> 
     </span>
    </p>
   </div>
   <div class='ocr_carea' id='block_1_97' title="bbox 169 4879 1747 4963">
    <p class='ocr_par' dir='ltr' id='par_1_97' title="bbox 169 4879 1747 4963">
     <span class='ocr_line' id='line_1_97' title="bbox 169 4879 1747 4963; baseline -0.009 -19"><span class='ocrx_word' id='word_1_767' title='bbox 169 4892 302 4963; x_wconf 88' lang='grc' dir='ltr'>πρὸς</span> <span class='ocrx_word' id='word_1_768' title='bbox 338 4891 434 4943; x_wconf 86' lang='grc' dir='ltr'><strong>τὸν</strong></span> <span class='ocrx_word' id='word_1_769' title='bbox 468 4891 528 4941; x_wconf 79' lang='grc' dir='ltr'>ὲν</span> <span class='ocrx_word' id='word_1_770' title='bbox 571 4890 682 4949; x_wconf 84' lang='grc' dir='ltr'>τοῖς</span> <span class='ocrx_word' id='word_1_771' title='bbox 708 4886 949 4956; x_wconf 74' lang='grc' dir='ltr'>οὐρανοῖς</span> <span class='ocrx_word' id='word_1_772' title='bbox 991 4884 1208 4953; x_wconf 87' lang='grc' dir='ltr'>Πατέρα</span> <span class='ocrx_word' id='word_1_773' title='bbox 1240 4884 1333 4934; x_wconf 75' lang='grc' dir='ltr'>καὶ</span> <span class='ocrx_word' id='word_1_774' title='bbox 1363 4881 1513 4941; x_wconf 91' lang='grc' dir='ltr'>Θεὸν,</span> <span class='ocrx_word' id='word_1_775' title='bbox 1549 4879 1747 4931; x_wconf 75' lang='grc' dir='ltr'>ἐπελὰ-</span> 
     </span>
    </p>
   </div>
   <div class='ocr_carea' id='block_1_98' title="bbox 169 4972 1745 5050">
    <p class='ocr_par' dir='ltr' id='par_1_98' title="bbox 169 4972 1745 5050">
     <span class='ocr_line' id='line_1_98' title="bbox 169 4972 1745 5050; baseline -0.008 -17"><span class='ocrx_word' id='word_1_776' title='bbox 169 4983 287 5035; x_wconf 77' lang='grc' dir='ltr'>6ετο</span> <span class='ocrx_word' id='word_1_777' title='bbox 320 4980 507 5050; x_wconf 81' lang='grc' dir='ltr'>σοφῶς</span> <span class='ocrx_word' id='word_1_778' title='bbox 538 4980 630 5031; x_wconf 70' lang='grc' dir='ltr'><strong>καὶ</strong></span> <span class='ocrx_word' id='word_1_779' title='bbox 664 4979 763 5047; x_wconf 81' lang='grc' dir='ltr'>τῆς</span> <span class='ocrx_word' id='word_1_780' title='bbox 794 4978 927 5047; x_wconf 85' lang='grc' dir='ltr'>πρὸς</span> <span class='ocrx_word' id='word_1_781' title='bbox 956 4978 1100 5045; x_wconf 78' lang='grc' dir='ltr'>ἡμᾶς</span> <span class='ocrx_word' id='word_1_782' title='bbox 1133 4973 1447 5043; x_wconf 85' lang='grc' dir='ltr'>ὁμοιότητος</span> <span class='ocrx_word' id='word_1_783' title='bbox 1468 4991 1479 5003; x_wconf 88' lang='grc'><strong>·</strong></span> <span class='ocrx_word' id='word_1_784' title='bbox 1512 4972 1745 5024; x_wconf 86' lang='grc' dir='ltr'>τέθειται</span> 
     </span>
    </p>
   </div>
   <div class='ocr_carea' id='block_1_99' title="bbox 168 5065 1745 5143">
    <p class='ocr_par' dir='ltr' id='par_1_99' title="bbox 168 5065 1745 5143">
     <span class='ocr_line' id='line_1_99' title="bbox 168 5065 1745 5143; baseline -0.01 -15"><span class='ocrx_word' id='word_1_785' title='bbox 168 5076 220 5128; x_wconf 81' lang='grc' dir='ltr'>δὲ</span> <span class='ocrx_word' id='word_1_786' title='bbox 246 5076 337 5128; x_wconf 69' lang='grc' dir='ltr'><strong>καὶ</strong></span> <span class='ocrx_word' id='word_1_787' title='bbox 370 5072 624 5143; x_wconf 87' lang='grc' dir='ltr'>μεσίτης,</span> <span class='ocrx_word' id='word_1_788' title='bbox 656 5070 885 5123; x_wconf 86' lang='grc' dir='ltr'>συνδέων</span> <span class='ocrx_word' id='word_1_789' title='bbox 907 5069 971 5120; x_wconf 78' lang='grc' dir='ltr'>δι’</span> <span class='ocrx_word' id='word_1_790' title='bbox 992 5066 1184 5119; x_wconf 76' lang='grc' dir='ltr'>ἑαυτοῦ</span> <span class='ocrx_word' id='word_1_791' title='bbox 1212 5066 1347 5135; x_wconf 85' lang='grc' dir='ltr'>πρὸς</span> <span class='ocrx_word' id='word_1_792' title='bbox 1373 5065 1599 5133; x_wconf 80' lang='grc' dir='ltr'>ἑνότητα</span> <span class='ocrx_word' id='word_1_793' title='bbox 1625 5079 1745 5131; x_wconf 87' lang='grc' dir='ltr'>σχε-</span> 
     </span>
    </p>
   </div>
   <div class='ocr_carea' id='block_1_100' title="bbox 169 5151 1747 5236">
    <p class='ocr_par' dir='ltr' id='par_1_100' title="bbox 169 5151 1747 5236">
     <span class='ocr_line' id='line_1_100' title="bbox 169 5151 1747 5236; baseline -0.011 -17"><span class='ocrx_word' id='word_1_794' title='bbox 169 5167 321 5236; x_wconf 78' lang='grc' dir='ltr'>τικὴν</span> <span class='ocrx_word' id='word_1_795' title='bbox 371 5165 442 5216; x_wconf 80' lang='grc' dir='ltr'>τὰ</span> <span class='ocrx_word' id='word_1_796' title='bbox 479 5166 593 5224; x_wconf 88' lang='grc' dir='ltr'>τοῖς</span> <span class='ocrx_word' id='word_1_797' title='bbox 631 5162 731 5230; x_wconf 81' lang='grc' dir='ltr'>τῆς</span> <span class='ocrx_word' id='word_1_798' title='bbox 765 5159 978 5228; x_wconf 86' lang='grc' dir='ltr'>φύσεως</span> <span class='ocrx_word' id='word_1_799' title='bbox 1023 5158 1201 5223; x_wconf 86' lang='grc' dir='ltr'>λόγοις</span> <span class='ocrx_word' id='word_1_800' title='bbox 1250 5155 1554 5224; x_wconf 81' lang='grc' dir='ltr'>ὁλοτρόπως</span> <span class='ocrx_word' id='word_1_801' title='bbox 1586 5151 1747 5221; x_wconf 83' lang='grc' dir='ltr'>ἀλλή-</span> 
     </span>
    </p>
   </div>
   <div class='ocr_carea' id='block_1_101' title="bbox 172 5243 1745 5326">
    <p class='ocr_par' dir='ltr' id='par_1_101' title="bbox 172 5243 1745 5326">
     <span class='ocr_line' id='line_1_101' title="bbox 172 5243 1745 5326; baseline -0.008 -18"><span class='ocrx_word' id='word_1_802' title='bbox 172 5256 273 5308; x_wconf 84' lang='grc' dir='ltr'><strong>λων</strong></span> <span class='ocrx_word' id='word_1_803' title='bbox 310 5250 641 5326; x_wconf 79' lang='grc' dir='ltr'>διῃρημένα.</span> <span class='ocrx_word' id='word_1_804' title='bbox 683 5250 875 5313; x_wconf 85' lang='grc' dir='ltr'>Γέγονε</span> <span class='ocrx_word' id='word_1_805' title='bbox 924 5249 1049 5316; x_wconf 85' lang='grc' dir='ltr'>γὰρ,</span> <span class='ocrx_word' id='word_1_806' title='bbox 1090 5247 1219 5307; x_wconf 82' lang='grc' dir='ltr'>Θεὸς</span> <span class='ocrx_word' id='word_1_807' title='bbox 1251 5245 1325 5296; x_wconf 84' lang='grc' dir='ltr'>ὢν</span> <span class='ocrx_word' id='word_1_808' title='bbox 1372 5244 1553 5313; x_wconf 80' lang='grc' dir='ltr'>φύσει,</span> <span class='ocrx_word' id='word_1_809' title='bbox 1607 5243 1745 5295; x_wconf 83' lang='grc' dir='ltr'>κατὰ</span> 
     </span>
    </p>
   </div>
   <div class='ocr_carea' id='block_1_102' title="bbox 173 5336 1747 5418">
    <p class='ocr_par' dir='ltr' id='par_1_102' title="bbox 173 5336 1747 5418">
     <span class='ocr_line' id='line_1_102' title="bbox 173 5336 1747 5418; baseline -0.011 -17"><span class='ocrx_word' id='word_1_810' title='bbox 173 5349 429 5418; x_wconf 83' lang='grc' dir='ltr'>ἀλήθειαν</span> <span class='ocrx_word' id='word_1_811' title='bbox 492 5344 795 5413; x_wconf 83' lang='grc' dir='ltr'>ἄνθρωπος,</span> <span class='ocrx_word' id='word_1_812' title='bbox 846 5341 931 5391; x_wconf 84' lang='grc' dir='ltr'>ἴνα</span> <span class='ocrx_word' id='word_1_813' title='bbox 978 5342 1067 5391; x_wconf 69' lang='grc' dir='ltr'>καὶ</span> <span class='ocrx_word' id='word_1_814' title='bbox 1116 5341 1274 5408; x_wconf 76' lang='grc' dir='ltr'>ἡμεῖς</span> <span class='ocrx_word' id='word_1_815' title='bbox 1320 5336 1747 5406; x_wconf 83' lang='grc' dir='ltr'>χρηματίσωμεν</span> 
     </span>
    </p>
   </div>
   <div class='ocr_carea' id='block_1_103' title="bbox 172 5422 1747 5504">
    <p class='ocr_par' dir='ltr' id='par_1_103' title="bbox 172 5422 1747 5504">
     <span class='ocr_line' id='line_1_103' title="bbox 172 5422 1747 5504; baseline -0.011 -15"><span class='ocrx_word' id='word_1_816' title='bbox 172 5441 344 5504; x_wconf 82' lang='grc' dir='ltr'>γένος,</span> <span class='ocrx_word' id='word_1_817' title='bbox 375 5432 564 5486; x_wconf 73' lang='grc' dir='ltr'>οὐκέτι</span> <span class='ocrx_word' id='word_1_818' title='bbox 586 5430 676 5482; x_wconf 87' lang='grc' dir='ltr'><strong>τοῦ</strong></span> <span class='ocrx_word' id='word_1_819' title='bbox 706 5430 940 5498; x_wconf 82' lang='grc' dir='ltr'>πρώτου,</span> <span class='ocrx_word' id='word_1_820' title='bbox 970 5428 1235 5491; x_wconf 80' lang='grc' dir='ltr'>τουτέστι,</span> <span class='ocrx_word' id='word_1_821' title='bbox 1259 5426 1352 5478; x_wconf 88' lang='grc' dir='ltr'><strong>τοῦ</strong></span> <span class='ocrx_word' id='word_1_822' title='bbox 1383 5423 1584 5494; x_wconf 84' lang='grc' dir='ltr'>χοϊκοῦ,</span> <span class='ocrx_word' id='word_1_823' title='bbox 1613 5422 1747 5491; x_wconf 87' lang='grc' dir='ltr'>πρὸς</span> 
     </span>
    </p>
   </div>
   <div class='ocr_carea' id='block_1_104' title="bbox 172 5514 1744 5595">
    <p class='ocr_par' dir='ltr' id='par_1_104' title="bbox 172 5514 1744 5595">
     <span class='ocr_line' id='line_1_104' title="bbox 172 5514 1744 5595; baseline -0.009 -17"><span class='ocrx_word' id='word_1_824' title='bbox 172 5528 227 5578; x_wconf 86' lang='grc' dir='ltr'><strong>ὃν</strong></span> <span class='ocrx_word' id='word_1_825' title='bbox 254 5529 470 5595; x_wconf 83' lang='grc' dir='ltr'>εἴρηται</span> <span class='ocrx_word' id='word_1_826' title='bbox 525 5522 673 5591; x_wconf 82' lang='grc' dir='ltr'>παρὰ</span> <span class='ocrx_word' id='word_1_827' title='bbox 722 5520 877 5584; x_wconf 84' lang='grc' dir='ltr'>Θεοῦ,</span> <span class='ocrx_word' id='word_1_828' title='bbox 930 5540 945 5568; x_wconf 86' lang='grc' dir='ltr'><strong>ι</strong></span> <span class='ocrx_word' id='word_1_829' title='bbox 988 5519 1063 5587; x_wconf 81' lang='grc' dir='ltr'><strong>Γῆ</strong></span> <span class='ocrx_word' id='word_1_830' title='bbox 1092 5518 1162 5583; x_wconf 89' lang='grc' dir='ltr'><strong>εἷ,</strong></span> <span class='ocrx_word' id='word_1_831' title='bbox 1221 5535 1311 5569; x_wconf 85' lang='grc' dir='ltr'><strong>και</strong></span> <span class='ocrx_word' id='word_1_832' title='bbox 1357 5518 1436 5577; x_wconf 83' lang='grc' dir='ltr'><strong>εἰς</strong></span> <span class='ocrx_word' id='word_1_833' title='bbox 1483 5516 1584 5585; x_wconf 77' lang='grc' dir='ltr'>γῆν</span> <span class='ocrx_word' id='word_1_834' title='bbox 1637 5514 1744 5565; x_wconf 86' lang='grc' dir='ltr'><strong>ἁπ-</strong></span> 
     </span>
    </p>
   </div>
   <div class='ocr_carea' id='block_1_105' title="bbox 175 5602 1744 5686">
    <p class='ocr_par' dir='ltr' id='par_1_105' title="bbox 175 5602 1744 5686">
     <span class='ocr_line' id='line_1_105' title="bbox 175 5602 1744 5686; baseline -0.008 -18"><span class='ocrx_word' id='word_1_835' title='bbox 175 5616 384 5686; x_wconf 78' lang='grc' dir='ltr'>ελεύση,</span> <span class='ocrx_word' id='word_1_836' title='bbox 408 5636 425 5665; x_wconf 77' lang='grc' dir='ltr'><strong>ι</strong></span> <span class='ocrx_word' id='word_1_837' title='bbox 448 5612 546 5666; x_wconf 82' lang='grc' dir='ltr'><strong>τοῦ</strong></span> <span class='ocrx_word' id='word_1_838' title='bbox 579 5612 669 5664; x_wconf 73' lang='grc' dir='ltr'><strong>καὶ</strong></span> <span class='ocrx_word' id='word_1_839' title='bbox 714 5612 790 5674; x_wconf 86' lang='grc' dir='ltr'><strong>είς</strong></span> <span class='ocrx_word' id='word_1_840' title='bbox 836 5609 1061 5662; x_wconf 72' lang='grc' dir='ltr'>θάνατον</span> <span class='ocrx_word' id='word_1_841' title='bbox 1092 5606 1574 5677; x_wconf 82' lang='grc' dir='ltr'>παραπέμποντος·</span> <span class='ocrx_word' id='word_1_842' title='bbox 1608 5602 1744 5657; x_wconf 78' lang='grc' dir='ltr'>ἀλλὰ</span> 
     </span>
    </p>
   </div>
   <div class='ocr_carea' id='block_1_106' title="bbox 1853 4591 3422 4663">
    <p class='ocr_par' dir='ltr' id='par_1_106' title="bbox 1853 4591 3422 4663">
     <span class='ocr_line' id='line_1_106' title="bbox 1853 4591 3422 4663; baseline -0.005 -14"><span class='ocrx_word' id='word_1_843' title='bbox 1853 4595 2086 4663; x_wconf 85' lang='lat' dir='ltr'><strong>suscepit</strong></span> <span class='ocrx_word' id='word_1_844' title='bbox 2116 4594 2342 4662; x_wconf 88' lang='lat' dir='ltr'><strong>sapienti</strong></span> <span class='ocrx_word' id='word_1_845' title='bbox 2370 4591 2594 4644; x_wconf 86' lang='lat' dir='ltr'><strong>consilio</strong></span> <span class='ocrx_word' id='word_1_846' title='bbox 2626 4600 2862 4643; x_wconf 89' lang='lat' dir='ltr'><strong>nostram</strong></span> <span class='ocrx_word' id='word_1_847' title='bbox 2898 4603 3111 4657; x_wconf 89' lang='lat' dir='ltr'><strong>quoque</strong></span> <span class='ocrx_word' id='word_1_848' title='bbox 3169 4591 3422 4644; x_wconf 89' lang='lat' dir='ltr'><strong>similitu-</strong></span> 
     </span>
    </p>
   </div>
   <div class='ocr_carea' id='block_1_107' title="bbox 1853 4682 3420 4752">
    <p class='ocr_par' dir='ltr' id='par_1_107' title="bbox 1853 4682 3420 4752">
     <span class='ocr_line' id='line_1_107' title="bbox 1853 4682 3420 4752; baseline -0.004 -12"><span class='ocrx_word' id='word_1_849' title='bbox 1853 4690 2050 4740; x_wconf 87' lang='lat' dir='ltr'><strong>dinem.</strong></span> <span class='ocrx_word' id='word_1_850' title='bbox 2079 4684 2207 4752; x_wconf 88' lang='lat' dir='ltr'><strong>quin</strong></span> <span class='ocrx_word' id='word_1_851' title='bbox 2231 4686 2393 4737; x_wconf 88' lang='lat' dir='ltr'><strong>etiam</strong></span> <span class='ocrx_word' id='word_1_852' title='bbox 2448 4682 2653 4750; x_wconf 86' lang='lat' dir='ltr'><strong>positus</strong></span> <span class='ocrx_word' id='word_1_853' title='bbox 2713 4689 2796 4734; x_wconf 89' lang='lat' dir='ltr'><strong>est</strong></span> <span class='ocrx_word' id='word_1_854' title='bbox 2843 4682 3127 4744; x_wconf 85' lang='lat' dir='ltr'><strong>mediator,</strong></span> <span class='ocrx_word' id='word_1_855' title='bbox 3179 4684 3266 4749; x_wconf 91' lang='lat' dir='ltr'><strong>qui</strong></span> <span class='ocrx_word' id='word_1_856' title='bbox 3322 4699 3420 4752; x_wconf 85' lang='lat' dir='ltr'><strong>per</strong></span> 
     </span>
    </p>
   </div>
   <div class='ocr_carea' id='block_1_108' title="bbox 1852 4772 3418 4844">
    <p class='ocr_par' dir='ltr' id='par_1_108' title="bbox 1852 4772 3418 4844">
     <span class='ocr_line' id='line_1_108' title="bbox 1852 4772 3418 4844; baseline -0.003 -13"><span class='ocrx_word' id='word_1_857' title='bbox 1852 4780 2085 4844; x_wconf 85' lang='lat' dir='ltr'><strong>seipsum</strong></span> <span class='ocrx_word' id='word_1_858' title='bbox 2113 4779 2177 4829; x_wconf 90' lang='lat' dir='ltr'><strong>ad</strong></span> <span class='ocrx_word' id='word_1_859' title='bbox 2216 4774 2566 4843; x_wconf 87' lang='lat' dir='ltr'><strong>respectivam</strong></span> <span class='ocrx_word' id='word_1_860' title='bbox 2605 4772 2862 4823; x_wconf 85' lang='lat' dir='ltr'><strong>unitatem</strong></span> <span class='ocrx_word' id='word_1_861' title='bbox 2896 4772 3173 4838; x_wconf 81' lang='lat' dir='ltr'><strong>colligaret</strong></span> <span class='ocrx_word' id='word_1_862' title='bbox 3199 4788 3263 4826; x_wconf 88' lang='lat' dir='ltr'><strong>ea</strong></span> <span class='ocrx_word' id='word_1_863' title='bbox 3294 4790 3418 4842; x_wconf 68' lang='lat' dir='ltr'><strong>quae</strong></span> 
     </span>
    </p>
   </div>
   <div class='ocr_carea' id='block_1_109' title="bbox 1852 4866 3413 4935">
    <p class='ocr_par' dir='ltr' id='par_1_109' title="bbox 1852 4866 3413 4935">
     <span class='ocr_line' id='line_1_109' title="bbox 1852 4866 3413 4935; baseline -0.001 -12"><span class='ocrx_word' id='word_1_864' title='bbox 1852 4880 2056 4923; x_wconf 64' lang='lat' dir='ltr'><strong>natura!</strong></span> <span class='ocrx_word' id='word_1_865' title='bbox 2098 4868 2391 4920; x_wconf 84' lang='lat' dir='ltr'><strong>rationibus</strong></span> <span class='ocrx_word' id='word_1_866' title='bbox 2417 4866 2628 4935; x_wconf 87' lang='lat' dir='ltr'><strong>penitus</strong></span> <span class='ocrx_word' id='word_1_867' title='bbox 2652 4874 2803 4917; x_wconf 85' lang='lat' dir='ltr'><strong>erant</strong></span> <span class='ocrx_word' id='word_1_868' title='bbox 2831 4866 2968 4917; x_wconf 92' lang='lat' dir='ltr'><strong>inter</strong></span> <span class='ocrx_word' id='word_1_869' title='bbox 3009 4879 3065 4917; x_wconf 90' lang='lat' dir='ltr'><strong>se</strong></span> <span class='ocrx_word' id='word_1_870' title='bbox 3128 4867 3413 4935; x_wconf 84' lang='lat' dir='ltr'><strong>disjuncta.</strong></span> 
     </span>
    </p>
   </div>
   <div class='ocr_carea' id='block_1_110' title="bbox 1855 4954 3419 5028">
    <p class='ocr_par' dir='ltr' id='par_1_110' title="bbox 1855 4954 3419 5028">
     <span class='ocr_line' id='line_1_110' title="bbox 1855 4954 3419 5028; baseline -0.001 -15"><span class='ocrx_word' id='word_1_871' title='bbox 1855 4960 1987 5013; x_wconf 85' lang='lat' dir='ltr'><strong>Nam</strong></span> <span class='ocrx_word' id='word_1_872' title='bbox 2013 4960 2102 5028; x_wconf 89' lang='lat' dir='ltr'><strong>qui</strong></span> <span class='ocrx_word' id='word_1_873' title='bbox 2137 4961 2272 5013; x_wconf 89' lang='lat' dir='ltr'><strong>Deus</strong></span> <span class='ocrx_word' id='word_1_874' title='bbox 2296 4968 2414 5012; x_wconf 89' lang='lat' dir='ltr'><strong>erat</strong></span> <span class='ocrx_word' id='word_1_875' title='bbox 2441 4972 2505 5010; x_wconf 78' lang='lat' dir='ltr'><strong>ex</strong></span> <span class='ocrx_word' id='word_1_876' title='bbox 2541 4966 2750 5018; x_wconf 88' lang='lat' dir='ltr'><strong>natura,</strong></span> <span class='ocrx_word' id='word_1_877' title='bbox 2785 4954 2957 5008; x_wconf 80' lang='lat' dir='ltr'><strong>factus</strong></span> <span class='ocrx_word' id='word_1_878' title='bbox 3008 4969 3089 5009; x_wconf 74' lang='grc' dir='ltr'><strong>εει</strong></span> <span class='ocrx_word' id='word_1_879' title='bbox 3124 4957 3283 5010; x_wconf 88' lang='lat' dir='ltr'><strong>homo</strong></span> <span class='ocrx_word' id='word_1_880' title='bbox 3331 4974 3419 5012; x_wconf 87' lang='lat' dir='ltr'><strong>se-</strong></span> 
     </span>
    </p>
   </div>
   <div class='ocr_carea' id='block_1_111' title="bbox 1855 5048 3417 5122">
    <p class='ocr_par' dir='ltr' id='par_1_111' title="bbox 1855 5048 3417 5122">
     <span class='ocr_line' id='line_1_111' title="bbox 1855 5048 3417 5122; baseline -0.003 -16"><span class='ocrx_word' id='word_1_881' title='bbox 1855 5052 2085 5107; x_wconf 89' lang='lat' dir='ltr'><strong>cundum</strong></span> <span class='ocrx_word' id='word_1_882' title='bbox 2121 5052 2424 5112; x_wconf 87' lang='lat' dir='ltr'><strong>veritatem,</strong></span> <span class='ocrx_word' id='word_1_883' title='bbox 2452 5058 2510 5101; x_wconf 92' lang='lat' dir='ltr'><strong>ut</strong></span> <span class='ocrx_word' id='word_1_884' title='bbox 2534 5061 2627 5100; x_wconf 84' lang='lat' dir='ltr'><strong>uos</strong></span> <span class='ocrx_word' id='word_1_885' title='bbox 2662 5062 2876 5115; x_wconf 91' lang='lat' dir='ltr'><strong>quoque</strong></span> <span class='ocrx_word' id='word_1_886' title='bbox 2905 5048 3073 5100; x_wconf 89' lang='lat' dir='ltr'><strong>simus</strong></span> <span class='ocrx_word' id='word_1_887' title='bbox 3119 5062 3285 5117; x_wconf 84' lang='lat' dir='ltr'><strong>genus</strong></span> <span class='ocrx_word' id='word_1_888' title='bbox 3312 5066 3417 5122; x_wconf 85' lang='lat' dir='ltr'><strong>non</strong></span> 
     </span>
    </p>
   </div>
   <div class='ocr_carea' id='block_1_112' title="bbox 1840 5140 3415 5211">
    <p class='ocr_par' dir='ltr' id='par_1_112' title="bbox 1840 5140 3415 5211">
     <span class='ocr_line' id='line_1_112' title="bbox 1840 5140 3415 5211; baseline -0.002 -15"><span class='ocrx_word' id='word_1_889' title='bbox 1840 5144 1953 5211; x_wconf 85' lang='lat' dir='ltr'><strong>jam</strong></span> <span class='ocrx_word' id='word_1_890' title='bbox 1991 5144 2131 5196; x_wconf 90' lang='lat' dir='ltr'><strong>illius</strong></span> <span class='ocrx_word' id='word_1_891' title='bbox 2156 5142 2338 5211; x_wconf 89' lang='lat' dir='ltr'><strong>primi,</strong></span> <span class='ocrx_word' id='word_1_892' title='bbox 2369 5143 2468 5193; x_wconf 90' lang='lat' dir='ltr'><strong>hoc</strong></span> <span class='ocrx_word' id='word_1_893' title='bbox 2518 5148 2621 5203; x_wconf 90' lang='lat' dir='ltr'><strong>est,</strong></span> <span class='ocrx_word' id='word_1_894' title='bbox 2660 5140 2878 5202; x_wconf 84' lang='lat' dir='ltr'><strong>terreni,</strong></span> <span class='ocrx_word' id='word_1_895' title='bbox 2938 5141 3001 5191; x_wconf 91' lang='lat' dir='ltr'><strong>ad</strong></span> <span class='ocrx_word' id='word_1_896' title='bbox 3031 5155 3187 5207; x_wconf 90' lang='lat' dir='ltr'><strong>quem</strong></span> <span class='ocrx_word' id='word_1_897' title='bbox 3214 5141 3415 5193; x_wconf 84' lang='lat' dir='ltr'><strong>dictum</strong></span> 
     </span>
    </p>
   </div>
   <div class='ocr_carea' id='block_1_113' title="bbox 1848 5230 3413 5300">
    <p class='ocr_par' dir='ltr' id='par_1_113' title="bbox 1848 5230 3413 5300">
     <span class='ocr_line' id='line_1_113' title="bbox 1848 5230 3413 5300; baseline -0.004 -11"><span class='ocrx_word' id='word_1_898' title='bbox 1848 5246 1933 5289; x_wconf 87' lang='lat' dir='ltr'><strong>est</strong></span> <span class='ocrx_word' id='word_1_899' title='bbox 1971 5251 1998 5288; x_wconf 87' lang='lat' dir='ltr'><strong>a</strong></span> <span class='ocrx_word' id='word_1_900' title='bbox 2033 5236 2156 5288; x_wconf 85' lang='lat' dir='ltr'><strong>Deo.</strong></span> <span class='ocrx_word' id='word_1_901' title='bbox 2198 5252 2215 5282; x_wconf 76' lang='grc' dir='ltr'><strong>ι</strong></span> <span class='ocrx_word' id='word_1_902' title='bbox 2284 5231 2451 5285; x_wconf 86' lang='lat' dir='ltr'><strong>Terra</strong></span> <span class='ocrx_word' id='word_1_903' title='bbox 2504 5246 2584 5294; x_wconf 89' lang='lat' dir='ltr'><strong>es,</strong></span> <span class='ocrx_word' id='word_1_904' title='bbox 2609 5243 2662 5285; x_wconf 92' lang='lat' dir='ltr'><strong>et</strong></span> <span class='ocrx_word' id='word_1_905' title='bbox 2717 5234 2767 5286; x_wconf 91' lang='lat' dir='ltr'><strong>in</strong></span> <span class='ocrx_word' id='word_1_906' title='bbox 2814 5241 3017 5283; x_wconf 86' lang='lat' dir='ltr'><strong>terram</strong></span> <span class='ocrx_word' id='word_1_907' title='bbox 3050 5232 3150 5284; x_wconf 88' lang='lat' dir='ltr'><strong>ibis</strong></span> <span class='ocrx_word' id='word_1_908' title='bbox 3171 5230 3239 5297; x_wconf 82' lang='grc'><strong>⁸⁸,</strong></span> <span class='ocrx_word' id='word_1_909' title='bbox 3280 5249 3297 5281; x_wconf 73' lang='grc' dir='ltr'><strong>ι</strong></span> <span class='ocrx_word' id='word_1_910' title='bbox 3325 5232 3413 5300; x_wconf 87' lang='lat' dir='ltr'><strong>qui</strong></span> 
     </span>
    </p>
   </div>
   <div class='ocr_carea' id='block_1_114' title="bbox 1848 5320 3414 5388">
    <p class='ocr_par' dir='ltr' id='par_1_114' title="bbox 1848 5320 3414 5388">
     <span class='ocr_line' id='line_1_114' title="bbox 1848 5320 3414 5388; baseline -0.005 -9"><span class='ocrx_word' id='word_1_911' title='bbox 1848 5327 2011 5380; x_wconf 88' lang='lat' dir='ltr'><strong>etiam</strong></span> <span class='ocrx_word' id='word_1_912' title='bbox 2051 5323 2432 5377; x_wconf 86' lang='lat' dir='ltr'><strong>transmittitin</strong></span> <span class='ocrx_word' id='word_1_913' title='bbox 2466 5332 2725 5385; x_wconf 89' lang='lat' dir='ltr'><strong>mortem;</strong></span> <span class='ocrx_word' id='word_1_914' title='bbox 2767 5322 2859 5375; x_wconf 90' lang='lat' dir='ltr'><strong>sed</strong></span> <span class='ocrx_word' id='word_1_915' title='bbox 2885 5320 3028 5373; x_wconf 89' lang='lat' dir='ltr'><strong>illius</strong></span> <span class='ocrx_word' id='word_1_916' title='bbox 3074 5320 3293 5373; x_wconf 89' lang='lat' dir='ltr'><strong>secundi</strong></span> <span class='ocrx_word' id='word_1_917' title='bbox 3323 5321 3414 5388; x_wconf 92' lang='lat' dir='ltr'><strong>qui</strong></span> 
     </span>
    </p>
   </div>
   <div class='ocr_carea' id='block_1_115' title="bbox 1848 5413 3418 5486">
    <p class='ocr_par' dir='ltr' id='par_1_115' title="bbox 1848 5413 3418 5486">
     <span class='ocr_line' id='line_1_115' title="bbox 1848 5413 3418 5486; baseline -0.004 -14"><span class='ocrx_word' id='word_1_918' title='bbox 1848 5428 1931 5472; x_wconf 90' lang='lat' dir='ltr'><strong>est</strong></span> <span class='ocrx_word' id='word_1_919' title='bbox 1952 5430 2185 5486; x_wconf 89' lang='lat' dir='ltr'><strong>superne</strong></span> <span class='ocrx_word' id='word_1_920' title='bbox 2206 5424 2257 5470; x_wconf 91' lang='lat' dir='ltr'><strong>et</strong></span> <span class='ocrx_word' id='word_1_921' title='bbox 2289 5431 2319 5469; x_wconf 93' lang='lat' dir='ltr'><strong>e</strong></span> <span class='ocrx_word' id='word_1_922' title='bbox 2353 5416 2511 5479; x_wconf 75' lang='lat' dir='ltr'><strong>ccelo,</strong></span> <span class='ocrx_word' id='word_1_923' title='bbox 2538 5414 2766 5477; x_wconf 87' lang='lat' dir='ltr'><strong>Christi,</strong></span> <span class='ocrx_word' id='word_1_924' title='bbox 2806 5414 3048 5480; x_wconf 87' lang='lat' dir='ltr'><strong>inquam,</strong></span> <span class='ocrx_word' id='word_1_925' title='bbox 3086 5413 3175 5480; x_wconf 91' lang='lat' dir='ltr'><strong>qui</strong></span> <span class='ocrx_word' id='word_1_926' title='bbox 3210 5428 3306 5465; x_wconf 90' lang='lat' dir='ltr'><strong>nos</strong></span> <span class='ocrx_word' id='word_1_927' title='bbox 3354 5414 3418 5465; x_wconf 85' lang='lat' dir='ltr'><strong>ad</strong></span> 
     </span>
    </p>
   </div>
   <div class='ocr_carea' id='block_1_116' title="bbox 1852 5504 3419 5569">
    <p class='ocr_par' dir='ltr' id='par_1_116' title="bbox 1852 5504 3419 5569">
     <span class='ocr_line' id='line_1_116' title="bbox 1852 5504 3419 5569; baseline -0.005 -6"><span class='ocrx_word' id='word_1_928' title='bbox 1852 5508 2212 5563; x_wconf 88' lang='lat' dir='ltr'><strong>immortalem</strong></span> <span class='ocrx_word' id='word_1_929' title='bbox 2244 5507 2406 5562; x_wconf 88' lang='lat' dir='ltr'><strong>vitam</strong></span> <span class='ocrx_word' id='word_1_930' title='bbox 2435 5507 2670 5569; x_wconf 78' lang='lat' dir='ltr'><strong>reduxit,</strong></span> <span class='ocrx_word' id='word_1_931' title='bbox 2701 5515 2754 5559; x_wconf 88' lang='lat' dir='ltr'><strong>et</strong></span> <span class='ocrx_word' id='word_1_932' title='bbox 2800 5512 3044 5557; x_wconf 90' lang='lat' dir='ltr'><strong>naturam</strong></span> <span class='ocrx_word' id='word_1_933' title='bbox 3096 5504 3253 5556; x_wconf 89' lang='lat' dir='ltr'><strong>morti</strong></span> <span class='ocrx_word' id='word_1_934' title='bbox 3317 5504 3419 5556; x_wconf 87' lang='lat' dir='ltr'><strong>ob-</strong></span> 
     </span>
    </p>
   </div>
   <div class='ocr_carea' id='block_1_117' title="bbox 1847 5595 3419 5670">
    <p class='ocr_par' dir='ltr' id='par_1_117' title="bbox 1847 5595 3419 5670">
     <span class='ocr_line' id='line_1_117' title="bbox 1847 5595 3419 5670; baseline -0.006 -13"><span class='ocrx_word' id='word_1_935' title='bbox 1847 5602 2085 5665; x_wconf 81' lang='lat' dir='ltr'><strong>noxiam,</strong></span> <span class='ocrx_word' id='word_1_936' title='bbox 2116 5598 2293 5655; x_wconf 71' lang='lat' dir='ltr'><strong>eﬂecit</strong></span> <span class='ocrx_word' id='word_1_937' title='bbox 2326 5599 2803 5670; x_wconf 88' lang='lat' dir='ltr'><strong>incorruptibilem,</strong></span> <span class='ocrx_word' id='word_1_938' title='bbox 2835 5607 2887 5651; x_wconf 92' lang='lat' dir='ltr'><strong>et</strong></span> <span class='ocrx_word' id='word_1_939' title='bbox 2921 5595 3156 5667; x_wconf 83' lang='lat' dir='ltr'><strong>peccatis</strong></span> <span class='ocrx_word' id='word_1_940' title='bbox 3190 5595 3419 5649; x_wconf 66' lang='lat' dir='ltr'><strong>emulvit</strong></span> 
     </span>
    </p>
   </div>
   <div class='ocr_carea' id='block_1_118' title="bbox 203 5768 1742 5855">
    <p class='ocr_par' dir='ltr' id='par_1_118' title="bbox 203 5781 1737 5855">
     <span class='ocr_line' id='line_1_118' title="bbox 203 5781 1737 5855; baseline -0.014 -3"><span class='ocrx_word' id='word_1_941' title='bbox 203 5795 317 5827; x_wconf 71' lang='lat'><strong>&quot;&#39;“</strong></span> <span class='ocrx_word' id='word_1_942' title='bbox 356 5794 516 5850; x_wconf 82' lang='lat' dir='ltr'><strong>Joan.</strong></span> <span class='ocrx_word' id='word_1_943' title='bbox 557 5790 835 5855; x_wconf 66' lang='lat' dir='ltr'><strong>\‘tt,iO-i‘2.</strong></span> <span class='ocrx_word' id='word_1_944' title='bbox 880 5790 921 5819; x_wconf 74' lang='grc'><strong>⁵³</strong></span> <span class='ocrx_word' id='word_1_945' title='bbox 949 5787 985 5841; x_wconf 93' lang='lat' dir='ltr'><strong>ll</strong></span> <span class='ocrx_word' id='word_1_946' title='bbox 1027 5787 1149 5840; x_wconf 78' lang='lat' dir='ltr'><strong>Cor.</strong></span> <span class='ocrx_word' id='word_1_947' title='bbox 1192 5786 1372 5847; x_wconf 54' lang='lat' dir='ltr'><strong>mnf).</strong></span> <span class='ocrx_word' id='word_1_948' title='bbox 1452 5783 1494 5812; x_wconf 49' lang='lat'><strong>5’&quot;</strong></span> <span class='ocrx_word' id='word_1_949' title='bbox 1534 5781 1635 5834; x_wconf 85' lang='lat' dir='ltr'><strong>lsa.</strong></span> <span class='ocrx_word' id='word_1_950' title='bbox 1672 5794 1737 5831; x_wconf 72' lang='grc' dir='ltr'><strong>ιι</strong></span> 
     </span>
    </p>
   </div>
   <div class='ocr_carea' id='block_1_119' title="bbox 1846 5768 3418 5855">
    <p class='ocr_par' dir='ltr' id='par_1_119' title="bbox 1867 5768 3418 5843">
     <span class='ocr_line' id='line_1_119' title="bbox 1867 5768 3418 5843; baseline -0.006 -12"><span class='ocrx_word' id='word_1_951' title='bbox 1867 5796 1879 5843; x_wconf 86' lang='grc'>;</span> <span class='ocrx_word' id='word_1_952' title='bbox 1918 5775 2047 5832; x_wconf 89' lang='lat' dir='ltr'><strong>Luc.</strong></span> <span class='ocrx_word' id='word_1_953' title='bbox 2080 5787 2150 5843; x_wconf 87' lang='lat' dir='ltr'><strong>tv,</strong></span> <span class='ocrx_word' id='word_1_954' title='bbox 2188 5775 2271 5833; x_wconf 82' lang='grc'><strong>19.</strong></span> <span class='ocrx_word' id='word_1_955' title='bbox 2348 5774 2393 5805; x_wconf 86' lang='grc'><strong>⁸⁷</strong></span> <span class='ocrx_word' id='word_1_956' title='bbox 2433 5773 2584 5828; x_wconf 76' lang='lat' dir='ltr'><strong>Juau.</strong></span> <span class='ocrx_word' id='word_1_957' title='bbox 2621 5790 2673 5836; x_wconf 82' lang='lat' dir='ltr'><strong>x,</strong></span> <span class='ocrx_word' id='word_1_958' title='bbox 2708 5773 2889 5826; x_wconf 68' lang='lat' dir='ltr'><strong>Ili-3‘5.</strong></span> <span class='ocrx_word' id='word_1_959' title='bbox 2970 5772 3011 5805; x_wconf 73' lang='grc'><strong>³⁸</strong></span> <span class='ocrx_word' id='word_1_960' title='bbox 3053 5770 3181 5823; x_wconf 84' lang='lat' dir='ltr'><strong>Gen.</strong></span> <span class='ocrx_word' id='word_1_961' title='bbox 3217 5784 3294 5827; x_wconf 81' lang='grc' dir='ltr'>ιιι,</span> <span class='ocrx_word' id='word_1_962' title='bbox 3336 5768 3418 5822; x_wconf 63' lang='lat' dir='ltr'><strong>lt).</strong></span> 
     </span>
    </p>
   </div>
  </div>
