4072 6346
663 386 763 440 145

1657 387 1714 444 S.
1757 386 2022 442 CYRILLI
2059 383 2521 441 ALEXANDRINI
2561 383 2877 440 ARCHIEP.

3776 392 3878 445 144

660 503 861 569 peccati
893 501 1098 568 laqueis
1133 500 1479 569 implicatam.
1503 504 1590 555 Sic
1617 520 1747 560 sane
1787 507 1899 573 ipse
1941 506 2099 561 Pater
2128 506 2203 559 al-

2311 503 2404 555 τοῦ
2436 502 2708 573 δευτέρου,
2757 502 2847 555 τοῦ
2881 504 3087 556 ἄνωθεν
3132 522 3221 557 και
3252 505 3311 570 ἐξ
3340 506 3588 576 οὐρανοῦ,
3632 508 3772 577 φημὶ
3813 510 3877 577 δὴ

659 591 891 661 loquitur
911 590 1100 644 Filium
1128 610 1141 645 :
1167 610 1184 642 ι
1212 593 1345 646 Ecce
1361 595 1478 647 dedi
1499 603 1548 648 te
1566 590 1643 664 [in
1670 595 1840 652 fiedus
1871 597 2132 670 generis,]
2157 599 2206 652 iu

657 681 829 736 lucem
858 683 1114 748 gentium,
1137 687 1444 752 utaperires
1470 688 1652 741 oculos
1686 703 1972 753 cmcorum,
2001 699 2059 743 ut
2080 692 2209 744 edu-

655 787 807 827 ceres
835 774 1040 827 vinctos
1059 788 1123 827 ex
1163 776 1485 834 vuiculis.et
1523 793 1588 831 ex
1630 780 1788 833 domo
1838 782 2070 836 carceris
2126 796 2211 835 se-

654 864 839 919 dentes
868 866 917 918 in
941 867 1172 920 tenebris
1201 868 1265 920 ίη.
1306 885 1324 918 ι
1360 869 1428 922 Et
1451 871 1641 924 iterum
1678 887 1772 941 per
1797 871 1947 928 Isaiae
1977 889 2159 928 vocem
2191 892 2204 928 :

659 971 678 1005 ι
720 954 1044 1012 Benediceut
1068 972 1151 1011 me
1186 958 1370 1013 bestiae
1400 963 1536 1030 agri,
1570 964 1762 1018 sirenae
1787 973 1841 1018 et
1917 966 2038 1020 ﬁliae
2062 979 2206 1021 Slrll-

653 1047 936 1100 thionum:
973 1047 1097 1116 quia
1120 1048 1241 1103 dedi
1276 1050 1327 1103 in
1359 1051 1573 1106 deserto
1596 1069 1814 1122 aquam,
1844 1065 1898 1110 et
1931 1058 2120 1112 ﬂuvios
2156 1060 2207 1113 in

656 1144 795 1188 terra
826 1134 1107 1203 inaquosa,
1142 1150 1199 1192 ut
1236 1151 1416 1208 potum
1444 1143 1629 1198 darem
1661 1148 1845 1216 generi
1877 1163 1994 1203 meo
2011 1151 2204 1214 electo,

653 1226 847 1293 popqu
866 1242 1024 1296 quem
1053 1231 1310 1299 acquisivi
1356 1243 1411 1286 ut
1438 1235 1659 1290 virtutes
1694 1253 1841 1292 meas
1867 1252 2050 1294 narret
2077 1241 2141 1294 °°.
2181 1262 2200 1293 ι

653 1315 804 1380 Quod
827 1332 945 1370 cum
968 1319 1132 1386 probe
1159 1321 1476 1390 intelligeret
1499 1324 1687 1382 beatus
1713 1327 2002 1394 Petrus,iis
2032 1333 2120 1400 qui
2139 1348 2205 1387 ex

654 1406 898 1474 gentibus
929 1421 1025 1476 per
1053 1408 1207 1464 ﬁdem
1243 1415 1308 1464 ad
1338 1427 1516 1468 veram
1551 1415 1642 1470 Dei
1698 1419 2056 1489 cognitionem
2115 1438 2208 1476 vo-

653 1496 759 1549 cati
798 1506 950 1551 erant
982 1499 1244 1564 scribens,
1273 1504 1389 1555 ait:
1426 1525 1444 1554 ι
1487 1505 1592 1560 Vos
1639 1518 1817 1562 autem
1877 1525 2044 1578 genus
2095 1516 2206 1569 ele-

652 1595 819 1649 ctum,
856 1589 1031 1657 regale
1059 1592 1444 1657 sacerdotium,
1483 1610 1616 1665 gens
1641 1610 1850 1666 sancta,
1901 1604 2126 1672 papulus
2152 1605 2204 1659 in

655 1681 1086 1748 acquisitionem,
1116 1684 1414 1741 utvirtules
1445 1691 1775 1745 annuntietis
1807 1692 1944 1760 ejus,
1983 1698 2072 1765 qui
2109 1711 2206 1752 vos

653 1772 718 1823 de
752 1773 986 1826 tenebris
1007 1774 1218 1828 vocavit
1241 1775 1292 1828 in
1321 1776 1635 1834 admirabile
1661 1781 1842 1837 lumen
1892 1799 2046 1840 suum
2073 1805 2087 1840 :
2113 1789 2203 1857 qui

2313 591 2568 661 Χριστοῦ,
2598 592 2691 644 τοῦ
2721 593 2854 662 πρὸς
2887 593 3029 664 ζωὴν
3068 595 3212 664 ἡμᾶς
3237 597 3332 666 τὴν
3370 599 3646 668 ἀκήρατον
3674 601 3878 667 ἀναφέ-

2315 699 2517 752 ροντος,
2552 683 2646 735 καὶ
2678 681 2952 753 ἄφθαρτον
2982 684 3369 752 ἀποφαίνοντος
3412 687 3474 738 τὸ
3504 688 3718 757 θανάτῳ
3747 691 3881 742 κάτ-

2310 789 2454 841 οχον,
2491 772 2584 825 καὶ
2605 772 3035 836 ἁπαλλάττοντος
3076 775 3358 845 ἁμαρτιῶν
3385 778 3446 830 τὸ
3470 778 3570 847 τῆς
3607 779 3881 848 ἁμαρτίας

2312 862 2524 932 βρόχοις
2554 863 2961 934 ἐνειλημμένον.
2987 865 3142 920 Οὕτω
3172 886 3272 920 που
3298 870 3432 939 πρὸς
3452 871 3540 924 τὸν
3566 873 3691 925 Υἰὺν
3717 876 3883 936 αὑτός

2311 969 2475 1021 φησιν
2519 955 2546 1004 ὁ
2579 955 2802 1024 Πατήρ’
2842 973 2861 1006 ι
2915 955 3042 1009 Ἰδοὺ
3075 956 3280 1012 δέδωκά
3331 977 3389 1011 σε
3428 964 3507 1024 είς
3542 964 3655 1030 φῶς
3686 965 3879 1022 ἐθνῶν.

2309 1042 2514 1105 ἀνοῖξαι
2544 1043 2853 1114 ὀφθαλμοὺς
2868 1046 3103 1114 τυφλῶν,
3133 1050 3418 1119 ἐξαγαγεῖν
3455 1055 3518 1106 ὲκ
3550 1054 3762 1125 δεσμῶν
3794 1057 3883 1110 δε-

2307 1132 2594 1202 δεμένους,
2657 1137 2749 1188 καὶ
2801 1137 2861 1201 ἐξ
2917 1138 3065 1191 οἴκου
3124 1142 3370 1212 φυλακῆς
3420 1144 3761 1215 καθημένους
3827 1149 3882 1199 ὲν

2310 1225 2520 1278 σκότει.
2550 1245 2567 1276 ι
2589 1228 2699 1280 Καὶ
2728 1229 2886 1282 πάλιν
2912 1231 2998 1283 διὰ
3024 1233 3206 1303 φωνῆς
3243 1235 3463 1289 Ἡσαΐου
3483 1256 3495 1268 ·
3532 1256 3549 1288 ι
3585 1239 3881 1310 Εὑλογήσει

2311 1332 2378 1383 με
2425 1317 2491 1368 τὰ
2542 1315 2704 1387 θηρία
2752 1318 2845 1371 τοῦ
2896 1321 3099 1390 ἀγροῦ,
3146 1325 3393 1396 σειρῆνες
3443 1328 3534 1380 καὶ
3586 1329 3883 1400 Θυγατέρες

2310 1407 2587 1478 στρουθῶν
2607 1425 2621 1439 ·
2651 1410 2732 1461 ὅτι
2756 1411 2932 1464 ἔδωκα
2971 1417 3028 1466 ἐν
3062 1417 3125 1484 τῇ
3157 1417 3346 1487 ἐρήμῳ
3380 1418 3541 1491 ὕδωρ,
3591 1423 3683 1474 καὶ
3713 1440 3882 1477 ποτα-

2309 1497 2441 1565 μοὺς
2470 1497 2526 1548 ἐν
2557 1500 2627 1568 γῇ
2673 1499 2904 1569 ἀνύδρῳ,
2956 1505 3169 1558 ποτίσαι
3199 1507 3258 1559 τὸ
3296 1509 3449 1575 γένος
3483 1529 3582 1579 μου
3632 1514 3690 1565 τὸ
3727 1515 3880 1567 ἐκλε-

2308 1587 2431 1637 κτόν
2455 1604 2468 1616 ⁸
2510 1587 2655 1653 λαὸν,
2691 1589 2748 1641 ὃν
2779 1597 3250 1666 περιεποιησάμην
3293 1600 3390 1662 τάς
3423 1603 3621 1671 ἀρετάς
3666 1623 3769 1674 μου
3801 1608 3879 1659 δι-

2306 1678 2573 1745 ηγεῖσθαι.
2602 1699 2620 1729 ι
2663 1681 2726 1731 Ὃ
2761 1681 2823 1753 δὴ
2853 1685 2945 1736 καὶ
2979 1689 3176 1751 συνιεὶς
3200 1685 3257 1742 εὖ
3296 1691 3458 1760 μάλα,
3484 1697 3592 1758 τοῖς
3613 1696 3672 1760 ἐξ
3704 1698 3877 1750 ἐθνῶν

2306 1768 2392 1821 διὰ
2440 1771 2674 1834 πίστεως
2724 1775 3114 1844 κεκλημένοις,
3184 1785 3264 1845 είς
3319 1783 3644 1855 θεογνωσίαν
3697 1789 3876 1860 ἀληθῆ

654 1860 940 1929 aliquando
979 1878 1080 1916 non
1111 1864 1355 1943 p0pulus,
1410 1882 1550 1922 nunc
1603 1879 1782 1926 autem
1823 1875 2045 1943 p0pulus
2077 1847 2144 1928 “:
2178 1896 2198 1928 ι

2305 1859 2503 1928 γράφει
2530 1861 2624 1914 καί
2656 1879 2817 1932 φησιν
2846 1868 2873 1918 6
2903 1866 3183 1934 θεσπέσιος
3231 1847 3434 1945 Πέτρος
3460 1894 3472 1906 ·
3511 1897 3530 1927 r
3593 1847 3800 1948 Ὑμεῖς.
3820 1847 3877 1934 δέ

651 1952 801 2015 Quod
833 1951 877 2004 si
929 1956 1373 2019 quemadmodum
1436 1958 1530 2011 tibi
1592 1961 1691 2030 ipsi
1778 1973 1832 2016 et
1894 1966 2095 2022 sentire
2151 1978 2206 2022 et

651 2043 830 2096 dicere
906 2044 1095 2111 placet,
1177 2047 1372 2101 missus
1465 2056 1546 2105 est
1610 2053 1698 2106 ille
1769 2056 1922 2111 nobis
1974 2060 2207 2114 consubc

649 2134 935 2199 stantialis,
985 2153 1090 2191 non
1157 2139 1258 2206 ipsi
1323 2140 1494 2209 Patri,
1540 2144 1687 2198 nullo
1761 2147 1918 2201 modo
1967 2163 2066 2204 nos
2121 2149 2205 2203 fa-

649 2227 718 2278 cti
785 2240 970 2281 sumus
1025 2228 1220 2284 divinae
1272 2241 1475 2286 natura:
1503 2245 1818 2290 consortes:
1882 2241 2203 2307 mansimus,

646 2315 751 2385 81
786 2326 843 2370 ut
899 2317 1032 2384 dixi,
1083 2328 1136 2372 et
1174 2320 1348 2376 adhuc
1417 2337 1601 2378 sumus
1647 2342 1814 2395 genus
1854 2329 1994 2384 illius
2020 2334 2200 2401 primi,

647 2408 736 2474 qui
770 2407 822 2460 in
857 2407 1281 2464 maledictionem
1315 2428 1377 2466 ac
1405 2428 1629 2471 mortem
1665 2421 2003 2486 transmittit,
2022 2435 2076 2476 et
2104 2426 2202 2478 sub

647 2495 852 2562 peccati
876 2505 1101 2550 reatum.
1123 2496 1281 2552 Stulti
1305 2515 1432 2569 ergo
1457 2501 1583 2556 facti
1639 2519 1841 2570 sumus,
1871 2518 1923 2562 et
1958 2511 2022 2563 iis
2062 2527 2201 2567 nunc

647 2598 857 2652 quoque
883 2586 1227 2642 nihilominus
1254 2597 1517 2656 tenemur,
1585 2594 1863 2662 inquibus
1917 2599 2044 2652 oliui
2081 2616 2203 2655 era—

647 2689 768 2728 mus
807 2685 932 2729 ante
957 2675 1098 2730 illius
1127 2678 1438 2736 adventum.
1464 2679 1743 2747 Quomodo
1782 2687 2069 2756 igiturjam
2103 2706 2198 2743 ve-

648 2771 760 2816 tera
813 2766 1166 2831 transieruut,
1199 2778 1254 2823 et
1309 2784 1435 2825 ecce
1471 2771 1607 2826 facta
1655 2785 1783 2827 sunt
1820 2792 1954 2830 nova
1984 2780 2071 2831 "7
2099 2780 2201 2835 Ubi

645 2867 774 2908 vero
804 2855 930 2909 illud
963 2872 977 2907 :
1015 2873 1033 2906 ι
1071 2855 1126 2911 Si
1160 2859 1280 2926 quis
1315 2860 1368 2913 in
1397 2861 1631 2926 Christo,
1671 2879 1804 2918 nova
1856 2871 2150 2924 creatura?
2176 2890 2194 2920 ι

648 2945 751 2999 Sed
783 2947 1055 3002 erubescis
1091 2949 1253 3003 Deum
1276 2952 1523 3006 conﬁteri
1574 2954 1801 3009 similem
1835 2959 2007 3026 nobis,
2031 2962 2202 3016 homi-

647 3053 764 3090 nem
791 3034 987 3093 l'a‘Ctum
1025 3040 1192 3107 ipsum
1229 3041 1322 3096 Dei
1370 3042 1639 3099 Verbum?
1668 3047 1918 3120 lncrepas
1977 3067 2104 3122 ergo
2147 3055 2202 3107 il-

646 3127 775 3194 lum,
807 3143 903 3183 nec
933 3131 1207 3199 sapienter
1238 3135 1570 3191 consultasse
1597 3137 1734 3194 dicis
1769 3144 1907 3209 quod
1931 3159 1989 3198 se
2024 3147 2198 3212 ipsum
2224 3177 2267 3235 ε

642 3228 862 3289 pr0pter
897 3236 993 3275 nos
1035 3223 1328 3280 exinanivit
1359 3226 1423 3280 ⁸³.
1453 3229 1652 3284 Audies
1696 3232 1857 3300 igitur
1887 3236 2152 3290 dicentem
2180 3254 2194 3290 :

649 3329 667 3361 ‹
705 3311 844 3364 Vade
871 3323 988 3379 post
1015 3329 1120 3380 me,
1146 3312 1364 3376 Sataua.
1390 3321 1699 3375 scandalum
1760 3339 1818 3379 es
1881 3327 2034 3392 milii,
2074 3332 2199 3398 quia

642 3423 748 3459 non
774 3408 916 3475 sapis
949 3423 1009 3462 ea
1041 3423 1159 3477 quat
1175 3406 1268 3465 Dei
1301 3413 1544 3479 sunt,sed
1571 3429 1632 3469 ea
1660 3431 1777 3486 qua:
1795 3417 2067 3477 hominum
2097 3425 2194 3478 ⁸⁵.»

647 3498 900 3554 Scrutare
927 3503 1204 3557 nobiscum
1241 3520 1424 3561 sacras
1453 3507 1706 3563 Litteras.
1740 3512 2000 3580 Apparuit
2023 3531 2199 3584 quon-

643 3593 764 3641 dam
796 3590 955 3643 etiam
984 3594 1300 3659 patriarcha:
1320 3593 1488 3652 Jacob
1515 3599 1580 3652 de
1602 3598 1784 3655 Laban
1813 3604 2018 3662 aedibus
2077 3625 2203 3677 pro-

646 3679 925 3742 licisceuti,
967 3682 1213 3748 cumjam
1242 3684 1308 3736 ad
1338 3685 1452 3753 ipsa
1479 3685 1651 3743 Jaboc
1687 3693 1818 3745 vada
1843 3700 2198 3765 pervenisset,

644 3767 782 3820 sicut
812 3768 1067 3835 scriptum
1101 3781 1184 3824 est
1213 3787 1227 3822 :
1265 3790 1283 3822 ι
1306 3769 1545 3828 Relictus
1571 3783 1652 3828 est
1677 3778 2002 3836 enimJacob
2031 3786 2196 3849 solus,

643 3867 696 3910 et
722 3857 1024 3912 luctabatur
1066 3860 1148 3914 vir
1188 3876 1310 3914 cum
1349 3863 1464 3932 ipso
1497 3880 1664 3936 usque
1698 3886 1873 3925 inane.
1921 3873 2063 3927 Vidit
2102 3891 2198 3927 au-

647 3958 751 4001 tem
770 3952 908 4018 quod
939 3965 1060 4005 eum
1093 3968 1349 4022 superare
1373 3972 1475 4009 non
1513 3970 1715 4027 posset,
1745 3972 1799 4016 et
1828 3962 1998 4034 tetigit
2019 3967 2202 4019 latitu-

644 4039 821 4093 dinem
867 4040 1086 4097 feruoris
1125 4043 1262 4110 ejus,
1301 4055 1354 4099 et
1401 4053 1669 4104 emarcuit
1715 4052 1941 4109 latitudo
1982 4056 2200 4111 feruoris

643 4131 827 4198 Jacob,
869 4134 991 4187 dum
1027 4147 1288 4205 pugnaret
1317 4153 1438 4193 cum
1473 4141 1636 4211 ipso:
1671 4145 1806 4199 dixit
1843 4156 2021 4201 autem
2065 4149 2139 4202 illi
2183 4167 2195 4203 :

645 4223 866 4278 Dimitte
898 4241 1002 4289 me,
1039 4229 1284 4282 ascendit
1313 4231 1456 4285 enim
1481 4233 1770 4288 diluculum
1795 4253 1808 4289 :
1837 4238 1926 4292 ille
1952 4253 2083 4293 vero
2113 4240 2199 4294 di-

646 4315 762 4369 xit:
795 4314 910 4369 Non
942 4324 994 4370 te
1021 4317 1282 4373 dimittam
1337 4320 1438 4375 nisi
1461 4322 1799 4381 benedixeris
1828 4329 1955 4382 milii
1989 4330 2054 4382 ⁸⁵.
2086 4348 2103 4382 ι
2139 4331 2204 4384 Ει

645 4414 767 4474 post
806 4405 908 4461 alia
951 4423 1184 4463 rursus:
1226 4428 1245 4462 α
1289 4411 1350 4466 Et
1401 4415 1618 4470 vocavit
1663 4414 1829 4473 Jacob
1877 4435 2070 4474 nomen
2100 4421 2200 4476 loci

2302 1949 2459 2015 γένος
2492 1950 2763 2019 ἐκλεκτὸν,
2814 1954 3082 2024 βασίλειον
3126 1963 3455 2034 ἱεράτευμα,
3498 1967 3648 2034 ἔθνος
3696 1973 3872 2039 ἅγιον,

2303 2041 2428 2105 λαὸς
2477 2046 2555 2106 είς
2602 2047 2982 2118 περιποίησιν,
3021 2052 3108 2105 ἵνα
3152 2054 3250 2118 τὰς
3287 2057 3486 2128 ἀρετάς
3525 2059 3874 2133 ἐξαγγείλητε

2302 2131 2394 2184 τοῦ
2441 2135 2504 2186 ὲκ
2550 2136 2771 2199 σκότους
2826 2140 2966 2208 ὑμᾶς
2998 2142 3287 2207 καλοῦντος
3331 2148 3424 2200 ἐπὶ
3468 2151 3528 2203 τὸ
3566 2131 3875 2223 θαυμαστὸν

2302 2223 2465 2275 αὑτοῦ
2494 2225 2628 2292 φῶς,
2649 2228 2703 2278 οἵ
2731 2246 2858 2280 ποτε
2880 2230 2940 2282 οὐ
2962 2231 3109 2299 λαὸς,
3140 2236 3232 2289 νῦν
3257 2238 3311 2290 δὲ
3339 2240 3517 2303 λαός.»
3549 2246 3610 2296 Εί
3633 2246 3689 2298 δὲ
3714 2247 3874 2301 καθά-

2303 2329 2408 2384 περ
2452 2315 2601 2385 αὑτῷ
2644 2334 2730 2370 σοι
2777 2319 2924 2373 δοκεῖ
2977 2326 3070 2378 καὶ
3113 2333 3327 2396 φρονεῖν
3378 2337 3470 2384 καὶ
3509 2336 3705 2402 λέγειν,
3771 2342 3876 2391 ἀπο

2302 2404 2499 2475 εστάλη
2529 2408 2557 2458 6
2594 2409 2722 2478 ἡμῖν
2752 2413 3051 2481 ὁμοούσιος,
3079 2419 3259 2472 οὐκέτι
3287 2421 3342 2474 δὲ
3374 2425 3463 2476 καὶ
3495 2427 3641 2496 αὐτῷ
3661 2429 3737 2499 τῷ
3761 2432 3874 2484 Πα-

2302 2495 2408 2562 τρὶ,
2442 2497 2562 2550 κατ’
2602 2498 2789 2551 οὐδένα
2819 2505 3018 2572 τρόπον
3051 2509 3207 2576 ἡμεῖς
3234 2511 3377 2575 θείας
3409 2516 3619 2582 φύσεως
3646 2523 3875 2589 γεγόνα-

2305 2601 2402 2653 μεν
2458 2590 2734 2642 κοινωνοί’
2786 2597 3191 2667 μεμενήκαμεν,
3241 2603 3316 2666 ὡς
3362 2605 3515 2678 ἔφην,
3561 2613 3654 2664 καὶ
3706 2614 3874 2682 ἐσμὲν

2303 2678 2381 2727 ἐτι
2413 2679 2564 2744 γένος
2596 2680 2686 2732 τοῦ
2719 2684 2957 2752 πρώτου,
2998 2689 3089 2741 τοῦ
3124 2698 3580 2765 παραπέμποντος
3624 2705 3702 2766 εἰς
3733 2678 3874 2773 ἀρὰν

2301 2771 2394 2822 καὶ
2427 2771 2674 2838 θάνατον,
2713 2777 2805 2829 καὶ
2839 2777 2942 2831 ὑπὸ
2974 2782 3158 2854 ποινὴν
3205 2787 3493 2858 ἁμαρτίας.
3540 2794 3873 2864 Μεματαιώ-

2305 2863 2442 2932 μεθα
2475 2866 2538 2935 δὴ
2581 2864 2694 2932 οὖν,
2735 2871 2829 2923 καὶ
2858 2874 3023 2943 ἐσμὲν
3051 2877 3203 2929 οὐδὲν
3240 2876 3401 2950 ἦττον
3444 2886 3538 2941 καὶ
3570 2886 3663 2941 νῦν
3690 2891 3747 2942 ὲν
3792 2887 3873 2954 οἷς

2299 2949 2442 3024 ἦμεν
2485 2958 2672 3021 πάλαι,
2704 2963 2799 3014 καὶ
2830 2964 2933 3034 πρὸ
2963 2968 3060 3036 τῆς
3086 2949 3398 3041 ἐπιδημίας.
3428 2977 3551 3040 Πῶς
3578 2976 3772 3034 οὖνέτι
3804 2949 3873 3034 τά

2300 3047 2501 3114 ἀρχαῖα
2544 3051 2834 3121 παρῆλθεν,
2884 3060 2972 3109 καὶ
3019 3059 3129 3114 ίδοὺ
3167 3063 3355 3131 γέγονε
3389 3073 3588 3137 καινά;
3629 3075 3738 3128 Ποῦ
3778 3078 3869 3128 δέ·

2306 3152 2323 3183 ι
2365 3136 2431 3188 Εἴ
2450 3154 2533 3198 τις
2580 3141 2638 3192 ἐν
2670 3143 2906 3214 Χριστῷ,
2943 3151 3101 3219 καινὴ
3134 3154 3338 3221 κτίσις;
3380 3177 3396 3207 ι
3461 3161 3598 3214 Ἀλλ’
3643 3167 3870 3237 αἰσχύνῃ

2301 3225 2432 3279 Θεὸν
2465 3230 2742 3299 ὁμολογεῖν
2779 3237 2896 3288 καθ’
2926 3240 3073 3308 ἡμᾶς
3114 3246 3399 3314 γενόμενον
3442 3225 3873 3321 ἄνθρωπονῗτδῦ

2300 3317 2392 3371 τοῦ
2438 3319 2574 3373 Θεοῦ
2615 3325 2819 3392 Λόγονς
2875 3330 3255 3404 Ἐπιπλήττεις
3299 3337 3391 3391 οὖν
3447 3345 3626 3404 αὑτὸν.
3673 3351 3767 3399 καὶ
3811 3368 3870 3402 ου

2303 3413 2441 3482 σοφὰ
2482 3413 2862 3485 βεϐουλεῦσθαι
2914 3424 3040 3491 φὴς,
3093 3427 3175 3480 ὅτι
3217 3432 3519 3488 κεκένωκεν
3565 3439 3755 3491 ἑαυτὸν
3804 3442 3870 3493 δι’

2299 3507 2466 3574 ἡμᾶς.
2504 3507 2709 3562 Οὗκοῦν
2759 3512 2966 3586 ἀκούσῃ
3021 3515 3299 3586 λέγοντος·
3356 3544 3373 3575 ι
3431 3525 3646 3595 Ὕπαγε
3697 3529 3870 3583 ὀπίσω

2305 3616 2427 3668 μου,
2454 3601 2684 3668 Σατανᾶ,
2738 3606 3031 3664 σκάνδαλον
3070 3627 3169 3678 μου
3200 3610 3267 3677 ei;
3305 3616 3384 3667 ὅτι
3430 3619 3488 3669 οὐ
3542 3624 3754 3689 φρονεῖς
3805 3626 3871 3675 τὰ

2300 3691 2391 3741 τοῦ
2413 3691 2567 3754 Θεοῦ,
2587 3695 2721 3746 ἀλλὰ
2746 3697 2813 3749 τὰ
2845 3698 2950 3750 τῶν
2980 3702 3296 3770 ἀνθρώπων.
3342 3725 3359 3755 ι
3402 3709 3720 3779 Ἐρεύνησον
3753 3714 3869 3782 μεθ’

2303 3781 2457 3848 ἡμῶν
2501 3782 2596 3850 τὴν
2633 3784 2983 3839 θεόπνευστον
3019 3790 3258 3861 Γραφην.
3307 3795 3481 3868 Ὠφθη
3515 3801 3639 3851 ποτὲ
3673 3804 3763 3854 καὶ
3795 3803 3871 3871 τῷ

2303 3874 2612 3943 πατριάρχῃ
2665 3875 2854 3928 Ἰακὼϐ
2893 3879 2988 3949 τῆς
3025 3883 3121 3950 μὲν
3151 3884 3242 3936 τοῦ
3274 3887 3457 3940 Λάϐαν
3492 3893 3673 3957 ἑστίας
3704 3897 3871 3946 ἀπαί-

2303 3979 2472 4031 ροντι.
2509 3967 2641 4032 πρὸς
2676 3969 2865 4033 αὐταῖς
2911 3972 2967 4024 δὲ
3014 3978 3257 4042 γεγονότι
3307 3984 3424 4044 ταῖς
3456 3983 3732 4039 διαϐάσεσι
3775 3988 3869 4040 τοῦ

2314 4051 2527 4120 Ἰαϐὼκ,
2565 4059 2710 4110 καθά
2741 4060 3070 4132 γέγραπται·
3113 4085 3130 4117 ι
3187 4069 3511 4143 ’Υπελείφθη
3536 4074 3641 4145 γὰρ
3682 4075 3870 4128 Ἰακὼϐ

2304 4144 2494 4213 μόνος,
2552 4149 2647 4202 καὶ
2693 4152 2954 4206 ὲπάλαιεν
3008 4158 3291 4228 ἅνθρωπος
3351 4164 3464 4232 μετ’
3519 4165 3719 4229 αὑτοῦ,
3768 4168 3871 4228 ἓως

2303 4241 2467 4305 πρωΐ.
2501 4235 2621 4294 Οἵδε
2651 4243 2762 4314 lic.
2801 4242 2930 4318 εἷδε]
2959 4248 3034 4314 δὲ,
3066 4249 3146 4302 ὅτι
3177 4252 3236 4303 οὐ
3273 4253 3490 4306 δύναται
3522 4257 3654 4324 πρὸς
3689 4259 3868 4318 αὑτὸν,

2302 4332 2395 4382 καὶ
2428 4332 2602 4402 ἥψατο
2638 4335 2732 4387 τοῦ
2763 4338 2998 4401 πλάτους
3030 4341 3121 4391 τοῦ
3159 4344 3332 4411 μηροῦ
3367 4346 3551 4408 αὑτοῦ,
3585 4349 3677 4398 καὶ
3717 4350 3874 4420 ἐνάρ-

2304 4438 2438 4491 κησε
2468 4424 2529 4476 τὸ
2561 4424 2758 4488 πλάτος
2799 4427 2892 4479 τοῦ
2930 4431 3104 4500 μηροῦ
3153 4431 3368 4496 Ἰακὼϐ,
3413 4435 3472 4488 ἐν
3504 4435 3580 4506 τῷ
3626 4438 3872 4495 παλαίειν

647 4496 789 4551 illius
823 4514 838 4552 :
868 4497 1085 4568 Species
1120 4500 1248 4566 Dei;
1281 4505 1462 4571 aspexi
1488 4506 1628 4560 enirn
1661 4507 1827 4562 Deum
1849 4508 1989 4566 facie
2024 4513 2090 4566 ad
2118 4512 2203 4567 fa-

2308 4513 2466 4565 αὐτὸν
2507 4515 2622 4583 μετ’
2654 4518 2840 4572 αὑτοῦ.
2897 4518 3033 4572 Εἷπε
3082 4522 3138 4574 δὲ
3173 4525 3346 4594 αὐτῷ’
3388 4527 3726 4582 Ἀπόστειλόν
3761 4550 3827 4600 με
3855 4546 3871 4560 ⁶

646 4587 804 4652 ciem,
838 4596 892 4641 et
920 4589 1063 4643 salva
1127 4591 1268 4645 facta
1328 4603 1413 4648 est
1461 4596 1640 4650 anima
1669 4613 1807 4655 mea.
1861 4601 2091 4658 Exortus
2117 4613 2203 4658 est

646 4687 818 4732 autem
847 4679 918 4732 illi
943 4680 1024 4733 soi
1053 4695 1173 4734 cum
1203 4686 1585 4750 pertransisset
1616 4685 1861 4756 Speciem
1903 4693 1994 4746 Dei
2058 4693 2124 4748 “.
2175 4712 2194 4747 ι

645 4767 884 4836 lntellige
913 4768 1091 4838 igitur,
1112 4784 1217 4824 non
1247 4781 1304 4823 ttt
1344 4771 1715 4842 incorporeum
1774 4789 1828 4832 et
1859 4779 2203 4850 impalpabile

651 4855 878 4910 Verbum
905 4874 1165 4926 apparere
1195 4863 1515 4928 patriarchae
1535 4880 1598 4918 eo
1652 4877 1891 4936 tempore
1944 4873 2198 4938 voluisse,

647 4959 702 4999 ut
739 4949 811 5000 illi
847 4951 1084 5017 mysterii
1135 4962 1316 5022 typum
1369 4967 1809 5023 przeuioustraret
1841 4979 1854 5014 :
1892 4963 1988 5016 sed
2044 4964 2204 5021 homo

646 5046 761 5091 erat
781 5041 867 5106 qui
894 5038 1218 5108 luctabatur,
1248 5052 1302 5097 et
1331 5055 1493 5098 totam
1522 5047 1656 5100 inea
1695 5065 1750 5103 re
1773 5060 1984 5106 noctein
2023 5063 2203 5109 trans-

647 5130 798 5199 egit:
856 5129 1200 5186 illucescente
1227 5144 1405 5188 autem
1463 5138 1567 5204 die,
1618 5149 1777 5210 atque
1821 5158 2011 5196 aurora
2044 5147 2206 5200 adve-

650 5224 848 5286 niente,
890 5240 909 5272 ι
964 5222 1181 5276 Dimitte
1237 5241 1340 5291 me,
1379 5246 1397 5279 ι
1462 5228 1675 5296 inquit;
1725 5234 1866 5298 quod
1929 5235 2205 5289 evidenter

647 5319 766 5364 erat
797 5327 826 5364 a
853 5313 990 5367 lucta
1024 5315 1482 5372 desisteutis.Jam
1505 5334 1624 5386 qua:
1674 5321 1745 5374 sit
1797 5325 2038 5393 mysterii
2068 5330 2208 5382 ratio

651 5405 830 5458 dicere
858 5420 1077 5461 necesse
1103 5418 1186 5461 est
1217 5426 1229 5460 :
1260 5425 1379 5461 cum
1413 5410 1494 5464 liis
1521 5412 1662 5464 enim
1691 5414 1777 5480 qui
1818 5415 1868 5466 in
1905 5425 2057 5470 nocte
2077 5427 2130 5471 et
2152 5418 2204 5472 in

658 5496 889 5550 tenebris
921 5498 1140 5564 degunt,
1164 5514 1390 5566 quorum
1416 5501 1610 5554 animis
1628 5513 1678 5554 et
1726 5504 1978 5558 cordibus
2033 5508 2208 5576 caligo

2306 4603 2471 4674 ἀνέϐη
2510 4605 2616 4675 γὰρ
2665 4610 2693 4659 6
2735 4609 2961 4680 ὄρθροςο
3014 4614 3041 4663 6
3086 4614 3141 4665 δὲ
3187 4611 3372 4668 εἶπενυ
3416 4620 3489 4671 Οὐ
3522 4621 3594 4688 μή
3632 4637 3690 4672 σε
3739 4625 3874 4676 ἀπο-

2305 4695 2517 4757 στείλω,
2557 4697 2649 4749 ὲάν
2686 4700 2758 4770 μή
2798 4717 2864 4769 με
2900 4703 3217 4776 εὐλογήσῃς.
3246 4727 3262 4757 ι
3298 4709 3404 4760 Καὶ
3437 4710 3553 4778 μεθ’
3585 4711 3745 4781 ἕτερα
3772 4716 3876 4765 πά-

2304 4784 2419 4838 λιν·
2474 4805 2491 4838 r
2547 4790 2653 4842 Καὶ
2697 4792 2952 4844 ἐκάλεσεν
3000 4795 3190 4847 Ἰακὼϐ
3237 4798 3296 4849 τὸ
3344 4799 3511 4868 ὄνομα
3564 4802 3658 4854 τοῦ
3705 4805 3874 4858 τόπου

2303 4876 2532 4939 ἐκείνου,
2558 4875 2707 4941 Εἶδος
2743 4882 2875 4934 Θεοῦ
2895 4899 2907 4911 '
2941 4880 3094 4938 Εἶδον
3129 4887 3236 4956 γὰρ
3264 4887 3394 4940 Θεὸν
3420 4892 3708 4960 πρόσωπον
3739 4897 3873 4964 πρὸς

2305 4968 2610 5037 πρόσωπον,
2647 4972 2739 5023 καὶ
2767 4972 2942 5043 ἐσώθη
2973 4993 3073 5044 μου
3108 4979 3139 5047 ἡ
3165 4978 3330 5049 ψυχή.
3363 4983 3618 5036 Ἀνέτειλε
3646 4985 3701 5037 δὲ
3726 4988 3875 5057 αὐτῷ

2306 5061 2333 5111 6
2365 5061 2532 5131 ἥλιος,
2580 5064 2740 5132 ἡνίκα
2775 5067 3014 5135 παρῆλθε
3043 5071 3103 5121 τὸ
3145 5067 3284 5133 εἶδος
3310 5072 3402 5124 τοῦ
3446 5075 3601 5129 Θεοῦ.
3655 5097 3672 5128 ι
3711 5080 3874 5141 Σύνες

2306 5149 2397 5205 οῦν
2431 5154 2594 5218 ὅπως,
2648 5155 2744 5225 οὐχ
2791 5157 2866 5219 ὡς
2913 5160 3200 5228 ἀσώματος
3245 5180 3303 5214 τε
3335 5164 3427 5217 καὶ
3456 5167 3668 5234 ἀναφὴς
3701 5171 3873 5237 Λόγος

2306 5242 2459 5312 ἠξίου
2492 5246 2774 5312 φαίνεσθαι
2810 5250 2887 5319 τῷ
2917 5254 3226 5326 πατριάρχῃ
3275 5260 3611 5327 τοτηνικάδε,
3651 5262 3742 5313 τὸν
3777 5263 3872 5314 τοῦ

2312 5335 2608 5404 μυστηρίου
2638 5337 2804 5418 τύπον
2854 5343 3266 5410 προαναφαίνων
3304 5346 3487 5413 αὐτῷ’
3530 5349 3645 5401 ἀλλ’
3677 5347 3743 5420 ἦν
3782 5351 3871 5402 ἂνυ

2310 5421 2522 5490 θρωπος
2573 5425 2599 5475 6
2648 5415 2902 5491 παλαίων,
2944 5431 3035 5480 καὶ
3066 5431 3193 5502 ὅλην
3236 5435 3312 5493 είς
3359 5434 3514 5488 τοῦτο
3561 5437 3873 5506 δαπανήσας

2308 5513 2405 5580 τὴν
2445 5514 2640 5568 νύκτα’
2679 5518 2815 5585 πλὴν
2859 5519 3254 5590 διαυγαζούσης
3300 5525 3537 5594 ἡμέρας,
3586 5527 3780 5596 ὄρθρου
3814 5545 3871 5579 τε

719 5696 762 5726 ⁵⁸
805 5695 903 5748 lsa.
935 5709 1070 5757 xui,
1100 5694 1152 5757 6,
1187 5695 1234 5748 7.
1341 5698 1385 5728 ⁸⁸
1422 5698 1521 5749 lsa.
1563 5712 1712 5757 thu,
1740 5697 1827 5761 ΞΟ,
1864 5702 1952 5754 2i.
2065 5704 2105 5733 δ’
2147 5705 2165 5756 1

735 5764 894 5788 ιι....ι.
949 5780 1032 5788 -..-
1103 5765 1170 5788 ΩΤ
1269 5766 1311 5788 ιιι
1352 5766 1460 5788 Π-..
1525 5782 1667 5788 -.-...,-
1725 5765 1793 5788 nn
1828 5770 1893 5788 no
2017 5774 2059 5788 ιι
2103 5776 2203 5788 -.~1

2305 5721 2350 5788 ς.
2385 5722 2449 5788 ιι..
2481 5707 2531 5773 9,
2566 5709 2649 5762 10.
2767 5713 2810 5742 ⁶²
2851 5714 2889 5764 ΙΙ
2930 5715 3051 5770 Cor.
3097 5732 3144 5777 ι’,
3185 5718 3270 5769 17.
3385 5718 3429 5749 ⁸³
3471 5719 3767 5788 Philipth,
3812 5721 3862 5775 7.

651 5768 690 5795 ⁸⁸
733 5764 918 5819 Matth.
949 5780 1055 5820 xvr.
1103 5765 1191 5818 25.
1269 5766 1311 5797 ⁸⁵
1351 5766 1486 5820 Gen.
1524 5782 1690 5821 χχχιι.
1725 5765 1914 5822 22-26.

2017 5774 2061 5802 ⁸⁸
2101 5776 2228 5827 ibid.
2259 5774 2347 5833 50,
2382 5778 2443 5831 31
