4072 6346
174 392 259 449 MS

1215 408 1585 467 ADVERSUS
1620 412 2026 475 NESTORIUM
2072 419 2198 476 LIB.
2240 422 2321 477 Ill.

3293 429 3391 481 I66

168 512 553 613 γεγενημένου,
608 515 690 575 τὸ.
729 535 746 567 ι
795 518 1131 574 ’Δπόστειλόν
1173 542 1263 593 με,
1307 547 1325 578 ι
1371 532 1551 599 φησὶν,
1596 533 1729 604 ὅπερ

1835 540 2094 607 Spiritalis
2126 539 2297 594 oll'usa
2314 551 2397 594 est
2423 550 2477 594 et
2512 542 2748 596 nondum
2778 543 2893 610 ejus
2924 544 3233 613 mysterium
3298 561 3391 597 va-

169 602 224 675 ἦν
250 606 495 675 ἐναργῶς
543 609 901 673 καταλύοντος
934 612 1030 683 τὴν
1076 618 1270 688 πάλην.
1314 623 1423 675 Καὶ
1461 624 1544 687 τίς
1574 627 1601 677 6
1633 602 1725 679 τοῦ

171 692 460 767 μυστηρίού
499 697 690 766 λόγος,
740 704 913 755 εἰπεῖν
962 706 1286 774 ἀναγκαῖον·
1336 717 1447 777 τοῖς
1495 716 1592 785 μὲν
1621 719 1727 789 γὰρ

168 789 233 848 ὡς
261 789 316 839 ὲν
351 789 505 841 νυκτὶ
538 790 629 842 καὶ
670 793 850 844 σκότει
878 794 1201 862 διατελοῦσι,
1234 802 1325 855 καὶ
1351 805 1519 874 ἀχλὺν
1548 808 1727 878 ἔχουσι

169 878 254 943 τὴν
309 882 505 950 νοητὴν
553 883 632 944 είς
670 884 792 936 νοῦν
843 886 937 937 καὶ
992 888 1237 958 καρδίαν,
1284 892 1433 949 οὔπω
1480 915 1540 950 τε
1590 903 1729 955 νοεῖν

172 966 406 1034 ίσχύουσι
439 970 500 1021 τὸ
548 970 635 1023 ἐπ’
678 973 825 1043 αύτῷ
876 981 1192 1049 μυστήριον,
1234 984 1484 1039 παλαίειν
1524 1006 1583 1042 τε
1635 993 1730 1046 καὶ

171 1057 430 1125 μάχεσθαι
461 1063 553 1113 καὶ
584 1064 739 1134 νικᾷν
771 1064 891 1129 ἔθος
923 1070 1101 1141 αὐτῷ·
1139 1076 1250 1139 τοῖς
1276 1093 1339 1145 γε
1371 1080 1477 1150 μὴν
1506 1081 1565 1135 ἐν
1592 1087 1729 1152 φωτὶ

168 1154 429 1244 γεγονόσι,
459 1156 551 1208 καὶ
577 1157 652 1219 ὡς
694 1159 751 1210 ὲν
794 1159 975 1232 ϐρθρῳ
1001 1163 1077 1233 τῷ
1103 1167 1298 1237 νοητῷ,
1332 1172 1425 1223 καὶ
1451 1176 1727 1244 νενοηκόσι

168 1238 221 1294 εὖ
256 1244 399 1311 μάλα
425 1248 482 1298 τὸ
513 1250 828 1318 μυστήριον,
854 1252 953 1305 ούκ
996 1256 1341 1314 ἐπιπαλαίειν
1367 1262 1526 1328 ἀξιοῖ,
1556 1238 1729 1319 διανέ-

171 1349 250 1400 μει
290 1332 344 1386 δὲ
390 1338 587 1404 μᾶλλον
630 1341 874 1409 εὐλογίας
924 1352 1313 1416 πνευματικὰς.
1367 1354 1591 1420 Οὐκοῦν,
1628 1357 1729 1411 κᾶν

168 1424 279 1515 ὀψὲ,
305 1427 399 1478 καὶ
460 1430 609 1515 μολις
672 1434 931 1501 είσγένοιο
960 1440 1068 1491 ’καὶ
1104 1441 1264 1504 αὐτὸς
1305 1445 1423 1511 μεθ’
1473 1448 1625 1515 ήμῶν
1672 1452 1729 1501 ὲν

169 1514 315 1579 φωτὶ,
351 1517 445 1568 καὶ
475 1512 583 1571 οἷον
612 1521 670 1572 ἐν
698 1522 897 1595 ὄρθρῳ,
940 1529 1278 1585 πεπαύσεταί
1312 1548 1392 1586 σοι
1425 1512 1729 1606 μαχόμενος

168 1607 191 1657 6
220 1606 424 1671 πάντας
452 1610 634 1665 νικῶν.
669 1613 777 1666 Θέα
804 1615 860 1668 δὲ
888 1617 1034 1682 ὅπως
1067 1620 1350 1692 ἀνθρώπου
1392 1628 1727 1695 παλαίοντος.

166 1697 191 1745 6
226 1697 507 1764 θεσπέσιος
550 1703 742 1757 Ἰακὼϐ
780 1707 1081 1776 ἑωρακέναι
1128 1714 1259 1782 φησὶ
1286 1714 1376 1768 τὸν
1403 1717 1534 1768 Θεὸν
1563 1720 1730 1788 πρόσο

166 1804 303 1879 ωπον
355 1789 489 1879 πρὸς
524 1794 826 1861 πρόσωπον.
887 1798 1242 1866 Προστωεικε
1305 1806 1360 1857 δὲ
1402 1806 1463 1859 τὸ
1491 1808 1530 1859 Γ
1534 1809 1728 1879 ράμμα

166 1875 219 1926 τὸ
268 1877 434 1969 ίεᾼρὸν,
498 1880 587 1969 ὅτι
640 1901 658 1931 ι
729 1884 1020 1939 Ἀνὲτειλεν
1066 1888 1213 1960 αὖτῷ
1269 1895 1296 1946 6
1343 1875 1725 1969 ἦλιοςξὴνίκα

167 1966 400 2060 παρῆλθε
436 1968 494 2022 τὸ
537 1966 676 2035 εἶδος
730 1975 821 2028 τοῦ
868 1976 1022 2031 Θεοῦ.
1082 1999 1099 2030 ι
1158 1983 1299 2036 ’Λνθ’
1347 1987 1469 2040 ὅτου
1513 1966 1595 2060 δὴν
1634 1988 1725 2044 οὖν

166 2056 485 2129 ὲπερυθριᾷς
519 2064 633 2125 τοῖς
672 2065 772 2131 τῆς
816 2068 1097 2133 κενώσεως
1147 2075 1385 2146 μέτροις,
1413 2056 1586 2133 καίτοι
1634 2083 1726 2136 τὸν

167 2148 229 2243 ἐκ
252 2146 387 2200 Θεοῦ
428 2151 837 2243 ΠατρὸςᾲΛόγον
866 2163 1215 2233 σαρκωθῆναί
1242 2184 1299 2219 τε
1329 2172 1421 2222 καὶ
1455 2172 1723 2243 ἐνανθρω-

167 2237 351 2333 πῇσαι,
382 2244 597 2333 παντὸς,
617 2241 790 2316 οἶμαι,
811 2250 1058 2317 λέγοντος
1077 2255 1169 2307 τοῦ
1196 2258 1287 2309 καὶ
1315 2259 1480 2331 ὀρθὴν
1511 2237 1724 2333 ἔχοντος

168 2328 361 2394 πίστιν,
408 2332 496 2381 καὶ
538 2331 918 2401 βασανίζοντος
956 2340 1195 2409 ἀκριϐῶς
1228 2344 1325 2412 τῆς
1370 2328 1724 2402 θεοπνεύστου

168 2417 382 2488 Γραφῆς
412 2422 502 2473 τὸν
539 2426 772 2489 σκοπὸνς
819 2428 873 2479 'U
904 2431 1077 2481 τοίνυν
1108 2435 1239 2501 ἡμῖν
1263 2436 1564 2505 ὀμοούσιος.
1592 2440 1726 2493 καθὸ

166 2509 383 2601 γέγονεν
407 2513 716 2582 ἄνθρωπος·
751 2519 842 2569 καὶ
870 2519 1017 2590 αὐτῷ
1041 2521 1096 2574 δὲ
1127 2524 1205 2594 τῷ
1230 2526 1425 2595 Πατρὶ,
1457 2530 1596 2584 καθὰ
1634 2549 1728 2601 με·

169 2600 363 2693 μένηκε
389 2605 481 2656 καὶ
514 2606 890 2678 ἀνθρωπότητι
912 2613 1019 2665 lor.
1050 2616 1109 2667 ὲν
1136 2616 1536 2693 ἁνθρωπότητι]
1574 2600 1724 2687 Θεὸς,

164 2691 437 2765 ἀπεστάλη
493 2697 781 2766 κηρύσσων
832 2705 1197 2773 αἰχμαλώτοις
1244 2709 1457 2776 ἄφεσιν,
1498 2691 1591 2766 καὶ
1642 2732 1729 2765 τυ-

166 2783 307 2849 φλοῖς
353 2787 668 2859 ἀνάϐλεψιν,
703 2794 950 2849 ἰάσασθαί
982 2815 1040 2850 τε
1072 2800 1196 2861 τοὺς
1230 2805 1727 2874 συντετριμμένους

162 2878 254 2944 τὴν
303 2880 549 2950 καρδίαν,
592 2884 816 2939 καλέσαι
850 2886 907 2939 δὲ
958 2889 1050 2940 καὶ
1098 2893 1339 2945 ἐνιαυτὸν
1389 2895 1591 2964 Κυρίου
1642 2897 1727 2948 δε-

166 2969 303 3022 κτόν.
364 2974 539 3026 Αὑτοῦ
586 2974 694 3046 γὰρ
748 2978 908 3045 μόνου
964 2980 1058 3031 καὶ
1101 2982 1195 3050 οὐχ
1244 2983 1429 3052 ἐτέρου
1480 2987 1621 3047 τινὸς
1663 2988 1729 3041 τὰ

163 3062 334 3113 τοιάδε
376 3064 599 3129 γέγονεν
634 3068 713 3128 είς
744 3071 887 3137 ἡμᾶς
929 3072 1327 3141 κατορθώματα
1349 3091 1360 3102 ·
1394 3077 1486 3126 καὶ
1526 3077 1728 3128 πιστώ-

164 3152 309 3204 σεταί
356 3169 442 3215 τις
476 3153 582 3206 τῶν
633 3156 802 3223 ἁγίων
855 3163 1165 3231 προφητῶν,
1194 3162 1337 3215 οὕτω
1359 3163 1563 3230 λέγων’
1611 3166 1727 3218 (οὐ

163 3241 419 3310 πρέσϐυς,
491 3244 588 3295 οὐκ
625 3246 872 3313 ἄγγελος,
908 3250 1021 3302 ἀλλ’
1091 3252 1248 3315 αὐτὸς
1295 3255 1324 3305 6
1359 3255 1561 3323 Κύριος
1594 3256 1730 3308 ἔσω-

165 3343 250 3380 σεν
279 3330 427 3398 ἡμᾶς
450 3347 462 3358 ⁸
506 3349 523 3381 ι
562 3332 589 3383 6
616 3333 709 3385 καὶ
740 3335 1111 3405 ἐναργέστατα
1144 3338 1343 3404 λέγων·
1389 3358 1406 3389 ι
1446 3338 1541 3393 Διὰ
1574 3340 1730 3394 τοῦτο

163 3418 428 3483 γνώσεται
473 3423 499 3473 6
549 3422 674 3484 λαός
730 3440 829 3491 μου
873 3424 934 3476 τὸ
976 3425 1145 3494 ὄνομα
1193 3444 1292 3496 μου
1340 3430 1397 3478 ὲν
1443 3432 1507 3499 τῇ
1550 3431 1732 3501 ἡμέρᾳ

162 3510 376 3581 ἐκεί-,ιη’
412 3510 575 3576 αὐτὸς
603 3517 631 3566 6
679 3514 872 3576 λαλῶν,
912 3517 1161 3586 πάρειμι.
1206 3539 1223 3569 ι
1269 3521 1457 3572 Καίτοι
1488 3522 1622 3586 πῶς,
1657 3523 1731 3573 εί-

163 3620 262 3671 περ
296 3600 365 3674 ἦν
400 3622 483 3667 τις
518 3602 801 3674 ἄνθρωπος
831 3607 1018 3671 άπλῶς
1054 3612 1081 3663 6
1113 3610 1536 3678 ἀπεσταλμένος,
1572 3615 1731 3677 αὐτὸς

162 3693 223 3745 ἂν
256 3698 449 3757 νοοῖτο,
485 3696 581 3747 καὶ
618 3696 706 3749 τὸν
742 3696 909 3750 πάλαι
944 3702 1057 3763 τοῖς
1104 3703 1477 3770 ἀρχαιοτέροις
1529 3720 1731 3774 κεχρη-

1829 628 1940 684 lent
1968 630 2298 701 intelligere,
2331 631 2522 685 luctari
2554 647 2900 703 pugnareque
2935 635 3022 689 ille
3072 644 3127 689 et
3174 637 3393 691 vincere

1829 719 1963 774 solet
1994 735 2008 771 :
2038 736 2158 773 cum
2193 721 2276 776 his
2308 736 2436 775 vero
2467 723 2556 790 qui
2583 722 2634 776 in
2661 724 2779 778 luce
2799 734 3000 779 suntet
3046 725 3272 793 spiritali
3298 725 3384 780 di-

1829 810 2028 875 luculo,
2048 819 2099 864 et
2122 812 2287 881 probe
2315 813 2626 883 mysterium
2658 813 2983 885 intelligunt,
3008 830 3113 868 non
3141 815 3240 869 sibi
3270 830 3389 869 esse

1829 902 2173 970 pugnandum
2208 910 2418 965 censet,
2471 902 2564 956 sed
2599 902 2775 971 potius
2797 902 3067 971 spiritales
3098 903 3205 957 illis
3228 906 3390 957 bene-

1830 989 2091 1044 dictiones
2112 990 2316 1044 tribuit.
2347 990 2401 1045 Si
2429 992 2589 1060 igitur
2613 992 2696 1046 vel
2714 1006 2835 1047 sero
2860 994 3073 1048 tandem
3105 994 3389 1049 nobiscum

1832 1079 1885 1133 in
1918 1078 2117 1135 lumine
2151 1088 2397 1134 versatus
2416 1079 2603 1144 fueris,
2626 1090 2680 1133 et
2734 1089 2984 1151 tanquam
3043 1081 3095 1135 in
3131 1082 3389 1149 diluculo,

1832 1170 1974 1225 illico
2006 1177 2182 1225 tecum
2234 1185 2473 1240 pugnare
2536 1173 2759 1228 desistet
2810 1173 2901 1243 qui
2964 1172 3129 1226 vincit
3175 1185 3388 1226 omnes.

1830 1262 2000 1318 Velim
2036 1272 2213 1317 autem
2245 1264 2581 1327 consideres,
2624 1275 2893 1333 pugnante
2954 1263 3168 1317 homine
3188 1263 3389 1317 dixisse

1830 1353 2046 1407 beatum
2072 1349 2238 1406 Jacob
2256 1366 2315 1406 se
2336 1352 2532 1407 vidisse
2564 1352 2729 1406 Deum
2761 1350 2895 1407 facie
2925 1352 2990 1405 ad
3021 1351 3250 1417 faciem;
3278 1349 3387 1420 82

1829 1442 2033 1497 addidit
2060 1443 2220 1496 etiam
2244 1455 2395 1495 sacra
2418 1438 2736 1510 Scriptura:
2773 1458 2792 1492 ι
2844 1438 3012 1495 Ortus
3055 1450 3137 1495 est
3187 1441 3260 1493 illi
3309 1440 3388 1494 sol

1831 1534 2045 1601 quando
2101 1531 2412 1600 pertransiit
2441 1530 2686 1599 Speciem
2753 1531 2867 1585 Dei.
2905 1549 2922 1582 ι
2974 1530 3089 1596 Qua
3147 1545 3276 1600 ergo
3318 1530 3387 1582 de

1831 1638 1987 1678 causa
2018 1622 2295 1677 erubescis
2316 1622 2381 1676 de
2402 1621 2789 1676 exinanitionis
2812 1634 3087 1684 mensura,
3112 1636 3231 1675 cum
3259 1619 3387 1673 illud

1828 1729 1893 1767 ex
1933 1713 2038 1765 Deo
2063 1711 2222 1766 Putre
2251 1710 2482 1765 Verbum
2541 1713 2873 1765 incarnatum
2911 1710 3079 1766 fuisse
3134 1721 3189 1765 et
3221 1710 3391 1764 homi-

1830 1818 1949 1856 nem
1970 1801 2189 1866 factum,
2209 1811 2268 1854 ut
2298 1802 2506 1868 opinor,
2547 1802 2800 1870 praedicet
2821 1803 3070 1870 quisquis
3094 1812 3299 1855 rectam
3328 1800 3392 1853 li-

1762 1875 1801 1928 Β
1832 1895 1950 1949 dem
1983 1901 2148 1955 tenet,
2172 1902 2225 1945 et
2252 1902 2501 1946 accurate
2539 1905 2812 1945 sacrarum
2875 1891 3202 1945 Litterarum
3256 1907 3381 1961 pro-

1833 1988 2061 2056 positum
2100 1984 2366 2053 exquirit?
2395 1983 2484 2038 ille
2514 1983 2673 2051 igitur
2706 1982 3184 2038 consubstantialis
3218 1983 3393 2047 nobis,

1832 2092 1934 2146 qua
1958 2077 2129 2132 factus
2146 2086 2230 2130 est
2259 2076 2438 2135 homo.
2469 2084 2523 2128 et
2559 2075 2655 2143 ipsi
2688 2074 2869 2130 itidem
2904 2073 3068 2137 Patri,
3097 2089 3199 2143 qua
3232 2074 3391 2127 etiam

1833 2170 1885 2224 in
1919 2170 2029 2237 ipsa
2047 2168 2380 2223 humanitate
2419 2164 2559 2220 Deus
2580 2165 2799 2229 mansit,
2840 2165 3035 2219 missus
3062 2173 3144 2219 est
3203 2162 3395 2230 pradi-

1832 2274 1955 2313 care
1983 2258 2209 2326 captivis
2243 2255 2638 2317 remissionem,
2673 2262 2726 2308 et
2758 2254 2914 2308 caecis
2946 2253 3139 2317 visum,
3194 2261 3248 2306 et
3282 2266 3393 2306 me-

1831 2351 1946 2405 deri
1974 2349 2215 2405 contritis
2252 2348 2436 2412 corde,
2469 2357 2522 2400 et
2554 2346 2787 2399 indicere
2816 2359 3015 2398 annum
3067 2343 3275 2411 Domini
3304 2358 3386 2397 ac-

1834 2439 2146 2508 ceptabilem
2173 2438 2215 2470 ⁸⁷
2253 2453 2265 2489 :
2301 2437 2466 2506 ipsius
2502 2450 2734 2504 namque
2768 2435 2954 2499 solius,
3007 2448 3110 2489 non
3166 2433 3393 2501 alicujus

1837 2530 2059 2584 alterius
2094 2524 2591 2595 fueruntejusmodi
2636 2522 2892 2592 praeclara
2951 2528 3097 2590 gesta
3137 2535 3263 2589 erga
3295 2535 3394 2574 nos

1836 2632 2161 2694 perpetrata.
2188 2621 2283 2675 Cui
2321 2619 2396 2673 rei
2433 2618 2590 2673 ﬁdem
2650 2616 2811 2670 faciet
2861 2614 3137 2684 quidem.a
3192 2612 3395 2667 sanctis

1835 2712 2132 2781 prophetis,
2158 2711 2248 2778 qui
2280 2710 2409 2763 dicit
2439 2726 2451 2761 :
2479 2727 2497 2759 ι
2531 2707 2643 2762 Non
2702 2707 2927 2774 legatus,
2990 2708 3093 2760 non
3156 2702 3392 2772 angelus,

1837 2805 1929 2857 sed
1968 2803 2080 2870 ipse
2101 2800 2355 2853 Dominus
2380 2798 2721 2850 salvavitnos
2744 2796 2822 2862 ⁶⁸;
2863 2814 2881 2845 ι
2921 2797 3007 2864 qui
3045 2795 3207 2850 etiam
3238 2809 3393 2863 aper-

1840 2894 2045 2947 tissime
2084 2891 2253 2945 dicit:
2292 2908 2309 2940 ι
2342 2889 2566 2957 Propter
2638 2888 2739 2941 hoc
2786 2886 2921 2941 sciet
2970 2886 3196 2955 populus
3240 2900 3391 2939 meus

1839 3000 2031 3039 nomen
2062 2999 2237 3037 meum
2264 2983 2315 3035 in
2352 2982 2437 3035 die
2465 2980 2577 3045 illa,
2602 2981 2726 3048 quia
2756 2993 2855 3049 ego
2890 2979 3002 3047 ipse
3025 2979 3114 3045 qui
3140 2976 3396 3046 loquebar

1839 3081 2024 3128 adsum
2055 3073 2118 3123 ⁶⁹.
2162 3090 2179 3120 ι
2219 3071 2378 3139 Atqui
2405 3072 2447 3125 si
2479 3070 2564 3123 ille
2603 3069 2799 3124 missus
2834 3069 2994 3121 homo
3023 3067 3217 3134 aliquis
3244 3080 3394 3118 COIII-

1840 3161 2018 3214 munis
2041 3171 2201 3227 esset,
2234 3160 2503 3229 quomodo
2527 3158 2641 3227 ipse
2664 3158 2804 3211 idem
2832 3172 2951 3212 esse
2985 3156 3395 3226 intelligeretur,

1837 3250 1927 3319 qui
1968 3250 2239 3305 veteribus
2274 3249 2374 3303 illis
2404 3249 2573 3319 legem
2602 3248 2727 3303 olim
2744 3246 2945 3302 edidit?
2978 3245 3162 3315 Neque
3225 3246 3394 3309 enim,

1835 3342 1878 3395 si
1904 3351 1960 3394 ut
1992 3342 2152 3394 homo
2184 3342 2331 3408 prius
2369 3350 2533 3405 esset,
2589 3342 2749 3395 homo
2796 3338 2971 3393 factus
3010 3351 3129 3393 esse
3161 3352 3396 3405 unquam

1835 3433 1937 3487 dici
1966 3442 2166 3500 posset,
2200 3446 2264 3485 ne
2285 3430 2685 3484 subsistentiam
2726 3428 3085 3498 antiquiorem
3116 3428 3267 3481 initio
3291 3441 3398 3496 quo

1836 3538 1955 3576 esse
1989 3522 2176 3590 cmpit,
2203 3522 2402 3586 habere
2427 3521 2708 3575 videatur:
2744 3520 2837 3574 sed
2900 3533 3019 3573 cum
3056 3517 3397 3587 prazexsiste—

1836 3622 1915 3666 ret
1950 3622 2003 3664 ut
2032 3613 2189 3675 Deus,
2216 3612 2423 3667 locutus
2441 3612 2652 3676 quidem
2684 3621 2768 3664 est
2828 3609 3017 3680 legem,
3068 3624 3126 3663 se
3155 3623 3284 3662 vero
3306 3607 3397 3659 ad-

1832 3718 1952 3758 esse
2001 3704 2074 3756 ait
2120 3718 2257 3757 novo
2306 3704 2623 3769 insuetoqne
2682 3703 2859 3766 modo,
2909 3716 3030 3754 cum
3099 3698 3273 3753 factus
3316 3706 3400 3751 est

163 3784 515 3853 σμῳδημένον
563 3786 800 3853 λαλήσας
856 3788 1045 3856 νόμον;
1108 3792 1179 3841 Οὐ
1229 3791 1336 3861 γάρ
1381 3809 1434 3843 τι
1471 3792 1578 3863 [Im
1624 3795 1729 3866 τοι]

1833 3796 2013 3855 Ιιοιηο.
2039 3795 2222 3864 Atqui,
2253 3794 2445 3861 inquit,
2480 3794 2659 3848 otnnia
2716 3792 2948 3862 complet
2984 3790 3241 3853 Verbum,
3273 3805 3394 3843 cum

163 3877 339 3946 προὼν
374 3878 450 3941 ὡς
490 3878 773 3949 ἄνθρωπος
817 3882 1141 3952 γεγενῆσθαι
1178 3883 1373 3952 λέγοιτ’
1409 3888 1494 3948 ἂν,
1535 3888 1618 3939 ἵνα
1656 3889 1729 3957 μὴ

159 3964 252 4029 τῆς
297 3965 382 4030 είς
408 3965 471 4020 τὸ
513 3962 651 4019 εἶναι
684 3969 936 4036 παρόδου,
969 3972 1349 4043 πρεσϐυτέραν
1384 3976 1521 4043 ἔχων
1558 3974 1731 4043 ὁρῷτο

160 4056 250 4122 τὴν
289 4055 546 4127 ὓπαρξινο
584 4059 697 4111 ἀλλ’
745 4059 819 4121 ὠς
853 4059 984 4122 Θεὸς
1028 4062 1427 4131 προῦπάρχων,
1470 4064 1730 4133 λελάληκε

163 4143 254 4223 μὲν
279 4148 373 4199 τὸν
403 4148 587 4217 νόμον,
616 4150 864 4220 παρεῖναι
886 4149 939 4201 δέ
966 4167 1095 4219 φησι
1125 4150 1288 4213 ξένως
1316 4170 1372 4205 τε
1424 4157 1515 4205 καὶ
1571 4155 1732 4206 ὰσυν-

165 4236 307 4303 ήθως
346 4241 439 4291 ὅτε
492 4238 713 4305 γέγονεν
760 4239 1079 4309 ἄνθρωπος·
1113 4240 1246 4293 ἀλλὰ
1297 4242 1405 4304 ναὶ,
1457 4244 1611 4313 φησι,
1662 4245 1732 4297 τὰ

162 4327 335 4380 πάντα
374 4328 573 4398 πληροῖ
610 4328 739 4391 Θεὸς
770 4329 845 4382 ὢν
890 4332 917 4383 6
958 4332 1163 4398 Λόγοςθ
1197 4333 1311 4396 πῶς
1359 4330 1451 4387 οὖν
1487 4334 1593 4403 ἄρα
1640 4338 1732 4388 καὶ

162 4418 478 4489 ἀπεστάλης
517 4420 619 4472 ποῦ
652 4419 760 4490 γὰρ
790 4422 889 4472 οὐκ
912 4417 978 4491 ἦν
1003 4422 1030 4472 6
1059 4423 1233 4475 πάντα
1264 4422 1521 4494 πληρῶνς
1555 4426 1619 4477 Τί
1649 4426 1730 4488 δὲ,

1834 3884 1905 3938 sit
1932 3884 2103 3939 Deus:
2129 3885 2395 3952 quomodo
2424 3885 2585 3953 igitur
2613 3884 2774 3937 etiam
2795 3886 2992 3937 missus
3013 3882 3137 3935 est?
3163 3895 3281 3934 nam
3306 3878 3396 3931 ubi

1834 3988 1938 4028 non
1986 3984 2103 4027 erat
2142 3974 2230 4041 qui
2261 3973 2489 4041 complet
2521 3969 2738 4025 omnia?
2775 3970 2911 4037 Quid
2948 3986 3094 4039 ergo,
3122 3970 3207 4024 dic
3239 3970 3391 4031 mihi,

1834 4065 2069 4118 divinam
2110 4073 2459 4133 sanctamque
2497 4061 2811 4117 Trinitatem
2859 4071 3261 4117 coarctatamne
3303 4076 3400 4128 pu-

1834 4158 2088 4219 tabimus,
2115 4174 2179 4209 an
2204 4173 2299 4225 per
2338 4154 2516 4211 omnia
2543 4154 2751 4209 dilatari
2806 4165 2861 4208 et
2887 4154 3064 4209 omnia
3093 4153 3401 4222 complere?

1836 4250 1890 4304 ld
1914 4251 1956 4303 si
2000 4252 2070 4303 ita
2106 4260 2207 4311 est,
2241 4249 2507 4317 quomodo
2532 4262 2755 4315 magnus
2784 4246 2874 4299 ille
2900 4245 3097 4309 Moses,
3121 4260 3242 4299 cum
3281 4244 3401 4313 qui-

1835 4344 1957 4395 dam
1988 4359 2016 4394 e
2042 4341 2233 4408 priscis
2270 4339 2575 4393 hominibus
2608 4337 2795 4390 turrim
2813 4336 3145 4391 aediﬁcarent
3166 4337 3231 4389 ad
3286 4351 3401 4390 cu:-

1837 4434 1945 4486 lum
1975 4447 2142 4500 usque
2178 4432 2593 4499 pertingentem,
2635 4430 2845 4483 induxit
2882 4428 3149 4481 dicentem
3176 4426 3344 4482 Deum
3385 4444 3398 4479 :

161 4510 276 4562 είπέ
310 4526 424 4577 μοι,
461 4510 559 4580 τὴν
585 4511 731 4563 θείαν
767 4512 860 4563 καὶ
889 4512 1169 4580 ὀμοούσιον
1198 4514 1402 4583 Τριὰδα
1442 4517 1729 4569 συνεσταλ-

1842 4545 1857 4575 ι
1900 4523 2110 4584 Venite,
2137 4522 2527 4575 descendamus
2548 4530 2604 4575 et
2645 4520 3036 4574 eonfundamus
3089 4518 3161 4574 ibi
3194 4517 3403 4586 linguas

161 4598 245 4651 θαι
292 4599 562 4670 δώσομεν,
612 4602 644 4673 ἢ
714 4602 1138 4671 κατευρύνεσθαί
1192 4621 1250 4656 τε
1290 4605 1395 4659 τῶν
1443 4606 1598 4671 ὅλων,
1634 4609 1730 4660 καὶ

160 4692 333 4745 πάντα
384 4692 658 4763 πληροῦν;
713 4690 845 4746 Εἶτα
897 4693 1014 4757 πῶς
1061 4697 1194 4765 ημῖν
1238 4699 1265 4750 6
1300 4698 1471 4766 μέγας
1504 4700 1729 4768 Μωσῆς,

159 4783 238 4832 ὅτε
277 4781 367 4833 τὸν
396 4782 751 4852 οὐρανομήκη
784 4784 991 4854 πύργον
1038 4784 1387 4854 ἀνεδείμαντό
1435 4804 1578 4849 τινες
1622 4787 1729 4839 τῶν

164 4872 558 4942 ἀρχαιοτέρων,
582 4875 925 4945 εἰσκεκόμικε
952 4875 1174 4943 λέγοντα
1203 4878 1294 4930 τὸν
1315 4877 1443 4930 Θεόν
1500 4898 1518 4929 ι
1545 4878 1730 4942 Δεῦτε,

164 4964 253 5014 καὶ
292 4963 636 5025 καταϐάντες
674 4967 989 5035 συγχέωμεν
1038 4969 1153 5020 ἐκεῖ
1194 4968 1293 5031 τὰς
1338 4968 1587 5037 γλώσσας
1634 4971 1731 5025 αὑ·

162 5053 299 5119 τῶν;
346 5072 364 5105 ι
404 5054 573 5117 Ποίας
621 5056 787 5109 ἐδεῖτο
816 5057 1164 5121 καταϐάσεως
1210 5062 1497 5129 ήοὺρανόν
1534 5078 1593 5114 τε
1640 5062 1733 5114 καὶ

164 5146 263 5213 γῆν
298 5148 703 5213 ἀναπιμπλᾶσα
758 5150 944 5217 φύσιςς
994 5150 1305 5221 Γέγραπται
1354 5152 1408 5204 δὲ
1466 5154 1557 5205 καὶ
1608 5154 1733 5223 περὶ

162 5237 251 5288 τοῦ
289 5240 449 5306 ἁγίου
488 5239 821 5306 Πνεύματος,
847 5240 927 5292 ὅτι
958 5260 974 5290 ι
1020 5242 1239 5311 Πνεῦμα
1290 5245 1491 5314 Κυρίου
1528 5245 1739 5315 πεπλή-

166 5341 302 5392 ρωκε
339 5328 439 5396 τὴν
466 5330 809 5399 οἰκουμένην.
838 5351 853 5380 ι
878 5331 1081 5385 Ψᾶλλει
1103 5335 1194 5385 καί
1224 5352 1385 5405 φησιν
1420 5338 1447 5387 6
1471 5338 1738 5407 μακάριος

166 5417 322 5470 Δαϐὶδ
357 5419 492 5488 περὶ
532 5419 639 5472 τῶν
670 5419 727 5471 ὲν
761 5423 829 5490 γῇ
876 5423 1140 5492 κειμένων
1171 5426 1303 5494 πρὸς
1335 5428 1422 5479 τὸν
1454 5431 1735 5492 ζωοποιεῖν

168 5508 419 5577 ἰσχύοντα
454 5510 587 5564 Θεόν
609 5527 622 5541 ·
660 5530 677 5565 ι
724 5510 1128 5578 Ἐξαποστελεῖς
1164 5517 1223 5570 τὸ
1266 5518 1488 5589 Πνεῦμα
1518 5537 1609 5571 σου
1641 5521 1733 5573 καὶ

232 5710 275 5779 of
316 5707 420 5764 ιη,
456 5726 567 5774 LM,
624 5714 673 5769 ι,
722 5712 783 5776 2;
817 5710 947 5771 an,
1008 5729 1079 5778 Iv,
1134 5714 1213 5779 l8,
1256 5717 1333 5770 19.

161 5778 205 5807 ³³
242 5777 387 5835 Psztl.
430 5795 550 5845 CIII,
579 5779 666 5835 50.

1440 5719 1482 5747 ⁶⁸
1522 5720 1623 5773 lsa.
1658 5733 1810 5784 um,
1841 5718 1889 5771 9.

1838 4630 2023 4669 eorum
2058 4614 2142 4665 ὀἳ
2177 4633 2195 4664 ι
2242 4611 2484 4677 Quanam
2515 4611 2867 4665 descensione
2894 4624 3029 4678 opus
3055 4608 3287 4663 habebat
3310 4608 3402 4663 illa

1839 4719 1957 4773 quae
1981 4703 2174 4759 ctelum
2208 4718 2273 4757 ac
2317 4710 2489 4756 terras
2515 4700 2747 4770 complet
2776 4691 3001 4751 natura?
3024 4697 3293 4765 Scriptum
3318 4707 3402 4751 est

1838 4796 1997 4849 etiam
2022 4794 2088 4851 de
2117 4804 2303 4847 sancto
2321 4792 2520 4862 Spiritu
2555 4811 2569 4847 :
2603 4810 2621 4841 ι
2662 4791 2897 4861 Spiritus
2948 4790 3157 4844 Domini
3184 4789 3407 4858 replevit

1840 4889 2027 4941 orbem
2054 4897 2320 4940 terrarum
2346 4886 2410 4937 τί.
2449 4904 2465 4936 ι
2505 4883 2694 4938 Psallit
2724 4893 2985 4952 prreterea
3004 4882 3191 4937 beatus
3211 4880 3396 4945 David,

1842 4992 1905 5031 ac
1930 4981 1994 5031 de
2022 4977 2103 5028 his
2135 4976 2222 5041 qui
2267 4976 2319 5027 in
2370 4974 2528 5027 terris
2563 4982 2687 5027 sunt
2715 4974 2892 5040 positi,
2917 4987 3037 5025 cum
3090 4972 3196 5023 Deo
3226 4970 3403 5038 loqui-

1842 5080 1945 5133 tur,
1978 5070 2068 5138 qui
2098 5067 2366 5120 vivilicare
2399 5075 2571 5133 potest
2602 5081 2618 5117 :
2658 5082 2675 5114 ι
2705 5064 2924 5117 Etnittes
2952 5062 3207 5131 Spiritum
3231 5071 3401 5124 tuum,

1840 5169 1894 5213 et
1924 5158 2268 5221 creabuntur,
2304 5164 2356 5208 et
2383 5154 2664 5209 renovabis
2687 5153 2876 5207 faciem
2910 5164 3065 5205 terra:
3088 5153 3167 5216 7';
3223 5170 3241 5202 ι
3272 5168 3403 5217 quo-

1841 5253 1998 5305 modo
2028 5250 2256 5303 mittitur
2292 5249 2381 5316 qni
2428 5248 2659 5316 complet
2708 5244 3028 5300 omnia?Ne
3090 5245 3249 5313 igitur
3284 5258 3402 5296 tan-

1837 5353 1994 5407 quam
2074 5347 2287 5390 acutum
2346 5336 2598 5402 quiddam
2648 5343 2702 5387 et
2778 5333 3197 5402 inexpugnabile
3272 5346 3399 5399 pro-

1833 5429 2079 5497 ponendo
2148 5427 2309 5491 illud,
2394 5440 2460 5479 et
2518 5425 2626 5479 Deo
2708 5422 2867 5478 Patre
2940 5423 3199 5487 Verbum,
3277 5437 3399 5475 cum

1832 5521 2009 5575 omnia
2103 5519 2270 5588 possit
2358 5516 2675 5586 complere,
2739 5514 2883 5569 nnllo
2978 5514 3135 5567 modo
3215 5513 3398 5579 mitti,

2517 5712 2561 5743 ⁷⁰
2602 5710 2734 5766 Gen.
2766 5729 2839 5775 xl,
2872 5714 2921 5765 7.

1999 5716 2047 5747 “
2083 5715 2182 5769 lsu.
2237 5731 2331 5778 ιιι,
2362 5714 2412 5766 6.
2517 5712 2561 5743 ⁷⁰
2602 5712 2734 5766 Gen.
2766 5729 2839 5775 xl,
2872 5714 2921 5765 7.
3027 5714 3064 5743 ⁷¹
3111 5712 3236 5780 Sap.
3274 5726 3313 5775 I,
3343 5712 3396 5765 7.
