4072 6346
649 413 749 470 147

1641 417 1698 474 S.
1740 416 2014 474 CYRILLI
2055 417 2523 475 ALEXANDRIM
2563 420 2880 476 ARCIIIEP.

3796 418 3896 473 148

644 535 754 604 83
787 535 1000 589 coneris
1050 535 1334 590 veritatem
1368 534 1663 600 inﬁrmare,
1701 546 1754 590 et
1796 536 2039 606 mysterii
2105 537 2213 590 vim

2333 540 2742 611 ιτισθήσονται,
2799 539 2893 592 καὶ
2953 538 3284 600 ἀνακαινιεῖς
3336 537 3395 588 τὸ
3455 537 3744 606 πρόσωπον
3797 537 3896 602 τῆς

646 640 892 684 evertere
929 647 942 694 ;
976 629 1068 684 sed
1100 628 1226 683 illud
1281 629 1458 699 potius
1488 628 1685 696 cogita,
1726 642 1814 684 res
1854 628 2065 683 divinas
2115 628 2219 682 dici

647 721 864 786 quidem
899 723 1132 774 humano
1164 736 1332 783 more,
1372 721 1450 774 sic
1478 731 1657 774 autem
1692 735 1721 774 a
1763 719 1918 775 nobis
1966 719 2216 787 intelligi,

648 821 704 860 ιιι
739 808 883 862 Deus
914 810 1027 878 ipse
1055 810 1201 864 solus
1235 810 1357 874 scit,
1393 821 1446 863 et
1479 819 1536 863 ιιι
1579 809 1656 863 illi
1702 807 1880 864 facere
1918 809 2084 865 moris
2113 820 2214 863 est.

649 898 754 950 Sed
781 899 902 965 quia
931 899 1237 952 unctionem
1280 910 1335 953 ιιι
1370 915 1481 953 rem
1532 899 1782 966 exiguam
1840 907 1894 952 et
1940 898 2218 962 humilem,

648 999 701 1040 et
728 985 997 1053 Unigeniti
1028 989 1196 1057 gloria
1244 990 1397 1059 longe
1443 989 1714 1058 indignam
1761 996 1933 1056 putat,
1959 1002 2078 1057 age,
2121 989 2222 1043 hac

650 1083 714 1137 de
751 1099 806 1137 re
827 1099 949 1152 qua:
979 1097 1215 1137 consona
1248 1094 1374 1138 sunt
1404 1085 1668 1147 dicamus,
1697 1089 1754 1134 ut
1784 1079 2026 1135 scandali
2055 1093 2220 1133 oeca-

651 1175 830 1228 siones
865 1175 1220 1244 praadicamus
1251 1195 1262 1230 :
1294 1176 1432 1246 Ergo
1460 1175 1506 1229 si
1552 1174 1714 1228 homo
1755 1187 1860 1227 non
1893 1181 1978 1226 est
2023 1169 2219 1234 factus,

651 1265 882 1320 humana
953 1268 1186 1335 reiiciat,
1235 1268 1696 1335 dispensationem
1753 1273 1963 1321 recuset
2003 1273 2063 1318 ut
2104 1278 2224 1334 quae

652 1360 917 1414 minorem
955 1361 1098 1414 illum
1129 1360 1310 1427 faciat,
1341 1369 1394 1416 et
1427 1376 1455 1413 a
1486 1375 1738 1430 suprema
1774 1359 1859 1414 illa
1895 1358 2064 1428 gloria
2097 1356 2224 1411 divi-

650 1464 827 1518 naque
871 1452 1190 1506 excellentia
1226 1454 1295 1507 sit
1335 1452 1490 1522 longe
1546 1461 1749 1505 remota
1783 1470 1795 1504 :
1834 1452 2026 1519 exigua
2074 1464 2223 1503 nam-

650 1556 755 1608 que
779 1551 905 1594 sunt
930 1544 1026 1611 ipsi
1060 1542 1231 1598 Verbo
1262 1554 1444 1598 nostra
1480 1543 1684 1597 omnia.
1721 1543 1826 1598 Sed
1859 1544 1983 1611 quia
2009 1543 2224 1613 sapien-

652 1635 722 1686 tia
753 1634 964 1701 plenum
1008 1647 1092 1690 est
1126 1637 1227 1690 hoc
1267 1639 1607 1708 mysterium,
1659 1652 1830 1705 neque
1858 1636 1933 1690 illi
1966 1637 2222 1705 rejicien-

653 1725 776 1777 dum
801 1728 1189 1780 exinanitionis
1230 1745 1388 1797 opus,
1440 1745 1537 1783 cur
1569 1745 1628 1782 ea
1657 1743 1777 1797 quae
1827 1737 1972 1782 recte
2005 1731 2220 1794 habent,

650 1817 914 1873 audacter
945 1834 1188 1882 accusas,
1223 1830 1276 1874 et
1314 1820 1457 1888 quod
1510 1819 1652 1872 illius
1694 1818 1900 1886 judicio
1951 1833 2227 1874 commen-

653 1909 834 1975 datur,
893 1920 952 1962 ut
1015 1911 1330 1965 indecorum
1399 1909 1718 1965 aversaris?
1753 1908 1950 1964 Vidisti
2008 1903 2303 1964 unetuntB

652 1999 888 2054 humano
950 2016 1102 2055 more
1145 2001 1317 2057 ivide
1385 2004 1636 2056 eumdem
1691 2002 1947 2056 divinitus
2008 2015 2226 2069 ungere.

654 2091 930 2161 Scriptum
964 2101 1048 2146 est
1073 2094 1215 2146 enim
1238 2110 1253 2146 :
1279 2112 1296 2144 ι
1334 2092 1738 2147 Testimonium
1762 2093 2036 2163 perhibuit
2065 2091 2230 2149 Joan-

651 2196 766 2244 nes,
810 2183 1050 2236 dicens:
1099 2184 1234 2248 Quia
1293 2184 1401 2237 vidi
1463 2183 1724 2252 Spiritum
1809 2183 2227 2238 descendentem

655 2274 807 2340 quasi
855 2273 1178 2339 columbam,
1228 2285 1281 2330 et
1330 2284 1633 2329 manentem
1697 2289 1860 2344 super
1921 2275 2139 2344 ipsum;
2177 2287 2232 2330 et

657 2378 758 2434 ego
781 2366 1088 2420 nesciebam
1118 2383 1262 2429 eum,
1289 2368 1380 2421 sed
1410 2367 1499 2435 qui
1539 2367 1687 2420 misit
1740 2383 1825 2421 me
1855 2367 2134 2436 baptizare
2175 2368 2229 2421 in

657 2472 818 2525 aqua,
845 2457 930 2511 ille
954 2459 1081 2510 mihi
1117 2459 1287 2512 dixit:
1313 2459 1488 2527 Super
1528 2474 1685 2527 quem
1721 2459 1923 2513 videris
1971 2458 2229 2527 Spiritum

659 2548 1078 2602 descendentem
1113 2559 1168 2603 et
1200 2560 1506 2604 manentem
1532 2565 1696 2618 super
1729 2564 1875 2612 eum,
1906 2551 1994 2603 hic
2021 2559 2103 2604 est
2138 2550 2230 2618 qui

659 2641 895 2708 baptizat
927 2642 978 2694 in
1017 2641 1219 2712 Spiritu
1254 2653 1444 2697 sancto
1473 2661 1486 2708 ;
1523 2651 1575 2696 et
1610 2643 1738 2706 vidi,
1768 2651 1821 2696 et
1869 2644 2229 2697 testimonium

657 2734 921 2802 perhibui,
951 2738 1075 2802 quia
1100 2735 1184 2788 hic
1205 2745 1287 2788 est
1327 2733 1495 2788 Filius
1541 2733 1630 2788 Dei
1659 2734 1798 2788 7"“.
1836 2751 1854 2785 ι
1882 2733 2017 2799 Quid
2049 2733 2233 2788 enim?

658 2826 1084 2880 humanitatisne
1127 2840 1263 2894 opus
1306 2841 1427 2880 esse
1473 2824 1609 2878 dicis
1665 2825 1940 2891 baptizare
1982 2837 2138 2891 posse
2177 2823 2229 2876 in

656 2911 863 2982 Spiritu
914 2926 1106 2971 sancto
1163 2914 1502 2970 credentes?
1566 2915 1725 2982 Atqui
1806 2913 2073 2981 quomodo
2127 2927 2229 2966 non

654 3006 880 3062 Stultum
929 3009 1001 3063 sit
1048 3018 1239 3075 putare
1293 3006 1407 3061 haec
1447 3006 1518 3060 ita
1566 3021 1626 3060 se
1671 3004 1868 3058 habere
1899 3004 1921 3056 ?
1952 3004 2232 3069 Quomodo

654 3099 822 3165 enim,
855 3100 998 3167 quod
1034 3101 1211 3153 minus
1244 3111 1348 3161 est,
1406 3096 1873 3166 participationem
1934 3097 2007 3150 rei
2073 3095 2232 3165 longe

2326 634 2459 703 γῆς·
2502 652 2520 682 ι
2558 634 2674 696 πῶς
2709 630 3155 697 ἐξαποστέλλεται
3185 630 3245 683 τὸ
3285 630 3463 683 πάντα
3491 628 3758 699 πληροῦν;
3806 627 3898 696 Μὴ

2325 723 2509 775 τοίνυν
2553 722 2628 784 ώς
2672 722 2833 791 σοφόν
2885 738 2945 774 τε
3002 720 3096 773 καλ⁷
3148 718 3350 772 δυσανά
3383 717 3455 789 (1)
3487 716 3758 787 προτιθεὶς
3807 716 3898 767 τὸν

2328 816 2504 869 πάντα
2544 813 2782 884 πληροῦν
2824 811 3108 883 ίσχύοντα,
3148 811 3240 863 τὸν
3291 811 3353 862 ἐκ
3391 809 3523 861 Θεοῦ
3556 808 3763 878 [ἰατρὸς
3794 807 3899 860 Λό-

2328 923 2445 975 γον,
2482 906 2768 973 ἀνέφικτον
2799 904 2941 974 ἔχειν
2972 904 3070 971 τὴν
3103 900 3388 970 ἐπιστολὴν
3416 898 3523 970 [ῑσ.
3547 895 3895 968 ἀποστολὴν],

2329 998 2626 1070 παραλύειν
2649 997 2867 1064 ἐπείγου
2893 997 2953 1049 τὸ
2983 994 3202 1066 ἀληθὲς,
3236 993 3330 1046 καὶ⁸
3351 993 3449 1062 τὴν
3477 991 3571 1044 τοῦ
3600 990 3898 1060 μυστηρίου

2328 1092 2559 1163 δύναμιν
2581 1090 2906 1162 ἀνατρέπειν
2927 1106 2940 1120 ·
2961 1089 3128 1143 ἐννόει
3146 1089 3200 1142 δέ
3225 1088 3444 1159 μᾶλλον,
3462 1087 3542 1140 ὃτι
3563 1086 3776 1154 λέγεται
3803 1085 3901 1154 μὲν

2336 1185 2691 1255 ἀνθρωπίνως
2744 1183 2812 1236 τὰ
2853 1183 2983 1254 περὶ
3025 1181 3159 1234 Θεοῦ
3183 1198 3196 1212 ο
3242 1182 3443 1234 νοεῖται
3493 1179 3549 1233 δέ
3584 1177 3726 1231 οὕτω
3764 1175 3901 1247 πρὸς

2329 1278 2499 1347 ἡμᾶς,
2522 1275 2597 1340 ὡς
2622 1276 2688 1330 ἂν
2710 1275 2870 1338 αὑτός
2904 1291 2962 1327 τε
2986 1273 3150 1344 εἰδείη
3175 1272 3269 1326 καὶ
3303 1271 3485 1341 μόνος,
3504 1270 3598 1324 καὶ
3615 1270 3748 1340 δρᾷν
3780 1268 3902 1330 ἔθος

2330 1367 2496 1438 αὐτῷ.
2540 1366 2757 1436 Ἐπειδὴ
2789 1367 2845 1420 δέ
2874 1365 2949 1426 ώς
2979 1364 3151 1435 βραχὺ
3182 1363 3275 1416 καὶ
3304 1361 3662 1432 ἀνθρώπινον,
3689 1359 3902 1428 καὶτῆς

2329 1461 2423 1514 τοῦ
2456 1458 2793 1526 Μονογενοῦς
2837 1457 2993 1523 ἀξίας
3032 1455 3363 1527 ἡττώμενον,
3394 1454 3647 1524 ἀμέτρως
3685 1451 3901 1521 δέχεται

2329 1552 2428 1623 τὴν
2451 1552 2645 1622 χρῆσιν
2673 1549 2782 1621 [τσ.
2813 1546 3037 1620 χρίσιν],
3071 1547 3202 1618 φέρε
3223 1547 3293 1600 τὰ
3313 1547 3495 1599 εἰκότα
3519 1545 3611 1599 καὶ
3636 1545 3714 1606 εἰς
3744 1542 3902 1596 τοῦτο

2330 1644 2596 1716 λέγωμεν,
2629 1643 2727 1706 τὰς
2778 1642 2873 1695 τοῦ
2925 1641 3216 1694 σκανδάλου
3251 1640 3468 1701 λύοντες
3520 1636 3795 1708 ἀφορμάς.
3839 1634 3903 1687 Εἰ

2335 1736 2434 1805 μὲν
2461 1731 2555 1789 οὖν
2582 1735 2643 1787 οὑ
2667 1735 2887 1803 γέγονεν
2914 1733 3217 1802 ἄνθρωπος,
3242 1730 3579 1784 ἀποσειέσθω
3599 1730 3666 1781 τά
3695 1727 3906 1798 ἀνθρώ-

2332 1843 2486 1889 πινα,
2536 1824 2908 1896 παραιτείσθω
2957 1823 3054 1895 τὴν
3089 1822 3421 1892 οἰκονομίαν,
3455 1819 3528 1882 ὡς
3573 1821 3630 1872 ἐν
3681 1815 3905 1886 μειώσει

2330 1917 2573 1970 τιθεῖσαν
2612 1915 2796 1978 αὐτὸν,
2831 1915 2926 1968 καὶ
2954 1916 3052 1981 τῆς
3081 1914 3341 1967 ἀνωτάτω
3372 1909 3529 1980 δόξης
3559 1910 3651 1962 καὶ
3681 1907 3910 1976 θεοπρε-

2331 2006 2467 2070 ποῦς
2490 2007 2762 2077 ὑπεροχῆς
2789 2005 3017 2058 κατόπιν
3041 2005 3211 2056 ἱεῖσαν
3233 2019 3246 2031 ·
3277 2001 3483 2072 σμικρά
3507 2001 3614 2070 γὰρ
3644 1999 3719 2068 τῷ
3746 1999 3908 2068 Λόγῳ

2330 2099 2398 2153 τά
2431 2101 2551 2153 καθ’
2578 2101 2745 2170 ἡμᾶς.
2777 2097 2995 2168 Ἐπειδὴ
3026 2097 3083 2150 δὲ
3138 2095 3301 2165 σοφὸν
3347 2092 3560 2162 ἀληθῶς
3594 2091 3654 2145 τὸ
3686 2093 3909 2161 μυστή-

2333 2208 2470 2262 ριον,
2493 2192 2586 2243 καὶ
2617 2191 2716 2244 οὐκ
2740 2189 3044 2259 ἀπόϐλητον
3077 2187 3225 2258 αύτῷ
3249 2187 3311 2239 τὸ
3336 2187 3434 2257 τῆς
3460 2184 3742 2247 κενώσεως
3768 2183 3909 2255 χρῆ-

2335 2299 2431 2352 μα,
2455 2281 2506 2333 τί
2531 2283 2638 2344 τοῖς
2665 2279 2840 2351 ὀρθῶς
2862 2279 3066 2349 έχουσι,
3095 2276 3478 2349 ῥιψοκινδύνως
3506 2277 3784 2346 ἐπιτιμᾷς,
3811 2275 3909 2329 καὶ

2330 2373 2392 2425 τὸ
2419 2374 2538 2435 ταῖς
2591 2370 2755 2424 αὑτοῦ
2809 2372 3009 2440 ψήφοις
3070 2368 3522 2438 στεφανούμενον,
3566 2367 3642 2431 ὡς
3673 2366 3910 2429 ἀκαλλὲς

2331 2463 2655 2533 ἀποτρέπῃ;
2694 2458 2846 2524 Εἶδες
2889 2462 3174 2532 χριόμενον
3205 2460 3597 2530 ἀνθρωπίνως;
3662 2459 3764 2528 ὅρα
3815 2457 3910 2510 τὸν

2333 2555 2492 2608 αὑτὸν
2522 2555 2619 2608 καὶ
2665 2553 2888 2625 χρίοντα
2926 2553 3154 2616 θεῖκῶς·
3186 2553 3492 2623 γέγραπται
3529 2551 3658 2623 γὰρ,
3696 2553 3776 2605 ὅτι
3812 2553 3911 2606 καὶ

2339 2666 2357 2699 ι
2394 2647 2807 2718 Ἐμαρτύρησεν
2848 2646 3120 2716 Ἰωάννης,
3147 2646 3349 2714 λέγων·
3387 2646 3509 2697 ’Ότι
3546 2644 3810 2714 τεθέαμαι
3847 2643 3910 2696 τὸ

2333 2741 2557 2810 Πνεῦμα
2591 2741 2921 2794 καταϐαῖνον
2957 2739 3088 2791 ώσεῖ
3131 2737 3481 2808 περιστερὰν,
3507 2739 3600 2790 καὶ
3631 2737 3791 2806 μένον
3821 2737 3910 2789 ἐπ’

2333 2832 2495 2885 αὐτόν
2516 2849 2530 2862 ο
2563 2831 2716 2896 κάγὼ
2743 2831 2843 2884 οὐκ
2872 2831 3018 2901 ᾔδειν
3042 2830 3203 2884 αὐτόν
3225 2847 3239 2861 °
3267 2830 3381 2883 ἀλλ’
3403 2833 3430 2884 6
3465 2830 3687 2900 πέμψας
3717 2847 3783 2900 με
3815 2828 3913 2899 βα-

2333 2922 2542 2987 πτίζειν
2569 2925 2625 2976 ἐν
2649 2922 2819 2988 ὕδατι,
2839 2923 3041 2985 ἐκεῖνός
3065 2940 3153 2992 μοι
3183 2917 3333 2974 εἷπεν
3353 2939 3367 2954 ο
3400 2922 3513 2991 Ἐφ’
3531 2921 3589 2974 ὃν
3619 2921 3683 2974 ἂν
3713 2920 3829 2992 ἴδῃς
3850 2919 3914 2972 τὸ

2333 3013 2556 3082 Πνεῦμα
2585 3013 2908 3066 καταϐαῖνον
2937 3013 3030 3066 καὶ
3047 3013 3204 3082 μένον
3227 3013 3316 3064 ἐπ’
3342 3012 3521 3075 αὐτὸν,
3541 3004 3696 3074 οῦτός
3713 3011 3860 3064 ἐστιν
3883 3012 3913 3063 6

2335 3105 2611 3174 βαπτίζων
2641 3105 2699 3158 ἐν
2731 3104 2808 3175 τῷ
2828 3104 3107 3174 Πνεύματι
3137 3104 3212 3174 τῷ
3236 3104 3404 3174 ἁγίῳ’
3437 3104 3532 3156 καὶ
3551 3103 3792 3174 ἑώρακα,
3817 3104 3914 3158 καὶ

655 3192 880 3261 majoris
925 3192 1243 3261 largietur?
1278 3191 1410 3244 Illud
1456 3190 1619 3242 etiam
1679 3187 1991 3242 consideres
2047 3188 2229 3250 velim,

2337 3195 2760 3267 μεμαρτύρηκα,
2809 3197 2889 3248 ὅτι
2947 3190 3100 3258 οὗτός
3148 3197 3295 3248 ἐστιν
3331 3195 3360 3246 6
3394 3195 3520 3257 Υίὸς
3561 3194 3654 3248 τοῦ
3697 3194 3856 3247 Θεοῦ.
3887 3213 3908 3247 ι

656 3283 805 3339 illum
833 3285 1007 3352 ipsum
1045 3299 1208 3352 super
1245 3297 1405 3352 quem
1441 3281 1676 3350 Spiritus
1708 3280 1988 3334 advolasse
2031 3281 2230 3334 dicitur

658 3387 712 3432 et
744 3378 1006 3433 mansisse
1031 3392 1193 3446 super
1222 3391 1368 3440 eum,
1399 3376 1451 3428 in
1490 3373 1691 3442 Spiritu
1721 3384 1910 3427 sancto
1934 3372 2228 3439 baptizare,

655 3470 798 3538 quod
831 3469 1078 3523 videlicet
1111 3477 1165 3522 ut
1190 3468 1327 3521 Deus
1357 3467 1640 3522 credentes
1680 3479 1777 3517 suo
1808 3462 2010 3532 Spiritu
2037 3477 2231 3530 perun-

653 3569 744 3625 gat
769 3577 784 3626 ;
819 3560 1000 3627 itaque
1019 3559 1213 3613 revixit
1241 3573 1271 3612 e
1305 3557 1552 3618 mortuis,
1583 3566 1636 3610 et
1659 3555 1955 3610 insutllavit
1985 3555 2037 3607 in
2067 3553 2231 3607 disci-

655 3647 831 3716 pulos,
885 3649 1106 3702 dicens:
1138 3666 1156 3699 ι
1212 3647 1454 3715 Accipite
1501 3646 1764 3715 Spiritum
1807 3654 2054 3699 sanctum
2085 3645 2173 3710 ";
2208 3662 2226 3695 ι

655 3755 817 3808 quem
867 3741 956 3807 qui
1000 3747 1341 3808 acceperant,
1378 3739 1672 3792 dicebant:
1709 3754 1727 3787 ι
1777 3735 1884 3790 Nos
1911 3745 2090 3789 autem
2126 3751 2230 3789 non

655 3833 908 3901 spiritum
962 3832 1122 3901 hujus
1150 3832 1334 3886 mundi
1367 3831 1698 3900 accepimus,
1724 3830 1817 3883 sed
1841 3827 2102 3896 Spiritum
2139 3827 2230 3896 qui

655 3940 722 3978 ex
755 3925 862 3979 Deo
885 3934 987 3988 est,
1020 3933 1076 3978 ut
1109 3926 1346 3980 sciamus
1378 3940 1498 3992 qua:
1535 3940 1563 3977 a
1615 3924 1724 3977 Deo
1760 3922 1955 3976 donata
1983 3931 2110 3976 sunt
2133 3937 2230 3976 no-

657 4017 742 4070 bis
765 4017 834 4068 ".
873 4035 889 4068 ι
919 4015 1120 4070 Scribit
1154 4017 1316 4069 etiam
1348 4017 1540 4070 beatus
1575 4014 1814 4068 Paulus:
1850 4031 1867 4065 ι
1906 4013 2006 4078 Qui
2050 4023 2230 4067 autem

657 4108 711 4162 in
740 4122 902 4162 carne
949 4118 1093 4174 sunt,
1138 4106 1250 4163 Deo
1278 4107 1489 4177 placere
1519 4121 1623 4160 non
1656 4115 1896 4174 possunt.
1923 4104 2030 4158 Vos
2054 4113 2230 4158 autem

655 4214 765 4254 non
825 4200 956 4254 estis
985 4200 1037 4253 in
1074 4214 1259 4262 carne,
1309 4199 1403 4253 sed
1448 4199 1498 4252 in
1542 4197 1755 4266 Spiritu,
1814 4196 2077 4263 siquidem
2114 4194 2234 4262 Spi-

657 4291 796 4345 ritus
829 4291 919 4345 Dei
958 4291 1168 4345 h‘abitat
1209 4291 1261 4343 in
1296 4291 1467 4343 vobis.
1503 4288 1558 4342 Si
1603 4288 1723 4355 quis
1757 4296 1936 4341 autem
1969 4285 2231 4354 Spiritum

657 4383 859 4437 Christi
889 4397 992 4434 non
1019 4382 1199 4445 habet,
1226 4382 1314 4435 hic
1343 4397 1448 4435 non
1476 4393 1559 4435 est
1587 4379 1702 4446 ejus
1728 4379 1796 4435 ⁷⁷.
1822 4397 1840 4430 ι
1875 4379 2051 4447 Atque
2065 4377 2230 4431 etiam

657 4474 785 4528 alibi
834 4491 847 4527 :
899 4492 916 4523 ι
985 4474 1310 4542 Quicunque
1356 4473 1549 4540 spiritu
1588 4470 1678 4525 Dei
1705 4480 1958 4540 aguntur,
2015 4469 2070 4522 hi
2108 4479 2235 4522 sunt

2333 3285 2478 3357 *Λρα
2507 3287 2615 3358 γάρ
2650 3287 3063 3358 ἀνθρωπότητος
3086 3288 3241 3357 ἔργον
3287 3283 3423 3339 εἶναι
3469 3287 3575 3355 φὴς
3615 3287 3676 3339 τὸ
3718 3287 3915 3356 βαπτί-

2335 3378 2447 3441 ζειν
2482 3377 2742 3430 δύνασθαι
2774 3379 2898 3439 τοὺς
2935 3376 3289 3437 πιστεύοντας
3337 3377 3392 3428 ἐν
3427 3375 3564 3444 ἁγίῳ
3595 3374 3912 3442 Πνεύματι;

2335 3469 2512 3521 καίτοι
2542 3468 2656 3530 πῶς
2682 3470 2780 3520 ούκ
2814 3467 3008 3538 εῦηθες
3037 3469 3095 3521 τὸ
3133 3468 3274 3520 οὓτω
3313 3467 3456 3536 ἔχειν
3480 3466 3686 3519 οἴεσθαι
3714 3467 3874 3520 ταυτί
3898 3482 3912 3529 ;

2311 3560 2458 3623 ’Πῶς
2489 3561 2598 3631 γὰρ
2632 3564 2692 3613 τὸ
2737 3563 2886 3630 μεῖον
2927 3562 3026 3628 τὴν
3060 3561 3155 3613 τοῦ
3190 3558 3519 3629 προῦχοντος
3559 3558 3917 3628 ἀσυγκρίτωε

2335 3656 2601 3722 χαριεῖται
2629 3651 2872 3722 μέθεξιν;
2905 3653 3092 3722 Ἀθρει
3113 3651 3167 3703 δὲ
3199 3652 3280 3703 ὃτι
3307 3650 3463 3712 αὐτὸς
3482 3651 3707 3712 ἐκεῖνος,
3741 3650 3828 3717 ἐφ’
3857 3649 3916 3701 ὃν

2337 3743 2682 3811 καταπτῆναι
2708 3743 2769 3795 τὸ
2800 3741 3023 3812 Πνεῦμα
3051 3742 3288 3809 λέγεται,
3321 3739 3499 3810 μεῖναί
3523 3756 3580 3792 τε
3613 3739 3699 3790 ἐπ’
3728 3738 3914 3800 αὑτὸν,

2336 3832 2394 3884 ἐν
2425 3833 2564 3903 ἁγίῳ
2602 3833 2853 3901 βαπτίζει
2887 3834 3164 3903 Πνεύματι
3190 3875 3203 3899 ,
3238 3833 3552 3904 καταχρίων
3582 3832 3638 3885 δὲ
3673 3832 3918 3902 δηλονότι

2335 3925 2461 3986 τοὺς
2492 3926 2845 3988 πιστεύοντας
2879 3926 2952 3989 ώς
2998 3927 3130 3987 θεὸς
3182 3925 3260 3996 τῷ
3319 3925 3433 3996 ἰδίῳ
3470 3925 3748 3995 Πνεύματι
3771 3941 3784 3953 ·
3821 3924 3918 3977 καὶ

2336 4020 2468 4089 γοῦν
2499 4022 2699 4074 ἀνεϐίω
2733 4021 2831 4090 μὲν
2867 4024 2929 4074 ἐκ
2964 4021 3196 4092 νεκρῶν,
3235 4022 3538 4091 ἐνεφύσησε
3563 4021 3618 4073 δὲ
3652 4023 3764 4082 τοῖς
3807 4037 3918 4089 μα-

2338 4112 2548 4181 θηταῖς,
2590 4113 2797 4180 λέγων’
2830 4134 2846 4164 ι
2870 4113 3076 4168 Λάϐετε
3111 4113 3332 4184 Πνεῦμα
3370 4113 3558 4181 ἅγιονο
3594 4131 3610 4164 ι
3648 4112 3782 4164 οἱδέ
3819 4112 3916 4164 λα-

2337 4200 2524 4262 ϐόντες
2555 4201 2747 4267 φασίνο
2787 4219 2805 4252 ι
2829 4201 3016 4270 Ἡμεῖς
3049 4200 3108 4254 δὲ
3142 4201 3201 4253 ού
3250 4200 3312 4252 τὸ
3333 4199 3548 4269 πνεῦμα
3582 4199 3674 4252 τοῦ
3706 4199 3917 4270 κόσμου

2336 4292 2624 4364 ἐλάϐομεν,
2655 4293 2791 4346 ἀλλά
2821 4293 2878 4346 τὸ
2907 4292 3130 4363 Πνεῦμα
3155 4293 3217 4346 τὸ
3248 4295 3312 4344 ἐκ
3340 4291 3434 4345 τοῦ
3461 4291 3620 4354 Θεοῦ,
3650 4293 3736 4344 ἶνα
3763 4292 3921 4345 εἰδῶ-

2341 4403 2437 4454 μεν
2462 4387 2528 4438 τὰ
2560 4386 2623 4437 ἐκ
2644 4384 2738 4437 τοῦ
2770 4383 2905 4436 Θεοῦ
2932 4383 3260 4454 χαρισθέντα
3288 4384 3440 4451 ἡμῖν.
3470 4401 3488 4433 ›
3517 4381 3722 4452 Γράφει
3741 4381 3797 4434 δὲ
3826 4382 3919 4435 καὶ

2336 4474 2364 4524 ό
2395 4472 2705 4542 σοφώτατος
2741 4472 2984 4535 Παῦλος’
3029 4474 3130 4524 «Oi
3179 4472 3235 4525 δὲ
3282 4473 3339 4524 ἐν
3372 4472 3536 4542 σαρκὶ
3577 4471 3750 4534 ὅντες,
3797 4473 3918 4543 Θεῷ

657 4565 753 4621 ﬁlii
788 4565 882 4619 Dei
909 4566 974 4618 ⁷⁸.
1017 4587 1033 4617 ι
1070 4566 1208 4635 Ergo
1239 4580 1359 4621 cum
1391 4565 1593 4620 videris
1619 4578 1741 4618 eum
1775 4562 1994 4632 proprio
2015 4570 2229 4616 unctum

2341 4565 2535 4635 ἀρέσαι
2565 4566 2626 4617 οὐ
2664 4564 2938 4618 δύνανται.
2996 4566 3184 4635 Ὑμεῖς
3231 4566 3288 4618 δὲ
3332 4565 3431 4618 οὐκ
3473 4565 3593 4617 ἐστέ
3634 4566 3691 4617 ἐν
3729 4567 3915 4637 σαρκὶ,

667 4656 900 4723 Spiritu,
931 4664 1204 4710 memento
1252 4655 1397 4710 illius
1455 4656 1507 4708 in
1570 4670 1735 4709 carne
1787 4654 2235 4723 dispensationis,

660 4747 774 4820 84
828 4757 880 4802 et
918 4749 1094 4818 cogita
1129 4749 1418 4801 humanam
1455 4757 1703 4800 naturam
1743 4765 1756 4801 :
1791 4761 1911 4800 cum
1936 4746 2139 4800 videris
2170 4747 2237 4800 ab

658 4853 725 4890 eo
768 4835 1033 4906 Spiritum
1067 4837 1206 4900 dari,
1244 4851 1364 4890 cum
1414 4836 1517 4890 hoc
1558 4834 1716 4890 simul
1776 4835 2045 4888 admirare
2090 4835 2236 4888 illum

660 4929 825 4981 etiam
885 4928 937 4982 in
988 4928 1323 4982 humanitate
1370 4929 1556 4982 Deum.
1593 4927 1698 4982 Sed
1735 4929 1836 4981 iste
1866 4929 2238 4983 contentiosus

661 5018 796 5072 nihil
833 5021 1021 5072 horinn
1047 5030 1322 5086 reputans,
1354 5021 1431 5073 sic
1460 5035 1647 5072 rursus
1671 5021 1745 5070 ait
1780 5036 1793 5071 :

2343 4657 2458 4710 ἀλλ’
2489 4660 2546 4710 ἐν
2573 4657 2869 4726 Πνεύματι,
2899 4659 3055 4727 εἰπερ
3092 4656 3318 4728 Πνεῦμα
3353 4655 3484 4710 Θεοῦ
3511 4658 3648 4710 οἰκεῖ
3678 4659 3735 4711 ὲν
3768 4658 3915 4728 ὑμῖν.

2343 4748 2406 4800 El
2439 4747 2494 4800 δέ
2525 4765 2609 4810 τις
2639 4747 2860 4817 Πνεῦμα
2898 4746 3136 4818 Χριστοῦ
3168 4748 3266 4799 οὐκ
3295 4747 3429 4816 ἔχει,
3460 4742 3609 4809 οὗτος
3644 4746 3746 4799 οὐκ
3774 4745 3920 4798 ἐστιν

2341 4838 2528 4893 αὑτοῦ.
2560 4858 2577 4890 ι
2605 4839 2713 4894 Καὶ
2737 4841 2841 4911 μὴν
2871 4840 2965 4892 καὶ
2990 4841 3214 4910 ἑτέρωθι
3235 4857 3246 4869 ·
3278 4860 3295 4890 ι
3323 4841 3474 4892 Ὅσοι
3504 4837 3613 4907 γὰρ
3645 4837 3923 4908 Πνεύματι

2342 4931 2478 4984 Θεοῦ
2517 4932 2761 4999 ἄγονται,
2806 4929 2949 4986 οὗτοί
2996 4935 3133 4986 εἰσιν
3167 4935 3272 4985 υίοὶ
3310 4930 3464 4985 Θεοῦ.
3492 4951 3509 4982 ι
3543 4931 3754 4984 Οὐκοῦν
3795 4933 3920 4984 ὅταν

2344 5023 2456 5092 ἴδῃς
2486 5025 2646 5076 αὑτὸν
2679 5025 2755 5093 τῷ
2790 5025 2901 5094 ἰδίῳ
2930 5027 3214 5096 χριόμενον
3246 5025 3542 5095 Πνεύματι,
3578 5026 3921 5094 διαμέμνησο

661 5111 762 5175 τῆς
793 5111 928 5178 μετὰ
960 5112 1160 5182 σαρκὸς
1189 5113 1520 5181 οἰκονομίας,
1553 5114 1644 5164 καὶ
1697 5115 2055 5182 καταλογίζου
2118 5114 2179 5166 τὸ
2245 5115 2619 5184 ἀνθρώπινον-
2652 5121 2779 5172 ὅταν
2859 5121 2973 5190 ἴδῃς
3025 5122 3084 5173 τὸ
3124 5121 3346 5191 Πνεῦμα
3395 5120 3624 5181 διδόντα,
3672 5117 3918 5187 θαύμαζε

666 5206 805 5276 μετά
831 5207 1021 5259 τούτου
1053 5207 1142 5260 τὸν
1164 5208 1258 5262 καὶ
1292 5210 1349 5260 ἐν
1379 5207 1759 5280 άνθρωπότητι
1823 5209 1974 5263 Θεὸν.
2013 5209 2153 5261 Ἀλλ’
2220 5211 2374 5263 οὐδὲν
2414 5215 2520 5265 τῶν
2559 5215 2815 5268 τοιούτων
2883 5215 3332 5286 ὑπολογιζόμενος
3369 5217 3396 5267 ό
3441 5215 3658 5284 δύσερις
3714 5210 3918 5271 οὑτοσὶ,

662 5302 827 5355 πάλιν
851 5295 953 5355 ὧδέ
978 5320 1164 5368 φησιν·

734 5392 995 5465 [Νεετοιι.
1021 5395 1114 5448 llic
1141 5395 1226 5448 ille
1248 5396 1417 5448 ﬁdelis
1438 5396 1545 5449 Deo
1576 5395 1749 5450 factus
1770 5397 2004 5466 pontifex
2029 5397 2221 5467 (factus

659 5498 742 5542 Cal
773 5487 947 5553 enim,
975 5503 1077 5540 non
1102 5491 1168 5543 ab
1196 5501 1399 5544 aeterno
1425 5501 1594 5553 erat);
1626 5489 1712 5544 hic
1740 5490 2020 5559 paulatim,
2049 5491 2219 5544 haere-

2404 5389 2594 5469 [Οὗτος
2627 5399 2653 5448 ὀ
2701 5396 2889 5458 πιστὸς
2927 5396 3004 5465 τῷ
3057 5396 3175 5462 Θεῷ
3225 5396 3586 5466 γεγενημένος
3626 5395 3917 5466 ’ἀρχιερεὺς

2330 5487 2568 5557 (ἐγένετο
2593 5487 2720 5556 γὰρ,
2747 5488 2846 5540 οὐκ
2875 5487 3082 5556 ἀῖδίως)
3127 5482 3220 5557 ἦν,
3268 5479 3422 5548 οὗτος
3457 5486 3484 5536 6
3527 5487 3666 5539 κατὰ
3700 5483 3919 5565 μικρὸν,

733 5648 850 5678 "'7"
887 5646 1041 5701 Joan.
1079 5665 1116 5712 ι,
1151 5647 1238 5700 52.
1317 5647 1360 5676 ⁷⁸
1401 5645 1554 5701 Joan.
1592 5661 1680 5713 xx,
1730 5647 1819 5698 ‘22.
1899 5646 1943 5677 ⁷⁸
1985 5643 2001 5696 l
2043 5648 2167 5699 Cor.
2216 5661 2274 5712 tt,
2312 5644 2396 5700 1‘2.
2472 5645 2514 5676 ⁷⁷
2558 5643 2713 5699 Rom.
2748 5660 2864 5709 vm,
2903 5643 2954 5708 8,
2991 5646 3040 5700 0.
3119 5643 3164 5673 "
3203 5642 3333 5698 ibid.
3373 5641 3456 5696 15.

738 5804 813 5871 (ll
860 5803 993 5872 Lege
1045 5803 1391 5874 δυσάντητον,
1431 5802 1844 5872 inexpugnabile,
1897 5812 1950 5856 ul
1981 5803 2110 5857 vidit
2155 5802 2438 5871 interpres.
2476 5803 2628 5856 lint'r.
