4072 6346
155 378 242 433 H9

1197 388 1566 444 ADVERSUS
1606 389 2005 447 NESTORIUM
2043 393 2169 448 LIB.
2212 394 2291 448 lll.

3268 390 3368 445 150

154 504 403 573 αἱρετικὲ,
453 507 533 568 εἰς
566 506 865 578 ἀρχιερέως
925 511 1198 581 προκόψας
1232 512 1465 582 ἀξίωμα.
1512 515 1707 566 Ἀκουε

1836 514 1936 577 iee,
1965 515 2028 569 ad
2074 514 2342 583 pontificis
2384 511 2694 581 dignitatem
2723 522 3055 579 progressus.
3089 508 3221 561 Audi
3262 508 3370 563 cla-

159 595 484 663 σαφεστέρας
514 613 593 649 σοι
622 598 920 668 διαϐοὼσης
946 604 1125 671 φωνῆς
1146 618 1157 630 ·
1185 622 1201 653 ι
1235 606 1329 665 Ὃς
1353 605 1408 655 ὲν
1435 605 1551 666 ταῖς
1578 604 1709 673 ἠμέ-

160 702 283 751 ραις,
314 688 470 753 φησὶ,
500 688 599 754 τῆς
642 689 840 757 σαρκὸς
872 690 1056 752 αὑτοῦ,
1090 691 1299 760 δεήσεις
1324 710 1385 745 τε
1416 695 1506 746 καλ⁸
1533 694 1711 764 ἱκετη-

156 774 264 840 ρίας
305 776 443 844 πρὸς
490 777 579 828 τὸν
608 776 903 847 δυνάμενον
931 778 1125 842 σώζειν
1154 782 1314 833 αὑτὸν
1352 784 1414 834 ὲκ
1459 782 1709 846 θανάτου,

158 865 283 933 μετὰ
318 867 563 935 κραυγῆς
615 868 841 939 ἰσχυρᾶς
890 872 982 923 καὶ
1027 871 1276 942 δακρύων
1322 873 1709 943 προσενέγκας,

158 957 240 1008 καὶ
290 957 667 1021 εἰσακουσθεὶς
705 961 811 1013 ἀπὸ
858 963 957 1031 τῆς
996 964 1312 1027 εὐλαϐείας·
1341 984 1358 1016 ι
1409 965 1607 1035 καίπερ
1639 964 1713 1017 ὢν

162 1049 293 1113 Υἱὸς,
314 1050 515 1119 ἔμαθεν
542 1053 632 1121 ἀφ’
656 1046 730 1105 ὧν
761 1054 929 1107 ἔπαθε
955 1056 1052 1125 τὴν
1086 1056 1354 1126 ὑπακοὴν,
1392 1058 1483 1109 καὶ
1507 1057 1716 1109 τελειω⁹

159 1140 278 1203 Θεὶς,
326 1142 543 1209 ἐγένετο
570 1147 679 1206 τοῖς
720 1145 1087 1197 ὑπακούουσιν
1132 1146 1279 1216 αὑτῷ
1332 1150 1496 1200 πᾶσιν
1544 1148 1715 1211 αἴτιος

161 1232 421 1300 σωτηρίας
477 1234 835 1289 ἀκαταλύτου.
882 1237 1191 1291 Τελειοῦται
1228 1242 1321 1292 καὶ
1348 1241 1409 1293 τὸ
1454 1244 1594 1295 κατά
1624 1260 1714 1313 μι-

160 1322 277 1391 κρὸν
302 1324 632 1391 προκόπτον,
658 1328 899 1396 αἱρετικέ
918 1345 931 1357 ο
957 1331 1085 1390 περὶ
1115 1323 1175 1382 οῦ
1204 1332 1300 1385 καὶ
1329 1333 1580 1402 Ἰωάννης
1604 1333 1714 1402 (Si)

160 1414 211 1463 ὲν
238 1416 346 1475 τοῖς
380 1415 727 1483 Εὑαγγελίοις
756 1417 854 1489 βοᾷ
877 1434 890 1448 °
938 1439 955 1471 ι
995 1421 1199 1490 Ἰησοῦς
1233 1423 1567 1493 προέκοπτεν
1599 1424 1718 1494 ὴλί-

161 1503 244 1573 κίᾳ
266 1505 359 1556 καὶ
388 1506 571 1576 σοφίᾳ,
601 1510 693 1561 καὶ
716 1509 897 1579 χάριτι
918 1527 930 1539 ’
959 1530 977 1562 ι
998 1506 1078 1574 οἷς
1102 1514 1368 1583 σύμφωνα
1393 1516 1488 1567 καὶ
1511 1515 1719 1579 Παῦλος

162 1594 539 1665 φθεγγόμενος,
579 1617 599 1650 ι
648 1600 981 1665 Τελειωθεὶς,
1029 1605 1213 1672 φησὶν,
1242 1605 1453 1672 ἐγένετο
1478 1608 1587 1669 τοῖς
1620 1606 1720 1658 ὑπο

162 1685 441 1741 ἀκούουσιν
492 1689 640 1758 αὐτῷ
676 1692 865 1755 πᾶσιν,
920 1693 1091 1753 αἴτιος
1141 1694 1409 1763 σωτηρίας
1465 1695 1715 1747 αίωνίου’

1813 605 2006 658 riorem
2060 605 2151 658 tibi
2202 605 2538 659 insonantem
2588 615 2770 654 vocem
2808 614 2869 652 τι
2910 598 3008 665 Qui
3054 599 3107 653 in
3161 599 3367 663 diebus,

1813 693 2005 761 inquit,
2036 695 2218 747 carnis
2246 708 2355 748 sua:
2384 708 2572 761 preces
2618 691 3140 761 supplicationesque
3161 688 3224 740 ad
3248 702 3367 740 eum

1812 784 1901 851 qui
1935 792 2117 852 posset
2138 798 2257 837 eum
2290 784 2493 837 salvum
2514 782 2693 836 facere
2722 796 2749 833 a
2769 790 2962 845 morte,
2991 795 3111 834 cum
3140 780 3373 833 clamore

1814 875 1986 928 valido
2020 885 2073 929 et
2109 876 2363 945 lacrymis
2411 874 2663 935 offerens,
2706 881 2759 924 et
2807 870 3093 925 exauditus
3144 884 3240 937 pro
3277 882 3371 921 sua

1816 968 2113 1021 reverentia
2147 968 2191 999 "
2226 983 2239 1029 ;
2274 986 2291 1017 ι
2324 975 2376 1019 et
2404 966 2616 1033 quidem
2648 978 2768 1018 cum
2791 970 2935 1017 esset
2964 961 3151 1025 Filius,
3190 959 3373 1013 didicit

1814 1057 1881 1109 ab
1914 1056 1995 1111 his
2024 1072 2141 1125 qua:
2173 1071 2361 1124 passus
2396 1064 2478 1108 est
2526 1054 2906 1114 obedientiam,
2937 1059 2993 1105 et
3032 1062 3369 1105 consumma-

1818 1156 1921 1212 tus,
1955 1146 2129 1201 factus
2160 1156 2242 1201 est
2288 1145 2786 1214 obtemperantibus
2837 1141 2939 1197 sibi
2977 1156 3137 1195 causa
3186 1138 3376 1194 salutis

1816 1248 2049 1292 αξιοι-[ιω.
2091 1237 2503 1292 Consummatur
2520 1244 2698 1289 autem
2727 1235 2777 1287 id
2806 1232 2945 1301 quod
2971 1231 3227 1301 paulatim
3251 1243 3378 1298 pro-

1819 1328 1951 1391 ficit,
1986 1327 2236 1382 harretice
2266 1344 2280 1392 ;
2316 1328 2379 1382 de
2410 1343 2515 1395 quo
2543 1327 2779 1380 Joannes
2823 1326 2875 1378 in
2930 1322 3233 1392 Evangeliis
3263 1319 3376 1374 cla-

1820 1428 1931 1471 mat
1962 1433 1975 1471 :
2011 1437 2029 1470 ι
2058 1417 2213 1473 Jesus
2240 1418 2555 1487 proﬁciebat
2591 1425 2748 1472 aetate
2787 1424 2841 1471 et
2878 1414 3139 1483 sapientia
3175 1421 3228 1465 et
3252 1425 3380 1479 gra-

1823 1508 2002 1562 tia":
2068 1528 2085 1560 ι
2138 1508 2343 1575 Quibus
2395 1509 2575 1563 verbis
2625 1521 2859 1560 consona
2908 1504 3105 1558 Paulus
3146 1502 3377 1585 dicens:

1826 1618 1844 1649 ι
1881 1600 2321 1661 Consummatus,
2345 1600 2534 1667 inquit,
2584 1597 2758 1651 factus
2784 1607 2868 1651 est
2888 1594 3137 1649 omnibus
3164 1594 3377 1647 obtem-

1824 1691 2139 1756 perantibus
2176 1692 2277 1744 sibi
2326 1706 2488 1744 causa
2527 1690 2715 1743 salutis
2760 1696 2998 1749 aeternae,
3025 1685 3319 1754 appellatus
3349 1698 3377 1736 a

160 1781 614 1847 προσαγορευθεὶς
663 1782 767 1834 ὑπὸ
822 1782 916 1835 τοῦ
954 1784 1087 1835 Θεοῦ
1121 1786 1408 1854 ἀρχιερεὺς
1440 1788 1581 1839 κατὰ
1623 1787 1720 1855 τὴν

1830 1776 1935 1831 Deo
1962 1780 2213 1833 sacerdos
2234 1780 2526 1833 secundum
2550 1778 2794 1832 ordinem
2829 1774 3282 1831 Melchisedech“
3310 1790 3325 1839 ;
3358 1794 3377 1825 ι

161 1870 301 1935 τάξιν
344 1872 711 1940 Μελχισεδέκ·
755 1892 772 1923 ι
812 1869 963 1937 οὗτος
1011 1878 1038 1927 6
1084 1847 1253 1946 Μωσῇ
1286 1847 1431 1930 ’κατά
1476 1878 1567 1930 τὸν
1622 1847 1717 1947 της

1830 1870 1910 1923 hic
1941 1868 2027 1923 ille
2048 1886 2166 1923 eum
2197 1868 2344 1923 Mose
2370 1869 2511 1937 quod
2541 1869 2607 1922 ad
2647 1868 2875 1921 ducendi
2904 1866 3177 1920 exercitus
3202 1874 3383 1934 typum

162 1963 489 2033 στρατηγίας
552 1968 971 2035 συγκρινόμενος
1026 1966 1227 2017 τύπον·
1272 1969 1300 2018 6
1352 1967 1567 2035 σπέρμα
1624 1968 1720 2019 τοῦ

174 2053 416 2123 Ἀϐραὰμ
456 2056 790 2125 κεκλημένος
814 2074 825 2083 ·
872 2057 899 2107 6
946 2056 1084 2107 κατά
1114 2058 1293 2110 πάντα
1334 2060 1444 2121 τοῖς
1472 2058 1721 2126 ἀδελφοῖς

162 2144 535 2211 παραπλήσιος
557 2162 569 2173 ’
608 2148 635 2196 6
670 2147 843 2215 χρόνῳ
877 2146 1165 2216 γενόμενος
1210 2148 1534 2218 ἀρχιερεύς·
1577 2152 1605 2201 6
1634 2149 1721 2201 διὰ

165 2233 495 2304 παθημάτων
529 2236 831 2300 τελειωθείς
851 2255 863 2268 ο
898 2241 925 2291 6
957 2242 1013 2291 ὲν
1043 2233 1086 2306 ᾧ
1115 2239 1380 2292 πέπονθεν
1410 2240 1571 2302 αὐτὸς
1604 2256 1723 2291 πει-

166 2325 377 2393 ρασθεὶς
416 2326 710 2396 δυνάμενος
740 2330 852 2390 τοῖς
900 2330 1314 2399 πειραζομένοις
1358 2330 1654 2401 βοηθῆσαν
1696 2332 1725 2383 6

166 2415 299 2469 κατά
330 2417 431 2486 τὴν
476 2417 625 2481 τάξιν
662 2418 995 2488 Μελχισεδὲκ
1036 2420 1323 2488 ἀρχιερεὺς
1365 2419 1721 2488 κεκλημένος.

161 2508 221 2561 Τί
248 2504 335 2561 οὖν
370 2509 791 2579 ἀνθερμηνεύεις
836 2512 909 2579 τῷ
968 2511 1180 2581 Παύλῳ,
1236 2512 1327 2562 τὸν
1374 2510 1555 2579 ἀπαθῆ
1594 2510 1724 2562 Θεὸν

162 2598 322 2666 Λόγον
381 2598 609 2668 ὲπιγείῳ
666 2599 1004 2669 καταμιγνὺς
1054 2598 1292 2669 σώματι,
1350 2599 1443 2652 καὶ
1488 2598 1725 2668 παθητὸν

163 2690 413 2761 ἀρχιερέα
442 2690 610 2744 ποιῶν
634 2696 675 2762 ;]

759 2827 1005 2878 ΚΕΦΑᾹ.
1061 2829 1130 2879 Δ’.

239 2964 323 3025 Ὡς
354 2963 728 3030 ἀκμαιοτάτην
750 3003 763 3021 ,
794 2958 837 3014 ὦ
866 2965 981 3015 ’τᾶν
1003 3004 1015 3025 ,
1038 2964 1130 3014 καὶ
1152 2962 1294 3031 μάλα
1338 2963 1587 3033 νεανικὴν
1620 2963 1727 3015 τῶν

167 3054 257 3122 τῆς
288 3054 576 3115 εὐσεϐείας
607 3054 890 3122 δογμάτων
938 3055 1179 3122 ἐποιήσω
1225 3055 1323 3124 τὴν
1355 3056 1725 3123 καταδρομήν.

1825 1969 2189 2026 comparatus,
2220 1958 2304 2012 ille
2338 1973 2519 2012 semen
2574 1958 2843 2011 Abraham
2907 1968 3149 2019 vocatus,
3179 1956 3268 2010 ille
3294 1969 3388 2022 per

1822 2050 2003 2101 omnia
2036 2050 2225 2104 similis
2258 2050 2516 2104 fratribus
2546 2050 2590 2081 θ’
2622 2068 2637 2115 ;
2672 2049 2759 2101 ille
2793 2058 3031 2117 tempore
3067 2048 3239 2102 factus
3258 2062 3389 2116 pon-

1827 2138 1975 2203 tifex,
2038 2139 2124 2194 ille
2151 2154 2245 2209 per
2290 2141 2569 2209 passiones
2623 2148 3045 2203 consummatus,
3104 2136 3191 2191 ille
3221 2136 3310 2205 qui
3335 2136 3387 2189 in

1825 2244 1931 2296 quo
1962 2244 2151 2297 passus
2182 2240 2265 2283 est
2316 2231 2431 2297 ipse
2483 2237 2737 2293 tentatus,
2778 2236 2952 2296 potest
2986 2226 3205 2282 tentatis
3236 2225 3389 2279 auxi-

1826 2318 1962 2382 liari,
2000 2320 2089 2373 ille
2112 2321 2406 2374 secundum
2447 2320 2691 2374 ordinem
2735 2318 3119 2371 Melchisedech
3154 2314 3388 2385 pontifex

1826 2410 2145 2478 appellatus.
2180 2410 2315 2475 Quid
2347 2410 2506 2479 igitur
2555 2409 2814 2463 adversus
2844 2406 3065 2460 Paulum
3119 2406 3387 2476 interpre-

1830 2499 1983 2564 laris,
2014 2499 2453 2568 impassibileque
2488 2498 2577 2552 Dei
2622 2496 2857 2551 Verbum
2912 2506 3128 2551 terreno
3179 2495 3391 2566 corpori

1830 2590 2144 2654 permisces,
2181 2601 2233 2643 et
2279 2589 2590 2659 passibilem
2621 2588 2957 2643 sacerdotem
2988 2586 3120 2643 facis
3143 2584 3198 2658 ?]

2450 2832 2624 2891 .CAP.
2653 2833 2741 2889 IV.

1903 2965 2139 3019 Fortiter
2169 2980 2318 3028 sane,
2370 2966 2453 3019 vir
2503 2968 2736 3037 egregie,
2779 2976 2835 3021 et
2863 2968 3145 3021 admodum
3178 2973 3397 3021 strenue

1840 3055 1891 3107 in
1930 3057 2179 3124 dogmata
2205 3054 2421 3122 pictatis
2472 3058 2838 3113 incursionem
2889 3059 3040 3112 facis.
3098 3058 3173 3111 Ac
3208 3058 3398 3112 beatus

166 3145 269 3197 Καὶ
302 3148 328 3199 6
358 3147 461 3217 μὲν
501 3145 785 3206 θεσπέσιος
820 3146 1051 3213 Βαροὺχ,
1098 3145 1188 3197 τὸν
1238 3144 1329 3197 τοῦ
1365 3144 1498 3196 Θεοῦ
1540 3146 1726 3212 Λόγον,

1837 3145 2049 3213 quidem
2077 3143 2306 3206 Baruch,
2343 3146 2430 3197 Dei
2466 3145 2700 3198 Verbum
2732 3146 2839 3212 jam
2867 3146 3138 3199 hominem
3164 3144 3395 3205 factum,

164 3238 620 3308 ὲνηνθρωπηκότα
640 3237 694 3289 δὲ
716 3237 838 3306 1ήδη,
864 3238 955 3287 καὶ
983 3236 1040 3286 ὲν
1067 3236 1320 3295 ὁμοιώσει
1344 3238 1408 3303 τῇ
1427 3235 1552 3287 καθ’
1584 3237 1731 3305 ἡμᾶς

167 3327 441 3395 πεφηνότα
468 3327 845 3388 καταδεικνὺς,
886 3345 902 3376 ι
930 3318 1114 3388 Οὗτος,
1136 3325 1321 3393 φησὶν,
1342 3325 1369 3375 6
1392 3324 1523 3387 Θεὸς
1552 3324 1725 3393 ήμῶν,

164 3416 219 3466 οὐ
247 3415 629 3484 λογισθήσεται
681 3416 863 3482 ἕτερος
911 3416 1045 3483 πρὸς
1078 3417 1270 3467 αὐτόν·
1322 3415 1507 3484 ἐξεῦρε
1551 3418 1729 3467 πᾶσαν

163 3504 272 3556 ὁδὸν
303 3507 637 3574 ἐπιστήμης,
673 3507 761 3556 καὶ
807 3504 1000 3555 ἔδωκεν
1036 3506 1202 3573 αὐτὴν
1239 3504 1428 3556 Ἰακὼϐ
1470 3505 1544 3573 τῷ
1583 3506 1730 3556 παιδὶ

163 3594 345 3659 αὑτοῦ,
372 3596 470 3647 καὶ
506 3593 721 3664 Ἰσραὴλ
765 3593 843 3662 τῷ
890 3593 1232 3661 ἠγαπημένῳ
1276 3593 1365 3644 ὑπ’
1401 3592 1561 3645 αὑτοῦ
1592 3610 1604 3623 ·
1640 3594 1734 3645 καὶ¹

167 3686 479 3754 μεταταῦτα
523 3688 615 3739 ἐπὶ
652 3686 751 3754 τῆς
797 3685 898 3755 γῆς
929 3683 1103 3752 ὤφθη,
1153 3683 1247 3735 καὶ
1276 3686 1387 3745 τοῖς
1431 3680 1733 3752 ἀνθρώποις

167 3777 610 3847 συνανεστράφη.
629 3795 645 3826 ι
675 3778 745 3827 Σὺ
772 3775 828 3827 δὲ
852 3766 1115 3837 τὸ,οἷ›τος,
1137 3775 1229 3826 καὶ
1251 3774 1394 3843 μάλα
1420 3775 1730 3838 πλειστάκις

166 3866 481 3933 ἀναφωνῶν,
512 3866 793 3936 μονονουχὶ
823 3868 917 3917 καὶ
950 3868 1105 3934 χεῖρα
1136 3866 1453 3933 προτείνων,
1480 3866 1601 3918 τίνα
1622 3869 1732 3929 τοῖς

166 3961 555 4013 πεπιστευκόσι
582 3958 843 4025 καθίστης
873 3956 1097 4025 ἐναργῆ,
1122 3956 1215 4007 καὶ
1248 3957 1352 4024 μὴν
1386 3956 1476 4007 καὶ
1504 3955 1733 4023 ὁρᾶσθαι

164 4053 354 4114 ποιεῖς,
407 4053 503 4104 καὶ
526 4050 589 4119 δὴ
618 4049 710 4101 καὶ
744 4047 1012 4116 προκόῲαι
1044 4045 1149 4115 φὴς
1175 4047 1253 4108 εἰς
1276 4046 1536 4116 ἀρχιερέα
1564 4064 1733 4099 καταο

166 4139 369 4212 ϐραχύς
432 4141 597 4201 Ἀλλ’,
638 4136 790 4208 οἶμαί
816 4155 943 4203 που,
978 4137 1192 4199 πάντως
1243 4137 1481 4201 ἐκεῖνον,
1538 4137 1596 4189 ὃν
1642 4138 1735 4191 καὶ

165 4233 385 4302 ἔναγχος
419 4230 970 4300 παραδειγματίζων,
1018 4227 1254 4296 ἔφασκεν
1292 4227 1403 4298 [ἵσ.
1438 4228 1694 4300 ἔφασκες]
1719 4246 1732 4259 ·

165 4323 366 4378 Οὐκοῦν
407 4327 435 4376 6
468 4322 674 4385 παθὼν,
721 4320 1010 4390 ἀρχιερεὺς
1060 4318 1339 4388 ἐλεήμων,
1389 4320 1485 4387 οὐχ
1529 4320 1555 4371 6
1600 4319 1736 4381 ζωο-

1831 3234 1967 3286 etin
2017 3245 2201 3287 nostra
2250 3234 2602 3291 similitudine
2664 3247 3008 3305 apparentem
3058 3234 3396 3289 ostendens:

1839 3325 1983 3380 «llic
2027 3337 2129 3390 est,
2188 3329 2377 3395 inquit,
2432 3331 2570 3381 Deus
2624 3341 2824 3393 noster,
2882 3346 2985 3383 non
3045 3329 3399 3383 aestimabitur

1833 3418 1969 3472 alius
2022 3419 2088 3469 ad
2149 3433 2295 3480 eum,
2350 3418 2553 3473 invenit
2598 3434 2809 3472 onmem
2866 3421 3004 3471 viam
3057 3418 3400 3482 scientiaet

1835 3508 1983 3561 dedit
2014 3508 2158 3561 illam
2187 3507 2355 3562 Jacob
2385 3523 2551 3575 puero
2583 3525 2702 3573 suo,
2749 3520 2799 3563 et
2832 3509 2991 3563 Israel
3024 3509 3216 3563 dilecto
3255 3522 3355 3562 suo
3385 3526 3399 3562 :

1834 3605 2028 3665 etpost
2054 3598 2167 3651 hac
2196 3596 2244 3650 in
2278 3599 2437 3652 terris
2477 3600 2622 3651 visus
2675 3609 2777 3659 est,
2813 3610 2866 3653 et
2908 3617 3026 3653 cum
3084 3598 3397 3653 hominibus

1836 3697 2186 3741 conversatus
2211 3687 2257 3718 ⁸³
2320 3707 2336 3739 ι
2391 3687 2466 3741 Tu
2524 3705 2672 3754 vero,
2717 3706 2898 3743 vocem
2950 3690 3055 3753 hic,
3093 3689 3400 3757 etquidem

1834 3776 2025 3844 saepius
2074 3777 2375 3839 intendens,
2418 3792 2482 3831 ac
2524 3777 2907 3845 propemodum
2964 3792 3177 3830 manum
3230 3778 3404 3831 inten-

1836 3867 1993 3928 dens,
2049 3881 2333 3934 quemnam
2379 3867 2725 3921 credentibus
2770 3869 3035 3932 ostendis,
3085 3879 3138 3921 et
3184 3868 3404 3936 subjicis

1835 3956 2025 4020 oculis,
2080 3966 2243 4025 atque
2267 3957 2427 4011 etiam
2458 3957 2715 4027 paulatim
2749 3972 3091 4027 progressum
3127 3962 3192 4012 ad
3225 3976 3403 4014 sacer-

1835 4047 2039 4100 dotium
2072 4048 2267 4100 asseris
2299 4048 2494 4101 ?lllum
2541 4062 2764 4117 prorsus
2806 4048 3042 4103 arbitror
3085 4048 3193 4119 85
3245 4065 3401 4118 quem

1840 4137 2035 4191 dudum
2066 4139 2357 4191 ostemlcns
2390 4139 2573 4192 aiebas
2613 4156 2627 4193 :
2660 4137 2826 4205 igitur
2852 4139 2941 4192 ille
2969 4139 3269 4208 quipassus
3298 4148 3402 4202 est,

1838 4228 2075 4297 pontifex
2122 4239 2203 4282 est
2240 4229 2566 4293 misericors,
2623 4244 2725 4282 non
2774 4228 2860 4283 ille
2920 4230 3059 4297 passi
3107 4230 3406 4283 viviﬁcator

1845 4321 2002 4373 Deus.
2032 4320 2225 4372 Semen
2274 4319 2545 4372 Abraham
2570 4320 2655 4375 ille
2686 4320 2798 4374 heri
2830 4330 2883 4375 et
2913 4321 3089 4384 hodie,
3124 4330 3182 4375 ut
3212 4321 3407 4377 Paulus

167 4416 313 4477 ποιὸς
344 4416 441 4467 τοῦ
478 4413 806 4474 πεπονθότος
839 4410 988 4472 Θεός.
1018 4410 1245 4479 Σπέρμα
1283 4410 1531 4479 Ἀϐραὰμ
1556 4411 1583 4461 6
1613 4410 1727 4479 χθὲς

1839 4410 2061 4471 dicit”,
2084 4426 2187 4464 non
2214 4410 2301 4463 ille
2330 4412 2417 4480 qui
2438 4412 2605 4465 dixit:
2642 4431 2658 4462 ι
2688 4414 2991 4480 Antequam
3012 4413 3283 4467 Abraham
3316 4415 3408 4469 fie-

166 4507 253 4558 καὶ
286 4508 552 4577 σήμερον,
579 4502 720 4555 κατὰ
744 4502 840 4572 τὴν
866 4502 957 4554 τοῦ
993 4500 1201 4553 Παύλου
1229 4500 1409 4571 φωνὴν
1430 4542 1443 4566 ,
1474 4502 1569 4569 οὐχ
1595 4502 1623 4552 6
1651 4501 1727 4554 λέ-

1846 4510 1946 4565 ret,
1971 4517 2069 4570 ego
2096 4518 2211 4555 sum
2241 4502 2305 4555 3‘.
2332 4522 2347 4553 ι
2385 4501 2587 4557 Similis
2622 4517 2703 4556 εει
2732 4502 2988 4557 fratribus
3019 4518 3113 4573 per
3153 4506 3331 4559 omnia
3364 4507 3408 4560 is

164 4614 289 4663 γωνο
324 4616 340 4646 ι
384 4596 529 4667 Πρὶν
573 4593 821 4664 Ἀϐραὰμ
860 4592 1136 4660 γενέσθαι,
1165 4590 1273 4657 ἐγώ
1300 4594 1435 4661 είμι.
1466 4612 1481 4641 ι
1514 4595 1727 4662 Ὅμοιος

1838 4594 1926 4661 qui
1966 4594 2213 4644 humana:
2250 4594 2443 4645 anima:
2489 4604 2541 4648 et
2571 4596 2750 4647 carnis
2786 4594 3186 4647 fraternitatem
3224 4611 3409 4649 susce-

164 4692 269 4752 τοῖς
298 4689 558 4756 ἀδελφοῖς
592 4687 728 4740 κατὰ
758 4686 952 4747 πάντα,
999 4686 1025 4736 6
1065 4683 1244 4752 ψυχῆς
1276 4684 1617 4751 ἀνθρωπίνης
1647 4685 1739 4735 καὶ

167 4782 359 4849 σαρκὸς
414 4776 703 4831 ἀναλαϐὼν
754 4776 1122 4843 ἀδελφότητα,
1156 4774 1252 4843 οὐχ
1296 4777 1321 4825 6
1371 4774 1577 4839 λέγων’
1622 4794 1639 4824 ι
1682 4775 1738 4826 '0

165 4866 422 4938 ἑωρακὼς
471 4867 596 4934 ἐμὲ,
638 4863 848 4933 ἑώρακε
896 4864 987 4915 τὸν
1036 4862 1274 4931 Πατέρα.
1312 4880 1330 4913 ι
1375 4862 1481 4913 Καὶ
1517 4862 1595 4913 ὅτι
1642 4864 1739 4932 μὲν

164 4958 252 5010 τοῦ
282 4957 621 5016 πεπονθότος
654 4955 783 5007 Θεὸν
818 4956 904 5006 τὸν
956 4954 1216 5017 ζωοποιὺν
1260 4950 1354 5002 τοῦ
1400 4951 1533 5003 Θεοῦ
1568 4954 1737 5023 Λόγον

168 5048 426 5119 ὑπάρχειν
470 5044 969 5111 διαϐεϐαιούμενος,
1001 5043 1107 5103 τοῖς
1124 5042 1221 5108 τῆς
1262 5037 1503 5107 ἀφύκτου
1534 5038 1737 5110 δυσφη-

172 5140 293 5208 μίας
318 5140 637 5208 ὲγκλήμασι
662 5136 878 5188 σεαυτὸν
907 5133 1087 5194 ἐνιεὶς,
1120 5131 1382 5200 ἠδίκηκας
1401 5130 1460 5181 οὐ
1485 5132 1737 5201 μετρίως,

231 5283 276 5312 τ’
320 5280 485 5332 llebr.
528 5292 579 5333 ν,
615 5276 667 5327 7.
770 5273 813 5302 ⁸⁸
855 5270 986 5329 lmn,
1024 5267 1153 5320 Luc.
1188 5285 1244 5326 ιι.
1276 5268 1362 5321 52.

1463 5268 1505 5297 ⁸¹
1552 5267 1709 5321 Hebr.
1751 5284 1798 5329 ν,
1834 5269 1886 5333 9,
1918 5269 2002 5323 10.

168 5350 229 5381 ⁸³·
261 5351 422 5405 liebr.
454 5362 576 5409 xm,
611 5345 663 5398 8.
740 5343 785 5374 ⁸⁸
820 5339 974 5395 Juan.
1009 5354 1123 5401 vnn,
1176 5338 1264 5392 58.
1342 5339 1385 5369 ⁸⁸
1422 5338 1576 5392 Juan.
1611 5355 1717 5399 xw.
1747 5339 1797 5392 9.

1843 4687 1937 4751 pit,
1966 4702 2066 4737 nun
2100 4686 2192 4754 qui
2224 4686 2396 4739 dicit:
2438 4706 2455 4735 ι
2512 4684 2615 4750 Qui
2674 4687 2804 4737 vidit
2856 4703 2961 4747 tne,
3022 4686 3154 4739 vidit
3201 4696 3255 4740 et
3309 4687 3408 4739 Pa-

1840 4782 1975 4828 trem
2001 4776 2065 4829 '5.
2116 4797 2132 4825 ι
2203 4776 2374 4843 Atque
2422 4777 2471 4827 in
2506 4789 2570 4829 eo
2613 4777 2751 4843 quod
2793 4777 2993 4829 asseris
3050 4776 3212 4829 Deum
3266 4780 3408 4844 passi

1841 4882 1959 4920 esse
1999 4868 2173 4932 ipsum
2212 4868 2491 4921 vivificaris
2534 4867 2621 4919 Dei
2674 4866 2928 4928 Verbum,
2991 4876 3041 4921 te
3083 4869 3410 4922 inevitabilis

1845 4958 2190 5027 blasphemiae
2212 4959 2413 5010 crimen
2436 4959 2748 5019 incurrisse,
2774 4958 3113 5027 graviterque
3135 4974 3407 5027 peccasse,

1845 5047 2042 5101 cﬂiczici
2105 5048 2309 5100 ratione
2366 5050 2791 5101 demonstratum
2850 5058 2951 5100 est.
3006 5048 3168 5103 Miror
3226 5060 3405 5103 autem

1848 5139 1988 5206 quod
2043 5148 2251 5191 tuarum
2303 5154 2492 5192 vocum
2519 5139 2734 5203 oblitus,
2767 5138 3018 5207 paulatim
3060 5155 3404 5209 progressum

2111 5270 2356 5325 "'llcbr.
2386 5286 2443 5336 ιι,
2488 5271 2572 5324 l7.
2711 5271 2757 5301 ⁸³
2795 5270 3005 5327 Baruch
3059 5288 3163 5340 ιιι,
3219 5274 3401 5329 36-38.

1446 5456 1597 5509 ANT.
1642 5454 1916 5510 AGELLII
1955 5454 2183 5510 ΝΟΤᾹΞ.

236 5610 347 5675 (2t)
388 5608 481 5662 Vel
516 5605 849 5660 notariorum
877 5615 1027 5675 error
1058 5609 1156 5663 est,
1190 5599 1296 5675 vel_
1321 5600 1502 5675 lapsus
1527 5597 1740 5675 est‘l‘ie.

173 5668 386 5738 Sterius.
414 5677 508 5747 qui
546 5676 707 5747 verba
739 5676 850 5726 lucc.
881 5671 1035 5747 Luem
1062 5684 1183 5737 cap.
1210 5685 1248 5747 ιι
1274 5668 1461 5747 Joauni
1494 5670 1736 5747 ascribit.

175 5750 271 5803 Sed
316 5739 447 5819 quia
501 5749 647 5801 hunc
678 5745 880 5812 lapsum
911 5742 962 5795 in
995 5754 1087 5794 sua
1144 5740 1462 5795 refutatione
1507 5739 1742 5809 Cyrillus

1848 5614 1953 5654 non
1991 5599 2255 5667 coarguit,
2283 5607 2334 5651 et
2364 5597 2577 5651 beatum
2606 5592 2804 5667 Lu'cam
2836 5605 3110 5653 auctorem
3143 5596 3406 5667 agnoscit,

1848 5669 2074 5725 notariis
2115 5668 2343 5723 fortasse
2370 5667 2571 5737 juslius
2609 5666 2927 5722 ascribetur.
