4072 6346
661 389 758 443 151

1642 388 1699 443 S.
1740 385 2018 443 CYRILLI
2056 386 2520 442 ALEXANDRINI
2561 386 2872 441 ARCHIEP.

3796 369 3898 422 152

658 506 724 558 ad
765 504 1032 575 pontificis
1068 507 1410 575 dignitatem,
1471 507 1650 560 dicere
1706 508 1864 562 simul
1913 519 1965 564 et
2018 512 2221 565 sentire

2337 509 2582 578 ἀποχρῶν
2611 509 2740 578 ἡμῖν
2774 507 2993 572 διέδειξε
3039 504 3212 571 λόγος.
3245 497 3519 567 Θαυμάζω
3549 493 3625 553 δὲ,
3671 492 3750 542 ὅτι
3788 488 3896 539 τῶν

657 599 846 662 audes,
882 612 1040 667 quem
1096 601 1260 652 etiam
1305 599 1470 652 Deum
1501 613 1622 654 esse
1648 602 1850 655 asseris
1876 602 2221 671 omnipoten-

657 698 786 744 tem.
811 687 942 743 Nam
963 692 1238 760 prOpnsita
1255 692 1350 745 tibi
1377 692 1612 761 Epistola
1634 693 1699 746 ad
1727 692 1980 748 Hebraeos
1997 695 2221 762 scripta,

658 782 861 836 teneris
900 781 1277 838 dixisse:Sed
1321 783 1408 837 hic
1464 784 1678 839 lsraelis
1725 793 1987 854 cognatus
2034 799 2224 839 secun-

655 873 783 926 dum
814 887 1058 935 carnem.
1097 875 1393 929 secundum
1424 875 1806 944 aspectabilem
1839 886 2087 931 naturam
2123 878 2222 930 lio-

657 978 765 1028 mo,
801 977 869 1018 ex
925 965 1132 1019 semine
1185 964 1354 1018 David
1396 964 1573 1020 factus
1637 967 1931 1022 secundum
1981 983 2222 1033 carnem,

656 1053 769 1120 ipsa
850 1056 1233 1124 conjunctione
1308 1057 1448 1114 Deus
1505 1060 1871 1130 omnipOteus.
1945 1061 2226 1128 Quomodo

657 1140 822 1208 igitur
853 1158 1169 1214 progressus
1207 1156 1312 1210 est,
1369 1157 1428 1200 ut
1461 1158 1662 1204 temere
1690 1148 1970 1215 fabularis,
2005 1152 2070 1205 ad
2094 1165 2228 1220 pon-

658 1231 816 1285 tificis
847 1233 1189 1302 dignitatem,
1213 1251 1336 1292 cum
1378 1240 1520 1294 Deus
1555 1240 1625 1295 sit
1649 1242 1994 1311 omnipotens
2010 1251 2226 1297 tuorum

656 1337 868 1392 quoque
915 1327 1203 1382 verborum
1255 1331 1620 1386 testimonio?
1664 1333 1727 1388 Et
1782 1335 2032 1402 quamvis
2079 1333 2226 1388 illam

657 1411 968 1480 ignobilem,
1031 1426 1087 1470 et
1113 1432 1142 1470 a
1180 1427 1232 1473 te
1259 1420 1373 1475 solo
1418 1423 1602 1478 nescio
1644 1425 1913 1494 quomodo
1952 1426 2229 1496 excogita-

657 1509 766 1554 tam
798 1503 1233 1574 conjunctionem
1257 1523 1677 1578 commemores,
1703 1516 1926 1570 missum
1957 1517 2010 1570 id
2033 1516 2227 1572 faciam

655 1593 721 1645 ad
765 1608 1040 1663 praesens;
1089 1599 1219 1654 illud
1269 1611 1446 1658 tamen
1501 1603 1837 1675 efl'lagitabo,
1883 1618 1942 1662 ut
1991 1609 2230 1665 secundo

655 1698 818 1737 cursu
847 1683 1055 1741 feratur
1084 1689 1281 1755 oratio,
1315 1699 1369 1744 et
1393 1691 1458 1745 ad
1491 1705 1716 1762 scopum
1746 1694 1848 1748 sibi
1900 1694 2230 1749 convenien-

658 1778 762 1822 tem
791 1778 846 1824 et
883 1786 913 1825 a
953 1776 1230 1844 proposito
1271 1778 1409 1833 haud
1437 1778 1670 1835 alienum
1701 1782 1902 1836 tendat.
1929 1781 2064 1837 Num
2086 1785 2229 1854 quod

2331 598 2476 650 ἰδίων
2502 596 2662 658 αὐτὸς
2693 595 3086 664 ἁμνημονήσας
3127 589 3341 660 φωνῶν,
3377 586 3518 638 κατά
3557 579 3728 652 βραχὺ
3761 593 3896 645 προ-

2326 689 2496 741 ελθεῖν
2522 691 2602 751 εἰς
2634 686 2938 757 ἀρχιερέως
2967 684 3183 752 ἀξίωμα
3221 682 3383 749 φάναι
3411 694 3469 730 τε
3491 677 3646 746 ὁμοῦ,
3673 675 3766 727 καὶ
3793 673 3898 741 μὴν

2327 779 2420 831 καί
2451 780 2667 846 φρονεῖν
2687 776 2878 842 ἀξιοῖς,
2907 774 2965 827 ὃν
3000 773 3091 826 καὶ
3113 771 3246 824 Θεὸν
3280 765 3417 822 εἷναι
3450 767 3554 837 φὴς
3589 762 3900 832 παντοκρά-

2325 885 2478 940 τορα.
2512 866 2884 938 Προκειμένης
2915 864 3024 934 γάρ
3052 880 3133 916 σοι
3161 861 3262 930 τῆς
3296 859 3570 929 Ἑϐραίοις
3595 854 3900 926 γραφείσης

2339 959 2674 1028 Ἐπιστολῆς,
2708 959 2902 1027 ἁλίσκῃ
2934 957 3107 1024 λέγων
3134 970 3148 983 ο
3180 953 3320 1005 ’Λλλ’
3340 946 3491 1013 οὗτος
3513 949 3540 1000 6
3557 947 3698 1000 κατά
3720 947 3901 1014 σάρκα

2325 1048 2418 1101 τοῦ
2454 1047 2666 1117 Ἰσραὴλ
2685 1048 2971 1115 συγγενὴς,
2985 1044 3161 1098 ὁκατά
3181 1043 3241 1096 τὸ
3256 1041 3576 1111 φαινόμενον
3594 1038 3689 1092 ἀνθ
3697 1052 3902 1108 ρωπος,

2326 1143 2354 1192 6
2387 1140 2525 1192 κατά
2549 1139 2646 1208 τὴν
2677 1138 2887 1190 Παύλου
2923 1136 3137 1206 φωνὴν,
3191 1137 3254 1187 ὲκ
3296 1133 3608 1202 σπέρματος
3643 1143 3902 1196 γεγεννη-

2331 1232 2489 1301 μένος
2530 1230 2715 1295 Δαῦὶδ,
2755 1228 3156 1300 παντοκράτωρ
3187 1229 3253 1297 τῇ
3293 1222 3559 1292 συναφείᾳ
3589 1220 3741 1282 Θεός.
3780 1216 3903 1276 Πῶς

2327 1324 2410 1376 ἐτι
2445 1322 2712 1395 προέκοψε
2757 1321 2902 1374 κατά
2929 1322 3029 1392 τὴν
3064 1318 3444 1390 εἰκαιομυθίαν
3489 1318 3569 1378 εἰς
3601 1311 3904 1383 ἀρχιερέως

2327 1417 2566 1485 ἀξίωμα,
2597 1415 2774 1468 καίτοι
2815 1413 2946 1477 Θεὸς
2989 1413 3386 1484 παντοκράτωρ
3423 1409 3516 1461 καὶ
3565 1405 3653 1458 διὰ
3678 1403 3777 1473 τῆς
3807 1401 3905 1469 σῆς

2329 1506 2512 1575 φωνῆς
2543 1505 3021 1576 μαρτυρούμενος;
3056 1504 3173 1557 Κᾶν
3200 1503 3298 1572 τὴν
3325 1500 3516 1566 ἀκλεᾶ,
3539 1497 3631 1551 καὶ
3659 1497 3778 1564 τὴν,
3803 1495 3906 1547 οὐκ

2328 1594 2422 1652 οἶδ’
2443 1600 2613 1662 ὅπως,
2638 1597 3008 1667 ἐξευρημένην
3035 1593 3184 1664 αὑτῷ
3220 1611 3301 1647 σοι
3328 1593 3421 1646 καὶ
3447 1592 3592 1663 μόνῳ
3608 1589 3906 1655 συνάφειαν

2330 1688 2624 1757 όνομάζῃς,
2659 1689 2892 1759 παρήσω
2925 1684 3042 1737 νυνί
3064 1699 3078 1714 ο
3111 1684 3251 1754 πλὴν
3285 1683 3574 1754 ἐρήσομαι,
3607 1679 3749 1732 κατὰ
3778 1676 3907 1748 ῥοῦν

2335 1779 2466 1830 ἰέναι
2491 1778 2579 1831 τὸν
2603 1778 2750 1848 αύτῷ
2774 1776 3051 1848 πρέποντά
3072 1793 3131 1827 τε
3163 1775 3254 1829 καλ⁵
3276 1771 3635 1845 προκείμενον
3655 1768 3735 1840 τῷ
3763 1769 3908 1838 λόγῳ

653 1861 720 1914 ad
788 1865 1153 1919 sacerdotium
1212 1881 1564 1936 promovetur
1600 1880 1656 1926 et
1697 1872 1944 1942 gloriam.
1994 1887 2102 1928 non
2155 1877 2221 1929 ad

2337 1870 2524 1922 σκοπὸν
2541 1869 2729 1937 ἐφιείς·
2749 1866 3004 1939 τΛρόύχὶ
3016 1867 3073 1919 τὸ
3086 1866 3391 1938 προκόπτον
3407 1866 3484 1927 εἰς
3503 1864 3545 1916 ἰε
3556 1861 3800 1934 ρωσύνην
3814 1860 3908 1912 καὶ

653 1951 877 2009 meliora
939 1961 1432 2030 prasstantioraque
1459 1962 1685 2029 gradum
1720 1963 1871 2029 facit,
1903 1974 1995 2019 aut
2044 1965 2226 2021 incre-

652 2054 894 2099 mentum
938 2049 1103 2104 sumit
1129 2050 1152 2104 ?
1174 2060 1229 2106 et
1257 2054 1502 2121 quisnam
1536 2055 1696 2124 hujus
1726 2056 2009 2111 sententiae
2032 2058 2229 2112 verita-

655 2141 764 2189 tem
826 2150 928 2192 suo
981 2139 1239 2211 sulIragio
1288 2159 1393 2198 non
1457 2145 1702 2214 probet?
1739 2145 1907 2213 Majus
1958 2155 2044 2202 est
2099 2161 2228 2217 ergo

651 2227 944 2282 sacerdotii
974 2245 1188 2294 munus,
1220 2247 1381 2302 quam
1421 2235 1585 2290 Deum
1610 2251 1731 2293 esse
1756 2236 2178 2306 omnipotentem
2211 2253 2224 2290 2

653 2314 756 2371 hoc
797 2318 844 2372 si
881 2319 956 2373 ita
1007 2329 1112 2385 est,
1159 2325 1430 2391 quomodo
1471 2327 1562 2396 qui
1615 2329 1922 2384 sacerdotio
1963 2329 2226 2399 fungitur,

656 2407 932 2464 ministrat
987 2421 1043 2465 et
1091 2424 1234 2467 astat
1268 2425 1326 2468 ut
1383 2417 1637 2473 minister
1666 2420 1796 2485 Deo,
1841 2428 1895 2474 et
1917 2428 1975 2473 ut
1995 2417 2230 2474 famulus

655 2498 903 2565 Domino,
965 2503 1157 2559 solitas
1199 2521 1263 2560 ac
1299 2517 1472 2563 statas
1530 2509 1834 2566 oblationes
1887 2510 2143 2575 offerens,
2176 2504 2232 2565 et

656 2593 864 2648 hostias
893 2594 1196 2664 imponens,
1235 2598 1326 2652 ille
1348 2614 1477 2653 vero
1515 2610 1765 2670 tanquam
1787 2617 2036 2670 suprema
2069 2617 2230 2656 orna—

659 2695 745 2737 tus
779 2685 952 2755 gloria
987 2688 1466 2756 admittithostias,
1492 2703 1546 2746 et
1588 2693 1884 2748 honoratur
1927 2695 2232 2763 obsequio?

651 2775 811 2842 Illud,
845 2780 1058 2848 Opinor,
1088 2782 1253 2845 dices,
1293 2783 1458 2836 Deum
1501 2785 1925 2853 omnipotentem
1982 2786 2229 2840 eumdem

655 2868 862 2922 factum
921 2885 1040 2925 esse
1097 2874 1431 2940 pontificem.
1491 2873 1632 2946 Ergo
1682 2879 1992 2933 exinanitus
2037 2887 2141 2943 est,
2177 2887 2232 2933 et

655 2960 898 3027 seipsnm
933 2962 1256 3024 humiliavit.
1295 2966 1361 3019 ad
1394 2967 1604 3022 minora
1641 2983 1701 3023 se
1745 2970 2024 3037 dejiciens.
2083 2971 2230 3039 Quo-

656 3051 815 3104 modo
856 3052 1018 3122 igitur
1047 3056 1112 3108 ad
1151 3057 1466 3125 dignitatem
1516 3074 1833 3128 progressus
1868 3073 1950 3116 est
1980 3065 2233 3117 sacerdos

658 3141 882 3199 factus?
911 3144 1221 3200 Recordare
1270 3148 1383 3216 jam
1429 3165 1614 3206 rursus
1653 3159 1866 3206 tuorum
1900 3155 2184 3208 verborum
2216 3172 2230 3220 ;

2329 1961 2506 2024 δόξαν,
2537 1961 2634 2031 τὴν
2652 1962 2734 2024 εἰς
2755 1960 2823 2013 τά
2848 1958 3162 2029 ἀμείνωκαί
3175 1956 3478 2029 προύχοντα
3505 1956 3736 2008 ποιεῖται
3761 1952 3911 2021 βάδι-

2331 2068 2434 2116 σιν,
2449 2052 2615 2122 ήγουν
2632 2051 2870 2104 ἐπίδοσιν
2884 2051 3098 2117 ;Καίτοι
3117 2049 3231 2112 πῶς
3251 2049 3348 2118 οὐχ
3363 2043 3908 2115 ἀπαστισοῦνὲπιψηο

2329 2145 2529 2212 φιεῖται
2542 2141 2618 2213 τῷ
2636 2142 2776 2214 λόγῳ
2788 2143 2848 2196 τὸ
2863 2141 3076 2212 ἀληθῶς
3091 2139 3198 2212 [ῑσ.
3215 2137 3458 2212 ἀληθές];
3475 2139 3675 2201 Μεῖζον
3691 2132 3784 2190 οὖν
3799 2136 3912 2209 ἀρα

2330 2232 2425 2285 τοῦ
2448 2229 2583 2286 εἶναι
2595 2232 2727 2286 Θεὸν
2744 2232 3178 2302 παντοκράτορα,
3193 2231 3290 2301 τῆς
3311 2230 3609 2302 ἱερωσύνης
3625 2229 3799 2299 τὸχρῆ
3809 2244 3907 2299 μα.

2330 2321 2462 2378 Εἶτα
2483 2326 2619 2388 πῶς,
2648 2326 2676 2377 ὁ
2704 2325 2801 2396 μὲν
2829 2324 3077 2396 ἱερᾶσθαι
3116 2321 3298 2393 λαχὼν
3314 2322 3618 2392 λειτουργεῖ
3651 2320 3746 2373 καὶ
3767 2335 3913 2389 παρο

2330 2418 2558 2486 έστηκεν
2575 2416 2650 2477 ὡς
2664 2417 2762 2471 λάτ
2771 2434 2868 2487 ρης
2880 2415 3018 2485 Θεῷ.
3035 2416 3129 2468 καλ⁵
3142 2415 3216 2477 ὼς
3227 2413 3444 2483 οἰκέτης
3459 2413 3724 2483 Δεσπότῃ,
3748 2425 3916 2481 προσ-

2331 2507 2572 2576 κομίζων
2591 2506 2659 2560 τά
2673 2507 3056 2577 νενομισμένα⁹
3077 2504 3372 2569 καὶθυσίας
3397 2504 3687 2566 ἀνατιθείς·
3714 2503 3807 2556 ὁδε
3833 2501 3911 2564 ὡς

2331 2599 2455 2670 δόξῃ
2482 2601 2546 2669 τῇ
2567 2599 2851 2669 ύπερτάτῃ
2871 2598 3307 2666 κατεστεμμένος
3322 2596 3678 2667 προσδέχεται
3704 2593 3802 2655 τὰς
3815 2592 3914 2644 θυι·

2335 2689 2477 2751 σίας,
2508 2689 2600 2741 καὶ
2628 2689 2857 2758 τιμᾶται
2874 2687 3307 2758 θεραπευόμενος
3326 2705 3340 2753 ;
3359 2687 3496 2741 Ἀλλ’
3514 2686 3712 2748 έκεῖνο,
3733 2679 3910 2753 οἶμαι,

2335 2782 2461 2850 φής·
2496 2782 2576 2834 ὅτι
2593 2781 2725 2844 Θεὸς
2738 2782 3136 2851 παντοκράτωρ
3153 2781 3434 2852 ὑπάρχων,
3452 2782 3480 2833 6
3498 2779 3658 2840 αὐτὸς
3687 2778 3914 2845 γέγονεν

2334 2871 2642 2940 ἀρχιερεύς.
2666 2871 2956 2923 Κεκένωκε
2974 2871 3036 2941 δὴ
3058 2867 3170 2932 οῦν,
3191 2874 3284 2923 καὶ
3299 2872 3696 2924 τεταπείνωκεν
3723 2869 3916 2922 ἑαυτὸν

2334 2963 2520 3026 καθεὶς
2532 2966 2588 3015 έν
2610 2979 2675 3033 με
2685 2962 2805 3016 ίοσι.
2827 2961 2950 3025 Πῶς
2969 2956 3060 3014 οὖν
3075 2961 3154 3015 ἔτι
3173 2962 3473 3032 προέκοψεν
3495 2965 3572 3024 εἰς
3587 2960 3802 3030 ἀξίωμα
3819 2975 3917 3026 γε-

2334 3053 2506 3120 γονὼς
2535 3052 2748 3124 ἰερεύς;
2779 3054 3133 3125 Διαμέμνησο
3156 3055 3218 3124 δὴ
3262 3055 3422 3107 πάλιν
3453 3053 3560 3105 τῶν
3583 3050 3778 3104 σαυτοῦ
3832 3050 3920 3100 λό-

2334 3163 2445 3213 γων
2467 3163 2480 3177 ·
2515 3146 2651 3216 ἔφης
2678 3145 2784 3215 γὰρ
2811 3145 2983 3208 οὕτως
3022 3148 3079 3199 ὲν
3099 3149 3209 3208 τοῖς
3238 3145 3494 3216 ἀνωτέρω
3532 3143 3703 3214 βραχύ
3731 3159 3744 3172 ·
3769 3143 3832 3194 Εἰ
3861 3141 3919 3194 δὲ

658 3232 738 3286 sic
772 3247 1002 3303 namque
1037 3238 1194 3305 paulo
1217 3239 1469 3307 superius
1524 3243 1704 3296 dixisti
1745 3259 1759 3296 :
1795 3242 2014 3308 Quodsi
2042 3260 2226 3298 sacer-

2337 3238 2622 3309 ἀρχιερεὺς
2655 3238 2688 3308 ἡ
2713 3238 2934 3308 Θεότης,
2959 3237 3039 3300 τίς
3063 3239 3090 3290 6
3115 3237 3266 3307 παρὰ
3287 3241 3351 3308 νῇ
3379 3237 3480 3306 τῆς
3507 3234 3921 3306 ἀρχιερωσύνης

660 3323 759 3377 dos
792 3333 876 3378 est
919 3325 1030 3395 ipsa
1065 3327 1348 3392 Divinitas,
1391 3330 1641 3398 quisnam
1679 3339 1762 3385 est
1817 3333 1906 3401 qui
1945 3333 2231 3388 sacerdotii

659 3414 918 3483 obsequio
954 3417 1150 3472 colitur
1182 3420 1205 3471 ?
1234 3420 1279 3474 si
1316 3420 1456 3475 Deus
1483 3431 1567 3475 est
1594 3422 1684 3490 qui
1717 3421 1895 3486 offert,
1948 3438 2107 3476 nemo
2154 3433 2236 3477 est

660 3505 748 3560 cui
792 3506 905 3579 86
936 3507 1218 3564 offeratur.
1243 3509 1380 3576 Quid
1413 3511 1556 3566 enim
1582 3511 1653 3566 sit
1680 3512 1966 3566 Divinitate
1991 3514 2234 3581 dignum,

660 3596 827 3650 utilla
867 3607 1120 3666 tanquam
1156 3599 1383 3655 inferior
1410 3601 1596 3668 majori
1632 3601 1824 3655 offerat
1854 3603 1876 3653 ?
1913 3603 2057 3659 Siste
2096 3619 2238 3657 nunc

662 3688 853 3744 saltem
902 3689 955 3744 in
997 3691 1104 3746 tuis
1155 3691 1325 3761 ipsius
1365 3692 1590 3747 vocibus
1625 3711 1638 3760 ;
1673 3693 1766 3748 sed
1808 3694 1858 3747 id
1892 3694 2071 3748 facere
2097 3710 2240 3748 nun-

662 3794 823 3846 quam
854 3780 1075 3848 poteris,
1112 3795 1233 3834 cum
1297 3782 1445 3835 omni
1493 3792 1653 3836 vento
1701 3783 2132 3849 circumferaris,
2184 3792 2239 3837 et

662 3878 717 3923 te
741 3869 882 3922 ultro
905 3871 1151 3939 citroque
1183 3871 1377 3940 jactari
1409 3888 1515 3926 non
1554 3875 1784 3938 sentias,
1832 3890 1973 3929 nunc
2027 3891 2089 3931 ex
2131 3875 2239 3930 illis

662 3962 729 4014 ad
778 3961 914 4025 hac,
969 3977 1114 4016 nunc
1163 3963 1403 4017 vicissim
1432 3977 1500 4018 ex
1551 3965 1634 4019 his
1673 3967 1738 4019 ad
1767 3966 1853 4019 illa
1884 3967 2235 4033 transiliens;

661 4066 842 4124 neque
889 4055 998 4108 ullo
1035 4056 1195 4110 modo
1240 4055 1582 4125 pertimescis
1609 4057 1758 4125 illud,
1787 4062 1930 4128 quod
1969 4069 2053 4115 εει
2089 4061 2237 4115 Pauli

659 4159 795 4200 voce
851 4145 1098 4200 dictum:
1134 4164 1154 4200 ι
1195 4145 1250 4202 Si
1276 4149 1421 4202 enim
1462 4163 1581 4218 qua:
1608 4150 1873 4214 destruxi,
1906 4151 2022 4206 haec
2050 4168 2239 4207 rursus

660 4234 890 4299 aedifico,
917 4237 1390 4305 prevaricatorem
1415 4240 1676 4309 meipsum
1695 4241 1970 4296 constituo
1993 4243 2056 4298 ⁸⁸.
2094 4262 2111 4294 ι
2133 4243 2240 4299 Sed

659 4324 892 4379 fortasse
921 4325 1161 4382 dicturus
1187 4342 1247 4381 es
1272 4327 1400 4381 illud
1426 4347 1438 4382 :
1477 4327 1609 4383 Cum
1642 4339 1693 4382 tu
1725 4330 1840 4398 ipse
1864 4334 2061 4402 ubique
2090 4334 2242 4389 Chri-

659 4426 805 4474 stum
843 4433 1008 4472 unum
1054 4428 1108 4474 et
1143 4419 1337 4473 Filium
1395 4432 1450 4473 et
1494 4422 1776 4476 Dominum
1828 4439 1952 4479 esse
2002 4424 2240 4481 affirmes

659 4513 791 4570 illud
830 4528 898 4569 ex
959 4515 1068 4570 Deo
1118 4514 1282 4569 Patre
1329 4515 1560 4570 Verbum
1594 4533 1716 4572 cum
1744 4534 1839 4574 sua
1871 4534 2056 4586 carne,
2097 4536 2234 4588 quo-

659 4607 823 4662 modo
851 4607 1052 4664 asseris
1107 4608 1415 4676 pontificem
1447 4609 1680 4677 positum
1716 4609 1886 4665 fuisse
1913 4620 1967 4665 et
2021 4623 2237 4679 aposto-

660 4697 770 4752 lum
790 4740 805 4762 ,
841 4699 913 4752 ita
945 4706 1023 4764 ut,
1052 4713 1173 4753 cum
1204 4698 1255 4752 id
1292 4699 1462 4764 dicas,
1493 4713 1598 4753 non
1635 4714 1900 4755 summam
1923 4704 2038 4770 ejus
2061 4703 2236 4771 digiti-

661 4798 828 4844 tatem
861 4789 1064 4844 afﬁcias
1092 4791 1419 4845 contumelia
1453 4792 1475 4844 ?
1511 4793 1667 4858 Quia,
1719 4795 1960 4861 inquam.
1985 4795 2068 4847 vir
2097 4795 2238 4862 opti-

660 4895 770 4945 me,
794 4883 1131 4952 unigenitum
1159 4883 1285 4936 illud
1317 4883 1405 4937 Dei
1441 4882 1670 4938 Verbum
1714 4885 1914 4939 factum
1942 4896 2026 4940 est
2054 4888 2234 4950 homo,

661 4983 718 5029 et
765 4975 1056 5030 sacerdotii
1100 4990 1296 5029 munus
1357 4976 1708 5031 humanitatis
1760 4993 2064 5032 mensuram
2094 4980 2236 5032 haud

662 5068 910 5131 dedecet,
941 5077 998 5120 ut
1033 5067 1160 5124 item
1215 5068 1358 5136 quod
1417 5069 1614 5123 missus
1664 5083 1786 5124 esse
1829 5071 2043 5125 dicitur.
2095 5069 2238 5123 Con-

663 5157 936 5213 fusionem
967 5157 1112 5211 enim
1161 5158 1505 5227 contempsit,
1536 5169 1594 5211 ut
1627 5159 1819 5213 beatus
1835 5159 2034 5213 Paulus
2073 5160 2235 5225 ait",

661 5262 787 5300 cum
826 5248 911 5301 bis
964 5249 1127 5302 etiam
1177 5248 1393 5303 utiliora
1424 5259 1478 5304 et
1531 5250 1829 5320 indigniora
1884 5265 2101 5321 pmpter
2144 5267 2240 5305 nos

665 5337 971 5407 pertulerit.
995 5337 1149 5392 Dedit
1176 5341 1318 5394 enim
1355 5342 1575 5396 dorsum
1607 5342 1659 5395 in
1701 5342 1935 5412 ﬂagella,
1963 5353 2018 5396 et
2044 5343 2238 5398 faciem

663 5442 815 5482 suam
852 5442 958 5482 non
993 5428 1192 5482 avertit
1225 5443 1254 5481 a
1279 5431 1598 5484 confusione
1628 5443 1906 5500 sputorum
1941 5434 1984 5464 ⁸⁸
2010 5473 2024 5497 ,
2073 5444 2124 5488 et
2147 5433 2241 5488 Ju-

665 5522 905 5576 daeorum
935 5522 1289 5577 contumelias
1317 5524 1583 5592 patienter
1613 5525 1884 5579 sustinuit.
1908 5526 2011 5579 Sed
2043 5526 2244 5596 refugis

666 5613 1005 5668 Sacerdotem
1032 5615 1231 5668 dicere.
1251 5625 1306 5667 ut
1343 5616 1431 5683 qui
1462 5616 1528 5669 sit
1551 5617 1687 5670 Deus
1711 5615 1734 5667 ?
1765 5617 2003 5672 Admitte
2025 5619 2237 5689 dispen-

737 5796 784 5828 ⁸⁸
823 5797 1000 5852 Galat.
1053 5813 1110 5861 ιι,
1150 5798 1230 5851 ἱ8.
1310 5798 1352 5828 ⁸⁷
1396 5797 1558 5852 llcbr.
1599 5811 1695 5860 xu,
1731 5796 1779 5850 2.

2337 3325 2650 3396 λειτουργίᾳ
2703 3326 3176 3396 θεραπευόμενος;
3210 3328 3257 3378 εἰ
3307 3326 3439 3389 Θεὸς
3492 3326 3520 3377 6
3567 3325 3917 3396 προσφέρων,

2337 3413 2510 3476 οὐδεὶς
2541 3406 2585 3480 ᾧ
2615 3416 3018 3486 προσφέρεται·
3043 3415 3096 3467 τί
3123 3415 3231 3484 γάρ
3263 3415 3529 3485 Θεότητος
3559 3415 3728 3478 ἀξιον,
3755 3413 3821 3466 ἶν’
3844 3412 3922 3474 ὡς

2338 3507 2574 3560 ἐλάττων
2621 3509 2905 3580 προσφέρῃ
2935 3508 3012 3577 τῷ
3055 3509 3297 3578 μείζονι;
3334 3510 3498 3580 Στῆθι
3537 3509 3630 3562 νῦν
3669 3509 3758 3562 καὶ
3787 3506 3921 3575 γοῦν

2338 3603 2394 3652 ὲν
2423 3603 2552 3661 ταῖς
2583 3600 2776 3652 ἑαυτοῦ
2810 3602 3013 3668 φωναῖς
3037 3618 3048 3630 ·
3087 3601 3222 3653 ἀλλά
3247 3600 3404 3652 τοῦτο
3436 3601 3554 3670 μὲν,
3588 3601 3686 3668 οὐχ
3715 3593 3826 3661 οἷός
3859 3614 3922 3649 τε

2339 3690 2438 3760 ἔσῃ
2487 3689 2651 3758 δρᾷν·
2693 3690 2965 3760 περιφέρῃ
3004 3688 3061 3740 δὲ
3113 3688 3298 3758 ὥσπερ
3352 3689 3538 3763 ἀνέμῳ
3590 3688 3785 3751 παντὶ,
3824 3688 3922 3739 καὶ

2338 3781 2824 3851 διαρριπτούμενος
2857 3783 2956 3832 οὐκ
2985 3780 3240 3851 αἰσθάνῃ,
3285 3781 3415 3833 ποτὲ
3457 3781 3576 3850 μὲν,
3607 3779 3665 3844 ἐξ
3695 3779 3922 3832 ἐκείνων

2341 3875 2420 3936 εἰς
2454 3872 2626 3925 ταῦτα
2648 3913 2661 3935 ,
2693 3874 2822 3926 ποτὲ
2856 3874 2911 3926 δὲ
2947 3873 3110 3925 πάλιν
3141 3875 3204 3926 ἐκ
3244 3873 3445 3925 τούτων
3479 3875 3556 3937 εἰς
3603 3873 3785 3925 ἐκεῖνα
3828 3889 3926 3943 με·

2340 3963 2599 4032 ταπηδῶν
2621 3981 2635 3994 ο
2664 3964 2840 4027 δέδιας
2888 3965 2945 4018 δὲ
2989 3966 3109 4018 κατ’
3143 3964 3335 4018 οὐδένα
3370 3964 3569 4034 τρόπον
3603 3964 3661 4016 τὸ
3705 3963 3794 4018 διὰ
3822 3965 3922 4034 τῆς

2341 4059 2436 4110 τοῦ
2467 4057 2674 4112 Παύλου
2695 4061 2875 4131 φωνῆς
2894 4079 2907 4091 ·
2940 4083 2958 4112 ‹
2991 4062 3051 4114 Εἰ
3075 4061 3183 4133 γὰρ
3207 4060 3241 4114 ἀ
3269 4061 3570 4128 κατέλυσα,
3608 4060 3782 4116 ταῦτα
3811 4060 3921 4114 πά-

2341 4151 2425 4204 λιν
2471 4153 2835 4226 οἰκοδομήσω,
2891 4156 3216 4227 παραϐάτην
3262 4157 3502 4227 ἐμαυτὸν
3537 4158 3860 4210 συνιστάνω.
3899 4178 3917 4208 ι

2355 4243 2528 4313 Ἐρεῖς
2579 4245 2636 4297 δὲ
2677 4246 2805 4308 ίσως
2838 4247 3040 4300 έκεῖνο·
3098 4249 3335 4316 Χριστὸν
3385 4248 3480 4301 ἕνα
3526 4248 3619 4300 καὶ
3657 4247 3784 4299 Υἰὸν
3829 4249 3925 4300 καὶ

2344 4333 2549 4402 Κύριον
2583 4334 3050 4405 διισχυριζόμενος
3084 4331 3222 4389 εἶναι
3258 4337 3528 4407 πανταχοῦ
3567 4338 3658 4390 τὸν
3692 4339 3756 4390 ὲκ
3784 4337 3923 4390 Θεοῦ

2345 4429 2554 4499 Πατρὸς
2586 4427 2776 4495 Λόγον,
2820 4426 2956 4496 μετά
2994 4428 3093 4498 τῆς
3123 4429 3256 4491 ἰδίας
3303 4431 3525 4500 σαρκὸς,
3565 4430 3680 4493 πῶς
3713 4430 3777 4500 δὴ
3816 4430 3924 4498 φὴς

2346 4523 2423 4582 εἰς
2454 4519 2715 4591 ἀρχιερέα
2769 4515 3046 4572 τεθεῖσθαι
3092 4520 3184 4571 καὶ
3234 4520 3564 4586 ἀπόστολον;
3595 4516 3713 4572 εἶτα
3759 4520 3922 4573 τοῦτο

2344 4612 2535 4678 λέγων,
2571 4611 2666 4679 ούχ
2699 4608 2952 4681 ὑϐριεῖ[ς]
2980 4610 3076 4679 τῆς
3105 4610 3252 4674 θείας
3282 4610 3449 4663 αὑτοῦ
3473 4611 3628 4679 δόξης
3659 4612 3718 4664 τὸ
3753 4611 3922 4683 ὑπερ-

2347 4702 2509 4773 φερὲς
2536 4699 2783 4771 ἀξίωμας
2818 4703 2958 4765 Ὅτι,
2989 4695 3033 4753 ὦ
3083 4701 3344 4770 βέλτιστε,
3379 4703 3542 4772 φαίην
3583 4703 3667 4766 ἂν,
3697 4702 3922 4770 γέγονεν

2347 4795 2631 4861 ἄνθρωπος
2655 4793 2682 4843 6
2715 4791 3006 4862 μονογενὴς
3035 4791 3127 4844 τοῦ
3155 4792 3290 4845 Θεοῦ
3326 4794 3518 4861 Λόγος,
3544 4793 3639 4845 καὶ
3666 4796 3778 4856 τοῖς
3825 4795 3924 4863 τῆς

2349 4883 2763 4953 ἀνθρωπότητος
2816 4883 3066 4954 μέτροις,
3101 4884 3201 4936 οὐκ
3254 4885 3590 4955 ἀνάρμοστον
3627 4883 3692 4936 ἂν
3724 4884 3810 4954 εἴη
3863 4886 3925 4937 τὸ

2348 4978 2536 5045 χρῆμα
2566 4977 2662 5044 τῆς
2711 4973 3026 5044 ἱερωσύνης,
3088 4975 3181 5026 καὶ
3224 4974 3328 5045 μὴν
3359 4976 3453 5026 καὶ
3492 4974 3552 5026 τὸ
3583 4974 3921 5027 ἀπεστάλθαι

2347 5068 2527 5134 λέγειν
2560 5067 2740 5122 αὐτόν.
2783 5066 3168 5137 Κατεφρόνησε
3201 5065 3308 5138 γὰρ
3357 5065 3635 5135 αἰσχύνης,
3658 5066 3734 5127 ὡς
3773 5067 3802 5117 6
3832 5065 3921 5118 θε-

2351 5158 2567 5218 σπέσιος
2596 5158 2794 5224 γράφει
2819 5155 3045 5219 Παῦλος,
3081 5157 3171 5208 καὶ
3205 5157 3272 5208 τά
3305 5155 3385 5206 ἔτι
3417 5155 3550 5224 μείω
3572 5172 3629 5206 τε
3670 5157 3760 5206 καὶ
3812 5158 3917 5208 ἀπ-

2348 5250 2620 5318 ηχέστερα
2651 5249 2714 5300 δι’
2741 5250 2886 5318 ἡμᾶς
2914 5248 3232 5317 ὑπομείνας.
3255 5247 3465 5300 Δέδωκε
3499 5247 3606 5316 γὰρ
3632 5246 3722 5298 τὸν
3754 5247 3920 5298 νῶτον

2346 5344 2424 5404 εἰς
2458 5343 2745 5410 μάστιγας,
2773 5343 2832 5393 τὸ
2865 5343 2921 5394 δὲ
2954 5343 3244 5415 πρόσωπον
3271 5340 3433 5394 αὑτοῦ
3467 5342 3564 5392 οὑκ
3591 5341 3917 5411 ἀπεστράφη

2347 5434 2456 5486 ἀπὸ
2498 5435 2758 5504 αἰσχύνης
2781 5436 3207 5504 ὲμπτυσμάτων,
3241 5433 3332 5486 καὶ
3358 5433 3454 5497 τὰς
3487 5433 3755 5486 Ἰουδαίων
3775 5450 3917 5502 παρ-

2345 5525 2514 5587 οινίας
2544 5525 2839 5594 τληπαθῶς
2870 5525 3144 5595 ἠνέσχετο.
3179 5523 3315 5577 Ἀλλ’
3337 5524 3436 5575 οὐκ
3462 5523 3630 5587 ἀξιοῖς
3661 5523 3810 5594 ἰερέα
3840 5523 3922 5574 λέ-

2348 5633 2465 5683 γειν
2501 5617 2576 5678 ὡς
2601 5616 2915 5688 ὑπάρχοντα
2938 5615 3104 5682 Θεόν;
3132 5616 3299 5685 Δέχου
3329 5616 3427 5687 τῆς
3451 5616 3761 5686 οἰκονομίας
3793 5616 3918 5678 τοὺς

1857 5798 1902 5828 ⁸⁸
1945 5799 2042 5854 lsa.
2080 5816 2127 5863 ι,
2153 5800 2224 5863 -6,
2259 5799 2444 5854 Matth.
2480 5817 2625 5864 .\M’l,
2663 5804 2749 5858 67.
