4072 6346
197 379 295 433 153

1252 386 1626 443 ADVERSUS
1662 386 2063 443 NESTORIUM
2108 386 2234 441 LIB.
2273 387 2356 443 lll.

3332 392 3435 445 154

189 504 410 571 λόγους·
460 504 766 573 διαλογίζου
823 507 922 578 τὴν
950 508 1213 563 κένωσιν·
1271 511 1368 582 τὴν
1419 514 1498 574 είς
1528 516 1627 583 τὴν
1674 510 1756 564 τοῐ

1871 512 2094 565 sationis
2156 510 2445 574 rationem,
2505 509 2678 579 cogita
2733 508 3175 572 exinanitionem,
3209 508 3433 564 descen-

190 595 372 647 δούλου
404 597 617 667 μορφὴν
648 599 1056 669 καταφοίτησιν.
1089 602 1161 653 Οὐ
1188 601 1251 670 δὴ
1280 603 1549 673 προκόψαι
1581 603 1760 673 φαμὲν

193 689 283 739 καὶ
310 689 387 750 εἰς
415 688 630 758 ἀξίωμα
659 690 886 760 δραμεῖν
930 692 1020 744 τὸν
1053 694 1146 745 τοῦ
1198 694 1333 747 Θεοῦ
1376 696 1570 763 Λόγον,
1598 698 1646 748 εί
1672 714 1762 748 κε-

190 780 530 847 χρημάτικεν
570 782 725 851 ἡμῶν
768 783 1088 854 ἀρχιερεὺς,
1123 786 1446 841 καθικέσθαι
1475 788 1531 840 δὲ
1561 789 1762 858 μᾶλλον

191 872 284 923 καὶ
310 871 399 923 διὰ
438 872 627 925 τούτου
669 875 803 943 πρὸς
837 875 1100 929 κένωσιν·
1136 878 1257 930 ἐπεὶ
1294 880 1407 942 πῶς
1438 881 1757 947 κεκένωται,

191 962 283 1013 καὶ
304 959 778 1032 [τε]ταπεινῶσθαι
793 966 1007 1033 λέγεται
1025 969 1217 1025 ,καίτοι
1232 970 1292 1021 τὸ
1309 970 1579 1039 ἄτρεπτον
1599 972 1759 1041 ἔχων,

190 1055 285 1107 καὶ
314 1056 575 1127 ὑπάρχων
610 1060 666 1109 ὲν
703 1061 883 1128 μορφῇ
912 1062 1003 1113 καὶ
1035 1062 1240 1129 ίσότητι
1270 1062 1409 1115 κατὰ
1438 1068 1546 1118 πᾶν
1584 1063 1760 1118 ὁτιοῦν

190 1143 326 1213 πρὸς
353 1144 443 1197 τὸν
485 1146 679 1199 ἑαυτοῦ
714 1149 1055 1219 Γεννήτορα;
1098 1150 1213 1214 πῶς
1256 1152 1313 1205 δὲ
1359 1155 1450 1206 καὶ
1490 1155 1759 1226 προέκοψε

188 1236 332 1288 κατά
362 1236 555 1307 βραχὺ,
594 1240 687 1291 καὶ
729 1240 907 1304 τοῦτο,
946 1243 1089 1295 καθὰ
1118 1245 1223 1313 φὴς
1260 1246 1441 1309 αὐτὸς,
1472 1249 1551 1309 εἰς
1572 1248 1632 1301 τὸ
1661 1249 1761 1318 τῆς

186 1327 599 1400 ἀρχιερωσύνης
641 1332 897 1400 ἀξίωμα;
946 1333 1105 1388 ποίαν
1157 1338 1238 1397 εἰς
1273 1336 1428 1389 τοῦτο
1473 1339 1759 1409 δεχόμενος

184 1419 285 1489 τὴν
326 1421 601 1487 ὲπίδοσινς
637 1413 697 1475 Εί
735 1424 831 1493 μὲν
885 1421 979 1478 οὖν
1022 1426 1121 1493 τὴν
1171 1426 1452 1495 σώματος,
1490 1432 1757 1501 ἐρήσομαι

186 1510 376 1564 πάλιν·
407 1508 557 1582 *Αρα
584 1514 691 1585 γὰρ
730 1516 761 1585 ἡ
803 1516 1052 1587 σώματος
1074 1518 1299 1589 αὔξησις
1348 1521 1485 1590 πρὸς
1529 1522 1627 1591 τὴν
1660 1525 1758 1593 τῆς

188 1603 490 1673 ἱερωσύνης
518 1605 838 1677 ἀνακομίζει
856 1607 1044 1672 δόξαν;
1081 1609 1290 1662 Οὐκοῦν
1324 1611 1462 1663 ἔστω
1488 1611 1545 1663 τὸ
1569 1612 1756 1683 χρῆμα

187 1694 369 1746 κοινόν
391 1712 403 1724 ·
440 1696 534 1748 καὶ
568 1698 596 1748 6
630 1697 719 1760 σὸς
759 1698 939 1750 οὑτοσὶ
964 1699 1101 1751 κατὰ
1132 1700 1329 1762 παντὸς
1357 1700 1451 1754 ῐτω
1485 1702 1639 1768 λόγος
1661 1706 1755 1756 τοῦ

185 1787 590 1855 προκόπτοντος
654 1787 1009 1857 σωματικῶς·
1064 1790 1199 1842 ἀλλὰ
1265 1791 1368 1860 μὴν
1422 1793 1520 1862 οὐχ
1583 1793 1754 1847 ἅπασι

185 1877 300 1937 τοῖς
325 1878 405 1939 εἰς
458 1875 685 1946 αὔξησιν
720 1876 818 1947 τὴν
859 1879 1173 1950 σωματικὴν
1217 1881 1509 1951 ἀναφοιτᾷν
1542 1883 1756 1937 εἰωθόσι

185 1964 243 2016 τὸ
299 1967 547 2035 ἱερᾶσθαι
604 1965 840 2037 πρέπει·
879 1967 997 2030 πῶς
1032 1963 1125 2020 οὖν
1187 1970 1319 2037 ἡμῖν
1366 1970 1444 2031 είς
1486 1970 1755 2035 ἀπόδειξιν

183 2049 257 2109 ὧν
310 2056 447 2127 ιἔφης
488 2059 807 2127 παρατιθεὶς
858 2061 957 2113 οὐκ
996 2060 1285 2131 ἐρυθριᾷς,
1328 2061 1389 2114 τὸ
1440 2062 1528 2114 διὰ
1572 2062 1755 2131 φωνῆς

182 2147 472 2217 εἰρημένον
506 2148 599 2200 τοῦ
645 2148 930 2201 θεσπεσίου
964 2151 1148 2203 Λουκᾶ
1173 2166 1184 2179 ·
1240 2168 1259 2202 ι
1300 2151 1504 2222 Ἰησοῦς
1542 2153 1597 2205 δὲ
1625 2170 1756 2222 προ-

179 2238 409 2293 ἔκοπτεν
436 2239 619 2310 ἡλικία
645 2240 739 2293 καὶ
770 2240 931 2311 σοφία
954 2243 1045 2293 καὶ
1068 2244 1249 2312 χάριτι
1273 2262 1286 2309 ;
1319 2263 1337 2294 δ
1372 2245 1509 2297 Ἀλλ’
1539 2244 1615 2308 ὡς
1641 2243 1750 2317 [ἷσ.

179 2330 280 2401 εἰς]
321 2333 516 2400 σοφίαν
549 2331 655 2402 φὴς
686 2332 939 2401 γενέσθαι
983 2333 1079 2404 τὴν
1112 2335 1376 2389 ἐπίδοσιν·
1413 2338 1588 2391 καίτοι
1638 2340 1754 2403 πῶς

178 2419 336 2473 τοῦτο
372 2421 473 2472 ούκ
520 2421 765 2486 ἀμαθές;
818 2422 1269 2494 Πεπιστεύκαμεν
1314 2424 1421 2494 γὰρ
1468 2427 1532 2479 ὲκ
1565 2427 1755 2496 νηδύος

177 2512 351 2583 αὐτῆς
400 2513 495 2565 καὶ
544 2514 755 2583 μήτρας
798 2514 894 2583 τῆς
941 2515 1273 2587 παρθενικῆς
1319 2518 1449 2571 Θεὸν
1482 2519 1608 2572 ὄντα
1664 2520 1753 2573 τὸν

188 2603 559 2674 Ἐμμανουὴλ,
599 2605 883 2676 ἄνθρωπον
926 2608 1224 2675 προελθεῖν,
1264 2610 1442 2681 πλήρη
1470 2628 1570 2663 που
1620 2613 1754 2665 πάν-

173 2711 278 2758 τως
308 2698 501 2766 σοφίας
535 2701 627 2751 καὶ
661 2699 882 2769 χάριτος
920 2698 1018 2766 τῆς
1054 2700 1279 2769 ἐνούσης
1312 2703 1460 2771 αύτῷ
1489 2705 1749 2769 φυσικῶς.

174 2791 339 2844 Ποίαν
369 2787 462 2844 οὖν
482 2792 783 2855 ἐπιδέξαιτο
805 2792 903 2861 τὴν
926 2791 1166 2845 ἐπίδοσιν
1192 2793 1219 2843 6
1246 2794 1303 2843 ἐν
1329 2786 1371 2860 ᾧ
1396 2796 1594 2857 πάντες
1618 2798 1753 2849 είσὶν

172 2883 219 2933 οἱ
259 2884 529 2953 θησαυροὶ
574 2884 673 2951 τῆς
704 2882 911 2951 σοφίας,
943 2886 970 2936 6
994 2884 1095 2952 τῆς
1136 2884 1341 2937 ἄνωθεν
1371 2887 1590 2957 χάριτος
1625 2905 1752 2941 συν-

171 2974 334 3044 δοτὴρ
374 2974 451 3043 τῷ
491 2973 608 3044 Θεῷ
648 2976 740 3027 καὶ
770 2975 975 3045 Πατρί;
1008 2975 1132 3037 Πῶς
1161 2973 1251 3029 οὖν
1276 2978 1383 3046 ἄρα
1423 2981 1753 3047 προκόπτειν

172 3068 430 3138 signem;
464 3066 932 3137 Συμμετροῢντος,
956 3067 1031 3131 ῶς
1064 3085 1127 3135 γε
1154 3065 1327 3137 οἶμαι,
1368 3070 1458 3121 τοῦ
1494 3071 1628 3123 Θεοῦ
1653 3074 1751 3125 Λό-

172 3178 290 3228 γου,
325 3162 393 3231 τῇ
425 3158 519 3212 τοῦ
572 3158 701 3212 ἰδίου
736 3158 988 3228 σώματος
1018 3159 1156 3231 αὔξῃ
1185 3178 1244 3213 τε
1284 3163 1378 3214 καὶ
1416 3162 1617 3234 ἡλικίᾳ,
1643 3166 1750 3219 τῶν

1865 618 2092 672 sumque
2139 603 2203 655 ad
2258 601 2399 655 servi
2454 600 2702 654 formam.
2753 599 2865 654 Non
2926 601 3089 669 igitur
3142 600 3433 668 profecisse

1865 697 2114 759 dicimus,
2173 702 2227 748 et
2285 694 2351 745 ad
2398 692 2714 757 dignitatem
2767 692 3077 759 pervenisse
3128 692 3299 760 ipsum
3342 692 3429 745 Dei

1871 789 2121 849 Verbum,
2152 802 2273 841 cum
2305 783 2543 854 pontifex
2584 794 2765 838 noster
2796 793 2879 837 est
2907 782 3101 848 factus,
3138 784 3228 836 sed
3253 784 3433 851 potius

1864 881 2025 935 etiam
2060 894 2124 932 ex
2154 878 2254 931 hac
2294 886 2447 944 parte
2481 876 2548 928 ad
2578 875 3006 928 exinanitionem
3051 873 3427 927 descendisse:

1864 973 2084 1041 alioqui,
2137 970 2405 1039 quomodo
2440 968 2749 1022 exinanitus
2781 977 2835 1019 et
2869 965 3184 1019 humiliatus
3213 964 3431 1025 dicitur,

1864 1081 1983 1119 cum
2018 1071 2163 1116 esset
2214 1058 2571 1114 immutabilis
2600 1065 2653 1110 et.
2686 1058 2738 1110 in
2776 1055 2946 1109 forma
2977 1054 3092 1119 Dei,
3128 1063 3182 1106 et
3213 1052 3432 1119 aequali-

1865 1165 2027 1209 tatem
2050 1154 2303 1206 omnibus
2334 1151 2387 1203 in
2426 1149 2585 1202 rebus
2603 1163 2724 1202 cum
2756 1163 2851 1200 suo
2877 1146 3132 1201 Genitore
3156 1141 3433 1197 servaret?

1861 1246 2134 1316 quomodo
2164 1244 2325 1298 etiam
2369 1240 2623 1308 paulatim
2654 1237 2904 1308 profecit,
2928 1238 3108 1305 idque,
3147 1246 3205 1288 ut
3240 1244 3295 1287 tu
3327 1234 3429 1298 ais,

1863 1338 1929 1390 ad
1959 1337 2245 1391 sacerdotii
2277 1333 2592 1402 dignitatem
2625 1331 2648 1383 ?
2676 1331 2833 1398 quale
2859 1330 2923 1383 ad
2949 1344 3066 1382 eam
3100 1341 3212 1381 rem
3253 1327 3433 1379 incre-

1863 1438 2106 1482 mentum
2138 1424 2397 1493 accepit?
2430 1424 2559 1477 Nam
2604 1426 2645 1477 si
2692 1423 2935 1492 corporis
2995 1422 3168 1485 dicas,
3230 1418 3431 1488 rogabo

1863 1534 2102 1572 rursus:
2152 1516 2288 1570 Num
2326 1517 2572 1584 corporis
2624 1524 2971 1581 augmentum
3027 1515 3091 1566 ad
3142 1511 3430 1566 sacerdotil

1862 1613 2084 1682 gloriam
2122 1611 2366 1677 perducit
2397 1608 2419 1660 ?
2455 1608 2594 1676 Ergo
2634 1607 2941 1661 communis
2975 1607 3046 1657 sit
3078 1618 3140 1659 ea
3176 1602 3428 1672 dignitas,

1859 1716 1913 1758 et
1941 1705 2053 1757 haec
2084 1714 2172 1754 tua
2230 1701 2369 1754 ratio
2421 1715 2516 1767 per
2575 1712 2763 1751 onmes
2792 1705 2879 1748 eat
2942 1695 3034 1762 qui
3081 1692 3434 1761 cerporaliter

1862 1806 2149 1865 augentur,
2208 1790 2357 1861 atqui
2420 1805 2524 1842 non
2580 1788 2831 1842 oninibus
2876 1787 2964 1854 qui
3001 1786 3066 1839 ad
3126 1785 3431 1838 auctionem

1795 1877 1833 1929 Β
1859 1884 2195 1953 corporalem
2233 1882 2518 1951 pervenire
2542 1881 2736 1940 solent,
2771 1878 3073 1931 sacerdotio
3114 1874 3261 1944 fungi
3304 1890 3433 1931 con-

1864 1976 2009 2030 venit
2038 1994 2051 2029 :
2083 1973 2355 2042 quomodo
2389 1972 2552 2040 igitur
2588 1970 2650 2024 ad
2688 1970 2775 2024 illa
2820 1984 2940 2039 quae
2997 1969 3176 2022 dixisti
3208 1967 3436 2021 demon-

1859 2068 2106 2132 stranda,
2132 2082 2194 2119 ea
2231 2065 2427 2117 afferre
2452 2078 2557 2116 non
2577 2063 2853 2115 erubescis
2908 2075 3025 2127 quaI
3070 2058 3250 2113 verbis
3290 2057 3430 2112 beati

1858 2157 2019 2211 Lucae
2053 2158 2193 2209 dicta
2222 2164 2347 2210 sunt
2377 2170 2391 2208 :
2427 2169 2445 2202 ι
2485 2149 2642 2205 Jesus
2689 2159 2866 2202 autem
2918 2147 3231 2217 proﬁciebat
3276 2155 3435 2199 etate

1856 2260 1911 2305 et
1967 2246 2230 2318 sapientia
2285 2255 2339 2298 et
2395 2244 2566 2311 gratia
2596 2242 2641 2273 ⁸⁹
2671 2242 2692 2294 ?
2722 2260 2740 2292 ι
2777 2240 2845 2293 At
2872 2240 3016 2293 enim
3068 2239 3119 2291 in
3170 2236 3432 2307 sapientia

1856 2340 2204 2393 factumesse
2248 2337 2645 2389 incrementqu
2678 2331 2861 2386 dicis:
2907 2329 3121 2382 tametsi
3167 2327 3435 2396 quomodo

1855 2434 1963 2503 87
1989 2434 2035 2485 id
2069 2446 2172 2484 non
2194 2429 2412 2483 stultum
2439 2427 2546 2481 sit?
2566 2425 2838 2479 credimus
2858 2423 3001 2479 enim
3027 2437 3091 2475 ex
3114 2422 3229 2489 ipso
3247 2429 3436 2473 ventre

1856 2536 2018 2593 atque
2062 2535 2214 2575 utero
2252 2520 2514 2588 virgineo,
2554 2517 2728 2586 ipsum
2756 2512 3094 2575 Emmanuel,
3139 2525 3259 2565 cum
3296 2509 3437 2563 Deus

1855 2623 2018 2676 esset,
2052 2612 2325 2665 hominem
2365 2609 2650 2677 prodiisse,
2685 2606 2902 2675 plenum
2938 2602 3123 2673 procul
3155 2601 3316 2655 dubio
3350 2614 3438 2653 sa-

1856 2703 2055 2773 pientia
2089 2714 2141 2755 et
2169 2699 2343 2771 gratia
2378 2713 2498 2767 qua:
2531 2696 2604 2750 illi
2650 2695 2968 2748 naturaliter
3013 2695 3207 2746 inerat.
3259 2690 3439 2757 Quod-

1857 2811 1978 2849 nam
2022 2794 2184 2863 igitur
2214 2795 2257 2845 is
2292 2792 2681 2844 incrementum
2712 2786 3032 2854 susciperet.
3071 2786 3122 2837 in
3163 2796 3268 2851 quo
3314 2789 3438 2835 sunt

1854 2902 2041 2942 OllllleS
2073 2884 2306 2939 thesauri
2344 2882 2621 2949 sapientia:
2647 2881 2718 2942 '°,
2746 2880 2834 2947 qui
2877 2892 3121 2945 supernae
3148 2872 3334 2944 gratiae
3361 2873 3436 2925 si-

1855 2979 1960 3033 uml
1996 2993 2114 3032 cum
2148 2976 2256 3028 Dco
2289 2982 2344 3027 et
2380 2971 2541 3025 Patre
2570 2969 2797 3038 largitor
2825 2963 3252 3028 est?0uomodo
3278 2960 3440 3025 igitur

1854 3070 2115 3139 proﬁcere
2164 3068 2341 3122 dictus
2375 3064 2495 3119 est?
2544 3061 2614 3116 Ut
2662 3076 2759 3131 ego
2813 3060 3066 3122 arbitror,
3117 3054 3241 3123 quia
3301 3053 3440 3105 Deus

1858 3159 2120 3219 Verbum,
2160 3172 2256 3225 pro
2286 3157 2625 3209 incremento
2650 3160 2705 3204 et
2727 3158 2885 3203 aetate
2911 3144 3274 3212 suicorporis,
3306 3140 3442 3194 divi-

173 3222 402 3306 ἐνόντων
427 3250 578 3321 αὐτῷ
600 3222 1080 3323 θεοπρεπεστὼτων
1103 3222 1323 3321 suam
1468 3222 1744 3325 ἐκφανσιν.

1858 3266 2045 3305 norum
2088 3249 2300 3301 illorum
2342 3248 2603 3299 bonorum
2649 3256 2767 3308 quas
2801 3240 2901 3293 sibi
2931 3240 3164 3299 inerant,
3210 3232 3440 3287 manife-

186 3343 490 3412 Ἐννοῶμεν
538 3342 643 3411 γὰρ
669 3344 769 3401 ὅτι.
816 3344 991 3395 καίτοι
1043 3346 1163 3396 καθ’
1208 3348 1352 3415 ἡμᾶς
1391 3349 1628 3415 γεγονὼς
1654 3351 1749 3403 ἀν..

172 3435 414 3505 θρωπος,
460 3433 742 3487 λανθάνειν
788 3434 1117 3499 ἐσπούδαζεν
1161 3438 1219 3489 ὲν
1252 3440 1449 3506 ἀρχαῖς
1471 3479 1485 3499 ,
1518 3440 1612 3491 καὶ
1640 3436 1750 3493 οἷον

177 3525 422 3594 ἀψοφητὶ
466 3524 562 3577 καὶ
591 3524 967 3593 σεσιγημὲνως
998 3526 1092 3595 τὴν
1130 3526 1221 3580 τοῦ
1255 3529 1554 3597 μυστηρίου
1590 3530 1751 3583 δύνα-

175 3636 264 3687 μιν
307 3616 457 3671 κατὰ
499 3616 670 3687 βραχὺ
715 3614 1116 3685 διοικούμενος·
1150 3619 1243 3671 καὶ
1287 3619 1422 3688 πρός
1479 3637 1540 3687 γε
1597 3622 1752 3675 τοῦτο

170 3710 316 3778 ἡμᾶς
364 3708 532 3771 αὐτὸς
580 3709 608 3759 6
637 3707 768 3772 Θεὸς
802 3710 896 3762 καὶ
928 3710 1116 3779 Πατὴρ
1174 3711 1505 3765 πιστώσεται
1538 3712 1709 3779 λέγων
1733 3731 1748 3747 ·

177 3820 193 3850 ι
240 3799 449 3854 Ἰακὼὸ
482 3801 508 3851 ὁ
550 3803 676 3864 παῖς
720 3818 842 3869 μου,
884 3801 1246 3871 ἀντιλήψομαι
1292 3802 1492 3857 αὑτοῦ·
1540 3805 1752 3875 Ἰσραὴλ

168 3898 195 3949 6
239 3896 503 3958 ἐκλεκτός
552 3913 673 3965 μου,
734 3896 1091 3967 προσεδέξατο
1138 3898 1300 3950 αὑτὸν
1352 3900 1383 3969 ἡ
1430 3899 1573 3969 ψυχή
1612 3918 1749 3969 μου·

170 3990 346 4042 ἔδωκα
381 3989 447 4042 τὸ
467 3988 686 4057 πνεῦμά
727 4006 823 4057 μου
846 3990 932 4039 ἐπ’
966 3989 1127 4041 αὐτόν
1150 4005 1161 4015 ⁸
1196 3990 1376 4057 κρίσιν
1406 3993 1516 4052 τοῖς
1548 3992 1753 4044 ἔθνεσιν

170 4078 398 4141 ἐξοίσει·
426 4078 486 4130 ού
534 4076 883 4146 κεκράξεται,
917 4077 1036 4128 οὐδὲ
1072 4076 1293 4139 ἀνοίσει,
1326 4078 1445 4129 οὐδὲ
1481 4080 1755 4151 ἀκουσθή-

172 4172 384 4237 σεταιή
433 4167 587 4237 φωνὴ
636 4166 798 4221 αὐτοῦ
840 4164 974 4230 ἔξω·
1006 4167 1251 4236 κάλαμον
1296 4169 1756 4240 συντεθλασμένον

168 4258 227 4310 ού
253 4258 573 4329 συντρίψει·
607 4257 698 4311 καὶ
732 4257 875 4309 λίνον
900 4257 1202 4327 τυφόμενον
1247 4258 1308 4310 οὐ
1335 4259 1536 4314 σὸἑσει.
1573 4279 1590 4311 ›
1630 4262 1757 4314 Ἐπ-

169 4351 331 4418 ετίμα
360 4351 422 4403 δέ
460 4367 563 4403 που
604 4350 695 4403 καὶ
739 4350 922 4412 αὐτοῖς
965 4352 1075 4412 τοῖς
1108 4349 1283 4417 ἁγίοις
1304 4352 1640 4416 ἀποστόλοις,
1671 4355 1756 4408 ἵνα

173 4445 245 4512 μὴ
280 4442 526 4512 φανερὸν
557 4441 717 4493 αὑτὸν
752 4440 999 4495 ποιῶσιν.
1035 4440 1242 4493 Οὐκοῦν
1271 4441 1484 4512 ἐδείχθη
1525 4444 1590 4496 ἂν
1618 4446 1757 4500 ἄπα·

169 4552 251 4588 σιν
281 4534 454 4604 ἄηθές
481 4550 538 4585 τε
566 4532 754 4602 χρῆμα
788 4533 881 4584 καὶ
912 4531 1080 4596 ξένον,
1109 4534 1203 4585 καὶ
1230 4536 1549 4604 περιεργίας
1585 4537 1753 4603 ἀξιον,
1790 4564 1832 4616 D

166 4629 213 4679 εξ
246 4626 453 4695 βρέφος
484 4624 560 4677 ῶν
594 4624 695 4685 ἔτι,
732 4622 1011 4692 θεοπρεπῆ
1040 4623 1139 4693 τῆς
1178 4626 1368 4692 σοφίας
1403 4627 1637 4679 ἐποιεῖτο
1657 4628 1756 4699 τὴν

167 4719 391 4783 ἔνδειξιν
413 4737 426 4748 ·
464 4717 609 4771 κατά
638 4717 808 4786 βραχὺ
836 4717 891 4769 δὲ
925 4720 1019 4769 καὶ
1045 4717 1322 4785 ἁναλῖγως
1347 4720 1412 4787 τῇ
1445 4719 1538 4771 τοῦ
1570 4719 1757 4788 σώμα-

167 4826 253 4872 τος
298 4809 500 4880 ἡλικίᾳ
550 4806 899 4877 κατευρύνων
954 4806 1144 4876 αὐτὴν,
1206 4808 1419 4878 ἐμφανῆ
1472 4826 1532 4859 τε
1584 4807 1754 4862 ἅπασι

168 4898 470 4961 καθιστῶν,
498 4896 828 4966 προκόπτειν
863 4895 926 4947 ἂν
947 4895 1175 4961 λέγοιτο,
1205 4898 1297 4949 καὶ
1329 4898 1475 4966 μάλα
1506 4900 1750 4962 είκότως.

166 4990 288 5053 Πῶς
315 4986 415 5042 οὖν
444 4988 555 5058 ἄρα
592 4986 731 5040 κατὰ
764 4988 957 5057 μικρὸν
988 4989 1291 5057 προέκοψεν
1320 4992 1398 5052 εἰς
1430 4993 1750 5061 ἱερωσύνην,

167 5085 301 5134 κατὰ
337 5080 569 5152 ἀρετὴν,
607 5081 727 5132 είπέ
774 5096 885 5149 μοι,
922 5079 1339 5150 τελειούμενος;
1386 5077 1503 5134 εἶτα
1551 5082 1667 5145 πῶς
1692 5083 1758 5136 ἂν

166 5171 197 5241 ἢ
232 5173 394 5224 πόθεν
416 5170 715 5224 ὲνδοιάσειέ
740 5188 845 5234 τις,
870 5172 950 5225 ὅτι
976 5172 1035 5224 τὸ
1062 5172 1398 5242 ἡμαρτηκὺς,
1428 5174 1519 5225 τοῦ
1542 5173 1759 5237 τελείως

169 5262 381 5331 ἔχοντος
416 5263 565 5315 κατὰ
595 5263 815 5334 ἀρετὴν,
849 5263 953 5316 ὑπὸ
1002 5263 1189 5333 μῶμον
1218 5262 1390 5327 ἔσται,
1425 5266 1518 5317 καὶ
1545 5265 1644 5318 οὐκ
1679 5267 1759 5327 είς

169 5354 310 5407 ἅπαν
356 5354 813 5423 τεθαυμασμένον
839 5394 851 5416 ,
888 5354 1166 5423 μᾶλλονδὲ
1206 5356 1344 5425 τάχα
1382 5374 1481 5410 που
1523 5358 1616 5409 καὶ
1656 5358 1759 5409 ὑπὸ

169 5447 383 5515 γραφὴν
443 5447 759 5516 ἀμαρτίαςς
808 5446 966 5499 Ἀλλὰ
1027 5447 1133 5516 μὴν
1182 5448 1399 5517 ἀληθὲς,
1445 5447 1520 5511 ὡς
1555 5450 1615 5501 οὐ
1657 5467 1752 5501 πε-

170 5537 395 5607 ποίηκεν
437 5537 739 5606 ἁμαρτίαν,
769 5538 886 5589 οὐδὲ
927 5538 1120 5601 εὑρέθτι
1147 5538 1292 5601 δόλος
1330 5541 1388 5592 ἐν
1425 5541 1493 5609 τῷ
1528 5539 1751 5609 στόματι

173 5734 281 5857 ’0⁸³
324 5732 456 5788 an.
505 5748 570 5797 II,
608 5732 695 5787 52.
770 5735 814 5765 '°
856 5734 1063 5789 Coloss.
1100 5751 1158 5798 II,
1195 5736 1227 5789 3

174 5822 200 5857 ο

174 5822 200 5857 Ο

1852 3342 2137 3398 stationem
2198 3336 2649 3392 admetiebaotur.
2700 3331 3121 3386 Consideremns
3173 3327 3315 3380 enim
3376 3325 3442 3377 il-

1853 3433 1987 3494 lum,
2027 3430 2275 3499 quamvis
2309 3430 2469 3481 homo
2490 3427 2601 3495 jam
2635 3423 2802 3476 nostri
2836 3420 3033 3475 similis
3075 3418 3248 3471 factus
3278 3425 3441 3468 esset.

1855 3523 2009 3577 initio
2066 3520 2233 3573 latere
2292 3518 2601 3576 studuisse,
2666 3514 2829 3567 veluti
2904 3514 3020 3565 sine
3085 3510 3314 3578 strepitu
3377 3520 3443 3559 ac

1857 3614 2021 3666 tacite
2093 3609 2350 3678 paulatim
2414 3605 2658 3675 mysterii
2730 3604 2836 3655 vim
2907 3603 3281 3670 disponentem
3329 3616 3343 3651 :
3390 3613 3444 3653 et

1854 3704 1921 3758 ad
1973 3701 2130 3767 hujus
2186 3700 2259 3752 rei
2311 3697 2471 3750 ﬁdem
2525 3695 2666 3748 Dens
2718 3709 2780 3747 ac
2829 3692 2989 3745 Pater
3024 3689 3179 3743 nobis
3213 3688 3317 3741 erit
3363 3686 3445 3739 lo-

1856 3797 2038 3863 cuples
2070 3804 2260 3847 auctor
2305 3805 2425 3845 cum
2462 3789 2592 3844 dicit
2626 3806 2638 3838 :
2680 3806 2696 3835 ι
2730 3784 2897 3839 Jacoh
2953 3798 3087 3852 puer
3118 3796 3289 3842 meus,
3321 3794 3442 3833 sus-

1855 3888 2051 3955 cipiam
2096 3898 2219 3938 eum
2268 3879 2500 3940 :.lsrael
2543 3878 2749 3932 electus
2796 3891 2980 3939 meus,
3026 3874 3284 3941 suscipiet
3316 3888 3439 3924 eum

1856 3978 2032 4031 anima
2070 3988 2185 4026 mea
2214 3990 2225 4024 :
2252 3971 2371 4025 dedi
2406 3968 2653 4037 spiritum
2679 3983 2856 4019 meum
2890 3980 3057 4033 super
3111 3978 3234 4016 eum
3265 3960 3441 4029 :judi-

1857 4070 1997 4123 cium
2041 4065 2295 4135 gentibus
2341 4060 2577 4131 proferet
2622 4076 2635 4112 :
2674 4074 2779 4111 non
2816 4056 3092 4118 clamabit,
3137 4069 3312 4121 neque
3344 4068 3442 4105 vo-

1857 4159 2188 4220 ciferabitnr,
2221 4170 2391 4223 neque
2415 4152 2672 4205 audietur
2697 4163 2796 4201 vox
2824 4147 2939 4213 ejus
2964 4145 3097 4200 foris
3129 4164 3143 4199 :
3173 4144 3441 4197 calamum

1858 4259 2176 4320 quassatum
2230 4261 2333 4299 non
2386 4251 2657 4305 conteret,
2699 4250 2755 4292 et
2805 4240 2969 4291 linum
3022 4236 3290 4304 fumigans
3336 4240 3441 4287 neu

1858 4341 2166 4408 exstinguet
2192 4336 2258 4389 ⁸³.
2297 4353 2315 4386 ι
2351 4333 2665 4401 lncrepabat
2695 4332 2856 4383 etiam
2892 4328 3037 4397 ipsos
3066 4336 3283 4380 sanctos
3315 4339 3442 4392 apo-

1859 4432 2046 4495 stolos,
2084 4446 2150 4483 ne
2174 4443 2294 4481 eum
2338 4425 2683 4479 manifestum
2726 4421 2985 4475 facerent.
3021 4418 3159 4488 Ergo
3189 4433 3321 4470 nova
3358 4433 3443 4471 res

1860 4533 1914 4575 et
1948 4520 2160 4574 insolita
2192 4526 2403 4572 ostensa
2438 4524 2602 4577 esset.
2635 4524 2689 4567 et
2720 4529 2840 4582 quae
2871 4512 3139 4565 curiosius
3175 4519 3315 4562 eSset
3346 4525 3443 4560 rx-

1862 4613 2143 4683 quirenda,
2166 4612 2208 4664 si
2238 4610 2413 4663 adhuc
2438 4607 2613 4661 infans
2638 4608 2874 4661 divinam
2901 4606 3181 4673 sapientia:
3208 4602 3442 4669 speciem

1861 4706 2187 4760 ostendisset
2213 4704 2279 4757 θ’.
2312 4701 2416 4757 Sed
2444 4715 2565 4754 cum
2592 4698 2848 4765 paulatim
2878 4698 3021 4750 illam
3048 4706 3103 4749 et
3132 4710 3226 4763 pro
3250 4709 3443 4761 corpo-

1866 4812 1968 4850 rem
1998 4796 2169 4850 sitatis
2195 4796 2401 4849 ratione
2435 4791 2814 4860 ampliﬁcaret,
2845 4788 3201 4854 onmibusque
3231 4785 3442 4854 perspi-

1862 4905 2017 4943 cuam
2070 4888 2305 4948 faceret,
2359 4884 2744 4937 convenienter
2795 4879 3087 4933 admodum
3145 4875 3444 4946 profecisse

1861 4982 1965 5035 dici
2015 4989 2211 5049 potest.
2251 4976 2531 5044 Quomodo
2585 4976 2750 5043 igitur
2798 4972 3057 5043 paulatim
3111 4970 3339 5038 profecit
3388 4972 3441 5025 in

1858 5071 2251 5135 sacerdotium,
2298 5070 2351 5121 in
2386 5069 2674 5130 virtutene,
2726 5079 2856 5135 rogo
2889 5072 2961 5127 te,
2995 5061 3446 5117 consummatus?

1859 5164 1998 5234 quod
2035 5165 2076 5218 si
2109 5172 2216 5225 est,
2250 5176 2353 5229 qua
2389 5161 2601 5212 ratione
2633 5157 2918 5225 quisquam
2948 5153 3209 5223 ambiget,
3246 5153 3387 5221 quod
3411 5165 3443 5204 a

1861 5253 2186 5323 perfectione
2239 5252 2455 5305 virtutis
2507 5252 2694 5313 abest,
2749 5249 2799 5300 id
2860 5260 2982 5299 esse
3031 5244 3439 5313 reprehensioni

1860 5348 2173 5409 obnoxium,
2223 5357 2397 5411 neque
2431 5357 2527 5409 per
2554 5342 2734 5393 oomia
2777 5339 3128 5401 laudandum,
3175 5337 3284 5390 imo
3317 5350 3444 5390 vero

1859 5439 2024 5492 etiam
2054 5437 2287 5515 fortasse
2316 5436 2383 5489 de
2410 5434 2617 5503 peccati
2649 5433 2876 5487 crimine
2898 5431 3244 5499 culpandum.
3276 5429 3439 5497 Atqui

1860 5547 2048 5585 verum
2082 5540 2164 5583 est
2196 5545 2300 5582 non
2348 5528 2540 5581 fecisse
2585 5536 2886 5594 peccatum,
2939 5540 3112 5591 neque
3163 5525 3438 5574 inventum

1328 5736 1372 5765 “
1414 5735 1517 5791 Isa.
1559 5751 1689 5801 XLII,
1726 5734 1853 5797 1-5;
1894 5731 2085 5786 Matth.
2119 5746 2218 5796 XII,
2263 5730 2445 5785 18—20.
2523 5730 2569 5759 ⁹²
2612 5727 2795 5781 Matth.
2834 5742 2942 5785 xu,
2981 5723 3085 5790 ‘20;
3123 5726 3288 5778 Marc.
3323 5740 3437 5790 IIII,
