4072 6346
609 375 709 431 155

1617 381 1674 436 S.
1717 381 1990 436 CYRILIJ
2035 382 2500 439 ALEXANDRINI
2541 385 2857 449 ARCHIEP.

3753 377 3852 435 158

607 497 771 552 fuisse
801 495 979 552 dolum
1008 498 1060 551 in
1088 512 1182 553 ore
1206 499 1341 566 ejus,
1373 508 1432 554 ιιι
1473 500 1730 570 scriptum
1761 510 1845 557 est
1880 504 1944 555 ’³.
1985 501 2173 557 Perfe-

2298 505 2462 568 ιύτοῦ,
2507 506 2648 558 καθὰ
2696 505 3020 576 γέγραπται.
3074 504 3393 567 Παντέλειος
3433 497 3526 556 οῦν
3572 503 3601 554 6
3648 495 3851 550 τοιόσδε

605 588 879 641 ctissimus
919 603 1047 657 ergo
1094 599 1212 644 erat
1254 592 1399 645 omni
1454 607 1517 646 ex
1555 601 1707 660 parte
1753 593 2018 661 ejusmodi
2069 595 2170 657 vir,

607 696 779 747 neque
807 682 912 736 ullo
941 685 1101 738 modo
1133 686 1422 753 quidquam
1455 686 1526 739 illi
1560 688 1746 740 deerat
1784 690 1848 742 ad
1876 689 2175 744 absolutam

605 773 1007 842 perfectamque
1046 777 1317 830 virtutem.
1368 777 1595 844 Quando
1638 789 1815 834 autem
1860 782 1956 834 fuit
2002 782 2177 836 minus

607 863 660 914 in
705 865 901 918 virtute
932 865 1224 934 perfectus,
1253 870 1345 939 qui
1374 871 1537 924 etiam
1573 871 1623 924 in
1658 881 1811 926 utero
1850 874 1991 927 Deus
2020 873 2179 929 erat?

607 955 671 1006 de
698 971 803 1022 quo
833 958 992 1010 etiam
1040 961 1296 1028 propheta
1344 961 1476 1015 dicit
1515 963 1678 1018 Isaias
1715 983 1728 1017 :
1766 984 1783 1016 ι
1819 964 2074 1036 Butyrum
2123 973 2178 1020 et

609 1046 709 1097 mel
741 1049 1020 1104 comedet:
1057 1062 1342 1120 antequam
1374 1053 1510 1107 sciat
1537 1054 1618 1107 vel
1641 1056 1801 1124 eligat
1829 1057 1989 1118 mala,
2020 1057 2180 1126 eliget

608 1138 803 1191 bonum
827 1140 914 1194 ’δε
955 1160 974 1192 ι
1014 1144 1134 1210 quia
1172 1154 1457 1214 antequam
1521 1148 1655 1201 sciat
1689 1163 1821 1216 puer
1855 1150 2049 1202 bonum
2088 1158 2180 1204 aut

607 1232 828 1298 malum,
868 1238 1188 1302 repugnabit
1253 1239 1605 1308 improbitati,
1645 1252 1705 1296 ut
1747 1243 1914 1311 eligat
1951 1244 2174 1296 bonum.

609 1321 883 1376 Undenam
906 1325 1068 1390 igitur
1094 1327 1183 1380 tibi
1217 1331 1451 1397 suppetit
1480 1333 1692 1388 virtutis
1723 1333 2178 1404 imperfectionem

606 1411 659 1463 in
688 1412 902 1466 Christo
927 1415 1041 1484 88
1068 1417 1477 1473 demonstrare?
1501 1436 1674 1488 quave
1701 1423 1785 1478 ille
1810 1429 2182 1495 progressione

609 1503 831 1571 indiget,
866 1508 955 1573 qui
984 1509 1117 1559 adeo
1146 1521 1230 1560 cst
1261 1510 1565 1577 absolutus,
1597 1523 1655 1567 ut
1687 1515 1952 1571 universa:
1982 1517 2184 1585 impro-

609 1592 760 1645 bitati
816 1605 1093 1663 repugnet,
1152 1597 1508 1666 praeferatque
1551 1602 1652 1668 illi,
1704 1604 1810 1658 imo
1855 1621 1983 1660 vero
2015 1609 2181 1661 solam

607 1681 771 1752 eligat
801 1685 1091 1739 virtutem“!
1124 1686 1227 1741 Sed
1269 1691 1454 1744 nescio
1483 1706 1586 1758 qua
1631 1693 1837 1746 ratione
1865 1696 1956 1764 qui
1991 1700 2183 1750 asserit

608 1791 672 1827 ac
705 1776 878 1830 dicit:
915 1779 1012 1830 Hic
1041 1779 1130 1846 qui
1181 1780 1437 1848 paulatim
1482 1782 1708 1849 profecit
1750 1787 1815 1837 ad
1850 1787 2043 1839 summi
2089 1801 2178 1839 sa-

608 1867 832 1920 cerd0tii
875 1868 1209 1936 dignitatem,
1252 1882 1305 1925 et
1352 1873 1418 1925 ad
1466 1888 1562 1927 Sua
1613 1876 1772 1928 verba
1821 1876 2187 1930 conﬁrmanda

610 1959 832 2027 protulit
875 1960 1002 2012 illud
1045 1979 1056 2015 :
1098 1981 1115 2012 ι
1145 1961 1303 2016 Jcsus
1337 1974 1514 2016 autem
1563 1965 1880 2032 proficiebat
1927 1977 2084 2021 relate
2135 1979 2188 2021 et

609 2049 872 2116 sapientia
923 2060 976 2102 et
1023 2053 1230 2118 gratia;
1269 2071 1286 2103 ι
1344 2055 1728 2122 propemodum
1779 2072 1872 2110 sua
1921 2058 2082 2111 verba
2133 2069 2190 2110 ut

612 2156 799 2209 parum
849 2142 1102 2194 decenter
1137 2143 1277 2196 dicta
1324 2147 1715 2210 condcmnans,
1761 2156 1815 2201 et
1843 2163 2027 2203 eorum
2055 2148 2189 2203 obli-

614 2241 698 2285 tus
722 2248 839 2300 qua:
865 2233 1001 2286 bene
1031 2234 1229 2289 habere
1256 2245 1560 2305 potaverat,
1594 2239 1946 2306 perfectionis
1975 2242 2189 2295 modum

612 2321 714 2374 alia
744 2324 950 2377 ratione
982 2325 1284 2379 absolutum
1332 2325 1500 2381 fuisse
1540 2327 1789 2395 aliirmat,
1821 2330 2009 2385 dicens
2038 2346 2052 2383 :
2095 2331 2194 2386 Hic

613 2414 700 2468 ille
738 2417 991 2484 temporis
1025 2432 1246 2472 accessu
1284 2416 1458 2472 factus
1503 2418 1767 2486 pontifex,
1807 2420 1896 2474 ille
1931 2436 2034 2490 per
2061 2437 2189 2492 pas-

613 2507 794 2561 siones
819 2520 1249 2563 cousummatus.
1293 2508 1483 2564 Nonne
1516 2511 1616 2565 hoc
1656 2513 1924 2582 perspicui
1957 2514 2194 2582 stuporis

612 2609 724 2662 est;
759 2598 865 2651 imo
900 2614 1027 2653 vero
1054 2615 1277 2653 summa:
1307 2602 1557 2655 versutia:
1579 2601 1869 2656 indicium?
1907 2603 2035 2656 Nam
2062 2619 2193 2658 con-

615 2701 915 2743 summatus
938 2692 1256 2760 estquidem
1283 2709 1377 2761 per
1407 2694 1689 2762 passiones
1721 2695 1975 2748 Dominus
2009 2705 2193 2751 noster

614 2780 772 2834 Jesus
801 2783 1050 2836 Christus
1074 2801 1088 2838 :
1111 2787 1211 2837 iste
1245 2799 1390 2849 vero,
1428 2784 1782 2840 lit-etmodum
1811 2804 1914 2855 quo
1948 2797 2030 2842 est
2062 2804 2193 2841 con-

616 2882 915 2926 sumn'talus
981 2889 1084 2928 non
1141 2876 1370 2945 ignoret,
1425 2877 1811 2945 simpliciorum
1867 2880 2075 2934 animos
2128 2881 2193 2934 ad

616 2974 854 3017 remotos
898 2967 1156 3030 quosdam
1203 2967 1590 3037 cngitationum
1627 2969 1901 3023 anfractus
1951 2973 2190 3032 abducit.

617 3055 991 3127 etaprofecisse
1043 3059 1173 3110 dicit
1206 3059 1254 3110 iu
1284 3062 1640 3125 sacerdotem,
1670 3075 1724 3114 et
1754 3064 1804 3114 in
1846 3064 1947 3116 hoc
1989 3066 2038 3116 in
2070 3080 2192 3127 cum

2279 597 2411 666 πρὸς
2449 599 2554 650 πᾶν
2585 597 2779 658 ότιοῦν,
2815 597 2906 648 καὶ
2944 597 3064 647 κατ’
3117 595 3307 647 οὐδένα
3331 594 3530 664 τρόπον
3554 591 3620 645 ἂν
3650 590 3762 659 ἔχοι
3795 587 3853 638 τὸ

2279 689 2463 751 ἐνδεὲς
2495 689 2588 741 τοῦ
2626 689 2823 758 ἀρτίως
2865 689 3076 756 ἔχοντος
3122 687 3202 748 είς
3248 683 3584 755 κατόρθωσιν
3628 679 3848 748 ἀρετῆς.

2280 778 2414 829 Πότε
2445 777 2497 829 δὲ
2523 772 2590 847 ἦν
2624 778 2682 829 οὺ
2724 776 2924 837 τέλειος
2966 778 3043 836 είς
3071 774 3130 826 τὸ
3167 772 3368 840 ἀγαθὸν
3395 773 3423 824 6
3448 772 3541 824 καὶ
3573 773 3629 822 ὲν
3670 771 3850 839 μήτρᾳ

2279 868 2431 932 Θεὸς,
2459 869 2586 938 περὶ
2610 861 2670 921 οῦ
2695 867 2788 921 καὶ⁵
2809 869 2836 919 6
2863 868 3145 938 προφήτης
3177 864 3341 934 φησιν
3377 864 3604 924 Ἡσαΐας
3628 878 3640 890 ο
3673 880 3690 911 ι
3723 859 3850 912 Βού-

2280 977 2441 1027 τυρον
2477 961 2568 1013 καὶ
2602 960 2720 1030 μέλι
2751 960 3003 1027 φάγεται·
3036 957 3200 1027 πρινὴ
3223 955 3422 1024 γνῶναι
3453 954 3615 1007 αὑτὸν
3649 953 3682 1022 ἢ
3722 967 3853 1020 προ-

2280 1052 2496 1105 ελέσθαι
2547 1051 2776 1120 πονηρά,
2817 1047 3092 1113 ὲκλέξεται
3133 1047 3193 1100 τὸ
3221 1046 3454 1115 ἀγαθόν;
3489 1063 3505 1096 ι
3528 1043 3660 1096 διότι
3688 1039 3853 1111 πρινὴ

2281 1144 2482 1211 γνῶναι
2513 1143 2574 1196 τὸ
2613 1141 2819 1196 παιδίον
2864 1140 3084 1208 ἀγαθὸν,
3121 1139 3153 1207 ἦ
3187 1138 3376 1200 κακον,
3429 1134 3645 1189 ἀπειθεῖ
3685 1149 3854 1202 πονη-

2284 1237 2407 1307 ρίᾳ,
2434 1235 2524 1289 τοῦ
2558 1233 2880 1298 ἐκλέξασθαι
2909 1233 2967 1285 τὸ
2997 1230 3219 1298 ἀγαθόν.
3260 1229 3371 1282 Ποῦ
3399 1228 3580 1280 τοίνυν
3616 1226 3680 1280 ἂν
3724 1225 3854 1296 ἔχῃς

2283 1326 2544 1390 ἐπιδεῖξαι
2586 1324 2821 1395 Χριστοῦ
2862 1324 2922 1376 τὸ
2963 1323 3150 1386 ἀτελὲς
3193 1322 3272 1373 ἔτι
3336 1321 3468 1390 πρὸς
3511 1318 3572 1371 τὸ
3610 1315 3850 1382 άγαθόν;

2281 1418 2315 1490 ἢ
2349 1418 2507 1480 ποίας
2546 1418 2610 1471 ἂν
2634 1417 2807 1469 δέοιτο
2849 1415 3147 1486 προκοπῆς,
3179 1416 3207 1466 ὁ
3248 1412 3418 1474 οὕτως
3448 1408 3649 1480 ἀρτίως
3693 1405 3853 1475 ἔχων,

2281 1509 2357 1572 ὡς
2389 1509 2571 1578 ἁπάσῃ
2604 1509 2701 1578 μὲν
2741 1505 2986 1560 ἀπειθεῖν
3025 1504 3281 1574 πονηρίᾳ,
3320 1503 3641 1573 προτάττειν
3672 1499 3729 1552 δὲ
3763 1498 3860 1550 αὑ-

2283 1599 2401 1668 τῆς,
2435 1599 2528 1651 καὶ
2575 1598 2682 1666 μὴν
2715 1597 2807 1650 καὶ
2836 1596 2994 1666 μόνον
3041 1594 3312 1664 αἱρεῖσθαι
3347 1593 3406 1644 τὸ
3437 1590 3672 1658 ἀγαθόν;
3717 1585 3859 1640 Ἀλλ’

2285 1691 2384 1741 οὐκ
2415 1685 2511 1741 οἷδ’
2539 1689 2685 1750 ὅπως
2710 1689 2736 1740 ὁ
2766 1685 3238 1754 διαϐεϐαιούμενός
3258 1700 3316 1736 τε
3344 1683 3437 1736 καὶ
3463 1681 3660 1748 λέγων,
3689 1671 3860 1739 Οὗτος

2288 1782 2316 1832 ό
2338 1779 2476 1832 κατά
2509 1777 2702 1849 μικρὸν
2749 1776 3029 1847 προκόψας
3057 1777 3135 1837 είς
3165 1775 3462 1846 ἀρχιερέως
3501 1771 3736 1840 ἀξίωμα,
3766 1767 3862 1821 καὶ

2221 1843 2261 1896 Β
2291 1843 2642 1939 παρενεγκὼν
2693 1871 2773 1930 εἰς
2797 1843 3090 1933 ’ἀπόδειξιν
3303 1843 3494 1917 ἑαυτοῦ
3534 1862 3730 1929 λόγων,
3775 1857 3855 1915 τὸ.

2299 1983 2316 2015 ι
2347 1963 2553 2033 Ἰησοῦς
2581 1963 2636 2014 δὲ
2667 1963 2999 2032 προέκοπτεν
3027 1958 3211 2028 ἡλικίᾳ
3232 1958 3324 2010 καὶ
3341 1955 3504 2024 σοφίᾳ
3520 1952 3857 2022 καὶχάριτι,›

2295 2057 2577 2126 μονονουχὶ
2624 2055 2733 2107 τῶν
2777 2053 2972 2109 ἑαυτοῦ
3016 2053 3190 2119 λόγων
3246 2047 3548 2118 καθορίζων
3592 2045 3651 2099 τὸ
3701 2045 3865 2112 ἀτερ-

2293 2150 2390 2212 πὲς
2408 2147 2514 2219 [ἵσ.
2539 2145 2823 2217 άπρεπὲς],
2847 2146 2938 2198 καὶ
2959 2139 3031 2197 ὧν
3049 2139 3107 2197 εὖ
3127 2142 3270 2213 ἔχειν
3287 2139 3582 2209 ὑπείληφεν
3599 2138 3678 2198 εἰς
3693 2133 3866 2203 λήθην

2292 2237 2626 2307 ὑπενεχθεὶς,
2655 2237 2744 2288 τὸν
2771 2235 2870 2305 τῆς
2912 2233 3241 2294 τελειώσεως
3275 2230 3472 2300 τρόπον
3511 2227 3710 2295 ἑτέρως
3733 2224 3867 2293 ἡμῖν

2293 2329 2608 2401 πεπρᾶχθαι
2652 2327 3038 2398 διισχυρίζεται
3080 2325 3253 2392 λέγων
3274 2339 3287 2351 ·
3325 2313 3492 2382 Οὗτος
3515 2318 3544 2371 6
3568 2316 3743 2388 χρόνῳ
3770 2329 3869 2381 γε-

2293 2420 2594 2489 γενημένος
2640 2417 2944 2490 ἀρχιερεὺς,
2975 2414 3110 2468 ὁδιά
3150 2409 3490 2481 παθημάτων
3535 2403 3864 2464 τελειωθεις.

2291 2508 2416 2582 Ἆρ’
2442 2512 2540 2565 οὐκ
2561 2509 2794 2580 ἐναργὴς
2812 2506 3122 2576 ἀποπληξία
3148 2504 3304 2559 τοῦτό
3330 2521 3389 2572 γε
3413 2520 3427 2567 ;
3461 2501 3658 2572 μᾶλλον
3684 2499 3742 2550 δὲ
3762 2497 3863 2565 οὐχ

2295 2605 2511 2674 ἀπάσης
2543 2600 2887 2672 ῥᾳδιουργίας
2916 2598 3165 2667 ἐλεγχος;
3220 2594 3572 2648 Τετελείωται
3619 2590 3719 2660 μὲν
3758 2588 3870 2657 γὰρ

2293 2697 2380 2751 διὰ
2410 2694 2743 2766 παθημάτων
2783 2694 2810 2746 6
2857 2691 3058 2762 Κύριος
3104 2687 3260 2759 ἡμῶν
3299 2684 3506 2755 Ἰησοῦς
3540 2681 3806 2752 Χριστός·
3841 2679 3872 2730 6

2293 2789 2372 2850 δὲ,
2407 2789 2580 2841 καίτοι
2607 2785 2701 2839 τοῦ
2740 2782 3058 2837 τελειῶσθαι
3084 2775 3518 2852 [τετελειῶσθαι]
3549 2776 3641 2827 τὸν
3668 2771 3873 2844 τρόπον

2295 2883 2396 2934 οὐκ
2422 2877 2728 2948 ὴγνοηκὼς,
2747 2877 2840 2938 τὸν
2866 2875 2974 2928 τῶν
2997 2872 3378 2942 ἁπλουστέρων
3399 2865 3722 2937 ἁποκομίζει
3749 2860 3874 2917 νοῦν

2295 2976 2374 3036 είς
2400 2971 2662 3032 ὲκτόπους
2691 2970 2841 3031 τινάς
2904 2965 3121 3018 ὲννοιῶν
3166 2960 3543 3034 περιαγωγάς,
3595 2955 3692 3009 καὶ
3745 2970 3874 3049 προ-

2295 3064 2459 3134 κόψαι
2492 3063 2656 3132 φησιν
2677 3061 2754 3122 είς
2778 3058 3059 3129 ἀρχιερέα,
3081 3057 3174 3110 καὶ
3201 3052 3516 3108 τελειῶσθαι
3544 3049 3679 3120 πρὸς
3694 3047 3875 3111 τοῦτο,

619 3159 1045 3202 consummatum
1096 3149 1282 3212 fuisse,
1326 3153 1468 3218 quod
1502 3169 1621 3205 cum
1658 3152 1830 3207 factus
1865 3165 1964 3213 est.
1999 3156 2194 3208 dicitur

2298 3156 2407 3217 τὸν,
2432 3155 2511 3207 ὅτι
2536 3152 2693 3221 τοῦτο
2715 3152 2928 3219 γέγονε,
2960 3147 3294 3203 κεκενῶσθαι
3328 3144 3637 3234 λεγόμενον.
3656 3141 3878 3234 ’Ὥσπερ

619 3242 945 3296 exinanitus.
1002 3243 1120 3297 Jam
1185 3260 1312 3299 vero
1373 3256 1625 3313 tanquam
1683 3246 1816 3300 satis
1869 3246 2198 3300 ostendisset

621 3335 793 3404 ipsum
826 3335 917 3389 Dei
955 3335 1186 3390 Verbum
1221 3353 1394 3406 neque
1428 3353 1645 3392 carnem
1681 3337 1880 3391 factum
1915 3354 2056 3403 esse,
2094 3355 2193 3394 ne-

622 3441 728 3496 que
760 3428 1030 3482 hominem
1063 3443 1126 3483 ex
1167 3429 1390 3483 muliere
1414 3431 1698 3500 prodiisse,
1727 3446 1820 3484 eos
1855 3432 1945 3500 qui
1991 3432 2070 3487 sic
2113 3448 2202 3485 sa-

625 3520 778 3588 piunt
812 3520 1070 3587 increpat,
1101 3521 1327 3577 dicens:
1364 3522 1499 3589 Quid
1525 3539 1652 3592 ergo
1688 3524 1946 3578 adversus
1974 3523 2199 3578 Paulum

627 3610 1022 3677 interpretaris,
1051 3613 1176 3666 dum
1215 3613 1543 3681 impassibile
1589 3617 1678 3670 Dei
1716 3617 1949 3670 Verbum
1988 3627 2202 3672 terreno

626 3702 901 3757 immis‘ces
945 3705 1177 3771 corpori,
1223 3714 1275 3758 et
1310 3706 1620 3773 passibilem
1673 3707 1980 3776 pontiﬁcem
2029 3709 2206 3765 facis?

627 3794 764 3846 Audi
801 3794 965 3860 igitur
994 3810 1023 3848 a
1057 3795 1230 3860 nobis,
1261 3798 1459 3865 quibus
1497 3798 1657 3852 etiam
1699 3801 1918 3854 charior
1950 3809 2032 3853 est
2061 3800 2202 3853 veri-

632 3896 754 3941 tas:
785 3903 882 3941 cur
924 3903 1173 3956 perverse
1219 3889 1437 3945 Paulum
1481 3893 1876 3962 interpretaris,
1924 3896 2032 3948 imo
2077 3911 2206 3950 vero

631 3982 910 4033 universas
940 3980 1172 4035 Litteras
1195 3997 1378 4037 sacras
1404 3985 1771 4047 calumniaris,
1801 3987 1924 4040 dum
1955 3985 2046 4041 Dei
2073 3986 2211 4042 Ver-

633 4074 758 4126 bum
797 4087 826 4124 a
864 4073 1039 4126 carnis
1073 4072 1478 4140 dispensatione
1525 4075 1798 4139 subducis,
1847 4085 1900 4129 ct
1935 4078 2205 4131 hominem

635 4163 791 4217 nobis
827 4165 965 4216 nuda
991 4164 1369 4232 conjunctione
1397 4165 1739 4219 honestatum
1773 4168 2003 4233 praeﬁcis
2031 4184 2208 4222 sacer—

636 4256 836 4320 dotem,
881 4255 1003 4310 licet
1049 4256 1292 4309 eumdem
1337 4258 1526 4312 audias
1567 4257 1881 4327 pontiﬁcem
1927 4258 2108 4324 simul,
2155 4269 2210 4313 et

636 4362 756 4398 cum
789 4345 898 4400 Deo
942 4355 994 4399 et
1025 4346 1186 4400 Patre
1232 4347 1281 4399 in
1325 4349 1510 4402 eodem
1548 4348 1683 4401 solio
1714 4349 2105 4416 considentem,
2153 4361 2212 4404 ut

637 4437 794 4503 paulo
851 4445 974 4490 ante
1025 4437 1291 4503 diximus;
1339 4454 1461 4491 nam
1509 4437 1706 4492 Paulus
1760 4440 1936 4493 dixit:
1976 4459 1994 4491 ι
2025 4441 2208 4495 Talem

2300 3245 2357 3298 δὲ
2377 3242 2616 3312 διαρκῶς
2663 3242 2968 3309 ἀποφήνας,
2997 3239 3078 3291 ὅτι
3133 3238 3265 3306 μηδὲ
3308 3235 3499 3303 γέγονε
3541 3230 3677 3300 σὰρξ
3723 3231 3751 3281 6
3783 3225 3878 3280 τοῦ

2302 3336 2438 3389 Θεοῦ
2474 3335 2663 3401 Λόγος,
2697 3334 2830 3404 μήτε
2865 3332 2970 3402 μὴν
3002 3328 3241 3401 προῆλθε
3275 3327 3556 3396 ἄνθρωπος
3587 3326 3651 3376 ὲκ
3685 3337 3879 3389 γυναι-

2304 3425 2421 3490 κὸς,
2451 3429 2566 3489 τοῖς
2593 3424 2659 3478 τά
2699 3425 2874 3478 τοιάδε
2910 3423 3128 3496 φρονεῖν
3167 3418 3464 3492 ᾑρημένοις
3506 3416 3754 3486 ἐπιτιμᾷ,
3789 3415 3882 3466 καί

2305 3535 2467 3587 φησι*
2508 3515 2688 3571 Ἰίοῦν
2728 3516 3110 3588 ἀνθερμηνεύῃ
3156 3514 3234 3587 τῷ
3285 3511 3505 3583 Παύλῳ,
3558 3509 3650 3566 τὸν
3696 3505 3884 3587 ἀπαθῆ

2305 3610 2436 3662 Θεὸν
2462 3610 2634 3676 Λόγον
2681 3610 2906 3678 ὲπιγείῳ
2938 3609 3276 3677 καταμιγνὺς
3315 3607 3547 3676 σώματι,
3575 3606 3669 3658 καὶ
3699 3605 3882 3678 παθη-

2305 3703 2395 3754 τὸν
2426 3703 2685 3772 ἀρχιερέα
2726 3701 2928 3765 ποιῶν;
2960 3698 3168 3753 Οὐκοῦν
3203 3701 3364 3754 ἄκουε
3403 3699 3496 3752 καὶ
3536 3698 3674 3769 πρὸς
3701 3698 3881 3769 ἡμῶν,

2305 3786 2386 3854 οἷς
2414 3792 2476 3859 δὴ
2504 3791 2595 3842 καὶ
2626 3789 2821 3858 μᾶλλον
2849 3789 3133 3859 ὴιάλήθεια
3153 3788 3282 3857 φίλη
3301 3805 3314 3818 ·
3348 3789 3413 3840 Τί
3443 3789 3884 3859 παρερμηνεύεις

2306 3882 2396 3934 τὸν
2451 3881 2693 3945 Παῦλον,
2751 3880 2948 3950 μᾶλλον
3002 3880 3058 3931 δὲ
3106 3881 3324 3932 ἅπασαν
3374 3883 3728 3949 συκοφαντεῖς
3783 3879 3884 3948 τὴν

2309 3974 2660 4028 θεόπνευστον
2688 3970 2926 4041 Γραφὴν,
2961 3969 3246 4036 ὑπεξάγων
3275 3969 3373 4037 τῆς
3409 3968 3545 4038 μετὰ
3577 3969 3778 4039 σαρκὸς
3803 3971 3884 4021 οἰ·-

2310 4066 2565 4136 κονομίας
2585 4063 2674 4115 τὸν
2689 4062 2781 4115 τοῦ
2799 4061 2933 4113 Θεοῦ
2949 4061 3139 4128 Λόγον,
3162 4061 3256 4114 καὶ
3280 4060 3562 4131 ἄνθρωπον
3607 4060 3738 4129 ἡμῖν
3759 4076 3856 4111 συν
3872 4087 3889 4100 ο

2311 4158 2480 4227 αφείᾳ
2506 4156 2635 4224 ψιλῇ
2664 4155 2972 4224 τιμώμενον
2995 4153 3220 4222 ἐφιστᾷς
3265 4152 3437 4222 ἱερέα,
3466 4151 3642 4204 καίτοι
3671 4150 3763 4202 τὸν
3790 4150 3891 4202 αὑ-

2309 4250 2400 4302 τὸν
2429 4247 2641 4301 ἁκούων
2675 4244 2936 4316 ἀρχιερέα
2965 4261 3021 4295 τε
3050 4243 3185 4313 ὁμοῦ
3225 4243 3318 4295 καὶ
3345 4241 3633 4313 σύνθρονον
3660 4241 3785 4293 ὅντα
3810 4241 3888 4311 τῷ

2311 4339 2430 4410 Θεῴ
2481 4340 2571 4392 καὶ
2596 4339 2790 4408 Πατρὶ,
2827 4337 3074 4406 καθάπερ
3119 4336 3219 4406 ήδη
3273 4335 3578 4404 φθάσαντες
3625 4335 3884 4403 εἷπομεν;

2315 4428 2418 4498 ἔφη
2451 4429 2558 4499 γάρ
2579 4431 2604 4480 ὁ
2624 4427 2851 4491 Παῦλος,
2880 4429 2960 4480 ὅτι
2980 4447 2998 4478 ι
3021 4427 3271 4480 Τοιοῦτον
3300 4425 3495 4496 ἔχομεν
3526 4426 3808 4496 ἀρχιερέα,
3831 4425 3890 4487 ὃς

640 4527 898 4578 habemus
954 4526 1285 4591 pontiﬁcem,
1340 4529 1428 4593 qui
1488 4527 1626 4580 sedit
1679 4527 1731 4580 in
1794 4528 2016 4582 dextera
2063 4527 2196 4583 sedit

2311 4521 2563 4575 ἐκάθισεν
2594 4522 2650 4572 ὲν
2701 4519 2850 4587 δεξιᾷ
2887 4517 2980 4571 τοῦ
3010 4518 3200 4589 θρόνου
3247 4517 3346 4586 τῆς
3392 4515 3779 4586 μεγαλωσύνης
3833 4517 3890 4567 ἐν

642 4615 1025 4681 magnitudinis
1045 4615 1097 4667 in
1123 4614 1278 4668 caelis
1299 4615 1380 4668 "‘?
1405 4635 1423 4667 ι
1459 4614 1590 4668 Nam
1623 4617 1732 4684 ipse
1763 4615 2059 4684 impatibile
2086 4617 2212 4671 illud

638 4722 702 4760 ex
741 4706 846 4758 Deo
882 4705 1039 4758 Patre
1071 4704 1328 4768 Verbum,
1361 4705 1533 4761 cuivis
1567 4708 1751 4776 utique
1798 4718 2046 4775 apertum
2085 4718 2209 4764 est:

636 4811 853 4857 passum
895 4811 1020 4848 vero
1050 4810 1212 4849 carne
1244 4809 1340 4863 pro
1373 4796 1525 4849 nobis
1562 4797 1671 4864 ipsa
1707 4813 1806 4850 vox
1841 4799 2213 4869 theologorum

645 4901 766 4939 vere
796 4887 899 4939 dici
939 4886 1295 4942 conﬁrmabit.
1326 4887 1476 4952 Quod
1507 4889 1550 4941 si
1591 4889 1678 4941 Dei
1709 4887 1943 4943 Verbum
1980 4891 2162 4946 aufers
2185 4908 2213 4944 a

645 4981 859 5028 terreno
894 4992 1142 5046 corpore,
1188 4978 1435 5031 universa
1481 4980 1545 5030 ad
1597 4979 1818 5033 nihilum
1867 4982 2154 5036 concident
2201 5002 2213 5037 :

647 5083 765 5118 nam
808 5068 851 5120 si
901 5069 1060 5121 homo
1099 5070 1272 5123 factus
1319 5085 1422 5122 non
1455 5078 1560 5130 est,
1613 5087 1677 5122 ne
1710 5081 1953 5126 mortuus
1996 5073 2213 5141 quidem

646 5168 728 5212 est
753 5172 847 5224 pro
879 5160 1061 5224 nobis;
1097 5168 1150 5213 et
1174 5160 1216 5212 si
1254 5160 1411 5214 morti
1443 5161 1719 5230 proprium
1757 5177 1952 5230 corpus
1985 5180 2088 5217 non
2120 5166 2216 5219 de-

649 5251 743 5307 dit,
780 5252 1047 5318 quomodo
1095 5251 1291 5306 dicitur
1337 5254 1730 5322 primogenitus
1757 5269 1821 5308 ex
1860 5256 2085 5310 mortuis
2131 5257 2177 5287 “
2201 5257 2224 5294 ⁸)

653 5341 790 5410 Ergo
814 5358 986 5408 neque
1014 5352 1255 5398 mortuus
1281 5355 1382 5409 est,
1411 5360 1582 5414 neque
1607 5344 1719 5415 89
1739 5347 2033 5400 resurrexit
2061 5346 2220 5402 Chri-

652 5443 788 5488 stus.
837 5432 1063 5488 Prudeat
1097 5450 1227 5504 ergo
1274 5434 1326 5488 in
1379 5436 1611 5490 medium
1664 5438 1852 5490 beatus
1891 5435 2108 5500 Paulus,
2165 5448 2220 5492 et

653 5525 846 5579 clamet
881 5541 944 5581 ac
975 5527 1157 5581 dicat:
1203 5545 1221 5578 ι
1252 5528 1307 5582 Si
1333 5527 1527 5582 mortui
1563 5543 1666 5584 non
1704 5539 2009 5599 resurgunt,
2046 5544 2219 5598 neque

653 5617 903 5672 Christus
949 5619 1273 5686 resurrexit;
1319 5634 1453 5673 vana
1501 5630 1585 5674 cst
1633 5620 1764 5676 ﬁdes
1797 5632 1998 5687 vestra,
2043 5622 2218 5678 adhuc

725 5804 769 5835 ’³
810 5801 907 5857 lsa.
945 5818 1058 5869 mn,
1092 5801 1158 5868 9;
1197 5801 1213 5856 l
1252 5801 1392 5858 Petr.
1430 5816 1486 5869 ιι,
1516 5799 1606 5855 29..
1683 5800 1727 5837 “
1765 5798 1868 5857 lsa.
1893 5815 1985 5867 vn,
2024 5799 2111 5869 15,
2151 5800 2236 5857 16.

2315 4616 2426 4675 τοῖς
2451 4612 2733 4681 οὗρανοϊςς
2763 4629 2782 4662 ι
2813 4610 2934 4662 Ὀτι
2960 4609 3061 4680 μὲν
3093 4608 3200 4678 γάρ
3223 4607 3437 4676 ἀπαθὴς
3468 4609 3496 4659 6
3523 4607 3587 4658 ὲκ
3613 4605 3748 4657 Θεοῦ
3781 4607 3895 4658 Πα-

2316 4704 2442 4774 τρδς
2477 4705 2668 4770 Λόγος,
2705 4701 2868 4755 παντί
2920 4718 3022 4753 που
3049 4700 3205 4768 δῆλον
3248 4699 3313 4752 ἂν
3357 4698 3441 4769 εἴη
3477 4697 3774 4768 δήπουθεν·
3811 4699 3894 4750 ὃτι

2316 4793 2374 4844 δὲ
2404 4793 2669 4845 πέπονθεν
2703 4791 2843 4860 ὑπὲρ
2885 4788 3045 4859 ἡμῶν
3077 4787 3262 4857 σαρκὶ,
3309 4788 3711 4855 κατασφραγιεῑ
3759 4785 3896 4855 πρὸς

2316 4883 2574 4951 ἀλήθειαν
2599 4880 2759 4951 ἡτῶν
2795 4879 3070 4948 θεηγόρων
3097 4879 3267 4947 φωνή.
3294 4877 3356 4929 Εἰ
3391 4876 3448 4929 δὲ
3472 4878 3773 4947 άποφέρεις
3795 4877 3896 4929 αὺο

2317 4977 2405 5040 τὸς
2435 4974 2674 5042 ἐπιγείου
2719 4973 2967 5041 σώματος
2995 4972 3085 5023 τον
3126 4973 3188 5022 ἐκ
3225 4969 3359 5022 Θεοῦ
3386 4970 3576 5036 Λόγον,
3615 4968 3894 5038 οἰχήσεταί

2320 5085 2402 5120 σοι
2437 5067 2496 5119 τὸ
2527 5066 2742 5134 σύμπαν
2778 5065 2855 5126 εις
2888 5062 2949 5114 τὸ
2981 5061 3175 5132 μηδέν·
3211 5063 3258 5113 εἰ
3292 5061 3400 5130 γάρ
3433 5060 3507 5129 μὴ
3549 5060 3771 5127 γέγονεν
3800 5060 3896 5113 άν-

2319 5160 2556 5229 θρωπος,
2607 5157 2724 5210 οὐδὲ
2769 5154 3036 5208 ἀπέθανεν
3089 5154 3230 5223 ὑπὲρ
3259 5151 3448 5223 ήμῶνο
3481 5152 3575 5204 καὶ
3621 5153 3668 5204 εί
3701 5151 3775 5221 μὴ
3806 5150 3894 5204 δέ·

2318 5253 2455 5305 δωκε
2485 5251 2561 5320 τῷ
2606 5249 2820 5318 θανάτῳ
2851 5248 2910 5300 τὸ
2946 5247 3074 5300 ἴδιον
3126 5246 3303 5314 σῶμα,
3335 5244 3449 5307 πῶς
3489 5240 3628 5296 εἶναι
3677 5243 3897 5312 λέγεται

2326 5342 2666 5413 πρωτότοκος
2692 5342 2754 5392 ἐκ
2781 5338 3020 5405 νεκρῶν;
3056 5334 3262 5388 Οὐκοῦν
3297 5333 3418 5386 οὗτε
3449 5333 3739 5396 ἀπέθανεν,
3772 5331 3897 5385 οὔτε

2325 5433 2525 5486 ἀνεϐίω
2569 5431 2823 5502 Χριστός.
2863 5430 2988 5482 Ἰτω
3019 5428 3082 5497 δὴ
3110 5423 3199 5478 οῦν
3237 5428 3317 5489 είς
3349 5425 3510 5497 μέσον
3547 5426 3575 5476 ὁ
3610 5423 3898 5487 θεσπέσιος

2326 5525 2556 5588 Παῦλος,
2614 5523 3054 5592 ἀνακεκραγέτω,
3110 5517 3313 5584 λέγων·
3367 5537 3384 5567 ι
3433 5517 3494 5570 Εἰ
3551 5516 3736 5586 νεκροὶ
3799 5516 3898 5568 οὐκ

2325 5620 2650 5689 ἐγείρονται,
2684 5615 2803 5669 οὐδὲ
2855 5611 3085 5683 Χριστὸς
3126 5610 3453 5680 ἐγήγερται·
3484 5610 3533 5661 εἰ
3568 5606 3623 5660 δὲ
3664 5607 3898 5677 Χριστὸς

2312 5798 2356 5877 ’ξ
2399 5794 2562 5852 Hebr.
2597 5809 2712 5859 vui,
2742 5792 2789 5848 1.
2865 5791 2910 5824 "
2945 5787 3151 5845 Coloss.
3185 5802 3222 5850 ι,
3260 5785 3346 5841 18.
