4072 6346
250 324 349 380 157

1304 334 1675 391 ADVERSUS
1716 337 2113 395 NESTORIUM
2154 341 2279 398 LIB.
2326 344 2410 397 Ill.

3401 341 3500 397 158

247 446 347 497 οὐκ
408 446 722 517 ἐγήγερται,
772 451 975 519 ματαία
1028 452 1278 520 ἡπίστις
1332 454 1518 524 ὑμῶν’
1576 455 1653 509 ἔτι
1706 457 1799 509 ἐστ

1929 461 2059 513 estis
2092 462 2142 515 in
2187 462 2422 531 peccatis
2460 462 2669 513 vestris.
2719 458 2861 528 Ergo
2914 458 3007 526 qui
3055 456 3387 510 dormierunt
3444 457 3495 508 in

248 539 305 589 ἐν
329 542 447 600 ταῖς
484 542 777 610 ἁμαρτίαις
798 542 971 612 ὑμῶν.
1008 540 1153 614 *Λρα
1186 547 1279 598 καὶ
1306 548 1354 598 οἱ
1379 548 1729 619 κοιμηθέντες
1763 550 1820 603 ἐν

249 631 470 701 Χριστῷ
526 633 832 697 ἀπώλοντο;
879 654 896 684 ›
946 636 1086 689 Ἀλλ’
1133 639 1425 708 ἐγήγερται
1479 642 1710 708 Χριστὸς
1757 644 1820 695 ἐκ

246 723 484 793 νεκρῶν⁸
519 725 707 791 γέγονε
738 727 843 796 γὰρ
884 728 1169 797 ἄνθρωπος
1194 733 1220 783 6
1257 732 1545 802 μονογενὴς
1568 734 1660 785 τού
1685 734 1817 787 Θεοῦ

247 813 440 879 Λόγος,
478 815 570 866 καὶ
598 817 784 884 γήϊνον
814 817 971 887 σῶμα
1002 819 1200 881 λαϐὼν,
1226 822 1430 885 ἐνώσας
1456 840 1513 875 τε
1540 822 1659 875 καθ’
1686 823 1817 875 ὑπό-

247 923 437 959 στασιν
481 909 674 978 ἐαυτῷ,
711 910 891 980 χάριτι
933 912 1087 975 Θεοῦ,
1136 914 1274 968 κατά
1306 915 1365 966 τὸ
1413 917 1816 986 γεγραμμένον,

246 999 387 1070 ὑπὲρ
414 1001 611 1063 παντὸς
640 1002 901 1068 ἐγεύσατο
928 1004 1156 1056 Θανάτου
1180 1023 1192 1035 ·
1226 1008 1596 1075 κεχρημάτικε
1632 1007 1688 1059 δέ
1725 1007 1819 1060 καὶ

244 1090 469 1161 ἀπαρχὴ
502 1094 610 1144 τῶν
640 1096 1075 1163 κεκοιμημένων,
1103 1097 1473 1166 ἐγηγερμένος
1498 1098 1561 1151 ἐκ
1585 1098 1815 1167 νεκρῶν.

256 1179 529 1251 Ἀσφαλὴς
566 1178 657 1233 οὗν
705 1182 810 1252 ἀρα
841 1184 933 1235 καὶ
971 1184 1031 1236 οὐ
1082 1185 1282 1254 ματαία
1336 1186 1517 1238 λοιπὸν
1556 1188 1586 1256 ἡ
1637 1187 1818 1250 πίστις

241 1272 274 1338 ή
287 1270 422 1338 μῶν,
455 1274 521 1340 ἢν
546 1272 621 1335 ὡς
658 1274 904 1345 ἄγκυραν
934 1276 1127 1345 ἔχομεν
1161 1276 1259 1345 τῆς
1290 1276 1467 1346 ψυχῆς
1504 1279 1721 1348 ἀσφαλῆ
1762 1297 1819 1332 τε

242 1362 336 1411 καὶ
378 1360 619 1428 βεϐαίαν,
655 1365 795 1416 κατά
839 1366 898 1417 τὸ
928 1368 1333 1435 γεγραμμένον.
1365 1368 1573 1438 Ὥσπερ
1598 1370 1652 1421 δέ
1700 1372 1818 1422 κατ’

238 1454 431 1506 οὐδένα
459 1457 657 1525 τρόπον
683 1458 961 1529 ἠδικηκὼς
991 1460 1090 1527 τῆς
1126 1460 1260 1530 μετά
1290 1462 1489 1530 σαρκὸς
1510 1464 1818 1533 οἰκονομίας

235 1546 366 1607 τοὺς
392 1545 603 1613 λόγους,
634 1547 723 1600 διά
751 1566 815 1617 γε
863 1550 955 1603 τοῦ
1005 1552 1169 1619 φάναι
1215 1552 1391 1616 ταυτὶ,
1426 1556 1519 1605 καὶ
1564 1554 1670 1605 τῶν
1720 1555 1817 1625 τῆς

234 1635 495 1703 ἀληθείας
526 1638 810 1708 δογμάτων
861 1642 1074 1711 ἀκρατῆ
1105 1660 1163 1694 τε
1188 1644 1280 1695 καὶ
1304 1644 1686 1715 βδελυρότατον
1718 1664 1812 1701 κα-

234 1724 428 1791 ταχέαι
470 1726 559 1778 τὸν
590 1727 799 1796 ἔμετον,
841 1730 926 1798 ἐφ’
973 1731 1165 1800 ἑτέραν
1206 1731 1423 1799 ἔρχεται
1468 1731 1809 1795 δυσϐουλίαν,

230 1814 441 1896 ,μᾶλλον
470 1816 525 1868 δέ
558 1817 871 1871 δυσσέϐειαν
910 1822 1135 1891 ἐναργῆ,
1170 1822 1261 1874 καί
1289 1838 1453 1891 φησιν
1473 1840 1485 1853 ο

309 1905 330 1975 [
363 1908 551 1970 Ὀντος
584 1904 676 1961 οὖν
714 1911 846 1980 ἡμῖν
876 1910 1065 1963 τούτου
1114 1912 1275 1982 μόνου
1320 1913 1639 1983 ἀρχιερέως,
1673 1927 1811 1983 συμέ-

232 1998 465 2064 παθοῦς,
506 2004 597 2054 καὶ
645 2003 960 2070 συγγενοῦς,
997 2005 1089 2057 καὶ
1125 2005 1365 2074 βεϐαίου,
1402 2009 1499 2074 τῆς
1537 2008 1615 2068 εἰς
1649 2007 1811 2059 αὑτὸν

235 2092 311 2160 μὴ
385 2094 799 2162 παρατρέπεσθε
864 2096 1129 2159 πίστεως·
1177 2098 1336 2158 αὐτὸς
1388 2096 1496 2166 γὰρ
1555 2100 1685 2165 ἡμῖν
1714 2098 1812 2167 τῆς

231 2182 653 2254 ἐπηγγελμένης
680 2187 928 2253 εὐλογίας
960 2190 1023 2238 ἐκ
1058 2188 1369 2259 σπέρματος
1406 2188 1655 2256 Ἀϐραὰμ
1707 2190 1810 2241 ἀπ-

228 2276 464 2345 εστάλη,
501 2276 574 2339 ὼς
619 2278 758 2347 ὑπὲρ
811 2279 1005 2331 ἑαυτοῦ
1038 2279 1131 2332 καλ⁵
1176 2278 1269 2332 τοῦ
1321 2279 1529 2347 γένους,
1568 2281 1667 2351 τὴν
1713 2280 1806 2333 τοῦ

231 2364 486 2434 σώματος
520 2366 707 2422 Θυσίαν
740 2368 1200 2439 συνεπαγόμενος.
1233 2367 1253 2439 ]

827 2478 1077 2531 ΚΕΦΑΛ.
1120 2480 1194 2531 Ε’.

313 2563 599 2634 Ἀρχιερέα
632 2567 808 2619 τοίνυν
854 2570 983 2637 ἡμῖν
1029 2570 1289 2639 συμπαθῆ
1339 2587 1398 2623 τε
1433 2572 1526 2624 καὶ
1566 2574 1806 2644 συγγενῆ

225 2654 322 2706 καὶ
364 2656 596 2724 βέϐαιον,
638 2659 730 2709 καὶ
774 2659 996 2728 προσέτι
1044 2660 1202 2727 μόνον
1251 2663 1455 2714 ἐκεῖνον
1490 2661 1626 2717 εἶναι
1676 2666 1803 2734 φὴς,

223 2747 285 2799 ὃν
321 2747 522 2816 ἀρτίως
555 2750 683 2817 ἡμῖν
708 2751 736 2801 6
768 2750 854 2811 σὸς
888 2752 1133 2821 ἐναργῶς
1162 2752 1418 2819 διεδίδαξε
1447 2754 1601 2822 λόγος
1624 2772 1637 2786 ·
1670 2755 1806 2826 ἔφης

224 2836 335 2905 γάρ
357 2852 369 2863 ·
408 2836 633 2906 Σπέρμα
670 2837 916 2908 Ἀϐραὰμ
938 2841 966 2892 6
991 2840 1119 2909 χθὲς
1146 2842 1238 2894 καί
1270 2843 1509 2911 σήμερον
1537 2843 1678 2897 κατά
1705 2847 1803 2913 τὴν

221 2927 317 2979 τοῦ
373 2928 583 2981 Παύλου
612 2931 826 2999 φωνήνι
861 2933 958 3001 οὐχ
1001 2933 1029 2984 6
1077 2933 1280 3000 λέγων’
1317 2952 1335 2983 ι
1382 2935 1516 3004 Πρὶν
1557 2936 1805 3007 Ἀϐραὰμ

220 3020 478 3087 γενέσθαι
507 3022 615 3088 ἐγώ
639 3024 753 3091 είμι
774 3040 785 3051 ·
803 3043 820 3071 i
848 3025 1032 3093 ὅμοιος
1056 3027 1167 3085 τοῖς
1186 3025 1431 3091 ἀδελφοῖς
1450 3026 1589 3077 κατὰ
1606 3029 1799 3091 πάντα,

220 3116 247 3165 6
276 3113 454 3182 ψυχῆς
502 3115 848 3185 ἀνθρωπίνης
887 3116 982 3167 καὶ¹
1018 3117 1219 3186 σαρκὸς
1254 3118 1537 3171 ἀναλαϐὼν
1581 3118 1802 3187 ἀδελφό-

1927 548 2160 615 Christo,
2212 552 2489 619 perierunt
2510 552 2553 583 ’7
2579 550 2601 601 ?
2630 570 2647 601 ι
2698 548 2800 602 Sed
2855 548 3147 601 resurrexit
3182 546 3424 600 Christus
3467 561 3497 599 a

1930 644 2175 707 mortuis,
2204 645 2325 710 quia
2359 643 2557 696 factum
2588 637 2669 695 est
2700 642 2860 694 homo
2891 638 3017 693 illud
3048 638 3379 704 unigenitum
3403 635 3496 691 Dei

1928 733 2185 797 Verbum,
2222 745 2294 795 et,
2337 742 2551 801 sumpto
2584 743 2797 786 terreno
2825 744 3052 797 corpore
3088 730 3346 797 unitoque
3396 728 3498 781 sibi

1923 826 2216 878 secundum
2274 826 2628 895 hypostasim,
2672 824 2843 893 gratia
2903 823 3017 883 Dei,
3054 820 3192 874 sicut
3237 820 3496 888 scriptum

1926 923 2032 976 est,
2066 930 2159 982 pro
2188 917 2435 968 onmihus
2471 916 2702 983 gustavit
2730 922 2955 964 mortem
2984 927 2995 961 :
3026 909 3194 962 factus
3221 918 3301 962 est
3334 909 3495 961 etiam

1927 1006 2177 1073 primitiae
2205 1006 2588 1060 dormientium
2612 1004 2679 1071 ”,
2710 1021 2830 1058 cum
2873 1002 3259 1056 resurrexisset
3289 1016 3318 1053 a
3355 1015 3498 1053 mor—

1928 1098 2053 1149 tuis.
2092 1098 2270 1151 Firma
2309 1098 2492 1169 igitur,
2538 1114 2640 1151 non
2679 1112 2813 1148 vana
2840 1094 3054 1161 estiam
3108 1094 3240 1147 lides
3287 1102 3494 1156 nostra,

1924 1204 2085 1255 qnam
2132 1188 2273 1243 velut
2313 1190 2602 1241 anchoram
2661 1189 2919 1241 habemus
2974 1186 3164 1237 anima:
3216 1194 3383 1237 tutam
3435 1199 3498 1235 ac

1922 1280 2153 1341 firmam,
2187 1291 2243 1331 ut
2307 1290 2389 1335 est
2419 1279 2471 1333 in
2521 1280 2690 1333 sacris
2724 1278 2943 1332 Litteris
2967 1277 3011 1309 ⁹⁹
3069 1276 3186 1330 Jam
3226 1290 3347 1330 vero
3374 1290 3495 1329 cum

1921 1371 2034 1424 haec
2058 1372 2275 1434 dixerit,
2306 1382 2359 1425 et
2398 1373 2449 1424 in
2482 1373 2727 1439 dogmata
2770 1371 3012 1424 veritatis
3048 1370 3494 1437 intemperantem

1919 1472 1972 1514 et
1996 1462 2384 1515 exsecrandum
2415 1463 2465 1516 in
2504 1462 2696 1531 primis
2729 1462 2985 1515 vomitum
3031 1460 3298 1522 effuderit,
3338 1462 3491 1527 quasi

1921 1552 2067 1605 nullo
2095 1553 2251 1606 modo
2282 1555 2513 1606 rationes
2549 1552 2690 1606 illius
2723 1567 2842 1605 cum
2878 1565 3040 1604 carne
3078 1550 3493 1618 dispensatiOuis

1919 1644 2193 1708 violasset,
2218 1645 2283 1697 ad
2312 1644 2468 1697 aliam
2495 1644 2780 1706 insaniam,
2818 1644 2924 1697 imo
2958 1658 3084 1697 vero
3112 1653 3355 1711 apertam
3396 1641 3496 1695 iui-

1920 1736 2171 1804 pietatem
2202 1738 2417 1799 transit,
2444 1747 2494 1789 et
2535 1739 2645 1790 ait:

1985 1912 2250 1984 [Νεετοιι.
2285 1912 2416 1967 Cum
2446 1913 2606 1982 igitur
2639 1911 2787 1965 solus
2827 1911 2909 1964 hic
2959 1908 3114 1963 nobis
3152 1913 3224 1963 sit
3254 1908 3490 1978 pontifex

1915 2006 2247 2071 misericors,
2280 2016 2329 2059 et
2356 2014 2633 2073 cognatus,
2663 2014 2716 2057 et
2742 2004 2953 2066 ﬁrmus,
2977 2013 3163 2055 cavete
3190 2019 3256 2056 ne
3283 2002 3348 2055 ab
3374 2002 3491 2070 ejus

1914 2097 2015 2150 fide
2048 2097 2424 2150 dimoveamini
2456 2116 2468 2149 :
2505 2096 2618 2164 ipse
2654 2109 2886 2162 namque
2910 2096 3063 2146 nobis
3097 2096 3375 2162 promissae
3404 2095 3495 2146 be-

1910 2189 2237 2243 nedictionis
2261 2204 2326 2241 ex
2353 2188 2556 2243 semine
2584 2187 2851 2241 Abraham
2882 2195 2963 2238 est
2990 2186 3205 2250 missus,
3236 2196 3487 2252 tanquam

1909 2295 2007 2348 pro
2039 2281 2217 2346 seipso
2249 2290 2301 2333 et
2333 2296 2428 2348 pro
2456 2294 2653 2349 genere
2680 2294 2777 2331 suo
2810 2277 3054 2345 corporis
3079 2277 3161 2330 sui
3216 2276 3489 2329 victimam

1908 2373 2069 2426 simul
2098 2371 2350 2426 aliercns.
2379 2370 2398 2442 ]

2570 2483 2721 2539 CAP.
2762 2482 2825 2536 ν.

1980 2579 2121 2647 Ergo
2158 2576 2477 2632 Pontificem
2522 2576 2952 2638 misericordem,
2991 2583 3045 2627 et
3084 2580 3399 2640 cognatum,
3433 2578 3489 2625 et

1908 2670 2141 2734 firmum,
2189 2678 2242 2723 et
2293 2681 2552 2737 praeterea
2600 2669 2795 2735 solum,
2846 2668 2992 2721 illum
3036 2681 3156 2721 esse
3203 2666 3282 2719 ais
3326 2679 3488 2733 quem

1907 2777 2075 2830 nuper
2100 2761 2252 2816 nobis
2271 2772 2457 2833 aperte
2480 2773 2564 2814 tua
2592 2760 2828 2815 ostendit
2854 2760 3065 2820 oratio;
3093 2756 3272 2809 dixisti
3301 2756 3443 2809 enim
3470 2772 3483 2807 :

1908 2853 2100 2908 Semen
2132 2855 2405 2909 Abraham
2457 2852 2544 2907 ille
2575 2851 2688 2905 heri
2724 2860 2771 2904 et
2818 2849 2974 2903 hodie
3007 2848 3156 2917 juxta
3204 2846 3350 2899 Pauli
3396 2860 3488 2898 vo-

1905 2960 2020 2999 cem
2044 2949 2080 3011 ¹,
2104 2962 2205 3001 non
2234 2948 2320 3001 ille
2341 2947 2429 3015 qui
2454 2945 2625 2998 dixit:
2654 2964 2671 2994 ι
2693 2945 2994 3011 Antequam
3016 2940 3285 2995 Abraham
3313 2938 3483 3001 ﬁeret,

1905 3055 2003 3107 ego
2046 3055 2163 3092 sum
2192 3042 2246 3102 ²;
2283 3059 2299 3090 ι
2340 3040 2535 3092 similis
2572 3037 2832 3090 fratribus
2880 3048 2975 3103 per
3020 3032 3241 3087 omnia‘
3282 3032 3369 3085 ille
3395 3030 3485 3096 qui

1905 3132 2099 3185 animae
2138 3132 2385 3184 humana:
2416 3130 2708 3195 carnisque
2745 3126 3141 3180 fraternitatem
3169 3123 3483 3190 assumpsit;

220 3222 391 3274 τηταο
419 3207 513 3275 οὐχ
541 3209 567 3259 6
607 3206 777 3273 λέγων
800 3223 812 3236 ·
852 3226 868 3256 ι
917 3208 973 3260 '0
1004 3209 1264 3278 ἑωρακὼς
1305 3210 1425 3277 ἐμὲ,
1469 3211 1678 3279 ἑώρακε
1708 3212 1799 3263 τὸν

1907 3242 2009 3279 non
2043 3226 2131 3293 qui
2177 3225 2347 3278 dicit:
2393 3241 2410 3273 ι
2440 3222 2541 3288 Qui
2573 3221 2705 3274 vidit
2736 3234 2842 3281 me,
2878 3219 3010 3270 vi'dit
3037 3226 3091 3271 et
3118 3216 3331 3268 Patrem
3360 3214 3379 3245 ⁸
3407 3232 3419 3267 :
3461 3234 3478 3264 ι

222 3300 474 3369 Πατέρα·
521 3319 538 3351 ι
573 3300 848 3371 ἀπεστάλη
898 3303 924 3354 6
956 3304 1086 3373 ἡμῖν
1132 3302 1433 3371 όμοούσιος,
1472 3304 1565 3355 καὶ
1613 3304 1797 3373 κέχρι-

223 3406 346 3442 σται
397 3390 686 3459 κηρύσσων
742 3394 1107 3462 αἰχμαλώτοις
1156 3393 1378 3461 ἄφεσιν,
1428 3396 1520 3447 καὶ
1574 3396 1796 3463 τυφλοῖς

220 3480 537 3549 ἀνάϐλεψιν.
584 3478 751 3545 Οὗτος
799 3479 890 3535 οὖν
923 3485 1029 3553 ἄρα
1064 3484 1155 3535 καὶ
1210 3484 1475 3553 συγγενὴς
1504 3485 1570 3537 ἂν
1627 3490 1796 3538 νοοῖτο

218 3575 335 3633 τοῖς
363 3574 456 3625 ἐπί
484 3574 582 3643 τῆς
604 3576 724 3643 γῆς,
770 3576 862 3627 καὶ
892 3576 987 3645 οὐχ
1015 3576 1087 3638 ὡς
1125 3576 1188 3627 σὺ
1224 3576 1347 3645 φὴς,
1376 3576 1403 3627 6
1428 3576 1599 3643 λέγων
1622 3595 1635 3609 ·
1664 3596 1682 3628 ι
1739 3580 1795 3631 Ὀ

221 3666 485 3733 ἑωρακὼς
529 3668 648 3734 ἐμὲ,
682 3665 892 3737 ἑώρακε
927 3668 1015 3720 τὸν
1049 3668 1286 3739 Πατέρα.
1311 3689 1327 3719 ι
1359 3671 1419 3722 Εἰ
1450 3670 1548 3738 μὲν
1577 3671 1685 3742 γὰρ
1718 3671 1797 3733 είς

221 3755 282 3807 ἓν
312 3757 477 3825 ἄμφω
503 3756 773 3824 συλλέγων
801 3759 921 3811 καθ’
944 3760 1133 3812 ἕνωσιν
1154 3759 1350 3829 ἀληθῆ,
1374 3762 1469 3812 ἕνα
1494 3760 1610 3830 μεθ’
1642 3761 1795 3831 ἡμῶν

220 3850 499 3917 ὁμολογεῖς
556 3849 703 3913 Υίὸν,
736 3850 1039 3920 πεποίηκας
1075 3852 1249 3922 μάτην
1302 3853 1409 3921 ἰδίᾳ
1457 3869 1515 3903 τε
1552 3853 1643 3904 καὶ
1693 3852 1797 3905 ἀνά

224 3942 390 4010 μέρος
421 3942 676 4011 ἑκάτερον
719 3943 1027 4013 ἀποφέρων,
1059 3944 1388 3997 ὑποστάσεσί
1416 3961 1474 3996 τε
1504 3943 1597 3995 κοιλ⁵
1626 3960 1797 4013 προσ-

219 4030 393 4093 ὠποις
438 4030 643 4096 διιστὰς
672 4034 1016 4105 ἀλλοτρόπως
1036 4052 1047 4063 ·
1083 4034 1204 4104 οὐχὶ
1231 4034 1291 4087 τὸ
1323 4033 1430 4104 [ῖσ.
1467 4034 1568 4105 τῷ]
1594 4034 1796 4087 εἰδέναι

222 4122 386 4190 μόνον
410 4122 489 4174 ὅτι
517 4124 715 4193 σαρκὸς
773 4125 869 4192 μὲν
912 4124 1071 4193 φύσις
1102 4126 1262 4196 ἑτέρα
1298 4127 1448 4196 παρά
1493 4127 1591 4193 τὴν
1621 4126 1792 4191 θείαν,

219 4213 423 4282 συνόδῳ
454 4231 516 4281 γε
557 4216 660 4283 μὴν
694 4217 761 4285 τῇ
794 4215 914 4268 καθ’
958 4216 1151 4269 ἕνωσιν
1181 4216 1376 4287 ἀληθῆ,
1420 4216 1526 4270 ἰδία
1572 4218 1795 4285 γέγονεν

216 4302 407 4369 αὐτῆς.
445 4304 503 4355 Εἰ
542 4304 598 4357 δὲ
634 4303 946 4373 ἀσύμϐατος
974 4304 1083 4375 [τον.
1115 4305 1451 4377 ἀσύμϐατον]
1492 4310 1623 4377 ἡμῖν
1656 4308 1797 4359 κατά

214 4394 317 4463 τὴν
347 4392 506 4457 δόξαν
540 4395 766 4461 ὁρᾶσθαι
816 4396 1003 4459 θέλων,
1038 4397 1129 4449 καὶ
1168 4397 1599 4468 παραιτούμενος
1654 4416 1790 4451 παν-

212 4484 359 4555 ταχῆ
398 4486 496 4557 τὴν
526 4488 737 4553 ἕνωσιν,
769 4490 955 4558 ἕτερον
987 4484 1125 4542 εἶναι
1156 4490 1260 4559 φὴς
1308 4490 1402 4541 καὶ
1429 4490 1617 4560 ἕτερον
1641 4507 1654 4520 ο
1696 4491 1792 4543 καὶ

211 4577 306 4628 τὸν
359 4579 477 4647 μὲν,
507 4582 569 4632 ἐκ
594 4578 728 4631 Θεοῦ
771 4580 1130 4650 γεγεννῆσθαι
1166 4580 1407 4648 Πατρός’
1438 4580 1529 4633 τὸν
1558 4581 1633 4645 δὲ,
1670 4598 1793 4649 συγ-

212 4665 356 4735 γενῆ.
375 4683 432 4718 τε
459 4668 722 4737 ὑπάρχειν
742 4671 874 4739 ἡμῖν
896 4672 989 4721 καὶ
1009 4668 1293 4739 ὁμοούσιον
1312 4685 1325 4698 ·
1364 4668 1481 4732 πῶς
1502 4670 1565 4741 δὴ
1593 4670 1789 4739 χρῆναι

213 4759 320 4827 φὴς
351 4760 448 4827 τῆς
474 4761 553 4821 εἰς
586 4746 746 4813 αὒέδν
779 4761 853 4830 μὴ
894 4762 1347 4831 παρατρέπεσθαι
1378 4762 1633 4825 πίστεως,
1667 4762 1788 4815 είπέ

216 4867 328 4919 μοι,
368 4851 461 4903 καὶ
488 4853 719 4921 συγγενῆ
752 4852 1134 4921 πιστεύσομεν,
1172 4853 1399 4920 ἀφέντες
1423 4853 1511 4904 τὸν
1538 4852 1783 4919 λέγοντα·

217 4959 235 4989 ι
272 4941 409 5009 Πρὶν
448 4940 697 5011 Ἀϐραὰμ
733 4942 1003 5009 γενέσθαι,
1056 4943 1163 5011 ἐγώ
1203 4945 1337 5011 εἰμι.
1376 4962 1393 4993 ι
1441 4944 1789 5013 Ἐπιγραψώ-

216 5030 358 5099 μεθα
385 5031 515 5085 Θεὸν
545 5032 635 5086 τὸν
664 5032 842 5102 ψυχῆς
888 5033 1233 5103 ἀνθρωπίνης
1266 5033 1360 5086 καὶ
1406 5034 1608 5103 σαρκὸς
1657 5033 1787 5086 ἀνα-

212 5120 446 5174 λαϐόντα
493 5121 629 5191 πρὸς
678 5123 823 5191 ἡμᾶς
869 5122 1223 5191 ἀδελφότητα,
1274 5124 1539 5190 παρέντες
1573 5122 1661 5174 τὸν
1710 5122 1788 5174 λέ-

212 5229 399 5280 γοντα·
444 5232 461 5262 ι
518 5213 575 5265 Ὀ
623 5212 882 5282 ἑωρακὼς
930 5214 1050 5281 ἐμὲ,
1092 5212 1304 5283 ἑώρακε
1344 5213 1434 5266 τὸν
1481 5213 1720 5283 Πατέρα.
1763 5232 1780 5264 ›

215 5304 407 5357 Καίτοι
447 5305 610 5374 φησὶν
644 5304 837 5365 αὑτός·
876 5322 893 5354 ι
935 5303 1089 5357 Οὕτω
1117 5306 1224 5374 γὰρ
1274 5305 1560 5375 ἠγάπησεν
1599 5309 1626 5359 6
1655 5307 1787 5369 Θεὸς

212 5398 303 5449 τὸν
332 5398 554 5467 κόσμον,
586 5397 725 5450 ὥστε
759 5396 851 5449 τὸν
886 5398 1013 5452 Υἰὸν
1042 5397 1206 5451 αὑτοῦ
1238 5399 1329 5451 τὸν
1359 5402 1620 5470 μονογενῆ
1664 5399 1788 5452 έδωο

1901 3316 2097 3369 missus
2129 3324 2210 3369 est
2240 3315 2328 3367 ille
2360 3315 2516 3367 nobis
2550 3309 3049 3372 cousubstantialis,
3082 3317 3135 3360 et
3174 3316 3365 3359 unctus
3400 3314 3485 3358 est

1899 3407 2196 3474 prmdicans
2226 3404 2455 3474 captivis
2505 3404 2847 3465 libertatem,
2890 3411 2945 3455 et
2988 3401 3147 3453 czecis
3195 3398 3431 3452 visum".
3457 3415 3477 3449 ι

1900 3496 1997 3549 Hic
2023 3510 2149 3564 ergo
2172 3496 2336 3549 etiam
2366 3504 2631 3564 cognatus
2662 3492 2978 3560 intelligitur
3008 3490 3093 3543 his
3123 3491 3212 3558 qui
3249 3490 3300 3541 iu
3325 3489 3483 3542 terris

1899 3598 2046 3651 sunt,
2081 3602 2187 3640 non
2225 3597 2282 3640 ut
2324 3597 2375 3639 tu
2433 3588 2651 3649 asseris,
2692 3586 2779 3640 ille
2811 3586 2900 3653 qui
2944 3584 3072 3637 dicit
3114 3602 3125 3635 :
3167 3602 3185 3633 ι
3214 3582 3313 3647 Qui
3351 3583 3481 3635 vidit

1900 3693 2007 3741 me,
2042 3678 2180 3731 vidit
2223 3685 2276 3730 et
2323 3675 2561 3731 Patrem.
2600 3694 2619 3727 ι
2659 3675 2790 3728 Nam
2835 3675 2880 3728 si
2924 3683 3207 3741 utrumque
3238 3675 3289 3727 in
3317 3688 3479 3726 unum

1898 3786 1994 3840 per
2018 3785 2200 3825 veram
2228 3771 2479 3824 unionem
2504 3767 2826 3835 colligendo,
2855 3782 3019 3818 unum
3048 3765 3326 3818 nobiscum
3349 3778 3479 3817 con-

1899 3861 2069 3914 literis
2100 3861 2265 3914 Deum
2312 3860 2533 3924 Filium,
2581 3858 2752 3911 fecisti
2798 3868 3000 3912 temere
3041 3866 3099 3909 ut
3138 3856 3384 3924 privatim
3414 3872 3479 3909 ac

1898 3955 2126 4008 seorsim
2170 3953 2491 4006 alterutrum
2538 3950 2879 4018 adjungeres,
2922 3956 2973 4001 et
3015 3947 3396 4017 hypostasibus
3424 3956 3478 4001 ct

1900 4042 2145 4112 personis
2176 4042 2392 4095 diverso
2426 4040 2584 4093 modo
2620 4038 3001 4106 distiugueres,
3048 4052 3149 4088 non
3193 4045 3251 4087 ut
3280 4034 3479 4088 intelli-

1898 4145 2054 4201 geres
2096 4131 2471 4187 tantummodo
2512 4127 2671 4180 aliani
2713 4127 2926 4193 quidem
2986 4140 3108 4178 esse
3156 4125 3336 4177 carnis
3380 4141 3476 4175 na-

1899 4231 2075 4273 turam
2104 4234 2132 4271 a
2161 4220 2364 4277 divina.
2401 4218 2493 4271 sed
2523 4231 2617 4284 per
2642 4229 2821 4268 veram
2853 4214 3103 4266 unionem
3132 4228 3249 4266 esse
3281 4212 3473 4266 factam

1898 4312 2038 4365 illius
2083 4310 2378 4378 propriam.
2415 4307 2509 4361 Sin
2545 4306 2715 4359 videri
2761 4307 2982 4359 studens
3011 4304 3157 4357 nullo
3191 4305 3348 4357 modo
3376 4318 3475 4357 n0—

1898 4402 2103 4455 hiscum
2131 4402 2183 4454 in
2219 4398 2485 4453 sententia
2514 4397 2809 4452 convenire
2839 4396 2936 4465 (1),
2974 4404 3027 4449 et
3064 4396 3263 4464 ubique
3297 4396 3476 4448 unita-

1900 4502 2004 4545 tem
2041 4490 2332 4559 refugiens,
2362 4489 2586 4543 alterum
2616 4500 2779 4558 atque
2831 4488 3054 4541 alterum
3097 4503 3216 4540 esse
3254 4488 3472 4551 asseris,

1898 4594 1950 4638 et
1979 4598 2139 4636 unum
2174 4597 2237 4637 ex
2283 4583 2388 4635 Deo
2431 4580 2542 4649 90
2591 4579 2749 4633 Patre
2787 4579 3044 4647 genitum,
3091 4578 3319 4631 alterum
3379 4594 3472 4632 co-

1897 4684 2119 4742 gnatum
2147 4688 2268 4727 esse
2296 4673 2455 4725 nobis
2478 4682 2535 4724 et
2562 4669 3108 4730 consubstantialem,
3134 4682 3341 4735 expone
3368 4668 3473 4721 nii-

1895 4766 1971 4828 hi,
2003 4781 2208 4835 quaeso,
2256 4780 2489 4833 quonam
2518 4763 2674 4817 modo
2695 4762 2843 4815 dicas
2864 4777 2965 4813 non
2995 4759 3197 4813 esseab
3232 4758 3346 4826 eius
3370 4758 3473 4812 ﬁde

1894 4859 2291 4921 declinandum,
2339 4868 2392 4911 et
2434 4864 2717 4925 cognatum
2765 4855 3071 4915 credemus,
3116 4851 3205 4905 illo
3248 4852 3471 4905 dimisso

1893 4950 1983 5015 qui
2031 4952 2106 5002 ait
2146 4968 2159 5003 :
2193 4967 2211 4999 ι
2247 4951 2548 5017 Antequam
2587 4947 2858 5000 Abraham
2892 4946 3065 5007 lierel,
3119 4959 3218 5011 ego
3270 4958 3409 4996 sum.
3444 4961 3463 4991 ι

1892 5038 2044 5092 illum
2082 5039 2416 5092 ascribemus
2451 5037 2605 5091 nobis
2656 5036 2821 5089 Deum
2866 5035 2956 5104 qui
2997 5033 3190 5086 anima:
3221 5031 3469 5083 humanae

1892 5130 2182 5197 carnisque
2228 5130 2508 5182 nobiscum
2569 5127 2967 5181 fraternitatem
3025 5122 3282 5188 suscepit,
3331 5120 3468 5184 abji-

1890 5220 2094 5273 cientes
2126 5233 2246 5271 eum
2282 5218 2372 5287 qui
2412 5219 2543 5272 dixit
2577 5236 2588 5271 :
2632 5236 2650 5268 ι
2682 5218 2779 5283 Qui
2816 5217 2945 5269 vidit
2979 5230 3083 5276 me,
3122 5212 3249 5265 vidit
3278 5222 3329 5264 et
3367 5210 3465 5262 ιιι.-

1892 5318 2064 5375 trem;
2105 5329 2123 5360 »
2162 5311 2415 5378 quamvis
2462 5310 2575 5378 ipse
2622 5308 2818 5363 dixerit
2861 5325 2873 5360 :
2909 5326 2925 5357 ι
2961 5307 3052 5359 Sic
3101 5306 3239 5357 Deus
3284 5304 3467 5357 dilexit

1897 5400 2179 5467 mundum,
2206 5410 2264 5455 ut
2289 5400 2483 5455 Filium
2513 5416 2666 5456 suum
2706 5400 3037 5467 unigenitum
3073 5398 3243 5459 daret,
3269 5406 3324 5447 ut
3350 5412 3466 5449 0m-

282 5537 585 5604 “Cor.xv,
623 5539 704 5605 l6,
738 5538 823 5594 18.
881 5538 927 5570 ⁸⁸
966 5537 986 5591 I
1025 5538 1149 5592 Cor.
1186 5553 1262 5601 XI,
1294 5535 1385 5593 ΞΟ.
1460 5540 1506 5570 ⁹⁹
1548 5537 1709 5591 Hebr.
1750 5553 1821 5602 vr,
1859 5540 1946 5594 19.
2028 5539 2043 5570 ¹
2088 5539 2252 5596 llebr.
2286 5557 2405 5607 xui,
2442 5539 2495 5595 8.
2573 5542 2592 5571 ²
2632 5538 2788 5594 Joan.
2823 5554 2937 5604 vni,
2975 5538 3060 5593 58.
3140 5537 3157 5567 ³
3201 5535 3362 5588 llebr.
3398 5549 3461 5600 ιι,

215 5608 299 5664 17.
377 5610 397 5639 ⁵
436 5609 589 5665 Joan.
625 5625 735 5676 xw,
766 5608 821 5665 9.
892 5609 913 5639 ⁸
954 5608 1055 5663 lsa.
1083 5624 1191 5672 ωιι,
1233 5609 1285 5672 1,
1316 5609 1378 5673 9.;
1410 5607 1539 5662 Luc.
1574 5624 1647 5675 tv,
1686 5608 1891 5667 18.19.

282 5749 356 5816 (ι)
395 5746 509 5803 Vel.
550 5745 643 5803 Sin
682 5746 865 5802 volens
901 5747 1042 5803 nullo
1073 5748 1229 5804 modo
1262 5748 1398 5804 inter
1424 5762 1481 5804 se
1510 5747 1562 5803 in
1596 5747 1765 5818 gloria
1806 5749 2116 5804 convenire.
