4072 6346
602 358 707 415 159

1595 350 1655 403 S.
1699 342 1969 400 CYRILL!
2010 333 2475 394 ALEXANDRINI
2517 329 2836 385 ARCHIEP.

3770 316 3872 370 160

604 474 688 527 nis
714 469 803 539 qui
834 468 1007 524 credit
1042 469 1095 523 in
1135 469 1334 538 ipsum,
1376 482 1480 521 non
1508 474 1716 536 pereat,
1748 464 1839 517 sed
1880 464 2071 516 habeat
2110 459 2188 511 vi-

2292 471 2409 516 κεν,
2442 454 2529 505 ἵνα
2570 455 2677 515 πᾶς
2711 454 2740 504 ὁ
2788 447 3062 501 πιστεύων
3098 448 3177 509 εἰς
3226 444 3407 507 αὑτὸν,
3454 443 3529 513 μὴ
3578 441 3873 511 ἀπόληται,

607 575 712 613 tam
742 568 999 613 aeternam
1029 559 1082 625 ⁶;
1117 578 1135 609 ι
1160 567 1214 612 et
1239 573 1453 612 rursum
1482 577 1494 612 :
1536 576 1553 608 ι
1574 557 1674 623 Qui
1706 554 1877 608 credit
1910 554 1960 605 iu
1988 553 2182 620 ipsum,

606 668 710 707 non
739 650 1045 718 judicatur;
1076 649 1166 717 qui
1202 657 1381 702 autem
1415 662 1519 701 non
1552 646 1743 709 credit,
1770 642 1881 711 jam
1914 643 2187 711 judicatus

603 749 716 807 est,
766 742 890 811 quia
942 756 1045 795 non
1098 741 1328 794 credidit
1377 740 1428 793 in
1484 739 1701 792 nomine
1748 734 2008 805 unigeniti
2064 732 2185 786 Filii

605 833 698 888 Dei
731 835 773 886 τ.
808 852 826 885 ι
866 832 1001 885 Num
1051 847 1180 901 ergo
1216 832 1447 885 seorsim
1478 845 1541 883 ac
1574 829 1721 883 solus
1755 825 1843 882 ille
1872 843 1939 882 ex
1980 825 2186 880 semine

606 924 878 978 Abraham
922 938 1041 977 esse
1095 923 1417 990 intelligitur
1451 921 1782 991 unigenitus,
1834 935 1954 973 cum
2002 926 2187 987 aperte

609 1016 886 1083 scripserit
912 1014 1151 1071 Joannes
1200 1034 1213 1069 :
1272 1033 1290 1065 ι
1326 1012 1644 1083 Unigenitus
1682 1012 1851 1066 Filius
1890 1011 1980 1081 qui
2019 1022 2101 1064 est
2133 1010 2184 1064 in

609 1107 729 1160 sinu
762 1106 959 1169 Patris,
988 1108 1076 1160 ille
1104 1106 1381 1159 enarravit
1406 1104 1461 1169 ’ς
1496 1122 1514 1155 ι
1541 1117 1603 1156 ac
1628 1112 1886 1172 praeterea
1914 1101 2015 1154 alia
2048 1116 2185 1169 quo-

607 1212 714 1269 qne
741 1212 893 1251 sacra
932 1196 1211 1266 Scriptura
1250 1213 1262 1250 :
1299 1214 1316 1246 ι
1349 1196 1480 1249 Cum
1514 1203 1693 1248 autem
1736 1192 2034 1247 introducit
2067 1192 2187 1246 Pri-

609 1288 941 1357 mogcnitum
976 1289 1028 1342 in
1073 1288 1257 1342 orbem
1287 1297 1445 1342 terrae
1489 1286 1620 1341 dicit
1661 1304 1673 1338 :
1712 1279 1777 1337 Et
1807 1286 2029 1339 adorent
2064 1300 2184 1339 eum

606 1389 799 1430 omnes
830 1376 1001 1445 angeli
1044 1378 1133 1430 Dei
1158 1378 1218 1441 ';
1253 1396 1270 1427 ι
1307 1375 1697 1445 primogenitus
1741 1386 1920 1429 autem
1968 1390 2188 1445 prorsus

606 1479 689 1522 est
732 1470 819 1523 ille
859 1470 909 1523 in
961 1469 1139 1523 inultis
1188 1470 1469 1532 fratribus,
1509 1485 1613 1522 non
1654 1469 1741 1523 ille
1781 1470 1929 1523 solus
1966 1486 2030 1522 ex
2074 1470 2188 1524 solo

608 1559 718 1614 Deo
744 1576 808 1615 ac
836 1561 992 1616 Patre
1019 1561 1253 1631 genitus.
1288 1560 1580 1630 Sequimur
1611 1561 1755 1615 enim
1793 1562 2006 1614 interim
2045 1569 2186 1627 tuas,

607 1652 690 1703 vir
733 1653 967 1722 egregie,
1019 1653 1416 1717 distinctiones,
1460 1666 1522 1705 ac
1566 1664 1876 1719 spectamus
1919 1654 2187 1718 consulto,

606 1756 713 1810 quo
747 1744 955 1797 tandem
985 1746 1141 1797 verba
1177 1747 1484 1799 deveniaut.
1528 1744 1669 1815 Ergo
1715 1746 1856 1815 (jam
1892 1749 2033 1801 enim
2065 1763 2188 1800 ora-

2290 547 2404 599 ἁλλ⁹
2431 546 2530 615 ἔχῃ
2564 544 2707 613 ζωὴν
2738 540 2985 595 αἰώνιοψ
3030 558 3047 589 ι
3097 537 3191 590 καὶ
3230 536 3411 599 πάλιν,
3445 554 3462 585 ι
3511 531 3876 587 Ὀπιστεύων

2287 639 2369 698 εἰς
2396 637 2580 694 αὑτὸν,
2614 636 2675 686 οὑ
2729 634 2971 703 κρίνεται
2996 646 3010 659 '
3039 633 3066 683 6
3094 630 3150 682 δὲ
3201 627 3274 698 μὴ
3322 625 3614 686 πιστεύων,
3652 624 3754 693 ἤδη
3783 622 3878 675 κέο

2290 746 2471 799 κριται
2492 745 2503 755 ·
2535 730 2617 781 ὅτι
2665 726 2740 795 μὴ
2770 723 3135 776 πεπίστευκεν
3165 721 3245 781 εἰς
3270 719 3330 771 τὸ
3366 718 3535 787 ὄνομα
3578 714 3675 768 τοῦ
3714 731 3874 783 μονο-

2288 818 2476 887 γενοῦς
2497 816 2627 870 Υίοῦ
2649 814 2745 868 τοῦ
2773 812 2962 867 Θεοῦ.)
2988 807 3055 865 Ἀ
3067 812 3116 882 ρ’
3141 806 3232 863 οῦν
3261 809 3524 879 ὑπάρχειν
3546 808 3745 863 νοεῖται
3780 821 3880 872 μο-

2289 908 2514 977 νογενὴς
2545 907 2650 977 ἰδίᾳ
2682 923 2741 957 τε
2785 905 2878 957 καὶ
2908 903 3067 972 μόνος
3100 902 3125 953 6
3148 902 3213 952 ὲκ
3248 899 3562 969 σπέρματος
3598 894 3877 965 Ἀϐραὰμ,

2290 1000 2463 1054 καίτοι
2516 997 2850 1067 γεγραφότος
2886 994 3134 1046 Ἰωάννου
3171 989 3360 1058 σαφῶς
3384 1007 3397 1021 ο
3427 1008 3443 1040 ι
3497 988 3553 1041 Ὀ
3582 985 3879 1057 μονογενὴς

2290 1092 2438 1156 Υἱὸς,
2470 1091 2499 1143 6
2527 1090 2602 1142 ὢν
2641 1090 2720 1152 εἰς
2752 1086 2844 1139 τὸν
2885 1086 3085 1139 κόλπον
3124 1082 3218 1136 τοῦ
3253 1079 3483 1150 Πατρὸς,
3536 1079 3741 1139 ἐκεῖνος
3790 1074 3880 1137 ἐξ·

2289 1184 2564 1254 ηγήσατω
2604 1200 2622 1232 ι
2676 1179 2770 1232 καὶ
2806 1177 2912 1248 μὴν
2946 1176 3038 1228 καὶ
3072 1175 3263 1245 ἐτέρου
3304 1172 3636 1243 Γράμματος
3683 1168 3830 1238 ίεροῦ
3860 1184 3873 1195 ·

2296 1292 2314 1325 ‹
2354 1275 2522 1326 Ὅταν
2559 1272 2615 1323 δὲ
2648 1271 2917 1338 εἰσαγάγῃ
2958 1268 3048 1319 τον
3075 1266 3428 1337 Πρωτότοκον
3456 1266 3535 1326 εἰς
3568 1261 3665 1332 τὴν
3696 1262 3882 1313 οἰκου-

2296 1365 2491 1436 μένην,
2545 1363 2722 1431 λέγει·
2761 1362 2869 1415 Καὶ
2896 1356 3437 1429 προσκυνησάτωσαν
3481 1352 3629 1421 αὐτῷ
3674 1350 3883 1411 πάντες

2290 1455 2511 1523 ἄγγελοι
2539 1452 2693 1507 Θεοῦ.
2726 1471 2743 1503 ι
2772 1450 3121 1521 Πρωτότοκος
3144 1446 3200 1499 δὲ
3228 1446 3406 1514 πάντη
3429 1461 3487 1497 τε
3514 1442 3608 1496 καὶ
3661 1443 3880 1501 πάντως

2293 1551 2377 1619 εἴη
2408 1549 2475 1601 ἂν
2508 1550 2535 1601 6
2560 1548 2619 1599 tv
2656 1544 2865 1607 πολλοῖς
2909 1542 3180 1609 ἀδελφοῖς,
3207 1541 3305 1610 οὑχ
3349 1541 3376 1591 6
3414 1538 3571 1608 μόνος
3599 1537 3663 1589 ὲκ
3717 1534 3882 1604 μόνου

2293 1639 2688 1710 γεγεννημένος
2722 1636 2814 1689 τοῦ
2844 1631 2981 1688 Θεοῦ
3028 1634 3122 1685 καὶ
3170 1629 3403 1701 Πατρός.
3446 1627 3724 1697 Ἐψόμεθα
3769 1626 3884 1695 γὰρ

2291 1734 2432 1794 τέως
2463 1734 2583 1792 ταῖς
2619 1732 2757 1792 σαῖς,
2790 1722 2834 1781 ὦ
2865 1717 3041 1788 οὗτος,
3074 1722 3413 1786 διαστολαῖς,
3447 1718 3885 1792 καραδοκοῦντες

609 1832 806 1887 tionem
850 1834 913 1885 ad
962 1835 1109 1887 initia
1152 1836 1454 1904 revocabo)
1495 1836 1583 1904 qui
1631 1837 1878 1889 humanae
1906 1839 2097 1891 animae
2138 1849 2188 1891 ct

2294 1822 2654 1893 οἰκονομικῶς
2692 1822 2815 1873 ὅποι
2865 1820 2994 1871 ποτὲ
3028 1820 3157 1888 ἡμῖν
3198 1814 3571 1868 διεκπαίουσιν
3617 1812 3665 1864 oi
3706 1810 3880 1877 λόγοι.

604 1924 787 1979 carnis
812 1926 1211 1980 fraternitatem
1246 1929 1529 1981 nobiscum
1557 1927 1815 1996 suscepit,
1840 1937 1893 1981 et
1923 1935 2082 1982 natus
2105 1941 2191 1983 est

605 2030 671 2068 ex
712 2016 918 2070 semine
956 2020 1251 2081 Abraham,
1305 2020 1349 2071 is
1399 2019 1789 2086 primogenitus
1830 2020 1936 2074 erit
1982 2022 2184 2088 utique,

608 2116 665 2161 ut
694 2106 747 2160 in
780 2108 963 2161 multis
986 2108 1246 2164 fratribus
1283 2127 1296 2164 :
1327 2110 1415 2163 ille
1447 2126 1572 2165 vero
1604 2111 1654 2163 in
1702 2112 1821 2165 sinu
1868 2113 1958 2164 Dei
1990 2122 2045 2164 et
2084 2111 2188 2164 Pa—

607 2198 728 2260 tris,
766 2200 1074 2267 nuigenitus
1126 2198 1268 2255 Deus
1323 2200 1577 2255 Verbum.
1639 2202 1800 2271 Atqui
1858 2219 1978 2258 cum
2032 2218 2187 2259 sacra

608 2288 884 2358 Scriptura
917 2290 1058 2344 dicat
1104 2292 1154 2346 in
1184 2290 1379 2345 Filium
1421 2292 1511 2346 Dei
1545 2292 1880 2360 unigenitum
1916 2310 2037 2350 esse
2066 2310 2186 2351 cre-

603 2378 862 2442 dendmn,
900 2392 1003 2445 qua
1038 2378 1105 2433 de
1138 2393 1298 2433 causa
1343 2380 1500 2436 nobis
1534 2391 1822 2450 cognatum
1856 2393 2019 2453 atque
2053 2401 2188 2440 con-

604 2464 1016 2521 substantialem
1056 2484 1178 2522 cum
1222 2474 1594 2540 proposueris,
1627 2474 1762 2529 dicis
1795 2490 1899 2531 non
1936 2487 2189 2544 oportere

604 2557 672 2611 ab
694 2556 811 2625 ejus
842 2558 1101 2613 dimoveri
1136 2560 1286 2615 fide?
1323 2562 1464 2630 Ergo
1488 2577 1711 2619 necesse
1735 2577 1819 2621 est
1861 2567 2189 2637 conjungere

606 2646 658 2699 in
686 2661 848 2700 unum
883 2648 1167 2703 Dominum
1194 2660 1247 2703 et
1277 2650 1576 2717 Christum,
1607 2656 1993 2724 conjunctione
2023 2660 2186 2712 nimi-

605 2750 723 2789 rum
751 2739 1045 2792 secundum
1078 2740 1412 2810 hypostasiu,
1452 2754 1509 2797 ut
1538 2745 1590 2798 in
1622 2748 1812 2801 eodem
1858 2749 2189 2819 intelligatur

605 2826 933 2897 mrigenitus,
973 2840 1029 2884 et
1057 2832 1451 2900 primogenitns
1509 2836 1691 2903 idem;
1736 2854 1799 2892 eo
1835 2842 1974 2908 quod
2014 2843 2185 2909 ipsum

604 2934 669 2973 ex
712 2920 819 2975 Deo
866 2922 1025 2976 Patre
1058 2923 1290 2979 Verbum
1324 2941 1443 2981 cum
1496 2941 1640 2985 esset
1680 2946 1745 2984 ex
1797 2943 1988 2986 natura
2025 2933 2183 2998 Deus,

606 3019 807 3072 factum
839 3030 919 3073 est
955 3020 1116 3075 homo
1148 3024 1319 3077 nostri
1347 3024 1564 3090 similis,
1596 3036 1652 3080 et
1684 3042 1746 3080 ex
1783 3028 1991 3082 semine
2014 3030 2183 3082 Abra-

605 3111 751 3164 ham.
806 3109 1017 3164 Etenim
1065 3124 1280 3167 acutum
1315 3118 1415 3169 sibi
1448 3120 1703 3185 quiddam
1737 3120 2008 3173 invenisse
2035 3124 2183 3175 vide—
2214 3146 2255 3203 ε

608 3212 708 3263 tur,
743 3203 922 3273 itaque
946 3207 1025 3260 sic
1059 3222 1244 3261 rursus
1272 3209 1348 3260 ait
1381 3227 1393 3263 :

676 3471 937 3545 [Νεετοιι.
980 3473 1301 3529 Meministis
1347 3484 1525 3529 autem
1572 3491 1796 3545 prorsus
1840 3492 2026 3532 eorum
2067 3496 2186 3547 quae

604 3580 747 3632 szepe
773 3566 883 3619 disi
908 3565 1079 3629 vobis,
1111 3580 1231 3618 cum
1263 3570 1396 3619 duas
1422 3566 1475 3619 iu
1504 3566 1722 3621 Christo
1746 3578 1967 3622 naturas
1995 3571 2186 3624 distin-

604 3670 823 3727 guerent
855 3676 869 3711 :
901 3659 1019 3711 dua:
1042 3666 1171 3711 sunt
1198 3658 1365 3721 enim,
1398 3659 1442 3712 si
1469 3668 1716 3712 naturam
1750 3669 1991 3727 spectes;
2027 3661 2071 3714 si
2108 3664 2188 3715 di-

604 3751 884 3813 gnitatem,
914 3746 1139 3815 simplex
1168 3764 1182 3799 :
1219 3758 1536 3802 naturarum
1570 3750 1714 3803 enim
1745 3751 2046 3805 auctoritas
2080 3769 2184 3805 una

603 3851 687 3896 est
734 3850 953 3910 propter
994 3839 1476 3909 conjunctionem,
1530 3841 1636 3912 91
1698 3843 1910 3897 naturis
1967 3846 2183 3912 quidem

604 3950 819 4003 semper
855 3934 906 3988 in
935 3945 1033 3988 suo
1060 3934 1249 3987 ordine
1293 3936 1755 4002 permanentibus,
1797 3936 1890 3989 sed
1925 3936 2188 4006 dignitate

605 4027 914 4098 conjuncta,
945 4033 1004 4079 ut
1030 4024 1141 4091 jam
1186 4024 1319 4088 dixi,
1352 4025 1404 4077 in
1441 4026 1818 4080 auctoritatem
1845 4027 2082 4083 unicam.
2112 4027 2129 4099 ]

1257 4161 1408 4217 CAP.
1448 4160 1536 4217 Vl.

2293 1915 2501 1971 Οὐκοῦν
2535 1911 2878 1982 (ἁνακομίσω
2910 1910 3018 1980 γὰρ
3046 1910 3140 1961 τὸν
3169 1909 3325 1973 λόγον
3357 1908 3437 1967 εἰς
3460 1904 3518 1956 τὸ
3549 1904 3645 1956 ἀπ’
3674 1902 3880 1972 ἀρχῆς)

2290 2013 2319 2063 6
2346 2008 2527 2078 ψυχῆς
2562 2004 2910 2076 ἀνθρωπίνης
2956 2002 3049 2055 καὶ
3088 1999 3289 2070 σαρκὸς
3324 1997 3462 2068 πρὸς
3491 1994 3639 2066 ἡμᾶς
3678 1994 3883 2047 ἀναλαι

2292 2100 2403 2152 6ὼν
2424 2097 2783 2166 ἀδελφότητα,
2811 2091 3053 2163 γεγονὼς
3079 2092 3136 2144 δὲ
3161 2093 3225 2143 ἐκ
3252 2089 3566 2157 σπέρματος
3605 2084 3881 2154 Ἀϐραὰμ,

2290 2190 2633 2262 πρωτότοκος
2660 2187 2744 2256 εἴη
2772 2186 2837 2239 ἂν
2870 2185 2944 2245 ὡς
2966 2186 3024 2235 ὲν
3057 2181 3273 2244 πολλοῖς
3304 2180 3556 2247 ἀδελφοῖς
3581 2194 3595 2207 ο
3621 2178 3649 2229 ὃ
3670 2193 3735 2245 γε
3774 2175 3883 2245 μὴν

2291 2282 2349 2334 ἐν
2380 2280 2564 2349 κόλπῳ
2589 2277 2685 2331 τοῦ
2714 2274 2850 2330 Θεοῦ
2878 2275 2972 2329 καὶ
3004 2274 3241 2343 Πατρός,
3279 2271 3573 2342 μονογενὴς
3605 2266 3740 2321 Θεοῦ
3771 2267 3881 2320 Λό-

2291 2390 2403 2441 γος.
2428 2367 2561 2423 Εἶτα
2593 2371 2689 2439 τῆς
2722 2365 3081 2420 θεοπνεύστου
3115 2364 3364 2434 Γραφῆς,
3395 2364 3476 2425 εἰς
3512 2360 3603 2412 τὸν
3634 2360 3761 2411 Υἰὸν
3783 2357 3880 2410 τοῦ

2290 2463 2424 2516 Θεοῦ
2452 2464 2541 2515 τὸν
2592 2456 2858 2531 μονογενῆ
2906 2455 3106 2527 χρῆναι
3143 2453 3409 2525 λεγούσης
3465 2450 3739 2505 ποιεῖσθαι
3778 2449 3882 2515 τὴν

2292 2558 2497 2619 πίστιν,
2532 2556 2621 2608 τὸν
2653 2550 2892 2620 συγγενῆ
2934 2568 2993 2603 τε
3021 2550 3118 2604 καὶ
3146 2550 3280 2619 ἡμῖν
3307 2545 3614 2617 δμοούσιον,
3650 2542 3880 2597 ἀνθότου

2291 2630 2629 2717 παρατιθεὶς,
2666 2646 2739 2715 μὴ
2766 2643 2831 2714 δὴ
2877 2643 3074 2713 χρῆναι
3112 2641 3220 2711 φὴς
3252 2638 3351 2709 τῆς
3388 2641 3470 2702 εἰς
3505 2637 3667 2691 αὑτὸν
3700 2651 3884 2703 παρα-

2288 2739 2588 2811 τρέπεσθαι
2627 2738 2896 2800 πίστεως;
2932 2733 3141 2787 Οὑκοῦν
3171 2733 3388 2801 ἀνάγκη
3422 2730 3633 2783 συνδεῖν
3666 2729 3742 2789 εἰς
3783 2726 3883 2778 ἕνα

2290 2832 2497 2903 Κύριον
2528 2830 2623 2884 καὶ
2671 2830 2937 2902 Χριστόν·
2981 2830 3101 2882 κατ’
3133 2827 3346 2896 ἐνδησιν
3406 2825 3461 2877 δὲ
3504 2823 3746 2894 δηλονότι
3782 2820 3883 2891 τὴν

2290 2925 2413 2977 καθ’
2444 2926 2763 2983 ὑπόστασιν,
2800 2922 2888 2975 ἵνα
2916 2922 2972 2974 ὲν
3017 2918 3199 2988 ταυτῷ
3241 2918 3413 2970 νοοῖτο
3455 2912 3751 2984 μονογενὴς
3786 2914 3883 2965 καὶ

2288 3016 2633 3087 πρωτότοκος
2661 3015 2689 3066 6
2717 3013 2900 3077 αὑτὸς,
2942 3010 3078 3064 καθὸ
3103 3009 3263 3078 φύσει
3293 3008 3425 3070 Θεὸς
3466 3006 3730 3075 ὑπάρχων
3750 3007 3779 3057 6
3817 3007 3883 3056 ἐκ

2288 3107 2425 3161 Θεοῦ
2461 3106 2673 3175 Πατρὸς
2712 3106 2905 3172 Λόγος,
2957 3102 3182 3170 γέγονεν
3224 3100 3507 3169 ἄνθρωπος
3534 3096 3655 3151 καθ’
3706 3098 3878 3166 ἡμᾶς,

2290 3203 2383 3254 καὶ
2416 3204 2480 3254 ὲκ
2529 3199 2841 3267 σπέρματος
2893 3196 3170 3266 Ἀὕραάμ.
3225 3193 3386 3247 ’Λλλά
3432 3192 3540 3261 γάρ
3580 3188 3885 3260 ἐξηύρηται

2290 3312 2341 3345 τι
2370 3293 2531 3361 σοφὸν
2561 3290 2733 3359 αὑτῷ,
2770 3274 3022 3358 καθάπερ
3063 3282 3155 3339 οὖν
3202 3285 3376 3339 οἴεται
3421 3284 3513 3356 καί
3547 3299 3709 3351 φησιν
3737 3282 3883 3334 οῦτω

2290 3383 2452 3435 πάλιν
2484 3396 2498 3410 °

2360 3472 2690 3546 [Μέμνησθε
2723 3473 2779 3525 δέ
2828 3487 2932 3523 που
2967 3470 3184 3531 πάντως
3215 3468 3311 3521 καὶ
3363 3468 3428 3521 τά
3474 3464 3738 3526 πολλάκις
3782 3479 3879 3533 μοι

2289 3568 2427 3637 πρὸς
2457 3568 2600 3635 ὑμᾶς
2627 3564 2915 3634 εἰρημένα,
2946 3562 3046 3624 τὰς
3079 3561 3274 3621 διπλᾶς
3303 3558 3440 3631 πρὸς
3476 3557 3567 3611 τὸν
3595 3555 3881 3623 Δεσπότην

2288 3656 2526 3726 Χριστὸν
2560 3655 2890 3725 διακρίνοντι
2922 3652 3113 3718 φύσεις
3137 3665 3149 3678 °
3184 3650 3369 3702 διπλαῖ
3402 3649 3499 3718 μὲν
3529 3648 3635 3718 γάρ
3678 3649 3745 3716 τῇ
3781 3644 3881 3713 φύ-

2291 3760 2393 3805 σει,
2420 3744 2485 3812 τῇ
2520 3741 2577 3794 δὲ
2609 3741 2736 3810 ἀξίᾳ
2785 3738 3107 3810 μοναδικαί’
3144 3739 3177 3808 ή
3217 3737 3325 3808 γὰρ
3373 3736 3480 3790 τῶν
3513 3738 3729 3807 φύσεων
3777 3736 3878 3789 αὑ-

2290 3832 2495 3894 θεντία,
2524 3832 2614 3883 διὰ
2643 3833 2745 3903 τὴν
2777 3832 3094 3897 συνάφειαν,
3127 3830 3226 3898 μία
3246 3846 3258 3860 '
3296 3829 3402 3881 τῶν
3435 3828 3534 3899 μὲν
3572 3828 3790 3897 φύσεων
3820 3831 3879 3881 ὲν

2290 3928 2357 3997 τῇ
2396 3925 2575 3995 οἰκείᾳ
2599 3924 2749 3989 τάξει
2782 3922 2868 3975 διὰ
2909 3921 3111 3984 παντὸς
3153 3919 3463 3989 μενουσῶν·
3487 3919 3586 3989 τῆς
3628 3918 3686 3971 δὲ
3720 3918 3880 3984 ἀξίας

2293 4017 2663 4087 συνημμένης,
2688 4016 2762 4079 ὠς
2792 4016 3075 4084 προεῖπον,
3110 4013 3190 4074 εἰς
3216 4011 3502 4066 αὑθεντίαν
3535 4009 3877 4080 μοναδικήν.]

2890 4151 3139 4202 trama.
3185 4153 3275 4216 (τ’.

678 4296 784 4352 Sed
808 4294 965 4350 facile
984 4310 1207 4365 prorsus
1232 4296 1610 4357 intellexisses,
1644 4297 1688 4349 si
1716 4297 1927 4350 divinas
1954 4291 2188 4351 Litteras

2368 4274 2505 4342 ’Ᾱλλ“
2537 4285 2679 4358 ἦσθά
2713 4305 2815 4341 που
2871 4287 3091 4350 πάντως
3131 4286 3399 4356 εὐμαθὴς,
3428 4290 3494 4354 τῇ
3535 4286 3879 4357 θεοπνεύστῳ

604 4390 756 4458 sequi
782 4389 1068 4442 statuisses
1086 4428 1100 4452 ,
1127 4402 1248 4457 qua:
1279 4402 1442 4440 unum
1468 4387 1655 4441 dicunt
1682 4387 1968 4441 Dominum
2000 4387 2185 4443 Jesum

2293 4381 2483 4449 Γραφῇ
2543 4376 2963 4429 κατακολουθεῖν
3010 4378 3305 4446 ᾑρημένος,
3348 4375 3443 4428 ἕνα
3490 4374 3725 4448 λεγούσῃ
3766 4376 3880 4429 Κύ-

602 4483 910 4545 Christum,
938 4494 1043 4534 non
1087 4478 1431 4547 sejungentes
1483 4479 1627 4532 illum
1660 4495 1725 4534 ex
1771 4484 1977 4534 semine
2014 4481 2183 4534 Abra-

2295 4488 2409 4541 ριον
2456 4468 2663 4539 Ἰησοῦν
2704 4467 2957 4537 Χριστὸν,
2998 4470 3092 4520 καὶ
3142 4470 3242 4520 οὑκ
3294 4468 3397 4521 ἀνά
3453 4468 3619 4537 μέρος
3664 4467 3877 4539 τιθείσῃ

605 4576 752 4635 ham,
770 4580 825 4624 et
842 4570 968 4631 illud
984 4586 1047 4624 ex
1070 4572 1175 4623 Deo
1193 4569 1351 4623 Patre
1379 4568 1627 4622 Verbum.
1650 4572 1727 4621 Ad
1752 4571 1863 4623 haec
1879 4570 2005 4623 illud
2025 4571 2186 4625 etiam

2296 4564 2389 4617 τὸν
2420 4565 2484 4615 ἐκ
2509 4562 2822 4631 σπέρματος
2869 4558 3143 4630 Ἀϐραάμ,
3170 4560 3261 4612 καὶ
3292 4560 3383 4612 τὸν
3414 4562 3477 4613 ὲκ
3507 4558 3641 4612 Θεοῦ
3666 4561 3876 4631 Πατρὸς

603 4664 948 4718 considerare
969 4662 1242 4730 oportuit:
1275 4660 1373 4713 alia
1397 4672 1478 4714 est
1505 4662 1646 4715 enim
1679 4676 1761 4715 res
1778 4663 2051 4725 divinitas,
2081 4662 2183 4716 alia

2296 4654 2490 4721 Λόγον.
2528 4652 2636 4703 Καὶ
2675 4651 2810 4720 πρός
2850 4667 2915 4716 γε
2948 4649 3013 4720 δὴ
3059 4649 3251 4719 τούτῳ,
3287 4650 3510 4701 κάκεῖνο
3547 4648 3874 4703 διανοεῖσθαι

603 4765 801 4809 nostra:
828 4753 1021 4808 similis
1047 4753 1386 4815 luunanitas,
1415 4756 1555 4821 quod
1582 4755 1648 4806 ad
1682 4755 1945 4809 rationem
1988 4755 2185 4809 attinet

2293 4750 2429 4817 Χρὴ·
2458 4744 2647 4813 ἕτερον
2685 4742 2782 4807 μὲν
2820 4741 2928 4811 γάρ
2961 4758 3013 4794 τι
3039 4740 3230 4810 χρῆμα
3276 4739 3489 4809 θεότης,
3537 4741 3724 4809 ἕτερον
3752 4738 3871 4811 δὲὴ

605 4862 723 4914 quae
742 4846 950 4900 naturis
978 4848 1115 4899 inest
1138 4863 1150 4899 :
1174 4858 1464 4914 congressu
1487 4855 1665 4897 autem
1687 4846 1980 4899 secundum
1998 4861 2183 4899 veram

2294 4836 2416 4889 καθ’
2445 4837 2592 4903 ἡμᾶς
2623 4832 2998 4902 ἀνθρωπότης,
3025 4833 3165 4884 κατά
3201 4849 3263 4897 γε
3287 4833 3378 4883 τὸν
3406 4832 3592 4885 ἐνόντα
3617 4835 3739 4895 ταῖς
3770 4833 3872 4901 φύ-

607 4941 879 5001 unionem,
897 4954 1035 4991 tinus
1061 4947 1139 4992 est
1168 4953 1232 4991 ex
1252 4938 1495 5006 utrisque
1510 4935 1782 4999 Christus,
1807 4949 1861 4989 ut
1884 4952 2025 5005 smpe
2043 4938 2185 4991 dixi-

2297 4945 2412 4980 σεσι
2444 4928 2599 4994 λόγον
2620 4943 2631 4953 ·
2682 4924 2952 4993 συμϐάσει
2986 4923 3042 4975 δὲ
3070 4926 3135 4992 τῇ
3176 4922 3298 4976 καθ’
3337 4923 3531 4975 ἕνωσιν
3566 4923 3764 4994 ἀληθῆ,
3795 4920 3873 4989 εἷς

610 5045 762 5085 mus:
790 5030 1170 5101 hypostasihus
1200 5044 1343 5093 vero,
1376 5041 1431 5082 ut
1462 5040 1514 5081 tu
1549 5029 1647 5087 ais,
1682 5029 1732 5079 in
1762 5028 1866 5082 duo
1900 5029 2106 5090 divisis.
2134 5038 2188 5082 et

2295 5016 2355 5079 ἐξ
2399 5018 2601 5086 ἀμφοῖν
2641 5017 2668 5066 6
2704 5014 2955 5083 Χριστὸς,
2986 5014 3126 5065 καθά
3174 5013 3489 5077 πλειστάκις
3538 5016 3873 5085 εἰρήκαμεν

611 5123 837 5177 seorsim
871 5136 935 5176 ac
964 5122 1210 5190 privatim
1260 5121 1523 5174 exsistere
1563 5120 1845 5173 intellectis
1868 5160 1881 5183 ,
1912 5120 2184 5187 quomodo

2294 5109 2402 5161 τῶν
2428 5125 2489 5174 γε
2528 5106 2632 5177 μὴν
2653 5106 3024 5168 ὑποστάσεων,
3054 5106 3128 5168 ὡς
3160 5107 3223 5158 σὺ
3248 5105 3375 5177 φὴς,
3409 5106 3758 5178 διῃρημένων
3795 5109 3874 5172 εἰς

610 5229 932 5283 οοιιει-θεειιε
953 5215 1004 5268 in
1023 5228 1185 5267 unam
1209 5228 1493 5282 personam
1524 5211 1635 5277 fiet,
1663 5211 1762 5263 nisi
1788 5227 1951 5264 unum
1973 5211 2188 5265 alterius

2290 5202 2405 5261 δύο,
2448 5201 2541 5253 καὶ
2581 5197 2888 5266 νοουμένων
2918 5197 3185 5267 ὑπάρχειν
3216 5198 3322 5250 ἀνὰ
3361 5197 3526 5267 μέρος
3567 5216 3624 5251 τε
3652 5200 3746 5252 καὶ
3781 5192 3874 5253 ἰδι-

610 5322 736 5362 esse
784 5306 1175 5377 quadannnodo
1228 5305 1500 5373 proprium
1542 5304 1751 5360 dicatur
1778 5343 1791 5367 ,
1827 5314 1885 5357 ut
1935 5304 2187 5357 nimirum

2296 5293 2428 5355 κῶς,
2464 5292 2579 5354 πῶς
2615 5291 2678 5343 ἂν
2713 5290 2922 5357 γένοιτο
2962 5288 3233 5359 σύμὸασις
3276 5290 3353 5351 εἰς
3386 5290 3677 5359 πρόσωπον
3708 5291 3788 5355 ἓν,
3824 5292 3874 5345 εἰ

618 5398 866 5451 humanae
910 5397 1102 5449 anima!
1129 5396 1401 5464 proprium
1453 5396 1767 5463 intelligitur
1811 5395 1928 5463 ejus
1972 5410 2188 5464 corpus,

2300 5386 2377 5456 μὴ
2402 5385 2509 5455 ἄρα
2534 5401 2650 5446 πως
2683 5384 2813 5435 ῐδιον
2853 5383 2911 5433 ἓν
2952 5381 3067 5444 ἐνὸς
3097 5380 3339 5447 λέγοιτο’
3384 5380 3637 5451 καθάπερ
3681 5383 3873 5451 ἀμέλει

617 5485 866 5556 quamvis
918 5487 1143 5539 diversa:
1193 5486 1262 5539 sit
1294 5487 1361 5539 ab
1410 5500 1470 5539 ca
1512 5495 1716 5540 natura:
1754 5502 1768 5538 :
1811 5500 1983 5553 neque
2050 5485 2188 5539 enim

2297 5480 2395 5546 τῆς
2427 5474 2712 5547 ἀνθρώπου
2743 5474 2920 5543 ψυχῆς
2954 5472 3081 5525 ἴδιον
3113 5471 3178 5525 ἂν
3207 5474 3376 5524 νοοῖτο
3404 5472 3465 5524 τὸ
3492 5473 3648 5542 σῶμα
3682 5474 3870 5541 αὐτῆς,

622 5580 759 5633 idem
782 5589 862 5631 est
891 5583 1065 5632 anima
1090 5586 1141 5630 et
1163 5592 1377 5643 corpus.
1417 5576 1521 5631 Sed
1544 5579 1682 5631 dicet
1709 5575 1937 5630 fortasse
1967 5576 2156 5644 aliquis
2182 5594 2188 5629 :

2304 5570 2481 5622 καίτοι
2514 5566 2649 5636 πρὸς
2687 5565 2850 5636 αὐτὴν
2878 5563 3119 5634 ὑπάρχον
3150 5562 3435 5632 έτεροφυές
3462 5579 3473 5591 ·
3510 5560 3570 5615 οὑ
3615 5562 3724 5634 γάρ
3770 5580 3871 5616 που

698 5761 717 5791 ⁶
756 5759 909 5815 Jonn.
958 5774 1038 5823 ιιι,
1078 5756 1158 5811 lG.
1235 5757 1255 5789 ⁷
1297 5757 1425 5813 ibid.
1466 5757 1544 5812 18.
1626 5756 1644 5787 δ
1685 5754 1839 5810 Jonu.
1872 5770 1908 5820 ι,
1952 5754 2034 5808 l8.
2116 5756 2134 5785 θ
2181 5753 2343 5808 Hebr.
2381 5769 2414 5816 ι,
2450 5752 2503 5804 6.
