4072 6346
165 402 243 454 161
1245 394 1615 452 ADVERSUS
1658 395 2065 456 NESTORIUM
2108 399 2240 456 LIB.
2281 401 2371 456 U1.

3322 412 3428 468 169.

160 518 331 574 ταυτὸν
381 518 448 572 ἂν
483 517 568 588 εἴη
599 515 746 587 ψυχή
793 533 851 569 τε
885 516 980 570 καὶ
1024 517 1205 586 σῶμα.
1254 518 1396 570 Ἀλλ’
1445 519 1575 582 ἴσως
1620 521 1729 591 ἐρεῖ

1840 522 2120 589 Quomodo
2158 523 2246 578 illa
2283 536 2469 578 sancta
2501 535 2554 580 et
2605 528 2878 584 adoranda
2927 528 3166 587 Trinitas
3204 531 3258 586 in
3314 541 3426 588 tres

161 629 244 675 τις,
275 608 396 670 Πῶς
419 608 453 678 ή
482 607 612 674 ἁγία
637 607 728 659 καὶ
750 608 1205 678 προσκυνουμένη
1236 609 1406 680 Τριάς
1426 611 1724 681 διορίζεται

161 704 247 772 μὲν
274 703 349 763 εις
369 701 518 770 τρεῖς
555 698 906 761 ὑποστάσεις,
942 698 1073 767 μίαν
1098 697 1156 750 δὲ
1184 699 1440 769 θεότητος
1471 701 1726 753 ἀποτελεῖ

159 797 336 864 (pugni;
372 793 516 856 Ὅτι,
570 792 737 860 φαίην
788 792 876 855 ἂν,
909 793 974 860 τῇ
1025 790 1132 842 τῶν
1162 791 1381 860 φύσεων
1411 791 1520 864 [Ion
1556 811 1726 866 προσν

157 883 321 944 ώπων,
357 881 420 946 ἢ,
441 878 1082 951 ὑποστάσεων]διαφορᾷ,
1111 881 1173 933 τὸ
1212 883 1410 936 ταυτὸν
1442 884 1522 946 εἰς
1538 885 1724 937 οὐσίαν

156 971 454 1039 ἀναγκαίως
485 971 774 1040 ἑπόμενον,
807 974 886 1034 εἰς
921 973 1053 1041 μίαν
1097 973 1362 1043 Θεότητος
1402 975 1724 1046 ἀνακομίζει

157 1064 299 1130 φύσιν
325 1061 434 1114 τῶν
459 1062 823 1114 πιστευόντων
881 1063 972 1115 τὸν
1002 1062 1128 1116 νοῦν
1154 1080 1166 1092 ·
1193 1065 1287 1117 ἐπὶ
1307 1066 1364 1118 δέ
1399 1082 1461 1134 γε
1514 1067 1569 1118 Ἐ
1578 1084 1725 1136 μμα-

154 1156 317 1225 νουὴλ,
337 1155 528 1225 ἐπειδὴ
549 1152 738 1224 θεότης
766 1154 850 1206 ἒτε
861 1154 951 1224 ρόν
973 1172 1024 1208 τι
1044 1157 1194 1227 παρά
1215 1157 1313 1228 τὴν
1327 1157 1726 1228 ἁνθρωπότητα

156 1251 307 1308 ἐστιν,
350 1248 399 1299 ει
427 1248 500 1316 μή
532 1264 731 1316 φαμεν,
773 1247 901 1299 ἴδιον
926 1248 1182 1315 γενέσθαι
1217 1249 1276 1301 τὸ
1306 1250 1461 1320 σῶμα
1490 1250 1584 1303 τοῦ
1622 1251 1726 1304 Λό-

153 1356 239 1406 γου
268 1337 387 1392 καθ’
404 1339 596 1391 ἕνωσιν
623 1337 822 1409 ἀληθῆ,
848 1341 964 1403 πῶς
997 1340 1062 1394 ἂν
1087 1340 1144 1393 ἓν
1177 1342 1522 1395 ἀποτελεῖται
1556 1344 1726 1412 πρόσ-

154 1447 306 1492 ωπον,
355 1429 418 1481 τὸ
479 1430 681 1498 ἀμφοῖν
733 1430 1001 1499 ἑκατέρας
1053 1432 1184 1501 ἡμῖν
1230 1432 1581 1496 ὑποστάσεως
1635 1451 1728 1500 φε-

155 1520 340 1589 ρούσης
385 1519 514 1572 ἴδιον
548 1520 622 1583 ὼς
673 1521 774 1572 ἀνά
821 1521 988 1590 μέρος
1045 1522 1347 1594 κειμένης;
1393 1525 1502 1577 Καὶ
1556 1527 1604 1577 εἰ
1653 1524 1726 1595 μὴ

154 1613 361 1680 γέγονεν
412 1613 544 1664 ἴδιον
599 1611 659 1662 τὸ
717 1611 922 1681 ληφθὲν
977 1613 1070 1666 τοῦ
1120 1616 1566 1686 προσειληφότος,
1628 1618 1727 1669 οὐκ

152 1704 361 1771 ἀρκέσει
401 1705 669 1772 συνάφεια
718 1704 861 1756 κατὰ
909 1705 1125 1758 σύνοδον
1178 1707 1386 1771 ἁπλῶς,
1435 1709 1533 1776 τὴν
1567 1709 1642 1772 ὡς
1670 1710 1727 1761 ὲν

152 1794 267 1864 ἀξίᾳ
290 1810 346 1845 τε
377 1794 514 1864 μόνῃ
544 1793 636 1845 καὶ
669 1793 947 1864 αὑθεντίᾳ,
997 1796 1086 1848 τὸν
1125 1797 1221 1848 ἕνα
1262 1798 1353 1850 καὶ
1403 1799 1563 1867 μόνον
1596 1801 1728 1869 ἡμῖν

151 1885 465 1938 ἀποτελέσαι
501 1886 758 1956 Χριστὸν,
807 1886 898 1938 τὸν
946 1889 1107 1940 αὑτὸν
1156 1889 1286 1942 ὄντα
1336 1889 1468 1943 Θεὸν
1504 1892 1642 1960 ὁμοῦ
1671 1909 1730 1946 τε
1762 1874 1802 1928 Β

151 1977 236 2028 καὶ
267 1977 572 2047 ἄνθρωπον.
607 1978 737 2031 Τότε
785 1979 914 2048 γάρ,
945 1981 1064 2032 τότε
1108 1983 1198 2032 καὶ
1228 1981 1372 2049 μάλα
1407 1980 1622 2054 [λείπει
1649 2001 1726 2048 τι,

153 2068 229 2120 id.
281 2070 578 2132 ἀναγκαῖον
609 2067 628 2138 ]
658 2070 754 2140 τῆς
799 2073 877 2133 είς
926 2072 1086 2124 αὑτὸν
1142 2074 1592 2144 παρατρέπεσθαι
1643 2076 1730 2128 πί-

153 2174 328 2221 στεως,
361 2159 467 2210 κᾶν
515 2161 563 2210 εἰ
609 2162 672 2212 ἐκ
708 2161 1024 2232 σπέρματος
1075 2164 1323 2234 Ἀὕραάμ
1368 2169 1539 2218 νοοῖτο
1588 2167 1729 2218 κατά

151 2249 239 2317 τὴν
269 2249 467 2320 σάρκα,
501 2252 729 2320 Ἕτερον
759 2254 815 2305 δὲ
863 2256 957 2305 καὶ
990 2255 1176 2326 ἕτερον
1200 2252 1339 2309 εἶναι
1366 2257 1560 2325 λέγων,
1609 2254 1730 2312 εἶτα

153 2340 260 2402 πῶς
309 2341 417 2411 lia.
451 2339 551 2411 τῷ]
586 2342 650 2394 ἐκ
702 2345 1020 2414 σπέρματος
1059 2346 1308 2417 Ἀϐραὰμ
1357 2348 1729 2419 προσκομίζε-

152 2430 263 2483 σθαι
284 2432 394 2483 δεῖν
431 2433 529 2501 τὴν
580 2433 762 2485 πίστιν
789 2434 1304 2506 διαϐεϐαιούμενος,
1335 2439 1444 2491 ῑσθι
1487 2457 1588 2502 τοι,
1636 2442 1729 2493 καὶ

154 2520 287 2588 μάλα
320 2523 662 2592 σαφῶς,-τῆς
695 2526 891 2577 ἑαυτοῦ
924 2528 1166 2598 κεφαλῆς
1213 2529 1281 2582 τὰ
1312 2530 1409 2600 τῆς
1443 2531 1729 2602 ἀνθρωπο-

150 2612 361 2682 λατρίας
410 2615 695 2684 καταχέων
728 2618 1084 2687 ἐγκλήματα·
1126 2621 1301 2673 καίτοι
1354 2623 1728 2693 παραιτούμε-

151 2721 249 2768 νος,
282 2707 376 2757 καὶ
409 2705 528 2758 λίαν
547 2706 744 2776 ὀρθῶς,
777 2709 836 2761 τὸ
867 2710 1330 2784 ἀνθρωπολάτρης
1355 2711 1493 2768 εἶναι
1518 2716 1719 2770 δοκεῖν.

163 2794 293 2845 Ἀλλ’
317 2794 476 2860 ὀλίγα
508 2798 705 2868 κομιδῇ
736 2799 830 2850 τοῦ
855 2803 1052 2869 χρῆναι
1083 2805 1296 2870 φρονεῖν
1329 2804 1395 2856 τὰ
1428 2805 1613 2857 εἰκότα
1636 2823 1730 2856 πε-

152 2885 452 2956 φρονηκὼς,
483 2891 813 2954 συκοφαντεῖ
863 2893 958 2942 καὶ
983 2891 1185 2960 ἑτέρως
1225 2893 1284 2945 τὸ
1322 2894 1464 2962 μέγα
1495 2894 1594 2964 τῆς
1635 2897 1729 2947 εὑ‹

151 2975 356 3041 σεὸείας
387 2982 707 3050 μυστήριον.
727 2981 1011 3053 Ἑπιφέρει
1056 2985 1165 3057 γὰρ
1203 2987 1394 3049 εὐθὺς·
1424 2988 1594 3050 Αὐτὸς
1620 2989 1728 3059 γὰρ

148 3069 272 3135 ἡμῖν
321 3069 425 3138 τῆς
494 3071 912 3144 ἐπηγγελμένης
987 3075 1238 3144 εὐλογίας
1296 3079 1360 3130 ὲκ
1413 3081 1727 3149 σπέρματος

169 3159 404 3231 Ἀϐραὰμ
444 3163 748 3233 ἀπεστάλη,
774 3165 848 3228 ὼς
887 3167 1028 3238 ὑπὲρ
1068 3169 1259 3223 ἑαυτοῦ
1287 3160 1380 3222 καὶ
1415 3171 1508 3224 τοῦ
1535 3172 1727 3238 γένους

150 3250 242 3316 τὴν
260 3252 354 3302 τοῦ
383 3252 636 3320 σώματος
664 3255 855 3308 θυσίαν
891 3259 1353 3329 συνεπαγόμενος.
1391 3261 1512 3329 Ὑφ’
1540 3263 1727 3332 ἁμαρ-

149 3342 261 3395 τίαν
291 3339 384 3422 οὖν
412 3339 522 3414 ἆρα
556 3346 649 3396 καὶ
679 3347 840 3410 αὑτὸς,
885 3349 1110 3416 γέγονεν
1139 3353 1166 3403 6
1205 3353 1461 3423 Χριστὸς,
1493 3357 1558 3407 δι’
1586 3351 1646 3408 οὗ
1671 3357 1732 3409 τὸ

149 3431 262 3485 καθ’
312 3434 597 3504 ἡμᾶςβῖ)
644 3438 742 3504 τῆς
785 3438 1059 3509 ἁμαρτίας
1108 3443 1480 3512 ὲμφράττεται
1533 3446 1728 3518 στόμα,

151 3525 281 3578 κατά
321 3525 421 3596 τὴν
450 3527 542 3578 τοῦ
569 3527 879 3591 Ψάλὶοντος
916 3533 1133 3602 φωνήνς
1162 3529 1272 3602 ἆρα
1301 3538 1393 3588 καὶ
1437 3537 1602 3589 αὑτοῦ
1635 3537 1729 3590 τοῦ

150 3616 314 3681 φωτὸς
349 3618 445 3669 τοῦ
500 3618 756 3689 ἀληθινοῦ
810 3621 872 3673 τὸ
915 3622 1014 3691 τῆς
1066 3624 1346 3695 ἑπαράτου
1395 3629 1731 3700 φαυλότητος

149 3707 313 3777 ἥψατο
349 3710 574 3775 σκότος;
617 3707 727 3780 ἆρα
770 3712 889 3780 μεθ’
931 3713 1086 3783 ήμῶν
1133 3717 1328 3785 ἐδεήθη
1373 3719 1467 3771 τοῦ
1499 3718 1726 3790 λυτρου-

153 3799 306 3865 μένου
335 3802 436 3855 καὶ
463 3801 732 3866 σώζοντος
767 3805 795 3855 ό
822 3803 890 3856 δι’
932 3800 993 3858 οὗ
1023 3808 1172 3858 πᾶσα
1202 3807 1473 3878 λύτρωσις
1500 3811 1596 3864 καὶ
1625 3829 1729 3867 σω-

148 3892 335 3960 τηρίας
359 3893 548 3958 ὲλπίς;
595 3895 801 3964 Πρέποι
830 3897 875 3949 δ’
906 3896 972 3948 ἂν
997 3898 1167 3968 αὐτῷ,
1197 3901 1337 3953 κατὰ
1374 3918 1437 3968 γε
1466 3903 1525 3954 τὸ
1556 3904 1726 3967 εὶκδς,

153 3983 262 4050 μεθ’
292 3984 453 4054 ἡμῶν
499 3986 792 4058 ἀναφέρειν
822 3990 889 4041 τά
923 3995 1274 4061 χαριστήρια,
1310 3992 1446 4046 Θεοῦ
1481 3993 1729 4062 λέγοντος

149 4075 538 4144 ἀμνησικάκως
564 4096 575 4108 ·
611 4098 628 4130 ι
666 4079 807 4147 Ἐγώ
826 4084 940 4150 ειμι
964 4083 992 4134 ό
1014 4082 1309 4150 ὲξαλείφων
1331 4085 1430 4147 τὰς
1453 4086 1730 4158 ἁμαρτίας

153 4183 260 4230 σου,
289 4171 384 4221 καὶ
409 4171 472 4224 ού
513 4171 586 4241 μὴ
623 4174 1039 4243 μνησθήσομαι·
1076 4195 1094 4224 ι
1136 4177 1530 4248 καταγορεύσει
1552 4180 1608 4232 δὲ
1634 4182 1729 4234 καὶ

149 4257 329 4324 αὑτοῦ,
363 4259 512 4314 καθά
543 4264 636 4314 καὶ
662 4264 694 4333 ἡ
706 4263 842 4332 μῶν,
865 4265 893 4315 6
925 4266 1023 4335 τῆς
1051 4268 1325 4337 ἁμαρτίας
1355 4272 1557 4341 πατήρ.
1597 4268 1730 4325 Εἶτα

149 4347 258 4411 πῶς
286 4350 348 4402 οὑ
377 4350 768 4421 ψευδοεπήσει,
795 4347 991 4422 λέγων·
1033 4374 1051 4406 ι
1089 4356 1346 4429 Ἔρχεται
1375 4360 1404 4411 ὁ
1428 4361 1611 4431 ἄρχων
1637 4361 1726 4414 τοῦ

149 4437 333 4501 αἰῶνος
364 4438 583 4502 τούτου,
620 4442 711 4493 καὶ
751 4442 809 4492 ἐν
837 4443 961 4511 ἐμοὶ
986 4446 1210 4516 εὑρήσει
1254 4448 1441 4515 οὑδέν;
1479 4470 1496 4500 ι
1533 4451 1729 4503 Δεδυσ-

1829 615 2149 684 liypostases
2223 616 2602 682 distinguitur,
2654 629 2708 673 et
2763 636 2924 678 unam
2977 632 3154 678 tamen
3208 625 3428 682 deitatis

1827 704 2057 760 absolvit
2107 715 2357 761 naturam
2393 708 2414 760 ‘l
2446 707 2613 775 Quia,
2670 727 2785 767 mea
2839 714 3055 784 quidem
3113 717 3424 783 sententia,

1828 815 1949 852 cum
1975 800 2162 854 eadem
2191 801 2424 854 essentia
2461 804 2766 856 necessario
2790 819 3144 870 personarum
3171 805 3428 862 ditIeren-

1831 893 1957 945 tiam
1989 901 2280 960 sequatur,
2309 893 2645 947 credentium
2695 895 3102 965 intelligentiam
3155 898 3220 954 ad
3259 915 3424 954 unam

1830 980 2137 1037 Divinitatis
2158 993 2405 1038 naturam
2436 985 2684 1054 perducit
2717 1003 2730 1037 :
2763 988 2814 1040 in
2840 988 3191 1044 Emmanuele
3222 1000 3422 1055 autem,

1835 1077 1961 1144 quia
2000 1077 2172 1130 deitas
2201 1077 2344 1129 aliud
2387 1078 2642 1145 quiddam
2692 1089 2775 1134 est
2807 1082 2872 1137 ab
2911 1082 3281 1148 humanitate,
3324 1083 3424 1137 nisi

1831 1168 2128 1222 dixerimus
2187 1174 2461 1239 proprimn
2522 1173 2722 1226 factum
2773 1172 2942 1228 fuisse
2996 1191 3194 1246 corpus
3251 1175 3424 1248 ipsius

1831 1256 1989 1313 Verbi
2018 1275 2112 1328 per
2150 1276 2326 1314 veram
2353 1263 2626 1325 unionem,
2655 1266 2922 1330 quomodo
2954 1280 3056 1318 una
3106 1267 3424 1321 absolvetur

1830 1362 1897 1402 ex
1927 1361 2159 1418 utroque
2191 1365 2419 1418 persona
2445 1391 2458 1415 ,
2491 1366 2612 1405 eum
2649 1352 2906 1408 alterutra
2960 1354 3261 1411 substantia
3301 1369 3426 1425 pro-

1831 1438 2002 1509 priam
2042 1443 2256 1509 utrique
2303 1443 2474 1506 ferat,
2505 1455 2690 1512 utpote
2751 1444 2977 1498 seorsim
3023 1446 3195 1515 posita
3259 1453 3424 1516 atque

1831 1531 2121 1597 seiuncta?
2174 1533 2285 1587 Etsi
2336 1535 2384 1589 id
2410 1537 2550 1606 quod
2592 1547 2865 1605 sumptum
2907 1549 3014 1602 est,
3054 1553 3159 1595 non
3190 1537 3261 1592 sit
3300 1552 3426 1607 pro-

1833 1625 2008 1693 prium
2053 1627 2382 1681 assumeutis
2414 1628 2614 1681 factum
2644 1667 2658 1691 ,
2687 1644 2789 1680 non
2819 1631 2955 1684 satis
2981 1630 3081 1684 erit
3114 1629 3428 1697 coniunctio

1831 1730 1929 1783 per
1988 1715 2288 1785 simplicem
2382 1721 2662 1789 dignitatis
2735 1720 2904 1774 solius
2969 1730 3023 1774 et
3091 1721 3430 1776 auctoritatis

1833 1807 2121 1861 coitionem
2149 1849 2164 1874 ,
2201 1810 2266 1862 ad
2299 1825 2463 1863 unum
2513 1825 2574 1863 ac
2608 1810 2779 1864 solum
2832 1812 2987 1865 nobis
3018 1811 3294 1869 Christum
3333 1812 3428 1867 ab-

1834 1898 2172 1965 solvendum,
2212 1899 2304 1970 qui
2338 1900 2477 1955 idem
2513 1901 2673 1956 simul
2705 1901 2844 1956 Deus
2873 1904 2940 1956 sit
2965 1912 3018 1956 et
3042 1905 3225 1958 homo.
3277 1903 3428 1959 Tunc

1834 1993 1976 2047 enim
2028 1992 2270 2062 profecto
2322 1995 2389 2047 ab
2432 1992 2549 2060 ejus
2601 1994 2704 2047 ﬁde
2733 1995 2993 2050 dimoveri
3049 2011 3271 2051 necesse
3318 2008 3423 2061 est,

1833 2085 1996 2139 etiam
2061 2087 2106 2141 si
2159 2102 2221 2141 ex
2263 2086 2470 2140 semine
2527 2085 2799 2139 Abraham
2859 2087 3154 2140 secundum
3197 2103 3422 2141 carnem

1835 2177 2186 2248 intelligatur.
2247 2179 2383 2233 Cum
2433 2191 2561 2231 vero
2598 2177 2762 2231 alium
2805 2188 2858 2232 et
2891 2179 3052 2232 alium
3081 2194 3202 2234 esse
3253 2180 3424 2248 dicas.

1834 2271 2094 2325 deindein
2130 2272 2278 2325 ἱΙΙιιιη
2314 2273 2512 2342 quiest
2545 2286 2609 2324 ex
2640 2273 2848 2327 semine
2891 2272 3081 2333 David,
3113 2274 3271 2331 tidem
3300 2289 3424 2329 esse

1834 2361 2166 2416 aﬂ‘erendam
2197 2363 2430 2418 allirmes
2451 2403 2464 2426 ,
2500 2375 2551 2417 te
2584 2366 2636 2417 in
2664 2375 2810 2417 tuum
2849 2365 3013 2430 ipsius
3034 2375 3194 2432 caput
3219 2367 3424 2421 crimen

1833 2453 2066 2522 hominis
2106 2455 2316 2507 colendi
2353 2455 2725 2522 adorandique
2754 2455 3020 2519 conjicere
3053 2463 3204 2509 certo
3254 2456 3422 2521 scias,

1832 2549 2047 2603 tametsi
2076 2557 2221 2604 recte
2242 2550 2528 2604 admodum
2557 2549 2795 2617 refugias
2819 2564 2885 2602 ne
2906 2548 3229 2602 lmminicola
3250 2549 3428 2606 videa-

1832 2640 1928 2694 ris.
1959 2639 2062 2693 Sed
2095 2658 2284 2710 parum
2307 2641 2598 2695 admodum
2632 2654 2828 2695 curans
2859 2641 2922 2693 de
2951 2650 3094 2693 recta
3128 2641 3423 2708 sententia,

1833 2729 1991 2783 aliter
2028 2745 2240 2800 quoque
2293 2731 2669 2785 calumniatur
2713 2731 2841 2783 illud
2895 2744 3146 2796 maguum
3205 2731 3427 2799 pietatis

1832 2832 2251 2877 sacramentum.
2309 2821 2540 2887 Subjieit
2599 2822 2742 2875 enim
2787 2821 2930 2874 illico
2972 2836 2986 2873 :
3027 2821 3142 2890 Ipse
3194 2836 3426 2891 tiatnque

1833 2912 1987 2966 nobis
2017 2914 2296 2981 promisse
2341 2913 2740 2970 benedictionis
2770 2928 2838 2967 ex
2871 2913 3078 2968 semine
3106 2912 3214 2982 92
3246 2913 3426 2966 Abrae

1834 3005 1956 3058 liam
1979 3015 2061 3059 est
2093 3008 2293 3060 missus
2318 3046 2332 3069 ,
2376 3015 2633 3073 tanquam
2684 3019 2782 3074 pro
2813 3006 2990 3074 seipso
3021 3016 3068 3060 et
3101 3020 3298 3076 genere
3327 3020 3428 3060 suo

1832 3097 2076 3163 corporis
2121 3097 2203 3149 sui
2243 3097 2516 3150 victimam
2556 3099 2712 3151 simul
2766 3097 2998 3152 aﬂ'erens
3058 3098 3269 3166 Ergone
3311 3098 3426 3167 ipse

1758 3223 1800 3277 ϐ
1833 3200 2046 3255 quoque
2075 3185 2321 3240 Christus
2354 3185 2529 3239 factus
2555 3198 2636 3240 est
2681 3190 2780 3241 sub
2823 3197 3045 3255 peccato
3068 3226 3082 3249 ,
3116 3201 3212 3256 per
3260 3201 3424 3255 quem

1835 3291 1897 3330 os
1947 3277 2118 3344 ipsum
2175 3277 2379 3345 peccati
2417 3278 2701 3331 adversum
2739 3291 2837 3331 nos
2879 3278 3214 3341 obstruitur,
3244 3287 3301 3331 ut
3344 3288 3426 3333 est

1838 3365 1889 3420 in
1947 3366 2178 3420 Psalmis
2220 3367 2264 3397 ¹⁶
2299 3368 2321 3420 ?
2357 3383 2560 3433 ergone
2623 3369 2793 3436 ipsam
2843 3384 3059 3437 quoque
3114 3367 3286 3422 lucem
3329 3385 3423 3422 ve-

1835 3473 1951 3510 ram
2009 3460 2361 3512 exsecranda-
2412 3459 2713 3531 iniquitatis
2763 3458 3000 3516 tenebrae
3034 3457 3429 3527 contigerunt?

1834 3564 2033 3619 ergone
2084 3551 2364 3604 nobiscum
2423 3552 2724 3606 redimente
2790 3561 2955 3620 atque
3015 3550 3258 3605 salvante
3290 3564 3426 3616 opus

1834 3639 2025 3694 habuit
2061 3640 2167 3701 ille,
2206 3656 2299 3708 per
2339 3657 2497 3710 quem
2545 3651 2624 3694 est
2675 3641 2854 3698 omnis
2896 3641 3194 3709 redemptio
3224 3651 3276 3693 et
3304 3655 3426 3708 spes

1832 3731 2021 3789 salutis
2053 3732 2365 3788 ?C0nvenit
2399 3732 2562 3799 igitur
2590 3733 2766 3786 eidem
2794 3773 2808 3793 ,
2840 3741 2897 3785 ut
2932 3742 3016 3787 est
3063 3746 3423 3800 consequens,

1834 3824 2111 3880 uobiscum
2163 3823 2361 3877 offerre
2421 3825 2717 3891 gratiarum
2776 3824 3058 3887 actiones,
3111 3840 3233 3877 cmn
3282 3824 3424 3881 Deus

1831 3917 1973 3970 dicat
2007 3915 2205 3969 oblitus
2243 3916 2451 3984 injurizc
2482 3933 2494 3968 :
2541 3933 2558 3965 ι
2607 3914 2715 3982 Ego
2747 3931 2863 3968 smn
2904 3915 2994 3984 qui
3033 3916 3186 3971 deleo
3222 3915 3423 3985 iniqui-

1835 4017 1971 4061 tates
2043 4021 2194 4071 tuas,
2252 4017 2306 4061 et
2387 4023 2492 4062 non
2579 4009 3026 4073 recordabar”;
3067 4027 3087 4061 ι
3150 4011 3428 4065 accusabit

1833 4100 1994 4153 etiam
2053 4099 2248 4167 ipsum,
2312 4108 2372 4153 ut
2417 4114 2515 4154 nos
2551 4108 2791 4162 accusat,
2839 4100 2927 4154 ille
2987 4111 3139 4170 pater
3193 4101 3421 4170 peccati,

1832 4189 1982 4256 Quod
2009 4190 2054 4245 si
2089 4191 2160 4244 ita
2192 4200 2292 4256 est,
2329 4191 2599 4258 quomodo
2625 4206 2731 4246 non
2776 4192 3065 4246 mentietur
3092 4206 3213 4246 cum
3243 4193 3374 4246 dicit
3405 4211 3421 4252 :

1838 4298 1857 4335 ι
1896 4280 2055 4333 Venit
2093 4283 2342 4349 princeps
2394 4282 2577 4339 mundi
2623 4280 2799 4347 huius,
2853 4293 2908 4335 et
2951 4282 3006 4334 in
3055 4297 3140 4336 me
3185 4281 3423 4338 inveniet

1833 4370 1966 4424 nihil
1997 4371 2094 4423 ³³2
2136 4389 2154 4422 ι
2207 4371 2346 4424 Olim
2382 4373 2739 4427 contumelias
2790 4371 2842 4424 in
2897 4387 3019 4426 eum
3075 4373 3426 4441 conjeceruut

1833 4462 1994 4516 etiam
2077 4460 2149 4514 illi
2232 4459 2536 4533 Synagogaz
2598 4460 2905 4517 Judzeorum
2958 4463 3215 4531 praesides
3251 4480 3264 4517 :
3299 4480 3422 4518 nam

149 4528 438 4597 φημήκασί
469 4544 602 4580 ποτε
652 4531 773 4582 κατ’
817 4533 1004 4596 αὑτοῦ,
1041 4536 1134 4588 καὶ
1166 4539 1262 4605 τῆς
1301 4538 1564 4593 Ἰουδαίων
1607 4557 1729 4594 συν-

1835 4567 1955 4609 Cum
2013 4553 2234 4608 invidiae
2273 4528 2493 4610 tacuieis
2551 4556 3054 4620 exstimularentur,
3097 4557 3239 4623 quod
3281 4570 3422 4626 pra:-

148 4618 368 4686 αγωγῆς
421 4619 474 4670 οἰ
502 4622 903 4689 προεστηκότες
923 4638 936 4652 ο
966 4625 1154 4695 ἐπειδὴ
1192 4628 1300 4697 γὰρ
1339 4632 1450 4691 τοῖς
1473 4631 1568 4682 τοῦ
1599 4631 1727 4699 φθό-

148 4725 233 4758 νου
265 4708 448 4776 βέλεσι
485 4711 899 4780 κατετρύχοντο,
934 4713 1403 4787 τεθεραπευμένον
1449 4721 1729 4790 ἀδοκήτως

149 4797 376 4863 ὁρῶντες
431 4798 526 4849 τὸν
550 4801 613 4849 ἐκ
647 4801 872 4870 γενετῆς
917 4803 1137 4871 τυφλὸν,
1189 4807 1417 4870 ἀνοσίως
1451 4809 1725 4880 ἔφασκον·

155 4907 170 4937 ι
202 4890 297 4952 Δὸς
340 4890 505 4954 δόξαν
541 4891 618 4960 τῷ
645 4891 794 4960 Θεῴ’
837 4895 998 4962 ἡμεῖς
1046 4895 1287 4964 οἴδαμεν,
1317 4899 1397 4950 ὅτι
1427 4896 1580 4963 οὗτος
1630 4903 1724 4955 ἄν·

150 4978 359 5046 θρωπο;
411 4983 736 5053 ἁμαρτωλός
767 4988 933 5037 ὲστιν.
970 5007 988 5037 ι
1029 4990 1086 5042 Ὀ
1129 4990 1185 5041 δέ
1233 5008 1295 5058 γε
1354 4993 1553 5063 Κύριος
1576 4995 1732 5064 ήμῶν

160 5071 359 5141 Ἰησοῦς
389 5075 649 5144 Χριστὸς,
693 5078 1198 5150 ἅθυροστομοῦντας
1237 5082 1476 5154 ἐλέγχων
1507 5084 1732 5156 διαρρή-

148 5163 239 5233 δην
267 5167 476 5235 ἔφασκε
501 5187 513 5199 ·
544 5190 562 5220 ι
601 5172 697 5234 Τίς
739 5172 798 5238 ἐξ
830 5175 983 5244 ὑμῶν
1028 5177 1241 5246 ὲλέγχει
1273 5193 1340 5247 με
1386 5178 1516 5248 περὶ
1547 5180 1728 5248 ἁμαρ-

149 5258 291 5326 τία;;
324 5262 387 5315 Εἰ
421 5261 478 5314 δὲ
505 5264 764 5334 ἀλήθειαν
798 5267 960 5336 λέγω,
987 5268 1128 5322 διατί
1165 5272 1321 5339 ὑμεῖς
1347 5271 1408 5322 οὑ
1439 5273 1726 5324 πιστεύετέ

156 5366 266 5418 pet;
302 5373 320 5403 ι
353 5355 568 5408 Οὑκοῦν
591 5358 638 5408 εἰ
688 5360 1093 5430 προσκεκόμικε
1121 5361 1217 5430 τὴν
1257 5362 1467 5427 θυσίαν,
1499 5365 1640 5435 ὑπέρ
1671 5383 1730 5419 τε

220 5506 261 5538 ¹⁰
306 5509 447 5563 Psal.
482 5526 589 5575 ενι,
627 5511 718 5565 42.

799 5515 839 5544 ⁸¹
881 5513 981 5570 lsa.
1010 5531 1165 5582 mn,
1201 5516 1288 5570 25.
1370 5519 1412 5548 ¹²
1450 5517 1583 5574 Joau
1622 5537 1728 5588 xw,
1760 5522 1870 5578 50..

1838 4652 1921 4697 ter
1951 4644 2255 4712 Opinionem
2284 4657 2530 4699 curatum
2583 4646 2837 4700 videbant
2889 4645 3038 4698 illum
3076 4662 3104 4700 a
3143 4647 3424 4703 nativitate

1838 4750 2076 4800 circum,
2131 4736 2292 4804 impie
2342 4736 2642 4791 dicebant:
2688 4755 2705 4792 ι
2751 4737 2822 4789 Da
2877 4736 3101 4805 gloriam
3139 4738 3249 4793 Deo
3279 4755 3293 4804 ;
3326 4754 3424 4794 nos

1837 4825 2059 4888 scimus,
2106 4829 2229 4894 quia
2286 4829 2386 4881 iste
2436 4829 2596 4882 homo
2639 4837 2891 4896 peccator
2915 4840 2996 4883 est
3029 4829 3071 4859 "
3097 4866 3112 4883 .
3143 4847 3161 4879 ι
3199 4830 3267 4883 At
3294 4844 3420 4882 vero

1837 4916 2098 4972 Dominus
2147 4928 2332 4973 noster
2380 4917 2537 4974 Jesns
2577 4920 2824 4974 Christus
2869 4921 3212 4974 oblocutores
3262 4936 3420 4974 coar-

1833 5023 2023 5084 guens,
2056 5019 2240 5077 aperte
2273 5009 2528 5065 dicebat:
2567 5027 2584 5059 ι
2617 5009 2751 5076 Quis
2802 5025 2868 5065 ex
2912 5011 3062 5082 vobis
3116 5009 3296 5078 arguit
3339 5027 3420 5064 me

1833 5102 1898 5158 de
1946 5101 2214 5168 peccato?
2259 5101 2313 5154 Si
2373 5103 2654 5154 veritatem
2714 5102 2854 5167 dico,
2890 5117 3058 5170 quare
3096 5117 3199 5154 non
3242 5102 3419 5155 credi—

1832 5188 1902 5239 tis
1931 5189 2060 5242 milii
2101 5189 2145 5218 ’δ
2176 5191 2199 5242 1
2226 5208 2244 5240 ›
2271 5190 2438 5260 Igitur
2487 5192 2531 5244 si
2567 5192 2764 5245 obtulit
2809 5191 3071 5246 hostiam.
3095 5204 3198 5244 non
3244 5188 3416 5242 solum

1835 5293 1932 5347 pro
1966 5279 2153 5342 nobis,
2189 5296 2372 5334 verum
2400 5282 2562 5335 etiam
2600 5298 2697 5350 pro
2727 5297 2786 5336 se
2819 5285 2957 5351 ipso,
2993 5283 3177 5351 utique
3232 5295 3417 5335 neces-

1837 5370 1982 5422 sario
2008 5369 2093 5422 illa
2121 5370 2347 5441 indignit
2368 5414 2384 5438 ,
2415 5382 2471 5427 ut
2493 5374 2661 5428 etiam
2684 5389 2780 5427 nos
2810 5374 2900 5442 qui
2932 5374 3030 5427 sub
3052 5374 3180 5442 jugo
3208 5373 3416 5442 peccati

1951 5522 1996 5555 ¹³
2033 5523 2189 5579 Joan.
2219 5542 2293 5594 ix,
2333 5528 2423 5582 2i.
2505 5530 2546 5564 ‘4'
2585 5528 2744 5584 Joan.
2786 5546 2901 5596 vni,
2935 5532 3026 5586 46.

1413 5675 1451 5724 A
1464 5674 1570 5730 NT.
1612 5676 1886 5732 AGELLII
1930 5679 2161 5738 ΝΟΤΑΞ.

219 5800 330 5872 (2‘2)
369 5800 595 5856 Videtur
624 5803 926 5873 legendum,
964 5823 1023 5859 το
1057 5805 1178 5859 καθ’
1210 5807 1383 5876 ἡμῶν.
