4072 6346
597 392 702 449 165

1588 385 1646 438 S.
1687 381 1961 448 CYBILL!
2003 381 2476 438 ALEXANDRINI
2513 381 2835 438 ARCHIEP.

3754 382 3861 436 164

594 519 800 563 sumus.
831 505 1010 574 Argue
1045 501 1207 571 igitur
1238 500 1386 555 illum
1416 499 1482 555 de
1517 510 1736 569 peccato
1772 517 1784 553 :
1822 499 1868 554 si
1889 499 2171 554 nobiscum

2290 499 2434 572 ἡμῶν
2465 500 2666 565 αὐτῶν,
2706 500 2800 553 καὶ
2834 502 3060 571 προσέτι
3098 501 3192 553 καὶ
3221 501 3437 565 ἑαυτοῦ,
3473 502 3719 572 δεδέηταί
3753 525 3863 561 που

596 595 940 658 sacriﬁcavit,
963 593 1188 648 ostende
1217 591 1372 645 simul
1402 591 1562 645 etiam
1588 592 1866 644 nobiscum
1897 605 2169 660 peccasse.

597 691 786 744 Pastor
804 688 893 741 ille
914 687 1084 740 bonus
1109 700 1202 754 pro
1221 698 1450 753 quonam
1480 683 1656 750 posuit
1681 683 1912 734 animam
1937 696 2086 735 suam
2105 681 2170 748 ",

597 795 691 846 pro
723 793 813 843 se,
848 794 913 831 an
946 793 1042 846 pro
1079 777 1190 831 suis
1219 772 1460 829 ovibus?
1489 772 1669 827 Audio
1707 773 1853 826 illum
1906 772 2170 826 dicentem

595 873 659 923 de
692 869 846 924 nobis
880 888 892 923 :
933 887 951 920 ι
979 867 1080 921 Pro
1112 869 1239 935 ipsis
1277 881 1376 934 ego
1415 863 1693 919 sauctilico
1735 865 1996 932 meipsum
2026 863 2069 894 ¹⁶
2099 880 2115 931 ;
2150 882 2168 914 ι

597 973 682 1026 et,
718 972 774 1016 ut
799 963 973 1031 inquit
1005 959 1402 1018 beatusPaulus
1434 975 1446 1011 :
1479 977 1496 1008 ι
1533 956 1719 1012 Gratia
1754 956 1846 1010 Dei
1877 972 1972 1026 pro
2003 956 2176 1009 omni-

597 1055 698 1108 bus
749 1053 985 1121 gustavit
1023 1062 1250 1106 mortem
1286 1051 1325 1081 ¹⁷
1362 1066 1375 1115 ;
1417 1069 1434 1101 ι
1484 1060 1533 1102 et
1580 1048 1773 1102 iterum
1811 1065 1823 1100 :
1869 1067 1886 1098 ι
1925 1045 2176 1099 Traditus

599 1153 682 1199 est
733 1154 950 1213 propter
996 1142 1190 1198 delicta
1244 1151 1466 1202 nostra,
1498 1148 1552 1193 et
1606 1139 1908 1192 resurrexit
1960 1147 2178 1207 propter

595 1234 1036 1304 justilicationetn
1097 1242 1339 1286 nostram
1382 1231 1423 1262 ‘3
1459 1248 1474 1296 ;
1521 1250 1539 1280 ι
1578 1241 1632 1284 et
1660 1233 1798 1285 sicut
1827 1230 1957 1282 dicit
2011 1228 2178 1281 Isaias

599 1311 861 1394 propheta
895 1340 913 1378 :
951 1343 968 1375 ι
1008 1323 1299 1392 Disciplina
1351 1323 1499 1393 pacis
1527 1332 1730 1376 nostra;
1765 1337 1926 1390 super
1950 1337 2094 1386 eum,
2125 1330 2179 1374 et

603 1415 774 1470 livore
806 1415 924 1483 ejus
958 1416 1134 1470 sanati
1164 1429 1350 1469 sumus
1382 1414 1424 1444 η
1459 1431 1472 1480 ;
1517 1432 1535 1463 ι
1575 1428 1680 1466 non
1725 1414 1838 1481 ipse
1872 1426 1982 1466 sua:
2013 1411 2180 1481 ipsius

603 1508 777 1562 carnis
839 1507 1090 1577 passione
1149 1508 1323 1562 obiter
1372 1516 1453 1560 est
1496 1517 1740 1558 curatus.
1789 1504 2044 1557 Traditus
2100 1513 2181 1558 est

601 1608 822 1669 propter
870 1599 1066 1652 delicta
1112 1609 1328 1660 nostra,
1365 1613 1468 1650 non
1521 1605 1736 1665 pI'Opter
1782 1611 1874 1649 sua
1915 1595 2181 1661 ;minime

602 1691 842 1744 omnium
884 1711 895 1744 :
938 1701 1184 1743 naturam
1224 1704 1452 1756 namque
1479 1689 1714 1742 hominis
1735 1701 1922 1740 omnes
1949 1684 2181 1739 fatemur

602 1794 668 1834 ex
698 1778 786 1833 illa
820 1779 872 1832 in
915 1781 1085 1833 Adam
1121 1779 1620 1846 transgressioneiu
1656 1778 2085 1832 maledictionern
2117 1790 2182 1829 ac

2283 591 2498 655 πάντως
2545 593 2859 661 ἀναγκαίως
2905 593 3096 662 αὐτῆς,
3143 591 3284 646 καθὰ
3337 597 3430 648 καὶ
3463 597 3619 665 ἡμεῖς
3665 600 3711 650 οἱ
3755 601 3866 653 ὑπὸ

2283 684 2444 752 ζυγὸν
2474 684 2770 756 ἁμαρτίας.
2811 685 3069 751 Ἔλεγξον
3101 684 3278 737 τοίνυν
3318 685 3482 739 αὐτὸν
3526 689 3652 758 περὶ
3680 690 3867 759 ἀμαρ-

2281 776 2401 839 τίας
2423 791 2437 804 '
2472 778 2519 829 εί
2548 777 2745 830 τέθυκε
2765 775 2821 828 δὲ
2855 777 2973 846 μεθ’
3003 776 3180 847 ἡμῶν.
3217 777 3387 843 δεῖξον
3418 780 3548 848 ἡμῖν
3581 796 3868 850 συνημαρ-

2281 867 2508 936 τηκότα.
2539 868 2752 938 Ποιμήν
2777 867 3034 936 ὑπάρχων
3062 866 3283 934 ἀγαθὸς,
3311 868 3451 938 ὑπὲρ
3476 869 3618 931 τίνος
3648 870 3868 923 τέθεικε

2284 958 2381 1029 τὴν
2419 959 2553 1011 ίδίαν
2592 960 2801 1030 ψυχήνς
2830 960 2970 1027 ὑπὲρ
3002 958 3192 1010 ἑαυτοῦ
3241 960 3460 1026 μᾶλλον,
3492 961 3524 1031 ἢ
3558 961 3697 1031 ὑπὲρ
3751 961 3870 1014 τῶν

2287 1050 2608 1118 προὸάτων;
2641 1050 2850 1102 Ἀκούω
2875 1049 3123 1116 λέγοντος
3152 1066 3213 1100 πε
3225 1050 3276 1117 ρὶ
3309 1049 3490 1118 ἡμῶν·
3525 1068 3543 1100 ι
3574 1050 3742 1121 ’Υπὲρ
3765 1053 3871 1105 a5-

2284 1144 2391 1196 τῶν
2422 1143 2533 1210 ἐγὼ
2562 1144 2771 1211 ἁγιάζω
2817 1143 3049 1212 ἐμαυτόν
3072 1159 3084 1174 ·
3131 1161 3147 1192 ι
3185 1141 3278 1194 καὶ
3313 1141 3454 1194 καθὰ
3506 1160 3668 1213 φησιν
3709 1145 3737 1195 6
3776 1145 3870 1197 θε-

2288 1235 2505 1298 σπέσιος
2558 1235 2788 1296 Παῦλος,
2824 1253 2839 1284 ι
2879 1234 3077 1303 Χάριτι
3115 1232 3249 1285 Θεοῦ
3283 1233 3422 1302 ὑπὲρ
3465 1235 3661 1297 παντὸς
3705 1233 3869 1302 ἐγεύ-

2289 1344 2420 1382 σατο
2468 1327 2737 1380 θανάτου·
2783 1346 2801 1378 ι
2857 1326 2952 1378 καὶ
3006 1324 3204 1390 πάλιν,
3249 1345 3267 1376 ι
3322 1326 3595 1394 Παρεδόθη
3653 1327 3739 1378 διὰ
3792 1327 3869 1379 τά

2289 1415 2710 1488 παραπτώματα
2746 1415 2918 1486 ἡμῶν,
2950 1415 3044 1467 καὶ
3084 1415 3292 1486 ἠγέρθη
3330 1414 3416 1467 διὰ
3459 1416 3553 1484 τὴν
3580 1407 3868 1468 δικαίωσιν

2287 1507 2475 1576 ἡμῶν·
2517 1526 2533 1558 ι
2568 1507 2661 1558 καὶ
2687 1506 2828 1558 καθά
2847 1522 3008 1576 φησιν
3031 1507 3057 1556 ὁ
3085 1509 3368 1576 προφήτης
3403 1505 3649 1570 Ἡσαΐας,
3683 1524 3701 1556 ι
3738 1507 3870 1558 Παι-

2287 1598 2403 1652 δεία
2452 1599 2671 1668 εἰρήνης
2710 1596 2863 1666 ἡμῶν
2919 1597 3006 1648 ἐπ’
3049 1596 3233 1659 αὑτὸν,
3283 1596 3360 1665 τῷ
3414 1595 3639 1665 μώλωπι
3695 1597 3865 1650 αὐτοῦ

2286 1692 2448 1759 ἡμεῖς
2494 1688 2757 1758 ίάθημεν’
2801 1707 2818 1737 ι
2861 1688 2960 1740 οὐκ
3009 1688 3169 1750 αὐτὸς
3199 1688 3259 1741 τὸ
3290 1687 3396 1760 [ἵσ.
3441 1687 3540 1758 τῷ]
3597 1689 3694 1758 τῆς
3727 1689 3870 1751 ἰδίας

2291 1781 2490 1851 σαρκὸς
2514 1779 3032 1850 παραθεραπεύεται
3064 1779 3244 1832 πάθει.
3270 1778 3548 1849 Παρεδόθη
3571 1779 3657 1832 διὰ
3677 1780 3744 1832 τά
3768 1798 3873 1832 πα-

604 1880 835 1924 mortem
895 1869 1060 1924 fuisse
1108 1870 1434 1935 devolutum,
1467 1869 1532 1922 ad
1567 1870 1679 1923 haec
1711 1869 1984 1923 laborasse
2018 1870 2179 1922 etiam

2293 1869 2635 1940 ραπτώματα
2676 1870 2832 1940 ἡμῶν
2855 1885 2867 1897 ·
2897 1871 2955 1921 οὺ
2986 1869 3074 1922 διά
3105 1886 3166 1937 γε
3198 1870 3267 1923 τὰ
3312 1871 3504 1923 ἑαυτοῦ
3525 1887 3537 1899 ·
3573 1870 3770 1923 πολλοῦ
3798 1887 3869 1938 γε

603 1962 866 2017 facilitate
933 1963 1188 2032 peccandi
1251 1963 1303 2016 in
1356 1975 1556 2026 carne,
1589 1970 1647 2014 ut
1693 1960 2010 2030 justilicatio
2055 1962 2185 2032 legis

603 2055 712 2126 93
747 2055 1060 2124 impleretur
1093 2056 1146 2109 in
1198 2055 1376 2119 nobis,
1425 2055 1514 2122 qui
1571 2069 1676 2108 non
1717 2056 2012 2108 secundum
2060 2070 2183 2108 car-

607 2164 729 2202 nem
768 2148 1131 2213 ambulamus,
1176 2148 1267 2201 sed
1315 2147 1610 2201 secundum
1661 2147 1906 2215 spiritum
1935 2147 1979 2177 ²⁰
2011 2163 2024 2198 :
2061 2161 2183 2200 nam

608 2249 893 2308 propterea
951 2239 1276 2292 novissimus
1328 2239 1496 2291 Adam
1552 2247 1634 2291 est
1693 2238 2022 2307 appellatus,
2080 2254 2183 2292 non

609 2331 754 2400 quod
788 2329 987 2398 prioris
1028 2330 1171 2384 illius
1203 2330 1349 2384 vitiis
1396 2330 1677 2394 laborarit,
1708 2333 1799 2383 sed
1831 2332 1973 2398 quod
2011 2332 2061 2384 in
2097 2347 2184 2385 se-

611 2422 745 2490 ipso,
783 2423 1075 2488 etquidem
1108 2423 1301 2490 primo,
1333 2423 1567 2476 hominis
1590 2433 1838 2475 naturam
1875 2432 2185 2493 transgres-

610 2514 778 2566 sionis
799 2512 944 2567 illius
968 2517 1168 2566 veteris
1193 2515 1419 2566 crimine
1451 2513 1690 2567 liberavit
1722 2531 1734 2566 :
1765 2514 2012 2581 quamvis
2041 2516 2184 2568 enim

611 2603 700 2657 illa
729 2603 889 2657 fuerit
927 2604 976 2656 in
1030 2604 1198 2657 Adam
1255 2604 1530 2667 damnata,
1583 2613 1638 2656 at
1682 2612 1828 2657 certe
1879 2603 1932 2656 in
1969 2602 2187 2657 Christo

611 2696 994 2765 probatissima
1018 2703 1070 2748 et
1106 2694 1376 2764 imprimis
1403 2695 1738 2749 admirabilis
1781 2698 2051 2764 apparuit.
2093 2694 2187 2750 Est

610 2801 743 2856 ergo
763 2787 854 2840 ille
880 2788 1095 2856 quidem
1121 2795 1387 2849 terrenus,
1416 2787 1666 2840 Christus
1693 2801 1819 2840 vero
1844 2788 2082 2841 caelestis
2103 2789 2144 2818 ἰ
2169 2805 2182 2840 :

609 2889 665 2934 et
688 2879 818 2934 licet
847 2879 991 2948 lapsa
1024 2877 1094 2932 sit
1125 2879 1176 2932 iu
1218 2877 1310 2930 illo
1339 2878 1544 2946 priore,
1577 2887 1632 2929 et
1667 2879 1732 2930 ad
1766 2878 2184 2932 iuobedicntiam

610 2969 841 3039 dejecta,
868 2972 1012 3038 quod
1040 2979 1125 3023 est
1166 2978 1466 3038 peccatum,
1501 2978 1677 3021 tamen
1717 2978 1915 3022 statum
1948 2986 1976 3021 a
2010 2978 2186 3023 trans-

611 3063 892 3132 gressione
934 3062 1159 3116 liberum
1199 3065 1249 3115 in
1285 3060 1500 3115 Christo
1532 3062 1808 3124 servavit,
1841 3070 1895 3114 et
1931 3073 2184 3131 tanquam

611 3156 668 3211 in
699 3156 868 3211 altero
901 3156 1069 3210 nostri
1099 3157 1313 3226 generis
1354 3154 1513 3209 initio
1541 3169 1570 3207 a
1606 3155 1812 3222 peccati
1849 3153 2069 3209 vulnere
2105 3156 2188 3208 in-

2288 1964 2381 2015 καὶ
2402 1963 2480 2014 δεῖ
2499 1978 2512 1990 ·
2540 1963 2934 2030 κατενήνεκται
2964 1962 3060 2031 μὲν
3093 1963 3199 2031 γὰρ
3228 1961 3674 2030 ὁμολογουμένως
3709 1965 3741 2031 ἡ
3773 1964 3871 2014 ἁν-

2288 2054 2507 2123 θρώπου
2538 2054 2696 2122 φύσις
2720 2056 2783 2106 ὲκ
2808 2058 2904 2124 τῆς
2935 2056 2992 2106 ὲν
3031 2054 3200 2123 ’Λδὰμ
3230 2053 3593 2121 παραϐάσεως
3621 2057 3698 2116 εἰς
3725 2054 3869 2121 ἀράν

2287 2147 2381 2200 καὶ
2411 2146 2639 2200 θάνατον
2660 2162 2673 2175 ⁸
2707 2145 3137 2217 κατηρρώστησε
3164 2145 3219 2196 δὲ
3258 2145 3395 2215 πρὸς
3426 2145 3633 2207 τούτοις
3684 2147 3775 2198 καὶ
3803 2146 3871 2198 τὸ

2287 2237 2595 2299 εὔκολονείς
2620 2239 2890 2306 ἁμαρτίαν
2910 2239 2966 2288 ὲν
2988 2240 3052 2305 τῇ
3070 2237 3230 2307 σαρκί
3251 2253 3262 2264 °
3291 2238 3377 2290 ἵνα
3396 2237 3455 2290 τὸ
3475 2237 3746 2306 δικαίωμα
3769 2237 3869 2290 τοῦ

2288 2329 2454 2398 νόμου
2484 2328 2747 2398 πληρωθῇ
2775 2329 2831 2378 ὲν
2855 2329 2984 2397 ἡμῖν
3011 2331 3122 2389 τοῖς
3151 2329 3224 2397 μὴ
3254 2329 3396 2381 κατά
3416 2331 3593 2398 σάρκα
3633 2346 3869 2398 περιπα-

2285 2419 2641 2488 τοῦσιν,,ἀλλά
2662 2421 2801 2472 κατὰ
2828 2419 3463 2490 πνεῦμα.Κεχρημάτικε
3485 2419 3591 2491 γὰρ
3605 2421 3690 2473 διὰ
3717 2422 3869 2474 τοῦτο

2287 2514 2381 2565 καὶ
2410 2511 2636 2582 ἔσχατος
2677 2511 2848 2580 Ἀδάμ
2869 2527 2881 2538 ’
2907 2513 2966 2562 οὑ
3000 2513 3067 2563 τά
3101 2511 3192 2563 τοῦ
3230 2511 3446 2580 πρώτου
3474 2515 3648 2566 νοσεῖν
3677 2513 3869 2582 ἀνεχό-

2291 2621 2469 2672 μενος,
2506 2602 2862 2656 ἀπαλλάττων
2906 2603 2962 2655 δὲ
3012 2602 3209 2672 μᾶλλον
3257 2603 3332 2665 ὡς
3376 2606 3433 2655 ἐν
3460 2604 3638 2671 ἐαυτῷ
3670 2622 3728 2655 τε
3771 2607 3868 2658 καὶ

2290 2693 2489 2765 πρώτῳ
2542 2693 2638 2764 τὴν
2680 2693 2971 2764 ἀνθρώπου
3021 2693 3181 2763 φύσιν
3224 2695 3331 2747 τῶν
3380 2696 3444 2746 ὲκ
3496 2696 3868 2765 παραϐάσεως

2288 2787 2517 2857 ἀρχαίας
2547 2785 2760 2854 ἐκείνης
2793 2786 3132 2855 αἰτιαμάτων
3155 2803 3166 2814 ·
3215 2785 3572 2856 κατεγνώσθη
3621 2787 3721 2856 μὲν
3753 2788 3867 2858 γὰρ

2292 2879 2497 2947 Ἀδάμο
2562 2878 2677 2930 ἀλλ’
2721 2877 2880 2947 ὤφθη
2922 2878 3267 2948 δοκιμωτάτη
3300 2878 3767 2946 καῖ’ἀξιάγαστος
3805 2883 3869 2934 ὲν

2287 2969 2531 3039 Χριστῷ.
2565 2969 2760 3032 Χοῖκὸς
2803 2965 2897 3023 οὖν
2935 2973 3174 3037 ἐκεῖνος,
3223 2972 3546 3041 ἐπουράνιος
3581 2971 3638 3025 δὲ
3668 2975 3696 3026 6
3731 2974 3870 3044 Χρι-

2291 3061 2433 3124 στός.
2471 3061 2580 3113 Καὶ
2623 3062 2893 3134 ὲνετράπη
2948 3064 3046 3132 μὲν
3091 3066 3145 3115 ὲν
3189 3062 3267 3132 τῷ
3300 3063 3520 3134 πρώτῳ,
3564 3082 3871 3135 κατακομι-

2292 3151 2476 3203 σθεῖσα
2509 3153 2646 3222 πρὸς
2676 3154 2982 3224 παρακοὴν,
3028 3155 3164 3224 ὅπερ
3198 3156 3346 3207 ἐστὶν
3394 3157 3638 3226 ἁμαρτία
3659 3174 3673 3186 ’
3709 3161 3871 3226 τετή-

610 3259 761 3318 tegra
794 3248 1078 3318 apparuit,
1112 3257 1167 3301 et
1211 3247 1587 3301 maledictione
1630 3246 2086 3315 damuationeque
2133 3255 2184 3302 et

2293 3258 2430 3311 ρηκε
2459 3242 2513 3296 δὲ
2551 3244 2615 3295 τὸ
2658 3243 3013 3313 ἀπαράῦατον
3043 3246 3101 3297 ὲν
3146 3246 3386 3316 Χριστῷ,
3433 3245 3526 3298 καὶ
3559 3244 3631 3309 ὡς
3675 3247 3733 3299 ἐν
3763 3249 3872 3299 ἀπ-

613 3351 785 3396 morte
810 3349 971 3408 atque
993 3339 1340 3409 corruptione
1369 3339 1653 3393 valentior.
1683 3337 1980 3392 Confirmat
2002 3346 2182 3391 autem

613 3447 714 3489 nos
756 3434 946 3486 beatus
977 3431 1199 3495 Paulus,
1231 3431 1321 3498 qui
1368 3431 1446 3484 sic
1496 3430 1757 3498 scripsit:
1794 3448 1812 3479 ι
1850 3429 2001 3482 Sicut
2043 3431 2187 3484 enim

613 3540 710 3594 per
741 3524 1157 3578 inobedientiam
1189 3523 1347 3575 unius
1383 3522 1614 3576 hominis
1642 3531 1954 3590 peccatores
1984 3523 2188 3576 consti-

615 3600 870 3670 tutisunt
905 3615 1090 3669 multi:
1125 3614 1196 3667 ita
1229 3624 1282 3666 et
1318 3629 1412 3683 per
1440 3613 1603 3667 unius
1659 3615 2022 3668 obedientiam
2057 3614 2188 3683 justi

613 3707 1017 3762 constituentur
1051 3706 1202 3759 multi
1244 3707 1309 3757 “.
1348 3725 1365 3755 ι
1398 3705 1606 3772 lndiget
1655 3705 1816 3772 igitur
1865 3704 2041 3758 hOstia
2092 3720 2190 3774 pro

614 3799 727 3852 suis
786 3798 994 3851 delictis
1047 3797 1294 3866 quisquis
1349 3795 1553 3863 peccati
1618 3804 1766 3848 reatu
1823 3803 2072 3848 tenetur:
2131 3805 2190 3850 et

613 3888 806 3943 obtulit
830 3890 1065 3953 seipsum
1100 3886 1350 3940 Christus
1384 3898 1480 3951 pro
1513 3898 1710 3953 genere
1735 3883 2032 3938 secundum
2063 3899 2189 3938 car-

616 3996 756 4045 nem,
814 3983 913 4034 hoc
947 3989 1049 4042 est,
1101 3994 1196 4046 pro
1244 3980 1420 4041 nobis,
1472 3994 1578 4033 non
1629 3989 1810 4032 autem
1846 3992 1941 4045 pro
1987 3977 2188 4045 seipso,

615 4089 736 4128 cum
777 4082 998 4141 peccato
1036 4073 1282 4140 superior
1318 4079 1495 4132 esset,
1533 4078 1718 4139 utpote
1756 4072 1895 4124 Deus
1983 4083 2106 4121 nam
2144 4068 2190 4121 si

614 4171 832 4232 pr0pter
878 4177 935 4216 se
984 4171 1067 4215 est
1102 4161 1442 4224 immolatus,
1482 4172 1611 4227 ergo
1652 4173 1756 4210 non
1798 4156 1897 4209 soli
1940 4170 2036 4208 uos
2072 4153 2190 4222 ejus

614 4255 874 4324 sanguine
907 4254 1070 4321 empti
1098 4267 1283 4306 sumus
1306 4251 1374 4316 ⁸³,
1409 4252 1704 4305 secundum
1734 4247 2067 4315 Scripturas,
2095 4246 2191 4300 sed

617 4349 893 4401 nobiscum
924 4347 1028 4400 erit
1058 4345 1219 4399 simul
1261 4345 1376 4413 ipse
1427 4344 1770 4411 redemptus;
1819 4353 1994 4408 neque
2035 4338 2190 4406 juxta

615 4438 765 4493 Isaia:
790 4453 1000 4501 vocem,
1039 4437 1294 4490 Dominus
1333 4435 1556 4489 tradidit
1602 4435 1775 4503 ipsum
1809 4433 2047 4501 peccatis
2095 4445 2192 4484 no-

2291 3333 2433 3401 αρχῇ
2459 3330 2690 3403 δευτέρᾳ
2725 3332 2820 3385 τοῦ
2855 3335 3066 3401 γένους,
3101 3333 3256 3402 ὤφθη
3301 3352 3359 3386 τε
3394 3335 3642 3404 ἄτρωτος
3684 3339 3870 3409 ἀμαρ-

2290 3420 2456 3485 τίαις,
2492 3423 2587 3474 καὶ
2614 3421 2878 3491 κρείττων
2907 3424 3046 3494 ἀρᾶς
3069 3425 3164 3476 καὶ
3200 3423 3355 3493 δίκης
3386 3426 3480 3476 καὶ
3510 3425 3741 3480 θανάτου
3773 3430 3872 3482 καὶ

2294 3515 2520 3585 φθορᾶς.
2555 3517 2930 3588 Προσεμπεδοῖ
2963 3518 3018 3570 δὲ
3048 3520 3193 3587 ἡμᾶς
3220 3521 3248 3570 6
3284 3518 3592 3587 σοφώτατος
3619 3519 3832 3582 Παῦλος
3853 3561 3869 3584 ,

2293 3605 2390 3657 ὡδὶ
2416 3607 2709 3675 γεγραφώς
2731 3623 2744 3636 ·
2786 3627 2804 3657 ι
2840 3608 3051 3678 Ὥσπερ
3081 3609 3187 3677 γὰρ
3216 3609 3303 3660 διὰ
3334 3610 3432 3678 τῆς
3464 3612 3749 3681 παρακοῆς
3771 3613 3871 3665 τοῦ

2292 3697 2408 3760 ἐνὸς
2439 3697 2746 3768 ἀνθρώπου,
2781 3701 3099 3769 ἁμαρτωλοὶ
3145 3703 3556 3770 κατεστάθησαν
3585 3705 3633 3755 οί
3660 3704 3869 3771 πολλοὶ,

2290 3787 2433 3841 οὕτω
2461 3791 2556 3843 καὶ
2608 3790 2698 3843 διὰ
2744 3792 2844 3862 τῆς
2877 3793 3124 3863 ὑπακοῆς
3167 3791 3258 3846 τοῦ
3303 3795 3440 3860 ἐνὸς,
3476 3795 3668 3849 δίκαιοι
3701 3814 3874 3850 κατα-

2294 3881 2650 3953 σταθήσονται
2692 3887 2740 3937 οἱ
2774 3885 2980 3940 πολλοί.
3016 3906 3033 3936 ι
3072 3889 3252 3939 Δείται
3292 3887 3354 3958 δὴ
3388 3884 3481 3942 οὖν
3517 3888 3726 3956 θυσίας,
3769 3893 3872 3962 τῆς

2293 3974 2430 4045 ὑπέρ
2461 3992 2523 4045 γε
2549 3977 2655 4029 τῶν
2687 3977 2831 4030 ίδίων
2856 3978 3373 4050 πλημμελημάτων,
3392 3983 3500 4044 πᾶς
3522 3983 3576 4034 εί
3596 4000 3679 4046 τις
3711 3984 3872 4050 γέγο-

2291 4085 2380 4120 νεν
2412 4068 2688 4139 ἁμαρτίας
2723 4069 2901 4139 ἔνοχος
2926 4087 2938 4099 ·
2973 4074 3065 4124 καὶ
3109 4074 3515 4145 προσκεκομικε
3549 4079 3648 4143 μὲν
3678 4076 3874 4126 ἑαυτὸν

2289 4162 2318 4213 6
2347 4160 2579 4230 Χριστὸς
2607 4162 2746 4233 ὑπὲρ
2779 4162 2874 4215 τοῦ
2921 4164 3065 4217 κατὰ
3099 4165 3279 4238 σάρκα
3306 4167 3497 4234 γένους
3522 4206 3537 4231 ,
3566 4167 3872 4231 τουτέστιν,

2291 4252 2434 4323 ὑπὲρ
2491 4253 2680 4322 ἠμῶνι
2756 4254 2896 4324 ὑπὲρ
2963 4254 3159 4307 ἑαυτοῦ
3222 4255 3296 4317 δὲ,
3346 4258 3550 4317 οὐκέτι,
3604 4257 3872 4327 κρείττων

2295 4344 2567 4415 ἁμαρτίας
2614 4346 2895 4415 ὑπάρχων,
2943 4345 3017 4408 ὼς
3077 4345 3230 4408 Θεός.
3277 4347 3338 4399 Εἰ
3373 4349 3498 4418 ’γὰρ
3537 4347 3755 4400 τέθυται
3801 4348 3871 4400 δι’

2293 4436 2506 4500 ἑαυτὸν,
2559 4436 2657 4505 οὐχ
2709 4439 2869 4506 ἡμεῖς
2919 4436 3308 4508 ἠγοράσθημεν
3361 4439 3511 4510 μόνοι
3554 4439 3630 4510 τῷ
3675 4441 3874 4510 αἵματι

619 4530 749 4582 stris
777 4528 854 4593 “,
888 4530 978 4582 sed
1011 4543 1108 4596 pro
1140 4529 1250 4581 suis
1279 4525 1438 4581 etiam
1473 4534 1557 4580 est
1587 4527 1762 4579 datus.
1799 4523 1904 4579 Ubi
1934 4523 2076 4578 enim
2111 4531 2184 4576 est

2294 4528 2481 4589 αὑτοῦ,
2535 4530 2675 4581 κατά
2708 4529 2805 4592 τὰς
2855 4530 3077 4600 Γραφάς
3097 4547 3110 4562 ·
3142 4531 3256 4584 ἀλλ’
3291 4531 3378 4600 εἴη
3408 4532 3450 4585 δ’
3479 4532 3544 4586 ἂν
3573 4534 3667 4587 καὶ
3706 4535 3873 4598 αὐτὸς

618 4620 791 4673 hostia
815 4629 869 4672 et
897 4619 1119 4682 oblatio,
1157 4618 1226 4673 ibi
1269 4631 1492 4686 prorsus
1537 4617 1789 4671 remissio
1819 4625 2184 4685 peccatorum.

2296 4623 2427 4690 ἡμῖν
2459 4622 2963 4690 συνηγορασμένος,
2992 4623 3175 4675 οὐκέτι
3211 4624 3350 4676 κατὰ
3385 4626 3484 4692 τὴν
3509 4624 3602 4677 τοῦ
3645 4626 3872 4678 Ἡσαΐου

622 4711 840 4780 Decepit
871 4709 1037 4780 igitur
1074 4720 1241 4764 totum
1284 4711 1469 4763 orbem
1511 4717 1777 4762 terrarum
1823 4708 2011 4760 beatus
2047 4706 2189 4759 Pau-

617 4803 723 4867 lus,
747 4803 840 4871 qui
872 4806 936 4856 de
969 4802 1060 4856 illo
1083 4801 1299 4870 scripsit
1331 4817 1343 4853 :
1389 4819 1407 4850 ι
1438 4799 1584 4854 Talis
1615 4801 1757 4852 enim
1787 4799 2193 4854 nobisdecebat

617 4906 677 4948 ut
707 4903 849 4948 esset
897 4892 1170 4963 pontifex,
1221 4902 1464 4957 sanctus,
1525 4893 1804 4957 innocens,
1857 4891 2187 4960 impollutus,

618 4996 930 5056 segregatus
953 5003 979 5038 a
1009 4986 1406 5056 peccatoribus,
1430 4997 1486 5039 et
1511 4985 1780 5039 excelsior
1803 4985 1954 5039 caelis
1980 4984 2186 5046 factus;

619 5079 707 5146 qui
741 5093 846 5130 non
899 5080 1061 5132 habet
1103 5079 1342 5147 quotidie
1392 5079 1788 5142 necessitatem,
1836 5077 2187 5145 quemadmo-

619 5169 743 5220 dum
789 5171 1118 5230 sacerdotes,
1158 5169 1306 5237 prius
1342 5185 1436 5237 pro
1472 5171 1584 5223 suis
1616 5169 1823 5224 delictis
1860 5170 2061 5222 hostias
2105 5170 2189 5222 of-

622 5260 782 5325 ferre,
819 5261 1009 5313 deinde
1038 5276 1132 5328 pro
1162 5263 1339 5331 populi
1373 5281 1385 5314 :
1427 5264 1526 5316 hoc
1553 5265 1696 5315 enim
1729 5263 1856 5315 fecit
1888 5261 2053 5316 semel
2101 5276 2191 5316 se-

621 5353 794 5419 ipsum
822 5353 1075 5406 oiferens.
1109 5354 1217 5407 Lex
1238 5356 1378 5408 enim
1408 5355 1652 5408 homines
1683 5355 1967 5410 constituit
1993 5369 2193 5408 sacer-

619 5445 771 5497 dotes
803 5446 1170 5498 iulirmitatem
1207 5447 1468 5499 habentes
1501 5463 1513 5498 :
1545 5461 1724 5500 sermo
1758 5457 1939 5501 autem
1965 5444 2195 5514 jurisju-

621 5534 772 5589 randi
805 5537 945 5602 quod
977 5545 1097 5602 post
1131 5535 1302 5604 legem
1341 5546 1445 5602 cst,
1476 5535 1670 5592 Filium
1699 5538 1752 5592 in
1782 5548 2039 5592 aeternum
2071 5552 2194 5606 per-

691 5736 733 5766 ”
772 5734 925 5789 Joan.
963 5753 1013 5797 κ,
1049 5737 1134 5789 15’.

620 5807 774 5861 Rom.
817 5822 932 5875 \‘III,
966 5809 1014 5861 4.

1215 5738 1256 5768 ¹⁶
1295 5737 1446 5793 Joan.
1486 5756 1613 5800 xvii,
1649 5738 1730 5792 19.

1093 5809 1132 5837 ⁸⁸
1180 5809 1192 5861 Ι
1235 5810 1357 5862 Cur.
1392 5827 1477 5874 λς,
1512 5811 1595 5863 47.

1813 5741 1854 5771 ¹⁷
1897 5739 2058 5793 llchr.
2105 5756 2163 5803 II,
2197 5740 2249 5793 9.

1675 5813 1716 5840 ”
1759 5811 1912 5864 lium.
1952 5826 2000 5874 ν,
2041 5811 2120 5864 ιο.
2199 5809 2245 5840 ’³
2287 5810 2415 5864 ibid.
2447 5812 2500 5864 ί).

2295 4716 2502 4781 φωνὴν,
2555 4731 2571 4762 ι
2605 4713 2806 4781 Κύριος
2860 4713 3173 4782 παρέδωκεν
3221 4714 3383 4766 αὑτὸν
3423 4720 3538 4777 ταῖς
3571 4718 3873 4785 ἁμαρτίαις

2295 4806 2453 4875 ἡμῶν
2474 4823 2486 4834 υ
2528 4823 2546 4855 ι
2581 4803 2788 4856 δέδοται
2815 4804 2871 4856 δὲ
2902 4804 3103 4873 μᾶλλον
3130 4805 3223 4858 καὶ⁵
3254 4806 3391 4876 ὑπὲρ
3425 4808 3535 4859 τῶν
3573 4809 3745 4860 ἰδίων.
3790 4804 3869 4860 Οὗ

2294 4897 2403 4967 γὰρ
2431 4897 2566 4960 ὅλως
2611 4897 2770 4949 θυσία
2816 4899 2912 4949 καὶ
2947 4898 3280 4969 προσαγωγὴ
3309 4939 3322 4963 ,
3360 4901 3477 4951 ἐκεῖ
3516 4918 3616 4952 που
3651 4903 3872 4964 πάντως

2295 4991 2388 5042 καὶ
2416 4991 2610 5057 ἄφεσις
2632 4990 2936 5061 ἁμαρτιῶν.
2964 4992 3335 5058 Πεφενάκικεν
3359 4989 3452 5044 οὖν
3481 4993 3587 5059 ἄρα
3615 4995 3740 5054 τοὺς
3764 4993 3872 5045 ἀνὰ

2297 5087 2478 5137 πᾶσαν
2523 5084 2622 5152 τὴν
2653 5084 2742 5136 ὑπ’
2784 5082 3010 5151 οὐρανὸν
3054 5084 3081 5134 ὁ
3129 5083 3414 5144 θεσπέσιος
3461 5081 3703 5144 Παῦλος,
3741 5084 3873 5152 περὶ

2299 5174 2463 5228 αὐτοῦ
2493 5173 2816 5244 γεγραφώς·
2856 5192 2873 5222 ι
2911 5172 3163 5234 Τοιοῦτος
3191 5172 3300 5241 γὰρ
3334 5173 3464 5241 ἡμῖν
3503 5170 3739 5241 ἔπρεπεν
3768 5172 3871 5240 ἁρ-

2297 5268 2532 5336 χιερεὺς,
2564 5267 2727 5330 ὅσιος,
2763 5265 2988 5327 ἄκακος,
3021 5265 3304 5334 ἀμίαντος,
3335 5261 3736 5333 κεχωρισμένος
3762 5263 3877 5315 ἀπὸ

2295 5359 2404 5410 τῶν
2445 5357 2803 5427 ἁμαρτωλῶν,
2835 5358 2928 5409 καὶ
2957 5357 3286 5425 ὑψηλότερος
3315 5354 3421 5408 τῶν
3443 5354 3689 5425 οὐρανῶν
3719 5355 3878 5422 γενό-

2301 5463 2488 5517 μενος·
2514 5447 2571 5510 ὃς
2595 5447 2695 5499 οὐκ
2725 5445 2839 5516 ἔχει
2882 5446 3002 5498 καθ’
3045 5445 3254 5515 ἡμέραν
3284 5445 3548 5514 ἀνάγκην,
3592 5442 3782 5514 ὥσπερ
3823 5446 3875 5498 oi

2296 5537 2606 5608 ἀρχιερεῖς,
2638 5536 2902 5607 πρότερον
2936 5535 3074 5605 ὑπὲρ
3103 5534 3210 5587 τῶν
3264 5535 3407 5587 ἰδίων
3457 5534 3877 5605 ἁμαρτημάτων

3283 5737 3323 5767 ”
3365 5738 3465 5789 lsa.
3500 5752 3612 5800 LIII,
3639 5735 3694 5788 5.

2585 5811 2630 5840 "
2664 5809 2911 5873 lsa.LIII,
2959 5809 3051 5876 lii;
3099 5809 3113 5860 l
3162 5809 3264 5860 (ὶυι-
3325 5823 3411 5870 xv,
3443 5807 3494 5858 5.

2333 5740 2375 5769 ’⁸
2418 5737 2521 5792 lsu.
2556 5755 2670 5792 LIII.
2706 5739 2773 5797 5;
2807 5737 2960 5789 Rom.
3003 5754 3073 5798 Iv,
3112 5737 3200 5789 ‘25.
