4072 6346
202 395 295 448 165
1253 398 1619 457 ADVERSUS
1659 402 2065 462 NESTOllIUM
2102 408 2229 465 LIB.
2274 408 2359 465 Ill.

3327 425 3429 479 166

199 512 377 575 θυσίας
408 513 721 585 ἀναφέρειν,
750 514 941 569 ἔπειτα
977 516 1089 569 τῶν
1130 519 1223 572 τοῦ
1252 519 1380 573 λαοῦ
1403 538 1415 551 ·
1456 522 1613 575 τοῦτο
1650 522 1747 595 γάιι

1862 526 2059 582 fectum
2088 531 2153 583 ³⁵.
2194 550 2213 582 ι
2260 529 2539 597 Quomodo
2587 533 2751 604 igitur
2794 531 3016 592 sanctus
3063 548 3144 594 est
3189 544 3427 609 pontifex

196 604 443 673 ἐποίησεν
477 606 694 673 ἐφάπαξ
721 607 912 661 ἐαυτὸν
938 610 1328 679 προσενέγκας.
1369 612 1426 664 '0
1457 614 1617 683 νόμος
1652 615 1759 685 γὰρ

197 697 513 767 ἀνθρώπους
544 698 863 767 καθίστησιν
890 701 1165 770 ἀρχιερεῖς
1194 702 1412 771 ἔχοντας
1441 704 1720 768 ἀσθενείας
1742 722 1755 737 ·

196 790 220 839 6
248 789 405 856 λόγος
438 790 493 841 δὲ
525 790 621 859 τῆς
651 790 999 859 ὁρκωμοσίας
1029 793 1127 861 τῆς
1157 794 1293 861 μετά
1319 796 1408 847 τὸν
1439 796 1759 865 νόμον,Υἰὸν

193 880 265 941 εἰς
311 880 403 931 τὸν
454 879 623 933 αίῶνα
663 881 1098 951 τετελειωμένον.
1139 902 1155 934 ι
1189 885 1310 948 Πῶς
1349 882 1439 939 οὖν
1485 888 1625 950 ὅσιος
1654 891 1755 959 ἀρ-

193 971 404 1039 χιερεὺς
431 974 457 1023 6
492 972 726 1039 Χριστός
754 990 767 1037 ;
803 973 834 1042 ἢ
867 974 1005 1026 κατὰ
1033 974 1154 1026 τίνα
1179 976 1379 1046 τρόπον
1410 978 1614 1041 ἄκακος
1663 980 1757 1032 καὶ

190 1063 465 1131 ἀμίαντος,
498 1066 545 1114 εί
575 1064 751 1116 δέεται
786 1064 905 1133 μεθ’
931 1066 1087 1135 ἡμῶν
1110 1068 1207 1136 τῆς
1239 1068 1425 1133 θυσίας
1460 1088 1756 1147 προσκεκοτ

194 1154 429 1222 μημένος
479 1153 1240 1231 [ισ..προσκεκομισμένης]
1286 1164 1363 1223 είς
1410 1162 1601 1230 ἄφεσιν
1648 1164 1754 1217 τῶν

192 1243 699 1315 πλημμελημάτων,
746 1247 841 1301 καὶ
890 1250 970 1310 είς
1004 1248 1283 1303 δικαίωσιν
1311 1252 1417 1303 τῶν
1445 1255 1755 1323 ήμαρτηκό-

189 1352 324 1400 των;
356 1336 477 1397 Πῶς
508 1335 834 1406 κεχώρισται
854 1337 959 1391 τῶν
991 1340 1346 1412 ἁμαρτωλῶν,
1375 1344 1421 1395 εί
1453 1343 1751 1398 δικαιοῦται

192 1430 284 1481 σὺν
318 1429 524 1492 αὐτοῖς,
557 1430 654 1499 οὐχ
686 1432 874 1503 ἐτέρου
904 1450 998 1485 του
1059 1434 1218 1505 χάριν
1242 1436 1338 1505 τῆς
1365 1436 1553 1499 θυσίας
1582 1455 1750 1507 προσ-

188 1519 589 1590 κεκομισμένης
616 1561 631 1585 ,
682 1522 713 1590 ἢ
758 1523 964 1577 τούτων
997 1527 1205 1594 αὑτῶν;
1242 1530 1513 1599 Θαυμάζω
1556 1530 1632 1594 δὲ,
1670 1532 1751 1583 ὅτι

186 1610 605 1681 διακεκραγότος
647 1615 741 1667 τοῦ
792 1616 1031 1682 Παύλου,
1078 1606 1352 1689 καὶμάλα
1403 1622 1607 1688 σαφῶς,
1653 1624 1751 1675 οὐκ

186 1697 323 1752 εἶναι
365 1702 747 1773 παραπλήσιον
784 1708 897 1770 τοῖς
931 1708 1069 1780 ὑπὲρ
1106 1710 1214 1762 τῶν
1258 1712 1402 1765 ίδίων
1437 1713 1751 1783 πλημμελη-

189 1792 369 1860 μάτων
398 1796 789 1865 προσκομίζειν
814 1798 1283 1871 κεκελευσμένοις,
1310 1804 1497 1857 ἔπειτα
1523 1806 1629 1857 τῶν
1653 1805 1746 1857 τοῦ

184 1880 311 1935 λαοῦ
338 1884 685 1951 πρεσϐεύειν,
725 1889 784 1940 ού
813 1889 988 1952 δέδιας
1013 1930 1027 1953 ,
1058 1888 1139 1955 οἷς
1165 1893 1267 1962 ἔφη
1299 1896 1552 1947 τάναντία
1584 1897 1747 1963 φάναι

183 1990 238 2025 τε
272 1975 478 2043 τολμᾷς
526 1973 659 2045 [τοῦ
692 1977 842 2040 λαοῦ,
891 1981 1213 2050 πρεσϐεύειν
1240 1986 1298 2037 ού
1325 1986 1498 2049 δέδιας
1527 1982 1605 2049 οἷς
1644 1989 1745 2059 ἔφη

182 2066 439 2117 τάναντία
464 2104 478 2127 ,
521 2068 685 2135 φάναι
720 2085 776 2120 τε
811 2070 1014 2141 τολμᾷς
1040 2072 1089 2144 ],
1145 2076 1268 2128 καθ’
1317 2079 1609 2148 ὁμοιότητα
1650 2083 1749 2150 τὴν

183 2155 426 2217 ἐκείνων,
462 2157 510 2208 οἳ
557 2157 696 2209 κατά
722 2159 882 2227 νόμον
925 2164 1212 2229 γεγόνασιν
1245 2168 1427 2238 ἱερεῖς,
1468 2170 1556 2222 καὶ
1587 2171 1749 2224 αὐτὸν

184 2245 317 2315 ὑπὲρ
367 2247 561 2299 ἐαυτου
612 2251 909 2318 προσάγειν
972 2253 1181 2309 θυσίαν.
1244 2259 1350 2309 Καὶ
1400 2260 1556 2327 εἴπερ
1604 2261 1765 2313 ἐστὶν·

182 2334 397 2405 ἀληθὲς,
416 2336 490 2398 ὡς
516 2339 544 2389 ό
566 2339 725 2410 νόμος
758 2342 855 2409 μὲν
883 2343 1203 2415 καθίστησιν
1225 2350 1501 2421 ἀρχιερεῖς
1526 2353 1748 2422 ἔχοντας

182 2426 462 2487 ἀσθενείας
482 2444 494 2456 ·
526 2428 554 2478 ὁ
578 2426 732 2496 λόγος
855 2433 954 2501 τῆς
989 2437 1332 2506 ὁρκωμοσίας
1364 2443 1460 2511 τῆς
1497 2445 1633 2514 μετά
1659 2446 1748 2497 τὸν

182 2519 363 2586 νόμον,
398 2518 527 2571 Υἱὸν
575 2521 653 2581 είς
703 2521 791 2573 τὸν
834 2524 1003 2576 αίῶνα
1048 2528 1493 2600 τετελειωμένονο
1546 2535 1596 2586 τί
1638 2539 1749 2598 τοῖς

180 2606 424 2659 ἀσθενεῖν
454 2607 665 2659 εἰωθόσι
697 2612 870 2662 ποιεῖν
900 2610 1007 2681 [ϊσ.
1048 2617 1242 2687 ποιεῖς]
1272 2621 1622 2692 συναρίθμιον
1659 2623 1748 2675 τὸν

179 2698 271 2767 τῆς
305 2696 530 2750 ἐκείνων
576 2697 813 2768 πληθύος
844 2702 1201 2775 ἐξῃρημένον,
1234 2712 1327 2763 καὶ
1362 2713 1459 2783 τὴν
1494 2714 1632 2785 ὑπὲρ
1666 2718 1749 2769 νό-

180 2806 277 2858 μον
322 2788 515 2858 έχοντα
543 2791 841 2857 τελείωσιν,
892 2798 1103 2851 οἴκοθέν
1145 2819 1202 2854 τε
1254 2806 1348 2858 καὶ
1376 2807 1519 2860 κατά
1565 2809 1745 2877 φύσιν,

178 2878 333 2947 εῖπερ
365 2881 513 2931 ἐστὶν
541 2880 668 2944 Υἱὸς
700 2882 933 2951 ἀληθῶς,
967 2889 1060 2939 καὶ
1088 2889 1173 2942 διὰ
1206 2893 1364 2947 τοῦτο
1401 2898 1567 2963 Θεός;
1602 2900 1750 2951 Ἰδω-

181 2984 279 3037 μεν
307 2968 365 3020 δέ
390 2969 485 3021 καὶ
516 2972 580 3021 ἐκ
608 2971 699 3023 τοῦ
733 2975 959 3042 νομικοῦ
991 2980 1082 3030 καὶ
1104 2983 1459 3056 ἀρχαιοτέρου
1489 2992 1750 3060 γράμμα-

176 3075 287 3123 τος,
326 3060 450 3111 τίνα
485 3061 549 3131 δὴ
589 3062 789 3129 τρόπον
837 3067 927 3117 καὶ
974 3068 1112 3138 ύπέρ
1163 3073 1323 3125 τίνων
1369 3079 1749 3149 είσκεκόμικεν

180 3151 367 3203 ἐαυτὸν
391 3152 419 3203 ὁ
460 3152 808 3224 Ἐμμανουὴλ
831 3159 908 3218 είς
936 3158 1109 3229 ὀσμὴν
1138 3162 1361 3228 εὐωδίας
1391 3168 1468 3236 τῷ
1515 3170 1630 3240 Θεῷ
1657 3174 1748 3224 καὶ

178 3240 370 3333 Π-ατρί.
416 3241 550 3333 Σκιά
595 3244 692 3311 μὲν
748 3246 855 3314 γάρ
896 3248 1337 3320 ὁμολογουμένως
1384 3260 1411 3309 6
1458 3261 1619 3329 νόμος
1659 3260 1746 3333 ἦν,

178 3328 313 3397 πλὴν
346 3329 697 3384 ὑποτύπωσιν
727 3333 837 3401 ἔχει
866 3340 1166 3408 μυστηρίου
1203 3343 1293 3394 τοῦ
1331 3348 1472 3399 κατά
1492 3328 1747 3421 Χριστόν,

177 3417 267 3469 καὶ
300 3418 401 3516 τῇς
427 3418 682 3516 ἀληθείας
708 3422 884 3475 ὼδίνει
910 3426 1009 3496 τὴν
1042 3429 1341 3515 μόρφωσιν.
1360 3437 1465 3488 Καὶ
1491 3417 1619 3506 γοῦν
1646 3443 1747 3516 ἔφη

178 3526 277 3559 που
328 3510 565 3579 Χριστὸς
615 3516 724 3575 τοῖς
760 3514 1033 3581 Ἰουδαίοις
1085 3514 1405 3591 προσλαλῶν
1428 3546 1441 3560 ·
1481 3550 1498 3580 ι
1529 3532 1589 3585 Εἰ
1626 3510 1749 3587 ἐπι-ί

179 3598 393 3651 στεύετε
425 3602 596 3671 Μωσῇ
625 3645 642 3666 ,
688 3605 1001 3694 ἐπιστεύετε
1040 3609 1105 3661 ἂν
1132 3612 1286 3680 ἐμοί’
1320 3618 1445 3686 περὶ
1476 3621 1583 3692 γὰρ
1614 3626 1747 3694 ἐμοῦ

176 3693 381 3753 ἐκεῖνος
427 3692 651 3761 ἔγραψε.
684 3714 699 3743 ι
736 3695 859 3758 Πῶς
885 3693 975 3749 οὖν
1002 3697 1120 3768 ἄρα·
1146 3702 1404 3759 τεθύκασι
1434 3710 1522 3762 τὸν
1555 3692 1744 3783 ἀμνὸν,

179 3780 461 3849 μέλλοντες
518 3783 614 3853 τῆς
660 3787 971 3854 Αἰγυπτίων
1018 3791 1273 3861 ἀπαίρειν
1314 3798 1361 3848 οί
1409 3800 1467 3865 ἐξ
1520 3780 1747 3873 αἵματοξ

188 3872 442 3941 Ἰσραήλ;
494 3874 633 3943 ὑπὲρ
662 3877 872 3928 ἐαυτῶν
910 3875 1018 3949 ἆρα
1049 3883 1141 3933 καὶ
1174 3885 1371 3952 μόνων,
1424 3890 1454 3959 ἢ
1486 3895 1576 3945 καὶ
1607 3896 1745 3969 ὑπὲρ

177 3964 422 4038 [ε]αύτοῦ
446 3968 537 4019 τοῦ
558 3969 730 4037 ἀμνοῦ
749 3987 761 4035 ;
784 3972 946 4036 Τίνας
966 3973 1253 4045 ἐλυτροῦτο
1269 3979 1356 4033 διά
1373 3982 1464 4035 τοῦ
1486 3964 1743 4057 αἵματοςξ

174 4051 279 4124 ἆρα
305 4056 435 4118 τοὺς
464 4056 570 4109 ὑπὸ
597 4058 758 4126 ζυγὸν
786 4061 1047 4126 δουλείας,
1089 4069 1178 4119 καὶ
1207 4068 1483 4125 δύσοιστον
1510 4051 1745 4133 ἀνατλέίν

175 4141 280 4213 [Ian
317 4145 680 4217 ἀνατλάντας]
716 4147 811 4218 τὴν
840 4151 901 4201 ἐκ
924 4152 1031 4204 τῶν
1062 4154 1374 4221 Αἰγυπτίων
1409 4135 1741 4233 πλεονεξίαν,

173 4233 202 4323 ἢ
234 4236 325 4287 καὶ
357 4236 590 4301 ἐαυτόν;
625 4238 768 4302 τίνος
801 4240 1059 4295 ἀπεσόϐει
1084 4244 1173 4297 τὸν
1207 4247 1566 4323 όλοθρευτήν;
1604 4257 1744 4311 τίσιν

171 4322 406 4391 ἔφασκεν
449 4330 478 4379 6
517 4328 621 4380 τῶν
675 4330 811 4383 ὅλων
850 4333 980 4397 Θεὸς
1003 4376 1017 4399 ,
1055 4355 1073 4387 ι
1112 4339 1220 4390 Καὶ
1258 4342 1456 4412 ὄψομαι
1485 4348 1545 4399 τὸ
1581 4346 1740 4421 αἷμα,

171 4416 271 4515 καὶ,
291 4418 559 4515 σκεπάσω
583 4420 759 4490 ὐμᾶς;
793 4441 811 4474 ι
839 4420 946 4494 ἆρα
978 4429 1089 4491 τοῖς
1122 4429 1456 4503 δεδεημένοις
1488 4440 1585 4509 τῆς
1614 4416 1742 4515 acup"

1860 618 2144 674 Christus?
2186 623 2268 675 vel
2301 624 2567 691 quomodo
2612 625 2871 681 innocens
2906 636 2960 682 et
2998 628 3341 699 impollutus,
3385 638 3432 689 si

1861 711 2143 764 nobiscum
2176 712 2375 783 indiget
2402 716 2575 769 hostia
2609 734 2703 786 pro
2730 722 2964 787 peccatis
3001 723 3335 779 remittendis
3381 734 3429 778 el

1862 798 1925 851 ad
1970 812 2281 867 peccatores
2316 804 2689 870 justiﬂcandos
2731 808 2978 862 oblatus?
3021 810 3299 875 Quomodo
3346 830 3429 866 se-

1860 899 2108 957 gregatus
2136 906 2163 943 a
2198 897 2589 961 peccatoribus,
2620 898 2663 950 si
2694 913 2795 949 una
2824 914 2943 951 cum
2976 904 3101 968 ipsis
3139 902 3247 973 94
3270 905 3399 971 justi

1861 980 2128 1046 ficabitur,
2170 999 2291 1036 cum
2342 986 2518 1039 hostia
2547 1002 2649 1040 non
2697 989 2797 1041 alia
2844 994 2907 1044 de
2938 1006 3096 1044 causa
3148 996 3426 1061 offeratur,

1857 1086 2014 1139 quam
2040 1090 2134 1141 pro
2172 1075 2286 1129 imis
2324 1077 2492 1143 ipsis?
2537 1079 2699 1132 Miror
2739 1089 2917 1135 autem
2957 1087 3119 1151 quod,
3162 1089 3427 1142 clamante

1855 1161 2040 1227 Paulo,
2069 1176 2120 1218 et
2147 1166 2361 1232 quidem
2395 1171 2759 1235 apertissime,
2794 1188 2898 1226 non
2931 1190 3050 1228 esse
3079 1176 3223 1229 illum
3256 1194 3425 1245 perst-

1856 1253 2035 1308 milem
2099 1256 2180 1309 his
2222 1258 2417 1325 quibus
2456 1275 2552 1328 pro
2595 1264 2709 1315 suis
2749 1264 2957 1318 delictis
2996 1266 3197 1321 hostias
3235 1269 3427 1325 otferre

1854 1347 1926 1399 sit
1950 1347 2188 1414 jussum,
2246 1351 2439 1406 deinde
2471 1368 2567 1420 pro
2597 1355 2809 1410 delictis
2849 1360 3025 1426 p0pu|i
3049 1397 3063 1421 ,
3102 1349 3204 1413 non
3237 1364 3425 1416 timeas

1853 1437 2122 1490 contraria
2147 1440 2440 1505 prtedicare
2474 1441 2537 1493 iis
2566 1457 2682 1509 qua:
2725 1442 2812 1494 ille
2852 1444 3005 1507 dixit,
3037 1447 3127 1497 sed
3179 1460 3425 1498 asserere

1854 1527 2073 1589 audeas,
2102 1540 2196 1595 pro
2230 1527 2439 1580 illorum
2477 1530 2829 1583 similitudine
2876 1532 2965 1597 qui
3019 1532 3311 1584 secundum
3349 1530 3423 1584 Ie-

1852 1630 1969 1684 gem
2001 1615 2216 1669 fuerunt
2240 1620 2566 1683 sacerdotes,
2591 1620 2749 1673 etiam
2784 1622 2950 1688 ipsum
2981 1636 3075 1688 pro
3103 1638 3163 1676 se
3195 1623 3419 1676 hostiam

1853 1706 2064 1761 olferre.
2111 1707 2177 1760 Et
2230 1710 2274 1761 si
2313 1724 2495 1761 verum
2527 1723 2606 1763 est
2640 1712 2752 1780 lege
2804 1713 3060 1766 constitui
3113 1717 3423 1767 sacerdotes

1856 1796 2112 1849 habentes
2149 1795 2534 1859 infirmitatem,
2579 1814 2825 1854 sermone
2858 1812 3032 1854 autem
3067 1800 3423 1871 jurisjurandi

1782 1888 1820 1940 Β
1851 1888 1989 1953 quod
2024 1898 2141 1955 post
2176 1886 2345 1955 legem
2375 1898 2477 1949 est,
2508 1887 2699 1941 Filium
2728 1891 2778 1942 in
2807 1900 3069 1944 aeternum
3100 1892 3419 1959 perfectum,

1851 1991 1948 2029 cur
1978 1976 2028 2029 in
2069 1992 2254 2030 eorum
2301 1995 2523 2033 numero
2571 1981 2661 2048 qui
2714 1981 2910 2035 iulirmi
2964 1998 3081 2035 esse
3125 1998 3420 2063 consueve-

1854 2080 1997 2136 runt,
2030 2085 2281 2126 recenses
2311 2072 2480 2138 illum,
2508 2076 2575 2127 ab
2607 2090 2795 2128 eorum
2834 2078 2986 2130 turba
3013 2087 3293 2146 exceptum
3317 2116 3332 2141 ,
3364 2087 3422 2131 et.

1850 2162 2181 2229 perfectione
2225 2179 2344 2232 qua:
2377 2179 2536 2233 supra
2585 2167 2753 2235 legem
2800 2177 2879 2220 est
2920 2177 2973 2220 et
3026 2168 3312 2224 intrinscCa
3367 2177 3422 2221 et

1851 2255 2145 2309 secundum
2186 2268 2429 2309 naturam
2480 2257 2640 2310 insita
2695 2259 3007 2325 praeditum,
3042 2273 3161 2316 cum
3196 2258 3265 2311 sit
3293 2272 3423 2313 vere

1850 2344 2038 2410 Filius,
2079 2356 2132 2400 et
2183 2349 2250 2400 ob
2304 2363 2422 2401 eam
2469 2362 2686 2401 causam
2743 2348 2918 2402 Deus?
2968 2350 3072 2404 Sed
3138 2352 3416 2406 videamus

1850 2438 2012 2489 etiam
2048 2454 2111 2491 ex
2142 2438 2294 2506 legali
2322 2448 2375 2492 et
2413 2441 2578 2493 veteri
2612 2440 2815 2509 scripto
2837 2482 2850 2505 ,
2887 2444 3336 2509 quemadmodum
3367 2455 3423 2497 et

1852 2544 1947 2597 pro
1981 2531 2175 2597 quibus
2216 2532 2321 2583 Deo
2350 2540 2401 2583 et
2435 2531 2577 2584 Patri
2623 2530 2856 2597 seipsum
2905 2532 3161 2585 obtulerit
3206 2533 3422 2585 Emma-

1851 2620 1972 2674 nuel
2029 2622 2081 2674 in
2128 2625 2345 2675 odorem
2388 2625 2754 2677 suavitatis".
2805 2622 3005 2677 Umbra
3034 2621 3285 2694 'namque
3333 2624 3418 2679 lex

1850 2722 1964 2767 erat
2005 2715 2189 2781 procul
2224 2716 2405 2778 dubio,
2440 2718 2530 2769 scd
2579 2726 2754 2768 tamen
2803 2713 3001 2768 Christi
3051 2717 3291 2784 mysterii
3339 2716 3422 2769 in-

1851 2804 2226 2857 formationem
2283 2804 2442 2858 habet
2488 2805 2564 2867 ",
2624 2820 2685 2857 ac
2741 2806 2979 2857 veritatis
3039 2804 3415 2859 formationem

1852 2899 2099 2965 parturit.
2134 2898 2314 2965 Itaque
2342 2896 2613 2956 Christus,
2648 2913 2767 2949 cum
2800 2896 3011 2950 Judaeos
3034 2898 3418 2966 alloqucretur,

1851 2986 1986 3038 dixit
2020 3006 2033 3038 :
2071 3003 2088 3034 ι
2127 2985 2181 3036 Si
2210 2986 2506 3037 crederetis
2537 2985 2687 3045 Mosi,
2719 2986 3010 3038 crederetis
3045 2988 3208 3039 etiam
3244 2988 3372 3040 mihi
3402 3006 3415 3041 :

1853 3078 1915 3130 de
1946 3092 2027 3129 me
2051 3078 2193 3131 enim
2234 3078 2319 3131 ille
2340 3077 2558 3146 scripsit
2587 3078 2653 3129 ".
2687 3096 2704 3127 ι
2740 3079 3016 3141 Quomodo
3054 3077 3215 3146 igitur
3251 3076 3421 3132 Israe-

1854 3169 1958 3221 lita:
1989 3170 2053 3221 de
2078 3168 2454 3238 Aigyptiorum
2486 3168 2645 3222 terris
2678 3169 2954 3237 migraturi
2995 3184 3190 3237 agnum
3228 3171 3419 3222 immo-

1856 3260 2140 3313 laverunt?
2185 3278 2306 3313 num
2340 3276 2433 3327 pro
2465 3276 2521 3313 se
2572 3260 2699 3326 ipsis
2739 3270 2964 3326 tantum,
3000 3277 3065 3313 an
3116 3262 3276 3315 etiam
3325 3276 3421 3328 pro

1854 3351 1966 3418 ipso
1998 3352 2177 3418 agno?
2207 3366 2465 3419 quosnam
2516 3352 2812 3405 redimebat
2857 3368 2950 3420 per
2998 3367 3153 3405 suum
3204 3354 3422 3420 sangui-

1854 3441 2013 3494 nem?
2042 3457 2166 3493 num
2196 3456 2287 3495 eos
2313 3443 2402 3510 qui
2437 3444 2535 3495 sub
2559 3442 2688 3511 jugo
2719 3444 2996 3497 servitutis
3020 3454 3193 3509 erant,
3220 3453 3274 3498 et
3300 3460 3423 3513 gra-

1853 3531 2072 3584 vissimo
2101 3532 2486 3601 premebantur
2516 3531 2893 3601 Aigyptiorum
2929 3536 3223 3602 dominatu,
3261 3551 3326 3589 an
3362 3552 3421 3591 se

1851 3623 2025 3692 ipsum
2052 3623 2259 3676 etiam?
2286 3638 2313 3676 a
2336 3638 2571 3691 quonam
2599 3625 2874 3678 avertebat
2908 3627 3422 3681 exterminatorem?

1850 3714 2110 3783 quibusve
2148 3715 2282 3767 dixit
2314 3715 2401 3768 ille
2440 3714 2580 3769 Deus
2620 3715 2995 3769 universorum
3028 3735 3041 3770 :
3084 3736 3101 3767 ι
3133 3717 3195 3771 Ει
3226 3720 3420 3772 videbo

1851 3808 2187 3877 sanguinem,
2218 3816 2271 3860 et
2303 3814 2577 3875 protegam
2610 3821 2706 3860 vos
2732 3807 2814 3858 "?
2849 3826 2866 3857 ι
2902 3807 3037 3861 Num
3070 3810 3152 3861 his
3180 3811 3265 3877 qui
3298 3826 3421 3877 pro-

1854 3902 2084 3954 tectione
2132 3899 2461 3967 indigebant,
2511 3914 2576 3951 an
2624 3899 2722 3967 ipsi
2771 3900 2933 3952 etiam
2986 3901 3165 3967 agno?
3202 3901 3417 3955 Hostias

1849 3992 1989 4044 enim
2029 4005 2122 4059 pro
2150 4001 2369 4058 peccato
2400 3989 2775 4054 immolandas,
2809 3990 2862 4043 in
2906 3991 3019 4060 lege
3066 4001 3317 4060 tanquam
3364 3996 3413 4046 in

1852 4084 2027 4137 tabula
2058 4081 2371 4152 designabat
2401 4080 2537 4134 Deus
2570 4097 2630 4135 ac
2660 4081 2840 4144 Pater,
2879 4084 3054 4136 adhuc
3087 4085 3415 4138 adumlirans

1849 4174 2049 4229 Christi
2086 4173 2438 4243 mysterium;
2478 4173 2611 4225 dixit
2651 4182 2827 4226 autem
2881 4174 2957 4227 sic
2993 4175 3058 4228 ad
3106 4174 3285 4229 Mosen
3331 4192 3419 4228 sa-

1849 4280 2061 4317 crorum
2094 4265 2438 4333 interpretem
2474 4278 2487 4290 ·
2527 4282 2543 4313 ι
2582 4264 2636 4317 Si
2675 4278 2801 4317 vero
2834 4268 3082 4319 universa
3120 4278 3419 4337 coiigrega-

1851 4356 1925 4409 tio
1956 4354 2180 4408 filiorum
2212 4354 2375 4408 Israel
2414 4357 2739 4424 ignoraverit
2770 4371 2871 4409 non
2902 4366 3090 4425 sponte
3111 4397 3128 4423 ,
3159 4370 3210 4410 et
3245 4359 3419 4412 latue-

1849 4448 1919 4499 rit
1971 4446 2192 4499 verbum
2235 4447 2417 4500 oculos
2453 4446 2765 4516 Synagogae,
2800 4457 2853 4501 et
2884 4448 3110 4501 fecerint
3153 4464 3314 4501 unum
3352 4451 3419 4503 ah

170 4495 331 4562 αὐέοῦ
377 4511 610 4584 σκέπης,
658 4516 825 4585 ἤγουν
850 4520 943 4572 καὶ
971 4522 1118 4593 αύτῷ
1151 4525 1228 4596 τῷ
1482 4495 1741 4590 Διέτύπου

1982 4495 2191 4499 .--η-η
2241 4495 2415 4500 --_---
2454 4495 2765 4516 η---υ,,,--,
2804 4495 2853 4501 --
2884 4495 3109 4501 ---------
3353 4495 3417 4503 _..

1851 4538 2098 4590 omnibus
2144 4538 2407 4590 mandatis
2456 4537 2667 4589 Domini
2712 4538 2851 4605 quod
2897 4552 2999 4589 non
3032 4536 3152 4600 ﬁet,
3195 4550 3249 4592 et
3289 4540 3419 4591 deli-

173 4601 407 4693 μὲνγὰρ
436 4603 538 4666 τάς
572 4606 710 4678 ὑπὲρ
757 4614 865 4664 τῶν
904 4614 1190 4687 ἁμαρτιῶν
1236 4622 1501 4677 ποιεῖσθαι
1532 4625 1740 4693 θυσίας,

171 4691 418 4764 καθάπερ
468 4696 527 4746 ἐν
569 4696 758 4751 πίνακι
803 4701 880 4771 τῷ
931 4704 1100 4775 νόμῳ,
1149 4712 1502 4781 σκιαγραφῶν
1558 4714 1635 4767 ἐτι
1682 4691 1744 4768 τδ

169 4779 404 4875 Χριστοῦ
446 4788 745 4857 μυστήριον
773 4794 800 4844 6
831 4793 962 4856 Θεὸς
989 4797 1082 4848 καὶ
1118 4779 1340 4873 Πατήρλ
1382 4804 1483 4875 ἐφη
1519 4806 1573 4860 δὲ
1604 4807 1742 4861 οὕτω

171 4872 300 4942 πρὸς
336 4874 430 4927 τὸν
483 4878 806 4952 ἱεροφάντην
848 4885 1084 4938 Μωσέα·
1125 4908 1141 4938 ι
1196 4872 1321 4944 Ἐἀν
1356 4872 1591 4951 δέπᾶσα
1620 4917 1743 4952 συν-

171 4965 357 5037 αγωγὴ
396 4968 533 5021 υίῶν
584 4972 797 5043 Ἰσραὴλ
846 4976 1088 5051 ἀγνοήσῃ
1133 4982 1438 5051 ἀκουσίως,
1482 4990 1572 5041 καὶ
1605 4990 1739 5063 λάθῃ

172 5060 320 5155 ῥῆμα
356 5063 418 5155 ἐξ
451 5064 749 5135 ὀφθαλμῶν
792 5070 889 5139 τῆς
935 5073 1294 5146 Συναγωγῆς,
1332 5082 1422 5133 καὶ
1471 5060 1740 5155 ποιήσωσι

175 5151 295 5219 μίαν
325 5154 436 5205 ἀπὸ
470 5156 659 5209 πασῶν
684 5158 791 5209 τῶν
820 5161 1049 5216 ἐντολῶν
1084 5168 1178 5219 τοῦ
1210 5170 1433 5241 Κυρίου,
1469 5174 1500 5243 ἢ
1539 5151 1647 5245 [τὰ.

172 5244 227 5294 οὐ
276 5245 659 5315 ποιηθῂσεται,
729 5252 823 5303 καὶ
874 5253 1326 5325 πλημμελήσωσι,
1383 5263 1475 5315 καὶ
1526 5244 1738 5338 γνωσθῇ

172 5332 347 5394 αὐτοῖς
379 5335 412 5403 ἡ
436 5334 713 5426 ἀμαρτία,
744 5337 809 5407 ἢν
842 5340 1084 5411 ἦμαρ-ιον
1106 5345 1241 5415 αὐτῇ
1266 5362 1278 5375 °
1311 5350 1403 5402 καὶ
1428 5332 1737 5426 προσάξειῆ

176 5425 463 5495 συναγωγὴ
492 5426 692 5495 μόσχον
722 5429 783 5481 ἐκ
812 5429 949 5498 βοῶν
979 5435 1207 5503 ἄμωμον
1238 5442 1365 5510 περὶ
1387 5443 1679 5512 ἁμαρτίας.

174 5515 299 5567 Τίνα
348 5516 406 5567 δὲ
457 5519 658 5585 τρόπον
705 5520 773 5571 τὰ
816 5518 925 5591 τῆς¹
964 5523 1152 5587 θυσίας
1197 5528 1556 5587 ἐπιτελεῖσθαι
1612 5539 1737 5608 χρὴ,

1847 4629 2082 4696 querint,
2114 4636 2165 4680 et
2200 4637 2381 4680 notum
2416 4627 2613 4679 factum
2648 4626 2805 4680 fuerit
2839 4628 2942 4681 illis
2966 4639 3243 4696 peccatum
3277 4638 3417 4697 quod

1847 4728 2230 4785 peccaverunt;
2287 4728 2340 4772 ct
2395 4717 2622 4771 adducet
2689 4719 3035 4786 congregatio
3078 4719 3299 4772 vitulum
3354 4738 3418 4774 cx

1846 4809 2019 4862 bobus
2092 4808 2495 4861 immaculatum
2551 4823 2651 4876 pro
2683 4818 2905 4877 peccato
2942 4808 3009 4863 ³⁰.
3050 4828 3067 4859 ι
3111 4810 3215 4863 Sed
3271 4822 3418 4879 pOsl—

1845 4916 2069 4969 eaquant
2123 4903 2369 4968 exposuit
2415 4916 2645 4969 quonam
2700 4902 2857 4954 modo
2905 4902 3079 4955 hostia
3134 4903 3204 4955 sit
3284 4920 3415 4955 con-

1851 4992 2189 5055 summanda,
2248 4994 2521 5061 subjungit
2582 5000 2634 5045 et
2683 4994 2793 5045 ait:
2862 5010 2881 5041 ‹
2920 4991 2984 5044 Ει
3039 4994 3418 5061 propitiabitur

1846 5084 1952 5154 95
2012 5100 2107 5153 pro
2162 5084 2291 5152 ipsis
2336 5086 2613 5147 sacerdos,
2649 5095 2702 5137 et
2756 5085 3061 5137 remittetur
3098 5086 3176 5138 eis
3228 5101 3384 5152 pecca

1852 5186 1959 5230 tum
1990 5177 2053 5229 ³¹.
2099 5194 2115 5227 i
2153 5174 2271 5229 Jam
2319 5190 2447 5243 ergo
2472 5178 2782 5229 consideres
2825 5175 3021 5242 velim,
3066 5176 3243 5229 afferri
3294 5178 3414 5245 qui-

1851 5270 1968 5322 dem
2014 5269 2237 5321 vitulum
2278 5268 2329 5320 in
2372 5278 2496 5335 typo
2533 5266 2734 5321 Christi
2774 5267 2913 5321 illius
2957 5268 3325 5329 mundissimi,
3364 5277 3417 5321 et

1850 5360 2111 5414 maculam
2146 5361 2342 5413 nullam
2370 5362 2640 5425 habentis,
2673 5363 2764 5413 sed
2806 5360 3093 5415 afferentes
3124 5376 3150 5412 a
3176 5361 3285 5413 suis
3308 5362 3416 5414 cri-

1852 5450 2085 5503 tninibus
2118 5449 2367 5513 liberari,
2414 5467 2517 5505 non
2555 5451 2776 5503 vitulum
2821 5466 3057 5519 prorsus.
3103 5450 3413 5503 immolatus

1851 5557 2083 5609 namque
2111 5552 2193 5596 est
2225 5558 2326 5597 non
2370 5558 2464 5612 pro
2504 5558 2584 5605 se,
2618 5553 2675 5596 ut
2711 5553 2764 5596 tu
2799 5543 2953 5606 dicis,
2990 5543 3081 5597 sed
3130 5558 3225 5609 pro
3265 5542 3413 5595 infir-

242 5713 848 5805 as.ilei,r;‘vil,‘125;:2‘8,
928 5719 973 5749 ’⁸
1015 5718 1208 5785 Ephcs.
1245 5738 1295 5791 ν,
1326 5726 1379 5779 2.
1423 5729 1465 5760 ²⁷
1510 5729 1671 5787 llclir.
1704 5749 1747 5799 tt,

1918 5736 1962 5767 ²³
2003 5734 2157 5791 anttt.
2202 5754 2250 5804 ν,
2302 5738 2388 5792 46.
2466 5738 2509 5769 ’³
2547 5736 2718 5794 Exod.
2756 5753 2856 5804 xu,
2888 5737 2969 5792 15.
3050 5737 3093 5768 ³ο
3138 5737 3406 5805 LC\‘it.lV,

178 5783 373 5845 13,tt.
471 5781 518 5811 ³⁸
568 5783 698 5835 ibid.
730 5786 820 5836 ao.
