4072 6346
602 409 703 462 167

1601 407 1659 461 S.
1703 404 1982 462 CYRILLI
2022 399 2492 460 ALEXANDRINI
2531 398 2849 458 ARCHIEP.

3764 393 3866 447 168

604 527 727 591 mis,
755 537 854 595 pro
896 521 1093 591 quibus
1134 520 1325 591 legalis
1369 521 1458 577 ille
1508 521 1749 594 pontifex
1802 521 2031 576 faciebat
2069 535 2190 591 pre-

2308 518 2517 575 ῖιειπὼν
2567 513 2628 572 εὖ
2683 517 2864 588 μάλα,
2913 514 3290 588 προσεπάγει,
3337 511 3431 567 και
3478 525 3641 580 φησιο
3698 527 3715 559 ι
3757 507 3870 563 Καὶ

602 630 736 672 ces:
789 624 845 671 ut
876 629 1066 669 rursus
1107 614 1507 668 animadvertas
1538 614 1860 672 advocatum
1899 613 2044 666 illum
2089 626 2185 681 pro

603 707 762 762 nobis
787 705 987 760 factum
1013 706 1079 770 ³³,
1115 705 1571 778 innocentemque
1617 715 1672 759 et
1713 715 1965 761 sanctum
2010 703 2188 772 ponti-

603 799 796 859 lil'ell‘l,
837 806 1176 864 segregatum
1231 811 1260 850 a
1312 795 1686 864 peccatoribus
1734 794 1800 851 ³³.
1847 793 2014 866 Igitur
2062 807 2186 848 cum

601 903 785 942 seruio
814 886 1114 941 adversarii
1166 889 1400 956 undique
1446 886 1784 942 absurditate
1821 885 2048 949 laboret,
2092 897 2189 939 nos

604 979 918 1046 pontificem
942 990 997 1034 et
1035 979 1338 1048 apostolum
1367 977 1727 1034 confessionis
1755 989 1953 1033 nostra:
1985 976 2188 1030 factum

605 1087 726 1128 esse
756 1071 988 1124 dicimus
1018 1070 1197 1139 ipsum
1232 1085 1298 1123 ex
1345 1071 1453 1124 Deo
1501 1069 1661 1123 Patre
1697 1068 1930 1124 Verbum
1959 1067 2025 1131 “,
2061 1083 2187 1122 cum

607 1162 784 1217 factus
823 1163 1006 1224 homo,
1044 1177 1104 1216 se
1128 1163 1194 1216 ad
1227 1163 1654 1216 exiilallitionem
1692 1160 1889 1231 dejecit
1917 1159 1984 1222 ⁸⁵,
2013 1167 2066 1214 et
2096 1174 2191 1213 lio-

608 1264 718 1312 stra
752 1255 1068 1324 assumpsit,
1104 1264 1162 1308 ut
1189 1255 1426 1324 seipsum
1462 1256 1623 1309 etiam
1656 1270 1753 1324 pro
1784 1252 2036 1308 omnibus
2069 1251 2192 1305 olle-

606 1363 732 1403 rens
761 1346 910 1402 Patri
950 1349 1002 1402 ili
1043 1348 1268 1403 odorem
1318 1349 1605 1404 suavitatis
1635 1348 1703 1414 ⁸⁸,
1754 1347 2059 1416 acquireret
2102 1360 2194 1397 ora

607 1440 730 1494 belli
784 1451 1072 1506 terrarum,
1127 1441 1395 1498 eximeret
1431 1442 1710 1498 veteribus
1765 1440 1960 1510 culpis,
2021 1437 2192 1509 gratia

603 1532 934 1600 jilstiiiraret
967 1550 1062 1603 per
1096 1534 1255 1589 fidem
1288 1536 1357 1595 ³⁷,
1400 1536 1591 1589 mortis
1630 1545 1792 1603 atque
1830 1531 2194 1602 corruptionis

611 1625 848 1681 victores
875 1626 1136 1688 eﬂiceret,
1178 1644 1366 1683 sacros
1405 1631 1567 1683 etiam
1605 1637 1769 1696 atque
1805 1625 2190 1688 sanctificatos,

611 1728 666 1770 et
697 1718 749 1771 ill
781 1720 926 1771 omni
964 1720 1182 1774 virtutis
1221 1737 1416 1790 genere
1448 1720 1717 1790 perfectos
1753 1720 2019 1781 redderet,
2046 1717 2193 1770 illum

612 1809 770 1864 Salva
784 1820 952 1863 iorem
985 1827 1047 1864 ac
1080 1810 1501 1880 Redeinpiorem
1535 1814 1876 1872 confitentes,
1905 1824 2001 1880 per
2031 1823 2192 1876 quem

2288 611 2599 676 ὲξιλάσεται
2626 610 2755 681 περὶ
2791 608 2971 663 αὐτῶν
3000 611 3028 661 6
3057 598 3255 679 ίερεὺς,
3285 605 3380 659 καὶ
3404 602 3741 673 ἀφεθήσεται
3773 603 3869 653 αὺ-

2288 704 2400 766 τοῖς
2438 704 2472 772 ἡ
2503 701 2766 773 ἁμαρτία.
2805 720 2822 753 ι
2858 699 3049 769 Ἀθρει
3077 697 3142 768 δὴ
3167 693 3284 759 οῦν,
3311 696 3394 750 ὅτι
3432 691 3872 765 προσεκομίζετο

2292 793 2393 869 μὲν
2431 795 2459 846 6
2514 794 2714 863 μόσχος
2748 793 2806 845 ὲν
2836 791 2994 859 τύπῳ
3023 788 3258 862 Χριστοῦ
3304 785 3396 840 τοῦ
3437 783 3742 853 πανάγνου,
3774 782 3873 835 καὶ

2293 886 2485 956 μῶμον
2522 884 2616 938 τοῦ
2655 883 2765 955 (23)
2821 881 2898 953 μὴ
2944 880 3159 952 ἔχοντος
3177 896 3192 913 ο
3227 877 3633 949 ἀπηλλάττοντο
3664 873 3723 925 δὲ
3761 871 3872 925 τῶν

2294 973 2441 1028 ιδίων
2487 972 2826 1042 αἱτιαμάτων
2856 973 2904 1024 οἱ
2935 967 3431 1043 προσκομίζοντες,
3471 966 3565 1019 καὶΙ
3610 963 3726 1016 οῦτι
3768 978 3872 1014 που

2295 1067 2441 1137 μάλα
2485 1067 2513 1118 6
2561 1065 2780 1136 μόσχος.
2811 1063 3045 1117 Τέθυται
3075 1061 3183 1131 γὰρ
3230 1061 3330 1126 οὐχ
3372 1060 3513 1128 ὑπέρ
3556 1074 3620 1124 γε
3669 1054 3873 1125 μᾶλλον

2292 1158 2510 1223 ἑαυτοῦ,
2527 1159 2668 1212 καθά
2699 1158 2763 1210 σὺ
2792 1157 2917 1227 φὴς,
2933 1156 3047 1210 ἀλλῖ
3073 1154 3212 1224 ὑπέρ
3239 1170 3302 1222 γε
3324 1151 3436 1205 τῶν
3464 1147 3871 1222 ἡσθενηκότων,

2292 1255 2432 1324 ὑπὲρ
2455 1247 2529 1307 ὧν
2557 1254 2791 1306 ἐποιεῖτο
2814 1252 2912 1316 τάς
2931 1249 3084 1312 λιτὰς
3115 1249 3142 1300 6
3172 1247 3312 1301 κατὰ
3340 1244 3540 1314 νόμους
3555 1241 3870 1313 ἀρχιερεύς.

2295 1349 2383 1402 ἵνα
2437 1346 2599 1401 πάλιν
2641 1347 2829 1415 έννοῇς
2870 1345 2961 1398 τὸν
3009 1341 3150 1412 ὑπὲρ
3183 1340 3342 1415 ἡμῶν
3385 1335 3653 1406 γεγονότα
3697 1333 3878 1404 παρά-

2295 1440 2514 1509 κλητον,
2532 1438 2764 1508 ἀμωμόν
2785 1453 2845 1488 τε
2869 1436 2965 1489 καὶ
2991 1436 3136 1487 ὅσιον
3165 1431 3447 1506 ἀρχιερέα,
3469 1426 3878 1500 κεχωρισμένον

2295 1533 2405 1587 τῶν
2434 1530 2800 1603 ἁμαρτωλῶν.
2831 1527 3176 1599 Πανταχόθεν
3209 1521 3499 1594 τοιγαροῦν
3524 1521 3880 1593 ὴρρωστηκό-

2295 1641 2387 1688 τος
2423 1623 2518 1676 τοῦ
2544 1623 2703 1690 λόγου
2747 1620 2808 1673 τὸ
2845 1618 3081 1682 ἀκαλλὲς
3113 1617 3191 1689 τῷ
3221 1616 3288 1669 δι’
3313 1613 3583 1677 ἐναντίας,
3615 1609 3880 1681 ἀρχιερέα

2298 1712 2394 1766 καὶ
2443 1710 2742 1764 ἀπόστολον
2772 1708 2872 1778 τῆς
2902 1706 3191 1777 ὁμολογίας
3218 1702 3376 1774 ήμῶν
3417 1699 3668 1769 γενέσθαι
3699 1697 3882 1767 φαμὲν

2299 1802 2464 1856 αὑτὸν
2508 1802 2599 1855 τὸν
2645 1802 2709 1853 ὲκ
2737 1799 2873 1852 Θεοῦ
2915 1797 3131 1867 Πατρὸς
3176 1795 3371 1863 Λόγον,
3402 1793 3491 1846 ὅτε
3521 1792 3748 1860 γέγονεν
3788 1787 3885 1841 ἀν-

611 1911 668 1956 et
693 1916 815 1954 cuin
840 1917 947 1969 quo
989 1903 1096 1958 Deo
1122 1914 1176 1959 et
1207 1904 1354 1960 Patri
1396 1906 1568 1977 gloria
1596 1920 1721 1958 cum
1755 1915 1944 1960 sancto
1985 1902 2190 1972 Spiritu

2308 1895 2538 1966 Βρωπος,
2571 1893 2760 1954 καθεὶς
2791 1889 2982 1944 ἑαυτὸν
3013 1890 3094 1950 εἰς
3123 1888 3380 1948 κένωσιν,
3403 1885 3496 1938 καὶ
3527 1883 3586 1934 ὲν
3616 1883 3729 1943 τοῖς
3760 1878 3882 1933 καθ’

613 1991 668 2046 ill
688 1991 902 2048 saecula.
951 1996 1144 2053 Amen.

2300 1990 2469 2058 ἡμᾶς,
2500 1987 2587 2039 ἵνα
2613 1986 2705 2038 καὶ
2731 1984 2870 2054 ὑπὲρ
2897 1981 3115 2036 πάντων
3137 1979 3213 2043 εἰς
3239 1975 3415 2049 ὀσμὴν
3435 1974 3660 2038 εὐωδίας
3688 1971 3883 2026 ἑαυτὸν

612 2089 832 2155 ἀναθεὶς
860 2092 936 2163 τῷ
970 2093 1177 2162 Πατρὶ,
1211 2091 1630 2161 κατακτήσηται
1676 2066 1777 2160 τὴν
1821 2089 1914 2140 ὑπ’
1965 2084 2217 2157 οὐρανὸν,
2261 2083 2514 2153 ἐξέληται
2552 2082 2663 2133 τῶν
2695 2078 2940 2150 ἀρχαίων
3002 2075 3366 2146 αὴιαμάτων,
3395 2069 3660 2138 δικαιώσῃ
3787 2064 3887 2163 χά-

618 2198 725 2248 ριτι
771 2186 862 2238 διὰ
909 2156 1175 2248 πίστεώς,
1232 2156 1467 2238 Θανάτου
1520 2156 1617 2237 καὶ
1671 2156 1878 2254 φϐορᾶς
1934 2156 2190 2251 ἀποφήνῃ
2267 2174 2581 2246 κρείττονας
2611 2213 2626 2235 ν
2679 2171 2856 2242 ἱερούς
2902 2164 2962 2223 τέ
3015 2169 3112 2224 καὶ
3157 2164 3548 2254 ἡγιασμένοιξςν
3625 2159 3720 2212 καὶ

615 2241 755 2339 εἶδος
799 2278 1000 2347 ἀρετῆς
1048 2273 1108 2330 εὖ
1134 2241 1289 2347 μάλα
1324 2241 1791 2347 κατωρθωκόταςί
1836 2241 2069 2344 έωτῆρα
2109 2241 2236 2325 ’καὶ
2307 2241 2615 2338 λυτρωτὴν
2661 2241 3056 2335 ὁμολογοῦντας
3089 2260 3287 2313 αὐτόν·
3328 2257 3396 2312 δι’
3438 2250 3501 2309 οῦ
3544 2254 3640 2308 καὶ
3671 2252 3792 2324 μεθ’
3824 2241 3885 2302 οῦ

613 2370 694 2438 τῷ
729 2368 848 2439 Θεῷ
880 2370 974 2422 καὶ
1011 2370 1181 2440 [ιατρὶ
1217 2370 1250 2439 ὴ
1279 2369 1426 2435 δόξα,
1478 2371 1576 2422 σὺν
1612 2368 1753 2438 ἁγίῳ
1801 2365 2079 2437 Πνεύματι
2118 2366 2202 2428 εἰς,
2234 2364 2361 2425 τοὺς
2389 2360 2610 2422 αἰῶνας.
2657 2358 2849 2428 Ἀμήν.

864 2520 1266 2612 TOMUS
1350 2519 1938 2624 QUARTUS.

2564 2498 2949 2587 ΤΟΜΟΣ
3022 2492 3617 2582 ΤΕΤΑΡΤΟΣ.

687 2695 882 2749 Beatus
912 2692 1110 2750 Paulus
1152 2707 1273 2746 cum
1304 2691 1442 2762 legis
1473 2688 1720 2745 umbram
1771 2689 1912 2744 haud
1952 2689 2196 2744 inutilem

2385 2683 2446 2736 ὐ
2477 2679 2762 2741 θεσπέσιος
2809 2675 3044 2738 Παῦλος,
3096 2674 3197 2726 οὑκ
3226 2669 3491 2739 ἀσυντελῆ
3533 2668 3666 2737 πρὸς
3697 2667 3886 2736 ὄνησιν

620 2786 932 2842 hominibus
966 2786 1052 2850 pie
1079 2784 1263 2837 vivere
1306 2761 1719 2841 instituentibus
1764 2783 2110 2845 ostenderet,
2143 2785 2200 2834 et

2308 2779 2414 2841 τοῖς
2457 2774 2702 2828 εὐσεϐεῖν
2730 2770 3049 2842 ᾑρημένοις,
3093 2767 3190 2838 τὴν
3226 2763 3282 2818 έν
3315 2780 3379 2832 γε
3422 2761 3499 2833 τῷ
3544 2761 3695 2830 νόμῳ
3727 2761 3885 2812 σκιάν

616 2895 679 2936 ea
711 2895 830 2948 quae
878 2877 1006 2932 olim
1056 2876 1248 2946 priscis
1291 2876 1600 2931 hominibus
1645 2877 2018 2945 contigissent,
2055 2874 2200 2927 velut

2308 2868 2648 2937 ἀποφαίνων,
2701 2865 2794 2916 καὶ
2843 2861 2950 2931 μὴν
3004 2859 3097 2911 καὶ
3140 2857 3209 2910 τὰ
3256 2855 3428 2908 πάλαι
3474 2855 3586 2916 τοῖς
3635 2851 3886 2922 ἀρχαίοις

622 2970 858 3026 tabulam
899 2967 1189 3039 quamdam
1230 2977 1284 3022 et
1333 2983 1511 3022 rerum
1550 2969 1822 3021 veriorum
1878 2967 2199 3034 descriptio-

2309 2957 2714 3027 συμϐεϐηκότα,
2743 2953 2995 3022 καθάπερ
3020 2951 3140 3002 τινὰ
3183 2948 3388 3000 πίνακα
3411 2947 3503 2998 καὶ
3531 2943 3746 3015 γραφὴν
3777 2941 3887 2994 τῶν

621 3077 743 3118 nem
816 3062 1059 3117 omnium
1127 3059 1324 3113 animis
1395 3059 1739 3128 apertissime
1813 3068 2196 3128 proponeret:

2308 3052 2566 3121 ἀληῦεστέ
2578 3068 2684 3120 ρων
2716 3050 2835 3108 ταῖς
2868 3045 3122 3097 ἀπάντων
3147 3041 3407 3102 διανοίαις
3449 3034 3506 3090 εὖ
3535 3036 3679 3107 μάλα
3707 3052 3889 3104 παρα-

626 3174 646 3206 (
687 3154 832 3220 Haec,
877 3153 1071 3221 inquit,
1099 3151 1280 3206 omnia
1320 3152 1371 3206 in
1421 3154 1590 3222 figura
1637 3151 2029 3219 contingebant
2072 3150 2198 3214 illis,

622 3248 822 3317 scripta
871 3253 997 3299 sunt
1038 3255 1216 3296 autem
1271 3243 1338 3296 ad
1391 3242 1785 3311 correptiouem
1837 3250 2098 3305 nostrain,
2147 3240 2200 3292 in

622 3355 758 3410 quos
796 3340 928 3391 lines
971 3335 1290 3389 saeculorum
1334 3336 1668 3387 devenerunt
1696 3332 1760 3384 ³⁸.
1800 3351 1817 3382 l
1859 3333 1971 3398 Age
2016 3331 2198 3400 igitur,

623 3449 688 3487 ex
725 3430 980 3500 legalibus
1021 3426 1239 3482 Litteris
1269 3427 1554 3492 ilesulllpto
1593 3425 1709 3477 loco
1751 3422 2028 3487 dicamus,
2062 3422 2202 3476 lilios

623 3523 788 3578 Israel
810 3519 938 3575 olim
970 3534 1032 3572 ex
1066 3515 1443 3587 {Egyptiorum
1480 3514 1638 3570 terris
1685 3513 2009 3568 exceilentes
2032 3552 2046 3574 ,
2080 3526 2200 3564 cum

627 3616 678 3668 ill
721 3624 916 3667 terrain
954 3607 1330 3678 promissionis
1373 3614 1759 3678 properarent,
1801 3603 1854 3656 in
1890 3616 2074 3655 eremo
2124 3601 2203 3654 ili-

624 3713 872 3760 versatos
907 3702 1113 3756 fuisse:
1145 3713 1381 3768 cumque
1427 3708 1701 3768 gestorum
1739 3698 1789 3750 ill
1837 3695 2067 3766 Egypto
2106 3695 2206 3748 illi-

626 3796 932 3850 raculorunl
965 3793 1209 3846 infelices
1232 3790 1408 3856 obliti,
1440 3800 1495 3843 et
1532 3791 1793 3843 memoria
1829 3787 2115 3842 cllaritatis
2151 3787 2202 3839 ill

629 3887 795 3941 Deum
843 3884 1049 3953 alljecta
1091 3883 1255 3952 impie
1287 3891 1711 3944 nlurmurarent,
1757 3895 1786 3932 a
1836 3880 2217 3948 scrpelltibns,,

628 3987 688 4031 ut
721 3979 978 4045 scriptum
1017 3983 1122 4038 cst,
1163 3975 1439 4043 perierunt
1467 3972 1531 4024 ³⁸.
1571 3970 1677 4026 Sed
1723 3986 1935 4025 morsus
1968 3982 2206 4025 venena-

631 4079 803 4123 tarum
830 4066 1063 4120 ferarum
1089 4062 1438 4132 effugiebant,
1473 4075 1595 4114 cum
1632 4061 1721 4114 Dei
1748 4061 1988 4114 omnium
2019 4059 2205 4112 Salvu-

631 4160 764 4212 toris
789 4157 1010 4211 oraculo
1058 4157 1294 4209 mollitus
1327 4153 1499 4210 Moses
1523 4159 1828 4221 serpentem
1862 4149 1966 4204 illis
1995 4164 2207 4205 aeneum

630 4250 823 4304 erexit.
848 4246 1000 4317 96(
1034 4244 1142 4298 Fac.
1171 4245 1288 4308 tibi.
1345 4244 1545 4312 inquit,
1604 4253 1936 4312 serpentem,
1982 4253 2035 4297 ct
2068 4256 2209 4311 pone

632 4341 777 4395 illiilli
828 4340 879 4392 ill
924 4338 1182 4406 signum:
1233 4345 1288 4392 et
1337 4337 1463 4398 erit,
1503 4335 1547 4387 si
1605 4334 1958 4387 momorderit
1985 4346 2210 4400 serpens

2310 3120 2511 3202 τιθεῖς’
2577 3156 2594 3187 ι
2621 3134 2804 3188 Ταῦτα
2849 3133 2906 3184 δὲ
2947 3130 3078 3201 [ἵσ.
3123 3129 3340 3189 λείπει,
3389 3122 3586 3194 φησὶ,]
3642 3120 3892 3180 τυπικῶς

2313 3230 2628 3286 συνέϐαινεν
2697 3224 2958 3286 ἐκείνοις·
3007 3219 3228 3291 ἐγράφη
3291 3216 3345 3269 δὲ
3408 3215 3543 3285 πρὸς
3605 3212 3890 3266 νουθεσίαν

2310 3325 2488 3396 ἡμῶν,
2529 3323 2608 3383 εἱς
2655 3318 2748 3381 οὓς
2790 3317 2859 3369 τὰ
2903 3313 3030 3384 τέλη
3080 3312 3188 3366 τῶν
3234 3309 3445 3364 αἰώνων
3499 3310 3834 3378 κατήντηκε.
3869 3323 3886 3356 l

2308 3416 2444 3484 Φέρε
2472 3411 2536 3482 δὴ
2568 3406 2660 3462 οὖν
2701 3409 2765 3460 ὲκ
2805 3403 3046 3476 νομικῶν
3073 3401 3424 3472 Γραμμάτων
3452 3398 3684 3461 ἑλόντες,
3717 3395 3891 3464 λέγω·

2313 3505 2524 3575 μεν,ώς
2550 3499 2937 3570 κατηυλίζοντο
2968 3497 3065 3567 μὲν
3089 3496 3281 3565 ἐρήμῳ
3304 3493 3434 3546 ποτὲ
3456 3490 3556 3559 τῆς
3574 3490 3893 3557 Αἰγυπτίων

2313 3598 2646 3666 ἀπαίροντες
2675 3596 2723 3646 οἱ
2751 3591 2810 3656 ἐξ
2847 3587 3088 3661 Ἰσραὴλ,
3135 3587 3229 3639 καὶ
3259 3588 3339 3648 εἰς
3383 3583 3482 3653 τὴν
3511 3583 3612 3653 τῆς
3654 3585 3896 3650 ὲπαγγε-

2312 3691 2430 3751 λίας
2467 3685 2878 3745 διασπεύδοντες
2915 3681 3047 3752 γῆν·
3080 3677 3266 3748 ἐπειδὴ
3297 3677 3354 3730 δὲ
3384 3675 3493 3728 τῶν
3528 3678 3586 3728 ὲν
3630 3673 3895 3743 Αἰγύπτῳ

2316 3784 2608 3854 Θαυμάτων
2642 3775 3083 3848 ἀμνημονοῦντες
3131 3772 3180 3824 οῑ
3225 3770 3490 3832 τάλανες,
3540 3769 3635 3821 καὶ
3676 3767 3776 3836 τῆς
3816 3768 3896 3828 εἰς

2315 3877 2449 3930 Θεὸν
2486 3877 2707 3941 ἀγάπης
2735 3866 3246 3938 ἀμνημονήσαντες,
3265 3858 3614 3927 διεγόγγυζον
3640 3859 3892 3918 ἀνοσιως,

2317 3970 2422 4022 ὑπὸ
2449 3967 2559 4020 τῶν
2592 3965 2768 4033 ὄφεων
2803 3957 3119 4013 ἀπώλλυντο
3147 3997 3160 4020 ,
3197 3951 3340 4007 κατὰ
3388 3952 3449 4004 τὸ
3486 3952 3894 4021 γεγραμμένον.

2317 4059 2553 4126 Διέδρων
2583 4073 2646 4123 γε
2678 4053 2784 4125 μὴν
2818 4051 2886 4103 τά
2929 4050 3036 4102 τῶν
3073 4047 3292 4102 ἰοϐόλων
3321 4045 3612 4115 δήγματα,
3647 4042 3739 4094 τὸν
3771 4041 3897 4109 ὅφιν

2318 4151 2498 4211 αὐτοῖς
2543 4147 2635 4200 τὸν
2687 4141 2921 4214 χαλκοῦν
2962 4136 3444 4206 ἀναστηλώσαντος
3493 4134 3587 4188 τοῦ
3628 4133 3897 4196 Μωσέως,

2315 4243 2410 4296 τοῦ
2437 4243 2654 4294 πάντων
2676 4239 2930 4306 Σωτῆρος
2951 4231 3087 4285 Θεοῦ
3109 4229 3662 4301 κεχρησμῳδηκότος·
3690 4246 3707 4279 ι
3732 4227 3900 4296 Ποίη-

2321 4352 2412 4388 σον
2442 4329 2625 4401 σαυτῷ
2650 4330 2794 4398 δφιν,
2818 4328 2912 4380 καὶ
2934 4325 3024 4388 Θὲς
3055 4322 3218 4377 αὑτὸν
3247 4321 3339 4374 ἐπὶ
3367 4319 3722 4391 σημεῖον·κα“ι
3743 4319 3899 4370 ἔσται

634 4431 930 4493 liulnilleill,
969 4429 1218 4496 quisquis
1247 4442 1459 4482 morsus
1493 4427 1675 4486 fuerit,
1714 4424 1902 4478 videtis
1941 4424 2090 4478 illum
2131 4425 2202 4476 vi-

2316 4427 2410 4479 ὲάν
2437 4424 2578 4493 δάκῃ
2602 4423 2725 4491 ὄφις
2755 4419 3065 4490 ἄνθρωπον,
3099 4416 3205 4478 πᾶς
3240 4416 3267 4467 6
3296 4411 3624 4483 δεδηγμένος
3656 4411 3780 4464 ἰδὼν
3803 4411 3901 4462 αὑ-

633 4520 806 4574 vet".
843 4538 862 4569 ι
897 4516 1020 4572 llaec
1071 4533 1199 4588 ergo
1245 4516 1414 4586 ﬁgura
1466 4516 1783 4586 mysterium
1831 4514 2032 4568 Christi
2069 4521 2208 4570 erat.

631 4613 764 4664 Cum
797 4609 941 4663 ellilll
982 4611 1121 4662 Deus
1169 4618 1318 4662 esset
1347 4607 1680 4676 unigenitum
1726 4604 1816 4657 Dei
1860 4605 2125 4669 Verbum,
2159 4615 2213 4658 et

632 4714 726 4764 per
767 4710 1016 4750 naturam
1050 4698 1249 4750 bonum
1303 4712 1367 4749 ex
1405 4698 1545 4748 bono
1590 4695 1786 4758 Patre,
1821 4695 2090 4763 particeps
2135 4694 2214 4746 fa-

632 4801 777 4840 ctum
827 4799 910 4843 est
957 4788 1240 4855 Sanguinis
1268 4797 1323 4842 et
1373 4791 1575 4850 carnis,
1614 4789 1715 4844 lioc
1753 4799 1852 4848 est,
1896 4789 2095 4842 factum
2135 4797 2216 4842 est

637 4883 817 4946 llomo,
851 4893 905 4935 et
939 4882 1094 4935 nobis
1122 4882 1214 4950 qui
1246 4882 1370 4937 mali
1403 4898 1648 4946 eramus,
1681 4880 1856 4936 affluis
1883 4923 1898 4947 ,
1947 4894 2215 4952 quatenus

635 4984 783 5026 certe
822 4976 982 5027 homo
1020 4973 1191 5027 nostri
1223 4973 1419 5027 similis
1455 4972 1556 5027 fuit
1587 4991 1601 5027 :
1647 4975 1878 5041 positum
1923 4982 2008 5028 est
2049 4974 2213 5028 etiam

636 5064 690 5117 in
740 5064 989 5129 sullliine,
1047 5065 1150 5119 lloc
1188 5075 1294 5126 est,
1351 5079 1566 5119 crucem
1621 5065 1834 5131 pertulit
1887 5065 1937 5118 ill
1969 5065 2135 5135 ligno,
2162 5074 2218 5120 et

640 5164 864 5207 mortem
906 5158 1204 5209 secundum
1240 5170 1482 5220 carnem,
1525 5157 1626 5210 etsi
1673 5157 1868 5210 revixit
1907 5156 1995 5210 die
2033 5154 2214 5223 tertia,

637 5246 846 5300 calcato
884 5249 1071 5304 mortis
1105 5250 1330 5317 imperio
1359 5250 1424 5304 ⁶¹.
1466 5249 1600 5303 Cum
1632 5251 1794 5321 igitur
1819 5254 2080 5308 adversus
2108 5254 2218 5308 dis-

640 5341 1010 5402 pelisaiionelli
1065 5343 1246 5395 carnis
1305 5345 1630 5399 stultissime
1705 5345 2091 5414 obloquilnur,
2163 5353 2217 5400 et

709 5479 754 5508 "
793 5478 951 5534 Juall.
983 5487 1042 5539 it,
1077 5481 1124 5536 l.
1205 5481 1249 5513 ³³
1294 5481 1452 5535 llellr.
1497 5499 1590 5547 vii,
1619 5483 1709 5538 26.
1789 5485 1832 5514 ³³
1876 5483 2040 5538 Hebr.
2075 5499 2156 5548 iit,
2192 5487 2240 5538 l.

641 5549 685 5579 ³⁸
728 5549 744 5601 ι
788 5551 909 5602 (lor.
956 5566 1006 5615 χ,
1047 5551 1130 5604 ll.
1209 5553 1252 5583 ³⁸
1295 5551 1451 5609 Num.
1489 5572 1600 5616 ul,
1639 5557 1671 5607 ϋ
1697 5571 1891 5622 seqq;
1929 5557 1944 5608 l
1983 5557 2110 5612 Cor.
2146 5573 2194 5619 ς,

2359 5558 2403 5588 ιο
2449 5549 2602 5611 Num:
2641 5571 2754 5621 XXI,
2795 5561 2849 5622 8,
2889 5561 2942 5613 9.

2316 4517 2408 4570 τὸν
2440 4515 2686 4584 ζήσεται.
2730 4532 2748 4564 l
2782 4511 3098 4579 Μυστήριον
3122 4506 3178 4559 δὲ
3205 4506 3316 4576 ἀρα
3346 4505 3405 4556 τὸ
3433 4503 3572 4556 κατὰ
3602 4502 3836 4574 Χριστὸν
3866 4504 3900 4571 ή

2316 4609 2560 4670 τύπωσις
2585 4602 2670 4675 ἦν.
2691 4606 2822 4668 Θεὸς
2845 4607 2954 4676 γὰρ
2981 4608 3242 4677 ὑπάρχων
3269 4608 3298 4659 6
3328 4605 3623 4676 μονογενὴς
3643 4603 3738 4657 τοῦ
3762 4603 3903 4658 Θεοῦ

2318 4700 2512 4769 Λόγος,
2557 4700 2653 4752 καὶ
2701 4699 2760 4765 ἐξ
2798 4697 3006 4767 ἀγαθοῦ
3036 4699 3252 4770 Πατρὸς
3299 4698 3502 4766 ἀγαθὸς
3542 4696 3684 4750 κατὰ
3715 4696 3904 4765 φύσιν,

2322 4791 2587 4861 μετέσχεν
2609 4791 2844 4860 αἵματος
2871 4791 2966 4844 καὶ
2993 4792 3213 4868 σαρκὸς,
3261 4789 3529 4853 τουτέστι,
3562 4788 3786 4858 γέγονεν
3810 4788 3905 4841 ἀν-

2320 4884 2558 4954 Θρωπος,
2586 4886 2714 4954 ἡμῖν
2745 4901 2803 4937 τε
2834 4887 2946 4946 τοῖς
2978 4875 3233 4954 πονηροῖς
3255 4881 3655 4954 παραπλήσιος,
3675 4883 3819 4935 κατά
3839 4897 3902 4946 γε

2318 4977 2380 5030 τὸ
2404 4973 2542 5030 εἶναι
2570 4977 2692 5030 καθ’
2725 4977 2872 5046 ἡμᾶς
2918 4975 3206 5046 ἄνθρωπος
3249 4975 3513 5045 δηλονότι.
3557 4973 3807 5026 Τέθειται
3845 4973 3904 5025 δὲ

2320 5072 2414 5124 καὶ
2440 5070 2525 5140 ἐφ’
2557 5070 2764 5142 ὑψηλοῦ
2786 5089 2799 5100 ο
2839 5072 3108 5136 τουτέστι,
3141 5071 3378 5139 σταυρὸν
3421 5066 3617 5137 ἀνέτλη
3667 5066 3761 5119 τὸν
3809 5067 3904 5118 ἐπὶ

2323 5163 2501 5228 ξύλου,
2533 5165 2626 5217 καὶ
2671 5164 2764 5218 τὸν
2795 5165 2937 5220 κατὰ
2989 5163 3168 5235 σάρκα
3198 5164 3447 5224 θάνατον,
3477 5164 3526 5214 ει
3573 5160 3666 5214 καὶ
3701 5158 3904 5213 ἀνεϐίω

2320 5257 2618 5326 τριήμερος
2643 5297 2657 5318 ,
2686 5256 2746 5309 τὺ
2782 5256 2874 5309 τοῦ
2904 5255 3140 5310 θανάτου
3175 5256 3425 5324 πατήσας
3478 5252 3700 5323 κράτος.
3731 5253 3904 5303 Ὅταν

2321 5349 2503 5401 τοίνυν
2535 5351 2599 5402 ὲκ
2630 5350 2830 5419 πολλῆς
2859 5350 2999 5418 ἄγαν
3028 5350 3319 5413 ἀσυνεσίας
3342 5387 3355 5410 ,
3398 5351 3494 5415 τῆς
3533 5346 3670 5418 μετά
3700 5344 3905 5416 σαρκὸς

2322 5487 2363 5517 ³⁵
2407 5487 2637 5557 Philipp.
2673 5504 2731 5549 li,
2761 5490 2790 5540 7
2898 5491 2945 5523 ³6
2978 5490 3175 5555 Eplles.
3213 5505 3262 5547 ν.
3293 5489 3349 5540 ‘2.
3429 5486 3471 5515 ³⁷
3517 5485 3693 5552 Eplles
3755 5497 3815 5549 tt,
3847 5480 3904 5534 8ο

3021 5564 3062 5592 δι
3107 5560 3269 5614 Hebr.
3319 5575 3378 5620 li,
3423 5559 3505 5609 Η.

1900 5709 2057 5764 ΛΝΤ.
2103 5710 2375 5765 AGELLII
2417 5713 2624 5766 NOTAE

713 5840 821 5912 (Ξὸ)
850 5839 1007 5895 Forte
1042 5843 1229 5912 μὼμὸν
1259 5859 1355 5895 που
