4072 6346
169 362 265 422 169

1227 365 1591 425 ADVERSUS
1630 366 2029 427 NESTORIUM
2066 370 2193 425 ΗΒ.
2236 370 2321 427 IV.

3277 378 3377 433 170

167 483 465 553 οἰκονομίας
502 484 995 553 καταγογγύζοντες
1022 524 1034 547 ,
1073 484 1167 537 καὶ
1202 484 1261 539 τὸ
1285 488 1517 550 ἀκαλλὲς
1554 488 1721 557 αὐτῆς

1829 500 2034 557 turpem
2071 490 2212 544 illam
2243 497 2492 558 putantes
2533 488 2900 545 erubescimus
2934 498 3024 543 attt
3056 492 3254 549 sentire
3292 501 3380 546 aut

168 572 559 644 καθορίζὸντες,
585 574 965 644 αἰσχυνώμεθα
998 576 1211 645 φρονεῖν
1241 577 1272 645 ἢ
1300 576 1720 647 λέγειν,ἀνθρω-

168 682 260 718 πον
307 664 555 733 γενέσθαι
594 665 715 719 καθ’
762 664 906 735 ἡμᾶς
943 664 1033 717 τὸν
1084 666 1175 718 τοῦ
1219 666 1352 719 Θεοῦ
1398 668 1587 734 Λόγον,
1629 670 1722 720 καὶ

166 757 421 826 ἔνωθῆναι
469 758 631 827 σαρκί
682 758 821 809 κατά
880 754 1164 826 ἀλήθειαν,
1202 758 1323 809 τότε
1371 764 1462 811 καὶ
1508 759 1721 829 δράκων

166 849 304 917 ἡμᾶς
328 850 357 899 ὁ
379 847 682 916 animos
719 850 1024 909 ἀποκτενεῖ,
1044 848 1140 915 τῆς
1173 849 1367 901 ἑαυτοῦ
1399 850 1721 915 δυστροπίας

167 939 240 990 ἰὸν
273 939 462 1008 ὥσπερ
486 937 608 991 τινὰ
634 940 754 999 ταῖς
796 937 1093 1006 ἡμετέραις
1121 937 1380 1000 διανοίαις
1423 941 1584 1001 ὲνιεὶς
1623 941 1721 1009 τὴν

164 1027 455 1097 πλάνησιν
498 1023 895 1093 διαφευζόμεθα
948 1023 1042 1086 δὲ,
1093 1025 1185 1079 καὶ
1240 1024 1308 1076 τά
1362 1026 1461 1094 τῆς
1514 1025 1719 1078 ἐκείνου

164 1118 479 1188 σκαιότητος
514 1114 947 1187 διακρουσάμεθα
979 1114 1173 1184 βλάὸη,
1218 1118 1325 1179 τοῖς
1373 1116 1466 1185 τῆς
1498 1116 1720 1185 καρδίας

162 1211 401 1279 ὄμμασιν
444 1205 847 1278 ἐνορῶντες-τῷ
873 1206 1029 1273 ὄφει·
1065 1206 1333 1269 τουτέστι,
1382 1208 1442 1259 τὸ
1487 1206 1720 1275 Χριστοῦ

165 1303 458 1371 μυστήριον
506 1299 723 1371 ἀκριϐεῖ
764 1298 972 1368 διανοίᾳ
1026 1299 1547 1367 κατασκεπτόμενοι.
1589 1297 1721 1349 Τότε

162 1396 284 1465 γάρ,
316 1393 436 1445 τότε
466 1391 787 1463 φρονοῦντες
808 1388 965 1459 ὀρθὰ,
993 1387 1380 1450 ἀνενδοιάστως
1400 1388 1723 1458 ὁμολογήσο-

163 1501 259 1553 μεν
279 1486 361 1537 ὅτι
394 1483 581 1550 γέγονε
614 1481 751 1551 σὰρξ
778 1484 806 1533 6
835 1479 927 1534 τοῦ
955 1477 1089 1541 Θεοῦ
1112 1479 1303 1546 Λόγος,
1328 1479 1422 1531 καὶ
1443 1477 1715 1548 προῆλθεν

158 1576 220 1627 ἐκ
258 1573 516 1642 γυναικὸς
548 1572 688 1641 μετά
711 1571 805 1623 τοῦ
843 1574 1019 1640 μεῖναι
1042 1570 1195 1633 Θεὸς,
1226 1570 1318 1622 καὶ
1339 1569 1483 1622 ἔστιν
1506 1572 1533 1622 6
1563 1569 1723 1635 αὐτὸς

157 1666 287 1729 Θεός
315 1682 375 1718 τε
414 1664 549 1735 ὁμοῦ
596 1664 689 1717 καὶ
720 1662 999 1733 ἄνθρωπος
1022 1678 1034 1691 ·
1085 1660 1210 1715 οῦτε
1238 1663 1345 1722 τοῖς
1382 1661 1477 1730 τῆς
1512 1660 1724 1730 ἀνθρωτ

159 1755 391 1825 πότητος
428 1754 649 1825 μέτροις
677 1752 1016 1823 ὲπερυθριῶν
1062 1753 1149 1807 διά
1185 1770 1243 1805 τε
1280 1753 1397 1824 [ίσ.
1433 1754 1521 1805 διά
1546 1752 1630 1823 γε]
1666 1752 1726 1803 τὸ

1824 582 2003 635 dicere
2040 583 2210 650 ipsum
2245 581 2335 635 Dei
2362 580 2594 635 Verbum
2638 580 2838 638 factum
2869 595 2991 639 esse
3028 582 3196 635 nostri
3233 583 3383 637 simi-

1825 672 1925 725 lem
1960 671 2255 731 hominem,
2289 678 2341 723 et
2391 670 2539 722 carni
2597 670 2886 723 secundum
2945 670 3228 724 veritatem
3264 670 3382 731 uni-

1825 771 1958 821 tutn.
2007 774 2116 814 tum
2161 761 2389 827 denique
2431 762 2592 818 draco
2637 761 2724 813 ille
2776 760 3036 815 malorum
3084 762 3236 830 origo
3286 773 3383 823 nos

1822 850 2050 911 occidet,
2088 850 2141 903 in
2194 858 2407 904 nostros
2447 850 2653 903 animos
2700 849 3050 917 malignitatis
3076 864 3187 904 sua
3225 848 3384 901 sedu-

1824 940 2057 995 ctionem
2088 938 2239 1005 quasi
2273 952 2538 992 venenum
2580 938 2903 1002 infundens;
2933 936 3253 1007 eﬂ‘ugietnus
3289 951 3385 989 δυο

1826 1039 1954 1093 tem,
2012 1038 2067 1083 et
2119 1028 2320 1081 illatam
2377 1028 2445 1082 ab
2502 1028 2642 1088 illius
2685 1029 3039 1096 perversitate
3093 1027 3380 1095 perniciem

1824 1120 2159 1181 amoliemur,
2195 1119 2239 1172 si
2271 1119 2448 1173 cordis
2478 1118 2660 1173 oculos
2695 1118 2746 1171 in
2796 1127 3098 1187 serpentem
3138 1117 3385 1185 coniece-

1827 1214 2013 1276 rimus,
2049 1213 2148 1266 hoc
2178 1212 2341 1275 εει,δί
2365 1211 2564 1265 Christi
2591 1210 2903 1280 mysterium
2938 1210 3179 1280 diligenti
3208 1211 3381 1263 anim-

1824 1306 2137 1360 adversione
2176 1304 2717 1358 consideraverimus.
2764 1301 2899 1356 Tum
2943 1304 3175 1370 denique
3236 1311 3385 1355 recte

1825 1401 2123 1455 sentientes
2181 1398 2327 1452 omni
2382 1398 2719 1451 dubitatione
2775 1403 2979 1450 remota
3014 1393 3386 1449 conﬁtebimur

1826 1489 1999 1557 ipsum
2042 1486 2131 1542 Dei
2169 1484 2399 1540 Verbum
2440 1486 2640 1539 factum
2672 1498 2793 1538 esse
2832 1499 3075 1547 carnem,
3106 1492 3161 1536 et
3203 1483 3272 1536 ita
3316 1495 3381 1535 ex

1826 1577 2047 1632 muliere
2091 1576 2375 1646 prodiisse,
2404 1586 2463 1628 ut
2522 1584 2764 1630 maneret
2820 1574 2983 1636 Deus,
3028 1573 3386 1641 eumdemque

1826 1667 1994 1721 Deum
2025 1666 2182 1720 simul
2209 1674 2263 1720 et
2296 1666 2569 1720 hominem
2599 1680 2740 1729 esse,
2769 1679 2941 1733 neque
2976 1666 3043 1718 de
3074 1663 3383 1718 humanita-

1828 1757 1894 1809 tis
1928 1758 2194 1810 mensuris
2228 1757 2634 1810 erubescentem
2672 1765 2889 1823 propter
2930 1754 3264 1808 excellentiae
3307 1756 3386 1809 di-

158 1850 251 1919 τῆς
298 1849 571 1919 ὑπεροχῆς
619 1847 863 1918 ἀξίωμαο
912 1848 1036 1900 οὔτε
1084 1849 1188 1916 μὴν
1233 1847 1331 1915 τῆς
1388 1846 1720 1916 θεοπρεποῦς

1829 1848 2103 1915 gnitatem,
2139 1862 2309 1914 neque
2342 1862 2527 1900 rursus
2569 1847 2765 1900 divinae
2812 1846 2954 1900 illius
3006 1846 3290 1915 potestatis
3332 1857 3387 1899 et

156 1938 427 2005 ἐξουσίας,
479 1941 571 1993 καὶ
618 1940 923 2008 ύπερτάτης
954 1938 1201 2000 εὐκλείας
1246 1939 1604 2007 ἐστερημένος
1635 1937 1721 1990 διὰ

1829 1950 2044 1990 summa
2076 1936 2257 2005 gloriae
2286 1948 2559 2004 expertem
2592 1946 2815 2017 propter
2845 1937 3253 1991 immanitatem.
3282 1936 3385 2003 Qui

154 2033 214 2084 τὸ
245 2031 607 2098 ἀνθρώπινον,
656 2031 718 2083 οι
765 2028 823 2083 δὴ
868 2028 933 2099 δὴ
976 2028 1044 2081 τά
1092 2027 1269 2082 τοιάδε
1320 2028 1615 2100 διακρίνειν
1661 2022 1721 2079 εὖ

1829 2025 1987 2094 igitur
2013 2024 2274 2093 ejusmodi
2302 2042 2386 2081 res
2409 2027 2575 2095 probe
2612 2026 2927 2084 discernere
2962 2038 3381 2093 consueverunt,

158 2123 301 2192 μάλα
346 2120 753 2192 κατηοισμένοι,
782 2119 846 2171 δι’
870 2121 1074 2189 ἀμφοῖν
1121 2119 1213 2171 τὸν
1256 2118 1372 2182 ἕνα,
1401 2118 1496 2175 καὶ
1539 2117 1597 2169 τὸ
1634 2118 1721 2169 ἐπ’

156 2214 304 2285 αύτῷ
344 2215 639 2284 μυστήριον
674 2212 866 2281 ἰσχνῶς
901 2212 992 2263 καὶ
1017 2208 1397 2279 ὲξητασμένως
1431 2209 1718 2270 συνιέντες,

155 2306 436 2372 λέγουσιν·
475 2322 494 2354 ι
529 2305 592 2354 Ὢ
624 2302 784 2373 βάθος
830 2301 1061 2355 πλούτου
1097 2301 1189 2353 καὶ
1219 2299 1409 2366 σοφίας
1461 2298 1549 2349 καὶ
1587 2297 1720 2363 γνὼ-

157 2413 291 2459 σεως
323 2394 479 2459 Θεοῦ,
512 2394 585 2456 ὡς
613 2392 1008 2463 ἀνεξερεύνητα
1039 2392 1105 2443 τά
1132 2390 1369 2459 κρίματα
1404 2386 1589 2452 αὑτοῦ,
1631 2386 1724 2440 καὶ

154 2486 558 2555 ἀνεξιχνίαστοι
581 2487 637 2537 αἰ
662 2483 772 2537 ὁδοὶ
799 2481 987 2535 αὑτοῦ.
1027 2480 1119 2541 Τίς
1152 2479 1259 2549 γὰρ
1288 2479 1427 2545 ἔγνω
1460 2476 1583 2531 νοῦν
1607 2479 1721 2531 Κυ-

156 2578 307 2645 ρίου;
346 2595 365 2626 ι
414 2575 551 2628 Ἀλλ’
602 2576 701 2626 οὐκ
744 2568 839 2625 οἷδ’
889 2572 1035 2633 ὅπως
1084 2570 1156 2632 ὼς
1207 2569 1475 2636 ἀνέφικτά
1522 2585 1581 2620 τε
1632 2568 1726 2621 καί⁸

155 2668 370 2738 ἀκαλλῆ
405 2668 563 2720 ταυτὶ
610 2663 963 2733 διωθούμενος
986 2702 1000 2726 ,
1034 2660 1133 2731 τῆς
1166 2661 1258 2714 τοῦ
1286 2661 1533 2729 Σωτῆρος
1570 2659 1724 2729 ἡμῶν

155 2760 412 2822 εὐκλείας
434 2761 527 2813 καὶ
561 2759 857 2827 ὑπεροχῆς,
886 2756 947 2807 οὐ
984 2754 1218 2824 μετρίως
1246 2752 1427 2806 οὑτοσὶ
1456 2751 1725 2804 ποιεῖσθαι

155 2854 474 2923 κατατολμᾷ
513 2851 611 2921 τὴν
657 2849 991 2917 κατάρῤυσιν
1024 2846 1151 2917 ita.
1185 2842 1593 2916 κατάρρησιν]·
1633 2844 1725 2896 καὶ

157 2948 357 3015 μέτρον
398 2943 586 3013 ὥσπερ
638 2940 785 3009 αύτῷ
828 2941 891 2992 τὸ
934 2940 1053 2993 καθ’
1102 2940 1248 3010 ἡμᾶς
1291 2936 1597 3005 ἀπονέμων,
1635 2935 1727 2988 καὶ

153 3039 341 3109 ἕτερον
365 3035 534 3097 οὐδὲν,
563 3032 878 3097 δεδοξάσθαι
907 3030 1070 3100 φησιν
1091 3028 1250 3081 αὑτὸν
1278 3026 1427 3098 παρά
1458 3026 1548 3078 τοῦ
1573 3026 1723 3092 ἁγίου

1826 2125 1883 2169 ιιι
1907 2130 2001 2184 per
2033 2128 2318 2185 utrumque
2346 2133 2533 2183 unum,
2565 2129 2617 2172 et
2654 2118 2768 2183 ejus
2816 2119 3129 2186 mysterium
3178 2118 3387 2173 subtili-

1828 2212 1906 2256 ter
1931 2213 1985 2256 et
2016 2214 2267 2257 accurate
2299 2206 2625 2273 intelligant,
2655 2206 2839 2259 dicunt
2870 2225 2883 2257 :
2925 2223 2945 2256 ι
2981 2202 3027 2260 0
3055 2205 3281 2260 altitudo
3306 2206 3388 2259 di-

1823 2292 2071 2346 vitiarum
2097 2303 2151 2347 et
2175 2295 2449 2363 sapientia:
2477 2305 2535 2348 et
2559 2296 2794 2351 scientite
2821 2294 2914 2351 Dei
2944 2310 2960 2347 :
2990 2310 3154 2365 quam
3185 2298 3390 2349 incom-

1825 2384 2203 2452 prehensibilia
2266 2395 2389 2440 sunt
2430 2385 2635 2454 judicia
2687 2386 2825 2454 ejus,
2877 2396 2933 2441 et
2987 2387 3387 2454 investigabiles

1824 2475 1922 2529 viae
1952 2476 2097 2548 ejus!
2137 2475 2268 2541 Quis
2297 2478 2441 2530 enim
2474 2477 2724 2545 cognovit
2755 2492 2970 2532 sensum
3018 2478 3321 2531 Domini"?
3364 2498 3382 2530 ι

1825 2568 1931 2622 Sed
1958 2568 2136 2621 nescio
2162 2582 2265 2635 qua
2294 2569 2359 2621 de
2384 2582 2545 2622 causa
2570 2568 2673 2623 iste
2701 2568 2860 2623 homo
2892 2568 2973 2622 his
3008 2570 3167 2624 rebus
3186 2608 3201 2633 ,
3234 2571 3389 2638 quasi

1826 2660 2183 2731 impossibiles
2206 2660 2378 2715 sintet
2395 2662 2664 2727 absurdae,
2683 2661 2916 2729 rejectis,
2942 2662 3174 2729 superbe
3194 2663 3391 2717 audeat

1827 2753 2122 2807 Salvatoris
2147 2752 2317 2817 nostri
2354 2752 2540 2822 gloria:
2569 2762 2623 2809 et
2645 2752 2976 2807 excellentia:
3001 2754 3309 2814 detrahere,
3333 2762 3391 2805 et

1828 2858 2131 2897 mensuram
2169 2843 2244 2896 illi
2281 2852 2522 2895 nostram
2555 2843 2815 2908 tribuens,
2850 2853 2905 2896 et
2933 2852 3195 2911 praeterea
3231 2844 3389 2906 nihil,

1826 2934 2182 3001 glorilicatum
2209 2946 2331 2987 eum
2359 2932 2551 2987 dicata
2584 2930 2785 3002 Spiritu
2810 2943 3017 2996 sancto,
3047 2932 3165 3002 ejus
3192 2934 3390 2987 virtute

1827 3041 1929 3078 non
1966 3035 2019 3078 ut
2050 3026 2263 3094 propria
2291 3032 2547 3088 utentem,
2584 3034 2637 3079 et
2669 3024 2848 3079 divina
2887 3024 3039 3093 signa
3066 3024 3263 3090 facere,
3294 3028 3390 3079 sed

154 3128 494 3198 Πνεύματος,
542 3127 639 3195 οὐχ
679 3125 752 3187 ὡς
804 3124 911 3194 ἰδίᾳ
963 3121 1185 3192 δυνάμει
1228 3119 1526 3194 χρώμενον,
1559 3120 1626 3188 τῇ
1659 3118 1723 3169 δι’

1829 3117 1893 3170 ad
1952 3116 2208 3171 miracula
2270 3116 2495 3179 edenda,
2547 3118 2850 3172 extrinseca
2890 3117 3284 3178 et,adveutitia
3336 3118 3388 3169 vi

153 3221 346 3282 αὐτοῦ,
379 3220 472 3273 καὶ
507 3216 742 3285 πληροῦν
767 3214 835 3267 τά
862 3216 959 3284 τῆς
995 3211 1339 3282 θεοσημείας,
1386 3210 1499 3262 ἀλλ’
1529 3209 1726 3271 ἔξωθεν

155 3313 251 3365 καὶ
283 3308 715 3377 είσκεκριμένως
746 3306 1125 3373 κερδαίνοντα,
1150 3303 1211 3355 τὸ
1238 3300 1533 3371 κατορθοῦν
1567 3300 1725 3353 δύνα-

156 3402 283 3456 σθαί
321 3418 378 3453 τι
416 3398 523 3451 τῶν
573 3395 1063 3465 τεθαυμασμένων
1107 3395 1195 3449 ίνα
1226 3394 1290 3462 δὴ
1326 3394 1566 3461 φαίνοιτο
1608 3392 1729 3445 καθ’

153 3495 305 3563 ἡμᾶς
349 3490 592 3561 ἰαμάτων
626 3507 723 3543 που
758 3490 895 3557 τάχα
940 3487 1185 3557 χάρισμα
1232 3484 1430 3549 λαϐὼν,
1472 3484 1637 3553 φάναι
1670 3500 1728 3535 τε

154 3584 411 3652 ὀφείλων,
457 3581 595 3633 κατὰ
646 3579 735 3631 τὸν
790 3578 1056 3647 μακάριον
1097 3575 1334 3628 Παῦλον·
1382 3592 1400 3625 t
1439 3575 1633 3643 Χάριτι
1672 3573 1729 3624 δὲ

155 3673 294 3725 Θεοῦ
325 3674 445 3742 εἰμι
475 3671 503 3724 6
526 3672 659 3738 εἰμι.
699 3688 715 3719 ι
755 3663 849 3729 Οἷς
874 3667 979 3735 γάρ
1013 3665 1246 3717 ἐπακτὸν
1281 3665 1374 3718 καὶ
1409 3663 1640 3731 θύραθεν
1670 3666 1728 3715 τὸ

157 3761 299 3819 εῐναί
343 3782 396 3816 τι
430 3763 522 3815 καὶ
560 3760 817 3815 δύνασθαι
848 3756 1165 3826 κατορθοῦν,
1198 3753 1343 3811 οὗτοι
1375 3758 1532 3824 φαῖεν
1566 3755 1632 3807 ἀν
1662 3755 1730 3805 εἰ-

159 3859 336 3919 κότως
354 3855 447 3907 καὶ
475 3854 573 3925 τὴν
590 3852 796 3905 τοιάνδε
829 3851 1034 3921 φωνήν.
1072 3849 1250 3912 Δεῖξαι
1289 3848 1416 3917 γὰρ,
1444 3846 1518 3909 ὡς
1534 3847 1729 3908 οίεται,

161 3946 448 4017 βουληθεὶς
488 3942 741 4011 ἰσουργδν
772 3945 851 4005 εἰς
898 3942 1111 3995 ἅπαντα
1165 3940 1263 4010 τὴν
1294 3937 1455 4005 ἁγίαν
1500 3936 1726 4007 Τριάδα,

164 4040 327 4091 πάλιν
359 4030 461 4089 ὧδέ
496 4052 677 4105 φησιν’

232 4128 251 4199 [
282 4129 343 4180 '0
368 4126 499 4189 Θεὸς
546 4125 714 4193 Λόγος
759 4124 971 4190 ἐγένετο
1023 4120 1178 4191 σάρξ,
1216 4120 1310 4173 καὶ
1333 4118 1640 4186 ἐσκήνωσεν
1672 4116 1729 4167 ὲν

158 4221 316 4289 ἡμῖν.
350 4216 707 4270 Συνεκάθισεν
731 4213 907 4284 ἑαυτῷ
928 4213 1024 4283 τὴν
1054 4210 1455 4281 ἀναληφθεῖσαν
1483 4212 1511 4261 6
1539 4206 1730 4277 Πατὴρ

158 4315 576 4383 ἀνθρωπότητα.
613 4329 630 4361 ι
674 4305 801 4361 Είπε
830 4310 956 4377 γὰρ,
1000 4308 1183 4375 φησιν,
1215 4309 1243 4358 6
1276 4305 1477 4375 Κύριος
1513 4302 1589 4371 τῷ
1616 4302 1729 4354 Κυ-

159 4404 262 4473 ρίῳ
289 4419 413 4472 μου·
430 4400 612 4454 Κάθου
636 4400 699 4452 ὲκ
712 4398 905 4462 δεξιῶν
921 4415 1041 4467 μου.
1068 4414 1086 4447 ι
1108 4396 1217 4464 Τὴν
1228 4392 1321 4445 τοῦ
1335 4391 1731 4462 ἀναληφθέντος

1830 3207 2135 3276 ρτίεόὶιυη),
2173 3217 2229 3259 ut
2266 3204 2374 3273 jam
2405 3207 2651 3260 videatur
2682 3216 2868 3261 nostro
2896 3206 3003 3276 97
3045 3222 3192 3260 more
3225 3221 3388 3261 cura-

1831 3299 2032 3351 tionum
2061 3297 2289 3363 gratiam
2331 3297 2629 3364 accepisse,
2671 3306 2723 3349 et
2752 3311 2873 3349 cum
2906 3298 3063 3351 beato
3108 3295 3274 3351 Paulo
3309 3296 3391 3350 di.

1829 3403 1953 3443 cere
1984 3389 2179 3441 debere
2204 3404 2215 3439 :
2240 3406 2257 3437 ι
2280 3386 2463 3441 Gratia
2501 3387 2590 3441 Dei
2614 3402 2731 3441 sunt
2767 3386 2819 3441 id
2850 3388 2993 3456 quod
3031 3404 3150 3442 sum
3185 3386 3320 3441 "-“.
3367 3408 3383 3438 ι

1829 3476 2033 3543 Quibus
2078 3478 2222 3530 enim
2258 3476 2609 3529 adventitium
2644 3486 2727 3530 est
2757 3486 2813 3530 et
2860 3475 3010 3545 quasi
3054 3477 3392 3533 extrinsecus

1831 3567 2161 3635 impertitum
2191 3576 2247 3619 ut
2277 3566 2474 3633 aliquid
2516 3567 2644 3633 sint,
2688 3581 2750 3621 ac
2784 3568 3041 3635 perlicere
3080 3568 3315 3636 possint,
3353 3569 3392 3623 ii

1831 3659 2022 3713 merito
2062 3661 2196 3712 hanc
2222 3673 2406 3713 vocem
2438 3661 2687 3712 emittere
2718 3670 2984 3727 poterunt.
3022 3659 3218 3715 Volens
3240 3660 3387 3716 enim

1830 3750 2135 3812 ostendere,
2162 3759 2225 3803 ut
2250 3758 2422 3817 putat,
2471 3750 2537 3802 ad
2579 3750 2757 3803 omnia
2804 3751 2949 3817 paris
2996 3763 3118 3804 esse
3142 3748 3393 3805 efﬁcacia:

1831 3848 2071 3893 sanctam
2125 3837 2488 3904 Trinitatem,
2521 3854 2709 3893 rursus
2749 3838 2802 3892 in
2853 3841 2995 3893 hunc
3050 3840 3264 3894 modum
3312 3842 3394 3895 di-

1831 3942 1937 3985 ειιε

1902 4110 2136 4165 Nestori.
2173 4107 2338 4179 [Deus
2368 4106 2597 4163 Verbum
2649 4108 2847 4163 factum
2894 4117 2977 4163 est
3019 4123 3165 4173 caro,
3196 4116 3251 4163 et
3297 4110 3397 4165 ha-

1834 4204 2024 4258 bitavit
2060 4204 2110 4255 in
2141 4201 2297 4256 nobis
2318 4200 2383 4254 ‘5.
2414 4200 2609 4256 Sectnn
2640 4202 2922 4255 considere
2952 4200 3078 4254 fecit
3118 4199 3275 4255 Pater
3304 4217 3391 4255 as—

1834 4304 2102 4361 sumptam
2134 4291 2521 4345 humanitatem
2556 4308 2567 4342 :
2607 4312 2623 4341 ι
2665 4290 2808 4344 Dixit
2839 4291 2979 4343 enim
3005 4331 3018 4353 ,
3048 4291 3259 4361 inquit,
3292 4291 3394 4344 Do-

1836 4386 2013 4438 minus
2040 4382 2266 4436 Domino
2293 4397 2415 4435 meo
2445 4404 2453 4434 :
2493 4381 2630 4435 Sede
2665 4396 2692 4433 a
2723 4382 2928 4434 dextris
2956 4383 3089 4435 meis
3111 4382 3176 4436 ⁸⁵.
3213 4400 3231 4433 ι
3264 4379 3394 4437 Glo-

156 4471 242 4547 τὸ.
272 4471 497 4563 Πνεῦμα
546 4490 816 4544 κατελθὼν
873 4488 1231 4557 συνεκρότησε
1283 4484 1461 4547 δόξαν.
1511 4501 1529 4533 ι
1568 4483 1724 4535 Ὅταν

1841 4476 1973 4530 riam
2023 4474 2283 4542 assumpti
2342 4471 2576 4541 Spiritus
2629 4472 2961 4524 descendens
3022 4472 3395 4537 comparavit:

156 4588 291 4656 γάρ,
331 4586 517 4654 φησιν,
551 4583 678 4653 ἔλθῃ
718 4582 779 4633 τὸ
816 4579 1037 4649 Πνεῦμα
1077 4578 1177 4647 τῆς
1210 4575 1486 4647 ἀληθείας,
1526 4575 1727 4634 ἐκεῖνος

156 4678 259 4747 ἐμὲ
286 4676 524 4741 δοξάσει.
564 4692 581 4724 ι
621 4672 805 4726 Βούλει
845 4672 937 4724 καὶ
974 4670 1139 4739 ἄλλην
1165 4668 1259 4721 ἐπὶ
1304 4667 1515 4728 τούτοις
1548 4666 1727 4726 αὐτοῖς

155 4770 252 4838 τῆς
282 4767 513 4837 Τριάδος
547 4765 858 4834 ὲνέργειαν;
888 4762 1188 4831 Ἐνῲκησεν
1218 4762 1246 4812 ό
1273 4760 1396 4822 Υἱὸς
1426 4762 1481 4810 ὲν
1518 4757 1595 4827 τῷ
1623 4756 1727 4809 σώ-

159 4877 294 4927 ματι
317 4875 329 4888 ·
370 4857 695 4927 συνέστησεν
720 4858 747 4908 6
779 4854 964 4924 Πατὴρ
993 4852 1409 4922 βαπτιζόμενον·
1447 4848 1730 4901 διέπλασεν

152 4952 213 5001 ἐν
233 4947 505 5018 Παρθένῳ
524 4948 583 5000 τὸ
606 4946 872 5017 Πνεῦμα.]
906 4943 1048 4999 Είτα
1071 4942 1256 4996 πάλιν
1280 4942 1426 5010 φησί
1453 4939 1581 5006 περὶ
1606 4937 1721 4991 τῶν

154 5044 349 5112 ἁγίων
381 5041 736 5093 ἀποστόλων
760 5055 771 5069 ·
802 5038 893 5110 [Ὀ
916 5038 1039 5099 Υἱὸς
1062 5034 1359 5101 ἐξελέξατο.
1386 5054 1402 5084 ι
1428 5032 1566 5100 Ἐγὼ
1596 5032 1721 5102 γὰρ,

155 5135 354 5203 φησὶν,
374 5133 519 5201 ὑμᾶς
536 5131 885 5203 ἐξελεξάμην.
922 5151 938 5181 ι
974 5132 1029 5182 Ὀ
1049 5129 1233 5199 Πατὴρ
1250 5127 1442 5197 ἡγίασε
1464 5145 1476 5156 ·
1503 5145 1520 5176 ι
1548 5126 1726 5194 Πάτερ

158 5227 293 5295 τάρ,
330 5224 517 5292 φησιν,
558 5223 780 5291 ἁγίασον
814 5222 1008 5284 αὐτοὺς
1037 5224 1094 5273 ὲν
1121 5224 1187 5290 τῇ
1218 5219 1441 5288 ἀληθείᾳ
1466 5236 1576 5269 σου.
1607 5236 1623 5266 ι
1660 5217 1731 5267 'l'6

160 5313 393 5384 Πνεῦμα
428 5312 793 5366 κατεσκεύασε
830 5308 1110 5382 ῥήτορας]

766 5421 1013 5477 ΚΕΦΔΛ.
1056 5422 1134 5475 A'.

229 5539 359 5592 Ὀτι
393 5538 491 5607 μὲν
513 5532 605 5591 οὖν
627 5537 825 5605 ἀσοφός
849 5552 905 5587 τε
937 5535 1029 5586 καὶ
1053 5532 1294 5602 ἀτερπὴς
1325 5531 1351 5581 6
1388 5529 1603 5599 σύμπας
1632 5526 1727 5580 αύ-

1843 4590 1858 4619 ι
1893 4568 2027 4623 Cum
2057 4566 2284 4630 venerit,
2326 4565 2517 4632 inquit,
2568 4561 2800 4627 Spiritus
2847 4562 3112 4625 veritatis,
3170 4561 3257 4615 ille
3313 4578 3398 4615 me

1837 4656 2243 4729 gloriﬁcabit".
2286 4675 2304 4706 ι
2342 4654 2505 4710 Visne
2552 4653 2715 4707 etiam
2750 4652 2908 4704 aliam
2944 4653 3007 4704 ad
3034 4652 3145 4704 haec
3180 4654 3397 4720 adjicio.

1840 4768 1957 4805 mus
1982 4748 2262 4803 Trinitatis
2292 4746 2627 4801 efﬁcientiam
2648 4744 2670 4795 ?
2694 4742 2964 4796 Habitavit
2993 4742 3159 4799 Filius
3192 4744 3243 4797 in
3273 4760 3396 4798 cor-

1840 4856 2006 4910 pore:
2044 4837 2439 4894 commendavit
2485 4833 2808 4903 baptizatum
2856 4830 3049 4897 Pater;
3097 4830 3401 4887 eﬂ‘ormavit

1838 4948 1957 4987 eum
1988 4933 2038 4985 in
2074 4929 2287 4999 Virgine
2320 4924 2599 5000 Spiritus.|
2629 4922 2822 4975 Deinde
2858 4938 3038 4975 rursus
3075 4924 3148 4974 ait
3178 4924 3240 4977 de
3272 4940 3395 4977 san-

1834 5026 1930 5079 ctis
1959 5022 2247 5093 apostolis:
2279 5018 2471 5091 [Filius
2504 5017 2665 5084 elegit
2695 5030 2709 5067 :
2748 5033 2766 5065 t
2806 5015 2915 5083 Ego
2963 5016 3105 5069 enim
3128 5056 3142 5078 ,
3185 5017 3396 5087 inquit,

1836 5115 1969 5184 elegi
1992 5128 2084 5166 vos
2106 5112 2149 5142 "‘
2170 5148 2184 5162 .
2212 5130 2229 5161 ι
2258 5108 2416 5162 Pater
2438 5104 2820 5160 sanetilicavit:
2847 5102 3052 5171 tPater,
3068 5104 3259 5171 inquit,
3279 5122 3400 5161 san-

1839 5207 2016 5261 ctiilca
2050 5218 2142 5257 eos
2170 5202 2222 5256 in
2256 5202 2477 5253 veritate
2507 5208 2592 5250 tua
2626 5198 2690 5253 ‘°.
2729 5216 2748 5247 ›
2792 5195 3029 5264 Spiritus
3068 5196 3244 5251 etIecit
3278 5213 3400 5251 ora-

1841 5294 2044 5365 tores.]

2500 5398 2653 5454 CAP.
2696 5398 2735 5453 Ι.

1908 5522 2100 5576 Totum
2163 5517 2377 5587 quidem
2441 5526 2745 5570 sermonem
2784 5511 2851 5567 ab
2905 5525 2970 5567 eo
3019 5511 3295 5573 habitum,
3344 5517 3397 5560 et

227 5698 276 5728 “
318 5693 478 5749 Rom.
509 5708 583 5754 ιι.
613 5692 701 5747 33.
779 5691 895 5721 ⁵³’“
934 5690 951 5743 I
991 5690 1114 5745 Cor.
1155 5705 1246 5754 xv,
1283 5688 1361 5741 l0.
1442 5687 1486 5718 "
1523 5685 1673 5741 Joan.
1721 5702 1724 5737 ι

1829 5681 1875 5736 ι,
1955 5678 1998 5711 ⁸⁸
2039 5676 2174 5733 Psal.
2213 5690 2319 5739 cur,
2351 5676 2398 5728 l.
2478 5672 2519 5705 "
2561 5670 2710 5727 Joan.
2747 5680 2857 5731 xvr,
2890 5664 3083 5729 15,“.
3162 5663 3205 5693 “
3244 5660 3398 5720 δοκι).

183 5782 275 5829 xv,
314 5768 397 5820 lii.
473 5768 515 5794 δ’
549 5764 708 5817 Joan.
743 5776 871 5826 xvtt,
904 5761 991 5814 17.

405 5859 677 5919 Parnm.
726 5854 842 5915 Gn.
883 5851 1154 5914 LXXVI.

2974 5821 3007 5886 6
