4072 6346
675 370 776 428 1⁸11

1705 361 1762 417 S.
1803 358 2081 417 CYRILLI
2121 354 2594 412 ALEXANDRINI
2634 349 2952 406 ARCHIEP.

3813 344 3925 399 172

676 487 988 558 imperitum
1014 502 1135 544 esse
1187 495 1242 542 et
1282 485 1564 543 molestum
1595 523 1611 551 ,
1662 483 1976 539 facillimum
2023 491 2104 537 est
2149 497 2240 536 os-

2343 479 2422 550 τῷ
2450 477 2748 547 πεποίηται
2771 475 2950 542 λόγος,
2982 466 3292 532 καταδεῖξαι
3333 467 3482 558 ῥᾷον·
3523 459 3829 558 παραπαίει
3863 461 3923 515 δὲ

677 579 948 634 tendere:
993 579 1088 632 sed
1116 579 1169 632 in
1225 591 1292 632 eo
1343 576 1610 646 quomodo
1657 575 1825 630 etiam
1872 575 2102 628 insaniat
2143 589 2237 626 ex-

676 684 898 738 ponam.
938 669 1055 725 Una
1077 679 1160 725 est
1189 669 1333 724 enim
1366 668 1664 723 divinitatis
1696 677 1910 732 natura,
1946 666 2038 720 sed
2064 665 2238 719 subsi-

676 760 1021 830 stit‘proprie
1056 775 1119 815 ac
1150 759 1494 828 singulariter
1514 757 1699 824 Pater,
1720 767 1776 813 et
1802 756 1993 820 Filius,
2029 757 2240 811 itidem-

677 867 784 922 que
815 852 1054 921 Spiritus
1085 871 1099 907 :
1125 851 1430 908 elliciuntur
1458 859 1640 905 autem
1675 850 1858 904 omnia
1887 863 1916 902 a
1965 847 2148 914 Patre,
2187 857 2242 902 et

677 957 775 1011 per
799 942 995 998 Filium
1043 944 1098 999 in
1142 942 1382 1013 Spiritu;
1431 950 1486 998 et
1527 941 1650 996 dum
1678 939 1836 995 Pater
1886 947 2134 993 movetur
2173 937 2242 991 ad

677 1030 1011 1089 ellicientiam
1026 1033 1354 1103 aliquorum,
1377 1030 1566 1100 procul
1600 1030 1760 1086 dubio
1792 1027 1948 1083 eﬂicit
1990 1027 2158 1082 Filius
2188 1027 2240 1081 iu

679 1122 887 1190 Spiritu
928 1140 940 1175 :
970 1122 1094 1179 etsi
1122 1123 1249 1192 quid
1278 1122 1446 1177 Filius
1472 1121 1742 1191 complere
1763 1121 1960 1174 dicitur
1996 1128 2088 1173 aut
2119 1118 2242 1187 Spi-

679 1212 840 1276 ritus,
875 1213 976 1268 hoc
1009 1227 1139 1268 sane
1168 1227 1391 1281 prorsus
1419 1221 1590 1267 estex
1618 1211 1795 1276 Patre,
1844 1226 1908 1265 ac
1948 1225 2044 1279 per
2073 1219 2239 1265 totam

681 1301 858 1370 pergit
895 1311 1139 1356 sanctam
1174 1312 1229 1357 et
1277 1302 1789 1357 consubstantialem
1830 1301 2148 1356 Trinitatem
2185 1302 2240 1356 in

678 1406 1061 1462 quamcunque
1096 1408 1211 1448 rem
1242 1395 1466 1450 tendens
1495 1395 1737 1463 operatio
1769 1404 1931 1463 atque
1971 1393 2239 1449 voluntas.

680 1480 1063 1538 Verumtamen
1093 1484 1148 1538 in
1181 1484 1265 1539 his
1301 1484 1429 1538 illud
1462 1485 1749 1539 dicendum
1795 1493 1898 1539 est.
1945 1484 2080 1539 Vide
2124 1500 2244 1539 rur-

676 1587 795 1625 sum
832 1582 891 1626 ut
921 1583 1106 1642 aperte
1154 1581 1209 1629 et
1239 1575 1540 1640 evidenter,
1575 1575 1823 1643 quamvis
1869 1575 1998 1629 illud
2022 1589 2088 1630 ex
2135 1574 2242 1629 Deo

676 1661 835 1716 Patre
864 1663 1098 1717 Verbum
1154 1665 1354 1720 factum
1408 1681 1529 1721 esse
1574 1681 1790 1720 carnem
1837 1669 2015 1732 dicat,
2064 1677 2240 1721 tamen

677 1761 988 1822 corrumpat
1035 1755 1141 1808 vim
1196 1757 1588 1813 sententiarum
1645 1767 1700 1811 et
1751 1771 1782 1810 a
1830 1767 1980 1812 recto
2028 1760 2243 1814 tramite

2341 576 2444 629 κάν
2477 570 2673 638 τούτῳ,
2714 566 2808 619 καὶ
2837 566 3006 628 ὅπως,
3042 559 3171 631 ἐρῶ.
3206 557 3322 612 Μία
3368 555 3466 628 μέν
3507 555 3617 626 γὰρ
3663 552 3923 622 θεότητος

2341 662 2523 732 φύσις,
2555 657 2828 726 ὑφέστηκε
2858 653 2914 706 δέ
2953 649 3134 711 ίδικῶς
3168 647 3200 698 ὁ
3229 645 3442 715 Πατὴρ,
3469 643 3564 696 καὶ
3613 641 3797 732 μέντοι
3829 639 3924 732 καὶ

2340 729 2369 808 ό
2395 753 2541 814 Υἱὸς,
2582 745 2782 818 ὁμοίως
2809 745 2865 797 δὲ
2895 742 2988 795 καὶ
3014 740 3076 794 τὸ
3105 736 3348 807 Πνεῦμα.
3383 731 3690 806 Πράττεταί
3716 747 3781 800 γε
3811 729 3921 800 μὴν

2341 845 2410 899 τὰ
2442 841 2618 896 πάντα
2652 835 2804 908 παρὰ
2848 833 3083 903 Πατρὸς,
3110 829 3207 883 καὶ
3239 828 3306 882 δι’
3339 825 3469 880 Υίοῦ
3517 827 3576 878 ἐν
3606 822 3920 892 Πνεύματι·

2343 933 2437 988 καὶ
2470 928 2581 986 οἷον
2631 925 2995 996 κεκινημένου
3026 920 3120 975 τοῦ
3157 916 3371 987 Πατρὸς
3399 917 3478 979 εἰς
3515 914 3797 984 ἐνέργειαν
3820 909 3924 980 τὴν

2342 1027 2434 1082 ἐπί
2472 1041 2636 1090 τισιν,
2680 1020 2895 1090 ἐνεργεῖ
2928 1016 2982 1069 δὲ
3024 1015 3240 1077 πάντως
3280 1012 3309 1063 ὁ
3340 1008 3465 1072 Υἱὸς
3505 1009 3563 1062 ἐν
3597 1005 3882 1076 Πνεύματι
3905 1019 3922 1035 ο

2341 1121 2445 1176 κᾶν
2492 1117 2545 1170 εῐ
2591 1132 2646 1168 τι
2690 1110 2903 1180 λέγοιτο
2937 1105 3180 1180 πληροῦν
3232 1104 3260 1156 ὁ
3297 1101 3427 1164 Υίὸς
3472 1100 3507 1170 ἢ
3555 1098 3616 1153 τὸ
3670 1097 3922 1166 Πνεῦμα,

2341 1213 2498 1280 τοῦτο
2543 1211 2608 1283 δὴ
2639 1208 2857 1270 πάντως
2901 1203 3049 1258 ἐστὶν
3087 1205 3150 1256 ἐκ
3191 1201 3424 1274 Πατρὸς,
3463 1199 3556 1253 καὶ
3602 1197 3689 1251 διὰ
3736 1197 3926 1266 πάσης

2342 1303 2565 1372 ἔρχεται
2618 1300 2718 1370 τῆς
2773 1297 2936 1366 ἁγίας
2982 1293 3079 1348 καὶ
3129 1293 3416 1363 ὁμοουσίου
3451 1289 3710 1361 Τριάδος,
3756 1287 3791 1357 ή
3841 1288 3923 1348 είς

2350 1398 2456 1448 πᾶν
2501 1391 2680 1447 ὁτιοῦν
2709 1387 2959 1460 ἐνέργειά
3010 1402 3071 1438 τε
3117 1385 3212 1438 καὶ
3259 1383 3532 1454 βούλησις.
3568 1380 3712 1451 Πλὴν
3760 1377 3818 1430 ἐν
3859 1393 3923 1444 γε

2341 1484 2551 1546 τούτοις
2589 1479 2766 1534 ἐκεῖνό
2810 1493 3008 1547 φαμεν.
3049 1475 3238 1546 Ἀθρει
3277 1474 3342 1545 δὴ
3371 1472 3569 1535 πάλιν,
3614 1469 3689 1532 ὡς
3731 1467 3923 1535 σαφῶς

2341 1592 2401 1627 τε
2446 1574 2538 1626 καὶ
2582 1569 2861 1642 ἐναργῶς,
2901 1568 3078 1621 καίτοι
3115 1566 3294 1636 σάρκα
3334 1564 3509 1631 λέγων
3553 1562 3642 1615 τὸν
3687 1562 3752 1612 ἐκ
3783 1557 3925 1611 Θεοῦ

2344 1663 2672 1732 γεγενῆσθαι
2719 1660 2910 1728 Λόγον,
2941 1657 3041 1727 τὴν
3077 1656 3186 1708 τῶν
3238 1655 3457 1709 ἐννοιῶν
3509 1649 3924 1723 παρασημαίνει

2344 1755 2592 1825 δύναμιν,
2620 1751 2834 1820 καὶτῆς
2856 1748 3146 1820 ὀρθότητος
3173 1745 3440 1815 ἀποφέρει
3471 1743 3706 1814 μακράν·
3741 1741 3924 1809 me».

675 1842 888 1911 longius
938 1845 1208 1909 abducat,
1255 1845 1380 1899 dum
1429 1847 1597 1915 ipsam
1641 1846 2072 1903 incarnationem
2120 1864 2240 1906 esse

2343 1845 2738 1920 έργειαναύτοῦ
2755 1843 2851 1913 τὴν
2872 1842 3146 1911 σάρκωσιν
3161 1837 3496 1906 ἀποφαίνων.
3515 1833 3799 1904 Ἐπιφέρει
3813 1831 3924 1902 γὰρ

675 1941 929 2002 tanquam
956 1934 1073 2002 ejus
1106 1933 1448 1990 ellicientiam
1476 1936 1817 2004 pronuntiat;
1850 1937 2069 2007 subjicit
2095 1939 2238 1993 enim

673 2023 818 2078 illico
849 2042 863 2077 :
904 2043 921 2076 ι
954 2023 1115 2080 Visne
1143 2026 1307 2080 etiam
1339 2026 1500 2080 aliam
1524 2028 1592 2080 ad
1633 2028 1747 2082 haec
1776 2028 1946 2097 ipsius
1963 2029 2242 2086 Trinitatis

673 2113 1348 2185 eﬂicientiam?)quasijam
1364 2116 1600 2184 priorem
1613 2115 1909 2174 DeiVerbil'
1909 2120 2049 2176 uisse
2063 2131 2242 2177 osten-

673 2206 812 2259 derit
847 2204 1221 2270 etIicientiam,
1247 2207 1300 2260 id
1329 2207 1503 2276 ipsum
1548 2209 1690 2278 quod
1745 2224 1875 2265 caro
1908 2210 2107 2265 factum
2136 2222 2237 2280 est,

674 2297 969 2352 secundum
990 2297 1300 2366 Scripturas
1320 2312 1334 2350 :
1356 2307 1410 2353 et
1433 2315 1682 2368 quaenam
1709 2303 1778 2355 sit
1811 2302 1897 2355 illa
1920 2303 2088 2356 altera
2123 2314 2243 2372 post

675 2386 820 2441 illam
859 2388 1095 2456 priorem
1122 2389 1433 2454 ellicientia,
1465 2390 1821 2461 demonstrat,
1851 2405 1908 2448 ut
1930 2396 2043 2466 ipse
2067 2409 2237 2465 putat,

676 2492 740 2532 ac
772 2478 921 2534 dicit:
946 2496 964 2528 ι
998 2477 1272 2535 Habitavit
1297 2479 1467 2537 Filius
1495 2483 1550 2537 in
1582 2497 1826 2554 corpore.
1859 2505 1877 2537 ι
1905 2487 2043 2556 Ergo
2065 2489 2244 2543 Deifer

677 2571 836 2625 homo
876 2570 981 2625 erit
1019 2571 1315 2628 Christus:
1351 2574 1543 2630 deinde
1589 2575 1643 2629 id
1699 2576 1872 2633 solum
1918 2580 1971 2634 in
2024 2582 2242 2639 homine

672 2661 918 2717 olfecisse
943 2660 1037 2716 Dei
1065 2661 1348 2732 Patrisque
1381 2663 1620 2722 Verbum
1644 2709 1660 2732 ,
1715 2670 2058 2740 perspicuum
2093 2675 2196 2728 erit
2225 2691 2240 2740 ;

673 2753 855 2821 itaque
878 2754 1124 2821 quamvis
1153 2754 1296 2809 dicat
1326 2756 1512 2812 beatus
1533 2759 1861 2829 evangelista
1885 2777 1897 2812 :
1921 2762 2033 2832 98
2063 2783 2081 2816 ‹
2115 2763 2244 2819 Ver-

673 2840 799 2895 bum
835 2857 963 2897 caro
999 2844 1197 2899 factum
1234 2855 1340 2914 est,
1396 2859 1452 2902 et
1502 2849 1765 2905 habitavit
1818 2852 1870 2907 in
1901 2855 2076 2918 nobis,
2110 2874 2129 2909 ι
2168 2857 2241 2911 nil

675 2933 818 2988 aliud
848 2934 1051 2991 indicat
1073 2936 1177 2992 nisi
1211 2938 1341 2993 illud
1360 2939 1555 3008 solum,
1591 2942 1847 2998 nimirum
1879 2946 2051 3016 ipsum
2076 2947 2239 3004 Deum

674 3025 913 3080 Verbum
957 3027 1009 3080 in
1057 3028 1279 3085 homine
1333 3030 1628 3100 habitasse,
1675 3043 1737 3090 ut
1772 3037 1932 3092 etiam
1985 3040 2038 3094 in
2085 3042 2241 3098 nobis

675 3113 827 3182 ipsis.
885 3115 1105 3186 Templa
1161 3133 1390 3188 namque
1446 3137 1634 3178 sumus
1690 3123 1780 3178 Dei
1815 3128 2043 3184 viventis
2071 3130 2236 3196 ‘°;et

2342 1937 2524 2001 εὐθύς·
2535 1956 2552 1989 ι
2565 1935 2754 1988 Βούλει
2767 1933 2860 1986 καὶ
2871 1931 3037 1998 ἄλλην
3052 1929 3142 1983 ἐπὶ
3154 1929 3367 1990 τούτοις
3383 1927 3565 1989 αὐτοῖς
3578 1924 3677 1994 τῆς
3690 1923 3926 1994 Τριάδος

2343 2029 2653 2098 ἐνέργειαν;
2698 2045 2716 2077 ι
2744 2024 2818 2087 ὡς
2848 2023 2949 2093 ἤδη
2983 2021 3205 2092 πρώτην
3249 2017 3605 2088 ἀποδεδειχὼς
3635 2016 3924 2086 ἐνέργειαν

2341 2119 2434 2171 τοῦ
2456 2117 2591 2172 Θεοῦ
2612 2118 2808 2182 Λόγου,
2831 2114 2890 2167 τὸ
2908 2114 3084 2182 σάρκα
3108 2109 3386 2178 γενέσθαι,
3403 2108 3542 2162 κατὰ
3555 2107 3655 2171 τὰς
3670 2107 3921 2179 Γραφάς.

2343 2209 2553 2270 Καὶτίς
2586 2208 2619 2277 ἡ
2649 2206 2813 2275 ἑτέρα
2847 2203 2985 2273 μετὰ
3006 2202 3104 2273 τὴν
3129 2200 3354 2272 πρώτην
3369 2199 3649 2270 ἐνέργειαν
3679 2198 3922 2251 διαδείκο

2343 2317 2496 2353 νυσιν
2521 2299 2631 2370 [Im
2655 2295 2915 2367 δεικνύς],
2938 2295 3125 2365 ὥσπερ
3147 2294 3338 2358 οἴεται,
3369 2291 3553 2362 φησίν·
3574 2309 3591 2342 t
3614 2288 3923 2359 Ἐνῴκησεν

2341 2394 2369 2445 δ
2388 2393 2514 2455 Υἱὸς
2535 2393 2591 2443 ἐν
2606 2389 2683 2460 τῷ
2706 2389 2937 2458 σώματι.
2973 2408 2990 2438 ι
3016 2387 3283 2458 Θεοφόρος
3307 2382 3402 2438 οῦν
3431 2384 3716 2455 ἄνθρωπος
3734 2385 3763 2436 ὁ
3785 2383 3922 2454 Χρι-

2344 2483 2486 2546 στός.
2512 2478 2644 2535 Εἶτα
2665 2480 2759 2534 καὶ⁵
2784 2479 2942 2548 μόνον
2977 2476 3134 2529 τοῦτο
3167 2477 3470 2546 ἐνεργήσας
3511 2475 3590 2537 είς
3631 2473 3922 2544 ἄνθρωπον

2342 2574 2370 2626 ὁ
2393 2571 2486 2625 τοῦ
2514 2569 2650 2624 Θεοῦ
2680 2569 2774 2622 καὶ
2806 2567 3017 2638 Πατρὸς
3035 2564 3374 2633 διαφαίνεται
3405 2563 3596 2632 Λόγος·
3618 2562 3783 2626 ὥστε,
3814 2564 3922 2615 κᾶν

2343 2666 2392 2718 εἰ
2421 2663 2568 2731 λέγοι
2601 2659 2762 2730 τυχὸν
2788 2659 2818 2711 ὁ
2860 2656 3127 2728 μακάριος
3160 2654 3568 2725 εὐαγγελιστὴς,
3605 2672 3624 2704 ι
3659 2654 3717 2705 '0
3746 2653 3922 2721 Λόγος

2345 2754 2483 2825 σὰρξ
2503 2752 2739 2821 ἐγένετο,
2777 2748 2871 2802 καὶ
2892 2749 3200 2818 ἐσκήνωσεν
3236 2748 3293 2799 ἐν
3339 2747 3494 2815 ἡμῖν,
3528 2764 3546 2797 ι
3580 2744 3921 2815 καταδηλοῦν

2343 2846 2475 2916 ἡμῖν
2512 2843 2700 2914 ἕτερον
2733 2841 2904 2906 οὐδὲν,
2933 2837 3073 2908 πλὴν
3107 2839 3284 2891 ἐκεῖνο
3333 2835 3427 2890 καὶ
3465 2836 3645 2906 μόνον,
3671 2836 3752 2888 ὅτι
3783 2852 3919 2888 κατ-

2342 2935 2559 3006 ῴκησεν
2589 2936 2647 2987 ἐν
2665 2931 2938 3004 ἀνθρώπῳ
2970 2929 3102 2993 Θεὸς
3133 2928 3209 2981 ὢν
3240 2930 3269 2980 ὀ
3307 2929 3499 2996 Λόγος,
3540 2927 3685 2982 καθὰ
3724 2928 3813 2980 καὶ
3861 2928 3920 2982 ἐν

2344 3029 2475 3100 ἡμῖν
2526 3027 2729 3090 αὐτοῖς.
2769 3023 2908 3078 Ναοὶ
2938 3021 3048 3092 γάρ
3085 3023 3253 3091 ἐσμεν
3283 3018 3421 3072 Θεοῦ
3467 3016 3669 3082 ζῶντος
3691 3058 3706 3082 ,
3739 3019 3837 3072 καὶ
3862 3019 3923 3070 ἐν

2343 3120 2521 3186 τούτῳ
2573 3116 2916 3186 γινώσκομεν
2961 3113 3042 3166 ὅτι
3096 3114 3154 3164 ἐν
3199 3112 3334 3182 ἡμῖν
3369 3111 3536 3176 ἐστιν,
3567 3111 3650 3164 ὅτι
3701 3110 3766 3164 ἐκ
3822 3108 3922 3163 τοῦ

676 3204 732 3258 in
761 3206 862 3260 hoc
889 3210 1271 3274 cognoscimus
1295 3213 1436 3279 quod
1465 3214 1516 3266 in
1542 3213 1697 3269 nobis
1727 3225 1830 3281 est,
1859 3220 1985 3287 quia
2013 3235 2081 3275 ex
2117 3222 2241 3290 Spi-

2344 3209 2661 3281 Πνεύματος
2714 3204 2880 3259 αὐτοῦ
2925 3202 3327 3258 ἔδωκεν.¹Ἀλλ’
3357 3203 3417 3255 οὐ
3449 3202 3609 3256 τοῦτο
3649 3203 3749 3272 μὲν
3790 3201 3924 3265 ἴσως

676 3295 780 3348 ritu
840 3311 938 3349 suo
976 3298 1123 3352 dedit
1179 3299 1336 3354 nobis
1392 3301 1458 3357 “.
1497 3302 1602 3356 Sed
1658 3303 1711 3358 id
1750 3305 1981 3363 fortasse
2024 3312 2243 3368 minime

672 3386 820 3441 dices
849 3429 864 3452 ,
927 3389 1320 3458 blasphemiam
1367 3394 1731 3451 reformidans
1783 3415 1797 3452 :
1842 3414 1904 3455 ac
1960 3403 2241 3458 uobiscum

674 3477 1022 3533 conﬁteberis
1059 3483 1230 3550 ipsum
1263 3483 1355 3537 Dei
1395 3484 1631 3540 Verbum
1671 3489 1944 3545 hominem
1979 3493 2182 3548 factum
2225 3513 2239 3550 :

676 3569 836 3636 idque
865 3585 986 3627 esse
1017 3574 1443 3629 incarnationem
1490 3591 1504 3631 :
1551 3582 1855 3636 consenties
1887 3586 2050 3638 etiam
2093 3603 2244 3643 man-

676 3661 812 3715 sisse
843 3662 1034 3729 Deum,
1069 3671 1120 3716 et
1153 3679 1264 3718 suae
1290 3675 1498 3722 natura:
1528 3670 1695 3725 decus
1746 3686 2015 3741 servasse,
2051 3688 2243 3746 quam-

675 3751 758 3806 vis
793 3754 1095 3820 appellatus
1125 3755 1194 3808 sit
1222 3754 1394 3810 Filius
1438 3758 1697 3827 hominis,
1743 3762 1902 3834 idque
1947 3770 2264 3823 secundum-

673 3843 956 3897 veritatem
987 3843 1170 3898 fuerit.
1201 3845 1342 3910 Quid
1373 3847 1664 3916 igiturjam
1698 3850 1790 3906 tibi
1827 3855 2046 3921 accidit,
2080 3867 2138 3911 ut
2163 3858 2245 3911 di-

675 3947 829 3988 ceres
859 3933 1029 4002 ipsum
1059 3933 1278 3991 Patrem
1311 3937 1472 3992 simul
1500 3953 1686 3994 secum
1721 3944 2006 4001 considere
2048 3945 2243 4002 iecisse

675 4025 1068 4078 humanitatem
1113 4037 1489 4098 assumptam,
1527 4045 1590 4085 ac
1644 4047 1751 4087 non
1801 4036 1977 4104 potius
2023 4037 2077 4092 in
2133 4055 2245 4093 sua:

672 4115 842 4183 ipsius
874 4116 1172 4171 divinitatis
1205 4118 1422 4174 sedibus
1470 4123 1778 4180 constitisse
1823 4142 1887 4180 ex
1923 4128 2011 4183 Dei
2042 4129 2245 4186 Patris-

673 4221 778 4274 que
802 4207 1157 4275 beneplacito,
1191 4219 1368 4264 ortum
1393 4227 1457 4266 ex
1485 4226 1549 4267 eo
1583 4214 1814 4270 Verbum
1839 4220 2001 4272 etiam
2028 4233 2245 4290 postea-

672 4307 836 4361 quam
873 4291 1072 4347 factum
1105 4306 1187 4348 est
1217 4296 1378 4351 homo
1403 4335 1418 4360 ,
1452 4313 1520 4351 ne
1561 4298 1729 4368 ipsius
1768 4304 2076 4359 humanitas
2125 4316 2244 4360 tan-

673 4398 836 4451 quam
866 4381 1013 4440 abeo
1037 4387 1247 4442 diversa
1281 4389 1615 4460 intelligatur
1639 4403 1733 4448 aut
1763 4395 1980 4450 dicatur
2006 4411 2034 4450 a
2062 4400 2238 4463 nobis,

672 4490 793 4529 cum
834 4491 957 4530 vera
991 4478 1120 4532 unio
1146 4489 1202 4532 'et
1243 4495 1404 4536 unum
1434 4497 1553 4537 esse
1593 4483 1744 4538 illum
1793 4488 2043 4541 ostendat
2087 4491 2242 4544 nobis

2344 3302 2507 3370 ἐρεῖς,
2553 3297 2977 3367 καταναρκήσας
3030 3295 3130 3364 τὴν
3171 3294 3523 3365 δυσφημίανο
3559 3293 3923 3364 ὁμολογήσεις

2342 3389 2398 3442 δέ
2432 3389 2551 3460 μεθ’
2572 3389 2751 3460 ήμῶν,
2781 3391 2863 3443 ὅτι
2891 3390 3116 3459 γέγονεν
3143 3388 3429 3460 ἄνθρωπος
3454 3389 3483 3439 ὁ
3513 3387 3608 3441 τοῦ
3638 3385 3774 3440 Θεοῦ
3813 3386 3922 3440 A6-

2342 3493 2437 3545 γος
2460 3494 2472 3507 ·
2505 3481 2598 3532 καὶ
2656 3479 2814 3533 τοῦτό
2855 3481 3003 3534 ἐστιν
3028 3482 3062 3550 ή
3101 3481 3400 3551 σάρκωσις.
3443 3478 3694 3550 Συνθήσῃ
3732 3477 3807 3544 δέ,
3835 3479 3924 3531 ὅτι

2347 3570 2626 3640 μεμένηκε
2658 3570 2812 3635 Θεὸς,
2843 3572 2937 3625 καὶ
2968 3571 3028 3624 τὸ
3061 3572 3161 3642 τῆς
3208 3571 3344 3634 ιδίας
3383 3570 3598 3640 φύσεως
3622 3569 3924 3623 διεσώσατο

2344 3660 2573 3725 κάλλος·
2609 3661 2714 3714 κᾶν
2754 3663 2804 3714 εί
2855 3663 3262 3733 κεχρημάτικεν
3309 3663 3438 3726 Υἱὸς
3483 3660 3792 3733 ἅνθρώπου,
3823 3661 3922 3728 rb

2343 3753 2467 3819 γονέ
2495 3769 2554 3804 τε
2576 3751 2733 3806 τοῦτο
2753 3754 2894 3807 κατὰ
2914 3754 3193 3824 ἀλήθειαν.
3209 3748 3341 3806 Εἶτα
3373 3753 3426 3806 τί
3457 3752 3646 3823 μαθὼν
3673 3753 3783 3824 Ila.
3808 3769 3921 3804 πα-

2346 3839 2498 3910 θὼν],
2539 3841 2867 3910 συγκαθίσαι
2903 3842 3009 3912 φὴς
3043 3842 3222 3913 ἐαυτῷ
3262 3843 3352 3896 τὸν
3389 3842 3629 3913 Πατέρα,
3658 3843 3758 3912 τὴν
3787 3844 3922 3896 ἀνα-

2345 3927 2643 3997 ληφθεῖσαν
2684 3931 3099 4002 ἀνθρωπότητα,
3137 3933 3232 3985 καὶ
3281 3932 3401 4003 οὐχὶ
3433 3934 3497 4003 δὴ
3531 3932 3750 4002 μᾶλλον,
3802 3937 3922 3998 τοῖς

2343 4020 2440 4087 τῆς
2475 4019 2609 4082 ἰδίας
2640 4021 2894 4090 θεότητος
2915 4023 3222 4093 ἐνιδρύσθαι
3253 4022 3471 4087 θώκοις,
3498 4023 3556 4074 ἐν
3577 4022 3797 4094 εύδοκίᾳ
3817 4025 3920 4077 τοῦ

2343 4108 2480 4161 Θεοῦ
2534 4112 2626 4162 καὶ
2662 4111 2874 4181 Πατρὸς
2899 4150 2913 4176 ,
2951 4113 3042 4164 καὶ
3081 4112 3369 4182 ἄνθρωπον
3409 4112 3666 4180 γεγονότα
3719 4112 3810 4165 τὸν
3858 4113 3920 4178 ἐξ

2345 4200 2512 4253 αὑτοῦ
2539 4201 2712 4270 φύντα
2745 4202 2938 4270 Λόγον,
2974 4203 3058 4255 ἵνα
3095 4203 3170 4273 μὴ
3193 4202 3269 4266 ὡς
3291 4203 3456 4273 ἑτέρα
3483 4220 3568 4265 τις
3596 4205 3726 4273 παρ’
3752 4204 3920 4257 αὑτὸν

2345 4290 2378 4359 ἡ
2406 4290 2760 4362 ἀνθρωπότης
2785 4291 2949 4344 αὑτοῦ
2990 4293 3126 4364 πρὸς
3166 4293 3321 4363 ἡμῶν
3355 4296 3524 4346 νοοῖτο
3557 4295 3650 4346 καὶ
3682 4295 3918 4362 λέγοιτο,

2345 4380 2520 4433 καίτοι
2540 4381 2638 4450 τῆς
2661 4383 2801 4435 κατὰ
2835 4383 3095 4452 ἀλήθειαν
3129 4384 3392 4449 ένώσεως,
3422 4385 3518 4437 ἕνα
3539 4401 3600 4437 τε
3625 4387 3756 4454 ἡμῖν
3782 4387 3920 4439 ἀπο-

2346 4471 2641 4543 φαινούσης
2665 4473 2847 4536 αὐτὸν,
2871 4473 2966 4528 καὶ
2989 4474 3088 4527 οὐκ
3111 4474 3391 4545 ἀλλότριον
3422 4475 3588 4528 αὑτοῦ
3618 4477 3716 4548 τὴν
3739 4477 3919 4548 σάρκα

671 4575 725 4619 et
758 4565 874 4634 ejus
913 4582 1129 4622 carnem
1163 4585 1266 4624 non
1313 4587 1431 4627 esse
1466 4575 1532 4629 ab
1561 4589 1625 4629 eo
1673 4578 1953 4631 alienam?
2001 4580 2236 4635 Convin-

2347 4563 2543 4628 αὑτοῦ;
2581 4563 2898 4632 Ψευδοεπὴς
2923 4560 3016 4616 οὖν
3059 4565 3190 4634 ἄρα,
3224 4566 3318 4618 καὶ
3356 4565 3620 4637 λογισμοῦ
3645 4547 3753 4619 ατοῦ
3783 4547 3921 4621 καθ-

673 4657 813 4712 ceris
841 4673 969 4726 ergo
999 4659 1050 4712 in
1077 4661 1175 4713 hoc
1204 4675 1423 4730 quoque
1457 4666 1714 4730 mendax,
1748 4677 1802 4722 et
1831 4684 1858 4721 a
1893 4681 2039 4725 recta
2072 4673 2241 4725 ratio-

673 4748 944 4802 cinatione
994 4764 1098 4802 non
1141 4766 1328 4819 parum
1376 4754 1659 4809 aberrans.
1701 4757 1779 4810 Ac
1824 4759 1868 4812 si
1918 4761 2052 4814 nihil
2096 4761 2239 4816 aliud

671 4846 753 4892 est
786 4839 968 4893 dicere
997 4838 1226 4894 Verbum
1269 4841 1467 4896 factum
1513 4859 1634 4900 esse
1659 4859 1877 4902 carnem
1906 4891 1919 4915 ,
1967 4853 2068 4906 nisi
2099 4855 2240 4921 quod

674 4931 876 4985 factum
904 4941 986 4985 est
1036 4934 1193 4988 homo
1221 4971 1236 4997 ,
1291 4947 1501 4989 servata
1557 4939 1878 4995 excellentia
1923 4943 2240 5011 divinitatis,

675 5034 1004 5088 manensque
1030 5020 1170 5088 quod
1201 5032 1338 5087 erat,
1373 5040 1604 5092 quanam
1636 5038 1865 5082 externa
1896 5030 2064 5098 gloria
2101 5048 2236 5102 opus

675 5110 879 5172 habuit,
900 5126 1021 5164 cum
1051 5113 1164 5180 ipse
1191 5113 1449 5169 Dominus
1479 5127 1620 5171 esset
1643 5119 1866 5187 gloriae?
1888 5120 2239 5176 Gloriticaba-

678 5210 763 5252 tur
783 5202 926 5254 enim
957 5203 1072 5256 sine
1099 5203 1281 5269 dubio,
1311 5207 1517 5273 Spiritu
1545 5209 1726 5264 divina
1753 5211 2019 5269 emciente
2055 5218 2235 5287 signa,

677 5305 780 5345 non
818 5302 872 5346 ut
910 5293 1084 5348 Deifer
1119 5296 1298 5359 homo,
1336 5299 1402 5351 ab
1438 5309 1665 5354 externa
1707 5305 2096 5374 superioreque
2145 5323 2237 5360 ua-

678 5397 797 5437 tura
827 5399 890 5440 eo
923 5401 1147 5440 munere
1193 5399 1504 5457 comparato
1533 5434 1548 5457 ,
1586 5402 1642 5447 ut
1689 5394 1844 5449 nobis
1885 5398 2110 5462 accidit,
2148 5403 2240 5454 sed

679 5473 881 5543 Spiritu
914 5485 1161 5543 tanquam
1196 5479 1413 5546 proprio
1438 5495 1588 5536 usus.
1645 5483 1782 5538 Deus
1833 5486 1976 5540 enim
2015 5500 2133 5542 erat
2174 5508 2239 5543 ex

680 5573 898 5630 natura;
926 5566 1151 5635 ideoque
1183 5568 1411 5637 Spiritus
1445 5572 1557 5641 ejus
1591 5577 1655 5627 ab
1685 5592 1749 5630 eo
1795 5594 1900 5632 non
1945 5592 2061 5635 erat
2106 5584 2236 5636 alic-

746 5723 792 5755 ⁸ο
829 5722 848 5776 Ι
886 5722 1008 5780 Cor.
1036 5741 1110 5794 vt,
1137 5727 1220 5780 16.
1298 5731 1338 5760 δι
1380 5729 1399 5782 l
1433 5730 1584 5786 Joan.
1614 5749 1683 5802 iv,
1719 5735 1806 5788 l5.

2343 4656 2570 4724 ήκοντος
2592 4655 2653 4706 οὐ
2688 4653 2922 4725 μετρίως
2948 4653 3310 4725 ἡμαρτηκὼς,
3352 4656 3548 4727 ἁλίσκῃ
3581 4659 3686 4710 κάν
3715 4657 3915 4729 τούτῳ.

2344 4747 2452 4797 Καὶ
2482 4748 2529 4798 εί
2576 4746 2742 4815 μηδὲν
2776 4746 2960 4817 ἕτερόν
3000 4749 3117 4798 ἐστι
3159 4746 3218 4798 τὸ
3265 4746 3509 4817 φάναιδὴ
3548 4749 3722 4818 σάρκα
3753 4765 3920 4817 γεγε-

2344 4838 2537 4906 νῆσθαι
2563 4839 2652 4892 τὸν
2688 4838 2882 4905 Λόγον,
2912 4839 2945 4908 ἢ
2974 4839 3055 4890 ὅτι
3088 4839 3313 4907 γέγονεν
3343 4839 3628 4910 ἄνθρωπος
3655 4843 3712 4893 ἐν
3743 4842 3919 4913 ὑπερ-

2343 4932 2441 5000 οχῇ
2466 4931 2716 4998 θεότητος
2743 4929 2838 4995 ὢν,
2871 4932 2964 4983 καὶ
3007 4929 3332 5001 μεμενηκὼς
3378 4932 3516 5001 ὅπερ
3543 4927 3631 5002 ἢν,
3657 4933 3816 4995 ποίας
3851 4933 3920 4986 ἂν

2347 5019 2540 5089 ἐδεήθη
2578 5020 2675 5089 τῆς
2709 5019 2904 5084 ἔξωθεν
2948 5020 3124 5089 δόξης,
3165 5020 3340 5072 καίτοι
3391 5021 3489 5090 τῆς
3521 5022 3678 5092 δόξης
3712 5022 3919 5096 Κύριος

2345 5106 2422 5159 ὢν
2451 5108 2643 5172 ain-6;;
2675 5108 2980 5174 Ἐδοξάζετο
3007 5109 3103 5176 μὲν
3132 5110 3239 5178 γὰρ
3277 5109 3742 5181 ὁμολογουμένως,
3766 5113 3849 5163 ἐνε
3863 5129 3922 5181 ρ-

2348 5197 2569 5265 γοῦντος
2595 5197 2688 5250 τοῦ
2728 5199 3044 5267 Πνεύματος
3071 5200 3167 5262 τὰς
3200 5199 3529 5269 θεοσημίας·
3565 5201 3678 5253 ἀλλ’
3710 5201 3806 5271 οὐχ
3841 5202 3921 5265 ὼς

2349 5288 2629 5357 ἄνθρωπος
2658 5289 2933 5359 θεοφόρος,
2969 5290 3027 5354 ἐξ
3059 5291 3270 5353 ὀθνείας
3296 5309 3352 5344 τε
3385 5294 3476 5343 καὶ
3514 5294 3921 5363 ὑπερκειμένης

2353 5379 2564 5447 φύσεως
2603 5379 2663 5432 τὸ
2707 5381 2894 5450 χρῆμα
2949 5382 3265 5451 κερδαίνων,
3321 5382 3461 5434 καθὰ
3493 5383 3584 5435 καὶ
3618 5385 3808 5452 ἡμεῖς·
3845 5386 3924 5446 ὡς

2355 5471 2467 5540 ἰδίῳ
2495 5471 2549 5523 δὲ
2592 5471 2790 5541 μᾶλλον
2821 5473 3162 5543 κεχρημένος
3200 5473 3276 5543 τῷ
3316 5474 3616 5542 Πνεύματι.
3649 5475 3782 5538 Θεὸς
3812 5477 3925 5546 γὰρ

2349 5558 2416 5632 ἦν
2465 5563 2664 5632 φύσει,
2729 5566 2822 5619 καὶ
2865 5567 2962 5619 οὐκ
3014 5567 3291 5637 ἀλλότριον
3350 5567 3513 5621 αὑτοῦ
3571 5568 3630 5621 τὸ
3693 5566 3926 5622 Πνεῦμα
