4078 6348
637 373 738 431 175

1635 381 1688 437 S.
1733 381 2002 438 CYRI-LLI
2042 378 2500 437 ALEXANDRINI
2539 379 2844 440 ARCHIEP.

3766 385 3874 441 176

633 490 879 556 ascitam,
908 495 1003 548 sed
1038 494 1360 552 intrinsecus
1387 506 1436 550 et
1465 513 1526 551 ex
1552 499 1727 568 seipse
1752 499 1941 555 habeat
1976 510 2030 555 ut
2063 514 2176 570 ope

2296 498 2395 562 ιεὶς
2437 497 2670 570 [συνίης]
2704 495 2797 553 οὖν
2844 498 2990 561 ὅπως
3041 498 3137 552 οὐκ
3190 499 3600 570 είσκεκριμένον
3642 499 3868 565 ἔξωθεν,

634 584 739 637 rati
773 593 824 638 et
852 583 1059 640 cllicere
1094 587 1285 656 possit,
1321 598 1374 643 et
1405 589 1469 641 ab
1502 589 1904 646 inﬁrmitatibus
1936 591 2188 648 liberare.

635 668 833 726 Scribit
861 674 1023 727 etiam
1052 674 1244 728 alicubi
1282 677 1470 731 beatus
1502 678 1834 747 evangelista
1863 679 2144 735 Matthmus
2178 700 2188 733 :

637 778 653 809 ι
702 760 763 816 Et
792 763 970 818 omnis
1007 765 1160 820 turba
1197 767 1472 835 quaerebat
1508 783 1628 822 eum
1658 779 1900 837 tangere,
1926 771 2050 840 quia
2085 772 2190 824 vir-

634 865 721 909 tus
766 857 830 911 de
876 856 966 912 illo
1007 858 1206 923 exibat,
1269 868 1321 913 et
1371 861 1591 913 sanabat
1636 875 1824 916 omnes
1880 861 1942 914 σο.
1981 880 1998 912 ι
2038 862 2195 932 ιοο

632 941 817 1000 Virtus
851 959 978 1017 ergo
1008 946 1123 1014 ejus
1169 957 1252 1003 est
1299 947 1414 1015 ejus
1453 947 1742 1018 Spiritus:
1787 949 1946 1018 idque
1994 953 2192 1004 contir-

633 1044 742 1091 mat
773 1036 961 1092 beatus
997 1037 1159 1092 David
1186 1053 1308 1094 cum
1347 1039 1478 1093 dicit
1507 1056 1521 1091 :
1556 1057 1574 1091 ι
1617 1038 1791 1094 Verbo
1829 1039 2036 1094 Domini
2069 1040 2191 1096 coeli

634 1125 830 1180 firmati
877 1137 1022 1194 sunt,
1057 1138 1110 1182 et
1145 1130 1352 1197 Spiritu
1382 1131 1493 1185 oris
1543 1130 1657 1198 ejus
1685 1129 1863 1186 omnis
1896 1131 2065 1185 virtus
2096 1146 2189 1186 co-

630 1230 748 1270 rum
783 1217 848 1271 ⁶¹.
900 1237 916 1270 ι
953 1218 1028 1273 Os
1065 1228 1243 1273 autem
1279 1220 1372 1275 Dei
1406 1235 1468 1275 ac
1519 1221 1696 1277 Patris
1729 1263 1743 1286 ,
1797 1223 1968 1291 ipsum
2021 1234 2085 1276 ex
2126 1236 2189 1277 eo

632 1306 864 1362 Verbum
917 1308 1190 1377 appellat,
1233 1311 1387 1379 cujus
1434 1311 1636 1380 Spiritu
1664 1351 1678 1376 ,
1721 1328 1843 1382 qua:
1881 1328 1974 1382 per
2015 1313 2188 1383 ipsum

629 1396 766 1451 iacta
823 1408 988 1462 sunt,
1038 1401 1385 1454 continentur
1443 1410 1502 1454 ut
1550 1403 1870 1458 subsiStant.
1922 1403 2188 1459 Hactenus

630 1485 787 1555 igitur
810 1484 920 1540 dixi
948 1487 1402 1557 quemadmodum
1430 1489 1650 1558 pietatis
1683 1494 2019 1562 mysterium,
2046 1495 2185 1564 quod

627 1575 725 1645 ipsi
761 1592 972 1647 quoque
1023 1577 1360 1634 admirantur
1388 1581 1586 1651 angeli,
1644 1582 1708 1637 ad
1758 1583 1982 1638 nihilum
2024 1585 2188 1641 dedu-

624 1677 732 1734 cat,
771 1677 826 1723 et
873 1668 1145 1741 negligens
1177 1670 1424 1740 dogmata
1462 1673 1735 1739 veritatis,
1792 1684 2065 1743 extenuet,
2104 1677 2184 1732 di-

625 1772 789 1814 cens:
827 1776 844 1810 ι
872 1759 1035 1816 Visne
1058 1769 1113 1816 et
1140 1760 1297 1816 aliam
1328 1763 1394 1817 ad
1429 1762 1543 1818 haec
1563 1765 1880 1833 adjiciamus
1905 1765 2187 1824 Trinitatis

2299 593 2408 646 ἀλλ’
2443 593 2653 646 οἴκοθεν
2681 592 2792 663 ἔχει
2817 593 2907 645 καὶ
2937 591 2995 656 ἐξ
3020 593 3182 646 αὐτοῦ
3216 593 3274 646 τὺ
3305 595 3546 664 ἐνεργεῖν
3577 593 3866 654 δύνασθαι.

2298 686 2386 738 καὶ
2425 684 2789 739 ἀπαλλάττειν
2812 686 3284 757 ἀρρωστημάτων.
3308 685 3516 756 Γράφει
3545 685 3601 738 δέ
3638 702 3739 740 που
3772 688 3870 738 καὶ

2295 778 2322 828 6
2377 776 2645 845 μακάριος
2695 775 3089 845 εὐαγγελιστὴς
3133 775 3443 839 Ματθαῖος⁶
3487 796 3506 828 ι
3536 777 3644 829 Καὶ
3686 780 3793 838 πᾶς
3839 782 3871 831 6

2294 866 2447 937 ὄχλος
2467 868 2649 938 ἐζήτει
2673 867 2940 921 ἆπτεσθαι
2965 865 3152 933 αὐτοῦ,
3174 868 3255 920 ὃτι
3283 867 3510 936 δύναμις
3544 871 3674 940 παρ’
3697 869 3869 924 αὑτοῦ

2295 959 2572 1030 ἐξήρχετο,
2605 960 2701 1014 καὶ
2733 959 2850 1016 ίᾶτο
2888 961 3114 1023 πάντας.
3145 979 3165 1011 ο
3194 961 3430 1032 Δύναμις
3465 957 3555 1015 οῦν
3588 961 3774 1026 αὑτοῦ,
3805 962 3872 1012 τὸ

2294 1050 2540 1121 Πνεῦμα¹
2571 1051 2765 1105 αὐτοῦ’
2817 1053 2912 1104 καὶ
2945 1050 3275 1104 πιστώσεται
3311 1050 3486 1118 λέγων
3511 1052 3539 1105 ό
3577 1050 3870 1113 θεσπέσιος

2295 1141 2456 1194 Δαὸίδ
2476 1157 2489 1170 °
2529 1160 2546 1193 ι
2585 1141 2676 1212 Τῷ
2701 1141 2844 1212 λόγῳ
2878 1142 3084 1213 Κυρίου
3106 1142 3155 1195 οἱ
3183 1141 3400 1212 οὐρανοὶ
3425 1140 3863 1212 ἐστερεώθησαν,

2296 1232 2393 1283 κα)⁸
2445 1231 2524 1300 τῷ
2552 1229 2827 1301 Πνεύματι
2850 1231 2944 1285 τοῦ
2975 1232 3239 1303 στόματος
3267 1230 3432 1284 αὐτοῦ
3465 1233 3614 1284 πᾶσα
3645 1233 3676 1301 ἡ
3704 1229 3840 1284 δύνα

2298 1337 2389 1390 μις
2417 1322 2617 1375 αὐτῶν.
2655 1341 2672 1374 ι
2708 1322 2889 1392 Στόμα
2917 1323 2972 1376 δὲ
3002 1321 3097 1377 τοῦ
3132 1321 3270 1374 Θεοῦ
3303 1322 3397 1374 καὶ
3422 1321 3655 1392 Πατρδς,
3685 1321 3777 1373 τὸν
3803 1319 3870 1386 ὲξ

2291 1412 2454 1466 αὐτοῦ
2505 1429 2640 1483 φησι
2689 1412 2893 1481 Λόγον,
2931 1406 2994 1466 οὗ
3045 1413 3124 1484 τῷ
3157 1410 3441 1482 Πνεύματι
3489 1411 3865 1481 διακρατεῖται

2292 1505 2428 1576 πρὸς
2453 1503 2706 1576 ὓπαρξιν,
2736 1506 2805 1560 τὰ
2841 1506 2909 1560 δι’
2950 1507 3114 1560 αὑτοῦ
3152 1507 3430 1576 γεγονότα.
3467 1505 3604 1574 Ἤδη
3643 1507 3740 1575 μὲν
3768 1502 3868 1559 οὖν

2291 1597 2427 1668 ἔφην
2460 1599 2542 1652 ὅτι
2580 1599 2678 1668 τῆς
2701 1598 2981 1661 εὐσεϐείας
3004 1599 3064 1651 τὸ
3093 1600 3410 1670 μυστήριον,
3441 1597 3471 1651 ὃ
3501 1599 3591 1650 καὶ
3615 1599 3746 1667 παρ’
3767 1599 3868 1650 a6-

2290 1691 2400 1751 τοῖς
2426 1688 2802 1759 τεθαύμασται
2835 1693 2949 1754 τοῖς
2979 1691 3154 1760 ἁγίοις
3197 1691 3471 1759 ἀγγέλοις,
3502 1691 3866 1760 κατακομίζει

2291 1780 2426 1850 πρὸς
2462 1781 2523 1834 τὸ
2553 1782 2737 1851 μηδὲν,
2772 1782 2868 1834 καὶ
2907 1784 3016 1836 τῶν
3045 1784 3126 1846 είς
3164 1782 3422 1851 ἀλήθειαν
3469 1783 3752 1850 δογμάτων
3798 1783 3866 1834 οὗ

623 1852 1028 1920 operationem?
1071 1851 1398 1909 lnliabitavit
1429 1856 1598 1913 Filius
1639 1860 1690 1913 in
1720 1874 1945 1929 corpore
1985 1874 1998 1913 :
2033 1874 2176 1915 eom-

2290 1871 2689 1940 πεφροντικὼς,
2727 1873 3155 1943 κατασμικρύνει
3181 1913 3196 1937 ,
3227 1874 3435 1942 λέγων’
3473 1892 3493 1926 ι
3532 1874 3713 1927 Βούλει
3768 1877 3867 1927 καὶ

622 1943 893 1996 mendavit
929 1944 1259 2012 baptizatum
1323 1944 1518 2000 Pater:
1557 1947 1808 2004 formavit
1854 1951 1906 2004 in
1959 1948 2178 2020 Virgine

622 2033 874 2105 Spiritus.
911 2055 929 2087 ι
977 2037 1143 2092 Porro
1175 2054 1295 2094 cum
1327 2040 1410 2095 his
1440 2055 1560 2109 qum
1585 2056 1612 2094 a
1665 2043 1818 2097 nobis
1841 2044 1981 2099 dicta
2031 2054 2179 2110 sunt,

620 2139 914 2196 congruere
959 2129 1274 2198 veritatem,
1331 2146 1501 2201 neque
1555 2133 1816 2189 adversus
1850 2134 1966 2204 ejus
2017 2136 2178 2192 verba

621 2217 797 2272 lictam
833 2233 931 2274 nos
960 2223 1328 2291 composuisse
1360 2224 1837 2290 declamationem,
1878 2229 1971 2282 sed
2023 2241 2180 2297 aper-

621 2315 727 2360 tam
774 2321 1064 2377 veramque
1122 2313 1553 2382 redargutionem
1593 2355 1605 2379 ,

621 2396 800 2461 faciet,
832 2412 952 2452 cum
986 2399 1110 2454 alibi
1145 2403 1220 2455 sic
1257 2404 1401 2457 dicat
1430 2422 1442 2457 :

682 2662 918 2719 Nessea.
966 2665 1164 2736 [Atque
1207 2670 1604 2738 cooperatiouis
1649 2673 1803 2740 hujus
1838 2676 2058 2733 evidens
2090 2689 2170 2732 est

616 2766 988 2825 argumentum
1018 2774 1030 2810 :
1059 2758 1225 2814 Filius
1246 2773 1326 2816 est
1352 2761 1524 2819 factus
1554 2765 1735 2830 homo,
1770 2765 1928 2820 Pater
1951 2768 2003 2820 in
2028 2770 2172 2822 thro-

616 2844 1011 2912 nocollocavit,
1043 2850 1274 2920 Spiritus
1304 2853 1470 2921 signis
1508 2854 1856 2926 lienestavit.]

1272 2965 1417 3020 CAP.
1453 2965 1512 3022 ll.

683 3087 763 3141 Au
795 3098 918 3138 vero
956 3081 1181 3151 posthac
1229 3080 1465 3147 ambiget
1515 3079 1837 3150 quisquam,
1881 3087 2173 3142 sententia-

2286 1959 2451 2031 ἀλλην
2501 1962 2594 2016 ἐπὶ
2634 1963 2846 2029 τούτοις
2895 1965 3080 2029 αὐτοῖς
3127 1966 3226 2035 τῆς
3271 1965 3505 2036 Τριάδος
3546 1967 3863 2034 ἐνέργειαν,

2299 2049 2603 2120 Ἐνῴκησεν
2625 2053 2652 2105 6
2681 2052 2806 2116 Υἱὸς
2828 2054 2884 2106 ἐν
2905 2051 2982 2122 τῷ
3005 2053 3242 2124 σώματι·
3271 2054 3599 2126 συνέστησεν
3618 2054 3648 2107 6
3669 2055 3864 2124 Πατὴρ

2286 2138 2679 2212 βαπτιζόμενον
2703 2161 2717 2176 ⁸
2746 2144 3032 2198 διέπλασεν
3077 2145 3135 2198 ἐν
3169 2145 3430 2217 Παρθένῳ
3448 2145 3509 2200 τὸ
3553 2145 3796 2217 Πνεῦμα.
3837 2164 3858 2197 ι

2284 2232 2406 2286 Ὅτι
2430 2233 2484 2286 δὲ
2510 2236 2624 2298 τοῖς
2655 2235 2788 2304 πρὸς
2817 2235 2974 2307 ἡμῶν
2997 2237 3308 2308 εἰρημένοις
3338 2237 3527 2307 ἕψεται
3548 2238 3613 2308 δὴ
3639 2238 3862 2302 πάντως

1665 2316 1779 2384 ipse
1833 2319 2176 2387 perspicuum

2284 2320 2340 2373 τὸ
2363 2321 2584 2392 ἀληθὲς,
2625 2325 2721 2378 καὶ
2745 2326 2807 2378 οὑ
2836 2326 2999 2398 ψιλὴν
3040 2327 3379 2398 κατάρρυσιν
3409 2327 3524 2400 [ῑσ.
3563 2329 3864 2400 κατάρῤηη

2280 2409 2386 2481 σιν]
2420 2411 2527 2465 τῶν
2543 2414 2707 2467 αὑτοῦ
2728 2416 3071 2485 πεποιήμεθα
3098 2416 3290 2485 λόγων,
3313 2416 3531 2488 ἔλεγχον
3552 2417 3611 2471 δὲ
3652 2418 3861 2487 μᾶλλον

2291 2503 2436 2574 σαιρῆ
2463 2521 2526 2556 τε
2559 2504 2654 2558 καὶ
2689 2506 2885 2578 ἀληθῆ,
2921 2507 3169 2573 διαδείξει
3208 2508 3264 2562 δὲ
3295 2507 3406 2580 [ἷσ.
3435 2508 3522 2582 δὴ]
3552 2509 3724 2578 λέγων
3761 2513 3862 2563 αὑ-

2285 2593 2374 2656 τδς
2393 2595 2452 2648 ἐν
2481 2596 2689 2666 ἑτέροις
2703 2598 2821 2654 ὡδί.

2348 2685 2368 2758 [
2385 2689 2492 2743 Καὶ
2521 2690 2623 2759 τῆς
2650 2692 2966 2762 συνεργείας
2990 2694 3022 2763 ἡ
3052 2692 3322 2760 ἀπόδειξις
3355 2694 3615 2766 πρόδηλος
3635 2709 3650 2724 ο
3679 2695 3708 2747 6
3735 2696 3860 2760 Υἱὸς

2283 2781 2726 2854 ἐνηνθρώπησεν·
2786 2785 2816 2837 6
2864 2784 3056 2855 Πατὴρ
3111 2785 3466 2856 ἐνεθρόνησε·
3509 2785 3578 2843 τὸ
3626 2787 3858 2857 Πνεῦμα

2287 2873 2532 2943 σημείοις
2553 2873 2862 2947 ἐσέμνυνε.]

2886 2990 3133 3045 ΚΕΦΛΛ.
3179 2989 3250 3042 B'.

2355 3072 2480 3150 Ἆρ’
2525 3073 2619 3134 οὖν
2665 3079 2988 3133 ἐνδοιάσειεν
3036 3080 3102 3133 ἂν
3145 3081 3237 3134 καὶ
3275 3082 3415 3151 μετὰ
3447 3081 3598 3137 τοῦτό
3633 3099 3737 3148 τις,
3768 3083 3858 3137 ὅτι

614 3192 732 3232 rum
762 3175 877 3244 ejus
911 3172 1270 3226 intentionem
1294 3169 1360 3222 ad
1413 3169 1685 3226 inscitiam
1731 3173 1891 3227 simul
1934 3176 2176 3246 impieta-

2285 3169 2390 3222 τῶν
2421 3169 2638 3224 ἐννοιῶν
2667 3173 2695 3225 6
2729 3171 2930 3235 σκοπὸς
2971 3171 3140 3242 αὐτῷ,
3165 3173 3300 3241 πρὸς
3334 3173 3573 3241 ἀμαθίαν
3603 3190 3663 3225 τε
3713 3175 3857 3244 ὁμοῦ

615 3278 828 3337 temque
857 3271 1120 3334 spectare,
1155 3269 1208 3315 et
1239 3259 1497 3314 adversus
1525 3261 1744 3329 pietatis
1776 3265 2026 3334 dogmata
2051 3282 2173 3322 cum

614 3360 870 3416 audacter
896 3351 1210 3423 insurgere?
1262 3352 1353 3421 qui
1404 3353 1543 3407 sicut
1589 3353 1760 3422 ipsum
1795 3353 1888 3411 Dei
1942 3358 2172 3412 Verbum

613 3461 731 3502 esse
755 3457 969 3500 carnem
995 3441 1190 3496 factum
1219 3441 1381 3495 stulte
1401 3440 1675 3508 rejiciens,
1700 3441 1981 3514 operatum
2008 3445 2173 3502 fuisse

614 3541 688 3594 ait
718 3538 861 3592 illam
894 3533 1340 3590 inhabitationem
1364 3533 1415 3586 in
1455 3534 1704 3599 homine;
1751 3535 1822 3589 ita
1859 3553 2047 3592 rursus
2082 3555 2172 3594 ac-

613 3630 742 3699 cipit
774 3627 915 3698 quod
952 3625 1114 3682 homo
1137 3623 1312 3678 factus
1337 3632 1418 3677 est
1454 3641 1466 3676 :
1498 3626 1742 3692 quamvis
1783 3626 2048 3684 universa:
2079 3646 2176 3698 per

614 3722 796 3777 orbem
826 3729 1094 3774 terrarum
1143 3725 1344 3770 sanctas
1388 3715 1669 3783 Ecclesiae,
1714 3727 1768 3773 et
1809 3718 1908 3789 ipsi
1956 3735 2175 3776 venera-

614 3813 747 3868 biles
778 3812 966 3875 Patres
995 3809 1085 3878 qui
1125 3815 1287 3863 rectae
1314 3814 1368 3860 et
1413 3806 1770 3864 immaculatae
1816 3811 1938 3865 fidei
1979 3812 2172 3867 deﬁni-

615 3906 814 3960 tionem
846 3901 998 3957 nobis
1043 3899 1350 3964 ediderunt,
1405 3909 1596 3955 sancto
1618 3898 1822 3970 Spiritu
1867 3901 1919 3955 in
1965 3903 2045 3958 eis
2093 3903 2172 3958 Ιοο

613 4000 846 4064 quente,
900 3991 1237 4044 incarnalum
1267 4001 1388 4042 esse
1421 3996 1476 4041 et
1525 3986 1795 4042 hominem
1834 3989 2036 4045 factum
2081 3989 2170 4045 Dei

617 4084 870 4148 Verbum,
898 4095 1002 4134 non
1026 4080 1169 4133 aliud
1195 4091 1315 4132 esse
1340 4077 1660 4150 intelligant,
1691 4080 1792 4135 nisi
1829 4079 2028 4136 factum
2055 4096 2174 4138 esse

613 4175 778 4231 nostri
807 4171 1038 4227 similem
1073 4170 1340 4226 hominem
1369 4209 1384 4233 ,
1423 4180 1477 4224 et
1519 4171 1814 4225 secundum
1845 4185 2063 4226 carnem
2105 4188 2170 4226 ex

614 4263 839 4319 muliere
870 4270 1074 4324 natum,
1106 4260 1229 4328 quia
1263 4261 1538 4317 nobiscum
1575 4259 1749 4316 factus
1782 4271 1867 4316 est
1896 4261 1996 4316 sub
2034 4261 2169 4332 lege,

611 4355 700 4424 qui
735 4363 985 4420 tanquam
1016 4350 1155 4404 Deus
1178 4359 1260 4405 est
1287 4364 1445 4419 supra
1475 4350 1668 4420 legem.
1706 4351 1970 4417 Quoniam
2018 4368 2167 4420 vero,

612 4456 667 4501 ut
698 4445 890 4515 saepius
928 4441 1060 4506 dixi,
1091 4441 1142 4496 id
1172 4441 1272 4511 ipsi
1305 4441 1637 4512 propositum
1663 4453 1767 4506 est,
1802 4453 1858 4497 ut
1887 4446 2166 4500 veritatem

2282 3261 2375 3316 καὶ
2413 3261 2736 3332 ἀνοσιότητα
2780 3261 3005 3332 βλέπει,
3045 3263 3141 3316 καὶ
3178 3260 3286 3314 τῶν
3313 3262 3416 3332 τῆς
3454 3263 3734 3328 εὐσεϐείας
3761 3265 3857 3319 δι.-

2283 3351 2506 3420 γμάτων
2537 3350 3042 3422 καταθρασύνεταις
3082 3351 3271 3424 ὥσπερ
3301 3351 3362 3404 τὸ
3391 3352 3641 3420 γενέσθαι
3672 3354 3858 3424 σάρκα

2279 3442 2370 3494 τὸν
2397 3441 2491 3496 τοῦ
2537 3441 2673 3497 Θεοῦ
2704 3441 2896 3514 Λόγον,
2928 3441 3202 3507 ἀσυνέτως
3240 3441 3506 3507 ἐκϐαλὼν,
3556 3443 3855 3512 ἐνεργῆσαί

2283 3549 2447 3603 φησιν
2477 3535 2556 3596 είς
2585 3532 2872 3604 ἄνθρωπον
2902 3532 3000 3604 τὴν
3021 3532 3314 3602 ἐνοίκησιν,
3345 3531 3489 3585 οὕτω
3513 3531 3575 3604 δὴ
3601 3532 3763 3585 πάλιν
3790 3534 3856 3586 τὸ

2281 3623 2688 3698 ἐνανθρωπῆσαι
2711 3625 2922 3696 δέχεται
2939 3641 2951 3652 ·
2969 3625 3148 3679 καίτοι
3177 3623 3286 3676 τῶν
3308 3624 3411 3676 ἀνὰ
3436 3624 3614 3676 πᾶσαν
3634 3623 3731 3692 τὴν
3759 3624 3852 3677 ὑπ’

2280 3714 2504 3784 οὐρανὸν
2538 3713 2707 3782 ἁγίων
2735 3714 3093 3787 Ἐκκλησιῶν,
3117 3713 3417 3773 καὶαύτῶν
3439 3713 3495 3766 δὲ
3529 3713 3638 3766 τῶν
3679 3714 3852 3768 ἀοιδί-

2285 3823 2400 3876 μων
2425 3805 2766 3875 Πατέρων,οἳ
2801 3806 2890 3857 τὸν
2920 3805 3017 3875 τῆς
3045 3803 3207 3875 ὀρθῆς
3234 3820 3292 3856 τε
3313 3804 3408 3856 καὶ
3427 3803 3729 3875 ἀμωμήτου
3759 3805 3854 3856 πί-

2284 3912 2449 3958 στεως
2479 3895 2603 3966 ὅρον
2629 3895 2760 3965 ἡμῖν
2789 3894 3109 3966 ἐξήνεγκαν,
3141 3890 3427 3956 λαλοῦντος
3456 3893 3514 3944 ἐν
3543 3893 3725 3955 αὐτοῖς
3752 3893 3852 3946 τοῦ

2281 3987 2436 4055 ἁγίου
2470 3985 2807 4056 Πνεύματος,
2845 3986 2907 4039 τὸ
2947 3983 3298 4056 σαρκωθῆναί
3333 4000 3392 4036 τε
3441 3983 3535 4036 καὶ
3577 3983 3853 4054 ἐνανθρω-

2281 4078 2450 4148 πῆσαι
2479 4077 2567 4129 τὸν
2594 4076 2687 4130 τοῦ
2720 4075 2854 4131 Θεοῦ
2883 4076 3077 4144 Λόγον,
3106 4074 3256 4128 οὐδὲν
3285 4073 3472 4143 ἕτερον
3509 4069 3649 4126 εἷναι
3673 4071 3856 4127 νοούν-

2278 4183 2406 4233 των,
2430 4165 2568 4238 πλὴν
2589 4167 2670 4219 ὅτι
2701 4165 2858 4236 μόνον
2881 4166 2939 4218 τὸ
2963 4165 3217 4235 γενέσθαι
3236 4163 3354 4217 καθ’
3383 4165 3526 4235 ἡμᾶς
3538 4163 3849 4234 ἄνθρωπον,

2280 4256 2644 4326 ἀποτεχθῆναί
2689 4273 2748 4308 τε
2787 4257 2928 4310 κατὰ
2972 4255 3152 4325 σάρκα
3193 4255 3258 4307 ἐκ
3298 4253 3575 4321 γυναικὸς,
3618 4252 3698 4305 ὅτι
3752 4255 3853 4305 καλ⁵

2279 4345 2465 4414 γέγονε
2503 4346 2620 4416 μεθ’
2647 4344 2805 4416 ἡμῶν
2837 4345 2939 4398 ὑπὸ
2969 4346 3150 4416 νόμον,
3177 4346 3204 4398 6
3243 4344 3381 4414 ὑπὲρ
3403 4344 3564 4414 νόμον
3591 4343 3663 4408 ὡς
3689 4343 3845 4408 Θεός.

2290 4440 2506 4510 Ἐπειδὴ
2543 4441 2601 4493 δέ
2645 4440 2718 4502 ὡς
2759 4438 2858 4510 ήδη
2896 4438 3213 4502 πλειστάκις
3261 4437 3419 4510 ἔφην,
3458 4437 3656 4502 σκοπὸς
3697 4436 3849 4507 αὖτῷ

615 4537 867 4600 inﬁrmet,
905 4537 1003 4590 hac
1027 4534 1092 4588 de
1121 4548 1282 4587 causa
1311 4542 1363 4588 et
1384 4533 1598 4602 quidem
1631 4535 1884 4589 audacter
1911 4537 2057 4591 solus
2082 4553 2167 4592 re-

2284 4533 2574 4606 παραλύειν
2601 4532 2697 4604 τὴν
2718 4532 2994 4604 ἀλήθειαν,
3017 4532 3190 4604 ταύτῃ
3207 4547 3285 4584 τοι
3302 4530 3398 4584 καὶ
3419 4529 3563 4600 μάλα
3584 4528 3850 4593 νεανικῶς

616 4630 884 4691 luctatur,
936 4632 988 4680 et
1034 4638 1155 4679 cum
1207 4624 1446 4678 omnium
1503 4625 1768 4679 sententia
1815 4637 2065 4696 pugnat,
2119 4637 2171 4682 et

613 4721 874 4774 adversus
896 4713 1219 4770 ineffabilem
1257 4714 1480 4786 gloriam
1511 4729 1660 4768 arma
1689 4727 1902 4783 movet;
1945 4711 1997 4771 et
2024 4721 2165 4788 quod

618 4811 717 4877 ipsi
773 4806 980 4874 solique
1015 4803 1194 4873 placet
1250 4803 1394 4858 velut
1438 4804 1761 4877 quisquilias
1814 4809 2083 4875 quasdam
2120 4811 2170 4864 in

610 4900 703 4954 Dei
755 4895 1025 4951 Ecclesias
1082 4893 1334 4948 invehere
1411 4904 1687 4949 conatur:
1754 4896 1984 4954 allirmat
2026 4901 2168 4954 enim

609 4991 742 5046 nihil
794 4988 935 5042 aliud
961 5001 1082 5042 esse
1133 4985 1577 5040 lrumanationem
1657 4988 1759 5044 nisi
1827 4991 2172 5050 inhabitatio-

610 5099 789 5150 nem,
873 5095 976 5136 non
1028 5079 1170 5148 quod
1227 5078 1405 5131 carnis
1480 5087 1532 5130 et
1591 5081 1863 5149 sanguinis
1928 5084 2175 5140 similiter

607 5189 670 5228 ac
721 5184 818 5224 nos
867 5168 1132 5238 particeps
1170 5165 1282 5221 ﬁeri
1344 5166 1572 5221 voluerit
1642 5169 1814 5238 ipsum
1874 5171 1963 5227 Dei
2015 5173 2165 5243 ιοι

609 5261 844 5316 Verbum
899 5274 913 5322 ;
974 5256 1181 5311 tametsi
1260 5259 1311 5310 in
1369 5260 1618 5313 omnibus
1672 5263 1873 5316 sanctis
1934 5265 2170 5318 homini-

606 5353 707 5408 bus
749 5348 1036 5413 habitarit,
1077 5356 1129 5400 ct
1169 5347 1341 5404 adhuc
1383 5349 1644 5405 inhabitet
1685 5353 1859 5420 ipsum
1899 5353 2163 5424 Verbum,

606 5440 770 5496 semel
807 5449 982 5492 autem
1019 5439 1090 5492 sit
1123 5437 1318 5492 factum
1353 5437 1404 5491 in
1441 5440 1662 5505 nostris,
1691 5449 1744 5495 et
1777 5442 1924 5497 carni
1959 5446 2047 5496 uni
2085 5460 2164 5499 se-

605 5534 836 5586 cundum
875 5529 1203 5600 hypostasim
1239 5530 1738 5598 communicaverit,
1776 5532 1826 5586 in
1863 5547 1965 5603 qua
2001 5537 2160 5589 etiam

606 5641 701 5694 pro
747 5627 898 5678 nobis
945 5634 1183 5678 mortuus
1226 5637 1344 5678 esse
1393 5633 1446 5679 et
1491 5627 1854 5684 resurrexisse
1901 5631 2161 5696 creditur,

679 5787 722 5818 6°
746 5781 853 5839 imo
874 5782 1002 5838 Luc.
1037 5799 1108 5849 vr,
1144 5783 1227 5838 19.
1305 5785 1344 5816 ⁶¹
1377 5782 1516 5840 Psal.
1549 5800 1719 5853 xxx",
1745 5789 1796 5842 ϐ.

2276 4625 2518 4696 ἀνταίρει
2571 4626 2765 4696 μόνος,
2815 4625 2906 4678 καὶ
2953 4625 3075 4687 ταῖς
3111 4624 3365 4677 ἁπάντων
3412 4621 3643 4691 μάχεται
3700 4621 3848 4686 γνὼ-

2281 4735 2427 4788 μαις,
2446 4719 2538 4771 καὶ
2566 4718 2704 4770 κατὰ
2726 4717 2823 4786 τῆς
2851 4716 3088 4788 ἀρρήτου
3109 4713 3264 4785 δόξης
3290 4714 3355 4766 τὰ
3385 4712 3522 4767 ὅπλα
3545 4714 3716 4764 κινεῖ·
3749 4714 3848 4764 καὶ

2274 4811 2336 4862 τὸ
2387 4809 2534 4880 αύτῴ
2589 4810 2683 4862 καὶ
2737 4809 2882 4879 μόνῳ
2932 4805 3144 4870 δοκοῦν,
3182 4805 3447 4874 συρφετὸν
3502 4801 3687 4873 ὥσπερ
3721 4805 3848 4856 τινὰ

2276 4901 2395 4963 ταῖς
2429 4898 2778 4968 Ἐκκλησίαις
2811 4896 2904 4949 τοῦ
2935 4895 3071 4949 Θεοῦ
3105 4896 3513 4968 παρεισκρίνειν
3539 4897 3844 4966 ἐπιχειρεῖ·

2274 4990 2662 5062 δι’ίσχυρίζεται
2713 4989 2820 5060 γὰρ
2857 4988 3128 5059 ἐνοίκησιν
3167 4983 3306 5042 εἶναι
3348 4986 3445 5058 τὴν
3497 4986 3849 5058 ἐνανορώπη-

2277 5099 2393 5134 σιν·
2442 5083 2535 5137 καὶ
2580 5082 2700 5152 οὐχὶ
2743 5081 2808 5149 δὴ
2845 5081 3042 5151 μᾶλλον
3068 5081 3148 5146 τὸ,
3198 5081 3427 5151 αἵματος
3475 5080 3566 5132 καὶ
3617 5077 3847 5147 σαρκὸς,

2274 5173 2669 5243 παραπλησίως
2719 5175 2853 5243 ἡμῖν
2907 5176 3198 5243 μετασχεῖν
3241 5171 3452 5228 ἑλέσθαι
3483 5171 3573 5223 τὸν
3614 5171 3676 5222 ἐκ
3705 5169 3844 5222 Θεοῦ

2273 5265 2443 5332 Λόγον
2465 5281 2478 5296 ο
2513 5265 2603 5317 καί
2630 5282 2710 5318 τοι
2739 5266 2871 5317 πᾶσι
2925 5265 3022 5334 μὲν
3065 5267 3175 5326 τοῖς
3211 5263 3385 5331 ἁγίοις
3416 5261 3750 5334 ἐνῳκηκότος
3782 5278 3844 5313 τε

2273 5359 2366 5410 καὶ
2398 5357 2728 5421 ἐνοικοῦντος
2755 5357 2832 5409 ἔτι
2858 5356 2949 5408 τοῦ
2983 5357 3153 5424 Λόγου
3171 5371 3184 5385 ·
3223 5354 3502 5423 γεγονότος
3530 5351 3584 5405 δέ
3615 5350 3761 5415 ἅπαξ
3785 5355 3847 5404 ἐν

2275 5451 2385 5513 τοῖς
2421 5449 2538 5502 καθ’
2564 5451 2728 5520 ἡμᾶς,
2761 5449 2853 5502 καὶ
2886 5448 3047 5518 σαρκὶ
3076 5448 3172 5518 μιᾷ
3199 5445 3318 5499 καθ’
3343 5445 3636 5498 ὑπόστασιν
3666 5460 3846 5495 κεκοι-

2273 5541 2593 5609 νωνηκότος,
2627 5541 2747 5594 καθ’
2777 5542 2840 5610 ἣν
2873 5541 2965 5593 καὶ
2993 5539 3130 5609 ὑπὲρ
3159 5538 3315 5609 ἡμῶν
3342 5535 3632 5591 ἀποθανεῖν
3665 5550 3723 5588 τε
3749 5535 3847 5585 καὶ

2271 5632 2566 5704 ἐγηγέρθαι
2614 5633 2944 5701 πιστεύεται,
2979 5630 3139 5696 σαρκὶ
3174 5628 3437 5683 πέπονθεν
3470 5627 3758 5682 ἐκών.⁶’οτι
3785 5624 3847 5678 δὲ
