4078 6348
169 403 249 457 ΓΠ
1195 403 1575 464 ADVERSUS
1612 405 2014 464 NESTORIUM
2058 406 2182 461 LlD.
2230 404 2318 461 IV.

3299 410 3398 466 1'78

166 522 246 575 καὶ
291 521 417 591 εἰκῆ
464 523 832 593 παραρῤίπτει
863 522 1073 592 λόγους,
1104 527 1196 578 καὶ
1241 528 1340 597 τῆς
1385 528 1493 580 τῶν
1540 526 1720 597 φωνῶκ

1837 534 2024 596 sponte
2060 540 2222 581 carne
2257 539 2446 594 passus
2478 533 2579 580 cst.
2615 524 2780 579 Porro
2816 522 2959 577 illum
2998 530 3200 579 temere
3237 528 3393 580 verba

169 613 379 678 ἀτοπίας
422 614 581 683 ὀλίγα
616 615 1012 684 πεφροντικὼς,
1053 617 1299 686 σημείοις
1336 618 1468 686 φησὶ
1503 620 1613 681 τοῖς
1641 618 1726 671 διὰ

168 702 251 756 τοῦ
288 704 604 774 Πνεύματος
636 706 1138 776 κατασεμνύνεσθαι
1170 708 1259 761 τὸν
1289 708 1541 779 Χριστὸν,
1574 709 1604 761 6
1635 724 1726 776 γε-

168 795 323 863 γονὼς
343 797 475 864 ἡμῖν
503 796 752 866 ἔναγχος,
779 798 872 851 καὶ
897 798 1160 869 διαρκῶς,
1189 798 1264 862 ὥς
1281 816 1344 867 γε
1362 795 1534 869 οἶμαι,
1560 798 1725 863 ἔδειξε

166 885 336 954 λόγοςζο
379 887 782 957 βασανίζωμεν,
812 891 859 941 εί
887 890 1052 954 δοκεῖ,
1078 889 1176 953 τὰς
1204 890 1397 961 ἐτέρας
1424 890 1588 944 αὑτοῦ
1618 909 1727 960 φω-

166 982 269 1043 νάς.
296 1000 313 1031 t
358 981 417 1033 Ὀ
443 982 651 1052 Πατὴρ,
686 984 838 1052 φησὶ,
870 981 1165 1052 συνέστησε
1184 999 1196 1012 ’
1228 1002 1245 1033 ι
1273 984 1334 1036 τὸ
1360 984 1456 1053 μὲν
1473 978 1584 1049 οῦν,
1607 999 1727 1035 συν-

170 1072 401 1140 έστησεν,
431 1073 459 1125 ὅ
491 1074 541 1125 τί
569 1074 700 1126 ποτέ
745 1075 894 1127 ἐστιν
937 1075 994 1127 ἐν
1032 1074 1239 1138 τούτοις
1280 1076 1381 1127 οὐκ
1430 1074 1497 1126 ἂν
1549 1073 1726 1144 ἔχοιμι

166 1163 316 1212 νοεῖν·
349 1161 447 1214 καὶ
471 1164 582 1233 γάρ
608 1164 752 1215 ἐστιν
776 1164 1223 1234 ὁμολογουμένως
1276 1166 1508 1235 ἀγοραία
1544 1183 1603 1217 τε
1634 1165 1725 1217 καὶ

167 1249 491 1321 ἀγυρτώδης,
541 1254 635 1306 καὶ
677 1253 963 1325 τερθρείας
1022 1255 1294 1325 ἰδιωτικῆς
1343 1257 1644 1326 ἀνάμεστος
1693 1256 1724 1324 ἡ

164 1342 303 1412 φωνή
321 1356 335 1371 ’
368 1342 508 1413 πλὴν
536 1338 690 1413 οἶμαι
711 1344 906 1414 δηλοῦν
944 1344 1152 1399 ἐθέλειν
1171 1348 1323 1414 αὐτὸ,
1340 1347 1421 1412 τὸ,
1440 1347 1721 1417 παρέθετο,

164 1431 287 1500 φέρε
312 1432 507 1496 εἰπεῖν,
538 1435 706 1501 ῆγουν
738 1435 1151 1507 μεμαρτύρηκε.
1177 1437 1298 1499 Πῶς
1322 1433 1436 1501 οῦν,
1466 1437 1585 1489 εἰπέ
1613 1453 1720 1506 μοι,

165 1522 478 1592 συνέστησεν
507 1525 535 1576 6
564 1524 775 1593 Πατὴρ,
805 1526 1127 1595 ἐνοικήσεως
1155 1525 1301 1589 θείας
1335 1526 1665 1595 ἡξιωμένον;
1691 1526 1722 1595 ἢ

164 1611 309 1665 τοῦτο
339 1612 439 1682 μὲν
463 1614 664 1683 ἥκιστά
696 1631 759 1683 γε
780 1632 795 1646 ο
831 1615 1101 1680 κατέδειξε
1139 1616 1193 1669 δὲ
1229 1617 1427 1686 μᾶλλον
1465 1616 1725 1687 ἐνανθρω-

165 1705 398 1773 πήσαντα
427 1704 516 1757 τὸν
547 1707 674 1758 ῐδιον
696 1707 843 1771 Υἱὺν,
872 1708 1219 1777 μεμενηκότα
1247 1709 1302 1761 δὲ
1335 1708 1428 1761 καὶ
1455 1710 1511 1760 ἐν
1540 1709 1721 1773 σαρκὶ,

164 1793 297 1847 τοῦθ’
328 1795 468 1865 ὅπερ
511 1791 581 1865 ἦν
618 1813 701 1860 τε,
739 1798 832 1849 καὶ
868 1799 1001 1863 ἐστι,
1040 1800 1132 1851 καί
1169 1799 1341 1859 ἔσται.
1375 1798 1509 1851 Θεὸν
1539 1799 1723 1869 δηλον-

1828 620 2055 687 jactare,
2080 627 2134 673 et
2160 618 2225 671 de
2250 631 2437 671 vocum
2465 616 2799 671 absurditate
2822 629 3009 683 parum
3036 629 3249 676 curare,
3276 630 3395 669 cum

1831 711 1980 773 dicit,
2004 710 2171 777 signis
2198 722 2293 777 per
2316 708 2575 776 Spiritum
2599 707 2758 763 editis
2782 707 3056 760 honestari
3082 706 3393 774 Christum;

1832 800 2074 867 proximo
2108 798 2370 868 superiori
2408 812 2655 853 sermone
2690 797 2846 858 satis.
2881 807 2938 849 ut
2970 798 3181 865 Opinor,
3217 807 3396 852 osten-

1832 892 2005 944 dimus
2044 908 2055 942 :
2096 890 2277 957 itaque
2312 891 2543 957 reliquas
2578 890 2694 957 eius
2729 903 2912 953 voces,
2952 889 2994 941 si
3033 889 3235 957 placet.
3270 904 3397 944 exa-

1832 978 2332 1046 initielnus.tPater,
2359 982 2551 1048 inquit,
2572 982 2997 1046 commendavit;
3027 999 3043 1031 ι
3078 995 3139 1035 ac
3172 983 3392 1036 verbum

1830 1075 2257 1140 commendandi,
2290 1075 2544 1143 quidnam
2572 1075 2671 1129 hoc
2699 1076 2816 1130 loco
2843 1076 2933 1137 sit,
2965 1076 3263 1143 intelligere
3290 1093 3392 1131 non

1830 1179 2043 1231 possum
2080 1182 2092 1217 :
2127 1178 2246 1217 nam
2281 1178 2343 1219 ea
2374 1178 2475 1217 vox
2508 1178 2538 1217 e
2573 1164 2760 1218 mediis
2798 1165 3048 1219 nundinis
3080 1174 3191 1229 est,
3225 1176 3277 1220 et
3307 1167 3393 1219 vili

1832 1254 2087 1309 concione
2127 1266 2182 1309 et
2244 1255 2453 1324 plebeia
2511 1257 2798 1325 nugatione
2839 1256 3029 1325 plena;
3078 1259 3169 1313 sed
3214 1267 3395 1314 tamen

1829 1353 1955 1412 puto
1985 1343 2313 1413 signiﬁcare,
2346 1346 2612 1414 deposuit,
2643 1345 2794 1399 verbi
2818 1348 3008 1414 gratia,
3040 1347 3143 1412 vel,
3170 1357 3396 1402 testatus

1828 1444 1927 1489 est.
1968 1435 2245 1501 Quomodo
2288 1435 2467 1507 igitur,
2512 1452 2640 1507 rogo
2684 1447 2757 1502 te,
2797 1440 3196 1493 commendavit
3237 1440 3396 1493 Pater

1828 1526 2098 1580 hominem
2130 1527 2516 1582 inhabitatione
2543 1529 2721 1583 divina
2751 1529 3068 1599 dignatum?
3094 1545 3160 1585 an
3188 1545 3314 1586 vero
3343 1530 3393 1584 ίιΙ

1828 1616 2071 1681 minime,
2098 1618 2191 1671 sed
2219 1618 2457 1673 ostendit
2487 1620 2666 1688 potius
2695 1622 2970 1691 proprium
2999 1620 3191 1675 Filium
3221 1621 3393 1675 homi-

1828 1719 1947 1759 nem
1991 1705 2222 1770 factunt,
2266 1717 2571 1763 manentem
2616 1719 2790 1765 tamen
2836 1711 2998 1765 etiam
3042 1710 3095 1763 in
3140 1723 3302 1764 carne
3345 1710 3394 1763 id

1828 1795 2002 1862 ipsum
2042 1797 2181 1861 quod
2222 1806 2374 1859 erat,
2420 1806 2470 1852 et
2515 1807 2628 1862 est,
2673 1807 2727 1852 et
2773 1799 2907 1861 erit,
2954 1811 3145 1866 nempe
3191 1797 3394 1851 Deum?

164 1888 260 1939 ότι.
292 1886 543 1956 «Ἰησοῦς
591 1889 700 1959 γὰρ
739 1890 971 1960 Χριστὸς
1012 1893 1039 1945 6
1086 1891 1231 1963 χθὲς,
1272 1892 1366 1945 καὶ
1413 1866 1720 1962 σήμερον,ό

1832 1905 1851 1938 ι
1883 1885 2039 1943 Jesus
2067 1888 2316 1944 Christus
2345 1889 2489 1942 enim
2522 1889 2634 1943 heri
2664 1896 2718 1943 et
2752 1888 2932 1955 hodie,
2962 1888 3101 1942 idem
3130 1895 3184 1941 et
3212 1888 3263 1941 in
3292 1901 3395 1941 sa:-

162 1979 311 2041 αὐτὸς
336 1979 432 2033 καὶ
459 1980 538 2043 εἰς
560 1981 685 2043 τοὺς
705 1982 921 2046 αἰῶνας.
948 2002 967 2034 ι
993 1985 1127 2053 Φέρε
1149 1984 1330 2037 τοίνυν
1355 1984 1451 2047 τὰς
1476 1984 1725 2055 ἐπάὐτῷ

162 2068 699 2142 πολυπραγμονῶμεν
728 2076 929 2143 φωνάς.
964 2076 1029 2128 Τί
1063 2094 1227 2147 φησιν
1250 2079 1277 2130 6
1298 2078 1719 2149 εὐαγγελιστής;

164 2176 180 2207 ‹
210 2158 311 2210 Καὶ
340 2160 727 2232 ἐμαρτύρησεν
749 2166 777 2217 6
803 2165 1055 2235 Ἰωάννης
1083 2167 1286 2235 λέγων’
1314 2170 1436 2222 Ὀτι
1458 2170 1723 2239 τεθέαμαι

159 2248 465 2321 τὸᾘνεῦμα
498 2252 830 2308 καταϐαῖνον
870 2255 1004 2307 ὡσεὶ
1037 2257 1362 2328 περιστερὰν
1390 2259 1448 2325 ἐξ
1470 2259 1719 2330 ούρανοῦ,

160 2340 245 2391 καὶ
297 2341 458 2411 μένον
509 2344 595 2396 ἐπ’
623 2345 812 2399 αὐτόν·
863 2342 1015 2412 οὗτός
1061 2351 1207 2402 ἐστιν
1258 2352 1286 2403 6
1342 2350 1614 2419 βαπτίζων
1666 2355 1722 2405 ἐν

159 2428 430 2499 ΙΙνεύματι
476 2434 651 2503 ἁγίῳ·
701 2438 857 2506 κάγὼ
906 2439 1126 2509 ἑώρακα
1172 2444 1266 2495 καὶ
1295 2444 1719 2515 μεμαρτύρηκα,

160 2521 233 2572 ὅτι
266 2516 419 2587 οὗτός
448 2525 595 2579 ἐστιν
620 2529 649 2579 6
682 2529 807 2592 Υίὸς
831 2530 928 2583 τοῦ
953 2532 1109 2587 Θεοῦ.
1136 2552 1155 2586 ι
1186 2535 1283 2604 Ei’q
1319 2537 1416 2604 μὲν
1446 2537 1552 2606 γὰρ
1582 2539 1723 2590 olito-

160 2611 387 2679 νομικῶς
431 2614 676 2682 ἀγιάσων
701 2617 793 2669 τὸν
828 2619 1097 2691 Ἰορδάνην
1131 2622 1159 2674 6
1186 2624 1389 2692 Κύριος
1417 2625 1575 2693 ἡμῶν
1619 2626 1720 2695 Ἰηο

158 2701 273 2765 σοῦς
302 2704 329 2753 6
357 2705 594 2776 Χριστός
614 2723 631 2739 ο
670 2710 924 2779 κατηξίου
950 2711 1008 2764 δὲ
1041 2714 1134 2766 σὺν
1181 2718 1312 2784 ἡμῖν
1346 2715 1720 2783 βαπτίζεσθαι,

158 2792 245 2862 τῆς
289 2796 432 2848 κατά
485 2797 665 2866 σάρκα
696 2802 1009 2872 οἰκονομίας
1052 2804 1113 2857 τὸ
1157 2807 1459 2877 μυστήριον
1497 2806 1584 2860 διὰ
1615 2806 1721 2861 τῶν

156 2884 280 2953 αὐτῇ
312 2887 631 2954 πρεπόντων
676 2891 1043 2964 διοικούμενος
1072 2897 1464 2966 τρόπων.Ἔδει
1494 2898 1601 2968 γὰρ
1631 2899 1723 2953 ἄν·

156 2973 360 3042 θρωπον
399 2981 663 3046 γεγονότα
695 2982 1055 3048 γινώσκεσθαι
1088 2987 1179 3040 τὸν
1228 2990 1293 3041 ἐκ
1333 2988 1468 3042 Θεοῦ
1511 2990 1721 3061 Πατρὸς

155 3065 313 3132 Λόγον
336 3084 351 3099 ⁸
380 3068 501 3121 ἀλλ’
528 3069 847 3134 ἐϐαπτίζετο
878 3074 997 3144 μὲν,
1027 3076 1101 3139 ὡς
1128 3078 1430 3148 ἄνθρωπος,
1464 3080 1719 3145 ἐὸάπτιξε

1827 1979 1943 2033 cula
1966 1980 2031 2033 ⁶¹.
2068 1999 2085 2030 ι
2115 1982 2224 2051 Age
2253 1981 2435 2047 igitur,
2462 1995 2620 2036 voces
2645 1981 2711 2035 de
2736 1993 2802 2034 eo
2826 1980 2997 2035 dictas
3024 1979 3387 2047 quuiramus.

1827 2070 1962 2137 Quid
1994 2085 2125 2139 ergo
2154 2071 2229 2125 ait
2255 2069 2617 2141 evangelista?
2652 2088 2669 2121 ι
2711 2067 2777 2123 Et
2808 2068 3175 2123 testimonium
3210 2067 3391 2136 perhi-

1827 2164 1938 2217 buit
1967 2165 2217 2229 Joannes,
2268 2164 2488 2227 dicens,
2538 2179 2557 2213 ι
2590 2159 2710 2215 Vidi
2755 2160 3013 2229 Spiritum
3062 2158 3393 2213 descenden-

1828 2263 1932 2308 tem
1981 2256 2119 2309 sicut
2164 2254 2467 2309 columbam
2516 2268 2547 2310 e
2590 2253 2747 2318 ccelo,
2794 2260 2850 2306 et
2892 2257 3195 2304 manentem
3228 2261 3391 2318 super

1824 2361 1945 2403 cum
1978 2365 1991 2402 :
2023 2347 2112 2402 hic
2141 2356 2224 2403 est
2250 2348 2343 2417 qui
2375 2346 2614 2416 baptizat
2645 2347 2695 2400 in
2731 2345 2935 2413 Spiritu
2967 2349 3186 2406 sancto;
3215 2350 3268 2394 et
3293 2354 3393 2409 ego

1826 2440 1954 2501 vidi,
1995 2448 2047 2493 et
2088 2439 2454 2493 testimonium
2496 2437 2767 2507 perhibui,
2810 2438 2935 2505 quia
2978 2434 3065 2487 hic
3104 2442 3189 2487 est
3226 2429 3396 2485 Filius

1827 2532 1917 2585 Dei
1942 2532 2005 2585 ⁸³.
2056 2550 2075 2582 ι
2119 2530 2236 2585 lbat
2273 2532 2415 2585 enim
2455 2528 2845 2598 dispensatoria
2889 2526 3096 2579 ratione
3134 2523 3392 2577 Dominus

1824 2627 2007 2673 noster
2035 2618 2191 2674 Jesus
2218 2620 2466 2674 Christus
2498 2626 2555 2673 ut
2581 2616 2868 2673 Iordanem
2902 2612 3286 2675 sanctiﬁearet,
3311 2612 3391 2665 di-

1824 2721 2124 2781 gnatusque
2150 2718 2232 2765 est
2258 2710 2520 2779 baptizari
2552 2708 2853 2771 nobiscum,
2885 2715 2943 2760 ut
2975 2704 3290 2775 mysterium
3326 2702 3389 2755 il—

1826 2804 1928 2859 lius
1954 2805 2246 2859 secundum
2271 2816 2492 2858 carnem
2519 2801 2937 2871 dispensationis
2964 2796 3134 2854 modis
3162 2796 3234 2850 illi
3264 2811 3387 2849 eon-

1825 2896 2165 2951 venientibus
2200 2903 2588 2963 exsequeretur
2627 2911 2640 2947 :
2676 2892 2958 2962 oportebat
2993 2890 3135 2945 enim
3173 2898 3230 2942 ut
3264 2888 3391 2942 illud

1823 3003 1889 3043 ex
1924 2986 2032 3043 Deo
2066 2986 2225 3041 Patre
2254 2986 2486 3042 Verbum
2523 2984 2795 3039 hominem
2831 2996 2951 3037 esse
2986 2980 3182 3035 factum
3221 2993 3387 3049 agno-

1825 3090 2070 3134 sceretur
2098 3097 2113 3133 :
2143 3078 2234 3132 sed
2264 3077 2639 3145 baptizabatur
2666 3075 2882 3143 quidem
2913 3081 2971 3127 ut
3001 3073 3183 3137 homo,
3214 3072 3387 3139 bapti-

222 3158 429 3253 PEEXQ;
460 3162 519 3214 ὲν
549 3162 689 3233 ἀγέῳ
719 3164 1015 3234 Πνεύματι.
1060 3167 1169 3221 Καὶ
1196 3167 1256 3220 οὒ
1285 3169 1348 3238 δή
1386 3169 1487 3222 πού
1524 3187 1719 3240 φαμεν,

1828 3171 1984 3225 zabat
2014 3180 2188 3225 autem
2222 3178 2283 3223 ut
2314 3167 2455 3223 Deus
2488 3168 2541 3221 in
2576 3165 2779 3234 Spiritu
2814 3176 3023 3221 sancto.
3056 3162 3237 3232 Neque
3265 3178 3391 3217 vero

157 3245 184 3313 ἢ
213 3247 587 3319 ύπουργικῶς,
621 3252 652 3321 ἦ
679 3253 752 3317 ὡς
786 3256 915 3326 παρ’
942 3256 1129 3327 ἐτέρου
1158 3259 1301 3321 τινὸς
1333 3260 1445 3322 τοῖς
1475 3260 1723 3328 βαπτιζο-

156 3340 327 3403 μένοις
360 3339 460 3410 τὴν
491 3341 585 3394 τοῦ
619 3342 775 3410 ἁγίου
799 3344 1110 3415 [ῐνεύματος
1138 3347 1437 3417 διηκονεῖτο
1467 3349 1682 3419 μέθεξιν
1705 3367 1716 3380 '

151 3426 390 3481 ἀπετέλει
419 3429 477 3482 δὲ
516 3431 714 3498 μᾶλλον
757 3436 1144 3505 ἡγιασμένους,
1173 3438 1248 3501 ὡς
1279 3438 1440 3507 φύσει
1469 3441 1603 3503 Θεὸς
1634 3443 1721 3495 ἐν-

156 3515 245 3581 ιεὶς
274 3518 441 3584 αὐτὸς
466 3520 530 3585 ἐξ
561 3520 692 3575 ίδίου
723 3523 1109 3596 πληρώματος.
1149 3529 1269 3593 Πῶς
1303 3526 1396 3583 οὖν
1425 3531 1720 3601 ἀφειδήσας

152 3608 249 3661 τῶν
287 3611 366 3676 είς
415 3611 690 3685 ὀρθότητα
737 3615 933 3685 λόγων,
964 3620 1059 3673 καὶ
1104 3621 1207 3689 μέν
1237 3638 1318 3675 τοι
1354 3621 1445 3675 καὶ
1480 3623 1719 3687 ἐννοιῶν,

154 3700 475 3772 ἐνηργῆσθαι
507 3704 614 3777 φὴς
646 3707 705 3760 ἐν
727 3707 995 3780 ἀνθρώπῳ
1023 3712 1120 3782 τὴν
1145 3712 1418 3783 ἐνοίκησιν
1450 3713 1601 3784 παρά
1629 3714 1719 3766 τοῦ

154 3785 277 3840 Θεοῦ
306 3789 519 3857 Λόγου;
558 3794 734 3847 καίτοι
777 3796 1045 3850 πλείστων
1079 3816 1139 3852 τε
1179 3801 1320 3853 ὅσων
1346 3802 1537 3869 ἁγίων,
1570 3802 1627 3857 ἐν
1659 3821 1718 3871 γε

154 3877 209 3946 δὴ
256 3879 441 3949 σφίσιν
483 3883 667 3948 αὐτοῖς
713 3887 1024 3957 ἐσχηκότων
1070 3890 1277 3946 ἐνοικον
1321 3892 1412 3947 τὸν
1446 3894 1555 3949 τῶν
1587 3894 1722 3950 ὅλων

153 3969 300 4023 Θεόν·
349 3972 719 4043 βαπτίσαντπ
772 3978 831 4032 δέ
883 3980 1094 4046 οὐδενὸς
1144 3982 1201 4036 ἐν
1253 3982 1366 4053 ίδίῳ
1416 3985 1717 4056 πνεύματι,

153 4061 308 4128 ἤγουν
337 4067 541 4131 θεῖκῶς
568 4069 847 4140 ἐνοικῆσαί
875 4090 1013 4127 τισιν
1042 4077 1336 4148 εἰρημένου
1388 4081 1482 4134 καὶ
1510 4083 1719 4153 ἐνῳκη-

155 4154 323 4218 κότος·
353 4158 448 4210 καὶ
470 4158 634 4222 αὐτὸς
660 4161 689 4213 6
716 4162 947 4230 Χριστὸς
978 4166 1035 4218 ἐν
1064 4169 1196 4237 ἡμῖν
1219 4170 1496 4235 αὐλίζεται
1518 4173 1606 4225 διὰ
1627 4175 1720 4227 τοῦ

154 4244 298 4309 ἁγίου
330 4248 674 4318 Πνεύματος,
697 4252 834 4323 ὅπερ
860 4254 977 4307 ἐστὶ
1002 4256 1093 4310 καὶ
1116 4257 1245 4312 ἴδιον
1271 4260 1454 4325 αὐτοῦ,
1476 4263 1721 4335 καθάπερ

152 4339 331 4408 ἀμέλει
379 4344 476 4397 τοῦ
525 4344 661 4400 Θεοῦ
708 4348 800 4401 καὶ
846 4350 1093 4418 Πατρός;
1136 4354 1246 4406 Καὶ
1283 4355 1417 4424 πρός
1464 4372 1525 4423 γε
1569 4356 1724 4410 τοῦτο

158 4433 186 4499 ἡ
197 4436 296 4499 μᾶς
325 4435 561 4505 ἐμπεδοί
594 4438 769 4507 λέγων
794 4442 953 4501 αὑτός
973 4460 984 4470 ·
1017 4444 1217 4498 «Ὅταν
1244 4446 1299 4498 δὲ
1336 4446 1463 4518 ἔλθῃ
1488 4449 1515 4499 ὁ
1542 4448 1721 4520 [Ιαρά-

1825 3259 2054 3314 dicimus
2085 3260 2169 3313 vel
2208 3272 2358 3313 more
2391 3255 2876 3317 subservientium,
2918 3251 2997 3306 vel
3031 3261 3287 3321 tanquam
3310 3252 3389 3305 ab

1826 3352 1931 3406 alio
1968 3351 2220 3421 quopiam
2266 3349 2503 3419 Spiritus
2541 3347 2715 3404 sancti
2754 3346 3222 3417 participationem
3266 3345 3388 3399 sub-

1826 3443 2182 3508 ministrassc,
2224 3441 2317 3496 sed
2360 3440 2540 3511 potius
2583 3451 2835 3509 tanquam
2878 3451 2944 3493 ex
2990 3444 3179 3491 natura
3223 3436 3387 3489 Deum

1825 3547 1888 3585 ex
1918 3530 2244 3600 plenitudine
2274 3546 2371 3585 sua
2400 3530 2790 3595 inlundentem,
2820 3529 3184 3584 sanctiﬁcatos
3215 3527 3388 3583 reddi—

1825 3622 1987 3676 disse.
2012 3621 2119 3677 Cur
2141 3636 2271 3690 ergo
2301 3622 2462 3676 rectis
2485 3620 2663 3676 verbis
2689 3621 3079 3689 sententiisque
3103 3619 3389 3689 neglectis,

1824 3712 2064 3779 cﬂ‘ectam
2099 3728 2219 3768 esse
2254 3712 2453 3767 asseris
2491 3711 2937 3767 inhabitationcm
2981 3712 3032 3765 in
3076 3712 3290 3766 homine
3322 3710 3388 3763 ab

1825 3806 1937 3873 ipso
1982 3805 2070 3859 Dei
2114 3803 2319 3869 Verbo;
2368 3803 2614 3873 quamvis
2652 3803 3034 3873 quamplurimi
3078 3802 3251 3858 sancti
3288 3800 3388 3855 viri

1826 3896 2215 3951 inliabitautem
2254 3895 2307 3950 in
2345 3909 2406 3950 se
2444 3895 2575 3965 ipsis
2609 3895 2894 3950 habuerint
2928 3894 3074 3948 illum
3114 3893 3390 3949 universo-

1826 4004 1940 4043 rum
1973 3990 2159 4052 Deum,
2188 3998 2242 4043 et
2268 4003 2333 4042 ex
2365 3987 2430 4043 iis
2459 4002 2621 4054 nemo
2651 3988 2701 4041 in
2735 4002 2833 4041 suo
2861 3986 3051 4054 spiritu
3082 3985 3391 4056 baptizave-

1825 4081 1921 4145 rit,
1961 4090 2048 4134 aut
2093 4081 2273 4135 divino
2316 4093 2463 4134 more
2503 4080 2555 4133 in
2598 4078 2866 4148 aliquibus
2907 4078 3256 4143 habitaverit,
3296 4088 3391 4131 aut

1824 4172 2157 4227 inhabitasse
2196 4172 2374 4225 dictus
2415 4171 2506 4238 sit,
2542 4184 2662 4225 eum
2704 4171 2817 4239 ipse
2857 4170 3107 4225 Christus
3144 4169 3298 4239 102
3336 4169 3387 4225 in

1826 4263 1979 4316 nobis
2022 4262 2225 4317 habitet
2264 4277 2360 4331 per
2397 4275 2642 4317 sanetum
2686 4261 2978 4331 Spiritum,
3019 4260 3108 4329 qui
3150 4271 3235 4315 est
3272 4261 3388 4327 ejus

1825 4367 2037 4421 quoque
2067 4354 2338 4421 proprius,
2372 4360 2430 4405 ut
2460 4352 2623 4407 etiam
2657 4351 2839 4422 procul
2870 4351 3034 4407 dubio
3062 4351 3156 4407 Del
3190 4366 3254 4405 ac
3284 4350 3386 4404 Pa—

1828 4443 1960 4497 tris?
1983 4444 2048 4496 Et
2074 4444 2125 4497 in
2151 4444 2249 4497 hac
2272 4445 2532 4498 sententia
2563 4444 2678 4513 ipse
2705 4458 2801 4499 nos
2828 4444 3133 4508 confirmat,
3160 4443 3343 4497 dicens
3372 4458 3385 4495 :

154 4522 355 4592 κλητος,
381 4526 441 4578 ὃν
494 4526 607 4593 ἐγὼ
659 4529 859 4599 πέμψω
898 4531 1025 4601 ὑμῖν
1054 4536 1205 4605 παρὰ
1249 4536 1343 4590 τοῦ
1397 4538 1629 4608 ῐιατρὸς,
1660 4540 1720 4593 τὸ

1832 4553 1846 4585 ι
1876 4535 2009 4590 Cum
2034 4535 2241 4589 venerit
2271 4534 2602 4599 Paracletus,
2632 4549 2791 4604 quem
2820 4548 2919 4603 ego
2948 4533 3150 4588 mittam
3179 4534 3331 4588 vobis
3359 4550 3387 4587 a

154 4613 365 4685 Πνεῦμα
388 4619 486 4687 τῆς
524 4618 803 4689 ἀληθείας,
827 4622 856 4674 ὂ
886 4624 1034 4693 παρά
1057 4625 1149 4677 τοῦ
1181 4627 1392 4697 Πατρός
1423 4632 1715 4700 ἐκπορεύε-

151 4721 249 4771 ται,
277 4708 486 4772 ἐκεῖνος
536 4714 877 4782 μαρτυρήσει
914 4716 1041 4784 περὶ
1081 4716 1239 4785 ἐμοῦ.
1279 4718 1499 4788 ι’Λθρει
1527 4720 1591 4789 δὴ
1622 4717 1713 4773 οῦν

152 4796 286 4859 ὅπως
332 4798 394 4852 τὸ
443 4799 601 4868 παρά
631 4798 729 4851 τοῦ
760 4801 895 4854 Θεοῦ
927 4805 1019 4856 καὶ
1050 4806 1260 4875 Πατρδς
1287 4808 1718 4878 ἐκπορευόμενον

155 4887 388 4957 Πνεῦμα,
422 4892 588 4945 τοῦτο
616 4893 709 4946 καὶ
736 4894 833 4963 τῆς
861 4895 1113 4965 ἀληθείας
1151 4899 1279 4951 ἴδιον
1307 4895 1442 4953 εἶναι
1471 4902 1576 4971 φής
1608 4900 1714 4972 [ἵσ.

155 4978 349 5051 φησίν].
387 4983 566 5047 Αὐτὸς
592 4982 650 5036 δέ
688 5001 790 5036 που
824 4985 1038 5050 πάντως
1067 4989 1213 5044 ἐστὶν
1246 4992 1279 5060 ή
1314 4991 1555 5062 ἀλήθεια.
1590 4989 1718 5046 Εἶτα

154 5070 279 5136 πῶς,
307 5072 468 5143 εῐπερ
520 5075 671 5129 ἐστὶν
716 5076 931 5145 ἀληθῶς
964 5081 1062 5133 οῦκ
1100 5082 1521 5154 ἐνανθρωπήσας
1563 5085 1715 5151 Θεὸς,

154 5161 425 5232 ἄνθρωπος
469 5165 527 5217 δὲ
566 5167 784 5234 μᾶλλον,
816 5169 914 5240 τὴν
954 5169 1099 5225 θείαν
1133 5173 1426 5243 ἐνοίκησιν,
1456 5176 1530 5239 ὠς
1567 5178 1717 5247 ἐνέρ-

154 5268 292 5317 γειαν
320 5254 483 5325 ἔχων,
503 5256 583 5319 ὡς
609 5257 733 5312 ἴδιον
763 5259 984 5330 Πνεῦμα
1007 5263 1067 5315 τὸ
1091 5263 1185 5316 τοῦ
1214 5265 1346 5317 Θεοῦ
1376 5266 1467 5319 καὶ
1483 5268 1713 5339 Πατρος,

155 5346 251 5406 τοῖς
277 5347 630 5400 πιστεύουσιν
668 5351 745 5412 είς
783 5351 943 5407 αὐτὸν
979 5355 1355 5425 καταπέμψειν
1392 5360 1719 5427 ἐπαγγέλλε-

153 5449 263 5499 ut;
310 5434 472 5490 ’Λλλά
502 5436 637 5507 γὰρ,
666 5438 741 5502 ὡς
781 5439 935 5510 ἔφην,
962 5442 1059 5513 τὴν
1094 5444 1187 5497 τοῦ
1235 5448 1532 5517 μυστηρίου
1562 5449 1716 5515 δόξαν

154 5530 415 5583 κατασείει
454 5530 596 5601 πρὸς
630 5532 692 5583 τὸ
722 5533 909 5603 μηδὲν,
941 5536 1176 5608 μερίζων
1205 5538 1391 5610 ὥσπερ
1419 5542 1514 5610 τῆς
1560 5544 1712 5609 ἁγίας

155 5618 364 5688 Τριάδος
393 5623 494 5693 τὴν
538 5623 629 5675 ἐπί
661 5641 765 5676 τισι
796 5626 900 5681 τῶν
931 5628 1221 5699 δρωμένων
1256 5632 1551 5703 ἐνέργειαν,
1591 5635 1714 5687 txi-

1824 4625 2010 4690 Patre,
2043 4624 2277 4693 Spiritus
2306 4626 2577 4690 veritatis,
2614 4627 2702 4693 qui
2737 4639 2765 4679 a
2800 4626 2960 4679 Patre
2995 4625 3267 4693 procedit,
3300 4625 3389 4678 ille

1834 4718 2195 4773 tcStimonium
2228 4718 2534 4786 perhibebit
2563 4716 2630 4772 de
2659 4717 2824 4771 me“.
2860 4736 2878 4768 ι
2904 4717 3197 4772 Considera
3230 4718 3390 4787 igitur

1821 4811 2269 4880 quemadmodum
2304 4810 2563 4880 Spiritum
2597 4825 2625 4863 a
2663 4809 2774 4865 Deo
2803 4820 2859 4865 et
2893 4810 3052 4864 Patre
3090 4813 3384 4879 proceden-

1822 4910 1961 4965 tem,
1997 4902 2241 4957 eumdem
2276 4903 2438 4955 etiam
2474 4901 2717 4955 veritatis
2752 4901 3024 4970 proprium
3062 4914 3183 4955 esse
3218 4900 3382 4965 dicit;

1820 4993 1932 5063 ipse
1970 5002 2145 5048 autem
2190 5009 2413 5064 prorsus
2452 5004 2535 5047 est
2577 4981 2776 5048 veritas
2797 4992 2862 5045 ⁵⁵.
2907 4992 3066 5061 Atqui
3111 4992 3155 5047 si
3199 5006 3383 5047 revera

1819 5101 1924 5139 non
1958 5085 2096 5141 Deus
2126 5087 2290 5141 homo
2321 5085 2498 5141 factus
2524 5094 2635 5151 est,
2666 5085 2759 5140 sed
2793 5086 2952 5139 homo
2986 5086 3161 5154 potius
3190 5095 3275 5140 est
3304 5087 3379 5140 di-

1818 5177 1995 5231 vinam
2026 5176 2469 5234 iuhabitationcm
2496 5188 2754 5248 tanquam
2784 5177 3151 5246 operationem
3176 5192 3280 5245 qua
3311 5180 3385 5231 ci-

1819 5279 1970 5325 eatur
2027 5269 2252 5337 habens,
2285 5271 2552 5340 quomodo
2589 5272 2641 5326 in
2681 5284 2740 5325 se
2772 5269 3118 5325 credentibus
3157 5270 3248 5325 Dei
3288 5269 3385 5324 Pa-

1820 5360 2021 5428 trisque
2062 5360 2319 5430 Spiritum
2370 5371 2621 5431 tanquam
2668 5363 2941 5429 proprium
2988 5376 3047 5417 se
3092 5362 3382 5417 missurum

1818 5452 2135 5521 pollicetur?
2164 5452 2297 5519 Sed,
2331 5463 2387 5507 ut
2410 5454 2521 5522 jam
2550 5453 2687 5518 dixi,
2725 5454 2858 5507 tanti
2892 5454 3131 5524 mystcrii
3168 5454 3343 5522 magni
3365 5479 3378 5490 -

1819 5543 2057 5598 tudinem
2093 5545 2159 5600 ad
2195 5546 2420 5600 nihilum
2460 5547 2676 5616 dejicit,
2711 5547 2952 5603 dividens
2987 5544 3377 5615 quodammodo

1820 5652 1909 5704 per
1944 5639 2185 5707 quaedam
2218 5653 2378 5709 opera
2416 5640 2557 5696 illam
2597 5650 2799 5697 sancta:
2831 5636 3111 5695 Trinitatis
3144 5636 3379 5695 Cilicien-

219 5795 257 5826 ε’
286 5796 446 5855 llebr.
482 5816 607 5865 xm,
640 5801 690 5858 8.
772 5803 813 5835 ⁸³
842 5803 995 5860 Joan.
1023 5822 1059 5870 ι,
1094 5808 1286 5875 55,54.
1366 5810 1408 5841 ⁸³
1439 5809 1590 5868 Ιοειιι,
1638 5829 1720 5881 xv,

1927 5813 1967 5844 θ’
1996 5813 2145 5870 Joan.
2186 5830 2293 5882 λιν,
2327 5816 2377 5870 l3.
