4078 6348
646 418 751 471 179

1679 410 1736 464 S.
1782 405 2055 464 CYRILLI
2094 404 2562 460 ALEXANDRINI
2605 398 2921 456 ARCHIEP.

3798 387 3907 442 180

649 533 802 593 tiam,
838 535 886 582 et
931 526 1125 595 cuique
1165 522 1438 594 hypostasi
1483 521 1733 588 privatim
1781 522 2042 584 tribuens,
2081 518 2220 586 quod

2334 530 2430 585 στῃ
2463 532 2518 566 τε
2559 515 2665 567 τῶν
2697 508 3043 564 ὑποστάσεων
3078 500 3362 572 ἀπονέμων
3397 498 3596 560 ῑδικῶς,
3629 497 3656 548 ὃ
3699 497 3771 567 μὴ
3803 498 3902 549 πέ-

649 637 756 672 non
799 619 925 673 fecit
969 618 1160 671 altera.
1203 615 1408 670 Rursus
1450 615 1521 667 ita
1563 613 1698 666 dixit
1735 631 1748 667 :
1790 611 1980 682 [Filius
2019 609 2211 677 elegit;

653 730 668 757 ι
704 708 816 775 Ego
839 708 1004 769 enim,
1033 705 1228 773 inquit,
1255 719 1354 758 vos
1382 703 1539 771 elegi.
1575 721 1592 754 ι
1625 702 1785 756 Pater
1810 699 2168 755 sanctiﬁcavit
2197 716 2210 750 :

651 799 880 863 Spiritus
903 795 1077 851 eﬁ‘ecit
1100 793 1391 865 oratores.]
1415 794 1458 850 Ο
1483 793 1828 848 immodicam
1855 799 2043 846 emota;
2069 805 2215 844 men-

651 887 720 939 tis
755 886 1052 939 insaniam!
1094 885 1150 938 Si
1184 884 1362 939 omnia
1402 884 1538 939 facta
1577 894 1705 939 sunt
1739 899 1769 936 a
1805 883 1964 936 Patre
2000 896 2093 949 per
2125 880 2215 934 Fi-

649 977 777 1030 lium
812 977 863 1030 in
898 977 1099 1045 Spiritu
1121 1015 1136 1040 ,
1166 990 1342 1046 neque
1372 976 1572 1045 aliquid
1608 974 1724 1029 ﬁeri
1760 975 2021 1042 contingit
2051 989 2080 1027 a
2110 972 2218 1027 Deo

649 1078 705 1120 et
729 1067 909 1133 Patre,
940 1067 1041 1120 nisi
1073 1067 1174 1121 hoe
1203 1066 1320 1134 ipso
1351 1067 1527 1131 modo,
1553 1066 1642 1132 qui
1676 1065 1790 1118 ﬁeri
1822 1073 1998 1132 potest
2024 1073 2081 1116 ut
2112 1078 2215 1116 non

649 1160 718 1215 sit
748 1159 908 1229 plane
932 1157 1206 1226 stupidus,
1232 1157 1321 1226 qui
1351 1157 1670 1210 immortalis
1705 1156 1843 1208 illius
1871 1165 1925 1208 ct
1955 1156 2110 1208 unius
2138 1153 2218 1206 tli-

651 1251 896 1306 vinilatis
922 1250 1243 1319 quibusdam
1273 1248 1325 1304 in
1357 1250 1516 1302 rebus
1542 1247 1887 1316 operationes
1917 1243 2217 1314 hypostasi-

649 1343 752 1397 bus
787 1341 1039 1411 privatim
1075 1355 1139 1395 ac
1173 1341 1391 1410 proprie
1428 1339 1753 1408 impertitnr,
1791 1351 1888 1390 nec
1922 1336 2098 1404 potius
2135 1332 2215 1386 af-

653 1435 834 1487 ﬁrmat
863 1433 1071 1503 singula
1104 1448 1221 1502 qua:
1253 1441 1537 1501 geruntur,
1566 1445 1594 1483 a
1629 1431 1788 1484 Patre
1817 1443 1909 1496 per
1940 1426 2130 1480 Filium
2167 1427 2218 1478 in

653 1525 856 1594 Spiritu
891 1538 1011 1580 esse
1044 1522 1226 1577 facta?
1259 1523 1391 1576 Nam
1427 1523 1469 1577 si
1507 1530 1590 1575 est
1623 1521 1790 1574 Filius
1822 1529 1875 1573 et
1909 1517 2216 1579 consilium,

650 1623 704 1668 et
731 1612 1016 1681 sapientia,
1041 1621 1095 1666 et
1119 1613 1287 1666 virtus
1314 1611 1490 1665 Patris
1511 1612 1577 1676 °°,
1607 1625 1831 1679 prorsus,
1853 1609 2033 1663 omnia
2062 1607 2221 1661 Pater

653 1719 749 1773 per
778 1704 974 1760 Filium
1009 1715 1265 1772 tanquam
1298 1719 1392 1772 per
1421 1703 1700 1758 consilium
1734 1711 1785 1757 et
1817 1701 2134 1767 sapientiam
2168 1707 2221 1752 et

651 1796 909 1850 virtutem
948 1795 1282 1863 operabitur.
1313 1792 1402 1848 Sic
1435 1795 1759 1861 optimorum
1799 1792 1977 1845 habita
2015 1791 2221 1843 ratione

655 1885 944 1953 discipulos
972 1884 1152 1954 elegit,
1182 1883 1260 1938 sic
1281 1883 1389 1950 jam
1422 1881 1620 1936 electos
1649 1881 1875 1935 dicimus
1905 1879 2070 1932 fuisse
2096 1891 2220 1940 san-

655 1976 944 2037 ctiﬁcatos,
971 1975 1047 2028 sic
1076 1975 1243 2027 factos
1269 1983 1533 2033 oratores,
1563 1981 1816 2038 tanquam
1845 1985 1910 2022 ex
1940 1983 2042 2020 una
2071 1969 2222 2019 vitle-

657 2066 780 2120 licet
807 2067 1036 2128 deitate,
1062 2079 1091 2117 a
1122 2064 1282 2119 Patre
1310 2078 1402 2131 per
1427 2061 1617 2115 Filium
1648 2062 1697 2113 in
1729 2061 1955 2128 Spiritu.
1991 2076 2009 2108 ι
2043 2056 2220 2121 Pater,

658 2158 860 2226 inquit,
905 2167 1118 2223 sancte,
1164 2155 1439 2211 sanctiﬁca
1493 2155 1612 2208 illos
1662 2154 1714 2206 in
1759 2151 1986 2204 veritate
2035 2159 2144 2205 tua.
2197 2166 2216 2199 ι

658 2249 973 2304 Sanctiﬁcat
1005 2263 1134 2317 ergo
1172 2249 1285 2318 ipsa
1317 2245 1550 2311 Veritas,
1590 2245 1690 2300 hoc
1723 2252 1824 2306 est,
1863 2241 2032 2295 Filius
2068 2256 2084 2295 :
2121 2239 2222 2292 im-

659 2338 824 2392 mittit
864 2339 1027 2393 etiam
1069 2347 1318 2393 sanctum
1360 2335 1620 2404 Spiritum
1668 2333 1936 2396 similiter,
1972 2340 2026 2385 et
2062 2329 2224 2384 ellicit

659 2432 962 2499 sapientes,
995 2444 1056 2484 ac
1091 2444 1185 2498 per
1215 2426 1389 2481 sancti
1426 2426 1658 2494 Spiritus
1691 2423 2058 2493 operationem
2099 2417 2224 2474 reli-

658 2523 807 2589 giose
835 2521 1166 2590 eloquentes.
1199 2519 1381 2587 itaque
1412 2518 1464 2571 in
1499 2516 1735 2571 Matthati
1767 2513 2063 2582 Evangelio
2089 2510 2225 2565 dixit

659 2611 938 2680 discipulis
969 2609 1080 2664 suis
1110 2627 1125 2665 :
1163 2627 1181 2660 ι
1215 2609 1348 2663 Cum
1382 2607 1700 2662 tradiderint
1727 2619 1852 2670 vos,
1886 2603 2048 2659 nolite
2077 2603 2225 2672 cogi-

662 2711 774 2756 tare
794 2702 1062 2772 quomodo
1084 2711 1177 2756 aut
1198 2701 1322 2771 quid
1347 2700 1670 2769 loquamini;
1691 2699 1904 2753 dabitur
1918 2697 2058 2750 enim
2076 2695 2228 2748 vobis

662 2793 715 2846 in
748 2792 837 2848 illa
867 2793 996 2848 hora
1026 2793 1155 2862 quid
1187 2792 1499 2861 loquamini.
1527 2791 1641 2845 Non
1675 2790 1820 2844 enim
1849 2805 1943 2843 vos
1973 2789 2105 2842 estis
2134 2786 2227 2854 qui

666 2884 982 2954 loquimini',
1012 2885 1105 2940 sed
1136 2884 1369 2952 Spiritus
1401 2883 1575 2939 Patris
1599 2884 1763 2938 vestri
1793 2883 1882 2952 qui
1916 2881 2148 2950 loquitur
2177 2883 2228 2932 in

667 2976 822 3047 103
849 2977 996 3032 vobis
1013 2976 1078 3030 ⁸⁷.
1110 2995 1128 3030 ι
1157 2977 1212 3030 lu
1242 2975 1400 3031 Luca:
1427 2987 1604 3030 autem
1636 2974 1925 3045 Evangelio
1951 2991 1964 3028 :
1994 2994 2009 3025 ι
2043 2972 2230 3027 Ponite

664 3085 792 3139 ergo
827 3069 879 3125 in
915 3068 1169 3124 cordibus
1206 3070 1397 3125 vestris
1436 3084 1541 3123 non
1579 3068 1936 3139 praemeditari
1973 3067 2230 3137 quemad‘

665 3160 880 3216 modum
911 3160 1302 3229 respOndeatis.
1326 3160 1438 3232 Ego
1462 3161 1603 3217 enim
1634 3160 1772 3215 dabo
1795 3159 1946 3214 vobis
1975 3175 2035 3214 os
2061 3167 2116 3212 et
2141 3173 2230 3212 sa-

664 3252 940 3321 pientiam,
969 3251 1051 3307 cui
1083 3268 1188 3308 non
1217 3263 1466 3321 poterunt
1494 3253 1868 3308 contradicere
1896 3261 1951 3305 et
1980 3251 2230 3306 resistere

664 3358 851 3398 omnes
892 3343 1185 3398 adversarii
1228 3344 1392 3415 vestri
1419 3344 1482 3397 '3.
1539 3363 1557 3394 ›
1603 3343 1841 3397 Audisne
1881 3341 2232 3408 quemadmo—

665 3437 813 3499 dum,
849 3434 1102 3504 loquente
1137 3435 1188 3488 in
1226 3435 1355 3505 ipsis
1389 3445 1577 3490 sancto
1615 3435 1841 3503 Spiritu,
1871 3436 1981 3503 ipse
2014 3435 2105 3486 dat
2136 3431 2234 3486 os?

664 3538 747 3582 est
779 3527 923 3581 enim
958 3525 1224 3581 sermonis
1258 3527 1412 3580 dator
1448 3535 1632 3594 utpote
1677 3525 1913 3579 Verbum
1961 3533 2019 3577 et
2057 3522 2233 3590 Spiri-

668 3628 753 3672 tus
794 3617 1049 3682 tribulor,
1086 3625 1145 3669 ut
1179 3615 1268 3684 qui
1308 3615 1453 3669 illum
1489 3616 1761 3684 proprium
1786 3614 2106 3668 naturaliter
2140 3614 2233 3666 ha-

670 3711 813 3776 beat,
847 3708 988 3764 sicut
1019 3708 1180 3763 etiam
1213 3707 1325 3775 ipse
1357 3705 1536 3760 Pater.
1566 3705 1764 3760 Eadem
1797 3706 1958 3774 igitur
1983 3714 2236 3773 operatur

667 3810 856 3855 sancta
888 3799 1149 3861 Trinitas,
1185 3808 1235 3852 et
1267 3812 1602 3867 quaecunque
1653 3798 1881 3865 gesserit
1914 3813 1976 3850 ac
2011 3796 2238 3850 voluerit

668 3891 828 3946 Pater
861 3891 1102 3953 edicere,
1139 3890 1325 3945 eadem
1361 3899 1415 3944 et
1451 3888 1617 3942 Filius
1653 3889 1842 3942 eodem
1882 3889 2037 3941 modo
2073 3887 2237 3949 facit,

671 3983 1028 4053 similiterque
1071 3981 1304 4051 Spiritus
1344 3993 1587 4037 sanctus.
1628 3981 1863 4050 Singulis
1901 3995 2028 4034 vero
2071 3980 2239 4048 hypo-

669 4075 906 4135 stasibus
949 4074 1186 4128 tribuere
1227 4076 1455 4129 seorsitn
1499 4074 1842 4142 operationes
1883 4073 2077 4139 cuique
2117 4087 2242 4140 pro-

670 4166 839 4234 prias,
872 4165 1008 4219 nihil
1041 4174 1123 4220 est
1155 4165 1299 4220 aliud
1332 4181 1492 4234 quam
1529 4176 1637 4219 tres
1671 4164 1898 4219 seorsitn
1932 4173 1987 4218 et
2020 4177 2242 4231 prorsus

673 4258 811 4311 inter
841 4272 901 4312 se
931 4255 1223 4325 disjunctos
1253 4258 1380 4311 deos
1403 4257 1776 4326 pronuntiare.
1809 4254 1943 4307 Nam
1975 4255 2024 4306 in
2057 4262 2241 4308 sancta

673 4349 959 4413 Trinitate,
992 4348 1081 4402 illa
1113 4347 1376 4402 naturalis
1407 4346 1632 4402 unitatis
1662 4345 1798 4399 ratio
1827 4358 1984 4398 unam
2019 4359 2242 4412 prorsus

675 4443 727 4495 in
756 4441 1007 4495 omnibus
1032 4441 1285 4510 Operibus
1313 4439 1605 4494 motionem
1635 4438 1886 4493 osmndit.
1913 4437 2064 4502 Quod
2090 4438 2133 4490 si
2163 4435 2246 4489 di-

2322 625 2531 678 πραχεν
2564 609 2596 677 ή
2633 607 2814 672 ἑτέρα.
2840 600 3007 655 Πάλιν
3033 590 3133 650 ὧδέ
3163 612 3346 663 φησιν.
3365 593 3420 645 Ὀ
3447 591 3570 652 Υίδς
3593 589 3900 655 ἐξελέξατο·

2324 699 2508 767 «Ἐγὼ
2561 699 2690 768 γὰρ,
2738 693 2921 765 φησὶν,
2966 691 3108 760 ὑμᾶς
3159 684 3520 753 ἐξελεξάμηνο
3555 701 3572 733 ι
3629 683 3657 732 6
3709 681 3906 747 Πατὴρ

2320 793 2549 864 intactas
2601 789 2662 840 τὸ
2708 784 2930 853 Πνεῦμα
2977 779 3346 835 κατεσκεύασε
3397 777 3650 845 ῥήτορας.
3680 773 3744 822 ’Ὠ
3797 771 3903 840 τῆς

2321 861 2562 954 ἀμέτρου
2600 875 3038 949 φρενοϐλαϐείας.
3075 873 3144 924 Et
3173 870 3352 923 πάντα
3384 866 3575 933 γέγονε
3613 863 3764 931 παρὰ
3802 861 3904 913 τοῦ

2323 951 2534 1043 Πατρὸς
2571 973 2636 1024 δι’
2672 968 2801 1022 Υίοῦ
2833 969 2888 1019 ἐν
2927 964 3226 1031 Πνεὺματι,
3261 959 3358 1012 καὶ
3386 958 3486 1010 οὑκ
3530 955 3594 1008 ἄν
3630 972 3681 1007 τι
3724 951 3914 1022 ὁρῷτο

2324 1066 2480 1136 παρά
2521 1062 2614 1116 τοῦ
2659 1060 2792 1114 Θεοῦ
2838 1059 2932 1110 καὶ
2975 1054 3209 1124 Πατρδς,
3248 1050 3388 1120 πλὴν
3417 1049 3498 1101 ὃτι
3541 1044 3681 1099 κατὰ
3712 1045 3906 1096 τοῦτον

2324 1134 2484 1212 αὑτὸν
2513 1156 2604 1208 τὸν
2642 1153 2863 1224 τρόπον,
2892 1149 3009 1212 πῶς
3043 1147 3150 1201 οὑκ
3189 1143 3537 1210 ἀπόπληκτος
3577 1139 3660 1207 εἴη
3705 1137 3772 1189 ἂν
3805 1134 3902 1187 καὶ

2323 1252 2466 1323 μάλα
2491 1249 2734 1310 εἰκότως,
2757 1248 2784 1298 ὁ
2809 1246 2925 1305 ταῖς
2954 1239 3280 1294 ὑποστάσεσι
3305 1252 3442 1288 κατα
3453 1231 3687 1302 μερίζων
3714 1227 3902 1289 ίδικῶς

2319 1317 2415 1402 τὰς
2446 1338 2535 1390 ὲπί
2567 1336 2630 1406 γέ
2658 1351 2796 1386 τισιν
2827 1330 3123 1400 ἐνεργείας,
3157 1326 3258 1394 τῆς
3305 1321 3584 1392 ἀκηράτου
3630 1318 3722 1370 καὶ
3770 1317 3900 1406 μιᾶς

2321 1429 2570 1496 θεότητος
2590 1438 2604 1452 ⁸
2642 1424 2731 1477 καὶ
2768 1422 2884 1489 οὐχὶ
2907 1420 2968 1490 δὴ
3007 1417 3204 1488 μᾶλλον
3232 1415 3439 1466 ἕκαστα
3473 1410 3580 1460 τῶν
3603 1405 3902 1476 δρωμένων

2321 1516 2631 1589 πεπρᾶχθαι
2665 1510 3143 1578 διαϐεϐαιούμενος
3182 1505 3327 1576 παρά
3351 1501 3564 1570 Πατρὸς
3589 1499 3655 1549 δι)
3686 1496 3818 1589 iis?)
3843 1497 3915 1589 έν

2321 1585 2635 1678 {breuitatem
2671 1606 2734 1659 El
2763 1603 2881 1671 γάρ,
2903 1603 3046 1652 ἐστιν
3084 1599 3114 1649 6
3149 1597 3277 1656 Υἱὸς
3305 1594 3398 1645 καὶ
3431 1589 3593 1659 βουλὴ
3619 1587 3715 1640 καὶ
3740 1585 3911 1653 σοφία

2321 1701 2414 1753 καὶ
2449 1699 2674 1768 δύναμις
2705 1694 2795 1747 τοῦ
2834 1692 3063 1762 Πατρὸς,
3100 1688 3278 1742 πάντα
3310 1701 3410 1737 που
3447 1681 3682 1740 πάντως,
3711 1676 3786 1738 ὡς
3814 1673 3908 1728 διὰ

2325 1791 2518 1860 βουλῆς
2545 1789 2639 1842 καὶ
2672 1785 2861 1854 σοφίας
2891 1783 2984 1835 καί
3013 1780 3294 1848 δυνάμεως
3327 1776 3354 1826 ὁ
3389 1771 3576 1840 Πατὴρ
3607 1768 3908 1838 ἐργάσεται

2251 1862 2291 1915 Β
2322 1888 2388 1940 δι’
2414 1884 2564 1936 Υἱοῦ.
2591 1881 2775 1943 Οὕτως
2822 1874 3080 1948 ἀριστίνδ’
3127 1870 3459 1930 ἀπολέκτους
3504 1865 3738 1916 ἐποιεῖτο
3777 1861 3909 1922 τοὺς

2329 1973 2571 2047 μαθητάς
2590 1988 2602 2000 ·
2632 1970 2804 2032 οὕτως
2832 1964 3091 2037 ήγιάσθαι
3112 1961 3292 2030 φαμὲν
3311 1958 3436 2020 τοὺς
3459 1953 3902 2047 ἐξειλεγμένους·

2322 2068 2466 2120 οὑτω
2491 2060 2817 2133 γεγενῆσθαι
2851 2060 3104 2128 ῥήτορας,
3136 2053 3210 2115 ὡς
3244 2053 3307 2104 ἐκ
3345 2051 3471 2119 μιᾶς
3507 2044 3753 2115 δηλονότι
3785 2042 3910 2096 θεό-

2322 2175 2505 2230 τητος,
2534 2154 2685 2225 παρὰ
2714 2150 2925 2221 Πατρὺς
2969 2147 3034 2199 δι’
3064 2144 3197 2198 Υίοῦ
3236 2146 3293 2195 ἐν
3336 2139 3634 2209 Πνεύματι.
3674 2156 3691 2187 ι
3726 2136 3918 2204 Πάτερ

2324 2228 2432 2320 γάρ
2463 2249 2608 2313 ἆγιε,
2634 2243 2821 2314 φησὶν,
2844 2239 3070 2308 ἁγίασον
3094 2235 3292 2297 αὑτοὺς
3322 2233 3380 2284 ὲν
3400 2233 3466 2302 τῇ
3490 2228 3718 2298 ἀληθείᾳ
3743 2243 3855 2278 σου.
3886 2243 3910 2274 ο

2337 2316 2577 2409 tanti-:2:
2615 2337 2794 2390 τοίνυν
2823 2337 2855 2404 ή
2896 2327 3144 2401 ἀλήθεια,
3179 2323 3454 2380 τουτέστιν
3485 2324 3512 2374 ὁ
3541 2319 3703 2382 Υἱός⁸
3734 2316 3920 2409 ἐνίησι

2325 2434 2383 2486 δὲ
2413 2407 2504 2486 καὶ
2530 2428 2729 2501 ὁμοίως
2760 2426 2852 2479 καὶ
2883 2419 3172 2488 ἀποφαίνει
3208 2415 3426 2483 σοφοὺς,
3459 2413 3552 2466 καὶ
3583 2411 3670 2464 διὰ
3691 2410 3788 2480 ⁴τῆς
3813 2407 3916 2459 τοῦ

2327 2525 2481 2593 ἁγίου
2512 2519 2826 2590 Πνεύματος
2873 2513 2983 2586 [ἴον.
3011 2511 3073 2564 τὸ
3117 2510 3272 2578 ἅγιον
3297 2504 3546 2576 Πνεῦμα]
3605 2501 3909 2593 ἐνεργείας,

2328 2590 2589 2683 θεοφιλῶς
2625 2603 3193 2676 κατεγλωττισμένους
3243 2599 3370 2670 [ἵσ.
3407 2590 3918 2663 κατευγλωττισμέξ

2328 2706 2654 2778 νους].Ἕφη
2683 2701 2809 2771 γοῦν
2847 2701 2904 2753 ὲν
2939 2697 3037 2767 μὲν
3067 2697 3134 2766 τῇ
3174 2691 3269 2746 τοῦ
3294 2689 3574 2745 Ματθαίου
3613 2685 3912 2778 συγγραφῇ

2329 2776 2615 2871 πρδςήτοὺς
2647 2791 2845 2849 ἑαυτοῦ
2877 2788 3148 2862 μαθητὰς,
3193 2807 3211 2838 ‹
3236 2786 3407 2837 Ὅταν
3444 2782 3501 2834 δὲ
3543 2776 3920 2871 παραδίδωσιν

2332 2866 2441 2945 [τὰ.
2479 2883 2875 2959 παραδιδῶσιν]
2926 2883 3103 2952 ὑμᾶς,
3143 2877 3214 2948 μὴ
3263 2873 3636 2947 μεριμνήσητε
3686 2867 3827 2933 πῶς,
3877 2866 3914 2935 ἢ

2330 2984 2382 3037 τί
2411 2982 2712 3052 λαλήσητεο
2749 2977 3031 3047 δοθήσεται
3063 2973 3172 3042 γάρ
3201 2972 3329 3040 ὑμῖν
3366 2969 3424 3021 ὲν
3461 2966 3643 3034 ἐκείνῃ
3673 2966 3739 3033 τῇ
3767 2961 3915 3034 ὥρα,

2313 3077 2384 3129 »τί
2416 3075 2676 3144 λαλήσετε
2697 3088 2710 3102 ·
2743 3072 2801 3124 οὑ
2836 3069 2945 3140 γὰρ
2977 3068 3130 3137 ὑμεῖς
3177 3067 3300 3116 ἐστε
3341 3064 3390 3114 οἱ
3436 3057 3744 3118 λαλοῦντες,
3775 3052 3914 3105 ἀλλά

2334 3167 2392 3221 τὸ
2440 3165 2663 3235 Πνεῦμα
2708 3162 2799 3216 τοῦ
2848 3159 3058 3231 Πατρὸς
3105 3154 3257 3226 ὑμῶν
3299 3152 3359 3205 τὸ
3400 3147 3593 3204 λαλοῦν
3620 3148 3677 3199 ὲν
3703 3146 3853 3214 ὑμῖν.
3889 3161 3916 3193 ι

2337 3258 2434 3310 Διὰ
2466 3257 2523 3310 δέ
2559 3244 2622 3323 γε
2664 3256 2761 3324 τῆς
2792 3250 2886 3306 τοῦ
2921 3249 3131 3304 Λουκᾶο
3166 3265 3183 3297 ι
3213 3244 3384 3298 Θέσθε
3414 3236 3508 3295 οὖν
3540 3241 3595 3292 ἐν
3625 3240 3743 3299 ταῖς
3773 3253 3918 3305 καρ-

2335 3350 2473 3411 δίαις
2508 3345 2661 3416 ὑμῶν
2714 3344 2786 3414 μὴ
2819 3341 3156 3412 προμελετᾷν
3194 3333 3632 3404 ἀπολογηθῆναι·
3662 3329 3773 3398 ἐγὼ
3808 3329 3918 3396 γὰρ

2336 3441 2491 3493 δώσω
2521 3440 2648 3509 ὑμῖν
2678 3438 2851 3506 στόμα
2893 3435 2987 3488 καὶ
3024 3432 3236 3499 σοφίαν,
3331 3429 3391 3481 οὑ
3436 3427 3753 3497 δυνήσονται
3789 3423 3918 3474 ἀντ-

2339 3535 2532 3595 ειπεῖν,
2564 3531 2596 3600 ἦ
2635 3531 2950 3598 ἀντιστῆναι
2988 3525 3186 3586 πάντες
3229 3523 3278 3575 οἱ
3309 3518 3670 3587 ἀντικείμενοι
3709 3515 3857 3583 ὑμῖν.
3895 3528 3915 3561 ι

2352 3624 2597 3684 ’Λκούεις
2623 3622 2769 3681 ὅπως
2800 3618 3085 3679 λαλοῦντος
3120 3619 3177 3669 ὲν
3203 3615 3384 3674 αὐτοῖς
3417 3608 3511 3662 τοῦ
3555 3607 3710 3674 ἁγίου
3742 3603 3920 3658 Πνεύ-

2344 3732 2530 3786 ματος,
2567 3712 2727 3773 αὑτὸς
2755 3710 2937 3763 δίδωσι
2973 3709 3030 3761 τὸ
3059 3706 3262 3776 omittat;
3297 3703 3458 3770 λόγου
3483 3699 3590 3769 γάρ
3618 3701 3733 3750 ἐστι
3756 3694 3922 3763 δοτὴρ

2340 3808 2415 3867 ὡς
2453 3805 2643 3873 Λόγος,
2681 3803 2774 3855 καὶ
2822 3801 3133 3869 Πνεὺματος
3176 3796 3428 3866 χορηγὸς,
3460 3792 3534 3853 ὼς
3587 3790 3718 3842 ἴδιον
3778 3786 3922 3855 ἔχων

2339 3896 2470 3949 αὑτὸ
2499 3893 2763 3963 φυσικῶς,
2796 3892 2936 3944 καθά
2968 3891 3063 3944 καὶ
3097 3889 3257 3949 αὑτὸς
3287 3888 3314 3938 6
3352 3879 3922 3954 Πατήρ.Ταυτοεργεί

2344 3989 2444 4057 μὲν
2479 3981 2571 4040 οῦν
2615 3989 2646 4056 ἡ
2694 3985 2826 4052 ἁγία
2856 3984 3045 4052 Τριὰς,
3080 3980 3171 4034 καὶ
3197 3979 3339 4048 ἅπερ
3377 3976 3443 4030 ἂν
3468 3972 3614 4045 δρὼῃ
3661 3971 3756 4022 καὶ
3791 3966 3920 4037 βού-

2340 4079 2484 4131 λοιτο
2512 4074 2808 4146 κατορθοῦν
2842 4077 2869 4127 ὁ
2899 4073 3107 4142 Πατὴρ,
3137 4069 3310 4122 ταῦτα
3339 4067 3433 4120 καὶ
3463 4065 3490 4116 ὁ
3513 4062 3637 4124 Υἱὸς
3658 4060 3804 4114 κατὰ
3826 4057 3922 4110 τὸν

2345 4172 2458 4223 ἴσον
2499 4170 2728 4239 τρόπον·
2765 4166 2966 4235 ὁμοίως
3000 4165 3058 4217 δὲ
3087 4163 3178 4216 καὶ
3208 4161 3267 4213 τὸ
3297 4157 3539 4226 Πνεῦμα.
3569 4154 3644 4206 Τό
3693 4169 3758 4219 γε
3812 4151 3926 4220 μὴν

2344 4264 2447 4317 ἀνὰ
2497 4264 2659 4333 μέρος
2691 4260 2886 4312 διδόναι
2920 4259 3019 4319 τὰς
3053 4254 3329 4324 ἐνεργείας
3377 4250 3579 4318 ἑκάστῃ
3629 4245 3738 4298 τῶν
3787 4243 3922 4294 ὑπο-

2346 4358 2588 4410 στάσεων
2623 4352 2822 4415 ίδικῶς,
2849 4350 3000 4403 οὐδὲν
3031 4346 3218 4415 ἕτερόν
3247 4347 3415 4404 ἐστιν,
3442 4341 3475 4411 ἢ
3506 4341 3654 4409 τρεῖς
3681 4334 3788 4389 ἀνὰ
3823 4333 3920 4402 μέ-

2349 4464 2436 4516 ρος
2465 4445 2556 4497 καὶ
2584 4427 2886 4513 ὀλοτρόπως
2928 4438 3172 4509 ἀλλήλων
3198 4433 3567 4503 διεστηκότας,
3595 4427 3923 4496 ἀποφαίνειν

675 4547 879 4596 camus,
912 4548 1034 4586 cum
1072 4547 1175 4586 una
1212 4532 1515 4601 bypostasis
1550 4542 1793 4584 movetur
1823 4529 1888 4582 ad
1923 4543 2078 4597 opus,
2116 4526 2230 4581 reli-

2345 4537 2519 4598 θεούς.
2551 4535 2607 4588 '0
2645 4534 2742 4603 μὲν
2786 4533 2894 4602 γὰρ
2933 4531 3032 4599 τῆς
3074 4528 3308 4598 φυσικῆς
3352 4524 3597 4593 ἐνότητος
3628 4521 3785 4587 λόγος
3830 4516 3924 4569 ἐπὶ

675 4641 810 4692 quas
839 4626 970 4678 duas
999 4622 1129 4677 nihil
1156 4637 1336 4691 agere,
1367 4623 1638 4692 quomodo
1670 4620 1854 4689 negari
1888 4621 2084 4688 poterit
2113 4619 2239 4686 quin

676 4730 934 4786 corporea
952 4714 1239 4769 inducatur
1252 4715 1442 4780 sectio,
1461 4715 1845 4783 propemodum
1865 4711 2040 4766 locum
2061 4725 2247 4778 quern-

677 4812 797 4862 dam
844 4806 1067 4874 singulis
1110 4807 1490 4875 hypostasibus
1536 4806 1801 4867 tribuens,
1842 4818 1906 4858 eo
1950 4803 2064 4870 ipso
2105 4802 2245 4870 quod

676 4911 830 4954 extra
875 4900 1109 4968 reliquas
1147 4908 1202 4951 et
1241 4897 1488 4966 abjuncta
1530 4900 1814 4966 cogitatur,
1856 4911 1958 4949 non
1996 4910 2062 4948 eo
2105 4894 2243 4962 quod

680 4991 893 5061 proprie
923 4990 1194 5053 subsistit,
1228 4990 1281 5044 id
1310 4989 1452 5043 enim
1482 5005 1606 5043 vere
1638 4989 1857 5054 dicitur,
1890 4987 1984 5041 sed
2017 4988 2158 5054 quod
2194 4987 2249 5037 in

679 5083 936 5150 cujusque
965 5081 1038 5134 rei
1067 5081 1396 5145 diversitate,
1426 5081 1688 5135 rationem
1716 5095 1833 5147 qua:
1856 5079 1922 5132 ad
1949 5076 2247 5131 naturalem

684 5177 942 5245 unitatem
974 5174 1189 5244 colligat
1236 5188 1341 5227 non
1375 5173 1611 5242 patitur?
1641 5172 1751 5228 Una
1783 5173 1923 5225 enim
1953 5169 2249 5224 divinitatis

687 5277 878 5326 natura
909 5267 961 5320 in
993 5274 1180 5321 sancta
1209 5274 1265 5319 et
1293 5263 1735 5319 consubstantiali
1762 5263 2027 5316 'l‘rinitate
2059 5259 2248 5313 intelli-

684 5361 846 5428 gitur,
876 5357 973 5412 ilic
1008 5367 1186 5411 autem
1226 5358 1397 5411 bonus
1429 5357 1508 5410 vir
1536 5355 1704 5410 Deum
1732 5352 1966 5409 Verbum
2006 5352 2113 5407 Deo
2149 5351 2250 5404 Pa-

687 5454 863 5520 trique
899 5449 1361 5505 consubstantiale
1399 5449 1621 5518 perinde
1651 5464 1714 5503 ac
1749 5448 1790 5502 si
1825 5448 2097 5516 ignoraret
2132 5459 2252 5498 esse

686 5542 884 5595 factum
913 5542 1206 5606 hominem,
1235 5557 1340 5594 non
1370 5540 1672 5610 abjiciendo
1699 5540 1838 5608 quod
1868 5539 2005 5592 Deus
2032 5546 2133 5602 est,
2160 5537 2251 5590 sed

687 5632 860 5712 petitis
894 5631 1217 5688 assumendo
1253 5631 1393 5701 quod
1429 5645 1532 5686 non
1572 5640 1710 5696 erat,
1744 5630 1903 5684 audet
1938 5638 2249 5681 extenuare.

763 5809 805 5856 ⁸⁸
839 5809 855 5875 i
895 5812 1017 5875 Cor.
1057 5826 1092 5878 ι,
1133 5810 1221 5864 24.

2347 4630 2448 4698 τῆς
2473 4626 2635 4693 ἁγίας
2663 4623 2913 4694 Τριὰδος,
2940 4621 3066 4690 μίαν
3101 4620 3163 4690 δή
3201 4635 3300 4670 που
3338 4617 3436 4685 τὴν
3477 4613 3560 4683 ἐφ’
3596 4613 3767 4665 ἅπασι
3810 4616 3924 4676 τοῖς

2351 4719 2646 4790 δρωμένοις
2676 4716 2963 4784 ἀποφαίνει
2993 4714 3221 4782 κίνησιν.
3261 4711 3322 4762 Ei
3352 4708 3408 4761 δὲ
3442 4708 3506 4776 δὴ
3534 4707 3810 4775 λέγοιμεν,
3842 4705 3922 4758 ὅτι

2354 4812 2482 4881 μιᾶς
2516 4808 2884 4869 ὑποστάσεως,
2915 4802 3022 4857 οἷον
3053 4805 3133 4865 είς
3161 4802 3296 4870 ἔργα
3331 4797 3714 4868 κεκινημένης,
3744 4797 3925 4866 ἀπρα-

2351 4901 2598 4968 κτήσειεν
2630 4896 2696 4949 ἂν
2734 4897 2787 4947 αἱ
2817 4893 2930 4954 δύο,
2967 4891 3082 4953 πῶς
3109 4890 3170 4942 οὑ
3201 4892 3400 4959 παχεῖα
3428 4887 3566 4956 τομὴ
3602 4885 3926 4955 παρεισκρί-

2351 5007 2522 5053 νεται,
2556 4987 2719 5039 τόπον
2760 4985 2946 5054 ὥσπερ
2993 4983 3116 5036 τινὰ
3163 4981 3270 5034 τῶν
3317 4978 3666 5033 ὑποστάσεων
3719 4977 3925 5046 ἑκάστῃ

2358 5082 2619 5152 νέμουσα,
2650 5079 2728 5143 τὸ,
2764 5078 2866 5141 ἔξω
2904 5095 2963 5128 τε
3011 5075 3104 5127 κοιλ¹
3145 5069 3640 5141 ἀπεσχοινισμένως
3690 5065 3924 5119 νοεῖσθαι

2359 5174 2465 5226 τῶν
2519 5172 2714 5234 ἄλλων,
2753 5171 2813 5223 οὑ
2866 5169 3006 5221 κατά
3051 5185 3112 5235 γε
3161 5166 3221 5218 τὸ
3267 5164 3533 5233 ὑπάρχειν
3591 5160 3920 5227 ίδιοστάτως,

2356 5262 2514 5315 τοῦτο
2535 5260 2640 5331 γὰρ
2666 5259 2890 5329 ἀληθέςο
2919 5257 3032 5310 ἀλλ’
3059 5258 3134 5318 ὡς
3163 5257 3219 5307 ὲν
3241 5256 3306 5323 τῇ
3329 5251 3470 5304 κατά
3494 5251 3600 5302 πᾶν
3623 5247 3922 5317 ἑτερότητι,

2361 5355 2435 5425 μὴ
2472 5354 2772 5423 ἀνεχομένη
2815 5352 2969 5418 λόγου
3014 5349 3105 5402 τοῦ
3143 5345 3551 5416 συναγείροντος
3593 5343 3670 5403 είς
3701 5341 3928 5408 ἑνότητα

2359 5445 2593 5515 φυσικήν
2616 5462 2630 5508 ;
2654 5443 2766 5498 Μία
2785 5444 2892 5512 γὰρ
2917 5441 3166 5510 θεότητος
3197 5438 3358 5507 φύσις
3382 5437 3438 5487 ἐν
3467 5433 3596 5501 ἁγίᾳ
3623 5430 3716 5484 καὶ
3744 5431 3928 5515 ὁμοου-

2361 5512 2460 5604 σίῳ
2493 5512 2690 5585 νοεῖται
2725 5531 3007 5600 Τριὰδι.⁹0
3034 5528 3090 5581 δὲ
3118 5524 3351 5597 χρηστὸς
3378 5519 3578 5581 οὑτοσὶι
3613 5517 3704 5568 τὸν
3733 5512 3927 5604 69°79"

2362 5639 2474 5675 σιον
2512 5621 2590 5692 τῷ
2616 5622 2734 5692 Θεῷ
2757 5622 2849 5673 καὶ
2878 5619 3050 5690 Πατρὶ
3075 5618 3209 5672 Θεὸν
3236 5616 3424 5683 Λόγον,
3449 5611 3522 5674 ὡς
3553 5607 3653 5661 οὑκ
3673 5603 3824 5667 εἰδὼς
3847 5603 3928 5656 δτι

1303 5811 1341 5841 ετ
1379 5807 1561 5865 Matth.
1605 5823 1655 5870 κ,
1694 5807 1781 5869 19,
1816 5805 1902 5860 $20.
1983 5803 2023 5835 σε
2061 5802 2189 5858 Luc.
2223 5816 2334 5866 xxx,
2382 5799 2578 5866 li,15.
