4078 6348
180 403 258 454 181
1173 414 1542 471 ADVERSUS
1580 414 1708 471 NES

1813 419 1981 477 RIUM
2024 421 2151 476 LIB.
2191 420 2277 474 IV.

3281 428 3384 485 182

172 513 375 607 γέγονεν
410 514 712 607 ἄνθρωπος,
744 522 804 575 οὐ
849 524 910 578 τὺ
947 522 1083 580 εἶναι
1122 528 1253 591 Θεὸς
1300 530 1708 600 ἀποϐεϐληκὼς,

1816 533 1946 587 Nam
1982 550 2101 591 cum
2132 545 2318 591 sancto
2350 536 2593 606 Spiritui,
2629 544 2687 591 ut
2713 536 2913 593 dictum
2945 548 3046 603 est,
3078 540 3381 607 patrocine-

176 606 531 677 προσειληφὼς
548 609 608 663 δὲ
638 612 836 681 μᾶλλον
860 617 996 688 ὅπερ
1020 619 1119 671 οὐκ
1143 614 1232 688 ἦν,
1256 622 1718 692 κατασμικρύνειν

166 693 453 765 ἀποτολμᾷ.
508 698 863 771 Συναγορεύει
911 705 1011 774 μὲν
1058 706 1198 778 γὰρ,
1252 708 1328 772 ὼς
1384 709 1615 779 εἴρηται,
1644 710 1721 778 τῷ

167 782 294 854 ἁγίῳ
319 787 612 857 Πνεῦματι,
644 793 985 865 περιυϐρίζει
1013 797 1069 850 δὲ
1098 798 1187 852 τὸν
1209 800 1358 865 Υίὸν,
1379 802 1520 855 οὕτω
1548 802 1720 870 λέγων

169 890 187 924 ι
207 872 290 942 ρός
318 891 467 945 τινας
493 877 598 931 τῶν
626 880 695 934 τά
726 882 936 953 Ἀρείου
966 890 1179 957 φρονεῖν
1208 890 1515 960 ᾑρημένων.

230 960 493 1033 [Πλείονα,
543 971 697 1038 φησι,
749 973 847 1043 τὴν
895 976 973 1038 είς
1017 977 1178 1031 αὑτὸν
1218 982 1716 1048 κατασκευάζοντες

166 1051 332 1123 ὕϐριν,
349 1056 441 1107 καὶ⁷
462 1057 521 1110 τὸ
538 1060 760 1132 Πνεῦμα
780 1065 876 1134 τῆς
896 1066 1043 1132 θείας
1064 1070 1457 1141 ἀποτέμνοντες
1480 1074 1713 1143 φύσεως,

164 1143 221 1195 τὸ
245 1144 337 1213 τὴν
378 1147 767 1223 ἀνθρωπότητα
791 1158 955 1210 αὐτοῦ
994 1159 1293 1215 διαπλάσαν
1318 1179 1332 1195 ο
1370 1182 1389 1214 ι
1420 1165 1493 1217 Τὸ
1526 1166 1632 1235 γὰρ
1659 1168 1717 1220 ἐν

164 1236 224 1304 τῇ
244 1235 442 1307 Μαρίᾳ,
458 1241 608 1309 φησὶ,
635 1246 908 1316 γεννηθὲν,
924 1250 986 1302 ἐκ
1003 1251 1316 1321 Πνεύματός
1336 1254 1483 1307 ἐστιν
1504 1256 1678 1324 ἀγίου·
1692 1274 1711 1307 ι

164 1325 293 1379 κατά
323 1324 433 1396 [Ion
468 1329 529 1382 τὸ
562 1333 724 1404 κατὰ]
762 1334 1099 1410 δικαιοσύνην
1126 1341 1189 1393 τὺ
1212 1342 1447 1397 πλασθέν
1483 1345 1714 1399 ἀνέπλα-

163 1594 524 1665 ἐργασάμενον
543 1609 561 1626 ⁶
604 1617 623 1651 ι
646 1600 786 1669 Ἐγὼ
813 1603 939 1674 γὰρ,
970 1607 1151 1674 φησὶν,
1186 1607 1243 1660 ἐν
1274 1608 1548 1680 Πνεῦματι
1581 1611 1716 1665 Θεοῦ

158 1684 394 1740 ἐκϐάλλω
424 1689 493 1742 τά
519 1689 791 1760 δαιμόνια’
823 1713 841 1746 ι
874 1696 938 1748 τὺ
964 1697 1062 1767 τὴν
1089 1698 1253 1752 αὑτοῦ
1281 1700 1460 1771 σάρκα
1490 1719 1717 1773 πεποιη-

162 1774 313 1840 μένον
335 1776 486 1831 ναόν”
519 1798 538 1831 ι
567 1781 841 1853 Τεθέαμαι
874 1786 1000 1855 γὰρ,
1031 1788 1182 1858 φησι,
1208 1788 1269 1840 τὸ
1297 1790 1519 1859 Πνεῦμα
1546 1808 1715 1843 κατα.

1822 633 1927 691 tur,
1968 626 2158 681 Filium
2194 627 2353 683 allicit
2387 627 2614 696 injuria,
2646 628 2733 684 ubi
2770 628 3026 686 adversus
3058 631 3171 687 Arii
3210 642 3383 688 secta-

1820 723 1964 771 torcs
1993 717 2063 771 ita
2100 718 2251 774 dicit.

1896 978 2155 1050 [Νεετοιι.
2194 979 2471 1048 Majorem,
2500 980 2691 1048 inquit,
2721 980 2771 1033 in
2800 980 2974 1049 ipsum
3003 989 3274 1037 struentes
3304 983 3380 1036 in-

1812 1069 2034 1138 juriam.
2060 1078 2113 1125 et
2143 1070 2402 1137 Spiritum
2432 1084 2464 1122 a
2494 1072 2671 1125 divina
2703 1081 2891 1125 natura
2922 1082 3258 1140 separantes,
3284 1073 3377 1141 qui

1819 1162 2205 1215 humanitatem
2233 1162 2349 1230 ejus
2378 1162 2627 1217 formavit
2659 1180 2672 1217 :
2709 1182 2727 1213 ι
2761 1164 2911 1229 Quod
2936 1164 3079 1217 enim
3109 1164 3161 1217 in
3193 1164 3376 1229 Maria,

1818 1247 2010 1317 inquit,
2044 1260 2222 1303 natum
2257 1260 2361 1314 est,
2396 1251 2462 1304 de
2491 1251 2695 1320 Spiritu
2727 1261 2911 1306 sancto
2941 1259 3022 1306 est
3046 1251 3258 1321 “pqui
3287 1265 3377 1306 se-

1815 1338 2047 1391 cundum
2079 1338 2343 1407 justitiam
2374 1342 2514 1407 quod
2546 1338 2832 1393 formatum
2868 1350 2987 1394 erat
3019 1340 3376 1395 reformavit:

1822 1446 1841 1481 ι
1874 1429 2271 1485 Manilestatum
2301 1430 2445 1484 enim
2473 1438 2577 1493 cst,
2606 1429 2801 1497 inquit,
2832 1429 2882 1483 in
2913 1445 3095 1493 carne,
3119 1430 3379 1500 justilica-

1816 1527 1927 1574 tum
1959 1528 2042 1574 est
2070 1521 2123 1575 in
2147 1519 2351 1590 Spiritu
2373 1520 2448 1584 '°;
2476 1520 2566 1589 qui
2601 1527 2658 1573 ut
2688 1521 2965 1575 daemoniis
2994 1530 3138 1575 esset
3167 1520 3377 1575 terribi-

1817 1610 1881 1666 lis
1907 1610 2086 1666 elfecit
2115 1629 2128 1665 :
2163 1628 2183 1663 ι
2215 1610 2326 1680 Ego
2355 1611 2522 1674 enim,
2551 1609 2745 1678 inquit,
2776 1610 2830 1664 in
2860 1611 3065 1678 Spiritu
3098 1610 3191 1664 Dei
3222 1609 3387 1677 ejicio.

1817 1702 2076 1756 dannonia
2100 1702 2182 1762 7‘;
2227 1720 2245 1753 ι
2286 1702 2378 1770 qui
2417 1701 2559 1756 illius
2601 1716 2818 1757 carnem
2855 1702 3031 1758 ell‘ccit
3069 1701 3321 1771 templum
3362 1720 3377 1754 :

1821 1808 1839 1841 ι
1866 1790 1982 1845 Vidi
2010 1791 2179 1855 enim,
2209 1790 2403 1859 inquit,
2426 1790 2684 1859 Spiritum
2701 1792 3109 1847 descendentem
3140 1792 3380 1847 sicutco-

159 1860 331 1915 ϐαῖνον
361 1863 495 1918 ὡσεὶ
528 1870 877 1940 περιστερὰν,
908 1874 1001 1927 καὶ
1030 1875 1333 1944 μεμένηκεν
1362 1878 1448 1928 ἐπ’
1481 1878 1664 1930 αὐτόν·
1688 1896 1705 1929 ι

1815 1880 2073 1944 lumbam,
2105 1890 2158 1933 et
2190 1880 2385 1934 mansit
2416 1896 2577 1949 super
2604 1896 2724 1936 cum
2751 1883 2831 1948 7';
2869 1900 2887 1934 ι
2922 1882 3016 1952 qui
3050 1883 3376 1950 assumptio-

159 1952 212 2003 τὸ
236 1954 332 2022 τὴν
364 1956 632 2028 ἀνάληψιν
662 1961 810 2031 αὐτῷ
838 1965 1198 2033 χαρισάμενον
1221 1981 1233 1995 ·
1269 1983 1287 2018 t
1313 1967 1715 2039 Ἐντειλάμενος

158 2042 278 2113 γάρ,
316 2047 472 2116 φησι,
519 2051 631 2113 τοῖς
678 2051 855 2120 ἁγίοις
899 2054 1235 2119 ἀποστόλοις,
1268 2057 1360 2121 οὓς
1411 2058 1712 2127 ἐξελέξατο,

153 2130 238 2183 διὰ
264 2133 576 2202 Πνεύματος
605 2140 781 2209 ἁγίου,
808 2142 1105 2213 ἀνελήφθη.
1128 2162 1147 2195 ι
1182 2145 1351 2199 Τοῦτο
1373 2146 1437 2219 δὴ
1468 2148 1530 2201 τὸ
1566 2150 1717 2220 τηλι-

157 2222 353 2295 καύτην
395 2228 617 2301 Χριστῷ
662 2234 1028 2306 χαρισάμενον
1073 2234 1248 2301 δόξαν,
1286 2238 1521 2309 Χριστοῦ
1548 2257 1715 2297 κατα-

156 2314 467 2380 σκευάζουσι
501 2320 731 2396 δοῦλονο]

740 2462 989 2520 ΚΕΦᾹΔ.
1044 2467 1119 2521 Γ¹.

213 2588 283 2641 Τὸ
307 2590 407 2660 μὲν
425 2585 518 2645 οὗν
544 2592 643 2663 τῆς
669 2590 817 2658 θείας
842 2613 900 2649 τε
930 2599 1020 2651 καὶ
1045 2597 1322 2670 ἀκηράτου
1348 2602 1562 2672 φύσεως
1586 2605 1714 2659 ἀπο-

149 2679 352 2750 τέμνειν
371 2680 433 2735 τδ
455 2682 678 2753 Πνεῦμα
706 2688 1069 2759 κατατολμᾷν,
1092 2690 1375 2765 μοχθηρᾶς
1404 2690 1544 2748 εἷναί
1566 2714 1639 2766 φη
1649 2714 1710 2767 μι

150 2772 236 2823 καὶ
281 2773 560 2845 ἀλιτηρίου
607 2775 823 2846 φρενὸς,
859 2778 954 2833 καὶ
986 2781 1121 2837 πολὺ
1156 2784 1249 2838 τοῦ
1281 2785 1489 2850 είκότος
1525 2787 1713 2858 ἐξῳκι-

150 2864 363 2934 σμένης.
381 2865 698 2936 Ὀμοούσιον
723 2868 832 2940 γάρ
868 2870 983 2924 ἐστι
1014 2873 1093 2944 τῷ
1120 2873 1238 2944 Θεῷ
1266 2875 1360 2929 καὶ
1397 2877 1593 2947 Πατρὶ,
1618 2876 1713 2931 καὶ

152 2954 249 3025 μην
275 2956 366 3009 καὶ
391 2956 546 3029 αὑτῷ
576 2958 656 3028 τῷ
680 2959 792 3029 Υίῷ
810 2975 826 2988 ·
871 2962 965 3015 καὶ
1009 2963 1142 3028 Θεὸς
1171 2963 1331 3031 εἶναι,
1359 2968 1454 3020 καὶ
1481 2967 1545 3020 ἐκ
1576 2967 1711 3021 Θεοῦ

149 3045 471 3109 πιστεύεται.
512 3050 723 3122 Χρῆναι
768 3051 827 3104 δὲ
871 3047 1024 3122 οἶμαι
1063 3055 1220 3109 ταυτὶ
1252 3056 1515 3127 μεθέντας
1546 3059 1626 3121 είς
1651 3058 1713 3110 τὸ

153 3136 335 3213 παρὸν,
370 3138 461 3191 τὸν
485 3140 544 3191 ἐν
572 3141 757 3209 χερσὶν
788 3142 938 3209 ἡμῖν,
974 3142 1497 3217 πολυπραγμονῆσαι
1531 3146 1708 3215 λόγον,

150 3226 234 3284 καὶ
246 3228 365 3281 ὅποι
387 3229 516 3281 ποτέ
537 3227 739 3297 βλέπει,
753 3230 1146 3302 νουνεχέστατα
1168 3235 1454 3289 κατιδεῖν.ι
1480 3234 1710 3288 Πλείονα

148 3318 269 3389 γὰρ,
313 3321 470 3389 φησὶ,
506 3319 605 3391 τὴν
637 3322 717 3383 είς
756 3323 919 3376 αὐτὸν
964 3324 1463 3388 κατασκευάζοντες
1512 3324 1667 3396 ὓϐριν
1690 3342 1705 3357 ·

148 3411 326 3479 δῆλον
342 3412 410 3464 δὲ
423 3411 514 3464 ὅτι
531 3411 635 3466 τὸν
648 3411 715 3466 ἐκ
732 3414 878 3468 Θεοῦ
892 3414 1119 3484 Πατρός
1136 3416 1347 3485 Λόγον·
1366 3416 1533 3469 καὶτὸ
1550 3417 1711 3469 Πνεῦ-

153 3519 222 3569 μα
251 3500 345 3570 τῆς
390 3500 542 3565 θείας
580 3502 978 3574 ἀποτέμνοντες
1010 3506 1242 3575 φύσεως,
1277 3507 1337 3559 τὸ
1371 3507 1471 3577 τὴν
1499 3507 1710 3579 ἀνθρω-

150 3592 344 3662 πότητα
372 3592 540 3645 αὐτοῦ
555 3589 873 3648 διαπλάσαν.
898 3614 933 3647 ι,
944 3596 1053 3666 Τὴν
1087 3592 1307 3662 τίνος,ιῖ›
1328 3598 1588 3667 βέλτιστε,
1606 3600 1711 3670 φὴς

147 3680 535 3735 διαπεπλάσθαι
558 3682 947 3753 ἀνθρωπότητα
965 3685 1053 3739 διὰ
1077 3686 1171 3740 τοῦ
1200 3687 1546 3759 Πνεῦματος;
1572 3692 1709 3743 Καί-

149 3788 222 3823 τοι
252 3772 374 3836 τοὺς
407 3772 600 3841 λόγους
626 3774 756 3857 ἡμῖν
785 3774 988 3844 ἀρτίως
1016 3776 1102 3829 ἐπ’
1128 3776 1276 3848 αὐτῷ
1306 3779 1601 3850 πεποίησαι
1631 3780 1707 3850 τῷ

150 3864 450 3935 Μονογενεί,
483 3867 584 3919 καὶ
605 3868 669 3919 ἐκ
698 3867 832 3921 Θεοῦ
867 3868 1079 3939 Πατρὸς
1106 3870 1433 3943 ἀπορρήτως
1455 3889 1710 3943 γεγεννη-

152 3956 319 4026 μένῳ·
356 3958 511 4011 θείαν
542 3958 651 4029 γὰρ
686 3959 751 4028 δὴ
794 3960 952 4028 φύσιν
997 3959 1274 4031 ὠνόμαζες
1320 3963 1514 4017 αὐτόν’
1542 3965 1705 4019 αὑτοῦ

149 4043 198 4098 δὲ
224 4041 369 4116 οἶμαι
401 4048 499 4101 καὶ
524 4049 622 4118 οὐχ
650 4048 833 4120 ἐτέρου
862 4049 959 4119 τὴν
995 4051 1389 4123 ἀνθρωπότητα
1414 4054 1538 4124 φής.
1564 4056 1706 4114 Οὐκ-

146 4136 230 4197 οῦν
254 4137 594 4209 διαμέμνησο
631 4138 741 4192 τῶν
773 4138 997 4192 σεαυτοῦ
1028 4141 1219 4209 φωνῶν
1238 4159 1251 4174 ο
1281 4143 1416 4196 ίδίαν
1436 4145 1543 4215 γὰρ
1569 4141 1705 4202 εἶναι

148 4226 244 4293 φὴς
285 4225 377 4280 τοῦ
416 4228 597 4297 Λόγου
634 4228 730 4298 τὴν
764 4228 941 4300 σάρκα
967 4230 1142 4303 ψυχῆς
1175 4232 1400 4304 ἐνούσης
1426 4235 1563 4305 αὐτῇ
1606 4235 1705 4305 τῆς

148 4314 355 4387 λογικῆς
408 4318 655 4388 δηλονότι
680 4336 694 4350 ο
731 4318 885 4373 ἔσται
915 4320 1026 4390 -γάρ
1073 4322 1245 4386 οὕτως
1280 4325 1313 4395 ἡ
1353 4324 1704 4396 ἀνθρωπότης

145 4407 315 4461 αὐτοῦ,
344 4405 479 4464 Εἶτα
511 4408 649 4473 πῶς,
680 4409 835 4481 εἴπερ
867 4411 1013 4465 ἐστὶν
1039 4413 1096 4466 ἓν
1128 4414 1265 4482 μετά
1290 4418 1386 4484 τῆς
1416 4414 1548 4479 ιδίας
1575 4433 1705 4485 σαρ-

147 4497 229 4561 κὸς
268 4502 295 4552 ό
336 4502 401 4555 ἐκ
448 4500 587 4554 Θεοῦ
619 4502 829 4573 Πατρός
861 4504 1053 4571 Λόγος,
1086 4504 1265 4574 ἰσχύος
1298 4500 1436 4558 εἶναι
1464 4506 1701 4576 νομίζεις

146 4588 293 4642 αὑτὸν
319 4591 416 4662 τῆς
442 4591 778 4661 θεοπρεποῦς
800 4592 1007 4657 ἐπιδεᾶ,
1040 4594 1132 4646 καὶ
1158 4593 1384 4665 φοϐερὸν
1409 4594 1569 4648 αὐτὸν
1595 4596 1704 4666 είρ-

146 4678 328 4745 γάσθαι
359 4684 471 4744 τοῖς
503 4681 722 4753 δαίμοσι
747 4682 807 4735 τὸ
846 4683 1068 4754 Πνεῦμα
1094 4683 1155 4736 τὸ
1191 4684 1364 4753 ἆγιον,
1397 4685 1473 4749 ὡς
1500 4686 1606 4739 ἀπό
1637 4703 1698 4755 γε

144 4770 234 4839 τῆς
263 4773 393 4835 ἰδίας
423 4773 641 4841 φύσεως
668 4773 768 4826 οὐκ
814 4772 1004 4843 ἔχοντα
1046 4775 1203 4828 τοῦτο
1250 4775 1407 4845 δρᾷν’
1454 4776 1549 4829 καὶ
1592 4776 1697 4848 μὴν

146 4862 230 4914 καὶ
260 4862 339 4928 τὸ,
369 4862 632 4917 δύνασθαι
677 4864 978 4933 συπρίὸειν
1009 4864 1100 4917 τὸν
1144 4865 1406 4929 Σατανᾶν,
1438 4865 1514 4929 ὡς
1552 4866 1700 4919 δοτὸν

147 4956 263 5022 παρ’
284 4955 513 5025 ἐτέρου,
567 4954 664 5007 καὶ
712 4954 863 5024 μόλις
912 4954 1324 5025 ἐρανιζόμενον;
1353 4955 1417 5008 Ei
1464 4954 1561 5023 μὲν
1606 4951 1699 5010 οὖν

144 5035 284 5095 οἶσθα
311 5044 391 5098 ὅτι
424 5044 488 5097 τὸ
516 5043 842 5113 ἀποτέμνειν
872 5045 934 5097 τὸ
962 5043 1184 5114 Πνεῦμα
1211 5044 1312 5113 τῆς
1352 5043 1500 5108 θείας
1533 5044 1697 5098 αὐτοῦ

146 5131 363 5199 φύσεως,
400 5134 764 5207 ἐγκλημάτων
792 5136 1067 5207 αἴσχιστον
1099 5136 1181 5205 εἴη
1210 5135 1295 5203 ἂν,
1323 5135 1416 5192 καὶ
1445 5136 1590 5206 μάλα
1619 5137 1696 5189 εί-

1817 1982 1938 2023 nem
1970 1968 2044 2023 illi
2075 1967 2299 2038 largitus
2325 1976 2406 2022 est
2438 1984 2452 2021 :
2491 1987 2509 2020 ι
2546 1967 2903 2039 Praecipicns,
2935 1971 3143 2041 inquit,
3175 1971 3379 2027 sanctis

1816 2058 2093 2125 apostolis,
2125 2074 2259 2127 quos
2282 2058 2466 2125 elegit,
2502 2074 2597 2126 per
2630 2060 2890 2127 Spiritum
2928 2072 3193 2128 sanctum,
3222 2062 3381 2133 104

1816 2158 2121 2218 assumptus
2153 2159 2235 2204 est
2259 2149 2324 2202 ⁷³.
2365 2166 2384 2199 ›
2424 2147 2576 2204 Hunc
2611 2151 2773 2218 igitur
2804 2152 2895 2221 qui
2930 2160 3131 2205 tantam
3164 2152 3391 2211 Christo.

1815 2238 2039 2307 gloriam
2070 2239 2290 2311 largitus
2318 2248 2424 2308 est,
2451 2240 2653 2298 Christi
2686 2256 2900 2297 servum
2931 2242 3213 2315 elﬁciunt.]

2459 2466 2611 2522 CAP.
2650 2464 2731 2521 Ill.

1883 2602 2099 2658 Audere
2127 2600 2343 2671 quidem
2370 2616 2400 2656 a
2429 2602 2611 2657 divina
2642 2601 2730 2655 illa
2764 2600 3161 2672 immortalique
3187 2612 3378 2659 natura

1814 2693 2077 2763 Spiritum
2107 2694 2451 2760 abscindere,
2482 2692 2711 2761 improbi
2742 2707 2865 2755 esse
2891 2703 2946 2750 et
2975 2694 3187 2750 scelesti
3215 2692 3381 2748 animi

1812 2799 2031 2849 censeo,
2053 2793 2108 2840 et
2136 2785 2293 2855 longo
2324 2785 2605 2840 intervallo
2634 2786 2701 2839 ab
2729 2800 2795 2840 eo
2824 2786 2965 2855 quod
2993 2785 3245 2840 convenit
3294 2798 3382 2837 re-

1814 2875 1965 2930 moti.
1997 2875 2483 2932 Consubstantialis
2518 2883 2600 2930 est
2632 2874 2778 2929 enim
2817 2877 2924 2933 Deo
2960 2886 3014 2931 et
3048 2875 3216 2939 Patri,
3252 2874 3381 2943 quin

1813 2967 1975 3022 etiam
2002 2966 2100 3033 ipsi
2128 2980 2340 3036 quoque
2365 2967 2523 3032 Filio,
2550 2978 2605 3023 et
2630 2969 2769 3024 Deus
2796 2983 2914 3023 esse
2940 2978 2995 3022 et
3024 2982 3089 3021 ex
3122 2966 3232 3020 Deo
3257 2979 3380 3021 cre-

1813 3058 1976 3110 ditur.
2002 3054 2109 3111 Sed
2134 3066 2384 3125 oportere
2407 3057 2663 3121 arbitror,
2692 3058 2758 3113 iis
2783 3059 2848 3110 ad
2877 3068 3114 3124 praesens
3139 3051 3379 3115 omissis,

1814 3146 1974 3200 verba
2014 3161 2132 3215 quae
2175 3162 2319 3203 nunc
2359 3156 2487 3202 sunt
2525 3148 2579 3202 in
2621 3148 2898 3212 manibus,
2943 3144 3281 3208 examinare,
3327 3151 3381 3198 et

1816 3249 1922 3303 quo
1967 3244 2211 3303 spectent
2245 3245 2497 3290 accurate
2544 3236 2872 3305 perspicere.
2908 3253 2927 3285 ‹
2961 3233 3246 3300 Major-em,
3300 3232 3379 3287 in-

1816 3326 1954 3397 quit,
1978 3327 2030 3382 in
2059 3326 2231 3395 ipsum
2259 3334 2561 3383 statuentes
2588 3324 2838 3394 injuriam
2864 3325 3136 3395 (nimirum
3170 3325 3222 3377 in
3247 3324 3380 3377 illud

1815 3433 1879 3471 ea:
1910 3417 2013 3471 Deo
2051 3416 2209 3470 Patre
2239 3416 2505 3486 Verbum),
2535 3426 2592 3471 et
2618 3416 2877 3483 Spiritum
2907 3431 2936 3469 a
2966 3414 3147 3468 divina
3181 3424 3379 3469 natura

1815 3514 2152 3576 Separantes,
2168 3506 2259 3575 qui
2292 3506 2408 3575 ejus
2439 3507 2824 3560 humanitatem
2846 3503 3116 3559 l‘orma‘vit.
3141 3524 3158 3557 ι
3181 3504 3376 3572 Cujus-

1816 3608 1972 3661 nam,
2014 3596 2099 3648 vir
2140 3595 2379 3663 optime,
2424 3594 2627 3651 asseris
2670 3594 3058 3649 humanitatem
3102 3607 3132 3647 a
3178 3593 3378 3661 Spiritu

1816 3683 2139 3739 formatam?
2176 3685 2340 3753 Atqui
2383 3685 2583 3740 dudum
2624 3685 2690 3741 de
2728 3685 2845 3754 ipso
2890 3683 3174 3754 Unigenito
3216 3694 3270 3738 et
3310 3698 3376 3738 ex

1816 3773 1926 3828 Deo
1964 3773 2127 3830 Patre
2169 3774 2508 3831 ineﬂ'abiliter
2539 3784 2668 3829 nato
2700 3776 2862 3829 verba
2905 3775 3114 3829 feceras
3152 3792 3167 3829 :
3206 3775 3379 3843 ipsum

1813 3863 1957 3919 enim
1991 3864 2230 3920 divinam
2262 3873 2509 3921 naturam
2543 3864 2853 3935 appellabas
2885 3883 2898 3919 :
2934 3865 3103 3933 ipsius
3137 3879 3287 3934 ergo,
3320 3874 3377 3919 ut

1813 3955 2027 4025 Opinor,
2062 3971 2171 4012 non
2204 3956 2427 4012 alterius
2462 3957 2848 4012 humanitatem
2884 3956 3041 4011 dicis.
3074 3955 3377 4010 Recordare

1813 4046 1977 4117 igitur
1999 4048 2285 4102 verborum
2314 4056 2526 4103 tuorum
2557 4066 2570 4102 :
2600 4048 2871 4118 propriam
2900 4047 3043 4101 enim
3072 4062 3189 4102 esse
3217 4046 3375 4101 Verbi

1813 4138 1960 4191 illam
1993 4153 2212 4192 carnem
2236 4139 2394 4202 dicis,
2417 4139 2592 4193 anima
2630 4138 2878 4192 rationali
2915 4138 3190 4207 praeditam
3222 4135 3374 4191 scili-

1811 4235 1897 4280 cet
1932 4245 1945 4280 :
1980 4227 2060 4281 sic
2096 4241 2329 4295 namque
2361 4228 2465 4282 erit
2496 4229 2612 4291 ejus
2647 4224 2974 4281 humanitas.
3010 4226 3173 4295 Atqui
3207 4225 3252 4279 si
3289 4225 3374 4294 ip-

1810 4332 1926 4371 sum
1951 4330 2015 4371 ex
2045 4316 2151 4372 Deo
2178 4316 2338 4371 Patre
2360 4315 2590 4373 Verbum
2617 4334 2782 4374 unum
2809 4324 2892 4373 est
2918 4331 3039 4372 cum
3065 4331 3162 4370 sua
3186 4330 3375 4380 carne,

1811 4410 2080 4478 quomodo
2106 4410 2299 4465 divinis
2322 4411 2529 4466 viribus
2557 4427 2680 4466 eum
2711 4411 2950 4481 indigere
2978 4418 3154 4478 putas,
3182 4417 3236 4463 et
3265 4418 3374 4462 ter-

1813 4501 2020 4557 ribilem
2052 4502 2329 4558 daemoniis
2355 4518 2385 4556 a
2417 4501 2621 4571 Spiritu
2650 4510 2840 4558 sancto
2873 4502 3094 4565 factum,
3126 4508 3186 4554 ut
3218 4499 3307 4569 qui
3339 4514 3371 4553 a

1809 4605 1905 4645 sua
1934 4602 2124 4647 natura
2150 4593 2203 4647 id
2232 4608 2337 4648 non
2366 4603 2549 4663 posset
2574 4594 2815 4659 eliicere;
2842 4592 3027 4646 adhaec
3053 4591 3239 4655 etiam,
3270 4589 3376 4643 hoc

1809 4683 1985 4752 ipsum
2021 4698 2181 4751 posse
2213 4696 2495 4741 conterere
2528 4682 2808 4746 Satanam,
2842 4683 2995 4751 quasi
3030 4684 3096 4737 ab
3132 4682 3238 4737 alio
3270 4681 3369 4736 da-

1805 4784 1938 4837 tum,
1970 4774 2165 4844 vixque
2195 4774 2334 4829 dono
2365 4773 2669 4843 acceptum?
2702 4774 2759 4829 Si
2793 4774 2959 4844 igitur
2991 4788 3096 4828 non
3130 4773 3369 4843 ignoras,

1805 4878 2061 4933 separare
2101 4863 2359 4933 Spiritum
2401 4881 2432 4921 a
2473 4866 2655 4919 divina
2696 4864 2813 4935 ejus
2856 4875 3079 4930 natura,
3125 4863 3369 4931 turpissi-

1808 4971 1954 5008 mum
1984 4956 2286 5010 habendum
2314 4971 2434 5011 esse
2457 4957 2686 5023 crimen,
2711 4965 2765 5012 et
2789 4956 3005 5025 quidem
3028 4953 3171 5023 jure,
3200 4955 3369 5024 ipsius

1804 5045 1988 5114 procul
2018 5046 2178 5102 dubio
2209 5045 2444 5117 Spiritus
2472 5056 2576 5113 est,
2604 5057 2663 5103 ut
2692 5049 2782 5117 qui
2811 5062 2909 5118 per
2932 5046 3255 5104 inelfabilem
3284 5045 3366 5114 ip-

1803 5138 1916 5191 sius
1949 5145 2195 5192 naturam
2229 5139 2504 5206 procedat,
2539 5147 2595 5195 et
2626 5138 2726 5209 ipsi
2759 5138 2832 5194 sit
2862 5134 3364 5205 consubstantialis.

206 5316 247 5347 "
278 5317 464 5373 Matth.
498 5331 536 5379 ι,
566 5318 655 5371 9.0.
732 5317 778 5347 ⁷⁰
808 5316 825 5370 Ι
859 5316 999 5371 Tim.
1037 5332 1119 5383 ιιι,
1148 5316 1229 5369 iii.
1307 5317 1347 5347 ⁷¹
1382 5315 1568 5369 Matth.
1608 5330 1699 5380 xu,

1813 5356 1816 5367 .
1895 5317 1939 5347 ⁷³
1972 5316 2125 5371 Juan.
2160 5334 2197 5383 ι,
2222 5318 2311 5375 52.
2390 5318 2434 5350 ⁷³
2461 5317 2580 5373 Act.
2616 5334 2657 5384 ι,
2692 5319 2746 5373 2.

1382 5490 1539 5545 ANT.
1582 5490 1853 5547 AGELLll
1893 5491 2118 5549 ΝΟΤᾸΞ.

210 5651 316 5721 (24)
354 5650 444 5721 Sic
472 5648 882 5721 distinguendus
913 5648 1123 5703 videtur
1152 5646 1317 5721 locus,
1351 5655 1409 5699 ut
1452 5654 1572 5721 apte
1600 5660 1691 5721 ca-

152 5716 230 5773 dat
274 5716 335 5773 ad
368 5719 602 5776 Nestorii
646 5716 969 5772 sententiam
1006 5734 1020 5769 :
1055 5718 1299 5785 quamvis
1343 5716 1574 5783 pessima
1623 5718 1693 5771 sit

157 5791 431 5858 distinctio,
461 5800 516 5847 ct
551 5798 742 5847 contra
773 5803 928 5844 usum
971 5787 1255 5855 Ecclesia;
1298 5800 1457 5855 quam
1502 5785 1690 5842 distin-

1798 5651 2029 5704 ctionem
2059 5649 2324 5722 improbat
2363 5650 2593 5722 Cyrillus
2626 5666 2745 5722 pag.
2787 5650 2908 5717 105,
2930 5650 2994 5707 et
3018 5648 3357 5710 ecclesiasti-

1797 5736 1914 5775 cam
1946 5736 2008 5777 ac
2036 5721 2307 5790 vulgatam
2346 5721 2605 5790 sequitur.
