4078 6348
671 394 772 451 185

1649 392 1705 450 S.
1747 391 2019 449 CYRlLLl
2056 389 2525 448 ALEXANDRINI
2563 391 2885 448 ARCHIEP.

3803 395 3903 453 ιει

668 519 722 562 et
752 509 828 564 ita
858 508 1077 563 minime
1110 507 1339 577 indiguit
1372 507 1572 563 virtute
1601 510 1668 564 ab
1698 524 1764 564 eo
1792 510 1915 564 data
1935 549 1949 574 ,
1982 520 2231 580 tanquam

2355 509 2528 575 ιότως,
2563 507 2728 563 αὐτοῦ
2757 509 2998 580 δηλονότι
3027 508 3088 562 τὸ
3110 507 3330 578 Πνεῦμά
3352 509 3519 575 ἐστιν,
3549 509 3621 572 ὡς
3645 510 3713 563 δι’
3736 511 3905 581 αὐτῆς

665 610 891 656 externa
931 611 984 655 et
1026 600 1241 655 aliunde
1279 601 1449 657 ascita
1486 618 1502 658 :
1543 602 1635 656 sed
1677 610 1859 655 utetur
1894 603 2071 670 potius
2111 611 2231 656 tan-

667 704 827 760 qnam
871 691 1088 760 proprio
1133 690 1355 759 Spiritu,
1396 701 1450 746 et
1488 706 1584 761 per
1619 693 1791 761 ipsum
1838 694 2131 748 terribilem
2174 709 2233 749 se

671 783 951 838 daemoniis
975 785 1240 839 ostendet.
1269 783 1362 839 Sin
1394 785 1485 838 tibi
1516 785 1692 853 placet
1716 800 1810 841 eos
1837 787 1926 853 qui
1957 796 2230 855 separant,

669 874 966 943 impietatis
998 874 1225 930 crimine
1258 876 1521 931 immunes
1553 876 1904 945 pronuntiare
1936 877 2235 944 :quomodo

671 966 828 1042 pobis
855 965 1055 1021 dudum
1084 981 1179 1022 eos
1207 965 1434 1036 injurios
1460 966 1764 1035 appellans,
1794 975 1975 1035 postea
2007 967 2233 1035 teipsum

673 1057 726 1110 in
751 1071 938 1112 eorum
961 1071 1243 1111 numerum
1264 1057 1465 1112 referre
1481 1073 1588 1112 non
1610 1057 1811 1112 sentis?
1833 1058 2097 1127 siquidem
2121 1058 2239 1112 uni-

674 1158 786 1202 tum
810 1148 962 1203 carni
985 1147 1112 1202 illud
1133 1163 1198 1203 ex
1224 1147 1330 1202 Deo
1353 1147 1510 1202 Patre
1527 1146 1761 1204 Verbum
1786 1149 1930 1204 velut
1955 1164 2118 1203 unum
2142 1149 2238 1205 ali-

676 1253 830 1305 quem
859 1253 890 1292 e
915 1245 1099 1293 nostro
1123 1253 1371 1303 numero,
1396 1248 1449 1292 et
1471 1239 1742 1304 vulgarem
1771 1254 2012 1308 prorsus.
2040 1239 2237 1294 auxilio

677 1329 847 1383 sancti
879 1326 1113 1394 Spiritus
1140 1328 1428 1396 indiguisse
1454 1330 1608 1394 dicis,
1643 1340 1701 1384 ut
1727 1331 1982 1385 terribilis
2007 1329 2239 1384 immun-

677 1420 760 1474 dis
819 1419 974 1490 105
1033 1420 1312 1480 spiritibus
1363 1421 1690 1476 videretur:
1755 1437 1878 1475 nam
1929 1423 2141 1478 etiamsi
2185 1422 2238 1476 in

680 1509 880 1572 Spiritu
923 1512 1012 1567 Dei
1040 1511 1170 1566 dicit
1199 1528 1258 1566 se
1289 1513 1490 1583 ejicere
1544 1515 1829 1578 daemonia,
1861 1531 2038 1570 annon
2072 1515 2239 1582 ipsam

2334 598 2519 668 προϊὸν
2551 597 2648 666 τῆς
2693 598 3009 668 ἀπορρήτου
3040 597 3252 666 φύσεως
3283 597 3469 661 αὐτοῦ,
3499 598 3594 652 καὶ
3621 599 3905 668 ὁμοούσιον

2333 691 2499 760 αὐτῷ,
2531 691 2623 743 καὶ
2653 690 2751 743 ούκ
2778 690 2844 743 ἂν
2867 689 3062 760 ἐδεήθη
3095 690 3346 760 καθάπερ
3389 690 3535 754 τινδς
3569 690 3671 759 τῆς
3705 689 3906 756 ἔξωθέν

2332 797 2391 833 τε
2426 781 2514 834 καὶ
2541 781 2784 850 ὲπακτῆς
2817 780 3097 850 δυνάμεως
3125 779 3225 850 τῆς
3251 781 3379 850 παρ’
3409 780 3605 834 αὑτοῦ·
3640 782 3904 850 χρήσεται

2334 873 2390 924 δὲ
2417 872 2616 942 μᾶλλον
2636 872 2709 936 ὡς
2739 872 2854 942 ίδίῳ
2881 871 3179 941 Πνεύματι,
3209 872 3302 925 καὶ
3329 870 3558 942 φοδερὸν
3582 872 3774 926 ἑαυτὸν
3794 875 3904 933 τοῖς

2336 965 2585 1033 δαίμοσιν
2616 965 2886 1032 ἀποφανεῖ
2908 961 2973 1014 δι’
3001 961 3185 1015 αὐτοῦ.
3219 962 3281 1015 Ei
3315 961 3371 1014 δέ
3404 978 3484 1014 σοι
3512 961 3659 1014 δοκεῖ
3687 961 3797 1015 τῶν
3826 966 3904 1023 είς

2336 1055 2650 1111 δυσσέϐειαν
2674 1053 3032 1126 ἐγκλημάτων
3056 1054 3376 1121 ἀποφαίνειν
3391 1053 3759 1122 ὴμοιρηκότας
3777 1054 3902 1116 τοὺς

2337 1147 2757 1217 ἀποτέμνοντας,
2795 1145 2912 1208 πῶς
2945 1148 3076 1215 ἡμῖν
3108 1145 3307 1216 ἀρτίως
3339 1145 3598 1215 ὕδριστας
3619 1145 3903 1216 ὀνομάζεις

2340 1238 2448 1309 ίῖσ.
2475 1233 2780 1307 ὠνόμαζες]
2823 1235 3052 1301 αὐτούς;
3089 1231 3218 1287 Εἶτα
3248 1235 3458 1298 τούτοις
3498 1234 3691 1287 σαυτὸν
3720 1234 3901 1305 ἐναρί-

2339 1332 2498 1404 θμιον
2529 1333 2628 1385 ούκ
2657 1330 2885 1400 αίσθάνῃ
2919 1328 3109 1393 ποιῶν,
3147 1331 3302 1399 εῐπερ
3331 1327 3595 1381 ὲνωθέντα
3626 1328 3792 1393 σαρκὶ
3815 1326 3904 1379 τὸν

2339 1426 2404 1477 ἐκ
2435 1422 2570 1477 Θεοῦ
2597 1422 2806 1492 Πατρδς
2837 1421 3028 1488 Λόγον,
3065 1420 3313 1490 καθαπερ
3343 1409 3437 1473 ἕνα
3478 1419 3598 1472 τινὰ
3630 1419 3743 1470 τῶν
3773 1417 3877 1471 καθ

2341 1515 2507 1584 ἡμᾶς,
2535 1512 2628 1567 καὶ
2653 1511 2829 1566 κοινὸν
2868 1510 3072 1575 ἁπλῶς,
3095 1511 3194 1581 τῆς
3221 1508 3316 1561 τοῦ
3345 1508 3657 1578 Πνεύματος
3685 1510 3905 1559 ἐπικουο

679 1604 946 1659 sermonis
973 1605 1423 1673 dispensationem
1463 1607 1594 1661 satis
1633 1606 2000 1664 admirabilem
2059 1608 2242 1664 videre

2355 1609 2464 1671 οίας
2511 1603 2790 1676 δεδεῆσθαι
2837 1605 2963 1674 φὴς,
2998 1603 3085 1658 ἵνα
3128 1601 3370 1673 *φοϐερὸς
3418 1603 3530 1663 τοῖς
3574 1600 3904 1670 ἀκαθάρτοις

679 1694 961 1762 oportuit?
993 1692 1298 1750 Iudaeorum
1331 1696 1472 1750 enim
1509 1697 1676 1752 duces
1705 1712 1825 1750 cum
1855 1697 2039 1766 gloriae
2072 1699 2241 1752 nostri

2355 1703 2515 1771 ipqno
2547 1696 2865 1766 πνεύμασιν.
2892 1696 2954 1747 Ei
2985 1695 3093 1763 γὰρ
3119 1695 3211 1746 καὶ
3237 1695 3295 1746 ὲν
3325 1691 3598 1761 Πνεύματι
3629 1692 3766 1744 Θεοῦ
3796 1708 3905 1760 φη-

683 1785 977 1840 Salvatoris
1010 1785 1334 1852 inviderent,
1365 1798 1419 1840 et
1449 1787 1501 1840 in
1537 1802 1658 1840 eum
1684 1801 1745 1842 os
1769 1786 2089 1842 ell'renatum
2116 1804 2240 1857 ape-

2355 1813 2431 1848 σιν
2467 1793 2659 1847 ἑαυτὸν
2686 1791 2967 1845 ὲκῦάλλειν
2990 1789 3058 1843 τὰ
3092 1787 3367 1858 δαιμόνια,
3404 1786 3520 1848 πῶς
3543 1785 3642 1838 οὐκ
3674 1783 3782 1836 ἔδει
3815 1780 3906 1834 τοῦ

679 1875 872 1935 rirent,
926 1874 1304 1928 obtrectabant
1347 1873 1611 1940 infelices,
1661 1884 1967 1929 asserentes
2014 1888 2138 1929 eum
2187 1876 2239 1928 in

2355 1887 2500 1954 λόγου
2527 1884 2623 1954 τὴν
2648 1881 2960 1952 οἰκονομίαν
2982 1879 3308 1946 ἀξιάγαστον
3333 1870 3497 1929 οὖσαν
3521 1875 3648 1926 ίδεῖν
3669 1890 3682 1937 ;
3711 1874 3776 1926 Οί
3810 1872 3906 1941 μὲν

679 1961 979 2018 Beelzebub
1020 1963 1263 2029 principe
1293 1963 1676 2017 daemoniorum
1718 1963 1919 2031 ejicere
1958 1965 2241 2019 dmmonia.

2355 1978 2452 2048 γὰρ
2475 1977 2585 2030 τῶν
2615 1974 2880 2028 Ἰουδαίων
2909 1970 3239 2040 καθηγηταὶ,
3265 1970 3332 2038 τῇ
3358 1967 3452 2020 τοῦ
3475 1965 3723 2036 mango;
3754 1960 3909 2034 ἡμῶν

685 2050 778 2107 Ille
815 2069 964 2119 vero,
1003 2055 1162 2108 insita
1197 2069 1327 2123 erga
1365 2069 1554 2108 omnes
1595 2068 1722 2108 usus
1745 2054 2152 2123 tranquillitate,
2188 2063 2244 2108 ut

2355 2069 2563 2137 εὐκλείᾳ
2595 2062 3025 2136 διεφθονηκότες,
3055 2061 3149 2115 καὶ
3180 2059 3460 2112 ἀπύλωτον
3498 2057 3585 2109 ἐπ’
3607 2053 3755 2117 αύτῷ
3784 2053 3911 2105 διοι-

681 2155 945 2209 errantes,
971 2155 1129 2212 atque
1159 2145 1257 2212 ipsi
1288 2145 1544 2198 dicaciter
1575 2144 1862 2199 detrahere
1885 2143 2142 2209 volentes,
2178 2144 2246 2199 ad

2355 2161 2567 2228 γνύντες
2595 2156 2788 2227 στόμα,
2816 2152 3224 2223 κατεφλυάρουν
3256 2151 3306 2202 οί
3336 2147 3579 2201 δείλαιοι.
3611 2144 3909 2211 φάσκοντες

685 2234 961 2288 meliorem
1007 2249 1228 2289 sensum
1282 2249 1346 2289 ac
1387 2236 1673 2290 veritatem
1711 2238 1880 2305 ipsam
1919 2237 2244 2300 traduceret,

2355 2251 2404 2302 ὲν
2436 2244 2763 2310 Βεελζεὸοῦλ
2801 2244 3020 2314 ἄρχοντι
3053 2238 3164 2292 τῶν
3195 2235 3488 2307 δαιμονίων
3533 2232 3815 2285 ἐκϐάλλειν
3844 2230 3911 2282 τά

683 2323 909 2394 gloriam
943 2332 1152 2393 partam
1191 2338 1258 2379 ex
1299 2324 1352 2376 vi
1401 2327 1712 2380 conterendi
1752 2325 2008 2380 Satanam
2050 2326 2124 2378 illi
2163 2341 2247 2380 se-

2355 2339 2616 2406 δαιμόνια,
2657 2336 2714 2388 '0
2745 2334 2800 2387 δὲ
2846 2336 2911 2403 τῇ
2958 2331 3182 2401 ὲμφύτῳ
3216 2328 3352 2400 πρὸς
3400 2327 3643 2388 ἅπαντας
3681 2322 3911 2393 γαληνό-

685 2417 918 2472 cundnm
953 2425 1197 2469 naturam
1230 2415 1342 2471 Deo
1388 2416 1568 2484 potius
1598 2416 1892 2481 tribuebat,
1942 2418 1995 2471 in
2041 2418 2244 2486 Spiritu

2355 2446 2468 2499 τητι
2501 2425 2856 2496 κεχρημένος,
2887 2425 2979 2476 καὶ
3011 2420 3269 2492 μεθιστὰς
3293 2420 3417 2481 τοὺς
3443 2413 3909 2483 πεπλανημένους,

687 2508 777 2563 Dei
831 2507 1017 2561 dicens
1076 2521 1134 2561 se
1180 2505 1453 2576 improbos
1516 2508 1736 2576 spiritus
1785 2507 2019 2576 ejicere;
2078 2521 2249 2575 neque

2355 2523 2512 2591 ἣγουν
2561 2517 2950 2587 άθυροστομεῖν
2992 2513 3273 2574 ἐθέλοντας
3316 2509 3402 2562 ἐπ’
3447 2507 3625 2576 αύτῷ,
3663 2505 3799 2575 πρὸς
3855 2502 3915 2554 τδ

683 2597 916 2663 seipsum
968 2596 1240 2664 abnegans
1279 2594 1443 2650 Deum
1484 2609 1606 2650 esse
1637 2596 1934 2650 secundum
1975 2604 2244 2660 naturam,

2355 2610 2569 2681 ἄμεινόν
2603 2624 2664 2660 τε
2693 2605 2786 2659 καὶ
2813 2603 3033 2674 ἀληθὲς,
3058 2601 3179 2671 Θεῷ
3203 2600 3267 2670 δὴ
3311 2597 3509 2669 μᾶλλον
3541 2595 3618 2665 τῷ
3647 2593 3789 2646 κατά
3817 2592 3914 2658 φύ-

684 2697 739 2741 et
784 2688 1045 2752 Spiritum
1090 2697 1337 2742 sanctum
1404 2688 1680 2758 proprium
1730 2686 1929 2740 habere
1977 2698 2246 2739 asserens.

2355 2721 2456 2767 σιν,
2479 2700 2578 2770 τὴν
2617 2698 2709 2753 ὲπί
2740 2714 2802 2766 γε
2831 2696 2908 2767 τῷ
2933 2696 3192 2749 δύνασθαι
3222 2690 3527 2760 συντρίϐειν
3550 2686 3640 2739 τὸν
3669 2684 3916 2738 Σατανᾶν

687 2777 792 2832 Sed
838 2782 965 2842 (luia
1006 2778 1361 2846 οοηετυεὺει,
1409 2787 1462 2832 εί
1523 2776 1704 2830 (“Vino
1748 2773 1980 2831 arundo
2028 2775 2247 2845 ἀίειιιιηι
2352 2791 2585 2849 ἀνετίθει
2609 2789 2796 2854 δόξαν,
2827 2789 2886 2842 ὲν
2913 2775 3192 2854 Πνεύματι
3217 2780 3354 2834 Θεοῦ
3389 2779 3563 2848 λέγων
3592 2777 3660 2830 τὰ
3703 2772 3919 2844 πονηρά

686 2879 804 2923 erat
848 2867 1243 2934 parricidarum
1292 2868 1387 2923 ira:
1426 2870 1639 2932 cedere,
1672 2879 1728 2924 et
1760 2867 2034 2922 hominum
2069 2865 2159 2935 qui
2195 2866 2249 2920 in

2355 2880 2565 2940 διώκειν
2599 2889 2916 2951 πνεύματα·
2949 2879 3041 2932 καὶ
3083 2878 3182 2929 οὐκ
3231 2875 3335 2938 ἔξω
3382 2874 3548 2935 τιθεὶς
3583 2867 3776 2921 ἑαυτὸν
3823 2862 3918 2916 τοῦ

687 2973 753 3014 eo
801 2957 1251 3022 oliendebantur,
1302 2961 1616 3016 occasiones
1666 2958 1992 3027 przecidere;
2043 2957 2252 3013 adorie-

688 3053 883 3109 bantur
923 3053 1090 3111 enim.
1124 3054 1367 3108 dicentes
1399 3070 1413 3107 :
1446 3070 1465 3104 ι
1497 3053 1572 3109 De
1606 3053 1747 3108 bono
1775 3067 1936 3121 opere
1980 3068 2086 3107 non
2118 3053 2253 3121 lapi-

2356 2977 2496 3031 κατὰ
2523 2974 2684 3045 φύσιν
2710 2969 2847 3027 εἶναι
2875 2971 3024 3035 Θεὸν,
3056 2969 3149 3021 καὶ
3181 2967 3310 3020 ῖδιον
3337 2963 3481 3034 ἔχειν
3505 2962 3564 3016 τὸ
3602 2960 3828 3028 Πνεῦμα
3860 2955 3921 3007 τὸ

2357 3068 2530 3136 ἅγιον.
2564 3065 2781 3133 Ἐπειδὴ
2808 3064 2866 3116 δὲ
2891 3058 2958 3131 ἦν
2991 3059 3303 3122 ἀκόλουθον,
3336 3057 3429 3109 καὶ
3466 3049 3804 3122 θεοπρεποῦς
3833 3047 3921 3099 εὑ-

687 3149 876 3202 damus
911 3155 982 3211 te,
1015 3147 1110 3201 sed
1163 3149 1228 3201 de
1269 3145 1628 3216 blasphemia,
1665 3145 1791 3214 quia
1838 3153 1894 3199 tu
1937 3145 2097 3200 homo
2125 3159 2246 3199 cum

2355 3158 2564 3228 τεχνίας
2593 3155 2763 3220 ἀξιον,
2789 3154 2886 3216 τὰς
2917 3152 3024 3206 τῶν
3062 3148 3344 3218 φονώντων
3368 3143 3688 3214 ὑποτρέχειν
3721 3141 3920 3211 ὀργας,

689 3239 784 3301 sis,
816 3236 950 3291 lacis
995 3236 1223 3306 teipsum
1264 3237 1432 3291 Deum
1454 3234 1538 3302 ⁷⁶;
1579 3254 1597 3287 ι
1635 3235 1773 3295 hanc
1802 3236 1871 3290 ob
1909 3249 2129 3290 causam
2160 3236 2252 3289 be-

691 3329 851 3399 nigne
903 3327 1190 3382 admodum
1243 3329 1310 3381 ad
1366 3330 1642 3384 hominum
1692 3328 1867 3382 adhuc
1919 3328 2253 3381 infirmorum

690 3435 908 3475 sensum
953 3435 1012 3476 se
1062 3435 1410 3490 componens,
1446 3420 1539 3475 Dei
1574 3418 1832 3489 Spiritum
1868 3419 2063 3487 inquit,
2108 3419 2260 3472 novit

693 3512 835 3566 enim
870 3513 1058 3581 probe,
1110 3521 1167 3565 nt
1193 3510 1303 3578 jam
1334 3511 1467 3576 dixi,
1515 3513 1752 3580 seipsum
1797 3525 1919 3566 esse
1955 3525 2020 3564 ex
2066 3517 2256 3563 natura

694 3601 860 3657 Deum
897 3599 1056 3656 simul
1103 3616 1224 3656 cum
1251 3598 1434 3663 Patre,
1467 3609 1521 3655 et
1567 3600 1748 3656 omnia
1779 3616 1899 3671 qua:
1931 3599 2073 3654 illius
2111 3605 2253 3662 sunt,

694 3709 754 3748 se
794 3693 1013 3756 habere,
1053 3703 1412 3762 praeterquam
1465 3694 1516 3746 id
1571 3692 1741 3747 solem
1776 3692 1916 3760 quod
1951 3701 2032 3746 est
2073 3690 2255 3744 Pater.

694 3785 883 3856 itaque
919 3786 1081 3842 etiam
1118 3786 1332 3841 dicebat
1371 3786 1438 3840 ad
1476 3787 1622 3840 illum
1657 3805 1670 3839 :
1706 3806 1723 3836 ι
1755 3785 1944 3839 Omnia
1988 3799 2128 3846 mea,
2173 3795 2256 3836 tua

697 3886 841 3942 sunt,
875 3887 928 3930 et
964 3887 1051 3930 tua
1090 3891 1230 3942 mea,
1270 3887 1322 3930 et
1353 3876 1681 3945 gloriﬁcatns
1715 3891 1833 3930 sum
1868 3876 1921 3928 in
1964 3874 2098 3942 ipsis
2120 3872 2203 3938 7‘;
2239 3872 2256 3923 ι

698 3980 753 4027 et
786 3970 851 4024 ad
891 3985 991 4024 nos
1021 3970 1165 4036 ipsos
1207 3980 1327 4022 cum
1355 3969 1422 4021 de
1456 3967 1657 4036 Spiritu
1700 3975 1885 4020 sancto
1913 3967 2076 4021 verba
2112 3965 2260 4018 face-

698 4072 783 4116 ret
814 4078 826 4115 :
867 4079 885 4112 ι
915 4059 1130 4121 Omnia,
1165 4061 1362 4128 inquit,
1388 4075 1506 4128 qua:
1535 4061 1696 4113 liabet
1725 4058 1909 4120 Pater,
1947 4073 2061 4111 mea
2088 4066 2214 4111 sunt
2245 4075 2256 4109 :

700 4160 983 4222 propterea
1017 4150 1127 4204 dixi
1164 4151 1314 4204 vobis
1347 4150 1474 4219 quia
1518 4149 1586 4203 de
1630 4164 1750 4203 meo
1777 4149 2023 4217 accipiet,
2078 4157 2132 4203 et
2176 4162 2258 4200 an-

702 4243 970 4298 nuntiabit
997 4240 1147 4297 vobis
1166 4241 1233 4295 ⁷⁸.
1269 4259 1286 4291 ι
1320 4238 1390 4296 Ut
1417 4241 1560 4295 enim
1594 4240 1832 4308 procedit
1862 4252 1925 4293 ex
1958 4237 2118 4293 Patre
2142 4236 2253 4306 Spi«

703 4339 835 4389 ritus
883 4335 1123 4397 sanctn's,
1166 4348 1287 4387 cum
1336 4333 1407 4387 sit
1443 4333 1614 4401 ipsius
1643 4331 1938 4386 secundum
1989 4339 2261 4394 naturam,

2359 3249 2452 3304 καὶ
2487 3249 2581 3311 τὰς
2613 3249 2721 3300 τῶν
2750 3245 2834 3298 ἔπ’
2856 3242 3005 3312 αὐτῷ
3036 3237 3532 3308 σκανδαλιζομένων
3573 3229 3925 3301 περικόπτειν

2357 3339 2642 3410 ἀφορμάς·
2678 3335 2975 3405 ἐπεφύοντο
3029 3334 3136 3402 γὰρ
3192 3330 3474 3397 λέγοντεςο
3520 3343 3539 3374 ‹
3569 3322 3703 3392 Περὶ
3752 3316 3923 3373 καλοῦ

2360 3435 2518 3503 ἔργου
2547 3431 2606 3484 οὒ
2641 3426 2928 3497 λιθάζομέν
2964 3441 3045 3489 σε,
3088 3423 3222 3476 ἀλλά
3267 3419 3393 3486 περὶ
3429 3412 3810 3486 βλασφημίας⁹
3842 3412 3923 3462 ὅτι

2362 3527 2444 3589 σὺ,
2470 3524 2748 3592 ἄνθρωπος
2769 3519 2865 3582 ὢν,
2889 3518 3058 3580 ποιεῖς
3085 3512 3309 3569 σεαυτὸν
3327 3509 3479 3563 Θεόν·
3495 3526 3514 3560 ι
3531 3505 3699 3574 ταύτῃ
3724 3520 3808 3557 τοι
3834 3503 3924 3555 καὶ

2363 3617 2498 3682 ἄγαν
2523 3612 2774 3675 ἀστείως,
2800 3614 2913 3672 τοῖς
2942 3604 3258 3664 ἀσθενοῦσιν
3281 3603 3360 3656 ἔτι
3395 3596 3921 3669 συγκαθιστάμενος,

2361 3702 2495 3756 Θεοῦ
2516 3703 2577 3755 τὸ
2601 3698 2817 3769 πνεῦμά
2839 3715 3002 3769 φησιν
3021 3715 3033 3727 ·
3062 3693 3169 3749 οἶδε
3201 3693 3310 3765 γὰρ
3333 3689 3492 3755 οἶδεν,
3513 3692 3586 3753 ὠς
3615 3688 3772 3758 ἔφην,
3799 3688 3923 3739 ὲαυυ

2361 3796 2454 3848 τὸν
2507 3794 2637 3849 ὄντα
2683 3791 2842 3854 φύσει
2899 3790 3030 3842 Θεὸν
3077 3787 3213 3856 ὁμοῦ
3262 3784 3340 3852 τῷ
3395 3782 3788 3851 γεγεννηκότι,
3833 3798 3924 3831 και

2363 3890 2541 3940 πάντα
2579 3885 2770 3955 ἔχοντα
2800 3880 2984 3945 αὐτοῦ,
3029 3861 3149 3948 δίχα
3198 3877 3358 3947 μόνου
3394 3874 3489 3928 τοῦ
3533 3868 3669 3925 εἶναι
3710 3869 3920 3939 Πατήρ.

2364 3981 2653 4049 Τοιγάρτοι
2694 3977 2788 4029 καὶ
2819 3976 3024 4043 ἔφασκε
3079 3972 3216 4041 πρὸς
3250 3969 3441 4025 αὑτὸν,
3481 3986 3500 4017 ι
3532 3967 3612 4019 ὅτι
3648 3963 3830 4016 Πάντα
3859 3961 3925 4014 τὰ

2365 4073 2492 4142 ὲμά,
2520 4069 2588 4124 σά
2615 4072 2754 4130 ἐστι,
2787 4066 2879 4118 καὶ
2904 4065 2974 4116 τὰ
3001 4062 3088 4125 σὰ,
3111 4058 3250 4130 ὲμά·
3278 4059 3369 4112 καὶ
3394 4055 3715 4122 δεδόξασμαι
3744 4055 3803 4104 ὲν
3833 4054 3926 4104 αὺ-

2363 4167 2494 4227 τοῖς.
2526 4181 2543 4212 ι
2588 4161 2695 4213 Καὶ
2735 4159 2869 4228 πρός
2915 4171 2979 4223 γε
3023 4153 3168 4231 ἡμᾶς
3208 4149 3401 4209 αυτοὺς
3452 4145 3578 4214 περὶ
3622 4142 3717 4195 τοῦ
3772 4142 3925 4209 ἁγίου

2367 4251 2503 4306 Πνεύ
2514 4266 2680 4320 ματος
2710 4248 2834 4308 τοὺς
2861 4245 3051 4312 λόγους
3081 4252 3416 4310 ποιουμενος,
3455 4254 3473 4287 ι
3505 4235 3710 4320 Πάντα,
3736 4231 3925 4300 φησιν,

2365 4344 2464 4394 ὅσα
2495 4319 2603 4409 ἔχει
2638 4342 2666 4390 ό
2711 4335 2917 4406 Πατὴρ,
2954 4333 3063 4402 ἐμά
3090 4335 3238 4384 ὲστιο
3269 4328 3357 4381 διὰ
3389 4326 3543 4380 τοῦτο
3577 4319 3730 4376 εἷπον
3778 4323 3925 4391 ὑμῖν,

702 4429 890 4486 eodem
922 4441 1135 4497 quoque
1159 4424 1316 4480 modo
1341 4439 1436 4494 per
1461 4427 1631 4494 ipsum
1662 4423 1877 4489 Filium,
1909 4437 2029 4478 cum
2055 4422 2123 4477 sit
2145 4422 2251 4492 ejus

2367 4434 2447 4486 ὅτι
2475 4434 2538 4484 ὲκ
2568 4428 2661 4482 τοῦ
2684 4427 2824 4498 ἐμοῦ
2866 4426 3094 4496 λήψεται
3121 4423 3212 4476 καὶ
3255 4417 3542 4486 ἀναγγελεῖ
3573 4417 3717 4485 ὑμῖν.
3749 4432 3768 4464 ι
3802 4413 3930 4464 Ὄσ-

705 4517 1046 4582 naturaliter,
1081 4516 1291 4584 ipsique
1321 4515 1815 4570 consubstantialis.
1852 4513 1991 4582 Ergo
2017 4515 2251 4584 quamvis

2370 4541 2474 4593 περ
2503 4523 2610 4591 γὰρ
2639 4492 2882 4589 πρόεισιν
3003 4517 3095 4568 τοῦ
3120 4513 3330 4585 Πατρδς
3359 4512 3420 4563 τὸ
3448 4510 3672 4577 Πνεῦμα
3693 4507 3756 4558 τὸ
3778 4505 3930 4565 ἆγιον

706 4626 800 4678 per
832 4607 1092 4677 Spiritum
1117 4605 1472 4674 gloriﬁcetur,
1506 4607 1620 4674 ipse
1670 4616 1849 4659 tamen
1878 4606 2112 4674 seipsum
2142 4613 2251 4658 tan-

2369 4614 2531 4669 αὐτοῦ
2559 4611 2698 4666 κατά
2729 4610 2888 4678 φύσιν
2917 4606 3186 4677 ὑπάρχον·
3216 4604 3310 4657 καὶ
3340 4605 3481 4655 κατὰ
3503 4600 3594 4653 τὸν
3619 4600 3734 4651 ῖσον
3758 4614 3930 4663 τυυτῳ

706 4715 864 4768 qnam
904 4713 998 4768 per
1037 4700 1308 4766 proprium
1364 4696 1622 4766 Spiritum
1661 4697 1968 4763 glorilicare
2016 4694 2251 4778 intelligit

2369 4707 2567 4778 τρόπον
2604 4703 2696 4756 καὶ
2726 4703 2791 4754 δι’
2831 4699 2995 4753 αὑτοῦ
3031 4698 3124 4751 τοῦ
3159 4694 3313 4760 Υἱοῦ,
3360 4691 3601 4761 φυσικῶς
3644 4689 3704 4743 ὃν
3739 4689 3928 4752 αὐτοῦ,

710 4804 831 4855 ιιιι·;
867 4804 1040 4858 neque
1082 4804 1145 4844 ea
1201 4803 1288 4844 res
1323 4787 1393 4841 illi
1439 4788 1775 4843 eXtrinsecus
1827 4786 2065 4851 advenit,
2107 4775 2251 4840 etian

2372 4775 2462 4849 καὶ
2489 4793 2771 4864 όμοούσιον
2819 4790 2986 4859 αὐτῷ.
3011 4787 3221 4842 Οὐκοῦν
3249 4785 3350 4838 κᾶν
3387 4778 3674 4851 δοξάζηται
3711 4780 3802 4834 διὰ
3841 4779 3932 4832 τοῦ

710 4880 752 4933 si
787 4879 978 4933 iactus.
999 4879 1159 4932 homo
1189 4876 1359 4931 nostri
1388 4876 1583 4932 similis
1607 4877 1873 4930 videatur.
1900 4875 2250 4932 Peritulosun

2374 4886 2718 4954 Πνεύματος,
2758 4879 2918 4942 αὐτὸς
2967 4877 3176 4941 ἑαυτὸν,
3211 4874 3285 4939 ὡς
3332 4874 3399 4927 δι’
3445 4871 3571 4926 ἰδίου
3619 4871 3934 4942 Πνεύματος

711 4979 792 5027 est
821 4977 997 5024 autem
1027 4969 1091 5021 ad
1125 4969 1227 5022 hoc
1252 4968 1412 5021 etiam
1454 4967 1581 5020 illud
1617 4967 1796 5021 dicere
1824 4966 1889 5020 de
1925 4975 2115 5022 sancto
2147 4966 2251 5034 ενι

2373 4979 2568 5030 νοεῖται
2591 4972 2848 5038 δοξάζων,
2874 4970 2967 5022 καὶ
2991 4971 3087 5039 οὐχ
3114 4969 3186 5031 ὼς
3211 4965 3441 5036 θύραθεν
3463 4965 3523 5017 τδ
3549 4964 3739 5034 χρῆμα
3769 4963 3931 5032 αὐτῷ.

714 5064 839 5127 ritu,
871 5062 960 5129 qui
991 5076 1207 5115 carnem
1245 5059 1412 5129 ipsius
1442 5058 1618 5113 ell'ecit
1653 5059 1906 5124 templum
1939 5078 1951 5111 :
1989 5067 2104 5112 erat
2128 5060 2251 5112 enin

2378 5066 2480 5118 κᾶν
2512 5066 2560 5116 εί
2593 5064 2764 5134 ορῷτο
2814 5058 3054 5129 γεγονὼς
3086 5056 3370 5127 ἄνθρωπος
3417 5053 3540 5108 καθ’
3567 5055 3735 5123 ἡμᾶς.
3782 5052 3934 5105 Ἀναο

713 5167 840 5208 caro
870 5151 1085 5218 propria
1113 5150 1294 5212 Verbi,
1349 5152 1507 5219 idque
1539 5149 1698 5219 paulo
1729 5159 1854 5204 ante
1902 5149 2018 5219 ipse
2064 5149 2246 5204 confes

2381 5156 2602 5224 σφαλεὶς
2635 5154 2746 5226 [ῖσ.
2786 5148 3134 5221 Ἀνασφαλὲς]
3170 5149 3225 5202 δὲ
3253 5148 3385 5218 πρὸς
3413 5146 3584 5216 τούτῳ
3615 5147 3838 5198 κάκεῖνο
3867 5148 3936 5196 εί-

715 5260 805 5301 sns
845 5258 937 5307 es;
978 5242 1144 5310 ipsius
1187 5243 1330 5296 enim
1376 5257 1498 5296 esse
1547 5242 1935 5296 humanitatem
1977 5241 2183 5307 dixisti,
2221 5252 2276 5296 et

716 5335 974 5401 templum
1005 5333 1171 5401 ipsius
1198 5332 1296 5386 fuit
1329 5343 1575 5387 sanctum
1607 5333 1732 5388 illud
1767 5347 1964 5402 corpus
1989 5348 2053 5390 ex
2086 5344 2275 5389 sancta

721 5427 938 5495 Virgine
983 5433 1275 5494 sumptum.
1311 5425 1469 5495 106
1493 5424 1747 5494 Proprius
1787 5427 1917 5481 item
1967 5426 2140 5494 ipsius
2190 5425 2278 5480 ille

717 5521 834 5587 ejus
864 5517 1117 5586 Spiritus,
1151 5532 1322 5586 neque
1348 5533 1584 5586 unquam
1619 5518 1746 5574 illud
1773 5519 1868 5574 Dei
1901 5517 2135 5573 Verbum
2164 5518 2278 5572 sine

722 5629 817 5669 suo
850 5613 1053 5682 Spiritu
1091 5611 1422 5682 intelligitur.
1457 5610 1682 5667 Praestat
1709 5612 1870 5681 igitur
1894 5627 1955 5667 ac
1984 5611 2277 5680 sapientius

874 5787 1024 5850 loau.
1063 5804 1115 5855 Χ,
1160 5788 1246 5843 53.
1281 5789 1323 5820 ⁷⁵
1361 5786 1511 5843 Joan.
1551 5793 1683 5856 im,
1719 5787 1805 5842 lO.

2379 5249 2497 5300 πεῖν
2526 5244 2654 5315 περὶ
2680 5243 2774 5296 τοῦ
2807 5241 3151 5312 Πνεύματος,
3191 5240 3272 5305 τὸ,
3303 5238 3401 5308 τὴν
3429 5237 3607 5308 σάρκα
3633 5237 3733 5306 τὴν
3779 5234 3938 5289 αὐτοῦ

2378 5335 2740 5406 πεποιημένον
2779 5334 2904 5388 ναόν
2923 5350 2934 5363 ·
2979 5327 3048 5402 ἦν
3095 5331 3190 5401 μὲν
3221 5329 3325 5401 γάρ
3350 5331 3382 5399 ἡ
3411 5327 3547 5399 σὰρξ
3574 5328 3678 5381 ἰδία
3718 5325 3812 5382 τοῦ
3842 5327 3932 5380 Λό-

2381 5444 2497 5494 γου,
2533 5425 2630 5479 καὶ
2673 5424 2829 5477 τοῦτο
2871 5425 3000 5493 ἡμῖν
3048 5421 3247 5491 ἀρτίως
3284 5419 3695 5491 διωμολόγηκας
3746 5419 3936 5480 αὑτός·

2381 5515 2544 5569 αὑτοῦ
2587 5516 2694 5586 γὰρ
2737 5515 2869 5583 ἔφης
2903 5510 3170 5582 εἶναιτὴν
3219 5511 3643 5581 ἀνθρωπότητα,
3679 5513 3773 5564 καὶ
3822 5511 3938 5571 ναὸς

2382 5606 2539 5661 αὑτοῦ
2577 5607 2974 5678 κεχρημάτιχεν
3023 5606 3078 5658 τὸ
3114 5607 3176 5660 ἐκ
3212 5605 3306 5674 τῆς
3333 5604 3493 5672 ἁγίας
3544 5603 3821 5672 Παρθένου
3854 5601 3918 5670 λη

1884 5787 1926 5819 ⁷³
1962 5787 2112 5843 Joan.
2156 5803 2262 5854 χνι,
2297 5787 2375 5841 18-.
