4078 6348
218 396 315 452 185

1234 395 1604 454 Αονειιδυε
1638 396 2039 453 NESTORIUM
2078 396 2201 452 LIB.
2245 396 2333 453 IV.

3345 401 3446 459 £86

217 511 338 578 φθὲν
379 510 535 578 άγιον
580 511 762 580 σῶμα-
800 512 929 563 ἴδιον
962 508 1017 563 δὲ
1056 512 1213 563 πάλιν
1254 514 1418 566 αὑτοῦ
1462 514 1522 566 τὸ
1561 516 1780 582 Πνεῦμα

1885 524 1964 567 est
1999 514 2201 577 dicere,
2255 528 2451 582 corpus
2494 515 2707 582 quidem
2746 516 3000 585 templum
3033 530 3152 570 esse
3187 516 3342 571 Verbi
3391 528 3444 571 et

214 601 407 663 αὑτοῦ,
456 602 550 654 καὶ
596 601 694 659 οὐκ
746 600 811 654 ἂν
846 603 1016 654 νοοῖτο
1055 602 1269 657 πώποτε
1324 603 1445 671 δίχα
1500 604 1594 656 τοῦ
1647 605 1776 656 ίδίου

219 689 520 760 Ιινεύματος
548 693 576 744 6
617 695 681 747 ἐκ
716 691 850 749 Θεοῦ
906 692 1116 761 Πατρὸς
1152 692 1341 760 Λόγος.
1373 694 1631 763 ’Ἄμεινον
1683 690 1778 747 οὖν

212 785 312 851 ἄρα
352 784 445 835 καὶ
489 782 812 851 σοφώτερον,
861 784 987 837 ναὸν
1023 784 1121 852 μὲν
1165 783 1259 837 τοῦ
1310 784 1479 852 Λόγου
1514 785 1574 837 τὸ
1619 785 1779 855 σῶμα

212 874 406 939 λέγειν,
438 874 531 926 καὶ
568 874 703 927 ξδίαν
735 873 901 927 αὑτοῦ
932 873 1027 944 τὴν
1053 874 1263 943 σάρκα·
1297 874 1571 926 πιστεύειν
1610 874 1666 925 δὲ
1694 876 1776 927 ὅτι

214 964 454 1016 σύνεστιν
500 966 588 1016 ἀεὶ
624 964 701 1034 τῷ
731 965 888 1033 Λόγῳ
917 965 978 1018 τὸ
1029 963 1249 1033 Πνεῦμα
1286 964 1470 1029 αὑτοῦ,
1524 963 1776 1035 καθάπερ

210 1056 399 1125 ἀμέλει
446 1056 536 1108 καὶ
566 1055 711 1124 αὐτῴ
739 1054 816 1125 τῷ
852 1055 1043 1125 Πατρί.
1072 1055 1185 1108 Οὐκ
1218 1055 1516 1125 ἀμώμητον
1546 1055 1601 1107 δέ
1639 1056 1774 1126 πρὸς

207 1144 375 1213 τούτῳ
426 1145 591 1213 φαίην
632 1145 717 1209 ἂν,
760 1146 838 1210 τὸ,
880 1146 953 1207 ὡς
999 1144 1084 1195 ἐπ’
1127 1142 1412 1213 ανθρώπου
1460 1142 1637 1197 κοινοῦ
1677 1144 1774 1215 τὴν

207 1237 468 1305 ἀνάληψιν
517 1236 665 1307 αὑτῷ
692 1238 790 1306 τὴν
821 1238 899 1299 είς
950 1235 1177 1308 οὐρανὸν
1223 1234 1558 1307 δεδωρῆσθαι
1592 1236 1773 1303 λέγειν

206 1327 355 1397 παρὰ
380 1327 473 1384 τοῦ
520 1327 864 1397 Πνεύματος’
897 1326 1211 1390 ἐπιλέκτους
1254 1328 1353 1396 μὲν
1388 1327 1495 1397 γάρ
1541 1327 1775 1379 ἐποιεῖτο

204 1420 325 1481 τοὺς
356 1418 603 1489 μαθητάς
630 1420 717 1471 διὰ
749 1418 843 1471 τοῦ
890 1419 1047 1486 ἁγίου
1098 1418 1411 1487 Πνεύματος
1432 1457 1448 1481 ,
1498 1418 1771 1489 ἀνελήφθη

203 1530 263 1580 γε
298 1514 404 1581 μὴν
431 1513 505 1575 ὠς
528 1511 657 1574 Θεός
677 1528 691 1543 ο
717 1512 814 1581 οὐχ
844 1511 919 1575 ὡς
951 1512 1081 1581 παρ’
1108 1511 1296 1581 ἑτέρου
1322 1511 1473 1564 δοτδν
1498 1512 1560 1564 τὸ
1586 1512 1771 1581 χρῆμα

201 1602 380 1655 λαϐών
405 1618 418 1630 ’
474 1602 634 1666 αὐτὸς
683 1602 738 1654 δέ
776 1601 845 1671 δὴ
881 1602 1080 1671 μᾶλλον
1132 1602 1458 1673 πρωτόλειον
1490 1602 1680 1672 ὥσπερ
1720 1619 1772 1655 τι

200 1694 294 1765 τῆς
345 1692 693 1764 ἀνθρωπίνης
738 1694 952 1761 φύσεως
996 1694 1393 1763 άνανεωθείσης
1434 1695 1512 1757 είς
1555 1694 1767 1766 ἀφθαρ·

203 1789 321 1840 σίαν
354 1787 491 1856 (‘25),
514 1785 829 1856 ἐμφανίσων
859 1787 1050 1838 ἑαυτὸν
1078 1785 1155 1855 τῷ
1180 1785 1299 1854 Θεῷ
1326 1786 1419 1837 καὶ
1451 1786 1644 1853 Πατρὶ,
1679 1785 1768 1837 καὶ

1880 604 2147 671 propriam
2192 604 2358 671 ipsius
2399 619 2662 658 carnem:
2705 606 2927 660 credere
2970 607 3097 659 item
3134 608 3230 674 ipsi
3270 608 3443 662 Verbo

1878 706 2089 759 semper
2146 693 2338 747 adesse
2390 692 2647 762 Spiritum
2692 694 2881 764 ipsius,
2928 706 2985 749 ut
3040 697 3202 750 etiam
3261 699 3443 766 procul

1879 780 2042 835 dubio
2089 781 2259 835 Patri.
2312 784 2393 837 Ad
2439 785 2551 839 hzec
2600 798 2773 853 neque
2817 785 2946 839 illud
2992 787 3203 853 quidem
3251 802 3444 842 vacare

1878 871 2030 939 culpa
2068 872 2320 936 dixerim,
2368 874 2512 942 quod
2550 881 2802 942 tanquam
2856 877 2921 931 de
2956 878 3226 931 communi
3262 877 3443 945 vulga-

1880 963 2033 1030 rique
2057 962 2272 1017 homine
2288 964 2384 1027 ait,
2413 966 2838 1033 assumptionem
2862 966 2912 1019 in
2938 968 3133 1020 cmlum
3157 968 3257 1036 ipsi
3279 968 3441 1021 fuisse

1877 1053 2017 1107 dono
2044 1054 2222 1108 datam
2254 1069 2281 1107 a
2321 1054 2528 1123 Spiritu
2564 1072 2576 1108 :
2612 1071 2733 1109 nam
2763 1057 2922 1127 elegit
2954 1060 3170 1127 quidem
3200 1060 3441 1128 discipu-

1878 1141 1957 1196 los
1989 1158 2083 1211 per
2125 1142 2387 1212 Spiritum
2423 1155 2673 1199 sanctum
2696 1146 2764 1209 ⁷⁷,
2809 1147 2902 1201 sed
2933 1159 3243 1217 assumptus
3274 1158 3353 1203 est
3386 1159 3444 1201 ut

1878 1232 2040 1299 Deus,
2070 1247 2175 1288 non
2205 1234 2356 1303 quasi
2403 1249 2525 1289 eam
2561 1250 2673 1289 rem
2703 1236 2771 1289 ab
2795 1236 2899 1291 alio
2930 1238 3110 1291 datam
3155 1240 3440 1308 acceperit,

1875 1327 1968 1378 sed
2000 1333 2057 1377 ut
2087 1323 2200 1392 ipse
2239 1324 2416 1393 potius
2445 1324 2606 1379 veluti
2636 1325 2889 1394 primitixe
2916 1328 3158 1396 qucedam
3192 1328 3444 1383 humana:

1874 1426 2081 1471 natura:
2110 1416 2164 1469 in
2200 1415 2659 1485 incorruptionem
2687 1427 2955 1472 renovata:
2992 1419 3230 1488 seipsum
3262 1428 3442 1475 osten-

1874 1506 2023 1561 deret
2064 1506 2174 1563 Deo
2203 1518 2259 1563 et
2291 1506 2458 1572 Patri,
2500 1515 2561 1561 et
2599 1508 2755 1561 nobis
2783 1508 3022 1563 initiaret
3060 1509 3201 1563 viam
3244 1526 3439 1564 novam

1871 1608 1924 1653 et
1978 1599 2284 1663 viventem,
2345 1599 2735 1670 ingredientem
2800 1600 2853 1653 in
2912 1600 3166 1655 interiora
3219 1601 3441 1656 velami-

1874 1693 1959 1748 nis
1979 1692 2048 1756 ⁷⁸,
2078 1708 2097 1744 ι
2130 1706 2237 1761 quo
2273 1705 2575 1759 pra‘cursur
2596 1704 2693 1759 pro
2720 1690 2871 1744 nobis
2915 1692 3188 1760 ingressus
3213 1706 3335 1747 esse
3363 1693 3441 1746 di-

1872 1785 2051 1849 citur,
2098 1782 2394 1838 secundum
2456 1782 2701 1837 ordinem
2756 1780 3144 1837 Melchisedech
3193 1782 3439 1853 pontifex

198 1880 327 1948 ἡμῖν
352 1844 677 1944 ἐγκιαινίζων
700 1844 818 1929 όδὸν
848 1844 1158 1945 πρόσφατον
1184 1844 1281 1926 καί
1307 1873 1510 1938 ζῶσαν,
1540 1844 1641 1930 καὶ⁷
1662 1875 1770 1925 είσ-

1873 1873 2048 1927 factus
2093 1873 2145 1926 in
2194 1882 2455 1925 aeternum
2480 1873 2545 1924 ".
2582 1892 2600 1924 ι
2654 1872 2710 1926 ln
2757 1874 3033 1941 superiora
3076 1883 3256 1927 autem
3289 1876 3440 1930 eunti

196 1968 495 2037 ερχομένην
531 1967 609 2029 είς
653 1966 714 2017 τὸ
770 1964 1035 2034 ἐσώτερον
1093 1964 1187 2016 τοῦ
1238 1964 1767 2033 καταπετάσματος,

200 2076 218 2111 t
242 2060 376 2112 ὅπου
406 2056 711 2129 πρόδρομος
735 2057 871 2127 ὑπὲρ
894 2055 1050 2127 ἡμῶν
1073 2055 1334 2109 εἰσελθεῖν
1362 2055 1597 2124 λέγεται,
1629 2055 1768 2109 κατὰ

194 2150 289 2219 τὴν
316 2149 471 2215 τάξιν
500 2148 828 2217 Μελχισεδὲκ
867 2149 1156 2219 ἀρχιερεὺς
1195 2147 1485 2217 γενόμενος
1515 2148 1593 2209 είς
1639 2146 1765 2209 τοὺς

194 2242 412 2303 αἰῶνας.
439 2260 457 2291 ι
491 2242 612 2292 Ὅτι
640 2241 696 2293 δέ
727 2241 862 2309 πρὸς
888 2228 957 2293 εἶά
984 2239 1096 2293 άνω
1126 2239 1393 2308 βαδίζοντι
1418 2237 1496 2306 τῷ
1524 2237 1765 2306 Χριστῷ,

195 2332 355 2385 πάλιν
381 2331 685 2400 ἐνυπῆρχεν
705 2331 779 2393 ὡς
810 2331 939 2382 ῐδιον
966 2329 1129 2383 αὐτοῦ
1160 2329 1219 2380 τὸ
1246 2328 1469 2394 Πνεῦμα
1500 2327 1560 2379 τὸ
1588 2328 1765 2394 ἅγιον,

193 2421 288 2472 οὐκ
325 2420 393 2472 ἂν
424 2417 711 2473 ἐνδοιάσειὲ
743 2435 847 2481 τις.
873 2417 997 2481 Πῶς
1029 2415 1122 2471 οὖν
1157 2417 1219 2468 ού
1265 2416 1460 2479 δέδιας,
1490 2416 1609 2469 είπέ
1653 2433 1763 2486 μοι,

193 2514 367 2579 λέγειν
385 2510 613 2564 ἰΤοῦτο
637 2509 700 2581 δὴ
726 2510 786 2563 τὸ
809 2509 1138 2579 τηλικαύτην
1161 2508 1381 2579 Χριστῷ
1404 2509 1768 2580 χαρισάμενον

192 2605 369 2670 δόξαν,
390 2602 626 2672 Χριστοῦ
654 2603 1119 2666 κατασκευάζουσι
1148 2601 1349 2655 δοῦλον.
1367 2621 1385 2652 r
1419 2603 1480 2655 Οί
1517 2602 1614 2671 μὲν
1649 2600 1768 2655 δοῦ.

195 2696 279 2747 λον
313 2694 445 2748 αὐτὸ
472 2693 971 2756 κατασκευάζοντες
1007 2693 1102 2751 τοῦ
1130 2692 1386 2763 Χριστοῦ,
1417 2692 1765 2745 δυσσεϐοὗσιν

193 2781 655 2852 ὁμολογουμένως,
681 2781 776 2833 καὶ
803 2780 965 2832 αὐτὸν
994 2780 1319 2850 ἀτιμάζουσι
1359 2780 1449 2832 τὸν
1478 2779 1765 2848 ὀμοούσιον

195 2874 341 2944 αύτῷ
385 2872 505 2942 Θεῷ
548 2872 739 2939 Λόγον,
780 2874 892 2933 τοῖς
924 2871 1313 2941 δουλοπρεπέσι
1349 2871 1763 2941 περιϐάλλοντες

197 2964 413 3033 μέτροις
454 2961 517 3013 τὸ
550 2961 677 3031 παρ’
705 2960 868 3016 αὐτοῦ
911 2978 970 3013 τε
1023 2960 1117 3013 καὶ
1155 2961 1212 3011 ἐν
1238 2959 1385 3029 αὐτῷ
1415 2963 1554 3013 κατὰ
1583 2960 1762 3028 φύσιν,

192 3056 285 3108 καὶ
324 3054 457 3107 ἴδιον
489 3053 683 3107 αὐτοῦ·
713 3054 775 3107 τὸ
799 3053 855 3106 δὲ
901 3053 1217 3123 κεχαρίσθαι
1262 3052 1439 3121 λέγειν
1479 3054 1627 3123 αὐτῷ
1667 3053 1765 3122 τὴν

1871 1965 2089 2020 Christo
2117 1964 2301 2018 itidem
2342 1960 2580 2017 adfuisse
2608 1963 2868 2031 Spiritum
2902 1973 3147 2017 sanctum
3179 1973 3437 2034 tanquam

1873 2058 2041 2126 ipsius
2070 2055 2365 2125 proprium,
2401 2069 2559 2109 nemo
2592 2068 2826 2123 unquam
2858 2055 3113 2125 ambigat.
3146 2056 3257 2111 Cur
3283 2070 3434 2124 ergo,

1870 2149 1957 2202 dic
1983 2146 2134 2211 mihi,
2160 2160 2266 2200 non
2304 2145 2540 2199 metuisti
2574 2144 2755 2199 dicere
2789 2163 2802 2199 :
2832 2162 2850 2195 ι
2874 2144 3025 2198 llunc
3058 2160 3187 2213 ergo
3207 2146 3297 2214 qui
3322 2156 3439 2199 tan—

1874 2252 1980 2293 tam
2029 2240 2250 2295 Christo
2282 2240 2506 2307 largitus
2552 2248 2635 2293 est
2682 2237 2928 2307 gloriam,
2963 2236 3169 2292 Christi
3220 2251 3436 2291 servum

1868 2329 2143 2384 cilicium?
2184 2349 2203 2380 ι
2238 2330 2373 2384 Nam
2402 2329 2491 2399 qui
2529 2328 2677 2384 illum
2716 2329 2920 2385 Christi
2970 2342 3183 2384 servum
3212 2327 3436 2393 faciunt,

1869 2437 1974 2475 non
2006 2422 2225 2475 dubium
2274 2431 2355 2475 est
2396 2422 2523 2489 quin
2560 2423 2669 2476 sint
2710 2422 2883 2490 impii,
2917 2431 2972 2474 et
3017 2421 3188 2489 ipsum
3222 2435 3437 2489 quoque

1870 2513 1943 2567 illi
1997 2513 2459 2569 cousubstantiale
2496 2511 2591 2566 Dei
2641 2510 2876 2565 Verbum
2920 2512 3271 2577 dedecorent,
3312 2528 3435 2565 cum

1869 2607 2019 2661 illum
2046 2606 2137 2675 qui
2169 2614 2251 2661 est
2274 2606 2342 2659 ab
2374 2606 2509 2674 ipso,
2540 2613 2593 2661 et
2623 2605 2676 2658 in
2700 2605 2817 2673 ipso
2845 2605 3139 2658 secundum
3166 2612 3435 2666 naturam,

1867 2708 1922 2753 et
1973 2698 2144 2766 ipsius
2197 2699 2469 2767 proprius,
2526 2697 2709 2753 servili
2756 2710 3008 2751 mensura
3056 2695 3435 2749 cireumdent:

1868 2800 2236 2845 verumtamen
2274 2790 2374 2857 ipsi
2415 2804 2443 2841 a
2473 2788 2682 2857 Spiritu
2719 2789 2859 2841 dono
2895 2787 3076 2841 datam
3122 2786 3288 2840 fuisse
3325 2788 3438 2854 glo-

1869 2884 2002 2937 riam
2051 2883 2255 2947 dicere,
2307 2891 2563 2938 extremze
2602 2880 2845 2935 stultitia:
2886 2880 3143 2933 indicium
3189 2890 3270 2933 est
3321 2882 3434 2933 evi-

1866 2974 2018 3027 dens.
2063 2972 2141 3025 Ac
2179 2970 2538 3039 nequidquam
2579 2969 2635 3023 in
2664 2969 2764 3023 hoc
2798 2975 3026 3031 negatus
3056 2981 3174 3021 esse
3210 2968 3435 3035 depren-

1869 3064 2036 3127 deris,
2080 3071 2133 3116 et
2171 3062 2288 3131 ejus
2331 3062 2406 3115 rei
2446 3061 2761 3131 mysterium
2813 3059 3037 3113 minime
3085 3058 3435 3120 intellexisse,

190 3146 345 3211 δόξαν
368 3146 521 3215 παρὰ
539 3145 635 3199 τοῦ
656 3144 987 3213 Πνεύματος,
1004 3144 1327 3213 ἀόελτηρίας
1350 3146 1465 3196 ἐστὶ
1490 3144 1588 3211 τῆς
1609 3146 1766 3212 ἐσχά-

1872 3157 1982 3208 imo
2016 3170 2144 3208 vero
2176 3154 2270 3207 tibi
2315 3154 2412 3222 ipsi
2448 3164 2504 3208 et
2553 3152 2778 3214 sentire,
2830 3160 2884 3205 et
2926 3150 3107 3205 dicere
3140 3150 3432 3203 contraria.

189 3253 284 3307 της
316 3235 590 3301 ἀπόδειξις
621 3236 870 3305 ἐναργής.
902 3236 1037 3305 Είκῆ
1065 3235 1121 3288 δὲ
1149 3235 1331 3305 άλώσῃ
1360 3232 1760 3303 πεφλυαρηκὼς

190 3333 246 3381 ἐν
274 3329 471 3397 τούτῳ.
515 3328 607 3379 καὶ
638 3326 699 3379 τὸ
728 3325 813 3379 ἐπ’
837 3325 985 3393 αὑτῷ
1017 3327 1314 3396 μυστήριον
1346 3327 1407 3379 ού
1455 3325 1723 3394 νενοηκὼς
1744 3344 1756 3356 ο

193 3422 395 3490 μᾶλλον
416 3421 471 3474 δὲ
489 3419 667 3489 σαυτῷ
688 3419 785 3472 καὶ
802 3417 1011 3489 φρονῶν
1036 3420 1130 3471 καὶ
1157 3417 1331 3486 λέγων
1352 3418 1419 3471 τὰ
1441 3418 1677 3471 ἐναντία.
1699 3419 1760 3471 Εἰ

190 3514 296 3583 γὰρ
342 3512 710 3573 πεπίστευκας
737 3512 817 3563 ὃτι
852 3509 983 3573 Θεὸς
1016 3508 1092 3561 ὢν
1122 3514 1149 3564 6
1180 3510 1347 3577 Λόγος
1378 3510 1565 3577 γέγονε
1598 3508 1757 3576 σάρξ·

189 3604 356 3658 αὑτοῦ
392 3603 500 3673 γάρ
529 3601 664 3673 ἔφης
693 3598 833 3655 εἶναι
860 3601 958 3671 τὴν
990 3601 1414 3670 ἁνθρωπότητα*
1444 3601 1496 3652 τί
1531 3600 1622 3653 τὸν
1661 3600 1762 3667 τῆς

189 3698 340 3765 δόξης
378 3694 602 3765 Κύριον,
630 3693 702 3754 ὡς
737 3693 835 3744 οὐκ
867 3692 1059 3762 ἔχοντα
1089 3691 1247 3755 δόξαν
1283 3692 1441 3753 ίδίαν,
1480 3691 1576 3759 τῆς
1610 3690 1761 3758 παρὰ

186 3787 279 3839 τοῦ
311 3787 624 3856 Πνεύματος
656 3784 937 3856 δεδεῆσθαι
972 3786 1075 3855 φὴς
1096 3822 1111 3846 ,
1155 3783 1249 3837 καὶ
1287 3784 1345 3834 ἐν
1384 3786 1495 3845 τοίς
1525 3782 1623 3851 τῆς
1651 3782 1763 3833 κτί-

189 3894 323 3941 σεως
362 3874 695 3945 καταλογίζῃ
733 3876 972 3945 μέτροις,
1063 3875 1239 3928 πάντα
1268 3874 1417 3925 ἐστὶν
1450 3872 1650 3935 ἔξωθεν
1696 3872 1761 3925 τά

187 3966 276 4037 [Io
324 3965 529 4033 ἔξωθέν
554 3963 638 4035 τε]
674 3966 766 4017 καὶ
794 3965 953 4030 δοτόι;
986 3982 1004 4014 ι
1036 3964 1101 4016 Τί
1133 3963 1241 4035 γὰρ
1276 3963 1442 4033 ἔχεις,
1465 3964 1494 4015 ὂ
1517 3963 1617 4015 ούκ
1642 3962 1763 4016 ἕλα-

186 4060 297 4122 6ες,
328 4079 346 4109 ι
378 4058 581 4125 πρέποι
605 4056 669 4111 ἂν
691 4056 921 4117 ἀκοῦσαι
943 4058 1007 4126 τῇ
1032 4055 1227 4109 κτίσει.
1255 4054 1415 4107 Ἀλλά
1437 4055 1547 4117 ναὶ,
1577 4056 1759 4124 φησὶν,

188 4153 427 4221 εὑρίσκω
453 4149 680 4216 λέγοντα
722 4149 813 4201 τὸν
850 4148 1219 4219 Ἐμμανουήλ·
1250 4166 1268 4199 ι
1308 4147 1512 4216 Πάτερ,
1541 4146 1764 4212 δόξασόν

187 4263 277 4297 σου
312 4243 410 4295 τὸν
444 4244 590 4296 Υίὸν.
621 4262 638 4293 ι
673 4241 903 4305 Οὐκοῦν,
936 4241 1219 4313 προστίθει
1257 4241 1317 4293 τὸ
1359 4241 1568 4293 λεῖπονο
1607 4238 1764 4292 τοῦτο

185 4338 235 4387 ὁέ
264 4338 439 4397 ἐστιν,
475 4354 493 4385 ι
523 4335 641 4387 Ἰνα
680 4334 771 4385 καὶ
797 4335 825 4385 6
855 4333 979 4395 Υίὸς
1019 4350 1114 4385 σου
1152 4331 1350 4402 δοξάσῃ
1388 4348 1466 4383 σε.
1496 4349 1514 4382 ι
1566 4332 1627 4383 El
1665 4331 1763 4399 μὲν

183 4428 256 4487 ὡς
297 4426 459 4495 δόξης
504 4425 691 4479 ἐπιδεᾶ
735 4424 833 4493 τῆς
870 4424 1020 4494 παρὰ
1057 4424 1265 4494 Πατρὸς
1314 4422 1557 4491 ἐφίεσθαι
1604 4422 1760 4489 δόξης

1869 3246 2000 3300 Nam
2054 3244 2098 3299 si
2146 3244 2324 3299 credis
2362 3244 2539 3313 ipsum
2595 3244 2855 3308 Verbum,
2904 3257 3025 3295 cum
3081 3242 3222 3295 Deus
3266 3250 3433 3305 esset,

1865 3339 2063 3392 factum
2092 3350 2217 3391 esse
2241 3350 2460 3391 carnem
2491 3334 2681 3405 (ipsius
2711 3334 2851 3388 enim
2894 3348 3014 3387 esse
3046 3333 3435 3385 humanitatem

1864 3425 2107 3493 dixisti),
2163 3439 2261 3478 cur
2319 3425 2464 3475 illum
2516 3424 2699 3491 gloria:
2750 3422 3072 3486 Dominum,
3123 3423 3276 3490 quasi
3328 3437 3433 3476 non

1866 3518 2060 3571 habeat
2092 3530 2265 3579 suam,
2290 3514 2461 3583 gloria
2490 3530 2519 3567 a
2553 3514 2757 3581 Spiritu
2785 3514 2906 3567 data
2931 3516 3066 3568 dicis
3101 3515 3397 3582 indiguisse
3416 3556 3430 3575 .

1864 3618 1916 3661 et
1956 3622 2079 3661 eum
2133 3607 2277 3659 intra
2327 3620 2613 3659 mensuras
2661 3613 2942 3673 computas
2980 3616 3262 3669 creatura,
3310 3620 3432 3671 quae

1864 3695 2043 3749 omnia
2084 3694 2429 3748 extrinsecus
2472 3694 2657 3759 habet,
2687 3706 2848 3760 atque
2880 3694 3117 3747 donata?
3154 3694 3434 3749 Creaturae

1864 3802 2097 3855 namque
2126 3785 2315 3841 audire
2352 3785 2610 3839 convenit
2638 3800 2654 3840 :
2690 3803 2709 3835 ι
2740 3785 2881 3850 Quid
2914 3785 3058 3838 enim
3103 3786 3267 3839 habes
3286 3787 3431 3854 quod

1866 3893 1970 3932 non
2008 3878 2259 3945 accepisti
2280 3877 2366 3930 ὀἳ
2394 3896 2412 3928 ι
2455 3878 2525 3931 At
2554 3877 2722 3939 enim,
2763 3876 2958 3946 inquit,
3009 3878 3218 3943 reperio
3258 3878 3429 3945 ipsum

1864 3966 2179 4022 Emmanuel
2232 3968 2503 4024 dicentem
2564 3984 2577 4020 :
2634 3984 2653 4017 ι
2690 3965 2885 4032 Pater,
2942 3966 3181 4036 gloriﬁca
3241 3966 3431 4021 Filium

1867 4072 2056 4127 tuum;
2088 4079 2106 4112 ο
2162 4074 2293 4128 ergo
2345 4058 2515 4125 adiice
2565 4060 2854 4123 reliquum,
2907 4060 3010 4113 hoc
3050 4068 3175 4113 est:
3214 4077 3231 4108 ι
3271 4058 3337 4114 Ut
3381 4071 3436 4114 et

1864 4153 2030 4207 Filius
2080 4162 2202 4205 tuus
2246 4151 2509 4220 gloriﬁcet
2556 4159 2605 4206 te
2626 4151 2693 4203 ⁸-⁸.
2729 4171 2746 4202 ο
2784 4151 2938 4219 107
2968 4150 3098 4203 Nam
3148 4153 3190 4204 si
3240 4150 3433 4204 Filium

1863 4246 2014 4315 quasi
2058 4244 2239 4312 gloria!
2288 4245 2639 4310 indigentem,
2686 4259 2714 4295 a
2771 4242 2933 4296 Patre
2972 4253 3162 4309 optare
3207 4242 3433 4308 gloriam

1865 4339 2124 4399 allirmas,
2168 4336 2295 4405 quid
2339 4336 2552 4389 tandem
2585 4335 2733 4389 dices
2766 4350 2887 4388 cum
2933 4334 3263 4404 gloriﬁcatur
3290 4335 3432 4390 idem

1867 4432 2023 4487 l‘ater
2063 4446 2092 4483 a
2147 4430 2317 4483 Filio?
2349 4428 2483 4483 Num
2530 4429 2601 4481 ita
2642 4428 2996 4497 gloriﬁcatur,
3026 4428 3177 4496 quasi
3206 4429 3432 4497 gloriam

183 4517 494 4588 διισχυρίζῃ
545 4515 634 4567 τὸν
666 4515 814 4579 Υἱὸν,
865 4515 919 4567 τί
977 4531 1105 4567 ποτε
1140 4514 1247 4584 ἄρα
1282 4514 1407 4583 φὴς,
1434 4514 1559 4565 ὅταν
1609 4511 1760 4575 δοξά-

1869 4541 1970 4578 non
2007 4522 2224 4585 habeat,
2256 4530 2348 4575 aut
2377 4522 2443 4574 ab
2478 4520 2585 4573 alio
2610 4519 2713 4574 sibi
2747 4519 2908 4571 tribui
2951 4517 3227 4585 indigeat?
3253 4518 3435 4585 Apage

188 4622 344 4673 σηται
381 4606 477 4658 καὶ
502 4604 659 4667 αὐτὸς
694 4608 722 4659 6
754 4604 941 4675 Πατὴρ
968 4605 1126 4677 παρὰ
1146 4605 1238 4661 τοῦ
1272 4604 1422 4667 Υἱοῦ,
1453 4601 1542 4673 ἆρ’
1569 4604 1641 4665 ὡς
1674 4603 1758 4655 δό-

188 4695 279 4759 ξαν
305 4698 408 4749 οὐκ
448 4696 609 4764 ἔχων,
642 4696 673 4765 ἢ
707 4697 802 4765 τῆς
834 4695 961 4765 παρ’
982 4697 1167 4768 ἐτέρου
1197 4696 1547 4768 δεδεημένος;
1580 4695 1759 4777 άπαγε

184 4790 279 4858 τῆς
314 4787 671 4851 δυσϐουλίαςο
714 4788 965 4859 τερθρεία
1016 4789 1123 4859 γὰρ
1165 4791 1263 4860 ἤδη
1306 4792 1463 4843 ταυτὶ
1496 4789 1589 4841 καὶ
1638 4790 1761 4841 ἀνο-

187 4880 369 4949 σιότης
401 4878 641 4946 ἐννοιῶν,
676 4882 765 4933 καὶ
790 4881 977 4949 ἓτερον
1000 4881 1171 4935 οὐδέν.
1210 4882 1273 4934 'H
1301 4882 1396 4951 μὲν
1422 4883 1528 4951 γὰρ
1555 4881 1672 4934 θεία
1699 4897 1757 4931 τε

189 4972 271 5021 καὶ
299 4973 407 5025 τῶν
431 4971 568 5024 ὅλων
593 4973 848 5027 ἐπέκεινα
877 4973 1110 5041 φύσεων,
1142 4975 1254 5044 φῶς
1278 4975 1569 5045 ἀπρόσιτον
1596 4974 1756 5037 οἰκεῖ,

186 5062 273 5113 καὶ
310 5062 722 5128 κατεξουσιάζει
747 5064 855 5117 τῶν
896 5056 1051 5129 ὅλων,
1086 5067 1359 5133 καὶδόξαν
1390 5067 1627 5135 ἀνῆπται
1660 5065 1757 5135 τὴν

181 5154 317 5224 αὐτῇ
344 5173 405 5208 τε
434 5155 527 5208 καὶ
558 5155 692 5226 μόνῃ
723 5158 1175 5230 πρεπωδεστάτην
1197 5178 1210 5191 ⁸
1238 5159 1422 5230 ἐπειδὴ
1447 5160 1502 5212 δὲ
1536 5158 1754 5226 γέγονεν

248 5332 435 5406 "Act.
460 5352 496 5399 I,
525 5335 559 5388 Ξ).
610 5353 757 5406 διεψι.

187 5416 261 5469 τι,
290 5405 376 5457 16.

836 5339 877 5368 ⁷⁸
908 5339 1067 5393 llebr.
1104 5355 1157 5405 ι,
1188 5340 1256 5394 ‘20
1287 5354 1415 5407 seqq

1514 5340 1559 5368 "
1593 5339 1752 5393 llebr.
1800 5354 1871 5397 vt,
1902 5338 1989 5390 ‘20.
2076 5337 2119 5367 '°
2150 5335 2168 5388 l
2197 5334 2317 5389 Cor.
2360 5351 2429 5400 Iv,
2466 5335 2511 5386 7.
2592 5335 2632 5363 ⁸¹
2664 5332 2818 5388 Ιυιιιι.
2861 5350 2991 5397 xvn,
3028 5334 3073 5385 1.

1867 4615 1933 4666 ab
1971 4612 2075 4666 isto
2117 4610 2257 4663 malo
2295 4609 2523 4663 consilio
2557 4626 2568 4660 :
2602 4624 2756 4675 nugae
2787 4618 2914 4662 sunt
2967 4608 3099 4670 haec,
3134 4616 3186 4661 et
3232 4608 3434 4673 cogita-

1870 4710 2072 4758 tionum
2107 4702 2376 4770 impietas,
2409 4700 2551 4754 aliud
2587 4710 2850 4768 praeterea
2889 4699 3041 4752 nihil.
3078 4697 3207 4751 Nam
3252 4698 3432 4751 divina

1872 4795 1959 4848 illa
2000 4801 2055 4846 et
2106 4792 2248 4844 ultra
2296 4805 2483 4844 omnes
2558 4789 2692 4843 alias
2736 4800 2961 4842 naturas
3006 4789 3176 4842 lucem
3216 4789 3432 4856 quidem

1872 4884 2079 4938 habitat
2126 4878 2644 4943 inaccessibilem“,
2692 4888 2746 4932 et
2796 4878 3106 4932 dominatur
3144 4878 3429 4942 universis,

1864 4984 1916 5027 et
1949 4972 2116 5043 gloria
2151 4980 2235 5025 est
2263 4970 2459 5023 amicta
2498 4968 2596 5036 ipsi
2636 4984 2697 5022 ac
2745 4967 2842 5021 soli
2873 4967 3252 5021 decentissima
3284 4983 3299 5019 :
3338 4967 3433 5020 sed

1864 5066 1987 5133 quia
2022 5061 2353 5130 unigenitum
2388 5060 2478 5115 Dei
2513 5060 2746 5114 Verbum
2789 5058 2994 5113 factum
3037 5068 3121 5111 est
3159 5059 3339 5123 homo,
3379 5070 3435 5111 ct

1865 5156 2033 5220 gratia
2070 5156 2159 5208 Dei
2190 5168 2282 5222 per
2312 5166 2529 5207 carnem
2577 5167 2727 5206 suam
2763 5166 2859 5219 pro
2908 5150 3156 5202 numibus
3205 5160 3430 5201 mortem

3156 5333 3195 5362 ἠ
3229 5330 3246 5382 l
3289 5328 3429 5384 Tim.

1444 5562 1599 5618 ANT.
1644 5562 1915 5619 AGELLll
1951 5562 2181 5620 NOTA‘J.

254 5721 370 5787 (25)
405 5720 542 5777 Fere
578 5720 765 5773 iisdem
804 5722 980 5777 verbis
1007 5722 1194 5777 Latine
1237 5724 1369 5776 dixit
1411 5724 1599 5777 beatus
1626 5724 1751 5774 Am-

213 5794 425 5849 brosius
457 5810 468 5845 :
524 5791 745 5854 Sacrum
775 5808 957 5847 mimus
997 5810 1089 5858 pio
1136 5796 1388 5861 erunibus,
1418 5804 1465 5848 et
1497 5795 1641 5861 quasi
1682 5808 1761 5846 re-

1863 5730 2060 5803 parato:
2086 5723 2323 5791 quadam
2352 5722 2458 5779 liba
2500 5731 2721 5773 natum.
2749 5718 2912 5775 Libro
2950 5722 3009 5774 de
3050 5721 3152 5789 ﬁde
3201 5734 3433 5775 resurre-

1869 5802 2074 5847 clwms.
