4078 6348
649 386 749 443 187

1636 395 1694 449 S.
1737 392 2011 452 CYRILLI
2064 397 2536 456 ALEXANDRINI
2572 401 2889 460 ARCIIIEP.

3784 419 3881 474 188

646 509 764 555 erat
788 510 1147 571 gustaturum,
1179 515 1232 561 ct
1264 508 1519 575 templum
1567 519 1723 566 stium
1763 523 1819 568 ιιι
1849 514 1989 570 Deus
2026 517 2201 570 viviﬁ-

2315 518 2585 588 Ξνθρωπος
2622 523 2650 575 ὁ
2683 523 2980 593 μονογενὴς
3025 524 3122 579 τοῦ
3168 526 3311 581 Θεοῦ
3357 530 3531 598 Λόγος
3553 571 3568 597 ,
3600 532 3793 604 ἔμελλέ
3825 555 3883 589 τε

647 593 842 653 cando,
886 595 1074 648 mortis
1110 596 1523 669 inexpugnabile
1558 604 1720 656 robur
1744 618 2078 670 eversurum,
2116 607 2215 660 ob-

650 682 1062 751 tenditquidem
1099 700 1314 753 precem
1352 698 1409 742 ut
1450 689 1630 756 homo,
1670 701 1725 745 et
1772 695 2078 748 consentire
2110 695 2209 748 sibi

652 768 864 826 Patrem
892 782 1063 842 optat,
1092 790 1241 830 suam
1279 778 1447 847 ipsius
1482 790 1730 835 naturam
1775 784 1826 835 in
1859 797 1981 836 eum
2011 791 2210 837 statum

650 861 1051 920 transformanti
1080 883 1186 937 quo
1224 870 1372 938 prius
1398 881 1536 934 erat,
1569 881 1623 926 et
1656 872 1722 925 ad
1750 873 2210 939 incorruptionem

653 955 949 1016 renovanti.
990 968 1045 1012 et
1074 962 1262 1015 mortis
1301 962 1511 1031 laqueis
1541 965 1900 1031 potentiorem
1946 966 2208 1031 reddenti,

648 1044 822 1097 Soluta
856 1047 1062 1104 scilicet
1097 1053 1264 1106 veteri
1304 1054 1704 1120 maledictione,
1735 1057 2081 1126 vindictaque
2122 1056 2208 1111 illa

649 1148 767 1199 qua:
801 1136 1030 1203 primum
1076 1139 1305 1195 formato
1348 1144 1551 1198 homini
1595 1145 1769 1199 fuerat
1813 1147 2068 1216 irrogata.
2104 1149 2210 1216 lgi-

651 1232 737 1276 tur
768 1226 891 1293 quia
928 1228 1089 1284 etiam
1122 1232 1245 1285 dum
1283 1234 1492 1289 videtur
1515 1236 1568 1289 in
1604 1251 1786 1303 carne,
1832 1249 2024 1291 natura
2060 1253 2209 1294 vere-

636 1318 752 1381 ’que
781 1314 951 1373 Filius
982 1319 1071 1375 Dei
1102 1336 1223 1377 esse
1258 1327 1579 1393 praedicatur
1606 1346 1621 1382 :
1653 1346 1671 1379 ι
1702 1328 1977 1393 Glorilica,
2014 1330 2205 1400 inquit,

649 1416 817 1471 tuum,
848 1424 881 1463 ο
911 1410 1088 1476 Pater,
1132 1414 1341 1479 Filium,
1371 1436 1389 1467 ι
1428 1427 1678 1487 tanquam
1714 1421 2005 1488 hominem,
2037 1431 2209 1478 morte

645 1501 1098 1573 corruptionequ
1144 1508 1498 1574 potentiorem
1539 1511 1790 1577 reddens,
1826 1521 1884 1566 ut
1923 1522 2043 1568 tuus
2087 1530 2208 1569 esse

643 1590 921 1658 ert-datur,
956 1609 1076 1647 cum
1121 1599 1191 1650 sit
1230 1598 1334 1651 vita
1369 1614 1465 1668 per
1497 1612 1744 1657 naturam
1777 1614 1834 1659 ut
1872 1604 2031 1671 Deus,
2061 1606 2205 1675 quod

644 1676 710 1729 ad
756 1678 987 1748 propriae
1037 1694 1241 1739 natum
1294 1690 1554 1743 rationem
1608 1694 1801 1746 attinet
1846 1711 1861 1748 :
1907 1702 2017 1748 tum
2060 1696 2204 1750 enim

2312 609 2495 679 χάριτι
2529 611 2664 664 Θεοῦ
2698 614 2784 667 διὰ
2809 616 2906 684 τῆς
2942 616 3077 680 ίδίας
3116 622 3317 691 σαρκὸς
3346 623 3485 695 ὑπὲρ
3519 629 3720 689 παντὸς
3752 629 3880 694 γεύ-

2312 700 2507 753 σασθαι
2549 700 2797 767 θανάτου,
2840 706 2934 757 καὶ
2984 707 3314 781 δυσάντητον
3360 712 3523 766 αὐτοῦ
3588 718 3885 787 παραλύειν

2312 791 2529 859 κράτος,
2563 792 2903 864 ζωοποιήσας
2931 797 3005 859 ὠς
3032 797 3163 863 Θεὸς
3190 800 3280 854 τὸν
3311 803 3440 857 ῐδιον
3466 804 3611 869 ναὸν,
3643 808 3883 877 σκήπτε-

2309 898 2397 932 ται
2435 882 2533 951 τὴν
2575 883 2737 952 εὐχὴν
2786 885 2860 947 ώς
2900 887 3217 960 ἄνθρωπος,
3266 893 3358 946 καὶ
3399 897 3785 968 συνευδοκῆσαι
3831 900 3880 951 οἱ

2312 971 2560 1041 βούλεται
2591 973 2680 1026 τὸν
2729 976 2965 1047 Πατέρα,
3008 979 3107 1050 τὴν
3137 981 3301 1036 αὑτοῦ
3338 984 3499 1052 φύσιν
3543 992 3879 1057 μετασκευά-

2309 1063 2453 1127 ζοντι
2479 1065 2613 1133 πρὸς
2636 1066 2696 1120 τὸ
2721 1068 2814 1121 ἀπ’
2835 1070 3030 1140 ἀρχῆς,
3055 1072 3150 1125 καὶ
3176 1072 3493 1129 ἀνανεοῦντι
3521 1079 3655 1149 πρὸς
3672 1081 3883 1151 ἀφθαρ-

2311 1154 2450 1220 σίαν,
2474 1158 2567 1211 καὶΙ
2591 1158 2699 1211 τῶν
2719 1161 2810 1212 τοῦ
2835 1161 3066 1214 Θανάτου
3093 1162 3307 1234 βρόχων
3328 1168 3677 1237 ἀποφαίνοντι
3705 1172 3881 1241 κρείτ-

2306 1264 2434 1301 τονα
2453 1263 2466 1277 ⁶
2497 1248 2794 1320 λελυμένης
2818 1250 3060 1319 δηλονότι
3092 1254 3189 1325 τῆς
3216 1257 3449 1327 ἀρχαίας
3474 1260 3692 1329 ἐκείνης
3718 1262 3876 1331 ἀρᾶς,

2308 1337 2402 1389 καὶ
2431 1337 2532 1405 τῆς
2561 1339 2651 1390 ἐπὶ
2674 1340 2752 1409 τῷ
2786 1341 3200 1413 πρωτοπλάστῳ
3226 1344 3400 1417 δίκης.
3432 1348 3638 1401 Οὐκοῦν
3672 1350 3879 1421 ἒπειδή-

2308 1442 2415 1495 περ
2456 1428 2550 1480 καὶ
2596 1430 2655 1481 ὲν
2696 1430 2861 1500 σαρκὶ
2913 1431 3335 1502 καθορώμενος,
3385 1436 3510 1500 Υἱὸς
3554 1432 3690 1492 εἶναι
3742 1440 3878 1492 Θεοῦ

2308 1516 2635 1586 κηρύττεται
2684 1519 2843 1587 φύσει
2890 1537 2951 1572 τε
3008 1522 3100 1575 καὶ
3132 1523 3392 1594 ἀληθείᾳ,
3442 1543 3460 1577 ι
3491 1527 3721 1593 Δόξασόν
3760 1546 3876 1593 σου,

2307 1610 2492 1677 φησὶν,
2530 1606 2574 1661 ὧ
2605 1610 2804 1679 Πάτερ,
2852 1610 2943 1664 τὸν
2978 1613 3161 1678 Υίὸν,›
3203 1614 3279 1678 ὡς
3310 1616 3611 1690 ἄνθρωπον,
3650 1620 3746 1673 καὶ
3780 1620 3875 1672 θα-

2306 1699 2462 1751 νάτου
2496 1700 2798 1770 κρείττονα,
2832 1705 2923 1756 καὶ
2951 1705 3153 1775 φθορᾶς
3175 1707 3482 1778 ἀποφήνας,
3512 1710 3597 1763 ἵνα
3626 1712 3712 1773 σὸς
3737 1708 3875 1764 εἶναι

645 1765 758 1833 ipse
784 1783 995 1840 quoque
1027 1774 1190 1830 FlllUS
1228 1787 1278 1831 te
1313 1779 1654 1846 gloriﬁcabit.
1688 1783 1883 1840 Gloriae
1914 1800 2099 1841 revera
2123 1796 2206 1843 est

2315 1765 2649 1861 πιστεύηται,
2676 1792 2788 1863 ζωὴ
2819 1765 3150 1865 κατὰνφύσιν
3172 1765 3529 1869 ῠπάρίωνῖἑκ
3554 1765 3709 1866 Θεὸς,
3732 1804 3874 1855 κατά

644 1856 753 1912 Dco
799 1875 862 1915 ac
912 1861 1079 1932 Patri,
1125 1868 1248 1922 dum
1300 1887 1329 1924 a
1378 1872 1532 1928 nobis
1591 1875 1832 1930 creditur
1880 1878 2024 1946 quod
2077 1893 2200 1933 cum

2315 1898 2370 1949 γε
2398 1882 2489 1934 τὸν
2523 1856 2632 1953 ’τῆς
2664 1856 2803 1949 ιδεαξ
2849 1856 3064 1955 φύσεως
3094 1889 3253 1957 λόγον
3273 1856 3299 1921 θ’
3321 1856 3444 1943 τότε
3481 1856 3590 1963 γάρ
3626 1856 3817 1945 σε’καὶ
3848 1896 3876 1947 ό

644 1948 783 2005 Deus
817 1952 890 2006 sit
931 1969 1108 2018 verus.
1149 1969 1198 2014 et
1231 1961 1335 2015 vita
1377 1972 1431 2015 et
1463 1965 1755 2030 viviﬁcans,
1792 1982 1977 2035 parem
2005 1968 2104 2021 sibi
2137 1982 2202 2023 ac

643 2052 740 2105 per
768 2043 945 2096 omnia
976 2047 1233 2114 similem,
1260 2052 1704 2123 iueﬁabiliterque
1722 2064 1778 2111 et
1798 2070 1960 2125 supra
1986 2072 2200 2113 omnem

646 2129 1054 2201 intelligentiam
1099 2143 1283 2209 genuit
1330 2143 1549 2209 Filium,
1594 2146 1688 2217 qui
1734 2161 1839 2202 non
1879 2147 1982 2203 fuit
2026 2150 2204 2204 minor

641 2222 804 2276 etiam
844 2239 965 2281 cum
1008 2228 1060 2283 in
1100 2245 1265 2287 carne
1296 2244 1452 2290 natus
1486 2246 1590 2302 est,
1621 2237 1715 2293 sed
1750 2246 2093 2307 praestantem
2134 2237 2202 2292 il-

643 2311 746 2365 lam
789 2318 1163 2390 egregiamque
1216 2326 1475 2380 naturalis
1524 2327 1819 2383 nobilitatis
1874 2328 1977 2383 sibi
2028 2327 2205 2384 insita

643 2404 1097 2471 pulchritudinem
1144 2413 1407 2484 integram
1460 2418 1680 2473 omnino
1715 2419 1974 2485 servavit,
2021 2420 2096 2474 ita
2147 2428 2208 2475 ut

645 2496 758 2564 ipse
792 2512 1005 2568 quoque
1036 2502 1107 2558 sit
1144 2505 1276 2569 vita,
1312 2515 1495 2575 utpote
1520 2523 1585 2563 ex
1617 2509 1747 2575 vita,
1775 2519 1831 2565 et
1860 2511 2043 2565 omnia
2080 2526 2206 2583 pos-

642 2588 736 2649 sit,
780 2598 834 2644 et
875 2590 991 2645 sine
1037 2593 1219 2649 labore
1246 2598 1509 2667 perﬁciat,
1558 2608 1610 2654 et
1643 2601 1724 2656 his
1755 2601 1845 2671 qui
1885 2611 2010 2657 sunt
2044 2605 2204 2657 morti

644 2679 1084 2751 corruptionique
1119 2686 1359 2750 obnoxii.
1404 2689 1863 2759 incorruptionem
1894 2693 2077 2747 donet.
2105 2692 2207 2762 lgi-

646 2777 731 2821 tur
759 2770 919 2825 etiam
965 2774 1009 2827 si
1039 2776 1330 2841 gloriﬁcari
1371 2780 1585 2835 dicatur
1629 2798 1657 2836 a
1691 2782 1849 2839 Patre
1884 2783 2074 2850 Filius,
2108 2784 2207 2839 hu-

648 2860 920 2915 manitatis
970 2878 1274 2920 mensuram
1323 2880 1552 2938 reputa:
1589 2886 1655 2926 ne
1698 2881 1819 2941 post
1854 2873 2107 2927 unionem
2154 2872 2206 2927 in

645 2952 751 3004 duo
777 2951 986 3009 dividas
1027 2970 1190 3011 unum
1236 2957 1533 3025 Christum,
1580 2971 1633 3015 et
1666 2962 1885 3029 Filium,
1920 2974 1976 3020 et
2022 2966 2208 3021 Domi-

648 3056 809 3105 num;
859 3046 953 3098 sed
1008 3061 1171 3099 unum
1219 3049 1575 3120 eamdemque
1630 3053 1882 3109 similiter
1923 3067 1977 3112 et
2024 3058 2208 3126 glorizc

650 3128 930 3186 Dominum
961 3145 1015 3189 et
1048 3134 1213 3191 Deum
1263 3138 1521 3209 intellige,
1555 3151 1605 3197 et
1637 3144 1861 3213 gloriam
1900 3148 2207 3204 humanitus

649 3223 1023 3293 accipientem.
1054 3228 1239 3297 Cogita
1272 3231 1414 3286 enim
1450 3233 1595 3288 illum
1624 3235 1726 3291 etsi
1759 3248 1949 3293 natura
1977 3255 2211 3309 vereque
2238 3207 2279 3263 Ο

653 3315 790 3371 Deus
836 3318 925 3381 sit,
974 3330 1030 3374 ct
1072 3337 1169 3377 rex
1217 3324 1590 3381 universorum
1622 3344 1685 3385 ac
1712 3328 1990 3398 Dominus,
2034 3342 2210 3389 tamen

649 3410 1002 3465 constitutum
1063 3429 1185 3469 esse
1238 3430 1415 3486 regem
1467 3420 1610 3483 dici,
1661 3436 1783 3475 cum
1832 3422 2008 3480 factus
2054 3427 2214 3482 homo

652 3502 819 3556 nostri
877 3504 1068 3560 similis
1118 3507 1415 3563 bumiliavit
1460 3513 1733 3580 scipsum,
1764 3515 1924 3585 108
1944 3524 1997 3570 et
2041 3516 2214 3574 factus

650 3601 733 3646 est
760 3594 1016 3651 obediens
1050 3597 1157 3653 Deo
1185 3609 1239 3653 et
1268 3598 1410 3655 Patri
1435 3601 1503 3669 ⁸³,
1539 3612 1593 3657 et
1630 3605 1908 3659 nobiscum
1949 3608 2050 3662 sub
2077 3607 2213 3677 lege.

653 3685 808 3741 Nullo
846 3688 1010 3759 igitur
1040 3692 1199 3745 modo
1232 3708 1352 3761 qua:
1377 3694 1763 3751 exinanitionis
1790 3712 2057 3753 mensurae
2083 3714 2217 3754 eon-

653 3779 891 3845 veniunt,
952 3781 1223 3849 sapientes
1276 3785 1521 3840 homines
1568 3796 1622 3841 et
1670 3787 1874 3857 peritos
1922 3798 1978 3844 et
2018 3791 2070 3844 in
2112 3792 2218 3847 ﬁde

653 3870 1001 3928 conﬁrmatos
1027 3876 1451 3943 conturbabunt,
1489 3880 1583 3933 sed
1615 3896 1681 3934 ex
1714 3880 1780 3935 iis
1813 3881 1944 3951 ipsis
1976 3893 2029 3938 et
2054 3883 2215 3938 simul

654 3978 716 4015 ex
760 3963 843 4017 his
874 3980 993 4033 quae
1027 3967 1222 4022 divina:
1269 3978 1475 4024 natura:
1515 3972 1868 4038 conveniunt,
1919 3976 2090 4041 ipsum
2132 3974 2222 4031 Fi-

656 4054 782 4106 lium
817 4053 979 4109 Deum
1024 4071 1144 4112 esse
1194 4060 1441 4114 eumdem
1481 4070 1536 4115 et
1584 4063 1856 4118 hominem
1900 4077 2218 4134 agnoscent.

657 4146 763 4199 Sed
816 4146 962 4200 sanis
1008 4148 1189 4203 verbis
1233 4165 1336 4203 non
1380 4152 1675 4219 acquiescit
1697 4153 1768 4219 °‘,
1798 4163 1853 4209 et
1897 4157 1963 4209 ad
1990 4156 2222 4212 eﬁ‘rena-

660 4246 770 4289 tum
803 4237 1058 4308 impetum
1102 4241 1389 4296 admodum
1428 4259 1649 4312 pronus,
1687 4246 1852 4302 stulte
1885 4247 1985 4302 sibi
2020 4242 2219 4317 placet,

657 4337 711 4381 et
738 4344 857 4397 qua:
888 4329 1002 4398 ipse
1032 4340 1084 4385 et
1110 4332 1324 4400 quidem
1351 4336 1495 4389 solus
1513 4336 1839 4403 probat,sed
1863 4348 2005 4393 recte
2024 4341 2224 4397 habere

657 4420 950 4486 existimat,
982 4436 1045 4475 ea
1081 4425 1358 4480 sentienda
1395 4437 1581 4481 censet
1613 4445 1626 4482 :
1657 4430 1837 4498 perdit
1869 4431 2031 4484 etiam
2063 4432 2219 4499 alios,

2309 1973 2435 2037 Υίὸς
2474 1973 2705 2040 δοξάσει.
2737 1976 2874 2042 Δόξα
2913 1980 3127 2050 ἀληθῶς
3163 1980 3242 2051 τῷ
3279 1980 3396 2051 Θεῷ
3428 1984 3520 2037 καὶ
3559 1985 3757 2055 Πατρὶ,
3794 1985 3875 2051 τὸ,

2308 2065 2660 2120 πιστεύεσθαι
2686 2068 2823 2137 πρὸς
2845 2068 3026 2139 ἡμῶν,
3049 2070 3133 2124 ὅτι
3157 2071 3290 2135 Θεὸς
3318 2072 3578 2143 ὑπάρχων
3605 2075 3874 2146 ἀληθινὸς,

2310 2158 2403 2209 καὶ
2438 2155 2581 2224 ζωὴ,
2625 2158 2719 2210 καὶ⁵
2760 2158 3041 2223 ζωοποιὸς,
3088 2160 3201 2217 ἴσον
3241 2181 3302 2215 τε
3342 2164 3435 2216 καί⁷
3477 2166 3660 2235 ὅμοιον
3702 2167 3891 2236 ἑαυτῷ,

2310 2245 2451 2298 κατά
2484 2246 2591 2299 πᾶν
2622 2246 2819 2313 ὁτιοῦν,
2865 2249 3188 2320 ἀπορῤήτως
3217 2269 3278 2305 τε
3313 2254 3407 2306 καὶ
3436 2254 3575 2324 ὑπὲρ
3603 2253 3750 2320 νοῦν,
3784 2257 3877 2309 ὲκ-

2308 2336 2498 2391 τέτοκε
2536 2336 2628 2391 τὸν
2660 2339 2806 2402 Υίὸν,
2836 2340 2898 2404 ὃς
2924 2337 2991 2411 ἦν
3020 2345 3121 2396 οὐκ
3150 2344 3208 2397 ἐν
3244 2344 3420 2414 μείοσι
3439 2384 3455 2409 ,
3505 2346 3600 2399 καὶ
3629 2347 3688 2399 ὲν
3717 2350 3881 2418 σαρκὶ

2311 2425 2421 2497 [ισ.
2448 2427 2541 2479 καὶ
2574 2428 2656 2481 ὅτι
2703 2430 2760 2481 ὲν
2812 2429 2999 2502 σαρκὶ]
3051 2432 3277 2500 γέγονεν
3301 2448 3315 2463 ⁶
3348 2432 3485 2486 ἀλλά
3512 2433 3613 2503 τῆς
3653 2434 3881 2505 ἐνούσης

2311 2518 2459 2588 αὐτῷ
2488 2521 2719 2590 φυσικῆς
2749 2521 3023 2590 εὐγενείας
3043 2564 3058 2588 ,
3107 2523 3477 2595 ἀῶαλὼὅητον
3510 2525 3792 2589 παντελῐῶς
3819 2528 3882 2578 τὸ

2313 2610 2585 2681 ὑπερφυὲς
2615 2612 2711 2665 καὶ
2742 2611 3016 2684 ἐξαίρετον
3045 2613 3343 2677 διεσώσατο
3384 2615 3602 2683 κάλλος,
3634 2616 3747 2685 ζωὴ
3787 2619 3891 2673 καὶ

2312 2700 2472 2765 αὐτὸς
2503 2703 2762 2773 ὑπάρχων
2799 2702 2873 2766 ὡς
2917 2704 2981 2756 ὲκ
3015 2703 3179 2774 ζωῆς,
3223 2705 3403 2759 πάντα
3436 2721 3495 2757 τε
3542 2705 3742 2775 ίσχύων
3788 2708 3883 2759 καὶ⁵

2312 2791 2546 2862 ἀμογητὶ
2578 2793 2876 2863 κατορθῶν,
2901 2793 2993 2847 καὶ
3017 2796 3129 2857 τοῖς
3155 2794 3257 2848 ὑπὸ
3289 2795 3517 2850 θάνατον
3550 2796 3643 2849 καὶ
3669 2796 3879 2867 φθορὰν

2312 2884 2409 2954 τὴν
2426 2883 2727 2954 ἀφθαρσίαν
2743 2885 3103 2957 δωρούμενος.
3130 2887 3340 2940 Οὐκοῦν
3360 2888 3463 2941 κᾶν
3485 2890 3537 2940 εί
3558 2887 3881 2954 δοξάζεσθαι

2313 2975 2522 3045 λέγοιτο
2550 2976 2701 3047 παρὰ
2740 2976 2835 3033 τοῦ
2868 2979 3079 3049 Πατρὸς
3115 2980 3144 3032 ὁ
3173 2978 3329 3045 Υἱὸς,
3364 2978 3426 3032 τὸ
3457 2980 3556 3045 τῆς
3601 2980 3884 3051 ἀνθρωπό-

2311 3083 2473 3134 τητος
2502 3066 2815 3134 ἀναλογίζου
2851 3066 3078 3137 μέτρον’
3111 3067 3186 3138 μὴ
3214 3067 3474 3139 διατέμῃς
3508 3070 3585 3131 είς
3612 3069 3705 3122 δύο
3746 3069 3886 3139 μετά

2313 3157 2411 3227 τὴν
2448 3157 2661 3223 ἕνωσιν,
2703 3158 2793 3210 τὸν
2827 3158 2923 3212 ἕνα
2963 3158 3198 3229 Χριστὸν
3223 3159 3316 3212 καὶ
3358 3160 3484 3215 Υἱὸν
3524 3161 3618 3213 καὶ
3644 3160 3883 3231 Κύριον·

2313 3248 2426 3301 ἀλλ’
2454 3249 2548 3301 ἕνα
2583 3251 2676 3301 καὶ⁹
2707 3249 2798 3301 τὸν
2831 3248 2995 3301 αὐτὸν
3024 3249 3223 3318 ὁμοίως
3270 3249 3383 3320 (26)
3404 3289 3419 3313 ,
3467 3251 3559 3303 καὶ
3595 3251 3693 3321 τῆς
3725 3252 3885 3321 δόξης

2312 3337 2514 3409 Κύριον
2556 3338 2651 3393 καὶ
2692 3338 2845 3402 Θεὸν,
2874 3339 2970 3391 καὶ
2995 3338 3153 3404 δόξαν
3183 3339 3472 3409 δεχόμενον
3504 3339 3880 3410 ἀνθρωπίνως.

2327 3430 2527 3483 Ἐννόει
2557 3432 2665 3501 γὰρ
2709 3432 2811 3495 ὅτι,
2860 3430 3037 3482 καίτοι
3078 3430 3237 3498 φύσει
3290 3447 3349 3484 τε
3384 3431 3630 3502 ἀληθείᾳ,
3664 3431 3797 3494 Θεός
3825 3448 3887 3485 τε

2317 3520 2409 3573 καὶ
2442 3520 2688 3590 βασιλεὺς
2713 3520 2820 3573 τῶν
2850 3520 2986 3574 ὅλων
3018 3520 3280 3591 ὑπάρχων
3324 3522 3419 3574 καὶ
3447 3520 3673 3592 Κύριος,
3707 3539 3887 3591 κεχει-

2321 3612 2649 3683 ροτονείσθαι
2686 3611 2905 3679 λέγεται
2940 3611 3211 3681 βασιλεὺς,
3258 3611 3346 3665 ὅτε
3383 3611 3503 3664 καθ’
3549 3613 3697 3680 ἡμᾶς
3728 3610 3887 3677 γενό-

2321 3719 2479 3773 μενος
2522 3703 2807 3775 ἄνθρωπος
2854 3702 3252 3757 τεταπείνωκεν
3284 3700 3495 3767 ἑαυτὸν,
3542 3702 3636 3754 καὶ
3668 3700 3889 3769 γέγονεν

2320 3794 2560 3866 ὑπήκοος
2590 3795 2667 3865 τῷ
2701 3794 2819 3864 Θεῷ
2851 3794 2946 3848 καὶ
2978 3794 3170 3862 Πατρὶ,
3203 3795 3298 3845 καὶ
3347 3792 3463 3861 μεθ’
3489 3790 3644 3862 ἡμῶν
3671 3791 3776 3843 ὑπὸ
3806 3791 3890 3845 νό-

2323 3904 2440 3957 μον.
2471 3886 2769 3957 Θορυὸήσει
2800 3886 2863 3956 δὴ
2889 3879 2983 3939 οὖν
3026 3886 3148 3939 κατ’
3172 3883 3364 3937 οὐδένα
3395 3882 3595 3953 τρόπον
3633 3882 3763 3945 τοὺς
3803 3899 3891 3935 σο-

2320 3977 2452 4047 φούς
2479 3993 2540 4029 τε
2571 3975 2665 4027 καὶ
2698 3976 3087 4044 ἐπιστήμονας,
3122 3972 3216 4025 καὶ
3248 3971 3570 4043 ἱδρυμένους
3599 3971 3656 4023 ἑν
3684 3969 3886 4033 πίστει,

2320 4068 2388 4122 τὰ
2424 4070 2535 4131 τοῖς
2578 4068 2677 4138 τῆς
2720 4065 3004 4130 κενώσεως
3045 4064 3323 4137 πρέποντα
3376 4063 3629 4136 μέτροις·
3673 4060 3791 4117 ἀλλ’
3832 4061 3892 4126 ἐξ

2321 4158 2499 4213 αὐτῶν
2537 4175 2597 4211 τε
2625 4157 2783 4228 ὁμοῦ,
2813 4157 2907 4211 καὶ
2949 4156 3057 4211 τῶν
3093 4158 3159 4226 τῇ
3192 4155 3312 4224 θείᾳ
3347 4155 3661 4225 πρεπόντων
3706 4153 3899 4221 φύσει,

2322 4247 2454 4301 Θεὸν
2497 4247 2625 4301 ὄντα
2657 4248 2748 4300 τὸν
2798 4246 2959 4300 αὐτὸν
2998 4248 3091 4300 καὶ
3128 4245 3412 4316 ἄνθρωπον
3463 4243 3895 4313 ἐπιγινώσκωσι

2321 4341 2411 4393 τὸν
2443 4339 2588 4393 Υίόν.
2627 4339 2784 4392 Ἀλλὰ
2820 4339 2928 4409 γὰρ
2976 4336 3272 4406 ὑγιαίνουσι
3310 4335 3408 4406 μὲν
3441 4336 3502 4389 ού
3529 4335 3893 4407 προσέρχεται

2322 4428 2498 4496 λόγοις
2515 4445 2527 4459 ·
2549 4426 2927 4489 ἀπονενευκὼς
2947 4425 3004 4480 δὲ
3028 4424 3145 4477 λίαν
3168 4425 3249 4487 είς
3274 4424 3333 4476 τὸ
3359 4423 3594 4494 ὲξήνιον,
3618 4424 3894 4487 ἀσυνέτως

658 4524 780 4563 cum
827 4522 1025 4579 praeter
1067 4514 1153 4567 illa
1198 4530 1317 4583 qua:
1368 4517 1525 4583 dixit,
1580 4535 1741 4573 unum
1799 4521 2079 4575 Dominum
2131 4539 2213 4577 no.

2328 4518 2765 4590 περιαυτίζεται,
2808 4518 2903 4570 καὶ
2930 4517 2999 4569 τά
3031 4516 3177 4586 αὐτῷ
3211 4514 3306 4569 καὶ
3352 4514 3498 4586 μόνῳ
3530 4514 3791 4570 δοκοῦντά
3834 4533 3893 4568 τε

659 4615 829 4656 strum
855 4601 1042 4658 Jesum
1073 4605 1346 4661 Christum
1390 4608 1441 4662 in
1472 4610 1576 4664 duo
1620 4610 1887 4677 dividens,
1934 4614 2094 4667 etiam
2129 4630 2224 4668 no-

659 4700 831 4746 strum
858 4693 1031 4763 ipsum
1058 4695 1299 4751 divinum
1326 4699 1641 4767 mysterium
1665 4700 2047 4770 calumniatur,
2080 4705 2132 4757 in
2158 4718 2223 4760 eo

660 4785 802 4853 quod
832 4795 1043 4839 recusat
1069 4788 1347 4843 nobiscum
1377 4791 1645 4856 conﬁteri,
1682 4792 1957 4849 Christum
1999 4811 2104 4849 non
2144 4796 2221 4850 si-

662 4877 864 4931 militer
916 4886 1079 4945 atque
1123 4896 1285 4935 unum
1321 4897 1353 4936 e
1394 4884 1599 4939 sanctis
1642 4887 1920 4952 prophetis
1967 4898 2057 4941 aut
2090 4904 2222 4958 apo-

660 4966 814 5019 stolis
839 4974 893 5019 et
919 4969 1267 5037 evangelistis
1296 4969 1567 5025 Deiferum
1600 4972 1872 5027 hominem
1904 4975 2093 5040 fuisse,
2129 4978 2221 5031 sed

665 5054 827 5107 Deum
872 5057 1141 5111 hominem
1184 5060 1407 5128 factum,
1439 5076 1502 5115 ac
1534 5076 1658 5118 vere
1704 5065 2058 5135 participassc
2102 5081 2221 5120 car-

664 5160 785 5197 nem
836 5154 892 5199 et
924 5148 1263 5216 sanguinem.
1302 5150 1392 5204 Sic
1433 5162 1613 5206 autem
1662 5169 1875 5207 rursum
1908 5154 2064 5221 dixit,
2099 5170 2220 5209 cum

666 5245 914 5304 tanquam
949 5252 1011 5290 ex
1044 5251 1270 5307 persona
1311 5240 1511 5296 Christi
1542 5246 1700 5297 verba
1731 5252 2075 5314 proponeret:

2326 4611 2417 4664 καὶ
2446 4604 2503 4663 εὖ
2532 4607 2674 4679 ἔχειν
2702 4606 3089 4678 ὑπειλημμένα
3122 4607 3339 4677 φρονεῖν
3366 4604 3530 4670 ἀξιοῖ.
3563 4606 3813 4660 Διόλλυσι
3837 4606 3894 4659 δὲ

2324 4705 2419 4755 καὶ
2448 4702 2669 4773 ἐτέρους
2694 4698 2829 4770 πρὸς
2852 4694 2934 4762 οἷς
2960 4698 3066 4769 ἔφη
3092 4698 3298 4761 διῖστὰς
3324 4698 3404 4760 είς
3426 4697 3519 4749 δύο
3543 4697 3635 4749 τὸν
3660 4697 3756 4751 ἕνα
3784 4695 3897 4750 Κύ-

2327 4810 2440 4864 ριον
2474 4791 2679 4861 Ἰησοῦν
2701 4791 2790 4844 τὸν
2818 4791 3071 4861 Χριστὸν,
3120 4790 3213 4843 καὶ
3260 4788 3392 4843 αὐτὸ
3436 4789 3499 4841 τὸ
3547 4787 3689 4842 θεῖον
3736 4789 3896 4859 ἡμῶν

2327 4879 2675 4950 συκοφαντῶν
2718 4881 3037 4950 μυστήριον,
3084 4877 3193 4932 ἀπό
3226 4894 3289 4946 γε
3341 4875 3433 4930 τοῦ
3488 4876 3563 4945 μὴ
3606 4876 3898 4945 ἀνέχεσθαι

2332 4974 2451 5045 μεθ’
2477 4972 2633 5045 ἡμῶν
2677 4973 2978 5044 ὁμολογεῖν,
3026 4972 3108 5025 ὅτι
3143 4970 3268 5023 καθ’
3295 4968 3390 5022 ἕνα
3423 4967 3532 5039 [Ion
3558 4967 3641 5020 ὃτι
3676 4968 3737 5020 οὐ
3775 4967 3898 5021 καθ’

2328 5065 2448 5137 ἕνα]
2495 5064 2602 5117 τῶν
2643 5065 2815 5134 ἁγίων
2866 5061 3182 5134 προφητῶν,
3233 5062 3399 5131 ἤγουν
3444 5058 3759 5112 ἀποστόλων
3804 5056 3900 5112 καὶ

2329 5156 2725 5224 εὐαγγελιστῶν
2752 5155 3006 5226 θεοφόρος
3027 5151 3094 5225 ἦν
3119 5152 3401 5222 ἄνθρωπος
3423 5150 3451 5202 ὁ
3477 5148 3709 5221 Χριστός
3729 5165 3743 5181 ⁸
3766 5148 3899 5211 Θεὸς

2328 5246 2382 5298 δὲ
2421 5246 2619 5316 μᾶλλον
2655 5246 2943 5316 γενόμενος
2990 5244 3293 5316 ἄνθρωπος,
3328 5240 3630 5312 μετέσχηκέ
3661 5258 3721 5295 τε
3757 5239 3898 5294 κατὰ

665 5328 923 5404 ἀλήθειαν
950 5334 1178 5402 αἵματος
1223 5336 1316 5389 καὶ
1357 5339 1575 5409 σαρκός.
1604 5341 1749 5409 Ἔφη
1775 5341 1831 5393 δὲ
1863 5340 2003 5393 οὕτω
2032 5341 2214 5409 πάλιν,
2253 5342 2328 5405 ὼς
2357 5343 2421 5394 ὲκ
2448 5342 2740 5412 προσώπου
2770 5339 3004 5412 Χριστοῦ
3032 5336 3347 5410 παρατιθεὶς
3378 5334 3437 5388 τὸ
3463 5333 3645 5417 ῥητόν·

761 5489 782 5520 ³
809 5488 1040 5560 Philipp.
1079 5506 1138 5556 ιι,
1163 5491 1214 5546 8.
1293 5492 1337 5523 ⁸⁸
1364 5491 1382 5545 1
1415 5491 1554 5548 Tim.
1576 5508 1648 5558 vr,
1676 5493 1727 5548 5.

1922 5629 2079 5683 ANT.
2120 5624 2392 5683 AGELLII
2432 5623 2659 5679 NOTAE.

746 5783 856 5857 (ἥδ)
894 5784 1053 5844 Deest
1092 5789 1336 5857 verbum,
1367 5784 1490 5859 puta
1540 5788 1668 5855 νόει,
1695 5787 1777 5845 vel
1830 5784 2107 5857 ὁμολόγει,
2138 5783 2213 5840 vel

2315 5781 2457 5852 iquid
2505 5778 2697 5835 simile.
