4078 6348
224 378 320 433 189
1252 365 1614 424 ADVERSUS
1653 358 2048 417 NESTORIUM
2093 357 2221 414 LIB.
2263 356 2354 415 IV.
3359 336 3458 390 I90

1959 478 2229 548 [Νεςτοιι.
2276 494 2295 526 ι
2326 471 2425 538 Qui
2456 468 2746 522 manducat
2772 475 2947 516 meam
2979 470 3217 519 carnem,
3244 463 3294 504 ct
3320 452 3453 503 bibit

286 488 348 561 [ι
390 488 448 541 '0
488 487 713 558 τρώγων
748 505 847 558 μου
886 488 986 557 τὴν
1018 487 1194 556 σάρκα
1243 488 1335 538 καὶ
1369 486 1536 538 πίνων
1575 500 1675 554 μου
1724 480 1783 533 τὸ
1814 486 1857 539 Α
1959 480 2229 548 [Νεςτοῐι.
2276 494 2295 526 t
2326 480 2425 538 Qui
2456 480 2746 522 manducat
2772 480 2947 516 meam
2979 480 3141 559 carne

1887 545 2066 623 meum
2102 566 2443 635 sanguinem,
2480 560 2531 614 in
2582 571 2666 613 me
2695 563 2897 617 manet,
2924 560 2977 605 ct
3004 564 3105 618 ego
3130 548 3181 600 in
3225 545 3393 597 eo":
3429 562 3447 593 ι

219 577 375 647 αἷμα,
418 581 474 631 ἐν
508 581 632 649 ἐμοὶ
668 580 838 649 μένει,
870 578 1024 646 κάγὼ
1056 580 1111 630 ἐν
1149 578 1315 648 αὐτῷ.
1348 599 1362 630 ι
1400 576 1783 645 Μνημὸνενσον
1887 584 2066 623 meum
2102 578 2443 635 sanguinem,
2480 577 2531 614 ιιι
2582 576 2666 613 tne
2695 576 2897 617 manet,
2924 576 2977 605 υι
3004 576 3105 618 τευ
3131 576 3181 600 ιιι
3225 576 3356 649 mm

218 634 294 723 ὅτι
321 634 447 742 περὶ
468 634 566 738 τῆς
591 634 789 739 σαρκὸς
814 634 874 721 τὸ
894 634 1203 738 λεγόμενον.
1232 686 1250 720 ι
1270 634 1475 729 ’Καθὼς
1499 634 1784 718 άιπέστειλὲ

1886 668 2156 714 memento
2188 634 2253 711 de
2295 654 2436 709 illius
2481 664 2646 706 carne
2691 660 2812 701 esse
2865 654 3192 698 sermonem.
3250 654 3268 687 ι
3303 634 3453 688 Sicut

219 775 282 828 με
310 759 337 810 6
375 730 481 821 ξὼν
516 730 723 828 ίῖατὴΙρ,
747 730 783 810 ι-
804 758 904 827 ἐμὲ
933 730 1037 810 τδν
1056 758 1401 827 φαινόμενον.
1437 756 1579 808 Ἀλλ’
1611 755 1782 809 ἐνίοτε

1886 752 2031 805 misit
2066 763 2149 803 me
2189 748 2376 801 vivens
2411 744 2570 798 Pater
2590 741 2661 803 ⁸⁸,
2695 764 2711 790 ι
2759 751 2845 791 me
2883 732 3169 787 visibilem.
3213 730 3280 781 At
3306 730 3450 781 enim

218 850 635 919 παρεομηνεύω.
680 848 1026 920 ’Λκούσωμεν
1078 852 1141 903 ὲκ
1192 849 1301 903 τῶν
1353 849 1499 917 ἑξῆς.
1538 865 1557 899 t
1588 845 1783 907 Καθὼς

1886 853 2269 909 nonnunquam
2297 844 2493 907 preter
2517 829 2840 888 sententiam
2878 824 3235 890 interpretor;
3267 817 3451 871 audia-

218 910 498 994 ἀπέστειλὲ
534 958 598 1011 με
623 942 652 992 6
683 941 789 1005 ζῶν
825 910 1033 1011 Πατὴρ·
1061 960 1078 991 ι
1115 942 1317 1002 ἐκεῖνος
1535 937 1633 1007 τὴν
1667 937 1784 989 θεό-

1884 949 2002 987 mus
2050 928 2331 999 sequentia
2364 946 2376 981 :
2416 945 2433 977 ι
2464 926 2615 979 Sicut
2653 918 2801 973 misit
2850 930 2932 969 me
2966 914 3151 967 vivens
3196 910 3388 972 Pater;
3424 923 3443 956 ι

214 1045 365 1096 τητα,
412 1007 652 1099 ἑγὼ-τῆν
690 1007 1104 1098 ἀνθρωπότητα.
1142 1030 1367 1098 Ἰδωμεν
1400 1029 1480 1089 τίς
1510 1029 1537 1079 6
1570 1043 1777 1095 παρερσ

1883 1025 1972 1078 ille
2025 1025 2416 1093 interpretatur
2466 1016 2822 1075 divinitatem,
2873 1023 2972 1075 ego
3026 1007 3443 1059 humanitatem.

218 1094 482 1187 μηνεύων.
516 1094 679 1187 Λέγει
718 1122 746 1171 6
777 1094 1048 1190 αἱρετικδς
1090 1094 1323 1173 ἐνταῦθα
1367 1120 1465 1189 τὴν
1513 1094 1776 1186 οεότητά’

1882 1114 2172 1169 Videamus
2215 1112 2461 1179 quisnam
2508 1115 2702 1175 prseter
2746 1098 3071 1156 sententiam
3125 1094 3445 1161 interprete-

213 1180 527 1266 ἀπέστειλεν
556 1180 655 1281 ἐμὲ
688 1212 779 1264 τὸν
808 1180 937 1265 όεὸν
974 1212 1175 1279 Λόγον
1213 1231 1231 1263 ‹
1258 1180 1456 1273 Καθὼς
1493 1180 1777 1263 ἀπέστειλέ

1883 1216 1987 1259 tur.
2047 1204 2187 1258 Dicit
2245 1201 2530 1257 luereticus
2582 1198 2681 1250 hoc
2759 1188 3281 1260 loco.divinitatem.
3340 1180 3442 1234 Mi-

217 1320 280 1371 με
305 1305 331 1355 ὀ
370 1301 477 1367 ζῶν
522 1275 732 1374 Πάτὴρ,
765 1321 783 1354 ι
813 1306 929 1356 κατ’
961 1275 1164 1357 ἐκεῖνον
1200 1324 1216 1355 ι
1243 1303 1396 1371 κάγὼ
1418 1302 1513 1367 ζῶ,
1540 1320 1558 1352 ι
1594 1302 1621 1353 6
1648 1300 1779 1363 Θεὸς

1882 1297 1949 1349 sit
1992 1312 2098 1359 me,
2146 1296 2318 1363 ipsum
2370 1291 2539 1346 Deum
2596 1287 2846 1342 Verbum.
2905 1300 2924 1332 ι
2960 1280 3110 1334 Sicut
3158 1275 3303 1330 misit
3360 1286 3445 1325 me

212 1367 379 1459 λόγος
416 1412 432 1444 t
465 1393 553 1447 διὰ
583 1367 690 1445 τὸν
715 1395 949 1464 Πατέρα.
986 1415 1003 1446 ι
1030 1390 1162 1449 Εἶτα
1188 1367 1534 1465 μετὰ-τοῦτο·
1572 1412 1589 1443 ι
1616 1391 1723 1444 Καὶ
1751 1393 1779 1443 6

1882 1389 2067 1443 vivens
2107 1387 2284 1450 Pater,
2321 1403 2339 1437 ι
2375 1381 2600 1453 perinde
2633 1388 2795 1446 atque
2842 1375 2929 1429 ille
2958 1381 3010 1427 et
3066 1388 3083 1420 ι
3115 1383 3214 1437 ego
3244 1367 3385 1429 vivo,
3419 1380 3438 1415 ι

211 1485 432 1554 τρώγων
465 1504 554 1556 με,
585 1487 835 1549 κάκεῖνος
878 1488 1121 1552 ζήσεται.
1149 1506 1167 1539 ι
1213 1487 1343 1539 Τίνα
1378 1485 1648 1554 ἐσθίομεν,
1678 1484 1777 1555 τὴν

1882 1482 2022 1535 Deus
2076 1477 2338 1539 Verbum,
2384 1492 2402 1524 ι
2443 1481 2661 1540 propter
2705 1467 2938 1521 Patrem.
2975 1483 2993 1515 ι
3046 1460 3243 1515 Deinde
3292 1464 3442 1556 post-

213 1548 647 1647 0s6rqta,.i}r.i;v
682 1577 858 1648 σάρκα
879 1548 943 1647 ;ν]’
1531 1548 1543 1554 -
1635 1548 1643 1552 ν
1732 1548 1744 1555 ‘

1882 1574 2032 1627 haec:
2072 1588 2089 1622 ι
2122 1568 2185 1623 Et
2229 1566 2319 1635 qui
2368 1563 2657 1619 manducat
2703 1573 2826 1623 me,
2887 1566 2941 1610 et
2988 1555 3098 1623 ipse
3147 1552 3290 1604 vivet
3311 1548 3385 1613 ‘7;
3413 1565 3433 1597 ι

1877 1674 2037 1730 quem
2084 1658 2299 1714 tandem
2343 1653 2753 1716 manducamus,
2799 1644 3156 1706 divinitatem,
3200 1654 3266 1695 an
3319 1653 3438 1695 car-

1875 1748 2077 1821 neuti]

802 1883 1023 1938 KE'I'AA
1035 1920 1049 1934 .
1084 1887 1157 1938 A'.
1802 1821 1829 1876 ἰ

2521 1876 2673 1934 CAP.
2719 1873 2808 1930 1V.

275 2016 459 2082 Μόνην
484 2015 546 2083 δὴ
574 2009 665 2067 οὖν
697 2015 1030 2068 ἀπεστάλθαι
1062 2014 1160 2085 τὴν
1193 2015 1368 2083 σάρκα
1406 2013 1528 2082 φὴς,
1560 2014 1653 2066 καὶ
1676 2015 1772 2067 αὐ-

1943 2022 2123 2078 Solam
2158 2035 2285 2092 ergo
2314 2017 2534 2074 missam
2562 2016 2728 2071 fuisse
2760 2026 2978 2069 carnem
2999 2011 3153 2074 dicis,
3183 2017 3236 2063 et
3266 2008 3434 2076 ipsam

205 2106 298 2177 τὴν
332 2100 473 2157 εἶναι
517 2104 844 2167 διαϐεϐαιοῖς
892 2106 981 2157 τὸν
1035 2108 1392 2174 φαινόμενον·
1448 2105 1660 2173 ἀπόχρη
1707 2105 1770 2173 δὴ

1882 2128 1991 2167 esse
2020 2112 2225 2168 asseris
2256 2126 2380 2165 eum
2416 2112 2509 2179 qui
2544 2103 2794 2162 videtur?
2832 2103 2976 2158 Satis
3001 2112 3082 2156 est
3116 2114 3244 2169 ergo
3274 2099 3436 2152 etiam

206 2194 294 2250 οὖν
342 2198 437 2250 καὶ
482 2196 644 2259 μόνον
697 2196 827 2267 ἡμῖν
873 2197 950 2258 εἰς
984 2197 1043 2248 τὸ
1087 2196 1343 2249 δύνασθαι
1389 2195 1671 2259 ζωοποιεῖν
1710 2195 1772 2249 τὸ

1882 2206 1926 2259 id
1962 2202 2134 2258 solum
2161 2200 2318 2256 nobis
2350 2200 2415 2254 ad
2452 2194 2827 2253 viviﬁcandam
2872 2202 3116 2246 naturam
3157 2189 3441 2259 tyrannide

208 2289 417 2357 θανάτῳ
454 2288 905 2358 τυραννούμενον.
932 2287 997 2340 Τί
1035 2281 1128 2340 οὖν
1166 2288 1221 2338 αἱ
1264 2286 1604 2341 θεόπνευστος
1630 2288 1770 2357 Γρα-

1882 2294 2058 2350 mortis
2098 2304 2435 2361 Oppressam.
2486 2288 2624 2355 Quid
2669 2300 2799 2355 ergo
2845 2282 3039 2338 divinat
3077 2280 3294 2334 Litterae
3327 2278 3439 2330 fru-

204 2378 297 2445 φαὶ
341 2377 658 2446 ῥαψωδοῦσι
695 2378 871 2447 μάτην
915 2378 1092 2447 σάρκα
1125 2375 1375 2445 γινέσθαι
1405 2376 1494 2429 τὸν
1523 2377 1587 2429 ἐκ
1634 2376 1768 2430 Θεοῦ

1882 2397 1980 2441 itra
2024 2384 2297 2448 occinunt,
2338 2383 2462 2435 dum
2505 2395 2723 2434 carnem
2782 2376 2982 2431 factum
3029 2374 3200 2441 ipsum
3232 2386 3295 2423 ex
3329 2368 3438 2422 Deo

206 2468 412 2537 [ἰατρὸς
441 2466 634 2534 Λόγον,
683 2467 795 2521 ἀνω
835 2483 895 2518 τε
933 2468 1027 2519 καὶ
1075 2469 1224 2519 κάτω
1274 2465 1765 2536 διισχυριζόμεναις

1882 2477 2030 2530 Patre
2082 2473 2340 2538 Verbum,
2387 2485 2601 2527 sursum
2646 2471 2897 2524 deorsum
2951 2463 3261 2520 afﬁrmant?
3307 2461 3439 2527 Quis

204 2558 334 2610 Ποία
373 2558 480 2628 γὰρ
513 2556 649 2621 ὅλως
687 2555 882 2625 γένοιτ’
907 2556 973 2609 ἂν
1005 2555 1097 2608 τοῦ
1129 2555 1302 2622 Λόγου
1337 2555 1515 2625 χρεία,
1544 2554 1646 2623 τῆς
1674 2554 1770 2607 ἀν-

1882 2564 2012 2621 3nitn
2058 2578 2283 2632 prorsus
2329 2560 2492 2616 Verbi
2528 2559 2691 2613 fuerit
2734 2574 2881 2621 usus,
2924 2558 2968 2612 si
3008 2555 3162 2610 nobis
3204 2555 3435 2608 humana

205 2646 474 2717 θρωπίνης
528 2647 740 2716 φύσεως
789 2646 1120 2717 ἀποχρώσης
1156 2647 1309 2715 ἡμῖν,
1357 2647 1459 2699 κάν
1502 2647 1549 2698 εξ
1597 2648 1769 2700 νοοῖτο

1882 2664 2084 2717 matura,
2109 2650 2323 2705 etiamsi
2357 2651 2469 2704 sola
2501 2660 2553 2704 et
2581 2664 2676 2717 per
2700 2662 2758 2703 se
2782 2648 3069 2715 cogitetur,
3100 2645 3232 2698 satis
3256 2653 3339 2696 est
3368 2643 3434 2694 ad

209 2738 334 2807 μάνη
368 2738 461 2791 καὶ
495 2738 616 2791 καθ’
659 2739 878 2809 ἑαυτὴν,
914 2738 992 2801 εἷς
1034 2756 1096 2807 γε
1119 2739 1178 2791 τὸ
1198 2737 1455 2791 δύνασθαι
1487 2740 1765 2809 καταργῆ-

1882 2756 2094 2798 nortem
2144 2743 2525 2797 destruendam
2597 2750 2654 2795 et
2732 2737 3097 2807 corruptionis
3149 2734 3433 2804 imperium

205 2846 290 2881 σαι
329 2830 577 2890 θάνατον,
610 2828 701 2881 καὶ
730 2829 790 2881 τὸ
826 2830 921 2897 τῆς
953 2829 1157 2900 φθορᾶς
1192 2817 1509 2899 παραλῦσαι
1530 2830 1763 2898 κράτος;

1882 2834 2254 2891 ινριιοιιθιιιιιῗ
2278 2834 2354 2887 Ac
2379 2833 2455 2897 si,
2489 2842 2548 2885 ut
2582 2841 2767 2899 putas,
2785 2839 2839 2885 et
2866 2831 3206 2883 sentiendum
3225 2842 3432 2891 censes,

207 2914 306 2965 Καὶ
337 2913 496 2983 εἴπερ
527 2914 691 2979 ἔστὶν,
723 2913 909 2985 ὥσπερ
938 2914 1028 2968 οὖν
1053 2919 1151 2969 οἴει
1182 2918 1276 2968 καὶ
1306 2916 1547 2982 δοξάζειν
1573 2916 1764 2981 ἀξιοῖς,

1882 2928 2064 2980 nissus
2111 2934 2192 2980 est
2244 2939 2351 2979 non
2404 2925 2518 2993 ipse
2568 2922 2709 2975 Deus
2753 2921 3009 2982 Verbum,
3051 2934 3115 2973 eo
3161 2920 3304 2987 quod
3352 2926 3436 2971 est

202 3006 293 3073 ορχ
320 3009 348 3057 6
376 3005 510 3067 Θεὸς
553 3006 725 3075 Λόγος
753 3006 781 3058 ὁ
812 3006 1223 3076 ἀπεσταλμένος
1256 3006 1343 3057 διὰ
1380 3006 1472 3057 τοῦ
1516 3008 1766 3082 γενέσθαι

1882 3018 2038 3077 ιοειιί
2068 3018 2242 3071 simile
2266 3016 2486 3078 factum,
2512 3015 2603 3068 sed
2628 3012 2763 3075 sola,
2790 3021 2849 3065 ut
2874 3010 3081 3073 dixisti,
3114 3011 3275 3063 missu
3300 3018 3382 3063 est
3404 3024 3435 3061 a

204 3096 317 3147 καθ’
340 3098 509 3167 ἡμᾶς,
548 3098 681 3168 μόνη
719 3099 795 3163 δὲ,
826 3099 901 3162 ὡς
934 3098 1091 3169 ἔφης,
1128 3098 1462 3152 ἀπέσταλται
1492 3098 1641 3169 παρά
1671 3098 1763 3153 τοῦ
1791 3154 1829 3178 ρ

1882 3109 2031 3178 [09
2067 3109 2228 3161 Patre
2266 3121 2395 3161 caro
2434 3104 2683 3169 visibilis,
2725 3103 2992 3171 quomodo
3017 3116 3121 3155 nou
3156 3101 3228 3155 sit
3253 3100 3433 3155 omni-

204 3188 407 3256 Πατρὸς
431 3191 464 3257 ὴ
498 3190 795 3261 φαινομένη
826 3190 979 3261 σὰρξ,
1015 3191 1129 3254 πῶς
1159 3192 1255 3260 οὐχ
1284 3190 1485 3277 ἅπασιν
1513 3191 1759 3260 ἐναργὲς,
1791 3188 1829 3207 υ

1882 3218 1965 3255 )US
1992 3202 2358 3270 perspicuum,
2408 3199 2626 3252 humani
2658 3196 2903 3266 corporis
2935 3196 3434 3265 proprietatumque

200 3278 273 3330 ὅτι
314 3278 567 3349 σώματος
616 3282 979 3361 ἀνθρωπίνου,
1030 3284 1123 3335 καὶ
1168 3284 1275 3335 τῶν
1325 3282 1607 3354 ἡμετέρων
1643 3287 1761 3337 κατ’

1882 3299 2168 3343 nostrarum
2203 3287 2348 3341 nullo
2378 3300 2597 3355 prorsus
2628 3286 2787 3338 modo
2822 3284 3282 3353 participationem
3319 3282 3431 3333 ha—

201 3370 378 3421 οὐδένα
407 3368 686 3430 παντελῶς
719 3371 916 3437 τρόπον
950 3373 1007 3423 ἐν
1044 3372 1254 3440 μεθέξει
1288 3374 1591 3440 γεγόναμεν
1624 3375 1756 3442 (‘27);
1811 3432 1819 3447 ι

1882 3378 2216 3433 iuisse?Cur
2263 3392 2392 3447 ergo
2428 3376 2555 3430 alibi
2610 3377 2803 3429 irrides
2837 3390 2930 3429 eos
2973 3377 3062 3443 qui
3117 3374 3271 3427 iu‘ea
3306 3380 3433 3431 sunt

206 3459 317 3522 Πῶς
348 3455 441 3512 οὖν
467 3461 526 3512 ὲν
554 3458 761 3530 ἑτέροις
791 3460 1040 3530 διαγελᾷς
1069 3463 1192 3524 τοὺς
1220 3456 1319 3515 ὧδε
1352 3465 1759 3538 διακειμένους
1811 3455 1819 3477 ³

1882 3470 2157 3538 ιμίιιίοιιεῖ
2184 3484 2305 3521 nam
2344 3468 2523 3522 dixisti
2558 3483 2770 3522 rursum
2808 3484 2823 3521 :

200 3553 325 3620 ἔφης
358 3552 463 3622 γάρ
502 3553 662 3606 πάλιν
690 3569 705 3584 ·

262 3644 433 3715 ίἘρῶ
466 3645 523 3698 δὲ
543 3646 637 3698 καὶ
669 3645 761 3699 τοῦ
787 3645 1080 3699 σκανδάλου
1121 3646 1187 3700 τά
1221 3650 1468 3719 ρήματακ
1500 3650 1626 3719 περὶ
1659 3653 1759 3721 τῆς

1930 3643 1948 3715 [
1979 3644 2212 3698 Νεετοιι.
2245 3644 2425 3697 Dicam
2476 3646 2636 3698 etiam
2692 3641 2831 3696 illius
2861 3639 3095 3695 scandali
3143 3639 3334 3702 verba;
3362 3640 3429 3692 de

197 3733 393 3796 οἰκείας
442 3734 643 3804 σαρκὸς
686 3735 715 3785 6
760 3735 1032 3805 Δεσπότης
1080 3737 1321 3805 Χριστὸς
1367 3739 1501 3807 πρὸς
1559 3739 1757 3801 αὐτοὺς

1890 3753 1953 3787 ua
1989 3751 2150 3789 carne
2202 3737 2457 3789 Dominus
2489 3735 2734 3788 Christus
2768 3747 2893 3786 cum
2939 3730 3043 3784 illis
3078 3731 3375 3784 disserebat
3410 3748 3425 3786 :

197 3822 486 3891 διελέγετο·
532 3843 551 3875 t
577 3825 699 3877 Ἐὰν
732 3825 805 3895 μὴ
839 3826 1068 3894 φάγητε,
1101 3828 1253 3896 φησὶ,
1300 3828 1398 3897 τὴν
1442 3828 1619 3898 σάρκα
1663 3829 1754 3881 τοῦ

1916 3824 2025 3879 Nisi
2061 3825 2532 3886 manducavcritis,
2559 3824 2749 3892 inquit,
2786 3836 3003 3877 carnem
3026 3820 3145 3875 Filii
3171 3822 3426 3889 hominis,

200 3916 318 3968 Υῐοῦ
360 3916 451 3969 τοῦ
486 3916 796 3986 ἀνθρώπου,
841 3917 935 3969 καὶ
982 3918 1140 3986 πίητε
1168 3918 1330 3970 αὑτοῦ
1364 3920 1424 3970 τὸ
1455 3915 1610 3988 αἷμα,
1657 3921 1757 3973 οὐκ

1882 3924 1910 3966 :t
1958 3913 2200 3967 biberitis
2253 3915 2369 3982 ejus
2413 3914 2767 3983 sanguinem,
2802 3926 2907 3965 non
2956 3909 3220 3964 habebitis
3263 3911 3426 3963 vitam

198 4006 335 4075 ἔχετε
366 4008 509 4076 ζωὴν
534 4008 591 4059 ἐν
622 4007 833 4068 ἑαυτοῖς
856 4022 869 4037 ο
894 4026 912 4057 ι
962 4008 1060 4058 οὐκ
1090 4008 1323 4077 ἤνεγκαν
1362 4009 1421 4059 τὸ
1466 4008 1574 4061 τῶν
1600 4008 1754 4075 λεγο-

1882 4020 1909 4056 ιι
1939 4004 2090 4058 vobis
2110 4003 2177 4056 ⁸⁸.
2219 4022 2239 4055 ι
2274 4003 2573 4059 Verborum
2601 4005 2978 4060 sublimitatem
3005 4002 3093 4068 qui
3124 4002 3426 4068 audierant,

200 4100 365 4165 μένων
397 4097 601 4168 ὑψηλὸν
643 4099 691 4150 οἱ
722 4096 1071 4161 ἀκούσαντες,
1106 4096 1351 4166 ἐνόμιζον
1386 4099 1489 4152 ὑπὸ
1517 4099 1756 4169 ἀμαθίας

1882 4110 1961 4147 ιοιι
2003 4095 2277 4148 tulerunt:
2312 4098 2571 4163 putabant
2595 4110 2663 4151 ex
2693 4094 2905 4150 inscitia
2927 4131 2942 4147 .
2978 4091 3126 4146 illum
3186 4094 3417 4149 anlhro-

196 4188 640 4259 ἀνθρωποφαγίαν
680 4186 984 4257 εἰσάγειν.]

1882 4186 2176 4255 mphagiam
2204 4186 2449 4240 suadere.
2490 4184 2512 4258 ]

775 4320 1027 4374 ΚΕΦΑΛ.
1080 4322 1119 4373 Ε
1139 4361 1153 4374 .

2513 4318 2664 4376 CAP.
2702 4320 2761 4376 V.

262 4431 386 4488 Εἶτα
408 4434 526 4498 πῶς
548 4434 608 4487 τὸ
636 4433 824 4504 χρῆμά
840 4435 985 4485 ἐστιν
1010 4433 1109 4485 οὐκ
1133 4432 1369 4504 ἐναργὴς
1398 4433 1752 4506 ἀνθρωποφα-
1784 4488 1824 4506 ἢ

1926 4432 2086 4501 Atqui
2110 4447 2171 4486 ea
2207 4447 2293 4486 res
2320 4434 2587 4502 quomodo
2619 4450 2723 4489 non
2760 4444 2905 4489 certa
2933 4436 3001 4490 sit
3025 4436 3423 4506 anthropoplia-

199 4524 313 4588 γίσ;
358 4524 480 4577 τίνα
505 4523 562 4576 δὲ
584 4524 783 4593 τρόπον
816 4523 1017 4591 ὑψηλὸν
1047 4521 1211 4575 ἔτιτὸ
1244 4525 1559 4593 μυστήριον,
1596 4527 1644 4577 εἰ
1676 4526 1750 4597 μὴ
1784 4521 1827 4544 ³¹

1882 4525 1938 4591 ;ia
1962 4524 1983 4576 ?
2010 4539 2117 4592 quo
2146 4537 2273 4577 vero
2303 4524 2460 4579 modo
2487 4524 2717 4579 sublime
2743 4527 2919 4581 adhuc
2940 4526 3043 4580 erit
3066 4526 3190 4580 illud
3223 4537 3423 4597 mystc-

198 4614 518 4667 ἀπεστάλθαι
547 4613 724 4683 φαμὲν
751 4613 840 4665 τὸν
862 4613 925 4664 ὲκ
951 4610 1083 4665 Θεοῦ
1104 4612 1314 4682 [ἰατρὸς
1340 4613 1529 4681 Λόγον,
1554 4615 1644 4667 καὶ
1664 4615 1757 4668 τόν

1883 4617 2028 4677 ium,
2066 4616 2110 4669 si
2158 4630 2261 4669 non
2316 4616 2484 4685 ipsum
2546 4631 2608 4671 ex
2650 4617 2759 4671 Deo
2811 4616 2972 4672 Patre
3027 4616 3262 4673 Verbum
3299 4634 3421 4673 esse

198 4721 254 4769 γε
305 4706 390 4773 τῆς
432 4704 738 4772 ἀποστολῆς
790 4704 989 4773 τρόπον
1036 4702 1401 4773 ὁμολογοῦμεν
1464 4700 1603 4757 εἶναι
1659 4706 1756 4776 τὴν

1882 4708 2073 4760 nissum
2124 4706 2454 4771 dixerimus,
2495 4716 2549 4762 et
2595 4707 2865 4762 missionis
2919 4708 3133 4763 modum
3186 4708 3418 4763 confessi

198 4794 630 4866 ἐνανθρὼπησιν;
668 4794 801 4846 Τότε
842 4793 950 4863 γὰρ
990 4796 1113 4846 τότε
1157 4794 1572 4864 καταθρήσομεν
1622 4795 1757 4860 ζωο-

1882 4800 2121 4855 'uerimus
2158 4815 2279 4855 esse
2343 4800 2513 4869 ipsam
2572 4800 3010 4855 humanationem
3048 4800 3071 4853 ?
3102 4798 3236 4851 Tum
3275 4799 3418 4853 enim

201 4888 362 4937 ποιεῖν
387 4887 675 4955 ἰσχύουσαν
707 4885 805 4955 τὴν
829 4883 1122 4937 ἑνωθεῖσαν
1150 4885 1297 4953 αὐτῷ
1321 4886 1520 4956 σάρκα,
1540 4886 1634 4939 καὶ
1659 4886 1755 4956 οὐχ

1889 4890 2149 4944 idebimus
2188 4889 2493 4944 vivificandi
2537 4891 2643 4943 vim
2698 4892 2896 4946 habere
2932 4892 3136 4944 unitam
3170 4889 3268 4958 ipsi
3294 4904 3418 4943 car-

201 4976 372 5045 ἐτέρου
410 4978 609 5047 σάρκα,
659 4976 799 5046 πλήν
834 4975 915 5028 ὅτι
955 4977 1176 5043 γέγονεν
1217 4976 1319 5029 ἰδία
1350 4976 1444 5029 τοῦ
1472 4978 1537 5029 τά
1578 4978 1757 5031 πάντα

1882 4995 2007 5045 ηοιιι,
2052 4991 2105 5035 et
2150 4996 2253 5034 non
2308 4980 2537 5035 alterius
2598 4995 2854 5048 carnem,
2886 4982 2979 5036 sed
3030 4981 3227 5035 factam
3276 4980 3421 5033 illius

200 5070 464 5131 ζωοποιεῖν
523 5068 815 5140 ἰσχύοντος.
867 5069 930 5121 Ei
977 5068 1085 5138 γὰρ
1127 5069 1188 5121 τὺ
1240 5069 1349 5140 πῦρ
1377 5070 1439 5138 δὴ
1492 5069 1648 5122 τοῦτο
1695 5069 1755 5120 τὸ

1891 5070 2157 5139 ropriam,
2196 5070 2285 5139 qui
2350 5070 2527 5125 omnia
2592 5070 2866 5127 viviﬁcare
2929 5080 3123 5139 potest.
3186 5070 3318 5124 Nam
3370 5073 3418 5127 si

200 5160 438 5232 αδσθητὸν
469 5162 568 5232 τῆς
608 5159 832 5232 ἐνούσης
878 5159 1026 5229 αὑτῷ
1069 5160 1302 5229 φυσικῆς
1339 5159 1619 5229 ἐνεργείας
1658 5158 1755 5229 τὴν

1882 5160 1991 5230 guis
2026 5161 2116 5215 hic
2160 5162 2431 5217 sensibilis
2472 5163 2576 5217 vim
2616 5177 2727 5218 sua:
2778 5164 3034 5219 naturalis
3084 5164 3415 5234 operationis

258 5310 473 5371 “Joan.
514 5329 596 5382 Vt,
630 5314 721 5369 57.
794 5313 839 5346 ⁸⁸
877 5312 1009 5379 ibid,
1034 5311 1123 5367 58.
1200 5314 1243 5345 ⁸⁷
1284 5314 1392 5369 ibid
1492 5314 1537 5345 ⁸⁸
1572 5313 1699 5368 ibid.
1740 5313 1829 5368 54.

1429 5464 1588 5521 ANT.
1629 5465 1898 5520 AGELLII
1938 5465 2167 5522 NOTAS.

261 5615 364 5683 (‘27)
411 5613 755 5681 Conieceram
812 5612 1063 5691 yé‘yovav;
1106 5612 1198 5691 sed
1250 5610 1458 5691 videtur
1518 5608 1735 5691 mutilus

1882 5612 2035 5691 ἐρων,
2069 5610 2260 5691 τῶνδὲ
2288 5613 2572 5691 θειοτέρων
2600 5617 2719 5668 κατ’
2748 5617 2937 5691 οὐδένα
2984 5618 3257 5682 παντελῶς
3286 5620 3408 5691 τρό-

201 5680 428 5760 ιοειιε’σι
476 5680 794 5760 cerruptus;
825 5680 1039 5760 deesse
1088 5686 1229 5737 enim
1283 5680 1733 5760 vide_tur‘aliquid

1886 5681 2285 5760 θ’),ὲνημεοέξει
2332 5680 2633 5755 γεγόναμεν
2658 5704 2670 5717 ·
2713 5688 2796 5743 vel
2846 5687 2939 5741 τοῦ
2983 5689 3035 5742 δὲ
3067 5690 3200 5743 Θεοῦ
3232 5680 3405 5759 Λόγου

200 5757 325 5823 quod
364 5750 729 5825 pertineat—ad
754 5752 911 5811 Verbi
950 5764 1217 5818 naturam,
1240 5761 1294 5806 ut
1332 5751 1422 5804 καὶ
1461 5750 1567 5805 τῶν
1601 5750 1721 5817 ἡμει

1882 5750 1958 5804 ατ*
1982 5752 2187 5818 οὐδένα,
2220 5764 2321 5808 etc.
