4078 6348
607 371 701 427 191

1592 362 1649 416 S.
1690 359 1966 416 CYRILLI
2006 356 2476 415 ALEXANDRINI
2514 356 2831 413 ARCIIIEP.

3757 360 3852 414 19?.

606 485 656 537 in
715 476 968 531 materias
1016 474 1253 529 immittit
1303 473 1368 528 ad
1401 487 1535 543 quas
1574 475 1896 535 accesserit,
1948 473 2081 527 adeo
2121 481 2181 525 ut

2294 470 2508 541 Βύναμιν
2537 473 2655 533 ταῖς
2690 470 2840 533 ὕλαις
2869 470 3076 540 ἐνίησιν
3101 466 3185 534 αἷς
3213 473 3276 525 ἄν
3304 471 3545 538 φαίνοιτο
3589 488 3852 540 προσομι-

603 584 795 639 aquam
831 570 999 637 ipsam
1052 567 1265 621 tametsi
1315 580 1378 619 ex
1412 575 1602 619 natura
1656 579 1752 618 sua
1800 564 2048 633 frigidam
2073 606 2087 629 ,
2114 563 2180 616 ad

601 661 916 730 qualitatem
948 674 1067 727 qua:
1112 668 1302 727 printer
1330 668 1572 711 naturam
1604 656 1769 724 ipsius
1794 664 1911 718 est,
1951 652 2180 708 transfe-

605 759 708 814 rat,
738 760 792 806 et
835 750 1065 806 calidam
1111 749 1271 803 faciat
1304 766 1321 813 ;
1358 748 1485 816 quid
1524 747 1749 809 mirum,
1792 760 1966 815 quove
2022 744 2179 799 modo

604 841 916 896 incredibile
950 840 1227 901 videatur,
1253 839 1295 893 si
1319 842 1491 902 ipsum
1522 852 1589 891 ex
1618 835 1728 892 Deo
1758 835 1915 890 Patre
1946 835 2179 889 Verbum

607 949 730 990 cum
769 933 976 1001 sitipsa
1029 932 1135 987 vita
1167 930 1459 985 secundum
1509 937 1776 993 naturam,
1812 942 2031 981 carnem
2081 927 2180 982 sibi

608 1024 810 1077 unitam
834 1023 1098 1077 viviﬁcam
1133 1021 1362 1077 reddidit
1393 1022 1415 1073 ?
1444 1022 1655 1090 pr0pria
1683 1034 1914 1087 namque
1940 1019 2054 1087 ejus
2077 1029 2178 1083 est,

607 1122 661 1167 et
695 1111 1047 1167 noualterius
1073 1110 1369 1179 cuiuspiam
1401 1112 1466 1164 ab
1486 1125 1549 1166 eo
1574 1110 1791 1173 diversi,
1832 1110 1921 1178 qui
1949 1111 2176 1164 scorsim

609 1204 936 1273 intelligatur
956 1242 971 1266 ,
1003 1212 1056 1258 et
1086 1204 1485 1258 uniusenostro
1514 1217 1737 1257 numero
1760 1202 2013 1256 hominis.
2047 1201 2179 1255 Cum

608 1303 786 1347 autem
825 1294 892 1349 ab
930 1292 1014 1346 illa
1046 1308 1168 1346 cum
1199 1306 1423 1362 corpore
1457 1293 1681 1363 mystica
1719 1307 1953 1361 veraque
1984 1293 2183 1345 unione

609 1386 877 1440 viviticum
903 1383 993 1438 Dei
1012 1382 1243 1438 Verbum
1266 1384 1584 1453 segregaris,
1609 1390 1661 1437 et
1682 1384 1901 1437 omnino
1916 1383 2183 1452 disiunxe-

612 1478 706 1540 ris,
727 1476 995 1545 quomodo
1018 1477 1190 1545 ipsum
1215 1489 1409 1540 corpus
1427 1472 1599 1526 adhuc
1618 1472 1888 1526 viviﬂcum
1913 1471 2185 1525 ostendes?

610 1566 743 1633 Quis
774 1581 934 1636 porro
964 1567 1049 1622 ille
1076 1574 1159 1621 est
1188 1567 1279 1634 qui
1313 1563 1443 1618 dicit
1473 1579 1486 1614 :
1525 1581 1543 1614 ι
1578 1562 1678 1629 Qui
1706 1563 1990 1618 manducat
2011 1579 2182 1617 meam

611 1672 861 1724 carnem,
892 1668 947 1712 et
971 1657 1106 1713 bibit
1139 1671 1315 1711 meum
1367 1654 1681 1723 sanguinem
1710 1697 1724 1719 ,
1765 1655 1816 1707 in
1849 1668 1935 1709 me
1981 1664 2182 1717 manet,

610 1756 665 1802 et
704 1762 803 1817 ego
854 1749 905 1802 in
951 1749 1054 1804 eo?
1089 1767 1105 1799 ι
1148 1746 1279 1801 Nam
1322 1748 1366 1801 si
1414 1746 1575 1800 homo
1628 1745 1893 1814 quispiam
1934 1745 2180 1809 seorsim,

612 1848 663 1891 et
689 1854 791 1892 non
831 1841 1009 1908 potius
1043 1840 1215 1908 ipsum
1248 1838 1339 1892 Dei
1374 1837 1602 1892 Verbum
1651 1836 1849 1891 factum
1890 1847 1972 1891 est
2012 1837 2185 1891 simile

613 1931 787 1995 nobis,
826 1947 911 1987 res
944 1932 1056 1999 ipsa
1089 1946 1207 2000 quae
1230 1930 1456 2000 geritur,
1490 1930 1953 2007 anthrop0phagia
1978 1930 2101 1993 erit,
2134 1940 2184 1982 et

615 2019 816 2074 inutilis
846 2022 1068 2074 omnino
1105 2021 1192 2072 illa
1230 2019 1589 2086 participatio.
1640 2018 1815 2087 Ipsum
1845 2020 1987 2073 enim
2029 2018 2186 2072 Chri-

612 2120 753 2163 stum
776 2110 1040 2165 dicentem
1059 2110 1220 2164 audio
1246 2128 1260 2164 :
1289 2127 1307 2160 ι
1332 2108 1472 2164 Caro
1500 2124 1602 2163 non
1629 2110 1846 2177 prodest
1867 2109 2183 2178 quidquam,

615 2202 835 2269 spiritus
854 2210 933 2257 est
972 2202 1063 2270 qui
1088 2200 1394 2255 viviﬁcat'”
1422 2202 1488 2253 9°.
1530 2218 1549 2250 ι
1590 2199 1746 2266 Quod
1793 2201 1935 2254 enim
1969 2202 2034 2255 ad
2071 2201 2187 2270 ejus

613 2302 859 2347 naturam
906 2293 1132 2356 attinet,
1156 2292 1524 2362 corruptibilis
1569 2292 1786 2363 quidem
1831 2302 1912 2348 est
1941 2308 2068 2347 caro
2091 2332 2108 2359 ,
2137 2303 2189 2347 et

615 2381 761 2438 nullo
792 2384 950 2437 mudo
979 2382 1271 2438 viviﬁcabit
1304 2383 1465 2445 alios,
1501 2398 1624 2437 cum
1680 2384 2004 2441 intrinsecus
2037 2383 2188 2456 (28)

614 2475 975 2544 corruptionis
1026 2477 1212 2530 morbo
1274 2476 1502 2532 laboret.
1561 2476 1712 2543 Quod
1742 2477 1785 2533 si
1819 2492 2013 2549 corpus
2062 2495 2187 2549 pro-

621 2565 796 2631 prium
837 2580 957 2620 esse
1010 2566 1179 2633 ipsius
1236 2566 1391 2621 Verbi
1430 2568 1600 2633 dicis,
1624 2567 1755 2637 quid
1782 2576 2087 2637 portentose
2130 2586 2190 2626 ac

618 2664 822 2712 temere
856 2659 1090 2727 loqueris
1114 2702 1129 2725 ,
1171 2671 1331 2728 atque
1360 2659 1641 2715 contendis
1669 2676 1775 2715 non
1802 2676 1921 2717 esse
1968 2664 2188 2717 missum

619 2750 789 2815 ipsum
842 2766 904 2803 ex
952 2751 1060 2805 Deo
1111 2751 1270 2806 Patre
1307 2750 1578 2818 Verbum,
1612 2755 1705 2809 sed
1741 2755 1888 2809 illum
1924 2755 2188 2811 visibilem

620 2852 677 2893 ut
703 2840 771 2895 ab
799 2857 864 2896 eo
886 2843 1177 2908 diversum,
1206 2859 1298 2900 seu
1334 2859 1551 2899 carnem
1584 2845 1728 2900 illius
1759 2846 1919 2915 110
1945 2847 2191 2915 quamvis

620 2949 784 2986 unum
820 2933 1089 2988 Christum
1128 2936 1304 2997 divina
1357 2935 1633 3006 Scriptura
1669 2938 1865 3006 ubique
1915 2938 2190 3007 praedicet,

620 3036 674 3080 et
726 3028 994 3081 hominem
1043 3029 1210 3085 nostri
1263 3029 1490 3085 similem
1555 3029 1752 3084 factum
1789 3045 1911 3085 esse
1956 3030 2190 3085 Verbum

2282 560 2446 614 λοῦνο
2496 562 2591 614 καὶ
2639 562 2769 616 αὐτὸ
2816 561 2873 614 δὲ
2918 562 2980 614 τὸ
3028 561 3197 632 ὕδωρ,
3250 562 3424 614 καίτοι
3470 562 3675 631 ψυχρὸν
3717 562 3852 615 κατά

2284 652 2443 719 φύσιν
2477 651 2739 721 ὑπάρχον,
2788 652 3071 720 μεθίστησι
3106 650 3242 721 πρὸς
3284 652 3342 703 τὸ
3370 651 3521 721 παρὰ
3553 652 3734 720 φύσιν,
3761 654 3852 705 καὶ

2284 741 2484 812 θερμὸν
2511 742 2763 793 ἀποτελεῖ
2784 758 2797 771 ο
2823 741 2877 794 τί
2906 740 2967 794 τὸ
3003 740 3305 810 παράδοξον
3327 780 3341 804 ,
3384 740 3687 794 ἀπιστείτω
3722 741 3846 812 [ισ.

2292 832 2608 903 ἀπιποῖτο]
2633 833 2676 885 δ’
2708 833 2774 885 ἂν
2808 832 2949 887 κατὰ
2978 834 3101 887 τίνα
3154 832 3353 902 τρόπον
3378 833 3416 902 ὴ
3447 830 3570 902 [1σ,
3614 831 3698 903 εἰ]
3741 830 3852 901 ζωὴ

2284 926 2425 979 κατὰ
2454 925 2614 993 φύσιν
2642 924 2900 995 ὑπάρχων
2942 926 2970 977 6
3014 926 3079 978 ὲκ
3126 924 3261 978 Θεοῦ
3306 924 3518 995 Πατρὸς
3547 924 3717 992 Λόγος
3754 924 3852 991 τὴν

2285 1016 2579 1069 ὲνωθεῖσαν
2620 1014 2767 1084 αὐτῷ
2815 1014 3015 1083 σάρκα,
3072 1011 3332 1076 ζωοποιδν
3366 1011 3676 1081 ἀπέφηνεν;
3750 1010 3852 1063 ιδία

2283 1109 2389 1177 γάρ
2418 1108 2563 1158 ἐστιν
2596 1105 2761 1157 αὐτοῦ
2810 1105 2904 1158 καὶ
2955 1105 3054 1173 οὐχ
3090 1104 3276 1173 ἑτέρου
3322 1102 3466 1165 τινὸς
3518 1101 3646 1170 παρ’
3691 1100 3851 1155 αὑτὸν

2285 1199 2388 1252 ἁνᾶ
2418 1198 2580 1267 μέρος
2608 1213 2666 1249 τε
2697 1196 3014 1264 νοουμένου,
3065 1196 3159 1249 καὶ
3197 1194 3308 1250 τῶν
3346 1194 3468 1248 καθ’
3517 1195 3663 1264 ἡμᾶς
3711 1194 3848 1257 ἑνός.

2297 1289 2637 1357 ’Λποστήσας
2662 1286 2717 1340 δὲ
2751 1286 2853 1355 τῆς
2887 1286 3023 1356 πρὸς
3050 1287 3111 1340 τὸ
3143 1286 3302 1358 σῶμα
3334 1288 3602 1356 μυστικῆς
3649 1303 3709 1338 τε
3761 1285 3855 1339 καὶ

2285 1378 2517 1450 ἀληθοῦς
2547 1378 2794 1442 ἑνώσεως
2830 1378 2924 1433 τὸν
2947 1378 3211 1444 ζωοποιδν
3241 1378 3335 1432 τοῦ
3375 1376 3511 1432 Θεοῦ
3540 1379 3735 1445 Λόγον,
3764 1376 3854 1429 καὶ

2284 1471 2491 1535 διιστὰς
2527 1470 2857 1541 ὀλοτρόπως,
2908 1469 3027 1533 πῶς
3070 1470 3137 1523 ἂν
3182 1469 3315 1523 αὐτὸ
3363 1467 3731 1533 καταδείξειας
3775 1469 3855 1521 ἔτι

2288 1564 2549 1628 ζωοπυιόν
2574 1582 2587 1630 ;
2617 1564 2711 1626 Τίς
2736 1563 2791 1615 δὲ
2818 1558 2895 1633 ἦν
2916 1564 2943 1615 6
2972 1561 3167 1630 λέγων,
3211 1582 3227 1612 ι
3262 1562 3319 1615 '0
3346 1561 3574 1633 τρώγων
3616 1578 3718 1631 μου
3756 1561 3856 1630 τὴν

2288 1656 2485 1726 σάρκα,
2520 1655 2611 1709 καὶ
2644 1654 2811 1709 πίνων
2839 1671 2940 1723 μου
2974 1654 3035 1707 τὸ
3062 1648 3223 1724 αἷμα,
3262 1655 3320 1705 ὲν
3347 1652 3471 1723 ἐμοὶ
3498 1652 3668 1721 μένει,
3700 1650 3857 1718 κάγὼ

2287 1749 2345 1800 ὲν
2372 1747 2520 1816 αὐτῷ
2545 1765 2558 1812 ;
2591 1766 2607 1798 ι
2643 1750 2693 1800 εἰ
2718 1746 2816 1816 μὲν
2842 1742 2934 1800 οῦν
2960 1746 3245 1815 ἄνθρωπός
3268 1762 3352 1808 τις
3384 1745 3587 1809 ίδικῶς,
3616 1743 3711 1797 καὶ
3733 1742 3855 1811 οὐχὶ

2284 1841 2351 1911 δὴ
2406 1840 2606 1909 μᾶλλον
2657 1840 2848 1907 γέγονε
2917 1837 3039 1891 καθ’
3085 1838 3231 1907 ἡμᾶς
3281 1837 3309 1889 6
3349 1835 3445 1889 τοῦ
3481 1834 3616 1888 Θεοῦ
3659 1834 3854 1901 Λόγος,

2286 1932 2720 2005 ἀνθρωποφαγία
2754 1931 2814 1985 τὸ
2836 1931 3135 2002 δρώμενον,
3172 1930 3268 1982 καὶ
3294 1929 3551 1996 ἀνόνητος
3581 1924 3858 1987 παντελῶς

2289 2026 2321 2093 ὴ
2351 2024 2585 2093 μέθεξις.
2619 2022 2794 2076 Αὑτοῦ
2817 2021 2925 2093 γὰρ
2952 2023 3138 2076 ἀκούω
3170 2022 3421 2089 λέγοντος
3459 2019 3553 2072 τοῦ
3579 2017 3853 2089 Χριστοῦ·

2296 2136 2311 2167 ι
2338 2116 2401 2169 Ἠ
2430 2114 2566 2186 σάρξ
2589 2114 2689 2167 οὐκ
2718 2113 2919 2183 ὠφελεῖ
2952 2113 3107 2167 οὐδέν
3128 2130 3140 2143 ·
3170 2112 3232 2167 τὸ
3254 2110 3473 2182 πνεῦμά
3505 2111 3619 2163 ἐστι
3643 2110 3705 2163 τὸ
3725 2109 3860 2173 ζωο-

2291 2207 2546 2261 ποιοῦν.”›
2570 2209 2694 2260 ὅσον
2720 2207 2826 2277 γὰρ
2848 2202 2981 2277 ἧκεν
3008 2208 3085 2268 εἰς
3119 2205 3258 2260 ίδίαν
3288 2206 3473 2274 φύσιν,
3510 2202 3726 2272 φθαρτὴ
3758 2199 3861 2269 μὲν

2290 2302 2323 2370 ἡ
2352 2298 2516 2369 σάρξ’
2565 2299 2892 2369 ζωοποιήσει
2929 2299 2985 2352 δὲ
3015 2300 3135 2351 κατ’
3165 2298 3357 2351 οὐδένα
3386 2296 3583 2364 τρόπον
3616 2294 3859 2363 ἐτέρους,

2290 2387 2501 2441 οἴκοθεν
2539 2388 2680 2459 αὑτὴ
2715 2386 2944 2443 νοσοῦσα
2981 2388 3079 2459 τὴν
3115 2387 3340 2458 φθοράν.
3375 2386 3437 2439 Εἰ
3476 2385 3532 2439 δὲ
3572 2384 3739 2438 αὑτοῦ
3767 2384 3861 2436 τοῦ

2290 2479 2463 2547 Λόγου
2496 2479 2557 2533 τὸ
2604 2478 2763 2549 σῶμα
2815 2480 2947 2533 ἴδιον
2998 2474 3135 2533 εἶναι
3185 2477 3313 2548 φὴς,
3359 2476 3411 2530 τί
3460 2476 3723 2548 τερατεύῃ
3768 2476 3864 2527 καὶ

2292 2573 2681 2641 εἰκαιομυθεῖς,
2736 2572 2836 2624 οὐκ
2891 2571 3054 2623 αὐτὸν
3106 2569 3443 2624 ἀπεστάλθαι
3488 2568 3578 2621 τὸν
3619 2569 3684 2621 ὲκ
3725 2566 3863 2619 Θεοῦ

2292 2662 2501 2731 Πατρὸς
2543 2659 2713 2730 Λόγον
2765 2662 3186 2732 διατεινόμενον,
3239 2659 3353 2716 ἀλλ’
3402 2660 3475 2723 ὡς
3523 2658 3708 2728 ἔτερόν
3741 2675 3864 2709 τινα

2294 2754 2420 2822 παρ’
2446 2752 2631 2818 αὑτὸν,
2667 2752 2759 2805 τὸν
2788 2751 3082 2824 ὁρώμενον,
3130 2752 3248 2822 ἦτοι
3292 2752 3391 2821 τὴν
3435 2751 3617 2819 σάρκα
3654 2748 3819 2801 αὑτοῦ
3849 2763 3861 2775 ·

2293 2845 2468 2897 καίτοι
2509 2844 2744 2915 Χριστὸν
2790 2844 2885 2897 ἕνα
2938 2848 3035 2915 τῆς
3073 2844 3432 2897 θεοπνεύστου
3485 2843 3706 2913 Γραφῆς
3748 2841 3867 2894 δια-

2295 2936 2504 3005 ϐοώσης
2534 2936 2831 3006 πανταχοῦ,
2868 2938 2961 2990 καὶ
2987 2938 3271 3007 ἄνθρωπον
3292 2935 3413 2989 καθ’
3436 2938 3580 3005 ἡμᾶς
3612 2935 3867 3002 γενέσθαι

2293 3027 2384 3079 τὸν
2415 3027 2606 3095 Λόγον,
2635 3023 2695 3080 εὖ
2737 3027 2882 3095 μάλα
2913 3028 3420 3098 διαϐεϐαιουμὲνης,
3458 3027 3670 3097 καὶτῆς
3699 3025 3867 3096 ὀρθῆς

623 3132 839 3185 prorsus
865 3117 1094 3174 aﬂirmct
1117 3157 1132 3182 ,
1162 3132 1225 3173 ac
1270 3129 1427 3174 rectm
1470 3120 1588 3173 ﬁdei
1634 3122 1851 3175 traditio
1877 3122 1959 3175 his
1984 3122 2183 3177 ﬁnibus

2295 3119 2533 3181 πίστεως
2557 3118 2655 3188 τὴν
2684 3120 2981 3187 παράδοσιν
3004 3119 3334 3189 ὁριζομένης
3357 3121 3415 3171 ὲν
3447 3119 3690 3181 τούτοις;
3727 3116 3868 3170 ’Λλλ“

619 3209 960 3267 contineatur
989 3208 1011 3261 ?
1046 3209 1149 3263 Sed
1183 3210 1346 3263 nimia
1370 3211 1654 3265 admodum
1692 3211 1953 3281 religione
1981 3227 2195 3281 permo-

622 3312 707 3355 tus
759 3300 1057 3364 erubescit,
1106 3312 1165 3354 ut
1211 3301 1503 3356 verisimile
1554 3312 1660 3366 est,
1690 3303 1754 3357 de
1808 3306 2194 3359 exinanitionis

621 3404 903 3457 mensura,
938 3404 992 3447 et
1023 3392 1130 3446 Deo
1178 3402 1232 3447 et
1283 3390 1428 3447 Patri
1480 3402 1805 3449 coaeteruum
1870 3393 2100 3460 Filium,
2140 3395 2193 3448 iu

620 3482 808 3536 eadem
831 3497 951 3536 cum
975 3482 1231 3538 Genitore
1252 3482 1419 3543 forma
1445 3494 1501 3538 et
1531 3487 1771 3540 omnium
1805 3502 1984 3541 rerum
2014 3504 2194 3557 arqua-

620 3574 800 3641 litate,
830 3575 1121 3629 demissum
1159 3576 1225 3629 ad
1255 3574 1611 3630 humilitatem
1652 3577 1833 3632 videre
1878 3595 1980 3632 non
2035 3582 2194 3634 susti-

622 3674 746 3730 net;
784 3675 1000 3718 accusat
1047 3673 1226 3718 autem
1280 3664 1772 3734 dispensationem,
1847 3678 1900 3723 et
1956 3670 2194 3724 divinum

623 3754 851 3809 fortasse
914 3754 1230 3815 consilium,
1261 3764 1422 3823 atque
1475 3757 1855 3823 cogitationem
1907 3759 2195 3828 reprehen-

621 3857 773 3897 srone
804 3857 993 3897 vacare
1029 3858 1131 3896 non
1165 3844 1386 3911 patitur.
1436 3845 1666 3901 Simulat
1704 3848 1844 3903 enim
1874 3851 1979 3905 vim
2008 3853 2195 3906 verbo-

620 3950 739 3988 rqu
805 3934 1003 3991 Christi
1066 3950 1123 3989 se
1184 3938 1505 4005 exquirere,
1561 3956 1625 3993 ac
1681 3941 1840 3994 veluti
1914 3943 2193 3997 ruminans

594 4024 1039 4091 profunditatem
1093 4029 1523 4094 sententiarum,
1563 4030 1757 4086 deinde
1802 4033 1944 4101 quod
1986 4049 2014 4087 a
2043 4035 2196 4091 nobis

622 4118 818 4174 dicitur-
857 4133 922 4173 eo
951 4119 1251 4187 perducens
1276 4160 1291 4186 ,
1323 4120 1465 4177 sicut
1505 4122 1618 4189 ipse
1669 4132 1853 4192 putat,
1888 4134 1946 4178 ut
1968 4126 2196 4183 absurde

622 4217 675 4259 et
734 4209 980 4277 imperite
1016 4211 1220 4265 dictum
1253 4212 1517 4268 videatur.
1556 4232 1575 4266 ι
1618 4213 1942 4283 Videamus,
1990 4217 2190 4287 inquit,

624 4299 869 4367 quisnam
904 4311 1099 4367 praeter
1152 4305 1473 4358 sententiam
1515 4304 1942 4376 interpretetur:
1986 4326 2004 4359 ι
2045 4308 2195 4364 Sicut

633 4410 648 4440 ι
680 4392 823 4445 misit
850 4407 933 4445 me
966 4394 1151 4448 vivens
1186 4393 1377 4459 Pater;
1414 4415 1432 4448 ο
1468 4411 1594 4449 nam
1619 4398 1867 4454 similiter
1897 4407 2057 4469 atque
2085 4401 2193 4466 illc,

2296 3214 2360 3265 ὲκ
2394 3211 2594 3282 πολλῆς
2619 3212 2759 3281 ἄγαν
2792 3213 3077 3276 εὐλαϐείας
3104 3212 3427 3282 ὲπερυθριᾷ,
3448 3210 3589 3264 κατὰ
3615 3211 3675 3264 τὸ
3699 3210 3869 3273 εἰκὸς,

2296 3306 2407 3366 τοῖς
2435 3304 2535 3372 τῆς
2563 3306 2846 3367 κενώσεως
2878 3306 3119 3375 μέτροις.
3154 3305 3245 3357 καὶ
3270 3304 3369 3357 οὐκ
3404 3304 3654 3373 ἀνέχεται
3677 3303 3766 3356 τὸν
3792 3304 3873 3373 τῷ

2297 3395 2415 3465 Θεῷ
2449 3397 2543 3449 καὶ
2582 3396 2758 3467 Πατρὶ
2807 3397 3077 3451 συναῖδιον
3115 3398 3265 3462 Υίὸν,
3313 3397 3403 3450 τὸν
3451 3398 3507 3450 ἐν
3550 3400 3730 3469 μορφῇ
3775 3398 3873 3452 καὶ

2300 3486 2503 3556 ἰσότητι
2542 3490 2607 3558 τῇ
2651 3488 2793 3541 κατὰ
2832 3491 2940 3543 πᾶν
2986 3489 3166 3545 ὁτιοῦν
3200 3489 3277 3559 τῷ
3329 3492 3705 3561 γεγεννηκότι,
3737 3493 3873 3545 καθ-

2299 3579 2522 3648 ιγμένον
2548 3580 2684 3633 ἰδεῖν
2708 3583 2788 3643 εἰς
2816 3584 3143 3635 ταπείνωσιν
3169 3596 3179 3607 ·
3224 3582 3492 3650 γράφεται
3516 3584 3571 3636 δὲ
3597 3585 3695 3654 τὴν
3728 3586 3874 3637 οἰκο-

2298 3668 2511 3738 νομίαν,
2560 3671 2650 3721 καὶ
2697 3669 2796 3739 τὴν
2844 3670 2994 3723 θείαν
3057 3671 3196 3739 τάχα
3246 3688 3347 3722 που
3409 3670 3604 3741 βουλήν
3655 3688 3713 3724 τε
3777 3677 3872 3725 καὶ

2301 3760 2501 3831 σκῆψιν
2528 3760 2639 3832 (9.9)
2667 3762 3054 3816 ἀκαταιτίατον
3074 3763 3173 3816 οὐκ
3199 3765 3283 3834 ὲᾷ.
3304 3764 3610 3832 Σκήπτεται
3637 3764 3734 3831 μὲν
3760 3764 3874 3834 γάρ

2300 3853 2771 3933 πολυπραγμονεῖν
2802 3853 2913 3907 τῶν
2958 3854 3266 3925 εἰρημένων
3308 3854 3457 3925 παρὰ
3498 3855 3732 3923 Χριστοῦ
3772 3855 3874 3926 τὴν

2297 3942 2541 4013 δύναμιν,
2592 3945 2685 3997 καὶ
2729 3939 2841 3998 οἷον
2880 3946 3349 4016 ἀναμασσώμενος
3392 3947 3454 3998 τὸ
3500 3946 3611 3999 τῶν
3651 3946 3872 3999 ἐννοιῶν

2300 4034 2494 4103 βάθος·
2534 4029 2653 4088 εἶτα
2699 4036 3007 4106 περιιστὰς,
3046 4036 3121 4101 ὡς
3161 4038 3351 4101 οἴεται,
3400 4036 3490 4090 τὸν
3544 4040 3673 4106 παρ’
3716 4037 3873 4107 ἡμῶν

2298 4126 2473 4194 λόγον,
2520 4129 2600 4190 είς
2646 4128 2705 4181 τὸ
2751 4128 2996 4192 ἐκτόπως
3041 4146 3099 4182 τε
3128 4130 3221 4183 καὶ
3267 4128 3872 4200 ἁμαθῶςηπεποιῆσθαι

2298 4220 2795 4289 δοκεῖν.ι’Ὶὸωμεν,
2824 4222 2978 4290 φησὶ,
3009 4222 3089 4283 τίς
3121 4222 3149 4272 6
3174 4221 3652 4291 παρερμηνεύων·ι
3672 4220 3871 4283 Καθὼς

2305 4331 2320 4363 ι
2358 4310 2645 4365 ἀπέστειλὲ
2676 4327 2741 4381 με
2775 4313 2801 4364 6
2833 4312 2941 4376 ζῶν
2975 4312 3162 4382 Πατήρ
3186 4328 3233 4363 ο)
3273 4313 3392 4365 κατ’
3426 4312 3682 4377 ὲκεῖνον,‹
3718 4309 3876 4379 κάγὼ

2305 4420 2320 4452 ι
2358 4401 2454 4467 ζῶ,
2485 4420 2502 4453 ι
2526 4401 2553 4452 6
2580 4402 2708 4465 Θεὸς
2741 4400 2971 4469 Λόγος,ε
2988 4400 3074 4453 διὰ
3090 4400 3183 4452 τὸν
3206 4401 3446 4469 Πατέρα’
3467 4402 3559 4454 καὶ
3592 4401 3621 4453 6
3643 4399 3874 4471 τρώγων

632 4500 647 4528 ι
680 4483 931 4547 ρει).νὶνο
970 4500 986 4533 ι
1042 4483 1182 4538 Deus
1228 4482 1459 4540 Verbum
1505 4505 1523 4537 ι
1562 4494 1785 4557 prepter
1825 4488 2084 4546 Patrem:
2143 4503 2189 4547 et

2312 4510 2327 4542 ι
2358 4509 2445 4561 με,
2473 4490 2723 4555 κάκεῖνος
2748 4491 3027 4560 ζήσεται.)
3056 4489 3189 4544 Τίνα
3216 4490 3485 4561 ἐσθίομεν,
3503 4490 3600 4562 τὴν
3618 4490 3870 4560 θεότητα,

634 4592 648 4622 ι
682 4572 1079 4641 quimandueat
1118 4590 1221 4639 me,
1255 4586 1310 4631 et
1334 4577 1423 4631 illo
1446 4579 1620 4647 vivet;
1664 4599 1681 4631 ι
1715 4596 1873 4650 quem
1902 4585 2192 4645 inanduca~

630 4679 768 4727 mus,
792 4663 1249 4730 divinitatem,.an.
1262 4670 1522 4724 carnem?
1545 4688 1562 4721 ι
1600 4669 1735 4725 Nunt
1767 4673 1979 4727 tandem
2004 4677 2191 4740 sentis,

630 4755 918 4820 quoanen's
942 4765 1029 4811 tua
1055 4757 1129 4810 sit
1168 4759 1285 4812 loco
1322 4760 1345 4813 ?
1372 4776 1495 4814 nam
1526 4775 1583 4816 se
1607 4763 1826 4819 missum
1860 4780 1981 4819 esse
2013 4766 2195 4822 dicens

632 4846 805 4911 ipsum
836 4844 927 4900 Dei
967 4846 1221 4914 Verbum,
1256 4849 1384 4905 «Et.
1407 4853 1499 4920 qui
1524 4854 1815 4920 mandueat
1865 4873 1969 4924 nio,
1998 4858 2191 4928 inquit,

630 4947 682 4987 et
724 4935 813 4991 ille
844 4937 1003 4992 vivet.
1061 4956 1077 4988 ι
1111 4937 1495 4998 Manducantus
1535 4953 1713 5002 autem
1759 4962 1890 5013 nos,
1920 4963 2023 5003 non
2060 4950 2197 5017 quod

705 5089 751 5121 "
792 5091 836 5121 '°
876 5090 1029 5147 Joan.
1064 5109 1138 5159 vt,
1175 5094 1261 5147 (il.

2304 4581 2451 4651 ἢτὴν
2484 4582 2693 4653 σάρκα;
2727 4602 2745 4635 ι
2784 4577 2909 4653 'Ap'
2944 4578 3036 4637 οῦν
3062 4581 3293 4652 αἰσθάνῃ
3316 4582 3499 4638 λοιπὸν
3515 4584 3639 4636 ὅποι
3670 4600 3797 4636 ποτε
3822 4578 3879 4635 εἴ

2304 4673 2515 4742 φρενῶν
2544 4692 2556 4740 ;
2604 4674 2945 4727 ἀπεστάλθαι
2982 4674 3090 4744 γὰρ
3135 4674 3306 4741 λέγων
3346 4674 3535 4727 ἑαυτὸν
3560 4674 3587 4726 6
3617 4673 3707 4725 τοῦ
3734 4674 3868 4726 Θεοῦ

2303 4765 2499 4832 Λόγος,
2536 4784 2555 4816 ι
2578 4766 2687 4818 Καὶ
2713 4769 2741 4818 6
2765 4765 2991 4835 τρώγων
3020 4782 3107 4834 με,
3127 4766 3282 4832 φησι,
3312 4764 3557 4827 κάκεῖνος
3587 4764 3827 4834 ζήσεται.
3848 4785 3864 4815 ι

2317 4856 2599 4927 Ἐσοίομεν
2648 4859 2704 4910 δὲ
2743 4860 2923 4928 ἡμεῖς,
2975 4858 3037 4909 οὺ
3088 4856 3186 4926 τὴν
3224 4855 3452 4926 θεότητα
3501 4853 3869 4918 δαπανῶντες,

2314 4951 2489 5020 ἄπαγε
2543 4952 2636 5019 τῆς
2689 4948 3026 5014 δυσϐουλίας,
3063 4948 3194 5001 ἀλλὰ
3229 4948 3326 5018 τὴν
3373 4947 3503 4999 ἱδέαν
3556 4946 3647 4999 τοῦ
3695 4944 3869 5012 Λόγου

1886 5229 2043 5285 ANT.
2088 5230 2354 5285 AGELLH
2397 5232 2621 5287 ΝΟΤΑΞ.

711 5390 825 5460 (9.8)
879 5390 1206 5468 lutiiufecus
1276 5396 1457 5462 putavi
1501 5397 1822 5468 _cou_u_uode_
1857 5396 1992 5448 verti
2068 5409 2189 5461 quot

2310 5394 2473 5468 αὑτοῦ
2500 5398 2559 5448 τὸ
2590 5399 2826 5467 ἐνεργεῖν
2852 5397 3138 5468 δύνασθαι,
3170 5399 3475 5452 intrinsecus
3499 5409 3546 5451 el
3574 5415 3644 5451 ea:
3674 5414 3729 5453 sc
3760 5399 3879 5468 ipso

639 5461 827 5513 (lia-cc
879 5471 982 5524 cst,
1023 5461 1254 5526 οἴκοθεν,
1281 5461 1401 5529 ιιιιο
1442 5463 1695 5516 adverbio
1750 5464 1918 5515 utitur
1961 5479 2209 5515 nonnun-

642 5540 1024 5600 quanrauetor
1050 5532 1103 5600 i_n
1152 5532 1251 5584 hac
1298 5534 1707 5600 signiﬁcatione,
1738 5545 1797 5585 ut
1832 5533 1925 5585 lib.
1964 5546 2038 5595 tv,
2088 5547 2207 5599 pag.

644 5600 752 5671 98}
776 5598 985 5671 οἴκοθεν
1016 5597 1108 5654 οῦν
1146 5602 1253 5671 ἄρα
1286 5597 1379 5653 καῖ
1425 5603 1549 5671 παρ’
1585 5602 1748 5671 αυτοῦ
1789 5604 1844 5654 τὸ
1878 5597 2209 5670 πνεῦιιαάὑ-

648 5669 764 5728 τοῦ,
790 5670 1099 5740 intrinsecus
1132 5669 1279 5723 etab
1325 5674 1434 5737 ipso
1470 5669 1543 5724 est
1598 5670 1821 5740 Spiritus
1858 5673 1995 5738 (jus;
2018 5669 2077 5725 et
2104 5673 2205 5725 θυι

2312 5466 2463 5517 habet
2507 5477 2559 5518 ut
2597 5466 2801 5530 operari
2833 5479 2879 5519 et
2911 5467 3118 5534 efficere
3142 5468 3320 5533 possit.

2383 5534 2495 5603 (29)
2523 5536 2681 5589 Forte
2712 5536 2921 5604 σκέψιν,
2976 5538 3337 5603 wgitulionem
3378 5548 3527 5604 atque
3575 5540 3871 5593 considera-

2313 5607 2521 5678 tionem,
2554 5616 2610 5678 ut
2642 5606 2776 5678 libro
2803 5610 3047 5678 sequenti
3077 5622 3196 5678 pag.
3215 5605 3344 5678 Διίὶθ,
3373 5607 3638 5678 ἐπειδὴδὲ
3664 5611 3874 5677 χρηστὰ

2318 5676 2441 5741 περὶ
2466 5673 2619 5743 ἡμῶν
2651 5676 2678 5727 6
2707 5675 3041 5745 Δημιουργὺς
3072 5675 3352 5742 ἐσκέψατο,
3378 5673 3871 5745 postquum'dc'na-

648 5740 747 5792 οὐκ
791 5738 1197 5809 εἰσκ;κριμένον
1246 5741 1461 5806 ἔξωθεν,
1498 5743 1609 5795 ἀλλ’
1639 5738 1848 5795 οἴκοθεν
1884 5744 1993 5811 ἔχει
2035 5742 2124 5793 καί
2154 5743 2189 5792 ἑί

2315 5738 2397 5797 ωε
2424 5738 3026 5800 ἐίιέιὀιιάὶιοὶ”ιιιείίο’ῑα
3053 5738 3294 5813 cogitavit
