4078 6348
187 395 289 449 195

1217 392 1582 451 ADVERSUS
1622 392 2027 452 NESTORIUM
2070 392 2198 450 LIB.
2233 398 2324 453 ιν.

3342 400 3443 455 194

187 514 367 585 σάρκα
408 509 1126 588 ζωοποιδνγεγενημένην,
1188 517 1268 570 ὅτι
1329 519 1551 587 γέγονεν
1604 519 1759 573 αὐτοῦ

1876 520 2044 589 ipsam
2081 521 2414 575 divinitatem
2447 534 2827 577 consumamus
2857 524 2873 591 (
2909 536 3074 591 apage
3108 523 3173 576 ab
3203 522 3302 577 ista
3339 524 3438 577 itu-

185 608 509 670 ζῶντος·διὰ
528 608 617 659 τὸν
649 609 868 678 Πατέρα
893 625 906 638 ·
939 610 1034 663 καὶ
1061 610 1158 680 οὐχ
1189 612 1271 664 ὅτι
1302 610 1426 682 [Ion
1456 615 1549 665 καὶ
1581 612 1765 682 οῦτοι]

186 695 291 748 πού
323 714 505 766 φαμεν
530 696 671 751 κατὰ
700 698 919 767 μέθεξιν
960 700 1059 771 τήν
1098 700 1316 767 ἔξωθεν,
1359 704 1450 755 καὶ
1494 705 1767 775 είσκεκρι-

190 786 371 853 μένως
413 788 803 850 ζωοποιείσθαι
854 789 946 843 τὸν
986 790 1160 859 Λόγον
1205 795 1356 863 παρὰ
1392 796 1487 847 τοῦ
1534 796 1763 865 Πατρὸς,

187 877 335 948 ζωὴν
367 877 424 930 δὲ
472 880 675 944 μᾶλλον
713 879 853 934 κατά
894 880 1055 951 φύσιν
1097 877 1237 936 εἶναι
1272 883 1761 955 διαϐεϐαιούμεθα·

187 970 513 1039 γεγέννηται
533 972 640 1042 γὰρ
670 972 747 1036 ὠς
781 973 843 1025 ἐκ
873 972 1017 1044 ζωῆς
1036 973 1131 1027 τοῦ
1155 976 1383 1047 Πατρός.
1414 978 1622 1049 Ὂνπερ
1660 979 1775 1050 γὰρ

184 1060 391 1130 τρόπον
418 1061 480 1112 τὸ
516 1061 610 1114 τοῦ
651 1060 805 1132 ήλίου
861 1064 1213 1135 πεμπόμενον
1255 1066 1433 1131 σέλας,
1477 1070 1526 1120 εί
1557 1068 1767 1139 λέγοιτο

190 1151 353 1222 τυχὸν
380 1150 631 1225 λαμπρὸν
658 1149 795 1208 εἶναι
822 1155 912 1208 διὰ
945 1156 1037 1210 τόν
1076 1159 1422 1228 πεπομφότα,
1455 1162 1640 1231 ἤγουν,
1676 1162 1764 1217 τὸν

185 1242 249 1307 ἐξ
286 1237 347 1297 οὐ
379 1245 664 1314 πάρεστιν,
693 1247 755 1298 οὐ
794 1248 935 1301 κατά
969 1248 1187 1319 μέθεξιν
1220 1250 1335 1320 ἔχει
1365 1251 1427 1305 τὸ
1451 1249 1592 1307 εῖναι
1624 1252 1763 1325 λαμ-

186 1333 345 1405 πρὸν,
380 1335 496 1398 ἀλλ’
531 1332 643 1389 οἷον
670 1339 733 1390 ἐκ
762 1340 999 1409 φυσικῆς
1025 1340 1325 1411 εὐγενείας,
1353 1344 1412 1397 τὸ
1432 1344 1527 1399 τοῦ
1560 1364 1766 1418 πεπομ-

185 1426 369 1494 φότος,
430 1428 595 1498 ἧγουν
640 1430 1100 1502 ἀπαπράψαντος
1142 1433 1521 1507 πλεονέκτημα
1572 1441 1759 1509 φορεῖ’

184 1518 327 1571 κατὰ
351 1518 444 1571 τόν
475 1520 606 1583 ἴσον,
634 1514 811 1590 οἶμαι,
843 1522 1019 1594 τούτῳ
1042 1524 1243 1595 τρόπον
1268 1542 1327 1578 τε
1352 1528 1447 1580 καὶ
1462 1527 1640 1597 λόγον,
1661 1528 1763 1583 κᾶν

183 1611 231 1663 εἰ
259 1608 405 1679 λέγοι
437 1612 535 1682 ζῇν
566 1613 760 1666 ἐαυτὸν
783 1615 813 1667 6
841 1616 965 1680 Υἱὸς
988 1615 1084 1670 διὰ
1097 1618 1187 1672 τὸν
1208 1619 1451 1691 Πατέρα,
1481 1623 1763 1695 μαρτυρή-

183 1718 326 1757 σειεν
357 1704 423 1758 ἂν
448 1706 624 1777 ἐαυτῷ
650 1708 748 1780 τὴν
779 1708 841 1760 ἐκ
872 1708 1083 1777 Πατρὸς
1112 1711 1413 1779 εὐγένειαν,
1448 1714 1541 1766 καὶ
1570 1716 1629 1767 οὐ
1652 1715 1762 1778 τοῖς

178 1795 363 1860 ἄλλοις
417 1798 712 1869 κτίσμασιν
769 1799 991 1870 ἀναμὶξ,
1046 1803 1291 1873 ἐπακτήν
1330 1821 1390 1858 τε
1437 1806 1530 1860 καὶ
1565 1805 1761 1873 ἔξωθεν

178 1887 326 1958 ἔχειν
355 1889 680 1962 ὁμολογήσει
708 1891 809 1962 τὴν
844 1892 1010 1964 ζωήν.
1049 1893 1255 1966 Ὥσπερ
1287 1896 1343 1950 δέ
1386 1898 1445 1951 τὸ
1472 1896 1635 1953 αὐτοῦ
1664 1900 1757 1953 τοῦ

177 1980 358 2047 Λόγου
410 1981 569 2052 σῶμα
613 1984 876 2047 ζωοποιόν
927 1988 1091 2049 ἐστιν,
1140 1987 1271 2039 ἴδιον
1317 1990 1481 2043 αὐτοῦ
1528 2007 1760 2063 ποιησα-

181 2070 347 2137 μένου
380 2072 499 2126 καθ’
523 2075 715 2129 ἕνωσιν
743 2074 921 2147 ἀληθῆ
947 2077 1046 2147 τὴν
1076 2077 1215 2150 ὑπὲρ
1238 2078 1361 2134 νοῦν
1385 2098 1444 2135 τε
1470 2083 1562 2136 καὶ
1585 2082 1756 2154 λόγον·

175 2160 323 2214 οῦτω
374 2165 467 2216 καὶ
513 2167 671 2235 ἡμεῖς
703 2168 754 2219 οἱ
793 2168 855 2220 ἐν
900 2167 1117 2237 μεθέξει
1147 2173 1441 2243 γενοίμεθα
1474 2176 1572 2244 τῆς
1600 2176 1760 2245 ἁγίας

180 2255 407 2323 σαρκὸς,
452 2255 548 2309 καὶ
579 2257 814 2326 αἵματος
846 2259 1039 2325 αὐτοῦ,
1088 2263 1265 2336 πάντῃ
1309 2282 1367 2317 τε
1404 2268 1499 2319 καὶ
1547 2267 1762 2331 πάντως

176 2345 613 2418 ζωοποιούμεθα,
646 2352 900 2421 μένοντος
941 2353 998 2405 ἐν
1042 2352 1175 2424 ἡμῖν
1222 2356 1315 2408 τοῦ
1356 2357 1529 2425 Λόγου
1567 2359 1763 2423 θεῖκῶς

181 2437 304 2506 μὲν,
346 2439 435 2493 διὰ
467 2442 561 2494 τοῦ
588 2444 744 2512 ἁγίου
786 2444 1123 2517 Πνεύματος,
1172 2448 1529 2517 ἀνθρωπίνως
1568 2450 1625 2505 δὲ
1672 2448 1760 2517 αὖ,

177 2528 269 2581 διὰ
295 2530 395 2599 τῆς
420 2532 583 2598 ἁγίας
608 2534 813 2604 σαρκός
842 2538 937 2589 καὶ
973 2538 1064 2590 τοῦ
1095 2538 1274 2608 τιμίου
1318 2542 1570 2610 αἵματος.
1616 2545 1760 2597 Ἐπι-

178 2622 469 2689 ψηφιεῖται
494 2624 551 2677 δέ
588 2620 668 2688 οἷς
694 2624 831 2697 ἔφην
858 2624 920 2679 τὸ
947 2628 1145 2700 ἀληθὲς
1163 2630 1192 2682 6
1217 2630 1506 2699 ἱερώτατος
1532 2633 1761 2700 Παῦλος,

180 2712 281 2765 ὡδὶ
330 2715 623 2785 γεγραφὼς
672 2720 784 2781 τοῖς
824 2718 882 2771 ἐν
933 2718 1186 2791 Κορίνθῳ
1233 2726 1654 2779 πεπιστευκόσιν
1687 2730 1765 2791 είς

180 2804 275 2856 τὸν
309 2806 514 2876 Κύριον
548 2807 705 2879 ἡμῶν
764 2806 973 2880 Ἰησοῦν
1012 2810 1103 2864 τὸν
1132 2813 1367 2884 Χριστόν
1392 2831 1403 2843 ·
1439 2835 1458 2867 ι
1499 2817 1585 2881 Ὠς
1632 2837 1764 2890 φρο-

181 2894 361 2965 νίμοις
391 2898 557 2966 λέγω,
588 2901 812 2971 κρίνατε
841 2896 999 2974 ὑμεῖς
1025 2904 1052 2957 ὅ
1079 2922 1254 2976 φημι·
1282 2906 1343 2959 τὸ
1378 2910 1636 2979 ποτήριον
1668 2912 1765 2983 τῆς

182 2987 438 3055 εὐλογίας
466 2989 493 3041 ὃ
518 2990 873 3062 εὐλογοῦμεν,
906 2995 1029 3065 οὐχὶ
1059 2998 1315 3050 κοινωνία
1343 3000 1456 3053 ἐστὶ
1480 3001 1572 3054 τοῦ
1603 3003 1767 3073 αἵμα-

180 3092 275 3138 τος
298 3076 393 3129 τοῦ
422 3077 693 3149 Χριστοῦ;
728 3083 819 3136 τὸν
848 3084 1012 3155 ἄρτον
1038 3085 1096 3139 ὃν
1122 3086 1358 3157 κλῶμεν,
1379 3088 1499 3159 οὐχὶ
1517 3096 1767 3147 κοινωνία

1872 612 2154 682 pietate),
2188 614 2281 667 sed
2330 612 2472 666 illam
2520 613 2797 682 propriam
2849 614 3007 667 Verbi
3053 629 3271 669 cantem
3330 615 3442 683 jam

1872 703 2136 756 viviﬁcam
2175 702 2419 757 effectam
2447 746 2460 766 ,
2490 705 2614 772 quia
2648 704 2762 772 ejus
2792 706 2927 758 facta
2959 714 3059 769 est,
3095 706 3181 773 qui
3227 716 3443 773 prepter

1872 793 2082 847 Patrem
2142 796 2270 847 vivit
2316 806 2419 849 :et
2474 804 2621 849 certe
2676 812 2778 849 non
2849 798 3076 851 dit-imus
3137 799 3441 851 extrinseca

1872 886 2275 952 participatione
2308 898 2364 940 et
2398 886 2687 939 adventitia
2727 888 2986 942 viviﬁcari
3017 888 3249 942 Verbum
3285 902 3312 941 a
3338 888 3441 939 Pa-

1870 983 1973 1037 tre,
1997 976 2089 1027 sed
2126 975 2287 1027 vitam
2330 976 2505 1042 potius
2536 991 2629 1042 per
2657 987 2901 1031 naturam
2930 991 3050 1032 esse
3074 977 3400 1031 allii-mannis
3431 998 3442 1040 -,

1868 1065 2078 1133 genitus
2121 1075 2201 1120 est
2256 1068 2399 1120 enim
2445 1069 2510 1121 tle
2559 1068 2717 1123 Patre
2774 1075 3033 1137 tanquam
3073 1067 3141 1122 de
3187 1070 3314 1121 vita.
3378 1065 3446 1123 Ut

1869 1158 2009 1209 enim
2045 1156 2219 1226 fulgor
2250 1173 2278 1210 a
2314 1157 2424 1212 sole
2460 1158 2689 1221 missus,
2733 1159 2775 1213 si
2799 1159 2942 1213 forte
2972 1158 3285 1226 splendidus
3326 1172 3446 1212 esse

1868 1249 2078 1302 dicatur
2107 1260 2326 1318 propter
2359 1249 2681 1313 mittentem,
2708 1250 2791 1304 vel
2832 1259 3054 1319 prepter
3084 1264 3206 1303 eum
3241 1261 3304 1303 ex
3336 1263 3444 1317 quo

1868 1340 2144 1405 provenit,
2178 1353 2281 1393 non
2314 1353 2377 1393 ex
2407 1340 2816 1407 participatione
2866 1340 3025 1393 habet
3054 1349 3109 1393 ut
3134 1338 3439 1405 splendeat,

1867 1433 1959 1486 sed
1985 1433 2377 1501 quodammodo
2410 1447 2472 1484 ex
2503 1432 2731 1485 naturali
2775 1432 3054 1485 nobilitate
3105 1431 3252 1485 illam
3280 1430 3443 1483 emit-

1869 1525 2028 1579 tcntis
2072 1539 2166 1579 seu
2202 1523 2523 1592 fulgurantis
2566 1523 2937 1579 excellentiam
2972 1524 3179 1587 defert;
3220 1522 3445 1584 eodem,

1866 1618 2077 1685 opinor,
2110 1616 2292 1680 modo,
2326 1614 2626 1685 eademque
2672 1616 2879 1670 ratione
2919 1616 3131 1670 etiamsi
3178 1615 3359 1668 vivere
3387 1628 3447 1667 se

1868 1710 2011 1763 dicat
2064 1708 2232 1763 Filius
2273 1719 2493 1778 propter
2545 1707 2798 1771 Patrem,
2836 1707 2935 1761 sibi
2972 1707 3115 1760 illam
3164 1721 3229 1760 ex
3283 1705 3445 1759 Patre

1868 1800 2197 1854 nobilitatem
2232 1814 2328 1852 suo
2358 1800 2664 1853 testinmuio
2690 1799 2925 1852 vindicat
2951 1840 2964 1861 ,
2988 1812 3090 1851 non
3126 1798 3283 1866 vulgo
3310 1796 3443 1849 alia-

1866 1908 1987 1945 rum
2020 1902 2391 1945 creaturarum
2434 1892 2696 1946 admistus
2735 1890 2997 1944 invectam
3028 1900 3080 1943 et
3105 1892 3442 1943 extrinsecus

1864 1993 2069 2053 partam
2093 1982 2291 2036 habere
2314 1996 2371 2035 se
2395 1982 2555 2034 vitam
2581 1982 2794 2035 fatetur.
2824 1980 3285 2047 Quemadmodum
3310 1994 3437 2032 vero

1864 2073 2131 2129 viviﬁcum
2161 2084 2241 2128 est
2262 2073 2387 2127 illud
2419 2073 2583 2141 ipsius
2608 2073 2762 2128 Verbi
2782 2087 2997 2140 corpus,
3023 2072 3165 2140 quod
3185 2071 3283 2125 sibi
3310 2084 3440 2139 pro-

1864 2168 2039 2236 prium
2071 2165 2199 2220 fecit
2234 2181 2329 2235 per
2370 2176 2549 2219 veram
2590 2164 2838 2218 unionem
2863 2178 3013 2230 ,quae
3035 2172 3088 2215 et
3130 2162 3434 2229 intelligen-

1866 2258 1993 2311 tiam
2012 2268 2063 2311 et
2090 2270 2392 2313 sermonem
2419 2264 2636 2323 superat
2656 2295 2671 2319 ,
2704 2254 2783 2308 sic
2801 2269 2898 2308 nos
2922 2260 3136 2323 quoque
3171 2253 3261 2322 qui
3292 2252 3434 2307 illius

1866 2358 2063 2403 sancta:
2104 2349 2285 2403 carnis
2322 2358 2377 2402 et
2412 2346 2688 2415 sanguinis
2717 2346 2834 2415 ejus
2868 2345 3276 2413 participatione
3312 2341 3443 2396 frui-

1867 2458 2008 2503 tnur,
2041 2443 2260 2495 omnino
2286 2440 2644 2502 viviﬁcautur,
2667 2452 2789 2492 cum
2815 2438 2866 2491 in
2895 2436 3048 2491 nobis
3072 2448 3286 2490 maneat
3310 2433 3440 2489 Ver-

1866 2534 1992 2589 bum
2017 2549 2118 2587 non
2143 2533 2315 2587 solum
2345 2530 2527 2584 divino
2556 2530 2716 2582 modo
2748 2542 2843 2596 per
2865 2538 3114 2583 sanctum
3158 2527 3440 2595 Spiritum,

1871 2627 2025 2695 ιιι
2051 2638 2235 2677 verum
2272 2623 2434 2677 etiam
2469 2623 2722 2686 humano,
2756 2636 2851 2689 per
2868 2630 3110 2674 sanetam
3142 2617 3287 2672 illam
3320 2632 3437 2671 car-

1870 2727 1991 2772 nem
2052 2716 2460 2786 pretiosumque
2483 2714 2600 2783 ejus
2626 2714 2964 2783 sanguinem.
2994 2711 3117 2765 "rec
3153 2725 3272 2780 qua:
3309 2710 3442 2771 dixi,

1868 2817 1993 2862 vera
2021 2822 2143 2863 esse
2180 2806 2369 2861 beatus
2400 2803 2593 2859 Paulus
2630 2814 2729 2860 suo
2751 2802 3006 2874 sulft-agio
3034 2805 3342 2865 conﬁrmat,
3367 2801 3446 2853 sic

1870 2904 2112 2958 scribens
2142 2904 2207 2954 ad
2227 2915 2320 2955 eos
2352 2902 2441 2969 qui
2482 2898 2727 2955 Corinthi
2775 2898 2827 2949 in
2883 2896 3167 2949 Daminum
3202 2895 3442 2948 nostrum

1868 2994 2050 3049 Jesum
2075 2992 2350 3047 Christum
2379 2990 2729 3046 conﬁdebant
2765 3001 2780 3042 :
2816 3007 2834 3040 t
2872 2986 3151 3056 Tanquam
3212 2986 3446 3053 pruden-

1870 3085 2014 3137 tibus
2041 3084 2182 3146 dlco,
2218 3081 2455 3149 judicate
2481 3092 2579 3134 vos
2621 3080 2763 3149 quod
2796 3077 2956 3132 dico?
3008 3076 3159 3130 Calix
3222 3075 3445 3130 benedi-

177 3165 273 3219 τοῦ
307 3166 561 3239 σώματος
585 3169 678 3223 τοῦ
707 3171 950 3243 Χριστοῦ
992 3175 1169 3242 ἐστινς
1204 3177 1286 3230 ὅτι
1321 3174 1403 3242 εἷς
1439 3179 1624 3250 ἄρτος,
1670 3185 1759 3238 καὶ

1872 3176 2069 3231 ctionis
2091 3175 2178 3229 cui
2207 3172 2598 3235 benetlicimus,
2636 3183 2813 3224 nonne
2867 3167 3285 3222 communicatio
3314 3180 3439 3220 san-

175 3258 237 3311 ἒν
278 3260 439 3331 σῶμα
484 3264 534 3315 οἱ
584 3262 771 3318 πολλοί
811 3264 1008 3336 ἐσμεν·
1050 3269 1101 3322 οί
1147 3268 1256 3340 γὰρ
1300 3271 1499 3336 πάντες
1550 3276 1613 3326 ἐκ
1669 3274 1761 3329 τοῦ

157 3350 300 3415 “ἑνδς
346 3352 515 3424 ἄρτου
558 3357 882 3428 μετέχομεν.
916 3377 935 3412 t
992 3358 1308 3431 Πνεύματος
1361 3362 1461 3432 μέν
1517 3364 1626 3436 γὰρ
1668 3367 1761 3420 τοῦ

173 3445 337 3512 ἁγίου
387 3449 809 3516 μετεσχηκότες,
868 3452 1019 3521 αὐτῷ
1056 3471 1113 3506 τε
1161 3450 1238 3525 τῷ
1287 3456 1502 3509 πάντων
1547 3456 1761 3531 Σωτῆρι

173 3535 419 3606 Χριστῷ,
453 3539 547 3591 καί¹
589 3539 842 3610 ἀλλήλοις
868 3543 1135 3614 ἐνούμεθα
1161 3564 1174 3578 ·
1213 3548 1490 3618 σύσσωμοι
1520 3547 1576 3604 δὲ
1623 3555 1761 3607 κατὰ

173 3625 369 3682 τοῦτόν
405 3630 574 3699 ἐσμεν
598 3629 689 3684 τὸν
723 3632 946 3703 τρόπον,
998 3650 1018 3685 ι
1045 3635 1127 3689 ὅτι
1172 3630 1253 3699 εἷς
1285 3639 1468 3708 ἄρτος,
1504 3642 1562 3693 ἓν
1601 3644 1760 3713 σῶμα

174 3718 224 3770 οἱ
259 3718 448 3772 πολλοί
486 3722 683 3792 ἐσμενο
728 3724 779 3775 οι
822 3727 930 3796 γὰρ
970 3726 1172 3791 πάντες
1204 3729 1268 3782 ἐκ
1314 3728 1408 3783 τοῦ
1451 3732 1567 3796 ἐνὸς
1596 3734 1760 3803 ἄρτου

176 3811 538 3881 μετέχομεν.ι
580 3812 768 3867 Συνδεῖ
795 3815 904 3887 γὰρ
933 3817 1081 3887 ἡμᾶς
1106 3819 1185 3881 είς
1205 3819 1431 3891 ἑνότητα
1458 3822 1519 3875 τὸ
1540 3822 1596 3876 ἐν
1631 3823 1761 3895 ἡμῖν

175 3901 341 3970 σῶμα
370 3904 630 3973 Χριστοῦ,
671 3906 1002 3977 μεμέρισται
1047 3908 1103 3962 δέ
1141 3912 1264 3966 κατ’
1308 3912 1496 3967 οὐδένα
1537 3915 1755 3985 τρόπον.

177 3996 303 4047 Ὅτι
332 3995 386 4048 δὲ
407 3997 508 4082 ⁷διὰ
540 3997 634 4051 τοῦ
678 4000 931 4069 σώματος
954 4001 1049 4055 τοῦ
1077 4004 1317 4076 Χριστοῦ
1354 4006 1492 4077 πρὸς
1534 4005 1759 4080 ἑνότητα

171 4084 273 4157 τὴν
313 4086 449 4156 πρὸς
484 4088 666 4153 αὐτὸν,
698 4089 793 4141 καὶ
819 4090 955 4158 ⁴ιτρός
989 4108 1051 4158 γε
1081 4094 1181 4162 τὴν
1209 4095 1287 4156 είς
1318 4092 1581 4166 ἀλλήλους
1629 4114 1752 4150 συν-

172 4175 476 4245 ενήγμεθα,
504 4175 836 4230 πιστώσεται
872 4182 1101 4249 γράφων
1125 4182 1153 4234 6
1194 4184 1463 4254 μακάριος
1503 4187 1713 4252 Παῦλος
1741 4204 1754 4217 ·

176 4286 193 4318 ι
215 4268 423 4321 Τούτου
454 4267 615 4341 χάριν
643 4268 758 4339 ἐγὼ
773 4269 987 4336 Παῦλος
1006 4274 1035 4325 6
1060 4273 1282 4345 δέσμιος
1322 4278 1496 4348 Ἰησοῦ
1518 4280 1757 4350 Χριστοῦ

173 4358 319 4431 ὑπὲρ
349 4360 502 4430 ὐμῶν
539 4360 650 4414 τῶν
678 4360 868 4426 ἐθνῶν,
915 4363 969 4414 εί
992 4380 1055 4432 γε
1087 4364 1362 4434 ἠκούσατε
1408 4368 1508 4440 τὴν
1549 4371 1756 4424 οίκονο-

173 4451 309 4519 μίαν
349 4451 447 4521 τῆς
505 4453 729 4523 χάριτος
768 4454 863 4506 τοῦ
908 4455 1043 4509 Θεοῦ
1093 4457 1193 4527 τῆς
1235 4457 1484 4531 δοθείσης
1536 4478 1625 4533 μοι
1678 4464 1757 4527 είς

1867 3268 2042 3338 guinis
2090 3266 2288 3321 Christi
2343 3265 2465 3320 est?
2516 3264 2667 3332 panis
2691 3277 2848 3331 quem
2901 3260 3220 3329 frangimus,
3273 3273 3448 3312 nonne

1867 3359 2297 3414 communicatio
2326 3357 2571 3425 corporis
2613 3354 2815 3409 Christi
2849 3351 3257 3418 est?Quoniam
3309 3365 3447 3403 unus

1866 3450 2021 3521 panis
2050 3458 2100 3505 ct
2132 3460 2294 3504 unum
2320 3460 2516 3517 corpus
2553 3444 2701 3501 multi
2736 3456 2948 3505 sumus,
2984 3458 3174 3496 omnes
3200 3442 3342 3495 enim
3381 3442 3445 3492 de

1867 3558 1972 3599 uno
1998 3554 2135 3613 pane
2155 3542 2538 3612 participamus
2566 3540 2635 3592 ⁹¹.
2673 3558 2691 3590 i
2738 3536 3034 3606 Participes
3059 3548 3289 3602 namque
3318 3549 3443 3588 san-

1866 3637 1937 3689 cti
1968 3634 2207 3702 Spiritus
2231 3630 2431 3696 eﬁ‘ectl,
2472 3638 2527 3685 et.
2568 3629 2670 3699 ipsi
2712 3629 2950 3683 omnium
2985 3626 3254 3681 Salvatori
3286 3623 3443 3679 Chri-

1866 3736 1970 3794 sto,
2009 3739 2061 3784 et.
2085 3729 2224 3782 inter
2253 3742 2352 3781 nos
2381 3726 2633 3779 unirnur:
2671 3720 3091 3790 concorporales
3144 3719 3305 3772 etiam
3336 3717 3438 3770 hoc

1865 3821 2024 3875 modo
2052 3834 2272 3881 sumus,
2306 3835 2325 3869 ι
2368 3817 2622 3886 quoniam
2649 3831 2786 3868 unus
2841 3814 2992 3883 panis
3054 3828 3216 3865 unum
3249 3825 3445 3877 corpus

1866 3911 2018 3965 multi
2079 3924 2321 3964 sumus:
2383 3922 2572 3962 omnes
2638 3906 2781 3961 enim
2824 3906 2888 3958 tle
2958 3917 3065 3957 uno
3141 3916 3281 3971 pane
3322 3915 3444 3969 par-

1867 4004 2165 4072 ticipamus.
2215 4020 2234 4053 ι
2269 4000 2519 4069 Couligat
2550 4014 2783 4068 namque
2816 4012 2911 4049 nos
2939 3995 3002 4047 ad
3037 3995 3298 4047 unitatem
3320 4008 3442 4046 eor-

1865 4111 1963 4167 ptts
1996 4094 2195 4150 Christi
2218 4094 2362 4161 quod
2389 4102 2473 4146 est
2504 4092 2556 4145 in
2588 4092 2760 4154 nobis,
2793 4101 2968 4156 neque
3002 4096 3080 4140 est
3132 4083 3239 4138 ullo
3282 4084 3441 4136 modo

1863 4188 2116 4241 divisum.
2151 4186 2321 4239 Porro
2355 4200 2448 4253 per
2482 4183 2682 4238 Christi
2709 4195 2905 4249 corpus
2935 4180 2999 4233 ad
3054 4178 3311 4232 unitatem
3344 4191 3439 4245 per

1861 4295 2023 4350 quam
2050 4288 2103 4334 et
2136 4294 2257 4333 cum
2295 4278 2413 4345 ipso
2461 4287 2513 4331 ct
2537 4276 2677 4329 inter
2706 4289 2803 4327 nos
2837 4271 3135 4341 jungimur,
3182 4269 3440 4325 collectos

1862 4385 1981 4425 esse
2011 4370 2295 4424 conﬁrmat
2323 4369 2513 4424 beatus
2539 4366 2761 4429 Paulus,
2790 4379 2911 4419 cum
2942 4362 3129 4417 scribit
3157 4379 3169 4415 :
3206 4380 3225 4412 ι
3268 4358 3439 4429 Hujus

1864 4465 1938 4518 rei
1968 4463 2139 4532 gratia
2167 4477 2263 4531 ego
2281 4460 2477 4515 Paulus
2507 4460 2718 4513 vinctus
2744 4456 2943 4511 Christi
2978 4453 3103 4508 Jesu
3131 4468 3229 4522 pro
3286 4452 3440 4505 vobis

171 4542 342 4610 ὑμᾶς,
372 4541 451 4593 ὅτι
493 4544 614 4595 κατ’
652 4544 994 4615 ἀποκάλυψιν
1021 4548 1323 4619 ἐγνωρίσθη
1354 4567 1445 4621 μοι
1467 4554 1525 4605 τὸ
1552 4557 1757 4625 μυστή-

1865 4556 2137 4625 gentibus,
2174 4554 2217 4608 si
2253 4563 2429 4607 tamen
2470 4550 2703 4605 audistis
2754 4547 3210 4617 dispensationem
3253 4546 3438 4613 gratia:

172 4650 312 4703 ριον,
361 4632 544 4697 καθὼς
603 4636 926 4707 προέγραψα
967 4640 1023 4691 ἐν
1065 4639 1251 4710 όλίγῳ,
1296 4642 1432 4713 πρός
1473 4644 1499 4697 ὃ
1526 4645 1753 4700 δύνασθε

168 4723 638 4792 ἀναγινώσκοντες
663 4727 853 4797 νοῆσαι
886 4730 983 4801 τὴν
1020 4730 1234 4784 σύνεσίν
1261 4749 1362 4801 μου
1380 4734 1437 4787 ἐν
1456 4735 1530 4806 τῷ
1556 4754 1756 4809 μυστηο

171 4815 273 4886 ρίῳ
303 4816 395 4868 τοῦ
424 4816 695 4887 Χριστοῦο
743 4819 770 4872 ὅ
806 4820 1020 4891 ἑτέραις
1048 4825 1264 4891 γενεαῖς
1313 4825 1415 4878 οὐκ
1447 4827 1752 4900 ἐγνωρίσθη

169 4908 283 4969 τοῖς
312 4907 444 4969 υἱοῖς
487 4910 596 4960 τῶν
636 4909 956 4980 ἀνθρώπων,
998 4915 1073 4977 ὡς
1111 4913 1205 4967 νῦν
1252 4917 1609 4991 ἀπεκαλύφθη
1642 4920 1754 4983 τοῖς

173 4996 348 5065 ἁγίοις
370 4998 687 5064 ἀποστόλοις
716 5001 879 5055 αὐτοῦ
913 5004 1008 5057 καὶ
1039 5006 1347 5078 προφήταις
1368 5011 1424 5062 ἐν
1448 5010 1751 5082 Πνεύματι,

172 5084 317 5142 εἶναι
350 5089 416 5142 τὰ
450 5090 577 5161 ἔθνη
606 5092 1025 5165 συγκληρονόμα
1055 5097 1149 5149 καὶ
1182 5098 1466 5169 σύσσωμα,
1487 5103 1579 5155 καὶ
1612 5119 1752 5173 συμ-

176 5180 383 5251 μέτοχα
413 5181 509 5252 τῆς
538 5184 870 5252 ἐπαγγελίας
896 5188 952 5239 ἐν
988 5187 1227 5260 Χριστῷ.
1258 5208 1276 5241 ι
1330 5191 1544 5265 Ἐπειδὴ
1579 5192 1636 5248 δέ
1656 5195 1754 5267 τὴν

172 5272 266 5325 τοῦ
306 5276 606 5344 μυστηρίου
648 5277 947 5347 παράδοσίν
971 5297 1029 5332 τε
1060 5281 1154 5334 καὶ
1177 5280 1403 5353 δύναμιν
1423 5285 1752 5356 ἠγνοηκότες

174 5363 230 5413 ἐν
260 5364 402 5435 ἀρχῇ
434 5364 543 5417 τῶν
572 5369 976 5421 πιστευσάντων
1002 5370 1167 5436 τινὲς,
1200 5372 1304 5438 ἔξω
1327 5375 1624 5446 τρέπεσθαι
1659 5378 1753 5431 τοῦ

175 5456 383 5519 εἰκότος
416 5456 627 5527 ἤθελον,
657 5459 976 5524 πανδαισίας
998 5479 1057 5515 τε
1092 5461 1187 5516 καὶ
1227 5465 1575 5534 δημοθοινίας
1612 5468 1751 5540 πλη-

179 5547 395 5614 ροῦντες
439 5551 496 5600 ἐν
552 5551 890 5621 ἐκκλησίαις,
942 5555 1055 5616 τοῖς
1100 5555 1256 5607 τοῦτο
1301 5557 1433 5627 δρᾷν
1480 5559 1748 5625 εἰωθόσιν,

174 5637 408 5706 ἐπετίμα
455 5641 681 5710 γράφων
729 5644 757 5693 ὁ
811 5643 1081 5713 μακάριος
1133 5645 1381 5706 Παῦλος·
1431 5668 1447 5698 ι
1481 5648 1570 5721 Μὴ
1641 5652 1749 5721 γὰρ

245 5813 288 5844 ἰ
319 5814 339 5869 ι
369 5812 493 5870 Cor.
530 5831 606 5884 xl,
641 5813 728 5882 16,
756 5817 838 5871 l7.
918 5819 961 5850 θ’
1002 5818 1199 5886 Ephes.
1251 5836 1325 5876 tu.
1377 5822 1490 5878 5-6.

1864 4644 1980 4709 Dei,
2013 4661 2132 4715 qua:
2153 4645 2275 4697 data
2307 4653 2388 4698 est
2433 4643 2562 4696 mihi
2598 4642 2649 4694 in
2687 4656 2806 4702 vos,
2842 4638 3099 4707 quoniam
3143 4635 3436 4688 secundum

1863 4738 2250 4792 revelatioucm
2282 4745 2465 4790 notum
2501 4734 2629 4787 mihi
2670 4731 2869 4785 factum
2895 4738 2978 4783 est
3014 4735 3435 4784 sacramentum,

1862 4829 2003 4885 sicut
2030 4845 2189 4898 supra
2225 4828 2417 4896 scripsi
2450 4826 2500 4880 in
2523 4824 2695 4891 brevi,
2730 4832 2887 4893 prout
2933 4818 3161 4891 potestis
3199 4816 3440 4885 legentes

1863 4918 2166 4988 intelligere
2215 4919 2559 4988 prudentiam
2604 4930 2779 4969 meam
2828 4913 2879 4966 in
2929 4910 3183 4981 mysterio
3208 4906 3435 4969 Christi,

1863 5013 2003 5082 quod
2028 5011 2147 5065 aliis
2178 5008 2617 5079 generationibus
2655 5015 2855 5060 nonest
2904 5004 3142 5073 agnitum
3188 4998 3308 5053 ﬁliis
3338 4999 3433 5051 ho-

1862 5107 2089 5169 minum,
2122 5103 2281 5159 sicuti
2316 5117 2461 5156 nunc
2491 5099 2786 5154 revelatum
2813 5106 2896 5150 est
2940 5094 3140 5149 sanctis
3175 5089 3434 5160 apostolis

1862 5198 1977 5269 ejus
2010 5206 2063 5252 et
2089 5196 2369 5267 prephetis
2396 5194 2447 5248 in
2482 5192 2710 5263 Spiritu,
2739 5199 2925 5261 gentes
2949 5202 3068 5242 esse
3102 5183 3429 5242 coheredes,

1860 5287 2294 5357 concorporales,
2324 5295 2379 5341 et
2408 5282 2818 5351 comparticipes
2838 5276 3216 5349 promissionis
3240 5274 3355 5344 ejus
3382 5274 3432 5325 in

1857 5381 2075 5436 Christo
2103 5380 2168 5432 ".
2206 5398 2224 5430 ι
2266 5378 2532 5445 Quoniam
2583 5390 2713 5430 vero
2741 5389 2770 5427 a
2812 5372 3080 5443 principio
3112 5366 3435 5425 nonnulliex

1856 5474 1921 5529 iis
1951 5473 2039 5542 qui
2062 5473 2433 5536 crediderant,
2458 5470 2620 5539 hujus
2656 5467 2901 5538 mysterii
2961 5463 3301 5518 traditionem
3369 5473 3433 5512 ac

1855 5565 1959 5618 vim
1993 5564 2327 5635 ignorantes,
2364 5564 2428 5617 ab
2461 5576 2524 5616 eo
2562 5561 2702 5629 quod
2746 5556 3103 5613 conveniebat
3163 5553 3435 5607 divertere

1853 5656 2122 5721 volebant,
2151 5666 2201 5711 et
2236 5657 2484 5711 omnibus
2510 5654 2751 5723 exposita
2809 5648 3054 5706 convivia
3088 5656 3141 5703 et
3186 5642 3433 5714 publica:
