  <div class='ocr_page' id='page_1' title='image "/cluster/home/n/w/nwhite01/storage/ocr_20150623/76/pst.000005712755/105.png"; bbox 0 0 4078 6348; ppageno 0'>
   <div class='ocr_carea' id='block_1_1' title="bbox 646 368 751 425">
    <p class='ocr_par' dir='ltr' id='par_1_1' title="bbox 646 368 751 425">
     <span class='ocr_line' id='line_1_1' title="bbox 646 368 751 425; baseline 0.019 -2"><span class='ocrx_word' id='word_1_1' title='bbox 646 368 751 425; x_wconf 74' lang='grc'><strong>195</strong></span> 
     </span>
    </p>
   </div>
   <div class='ocr_carea' id='block_1_2' title="bbox 1630 361 2860 424">
    <p class='ocr_par' dir='ltr' id='par_1_2' title="bbox 1630 361 2860 424">
     <span class='ocr_line' id='line_1_2' title="bbox 1630 361 2860 424; baseline -0.003 -3"><span class='ocrx_word' id='word_1_2' title='bbox 1630 365 1690 421; x_wconf 87' lang='lat' dir='ltr'><strong>S.</strong></span> <span class='ocrx_word' id='word_1_3' title='bbox 1729 366 2003 424; x_wconf 76' lang='lat' dir='ltr'><strong>CYRILLI</strong></span> <span class='ocrx_word' id='word_1_4' title='bbox 2034 362 2503 421; x_wconf 80' lang='lat' dir='ltr'><strong>ALEXANDRINI</strong></span> <span class='ocrx_word' id='word_1_5' title='bbox 2542 361 2860 419; x_wconf 74' lang='lat' dir='ltr'><strong>AllCHlEP.</strong></span> 
     </span>
    </p>
   </div>
   <div class='ocr_carea' id='block_1_3' title="bbox 3776 353 3869 411">
    <p class='ocr_par' dir='ltr' id='par_1_3' title="bbox 3776 353 3869 411">
     <span class='ocr_line' id='line_1_3' title="bbox 3776 353 3869 411; baseline 0.032 -3"><span class='ocrx_word' id='word_1_6' title='bbox 3776 353 3869 411; x_wconf 72' lang='grc'><strong>196</strong></span> 
     </span>
    </p>
   </div>
   <div class='ocr_carea' id='block_1_4' title="bbox 642 472 2192 554">
    <p class='ocr_par' dir='ltr' id='par_1_4' title="bbox 642 479 2192 554">
     <span class='ocr_line' id='line_1_4' title="bbox 642 479 2192 554; baseline 0 -16"><span class='ocrx_word' id='word_1_7' title='bbox 642 479 832 553; x_wconf 89' lang='lat' dir='ltr'><strong>epulas</strong></span> <span class='ocrx_word' id='word_1_8' title='bbox 868 484 919 537; x_wconf 90' lang='lat' dir='ltr'><strong>in</strong></span> <span class='ocrx_word' id='word_1_9' title='bbox 956 483 1200 539; x_wconf 85' lang='lat' dir='ltr'><strong>ecclesiis</strong></span> <span class='ocrx_word' id='word_1_10' title='bbox 1228 482 1588 550; x_wconf 93' lang='lat' dir='ltr'><strong>instruebant,</strong></span> <span class='ocrx_word' id='word_1_11' title='bbox 1620 485 1866 541; x_wconf 78' lang='lat' dir='ltr'><strong>homines</strong></span> <span class='ocrx_word' id='word_1_12' title='bbox 1912 486 2002 554; x_wconf 93' lang='lat' dir='ltr'><strong>qui</strong></span> <span class='ocrx_word' id='word_1_13' title='bbox 2037 486 2087 539; x_wconf 88' lang='lat' dir='ltr'><strong>id</strong></span> <span class='ocrx_word' id='word_1_14' title='bbox 2129 485 2192 538; x_wconf 71' lang='lat' dir='ltr'><strong>fa</strong></span> 
     </span>
    </p>
   </div>
   <div class='ocr_carea' id='block_1_5' title="bbox 2296 472 3872 554">
    <p class='ocr_par' dir='ltr' id='par_1_5' title="bbox 2307 472 3872 549">
     <span class='ocr_line' id='line_1_5' title="bbox 2307 472 3872 549; baseline -0.006 -15"><span class='ocrx_word' id='word_1_15' title='bbox 2307 482 2479 545; x_wconf 90' lang='grc' dir='ltr'>οίκίας</span> <span class='ocrx_word' id='word_1_16' title='bbox 2531 481 2629 534; x_wconf 87' lang='grc' dir='ltr'><strong>οὐκ</strong></span> <span class='ocrx_word' id='word_1_17' title='bbox 2667 480 2817 549; x_wconf 77' lang='grc' dir='ltr'>ἔχετε</span> <span class='ocrx_word' id='word_1_18' title='bbox 2864 477 2943 541; x_wconf 88' lang='grc' dir='ltr'><strong>είς</strong></span> <span class='ocrx_word' id='word_1_19' title='bbox 2983 475 3042 528; x_wconf 82' lang='grc' dir='ltr'><strong>τὸ</strong></span> <span class='ocrx_word' id='word_1_20' title='bbox 3086 473 3285 527; x_wconf 88' lang='grc' dir='ltr'>ἐσθίειν</span> <span class='ocrx_word' id='word_1_21' title='bbox 3328 472 3421 527; x_wconf 76' lang='grc' dir='ltr'>καὶ</span> <span class='ocrx_word' id='word_1_22' title='bbox 3468 472 3674 540; x_wconf 81' lang='grc' dir='ltr'>πίνεἰν;</span> <span class='ocrx_word' id='word_1_23' title='bbox 3718 472 3872 544; x_wconf 76' lang='grc' dir='ltr'>ἢτὴν</span> 
     </span>
    </p>
   </div>
   <div class='ocr_carea' id='block_1_6' title="bbox 644 575 2203 644">
    <p class='ocr_par' dir='ltr' id='par_1_6' title="bbox 644 575 2203 644">
     <span class='ocr_line' id='line_1_6' title="bbox 644 575 2203 644; baseline 0 -16"><span class='ocrx_word' id='word_1_24' title='bbox 644 589 769 629; x_wconf 89' lang='lat' dir='ltr'><strong>cere</strong></span> <span class='ocrx_word' id='word_1_25' title='bbox 796 584 1210 637; x_wconf 90' lang='lat' dir='ltr'><strong>consueverant,</strong></span> <span class='ocrx_word' id='word_1_26' title='bbox 1264 575 1513 644; x_wconf 88' lang='lat' dir='ltr'><strong>objurgat</strong></span> <span class='ocrx_word' id='word_1_27' title='bbox 1567 577 1754 631; x_wconf 88' lang='lat' dir='ltr'><strong>beatus</strong></span> <span class='ocrx_word' id='word_1_28' title='bbox 1799 576 2014 641; x_wconf 81' lang='lat' dir='ltr'><strong>Paulus,</strong></span> <span class='ocrx_word' id='word_1_29' title='bbox 2066 578 2203 631; x_wconf 88' lang='lat' dir='ltr'><strong>scri-</strong></span> 
     </span>
    </p>
   </div>
   <div class='ocr_carea' id='block_1_7' title="bbox 643 665 2206 733">
    <p class='ocr_par' dir='ltr' id='par_1_7' title="bbox 643 665 2206 733">
     <span class='ocr_line' id='line_1_7' title="bbox 643 665 2206 733; baseline -0.001 -12"><span class='ocrx_word' id='word_1_30' title='bbox 643 666 827 722; x_wconf 87' lang='lat' dir='ltr'><strong>bens:</strong></span> <span class='ocrx_word' id='word_1_31' title='bbox 874 686 891 718; x_wconf 79' lang='grc' dir='ltr'><strong>ι</strong></span> <span class='ocrx_word' id='word_1_32' title='bbox 935 665 1181 733; x_wconf 76' lang='lat' dir='ltr'><strong>Nunquid</strong></span> <span class='ocrx_word' id='word_1_33' title='bbox 1238 667 1425 720; x_wconf 91' lang='lat' dir='ltr'><strong>domos</strong></span> <span class='ocrx_word' id='word_1_34' title='bbox 1474 681 1581 720; x_wconf 92' lang='lat' dir='ltr'><strong>non</strong></span> <span class='ocrx_word' id='word_1_35' title='bbox 1642 667 1853 721; x_wconf 83' lang='lat' dir='ltr'><strong>habetis</strong></span> <span class='ocrx_word' id='word_1_36' title='bbox 1882 668 1946 721; x_wconf 90' lang='lat' dir='ltr'><strong>ad</strong></span> <span class='ocrx_word' id='word_1_37' title='bbox 1980 668 2206 720; x_wconf 86' lang='lat' dir='ltr'><strong>mandu-</strong></span> 
     </span>
    </p>
   </div>
   <div class='ocr_carea' id='block_1_8' title="bbox 642 755 2205 811">
    <p class='ocr_par' dir='ltr' id='par_1_8' title="bbox 642 755 2205 811">
     <span class='ocr_line' id='line_1_8' title="bbox 642 755 2205 811; baseline -0.001 -1"><span class='ocrx_word' id='word_1_38' title='bbox 642 757 945 810; x_wconf 90' lang='lat' dir='ltr'><strong>candumet</strong></span> <span class='ocrx_word' id='word_1_39' title='bbox 978 755 1302 809; x_wconf 71' lang='lat' dir='ltr'><strong>bibendum?</strong></span> <span class='ocrx_word' id='word_1_40' title='bbox 1329 765 1423 810; x_wconf 83' lang='lat' dir='ltr'><strong>aut</strong></span> <span class='ocrx_word' id='word_1_41' title='bbox 1454 756 1737 811; x_wconf 83' lang='lat' dir='ltr'><strong>ecclesiam</strong></span> <span class='ocrx_word' id='word_1_42' title='bbox 1776 756 1867 809; x_wconf 85' lang='lat' dir='ltr'><strong>Dei</strong></span> <span class='ocrx_word' id='word_1_43' title='bbox 1901 757 2205 811; x_wconf 82' lang='lat' dir='ltr'><strong>contemni-</strong></span> 
     </span>
    </p>
   </div>
   <div class='ocr_carea' id='block_1_9' title="bbox 644 846 2200 916">
    <p class='ocr_par' dir='ltr' id='par_1_9' title="bbox 644 846 2200 916">
     <span class='ocr_line' id='line_1_9' title="bbox 644 846 2200 916; baseline 0 -16"><span class='ocrx_word' id='word_1_44' title='bbox 644 848 735 911; x_wconf 83' lang='lat' dir='ltr'><strong>tis,</strong></span> <span class='ocrx_word' id='word_1_45' title='bbox 765 857 816 900; x_wconf 88' lang='lat' dir='ltr'><strong>et</strong></span> <span class='ocrx_word' id='word_1_46' title='bbox 843 846 1172 901; x_wconf 78' lang='lat' dir='ltr'><strong>confunditis</strong></span> <span class='ocrx_word' id='word_1_47' title='bbox 1199 862 1292 901; x_wconf 89' lang='lat' dir='ltr'><strong>eos</strong></span> <span class='ocrx_word' id='word_1_48' title='bbox 1317 848 1405 916; x_wconf 87' lang='lat' dir='ltr'><strong>qui</strong></span> <span class='ocrx_word' id='word_1_49' title='bbox 1432 863 1535 902; x_wconf 94' lang='lat' dir='ltr'><strong>non</strong></span> <span class='ocrx_word' id='word_1_50' title='bbox 1566 848 1803 901; x_wconf 88' lang='lat' dir='ltr'><strong>habent?</strong></span> <span class='ocrx_word' id='word_1_51' title='bbox 1834 847 1971 913; x_wconf 85' lang='lat' dir='ltr'><strong>Quid</strong></span> <span class='ocrx_word' id='word_1_52' title='bbox 2022 848 2200 901; x_wconf 82' lang='lat' dir='ltr'><strong>dicam</strong></span> 
     </span>
    </p>
   </div>
   <div class='ocr_carea' id='block_1_10' title="bbox 642 936 2202 1005">
    <p class='ocr_par' dir='ltr' id='par_1_10' title="bbox 642 936 2202 1005">
     <span class='ocr_line' id='line_1_10' title="bbox 642 936 2202 1005; baseline 0.003 -19"><span class='ocrx_word' id='word_1_53' title='bbox 642 936 826 991; x_wconf 74' lang='lat' dir='ltr'><strong>vobis?</strong></span> <span class='ocrx_word' id='word_1_54' title='bbox 848 937 1083 989; x_wconf 87' lang='lat' dir='ltr'><strong>Laudem</strong></span> <span class='ocrx_word' id='word_1_55' title='bbox 1111 936 1272 991; x_wconf 89' lang='lat' dir='ltr'><strong>vosin</strong></span> <span class='ocrx_word' id='word_1_56' title='bbox 1298 937 1434 990; x_wconf 83' lang='lat' dir='ltr'><strong>hoc?</strong></span> <span class='ocrx_word' id='word_1_57' title='bbox 1461 952 1564 990; x_wconf 92' lang='lat' dir='ltr'><strong>non</strong></span> <span class='ocrx_word' id='word_1_58' title='bbox 1588 937 1775 991; x_wconf 89' lang='lat' dir='ltr'><strong>laudo.-</strong></span> <span class='ocrx_word' id='word_1_59' title='bbox 1798 937 1909 1005; x_wconf 82' lang='lat' dir='ltr'><strong>Ego</strong></span> <span class='ocrx_word' id='word_1_60' title='bbox 1938 937 2080 991; x_wconf 90' lang='lat' dir='ltr'><strong>enim</strong></span> <span class='ocrx_word' id='word_1_61' title='bbox 2108 950 2202 990; x_wconf 87' lang='lat' dir='ltr'><strong>ae-</strong></span> 
     </span>
    </p>
   </div>
   <div class='ocr_carea' id='block_1_11' title="bbox 639 1027 2201 1097">
    <p class='ocr_par' dir='ltr' id='par_1_11' title="bbox 639 1027 2201 1097">
     <span class='ocr_line' id='line_1_11' title="bbox 639 1027 2201 1097; baseline 0.001 -18"><span class='ocrx_word' id='word_1_62' title='bbox 639 1029 756 1095; x_wconf 83' lang='lat' dir='ltr'><strong>cepi</strong></span> <span class='ocrx_word' id='word_1_63' title='bbox 788 1043 816 1079; x_wconf 92' lang='lat' dir='ltr'><strong>a</strong></span> <span class='ocrx_word' id='word_1_64' title='bbox 845 1027 1090 1094; x_wconf 89' lang='lat' dir='ltr'><strong>Domino,</strong></span> <span class='ocrx_word' id='word_1_65' title='bbox 1113 1029 1255 1097; x_wconf 91' lang='lat' dir='ltr'><strong>quod</strong></span> <span class='ocrx_word' id='word_1_66' title='bbox 1288 1038 1341 1082; x_wconf 90' lang='lat' dir='ltr'><strong>et</strong></span> <span class='ocrx_word' id='word_1_67' title='bbox 1366 1028 1557 1083; x_wconf 88' lang='lat' dir='ltr'><strong>tradidi</strong></span> <span class='ocrx_word' id='word_1_68' title='bbox 1588 1029 1741 1083; x_wconf 84' lang='lat' dir='ltr'><strong>vobis</strong></span> <span class='ocrx_word' id='word_1_69' title='bbox 1778 1043 1793 1081; x_wconf 86' lang='lat'><strong>:</strong></span> <span class='ocrx_word' id='word_1_70' title='bbox 1821 1029 2074 1097; x_wconf 91' lang='lat' dir='ltr'><strong>quoniam</strong></span> <span class='ocrx_word' id='word_1_71' title='bbox 2098 1028 2201 1081; x_wconf 77' lang='lat' dir='ltr'><strong>Do-</strong></span> 
     </span>
    </p>
   </div>
   <div class='ocr_carea' id='block_1_12' title="bbox 642 1116 2202 1187">
    <p class='ocr_par' dir='ltr' id='par_1_12' title="bbox 642 1116 2202 1187">
     <span class='ocr_line' id='line_1_12' title="bbox 642 1116 2202 1187; baseline 0.001 -18"><span class='ocrx_word' id='word_1_72' title='bbox 642 1118 819 1171; x_wconf 88' lang='lat' dir='ltr'><strong>minus</strong></span> <span class='ocrx_word' id='word_1_73' title='bbox 847 1116 1001 1172; x_wconf 85' lang='lat' dir='ltr'><strong>Jesus</strong></span> <span class='ocrx_word' id='word_1_74' title='bbox 1034 1117 1283 1172; x_wconf 80' lang='lat' dir='ltr'><strong>Christus</strong></span> <span class='ocrx_word' id='word_1_75' title='bbox 1313 1118 1366 1172; x_wconf 88' lang='lat' dir='ltr'><strong>in</strong></span> <span class='ocrx_word' id='word_1_76' title='bbox 1398 1133 1501 1187; x_wconf 87' lang='lat' dir='ltr'><strong>qua</strong></span> <span class='ocrx_word' id='word_1_77' title='bbox 1532 1128 1689 1172; x_wconf 88' lang='lat' dir='ltr'><strong>nocte</strong></span> <span class='ocrx_word' id='word_1_78' title='bbox 1717 1117 1942 1171; x_wconf 86' lang='lat' dir='ltr'><strong>traditus</strong></span> <span class='ocrx_word' id='word_1_79' title='bbox 1972 1126 2078 1181; x_wconf 91' lang='lat' dir='ltr'><strong>est,</strong></span> <span class='ocrx_word' id='word_1_80' title='bbox 2105 1131 2202 1171; x_wconf 89' lang='lat' dir='ltr'><strong>ac-</strong></span> 
     </span>
    </p>
   </div>
   <div class='ocr_carea' id='block_1_13' title="bbox 637 1208 2197 1280">
    <p class='ocr_par' dir='ltr' id='par_1_13' title="bbox 637 1208 2197 1280">
     <span class='ocr_line' id='line_1_13' title="bbox 637 1208 2197 1280; baseline 0.003 -21"><span class='ocrx_word' id='word_1_81' title='bbox 637 1209 779 1277; x_wconf 86' lang='lat' dir='ltr'><strong>cepit</strong></span> <span class='ocrx_word' id='word_1_82' title='bbox 808 1224 1020 1277; x_wconf 87' lang='lat' dir='ltr'><strong>panem,</strong></span> <span class='ocrx_word' id='word_1_83' title='bbox 1050 1219 1106 1263; x_wconf 92' lang='lat' dir='ltr'><strong>et</strong></span> <span class='ocrx_word' id='word_1_84' title='bbox 1130 1212 1328 1277; x_wconf 80' lang='lat' dir='ltr'><strong>gratias</strong></span> <span class='ocrx_word' id='word_1_85' title='bbox 1366 1224 1529 1280; x_wconf 85' lang='lat' dir='ltr'><strong>agens</strong></span> <span class='ocrx_word' id='word_1_86' title='bbox 1559 1209 1741 1279; x_wconf 80' lang='lat' dir='ltr'><strong>fregit,</strong></span> <span class='ocrx_word' id='word_1_87' title='bbox 1786 1218 1839 1263; x_wconf 91' lang='lat' dir='ltr'><strong>et</strong></span> <span class='ocrx_word' id='word_1_88' title='bbox 1867 1208 2004 1262; x_wconf 78' lang='lat' dir='ltr'><strong>dixit</strong></span> <span class='ocrx_word' id='word_1_89' title='bbox 2034 1224 2047 1259; x_wconf 93' lang='lat'>:</span> <span class='ocrx_word' id='word_1_90' title='bbox 2079 1210 2197 1263; x_wconf 83' lang='lat' dir='ltr'><strong>Hoc</strong></span> 
     </span>
    </p>
   </div>
   <div class='ocr_carea' id='block_1_14' title="bbox 634 1296 2200 1367">
    <p class='ocr_par' dir='ltr' id='par_1_14' title="bbox 634 1296 2200 1367">
     <span class='ocr_line' id='line_1_14' title="bbox 634 1296 2200 1367; baseline 0.001 -17"><span class='ocrx_word' id='word_1_91' title='bbox 634 1305 719 1350; x_wconf 91' lang='lat' dir='ltr'><strong>est</strong></span> <span class='ocrx_word' id='word_1_92' title='bbox 750 1311 942 1365; x_wconf 89' lang='lat' dir='ltr'><strong>corpus</strong></span> <span class='ocrx_word' id='word_1_93' title='bbox 964 1310 1165 1361; x_wconf 88' lang='lat' dir='ltr'><strong>meum,</strong></span> <span class='ocrx_word' id='word_1_94' title='bbox 1202 1297 1343 1367; x_wconf 90' lang='lat' dir='ltr'><strong>quod</strong></span> <span class='ocrx_word' id='word_1_95' title='bbox 1374 1312 1472 1367; x_wconf 92' lang='lat' dir='ltr'><strong>pro</strong></span> <span class='ocrx_word' id='word_1_96' title='bbox 1524 1298 1674 1352; x_wconf 81' lang='lat' dir='ltr'><strong>vobis</strong></span> <span class='ocrx_word' id='word_1_97' title='bbox 1720 1315 1735 1351; x_wconf 89' lang='lat'><strong>:</strong></span> <span class='ocrx_word' id='word_1_98' title='bbox 1779 1300 1881 1352; x_wconf 92' lang='lat' dir='ltr'><strong>hoc</strong></span> <span class='ocrx_word' id='word_1_99' title='bbox 1943 1296 2102 1351; x_wconf 91' lang='lat' dir='ltr'><strong>facite</strong></span> <span class='ocrx_word' id='word_1_100' title='bbox 2145 1297 2200 1351; x_wconf 93' lang='lat' dir='ltr'><strong>in</strong></span> 
     </span>
    </p>
   </div>
   <div class='ocr_carea' id='block_1_15' title="bbox 637 1388 2201 1458">
    <p class='ocr_par' dir='ltr' id='par_1_15' title="bbox 637 1388 2201 1458">
     <span class='ocr_line' id='line_1_15' title="bbox 637 1388 2201 1458; baseline 0.001 -17"><span class='ocrx_word' id='word_1_101' title='bbox 637 1401 808 1442; x_wconf 86' lang='lat' dir='ltr'><strong>meam</strong></span> <span class='ocrx_word' id='word_1_102' title='bbox 836 1388 1697 1443; x_wconf 84' lang='lat' dir='ltr'><strong>commemorationem.Similiter</strong></span> <span class='ocrx_word' id='word_1_103' title='bbox 1721 1398 1776 1443; x_wconf 92' lang='lat' dir='ltr'><strong>et</strong></span> <span class='ocrx_word' id='word_1_104' title='bbox 1804 1388 2025 1443; x_wconf 89' lang='lat' dir='ltr'><strong>calicem</strong></span> <span class='ocrx_word' id='word_1_105' title='bbox 2054 1396 2201 1458; x_wconf 88' lang='lat' dir='ltr'><strong>post-</strong></span> 
     </span>
    </p>
   </div>
   <div class='ocr_carea' id='block_1_16' title="bbox 633 1480 2198 1549">
    <p class='ocr_par' dir='ltr' id='par_1_16' title="bbox 633 1480 2198 1549">
     <span class='ocr_line' id='line_1_16' title="bbox 633 1480 2198 1549; baseline 0.003 -16"><span class='ocrx_word' id='word_1_106' title='bbox 633 1495 793 1548; x_wconf 92' lang='lat' dir='ltr'><strong>quam</strong></span> <span class='ocrx_word' id='word_1_107' title='bbox 826 1481 982 1549; x_wconf 77' lang='lat'><strong>112</strong></span> <span class='ocrx_word' id='word_1_108' title='bbox 1015 1482 1275 1545; x_wconf 72' lang='lat' dir='ltr'><strong>coenavit,</strong></span> <span class='ocrx_word' id='word_1_109' title='bbox 1298 1481 1483 1536; x_wconf 90' lang='lat' dir='ltr'><strong>dicens</strong></span> <span class='ocrx_word' id='word_1_110' title='bbox 1512 1496 1527 1533; x_wconf 86' lang='lat'><strong>:</strong></span> <span class='ocrx_word' id='word_1_111' title='bbox 1566 1480 1664 1536; x_wconf 84' lang='lat' dir='ltr'><strong>llic</strong></span> <span class='ocrx_word' id='word_1_112' title='bbox 1695 1480 1832 1535; x_wconf 81' lang='lat' dir='ltr'><strong>calix</strong></span> <span class='ocrx_word' id='word_1_113' title='bbox 1870 1496 2063 1536; x_wconf 92' lang='lat' dir='ltr'><strong>novum</strong></span> <span class='ocrx_word' id='word_1_114' title='bbox 2096 1481 2198 1537; x_wconf 89' lang='lat' dir='ltr'><strong>Te-</strong></span> 
     </span>
    </p>
   </div>
   <div class='ocr_carea' id='block_1_17' title="bbox 633 1571 2198 1642">
    <p class='ocr_par' dir='ltr' id='par_1_17' title="bbox 633 1571 2198 1642">
     <span class='ocr_line' id='line_1_17' title="bbox 633 1571 2198 1642; baseline 0.003 -17"><span class='ocrx_word' id='word_1_115' title='bbox 633 1582 956 1627; x_wconf 88' lang='lat' dir='ltr'><strong>stamentum</strong></span> <span class='ocrx_word' id='word_1_116' title='bbox 994 1582 1078 1627; x_wconf 92' lang='lat' dir='ltr'><strong>est</strong></span> <span class='ocrx_word' id='word_1_117' title='bbox 1132 1573 1185 1628; x_wconf 91' lang='lat' dir='ltr'><strong>in</strong></span> <span class='ocrx_word' id='word_1_118' title='bbox 1215 1587 1333 1627; x_wconf 88' lang='lat' dir='ltr'><strong>meo</strong></span> <span class='ocrx_word' id='word_1_119' title='bbox 1364 1573 1622 1642; x_wconf 86' lang='lat' dir='ltr'><strong>sanguine</strong></span> <span class='ocrx_word' id='word_1_120' title='bbox 1657 1589 1671 1627; x_wconf 90' lang='lat'>:</span> <span class='ocrx_word' id='word_1_121' title='bbox 1706 1572 1809 1627; x_wconf 92' lang='lat' dir='ltr'><strong>hoc</strong></span> <span class='ocrx_word' id='word_1_122' title='bbox 1853 1571 2036 1639; x_wconf 84' lang='lat' dir='ltr'><strong>facite,</strong></span> <span class='ocrx_word' id='word_1_123' title='bbox 2064 1588 2198 1642; x_wconf 84' lang='lat' dir='ltr'><strong>quo-</strong></span> 
     </span>
    </p>
   </div>
   <div class='ocr_carea' id='block_1_18' title="bbox 633 1664 2193 1732">
    <p class='ocr_par' dir='ltr' id='par_1_18' title="bbox 633 1664 2193 1732">
     <span class='ocr_line' id='line_1_18' title="bbox 633 1664 2193 1732; baseline 0.003 -17"><span class='ocrx_word' id='word_1_124' title='bbox 633 1665 950 1732; x_wconf 89' lang='lat' dir='ltr'><strong>tiescunque</strong></span> <span class='ocrx_word' id='word_1_125' title='bbox 1000 1665 1208 1727; x_wconf 87' lang='lat' dir='ltr'><strong>facitis,</strong></span> <span class='ocrx_word' id='word_1_126' title='bbox 1253 1664 1309 1718; x_wconf 89' lang='lat' dir='ltr'><strong>in</strong></span> <span class='ocrx_word' id='word_1_127' title='bbox 1374 1678 1549 1719; x_wconf 86' lang='lat' dir='ltr'><strong>meam</strong></span> <span class='ocrx_word' id='word_1_128' title='bbox 1607 1665 2193 1721; x_wconf 89' lang='lat' dir='ltr'><strong>commemorationem.</strong></span> 
     </span>
    </p>
   </div>
   <div class='ocr_carea' id='block_1_19' title="bbox 631 1754 2198 1824">
    <p class='ocr_par' dir='ltr' id='par_1_19' title="bbox 631 1754 2198 1824">
     <span class='ocr_line' id='line_1_19' title="bbox 631 1754 2198 1824; baseline 0.002 -18"><span class='ocrx_word' id='word_1_129' title='bbox 631 1754 1065 1824; x_wconf 88' lang='lat' dir='ltr'><strong>Quotiescunque</strong></span> <span class='ocrx_word' id='word_1_130' title='bbox 1096 1754 1489 1810; x_wconf 85' lang='lat' dir='ltr'><strong>manducahitis</strong></span> <span class='ocrx_word' id='word_1_131' title='bbox 1528 1768 1716 1822; x_wconf 87' lang='lat' dir='ltr'><strong>panem</strong></span> <span class='ocrx_word' id='word_1_132' title='bbox 1755 1754 1922 1819; x_wconf 82' lang='lat' dir='ltr'><strong>hunc,</strong></span> <span class='ocrx_word' id='word_1_133' title='bbox 1975 1766 2029 1810; x_wconf 90' lang='lat' dir='ltr'><strong>et</strong></span> <span class='ocrx_word' id='word_1_134' title='bbox 2067 1754 2198 1809; x_wconf 83' lang='lat' dir='ltr'><strong>cali-</strong></span> 
     </span>
    </p>
   </div>
   <div class='ocr_carea' id='block_1_20' title="bbox 2305 562 3871 642">
    <p class='ocr_par' dir='ltr' id='par_1_20' title="bbox 2305 562 3871 642">
     <span class='ocr_line' id='line_1_20' title="bbox 2305 562 3871 642; baseline -0.006 -19"><span class='ocrx_word' id='word_1_135' title='bbox 2305 571 2600 642; x_wconf 76' lang='grc' dir='ltr'>ἐκκλησίαν</span> <span class='ocrx_word' id='word_1_136' title='bbox 2627 569 2721 622; x_wconf 89' lang='grc' dir='ltr'><strong>τοῦ</strong></span> <span class='ocrx_word' id='word_1_137' title='bbox 2746 567 2879 621; x_wconf 89' lang='grc' dir='ltr'>Θεοῦ</span> <span class='ocrx_word' id='word_1_138' title='bbox 2917 567 3327 635; x_wconf 74' lang='grc' dir='ltr'>καταφρονεῖτε,</span> <span class='ocrx_word' id='word_1_139' title='bbox 3367 562 3461 617; x_wconf 56' lang='grc' dir='ltr'><strong>καί¹</strong></span> <span class='ocrx_word' id='word_1_140' title='bbox 3493 564 3871 633; x_wconf 83' lang='grc' dir='ltr'>καταισχύνετε</span> 
     </span>
    </p>
   </div>
   <div class='ocr_carea' id='block_1_21' title="bbox 2306 656 3871 731">
    <p class='ocr_par' dir='ltr' id='par_1_21' title="bbox 2306 656 3871 731">
     <span class='ocr_line' id='line_1_21' title="bbox 2306 656 3871 731; baseline -0.007 -15"><span class='ocrx_word' id='word_1_141' title='bbox 2306 664 2432 726; x_wconf 85' lang='grc' dir='ltr'>τοὺς</span> <span class='ocrx_word' id='word_1_142' title='bbox 2463 663 2540 731; x_wconf 80' lang='grc' dir='ltr'><strong>μὴ</strong></span> <span class='ocrx_word' id='word_1_143' title='bbox 2571 661 2821 730; x_wconf 78' lang='grc' dir='ltr'>ἔχοντας;</span> <span class='ocrx_word' id='word_1_144' title='bbox 2866 659 2918 713; x_wconf 91' lang='grc' dir='ltr'><strong>τί</strong></span> <span class='ocrx_word' id='word_1_145' title='bbox 2958 658 3095 711; x_wconf 69' lang='grc' dir='ltr'>εἴπω</span> <span class='ocrx_word' id='word_1_146' title='bbox 3130 658 3287 727; x_wconf 86' lang='grc' dir='ltr'>ύμῖν;</span> <span class='ocrx_word' id='word_1_147' title='bbox 3324 657 3598 710; x_wconf 75' lang='grc' dir='ltr'><strong>ἐπαινέσω</strong></span> <span class='ocrx_word' id='word_1_148' title='bbox 3647 656 3787 724; x_wconf 82' lang='grc' dir='ltr'>ὑμᾶς</span> <span class='ocrx_word' id='word_1_149' title='bbox 3813 656 3871 705; x_wconf 84' lang='grc' dir='ltr'><strong>ἐν</strong></span> 
     </span>
    </p>
   </div>
   <div class='ocr_carea' id='block_1_22' title="bbox 2304 745 3868 820">
    <p class='ocr_par' dir='ltr' id='par_1_22' title="bbox 2304 745 3868 820">
     <span class='ocr_line' id='line_1_22' title="bbox 2304 745 3868 820; baseline -0.004 -16"><span class='ocrx_word' id='word_1_150' title='bbox 2304 751 2507 820; x_wconf 80' lang='grc' dir='ltr'>τούτῳ;</span> <span class='ocrx_word' id='word_1_151' title='bbox 2553 751 2651 802; x_wconf 83' lang='grc' dir='ltr'><strong>οὐκ</strong></span> <span class='ocrx_word' id='word_1_152' title='bbox 2692 749 2918 802; x_wconf 84' lang='grc' dir='ltr'>ἐπαινῶ.</span> <span class='ocrx_word' id='word_1_153' title='bbox 2974 747 3115 815; x_wconf 84' lang='grc' dir='ltr'>Ἐγὼ</span> <span class='ocrx_word' id='word_1_154' title='bbox 3160 748 3271 818; x_wconf 85' lang='grc' dir='ltr'><strong>γὰρ</strong></span> <span class='ocrx_word' id='word_1_155' title='bbox 3306 746 3610 818; x_wconf 77' lang='grc' dir='ltr'>παρέλαϐον</span> <span class='ocrx_word' id='word_1_156' title='bbox 3648 745 3754 799; x_wconf 80' lang='grc' dir='ltr'><strong>ἀπὸ</strong></span> <span class='ocrx_word' id='word_1_157' title='bbox 3782 745 3868 799; x_wconf 83' lang='grc' dir='ltr'><strong>τοῦ</strong></span> 
     </span>
    </p>
   </div>
   <div class='ocr_carea' id='block_1_23' title="bbox 2307 835 3869 912">
    <p class='ocr_par' dir='ltr' id='par_1_23' title="bbox 2307 835 3869 912">
     <span class='ocr_line' id='line_1_23' title="bbox 2307 835 3869 912; baseline -0.003 -17"><span class='ocrx_word' id='word_1_158' title='bbox 2307 844 2532 912; x_wconf 82' lang='grc' dir='ltr'><strong>Κυρίου,</strong></span> <span class='ocrx_word' id='word_1_159' title='bbox 2566 842 2594 895; x_wconf 86' lang='grc' dir='ltr'><strong>ὃ</strong></span> <span class='ocrx_word' id='word_1_160' title='bbox 2618 841 2711 895; x_wconf 76' lang='grc' dir='ltr'><strong>καὶ</strong></span> <span class='ocrx_word' id='word_1_161' title='bbox 2741 841 3033 911; x_wconf 81' lang='grc' dir='ltr'>παρέδωκα</span> <span class='ocrx_word' id='word_1_162' title='bbox 3064 840 3224 908; x_wconf 80' lang='grc' dir='ltr'>ὑμῖν·</span> <span class='ocrx_word' id='word_1_163' title='bbox 3274 840 3355 893; x_wconf 79' lang='grc' dir='ltr'><strong>ὅτι</strong></span> <span class='ocrx_word' id='word_1_164' title='bbox 3383 841 3410 892; x_wconf 99' lang='lat'><strong>6</strong></span> <span class='ocrx_word' id='word_1_165' title='bbox 3436 838 3638 908; x_wconf 85' lang='grc' dir='ltr'>Κύριος</span> <span class='ocrx_word' id='word_1_166' title='bbox 3675 835 3869 907; x_wconf 80' lang='grc' dir='ltr'>Ἰησοῦς</span> 
     </span>
    </p>
   </div>
   <div class='ocr_carea' id='block_1_24' title="bbox 2304 926 3869 1004">
    <p class='ocr_par' dir='ltr' id='par_1_24' title="bbox 2304 926 3869 1004">
     <span class='ocr_line' id='line_1_24' title="bbox 2304 926 3869 1004; baseline -0.004 -17"><span class='ocrx_word' id='word_1_167' title='bbox 2304 934 2535 1004; x_wconf 83' lang='grc' dir='ltr'>Χριστὸς</span> <span class='ocrx_word' id='word_1_168' title='bbox 2564 935 2622 985; x_wconf 88' lang='grc' dir='ltr'><strong>ἐν</strong></span> <span class='ocrx_word' id='word_1_169' title='bbox 2657 936 2721 1003; x_wconf 81' lang='grc' dir='ltr'>τῇ</span> <span class='ocrx_word' id='word_1_170' title='bbox 2749 933 2905 984; x_wconf 80' lang='grc' dir='ltr'>νυκτὶ</span> <span class='ocrx_word' id='word_1_171' title='bbox 2937 926 2969 1004; x_wconf 85' lang='grc' dir='ltr'>ᾖ</span> <span class='ocrx_word' id='word_1_172' title='bbox 3007 929 3297 1001; x_wconf 79' lang='grc' dir='ltr'><strong>παρεδόθη,</strong></span> <span class='ocrx_word' id='word_1_173' title='bbox 3339 930 3530 983; x_wconf 77' lang='grc' dir='ltr'>ἐλαϐεν</span> <span class='ocrx_word' id='word_1_174' title='bbox 3556 929 3739 1000; x_wconf 86' lang='grc' dir='ltr'>ἄρτον,</span> <span class='ocrx_word' id='word_1_175' title='bbox 3780 927 3869 982; x_wconf 79' lang='grc' dir='ltr'>καὶ</span> 
     </span>
    </p>
   </div>
   <div class='ocr_carea' id='block_1_25' title="bbox 2304 1018 3869 1094">
    <p class='ocr_par' dir='ltr' id='par_1_25' title="bbox 2304 1018 3869 1094">
     <span class='ocr_line' id='line_1_25' title="bbox 2304 1018 3869 1094; baseline -0.002 -18"><span class='ocrx_word' id='word_1_176' title='bbox 2304 1025 2702 1094; x_wconf 78' lang='grc' dir='ltr'><strong>εὐχαριστήσας</strong></span> <span class='ocrx_word' id='word_1_177' title='bbox 2743 1023 2960 1087; x_wconf 77' lang='grc' dir='ltr'>ἔκλασε,</span> <span class='ocrx_word' id='word_1_178' title='bbox 2993 1022 3087 1075; x_wconf 72' lang='grc' dir='ltr'>καὶ</span> <span class='ocrx_word' id='word_1_179' title='bbox 3120 1018 3242 1074; x_wconf 77' lang='grc' dir='ltr'>εἷπε</span> <span class='ocrx_word' id='word_1_180' title='bbox 3264 1037 3281 1055; x_wconf 77' lang='grc' dir='ltr'><strong>ο</strong></span> <span class='ocrx_word' id='word_1_181' title='bbox 3317 1020 3487 1074; x_wconf 86' lang='grc' dir='ltr'>Τοῦτό</span> <span class='ocrx_word' id='word_1_182' title='bbox 3520 1020 3620 1090; x_wconf 91' lang='grc' dir='ltr'><strong>μού</strong></span> <span class='ocrx_word' id='word_1_183' title='bbox 3643 1019 3777 1085; x_wconf 79' lang='grc' dir='ltr'>,ἐστι</span> <span class='ocrx_word' id='word_1_184' title='bbox 3810 1020 3869 1073; x_wconf 86' lang='grc' dir='ltr'>τὸ</span> 
     </span>
    </p>
   </div>
   <div class='ocr_carea' id='block_1_26' title="bbox 2305 1112 3867 1186">
    <p class='ocr_par' dir='ltr' id='par_1_26' title="bbox 2305 1112 3867 1186">
     <span class='ocr_line' id='line_1_26' title="bbox 2305 1112 3867 1186; baseline -0.003 -18"><span class='ocrx_word' id='word_1_185' title='bbox 2305 1117 2464 1186; x_wconf 85' lang='grc' dir='ltr'>σῶμα</span> <span class='ocrx_word' id='word_1_186' title='bbox 2497 1116 2557 1168; x_wconf 77' lang='grc' dir='ltr'>τὸ</span> <span class='ocrx_word' id='word_1_187' title='bbox 2587 1115 2726 1185; x_wconf 82' lang='grc' dir='ltr'>ὑπὲρ</span> <span class='ocrx_word' id='word_1_188' title='bbox 2773 1114 2964 1183; x_wconf 81' lang='grc' dir='ltr'>ἡμῶν·</span> <span class='ocrx_word' id='word_1_189' title='bbox 3014 1112 3173 1166; x_wconf 88' lang='grc' dir='ltr'>τοῦτο</span> <span class='ocrx_word' id='word_1_190' title='bbox 3222 1114 3425 1166; x_wconf 82' lang='grc' dir='ltr'>ποιεῖτε</span> <span class='ocrx_word' id='word_1_191' title='bbox 3475 1114 3554 1176; x_wconf 91' lang='grc' dir='ltr'><strong>είς</strong></span> <span class='ocrx_word' id='word_1_192' title='bbox 3593 1112 3692 1182; x_wconf 86' lang='grc' dir='ltr'>τὴν</span> <span class='ocrx_word' id='word_1_193' title='bbox 3736 1113 3867 1184; x_wconf 79' lang='grc' dir='ltr'>ἐμὴν</span> 
     </span>
    </p>
   </div>
   <div class='ocr_carea' id='block_1_27' title="bbox 2303 1204 3865 1277">
    <p class='ocr_par' dir='ltr' id='par_1_27' title="bbox 2303 1204 3865 1277">
     <span class='ocr_line' id='line_1_27' title="bbox 2303 1204 3865 1277; baseline -0.001 -18"><span class='ocrx_word' id='word_1_194' title='bbox 2303 1207 2628 1277; x_wconf 87' lang='grc' dir='ltr'>ἀνάμνησιν.</span> <span class='ocrx_word' id='word_1_195' title='bbox 2687 1205 2960 1269; x_wconf 83' lang='grc' dir='ltr'><strong>Ὡσαύτως</strong></span> <span class='ocrx_word' id='word_1_196' title='bbox 2994 1206 3088 1258; x_wconf 75' lang='grc' dir='ltr'><strong>καὶ</strong></span> <span class='ocrx_word' id='word_1_197' title='bbox 3125 1205 3184 1258; x_wconf 85' lang='grc' dir='ltr'><strong>τὸ</strong></span> <span class='ocrx_word' id='word_1_198' title='bbox 3226 1206 3483 1275; x_wconf 82' lang='grc' dir='ltr'>ποτήριον</span> <span class='ocrx_word' id='word_1_199' title='bbox 3517 1204 3650 1275; x_wconf 73' lang='grc' dir='ltr'>μετὰ</span> <span class='ocrx_word' id='word_1_200' title='bbox 3683 1204 3744 1256; x_wconf 87' lang='grc' dir='ltr'><strong>τὸ</strong></span> <span class='ocrx_word' id='word_1_201' title='bbox 3767 1204 3865 1257; x_wconf 88' lang='grc' dir='ltr'>δει-</span> 
     </span>
    </p>
   </div>
   <div class='ocr_carea' id='block_1_28' title="bbox 2306 1296 3865 1369">
    <p class='ocr_par' dir='ltr' id='par_1_28' title="bbox 2306 1296 3865 1369">
     <span class='ocr_line' id='line_1_28' title="bbox 2306 1296 3865 1369; baseline -0.003 -18"><span class='ocrx_word' id='word_1_202' title='bbox 2306 1300 2529 1369; x_wconf 80' lang='grc' dir='ltr'>πνῆσαι,</span> <span class='ocrx_word' id='word_1_203' title='bbox 2569 1297 2745 1365; x_wconf 80' lang='grc' dir='ltr'>λέγων</span> <span class='ocrx_word' id='word_1_204' title='bbox 2766 1314 2779 1327; x_wconf 78' lang='lat'><strong><em>°</em></strong></span> <span class='ocrx_word' id='word_1_205' title='bbox 2811 1298 2980 1351; x_wconf 85' lang='grc' dir='ltr'>Τοῦτο</span> <span class='ocrx_word' id='word_1_206' title='bbox 3003 1298 3062 1351; x_wconf 84' lang='grc' dir='ltr'>τὸ</span> <span class='ocrx_word' id='word_1_207' title='bbox 3094 1298 3348 1367; x_wconf 88' lang='grc' dir='ltr'>ποτήριον</span> <span class='ocrx_word' id='word_1_208' title='bbox 3376 1298 3408 1366; x_wconf 87' lang='grc' dir='ltr'><strong>ή</strong></span> <span class='ocrx_word' id='word_1_209' title='bbox 3444 1296 3606 1366; x_wconf 83' lang='grc' dir='ltr'>καινὴ</span> <span class='ocrx_word' id='word_1_210' title='bbox 3633 1296 3865 1365; x_wconf 83' lang='grc' dir='ltr'>Διαθήκη</span> 
     </span>
    </p>
   </div>
   <div class='ocr_carea' id='block_1_29' title="bbox 2300 1386 3867 1459">
    <p class='ocr_par' dir='ltr' id='par_1_29' title="bbox 2300 1386 3867 1459">
     <span class='ocr_line' id='line_1_29' title="bbox 2300 1386 3867 1459; baseline -0.003 -18"><span class='ocrx_word' id='word_1_211' title='bbox 2300 1391 2468 1451; x_wconf 80' lang='grc' dir='ltr'>ἐστὶν,</span> <span class='ocrx_word' id='word_1_212' title='bbox 2497 1390 2555 1442; x_wconf 88' lang='grc' dir='ltr'><strong>ἐν</strong></span> <span class='ocrx_word' id='word_1_213' title='bbox 2580 1388 2655 1459; x_wconf 78' lang='grc' dir='ltr'>τῷ</span> <span class='ocrx_word' id='word_1_214' title='bbox 2677 1390 2868 1459; x_wconf 81' lang='grc' dir='ltr'>αἵματι</span> <span class='ocrx_word' id='word_1_215' title='bbox 2892 1388 2967 1458; x_wconf 85' lang='grc' dir='ltr'>τῷ</span> <span class='ocrx_word' id='word_1_216' title='bbox 2994 1389 3112 1458; x_wconf 85' lang='grc' dir='ltr'>ἐμῷ</span> <span class='ocrx_word' id='word_1_217' title='bbox 3129 1404 3141 1416; x_wconf 85' lang='grc'><strong>·</strong></span> <span class='ocrx_word' id='word_1_218' title='bbox 3173 1388 3326 1441; x_wconf 88' lang='grc' dir='ltr'>τοῦτο</span> <span class='ocrx_word' id='word_1_219' title='bbox 3350 1389 3573 1449; x_wconf 84' lang='grc' dir='ltr'>ποιεῖτε,</span> <span class='ocrx_word' id='word_1_220' title='bbox 3601 1388 3784 1446; x_wconf 83' lang='grc' dir='ltr'>ὁσάκις</span> <span class='ocrx_word' id='word_1_221' title='bbox 3805 1386 3867 1437; x_wconf 84' lang='grc' dir='ltr'><strong>ἂν</strong></span> 
     </span>
    </p>
   </div>
   <div class='ocr_carea' id='block_1_30' title="bbox 2301 1473 3866 1551">
    <p class='ocr_par' dir='ltr' id='par_1_30' title="bbox 2301 1473 3866 1551">
     <span class='ocr_line' id='line_1_30' title="bbox 2301 1473 3866 1551; baseline -0.004 -17"><span class='ocrx_word' id='word_1_222' title='bbox 2301 1482 2522 1543; x_wconf 74' lang='grc' dir='ltr'>ποιεῖτε,</span> <span class='ocrx_word' id='word_1_223' title='bbox 2557 1481 2633 1544; x_wconf 86' lang='grc' dir='ltr'><strong>είς</strong></span> <span class='ocrx_word' id='word_1_224' title='bbox 2659 1481 2757 1550; x_wconf 79' lang='grc' dir='ltr'>τὴν</span> <span class='ocrx_word' id='word_1_225' title='bbox 2786 1480 2928 1551; x_wconf 82' lang='grc' dir='ltr'>ἐμὴν</span> <span class='ocrx_word' id='word_1_226' title='bbox 2963 1480 3288 1548; x_wconf 86' lang='grc' dir='ltr'>ἀνάμνησιν.</span> <span class='ocrx_word' id='word_1_227' title='bbox 3319 1476 3541 1538; x_wconf 79' lang='grc' dir='ltr'>Ὁσάκις</span> <span class='ocrx_word' id='word_1_228' title='bbox 3568 1475 3633 1528; x_wconf 82' lang='grc' dir='ltr'>ἂν</span> <span class='ocrx_word' id='word_1_229' title='bbox 3658 1473 3866 1544; x_wconf 78' lang='grc' dir='ltr'>ἐσθίητε</span> 
     </span>
    </p>
   </div>
   <div class='ocr_carea' id='block_1_31' title="bbox 2298 1566 3862 1643">
    <p class='ocr_par' dir='ltr' id='par_1_31' title="bbox 2298 1566 3862 1643">
     <span class='ocr_line' id='line_1_31' title="bbox 2298 1566 3862 1643; baseline -0.005 -16"><span class='ocrx_word' id='word_1_230' title='bbox 2298 1574 2390 1627; x_wconf 84' lang='grc' dir='ltr'><strong>τὸν</strong></span> <span class='ocrx_word' id='word_1_231' title='bbox 2425 1574 2587 1643; x_wconf 84' lang='grc' dir='ltr'>ἄρτον</span> <span class='ocrx_word' id='word_1_232' title='bbox 2615 1574 2824 1640; x_wconf 91' lang='grc' dir='ltr'>τοῦτον,</span> <span class='ocrx_word' id='word_1_233' title='bbox 2858 1574 2953 1626; x_wconf 56' lang='grc' dir='ltr'><strong>καὶ⁵</strong></span> <span class='ocrx_word' id='word_1_234' title='bbox 2989 1570 3048 1625; x_wconf 80' lang='grc' dir='ltr'>τὸ</span> <span class='ocrx_word' id='word_1_235' title='bbox 3078 1571 3335 1640; x_wconf 89' lang='grc' dir='ltr'>ποτήριον</span> <span class='ocrx_word' id='word_1_236' title='bbox 3357 1570 3567 1637; x_wconf 87' lang='grc' dir='ltr'>πίνητε,</span> <span class='ocrx_word' id='word_1_237' title='bbox 3592 1568 3682 1620; x_wconf 85' lang='grc' dir='ltr'><strong>τὸν</strong></span> <span class='ocrx_word' id='word_1_238' title='bbox 3712 1566 3862 1620; x_wconf 78' lang='grc' dir='ltr'>θάνα·</span> 
     </span>
    </p>
   </div>
   <div class='ocr_carea' id='block_1_32' title="bbox 2298 1656 3867 1736">
    <p class='ocr_par' dir='ltr' id='par_1_32' title="bbox 2298 1656 3867 1736">
     <span class='ocr_line' id='line_1_32' title="bbox 2298 1656 3867 1736; baseline -0.005 -16"><span class='ocrx_word' id='word_1_239' title='bbox 2298 1685 2390 1720; x_wconf 90' lang='grc' dir='ltr'><strong>τον</strong></span> <span class='ocrx_word' id='word_1_240' title='bbox 2422 1666 2516 1719; x_wconf 88' lang='grc' dir='ltr'><strong>τοῦ</strong></span> <span class='ocrx_word' id='word_1_241' title='bbox 2544 1666 2748 1736; x_wconf 81' lang='grc' dir='ltr'>Κυρίου</span> <span class='ocrx_word' id='word_1_242' title='bbox 2787 1663 3206 1733; x_wconf 83' lang='grc' dir='ltr'>καταγγέλλετε,</span> <span class='ocrx_word' id='word_1_243' title='bbox 3245 1663 3405 1733; x_wconf 87' lang='grc' dir='ltr'>ἄχρις</span> <span class='ocrx_word' id='word_1_244' title='bbox 3434 1656 3493 1716; x_wconf 81' lang='grc' dir='ltr'><strong>οῦ</strong></span> <span class='ocrx_word' id='word_1_245' title='bbox 3537 1661 3721 1733; x_wconf 73' lang='grc' dir='ltr'><strong>ἔλθῃ.»</strong></span> <span class='ocrx_word' id='word_1_246' title='bbox 3764 1660 3867 1713; x_wconf 77' lang='grc' dir='ltr'>Καὶ</span> 
     </span>
    </p>
   </div>
   <div class='ocr_carea' id='block_1_33' title="bbox 2300 1750 3867 1829">
    <p class='ocr_par' dir='ltr' id='par_1_33' title="bbox 2300 1750 3867 1829">
     <span class='ocr_line' id='line_1_33' title="bbox 2300 1750 3867 1829; baseline -0.007 -17"><span class='ocrx_word' id='word_1_247' title='bbox 2300 1758 2444 1812; x_wconf 88' lang='grc' dir='ltr'>θεῖον</span> <span class='ocrx_word' id='word_1_248' title='bbox 2479 1759 2577 1829; x_wconf 79' lang='grc' dir='ltr'>μὲν</span> <span class='ocrx_word' id='word_1_249' title='bbox 2610 1757 2772 1811; x_wconf 79' lang='grc' dir='ltr'>ὅτιτὸ</span> <span class='ocrx_word' id='word_1_250' title='bbox 2804 1758 3122 1827; x_wconf 87' lang='grc' dir='ltr'>μυστήριον,</span> <span class='ocrx_word' id='word_1_251' title='bbox 3161 1755 3254 1808; x_wconf 79' lang='grc' dir='ltr'><strong>καὶ</strong></span> <span class='ocrx_word' id='word_1_252' title='bbox 3283 1752 3541 1818; x_wconf 75' lang='grc' dir='ltr'>ζωοποιδς</span> <span class='ocrx_word' id='word_1_253' title='bbox 3569 1754 3601 1822; x_wconf 87' lang='grc' dir='ltr'>ἠ</span> <span class='ocrx_word' id='word_1_254' title='bbox 3638 1750 3867 1821; x_wconf 83' lang='grc' dir='ltr'>μέθεξις,</span> 
     </span>
    </p>
   </div>
   <div class='ocr_carea' id='block_1_34' title="bbox 630 1841 2192 1919">
    <p class='ocr_par' dir='ltr' id='par_1_34' title="bbox 630 1845 2192 1908">
     <span class='ocr_line' id='line_1_34' title="bbox 630 1845 2192 1908; baseline 0.001 -10"><span class='ocrx_word' id='word_1_255' title='bbox 630 1860 747 1899; x_wconf 87' lang='lat' dir='ltr'><strong>cem</strong></span> <span class='ocrx_word' id='word_1_256' title='bbox 794 1846 1008 1908; x_wconf 87' lang='lat' dir='ltr'><strong>bibetis,</strong></span> <span class='ocrx_word' id='word_1_257' title='bbox 1040 1856 1266 1901; x_wconf 88' lang='lat' dir='ltr'><strong>mortem</strong></span> <span class='ocrx_word' id='word_1_258' title='bbox 1318 1845 1529 1900; x_wconf 89' lang='lat' dir='ltr'><strong>Domini</strong></span> <span class='ocrx_word' id='word_1_259' title='bbox 1587 1846 1973 1901; x_wconf 90' lang='lat' dir='ltr'><strong>annuntiabitis</strong></span> <span class='ocrx_word' id='word_1_260' title='bbox 2026 1846 2192 1900; x_wconf 88' lang='lat' dir='ltr'><strong>donec</strong></span> 
     </span>
    </p>
   </div>
   <div class='ocr_carea' id='block_1_35' title="bbox 2296 1841 3868 1919">
    <p class='ocr_par' dir='ltr' id='par_1_35' title="bbox 2298 1841 3868 1919">
     <span class='ocr_line' id='line_1_35' title="bbox 2298 1841 3868 1919; baseline -0.007 -16"><span class='ocrx_word' id='word_1_261' title='bbox 2298 1851 2391 1903; x_wconf 75' lang='grc' dir='ltr'>καὶ</span> <span class='ocrx_word' id='word_1_262' title='bbox 2422 1849 2520 1919; x_wconf 82' lang='grc' dir='ltr'><strong>τὴς</strong></span> <span class='ocrx_word' id='word_1_263' title='bbox 2547 1848 2884 1918; x_wconf 85' lang='grc' dir='ltr'>ἀναιμάκτου</span> <span class='ocrx_word' id='word_1_264' title='bbox 2916 1846 3145 1916; x_wconf 81' lang='grc' dir='ltr'>ταυτησὶ</span> <span class='ocrx_word' id='word_1_265' title='bbox 3187 1845 3375 1908; x_wconf 83' lang='grc' dir='ltr'>θυσίας</span> <span class='ocrx_word' id='word_1_266' title='bbox 3402 1844 3434 1915; x_wconf 77' lang='grc' dir='ltr'><strong>ἡ</strong></span> <span class='ocrx_word' id='word_1_267' title='bbox 3458 1843 3686 1912; x_wconf 87' lang='grc' dir='ltr'>δύναμις</span> <span class='ocrx_word' id='word_1_268' title='bbox 3721 1841 3868 1910; x_wconf 83' lang='grc' dir='ltr'>παρὰ</span> 
     </span>
    </p>
   </div>
   <div class='ocr_carea' id='block_1_36' title="bbox 627 1935 2190 2006">
    <p class='ocr_par' dir='ltr' id='par_1_36' title="bbox 627 1935 2190 2006">
     <span class='ocr_line' id='line_1_36' title="bbox 627 1935 2190 2006; baseline 0.001 -19"><span class='ocrx_word' id='word_1_269' title='bbox 627 1936 891 1988; x_wconf 82' lang='lat' dir='ltr'><strong>veniat&quot;.</strong></span> <span class='ocrx_word' id='word_1_270' title='bbox 932 1954 949 1989; x_wconf 72' lang='grc' dir='ltr'><strong>ι</strong></span> <span class='ocrx_word' id='word_1_271' title='bbox 984 1936 1058 1989; x_wconf 83' lang='lat' dir='ltr'><strong>Ac</strong></span> <span class='ocrx_word' id='word_1_272' title='bbox 1079 1936 1316 1990; x_wconf 90' lang='lat' dir='ltr'><strong>divinum</strong></span> <span class='ocrx_word' id='word_1_273' title='bbox 1349 1936 1568 2005; x_wconf 89' lang='lat' dir='ltr'><strong>quidem</strong></span> <span class='ocrx_word' id='word_1_274' title='bbox 1598 1935 1698 1990; x_wconf 91' lang='lat' dir='ltr'><strong>hoc</strong></span> <span class='ocrx_word' id='word_1_275' title='bbox 1730 1950 1850 1991; x_wconf 88' lang='lat' dir='ltr'><strong>esse</strong></span> <span class='ocrx_word' id='word_1_276' title='bbox 1880 1936 2190 2006; x_wconf 78' lang='lat' dir='ltr'><strong>mysterium</strong></span> 
     </span>
    </p>
   </div>
   <div class='ocr_carea' id='block_1_37' title="bbox 628 2026 2195 2097">
    <p class='ocr_par' dir='ltr' id='par_1_37' title="bbox 628 2026 2195 2097">
     <span class='ocr_line' id='line_1_37' title="bbox 628 2026 2195 2097; baseline 0.002 -19"><span class='ocrx_word' id='word_1_277' title='bbox 628 2026 1204 2097; x_wconf 86' lang='lat' dir='ltr'><strong>participationemquc</strong></span> <span class='ocrx_word' id='word_1_278' title='bbox 1227 2027 1340 2094; x_wconf 88' lang='lat' dir='ltr'><strong>ejus</strong></span> <span class='ocrx_word' id='word_1_279' title='bbox 1373 2028 1665 2093; x_wconf 86' lang='lat' dir='ltr'><strong>viviﬁcam,</strong></span> <span class='ocrx_word' id='word_1_280' title='bbox 1704 2038 1756 2083; x_wconf 91' lang='lat' dir='ltr'><strong>et</strong></span> <span class='ocrx_word' id='word_1_281' title='bbox 1786 2029 2080 2084; x_wconf 54' lang='lat' dir='ltr'><strong>incruentas</strong></span> <span class='ocrx_word' id='word_1_282' title='bbox 2102 2028 2195 2083; x_wconf 87' lang='lat' dir='ltr'><strong>hu-</strong></span> 
     </span>
    </p>
   </div>
   <div class='ocr_carea' id='block_1_38' title="bbox 622 2118 2187 2189">
    <p class='ocr_par' dir='ltr' id='par_1_38' title="bbox 622 2118 2187 2189">
     <span class='ocr_line' id='line_1_38' title="bbox 622 2118 2187 2189; baseline 0.002 -18"><span class='ocrx_word' id='word_1_283' title='bbox 622 2118 711 2185; x_wconf 94' lang='lat' dir='ltr'><strong>jus</strong></span> <span class='ocrx_word' id='word_1_284' title='bbox 738 2120 925 2175; x_wconf 73' lang='lat' dir='ltr'><strong>hostiae</strong></span> <span class='ocrx_word' id='word_1_285' title='bbox 948 2123 1052 2173; x_wconf 90' lang='lat' dir='ltr'><strong>vim</strong></span> <span class='ocrx_word' id='word_1_286' title='bbox 1075 2120 1229 2187; x_wconf 90' lang='lat' dir='ltr'><strong>longe</strong></span> <span class='ocrx_word' id='word_1_287' title='bbox 1253 2120 1341 2174; x_wconf 92' lang='lat' dir='ltr'><strong>illo</strong></span> <span class='ocrx_word' id='word_1_288' title='bbox 1369 2120 1524 2188; x_wconf 81' lang='lat' dir='ltr'><strong>legali</strong></span> <span class='ocrx_word' id='word_1_289' title='bbox 1556 2120 1703 2175; x_wconf 92' lang='lat' dir='ltr'><strong>cultu</strong></span> <span class='ocrx_word' id='word_1_290' title='bbox 1735 2121 2187 2189; x_wconf 72' lang='lat' dir='ltr'><strong>praestantiorem,</strong></span> 
     </span>
    </p>
   </div>
   <div class='ocr_carea' id='block_1_39' title="bbox 628 2209 2193 2281">
    <p class='ocr_par' dir='ltr' id='par_1_39' title="bbox 628 2209 2193 2281">
     <span class='ocr_line' id='line_1_39' title="bbox 628 2209 2193 2281; baseline 0.002 -19"><span class='ocrx_word' id='word_1_291' title='bbox 628 2209 890 2278; x_wconf 79' lang='lat' dir='ltr'><strong>perfacile</strong></span> <span class='ocrx_word' id='word_1_292' title='bbox 933 2221 1015 2264; x_wconf 85' lang='lat' dir='ltr'><strong>est</strong></span> <span class='ocrx_word' id='word_1_293' title='bbox 1037 2212 1220 2265; x_wconf 82' lang='lat' dir='ltr'><strong>videre</strong></span> <span class='ocrx_word' id='word_1_294' title='bbox 1246 2211 1327 2281; x_wconf 82' lang='lat' dir='ltr'><strong>vel</strong></span> <span class='ocrx_word' id='word_1_295' title='bbox 1358 2210 1423 2265; x_wconf 90' lang='lat' dir='ltr'><strong>ab</strong></span> <span class='ocrx_word' id='word_1_296' title='bbox 1449 2225 1514 2265; x_wconf 91' lang='lat' dir='ltr'><strong>eo</strong></span> <span class='ocrx_word' id='word_1_297' title='bbox 1540 2212 1676 2280; x_wconf 86' lang='lat' dir='ltr'><strong>ipso,</strong></span> <span class='ocrx_word' id='word_1_298' title='bbox 1713 2211 1856 2281; x_wconf 90' lang='lat' dir='ltr'><strong>quod</strong></span> <span class='ocrx_word' id='word_1_299' title='bbox 1884 2211 1971 2265; x_wconf 85' lang='lat' dir='ltr'><strong>illa</strong></span> <span class='ocrx_word' id='word_1_300' title='bbox 2002 2211 2193 2280; x_wconf 86' lang='lat' dir='ltr'><strong>priscis</strong></span> 
     </span>
    </p>
   </div>
   <div class='ocr_carea' id='block_1_40' title="bbox 629 2302 2190 2373">
    <p class='ocr_par' dir='ltr' id='par_1_40' title="bbox 629 2302 2190 2373">
     <span class='ocr_line' id='line_1_40' title="bbox 629 2302 2190 2373; baseline 0.002 -20"><span class='ocrx_word' id='word_1_301' title='bbox 629 2302 939 2356; x_wconf 89' lang='lat' dir='ltr'><strong>hominibus</strong></span> <span class='ocrx_word' id='word_1_302' title='bbox 986 2304 1190 2356; x_wconf 82' lang='lat' dir='ltr'><strong>suneita</strong></span> <span class='ocrx_word' id='word_1_303' title='bbox 1235 2318 1332 2373; x_wconf 88' lang='lat' dir='ltr'><strong>per</strong></span> <span class='ocrx_word' id='word_1_304' title='bbox 1385 2302 1589 2367; x_wconf 77' lang='lat' dir='ltr'><strong>Mosen,</strong></span> <span class='ocrx_word' id='word_1_305' title='bbox 1650 2304 1840 2357; x_wconf 87' lang='lat' dir='ltr'><strong>umbra</strong></span> <span class='ocrx_word' id='word_1_306' title='bbox 1919 2303 2190 2370; x_wconf 88' lang='lat' dir='ltr'><strong>dicuntur,</strong></span> 
     </span>
    </p>
   </div>
   <div class='ocr_carea' id='block_1_41' title="bbox 627 2391 2188 2463">
    <p class='ocr_par' dir='ltr' id='par_1_41' title="bbox 627 2391 2188 2463">
     <span class='ocr_line' id='line_1_41' title="bbox 627 2391 2188 2463; baseline 0.002 -19"><span class='ocrx_word' id='word_1_307' title='bbox 627 2391 878 2446; x_wconf 86' lang='lat' dir='ltr'><strong>Christus</strong></span> <span class='ocrx_word' id='word_1_308' title='bbox 925 2408 1051 2447; x_wconf 80' lang='lat' dir='ltr'><strong>vero</strong></span> <span class='ocrx_word' id='word_1_309' title='bbox 1078 2392 1298 2462; x_wconf 83' lang='lat' dir='ltr'><strong>ejusque</strong></span> <span class='ocrx_word' id='word_1_310' title='bbox 1328 2394 1533 2456; x_wconf 80' lang='lat' dir='ltr'><strong>omnia,</strong></span> <span class='ocrx_word' id='word_1_311' title='bbox 1583 2394 1790 2449; x_wconf 85' lang='lat' dir='ltr'><strong>veritas</strong></span> <span class='ocrx_word' id='word_1_312' title='bbox 1822 2394 2188 2463; x_wconf 80' lang='lat' dir='ltr'><strong>appellantur;</strong></span> 
     </span>
    </p>
   </div>
   <div class='ocr_carea' id='block_1_42' title="bbox 628 2482 2192 2553">
    <p class='ocr_par' dir='ltr' id='par_1_42' title="bbox 628 2482 2192 2553">
     <span class='ocr_line' id='line_1_42' title="bbox 628 2482 2192 2553; baseline 0.005 -22"><span class='ocrx_word' id='word_1_313' title='bbox 628 2482 693 2534; x_wconf 87' lang='lat' dir='ltr'><strong>ad</strong></span> <span class='ocrx_word' id='word_1_314' title='bbox 719 2496 946 2550; x_wconf 89' lang='lat' dir='ltr'><strong>eamque</strong></span> <span class='ocrx_word' id='word_1_315' title='bbox 971 2499 1085 2537; x_wconf 89' lang='lat' dir='ltr'><strong>rem</strong></span> <span class='ocrx_word' id='word_1_316' title='bbox 1112 2485 1535 2538; x_wconf 89' lang='lat' dir='ltr'><strong>conﬁrmandam</strong></span> <span class='ocrx_word' id='word_1_317' title='bbox 1565 2484 1719 2538; x_wconf 89' lang='lat' dir='ltr'><strong>nobis</strong></span> <span class='ocrx_word' id='word_1_318' title='bbox 1744 2486 1849 2540; x_wconf 90' lang='lat' dir='ltr'><strong>erit</strong></span> <span class='ocrx_word' id='word_1_319' title='bbox 1886 2485 2192 2553; x_wconf 84' lang='lat' dir='ltr'><strong>adjumento</strong></span> 
     </span>
    </p>
   </div>
   <div class='ocr_carea' id='block_1_43' title="bbox 628 2572 2189 2644">
    <p class='ocr_par' dir='ltr' id='par_1_43' title="bbox 628 2572 2189 2644">
     <span class='ocr_line' id='line_1_43' title="bbox 628 2572 2189 2644; baseline 0.003 -21"><span class='ocrx_word' id='word_1_320' title='bbox 628 2572 818 2624; x_wconf 87' lang='lat' dir='ltr'><strong>beatus</strong></span> <span class='ocrx_word' id='word_1_321' title='bbox 841 2572 1059 2639; x_wconf 77' lang='lat' dir='ltr'><strong>Paulus,</strong></span> <span class='ocrx_word' id='word_1_322' title='bbox 1090 2574 1180 2642; x_wconf 88' lang='lat' dir='ltr'><strong>qui</strong></span> <span class='ocrx_word' id='word_1_323' title='bbox 1214 2574 1294 2627; x_wconf 91' lang='lat' dir='ltr'><strong>sic</strong></span> <span class='ocrx_word' id='word_1_324' title='bbox 1333 2575 1588 2643; x_wconf 82' lang='lat' dir='ltr'><strong>scripsit:</strong></span> <span class='ocrx_word' id='word_1_325' title='bbox 1638 2593 1655 2625; x_wconf 74' lang='grc' dir='ltr'><strong>ι</strong></span> <span class='ocrx_word' id='word_1_326' title='bbox 1695 2572 1905 2629; x_wconf 89' lang='lat' dir='ltr'><strong>lrritam</strong></span> <span class='ocrx_word' id='word_1_327' title='bbox 1956 2576 2077 2644; x_wconf 90' lang='lat' dir='ltr'><strong>quis</strong></span> <span class='ocrx_word' id='word_1_328' title='bbox 2112 2574 2189 2628; x_wconf 86' lang='lat' dir='ltr'><strong>fa-</strong></span> 
     </span>
    </p>
   </div>
   <div class='ocr_carea' id='block_1_44' title="bbox 625 2662 2191 2731">
    <p class='ocr_par' dir='ltr' id='par_1_44' title="bbox 625 2662 2191 2731">
     <span class='ocr_line' id='line_1_44' title="bbox 625 2662 2191 2731; baseline 0.004 -17"><span class='ocrx_word' id='word_1_329' title='bbox 625 2662 779 2716; x_wconf 89' lang='lat' dir='ltr'><strong>ciens</strong></span> <span class='ocrx_word' id='word_1_330' title='bbox 800 2662 967 2731; x_wconf 83' lang='lat' dir='ltr'><strong>legem</strong></span> <span class='ocrx_word' id='word_1_331' title='bbox 997 2662 1146 2728; x_wconf 82' lang='lat' dir='ltr'><strong>Mosi,</strong></span> <span class='ocrx_word' id='word_1_332' title='bbox 1173 2664 1291 2718; x_wconf 88' lang='lat' dir='ltr'><strong>sine</strong></span> <span class='ocrx_word' id='word_1_333' title='bbox 1322 2664 1426 2718; x_wconf 91' lang='lat' dir='ltr'><strong>ulla</strong></span> <span class='ocrx_word' id='word_1_334' title='bbox 1461 2665 1813 2720; x_wconf 87' lang='lat' dir='ltr'><strong>miseratione</strong></span> <span class='ocrx_word' id='word_1_335' title='bbox 1866 2666 2077 2721; x_wconf 91' lang='lat' dir='ltr'><strong>duobus</strong></span> <span class='ocrx_word' id='word_1_336' title='bbox 2104 2667 2191 2722; x_wconf 84' lang='lat' dir='ltr'><strong>vel</strong></span> 
     </span>
    </p>
   </div>
   <div class='ocr_carea' id='block_1_45' title="bbox 627 2752 2194 2827">
    <p class='ocr_par' dir='ltr' id='par_1_45' title="bbox 627 2752 2194 2827">
     <span class='ocr_line' id='line_1_45' title="bbox 627 2752 2194 2827; baseline 0.006 -23"><span class='ocrx_word' id='word_1_337' title='bbox 627 2752 798 2808; x_wconf 86' lang='lat' dir='ltr'><strong>tribus</strong></span> <span class='ocrx_word' id='word_1_338' title='bbox 830 2754 1051 2809; x_wconf 87' lang='lat' dir='ltr'><strong>testibus</strong></span> <span class='ocrx_word' id='word_1_339' title='bbox 1078 2757 1304 2809; x_wconf 86' lang='lat' dir='ltr'><strong>moritur</strong></span> <span class='ocrx_word' id='word_1_340' title='bbox 1329 2775 1342 2808; x_wconf 92' lang='lat'><strong>:</strong></span> <span class='ocrx_word' id='word_1_341' title='bbox 1368 2766 1566 2823; x_wconf 85' lang='lat' dir='ltr'><strong>quanto</strong></span> <span class='ocrx_word' id='word_1_342' title='bbox 1586 2758 1756 2826; x_wconf 88' lang='lat' dir='ltr'><strong>magis</strong></span> <span class='ocrx_word' id='word_1_343' title='bbox 1811 2760 2012 2827; x_wconf 85' lang='lat' dir='ltr'><strong>putatis</strong></span> <span class='ocrx_word' id='word_1_344' title='bbox 2048 2759 2194 2814; x_wconf 83' lang='lat' dir='ltr'><strong>dete-</strong></span> 
     </span>
    </p>
   </div>
   <div class='ocr_carea' id='block_1_46' title="bbox 629 2846 2191 2917">
    <p class='ocr_par' dir='ltr' id='par_1_46' title="bbox 629 2846 2191 2917">
     <span class='ocr_line' id='line_1_46' title="bbox 629 2846 2191 2917; baseline 0.006 -21"><span class='ocrx_word' id='word_1_345' title='bbox 629 2846 771 2899; x_wconf 89' lang='lat' dir='ltr'><strong>riora</strong></span> <span class='ocrx_word' id='word_1_346' title='bbox 806 2847 999 2901; x_wconf 88' lang='lat' dir='ltr'><strong>mereri</strong></span> <span class='ocrx_word' id='word_1_347' title='bbox 1029 2847 1311 2917; x_wconf 85' lang='lat' dir='ltr'><strong>supplicia,</strong></span> <span class='ocrx_word' id='word_1_348' title='bbox 1340 2848 1431 2916; x_wconf 92' lang='lat' dir='ltr'><strong>qui</strong></span> <span class='ocrx_word' id='word_1_349' title='bbox 1459 2846 1652 2902; x_wconf 89' lang='lat' dir='ltr'><strong>Filium</strong></span> <span class='ocrx_word' id='word_1_350' title='bbox 1701 2848 1795 2902; x_wconf 91' lang='lat' dir='ltr'><strong>Dei</strong></span> <span class='ocrx_word' id='word_1_351' title='bbox 1844 2849 2191 2906; x_wconf 86' lang='lat' dir='ltr'><strong>conculcave-</strong></span> 
     </span>
    </p>
   </div>
   <div class='ocr_carea' id='block_1_47' title="bbox 626 2937 2191 3009">
    <p class='ocr_par' dir='ltr' id='par_1_47' title="bbox 626 2937 2191 3009">
     <span class='ocr_line' id='line_1_47' title="bbox 626 2937 2191 3009; baseline 0.005 -20"><span class='ocrx_word' id='word_1_352' title='bbox 626 2937 714 2999; x_wconf 84' lang='lat' dir='ltr'><strong>rit,</strong></span> <span class='ocrx_word' id='word_1_353' title='bbox 752 2947 807 2990; x_wconf 91' lang='lat' dir='ltr'><strong>ct</strong></span> <span class='ocrx_word' id='word_1_354' title='bbox 830 2937 1143 3005; x_wconf 87' lang='lat' dir='ltr'><strong>sanguinem</strong></span> <span class='ocrx_word' id='word_1_355' title='bbox 1175 2938 1507 2993; x_wconf 88' lang='lat' dir='ltr'><strong>Testamenti</strong></span> <span class='ocrx_word' id='word_1_356' title='bbox 1555 2939 1817 3009; x_wconf 89' lang='lat' dir='ltr'><strong>pollutum</strong></span> <span class='ocrx_word' id='word_1_357' title='bbox 1862 2940 2091 3005; x_wconf 81' lang='lat' dir='ltr'><strong>duxerit,</strong></span> <span class='ocrx_word' id='word_1_358' title='bbox 2139 2942 2191 2997; x_wconf 91' lang='lat' dir='ltr'><strong>in</strong></span> 
     </span>
    </p>
   </div>
   <div class='ocr_carea' id='block_1_48' title="bbox 624 3021 2201 3101">
    <p class='ocr_par' dir='ltr' id='par_1_48' title="bbox 624 3021 2201 3101">
     <span class='ocr_line' id='line_1_48' title="bbox 624 3021 2201 3101; baseline 0.005 -23"><span class='ocrx_word' id='word_1_359' title='bbox 624 3042 731 3094; x_wconf 89' lang='lat' dir='ltr'><strong>quo</strong></span> <span class='ocrx_word' id='word_1_360' title='bbox 757 3027 1123 3082; x_wconf 88' lang='lat' dir='ltr'><strong>sanetiﬁcatus</strong></span> <span class='ocrx_word' id='word_1_361' title='bbox 1146 3038 1247 3095; x_wconf 92' lang='lat' dir='ltr'><strong>cst,</strong></span> <span class='ocrx_word' id='word_1_362' title='bbox 1265 3039 1319 3084; x_wconf 92' lang='lat' dir='ltr'><strong>et</strong></span> <span class='ocrx_word' id='word_1_363' title='bbox 1347 3029 1572 3101; x_wconf 89' lang='lat' dir='ltr'><strong>Spiritui</strong></span> <span class='ocrx_word' id='word_1_364' title='bbox 1596 3033 1781 3101; x_wconf 65' lang='lat' dir='ltr'><strong>gratim</strong></span> <span class='ocrx_word' id='word_1_365' title='bbox 1808 3021 2201 3087; x_wconf 76' lang='lat' dir='ltr'><strong>contumeliam&#39;</strong></span> 
     </span>
    </p>
   </div>
   <div class='ocr_carea' id='block_1_49' title="bbox 622 3117 2192 3179">
    <p class='ocr_par' dir='ltr' id='par_1_49' title="bbox 622 3117 2192 3179">
     <span class='ocr_line' id='line_1_49' title="bbox 622 3117 2192 3179; baseline 0.004 -7"><span class='ocrx_word' id='word_1_366' title='bbox 622 3117 811 3172; x_wconf 79' lang='lat' dir='ltr'><strong>fecerit</strong></span> <span class='ocrx_word' id='word_1_367' title='bbox 838 3119 926 3173; x_wconf 70' lang='lat'><strong>9&quot;‘3</strong></span> <span class='ocrx_word' id='word_1_368' title='bbox 977 3136 996 3170; x_wconf 73' lang='grc' dir='ltr'><strong>ι</strong></span> <span class='ocrx_word' id='word_1_369' title='bbox 1062 3119 1303 3177; x_wconf 88' lang='lat' dir='ltr'><strong>Edebant</strong></span> <span class='ocrx_word' id='word_1_370' title='bbox 1353 3124 1499 3178; x_wconf 88' lang='lat' dir='ltr'><strong>enim</strong></span> <span class='ocrx_word' id='word_1_371' title='bbox 1566 3123 1643 3179; x_wconf 89' lang='lat' dir='ltr'><strong>illi</strong></span> <span class='ocrx_word' id='word_1_372' title='bbox 1680 3132 1891 3179; x_wconf 84' lang='lat' dir='ltr'><strong>veteres</strong></span> <span class='ocrx_word' id='word_1_373' title='bbox 1948 3124 2192 3179; x_wconf 85' lang='lat' dir='ltr'><strong>homines</strong></span> 
     </span>
    </p>
   </div>
   <div class='ocr_carea' id='block_1_50' title="bbox 2298 1933 3870 2009">
    <p class='ocr_par' dir='ltr' id='par_1_50' title="bbox 2298 1933 3870 2009">
     <span class='ocr_line' id='line_1_50' title="bbox 2298 1933 3870 2009; baseline -0.006 -16"><span class='ocrx_word' id='word_1_374' title='bbox 2298 1942 2432 1994; x_wconf 82' lang='grc' dir='ltr'>πολὺ</span> <span class='ocrx_word' id='word_1_375' title='bbox 2470 1940 2569 2009; x_wconf 79' lang='grc' dir='ltr'>τῆς</span> <span class='ocrx_word' id='word_1_376' title='bbox 2599 1939 2658 1993; x_wconf 86' lang='grc' dir='ltr'><strong>ἐν</strong></span> <span class='ocrx_word' id='word_1_377' title='bbox 2686 1940 2836 2009; x_wconf 86' lang='grc' dir='ltr'>νόμῳ</span> <span class='ocrx_word' id='word_1_378' title='bbox 2883 1936 3137 2008; x_wconf 83' lang='grc' dir='ltr'>λατρείας</span> <span class='ocrx_word' id='word_1_379' title='bbox 3179 1935 3440 2005; x_wconf 86' lang='grc' dir='ltr'>ἀμείνων,</span> <span class='ocrx_word' id='word_1_380' title='bbox 3494 1933 3870 2000; x_wconf 84' lang='grc' dir='ltr'>ἀταλαίπωρον</span> 
     </span>
    </p>
   </div>
   <div class='ocr_carea' id='block_1_51' title="bbox 2300 2024 3869 2096">
    <p class='ocr_par' dir='ltr' id='par_1_51' title="bbox 2300 2024 3869 2096">
     <span class='ocr_line' id='line_1_51' title="bbox 2300 2024 3869 2096; baseline -0.006 -12"><span class='ocrx_word' id='word_1_381' title='bbox 2300 2031 2445 2096; x_wconf 74' lang='grc' dir='ltr'>ἰδεῖν,</span> <span class='ocrx_word' id='word_1_382' title='bbox 2486 2029 2581 2084; x_wconf 70' lang='grc' dir='ltr'>καὶ</span> <span class='ocrx_word' id='word_1_383' title='bbox 2608 2030 2683 2091; x_wconf 85' lang='grc' dir='ltr'>ὡς</span> <span class='ocrx_word' id='word_1_384' title='bbox 2714 2029 2821 2082; x_wconf 86' lang='grc' dir='ltr'><strong>ἀπό</strong></span> <span class='ocrx_word' id='word_1_385' title='bbox 2859 2046 2922 2096; x_wconf 91' lang='grc' dir='ltr'><strong>γε</strong></span> <span class='ocrx_word' id='word_1_386' title='bbox 2950 2028 3044 2080; x_wconf 89' lang='grc' dir='ltr'><strong>τοῦ</strong></span> <span class='ocrx_word' id='word_1_387' title='bbox 3083 2026 3335 2095; x_wconf 78' lang='grc' dir='ltr'>λέγεσθαι</span> <span class='ocrx_word' id='word_1_388' title='bbox 3366 2026 3523 2078; x_wconf 80' lang='grc' dir='ltr'>σκιὰν</span> <span class='ocrx_word' id='word_1_389' title='bbox 3556 2024 3655 2093; x_wconf 81' lang='grc' dir='ltr'>μὲν</span> <span class='ocrx_word' id='word_1_390' title='bbox 3690 2024 3869 2076; x_wconf 83' lang='grc' dir='ltr'>ἐκεῖνα</span> 
     </span>
    </p>
   </div>
   <div class='ocr_carea' id='block_1_52' title="bbox 2296 2116 3868 2192">
    <p class='ocr_par' dir='ltr' id='par_1_52' title="bbox 2296 2116 3868 2192">
     <span class='ocr_line' id='line_1_52' title="bbox 2296 2116 3868 2192; baseline -0.004 -17"><span class='ocrx_word' id='word_1_391' title='bbox 2296 2123 2365 2177; x_wconf 90' lang='grc' dir='ltr'><strong>τά</strong></span> <span class='ocrx_word' id='word_1_392' title='bbox 2416 2122 2503 2175; x_wconf 84' lang='grc' dir='ltr'>διὰ</span> <span class='ocrx_word' id='word_1_393' title='bbox 2561 2123 2803 2186; x_wconf 82' lang='grc' dir='ltr'>Μωσέως</span> <span class='ocrx_word' id='word_1_394' title='bbox 2857 2124 2967 2186; x_wconf 87' lang='grc' dir='ltr'>τοῖς</span> <span class='ocrx_word' id='word_1_395' title='bbox 3019 2121 3395 2192; x_wconf 82' lang='grc' dir='ltr'>ἀρχαιοτέροις</span> <span class='ocrx_word' id='word_1_396' title='bbox 3450 2116 3868 2187; x_wconf 86' lang='grc' dir='ltr'>τεθεσπισμένα,</span> 
     </span>
    </p>
   </div>
   <div class='ocr_carea' id='block_1_53' title="bbox 2298 2206 3867 2285">
    <p class='ocr_par' dir='ltr' id='par_1_53' title="bbox 2298 2206 3867 2285">
     <span class='ocr_line' id='line_1_53' title="bbox 2298 2206 3867 2285; baseline -0.006 -19"><span class='ocrx_word' id='word_1_397' title='bbox 2298 2213 2533 2285; x_wconf 89' lang='grc' dir='ltr'>Χριστόν</span> <span class='ocrx_word' id='word_1_398' title='bbox 2564 2230 2628 2282; x_wconf 90' lang='grc' dir='ltr'><strong>γε</strong></span> <span class='ocrx_word' id='word_1_399' title='bbox 2673 2213 2779 2284; x_wconf 86' lang='grc' dir='ltr'><strong>μὴν</strong></span> <span class='ocrx_word' id='word_1_400' title='bbox 2816 2207 2956 2265; x_wconf 76' lang='grc' dir='ltr'>εῖναι</span> <span class='ocrx_word' id='word_1_401' title='bbox 2992 2213 3085 2265; x_wconf 71' lang='grc' dir='ltr'>καὶ</span> <span class='ocrx_word' id='word_1_402' title='bbox 3123 2211 3194 2265; x_wconf 84' lang='grc' dir='ltr'>τὰ</span> <span class='ocrx_word' id='word_1_403' title='bbox 3236 2210 3401 2264; x_wconf 81' lang='grc' dir='ltr'>αὑτοῦ</span> <span class='ocrx_word' id='word_1_404' title='bbox 3439 2209 3538 2280; x_wconf 80' lang='grc' dir='ltr'><strong>τὴν</strong></span> <span class='ocrx_word' id='word_1_405' title='bbox 3571 2206 3827 2277; x_wconf 83' lang='grc' dir='ltr'>ἀλήθειαν</span> <span class='ocrx_word' id='word_1_406' title='bbox 3852 2220 3867 2236; x_wconf 79' lang='grc'><strong><em>⁸</em></strong></span> 
     </span>
    </p>
   </div>
   <div class='ocr_carea' id='block_1_54' title="bbox 2299 2298 3868 2375">
    <p class='ocr_par' dir='ltr' id='par_1_54' title="bbox 2299 2298 3868 2375">
     <span class='ocr_line' id='line_1_54' title="bbox 2299 2298 3868 2375; baseline -0.006 -19"><span class='ocrx_word' id='word_1_407' title='bbox 2299 2303 2625 2375; x_wconf 80' lang='grc' dir='ltr'>συλλήψεται</span> <span class='ocrx_word' id='word_1_408' title='bbox 2675 2303 2731 2357; x_wconf 85' lang='grc' dir='ltr'>δὲ</span> <span class='ocrx_word' id='word_1_409' title='bbox 2777 2302 2913 2372; x_wconf 81' lang='grc' dir='ltr'>πρὸς</span> <span class='ocrx_word' id='word_1_410' title='bbox 2955 2301 3113 2355; x_wconf 88' lang='grc' dir='ltr'>τοῦτο</span> <span class='ocrx_word' id='word_1_411' title='bbox 3165 2303 3295 2372; x_wconf 83' lang='grc' dir='ltr'>ἡμῖν</span> <span class='ocrx_word' id='word_1_412' title='bbox 3344 2301 3437 2354; x_wconf 77' lang='grc' dir='ltr'>καὶ</span> <span class='ocrx_word' id='word_1_413' title='bbox 3489 2302 3518 2351; x_wconf 90' lang='lat'><strong>6</strong></span> <span class='ocrx_word' id='word_1_414' title='bbox 3565 2298 3868 2365; x_wconf 80' lang='grc' dir='ltr'>σοφώτατος</span> 
     </span>
    </p>
   </div>
   <div class='ocr_carea' id='block_1_55' title="bbox 2299 2389 3868 2462">
    <p class='ocr_par' dir='ltr' id='par_1_55' title="bbox 2299 2389 3868 2462">
     <span class='ocr_line' id='line_1_55' title="bbox 2299 2389 3868 2462; baseline -0.003 -17"><span class='ocrx_word' id='word_1_415' title='bbox 2299 2392 2526 2457; x_wconf 84' lang='grc' dir='ltr'>Παῦλος,</span> <span class='ocrx_word' id='word_1_416' title='bbox 2558 2392 2653 2445; x_wconf 70' lang='grc' dir='ltr'>ώδῒ</span> <span class='ocrx_word' id='word_1_417' title='bbox 2680 2391 2969 2462; x_wconf 80' lang='grc' dir='ltr'>γεγραφώς</span> <span class='ocrx_word' id='word_1_418' title='bbox 2990 2408 3003 2423; x_wconf 89' lang='grc'><strong>·</strong></span> <span class='ocrx_word' id='word_1_419' title='bbox 3033 2411 3051 2442; x_wconf 76' lang='grc' dir='ltr'><strong>ι</strong></span> <span class='ocrx_word' id='word_1_420' title='bbox 3093 2392 3391 2459; x_wconf 80' lang='grc' dir='ltr'>Ἀθετήσας</span> <span class='ocrx_word' id='word_1_421' title='bbox 3417 2406 3501 2453; x_wconf 89' lang='grc' dir='ltr'><strong>τις</strong></span> <span class='ocrx_word' id='word_1_422' title='bbox 3538 2389 3698 2459; x_wconf 86' lang='grc' dir='ltr'>νόμον</span> <span class='ocrx_word' id='word_1_423' title='bbox 3740 2389 3868 2441; x_wconf 86' lang='grc' dir='ltr'><strong>Μω-</strong></span> 
     </span>
    </p>
   </div>
   <div class='ocr_carea' id='block_1_56' title="bbox 2300 2480 3869 2556">
    <p class='ocr_par' dir='ltr' id='par_1_56' title="bbox 2300 2480 3869 2556">
     <span class='ocr_line' id='line_1_56' title="bbox 2300 2480 3869 2556; baseline -0.003 -21"><span class='ocrx_word' id='word_1_424' title='bbox 2300 2484 2457 2548; x_wconf 83' lang='grc' dir='ltr'>σέως,</span> <span class='ocrx_word' id='word_1_425' title='bbox 2500 2484 2670 2556; x_wconf 75' lang='grc' dir='ltr'>χωρὶς</span> <span class='ocrx_word' id='word_1_426' title='bbox 2707 2483 3009 2553; x_wconf 77' lang='grc' dir='ltr'>οἰκτιρμῶν</span> <span class='ocrx_word' id='word_1_427' title='bbox 3046 2483 3137 2536; x_wconf 77' lang='grc' dir='ltr'>ἐπὶ</span> <span class='ocrx_word' id='word_1_428' title='bbox 3166 2482 3318 2537; x_wconf 77' lang='grc' dir='ltr'>δυσὶν</span> <span class='ocrx_word' id='word_1_429' title='bbox 3349 2482 3381 2553; x_wconf 81' lang='grc' dir='ltr'>ἢ</span> <span class='ocrx_word' id='word_1_430' title='bbox 3423 2481 3568 2554; x_wconf 77' lang='grc' dir='ltr'>τρισὶ</span> <span class='ocrx_word' id='word_1_431' title='bbox 3610 2480 3869 2550; x_wconf 82' lang='grc' dir='ltr'>μάρτυσιν</span> 
     </span>
    </p>
   </div>
   <div class='ocr_carea' id='block_1_57' title="bbox 2298 2570 3867 2644">
    <p class='ocr_par' dir='ltr' id='par_1_57' title="bbox 2298 2570 3867 2644">
     <span class='ocr_line' id='line_1_57' title="bbox 2298 2570 3867 2644; baseline -0.005 -15"><span class='ocrx_word' id='word_1_432' title='bbox 2298 2573 2667 2644; x_wconf 84' lang='grc' dir='ltr'>ἀποθνήσκει·</span> <span class='ocrx_word' id='word_1_433' title='bbox 2727 2574 2882 2641; x_wconf 84' lang='grc' dir='ltr'>πόσῳ</span> <span class='ocrx_word' id='word_1_434' title='bbox 2939 2573 3146 2625; x_wconf 86' lang='grc' dir='ltr'>δοκεῖτε</span> <span class='ocrx_word' id='word_1_435' title='bbox 3211 2572 3453 2643; x_wconf 84' lang='grc' dir='ltr'>χείρονος</span> <span class='ocrx_word' id='word_1_436' title='bbox 3506 2570 3867 2640; x_wconf 80' lang='grc' dir='ltr'>ἀξιωθήσεται</span> 
     </span>
    </p>
   </div>
   <div class='ocr_carea' id='block_1_58' title="bbox 2296 2658 3869 2735">
    <p class='ocr_par' dir='ltr' id='par_1_58' title="bbox 2296 2658 3869 2735">
     <span class='ocr_line' id='line_1_58' title="bbox 2296 2658 3869 2735; baseline -0.004 -18"><span class='ocrx_word' id='word_1_437' title='bbox 2296 2664 2589 2735; x_wconf 86' lang='grc' dir='ltr'>τιμωρίας,</span> <span class='ocrx_word' id='word_1_438' title='bbox 2620 2661 2648 2714; x_wconf 88' lang='lat'><strong>6</strong></span> <span class='ocrx_word' id='word_1_439' title='bbox 2680 2661 2771 2715; x_wconf 81' lang='grc' dir='ltr'>τὸν</span> <span class='ocrx_word' id='word_1_440' title='bbox 2809 2661 2936 2716; x_wconf 83' lang='grc' dir='ltr'>Υίδν</span> <span class='ocrx_word' id='word_1_441' title='bbox 2962 2661 3053 2714; x_wconf 88' lang='grc' dir='ltr'><strong>τοῦ</strong></span> <span class='ocrx_word' id='word_1_442' title='bbox 3084 2661 3219 2714; x_wconf 83' lang='grc' dir='ltr'>Θεοῦ</span> <span class='ocrx_word' id='word_1_443' title='bbox 3254 2661 3666 2731; x_wconf 82' lang='grc' dir='ltr'>καταπατήσας,</span> <span class='ocrx_word' id='word_1_444' title='bbox 3688 2659 3781 2713; x_wconf 82' lang='grc' dir='ltr'>καὶ</span> <span class='ocrx_word' id='word_1_445' title='bbox 3809 2658 3869 2711; x_wconf 76' lang='grc' dir='ltr'><strong>τὸ</strong></span> 
     </span>
    </p>
   </div>
   <div class='ocr_carea' id='block_1_59' title="bbox 2298 2746 3866 2827">
    <p class='ocr_par' dir='ltr' id='par_1_59' title="bbox 2298 2746 3866 2827">
     <span class='ocr_line' id='line_1_59' title="bbox 2298 2746 3866 2827; baseline -0.005 -17"><span class='ocrx_word' id='word_1_446' title='bbox 2298 2752 2437 2827; x_wconf 74' lang='grc' dir='ltr'>αἷμα</span> <span class='ocrx_word' id='word_1_447' title='bbox 2455 2755 2555 2826; x_wconf 80' lang='grc' dir='ltr'><strong>τῆς</strong></span> <span class='ocrx_word' id='word_1_448' title='bbox 2580 2754 2851 2825; x_wconf 86' lang='grc' dir='ltr'>Διαθήκης</span> <span class='ocrx_word' id='word_1_449' title='bbox 2874 2753 3051 2806; x_wconf 82' lang='grc' dir='ltr'>κοινὸν</span> <span class='ocrx_word' id='word_1_450' title='bbox 3074 2754 3439 2824; x_wconf 78' lang='grc' dir='ltr'>ἡγησάμενος,</span> <span class='ocrx_word' id='word_1_451' title='bbox 3460 2754 3517 2806; x_wconf 86' lang='grc' dir='ltr'><strong>ἐν</strong></span> <span class='ocrx_word' id='word_1_452' title='bbox 3547 2746 3589 2819; x_wconf 84' lang='grc' dir='ltr'>ᾧ</span> <span class='ocrx_word' id='word_1_453' title='bbox 3614 2750 3866 2821; x_wconf 82' lang='grc' dir='ltr'>ἡγιάσθη,</span> 
     </span>
    </p>
   </div>
   <div class='ocr_carea' id='block_1_60' title="bbox 2302 2839 3869 2913">
    <p class='ocr_par' dir='ltr' id='par_1_60' title="bbox 2302 2839 3869 2913">
     <span class='ocr_line' id='line_1_60' title="bbox 2302 2839 3869 2913; baseline -0.004 -16"><span class='ocrx_word' id='word_1_454' title='bbox 2302 2845 2396 2898; x_wconf 72' lang='grc' dir='ltr'>καὶ</span> <span class='ocrx_word' id='word_1_455' title='bbox 2423 2844 2483 2897; x_wconf 85' lang='grc' dir='ltr'><strong>τὸ</strong></span> <span class='ocrx_word' id='word_1_456' title='bbox 2514 2844 2739 2913; x_wconf 84' lang='grc' dir='ltr'>Πνεῦμα</span> <span class='ocrx_word' id='word_1_457' title='bbox 2765 2842 2866 2911; x_wconf 82' lang='grc' dir='ltr'>τῆς</span> <span class='ocrx_word' id='word_1_458' title='bbox 2896 2842 3118 2913; x_wconf 86' lang='grc' dir='ltr'>χάριτος</span> <span class='ocrx_word' id='word_1_459' title='bbox 3144 2842 3464 2911; x_wconf 81' lang='grc' dir='ltr'>ἐνυϐρίσας;</span> <span class='ocrx_word' id='word_1_460' title='bbox 3486 2859 3503 2892; x_wconf 80' lang='lat' dir='ltr'><strong>t</strong></span> <span class='ocrx_word' id='word_1_461' title='bbox 3531 2839 3752 2893; x_wconf 86' lang='grc' dir='ltr'>Ἤσθιον</span> <span class='ocrx_word' id='word_1_462' title='bbox 3774 2840 3869 2908; x_wconf 76' lang='grc' dir='ltr'>μὲν</span> 
     </span>
    </p>
   </div>
   <div class='ocr_carea' id='block_1_61' title="bbox 2298 2930 3870 3009">
    <p class='ocr_par' dir='ltr' id='par_1_61' title="bbox 2298 2930 3870 3009">
     <span class='ocr_line' id='line_1_61' title="bbox 2298 2930 3870 3009; baseline -0.01 -16"><span class='ocrx_word' id='word_1_463' title='bbox 2298 2938 2404 3009; x_wconf 82' lang='grc' dir='ltr'>γὰρ</span> <span class='ocrx_word' id='word_1_464' title='bbox 2431 2938 2479 2991; x_wconf 82' lang='grc' dir='ltr'>οἱ</span> <span class='ocrx_word' id='word_1_465' title='bbox 2505 2935 2673 2990; x_wconf 87' lang='grc' dir='ltr'>πάλαι</span> <span class='ocrx_word' id='word_1_466' title='bbox 2701 2932 3063 2997; x_wconf 81' lang='grc' dir='ltr'>καταθύοντες</span> <span class='ocrx_word' id='word_1_467' title='bbox 3105 2930 3198 2986; x_wconf 82' lang='grc' dir='ltr'><strong>τὸν</strong></span> <span class='ocrx_word' id='word_1_468' title='bbox 3239 2933 3441 3003; x_wconf 84' lang='grc' dir='ltr'>ἀμνόν·</span> <span class='ocrx_word' id='word_1_469' title='bbox 3489 2934 3522 3002; x_wconf 82' lang='grc' dir='ltr'><strong>ἡ</strong></span> <span class='ocrx_word' id='word_1_470' title='bbox 3567 2932 3624 2986; x_wconf 85' lang='grc' dir='ltr'><strong>δέ</strong></span> <span class='ocrx_word' id='word_1_471' title='bbox 3671 2948 3732 2999; x_wconf 90' lang='grc' dir='ltr'><strong>γε</strong></span> <span class='ocrx_word' id='word_1_472' title='bbox 3774 2932 3870 3002; x_wconf 78' lang='grc' dir='ltr'><strong>τῆς</strong></span> 
     </span>
    </p>
   </div>
   <div class='ocr_carea' id='block_1_62' title="bbox 2300 3022 3871 3101">
    <p class='ocr_par' dir='ltr' id='par_1_62' title="bbox 2300 3022 3871 3101">
     <span class='ocr_line' id='line_1_62' title="bbox 2300 3022 3871 3101; baseline -0.004 -21"><span class='ocrx_word' id='word_1_473' title='bbox 2300 3027 2553 3101; x_wconf 81' lang='grc' dir='ltr'>βρώσεως</span> <span class='ocrx_word' id='word_1_474' title='bbox 2606 3026 2872 3097; x_wconf 83' lang='grc' dir='ltr'>δύναμις,</span> <span class='ocrx_word' id='word_1_475' title='bbox 2931 3025 3033 3079; x_wconf 81' lang='grc' dir='ltr'><strong>οὐκ</strong></span> <span class='ocrx_word' id='word_1_476' title='bbox 3089 3028 3169 3089; x_wconf 93' lang='grc' dir='ltr'><strong>είς</strong></span> <span class='ocrx_word' id='word_1_477' title='bbox 3223 3024 3383 3097; x_wconf 88' lang='grc' dir='ltr'>κόρον</span> <span class='ocrx_word' id='word_1_478' title='bbox 3438 3024 3623 3088; x_wconf 87' lang='grc' dir='ltr'>άπλῶς</span> <span class='ocrx_word' id='word_1_479' title='bbox 3674 3022 3871 3093; x_wconf 78' lang='grc' dir='ltr'>ἐχώρει</span> 
     </span>
    </p>
   </div>
   <div class='ocr_carea' id='block_1_63' title="bbox 2299 3114 3869 3189">
    <p class='ocr_par' dir='ltr' id='par_1_63' title="bbox 2299 3114 3869 3189">
     <span class='ocr_line' id='line_1_63' title="bbox 2299 3114 3869 3189; baseline -0.004 -16"><span class='ocrx_word' id='word_1_480' title='bbox 2299 3119 2553 3189; x_wconf 80' lang='grc' dir='ltr'>γαστρὸς,</span> <span class='ocrx_word' id='word_1_481' title='bbox 2594 3118 2709 3173; x_wconf 87' lang='grc' dir='ltr'>ἀλλ’</span> <span class='ocrx_word' id='word_1_482' title='bbox 2748 3119 2870 3172; x_wconf 81' lang='grc' dir='ltr'>οὐδὲ</span> <span class='ocrx_word' id='word_1_483' title='bbox 2906 3119 3106 3189; x_wconf 84' lang='grc' dir='ltr'>ταύτης</span> <span class='ocrx_word' id='word_1_484' title='bbox 3137 3120 3297 3173; x_wconf 75' lang='grc' dir='ltr'>ἕνεκα</span> <span class='ocrx_word' id='word_1_485' title='bbox 3320 3118 3419 3187; x_wconf 87' lang='grc' dir='ltr'>τῆς</span> <span class='ocrx_word' id='word_1_486' title='bbox 3449 3116 3627 3179; x_wconf 84' lang='grc' dir='ltr'>αίτίας</span> <span class='ocrx_word' id='word_1_487' title='bbox 3661 3115 3729 3169; x_wconf 75' lang='grc' dir='ltr'>τὰ</span> <span class='ocrx_word' id='word_1_488' title='bbox 3770 3114 3869 3184; x_wconf 82' lang='grc' dir='ltr'><strong>τῆς</strong></span> 
     </span>
    </p>
   </div>
   <div class='ocr_carea' id='block_1_64' title="bbox 623 3196 2192 3283">
    <p class='ocr_par' dir='ltr' id='par_1_64' title="bbox 623 3212 2190 3283">
     <span class='ocr_line' id='line_1_64' title="bbox 623 3212 2190 3283; baseline 0.005 -20"><span class='ocrx_word' id='word_1_489' title='bbox 623 3224 819 3278; x_wconf 82' lang='lat' dir='ltr'><strong>agnum</strong></span> <span class='ocrx_word' id='word_1_490' title='bbox 856 3212 1190 3269; x_wconf 87' lang='lat' dir='ltr'><strong>immolatum</strong></span> <span class='ocrx_word' id='word_1_491' title='bbox 1224 3216 1358 3271; x_wconf 90' lang='lat' dir='ltr'><strong>:sed</strong></span> <span class='ocrx_word' id='word_1_492' title='bbox 1381 3216 1468 3271; x_wconf 89' lang='lat' dir='ltr'><strong>illa</strong></span> <span class='ocrx_word' id='word_1_493' title='bbox 1498 3217 1581 3272; x_wconf 82' lang='lat' dir='ltr'><strong>vis</strong></span> <span class='ocrx_word' id='word_1_494' title='bbox 1633 3215 1748 3283; x_wconf 87' lang='lat' dir='ltr'><strong>ejus</strong></span> <span class='ocrx_word' id='word_1_495' title='bbox 1777 3230 1916 3270; x_wconf 62' lang='lat' dir='ltr'><strong>esea:</strong></span> <span class='ocrx_word' id='word_1_496' title='bbox 1968 3230 2074 3271; x_wconf 93' lang='lat' dir='ltr'><strong>non</strong></span> <span class='ocrx_word' id='word_1_497' title='bbox 2122 3216 2190 3271; x_wconf 89' lang='lat' dir='ltr'><strong>ad</strong></span> 
     </span>
    </p>
   </div>
   <div class='ocr_carea' id='block_1_65' title="bbox 2296 3196 3866 3283">
    <p class='ocr_par' dir='ltr' id='par_1_65' title="bbox 2296 3207 3866 3282">
     <span class='ocr_line' id='line_1_65' title="bbox 2296 3207 3866 3282; baseline -0.003 -18"><span class='ocrx_word' id='word_1_498' title='bbox 2296 3210 2484 3275; x_wconf 82' lang='grc' dir='ltr'>θυσίας</span> <span class='ocrx_word' id='word_1_499' title='bbox 2527 3209 2886 3280; x_wconf 77' lang='grc' dir='ltr'>ἐπετηδεύετο</span> <span class='ocrx_word' id='word_1_500' title='bbox 2932 3212 3073 3267; x_wconf 87' lang='grc' dir='ltr'><strong>κατά</strong></span> <span class='ocrx_word' id='word_1_501' title='bbox 3112 3212 3309 3282; x_wconf 67' lang='grc' dir='ltr'>νόμονθ</span> <span class='ocrx_word' id='word_1_502' title='bbox 3351 3209 3466 3265; x_wconf 82' lang='grc' dir='ltr'>ἀλλ’</span> <span class='ocrx_word' id='word_1_503' title='bbox 3516 3209 3602 3262; x_wconf 76' lang='grc' dir='ltr'>ἵνα</span> <span class='ocrx_word' id='word_1_504' title='bbox 3635 3207 3866 3261; x_wconf 77' lang='grc' dir='ltr'>θανάτου</span> 
     </span>
    </p>
   </div>
   <div class='ocr_carea' id='block_1_66' title="bbox 623 3303 2192 3378">
    <p class='ocr_par' dir='ltr' id='par_1_66' title="bbox 623 3303 2192 3378">
     <span class='ocr_line' id='line_1_66' title="bbox 623 3303 2192 3378; baseline 0.006 -25"><span class='ocrx_word' id='word_1_505' title='bbox 623 3303 926 3358; x_wconf 83' lang='lat' dir='ltr'><strong>satietatem</strong></span> <span class='ocrx_word' id='word_1_506' title='bbox 957 3307 1160 3361; x_wconf 85' lang='lat' dir='ltr'><strong>ventris</strong></span> <span class='ocrx_word' id='word_1_507' title='bbox 1189 3311 1561 3364; x_wconf 89' lang='lat' dir='ltr'><strong>tantummodo</strong></span> <span class='ocrx_word' id='word_1_508' title='bbox 1610 3310 1853 3374; x_wconf 88' lang='lat' dir='ltr'><strong>cedebat,</strong></span> <span class='ocrx_word' id='word_1_509' title='bbox 1915 3322 2089 3378; x_wconf 88' lang='lat' dir='ltr'><strong>neque</strong></span> <span class='ocrx_word' id='word_1_510' title='bbox 2127 3322 2192 3364; x_wconf 88' lang='lat' dir='ltr'><strong>ea</strong></span> 
     </span>
    </p>
   </div>
   <div class='ocr_carea' id='block_1_67' title="bbox 623 3392 2192 3471">
    <p class='ocr_par' dir='ltr' id='par_1_67' title="bbox 623 3392 2192 3471">
     <span class='ocr_line' id='line_1_67' title="bbox 623 3392 2192 3471; baseline 0.005 -24"><span class='ocrx_word' id='word_1_511' title='bbox 623 3392 691 3448; x_wconf 78' lang='lat' dir='ltr'><strong>de</strong></span> <span class='ocrx_word' id='word_1_512' title='bbox 715 3408 875 3449; x_wconf 88' lang='lat' dir='ltr'><strong>causa</strong></span> <span class='ocrx_word' id='word_1_513' title='bbox 907 3398 1243 3453; x_wconf 89' lang='lat' dir='ltr'><strong>sacriﬁcandi</strong></span> <span class='ocrx_word' id='word_1_514' title='bbox 1276 3400 1413 3455; x_wconf 88' lang='lat' dir='ltr'><strong>ritus</strong></span> <span class='ocrx_word' id='word_1_515' title='bbox 1471 3400 1772 3455; x_wconf 87' lang='lat' dir='ltr'><strong>secundum</strong></span> <span class='ocrx_word' id='word_1_516' title='bbox 1808 3401 1978 3471; x_wconf 91' lang='lat' dir='ltr'><strong>legem</strong></span> <span class='ocrx_word' id='word_1_517' title='bbox 2007 3415 2192 3455; x_wconf 84' lang='lat' dir='ltr'><strong>serva-</strong></span> 
     </span>
    </p>
   </div>
   <div class='ocr_carea' id='block_1_68' title="bbox 625 3486 2190 3561">
    <p class='ocr_par' dir='ltr' id='par_1_68' title="bbox 625 3486 2190 3561">
     <span class='ocr_line' id='line_1_68' title="bbox 625 3486 2190 3561; baseline 0.006 -25"><span class='ocrx_word' id='word_1_518' title='bbox 625 3486 810 3549; x_wconf 81' lang='lat' dir='ltr'><strong>batur;</strong></span> <span class='ocrx_word' id='word_1_519' title='bbox 835 3487 927 3539; x_wconf 87' lang='lat' dir='ltr'><strong>sed</strong></span> <span class='ocrx_word' id='word_1_520' title='bbox 964 3496 1016 3541; x_wconf 89' lang='lat' dir='ltr'><strong>ut</strong></span> <span class='ocrx_word' id='word_1_521' title='bbox 1048 3498 1274 3543; x_wconf 91' lang='lat' dir='ltr'><strong>mortem</strong></span> <span class='ocrx_word' id='word_1_522' title='bbox 1305 3490 1357 3542; x_wconf 91' lang='lat' dir='ltr'><strong>in</strong></span> <span class='ocrx_word' id='word_1_523' title='bbox 1384 3490 1521 3545; x_wconf 89' lang='lat' dir='ltr'><strong>alios</strong></span> <span class='ocrx_word' id='word_1_524' title='bbox 1545 3491 1888 3546; x_wconf 86' lang='lat' dir='ltr'><strong>invadentem</strong></span> <span class='ocrx_word' id='word_1_525' title='bbox 1950 3492 2053 3561; x_wconf 88' lang='lat' dir='ltr'><strong>ipsi</strong></span> <span class='ocrx_word' id='word_1_526' title='bbox 2098 3506 2190 3545; x_wconf 84' lang='lat' dir='ltr'><strong>su-</strong></span> 
     </span>
    </p>
   </div>
   <div class='ocr_carea' id='block_1_69' title="bbox 622 3582 2191 3652">
    <p class='ocr_par' dir='ltr' id='par_1_69' title="bbox 622 3582 2191 3652">
     <span class='ocr_line' id='line_1_69' title="bbox 622 3582 2191 3652; baseline 0.006 -23"><span class='ocrx_word' id='word_1_527' title='bbox 622 3586 894 3645; x_wconf 79' lang='lat' dir='ltr'><strong>perarent,</strong></span> <span class='ocrx_word' id='word_1_528' title='bbox 954 3589 1007 3631; x_wconf 87' lang='lat' dir='ltr'><strong>et</strong></span> <span class='ocrx_word' id='word_1_529' title='bbox 1061 3582 1533 3636; x_wconf 78' lang='lat' dir='ltr'><strong>exterminatorem</strong></span> <span class='ocrx_word' id='word_1_530' title='bbox 1605 3582 1949 3652; x_wconf 81' lang='lat' dir='ltr'><strong>ell&#39;ugerent:</strong></span> <span class='ocrx_word' id='word_1_531' title='bbox 2008 3582 2191 3652; x_wconf 85' lang='lat' dir='ltr'><strong>itaque</strong></span> 
     </span>
    </p>
   </div>
   <div class='ocr_carea' id='block_1_70' title="bbox 623 3667 2185 3741">
    <p class='ocr_par' dir='ltr' id='par_1_70' title="bbox 623 3667 2185 3741">
     <span class='ocr_line' id='line_1_70' title="bbox 623 3667 2185 3741; baseline 0.006 -25"><span class='ocrx_word' id='word_1_532' title='bbox 623 3674 779 3719; x_wconf 86' lang='lat' dir='ltr'><strong>nocte</strong></span> <span class='ocrx_word' id='word_1_533' title='bbox 803 3682 906 3719; x_wconf 88' lang='lat' dir='ltr'><strong>una</strong></span> <span class='ocrx_word' id='word_1_534' title='bbox 940 3667 1220 3723; x_wconf 85' lang='lat' dir='ltr'><strong>interfecta</strong></span> <span class='ocrx_word' id='word_1_535' title='bbox 1256 3667 1767 3741; x_wconf 61' lang='lat' dir='ltr'><strong>suntzEgyptiorum</strong></span> <span class='ocrx_word' id='word_1_536' title='bbox 1797 3671 2185 3739; x_wconf 81' lang='lat' dir='ltr'><strong>primogenita:</strong></span> 
     </span>
    </p>
   </div>
   <div class='ocr_carea' id='block_1_71' title="bbox 623 3755 2183 3827">
    <p class='ocr_par' dir='ltr' id='par_1_71' title="bbox 623 3755 2183 3827">
     <span class='ocr_line' id='line_1_71' title="bbox 623 3755 2183 3827; baseline 0.005 -20"><span class='ocrx_word' id='word_1_537' title='bbox 623 3755 698 3807; x_wconf 94' lang='lat' dir='ltr'><strong>illi</strong></span> <span class='ocrx_word' id='word_1_538' title='bbox 720 3771 844 3809; x_wconf 87' lang='lat' dir='ltr'><strong>vero</strong></span> <span class='ocrx_word' id='word_1_539' title='bbox 871 3758 1007 3810; x_wconf 91' lang='lat' dir='ltr'><strong>nuda</strong></span> <span class='ocrx_word' id='word_1_540' title='bbox 1042 3757 1207 3827; x_wconf 84' lang='lat' dir='ltr'><strong>ﬁgura</strong></span> <span class='ocrx_word' id='word_1_541' title='bbox 1236 3760 1447 3823; x_wconf 89' lang='lat' dir='ltr'><strong>muniti,</strong></span> <span class='ocrx_word' id='word_1_542' title='bbox 1476 3760 1576 3814; x_wconf 91' lang='lat' dir='ltr'><strong>soli</strong></span> <span class='ocrx_word' id='word_1_543' title='bbox 1594 3759 1663 3814; x_wconf 87' lang='lat' dir='ltr'><strong>ab</strong></span> <span class='ocrx_word' id='word_1_544' title='bbox 1699 3774 1763 3815; x_wconf 86' lang='lat' dir='ltr'><strong>ea</strong></span> <span class='ocrx_word' id='word_1_545' title='bbox 1807 3762 2183 3826; x_wconf 76' lang='lat' dir='ltr'><strong>servabantur,</strong></span> 
     </span>
    </p>
   </div>
   <div class='ocr_carea' id='block_1_72' title="bbox 620 3848 2187 3922">
    <p class='ocr_par' dir='ltr' id='par_1_72' title="bbox 620 3848 2187 3922">
     <span class='ocr_line' id='line_1_72' title="bbox 620 3848 2187 3922; baseline 0.006 -24"><span class='ocrx_word' id='word_1_546' title='bbox 620 3855 677 3899; x_wconf 91' lang='lat' dir='ltr'><strong>et</strong></span> <span class='ocrx_word' id='word_1_547' title='bbox 701 3848 944 3901; x_wconf 79' lang='lat' dir='ltr'><strong>umbram</strong></span> <span class='ocrx_word' id='word_1_548' title='bbox 974 3849 1171 3903; x_wconf 81' lang='lat' dir='ltr'><strong>auxilio</strong></span> <span class='ocrx_word' id='word_1_549' title='bbox 1201 3849 1483 3917; x_wconf 82' lang='lat' dir='ltr'><strong>habentes,</strong></span> <span class='ocrx_word' id='word_1_550' title='bbox 1506 3851 1665 3906; x_wconf 88' lang='lat' dir='ltr'><strong>etiam</strong></span> <span class='ocrx_word' id='word_1_551' title='bbox 1709 3854 1824 3922; x_wconf 86' lang='lat' dir='ltr'><strong>ipsa</strong></span> <span class='ocrx_word' id='word_1_552' title='bbox 1863 3862 2033 3907; x_wconf 81' lang='lat' dir='ltr'><strong>morte</strong></span> <span class='ocrx_word' id='word_1_553' title='bbox 2096 3868 2187 3908; x_wconf 90' lang='lat' dir='ltr'><strong>su-</strong></span> 
     </span>
    </p>
   </div>
   <div class='ocr_carea' id='block_1_73' title="bbox 621 3939 2189 4014">
    <p class='ocr_par' dir='ltr' id='par_1_73' title="bbox 621 3939 2189 4014">
     <span class='ocr_line' id='line_1_73' title="bbox 621 3939 2189 4014; baseline 0.005 -24"><span class='ocrx_word' id='word_1_554' title='bbox 621 3939 860 4005; x_wconf 86' lang='lat' dir='ltr'><strong>periores</strong></span> <span class='ocrx_word' id='word_1_555' title='bbox 892 3948 1198 3994; x_wconf 91' lang='lat' dir='ltr'><strong>evaserunt.</strong></span> <span class='ocrx_word' id='word_1_556' title='bbox 1224 3940 1365 4009; x_wconf 83' lang='lat' dir='ltr'><strong>Ergo</strong></span> <span class='ocrx_word' id='word_1_557' title='bbox 1393 3944 1786 3997; x_wconf 85' lang='lat' dir='ltr'><strong>conservabant</strong></span> <span class='ocrx_word' id='word_1_558' title='bbox 1834 3944 1963 4012; x_wconf 82' lang='lat' dir='ltr'><strong>ipsa:</strong></span> <span class='ocrx_word' id='word_1_559' title='bbox 2005 3944 2189 4014; x_wconf 70' lang='lat' dir='ltr'><strong>ﬁgura:</strong></span> 
     </span>
    </p>
   </div>
   <div class='ocr_carea' id='block_1_74' title="bbox 620 4029 2188 4103">
    <p class='ocr_par' dir='ltr' id='par_1_74' title="bbox 620 4029 2188 4103">
     <span class='ocr_line' id='line_1_74' title="bbox 620 4029 2188 4103; baseline 0.004 -21"><span class='ocrx_word' id='word_1_560' title='bbox 620 4044 714 4083; x_wconf 92' lang='lat' dir='ltr'><strong>eos</strong></span> <span class='ocrx_word' id='word_1_561' title='bbox 736 4029 825 4099; x_wconf 86' lang='lat' dir='ltr'><strong>qui</strong></span> <span class='ocrx_word' id='word_1_562' title='bbox 853 4040 979 4084; x_wconf 87' lang='lat' dir='ltr'><strong>ante</strong></span> <span class='ocrx_word' id='word_1_563' title='bbox 1010 4046 1106 4086; x_wconf 90' lang='lat' dir='ltr'><strong>nos</strong></span> <span class='ocrx_word' id='word_1_564' title='bbox 1134 4030 1370 4087; x_wconf 86' lang='lat' dir='ltr'><strong>fuerunt.</strong></span> <span class='ocrx_word' id='word_1_565' title='bbox 1400 4032 1611 4098; x_wconf 86' lang='lat' dir='ltr'><strong>Quanto</strong></span> <span class='ocrx_word' id='word_1_566' title='bbox 1646 4034 1813 4103; x_wconf 89' lang='lat' dir='ltr'><strong>igitur</strong></span> <span class='ocrx_word' id='word_1_567' title='bbox 1879 4049 1966 4089; x_wconf 90' lang='lat' dir='ltr'><strong>res</strong></span> <span class='ocrx_word' id='word_1_568' title='bbox 1991 4044 2188 4089; x_wconf 65' lang='lat' dir='ltr'><strong>nostra:</strong></span> 
     </span>
    </p>
   </div>
   <div class='ocr_carea' id='block_1_75' title="bbox 620 4120 2186 4193">
    <p class='ocr_par' dir='ltr' id='par_1_75' title="bbox 620 4120 2186 4193">
     <span class='ocr_line' id='line_1_75' title="bbox 620 4120 2186 4193; baseline 0.005 -20"><span class='ocrx_word' id='word_1_569' title='bbox 620 4130 747 4174; x_wconf 87' lang='lat' dir='ltr'><strong>sunt</strong></span> <span class='ocrx_word' id='word_1_570' title='bbox 768 4120 1199 4189; x_wconf 81' lang='lat' dir='ltr'><strong>excellentiores,</strong></span> <span class='ocrx_word' id='word_1_571' title='bbox 1225 4124 1418 4192; x_wconf 89' lang='lat' dir='ltr'><strong>quibus</strong></span> <span class='ocrx_word' id='word_1_572' title='bbox 1444 4124 1556 4193; x_wconf 90' lang='lat' dir='ltr'><strong>ipsa</strong></span> <span class='ocrx_word' id='word_1_573' title='bbox 1588 4126 1805 4188; x_wconf 88' lang='lat' dir='ltr'><strong>veritas,</strong></span> <span class='ocrx_word' id='word_1_574' title='bbox 1838 4125 1888 4179; x_wconf 88' lang='lat' dir='ltr'><strong>id</strong></span> <span class='ocrx_word' id='word_1_575' title='bbox 1911 4135 1992 4180; x_wconf 89' lang='lat' dir='ltr'><strong>est</strong></span> <span class='ocrx_word' id='word_1_576' title='bbox 2026 4126 2186 4181; x_wconf 90' lang='lat' dir='ltr'><strong>Chri-</strong></span> 
     </span>
    </p>
   </div>
   <div class='ocr_carea' id='block_1_76' title="bbox 620 4212 2187 4287">
    <p class='ocr_par' dir='ltr' id='par_1_76' title="bbox 620 4212 2187 4287">
     <span class='ocr_line' id='line_1_76' title="bbox 620 4212 2187 4287; baseline 0.004 -22"><span class='ocrx_word' id='word_1_577' title='bbox 620 4221 759 4276; x_wconf 87' lang='lat' dir='ltr'><strong>stus,</strong></span> <span class='ocrx_word' id='word_1_578' title='bbox 792 4212 993 4279; x_wconf 77' lang='lat' dir='ltr'><strong>illuxit,</strong></span> <span class='ocrx_word' id='word_1_579' title='bbox 1022 4224 1377 4284; x_wconf 88' lang='lat' dir='ltr'><strong>sanctamque</strong></span> <span class='ocrx_word' id='word_1_580' title='bbox 1402 4230 1555 4271; x_wconf 89' lang='lat' dir='ltr'><strong>suam</strong></span> <span class='ocrx_word' id='word_1_581' title='bbox 1596 4230 1813 4272; x_wconf 87' lang='lat' dir='ltr'><strong>carnem</strong></span> <span class='ocrx_word' id='word_1_582' title='bbox 1865 4218 1930 4270; x_wconf 90' lang='lat' dir='ltr'><strong>ad</strong></span> <span class='ocrx_word' id='word_1_583' title='bbox 1964 4218 2187 4287; x_wconf 90' lang='lat' dir='ltr'><strong>partici-</strong></span> 
     </span>
    </p>
   </div>
   <div class='ocr_carea' id='block_1_77' title="bbox 621 4303 2186 4377">
    <p class='ocr_par' dir='ltr' id='par_1_77' title="bbox 621 4303 2186 4377">
     <span class='ocr_line' id='line_1_77' title="bbox 621 4303 2186 4377; baseline 0.006 -22"><span class='ocrx_word' id='word_1_584' title='bbox 621 4303 853 4372; x_wconf 91' lang='lat' dir='ltr'><strong>pandum</strong></span> <span class='ocrx_word' id='word_1_585' title='bbox 886 4306 1166 4375; x_wconf 87' lang='lat' dir='ltr'><strong>apposuit?</strong></span> <span class='ocrx_word' id='word_1_586' title='bbox 1212 4308 1481 4377; x_wconf 91' lang='lat' dir='ltr'><strong>quomodo</strong></span> <span class='ocrx_word' id='word_1_587' title='bbox 1542 4308 1593 4363; x_wconf 90' lang='lat' dir='ltr'><strong>id</strong></span> <span class='ocrx_word' id='word_1_588' title='bbox 1643 4323 1747 4363; x_wconf 90' lang='lat' dir='ltr'><strong>non</strong></span> <span class='ocrx_word' id='word_1_589' title='bbox 1812 4310 1883 4363; x_wconf 90' lang='lat' dir='ltr'><strong>sit</strong></span> <span class='ocrx_word' id='word_1_590' title='bbox 1935 4313 2186 4366; x_wconf 89' lang='lat' dir='ltr'><strong>omnibus</strong></span> 
     </span>
    </p>
   </div>
   <div class='ocr_carea' id='block_1_78' title="bbox 620 4392 2187 4469">
    <p class='ocr_par' dir='ltr' id='par_1_78' title="bbox 620 4392 2187 4469">
     <span class='ocr_line' id='line_1_78' title="bbox 620 4392 2187 4469; baseline 0.007 -24"><span class='ocrx_word' id='word_1_591' title='bbox 620 4392 1005 4462; x_wconf 87' lang='lat' dir='ltr'><strong>perspicuum?</strong></span> <span class='ocrx_word' id='word_1_592' title='bbox 1039 4394 1205 4451; x_wconf 81' lang='lat' dir='ltr'><strong>Multo</strong></span> <span class='ocrx_word' id='word_1_593' title='bbox 1232 4412 1464 4467; x_wconf 89' lang='lat' dir='ltr'><strong>namque</strong></span> <span class='ocrx_word' id='word_1_594' title='bbox 1495 4407 1617 4453; x_wconf 92' lang='lat' dir='ltr'><strong>sunt</strong></span> <span class='ocrx_word' id='word_1_595' title='bbox 1647 4399 2017 4469; x_wconf 89' lang='lat' dir='ltr'><strong>proculdubio</strong></span> <span class='ocrx_word' id='word_1_596' title='bbox 2050 4415 2187 4469; x_wconf 73' lang='lat' dir='ltr'><strong>prae-</strong></span> 
     </span>
    </p>
   </div>
   <div class='ocr_carea' id='block_1_79' title="bbox 2293 3292 3868 3367">
    <p class='ocr_par' dir='ltr' id='par_1_79' title="bbox 2293 3292 3868 3367">
     <span class='ocr_line' id='line_1_79' title="bbox 2293 3292 3868 3367; baseline -0.003 -14"><span class='ocrx_word' id='word_1_597' title='bbox 2293 3303 2405 3364; x_wconf 84' lang='grc' dir='ltr'>τοῖς</span> <span class='ocrx_word' id='word_1_598' title='bbox 2461 3300 2642 3364; x_wconf 84' lang='grc' dir='ltr'>ἄλλοις</span> <span class='ocrx_word' id='word_1_599' title='bbox 2688 3301 3129 3363; x_wconf 83' lang='grc' dir='ltr'>ἐκπεπτωκότος,</span> <span class='ocrx_word' id='word_1_600' title='bbox 3183 3299 3461 3367; x_wconf 85' lang='grc' dir='ltr'>κρείττους</span> <span class='ocrx_word' id='word_1_601' title='bbox 3504 3314 3564 3350; x_wconf 90' lang='grc' dir='ltr'><strong>τε</strong></span> <span class='ocrx_word' id='word_1_602' title='bbox 3614 3292 3724 3349; x_wconf 74' lang='grc' dir='ltr'>εἷεν</span> <span class='ocrx_word' id='word_1_603' title='bbox 3772 3296 3868 3349; x_wconf 91' lang='grc' dir='ltr'><strong>τοῦ</strong></span> 
     </span>
    </p>
   </div>
   <div class='ocr_carea' id='block_1_80' title="bbox 2293 3386 3869 3460">
    <p class='ocr_par' dir='ltr' id='par_1_80' title="bbox 2293 3386 3869 3460">
     <span class='ocr_line' id='line_1_80' title="bbox 2293 3386 3869 3460; baseline -0.002 -18"><span class='ocrx_word' id='word_1_604' title='bbox 2293 3388 2485 3443; x_wconf 86' lang='grc' dir='ltr'>παθεῖν</span> <span class='ocrx_word' id='word_1_605' title='bbox 2514 3389 2687 3455; x_wconf 72' lang='grc' dir='ltr'>αὐτοὶ,</span> <span class='ocrx_word' id='word_1_606' title='bbox 2719 3389 2815 3443; x_wconf 72' lang='grc' dir='ltr'>καὶ</span> <span class='ocrx_word' id='word_1_607' title='bbox 2833 3389 3257 3460; x_wconf 84' lang='grc' dir='ltr'>διαδιδράσκοιεν</span> <span class='ocrx_word' id='word_1_608' title='bbox 3277 3388 3365 3441; x_wconf 84' lang='grc' dir='ltr'><strong>τὸν</strong></span> <span class='ocrx_word' id='word_1_609' title='bbox 3381 3387 3727 3458; x_wconf 85' lang='grc' dir='ltr'>ὁλοθρευτήν.</span> <span class='ocrx_word' id='word_1_610' title='bbox 3760 3386 3869 3440; x_wconf 68' lang='grc' dir='ltr'><strong>Καὶ</strong></span> 
     </span>
    </p>
   </div>
   <div class='ocr_carea' id='block_1_81' title="bbox 2292 3477 3868 3550">
    <p class='ocr_par' dir='ltr' id='par_1_81' title="bbox 2292 3477 3868 3550">
     <span class='ocr_line' id='line_1_81' title="bbox 2292 3477 3868 3550; baseline -0.001 -19"><span class='ocrx_word' id='word_1_611' title='bbox 2292 3478 2423 3548; x_wconf 88' lang='grc' dir='ltr'>γοῦν</span> <span class='ocrx_word' id='word_1_612' title='bbox 2472 3479 2740 3549; x_wconf 79' lang='grc' dir='ltr'>ἀνῄρηται</span> <span class='ocrx_word' id='word_1_613' title='bbox 2800 3478 2899 3550; x_wconf 86' lang='grc' dir='ltr'><strong>μὲν</strong></span> <span class='ocrx_word' id='word_1_614' title='bbox 2956 3480 3015 3531; x_wconf 85' lang='grc' dir='ltr'><strong>ἐν</strong></span> <span class='ocrx_word' id='word_1_615' title='bbox 3071 3480 3169 3548; x_wconf 79' lang='grc' dir='ltr'>μιᾷ</span> <span class='ocrx_word' id='word_1_616' title='bbox 3224 3479 3378 3531; x_wconf 84' lang='grc' dir='ltr'>νυκτὶ</span> <span class='ocrx_word' id='word_1_617' title='bbox 3426 3478 3494 3531; x_wconf 88' lang='grc' dir='ltr'><strong>τά</strong></span> <span class='ocrx_word' id='word_1_618' title='bbox 3550 3477 3868 3548; x_wconf 88' lang='grc' dir='ltr'>πρωτότοκα</span> 
     </span>
    </p>
   </div>
   <div class='ocr_carea' id='block_1_82' title="bbox 2290 3564 3863 3639">
    <p class='ocr_par' dir='ltr' id='par_1_82' title="bbox 2290 3564 3863 3639">
     <span class='ocr_line' id='line_1_82' title="bbox 2290 3564 3863 3639; baseline -0.003 -15"><span class='ocrx_word' id='word_1_619' title='bbox 2290 3571 2635 3639; x_wconf 83' lang='grc' dir='ltr'>Αἰγυπτίων·</span> <span class='ocrx_word' id='word_1_620' title='bbox 2687 3571 2736 3622; x_wconf 78' lang='grc' dir='ltr'>οἱ</span> <span class='ocrx_word' id='word_1_621' title='bbox 2786 3570 2842 3623; x_wconf 83' lang='grc' dir='ltr'>δὲ</span> <span class='ocrx_word' id='word_1_622' title='bbox 2887 3571 2981 3623; x_wconf 74' lang='grc' dir='ltr'><strong>καὶ</strong></span> <span class='ocrx_word' id='word_1_623' title='bbox 3011 3569 3151 3638; x_wconf 82' lang='grc' dir='ltr'>ψιλῷ</span> <span class='ocrx_word' id='word_1_624' title='bbox 3194 3570 3272 3638; x_wconf 83' lang='grc' dir='ltr'>τῷ</span> <span class='ocrx_word' id='word_1_625' title='bbox 3305 3571 3453 3638; x_wconf 84' lang='grc' dir='ltr'>τόπῳ</span> <span class='ocrx_word' id='word_1_626' title='bbox 3497 3567 3628 3639; x_wconf 81' lang='grc' dir='ltr'>[ίσ.</span> <span class='ocrx_word' id='word_1_627' title='bbox 3669 3564 3863 3638; x_wconf 85' lang='grc' dir='ltr'>τύπῳ]</span> 
     </span>
    </p>
   </div>
   <div class='ocr_carea' id='block_1_83' title="bbox 2289 3659 3867 3733">
    <p class='ocr_par' dir='ltr' id='par_1_83' title="bbox 2289 3659 3867 3733">
     <span class='ocr_line' id='line_1_83' title="bbox 2289 3659 3867 3733; baseline -0.002 -18"><span class='ocrx_word' id='word_1_628' title='bbox 2289 3662 2703 3733; x_wconf 87' lang='grc' dir='ltr'>τετειχισμένοι,</span> <span class='ocrx_word' id='word_1_629' title='bbox 2765 3662 2915 3731; x_wconf 87' lang='grc' dir='ltr'>μόνοι</span> <span class='ocrx_word' id='word_1_630' title='bbox 2964 3662 3093 3731; x_wconf 78' lang='grc' dir='ltr'>παρ’</span> <span class='ocrx_word' id='word_1_631' title='bbox 3141 3660 3349 3715; x_wconf 85' lang='grc' dir='ltr'>ἐκείνου</span> <span class='ocrx_word' id='word_1_632' title='bbox 3407 3659 3708 3724; x_wconf 79' lang='grc' dir='ltr'>ἐσώζοντο,</span> <span class='ocrx_word' id='word_1_633' title='bbox 3775 3659 3867 3713; x_wconf 79' lang='grc' dir='ltr'>καὶ</span> 
     </span>
    </p>
   </div>
   <div class='ocr_carea' id='block_1_84' title="bbox 2290 3749 3866 3822">
    <p class='ocr_par' dir='ltr' id='par_1_84' title="bbox 2290 3749 3866 3822">
     <span class='ocr_line' id='line_1_84' title="bbox 2290 3749 3866 3822; baseline -0.003 -17"><span class='ocrx_word' id='word_1_634' title='bbox 2290 3751 2550 3807; x_wconf 90' lang='grc' dir='ltr'>σύνοπλον</span> <span class='ocrx_word' id='word_1_635' title='bbox 2594 3753 2807 3822; x_wconf 78' lang='grc' dir='ltr'>ἔχοντες</span> <span class='ocrx_word' id='word_1_636' title='bbox 2861 3752 2960 3821; x_wconf 83' lang='grc' dir='ltr'>τὴν</span> <span class='ocrx_word' id='word_1_637' title='bbox 3029 3751 3209 3817; x_wconf 81' lang='grc' dir='ltr'>σκιὰν,</span> <span class='ocrx_word' id='word_1_638' title='bbox 3270 3752 3365 3805; x_wconf 80' lang='grc' dir='ltr'>καὶ</span> <span class='ocrx_word' id='word_1_639' title='bbox 3421 3749 3585 3805; x_wconf 84' lang='grc' dir='ltr'>αὐτοῦ</span> <span class='ocrx_word' id='word_1_640' title='bbox 3636 3750 3866 3805; x_wconf 90' lang='grc' dir='ltr'>θανάτου</span> 
     </span>
    </p>
   </div>
   <div class='ocr_carea' id='block_1_85' title="bbox 2290 3841 3868 3915">
    <p class='ocr_par' dir='ltr' id='par_1_85' title="bbox 2290 3841 3868 3915">
     <span class='ocr_line' id='line_1_85' title="bbox 2290 3841 3868 3915; baseline -0.003 -16"><span class='ocrx_word' id='word_1_641' title='bbox 2290 3844 2818 3915; x_wconf 87' lang='grc' dir='ltr'>κατευμεγεθοῦντες</span> <span class='ocrx_word' id='word_1_642' title='bbox 2862 3844 3162 3912; x_wconf 80' lang='grc' dir='ltr'>ἐφαίνοντο.</span> <span class='ocrx_word' id='word_1_643' title='bbox 3201 3841 3413 3897; x_wconf 79' lang='grc' dir='ltr'>Οὐκοῦν</span> <span class='ocrx_word' id='word_1_644' title='bbox 3442 3842 3642 3905; x_wconf 75' lang='grc' dir='ltr'>ἔσωζον</span> <span class='ocrx_word' id='word_1_645' title='bbox 3683 3842 3783 3912; x_wconf 78' lang='grc' dir='ltr'>μὲν</span> <span class='ocrx_word' id='word_1_646' title='bbox 3818 3843 3868 3895; x_wconf 82' lang='grc' dir='ltr'>οἱ</span> 
     </span>
    </p>
   </div>
   <div class='ocr_carea' id='block_1_86' title="bbox 2287 3933 3865 4007">
    <p class='ocr_par' dir='ltr' id='par_1_86' title="bbox 2287 3933 3865 4007">
     <span class='ocr_line' id='line_1_86' title="bbox 2287 3933 3865 4007; baseline -0.003 -18"><span class='ocrx_word' id='word_1_647' title='bbox 2287 3937 2449 3989; x_wconf 88' lang='grc' dir='ltr'>τύποι</span> <span class='ocrx_word' id='word_1_648' title='bbox 2479 3937 2603 3999; x_wconf 77' lang='grc' dir='ltr'>τοὺς</span> <span class='ocrx_word' id='word_1_649' title='bbox 2627 3936 2733 4006; x_wconf 72' lang='grc' dir='ltr'><strong>πρὸ</strong></span> <span class='ocrx_word' id='word_1_650' title='bbox 2757 3935 2934 4007; x_wconf 79' lang='grc' dir='ltr'>ἡμῶν.</span> <span class='ocrx_word' id='word_1_651' title='bbox 2978 3937 3064 3989; x_wconf 87' lang='grc' dir='ltr'>Ἐν</span> <span class='ocrx_word' id='word_1_652' title='bbox 3089 3936 3199 3989; x_wconf 90' lang='grc' dir='ltr'>τίσι</span> <span class='ocrx_word' id='word_1_653' title='bbox 3239 3935 3294 3987; x_wconf 87' lang='grc' dir='ltr'>δὲ</span> <span class='ocrx_word' id='word_1_654' title='bbox 3316 3934 3424 4004; x_wconf 89' lang='grc' dir='ltr'><strong>ἄρα</strong></span> <span class='ocrx_word' id='word_1_655' title='bbox 3448 3933 3515 3987; x_wconf 80' lang='grc' dir='ltr'>τὰ</span> <span class='ocrx_word' id='word_1_656' title='bbox 3543 3933 3663 3986; x_wconf 88' lang='grc' dir='ltr'>καθ’</span> <span class='ocrx_word' id='word_1_657' title='bbox 3696 3935 3865 4003; x_wconf 81' lang='grc' dir='ltr'>ἡμᾶς,</span> 
     </span>
    </p>
   </div>
   <div class='ocr_carea' id='block_1_87' title="bbox 2287 4023 3870 4098">
    <p class='ocr_par' dir='ltr' id='par_1_87' title="bbox 2287 4023 3870 4098">
     <span class='ocr_line' id='line_1_87' title="bbox 2287 4023 3870 4098; baseline -0.002 -20"><span class='ocrx_word' id='word_1_658' title='bbox 2287 4023 2369 4091; x_wconf 78' lang='grc' dir='ltr'>οἷς</span> <span class='ocrx_word' id='word_1_659' title='bbox 2416 4027 2552 4098; x_wconf 80' lang='grc' dir='ltr'>αὑτὴ</span> <span class='ocrx_word' id='word_1_660' title='bbox 2600 4026 2784 4081; x_wconf 83' lang='grc' dir='ltr'>λοιπὸν</span> <span class='ocrx_word' id='word_1_661' title='bbox 2833 4027 3148 4096; x_wconf 67' lang='grc' dir='ltr'>ἐπέλαμψεν</span> <span class='ocrx_word' id='word_1_662' title='bbox 3197 4027 3231 4096; x_wconf 86' lang='grc' dir='ltr'><strong>ή</strong></span> <span class='ocrx_word' id='word_1_663' title='bbox 3285 4025 3552 4091; x_wconf 80' lang='grc' dir='ltr'>ἀλήθεια,</span> <span class='ocrx_word' id='word_1_664' title='bbox 3618 4025 3870 4076; x_wconf 86' lang='grc' dir='ltr'>τουτέστι</span> 
     </span>
    </p>
   </div>
   <div class='ocr_carea' id='block_1_88' title="bbox 2286 4114 3867 4191">
    <p class='ocr_par' dir='ltr' id='par_1_88' title="bbox 2286 4114 3867 4191">
     <span class='ocr_line' id='line_1_88' title="bbox 2286 4114 3867 4191; baseline -0.003 -20"><span class='ocrx_word' id='word_1_665' title='bbox 2286 4120 2540 4191; x_wconf 78' lang='grc' dir='ltr'>Χριστὸς,</span> <span class='ocrx_word' id='word_1_666' title='bbox 2580 4119 2681 4189; x_wconf 80' lang='grc' dir='ltr'><strong>τήν</strong></span> <span class='ocrx_word' id='word_1_667' title='bbox 2708 4116 2969 4183; x_wconf 76' lang='grc' dir='ltr'>ζωοποιδν</span> <span class='ocrx_word' id='word_1_668' title='bbox 2998 4118 3193 4171; x_wconf 79' lang='grc' dir='ltr'>ἑαυτοῦ</span> <span class='ocrx_word' id='word_1_669' title='bbox 3225 4117 3402 4188; x_wconf 82' lang='grc' dir='ltr'>σάρκα</span> <span class='ocrx_word' id='word_1_670' title='bbox 3433 4114 3757 4186; x_wconf 73' lang='grc' dir='ltr'>παρατιθεὶς</span> <span class='ocrx_word' id='word_1_671' title='bbox 3786 4114 3867 4177; x_wconf 82' lang='grc' dir='ltr'><strong>είς</strong></span> 
     </span>
    </p>
   </div>
   <div class='ocr_carea' id='block_1_89' title="bbox 2290 4206 3871 4284">
    <p class='ocr_par' dir='ltr' id='par_1_89' title="bbox 2290 4206 3871 4284">
     <span class='ocr_line' id='line_1_89' title="bbox 2290 4206 3871 4284; baseline -0.006 -17"><span class='ocrx_word' id='word_1_672' title='bbox 2290 4211 2538 4284; x_wconf 83' lang='grc' dir='ltr'>μέθεξιν;</span> <span class='ocrx_word' id='word_1_673' title='bbox 2572 4211 2689 4275; x_wconf 85' lang='grc' dir='ltr'><strong>πῶς</strong></span> <span class='ocrx_word' id='word_1_674' title='bbox 2715 4212 2813 4283; x_wconf 85' lang='grc' dir='ltr'>οὐχ</span> <span class='ocrx_word' id='word_1_675' title='bbox 2836 4212 3041 4266; x_wconf 77' lang='grc' dir='ltr'>ἅπασιν</span> <span class='ocrx_word' id='word_1_676' title='bbox 3070 4210 3329 4280; x_wconf 86' lang='grc' dir='ltr'>ἐναργές;</span> <span class='ocrx_word' id='word_1_677' title='bbox 3358 4208 3501 4262; x_wconf 84' lang='grc' dir='ltr'>Πολὺ</span> <span class='ocrx_word' id='word_1_678' title='bbox 3527 4208 3635 4278; x_wconf 88' lang='grc' dir='ltr'><strong>γάρ</strong></span> <span class='ocrx_word' id='word_1_679' title='bbox 3658 4206 3722 4277; x_wconf 82' lang='grc' dir='ltr'>δὴ</span> <span class='ocrx_word' id='word_1_680' title='bbox 3753 4207 3871 4259; x_wconf 89' lang='grc' dir='ltr'>λίαν</span> 
     </span>
    </p>
   </div>
   <div class='ocr_carea' id='block_1_90' title="bbox 2287 4298 3873 4373">
    <p class='ocr_par' dir='ltr' id='par_1_90' title="bbox 2287 4298 3873 4373">
     <span class='ocr_line' id='line_1_90' title="bbox 2287 4298 3873 4373; baseline -0.005 -15"><span class='ocrx_word' id='word_1_681' title='bbox 2287 4307 2344 4358; x_wconf 86' lang='grc' dir='ltr'><strong>ἐν</strong></span> <span class='ocrx_word' id='word_1_682' title='bbox 2368 4303 2638 4373; x_wconf 88' lang='grc' dir='ltr'>ἀμείνοσι,</span> <span class='ocrx_word' id='word_1_683' title='bbox 2662 4302 2757 4355; x_wconf 74' lang='grc' dir='ltr'><strong>καὶ</strong></span> <span class='ocrx_word' id='word_1_684' title='bbox 2787 4304 2845 4356; x_wconf 83' lang='grc' dir='ltr'><strong>ἐν</strong></span> <span class='ocrx_word' id='word_1_685' title='bbox 2874 4305 2986 4366; x_wconf 82' lang='grc' dir='ltr'>τοῖς</span> <span class='ocrx_word' id='word_1_686' title='bbox 3004 4302 3142 4368; x_wconf 89' lang='grc' dir='ltr'>ἄγαν</span> <span class='ocrx_word' id='word_1_687' title='bbox 3169 4300 3605 4372; x_wconf 85' lang='grc' dir='ltr'>ὑπερκειμένοις.</span> <span class='ocrx_word' id='word_1_688' title='bbox 3633 4298 3744 4351; x_wconf 73' lang='grc' dir='ltr'>Καὶ</span> <span class='ocrx_word' id='word_1_689' title='bbox 3772 4300 3873 4367; x_wconf 79' lang='grc' dir='ltr'><strong>τήν</strong></span> 
     </span>
    </p>
   </div>
   <div class='ocr_carea' id='block_1_91' title="bbox 2286 4389 3871 4465">
    <p class='ocr_par' dir='ltr' id='par_1_91' title="bbox 2286 4389 3871 4465">
     <span class='ocr_line' id='line_1_91' title="bbox 2286 4389 3871 4465; baseline -0.003 -17"><span class='ocrx_word' id='word_1_690' title='bbox 2286 4413 2349 4464; x_wconf 92' lang='grc' dir='ltr'><strong>γε</strong></span> <span class='ocrx_word' id='word_1_691' title='bbox 2381 4394 2475 4447; x_wconf 88' lang='grc' dir='ltr'><strong>τοῦ</strong></span> <span class='ocrx_word' id='word_1_692' title='bbox 2504 4394 2804 4465; x_wconf 87' lang='grc' dir='ltr'>μυστηρίου</span> <span class='ocrx_word' id='word_1_693' title='bbox 2830 4393 3060 4464; x_wconf 87' lang='grc' dir='ltr'>δύναμιν</span> <span class='ocrx_word' id='word_1_694' title='bbox 3092 4392 3297 4463; x_wconf 86' lang='grc' dir='ltr'>ἐναργῆ</span> <span class='ocrx_word' id='word_1_695' title='bbox 3328 4389 3591 4452; x_wconf 82' lang='grc' dir='ltr'>καθιστὰς</span> <span class='ocrx_word' id='word_1_696' title='bbox 3617 4390 3643 4441; x_wconf 94' lang='lat'><strong>6</strong></span> <span class='ocrx_word' id='word_1_697' title='bbox 3664 4389 3871 4457; x_wconf 85' lang='grc' dir='ltr'>Κύριος</span> 
     </span>
    </p>
   </div>
   <div class='ocr_carea' id='block_1_92' title="bbox 620 4481 2192 4584">
    <p class='ocr_par' dir='ltr' id='par_1_92' title="bbox 620 4484 2181 4561">
     <span class='ocr_line' id='line_1_92' title="bbox 620 4484 2181 4561; baseline 0.007 -26"><span class='ocrx_word' id='word_1_698' title='bbox 620 4484 906 4537; x_wconf 88' lang='lat' dir='ltr'><strong>stantiores</strong></span> <span class='ocrx_word' id='word_1_699' title='bbox 922 4499 983 4539; x_wconf 91' lang='lat' dir='ltr'><strong>ac</strong></span> <span class='ocrx_word' id='word_1_700' title='bbox 1013 4488 1340 4555; x_wconf 88' lang='lat' dir='ltr'><strong>superiores.</strong></span> <span class='ocrx_word' id='word_1_701' title='bbox 1370 4488 1547 4551; x_wconf 82' lang='lat' dir='ltr'><strong>Atque</strong></span> <span class='ocrx_word' id='word_1_702' title='bbox 1569 4488 1729 4557; x_wconf 91' lang='lat' dir='ltr'><strong>hujus</strong></span> <span class='ocrx_word' id='word_1_703' title='bbox 1785 4491 2025 4561; x_wconf 88' lang='lat' dir='ltr'><strong>mysterii</strong></span> <span class='ocrx_word' id='word_1_704' title='bbox 2076 4493 2181 4546; x_wconf 86' lang='lat' dir='ltr'><strong>vim</strong></span> 
     </span>
    </p>
   </div>
   <div class='ocr_carea' id='block_1_93' title="bbox 2296 4481 3869 4584">
    <p class='ocr_par' dir='ltr' id='par_1_93' title="bbox 2296 4481 3869 4556">
     <span class='ocr_line' id='line_1_93' title="bbox 2296 4481 3869 4556; baseline -0.002 -19"><span class='ocrx_word' id='word_1_705' title='bbox 2296 4485 2443 4556; x_wconf 78' lang='grc' dir='ltr'>ήμῶν</span> <span class='ocrx_word' id='word_1_706' title='bbox 2488 4484 2695 4555; x_wconf 83' lang='grc' dir='ltr'>Ἰησοῦς</span> <span class='ocrx_word' id='word_1_707' title='bbox 2725 4485 2754 4536; x_wconf 87' lang='grc' dir='ltr'>ὁ</span> <span class='ocrx_word' id='word_1_708' title='bbox 2783 4484 3017 4555; x_wconf 79' lang='grc' dir='ltr'>Χριστός</span> <span class='ocrx_word' id='word_1_709' title='bbox 3036 4500 3048 4513; x_wconf 72' lang='grc'><strong><em>⁸</em></strong></span> <span class='ocrx_word' id='word_1_710' title='bbox 3082 4503 3099 4534; x_wconf 75' lang='grc' dir='ltr'><strong>ι</strong></span> <span class='ocrx_word' id='word_1_711' title='bbox 3124 4483 3315 4553; x_wconf 82' lang='grc' dir='ltr'>Ἀμὴν,</span> <span class='ocrx_word' id='word_1_712' title='bbox 3360 4482 3513 4552; x_wconf 76' lang='grc' dir='ltr'>φησὶ,</span> <span class='ocrx_word' id='word_1_713' title='bbox 3544 4481 3687 4549; x_wconf 85' lang='grc' dir='ltr'>λέγω</span> <span class='ocrx_word' id='word_1_714' title='bbox 3716 4481 3869 4549; x_wconf 83' lang='grc' dir='ltr'>ὑμῖν,</span> 
     </span>
    </p>
   </div>
   <div class='ocr_carea' id='block_1_94' title="bbox 620 4573 2182 4645">
    <p class='ocr_par' dir='ltr' id='par_1_94' title="bbox 620 4573 2182 4645">
     <span class='ocr_line' id='line_1_94' title="bbox 620 4573 2182 4645; baseline 0.006 -21"><span class='ocrx_word' id='word_1_715' title='bbox 620 4573 989 4629; x_wconf 88' lang='lat' dir='ltr'><strong>utdeclararet</strong></span> <span class='ocrx_word' id='word_1_716' title='bbox 1017 4576 1273 4633; x_wconf 80' lang='lat' dir='ltr'><strong>Dominus</strong></span> <span class='ocrx_word' id='word_1_717' title='bbox 1328 4589 1511 4633; x_wconf 88' lang='lat' dir='ltr'><strong>noster</strong></span> <span class='ocrx_word' id='word_1_718' title='bbox 1557 4577 1713 4634; x_wconf 82' lang='lat' dir='ltr'><strong>Jesus</strong></span> <span class='ocrx_word' id='word_1_719' title='bbox 1762 4580 2024 4645; x_wconf 87' lang='lat' dir='ltr'><strong>Christus,</strong></span> <span class='ocrx_word' id='word_1_720' title='bbox 2064 4581 2182 4635; x_wconf 89' lang='lat' dir='ltr'><strong>ait:</strong></span> 
     </span>
    </p>
   </div>
   <div class='ocr_carea' id='block_1_95' title="bbox 626 4667 2184 4738">
    <p class='ocr_par' dir='ltr' id='par_1_95' title="bbox 626 4667 2184 4738">
     <span class='ocr_line' id='line_1_95' title="bbox 626 4667 2184 4738; baseline 0.006 -21"><span class='ocrx_word' id='word_1_721' title='bbox 626 4684 644 4717; x_wconf 84' lang='grc'><em>‹</em></span> <span class='ocrx_word' id='word_1_722' title='bbox 676 4667 846 4721; x_wconf 86' lang='lat' dir='ltr'><strong>Amen</strong></span> <span class='ocrx_word' id='word_1_723' title='bbox 887 4668 1010 4723; x_wconf 92' lang='lat' dir='ltr'><strong>dico</strong></span> <span class='ocrx_word' id='word_1_724' title='bbox 1040 4670 1216 4734; x_wconf 82' lang='lat' dir='ltr'><strong>vobis,</strong></span> <span class='ocrx_word' id='word_1_725' title='bbox 1247 4671 1335 4738; x_wconf 92' lang='lat' dir='ltr'><strong>qui</strong></span> <span class='ocrx_word' id='word_1_726' title='bbox 1357 4671 1531 4727; x_wconf 86' lang='lat' dir='ltr'><strong>credit</strong></span> <span class='ocrx_word' id='word_1_727' title='bbox 1560 4673 1610 4725; x_wconf 92' lang='lat' dir='ltr'><strong>in</strong></span> <span class='ocrx_word' id='word_1_728' title='bbox 1647 4687 1753 4738; x_wconf 91' lang='lat' dir='ltr'><strong>me,</strong></span> <span class='ocrx_word' id='word_1_729' title='bbox 1808 4674 1973 4728; x_wconf 89' lang='lat' dir='ltr'><strong>habet</strong></span> <span class='ocrx_word' id='word_1_730' title='bbox 2023 4674 2184 4727; x_wconf 86' lang='lat' dir='ltr'><strong>vitam</strong></span> 
     </span>
    </p>
   </div>
   <div class='ocr_carea' id='block_1_96' title="bbox 620 4758 2186 4829">
    <p class='ocr_par' dir='ltr' id='par_1_96' title="bbox 620 4758 2186 4829">
     <span class='ocr_line' id='line_1_96' title="bbox 620 4758 2186 4829; baseline 0.005 -18"><span class='ocrx_word' id='word_1_731' title='bbox 620 4767 898 4812; x_wconf 78' lang='lat' dir='ltr'><strong>aeternam.</strong></span> <span class='ocrx_word' id='word_1_732' title='bbox 926 4758 1033 4828; x_wconf 88' lang='lat' dir='ltr'><strong>Ego</strong></span> <span class='ocrx_word' id='word_1_733' title='bbox 1062 4775 1179 4814; x_wconf 85' lang='lat' dir='ltr'><strong>sum</strong></span> <span class='ocrx_word' id='word_1_734' title='bbox 1207 4762 1362 4829; x_wconf 88' lang='lat' dir='ltr'><strong>panis</strong></span> <span class='ocrx_word' id='word_1_735' title='bbox 1385 4762 1525 4816; x_wconf 76' lang='lat' dir='ltr'><strong>vitae.</strong></span> <span class='ocrx_word' id='word_1_736' title='bbox 1564 4761 1753 4819; x_wconf 89' lang='lat' dir='ltr'><strong>Patres</strong></span> <span class='ocrx_word' id='word_1_737' title='bbox 1809 4765 1973 4819; x_wconf 84' lang='lat' dir='ltr'><strong>vestri</strong></span> <span class='ocrx_word' id='word_1_738' title='bbox 2030 4780 2186 4819; x_wconf 86' lang='lat' dir='ltr'><strong>man-</strong></span> 
     </span>
    </p>
   </div>
   <div class='ocr_carea' id='block_1_97' title="bbox 623 4846 2189 4915">
    <p class='ocr_par' dir='ltr' id='par_1_97' title="bbox 623 4846 2189 4915">
     <span class='ocr_line' id='line_1_97' title="bbox 623 4846 2189 4915; baseline 0.008 -19"><span class='ocrx_word' id='word_1_739' title='bbox 623 4846 1169 4901; x_wconf 87' lang='lat' dir='ltr'><strong>ducaveruntmanna</strong></span> <span class='ocrx_word' id='word_1_740' title='bbox 1201 4850 1253 4903; x_wconf 91' lang='lat' dir='ltr'><strong>in</strong></span> <span class='ocrx_word' id='word_1_741' title='bbox 1274 4850 1512 4915; x_wconf 88' lang='lat' dir='ltr'><strong>deserto,</strong></span> <span class='ocrx_word' id='word_1_742' title='bbox 1546 4861 1599 4905; x_wconf 91' lang='lat' dir='ltr'><strong>et</strong></span> <span class='ocrx_word' id='word_1_743' title='bbox 1651 4854 1843 4907; x_wconf 86' lang='lat' dir='ltr'><strong>mortui</strong></span> <span class='ocrx_word' id='word_1_744' title='bbox 1898 4863 2023 4907; x_wconf 91' lang='lat' dir='ltr'><strong>sunt</strong></span> <span class='ocrx_word' id='word_1_745' title='bbox 2052 4871 2066 4907; x_wconf 89' lang='lat'><strong>:</strong></span> <span class='ocrx_word' id='word_1_746' title='bbox 2100 4854 2189 4908; x_wconf 90' lang='lat' dir='ltr'><strong>hic</strong></span> 
     </span>
    </p>
   </div>
   <div class='ocr_carea' id='block_1_98' title="bbox 622 4933 2189 5010">
    <p class='ocr_par' dir='ltr' id='par_1_98' title="bbox 622 4933 2189 5010">
     <span class='ocr_line' id='line_1_98' title="bbox 622 4933 2189 5010; baseline 0.006 -23"><span class='ocrx_word' id='word_1_747' title='bbox 622 4941 704 4987; x_wconf 90' lang='lat' dir='ltr'><strong>est</strong></span> <span class='ocrx_word' id='word_1_748' title='bbox 728 4933 879 5002; x_wconf 88' lang='lat' dir='ltr'><strong>panis</strong></span> <span class='ocrx_word' id='word_1_749' title='bbox 912 4934 978 4988; x_wconf 87' lang='lat' dir='ltr'><strong>de</strong></span> <span class='ocrx_word' id='word_1_750' title='bbox 1004 4935 1140 4990; x_wconf 69' lang='lat' dir='ltr'><strong>creto</strong></span> <span class='ocrx_word' id='word_1_751' title='bbox 1185 4936 1538 5002; x_wconf 86' lang='lat' dir='ltr'><strong>descendens,</strong></span> <span class='ocrx_word' id='word_1_752' title='bbox 1586 4949 1645 4993; x_wconf 92' lang='lat' dir='ltr'><strong>ut</strong></span> <span class='ocrx_word' id='word_1_753' title='bbox 1683 4940 1727 4994; x_wconf 92' lang='lat' dir='ltr'><strong>si</strong></span> <span class='ocrx_word' id='word_1_754' title='bbox 1782 4942 1903 5009; x_wconf 90' lang='lat' dir='ltr'><strong>quis</strong></span> <span class='ocrx_word' id='word_1_755' title='bbox 1955 4955 2019 4995; x_wconf 83' lang='lat' dir='ltr'><strong>ex</strong></span> <span class='ocrx_word' id='word_1_756' title='bbox 2074 4942 2189 5010; x_wconf 90' lang='lat' dir='ltr'><strong>ipso</strong></span> 
     </span>
    </p>
   </div>
   <div class='ocr_carea' id='block_1_99' title="bbox 624 5024 2186 5100">
    <p class='ocr_par' dir='ltr' id='par_1_99' title="bbox 624 5024 2186 5100">
     <span class='ocr_line' id='line_1_99' title="bbox 624 5024 2186 5100; baseline 0.006 -25"><span class='ocrx_word' id='word_1_757' title='bbox 624 5024 926 5090; x_wconf 86' lang='lat' dir='ltr'><strong>manducet,</strong></span> <span class='ocrx_word' id='word_1_758' title='bbox 960 5041 1064 5080; x_wconf 91' lang='lat' dir='ltr'><strong>non</strong></span> <span class='ocrx_word' id='word_1_759' title='bbox 1100 5027 1379 5083; x_wconf 85' lang='lat' dir='ltr'><strong>moriatur.</strong></span> <span class='ocrx_word' id='word_1_760' title='bbox 1419 5028 1527 5098; x_wconf 83' lang='lat' dir='ltr'><strong>Ego</strong></span> <span class='ocrx_word' id='word_1_761' title='bbox 1553 5045 1669 5084; x_wconf 88' lang='lat' dir='ltr'><strong>sum</strong></span> <span class='ocrx_word' id='word_1_762' title='bbox 1725 5032 1879 5099; x_wconf 89' lang='lat' dir='ltr'><strong>panis</strong></span> <span class='ocrx_word' id='word_1_763' title='bbox 1910 5032 2062 5087; x_wconf 90' lang='lat' dir='ltr'><strong>vivus</strong></span> <span class='ocrx_word' id='word_1_764' title='bbox 2095 5031 2186 5100; x_wconf 89' lang='lat' dir='ltr'><strong>qui</strong></span> 
     </span>
    </p>
   </div>
   <div class='ocr_carea' id='block_1_100' title="bbox 624 5114 2189 5189">
    <p class='ocr_par' dir='ltr' id='par_1_100' title="bbox 624 5114 2189 5189">
     <span class='ocr_line' id='line_1_100' title="bbox 624 5114 2189 5189; baseline 0.007 -22"><span class='ocrx_word' id='word_1_765' title='bbox 624 5115 689 5167; x_wconf 87' lang='lat' dir='ltr'><strong>de</strong></span> <span class='ocrx_word' id='word_1_766' title='bbox 722 5114 860 5168; x_wconf 75' lang='lat' dir='ltr'><strong>cmlo</strong></span> <span class='ocrx_word' id='word_1_767' title='bbox 886 5116 1157 5171; x_wconf 89' lang='lat' dir='ltr'><strong>descendi.</strong></span> <span class='ocrx_word' id='word_1_768' title='bbox 1218 5117 1273 5172; x_wconf 91' lang='lat' dir='ltr'><strong>Si</strong></span> <span class='ocrx_word' id='word_1_769' title='bbox 1326 5121 1447 5189; x_wconf 91' lang='lat' dir='ltr'><strong>quis</strong></span> <span class='ocrx_word' id='word_1_770' title='bbox 1505 5122 1907 5177; x_wconf 89' lang='lat' dir='ltr'><strong>manducaverit</strong></span> <span class='ocrx_word' id='word_1_771' title='bbox 1959 5138 2023 5177; x_wconf 80' lang='lat' dir='ltr'><strong>ex</strong></span> <span class='ocrx_word' id='word_1_772' title='bbox 2089 5123 2189 5179; x_wconf 92' lang='lat' dir='ltr'><strong>hoc</strong></span> 
     </span>
    </p>
   </div>
   <div class='ocr_carea' id='block_1_101' title="bbox 625 5206 2185 5284">
    <p class='ocr_par' dir='ltr' id='par_1_101' title="bbox 625 5206 2185 5284">
     <span class='ocr_line' id='line_1_101' title="bbox 625 5206 2185 5284; baseline 0.008 -28"><span class='ocrx_word' id='word_1_773' title='bbox 625 5218 781 5272; x_wconf 88' lang='lat' dir='ltr'><strong>pane,</strong></span> <span class='ocrx_word' id='word_1_774' title='bbox 815 5206 956 5260; x_wconf 83' lang='lat' dir='ltr'><strong>vivet</strong></span> <span class='ocrx_word' id='word_1_775' title='bbox 994 5208 1046 5261; x_wconf 92' lang='lat' dir='ltr'><strong>in</strong></span> <span class='ocrx_word' id='word_1_776' title='bbox 1081 5218 1337 5263; x_wconf 79' lang='lat' dir='ltr'><strong>:eteruutn</strong></span> <span class='ocrx_word' id='word_1_777' title='bbox 1367 5229 1379 5263; x_wconf 90' lang='lat'>:</span> <span class='ocrx_word' id='word_1_778' title='bbox 1421 5222 1473 5265; x_wconf 90' lang='lat' dir='ltr'><strong>et</strong></span> <span class='ocrx_word' id='word_1_779' title='bbox 1495 5213 1648 5280; x_wconf 91' lang='lat' dir='ltr'><strong>panis</strong></span> <span class='ocrx_word' id='word_1_780' title='bbox 1699 5228 1855 5282; x_wconf 86' lang='lat' dir='ltr'><strong>quem</strong></span> <span class='ocrx_word' id='word_1_781' title='bbox 1888 5228 1985 5284; x_wconf 79' lang='lat' dir='ltr'><strong>ego</strong></span> <span class='ocrx_word' id='word_1_782' title='bbox 2028 5215 2185 5278; x_wconf 87' lang='lat' dir='ltr'><strong>dabo,</strong></span> 
     </span>
    </p>
   </div>
   <div class='ocr_carea' id='block_1_102' title="bbox 624 5302 2191 5375">
    <p class='ocr_par' dir='ltr' id='par_1_102' title="bbox 624 5302 2191 5375">
     <span class='ocr_line' id='line_1_102' title="bbox 624 5302 2191 5375; baseline 0.008 -29"><span class='ocrx_word' id='word_1_783' title='bbox 624 5308 751 5348; x_wconf 86' lang='lat' dir='ltr'><strong>caro</strong></span> <span class='ocrx_word' id='word_1_784' title='bbox 784 5310 899 5348; x_wconf 89' lang='lat' dir='ltr'><strong>mea</strong></span> <span class='ocrx_word' id='word_1_785' title='bbox 933 5305 1014 5350; x_wconf 90' lang='lat' dir='ltr'><strong>est</strong></span> <span class='ocrx_word' id='word_1_786' title='bbox 1038 5312 1139 5367; x_wconf 81' lang='lat' dir='ltr'><strong>pro</strong></span> <span class='ocrx_word' id='word_1_787' title='bbox 1167 5302 1348 5354; x_wconf 84' lang='lat' dir='ltr'><strong>mundi</strong></span> <span class='ocrx_word' id='word_1_788' title='bbox 1377 5302 1485 5355; x_wconf 85' lang='lat' dir='ltr'><strong>vita</strong></span> <span class='ocrx_word' id='word_1_789' title='bbox 1514 5302 1582 5356; x_wconf 84' lang='lat'><strong>&quot;.</strong></span> <span class='ocrx_word' id='word_1_790' title='bbox 1623 5322 1639 5353; x_wconf 74' lang='grc' dir='ltr'><strong>ι</strong></span> <span class='ocrx_word' id='word_1_791' title='bbox 1673 5304 1803 5357; x_wconf 85' lang='lat' dir='ltr'><strong>Nam</strong></span> <span class='ocrx_word' id='word_1_792' title='bbox 1835 5307 1958 5374; x_wconf 86' lang='lat' dir='ltr'><strong>quia</strong></span> <span class='ocrx_word' id='word_1_793' title='bbox 1982 5319 2047 5357; x_wconf 83' lang='lat' dir='ltr'><strong>ex</strong></span> <span class='ocrx_word' id='word_1_794' title='bbox 2100 5321 2191 5375; x_wconf 84' lang='lat' dir='ltr'><strong>ge-</strong></span> 
     </span>
    </p>
   </div>
   <div class='ocr_carea' id='block_1_103' title="bbox 627 5386 2191 5461">
    <p class='ocr_par' dir='ltr' id='par_1_103' title="bbox 627 5386 2191 5461">
     <span class='ocr_line' id='line_1_103' title="bbox 627 5386 2191 5461; baseline 0.009 -27"><span class='ocrx_word' id='word_1_795' title='bbox 627 5398 753 5436; x_wconf 90' lang='lat' dir='ltr'><strong>nere</strong></span> <span class='ocrx_word' id='word_1_796' title='bbox 782 5386 944 5439; x_wconf 88' lang='lat' dir='ltr'><strong>lsrael</strong></span> <span class='ocrx_word' id='word_1_797' title='bbox 982 5389 1088 5441; x_wconf 88' lang='lat' dir='ltr'><strong>nati</strong></span> <span class='ocrx_word' id='word_1_798' title='bbox 1113 5390 1177 5442; x_wconf 90' lang='lat' dir='ltr'><strong>de</strong></span> <span class='ocrx_word' id='word_1_799' title='bbox 1208 5405 1403 5445; x_wconf 89' lang='lat' dir='ltr'><strong>manna</strong></span> <span class='ocrx_word' id='word_1_800' title='bbox 1432 5394 1859 5461; x_wconf 86' lang='lat' dir='ltr'><strong>suppeditatione</strong></span> <span class='ocrx_word' id='word_1_801' title='bbox 1887 5394 2069 5448; x_wconf 86' lang='lat' dir='ltr'><strong>Mosen</strong></span> <span class='ocrx_word' id='word_1_802' title='bbox 2097 5396 2191 5448; x_wconf 87' lang='lat' dir='ltr'><strong>ad-</strong></span> 
     </span>
    </p>
   </div>
   <div class='ocr_carea' id='block_1_104' title="bbox 628 5471 2191 5553">
    <p class='ocr_par' dir='ltr' id='par_1_104' title="bbox 628 5471 2191 5553">
     <span class='ocr_line' id='line_1_104' title="bbox 628 5471 2191 5553; baseline 0.01 -30"><span class='ocrx_word' id='word_1_803' title='bbox 628 5471 981 5538; x_wconf 86' lang='lat' dir='ltr'><strong>mirabantur,</strong></span> <span class='ocrx_word' id='word_1_804' title='bbox 1018 5476 1173 5546; x_wconf 79' lang='lat'><strong>113</strong></span> <span class='ocrx_word' id='word_1_805' title='bbox 1204 5481 1348 5547; x_wconf 90' lang='lat' dir='ltr'><strong>quod</strong></span> <span class='ocrx_word' id='word_1_806' title='bbox 1418 5497 1539 5535; x_wconf 90' lang='lat' dir='ltr'><strong>eum</strong></span> <span class='ocrx_word' id='word_1_807' title='bbox 1586 5498 1679 5552; x_wconf 87' lang='lat' dir='ltr'><strong>per</strong></span> <span class='ocrx_word' id='word_1_808' title='bbox 1731 5485 2003 5539; x_wconf 87' lang='lat' dir='ltr'><strong>desertum</strong></span> <span class='ocrx_word' id='word_1_809' title='bbox 2073 5486 2191 5553; x_wconf 89' lang='lat' dir='ltr'><strong>ejus</strong></span> 
     </span>
    </p>
   </div>
   <div class='ocr_carea' id='block_1_105' title="bbox 628 5567 2190 5647">
    <p class='ocr_par' dir='ltr' id='par_1_105' title="bbox 628 5567 2190 5647">
     <span class='ocr_line' id='line_1_105' title="bbox 628 5567 2190 5647; baseline 0.012 -33"><span class='ocrx_word' id='word_1_810' title='bbox 628 5567 881 5633; x_wconf 83' lang='lat' dir='ltr'><strong>temporis</strong></span> <span class='ocrx_word' id='word_1_811' title='bbox 904 5568 1206 5628; x_wconf 89' lang='lat' dir='ltr'><strong>hominibus</strong></span> <span class='ocrx_word' id='word_1_812' title='bbox 1243 5572 1531 5629; x_wconf 88' lang='lat' dir='ltr'><strong>demissum</strong></span> <span class='ocrx_word' id='word_1_813' title='bbox 1557 5574 1769 5641; x_wconf 90' lang='lat' dir='ltr'><strong>fuisset,</strong></span> <span class='ocrx_word' id='word_1_814' title='bbox 1805 5586 1984 5647; x_wconf 86' lang='lat' dir='ltr'><strong>typum</strong></span> <span class='ocrx_word' id='word_1_815' title='bbox 2023 5578 2190 5647; x_wconf 86' lang='lat' dir='ltr'><strong>gessit</strong></span> 
     </span>
    </p>
   </div>
   <div class='ocr_carea' id='block_1_106' title="bbox 2296 4573 3874 4648">
    <p class='ocr_par' dir='ltr' id='par_1_106' title="bbox 2296 4573 3874 4648">
     <span class='ocr_line' id='line_1_106' title="bbox 2296 4573 3874 4648; baseline -0.003 -17"><span class='ocrx_word' id='word_1_816' title='bbox 2296 4580 2323 4631; x_wconf 89' lang='lat'><strong>6</strong></span> <span class='ocrx_word' id='word_1_817' title='bbox 2344 4578 2616 4632; x_wconf 89' lang='grc' dir='ltr'>πιστεύων</span> <span class='ocrx_word' id='word_1_818' title='bbox 2643 4579 2721 4641; x_wconf 85' lang='grc' dir='ltr'><strong>είς</strong></span> <span class='ocrx_word' id='word_1_819' title='bbox 2748 4579 2869 4647; x_wconf 81' lang='grc' dir='ltr'>ἐμὲ,</span> <span class='ocrx_word' id='word_1_820' title='bbox 2913 4578 3026 4648; x_wconf 80' lang='grc' dir='ltr'>ἔχει</span> <span class='ocrx_word' id='word_1_821' title='bbox 3066 4576 3211 4648; x_wconf 77' lang='grc' dir='ltr'>ζωὴν</span> <span class='ocrx_word' id='word_1_822' title='bbox 3247 4575 3484 4629; x_wconf 81' lang='grc' dir='ltr'>αἰώνιον.</span> <span class='ocrx_word' id='word_1_823' title='bbox 3527 4573 3668 4643; x_wconf 84' lang='grc' dir='ltr'><strong>Ἐγώ</strong></span> <span class='ocrx_word' id='word_1_824' title='bbox 3693 4576 3815 4644; x_wconf 82' lang='grc' dir='ltr'>εἰμι</span> <span class='ocrx_word' id='word_1_825' title='bbox 3844 4576 3874 4627; x_wconf 91' lang='lat'><strong>6</strong></span> 
     </span>
    </p>
   </div>
   <div class='ocr_carea' id='block_1_107' title="bbox 2293 4667 3873 4739">
    <p class='ocr_par' dir='ltr' id='par_1_107' title="bbox 2293 4667 3873 4739">
     <span class='ocr_line' id='line_1_107' title="bbox 2293 4667 3873 4739; baseline -0.001 -18"><span class='ocrx_word' id='word_1_826' title='bbox 2293 4668 2456 4738; x_wconf 82' lang='grc' dir='ltr'>ἄρτος</span> <span class='ocrx_word' id='word_1_827' title='bbox 2494 4670 2590 4739; x_wconf 81' lang='grc' dir='ltr'>τῆς</span> <span class='ocrx_word' id='word_1_828' title='bbox 2618 4669 2782 4738; x_wconf 82' lang='grc' dir='ltr'>ζωῆς.</span> <span class='ocrx_word' id='word_1_829' title='bbox 2817 4670 2878 4721; x_wconf 89' lang='grc' dir='ltr'>Οί</span> <span class='ocrx_word' id='word_1_830' title='bbox 2910 4668 3149 4738; x_wconf 85' lang='grc' dir='ltr'>πατέρες</span> <span class='ocrx_word' id='word_1_831' title='bbox 3191 4667 3345 4737; x_wconf 82' lang='grc' dir='ltr'>ὑμῶν</span> <span class='ocrx_word' id='word_1_832' title='bbox 3376 4668 3575 4735; x_wconf 77' lang='grc' dir='ltr'>ἔφαγον</span> <span class='ocrx_word' id='word_1_833' title='bbox 3602 4667 3662 4719; x_wconf 89' lang='grc' dir='ltr'><strong>τὸ</strong></span> <span class='ocrx_word' id='word_1_834' title='bbox 3692 4668 3873 4736; x_wconf 83' lang='grc' dir='ltr'>μάννα</span> 
     </span>
    </p>
   </div>
   <div class='ocr_carea' id='block_1_108' title="bbox 2289 4753 3875 4833">
    <p class='ocr_par' dir='ltr' id='par_1_108' title="bbox 2289 4753 3875 4833">
     <span class='ocr_line' id='line_1_108' title="bbox 2289 4753 3875 4833; baseline -0.003 -19"><span class='ocrx_word' id='word_1_835' title='bbox 2289 4764 2345 4815; x_wconf 88' lang='grc' dir='ltr'><strong>ἐν</strong></span> <span class='ocrx_word' id='word_1_836' title='bbox 2374 4765 2441 4832; x_wconf 80' lang='grc' dir='ltr'>τῇ</span> <span class='ocrx_word' id='word_1_837' title='bbox 2473 4763 2664 4833; x_wconf 85' lang='grc' dir='ltr'>ἐρήμῳ</span> <span class='ocrx_word' id='word_1_838' title='bbox 2692 4761 2785 4814; x_wconf 74' lang='grc' dir='ltr'><strong>καὶ</strong></span> <span class='ocrx_word' id='word_1_839' title='bbox 2810 4760 3078 4813; x_wconf 81' lang='grc' dir='ltr'>ἀπέθανον</span> <span class='ocrx_word' id='word_1_840' title='bbox 3100 4776 3112 4788; x_wconf 88' lang='grc'><strong>·</strong></span> <span class='ocrx_word' id='word_1_841' title='bbox 3159 4753 3310 4821; x_wconf 80' lang='grc' dir='ltr'>οῦτός</span> <span class='ocrx_word' id='word_1_842' title='bbox 3340 4760 3486 4813; x_wconf 90' lang='grc' dir='ltr'>ἐστιν</span> <span class='ocrx_word' id='word_1_843' title='bbox 3513 4760 3541 4810; x_wconf 90' lang='lat'><strong>6</strong></span> <span class='ocrx_word' id='word_1_844' title='bbox 3571 4757 3734 4829; x_wconf 87' lang='grc' dir='ltr'>ἄρτος</span> <span class='ocrx_word' id='word_1_845' title='bbox 3756 4760 3784 4810; x_wconf 93' lang='lat'><strong>6</strong></span> <span class='ocrx_word' id='word_1_846' title='bbox 3811 4760 3875 4809; x_wconf 89' lang='grc' dir='ltr'><strong>ἐκ</strong></span> 
     </span>
    </p>
   </div>
   <div class='ocr_carea' id='block_1_109' title="bbox 2289 4849 3876 4925">
    <p class='ocr_par' dir='ltr' id='par_1_109' title="bbox 2289 4849 3876 4925">
     <span class='ocr_line' id='line_1_109' title="bbox 2289 4849 3876 4925; baseline -0.004 -19"><span class='ocrx_word' id='word_1_847' title='bbox 2289 4854 2383 4907; x_wconf 88' lang='grc' dir='ltr'><strong>τοῦ</strong></span> <span class='ocrx_word' id='word_1_848' title='bbox 2413 4854 2640 4925; x_wconf 81' lang='grc' dir='ltr'>ούρανοῦ</span> <span class='ocrx_word' id='word_1_849' title='bbox 2665 4852 3025 4917; x_wconf 74' lang='grc' dir='ltr'>καταϐαίνων,</span> <span class='ocrx_word' id='word_1_850' title='bbox 3054 4852 3141 4903; x_wconf 83' lang='grc' dir='ltr'>ἵνα</span> <span class='ocrx_word' id='word_1_851' title='bbox 3183 4869 3265 4914; x_wconf 92' lang='grc' dir='ltr'><strong>τις</strong></span> <span class='ocrx_word' id='word_1_852' title='bbox 3296 4850 3353 4917; x_wconf 78' lang='grc' dir='ltr'>ἐξ</span> <span class='ocrx_word' id='word_1_853' title='bbox 3382 4849 3546 4904; x_wconf 85' lang='grc' dir='ltr'>αὑτοῦ</span> <span class='ocrx_word' id='word_1_854' title='bbox 3579 4850 3753 4923; x_wconf 77' lang='grc' dir='ltr'>φάγῃ,</span> <span class='ocrx_word' id='word_1_855' title='bbox 3779 4852 3876 4901; x_wconf 73' lang='grc' dir='ltr'><strong>καὶ</strong></span> 
     </span>
    </p>
   </div>
   <div class='ocr_carea' id='block_1_110' title="bbox 2293 4940 3874 5017">
    <p class='ocr_par' dir='ltr' id='par_1_110' title="bbox 2293 4940 3874 5017">
     <span class='ocr_line' id='line_1_110' title="bbox 2293 4940 3874 5017; baseline -0.003 -20"><span class='ocrx_word' id='word_1_856' title='bbox 2293 4946 2368 5015; x_wconf 87' lang='grc' dir='ltr'><strong>μὴ</strong></span> <span class='ocrx_word' id='word_1_857' title='bbox 2418 4945 2687 5017; x_wconf 82' lang='grc' dir='ltr'>ἀποθάνῃ.</span> <span class='ocrx_word' id='word_1_858' title='bbox 2743 4942 2883 5012; x_wconf 91' lang='grc' dir='ltr'>Ἐγώ</span> <span class='ocrx_word' id='word_1_859' title='bbox 2924 4945 3040 5014; x_wconf 90' lang='grc' dir='ltr'>είμι</span> <span class='ocrx_word' id='word_1_860' title='bbox 3079 4945 3107 4997; x_wconf 94' lang='lat'><strong>6</strong></span> <span class='ocrx_word' id='word_1_861' title='bbox 3162 4944 3326 5014; x_wconf 87' lang='grc' dir='ltr'>ἄρτος</span> <span class='ocrx_word' id='word_1_862' title='bbox 3370 4945 3398 4996; x_wconf 89' lang='lat'><strong>6</strong></span> <span class='ocrx_word' id='word_1_863' title='bbox 3448 4942 3556 5006; x_wconf 78' lang='grc' dir='ltr'><strong>ζῶν</strong></span> <span class='ocrx_word' id='word_1_864' title='bbox 3590 4943 3618 4994; x_wconf 94' lang='lat'><strong>6</strong></span> <span class='ocrx_word' id='word_1_865' title='bbox 3656 4944 3721 4995; x_wconf 85' lang='grc' dir='ltr'><strong>ἐκ</strong></span> <span class='ocrx_word' id='word_1_866' title='bbox 3774 4940 3874 4994; x_wconf 86' lang='grc' dir='ltr'><strong>τοῦ</strong></span> 
     </span>
    </p>
   </div>
   <div class='ocr_carea' id='block_1_111' title="bbox 2290 5035 3876 5106">
    <p class='ocr_par' dir='ltr' id='par_1_111' title="bbox 2290 5035 3876 5106">
     <span class='ocr_line' id='line_1_111' title="bbox 2290 5035 3876 5106; baseline -0.002 -17"><span class='ocrx_word' id='word_1_867' title='bbox 2290 5037 2517 5106; x_wconf 82' lang='grc' dir='ltr'>ούρανοῦ</span> <span class='ocrx_word' id='word_1_868' title='bbox 2573 5035 2837 5099; x_wconf 81' lang='grc' dir='ltr'>καταϐάς.</span> <span class='ocrx_word' id='word_1_869' title='bbox 2910 5036 3038 5091; x_wconf 88' lang='grc' dir='ltr'><strong>Ἐάν</strong></span> <span class='ocrx_word' id='word_1_870' title='bbox 3084 5054 3167 5099; x_wconf 91' lang='grc' dir='ltr'><strong>τις</strong></span> <span class='ocrx_word' id='word_1_871' title='bbox 3209 5037 3274 5089; x_wconf 87' lang='grc' dir='ltr'><strong>ἐκ</strong></span> <span class='ocrx_word' id='word_1_872' title='bbox 3324 5035 3514 5089; x_wconf 89' lang='grc' dir='ltr'>τούτου</span> <span class='ocrx_word' id='word_1_873' title='bbox 3556 5035 3649 5087; x_wconf 88' lang='grc' dir='ltr'><strong>τοῦ</strong></span> <span class='ocrx_word' id='word_1_874' title='bbox 3700 5035 3876 5104; x_wconf 82' lang='grc' dir='ltr'>ἄρτου</span> 
     </span>
    </p>
   </div>
   <div class='ocr_carea' id='block_1_112' title="bbox 2292 5125 3878 5199">
    <p class='ocr_par' dir='ltr' id='par_1_112' title="bbox 2292 5125 3878 5199">
     <span class='ocr_line' id='line_1_112' title="bbox 2292 5125 3878 5199; baseline 0 -20"><span class='ocrx_word' id='word_1_875' title='bbox 2292 5127 2462 5199; x_wconf 77' lang='grc' dir='ltr'>φάγῃ,</span> <span class='ocrx_word' id='word_1_876' title='bbox 2503 5125 2729 5195; x_wconf 81' lang='grc' dir='ltr'>ζήσεται</span> <span class='ocrx_word' id='word_1_877' title='bbox 2762 5128 2839 5188; x_wconf 86' lang='grc' dir='ltr'><strong>είς</strong></span> <span class='ocrx_word' id='word_1_878' title='bbox 2861 5127 2951 5179; x_wconf 88' lang='grc' dir='ltr'><strong>τὸν</strong></span> <span class='ocrx_word' id='word_1_879' title='bbox 2981 5125 3153 5179; x_wconf 76' lang='grc' dir='ltr'>αἰῶνα</span> <span class='ocrx_word' id='word_1_880' title='bbox 3174 5142 3187 5154; x_wconf 72' lang='grc'><strong>⁸</strong></span> <span class='ocrx_word' id='word_1_881' title='bbox 3213 5126 3306 5180; x_wconf 78' lang='grc' dir='ltr'><strong>καὶ</strong></span> <span class='ocrx_word' id='word_1_882' title='bbox 3335 5128 3362 5179; x_wconf 91' lang='lat'><strong>6</strong></span> <span class='ocrx_word' id='word_1_883' title='bbox 3387 5128 3551 5197; x_wconf 84' lang='grc' dir='ltr'>ἄρτος</span> <span class='ocrx_word' id='word_1_884' title='bbox 3580 5126 3635 5179; x_wconf 84' lang='grc' dir='ltr'>δὲ</span> <span class='ocrx_word' id='word_1_885' title='bbox 3666 5126 3727 5179; x_wconf 85' lang='grc' dir='ltr'>ὃν</span> <span class='ocrx_word' id='word_1_886' title='bbox 3759 5127 3878 5193; x_wconf 86' lang='grc' dir='ltr'>ἐγὼ</span> 
     </span>
    </p>
   </div>
   <div class='ocr_carea' id='block_1_113' title="bbox 2290 5216 3876 5289">
    <p class='ocr_par' dir='ltr' id='par_1_113' title="bbox 2290 5216 3876 5289">
     <span class='ocr_line' id='line_1_113' title="bbox 2290 5216 3876 5289; baseline 0.001 -20"><span class='ocrx_word' id='word_1_887' title='bbox 2290 5217 2465 5281; x_wconf 86' lang='grc' dir='ltr'>δώσω,</span> <span class='ocrx_word' id='word_1_888' title='bbox 2518 5218 2551 5286; x_wconf 87' lang='grc' dir='ltr'><strong>ή</strong></span> <span class='ocrx_word' id='word_1_889' title='bbox 2601 5217 2734 5284; x_wconf 80' lang='grc' dir='ltr'>σάρξ</span> <span class='ocrx_word' id='word_1_890' title='bbox 2782 5216 2881 5285; x_wconf 87' lang='grc' dir='ltr'><strong>μού</strong></span> <span class='ocrx_word' id='word_1_891' title='bbox 2934 5218 3148 5287; x_wconf 82' lang='grc' dir='ltr'>ἐστινὴ</span> <span class='ocrx_word' id='word_1_892' title='bbox 3198 5218 3335 5288; x_wconf 82' lang='grc' dir='ltr'>ὑπὲρ</span> <span class='ocrx_word' id='word_1_893' title='bbox 3381 5219 3478 5287; x_wconf 82' lang='grc' dir='ltr'>τῆς</span> <span class='ocrx_word' id='word_1_894' title='bbox 3514 5218 3609 5270; x_wconf 84' lang='grc' dir='ltr'><strong>τοῦ</strong></span> <span class='ocrx_word' id='word_1_895' title='bbox 3660 5218 3876 5289; x_wconf 84' lang='grc' dir='ltr'>κόσμου</span> 
     </span>
    </p>
   </div>
   <div class='ocr_carea' id='block_1_114' title="bbox 2299 5309 3879 5381">
    <p class='ocr_par' dir='ltr' id='par_1_114' title="bbox 2299 5309 3879 5381">
     <span class='ocr_line' id='line_1_114' title="bbox 2299 5309 3879 5381; baseline 0.002 -21"><span class='ocrx_word' id='word_1_896' title='bbox 2299 5309 2463 5379; x_wconf 78' lang='grc' dir='ltr'>ζωῆς.</span> <span class='ocrx_word' id='word_1_897' title='bbox 2491 5329 2507 5360; x_wconf 75' lang='grc' dir='ltr'><strong>ι</strong></span> <span class='ocrx_word' id='word_1_898' title='bbox 2565 5311 2780 5379; x_wconf 78' lang='grc' dir='ltr'>Ἐπειδὴ</span> <span class='ocrx_word' id='word_1_899' title='bbox 2828 5310 2935 5379; x_wconf 84' lang='grc' dir='ltr'><strong>γάρ</strong></span> <span class='ocrx_word' id='word_1_900' title='bbox 2964 5313 3011 5362; x_wconf 86' lang='grc' dir='ltr'>οἱ</span> <span class='ocrx_word' id='word_1_901' title='bbox 3040 5310 3099 5374; x_wconf 82' lang='grc' dir='ltr'><strong>ἐξ</strong></span> <span class='ocrx_word' id='word_1_902' title='bbox 3133 5311 3359 5380; x_wconf 79' lang='grc' dir='ltr'>αἵματος</span> <span class='ocrx_word' id='word_1_903' title='bbox 3411 5310 3623 5381; x_wconf 81' lang='grc' dir='ltr'>Ἰσραὴλ</span> <span class='ocrx_word' id='word_1_904' title='bbox 3664 5312 3879 5365; x_wconf 80' lang='grc' dir='ltr'>Μωσέα</span> 
     </span>
    </p>
   </div>
   <div class='ocr_carea' id='block_1_115' title="bbox 2297 5400 3878 5472">
    <p class='ocr_par' dir='ltr' id='par_1_115' title="bbox 2297 5400 3878 5472">
     <span class='ocr_line' id='line_1_115' title="bbox 2297 5400 3878 5472; baseline 0 -19"><span class='ocrx_word' id='word_1_905' title='bbox 2297 5401 2675 5471; x_wconf 87' lang='grc' dir='ltr'>κατεθήπεσαν</span> <span class='ocrx_word' id='word_1_906' title='bbox 2717 5404 2807 5454; x_wconf 72' lang='grc' dir='ltr'>ἐπὶ</span> <span class='ocrx_word' id='word_1_907' title='bbox 2835 5405 2900 5471; x_wconf 84' lang='grc' dir='ltr'>τῇ</span> <span class='ocrx_word' id='word_1_908' title='bbox 2932 5400 3023 5453; x_wconf 89' lang='grc' dir='ltr'><strong>τοῦ</strong></span> <span class='ocrx_word' id='word_1_909' title='bbox 3060 5401 3233 5469; x_wconf 83' lang='grc' dir='ltr'>μάννα</span> <span class='ocrx_word' id='word_1_910' title='bbox 3268 5403 3519 5472; x_wconf 76' lang='grc' dir='ltr'>χορηγίᾳ,</span> <span class='ocrx_word' id='word_1_911' title='bbox 3543 5400 3878 5471; x_wconf 83' lang='grc' dir='ltr'>καθιεμένου</span> 
     </span>
    </p>
   </div>
   <div class='ocr_carea' id='block_1_116' title="bbox 2302 5490 3877 5562">
    <p class='ocr_par' dir='ltr' id='par_1_116' title="bbox 2302 5490 3877 5562">
     <span class='ocr_line' id='line_1_116' title="bbox 2302 5490 3877 5562; baseline 0 -19"><span class='ocrx_word' id='word_1_912' title='bbox 2302 5492 2399 5561; x_wconf 80' lang='grc' dir='ltr'><strong>μὲν</strong></span> <span class='ocrx_word' id='word_1_913' title='bbox 2437 5495 2548 5555; x_wconf 81' lang='grc' dir='ltr'>τοῖς</span> <span class='ocrx_word' id='word_1_914' title='bbox 2575 5493 2831 5562; x_wconf 84' lang='grc' dir='ltr'>τηνικάδε</span> <span class='ocrx_word' id='word_1_915' title='bbox 2886 5490 3025 5544; x_wconf 85' lang='grc' dir='ltr'>κατὰ</span> <span class='ocrx_word' id='word_1_916' title='bbox 3071 5490 3168 5560; x_wconf 83' lang='grc' dir='ltr'><strong>τὴν</strong></span> <span class='ocrx_word' id='word_1_917' title='bbox 3215 5490 3445 5561; x_wconf 79' lang='grc' dir='ltr'>ἔρημον·</span> <span class='ocrx_word' id='word_1_918' title='bbox 3482 5490 3877 5559; x_wconf 85' lang='grc' dir='ltr'>ἀποπληροῦν-</span> 
     </span>
    </p>
   </div>
   <div class='ocr_carea' id='block_1_117' title="bbox 2296 5576 3877 5653">
    <p class='ocr_par' dir='ltr' id='par_1_117' title="bbox 2296 5576 3877 5653">
     <span class='ocr_line' id='line_1_117' title="bbox 2296 5576 3877 5653; baseline 0.004 -21"><span class='ocrx_word' id='word_1_919' title='bbox 2296 5598 2386 5643; x_wconf 88' lang='grc' dir='ltr'><strong>τες</strong></span> <span class='ocrx_word' id='word_1_920' title='bbox 2425 5579 2544 5651; x_wconf 76' lang='grc' dir='ltr'><strong>[ἵσ.</strong></span> <span class='ocrx_word' id='word_1_921' title='bbox 2574 5577 3047 5653; x_wconf 82' lang='grc' dir='ltr'>ἀποπληροῦντος]</span> <span class='ocrx_word' id='word_1_922' title='bbox 3107 5578 3162 5633; x_wconf 86' lang='grc' dir='ltr'><strong>δὲ</strong></span> <span class='ocrx_word' id='word_1_923' title='bbox 3223 5577 3393 5632; x_wconf 88' lang='grc' dir='ltr'>τύπον</span> <span class='ocrx_word' id='word_1_924' title='bbox 3444 5577 3539 5647; x_wconf 81' lang='grc' dir='ltr'>τῆς</span> <span class='ocrx_word' id='word_1_925' title='bbox 3596 5576 3877 5647; x_wconf 78' lang='grc' dir='ltr'>μυστικῆς</span> 
     </span>
    </p>
   </div>
   <div class='ocr_carea' id='block_1_118' title="bbox 700 5742 2192 5820">
    <p class='ocr_par' dir='ltr' id='par_1_118' title="bbox 700 5742 2182 5820">
     <span class='ocr_line' id='line_1_118' title="bbox 700 5742 2182 5820; baseline 0.007 -24"><span class='ocrx_word' id='word_1_926' title='bbox 700 5742 747 5774; x_wconf 79' lang='grc'><strong>’³</strong></span> <span class='ocrx_word' id='word_1_927' title='bbox 772 5742 791 5797; x_wconf 88' lang='lat' dir='ltr'><strong>l</strong></span> <span class='ocrx_word' id='word_1_928' title='bbox 821 5743 941 5799; x_wconf 82' lang='lat' dir='ltr'><strong>Cor.</strong></span> <span class='ocrx_word' id='word_1_929' title='bbox 978 5762 1051 5812; x_wconf 66' lang='grc' dir='ltr'><strong>τι,</strong></span> <span class='ocrx_word' id='word_1_930' title='bbox 1080 5747 1265 5804; x_wconf 66' lang='grc' dir='ltr'>Ἡσίὶθ.</span> <span class='ocrx_word' id='word_1_931' title='bbox 1342 5756 1387 5789; x_wconf 71' lang='grc'><strong>⁸⁸</strong></span> <span class='ocrx_word' id='word_1_932' title='bbox 1418 5751 1577 5808; x_wconf 86' lang='lat' dir='ltr'><strong>llehr.</strong></span> <span class='ocrx_word' id='word_1_933' title='bbox 1623 5753 1785 5820; x_wconf 70' lang='lat'><strong>1,28,</strong></span> <span class='ocrx_word' id='word_1_934' title='bbox 1809 5753 1896 5809; x_wconf 73' lang='lat'><strong>‘29.</strong></span> <span class='ocrx_word' id='word_1_935' title='bbox 1974 5755 2018 5785; x_wconf 74' lang='grc'><strong>’⁸</strong></span> <span class='ocrx_word' id='word_1_936' title='bbox 2052 5754 2182 5809; x_wconf 82' lang='lat' dir='ltr'><strong>Joan</strong></span> 
     </span>
    </p>
   </div>
   <div class='ocr_carea' id='block_1_119' title="bbox 2296 5742 2540 5820">
    <p class='ocr_par' dir='ltr' id='par_1_119' title="bbox 2299 5756 2540 5820">
     <span class='ocr_line' id='line_1_119' title="bbox 2299 5756 2540 5820; baseline 0.012 -13"><span class='ocrx_word' id='word_1_937' title='bbox 2299 5808 2306 5820; x_wconf 63' lang='lat'><strong>,</strong></span> <span class='ocrx_word' id='word_1_938' title='bbox 2352 5756 2540 5811; x_wconf 53' lang='lat'><strong>147-52.</strong></span> 
     </span>
    </p>
   </div>
  </div>
