4078 6348
208 381 299 439 19⁸1

1251 378 1621 436 ADVERSUS
1654 378 2053 436 NESTORIUM
2095 380 2221 436 LIB.
2262 378 2349 435 IV.

3334 377 3439 435 198

206 497 447 566 εὐλογίας
474 513 488 527 ·
546 495 673 550 σκιά
731 497 839 568 γάρ
880 499 909 550 6
963 497 1126 569 νόμος
1157 516 1169 529 ·
1222 502 1481 573 ταύτῃτοι
1522 505 1618 557 καὶ
1661 503 1765 555 λίαι

1885 504 2123 573 mysticae
2154 500 2577 557 benedictionis:
2634 499 2821 552 umbra
2874 513 3103 568 namque
3165 508 3283 553 erat
3322 500 3443 567 lex;

208 587 465 658 εὐτέχνως
504 589 534 641 6
566 586 769 659 Κύριος
799 589 954 659 ἡμῶν
1001 591 1207 661 Ἰησοῦς
1238 593 1473 663 Χριστὸς
1503 611 1773 663 κατασμι-

208 678 382 749 κρύνει
422 679 513 731 τὸν
544 678 733 743 τύπον,
779 681 1096 749 μετασοϐῶν
1134 684 1213 744 είς
1248 682 1526 753 ἀλήθειαν.
1561 685 1635 736 Οὐ
1667 685 1775 755 γάρ

206 770 277 823 τοί
305 787 470 840 φησιν
509 769 717 833 ἐκεῖνος
750 766 890 823 εἶναι
922 770 1043 841 [ίσ.
1074 766 1175 842 ἦν]
1210 773 1237 824 6
1264 775 1364 841 τῆς
1406 773 1551 841 ζωῆς
1590 773 1772 841 ἄρτος,

206 862 311 915 ἀλλ’
357 862 467 929 ἐγὼ
518 862 717 932 μᾶλλον
766 865 795 915 6
840 862 899 926 ἐξ
948 863 1197 933 οὐρανοῦ,
1241 864 1333 916 καὶ
1387 863 1665 925 ζωοποιῶν
1707 864 1774 916 τὰ

205 955 399 1018 πάντα,
440 955 535 1007 καὶ
588 956 699 1017 τοῖς
730 954 1000 1007 ἐσθίουσιν
1042 955 1281 1025 ἐμαυτὸν
1319 956 1503 1021 ἐνιεὶς,
1546 956 1640 1009 καὶ
1686 956 1775 1009 διὰ

204 1047 294 1115 τῆς
342 1045 637 1115 ἐνωθείσης
680 1046 803 1114 ἐμοὶ
844 1046 1076 1116 σαρκός·
1126 1046 1155 1097 ὃ
1195 1046 1258 1117 δὴ
1301 1047 1396 1099 καὶ
1441 1046 1774 1117 σαφέστερον

203 1135 369 1188 ἐποίει
408 1137 615 1205 λέγων·
674 1154 693 1188 ι
728 1137 899 1206 Ἀμὴν
946 1136 1091 1206 λέγω
1137 1139 1286 1207 ὑμῖν,
1335 1138 1429 1192 ἐὰν
1460 1138 1533 1209 μὴ
1563 1138 1773 1207 φάγητε

203 1226 294 1293 τὴν
333 1227 509 1297 σάρκα
533 1228 626 1279 τοῦ
666 1226 789 1279 Υίοῦ
824 1228 919 1279 τοῦ
945 1228 1257 1300 ἀνθρώπου,
1294 1231 1387 1282 καὶ
1422 1230 1578 1300 πίητε
1608 1228 1773 1283 αὐτοῦ

202 1316 256 1368 τὸ
284 1311 445 1386 αἷμα,
473 1318 574 1371 οὐκ
607 1317 758 1388 ἔχετε
789 1318 936 1391 ζωὴν
973 1320 1031 1372 ἐν
1070 1321 1279 1383 ἑαυτοῖς
1305 1338 1318 1352 ·
1364 1324 1391 1375 6
1418 1321 1643 1392 τρώγων
1672 1340 1772 1391 μου

201 1405 291 1475 τὴν
318 1406 517 1476 σάρκα,
540 1408 634 1461 καὶ
649 1408 819 1461 πίνων
841 1426 943 1480 μου
967 1410 1028 1462 τὸ
1050 1404 1206 1479 αἷμα,
1232 1410 1344 1479 ἔχει
1365 1408 1510 1480 ζωὴν
1535 1411 1771 1476 αἰώνιον,

201 1494 349 1561 κάγὼ
378 1498 665 1567 ἀναστήσω
706 1499 870 1553 αὑτὸν
912 1501 968 1552 ἐν
1007 1503 1072 1570 τῇ
1103 1501 1307 1573 ἐσχάτῃ
1336 1502 1537 1572 ἡμέρᾳ.
1575 1503 1639 1554 Ἠ
1669 1504 1773 1574 γὰρ

201 1585 330 1655 σάρξ
382 1604 484 1656 μου
536 1588 743 1659 ἀληθής
786 1590 905 1642 ἐστι
949 1589 1183 1659 βρῶσις·
1234 1593 1327 1645 καὶ
1368 1592 1428 1644 τὸ
1468 1588 1608 1663 αἷμά
1649 1611 1770 1663 μου,

198 1677 397 1749 ἀληθής
438 1679 554 1731 ἐστι
585 1680 761 1744 πόσις.
808 1682 864 1733 '0
897 1682 1128 1753 τρώγων
1163 1701 1264 1753 μου
1299 1685 1397 1756 τὴν
1438 1685 1645 1755 σάρκα,
1681 1686 1774 1739 καὶ

198 1768 359 1821 πίνων
396 1786 497 1840 μου
523 1770 584 1823 τὺ
615 1765 773 1841 αἷμα,
819 1773 878 1825 ἐν
920 1774 1042 1842 ἐμοὶ
1093 1775 1263 1842 μένει,
1307 1774 1461 1843 κάγὼ
1496 1778 1553 1827 ἐν
1599 1776 1768 1845 αὐτῷ.

1880 593 2000 645 ideo
2025 593 2318 661 prudenter
2374 590 2660 643 admodum
2717 588 2976 641 Dominus
3043 597 3226 643 noster
3286 586 3446 642 Jesns

1876 680 2124 737 Christus
2147 691 2330 753 typum
2354 688 2692 744 extenuat,ut
2718 679 2782 733 ad
2807 680 3089 733 veritatem
3122 680 3442 734 transferat.

1877 772 2062 841 Neque
2090 774 2256 837 enim,
2284 772 2476 841 inquit,
2510 771 2597 823 ille
2624 770 2721 824 fuit
2776 772 2931 839 panis
2990 772 3134 834 vitze,
3192 771 3283 824 sed
3346 786 3446 839 ego

1878 863 2052 931 potius
2084 864 2173 929 qui
2207 863 2272 917 de
2297 862 2432 916 caelo
2462 876 2603 925 sum,
2631 872 2683 913 et
2718 862 2897 913 omnia
2936 861 3165 925 viviﬁco,
3200 871 3254 915 ct
3286 878 3369 914 tne
3394 863 3445 913 in

1878 956 2264 1009 manducantcs
2285 955 2445 1009 etiam
2481 968 2574 1021 per
2605 953 2808 1006 unitam
2831 952 2961 1005 mihi
2983 967 3201 1005 carnem
3233 954 3443 1006 insero:

1877 1047 2022 1114 quod
2061 1047 2222 1099 etiam
2255 1045 2454 1099 clarius
2495 1043 2743 1109 reddidit,
2778 1042 2962 1096 dicens
3001 1060 3015 1094 :
3059 1058 3077 1091 ι
3111 1042 3281 1094 Amen
3322 1042 3445 1093 dico

1878 1137 2052 1203 vobis,
2090 1137 2187 1190 nisi
2211 1135 2660 1189 manducaveritis
2690 1148 2906 1187 carnem
2963 1131 3080 1185 Filii
3113 1132 3368 1195 hominis,
3392 1141 3449 1184 et

1879 1227 2123 1281 hiberitis
2164 1225 2280 1293 ejus
2334 1226 2669 1294 sanguinem,
2704 1239 2807 1277 non
2868 1222 3133 1276 habebitis
3180 1223 3345 1276 vitam
3390 1225 3445 1274 in

1878 1319 2050 1373 vobis.
2071 1318 2171 1383 Qui
2198 1318 2674 1371 manducatmeam
2706 1330 2947 1381 carnem,
2989 1323 3046 1368 et
3090 1314 3223 1368 bibit
3268 1327 3444 1367 meum

1875 1410 2211 1479 sanguinem,
2242 1408 2403 1463 habet
2432 1409 2594 1461 vitam
2644 1419 2924 1468 aeternam.
2956 1416 3011 1461 et
3070 1422 3169 1477 ego
3215 1404 3446 1459 resusci-

1877 1502 2002 1556 tabo
2024 1516 2142 1555 eum
2176 1502 2227 1555 in
2258 1501 2548 1555 novissimo
2570 1501 2674 1553 die.
2714 1498 2844 1553 Nam
2876 1515 3001 1552 caro
3038 1514 3154 1552 mea
3177 1513 3300 1552 vere
3360 1506 3446 1552 est

1876 1595 2047 1659 cibus,
2075 1604 2127 1648 et
2154 1594 2374 1662 sanguis
2406 1608 2554 1647 meus
2577 1606 2701 1646 vere
2732 1601 2815 1644 est
2844 1603 3019 1661 potus.
3062 1591 3161 1657 Qui
3216 1591 3442 1645 mandu—

1877 1696 1961 1742 cat
1991 1701 2163 1741 meam
2188 1700 2428 1750 carnem,
2462 1695 2510 1738 et
2533 1684 2667 1737 bibit
2698 1697 2873 1737 meum
2906 1683 3243 1750 sanguinem,
3277 1681 3328 1734 in
3360 1694 3446 1733 me

1876 1786 2079 1844 manet,
2108 1787 2161 1831 et
2194 1792 2291 1847 ego
2317 1778 2367 1830 in
2394 1791 2478 1830 eo.
2519 1774 2670 1829 Sicut
2699 1777 2844 1828 misit
2871 1790 2954 1829 me
2979 1776 3161 1827 vivens
3195 1772 3372 1836 Pater,
3391 1780 3445 1824 et

193 1859 387 1922 Καθὼς
425 1861 709 1914 ἀπέστειλέ
741 1880 806 1932 με
839 1866 866 1916 ό
892 1862 1000 1926 ζῶν
1028 1864 1233 1935 Πατὴρ,
1264 1865 1418 1932 κάγὼ
1451 1865 1526 1929 ζῶ
1552 1867 1639 1919 διὰ
1677 1868 1765 1919 τὸν

1869 1881 1967 1935 ego
1994 1867 2114 1919 vivo
2145 1874 2364 1933 propter
2392 1866 2635 1931 Patrem;
2674 1875 2727 1919 et
2776 1865 2864 1932 qui
2901 1865 3187 1917 manducat
3236 1878 3340 1925 me,
3391 1872 3445 1915 et

192 1951 429 2021 Πατέρα,
460 1953 552 2005 καὶ
580 1954 607 2003 6
626 1953 853 2022 τρώγων
877 1971 965 2023 με,
996 1954 1246 2018 κάκεῖνος
1269 1954 1546 2025 ζήσεται.)
1584 1955 1773 2025 ΙἈθρει

194 2039 251 2111 δὴ
297 2037 391 2093 οὖν
435 2042 583 2105 ὅπως
616 2044 673 2094 ἐν
706 2046 838 2113 ἡμῖν
882 2045 1054 2115 μένει,
1090 2046 1183 2099 καὶ
1232 2044 1438 2117 φθορᾶς
1482 2047 1774 2115 ἀποφαίνει

193 2132 522 2201 κρείττονάς,
553 2135 665 2197 τοῖς
689 2135 980 2205 ἡμετέροις
1002 2135 1247 2206 σώμασιν
1265 2136 1534 2205 ἐγκαθιεὶς
1558 2138 1770 2203 ἐαυτὸν,

193 2222 261 2286 ὡς
293 2223 449 2295 ἔφην,
498 2226 593 2277 καὶ
640 2226 727 2278 διὰ
769 2227 869 2295 τῆς
911 2228 1044 2290 ίδίας
1083 2228 1303 2297 σαρκὸς,
1355 2231 1388 2298 ἢ
1436 2229 1527 2281 καὶ
1570 2229 1774 2299 ἀληθής

190 2314 302 2366 ἐστι
333 2314 559 2383 βρῶσις,
593 2316 691 2385 τῆς
719 2318 775 2367 ἐν
813 2318 963 2388 νόμῳ
996 2319 1174 2381 σκιᾶς,
1218 2318 1313 2370 καὶ
1334 2318 1434 2386 τῆς
1459 2321 1577 2370 κατ⁹
1602 2321 1775 2389 αὐτὴν

191 2404 441 2473 λατρείας
471 2407 571 2458 οὐκ
605 2408 835 2477 ἐχούσης
871 2410 969 2480 τὴν
1001 2410 1279 2478 ἀλήθειαν.
1327 2410 1437 2462 Καὶ
1483 2412 1509 2462 6
1553 2411 1649 2479 μὲν
1675 2410 1771 2462 τοῦ

190 2497 488 2567 μυστηρίου
514 2498 691 2567 λόγος,
722 2501 927 2563 ἁπλοῦς
964 2518 1022 2553 τε
1050 2501 1144 2552 καὶ
1175 2500 1401 2571 ἀληθὴς,
1430 2502 1490 2553 οὐ
1513 2502 1774 2565 ποικίλοις

189 2589 401 2640 ἐννοιῶν
441 2591 745 2659 εὑρήμασιν
775 2593 854 2653 εἰς
891 2593 1214 2662 ἀνοσιότητα
1261 2596 1770 2665 περιειργασμένος,

187 2679 394 2743 ἁπλοῦς
423 2681 498 2745 δέ,
529 2682 602 2744 ὡς
639 2682 793 2752 ἔφην.
834 2683 1171 2753 Πιστεύομεν
1188 2685 1297 2756 γάρ
1322 2687 1398 2749 ὡς
1425 2687 1501 2758 τῷ
1532 2689 1773 2757 τεχθέντι

187 2770 272 2823 διά
298 2772 398 2841 τῆς
425 2772 587 2840 ἁγίας
618 2772 899 2843 Παρθένου
947 2774 1182 2846 σώματι,
1219 2777 1399 2849 ψυχὴν
1426 2778 1600 2849 ἔχοντι
1633 2783 1777 2849 λογι-

185 2862 305 2931 κὴν,
340 2863 547 2927 ἐνώσας
588 2864 776 2916 ἐαυτὸν
804 2866 831 2918 ὁ
864 2866 927 2918 ἐκ
949 2866 1085 2919 Θεοῦ
1120 2868 1332 2939 Πατρὸς
1356 2870 1527 2937 Λόγος
1548 2889 1561 2901 ’
1595 2873 1773 2945 ἀπόρσ

187 2958 347 3024 ῥητος
387 2956 443 3009 δέ
478 2973 603 3021 που,
652 2957 746 3010 καὶ⁵
784 2959 1022 3030 μυστικὴ
1069 2959 1286 3022 πάντως
1320 2962 1353 3031 ὴ
1392 2962 1585 3025 ἐνωσις
1638 2966 1774 3026 ζωο-

186 3044 339 3096 ποιὸν
367 3044 649 3115 ἀπέφηνεν
680 3047 831 3112 αὐτὸ,
865 3048 978 3119 ζωὴ
1014 3048 1156 3101 κατά
1189 3049 1350 3117 φύσιν
1400 3052 1660 3122 ὑπάρχων
1699 3054 1775 3119 ὼς

1873 1956 1989 2025 ipse
2018 1958 2159 2011 vivet
2190 1957 2256 2008 ".
2297 1976 2315 2008 ι
2353 1955 2664 2025 Videigitur
2692 1954 3141 2024 quemadmodum
3200 1955 3252 2007 in
3290 1954 3445 2006 nobis

1875 2058 2053 2102 manet
2089 2057 2142 2101 et
2164 2049 2522 2117 corruptionis
2554 2049 2782 2101 victores
2805 2046 2986 2109 eﬂicit,
3022 2047 3145 2100 dum
3174 2061 3230 2101 se
3265 2046 3316 2099 in
3348 2061 3444 2098 no-

1873 2143 1986 2186 stra
2008 2133 2511 2201 demittitcorpora,
2542 2145 2600 2188 ut
2634 2134 2765 2197 dixi,
2794 2135 2954 2189 etiam
2981 2148 3075 2202 per
3122 2148 3275 2187 suam
3319 2149 3443 2186 car-

1874 2240 2017 2289 nem,
2045 2241 2161 2294 quae
2186 2240 2347 2279 verus
2366 2236 2450 2279 est
2482 2227 2659 2290 cibus,
2686 2241 2808 2280 cum
2836 2224 2919 2278 illa
2947 2225 3131 2293 legalis
3164 2225 3445 2287 umbra,et

1873 2319 2051 2372 cultus
2081 2320 2364 2387 peripsam
2394 2319 2695 2381 institutus,
2734 2335 2838 2373 non
2892 2318 3088 2372 habeat
3132 2319 3440 2370 veritatem.

1872 2409 1937 2462 Et
1968 2411 2207 2479 mysterii
2242 2412 2454 2477 quidem
2479 2412 2612 2465 ratio
2648 2411 2873 2479 simplex
2902 2420 2982 2464 est
3032 2426 3095 2462 ac
3154 2424 3303 2473 vera,
3334 2425 3438 2461 non

1871 2500 2036 2553 variis
2062 2500 2444 2569 cogitationum
2461 2501 2780 2554 commentis
2798 2501 2862 2554 ad
2894 2492 3224 2570 impietatem
3245 2502 3405 2569 exqui
3420 2530 3439 2541 -

1871 2591 1975 2645 site
1996 2592 2312 2660 composita,
2330 2592 2443 2653 sed,
2477 2601 2532 2644 ut
2562 2590 2957 2660 dixi,simplex.
2984 2590 3265 2646 Credimus
3287 2607 3439 2644 nam—

1873 2697 1978 2751 que
2009 2682 2133 2737 illud
2164 2697 2230 2737 ex
2267 2682 2376 2736 Deo
2409 2682 2566 2737 Patre
2593 2681 2986 2745 Verbum,cum
3018 2696 3077 2736 se
3105 2682 3316 2751 corpori
3343 2697 3440 2752 per

1872 2781 2113 2829 sanctam
2142 2773 2416 2842 Virginem
2446 2773 2610 2840 edito,
2632 2774 2960 2841 habentique
2977 2773 3290 2829 rationalem
3321 2774 3405 2826 ani
3427 2802 3439 2813 -

1873 2879 2019 2919 mam
2051 2864 2297 2931 uniisset,
2329 2863 2596 2931 qumnnio
2634 2863 2918 2918 ineﬂabills
2965 2880 3185 2933 prorsus
3226 2880 3287 2919 ac
3326 2880 3440 2934 my-

1872 2957 2005 3011 stica
2024 2955 2144 3021 fuit,
2174 2956 2345 3025 ipsum
2379 2970 2572 3024 corpus
2597 2955 2894 3010 reddidisse
2924 2955 3216 3021 vivificum,
3243 2957 3441 3025 quippe

1873 3061 1993 3102 cum
2023 3048 2283 3110 Verbum,
2306 3058 2489 3118 utpote
2514 3046 2678 3111 Deus,
2722 3048 2826 3101 vita
2850 3048 2919 3102 sit
2939 3050 3236 3102 secundum
3267 3060 3437 3102 natu-

181 3132 336 3198 Θεὸς,
367 3135 455 3187 ἵνα
486 3137 635 3203 ἡμᾶς
666 3137 859 3189 ἑαυτοῦ
889 3138 1150 3207 μετόχους
1180 3140 1482 3207 ἀποτελῶν,
1529 3162 1765 3215 πνευμα-

1876 3153 2014 3203 ram,
2039 3148 2096 3193 ut
2131 3154 2230 3193 nos
2264 3156 2366 3193 non
2396 3138 2620 3208 spiritali
2647 3147 2879 3202 tantum,
2911 3152 3094 3191 verum
3128 3139 3288 3192 etiam
3317 3153 3435 3193 cor-

178 3224 351 3287 τικῶς
397 3242 455 3276 τε
488 3224 605 3294 ἄμα
635 3227 728 3278 καὶ
762 3230 1109 3297 σωματικῶς,
1152 3230 1247 3283 καὶ
1278 3231 1485 3302 φθορᾶς
1515 3235 1766 3308 ἀποφήνῃ

186 3316 520 3386 κρείττονας,
558 3318 652 3369 καὶ
678 3318 777 3387 τῆς
813 3320 1085 3388 ἁμαρτίας
1120 3320 1211 3373 τὸν
1255 3323 1416 3392 νόμον
1448 3325 1539 3377 τὸν
1572 3326 1629 3379 ἐν
1656 3331 1769 3391 τοῖς

185 3406 374 3474 μέλεσι
400 3407 501 3477 τῆς
538 3410 739 3478 σαρκὸς
763 3411 1086 3481 καταργήσῃ
1128 3412 1196 3464 δι’
1234 3414 1448 3479 ἐαυτοῦ,
1480 3420 1766 3489 κατέκρινε

182 3496 280 3565 τὴν
310 3498 590 3569 ἁμαρτίαν
631 3502 689 3553 ἐν
739 3501 921 3571 σαρκὶ,
977 3504 1120 3555 καθά
1147 3504 1473 3575 γέγραπται.
1529 3511 1767 3564 Ἀνδάνει

182 3588 256 3655 δὲ,
290 3587 471 3661 οἶμαι,
498 3593 657 3645 ταυτὶ
687 3594 806 3646 κατ’
829 3594 1017 3646 οὐδένα
1046 3595 1246 3663 τρόπον
1268 3598 1345 3665 τῷ
1362 3600 1468 3651 τῶν
1487 3601 1621 3655 νέων
1639 3604 1767 3672 ἡμῖν

182 3678 514 3748 εὑρημάτων
538 3681 897 3753 δογματιστῇ,
915 3683 973 3745 ὃς
995 3678 1083 3736 οἷά
1102 3701 1187 3747 τις
1211 3686 1409 3756 μόσχος
1432 3688 1767 3759 ἀτιμαγέλας

181 3771 271 3823 ἐπὶ
304 3772 469 3842 μόνον
500 3774 635 3826 ῐεται
665 3775 725 3827 τὸ
755 3774 896 3827 κατὰ
941 3775 1169 3846 γνώμην
1202 3778 1371 3847 αὐτῷ,
1423 3780 1514 3833 καὶ
1537 3782 1636 3853 τὴν
1670 3784 1765 3836 τοῦ

182 3866 495 3934 μυστηρίου
517 3866 747 3936 δύναμιν
775 3868 1230 3939 κατασμικρύνει,
1269 3869 1442 3939 λέγων
1470 3890 1483 3904 ⁶

247 4040 548 4111 ξ’Ᾱκουσον
596 4045 691 4097 καὶ
728 4045 809 4109 τὸ,
839 4046 1064 4117 Κύριος,
1100 4049 1232 4101 ποτὲ
1269 4049 1390 4118 μὲν,
1423 4051 1516 4104 ἐπὶ
1542 4053 1641 4122 τῆς
1667 4055 1761 4107 ἀν-

177 4134 533 4205 θρωπότητος
567 4137 660 4189 τοῦ
688 4138 927 4207 Χριστοῦ
946 4150 961 4165 ⁹
995 4140 1125 4193 ποτὲ
1150 4141 1230 4207 δὲ,
1266 4142 1358 4194 ἐπὶ
1381 4142 1479 4211 τῆς
1510 4142 1763 4213 θεότητος

176 4226 347 4278 αὑτοῦ
372 4243 386 4257 ’
430 4229 561 4280 ποτέ
591 4228 667 4291 δέ,
694 4229 781 4280 ἐπ’
814 4230 1143 4301 ἀμφοτέρων
1176 4232 1446 4303 κείμενον*
1487 4253 1505 4285 t
1541 4235 1761 4300 Ὁσάκις

173 4317 239 4369 ἂν
270 4318 497 4388 ἐσθίητε
528 4319 620 4371 τὸν
651 4321 814 4389 ἄρτον
840 4321 1053 4386 τοῦτον,
1086 4326 1180 4375 καὶ
1208 4325 1270 4377 τὸ
1316 4328 1577 4396 ποτήριον
1602 4330 1761 4383 τοῦτο

174 4410 396 4481 πίνητε,
449 4411 540 4464 τὸν
589 4410 816 4466 θάνατον
868 4413 963 4467 τοῦ
1014 4416 1218 4487 Κυρίου
1274 4420 1693 4487 καταγγέλλετε.
1736 4441 1753 4474 ι

1872 3229 2041 3296 porali
2074 3229 2233 3282 modo
2265 3230 2345 3281 sui
2368 3230 2655 3297 participes
2672 3228 2915 3291 effectos,
2937 3228 3281 3297 corruptione
3308 3244 3442 3296 prae-

1871 3318 2160 3373 stantiores
2250 3320 2520 3380 redderet,
2593 3327 2646 3371 et
2720 3327 2975 3371 evacuata
3036 3333 3128 3385 per
3204 3318 3439 3385 seipsum

1872 3410 2073 3477 peccati
2107 3411 2219 3478 lege
2238 3411 2287 3462 in
2310 3408 2565 3463 membris
2596 3408 2775 3462 carnis
2796 3410 2989 3477 posita,
3012 3411 3291 3461 damnaret
3315 3423 3437 3477 pec-

1870 3511 2048 3554 catum
2081 3501 2131 3554 in
2159 3514 2343 3562 carne,
2375 3501 2515 3554 sicut
2545 3501 2805 3568 scriptum
2838 3509 2920 3553 est
2945 3500 3012 3553 ’⁷.
3033 3500 3137 3554 Sed
3170 3499 3299 3560 haec,
3335 3500 3439 3553 nisi

1869 3589 2045 3655 fallor,
2084 3599 2271 3645 nostro
2329 3604 2587 3644 novorum
2620 3600 3047 3644 commentorum
3104 3590 3439 3660 dogmatistaa

1870 3680 2015 3734 nullo
2034 3683 2192 3735 modo
2219 3680 2547 3751 placent,qui
2583 3690 2835 3751 tauquam
2868 3681 3068 3735 vitulus
3096 3690 3439 3751 contemptor

1867 3774 2215 3841 desertorque
2271 3773 2471 3843 gregis,
2546 3775 2597 3827 in
2650 3773 2704 3827 id
2777 3774 2951 3829 solum
3035 3774 3209 3842 pergit
3294 3776 3437 3843 quod

1867 3863 1968 3917 sibi
2028 3862 2225 3933 placet,
2272 3875 2326 3919 et
2364 3862 2525 3932 hujus
2572 3864 2810 3934 mysterii
2871 3863 2976 3917 vim
3031 3862 3320 3929 imminuit,
3351 3864 3435 3918 di—

1866 3968 1996 4008 cens
2028 3972 2041 4008 Ξ

1939 4042 2206 4115 [Nm-ron.
2244 4044 2381 4099 Audi
2409 4046 2568 4099 etiam
2598 4047 2699 4099 hoc
2753 4060 2969 4108 nomen,
3031 4044 3275 4109 Domine,
3332 4046 3434 4099 a|i~

1865 4138 2081 4206 quando
2113 4136 2179 4190 de
2211 4138 2542 4192 humanitate
2573 4135 2796 4204 Christi,
2830 4137 3121 4206 aliquando
3151 4137 3215 4192 de
3240 4140 3436 4193 divini-

1864 4242 1973 4287 tate
1990 4233 2126 4300 ejus,
2159 4234 2447 4303 aliquando
2479 4234 2543 4288 de
2574 4244 2808 4302 utroque
2837 4232 3095 4302 positum.
3135 4252 3153 4284 ι
3184 4233 3436 4300 Quoties-

1862 4326 2095 4395 cunque"
2134 4324 2528 4379 manducabitis
2552 4340 2741 4393 panem
2771 4324 2931 4385 hunc,
2991 4333 3045 4379 et
3098 4324 3323 4378 calicem
3356 4327 3435 4379 bi-

1866 4418 2022 4482 helis,
2052 4428 2276 4472 mortem
2312 4416 2518 4470 Dcinini
2557 4414 3028 4468 annuntiabitis”.
3066 4434 3083 4465 ›
3113 4414 3272 4487 114
3298 4416 3429 4469 Audi

176 4502 453 4556 Ἄκουσον
498 4506 561 4555 ἐκ
607 4503 713 4557 τῶν
766 4508 1195 4577 προηγουμένων
1234 4509 1332 4579 τὴν
1378 4511 1617 4579 ἀμαθίαν
1648 4514 1758 4567 τῶν

1869 4522 1928 4562 ex
1980 4508 2405 4574 praecedentibus
2458 4506 2780 4575 imperitiam
2836 4506 3231 4573 objicientium,
3290 4510 3431 4573 quod

170 4594 583 4659 ἀντιτιθέντων,
636 4594 710 4656 ώς
745 4594 975 4665 ίσχυράν
1025 4596 1458 4663 ἀναγινώσκουσι
1507 4599 1601 4653 τοῦ
1655 4620 1758 4671 μυ-

172 4683 405 4752 στηρίου
460 4683 559 4752 τὴν
614 4683 901 4751 ὠφέλειαν,
956 4686 1052 4737 καὶ
1096 4686 1238 4748 τίνος
1290 4690 1403 4751 τοῖς
1449 4690 1756 4761 ἀνθρώποις

169 4775 483 4845 παρέχεται
529 4776 628 4841 τὴν
671 4778 1011 4848 ἀνάμνησιν·
1068 4778 1161 4830 καὶ
1220 4780 1451 4836 ἄκουσον
1498 4784 1572 4854 μὴ
1623 4785 1755 4853 ἐμοῦ

165 4866 344 4921 ταῦτα
374 4868 648 4935 λέγοντος,
682 4869 818 4923 ἀλλὰ
849 4869 945 4922 τοῦ
983 4873 1259 4942 μακαρίου
1291 4873 1537 4927 Παύλου·
1568 4895 1584 4926 ι
1610 4877 1759 4929 Ὁσά-

166 4976 251 5021 κις
287 4959 512 5028 ἐσθίητε
552 4960 643 5012 τὸν
675 4961 841 5030 ἄρτον
865 4961 1075 5015 τοῦτον.
1113 4980 1130 5012 ι
1172 4963 1285 5015 Οὐκ
1317 4959 1490 5029 εἶπεν,
1524 4966 1754 5031 ’Ὁσάκις

164 5050 228 5103 ἂν
262 5052 493 5121 ἐσθίητε
522 5050 619 5121 τὴν
664 5052 893 5121 θεότητα
922 5052 1159 5122 ταύτηνο
1191 5055 1379 5117 ὁσάκις
1424 5057 1489 5109 ἂν
1538 5057 1752 5127 ἐσθίητε

162 5142 253 5193 τὸν
289 5144 462 5213 ἄρτον
491 5140 698 5195 τοῦτον.
724 5143 901 5195 Βλέπε
928 5144 1056 5213 περὶ
1089 5144 1182 5197 τοῦ
1220 5146 1468 5216 σώματος
1489 5148 1635 5218 αὑτῷ
1658 5150 1751 5201 τοῦ

160 5234 495 5288 δεσποτικοῦ
540 5234 603 5286 τὸ
649 5236 1033 5305 προκείμενον.
1084 5251 1105 5287 ι
1153 5238 1376 5301 Ὁσάκις
1427 5240 1493 5293 ἂν
1535 5242 1750 5311 ἐσθίητε

160 5327 251 5376 τὸν
298 5326 473 5395 ἄρτον
519 5323 739 5390 τοῦτον,
782 5344 799 5375 ι
841 5318 902 5377 οῦ
950 5329 1067 5378 ἐστι
1118 5326 1177 5378 τὸ
1226 5327 1386 5396 σῶμα
1433 5330 1745 5383 ἀντίτυπον.

164 5417 403 5486 ’Ίδωμεν
435 5414 530 5469 οὖν
560 5416 702 5480 τίνος
732 5419 759 5469 6
788 5416 1045 5478 θάνατος·
1083 5438 1100 5469 ι
1150 5418 1368 5484 Ὁσάκις
1421 5420 1486 5473 ἂν
1532 5422 1747 5492 ἐσθίητε

161 5507 248 5559 τὸν
277 5508 453 5578 ἄρτον
482 5507 695 5570 τοῦτον,
728 5511 823 5563 καὶ
848 5510 908 5561 τὸ
938 5510 1195 5579 ποτήριον
1228 5509 1389 5563 τοῦτο
1415 5511 1629 5581 πίνητε,
1656 5513 1746 5565 τὸν

160 5598 401 5653 θάνατον
448 5600 542 5651 τοῦ
589 5600 795 5671 Κυρίου
845 5600 1266 5669 καταγγέλλετε.
1299 5621 1316 5651 ι
1354 5602 1617 5655 ’Ἄκουσον
1653 5604 1744 5655 καὶ

1869 4598 2156 4650 maximam
2177 4612 2297 4651 esse
2328 4597 2682 4666 leganthujus
2716 4598 2959 4664 mysterii
3012 4596 3325 4661 utilitatem,
3377 4610 3431 4652 et

1866 4689 2019 4757 cujus
2040 4691 2608 4743 commemorationem
2642 4687 2947 4742 hominibus
3005 4687 3233 4742 afferat:
3270 4697 3432 4757 atque

1864 4780 1987 4832 audi
2021 4795 2124 4832 non
2155 4794 2239 4833 mc
2273 4782 2383 4833 huic
2416 4780 2705 4841 dicentem,
2750 4781 2841 4831 sed
2888 4778 3105 4832 beatum
3161 4777 3381 4832 Paulum
3408 4797 3428 4837 :

1871 4888 1888 4920 ι
1926 4870 2359 4936 Quotiescunque
2392 4868 2781 4921 manducabitis
2808 4882 2995 4934 panem
3022 4868 3183 4920 hunc.
3239 4884 3257 4917 ι
3309 4866 3424 4922 Non

1864 4962 1999 5014 dixit
2037 4961 2295 5027 :Quoties
2318 4959 2709 5013 manducabitis
2725 4957 3054 5012 divinitatem
3085 4958 3252 5020 hanc;
3288 4973 3425 5027 quo-

1862 5054 1960 5107 ties
1990 5052 2382 5106 manducabitis
2408 5066 2596 5118 panem
2629 5052 2790 5105 hunc.
2816 5048 2947 5103 Vide
2968 5050 3034 5104 de
3072 5065 3296 5119 corpore
3323 5051 3424 5105 Do-

1859 5146 2058 5199 minico
2082 5145 2153 5198 illi
2186 5159 2307 5198 esse
2336 5145 2667 5213 propositum
2698 5160 2717 5198 :
2748 5159 2767 5193 ι
2805 5142 3246 5211 Quotiescunque
3269 5159 3422 5197 man-

1856 5238 2121 5291 ducabitis
2154 5252 2342 5304 panem
2402 5238 2563 5298 hunc,
2616 5253 2633 5286 ι
2674 5234 2827 5303 cujus
2872 5244 2951 5288 est
3005 5235 3176 5302 ipsum
3226 5248 3421 5301 corpus

1853 5332 2172 5401 antitypum.
2216 5330 2499 5383 Videamus
2530 5342 2658 5395 ergo
2689 5326 2847 5393 cujus
2896 5340 3074 5379 mors:
3105 5343 3121 5375 ι
3168 5324 3420 5391 Quoties-

1853 5436 2063 5492 cunque
2082 5420 2478 5475 manducabitis
2509 5433 2699 5487 panem
2729 5419 2893 5479 hunc,
2923 5426 2976 5469 et
3002 5416 3224 5470 calicem
3278 5418 3419 5471 hunc

1853 5516 2070 5579 bibetis,
2094 5524 2316 5568 mortem
2352 5512 2557 5566 Domini
2594 5510 2999 5563 annuntiabitis.
3023 5528 3051 5572 ,ρ
3088 5510 3222 5563 Audi
3248 5509 3300 5562 in
3328 5526 3416 5564 se-

1850 5608 2138 5676 quentibus
2174 5608 2442 5676 apertius:
2486 5623 2502 5655 ι
2533 5604 2707 5661 Donec
2740 5604 2913 5659 veniat
2944 5604 3043 5658 θ’.»
3079 5601 3206 5668 Quis
3240 5612 3414 5656 autem

229 5780 275 5811 “
303 5779 470 5835 Joan.
504 5794 577 5842 τι,
618 5776 811 5832 54-58.
889 5779 932 5810 "'
960 5776 1113 5834 Rom.
1149 5794 1263 5847 Vill,
1295 5780 1350 5837 5.
1428 5781 1472 5813 ’⁸
1506 5779 1523 5835 Ι
1555 5779 1681 5838 Cor.
1710 5796 1788 5850 ιιι,
1819 5780 1908 5837 9.6.
1986 5783 2029 5814 “
2053 5783 2183 5839 ibid.
