4078 6348
613 371 716 430 199

1610 361 1667 418 S.
1704 362 1981 422 CYRILLI
2021 358 2489 418 ALEXANDRINI
2525 359 2845 417 ARCHIEP.

3749 371 3849 425 200

614 480 1302 542 venitH‘idebuntFilium
1331 480 1563 537 hominis
1616 483 1918 537 venientem
1988 482 2039 534 in
2084 494 2181 533 nu-

2288 480 2345 530 ὲν
2371 480 2482 543 τοῖς
2512 480 2709 550 ἐφεξῆς
2738 480 3107 553 φανερώτερον
3130 498 3172 533 ἰ
3210 480 3402 554 ’Ἄχρις
3420 476 3480 538 οὗ
3518 484 3667 555 ἔλθῃ.
3707 503 3725 536 ι
3756 487 3847 548 Τίς

615 579 769 634 bibus
798 576 919 632 coeli
950 591 1070 629 cum
1105 574 1274 644 gloria
1306 573 1471 627 multa
1502 574 1557 627 ‘z
1594 581 1649 626 et
1676 572 1819 641 quod
1864 572 2038 641 majus
2077 581 2181 633 est,

614 678 738 723 ante
805 666 1077 737 aposmlos
1130 665 1394 736 propheta
1469 664 1809 719 manifestius
1877 662 2183 718 venientem

614 760 866 824 ostendit,
897 768 948 814 et
977 758 1195 823 clamat,
1231 759 1295 811 de
1322 755 1519 811 ludatis
1583 756 1768 807 dicens
1800 769 1814 806 :
1847 770 1865 803 ‹
1918 751 2185 806 Videbunt

616 853 668 904 in
696 865 857 919 quem
896 855 1327 917 compunxcrunt
1359 847 1404 898 ¹.
1452 864 1469 895 ι
1531 844 1670 910 Quid
1714 841 2014 913 igiturillud
2042 854 2186 895 eom-

615 949 869 1010 pnnctum
896 937 1016 992 est?
1049 936 1243 1001 Latus;
1276 936 1414 990 latus
1452 950 1579 990 vero
1639 931 1882 1001 corporis
1940 938 2045 997 est,
2078 944 2182 985 non

614 1029 908 1084 divinitatis
942 1028 959 1099 ]

1288 1290 1438 1347 CAP.
1471 1290 1556 1347 Vl.

685 1440 891 1494 Rursus
921 1452 1047 1507 ergo
1082 1449 1180 1490 nos
1221 1442 1434 1503 Oportet
1484 1425 1730 1485 veritatis
1776 1426 2043 1497 dogmatis
2090 1440 2183 1495 pa-

616 1532 825 1586 trociua
842 1530 907 1596 ri,
930 1530 1125 1593 cttuis,
1161 1528 1243 1581 vir
1275 1523 1511 1596 egregie,
1548 1524 1726 1578 verbis
1778 1522 2061 1584 obsistere,
2128 1530 2182 1574 et

616 1636 740 1678 ante
767 1634 959 1679 caetera
981 1620 1234 1676 studiosis
1258 1618 1386 1673 illud
1414 1617 1648 1688 praefari,
1700 1616 1794 1669 tibi
1852 1614 2179 1683 propositum

615 1728 755 1778 esse,
784 1715 835 1767 in
862 1713 1022 1781 idque
1055 1721 1106 1765 te
1136 1708 1418 1765 admodum
1445 1708 1565 1772 niti,
1605 1716 1662 1760 ut
1688 1705 1823 1758 duos
1876 1713 2063 1759 rursus
2097 1714 2181 1757 as-

616 1820 763 1859 seras
778 1803 1045 1865 Christus,
1073 1801 1265 1869 quibus
1297 1799 1523 1855 seorsim
1548 1795 1833 1854 conveniat
1862 1793 2181 1849 dominatio—
2216 1827 2257 1883 Β

615 1897 698 1950 nis
750 1894 1057 1963 appellatio.
1109 1892 1263 1957 Quod
1339 1899 1517 1945 autem
1569 1885 1972 1959 imperitissimo
2033 1883 2089 1938 in
2124 1884 2177 1937 id

615 1988 927 2051 contendas,
967 2001 1071 2040 non
1106 1977 1486 2038 multolaltore
1538 1998 1567 2035 a
1623 1980 1779 2035 nobis
1844 1976 2175 2032 OStcndettir.

616 2079 747 2132 Nam
796 2078 1042 2148 agedum,
1074 2090 1305 2146 expone,
1355 2088 1557 2144 quaeso,
1621 2086 1908 2143 quemnam
1957 2068 2180 2125 definias

613 2172 910 2233 Christum,
943 2170 1095 2239 cujus
1113 2178 1166 2223 et
1224 2167 1611 2222 hbmaultatetn
1682 2175 1737 2219 et
1774 2164 2029 2218 deitatem
2059 2175 2180 2217 esse

614 2264 787 2318 dicis:
820 2260 1087 2330 siquidem
1127 2259 1255 2313 illud
1279 2273 1340 2313 ex
1368 2259 1473 2313 Deo
1505 2256 1661 2311 Patre
1712 2254 1967 2320 Verbum,
1995 2254 2180 2323 aperte

616 2354 870 2410 fateberis
899 2353 1147 2407 eumdem
1170 2358 1289 2405 esse
1312 2352 1475 2403 etiam
1505 2348 1777 2403 hominem
1807 2346 2007 2415 :ipsius
2035 2344 2176 2399 enim

612 2460 731 2500 esse
761 2444 1147 2498 humanitatem
1175 2441 1358 2496 dixisti
1402 2456 1415 2492 :
1455 2441 1541 2494 sin
1566 2437 1714 2494 illum
1759 2451 1824 2493 ex
1864 2436 2181 2504 Virgine,ut

616 2537 727 2606 ipse
757 2534 979 2600 asserls,
1007 2533 1256 2589 eumdem
1281 2528 1628 2585 nihilominus
1674 2543 1794 2583 esse
1817 2528 1978 2581 etiam
2015 2525 2178 2580 Deum

615 2627 991 2698 pronuntiasse
1021 2623 1359 2679 convinccris
1390 2636 1408 2675 :
1440 2621 1608 2690 ipsius
1660 2618 1805 2673 enim
1840 2631 1962 2672 esse
1998 2616 2179 2670 dixiui

612 2716 775 2771 etiam
799 2715 1077 2771 deitatem.
1134 2710 1382 2781 Undique
1444 2709 1606 2779 igitur
1658 2706 1965 2776 compulsus
2017 2705 2180 2761 etiam

616 2807 811 2861 invitus
873 2808 939 2861 ad
987 2806 1297 2868 veritatem,
1352 2816 1517 2857 unum
1580 2800 1861 2855 nobiscum
1924 2795 2182 2853 conﬁtere

614 2896 884 2950 Christum
918 2904 971 2949 et
1001 2895 1319 2959 Dominum;
1357 2891 1435 2947 sic
1452 2903 1686 2961 namque
1715 2888 1895 2945 dicere
1925 2886 2178 2944 desines:

620 3006 638 3038 ι
661 2987 795 3040 Audi
820 2986 981 3041 etiam
1001 2987 1101 3040 hoc
1126 2999 1342 3049 nomen,
1366 2984 1642 3049 Dominus,
1671 2983 1957 3052 aliquando
1986 2982 2052 3038 de
2081 2983 2180 3037 hu-

616 3081 875 3133 manitate
902 3078 1128 3142 Christi,
1188 3075 1476 3145 aliquando
1536 3076 1602 3130 dc
1658 3073 1939 3129 divinitate
1991 3073 2179 3142 ipsius,

2287 568 2343 620 δὲ
2368 570 2397 621 6
2427 570 2751 641 ὲρχόμενοςς
2789 590 2808 623 ι
2840 570 3099 641 Ὄψονται
3134 573 3225 626 τὸν
3258 574 3384 627 Υίὴν
3419 575 3512 627 τοῦ
3565 566 3846 647 ἀνθρώπου

2288 660 2580 731 ἐρχόμενον
2610 663 2703 715 ἐπὶ
2732 663 2841 716 τῶν
2871 665 3112 732 νεφελῶν
3149 664 3244 718 τοῦ
3275 667 3506 736 οὐρανοῦ
3534 668 3672 737 μετὰ
3698 667 3849 738 δόξης

2289 751 2511 821 πολλῆς·
2527 754 2649 806 »καὶ
2674 753 2733 807 τὸ
2756 754 2820 824 δὴ
2848 754 3050 824 μεῖζον,
3070 757 3176 827 πρὸ
3202 757 3310 811 τῶν
3335 758 3643 812 omnem
3668 760 3696 811 6
3723 775 3850 830 προ-

2289 843 2466 913 φήτης
2494 844 2826 917 σαφέστιηοον
2863 848 2953 901 τὸν
2997 849 3289 919 ἐρχόμενον
3320 849 3580 913 δείκνυσι,
3631 850 3724 903 καὶ
3761 850 3849 902 κέ-

2287 946 2461 1001 κραγε
2507 933 2635 1002 περὶ
2676 935 2942 989 Ἰουδαίων
2989 936 3160 1006 βοιῖινο
3195 959 3212 989 ι
3248 938 3506 1007 Ὄψονται
3551 940 3629 1002 είς
3661 938 3721 991 ὃν
3762 938 3845 1002 ἐξ·

2288 1025 2605 1095 εκέντησαν.
2645 1046 2661 1077 ι
2700 1027 2793 1091 Τίς
2838 1023 2929 1080 οὖν
2961 1031 3109 1081 ἔστιν
3138 1031 3166 1082 6
3192 1030 3503 1099 κεντηθείς·
3545 1033 3579 1101 ἡ
3614 1031 3845 1102 πλευράο

2288 1115 2497 1188 πλευρὰ
2530 1117 2607 1184 δὲ,
2646 1117 2915 1187 σώματος,
2946 1120 3005 1172 οὗ
3038 1119 3293 1191 θεότητδός
3320 1120 3508 1192 tam]

2872 1299 3123 1354 κΕψΑΑ.
3167 1302 3258 1368 q'.

2355 1432 2447 1484 Δεῖ
2468 1430 2533 1501 δὴ
2557 1431 2717 1486 πάλιν
2747 1433 2893 1503 ἡμᾶς
2920 1435 3032 1497 τοῖς
3058 1430 3158 1505 τῆς
3188 1432 3443 1504 ἀληθείας
3468 1435 3698 1505 δόγμασι
3730 1454 3851 1489 συν-

2285 1527 2479 1592 ειπεῖν,
2510 1526 2605 1579 καὶ
2631 1526 2744 1589 τοῖς
2770 1524 2904 1590 σοῖς,
2952 1520 2997 1579 ὦ
3024 1521 3196 1593 οὗτος,
3222 1523 3605 1598 ἀντιφέρεσθαι
3640 1529 3843 1597 λόγοις·

2287 1633 2382 1671 και
2419 1618 2527 1690 πρό
2576 1634 2639 1686 γε
2682 1635 2789 1671 των
2836 1615 3011 1672 ἀλλων
3042 1614 3152 1683 τοῖς
3198 1618 3649 1692 φιλακροάμοσιν,
3678 1619 3850 1673 ἐκεῖνο

2285 1712 2495 1776 είπεῖν,
2543 1711 2623 1764 ὅτι
2675 1727 2753 1762 σοι
2805 1710 3041 1773 σκοπὸς,
3093 1710 3188 1762 καὶ
3219 1709 3306 1764 διὰ
3337 1710 3571 1779 σπουδῆς
3618 1711 3850 1764 τέθειται

2295 1801 2527 1873 πολλῆς,
2571 1800 2664 1854 δύο
2691 1801 2758 1870 δὴ
2784 1799 2945 1854 πάλιν
2993 1798 3271 1872 ἀποφῆναι
3315 1802 3580 1871 Χριστοὺς
3602 1842 3616 1867 ,
3653 1794 3730 1863 οἷς
3762 1802 3852 1853 καὶ

2287 1892 2390 1948 ἀνά
2437 1893 2602 1963 μέρος
2634 1891 2925 1963 ἁρμόσειεν
2974 1892 3041 1944 ἂν
3076 1893 3109 1963 ή
3141 1892 3238 1963 τῆς
3291 1892 3608 1962 κυριότητος
3641 1892 3849 1960 κλῆσις.

2298 1980 2673 2052 ’Λμαθέστατα
2720 1979 2776 2032 δὲ
2816 1981 2913 2033 καὶ
2978 1981 3119 2051 πρός
3166 1998 3227 2049 γε
3274 1979 3431 2033 τοῦτο
3482 1975 3597 2042 ίῶν,
3646 1980 3709 2035 οὐ
3761 1980 3855 2031 σὺν

2285 2073 2470 2145 ἱδρῶτι
2515 2070 2713 2144 μακρῷ
2751 2071 2887 2142 πρὸς
2937 2071 3091 2141 ήμῶν
3142 2070 3498 2141 δειχθήσεται.
3542 2071 3677 2141 Φέρε
3727 2070 3852 2139 γὰρ,

2284 2166 2546 2236 ἐρωμένῳ
2572 2164 2797 2234 φράσον,
2831 2166 2983 2217 ποῖον
3014 2163 3124 2234 ἄρα
3148 2162 3357 2234 διορίζῃ
3384 2164 3637 2235 Χριστὸν,
3675 2156 3733 2217 οὗ
3764 2164 3855 2216 καὶ

2284 2258 2384 2328 τὴν
2414 2256 2813 2328 ἀνθρωπότητα
2841 2254 2935 2307 καὶ
2967 2254 3067 2323 μέν
3097 2271 3177 2307 τοι
3209 2253 3305 2307 καὶ
3331 2254 3427 2325 τὴν
3460 2249 3687 2323 θεότητα
3717 2246 3856 2306 εἶναι

2284 2348 2420 2416 φής’
2450 2348 2499 2399 εἰ
2533 2346 2631 2416 μὲν
2684 2345 2770 2397 τὸν
2800 2346 2864 2398 ἐκ
2892 2343 3023 2396 Θεοῦ
3052 2344 3265 2415 Πατρὸς
3297 2344 3491 2412 Λόγον,
3526 2342 3857 2414 διωμολόγη-

2285 2456 2384 2501 κας
2425 2439 2669 2509 ὲναργως
2704 2437 2793 2491 τῖιν
2828 2435 2990 2489 αὑτὸν
3022 2431 3161 2489 εἶναι
3205 2436 3297 2488 καὶ
3338 2435 3655 2506 ἄνθρωπον·
3689 2435 3854 2489 αὑτοῦ

2284 2530 2393 2600 γὰρ
2422 2530 2555 2599 ἔφης
2583 2529 2681 2599 τὴν
2716 2525 3112 2598 άνθρωπότητα
3132 2544 3145 2557 ’
3184 2528 3233 2581 εί
3278 2528 3333 2581 δὲ
3362 2528 3453 2582 τὸν
3485 2530 3548 2581 ὲκ
3577 2529 3677 2597 τῆς
3712 2529 3856 2599 Παρ-

2285 2621 2437 2675 θένου
2492 2621 2634 2673 κατά
2683 2621 2742 2673 σὲ
2767 2661 2781 2686 ,
2820 2620 2911 2673 τὸν
2955 2620 3116 2674 αὐτὸν
3162 2620 3313 2674 οὐδὲν
3349 2615 3509 2690 ἦττον
3544 2620 3726 2689 ἀλώσῃ
3765 2622 3856 2672 καὶ

2283 2712 2415 2766 Θεὸν
2447 2713 2731 2782 ἀποφήνας
2753 2729 2767 2743 ·
2815 2712 2978 2764 αὑτοῦ
3010 2712 3116 2784 γὰρ
3144 2710 3281 2781 ἔφης
3309 2707 3449 2765 εῐναι
3483 2712 3576 2763 καὶ
3609 2711 3706 2779 τὴν
3737 2710 3855 2763 θεό-

2283 2802 2439 2873 τητα.
2465 2802 2806 2872 Πανταχόθεν
2830 2800 2898 2872 δὴ
2923 2819 3017 2855 ουν
3046 2801 3470 2871 συνωθούμενος,
3500 2796 3595 2854 καὶ
3622 2801 3855 2871 ἀϐουλή-

2284 2912 2393 2959 τως
2424 2896 2502 2957 ei;
2530 2893 2808 2965 ἀλήθειαν,
2842 2894 2936 2947 ἕνα
2964 2892 3084 2964 μεθ’
3126 2894 3282 2964 ἡμῶν
3326 2893 3574 2963 ὁμολόγει
3621 2894 3855 2963 Χριστὸν

2287 2988 2384 3042 καὶ
2418 2988 2641 3059 Κύριον.
2682 2985 2949 3057 Πεπαύσῃ
2976 2986 3082 3056 γάρ
3108 2983 3250 3039 οὕτω
3280 2984 3479 3054 λέγων’
3508 2988 3783 3038 «Ακουσον
3802 2987 3856 3039 δὲ

2288 3082 2379 3134 καὶ
2405 3082 2486 3147 τὸ,
2516 3080 2741 3150 Κύριος,
2771 3080 2901 3129 ποτὲ
2928 3080 3049 3149 μὲν,
3081 3078 3171 3131 ἐπὶ
3191 3074 3287 3148 τῆς
3316 3075 3735 3149 ἀνθρωπότητος
3765 3078 3854 3132 τοῦ

616 3174 901 3244 aliquando
934 3173 999 3227 de
1026 3180 1254 3236 utroque
1283 3171 1518 3236 positttm
1550 3187 1562 3223 :
1588 3190 1605 3222 ι
1658 3186 1781 3224 nam
1817 3170 1903 3224 ubi
1934 3184 2073 3223 unus
2098 3178 2181 3223 est

2292 3174 2559 3243 Χριστοῦ·
2594 3173 2723 3227 ποτὲ
2752 3172 2830 3237 δὲ,
2860 3166 2953 3225 ἐπὶ
2977 3165 3075 3241 τῆς
3109 3170 3360 3242 θεότητος
3392 3171 3553 3224 αὐτοῦ
3573 3188 3587 3202 ·
3621 3172 3751 3224 ποτὲ
3778 3172 3853 3237 δὲ,

618 3266 803 3329 Filius,
839 3264 1107 3333 quomodo
1136 3263 1314 3316 locum
1342 3262 1566 3328 haheat,
1597 3264 1659 3316 de
1692 3271 1920 3331 utroque
1959 3260 2179 3315 dicere?

615 3357 753 3423 Quid
783 3366 959 3411 autem
988 3364 1071 3409 est
1097 3354 1237 3423 quod
1266 3354 1409 3409 rides
1471 3368 1565 3407 eos
1607 3355 1697 3421 qui
1749 3352 1989 3406 divinum
2049 3352 2175 3405 illud

616 3446 930 3516 mysterium
962 3455 1201 3499 nostrum
1230 3444 1587 3507 admirantur,
1608 3442 1925 3511 impiissime
1945 3443 2175 3496 dicens:

622 3558 640 3589 ι
679 3540 1118 3607 QUotiescuttque
1152 3536 1546 3592 manducabitis
1569 3542 1758 3605 panem
1788 3537 1952 3596 hunc,
1974 3535 2177 3588 etcali-

624 3649 641 3679 1
680 3644 793 3684 cem
816 3630 954 3683 hunc
996 3628 1210 3694 bibelis,
1232 3638 1458 3682 mortem
1486 3626 1690 3681 Domini
1720 3624 2128 3679 annuntiabitis.
2154 3643 2172 3676 ι

622 3719 777 3789 115
809 3719 1029 3773 Abdiex
1065 3718 1491 3788 prcccedcntibus
1544 3717 1867 3786 imperitiam
1918 3716 2179 3784 objicien-

620 3809 918 3878 tium,quod
934 3809 1221 3863 maximam
1235 3823 1353 3863 esse
1366 3808 1542 3876 legant
1556 3809 1793 3879 mystcrii
1812 3807 1968 3877 hujus
1983 3804 2180 3861 utilita-

619 3913 810 3964 tcm,et
827 3903 978 3970 cujus
1001 3901 1308 3956 hominibus
1326 3901 1894 3954 commemorationem
1915 3898 2127 3955 afferat.
2154 3919 2172 3949 ι

615 3994 755 4047 Nihil
789 4007 917 4063 ergo
947 3991 1147 4061 egregii
1191 3990 1353 4044 habet
1397 3991 1675 4044 incruenta
1729 3989 1813 4043 illa
1851 3989 2092 4054 vietima,
2125 4000 2180 4043 et

615 4088 861 4154 exiguam
894 4077 1181 4136 admodum
1205 4081 1488 4135 utilitatem
1512 4080 1689 4148 aifcrt,
1719 4088 1773 4134 et
1803 4080 2046 4135 utilitatis
2073 4081 2176 4134 vim

614 4177 912 4231 continebit
944 4187 1111 4243 usque
1142 4188 1205 4230 eo
1234 4174 1514 4238 duntaxat,
1547 4183 1603 4227 ut
1632 4185 2009 4228 annunuemus
2039 4189 2181 4227 mor-

616 4280 720 4324 tem
751 4269 1007 4333 homiuis,
1041 4276 1096 4321 et
1125 4267 1283 4322 unius
1315 4281 1345 4320 e
1374 4275 1559 4320 nostro
1589 4278 1813 4319 numero
1849 4277 2177 4317 commemo-

615 4363 878 4415 rationem
911 4359 1191 4413 faciamus.
1222 4356 1481 4411 Mentitur
1509 4360 1638 4426 ergo
1671 4356 1799 4409 dum
1838 4356 1964 4409 illud
2003 4355 2177 4408 vivifi-

615 4466 735 4505 cum
766 4450 895 4505 dicit
925 4449 1015 4517 qui
1050 4448 1266 4502 mentiri
1301 4462 1404 4502 non
1442 4444 1610 4512 novit,
1645 4446 1746 4500 hoc
1783 4456 1866 4500 est
1887 4444 2130 4501 Christus
2163 4463 2174 4497 :

2287 3267 2373 3319 ἐπ’
2407 3265 2731 3338 ἀμφοτέρων
2770 3264 3046 3333 κείμενον·
3083 3281 3101 3313 ι
3128 3262 3256 3315 ἔνθα
3283 3265 3389 3331 γάρ
3413 3262 3536 3326 Tib;
3571 3258 3672 3328 εἷς,
3708 3267 3856 3316 ποῖον

2286 3357 2353 3409 ἂν
2399 3356 2511 3426 ἔχοι
2550 3355 2715 3408 τόπον
2764 3354 2846 3421 τὺ,
2876 3352 2964 3407 ἐπ’
3000 3355 3201 3423 ἀμφοῖν
3246 3356 3450 3421 εἰπείν;
3484 3353 3857 3427 Καταμειδιᾷς

2285 3448 2342 3500 δὲ
2396 3447 2623 3501 ἀνοὸτου
2669 3446 2780 3498 τῶν
2822 3444 2884 3499 τὸ
2918 3444 3060 3498 θεῖον
3103 3444 3258 3515 ήμῶν
3291 3445 3713 3515 τεθαυμακότων
3761 3465 3859 3517 μυ-

2290 3540 2533 3609 στήριον,
2573 3537 2915 3591 ἀνοσιώτατα
2962 3532 3164 3604 λέγων*
3205 3554 3223 3586 ι
3265 3537 3487 3599 Ὁσάκις
3529 3537 3594 3591 ἂν
3642 3535 3857 3607 ἐσθίητε

2293 3650 2311 3682 ι
2338 3631 2428 3683 τὸν
2443 3630 2605 3699 ἄρτον
2624 3628 2833 3692 τοῦτον,
2863 3628 2955 3683 καὶ
2985 3626 3044 3679 τὸ
3070 3628 3325 3697 ποτήριον
3354 3629 3513 3681 τοῦτο
3530 3630 3743 3699 πίνητε,
3770 3630 3857 3682 τὸν

2295 3742 2311 3772 ι
2326 3721 2555 3775 θάνατον
2573 3719 2666 3773 τοῦ
2686 3720 2892 3790 Κυρίου
2910 3720 3304 3789 καταγγέλλετε
3326 3739 3373 3787 ;ι
3386 3722 3650 3774 Ἄκουσον
3666 3721 3730 3775 ἐκ
3753 3722 3858 3775 τῶν

2290 3813 2714 3885 προηγουμένων
2758 3810 2858 3882 τὴν
2918 3811 3156 3883 ἀμαθίαν
3207 3812 3313 3865 τῶν
3377 3801 3723 3879 ἀντιθέντων,
3784 3813 3859 3875 ὡς

2291 3904 2517 3975 ἰσχυρὰν
2579 3906 3010 3972 ἀναγινωσκουσι
3056 3900 3149 3957 τοῦ
3210 3901 3509 3973 μυστηρίου
3568 3903 3668 3975 τὴν
3718 3896 3860 3971 ὠφέ-

2287 3998 2455 4061 λειαν,
2511 3997 2605 4049 καὶ
2671 3995 2816 4058 τίνος
2868 3997 2980 4057 τοῖς
3043 3994 3351 4065 ἀνθρώποις
3410 3994 3709 4064 παρέχεται
3760 3995 3858 4063 τὴν

2287 4091 2616 4160 ἀνάμνησιν.
2653 4106 2671 4139 ι
2709 4086 2877 4141 Οὐδὲν
2908 4082 3001 4140 οὖν
3026 4089 3132 4159 ἄρα
3160 4087 3221 4139 τὸ
3252 4084 3529 4157 ἐξαίρετον
3557 4087 3656 4156 τῆς
3699 4088 3859 4140 ἀναισ

2290 4182 2498 4251 μάκτου
2546 4178 2736 4243 θυσίας
2757 4222 2771 4247 ,
2803 4180 2989 4251 ὄνησις
3018 4180 3076 4233 δὲ
3124 4179 3317 4249 κομιδῆ
3366 4179 3594 4250 σμικρά,
3626 4179 3721 4231 καὶ
3759 4181 3858 4248 τῆς

2287 4274 2555 4342 ὠφελείας
2584 4273 2682 4343 τὴν
2724 4273 2955 4342 δύναμιν
3010 4274 3353 4343 περιποιήσει
3381 4272 3519 4342 τάχα
3554 4289 3657 4325 που
3693 4272 3859 4342 μέχρι

2287 4366 2352 4437 δὴ
2400 4362 2563 4435 μόνου
2608 4363 2700 4417 τοῦ
2746 4364 3099 4434 καταγγεῖλαι
3147 4364 3237 4418 τὸν
3282 4363 3571 4434 ἀνθρώπου
3607 4364 3858 4429 θάνατον,

2291 4457 2385 4509 καὶ
2417 4456 2524 4510 τῶν
2552 4455 2675 4509 καθ’
2699 4458 2849 4527 ἡμᾶς
2892 4456 3008 4520 ἐνὸς
3039 4454 3365 4526 ποιήσασθαι
3406 4454 3503 4527 τήν
3531 4455 3856 4527 ἀνάμνησιν.

615 4544 818 4613 decepti
846 4556 941 4597 nos
974 4542 1134 4595 etiam
1166 4555 1373 4605 sumus,
1406 4554 1595 4594 vanam
1641 4541 1706 4594 de
1749 4539 1840 4594 illo
1872 4538 2178 4607 opinionem

2296 4547 2503 4603 Οὐκοῦν
2540 4525 2879 4615 διαψεύδεται
2913 4525 3176 4610 ζωοποίδν
3218 4547 3347 4599 αὐτὸ
3390 4525 3581 4614 λέγων,
3612 4547 3640 4599 6
3666 4525 3861 4614 ψεύδε-

614 4637 904 4701 habentes;
936 4649 1077 4690 nunc
1116 4633 1277 4688 etiam
1314 4647 1437 4687 sero
1473 4634 1558 4686 vix
1596 4632 1808 4687 tandem
1849 4631 1915 4686 ad
1944 4633 2186 4688 veritatis

616 4730 976 4786 inventionem
1008 4728 1249 4798 perducti
1269 4742 1475 4791 sumus,
1502 4726 1586 4781 ubi
1621 4726 1671 4780 in
1704 4735 1827 4783 tuos
1857 4728 1953 4781 hos
1977 4740 2185 4782 sermo-

615 4836 711 4877 nes
759 4820 1067 4873 incidimus.
1118 4816 1224 4871 Sed
1280 4819 1375 4871 tibi
1420 4819 1557 4872 hanc
1605 4819 1930 4874 sententiam
1970 4819 2190 4888 eligenti

614 4913 987 4984 propheticum
1036 4910 1162 4964 illud
1196 4924 1225 4961 a
1275 4908 1430 4965 nobis
1468 4909 1735 4966 referetur
1782 4931 1794 4967 :
1834 4932 1851 4965 ι
1896 4912 2031 4969 Ecce
2082 4929 2187 4968 non

614 5019 737 5063 sunt
763 5007 904 5062 oculi
932 5008 1008 5062 tui
1042 5022 1217 5077 neque
1249 5022 1343 5061 cor
1371 5017 1517 5060 tuum
1544 5007 1740 5060 bonum
1765 5005 1805 5060 ³.
1843 5024 1861 5056 ι
1889 5005 2003 5059 Νοιι
2040 5004 2180 5058 enim

615 5094 884 5164 intelligit,
920 5096 1043 5149 dum
1082 5095 1466 5148 annuntiamus
1496 5092 1694 5149 Christi
1736 5106 1984 5160 mortem,
2020 5105 2073 5148 et
2105 5095 2183 5147 in-

615 5201 775 5255 super
816 5186 932 5254 ejus
968 5189 1417 5241 resurrectionem
1463 5184 1804 5251 confitemur,
1834 5196 1886 5241 et
1924 5202 1988 5240 ex
2020 5202 2082 5240 ea
2125 5202 2182 5241 re

616 5276 1003 5347 perfectionem
1034 5278 1154 5333 fidei
1178 5280 1583 5347 consequimur,
1610 5279 1801 5332 deinde
1823 5278 2016 5333 divina:
2046 5280 2188 5333 illius

615 5379 819 5425 natura:
850 5369 1138 5441 participes
1173 5369 1349 5426 effecti
1374 5371 1419 5437 ⁸,
1447 5373 1779 5427 consortium
1814 5374 2041 5428 unitatis
2074 5373 2189 5443 ejus

616 5462 987 5531 adipiscimur,
1037 5464 1353 5533 spiritaliter
1396 5464 1558 5519 simul
1586 5474 1641 5519 et
1677 5468 2035 5535 corporaliter
2063 5480 2190 5518 san-

614 5554 838 5607 ctiﬁcari
908 5568 970 5609 ac
1006 5554 1285 5609 vivificari.
1331 5574 1348 5607 ι
1393 5553 1618 5625 Oportet
1653 5556 1794 5611 enim
1838 5557 2189 5625 corruptibile

691 5784 705 5811 ¹
740 5780 905 5835 Matth
964 5798 1106 5849 xxxv,
1130 5783 1197 5836 '50

2292 4642 2415 4697 σθαι
2448 4640 2524 4713 μὴ
2556 4638 2735 4706 εἰδὼς,
2767 4638 3012 4693 τουτέστι
3037 4637 3268 4710 Χριστός
3287 4656 3301 4670 ·
3328 4638 3774 4709 πεφενακίσμεθα
3800 4640 3858 4693 δὲ

2291 4736 2384 4789 καὶ
2410 4735 2591 4803 ἡμεῖς,
2623 4733 2834 4787 εἰκαίαν
2881 4730 3092 4800 ἔχοντες
3120 4730 3206 4783 ἐπ’
3232 4727 3379 4799 αὺτῷ
3408 4728 3505 4800 τὴν
3531 4729 3686 4793 δόξαν
3704 4748 3716 4760 ·
3756 4748 3860 4783 πε·-

2291 4814 2644 4898 ποδηγήμεθα
2668 4825 2724 4877 δὲ
2756 4825 2851 4877 νῦν
2883 4823 2983 4891 ὀψέ
3011 4840 3137 4875 ποτε
3165 4822 3257 4874 καὶ
3283 4822 3436 4892 μόλις
3464 4821 3545 4883 είς
3596 4820 3862 4891 ἀληθείας

2292 4919 2539 4990 εὕρεσιν,
2595 4917 2834 4970 τουτοισὶ⁹
2887 4918 2999 4978 τοῖς
3052 4916 3162 4976 σοῖς
3222 4914 3601 4984 περιτυχόντες
3655 4912 3858 4981 λόγοις.

2306 5010 2467 5065 Ἀλλά
2497 5027 2579 5063 σοι
2612 5010 2764 5065 ταυτὶ
2796 5009 3015 5079 φρονεῖν
3042 5006 3321 5078 ᾑρημένῳ,
3356 5006 3492 5076 πρὸς
3516 5005 3673 5076 ήμῶν
3704 5006 3858 5074 εἴρη-

2292 5122 2379 5157 ται
2406 5103 2466 5155 τὸ
2489 5103 2577 5155 διὰ
2608 5098 2706 5171 τῆς
2738 5101 3013 5172 προφήτου
3042 5098 3226 5168 φωνῆς
3248 5116 3260 5127 ·
3304 5116 3322 5148 σ
3348 5092 3474 5151 Ἰδοὺ
3508 5099 3607 5150 οὑκ
3637 5098 3777 5150 εἰσὶν
3808 5098 3859 5150 oi

2292 5195 2558 5265 ὀφθαλμοί
2605 5210 2721 5258 σου,
2771 5191 2891 5245 οὐδὲ
2931 5190 3190 5260 ήκαρδία
3235 5206 3328 5242 σου
3367 5188 3524 5258 καλή.
3564 5208 3582 5240 ι
3630 5189 3859 5259 Συνίησι

2286 5291 2394 5361 γὰρ
2420 5287 2690 5359 οὐδαμῶς,
2742 5288 2822 5339 ὅτι
2873 5285 2965 5338 τὸν
3001 5285 3228 5338 θάνατον
3265 5283 3720 5351 καταγγέλλοντες
3757 5283 3857 5335 τοῦ

2286 5381 2544 5452 Χριστοῦ,
2596 5378 3123 5451 προσομολογοῦντες
3167 5378 3223 5429 δὲ
3268 5377 3365 5446 τὴν
3402 5376 3719 5440 ἀνάστασιν,
3760 5377 3857 5427 καὶ

2286 5473 2383 5545 τὴν
2436 5474 2494 5525 ὲν
2541 5472 2723 5525 πίστει
2771 5470 3048 5523 τελείωσιν
3090 5469 3175 5522 διὰ
3222 5469 3410 5521 τούτου
3459 5466 3855 5537 κερδαίνοντες.

2290 5558 2406 5615 εἶτα
2436 5563 2530 5631 τῆς
2563 5562 2712 5623 θείας
2744 5559 2907 5613 αὑτοῦ
2932 5558 3141 5628 φύσεως
3168 5557 3408 5611 κοινωνοὶ
3436 5555 3737 5624 γεγονότες,
3761 5552 3854 5604 καὶ

1293 5786 1310 5812 ⁸
1343 5783 1565 5838 Ζπριιοτν
1611 5799 1703 5847 xu,
1741 5783 1819 5839 li),
1904 5784 2140 5843 ’Jcrem.
2175 5789 2421 5856 “11,47.
2501 5787 2521 5817 ‘
2552 5786 2592 5841 Il
2621 5785 2734 5841 Pet.
2770 5800 2807 5848 ι,
2845 5784 2898 5837 4.
