4078 6348
209 391 301 446 9.0!

1217 393 1590 451 ADVERSUS
1629 395 2032 458 NESTORIUM
2073 404 2202 461 LIB.
2248 405 2312 459 ι’.

3318 417 3422 473 202

208 502 287 556 διὰ
314 501 405 554 τοῦ
454 503 775 572 μεταλαχεῖν
808 506 907 574 τῆς
938 508 1070 576 πρὸς
1108 508 1267 561 αὑτὸν
1296 510 1561 580 ἐνότητος,
1606 529 1759 564 πνευ-

1873 518 1973 573 boc
2005 519 2226 576 induere
2249 522 2725 591 incorruptionem,
2758 534 2808 577 et
2830 525 3052 581 mortale
3080 526 3178 580 lioc
3202 528 3422 584 induere

209 594 445 665 ματικῶς
479 611 538 646 τε
575 595 688 663 ἅμα
723 597 813 647 καὶ
863 598 1191 666 σωματικῶς
1244 600 1578 670 ἀγιαζόμεθα
1602 642 1614 665 ,
1668 605 1761 655 καὶ

207 685 630 753 ζωοποιούμεθα.
682 706 699 736 ι
732 689 823 738 Δεῖ
855 688 962 758 γὰρ
990 690 1050 740 τὸ
1084 690 1318 760 φθαρτὸν
1348 692 1503 743 τοῦτο
1538 693 1763 746 ἐνδύσα-

119 778 127 787 ’
207 780 324 832 σθαι
367 778 697 848 ἀφθαρσίαν,
748 780 842 833 καὶ
887 781 947 833 τὸ
994 780 1187 850 θνητὸν
1235 782 1391 836 τοῦτο
1444 784 1761 839 ἐνδύσασθαι

203 870 519 921 ἀθανασίαν.
548 870 823 938 ιἈμφιον
843 870 899 924 δὲ
928 868 992 923 τδ
1025 870 1082 935 ἐξ
1105 873 1334 942 οὐρανοῦ
1365 876 1456 927 καὶ
1487 872 1763 942 ἄφθαρτον

203 960 289 1011 καὶ
319 958 618 1021 ἀθανασίας
645 962 1001 1029 ἐμποιητικὸν
1029 964 1255 1029 γέγονεν
1284 966 1414 1033 ἡμῖν
1439 967 1466 1016 ὁ
1486 965 1723 1035 Χριστός
1746 980 1757 991 ⁶

201 1052 288 1102 καὶ
327 1052 656 1103 πιστώσεται
691 1053 916 1121 γράφων
954 1054 984 1104 δ
1018 1053 1309 1123 ίερὼτατος
1350 1056 1593 1118 Παῦλος·
1632 1056 1761 1109 ποτὲ

202 1142 332 1213 μὲν,
382 1142 463 1195 ὅτι
521 1160 539 1192 ι
581 1142 899 1195 Ἐνδύσασθε
951 1144 1041 1196 τὸν
1087 1144 1291 1215 Κύριον
1342 1148 1497 1215 ἡμῶν
1558 1147 1761 1215 Ἰησοῦν

198 1234 429 1305 Χριστόν
450 1250 463 1263 '
501 1252 519 1284 ι
555 1234 644 1286 ὁτὲ
676 1234 732 1286 δὲ
761 1230 850 1298 αὖ,
886 1253 903 1285 ι
944 1235 1098 1289 Ὅσοι
1128 1236 1236 1305 γὰρ
1266 1238 1343 1299 είς
1373 1235 1605 1307 Χριστὸν
1639 1237 1762 1289 ἐδα-

199 1325 481 1394 πτίσθητε,
515 1325 751 1394 Χριστὸν
782 1324 1122 1391 ἐνεδύσασθε,
1160 1346 1177 1378 ι
1206 1326 1295 1379 τὸν
1328 1327 1648 1399 θεοπρεπῶς
1676 1329 1761 1379 λέ-

199 1426 358 1485 γοντα
390 1416 484 1469 καὶ
514 1415 747 1486 ἀληθῶς·
786 1435 803 1468 ι
844 1417 983 1485 Ἐγώ
1017 1420 1130 1488 ειμι
1181 1419 1212 1487 ἡ
1246 1419 1539 1483 ἀνάστασις
1583 1420 1675 1473 καὶ
1725 1420 1758 1490 ἠ

199 1507 330 1578 ζωή.
364 1525 384 1558 ι
436 1506 576 1576 Πρὸς
607 1506 671 1576 δὴ
703 1508 769 1560 τὰ
803 1507 980 1561 τοιάδε
1014 1506 1338 1570 καταδείσας
1370 1507 1538 1571 οὐδὲν,
1572 1508 1759 1576 βδελυ-

199 1600 443 1670 ρωτέραν
476 1599 557 1651 ἔτι
591 1599 688 1669 τὴν
717 1598 1030 1669 δυσφημίαν
1073 1598 1384 1668 ἀποφαίνει,
1411 1598 1719 1668 προστιθείς
1742 1614 1756 1628 ·

196 1691 487 1763 ΓᾹκουσον
522 1690 597 1760 μὴ
624 1689 758 1759 ἐμοῦ
786 1689 959 1742 ταῦτα
983 1690 1252 1758 λέγοντος,
1288 1690 1424 1743 ἀλλά
1459 1689 1550 1741 τοῦ
1585 1707 1757 1758 μιικσι⁸

198 1783 313 1853 ρίου
362 1780 600 1834 Παύλου·
658 1801 674 1831 i
718 1782 937 1845 ὐσάκις
983 1782 1027 1834 δ’
1073 1782 1139 1834 ἂν
1193 1780 1407 1849 ἐσθίητε
1455 1780 1543 1833 τὸν
1593 1781 1755 1851 ἄρτον

1868 606 2319 665 immortaiitatem
2338 614 2382 664 '.
2423 632 2445 665 ι
2494 611 2866 669 lndumcntum
2901 627 3079 669 autem
3108 618 3171 670 de
3201 616 3336 673 coelo
3368 632 3422 673 et

1867 699 2270 768 incorruptibile
2299 714 2353 758 et
2380 705 2838 760 immortalitatem
2873 707 3110 762 eﬂicicus
3137 707 3310 763 factus
3341 722 3425 764 est

1867 791 2017 844 nobis
2042 791 2320 859 Christus;
2355 796 2494 863 quod
2524 796 2866 851 beatissimus
2896 798 3096 852 Paulus
3121 797 3420 864 confirmat,

1866 894 2005 934 nunc
2028 884 2239 950 quidem
2265 887 2509 939 scribens
2543 905 2554 937 :
2590 905 2607 936 ι
2638 888 2841 941 luduite
2872 887 3151 941 Dominum
3182 898 3422 942 nostrum

1863 967 2042 1022 Jesum
2086 970 2358 1025 Christum
2397 976 2451 1037 ⁶;
2499 994 2516 1025 ι
2568 992 2705 1029 nunc
2742 992 2867 1030 vero
2914 997 2927 1031 :
2969 997 2987 1029 ι
3020 979 3334 1046 Quicunque
3370 979 3423 1032 in

1862 1059 2134 1113 Christum
2165 1063 2413 1130 baptizati
2444 1066 2600 1128 estis,
2626 1066 2898 1121 Christum
2941 1069 3187 1123 induistis
3214 1070 3272 1131 ’ς
3305 1087 3324 1120 ο
3360 1068 3426 1121 il-

1863 1148 1969 1203 lum
2005 1153 2094 1219 qui
2138 1154 2389 1209 divinitus
2416 1170 2648 1225 vereque
2686 1160 2855 1212 dicit:
2894 1178 2910 1207 ι
2951 1160 3056 1226 Ego
3088 1174 3203 1213 sum
3247 1174 3425 1213 resur-

1863 1242 2030 1297 rectio
2060 1253 2111 1297 et
2136 1246 2240 1298 vita
2267 1245 2307 1298 '.
2344 1248 2461 1299 )Ad
2488 1249 2599 1301 haec
2631 1249 2759 1301 nihil
2787 1251 3010 1312 veritus,
3047 1249 3425 1304 exsecrabilio-

1862 1346 1975 1386 rem
2005 1335 2166 1389 etiam
2197 1335 2577 1404 blasphemiam
2609 1341 2873 1403 enuntiat,
2918 1342 3175 1410 adjicieus
3204 1359 3216 1393 :
3248 1338 3424 1411 [Audi

1860 1436 1966 1477 non
2001 1438 2083 1479 me
2106 1425 2215 1479 lia:c
2247 1427 2537 1491 dicentem,
2570 1430 2663 1482 sed
2691 1429 2902 1483 beatum
2935 1430 3154 1484 Paulum
3190 1449 3202 1487 :
3236 1449 3253 1481 ι
3278 1428 3424 1495 Quo-

1863 1514 2174 1583 tiescunque
2228 1518 2614 1573 mmducabitis
2656 1533 2847 1588 panem
2893 1520 3055 1584 hunc,
3094 1539 3111 1570 ι
3156 1519 3309 1586 cujus
3339 1527 3423 1573 cst

1860 1605 2032 1673 ipsum
2062 1621 2254 1673 corpus
2279 1609 2595 1678 antitypum.
2621 1609 2737 1664 Jam
2775 1611 2933 1680 igitur
2959 1612 3235 1665 videamus
3266 1607 3421 1678 cujus

1859 1705 1939 1747 est
1960 1711 2153 1750 mors.i
2182 1696 2616 1769 Quotiescunque
2642 1702 3037 1757 inanducabitis
3053 1701 3421 1770 panembunc,

1859 1794 1913 1836 et
1946 1785 2168 1839 calicem
2204 1789 2344 1841 hunc
2372 1789 2592 1853 bibetis,
2620 1800 2843 1844 mortem
2890 1792 3096 1845 Domini
3128 1791 3419 1845 annuntia-

197 1874 401 1935 τοῦτον,
434 1892 451 1924 ι
500 1866 560 1925 οῦ
610 1875 725 1925 ἐστι
772 1874 831 1923 τὸ
862 1872 1021 1941 σῶμα
1051 1872 1356 1924 ἀντίτυπον.
1393 1871 1617 1939 Ἰδωμεν
1663 1869 1755 1924 οὖν

1864 1871 1988 1924 bilis
2021 1892 2033 1926 :
2066 1892 2085 1924 ο
2113 1876 2234 1928 audi
2262 1878 2421 1929 etiam
2455 1878 2505 1931 in
2535 1882 2882 1947 sequentibus
2909 1885 3165 1948 apertius,
3198 1901 3217 1931 ι
3246 1884 3423 1935 Donec

197 1965 303 2017 ἀπὸ
341 1964 530 2015 τούτου
580 1964 721 2023 τίνος
750 1963 778 2013 ὁ
821 1960 1068 2024 θάνατος.
1119 1979 1136 2011 ι
1178 1961 1396 2023 Ὁσάκις
1432 1961 1495 2014 ἂν
1540 1960 1756 2031 ἐσθίητε

196 2057 283 2110 τὸν
309 2056 475 2127 ἄρτον
496 2055 703 2118 τοῦτον,
735 2055 828 2107 καὶ
850 2051 910 2105 τὸ
945 2054 1200 2122 ποτήριον
1232 2051 1389 2105 τοῦτο
1421 2052 1630 2123 πίνητε,
1666 2056 1757 2106 τὸν

194 2149 425 2203 θάνατον
453 2146 546 2199 τοῦ
577 2146 781 2217 Κυρίου
810 2144 1207 2213 καταγγέλλετε
1228 2162 1242 2176 ο
1279 2163 1297 2196 ι
1333 2143 1561 2197 ἄκουσον
1585 2144 1677 2198 καὶ
1703 2147 1759 2197 ἐν

195 2242 304 2302 τοῖς
344 2238 541 2308 ἐφεξῆς
590 2238 999 2306 φανερώτερον,
1048 2255 1068 2287 ι
1103 2237 1291 2307 ’Λχρις
1324 2230 1385 2288 οῦ
1420 2237 1566 2305 ἔλθῃ.
1604 2256 1623 2287 ι
1665 2237 1758 2298 Τίς

194 2324 285 2382 οὖν
315 2331 344 2381 ὁ
370 2329 700 2398 ἐρχόμενος;
742 2346 759 2377 ι
797 2329 1055 2397 Ὄψονται
1083 2327 1172 2379 τὸν
1202 2326 1325 2378 rei
1351 2325 1442 2377 τοῦ
1470 2326 1755 2395 ἀνθρώπου

194 2422 491 2491 ἐρχόμενον
526 2421 617 2473 ἐπὶ
642 2420 749 2472 τῶν
781 2419 1019 2488 νεφελῶν
1041 2417 1134 2471 τοῦ
1165 2415 1391 2487 ούρανοῦ
1436 2417 1574 2485 μετὰ
1600 2414 1757 2484 δόξης

194 2511 433 2581 πολλῆς*
478 2529 495 2562 ι
532 2512 624 2563 καὶ
663 2510 721 2562 τὸ
761 2511 824 2581 δὴ
860 2509 1065 2579 μεῖζον,
1120 2509 1147 2559 ὁ
1189 2509 1469 2577 προφήτης
1510 2506 1614 2576 πρὸ
1648 2504 1758 2557 τῶν

195 2602 506 2655 ἀποστόλων
541 2602 867 2669 σαφέστερον
893 2600 981 2651 τὸν
1011 2599 1302 2669 ἐρχόμενον
1348 2597 1588 2650 δείκνυσι
1616 2637 1630 2662 ,
1665 2595 1758 2648 καὶ

192 2695 436 2766 κέκραγε
465 2696 591 2762 περὶ
627 2692 893 2746 Ἰουδαίων
931 2690 1066 2761 βοῶν
1088 2709 1099 2720 ’
1135 2712 1152 2743 ι
1190 2692 1446 2762 Ὄψονται
1477 2693 1554 2753 είς
1583 2690 1639 2742 ὃν
1668 2689 1753 2752 ἐξ·

193 2786 514 2856 εκὲντησαν.
550 2806 567 2835 ι
607 2785 702 2846 Τίς
746 2782 838 2837 οὖν
868 2786 1013 2837 ἐστιν
1042 2789 1069 2838 ὁ
1105 2786 1415 2855 κεντηθείς;
1453 2787 1485 2855 ἡ
1516 2785 1753 2854 πλευρά·

196 2878 404 2947 πλευρὰ
439 2876 492 2928 δὲ
525 2875 791 2945 σώματος,
822 2877 881 2929 οὐ
909 2877 1157 2950 θεότητος
1190 2881 1325 2932 ἐστι.
1350 2878 1368 2948 ]
1398 2877 1615 2947 Σμικρὰ
1648 2894 1757 2928 τοι-

193 2968 420 3037 γαροῦν,
455 2968 532 3031 ὡς
581 2968 735 3038 ἔφην,
766 2969 862 3038 τῆς
893 2969 1227 3038 ἀναιμάκτου
1275 2970 1460 3031 θυσίας
1488 2971 1520 3038 ὴ
1552 2968 1754 3035 ὄνησις,

193 3064 272 3113 ὅτι
302 3062 446 3129 τάχα
473 3077 575 3112 που
607 3060 681 3131 μὴ
716 3062 939 3127 γέγονεν
969 3062 1189 3128 ἐφικτὸν
1208 3060 1341 3129 ὁμοῦ
1373 3062 1438 3129 τῇ
1474 3061 1638 3128 σαρκὶ
1668 3060 1760 3111 καὶ

194 3158 287 3227 τὴν
333 3158 433 3221 τῆς
473 3156 722 3224 θεότητος
771 3154 1111 3206 δαπανᾶσθαι
1166 3155 1353 3221 φύσιν
1408 3155 1488 3205 ὅτι
1534 3153 1609 3221 μὴ
1652 3151 1759 3203 τῶν

193 3249 492 3317 ἀμηχάνων
519 3246 960 3315 κεκρατήκαμεν,
987 3244 1200 3298 ἐδεστὸν
1229 3243 1438 3313 ἔχοντες
1473 3243 1675 3313 γυμνὸν
1699 3242 1759 3294 τὸ

194 3339 506 3409 ἀσώματον.
551 3337 934 3406 Ἐπιλελῆσθαι
979 3336 1036 3388 δέ
1090 3354 1176 3406 μοι
1206 3336 1400 3397 δοκεῖς,
1436 3336 1512 3397 ὡς
1558 3336 1759 3404 ἥκιστα

195 3431 290 3501 μὲν
338 3429 594 3499 θεότητος
630 3427 789 3497 φύσις
819 3428 935 3480 ἐστὶ
966 3428 1025 3479 τὸ
1059 3426 1417 3497 προκείμενον
1468 3426 1525 3476 ἐν
1575 3424 1761 3490 ἁγίαις

193 3520 494 3590 τραπέζαις
527 3517 880 3595 Ἐκκλησιῶν,
900 3515 1038 3585 πλὴν
1070 3515 1196 3568 ἷδ;ον
1224 3514 1379 3583 σῶμα
1409 3513 1501 3566 τοῦ
1526 3515 1589 3565 ἐκ
1624 3510 1759 3565 Θεοῦ

194 3610 408 3678 Πατρὸς
464 3608 660 3676 φύντος
699 3606 894 3673 Λόγου,
925 3604 1054 3666 Θεὸς
1078 3604 1134 3656 δὲ
1162 3606 1319 3671 φύσει
1371 3604 1461 3655 καὶ
1491 3603 1705 3672 ἀληθῶς
1734 3604 1761 3654 ὁ

195 3699 387 3765 Λόγος.
418 3697 484 3749 Τί
514 3696 692 3748 τοίνυν
727 3695 969 3756 ἅπαντας
1000 3694 1110 3766 [Ζσ.
1144 3693 1382 3763 ἅπαντα]
1405 3696 1642 3760 συγχεῖς,
1668 3692 1761 3743 καὶ

195 3789 471 3850 ἀσυνέτως
499 3787 784 3856 διακυκᾷς,
812 3786 903 3837 τὸν
936 3785 1096 3855 ἄρτον
1131 3786 1260 3854 ἡμῖν
1288 3784 1377 3835 τὸν
1416 3784 1475 3846 ἐξ
1510 3781 1758 3851 ούρανοῦ,

195 3882 288 3934 καὶ
316 3880 467 3950 ζωὴν
496 3879 699 3929 διδόντα
730 3876 807 3946 τῷ
836 3877 1025 3945 κόσμῳ
1051 3878 1331 3944 μονονουχὶ
1361 3876 1449 3927 καὶ
1473 3874 1758 3941 διαγελῶν,

194 3974 271 4025 ὅτι
306 3973 381 4041 μὴ
418 3970 612 4038 θεότης
635 3967 948 4037 ὠνόμασται
977 3967 1062 4019 διὰ
1088 3966 1187 4035 τῆς
1218 3966 1323 4018 τῶν
1350 3966 1625 4037 θεηγόρων
1651 3982 1763 4031 φω-

194 4062 310 4131 νῆς,
338 4060 504 4130 σῶμα
526 4059 582 4111 δὲ
620 4060 819 4128 μᾶλλον
849 4058 941 4110 τοῦ
974 4058 1040 4110 δι’
1076 4060 1223 4127 ἡμᾶς
1258 4056 1759 4125 ἐνηνθρωπηκότος,

193 4153 494 4215 τουτέστιν,
536 4150 628 4203 τοῦ
680 4153 742 4202 ἐκ
791 4148 925 4202 Θεοῦ
981 4148 1191 4217 Πατρός
1242 4146 1450 4214 Λόγου;
1505 4146 1669 4216 Σῶμα
1704 4146 1762 4199 δὲ

194 4240 526 4295 Δεσποτικὺν
556 4240 774 4294 ἀνθότου
808 4241 892 4309 δὴ,
924 4240 1153 4310 φράσον,
1182 4237 1469 4307 ὀνομάζεις
1512 4237 1677 4300 ὅλως,
1715 4239 1762 4288 εί

198 4334 268 4403 μὴ
306 4333 453 4387 θεῖον
485 4328 640 4385 οἶσθα
686 4330 778 4381 καὶ
822 4328 975 4381 θεοῦ.
1046 4329 1216 4380 Δοῦλα
1258 4329 1363 4397 γὰρ
1405 4327 1618 4379 ἅπαντα
1665 4324 1760 4377 τοῦ

196 4426 579 4496 πεποιηκότος.
621 4420 778 4473 Ἀλλά
807 4420 914 4489 γὰρ
935 4419 1033 4471 ούκ
1064 4418 1236 4488 ὀρθῶς
1261 4418 1372 4486 ἔχει
1404 4434 1486 4469 σοι
1525 4415 1593 4468 τὰ
1622 4415 1762 4467 κατά

1862 1962 2061 2015 veniat.
2093 1981 2113 2016 ι
2147 1964 2275 2031 Quis
2308 1977 2487 2021 autem
2527 1970 2711 2023 venit?
2747 1988 2763 2020 ι
2797 1971 3057 2024 Videbunt
3092 1971 3282 2024 Filium
3322 1973 3420 2024 ho-

1865 2052 2026 2107 minis
2078 2057 2381 2111 venientem
2445 2060 2496 2110 in
2544 2061 2781 2113 nubibus
2832 2062 2951 2115 caeli
3012 2077 3131 2114 cum
3177 2062 3420 2115 claritate

1865 2158 2055 2211 magna
2091 2164 2104 2198 :
2142 2165 2158 2196 ι
2192 2157 2267 2210 ει,
2314 2150 2457 2216 quod
2495 2150 2667 2216 majus
2698 2159 2795 2212 est,
2830 2160 2953 2205 ante
2985 2152 3253 2221 apostolos
3300 2166 3421 2219 pro-

1864 2233 2024 2299 pheta
2060 2236 2391 2289 maniiestius
2423 2239 2719 2291 venientem
2745 2240 3001 2303 ostendit,
3034 2251 3087 2294 et
3117 2241 3331 2303 clamat,
3356 2241 3421 2294 de

1862 2319 2059 2375 Judzeis
2083 2325 2265 2379 dicens
2293 2345 2305 2378 :
2343 2344 2360 2378 ι
2398 2325 2663 2382 Videbunt
2687 2330 2736 2383 in
2764 2345 2919 2398 quem
2940 2340 3418 2399 eumpunxerunt.»

1864 2408 2140 2473 Quodnam
2176 2414 2339 2481 igitur
2370 2416 2496 2468 illud
2532 2428 2908 2485 compunctum
2946 2420 3071 2473 est?
3102 2419 3302 2475 Latus:
3341 2420 3419 2472 la-

1867 2510 1949 2555 tus
1972 2516 2097 2555 vero
2121 2506 2364 2573 corporis
2380 2518 2481 2569 est,
2503 2522 2603 2560 non
2641 2509 2983 2580 divinitatis.]
3008 2510 3207 2580 Exigua
3233 2511 3421 2579 estigi-

1867 2602 1971 2656 tur,
2008 2594 2167 2665 116
2190 2608 2245 2649 ut
2270 2597 2397 2660 dixi,
2419 2598 2713 2653 incruenta:
2732 2602 2919 2656 hostia:
2934 2602 3158 2669 utilitas,
3180 2605 3302 2671 quia
3339 2606 3422 2657 ni-

1867 2685 2059 2738 mirum
2088 2686 2166 2739 fus
2198 2702 2302 2741 non
2326 2701 2404 2741 est
2433 2696 2491 2741 ut
2515 2689 2677 2743 simul
2708 2705 2825 2744 cum
2854 2707 3014 2747 carne
3041 2696 3200 2747 etiam
3229 2695 3422 2747 divini-

1868 2773 1993 2827 tatis
2042 2784 2233 2828 natura
2268 2786 2647 2830 causumatur:
2670 2794 2840 2845 neque
2876 2796 2937 2834 ea
2976 2783 3278 2836 obtinemus
3306 2797 3422 2850 qua:

1865 2872 1989 2917 sunt
2035 2865 2406 2934 impossibilia,
2444 2877 2498 2920 ut
2531 2868 2642 2936 ipsa
2688 2869 2999 2936 incorporea
3045 2885 3235 2924 natura
3281 2874 3420 2925 nuda

1866 2969 2164 3009 vescamur.
2213 2956 2317 3011 Sed
2360 2958 2555 3013 oblitus
2606 2958 2734 3012 mihi
2767 2960 2959 3014 videris
3000 2962 3138 3015 haud
3177 2973 3420 3015 naturain

1866 3046 2164 3102 divinitatis
2225 3049 2277 3101 id
2322 3064 2441 3104 esse
2498 3049 2642 3117 quod
2705 3051 2755 3102 in
2804 3052 3005 3105 sanctis
3060 3050 3422 3107 Ecclesiarum

1866 3139 2062 3191 mensis
2096 3140 2426 3208 proponitur,
2466 3142 2557 3193 sed
2610 3141 2882 3208 proprium
2926 3159 3119 3211 corpus
3156 3144 3311 3197 Verlii
3356 3156 3421 3198 ex

1864 3226 2023 3283 Patre
2053 3231 2238 3299 geniti,
2272 3234 2414 3297 quod
2449 3229 2678 3283 Verbum
2703 3246 2769 3284 ex
2799 3242 2988 3287 natura
3033 3247 3087 3287 et
3124 3244 3248 3288 vere
3280 3236 3417 3289 Deus

1860 3333 1964 3377 est.
2019 3322 2127 3375 Cur
2172 3323 2337 3393 igitur
2382 3323 2557 3376 omnia
2595 3322 2898 3389 confundis,
2952 3325 3422 3397 imprudenterque

1859 3412 2171 3477 permisces,
2202 3426 2391 3480 panem
2442 3412 2591 3465 illum
2626 3414 2690 3468 de
2735 3413 2893 3478 celo,
2923 3424 2977 3468 et
3013 3416 3177 3469 vitam
3224 3419 3422 3473 mundo

1861 3505 2075 3558 dantem
2114 3504 2495 3574 propemodum
2530 3504 2691 3557 etiam
2734 3506 3001 3570 derideus,
3041 3510 3181 3576 quod
3218 3509 3421 3563 theolo-

1862 3610 2045 3665 gorum
2080 3612 2209 3650 voce
2241 3612 2345 3649 non
2379 3597 2449 3649 sit
2478 3596 2729 3651 divinitas
2758 3609 3146 3665 nuncupatum,
3184 3602 3276 3654 sed
3305 3615 3425 3655 cor-

1862 3700 1959 3751 pus
1987 3686 2167 3754 pmius
2209 3687 2351 3739 illius
2382 3689 2470 3754 qui
2512 3698 2730 3755 propter
2778 3704 2872 3741 nos
2910 3700 2992 3743 est
3036 3692 3193 3745 homo
3227 3691 3423 3759 factus,

1863 3772 1964 3825 hoc
1992 3783 2096 3836 est,
2126 3775 2266 3827 illius
2289 3791 2351 3827 ex
2380 3776 2536 3829 Patre
2568 3776 2763 3829 Verbi?
2787 3776 2903 3829 Jam
2939 3793 3067 3833 vero
3097 3780 3245 3835 dicas
3265 3782 3422 3835 velim

1860 3878 2022 3932 quam
2058 3865 2124 3916 ob
2152 3878 2368 3917 causam
2396 3865 2616 3917 omnino
2649 3879 2848 3934 corpus
2886 3866 3217 3923 Dominicum
3238 3886 3423 3935 vocas,

1863 3956 1907 4009 si
1945 3970 2047 4006 non
2077 3954 2313 4007 divinum
2344 3969 2461 4008 esse
2492 3956 2652 4019 nosti,
2691 3972 2753 4009 ac
2784 3958 2949 4023 ipsius
2984 3958 3110 4023 Dei;
3148 3976 3271 4014 nam
3309 3977 3424 4016 ser-

1862 4048 2016 4099 viunt
2040 4045 2255 4114 quidem
2277 4046 2453 4099 omnia
2483 4044 2818 4100 Condituri'.
2846 4046 2949 4101 Sed
2976 4050 3118 4101 enim
3151 4064 3252 4103 non
3283 4060 3428 4107 recte

1863 4139 2064 4193 habent
2101 4152 2221 4206 quae
2271 4138 2324 4190 in
2362 4138 2543 4189 animo
2575 4152 2778 4202 versas,
2807 4149 2861 4193 et
2902 4140 3074 4209 ipsum
3117 4141 3427 4198 Emmanuel

1866 4225 2136 4281 huminem
2162 4235 2290 4280 esse
2312 4225 2581 4279 Deiferum
2604 4241 2826 4295 prorsus
2850 4229 3048 4283 credis.
3081 4229 3278 4286 Deinde
3306 4247 3429 4286 seu-

1868 4318 2051 4371 tentiis
2079 4332 2141 4370 ac
2182 4316 2383 4377 verbis,
2423 4330 2541 4383 quae
2582 4332 2701 4369 cum
2748 4319 2943 4385 pietate
2973 4319 3254 4385 c0njuncta
3280 4332 3426 4387 sunt,

1865 4409 2088 4461 omnino
2128 4408 2407 4475 neglectis,
2462 4406 2607 4459 illum
2658 4408 2894 4462 veritatis
2938 4424 3150 4464 sacrum
3196 4413 3429 4466 admini-

192 4517 281 4570 τὸν
312 4516 463 4577 νοῦν,
514 4513 794 4583 ἄνθρωπον
828 4510 885 4562 δέ
922 4505 1056 4562 εἶναι
1090 4508 1460 4569 πεπίστευκας
1506 4505 1759 4575 θεοφόρον

1868 4511 2038 4555 strum
2059 4500 2190 4567 (30),
2212 4500 2357 4552 illum
2384 4499 2677 4568 sapientem
2704 4502 3051 4555 architectum
3076 4512 3129 4556 et
3155 4505 3429 4559 doctorem

195 4608 377 4670 ἅπλῶς
406 4606 502 4658 τδν
541 4601 909 4673 Ἐμμανουήλ.
940 4596 1069 4653 Εἶτα
1101 4600 1209 4652 τῶν
1237 4601 1315 4661 είς
1359 4597 1639 4649 εύσέὅειαν
1678 4598 1765 4647 ἐν-

198 4700 349 4753 νοιῶν
397 4713 459 4749 τε
495 4696 591 4747 καὶ
638 4695 811 4760 λόγων
847 4691 1140 4761 ἀφειδήσας
1196 4690 1493 4755 παντελῶς,
1538 4692 1630 4741 τὸν
1667 4690 1764 4757 τῆς

194 4789 450 4857 ἀληθείας
485 4784 787 4856 ίερουργὸν,
825 4783 913 4835 τὸν
965 4783 1124 4849 σοφὸν
1170 4782 1521 4850 ἀρχιτέκτονα
1560 4780 1653 4832 καὶ
1689 4778 1764 4829 δι-

193 4880 466 4935 δάσκαλον
498 4878 608 4930 τῶν
639 4876 827 4939 ἐθνῶν,
845 4875 934 4926 τὸν
970 4875 1110 4943 ἱερὸν
1134 4873 1347 4942 ἀληθῶς
1372 4872 1465 4925 καὶ
1490 4871 1763 4938 πάνσοφον

194 4974 409 5027 Παῦλον
484 4969 704 5025 ἔσεσθαί
768 4985 848 5020 σοι
924 4968 1271 5035 συλλήπτορα
1341 4963 1764 5032 συκοφαντοῦντι

197 5068 526 5137 προσδοκᾷς,
556 5064 655 5131 τῆς
685 5064 763 5124 είς
794 5060 920 5112 εὐθὺ
953 5063 1045 5112 καὶ
1068 5058 1446 5126 δοκιμωτάτης
1478 5057 1765 5125 ἀποφέρων

194 5158 333 5224 ὁδοῦ,
370 5157 484 5211 τῶν
514 5153 690 5224 ὀρθῶς
722 5169 780 5205 τε
827 5152 918 5204 καὶ
954 5148 1256 5219 ἀκιϐδήλως
1298 5148 1601 5217 εἰρημένων
1637 5149 1763 5214 παρ’

195 5250 357 5303 αὐτοῦ
385 5250 490 5319 τὴν
519 5244 766 5313 δύναμιν.
800 5242 1024 5311 Ἴδωμεν
1067 5240 1202 5303 γὰο,
1233 5241 1416 5309 φησιν,
1446 5238 1551 5291 ἀπὸ
1577 5238 1763 5289 τούτου

1869 4592 2130 4659 gentium,
2158 4605 2369 4644 sacrum
2404 4605 2588 4643 revera
2625 4600 2677 4643 et
2714 4592 3165 4658 sapientissimum
3205 4594 3429 4649 Paulum

1870 4680 1962 4733 tibi
2008 4680 2359 4733 calumnianti
2391 4678 2503 4733 fore
2553 4679 2924 4732 auxiliatorem
2959 4692 3134 4748 putas,
3168 4684 3292 4736 dum
3321 4684 3429 4736 vim

1867 4785 2052 4824 eorum
2078 4785 2195 4839 qua:
2219 4780 2342 4823 sunt
2361 4772 2427 4821 ab
2450 4783 2515 4822 eo
2543 4778 2686 4824 recte
2707 4771 3021 4837 sincereque
3038 4772 3204 4835 dicta,
3222 4787 3251 4825 a
3284 4784 3431 4829 recta

1868 4870 2199 4936 probataque
2221 4867 2303 4919 via
2323 4866 2629 4933 detorques.
2652 4866 2934 4921 Videamus
2955 4869 3121 4931 cnim,
3149 4869 3343 4937 inquit,
3366 4885 3431 4925 ex

1873 4961 1995 5020 huc,
2031 4958 2186 5025 cujus
2215 4956 2285 5009 sit
2328 4969 2473 5008 mors
2503 4973 2515 5007 :
2549 4975 2566 5005 ι
2606 4955 2784 5009 Donec
2814 4956 3029 5023 veniat;
3074 4976 3091 5009 ι
3118 4961 3242 5027 quis
3271 4972 3430 5028 porro

1873 5059 1955 5103 est
1978 5050 2067 5116 qui
2099 5047 2281 5099 venit!
2312 5065 2328 5096 ι
2350 5044 2610 5099 Videbunt
2642 5046 2692 5098 in
2727 5060 2885 5114 quem
2918 5058 3364 5118 compunxerunt.
3404 5066 3423 5099 ι

1854 5138 2063 5195 ’νειιῐει
2090 5138 2249 5206 igitur
2277 5138 2320 5190 is
2344 5138 2433 5205 qui
2463 5152 2529 5190 ex
2557 5138 2787 5190 humana
2830 5138 3137 5193 conditione
3176 5138 3431 5193 sustinuit

1875 5239 2126 5291 mortem,
2144 5236 2198 5279 et
2216 5227 2470 5280 divinitus
2496 5227 2810 5289 resurrexit,
2835 5227 2925 5293 qui
2950 5228 3000 5279 in
3031 5227 3224 5283 ccelum
3249 5228 3427 5292 rediit,

265 5408 286 5438 '
322 5406 340 5460 l
368 5406 503 5460 Cor.
534 5418 621 5467 xv,
650 5401 737 5456 55.
816 5402 835 5431 ⁸
864 5399 1021 5453 Rom.
1058 5411 1181 5461 ιιιιι,
1214 5397 1298 5449 Μ.
1375 5398 1392 5425 ⁷
1452 5394 1626 5449 Culut.
1659 5408 1743 5454 ιιι,

1864 5432 1869 5445 ι
1941 5387 2136 5444 ‘Joau.
2174 5402 2251 5443 xii.
2289 5386 2378 5440 25.
2454 5389 2473 5416 '
2505 5383 2647 5439 Psal.
2673 5399 2857 5447 cxvm,
2886 5384 2976 5437 9i.

1449 5547 1604 5601 ANT.
1646 5542 1912 5599 AGELLII
1952 5540 2177 5595 NOTE.

263 5699 375 5767 (30)
420 5691 669 5748 Veritatis
694 5706 895 5741 sacrum
924 5688 1307 5736 mlmiuistrum.
1341 5684 1473 5737 Nam
1507 5686 1557 5735 in
1580 5694 1759 5762 extre-

202 5758 281 5825 ma
312 5758 556 5838 Epistula
578 5764 643 5813 ad
678 5758 968 5818 Romanos,
998 5758 1421 5808 sanctilicmilcnt
1469 5770 1561 5806 seu
1594 5758 1758 5806 sacri-

532 5855 805 5914 PnnuL.
852 5848 968 5909 (in.
1022 5848 1291 5906 LXXVI.

1871 5682 2117 5742 ﬂcantem
2151 5678 2586 5744 Evangeliumise
2626 5675 2797 5744 ipsum
2832 5674 2965 5728 dixit
2998 5673 3304 5742 Apostolus,
3330 5671 3429 5724 hoc

1864 5762 1964 5813 est,
2002 5742 2380 5817 ἱερουργοῦντα
2416 5746 2471 5797 τδ
2512 5742 2856 5809 Ενῷανγὲλιον.
