4078 6348
643 397 748 455 205

1666 398 1721 452 S.
1764 395 2027 451 CYRlLLl
2064 392 2533 450 ALEXANDle
2571 393 2887 450 ARCHIEP.

3770 393 3869 447 204

645 512 736 579 qui
757 511 916 565 etiam
941 507 1228 564 ineli'abilis
1249 508 1468 565 deitatis
1488 521 1712 580 augusta
1744 509 2037 566 decoratur
2057 510 2193 564 sede.

2310 508 2456 571 τίνος
2490 511 2518 562 ὁ
2551 508 2801 572 θάνατος.
2851 527 2868 558 ‹
2902 509 3094 578 Ἀχρις
3124 501 3184 562 οὗ
3219 507 3376 580 ἔλθῃ.
3416 527 3435 561 ι
3466 509 3560 572 Τίς
3582 509 3637 562 δέ
3665 511 3809 562 ἐστιν
3843 509 3871 558 6

642 612 695 657 et
742 616 863 657 cum
911 600 1071 656 Patre
1112 600 1380 666 considet,
1424 600 1905 658 circumstantibus
1951 599 2204 653 nimirum

642 692 1021 761 Serapbim,et
1046 692 1314 761 supremis
1368 691 1475 747 illis
1523 690 1844 756 Virtutibus,
1900 703 2205 745 mensuram

639 799 750 840 suae
779 783 1075 850 servitutis,
1107 798 1211 853 qua
1243 782 1315 837 illi
1351 782 1740 851 subjectisunt,
1773 795 1876 834 non
1911 777 2206 849 ignoranti-

639 878 758 940 bus,
791 875 1042 930 omnibus
1065 874 1228 927 etiam
1263 872 1627 926 Potestatibus
1655 871 1802 924 illum
1833 870 2201 931 adorantibus,

638 964 942 1020 Virtutibus
987 964 1150 1018 etiam
1199 979 1262 1016 ac
1306 961 1767 1017 nominationibus
1809 977 1824 1014 :
1874 979 1893 1011 ι
1929 959 2027 1026 ipsi
2059 960 2202 1012 enim

637 1071 796 1110 omne
814 1070 949 1123 genu
970 1054 1235 1118 ﬂectetur,
1250 1054 1491 1107 etomnis
1506 1052 1680 1119 lingua
1701 1051 2202 1122 conﬁtebiturhquia

639 1145 895 1200 Dominus
926 1143 1103 1210 Jesus,
1133 1143 1183 1196 in
1209 1143 1430 1211 gloriam
1454 1141 1547 1195 Dei
1570 1141 1743 1195 Patris
1773 1141 1845 1206 ¹⁰;
1873 1159 1890 1191 ι
1926 1150 1979 1194 et
2005 1141 2200 1205 veniet,

636 1242 695 1286 ut
728 1233 862 1296 dixi,
894 1247 997 1285 non
1028 1234 1078 1285 in
1112 1239 1294 1285 nostra
1313 1229 1623 1284 humilitate
1650 1239 1997 1298 conspectus,
2028 1228 2120 1280 sed
2151 1228 2202 1280 iu

635 1323 802 1394 gloria
830 1322 1149 1386 divinitatis,
1184 1320 1320 1374 coelo
1379 1319 1695 1387 superisque
1751 1317 2034 1386 spiritibus
2080 1331 2202 1370 eum

634 1412 976 1480 stipantibus.
1008 1419 1061 1464 et
1084 1409 1181 1478 ipsi
1210 1418 1265 1461 ut
1293 1409 1420 1472 Deo,
1464 1423 1527 1460 ac
1557 1405 1713 1475 Regi,
1751 1416 1806 1459 et
1828 1407 2203 1460 universorum

635 1502 862 1557 Domino
909 1501 1300 1557 assistentibus.
1353 1498 1408 1552 Si
1465 1498 1631 1568 igitur
1663 1513 1766 1551 non
1813 1507 1894 1551 est
1925 1497 1976 1550 in
2019 1512 2200 1562 carne,

634 1596 739 1649 hoc
770 1603 872 1658 est,
901 1609 1006 1648 non
1041 1594 1200 1646 homo
1233 1591 1432 1646 factum
1475 1599 1556 1645 est
1604 1589 1693 1644 Dei
1729 1589 1908 1643 Patris
1944 1589 2203 1653 Verbum,

635 1685 727 1738 sed
791 1685 950 1738 homo
1005 1682 1216 1746 Deil‘er,
1285 1681 1425 1734 latus
1478 1695 1794 1748 corporeum
1855 1681 2095 1746 habens,
2150 1689 2205 1735 et

628 1774 795 1844 117
851 1773 1321 1841 compunctionem
1368 1772 1553 1825 lateris
1585 1786 1796 1841 passus,
1841 1776 2107 1842 quomodo
2151 1775 2202 1826 in

2310 599 2634 669 ἐρχόμενος;
2673 619 2691 650 ‹
2732 599 2990 669 Ὄψονται
3020 601 3099 662 εἰς
3144 600 3202 652 ὃν
3251 599 3626 670 ἐξεκέντησαν.
3664 619 3682 650 ι
3720 598 3871 662 ’Ἥξει

2308 693 2509 757 τοίνυν,
2558 694 2586 744 6
2633 690 2914 753 πεπονθὼς
2953 691 3050 761 μὲν
3090 690 3180 743 τὸν
3231 689 3456 744 θάνατον
3499 691 3870 760 ἀνθρωπίνως,

2309 781 2677 851 ἐγηγερμένος
2711 781 2766 833 δέ
2797 779 2990 842 θεῖκῶς
3010 798 3024 810 °
3067 781 3432 849 ἀναφοιτήσας
3460 779 3516 833 δέ
3551 782 3643 833 καὶ
3678 783 3756 843 είς
3781 783 3871 832 οὑ-

2312 871 2509 940 ρανοὺς
2531 912 2544 934 ,
2568 869 2626 933 ὃς
2663 873 2756 923 καὶ
2783 872 2896 931 τοῖς
2918 869 3018 937 τῆς
3046 870 3286 939 ἀρρήτου
3314 868 3565 938 θεότητος
3591 869 3874 938 ἐναϐρύνε-

2307 976 2396 1011 ται
2425 958 2641 1021 θώκοις,
2678 959 2770 1010 καὶ
2803 957 3110 1026 συνεδρεύει
3145 956 3221 1026 τῷ
3257 955 3456 1025 Πατρὶ,
3487 945 3872 1024 περιεστώτων

2308 1051 2364 1103 ἐν
2398 1051 2580 1120 κύκλῳ
2613 1050 2851 1119 δηλονότι
2882 1050 2989 1102 τῶν
3016 1050 3266 1119 Σεραφὶμ
3290 1089 3303 1113 ,
3339 1048 3431 1100 καὶ
3477 1047 3584 1099 τῶν
3615 1048 3872 1100 ἀνωτάτω

2307 1140 2619 1208 Δυνάμεων,
2648 1139 2746 1190 οὑκ
2768 1137 3074 1205 ἀγνοουσῶν
3096 1137 3196 1204 τῆς
3226 1134 3317 1186 ὑπ’
3350 1132 3527 1185 αὑτῶν
3552 1131 3789 1194 δουλείας
3815 1131 3873 1182 τὸ

2310 1229 2529 1298 μέτρον·
2556 1227 2964 1300 προσκυνοὺσης
2987 1245 3045 1279 τε
3073 1225 3221 1295 αὐτῷ
3247 1227 3341 1278 καὶ
3358 1224 3631 1287 Ἐξουσίας
3657 1223 3874 1289 ἀπάσης

2307 1319 2598 1388 Δυνάμεώς
2637 1336 2696 1371 τε
2732 1319 2825 1370 καὶ
2875 1317 3242 1388 Κυριότητος·
3287 1334 3304 1366 ι
3343 1314 3552 1384 κάμψει
3587 1314 3693 1382 γὰρ
3725 1313 3871 1382 αὐτῷ

2307 1412 2414 1462 πᾶν
2454 1410 2603 1477 γόνυ,
2662 1408 2757 1462 καὶ
2803 1410 2952 1460 πᾶσα
2992 1407 3212 1474 γλῶσσα
3264 1405 3751 1475 ἐξομολογήσεται,
3791 1404 3871 1456 ὅτι

2307 1503 2512 1572 Κύριος
2528 1500 2751 1572 Ἰησοῦς,
2778 1503 2857 1563 είς
2886 1500 3040 1566 δόξαν
3069 1498 3203 1552 Θεοῦ
3226 1496 3664 1568 Πατρός.ι”Ηξει
3687 1495 3764 1559 δὲ,
3797 1496 3872 1556 ὠς

2307 1593 2463 1664 ἔφην,
2491 1596 2588 1646 οὑκ
2617 1593 2672 1645 ἔν
2699 1610 2761 1660 γε
2786 1595 2852 1662 τῇ
2886 1590 3007 1644 καθ’
3043 1592 3191 1660 ἡμᾶς
3227 1589 3668 1660 σμικροπρεπείᾳ
3696 1585 3873 1656 φαινό-

2313 1702 2489 1756 μενος,
2522 1685 2580 1735 ἐν
2621 1683 2840 1753 εὐκλείᾳ
2869 1683 2924 1734 δέ
2966 1682 3165 1751 μᾶλλον
3195 1685 3261 1751 τῇ
3293 1678 3762 1750 θεοπρεπεστάτῃ,
3788 1678 3871 1729 δο-

2311 1775 2673 1846 ρυφοροῦντος
2705 1773 2937 1843 οὐρανοῦ
2972 1773 3065 1826 καὶ
3110 1772 3219 1825 τῶν
3269 1772 3378 1826 ἄνω
3432 1770 3750 1841 πνευμάτων
3797 1768 3872 1830 ὡς

635 1869 762 1923 sede
804 1879 1067 1934 supremae
1122 1862 1418 1917 divinitatis
1463 1861 1816 1931 conspicitur,
1848 1864 1994 1916 velut
2042 1879 2193 1932 quar-

2305 1865 2423 1936 Θεῴ
2455 1882 2509 1918 τε
2538 1864 2631 1918 καὶ
2658 1862 2896 1925 Βασιλεῖ,
2927 1863 3019 1915 καὶ
3046 1860 3123 1930 τῷ
3152 1861 3260 1912 τῶν
3289 1858 3425 1913 ὅλων
3450 1860 3694 1931 Δεσπότῃ
3725 1876 3868 1928 παρ-

635 1968 723 2014 tus
772 1959 924 2012 nobis
979 1956 1122 2010 Deus
1159 1955 1377 2021 quidam
1433 1968 1623 2007 recens
1664 1963 1783 2021 post
1808 1964 2050 2008 sanctam
2081 1955 2201 2008 Tri-

634 2050 855 2104 nitatem
920 2043 1333 2102 efl‘ectusiNon
1403 2044 1593 2097 horres
1665 2043 1845 2098 dicere
1929 2044 2197 2113 vulgarem

633 2141 927 2205 hominem,
954 2148 1217 2192 creaturae
1244 2136 1445 2190 cultum
1473 2134 1831 2190 exhibendum
1855 2135 2201 2205 excogitatas?

634 2231 851 2301 Ergone
901 2227 1174 2283 veteribus
1219 2225 1426 2295 laqueis
1461 2226 1761 2280 detinemur
1790 2226 1812 2278 ?
1845 2241 2044 2296 ergone
2091 2227 2200 2280 Deo

632 2322 883 2393 iniuriam
933 2318 1114 2374 intulit
1164 2326 1219 2371 et
1267 2317 1546 2372 nobiseum
1597 2331 1780 2370 errore
1837 2318 2058 2371 seducta
2115 2325 2199 2370 est

630 2420 812 2468 sancta
861 2409 948 2463 illa
1011 2406 1297 2462 multitudo
1347 2420 1699 2475 supernorum
1761 2407 2099 2476 spirituum?
2141 2408 2196 2462 Si

630 2503 800 2559 veieri
853 2514 1037 2556 errore
1089 2498 1300 2554 liberati
1356 2513 1543 2552 sumus
1589 2498 1644 2551 in
1701 2512 1766 2552 eo
1815 2501 1954 2567 quod
1995 2501 2199 2555 servire

632 2603 895 2650 creaturae
927 2601 1178 2660 tauquam
1240 2602 1352 2642 rem
1410 2587 1630 2657 impiam
1666 2588 2051 2653 recusavimus,
2103 2603 2200 2643 cur

632 2697 730 2736 nos
774 2683 826 2735 iu
862 2689 1040 2734 vetera
1085 2679 1311 2733 crimina
1356 2678 1597 2744 conjicis,
1631 2687 1686 2731 et
1712 2679 1877 2732 elIieis
1896 2679 2196 2734 hominico-

631 2774 746 2829 las?
767 2772 875 2828 Nos
899 2774 1041 2826 enim
1067 2771 1267 2826 scimus
1294 2779 1345 2824 et
1363 2771 1635 2825 credimus
1656 2769 1784 2824 illud
1813 2786 1880 2825 ex
1907 2773 2012 2826 Deo
2038 2769 2198 2826 Patre

631 2864 864 2919 Verbum
921 2876 1134 2916 carnem
1194 2871 1250 2914 et
1295 2860 1612 2931 sanguinem
1647 2861 2014 2929 assumpsisse
2049 2878 2062 2915 :
2101 2863 2196 2917 sed

631 2955 755 3024 quia
811 2953 1109 3024 permansit
1161 2952 1325 3015 idem,
1374 2966 1566 3021 nempe
1616 2951 1779 3016 Deus,
1830 2965 1980 3005 suam
2034 2967 2194 3022 supra

629 3048 808 3104 omnia
839 3043 1348 3100 excellentissimam
1400 3043 1713 3114 dignitatem
1760 3045 1995 3098 servavit
2031 3046 2194 3098 etiam

629 3153 751 3193 cum
771 3137 991 3206 perinde
1011 3150 1074 3188 ac
1105 3147 1202 3189 nos
1251 3141 1397 3189 esset
1440 3133 1496 3186 in
1542 3148 1727 3190 carne.
1777 3133 1946 3189 Porro
1970 3149 2090 3188 cum
2125 3135 2195 3189 sit

629 3230 770 3285 Deus
826 3226 1175 3282 nihilominus
1206 3227 1305 3280 hoc
1336 3235 1575 3293 tempore
1633 3240 1793 3295 quam
1829 3225 1994 3280 fuerit
2041 3226 2190 3294 olim,

629 3321 875 3390 quamvis
922 3319 1081 3372 homo
1135 3317 1331 3380 factus,
1367 3324 1545 3370 tamen
1580 3317 1824 3371 serviens
1852 3318 1954 3372 sibi
1996 3318 2192 3371 caalum

627 3412 813 3477 habet,
851 3411 1280 3477 adorantemque
1310 3419 1509 3462 terram
1538 3425 1552 3474 ;
1592 3408 1854 3478 scriptum
1886 3418 1970 3463 est
1997 3408 2140 3463 enim
2177 3426 2190 3461 :

635 3517 653 3551 ι
687 3499 870 3554 Laude
926 3497 1330 3566 Dominivplena
1388 3506 1472 3552 est
1525 3505 1718 3561 terra;
1757 3498 1974 3565 cperuit
2027 3497 2195 3551 caelos

627 3592 795 3661 gloria
838 3601 946 3656 tua,
985 3590 1208 3644 Domine
1241 3591 1305 3640 “.
1345 3607 1363 3640 ›
1405 3586 1487 3642 Tu
1515 3603 1646 3643 vero
1677 3602 1708 3643 e
1765 3588 2036 3642 contrario
2069 3604 2193 3643 eum

628 3683 719 3751 qui
774 3689 920 3735 tanta
950 3689 1033 3733 est
1081 3688 1134 3733 et
1169 3685 1378 3732 naturae
1410 3687 1464 3731 et
1497 3677 1683 3746 gloria:
1723 3676 2092 3746 amplitudine,
2126 3691 2193 3732 ex

627 3773 792 3826 nimia
843 3770 1056 3828 inscitia
1114 3784 1222 3823 non
1282 3769 1466 3832 vides;
1497 3768 1682 3823 dixisti
1711 3769 1862 3824 enim
1899 3767 2072 3834 :Quis
2110 3778 2193 3823 est

626 3864 716 3932 qui
756 3864 904 3916 venit
932 3862 954 3913 ?
987 3879 1005 3912 ‹
1031 3860 1298 3914 Videbunt
1325 3859 1517 3914 Filium
1545 3860 1778 3913 hominis
1804 3861 2105 3914 venientem
2133 3860 2191 3912 in

625 3954 1004 4010 nubibusctrh
1034 3954 1126 4017 ¹²;
1174 3972 1192 4004 ι
1257 3961 1509 4020 tanquam
1562 3953 1769 4008 scilicet
1832 3962 2078 4008 metuens
2125 3967 2193 4006 ne

625 4046 745 4115 quis
795 4044 1062 4099 diuideret
1124 4043 1322 4097 dicenti
1363 4042 1559 4097 Filium
1612 4043 1849 4098 hominis
1902 4059 2025 4097 eum
2073 4057 2193 4097 esse

622 4137 718 4209 qui
745 4136 923 4200 venit,
955 4147 1007 4188 et
1030 4136 1342 4204 prophetico
1371 4135 1681 4190 testimonio
1708 4137 2002 4190 conﬁrmas
2034 4151 2193 4204 argu-

626 4236 886 4282 mentum.
924 4225 1193 4295 Scriptum
1241 4239 1370 4279 esse
1419 4241 1653 4292 namque
1700 4226 1824 4280 ais:
1857 4243 1876 4276 ι
1923 4224 2190 4280 Videbunt

624 4319 678 4373 in
708 4331 867 4387 quem
890 4324 1327 4384 eompunxerunt
1355 4315 1398 4346 ¹³
1429 4331 1444 4381 ;
1492 4332 1512 4366 δ
1539 4324 1594 4368 et
1622 4315 1762 4381 quod
1796 4324 2052 4383 praeterea
2077 4314 2191 4383 ipse

624 4409 821 4476 putasti
871 4421 991 4462 esse
1042 4406 1107 4458 ad
1156 4405 1555 4471 coarguendum
1617 4403 1840 4468 ﬁrmius,
1875 4404 2186 4472 impruden-

2303 1954 2632 2025 εστηκότων.
2673 1953 2842 2022 Εἴπερ
2889 1946 2980 2005 οὖν
3032 1952 3178 2002 ἐστιν
3226 1950 3324 2002 οὑκ
3355 1950 3412 2001 ἐν
3450 1950 3612 2020 σαρκὶ
3646 1949 3867 2018 μᾶλλον,

2301 2046 2469 2116 ἤγουν
2499 2044 2786 2116 ἄνθρωπος
2813 2040 3050 2112 γεγονὼς
3076 2045 3102 2095 6
3132 2042 3225 2094 τοῦ
3263 2041 3398 2094 Θεοῦ
3431 2040 3649 2112 Πατρδς
3676 2041 3867 2106 Λόγος,

2300 2140 2585 2210 ἄνθρωπος
2628 2137 2684 2190 δὲ
2710 2137 2977 2207 Θεοφόρος
3013 2135 3254 2207 πλευρὰν
3297 2135 3434 2206 ἔχων
3463 2134 3712 2205 σώματος
3734 2178 3747 2200 ,
3778 2134 3869 2189 καὶ

2302 2230 2597 2298 ὑπομείνας
2631 2228 2729 2298 τὴν
2763 2226 3122 2295 διακέντησιν,
3174 2225 3289 2289 πῶς
3319 2227 3375 2277 ἐν
3409 2225 3619 2294 θρόνοις
3649 2227 3865 2296 ὁρᾶτα.,

2300 2324 2397 2393 τῆς
2416 2322 2678 2374 ἀνωτάτω
2703 2318 2952 2385 θεότητος
2976 2317 3232 2387 τέταρτος
3252 2317 3439 2387 ὥσπερ
3467 2332 3546 2379 τις
3573 2318 3704 2386 ήμίν
3731 2317 3869 2387 μετὰ

2299 2416 2397 2482 τὴν
2446 2413 2604 2482 ἁγίαν
2639 2411 2843 2480 Τριάδα
2891 2409 3200 2480 πρόσφατος
3229 2409 3359 2472 Θεὸς
3389 2409 3863 2480 ἀναδεδειγμένος;

2300 2503 2373 2555 Oti
2428 2500 2850 2568 καταπέφρικας
2906 2498 3082 2551 κοινὸν
3131 2499 3438 2568 ἄνθρωπον,
3472 2501 3537 2568 τῇ
3584 2500 3761 2553 κτίσει
3807 2499 3867 2550 τὸ

2301 2593 2465 2655 σέϐας
2491 2590 2750 2657 ἐπινοῶν;
2785 2587 2894 2661 ipa
2921 2593 3032 2653 τοῖς
3078 2589 3328 2661 ἀρχαίοις
3378 2589 3711 2660 ἐνισχήμεθα
3746 2589 3866 2660 βρό-

2299 2702 2442 2755 χοις;
2480 2679 2590 2754 ἆρα
2619 2682 3017 2752 πεπαρῴνηκεν
3063 2682 3140 2742 είς
3191 2681 3344 2744 Θεὸν,
3382 2681 3475 2733 καὶ
3524 2680 3863 2750 πεπλάνηται

2301 2773 2420 2844 μεθ’
2451 2772 2630 2843 ήμῶν,
2663 2773 2695 2840 ή
2727 2772 2857 2838 ἁγία
2887 2770 2995 2822 τῶν
3025 2769 3138 2822 ἄνω
3165 2769 3492 2840 πνευμάτων
3521 2770 3769 2840 nit-(106;;
3805 2771 3866 2824 El

2295 2864 2395 2934 τῆς
2430 2863 2660 2934 ἀρχαίας
2704 2863 2918 2931 ἀπάτης
2953 2860 3404 2932 ἐκλελυτρώμεθα
3429 2901 3444 2927 ,
3479 2861 3540 2914 τὸ
3573 2863 3639 2930 τῇ
3691 2861 3865 2914 κτίσει

2296 2953 2579 3024 λατρεύειν
2604 2953 2678 3016 ὡς
2700 2951 2958 3016 δυσσεϐὲς
2983 2952 3432 3023 παραιτούμενοι,
3465 2952 3516 3004 τί
3539 2951 3699 3006 πάλιν
3721 2952 3866 3022 ἡμᾶς

2295 3049 2406 3108 τοῖς
2449 3044 2697 3114 ἀρχαίοις
2744 3044 3083 3114 ἐγκλήμασιν
3117 3044 3278 3105 ἐνιεὶς
3310 3043 3631 3112 ἀποφαίνεις
3664 3043 3868 3112 ἀνθρω-

2299 3135 2610 3205 πολάτρας;
2658 3135 2850 3205 Ἡμεῖς
2883 3134 2983 3204 μὲν
3018 3134 3126 3205 γὰρ
3162 3134 3321 3203 ίσμεν
3372 3133 3465 3187 καὶ
3496 3132 3868 3186 πεπιστεύκα-

2300 3243 2418 3296 μεν,
2447 3226 2528 3278 ὅτι
2562 3225 2784 3292 γέγονεν
2810 3227 2868 3277 ἐν
2896 3225 3199 3295 προσλήψει
3237 3226 3439 3294 σαρκός
3481 3242 3541 3277 τε
3573 3226 3666 3279 καὶ
3697 3225 3866 3294 αἵμα-

2296 3334 2385 3379 τος
2412 3318 2439 3368 ό
2470 3304 2532 3368 ἐκ
2565 3315 2699 3368 Θεοῦ
2732 3315 2945 3387 [ἰατρὸς
2974 3315 3145 3384 Λόγος
3166 3332 3179 3344 ο
3227 3316 3416 3388 ἐπειδή
3464 3316 3522 3369 δὲ
3558 3317 3866 3388 μεμένηκεν

2295 3409 2323 3460 ό
2353 3409 2518 3470 αὑτὸς
2580 3407 2824 3476 δηλονότι
2865 3407 3016 3469 Θεὸς,
3063 3408 3162 3478 τῆς
3209 3407 3434 3476 ἐνούσης
3477 3408 3619 3460 κατὰ
3649 3409 3867 3461 πάντων

2295 3493 2571 3566 ὑπεροχῆς
2600 3495 2659 3547 τὸ
2687 3494 2906 3563 ἀξίωμα
2933 3493 3256 3547 διεσώσατο·
3313 3495 3515 3566 καίπερ
3565 3495 3638 3548 ὣν
3687 3497 3869 3566 σάρκα

2290 3585 2376 3657 [ἐν
2405 3583 2590 3658 σαρκὶ]
2621 3586 2742 3638 καθ’
2769 3587 2941 3656 ἡμᾶς.
2975 3586 3104 3650 Θεὸς
3126 3586 3182 3638 δὲ
3205 3587 3484 3656 ὑπάρχων,
3505 3587 3656 3640 οὐδὲν
3678 3582 3865 3658 ἦττον,

2295 3678 2327 3748 ἢ
2360 3678 2526 3733 πάλαι
2574 3679 2666 3732 καὶ
2698 3677 2811 3743 νῦν,
2861 3680 2963 3732 κᾶν
2993 3681 3042 3732 εἰ
3075 3679 3296 3747 γέγονεν
3323 3679 3630 3749 ἄνθρωπος,
3661 3679 3867 3752 λάτρην

2294 3771 2406 3840 ἔχει
2437 3773 2526 3824 τὸν
2551 3771 2777 3841 οὑρανὺν
2807 3771 2900 3823 καὶ
2933 3771 3345 3840 προσκυνοῦσαν
3369 3770 3465 3839 τὴν
3497 3771 3601 3840 γῆν
3621 3786 3635 3800 ο
3665 3773 3868 3843 γέγρα-

2297 3877 2428 3914 πται
2453 3861 2580 3932 γὰρ,
2616 3864 2697 3914 ὅτι
2733 3883 2749 3914 ι
2790 3864 2900 3934 Τῆς
2933 3863 3194 3926 αἰνέσεως
3221 3863 3426 3934 Κυρίου
3459 3864 3673 3934 πλήρης
3701 3867 3733 3934 ή
3766 3865 3859 3934 γῆ·

2294 3952 2563 4020 ἐκάλυψεν
2611 3955 2932 4023 οὑρανοὺςή
2965 3955 3132 4025 ἀρετή
3167 3972 3281 4018 σου,
3321 3954 3516 4026 Κύριε.
3556 3975 3574 4006 ι
3609 3955 3680 4007 Σὺ
3711 3955 3769 4006 δέ
3798 3953 3863 4024 δὴ

2295 4043 2455 4097 πάλιν
2491 4044 2580 4095 τὸν
2609 4043 2781 4106 οὑτως
2832 4044 3024 4114 ἔχοντα
3072 4045 3286 4114 φύσεώς
3329 4063 3387 4098 τε
3430 4047 3523 4099 καὶ
3567 4046 3757 4116 δόξης,
3801 4048 3865 4098 ἐκ

2293 4133 2494 4204 πολλῆς
2524 4134 2664 4202 ἄγαν
2688 4134 3037 4206 ἀϐελτηρίας,
3070 4136 3167 4205 οὑχ
3200 4138 3352 4205 ὁρᾷς.
3385 4137 3563 4206 Ἔφης
3591 4137 3700 4206 γὰρ
3728 4136 3809 4197 τίς
3836 4137 3864 4188 ὁ

2293 4223 2612 4293 ἐρχόμενος;
2663 4242 2682 4273 t
2716 4226 2973 4293 Ὄψονται
3023 4226 3112 4277 τὸν
3148 4227 3276 4278 Υἱὸν
3305 4226 3398 4279 τοῦ
3437 4226 3732 4297 ἀνθρώπου
3772 4230 3865 4297 ἐρ-

2292 4315 2517 4386 χόμενον
2547 4315 2637 4368 ἐπὶ
2667 4315 2774 4369 τῶν
2802 4316 3040 4384 νεφελῶν
3070 4317 3162 4369 τοῦ
3197 4317 3427 4386 οὐρανοῦ
3449 4333 3462 4348 ο
3500 4336 3518 4368 ι
3552 4317 3743 4386 ὥσπερ
3777 4318 3865 4370 δε-

2291 4405 2418 4468 διὼς
2448 4406 2523 4476 μὴ
2554 4406 2663 4476 ἄρα
2683 4425 2764 4471 τις
2794 4408 3148 4478 ἀπιστήσειεν
3177 4409 3305 4461 Υίὸν
3334 4408 3621 4479 ἀνθρώπου
3651 4409 3864 4476 λέγοντι

623 4500 834 4554 tissime
865 4496 1123 4566 adjiciens
1154 4513 1166 4549 :
1194 4496 1455 4562 Quidnam
1496 4504 1600 4562 est,
1658 4494 1859 4563 inquis,
1888 4495 2017 4549 illud
2042 4511 2186 4550 com-

2298 4496 2382 4548 τὸν
2417 4497 2729 4566 ἐρχόμενον.
2771 4500 2880 4550 Καὶ
2936 4502 3246 4570 προφητικῇ
3304 4501 3578 4570 μαρτυρίᾳ
3620 4500 3864 4570 βεδαιοῖς

622 4598 881 4660 punctum
913 4585 936 4639 ?
964 4585 1126 4639 Latus
1154 4584 1331 4648 ;latus
1374 4599 1502 4638 vero
1553 4583 1797 4652 corporis
1823 4593 1924 4646 est,
1962 4599 2028 4635 an
2051 4584 2187 4638 divi-

622 4677 849 4735 nitatis?
876 4676 979 4730 Sed
1007 4675 1052 4730 si
1078 4675 1166 4742 qui
1188 4684 1370 4728 essent
1418 4673 1509 4742 qui
1536 4673 1797 4739 dicerent,
1824 4673 1918 4726 Dei
1948 4671 2182 4728 Verbum

618 4784 728 4823 non
790 4765 990 4821 factum
1047 4763 1215 4817 fuisse
1269 4763 1537 4816 hominem
1599 4764 1769 4817 nostri
1804 4763 2055 4826 similem,
2091 4765 2182 4818 sed

622 4861 688 4914 ad
712 4857 957 4913 homines
973 4856 1061 4924 qui
1093 4863 1218 4909 sunt
1254 4855 1305 4906 in
1331 4853 1490 4907 terris
1549 4853 1831 4909 advenisse
1857 4854 1995 4909 nuda
2028 4869 2182 4909 usum

622 4951 920 5014 divinitate,
976 4957 1067 5001 aut
1119 4949 1184 5000 ad
1217 4948 1388 5000 visum
1445 4961 1507 5000 ac
1530 4946 1789 5014 speciem,
1832 4955 1887 5001 et
1931 4957 2180 5017 tanquam

622 5044 675 5096 in
703 5042 918 5102 umbra,
953 5045 1011 5091 ut
1056 5039 1377 5105 quibusdam
1437 5036 1615 5104 impiis
1657 5037 1929 5092 haereticis
1982 5039 2183 5092 sentire

621 5130 795 5180 visum
858 5135 964 5190 est,
998 5126 1224 5179 haberes
1286 5124 1518 5191 aliquam
1578 5124 1840 5193 ejusmodi
1899 5127 2185 5180 ratiocina-

624 5217 784 5268 tionis
841 5212 1213 5268 construendaa
1261 5212 1596 5266 occasionem
1654 5213 1792 5266 haud
1849 5212 2180 5267 absurdam:

615 5308 727 5376 jam
786 5321 912 5361 vero
959 5319 1078 5358 cum
1138 5302 1441 5371 praedicatio
1499 5301 1739 5356 veritatis
1793 5303 2076 5372 perspicue
2131 5313 2186 5358 et

621 5398 896 5452 evidenter
929 5396 1102 5465 ipsum
1135 5393 1228 5447 Dei
1260 5391 1492 5446 Verbum
1523 5407 1738 5447 carnem
1777 5391 1978 5448 factum
2016 5395 2180 5459 dicat,

620 5496 673 5542 et
699 5486 861 5540 fuisse
888 5483 1056 5540 nostri
1087 5482 1336 5548 similem,
1369 5489 1424 5536 et
1443 5481 1633 5535 Filium
1663 5484 1914 5546 hominis,
1944 5493 1997 5538 et
2021 5500 2183 5539 carne

619 5587 837 5646 propter
868 5590 964 5630 uos
996 5590 1229 5645 passum,
1264 5575 1447 5643 sicque
1473 5583 1752 5628 venturum
1799 5584 1854 5628 ut
1883 5576 1940 5630 in
1983 5577 2179 5631 coelum

2291 4584 2391 4656 τὴν
2427 4586 2726 4653 ἀπόδειξιν·
2760 4589 3069 4659 γεγράφθαι
3108 4591 3215 4662 γὰρ
3249 4592 3390 4660 φής·
3429 4609 3446 4641 ‹
3483 4591 3745 4659 Ὄψονται
3781 4594 3862 4656 είς

2295 4670 2354 4724 ὂν
2402 4671 2795 4745 ἐξεκέντησαν
2832 4695 2850 4726 ι
2908 4678 3002 4730 καὶ
3035 4677 3094 4730 τὸ
3127 4679 3219 4730 ἐπὶ
3258 4678 3482 4743 τούτων,
3539 4679 3729 4753 ὥσπερ
3769 4678 3863 4735 οὖν

2290 4763 2503 4835 ᾠήθης,
2562 4767 2640 4828 είς
2693 4767 2948 4837 ἐλέγχους
3007 4770 3419 4842 εὑσθενὲστερον
3471 4773 3861 4828 ἀσυνετώτατα

2292 4855 2638 4924 προστιθείς’
2673 4859 2767 4922 Τίς
2798 4856 2890 4912 οὖν
2925 4861 3080 4924 ἐστι,
3133 4863 3314 4931 φησὶν,
3358 4865 3385 4915 ό
3435 4864 3750 4933 κεντηθεί;;
3798 4868 3862 4919 Ἦ

2291 4944 2526 5015 πλευρά·
2583 4946 2791 5016 πλευρά
2843 4949 2899 5002 δὲ
2955 4949 3203 5020 σώματός
3266 4955 3433 5020 ἐστιν,
3487 4953 3519 5021 ἤ
3566 4949 3859 5026 θεότητοςς

2300 5037 2437 5089 Ἀλλ’
2474 5041 2521 5090 εἰ
2572 5040 2668 5108 μὲν
2713 5037 2853 5111 ἦσαν
2897 5044 3039 5107 τινὲς
3067 5048 3113 5097 οἱ
3147 5045 3413 5113 λέγοντες,
3464 5049 3538 5110 ὡς
3563 5049 3624 5102 οὑ
3663 5050 3860 5118 γέγονε

2282 5129 2410 5180 καθ’
2458 5131 2604 5198 ἡμᾶς
2632 5130 2917 5202 ἄνθρωπος
2955 5136 2982 5186 ὁ
3012 5135 3106 5188 τοῦ
3136 5137 3270 5190 Θεοῦ
3297 5138 3466 5206 Λόγος
3486 5155 3497 5167 ·
3526 5141 3860 5211 ἐπεφοίτησε

2287 5218 2342 5270 δέ
2375 5222 2487 5282 τοῖς
2515 5221 2604 5272 ἐπὶ
2632 5221 2754 5290 γῆς,
2796 5226 2978 5294 γυμνῇ
3005 5228 3070 5294 τῇ
3102 5225 3312 5296 θεότητι
3356 5227 3656 5298 χρώμενος,
3688 5232 3859 5301 ἦγουν

2287 5310 2342 5359 ἐν
2371 5309 2584 5378 δοκήσει
2612 5313 2705 5363 καὶ
2741 5312 2815 5374 ὡς
2852 5315 2908 5366 ἐν
2944 5317 3089 5385 σκιᾷ,
3140 5317 3280 5371 καθὰ
3311 5322 3527 5386 φρονεῖν
3561 5319 3706 5386 ἔδοξέ
3746 5339 3858 5374 τισι

2284 5401 2392 5451 τῶν
2444 5401 2673 5453 ἀνοσίων
2718 5405 3028 5473 αἱρετικῶν,
3077 5404 3144 5478 ἦν
3191 5408 3254 5462 ἄν
3310 5426 3390 5461 σοι
3438 5411 3710 5480 πρόφασις
3757 5417 3858 5484 τῆς

2285 5491 2496 5543 τοιᾶσδε
2533 5491 2639 5544 τῶν
2687 5493 2860 5560 λόγων
2908 5499 3272 5567 κατασκευῆς,
3312 5501 3410 5552 οὑκ
3441 5501 3544 5568 ἔξω
3584 5506 3856 5574 τρέχουσα

2284 5579 2376 5630 τοῦ
2425 5581 2663 5643 είκὸτοςο
2716 5585 2988 5654 ἐπειδὴδὲ
3039 5588 3096 5639 τὸ
3134 5589 3234 5658 τῆς
3281 5591 3535 5662 ἀληθείας
3567 5598 3852 5667 κήρυγμα,

653 5747 697 5780 ιο
729 5748 956 5817 Philipp.
987 5763 1049 5812 ιι,
1082 5747 1167 5815 10,
1195 5749 1280 5804 ll.
1359 5749 1398 5779 “
1431 5746 1732 5816 Habacum,
1763 5750 1814 5805 5.
1894 5755 1934 5784 ³⁸
1966 5751 2154 5808 Matth.

2298 5772 2343 5820 v,
2384 5757 2470 5810 '50.
2553 5757 2844 5814 I"Zachar.
2873 5777 2974 5828 xu,
3015 5764 3095 5818 ιο.
