4078 6348
164 406 254 461 205
1203 399 1569 456 ADVERSUS
1608 399 1713 454 NE!

1817 398 2006 455 lRIUM
2041 398 2168 454 ΜΒ.
2213 398 2279 454 ν.

3268 393 3373 449 206

170 517 335 585 σαφῶς
365 534 423 570 τε
457 518 550 571 καὶ
584 517 825 589 ἐναργῶς
854 517 943 570 τὸν
966 516 1059 570 τοῦ
1082 516 1213 570 Θεοῦ
1246 518 1415 585 Λόγον
1452 520 1627 589 σάρκα
1652 535 1709 571 τε

1818 519 2078 585 ascendit,
2111 529 2167 573 ut
2202 516 2373 587 angeli
2417 528 2545 570 voce
2598 522 2847 569 testatum
2888 520 2971 568 est
3001 512 3065 579 “,
3110 524 3371 580 quosnam

165 606 421 675 γενέσθαι,
458 610 626 677 φησὶ,
663 609 1000 679 χρηματίσαι
1045 609 1100 661 δὲ
1131 610 1253 661 καθ’
1286 610 1431 679 ἡμᾶς
1460 612 1552 663 καὶ
1584 611 1711 663 Υίὸν

164 697 459 767 ἀνθρώπου,
488 700 579 751 καὶ
611 698 802 752 παθεῖν
835 699 975 767 ὑπὲρ
1000 697 1153 766 ἡμῶν
1186 698 1385 768 σαρκί·
1423 699 1713 765 ἀφίξεσθαι

162 790 209 841 δὲ
234 790 325 841 καὶ
351 788 526 853 οὓτως
558 790 743 851 αὑτὸν,
765 790 839 853 ὡς
867 788 1206 858 ἀναόέόηκεν
1230 790 1309 852 είς
1341 789 1430 842 τὸν
1463 791 1709 860 οὐρανόν·

164 878 289 950 [uti]
326 882 466 933 κατά
498 881 596 951 τὴν
627 880 721 933 τοῦ
750 880 985 947 ἀγγέλου
1017 880 1220 948 φωνὴν,
1252 880 1386 950 πρὸς
1418 880 1565 943 τίνας
1597 880 1711 934 δια..

158 972 475 1039 τεινόμενος,
510 971 631 1024 είπέ
661 987 770 1041 μοι,
800 972 892 1024 καὶ⁵
912 970 1011 1040 τὴν
1037 971 1177 1033 τίνος
1207 971 1364 1036 δόξαν
1386 971 1714 1041 κατακιϐδη-

159 1062 317 1114 λεύων
348 1062 421 1124 ὡς
454 1061 640 1131 ἀμαθῆ
671 1063 765 1114 καὶ
792 1061 1088 1132 ἀσύφηλον,
1117 1060 1400 1131 ἄνθρωπον
1427 1064 1557 1131 ἡμῖν
1579 1063 1715 1114 ἀπο·

159 1153 311 1221 φῆναι
360 1152 682 1219 φιλονεικεῖς
721 1152 810 1205 τὸν
857 1153 1185 1222 ἐρχόμενον,
1231 1141 1470 1223 πλευράν
1520 1153 1714 1223 έχοντα

161 1244 499 1312 σωματικὴν,
529 1245 627 1312 τὴν
660 1247 725 1314 τῇ
759 1243 927 1314 λόγχῃ
956 1244 1410 1313 διανενυγμένην;
1444 1245 1605 1298 Ἀλλά
1632 1262 1713 1298 σοι

161 1334 369 1395 σκοπὸς,
412 1335 486 1396 ὡς
519 1334 672 1405 έφην,
703 1335 984 1404 ἄνθρωπον
1016 1336 1146 1404 ἡμῖν
1168 1334 1457 1405 Θεοφόρον,
1476 1336 1570 1387 καὶ
1594 1336 1715 1405 οὐχὶ

157 1427 213 1496 δὴ
258 1427 458 1495 μᾶλλον
502 1426 633 1479 Θεὸν
662 1426 1118 1495 ὲνηνθρωπηκότα
1147 1466 1160 1489 ,
1200 1425 1596 1495 παρακομίζειν
1635 1429 1715 1488 είς

159 1519 311 1587 μέσον
345 1519 435 1571 τὸν
477 1518 843 1588 Ἐμμανουήλ.
880 1518 1073 1586 Γέγονε
1108 1518 1214 1587 γὰρ
1247 1517 1529 1588 ἄνθρωπος
1561 1520 1589 1571 6
1620 1517 1712 1571 τοῦ

154 1606 277 1657 Θεοῦ
305 1607 473 1674 Λόγος
496 1622 509 1635 ο
540 1607 632 1659 καὶ
664 1607 844 1668 πίστις
866 1606 957 1676 ἥδε
986 1610 1105 1668 ταῖς
1136 1608 1305 1676 ἱεραῖς
1326 1623 1386 1659 τι
1416 1607 1509 1658 καὶ
1540 1606 1714 1669 θείαις

156 1694 521 1764 συμϐαίνουσα
553 1695 794 1765 Γραφαῖς
816 1734 829 1755 ,
879 1695 971 1746 καὶ
998 1694 1101 1763 τῆς
1130 1693 1492 1762 ἀποπολικῆς
1521 1711 1582 1746 τε
1622 1696 1713 1747 καὶ

154 1786 507 1855 εὐαγγελικῆς
570 1784 914 1854 παραδόσεως
968 1783 1189 1845 σκοπὸς,
1245 1784 1323 1844 είς
1372 1783 1503 1835 αὐτὸ
1555 1782 1712 1836 τοῦτο

1816 624 2111 678 oppugnas,
2168 610 2254 662 dic
2302 608 2452 672 mihi,
2510 608 2728 675 cuiusve
2772 605 3074 673 opinionem
3120 614 3373 671 tanquam

1816 700 2033 755 stultam
2061 709 2115 753 et
2148 700 2380 765 ineptam
2419 697 2709 764 improbas,
2741 709 2863 748 cum
2909 708 3047 748 eum,
3078 694 3169 761 qui
3203 692 3370 755 venit,

1818 792 2088 847 hominem
2113 805 2235 845 esse
2270 789 2425 843 nobis
2479 787 2639 857 118
2692 786 2977 841 ostendere
3007 784 3211 847 niteris,
3252 797 3376 837 cor-

1818 897 2036 951 poreum
2062 882 2202 935 latus
2239 882 2521 934 habentem
2569 880 2752 932 lancea
2809 886 3182 945 compunctum
3212 875 3233 927 τ
3270 872 3378 927 Sed

1823 973 1915 1026 tibi
1954 973 2283 1041 propositum
2318 979 2419 1032 est,
2448 979 2505 1023 ut
2552 970 2681 1032 dixi,
2721 969 2891 1036 ipsum
2928 965 3240 1021 Emmanuel
3279 967 3377 1018 hoc

1819 1066 2016 1119 minem
2050 1064 2205 1118 nobis
2240 1063 2503 1116 Deiierum
2533 1062 2585 1114 in
2619 1061 2852 1113 medium
2899 1061 3212 1127 producere,
3269 1072 3374 1110 non

1817 1156 1982 1210 Deum
2032 1156 2302 1210 hominem
2349 1154 2587 1208 factum:
2624 1169 2745 1207 nam
2799 1154 2970 1222 ipsum
3005 1152 3096 1206 Dei
3144 1151 3378 1206 Verbum

1818 1245 2015 1298 factum
2070 1256 2149 1298 est
2202 1245 2365 1298 homo
2397 1262 2409 1297 :
2444 1246 2661 1311 haecque
2697 1243 2827 1296 iides
2865 1258 2988 1296 cum
3035 1242 3203 1296 sacris
3233 1242 3373 1295 divi-

1819 1335 2007 1401 nisque
2030 1332 2251 1388 Litteris
2280 1334 2549 1403 congruit,
2583 1343 2638 1387 et
2686 1332 2993 1401 apostolica:
3019 1331 3377 1398 evangelicae-

1816 1436 1924 1490 que
1974 1423 2274 1476 traditionis
2321 1438 2513 1491 scopus
2566 1423 2617 1475 in
2679 1424 2777 1476 hoc
2825 1424 2995 1489 ipsum
3054 1421 3243 1475 tendit.
3297 1418 3377 1473 Tu

1818 1528 1947 1567 vero
1985 1528 2174 1568 rursus
2219 1514 2323 1568 alio
2369 1529 2582 1583 quoque
2609 1514 2766 1569 modo
2800 1516 2952 1569 nobis
2980 1521 3227 1583 portenta
3260 1526 3381 1565 ver-

1820 1604 2012 1657 borum
2043 1618 2251 1659 narras.
2303 1603 2538 1659 Simulas
2563 1606 2705 1658 enim
2749 1620 2843 1660 eos
2880 1604 3267 1673 reprehendere
3285 1604 3378 1672 qui

1816 1697 2000 1750 carnis
2042 1695 2446 1765 divinitatisque
2508 1707 2757 1749 naturam
2786 1696 2836 1749 in
2862 1711 3020 1749 unam
3056 1696 3381 1765 permiscent

1819 1783 2373 1848 essentiam,tametsi
2408 1799 2563 1839 nemo
2605 1785 2700 1849 sit,
2747 1794 2805 1837 ut
2859 1785 3074 1853 opinor,
3139 1785 3227 1852 qui
3276 1784 3379 1837 ista

156 1877 499 1930 συντείνεται.
551 1876 622 1927 Σὺ
656 1875 711 1926 δὲ
746 1874 810 1945 δὴ
851 1872 1033 1939 πάλιν,
1070 1873 1164 1925 καὶ
1196 1873 1318 1927 καθ’
1364 1873 1548 1942 ἕτερον
1576 1874 1708 1943 ἡμῖν

1817 1875 2118 1937 confundat,
2159 1887 2252 1929 aut
2276 1878 2415 1930 inter
2439 1890 2496 1930 se
2520 1878 2888 1931 commiscent.
2917 1875 3099 1945 Itaque
3129 1876 3263 1930 dicis
3295 1893 3308 1927 :

149 1968 410 2040 τερατεύῃ
456 1969 691 2039 τρόπον·
728 1968 943 2039 σκήπτῃ
995 1968 1093 2037 μὲν
1142 1967 1249 2037 γὰρ
1298 1969 1555 2037 ἐπιτιμᾷν
1587 1969 1699 2030 τοῖς
1740 1969 1818 2031 είς
1866 1968 1995 2037 μίαν
2060 1985 2458 2039 κατακιρνωσιν
2509 1970 2717 2035 οὐσίαν,
2777 1971 2875 2039 τήν
2904 1985 2961 2021 τε
2993 1968 3095 2037 τῆς
3140 1967 3376 2037 σαρκὸς,

152 2065 238 2117 καὶ
282 2066 380 2132 τὴν
424 2065 520 2133 τῆς
553 2063 804 2133 θεότητος
836 2062 1029 2130 φύσιν
1068 2063 1241 2116 καίτοι
1311 2062 1541 2132 μηδενὸς
1584 2061 1736 2125 ὄντος
1772 2061 1910 2117 ὥστε
1951 2059 2125 2134 οἶμαι,
2172 2064 2330 2116 ταυτὶ
2378 2063 2715 2131 συγχέοντος,
2763 2064 2901 2132 μήτε
2960 2061 3066 2131 μὴν
3131 2059 3380 2129 ἀλλήλοις

153 2161 524 2231 συμφύροντος
545 2176 558 2189 ·
596 2161 689 2212 καὶ
720 2160 783 2227 δὴ
818 2162 912 2213 καὶ
942 2160 1047 2229 φής
1072 2176 1089 2190 ⁹

218 2253 393 2326 [Διατί
430 2254 507 2317 δὲ,
559 2252 653 2305 καὶ
698 2251 773 2315 ὡς
812 2251 1011 2321 ἀρτίως
1043 2252 1331 2319 ἠκούομεν,
1382 2251 1705 2321 ἀμφοτέρων

1884 2246 2123 2301 Nssron.
2155 2246 2302 2315 [Cur
2330 2255 2508 2300 autem
2543 2246 2726 2310 etiam,
2757 2252 2814 2297 ut
2846 2242 3003 2311 paulo
3037 2252 3159 2297 ante
3193 2245 3379 2297 audie-

149 2347 285 2399 κατά
317 2345 379 2398 σὲ
410 2344 765 2414 κεκραμένων
786 2381 800 2405 ,
832 2343 859 2393 6
893 2341 1098 2411 Κύριος
1133 2343 1229 2412 τὴν
1273 2341 1365 2394 τοῦ
1410 2344 1707 2413 μυστηρίου

1817 2335 2024 2399 bamus,
2070 2334 2115 2388 si
2147 2345 2393 2403 utraque,
2428 2344 2483 2385 ut
2535 2344 2587 2385 tu
2615 2332 2877 2401 opinaris,
2908 2332 3191 2386 commista
3223 2343 3378 2395 sunt,

149 2436 377 2506 δῦναμιν
412 2438 523 2499 τοῖς
560 2434 828 2504 μαθηταῖς
857 2432 1199 2503 παραδιδοὺς,
1245 2432 1386 2486 οὕτω
1412 2434 1572 2503 φησί;
1624 2432 1713 2485 λα-

150 2525 255 2578 ὀὼν
284 2526 379 2576 τὸν
418 2525 599 2592 ἄρτον,
628 2523 721 2574 καὶ
747 2523 1167 2592 εὐχαριστήσας,
1199 2521 1362 2574 ἔδωκε
1393 2525 1505 2585 τοῖς
1534 2522 1709 2592 μαθη-

148 2619 261 2679 ταῖς
295 2614 485 2679 αὐτοῦ,
514 2614 687 2681 λέγων
707 2630 719 2643 ·
747 2633 771 2664 ‹
805 2612 1030 2673 Λάϐετε.
1064 2614 1266 2682 φάγετε
1294 2613 1497 2675 πάντες
1515 2632 1527 2645 ·
1556 2613 1711 2665 τοῦτο

148 2709 258 2776 γάρ
294 2706 399 2776 μού
430 2708 548 2757 ἐστι
574 2705 635 2757 τὸ
664 2705 875 2774 adlisa.»
909 2704 1059 2758 Διατί
1093 2705 1167 2775 μὴ
1196 2701 1337 2769 εἷπε,
1368 2704 1536 2756 Τοῦτό
1567 2706 1713 2757 ἐστιν

149 2799 179 2866 ἡ
215 2796 413 2866 θεότης
453 2814 556 2866 μου
581 2798 613 2865 ἡ
643 2795 783 2865 ὑπὲρ
817 2795 968 2865 ὑμῶν
995 2793 1277 2863 κλωμένης
1315 2795 1425 2848 Καὶ
1466 2796 1625 2847 πάλιν
1654 2796 1715 2847 τὸ

148 2888 409 2956 ποτήριον
456 2885 564 2937 τῶν
614 2885 929 2955 μυστηρίων
972 2884 1166 2949 διδοὺς,
1210 2886 1307 2937 οὐκ
1358 2883 1511 2938 εἷπεθ
1548 2885 1716 2938 Τοῦτό

147 2978 289 3029 ἐστιν
311 2980 343 3045 ἡ
372 2976 616 3046 θεότηςή
647 2977 785 3045 ὑπὲρ
814 2976 967 3045 ὑμῶν
994 2975 1312 3045 έκχεομένη·
1336 2976 1488 3038 ἀλλὰ,
1511 2996 1528 3027 ι
1546 2977 1716 3031 Τοῦτό

144 3070 255 3122 ἔστι
290 3069 353 3121 τὸ
387 3062 528 3137 αἷμά
578 3085 678 3137 μου
724 3067 784 3119 τὸ
824 3068 961 3138 ὑπὲρ
1007 3065 1161 3137 ὑμῶν
1207 3066 1598 3137 έκχυνόμενον,
1639 3070 1718 3131 εἰς

147 3161 341 3227 ἄφεσιν
371 3159 679 3231 ἁμαρτιῶν.
720 3158 768 3232 ι]

748 3274 999 3330 ΚΕΦΑΛ.
1040 3273 1115 3327 Z'.

212 3406 337 3457 Ὅτι
372 3406 476 3473 μὲν
494 3400 585 3457 οὖν
614 3404 806 3473 εὔηθες
827 3404 1029 3473 κομιδῆ
1052 3406 1113 3457 τὸ
1136 3406 1513 3476 ἀντιτετάχθαι
1541 3408 1715 3460 δοκεῖν

139 3497 248 3555 τοῖς
284 3495 389 3546 οὐκ
426 3490 575 3546 οὖσιν
613 3492 782 3557 ὅλως,
824 3494 914 3545 καὶ
947 3490 1262 3559 ἀντεξάγειν
1294 3493 1414 3560 είκῆ
1443 3533 1457 3557 ,
1496 3492 1719 3563 δεχομέ-

140 3602 262 3647 νους
290 3588 376 3648 είς
407 3586 725 3637 ἀντίστασιν
780 3584 842 3636 τὸ
883 3581 1072 3653 μηδενί
1119 3598 1220 3633 που
1252 3582 1395 3651 τάχα
1438 3582 1647 3648 δοκοῦν,
1684 3584 1715 3653 ἢ

140 3678 381 3743 φρονεῖν,
417 3675 449 3743 ἢ
478 3675 680 3741 λέγειν,
716 3674 831 3736 πῶς
860 3675 957 3743 οὑχ
991 3675 1193 3728 ἅπασιν
1219 3674 1480 3743 ὲναργέςς
1512 3674 1574 3725 El
1608 3673 1717 3743 γάρ

138 3762 199 3831 δή
246 3781 333 3826 τις
379 3764 553 3815 ἕλοιτο
585 3765 937 3831 φιλονεικεῖν,
990 3766 1071 3815 ὅτι
1114 3765 1188 3833 μὴ
1223 3764 1385 3824 ἵππος
1428 3765 1542 3815 ἐστὶ
1576 3762 1716 3815 κατὰ

140 3854 301 3919 φύσιν
332 3855 361 3905 6
402 3853 529 3922 βοῦς
552 3892 567 3915 ,
606 3854 741 3923 μήτε
774 3853 880 3923 μὴν
920 3856 949 3907 6
985 3851 1268 3924 ἄνθρωπος
1327 3854 1522 3918 ἵππος,
1562 3852 1718 3905 τοῦτο

139 3946 384 4012 φρονεῖν,
415 3946 447 4013 ἢ
480 3943 658 4010 λέγειν
691 3943 1019 4013 ἀνεχομένου
1046 3943 1291 4014 μηδενὸς,
1321 3943 1438 4006 πῶς
1467 3945 1527 3997 οὐ
1556 3962 1717 3997 καταη

137 4036 436 4101 γέλαστος,
469 4036 564 4088 καὶ
595 4037 727 4105 πρός
755 4053 817 4103 γε
848 4035 1020 4106 τούτῳ
1054 4035 1423 4104 είκαιόμυθος,
1469 4037 1548 4097 είς
1577 4036 1717 4105 ἀέρα

136 4126 358 4198 δαίρων,
408 4127 502 4179 καὶ
547 4126 831 4179 πυκτεύων
875 4128 960 4178 ἐπ’
991 4126 1205 4196 ἀδήλοις
1228 4167 1243 4191 ,
1295 4127 1389 4179 καὶ
1422 4127 1508 4179 ἐπ’
1542 4126 1716 4178 οὐδενὶ

134 4219 240 4270 τῶν
291 4218 677 4288 προκειμένων
712 4217 943 4288 ἱδρῶτας
992 4218 1169 4288 ἑαυτῷ
1215 4219 1309 4271 καὶ
1360 4218 1549 4281 πόνους
1593 4220 1709 4269 ἑπι-

134 4298 305 4375 νὸὦν;
341 4312 560 4381 Χρῆναι
591 4310 700 4379 γάρ
728 4309 906 4377 ἔγωγέ
932 4326 1072 4379 φημι
1128 4308 1557 4378 προῦποκεῖσθαί
1581 4325 1631 4360 τι
1657 4308 1717 4359 τὸ

131 4402 569 4471 ὡμολογημένον
590 4416 602 4428 ’
642 4401 707 4452 ἶν’
738 4402 794 4451 έν
830 4400 1019 4469 κόσμῳ
1053 4399 1116 4470 δὴ
1152 4399 1270 4452 τότε
1297 4399 1365 4452 τὰ
1397 4401 1526 4468 παρ’
1558 4398 1715 4468 ἡμῶν

130 4493 526 4559 ἀντεπάγοιτο.
559 4491 706 4559 Πλὴν
736 4491 912 4542 έκεῖνο
940 4490 1109 4559 ῖωμεν
1159 4490 1277 4561 [ἵσ.
1311 4489 1594 4561 εἴπωμεν]
1622 4506 1634 4517 ⁸
1664 4492 1713 4542 εἰ

133 4582 230 4649 μὲν
257 4582 374 4651 γάρ
407 4597 495 4643 τις
524 4576 591 4651 ἦν
621 4583 650 4632 6
678 4580 842 4648 φάναι
874 4579 1107 4648 τολμῶν,
1156 4582 1236 4643 είς
1281 4581 1379 4651 τὴν
1427 4580 1568 4634 κατά
1599 4579 1712 4651 (51)

128 4669 220 4722 τοῦ
273 4669 541 4739 σώματος
591 4668 1057 4738 μεταπεποιῆσθαι
1109 4667 1271 4736 φύσιν
1325 4669 1416 4721 τὸν
1466 4670 1529 4722 ὲκ
1578 4665 1711 4719 Θεοῖ

131 4762 325 4828 Λόγον,
382 4759 683 4827 ὲπαιτιῷτό
708 4776 791 4821 τις
837 4759 902 4811 ἂν
937 4760 1030 4811 καὶ
1063 4758 1207 4829 μάλα
1241 4758 1485 4822 εἰκότως,
1519 4758 1600 4809 ὅτι
1639 4758 1712 4827 μὴ

128 4851 334 4914 μᾶλλον
370 4850 484 4917 ἔφη
511 4849 569 4900 τὸ
602 4848 759 4918 σῶμα
791 4848 993 4911 διδούς·
1029 4849 1259 4912 Λάῦετε,
1298 4849 1521 4916 φάγετε,
1555 4847 1711 4899 τοῦτὸ

128 4943 228 5010 μού
256 4945 417 4994 ἐστιν
444 4941 481 5009 ἡ
504 4940 694 5009 θεότης
726 4942 758 5010 ἡ
789 4941 926 5009 ὑπὲρ
956 4939 1111 5009 ὑμῶν
1137 4940 1415 5010 κλωμένη,
1436 4942 1527 4993 καὶ
1554 4939 1712 4992 τοῦτό

126 5036 275 5087 ἐστιν
309 5035 376 5086 οὐ
410 5033 478 5085 τὸ
505 5027 645 5101 αἷμά.
670 5048 771 5100 μου
809 5030 1030 5098 μᾶλλον,
1062 5028 1179 5081 ἀλλ’
1212 5031 1245 5099 η
1286 5029 1475 5098 θεότης
1503 5031 1535 5099 ἡ
1574 5029 1711 5096 ὑπὲρ

126 5126 282 5195 ὑμῶν
316 5126 653 5195 ὲκχεομένη.
694 5122 907 5191 Ἐπειδὴ
941 5121 999 5174 δὲ
1025 5120 1157 5183 Θεὸς
1190 5120 1268 5173 ὣν
1299 5122 1327 5172 6
1359 5121 1555 5189 Λόγος,
1585 5120 1715 5172 ίδιον

125 5218 436 5287 ἐποιήσατο
469 5214 629 5283 σῶμα
664 5214 721 5265 τὸ
751 5214 811 5264 ὲκ
838 5210 1113 5279 γυναικὸς,
1174 5211 1479 5275 ἀλλοίωσιν,
1514 5211 1548 5281 ἢ
1588 5227 1715 5280 τρο-

126 5310 233 5378 πὴν
289 5307 564 5377 οὐδεμίαν
614 5302 1083 5374 ὑπομεμενηκὼς,
1133 5302 1246 5366 πῶς
1293 5303 1391 5355 οὑκ
1436 5302 1541 5355 ἔδει
1580 5300 1716 5372 πρὸς

198 5468 243 5499 ⁸⁸
273 5467 405 5521 Act.
438 5462 592 5526 1,“.
665 5461 708 5491 "
737 5459 926 5515 Matth.
965 5456 1222 5517 “111.26.
1302 5458 1342 5487 “
1377 5457 1503 5512 ibid.
1529 5456 1618 5510 27.

1814 2427 2075 2481 Dominus
2108 2427 2293 2480 noster
2336 2442 2455 2480 cum
2493 2425 2734 2494 mysterii
2796 2426 2897 2477 vim
2948 2425 3225 2494 discipulis
3270 2435 3381 2479 tra-

1815 2521 1982 2581 deret,
2030 2520 2108 2572 sic
2153 2519 2283 2571 dicit
2318 2538 2329 2572 :
2367 2536 2385 2567 ‹
2422 2519 2681 2583 Accipite,
2706 2516 2969 2570 comedite
3014 2529 3202 2570 omnes
3234 2538 3245 2570 :
3280 2517 3380 2571 hoc

1819 2616 1900 2659 est
1930 2606 2071 2659 enim
2100 2620 2293 2674 corpus
2319 2620 2490 2658 meum
2517 2605 2604 2657 “2
2636 2623 2654 2655 ι
2681 2620 2778 2659 cur
2814 2619 2916 2659 non
2944 2605 3074 2659 dixit
3105 2623 3120 2659 :
3162 2604 3272 2659 Hoc
3299 2616 3380 2659 est

1818 2696 2070 2749 divinitas
2102 2709 2217 2749 mea
2252 2709 2369 2763 qua:
2394 2708 2491 2762 pro
2520 2694 2671 2749 vobis
2694 2692 2963 2762 frangitur
2989 2696 3013 2747 ’ἔ
3042 2696 3381 2765 Rursumque

1819 2803 1941 2841 cum
1993 2787 2240 2855 poculum
2291 2783 2672 2855 mysteriorum
2712 2785 2886 2850 daret,
2914 2799 3019 2839 non
3046 2785 3181 2839 dixit
3216 2804 3228 2839 :
3270 2785 3380 2839 Hoc

1821 2888 1903 2931 est
1932 2879 2183 2931 divinitas
2212 2890 2331 2944 quae
2374 2888 2471 2943 pro
2518 2875 2668 2928 vobis
2692 2873 3003 2938 effunditur,
3039 2875 3136 2929 sed
3172 2893 3186 2929 :
3226 2892 3245 2925 ι
3280 2873 3379 2929 Hic

1821 2980 1904 3024 est
1944 2968 2161 3036 sanguis
2187 2981 2336 3019 meus
2358 2966 2448 3033 qui
2477 2979 2573 3033 pro
2600 2965 2751 3020 vobis
2790 2963 3087 3021 eﬂunditur
3106 2966 3158 3019 in
3189 2967 3380 3021 remis-

1822 3061 2024 3116 sionem
2050 3067 2389 3129 peccatorum
2426 3057 2486 3111 ³⁸.
2518 3055 2572 3127 ι]

2497 3255 2649 3311 CAP.
2686 3254 2795 3312 Vll.

1886 3392 2152 3462 Perquam
2189 3391 2408 3448 stultum
2460 3406 2591 3446 sane
2642 3404 2762 3445 esse
2808 3390 2871 3444 iis
2924 3391 3195 3445 adversari
3244 3390 3380 3446 velle

1818 3486 1906 3555 qui
1926 3485 2053 3537 nulli
2090 3495 2232 3547 sunt,
2258 3493 2309 3536 et
2335 3484 2525 3539 frustra
2551 3483 2891 3547 contendere,
2922 3482 3081 3552 idque
3114 3484 3177 3537 ad
3206 3498 3377 3552 oppu-

1819 3578 2087 3646 gnandum
2120 3588 2335 3629 sumere
2381 3578 2521 3643 quod
2582 3575 2811 3628 fortasse
2868 3576 3071 3629 nemini
3134 3589 3372 3645 unquam

1818 3678 1911 3722 aut
1933 3669 2155 3733 sentire,
2190 3678 2285 3722 aut
2313 3666 2487 3736 eloqui
2549 3666 2719 3719 visqu
2751 3674 2853 3731 est,
2884 3666 3231 3746 perspicuum
3262 3681 3380 3721 om-

1819 3760 1975 3815 nibus
2020 3774 2139 3813 esse
2172 3758 2292 3827 quis
2325 3755 2529 3826 neget?
2563 3754 2695 3809 Nam
2741 3756 2785 3809 si
2820 3760 2943 3824 quis
2989 3757 3118 3811 velit
3156 3765 3379 3812 conten-

1822 3848 1961 3901 tiose
2004 3846 2244 3901 refutare
2273 3848 2463 3901 bovem
2509 3858 2613 3898 non
2664 3858 2785 3898 esse
2830 3859 2894 3897 ex
2930 3855 3117 3899 natura
3156 3860 3378 3914 equum,

1822 3952 1991 4007 neque
2018 3937 2290 3991 hominem
2350 3950 2566 4005 equum,
2625 3935 2835 3988 nemine
2878 3935 2929 3988 id
2975 3936 3243 3990 sentiente
3285 3947 3380 3990 aut

1817 4030 2048 4093 dicente,
2084 4045 2263 4083 nonne
2308 4029 2377 4082 sit
2414 4029 2691 4092 ridiculus,
2747 4039 2800 4083 et
2851 4038 3108 4099 praeterea
3155 4042 3379 4099 nugator

1818 4136 2006 4183 vanus,
2038 4134 2216 4174 aerem
2278 4119 2592 4182 verberans,
2630 4129 2684 4173 et
2722 4135 2962 4189 pugnans
3002 4122 3053 4175 in
3085 4121 3374 4186 incertum,

1816 4223 1874 4267 et
1899 4212 2041 4266 nulla
2107 4226 2167 4264 re
2222 4211 2494 4279 proposita
2552 4211 2653 4265 sibi
2707 4212 2984 4266 molestias
3040 4227 3104 4266 ac
3164 4213 3378 4267 labores

1818 4316 2095 4356 assumens
2120 4302 2144 4353 ?
2168 4299 2427 4368 Oportere
2449 4302 2590 4354 enim
2617 4300 2863 4370 equidem
2899 4309 3049 4370 puto,
3082 4301 3232 4370 prius
3262 4317 3380 4370 pro-

1819 4394 2053 4463 positum
2104 4406 2224 4447 esse
2282 4391 2481 4460 aliquid
2514 4392 2566 4446 in
2593 4391 2864 4455 confesso,
2919 4401 2977 4445 ut
3033 4393 3136 4446 rite
3197 4403 3307 4445 tum
3350 4408 3377 4445 a

1749 4454 1976 4537 l)nobis
2037 4482 2291 4536 refutatio
2373 4454 2727 4551 subjungatur
2759 4500 2773 4547 ;
2803 4454 3170 4535 verumtamen
3251 4482 3380 4536 illud

1820 4574 2103 4627 dicendum
2167 4573 2381 4625 videtur
2415 4592 2426 4625 :
2460 4587 2581 4625 nam
2619 4572 2662 4625 si
2688 4581 2829 4625 esset
2862 4573 2949 4640 qui
2988 4572 3170 4625 dicere
3211 4574 3379 4627 aude-

1820 4672 1921 4728 ret,
1951 4664 2121 4733 ipsum
2150 4662 2245 4717 Dei
2286 4661 2520 4718 Verbum
2575 4664 2626 4717 in
2684 4664 2926 4731 corporis
2980 4674 3224 4716 naturam
3259 4679 3381 4719 esse

1820 4766 2104 4819 mutatum,
2139 4765 2418 4809 accusaret
2438 4756 2720 4823 quispiam,
2751 4765 2804 4809 et
2833 4755 3043 4824 quidem
3064 4755 3205 4823 jure,
3238 4755 3381 4823 quod

1824 4863 1931 4902 non
1968 4849 2192 4900 dixisset
2232 4860 2349 4899 cum
2410 4860 2603 4913 corpus
2650 4845 2799 4900 daret
2832 4861 2845 4898 :
2876 4845 3134 4913 Accipite,
3158 4845 3382 4898 mandu-

1820 4948 1961 5001 cate,
1986 4938 2086 4990 hoc
2114 4946 2195 4990 est
2224 4950 2339 4989 mea
2382 4935 2639 4988 divinitas
2673 4949 2792 5003 quae
2858 4949 2955 5002 pro
2985 4934 3139 4987 vobis
3182 4932 3380 5001 frangi-

1826 5038 1930 5091 tur,
1965 5028 2133 5081 ethoc
2156 5035 2237 5080 est
2262 5040 2368 5079 non
2396 5025 2615 5093 sanguis
2656 5038 2829 5087 meus,
2864 5024 2956 5078 sed
2979 5022 3231 5075 divinitas
3260 5037 3381 5089 qua:

1822 5131 1919 5186 pro
1973 5117 2123 5170 vobis
2186 5114 2478 5169 effunditur
2506 5131 2518 5166 :
2546 5127 2687 5167 nunc
2729 5127 2857 5167 vero
2894 5126 3014 5165 cum
3046 5112 3217 5179 ipsum
3247 5110 3381 5162 Ver-

1824 5208 1969 5270 bum,
2007 5208 2148 5275 quod
2190 5206 2328 5258 Deus
2355 5213 2491 5267 erat,
2520 5204 2794 5273 proprium
2832 5203 2937 5256 sibi
2982 5202 3172 5255 fecerit
3223 5200 3381 5270 119

1822 5313 2017 5367 corpus
2050 5308 2230 5351 uatum
2253 5311 2317 5350 ex
2366 5296 2608 5361 muliere,
2650 5309 2824 5366 neque
2853 5294 3013 5349 ullam
3056 5303 3144 5347 aut
3183 5292 3379 5347 altera.

1403 5607 1561 5662 ANT.
1602 5604 1872 5663 AGELLII
1912 5602 2140 5660 ΝΟΤΑσι.

197 5774 313 5846 (51)
341 5767 675 5841 Praepositio
706 5765 844 5820 κατά
881 5765 1091 5821 videtur
1119 5774 1469 5833 supervacua.
