4078 6348
646 399 749 456 207

649 620 860 675 aequum
939 603 1039 658 fuit
1103 605 1221 658 sine
1280 603 1386 658 ullo
1443 604 1720 658 mendacio
1773 604 1925 658 nobis
1983 606 2212 658 dicere:

656 711 677 744 ι
707 694 968 765 Accipite,
998 695 1287 759 comedite.
1314 695 1416 750 hoc
1440 705 1522 750 est
1551 710 1747 764 corpus
1779 711 1953 749 meum
1981 697 2003 748 ?
2036 716 2053 746 ι
2082 695 2214 750 Cum

653 795 832 840 autem
892 794 1036 839 esset
1085 785 1196 838 vita
1238 794 1492 854 tanquam
1546 784 1709 848 Deus,
1742 787 1904 839 vitam
1943 786 2100 839 simul
2163 796 2218 840 et

655 875 922 929 viviﬁcum
955 874 1085 929 illud
1133 872 1330 929 ell'ecit.
1382 873 1552 944 igitur
1575 875 1619 928 si
1658 874 1929 944 paululum
1978 876 2043 928 ad
2077 873 2216 929 veri-

657 974 821 1019 tatem
840 964 1140 1033 aspexeris,
1162 973 1214 1018 te
1244 965 1358 1033 ipse
1394 968 1459 1018 de
1494 965 1927 1033 supervacuitate
1952 967 2217 1019 sermOnis

654 1055 953 1118 accusabis,
1035 1070 1158 1110 cum
1227 1055 1426 1124 ubique
1498 1060 1736 1126 nugeris,
1815 1065 1868 1109 et
1933 1057 2216 1110 adversum

656 1148 904 1217 dogmata
931 1147 1148 1216 pietatis
1180 1157 1326 1202 tuum
1354 1147 1496 1202 hunc
1518 1147 1878 1202 adulteratum
1911 1148 2218 1202 molestum-

655 1252 759 1304 que
783 1252 1085 1293 sermonem
1137 1237 1509 1307 imprudenter
1547 1253 1807 1309 opponas.

913 1368 1314 1460 TOMUS
1389 1371 1958 1476 QUINTUS.

725 1518 1000 1573 Gloriatur
1053 1519 1242 1572 beatus
1272 1516 1470 1572 Paulus
1502 1517 1568 1571 de
1597 1516 1797 1571 Christi
1859 1517 2220 1586 passionibus,

656 1619 711 1666 et
741 1611 817 1663 ait
869 1623 1011 1662 nunc
1050 1609 1263 1676 quidem
1295 1626 1308 1661 :
1341 1626 1358 1658 ι
1398 1606 1524 1661 Mihi
1553 1608 1695 1662 absit
1746 1608 1989 1679 gloriari,
2032 1611 2132 1665 nisi
2167 1611 2221 1664 in

657 1714 820 1755 cruce
843 1700 1065 1767 Christi,
1105 1715 1198 1769 per
1239 1714 1396 1768 quem
1467 1700 1596 1753 milii
1643 1701 1874 1754 mundus
1934 1702 2224 1758 crucifixus

656 1804 760 1860 est,
782 1803 837 1848 et
857 1809 958 1863 ego
989 1795 1186 1847 mundo
1225 1793 1303 1858 ί⁷;
1345 1811 1364 1843 ι
1394 1807 1534 1846 nunc
1577 1807 1806 1847 rursus:
1844 1811 1861 1844 ι
1921 1793 2034 1849 Non
2078 1796 2219 1849 enim

1633 395 1691 450 S.
1733 394 1997 452 CYRILLI
2038 389 2500 452 ALEXANDRINI
2538 395 2853 452 ARCHIEP.

652 519 870 577 tionem,
906 522 996 566 aut
1046 512 1398 567 mutationem
1445 512 1747 582 pertulerit,
1800 513 2068 581 quomodo
2110 529 2213 566 non

2327 515 2465 582 ἡμᾶς
2510 515 2571 565 οὑ
2621 512 3018 581 ψεύδοεποῦντα
3077 512 3270 579 λέγειν,
3303 514 3382 566 ὅτι
3427 531 3444 563 t
3504 512 3730 575 Λάϐετε,

3773 391 3876 450 ι208

3786 512 3880 578 φά·

2320 621 2464 672 γετε,
2513 604 2670 656 τοῦτό
2701 604 2801 673 μού
2837 605 2948 655 ἐστι
2976 603 3036 654 τὸ
3071 604 3260 673 σῶμας
3303 623 3320 653 ι
3357 604 3477 674 Ζωὴ
3523 604 3580 656 δὲ
3624 603 3882 672 ὑπάρχων

2318 696 2392 756 ὼς
2429 695 2580 757 Θεὸς,
2614 693 2756 764 ζωὴν
2787 696 2877 745 καὶ
2923 693 3185 756 ζωοποιόν
3213 694 3490 764 ἀπέφηνεν
3517 695 3665 747 αὑτό.
3698 695 3881 762 Βραχὺ

2317 788 2606 858 τοιγαροῦν
2651 786 2936 854 άναμύσας
2984 786 3121 855 πρὸς
3151 787 3212 839 τὸ
3259 787 3476 857 ἀληθὲς,
3528 787 3681 848 αὑτὸ,
3707 782 3883 854 οἶμαι,

2320 879 2459 932 κατὰ
2511 876 2736 930 σεαυτοῦ
2783 877 2846 928 τὸ
2902 877 3151 947 περιττὸν
3198 880 3277 940 εἰς
3333 878 3522 945 λόγους
3584 876 3882 946 καθοριεῖς,

2321 969 2656 1040 βατταρίζων
2722 967 3029 1036 πανταχοῦ,
3097 969 3190 1020 καὶ
3263 971 3376 1032 τοῖς
3444 971 3545 1038 τῆς
3607 965 3886 1025 εὑσεὸείας

2319 1061 2586 1131 δόγμασιν
2622 1061 2896 1123 ἀσυνέτως
2921 1061 3243 1125 ἁντανιστάς
3277 1062 3371 1114 τὸν
3403 1060 3736 1132 παράσημον
3767 1075 3885 1110 του-

2319 1152 2434 1206 τονὶ
2469 1153 2564 1205 καὶ
2598 1151 2813 1220 ἀτερπῆ
2851 1169 2945 1206 σου
2977 1153 3154 1221 λόγον.

2604 1358 2986 1446 ΤΟΜΟΣ
3046 1359 3622 1446 ΠΕΜΠΤΟΣ.

2407 1515 2855 1586 Ἐπισεμνύνεται
2897 1515 2993 1584 μὲν
3022 1516 3049 1566 ό
3087 1513 3372 1576 Θεσπέσιος
3395 1513 3606 1576 Παῦλος
3643 1514 3759 1576 τοῖς
3790 1522 3891 1565 πα⁸

2325 1607 2530 1678 θὴμασι
2597 1607 2692 1659 τοῦ
2757 1606 3030 1678 Χριστοῦ,
3099 1607 3189 1660 καί
3243 1622 3408 1675 φησι,
3466 1605 3553 1658 ὁτὲ
3601 1605 3742 1676 μὲν,
3811 1605 3890 1657 ὃτι

2331 1719 2349 1752 ι
2373 1700 2528 1769 Ἐμοὶ
2562 1700 2658 1769 μὲν
2693 1699 2794 1772 [δὲ]
2830 1701 2904 1770 μὴ
2936 1701 3144 1768 γένοιτο
3169 1700 3491 1770 καυχᾶσθαι,
3523 1700 3569 1752 εί
3610 1699 3685 1770 μὴ
3724 1700 3782 1751 ὲν
3817 1697 3894 1768 τῷ

2329 1788 2546 1859 σταυρῷ
2570 1790 2661 1842 τοῦ
2685 1789 2942 1861 Χριστοῦ,
2967 1789 3033 1841 δι’
3064 1783 3123 1842 οὗ
3153 1791 3275 1858 ἐμοὶ
3306 1790 3507 1859 κόσμος
3532 1790 3692 1843 ὲσταύ
3704 1806 3893 1859 ρωται,

657 1888 915 1940 erubesco
950 1885 1336 1954 Evangelium;
1367 1884 1537 1940 virtus
1563 1887 1706 1939 enim
1751 1887 1841 1940 Dei
1886 1896 1969 1940 est
2000 1887 2050 1939 in
2080 1887 2224 1940 salu-

2327 1878 2479 1946 κὰγὼ
2521 1878 2596 1948 τῷ
2641 1859 2858 1949 κόσμῳ·
2902 1899 2918 1931 i
2946 1880 3034 1932 ὁτὲ
3093 1879 3148 1932 δὲ
3175 1875 3242 1935 αὖ
3267 1896 3279 1909 ·
3319 1898 3337 1930 ι
3365 1881 3439 1933 Οὑ
3491 1880 3598 1952 γάρ
3631 1879 3896 1948 ἐπαισχύ-

660 1986 764 2030 tem
816 1975 960 2030 omni
1004 1974 1270 2040 credenti,
1305 1971 1492 2030 Judaeo
1547 1976 1776 2045 primum
1799 1985 1852 2030 et
1881 1976 2067 2032 Graeco
2098 1977 2161 2030 ¹⁸.
2197 1996 2217 2029 ι

657 2069 829 2137 Atque
866 2068 917 2123 in
947 2069 1090 2123 hunc
1129 2070 1344 2124 modum
1390 2067 1479 2122 ille
1510 2067 1592 2121 vir
1632 2067 1835 2136 Spiritu
1891 2067 1980 2124 Dei
2031 2070 2223 2138 plenus

656 2173 710 2214 et
733 2160 832 2214 sibi
865 2161 1203 2214 sentiendum
1239 2160 1515 2224 censebat,
1541 2167 1596 2215 et
1624 2169 1850 2215 caeteros
1878 2161 2216 2216 imbuendos.

657 2249 842 2320 Neque
892 2250 1036 2303 enim
1093 2249 1208 2304 haec
1261 2249 1464 2304 frustra
1517 2251 1758 2320 scripsit.
1815 2252 1907 2305 sed
1962 2261 2019 2305 ut
2069 2255 2223 2308 nobis

660 2340 1031 2410 persuaderet,
1079 2349 1136 2394 ut
1167 2341 1538 2409 integritatem
1565 2342 1685 2412 ejus
1729 2358 1847 2411 qua:
1891 2345 1945 2397 in
1990 2343 2080 2398 illo
2109 2355 2227 2398 erat

659 2431 780 2484 ﬁdei
839 2429 1119 2485 studentes
1176 2430 1441 2495 aemulari,
1498 2431 1565 2485 de
1636 2430 1836 2485 Christi
1884 2433 2225 2500 passionibus

659 2521 966 2590 glorientur.
993 2520 1098 2574 Sed
1127 2520 1368 2574 nonnulli
1394 2520 1458 2576 de
1475 2535 1636 2576 cruce
1659 2521 1858 2576 Christi
1876 2523 2222 2588 erubescunt,

659 2621 713 2668 et
739 2613 1050 2667 doctoribus
1080 2611 1170 2681 qui
1206 2626 1302 2680 per
1323 2611 1506 2665 orbem
1562 2622 1830 2667 terrarum
1873 2615 2221 2680 exstiterunt,

659 2709 782 2776 quia
837 2705 1109 2761 contraria
1156 2705 1365 2759 sentire
1410 2702 1639 2768 malunt,
1685 2705 1846 2774 impie
1897 2705 2224 2770 resistendo,

658 2798 860 2855 Christi
909 2799 1190 2867 passiones
1232 2796 1619 2867 propemodum
1676 2794 1906 2850 irrident
1935 2797 2142 2860 miseri,
2170 2807 2225 2851 et

658 2891 986 2946 erubescunt
1011 2888 1215 2946 Christi
1260 2886 1638 2956 Evangelium,
1676 2901 1795 2942 cum
1827 2888 2046 2944 Judaica
2088 2889 2223 2943 stul-

663 2981 776 3035 titia
810 2981 1083 3043 laborent,
1132 2988 1187 3034 et
1228 2977 1334 3032 illis
1364 2976 1507 3030 nulla
1552 2993 1618 3031 ex
1648 2987 1804 3047 parte
1853 2980 1963 3033 sint
2012 2979 2224 3032 inscitia

662 3071 968 3126 inferiores.
1025 3069 1169 3124 Crux
1226 3083 1458 3137 namque
1526 3068 1822 3125 Salvatoris
1895 3069 2064 3123 nostri
2120 3068 2224 3124 illis

2326 1988 2487 2041 νομαι
2510 1971 2568 2024 τὸ
2583 1971 2933 2040 Εὑαγγέλιον⁶
2962 1970 3191 2042 δύναμις
3220 1973 3326 2043 γὰρ
3356 1973 3489 2026 Θεοῦ
3521 1975 3666 2025 ἐστιν
3692 1973 3773 2034 είς
3796 1988 3899 2023 σω-

2323 2064 2517 2135 τηρίαν
2551 2065 2715 2117 παντὶ
2739 2064 2816 2132 τῷ
2848 2065 3175 2127 πιστεύοντι,
3223 2064 3457 2134 Ἰουδαίῳ
3482 2081 3540 2118 τε
3574 2062 3777 2135 πρώτῳ
3807 2063 3898 2117 καί¹

2329 2153 2568 2223 Ἕλληνι.
2608 2173 2626 2205 i
2679 2153 2814 2205 Ἀλλ’
2849 2149 2948 2206 ὦδε
2988 2155 3084 2224 μὲν
3117 2155 3144 2207 ό
3170 2155 3615 2225 Πνευματοφόρος
3647 2155 3801 2224 ἡξίου
3840 2171 3899 2205 τε

2328 2247 2544 2313 φρονεῖν
2581 2244 2762 2311 αὐτὸς,
2794 2245 2888 2298 καὶ
2935 2244 3040 2316 μὴν
3087 2245 3179 2298 καὶ
3212 2247 3434 2316 ἑτέρους
3498 2247 3895 2315 μυσταγωγεῖν.

2326 2332 2575 2403 Γέγραφε
2607 2333 2716 2403 γὰρ
2752 2334 2812 2384 οὑ
2840 2332 3036 2403 μάτην,
3071 2333 3186 2386 ἀλλ’
3223 2334 3309 2387 ἵνα
3338 2336 3484 2403 ἡμᾶς
3509 2335 3779 2405 ἀναπείσῃ
3803 2333 3900 2403 τῆς

2325 2424 2550 2495 ἐνούσης
2574 2425 2721 2495 αὑτῷ
2739 2423 2975 2488 πίστεως
2998 2425 3095 2496 τὴν
3112 2425 3378 2497 ὀρθότητα
3399 2425 3594 2497 ζηλοῦν
3621 2428 3729 2498 ᾑρη
3739 2427 3900 2496 μένος

2331 2515 2438 2587 [ῖσ.
2472 2516 2800 2589 ᾑρημένους]
2867 2520 2980 2580 τοῖς
3032 2517 3268 2589 Χριστοῦ
3312 2518 3629 2590 παθήμασιν
3670 2520 3901 2591 ἐναϐρύ-

2328 2609 2534 2664 νεσθαι.
2563 2609 2960 2680 Ἀπερυθριῶσι
2979 2609 3036 2661 δέ
3053 2627 3195 2672 τινες
3211 2609 3289 2679 τῷ
3307 2611 3543 2681 σταυρῷ,
3565 2612 3658 2664 καὶ
3679 2614 3790 2674 τοῖς
3808 2628 3900 2680 γε-

2322 2702 2509 2769 γονόσι
2533 2703 2645 2764 τοῖς
2680 2700 2790 2774 [ισ.
2815 2699 2936 2772 τῆς]
2970 2701 3058 2770 ὑφ’
3086 2701 3220 2771 ἡλίῳ
3241 2703 3643 2772 μυσταγωγοῖς,
3669 2703 3902 2765 ἀνοσίως

2331 2793 2877 2864 ἀντανιστάμενοιδιὰ
2891 2791 2985 2846 τοῦ
3005 2796 3217 2864 φρονεῖν
3238 2793 3451 2847 ἑλέσθαι
3473 2795 3542 2847 τὰ
3557 2795 3790 2860 ἐναντία,
3817 2812 3904 2863 μο·

2330 2886 2538 2956 νονουχὶ
2555 2885 2978 2954 καταμειδιῶσιν
3003 2886 3051 2937 οι
3083 2885 3309 2948 τάλανες
3330 2885 3432 2939 τῶν
3456 2886 3691 2956 Χριστοῦ
3731 2887 3904 2957 παθη-

2331 2977 2537 3046 μάτων,
2568 2976 2986 3047 αίσχύνονταίτε
3020 2976 3078 3029 τὸ
3096 2975 3446 3045 Εὑαγγέλιον,
3488 2977 3782 3048 ’ἰουδαῐκὴν
3814 2995 3904 3031 νο-

2328 3069 2547 3131 σοῦντες
2565 3067 2823 3138 ἀμαθίαν,
2850 3050 3053 3137 καὶτῆς
3082 3069 3303 3123 ἐκείνων
3326 3070 3652 3141 ἀδελτηρίας
3677 3071 3798 3124 κατ’
3817 3073 3906 3125 οὑ-

661 3163 800 3218 facta
840 3175 918 3218 est
940 3160 1253 3216 scandalum
1289 3178 1300 3212 :
1345 3162 1527 3228 itaque
1553 3175 1676 3215 cum
1710 3159 1860 3214 illum
1887 3160 2010 3215 vitae
2041 3170 2224 3215 aucto-

2327 3159 2450 3211 δένα
2472 3159 2670 3228 τρόπον
2705 3159 3021 3229 ἡττώμενοι.
3062 3161 3256 3227 Γέγονε
3279 3161 3386 3230 γὰρ
3404 3163 3584 3225 αὐτοῖς
3607 3163 3904 3216 σκάνδαλον

663 3269 775 3309 rem
811 3254 1047 3324 legisque
1077 3251 1236 3306 linem
1290 3251 1434 3320 ligno
1482 3249 1730 3306 suffixum
1790 3252 2056 3316 viderent,
2097 3268 2228 3322 qua-

667 3347 867 3401 tiebant
895 3345 1152 3398 adversus
1178 3357 1299 3397 eum
1331 3357 1497 3398 exosa
1529 3342 1636 3397 Deo
1665 3343 1866 3412 capita,
1897 3343 2042 3398 nullo
2073 3345 2230 3398 modo

664 3437 828 3494 Deum
863 3450 1050 3491 revera
1078 3449 1198 3490 esse
1221 3435 1505 3490 credentes
1538 3436 1628 3504 qui
1660 3436 1819 3489 homo
1859 3434 2035 3489 factus
2065 3443 2226 3501 esset,

665 3535 826 3596 atque
870 3526 935 3580 ad
987 3523 1410 3580 exinanitionem
1457 3523 1968 3590 descendisset;sed
2006 3525 2105 3578 rati
2133 3541 2228 3594 po-

667 3618 772 3672 tius
816 3631 978 3673 unum
1035 3615 1397 3686 promiscuee
1434 3623 1620 3668 nostro
1677 3627 1900 3667 numero
1957 3615 2228 3668 hominem

667 3712 812 3766 illum
841 3725 980 3771 esse,
1007 3718 1061 3761 et
1089 3716 1340 3776 tanquam
1377 3721 1442 3760 ex
1473 3705 1616 3760 malo
1645 3706 1823 3760 cordis
1857 3704 1940 3761 sui
1975 3706 2230 3761 thesauro

664 3802 997 3873 proferentes
1025 3799 1165 3854 mala
1196 3799 1259 3864 ι’,
1295 3798 1549 3854 dicebant
1583 3815 1595 3849 :
1641 3815 1658 3848 ι
1692 3797 1792 3863 Qui
1827 3798 2063 3854 destruis
2099 3808 2230 3852 tem-

663 3895 808 3965 plum
863 3893 976 3958 Dei,
1005 3900 1059 3946 et
1094 3891 1145 3946 in
1195 3890 1366 3945 tribus
1421 3887 1610 3943 diebus
1635 3888 1874 3944 aediﬁcas
1898 3889 2048 3955 illud,
2082 3890 2228 3943 salva

665 3989 1004 4056 temetipsum
1031 4003 1044 4040 :
1068 3986 1110 4041 si
1129 3983 1295 4040 Filius
1322 3983 1413 4037 Dei
1443 3998 1522 4048 es,
1548 3985 1817 4040 descende
1841 3985 1906 4040 de
1929 3999 2088 4040 cruce
2105 3986 2170 4039 ¹⁰.
2203 4004 2222 4036 ι

663 4081 728 4136 Et
778 4083 1010 4134 iterum:
1047 4096 1064 4129 ι
1109 4077 1256 4130 Alios
1302 4076 1479 4131 salvos
1516 4077 1664 4143 fecit,
1725 4078 1961 4146 seipsum
1999 4093 2102 4132 non
2131 4093 2225 4147 po-

665 4182 768 4228 test
799 4173 1003 4225 salvqu
1063 4167 1239 4221 facere
1271 4184 1284 4220 :
1321 4167 1362 4220 si
1425 4181 1518 4221 rex
1577 4167 1736 4222 lsrael
1786 4176 1889 4233 est,
1939 4169 2229 4223 descendat

665 4277 805 4316 nunc
836 4261 898 4314 de
922 4271 1100 4320 cruce,
1127 4266 1180 4310 et
1209 4256 1490 4310 credemus
1521 4257 1681 4326 120
1712 4258 1763 4312 in
1790 4274 1913 4313 eum
1941 4259 2010 4315 “.
2053 4279 2071 4311 ι
2108 4258 2223 4314 Νοη

663 4353 805 4407 enim
874 4351 1043 4414 illum,
1083 4356 1141 4401 ut
1177 4347 1335 4402 modo
1388 4347 1517 4411 dixi,
1577 4347 1744 4402 Deum
1790 4364 1914 4406 esse
1966 4352 2227 4421 putabant

661 4445 962 4500 secundum
1021 4449 1292 4505 naturam,
1345 4453 1520 4508 neque
1561 4440 1652 4493 Dei
1681 4450 1734 4494 et
1761 4441 1937 4497 Patris
1967 4459 2091 4499 vere
2133 4445 2225 4498 Fi-

663 4536 817 4600 liuni,
854 4535 946 4587 sed
973 4533 1037 4587 de
1072 4547 1130 4587 se
1163 4530 1478 4600 przedicare,
1525 4538 1578 4585 et
1625 4531 1884 4586 audacter
1928 4535 2226 4590 divinitatis
2259 4518 2306 4575 Ῑ)

663 4625 969 4694 Opinionem
1018 4621 1118 4677 sibi
1164 4634 1439 4690 arrogare.
1503 4619 1688 4689 Itaque
1738 4636 1877 4677 nunc
1938 4623 2224 4680 dicebant:

669 4735 687 4769 ‹
724 4718 798 4772 De
831 4715 975 4770 bono
1002 4727 1163 4783 opere
1190 4725 1296 4768 non
1319 4710 1620 4780 lapidamus
1650 4721 1723 4775 te,
1764 4713 1860 4768 sed
1883 4714 1947 4768 de
1977 4715 2227 4784 blasphe-

665 4806 794 4871 mia,
815 4805 937 4875 quia
970 4815 1022 4857 tu
1049 4804 1208 4859 homo
1226 4817 1346 4856 cum
1367 4802 1462 4865 sis,
1486 4801 1620 4857 facis
1653 4804 1878 4872 teipsum
1908 4803 2074 4860 Deum
2089 4809 2162 4872 ";
2196 4827 2212 4858 ι

664 4910 807 4953 nunc
867 4895 932 4949 ad
976 4893 1203 4948 Pilatum
1247 4893 1606 4957 adducebant,
1664 4903 1717 4947 et
1768 4897 2007 4967 ρι’υοίῦεὶ
2071 4913 2226 4968 roga-

662 4993 792 5046 bant
813 4989 856 5021 "
885 5002 900 5055 ;
947 4986 1137 5041 deinde
1164 5000 1283 5039 cum
1313 4984 1381 5038 ab
1405 4999 1469 5039 eo
1494 4997 1936 5053 exposcerentur,
1978 4998 2033 5042 ut
2069 4999 2227 5044 tanta:

662 5080 918 5134 adversus
944 5091 1067 5131 eum
1103 5074 1488 5130 malevolentia:
1523 5091 1717 5130 causas
1757 5077 2051 5145 edicerent,
2087 5080 2226 5134 illico

663 5165 1011 5227 accusabant,
1045 5174 1100 5218 et
1146 5164 1453 5218 clamabant
1492 5165 1731 5219 dicentes
1765 5183 1777 5218 :
1808 5178 1825 5218 ι
1863 5168 1994 5232 Quia
2033 5169 2222 5224 Filium

664 5258 755 5311 Dei
780 5271 838 5312 se
871 5257 998 5310 fecit
1022 5256 1086 5307 ’³.
1120 5272 1139 5306 ο
1172 5254 1367 5308 Verum
1427 5267 1553 5307 ecce
1597 5254 1697 5309 lioc
1735 5271 1946 5324 quoque
1982 5269 2223 5328 tempore

663 5364 766 5403 non
784 5349 849 5401 ab
878 5346 1150 5410 lsraelitis,
1177 5359 1348 5413 neque
1379 5360 1407 5399 a
1432 5344 1771 5402 multitudine
1806 5348 2219 5419 Pharisaedrutn,

734 5485 774 5517 ”
799 5484 972 5538 Gal-al.
1010 5501 1082 5547 νι,
1123 5485 1210 5548 14,
1288 5481 1330 5513 ¹⁸
1367 5483 1724 5555 Ιὶοηιηιείϐ.
1805 5491 1844 5519 ¹⁹
1882 5489 2071 5544 Matth.
2107 5507 2200 5555 xu,
2246 5493 2335 5547 35.

663 5557 749 5609 33.
827 5556 871 5588 "
897 5555 1048 5610 Joan.
1083 5570 1195 5616 xix,
1225 5555 1276 5605 6.
1355 5555 1398 5584 “
1440 5554 1568 5606 ibid.
1595 5553 1648 5606 7.

2327 3253 2355 3304 ὁ
2383 3249 2475 3302 τοῦ
2505 3250 2750 3321 Σωτῆρος
2783 3251 3034 3320 σταυρός·
3064 3252 3157 3304 καὶ
3187 3251 3319 3319 γοῦν
3340 3251 3417 3322 τῷ
3445 3253 3586 3323 ξύλῳ
3617 3255 3906 3325 προσηλω-

2330 3342 2487 3395 θέντα
2521 3342 2804 3409 βλέποντες
2821 3343 2912 3394 τὸν
2938 3343 3035 3410 τῆς
3063 3340 3205 3411 ζωῆς
3240 3343 3499 3415 ἀρχηγὸν,
3521 3343 3582 3396 τὸ
3610 3344 3702 3398 τοῦ
3738 3347 3906 3416 νόμου

2327 3431 2496 3496 τέλος,
2532 3431 2703 3485 ἔσειον
2753 3433 2848 3502 μὲν
2887 3433 2970 3484 ἐπ’
3004 3430 3152 3502 αὑτῷ
3172 3431 3271 3494 τὰς
3322 3432 3595 3504 θεομισεῖς
3639 3436 3905 3503 κεφαλάς,

2328 3527 2388 3578 οὑ
2413 3527 2544 3579 Θεὸν
2580 3521 2717 3578 εἶναι
2741 3525 3085 3589 πιστεύοντες
3108 3526 3324 3598 άληθῶς
3358 3527 3821 3599 ὲνηνθρωπηκότα
3848 3548 3906 3582 τε

2329 3617 2423 3670 καί
2450 3615 2780 3685 καθιγμένον
2811 3618 2889 3679 είς
2921 3617 3168 3681 κένωσιν,
3201 3617 3436 3686 οἰόμενοι
3465 3617 3519 3669 δὲ
3555 3618 3774 3686 μᾶλλον,
3813 3621 3907 3672 Eva

2327 3709 2436 3762 τῶν
2479 3709 2600 3762 καθ’
2640 3710 2786 3779 ἡμᾶς
2838 3708 3120 3779 ἄνθρωπον
3175 3709 3360 3772 ἁπλῶς
3396 3709 3662 3779 ὑπάρχειν
3706 3713 3900 3764 αὑτόν·

2330 3800 2567 3870 ἔφασκον
2597 3801 2680 3866 δὲ,
2726 3800 2800 3864 ὡς
2830 3802 2892 3854 ἐκ
2928 3799 3162 3871 πονηροῦ
3202 3801 3477 3871 θησαυροῦ
3524 3803 3621 3873 τῆς
3675 3803 3905 3872 καρδίας

2331 3893 2507 3946 αὑτῶν
2541 3894 2905 3964 προφέροντες
2948 3893 3017 3946 τὰ
3056 3895 3294 3965 πονηρά·
3339 3912 3356 3945 ι
3407 3894 3463 3946 Ὀ
3500 3895 3782 3948 καταλύων
3813 3895 3904 3948 τὸν

2329 3987 2452 4038 ναὸν
2481 3987 2573 4039 τοῦ
2605 3986 2758 4047 Θεοῦ,
2796 3987 2886 4038 καὶ
2911 3988 2967 4038 ὲν
3008 3987 3185 4056 τρισὶν
3215 3986 3447 4056 ἡμέραις
3478 3986 3778 4056 οἰκοδομῶν
3811 3990 3907 4040 αὑ-

2328 4074 2440 4139 τὸν,
2475 4075 2648 4128 σῶσον
2691 4075 2932 4126 σεαυτόν·
2965 4076 3013 4126 εἰ
3046 4075 3170 4138 Υἱὸς
3208 4071 3259 4127 εἴ
3285 4075 3379 4128 τοῦ
3413 4075 3568 4137 Θεοῦ,
3606 4078 3700 4129 καὶ
3733 4080 3907 4132 κατά-

2329 4166 2455 4237 ϐηθι
2482 4166 2588 4218 ἀπὸ
2614 4165 2704 4218 τοῦ
2739 4165 2992 4236 σταυροῦ.
3027 4184 3043 4217 ι
3072 4168 3179 4219 Καὶ
3214 4167 3374 4220 πάλιν
3396 4183 3408 4197 ’
3440 4186 3457 4217 ι
3498 4167 3722 4231 Ἄλλους
3764 4168 3904 4221 ἔσω·

2330 4275 2440 4322 σεν,
2485 4256 2677 4310 ἑαυτὸν
2709 4257 2769 4309 οὑ
2803 4255 3025 4310 δύναται
3062 4256 3269 4311 σῶσαι·
3310 4261 3357 4311 εί
3401 4259 3650 4327 βασιλεὺς
3689 4260 3908 4330 Ἰσραήλ

2328 4350 2466 4413 ἔστι,
2515 4347 2802 4402 καταϐάτω
2840 4346 2936 4401 νῦν
2973 4349 3080 4401 ἀπὸ
3125 4350 3218 4402 τοῦ
3249 4349 3504 4420 σταυροῦ,
3547 4352 3641 4403 καὶ
3682 4353 3907 4405 πιστεύ·

2328 4458 2491 4511 σομεν
2549 4440 2633 4493 ἐπ’
2683 4440 2864 4493 αὑτόν.
2898 4457 2916 4490 ι
2950 4440 3024 4493 Οὐ
3068 4441 3174 4512 γάρ
3197 4459 3300 4505 τοι,
3335 4442 3586 4514 καθάπερ
3647 4443 3783 4514 ἔφην
3815 4445 3910 4515 ἀρ·

2329 4533 2478 4596 τίως,
2515 4530 2644 4583 Θεὸν
2681 4529 2850 4600 ᾤοντο
2881 4529 3022 4583 κατὰ
3056 4529 3214 4599 φύσιν
3243 4532 3508 4603 ὑπάρχειν
3555 4533 3739 4599 αὑτὸν,
3778 4534 3906 4586 οὔτε

2332 4624 2438 4692 μὴν
2469 4623 2593 4677 Υίδν
2620 4623 2834 4694 άληθῶς
2861 4624 2953 4677 τοῦ
2987 4624 3120 4678 Θεοῦ
3149 4625 3242 4678 καὶ
3278 4625 3509 4696 Πατρός⁵
3561 4625 3910 4696 περιαυτίζε-

2331 4714 2452 4766 σθαι
2481 4713 2537 4766 δὲ
2591 4713 2787 4783 μᾶλλον
2836 4715 2927 4766 καὶ
2957 4714 3053 4783 τὴν
3096 4715 3192 4784 τῆς
3234 4714 3482 4785 θεότητος
3533 4715 3686 4780 δόξαν
3725 4717 3909 4785 ἑαυτῷ

2341 4807 2668 4877 προσνέμειν
2724 4806 3054 4876 ἀπο-τολμᾷν.
3103 4807 3412 4875 Τοιγάρτοι,
3470 4807 3596 4858 ποτὲ
3636 4807 3733 4876 μὲν
3782 4809 3910 4876 ἔφα-

2333 4914 2493 4950 σκον·
2530 4916 2546 4947 ι
2584 4899 2717 4967 Περὶ
2762 4896 2929 4949 καλοῦ
2977 4897 3137 4966 ἔργον
3174 4898 3232 4949 οὑ
3291 4897 3579 4966 λιθάζομέν
3634 4914 3714 4959 σε,
3768 4899 3908 4952 ἀλλὰ

2333 4990 2460 5059 περὶ
2495 4989 2861 5060 βλασφημίας,
2898 4992 2980 5043 ὅτι
3014 4991 3077 5042 σὺ
3109 4989 3390 5059 ἅνθρωπος
3420 4989 3513 5051 ὢν,
3553 4993 3725 5053 ποιεῖς
3749 5007 3910 5043 σεαυο

2328 5078 2418 5130 τὸν
2446 5079 2596 5132 Θεὸν.
2636 5098 2652 5129 ι
2689 5079 2823 5131 Ποτὲ
2857 5079 2911 5130 δὲ
2943 5078 3156 5148 Πιλάτῳ
3188 5079 3481 5148 προσῆγον,
3510 5077 3602 5130 καὶ
3637 5079 3907 5148 σταυροῦο

2331 5171 2454 5222 σθαι
2491 5169 2850 5240 παρεκάλουν.
2882 5166 3012 5221 Εἶτα
3037 5169 3136 5238 τῆς
3159 5168 3244 5220 ἐπ’
3272 5169 3417 5238 αὑτῷ
3450 5168 3772 5236 σκαιότητος
3809 5170 3907 5229 τὰς

2329 5262 2506 5324 αἰτίας
2549 5263 2719 5314 εἰπεῖν
2770 5260 3164 5331 ἐξαιτούμενοι,
3213 5261 3548 5330 κατηγόρουν
3590 5260 3774 5323 εὐθὺς,
3813 5261 3906 5311 καὶ

2329 5354 2823 5424 κατακεκράγησαν
2878 5355 2986 5424 (52)
3029 5353 3298 5421 λέγοντες,
3353 5371 3371 5404 t
3408 5353 3531 5404 ’Ότι
3580 5352 3709 5403 Υίδν
3765 5351 3902 5405 Θεοῦ

2430 5494 2475 5525 ³ο
2517 5494 2709 5550 Matth.
2743 5511 2912 5560 xxvu,
2943 5495 3029 5549 40.
3137 5495 3179 5526 ¹¹
3214 5492 3344 5549 ibid.
3388 5493 3478 5546 42.
3580 5494 3625 5524 "
3657 5491 3816 5548 Joan.
3847 5507 3899 5557 ι,

1911 5664 2070 5721 ΑΝΤ.
2113 5667 2384 5725 AGELLII
2424 5670 2652 5728 NOTE.

735 5777 843 5852 (δί)
871 5777 1116 5834 Fortasse
1151 5778 1453 5848 legendum,
1485 5777 1951 5846 κατακεκράγασι.
