4078 6348
158 384 243 443 ιον
1183 394 1555 451 ADVERSUS
1594 395 1995 454 NESTORIUM
2038 400 2165 457 LIB.
2200 403 2261 457 V.

3272 412 3379 465 210

160 508 319 560 ἑαυτὸν
348 508 624 578 ἐποίησεν.
670 530 686 561 ι
731 510 870 564 Ἀλλ’
903 514 1009 566 ἰδοὺ
1044 514 1106 585 δὴ
1140 517 1229 568 καὶ
1258 517 1351 570 νῦν
1376 519 1435 570 οὑ
1464 519 1616 590 παρά
1645 536 1702 587 γε

1812 521 1904 575 sed
1959 521 2026 577 ab
2071 524 2138 578 iis
2172 526 2263 594 qui
2304 526 2552 581 videnlur
2586 543 2708 585 esse
2739 528 3055 596 Christiani,
3089 537 3143 583 et
3172 530 3221 582 in
3260 545 3345 581 tua

156 598 244 651 τῶν
272 598 324 663 ὲξ
365 600 606 671 Ἰσραὴλ,
636 601 758 655 οὔτε
804 604 908 673 μὴν
941 606 1038 675 τῆς
1081 607 1190 659 τῶν
1216 610 1525 677 Φαρισαίων
1572 610 1708 681 πλη-

156 689 279 753 θύος.
316 690 429 743 ἀλλ’
466 696 529 744 ὲκ
578 694 686 746 τῶν
714 695 1013 750 δοκούντων
1047 694 1184 752 εἶναι
1216 702 1578 773 Χριστιανῶν,
1615 706 1708 757 καὶ

153 777 474 846 τεταγμένων
506 782 562 833 ὲν
592 780 951 850 διδασκάλοις,
989 790 1079 840 καὶ
1106 791 1162 841 ὲν
1187 794 1297 855 τοῖς
1319 792 1416 863 τὴν
1445 794 1595 848 θείαν
1620 795 1709 847 λα-

153 868 313 935 χοῦσιν
344 870 676 939 ἱερουργίαν,
707 874 775 927 τὰ
800 872 889 928 ἶσα
920 879 1145 949 πάσχων
1174 884 1385 951 ὁρᾶται.
1432 886 1705 938 ’Ᾱπιστετ-

149 976 225 1011 ται
248 960 364 1029 γὰρ,
400 963 482 1015 ὃτι
525 966 618 1018 καὶ
651 967 781 1030 Θεὸς
814 972 951 1023 κατὰ
988 972 1148 1040 φύσιν
1194 976 1363 1040 ἐστὶν,
1392 972 1473 1040 εἷς
1520 994 1579 1029 τε.
1611 979 1706 1031 καὶ

152 1052 289 1120 μόνος
317 1056 408 1107 καὶ
442 1054 658 1125 ἀληθῶς
691 1059 819 1123 Υἱὸς
853 1063 946 1115 τοῦ
983 1064 1117 1117 Θεοῦ
1168 1067 1261 1119 καὶ
1300 1070 1530 1138 Πατρός.
1566 1069 1705 1141 Πρό-

147 1162 290 1212 east;
313 1145 365 1198 δὲ
406 1146 505 1216 τῆς
542 1150 628 1200 ἐπ’
660 1151 809 1221 αὑτῷ
828 1152 891 1223 δὴ
927 1154 1100 1223 τούτῳ
1131 1156 1449 1221 δυσϐουλίας
1501 1161 1700 1223 αὑτοῖς,

147 1236 197 1292 τὸ
222 1236 401 1290 παθεῖν
427 1238 645 1293 ἑλέσθαι
672 1243 835 1313 σαρκὶ
864 1246 959 1297 τὸν
986 1246 1053 1298 δι’
1083 1250 1231 1317 ἡμᾶς
1275 1248 1501 1303 θάνατον
1530 1268 1542 1282 ’
1581 1252 1702 1305 καί-

144 1344 213 1379 τοι
238 1327 318 1379 διὰ
349 1329 508 1383 τοῦτο
551 1333 880 1403 καθιγμένον
920 1338 999 1400 είς
1044 1338 1273 1393 κένωσιν
1320 1342 1699 1411 οἰκονομικῶς,

145 1419 221 1471 ἵνα
249 1420 337 1472 καί
385 1420 573 1474 παθὼν
611 1425 750 1494 ὑπὲρ
792 1426 949 1495 ἡμῶν
980 1431 1164 1499 σαρκὶ,
1222 1434 1550 1505 καταργήσῃ
1604 1433 1699 1486 τοῦ

141 1510 352 1563 Θανάτου
405 1514 465 1565 τὸ
516 1516 737 1597 κράτος,
776 1519 870 1572 ἆτε
920 1520 983 1590 δὴ
1038 1522 1298 1591 ὑπάρχων
1349 1525 1488 1576 κατὰ
1540 1524 1701 1592 φύσιν

141 1598 258 1669 ζωὴ,
293 1600 379 1653 καὶ
403 1603 466 1655 ἐκ
487 1601 632 1674 ζωῆς
655 1606 863 1674 άναφὺς
895 1608 989 1662 τοῦ
1019 1610 1155 1664 Θεοῦ
1175 1613 1268 1665 καὶ
1290 1613 1521 1683 Πατρός.
1558 1616 1702 1668 Κατ-

137 1687 447 1760 ηρῤώστησε
509 1693 619 1762 γάρ
684 1696 716 1766 ὴ
770 1696 1060 1769 ἀνθρώπου
1109 1700 1270 1768 φύσις
1319 1704 1420 1772 τὴν
1467 1702 1696 1773 φθορὰν,

136 1778 204 1841 ὡς
226 1780 279 1831 ὲν
303 1781 524 1853 ἀπαρχῇ
551 1785 645 1836 καὶ
676 1785 800 1856 ῥίζῃ
824 1790 891 1857 τῇ
917 1788 1129 1861 πρώτῃ,
1165 1790 1461 1857 τουτέστιν,
1508 1793 1695 1862 Ἀδάμ.

1808 613 2098 679 gistrorum
2138 631 2364 673 numero
2410 629 2720 687 censentur,
2760 631 2815 677 et
2858 635 3043 677 eorum
3077 620 3169 691 qui
3204 621 3358 676 sortit

1808 713 1933 757 sunt
1994 703 2161 759 divini
2209 712 2497 765 sacerdotii
2563 728 2781 778 munus,
2842 715 3029 770 eadem
3108 713 3374 768 sustinere

1807 796 2158 866 conspicitur.
2214 798 2326 853 Non
2380 802 2523 855 enim
2555 802 2693 859 Deus
2736 818 2859 859 esse
2890 804 3183 861 secundum
3223 812 3361 857 natu-

1810 902 1946 953 ram,
1968 896 2020 941 et
2043 904 2181 943 unus
2209 902 2261 946 et
2288 892 2432 947 solus
2455 904 2508 947 et
2532 908 2655 949 vere
2679 896 2771 949 Dei
2796 904 2849 950 et
2872 895 3046 949 Patris
3072 895 3239 949 Filius
3258 907 3361 947 cre-

1808 978 1951 1032 ditur
1984 996 1998 1033 ε
2031 995 2327 1051 eorumque
2354 984 2404 1037 in
2444 984 2545 1040 bac
2569 1001 2628 1041 re
2658 986 2896 1055 perfidiae
2917 1001 3080 1041 causa
3110 996 3190 1039 est
3234 984 3374 1052 quod

1807 1080 2033 1126 mortem
2064 1083 2282 1142 pr0pter
2308 1091 2402 1129 nos
2440 1092 2603 1131 carne
2656 1078 2765 1146 pati
2798 1077 3052 1141 voluerit,
3120 1074 3373 1145 quamvis

1805 1175 1867 1214 ea
1900 1163 1965 1215 de
1996 1177 2158 1218 causa
2185 1166 2579 1235 dispensatorie
2611 1169 2676 1222 ad
2704 1168 3122 1223 exlnanitionem
3156 1170 3375 1221 descen-

1805 1247 1945 1302 derit
1991 1249 2057 1309 ²³.
2116 1260 2176 1305 ιιι
2219 1268 2385 1307 carne
2432 1270 2530 1325 pro
2590 1258 2745 1312 nobis
2804 1272 3012 1327 passus,
3074 1258 3376 1310 destrueret

1806 1340 1993 1393 mortis
2025 1342 2306 1409 imperium
2341 1347 2407 1409 ",
2448 1357 2630 1414 utpote
2658 1362 2781 1402 cum
2835 1350 2943 1402 vita
3001 1358 3142 1403 esset
3183 1361 3374 1401 secun-

1805 1425 1930 1478 dum
1956 1438 2228 1495 naturam,
2266 1437 2319 1484 et
2339 1446 2405 1487 ex
2439 1434 2567 1499 vita,
2592 1435 2691 1489 hoc
2724 1448 2826 1500 est,
2853 1438 2969 1504 ipso
2995 1435 3105 1491 Deo
3135 1450 3198 1489 ac
3215 1436 3373 1490 Patre

1801 1516 2018 1571 editus:
2054 1518 2330 1575 hominum
2370 1525 2565 1594 quippe
2612 1538 2803 1583 natura
2832 1536 3091 1599 tanquam
3122 1529 3174 1582 in
3220 1526 3372 1581 initio

1804 1607 2084 1677 primaque
2134 1613 2333 1679 radice,
2386 1616 2487 1670 boc
2534 1618 2695 1671 estin
2745 1618 2937 1685 Adam,
3005 1619 3371 1687 corruptionis

1804 1697 1993 1750 morbo
2042 1696 2412 1756 laboraverat.
2470 1700 2570 1757 Ubi
2620 1705 2761 1760 enim
2814 1718 2913 1774 per
2954 1702 3371 1759 inobedlentiam

1803 1786 2162 1853 legislatorem
2188 1802 2242 1846 et
2267 1792 2435 1848 Deum
2459 1794 2700 1862 offendit,
2754 1797 2918 1866 etqui
2951 1797 3096 1851 illum
3148 1804 3203 1850 ut
3232 1803 3375 1849 esset

147 1867 350 1936 Ἐπειδὴ
382 1869 491 1938 γάρ
525 1872 935 1943 προσκέκρουκε
960 1876 1048 1930 διὰ
1074 1880 1173 1947 τῆς
1197 1880 1482 1949 παρακοῆς
1510 1879 1586 1949 τῷ
1614 1896 1699 1933 νο-

1807 1878 2153 1947 produxerat,
2209 1885 2395 1937 statim
2447 1888 2547 1941 sub
2603 1889 2891 1942 maledicto
2944 1889 3065 1953 fuit,
3110 1896 3163 1942 et
3210 1888 3370 1941 morti

138 1956 324 2029 μοθέτῃ
359 1960 453 2012 καὶ
484 1960 601 2032 Θεῷ
642 1963 778 2033 (55),
811 1967 903 2018 ml
931 1971 1325 2037 παρενεγκόντι
1351 1971 1484 2042 πρὸς
1524 1971 1701 2044 ῦπαρ-

134 2048 223 2113 ξιν,
266 2050 541 2121 ἐπάρατος
570 2048 638 2124 ἦν
669 2056 853 2122 εὐθὺς,
884 2058 976 2111 καὶ
1024 2060 1256 2115 θανάτου
1307 2063 1535 2134 κάτοχος
1559 2082 1572 2095 ο
1607 2067 1701 2119 καὶ

134 2138 510 2207 βεόασίλευκεν
548 2145 575 2196 ὁ
614 2145 841 2212 θάνατος
872 2150 978 2203 ἀπὺ
1024 2152 1192 2223 Ἀδὰμ
1241 2156 1401 2227 μέχρι
1436 2157 1697 2222 Μωσέως,

132 2231 502 2303 ὲκτεινομένης
536 2236 616 2299 είς
661 2236 807 2293 ἅπαν
840 2240 903 2292 τὸ
932 2241 990 2307 ἐξ
1027 2244 1191 2297 αὑτοῦ
1233 2247 1452 2316 σπέρμα
1494 2265 1551 2300 τε
1606 2251 1701 2301 καὶ

130 2322 293 2389 γένος,
328 2328 430 2396 τῆς
459 2328 554 2380 ἐπὶ
598 2329 733 2400 τῷδε
762 2331 938 2401 δίκης.
989 2335 1171 2405 Ῥίζης
1200 2337 1308 2408 γὰρ
1346 2338 1536 2411 ῶσπερ
1568 2342 1700 2395 ἀνα-

131 2414 317 2479 φύντες
364 2416 637 2490 φθαρτῆς,
677 2422 906 2493 φθαρτοὶ
944 2426 1038 2478 καὶ
1085 2428 1264 2496 ἡμεῖς,
1314 2430 1405 2483 καὶ
1447 2433 1560 2493 τοῖς
1606 2433 1700 2485 τοῦ

130 2504 349 2560 θανάτου
420 2509 640 2581 βρόχοις
691 2514 1039 2583 ἐνισχημένοι
1096 2517 1440 2591 διετελοῦμεν
1494 2525 1541 2575 οί
1595 2524 1702 2577 δεί-

130 2596 279 2651 λαιοι.
326 2600 549 2671 Ἐπειδὴ
577 2603 631 2655 δὲ
678 2606 889 2674 χρηστά
932 2609 1061 2677 περὶ
1106 2612 1262 2681 ἡμῶν
1295 2614 1324 2666 ὁ
1371 2613 1701 2687 δημιουργὸς

128 2689 408 2760 ἐσκέψατο,
453 2695 548 2747 καὶ
576 2695 929 2768 ἀνῃρημένης
959 2702 1055 2771 τῆς
1088 2703 1291 2776 φθορᾶς
1320 2707 1701 2779 ἀναστοιχειῶ-

130 2797 210 2833 σαι
252 2784 387 2853 πρὸς
439 2784 499 2837 τὸ
538 2785 630 2837 ἀπ’
679 2788 855 2859 ἀρχῆς
898 2791 998 2863 τὴν
1040 2793 1328 2866 ἀνθρώπου
1365 2799 1526 2867 φύσιν
1574 2801 1703 2870 ἠθέ-

126 2872 243 2943 λησε
274 2890 286 2902 ο
344 2873 506 2945 ῥίζαν
555 2876 746 2950 ῶσπερ
784 2882 915 2949 ἡμῖν
961 2885 1235 2957 ὲπήνθησε
1272 2887 1551 2960 δευτέραν,
1605 2893 1703 2945 οῦκ

129 2963 459 3053 ἀνεχομένην
492 2970 816 3039 κρατεῖσθαι
842 2972 1079 3045 Θανάτῳ,
1105 2978 1195 3030 τὸν
1222 2980 1314 3032 ἕνα
1358 2982 1563 3053 Κύριον
1598 2985 1702 3053 Ἰη-

127 3052 243 3104 σοῦν
274 3056 367 3107 τὸν
392 3057 651 3127 Χριστὸν,
683 3061 952 3125 τουτέστι,
990 3063 1080 3117 τὸν
1112 3066 1176 3119 ὲκ
1203 3068 1301 3137 τῆς
1332 3068 1518 3131 οὐσίας
1543 3052 1702 3124 αὐτοῦ

125 3143 247 3198 Θεὸν
281 3148 482 3215 Λόγον,
516 3150 637 3202 καθ’
683 3152 831 3222 ἡμᾶς
866 3156 1156 3226 γενόμενον
1188 3159 1495 3231 ἄνθρωπον,
1544 3162 1695 3228 γενό-

125 3245 359 3312 μενονὲκ
383 3246 664 3314 γυναικός.
697 3250 771 3302 Ού
799 3250 906 3322 γάρ
936 3271 1015 3305 τοι
1046 3253 1317 3325 Θεοφόρον
1350 3250 1485 3307 εἷναί
1521 3274 1697 3325 φαμεν

124 3334 404 3406 ἄνθρωπον
454 3338 663 3405 ἁπλῶς,
704 3340 839 3394 ά).λὰ
884 3344 1206 3415 αὐτόχρημα
1250 3346 1391 3399 κατὰ
1443 3348 1698 3419 ἀλήθειαν

121 3427 205 3478 τὸν
237 3428 301 3480 ὲκ
353 3428 493 3483 Θεοῦ
541 3432 713 3501 Λόγον
757 3433 1000 3504 ἡνῶσθαι
1054 3439 1238 3508 σαρκὶ,
1274 3440 1362 3493 ἵνα
1411 3441 1509 3512 τὴν
1565 3440 1699 3493 ἰδίαν

122 3519 291 3592 ψυχὴν
323 3522 591 3586 τεθεικὼς
627 3526 765 3596 ὑπὲρ
797 3526 976 3594 ἡμῶν,
1005 3529 1099 3583 καὶ
1136 3530 1259 3594 δοὺς
1285 3532 1360 3602 τῷ
1396 3532 1611 3603 θανάτῳ
1641 3534 1703 3586 τὸ

122 3613 313 3665 ῑαυτοῦ
354 3614 517 3683 σῶμα
562 3615 631 3667 δι’
660 3617 806 3687 ἡμᾶς
838 3619 1217 3690 οἰκονομικῶς,
1287 3618 1405 3675 εἶτα
1457 3627 1703 3694 κρεῖττον

124 3702 246 3756 αὐτὸ
278 3704 379 3774 τῆς
422 3705 632 3778 φθορᾶς
669 3708 957 3779 ἀποφήνας
980 3710 1068 3764 διὰ
1111 3712 1211 3781 τῆς
1244 3714 1309 3767 ὲκ
1338 3716 1547 3783 νεκρῶν
1571 3716 1701 3768 ἁνα-

125 3794 385 3862 στάσεως,
418 3795 839 3869 πληροφορήσας
865 3802 974 3872 [ισ.
1006 3802 1421 3876 πληροφορήσῃ]
1454 3804 1701 3875 σύμπαν-

124 3902 211 3951 τας
244 3890 375 3952 τοὺς
407 3892 490 3952 είς
520 3890 684 3943 αὐτὸν
730 3892 1106 3958 πιστεύοντας,
1140 3896 1222 3947 ὅτι
1258 3896 1353 3948 καὶ
1390 3898 1539 3966 ἡμᾶς
1578 3899 1702 3965 ὲγε-

125 3981 220 4047 ρεῖ,
248 3980 343 4032 καὶ
371 3981 636 4050 ἀμείνους
663 3984 932 4054 ἀποφανεῖ
960 3986 1067 4040 τῶν
1093 3986 1185 4040 τοῦ
1210 3987 1439 4042 θανάτου
1465 3989 1700 4060 δεσμῶν,

125 4069 211 4120 καὶ
242 4070 342 4138 τῆς
377 4070 590 4143 φθορᾶς
630 4074 851 4143 ἀρκύων
892 4075 1047 4144 ὀλίγα
1096 4079 1545 4147 πεφροντικότας.
1589 4081 1705 4133 Ἐν-

120 4157 304 4211 τεῦθεν
334 4155 499 4232 οἶμαί
523 4178 624 4214 που
662 4163 865 4217 καὶτὸν
900 4164 1184 4221 θεσπέσιον
1212 4168 1423 4222 Παῦλον
1455 4171 1512 4223 ἐν
1545 4171 1706 4223 παντὶ

123 4250 395 4305 ποιεῖσθαι
443 4253 588 4323 λόγῳ
636 4254 731 4308 καὶ
762 4257 1019 4328 θαύματι,
1051 4260 1145 4312 τοῦ
1180 4260 1316 4313 Θεοῦ
1364 4264 1457 4314 καὶ
1494 4265 1707 4332 Πατρὸς

122 4342 213 4409 τὴν
240 4346 321 4407 είς
344 4348 501 4415 ἡμᾶς
527 4347 769 4415 ἀγάπην.
806 4350 950 4420 Ἔφη
991 4352 1098 4423 γὰρ
1124 4345 1225 4405 ὦδε
1250 4368 1263 4382 ·
1302 4372 1319 4404 ι
1346 4353 1408 4407 Τί
1438 4349 1529 4407 οῦν
1556 4356 1709 4425 ἐροῦ-

130 4449 223 4501 μεν
258 4437 403 4507 πρὸς
447 4436 663 4505 ταῦτα,
712 4441 774 4493 Εἰ
818 4443 846 4495 ὁ
896 4441 1028 4506 Θεὸς
1057 4444 1194 4517 ὑπὲρ
1240 4446 1416 4515 ἡμῶν,
1455 4447 1538 4520 τίς
1582 4445 1702 4501 καθ’

1803 1968 2125 2037 subjectus:
2158 1984 2212 2028 et
2260 1976 2503 2046 regnavit
2560 1991 2708 2034 mors
2765 1979 2831 2035 ab
2864 1980 3036 2034 Adam
3090 1992 3259 2050 usque
3303 1980 3370 2033 ad

1802 2060 1982 2118 Mosen
2016 2066 2083 2129 ",
2121 2080 2240 2119 cum
2284 2066 2401 2134 ejus
2451 2069 2694 2124 criminis
2748 2084 2909 2139 paena
2958 2071 3009 2124 in
3064 2070 3371 2123 universum

1802 2169 1866 2207 ex
1906 2155 1995 2209 illo
2024 2169 2206 2210 semen
2234 2172 2295 2211 ac
2317 2172 2486 2227 genus
2516 2160 2902 2218 extenderelur
2932 2179 2945 2215 :
2976 2177 3095 2215 nam
3130 2161 3273 2217 velut
3299 2175 3366 2215 ex

1802 2257 2058 2317 corrupta
2112 2249 2295 2304 radice
2329 2250 2463 2316 nati,
2520 2252 2911 2320 eorruptibiles
2942 2252 3043 2321 ipsi
3073 2266 3288 2320 quoque
3316 2261 3372 2304 et

1804 2344 1997 2397 mortis
2052 2344 2263 2411 laqueis
2319 2345 2597 2400 constricti
2659 2343 3107 2415 permanebamus
3167 2344 3369 2398 miseri.

1804 2434 1993 2489 Postea
2032 2450 2160 2489 vero
2208 2451 2366 2504 rutam
2425 2437 2491 2490 de
2521 2438 2677 2491 nobis
2706 2436 2794 2490 ille
2848 2436 3094 2489 conditor
3149 2434 3371 2490 meliora

1804 2528 2150 2595 eogitavit,et
2183 2529 2531 2596 corruptione
2578 2528 2787 2583 sublata
2830 2528 3086 2593 hominis,
3121 2538 3371 2582 naturam

1805 2616 2102 2671 reformare
2130 2617 2193 2672 ad
2232 2619 2470 2686 priorem
2503 2619 2922 2682 statum‘voluit,
2950 2610 3192 2673 radicem
3243 2634 3376 2687 quo-

1804 2708 2091 2761 dammodo
2129 2709 2285 2763 nobis
2318 2708 2541 2763 alteram
2575 2709 2821 2777 protulit,
2846 2725 2963 2778 quae
3009 2709 3179 2763 teneri
3203 2719 3376 2763 morte

1806 2812 1909 2850 non
1948 2806 2148 2866 posset,
2209 2796 2378 2865 illum,
2409 2800 2651 2868 inquam,
2684 2815 2847 2853 unum
2881 2799 3161 2855 Dominum
3194 2799 3374 2852 Jesum

1804 2890 2102 2957 Christum,
2135 2890 2239 2944 hoc
2265 2900 2364 2956 est,
2404 2890 2554 2945 illum
2607 2906 2670 2944 cx
2704 2890 2871 2960 ipsius
2917 2892 3151 2946 essentia
3209 2888 3375 2946 Deutn

1807 2978 2043 3033 Verbum
2106 2981 2172 3033 ad
2210 2990 2450 3034 nostram
2500 2980 2906 3035 similitudinem
2954 2978 3155 3034 factum
3202 2979 3379 3034 homi-

1807 3084 1953 3135 nem,
1986 3070 2192 3124 faclum
2236 3086 2302 3126 ex
2363 3071 2588 3126 muliere
2609 3072 2675 3126 ".
2708 3070 2892 3143 Neque
2925 3072 3067 3125 enim
3107 3070 3376 3126 Deilerum

1805 3174 1924 3215 esse
1952 3161 2223 3214 hominem
2263 3163 2571 3230 promiscue
2611 3162 2868 3227 dicimus,
2900 3163 2991 3216 sed
3033 3161 3160 3215 illud
3204 3161 3377 3230 ipsum

1803 3253 2098 3308 secundum
2160 3254 2445 3308 veritatem
2494 3270 2555 3307 ex
2613 3254 2721 3307 Deo
2780 3252 3007 3309 Verbum
3044 3255 3193 3309 carni
3257 3255 3384 3307 uni:

1806 3356 1914 3398 tum
1945 3345 2132 3407 fuisse,
2163 3354 2218 3399 ut
2252 3346 2472 3413 propria
2493 3345 2671 3397 anima
2694 3359 2791 3411 pro
2820 3343 2972 3398 nobis
2998 3344 3190 3413 posita,
3209 3354 3262 3398 et
3285 3359 3383 3399 suo

1803 3450 2031 3505 corpore
2094 3438 2302 3490 ratione
2358 3438 2750 3503 dispensatoria
2803 3436 2961 3491 morti
3010 3444 3232 3505 propter
3285 3452 3383 3492 nos

1809 3526 1960 3594 121
1989 3525 2168 3579 oblato
2199 3543 2212 3592 ;
2248 3525 2446 3579 deinde
2496 3540 2590 3593 per
2648 3524 3101 3579 resurrectionem
3132 3540 3197 3579 ex
3231 3540 3378 3580 mor-

1805 3618 1912 3670 tuis
1948 3617 2155 3671 victore
2188 3618 2549 3683 corruptionis
2581 3616 2795 3680 effecto,
2817 3618 3067 3671 omnibus
3102 3618 3152 3671 in
3188 3633 3245 3671 se
3268 3632 3382 3671 cre-

1806 3710 2058 3764 dentibus
2099 3710 2255 3763 {idem
2300 3709 2528 3773 faceret,
2583 3709 2697 3762 fore
2729 3722 2785 3762 ut
2816 3724 2912 3763 nos
2947 3709 3109 3763 etiam
3163 3709 3381 3769 excitet,

1807 3815 1869 3856 ac
1902 3802 2092 3855 mortis
2130 3801 2359 3854 vinculis
2391 3802 2578 3855 reddat
2610 3799 2883 3865 fortiores,
2919 3806 2973 3851 et
3021 3798 3381 3867 corruptionis

1809 3895 1943 3947 retia
1981 3893 2447 3964 parvipendentes.
2483 3890 2593 3946 Hac
2619 3892 2686 3947 de
2712 3907 2877 3947 causa
2914 3890 3127 3946 beatum
3168 3902 3381 3960 quoque

1808 3984 2030 4039 Paulum
2063 3993 2191 4054 puto
2224 3984 2437 4054 plurimi
2461 3984 2653 4038 fecisse
2691 3993 2747 4037 et
2785 3982 3022 4037 maxime
3050 3982 3374 4035 admiratum

1808 4078 1975 4131 fuisse
2004 4076 2097 4130 Dei
2123 4087 2175 4129 et
2202 4074 2381 4129 Patris
2422 4078 2471 4129 in
2508 4090 2604 4129 nos
2655 4074 2999 4129 cbaritaletn.
3051 4071 3197 4127 Dixit
3234 4073 3376 4125 enim

1811 4169 1912 4224 hoc
1944 4172 2103 4223 modo
2130 4186 2144 4221 :
2176 4186 2193 4218 ι
2234 4166 2369 4234 Quid
2402 4183 2533 4236 ergo
2570 4167 2809 4221 dicemus
2846 4165 2913 4219 ad
2949 4163 3115 4218 bath
3153 4161 3209 4217 Si
3245 4163 3381 4217 Deus

1811 4274 1907 4331 pro
1954 4259 2129 4325 nobis,
2180 4260 2301 4329 quis
2353 4268 2542 4312 contra
2579 4273 2673 4311 nos
2707 4256 2730 4310 ?
2762 4256 2854 4326 qui
2883 4255 3097 4325 proprio
3123 4252 3261 4309 Filio
3285 4269 3382 4308 suo

1812 4367 1916 4406 non
1948 4351 2208 4421 pepercit,
2243 4351 2335 4405 sed
2367 4364 2462 4419 pro
2481 4350 2635 4403 nobis
2661 4347 2910 4401 omnibus
2938 4345 3157 4399 tradidit
3182 4346 3379 4414 ipsum,

1812 4443 2080 4511 quomodo
2114 4457 2218 4496 non
2247 4441 2408 4495 etiam
2446 4456 2565 4493 cum
2615 4440 2728 4508 ipso
2784 4438 2961 4491 omnia
3007 4436 3162 4491 nobis
3213 4437 3382 4489 dona-

125 4524 315 4594 ἡμῶν;
345 4528 408 4591 ὃς
442 4546 507 4596 γε
540 4529 633 4583 τοῦ
667 4531 797 4586 ίδίου
829 4533 956 4587 Υἱοῦ
993 4536 1091 4589 οὐκ
1127 4537 1400 4604 ἐφείσατο,
1426 4537 1539 4591 ἀλλ’
1572 4537 1702 4608 ὑπὲρ

1815 4536 1895 4591 bit
1925 4536 1970 4567 ”
1997 4535 2019 4587 ?
2057 4554 2075 4587 ι
2111 4533 2369 4601 Quamvis
2404 4533 2548 4585 enim
2582 4528 2962 4599 quamplurimi
2994 4528 3238 4583 homines
3268 4542 3384 4596 gra-

124 4616 280 4683 ἡμῶν
324 4619 554 4674 πάντων
608 4623 921 4692 παρέδωκεν
952 4627 1132 4691 αὑτὸν,
1170 4630 1285 4690 πῶς
1327 4628 1447 4698 οὐχὶ
1490 4630 1583 4681 καλ⁴
1610 4629 1706 4682 σὺν

122 4708 268 4778 αὐτῷ
291 4709 364 4763 τά
403 4712 591 4766 πάντα
640 4716 771 4784 ἡμῖν
814 4717 1134 4787 χαρίσεται;
1176 4736 1194 4769 ›
1231 4720 1421 4772 Καίτοι
1468 4720 1710 4774 πλεῖστοι

128 4800 224 4867 μὶν
252 4802 395 4868 ὅσοι,
428 4804 615 4875 χάριτί
643 4822 701 4859 τε
733 4808 827 4859 καὶ
865 4808 1003 4861 κατὰ
1035 4809 1180 4863 θέσιν
1212 4809 1331 4864 Υίοί
1352 4828 1364 4841 ·
1396 4810 1711 4882 κεκλήμεθα

123 4887 227 4961 γὰρ
259 4891 400 4955 θεοὶ,
452 4894 549 4946 καὶ
586 4895 692 4949 υἱοὶ
734 4896 987 4965 Ὑψίστου
1025 4898 1249 4963 πάντες⁸
1285 4893 1365 4962 εἷς
1403 4899 1457 4951 δὲ
1489 4900 1581 4953 καὶ
1612 4898 1704 4969 μό-

124 4999 207 5046 νῦς
254 4988 283 5039 ὁ
335 4985 489 5040 κατά
542 4986 704 5054 φύσιν
735 4991 827 5043 καὶ
864 4991 990 5052 ἴδιος
1032 4990 1219 5056 αὑτοῦ,
1264 4992 1557 5055 τουτέστιν,
1594 4993 1621 5042 ὁ
1650 4991 1708 5056 ἐξ

192 5140 237 5171 ’⁸
282 5138 525 5206 Philipp.
570 5153 627 5199 ιι,
665 5140 714 5193 7.
795 5140 839 5172 ’⁸
871 5140 1032 5196 Hebr.
1069 5160 1126 5205 ιι,
1168 5142 1255 5196 Η.
1315 5144 1358 5175 ’⁷
1390 5142 1546 5196 Rom.
1586 5158 1635 5207 v,
1676 5143 1693 5195 l

1838 5142 1882 5174 "
1913 5142 2083 5197 Galat.
2118 5159 2188 5206 ιν,
2218 5141 2271 5194 4.
2350 5139 2393 5169 ²⁹
2433 5139 2588 5194 Rom.
2615 5152 2731 5202 \‘llt,
2774 5132 2863 5189 '51.

158 5208 229 5273 6;
262 5208 431 5264 Joan.
478 5224 532 5275 Χ,
576 5209 659 5263 54.

1814 4628 1885 4680 tia
1937 4634 1991 4680 et
2042 4626 2327 4693 adeptione
2368 4625 2535 4677 simus
2563 4621 2654 4674 lilii
2684 4619 2895 4690 (vocati
2931 4631 3158 4686 namque
3198 4631 3384 4670 sumus

1814 4717 1908 4779 dii,
1943 4725 1997 4770 et
2042 4716 2134 4770 ﬁlii
2167 4715 2377 4769 Excelsi
2424 4728 2611 4767 oumes
2637 4712 2738 4783 '°),
2776 4725 2915 4765 unus
2949 4718 3124 4762 tamen
3156 4718 3210 4763 et
3236 4710 3383 4761 solus

1813 4790 1904 4862 ille
1930 4817 2014 4863 est
2046 4808 2339 4864 secundum
2389 4814 2662 4866 naturam,
2719 4802 2939 4868 ejusque
2992 4800 3260 4869 proprius,
3296 4797 3383 4851 ille

1813 4897 2065 4950 nimirum
2104 4911 2169 4950 ex
2206 4896 2319 4964 ipso
2354 4893 2495 4947 Deus
2534 4892 2791 4956 Verbum,
2850 4904 2913 4943 eo
2974 4900 3186 4958 quoque
3248 4897 3384 4939 tem-

1815 5002 1943 5057 pore
1971 5004 2090 5044 cum
2117 4988 2290 5041 factus
2319 4996 2401 5041 est
2431 4999 2578 5039 caro.
2619 4984 2710 5040 Sic
2748 4997 2979 5053 namque
3010 4981 3182 5050 ipsum
3218 4978 3380 5033 etiam

2943 5136 2985 5168 ’°
3013 5132 3154 5190 Psal.
3193 5148 3382 5199 Lxxxt,

1396 5361 1550 5417 ΑΝΤ.
1595 5358 1868 5416 AGELLll
1906 5359 2134 5417 NOTAE.

194 5525 309 5592 (55)
345 5522 421 5574 De
492 5528 714 5592 peccatio
756 5520 979 5592 originis
1026 5520 1095 5592 ita
1148 5528 1334 5592 aperte
1378 5518 1613 5582 disserit,
1647 5531 1705 5592 ιιι

126 5586 239 5651 fere
267 5586 639 5661 Augustinum
670 5586 1130 5661 legere—videaris,
1162 5586 1251 5657 qui
1290 5586 1411 5661 ejus
1434 5597 1591 5661 :ctatc
1623 5589 1701 5641 vi-

127 5670 236 5729 xit;
277 5657 451 5731 idque
486 5674 589 5712 non
618 5661 788 5731 solum
822 5659 872 5731 in
918 5659 1016 5731 hoc
1049 5661 1294 5723 dogmate
1330 5657 1508 5711 videre
1553 5658 1700 5731 licet,

131 5727 429 5787 maiimzim
486 5732 626 5783 inter
658 5730 792 5783 duos
841 5730 937 5781 bos
992 5727 1178 5781 Patres
1228 5742 1346 5782 esse
1392 5728 1705 5781 consensio—

129 5822 273 5864 nem,
309 5816 506 5854 vvrum
565 5799 722 5853 etiam
759 5800 811 5853 in
858 5798 1038 5854 multis
1065 5797 1205 5865 aliis,
1235 5812 1296 5851 ac
1346 5796 1609 5866 prmeipue
1651 5800 1705 5852 in

1814 5520 1895 5573 bis
1932 5536 2047 5586 qme
2095 5530 2283 5579 contra
2333 5518 2532 5587 Pelagii
2581 5519 2862 5586 opiniones
2914 5524 3173 5587 pugnant,
3217 5524 3269 5569 et
3327 5533 3378 5567 ιη

1812 5584 2158 5657 ριοοὸδδίοιιθ
2198 5590 2426 5657 Spiritus
2467 5584 2677 5651 'sancii,
2719 5603 2879 5655 quem
2926 5604 2953 5640 a
2990 5584 3124 5641 Filio
3167 5601 3379 5655 quoque

1813 5662 2102 5727 procedere
2134 5660 2327 5713 asserit
2362 5669 2413 5712 ut
2452 5658 2799 5728 Augustinus,
2837 5668 2891 5711 ut
2922 5660 3197 5721 superiore
3241 5657 3378 5710 libro

1815 5732 2090 5787 dissentit.
