4078 6348
675 416 771 470 ‘3“

1657 410 1712 465 S.
1755 407 2026 466 CYRILLI
2067 405 2532 462 ALEXANDRINI
2573 412 2890 471 ARClIlEP.

3807 399 3910 454 219.

677 549 774 601 pro
824 533 1072 588 omnibus
1104 532 1285 588 datum
1331 533 1586 595 dicimus,
1633 541 1692 586 ut
1747 533 1860 600 ipse
1912 530 2070 598 plane
2111 528 2230 580 ait:

2350 532 2511 586 ιύτοῦ
2537 533 2667 598 Θεὸς
2709 536 2901 602 Λόγος,
2938 535 3030 586 καί
3063 533 3151 585 ὅτε
3195 529 3391 597 γέγονε
3418 524 3578 594 σάρξ.
3612 520 3768 575 Οὕτω
3802 520 3911 587 γὰρ

681 643 700 673 ‹
737 623 823 676 Sic
853 623 993 678 Deus
1025 623 1211 678 dilexit
1237 623 1516 686 mundum,
1548 629 1606 675 ut
1632 621 1826 676 Filium
1856 635 2010 675 suum
2047 619 2235 685 unige-

676 713 847 766 nitum
900 713 1078 777 daret,
1117 723 1173 768 ut
1222 714 1400 768 omnis
1435 715 1524 782 qui
1573 714 1746 768 credit
1791 713 1843 766 in
1889 712 2083 778 ipsum,
2131 724 2236 762 non

676 811 883 870 pereat,
925 803 1017 856 sed
1059 803 1254 858 habeat
1287 805 1450 858 vitam
1478 813 1732 858 aeternam
1761 803 1823 854 ³¹.
1857 819 1876 854 ι
1922 801 2240 869 Unigenitus

677 902 758 947 est
797 909 923 963 ergo
956 895 1047 949 ille
1076 897 1232 950 datus
1267 913 1279 948 :
1314 911 1432 949 nam
1468 895 1640 950 solum
1670 904 1754 949 est
1793 908 1855 947 ex
1907 892 1999 946 Dei
2035 890 2240 945 Patris-

678 998 783 1051 que
811 993 991 1037 natum
1040 986 1275 1042 essentia
1309 985 1436 1039 illud
1470 1000 1534 1039 ex
1563 1001 1627 1040 eo
1664 994 1716 1038 et
1765 984 1816 1037 in
1867 998 1932 1038 eo
1977 982 2238 1038 Verbum.

680 1072 787 1126 Sed
820 1075 940 1142 quia
981 1075 1180 1129 factum
1233 1083 1316 1130 est.
1356 1078 1539 1139 homo,
1591 1091 1652 1130 ea
1707 1075 1773 1130 de
1828 1089 1988 1129 causa
2036 1072 2089 1127 in
2118 1086 2238 1126 eum

679 1165 973 1227 credimus,
999 1165 1143 1219 illius
1167 1167 1460 1220 secundum
1512 1183 1728 1221 carnem
1776 1166 1979 1220 obitam
2011 1171 2241 1217 mortem

664 1255 1168 1318 rannuntiantes,et
1203 1256 1360 1310 simul
1396 1258 1842 1313 resurrectionem
1871 1255 2189 1310 confitentes
2223 1271 2240 1320 ;

681 1345 926 1398 eumdem
976 1346 1209 1400 scientes
1239 1357 1290 1400 et
1339 1357 1464 1401 ante
1513 1348 1714 1401 saecula
1740 1345 2242 1411 Filium,etextre-

680 1434 785 1488 mis
815 1436 1146 1502 temporibus
1181 1437 1574 1506 dispensatorie
1609 1437 2244 1504 ltominem,passumque

681 1534 899 1593 propter
925 1540 1022 1580 nos
1060 1536 1282 1582 mortem
1317 1542 1500 1594 carne,
1528 1535 1584 1582 et
1613 1529 1902 1581 excitatum
1930 1541 1958 1578 a
1989 1522 2250 1581 mortuis.

683 1613 789 1670 Sed
838 1617 1022 1672 nescio
1043 1620 1310 1686 quomodo
1341 1619 1428 1673 hic
1462 1617 1768 1673 Iudaeorum
1798 1618 2038 1672 stultitia:
2064 1627 2244 1686 patro-

681 1719 783 1760 nus
812 1708 1012 1764 nostris
1052 1709 1230 1766 verbis
1274 1711 1620 1782 indignatur;
1657 1726 1783 1766 nam
1817 1723 2029 1765 rursum
2070 1707 2241 1763 dixit:

749 1970 985 2028 Nesron.
1017 1973 1190 2045 [Quod
1229 1975 1281 2029 in
1329 1976 1608 2031 nativitate
1650 1989 1712 2030 ex
1746 1973 1943 2028 Christi
1985 1971 2246 2042 genitrice

682 2060 903 2129 Virgine
933 2063 1115 2118 divina
1146 2064 1424 2133 Scriptura
1454 2076 1621 2136 ponat
1651 2065 1771 2118 Filii
1815 2077 2030 2125 nomen,
2062 2061 2244 2115 decla-

681 2151 938 2206 ravimus.
967 2153 1103 2207 Audi
1129 2154 1263 2222 jam,
1298 2155 1421 2209 etin
1465 2165 1660 2220 morte,
1700 2153 1868 2208 sicubi
1907 2153 2117 2207 tandem
2155 2151 2247 2206 Dei

683 2254 877 2294 nomen
902 2249 983 2295 est
1008 2241 1260 2308 positum,
1290 2252 1346 2296 ut
1371 2244 1676 2312 passibilem
1701 2243 1865 2297 Deum
1890 2242 2204 2296 inducamus
2231 2256 2245 2294 :

688 2348 706 2378 ι
743 2329 875 2385 Cum
917 2330 1118 2385 inimici
1149 2346 1410 2397 essemus,
1456 2333 1646 2402 inquit,
1686 2331 2019 2386 reconciliati
2062 2345 2248 2386 sumus

683 2419 793 2473 Deo
820 2433 916 2489 per
945 2430 1169 2475 mortem
1197 2422 1322 2478 Filii
1342 2422 1455 2493 ejus
1478 2425 1540 2477 ³².
1581 2443 1600 2476 ι
1638 2423 1752 2478 Non
1796 2425 1949 2490 dixit,
1982 2439 2079 2495 per
2105 2439 2249 2480 mor-

686 2519 790 2564 tem
821 2510 914 2565 Dei
945 2511 1155 2582 Verbi.]

1348 2655 1497 2712 CAP.
1541 2657 1580 2710 Ι.

755 2763 952 2818 Verum
980 2779 1114 2819 sane
1147 2766 1404 2835 scriptum
1442 2767 1570 2822 illud
1599 2773 1718 2821 est:
1754 2784 1771 2817 ι
1813 2765 1997 2820 Justus
2029 2766 2167 2835 perit
2194 2766 2245 2819 in

680 2853 885 2920 iustitia
913 2871 1007 2909 sua
1032 2856 1095 2909 ³⁸.
1135 2874 1153 2906 ι
1193 2855 1324 2909 Nam
1354 2857 1515 2909 etiam
1551 2859 1764 2910 tirmum
1793 2857 2111 2924 quandoque
2142 2855 2251 2908 ani-

684 2961 856 3010 mum,
892 2946 958 2999 ab
993 2961 1056 3000 eo
1084 2948 1225 3014 quod
1253 2962 1464 3016 :equum
1499 2956 1600 3012 est,
1633 2947 1828 3000 avertit
1863 2947 2025 3000 homo
2059 2947 2122 2999 ad
2154 2960 2250 2999 no-

684 3040 910 3092 cendum
931 3038 1539 3109 compositus(54),cum
1560 3039 1804 3093 utilitatis
1825 3041 2052 3108 speciem
2074 3040 2248 3092 laten-

687 3142 769 3184 ter
799 3131 992 3184 indttit.
1031 3131 1188 3184 Putat
1229 3133 1372 3185 enim
1410 3132 1552 3185 haud
1596 3132 1938 3186 mediocriter
1979 3146 2037 3185 se
2081 3131 2249 3200 pieta-

685 3233 792 3275 tem
835 3223 1028 3286 colere,
1067 3223 1188 3276 dum
1221 3223 1272 3275 id
1306 3223 1626 3276 conﬁrmare
1656 3224 1845 3275 nititur
1874 3225 2014 3291 quod
2060 3237 2246 3276 omnes

685 3316 1009 3369 confitentur
1044 3331 1056 3368 :
1085 3325 1139 3369 et
1171 3317 1271 3369 hac
1303 3319 1372 3369 de
1399 3329 1560 3368 causa
1589 3313 1719 3367 dicit
1749 3313 1894 3366 illum
1920 3327 1983 3365 ex
2013 3314 2120 3365 Deo
2148 3313 2247 3365 Pa-

685 3418 768 3460 tre
820 3405 1016 3460 Filium
1079 3422 1144 3460 ex
1199 3416 1385 3460 natura
1449 3421 1544 3460 sua
1607 3405 1762 3473 longe
1821 3419 1850 3455 a
1909 3402 2249 3473 passionibus

685 3502 893 3563 abesse,
933 3499 1088 3568 122
1113 3509 1165 3554 et
1195 3500 1388 3554 tentari
1423 3509 1594 3553 morte
1624 3509 1680 3551 ut
1713 3499 1874 3552 Deum
1909 3497 2055 3550 nullo
2088 3498 2247 3562 modo

685 3609 866 3662 posse,
894 3609 1015 3646 nam
1048 3595 1159 3662 ipsa
1185 3594 1292 3645 vita
1325 3594 1508 3660 utique
1537 3593 1717 3660 aliquo
1747 3593 1903 3646 modo
1931 3599 2245 3644 moreretur.

688 3687 791 3739 Sed
833 3695 1094 3755 repugnat
1126 3695 1300 3738 tamen
1330 3686 1489 3738 etiam
1520 3699 1658 3736 nunc
1685 3682 1934 3735 Ecclesia:
1965 3681 2247 3749 dogmatis,

686 3777 830 3829 illam
861 3775 1132 3843 Unigeniti
1173 3789 1292 3829 cum
1331 3789 1495 3827 carne
1529 3774 1982 3842 dispensationem
2028 3772 2251 3824 omnino

686 3876 1060 3929 contemnens,
1096 3875 1151 3920 et
1180 3867 1311 3919 tanti
1361 3865 1605 3936 mysterii
1652 3864 2066 3933 profunditatem
2102 3861 2251 3916 nullo

687 3955 845 4008 modo
876 3955 1244 4007 considerans.
1288 3952 1448 4007 Certe
1493 3953 1535 4007 si
1582 3951 1664 4005 vel
1700 3952 1797 4020 ipsi
1843 3950 2275 4020 quuireremus.

686 4045 986 4108 qualisnam
1030 4047 1098 4098 sit
1128 4044 1216 4097 illa
1260 4042 1418 4098 Verbi
1466 4053 1677 4109 natura,
1713 4043 1792 4095 vel
1825 4045 1866 4095 si
1909 4042 2027 4094 aliis
2060 4055 2251 4111 rogan-

687 4135 828 4187 tibus
875 4149 936 4187 ac
991 4133 1202 4188 discere
1262 4132 1600 4200 cupientibus
1647 4145 2061 4199 exponeremus,
2111 4139 2254 4183 esset

687 4222 868 4292 procul
935 4221 1099 4275 dubio
1164 4236 1498 4291 consequens
1564 4237 1627 4276 ae
1682 4222 2092 4282 necessarium,
2159 4235 2255 4288 per

687 4328 875 4366 omnes
913 4313 1188 4379 sapientes
1220 4327 1484 4382 verasque
1523 4311 1820 4366 sententias
1858 4311 2096 4364 studiose
2130 4325 2254 4378 pcr-

688 4404 973 4463 currendo,
1013 4395 1214 4455 nullum
1246 4417 1365 4457 esse
1391 4404 1545 4456 morti
1575 4401 1640 4454 ad
1677 4401 1821 4454 illam
1851 4415 2122 4454 accessum
2149 4443 2162 4464 ,
2198 4411 2254 4454 et

2338 622 2500 674 αύτὸν
2540 624 2634 675 καί
2677 624 2816 694 ὑπὲρ
2850 624 3065 676 πάντων
3091 618 3333 673 δεδόσθαι
3387 615 3588 683 φαμὲν,
3628 609 3772 664 καθά
3817 608 3910 660 καὶ

2340 715 2501 776 αὑτός
2534 715 2634 767 πού
2666 732 2828 784 φησιν
2852 731 2864 744 ·
2903 732 2922 764 t
2959 712 3113 765 Οὕτω
3141 710 3248 779 γάρ
3278 706 3564 776 ἠγάπησεν
3598 704 3626 755 6
3660 700 3790 762 Θεὸς
3820 698 3908 751 τὸν

2341 806 2564 874 κόσμον,
2597 806 2736 859 ὥστε
2779 805 2870 858 τὸν
2899 805 3026 857 Υἰὸν
3067 800 3231 855 αὑτοῦ
3268 799 3358 852 τὸν
3396 797 3654 867 μονογενῆ
3687 793 3906 851 ἔδωκεν,

2342 896 2428 948 ἵνα
2462 899 2566 959 πᾶς
2595 898 2623 948 6
2655 895 2921 948 πιστεύων
2949 895 3027 956 εἰς
3056 892 3215 945 αὑτὸν
3248 890 3322 960 μὴ
3352 887 3640 955 ἀπόληται,
3672 883 3785 936 ἀλλ’
3813 881 3910 952 ἔχῃ

2343 984 2487 1056 ζωὴν
2519 985 2755 1039 αἰώνιον.
2796 1005 2814 1038 ι
2853 983 3162 1052 Μονογενὴς
3196 980 3292 1052 μὲν
3315 975 3407 1032 οὖν
3434 980 3462 1030 ὁ
3497 976 3674 1038 δοθείς
3694 989 3708 1004 ·
3735 973 3908 1040 ἀνέφυ

2342 1077 2450 1147 γάρ
2485 1077 2642 1146 μόνος
2677 1081 2740 1131 ἐκ
2783 1078 2882 1147 τῆς
2908 1076 2998 1129 τοῦ
3031 1075 3165 1128 Θεοῦ
3205 1074 3298 1125 καὶ
3324 1070 3536 1140 Πατρὸς
3573 1066 3760 1129 οὐσίας
3795 1066 3824 1118 6
3854 1063 3912 1128 ἐξ

2341 1167 2504 1220 αὑτοῦ
2533 1184 2590 1220 τε
2621 1167 2714 1220 καὶ
2742 1167 2800 1220 ἐν
2829 1165 2976 1235 αύτῷ
3013 1166 3202 1234 Λόγος.
3245 1160 3465 1230 Ἐπειδὴ
3488 1159 3546 1211 δὲ
3575 1157 3800 1224 γέγονεν
3822 1153 3915 1207 dv-

2345 1259 2582 1328 θρωπος,
2605 1256 2779 1329 ταύτῃ
2806 1275 2886 1310 τοι
2914 1255 3013 1326 τὴν
3051 1257 3131 1318 εἰς
3166 1253 3328 1307 αὑτὸν
3361 1248 3663 1319 ποιούμεθα
3707 1247 3912 1310 πίστιν,

2342 1349 2434 1403 τὸν
2468 1347 2610 1401 κατά
2641 1348 2817 1419 σάρκα
2849 1348 3077 1401 θάνατον
3105 1344 3269 1398 αὑτοῦ
3307 1340 3789 1408 καταγγέλλοντες,
3821 1339 3917 1389 καὶ

2343 1437 2728 1509 ὁμολογοῦντες
2773 1438 2869 1507 τὴν
2903 1438 3198 1490 ἀνάστασιν
3221 1450 3232 1462 ·
3264 1433 3353 1486 τὸν
3391 1431 3551 1484 αὐτὸν
3590 1430 3790 1490 εἰδότες
3821 1427 3916 1480 xui

2343 1527 2670 1598 προαιὼνιον
2704 1527 2852 1590 Υίὸν,
2883 1527 2977 1580 καὶ
3007 1528 3064 1579 ἐν
3108 1525 3356 1594 ἐσχάτοις
3389 1522 3599 1591 καιροῖς
3626 1517 3915 1588 ἄνθρωπον

2344 1619 2722 1690 οἰκονομικῶς,
2767 1619 3005 1673 παθόντα
3049 1635 3108 1670 τε
3151 1616 3313 1686 σαρκὶ
3357 1615 3422 1666 δι’
3453 1613 3598 1683 ἡμᾶς
3628 1611 3719 1662 τὸν
3748 1609 3916 1662 θάνα-

2343 1727 2454 1774 τον,
2488 1710 2581 1762 καὶ
2603 1709 2968 1780 ἐγηγερμένον
2994 1711 3058 1761 ἐκ
3078 1707 3304 1774 νεκρῶν.
3345 1703 3484 1756 Ἀλλ’
3520 1704 3618 1755 οὐκ
3645 1696 3741 1753 οἷδ’
3767 1701 3916 1761 ὅπως

2345 1805 2458 1864 τοῖς
2490 1804 2620 1873 παρ’
2654 1803 2809 1873 ἡμῶν
2854 1800 3182 1870 ἐπασχάλλει
3210 1798 3391 1866 λόγοις
3427 1799 3456 1849 6
3500 1797 3598 1866 τῆς
3641 1792 3918 1846 Ἰουδαίων

2349 1892 2589 1963 ἀμαθίας
2618 1894 2914 1964 συνήγορος
2935 1909 2949 1923 ο
2980 1891 3084 1961 ἔφη
3123 1889 3231 1959 γὰρ
3260 1888 3420 1943 πάλιν
3441 1904 3457 1917 ⁸

2419 1984 2563 2056 [Ὅτι
2604 1985 2701 2054 μὲν
2726 1980 2817 2038 οὖν
2841 1984 2933 2036 ἐπὶ
2962 1984 3064 2050 τῆς
3103 1983 3407 2050 γεννήσεως
3431 1976 3529 2046 τῆς
3561 1976 3624 2028 ἐκ
3655 1974 3758 2042 τῆς
3781 1974 3920 2043 Χρι-

2349 2077 2601 2129 στοτόκου
2648 2075 2919 2146 Παρθένου
2947 2073 3128 2143 τίθησι
3171 2069 3250 2134 τὸ,
3285 2069 3436 2131 Υἱός,
3470 2069 3503 2136 ἡ
3537 2066 3657 2119 θεία
3701 2064 3917 2135 Γραφὴ.

2346 2168 2745 2239 δεδηλώκαμεν.
2781 2167 3046 2220 ’Ἄκουσον
3089 2163 3145 2216 δὲ
3179 2161 3272 2214 καὶ
3321 2158 3414 2212 ἐπὶ
3439 2155 3532 2210 τοῦ
3573 2155 3828 2218 θανάτου,
3871 2156 3920 2206 εἰ

2346 2261 2464 2313 ἐστι
2507 2258 2636 2312 ποτέ
2673 2256 2923 2327 κείμενος
2966 2255 2994 2306 6
3026 2253 3176 2316 Θεός,
3222 2250 3310 2302 ἵνα
3359 2246 3600 2316 παθητὸν
3643 2245 3734 2298 τὸν
3785 2243 3921 2297 Θεὸν

2349 2349 2728 2418 εἰσαγάγωμεν
2749 2363 2762 2377 ·
2797 2363 2816 2396 t
2867 2344 3104 2414 Ἐχθροί,
3139 2339 3338 2412 φησιν,
3384 2338 3534 2400 ὄντες
3574 2333 3921 2406 κατηλλάγη-

2352 2454 2450 2508 μεν
2477 2436 2554 2506 τῷ
2577 2436 2694 2507 Θεῷ
2719 2434 2806 2488 διὰ
2829 2433 2925 2487 τοῦ
2960 2433 3187 2491 θανάτου
3220 2428 3314 2482 τοῦ
3346 2424 3476 2480 Υἱοῦ
3510 2423 3698 2481 αὐτοῦ,
3745 2442 3765 2475 ι
3807 2422 3922 2475 Ούκ

2349 2527 2492 2593 εἷπε,
2518 2529 2607 2582 διὰ
2629 2527 2721 2582 τοῦ
2759 2526 2986 2581 θανάτου
3011 2522 3105 2576 τοῦ
3133 2521 3269 2574 Θεοῦ
3303 2516 3539 2589 Λόγου.]

2942 2661 3190 2715 ΚΕΦΑΛ.
3233 2660 3312 2712 A’.

2432 2780 2655 2850 Ἀληθές
2688 2780 2767 2832 ὅτι
2794 2777 2934 2831 κατά
2962 2775 3021 2829 τὸ
3054 2769 3438 2846 γεγραμμένον
3465 2766 3608 2818 ἐστί·
3644 2784 3660 2816 ι
3702 2764 3926 2824 Δίκαιος

2350 2873 2722 2943 ἀπολλύμενος
2769 2873 2824 2922 ἐν
2873 2867 3063 2937 δικαίῳ
3111 2861 3298 2918 αὑτοῦ.
3337 2880 3356 2914 δ
3399 2857 3688 2929 Ἀποφέρει
3737 2857 3794 2908 δέ
3827 2854 3921 2908 τοῦ

2350 2965 2577 3028 εἰκότος,
2609 2963 2703 3016 καὶ
2729 2962 2818 3014 τὸν
2859 2956 2917 3014 εὖ
2961 2957 3230 3028 βεϐηκότα
3279 2953 3421 3016 νοῦν,
3450 2951 3547 3020 τὴν
3589 2949 3679 3002 τοῦ
3715 2947 3925 3016 συμφέ-

2352 3072 2535 3128 ροντος
2569 3055 2786 3123 δόκησιν
2813 3051 3122 3121 ὑποτρέχων
3160 3047 3269 3100 ἔσθ’
3295 3048 3402 3104 ὅτε,
3437 3045 3495 3096 τὸ
3523 3041 3768 3109 πεφυκὸς
3802 3038 3920 3091 ἀδι-

2352 3134 2487 3201 κεῖν.
2521 3147 2704 3197 Οίεται
2739 3143 2835 3212 μέν
2864 3141 2971 3211 γὰρ
3001 3141 3059 3192 ού
3103 3137 3338 3209 μετρίως
3368 3133 3628 3195 ειῦσεὸεῖν,
3663 3129 3724 3182 τὸ
3755 3130 3923 3181 πᾶσιν

2351 3234 2778 3307 ὁμολογούμενον
2800 3232 3087 3304 κρατύνειν
3111 3227 3420 3298 ἐπιχειρῶν·
3439 3225 3609 3292 ταύτῃ
3622 3239 3702 3275 τοι
3721 3221 3921 3287 λέγων,

2349 3329 2429 3381 ὅτι
2457 3327 2598 3380 κατά
2648 3324 2810 3394 φύσιν
2859 3323 2992 3376 ἰδίαν
3025 3318 3278 3373 ἐπέκεινά
3309 3317 3368 3370 τέ
3412 3319 3528 3369 ἐστι
3587 3312 3799 3372 παθῶν,
3831 3312 3926 3363 καὶ

2351 3419 2580 3472 θανάτου
2611 3417 2876 3486 κρείττων
2904 3414 2975 3476 ὡς
3007 3414 3137 3474 Θεὸς
3166 3414 3192 3464 6
3226 3411 3288 3462 ἐκ
3317 3407 3449 3461 Θεοῦ
3491 3405 3698 3474 [ἰατρὸς
3726 3405 3924 3470 Λόγοςο

2349 3507 2568 3578 τεθναίη
2596 3508 2702 3577 γὰρ
2726 3505 2791 3558 ἂν
2816 3503 2958 3560 κατά
2987 3520 3106 3556 τινα
3129 3501 3327 3572 τρόπον
3355 3501 3386 3569 ὴ
3420 3497 3530 3567 ζωή
3555 3515 3568 3529 ·
3595 3494 3927 3566 προσκρούει

2351 3616 2415 3667 γε
2449 3597 2550 3668 μὴν
2573 3598 2725 3651 ούδὲν
2755 3591 2918 3666 ἦττον
2947 3595 3040 3647 καὶ
3083 3593 3176 3645 νῦν
3205 3595 3316 3654 τοῖς
3357 3592 3455 3659 τῆς
3491 3588 3815 3657 ’[ἰκλησίας
3844 3587 3928 3639 δό-

2351 3707 2548 3758 γμασι,
2576 3689 2674 3758 τῆς
2707 3689 2842 3757 μετά
2873 3686 3073 3756 σαρκὸς
3103 3683 3412 3754 οἰκονομίας
3446 3679 3536 3734 τοῦ
3585 3678 3929 3745 Μονογενούς

2351 3783 2430 3844 εἰς
2461 3781 2606 3835 ἀπαν
2654 3777 2986 3850 ἠφειδηκὼς,
3039 3775 3256 3830 καὶτοῦ
3300 3774 3597 3844 μυστηρίου
3636 3772 3696 3824 τὸ
3759 3771 3924 3840 βάθος

2352 3874 2473 3925 κατ’
2507 3873 2694 3924 ούδένα
2739 3870 2937 3942 τρόπον
2965 3867 3180 3922 ἐννοῶν.
3213 3867 3274 3919 Εἰ
3314 3868 3408 3934 μὲν
3432 3862 3737 3930 ἐξετάζοιτο
3784 3862 3923 3932 πρὸς

2352 3960 2511 4031 ἡμῶν
2543 3960 2701 4012 ὁποία
2721 3960 2803 4019 τίς
2836 3959 2981 4010 ἐστιν
3012 3959 3044 4026 ή
3071 3955 3164 4008 τοῦ
3187 3954 3357 4021 Λόγου
3387 3952 3565 4021 φύσις,
3592 3953 3759 4021 ἤγουν
3788 3951 3926 4020 ἐρω-

2357 4053 2534 4123 μένοις
2577 4051 2669 4104 καὶ
2719 4049 3016 4118 ἀναμαθεῖν
3063 4047 3333 4100 ἐθέλουσιν
3375 4045 3598 4114 ἑτέροις,
3642 4044 3787 4112 ἡμᾶς
3841 4041 3922 4103 ἐξ·

2354 4140 2601 4211 ηγείσθαι
2633 4140 2773 4210 χρή·
2817 4136 2882 4208 ἦν
2913 4139 2974 4208 δή
3014 4154 3114 4190 που
3147 4137 3362 4197 πάντως
3389 4134 3676 4188 ἀκόλουθόν
3720 4151 3780 4185 τε
3834 4135 3930 4185 καὶ

2354 4234 2670 4301 ἀναγκαῖον,
2710 4230 2796 4283 διὰ
2830 4232 3010 4299 πάσης
3038 4229 3242 4290 ἐννοίας
3283 4225 3451 4294 σοφῆς
3481 4241 3539 4276 τε
3573 4224 3666 4276 καὶ
3691 4221 3933 4291 ἀληθοῦς

2359 4324 2494 4376 ἰέναι
2543 4319 2961 4384 σπουδάζοντας,
3015 4319 3305 4389 ἀπρόσιτον
3355 4314 3521 4384 αὐτὴν
3573 4311 3651 4380 τῷ
3710 4312 3930 4379 θανάτῳ

2355 4413 2638 4474 δεικνύειν,
2669 4414 2761 4465 κατ⁹
2789 4411 2975 4464 παθῶν
3005 4411 3083 4472 εἰς
3111 4410 3253 4462 ἀπαν
3293 4405 3733 4475 ἀπηλλαγμένην.
3775 4402 3930 4455 Ἐπεὶ

689 4494 740 4545 in
765 4493 1070 4545 universum
1096 4508 1122 4544 a
1149 4493 1488 4561 passionibus
1510 4505 1628 4545 esse
1649 4500 1910 4545 remotam
1941 4493 2244 4545 ostendere.

2355 4509 2409 4560 δέ
2439 4509 2466 4559 ὁ
2488 4508 2585 4574 τῆς
2625 4506 3088 4575 ἐνανθρωπὴσεως
3118 4502 3318 4572 τρόπος
3351 4500 3562 4552 δίδωσιν
3591 4497 3735 4567 αύτῴ
3764 4497 3827 4549 τό
3868 4515 3930 4563 γε

689 4583 957 4648 Quoniam
995 4598 1121 4636 vero
1151 4584 1340 4636 modus
1365 4597 1472 4651 quo
1496 4583 1586 4636 ille
1613 4581 1788 4635 factus
1819 4591 1900 4634 est
1930 4581 2108 4646 homo,
2139 4581 2252 4634 elli-

688 4676 796 4736 cit,
853 4673 992 4742 quod
1050 4672 1116 4726 ad
1168 4674 1404 4726 rationes
1448 4671 1866 4741 dispensationis
1915 4671 2137 4735 attinet,
2196 4679 2255 4723 ut

687 4764 898 4816 etiamsi
942 4776 1105 4816 carne
1158 4765 1292 4817 mori
1323 4763 1472 4828 velit,
1529 4763 1662 4816 nihil
1709 4764 1761 4817 in
1798 4763 2011 4831 propria
2066 4772 2251 4815 natura

691 4857 964 4923 patiatur;
997 4870 1094 4908 cur
1128 4869 1225 4908 nos
1250 4855 1448 4923 spolias
1478 4857 1856 4924 pulcherrimis
1883 4856 2256 4926 ornamentis?

688 4949 895 5002 Audisti
933 4963 1166 5015 namque
1195 4950 1457 5002 dicentem
1489 4962 1502 4999 :
1546 4967 1564 4998 ι
1594 4946 1787 5002 Pastor
1818 4947 1989 5003 bonus
2019 4949 2252 5002 animam

690 5054 843 5092 suam
883 5039 1035 5106 ponit
1079 5054 1185 5107 pro
1205 5040 1396 5093 nvibus
1429 5039 1494 5093 “.
1536 5058 1554 5089 ι
1590 5038 1756 5107 lgitnr
1813 5040 2022 5093 etiamsi
2068 5056 2256 5109 passus

689 5146 809 5186 esse
839 5130 1070 5194 dicatur,
1101 5131 1484 5200 intpassibilem
1519 5132 1765 5185 novimus
1805 5140 1865 5183 ttt
1915 5130 2102 5197 Deum,
2135 5147 2258 5201 pas-

695 5238 811 5276 sum
851 5236 972 5275 vero
1010 5237 1127 5275 esse
1169 5232 1392 5275 mortem
1430 5222 1820 5290 dispensatorie
1851 5237 1943 5276 sua
1986 5237 2148 5277 carne
2179 5224 2258 5277 di-

689 5314 882 5378 cimus,
917 5323 991 5378 ut,
1054 5325 1230 5369 morte
1291 5313 1519 5378 calcata,
1562 5324 1615 5368 et
1660 5329 1946 5384 resurgens
1990 5324 2259 5383 quatenus

2355 4591 2488 4667 ἦκον
2513 4597 2592 4659 εἰς
2617 4596 2742 4656 τοὺς
2767 4593 2867 4663 τῆς
2893 4591 3203 4660 οἰκονομίας
3226 4589 3437 4656 λόγους,
3463 4587 3524 4639 τὸ
3553 4586 3653 4639 κᾶν
3681 4588 3729 4637 εἰ
3753 4586 3932 4636 ἕλοιτο

2355 4687 2606 4739 τεθνάναι
2655 4682 2836 4755 σαρκὶ,
2874 4682 3036 4752 μηδὲν
3086 4681 3162 4744 εἰς
3215 4679 3346 4731 ἰδίαν
3386 4677 3672 4745 ὑπομεῖναι
3725 4674 3928 4743 φύσιν·

2357 4778 2408 4829 τί
2437 4777 2544 4828 τῶν
2573 4775 2870 4828 καλλίστων
2901 4775 3047 4843 ἡμᾶς
3101 4771 3433 4840 αὐχημάτων
3468 4768 3818 4836 ἀποστερεῖςς
3848 4769 3933 4816 Δι-

2364 4866 2570 4918 επύθου
2603 4867 2709 4936 γὰρ
2732 4864 2997 4932 λέγοντος,
3029 4881 3046 4912 ι
3067 4862 3128 4913 Ὀ
3153 4861 3354 4930 ποιμὴν
3381 4861 3407 4911 6
3438 4858 3599 4921 καλὸς
3626 4857 3720 4926 τὴν
3752 4857 3934 4926 ψυχὴν

2360 4958 2557 5012 ἑαυτοῦ
2607 4957 2818 5025 τίθησιν
2860 4955 3000 5024 ὑπὲρ
3035 4953 3143 5005 τῶν
3184 4951 3490 5022 προϐάτων.
3526 4969 3543 5000 ι
3586 4948 3795 5001 Ούκοῦν
3830 4949 3934 5025 κάν

2360 5051 2408 5102 εἰ
2438 5048 2647 5114 λέγοιτο
2679 5022 2890 5107 παθεῖν,
2919 5022 3100 5112 ἀπαθῆ
3134 5043 3230 5114 μὲν
3256 5044 3411 5112 ίσμεν
3433 5041 3507 5104 ὡς
3547 5040 3698 5100 Θεὸν,
3728 5022 3934 5092 πεπόν-

2362 5140 2515 5192 θέναι
2547 5139 2601 5191 δέ
2629 5155 2804 5207 φαμεν
2839 5134 3193 5206 οἰκονομικῶς
3230 5134 3336 5204 ἰδίᾳ
3369 5133 3532 5202 σαρκί
3561 5133 3650 5184 τὸν
3679 5131 3933 5193 θάνατον,

2363 5231 2731 5300 ἴνα.πατήσας
2762 5229 2940 5290 αὐτὸν,
2972 5227 3063 5280 καὶ
3095 5223 3480 5299 ἐγηγερμένος,
3514 5221 3646 5275 καθὸ
3685 5221 3934 5290 πέφυκεν

2363 5316 2497 5373 εἶναι
2525 5320 2636 5389 ζωὴ
2660 5319 2752 5372 καὶ
2779 5317 3059 5381 ζωοποιὸς,
3083 5312 3545 5385 μεταστοιχειώσῃ
3569 5310 3703 5382 πρὸς
3730 5310 3936 5387 ἀφθαρ-

761 5469 802 5500 ³¹
839 5466 997 5522 Joan.
1032 5482 1116 5534 tu,
1158 5466 1247 5522 16.
1325 5468 1370 5499 ³’
1399 5469 1555 5522 Rom.
1590 5483 1643 5535 v,
1675 5470 1760 5524 10.
1842 5471 1886 5503 ³³
1928 5472 2106 5528 Eccle.
2150 5488 2245 5537 vu,

2354 5513 2368 5527 .
2443 5472 2731 5540 a“JoanJ,
2762 5473 2851 5528 ll.

1952 5625 2110 5681 ANT.
2141 5626 2409 5683 AGELLH
2443 5627 2674 5684 ΝΟΤᾹΞ.

761 5784 872 5856 (3t)
904 5782 1086 5842 Melius
1138 5782 1367 5841 fortasse
1407 5793 1735 5851 verteretur,
1760 5786 1895 5852 quod
1933 5796 2113 5846 suapte
2150 5798 2337 5843 natura
2371 5791 2582 5844 noxium
2615 5797 2714 5844 cst.
