4078 6348
195 384 289 440 215

1227 382 1597 438 ADVERSUS
1633 382 2032 441 NESTORIUM
2074 387 2203 442 LIB.
2246 388 2311 442 ν.

3287 398 3393 451 2H

196 500 305 551 σίαν
335 498 395 550 τὸ
425 499 636 568 θανάτῳ
685 499 1135 570 τυραννούμενον,
1167 503 1430 565 τουτέστι,
1467 502 1526 554 τὸ
1559 502 1738 571 σῶμα.

1847 514 2032 573 suapte
2070 516 2258 561 natura
2298 507 2405 560 vita
2437 516 2519 561 est
2546 523 2605 562 ac
2635 508 2940 571 viviﬁcans,
2977 506 3293 564 reformaret
3327 514 3392 566 ad

193 589 338 642 Οὕτω
367 606 424 641 τε
459 590 551 641 καὶ
595 594 671 653 εἰς
702 593 846 660 ἡμᾶς
875 594 906 661 ἡ
940 590 1032 644 τοῦ
1074 593 1489 661 κατορθώματος
1528 594 1743 662 διατρέ-

193 697 263 750 χει
296 680 544 751 δύναμις,
590 683 669 744 είς
712 682 854 735 ἆπαν
904 685 1247 753 ἐκτεινομένη
1302 683 1358 735 τὸ
1406 683 1581 751 γένος.
1632 684 1740 736 Καὶ

190 771 310 837 γοῦν
346 776 374 824 ὀ
406 772 689 835 θεσπέσιος
733 772 941 837 Παῦλος
963 792 974 804 ·
1014 792 1032 825 ι
1082 774 1219 842 Ἐγὼ
1246 775 1333 829 διὰ
1368 776 1553 845 νόμου,
1586 777 1737 845 φησι,

190 862 328 931 νόμῳ
370 862 659 924 ἀπέθανον,
695 863 780 915 ἵνα
807 862 923 932 Θεῷ
970 866 1118 930 ζήσω
1144 882 1155 893 ·
1188 864 1406 934 Χριστῷ
1451 866 1740 918 συνεσταῦο

191 964 381 1016 ρωμαι.
411 948 496 1000 Ζῶ
516 948 593 1010 δὲ,
618 950 798 1003 οὐκέτι
838 950 967 1018 ἐγὼ,
1005 952 1069 1021 ζῇ
1101 952 1155 1005 δὲ
1179 954 1236 1004 ἐν
1263 954 1385 1021 ἐμοὶ
1411 954 1438 1004 ὁ
1469 954 1701 1023 Χριστός
1724 972 1737 986 ⁸

189 1033 226 1105 ᾧ
256 1039 312 1090 δὲ
366 1038 461 1092 νῦν
493 1039 591 1104 ζῶ,
627 1042 684 1093 ἐν
732 1043 912 1094 πίστει
955 1042 1049 1108 ζῶ,
1082 1045 1138 1096 ἐν
1173 1044 1334 1114 σαρκὶ
1363 1048 1428 1113 τῇ
1475 1044 1566 1098 τοῦ
1607 1046 1737 1098 Υἱοῦ

188 1129 271 1182 τοῦ
300 1130 432 1183 Θεοῦ
459 1131 552 1183 τοῦ
581 1134 962 1201 ἀγαπήσαντός
1001 1150 1089 1203 με,
1122 1136 1214 1187 καὶ
1245 1136 1574 1204 παραδόντος
1609 1139 1739 1188 ἐαυ-

187 1220 267 1273 τὸν
309 1223 445 1293 ὑπὲρ
472 1222 628 1291 ἐμοῦ.
656 1225 767 1277 Οὐκ
796 1226 971 1278 ἀθετῶ
998 1226 1093 1295 τὴν
1121 1228 1278 1295 χάριν
1297 1228 1388 1280 τοῦ
1420 1228 1575 1280 Θεοῦ.
1612 1248 1629 1279 ι
1665 1230 1739 1281 Οὐ

186 1310 285 1382 γὰρ
332 1310 410 1363 ἐτι
443 1310 542 1381 τὴν
593 1313 727 1365 ἰδίαν
768 1314 1039 1385 διαζῶμεν
1072 1314 1234 1387 ζωὴν,
1269 1318 1367 1388 τὴν
1412 1318 1646 1389 Χριστοῦ
1684 1320 1740 1372 δὲ

190 1401 403 1469 μᾶλλον,
448 1402 543 1454 καὶ
595 1402 741 1456 ἐστιν
788 1405 1006 1476 ἀληθὲς,
1036 1407 1109 1470 ὡς
1144 1427 1161 1459 ι
1192 1404 1285 1472 Εἷς
1332 1410 1471 1480 ὑπὲρ
1526 1412 1739 1464 πάντων

186 1492 471 1555 ἀπέθανεν,
508 1494 593 1546 ἴνα
621 1496 670 1547 οἱ
702 1494 899 1559 ζῶντες
931 1499 1125 1566 μηκέτι
1151 1500 1359 1561 ἑαυτοῖς
1389 1499 1572 1565 ζῶσιν,
1607 1502 1741 1556 ἀλλὰ

186 1582 255 1651 τῷ
290 1584 429 1655 ὑπὲρ
458 1586 638 1639 αὐτῶν
682 1587 1030 1653 ἀποθανόντι,
1073 1591 1168 1644 καὶ
1212 1592 1505 1661 ἐγερθέντι.
1546 1612 1564 1645 ι
1608 1595 1742 1664 Πρὶν

188 1672 278 1741 μὲν
302 1675 410 1744 γὰρ
433 1675 560 1744 ἡμῖν
599 1678 901 1747 ἐπιλάμψαι
926 1679 1016 1732 τὸν
1058 1682 1317 1751 μονογενῆ
1348 1682 1441 1735 τοῦ
1482 1683 1615 1736 Θεοῦ
1649 1684 1743 1737 Λό-

183 1778 293 1828 γον,
330 1764 540 1835 ἀμαθίᾳ
571 1767 665 1820 καὶ
708 1768 882 1837 σκότῳ
927 1772 1343 1841 κεκρατημένοι,
1381 1774 1594 1826 καὶτὸν
1638 1776 1739 1844 τῆς

184 1856 447 1924 ἁμαρτίας
478 1858 691 1927 ἔχοντες
724 1858 906 1925 ζυγὸν,
932 1860 1023 1912 καὶ
1047 1861 1377 1927 ἀνάπτοντες
1404 1866 1634 1930 ἀνοσίως
1669 1870 1733 1936 τῇ

1846 595 2296 664 incorruptionem
2327 599 2375 651 id
2410 599 2549 666 quod
2576 600 2762 653 mortis
2792 599 3069 670 tyrannide
3092 600 3391 666 tenebatur,

1844 685 1892 738 id
1924 695 2006 740 est
2038 700 2250 756 corpus.
2282 686 2358 740 Ita
2394 689 2444 741 iu
2475 702 2571 743 nos
2604 689 2746 757 ipsos
2774 702 2983 759 quoque
3007 692 3086 744 vis
3115 690 3229 761 ejus
3267 706 3397 761 ope-

1844 778 1918 829 ris
1949 779 2205 841 recurrit,
2248 780 2369 832 dum
2406 780 2458 832 in
2507 780 2813 834 universum
2858 796 3025 849 genus
3069 783 3394 836 extenditur.

1842 868 1909 921 Et
1956 879 2103 924 certe
2146 871 2334 925 beatus
2369 870 2566 926 Paulus
2596 872 2672 925 ait
2703 888 2717 923 :
2751 890 2769 923 ι
2796 871 2906 939 Ego
2947 886 3043 941 per
3076 872 3246 943 legem
3293 874 3396 944 legi

1842 972 2084 1014 mortuus
2115 977 2254 1026 sum,
2296 971 2353 1015 ut
2396 963 2568 1016 vivam
2602 965 2748 1017 Deo:
2798 964 3012 1017 Christo
3054 965 3212 1017 simul
3250 967 3396 1020 cruci

1842 1053 2082 1106 conﬁxus
2112 1068 2252 1106 sum.
2297 1052 2422 1106 Vivo
2447 1061 2642 1117 autem,
2666 1054 2772 1122 jam
2806 1068 2909 1106 non
2937 1066 3067 1121 ego,
3102 1056 3231 1109 vivit
3270 1070 3399 1110 vero

1843 1142 1897 1195 in
1931 1158 2013 1197 me
2037 1143 2301 1198 Christus.
2333 1143 2482 1209 Quod
2508 1157 2632 1198 vero
2675 1158 2814 1196 nunc
2845 1143 2985 1208 vivo,
3024 1144 3078 1197 in
3123 1145 3226 1198 ﬁde
3252 1146 3396 1210 vivo,

1842 1232 1895 1284 in
1928 1247 2091 1286 carne
2131 1233 2216 1286 illa
2245 1234 2365 1288 Filii
2400 1234 2528 1298 Dei,
2563 1235 2656 1302 qui
2707 1234 2895 1288 dilexit
2939 1250 3051 1299 me,
3087 1245 3141 1289 et
3185 1236 3403 1290 tradidit

1842 1326 2188 1393 semetipsum
2230 1339 2327 1394 pro
2364 1341 2468 1379 me.
2502 1324 2615 1379 Non
2657 1325 2849 1391 abjicio
2886 1326 3111 1394 gratiam
3160 1325 3251 1379 Dei
3271 1324 3336 1377 ³⁸.
3375 1344 3393 1379 ι

1842 1414 1955 1469 Νοη
1980 1417 2123 1470 enim
2146 1417 2254 1485 jam
2280 1418 2491 1486 pr0pria
2524 1417 2750 1470 vivimus
2772 1417 2900 1479 vita,
2938 1416 3033 1470 sed
3064 1417 3281 1479 Christi,
3311 1430 3402 1471 ve-

1843 1521 2067 1574 rumque
2112 1507 2235 1559 illud
2276 1517 2378 1571 est,
2410 1525 2428 1557 ‹
2466 1508 2642 1563 Unum
2676 1522 2775 1576 pro
2821 1508 3069 1561 omnibus
3096 1507 3397 1575 {mortuum,

1843 1603 1901 1648 ut
1940 1597 2029 1665 qui
2057 1598 2265 1659 vivunt,
2298 1612 2400 1651 non
2427 1597 2537 1666 jam
2578 1598 2677 1651 sibi
2720 1598 2915 1661 vivant,
2958 1597 3051 1651 sed
3099 1597 3147 1650 ei
3178 1596 3265 1664 qui
3305 1610 3403 1665 pro

1843 1684 1974 1750 ipsis
2014 1692 2255 1739 mortuus
2309 1693 2409 1749 est,
2444 1693 2498 1738 et
2546 1686 2837 1739 resurrexit
2862 1686 2929 1742 ⁸⁸.
2980 1703 3000 1737 ι
3049 1683 3206 1739 Prius
3256 1685 3398 1738 enim

1845 1791 2003 1843 quam
2040 1776 2319 1844 affulgeret
2378 1778 2531 1831 nobis
2578 1777 2705 1831 illud
2748 1777 3080 1846 unigenitum
3136 1776 3226 1830 Dei
3266 1776 3400 1829 Ver-

1842 1867 2007 1931 bum,
2057 1867 2268 1922 inscitia
2321 1876 2374 1921 et
2430 1868 2665 1921 tenebris
2705 1868 3050 1933 tenebamur,
3095 1875 3149 1919 et
3196 1867 3399 1935 peccati

184 1945 352 1999 κτίσει
381 1949 441 2000 τὸ
472 1949 654 2014 σέϐας,
687 1950 835 2021 παρὰ
864 1950 954 2004 τὸν
984 1952 1207 2023 κτίστην
1234 1955 1329 2008 καὶ
1358 1958 1606 2027 ποιητὴν,
1644 1960 1736 2010 καὶ

1847 1957 1967 2026 iugo
1998 1958 2190 2026 pressi.
2239 1966 2294 2011 et
2324 1966 2584 2011 creaturae
2630 1957 2829 2011 cultum
2868 1956 3027 2024 impie
3071 1957 3395 2021 tribuentes,

184 2038 284 2089 πᾶν
308 2033 449 2101 εἶδος
480 2040 809 2110 φαυλότητος
850 2042 1266 2113 ἀνεπιπλήκτως
1312 2045 1736 2114 ἐπιτηδεύοντες,

181 2128 236 2178 ἐν
282 2127 562 2181 διαστάσει
620 2130 955 2199 διετελοῦμεν
1002 2134 1051 2183 ot
1099 2133 1347 2197 τάλανες,
1395 2136 1565 2206 ἐχθρά
1606 2155 1741 2207 φρο-

182 2218 396 2281 νοῦντες
441 2218 608 2288 αὐτῷ.
660 2220 1098 2291 Κατηλλάγμεθα
1145 2223 1201 2275 δὲ
1240 2224 1327 2277 διὰ
1366 2224 1459 2278 τοῦ
1508 2225 1737 2281 θανάτου

180 2308 267 2361 τοῦ
329 2309 459 2361 Υίοῦ
528 2310 727 2374 αὑτοῦ,
790 2311 930 2364 καθά
983 2313 1312 2381 γέγραπται.
1363 2317 1435 2370 Σὺ
1472 2316 1528 2369 δὲ
1581 2318 1740 2372 πάλιν

180 2400 235 2449 ἐν
285 2402 502 2470 σμικρῷ
552 2402 841 2471 πεποίησαι
889 2403 1047 2473 λόγῳ,
1096 2404 1154 2457 τὸ
1198 2406 1427 2476 ἀληθές·
1464 2408 1557 2460 καὶ
1607 2409 1742 2478 ἀχά-

179 2484 319 2541 λινον
377 2494 456 2552 είς
510 2491 779 2560 ἐξιτηλίαν
828 2495 1140 2562 ἀποφαίνων
1189 2498 1320 2565 ἡμῖν
1372 2498 1462 2550 τὸν
1514 2498 1740 2551 σεαυτοῦ

183 2580 372 2649 λόγον,
440 2581 805 2652 κατηλλάχθαι
869 2584 973 2654 φὴς
1041 2587 1116 2656 τῷ
1186 2588 1303 2657 Θεῴ
1350 2590 1440 2641 τὸν
1505 2590 1739 2660 κόσμον,

178 2673 238 2724 οὑ
270 2672 360 2726 διά
404 2690 465 2741 γε
495 2674 588 2727 τοῦ
617 2675 969 2742 Μονογενοῦς,
1017 2678 1279 2742 τουτέστι,
1315 2680 1406 2731 τοῦ
1440 2682 1503 2734 ἐκ
1534 2682 1743 2752 Πατρὸς

183 2763 377 2828 φύντος
412 2765 601 2833 Λόγου.
647 2766 882 2827 Ἀκούων
922 2766 977 2819 δὲ
1028 2767 1255 2821 θάνατον
1287 2770 1378 2821 τοῦ
1430 2771 1580 2836 Υἱοῦ,
1626 2768 1744 2824 εἶτα

184 2855 509 2924 βασανίζων,
549 2858 624 2919 ὡς
664 2858 783 2923 οἴει,
834 2858 1042 2921 λεπτῶς
1090 2860 1189 2922 τὰς
1219 2860 1311 2913 τοῦ
1343 2860 1602 2934 θεηγόρου
1634 2880 1745 2932 φω-

182 2946 296 3009 νὰς,
336 2948 400 2998 οὐ
436 2948 751 3012 κατέδεισας
789 2952 993 3002 είπεῖν·
1032 2949 1165 3021 [Οὐκ
1214 2950 1338 3021 ἔφη,
1387 2952 1473 3005 διὰ
1514 2952 1607 3010 τοῦ
1648 2954 1747 3005 θα-

181 3036 340 3089 νάτου
371 3036 463 3088 τοῦ
498 3038 631 3090 Θεοῦ
670 3038 891 3108 Λόγου.]
926 3037 1057 3092 Εἶτα
1086 3040 1200 3102 πῶς
1228 3038 1316 3110 ἧν,
1351 3043 1471 3094 εἰπέ
1511 3060 1622 3111 μοι,
1658 3062 1742 3096 σο-

1844 2046 2031 2100 relicto
2054 2055 2298 2101 creatore
2325 2055 2483 2114 atque
2517 2044 2728 2113 oyilice,
2764 2054 2816 2098 et
2843 2059 3005 2099 omne
3043 2043 3400 2110 improbitatis

1845 2153 2015 2206 genus
2040 2137 2207 2192 libere
2237 2146 2525 2202 sectantes,
2558 2138 2611 2190 in
2646 2136 2912 2191 discordia
2932 2135 3129 2190 miseri
3169 2134 3402 2204 degeba-

1846 2245 1987 2292 mus,
2020 2243 2139 2297 quae
2176 2229 2248 2283 illi
2285 2228 2500 2282 inimica
2529 2236 2684 2282 erant
2712 2235 3060 2294 expetentes;
3092 2223 3184 2278 sed
3212 2238 3404 2277 recon-

1846 2318 2009 2372 ciliati
2052 2332 2237 2372 sumus
2275 2332 2370 2385 per
2417 2325 2641 2371 mortem
2691 2314 2811 2369 Filii
2860 2316 2995 2384 ejus,
3046 2324 3103 2368 ut
3144 2314 3400 2383 scriptum

1846 2411 2016 2466 est".
2054 2411 2133 2465 Tu
2174 2425 2302 2464 vero
2330 2418 2547 2472 contra,
2585 2407 2789 2462 minimi
2831 2406 2964 2461 facis
2996 2406 3313 2470 veritatem,
3348 2414 3405 2460 et

1850 2513 1994 2557 tuum
2023 2516 2325 2558 sermonem
2358 2500 2421 2553 ad
2458 2499 2747 2553 vanitatem
2775 2498 3037 2552 effrenato
3070 2512 3230 2552 cursu
3267 2510 3403 2564 prae-

1847 2594 2061 2661 cipitem
2093 2591 2388 2659 proferens,
2424 2590 2675 2643 mundum
2710 2603 2827 2643 esse
2866 2588 2974 2642 Deo
3005 2588 3402 2643 reconciliatum

1851 2685 2069 2748 asseris,
2103 2682 2257 2753 123
2291 2696 2393 2735 non
2424 2691 2603 2735 tamen
2633 2695 2725 2747 per
2765 2678 3129 2748 Unigenitum,
3156 2680 3255 2732 hoc
3287 2687 3404 2741 est,

1850 2790 1945 2844 per
1975 2772 2207 2828 Verbum
2232 2786 2298 2825 ex
2321 2769 2480 2824 Patre
2511 2769 2765 2839 genitum.
2795 2767 2898 2821 Sed
2928 2766 3151 2820 audiens
3179 2776 3404 2820 mortem

1850 2864 1990 2929 Filii,
2018 2863 2208 2918 deinde
2238 2861 2415 2916 verbis
2461 2859 2696 2928 Apostoli
2731 2859 3017 2922 subtiliter,
3057 2865 3117 2909 ut
3160 2857 3274 2926 ipse
3312 2871 3408 2924 pu-

1856 2966 1955 3018 tas,
1990 2951 2332 3015 examinatis,
2364 2964 2468 3003 non
2494 2964 2552 3001 es
2586 2948 2788 3002 veritus
2818 2946 2997 3000 dicere
3028 2962 3041 2997 :
3084 2945 3221 3017 [Non
3252 2945 3405 3011 dixit,

1852 3059 1950 3113 per
1985 3053 2210 3096 mortem
2256 3040 2347 3093 Dei
2391 3037 2600 3109 Verbi.]
2633 3038 2788 3105 Atqui
2835 3034 3102 3103 quomodo
3146 3034 3407 3104 ejusmodi

183 3127 308 3190 φὺς,
374 3126 573 3196 μᾶλλον
638 3127 695 3180 δὲ
759 3129 874 3191 πῶς
928 3130 1023 3199 οὐχ
1082 3130 1297 3200 ἁπάσης
1356 3132 1743 3203 ἐμϐροντησίας

1854 3134 2029 3187 oratio
2057 3132 2347 3200 prudenter
2374 3128 2551 3183 efferri
2597 3127 2896 3196 potuisset?
2944 3126 3052 3179 imo
3100 3140 3227 3179 vero
3272 3138 3408 3195 quo-

181 3217 435 3285 ἔμπλεως
461 3220 488 3271 ὁ
525 3220 725 3273 τοιόσδε
760 3222 948 3287 λόγος;
976 3221 1200 3287 Θανάτῳ
1230 3221 1337 3292 γὰρ
1362 3224 1587 3293 κάτοχον
1616 3227 1747 3277 ἀπο-

182 3307 351 3377 φῆναι
396 3310 491 3380 τὴν
524 3309 686 3381 ζωὴν,
725 3311 841 3374 πῶς
876 3308 943 3381 ἦν
978 3311 1295 3379 ἀκόλουθον;
1336 3314 1456 3365 εἰπέ
1488 3331 1618 3383 μοι·
1657 3316 1749 3367 καὶ

179 3399 276 3467 τῆς
304 3401 376 3451 τὰ
402 3401 579 3453 πάντα
610 3403 976 3472 ζωογονούσης
1009 3404 1221 3471 φύσεως
1254 3406 1624 3474 κατηγορῆσαι
1653 3406 1749 3475 τὴν

182 3489 417 3560 φθορὰν,
452 3490 569 3552 πῶς
614 3492 711 3542 οὐκ
758 3492 1101 3561 ἀπόπληκτον
1137 3494 1351 3563 κομιδῇ,
1394 3494 1485 3546 καὶ
1532 3496 1628 3564 τῆς
1671 3498 1749 3557 εἰς

181 3580 331 3649 λῆξιν
362 3581 604 3651 ἡκούσης
636 3583 943 3653 δυσφημίας
987 3583 1261 3653 ἐπίϐλημα
1292 3584 1402 3653 (55)
1439 3586 1631 3652 γένοιτ’
1660 3587 1747 3651 ἂν,

182 3674 275 3723 καὶ
311 3673 461 3742 μάλα
494 3674 747 3739 εἰκότως;
781 3674 984 3728 Οὐκοῦν
1017 3676 1213 3744 ἥκιστα
1246 3675 1342 3744 μὲν
1372 3678 1488 3737 ταῖς
1529 3679 1642 3738 σαῖς
1672 3677 1750 3739 είς

180 3763 339 3815 τοῦτο
366 3766 758 3833 περιεργείαις,
789 3766 957 3835 ἤγουν
979 3766 1375 3835 εἰκαιομυθίαις
1396 3770 1423 3818 ό
1451 3768 1558 3820 τῶν
1581 3769 1749 3834 ἁγίων

181 3855 373 3908 ἕπεται
407 3857 563 3919 νοῦς·
599 3854 704 3909 οἶδε
734 3858 809 3921 δὲ,
847 3855 953 3910 οἶδε
1006 3857 1244 3911 παθόντα
1295 3859 1458 3927 σαρκὶ
1501 3858 1566 3909 δι’
1607 3860 1750 3927 ἡμᾶς

178 3944 269 3998 τὸν
296 3949 399 3999 τοῦ
458 3947 591 4001 Θεοῦ
632 3950 821 4016 Λόγον,
868 3950 962 4002 καὶ
1004 3949 1082 4019 τῷ
1117 3950 1328 4019 θανάτῳ
1356 3950 1450 4003 τοῦ
1487 3952 1615 4003 ἰδίου
1650 3949 1752 4001 σώ-

182 4050 354 4101 ματος
398 4035 697 4104 κεκληκότα
721 4038 809 4089 τὸν
839 4037 1039 4107 κόσμον
1066 4040 1143 4099 είς
1174 4038 1463 4105 διαλλαγὰς
1496 4040 1592 4100 τὰς
1618 4040 1751 4109 πρός

180 4123 241 4189 γέ
274 4140 422 4192 φημι
449 4125 540 4176 τὸν
565 4126 621 4175 ἐν
642 4128 749 4187 τοῖς
773 4126 1016 4195 οὐρανοῖς
1049 4127 1284 4197 Πατέρα.
1324 4130 1429 4179 Καὶ
1470 4128 1599 4194 γοῦν
1646 4129 1747 4197 ἔφη

179 4230 285 4265 που
320 4214 460 4283 πρὸς
491 4213 586 4267 ἕνα
616 4214 722 4267 τῶν
746 4216 913 4282 ἁγίων
934 4216 1187 4285 μαθητῶν
1210 4218 1334 4280 τοὺς
1353 4217 1538 4283 λόγους
1568 4217 1751 4270 ποιού-

179 4320 373 4372 μενος·
432 4322 451 4353 ‹
508 4304 645 4371 Ἐγώ
696 4310 810 4375 εἰμι
855 4307 1056 4375 ήὸδὸς,
1102 4307 1194 4358 καὶ
1243 4308 1274 4376 ἡ
1325 4306 1548 4375 ἀλήθεια
1592 4308 1748 4375 καὶὴ

177 4395 315 4462 ζωὴ,
353 4395 451 4445 καὶ
484 4393 655 4456 οὐδεὶς
684 4395 897 4465 ἔρχεται
945 4396 1077 4463 πρὸς
1113 4396 1203 4447 τὸν
1232 4395 1448 4464 Πατέρα
1478 4398 1526 4447 εὶ
1567 4396 1641 4464 μὴ
1684 4394 1749 4445 δι’

1852 3224 2009 3277 modo
2057 3237 2158 3275 non
2205 3234 2427 3274 summae
2480 3218 2667 3272 fuisset
2712 3217 2934 3270 insanire
2979 3216 3188 3285 plena?
3236 3215 3409 3283 Ipsam

1849 3314 1992 3368 enim
2030 3313 2191 3365 vitam
2226 3312 2381 3365 morti
2419 3310 2705 3363 obnoxiam
2731 3309 2929 3372 dicere,
2978 3305 3245 3376 quomodo
3276 3306 3411 3359 fuis-

1849 3413 1951 3469 set,
1986 3417 2113 3472 rogo
2147 3411 2217 3465 te,
2246 3399 2625 3467 consequens?
2660 3406 2713 3451 et
2760 3397 2828 3451 de
2873 3406 3062 3451 natura
3106 3396 3414 3451 vivificante

1849 3496 2047 3558 omnia,
2065 3492 2457 3561 corruptionem
2475 3488 2775 3550 enuntiare,
2790 3488 3056 3555 quomodo
3070 3503 3173 3540 non
3192 3502 3414 3541 summa“:

1850 3583 2129 3638 dementia:
2151 3582 2317 3635 fuisse
2353 3589 2405 3634 et
2434 3594 2656 3633 summae
2686 3576 3027 3646 blasphemiae
3069 3577 3270 3629 crimen
3294 3576 3415 3644 jure

1850 3671 2200 3728 censeretur?
2218 3669 2332 3725 Non
2351 3684 2480 3740 ergo
2508 3668 2615 3723 tuis
2635 3668 2685 3721 in
2706 3667 2806 3721 hac.
2830 3682 2886 3720 re
2910 3666 3313 3729 subtilitatibus,
3332 3666 3413 3719 vel

1849 3764 2003 3817 vanis
2031 3761 2411 3833 nugationibus
2433 3800 2448 3826 ,
2483 3769 2790 3813 sanctorum
2823 3758 3060 3811 virorum
3090 3757 3299 3809 animus
3330 3770 3419 3810 as-

1851 3855 2100 3915 seutitur,
2116 3852 2207 3907 sed
2236 3849 2485 3919 intelligit
2512 3864 2732 3918 prorsus
2752 3847 2844 3903 Dei
2866 3846 3098 3901 Verbum
3117 3860 3278 3900 carne
3295 3859 3417 3914 pro-

1851 3954 1969 4016 pter
1994 3958 2090 3998 nos
2117 3956 2363 4011 passum;
2389 3951 2441 3995 et
2463 3948 2632 3994 morte
2670 3938 2869 4007 proprii
2893 3939 3135 4008 corporis
3158 3936 3414 3991 mundum

1851 4038 1917 4088 ad
1948 4031 2396 4087 reconciliandam
2428 4045 2548 4084 cum
2578 4030 2737 4083 Patre
2774 4030 2863 4097 qui
2912 4029 2965 4082 in
3013 4027 3165 4082 caelis
3201 4035 3283 4082 est
3322 4040 3415 4093 pa-

1851 4140 1988 4187 cem,
2020 4136 2261 4177 vocasse.
2288 4121 2472 4189 Itaque
2501 4134 2622 4175 cum
2652 4118 2932 4189 quemdam
2964 4133 2993 4171 e
3023 4118 3223 4171 sanctis
3262 4116 3417 4171 disci-

1852 4216 1988 4285 pulis
2022 4214 2403 4281 alloqueretur,
2434 4210 2567 4264 dixit
2595 4227 2607 4264 :
2654 4227 2672 4260 ‹
2707 4208 2817 4278 Ego
2846 4222 2961 4261 sum
2992 4209 3105 4270 via,
3135 4208 3332 4260 veritas
3360 4216 3416 4260 et

1850 4307 1957 4359 vita
1988 4313 2217 4358 etnemo
2234 4301 2459 4355 venitad
2491 4299 2830 4372 Patrem’uisi
2856 4314 2949 4365 per
2969 4312 3053 4351 me
3074 4297 3137 4349 ³⁸.
3167 4296 3415 4351 iVeritas

1855 4404 2035 4447 autem
2062 4402 2116 4445 et
2140 4394 2245 4444 vita
2280 4401 2333 4444 et
2381 4392 2464 4443 via
2517 4391 2761 4459 quisnam
2811 4388 2880 4441 sit
2927 4387 3083 4451 alius,
3124 4387 3226 4439 nisi
3285 4386 3415 4439 illud

178 4484 337 4552 ἐμοῦ.
386 4503 406 4535 ›
462 4484 708 4553 Ἀλήθεια
740 4485 816 4547 δὲ,
849 4486 938 4537 καὶ
974 4486 1105 4557 ζωὴ,
1136 4487 1228 4538 καὶ
1255 4486 1388 4549 ὁδὸς,
1423 4487 1503 4548 τίς
1546 4486 1611 4538 ἂν
1641 4487 1743 4537 ἐτε-

1862 4485 2093 4537 Verbum
2127 4497 2189 4536 ex
2217 4482 2373 4535 Patre
2400 4484 2661 4549 genitum,
2702 4480 2915 4532 tametsi
2949 4477 3115 4531 nostri
3143 4475 3315 4530 simile
3346 4478 3420 4529 sit

177 4592 271 4642 ρος
298 4575 412 4644 εἴη,
454 4576 602 4643 παρά
646 4592 707 4642 γε
737 4576 825 4627 τὸν
871 4579 933 4627 ἐκ
975 4576 1106 4629 Θεοῦ
1136 4577 1305 4645 φύντα
1350 4578 1539 4644 Λόγον,
1578 4580 1624 4629 εί
1664 4579 1743 4629 καῖ

1862 4576 2058 4629 factum
2100 4574 2240 4627 servi
2291 4572 2458 4625 forma
2493 4569 2785 4639 suscepta?
2822 4568 2952 4622 Esse
2974 4576 3161 4621 autem
3198 4580 3295 4618 nos
3323 4579 3419 4633 per

175 4666 373 4732 γέγονε
411 4665 532 4717 καθ’
567 4668 709 4734 ἡμᾶς
744 4667 952 4737 μορφὴν
983 4667 1166 4720 δούλου
1206 4666 1403 4719 λαϐών.
1442 4669 1559 4720 "Ott
1591 4668 1645 4719 δὲ
1688 4667 1743 4717 δι

1863 4668 2037 4737 ipsum
2069 4664 2286 4718 eﬂ‘ectos
2318 4663 2507 4715 divinae
2532 4670 2738 4715 naturae
2771 4668 3049 4713 consortes
3077 4656 3140 4720 ",
3169 4666 3223 4709 et
3248 4655 3420 4709 factos

173 4757 341 4808 αὑτοῦ
378 4756 532 4818 θείας
580 4756 791 4825 φύσεως
839 4758 1261 4828 ἀποδεδείγμεθα
1292 4760 1555 4821 κοινωνοὶ,
1587 4759 1681 4809 καὶ
1707 4762 1743 4808 oi

1864 4772 2029 4827 prope
2068 4758 2156 4823 qui
2198 4756 2351 4822 longe
2381 4752 2507 4806 olim
2556 4764 2791 4812 eramus,
2828 4749 2950 4800 dum
2983 4760 3076 4813 per
3108 4746 3281 4812 ipsum
3312 4741 3417 4795 Pa-

175 4847 309 4897 ποτὲ
370 4847 529 4908 ὄντες
583 4848 828 4917 μακρὰν,
886 4849 1187 4919 γεγόναμεν
1234 4850 1420 4917 ἐγγὺς,
1482 4848 1743 4917 ἐνούμενοι

1866 4848 1930 4900 tri
1958 4862 2051 4916 per
2081 4846 2329 4900 aﬂ‘ectum
2358 4853 2412 4897 et
2439 4841 2845 4900 habitudinem,
2878 4846 3036 4905 atque
3078 4836 3239 4888 etiam
3280 4834 3423 4887 inter

176 4937 456 5004 σχετικῶς
494 4938 557 4989 δι’
590 4937 752 4989 αὑτοῦ
780 4938 855 5008 τῷ
896 4940 1089 5006 Πατρὶ,
1122 4939 1214 4991 καὶ
1256 4940 1359 5009 μὴν
1390 4940 1481 4991 καὶ
1512 4938 1743 5007 ἀλλήλοις

1864 4955 1959 4993 nos
1986 4954 2079 5007 per
2108 4952 2269 4990 uuam
2301 4935 2457 4989 ﬁdem
2482 4943 2535 4986 et
2560 4930 2902 4985 concordiam
2928 4927 3163 4991 unimur,
3188 4939 3253 4979 eo
3278 4925 3419 4993 quod

175 5031 251 5091 ὡς
306 5034 366 5081 ἐν
412 5030 593 5081 πίστει
642 5031 737 5099 μιᾷ
782 5030 874 5080 καί
913 5027 1181 5096 ὁμοψυχία
1228 5026 1315 5077 διὰ
1357 5026 1416 5077 τὸ
1465 5026 1581 5089 ἐνὸς
1630 5043 1743 5095 μετ-

1863 5044 2048 5082 sumus
2087 5029 2244 5081 unius
2273 5026 2494 5094 Spiritus
2528 5021 2655 5075 facti
2686 5018 2992 5087 participes,
3022 5018 3134 5087 ipse
3157 5014 3312 5069 ﬁdem
3340 5014 3421 5068 fa-

175 5122 483 5191 εσχηκέναι
516 5120 840 5189 πνεύματος,
875 5115 1031 5179 αὐτὸς
1066 5116 1413 5179 πιστώσεται,
1434 5116 1603 5183 λέγων
1626 5116 1743 5185 πρὸς

1866 5120 1990 5182 ciet,
2016 5118 2201 5170 dicens
2233 5115 2296 5169 ad
2336 5113 2549 5168 Patrem
2589 5126 2653 5165 ac
2685 5109 2849 5163 Deum
2879 5108 2968 5175 qui
3011 5114 3096 5161 est
3138 5104 3192 5159 in
3224 5102 3373 5158 caelis
3403 5118 3418 5155 :

253 5301 298 5331 ³⁸
338 5298 523 5353 Galat.
570 5312 630 5362 Il,
668 5296 733 5350 19
764 5296 853 5348 ‘21.
928 5295 972 5326 ³⁵
1005 5293 1044 5346 ll
1086 5294 1209 5349 Cor.
1243 5310 1292 5359 ν,
1337 5293 1417 5347 15.
1485 5293 1527 5324 ³⁷
1570 5294 1724 5347 Ilum.

1847 5294 1935 5347 10.
2011 5293 2053 5322 ³⁸
2094 5291 2250 5346 Joan.
2280 5307 2390 5356 xiv,
2424 5289 2473 5342 6.
2554 5288 2596 5319 ³⁸
2628 5285 2668 5341 II
2709 5286 2849 5341 Petr.
2886 5301 2924 5351 ι,
2962 5284 3017 5341 4.

1458 5445 1611 5500 ANT.
1656 5444 1926 5500 AGELLII
1968 5442 2199 5497 NUTx’E.

256 5613 375 5681 (35)
415 5608 589 5681 Forle_
625 5606 920 5675 ἐπίκλημα»
952 5605 1051 5681 hoc
1094 5614 1175 5681 0.5!
1218 5604 1453 5681 Prima".
1484 5603 1642 5681 vim“.
1670 5603 1743 5654 in-

1859 5603 2098 5681 τισινὼς
2126 5602 2223 5681 τῆς
2258 5597 2526 5680 ,ἀληθείας
2548 5597 2943 5681 ,κατειρηκόσα
2975 5596 3285 5681 quihusdam
3325 5613 3419 5666 pro

185 5667 590 5735 sueta'auctori
620 5692 746 5740 vox,
776 5667 878 5744 qua
909 5667 1186 5754 'utjtﬂur'iu'
1218 5674 1316 5754 hac
1360 5673 1754 5754 εἰειιιιίυειιὶριιε
1862 5674 2075 5727 crimine
2111 5667 2286 5741 objicit
2315 5667 2464 5741 quasi
2492 5669 2737 5722 adversus
2765 5679 3031 5722 veritatem
3054 5667 3303 5722 dixerint.

186 5753 293 5807 hoc
327 5751 525 5805 eodem
575 5748 729 5814 libro,
774 5740 892 5816 (ing.
946 5740 1061 5811 132,
1095 5742 1371 5813 ἐπίκλημα
1412 5744 1467 5795 δὲ
1524 5742 1751 5795 ποιεῖταί
