4078 6348
602 394 706 448 215
1586 398 1642 445 S.
1683 392 1966 447 CYRILLI.
1996 391 2183 445 ALEX.

2285 390 2464 446 DBINI
2502 389 2821 446 ARCIHEP.
3740 373 3848 427 216

611 527 628 559 ι
671 507 784 561 Non
824 521 919 576 pro
956 506 1040 561 his
1083 514 1288 563 tantum
1340 523 1493 579 rogo,
1534 509 1626 563 sed
1664 509 1823 563 etiam
1846 524 1942 578 pro
1972 509 2039 563 iis
2083 508 2170 577 qui

2285 509 2365 563 τὸν
2386 512 2443 562 ἐν
2471 509 2720 578 οὐρανοῖς
2753 506 2973 577 Πατέρα
2999 505 3089 558 καὶ
3116 502 3248 557 Θεόν
3271 518 3280 529 ’
3319 518 3347 552 ι.
3381 500 3453 553 Οὐ
3488 499 3615 569 περὶ
3642 496 3846 551 τούτων

605 600 951 655 crediderunt
992 608 1209 668 propter
1262 614 1565 655 sermonem
1615 615 1800 655 eorum
1846 601 1898 653 in
1953 615 2057 661 me,
2113 609 2169 653 ut

2285 600 2327 654 lt
2363 598 2548 670 ἐρωτῶ
2600 598 2777 668 μόνον,
2813 595 2947 649 ἀλλὰ
2979 594 3073 647 καὶ
3120 592 3246 662 περὶ
3290 587 3397 642 τῶν
3445 584 3848 670 πιστευσάντων

606 702 794 743 omnes
822 704 985 752 unum
1019 690 1150 751 sint.
1186 688 1329 743 sicut
1361 699 1440 753 tu,
1478 690 1658 753 Pater,
1694 689 1744 742 in
1773 702 1880 754 me,
1916 696 2087 757 etego
2115 688 2167 742 in

2285 692 2361 745 Ξιὰ
2395 668 2499 742 τοῦ
2532 689 2688 756 λόγου
2733 686 2911 740 αὐτῶν
2956 685 3034 748 εἰς
3076 683 3195 753 ἐμὲ,
3234 682 3318 734 ῖνα
3367 681 3567 739 πάντες
3612 676 3669 729 ἓν
3719 668 3844 736 ῶσι,

609 789 681 844 te,
712 788 768 831 ut
804 781 964 831 etiam
1002 779 1101 847 ipsi
1147 780 1197 832 in
1250 780 1403 833 nobis
1439 794 1600 832 unum
1650 780 1796 831 sint:
1845 788 1904 831 ut
1942 779 2171 832 mundus

607 870 817 941 credat,
852 869 974 937 quia
1007 880 1058 922 tu
1093 884 1175 923 me
1210 869 1425 923 misisti.
1460 870 1523 923 Et
1552 884 1651 939 ego
1677 868 1974 923 claritatem
2011 883 2169 937 quam

608 961 800 1017 dedisti
836 960 988 1016 mihi.
1042 961 1165 1015 dedi
1209 963 1309 1026 eis,
1371 972 1427 1018 ut
1484 962 1595 1017 sint
1645 976 1833 1017 unum.
1887 962 2026 1013 sicut
2077 973 2175 1014 nos

610 1068 795 1117 unum,
834 1061 890 1106 et
916 1067 1013 1120 ego
1043 1051 1096 1105 in
1136 1051 1233 1107 eis.
1263 1061 1317 1105 et
1345 1062 1399 1103 tu
1434 1052 1487 1104 in
1524 1064 1628 1114 me,
1675 1061 1733 1105 ut
1767 1052 1877 1103 sint
1918 1064 2173 1102 consum-

608 1142 737 1195 mati
776 1142 829 1196 in
864 1157 1024 1194 unum
1051 1141 1115 1195 ⁸ο.
1164 1160 1182 1193 ›
1236 1138 1476 1209 lntellige
1514 1141 1675 1207 igitur
1709 1138 1849 1210 quod
1898 1139 2011 1207 ipse
2051 1137 2173 1207 qui-

610 1232 731 1287 dem
775 1233 832 1286 in
877 1245 975 1286 suo
1024 1232 1186 1287 Patre
1228 1232 1297 1285 sit
1344 1232 1679 1298 naturaliter,
1739 1232 2001 1284 mediator
2049 1241 2177 1281 vero

611 1332 771 1389 atque
823 1323 1138 1377 conciliator
1186 1322 1527 1389 constitutus,
1580 1338 1646 1377 eo
1686 1323 1825 1392 quod
1878 1322 2051 1378 factus
2095 1329 2177 1375 est

611 1411 766 1466 nobis
798 1412 1008 1465 similis.
1045 1411 1100 1466 in
1143 1413 1294 1466 nobis
1335 1420 1437 1478 est,
1487 1422 1596 1465 tum
1637 1427 1731 1480 per
1765 1426 1915 1466 suam
1958 1425 2173 1466 carnem

612 1517 734 1571 quae
768 1518 865 1556 nos
895 1504 1131 1558 vivificat
1162 1505 1212 1557 in
1272 1505 1481 1570 spiritu,
1531 1513 1642 1559 tum
1693 1519 1789 1572 per
1843 1504 2175 1558 consortium

613 1592 919 1647 sanctitatis
973 1591 1109 1661 ejus,
1148 1591 1399 1646 nimirum
1452 1607 1568 1646 eam
1605 1608 1722 1660 qua:
1775 1607 1869 1659 per
1918 1591 2176 1659 Spiritum

612 1689 860 1733 sanctum
900 1681 1213 1751 acquiritur.
1249 1681 1488 1735 Postulat
1519 1690 1696 1736 autem
1722 1697 1751 1733 a
1791 1680 1951 1734 Patre
1997 1680 2178 1749 gloria:

614 1783 679 1823 ac
717 1770 924 1823 decoris
951 1770 1085 1830 loco.
1120 1780 1177 1823 ut
1200 1787 1352 1826 suam
1381 1771 1537 1825 nobis
1564 1784 1811 1827 naturam
1838 1774 2174 1842 perspicuam

2273 779 2455 843 καθὼς
2480 781 2566 843 σὺ,
2592 780 2794 848 Πάτερ,
2824 775 3044 846 ἐνξέμοὶ,
3068 773 3221 842 κάγὼ
3252 774 3307 825 ἐν
3337 771 3436 825 σοί·
3458 770 3543 823 ἵνα
3572 770 3666 822 καὶ
3692 766 3848 821 αὐτοὶ

2273 874 2331 926 tv
2367 874 2500 943 ἡμῖν
2534 871 2590 923 ἓν
2627 864 2778 932 ὦσιν,
2811 868 2898 920 ἴνα
2930 868 2957 920 ὁ
2989 866 3191 935 κόσμος
3224 862 3509 931 πιστεύσῃ.
3545 861 3625 914 ὄτι
3671 858 3733 911 σύ
3782 874 3850 927 με

2275 963 2632 1025 ἀπέστειλας-
2684 959 2838 1027 κάγὼ
2880 960 2977 1028 τὴν
3011 958 3167 1023 δόξαν
3197 957 3264 1027 ἢν
3310 954 3548 1016 δέδωκάς
3598 969 3709 1021 μοι,
3760 950 3851 1003 δέ-

2274 1057 2421 1109 δωκα
2455 1055 2655 1115 αὐτοῖς,
2690 1052 2775 1105 ἵνα
2805 1044 2935 1103 ὦσιν
2971 1048 3048 1111 ἓν,
3089 1045 3271 1111 καθὼς
3302 1047 3465 1116 ἡμεῖς
3497 1043 3573 1107 ἓν,
3606 1042 3762 1110 κάγὼ
3792 1044 3851 1094 tv

2277 1149 2477 1209 αὐτοῖς,
2511 1145 2696 1197 καὶσὺ
2747 1144 2805 1195 tv
2850 1142 2993 1211 ἐμοὶ,
3020 1140 3129 1192 ἳνα
3169 1132 3270 1190 ὦσι
3313 1134 3721 1202 τετελειωμένοι
3771 1132 3854 1192 είς

2276 1239 2353 1291 ἓν.
2397 1255 2415 1288 ι
2450 1234 2612 1289 Σύνεε
2643 1229 2734 1287 οὖν
2767 1233 2934 1294 ὅπως,
2983 1230 3139 1292 αὐτὸς
3187 1228 3286 1298 μὲν
3336 1226 3447 1278 ἔστι
3500 1222 3740 1294 φυσικῶς
3790 1222 3852 1273 tv

2276 1329 2354 1399 τῷ
2391 1328 2503 1397 ἰδίῳ
2553 1324 2748 1396 Πατρὶ,
2794 1323 3018 1393 μεσίτης
3058 1321 3116 1373 δέ
3158 1319 3251 1372 καὶ
3289 1315 3614 1383 διαλλακτὴς
3655 1313 3854 1366 ἀποδε-

2276 1419 2555 1490 δειγμένος
2579 1416 2667 1469 διὰ
2705 1413 2796 1473 τοῦ
2830 1414 3100 1483 γενέσθαι,
3121 1412 3239 1464 καθ’
3268 1409 3414 1477 ἡμᾶς
3435 1422 3447 1434 ⁸
3466 1408 3525 1458 tv
3549 1406 3679 1474 ἡμῖν
3710 1404 3850 1467 ἐστι,

2277 1512 2365 1565 διά
2395 1527 2454 1563 τε
2486 1510 2583 1579 τῆς
2618 1507 2753 1569 ιδίας
2795 1506 2993 1576 σαρκὸς
3026 1501 3394 1570 ζωοποιούσης
3422 1497 3567 1567 ἡμᾶς
3596 1496 3653 1548 ἐν
3688 1491 3855 1546 πνεύο

2282 1618 2432 1673 ματι,
2463 1600 2557 1653 καὶ
2584 1598 2673 1652 διὰ
2716 1596 2809 1651 τοῦ
2854 1596 3173 1667 μεταλαχεῖν
3207 1593 3309 1662 τῆς
3338 1589 3621 1658 ἁγιότητος
3660 1582 3853 1646 αὐτοῦ,

2277 1693 2433 1762 δῆλον
2465 1691 2521 1744 δὲ
2561 1691 2643 1743 ὅτι
2691 1686 2851 1742 πάλιν
2888 1688 2987 1757 τῆς
3030 1685 3116 1738 διὰ
3166 1684 3258 1737 τοῦ
3306 1682 3461 1749 ἁγίου
3512 1676 3855 1746 Πνεύματος.

2281 1786 2430 1836 Alesi
2463 1782 2517 1836 δὲ
2558 1781 2632 1843 ὼς
2664 1778 2820 1845 δόξαν
2852 1778 2998 1848 παρὰ
3049 1775 3259 1845 Πατρδς
3289 1773 3348 1825 τὸ
3392 1770 3489 1841 τὴν
3537 1768 3670 1822 ῑδίαν
3715 1765 3869 1835 ἡμῖν,

613 1856 801 1918 faciat,
835 1857 975 1925 quod
1012 1858 1220 1914 scilicet
1271 1859 1337 1912 sit
1387 1860 1713 1927 vivificator,
1743 1871 1796 1914 et
1835 1862 2179 1930 corruptione

2285 1874 2484 1945 ἐναργῆ
2524 1871 2864 1939 καταστῆσαι
2902 1869 3084 1938 φύσιν,
3115 1868 3196 1921 ὃτι
3234 1882 3293 1918 τε
3324 1866 3408 1934 εἴη
3444 1860 3724 1926 ζωοποιὺς,
3757 1858 3857 1913 καὶ

614 1948 859 2017 superior
888 1958 1141 2017 tanquam
1179 1951 1335 2016 Deus,
1380 1952 1558 2020 itaque
1597 1967 1784 2007 rursus
1806 1953 1940 2007 dixit
1974 1970 1987 2005 :
2019 1973 2036 2004 ι
2070 1953 2179 2021 Ego

2285 1966 2483 2036 φθορᾶς
2538 1962 2776 2034 ἀμείνων
2818 1961 2891 2025 ὼς
2938 1960 3089 2022 Θεός,
3149 1958 3259 2011 Καὶ
3307 1956 3440 2024 γοῦν
3488 1953 3591 2023 ἔφη
3652 1952 3852 2005 πάλιν·

615 2048 669 2093 te
692 2039 978 2093 clarificavi
1010 2053 1172 2108 super
1213 2049 1433 2105 terram,
1467 2043 1626 2114 124
1654 2058 1786 2114 opus
1809 2046 2177 2099 consummavi

2285 2077 2302 2109 ι
2351 2056 2491 2124 Ἐγώ
2521 2071 2580 2107 σε
2618 2053 2841 2115 ἐδόξασα
2864 2052 2953 2104 ἐπὶ
2982 2050 3082 2118 τῆς
3107 2051 3230 2119 γῆς,
3262 2047 3320 2099 τὸ
3352 2045 3509 2115 ἔργον
3539 2040 3854 2106 τελειώσας,

614 2131 756 2199 quod
785 2129 987 2184 dedisti
1015 2130 1147 2186 mihi
1189 2140 1246 2185 ut
1282 2132 1474 2186 faciam
1510 2152 1524 2187 :
1554 2144 1609 2189 et
1648 2150 1787 2189 nunc
1818 2135 2048 2189 clarifica
2097 2149 2181 2189 me

2285 2146 2307 2199 θ
2335 2146 2571 2212 δέδωκάς
2613 2161 2703 2214 μοι
2737 2143 2823 2196 ἵνα
2869 2142 3080 2211 ποιήσω
3100 2154 3113 2168 ο
3162 2138 3258 2191 καὶ
3291 2136 3385 2190 νῦν
3412 2133 3631 2198 δόξασόν
3666 2150 3733 2203 με
3764 2132 3854 2192 σὺ,

616 2228 691 2282 ιιι,
728 2219 910 2286 Pater,
951 2223 1090 2288 apud
1123 2222 1459 2290 temetipsum
1483 2260 1500 2287 ,
1542 2225 1784 2283 claritate
1825 2241 1984 2293 quam
2019 2226 2178 2279 habui

616 2320 907 2380 antequam
939 2314 1169 2367 mundus
1198 2312 1371 2378 ﬁeret,
1417 2315 1555 2384 apud
1589 2324 1637 2368 te
1665 2316 1730 2368 δι’.
1768 2335 1786 2367 ι
1822 2315 1969 2385 Opus
2001 2325 2180 2371 autem

616 2413 1049 2458 consummatum
1078 2418 1266 2458 sumus
1290 2418 1408 2469 nos,
1441 2413 1694 2473 tauquam
1720 2408 1769 2459 in
1796 2408 1907 2475 ipso
1931 2414 1983 2463 et
2007 2408 2181 2474 primo

617 2491 903 2549 vincentes
937 2495 1372 2563 corruptionem,
1406 2502 1461 2549 et
1488 2495 1760 2549 calcantes
1786 2498 1977 2551 mortis
2009 2497 2180 2565 impe-

619 2581 783 2647 rium,
832 2582 1029 2637 revixit
1082 2585 1224 2638 enim
1280 2598 1345 2639 ex
1393 2585 1645 2649 mortuis,
1683 2586 1960 2642 universos
2011 2587 2063 2639 in
2125 2599 2183 2640 se

618 2675 921 2729 continens.
951 2673 1056 2729 Sed
1088 2684 1141 2728 tu
1171 2676 1284 2731 haec
1313 2679 1476 2732 verba
1514 2678 1566 2731 in
1594 2677 1750 2731 aliam
1778 2678 2005 2733 fortasse
2028 2678 2183 2733 intel-

621 2763 894 2834 ligentiam
931 2765 1280 2835 detorquens,
1325 2782 1428 2821 non
1460 2771 1525 2822 de
1550 2769 1658 2822 Deo
1687 2768 1862 2823 Verbo
1888 2770 2003 2823 hmc
2029 2769 2185 2822 intel-

621 2854 830 2925 ligenda
861 2871 1073 2922 censes,
1107 2859 1201 2912 sed
1230 2858 1413 2914 abillo
1442 2858 1717 2922 auferens,
1751 2870 1804 2914 et
1840 2858 2063 2915 seorsim
2099 2874 2186 2915 se—

621 2960 817 3015 parans
844 2959 966 3003 cum
998 2946 1089 3015 qui
1114 2956 1195 3002 est
1218 2948 1284 3002 de
1318 2956 1501 3003 sancta
1536 2947 1755 3019 Virgine
1787 2950 2028 3018 genitus,
2066 2955 2185 3002 tan-

620 3050 780 3104 quam
821 3035 983 3097 alium
1015 3036 1205 3099 filium,
1235 3037 1310 3091 illi
1343 3038 1456 3093 haec
1498 3038 1623 3092 talia
1662 3039 1952 3095 convenire
1982 3048 2030 3091 et
2074 3039 2186 3107 ipse

623 3124 875 3190 alﬁrmas,
925 3134 981 3180 et
1032 3126 1150 3180 aliis
1182 3136 1237 3180 et
1282 3128 1445 3182 etiam
1486 3128 1811 3197 persuadere
1856 3127 2103 3191 conaris,
2130 3136 2188 3181 ut

622 3212 810 3269 eadem
846 3222 1018 3268 tecum
1048 3224 1102 3267 et
1133 3215 1369 3271 sentiant
1401 3223 1462 3272 et
1484 3214 1790 3285 loquantur.
1820 3218 1895 3269 Ac
1924 3219 2080 3285 plane
2110 3216 2187 3269 di-

622 3316 734 3369 ces,
767 3303 1101 3371 unigenitum
1140 3304 1231 3361 Dei
1260 3303 1517 3371 Verbum,
1541 3321 1661 3362 eum
1697 3308 1767 3362 sit
1799 3308 2054 3362 Dominus
2076 3307 2190 3376 glo-

626 3393 738 3457 riae,
770 3409 1043 3463 nunquam
1074 3404 1325 3465 tanquam
1362 3397 1545 3467 gloriae
1577 3400 1813 3466 inopem,
1846 3398 1991 3451 illam
2026 3412 2056 3451 a
2092 3398 2189 3452 l’a-

624 3494 706 3544 tre
732 3484 899 3539 fuisse
932 3487 1248 3555 petiturum.
1287 3488 1486 3558 Accipe
1528 3491 1693 3558 igitur
1722 3490 1882 3545 etiam
1912 3505 1941 3543 a
1990 3491 2184 3545 nobis:

623 3574 668 3627 si
703 3590 806 3629 non
853 3576 1027 3644 ipsum
1059 3591 1184 3633 esse
1212 3577 1347 3633 dicis
1374 3579 1522 3634 illum
1548 3595 1615 3635 ex
1637 3579 1746 3635 Deo
1775 3581 2065 3637 secundum
2097 3596 2191 3634 na-

625 3675 799 3719 turam
823 3665 1017 3721 Filium
1046 3669 1400 3737 unigenitum,
1435 3672 1524 3740 qui
1556 3671 1609 3725 in
1650 3672 1733 3728 bis
1758 3672 1937 3727 verbis
1965 3672 2190 3741 gloriam

624 3769 654 3811 ιι
683 3752 845 3809 Patre
876 3758 1126 3824 postulet,
1175 3758 1298 3826 quis
1350 3774 1479 3829 ergo
1524 3761 1610 3815 ille
1652 3771 1769 3817 erat
1796 3762 1887 3832 qui
1928 3762 2187 3816 dicebat:

629 3866 661 3906 ι
706 3846 959 3901 Clarilica
1020 3862 1106 3902 me
1161 3849 1407 3904 claritate
1459 3865 1618 3917 quam
1679 3852 1841 3907 habui
1899 3863 2190 3923 antequam

630 3938 860 3992 mundus
892 3938 1067 4004 fieret,
1098 3940 1235 4008 apud
1275 3940 1370 3995 te?
1413 3959 1431 3991 ι
1464 3941 1560 3999 Dic
1590 3956 1719 4013 ergo
1750 3944 1883 3999 mihi
1903 3985 1918 4009 ,
1957 3959 2190 4013 quonam

626 4033 784 4088 modo
818 4033 907 4087 ille
938 4047 1005 4087 ex
1029 4044 1215 4091 sancta
1234 4033 1475 4103 Virgine,
1503 4036 1685 4100 homo,
1717 4045 1775 4090 ut
1812 4046 1867 4090 tu
1902 4036 2152 4108 intelligis
2172 4078 2189 4103 ,

623 4127 849 4181 seorsim
918 4128 1152 4196 positus,
1196 4136 1318 4182 ante
1367 4126 1623 4181 mundum
1672 4127 1833 4182 erat?
1880 4129 2069 4181 Annon
2115 4128 2191 4181 illi

624 4218 938 4273 seculorum
982 4217 1248 4273 conditori
1290 4218 1541 4273 convenit
1586 4220 1786 4273 mundo
1832 4220 2188 4288 antiquiorem

623 4307 822 4362 habere
872 4308 1301 4373 subsistentiam,
1357 4316 1413 4362 et
1460 4307 1607 4362 Patri
1650 4312 2014 4365 coeternam?
2046 4321 2191 4369 certe

623 4415 785 4456 nemo
830 4414 996 4454 sanus
1042 4399 1321 4455 dubitarit.
1382 4398 1606 4463 Quando
1654 4415 1783 4470 ergo
1840 4403 2187 4471 semetipsum

2282 2238 2486 2307 Πάτερ,
2515 2235 2664 2304 παρὰ
2712 2233 2920 2301 σεαυτῷ
2951 2234 3014 2302 τῇ
3045 2229 3169 2300 δόξῃ
3305 2224 3450 2297 εἶχον
3494 2224 3600 2295 πρό
3629 2221 3723 2278 τοῦ
3760 2219 3860 2272 τὸν

2285 2328 2486 2396 κόσμον
2520 2320 2681 2387 εῖναι,
2719 2322 2869 2393 παρὰ
2904 2322 3006 2375 σοί.
3046 2339 3065 2373 ι
3111 2322 3311 2390 Ἔργον
3343 2318 3398 2369 δέ
3436 2311 3858 2382 τετελειωμένον

2282 2414 2446 2484 ἐσμὲν
2472 2414 2651 2483 ἡμεῖς,
2680 2412 2755 2474 ὡς
2788 2412 2844 2463 ἐν
2873 2408 3020 2478 αὑτῷ
3061 2408 3154 2461 καὶ
3185 2404 3385 2475 πρώτῳ
3420 2402 3684 2463 νικῶντες
3720 2398 3860 2467 φθοο

2286 2506 2403 2574 ρὰν,
2446 2504 2625 2557 καὶτὸ
2663 2501 2755 2554 τοῦ
2796 2501 3030 2554 θανάτου
3060 2496 3353 2559 πατοῦντες
3389 2497 3621 2565 κράτος·
3656 2487 3863 2545 ἀνεϐίω

2281 2596 2389 2664 γάρ
2438 2594 2501 2646 ἐκ
2539 2591 2768 2662 νεκρῶν,
2797 2591 3006 2652 πάντας
3052 2588 3189 2657 ἔχων
3234 2587 3291 2638 ἐν
3337 2583 3536 2653 ἐαυτῷ.
3582 2581 3723 2634 Ἀλλ’
3767 2579 3859 2646 ἐφ’

2284 2685 2475 2755 ἐτέρας
2505 2685 2633 2746 ἴσως
2662 2682 2871 2744 ἐννοίας
2924 2677 3271 2749 ἀποκομίζων
3306 2676 3367 2730 τὸ
3400 2674 3708 2746 εἰρημένον,
3755 2674 3862 2725 οὐκ

2283 2776 2373 2832 ἐπί
2420 2791 2481 2843 γε
2525 2773 2614 2827 τοῦ
2653 2772 2786 2826 Θεοῦ
2835 2772 3009 2839 Λόγου
3054 2770 3211 2823 ταυτὶ
3257 2768 3319 2838 δὴ
3376 2767 3570 2837 χρῆναι
3618 2762 3861 2819 νοεῖσθαι

2285 2864 2463 2937 φαμέν
2499 2864 2607 2936 [ϊσ.
2640 2862 2743 2934 φὴς
2770 2862 2922 2934 μέν]’
2957 2861 3245 2930 ἀποφέρων
3276 2860 3330 2912 δὲ
3375 2856 3538 2911 αὐτοῦ
3564 2858 3657 2911 καὶ
3686 2856 3865 2917 τιθεὶς

2285 2957 2386 3011 ἀνὰ
2415 2956 2577 3027 μέρος
2604 2955 2697 3008 τὸν
2746 2956 2810 3007 ἐκ
2833 2954 2931 3021 τῆς
2954 2952 3115 3020 άγίας
3143 2949 3423 3019 Παρθένου
3457 2947 3862 3017 γεγεννημένον

2285 3048 2361 3110 ὼς
2403 3048 2587 3116 ἓτερον
2615 3046 2750 3109 υἱὸν,
2786 3041 2933 3113 αὑτῷ
2980 3041 3048 3095 τὰ
3094 3040 3273 3095 τοιάδε
3315 3040 3546 3111 πρέπειν
3586 3056 3647 3091 τε
3696 3036 3864 3099 αὐτὸς

2286 3137 2602 3201 διαϐεδαιοῖ,
2640 3135 2732 3190 καὶ
2765 3136 2869 3206 μὴν
2897 3135 2990 3187 καὶ
3028 3132 3245 3202 ἐτέρους
3272 3130 3584 3185 ἀναπείθειν
3636 3127 3861 3199 ἐπείγῃ,

2288 3228 2461 3283 ταῦτά
2499 3228 2609 3299 [τον.
2657 3225 2851 3298 ταυτα]
2893 3243 2974 3279 σοι
3021 3226 3237 3296 φρονεῖν
3279 3223 3372 3275 καὶ
3418 3222 3620 3291 λέγειν.
3682 3219 3866 3289 Ἐρεῖς

2289 3321 2345 3374 δέ
2370 3338 2471 3374 που
2503 3319 2737 3382 πάντως,
2769 3318 2850 3370 ὅτι
2878 3317 2979 3387 τῆς
3002 3316 3157 3385 δόξης
3178 3313 3378 3384 Κύριος
3404 3313 3480 3366 ὼν
3510 3314 3539 3367 ό
3563 3309 3865 3382 μονογενὴς

2289 3412 2382 3466 τοῦ
2408 3410 2541 3465 Θεοῦ
2575 3410 2767 3478 Λόγος,
2796 3410 2896 3462 οὐκ
2936 3408 3001 3463 ἂν
3034 3409 3109 3472 ὡς
3135 3406 3291 3477 δόξης
3330 3405 3590 3477 ὑπάρχων
3620 3401 3863 3471 ἐπιδεὴς,

2291 3503 2521 3573 ἐζήτησε
2552 3501 2648 3574 τὴν
2679 3501 2830 3570 παρὰ
2871 3500 3104 3571 Πατρός.
3137 3500 3332 3552 Ἄκουε
3372 3498 3549 3550 τοίνυν
3589 3496 3679 3548 καὶ
3720 3490 3868 3562 πρὸς

2289 3595 2323 3663 ἠ
2335 3592 2474 3662 μῶν·
2507 3592 2555 3643 εί
2588 3591 2661 3661 μὴ
2703 3589 2862 3643 αὐτὸν
2893 3584 3030 3643 εἶναι
3070 3588 3175 3659 φὴς
3204 3586 3295 3639 τὸν
3330 3587 3392 3638 ἐκ
3420 3583 3552 3637 Θεοῦ
3590 3582 3731 3635 κατὰ
3760 3580 3867 3649 φύ-

2292 3704 2376 3739 σιν
2406 3684 2534 3736 Υίὺν
2572 3682 2852 3752 μονογενῆ,
2892 3678 3049 3746 δόξαν
3092 3680 3150 3731 tv
3177 3676 3385 3738 τούτοις
3419 3672 3673 3727 αἰτοῦντα
3707 3670 3866 3740 παρὰ

2290 3777 2383 3831 τοῦ
2414 3775 2660 3845 Πατρὸς,
2696 3772 2780 3835 τίς
2815 3769 2883 3843 ἦν
2916 3773 2944 3824 ὁ
2973 3771 3167 3840 λέγων,
3209 3788 3227 3822 ι
3264 3767 3494 3833 Δόξασόν
3535 3782 3601 3836 με
3633 3766 3697 3835 τῇ
3732 3764 3867 3837 δόξῃ

2292 3861 2327 3939 ᾖ
2350 3862 2493 3938 εἶχον
2521 3865 2625 3936 πρὸ
2649 3863 2744 3917 τοῦ
2780 3863 2871 3916 τὸν
2900 3863 3102 3932 κόσμον
3130 3857 3289 3925 εἶναι,
3335 3858 3485 3928 παρά
3524 3856 3639 3921 σοί;
3680 3874 3698 3906 ι
3733 3853 3867 3919 Πῶς

2291 3954 2403 4020 οὖν,
2436 3954 2555 4009 εἰπέ
2593 3970 2702 4025 μοι,
2729 3952 3062 4023 προκόσμιος
3086 3952 3115 4003 ό
3138 3953 3201 4005 ἐκ
3233 3951 3332 4019 τῆς
3375 3947 3536 4015 ἁγίας
3578 3946 3871 4016 Παρθένου

2293 4047 2431 4101 κατὰ
2462 4046 2520 4099 at
2547 4044 2834 4114 νοούμενος
2861 4042 3143 4111 ἄνθρωπος
3172 4039 3352 4103 ίδικῶς
3376 4056 3391 4105 ;
3428 4036 3556 4107 Ἆρ’
3579 4036 3699 4106 οὐχὶ
3726 4035 3868 4106 πρέ-

2292 4154 2381 4189 ποι
2414 4136 2480 4189 ἂν
2511 4133 2587 4204 τῷ
2628 4132 2737 4187 τῶν
2767 4131 2977 4185 αἰώνων
3004 4127 3338 4200 δημιουργῷ,
3369 4127 3449 4192 τὸ,
3483 4124 3870 4197 πρεσϐυτέραν

2291 4225 2437 4294 ἔχειν
2481 4222 2573 4276 τοῦ
2622 4222 2829 4291 κόσμου
2875 4218 2974 4288 τὴν
3020 4216 3272 4287 ὓπαρξιν,
3325 4216 3419 4269 καὶ
3472 4213 3738 4267 συναῖδιον
3780 4212 3867 4281 τῷ

2292 4315 2495 4385 Πατρί;
2523 4311 2638 4367 ἀλλ’
2668 4311 2769 4364 οὐκ
2810 4309 2877 4363 ἂν
2907 4308 3197 4362 ὲνδοιάσειέ
3245 4324 3328 4370 τις
3373 4305 3479 4358 τῶν
3526 4301 3585 4358 εὖ
3643 4306 3870 4373 φρονεῖν

2292 4404 2581 4457 εἰωθότων.
2610 4402 2736 4455 Ὀτε
2761 4400 2938 4453 τοίνυν
2967 4398 3155 4453 ἑαυτὸν
3182 4396 3455 4452 κεκένωκε
3497 4394 3705 4467 μορφὴν
3734 4393 3862 4447 60:5-

622 4491 942 4555 exinauivit,
969 4491 1197 4549 formam
1235 4491 1372 4545 servi
1405 4490 1673 4560 accipiens
1691 4492 1775 4559 δ’,
1812 4501 1923 4547 tum
1961 4494 2183 4562 denique

2292 4496 2380 4548 λου
2419 4492 2620 4557 λαϐὼν,
2657 4492 2775 4547 τότε
2806 4491 2892 4562 δὴ,
2922 4490 3043 4543 τότε
3076 4489 3170 4545 καὶ
3203 4490 3283 4551 είς
3330 4487 3429 4558 τὴν
3455 4486 3678 4540 ἐνοῦσαν
3708 4484 3865 4556 αὕτῷ

626 4584 783 4638 etiam
818 4582 883 4637 ad
908 4596 1026 4635 eam
1062 4582 1286 4649 gloriam
1314 4597 1434 4650 qua:
1464 4583 1566 4640 sibi
1604 4583 1898 4639 secundum
1945 4592 2188 4636 naturam

622 4678 818 4739 inerat,
843 4689 963 4731 cum
997 4674 1144 4727 unita
1173 4674 1272 4727 sibi
1310 4687 1524 4742 quoque
1562 4687 1727 4729 carne
1771 4675 1949 4729 redire
1979 4673 2188 4735 volens,

620 4776 923 4834 opportune
972 4764 1203 4819 dixitu
1244 4763 1491 4817 Clarifica
1555 4778 1640 4818 me
1700 4772 1778 4829 tu,
1837 4762 2016 4828 Pater,
2049 4762 2188 4831 apud

623 4865 946 4924 temetpsum
985 4853 1230 4907 claritate
1277 4868 1437 4922 quam
1483 4854 1646 4909 habui
1687 4855 1995 4922 priusquam
2029 4868 2187 4906 mun-

621 4954 721 5001 dus
753 4955 917 5010 esset,
946 4946 1084 5015 apud
1114 4956 1191 5011 te;
1232 4954 1292 4998 ut
1332 4946 1564 5002 mundus
1612 4946 1797 4999 credat
1842 4946 1965 5014 quia
2015 4955 2069 4999 tu
2102 4960 2188 4999 me

621 5035 843 5088 misisti.
880 5033 943 5087 Et
971 5049 1070 5104 ego
1097 5034 1395 5088 claritatem
1428 5050 1592 5103 quam
1634 5034 1829 5091 dedisti
1873 5035 2037 5100 mihi,
2063 5034 2183 5097 dedi

619 5128 720 5188 eis,
756 5134 817 5178 ut
838 5126 949 5181 sint.
976 5140 1162 5190 unum,
1200 5126 1341 5180 sicut
1373 5140 1470 5180 nos
1503 5140 1691 5180 unum.
1726 5124 1837 5194 Ego
1865 5125 1917 5178 iu
1949 5125 2098 5193 ipsis,
2125 5134 2184 5179 et

621 5223 675 5265 tu
707 5214 760 5265 in
800 5227 921 5279 me;
971 5222 1029 5266 ut
1068 5212 1177 5267 sint
1219 5214 1573 5269 consummati
1620 5214 1672 5267 in
1718 5230 1882 5269 unum
1910 5214 1971 5267 "’.
2016 5231 2036 5266 ι
2083 5214 2187 5267 Per

623 5303 795 5371 ipsum
835 5304 997 5372 igitur
1026 5303 1515 5359 reconciliationem
1557 5305 1902 5374 accepimus:
1938 5306 2010 5359 ita
2040 5305 2183 5359 enim

622 5410 755 5464 opus
778 5396 1169 5449 consummavit
1205 5397 1344 5465 quod
1382 5397 1528 5451 dedit
1561 5397 1659 5467 ipsi
1710 5398 1773 5452 ad
1811 5412 2188 5452 consumman-

623 5487 747 5540 dum
785 5486 963 5542 Pater.
1006 5489 1344 5541 Assertorem
1388 5502 1628 5542 meorum
1667 5489 1955 5543 verborum
1998 5502 2185 5542 rursus

624 5576 803 5631 citabo
833 5576 1045 5632 beatum
1072 5575 1293 5633 Paulum
1316 5578 1387 5632 ita
1416 5580 1741 5635 scribentem
1775 5580 1840 5633 ad
1871 5592 2090 5635 vocatos
2119 5594 2182 5633 ex

703 5750 743 5781 ⁵ο
781 5750 937 5807 Juan.
980 5768 1110 5817 xvu,
1151 5751 1341 5810 20-25.
1420 5754 1461 5786 δι
1504 5755 1631 5810 ibid.
1664 5756 1778 5813 6-5.

2293 4585 2434 4640 κατὰ
2462 4584 2619 4651 φύσιν
2648 4580 3004 4651 ἀναφοιτῆσαι
3033 4577 3189 4643 δόξαν
3222 4576 3440 4640 ἐθέλων,
3475 4577 3565 4629 καὶ
3595 4575 3731 4646 μετὰ
3759 4575 3866 4643 τῆς

2292 4676 2581 4747 ἑνωθείσης
2609 4672 2755 4745 αὐτῷ
2781 4672 2978 4743 σαρκὸς
3019 4672 3110 4723 ἐπὶ
3136 4667 3327 4739 καιροῦ
3362 4684 3493 4738 φησι
3514 4684 3526 4697 ’
3561 4687 3581 4719 ι
3627 4666 3863 4732 Δόξασόν

2294 4784 2360 4836 με
2406 4768 2490 4827 σὺ,
2528 4766 2730 4835 Πάτερ,
2772 4762 2923 4832 παρὰ
2968 4760 3177 4830 σεαυτῷ
3208 4762 3274 4830 τῇ
3309 4758 3434 4830 δόξῃ
3559 4753 3703 4828 εἶχον
3750 4759 3863 4828 πρὸ

2288 4854 2380 4907 τοῦ
2416 4854 2503 4907 τὸν
2543 4854 2746 4921 κόσμον
2793 4845 2932 4909 εἶναι
2978 4848 3128 4918 παρὰ
3179 4848 3279 4911 σοι,
3312 4849 3397 4900 ἵνα
3446 4849 3475 4899 ὁ
3519 4846 3720 4913 κόσμος
3764 4862 3859 4898 πι-

2296 4945 2492 5014 στεύσῃ
2526 4944 2607 4997 ὅτι
2638 4942 2701 4995 σύ
2736 4956 2802 5011 με
2842 4939 3196 5001 ἀπέστειλαςο
3236 4936 3388 5005 κάγὼ
3429 4937 3528 5007 τὴν
3571 4936 3728 5001 δόξαν
3774 4936 3843 5007 ἣν

2290 5036 2524 5097 δέδωκάς
2562 5051 2671 5103 μοι,
2722 5030 2928 5083 δέδωκα
2976 5029 3177 5093 αὐτοῖς,
3228 5030 3315 5083 ἴνα
3358 5022 3489 5082 ὦσιν
3540 5027 3616 5088 ἒν,
3669 5026 3862 5091 καθὼς

2289 5127 2450 5195 ἡμεῖς
2482 5126 2573 5176 ἓν·
2624 5122 2733 5191 ἐγὼ
2768 5124 2827 5174 tv
2867 5120 3047 5183 αὐτοῖς
3091 5120 3185 5173 καὶ¹
3231 5121 3292 5172 σὺ
3346 5121 3403 5173 ἐν
3452 5120 3596 5189 ἐμοὶ,
3632 5119 3720 5172 ῖνα
3754 5112 3856 5171 ῶσι

2289 5214 2695 5284 τετελειωμένοι
2729 5212 2808 5275 είς
2839 5210 2917 5263 ἓν.
2949 5229 2966 5261 ι
2993 5210 3068 5262 Δι’
3096 5209 3259 5262 αὑτοῦ
3289 5210 3573 5279 τοιγαροῦν
3595 5209 3694 5277 τὴν
3724 5226 3855 5262 κατ-

2290 5305 2527 5377 αλλαγὴν
2556 5305 2889 5375 ἐσχήκαμεν⁹
2920 5302 3235 5355 τετελείωκε
3266 5301 3375 5371 γὰρ
3406 5301 3546 5353 οὕτω
3578 5300 3640 5353 τὸ
3670 5301 3852 5371 ἔργον,

2289 5399 2314 5457 ὃ
2339 5399 2565 5450 δέδωκεν
2594 5393 2740 5464 αὑτῷ
2770 5396 2849 5456 εἰς
2870 5393 3143 5446 τελείωσιν
3190 5395 3217 5445 ό
3261 5393 3467 5462 Πατήρ.
3502 5391 3854 5462 Συλλήπτορα

2287 5486 2343 5538 δέ
2386 5487 2492 5538 τῶν
2523 5484 2670 5554 ἐμῶν
2699 5483 2871 5551 λόγων
2898 5484 3194 5553 ποιήσομαι
3242 5480 3402 5534 πάλιν
3440 5480 3529 5533 τὸν
3562 5480 3853 5550 ἱερώτατον

2289 5577 2518 5641 Παῦλον,
2550 5575 2643 5629 ὡδὶ
2669 5575 2979 5645 γεγραφότα
3011 5577 3117 5637 τοῖς
3156 5574 3212 5639 ἐξ
3262 5573 3430 5639 ἐθνῶν
3458 5572 3818 5643 κεκλημένοις
3838 5588 3851 5603 ο

1861 5758 1900 5788 ἰ’
1932 5755 2159 5826 Philipp.
2200 5770 2255 5821 ιι,
2296 5754 2346 5811 6.
2425 5754 2466 5785 ⁸³
2492 5752 2647 5808 Joan.
2680 5765 2813 5815 xvtt,
2844 5748 3093 5816 5,2135.
