4078 6348
153 403 240 460 ΞΠ

1184 393 1555 451 ADVERSUS
1596 390 2013 449 NESTORIUM
2046 388 2171 444 LIB.
2214 390 2278 441 ν.

3278 378 3387 433 218

161 546 174 575 ι
206 523 335 576 Νυνὶ
364 522 420 573 δὲ
448 522 503 574 ὲν
531 519 749 590 Χριστῷ
788 516 963 587 Ίησοῦ
1000 518 1158 587 ὑμεῖς
1188 518 1238 570 οἱ
1272 517 1400 572 ποτὲ
1432 518 1580 580 ὄντες
1614 533 1714 586 μα-

1825 515 2107 585 gentibus:
2142 530 2160 564 ι
2208 509 2358 564 Nunc
2407 515 2585 561 autem
2631 506 2682 559 in
2733 502 2948 559 Christo
2989 501 3115 556 Iesu
3167 513 3259 553 vos
3297 495 3385 565 qui

156 614 299 683 χρᾶν,
341 610 637 680 ἐγενήθητε
671 610 835 677 ἐγγὺς
877 611 934 660 ὲν
970 607 1050 677 τῷ
1100 607 1292 678 αἵματι
1324 608 1418 659 τοῦ
1453 605 1712 676 Χριστοῦ.

156 707 309 769 Αὐτὸς
339 704 447 771 γάρ
474 704 618 754 ἐστιν
650 702 681 770 ἡ
717 702 903 770 εἰρήνη
948 698 1123 769 ἡμῶν,
1168 702 1194 751 ὁ
1225 700 1454 767 ποιήσας
1493 699 1560 750 τὰ
1608 698 1717 766 ἀμ·-

156 798 343 866 φότερα
383 796 477 847 ἓν·
525 795 617 847 καὶ
644 793 703 845 τὸ
737 793 1050 864 μεσότοιχον
1092 791 1183 844 τοῦ
1232 790 1485 861 φραγμοῦ
1528 789 1715 851 λύσας,

153 890 239 957 τήν
280 887 482 957 ἔχθραν
526 889 582 937 ὲν
611 888 675 953 τῇ
710 886 875 949 σαρκὶ
922 883 1105 947 αὑτοῦ,
1138 882 1229 935 τὸν
1274 882 1437 950 νόμον
1478 881 1584 933 τῶν
1628 883 1716 932 ὲνο

152 979 307 1033 τολῶν
342 980 398 1030 ὲν
447 978 675 1046 δόγμασι
722 978 1098 1046 καταργήσας,
1141 976 1225 1026 ἵνα
1259 974 1385 1039 τοὺς
1427 972 1520 1026 δύο
1560 974 1716 1043 κτίσῃ

154 1071 203 1121 ὲν
237 1068 393 1137 αὑτῴ
427 1068 503 1130 εἰς
551 1068 646 1119 ἕνα
694 1067 878 1119 καινὸν
930 1066 1234 1133 ἄνθρωπον,
1274 1065 1441 1117 ποιῶν
1473 1066 1714 1133 εἰρήνην,

153 1163 234 1213 καὶ
268 1159 688 1229 ἀποκαταλλάξῃ
739 1158 864 1221 τοὺς
909 1159 1248 1227 ἀμφοτέρους
1294 1158 1348 1208 ὲν
1394 1156 1472 1208 ἐνὶ
1506 1156 1719 1224 σώματι

152 1252 220 1320 τῷ
252 1251 372 1319 Θεῷ
400 1250 486 1302 διὰ
517 1250 609 1302 τοῦ
661 1250 915 1319 σταυροῦ,
952 1248 1277 1304 ἀποκτείνας
1303 1246 1400 1317 τὴν
1432 1245 1628 1317 ἔχθραν
1661 1248 1717 1297 ὲν

152 1343 308 1414 αὐτῷ.
352 1344 460 1397 Καὶ
513 1340 681 1395 ἐλθὼν
735 1340 1126 1409 εὐηγγελίσατο
1166 1340 1388 1409 εἰρήνην
1434 1338 1559 1406 ὑμῖν
1606 1338 1717 1397 τοῖς

158 1438 385 1508 μακρὰν,
436 1435 531 1488 καὶ
583 1436 695 1496 τοῖς
745 1432 937 1500 ἐγγύς.
982 1452 998 1483 ι
1035 1431 1142 1485 Καὶ
1176 1432 1279 1501 μὴν
1306 1430 1399 1482 καὶ
1454 1427 1715 1498 ἑτέρωθι·

158 1546 173 1577 ι
226 1524 615 1586 Δικαιωθέντες
668 1519 759 1577 οὖν
814 1525 881 1575 ὲκ
928 1523 1195 1584 πίστεως,
1248 1522 1471 1590 είρήνην
1520 1518 1715 1586 ἔχομεν

156 1619 279 1689 πρὸς
330 1619 421 1670 τὸν
470 1616 601 1671 Θεὸν
650 1615 736 1668 διὰ
766 1614 858 1667 τοῦ
910 1614 1115 1683 Κυρίου
1164 1612 1321 1683 ήμῶν
1379 1609 1549 1680 Ἰησοῦ
1581 1610 1713 1677 Χρι·

154 1707 291 1763 ατοῦ.
340 1727 357 1757 ι
392 1708 598 1761 Οὐκοῦν
633 1705 1059 1775 κατηλλάγμεθα
1108 1702 1185 1773 τῷ
1233 1699 1352 1771 Θεῷ
1400 1700 1493 1753 καὶ
1541 1698 1714 1768 Πατρὶ

151 1803 231 1857 διὰ
276 1799 374 1853 τοῦ
429 1798 658 1852 θανάτου
693 1796 786 1848 τοῦ
835 1794 967 1847 Υίοῦ
1020 1793 1207 1855 αὑτοῦ,
1242 1791 1714 1860 καταργήσαντος,

1822 607 1989 661 eratis
2036 606 2225 673 longe,
2274 601 2401 656 facti
2447 599 2577 654 estis
2628 610 2792 665 prope
2836 597 2887 648 in
2928 592 3191 661 sanguine
3226 588 3390 644 Chri-

1823 698 1912 753 sti.
1975 697 2091 765 Ipse
2144 704 2227 749 est
2263 692 2405 747 enim
2460 705 2560 759 pax
2603 698 2807 751 nostra,
2850 702 2944 755 qut
2996 684 3120 737 fecit
3166 692 3394 749 utraque

1824 806 2023 853 unum;
2088 798 2141 842 et
2202 786 2433 840 medium
2501 783 2757 853 parietem
2821 779 3068 833 maceriae
3134 781 3390 835 solvens,

1823 878 2133 934 inimicitias
2196 877 2248 930 in
2325 888 2488 929 carne
2562 886 2697 934 sua,
2776 869 2943 937 legem
3015 870 3392 921 mandatorum

1821 972 1876 1025 in
1940 969 2172 1024 decretis
2230 979 2533 1030 evacuans,
2593 971 2653 1016 ut
2709 966 2844 1015 duos
2906 961 3099 1015 coitdat
3157 957 3211 1011 in
3280 956 3396 1024 ipso

1822 1062 1874 1116 in
1908 1076 2069 1115 unum
2106 1075 2298 1113 novum
2347 1060 2641 1119 hominem,
2691 1054 2894 1108 iaciens
2947 1066 3156 1120 pacem,
3218 1058 3272 1102 et
3312 1062 3397 1101 re-

1822 1153 2071 1208 conciliet
2112 1150 2267 1221 125
2297 1150 2484 1202 ambos
2519 1148 2570 1201 in
2599 1161 2703 1200 uno
2728 1159 2955 1214 corpore
2996 1143 3102 1196 Deo
3137 1155 3233 1208 per
3270 1153 3413 1191 cru-—

1821 1261 1960 1309 cem,
1998 1244 2331 1298 interﬁciens
2376 1239 2683 1294 inimicitias
2731 1240 2781 1289 in
2823 1236 3131 1301 semetipso.
3192 1231 3257 1283 Et
3304 1243 3397 1280 ve.-

1822 1338 1976 1390 niens
2015 1331 2404 1400 evangelizavit
2450 1344 2634 1397 pacem
2684 1328 2835 1380 vobis
2862 1325 2949 1392 qui
3000 1322 3157 1389 longe
3197 1318 3397 1381 fuistis,

1818 1438 1871 1483 et
1911 1428 1999 1496 qui
2038 1441 2202 1495 prope
2234 1425 2296 1477 “.
2331 1442 2347 1474 ι
2372 1421 2673 1488 Quinetiam
2712 1418 2837 1471 alibi
2872 1433 2885 1469 :
2925 1434 2942 1466 ι
2972 1412 3258 1468 Justilicati
3293 1408 3397 1476 igi-

1822 1530 1908 1573 tur
1931 1534 1994 1571 ex
2021 1518 2144 1579 ﬁde,
2176 1531 2360 1586 pacem
2399 1514 2657 1568 habemus
2683 1511 2749 1565 ad
2790 1510 2952 1564 Deum
2991 1522 3085 1576 per
3113 1503 3397 1557 Dominum

1821 1620 2064 1663 nostrum
2118 1607 2299 1662 Jesum
2350 1606 2625 1660 Christum
2669 1603 2733 1653 “.
2775 1620 2794 1653 ι
2843 1600 3013 1670 Igitur
3060 1592 3396 1650 reconciliati

1818 1719 2004 1757 sumus
2053 1701 2164 1754 Deo
2199 1711 2254 1753 et
2299 1699 2446 1753 Patri
2495 1713 2589 1765 per
2642 1703 2868 1749 mortem
2924 1690 3042 1745 Filii
3097 1689 3229 1754 ejus,
3270 1701 3399 1739 eva-

1820 1803 2016 1848 Cuante
2050 1806 2112 1847 eo
2149 1792 2225 1844 vel
2257 1788 2614 1843 interﬁcientc
2649 1784 2959 1838 inimicitias
2994 1782 3045 1834 in
3074 1793 3235 1832 carne
3277 1793 3395 1842 sua,

151 1897 311 1965 ἤγουν
338 1890 750 1952 ἀποκτείναντος
786 1887 884 1957 τὴν
914 1886 1110 1956 ἔχθραν
1142 1886 1196 1935 ὲν
1227 1887 1290 1953 τῇ
1328 1884 1489 1953 σαρκὶ
1530 1878 1713 1942 αὑτοῦ,

1825 1886 1965 1954 iuxta
2001 1897 2277 1937 sacrarum
2308 1880 2636 1934 Litterarum
2671 1876 2850 1928 ﬁdem.
2892 1873 2969 1925 Tu
3017 1885 3145 1924 vero
3179 1870 3399 1936 dispen-

151 1986 284 2039 πιατά
330 2000 392 2051 γε
432 1981 529 2052 τὴν
569 1982 753 2034 πίστιν
790 1980 897 2032 τῶν
948 1976 1109 2047 ἱερῶν
1135 1974 1501 2045 Γραμμάτων.
1539 1973 1716 2023 ’Λναι-

152 2077 259 2148 ρεῖς
285 2075 345 2128 δὲ
374 2076 499 2135 τοὺς
527 2072 721 2138 λόγους
760 2070 859 2139 τῆς
892 2066 1201 2136 οἰκονομίας
1250 2064 1431 2127 αὐτὸς,
1460 2062 1554 2116 καὶ
1585 2063 1717 2131 ὁμο-

150 2169 318 2236 λογεῖν
354 2166 452 2217 οὐκ
491 2162 680 2225 ἀξιοῖς,
715 2161 797 2213 ὅτι
838 2159 1003 2227 σαρκὶ
1033 2156 1299 2209 πέπονθεν
1336 2155 1475 2223 ὑπὲρ
1505 2152 1661 2221 ήμῶν
1691 2152 1719 2202 ὁ

150 2259 237 2312 τοῦ
271 2254 407 2311 Θεοῦ
440 2255 631 2320 Λόγος,
668 2248 1059 2320 εὑρεσιλογίαις
1092 2247 1231 2297 τισὶν
1265 2244 1543 2306 ἀσυνέτοις
1575 2240 1719 2312 χρώς

154 2364 337 2419 μενος·
394 2344 573 2399 κοινὸν
617 2342 723 2412 γὰρ
769 2340 937 2409 ὄνομα
982 2338 1085 2407 φὴς
1132 2335 1207 2403 τῷ
1260 2337 1324 2386 ὲκ
1374 2333 1510 2386 Θεοῦ
1563 2333 1720 2399 φύντι

148 2443 320 2511 Λόγῳ,
353 2440 447 2491 καὶ
485 2438 615 2506 ἡμῖν
641 2436 844 2496 αὐτοῖς,
866 2432 946 2496 τὸ,
979 2429 1126 2491 Υἱός.
1163 2423 1295 2480 Εἶτα
1327 2424 1432 2477 τῶν
1466 2425 1545 2485 είς
1574 2424 1719 2491 ἡμᾶς

149 2509 447 2598 γεγονότων
482 2524 725 2593 ἀγαθῶν,
762 2523 934 2590 ἀεργῆ
971 2519 1230 2580 καθιστὰς
1275 2516 1384 2579 τὸν,
1419 2514 1484 2567 δι’
1529 2509 1588 2566 οῦ
1633 2531 1719 2565 σε-

153 2620 409 2691 σώσμεθα
453 2617 584 2671 Θεὸν
614 2614 804 2681 Λόγον,
835 2611 908 2673 ῶς
958 2610 1126 2678 ἑτέρῳ
1160 2608 1287 2678 παρ’
1315 2604 1475 2659 αὐτὸν
1510 2604 1604 2655 καὶ
1632 2602 1723 2655 l6:-

149 2713 252 2774 κῶς
285 2709 562 2779 νοουμένῳ
587 2706 695 2759 τῶν
725 2702 846 2756 καθ’
878 2701 1021 2769 ἡμᾶς
1052 2700 1151 2760 ἑνὶ,
1182 2699 1250 2749 τὰ
1279 2699 1361 2765 ἐφ’
1395 2692 1474 2757 οἷς
1510 2692 1723 2759 δοξάζε-

148 2820 232 2856 ται
262 2796 719 2872 προσνενεμηκὼς
749 2792 933 2858 ἁλώσῃ
981 2788 1186 2858 σαφῶς.
1233 2787 1346 2839 Οἴει
1375 2786 1430 2837 δέ
1476 2802 1558 2837 σοι
1590 2784 1725 2853 πρὸς

146 2892 425 2956 ἀπόδειξιν
452 2885 526 2941 ῶν
562 2888 697 2955 ἔφην
718 2885 827 2957 [ἵσ.
853 2880 1035 2953 έφης],
1060 2881 1154 2933 καὶ
1187 2879 1290 2949 μὴν
1319 2879 1412 2930 καὶ
1444 2875 1716 2946 πεφρόνη-

148 2999 246 3043 κας
274 2981 376 3033 οὐκ
399 2978 594 3048 ὀρθῶς,
621 2976 953 3044 ἀποχρήσειν
982 2968 1039 3026 εὖ
1074 2972 1220 3042 μάλα
1249 2970 1346 3040 τὴν
1375 2967 1715 3039 ὁμωνυμίανο

144 3073 239 3124 οὐκ
268 3070 470 3123 ἐννοῶν
496 3068 578 3120 ὅτι
608 3065 711 3118 κᾶν
745 3066 855 3127 τοῖς
891 3063 1030 3115 κατὰ
1073 3061 1232 3129 φύσιν
1264 3056 1401 3112 εἷναί
1434 3076 1487 3110 τι
1530 3056 1727 3127 λαχοῦ-

1821 1975 2043 2031 sationis
2076 1974 2317 2026 rationes
2366 1970 2596 2031 evertis,
2646 1976 2700 2021 et
2752 1979 2971 2019 recusas
3020 1961 3270 2017 conﬁteri
3308 1958 3400 2012 Dei

1821 2067 2052 2122 Verbum
2097 2078 2195 2133 pro
2234 2061 2389 2116 nobis
2422 2075 2583 2114 carne
2623 2072 2862 2125 passum,
2906 2053 3227 2108 commentis
3273 2051 3398 2119 qui-

1820 2159 2048 2213 busdam
2086 2155 2511 2224 imperitisusus
2540 2169 2552 2203 :
2581 2164 2775 2203 nomen
2800 2148 2941 2202 enim
2976 2143 3303 2207 Filii,Verho
3332 2157 3401 2196 ex

1822 2249 1933 2303 Deo
1966 2247 2148 2316 genito
2200 2259 2262 2297 ac
2300 2245 2454 2296 nobis
2509 2242 2636 2311 ipsis
2692 2253 2981 2294 commune
3034 2250 3154 2289 esse
3208 2235 3394 2289 dicis:

1824 2340 2019 2394 deinde
2048 2340 2310 2391 bonorum
2352 2334 2401 2387 in
2441 2348 2540 2387 nos
2587 2332 2906 2385 collatorum
2940 2328 3085 2381 illum
3138 2341 3259 2381 esse
3298 2340 3398 2378 au-

1824 2440 2028 2484 ctorem
2086 2441 2307 2495 negans,
2365 2439 2460 2493 per
2519 2436 2678 2491 quem
2719 2418 2911 2472 salvati
2969 2432 3179 2481 sumus,
3236 2416 3400 2469 Deum

1829 2522 2083 2583 Verbum,
2116 2527 2370 2586 tanquam
2392 2514 2547 2567 alteri
2580 2512 2763 2565 abillo
2787 2522 2839 2564 et
2870 2512 3097 2565 seorsim
3126 2509 3405 2562 intellecto

1828 2613 1916 2665 uni
1952 2626 2015 2665 ex
2046 2619 2233 2663 nostro
2265 2620 2507 2668 numero,
2540 2618 2600 2658 ea
2644 2612 2866 2673 propter
2897 2617 3015 2670 qua:
3048 2601 3399 2668 gloriﬁcatur,

1829 2705 2067 2758 tribuere
2106 2711 2291 2771 aperte
2322 2696 2741 2765 deprehenderis
2769 2713 2782 2749 :
2816 2709 2878 2748 ac
2902 2704 3061 2764 putas
3090 2694 3153 2745 ad
3183 2706 3247 2744 ea
3268 2705 3402 2744 con-

1829 2795 2086 2849 ﬁrmanda
2116 2808 2235 2861 quae
2261 2790 2466 2853 dixisti,
2496 2799 2550 2842 et
2589 2802 2708 2856 qua:
2750 2800 2856 2839 non
2890 2793 3037 2839 recte
3081 2784 3271 2845 sentis,
3308 2782 3400 2835 tibi

1827 2887 1962 2941 satis
2005 2897 2277 2951 superque
2330 2880 2566 2933 futuram
2610 2881 2782 2945 ipsam
2822 2876 3248 2945 homonymiam;
3296 2888 3403 2926 non

1829 2978 2117 3033 advertens
2146 2974 2312 3028 etiam
2348 2971 2391 3026 si
2432 2984 2553 3023 cum
2586 2969 2651 3023 iis
2683 2983 2800 3036 quae
2830 2966 3124 3020 secundum
3157 2973 3401 3017 naturam

1830 3072 2029 3126 habent
2078 3076 2134 3121 ut
2166 3066 2276 3120 sint
2310 3061 2534 3131 aliquid,
2591 3059 2857 3113 nonnullae
2900 3058 3021 3110 aliae
3075 3070 3161 3109 res
3213 3055 3404 3108 eodem

148 3177 247 3225 σιν,
286 3157 596 3229 ὁμωνύμως
627 3155 788 3224 ἔτερα
817 3152 1043 3219 λέγηται
1072 3149 1177 3201 τῶν
1227 3147 1393 3199 ὅντων
1422 3145 1564 3207 τινὰ,
1605 3145 1722 3214 οὐχὶ

1830 3160 2049 3213 nomine
2083 3166 2363 3217 vocentur,
2403 3168 2509 3206 non
2553 3167 2616 3205 ea
2663 3153 2730 3203 de
2773 3165 2936 3203 causa
2978 3148 3063 3201 illa
3092 3147 3405 3214 expellenda

143 3252 345 3321 ταύτης
386 3251 547 3303 ἕνεκα
592 3247 690 3316 τῆς
726 3244 903 3305 αἰτίας
950 3241 1210 3309 ὲξωστέον
1243 3238 1310 3290 τὰ
1361 3237 1503 3290 κατὰ
1536 3235 1716 3303 φύσιν,

144 3342 523 3413 περιτιθέντας
548 3340 635 3393 ἀεὶ
672 3337 739 3392 τὰ
782 3335 977 3396 αὐτῶν,
1017 3336 1127 3395 τοῖς
1161 3332 1302 3386 κατὰ
1349 3331 1519 3394 θέσιν,
1565 3329 1597 3400 ἢ
1633 3329 1723 3400 μί-

145 3453 331 3505 μησιν.
370 3435 464 3485 Δεῖ
493 3432 572 3495 δὲ,
606 3425 783 3498 οἶμαι,
815 3428 912 3489 τὰς
936 3426 1040 3478 τῶν
1060 3426 1350 3494 δρωμένων
1383 3425 1471 3477 ἀεὶ
1496 3422 1723 3493 δοκιμά-

144 3525 330 3589 ζεσθαι
381 3537 594 3591 φυσεις,
631 3519 723 3575 καὶ
760 3514 841 3580 οἷς
893 3519 956 3569 ἂν
991 3516 1225 3585 μάλιστα
1259 3515 1458 3585 πρέποι
1493 3512 1721 3583 προσνέ-

145 3634 264 3686 μειν
316 3616 481 3668 αὐτά.
517 3606 663 3672 Οἷον,
704 3609 834 3679 φέρε
885 3609 1078 3668 εἰπεῖν,
1118 3606 1249 3667 Θεὸς
1281 3605 1589 3673 ὠνόμασται
1633 3601 1727 3655 καὶ

142 3710 255 3762 ἔστι
300 3706 453 3761 κατὰ
497 3704 752 3773 ἀλήθειαν
800 3700 829 3751 ὁ
874 3700 1094 3767 Πατήρ·
1138 3716 1156 3747 t
1210 3696 1295 3761 Ἐξ
1330 3695 1494 3751 αὐτοῦ
1528 3696 1584 3747 δὲ
1632 3694 1724 3746 καὶ

142 3804 296 3855 πᾶσα
330 3798 561 3869 πατριὰ,
604 3796 659 3849 ἔν
697 3810 756 3845 τε
808 3788 1021 3862 ούρανῷ
1068 3788 1162 3841 καὶ
1208 3787 1300 3839 ἐπὶ
1332 3787 1434 3855 γῆς
1462 3783 1724 3852 ὀνομάζε-

140 3910 248 3956 ται,
290 3911 309 3943 ι
355 3892 501 3944 κατά
538 3889 597 3943 τὸ
635 3882 1035 3956 γεγραμμένον.
1088 3880 1225 3934 Ἀλλ’
1262 3879 1370 3931 εἰσὶ
1423 3878 1515 3931 καὶ
1543 3876 1723 3945 ἕτεροι

143 3983 403 4056 σαρκικοί
457 3997 516 4032 τε
572 3976 843 4047 ἡμῖνκαὶ
891 3974 1250 4043 πνευματικοὶ
1300 3968 1552 4038 πατέρες.
1592 3963 1719 4035 ’(Αρ*

139 4073 250 4137 οὖν,
288 4077 343 4129 εἴ
367 4092 422 4127 τι
444 4072 656 4139 λέγοιτο
683 4068 791 4121 τῶν
824 4066 1308 4135 θεοπρεπεστάτων
1336 4058 1569 4131 περὶτοῦ
1587 4055 1721 4109 Θεοῦ

140 4166 234 4219 καὶ
281 4163 545 4233 Πατρὸς,
606 4157 895 4229 ἀρμόσειεν
934 4153 1000 4206 ἂν
1052 4152 1147 4206 καὶ
1208 4153 1319 4213 τοῖς
1372 4146 1516 4201 κατὰ
1577 4144 1724 4197 θέσιν

137 4258 235 4327 τὴν
266 4255 447 4323 αὐτὴν
492 4249 686 4318 ἐκείνῳ
731 4245 954 4317 λαχοῦσι
988 4242 1199 4309 κλῆσιν,
1235 4242 1327 4293 καὶ
1369 4240 1402 4293 ὁ
1440 4237 1539 4306 τῆς
1582 4237 1727 4304 ὁμω-

137 4326 337 4420 νυμίας
397 4345 601 4416 τρόπος
644 4339 750 4394 τῶν
790 4336 939 4407 αὑτῷ
996 4336 1090 4388 καὶ
1136 4334 1280 4403 μόνῳ
1339 4326 1724 4402 πρεπωδεστάο

134 4454 243 4491 των
288 4435 550 4502 ὲξώσειεν
604 4430 669 4484 ἂν
718 4428 916 4492 αὑτόν;
968 4424 1161 4477 Καίτοι
1210 4422 1326 4484 πῶς
1375 4422 1473 4489 οὐχ
1524 4420 1725 4472 ὄπασιν

1830 3264 1950 3303 esse
1990 3262 2109 3316 quae
2147 3254 2273 3301 sunt
2310 3246 2603 3298 secundum
2637 3250 2883 3295 naturam
2926 3239 3135 3291 illorum
3163 3236 3403 3305 propria,

1831 3339 1898 3393 iis
1930 3352 2141 3406 semper
2184 3335 2471 3389 tribuendo
2502 3346 2624 3401 qua:
2664 3346 2728 3385 ex
2761 3328 3029 3399 positione
3063 3336 3155 3380 aut
3180 3341 3247 3383 ex
3282 3325 3405 3379 imi-

1831 3432 2033 3486 tatione
2079 3428 2333 3484 dicuntur
2375 3444 2387 3480 :
2438 3424 2529 3479 sed
2564 3430 2798 3492 oportet,
2847 3430 2906 3474 ut
2956 3421 3167 3489 opinor,
3214 3432 3407 3472 eorum

1830 3534 1948 3587 qure
1976 3526 2237 3585 geruntur
2269 3514 2477 3583 exquiri
2505 3522 2752 3576 naturas,
2782 3519 2833 3565 et
2859 3524 2920 3564 ea
2948 3509 3147 3577 quibus
3175 3507 3408 3560 maxime

1831 3607 2104 3670 convenit,
2139 3605 2454 3659 attribuere.
2489 3603 2650 3657 Verbi
2687 3601 2883 3668 gratia,
2910 3599 3071 3653 Pater
3106 3599 3220 3667 ipse
3246 3608 3330 3652 est
3353 3605 3408 3651 et

1831 3699 2135 3768 appellatur
2167 3696 2345 3750 Deus:
2382 3714 2398 3745 ι
2432 3694 2507 3748 Ex
2545 3694 2659 3762 ipso
2691 3702 2869 3745 autem
2900 3692 3062 3744 etiam
3093 3688 3269 3751 omnis
3310 3703 3409 3755 pao

1832 3789 2057 3841 teruitas
2085 3786 2134 3839 in
2162 3786 2296 3839 caelo
2319 3793 2373 3837 et
2404 3784 2453 3836 in
2490 3792 2629 3835 terra
2658 3782 2988 3845 nominatur,
3019 3799 3038 3832 ι
3070 3789 3128 3832 ut
3148 3779 3405 3845 scriptum

1830 3888 1913 3934 est
1939 3877 2028 3930 "'.
2067 3876 2355 3929 Sunt'vero
2380 3874 2538 3927 nobis
2572 3872 2661 3925 alii
2688 3882 2743 3926 et
2775 3872 3021 3925 carnales
3049 3880 3103 3925 et
3135 3869 3407 3936 spiritales

1831 3979 2032 4038 patres.
2059 3965 2199 4020 Num
2224 3965 2386 4035 igitur
2415 3964 2458 4017 si
2486 3962 2613 4032 quid
2644 3977 2707 4016 ex
2735 3963 2814 4016 his
2844 3977 2961 4031 qua:
2988 3961 3219 4014 maxime
3241 3958 3407 4013 Deum

1830 4060 2043 4123 decent,
2081 4059 2147 4112 de
2182 4058 2292 4110 Deo
2338 4070 2401 4109 ac
2451 4053 2606 4108 Patre
2651 4056 2886 4119 dicatur,
2937 4053 3076 4107 idem
3126 4054 3414 4108 conveniet.

1832 4152 1895 4205 iis
1935 4152 2024 4219 qui
2066 4149 2360 4205 secundum
2400 4145 2722 4215 positionem
2760 4145 3005 4198 eamdem
3035 4158 3154 4197 cum
3181 4143 3270 4196 illo
3294 4156 3411 4197 sor-

1830 4243 1914 4298 titi
1944 4249 2070 4296 sunt
2094 4238 2526 4309 appellationem,
2560 4245 2613 4289 et
2640 4234 2998 4306 homonymia:
3028 4244 3211 4301 tropus
3233 4235 3406 4301 ipsum

1833 4335 1900 4389 iis
1929 4332 2179 4402 spoliabit
2223 4344 2342 4398 quae
2389 4328 2463 4382 illi
2512 4336 2564 4381 et
2611 4326 2709 4380 soli
2763 4326 2997 4379 maxime
3040 4324 3409 4379 conveniunt?

1831 4424 1990 4492 Atqui
2026 4420 2297 4492 quomodo
2332 4434 2439 4473 non
2494 4418 2565 4471 sit
2614 4416 2865 4471 omnibus
2899 4417 3265 4485 perspicuum,
3313 4416 3409 4470 ab-

134 4527 395 4598 ἐναργὲς,
432 4524 509 4586 ὡς
548 4519 773 4574 ἔκτοπόν
822 4534 882 4569 τε
929 4516 1021 4569 καὶ
1066 4512 1272 4583 ἀπηχὲς
1317 4511 1398 4575 τὸ,
1430 4504 1534 4563 ὧδέ
1575 4524 1722 4568 τινας

1831 4514 2053 4569 surdum
2085 4526 2207 4583 esse
2230 4520 2283 4565 et
2305 4510 2566 4563 absonum
2593 4509 2803 4576 aliquos
2826 4522 2855 4561 e
2885 4510 3088 4562 nostris
3108 4510 3184 4563 sic
3208 4508 3410 4563 sentire

132 4618 241 4671 τῶν
293 4618 354 4669 ἒν
408 4617 541 4685 ἡμῖν
579 4610 795 4664 ἑλέσθαι
827 4608 1063 4679 φρονεῖν,
1111 4605 1143 4674 ἦ
1182 4603 1398 4670 λέγειν;
1432 4601 1497 4653 Τί
1542 4600 1724 4652 τοίνυν

132 4712 265 4781 ἡμῖν
318 4708 427 4777 τὴν
476 4703 793 4775 ὁμωνυμίαν
842 4696 1123 4766 ἀειλογῶν,
1174 4695 1265 4747 τὸν
1311 4693 1470 4762 φύσει
1516 4709 1575 4745 τε
1628 4690 1723 4745 καὶ

132 4800 357 4869 ἀληθῶς
398 4796 689 4866 ἀτιμάζεις
723 4791 885 4857 Υἱόν;
916 4790 1023 4842 τῶν
1056 4790 1133 4849 είς
1164 4788 1313 4856 ἡμᾶς
1347 4782 1720 4853 εὐεργετημά-

129 4893 239 4947 τῶν
267 4891 382 4956 ἔξω
415 4905 478 4941 τε
505 4887 693 4951 τιθεὶς,
728 4884 821 4937 καὶ
852 4881 1126 4949 ἀλλότριον
1167 4875 1481 4944 ἀποφαίνων
1502 4891 1513 4903 ·
1544 4874 1721 4926 καίτοι

128 4984 249 5037 δέον
294 4978 585 5044 συλλέγειν
619 4978 696 5037 είς
723 4974 914 5026 ἕνωσιν
950 4971 985 5023 ἃ
1024 4969 1229 5037 διιστᾷν
1271 4966 1576 5034 ὁλοτρόπως
1621 4964 1722 5016 οὐκ

130 5074 427 5147 ἐρυθριᾷς,
463 5070 559 5129 ἕνα
586 5084 643 5119 τε
674 5066 813 5121 νοεῖν
861 5062 997 5133 μετὰ
1024 5060 1121 5127 τῆς
1165 5059 1300 5120 ἰδίας
1328 5055 1489 5109 αὐτοῦ
1524 5054 1723 5123 σαρκὸς

128 5144 218 5222 τὸν
255 5144 323 5220 εκ
353 5161 503 5216 Θεοῦ
535 5158 745 5227 Πατρὸς
779 5154 968 5222 Λόγον.
1016 5149 1256 5221 ’ἱδρῶτος
1289 5148 1398 5218 γὰρ
1440 5144 1583 5198 οῦτω
1620 5161 1723 5213 μα-

128 5260 263 5332 κροῦ
297 5254 511 5311 σαυτὸν
537 5246 883 5313 ἀπαλλάξεις,
915 5244 1049 5315 ὀρθά
1075 5260 1133 5294 τε
1159 5237 1535 5309 πεφρονηκὼς,
1568 5236 1721 5288 ἐπαι-

128 5328 336 5421 νεθήσῃ
371 5344 568 5399 λοιπόν
592 5359 606 5373 ⁸
640 5344 734 5397 καὶ
763 5340 960 5408 ἥκιστα
1007 5336 1102 5405 μὲν
1149 5333 1396 5402 παθητὴν
1426 5332 1568 5397 ἐρεῖς
1618 5328 1717 5397 τὴν

128 5418 366 5512 θεότητήα
402 5434 503 5489 τοῦ
547 5428 887 5497 Μονογενοῦς
913 5443 925 5457 ·
972 5425 1325 5495 ὁμολογήσεις
1369 5420 1426 5471 δὲ
1458 5420 1552 5471 σὺν
1587 5418 1718 5487 ἡμῖν

126 5536 208 5587 δτι
243 5509 365 5601 ζωὴ
394 5528 497 5582 καὶ
529 5523 787 5591 ζωοποιὸς
822 5520 960 5574 κατὰ
994 5519 1153 5587 φύσιν
1189 5515 1327 5579 ἐστὶ,
1361 5512 1454 5564 καὶ
1491 5510 1596 5579 μὴν
1625 5509 1719 5561 καὶ

130 5621 335 5685 παντὸς
381 5617 649 5672 ἐπέκεινα
689 5611 911 5673 πάθους.
956 5606 1087 5665 Εἶτα
1128 5606 1400 5675 παθούσης
1452 5606 1545 5675 τῆς
1584 5605 1715 5656 ἑνω-

1826 4621 1892 4659 ac
1924 4604 2068 4673 loqui
2101 4600 2281 4656 velle?
2309 4600 2419 4654 Cur
2456 4601 2618 4671 igitur
2646 4600 2802 4654 nobis
2829 4601 3229 4673 homonymiam
3265 4590 3406 4654 assii

1826 4698 1930 4750 tlue
1957 4702 2231 4763 repetens,
2264 4691 2411 4747 illum
2437 4706 2502 4745 ex
2528 4702 2720 4745 natura
2758 4671 3216 4760 vereque'Filiunt
3243 4690 3406 4745 dede-

1825 4800 2003 4849 coras,
2029 4792 2085 4836 ut
2112 4782 2499 4838 beneficiorum
2529 4780 2582 4833 in
2611 4795 2710 4834 nos
2746 4779 3067 4834 collatorum
3100 4794 3205 4833 non
3239 4781 3406 4834 fuisse

1827 4876 1977 4929 illum
2006 4883 2281 4929 auctorem
2300 4888 2537 4938 asseras,
2571 4881 2625 4925 et
2658 4871 2890 4925 alienum
2912 4871 3247 4940 pronunties,
3277 4886 3402 4925 cum

1828 4967 2081 5037 colligere
2112 4967 2165 5020 in
2200 4965 2453 5019 unionem
2487 4964 2730 5027 deberes,
2764 4978 2883 5033 quae
2915 4963 3137 5018 omnino
3163 4964 3414 5017 dividere

1831 5073 1933 5112 non
1975 5056 2274 5120 erubescis,
2304 5066 2358 5109 et
2390 5070 2551 5108 unum
2586 5052 2884 5122 intelligere
2910 5068 3031 5106 cum
3067 5054 3235 5122 ipsius
3279 5069 3401 5122 pro—

1832 5150 1950 5217 pria
1984 5163 2149 5202 carne
2184 5147 2357 5215 ipsum
2394 5160 2456 5200 ex
2487 5146 2594 5199 Deo
2627 5145 2787 5199 Patre
2810 5144 3079 5199 Verbum?
3108 5144 3217 5199 Hoc
3248 5160 3401 5198 nam-

1828 5256 1931 5311 que
1982 5240 2024 5294 si
2074 5238 2259 5302 facies,
2304 5246 2354 5290 te
2388 5237 2562 5306 ipsum
2610 5236 2778 5290 multo
2823 5236 3004 5290 labore
3044 5235 3315 5299 liberabis,
3346 5247 3409 5297 et

1820 5333 2045 5401 posthac
2084 5340 2227 5384 recte
2260 5330 2499 5382 sentiens
2533 5329 2856 5390 laudaberis,
2896 5343 3068 5395 neque
3104 5328 3209 5380 ullo
3238 5331 3407 5393 modo,

1820 5423 2155 5477 divinitatem
2202 5422 2360 5491 126
2406 5419 2678 5489 Uttigeniti
2723 5419 3028 5487 passibilem
3078 5420 3247 5484 dices,
3303 5421 3403 5485 sed,

1821 5515 2096 5569 nobiscum
2150 5512 2403 5567 fateberis
2435 5511 2581 5564 illum
2624 5521 2679 5565 et
2729 5512 2889 5565 vitam
2931 5522 2985 5566 et
3029 5512 3398 5573 viviﬁcantem

1821 5620 1883 5657 ex
1933 5612 2121 5657 natura
2147 5615 2286 5667 esse,
2319 5611 2476 5670 atque
2499 5602 2663 5655 etiam
2694 5601 2847 5667 longe
2877 5600 2943 5655 ab
2970 5602 3113 5656 omni
3141 5600 3397 5671 passione

198 5802 245 5835 “
264 5797 484 5871 Epltcs.
522 5812 558 5850 ll
602 5795 781 5848 lii-l7.
859 5795 901 5825 ³⁵
940 5792 1094 5847 Rom.
1130 5806 1180 5848 γ.
1213 5788 1259 5840 Ι.
1332 5786 1398 5815 ⁸⁸⁸
1436 5784 1629 5854 Ephcs.
1672 5797 1754 5841 ιιι.
1790 5781 1877 5841 15,
