4078 6348
217 399 306 451 9'21

1260 350 1643 452 sbvensus
1683 395 2086 453 NESTORIUM
2129 398 2257 454 LIB.
2305 399 2365 453 v.

3352 397 3458 451 222

221 506 385 575 Πατρί
410 522 421 533 ·
465 504 894 576 προσηλώσαντα
947 507 1003 558 δὲ
1040 508 1115 574 τῷ
1147 506 1319 575 ξύλῳ,
1367 509 1427 560 τὸ
1459 508 1578 560 καθ’
1626 507 1780 576 ήμῶν

1890 529 1908 559 ι
1947 510 2285 566 Sacriilcium
2324 522 2377 567 et
2409 513 2732 568 oblationem
2780 514 3023 577 noluisti,
3056 527 3247 581 corpus
3279 523 3457 567 autem

221 598 594 666 χειρόγραφον.
628 596 781 647 Ἐστι
823 595 952 663 γοῦν
990 598 1215 649 ἀκοῦσαι
1258 598 1506 665 λέγοντος
1545 598 1634 649 διὰ
1669 616 1779 665 φω-

220 688 309 755 νῆς
340 688 434 739 τοῦ
469 687 630 739 Δαϐίδ
650 704 663 717 ·
707 706 725 738 ι
754 688 954 740 Θυσίαν
983 690 1075 741 καὶ
1110 689 1423 758 προσφορὰν
1455 690 1554 741 οὑκ
1584 690 1779 758 ἠθέλη-

223 794 331 839 σας,
374 778 532 847 σῶμα⁵
562 779 618 830 δὲ
672 780 987 848 κατηρτίσω
1040 797 1161 849 μοι·
1209 779 1637 849 ὁλοκαυτώματα
1686 779 1780 831 καὶ

222 870 339 938 περὶ
404 871 677 940 ἁμαρτίας
720 872 819 923 οὑκ
866 872 1195 940 ηὑδόκησας,
1236 873 1356 924 τότε
1398 868 1581 925 εἷπον·
1641 872 1774 923 Ἰδοὺ

219 961 361 1028 ἧκον
395 962 450 1010 ὲν
478 961 723 1027 κεφαλίδι
755 960 957 1028 βιϐλίου
991 962 1296 1030 γέγραπται
1325 962 1454 1031 περὶ
1498 960 1652 1029 ἐμοῦ,
1684 960 1777 1012 τοῦ

221 1052 462 1119 ποιῆσαι,
486 1054 513 1104 ὁ
535 1053 685 1115 Θεὸς,
728 1053 787 1103 τὸ
818 1052 1030 1121 θέλημά
1061 1069 1207 1104 σου.»
1232 1052 1646 1123 Ἀπρακτοὺσης
1677 1052 1779 1120 ήδη

219 1141 315 1210 τῆς
356 1143 495 1194 κατά
530 1142 692 1209 νόμον
727 1142 963 1210 ἐντολῆς,
1006 1143 1099 1194 καὶ
1143 1142 1453 1211 τελειοὺσης
1483 1141 1653 1202 οὐδὲν,
1687 1140 1782 1193 καὶ

221 1232 569 1301 ἀνεθελήτους
621 1232 833 1301 ἔχοντος
876 1232 967 1285 τοῦ
1012 1232 1147 1284 Θεοῦ
1195 1233 1286 1285 καὶ
1322 1232 1535 1301 [ἰατρὸς
1573 1231 1671 1292 τὰς
1714 1231 1780 1283 δι’

222 1324 466 1391 αἱμάτων
496 1324 719 1388 Θυσίας,
757 1324 916 1393 σῶμα
959 1324 1319 1394 κατηρτίσθαι
1376 1323 1537 1391 φησὶν
1584 1322 1777 1390 ἐαυτῷ,

223 1413 305 1465 ἴνα
345 1414 446 1480 τῆς
499 1414 752 1467 ἁπάντων
784 1415 1053 1483 σωτηρίας
1104 1414 1198 1466 καὶ
1233 1414 1376 1483 ζωῆς
1426 1412 1781 1480 ἀντάλλαγμα

219 1505 337 1566 δοὺς
367 1503 533 1572 αὑτῷ,
570 1505 776 1565 πάντας
828 1504 1095 1572 ἐξέληται,
1127 1505 1218 1555 καὶ
1257 1504 1487 1556 Θανάτου
1518 1503 1612 1555 καὶ
1655 1503 1782 1570 φθο-

222 1597 336 1664 ρᾶς,
382 1594 472 1647 καὶ
524 1596 659 1665 πρός
688 1612 749 1661 γε
798 1595 970 1664 τούτῳ
1000 1596 1092 1647 καὶ
1127 1594 1430 1664 ἁμαρτιῶν.
1474 1594 1646 1646 Αὑτὸν
1688 1592 1780 1647 οὖν

218 1688 322 1757 ἄρα
360 1689 535 1756 φαμὲν
566 1689 655 1740 τὸν
686 1690 747 1740 ἐκ
779 1688 913 1739 Θεοῦ
950 1686 1163 1757 [ἰατρὸς
1211 1688 1379 1755 Λόγον
1428 1686 1640 1739 ἑλέσθαι
1688 1688 1781 1739 καὶ

220 1778 410 1831 παθεῖν
449 1779 591 1847 ὑπὲρ
617 1777 771 1847 ἡμῶν
802 1779 984 1848 σαρκὶ,
1023 1778 1165 1830 κατά
1193 1777 1292 1839 τὰς
1318 1779 1560 1846 Γραφάς.
1592 1777 1778 1841 Οὑτως

217 1874 359 1941 ἡμᾶς
398 1871 901 1939 μεμυσταγώγηκεν
935 1874 961 1922 6
992 1869 1278 1939 ἱερώτατος
1303 1868 1531 1930 Παῦλος
1553 1886 1571 1918 ι
1602 1868 1696 1930 Ὃς
1725 1870 1781 1919 ὲν

220 1946 398 2034 μορφῇ
450 1962 585 2015 Θεοῦ
643 1964 921 2032 ὑπάρχων,
956 1964 1057 2015 οὑκ
1096 1961 1388 2031 ἁρπαγμὸν
1440 1962 1685 2031 ήγήσατο
1722 1961 1782 2013 τὸ

216 2051 349 2108 εἶναι
392 2053 483 2107 ῐσα
508 2054 659 2123 Θεῷ·
691 2054 805 2106 ἀλλ’
846 2054 1035 2107 ἑαυτὸν
1071 2054 1326 2120 ὲκένωσε,
1363 2054 1576 2123 μορφὴν
1598 2053 1781 2105 δούλου

216 2147 415 2213 λαϐὼν,
445 2150 500 2200 ὲν
529 2146 835 2218 ὁμοιώματι
867 2147 1168 2219 ἀνθρώπων
1194 2148 1505 2216 γενόμενος,
1533 2147 1626 2199 καὶ
1656 2147 1780 2215 σχή-

219 2256 346 2307 ματι
398 2239 637 2307 εὑρεθεὶς
671 2240 745 2301 ώς
798 2239 1104 2310 ἄνθρωπος.
1156 2238 1546 2292 Ἐταπείνωσεν
1595 2239 1783 2291 ἑαυτὸν

214 2331 505 2398 γενόμενος
537 2331 776 2400 ὑπήκοος
804 2332 964 2402 μέχρι
994 2334 1247 2394 θανάτου,
1278 2333 1509 2386 θανάτου
1536 2333 1592 2384 δὲ
1625 2350 1783 2385 σταυ-

215 2420 307 2490 ροῦ
333 2437 347 2451 ⁸
372 2421 455 2473 διὸ
477 2422 569 2473 καὶ
596 2424 623 2473 ὁ
655 2422 784 2485 Θεὸς
809 2424 970 2477 αὑτὸν
1002 2424 1380 2493 ὑπερύψωσεν.
1419 2441 1437 2473 »
1476 2424 1664 2493 Ἀθρει
1696 2423 1780 2492 δὴ,

212 2514 358 2576 ὅπως
383 2514 412 2564 6
449 2515 506 2566 ὲν
538 2516 719 2585 μορφῇ
746 2514 838 2566 τοῦ
870 2514 1004 2566 Θεοῦ
1037 2514 1131 2566 καὶ
1166 2514 1378 2585 Πατρὸς
1414 2514 1675 2585 ὑπάρχων
1708 2516 1782 2577 ὡς

211 2604 361 2667 Θεὸς,
402 2606 428 2657 6
468 2605 753 2673 χαρακτὴρ
787 2605 885 2672 τῆς
918 2605 1268 2666 ὑποστάσεως
1304 2603 1488 2667 αὑτοῦ,
1529 2607 1620 2657 καὶ
1662 2606 1781 2657 κατ’

209 2697 401 2749 εὑδένα
432 2697 635 2762 τρόπον
662 2695 1161 2764 μειονεκτοὺμενος,
1191 2697 1395 2767 ἰσότητι
1417 2700 1483 2767 τῇ
1505 2698 1644 2750 κατά
1676 2700 1784 2751 πᾶν

210 2786 406 2851 ὁτιοῦν,
436 2787 696 2855 ὑπάρχων
732 2802 789 2837 τε
836 2787 929 2838 καὶ
964 2785 1273 2856 νοούμενος,
1304 2788 1614 2839 κεκένωκεν
1654 2788 1783 2839 ἐαυ-

209 2879 317 2937 τὸν,
351 2878 447 2928 κα)⁸
492 2876 731 2944 καθῆκεν
764 2877 955 2929 ἑαυτὸν
994 2877 1135 2929 ἑκὼν
1163 2879 1242 2938 εἰς
1272 2878 1617 2929 ταπείνωσιν.
1650 2874 1784 2931 Εἶτα

209 2967 290 3029 τίς
322 2967 389 3018 ἂν
418 2967 503 3036 εἴη
536 2968 741 3037 φράσον
782 2970 811 3020 6
842 2971 941 3037 τῆς
971 2971 1252 3030 κενώσεως
1285 2969 1505 3037 τρόπος,
1532 2968 1784 3020 τεταπεί-

209 3075 375 3110 νωται
418 3058 475 3109 δὲ
513 3059 680 3121 ὅπως,
738 3060 952 3127 μορφὴν
997 3058 1185 3111 δούλου
1219 3058 1422 3123 λαϐὼν,
1478 3060 1572 3111 καὶ
1623 3060 1782 3129 μέχρι

1883 602 2156 671 perfecisti
2211 605 2340 657 mihi
2400 624 2412 658 :
2464 606 2771 659 holocausta
2819 618 2872 661 ct
2930 622 3025 675 pro
3073 615 3294 673 peccato
3353 621 3457 659 non

1881 694 2194 762 placuerunt
2239 696 2355 758 tibi,
2394 708 2519 750 tunc
2563 699 2670 750 dixi
2716 714 2730 751 ι
2775 699 2910 751 Ecce
2961 698 3139 759 venio,
3181 697 3231 748 in
3286 696 3458 762 capite

1880 784 1998 836 libri
2026 785 2286 853 scriptmn
2313 797 2395 839 cst
2420 790 2481 839 de
2502 803 2605 850 me,
2624 798 2676 839 ut
2707 786 2920 849 faciam,
2943 786 3105 850 Deus,
3131 785 3456 853 voluntatem

1885 884 2024 927 tuam
2054 852 2182 928 δι.)
2221 875 2361 928 Nihil
2397 889 2589 945 agente
2628 876 2735 943 jam
2797 876 2927 944 legis
2967 876 3221 927 mandato
3250 883 3301 927 et
3326 852 3459 927 nibil

1883 966 2215 1033 perﬁciente,
2254 978 2307 1019 et
2352 967 2457 1019 Deo
2489 983 2549 1019 ac
2586 966 2745 1018 Patre
2786 967 2895 1034 jam
2941 966 3154 1017 nolente
3202 972 3458 1017 cruentas

1884 1056 2106 1121 hostias,
2158 1070 2351 1122 corpus
2398 1056 2497 1108 sibi
2535 1056 2833 1121 perfectum
2872 1056 3023 1118 dicit,
3069 1064 3147 1119 ut,
3181 1054 3359 1122 seipso
3405 1054 3456 1106 in

1880 1147 2118 1214 pretium
2154 1145 2343 1199 salutis
2376 1160 2438 1200 ac
2485 1147 2605 1198 vitae
2656 1146 3030 1199 universorum
3075 1145 3221 1207 dato,
3267 1158 3455 1197 omnes

1883 1246 1938 1291 et
1963 1253 1991 1290 a
2029 1238 2217 1291 mortis
2245 1238 2615 1306 corruptione,
2667 1247 2719 1291 et
2758 1238 2980 1304 insuper
3014 1252 3040 1288 a
3074 1236 3310 1304 peccatis
3345 1235 3455 1288 eri-

1883 1337 2055 1395 peret.
2103 1326 2280 1395 Ipsum
2316 1326 2479 1395 igitur
2509 1326 2742 1379 dicimus
2783 1340 2850 1378 ex
2893 1324 3001 1377 Deo
3035 1322 3193 1377 Patre
3226 1322 3456 1376 Verbum

1886 1420 2119 1473 voluisse
2146 1420 2303 1472 etiam
2329 1433 2424 1486 pro
2457 1418 2609 1473 nobis
2633 1432 2795 1471 carne
2818 1418 2951 1485 pati,
2979 1416 3278 1469 secundum
3307 1414 3455 1467 Scri-

1883 1520 2068 1578 pturas
2096 1511 2161 1563 ⁵¹.
2194 1510 2284 1563 Sic
2342 1524 2437 1563 nos
2464 1508 2653 1561 imbuit
2682 1506 3022 1561 beatissimus
3042 1506 3237 1559 Paulus
3270 1524 3281 1557 :
3308 1523 3325 1554 ι
3352 1504 3454 1569 Qui

1884 1614 2004 1653 cum
2041 1599 2096 1653 in
2143 1598 2311 1651 forma
2350 1598 2439 1652 Dei
2487 1606 2652 1658 esset,
2700 1610 2804 1649 non
2856 1596 3096 1666 rapinam
3153 1594 3453 1647 arbitratus

1884 1702 1965 1746 est
1998 1706 2116 1745 esse
2142 1706 2200 1746 se
2242 1690 2499 1759 aequalem
2540 1690 2647 1743 Deo
2688 1706 2701 1741 :
2750 1689 2842 1742 sed
2880 1688 3227 1754 semetipsum
3272 1686 3457 1740 exina-

1885 1784 2042 1847 nivit,
2074 1782 2299 1835 formam
2331 1783 2469 1835 servi
2503 1782 2796 1850 accipiens,
2834 1780 2885 1833 in
2919 1778 3323 1833 similitudinem
3356 1775 3453 1828 bo-

1816 1856 1853 1908 B
1884 1876 2089 1928 minnm
2125 1874 2316 1935 factus,
2351 1884 2404 1926 et
2441 1874 2623 1926 habitu
2670 1875 2918 1926 inventus
2960 1880 3015 1923 ut
3049 1872 3225 1923 homo.
3270 1866 3459 1921 Humi-

1888 1963 2034 2017 liavit
2057 1963 2403 2032 semetipsum
2432 1962 2605 2018 factus
2632 1964 2887 2018 obediens
2914 1976 3082 2029 usque
3110 1960 3173 2013 ad
3202 1970 3453 2021 mortem,

1888 2066 2116 2109 mortem
2151 2065 2327 2109 autem
2359 2055 2553 2109 crucis.
2586 2054 2812 2122 Propter
2835 2054 2975 2122 quod
3008 2063 3060 2105 et
3088 2050 3228 2105 Deus
3253 2049 3458 2104 exalta-

1887 2149 1963 2201 vit
1990 2146 2139 2199 illum
2162 2147 2229 2200 ⁵³.
2268 2165 2286 2198 ι
2317 2146 2611 2201 Considera
2631 2146 2814 2214 igitur,
2834 2145 2953 2197 utis
2972 2145 3059 2211 qui
3089 2141 3332 2196 informa
3362 2140 3456 2194 Dei

1887 2248 1940 2291 et
1973 2237 2147 2291 Patris
2171 2246 2290 2290 erat
2319 2245 2500 2303 utpote
2529 2235 2689 2299 Deus,
2722 2234 2807 2287 ille
2840 2237 3122 2286 character
3156 2246 3250 2283 seu
3290 2229 3459 2299 ﬁgura

1886 2328 2202 2382 substantia:
2247 2328 2361 2396 ejus
2402 2328 2470 2389 5",
2508 2334 2560 2380 et
2601 2326 2689 2394 qui
2734 2324 2876 2377 nullo
2918 2324 3077 2377 modo
3111 2324 3286 2377 minor
3321 2334 3458 2387 erat,

1885 2434 2005 2473 cum
2049 2434 2145 2487 per
2172 2420 2349 2472 omnia
2386 2420 2454 2471 sit
2487 2428 2539 2471 et
2576 2418 2908 2484 intelligatur
2939 2415 3184 2483 :cqnalis,
3212 2414 3457 2467 exinani-

1886 2510 2019 2564 verit
2051 2510 2419 2578 semetipsum,
2448 2519 2500 2561 et
2534 2509 2587 2560 in
2622 2507 2981 2560 humilitatem
3012 2502 3200 2574 sponte
3221 2505 3456 2559 demise-

1887 2604 1978 2657 rit.
2008 2600 2125 2655 Jam
2163 2601 2409 2669 quisnam
2452 2602 2522 2654 sit
2564 2598 2949 2653 exinanitionis
2985 2598 3196 2660 modus,
3225 2612 3456 2664 expone,

1885 2694 2152 2763 quomodo
2181 2694 2342 2746 etiam
2393 2692 2461 2745 sit
2505 2691 2817 2745 humiliatus
2866 2689 3094 2742 formam
3131 2690 3270 2742 servi
3316 2690 3461 2742 acci-

1884 2790 2056 2855 piens,
2084 2793 2137 2838 et
2171 2798 2340 2851 usque
2369 2783 2432 2835 ad
2467 2791 2694 2835 mortem
2730 2781 2903 2833 factus
2925 2780 3199 2842 obediens,
3232 2788 3457 2832 mortem

1885 2888 2063 2930 autem
2103 2876 2297 2929 crucis.
2338 2873 2526 2926 Annon
2587 2880 2673 2925 est
2714 2870 2963 2924 omnibus
2994 2871 3235 2933 evidens,
3281 2869 3331 2923 id
3362 2869 3462 2922 hu-

1885 2970 2079 3023 miliari
2116 2968 2257 3036 quod
2302 2966 2532 3019 sublime
2576 2964 2665 3029 sit,
2714 2979 2817 3018 non
2854 2963 2994 3030 quod
3034 2962 3360 3015 intrinsecus
3404 2969 3462 3015 et

1884 3076 1947 3115 ex
1982 3068 2173 3113 natura
2198 3059 2525 3111 snlnnissum
2555 3065 2608 3109 et
2650 3055 2990 3116 bumile‘l-id,
3025 3054 3124 3106 nisi
3158 3052 3331 3117 fallor,
3367 3068 3459 3105 ex-

210 3148 440 3201 θανάτου
479 3147 717 3213 γεγονὼς
751 3149 988 3217 ὑπήκοος
1014 3189 1027 3209 ,
1067 3149 1296 3201 θανάτου
1331 3149 1388 3200 δὲ
1430 3148 1685 3217 σταυροῦ.
1712 3150 1780 3200 Ἢ

1883 3138 2102 3212 inaniri,
2141 3150 2280 3217 quod
2327 3151 2538 3216 plenum
2584 3147 2670 3211 sit,
2725 3157 2776 3201 et
2824 3146 3018 3199 nullius
3061 3145 3134 3197 rei
3186 3144 3463 3213 indigeat?

207 3240 302 3309 οὑχ
338 3239 544 3291 ἅπασιν
581 3240 825 3308 ἐναργὲς,
861 3240 941 3291 ὅτι
975 3240 1325 3293 ταπεινοῦται
1357 3240 1416 3290 τὸ
1456 3239 1677 3307 ὑψηλὸν,
1718 3240 1776 3291 οὑ

207 3328 266 3379 τὸ
290 3327 508 3379 οἴκοθέν
557 3343 613 3378 τε
665 3329 759 3380 καὶ
796 3330 1041 3396 φυσικῶς
1091 3332 1147 3380 ἐν
1204 3330 1393 3396 ὑφέσει
1428 3346 1485 3381 τε
1540 3329 1779 3396 ὑπάρχον

207 3422 298 3473 καὶ
321 3420 796 3489 τεταπεινωμένον
821 3438 834 3487 ;
864 3420 1113 3473 κενοῦται
1158 3421 1235 3484 δὲ,
1272 3415 1445 3489 οἶμαι,
1478 3420 1537 3472 τὸ
1578 3418 1781 3488 πλῆρες

208 3511 477 3581 ὑπάρχον,
510 3513 603 3563 καὶ
632 3503 952 3581 δεδεημένον
982 3513 1131 3564 οὐδέν
1159 3529 1171 3540 ·
1212 3511 1425 3579 δέχεται
1460 3512 1551 3563 καὶ
1595 3511 1779 3563 δούλου

210 3604 449 3674 μορφὴν,
484 3602 543 3654 τὸ
581 3603 684 3670 πρὸ
712 3602 883 3668 αὑτῆς
918 3602 1197 3670 ἐλεύθερον
1223 3602 1364 3653 κατά
1405 3601 1563 3668 φύσιν
1585 3617 1598 3630 ·
1636 3602 1781 3670 εὑρί-

209 3713 399 3748 σκεται
437 3695 493 3747 δὲ
542 3695 636 3746 καὶ
668 3693 950 3763 ἄνθρωπος
986 3694 1012 3744 ὁ
1050 3694 1123 3761 μὴ
1156 3694 1313 3745 τοῦτο
1357 3694 1615 3763 ὑπάρχων
1652 3695 1780 3763 πρὶν

205 3791 290 3841 ὅτε
324 3789 426 3840 οὑκ
458 3784 524 3857 ἦν
546 3784 807 3855 εὑρεθείς.
829 3785 921 3847 Τίς
944 3781 1035 3837 οὖν
1066 3786 1169 3855 ἄρα
1191 3785 1333 3837 ἐστὶν
1357 3788 1383 3837 ό
1411 3784 1611 3854 ὑψηλὸς
1638 3784 1781 3837 κατά

207 3881 366 3948 φύσιν
416 3880 513 3931 καὶ
564 3878 753 3939 καθεὶς
797 3878 985 3929 ἑαυτὸν
1019 3880 1098 3938 εἰς
1140 3878 1507 3938 ταπείνωσιν;
1540 3877 1622 3938 τίς
1664 3877 1720 3929 δὲ
1755 3879 1782 3929 ὁ

206 3973 443 4041 πλήρης,
477 3969 561 4021 ἵνα
584 3968 768 4038 νοῆται
803 3969 1208 4037 κεκενωμένοςς
1236 3968 1317 4030 τίς
1348 3970 1375 4021 6
1405 3968 1512 4020 τῶν
1542 3969 1641 4040 τῆς
1661 3968 1782 4020 δου-

206 4066 353 4126 λείας
385 4064 649 4115 ἐπέκεινα
683 4063 916 4131 μέτρων,
954 4063 1039 4113 ἵνα
1073 4062 1297 4130 λέγηται
1345 4062 1559 4132 μορφὴν
1593 4063 1779 4114 δούλου

205 4155 418 4217 λαϐεῖν;
468 4156 550 4217 τίς
598 4156 696 4206 οὑκ
728 4154 803 4205 ὢν
826 4154 1113 4223 πρότερον,
1158 4153 1280 4205 καθ’
1324 4154 1469 4223 ἡμᾶς
1500 4153 1781 4224 ἄνθρωπος

204 4246 360 4298 τοῦτο
401 4246 670 4316 εὑρῆσθαι
694 4245 946 4312 λέγεται;
981 4238 1135 4296 ταυτὶ
1179 4244 1285 4314 γὰρ
1311 4239 1467 4315 οἶμαι
1513 4244 1619 4297 τῶν
1659 4245 1781 4297 καθ’

206 4336 353 4404 ἡμᾶς
386 4336 471 4387 ἐνὶ
493 4335 585 4386 καὶ
606 4332 874 4403 ἀνθρώπῳ
896 4333 1058 4401 κοινῷ
1094 4332 1417 4403 προσνέμειν
1446 4336 1778 4403 ἀποτολμᾷν,

207 4424 402 4495 εῦηθες
442 4427 509 4477 ἂν
556 4423 661 4494 εἴη,
690 4424 911 4491 καὶτῆς
957 4425 1181 4476 ἀπασῶν
1231 4426 1464 4494 ἐσχάτης
1495 4426 1783 4486 ἀσυνεσίας

206 4518 506 4588 ἐπίμεστον
546 4516 787 4584 ἀληθῶς·
821 4516 1053 4585 ἁρμόσει
1079 4517 1121 4568 δ’
1160 4518 1223 4569 ἂν
1263 4518 1354 4569 καὶ
1382 4518 1523 4586 μάλα
1562 4518 1785 4579 εἰκότως

204 4613 267 4678 τῇ
296 4608 595 4678 ὑπερτάτῳ
633 4606 811 4673 φύσει,
854 4607 993 4658 Ἀλλ’
1019 4609 1045 4659 6
1085 4609 1179 4675 μὲν
1204 4606 1295 4657 τοῦ
1322 4607 1451 4658 Θεοῦ
1488 4608 1676 4673 Λόγος,
1717 4607 1780 4658 ὲκ

206 4701 407 4769 πολλῆς
437 4702 579 4766 ἄγαν
604 4699 701 4765 τῆς
722 4700 800 4760 είς
827 4700 975 4767 ἡμᾶς
999 4700 1332 4767 ἡμερότητος
1354 4698 1447 4749 καὶ
1474 4697 1779 4767 φιλανθρω-

205 4794 335 4855 πίας
366 4792 813 4862 προσκεκόμικεν
843 4790 980 4860 ὑπὲρ
1016 4790 1171 4860 ἡμῶν
1204 4790 1264 4842 τὸ
1299 4790 1427 4842 ῐδιον
1461 4790 1616 4858 σῶμα
1638 4833 1651 4854 ,
1690 4791 1781 4842 καὶ

207 4886 424 4955 μορφὴν
468 4882 656 4935 δούλου
687 4881 886 4945 λαϐὼν,
922 4882 1142 4948 γέγονεν
1176 4882 1411 4951 ὑπήκοος
1432 4882 1507 4951 τῷ
1534 4881 1651 4950 Θεῷ
1689 4882 1781 4932 καὶ

204 4976 379 5045 Πατρὶ
418 4974 585 5043 μέχρι
620 4971 873 5035 θανάτου,
902 4972 995 5023 καὶ
1025 4972 1122 5023 οὑκ
1152 4971 1456 5040 ἀπόϐλητον
1486 4971 1779 5038 ἐποιήσατο

201 5066 262 5118 τὸ
291 5065 493 5117 παθεῖν
531 5062 746 5114 ἑλέσθαι
782 5062 963 5131 σαρκὶ,
998 5062 1172 5112 καίτοι
1213 5060 1308 5130 τὴν
1338 5059 1496 5127 φύσιν
1521 5060 1779 5127 ὑπάρχων

202 5160 422 5228 ἀπαθὴς
448 5158 527 5218 ὼς
561 5156 691 5217 Θεός
717 5170 729 5184 ⁸
757 5154 1055 5223 ὲπερυθριᾷ
1081 5170 1143 5220 γε
1176 5151 1277 5222 μὴν
1304 5151 1574 5212 ἀσυνέτως
1598 5150 1780 5201 οὑτοσὶ

200 5252 309 5313 τοῖς
344 5250 493 5316 ὑπὲρ
549 5245 706 5316 ήμῶν
750 5244 1236 5312 θεοπρεπεστάτοις
1268 5241 1429 5295 αὑτοῦ
1472 5241 1775 5309 σκέμμασι,

202 5344 294 5394 καὶ
329 5343 505 5409 τιμᾷν
541 5338 813 5405 οἰόμενος,
849 5335 1050 5387 ἀδικεῖ·
1100 5335 1362 5404 ἀποφέρει
1404 5333 1499 5398 μὲν
1529 5331 1637 5401 γάρ
1686 5329 1777 5381 τοῦ

201 5433 394 5487 παθεῖν
425 5430 614 5491 αὑτὸν,
645 5429 819 5479 καίτοι
845 5426 1069 5496 μηδενὸς
1098 5427 1282 5497 ἐτέρου
1309 5425 1498 5476 παθεῖν
1527 5412 1779 5489 λέγοντος

202 5529 276 5587 εἰς
313 5526 454 5576 ἰδίαν
494 5520 658 5588 φύσιν
681 5535 693 5547 ·
737 5519 834 5571 οὑκ
882 5518 1189 5571 αἰσθάνεται
1215 5518 1271 5569 δὲ
1311 5518 1391 5568 ὃτι
1426 5516 1650 5583 Σωτῆρα
1685 5513 1776 5564 καὶ

204 5614 506 5685 Λυτρωτὴν
536 5612 635 5663 οὑκ
660 5611 874 5679 ἐφίησιν
900 5610 1060 5662 αὑτὸν
1088 5605 1461 5678 ὁμολογεῖσθαι
1489 5605 1593 5657 τῶν
1616 5604 1773 5667 ὅλων,

298 5792 337 5822 ⁵³
370 5788 522 5847 Psal.
555 5802 745 5851 χχχιχ,
781 5786 878 5839 7-9
908 5804 919 5851 -,
948 5785 1107 5839 llcbr.
1153 5800 1204 5847 κ,
1243 5783 1353 5837 5-7.

1452 5782 1495 5809 ³⁸
1530 5780 1715 5835 ll‘ctr.
1756 5793 1830 5841 tv,
1869 5778 1916 5831 1.

1887 3242 2014 3295 illud
2046 3240 2207 3293 etiam
2247 3240 2492 3305 accipere
2522 3240 2659 3290 servi
2699 3238 2949 3299 formam,
2980 3237 3122 3305 quod
3153 3245 3278 3289 ante
3314 3236 3458 3289 illam

1886 3336 2049 3389 fuerit
2080 3334 2374 3388 secundum
2412 3342 2659 3386 naturam
2690 3332 2959 3386 liberum?
2985 3332 3133 3384 illum
3163 3332 3324 3385 etiam
3363 3332 3461 3385 bo-

1886 3422 2083 3474 minem
2135 3420 2383 3479 inveniri,
2421 3422 2509 3488 qui
2563 3420 2614 3473 id
2663 3436 2768 3475 non
2801 3429 2917 3476 erat
2962 3420 3272 3490 priusquam
3318 3428 3461 3476 esset

1887 3511 2175 3565 inventus?
2201 3510 2331 3576 Quis
2358 3525 2487 3582 ergo
2524 3511 2612 3565 ille
2640 3521 2721 3565 est
2755 3512 3047 3565 secundum
3092 3522 3337 3565 naturam
3370 3528 3460 3566 su-

1887 3604 2085 3665 blimis,
2120 3604 2209 3671 qui
2252 3618 2309 3657 se
2356 3604 2527 3672 ipsum
2567 3604 2632 3656 ad
2677 3603 3037 3657 humilitatem
3077 3602 3308 3669 dejecit?
3340 3604 3460 3672 quis

1884 3694 2045 3747 etiam
2100 3694 2306 3760 plenus,
2340 3700 2396 3745 ut
2426 3693 2731 3746 exinanitus
2783 3706 2901 3746 esse
2936 3692 3305 3761 intelligatur?
3340 3693 3460 3760 quis

1888 3785 2026 3837 ultra
2068 3784 2345 3837 servitutis
2384 3784 2545 3852 128
2596 3797 2901 3845 mensuras,
2951 3792 3008 3835 nt
3060 3784 3270 3836 dicatur
3317 3783 3456 3835 servi

1888 3876 2115 3929 formam
2148 3874 2459 3941 accepisse?
2487 3874 2609 3943 quis
2644 3888 2763 3927 cum
2799 3872 2957 3925 homo
2994 3872 3140 3940 prius
3176 3872 3342 3924 nostri
3382 3870 3459 3923 si-

1890 3967 2031 4020 milis
2064 3980 2167 4020 non
2199 3974 2363 4031 esset,
2401 3965 2451 4018 id
2482 3966 2732 4018 inventus
2762 3978 2880 4017 esse
2916 3963 3151 4025 dicitur?
3178 3964 3290 4015 bzec
3314 3962 3457 4015 cnim

1891 4060 1978 4113 nni
2014 4075 2080 4114 ex
2116 4069 2303 4113 nostro
2331 4073 2557 4112 numero
2586 4069 2636 4112 et
2670 4059 2870 4125 vulgari
2909 4059 3107 4110 homini
3143 4057 3339 4110 audere
3363 4058 3460 4110 tri-

1889 4153 2073 4213 buere,
2128 4155 2349 4205 stultum
2403 4152 2493 4211 sit,
2532 4160 2885 4207 et.extremae
2923 4151 3159 4203 omnium
3212 4150 3461 4202 ainentia:

1887 4259 2077 4298 revera
2127 4244 2340 4312 plenum
2388 4262 2400 4295 :
2449 4244 2768 4297 convenient
2812 4251 2988 4295 autem
3046 4242 3321 4309 aptissime
3383 4240 3457 4293 illi

1890 4350 2155 4403 suprema:
2193 4343 2417 4388 naturae.
2462 4334 2565 4387 Sed
2601 4334 2729 4387 illud
2764 4333 2853 4387 Dei
2888 4334 3124 4387 Verbum
3173 4349 3235 4387 ex
3291 4334 3460 4388 nimia

1891 4441 2017 4495 erga
2069 4442 2165 4480 nos
2216 4426 2546 4493 benignitate
2577 4435 2739 4493 atque
2791 4426 3075 4479 clementia
3124 4425 3321 4479 obtulit
3348 4429 3460 4496 'pro

1821 4518 1860 4571 D
1892 4518 2043 4570 nobis
2086 4517 2357 4585 proprium
2391 4531 2610 4583 corpus.
2646 4524 2701 4569 et
2742 4525 2959 4585 accepta
3002 4516 3139 4569 servi
3176 4516 3346 4568 forma
3382 4516 3461 4570 ia-

1889 4618 2005 4662 ctus
2039 4616 2120 4661 est
2166 4607 2273 4660 Deo
2302 4617 2355 4659 et
2403 4606 2545 4659 Patri
2579 4606 2835 4659 obediens
2870 4621 3039 4673 usque
3079 4606 3143 4659 ad
3186 4617 3410 4659 mortem
3442 4624 3456 4660 :

1889 4712 1986 4751 nec
2021 4696 2391 4763 refugientium
2424 4695 2634 4747 censuit
2661 4694 2949 4763 quominus
2980 4708 3140 4746 carne
3172 4708 3266 4761 pro
3302 4693 3461 4747 nobis

1890 4788 1996 4856 pati
2056 4786 2231 4848 vellet,
2266 4785 2512 4851 quamvis
2539 4792 2596 4836 ut
2632 4784 2772 4837 Deus
2802 4791 2945 4836 esset
2976 4781 3269 4835 secundum
3300 4790 3459 4835 natu-

1891 4892 2003 4930 ram
2044 4874 2406 4943 impassibilis.
2467 4874 2571 4927 lste
2620 4887 2747 4926 vero
2780 4872 2943 4925 stulte
2988 4870 3052 4925 de
3099 4870 3297 4923 divinis
3342 4868 3459 4937 ejus

1887 4980 2106 5039 propter
2151 4981 2248 5019 nos
2280 4963 2520 5019 consiliis
2550 4963 2837 5027 erubescit,
2891 4969 2944 5015 et
2987 4974 3146 5027 quem
3193 4960 3460 5012 honorare

1884 5076 1943 5114 se
1968 5058 2269 5120 existimat,
2306 5054 2468 5108 afficit
2517 5054 2711 5123 injuria
2748 5071 2761 5106 :
2798 5068 2918 5105 nam
2951 5067 2978 5104 a
3014 5051 3261 5119 passione
3309 5051 3456 5103 illum

1885 5151 2094 5215 eximit,
2133 5147 2343 5201 tametsi
2396 5159 2555 5199 nemo
2604 5144 2750 5197 illum
2789 5144 2839 5197 in
2877 5157 2972 5195 sua
3009 5154 3198 5194 natura
3236 5156 3453 5209 passum

1888 5245 2065 5297 dicat:
2099 5255 2198 5294 nec
2230 5239 2392 5292 sentit
2430 5251 2487 5289 se
2521 5235 2805 5303 prohibere
2840 5248 2906 5286 ne
2938 5232 3085 5285 illum
3118 5230 3453 5284 Salvatorem

1886 5346 1939 5388 et
1968 5332 2375 5397 Redemptorem
2404 5328 2770 5379 universorum
2808 5324 3181 5386 conliteamur,
3208 5319 3250 5373 si
3292 5321 3335 5373 is
3362 5334 3458 5386 per

1889 5438 2046 5492 quem
2084 5420 2293 5483 salvati,
2326 5429 2378 5471 et
2409 5432 2501 5485 per
2533 5414 2684 5482 cujus
2713 5411 3074 5467 venerandam
3118 5424 3331 5464 crucem
3372 5424 3455 5462 re-

1886 5513 2084 5582 dempti
2131 5526 2335 5573 sumus,
2368 5509 2503 5562 alter
2536 5507 2602 5561 ab
2635 5505 2724 5559 illo
2762 5506 2831 5559 sit
2870 5503 3084 5572 pr0prie
3111 5516 3173 5555 ac
3223 5500 3453 5555 seorsim

1886 5604 2052 5658 Filius
2087 5612 2141 5658 et
2168 5601 2442 5655 Dominus.
2477 5598 2553 5653 Ac
2576 5597 2618 5651 si
2648 5605 2728 5651 cst
2758 5598 2917 5649 homo
2962 5593 3209 5663 simplex,
3243 5599 3296 5645 et
3341 5605 3454 5645 non

1993 5777 2037 5810 ⁵³
2064 5775 2295 5837 Ριιίιὶιιι).
2330 5792 2393 5839 tt,
2425 5774 2539 5830 6-9.
2620 5774 2663 5805 ⁵³
2696 5770 2858 5827 Hebr.
2894 5786 2930 5830 I,
2964 5771 3021 5823 3.
