4078 6348
597 374 703 431 293
1597 373 1653 428 S.
1689 373 1965 430 CYRILLI
2004 371 2472 429 ALEXANDBINI
2506 374 2833 431 ARCH‘lEl‘.
3749 374 3842 428 2‘2l

597 490 652 545 in
689 490 920 545 humana
954 490 1125 545 forma
1160 489 1334 559 ipsum
1368 502 1432 542 ex
1469 487 1575 541 Deo
1612 489 1772 544 Patre
1810 487 2040 544 Verbum
2073 504 2151 559 apt

2275 489 2431 558 εἴπερ
2465 491 2614 542 ἐστὶν
2638 491 2826 560 ἕτερος
2849 489 2980 560 παρ’
3009 487 3171 542 αὑτὸν
3205 486 3404 550 ἱδικῶς,
3442 486 3532 539 καὶ
3557 485 3660 540 ἀνὰ
3691 488 3844 556 μέρος

596 583 796 649 paruit,
825 582 1069 650 prodeat,
1106 578 1356 634 ostendat
1381 587 1438 633 et
1476 578 1528 632 in
1557 579 1728 634 forma
1761 580 1934 648 ipsum
1966 592 2087 634 esse
2120 595 2149 634 e

2283 582 2405 643 Υἱὸς
2427 582 2520 633 καὶ
2547 579 2768 649 Κύριος,
2792 584 2818 634 ό
2838 581 2904 633 δι’
2938 573 2998 633 οὗ
3028 579 3364 650 σεσώσμεθα,
3396 578 3490 631 καὶ
3517 577 3843 648 ἑκλελυτρώ-

594 673 904 740 aequalitate
932 671 1110 726 Patris
1134 671 1152 741 (
1175 685 1280 724 non
1310 669 1454 724 enim
1481 670 1725 739 rapinam
1758 669 2053 725 arbitratus
2090 686 2150 724 es

2279 672 2418 740 μεθα
2452 673 2540 724 διὰ
2585 672 2681 725 τοῦ
2714 673 2899 740 τιμίου
2937 668 3196 740 σταυροῦ.
3236 655 3344 721 κάι
3390 671 3547 738 εἴπερ
3580 669 3727 720 ἐστὶν
3757 668 3844 723 ἀν-

592 778 718 820 esse
760 781 819 819 se
852 763 1112 834 aequalem
1158 760 1326 831 Deo),
1355 769 1407 815 et
1464 771 1723 828 praeterea
1773 761 1910 814 servi
1945 759 2172 813 formam

592 857 888 926 accepisse,
915 867 1169 926 tanquam
1199 855 1304 907 nun
1348 852 1599 906 habuerit
1642 851 1953 918 aliquando,
2003 862 2056 905 et
2081 866 2174 905 ex-

591 946 858 1000 inanitum
923 946 1113 1008 fuisse,
1148 954 1205 997 ut
1252 943 1341 1011 qui
1394 942 1448 995 in
1489 941 1704 1008 propria
1744 951 1933 995 natura
1999 941 2171 1006 pleni-

593 1037 833 1091 tudinem
881 1037 1154 1091 habuerit.
1199 1033 1331 1088 Nam
1367 1034 1558 1087 beatus
1593 1031 1791 1086 Paulus
1819 1033 1965 1084 illum
2000 1031 2087 1099 qui
2119 1032 2169 1084 in

589 1124 760 1180 forma
800 1128 932 1182 etin
983 1127 1295 1194 aequalitate
1346 1124 1521 1178 Patris
1556 1133 1696 1190 erat,
1746 1122 1946 1178 factum
2003 1123 2172 1178 fuisse

588 1218 662 1274 illi
699 1218 1037 1272 obedientem
1073 1218 1200 1271 dicit
1230 1218 1392 1272 etiam
1437 1231 1605 1284 usque
1635 1217 1700 1269 ad
1736 1223 1982 1279 mortem,
2025 1231 2169 1268 mor-

590 1319 696 1364 tem
729 1318 908 1362 autem
944 1310 1142 1362 crucis.
1176 1311 1257 1360 An
1303 1322 1408 1361 non
1451 1307 1731 1376 perspicua
1765 1315 1844 1358 est
1877 1306 2171 1359 sententia-

587 1416 705 1454 rum
731 1401 847 1468 ejus
873 1399 1224 1453 absurditas?
1249 1397 1380 1453 Cum
1404 1413 1531 1451 vero
1558 1397 1748 1451 beatus
1772 1396 1966 1450 Paulus
1993 1397 2167 1466 ipsum

586 1492 905 1544 cruciﬁxum
928 1491 1113 1560 gloriae
1148 1489 1430 1543 Dominum
1459 1486 1769 1556 appellet",
1802 1500 1956 1540 neruo
1987 1487 2169 1554 utique

585 1590 809 1643 asseret,
846 1595 953 1645 non
989 1578 1140 1632 illum
1176 1578 1360 1632 dicere
1389 1575 1806 1638 humanitatem,
1844 1576 1940 1628 sed
1966 1575 2166 1628 divini-

587 1679 771 1726 tatem.
802 1669 978 1725 Unum
1003 1669 1146 1724 enim
1180 1669 1412 1724 fatemur
1444 1668 1742 1732 Christum,
1774 1678 1827 1721 et
1856 1665 2074 1731 Filium,
2115 1675 2169 1721 et

588 1762 875 1816 Dominum
904 1761 1090 1830 glorise
1121 1761 1292 1827 ipsum
1325 1775 1393 1814 ex
1427 1760 1536 1814 Deo
1579 1759 1735 1812 Patre
1765 1758 2000 1812 Verbum
2041 1774 2166 1826 pro-

585 1863 702 1922 pter
727 1867 825 1906 nos
849 1851 1122 1906 hominem
1152 1851 1376 1916 factum,
1411 1859 1464 1906 et
1487 1865 1648 1905 carne
1671 1861 1890 1920 propter
1923 1865 2020 1905 nos
2044 1866 2166 1916 pas-

583 1958 725 2009 sum,
775 1942 1070 1997 secundum
1113 1939 1443 2009 Scripturas.
1485 1941 1879 1996 Verumtamen
1908 1941 2048 1994 haud
2090 1940 2166 1994 le-

584 2031 722 2085 viter
752 2032 1076 2085 criminatus
1114 2045 1208 2086 eos
1254 2032 1344 2100 qui
1401 2032 1507 2085 Deo
1554 2031 1733 2084 Verbo
1783 2031 2162 2086 dominationis

584 2133 794 2173 nomen
818 2119 1082 2182 tribuunt,
1113 2120 1256 2173 etab
1289 2121 1625 2174 humanitate
1649 2121 2080 2183 illudauferunt,
2106 2130 2162 2175 nt

583 2211 674 2278 qui
703 2227 992 2278 summam,
1033 2223 1092 2267 ut
1115 2213 1228 2281 ipse
1265 2212 1415 2276 dicit,
1440 2212 1833 2282 copulationem
1859 2213 2160 2266 distrahere

583 2300 778 2364 velint;
803 2300 955 2367 quasi
980 2314 1166 2354 eorum
1196 2315 1316 2368 qua:
1337 2299 1470 2353 dixit
1489 2299 1708 2364 oblitus,
1734 2298 1883 2351 illum
1907 2314 2082 2353 unum.
2106 2299 2158 2353 in

581 2392 686 2446 duo
719 2392 1020 2446 distrahere
1063 2392 1486 2461 deprehenditur
1519 2393 1683 2445 etiam
1725 2392 1791 2445 de
1828 2390 1914 2446 illa
1948 2407 2156 2446 summa

585 2481 744 2552 129
776 2483 1133 2548 copulatione,
1164 2494 1216 2536 ut
1245 2483 1357 2551 ipse
1387 2483 1537 2546 dicit,
1574 2498 1760 2552 parum
1799 2498 2005 2538 curare.
2023 2483 2155 2538 Nam

580 2573 828 2641 imperite
860 2583 1012 2640 rogat
1037 2592 1050 2628 :
1078 2575 1412 2628 Dominusne
1463 2583 1546 2627 est
1571 2574 1729 2628 etiam
1756 2573 1934 2638 homo,
1968 2589 2034 2626 an
2066 2589 2152 2628 se-

581 2679 679 2718 cus
699 2665 722 2717 7
745 2665 787 2719 si
816 2666 1034 2733 quidem
1070 2677 1150 2720 est
1179 2666 1457 2729 Dominus,
1491 2681 1608 2734 quae
1638 2665 1891 2719 dicuntur
1922 2681 2155 2720 consen-

585 2750 745 2803 tiunt.
771 2750 910 2819 Ergo
934 2750 1002 2815 si,
1042 2763 1098 2804 ut
1134 2762 1221 2806 tua
1256 2754 1417 2808 habet
1452 2753 1640 2808 inscita
1701 2755 2017 2818 sciscitatio,
2048 2755 2154 2809 Do-

579 2840 759 2894 minus
784 2850 868 2896 est
894 2842 1064 2910 ipsum
1091 2841 1325 2896 Verbum
1352 2845 1580 2897 seorsim
1625 2860 1687 2898 ac
1707 2847 1942 2914 prOprie,
1970 2846 2153 2901 00mi-

578 2947 679 2986 nus
701 2933 864 2988 etiam
897 2934 1009 3002 ipse
1042 2934 1332 2998 homo,duo
1358 2935 1544 3002 procul
1571 2935 1732 2989 dubio
1756 2945 1918 2989 erunt
1947 2937 2148 2993 domini

579 3038 640 3077 ac
662 3024 774 3078 ﬁlii.
804 3024 959 3079 Nullo
985 3041 1112 3094 ergo
1134 3027 1291 3081 modo
1321 3027 1400 3079 vis
1430 3036 1534 3081 tua:
1579 3027 1738 3082 istius
1796 3043 2021 3082 summa!
2057 3043 2149 3084 co-

577 3112 870 3179 pulationis
915 3113 1258 3167 credentibus
1290 3115 1530 3184 proderit
1570 3126 1720 3170 certe
1750 3118 1813 3168 ad
1845 3115 2148 3186 intelligen-

583 3205 709 3258 dum
743 3220 906 3258 unum
963 3203 1236 3260 Christum
1300 3217 1354 3260 et
1411 3207 1695 3262 Dominum
1729 3218 1783 3264 et
1815 3209 2005 3263 Filium
2029 3226 2148 3265 cum

577 3295 727 3348 unita
754 3295 855 3348 sibi
887 3309 1070 3350 carne.
1104 3294 1388 3365 Proposita
1443 3313 1674 3367 namque
1735 3308 1790 3354 et
1827 3299 1878 3352 in
1916 3301 2148 3354 medium

576 3385 786 3454 prolata
816 3385 1188 3440 Emmanuelis
1242 3402 1495 3454 persona,
1567 3389 1682 3444 sive
1711 3390 1834 3457 quis
1873 3391 2147 3446 hominem

577 3477 742 3543 dicat,
777 3477 953 3546 ipsum
989 3491 1052 3532 ex
1085 3477 1192 3530 Deo
1238 3477 1399 3533 Patre
1429 3477 1663 3533 Verbum
1722 3479 1948 3535 formam
2010 3484 2148 3537 servi

577 3568 880 3636 sumpsisse
905 3566 1343 3635 intelligimus,et
1368 3583 1431 3622 ex
1469 3571 1740 3625 mensuris
1767 3571 2152 3628 exinanitionis

575 3657 845 3712 declarari
876 3658 1138 3721 dicimus;
1176 3659 1290 3713 sive
1340 3661 1502 3713 etiam
1561 3661 1726 3714 Deum
1789 3661 2147 3729 unigenitum,

575 3751 824 3804 eumdem
856 3765 978 3804 esse
1003 3751 1276 3804 credimus
1296 3752 1565 3804 hominem
1593 3753 1703 3820 jam
1745 3752 1944 3807 factum
1985 3765 2037 3808 et
2063 3756 2144 3808 in-

573 3848 878 3893 carnatum.
913 3837 1019 3892 Sed
1056 3840 1221 3904 enim,
1253 3841 1466 3906 utdixi,
1505 3842 1594 3894 nni
1644 3857 1709 3896 ac
1763 3844 1860 3897 soli
1917 3845 2145 3908 homini,

575 3938 629 3984 et
663 3928 933 3982 intellecto
955 3930 1176 3983 seorsim
1209 3931 1277 3983 ab
1311 3930 1400 3984 illo
1417 3946 1479 3984 ex
1500 3931 1660 3986 Patre
1689 3931 1865 3988 Verbo
1902 3935 2147 3992 tribuens

575 4019 716 4073 illius
742 4033 863 4074 cum
882 4033 1047 4073 carne
1094 4020 1510 4090 dispensationis
1535 4038 1720 4090 opera,
1774 4035 1825 4078 ct
1859 4027 2029 4096 ipsum
2053 4043 2146 4081 su-

573 4111 834 4166 stinuisse
863 4126 961 4180 pro
1017 4112 1171 4166 nobis
1226 4127 1440 4167 crucem
1471 4116 1680 4178 asserit,
1730 4127 1782 4169 et
1811 4133 1932 4173 esse
1963 4120 2147 4188 gloriae

575 4202 856 4256 Dominum
881 4200 1139 4278 .aﬂirmat,
1165 4211 1220 4255 et
1251 4216 1514 4272 suprema:
1545 4206 1783 4259 omnium
1818 4216 2024 4262 natura:
2056 4225 2146 4264 or-

572 4301 821 4345 namenta
867 4292 1024 4346 nudae
1078 4301 1345 4346 creatura:
1392 4293 1772 4362 circumponit.
1825 4298 1912 4351 Ait
1961 4301 2138 4354 enim:

571 4379 890 4451 [Audiamus
965 4382 1180 4436 beatmn
1245 4380 1466 4436 Paulum
1546 4395 1728 4452 aperte
1793 4387 2142 4453 clamantem,

2276 764 2493 834 θρωπος
2528 763 2734 826 ἁπλῶς,
2776 764 2871 816 καὶ
2919 763 3037 832 οὐχὶ
3084 761 3147 831 δὴ
3193 761 3391 830 μᾶλλον
3437 762 3494 812 ὲν
3537 759 3844 831 ἀνθρωπεία

2278 857 2456 924 μορφῇ
2501 853 2758 924 πεφηνὼς
2796 857 2825 907 όί
2873 855 2937 907 ὲκ
2979 852 3114 906 Θεοῦ
3164 852 3375 920 Πατρὸς
3422 851 3613 920 Λόγος,
3646 851 3840 922 ἡκέτω,

2273 944 2554 1008 δεικνύτω,
2587 946 2681 997 καὶ
2716 945 2986 1014 ὲννμορφῇ
3024 941 3118 994 τοῦ
3155 941 3367 1013 Πατρδς
3407 941 3719 1009 ὑπάρχοντα·
3745 941 3839 993 αὑ-

2271 1033 2381 1097 τὸν,
2432 1035 2521 1087 καὶ
2566 1036 2749 1104 μέντοι
2801 1036 2894 1087 καὶ
2945 1035 3002 1085 ὲν
3035 1032 3239 1100 ἰσότητι
3267 1048 3280 1062 ·
3314 1031 3375 1083 ού
3412 1029 3520 1100 γὰρ
3554 1031 3842 1099 ἁρπαγμὸν

2271 1127 2517 1196 ἡγήσατο
2551 1127 2612 1179 τὸ
2647 1123 2785 1179 εἶναι
2817 1123 2911 1178 ῐσα
2958 1125 3077 1194 Θεῷ
3097 1141 3111 1156 ’
3141 1124 3236 1177 καὶ
3284 1122 3509 1194 προσέτι
3543 1123 3717 1192 τούτῳ
3747 1120 3842 1193 τὴν

2270 1216 2364 1268 τοῦ
2393 1217 2581 1270 δούλου
2607 1216 2840 1270 λαϐόντα
2864 1215 3096 1286 μορφὴν,
3117 1213 3193 1276 ὡς
3213 1214 3313 1266 οὐκ
3339 1213 3532 1282 ἔχοντά
3559 1231 3692 1266 ποτε
3712 1230 3725 1243 '
3751 1214 3842 1266 καὶ

2273 1311 2330 1362 ὲν
2354 1308 2579 1362 κενώσει
2606 1308 2993 1378 γεγενημένον,
3019 1307 3094 1371 ὡς
3125 1307 3183 1359 ὲν
3211 1306 3315 1376 ἰδίᾳ
3342 1305 3500 1374 φύσει
3524 1306 3755 1376 λαχόντα
3781 1305 3840 1359 τὸ

2271 1399 2494 1470 πλῆρες.
2536 1400 2591 1453 '0
2620 1401 2811 1468 γάρτοι
2857 1397 3149 1460 θεσπέσιος
3179 1397 3411 1462 Παῦλος,
3455 1397 3547 1451 τὸν
3578 1399 3837 1468 ὲνμορφῇ

2270 1490 2363 1543 καὶ
2393 1489 2596 1559 ἰσότητι
2643 1490 2737 1544 τοῦ
2791 1489 2927 1542 Θεοῦ
2995 1490 3089 1543 καὶ
3126 1489 3358 1561 Πατρός,
3386 1488 3637 1556 γενέσθαι
3679 1487 3839 1557 φησὶν

2270 1583 2508 1653 ὑπήκοον
2537 1582 2684 1652 αύτῷ
2718 1581 2810 1634 καὶ
2847 1581 3008 1651 μέχρι
3041 1580 3292 1644 θανάτου,
3324 1580 3557 1634 θανάτου
3588 1579 3645 1632 δὲ
3679 1594 3838 1632 σταυ-

2271 1674 2384 1744 ροῦ.
2417 1669 2541 1744 *Δρ*
2589 1675 2688 1726 οὐκ
2721 1672 2953 1742 ἐναργὴς
2988 1673 3019 1740 ἠ
3057 1672 3165 1727 τῶν
3213 1671 3432 1726 ἐννοιῶν
3463 1670 3697 1735 ἀτοπίακς
3728 1669 3836 1723 K6-

2270 1781 2382 1834 ριον
2420 1764 2476 1817 δὲ
2514 1764 2798 1834 τῆςηδόξης
2850 1763 3209 1832 ὀνομάζοντος
3238 1765 3372 1833 ἡμῖν
3422 1762 3524 1816 τοῦ
3568 1763 3836 1832 μακαρίου

2270 1856 2481 1909 Παύλου
2519 1856 2610 1909 τὸν
2637 1855 3074 1926 ἐσταυρωμένον,
3101 1853 3234 1925 φαίη
3267 1853 3333 1908 ἂν
3358 1852 3552 1915 οὐδείς·
3584 1852 3658 1906 Οὐ
3689 1851 3837 1921 λέγει

2265 1949 2365 2017 τὴν
2395 1947 2806 2016 ἀνθρωπότητα,
2833 1936 2969 1998 ἀλλά
2993 1946 3089 2014 τὴν
3114 1945 3360 2013 θεότητα.
3395 1944 3530 1996 Ἕνα
3558 1941 3668 2012 γὰρ
3703 1943 3834 2013 ὁμο-

2266 2037 2531 2108 λογοῦμεν
2580 2037 2816 2107 Χριστὸν
2855 2037 2949 2091 καὶ
2985 2038 3136 2100 Υἱὸν,
3168 2037 3262 2089 καὶ
3299 2038 3399 2105 τῆς
3430 2035 3588 2104 δόξης
3634 2032 3836 2105 Κύριον

2264 2129 2354 2184 τὸν
2375 2132 2436 2182 ἐκ
2453 2128 2586 2182 Θεοῦ
2619 2129 2828 2199 Πατρὸς
2849 2129 3018 2196 Λόγον
3045 2127 3368 2198 ὲνανθρωπή
3379 2143 3546 2180 σαντα
3574 2126 3641 2178 δι’
3666 2127 3698 2197 ή
3708 2129 3833 2195 μᾶς,

2265 2219 2502 2272 παθόντα
2523 2235 2582 2271 τε
2613 2218 2752 2288 ὑπὲρ
2775 2217 2929 2288 ἡμῶν
2955 2218 3049 2272 καὶ
3074 2218 3259 2288 σαρκὶ,
3291 2217 3432 2270 κατὰ
3460 2216 3560 2279 τὰς
3592 2215 3834 2287 Γραφάς.

2263 2310 2406 2380 Πλὴν
2435 2310 2496 2363 ού
2528 2308 2759 2380 μετρίως
2781 2308 3232 2378 καταιτιώμενος,
3263 2307 3334 2370 ὡς
3360 2306 3458 2376 τὴν
3488 2305 3688 2377 ἀκρισῆ
3715 2317 3838 2358 συν-

2261 2402 2471 2468 ἀφειαν,
2506 2399 2652 2452 καθά.
2678 2415 2842 2468 φησιν
2872 2398 3058 2461 αὐτὸς,
3097 2397 3328 2465 διασπᾷν
3373 2395 3672 2456 ἐθέλοντας.
3708 2395 3836 2456 τοὺς

2260 2489 2631 2560 ἀπονέμοντας
2667 2488 2876 2559 μὲνντῷ
2920 2487 3039 2557 Θεῴ
3083 2488 3244 2556 Λόγῳ
3272 2487 3331 2538 τδ
3367 2487 3466 2556 τῆς
3511 2483 3836 2555 κυριότητος

2259 2580 2446 2649 ὄνομα,
2473 2581 2571 2649 τῆς
2595 2596 2658 2648 γε
2693 2579 2798 2649 μὴν
2831 2577 3246 2648 ἀνθρωπότητος
3276 2576 3648 2647 ἀποφέροντας
3682 2574 3834 2644 αὐτῷ

2259 2671 2366 2743 [ισ.
2395 2669 2572 2741 ctu-.6],
2614 2669 2865 2738 καθάπερ
2892 2670 2970 2731 είς
3017 2667 3187 2738 λήθην
3217 2659 3291 2720 ὧν
3333 2667 3438 2736 ἔφη
3466 2665 3667 2732 πεσὼν,
3710 2664 3832 2718 δια-

2260 2763 2400 2832 σπᾷν
2428 2765 2507 2824 είς
2539 2760 2632 2813 δύο
2658 2760 3051 2830 καταφωρᾶται
3077 2759 3167 2811 τὸν
3195 2759 3310 2825 ἕνα,
3335 2757 3429 2812 καὶ
3448 2758 3546 2827 τῆς
3568 2755 3832 2825 ἀκριϐοῦς

2257 2857 2375 2908 κατ’
2423 2854 2583 2908 αὑτὸν
2624 2853 2916 2926 συναφείας
2969 2852 3120 2920 ὀλίγα
3172 2850 3568 2922 πεφροντικώς.
3622 2849 3837 2920 Ἑρωτᾷ

2258 2945 2365 3015 γὰρ
2395 2943 2650 3013 ἀμαθῶςο
2687 2926 2891 3014 Κύριος
2925 2944 3018 2996 καὶ
3053 2944 3082 2996 6
3111 2940 3416 3013 ἄνθρωπος,
3451 2941 3483 3008 ἢ
3513 2937 3607 3004 ob;
3645 2939 3693 2991 et
3732 2937 3835 3006 μὲν

2255 3029 2347 3086 οὖν
2374 3034 2597 3102 Κύριος.
2640 3032 2856 3102 συνᾴδει
2906 3030 2976 3084 τὰ
3016 3030 3305 3100 λεγόμενα.
3341 3027 3570 3092 Οὐκοῦν,
3606 3030 3655 3081 εί
3689 3026 3834 3080 κατὰ.

2255 3119 2352 3190 τὴν
2377 3120 2473 3191 σὴν
2499 3119 2754 3173 ἀσύνετον
2778 3117 2991 3185 πεῦσιν,
3015 3117 3215 3190 Κύριος
3251 3117 3346 3188 μὲν
3374 3117 3402 3170 ὁ
3424 3115 3591 3181 Λόγος
3623 3114 3832 3178 ίδικῶς,

2254 3212 2458 3282 Κύριος
2491 3211 2545 3263 δὲ
2588 3211 2681 3263 καὶ
2713 3211 2739 3263 6
2772 3209 3077 3280 ἄνθρωπος,
3106 3207 3197 3261 δύο
3229 3225 3330 3260 που
3372 3207 3586 3269 πάντως
3626 3204 3676 3258 οἱ
3729 3203 3831 3258 κύ-

2256 3319 2381 3371 ριοι,
2412 3301 2505 3352 καὶ
2532 3299 2656 3352 υίοί.
2689 3300 2900 3366 Ὀνήσει
2928 3297 2991 3368 δὴ
3019 3293 3111 3351 οῦν
3133 3296 3233 3367 τῆς
3253 3294 3512 3366 ἀκριϐοῦς
3535 3294 3832 3364 συναφείας

2251 3389 2283 3457 ἡ
2315 3385 2539 3455 δύναμις
2573 3387 2692 3438 κατ’
2729 3386 2919 3439 οὐδένα
2964 3386 3162 3455 τρόπον
3205 3386 3332 3447 τοὺς
3373 3383 3830 3447 πεπιστευκότας,

2253 3480 2330 3541 εἴς
2357 3494 2418 3546 γε
2448 3477 2507 3529 τὸ
2545 3477 2743 3547 χρῆναι
2771 3479 2908 3530 νοεῖν
2951 3476 3048 3529 ἕνα
3094 3475 3328 3547 Χριστὸν
3363 3475 3457 3527 καὶ
3487 3474 3693 3545 Κύριον
3733 3476 3832 3529 καὶ

2252 3569 2378 3623 Υίὺν
2407 3569 2541 3638 μετὰ
2567 3569 2666 3637 τῆς
2696 3565 2989 3638 ἐνωθείσης
3024 3565 3172 3636 αὐτῴ
3202 3566 3422 3637 σαρκός.
3456 3566 3830 3637 Προκειμένου

2251 3659 2357 3730 γὰρ
2385 3660 2478 3712 καὶ
2508 3656 2931 3728 παρενεχθέντος
2968 3659 3049 3719 είς
3084 3657 3246 3728 μέσον
3276 3656 3371 3710 τοῦ
3409 3656 3701 3726 προσώπου
3732 3657 3827 3710 τοῦ

2263 3750 2628 3822 Ἐμμανουὴλ,
2653 3749 2753 3803 κᾶν
2783 3750 2836 3802 εἷ
2855 3766 2935 3812 τις
2975 3749 3260 3819 ἄνθρωπον
3289 3747 3458 3816 λέγοι,
3485 3747 3574 3800 τὸν
3598 3749 3660 3800 ἐκ
3689 3746 3828 3802 Θεοῦ

2251 3844 2464 3914 Πατρὸς
2491 3843 2661 3912 Λόγον
2705 3840 2919 3912 μορφὴν
2964 3839 3152 3893 δούλου
3187 3839 3422 3892 λαϐόντα
3453 3837 3701 3908 νοοῦμεν,
3732 3840 3829 3892 καὶ

2249 3939 2312 3993 ἐκ
2340 3939 2446 3991 τῶν
2488 3937 2584 4006 τῆς
2612 3934 2894 3997 κενώσεως
2927 3933 3142 4004 μέτρων
3184 3932 3472 4002 δηλοῦσθαι
3523 3949 3707 4002 φαμεν
3727 3948 3742 3959 ·
3775 3934 3828 3986 εί

2247 4027 2304 4081 δὲ
2337 4027 2398 4099 δὴ
2417 4027 2508 4079 καὶ
2537 4025 2667 4078 Θεὸν
2697 4023 2979 4094 μονογενῆ,
3008 4021 3098 4076 τὸν
3126 4022 3288 4076 αὐτὸν
3307 4017 3444 4074 εἶναι
3477 4020 3830 4085 πιστεύοντες

2250 4120 2358 4192 [ῐσ.
2389 4115 2736 4187 πιστεύομεν]
2774 4114 3234 4186 ὲνηνθρωπηκότα
3276 4131 3336 4166 τε
3367 4112 3467 4184 ἠδη
3502 4112 3598 4165 καὶ
3627 4129 3830 4185 σεσαρ-

2247 4210 2513 4279 κωμένον.
2554 4208 2712 4261 ’Λλλὰ
2742 4208 2869 4279 γὰρ,
2903 4207 2978 4271 ώς
3012 4207 3168 4276 ἔφην,
3193 4205 3273 4258 ἑνὶ
3299 4203 3362 4274 δὴ
3391 4205 3484 4257 καὶ
3519 4204 3684 4274 μόνῳ,
3728 4205 3829 4258 καὶ

2250 4299 2432 4362 ἰδικῶς
2465 4298 2742 4368 νοουμένῳ
2771 4297 2921 4367 παρὰ
2946 4297 3036 4349 τὸν
3079 4297 3142 4348 ὲκ
3167 4293 3379 4365 Πατρδς
3411 4294 3582 4360 Λόγον
3615 4291 3828 4365 ἀνθριῖμ

2248 4410 2353 4462 πῳ,
2381 4388 2703 4460 προσνέμων
2737 4387 2839 4457 τῆς
2873 4387 3010 4457 μετά
3040 4384 3240 4456 σαρκὸς
3263 4383 3573 4454 οἰκονομίας
3596 4383 3662 4437 τὰ
3690 4401 3830 4440 κατ-

570 4473 820 4540 quisnam
849 4472 919 4525 sit
950 4472 1037 4527 ille
1061 4473 1352 4527 crucifixus
1385 4492 1398 4527 :
1455 4475 1665 4529 Etenim
1711 4480 1999 4548 crucifixus
2056 4494 2140 4537 est

2256 4484 2558 4555 >ρθώματα,
2608 4483 2702 4535 καὶ
2749 4481 2910 4534 αὑτὸν
2949 4480 3088 4550 ὑπὲρ
3139 4478 3293 4549 ήμῶν
3345 4477 3634 4547 ὑπομεῖναί
3685 4493 3824 4548 φησι

566 4575 631 4615 ex
656 4561 988 4625 inﬁrmilate,
1013 4562 1104 4616 sed
1137 4563 1268 4615 vivit
1293 4578 1358 4617 ex
1392 4564 1593 4619 virtute
1629 4565 1767 4640 Dei.]
1818 4569 1949 4635 Quis
1985 4574 2134 4627 infir-

566 4660 743 4707 matus
778 4663 880 4716 est,
913 4653 1203 4709 hazretice?
1247 4654 1407 4709 illene
1476 4656 1621 4711 Deus
1676 4659 1912 4714 Verbum
1941 4662 2136 4720 ilnﬁr-

564 4743 772 4798 unitatis
799 4743 1015 4812 quidem
1049 4745 1226 4800 omnis
1261 4761 1482 4814 prorsus
1511 4762 1704 4817 expers
1732 4765 1761 4803 a
1818 4754 1971 4809 nobis
2012 4772 2130 4812 cre-

564 4833 709 4887 ditur
737 4833 862 4887 illud
898 4847 962 4887 ex
998 4833 1108 4888 Deo
1150 4835 1309 4891 Patre
1359 4837 1622 4893 Verbum.
1688 4841 1809 4909 Ipse
1853 4855 1936 4900 est
1989 4849 2134 4903 enim

567 4925 823 4984 Dominus
838 4925 1125 4980 Virtutum.
1152 4924 1256 4980 Sed
1281 4936 1457 4982 tamen
1482 4929 1610 4984 illud
1640 4946 1878 5002 expone;
1910 4940 2134 4995 metuis-

565 5029 630 5068 ue
661 5016 728 5069 de
755 5031 819 5070 eo
852 5016 1184 5072 inﬁrmitatis
1205 5033 1400 5073 nomen
1432 5022 1701 5089 accipere?
1719 5039 1878 5094 quam
1908 5029 1978 5082 ob
2002 5045 2133 5084 cau-

543 5106 714 5160 ‘sam?
753 5121 872 5160 cum
911 5107 998 5162 illa
1025 5121 1118 5177 per
1149 5123 1366 5163 carnem
1405 5110 1909 5179 dispensatioillum
1930 5119 2133 5176 eximat

566 5197 632 5251 ab
668 5198 882 5267 injuria,
917 5200 1127 5254 etiamsi
1185 5201 1458 5270 quidpiam
1482 5218 1670 5271 passus
1695 5221 1814 5262 esse
1833 5209 2042 5264 dicatur
2064 5228 2130 5267 ex

567 5289 652 5355 his
673 5303 793 5360 qua
816 5303 844 5342 a
878 5299 1067 5344 natura
1093 5290 1262 5360 ipsius
1291 5300 1343 5345 et
1366 5292 1535 5362 gloria
1585 5304 1710 5350 sunt
1749 5296 1962 5353 aliena?
1995 5301 2128 5357 Nam

567 5381 609 5433 si
634 5395 754 5434 eum
781 5381 927 5434 dives
971 5390 1135 5444 esset,
1180 5397 1384 5450 pauper
1417 5383 1588 5438 factus
1618 5396 1701 5439 est
1737 5387 1818 5453 '°,
1877 5399 1931 5445 et
1958 5391 2129 5450 factus

570 5478 649 5524 est
676 5469 850 5524 nostri
875 5470 1068 5524 similis
1103 5468 1273 5524 forma
1308 5471 1447 5525 servi
1470 5483 1737 5542 suscepta,
1791 5479 1999 5533 etiarnsi
2051 5482 2131 5535 di-

570 5560 1039 5617 caturinﬁrmatus
1072 5575 1136 5616 ex
1176 5560 1531 5630 humanitate,
1584 5566 1715 5620 nihil
1754 5569 1969 5626 absurdi
2028 5583 2128 5641 cst,

642 5745 686 5776 "
719 5742 883 5799 lCor.
923 5759 985 5811 tt,
1029 5744 1080 5798 8.
1156 5745 1201 5776 "
1231 5744 1272 5800 ll
1312 5744 1436 5800 Cor.
1468 5762 1584 5814 vui,
1618 5749 1669 5804 9.

2244 4577 2493 4647 araup‘w,
2514 4571 2648 4626 εἷναί
2687 4590 2744 4626 τε
2773 4573 2869 4643 τῆς
2902 4571 3057 4638 δόξης
3085 4567 3522 4623 διαϐεϐαιοῦνται
3552 4566 3660 4640 [ἵσ.
3697 4568 3820 4621 δια-

2241 4667 2555 4722 δεὸαιοῦται
2587 4665 2605 4736 ]
2633 4663 2860 4734 Κύριον,
2887 4661 3081 4732 γυμνῷ
3107 4659 3362 4728 κτίσματι
3393 4659 3688 4730 περιτιθεὶς
3718 4660 3824 4732 τῆς

2241 4759 2500 4815 ἀνωτάτω
2527 4756 2738 4826 φύσεως
2770 4753 2840 4807 τά
2861 4750 3329 4824 αύχήματα.Φησὶ
3346 4751 3473 4820 γάρ·
3505 4749 3823 4821 [Ἂκούσω-

2245 4867 2343 4920 μεν
2369 4847 2460 4902 τοῦ
2508 4845 2779 4917 μακαρίου
2811 4844 3036 4906 Παύλου⁸
3063 4843 3314 4912 φανερῶς
3349 4841 3702 4910 κεκραγότος,
3733 4841 3823 4906 τίς

2239 4945 2384 4995 ἐστιν
2420 4941 2448 4992 ὀ
2478 4936 2909 5007 ἐσταυρωμένος
2943 4935 3052 4988 Kal.
3086 4934 3194 5006 γὰρ
3222 4932 3541 5004 ἐσταυρώθη
3572 4932 3630 4998 ἐξ
3657 4932 3823 4988 ἀσθε-

2237 5031 2404 5093 νείας,
2440 5028 2574 5084 ἀλλά
2613 5029 2677 5099 ζῇ
2719 5029 2783 5080 ὲκ
2817 5027 3098 5097 δυνάμεως
3133 5023 3318 5098 Θεοῦ.]
3352 5024 3446 5088 Τίς
3471 5024 3775 5095 ἠσθένησεν
3803 5043 3818 5092 ;

2234 5125 2262 5175 ό
2289 5121 2420 5185 Θεὸς
2449 5119 2899 5189 Λόγος,αἰρετικέ
2924 5137 2938 5184 ;
2979 5117 3288 5179 ’Λσθενείας
3344 5115 3441 5186 μὲν
3474 5110 3566 5169 οῦν
3594 5115 3818 5186 ἀπάσης

2236 5213 2500 5284 ἀμέτοχος
2547 5211 2826 5275 παντελῶς
2858 5213 2886 5265 6
2929 5212 2992 5263 ἐκ
3039 5207 3174 5262 Θεοῦ
3217 5207 3433 5278 Πατρὸς
3461 5207 3633 5276 Λόγος
3675 5207 3819 5279 προς

2236 5304 2394 5376 ἡμῶν
2426 5302 2564 5358 εἶναι
2594 5303 2924 5359 πιστεύεται.
2952 5303 3123 5364 Αὐτὸς
3151 5302 3258 5370 γάρ
3287 5303 3433 5354 ἐστιν
3465 5302 3493 5354 6
3515 5299 3619 5369 τῶν
3650 5299 3817 5354 δυνά-

2242 5407 2388 5466 μεων
2416 5395 2638 5466 Κύριος.
2671 5393 2816 5464 Πλὴν
2839 5396 3013 5446 ἐκεῖνο
3053 5392 3288 5462 φράσον·
3318 5391 3494 5454 δέδιας
3525 5390 3612 5443 ἐπ’
3640 5388 3814 5444 αὐτοῦ

2237 5487 2297 5538 τὸ
2338 5486 2437 5554 τῆς
2471 5484 2752 5548 ἀσθενείας
2792 5485 2961 5554 ὄνομα
2989 5483 3202 5548 λαϐεῖν;
3237 5482 3325 5535 διὰ
3376 5481 3535 5535 ποίαν
3584 5481 3809 5545 αἰτίανς

2240 5578 2415 5630 καίτοι
2463 5579 2560 5647 τῆς
2596 5579 2731 5648 μετὰ
2766 5576 2965 5648 σαρκὸς
3002 5574 3314 5645 οἰκονομίας
3352 5589 3443 5626 του
3476 5572 3810 5643 κατεψέχθοιι
