4078 6348
198 394 290 447 225
1242 399 1612 454 ADVERSUS
1649 398 2057 455 NESTOBIUM
2102 398 2228 454 LIB.
2276 400 2338 452 V.

3335 401 3441 454 2‘26

199 516 295 567 δεῖν
319 514 423 578 ἔξω
444 514 681 583 τιθείσης
714 514 893 580 αὑτὸν,
920 514 1020 567 κᾶν
1047 517 1093 567 εἰ
1125 517 1333 585 λέγοιτό
1358 538 1408 572 τι
1440 521 1628 572 παθεῖν
1654 520 1757 571 τῶν

1865 530 1919 573 ιιι
1947 520 2089 571 illum
2121 520 2208 587 qui
2240 519 2386 571 dives
2409 529 2545 585 erat,
2567 531 2852 587 pauperem
2876 518 3073 574 factum
3100 519 3437 582 consideres,

198 605 287 656 ὅσα
319 605 435 655 ἐστὶ
464 604 615 673 παρά
662 621 725 672 γε
764 604 861 675 τὴν
899 606 1061 658 αὑτοῦ
1100 606 1260 673 φύσιν
1289 626 1345 661 τε
1372 612 1459 661 καὶ
1496 610 1683 675 δόξαν·
1715 612 1762 660 εί

199 698 296 765 γὰρ
325 696 582 757 πλούσιος
624 696 699 749 ῶν
732 697 1064 766 ὲπτώχευσε,
1107 702 1197 751 καὶ
1231 702 1418 768 γέγονε
1464 704 1582 757 καθ’
1617 704 1763 772 ἡμᾶς

200 788 405 856 μορφὴν
430 787 616 840 δούλου
645 788 848 849 λαϐὼν,
876 788 976 841 κᾶν
999 792 1045 841 εἰ
1070 790 1362 860 ἀσθενῆσαι
1388 794 1597 861 λέγοιτο
1628 793 1765 845 κατά

196 879 248 931 τὸ
278 879 642 947 ἀνθρώπινον,
677 880 737 931 τὸ
787 882 1013 943 ἀπεικὸς
1046 884 1219 944 οὐδὲν,
1252 884 1336 936 ἵνα
1379 884 1765 953 πτωχεύσαντα

197 969 400 1040 θεωρῇς
426 972 514 1023 τὸν
563 971 838 1038 πλούσιον,
883 975 939 1026 ὲν
970 974 1295 1026 ταπεινώσει
1332 976 1422 1028 τὸν
1453 975 1676 1044 ὑψηλὸν,
1707 978 1763 1027 ὲν

195 1064 251 1129 τῇ
284 1060 406 1112 καθ’
446 1062 591 1130 ἡμᾶς
641 1063 897 1133 ἀσθενείᾳ
935 1064 1026 1116 τὸν
1059 1065 1167 1117 τῶν
1198 1067 1480 1134 δυνάμεων
1534 1066 1755 1135 Κύριον.

197 1151 579 1220 Τεθαύμασται
609 1153 664 1205 δὲ
698 1155 790 1206 καὶ
813 1155 901 1207 διὰ
931 1156 1088 1208 τοῦτο
1116 1158 1177 1209 τὸ
1205 1159 1333 1227 περὶ
1359 1156 1522 1209 αὑτοῦ
1554 1159 1758 1226 μυστή-

196 1255 326 1307 ριον.
363 1240 487 1303 Πῶς
532 1242 639 1312 γὰρ
671 1245 761 1295 καὶ
816 1244 1069 1306 πεινῆσαι
1113 1246 1349 1312 λέγεται,
1398 1247 1572 1299 καίτοι
1617 1245 1761 1315 ζωῆς

195 1331 350 1401 ἄρτος
379 1332 641 1403 ὑπάρχων
682 1334 865 1399 αὐτὸς,
896 1337 989 1388 καὶ
1025 1337 1088 1388 ἑκ
1122 1336 1214 1389 τοῦ
1245 1337 1472 1407 ούρανοῦ
1498 1336 1759 1400 καταϐάς,

195 1423 279 1474 καὶ
316 1421 458 1494 ζωὴν
487 1424 661 1487 διδοὺς
687 1425 762 1495 τῷ
797 1429 1019 1496 κόσμῳ;
1054 1428 1174 1480 τίνα
1206 1428 1405 1499 τρόπον
1436 1428 1762 1481 κεκοπίακεν

1870 613 2015 663 illum
2054 612 2337 663 sublimem
2372 611 2422 664 in
2460 612 2780 676 humilitate,
2832 612 2981 666 illum
3032 612 3290 665 virtutum
3331 612 3438 665 Do-

1874 704 2076 756 minum
2102 705 2152 755 in
2191 714 2379 757 nostra
2417 704 2747 758 inﬁrmitate.
2812 702 2984 759 Habet
3038 711 3216 759 autem
3276 704 3440 757 etiam

1868 797 1968 848 hac
1992 809 2059 847 ex
2112 803 2262 860 parte
2304 794 2715 849 admirationem
2762 795 2879 864 ejus
2929 796 3264 865 mysterium.
3307 793 3441 847 Nam

1868 886 2137 953 quomodo
2167 886 2375 940 esurire
2409 888 2621 948 dicitur,
2654 903 2771 941 cum
2810 889 2921 956 ipse
2980 889 3049 942 sit
3105 887 3259 955 panis
3295 886 3438 948 vitaz,

1866 986 1966 1030 ete
1994 975 2129 1030 cmlo
2160 977 2523 1040 descenderit,
2556 985 2610 1030 et
2645 977 2807 1029 vitam
2842 978 2930 1030 det
2959 977 3157 1029 mundo
3186 973 3277 1026 '7?
3310 989 3443 1041 quo-

1868 1064 2026 1118 modo
2055 1063 2308 1132 fatigatus
2341 1073 2422 1118 est
2444 1079 2509 1118 ex
2534 1065 2747 1131 itinere,
2782 1068 2872 1135 qui
2927 1080 3025 1119 suo
3062 1064 3266 1133 Spiritu
3315 1063 3443 1118 soli-

1868 1154 1962 1207 dat
1992 1155 2159 1209 cmlos
2190 1156 2235 1186 ⁸⁸
2263 1155 2284 1208 ?
2314 1156 2417 1210 Sed
2444 1172 2548 1210 non
2604 1157 2767 1219 feres,
2823 1166 2880 1209 ut
2917 1155 3207 1210 verisimile
3261 1162 3363 1217 est,
3397 1155 3441 1207 si

1870 1245 1981 1300 haec
2012 1247 2075 1300 de
2108 1247 2221 1315 ipso
2252 1245 2544 1316 Unigenito
2599 1248 2869 1302 dicantur.
2920 1246 3078 1316 130
3141 1245 3303 1313 Atqui
3351 1255 3440 1297 tua

1868 1337 2031 1390 verba
2056 1338 2323 1392 curiosius
2345 1340 2627 1407 inquirens
2651 1342 2885 1407 reperio,
2944 1342 2994 1393 in
3028 1339 3223 1408 quibus
3251 1347 3438 1406 aperte

1869 1428 2023 1491 dicis,
2060 1439 2312 1499 tanquam
2344 1446 2407 1485 ex
2444 1447 2671 1501 persona
2711 1431 3015 1503 Unigeuiti;

193 1516 251 1568 ἐκ
271 1516 370 1586 τῆς
404 1517 724 1590 ὁδοιπορίας,
759 1520 786 1571 6
810 1520 885 1589 τῷ
932 1522 1045 1591 ἰδίῳ
1079 1522 1357 1591 Πνεύματι
1396 1523 1632 1592 στερεῶν
1690 1523 1985 1591 οὑρανούςς
2023 1524 2160 1575 Ἀλλ’
2199 1526 2298 1579 οὐκ
2327 1527 2487 1596 ἀνέξῃ
2524 1527 2666 1582 κατά
2690 1528 2749 1580 τὸ
2814 1529 2978 1593 εἰκὸς,
3011 1531 3060 1581 εἰ
3120 1528 3249 1598 περὶ
3274 1526 3438 1581 αὑτοῦ

193 1609 396 1676 λέγοιτο
418 1614 572 1664 ταυτὶ
595 1613 688 1665 τοῦ
714 1615 1072 1683 Μονογενοῦς,
1098 1617 1275 1671 καίτοι
1294 1620 1418 1681 τοὺς
1488 1620 1611 1681 σοὺς
1680 1618 2210 1691 πολυπραγμονήσας
2248 1622 2438 1689 λόγους
2464 1624 2702 1694 εὑρίσκω
2729 1625 2989 1691 λέγοντας
3017 1625 3222 1696 σαφῶς,
3255 1626 3329 1688 ὡς
3375 1625 3438 1677 ἐκ

192 1701 479 1773 προσώπου
513 1702 605 1755 τοῦ
639 1705 992 1771 Μονογενοῦς·

259 1795 406 1867 [Ὅτι
445 1796 625 1868 μορφὴ
650 1798 783 1851 Θεοῦ
812 1800 1095 1871 ὑπάρχων,
1124 1802 1336 1873 μορφὴν
1363 1804 1757 1875 περιϐέϐλημαι

1932 1799 2173 1854 'Nssron.
2200 1799 2398 1871 [Quod,
2429 1817 2548 1855 cum
2572 1802 2673 1855 sim
2706 1803 2795 1858 Dei
2817 1804 3012 1870 forma,
3044 1809 3182 1861 servi
3211 1808 3435 1864 formam

188 1887 369 1942 δούλου
393 1904 404 1915 ·
442 1890 679 1953 ὅτιθεὸς
709 1892 880 1959 Λόγος
911 1890 1007 1958 ὢν,
1035 1895 1092 1946 ὲν
1126 1895 1290 1965 σαρκὶ
1314 1894 1655 1967 καθορῶμαι·
1679 1897 1759 1949 ὅτι

186 1979 461 2043 δεσπόζων
493 1980 587 2034 τοῦ
630 1982 852 2049 παντὸς,
904 1984 1276 2054 πτωχεύοντος
1316 1984 1381 2038 δι’
1412 1988 1560 2055 ἡμᾶς
1606 2003 1760 2056 περι-

189 2069 458 2140 6ἐ6λημαι
508 2073 827 2145 πρόσωπον·
867 2076 951 2129 ὅτι
1005 2076 1204 2129 πεινῶν
1254 2077 1499 2147 ὁρατῶς,
1543 2078 1759 2151 χορηγῶ

186 2164 295 2224 τοῖς
329 2163 554 2216 πεινῶσι
584 2182 613 2215 τ
620 2166 837 2237 ροφὴν1.

787 2304 1042 2359 ΚΕΦΑΛ.
1084 2307 1158 2359 Γ’.

252 2440 379 2505 Πῶς
406 2437 519 2504 οὑν,
549 2442 690 2505 εἰπὲ,
719 2442 780 2494 τὸ
811 2443 908 2510 τῆς
939 2440 1220 2502 ἀσθενείας
1242 2440 1412 2510 ὄνομα
1437 2440 1642 2502 δεδιὼς,
1666 2442 1759 2493 καὶ

183 2530 535 2600 ἀποκομίζων
567 2533 753 2594 αὑτοῦ,
788 2533 889 2585 κᾶν
917 2536 943 2585 ὁ
969 2534 1071 2600 τῆς
1108 2533 1419 2601 οἰκονομίας
1454 2532 1526 2601 μὴ
1565 2531 1752 2600 βούλη-

182 2640 270 2676 ται
309 2625 489 2692 λόγος,
530 2625 691 2678 αὑτὸν
738 2625 873 2693 ἔφης
923 2628 1110 2694 πεινῇν
1162 2626 1259 2694 μὲν
1316 2624 1547 2694 ὁρατῶς,
1594 2625 1759 2693 ἤγουν

181 2715 565 2785 ἀνθρωπίνως,
613 2717 868 2785 χορηγεῖν
912 2714 967 2765 δὲ
1001 2713 1195 2774 θεῖκῶς
1234 2715 1345 2775 τοῖς
1377 2712 1600 2764 πεινῶσι
1633 2719 1756 2782 ἐρον

181 2808 317 2877 φήν;
374 2805 501 2878 'Ap‘
552 2808 651 2860 οὑκ
702 2804 983 2867 ἀσθενείας
1021 2804 1217 2873 τρόπον
1265 2799 1403 2855 εἶναι
1442 2804 1545 2871 φὴς
1577 2803 1662 2865 τὸ,
1702 2805 1758 2854 ἐν

179 2898 357 2970 ἐνδείᾳ
393 2898 646 2965 γενέσθαι
670 2901 898 2967 τροφῆς,
936 2897 1026 2948 καὶ
1068 2896 1322 2964 πεινῆσαι
1351 2893 1604 2960 λέγεσθαι
1638 2894 1757 2946 καθ’

176 2992 356 3061 ἡμᾶς
409 2990 569 3042 ’Λλλὰ
604 2993 715 3052 τοῖς
769 2990 1009 3041 ἐθέλουσι
1060 2988 1371 3057 φιλόψογεῖν
1417 2984 1758 3049 ἀντιτάξεται

176 3083 414 3151 γενικῶς
452 3083 561 3136 Γῖσ,
588 3080 870 3151 γεννικῶς]
904 3081 1003 3149 τῆς
1038 3081 1389 3147 οἰκονομίαςὸ
1414 3080 1630 3147 τρόπος.
1670 3079 1759 3129 Δεῖ

1862 1892 2010 1945 indui
2044 1909 2059 1943 :
2096 1893 2262 1961 quod,
2293 1908 2413 1947 cum
2451 1894 2550 1947 sim
2572 1894 2711 1948 Deus
2738 1893 2991 1959 Verbum,
3024 1898 3076 1951 in
3112 1914 3272 1953 carne
3307 1916 3438 1955 eon-

1860 1983 2098 2049 spicior:
2130 1984 2295 2051 quod,
2328 1998 2448 2036 cum
2481 1984 2852 2038 universitatis
2875 1986 2973 2038 sim
3007 1985 3290 2051 Dominus,
3311 2005 3436 2057 per-

1860 2087 2044 2127 sonam
2072 2073 2321 2141 pauperis
2338 2082 2557 2143 propter
2588 2090 2684 2128 vos
2726 2075 2873 2129 indui
2900 2090 2915 2128 :
2952 2078 3115 2146 quod,
3171 2094 3289 2132 cum
3315 2096 3439 2133 esu-

1860 2165 1995 2218 riam
2044 2164 2350 2231 visibiliter,
2392 2167 2757 2222 esurientibus
2797 2167 2977 2221 cibum
3032 2166 3433 2243 subministro.]

2495 2302 2644 2356 CAP.
2704 2304 2787 2357 Ill.

1930 2436 2209 2502 Quomodo
2246 2437 2421 2507 igitur,
2463 2454 2669 2507 quaeso,
2703 2455 2824 2494 cum
2862 2442 3195 2500 inﬁrmitatis
3234 2460 3429 2501 nomen

1860 2537 2090 2593 metuas,
2123 2538 2179 2581 et
2235 2531 2301 2583 ab
2336 2545 2400 2583 eo
2456 2530 2705 2596 auferas,
2756 2534 2967 2587 etiamsi
3020 2536 3437 2604 dispensationis

1860 2618 1997 2672 ratio
2029 2628 2309 2687 repugnet,
2338 2620 2508 2689 ipsum
2543 2621 2678 2676 dicis
2723 2624 2930 2678 esurire
2988 2627 3272 2681 visibiliter
3338 2644 3433 2684 seu

1860 2710 2189 2776 humanitus,
2242 2712 2657 2767 subministrare
2711 2724 2890 2769 tamen
2946 2717 3206 2773 divinitus
3256 2721 3432 2775 cibum

1859 2801 2258 2856 esurientibus?
2284 2804 2363 2856 An
2395 2819 2523 2859 vero
2554 2806 2883 2860 inﬁrmitatis
2915 2824 3083 2877 genus
3109 2826 3228 2865 esse
3272 2829 3436 2882 negas

1861 2894 2001 2958 quod
2036 2894 2154 2946 cibo
2185 2894 2433 2963 indiguit,
2491 2898 2711 2963 etquod
2756 2900 2966 2952 esurire
3008 2900 3204 2954 dicitur
3251 2915 3435 2959 nostro

1862 2984 2048 3035 more?
2077 2984 2181 3038 Sed
2211 2986 2519 3053 vituperare
2558 2989 2862 3043 volentibus
2886 2991 2994 3058 ipse
3018 2993 3436 3060 dispensationis

1861 3075 2050 3128 modus
2073 3074 2283 3128 fortiter
2316 3078 2557 3131 obsistet.
2591 3078 2846 3147 Cogimur
2875 3095 3003 3149 ergo
3054 3084 3134 3136 vel
3191 3085 3234 3137 si
3286 3086 3434 3139 illmn

176 3177 356 3229 τοίνυν
389 3179 561 3247 ἡμᾶς,
598 3176 630 3246 ἢ
681 3174 897 3227 πάντων
946 3173 1107 3224 αὑτὸν
1138 3171 1244 3222 τῶν
1299 3170 1649 3238 ἀνθρωπίνως
1695 3185 1752 3220 τε

1862 3168 1926 3219 ab
1942 3168 2190 3220 omnibus
2220 3183 2337 3235 qua:
2368 3184 2431 3221 ex
2470 3168 2702 3224 humana
2738 3173 3049 3227 conditione
3076 3184 3132 3227 et
3153 3176 3223 3228 bu
3239 3176 3438 3231 militer

175 3268 266 3319 καὶ
312 3266 749 3337 σμικροπρεπῶς
803 3264 1108 3334 εἰρημένων
1151 3262 1618 3330 ἀποκομίξοντας,
1665 3260 1756 3311 ἀν-

176 3358 383 3430 θρώπῳ
434 3359 574 3428 ψιλῷ
630 3357 964 3427 περιτιθέναι
1015 3354 1085 3407 τὰ
1140 3354 1316 3407 τοιάδε
1369 3352 1478 3405 τῶν
1535 3350 1751 3403 παθῶν·

172 3450 341 3519 ῆγουν
370 3449 779 3516 ὲννενοηκότας,
817 3450 898 3499 ὅτι
926 3447 1056 3507 Θεὸς
1088 3443 1181 3505 ῶν,
1214 3445 1403 3513 γέγονε
1434 3442 1554 3495 καθ’
1587 3443 1754 3512 ἡμᾶς,

172 3542 364 3610 ἀπαθῆ
404 3542 503 3609 μὲν
546 3540 810 3610 ὑπάρχειν
850 3538 1011 3591 αὑτὸν
1040 3538 1344 3607 ὁμολογεῖν,
1378 3536 1521 3587 κατά
1566 3551 1628 3601 γε
1662 3533 1757 3603 τὴν

169 3634 268 3703 τῆς
305 3633 568 3701 θεότητος
602 3631 797 3699 φύσινο
839 3629 1032 3681 παθεῖν
1077 3630 1131 3681 δὲ
1172 3628 1306 3699 πρὸς
1352 3626 1525 3695 τούτῳ
1555 3626 1753 3692 λέγειν,

170 3724 268 3794 τὴν
308 3724 459 3794 ὑπὲρ
491 3722 647 3792 ἡμῶν
678 3721 983 3784 ἀσθένειαν,
1016 3721 1156 3772 κατὰ
1187 3719 1246 3771 τὸ
1277 3718 1636 3787 ἀνθρώπινον,
1664 3722 1756 3772 καὶ

170 3815 315 3868 κατά
371 3832 438 3882 γε
492 3813 588 3885 τὴν
626 3814 803 3883 σάρκα
850 3812 1011 3881 φημί.
1070 3812 1221 3862 Ἐπεὶ
1263 3811 1467 3880 φράσον
1512 3811 1758 3881 ἐρομένῳ

171 3907 361 3971 πάλιν,
395 3904 778 3975 ὲσταυρῶσθαί
817 3920 978 3974 φησιν
1024 3904 1184 3956 αὑτὸν
1215 3902 1271 3967 ἐξ
1306 3902 1591 3962 ἀσθενείας
1615 3905 1641 3954 6
1672 3901 1759 3954 θε-

170 3998 402 4059 σπέσιος
437 3995 648 4057 Παῦλος
669 4010 681 4021 '
716 3994 984 4064 ἀποφέρει
1013 3994 1067 4045 δὲ
1097 3993 1253 4054 αὑτὸς
1286 3992 1379 4044 τοῦ
1422 3992 1555 4045 Θεοῦ
1584 3993 1755 4059 Λόγου

173 4088 232 4138 τὸ
259 4088 484 4157 χρῆμα,
508 4085 722 4157 μικρὸν,
748 4080 901 4155 οἶμαί
940 4102 1065 4147 που,
1094 4085 1186 4137 καὶ
1214 4084 1469 4147 δυσκλεὲς
1501 4080 1637 4136 εἶναι
1669 4085 1756 4137 λέ-

166 4195 298 4243 γων,
336 4179 438 4231 καὶ
472 4178 572 4228 οὑκ
598 4177 744 4239 ἄξιον
782 4175 946 4228 αὑτοῦ
972 4192 984 4204 °
1031 4176 1218 4245 ’ἐτερος
1253 4171 1343 4226 οὖν
1381 4176 1505 4243 παρ’
1541 4175 1702 4226 αὑτὸν
1732 4177 1759 4226 6

165 4268 618 4338 ἐσταυρωμένος,
649 4267 705 4318 ὃν
737 4266 828 4317 καὶ
857 4266 951 4334 τῆς
990 4265 1147 4333 δόξης
1171 4263 1373 4332 Κύριον
1402 4266 1429 4315 ὁ
1461 4264 1598 4326 θεῖος
1628 4266 1757 4333 ἡμῖν

167 4360 543 4431 μυσταγωγὸς
595 4358 892 4420 ἀποκαλεῖ,
938 4357 1147 4424 λέγων·
1182 4374 1198 4405 ι
1244 4355 1303 4407 Ei
1345 4356 1452 4425 γὰρ
1490 4356 1754 4423 ἔγνωσαν,

161 4453 263 4504 οὑκ
298 4452 368 4504 ἂν
398 4450 496 4501 τὸν
524 4449 725 4518 Κύριον
752 4448 847 4516 τῆς
880 4446 1037 4514 δόξης
1066 4445 1438 4516 ἐσταύρωσαν.
1466 4465 1483 4495 ι
1509 4444 1575 4497 *Α
1589 4448 1635 4515 ρ’
1666 4443 1758 4499 οῦν

1859 3260 2000 3312 dicta
2026 3271 2168 3324 sunt,
2194 3263 2433 3316 eximere
2455 3262 2725 3328 volumus,
2747 3266 2887 3319 nudo
2914 3266 3116 3320 homini
3150 3268 3246 3322 has
3304 3284 3431 3338 pas-

1858 3351 2037 3405 siones
2068 3354 2342 3407 tribnere:
2372 3354 2453 3407 vel
2487 3356 2529 3408 si
2557 3356 2859 3423 cogitamus
2914 3357 3087 3420 illum,
3124 3375 3245 3413 cum
3299 3359 3439 3415 Deus

1857 3442 2227 3506 essct,l‘actum
2258 3460 2376 3499 esse
2401 3448 2569 3500 nostri
2601 3447 2855 3509 similem,
2886 3449 3136 3503 conﬁteri
3163 3466 3283 3506 esse
3311 3453 3434 3522 qui-

1859 3536 1978 3588 dem
2011 3537 2362 3603 impatibilem
2386 3552 2451 3590 ex
2473 3548 2661 3593 natura
2694 3539 3016 3606 divinitatis,
3059 3543 3150 3595 sed
3173 3554 3435 3610 praeterea

1860 3626 2041 3681 dicere
2074 3641 2290 3695 passum
2312 3643 2430 3682 esse
2459 3643 2556 3696 pro
2587 3630 2741 3684 nobis
2794 3630 3168 3687 inﬁrmitatem
3216 3650 3278 3689 ex
3338 3636 3437 3688 hu-

1859 3731 2017 3769 mana
2052 3727 2268 3781 natura,
2300 3719 2551 3771 nitnirum
2572 3733 2635 3771 ex
2660 3720 2968 3775 conditione
2996 3726 3192 3779 carnis.
3216 3726 3429 3794 Alioqui

1860 3823 2068 3877 expone
2096 3811 2326 3878 roganti,
2355 3810 2396 3862 si
2418 3810 2612 3877 placet.
2671 3810 3004 3865 Crucitixum
3047 3814 3196 3867 illum
3235 3831 3301 3869 ex
3354 3818 3437 3869 in-

1861 3897 2113 3953 ﬁrmitate
2141 3899 2267 3950 dicit
2294 3901 2495 3955 beatus.
2512 3899 2710 3953 Paulus
2737 3901 2815 3964 ";
2850 3912 3070 3955 amovet
3105 3914 3285 3958 autem
3321 3906 3437 3975 ipse

1860 3992 1995 4044 hanc
2030 4006 2139 4044 rem
2166 4006 2193 4044 a
2220 3991 2328 4046 Deo
2364 3992 2563 4056 Verbo,
2592 3992 2732 4060 quod
2756 3993 3000 4061 exiguam
3034 4009 3153 4047 esse
3195 4005 3249 4048 et
3274 3996 3432 4049 vilem

1859 4082 2025 4147 dicat,
2058 4093 2193 4137 eteo
2222 4085 2688 4151 indignam.Alius
2720 4101 2849 4156 ergo
2876 4088 2978 4141 erit
3008 4090 3074 4143 ab
3100 4104 3164 4143 eo
3201 4090 3290 4143 ille
3310 4106 3437 4144 crn-

1860 4172 2072 4234 ciﬁxus,
2104 4188 2261 4240 quem
2291 4176 2455 4227 etiam
2484 4175 2668 4244 gloriae
2725 4175 3013 4229 Dominum
3068 4180 3281 4233 divinus
3349 4180 3439 4234 ille

1860 4267 2120 4331 magister
2146 4266 2399 4333 appellat,
2436 4268 2655 4323 dicens:
2692 4286 2710 4318 ι
2749 4267 2803 4322 Si
2833 4270 2976 4323 enim
3028 4273 3434 4340 cognovissent,

1862 4368 2130 4422 nunquam
2165 4355 2450 4408 Dominum
2483 4356 2667 4425 gloriae
2694 4360 3101 4414 cruciﬁxissent
3129 4362 3194 4415 ‘°.
3240 4382 3259 4413 ι
3297 4362 3434 4419 Num

1860 4459 1990 4514 ergo
2009 4447 2205 4498 mansit
2238 4446 2497 4502 Dominus
2518 4449 2701 4515 gloriae
2761 4451 2851 4518 qui
2895 4452 3198 4507 inﬁrmatus
3229 4465 3330 4520 est,
3383 4467 3438 4511 et

166 4546 465 4614 μεμένηκε
507 4504 1039 4610 meammeam;
1076 4540 1102 4589 6
1134 4504 1399 4606 ἠθετικὼς
1450 4537 1558 4607 [Ion
1589 4504 1757 4604 ipes-

1865 4538 1952 4605 qui
1982 4538 2469 4592 adeoindecentem
2524 4550 2575 4593 et
2604 4541 2858 4594 humilem
2917 4543 3223 4608 passionem
3272 4550 3437 4601 susti-

161 4635 401 4707 νηκὼς],
440 4633 534 4687 καὶ
563 4634 623 4683 τὸ
646 4630 900 4693 δυσκλεὲς
923 4630 985 4697 δὴ
1015 4628 1194 4692 τοῦτο,
1224 4629 1316 4681 καὶ
1348 4631 1757 4699 σμικροπρεπὲς

163 4728 481 4798 ὑπομείνας
514 4723 727 4787 πάθος;
771 4723 831 4773 Εἰ
886 4721 983 4789 μὲν
1018 4716 1109 4773 οὖν
1143 4720 1468 4789 μεμένηκεν,
1502 4720 1756 4789 οὑδεμίαν

160 4820 273 4888 εχει
304 4816 407 4869 τοῦ
439 4811 784 4868 ἀσθενεῖσθαι
812 4808 1035 4879 ζημίαν.
1068 4808 1191 4871 Πῶς
1220 4803 1311 4860 οὖν
1344 4808 1520 4868 δέδιας
1547 4808 1635 4860 τὸν
1662 4808 1754 4861 τοῦ

158 4910 296 4964 Θεοῦ
330 4908 518 4974 Λόγον
546 4908 601 4956 ὲν
631 4903 839 4963 τούτοις
878 4902 1133 4969 γενέσθαι
1158 4901 1336 4969 λέγειν
1360 4901 1753 4969 οἰκονομικῶς;

161 5003 221 5053 Εἰ
256 5002 317 5054 δὲ
355 4994 679 5052 ἀπώλισθεν
706 4994 920 5063 άληθῶς
947 4992 1038 5044 τοῦ
1068 4992 1333 5062 ὑπάρχειν
1367 4991 1446 5043 ἔτι
1472 4992 1570 5060 τῆς
1599 4991 1757 5062 δόξης

157 5095 398 5166 Κύριος,
436 5082 545 5142 ὧδέ
582 5104 639 5139 τε
679 5086 821 5155 ἔχειν
850 5086 1007 5137 τοῦτο
1056 5084 1453 5138 διαδεδαιοῦταί
1496 5102 1597 5148 τις,
1627 5084 1753 5136 δυσ-

160 5186 389 5246 οεόείας
434 5181 539 5249 τῆς
584 5180 845 5231 ἀνωτάτω
892 5178 985 5230 καὶ
1020 5176 1163 5245 μάλα
1222 5178 1445 5240 εἰκότως
1495 5177 1758 5245 ὑπομενεῖ

156 5282 257 5351 τὴν
282 5278 549 5351 γραφήν·
584 5273 868 5341 «Κάμπτει
897 5272 1002 5341 γάρ
1025 5270 1171 5341 αὑτῷ
1193 5273 1297 5323 πᾶν
1314 5270 1460 5337 γόνυ,
1490 5270 1581 5321 καὶ
1608 5270 1755 5320 πᾶσα.

158 5374 393 5441 γλῶσσα
453 5367 930 5436 ἐξομολογήσεται,
981 5364 1062 5415 ὅτι
1113 5362 1313 5431 Κύριος
1378 5361 1582 5431 Ἰησοῦς
1624 5362 1759 5429 Χρι-

161 5466 286 5529 στὸς
338 5464 426 5525 εἰς
476 5460 640 5523 δόξαν
678 5456 812 5511 Θεοῦ
848 5455 1079 5526 Πατρός.
1119 5474 1137 5505 ι
1192 5453 1598 5525 Κατευρύνεται
1650 5451 1757 5520 γὰρ

159 5558 388 5626 ἁπάσης
442 5555 549 5621 τῆς
603 5552 694 5603 ὑπ’
730 5548 956 5618 οὐρανὸν
1005 5548 1037 5616 ἡ
1084 5545 1209 5610 δόξα
1258 5545 1514 5615 Χριστοῦ,
1561 5545 1759 5597 παθόν-

159 5669 249 5713 τος
298 5648 453 5717 ὑπὲρ
511 5642 666 5713 ἡμῶν
704 5642 898 5711 σαρκὶ,
958 5637 1101 5692 καθὰ
1157 5637 1471 5698 πλειστάκις
1527 5637 1757 5705 εἰρήκα-

234 5829 276 5862 ⁸’
302 5825 477 5883 Joau.
508 5837 581 5888 vt,
613 5821 800 5875 3551.

1866 4628 2020 4680 nuit?
2051 4627 2105 4680 Si
2140 4630 2354 4690 mansit,
2390 4629 2587 4682 nullam
2618 4646 2681 4683 ex
2712 4647 2775 4685 eo
2802 4634 2941 4700 quod
2981 4633 3284 4688 inﬁrmatus
3330 4648 3434 4701 est,

1859 4718 2124 4785 jacturam
2152 4718 2297 4771 fecit.
2334 4719 2442 4772 Cur
2472 4734 2598 4788 ergo
2631 4721 2822 4774 metuis
2855 4721 3055 4785 dicere,
3081 4722 3172 4778 Dei
3201 4722 3435 4781 Verbum

1864 4811 1929 4863 ad
1961 4810 2073 4863 haze
2103 4810 2493 4878 dispensatoria
2516 4811 2727 4864 ratione
2776 4812 3160 4867 descendisse?
3207 4814 3301 4868 Sin
3349 4834 3435 4871 rc-

1863 4916 1988 4954 vera
2026 4902 2257 4969 perdidit
2294 4918 2358 4956 ne
2394 4912 2537 4956 esset
2576 4902 2711 4956 ultra
2738 4917 2826 4955 rex
2871 4903 3074 4971 gloriae,
3106 4914 3158 4958 et
3214 4907 3291 4960 sic
3322 4924 3434 4961 rem

1862 5009 1921 5049 se
1979 4996 2179 5048 habere
2234 4995 2500 5062 quispiam
2562 4996 2792 5058 asserit,
2858 5010 3082 5050 Summae
3144 4999 3434 5063 impietatis

1863 5087 2063 5141 crimen
2096 5088 2287 5140 merito
2316 5088 2626 5140 sustinebit.
2670 5106 2688 5137 ι
2722 5086 2983 5141 Flectitur
3015 5088 3158 5140 enim
3186 5088 3286 5157 ipsi
3319 5107 3429 5142 οιιι-

1864 5193 2118 5248 negenn,
2152 5188 2206 5231 et
2230 5179 2414 5232 omnis
2441 5178 2618 5243 lingua
2673 5179 3019 5232 conﬁtebitur
3066 5180 3190 5247 quia
3251 5182 3426 5234 Domi-

1869 5285 1970 5323 nus
2004 5268 2161 5323 Jesus
2188 5269 2457 5335 Christus,
2502 5270 2553 5321 in
2592 5269 2814 5337 gloriam
2856 5270 2947 5323 Dei
2974 5268 3147 5322 Patris
3172 5270 3235 5322 “.
3280 5290 3299 5322 ›
3336 5270 3435 5324 Per

1862 5362 2175 5415 universum
2206 5363 2347 5414 enim
2389 5362 2571 5414 orbem
2633 5371 2897 5414 terrarum
2965 5360 3224 5415 dilatatur
3264 5362 3431 5429 gloria

1863 5452 2195 5520 Christi,qui
2230 5468 2415 5520 passus
2444 5462 2527 5507 est
2581 5468 2678 5521 pro
2736 5454 2891 5507 nobis
2952 5469 3134 5516 carne,
3194 5465 3249 5508 ut
3292 5471 3432 5523 saepe

1864 5544 2113 5598 diximus.
2142 5545 2273 5597 Cum
2313 5545 2472 5613 igitur
2506 5547 2661 5599 audis
2688 5546 2960 5599 hominem
3006 5548 3208 5615 Spiritu
3243 5560 3431 5599 saneto

1866 5635 2311 5704 plenumdicere:
2353 5657 2369 5689 ι
2410 5637 2715 5691 Crneiﬁxus
2749 5648 2831 5693 est
2865 5654 2925 5693 ex
2958 5639 3298 5706 inﬁrmitate,
3336 5640 3428 5693 sed

904 5820 945 5851 ⁸⁸
969 5818 1070 5873 Job
1098 5833 1243 5884 τινι,
1290 5819 1371 5871 l5.
1450 5817 1493 5849 ⁵³
1526 5813 1565 5867 11
1592 5814 1716 5871 Cor.
1752 5830 1757 5869 :

1862 5815 1952 5882 ,4.
2010 5816 2101 5869 σοι
2136 5816 2261 5872 Cor.
2292 5832 2351 5882 ιι,
2375 5817 2426 5871 8.
2505 5819 2547 5848 ⁶²
2582 5817 2811 5887 Philipp.
2857 5834 2918 5886 tt,
2950 5819 3034 5873 10.
