4078 6348
601 418 705 474 227

1587 410 1643 464 S.
1685 403 1959 464 CYlllLLl
1999 395 2468 458 ALEXANDRINI
2507 387 2832 451 ARCIIIEP.

3739 377 3847 431 228

603 532 737 587 vivit
757 546 822 586 ex
851 530 1045 584 virtute
1079 527 1168 582 Dei
1192 545 1206 594 ;
1241 545 1260 578 ι
1292 525 1377 596 pie
1398 522 1600 579 dictum
1625 517 2033 591 intellige.Nam
2053 530 2175 586 pas-

2300 527 2399 563 ιεν.
2452 492 2619 562 Ὀταν
2671 498 2764 557 οὖν
2805 498 3044 569 ἀκούσῃς
3097 494 3188 548 τοῦ
3254 489 3703 563 Πνευματοφόρου
3759 487 3849 541 λέ-

2640 595 2652 596 ί
2857 588 2909 596 Ἀ
3013 585 3068 596 ··
3131 585 3142 596 ·
3195 583 3217 596 Α
3323 583 3335 596 ι
3497 579 3607 596 0H!
3677 577 3731 596 ’θ
3790 577 3849 596 ιε-

604 639 725 680 sum
757 623 890 677 dicit
914 621 1244 684 humanitus,
1273 617 1523 688 quamvis
1555 624 1802 669 naturam
1827 612 1980 682 131
2009 611 2174 665 habe-

604 726 686 770 ret
716 730 938 785 prorsus
961 729 993 768 a
1012 711 1269 783 patiendo
1301 719 1585 764 remotam.
1618 707 1863 774 Cumque
1887 706 1967 759 sic
1995 719 2054 758 se
2078 703 2174 756 ha-

604 807 776 871 beret,
802 805 1066 860 inﬁrmari
1097 817 1314 858 carnem
1334 800 1609 863 sustinuit,
1631 808 1684 852 et
1712 793 2172 851 humanitusmori

603 916 726 954 cum
758 898 1131 960 sustinuisset,
1168 896 1428 950 divinitus
1477 891 1694 952 revixit,
1714 904 1832 942 cum
1852 887 1968 955 ipse
2019 899 2175 941 suum

605 991 932 1043 viviﬁcasset
957 989 1234 1056 templum,
1261 996 1444 1056 utpote
1473 983 1644 1037 virtus
1688 979 1886 1033 Patris.
1917 978 2073 1032 Certe
2097 977 2179 1028 in-

606 1091 784 1136 stante
801 1079 913 1149 jam
950 1090 1192 1147 tempore
1209 1093 1318 1148 quo
1345 1090 1562 1131 crucem
1590 1089 1686 1143 pro
1716 1070 1872 1147 nobis
1905 1079 2020 1124 erat
2049 1068 2178 1122 sub-

611 1176 808 1239 iturus,
840 1174 1028 1229 abiens
1067 1172 1267 1236 oravit,
1308 1171 1528 1224 dicens:
1568 1186 1585 1219 ί
1617 1165 1796 1231 Pater,
1831 1163 1875 1218 si
1918 1160 2176 1231 possibile

609 1276 712 1330 est,
741 1273 982 1319 transeat
1021 1279 1049 1317 a
1091 1278 1177 1317 me
1230 1260 1368 1315 calix
1395 1261 1517 1313 iste.
1557 1275 1574 1308 ι
1614 1254 2011 1324 Adjecitetiam
2051 1251 2181 1304 illud

610 1359 676 1410 ad
709 1358 868 1410 ﬁnem
897 1355 1164 1409 orationis
1199 1370 1213 1406 :
1261 1372 1279 1404 ι
1320 1351 1708 1405 Verumtamen
1752 1360 1856 1400 non
1891 1345 2032 1398 sicut
2080 1356 2180 1409 ego

611 1447 753 1508 volo,
780 1445 873 1500 sed
905 1445 1044 1500 sicut
1079 1454 1131 1497 tu
1157 1446 1224 1496 θ’.
1257 1460 1276 1495 ι
1313 1439 1577 1506 Quoniam
1601 1451 1730 1492 vero
1758 1434 1947 1499 semel,
1990 1447 2181 1502 quam-

610 1539 691 1592 vis
732 1539 1076 1605 omnipotens
1112 1534 1341 1589 Verbum
1377 1546 1440 1586 ac
1471 1533 1609 1585 Deus
1635 1537 1797 1592 esset,
1831 1537 2068 1580 nostram
2097 1524 2181 1577 in-

613 1629 927 1683 ﬁrmitatem
960 1627 1144 1683 subire
1166 1626 1372 1691 statuit,
1404 1623 1529 1677 facti
1572 1635 1792 1676 causam
1820 1628 1875 1670 ut
1911 1617 2177 1677 redderet,

611 1736 823 1777 summo
855 1718 1274 1789 dispensationis
1303 1714 1525 1770 consilio
1556 1713 1630 1765 ait
1663 1728 1675 1764 :
1738 1730 1753 1760 ι
1791 1708 2026 1776 Spiritus
2062 1704 2182 1774 qui-

613 1818 733 1870 dem
767 1823 1065 1885 promptus,
1093 1827 1218 1866 caro
1250 1817 1428 1863 autent
1466 1807 1675 1861 inﬁrma
1702 1803 1765 1856 “.
1809 1822 1826 1854 ι
1887 1799 2178 1856 Considera

613 1909 778 1978 igitur
807 1916 864 1960 ut
887 1906 1019 1959 nihil
1054 1906 1164 1974 ipse
1194 1902 1456 1969 deiectus,
1495 1914 1675 1966 neque
1721 1895 1882 1950 etiam
1949 1892 2180 1946 inﬁrmi-

615 2010 780 2054 tatem
809 2001 862 2055 in
895 2014 1045 2054 suam
1079 2007 1324 2051 naturam
1351 1993 1668 2061 suscipiens,
1705 1987 1972 2043 concessit
2031 1985 2181 2039 carni

614 2105 712 2159 per
745 2104 870 2142 suas
901 2088 1145 2158 proprias
1175 2085 1315 2153 leges
1347 2095 1608 2151 pergere:
1666 2088 1719 2132 et
1774 2078 1941 2144 ipsius
1983 2089 2043 2128 ea
2101 2088 2186 2126 res

610 2179 834 2247 dicitur,
879 2188 1160 2250 propterea
1187 2174 1327 2244 quod
1366 2173 1640 2242 proprium
1669 2178 1752 2224 est
1796 2169 1911 2238 ejus
1966 2179 2181 2233 corpus.

616 2273 783 2342 Igitur
810 2272 1080 2327 hominem
1111 2269 1326 2339 quidem
1359 2269 1533 2336 ipsum
1579 2262 1732 2318 nobis
1787 2257 2024 2316 ostendit
2071 2258 2185 2326 ipsa

615 2361 798 2415 carnis
835 2359 1146 2424 inﬁrmitas,
1193 2356 1285 2411 sed
1320 2357 1486 2408 Deum
1549 2350 1882 2407 inﬁrmitatis
1941 2351 2186 2418 ignarum

617 2452 932 2522 agnovimus
963 2452 1015 2503 in
1043 2465 1107 2505 eo
1132 2450 1272 2518 quod
1300 2455 1524 2502 mortem
1560 2443 1701 2498 haud
1762 2450 1842 2496 est
1877 2453 2185 2510 perpessus,

619 2553 729 2599 eta
776 2542 993 2612 proprio
1045 2555 1272 2609 corpore
1313 2537 1712 2606 corruptionem
1796 2532 2008 2601 repulit.
2069 2528 2187 2583 Vita

621 2646 854 2700 namque
871 2640 953 2684 est
988 2638 1042 2684 et
1067 2631 1242 2683 virtus
1263 2627 1463 2682 Patris.
1498 2625 1632 2679 Nam
1666 2623 1806 2692 quod
1839 2622 1980 2676 illam
2022 2620 2075 2673 in
2107 2619 2190 2672 his

622 2727 784 2780 rebus
819 2722 1190 2777 inﬁrmitatem
1223 2721 1488 2775 insuetam
1517 2717 1617 2773 sibi
1647 2725 1702 2771 et
1753 2713 2188 2775 involuntariam,

623 2812 816 2869 fecerit
850 2812 1211 2867 voluntariam
1251 2811 1301 2864 in
1332 2808 1423 2862 Dei
1453 2817 1508 2862 et
1531 2806 1705 2861 Patris
1727 2802 2084 2872 beneplacito,
2131 2810 2192 2852 ut

623 2905 829 2962 salvum
852 2902 1053 2959 laceret
1081 2902 1267 2957 orbem
1306 2911 1593 2962 terrarum,
1654 2895 1870 2951 docebit
1909 2894 2022 2962 ipse
2069 2907 2190 2947 cum

625 2996 756 3051 dicit
791 3011 808 3056 :_
836 3014 854 3047 ‹
892 2994 1025 3061 Quia
1065 2991 1316 3048 descendi
1341 2994 1406 3046 de
1437 2990 1598 3053 ccelo,
1636 3005 1741 3044 non
1773 2999 1830 3040 ut
1858 2986 2048 3039 l'aciam
2097 2998 2194 3036 vo-

627 3086 892 3140 luntatem
949 3098 1148 3148 meam,
1205 3083 1300 3136 sed
1363 3081 1692 3134 voluntatem
1753 3077 1870 3146 ejus
1911 3075 2001 3144 qui
2051 3074 2196 3127 misit

627 3195 715 3236 me
748 3198 762 3236 :
796 3189 854 3234 ut
875 3192 1034 3233 omne
1056 3177 1195 3270 quod
1217 3174 1407 3231 dedisti
1437 3173 1590 3239 mihi,
1631 3186 1737 3225 non
1769 3170 1986 3240 perdam
2015 3182 2078 3222 ex
2106 3183 2190 3230 eo,
2226 3213 2268 3270 ϐ

629 3273 723 3329 sed
749 3273 1063 3328 resuscitem
1091 3269 1223 3323 illud
1273 3268 1323 3321 in
1373 3265 1665 3320 novissimo
1728 3261 1816 3315 die
1861 3260 1926 3316 “.
1968 3278 1986 3311 ι
2031 3259 2193 3327 Atqui

630 3380 866 3434 quonam
900 3363 1080 3428 modo,
1113 3362 1156 3416 si
1189 3361 1404 3430 quidem
1436 3359 1572 3412 bona
1610 3364 1694 3410 est
1725 3352 1904 3407 Patris
1927 3353 2197 3413 voluntas,

632 3456 858 3510 alteram
888 3463 1062 3507 tamen
1087 3447 1471 3520 proculdubio
1494 3449 1688 3500 bonam
1721 3443 1993 3513 propriam
2014 3455 2071 3494 se
2103 3439 2193 3493 ha-

633 3547 765 3601 bere
787 3547 854 3600 ab
902 3545 992 3599 illa
1021 3546 1288 3598 diversam
1314 3541 1645 3593 voluntatem
1672 3536 1803 3590 dicit
1836 3532 2048 3587 Filius?
2069 3531 2202 3585 Nam

634 3638 679 3692 si
711 3638 890 3691 minus
918 3645 1000 3690 est
1028 3636 1221 3696 bonus,
1267 3629 1540 3700 quomodo
1585 3629 1758 3695 imago
1803 3627 1914 3694 jam
1946 3635 1997 3678 et
2037 3623 2205 3693 ﬁgura

635 3727 750 3796 ejus
766 3725 1049 3783 creditur?
1078 3723 1343 3793 quomodo
1381 3721 1506 3772 item
1539 3704 1669 3771 vero
1705 3717 1844 3770 dicet
1876 3731 1890 3767 :
1945 3732 1963 3764 ι
2009 3713 2119 3782 Ego
2154 3721 2206 3765 et

640 3821 801 3874 l'ater
831 3834 992 3871 unum
1018 3830 1204 3870 sumus
1222 3812 1308 3867 “‘i
1337 3830 1356 3864 ι
1385 3820 1439 3864 et
1470 3829 1483 3864 :
1527 3831 1542 3859 ς
1589 3809 1688 3873 Qui
1746 3808 1880 3860 vidit
1924 3820 2039 3872 me,
2076 3805 2210 3857 vidit

636 3922 692 3966 et
719 3910 931 3965 Patrem
967 3908 1052 3961 “‘1
1091 3925 1108 3957 ι
1145 3905 1329 3974 Neque
1356 3904 1496 3959 enim
1526 3903 1808 3970 quisquam
1845 3900 1896 3952 in
1952 3896 2092 3950 haud
2115 3898 2208 3950 bo-

639 4015 710 4055 no
740 3999 915 4053 videat
947 4013 1068 4051 eum
1101 3996 1196 4065 qui
1221 4011 1285 4049 ex
1314 4001 1506 4047 natura
1537 3993 1606 4044 sit
1634 3991 1824 4042 bellus.
1855 3986 2017 4055 Atqui
2042 3986 2214 4038 bonus

639 4091 810 4146 Filius
829 4104 897 4144 ex
929 4090 1069 4143 bono
1103 4094 1325 4140 exortus
1356 4094 1440 4138 εει
1463 4081 1644 4144 Patre,
1675 4090 1866 4148 estque
1897 4077 2012 4144 ejus
2033 4074 2212 4143 imago

642 4181 788 4235 nulla
819 4179 873 4233 in
907 4195 964 4234 re
993 4178 1060 4230 ab
1081 4192 1145 4231 eo
1173 4176 1415 4229 varians.
1439 4172 1682 4239 Quanam
1721 4170 1881 4239 igitur
1936 4166 2214 4220 voluntate

640 4273 826 4328 relicua
862 4287 1021 4341 quam
1057 4285 1207 4323 suam
1237 4283 1359 4324 esse
1395 4267 1614 4330 fatetur,
1665 4263 1841 4316 Patris
1871 4259 2205 4313 voluntatem

642 4381 701 4420 se
730 4364 921 4419 fecisse
960 4362 1124 4417 dicit?
1156 4359 1392 4430 Propriae
1447 4357 1627 4413 carnis
1681 4361 1856 4409 morte
1891 4351 2216 4405 liberaturus

643 4469 760 4512 erat
785 4472 906 4512 mox
937 4470 1031 4511 eos
1075 4469 1104 4507 a
1134 4464 1308 4507 morte
1335 4452 1428 4521 qui
1463 4449 1538 4504 illi
1567 4455 1722 4502 erant
1753 4443 1995 4505 obnoxii,
2032 4439 2084 4493 id
2133 4447 2216 4491 est

644 4565 762 4604 nos.
807 4548 913 4603 Sed
947 4549 1047 4601 hoc
1073 4547 1246 4615 ipsum
1275 4543 1412 4597 mori
1435 4555 1601 4596 carne
1649 4547 1804 4605 turpe
1831 4542 1972 4595 erat,
2004 4542 2058 4584 et
2087 4531 2212 4595 sibi,
2245 4556 2293 4615 Β
2318 4525 2474 4577 Ποῖον
2525 4514 2617 4572 οὖν

644 4639 828 4707 utjatn
861 4639 992 4702 dixi,
1018 4639 1286 4692 insuetum
1325 4643 1380 4688 et
1434 4631 1845 4701 refugiendum:
1892 4626 1941 4679 id
2002 4636 2215 4693 quoque

646 4743 828 4786 nostra
862 4745 1024 4786 causa
1056 4726 1310 4781 sustinuit
1366 4725 1420 4778 in
1460 4720 1794 4790 beneplacito
1826 4718 2022 4770 Patris.
2059 4712 2214 4782 132

647 4825 878 4879 Noverat
908 4821 1051 4875 enim
1080 4821 1285 4889 optime
1315 4818 1360 4870 si
1388 4823 1609 4885 pr0pter
1645 4811 1825 4868 carnis
1875 4821 1986 4862 suae
2014 4807 2216 4872 passio-

651 4933 746 4972 nes
781 4915 1052 4972 modieum
1087 4912 1278 4966 fuisset
1293 4907 1577 4978 inglorius,
1608 4918 1669 4958 se
1710 4914 1895 4955 omnes
1925 4897 1991 4950 ad
2016 4904 2213 4949 statum

651 5011 808 5076 longe
835 5006 1263 5077 praestantiorem
1303 4995 1678 5054 transferendo
1703 4994 2080 5046 liberaturum.
2104 5006 2121 5037 ι
2162 4985 2217 5040 Si

653 5103 774 5170 quis
802 5100 944 5154 enim
972 5099 1022 5150 in
1054 5095 1293 5157 Christo,
1327 5105 1461 5145 nova
1489 5097 1735 5142 creatura
1762 5105 1776 5138 :
1811 5089 1990 5135 vetera
2035 5089 2220 5132 trans-

655 5194 856 5257 ierunt,
923 5204 1048 5244 ecce
1077 5187 1215 5241 facta
1234 5193 1360 5238 sunt
1402 5179 1582 5236 omnia
1637 5191 1793 5241 nova,
1835 5193 1852 5226 ι
1898 5174 2035 5226 sicut
2082 5171 2223 5223 scri-

659 5296 808 5355 ptum
838 5292 922 5338 est
953 5281 1020 5333 ".
1081 5273 1344 5332 Divinitus
1401 5272 1564 5340 igitur
1601 5268 1873 5337 inSpirata:
1932 5262 2226 5330 Scriptura!

659 5353 934 5432 Christum
962 5385 1128 5424 unum
1158 5377 1211 5422 et
1243 5365 1436 5420 Filium
1463 5373 1516 5415 et
1544 5360 1830 5414 Dominum
1867 5353 2064 5407 mundo
2087 5365 2223 5420 prae-

663 5467 868 5528 dicant,
908 5475 962 5516 et
987 5463 1158 5530 ipsum
1192 5471 1310 5511 esse
1333 5462 1576 5507 asserunt
1614 5449 1763 5502 illum
1819 5444 2000 5515 gloriae
2054 5439 2228 5494 Domi-

667 5574 827 5624 num;
859 5557 1117 5622 illumque
1141 5558 1358 5620 pr0pler
1393 5559 1491 5598 nos
1518 5558 1547 5596 a
1581 5540 1779 5596 ludatis
1803 5539 1976 5590 illatas
2008 5532 2230 5600 injurias

668 5650 970 5708 voluntarie
997 5644 1334 5707 sustinuisse,
1363 5646 1697 5703 mortemque
1731 5633 1782 5685 in
1836 5629 1982 5698 ligno
2017 5625 2229 5692 dispen-

741 5835 788 5868 ⁸³
820 5830 1010 5888 Matth.
1042 5842 1190 5894 xxvi,
1223 5825 1310 5879 '59.
1385 5818 1430 5856 ⁸³
1458 5815 1585 5875 ibid.
1609 5814 1698 5869 41.

1804 5810 1847 5842 ⁶⁶
1872 5807 2023 5864 Joatt.
2057 5820 2128 5872 Vl,
2156 5800 2342 5858 58-59.

2276 577 2495 668 γοντοςο
2546 616 2562 648 ι
2601 588 2954 661 Ἐσταυρὼθη
3009 585 3069 650 ἐξ
3119 583 3444 646 ἀσθενείας,
3486 579 3620 633 ἀλλά
3672 577 3737 648 ζῇ
3787 577 3851 628 ὲκ

2275 693 2555 762 δυνάμεως
2598 687 2754 750 Θεοῦ,
2798 704 2816 737 ι
2859 681 3016 743 σύνες
3053 677 3312 739 εὐσεϐῶς.
3355 672 3691 726 Πεπονθέναι
3743 669 3851 738 γὰρ

2277 760 2633 854 ἀνθρωπίνως
2683 776 2847 847 φησὶν
2905 771 3087 835 αὐτὸν,
3118 768 3294 823 καίτοι
3345 765 3442 837 τὴν
3501 763 3661 833 φύσιν
3698 760 3852 831 ἔχον-

2276 893 2346 928 τα
2392 872 2484 926 τοῦ
2535 869 2728 923 παθεῖν
2775 865 3032 918 ἐπέκεινα
3089 857 3389 922 παντελῶς.
3433 857 3612 926 Ἔχων
3649 854 3706 906 δὲ
3763 853 3854 903 οὖ-

2277 978 2405 1026 τως,
2437 957 2768 1025 ἀσθενούσης
2818 953 3075 1024 ἠνέσχετο
3116 950 3215 1018 τῆς
3267 945 3488 1018 σαρκὸς,
3529 944 3621 996 καὶ
3670 941 3854 994 παθὼν

2278 1048 2633 1118 ἀνθρωπίνως
2669 1043 2728 1096 τὸ
2758 1041 3070 1102 ἀποθανεῖν,
3103 1036 3303 1090 ἀνεϐίω
3337 1033 3555 1096 θεῖκῶς,
3584 1030 3856 1098 ζωοποιή-

2281 1158 2379 1202 σας
2407 1139 2497 1192 τὸν
2543 1133 2736 1189 ἑαυτοῦ
2768 1131 2894 1185 ναὸν
2923 1129 3106 1191 αὐτὸς,
3136 1127 3212 1189 ὡς
3239 1125 3470 1192 δύναμις
3493 1122 3587 1174 τοῦ
3617 1121 3854 1189 Πατρός.

2281 1231 2392 1285 Καὶ.
2419 1228 2549 1296 γοῦν
2595 1222 2945 1292 ἐνεστηκότος
2987 1219 3089 1288 ήδη
3133 1214 3226 1269 τοῦ
3262 1210 3479 1285 καιροῦ,
3512 1210 3634 1263 καθ’
3660 1209 3718 1262 ὃν
3752 1209 3857 1260 ἔδει

2280 1323 2374 1376 τὸν
2419 1321 2559 1391 ὑπὲρ
2590 1317 2746 1388 ἡμῶν
2795 1315 3085 1383 ὑπομεῖναι
3127 1307 3377 1379 σταυρὸν,
3417 1302 3666 1358 ἀπελθὼν
3696 1316 3860 1372 προσ-

2281 1415 2520 1487 ηύξατο,
2566 1412 2736 1478 λέγων
2764 1416 2786 1437 ·’
2834 1425 2852 1457 ι
2903 1405 3116 1472 Πάτερ,’
3159 1404 3206 1454 εἰ
3253 1397 3497 1464 δυνατὸν,
3546 1393 3859 1465 παρελθέτω

2282 1509 2376 1561 ἀπ’
2405 1504 2537 1577 ἐμοῦ
2567 1504 2629 1555 τὸ
2659 1501 2911 1569 ποτήριον
2937 1497 3114 1551 τοῦτο.
3155 1513 3172 1544 ι
3213 1489 3528 1563 Προσετίθει
3562 1488 3618 1541 δὲ
3649 1484 3859 1546 τούτοις

2282 1598 2375 1650 ἐπὶ
2400 1576 2544 1651 τέλει
2568 1594 2667 1664 τῆς
2702 1590 3045 1662 προσευχῆς·
3084 1606 3102 1638 ι
3144 1585 3290 1655 Πλὴν
3323 1583 3421 1652 οὐχ
3445 1581 3520 1644 ὡς
3564 1578 3675 1647 ἐγὼ
3691 1576 3855 1640 θέλω,

2282 1691 2398 1745 ἀλλ’
2429 1691 2503 1753 ὡς
2547 1688 2634 1742 σύ.
2669 1706 2688 1738 ι
2737 1685 2956 1753 Ἐπειδὴ
2990 1683 3046 1737 δὲ
3081 1679 3246 1744 ἆπαξ,
3270 1677 3446 1730 καίτοι
3479 1671 3759 1740 παναλκὴς
3789 1670 3862 1722 ὢν

2285 1784 2458 1852 Λόγος
2490 1782 2584 1836 καὶ
2630 1778 2784 1842 Θεὸς,
2815 1776 2911 1830 καὶ
2953 1777 3009 1828 ἐν
3038 1776 3102 1843 τῇ
3133 1771 3254 1823 καθ’
3285 1771 3432 1838 ἡμᾶς
3467 1763 3721 1834 ἀσθενείᾳ
3771 1778 3863 1830 γε.

2216 1860 2255 1914 Β
2287 1875 2473 1929 νέσθαι
2498 1872 2831 1942 νενόμισται,
2855 1866 2954 1938 τὴν
2984 1864 3077 1918 τοῦ
3107 1863 3426 1933 πράγματος
3459 1858 3633 1911 αἰτίαν
3676 1854 3864 1909 ἀποδι-

2289 1965 2432 2028 δοὺς,
2462 1957 2930 2030 οἰκονομικώτατά
2963 1971 3132 2025 φησι·
3182 1972 3200 2004 ι
3239 1952 3311 2003 Τὸ
3346 1951 3444 2020 μὲν
3479 1946 3695 2016 πνεῦμα
3724 1945 3861 2015 πρό-

2291 2055 2482 2125 θυμον,
2518 2054 2551 2122 ὴ
2594 2051 2650 2104 δὲ
2703 2049 2839 2120 σάρξ
2878 2045 3130 2115 ἀσθενής.
3169 2061 3189 2095 ι
3240 2039 3428 2112 ’Δθρει
3469 2037 3532 2107 δὴ
3581 2032 3673 2091 οὖν
3717 2037 3864 2098 ὅπως

2290 2147 2440 2201 οὐδὲν
2473 2142 2737 2212 καθυφεὶς
2783 2140 2967 2203 αὐτὸς,
3000 2137 3121 2192 οὕτε
3173 2134 3279 2206 μὴν
3313 2134 3393 2195 εἰς
3437 2130 3571 2184 ἰδίαν
3619 2129 3780 2197 φύσιν
3808 2127 3868 2179 τὸ

2293 2237 2589 2304 ἀσθενῆσαι
2637 2230 2846 2293 παθὼν,
2893 2225 3286 2296 συγκεχώρηκε
3328 2225 3393 2293 τῇ
3436 2221 3599 2292 σαρκὶ
3645 2219 3739 2271 καὶ
3780 2217 3869 2270 διὰ

2293 2331 2399 2384 τῶν
2424 2327 2640 2382 οἰκείων
2667 2323 2777 2396 [τσ.
2813 2318 2982 2392 ἰδίων]
3024 2317 3158 2371 ἰέναι
3191 2316 3369 2385 νόμων
3390 2330 3404 2346 ο
3454 2313 3549 2366 καὶ⁵
3593 2309 3756 2363 αὑτοῦ
3808 2308 3870 2363 τὸ

2294 2423 2483 2494 χρῆμα
2516 2419 2756 2485 λέγεται,
2784 2411 2954 2466 διάτοι
2983 2410 3042 2464 τὸ
3073 2409 3202 2462 ῐδιον
3233 2402 3372 2459 εἶναι
3397 2405 3457 2458 τὸ
3486 2401 3643 2472 σῶμα
3677 2398 3867 2454 αὐτοῦ.

2296 2489 2504 2567 Ubi-ton
2566 2508 2850 2578 ἄνθρωπον
2905 2503 3003 2573 μὲν
3059 2502 3191 2570 ἡμῖν
3253 2497 3534 2568 ἀπέφηνεν
3581 2492 3743 2547 αὐτὸν
3810 2489 3873 2542 τὸ

2294 2604 2592 2674 ἀσθενῆσαι
2638 2597 2779 2653 κατὰ
2811 2595 2910 2666 τὴν
2951 2590 3318 2663 σάρκα,’Θεόν
3363 2605 3426 2656 γε
3477 2586 3602 2656 μὴν-
3625 2582 3871 2638 ἀσθενεῖν

2296 2697 2395 2750 ούκ
2436 2693 2613 2746 εἰδότα
2651 2690 2710 2742 τὸ
2747 2686 2823 2759 μὴ
2861 2681 3192 2756 ἀνασχέσθαι
3229 2680 3486 2741 θανάτου,
3538 2676 3633 2729 καὶ
3667 2675 3872 2727 ἀποσο-

2299 2788 2462 2857 6ῆσαι
2493 2785 2592 2855 τὴν
2624 2780 2831 2852 φθορὰν
2860 2776 2951 2831 τοῦ
2983 2775 3110 2828 ἰδίου
3145 2773 3414 2842 σώματος.
3453 2769 3574 2840 Ζωὴ
3604 2765 3711 2836 γάρ
3755 2767 3871 2816 ἐστι

2299 2854 2393 2931 καὶ
2433 2876 2661 2945 δύναμις
2705 2871 2799 2925 τοῦ
2828 2866 3059 2936 Πατρός.
3089 2865 3210 2917 Ὅτι
3247 2865 3353 2933 γὰρ
3397 2859 3639 2930 ἀσυνήθη
3686 2873 3745 2909 τε
3779 2854 3873 2908 καὶ

2298 2969 2618 3038 ἀνεθέλητον
2658 2959 2822 3017 οὖσαν
2852 2958 3001 3029 αύτῷ
3027 2958 3124 3028 τὴν
3151 2956 3206 3009 ἐν
3234 2973 3294 3024 γε
3329 2953 3538 3015 τούτοις
3564 2948 3870 3009 ἀσθένειαν,

2301 3060 2601 3130 ἐποιήσατο
2659 3053 2889 3124 θελητὴν
2937 3052 2994 3103 ὲν
3043 3047 3260 3118 εὐδοκία
3314 3044 3409 3098 τοῦ
3459 3042 3594 3096 6εοῦ
3637 3040 3731 3093 καὶ
3766 3039 3875 3090 Πα-

2301 3153 2448 3221 τρδς,
2477 3151 2562 3220 (vat
2595 3148 2744 3219 σώσῃ
2773 3148 2871 3216 τὴν
2907 3146 2996 3198 ὑπ’
3036 3142 3284 3213 οὐρανὸν,
3333 3137 3536 3202 διδάξει
3572 3133 3746 3201 λέγων
3773 3130 3872 3182 αὑ-

2300 3245 2420 3307 τός·
2459 3260 2478 3293 ‹
2520 3243 2644 3294 Ὀτι
2695 3237 3046 3308 καταὸἐὸηκα
3091 3235 3156 3286 ὲκ
3197 3229 3292 3284 τοῦ
3332 3224 3596 3300 ούρανοῦ,
3646 3223 3742 3290 οὐχ
3791 3222 3876 3273 ἶνα

2302 3336 2439 3389 ποιῶ
2467 3334 2528 3386 τὸ
2561 3332 2769 3401 θέλημα
2799 3329 2860 3382 τὸ
2890 3328 3042 3398 ὲμὸν,
3076 3324 3213 3380 ἀλλά
3254 3323 3315 3374 τὸ
3366 3319 3576 3388 θέλημα
3612 3313 3706 3368 τοῦ
3737 3312 3877 3382 πέμ-

2300 3424 2499 3494 ψαντός
2536 3438 2634 3493 με·
2670 3400 2753 3474 ἵνα
2798 3419 2906 3472 πᾶν
2941 3417 2968 3470 ὃ
2997 3413 3234 3476 δέδωκάς
3281 3427 3371 3481 μοι
3420 3407 3495 3478 μὴ
3534 3403 3781 3460 ἀπολέσω
3821 3400 3879 3464 ἑξ

2304 3514 2489 3577 αὑτοῦ,
2519 3513 2654 3566 ἀλλά
2695 3512 2980 3580 ἀναστήσω
3015 3505 3148 3560 αὐτὸ
3183 3506 3239 3557 ὲν
3273 3504 3339 3572 τῇ
3369 3499 3571 3569 ἐσχάτη
3610 3494 3812 3566 ἡμέρᾳ.
3854 3509 3872 3541 ι

2304 3606 2496 3661 Καίτοι
2551 3602 2700 3664 πῶς,
2753 3602 2909 3670 εἰπερ
2961 3599 3108 3650 ἐστὶν
3155 3593 3360 3662 ἀγαθὸν
3408 3590 3468 3642 τὸ
3522 3588 3734 3655 θέλημα
3785 3582 3878 3634 τοῦ

2306 3698 2539 3768 Πατρός,
2588 3693 2788 3762 ἀγαθὸν
2833 3693 2889 3744 δὲ
2934 3690 3151 3751 πάντως
3193 3686 3322 3738 ἴδιον
3368 3681 3512 3752 ἔχειν
3551 3679 3656 3758 καὶ,
3692 3675 3880 3743 ἓτερον

2307 3752 2459 3858 παρά
2491 3752 2649 3837 τοῦτό
2696 3779 2909 3852 θέλημά
2954 3794 3118 3848 φησιν
3167 3773 3358 3828 ἑαυτὸν
3401 3772 3429 3823 ό
3476 3752 3743 3833 Υἰός;Ἐί
3774 3763 3882 3831 γὰρ

2313 3852 2402 3951 μὴ⁷
2421 3879 2566 3931 ἔστιν
2595 3874 2818 3943 ἀγαθὸς,
2853 3871 2969 3934 πῶς
2996 3867 3157 3922 εἰκὼν
3186 3866 3265 3919 ἔτι
3291 3864 3383 3918 καὶ
3407 3857 3692 3933 χαρακτὴρ
3718 3852 3883 3908 αὐτοῦ

2311 3944 2656 4034 πιστεύεταις
2693 3965 2809 4028 πῶς
2836 3963 2893 4018 δὲ
2926 3959 3211 4032 ἀληθεύσει
3250 3955 3452 4022 λέγων·
3501 3970 3520 4002 ι
3570 3946 3710 4016 Ἐγὼ
3737 3944 3832 3997 καὶ
3858 3944 3886 3993 ό

2311 4063 2502 4135 Πατὴρ
2533 4063 2593 4114 ἓν
2619 4062 2818 4129 ὲσμεν;
2855 4063 2872 4106 ι
2905 4053 3030 4108 καί·
3066 4069 3084 4102 ι
3131 4050 3189 4102 '0
3218 4043 3476 4114 ἑωρακὼς
3511 4040 3630 4122 ἐμὲ,
3673 4036 3888 4108 ἑώρακε

2311 4157 2405 4210 τὸν
2430 4131 2704 4222 *Πατέρα;
2745 4169 2764 4201 ι
2800 4148 2874 4201 Οὐ
2921 4146 3030 4216 γὰρ
3061 4143 3117 4196 ἐν
3157 4158 3221 4210 γε
3265 4137 3341 4208 τῷ
3378 4136 3452 4208 μὴ
3483 4131 3694 4222 ἀγαθῷ,
3750 4145 3887 4182 κατ-

2315 4247 2552 4317 αθρήσαι
2574 4219 2656 4304 τις
2691 4241 2757 4295 ἂν
2799 4238 2889 4291 τὸν
2921 4234 3121 4304 ἀγαθὸν
3168 4229 3311 4284 κατὰ
3341 4229 3518 4296 φύσιν.
3578 4220 3739 4275 Ἀλλά
3783 4219 3889 4289 μὴν

2316 4309 2514 4407 ἀγαθὸς
2546 4337 2574 4388 ὁ
2598 4333 2745 4397 Υἰδς,
2782 4330 2840 4393 ἐξ
2883 4325 3090 4396 ἀγαθοῦ
3140 4324 3345 4392 πέφηνε
3378 4318 3471 4370 τοῦ
3520 4314 3757 4383 Πατρὺς,
3795 4309 3888 4363 καί

2317 4401 2463 4484 ἔστιν
2507 4425 2668 4480 εἰκὼν
2695 4421 3114 4492 ἀπαράλλακτος
3161 4413 3323 4468 αὑτοῦ
3366 4408 3506 4463 κατά
3538 4408 3644 4460 πᾶν
3689 4401 3890 4457 ὁτιοῦν.

2666 4516 2774 4586 ἀρα
2827 4512 3038 4582 θέλημα
3086 4505 3301 4576 παρεὶς,
3358 4502 3492 4569 ὅπερ
3539 4495 3678 4550 εἷναί
3729 4508 3893 4563 φησιν

2323 4611 2541 4673 ἑαυτοῦ,
2574 4583 2911 4678 πεπραχέναι
2949 4600 3082 4670 φησί
3113 4599 3173 4651 τὸ
3220 4594 3312 4648 τοῦ
3359 4589 3607 4659 Πατρός;
3660 4583 3894 4678 Ἔμελλε

2321 4696 2400 4775 τῷ
2441 4703 2658 4770 θανάτῳ
2687 4676 2784 4768 τῆς
2832 4696 2965 4757 ἰδίας
3007 4688 3206 4761 σαρκὸς
3253 4683 3617 4739 ἀπαλλάττειν
3662 4676 3894 4730 θανάτου

2322 4762 2446 4860 τοὺς
2475 4793 2565 4847 ὑπ’
2595 4762 2758 4846 uincti
2795 4784 3105 4855 γεγονότας,
3134 4776 3409 4831 τουτέστιν
3440 4773 3606 4842 ἡμᾶς.
3656 4767 3796 4819 Ἀλλ’
3831 4762 3899 4835 ἦν

2324 4889 2385 4941 τὸ
2414 4859 2664 4939 τεθνάναι
2700 4878 2863 4948 σαρκὶ
2911 4871 3189 4934 δυσκλεὲς,
3220 4863 3487 4936 ἀσύνηθές
3517 4879 3598 4926 τε,
3630 4860 3704 4921 ὼς
3735 4859 3906 4930 ἔφηνε

2326 4980 2419 5035 καὶ
2451 4973 2834 5046 ἀπηχθημένον
2868 4965 3033 5036 αὐτῷ.
3085 4958 3503 5030 ’Υπομεμὲνηκε
3531 4954 3588 5006 δὲ
3627 4954 3721 5003 καὶ
3742 4948 3902 5001 τοῦτο

2326 5071 2390 5123 δι’
2423 5039 2906 5140 ἡμᾶς’-ὲνῃεύδοκίᾳ
2931 5056 3024 5110 τοῦ
3056 5049 3466 5123 Πατρός.ι”ῌδει
3500 5045 3631 5114 γὰρ,
3653 5041 3771 5140 ᾔδει
3802 5039 3904 5140 καὶ

2333 5128 2477 5233 μάλά
2508 5156 2713 5226 σαφῶς,
2753 5153 2836 5205 ὅτι
2874 5128 2982 5202 τῶν
3011 5146 3112 5214 τῆς
3148 5142 3347 5214 σαρκὸς
3376 5139 3539 5190 ἕνεκα
3571 5131 3760 5185 παθῶν
3790 5128 3905 5181 ἀδοο

2332 5219 2502 5324 ὲήσας
2535 5219 2730 5320 βραχὺ,
2765 5240 3020 5297 διασώσει
3049 5237 3390 5306 σύμπαντας,
3422 5228 3514 5281 ἐπὶ
3539 5225 3600 5278 τὸ
3631 5219 3903 5290 ἀσυγκρί-

2332 5311 2438 5406 τως
2485 5311 2706 5412 saeve»
2759 5333 3036 5404 μεθιστὰς.
3079 5349 3096 5380 ι
3142 5328 3206 5379 Εἰ
3251 5341 3334 5385 τις
3384 5321 3492 5388 γὰρ
3551 5319 3608 5369 ὲν
3659 5311 3904 5412 Χριστῷ,

2334 5400 2494 5506 και-νὴ
2528 5400 2736 5492 κτίσις·
2761 5400 2838 5479 ’τά
2883 5425 3082 5494 ἀρχαῖα
3112 5414 3410 5488 παρῆλθεν,
3449 5409 3555 5462 ἰδοὺ
3601 5406 3809 5506 γέγονεΑ
3839 5400 3907 5506 τὰ

2338 5491 2513 5579 πάντά
2561 5491 2742 5585 καινά,
2787 5537 2804 5568 ι
2848 5491 2989 5568 καθά
3019 5511 3345 5580 γέγραπται.
3382 5504 3445 5554 Ai
3504 5500 3600 5570 μὲν
3643 5491 3735 5548 οὖν
3775 5492 3907 5585 ,θεό-

2339 5632 2591 5669 πνευστοι
2619 5583 2852 5680 Γραφαὶ,
2887 5602 3117 5675 Χριστὸν
3148 5601 3243 5652 ἕνα
3271 5597 3365 5648 καὶ
3394 5592 3519 5646 Υἱὸν
3568 5588 3661 5642 καὶ
3704 5583 3906 5653 Κύριον

3408 5774 3449 5804 ⁸⁷
3486 5770 3528 5825 ll
3565 5768 3689 5824 Cor.
3730 5779 3781 5829 v,
3818 5757 3904 5813 17.

2451 5796 2494 5828 ⁶⁸
2529 5792 2661 5848 Joan
2695 5805 2808 5856 τιν,
2839 5786 2926 5843 30.
3014 5782 3064 5821 ~“
3097 5779 3226 5837 ibid.
3253 5777 3306 5834 9.
