4078 6348
177 403 266 460 229
1217 394 1589 451 ADVERSUS
1626 392 2028 450 NESTORIUM
2071 391 2202 447 LIB.
2247 391 2307 445 V.

3302 388 3406 441 230

178 517 242 587 τῷ
275 516 463 588 κόσμῳ
510 516 950 587 διακηρύττουσι,
983 513 1075 566 καὶ
1106 513 1266 567 αὐτὸν
1310 509 1451 565 εἶναι
1486 530 1616 581 φασι
1643 512 1733 566 τὸν

1841 512 2046 565 satorie
2079 508 2386 578 pertulisse,
2418 520 2522 560 non
2545 512 2600 558 ut
2629 503 2902 558 nobiscum
2938 508 3240 556 remaneret
3265 518 3409 555 rnor-

176 607 262 675 τῆς
286 606 443 676 δόξης
478 607 678 677 Κύριον
702 624 716 638 ο
743 606 835 658 καὶ
868 604 965 667 τὰς
1000 605 1061 656 ὲκ
1090 603 1197 655 τῶν
1245 603 1512 656 Ἰουδαίων
1538 621 1732 671 παροι-

178 700 282 761 νίας
324 699 557 751 ἐθελοντὶ
585 700 869 768 ὑπομεῖναι
912 697 978 749 δι’
1010 697 1151 767 ἡμᾶς
1175 712 1186 724 ·
1222 694 1512 765 ἀνατλῆναι
1543 712 1599 745 τε
1640 694 1730 743 τὸν

178 792 257 843 ἐπὶ
294 791 448 854 ξύλου
484 790 709 844 θάνατον
748 787 1123 857 οἰκονομικῶς,
1160 787 1255 855 οὐχ
1289 788 1374 838 ἵνα
1417 786 1533 855 μεθ’
1576 783 1730 853 ἡμῶν

178 880 431 949 ἀπομείνῃ
472 879 679 950 νεκρὸς,
732 877 847 931 ἀλλ’
880 868 967 929 ἵνα
1010 876 1069 927 τὸ
1103 876 1235 927 πᾶσι
1266 875 1597 943 δυσάντητον
1640 870 1735 924 τοῦ

178 972 396 1025 θανάτου
430 971 736 1031 καταλύσας
769 968 989 1037 κράτος,
1026 964 1335 1035 ἀνακομίσῃ
1362 964 1495 1033 πρὸς
1522 962 1735 1031 ἀφθαρ-

180 1063 287 1114 σίαν
334 1061 430 1130 τὴν
469 1060 754 1130 ἀνθρώπου
796 1058 975 1125 φύσιν.
1024 1056 1153 1119 Θεὸς
1197 1056 1305 1123 γὰρ
1336 1052 1403 1125 ἦν
1452 1058 1507 1107 ὲν
1554 1054 1734 1122 σαρκί.

178 1151 363 1203 Οὑτοσὶ
402 1151 457 1203 δὲ
497 1150 657 1203 πάλιν
690 1148 942 1217 ἀφορμὰς
991 1146 1085 1199 τοῦ
1132 1148 1384 1216 διορίζειν
1415 1148 1492 1207 είς
1526 1146 1618 1197 δύο
1646 1145 1737 1197 τὸν

176 1242 259 1293 ἓνα
297 1242 628 1312 πανταχόθεν
659 1239 836 1308 ἑαυτῷ
870 1238 1211 1309 συναγείρειν
1250 1237 1560 1306 ἐπιχειρῶν,
1589 1236 1737 1288 ἀντι.

1834 609 1978 660 tuus,
2001 600 2117 661 sed,
2140 608 2196 650 ut
2221 611 2410 650 everso
2443 595 2534 648 illo
2562 594 2809 647 omnibus
2835 590 3230 659 inexpugnabili
3259 607 3403 643 mor-

1832 693 1898 744 tis
1919 693 2170 758 imperio,
2207 700 2454 743 naturam
2482 688 2716 743 hominis
2739 688 2803 739 ad
2827 685 3285 753 incorruptionem
3320 700 3405 739 re-

1831 792 2072 836 vocaret.
2107 781 2248 836 Deus
2283 782 2423 835 enim
2452 788 2568 833 erat
2608 779 2658 831 in
2684 790 2865 832 carne.
2902 776 3007 828 Isle
3032 789 3158 828 vero
3190 789 3400 827 rursum

1840 874 2157 928 occasiones
2184 889 2344 925 unum
2374 873 2427 925 in
2460 872 2562 925 duo
2589 868 2856 922 dividendi
2884 866 3115 933 undique
3164 864 3265 918 sibi
3289 863 3401 917 col-

1841 965 2006 1029 ligere
2043 964 2293 1025 moliens,
2327 962 2525 1016 frustra
2563 960 2647 1013 bis
2677 958 3049 1028 repugnatqui
3090 956 3219 1009 nulli
3250 965 3400 1017 sunt,

1841 1055 2101 1123 quosdam
2134 1055 2297 1108 etiam
2331 1054 2653 1107 criminatur
2684 1052 2838 1118 quasi
2895 1051 3154 1103 adversus
3207 1050 3405 1101 verita-

1843 1156 1948 1198 tem
1974 1146 2227 1210 dixerim,
2263 1154 2315 1197 et
2345 1144 2545 1199 Christi
2580 1142 2821 1197 mvsterii
2844 1142 3109 1195 rationem
3138 1138 3407 1193 adultera-

1845 1238 1969 1305 rint,
2005 1236 2185 1305 Itaque
2209 1238 2336 1290 dicit
2368 1251 2380 1285 :

176 1332 390 1403 φέρεται
438 1332 535 1401 μὲν
567 1332 689 1400 είκῆ
720 1332 831 1392 τοῖς
873 1330 971 1381 οὐκ
1000 1326 1150 1381 οὖσιν
1182 1329 1337 1392 ὅλως,
1408 1329 1683 1398 ἐπίκλημα
1712 1326 1769 1379 δὲ
1845 1327 2079 1381 ποιεῖταί
2128 1345 2269 1380 τισιν
2314 1327 2387 1390 ὼς
2425 1326 2525 1396 τῆς
2573 1325 2833 1397 ἀληθείας
2883 1325 3253 1396 κατειρηκόσι,
3308 1319 3403 1377 καὶ

177 1423 598 1491 παρασημαίνειν
632 1421 871 1474 ἐθέλουσι
908 1420 1001 1472 τοῦ
1039 1419 1337 1489 μυστηρίου
1372 1417 1461 1471 τὸν
1508 1420 1727 1489 τρόπον,
1768 1418 1859 1471 καί
1889 1434 2075 1487 φησιν·

241 1514 471 1584 [Ἡδέως
502 1514 565 1565 ἂν
595 1512 827 1565 ἐνταῦθα
855 1512 961 1567 τῶν
986 1511 1276 1581 αἱρετικῶν
1303 1510 1603 1580 ἐπυθόμην,
1625 1509 1733 1562 τῶν

176 1609 263 1678 τὴν
287 1608 384 1676 τῆς
431 1606 697 1673 θεότητος,
735 1606 828 1656 καὶ
856 1606 952 1672 τῆς
996 1602 1410 1672 ἀνθρωπότητος
1440 1601 1619 1669 φύσιν,
1657 1601 1735 1663 είς

1836 1599 1925 1667 qui
1965 1600 2261 1653 divinitatis
2302 1598 2762 1667 humanitatisque
2796 1609 3045 1652 naturam
3116 1598 3166 1650 in

1909 1508 2142 1563 Nssron.
2177 1508 2457 1579 [Libenter
2483 1508 2585 1563 hoc
2625 1507 2741 1562 loco
2778 1507 3402 1577 hzeretieosinterrogem

3241 1614 3403 1651 uuam

178 1699 294 1767 μίαν
346 1694 793 1766 κατακιρνώντων
829 1694 1036 1760 οὐσίαν,
1098 1694 1181 1756 τίς
1232 1694 1377 1745 ἐστιν
1432 1691 1661 1745 ἐνταῦθα
1709 1692 1736 1742 ὁ

1841 1691 2187 1746 commiscent
2209 1690 2520 1752 essentiam,
2549 1689 2796 1757 quisnam
2827 1689 2896 1743 sit
2925 1688 3016 1757 qui
3054 1703 3193 1743 nunc
3223 1704 3250 1741 a
3277 1704 3405 1758 pro-

176 1790 317 1859 παρὰ
366 1788 459 1840 τοῦ
508 1787 765 1859 προδότου
787 1789 898 1849 τοῖς
961 1786 1235 1847 Ἰουδαίοις
1277 1784 1731 1854 παραδιδόμενος’

1841 1780 2011 1833 ditore
2048 1778 2246 1833 Judzeis
2289 1780 2536 1832 traditur.
2576 1778 2633 1831 Si
2666 1779 2812 1831 enim
2844 1778 3124 1831 amborum
3152 1785 3233 1830 est
3269 1777 3404 1829 facta

174 1881 217 1931 εί
239 1880 343 1950 γάρ
372 1881 566 1950 κρᾶσις
596 1878 916 1948 ἀμφοτέρων
939 1876 1251 1943 γεγένηται,
1280 1874 1562 1942 ἀμφότερα
1586 1872 1734 1941 παρά

172 1969 273 2020 τῶν
325 1968 592 2021 Ἰουδαίων
623 1965 1048 2034 συγκατεσχέθη,
1078 1964 1173 2016 καὶ
1208 1965 1235 2015 ό
1263 1963 1392 2025 Θεὸς
1427 1962 1617 2031 Λόγος,
1644 1963 1736 2016 καὶ

174 2062 202 2129 ἡ
234 2061 329 2129 τῆς
369 2058 785 2128 άνθρωπότητος
827 2059 1010 2126 φύσις.
1051 2057 1145 2119 Τίς
1183 2056 1239 2109 δέ
1270 2058 1415 2108 ἐστιν
1456 2058 1483 2108 ὁ
1514 2056 1606 2108 καὶ
1638 2056 1735 2124 τὴν

173 2150 379 2220 σφαγὴν
405 2149 734 2219 ὑπομείναςς
789 2149 1193 2217 Ἀναγκάζομαι
1220 2146 1525 2217 χρήσασθαι
1554 2164 1736 2200 κατω-

171 2222 342 2310 τέροις
372 2239 568 2307 λόγοις,
604 2240 678 2301 ὡς
714 2240 846 2292 πᾶσι
876 2239 1127 2307 γενέσθαι
1156 2238 1216 2290 τὸ
1243 2238 1531 2306 λεγόμενον
1559 2236 1733 2308 δῆλον.

172 2334 301 2402 Περὶ
330 2332 448 2383 τίνα
495 2330 563 2383 τὰ
605 2332 703 2399 τῆς
732 2331 1002 2401 πράξεως,
1049 2331 1169 2383 εἰπέ
1216 2348 1325 2399 μοι,
1362 2330 1734 2399 συμϐέϐηκεν;

170 2423 228 2475 Εἰ
262 2422 359 2491 μὲν
400 2421 508 2491 γὰρ
559 2421 685 2491 περὶ
711 2421 807 2491 τὴν
837 2423 936 2489 τῆς
970 2406 1231 2491 θεότητος
1266 2422 1445 2489 φύσιν,
1474 2420 1589 2483 πῶς
1630 2422 1734 2490 ἀμ-

169 2510 369 2579 φότερα
418 2510 711 2579 συγκιρνᾷν
762 2509 1127 2579 κατατολμᾷς.
1169 2509 1278 2560 Καὶ
1321 2508 1429 2578 [ῑσ.
1464 2507 1535 2579 εἰ]
1570 2507 1740 2578 μεμέ-

170 2616 331 2669 νηκεν
365 2599 565 2674 ὁβεδς
598 2600 967 2667 ἀκατάσχετος
1007 2600 1119 2661 τοῖς
1176 2599 1469 2663 Ἰουδαίοις,
1519 2599 1613 2651 καὶ
1640 2600 1740 2668 τῆς

170 2691 384 2759 σφαγῆς
418 2690 477 2741 οὐ
526 2689 889 2759 κεκοινώνηκε
922 2692 988 2761 τῇ
1033 2690 1214 2760 σαρκὶ,
1257 2689 1437 2754 πόθεν,
1485 2690 1604 2742 είπέ
1650 2708 1740 2760 μοι

168 2781 524 2849 παρεισάγεις
559 2780 655 2850 τὴν
694 2782 891 2852 κρᾶσιν
914 2780 954 2852 ;]

776 2952 1025 3008 ΚΕΦΑΛ.
1068 2957 1141 3009 Δ’.

232 3041 294 3093 Εἰ
326 3043 427 3111 μὲν
458 3036 549 3095 οῦν
576 3042 717 3105 τινές
746 3044 883 3094 εἰσιν
900 3044 948 3094 οἱ
976 3044 1073 3112 τὴν
1108 3044 1215 3096 τῶν
1238 3045 1450 3113 φύσεων
1471 3047 1549 3109 είς
1578 3048 1742 3119 ἀλλή-

1837 1869 2158 1931 commistio,
2194 1870 2355 1924 ambo
2379 1869 2589 1922 simula
2639 1867 2839 1921 Judaeis
2866 1871 3079 1921 detenta
3135 1878 3280 1931 sunt,
3354 1878 3407 1919 et

1841 1962 1977 2015 Deus
2006 1960 2261 2025 Verbum,
2284 1970 2336 2014 et
2370 1961 2720 2014 humanitatis
2752 1970 2961 2012 natura.
2993 1958 3125 2023 Quis
3162 1974 3290 2011 vero
3323 1969 3407 2012 est

1839 2053 2035 2107 caedem
2068 2051 2497 2122 passus?Cogor
2565 2050 2944 2106 humilioribus
2983 2051 3165 2104 verbis
3194 2050 3292 2113 uti,
3351 2059 3408 2102 ut

1838 2144 2085 2197 omnibus
2114 2144 2255 2211 quod
2314 2143 2541 2196 dicimus
2565 2142 2907 2212 perspicuum
2942 2140 3053 2194 fiat.
3103 2141 3157 2195 In
3220 2156 3404 2209 quem,

1839 2251 1967 2305 rogo
1989 2247 2059 2298 te,
2096 2235 2263 2304 ipsius
2294 2243 2457 2303 gesta:
2486 2234 2570 2286 rei
2612 2232 2810 2285 cecidit
2843 2231 3018 2286 actio?
3071 2230 3126 2284 Si
3162 2232 3212 2285 in
3241 2232 3406 2300 ipsam

1839 2327 2132 2380 divinitatis
2190 2336 2455 2384 naturam,
2512 2323 2779 2392 quomodo
2829 2332 3121 2391 utrumque
3178 2322 3406 2375 commi-

1838 2431 1988 2471 scere
2019 2418 2219 2471 audes?
2248 2418 2302 2470 Si
2346 2416 2698 2469 mansitDeus
2733 2416 2802 2468 ita
2835 2422 2890 2466 ut
2918 2429 2946 2467 a
3001 2412 3199 2467 Iudaeis
3236 2414 3405 2467 teneri

1839 2523 1945 2562 non
1980 2516 2181 2577 posset,
2210 2518 2264 2561 et
2297 2507 2349 2560 in
2374 2508 2534 2562 caedis
2575 2506 2923 2576 perpessione
2974 2505 3170 2558 nullam
3222 2505 3409 2558 babuit

1838 2616 1959 2657 cum
1985 2617 2149 2657 carne
2163 2602 2496 2664 societatem,
2518 2596 3407 2668 undenam,rogo,commistiouenr

1842 2693 2051 2749 inducis
2067 2692 2108 2764 ?]

2496 2916 2645 2971 CAP.
2682 2914 2773 2972 IV.

1916 3050 1971 3105 Si
2009 3050 2099 3121 qui
2144 3058 2267 3104 sunt
2300 3049 2388 3118 qui
2420 3058 2733 3103 naturarum
2770 3047 2969 3104 factum
3008 3047 3145 3101 inter
3179 3062 3239 3101 se
3276 3063 3409 3103 con-

165 3132 259 3196 ὶας
287 3135 554 3204 ἀνάχυσιν
576 3134 902 3203 γεγενῆσθαι
933 3136 1203 3203 λέγοντες,
1231 3139 1432 3191 καὶτὸν
1456 3140 1739 3208 ἀνέφικτον

1848 3141 2117 3195 fusionem
2158 3143 2359 3204 dicant,
2394 3140 2663 3209 Verbique
2714 3150 2964 3195 naturam
3016 3140 3407 3209 impossibilem

166 3226 459 3294 ὑπομεῖναι
510 3224 742 3294 φυρμὸν,
786 3225 879 3277 καὶ
919 3225 1016 3294 τὴν
1052 3228 1131 3289 είς
1167 3226 1343 3296 σάρκα
1378 3228 1583 3296 τροπὴν
1631 3245 1735 3281 παο

166 3315 274 3367 θεῖν
312 3315 575 3368 δύνασθαι
625 3315 1009 3385 διατεινόμενοι
1060 3316 1158 3385 τὴν
1199 3318 1291 3369 τοῦ
1341 3318 1514 3385 Λόγου
1552 3318 1734 3387 φύσιν,

162 3406 328 3476 ἧγουν
358 3408 442 3468 είς
474 3406 702 3476 θεότητα
737 3406 1122 3477 μεταχωρῆσαί
1162 3424 1292 3460 ποτε
1324 3409 1420 3477 τὴν
1454 3410 1738 3461 ένωθεῖσαν

162 3496 310 3565 αὐτῷ
364 3496 568 3567 σάρκα,
618 3498 1021 3569 διημαρτήκασι
1068 3498 1355 3567 τάληθοῦς,
1398 3501 1492 3553 καὶ
1547 3501 1741 3571 φρενὸς

161 3584 264 3649 ἔξω
308 3587 597 3653 γεγονότες
627 3587 814 3657 ὀρθῆς,
854 3587 1053 3657 μᾶλλον
1092 3588 1146 3639 δὲ
1181 3587 1276 3658 τὴν
1318 3589 1542 3641 ἀπασῶν
1577 3589 1738 3657 ἐσχάο

159 3690 257 3744 την
284 3675 573 3737 νοσοῦντες
603 3676 1020 3745 έμόροντησίαν,
1046 3676 1365 3728 ἀκούσονται
1389 3676 1522 3746 πρὸς
1551 3678 1702 3745 ἡμῶν
1722 3692 1735 3706 ⁸

165 3782 182 3816 ι
221 3766 511 3821 Πλανᾶσθε
549 3766 623 3834 μὴ
659 3766 856 3827 εἰδότες
882 3765 981 3826 τάς
1011 3766 1248 3835 Γραφάς,
1285 3766 1417 3836 μηδὲ
1444 3766 1539 3836 τὴν
1583 3767 1737 3819 δύνα-

163 3872 253 3925 μιν
279 3857 379 3910 τοῦ
412 3855 569 3909 Θεοῦ.
613 3874 630 3905 ι
676 3856 1031 3926 Ἀκράδαντος
1058 3855 1166 3927 γὰρ
1210 3859 1242 3924 ἡ
1275 3855 1367 3909 τοῦ
1398 3856 1531 3909 Θεοῦ
1566 3857 1737 3925 Λόγου

159 3947 343 4013 φύσις,
384 3948 481 3998 καὶ
524 3944 732 4014 τροπῆς
782 3947 882 3997 οὐκ
927 3941 1064 3998 οἶδεν
1118 3947 1471 4015 ἀποσκίασμα
1514 3948 1733 4000 παθεῖν·

161 4036 323 4104 σαρκὶ
353 4034 415 4086 δὲ
445 4034 540 4085 καὶ
571 4033 760 4104 αἵματι
794 4034 1224 4104 κεκοινωνηκὼς,
1262 4036 1356 4088 καὶ
1389 4036 1739 4105 μετεσχηκὼς

157 4129 360 4198 ὁμοίως
385 4130 523 4197 ἡμῖν
549 4127 657 4180 τῶν
681 4127 879 4190 αὐτῶν,
908 4124 1051 4178 καθά
1078 4126 1405 4195 γέγραπται,
1434 4128 1739 4195 μεμένηκεν

157 4220 183 4271 ὁ
204 4220 392 4281 αὐτός.
418 4220 480 4272 Εἰ
504 4220 561 4271 δὲ
594 4217 836 4272 ἀπασοῦν
860 4234 944 4280 τις
971 4216 1077 4269 τῶν
1106 4220 1214 4280 τοῖς
1246 4218 1407 4287 ἱεροῖς
1438 4218 1739 4287 ἐντεθραμ-

159 4308 337 4377 μένων
378 4309 712 4379 Γράμμασιν
750 4306 1153 4377 ἀπηχθημένων
1184 4308 1293 4378 Ιτσ.
1329 4305 1737 4377 ἀπηχθημένον]

156 4404 397 4454 ποιεῖται
415 4403 498 4465 τὸ,
522 4402 624 4453 κάν
655 4399 784 4468 γοῦν
802 4399 1030 4452 ἀκοῦσαι
1061 4400 1239 4467 μόνον,
1272 4400 1363 4451 ἐπὶ
1384 4398 1475 4451 τοῦ
1500 4400 1739 4466 Μονογε-

156 4490 279 4555 νοῦς
308 4491 633 4563 πεπρᾶχθαι
661 4492 759 4562 τὴν
778 4492 1005 4562 τροπὴν,
1037 4490 1176 4543 τίτά
1193 4489 1363 4553 οὕτως
1393 4491 1613 4560 αἰσχρὰ,
1647 4491 1739 4543 καὶ
1770 4469 1815 4523 Ῑ)

158 4586 255 4655 μιᾷ
277 4588 347 4655 τῇ
392 4584 546 4654 παρά
568 4583 781 4636 πάντων
824 4584 989 4652 ψήφῳ
1026 4582 1465 4651 κατεγνωσμένα,
1489 4584 1579 4635 καὶ
1605 4583 1739 4635 ἀπό-

154 4673 331 4744 ϐλητα
363 4674 669 4738 παντελῶς,
701 4675 776 4737 ὼς
801 4674 977 4743 ἀληθῆ
1018 4674 1113 4726 καὶ
1143 4674 1402 4744 εἰρημένα
1432 4674 1736 4745 δεχόμενος,

154 4766 323 4835 πειρᾷ
351 4766 667 4834 διατέμνειν
697 4766 785 4817 τὸν
810 4765 1127 4836 ἀμέριστον,
1162 4764 1252 4816 καὶ
1282 4764 1439 4817 τοῦτο
1480 4766 1617 4833 μετά
1643 4766 1739 4835 τὴν

154 4856 388 4921 ἓνωσιν;
424 4858 493 4909 EI
521 4856 627 4926 γὰρ
649 4856 712 4925 δὴ
748 4856 887 4909 κατά
916 4856 1174 4925 ἀλήθειαν
1200 4855 1339 4908 ἕλοιο
1372 4855 1560 4925 μαθεῖν
1586 4856 1667 4918 τίς
1716 4857 1744 4908 ὁ

155 4948 305 5016 παρὰ
347 4947 450 5000 τοῦ
490 4948 746 5017 προδότου
798 4950 909 5011 τοῖς
968 4929 1238 5010 Ἰουδαίοις
1295 4949 1740 5019 παραδιδόμενος,

154 5039 246 5089 καὶ
278 5039 385 5107 τὴν
430 5036 646 5105 σφαγὴν
681 5038 994 5107 ὑπομείνας,
1038 5037 1246 5110 ἀκούσῃ
1294 5040 1512 5105 σαφῶς·
1562 5039 1618 5092 Ὀ
1661 5034 1739 5101 εἷς

152 5128 249 5179 καὶ
283 5130 455 5198 μόνος
492 5126 743 5197 Χριστὸς,
778 5128 871 5180 καὶ
900 5128 1047 5189 Υίὸς,
1083 5129 1177 5179 καὶ
1219 5128 1440 5198 Κύριος,
1473 5128 1739 5193 τουτέστι,

156 5218 372 5289 μορφὴν
400 5218 597 5271 δούλου
623 5216 802 5270 λαϐὼν
834 5220 861 5271 ό
893 5220 956 5270 ὲκ
992 5217 1126 5269 Θεοῦ
1160 5219 1350 5286 Λόγος,
1388 5218 1739 5289 ὲνανθρωπὴ-

155 5327 252 5373 σας
285 5327 348 5362 τε
402 5310 506 5362 κα)⁸
548 5309 985 5377 σεσαρκωμένος.
1029 5309 1281 5379 Πέπρατο
1318 5310 1415 5379 μὲν
1445 5309 1553 5379 γὰρ
1592 5310 1741 5380 παρά

152 5398 247 5451 τοῦ
294 5399 572 5470 προδότου
603 5401 712 5460 τοῖς
768 5399 1037 5452 Ἰουδαίων
1084 5398 1416 5469 καθηγηταῖς
1438 5416 1449 5427 ·
1482 5400 1575 5452 καὶ
1603 5416 1741 5467 ’κατ-

152 5490 332 5561 εἱχετο
373 5489 482 5559 μὲν
524 5487 896 5560 ἀνθρωπίνως,
950 5490 1030 5541 ὅτι
1058 5491 1148 5543 καὶ
1185 5491 1469 5560 ἄνθρωπος
1502 5486 1567 5559 ἦν
1600 5491 1737 5559 μετὰ

152 5581 243 5634 τοῦ
276 5584 469 5652 μεῖναι
501 5582 661 5644 θεός·
698 5581 894 5651 ἤλεγχε
922 5581 976 5633 δὲ
1024 5580 1219 5645 θεῖκῶς
1247 5582 1353 5634 τῶν
1399 5582 1734 5650 κατεχόντων

224 5758 269 5790 ⁸⁸
293 5754 502 5811 Matth.
543 5769 680 5822 xx",
712 5754 800 5821 29,
879 5756 922 5787 "
951 5754 1065 5808 Jac.
1103 5773 1139 5818 ι,
1174 5755 1257 5807 I7.
1336 5758 1379 5787 ⁷ο
1416 5756 1578 5811 Hebr.
1612 5772 1672 5819 ιι,
1716 5755 1800 5809 II.

1841 3230 2163 3284 sustinuisse
2185 3231 2513 3293 mistionem,
2546 3241 2598 3284 et
2641 3233 2692 3283 in
2752 3246 2968 3284 carnem
3018 3232 3280 3285 demutari
3308 3250 3409 3302 po-

1843 3320 2008 3372 tuisse
2026 3319 2373 3383 contendant,
2406 3319 2486 3373 vel
2518 3320 2721 3372 unitam
2752 3320 2824 3372 illi
2859 3334 3074 3373 carnem
3112 3323 3324 3376 tandem
3357 3324 3408 3377 iu

1841 3413 2173 3465 divinitatem
2257 3412 2535 3476 transisse,
2604 3412 2637 3465 ii
2692 3412 2948 3466 aberrant
3020 3426 3049 3465 a
3100 3426 3250 3474 vero,
3282 3422 3338 3466 et
3380 3428 3407 3464 a

1842 3514 1990 3556 recto
2031 3515 2188 3556 sensu
2242 3501 2397 3570 longe
2433 3502 2645 3567 remoti,
2698 3503 2806 3556 imo
2853 3518 2978 3554 vero
3042 3512 3280 3555 extrema
3317 3502 3411 3555 de-

1842 3594 2040 3646 mentia
2090 3592 2418 3658 laborantes,
2476 3592 2699 3646 audiant
2764 3607 2792 3644 a
2838 3592 3038 3645 nobis:
3104 3612 3122 3642 ι
3164 3593 3399 3659 Erratis,

1841 3682 2141 3735 nescientes
2190 3681 2523 3749 Seriptnras,
2599 3696 2771 3749 neque
2821 3682 3071 3735 virtutem
3134 3683 3225 3736 Dei
3264 3683 3330 3736 ".
3387 3704 3405 3735 ι

1840 3767 2160 3823 Inconcussa
2230 3778 2310 3823 est
2368 3771 2510 3823 enim
2570 3770 2659 3823 illa
2718 3770 2812 3825 Dei
2880 3769 3041 3825 Verbi
3101 3781 3312 3837 natura,
3358 3785 3410 3827 et

1840 3860 2228 3915 vicissitudinis
2270 3861 2739 3915 obumbrationem
2815 3863 2922 3932 pati
2977 3865 3152 3918 nescit
3202 3864 3285 3915 ":
3316 3867 3413 3919 sed

1846 3953 1998 4021 133
2050 3967 2166 4005 cum
2226 3952 2373 4004 carni
2428 3961 2480 4005 et
2528 3954 2773 4022 sanguini
2832 3954 3317 4021 comniuuicasset,
3357 3967 3416 4009 et

1840 4043 2153 4097 eorumdem
2189 4042 2443 4096 similiter
2470 4057 2535 4097 ac
2566 4058 2663 4097 nos
2694 4045 2963 4113 particeps
2993 4056 3137 4100 esset
3163 4046 3407 4109 eﬂ'ectus,

1842 4142 1901 4185 ut
1930 4132 2186 4198 scriptum
2227 4144 2307 4186 est
2334 4133 2404 4196 7°,
2447 4133 2644 4186 mansit
2680 4134 2842 4187 idem.
2894 4134 3045 4200 Quod
3087 4136 3135 4189 si
3184 4137 3410 4205 quisque

1842 4224 1895 4276 in
1926 4221 2096 4275 sacris
2141 4220 2360 4276 Litteris
2399 4222 2656 4277 educatus
2686 4224 2839 4277 nefas
2880 4234 3031 4293 putat
3066 4225 3149 4279 vel
3188 4229 3409 4282 auribus

1844 4320 2048 4365 tantum
2095 4313 2359 4380 accipere,
2412 4314 2462 4366 in
2506 4314 2593 4367 illo
2652 4314 2935 4384 Unigeuito
2994 4316 3155 4369 ullam
3209 4316 3406 4371 factam

1843 4419 1963 4458 esse
2014 4406 2387 4469 mutationem,
2444 4422 2541 4459 cur
2595 4416 2699 4460 tam
2757 4418 2939 4476 turpes
2994 4411 3312 4475 sententias,
3354 4422 3410 4465 ct

1845 4496 2004 4549 unico
2043 4496 2110 4547 ab
2149 4496 2402 4549 omnibus
2458 4496 2715 4566 suffragio
2762 4497 3044 4551 damnatas
3088 4510 3134 4551 el
3188 4502 3411 4555 omnino

1846 4584 2099 4651 reiectas,
2138 4595 2388 4653 tanquam
2437 4602 2590 4641 veras
2623 4603 2684 4641 ac
2733 4587 2968 4655 prolatas
3016 4590 3314 4658 accipiens,
3352 4595 3412 4644 il-

1844 4675 1955 4728 lum
2006 4676 2384 4742 impartibilem
2442 4678 2681 4733 dividere
2745 4679 2905 4731 etiam
2964 4690 3084 4748 post
3162 4680 3409 4735 unionem

1847 4766 2104 4819 conaris?
2150 4765 2277 4821 Nam
2323 4768 2366 4820 si
2417 4782 2544 4821 vere
2598 4769 2809 4822 discere
2860 4771 3045 4837 cupias
3079 4772 3329 4837 quisnam
3382 4789 3409 4825 a

1846 4855 2121 4923 proditore
2146 4854 2348 4911 Judzeis
2400 4859 2627 4911 traditus
2673 4858 2853 4923 fuerit,
2902 4869 2957 4911 et
3001 4862 3201 4913 caedem
3248 4863 3413 4916 susti-

1848 4946 2048 5009 nuerit,
2081 4943 2228 5000 clare
2260 4948 2479 5000 audies:
2509 4946 2601 5000 Ille
2628 4963 2765 5001 unus
2797 4960 2847 5001 et
2882 4948 3027 5002 solus
3061 4947 3330 5017 Christus,
3358 4963 3411 5006 ct

1845 5035 2033 5098 Filius,
2067 5046 2123 5090 et
2153 5037 2431 5104 Dominus,
2472 5040 2573 5092 hoe
2610 5048 2729 5104 est,
2766 5039 2891 5092 illud
2937 5055 3001 5091 ex
3040 5040 3146 5093 Deo
3176 5040 3407 5096 Verbum

1845 5127 1986 5193 quod
2016 5128 2158 5180 servi
2190 5128 2413 5181 formam
2465 5129 2693 5195 accepit,
2732 5139 2785 5182 et
2819 5130 2976 5183 bomo
3007 5130 3202 5184 factum
3250 5141 3333 5185 est
3359 5144 3413 5187 et

1850 5217 2207 5270 incarnatum.
2241 5217 2497 5272 Venditus
2525 5231 2605 5273 est
2650 5220 2792 5273 enim
2823 5236 2851 5272 a
2884 5222 3155 5289 proditore
3183 5225 3411 5279 ducibus

1844 5306 2149 5362 Judzeorum
2181 5319 2233 5362 et
2261 5311 2491 5363 humana
2529 5309 2833 5364 conditione
2862 5312 3143 5365 tenebatur
3169 5315 3406 5382 quidem,

1846 5416 1968 5453 nam
1997 5410 2051 5454 et
2080 5400 2240 5454 homo
2276 5412 2389 5454 erat
2429 5402 2500 5455 ita
2534 5409 2593 5455 ut
2631 5402 2785 5455 simul
2820 5412 3060 5456 maneret
3096 5402 3237 5459 Deus
3269 5423 3283 5458 :
3313 5410 3407 5461 sed

1847 5500 2021 5543 tamen
2052 5504 2115 5544 ex
2165 5492 2342 5547 divina
2387 5492 2698 5547 conditione
2736 5495 2980 5561 coarguit
3021 5509 3206 5548 eorum
3253 5496 3405 5549 intir-

1844 5581 2082 5635 mitatem
2115 5597 2143 5636 a
2196 5582 2387 5651 quibus
2441 5583 2740 5637 tenebatur.
2793 5584 2957 5653 quue
3005 5585 3157 5640 nobis
3197 5587 3403 5659 perspi-
