4078 6348
654 402 752 459 95!

1682 400 1741 451 S.
1782 393 2057 452 CYRILLI
2099 394 2563 450 ALEXANDIHNI
2606 392 2923 450 ARCHIEP.

3799 396 3908 451 252

654 531 817 571 cuum
852 514 980 569 facit
1028 515 1217 569 beatus
1245 515 1577 585 evangelista
1610 513 1846 569 Joannes
1877 515 1969 583 qui
2006 514 2059 568 in
2095 514 2243 567 hunc

2351 513 2501 570 ιύτὸν
2547 513 2645 585 τὴν
2697 513 2995 566 ἀσθένειαν.
3053 511 3162 565 Καὶ
3204 510 3361 564 τοῦτο
3412 512 3541 582 ἡμῖν
3589 510 3911 582 καθίστησιν

657 610 874 665 modum
919 607 1174 676 scripsit:
1220 626 1237 658 ι
1272 604 1437 661 Judas
1479 623 1607 676 ergo
1635 623 1757 661 cum
1802 606 2100 674 accepisset
2143 620 2231 658 co-

657 703 891 760 hortem.
934 708 987 754 et
1039 714 1067 751 a
1117 700 1463 767 pontiﬁcibus
1506 709 1560 754 et
1606 699 1893 753 Pharisaeis
1936 698 2233 760 ministros,

658 792 805 846 venit
843 790 969 844 illuc
999 805 1120 843 cum
1154 789 1376 845 laternis
1424 798 1478 843 et
1526 789 1733 843 facibus
1767 799 1819 843 et
1854 791 2040 842 armis.
2084 787 2238 841 Jesus

656 893 787 948 ergo
832 880 1009 932 sciens
1042 880 1219 932 omnia
1254 893 1371 948 qua:
1412 888 1635 931 ventura
1671 888 1830 931 erant
1883 892 2043 947 super
2080 891 2234 940 eum,

660 972 923 1039 processit
972 980 1024 1023 et
1064 971 1199 1022 dixit
1244 971 1360 1023 eis:
1407 968 1579 1035 Quem
1620 969 1902 1037 quaeritis?
1949 968 2238 1036 respOnde-

663 1070 788 1113 runt
824 1062 870 1112 ei
904 1075 918 1109 :
953 1058 1135 1112 .lesum
1184 1057 1546 1112 Nazarenam.
1597 1058 1739 1112 Dicit
1775 1060 1853 1113 eis
1883 1057 2076 1113 Jesus:
2128 1058 2239 1127 Ego

662 1163 805 1204 Sum.
843 1148 1031 1205 Stabat
1066 1161 1119 1205 et
1146 1148 1317 1203 Judas
1350 1150 1439 1218 qui
1475 1151 1720 1204 tradebat
1750 1166 1893 1214 eum,
1935 1165 2055 1204 cum
2082 1150 2234 1218 ipsis.

664 1240 735 1297 Ut
759 1257 888 1310 ergo
926 1242 1063 1296 dixit
1092 1243 1193 1301 eis,
1231 1240 1337 1309 Ego
1375 1256 1513 1304 sum,
1552 1242 1799 1295 abierunt
1832 1252 2151 1304 retrorsum,
2185 1248 2240 1293 et

663 1333 978 1389 ceciderunt
1008 1331 1062 1385 lu
1104 1341 1306 1386 terram
1329 1332 1397 1389 ".
1435 1350 1453 1382 ι
1484 1333 1652 1385 Audis
1684 1340 1744 1386 ut
1780 1332 2034 1385 collectos
2064 1347 2093 1384 a
2124 1344 2241 1399 pro-

662 1424 838 1477 ditore
888 1421 1087 1476 milites
1122 1424 1385 1478 adversus
1427 1438 1578 1476 suam
1632 1422 1857 1490 gloriam
1905 1422 2086 1476 extolli
2134 1437 2238 1475 non

664 1516 830 1570 sinat.
859 1512 991 1568 Nam
1023 1529 1082 1569 se
1117 1515 1288 1584 ipsum
1317 1514 1530 1579 obtulit,
1560 1514 1745 1568 dicens
1779 1531 1791 1567 :
1832 1530 1850 1564 ι
1896 1513 2003 1583 Ego
2032 1528 2182 1578 sum;
2216 1531 2236 1565 ι

665 1606 745 1661 illi
776 1621 905 1660 vero
939 1608 1006 1660 ad
1038 1606 1205 1661 solam
1246 1606 1363 1674 ejus
1396 1621 1584 1661 vocem
1629 1606 1815 1661 fractis
1853 1607 2058 1661 viribus
2087 1606 2237 1660 abie-

666 1708 793 1753 runt
835 1710 1156 1753 retrorsum.
1198 1697 1312 1752 Non
1362 1698 1526 1753 fuisse
1571 1709 1750 1751 autem
1803 1712 1985 1752 eorum
2033 1698 2239 1752 viribus

666 1789 915 1843 eﬂ'ectum
945 1802 1002 1844 ut
1032 1805 1154 1843 eum
1187 1799 1451 1853 tenerent,
1493 1793 1585 1844 sed
1618 1805 1737 1844 cum
1774 1797 1981 1857 tempus
2015 1797 2068 1842 et
2102 1803 2237 1858 opus

2334 606 2561 673 ἐναργὲς
2611 608 2638 656 6
2686 604 2970 666 θεσπέσιος
3037 602 3426 672 εὐαγγελιστὴς
3494 602 3762 673 Ἰωάννης,
3814 602 3913 656 ὡδὶ

2336 694 2625 764 γεγραφώς
2651 711 2663 723 ·
2706 714 2724 745 ι
2772 696 2830 746 '0
2856 689 2947 746 οὖν
2980 692 3177 761 Ἰούδας
3200 691 3379 745 λαϐὼν
3404 691 3502 762 τὴν
3537 695 3784 762 σπεῖραν,
3817 695 3913 745 καὶ

2338 788 2402 837 ἐκ
2426 784 2535 837 τῶν
2564 785 2885 854 ἀρχιερέων,
2920 786 3015 837 καὶ
3054 786 3116 849 ὲκ
3144 783 3251 835 τῶν
3275 782 3581 854 Φαρισαίων
3608 784 3910 854 ὑπηρέτας.

2339 876 2559 946 ἔρχεται
2586 876 2704 927 ἐκεῖ
2739 875 2877 944 μετά
2908 874 3091 943 φανῶν
3126 875 3217 926 καὶ
3247 873 3544 943 λαμπάδων
3580 874 3673 927 καὶ⁵
3709 875 3909 926 ὅπλων.

2349 964 2559 1034 Ἰησοῦς
2588 963 2811 1026 δὲείδὼς
2832 964 3011 1016 πάντα
3041 963 3110 1015 τὰ
3142 964 3414 1032 ἐρχόμενα
3467 965 3553 1016 ἐπ’
3603 964 3786 1026 αὑτὸν,
3820 962 3913 1027 ἒξ·-

2334 1051 2683 1113 ελθὼν,εῐπεν
2698 1054 2897 1118 αὐτοῖς·
2916 1054 3047 1107 Τίνα
3068 1054 3279 1125 ζητεῖτε
3297 1071 3311 1119 ;
3330 1054 3731 1125 Ἀπεκρίθησαν
3744 1054 3912 1123 αὐτῷ·

2352 1148 2556 1217 Ἰησοῦν
2577 1148 2667 1200 τὸν
2693 1147 3028 1218 Ναζωραῖον.
3057 1148 3217 1215 Λέγει
3254 1150 3431 1209 ιστοῖς
3466 1140 3739 1217 όἹησοῦςο
3772 1146 3915 1213 Ἑγὼ

2337 1240 2472 1307 εἰμι.
2510 1239 2767 1307 Εἰστήκει
2809 1238 2903 1291 καὶ
2950 1236 3144 1300 Ἰούδας
3177 1240 3205 1291 6
3249 1236 3569 1306 παραδιδοὺς
3596 1235 3758 1289 αὐτὸν
3796 1235 3915 1303 μετ’

2338 1326 2539 1382 αὐτῶν.
2574 1328 2658 1389 Ὠς
2693 1323 2785 1380 οὖν
2815 1322 2968 1380 εἶπεν
2994 1327 3197 1391 αὐτοῖς,
3224 1326 3303 1379 ὅτι
3330 1325 3472 1393 Ἐγώ
3504 1328 3637 1396 είμι,
3672 1324 3916 1395 ἀπῆλθον

2338 1419 2416 1479 είς
2450 1418 2517 1469 τὰ
2568 1418 2759 1481 ὀπίσω,
2805 1419 2897 1469 καὶ
2936 1416 3129 1469 ἔπεσον
3172 1417 3364 1487 χαμαί.
3403 1434 3426 1468 ι
3473 1415 3733 1479 Ἀκούεις,
3766 1418 3917 1479 ὅπως

2340 1508 2872 1579 κατασοϐαρεύεσθαι
2928 1508 3025 1577 μὲν
3067 1507 3170 1576 τῆς
3212 1506 3343 1578 παρ’
3396 1506 3543 1576 αὑτῷ
3593 1506 3772 1576 δόξης,
3813 1508 3917 1559 οὐκ

2340 1602 2402 1669 ὲᾷ
2428 1600 2551 1662 τοὺς
2578 1600 2727 1671 παρά
2753 1598 2845 1651 τοῦ
2879 1598 3137 1666 προδότου
3172 1597 3615 1665 συνειλεγμένους
3640 1614 3653 1627 ·
3684 1614 3918 1668 προσκε-

2340 1689 2536 1757 κόμικε
2588 1688 2687 1756 μὲν
2733 1688 2838 1759 γὰρ
2871 1686 3082 1749 ἑαυτὸν,
3118 1685 3198 1750 τὸ,
3236 1704 3254 1736 ι
3310 1685 3447 1753 Ἐγώ
3476 1687 3590 1755 είμι
3637 1704 3657 1737 ι
3699 1686 3913 1752 λέγων·

2342 1779 2390 1831 oi
2416 1778 2472 1830 δὲ
2501 1779 2593 1831 καὶ
2630 1777 2765 1846 πρὸς
2796 1778 2961 1847 μόνην
2992 1777 3347 1845 ἀτονήσαντες
3379 1776 3476 1847 τὴν
3504 1776 3706 1846 φωνὴν,
3740 1777 3917 1848 ἀπῆλο

666 1880 770 1933 fuit
798 1890 1025 1934 mortem
1058 1890 1248 1949 sponte
1282 1894 1377 1949 pro
1419 1881 1577 1936 nobis
1613 1880 1918 1942 admisisse,
1950 1878 2241 1934 conﬁrma-

2351 1869 2431 1922 Βον
2468 1870 2547 1931 είς
2589 1866 2658 1920 τὰ
2686 1868 2879 1922 ὀπίσω.
2921 1885 2940 1918 ι
2978 1867 3099 1919 Ὅτι
3138 1867 3195 1920 δὲ
3226 1866 3346 1936 οὐχὶ
3381 1865 3482 1936 τῆς
3514 1868 3690 1922 αὐτῶν
3734 1869 3918 1938 ίσχύος

666 1969 745 2022 vit
782 1968 1011 2022 dicens:
1073 1986 1092 2018 ‹
1133 1967 1414 2037 Tanquam
1464 1969 1528 2021 ad
1576 1967 1837 2020 latronem
1885 1967 2073 2019 existis
2119 1980 2240 2017 cum

667 2058 859 2126 gladiis
897 2067 952 2112 et
1020 2057 1254 2113 fustibus
1300 2057 1757 2127 comprehendere
1807 2069 1937 2108 me:
2008 2053 2244 2121 quotidie

669 2152 722 2202 in
755 2149 950 2219 templo
1003 2149 1252 2204 sedebam
1301 2150 1524 2210 docens,
1569 2157 1624 2201 et
1671 2162 1775 2200 non
1835 2161 1920 2200 me
1971 2145 2240 2201 tenuistis.

671 2241 784 2296 Hoc
816 2251 993 2294 autem
1030 2250 1198 2294 totum
1240 2240 1439 2293 factum
1484 2249 1565 2295 est
1597 2248 1655 2293 ut
1704 2238 2055 2309 implerentur
2096 2237 2246 2292 Scri-

669 2340 840 2401 ptura:
868 2332 1253 2401 prephetarum
1281 2332 1347 2383 ".
1389 2349 1408 2383 ι
1450 2330 1599 2396 Quod
1626 2330 1767 2383 enim
1818 2328 1940 2382 olim
1981 2328 2243 2398 praedixe-

672 2432 759 2476 rat
791 2436 884 2491 per
915 2421 1210 2491 prophetas
1242 2430 1458 2474 sanctos
1480 2460 1496 2484 ,
1532 2422 1632 2472 hoc
1667 2418 1903 2486 implevit
1936 2432 2056 2472 cum
2088 2430 2145 2470 se
2179 2416 2241 2469 ad

670 2512 1091 2567 exinanitionem
1123 2509 1317 2578 deiecit
1350 2510 1437 2563 ille
1460 2509 1550 2576 qui
1594 2522 1756 2576 supra
1785 2522 1997 2559 onmem
2035 2515 2245 2560 creatu-

674 2618 790 2659 ram
826 2611 968 2663 erat,
1004 2611 1057 2655 et
1090 2601 1276 2655 habitu
1310 2600 1560 2654 inventus
1594 2609 1678 2653 est
1712 2606 1768 2650 ut
1812 2598 1993 2662 homo,
2023 2595 2112 2649 ille
2154 2595 2244 2662 qui

673 2694 729 2749 in
760 2693 929 2746 forma
961 2701 1081 2745 erat
1108 2701 1161 2745 et
1195 2690 1504 2759 aequalitate
1533 2688 1711 2741 Patris
1732 2687 1796 2740 ⁷³.
1828 2685 1939 2740 Cur
1965 2698 2094 2755 ergo
2123 2685 2249 2738 sim-

675 2783 960 2853 pliciorum
996 2779 1153 2851 134
1189 2782 1411 2833 auribus
1437 2779 1707 2832 mistionis
1742 2791 1935 2831 nomen
1958 2775 2248 2829 obtrudere

677 2872 926 2933 moliens,
978 2869 1296 2923 miraculum
1354 2867 1524 2921 violas
1584 2867 1726 2921 illius
1766 2882 1884 2919 cum
1922 2880 2084 2919 carne
2131 2865 2242 2919 dis-

679 2960 1052 3033 pensationis?
1095 2974 1269 3027 neque
1318 2960 1460 3013 enim
1505 2958 1693 3011 attinet
1726 2958 1919 3010 acerbe
1963 2964 2018 3009 et
2062 2970 2250 3024 aspere

676 3056 732 3110 in
784 3054 1017 3109 medium
1071 3053 1452 3121 irrumpentem
1529 3049 1730 3111 dicere,
1770 3045 1908 3099 Num
1942 3047 2113 3115 ipsum
2159 3046 2247 3100 Dei

681 3147 914 3202 Verbum
954 3146 1228 3199 detentum
1265 3142 1387 3195 est?
1436 3156 1560 3194 num
1605 3139 1803 3193 caedem
1836 3152 2087 3206 perpessa
2134 3138 2247 3205 ipsa

677 3235 976 3291 divinitatis
1001 3231 1235 3287 natura?
1269 3231 1553 3285 Enimvero
1603 3243 1706 3281 non
1738 3244 1802 3280 ex
1835 3227 2000 3281 nimia
2036 3227 2249 3294 imperi-

681 3329 752 3383 tia
780 3339 830 3383 te
864 3329 977 3381 haec
1011 3326 1215 3390 dicere,
1241 3324 1367 3377 hinc
1392 3321 1587 3386 disces,
1652 3329 1706 3373 et
1729 3321 1943 3388 quidem
1974 3318 2245 3371 facillime.

679 3419 1091 3473 Consummatos
1120 3427 1238 3468 esse
1270 3413 1497 3466 dicimus
1529 3421 1744 3464 sanctos
1776 3420 2058 3480 martyres,
2096 3423 2251 3478 para-

684 3523 768 3568 tos
792 3512 970 3565 omnia
1014 3510 1190 3578 potius
1240 3506 1466 3575 perpeti,
1498 3516 1556 3559 ut
1594 3507 1793 3560 bonum
1822 3514 2095 3559 certamen
2132 3517 2251 3557 cer-

682 3613 892 3665 tantes,
938 3614 1152 3653 cursum
1208 3605 1683 3659 consunnnantes,
1744 3594 1903 3647 ﬁdem
1945 3600 2249 3653 servantes,

683 3697 914 3751 debitam
968 3695 1191 3747 sincera:
1246 3692 1298 3743 in
1349 3689 1627 3744 Christum
1672 3688 1943 3741 dilectioni
1996 3694 2250 3741 coronam

682 3796 1142 3855 consequerentur
1170 3784 1235 3836 ".
1272 3782 1327 3834 Si
1356 3782 1477 3850 quis
1504 3782 1666 3849 igitur
1700 3781 1922 3848 prodeat
1959 3789 2012 3834 et
2051 3785 2202 3848 roget
2237 3793 2249 3828 :

683 3879 818 3933 Cum
866 3888 1173 3930 sanctorum
1234 3886 1458 3941 corpora
1515 3871 1655 3924 ferro
1710 3870 2105 3933 lacerabantur,
2163 3876 2255 3920 aut

682 3967 1141 4022 consumebantur
1175 3964 1304 4032 igni,
1336 3972 1433 4014 aut
1468 3977 1587 4013 cum
1626 3960 1856 4029 primum
1904 3959 2256 4012 trudebantur

684 4061 1057 4119 incarcerem,
1104 4070 1227 4107 num
1267 4053 1426 4107 simul
1473 4067 1597 4105 cum
1639 4051 1952 4118 corporibus
1986 4049 2257 4103 constrin.

687 4151 953 4220 gebantur
1005 4145 1243 4199 animae?
1294 4160 1416 4197 num
1467 4145 1629 4196 etiam
1684 4142 1785 4195 illae
1836 4141 1944 4210 igni
2000 4155 2062 4194 ac
2113 4138 2257 4193 ferro

684 4238 1155 4296 conﬁciebantur?
1218 4249 1365 4291 certe
1418 4236 1649 4290 dicimus
1694 4248 1788 4289 eas
1846 4250 1877 4286 a
1939 4232 2258 4301 corporibus

687 4334 891 4387 alienas
936 4331 1125 4395 fuisse,
1177 4340 1300 4383 eum
1347 4328 1481 4382 nihil
1528 4326 1792 4396 ejuSmodi
1852 4326 2167 4395 iujuriarmn
2205 4325 2257 4381 in

687 4441 840 4483 suam
872 4425 1208 4493 susciperent
1253 4420 1677 4475 naturam.Num
1712 4420 1893 4487 igitur,
1923 4432 2126 4485 qureso,
2160 4418 2260 4471 hac

2342 1962 2501 2033 ἔργον
2530 1958 2596 2032 ἦν
2620 1962 2681 2014 τὸ
2728 1963 3023 2030 κατασχεῖν
3052 1960 3232 2025 αὐτὸν,
3264 1960 3377 2013 ἀλλ’
3408 1960 3483 2024 ὡς
3529 1963 3587 2013 ὲν
3612 1963 3789 2033 καιρῷ
3823 1962 3919 2015 καὶ

2342 2053 2503 2123 χρείᾳ
2532 2053 2624 2105 τὸν
2657 2052 2797 2121 ὑπὲρ
2836 2051 2989 2122 ἡμῶν
3035 2051 3261 2105 θάνατον
3291 2052 3525 2105 ἐποιεῖτο
3555 2051 3915 2122 παραδεκτδν,

2343 2143 2800 2213 πεπληροφόρηκε
2830 2142 3035 2210 λέγων’
3082 2161 3100 2194 ι
3160 2142 3248 2206 Ὠς
3296 2142 3388 2193 ἐπὶ
3429 2141 3629 2215 λῃστὴν
3663 2140 3918 2212 ἐξήλθετε

2347 2232 2485 2303 μετά
2518 2231 2800 2302 μαχαιρῶν
2845 2234 2938 2285 καὶ
2971 2231 3141 2295 ξύλων
3172 2231 3449 2285 συλλαὸεἰν
3482 2250 3548 2302 με
3568 2248 3583 2263 ⁸
3629 2232 3751 2285 καθ’
3782 2234 3921 2303 ὴμέ-

2348 2336 2444 2391 ραν
2475 2322 2531 2373 ὲν
2567 2321 2641 2391 τῷ
2671 2320 2799 2392 ἱερῷ
2827 2321 3164 2393 ἐκαθεζόμην
3187 2321 3470 2387 διδάσκων,
3502 2324 3597 2376 καὶ
3624 2322 3724 2375 ούκ
3752 2323 3921 2393 ἔκρα-

2343 2413 2543 2483 τήσατέ
2581 2430 2668 2483 με.
2722 2409 2891 2465 Τοῦτο
2928 2413 2985 2465 δὲ
3025 2414 3144 2466 ὅλον
3177 2415 3396 2483 γέγονεν
3429 2414 3514 2467 ἵνα
3556 2413 3921 2485 πληρωθῶσιν

2345 2507 2401 2557 αἱ
2444 2506 2656 2576 Γραφαὶ
2692 2505 2799 2559 τῶν
2852 2506 3159 2575 προφητῶν.
3198 2525 3216 2557 ι
3264 2507 3328 2559 "O
3373 2506 3481 2573 γὰρ
3520 2506 3685 2559 πάλαι
3732 2506 3923 2575 προεί-

2350 2612 2481 2664 ρηκε
2518 2595 2605 2646 διὰ
2634 2597 2926 2666 προφητῶν
2959 2597 3148 2664 ἁγίων,
3183 2596 3341 2650 τοῦτο
3370 2596 3697 2667 πεπλήρωκε
3730 2596 3922 2659 καθεὶς

2346 2684 2534 2736 ἑαυτὸν
2585 2686 2663 2746 είς
2707 2686 2935 2739 κένωσιν
2983 2688 3012 2739 6
3059 2688 3199 2756 ὑπὲρ
3235 2688 3413 2742 πᾶσαν
3446 2688 3543 2757 τὴν
3579 2685 3797 2751 κτίσιν,
3826 2686 3923 2738 καὶ

2352 2777 2589 2844 σχήματι
2641 2776 2881 2847 εὑρεθεὶς
2933 2778 3007 2841 ὡς
3058 2778 3360 2847 ἄνθρωπος,
3410 2780 3438 2831 6
3474 2780 3530 2832 ὲν
3584 2782 3766 2849 μορφῇ
3827 2779 3923 2829 καὶ

2353 2864 2557 2933 ἰσότητι
2618 2864 2710 2916 τοῦ
2752 2866 2983 2936 Πατρός.
3071 2866 3317 2920 Ἀνθότου
3377 2867 3441 2937 δὴ
3494 2863 3586 2920 οὖν
3639 2871 3759 2930 ταῖς
3810 2866 3923 2921 τῶν

2349 2955 2731 3026 ἁπλουστέρων
2756 2957 2967 3019 ἀκοαῖς,
3001 2958 3061 3009 τὸ
3094 2959 3190 3027 τῆς
3224 2960 3470 3030 κράσεως
3500 2959 3667 3029 δνομα
3694 2975 3925 3030 παρεισ-

2353 3045 2557 3113 κρίνειν
2614 3048 2943 3117 ἐπιχειρῶν,
3001 3048 3099 3117 τῆς
3159 3051 3293 3118 μετά
3348 3050 3546 3118 σαρκὸς
3614 3050 3927 3119 οἰκονομίας

2352 3137 2553 3198 ἀδικεῖς
2596 3138 2657 3189 τὸ
2700 3137 2915 3208 θαῦμα;
2957 3142 3014 3192 οὺ
3048 3141 3156 3210 γάρ
3187 3158 3266 3193 τοι
3316 3142 3582 3211 προσήκει
3618 3142 3830 3212 πικρῶς
3866 3159 3926 3194 τε

2354 3230 2448 3281 καὶ
2481 3229 2704 3299 ἀπηνῶς
2737 3230 2815 3291 είς
2861 3232 3023 3299 μέσον
3064 3234 3199 3284 ίέναι
3246 3232 3472 3299 λέγοντα
3493 3249 3507 3261 ·
3542 3228 3689 3302 Ἀρα
3732 3233 3761 3282 6
3791 3232 3929 3296 Θεὸς

2351 3320 2520 3386 Λόγος
2550 3319 2847 3388 κατεσχέθη
2874 3338 2887 3385 ;
2922 3316 3031 3386 ἆρα
3062 3321 3159 3390 τὴν
3193 3321 3407 3392 σφαγὴν
3441 3321 3734 3392 ὑπέμεινεν
3762 3325 3795 3395 ή
3827 3325 3929 3394 τῆς

2353 3408 2605 3477 θεότητος
2654 3409 2847 3476 φύσις;
2902 3411 3025 3462 ’Ὁτι
3084 3412 3183 3463 ούκ
3238 3411 3345 3481 [10.
3382 3412 3501 3464 ’Ότι
3553 3411 3630 3483 δὲ]
3669 3413 3727 3479 ἐξ
3764 3415 3929 3485 ἀκρι-

2353 3497 2479 3561 6οὖς
2514 3498 2749 3568 ἀμαθίας
2784 3500 2849 3552 τὰ
2881 3501 3055 3552 τοιάδε
3095 3503 3221 3570 φὴς,
3258 3502 3503 3556 ἐντεῦθεν
3539 3504 3661 3574 εἴσῃ
3697 3521 3780 3556 τοι
3832 3508 3929 3559 καὶ

2358 3588 2501 3657 μάλα
2522 3588 2734 3659 ῥᾳδίως.
2770 3589 3159 3643 Τετελειῶσθαί
3193 3609 3369 3661 φαμεν
3398 3595 3523 3657 τοὺς
3553 3594 3745 3662 ἁγίους
3777 3595 3931 3667 μάρο

2353 3695 2556 3749 τυρας,
2622 3681 2795 3734 πάντα
2848 3682 3037 3735 παθεῖν
3087 3684 3412 3753 ἑλομένους,
3469 3686 3555 3738 ἵνα
3607 3687 3695 3739 τὸν
3763 3690 3932 3741 καλὸν

2356 3770 2541 3838 ἀγῶνα
2586 3773 3005 3841 ἀγωνισάμενοι,
3055 3775 3144 3825 τὸν
3198 3776 3395 3844 δρόμον
3437 3776 3775 3841 τελέσαντες,
3832 3780 3932 3846 τὴν

2357 3864 2535 3915 πίστιν
2560 3867 2916 3934 τηρήσαντες,
2948 3866 3040 3919 τὸν
3069 3866 3169 3934 τῆς
3203 3869 3283 3931 εἰς
3319 3869 3551 3939 Χριστὸν
3573 3871 3932 3941 γνησιότητος

2356 3955 2724 4025 ἀναδήσωνται
2758 3956 3036 4026 στέφανον.
3073 3954 3197 4029 Ἆρ’
3230 3955 3322 4013 οὖν
3356 3960 3408 4012 εί
3436 3978 3517 4023 τις
3552 3960 3726 4031 ἔροιτο
3758 3979 3933 4033 προσγ

2363 4048 2455 4101 ιών
2483 4064 2498 4078 ⁵
2536 4050 2661 4102 Ὅτε
2708 4050 2776 4102 τὰ
2824 4050 2930 4102 τῶν
2978 4050 3148 4119 ἀγίων
3183 4051 3409 4122 σώματα
3444 4052 3641 4124 σιδήρῳ
3677 4055 3935 4119 κατεξαί-

2358 4154 2528 4204 νοντο,
2566 4140 2732 4209 ἤγουν
2774 4140 3134 4211 δεδαπάνηντο
3168 4144 3317 4212 πυρὶ,
3362 4142 3393 4212 ἢ
3429 4145 3519 4196 καὶ
3557 4145 3636 4196 δτι
3675 4140 3786 4214 [10.
3820 4144 3933 4215 ὅτε]

2359 4235 2456 4304 τὴν
2500 4234 2672 4303 ἀρχὴν
2722 4232 2995 4302 δεσμῶται
3038 4234 3341 4301 γεγόνασιν,
3390 4230 3499 4305 ἄρα
3547 4237 3659 4296 τοῖς
3711 4239 3934 4305 σώμασι

2364 4323 2865 4393 συγκατείρχθησαν
2894 4323 2950 4375 al
2988 4322 3189 4392 ψυχαί;
3223 4321 3332 4393 ἆρα
3360 4324 3611 4392 γεγόνασι
3647 4328 3742 4378 καὶ
3773 4322 3935 4381 αὗται

2363 4415 2530 4485 πυρὸς
2559 4415 2715 4484 ἔργον
2750 4416 2842 4467 καὶ
2876 4414 3090 4483 ξίφους;
3135 4417 3311 4469 καίτοι
3344 4417 3520 4486 φαμὲν
3551 4418 3720 4481 αὐτὲις
3754 4420 3935 4474 ἀπαλ-

688 4522 752 4573 de
779 4532 938 4573 causa
980 4526 1227 4581 expertes
1259 4524 1418 4565 erunt
1442 4524 1783 4571 coronarum,
1815 4509 1938 4575 quia
1967 4522 2248 4576 corporum

2361 4507 2647 4559 λάττεσθαι
2681 4508 2789 4558 τῶν
2822 4509 3106 4576 σωμάτων,
3132 4508 3240 4559 τῶν
3270 4508 3524 4561 τοιούτων
3553 4510 3746 4563 αίκιῶν
3782 4512 3935 4564 οὐδὲν

684 4612 947 4680 supplicia
981 4622 1086 4661 neu
1124 4618 1251 4659 sunt
1277 4603 1587 4674 perpessae?
1620 4602 1780 4670 Atqui
1812 4600 2119 4669 praedicittio
2157 4613 2243 4652 ve-

691 4704 865 4758 ritatis
898 4717 1001 4755 non
1040 4714 1136 4753 eas
1166 4698 1403 4751 excludit
1448 4711 1475 4748 a
1508 4695 1775 4764 passione,
1808 4708 1931 4747 cum
1978 4707 2070 4745 sua
2110 4693 2257 4760 ipso-

687 4812 806 4850 rum
845 4805 1068 4860 corpora
1102 4791 1212 4843 sint
1248 4803 1427 4855 passa,
1464 4802 1567 4841 non
1610 4785 1859 4838 aliorum.
1917 4784 2147 4836 Stultum
2176 4790 2262 4837 est

691 4882 853 4950 igitur
892 4878 1131 4931 studiose
1174 4874 1504 4943 percontari,
1544 4888 1669 4925 num
1722 4870 2023 4925 divinitatis
2070 4881 2259 4922 natura

694 4988 793 5025 sua
824 4984 944 5023 cum
983 4981 1145 5021 carne
1188 4967 1260 5018 sit
1300 4965 1518 5028 tradita,
1552 4970 1643 5015 aut
1678 4964 1854 5015 vincta
1896 4961 2119 5014 nexibus
2167 4958 2259 5013 Ju-

690 5066 952 5123 ιίςῐὌΓυιΙι,
1001 5069 1094 5111 aut
1132 5061 1334 5111 caulem
1384 5055 1551 5125 ipsam
1598 5067 1900 5122 perpessa:
1938 5051 2031 5106 sed
2080 5053 2261 5121 pietati

694 5153 872 5221 potius
921 5155 1177 5205 convenit
1221 5150 1490 5217 cegitare,
1539 5145 1773 5201 Verbum
1832 5147 2006 5214 ipsum
2045 5146 2265 5197 omnino

694 5245 797 5299 sibi
825 5244 1039 5311 quidem
1094 5252 1346 5310 tanquam
1394 5240 1637 5309 pmprias
1678 5238 1953 5290 vindicare
1988 5237 2265 5305 passiones

695 5349 816 5403 qua:
850 5334 998 5387 carni
1036 5334 1369 5395 acciderunt,
1399 5332 1493 5384 sed
1536 5329 1797 5383 mansisse
1843 5340 2021 5382 tamen
2065 5330 2264 5397 impas-

696 5428 850 5482 sibile
885 5436 1136 5493 tanquam
1176 5428 1362 5490 Deum,
1406 5434 1655 5477 caeterum
1697 5423 1835 5476 haud
1884 5424 1999 5475 sine
2029 5422 2266 5490 patiente

694 5532 943 5585 corpore.
975 5516 1071 5570 Hic
1105 5532 1229 5571 vero
1272 5517 1432 5569 rebus
1487 5524 1635 5567 tanta
1687 5528 1805 5565 cum
1863 5513 2264 5581 dispensatione

696 5609 882 5678 gestis,
941 5609 1290 5663 absurditatis
1357 5608 1561 5662 crimen
1619 5606 1880 5667 inurens,
1938 5612 1988 5654 et
2046 5617 2262 5655 sursum

774 5793 815 5823 “
845 5790 1005 5847 Joan.
1033 5804 1185 5854 xviii,
1213 5790 1324 5844 5-6.
1402 5790 1446 5821 ⁷³
1479 5788 1663 5843 Matth.
1702 5802 1847 5855 xxvr,
1872 5785 2061 5841 55.56.
2141 5783 2184 5815 ⁷³
2220 5782 2449 5852 Philipp.
2490 5798 2549 5849 ιι,
2583 5783 2696 5837 6-8.

2358 4603 2437 4663 είς
2486 4599 2619 4653 ἰδίαν
2670 4598 3043 4669 ὐπομενούσας
3079 4600 3258 4667 φύσιν.
3309 4595 3432 4671 'Ap’
3478 4597 3591 4667 οὖν,
3645 4602 3769 4654 εἰπέ
3821 4620 3933 4671 μοι,

2359 4689 2562 4758 ταύτης
2610 4688 2771 4741 ἓνεκα
2817 4690 2915 4759 τῆς
2965 4690 3139 4751 αἰτίας
3190 4689 3443 4759 ἀμέτοχοι
3490 4689 3598 4742 τῶν
3649 4692 3933 4759 magiva

2362 4780 2469 4835 εἷεν
2518 4781 2603 4846 ἂν,
2634 4782 2715 4833 ὅτι
2766 4782 2838 4851 μὴ
2892 4782 3188 4836 πεπόνθασι
3231 4782 3297 4834 τὰ
3329 4782 3556 4852 σώματα
3586 4781 3694 4853 [10.
3743 4783 3930 4852 σώμαι

2362 4871 2505 4942 tog];
2548 4871 2687 4923 Ἀλλ’
2713 4872 2742 4923 ὃ
2772 4885 2834 4939 γε
2861 4872 2957 4940 τῆς
2982 4870 3236 4938 ἀληθείας
3261 4871 3435 4938 λόγος,
3465 4872 3562 4923 οὐκ
3596 4872 3701 4937 ἔξω
3748 4873 3932 4941 τίθησι

2361 4961 2454 5013 τοῦ
2489 4960 2678 5013 παθεῖν
2726 4959 2921 5020 αὐτούς
2954 4959 3065 5031 [10.
3107 4959 3330 5032 αὑτάς]’
3370 4960 3669 5013 πεπόνθασι
3700 4961 3811 5031 γὰρ
3870 4962 3938 5014 τὰ

2364 5050 2564 5132 αὐτῶν,
2610 5052 2703 5103 καὶ
2751 5048 2811 5101 ού
2860 5050 2927 5101 τὰ
2976 5051 3175 5120 ἐτέρων
3210 5051 3475 5119 σωμάτων
3511 5048 3618 5121 [10.
3659 5049 3934 5123 σώματα].

2378 5141 2609 5211 Ἀμαθὲς
2631 5136 2721 5194 οὖν
2751 5141 2857 5211 ἄρα
2886 5141 2946 5193 τὸ
2971 5140 3422 5194 διαπυνθάνεσθαι
3454 5142 3648 5209 φιλεῖν,
3682 5143 3731 5193 εἰ
3761 5158 3939 5211 παρα-

2367 5235 2572 5288 δέδοται
2628 5234 2767 5303 μετὰ
2812 5234 2911 5301 τῆς
2966 5234 3164 5304 σαρκὸς
3215 5234 3248 5303 ἡ
3306 5235 3403 5304 τῆς
3452 5234 3705 5305 θεότητος
3754 5234 3938 5303 φύσις,

2367 5328 2534 5397 ῆγουν
2564 5325 2819 5395 ὲνεσχέθη
2850 5328 2959 5389 τοῖς
3002 5325 3266 5379 Ἰουδαίων
3298 5326 3528 5395 βρόχοις,
3561 5327 3593 5396 ἢ
3629 5328 3725 5385 καὶ¹
3771 5328 3940 5393 αὐτὴν

2367 5417 2623 5486 ὑπέμεινε
2653 5417 2750 5485 τὴν
2790 5417 3005 5487 σφαγήν
3031 5433 3042 5444 ·
3097 5416 3315 5479 εὐσεῦὲς
3366 5418 3425 5469 δὲ
3463 5418 3663 5487 μᾶλλον
3715 5420 3938 5479 ἐννοεῖν,

2365 5512 2445 5562 ὅτι
2475 5512 2711 5579 πάντητε
2746 5513 2837 5563 καὶ
2871 5514 3085 5574 πάντως
3118 5512 3455 5565 οἰκειώσεται
3490 5514 3586 5582 μὲν
3616 5514 3641 5564 6
3671 5514 3845 5583 Λόγος
3877 5517 3942 5566 ri

2366 5606 2431 5671 τῇ
2491 5602 2592 5672 ἰδίᾳ
2658 5604 2816 5671 σαρκὶ
2873 5602 3252 5672 συμϐεϐηκότα
3309 5603 3491 5672 πάθη·
3550 5604 3831 5675 μεμένηκε
3888 5603 3947 5659 δὲ

2774 5784 2815 5814 ⁷⁸
2845 5786 2883 5838 ιι
2923 5782 3159 5839 Timoth.
3200 5800 3268 5851 iv,
3309 5785 3360 5854 7,
3405 5785 3455 5840 8.
