4078 6348
182 383 274 438 233
1230 379 1594 434 ADVERSUS
1634 378 1792 432 NES'i

1793 377 2033 434 fORIUM
2078 380 2207 432 [ΑΒ.
2247 381 2313 435 ν.
3296 382 3403 438 234

184 492 383 561 ἀπαθὴς
414 492 490 554 ὡς
534 491 682 557 Θεὸς,
714 492 851 562 πλὴν
878 492 976 544 οὒκ
1016 491 1121 557 ἔξω
1164 491 1257 544 τοῦ
1287 492 1582 561 πάσχοντος
1623 490 1728 543 σώ-
1763 497 1794 552 Λ

1789 511 1805 552 ι
1837 491 2086 545 deorsum
2122 491 2421 556 inculcans,
2456 506 2558 545 non
2591 506 2711 546 esse
2744 507 2771 544 a
2794 505 3058 561 quoquam
3091 494 3399 557 dicendum,

184 600 357 652 ματος.
394 582 563 645 Αὐτὸς
591 582 645 635 δέ
674 582 741 636 τά
767 582 938 645 οὕτως
966 582 1318 652 οἰκονομικῶς
1366 581 1727 652 πεπραγμένα

1840 581 2139 635 divinitatis
2194 588 2443 636 naturam
2491 597 2610 636 esse
2660 586 2859 639 easdem
2908 598 3237 653 perpessam,
3295 586 3400 640 vim

179 675 279 733 τοῖς
328 673 425 741 τῆς
477 672 705 735 ἀτοπίας
759 673 1097 742 ἐγκλήμασιν
1142 672 1322 734 ἐνιεὶς,
1375 671 1486 723 ἂνω
1528 688 1587 722 τε
1639 672 1731 723 καὶ

1836 671 1970 725 tanti
2019 671 2263 741 mysterii
2324 672 2377 726 in
2437 672 2707 727 hominem
2782 675 3007 730 seorsim
3070 689 3134 730 ac
3188 678 3402 746 preprie

179 763 318 815 κάτω
356 762 552 829 λέγων,
590 764 663 833 μὴ
700 763 764 832 δὴ
796 764 991 834 χρῆναι
1024 762 1157 830 πρός
1182 779 1324 823 τινος
1353 762 1451 830 τήν
1479 761 1577 830 τῆς
1603 759 1733 813 Θεό-

1833 777 2042 816 summa
2074 778 2195 817 cum
2230 762 2505 833 impietate
2550 765 2774 835 redigit,
2811 767 3093 837 ipsumque
3120 767 3252 822 dicit
3282 782 3400 824 esse

177 868 325 920 τητος
358 850 517 917 φύσιν
552 852 839 921 ὑπομεῖναι
868 852 1120 920 λέγεσθαι
1158 852 1255 921 τὴν
1302 852 1530 921 σφαγὴν,
1583 868 1737 921 περι-

1834 851 2173 919 crucifixum,
2206 863 2260 908 et
2280 854 2370 923 qui
2402 862 2629 909 mortem
2655 870 2751 924 pro
2781 857 2966 909 mundi
3018 857 3128 910 vita
3168 855 3399 925 pertule-

178 942 379 1011 ίστησιν
430 941 656 1005 ἀνοσίως
694 944 773 1005 είς
820 944 1103 1013 ἄνθρωπον
1156 941 1337 1005 ίδικῶς
1383 942 1475 993 τοῦ
1531 958 1729 1010 μυστηο

1837 942 1926 996 rit.
1955 943 2133 998 Audio
2164 960 2399 1015 namque
2433 944 2579 999 illum
2620 961 2805 1000 rursus
2836 947 2888 1001 in
2926 946 3029 1001 alia
3062 946 3400 1016 expositione

176 1031 281 1103 ρίου
315 1029 412 1099 τήν
456 1030 716 1100 δύναμινο
750 1033 844 1085 καὶ
870 1032 1027 1085 αὑτὸν
1064 1027 1202 1084 εἷναί
1248 1047 1379 1101 φησι
1407 1030 1497 1082 τὸν
1541 1032 1734 1082 ἐσταυ-
1834 1032 2053 1087 dicere:

174 1124 428 1194 ρωμὲνον,
458 1126 549 1177 καὶ
582 1128 670 1179 τὸν
707 1126 845 1196 ὑπὲρ
866 1127 966 1196 τῆς
1008 1127 1100 1180 τοῦ
1131 1127 1336 1196 κόσμου
1374 1127 1519 1195 ζωῆς
1547 1124 1851 1178 ἀνατλάντα
1881 1124 2123 1183 θάνατον.
2172 1130 2378 1183 Ἀκούω
2414 1130 2521 1201 γὰρ
2559 1130 2827 1198 λέγοντος,
2862 1130 2919 1181 ὲν
2947 1130 3202 1201 ἐξηγήσει
3239 1128 3400 1183 πάλιν

172 1218 329 1287 ἑτέρᾳ
345 1236 359 1249 ·

233 1308 423 1385 [Οὗτος
483 1316 512 1365 ὁ
558 1314 646 1367 τὸν
696 1314 982 1368 ἀκάνθινον
1027 1315 1381 1386 περιθέμενος
1430 1317 1727 1384 στέφανον·

1904 1309 2140 1368 Nssron.
2168 1311 2292 1385 [Hic
2322 1312 2443 1379 ille,
2470 1314 2553 1368 cui
2584 1313 2767 1383 spinea
2795 1327 2993 1368 corona
3020 1309 3396 1379 circumposita

168 1398 310 1467 οὗτος
337 1407 365 1457 ό
392 1404 603 1473 λέγων’
648 1425 665 1454 ι
702 1404 802 1457 Θεέ
842 1424 968 1474 μου,
993 1406 1095 1459 Θεέ
1130 1424 1252 1475 μου,
1301 1408 1386 1459 ἵνα
1433 1407 1482 1458 τί
1529 1424 1593 1475 με
1639 1410 1731 1472 ἐγ-

1834 1403 1955 1464 ίυίι,
1992 1403 2078 1457 Itic
2109 1403 2195 1457 ille
2236 1406 2326 1472 qui
2372 1404 2547 1457 dixit:
2587 1423 2605 1454 ι
2657 1405 2795 1459 Deus
2831 1418 3018 1466 meus,
3051 1402 3191 1457 Deus
3224 1415 3395 1459 meus,

167 1495 478 1561 κατέλιπεςς
539 1514 557 1545 ι
622 1491 774 1559 οὗτος
836 1499 864 1549 ό
920 1498 1217 1567 τριήμερον
1291 1497 1545 1565 τελευτὴν
1602 1498 1731 1548 ὑπο-

1834 1503 1894 1545 ιιι
1929 1494 2055 1561 qnid
2084 1509 2168 1547 me
2196 1494 2526 1563 tlereliquisti
2546 1495 2567 1547 ?
2588 1496 2665 1545 ⁷⁵»
2702 1496 2789 1549 hic
2819 1495 2908 1549 ille
2926 1495 3018 1563 qui
3052 1499 3278 1548 mortem
3308 1490 3400 1543 tri-

169 1585 389 1657 μείνας.]

1835 1588 2072 1635 duanam
2098 1582 2395 1656 sustinuit.]

751 1722 999 1775 ΚΕΦᾹΛ.
1052 1723 1127 1777 Ε⁹.

2484 1715 2636 1771 CAP.
2682 1718 2747 1771 V.

236 1848 533 1918 Ἒπόμενος
592 1853 690 1920 μὲν
742 1849 835 1906 οὖν
886 1855 1048 1917 αὐτὸς
1095 1854 1173 1923 τῷ
1228 1855 1343 1925 ἰδίῳ
1393 1859 1611 1925 σκοπῷ,
1660 1862 1727 1912 τά
1762 1874 1801 1926 Β

1785 1876 1801 1925 ι
1901 1845 2019 1914 ipse
2044 1848 2257 1916 quidem
2299 1864 2452 1903 suum
2491 1858 2706 1905 secutus
2738 1851 3067 1919 propositum
3096 1850 3210 1905 haec
3234 1850 3395 1913 dicit;

159 1940 326 1992 τοιάδε
389 1943 588 2007 φησίν’
654 1945 813 2010 ἡμεῖς
863 1944 918 1994 δέ
970 1942 1117 2011 αὐτῷ
1167 1945 1471 2015 σοφώτερον
1522 1965 1577 1998 τε
1638 1953 1727 2001 καὶ

1830 1945 1885 1988 at
1958 1952 2053 1991 nos
2115 1938 2188 1991 illi
2253 1940 2553 2006 sapientius
2614 1955 2677 1993 ac
2748 1942 2927 1994 verius
2993 1939 3394 1995 Emmanuelem

160 2029 512 2099 ἀληθέστερον
584 2030 922 2101 ἐπιδείξομεν
991 2033 1087 2084 τὸν
1181 2035 1560 2107 Ἐμμανουήλ,
1638 2042 1728 2091 τὸν

1830 2030 2195 2093 ostendemus,
2230 2030 2411 2082 mundi
2443 2030 2606 2083 totius
2635 2030 2957 2085 salvatorem
2997 2046 3059 2085 ac
3092 2032 3397 2101 redempto-

159 2116 244 2169 τοῦ
292 2118 497 2186 κόσμου
546 2120 747 2184 παντὸς
797 2123 1017 2191 σωτῆρα
1057 2123 1147 2176 καὶ
1183 2125 1481 2195 λυτρωτήν.
1530 2128 1724 2197 Γέγονε

1832 2134 1966 2173 rem.
1998 2119 2233 2174 Verbum
2282 2119 2438 2190 135
2478 2122 2657 2183 enim,
2707 2129 2765 2173 ut
2804 2120 2916 2188 jam
2963 2136 3103 2190 saape
3139 2122 3393 2187 diximus,

159 2209 281 2278 γὰρ,
300 2210 376 2271 ὼς
400 2209 499 2277 ἤδη
526 2210 841 2273 πλειστάκις
872 2215 1115 2282 εἴπομεν,
1139 2214 1273 2285 σάρξ
1303 2218 1329 2267 ό
1358 2218 1548 2284 Λόγος,
1570 2220 1727 2287 σῶμα

1829 2223 1956 2261 caro
1996 2208 2194 2261 factum
2226 2220 2327 2272 est,
2362 2224 2596 2278 cumque
2647 2224 2845 2279 corpus
2876 2213 3150 2281 proprium
3184 2211 3396 2268 eﬂ'eciso

160 2294 280 2368 Ῐτε]
310 2298 440 2349 ίδιον
504 2299 906 2367 ποιησάμενος,
955 2300 1015 2352 τὸ
1064 2301 1288 2369 πάσχειν
1342 2303 1501 2365 είδὸς,
1539 2306 1723 2365 αἰκίας

1829 2307 1909 2351 set
1940 2298 2081 2365 quod
2113 2308 2294 2366 posset
2325 2298 2551 2368 injurias
2586 2314 2648 2353 ac
2686 2309 2914 2354 mortem
2960 2303 3089 2369 pati,
3136 2302 3264 2356 illud
3298 2317 3395 2373 pro

157 2402 211 2437 τε
238 2389 330 2439 καὶ
363 2387 613 2451 Θάνατον,
647 2387 876 2441 δέδωκεν
908 2390 1044 2459 ὑπὲρ
1075 2391 1229 2458 ήμῶν
1252 2391 1402 2455 αὐτὸ,
1440 2394 1550 2455 καὶ,
1581 2393 1723 2445 καθά

1829 2388 1983 2441 nobis
2013 2388 2179 2452 dedit,
2209 2398 2285 2455 et,
2312 2398 2369 2442 ut
2396 2389 2469 2442 ait
2492 2390 2681 2443 beatus
2714 2388 2931 2456 Paulus,
2967 2406 3183 2447 crucem
3228 2396 3394 2447 susti-

159 2495 318 2548 φησιν
348 2480 377 2529 ὁ
407 2478 690 2542 θεσπέσιος
716 2479 946 2542 Παῦλος,
982 2482 1240 2549 ὑπέμεινε
1272 2481 1503 2551 σταυρὸν
1536 2482 1723 2551 αίσχύ-

1828 2476 1945 2529 nuit
1978 2475 2291 2531 confusione
2320 2487 2622 2547 contempta
2645 2479 2709 2533 ".
2738 2480 2873 2544 Quid
2899 2481 3083 2534 enim?
3105 2497 3211 2536 non
3236 2483 3395 2536 dede-

159 2585 250 2637 νης
284 2570 728 2638 καταφρονήσας.
757 2570 826 2620 Ἦ
859 2570 967 2637 γὰρ
1000 2569 1099 2622 οὐκ
1137 2569 1389 2640 αίσχύνη,
1422 2573 1516 2624 καὶ
1562 2574 1721 2625 οἱονεί

1827 2581 1920 2620 cus
1950 2576 2053 2630 est,
2087 2576 2143 2621 et
2174 2570 2414 2637 qumdam
2450 2584 2617 2638 prope
2647 2569 2895 2625 confusio
2928 2572 3003 2625 illi
3040 2572 3392 2641 omnipotenti

156 2675 233 2720 τις
264 2658 506 2729 ἐντροπὴ
538 2658 617 2726 τῷ
649 2658 940 2711 πανσθενεῖ
967 2662 1060 2713 καὶ
1094 2660 1341 2731 ζωοποιῷ
1362 2704 1375 2728 ,
1410 2665 1502 2715 καὶ
1536 2665 1723 2717 παθῶν

1826 2668 1879 2711 et
1908 2657 2219 2721 vivificanli,
2256 2666 2310 2711 et
2348 2666 2595 2711 naturam
2643 2658 2865 2713 habenti
2900 2670 3158 2715 remotam
3201 2677 3229 2713 a
3273 2677 3396 2731 pas-

160 2750 411 2803 ἐπέκεινα
446 2750 662 2819 λαχόντι
685 2749 780 2819 τὴν
813 2751 993 2817 φύσιν,
1018 2752 1077 2805 τὸ
1106 2753 1162 2819 ἐξ
1196 2754 1541 2825 ἀνθρωπίνης
1564 2757 1721 2809 ἀσθε-

1825 2750 2087 2813 εἰοιιῑιιυε,
2129 2763 2192 2801 ex
2224 2749 2457 2801 humana
2495 2748 2809 2804 infirmitate
2845 2751 3018 2818 putari
3053 2750 3391 2810 crucifixum.

156 2842 298 2904 νείας
328 2840 715 2910 σταυρωθῆναι
755 2841 950 2905 δοκεῖν,
985 2846 1080 2895 καὶ
1124 2846 1180 2895 ἐν
1221 2845 1436 2913 θανάτῳ
1468 2847 1719 2913 γενέσθαι

1824 2848 1877 2893 et
1926 2849 2152 2893 mortem
2193 2841 2489 2892 secundum
2537 2855 2751 2896 carnem
2812 2843 3166 2911 perpessum?
3211 2841 3394 2912 Itaque

158 2931 292 2983 κατά
335 2931 435 2999 τὴν
471 2931 676 3000 σάρκα;
733 2934 843 2984 Καὶ
894 2933 1023 3000 γοῦν
1064 2934 1091 2984 ὁ
1126 2935 1286 2997 αὐτὸς
1321 2937 1421 2987 πού
1458 2954 1590 3005 φησι
1631 2938 1718 2990 διὰ

1824 2930 1935 2996 ipse
1963 2929 2118 2998 plane
2145 2928 2273 2983 dicit
2302 2944 2395 2998 per
2439 2944 2621 2985 vocem
2656 2932 2808 2985 Isaiae
2837 2948 2850 2982 :
2893 2950 2911 2982 ι
2947 2932 3171 2986 Dorsum
3213 2947 3391 2985 meum

156 3022 334 3090 φωνῆς
374 3022 599 3075 Ἡσαΐου
620 3040 632 3052 ·
674 3043 689 3071 ι
726 3024 828 3075 Τὸν
859 3024 1024 3076 νῶτόν
1056 3040 1157 3092 μου
1188 3025 1395 3079 δέδωκα
1424 3029 1503 3089 είς
1527 3028 1718 3096 μάστι-

1825 3019 1944 3071 dedi
1978 3020 2028 3071 in
2055 3016 2289 3086 ﬂagella,
2320 3025 2372 3070 et
2393 3019 2641 3072 maxillas
2678 3034 2825 3072 meas
2853 3018 2919 3072 ad
2945 3017 3125 3087 alapas
3154 3036 3166 3071 :
3198 3017 3390 3071 faciem

154 3123 287 3175 γας,
318 3109 421 3172 τὰς
468 3110 523 3161 δέ
578 3110 832 3176 σιαγόνας
882 3129 982 3179 μου
1024 3113 1102 3171 είς
1159 3113 1506 3182 ῥαπίσματα·
1559 3115 1619 3166 τὸ
1671 3116 1721 3167 δέ

1825 3118 2001 3161 autem
2027 3122 2201 3160 meam
2232 3121 2337 3159 non
2368 3107 2536 3161 averti
2562 3123 2590 3160 a
2620 3107 2931 3163 confusione
2959 3116 3237 3177 sputorum
3264 3106 3333 3159 ν’.
3366 3124 3384 3155 ι

154 3200 441 3269 πρόσωπόν
478 3215 578 3267 μου
625 3200 724 3250 οὐκ
774 3202 1103 3270 άπέστρεψα
1150 3204 1255 3253 ἀπὸ
1305 3204 1564 3271 αἰσχύνης
1619 3207 1764 3272 ἐμοί

1779 3206 1791 3264 ζ
1826 3199 1889 3251 Et
1919 3199 2109 3251 iterum
2138 3212 2150 3247 :
2191 3215 2209 3247 ι
2251 3197 2373 3252 Ideo
2407 3214 2510 3252 non
2544 3214 2660 3252 sum
2692 3198 2943 3254 confusus
2964 3237 2980 3263 ,
3012 3199 3103 3253 sed
3131 3199 3279 3267 posui
3312 3199 3389 3251 fa-

154 3290 504 3357 πτυσμάτων.
535 3308 552 3338 ι
577 3289 681 3340 Καὶ
709 3289 887 3341 πάλιν·
921 3311 936 3341 ι
964 3293 1059 3343 Διὰ
1088 3292 1239 3345 τοῦτο
1266 3294 1363 3344 οὐκ
1394 3294 1715 3362 ἐνετράπην,

1822 3290 1959 3341 ciem
1992 3303 2161 3341 meam
2196 3298 2251 3339 ut
2284 3289 2469 3341 duram
2515 3298 2745 3356 petram,
2770 3298 2825 3343 et
2853 3290 3075 3357 cognovi
3106 3290 3247 3359 quod
3283 3304 3389 3343 non

153 3376 260 3428 ἀλλ’
306 3377 481 3444 ἔθηκα
531 3376 592 3427 τὸ
636 3379 927 3446 πρόσωπόν
984 3368 1084 3446 μου
1118 3380 1192 3442 ὡς
1228 3381 1452 3448 στερεὰν
1486 3382 1715 3452 πέτραν,

1823 3382 2141 3446 confundor,
2197 3382 2319 3450 quia
2367 3396 2531 3451 prope
2583 3392 2666 3436 est
2708 3382 2797 3452 qui
2836 3380 3094 3449 justitlcat
3145 3384 3310 3437 me".
3365 3401 3383 3433 ι

154 3468 241 3518 καὶ
287 3466 460 3533 ἔγνων
504 3467 584 3518 ὅτι
627 3469 687 3520 οὐ
738 3469 811 3539 μὴ
859 3470 1235 3537 καταισχυνθῶ
1261 3511 1274 3533 ,
1329 3472 1407 3524 ὅτι
1447 3473 1654 3539 ἐγγίζει
1691 3475 1719 3525 ό

1822 3474 1952 3527 Nam
1979 3475 2118 3542 quod
2155 3476 2348 3525 attinet
2380 3474 2445 3525 ad
2481 3475 2757 3541 gentilium
2796 3475 3145 3542 atque‘etiam
3179 3472 3389 3529 Judaeu-

150 3556 447 3621 δικαιώσας
504 3576 590 3628 με.
630 3577 647 3609 ι
685 3560 849 3611 Ὅσον
898 3561 997 3629 μὲν
1040 3562 1146 3629 γὰρ
1195 3557 1330 3632 ἧκεν
1387 3564 1465 3625 εἷς
1513 3580 1575 3628 γε
1622 3564 1718 3626 τὰς

1826 3581 1939 3619 rum
1993 3566 2209 3633 impiam
2255 3566 2487 3629 turbam,
2523 3567 2835 3619 scandalum
2875 3567 3033 3620 simul
3078 3576 3131 3621 et
3164 3568 3387 3621 stultitia

163 3646 448 3719 Ἑλλήνων,
476 3650 566 3701 καὶ
589 3650 773 3717 μέντοι
812 3651 901 3702 καὶ
938 3652 1205 3702 Ἰουδαίων
1237 3652 1457 3715 ἀνοσίας
1496 3654 1714 3721 ἀγέλας,

1821 3655 2186 3707 existimatum
2222 3666 2304 3708 est
2330 3655 2535 3709 Christi
2571 3659 2907 3725 mysterium.
2954 3655 3207 3711 Derident
3234 3672 3385 3710 nam-

156 3740 445 3791 σκάνδαλόν
470 3757 525 3791 τε
548 3739 681 3809 ὁμοῦ
720 3742 809 3793 καὶ
846 3741 1023 3811 μωρία
1057 3742 1363 3810 νενόμισται
1394 3743 1454 3795 τὸ
1480 3744 1716 3813 Χριστοῦ

1821 3757 1925 3811 que
1960 3743 2139 3797 miseri
2170 3744 2530 3797 venerandam
2568 3759 2822 3807 crucem;
2864 3744 2955 3797 sed
2995 3744 3110 3813 ejus
3154 3743 3383 3797 infirmi-

154 3833 454 3901 μυστήριον
476 3846 487 3858 °
524 3831 917 3901 καταμειδιῶσι
942 3832 1049 3901 γὰρ
1077 3833 1125 3883 οἱ
1152 3831 1379 3895 τάλανες
1407 3831 1500 3885 τοῦ
1534 3834 1715 3902 τιμίου

1820 3834 1974 3901 tatis,
2012 3846 2068 3887 ut
2103 3836 2202 3903 ipsi
2239 3835 2549 3901 npinantur,
2588 3834 2707 3887 finis
2746 3834 2919 3889 evasit
2964 3837 3028 3888 ad
3065 3836 3385 3905 magnitudi-

152 3924 417 3993 σταυροῦ·
468 3923 733 3991 ἐκϐέϐηκε
780 3924 835 3976 δέ
881 3923 978 3991 τῆς
1023 3923 1285 3992 δοκούσης
1326 3925 1507 3987 αὐτοῖς
1556 3927 1716 3977 ἀσθε-

1821 3943 1940 3981 nem
1968 3927 2151 3995 gloriae
2182 3941 2366 3981 revera
2416 3927 2631 3981 divinae.
2682 3924 2814 3979 Nam
2854 3928 3259 3995 comprobatum
3302 3936 3388 3982 est

150 4014 287 4076 νείας
334 4015 401 4065 τὸ
437 4013 614 4082 πέρας
648 4018 727 4076 εὶς
772 4014 1020 4076 εὐκλείας
1072 4015 1300 4082 δύναμιν
1354 4015 1453 4084 τῆς
1503 4016 1717 4084 ἀληθῶς

1820 4034 1915 4088 per
1944 4020 2404 4074 resurrectionem
2428 4032 2491 4071 ex
2525 4019 2750 4072 mortuis
2777 4029 2829 4071 et
2866 4018 3012 4070 illum
3048 4032 3163 4072 esse
3197 4017 3382 4081 Deum,

148 4102 645 4174 Θεοπρεπεστάτής.
679 4104 1115 4175 Μεμαρτύρηται
1152 4107 1259 4177 γὰρ
1296 4106 1383 4158 διὰ
1414 4107 1512 4175 τῆς
1538 4109 1601 4159 ἐκ
1629 4126 1714 4160 νε-

1818 4120 1872 4165 et
1897 4110 1988 4164 Dei
2018 4123 2204 4164 revera
2234 4108 2453 4172 Filium,
2485 4117 2542 4161 nt
2572 4109 2664 4176 qui
2704 4110 2889 4162 mortis
2919 4109 3385 4178 corruptionisqne

146 4200 287 4267 κρῶν
335 4199 691 4262 ἀναστάσεως
718 4241 732 4264 ,
767 4202 847 4251 ὅτι
878 4217 935 4251 τε
976 4202 1059 4269 εἴη
1093 4200 1245 4262 Θεὸς,
1287 4202 1378 4253 καὶ
1408 4200 1541 4252 Θεοῦ
1576 4202 1714 4253 κατά

1818 4199 1989 4253 victor
2023 4198 2204 4263 fuerit,
2234 4210 2288 4253 et
2329 4199 2486 4252 simul
2516 4214 2648 4251 ‘cum
2690 4196 2847 4251 Patre
2886 4198 2953 4251 ab
2984 4200 3231 4252 omnibus
3291 4200 3383 4251 ad-

145 4289 401 4358 ἀλήθειαν
449 4291 612 4349 Υἱὸς,
662 4291 734 4352 ὡς
785 4290 1016 4343 θανάτου
1068 4291 1327 4358 κρείττων
1364 4292 1453 4344 καὶ
1489 4292 1711 4362 φθορᾶς,

1817 4300 2020 4345 oretur.
2063 4291 2201 4344 Audi
2228 4300 2403 4343 autem
2424 4304 2607 4343 sacras
2641 4288 2870 4341 Litteras
2898 4289 2998 4342 hoc
3025 4290 3195 4355 ipsum
3232 4292 3385 4344 nobis

143 4382 231 4432 καὶ
278 4380 419 4447 ὁμοῦ
454 4381 528 4449 τῷ
579 4381 931 4449 Γεγεννήκότι
962 4384 1348 4450 προσκυνεῖται
1392 4384 1541 4451 παρά
1582 4383 1715 4433 πάν-

1816 4382 2209 4451 proclamantes
2246 4398 2257 4432 :
2300 4398 2317 4431 ι
2347 4381 2434 4435 Sic
2477 4381 2607 4433 dicit
2670 4379 2925 4433 Dominus
2973 4398 2986 4433 :
3041 4379 3384 4434 Sanctiﬁcate

143 4488 261 4521 των.
298 4473 504 4523 ’Λκουε
556 4471 609 4521 δὲ
662 4472 1083 4539 διακεκραγὸτος
1117 4474 1246 4539 ήμῐν
1298 4472 1427 4524 αὐτὸ
1462 4472 1524 4540 δὴ
1556 4471 1711 4523 τοῦτο
1744 4526 1753 4543 ι

1773 4474 2197 4543 _despicientem
2236 4473 2469 4524 animam
2525 4486 2697 4533 suam,
2751 4479 3088 4523 exsecratum
3139 4484 3167 4522 a
3212 4470 3383 4538 genti-

144 4568 474 4636 Γράμματος
504 4566 646 4636 ἱεροῦ
667 4583 681 4598 ⁸
726 4586 744 4619 ι
775 4526 1106 4633 Οὖτωιλέγει
1136 4526 1379 4636 ’ίὶύριοςο
1419 4526 1709 4633 ’Λγιιάσατε
1744 4526 1754 4577 1

1776 4533 1936 4631 ’ωιτη
1997 4568 2189 4629 servis,
2246 4562 2599 4632 principibus.
2649 4561 2822 4629 Reges
2850 4560 3104 4613 videbunt
3150 4573 3294 4621 eum,
3330 4569 3386 4611 et

140 4659 224 4709 τὸν
254 4658 587 4726 φαυλίζοντα
613 4659 710 4727 τὴν
736 4658 912 4725 ψυχὴν
946 4656 1131 4718 αὑτοῦ,
1169 4656 1258 4708 τὸν
1292 4656 1711 4725 βδελυσσόμενον

1820 4658 2150 4723 consurgent
2176 4654 2465 4723 principes,
2493 4662 2547 4706 et
2573 4652 2869 4704 adorabunt
2894 4665 3015 4703 emn
3039 4650 3101 4702 ⁷⁸.
3148 4668 3164 4699 ι
3203 4648 3383 4711 Conﬁ-

139 4750 239 4802 ὑπὸ
288 4749 402 4801 τῶν
454 4747 643 4810 ἐθνῶν,
697 4748 802 4799 τῶν
840 4746 1063 4811 δούλων,
1099 4746 1207 4797 τῶν
1252 4746 1523 4815 ἀρχόντων
1576 4748 1708 4815 (57).

1822 4746 2027 4807 temini,
2073 4745 2268 4812 inquit,
2319 4752 2565 4797 sanctum
2606 4755 2725 4795 esse
2768 4740 2912 4793 illum
2956 4748 3140 4808 utpote
3172 4738 3379 4793 Deum:

140 4842 385 4903 Βασιλεῖς
413 4839 637 4908 ὄψονται
674 4839 855 4901 αὑτὸν,
892 4838 986 4891 καὶ
1029 4839 1421 4906 ἀναστήσονται
1455 4838 1715 4906 ἄρχοντες

1821 4836 1969 4888 illum
2006 4834 2093 4904 qui
2128 4850 2278 4889 suam
2315 4834 2547 4887 animam
2576 4833 2822 4899 despicit,
2861 4833 2957 4884 ltoc
2983 4841 3087 4894 est,
3112 4831 3199 4899 qui
3229 4847 3380 4885 suam

138 4935 229 4986 καὶ
274 4934 750 5004 προσκυνήσουσιν
796 4928 961 4998 αὐτῷ.
1011 4949 1027 4980 ι
1089 4929 1471 4996 ὐμολογεϊτε,
1524 4928 1708 4997 φησιν,

1818 4928 2047 4979 animam
2077 4926 2391 4980 contemnit.
2434 4925 2566 4978 Nam
2619 4924 2760 4977 illam
2814 4938 2909 4992 pro
2948 4922 3135 4975 ovibus
3183 4924 3378 4990 posuit,

139 5025 288 5093 ἆγιον
330 5019 476 5077 εἶναι
507 5022 648 5073 κατά
685 5022 845 5088 φύσιν
873 5020 947 5082 ὡς
987 5020 1149 5071 Θεόν⁸
1191 5019 1280 5070 τὸν
1314 5019 1411 5087 τὴν
1452 5017 1582 5069 ἰδίαν
1608 5018 1709 5084 ψυ-

1816 5030 1869 5074 ut
1906 5027 2091 5088 pastor
2130 5018 2303 5072 bonus
2332 5019 2375 5048 ⁸ο
2407 5036 2418 5071 :
2460 5031 2616 5085 quem
2670 5025 2961 5070 exsecrata:
2999 5016 3213 5083 quidem
3258 5026 3382 5067 sunt

140 5117 234 5186 χὴν
268 5114 688 5183 ἐκφαυλίζοντα,
739 5112 1004 5175 τουτέστι,
1056 5112 1145 5163 τὸν
1178 5111 1274 5179 τῆς
1306 5109 1499 5164 ἐαυτοῦ
1542 5128 1709 5163 mra-

1816 5120 2021 5178 gentes,
2070 5118 2125 5161 et
2169 5107 2308 5162 servi
2343 5118 2396 5161 et
2448 5107 2676 5160 ministri
2719 5105 2885 5173 alapis
2933 5106 3374 5165 delionestarunt.

141 5211 487 5276 φρονήσαντα
538 5205 733 5273 ψυχῆς.
782 5203 1001 5256 Τέθεικε
1049 5204 1155 5272 γὰρ
1198 5202 1363 5269 αὐτὴν
1412 5203 1550 5270 ὑπὲρ
1598 5202 1704 5253 τῶν

1816 5218 1935 5253 cum
1969 5200 2364 5255 Pharisaeorum
2404 5200 2555 5253 turba
2586 5199 2659 5253 illi
2695 5199 2855 5267 impie
2896 5196 3195 5251 insultaret.
3226 5196 3375 5251 Hunc

218 5365 263 5393 "
298 5362 495 5415 Matth.
527 5378 690 5420 xxvii.
721 5359 809 5413 46.
887 5361 931 5387 τ’
974 5357 1135 5411 Hebr.
1172 5374 1266 5417 xu,
1302 5357 1353 5409 9.
1432 5359 1475 5389 ⁷⁷
1503 5358 1603 5410 1³η.
1637 5373 1707 5420 l.l,
1742 5358 1793 5409 6.

1656 5373 1707 5420 .l,
1742 5358 1793 5409 6.
1873 5357 1917 5386 "
1950 5357 2077 5411 ibid.
2115 5358 2220 5409 7-8.
2313 5359 2356 5388 "
2388 5358 2487 5409 lsa.
2525 5373 2667 5421 χιιι,
2703 5356 2753 5409 7.
2840 5355 2884 5385 ⁸ο
2915 5355 3143 5418 Joan.x,
3179 5357 3264 5410 ll.

1392 5511 1548 5567 ΑΝΤ.
1592 5508 1861 5564 AGELLII
1905 5508 2134 5563 ΝΟΤᾸΕ.

209 5681 316 5749 ('57)
353 5678 768 5749 Peculiarisiest
800 5677 913 5729 haec
959 5675 1117 5749 lectio
1147 5671 1367 5749 Cyrilln,
1401 5684 1521 5749 cum
1566 5665 1700 5749 ῳῳι

1819 5664 1911 5749 λρν.
1941 5665 2045 5744 τῶν
2079 5665 2372 5749 άρχόντων,
2419 5684 2616 5721 seri-itm
2658 5669 3005 5729 dominorum,
3039 5674 3098 5719 ut
3134 5666 3294 5721 etiam
3326 5662 3383 5722 in

144 5734 393 5805 iubeant.
440 5759 491 5799 nl
524 5747 632 5799 fere
665 5748 714 5799 in
766 5760 947 5797 eorum
982 5745 1138 5796 codd.
1186 5734 1398 5811 legitur,
1453 5738 1539 5791 τὸν
1580 5735 1701 5786 δοῦ-

688 5764 714 5799 n
766 5760 947 5797 eorum
982 5745 1138 5796 codd.
1186 5734 1398 5811 legitur,
1453 5738 1539 5791 τὸν
1580 5735 1701 5786 60-3-
1822 5734 2057 5787 Ποιητής
2088 5736 2298 5801 legitur.

461 5840 727 5897 Ρηηοι..
768 5839 881 5896 Gn.
932 5838 1197 5898 LXXVI.

2995 5828 3026 5883 8
