4078 6348
173 414 262 470 257
1217 411 1585 469 ADVERSUS
1624 410 2029 468 NESTORIUM
2065 412 2190 469 LIB.
2229 414 2293 469 V.

3305 418 3408 475 238

172 534 243 604 τῷ
282 534 499 605 θανάτῳ
542 536 601 589 τὸ
648 537 779 589 ἴδιον
818 532 975 603 σῶμα
1022 532 1089 585 δι’
1137 536 1306 604 ἡμᾶς,
1346 535 1437 588 καὶ
1471 534 1733 605 ὑπάρχων

1837 545 2045 605 partem
2087 535 2249 590 sortis
2284 541 2595 589 sanctorum
2634 533 2685 587 in
2712 531 2935 599 lumine,
2966 534 3055 600 Qui
3090 536 3286 607 eripuit
3313 552 3411 593 nos

172 627 375 698 ἀπαθὴς
404 628 544 681 κατὰ
592 628 775 696 φύσιν,
825 625 988 697 σαρκὶ
1022 626 1289 679 πέπονθεν
1330 627 1494 691 ἑκὼν,
1532 626 1736 679 πιστώ-

174 733 311 769 σεται
348 717 572 786 γράφων
598 720 624 769 6
648 717 921 784 πάνσοφος
947 716 1181 778 Παῦλος·
1218 735 1235 766 ι
1274 714 1735 787 Εὑχαριστοῦντες

170 806 240 875 τῷ
270 807 441 875 Πατρὶ
470 807 548 876 τῷ
592 806 916 859 ἱκανώσαντι
976 807 1120 875 ἡμᾶς
1158 807 1238 869 εἰς
1268 806 1366 875 τὴν
1408 806 1601 875 μερίδα
1639 805 1735 859 τοῦ

168 897 362 967 κλήρου
402 897 511 949 τῶν
543 898 711 965 ἁγίων
758 899 815 949 ὲν
846 896 924 964 τῷ
959 896 1120 965 φωτὶ,
1167 896 1226 958 ὂς
1276 896 1546 967 ἐρρύσατο
1590 888 1771 966 ἡμᾶς’

171 989 230 1040 ἐκ
250 987 349 1065 τῇς
371 989 620 1052 ἐξουσίας
648 987 744 1041 τοῦ
779 988 1024 1050 σκότους,
1058 987 1151 1039 καὶ
1180 987 1515 1056 μετέστησεν
1538 988 1617 1049 εἰς
1640 988 1735 1056 τὴν

168 1078 438 1147 βασιλείαν
471 1078 563 1132 τοῦ
593 1078 722 1131 Υἱοῦ
757 1079 857 1146 τῆς
904 1078 1125 1146 ἀγάπης
1158 1076 1344 1139 αὑτοῦ,
1378 1078 1436 1128 ὲν
1469 1069 1513 1143 ᾧ
1541 1076 1735 1147 ἔχομεν

167 1168 261 1240 τὴν
278 1170 682 1241 ἀπολύτρωσιν,
709 1170 809 1239 τὴν
831 1170 1024 1237 ἄφεσιν
1053 1167 1160 1219 τῶν
1186 1166 1489 1237 ἁμαρτιῶν*
1511 1167 1568 1228 ὃς
1589 1168 1736 1219 ἐστιν

166 1262 320 1316 εἰκὼν
366 1262 461 1315 τοῦ
513 1262 650 1316 Θεοῦ
699 1262 793 1314 τοῦ
845 1261 1099 1332 ἀοράτου,
1160 1259 1504 1329 πρωτότοκος
1557 1258 1735 1324 πάσης

164 1356 386 1417 κτίσεως
406 1372 417 1385 ·
461 1357 541 1408 ὅτι
582 1358 638 1407 ὲν
667 1354 817 1424 αὐτῷ
856 1353 1082 1422 ἐκτίσθη
1120 1352 1191 1404 τά
1218 1352 1393 1404 πάντα
1422 1352 1480 1402 ὲν
1506 1353 1617 1413 τοῖς
1645 1351 1736 1402 οὐ·

167 1450 337 1518 ρανοῖς
377 1448 471 1499 καὶ
506 1447 599 1499 ἐπὶ
646 1448 744 1514 τῆς
791 1446 916 1515 γῆς,
950 1445 1017 1497 ’τά
1050 1444 1219 1515 ὁρατά
1247 1443 1341 1495 καὶ
1385 1441 1455 1494 τὰ
1488 1442 1731 1512 ἀόρατα*

163 1539 265 1590 εἴτε
289 1539 503 1607 Θρόνοι,
533 1538 642 1590 εἴτε
673 1537 1025 1607 κυριότητες,
1058 1536 1165 1588 εἴτε
1211 1534 1425 1603 ’Λρχαὶ,
1460 1532 1569 1585 εἴτε
1614 1532 1733 1596 Ἐξ-

161 1630 355 1694 ουσίαι,
402 1630 467 1681 τὰ
513 1630 695 1683 πάντα
722 1629 787 1681 δι’
820 1628 983 1681 αὑτοῦ
1014 1628 1107 1681 καὶ
1138 1628 1217 1688 εἰς
1261 1624 1423 1678 αὑτὸν
1456 1624 1696 1677 ἔκτισται
1717 1641 1731 1654 ·

164 1722 248 1774 καὶ
282 1721 443 1783 αὑτός
473 1722 589 1773 ἐστι
627 1719 734 1789 πρὸ
765 1721 1005 1782 πάντων,
1037 1719 1133 1771 καὶ
1160 1716 1231 1770 τὰ
1264 1717 1444 1769 πάντα
1484 1716 1542 1766 ὲν
1587 1713 1735 1784 αὐτῷ

166 1812 452 1879 συνέστηκε
474 1828 486 1839 ·
522 1810 616 1862 καὶ
653 1809 813 1870 αὐτός
857 1809 1004 1860 ἐστιν
1032 1809 1065 1877 ὴ
1108 1805 1318 1875 κεφαλὴ
1350 1804 1445 1856 τοῦ
1484 1803 1731 1873 σώματος

162 1902 252 1970 τῆς
287 1899 640 1969 Ἐκκλησίας,
671 1900 730 1963 ὃς
758 1900 905 1950 ἐστιν
936 1898 1078 1968 ἀρχὴ
1101 1937 1117 1961 ,
1168 1895 1510 1966 πρωτότοκος
1536 1895 1599 1946 ὲκ
1628 1893 1735 1945 τῶν

162 1991 386 2061 νεκρῶν,
431 1990 517 2043 ἵνα
548 1990 773 2059 γένηται
808 1991 865 2042 ὲν
914 1990 1081 2041 πᾶσιν
1131 1987 1293 2048 αὐτὸς
1336 1984 1654 2055 πρωτεύων.
1707 2002 1725 2034 ι

172 2082 295 2135 Ἰδοὺ
344 2082 408 2151 δὴ
452 2083 546 2134 καὶ
584 2081 727 2150 μάλα
760 2080 945 2148 σαφῶς
992 2082 1021 2131 6
1055 2078 1164 2129 τῶν
1210 2076 1373 2129 αὑτοῦ
1412 2074 1730 2145 μυστηρίων

160 2174 458 2244 ίερουργὸς,
495 2172 657 2225 αὐτὸν
684 2171 793 2239 ἔφη
830 2172 920 2223 τὸν
950 2171 1016 2222 δι’
1048 2164 1107 2222 οῦ
1137 2169 1203 2221 τά
1238 2168 1433 2225 πάντα,
1470 2166 1565 2218 καὶ
1597 2169 1652 2216 ὲν
1687 2158 1731 2231 ᾧ

154 2269 222 2320 τά
252 2268 433 2319 πάντα
463 2265 594 2318 Θεὸν
640 2265 833 2331 Λόγον,
864 2264 922 2325 ὃς
953 2264 1099 2314 ἐστιν
1128 2259 1291 2313 εἰκὼν
1339 2258 1432 2310 τοῦ
1463 2256 1599 2310 Θεοῦ
1636 2257 1729 2308 τοῦ

161 2356 413 2425 ἀοράτου,
448 2352 540 2406 τὸν
566 2351 635 2406 δι’
662 2345 722 2406 οῦ
753 2349 1014 2422 παρήχθη
1058 2349 1191 2419 πρὸς
1224 2346 1461 2417 ὓπαρξιν
1490 2345 1560 2398 τά
1586 2362 1643 2397 τε
1674 2348 1731 2396 ὲν

156 2450 266 2509 τοῖς
296 2448 356 2499 οὐ
370 2448 569 2515 ρανοῖς,
608 2444 703 2497 καλ⁸
738 2444 809 2496 ’τά
841 2443 934 2495 ἐπὶ
958 2441 1059 2509 τῆς
1101 2440 1226 2509 γῆς,
1255 2438 1321 2491 τὰ
1350 2436 1522 2508 ὁρατά
1548 2453 1607 2488 τε
1637 2435 1731 2488 καὶ

158 2537 361 2605 ἀόρατα
384 2574 397 2597 ,
422 2535 513 2587 τὸν
556 2536 685 2587 ὄντα
717 2534 824 2603 πρὸ
857 2533 1097 2596 πάντων,
1134 2532 1191 2582 ἐν
1286 2530 1356 2583 τά
1388 2529 1566 2581 πάντα
1606 2544 1732 2579 συν-

160 2628 378 2697 ἑστηκε,
423 2625 663 2696 κεφαλὴν
690 2623 937 2678 δεδόσθαι
982 2626 1047 2693 τῇ
1091 2621 1407 2692 Ἐκκλησία,
1444 2620 1537 2671 καὶ
1570 2618 1732 2670 αὐτὸν

159 2710 291 2768 εἶναι
328 2716 673 2786 πρωτότοκον
705 2716 769 2767 ὲκ
792 2711 1020 2784 νεκρῶν.
1040 2711 1177 2764 Ἀλλ’
1206 2711 1372 2774 ἔστιν,
1408 2710 1536 2771 ἴσως
1562 2710 1727 2777 ἐρεῖς,

159 2809 294 2861 κατά
324 2809 489 2876 φύσιν
519 2808 651 2877 ζωὴ,
682 2809 709 2860 6
731 2808 792 2859 ὲκ
816 2806 952 2859 Θεοῦ
978 2804 1191 2874 Πατρὸς
1214 2803 1386 2869 Λόγος
1406 2817 1417 2828 ·
1446 2798 1563 2853 εἶτα
1593 2798 1729 2861 πῶς,

159 2899 189 2966 ἦ
219 2898 335 2951 τίνα
365 2898 433 2966 δὴ
462 2899 660 2963 τρόπον
692 2895 915 2965 τεθναίη
949 2897 982 2965 ἡ
1014 2894 1164 2963 ζωῆς
1197 2892 1421 2955 Καλῶς·
1457 2890 1733 2958 ἀναγκαία

160 2992 249 3043 καὶ
281 2990 575 3059 ὲπωφελὴς
606 2992 638 3059 ἡ
670 2989 862 3051 πεῦσις
886 3006 899 3018 ·
930 2988 1126 3040 οὐκοῦν
1169 2988 1247 3049 εἰς
1272 2986 1370 3055 τὴν
1399 2984 1493 3037 τοῦ
1526 2999 1733 3054 μυστη-

161 3082 271 3148 ρίου
303 3080 537 3149 δύναμιν
568 3078 861 3150 χρησίμως
894 3078 1389 3146 παραλαμϐάνεται
1440 3077 1519 3138 τὸ,
1556 3076 1734 3145 σάρκα

156 3170 409 3239 γενέσθαι
440 3173 578 3223 νοεῖν
624 3186 682 3222 τε
709 3170 802 3222 καὶ
846 3166 1047 3234 λέγειν,
1079 3167 1172 3218 τὸν
1204 3165 1289 3218 ἀεί
1321 3182 1378 3217 τε
1412 3165 1606 3228 ζῶντα,
1641 3164 1735 3216 καὶ

1840 630 1905 682 de
1944 634 2209 696 poteSIate
2253 625 2621 688 tenebrarum,
2672 634 2726 681 et
2775 628 3047 682 transtulit
3088 628 3140 682 in
3190 645 3409 699 regnum

1838 719 1956 774 Filii
1987 720 2287 774 dilectionis
2313 734 2443 782 suae,
2469 719 2519 771 in
2544 733 2651 787 quo
2677 719 2937 774 habemus
2960 721 3410 791 redemptionem,

1838 810 2213 864 remissionem
2243 817 2622 879 peccatorum;
2653 811 2741 878 qui
2780 818 2864 864 est
2912 812 3089 879 imago
3125 811 3218 866 Dei
3265 813 3410 867 invi-

1839 902 2032 965 sibilis,
2069 901 2459 971 primogenilus
2505 902 2681 954 omnis
2712 912 3008 967 creaturae;
3045 904 3169 973 quia
3210 904 3263 958 in
3298 906 3412 973 ipso

1840 995 2057 1047 condita
2088 1003 2209 1047 sunt
2238 992 2415 1045 omnia
2460 993 2508 1043 in
2542 991 2691 1045 cmlis
2726 998 2780 1045 et
2815 992 2866 1044 in
2901 1000 3066 1055 terra,
3098 992 3333 1046 visibilia
3360 1004 3416 1046 et

1839 1083 2152 1145 invisibilia,
2209 1082 2325 1135 sive
2377 1081 2603 1145 Throni,
2660 1082 2772 1137 sive
2826 1082 3250 1147 Dominationes,
3302 1084 3416 1137 sive

1836 1174 2202 1243 Principatus,
2230 1174 2342 1227 sive
2374 1174 2697 1237 Potestates,
2737 1174 2917 1227 omnia
2950 1188 3045 1242 per
3069 1174 3242 1242 ipsum
3277 1183 3329 1227 et
3360 1175 3411 1229 in

1839 1266 2013 1332 ipsum
2050 1276 2233 1318 creata
2265 1278 2419 1326 sunt;
2458 1274 2510 1318 et
2554 1266 2665 1331 ipse
2695 1277 2779 1319 est
2820 1276 2945 1318 aute
2976 1268 3177 1327 omnia,
3210 1276 3264 1321 et
3293 1283 3413 1322 om-

1838 1356 1923 1408 nia
1980 1357 2033 1408 in
2095 1356 2213 1423 ipso
2251 1362 2536 1419 constant;
2585 1364 2639 1409 et
2682 1356 2798 1425 ipse
2840 1366 2922 1411 est
2974 1363 3137 1424 caput
3176 1359 3416 1428 corporis

1839 1447 2113 1511 Ecclesiae,
2144 1448 2232 1515 qui
2261 1455 2347 1501 est
2374 1448 2724 1516 principium,
2754 1448 3146 1516 primogenitus
3174 1464 3240 1502 ex
3272 1465 3417 1504 mor-

1839 1538 1983 1592 tuis?
2012 1549 2066 1591 ut
2095 1541 2162 1592 sit
2191 1539 2242 1591 in
2279 1539 2530 1591 omnibus
2580 1539 2693 1606 ipse
2725 1538 3017 1605 primatum
3071 1550 3258 1593 tenens
3282 1540 3349 1594 ”.
3388 1558 3409 1591 ι

1838 1629 1974 1683 Ecce
1996 1630 2105 1694 jam
2142 1630 2482 1697 apertissime
2506 1630 2594 1683 ille
2628 1629 3008 1699 mysteriorum
3036 1629 3126 1683 Dei
3163 1633 3416 1685 sacerdos

1836 1719 1986 1771 illum
2034 1719 2200 1772 Deum
2237 1718 2471 1773 Verbum
2518 1733 2614 1787 per
2662 1733 2819 1787 quem
2870 1719 3050 1772 omnia
3101 1728 3156 1773 et
3203 1720 3257 1774 in
3307 1735 3416 1789 quo

1838 1810 2039 1874 omnia,
2085 1810 2174 1878 qui
2231 1819 2312 1864 est
2375 1814 2554 1879 imago
2609 1809 2704 1863 Dei
2763 1810 3065 1875 invisibilis,
3118 1812 3266 1866 illum
3318 1827 3417 1880 per

1765 1924 1807 1977 Β
1836 1916 1993 1969 quem
2032 1911 2089 1954 ut
2126 1911 2311 1955 essent
2354 1904 2614 1969 producta
2655 1910 2782 1955 sunt
2826 1912 2880 1956 et
2912 1918 3033 1971 quae
3085 1904 3136 1957 in
3177 1904 3329 1959 coalis
3358 1912 3415 1958 et

1833 2007 1952 2059 quae
1991 1993 2039 2043 in
2079 2000 2243 2055 terra,
2278 1991 2513 2045 visibilia
2548 2001 2601 2045 et
2650 1994 2965 2059 invisibilia,
3015 1994 3160 2047 illum
3190 1994 3282 2064 qui
3329 2003 3415 2049 est

1834 2090 1958 2135 ante
2005 2083 2209 2144 omnia,
2261 2081 2312 2135 in
2350 2096 2457 2150 quo
2507 2082 2688 2136 omnia
2741 2092 3014 2148 constant,
3065 2084 3239 2153 ipsum
3278 2085 3416 2138 dixit

1831 2184 1993 2243 caput
2023 2190 2143 2229 esse
2171 2176 2354 2228 datum
2389 2174 2667 2238 Ecclesiae,
2701 2186 2755 2229 et
2782 2176 2961 2244 ipsum
2993 2191 3115 2230 esse
3138 2176 3413 2248 primoge-

1833 2265 2002 2317 nitum
2050 2280 2116 2318 ex
2164 2266 2416 2319 mortuis.
2465 2267 2570 2320 Sed
2627 2267 2773 2321 dices
2830 2266 3061 2323 fortasse
3100 2284 3117 2321 :
3156 2268 3413 2324 Concedo

1833 2356 2082 2424 equidem
2114 2355 2244 2410 illud
2277 2371 2340 2410 ex
2366 2355 2475 2410 Deo
2509 2355 2670 2411 Patre
2698 2358 2935 2411 Verbum
2971 2373 3091 2413 esse
3125 2374 3190 2414 ex
3220 2370 3413 2413 natura

1834 2448 2032 2513 vitam;
2061 2447 2151 2501 sed
2179 2463 2284 2517 quo
2326 2448 2508 2508 modo,
2550 2461 2725 2517 quave
2757 2448 2967 2501 ratione
2998 2449 3104 2502 vita
3138 2450 3273 2504 mori
3306 2463 3407 2520 po-

1836 2539 1977 2591 tuit?
2003 2538 2291 2600 Praeclare,
2326 2541 2631 2595 necessaria
2680 2548 2734 2592 et
2774 2539 3018 2607 perutilis
3051 2549 3134 2594 est
3161 2543 3407 2609 quaestio.

1836 2628 1977 2698 Ergo
2026 2631 2092 2680 ad
2139 2630 2381 2700 mysterii
2427 2631 2533 2682 vim
2582 2628 2710 2683 illud
2765 2628 2968 2683 utiliter
3005 2632 3316 2697 assumitur,
3354 2640 3416 2686 ut

1836 2719 2200 2787 intelligamus
2253 2730 2415 2790 atque
2466 2722 2629 2774 etiam
2691 2719 2932 2773 dicamus
2974 2721 3149 2789 ipsum
3200 2736 3417 2790 semper

1835 2812 2022 2865 vivens
2066 2820 2120 2863 et
2157 2810 2435 2864 vivificans
2481 2810 2571 2863 Dei
2612 2808 2848 2863 Verbum
2896 2823 3114 2863 carnem
3159 2824 3279 2864 esse
3330 2811 3416 2864 fa-

1836 2909 2006 2964 etum,
2040 2901 2143 2955 hoc
2172 2909 2269 2963 est,
2304 2914 2499 2970 corpus
2542 2900 2672 2953 illud
2701 2900 2845 2968 quod
2881 2908 3108 2953 mortem
3140 2900 3417 2969 suscipere

1838 3001 2045 3062 posset,
2080 2992 2360 3061 proprium
2394 2990 2495 3044 sibi
2538 2989 2758 3053 fecisse,
2792 2999 2850 3041 ut
2877 2990 3048 3058 ipsum
3081 3004 3297 3059 passum
3335 2991 3417 3041 iu-

1838 3082 2135 3150 telligatur,
2185 3081 2309 3151 quia
2364 3082 2641 3150 proprium
2686 3080 2853 3149 ipsius
2893 3094 3112 3149 passum
3161 3088 3248 3134 est
3295 3095 3417 3135 cor-

1839 3188 1959 3242 pus.
1995 3174 2087 3227 Sic
2122 3187 2355 3241 namque
2401 3173 2573 3241 ipsum
2609 3172 2809 3224 factum
2842 3171 3109 3239 primitias
3150 3170 3420 3225 dormien-

157 3261 415 3326 ζωοποιὸν
444 3260 537 3313 τοῦ
572 3259 708 3313 Θεοῦ
756 3259 949 3327 Λόγον,
984 3257 1282 3319 τουτέστιν,
1330 3255 1460 3307 ἴδιον
1510 3258 1733 3325 ποιήσα-

1841 3266 1971 3317 tium
2001 3264 2255 3328 dicimus,
2286 3273 2342 3318 et
2366 3264 2786 3333 primogenitum
2820 3277 2883 3315 ex
2914 3262 3140 3316 mortuis
3167 3280 3179 3315 :
3208 3262 3420 3331 positus

160 3352 276 3405 σθαι
311 3352 475 3423 σῶμα
505 3351 567 3403 τὸ
597 3350 826 3404 θανάτου
874 3347 1142 3411 δεκτικὸν,
1197 3347 1283 3399 ἵνα
1329 3347 1513 3415 νοῆται
1544 3346 1735 3400 παθὼν

157 3447 335 3509 αὐτὸς,
369 3446 453 3497 ὅτι
491 3444 551 3495 τὸ
578 3444 707 3496 [διον
750 3442 915 3494 αὑτοῦ
966 3440 1201 3494 πέπονθε
1233 3439 1412 3508 σῶμα.
1442 3439 1596 3492 Οὕτω
1624 3440 1733 3509 γὰρ

158 3538 314 3588 αὑτὸν
345 3535 602 3603 γενέσθαι
652 3533 830 3602 φαμὲν
862 3532 1117 3601 ἀπαρχὴν
1144 3531 1252 3582 τῶν
1296 3531 1731 3600 κεκοιμημένων,

157 3628 251 3681 καὶ
294 3628 645 3698 πρωτότοκον
677 3627 742 3677 ὲκ
782 3622 1012 3693 νεκρῶν.
1051 3622 1337 3674 Τεθεῖσθαι
1366 3622 1473 3691 γὰρ
1517 3622 1734 3689 λέγεται

162 3717 275 3786 μεθ’
312 3718 476 3787 ἡμῶν
508 3717 563 3767 ὲν
601 3715 843 3784 μνήματι
877 3712 965 3764 διὰ
994 3713 1089 3781 τῆς
1137 3711 1273 3772 ἰδίας
1314 3711 1515 3781 σαρκὸς
1564 3713 1592 3762 6
1638 3713 1733 3765 ἀν-

150 3810 307 3873 ιστὰς
334 3808 467 3870 τοὺς
496 3807 742 3877 νεκροὺς,
771 3805 859 3856 ἵνα
886 3803 979 3855 καὶ
1003 3804 1163 3871 ἡμεῖς
1195 3801 1610 3871 συνεγερθῶμεν
1636 3802 1733 3855 αὑ-

156 3902 262 3969 τῷ·
297 3900 504 3969 ταύτην
540 3898 648 3967 γάρ
670 3899 803 3968 ἡμῖν
838 3894 1140 3949 ἐνεκαίνισε
1177 3893 1275 3964 τὴν
1299 3893 1437 3958 ὁδὸν,
1472 3894 1564 3946 καὶ
1601 3894 1735 3947 ταύ-

155 4012 248 4063 της
291 3994 458 4045 ’ἑνεκα
501 3992 597 4059 τῆς
639 3989 815 4050 αἰτίας
862 3987 1261 4039 τεταπείνωκεν
1295 3986 1503 4047 ἑαυτὸν,
1546 3986 1735 4048 καθεὶς

157 4088 231 4148 είς
259 4086 520 4145 κένωσιν,
554 4081 647 4133 καὶ
677 4083 755 4142 εἰς
782 4079 1177 4147 ἀνθρωπότητα
1211 4078 1328 4145 μεθ’
1359 4076 1531 4145 ἡμῶν·
1557 4075 1734 4127 καίτοι

156 4178 282 4239 Θεὸς
324 4176 401 4227 ὢν
458 4173 612 4242 φύσει
638 4211 650 4232 ,
692 4170 787 4223 καὶ
829 4171 894 4221 ὲκ
941 4169 1075 4221 Θεοῦ
1127 4170 1339 4238 Πατρὸς
1386 4167 1667 4237 πεφηνὼς,
1707 4168 1736 4218 6

155 4266 489 4336 Μονογενὴς.
536 4263 676 4315 Ἀλλ’
697 4263 865 4315 οἴεται
901 4262 1019 4331 μὲν,
1046 4260 1185 4312 κατὰ
1210 4262 1267 4312 τὸ
1296 4262 1461 4323 εἰκὸς,
1482 4262 1602 4321 τοὺς
1635 4254 1733 4310 ὦδε

155 4359 300 4412 ταῦτ’
350 4359 499 4427 ἔχειν
551 4354 942 4424 ὑπειληφότας,
995 4354 1090 4406 καὶ
1152 4351 1366 4420 ἀληθῶς
1420 4352 1735 4415 δοξάζοντας

157 4449 559 4520 ἐμϐροντησίας
598 4448 676 4508 είς
708 4446 862 4515 λῆξιν
898 4445 996 4514 τῆς
1024 4444 1284 4496 ἀνωτάτω
1314 4444 1557 4514 δραμεῖν⁹
1600 4462 1733 4513 σκη-

156 4544 426 4611 πτόμενος
460 4540 517 4591 δὲ
567 4536 845 4607 πανταχοῦ
891 4537 952 4587 τὸ
981 4537 1089 4587 δεῖν
1124 4536 1313 4602 ἀπαθῆ
1362 4537 1453 4585 τὸν
1501 4538 1565 4587 ἐκ
1599 4537 1733 4587 Θεοῦ

157 4634 371 4701 [ἰατρὸς
409 4629 572 4700 ἡμῶν
612 4627 992 4697 ὁμολογεῖσθαι
1024 4626 1216 4692 Λόγον,
1246 4625 1519 4694 ἐξίστησιν
1548 4626 1733 4689 αὑτοῦ,

156 4725 246 4775 καὶ
270 4722 436 4775 τοῦτο
462 4722 542 4781 είς
573 4718 719 4772 ἆπαν
743 4760 755 4783 ,
784 4718 881 4787 τῆς
914 4717 1226 4785 οἰκονομίας
1258 4716 1348 4769 τὸν
1374 4719 1575 4786 τρόπον
1596 4734 1608 4746 ·
1637 4720 1735 4769 οὐκ

156 4815 291 4877 ἀξιοῖ
319 4816 378 4867 δὲ
406 4813 681 4881 ὦσπερ,ἢ
721 4812 959 4881 φρονεῖν,
1000 4810 1031 4879 ἢ
1082 4810 1286 4876 λέγειν,
1338 4810 1419 4860 ὅτι
1470 4809 1735 4861 πέπονθεν

156 4906 294 4975 ὑπὲρ
325 4907 512 4977 ἡμῶν,
546 4906 721 4958 καίτοι
772 4904 868 4971 τῆς
915 4902 1272 4955 θεοπνεύστου
1306 4902 1530 4972 Γραφῆς
1571 4905 1735 4972 σαρκὶ

1837 3369 2071 3425 namque
2116 3355 2395 3409 nobiscum
2444 3355 2497 3407 in
2548 3363 2900 3408 monumento
2940 3352 3138 3407 dicitur
3167 3367 3261 3422 per
3288 3367 3419 3423 pro-

1837 3448 2009 3513 priam
2043 3460 2289 3509 carnem,
2337 3446 2427 3514 qui
2460 3455 2704 3499 mortuos
2732 3446 2981 3508 suscitat,
3033 3454 3091 3497 ut
3120 3458 3218 3497 nos
3254 3445 3418 3499 etiam

1837 3537 1998 3589 simul
2055 3551 2179 3590 cum
2235 3538 2350 3605 ipso
2399 3537 2741 3591 excitemur:
2788 3537 2930 3590 hanc
2980 3549 3217 3603 namque
3265 3535 3422 3590 nobis

1838 3626 2116 3681 innovavit
2147 3630 2310 3691 viam,
2339 3639 2392 3682 et
2424 3628 2528 3682 hac
2560 3628 2625 3683 de
2660 3642 2825 3681 causa
2870 3627 3175 3681 humiliavit
3214 3636 3415 3683 semet-

1838 3718 2036 3786 ipsum,
2072 3719 2137 3772 ad
2170 3719 2598 3775 exinanitionem
2628 3727 2682 3773 et
2712 3720 2777 3773 ad
2815 3718 3206 3772 humanitatem
3238 3719 3421 3774 nobis.

1839 3824 1958 3862 cum
1995 3825 2054 3865 se
2089 3809 2367 3877 dejiciens,
2403 3810 2651 3878 quamvis
2681 3809 2770 3864 ille
2820 3808 3141 3879 Unigenltus
3174 3808 3316 3865 Deus
3352 3822 3421 3862 ex

1838 3911 2030 3954 natura
2067 3910 2295 3955 essetet
2324 3916 2387 3953 ex
2428 3900 2536 3952 Deo
2568 3898 2732 3952 Patre
2762 3908 2930 3953 ortus.
2972 3900 3077 3952 Sed
3131 3899 3234 3953 iste
3267 3908 3422 3968 putat

1841 3996 2095 4045 nimirum
2128 4007 2247 4056 eos,
2280 3992 2369 4060 qui
2407 3992 2523 4045 haec
2566 3992 2645 4044 ita
2682 4005 2740 4044 se
2780 3991 2981 4044 habere
3011 3990 3325 4045 existimant
3367 4000 3422 4044 et

1840 4098 1965 4138 vere
1995 4085 2260 4148 sentiunt,
2302 4084 2365 4135 ad
2400 4092 2702 4137 extremum
2736 4097 2961 4136 summae
2990 4082 3273 4136 dementiae
3297 4095 3421 4150 per-

1840 4175 2051 4229 venisse
2095 4192 2108 4228 :
2153 4183 2207 4227 ct
2264 4175 2458 4242 ubique
2509 4182 2808 4241 praetexens
2860 4182 3114 4241 Oporterc
3164 4172 3294 4227 illud
3349 4187 3417 4226 ex

1840 4268 1947 4319 Deo
1983 4264 2145 4320 Patre
2190 4265 2423 4320 Verbum
2476 4264 2775 4332 impatibile
2823 4263 3089 4325 confiteri,
3137 4261 3420 4331 dispensa-

1843 4358 2004 4411 tionis
2034 4357 2248 4411 modum
2283 4358 2347 4409 ab
2378 4371 2442 4408 eo
2473 4355 2673 4419 aufert,
2706 4366 2761 4410 et
2789 4355 3005 4423 quidem
3042 4354 3094 4408 in
3136 4362 3330 4417 totum,
3368 4362 3423 4406 et

1839 4449 2235 4517 quodammodo
2264 4446 2424 4518 138
2450 4447 2793 4516 dedignatur,
2824 4458 2917 4499 aut
2947 4447 3173 4506 sentire,
3208 4455 3301 4497 aut
3340 4446 3422 4497 di-

1843 4556 1965 4593 cere
2010 4540 2138 4592 illud
2188 4555 2307 4591 esse
2355 4555 2450 4606 pro
2483 4540 2638 4592 nobis
2674 4552 2913 4605 passum,
2947 4536 3195 4603 quamvis
3247 4550 3419 4590 sacra:

1843 4632 2061 4685 Litterae
2114 4646 2280 4685 carne
2327 4646 2545 4699 passum
2595 4630 2800 4692 dicant,
2847 4630 2975 4682 licet
3026 4628 3323 4697 impatibile
3366 4638 3420 4679 et

1847 4724 2249 4791 incorporeum,
2299 4723 2423 4791 quia
2471 4736 2667 4789 corpus
2707 4736 2922 4789 passum
2968 4730 3051 4773 est
3090 4720 3256 4788 ipsius
3290 4732 3417 4787 pro-

1844 4816 2019 4882 prium
2075 4814 2283 4882 ipsique
2328 4813 2557 4865 unitum.
2594 4812 2736 4867 Dixit
2765 4822 2943 4866 autem
2972 4826 3161 4864 rursus
3190 4811 3242 4863 in
3278 4813 3420 4863 hunc

1845 4908 2057 4960 modum
2092 4925 2104 4959 :

156 5001 422 5072 λεγούσης
472 5002 684 5065 παθεῖν,
734 5002 830 5053 καὶ
859 4999 1043 5069 ἀπαθῆ
1080 5000 1175 5053 καὶ
1205 4998 1514 5067 ἀσώματον,
1550 5000 1629 5051 ὅτι
1667 4999 1727 5051 τὸ
1768 5002 1894 5055 ἴδιον
1962 5003 2123 5055 αὑτοῦ
2162 5003 2252 5057 καὶ
2318 5002 2518 5055 ἑνωθὲν
2554 5000 2701 5071 αὑτῷ
2752 4999 3017 5052 πέπονθεν
3054 5000 3233 5070 σῶμα.
3272 4999 3416 5067 Ἔφη

155 5098 209 5150 δὲ
234 5098 397 5151 πάλιν
430 5097 525 5148 ὡδί
554 5114 565 5124 ·

226 5187 368 5258 [Διά
396 5186 557 5239 τοῦτο
590 5188 715 5259 περὶ
746 5186 841 5254 τῆς
866 5186 1141 5256 ἡμετέρας
1175 5185 1424 5254 ἀπαρχῆς
1450 5227 1464 5252 ,
1493 5185 1520 5235 6
1550 5186 1731 5254 μακά-

162 5299 266 5350 ριος
302 5280 516 5350 Πέτρος
565 5277 973 5345 καταγγέλλων,
1008 5277 1103 5329 καὶ
1129 5278 1228 5346 τὴν
1257 5280 1319 5329 ὲκ
1353 5276 1450 5345 τῆς
1485 5276 1735 5344 θεότητος

158 5373 497 5442 φαινομένης
546 5370 761 5438 φύσεως
806 5368 1161 5437 διηγούμενος
1202 5366 1427 5436 ῦῴωσιν,
1469 5384 1484 5415 ι
1512 5366 1733 5429 Τοῦτον,

160 5467 340 5535 φησὶν,
372 5464 467 5517 τὸν
498 5460 703 5531 Ἰησοῦν
738 5462 1039 5530 ἀνέστησεν
1070 5463 1097 5512 6
1124 5460 1275 5521 Θεός.
1316 5478 1331 5508 ι
1367 5458 1477 5510 Οὐκ
1500 5458 1733 5510 ἀπέθανε

159 5560 306 5623 Θεὸς,
352 5558 492 5611 ἀ).λά
528 5556 849 5625 ἀνέστησεν.
884 5556 1079 5607 Ἀκουε
1110 5554 1217 5606 τῶν
1253 5552 1346 5606 τοῦ
1394 5554 1601 5623 Πέτρου
1640 5556 1735 5621 ῥη-

163 5654 377 5722 μάτων,
427 5649 807 5718 Ἀπολινάριε,
858 5647 1021 5699 ἄκουε
1073 5645 1167 5695 σὺν
1207 5644 1605 5713 Ἀπολιναρίιε),
1642 5644 1735 5693 καὶ

228 5832 271 5862 ὀ
311 5829 522 5881 Cnloss.
565 5842 599 5890 ι,
652 5806 811 5877 12-18
902 5823 942 5852 ἰ
984 5821 1100 5873 Act.
1148 5831 1205 5885 ιι,
1237 5817 1323 5870 2L

1915 5183 2151 5236 les'roa.
2198 5180 2339 5251 [Ideo
2374 5183 2438 5233 de
2472 5179 2669 5233 nostris
2701 5178 2802 5232 illis
2832 5177 3084 5246 primitiis
3121 5194 3244 5234 cum
3288 5196 3413 5250 age-

1845 5285 1924 5328 ret
1956 5277 2143 5327 beatus
2182 5274 2394 5334 Petrus,
2432 5284 2484 5324 et
2529 5271 2908 5325 exaltationem
2953 5271 3177 5324 visibilis
3209 5283 3415 5329 natura!

1842 5367 1891 5418 vi
1946 5365 2245 5419 divinitatis
2294 5364 2499 5419 factam
2554 5373 2857 5427 enarraret,
2924 5383 2940 5413 ι
2974 5363 3149 5429 llunc,
3214 5366 3411 5435 inquit,

1841 5456 2022 5511 Jcsum
2065 5458 2346 5510 suscitavit
2376 5457 2611 5519 Deus“;
2650 5475 2668 5506 ι
2703 5471 2805 5508 non
2844 5466 3087 5508 mortuus
3128 5464 3209 5510 est
3249 5456 3410 5517 Deus.

1844 5550 1935 5604 sed
1978 5549 2277 5604 suscitavit.
2317 5547 2475 5614 Audi,
2510 5548 2829 5617 Apollinari,
2866 5545 3009 5601 Petri
3052 5550 3245 5613 verba;
3289 5548 3412 5600 audi

1845 5655 1965 5695 cum
1996 5641 2326 5710 Apollinario
2363 5642 2543 5705 etiam,
2580 5640 2694 5693 Ari.
2743 5658 2759 5688 ι
2794 5637 2965 5704 Hunc,
3006 5639 3199 5707 inquit,
3230 5637 3411 5692 Jesum
