4078 6348
628 422 733 477 239

634 626 810 693 tur",
848 643 866 677 ι
903 625 992 693 qui
1038 624 1184 691 ligno
1221 618 1537 683 suilixus”,
1566 617 1655 685 qui
1705 614 1950 669 manibus
1976 612 2199 667 Thema:

633 726 1000 773 contrectatus
1023 712 1203 775 fuit",
1229 712 1318 782 qui
1362 711 1427 764 ad
1455 711 1625 779 ipsum
1650 706 1937 762 clamavit:
1965 724 1981 756 ι
2015 704 2202 775 Palpa,

633 810 759 880 quia
798 808 1019 877 spiritus
1066 819 1283 860 carnem
1316 810 1370 857 et
1410 816 1531 856 ossa
1578 814 1682 854 non
1729 801 1913 868 habet,
1951 800 2090 857 sicut
2120 813 2205 851 me

636 899 832 953 videtis
859 897 1063 951 habere
1085 896 1170 958 ";
1202 911 1221 945 ι
1257 893 1447 960 hisque
1474 904 1768 959 persuasus
1800 888 2096 957 discipulus
2118 885 2205 939 ille

636 988 878 1052 vocibus,
910 996 963 1041 et
992 984 1422 1040 contrectatione
1456 981 1702 1036 cruciﬁxi
1731 981 1974 1049 corporis
2010 979 2075 1032 de
2118 990 2203 1030 re-

639 1079 979 1136 surrectione
1014 1077 1214 1132 certior
1249 1076 1442 1137 factus,
1477 1073 1873 1128 admirabilium
1903 1085 2083 1124 rerum
2128 1067 2207 1121 cl-

638 1172 898 1226 i‘ectorem
957 1169 1124 1223 Deum
1170 1165 1547 1237 gloriﬁcabat:
1584 1182 1601 1215 ι
1636 1163 1895 1217 Dominus
1940 1175 2113 1225 meus,
2154 1167 2208 1210 et

640 1263 781 1316 Deus
808 1276 983 1324 meus,
1012 1259 1107 1313 tibi
1144 1258 1313 1327 gloria
1340 1256 1425 1310 "z
1461 1274 1480 1307 ι
1517 1270 1624 1310 non
1661 1254 1801 1323 quod
1832 1252 2209 1307 contrectaba—

641 1364 727 1408 tor
781 1350 1056 1420 appellans
1096 1348 1303 1411 Deum;
1362 1358 1535 1413 neque
1586 1344 1730 1398 enim
1784 1342 2209 1395 contrectatione

641 1443 895 1497 divinitas
934 1439 1231 1495 invenitur.
1266 1436 1333 1490 Et
1364 1444 1478 1503 post
1514 1434 1622 1487 alia
1653 1450 1669 1486 :
1702 1432 1779 1487 De
1819 1432 1921 1486 hoc
1958 1429 2208 1501 palpabili

640 1535 803 1588 etiam
853 1533 1045 1588 Petrus
1095 1530 1409 1584 clamabat:
1444 1546 1462 1578 ‹
1498 1526 1651 1581 l-lunc
1692 1523 1875 1581 Jesum
1930 1523 2211 1578 suscitavit

642 1623 860 1679 Deus".
892 1640 911 1673 ι
936 1648 1004 1662 -
1049 1640 1067 1672 ι
1089 1619 1320 1673 Dextera
1344 1618 1506 1686 igitur
1532 1616 1623 1670 Dei
1669 1615 1936 1669 exaltatus
1958 1613 2026 1666 ⁸⁸.
2072 1632 2089 1663 ι
2119 1612 2213 1666 De-

641 1722 791 1767 xtera
820 1720 997 1765 autem
1032 1723 1187 1778 opem
1218 1707 1421 1761 ferente
1448 1707 1586 1759 Deus
1620 1702 1853 1757 Verbum
1882 1717 1985 1756 non
2005 1701 2209 1770 indige-

642 1806 767 1869 bat,
792 1799 936 1873 Ari.]

1281 1928 1433 1985 CAP.
1481 1927 1564 1981 Vl.

714 2066 953 2126 Suscitat
972 2067 1187 2137 quidem
1207 2062 1375 2118 Filius
1398 2072 1659 2126 mortuos,
1680 2074 1910 2128 eumque
1934 2066 2104 2113 morte
2119 2070 2213 2125 po-

640 2164 925 2218 tentiorem
949 2158 1272 2213 conlitemur
1292 2199 1304 2221 ,
1339 2167 1606 2209 memores
1632 2152 1777 2206 illum
1803 2150 2014 2204 disertis
2037 2147 2213 2202 verbis

643 2254 887 2309 dixisse:
930 2268 947 2301 ι
982 2249 1093 2317 Ego
1126 2263 1244 2301 sum
1281 2245 1611 2299 resurrectio
1650 2252 1705 2297 et
1743 2242 1851 2294 vita
1868 2240 1944 2304 θος
1978 2259 1997 2291 ι
2034 2248 2213 2292 tamen

643 2357 765 2395 cum
787 2340 977 2396 beatus
1007 2337 1198 2390 Petrus
1227 2334 1381 2388 nobis
1409 2332 1717 2396 annuntiat,
1745 2332 1929 2384 dicens
1963 2350 1975 2382 :
2016 2346 2033 2378 ι
2060 2326 2213 2380 Hunc

643 2429 826 2488 Jesum
870 2428 1153 2483 suscitavit
1188 2424 1352 2487 Deus,
1385 2441 1404 2474 ι
1441 2423 1619 2491 ipsum
1670 2435 1789 2475 esse
1827 2421 2099 2475 credimus
2125 2417 2214 2472 Je-

645 2537 785 2589 sum,
836 2518 965 2573 illud
1008 2516 1148 2585 quod
1200 2516 1361 2568 homo
1404 2512 1601 2565 factum
1652 2520 1736 2566 est
1765 2510 2025 2563 Verbum.
2074 2508 2217 2573 Quo-

646 2613 804 2668 modo
832 2623 961 2679 ergo
993 2607 1312 2661 suscitatum
1348 2604 1521 2671 ipsum
1562 2618 1590 2655 a
1626 2601 1787 2657 Patre
1813 2602 2098 2671 quisquam
2130 2601 2216 2654 di-

644 2713 753 2768 cat,
778 2711 833 2757 et
874 2701 992 2770 ejus
1036 2698 1225 2752 dextra
1274 2693 1608 2748 exaltatum?
1652 2693 1766 2747 haec
1822 2706 2054 2760 namque
2088 2699 2218 2761 puto

645 2793 885 2865 apertius
937 2788 1261 2845 declaranda
1316 2798 1438 2839 esse
1491 2784 1556 2837 iis
1611 2785 1702 2853 qui
1762 2782 2062 2852 intelligere
2125 2796 2217 2835 ne-

646 2892 872 2954 queunt,
905 2892 989 2947 ut,
1023 2876 1268 2934 scandali
1300 2877 1591 2929 occasione
1641 2874 1874 2937 sublata,
1913 2884 2116 2927 rectam
2163 2882 2216 2928 et

645 2985 845 3030 certam
878 2970 1125 3026 veritatis
1154 2967 1296 3020 viam
1344 2965 1655 3019 reddamus.
1699 2963 1857 3017 Dedit
1896 2976 2027 3032 ergo
2060 2962 2216 3016 morti

645 3068 923 3138 proprium
943 3075 1137 3131 corpus
1162 3058 1228 3112 ad
1254 3056 1521 3112 modicum
1542 3064 1750 3125 tempus
1776 3071 1791 3110 :
1822 3072 1838 3105 ι
1865 3053 2050 3109 Gratia
2072 3069 2219 3108 nam-

645 3173 749 3228 que
775 3155 891 3220 Dei,
921 3173 939 3205 ι
970 3165 1028 3207 ιιι
1058 3151 1235 3221 inquit
1272 3148 1488 3212 Paulus,
1523 3165 1541 3197 ι
1562 3162 1659 3216 pro
1685 3147 1938 3201 omnibus
1982 3146 2218 3216 gustavit

646 3257 876 3301 mortem
901 3245 945 3299 ι.
976 3261 994 3293 ι
1039 3241 1241 3296 Deinde
1274 3254 1396 3294 cum
1427 3240 1541 3307 ipse
1582 3247 1727 3293 esset
1773 3237 1862 3292 illa
1894 3238 2211 3293 viviﬁcatrix
2242 3263 2290 3327 ο

646 3334 737 3388 Dei
786 3332 1069 3400 Patrisque
1114 3329 1310 3382 dextra
1354 3335 1513 3394 atque
1542 3327 1803 3394 potentia,
1843 3336 2015 3380 morte
2054 3334 2219 3415 atque

645 3422 986 3493 corruptione
1025 3418 1291 3473 valentius
1339 3414 1469 3470 illud
1519 3412 1738 3481 effecit;
1780 3414 1846 3469 ad
1888 3414 2049 3482 idque
2094 3412 2215 3469 cre-

645 3518 877 3573 dendum
921 3511 1160 3581 locuples
1202 3507 1360 3564 nobis
1396 3507 1512 3576 ipse
1549 3508 1705 3561 testis
1748 3506 1872 3570 erit,
1915 3507 2103 3560 dicens
2130 3502 2218 3560 Ju-

644 3608 814 3663 daeis:
852 3623 871 3656 ι
904 3603 1109 3659 Solvite
1158 3599 1416 3669 templum
1450 3599 1576 3663 hoc,
1606 3606 1659 3652 et
1710 3599 1762 3652 in
1810 3598 1982 3653 tribus
2029 3597 2219 3653 diebus

644 3698 895 3753 excitabo
951 3694 1082 3749 illud
1107 3693 1149 3745 ⁸.
1198 3708 1217 3741 ι
1294 3689 1535 3755 intelligo
1583 3701 1713 3758 ergo
1761 3689 2218 3757 quemadmodum

646 3802 802 3843 suum
849 3801 908 3842 se
936 3783 1196 3854 templum
1230 3780 1587 3835 excitaturum
1637 3778 1938 3847 pollicetur,
1970 3778 2218 3848 quamvis

645 3876 789 3933 Deus
816 3891 878 3931 ac
903 3873 1065 3929 Pater
1091 3873 1304 3927 dicatur
1334 3871 1633 3924 excitasse:
1665 3870 1851 3923 dextra
1880 3883 2131 3938 namque,
2160 3875 2219 3922 ut

644 3968 777 4033 dixi,
831 3977 886 4021 et
946 3962 1188 4034 potentia
1241 3961 1419 4014 Patris
1473 3959 1556 4011 illa
1602 3959 1924 4012 viviﬁcatrix
1968 3968 2052 4013 est
2104 3959 2218 4028 ipse

644 4058 828 4111 Filius.

719 4147 878 4220 139
930 4145 1115 4215 itaque
1150 4143 1360 4199 etiamsi
1397 4139 1563 4195 divini
1597 4139 1738 4193 illius
1765 4138 1947 4206 templi
1980 4137 2220 4193 viviﬁca-

647 4241 845 4295 tionem
894 4237 1105 4293 eliicere
1150 4233 1313 4288 Pater
1357 4233 1607 4293 dicatur,
1663 4228 1841 4284 eﬂ‘ecit
1890 4240 2069 4284 tamen
2123 4246 2221 4300 per

646 4332 883 4398 Filium;
917 4329 1271 4396 vicissimque
1317 4323 1528 4379 etiamsi
1574 4322 1717 4376 illam
1764 4321 1930 4375 Filius
1975 4321 2219 4379 etl'eeisse

645 4427 909 4489 videatur,
953 4438 1056 4476 non
1093 4430 1270 4474 tamen
1312 4418 1447 4471 citra
1495 4415 1708 4471 Patrem
1749 4413 1800 4466 in
1836 4413 2081 4483 Spiritu:
2112 4430 2216 4469 uua

645 4518 789 4571 enim
831 4512 1130 4570 divinitatis
1173 4520 1364 4565 natura
1404 4509 1457 4562 in
1487 4508 1661 4561 tribus
1690 4508 1923 4577 prOpriis
1955 4508 2213 4577 liyposta-

1650 413 1705 465 S.
1746 410 2013 466 CYRILLI
2056 405 2523 463 ALEXANDRINI
2565 402 2883 459 ARCHIEP.

630 536 911 594 suscitavit
965 534 1141 598 Deus,
1200 532 1292 602 qui
1352 529 1614 593 cernitur,
1676 528 1768 595 qui
1828 526 2001 580 oculis
2065 526 2210 578 vide-

2316 523 2500 590 Ἀρειε
2580 538 2594 569 ι
2630 516 2852 579 Τοῦτον,
2900 516 3034 585 φησὶ
3061 557 3074 578 ,

3774 393 3878 445 2ιο

3123 514 3212 565 τὸν
3271 510 3476 578 Ἰησοῦν
3512 507 3802 575 ἀνέστησεν
3853 507 3882 556 6

2306 610 2439 673 Θεὸς
2463 609 2553 660 τὸν
2586 608 2931 676 φαινόμενον,
2960 604 3145 657 τοῦτον
3176 604 3265 655 τὸν
3298 602 3571 672 ὁρώμενον
3594 600 3825 668 ὄμμασι,
3856 615 3873 647 ι

2310 701 2401 754 τὸν
2447 700 2588 770 ξύλῳ
2632 696 3076 769 προσηλωθέντα,
3108 695 3199 747 τὸν
3228 696 3347 754 ταῖς
3376 691 3471 743 τοῦ
3508 691 3677 761 Θωμᾶ
3720 688 3884 758 ψηλα-

2316 791 2555 861 φηθέντα
2580 789 2755 861 χερσὶ,
2787 787 2880 840 τὸν
2909 787 3047 855 πρὸς
3076 784 3239 840 αὑτὸν
3267 783 3576 854 κεκραγότα
3596 797 3609 809 '
3644 800 3662 833 ι
3698 780 3883 850 Ψηλά-

2312 899 2506 952 φησον,
2536 882 2618 934 ὅτι
2657 879 2878 949 πνεῦμα
2908 880 3085 948 σάρκα
3115 877 3207 930 καὶ
3236 876 3398 930 ὀστέα
3425 876 3526 927 οῦκ
3551 875 3684 945 ἔχει,
3705 872 3885 937 καθὼς

2308 974 2407 1042 ἐμὲ
2430 973 2683 1044 Θεωρεῖτε
2703 971 2895 1041 ἔχοντα
2912 987 2925 1001 ·
2941 989 2960 1022 ›
2988 971 3083 1024 καὶ
3097 968 3321 1031 ταύταις
3340 968 3582 1031 πεισθεὶς
3596 969 3623 1018 6
3640 964 3887 1037 μαθητὴς

2306 1068 2423 1127 ταῖς
2453 1066 2680 1131 φωναῖς,
2706 1062 2802 1114 καὶ
2834 1064 2898 1132 τῇ
2934 1060 3246 1131 ψηλαφήσει
3281 1057 3569 1129 [περὶτῆς]
3600 1056 3694 1110 τοῦ
3729 1073 3888 1109 σταυ-

2312 1155 2574 1225 ρωθέντος
2616 1152 2867 1222 σώματος
2902 1151 3145 1215 πεισθεὶς
3184 1152 3555 1212 ἀναστάσεως,
3588 1148 3679 1200 τὸν
3705 1164 3886 1218 παρα-

2308 1246 2579 1314 δοξοποιὸν
2603 1245 2896 1313 ὲδοξολόγει
2917 1244 3049 1298 Θεόν
3070 1259 3087 1277 ο
3120 1262 3137 1294 ι
3158 1244 3217 1296 'U
3237 1242 3441 1313 Κύριός
3469 1257 3569 1311 μου
3592 1241 3686 1293 καὶ
3707 1242 3736 1293 6
3754 1239 3885 1300 Θεός

2312 1356 2433 1409 μου,
2456 1338 2582 1401 δόξα
2609 1354 2692 1390 σοι
2713 1353 2724 1364 ·
2740 1356 2756 1386 ι
2779 1337 2839 1389 οὐ
2865 1337 2926 1389 τὸ
2941 1334 3263 1407 ψηλαφηθὲν
3287 1332 3711 1404 προσαγορεύων
3731 1330 3886 1384 Θεόν⁶

2310 1429 2431 1482 οὐδὲ
2472 1430 2581 1497 γὰρ
2631 1427 2948 1497 ψηλαφήσει
2997 1426 3189 1496 θεότης
3229 1425 3561 1495 εὑρίσκεται.
3599 1424 3710 1477 Καὶ
3758 1422 3891 1492 μεθ’

2310 1520 2503 1589 ἕτερα,
2555 1518 2691 1590 Περὶ
2738 1517 2832 1571 τοῦ
2865 1516 3189 1589 ψηλαφητοῦ
3242 1514 3430 1569 τούτου
3478 1515 3572 1568 καὶ
3615 1515 3643 1565 6
3687 1513 3891 1584 Πέτρος

2312 1610 2460 1664 ἐϐόα.
2492 1610 2722 1663 «Τοῦτον
2750 1610 2844 1662 τὸν
2874 1610 3082 1679 Ἰησοῦν
3109 1608 3402 1675 ἀνέστησεν
3428 1609 3455 1659 6
3477 1606 3661 1668 Θεός.»
3690 1635 3759 1646 —
3781 1604 3889 1674 «Τῇ

2311 1700 2461 1770 δεξιᾷ
2492 1697 2585 1754 οὖν
2612 1700 2707 1753 τοῦ
2730 1700 2864 1753 Θεοῦ
2900 1698 3153 1769 ὑψωθείς.
3182 1715 3201 1747 ι
3229 1698 3420 1761 Δεξιᾶς
3444 1697 3499 1750 δὲ
3535 1695 3834 1767 βοηθούσης
3859 1695 3890 1747 6

2312 1791 2442 1854 Θεὸς
2471 1792 2643 1859 Λόγος
2665 1791 2766 1843 οὐκ
2789 1790 3040 1860 ἔχρῃζεν,
3072 1790 3278 1859 ’Δρειε.

2915 1924 3168 1978 κεοΑΑ.
3210 1922 3296 1991 cr.

2398 2058 2671 2128 Ἀνίστησι
2707 2058 2804 2128 μὲν
2850 2061 2878 2113 6
2922 2058 3050 2124 Υἱὸς
3082 2076 3207 2122 τους
3235 2059 3461 2128 νεκροὺς
3482 2102 3497 2125 ,
3532 2059 3627 2111 καὶ
3656 2056 3889 2113 θανάτου

2314 2149 2599 2219 κρείττονα
2633 2150 2813 2219 φαμὲν
2843 2150 3108 2223 ὑπάρχειν
3152 2151 3317 2204 αὐτόν
3340 2166 3356 2181 °
3405 2148 3733 2221 μεμνήμεθα
3778 2149 3892 2219 γὰρ

2314 2239 2619 2309 ἀναφανδὸν
2646 2241 2929 2312 εἰρηκότος
2948 2257 2962 2272 ⁸
2993 2260 3012 2293 ι
3035 2241 3179 2308 Ἐγώ
3203 2244 3318 2312 εἰμι
3350 2244 3384 2311 ἡ
3416 2240 3715 2303 ἀνάστασις
3741 2241 3835 2293 καὶ
3856 2242 3891 2309 ἡ

2315 2328 2427 2398 ζωή
2450 2345 2464 2358 ο
2502 2347 2521 2381 ι
2561 2329 2700 2400 πλὴν
2728 2332 2854 2384 ὅταν
2881 2333 3014 2401 ἡμῖν
3048 2331 3077 2383 6
3104 2330 3390 2393 θεσπέσιος
3424 2331 3629 2398 Πέτρος
3658 2332 3895 2397 εὐαγγε-

2315 2419 2551 2491 λίζηται,
2593 2421 2800 2488 λέγων’
2859 2440 2877 2473 ι
2908 2422 3106 2476 Τοῦτον
3137 2423 3226 2476 τὸν
3268 2422 3476 2493 Ἰησοῦν
3520 2422 3819 2494 ἀνέστησεν
3867 2424 3897 2474 6

2315 2511 2468 2575 Θεὸς,
2494 2531 2511 2562 ι
2537 2512 2698 2565 αὐτὸν
2726 2509 2865 2569 εἶναι
2892 2514 3224 2585 πιστεύομεν
3263 2514 3469 2586 Ἰησοῦν
3500 2515 3592 2569 τὸν
3616 2513 3896 2586 ὲνανθρωα

2317 2606 2568 2677 πήσαντα
2596 2608 2786 2674 Λόγον.
2817 2606 2942 2670 Πῶς
2969 2602 3061 2660 οῦν
3090 2606 3388 2677 ὲγηγέρθαι
3427 2606 3560 2677 φαίη
3587 2624 3672 2670 τις
3700 2607 3767 2660 ἂν
3796 2608 3898 2660 αύ-

2315 2697 2408 2749 τὺν
2458 2697 2609 2767 παρά
2640 2697 2731 2750 τοῦ
2764 2697 2997 2763 Πατρδς,
3030 2696 3277 2766 ὑψῶσθαί
3310 2713 3369 2749 τε
3401 2701 3468 2767 τῇ
3502 2695 3667 2750 αὐτοῦ
3707 2696 3896 2766 δεξιᾷ;

2318 2791 2515 2859 χρῆναι
2544 2788 2653 2858 γὰρ
2700 2782 2852 2856 οἶμαι
2892 2789 3051 2841 ταυτὶ
3089 2787 3505 2858 διατρανοῦσθαι
3559 2787 3746 2856 σαφῶς
3784 2791 3897 2850 τοῖς

2318 2879 2419 2931 οὐκ
2443 2878 2627 2948 έχουσι
2648 2882 2809 2945 νοεῖν,
2827 2880 2917 2933 ἴνα
2938 2880 3034 2933 καὶ
3055 2879 3155 2948 τὴν
3177 2879 3273 2932 τοῦ
3298 2879 3598 2934 σκανδάλου
3622 2880 3900 2950 πρόφασιν

2318 2967 2735 3036 ἀποκείραντες,
2761 2967 2929 3039 ὀρθὴν
2958 2967 3053 3021 καὶ
3079 2968 3493 3038 ἀπλανεστάτην
3521 2969 3619 3039 τὴν
3642 2970 3744 3040 τῆς
3771 2970 3901 3041 ἀλη·

2319 3055 2471 3119 θείας
2495 3058 2866 3129 ἀποφήνωμεν
2886 3058 3025 3111 ὁδόν.
3051 3059 3262 3113 Δέδωκε
3297 3060 3474 3113 τοίνυν
3496 3060 3557 3113 τὸ
3586 3060 3716 3113 ἴδιον
3739 3060 3903 3130 σῶμα

2318 3146 2395 3216 τῷ
2421 3146 2635 3218 θανάτῳ
2666 3150 2801 3218 πρὸς
2836 3149 3009 3220 βραχύ
3032 3166 3044 3179 °
3089 3168 3107 3201 ι
3142 3151 3341 3221 Χάριτι
3376 3151 3487 3221 γάρ
3518 3152 3717 3216 Θεοῦ,⁸›
3754 3154 3901 3206 καθά

2320 3253 2485 3307 φησιν
2513 3239 2799 3305 ό-Παῦλος,
2828 3258 2846 3291 ι
2878 3241 3020 3311 ὑπὲρ
3060 3242 3262 3304 παντὸς
3296 3241 3562 3309 ἐγεύσατο
3588 3242 3842 3297 θανάτου.
3875 3263 3895 3294 ι

2320 3323 2455 3381 Εῐτα
2486 3328 2745 3397 ὑπάρχων
2792 3329 2955 3392 αὐτὸς
2984 3331 3018 3398 ἠ
3070 3328 3335 3395 ζωοποιδς
3369 3330 3462 3383 τοῦ
3494 3331 3628 3384 Θεοῦ
3660 3333 3752 3385 καὶ
3785 3332 3902 3387 Πα-

2318 3417 2447 3486 τρὸς
2466 3416 2615 3481 δεξιά
2648 3419 2742 3471 καὶ
2762 3418 3011 3490 δύναμις,
3039 3419 3246 3492 φθορᾶς
3270 3422 3364 3475 καὶ
3392 3422 3623 3476 θανάτου
3650 3426 3904 3491 κρεῖττον

2320 3504 2602 3576 ἀπέφηνεν
2637 3507 2797 3559 αὐτό·
2836 3509 2928 3563 καὶ
2954 3510 3091 3578 πρός
3120 3527 3181 3578 γε
3206 3511 3365 3565 τοῦτο
3391 3514 3537 3582 ἡμᾶς
3568 3512 3903 3568 πιστώσεται

2319 3592 2492 3662 λέγων
2526 3596 2663 3662 πρὸς
2708 3597 3028 3661 ’ῐουδαίουςο
3085 3617 3104 3650 ι
3136 3600 3350 3654 Λύσατε
3404 3603 3496 3656 τὸν
3520 3604 3645 3655 ναὸν
3682 3605 3900 3670 τοῦτον,

2318 3685 2413 3739 καὶ
2460 3687 2519 3738 ἐν
2566 3686 2746 3757 τρισὶν
2792 3688 3030 3759 ἡμέραις
3078 3689 3257 3760 ἐγερῶ
3310 3691 3495 3745 αὐτόν.
3535 3712 3554 3745 ι
3605 3693 3771 3758 Σύνες
3808 3693 3904 3750 οῦν

2321 3780 2471 3844 ὅπως
2506 3780 2669 3844 αὐτὸς
2704 3781 2940 3852 ἐγείρειν
2972 3782 3063 3834 τὸν
3096 3783 3289 3837 ἑαυτοῦ
3320 3785 3447 3837 ναὸν
3480 3787 3902 3855 ἐπαγγέλλεται,

2321 3871 2501 3924 καίτοι
2530 3869 2626 3923 τοῦ
2671 3871 2805 3926 Θεοῦ
2857 3873 2953 3925 καὶ
2994 3872 3206 3943 Πατρὸς
3235 3876 3538 3944 ἀναστῆσαι
3565 3876 3865 3947 λεγομένου
3887 3896 3900 3908 ’

2321 3961 2470 4026 δεξιά
2493 3961 2623 4033 γὰρ,
2647 3962 2723 4025 ὼς
2749 3962 2908 4034 ἔφην,
2947 3964 3066 4016 ἐστὶ
3101 3963 3196 4017 καὶ
3222 3963 3449 4034 δύναμις
3478 3963 3572 4017 τοῦ
3615 3965 3830 4038 Ῑῐατρὺς
3866 3970 3901 4039 ὴ

2320 4050 2602 4120 ζωοποιδς,
2630 4054 2658 4104 6
2686 4053 2829 4117 Υἱός.

2391 4145 2556 4198 Ὥστε
2582 4144 2685 4199 κᾶν
2714 4146 2957 4215 ἐνεργεῖν
2978 4147 3006 4199 6
3029 4146 3221 4217 Πατὴρ
3249 4145 3471 4217 λέγηται
3500 4150 3599 4220 τὴν
3627 4148 3721 4204 τοῦ
3753 4150 3905 4205 θείου

2320 4235 2449 4290 ναοῦ
2488 4234 2836 4307 ζωοποίησιν,
2877 4237 3149 4308 ὲνήργηκε
3184 4238 3250 4289 δι’
3286 4236 3447 4291 Υἱοῦο
3496 4238 3597 4292 κᾶν
3630 4240 3679 4292 εί
3725 4240 3905 4311 ὁρῷτο

2320 4327 2480 4381 πάλιν
2509 4330 2537 4380 6
2574 4328 2700 4390 Υἱὸς
2731 4330 3052 4399 ἐνεργήσας,
3082 4328 3195 4381 ἀλλ’
3222 4328 3282 4382 ού
3312 4329 3435 4400 δίχα
3470 4329 3565 4383 τοῦ
3595 4332 3815 4402 Πατρὸς
3843 4335 3904 4386 ἐν

2318 4416 2620 4487 Πνεύματι.
2672 4418 2788 4471 Μια
2838 4416 2947 4487 γὰρ
2999 4418 3033 4488 ἡ
3082 4417 3336 4488 θεότητος
3389 4419 3588 4489 φύσις,
3632 4424 3691 4476 ὲν
3720 4425 3905 4495 τρισὶν

2319 4508 2681 4563 ὑποστάσεσιν
2710 4510 2903 4574 ίδικαῖς
2931 4511 3221 4582 νοουμένη,
3246 4513 3341 4566 κα)⁴
3361 4514 3459 4583 τὴν
3482 4515 3567 4584 ἐφ’
3589 4516 3759 4571 ἆπασι
3787 4522 3905 4583 τοῖς

643 4607 794 4661 sibus
844 4603 1188 4671 intelligitur,
1238 4606 1293 4654 et
1344 4599 1397 4653 iu
1444 4598 1694 4653 omnibus
1755 4595 1915 4650 rebus
1961 4598 2214 4666 gerendis

2319 4600 2619 4671 δρωμένοις
2648 4603 2864 4671 κίνησίν
2896 4619 2957 4655 τε
2993 4604 3088 4655 καὶ
3119 4604 3399 4675 ἐνέργειαν
3448 4606 3667 4676 ἔχουσα,
3702 4612 3903 4681 νοητὴν

642 4706 848 4751 motum
891 4694 1052 4748 habet
1081 4700 1241 4760 atque
1279 4690 1673 4759 operationem,
1714 4685 2013 4757 spiritalem
2048 4688 2213 4742 nimi-

644 4802 765 4841 rum
805 4794 858 4839 et
885 4784 994 4839 Deo
1031 4783 1268 4851 dignam.
1313 4780 1658 4836 Concedebat
1698 4796 1827 4850 ergo
1859 4795 2055 4848 corpus
2090 4794 2213 4847 pro.

642 4878 775 4947 priae
818 4884 1023 4928 naturae
1068 4874 1294 4943 legibus,
1326 4882 1381 4926 et
1433 4872 1622 4926 mortis
1657 4871 2014 4941 gustationem
2065 4874 2215 4927 exci-

642 4965 847 5035 piebat,
884 4963 1044 5031 idque
1074 4977 1197 5016 cum
1228 4963 1432 5014 unitum
1478 4960 1607 5013 illud
1641 4960 1874 5015 Verbum
1914 4970 2211 5031 opportune

647 5056 757 5125 pati
787 5056 1023 5119 sineret;
1057 5053 1149 5107 sed
1177 5050 1229 5105 vi
1260 5051 1437 5105 divina
1470 5052 1605 5104 uniti
1647 5052 1748 5106 sibi
1787 5057 2080 5107 secundum
2111 5055 2213 5124 by-

647 5144 904 5214 postasim
939 5142 1101 5197 Verbi
1143 5140 1534 5195 viviﬁcabatur.
1568 5141 1761 5194 Totum
1795 5143 1956 5210 igitur
1986 5144 2206 5198 Emma-

648 5238 773 5290 nuel
813 5235 1178 5305 intelligimus,
1217 5233 1360 5300 quod
1414 5242 1497 5287 est
1542 5231 1975 5301 interpretatum,
2014 5234 2212 5289 Nobis-

648 5345 764 5381 cum
799 5327 956 5390 Deus,
986 5342 1105 5381 cum
1135 5326 1349 5381 beatum
1380 5324 1596 5379 Petrum
1625 5326 1892 5380 dicentem
1928 5327 2211 5381 audimus:

652 5441 669 5473 ι
707 5420 857 5474 Hunc
897 5417 1077 5473 Jesum
1115 5417 1394 5473 suscitavit
1424 5416 1599 5476 Deus;
1632 5436 1650 5467 ι
1680 5418 1896 5471 etiamsi
1949 5418 2095 5471 illum
2133 5420 2210 5470 vi-

645 5512 852 5568 sibilem
885 5511 1033 5565 dicas
1062 5519 1115 5565 et
1149 5510 1290 5579 ligno
1338 5506 1609 5575 suillxum,
1665 5508 1810 5562 illum
1842 5508 2061 5563 Thoma:
2099 5526 2213 5563 ma-

714 5718 761 5748 "
792 5715 913 5768 Act.
948 5727 1067 5772 xm,
1100 5710 1187 5765 '50.
1286 5709 1331 5740 ”
1366 5709 1485 5761 Act.
1516 5723 1565 5771 ν,
1607 5708 1693 5761 50.

668 5785 853 5841 'Psal.
877 5797 1039 5845 cxvu,
1072 5780 1154 5833 16.
1228 5781 1271 5813 ”
1304 5778 1454 5832 ίοιιιι.
1485 5794 1557 5841 ιι,
1582 5779 1671 5830 25.
1752 5779 1765 5806 ¹
1810 5778 1966 5832 Hebr.
2012 5795 2069 5841 ιι,
2100 5781 2153 5834 9.

1771 5708 1814 5737 ’⁸
1854 5706 2005 5761 Joan.
2046 5724 2134 5771 xx,
2160 5710 2249 5764 23.

2320 4691 2564 4760 δηλονότι
2602 4693 2698 4746 καὶ
2746 4692 3048 4765 θεοπρεπῆ.
3082 4694 3289 4749 Οὐκοῦν
3334 4697 3647 4769 παρεχώρει
3696 4700 3800 4769 μὲν
3840 4704 3904 4754 τὸ

2321 4782 2478 4851 σῶμα
2505 4785 2618 4846 τοῖς
2646 4782 2746 4853 τῆς
2779 4784 2912 4847 ιδίας
2944 4783 3158 4852 φύσεως
3189 4786 3395 4855 νόμοις,
3426 4791 3519 4841 καὶ
3544 4788 3644 4858 τὴν
3676 4791 3773 4843 τοῦ
3806 4791 3903 4845 θα-

2321 4874 2482 4929 νάτου
2511 4876 2700 4938 γεῦσιν
2728 4877 2960 4946 ἐδέχετο,
2980 4878 3071 4929 καὶ
3095 4877 3254 4932 τοῦτο
3282 4879 3474 4933 παθεῖν
3496 4881 3720 4950 ἐφέντος
3748 4884 3904 4955 αὐτῷ

2320 4964 2606 5034 χρησίμως
2635 4964 2727 5017 τοῦ
2773 4965 3067 5030 ἑνωθέντος
3098 4968 3303 5035 Λόγουο
3340 4968 3458 5039 θείᾳ
3486 4987 3549 5039 γε
3586 4972 3694 5043 μὴν
3728 4973 3899 5038 etwa.

2320 5059 2524 5109 ποιεῖτο
2551 5057 2778 5127 δυνάμει
2811 5061 2879 5129 τῇ
2925 5058 3021 5111 τοῦ
3071 5059 3362 5124 ἑνωθέντος
3402 5061 3552 5132 αύτῷ
3600 5063 3723 5117 καθ’
3761 5065 3899 5119 ὑπό-

2319 5164 2507 5199 στασιν
2537 5148 2733 5215 Λόγου.
2761 5150 2919 5202 Ὅλον
2949 5146 3041 5203 οῦν
3080 5150 3308 5221 νοοῦμεν
3336 5152 3425 5203 τὸν
3463 5154 3835 5227 Ἐμμανουήλ,
3868 5159 3899 5210 ὅ

2316 5239 2431 5289 ἐστι
2456 5237 3012 5311 μεθερμηνευόμενον,
3030 5244 3166 5297 Μεθ’
3182 5243 3353 5311 ’ἡμῶν
3368 5246 3401 5297 ὀ
3421 5246 3584 5312 Θεὸς,
3598 5246 3726 5299 ὅταν
3741 5248 3901 5302 ἀκού-

2321 5345 2502 5399 σωμεν
2534 5330 2782 5397 λέγοντος
2810 5330 2903 5386 τοῦ
2934 5332 3220 5388 θεσπεσίου
3251 5336 3489 5405 Πέτρου*
3531 5357 3549 5389 ι
3577 5337 3779 5392 Τοῦτον
3806 5340 3901 5393 τὸν

2332 5420 2536 5488 Ἰησοῦν
2566 5422 2864 5493 ἀνέστησεν
2900 5426 2928 5476 6
2957 5424 3089 5487 Θεός
3111 5443 3124 5457 ο
3150 5445 3170 5477 ι
3216 5428 3320 5480 κᾶν
3358 5429 3448 5480 τὸν
3488 5428 3766 5499 ὁρώμενον
3808 5430 3897 5483 λέ-

2320 5526 2441 5581 γῃς,
2474 5513 2565 5563 καὶ
2596 5514 3016 5585 προσηλωθέντα
3042 5516 3119 5586 τῷ
3146 5515 3308 5586 ξύλῳ,
3332 5520 3424 5571 τὸν
3455 5522 3573 5582 ταῖς
3596 5519 3690 5571 τοῦ
3723 5520 3899 5590 Θωμᾶ

2327 5712 2369 5740 ⁸³
2404 5710 2702 5785 [Αιαιιξιικ
2738 5715 2823 5769 59.
2904 5718 2946 5747 ’⁸
2984 5717 3142 5773 Joan.
3188 5735 3279 5785 xx,
3311 5718 3399 5775 28.
3477 5722 3521 5754 ³⁷
3552 5722 3672 5774 Act.
3709 5738 3749 5776 ιι
3799 5723 3870 5775 2:

2232 5782 2250 5808 '
2282 5778 2434 5833 Joan.
2473 5796 2533 5843 ιι,
2560 5782 2645 5836 19.
