4078 6348
166 378 256 422 241

1220 383 1585 439 ADVERSUS
1625 384 2027 441 NESTORIUM
2073 386 2201 440 LIB.
2246 386 2308 439 ν.

3294 386 3402 441 (2-ιῖ

178 480 547 550 ψηλαφηθέντα
568 482 771 553 χερσὶν,
789 484 939 538 οὐδὲν
958 485 1118 559 ἦττον
1136 492 1299 559 ἡμεῖς
1319 496 1734 565 σεσαρκωμένον

1844 499 1998 554 nibus
2030 507 2447 565 contrectatum,
2475 495 2827 556 nihilominus
2858 500 2988 558 illud
3018 515 3084 557 ex
3115 498 3222 556 Deo
3243 500 3403 557 Patre

174 567 388 639 νοοῦμεν
421 570 512 623 τὸν
557 573 618 622 ὲκ
650 570 784 624 Θεοῦ
818 574 1031 647 Πατρὸς
1061 579 1250 647 Λόγον,
1293 584 1388 635 ἕνα
1421 601 1481 637 τε
1513 588 1606 638 καὶ
1640 587 1731 639 τὸν

1838 587 2070 642 Verbum
2094 589 2446 659 intelligimus
2472 590 2833 657 incarnatum,
2866 605 3144 661 unumque
3175 598 3227 646 et
3249 606 3404 645 eum-

166 660 323 713 αὑτὸν
362 662 729 733 ὁμολογοῦμεν
774 666 920 721 Υίόν.
964 668 1219 737 ’Λόρατος
1266 675 1377 745 γὰρ
1426 677 1523 745 τὴν
1572 677 1734 744 φύσιν

1844 681 1954 735 dem
1997 681 2188 735 Filium
2245 682 2567 738 confitemur
2638 684 2772 740 Cum
2813 686 2955 739 enim
3010 699 3105 754 per
3156 695 3402 739 naturam

174 752 445 845 ὑπάρχων,
475 754 699 822 γέγονεν
725 758 939 826 ὁρατὸς,
969 761 1050 811 ὃτι
1082 762 1177 815 καὶ
1208 763 1337 817 ἴδιον
1379 761 1447 835 ἦν
1476 767 1640 819 αὐτοῦ
1674 769 1736 820 τὸ

1844 781 1980 827 esset
2018 772 2320 838 invisibilis,
2368 774 2540 829 factus
2587 784 2670 830 est
2705 777 2948 840 visibilis,
2985 752 3049 829 eo
3094 776 3237 845 quod
3286 775 3405 828 visi-

173 841 437 911 ὁρώμενον
489 845 666 914 σῶμα.
717 848 921 901 Ψάλλει
952 852 1080 917 γοῦν
1109 855 1135 905 6
1174 854 1314 918 θεῖος
1361 858 1492 926 ἡμῖν
1534 857 1730 911 Δα6Ξδ’

176 950 192 981 ι
231 928 287 984 ὐ
320 934 451 995 Θεὸς
478 936 732 1004 ἐμφανῶς
765 939 904 1009 ἥξει,
933 942 960 993 6
984 941 1115 1004 Θεὸς
1141 944 1319 1013 ἡμῶν,
1344 949 1436 998 καὶ
1467 948 1527 999 ού
1562 965 1736 1017 παρα-

172 1025 523 1092 σιωπήσεται.
552 1046 568 1077 i
610 1029 714 1080 Καὶ
751 1030 854 1099 μὴν
891 1032 983 1083 καὶ
1016 1033 1043 1083 6
1079 1036 1348 1104 μακάριος
1386 1038 1731 1109 Ἀὁὸακούμ·

177 1114 283 1176 (Ὀ
307 1115 438 1179 Θεὸς
476 1118 538 1169 ὲκ
567 1118 780 1189 Θαιμάν
807 1121 945 1190 ἥξει,
975 1125 1067 1175 καὶ
1094 1128 1121 1177 6
1146 1126 1213 1176 Ἃ
1229 1143 1332 1193 (to;
1366 1127 1424 1190 ἐξ
1453 1128 1609 1198 ὅρους
1639 1146 1733 1183 κα-

171 1206 391 1258 τασκίου
417 1208 624 1271 δασέως
641 1227 652 1239 ·
671 1230 688 1261 ι
718 1207 883 1275 Οὗτος
914 1214 1173 1284 ὑπάρχων
1200 1219 1292 1269 καὶ
1314 1219 1546 1290 ἀναφὴς,
1568 1222 1736 1285 ἁπτὸς

170 1297 415 1364 γενέσθαι
447 1299 663 1368 λέγεται
691 1302 778 1355 διὰ
802 1305 861 1356 τὸ
888 1306 1083 1359 ἐνωθὲν
1110 1309 1258 1379 αὺτῷ
1306 1310 1463 1379 σῶμα
1486 1330 1496 1342 ο
1534 1313 1735 1382 γράφει

170 1386 297 1453 γοῦν
340 1390 368 1441 6
405 1388 619 1453 Λουκᾶς
644 1406 656 1421 ·
696 1411 715 1444 ‹
758 1394 1082 1468 Ἐπειδήπερ
1141 1398 1326 1451 πολλοὶ
1375 1402 1736 1473 ἐπεχείρησαν

170 1478 534 1546 ἀνατάξασθαι
568 1482 820 1553 διήγησιν
851 1488 977 1557 περὶ
1010 1489 1119 1541 τῶν
1155 1491 1735 1565 πεπληροφορημένων

170 1570 299 1639 ἡμῖν
344 1574 709 1642 πραγμάτων,
740 1575 922 1637 καθὼς
958 1578 1262 1647 παρέδοσαν
1286 1583 1417 1651 ἡμῖν
1446 1586 1492 1635 οἱ
1520 1583 1613 1637 ἀπ’
1640 1585 1737 1655 ἀρ-

169 1659 267 1729 χῆς
303 1661 570 1717 αὐτόπται
613 1665 705 1717 καὶ
740 1666 1008 1737 ὑπηρέται
1041 1671 1320 1739 γενόμενοι
1355 1672 1446 1725 τοῦ
1488 1673 1646 1742 λόγου
1669 1690 1681 1702 ⁸
1709 1695 1727 1727 ι

169 1752 260 1807 καὶ
293 1754 433 1823 πρός
465 1772 528 1822 γε
562 1757 716 1810 τοῦτό
746 1775 909 1828 φησιν
947 1762 976 1813 ὁ
1011 1762 1170 1829 σοφὸς
1211 1764 1486 1835 Ἰωάννης*
1528 1785 1545 1817 ι
1574 1768 1637 1819 '0
1666 1763 1734 1837 ἦν

1838 864 1943 917 bile
1980 864 2104 919 illud
2146 880 2340 933 corpus
2368 868 2641 935 proprium
2679 867 2795 935 ejus
2826 876 2964 922 eral.
2995 866 3179 936 Itaque
3216 866 3403 920 beatus

1838 952 2005 1009 David
2048 957 2227 1025 psallit
2258 974 2271 1011 :
2307 974 2324 1005 ι
2359 956 2497 1011 Deus
2547 959 2828 1013 manifeste
2872 960 3072 1021 veniet,
3118 957 3254 1011 Deus
3302 971 3401 1010 no-

1837 1057 1968 1110 ster,
2009 1056 2065 1101 et
2101 1063 2205 1101 non
2241 1049 2488 1114 silebit’;
2524 1069 2540 1100 ι
2576 1060 2734 1118 atque
2765 1052 2927 1105 etiam
2984 1050 3170 1105 beatus
3225 1049 3403 1103 Haba-

1837 1151 1935 1191 cuc
1956 1153 1968 1187 :
1993 1154 2011 1185 ι
2040 1137 2179 1190 Deus
2208 1139 2274 1190 de
2297 1136 2538 1192 Theman
2566 1142 2766 1203 veniet,
2796 1150 2847 1193 et
2875 1138 3105 1194 Sanctus
3138 1140 3202 1193 de
3226 1148 3404 1192 monte

1836 1230 2120 1291 umbroso,
2152 1227 2420 1282 condenso
2441 1230 2483 1282 δ.
2507 1246 2525 1280 ›
2573 1228 2669 1283 Hic
2697 1244 2818 1283 cum
2851 1238 2995 1284 esset
3022 1230 3182 1284 etiam
3211 1227 3403 1297 impal-

1839 1316 2051 1387 pabilis,
2098 1329 2315 1388 propter
2347 1320 2554 1373 unitum
2601 1319 2701 1373 sibi
2749 1335 2944 1389 corpus
2984 1319 3269 1389 palpabilis
3324 1317 3403 1373 fa-

1837 1419 1954 1463 ctus
1988 1424 2109 1464 esse
2151 1410 2367 1465 dicitur.
2403 1409 2575 1465 Lucas
2617 1420 2767 1465 certe
2820 1410 3050 1465 scribit:
3085 1428 3104 1461 ι
3137 1409 3401 1475 Quoniam

1837 1501 2049 1569 quidem
2110 1500 2259 1555 multi
2307 1503 2486 1555 conati
2538 1511 2664 1556 sunt
2724 1502 2983 1555 ordinare
3035 1500 3403 1554 narrationem

1836 1604 1957 1659 quae
1992 1589 2042 1641 in
2076 1590 2229 1643 nobis
2267 1591 2546 1658 completa:
2590 1600 2717 1644 sunt
2746 1605 2949 1653 rerum,
2991 1591 3134 1648 sicut
3165 1588 3406 1643 tradide-

1838 1690 1964 1733 runt
2000 1680 2153 1735 nobis
2185 1680 2275 1748 qui
2310 1681 2378 1735 ab
2409 1680 2562 1735 initio
2603 1680 2702 1750 ipsi
2738 1679 3013 1742 viderunt,
3067 1688 3121 1733 et
3173 1678 3405 1733 ministri

1840 1768 2056 1823 fuerunt
2098 1770 2361 1823 sermonis
2381 1770 2422 1824 '.
2460 1788 2476 1821 ι
2532 1769 2725 1823 Adliiec
2776 1770 2848 1822 ait
2907 1770 3097 1822 beatus
3128 1765 3404 1820 Joannes:

169 1844 259 1895 ἀπ’
299 1846 499 1915 ἀρχῆς,
541 1847 569 1899 ὃ
596 1849 935 1920 ἀκηκόαμεν,
964 1852 990 1905 ὃ
1026 1854 1351 1925 ἑωράκαμεν
1398 1861 1510 1920 τοῖς
1540 1858 1739 1927 ὀφθαλ-

1850 1877 1868 1910 ‹
1901 1859 2052 1927 Quod
2097 1860 2195 1914 fuit
2242 1861 2309 1914 ab
2349 1860 2521 1924 initio,
2562 1864 2703 1929 quod
2730 1862 3052 1924 audivimus,
3086 1860 3229 1929 quod
3270 1858 3406 1911 vidi-

172 1938 286 2003 μοῖς
314 1938 497 2007 ἡμῶν,
522 1938 549 1991 ὃ
569 1939 931 2012 ἐθεασάμεθα,
964 1945 1054 1996 καὶ
1078 1948 1133 1998 αί
1165 1950 1343 2018 χεῖρες
1363 1949 1516 2019 ἡμῶν
1542 1950 1742 2019 ἐψηλά-

170 2045 343 2096 φησαν
380 2032 508 2100 περὶ
540 2031 633 2083 τοῦ
665 2033 838 2101 Λόγου
867 2036 966 2105 τῆς
1010 2036 1174 2107 ζωῆς,
1207 2041 1299 2092 καὶ
1325 2043 1357 2109 ἡ
1388 2040 1501 2111 ζωὴ
1549 2044 1741 2109 ἐφανε·

173 2117 336 2188 ρώθη,
371 2122 465 2173 καὶ
508 2122 834 2192 ἑωράκαμεν
871 2129 962 2179 καὶ
998 2132 1405 2201 μαρτυροῦμεν,
1438 2134 1531 2184 καὶ
1560 2134 1741 2201 ἀπαγ-

169 2208 429 2279 γέλλομεν
470 2212 596 2281 ύμῖν
627 2213 727 2283 τὴν
758 2214 897 2285 ζωὴν
948 2218 1048 2286 τὴν
1077 2218 1311 2282 αἰώνιον,
1346 2221 1468 2289 ἥτις
1506 2217 1574 2291 ἦν
1606 2221 1744 2293 πρὸς

169 2302 253 2353 τὸν
288 2305 507 2374 Πατέρα
552 2307 646 2358 καὶ
695 2306 1011 2379 ἐφανερώθη
1045 2310 1195 2379 ἡμῖν.
1228 2330 1247 2363 i
1291 2312 1427 2364 Ἀλλ’
1453 2315 1501 2366 εί
1538 2314 1613 2384 μὴ
1648 2315 1741 2382 γέ·-

168 2409 320 2456 γονεν
354 2396 522 2458 άπτός
551 2414 609 2448 τε
644 2399 736 2450 καὶ
769 2399 980 2468 ὁρατὸς,
1017 2399 1090 2463 ώς
1122 2400 1252 2455 ἴδιον
1286 2402 1425 2473 ἔχων
1450 2402 1511 2455 τὸ
1542 2405 1741 2457 ὑποπτ-

170 2500 298 2536 πτον
324 2486 437 2555 ἁφῇ
465 2487 558 2538 καὶ
584 2488 770 2556 ὁράσει
802 2490 978 2560 σῶμα,
1013 2492 1130 2555 πῶς
1156 2494 1422 2547 αὐτόπται
1449 2494 1543 2547 τοῦ
1570 2497 1741 2564 Λόγου

168 2575 454 2641 γεγόνασιν
472 2578 521 2629 oi
540 2578 801 2646 πάνσοφοι
825 2581 1063 2650 μαθηταί
1084 2599 1097 2647 ;
1119 2583 1241 2647 Πῶς
1257 2584 1313 2636 δὲ
1329 2584 1419 2637 καὶ
1434 2584 1740 2652 τεθέανται,

167 2666 257 2719 καὶ
272 2666 597 2737 ψηλαφῆσαί
625 2686 755 2737 φασι
784 2670 873 2723 τὸν
894 2673 1065 2740 Λόγον
1085 2673 1181 2741 τῆς
1200 2673 1365 2744 ζωῆς,
1384 2676 1503 2745 ἧτις
1520 2671 1586 2744 ἦν
1608 2677 1742 2745 πρὸς

167 2758 253 2809 τὸν
287 2758 528 2828 Πατέρα,
562 2763 654 2814 καὶ
687 2761 1008 2834 ἐφανερώθη
1045 2765 1205 2833 ήμῖν;
1237 2764 1437 2817 Τοῦτον
1459 2762 1550 2819 οὖν
1581 2767 1744 2821 αὑτὸν

164 2846 253 2899 τὸν
273 2848 445 2899 ἁπτόν
467 2865 523 2900 τε
550 2850 645 2902 καὶ
674 2851 890 2916 ὁρατὸν,
907 2852 1000 2904 τὸν
1020 2852 1098 2922 τῷ
1129 2852 1270 2923 ξύλῳ
1295 2854 1739 2925 προσηλωμένον,

166 2938 382 3007 ἐπέγνω
430 2940 529 3008 μὲν
553 2941 581 2992 6
623 2940 843 3010 Θωμᾶς,
874 2943 1142 3011 ὡμολόγει
1176 2944 1234 2996 δὲ
1263 2946 1357 2997 καὶ
1392 2947 1536 3016 μάλα
1568 2944 1743 3018 ὀρθῶς

164 3029 297 3081 Θεὸν
347 3031 444 3083 καὶ
494 3030 718 3101 Κύριον.
769 3034 911 3103 Ἔφη
966 3033 1074 3103 γὰρ
1126 3034 1317 3097 εὐθύς·
1358 3053 1376 3086 ι
1437 3036 1494 3089 '0
1540 3036 1743 3105 Κύριός

168 3138 268 3190 μου
297 3122 395 3175 καὶ
424 3125 452 3175 6
485 3122 616 3186 Θεός
636 3140 734 3194 μου
752 3138 797 3175 ἰ
822 3119 942 3176 εἶτα
972 3124 1107 3195 πρὸς
1126 3126 1288 3177 αὐτὸν
1307 3128 1334 3178 6
1355 3127 1557 3196 Κύριος
1586 3128 1741 3196 ἡμῶν

179 3213 388 3284 Ἰησοῦς
416 3215 653 3286 Χριστός
679 3230 693 3243 ·
731 3234 749 3268 ι
780 3215 903 3267 Ὀτι
926 3212 1177 3286 ἑώρακάς
1209 3234 1305 3286 με,
1330 3218 1701 3280 πεπίστευκας
1724 3235 1737 3249 ·

168 3307 431 3378 μακάριοι
462 3310 509 3361 οἱ
549 3308 622 3378 μὴ
670 3306 998 3379 ἑωρακότες,
1046 3308 1139 3360 καὶ
1186 3308 1598 3371 πιστεύσαντες.
1623 3327 1641 3360 ι
1677 3309 1741 3361 Τί

164 3402 579 3463 πιστεύσαντες,
612 3401 733 3453 εἰπέ
763 3418 851 3468 μοι
874 3418 887 3464 ;
916 3396 1061 3470 Ἀρα
1080 3402 1177 3470 οὐχ
1204 3401 1285 3453 ὅτι
1306 3401 1438 3462 Θεὸς
1458 3400 1533 3452 ὢν
1558 3401 1738 3469 φύσει,

164 3491 251 3544 τὸν
284 3492 420 3543 [διον
448 3493 513 3544 ἐκ
545 3490 753 3560 νεκρῶν
780 3491 1043 3560 ἀνέστησε
1076 3491 1235 3555 ναόν;
1264 3490 1454 3543 Καίτοι
1492 3490 1605 3553 πῶς
1639 3493 1743 3559 άμ-

162 3581 391 3650 φίλογον
437 3582 500 3635 τὸ
549 3582 782 3651 πρᾶγμά
815 3583 997 3645 ὲστιν;
1035 3580 1171 3632 Ἀλλ’
1194 3584 1222 3634 6
1260 3582 1492 3652 χρηστὸς
1523 3581 1704 3634 οὑτοσὶ
1726 3622 1739 3645 ,

167 3674 452 3742 μονονουχὶ
516 3675 634 3736 ταῖς
687 3671 781 3725 τοῦ
843 3670 1086 3741 μαθητοῦ
1142 3675 1344 3741 φωναῖς
1401 3672 1743 3743 ὲπερυθριῶν

163 3765 479 3828 ἀσυνέτως,
508 3766 619 3835 Οὐχ
664 3764 1004 3834 ὡμολόγησε,
1052 3767 1237 3834 φησὶν,
1287 3765 1470 3830 αὑτὸν,
1517 3766 1598 3817 ὅτι
1650 3766 1744 3818 καὶ

164 3855 368 3925 Κύριος
416 3858 514 3909 καὶ
549 3856 679 3919 Θεός
730 3859 875 3908 ἐστιν
912 3858 939 3909 ὁ
980 3855 1324 3925 πρωτότοκος
1376 3857 1440 3908 ὲκ
1494 3855 1740 3926 νεκρῶν⁶

164 3945 515 4016 παρατρέπει
555 3944 611 3996 δὲ
646 3943 843 4011 μᾶλλον
874 3945 965 3996 ἐπὶ
996 3943 1057 3996 τὸ
1091 3943 1239 4012 αὐτῷ
1276 3943 1465 3996 δοκοῦν
1509 3943 1604 4014 τὴν
1650 3943 1742 3996 τοῦ

162 4036 319 4104 λόγου
342 4038 597 4105 δύναμιν,
626 4036 717 4088 καί
750 4052 933 4103 φησιν,
958 4037 1039 4087 ὅτι
1066 4034 1156 4086 τὸν
1186 4033 1608 4102 παραδοξοποιὸν
1639 4035 1743 4087 ἐδο-

166 4129 372 4197 ξολόγει
396 4128 551 4189 Θεὸν,
579 4127 749 4193 λέγων
767 4144 810 4177 ἰ
832 4127 891 4177 '0
916 4125 1115 4195 Κύριός
1143 4143 1239 4195 μου
1270 4128 1361 4178 καὶ
1380 4127 1406 4177 6
1427 4127 1554 4189 Θεός
1584 4145 1703 4197 μου.
1719 4147 1737 4178 ο

162 4221 515 4292 Προσεπάγει
545 4218 602 4271 δὲ
646 4218 886 4281 τούτοις’
918 4218 991 4271 Ού
1024 4220 1083 4269 τὸ
1111 4216 1432 4287 ψηλαφηθὲν
1476 4235 1744 4287 προσαγο-

164 4314 341 4385 ρεύων
373 4312 538 4364 Θεόν’
572 4311 631 4362 ού
665 4311 774 4381 γὰρ
816 4309 1128 4379 ψηλαφήσει
1175 4309 1376 4379 Θεότης
1408 4309 1741 4377 εὑρίσκεται.

174 4406 472 4475 Ἐπιτιμᾷς
510 4396 603 4455 οὖν
635 4401 709 4471 τῷ
773 4400 1012 4471 μαθητῇ,
1062 4400 1183 4453 εἰπέ
1234 4419 1363 4471 μοι,
1414 4402 1615 4471 Κύριον
1652 4401 1745 4454 καὶ

1769 3174 1810 3229 C

1844 1964 1963 2003 mus
1997 1950 2166 2003 oculis
2211 1952 2431 2015 nostris,
2474 1950 2614 2018 quod
2664 1951 3059 2018 perspeximus,
3112 1957 3165 2001 et
3217 1962 3408 2000 manus

1844 2050 2043 2095 nostrae
2071 2051 2539 2097 contrectaverunt
2578 2044 2644 2098 de
2674 2042 2853 2100 Verbo
2888 2044 3034 2107 vitae,
3067 2052 3121 2098 et
3150 2043 3261 2097 vita
3294 2055 3407 2095 ma-

1844 2129 2089 2184 nifestata
2117 2142 2220 2194 est,
2258 2140 2309 2185 et
2338 2133 2568 2188 vidimus
2595 2142 2650 2188 et
2691 2142 2973 2196 testamur,
3012 2141 3069 2187 et
3112 2131 3405 2185 annuntia-

1844 2235 1963 2275 mus
1993 2223 2144 2276 vobis
2167 2222 2331 2277 vitam
2377 2233 2657 2290 mternam,
2687 2239 2808 2293 qua:
2837 2232 2955 2278 erat
2983 2224 3123 2292 apud
3164 2222 3405 2286 Patrem,

1842 2321 1897 2367 et
1945 2314 2197 2382 apparuit
2242 2313 2461 2367 nobis‘.
2500 2332 2518 2365 ι
2575 2312 2703 2379 Sed,
2730 2314 2830 2368 nisi
2893 2312 3081 2367 fuisset
3133 2311 3409 2382 palpabilis

1844 2416 2006 2474 atque
2060 2406 2320 2471 visibilis,
2380 2414 2564 2475 utpote
2616 2421 2814 2475 corpus
2866 2408 3140 2474 proprium
3205 2406 3410 2459 habens

1846 2493 2007 2547 taetui
2052 2494 2297 2562 visuique
2332 2495 2658 2563 subjectum,
2705 2495 2976 2563 quomodo
3022 2492 3407 2560 sapientissimi

1844 2586 1918 2641 illi
1950 2585 2198 2654 discipuli
2243 2586 2501 2640 vidissent
2528 2585 2785 2650 Verbum,
2820 2583 3093 2654 quomodo
3140 2582 3303 2637 etiam
3350 2595 3410 2637 se

1843 2680 2178 2751 perspexisse
2215 2686 2271 2733 et
2317 2686 2685 2733 contrectasse
2715 2677 2959 2732 dicerent
2984 2676 3221 2732 Verbum
3256 2676 3405 2738 vitae,

1841 2783 1962 2839 quae
2003 2779 2121 2823 erat
2162 2769 2301 2838 apud
2349 2767 2581 2831 Patrem,
2630 2776 2683 2823 et
2717 2768 2966 2837 apparuit
3014 2768 3215 2823 nobis?
3256 2764 3410 2822 Hunc

1844 2857 2007 2926 igitur
2038 2858 2211 2926 ipsum
2254 2858 2698 2913 contrectabilem
2744 2866 2905 2926 atque
2946 2856 3235 2920 visibilem,
3270 2858 3410 2911 hunc

1842 2948 1933 3017 qui
1959 2946 2101 3016 ligno
2126 2946 2345 3002 sullixus
2371 2948 2565 3012 fuerat,
2598 2948 2833 3001 Thomas
2863 2948 3098 3017 agnovit,
3132 2961 3195 3001 ac
3218 2947 3408 3001 rectis-

1844 3038 1980 3092 sime
2036 3038 2201 3091 Deum
2260 3052 2319 3091 ac
2375 3036 2657 3091 Dominum
2707 3036 2977 3091 fatebatur
3019 3032 3219 3092 :‘dixit
3266 3037 3407 3090 enim

1846 3127 2100 3181 continuo
2129 3123 2325 3196 :140
2354 3143 2371 3176 ι
2400 3125 2654 3179 Dominus
2680 3139 2851 3189 meus,
2877 3135 2930 3179 et
2954 3124 3093 3180 Deus
3116 3139 3267 3180 meus
3289 3125 3308 3156 '
3336 3140 3351 3190 ;
3385 3143 3403 3175 ι

1844 3217 2037 3271 deinde
2080 3217 2145 3269 ad
2201 3218 2350 3269 illum
2386 3215 2644 3270 Dominus
2680 3226 2867 3270 noster
2911 3214 3070 3269 Jesus
3111 3215 3406 3270 Christus:

1849 3322 1868 3357 ι
1900 3305 2056 3370 Quia,
2105 3303 2299 3373 inquit,
2348 3297 2536 3358 vidisti
2595 3318 2701 3367 me,
2764 3304 3041 3357 credidisti
3078 3322 3091 3357 :
3124 3303 3267 3359 beati
3316 3304 3408 3372 qui

1843 3413 1948 3450 non
1979 3396 2244 3460 viderunt,
2273 3406 2326 3449 et
2355 3395 2697 3449 crediderunt
2717 3395 2757 3447 ⁸.
2790 3413 2809 3446 ι
2834 3393 2998 3459 Quid,
3026 3408 3151 3464 rogo
3187 3404 3257 3459 te,
3290 3409 3409 3448 cre-

1845 3486 2131 3540 diderunt?
2162 3500 2340 3538 nonne
2372 3486 2534 3553 quod,
2563 3500 2685 3539 cum
2728 3484 2871 3538 Deus
2902 3493 3048 3539 esset
3080 3500 3146 3538 ex
3198 3494 3409 3550 natura,

1846 3577 2116 3646 proprium
2152 3578 2406 3644 templum
2456 3576 2713 3630 excitavit
2763 3592 2791 3628 a
2842 3578 3104 3631 mortuis?
3142 3578 3302 3647 Atqui
3348 3595 3409 3633 ea

1846 3684 1934 3723 res
1980 3669 2105 3737 quid
2153 3669 2516 3737 ambiguitatis
2572 3670 2774 3724 habet?
2828 3668 2933 3723 Sed
2980 3670 3068 3724 hic
3117 3671 3286 3724 bonus
3333 3672 3413 3724 vir

1846 3761 2226 3830 propemodum
2289 3760 2356 3813 de
2416 3759 2663 3830 discipuli
2716 3761 2942 3815 vocibus
2994 3761 3159 3815 stulte
3210 3763 3409 3815 erube—

1846 3867 2023 3913 sceus,
2060 3866 2166 3906 noxi
2190 3851 2471 3904 confessus
2499 3860 2603 3916 est,
2628 3852 2820 3920 inquit,
2855 3852 3140 3905 Dominum
3168 3861 3221 3905 et
3246 3851 3410 3906 Deum

1845 3957 1964 3997 esse
1999 3944 2143 3997 illum
2175 3931 2590 4012 primogenitum
2630 3957 2695 3996 ex
2732 3942 2995 4008 mortuis;
3032 3943 3125 3996 sed
3156 3944 3261 3996 vim
3293 3958 3417 3997 ser-

1846 4034 2020 4088 monis
2050 4034 2308 4101 pervertit
2343 4035 2406 4086 ad
2450 4047 2603 4086 suam
2650 4032 2983 4100 opinionem,
3022 4044 3073 4086 et
3115 4034 3212 4097 ait,
3246 4033 3410 4087 Deum

1845 4123 2242 4177 admirabilium
2288 4138 2508 4191 Operum
2544 4119 2850 4176 eﬂ‘ectorem
2898 4122 3255 4189 gloriﬁcasse,
3289 4138 3410 4177 cum

1846 4214 1981 4268 dixit
2012 4231 2025 4267 :
2060 4233 2077 4264 ι
2108 4212 2365 4267 Dominus
2394 4227 2565 4275 meus,
2596 4222 2650 4267 et
2680 4212 2821 4267 Deus
2863 4229 3035 4268 meus.
3069 4235 3086 4265 ›
3120 4213 3214 4267 liis
3246 4216 3409 4269 etiam

1848 4304 2035 4374 adjicit
2064 4323 2077 4358 :
2109 4304 2225 4359 Non
2259 4305 2398 4373 quod
2436 4305 2872 4359 contrectabatur
2913 4305 3187 4373 appellans
3220 4305 3411 4371 Deum,

1846 4413 1951 4453 non
2004 4396 2146 4451 enim
2193 4396 2626 4450 contrectatione
2675 4397 2928 4450 divinitas
2979 4397 3266 4450 invenitur.
3308 4398 3411 4449 Ac-

161 4496 295 4551 Θεὸν
347 4493 669 4563 ὀνομάζοντι
699 4494 787 4546 τὸν
817 4493 1080 4562 Χριστόν;
1120 4491 1311 4546 Καίτοι
1342 4493 1576 4564 δέδειχεν
1614 4496 1739 4563 ἡμῖν

1847 4502 2071 4543 cusasne
2100 4486 2439 4556 discipulum,
2487 4487 2572 4539 die
2606 4486 2761 4551 mihi,
2806 4487 2947 4556 quod
2985 4486 3258 4541 Christum
3306 4486 3411 4541 Do-

161 4586 366 4658 άρτίως
393 4587 422 4637 6
454 4584 630 4651 λόγος,
676 4583 757 4635 ὅτι
788 4581 919 4645 Θεὸς
950 4582 1024 4635 ὣν
1062 4582 1201 4635 κατὰ
1239 4580 1397 4650 φύσιν
1441 4585 1467 4635 6
1508 4586 1745 4651 Μονογε-

162 4677 275 4747 νὴς,
305 4674 525 4744 ἀναφὴς
558 4674 649 4726 καὶ
678 4675 925 4743 ἀόρατος,
968 4673 1137 4736 ἁπτὸς
1168 4673 1358 4742 γέγονε
1400 4676 1493 4727 καὶ
1526 4675 1740 4743 ὁρατός.

163 4770 334 4823 Ὅταν
371 4768 429 4820 δὲ
464 4767 651 4836 λέγῃς“
683 4767 757 4817 Οὺ
788 4766 893 4836 γὰρ
924 4764 1232 4835 ψηλαφήσει
1274 4766 1475 4836 Θεότης
1496 4767 1745 4835 εὑρίσκε-

160 4876 270 4924 ται,
305 4858 479 4913 πάλιν
506 4858 681 4908 ἐκεῖνο
707 4854 966 4926 ἐροῦμεν·
1001 4855 1063 4906 Τί
1098 4856 1492 4925 παρωσάμενος
1523 4856 1620 4925 τὴν
1667 4857 1744 4907 οἰ-

163 4952 453 5021 κονομίαν,
481 4948 554 5011 ὡς
586 4947 714 5017 περὶ¹
741 4948 949 5017 γυμνῆς
978 4946 1197 5017 διαλέγῃ
1228 4946 1512 5016 θεότητος;
1543 4949 1620 5009 εἰς
1650 4947 1745 5017 λή-

162 5043 261 5114 θην
302 5043 363 5096 δὲ
408 5040 600 5110 ὥσπερ
644 5037 941 5108 ἐληλακὼς,
982 5039 1063 5090 ὅτι
1091 5038 1181 5089 καὶ
1213 5037 1498 5108 ὲσαρκώθη
1546 5039 1636 5089 καὶ
1666 5039 1746 5090 ὲν.

162 5134 529 5205 ηνθρώπησεν
556 5134 583 5183 6
604 5129 809 5200 ἀναφὴς
836 5130 929 5182 καὶ
957 5128 1263 5198 ἀσώματος,
1290 5130 1389 5181 οὐκ
1418 5129 1584 5201 ἀνέχῃ
1611 5128 1743 5181 Θεὸν

162 5219 544 5292 ὀνομαζούσης
569 5218 729 5273 αὐτὸν
758 5219 854 5288 τῆς
880 5218 1239 5271 θεοπνεύστου
1270 5219 1510 5289 Γραφῆς,
1542 5218 1630 5271 διά
1659 5237 1740 5272 τοι

162 5313 220 5365 τὸ
256 5309 648 5380 ὲψηλαφῆσθαι
678 5310 860 5380 σαρκὶ,
888 5303 1065 5378 ὧςρθαί
1098 5326 1155 5360 τε
1186 5310 1385 5378 ὁμοίως
1419 5311 1530 5373 τοῖς
1564 5310 1740 5377 ἁγίοις

163 5403 491 5464 ἀποστόλοις
514 5418 528 5465 ;
566 5401 703 5453 Ἀλλ’
730 5403 890 5472 ἡμεῖς
919 5418 1001 5468 γε,
1030 5393 1208 5464 ὧτᾶν,
1231 5400 1365 5470 ὁμοῦ
1391 5401 1467 5469 τῷ
1490 5401 1741 5471 μακαρίῳ

163 5494 357 5564 Θωμᾷ,
386 5493 481 5546 τὸν
504 5491 581 5563 τῷ
604 5491 745 5563 ξύλῳ
774 5490 1215 5562 προσηλωμένον,
1236 5491 1325 5544 τὸν
1349 5490 1739 5563 ψηλαφηθέντα

166 5587 377 5662 χερσὶν,
406 5583 725 5655 ἑωραμένον
756 5600 812 5636 τε
844 5586 953 5647 τοῖς
983 5582 1341 5647 ἀνθρωπίνοις
1363 5583 1592 5654 ὄμμασι,
1624 5585 1741 5646 ταῖς

1317 5761 1335 5792 ⁸
1367 5760 1491 5817 Luc.
1530 5777 1566 5828 ι,
1607 5762 1733 5829 1,2.

235 5763 257 5793 ³
289 5761 441 5819 Psal.
479 5778 623 5828 sus,
649 5763 699 5817 5.
774 5765 795 5793 ⁵
836 5761 1034 5817 llabac.
1076 5777 1152 5829 ill,
1184 5763 1235 5816 5.

1852 4580 2052 4634 mitium
2087 4593 2150 4632 ac
2178 4578 2343 4631 Deum
2376 4578 2648 4646 appellet?
2692 4580 2852 4646 Atqui
2886 4579 3133 4647 proximo
3165 4594 3415 4633 sermone

1849 4673 2273 4726 demonstratum
2326 4679 2438 4735 est,
2494 4671 2636 4722 illum
2685 4670 3053 4737 unigenitum,
3100 4686 3219 4723 cum
3272 4680 3417 4724 esset

1846 4763 2137 4817 secundum
2174 4773 2417 4815 naturam
2443 4761 2603 4824 Deus,
2638 4761 2995 4829 impalpabilis
3021 4770 3077 4814 et
3106 4761 3412 4825 invisibilis,

1847 4856 2165 4928 palpabilem
2197 4866 2317 4906 esse
2352 4850 2549 4905 factum
2598 4862 2651 4905 et
2682 4850 2964 4904 visibilem.
3003 4850 3135 4905 Cum
3176 4867 3303 4905 vero
3335 4853 3414 4906 di-

1853 4948 1931 5001 cis
1961 4966 1973 4997 :
2005 4944 2120 4999 Non
2155 4944 2300 4997 enim
2338 4942 2771 4995 contrectatione
2809 4941 3075 4995 Diviuitas
3120 4942 3412 5008 invenitur,

1851 5037 1979 5092 illud
2009 5051 2039 5089 e
2071 5034 2346 5089 contrario
2374 5033 2615 5087 dicemus
2645 5049 2656 5084 :
2691 5033 2850 5099 Quid,
2887 5034 3292 5100 dispensatione
3335 5048 3415 5088 re-

1844 5126 2013 5196 jecta,
2037 5136 2292 5193 tauquam
2315 5124 2381 5177 de
2412 5122 2552 5177 nuda
2578 5123 2863 5177 divinitate
2888 5122 3112 5177 disseris
3135 5160 3149 5185 ,
3185 5132 3239 5177 et
3262 5122 3417 5192 quasi

1849 5218 2044 5272 oblitus
2079 5227 2133 5271 et
2172 5216 2507 5270 incarnatum
2556 5214 2745 5280 fuisse,
2797 5222 2851 5268 et
2901 5214 3172 5268 hominem
3214 5214 3410 5268 factum

1847 5310 1996 5365 illum
2023 5308 2415 5376 impalpabilem
2448 5315 2500 5359 et
2526 5308 2924 5373 incorporeum,
2963 5321 3146 5361 sacras
3178 5305 3414 5360 Litteras

1851 5414 1955 5455 non
1987 5399 2222 5453 sustines
2253 5412 2371 5465 qua:
2411 5396 2561 5449 illum
2598 5394 2763 5450 Deum
2809 5396 3099 5465 appellant,
3125 5408 3409 5466 propterea

1849 5492 1992 5561 quod
2022 5504 2183 5545 carne
2223 5490 2290 5543 sit
2318 5497 2701 5552 contrectatus,
2731 5497 2784 5541 et
2818 5489 2962 5541 visus
3003 5487 3073 5540 sit
3107 5487 3236 5541 item
3280 5501 3407 5541 san-

1851 5584 1952 5639 ctis
1982 5580 2273 5653 apostolis?
2306 5580 2410 5635 Sed
2462 5594 2579 5646 nos,
2625 5596 2657 5635 o
2701 5580 2783 5633 vir
2811 5578 3045 5649 egregie,
3082 5579 3237 5633 simul
3281 5592 3402 5633 cum

1867 5760 2067 5817 lJoan.
2103 5777 2139 5825 i,
2202 5760 2253 5814 2.
2332 5762 2350 5791 ⁷
2382 5759 2533 5815 Joau.
2566 5775 2652 5825 xx,
2686 5760 2774 5824 ‘28,
2816 5759 2903 5813 29.
2978 5760 2998 5790 ⁸
3032 5758 3162 5811 ibid.
