4078 6348
626 392 732 446 245

1625 390 1682 444 S.
1723 384 1997 443 CYRILLI
2035 375 2504 436 ALEXANDRINI
2543 371 2863 429 ARCHIEP.

3760 361 3830 415 24
3838 363 3881 414 οὗ,

621 508 781 564 beato
814 507 1042 577 Thoma,
1089 510 1234 565 illum
1271 511 1417 582 ligno
1448 509 1721 575 suﬂixum,
1757 509 1908 564 illum
1948 504 2195 560 manibus

2318 499 2450 569 ιύτῷ
2497 497 2835 570 πρεπούσαις
2884 487 3181 560 εὐφημίαις
3214 481 3600 553 στεφανοῦντές
3645 495 3826 547 φαμεν
3855 493 3868 504 -

623 608 1041 667 contrectatam,
1089 611 1550 673 conspectumque
1576 602 1829 658 humanis
1869 598 2062 659 oculis,
2109 593 2192 648 di-

623 689 746 757 guis
765 689 1014 746 laudibus
1035 692 1366 749 honorantes
1390 693 1617 748 dicimus
1649 713 1659 747 :
1689 708 1708 742 ι
1734 689 1995 743 Dominus
2019 700 2191 751 meus,

623 786 680 832 et
703 777 844 834 Deus
875 796 1047 836 meus.
1083 801 1101 833 ι
1141 783 1217 838 Ac
1253 785 1296 839 si
1326 784 1595 854 quispiam
1627 783 1792 844 dicat,
1830 780 1922 833 Dei
1962 778 2193 832 Verbum

625 884 790 925 carne
819 873 1032 941 propria
1074 890 1316 943 passum,
1361 890 1483 930 eum
1520 875 1744 945 dignum
1779 886 1896 926 esse
1930 869 2195 940 approba-

626 960 795 1027 tione,
828 972 883 1016 et
911 977 939 1016 a
973 979 1102 1018 vero
1151 979 1312 1020 sensu
1347 965 1568 1020 minime
1620 964 1894 1026 aberrare,
1948 975 2069 1015 cum
2115 959 2196 1013 sic

624 1064 841 1120 quoque
892 1052 1024 1107 illud
1071 1054 1331 1109 manserit
1380 1054 1700 1124 impatibile,
1747 1068 1956 1107 rursum
2006 1066 2072 1105 ex
2112 1050 2198 1106 bis

624 1153 748 1207 quae
787 1140 899 1210 ipse
938 1142 1230 1212 scripsisti,
1264 1152 1357 1199 aut
1395 1145 1576 1199 dixisti
1630 1144 1684 1198 in
1724 1142 1984 1198 Ecclesiis
2029 1153 2196 1196 cona—

623 1229 726 1284 bor
757 1234 1064 1287 ostendere.
1101 1232 1421 1290 Laudandos
1471 1249 1701 1304 namque
1746 1249 1934 1288 censes
1979 1243 2197 1288 sanctos

626 1318 815 1376 Patres
847 1333 1063 1378 nostros
1108 1324 1235 1378 olim
1281 1325 1334 1379 in
1371 1325 1550 1381 Nicaea
1589 1325 1865 1392 collectos,
1897 1335 1956 1379 nt
1982 1326 2072 1395 qui
2109 1339 2199 1379 ac-

626 1422 874 1468 curatam
922 1424 978 1468 et
1022 1415 1260 1484 undique
1304 1418 1592 1486 expolitam
1621 1418 1769 1472 Fidei
1802 1417 2196 1472 confessionem

626 1505 926 1571 ediderint;
962 1509 1054 1561 sed
1085 1523 1189 1561 non
1215 1508 1289 1562 ita
1321 1520 1380 1562 ut
1410 1510 1486 1563 illi
1512 1510 1702 1574 sentis,
1735 1509 1956 1564 minime
1984 1526 1997 1563 :
2024 1521 2200 1577 neque

626 1595 810 1650 animo
838 1596 891 1650 in
913 1598 1159 1652 veritatis
1185 1598 1454 1669 dogmatis
1487 1599 1594 1654 ﬁxo
1616 1612 1762 1655 recte
1793 1600 1995 1670 ingredi
2024 1601 2197 1668 cupis,

633 1699 652 1730 ι
684 1685 778 1738 sed
825 1683 1102 1742 claudicas
1148 1690 1544 1757 quodammodo
1591 1689 1853 1746 ambabus
1892 1688 2200 1760 suffragini-

627 1774 752 1838 bus.
785 1793 804 1827 ο
861 1787 918 1830 ut
967 1789 1052 1833 est
1094 1781 1394 1849 scriptum’
1431 1791 1528 1837 :et
1579 1793 1738 1837 recta:
1782 1784 1881 1836 viae
1929 1791 2199 1836 amatores

630 1866 1005 1934 imprudenter
1069 1872 1406 1944 obiurgans,
1485 1877 1627 1943 quod
1696 1875 1788 1928 tibi
1856 1875 1956 1943 ipsi
2024 1875 2200 1943 placet

635 1955 789 2027 14],
822 1967 1076 2029 tanquam
1121 1977 1309 2018 verum
1361 1965 1691 2032 confirmas;
1723 1968 1830 2020 imo
1863 1981 1992 2020 vero
2029 1983 2096 2020 ne
2145 1968 2197 2021 in

635 2047 698 2102 iis
731 2049 944 2116 quidem
985 2067 1106 2122 quae
1143 2053 1352 2121 dixisti,
1384 2058 1808 2124 permanendum
1856 2065 2046 2124 putas;
2078 2073 2198 2111 nam

630 2139 849 2196 invenio
875 2152 928 2196 te
955 2145 1021 2198 de
1051 2147 1254 2200 sanctis
1281 2147 1531 2202 Patribus
1553 2149 1733 2203 dicere
1766 2171 1778 2204 :

703 2230 944 2288 Nss'roa.
998 2233 1305 2307 [Quoniam
1339 2253 1468 2294 vero
1511 2239 1554 2292 si
1586 2241 1886 2302 dixissent,
1921 2239 2203 2296 Credimus

631 2325 686 2376 in
737 2340 900 2378 unum
957 2326 1122 2381 Deum
1179 2329 1446 2394 Verbum,
1482 2329 1720 2383 futurum
1776 2340 1892 2384 erat
1944 2341 2001 2385 ut
2057 2347 2203 2386 mors

631 2415 827 2470 diviute
865 2427 1070 2472 naturae
1119 2419 1479 2483 tribueretur,
1518 2421 1636 2475 ideo
1689 2437 1884 2475 nomen
1930 2423 2204 2491 accipiunt

632 2521 923 2562 commune
947 2549 961 2574 ,
1005 2525 1233 2580 nempe,
1271 2511 1427 2568 Jesus
1462 2514 1738 2577 Christus,
1767 2523 1826 2567 ut
1850 2523 1904 2568 et
1935 2525 2204 2568 mortuum

630 2597 782 2652 illum
809 2599 1173 2670 signiﬁcarent
1198 2643 1214 2669 ,
1251 2605 1476 2659 etillum
1508 2621 1611 2660 non
1653 2615 1944 2660 mortuum.
1977 2605 2075 2659 llis
2109 2608 2206 2659 ad-

623 2691 743 2758 jicit
775 2706 794 2743 :
824 2692 1009 2763 Itaque
1038 2696 1259 2764 perinde
1293 2711 1355 2752 ac
1373 2698 1416 2752 si
1447 2698 1565 2766 quis
1591 2698 1773 2754 dicat:
1806 2697 1900 2752 Ille
1929 2697 2091 2754 homo
2124 2710 2204 2754 est

634 2791 900 2849 mortuus,
948 2788 1199 2854 quamvis
1237 2789 1417 2842 anima
1475 2791 1545 2844 sit
1605 2791 1969 2856 immortalis;
2026 2798 2204 2845 tamen

631 2875 758 2944 quia
795 2890 989 2930 nomen
1025 2877 1162 2932 dixit
1209 2880 1352 2948 quod
1402 2880 1671 2949 signiﬁcat
1703 2880 1839 2934 duas
1871 2889 2126 2944 naturas,
2156 2891 2209 2935 et

633 2979 830 3035 corpus
859 2969 1000 3036 quod
1035 2970 1264 3024 moritur
1297 2983 1350 3026 et
1381 2974 1616 3025 animam
1670 2972 2056 3035 immortalem,
2089 2972 2210 3026 ideo

635 3054 768 3110 nihil
796 3065 878 3110 est
909 3058 1129 3127 periculi
1159 3060 1210 3113 in
1239 3074 1300 3114 ea
1325 3076 1456 3115 voce
1495 3079 1506 3113 :
1552 3071 1842 3130 utrumque
1872 3060 2016 3114 enim
2049 3035 2241 3113 voca:

2302 611 2318 642 ι
2342 591 2399 643 Ὀ
2423 568 2632 657 Κύριός
2672 603 2772 656 μου
2808 582 2902 648 καὶ
2930 584 2958 634 ὁ
2991 581 3120 642 Θεός
3158 593 3311 648 μου.»
3344 575 3466 627 ’Ότι
3495 572 3550 624 δὲ
3582 569 3683 622 κᾶν
3713 568 3765 619 εί
3784 583 3874 628 τις

2294 683 2440 750 λέγοι
2472 680 2636 750 σαρκὶ
2665 681 2730 748 τῇ
2761 676 2867 746 ἰδίᾳ
2900 672 3091 726 παθεῖν
3119 669 3209 721 τὸν
3238 667 3333 720 τοῦ
3368 664 3502 718 Θεοῦ
3534 661 3726 728 Λόγον,
3767 659 3873 709 ούκ

2297 777 2362 829 ἂν
2395 774 2714 845 ἀμοιρήσειε
2749 770 2840 822 τοῦ
2870 766 2963 820 καὶ
2997 760 3334 815 ἐπαινεῖσθαι
3365 758 3495 818 δεῖν,
3525 753 3622 806 καὶ
3650 750 3872 845 φρονεῖν

2299 841 2616 920 ἑλέσθαι-τά
2647 859 2823 929 ἀληθῆ
2865 855 3164 928 (μεμένηκε
3199 849 3308 919 γὰρ
3354 847 3455 899 καὶ
3493 843 3665 904 οὕτως
3721 841 3874 892 ἀπα-

2299 958 2444 1028 θὴς),
2478 953 2814 1024 πειράσομαι
2845 943 3154 1007 καταδεῖξαι
3183 940 3364 1002 πάλιν,
3393 938 3451 1002 ἐξ
3483 931 3558 1028 div
3586 933 3876 1028 γέγραφας

2295 1021 2478 1110 αῦτὸς,
2507 1021 2674 1114 ἦγουν
2703 1041 2836 1110 ἔφης
2853 1039 2911 1090 ἐν
2951 1033 3320 1103 Ἐκκλησίαις.
3357 1026 3609 1080 Ἐπαίνου
3637 1023 3732 1093 μὲν
3760 1021 3875 1088 γάρ

2298 1137 2468 1205 ἀξιοῖς
2507 1138 2630 1198 τοὺς
2659 1132 2847 1201 ἁγίους
2877 1127 3128 1198 Πατέρας
3165 1123 3346 1195 ἡμῶν,
3387 1121 3513 1181 τοὺς
3542 1117 3599 1169 ἐν
3628 1114 3691 1184 γέ
3723 1127 3875 1205 φημι

2295 1202 2363 1302 τῆ
2413 1228 2664 1283 Νικαέων
2723 1222 2865 1277 κατά
2925 1219 3150 1289 καιροὺς
3208 1208 3747 1302 συναγηγερμένους,
3796 1202 3877 1302 οὓς

2300 1294 2502 1394 ἀκριϐῆ
2527 1321 2620 1374 καὶ
2645 1313 3124 1387 τετορ[ν]ευμένην
3172 1307 3270 1377 τῆς
3306 1305 3541 1364 πίστεως
3578 1300 3724 1394 -ἠμῖν
3770 1294 3878 1363 τὴν

2299 1387 2586 1485 ὁμολογίαν
2635 1405 2694 1463 εὖ
2744 1409 2887 1477 μάλα
2926 1401 3332 1472 πεποιημένους
3361 1414 3373 1427 ο
3415 1387 3878 1485 πεφρόνηκάςᾌγε

2303 1478 2410 1577 μὴν
2450 1505 2508 1557 οὐ
2539 1503 2609 1556 τὰ
2652 1498 2877 1553 ἐκείνων
2923 1494 3119 1547 ποθέν·
3152 1490 3275 1544 οῦτε
3313 1486 3420 1558 μὴν
3451 1481 3695 1577 τοῖς*
3738 1478 3878 1577 ἀλη-

2302 1569 2450 1658 θείας
2501 1595 2766 1663 δόγμασιν
2805 1587 3084 1657 ἐνερείσας
3140 1582 3233 1634 τὸν
3295 1577 3440 1640 νοῦν,
3488 1573 3624 1646 ὀρθά
3671 1569 3880 1663 βαίνειν

2303 1660 2618 1755 ἐπιθυμεῖς,
2675 1702 2692 1734 ι
2726 1678 2985 1751 χωλεύεις
3026 1675 3084 1727 δὲ
3127 1672 3315 1739 ὥσπερ
3361 1665 3703 1762 ἀμφοτέραις
3729 1660 3880 1762 ,ταῖς

2306 1750 2534 1847 ἰγνύαις,
2566 1794 2585 1827 ι
2625 1750 2764 1826 κοιτά
2792 1771 2853 1823 τὸ
2880 1762 3266 1838 γεγραμμένον
3286 1777 3298 1791 ·
3324 1762 3437 1822 τοῖς
3465 1757 3559 1826 μέν
3583 1754 3683 1847 τῆς
3721 1750 3884 1822 ὀρθό-

2303 1845 2465 1940 τητος
2509 1866 2764 1936 ἐρασταῖς
2823 1858 3099 1919 ἀσυνέτως
3149 1851 3441 1922 ἐπιτιμῶν,
3487 1845 3882 1940 κρατύνων

2307 1931 2414 2033 μῆν
2441 1931 2516 2022 ὥς
2543 1931 2740 2026 ἀληθὲς
2769 1953 2830 2006 τὸ
2862 1949 3010 2020 αὐτῷ
3054 1965 3135 2000 σοι
3168 1942 3357 1998 δοκοῦν
3375 1959 3389 1973 ο
3427 1939 3627 2033 μᾶλλον
3757 1931 3883 1985 οὐδὲ

2303 2025 2381 2113 οἷς
2405 2048 2564 2111 αὐτὸς
2587 2025 2721 2115 ἔφης
2747 2042 3006 2113 ἐμμένειν
3032 2035 3224 2101 ἀξιῶν·
3247 2033 3486 2104 εὑρίσκω
3517 2027 3625 2100 γὰρ
3652 2025 3884 2093 λέγοντα

2305 2140 2432 2208 περὶ
2459 2137 2566 2190 τῶν
2587 2135 2758 2196 ἁγίων
2781 2129 3065 2199 Πατέρων·

2375 2203 2629 2299 [Ἐπειδὴ
2679 2223 2788 2292 γάρ
2839 2218 2947 2291 [τον.
2977 2216 3050 2288 εί]
3085 2215 3387 2286 εἰρήκασιν,
3417 2211 3498 2263 ὅτι
3545 2203 3886 2299 Πιστεύομεν

2307 2295 2395 2383 είς
2416 2320 2510 2372 ἕνα
2532 2318 2663 2368 Θεὸν
2693 2315 2883 2380 Λόγον,
2914 2309 3136 2380 ἔμελλεν
3164 2309 3192 2359 ὁ
3234 2304 3460 2364 θάνατος
3485 2301 3550 2370 τῇ
3585 2298 3705 2368 θείᾳ
3734 2295 3886 2362 λογί-

2308 2412 2496 2476 ζεσθαι
2522 2408 2704 2478 φύσει,
2726 2406 2895 2474 ὄνομα
2925 2402 3168 2470 δέχονται
3195 2395 3373 2449 κοινὸν
3401 2393 3484 2459 τὸ,
3512 2388 3744 2462 Χριστὸς
3778 2387 3888 2478 ’an-

2310 2504 2458 2570 σοῦς,
2484 2477 2571 2556 ἵνα
2595 2501 2691 2554 καὶ
2721 2499 2811 2551 τὸν
2838 2493 3181 2550 ἀποθανόντα
3211 2488 3514 2558 σημάνωσι,
3548 2483 3639 2534 καὶ
3673 2480 3763 2532 τὸν
3802 2477 3888 2570 ,μὴ

2308 2569 2666 2652 ἀποθανόντα.
2685 2587 3053 2659 Προσεπάπει
3073 2583 3139 2636 δὲ
3155 2585 3387 2642 τούτοις
3406 2593 3418 2607 ’
3449 2576 3609 2628 Ὥστε
3631 2571 3785 2631 εἴτις
3799 2569 3892 2621 λέο

2309 2707 2415 2759 γοι,
2455 2688 2511 2742 ’0
2534 2687 2679 2740 δεῖνα
2699 2683 2980 2752 ἄνθρωπος
3012 2674 3270 2736 ἀπέθανε,
3303 2670 3480 2759 καίτοι
3509 2664 3718 2759 ἠ-ψυχὴ
3757 2661 3896 2759 ἀθάρ-

2310 2754 2466 2843 νατός
2511 2780 2678 2837 ἐστιν,
2718 2772 2832 2826 ἀλλ’
2857 2768 3044 2835 ἐπειδὴ
3075 2765 3134 2818 τὸ
3165 2763 3334 2831 ὄνομα
3368 2754 3488 2812 εἷπε
3519 2757 3579 2809 τὸ
3624 2754 3892 2823 σημαῖνον

2310 2870 2409 2932 τὰς
2433 2868 2525 2920 δύο
2554 2866 2765 2935 φύσεις,
2793 2859 2887 2914 κα)⁸
2916 2857 2977 2910 τὸ
3009 2855 3169 2925 σῶμα
3197 2853 3258 2906 τὸ
3281 2849 3640 2919 ἀποθνῆσκον,
3671 2844 3765 2935 καὶ
3789 2844 3896 2935 τὴν

2311 2928 2488 3028 φυγὴν
2520 2928 2618 3025 τῆν
2664 2951 2950 3010 ἀθάνατον,
2979 2945 3078 2998 οὐκ
3108 2942 3218 3012 ἔχει
3249 2939 3495 2993 κίνδυνον
3512 2937 3552 3028 -ή
3581 2933 3729 3028 φωνὴ
3749 2946 3761 2960 ·
3798 2928 3897 3028 ἀνῖ-

2314 3019 2529 3121 θρωπος
2563 3019 2671 3114 γὰρ
2717 3041 2964 3095 καλεῖται
2998 3035 3310 3103 ἀμφότερα,
3347 3026 3538 3121 καιῄτὸ
3581 3022 3763 3121 σῶμα,
3788 3019 3898 3121 καὶ

909 3108 1128 3127 ,-,___,_
1243 3108 1300 3114 -_
1337 3108 1456 3115 ,-__
1496 3108 1505 3113 ,
1554 3108 1840 3130 ,-,,,,--,ι,,,
2059 3108 2177 3113 ----

640 3157 725 3200 tur
770 3147 959 3213 homo,
1003 3159 1057 3204 et
1085 3164 1282 3219 corpus
1333 3159 1386 3205 et
1439 3153 1618 3205 anima
1660 3170 1674 3218 ;
1713 3153 1785 3206 ita
1840 3152 2005 3222 igitur
2057 3153 2212 3206 etiam

2326 3108 2363 3212 η
2379 3108 2526 3209 ψυχή
2551 3108 2731 3188 ὀὕτω
2760 3130 2942 3184 τοίνυν
2975 3127 3070 3180 καὶ
3094 3126 3121 3178 ὁ
3158 3122 3327 3194 μέγας
3355 3119 3560 3178 ἐκεῖνος
3601 3111 3758 3183 χορὸς
3786 3108 3899 3178 ἔφη

638 3252 864 3308 magnus
887 3239 973 3296 ille
1007 3241 1204 3296 chorus
1230 3241 1297 3296 de
1326 3242 1543 3297 Christo
1577 3242 1732 3297 dixit.
1762 3240 1782 3313 ]

1268 3376 1417 3432 CAP.
1459 3376 1567 3430 VII.

709 3514 843 3570 Cum
899 3514 972 3570 illi
1036 3515 1311 3570 Christum
1372 3517 1555 3570 Jesum
1608 3516 1895 3582 dixerunt,
1928 3533 2028 3570 non
2081 3518 2217 3571 duos

642 3606 781 3660 ﬁlios
820 3608 1045 3661 seorsim
1073 3645 1088 3670 ,
1116 3607 1206 3676 qui
1245 3621 1528 3661 commune
1564 3607 1826 3661 haberent
1857 3608 1960 3662 hoc
1991 3623 2209 3674 nomen,

641 3697 891 3753 Christus
918 3696 1113 3764 Jesus,
1142 3699 1234 3752 sed
1261 3698 1482 3752 illud‘ex
1521 3699 1629 3753 Deo
1675 3698 1911 3753 Verbum
1946 3699 2217 3753 hominem

643 3791 845 3844 factum
874 3789 1240 3859 signiﬁcasse,
1277 3801 1698 3860 repugnaturnm
1736 3792 1828 3860 qui
1863 3791 2037 3860 sapiat
2074 3799 2221 3847 certe

643 3891 775 3950 puto
824 3881 1098 3934 neminem
1127 3896 1140 3932 :
1171 3896 1233 3935 ac
1267 3891 1462 3949 praeter
1499 3896 1559 3935 ea
1603 3897 1722 3950 quae
1760 3881 1869 3950 jam
1905 3881 2045 3934 dicta
2074 3891 2219 3945 sunt,

644 3973 744 4026 hac
772 3973 836 4025 de
879 3987 935 4026 re
964 3972 1114 4040 plura
1141 3971 1316 4026 adhuc
1352 3971 1554 4026 referre
1591 3973 1752 4026 verba
1776 4014 1790 4035 ,
1823 3987 2218 4040 supervacuum

645 4063 736 4127 sit,
770 4063 984 4132 opinor.
1025 4060 1405 4117 Verumtamen
1469 4063 1511 4118 si
1560 4063 1624 4116 iis
1670 4077 1788 4131 quae
1839 4061 1977 4115 dicta
2037 4071 2163 4114 sunt
2194 4075 2222 4115 a

645 4155 837 4218 nobis,
895 4155 1206 4223 persuaderi
1266 4155 1358 4208 tibi
1417 4171 1520 4208 non
1582 4164 1757 4223 potest
1810 4164 1868 4208 ut
1930 4155 2218 4225 intelligas,

645 4246 860 4301 etiamsi
901 4246 1145 4301 dicamus
1198 4246 1371 4314 ipsum
1433 4248 1526 4301 Dei
1567 4246 1820 4311 Verbum,
1855 4257 2078 4318 propter
2126 4263 2223 4302 nos

646 4352 808 4391 carne
848 4351 1097 4406 passum,
1129 4335 1477 4390 nihilominus
1510 4336 1636 4390 illud
1668 4352 1696 4390 a
1728 4337 1883 4390 nobis
1934 4337 2224 4406 impatibile

647 4440 903 4496 tauquam
935 4425 1101 4482 Deum
1139 4427 1341 4482 servari
1369 4466 1384 4492 ,
1418 4426 1608 4481 saltem
1648 4426 1753 4480 tuis
1782 4427 2000 4482 vocibus
2027 4427 2224 4496 largire

2323 3231 2451 3301 περὶ
2484 3222 2767 3299 Χριστοῦ.]

2918 3357 3171 3412 ΚΕΦΑΔ.
3210 3353 3246 3406 Ζ
3271 3392 3283 3404 .

2393 3510 2514 3563 Ὅτι
2564 3507 2661 3576 μὲν
2703 3499 2936 3571 Χριστὸν
2995 3492 3201 3564 Ἰησοῦν
3257 3487 3651 3557 ὀνομάσαντες,
3687 3477 3893 3576 οῦ-δύο

2323 3603 2416 3656 καὶ
2443 3600 2546 3655 ἀνά
2564 3571 2751 3668 ’μέρος
2780 3591 2948 3652 υἱοὺς,
2987 3585 3172 3640 καινὸν
3203 3581 3424 3650 ἔχοντας
3463 3577 3632 3668 ὄνομα
3655 3572 3735 3668 τὸ,
3763 3571 3906 3668 ξριῐ

2325 3693 2445 3756 στὺς
2483 3661 2711 3762 Ἰησοῦς,
2741 3677 3200 3753 ἐνηνθρωπηκότα
3225 3673 3281 3763 δέ
3317 3668 3530 3763 μᾶλλοῖ
3544 3666 3635 3719 τὸν
3663 3661 3904 3763 Eat-Geo?

2324 3752 2496 3852 Λόγον
2547 3752 3073 3844 κατασημαίνουσιν,
3125 3761 3400 3831 ἀνταίρειν
3479 3752 3634 3826 οἶμαι
3689 3752 3798 3852 των
3841 3752 3904 3851 εὖ

2325 3842 2665 3945 φρονούντων
2703 3842 2929 3919 ούδένα·
2961 3858 3054 3912 καὶ
3085 3855 3165 3916 τὸ,
3208 3852 3286 3905 έτι
3334 3849 3578 3920 μακροὺς
3619 3842 3747 3910 περὶ
3781 3842 3908 3892 τού-

2325 3937 2431 4019 των
2469 3964 2616 4034 ἡμᾶς
2658 3956 2973 4022 ἀντεξάγειν
3009 3949 3200 4016 λόγους
3232 3944 3366 4014 πρὸς
3394 3943 3523 4034 τοῖς
3545 3937 3908 4034 ἥδη-γεγενη-

2331 4026 2530 4127 μένοις,
2563 4047 2815 4121 περιττὸν
2843 4039 2996 4113 οἶμαί
3028 4056 3151 4091 που.
3183 4035 3331 4104 Πλὴν
3363 4034 3411 4086 εί
3430 4032 3554 4127 τοῖς
3581 4026 3911 4127 πρὺςῌήμιῖιν

2327 4117 2427 4202 οὐκ
2462 4117 2732 4212 ἀναπείθῃ
2761 4139 2961 4205 λόγοις,
2993 4132 3070 4196 εἴς
3097 4148 3160 4200 γε
3201 4128 3262 4182 τὸ
3297 4126 3512 4180 ἑλέσθαι
3551 4121 3789 4192 φρονεῖν,
3825 4117 3912 4218 ὅτι

2329 4244 2433 4296 κᾶν
2477 4240 2724 4305 λέγωμεν
2772 4229 2938 4300 σαρκὶ
2990 4222 3320 4278 πεπονθέναι
3365 4219 3431 4271 δι’
3472 4217 3625 4286 ἡμᾶς
3674 4213 3762 4305 τὸν
3809 4213 3909 4305 τοῦ

2329 4332 2466 4388 Θεοῦ
2512 4302 2707 4396 Λόγον,
2756 4320 2943 4390 ἀπαθῆ
2991 4317 3084 4371 καὶ
3129 4315 3273 4368 οὕτω
3310 4309 3584 4382 τηροῦμεν
3634 4304 3795 4360 αὐτὸν
3834 4302 3914 4396 ὡς

2331 4427 2463 4481 Θεόν
2483 4441 2496 4456 ⁸
2533 4422 2635 4474 κᾶν
2667 4417 2797 4487 γοῦν
2827 4416 2948 4476 ταῖς
2983 4407 3211 4463 σεαυτοῦ
3246 4402 3470 4476 χαρίζου
3503 4400 3726 4469 φωναῖς,
3759 4396 3820 4447 τὸ
3852 4390 3913 4446 εὖ

649 4529 708 4572 ιιι
743 4529 890 4574 recte
931 4518 1155 4589 prolata;
1193 4519 1499 4573 videantur.
1557 4516 1708 4572 Sicut
1740 4518 1883 4572 enim
1915 4519 2005 4587 qui
2047 4518 2212 4573 homi-

2336 4513 2672 4586 πεποιῆσθαι
2707 4509 2904 4562 δοκεῖν.
2931 4505 3145 4572 Ὥσπερ
3179 4501 3286 4568 γὰρ
3332 4500 3358 4550 ὁ
3389 4494 3672 4563 ἄνθρωπον
3717 4486 3912 4591 εἰπιὼν,

649 4625 772 4664 nem
799 4609 970 4675 dixit,
1003 4609 1160 4664 simul
1195 4623 1317 4663 cum
1350 4598 1578 4676 Corpore
1608 4609 1929 4677 signiﬁcavit
1963 4609 2224 4674 animam,

651 4703 900 4772 quamvis
930 4701 1046 4756 haec
1097 4710 1343 4754 naturam
1383 4701 1580 4755 habeat
1621 4702 1688 4754 ab
1721 4716 1784 4755 eo
1809 4702 2110 4769 diversam,
2155 4705 2228 4758 ita

655 4802 737 4861 ut,
763 4793 978 4849 etiamsi
1008 4808 1204 4857 corpus
1240 4793 1470 4847 fortasse
1520 4793 1750 4860 alicujus
1805 4805 2076 4849 mortuum
2109 4810 2230 4852 esse

655 4884 902 4947 dicatur,
937 4893 1084 4939 totus
1113 4884 1163 4937 id
1203 4884 1364 4938 homo
1408 4898 1599 4952 passus
1641 4899 1747 4938 non
1792 4886 2024 4939 absurde
2069 4887 2228 4942 intel-

653 4974 894 5041 ligatur,
924 4977 1169 5042 quamvis
1207 4975 1442 5028 animam
1499 4976 1696 5028 habeat
1749 4976 1886 5029 haud
1937 4979 2095 5033 morti
2139 4980 2234 5033 ob-

658 5068 877 5123 noxiam
916 5066 960 5100 ⁸⁸
999 5083 1014 5130 ;
1050 5066 1128 5121 sic
1173 5081 1232 5120 se
1280 5081 1365 5120 res
1411 5066 1572 5120 habet
1617 5069 1668 5120 in
1709 5067 1951 5121 omnium
1993 5079 2233 5123 nostrum

663 5155 944 5212 Salvatore
992 5154 1232 5211 Christo.
1284 5154 1416 5208 Nam
1465 5157 1589 5226 quia
1635 5156 1764 5210 illud
1808 5171 1874 5210 ex
1919 5155 2030 5210 Deo
2078 5156 2235 5212 Patre

664 5249 936 5312 Verbum,
982 5258 1040 5303 ut
1081 5263 1221 5316 sa'pe
1264 5247 1536 5311 diximus,
1591 5248 1859 5316 particeps
1915 5247 2014 5302 fuit
2056 5251 2235 5304 carnis

664 5353 720 5397 et
760 5343 1038 5412 sanguinis
1103 5340 1352 5396 similiter
1389 5356 1452 5394 ac
1492 5354 1590 5395 nos
1615 5379 1629 5403 ,
1662 5349 1717 5394 et
1751 5355 1947 5410 corpus
1995 5341 2122 5395 illud
2169 5358 2233 5397 ex

667 5444 856 5491 sancta
891 5432 1114 5504 Virgine
1143 5432 1246 5487 sibi
1282 5432 1556 5502 proprium
1594 5432 1757 5495 fecit,
1785 5441 1839 5487 et
1866 5436 1937 5487 ita
1979 5434 2117 5488 ﬁlius
2144 5435 2241 5489 ho-

671 5529 835 5582 minis
862 5535 944 5582 est
974 5525 1147 5579 factus
1179 5541 1192 5589 ;
1225 5525 1327 5579 hac
1357 5525 1421 5579 de
1448 5538 1631 5588 causa,
1659 5534 1869 5579 mortua
1899 5525 2014 5593 ejus
2055 5542 2236 5592 carne,

669 5634 812 5676 vera:
867 5617 1013 5674 illius
1056 5615 1270 5671 unionis
1319 5615 1456 5671 ratio
1516 5616 1820 5686 passionem
1870 5618 1969 5688 ipsi
2034 5596 2238 5687 tribuii,

740 5799 760 5830 ’
797 5798 863 5853 ill
900 5796 1035 5869 Reg.
1078 5809 1233 5863 xvnt,
1264 5796 1352 5851 2i.
1436 5797 1474 5828 ¹⁰
1505 5795 1665 5851 llebr.
1700 5811 1756 5860 ll,
1794 5796 1873 5851 15.

2340 4589 2678 4679 συνεσήμανε
2713 4601 2791 4672 τῷ
2817 4597 3030 4668 σώματι
3063 4593 3155 4663 τὴν
3184 4588 3381 4659 ψυχὴν,
3411 4586 3587 4640 καίτοι
3619 4583 3715 4652 τὴν
3749 4578 3916 4679 φύσιν

2339 4670 2692 4774 ὑπάρχουσαν
2733 4670 3000 4764 ἐτεροφυᾶ
3038 4684 3167 4754 παρ’
3205 4681 3354 4741 αὐτὸ,
3401 4679 3502 4774 κάν
3531 4677 3578 4728 εἰ
3612 4674 3825 4774 λέγοιτο
3856 4670 3919 4722 τὸ

2337 4798 2432 4854 τοῦ
2458 4771 2648 4853 ’δεῖνος
2682 4787 2840 4856 σῶμα
2869 4781 3030 4851 τυχὸν
3076 4776 3387 4835 ἀποθανεῖν,
3431 4771 3568 4832 ὅλως
3615 4771 3772 4819 τοῦτο
3820 4779 3920 4815 πε-

2343 4886 2552 4948 πονθὼς
2582 4885 2610 4935 ὁ
2654 4854 2938 4946 ἄνθρωπος
2982 4869 3139 4925 νοοῖτ’
3178 4868 3243 4920 ἂν
3291 4863 3544 4924 εἰκότως,
3593 4858 3770 4910 καίτοι
3815 4854 3916 4948 θαέ

2345 4985 2507 5037 νάτου
2538 4978 2636 5030 οὐκ
2668 4973 2804 5043 ἔχων
2843 4963 3096 5033 δεκτικὴν
3136 4961 3233 5030 τὴν
3271 4957 3476 5025 ψυχήνο
3511 4952 3653 5005 οὕτω
3694 4949 3789 5001 καὶ
3827 4947 3922 4999 ἐπὶ

2343 5074 2438 5127 τοῦ
2473 5039 2876 5133 πάντων-ήμῶν
2913 5056 3165 5126 Σωτῆρος
3201 5049 3458 5120 Χριστοῦ.
3495 5042 3712 5110 Ἐπειδὴ
3754 5039 3864 5109 γὰρ
3894 5039 3923 5090 ὁ

2345 5167 2408 5218 ἐκ
2434 5161 2568 5217 Θεοῦ
2598 5155 2804 5225 [ἰατρὸς
2837 5150 3030 5218 Λόγος,
3057 5143 3200 5199 καθά
3242 5137 3559 5198 πλειστάκις
3591 5134 3921 5225 εἰρήκαμεν,

2348 5256 2682 5326 μετέσχηκεν
2714 5223 2944 5316 αἵματος
2972 5241 3066 5294 καὶ
3095 5235 3294 5307 σαρκὸς
3325 5225 3724 5326 παραπλησίως
3744 5223 3922 5326 Λημῖν,

2348 5313 2592 5412 Quae};
2625 5341 2754 5393 ἴδιον
2780 5313 3084 5402 ἐποιήσατο
3113 5328 3172 5380 τὸ
3203 5328 3266 5378 ἐκ
3296 5323 3392 5393 τῆς
3427 5319 3586 5415 ἀγίας
3619 5313 3922 5415 Παρθένου,

2347 5408 2720 5508 κείρημάτικέ
2771 5446 2829 5482 τε
2874 5424 3017 5479 οὕτω
3052 5420 3146 5475 καὶ
3195 5416 3306 5480 υἱὸς
3356 5408 3670 5482 ἀνθρώπου·
3716 5408 3924 5508 mgf-,1;

2346 5496 2656 5595 ενὲἓοῖτῆς
2704 5522 2884 5583 αἰτίας
2922 5510 3301 5581 ἀποθανούσης
3335 5503 3496 5560 αὑτοῦ
3546 5502 3642 5570 τῆς
3683 5496 3923 5595 σαρκὸς,

2351 5620 2496 5693 αὐτῷ
2530 5619 2625 5692 μὲν
2659 5616 2719 5671 τὸ
2751 5613 2922 5677 πάθος
2948 5613 2973 5665 ό
3008 5608 3106 5679 τῆς
3134 5601 3366 5673 ἀληθοῦς
3411 5597 3659 5665 ἐνὸτητος
3693 5590 3926 5645 ἀνάπτει
