4078 6348
160 385 253 443 945

1209 391 1581 449 ΑΒἾΕΒΞΠΞ
1616 390 2023 450 NESTORIUM
2068 391 2194 448 LIB.
2240 392 2301 446 ν.

3285 390 3391 446 ιιιο

161 501 331 565 λόγος’
365 498 467 566 ἔξω
498 516 559 567 γε
593 500 700 570 μὴν
734 494 841 553 οἶδε
876 503 1226 572 μεμενηκότα
1260 506 1352 558 τοῦ
1388 506 1603 571 παθεῖν,
1636 506 1718 558 ὅτι

1829 506 2067 574 quamvis
2117 506 2245 560 illud
2297 514 2453 559 extra
2488 502 2793 571 passionem
2849 502 3392 563 mansisse‘noverit.

161 593 242 643 xu".
272 591 405 653 Θεός
434 592 547 643 ἐστι
586 592 726 645 κατά
760 595 922 660 φύσιν
968 594 1061 646 καὶ
1095 593 1230 664 ζωή.
1272 597 1381 649 Καὶ
1411 595 1540 664 γοῦν
1569 598 1597 650 ό
1632 596 1719 649 θε-

161 679 372 742 σπέσιος
402 681 605 749 Πέτρος
630 682 884 753 τοιαύτην
907 684 1034 752 ἡμῖν
1058 686 1379 753 παρατιθεὶς
1421 687 1521 757 τὴν
1554 705 1722 757 μυστ-

159 770 413 838 αγωγίαν,
454 765 554 823 ὧδέ
598 773 671 843 πή
713 790 844 843 φησι
885 775 1013 844 περὶ
1050 775 1211 827 αὑτοῦ
1238 778 1349 839 τοῖς
1377 777 1721 831 πιστεύουσιν

160 860 229 921 είς
264 860 457 913 αὐτόν’
494 880 512 912 ι
549 863 644 916 Ὃν
677 864 776 915 οὐκ
819 865 1019 928 εἰδότες
1059 866 1311 933 ἀγαπᾶτε
1334 883 1347 897 ⁸
1379 870 1459 930 είς
1503 868 1562 920 ὃν
1599 870 1721 939 ἄρτι

162 950 227 1018 μὴ
273 951 523 1020 ὁρῶντες,
548 954 897 1018 πιστεύοντες
922 956 1000 1017 δὲ,
1033 957 1360 1025 ἀγαλλιᾶσθε
1393 960 1534 1029 χαρᾷ
1565 960 1723 1012 ἀνεκσ

161 1041 366 1111 λαλήτῳ
391 1044 487 1096 καὶ
525 1044 909 1116 δεδοξασμένῃ,
939 1049 1295 1118 κομιζόμενοι
1348 1050 1408 1101 τὸ
1440 1050 1593 1112 τέλος
1620 1050 1721 1118 τῆς

161 1133 414 1198 πίστεως,
464 1136 737 1205 σωτηρίαν
782 1137 991 1208 ψυχῶν.
1040 1140 1174 1210 Περὶ
1216 1136 1283 1212 ἧς
1332 1142 1605 1211 σωτηρίας
1636 1141 1723 1204 ἐξ·

159 1218 426 1292 ιζήτησαν
461 1224 555 1277 καὶ
582 1223 953 1295 ὲξηρεύνησαν
975 1229 1271 1297 προφῆται,
1300 1231 1347 1281 οἱ
1375 1247 1437 1281 πε
1449 1231 1500 1298 ρὶ
1525 1231 1619 1298 τῆς
1641 1231 1721 1292 είς

158 1311 298 1379 ἡμᾶς
329 1314 545 1383 χάριτος
592 1316 1089 1386 προφητεύσαντες,
1119 1320 1443 1389 ἐρευνῶντες
1471 1323 1549 1383 εἰς
1581 1320 1718 1384 τίνα,

158 1401 187 1471 ἦ
218 1405 368 1455 ποῖον
398 1406 584 1475 καιρὸν
612 1406 799 1475 ἐδήλου
824 1408 885 1459 τὸ
916 1409 973 1460 ὲν
996 1410 1179 1472 αὐτοῖς
1208 1410 1431 1480 Πνεῦμα
1462 1411 1720 1481 Χριστοῦ,

159 1495 668 1566 προμαρτυρόμενον
696 1498 763 1551 τά
800 1498 878 1559 εἰς
901 1499 1134 1569 Χριστὸν
1158 1500 1476 1570 παθήματα,
1504 1502 1597 1553 καὶ
1625 1502 1723 1563 τὰς

161 1585 292 1653 μετά
307 1586 478 1639 ταῦτα
504 1587 661 1652 δόξας
679 1605 691 1617 ·
722 1584 801 1650 οἷς
824 1590 1206 1660 ἀπεκαλύφθη,
1243 1592 1322 1644 ὅτι
1349 1592 1444 1660 οὐχ
1486 1593 1718 1655 ἑαυτοῖς,

157 1675 361 1744 ήμῖνδὲ
392 1677 671 1746 διηκόνουν
723 1678 884 1743 αὐτὰ,
930 1679 965 1732 ἃ
1006 1680 1099 1731 νῦν
1133 1682 1263 1751 ἡμῖν
1308 1682 1586 1752 ἀνηγγέλη
1635 1682 1722 1734 διά

158 1766 255 1819 τῶν
305 1770 817 1838 εὐαγγελισαμένων
862 1771 1007 1841 ἡμᾶς
1053 1772 1187 1838 (58),
1249 1772 1527 1841 Πνεύματι
1581 1773 1722 1841 ἁγίῳ

157 1860 509 1913 ἀποσταλέντι
545 1862 640 1913 ἀπ’
668 1861 918 1930 ούρανοῦ,
944 1863 1022 1923 είς
1048 1860 1083 1914 ἃ
1114 1861 1470 1931 ἐπιθυμοῦσιν
1502 1863 1723 1929 ἄγγελοι
1754 1842 1797 1897 Β

158 1951 494 2020 παρακύψαι.
518 1970 535 2003 ι
575 1952 815 2014 Ἀκούεις
846 1953 991 2015 ὅπως
1025 1954 1083 2005 τὸ
1114 1953 1338 2023 Πνεῦμα
1357 1953 1595 2025 Χριστοῦ
1630 1955 1726 2008 καὶ

157 2042 211 2093 ὲν
251 2047 363 2105 τοῖς
406 2046 581 2112 ἁγίοις
628 2046 934 2117 προφήταις
963 2042 1051 2115 ἦν,
1104 2047 1624 2116 προανακεκράγασι
1668 2046 1726 2098 δὲ

155 2132 219 2185 τά
254 2135 333 2197 εἰς
366 2137 597 2207 Χριστὸν
626 2137 946 2207 παθήματα,
995 2137 1091 2188 καὶ
1122 2137 1221 2199 τάς
1257 2139 1393 2205 μετά
1431 2136 1603 2189 ταῦτα
1636 2136 1726 2189 δό-

158 2221 278 2290 gae;
306 2222 433 2296 Ἆρ’
472 2223 564 2280 οὖν
599 2229 669 2291 ὡς
713 2229 997 2300 ἄνθρωπον
1028 2226 1212 2289 ἀπλῶς
1246 2227 1386 2294 ὑπὲρ
1429 2226 1586 2295 ἡμῶν
1630 2243 1727 2279 πε-

157 2317 390 2369 πονθότα
434 2318 511 2386 τῷ
558 2319 747 2390 κόσμῳ
778 2319 1257 2388 διακηρύττοντεςς
1290 2319 1384 2370 καὶ
1415 2316 1573 2370 τοῦτό
1607 2320 1724 2371 ὲστι

157 2406 213 2460 τὸ
244 2410 542 2480 μυστήριον
578 2410 638 2463 τὸ
665 2411 752 2463 διά
780 2411 888 2463 τῶν
922 2410 1090 2475 ἀγίων
1119 2406 1277 2477 ἡμῶν
1306 2407 1618 2461 ἀποστόλων
1663 2426 1722 2461 τε

157 2502 246 2557 καὶ
277 2503 679 2571 εῦαγγελιστῶν
730 2504 787 2554 ἐν
828 2504 1008 2555 πίστει
1056 2502 1446 2572 δεδωρημένον,
1499 2503 1591 2554 καὶ
1644 2504 1724 2564 εἰς

155 2593 324 2650 ταῦτα
374 2595 691 2664 παρακύψαι
727 2595 890 2660 φησὶν
930 2593 1215 2662 ἐπιθυμεῖν
1244 2594 1369 2656 τοὺς
1417 2594 1723 2659 ἀγγέλους;

155 2682 346 2736 Καίτοι
376 2682 491 2744 πῶς
521 2684 619 2734 οὐκ
650 2680 954 2750 ἀπόϐλητος
981 2682 1065 2752 εἴη
1097 2682 1181 2746 ἂν,
1205 2683 1232 2733 ό
1265 2681 1426 2750 μέχρι
1455 2680 1518 2750 δὴ
1551 2681 1725 2749 μόνων

154 2770 257 2823 τῶν
287 2772 388 2838 τῆς
420 2770 837 2841 ἁνθρωπότητος
865 2772 1004 2842 ὅρων
1032 2772 1130 2841 την
1161 2771 1253 2825 τοῦ
1301 2773 1601 2842 μυστηρίου
1636 2772 1728 2824 δύ-

154 2878 313 2931 ναμιν
349 2862 690 2915 κατακλείειν
734 2862 1060 2932 ὲπιχειρῶν;
1103 2862 1273 2924 Αὐτὸς
1322 2881 1338 2911 ι
1370 2864 1396 2913 6
1437 2864 1493 2913 ὲν
1544 2864 1723 2931 μορφῇ

155 2953 245 3007 τοῦ
273 2954 412 3008 Θεοῦ
448 2955 538 3007 καὶ
574 2953 784 3023 Πατρδς
832 2952 1091 3021 ὑπάρχων
1124 2950 1254 3012 Θεὸς
1300 2950 1470 3017 Λόγος
1498 2990 1511 3013 ,
1565 2951 1725 3003 κεκέ-

154 3062 322 3098 νωκεν
371 3045 581 3105 ἑαυτὸν,
614 3043 825 3111 μορφὴν
854 3041 1039 3093 δούλου
1080 3040 1279 3104 λαϐὼν,
1314 3043 1405 3092 καὶ
1445 3042 1543 3111 τὴν
1588 3041 1729 3095 κοιτά

1821 614 1943 655 cum
1976 608 2032 657 et
2059 600 2199 654 Deus
2227 599 2296 654 sit
2320 600 2614 653 secundum
2645 606 2914 661 naturam,
2943 605 2997 650 et
3026 594 3156 649 vita.
3205 594 3393 664 Itaque

1822 690 2011 746 beatus
2064 690 2255 747 Petrus
2296 705 2417 745 cum
2474 689 2742 758 ejusmodi
2795 687 3037 759 mysterii
3092 688 3392 741 doctrinam

1824 782 1978 835 nobis
2000 789 2345 849 proponeret,
2372 781 2449 835 sic
2479 779 2589 832 fere
2618 780 2685 833 de
2708 779 2797 832 illo
2821 778 2873 831 in
2900 793 3019 832 eum
3050 779 3395 832 credentibus

1823 873 1951 926 dicit
1981 888 1997 927 :
2033 890 2051 923 ‹
2087 872 2257 937 Quem
2294 886 2415 926 cum
2447 885 2552 924 non
2584 869 2827 924 videritis
2859 868 3099 937 diligitis,
3145 869 3199 921 in
3231 884 3393 937 quem

1824 979 1966 1019 nunc
2008 979 2223 1033 quoque
2258 979 2362 1018 non
2409 964 2649 1017 videntes
2685 960 2905 1015 creditis
2930 1001 2944 1025 ,
2972 963 3256 1014 credentes
3298 974 3395 1013 au-

1826 1065 1931 1110 tem
1980 1055 2264 1109 exsultatis
2307 1055 2487 1109 laetitia
2542 1052 2885 1107 inenarrabili
2926 1052 3080 1123 142
3109 1061 3163 1105 et
3194 1050 3395 1121 gloriﬁ-

1824 1156 1968 1208 cata.
2000 1155 2338 1215 reportantes
2368 1147 2525 1200 ﬁnem
2556 1145 2675 1198 ﬁdei
2705 1155 2917 1208 vestrae,
2947 1144 3169 1198 salutem
3197 1144 3397 1196 anima-

1825 1250 1943 1288 rum
1980 1243 2300 1289 vestrarum.
2358 1235 2430 1288 De
2456 1250 2556 1303 qua
2584 1234 2809 1289 salutem
2839 1235 3211 1303 exquisierunt
3235 1242 3397 1300 atque

1825 1326 2049 1381 scrutati
2113 1334 2238 1379 sunt
2294 1327 2606 1394 prophetae.
2642 1325 2732 1394 qui
2782 1324 2847 1378 de
2907 1324 3085 1377 futura
3141 1325 3194 1377 in
3245 1322 3397 1376 vobis

1825 1417 1995 1485 gratia
2060 1418 2523 1485 prophetaverunt
2571 1434 2585 1480 ;
2641 1424 2942 1471 scrutantes
2992 1413 3045 1467 in
3102 1413 3247 1482 quod
3312 1413 3396 1467 vel

1823 1505 1981 1572 quale
2029 1514 2239 1574 tempus
2289 1504 2620 1573 signiﬁcaret
2666 1505 2717 1557 in
2759 1504 2838 1558 eis
2884 1503 3116 1571 Spiritus
3170 1503 3397 1566 Christi,

1825 1596 2195 1661 praenuntiam
2234 1610 2295 1649 ea
2330 1610 2449 1664 quae
2479 1595 2530 1647 in
2583 1594 2798 1648 Christo
2845 1605 2977 1649 sunt
3022 1596 3300 1663 passiones
3344 1601 3399 1648 et

1825 1687 2152 1753 posteriores
2178 1686 2374 1755 glorias
2408 1703 2422 1752 ;
2456 1685 2649 1754 quibus
2681 1686 2975 1739 revelatum
3008 1696 3109 1751 est,
3138 1686 3261 1754 quia
3291 1700 3398 1740 non

1825 1774 2196 1842 sibimetipsis,
2225 1774 2381 1828 nobis
2407 1784 2582 1828 autem
2617 1774 2994 1828 ministrabant
3022 1789 3082 1827 ea
3110 1790 3229 1843 qua:
3253 1789 3398 1828 nunc

1827 1863 1978 1918 vobis
2032 1865 2273 1917 nuntiata
2307 1873 2431 1918 sunt
2465 1880 2562 1931 per
2608 1879 2703 1919 eos
2757 1864 2845 1933 qni
2882 1865 3399 1934 evangelizaverunt

1826 1954 1980 2010 vobis
2009 1954 2209 2024 Spiritu
2244 1964 2429 2009 sancto
2465 1956 2631 2009 misso
2657 1956 2721 2009 de
2753 1956 2911 2020 cmlo,
2938 1957 2989 2009 in
3026 1972 3146 2024 quae
3182 1955 3397 2011 deside-

1827 2056 1947 2099 rant
1970 2047 2142 2116 angeli
2175 2047 2481 2115 prospicere
2508 2045 2571 2098 η.
2616 2064 2633 2096 ι
2668 2046 2833 2099 Audis
2859 2056 2911 2099 ut
2944 2047 3175 2114 Spiritus
3195 2047 3400 2102 Christi

1828 2138 1880 2191 in
1922 2139 2121 2192 sanctis
2170 2138 2444 2207 prOphetis
2492 2138 2685 2202 fuerit,
2721 2147 2884 2206 utque
2928 2137 3000 2191 illi
3050 2138 3402 2207 praedixerint

1825 2242 1919 2284 eas
1972 2244 2089 2298 quae
2118 2228 2171 2283 iu
2218 2226 2433 2283 Christo
2486 2236 2612 2283 sunt
2669 2229 2949 2298 passiones
2975 2238 3030 2283 et
3067 2230 3400 2297 posteriores

1825 2319 2025 2389 glorias
2057 2320 2079 2371 ?
2108 2317 2259 2373 Itane
2292 2319 2442 2387 quasi
2472 2318 2742 2374 hominem
2781 2320 3077 2389 simplicem
3120 2336 3218 2390 pro
3245 2321 3400 2376 nobis

1827 2426 2040 2478 passum
2067 2411 2182 2465 orbi
2225 2410 2577 2479 praedicarent
2605 2411 2629 2463 ‘i
2654 2412 2812 2479 idque
2844 2421 2928 2466 est
2954 2413 3268 2483 mysterium
3300 2428 3399 2483 per

1828 2512 2045 2555 sanctos
2090 2500 2358 2568 apostolos
2390 2508 2442 2555 et
2476 2501 2832 2571 evangelistas
2856 2502 2909 2556 in
2942 2502 3046 2557 ﬁde
3090 2504 3271 2558 datum
3293 2545 3307 2567 ,
3339 2514 3400 2559 et

1830 2591 1880 2643 in
1910 2593 2043 2655 haec,
2070 2592 2239 2659 inquit
2271 2590 2578 2645 desiderare
2600 2591 2814 2660 angelos
2844 2593 3151 2663 prospicere
3176 2595 3199 2646 ?
3232 2594 3399 2664 Atqui

1827 2682 2094 2746 quomodo
2120 2696 2222 2733 non
2262 2681 2332 2733 sit
2360 2681 2713 2746 repudiandus
2739 2683 2829 2751 qui
2866 2683 2969 2737 vim
3019 2684 3152 2737 tanti
3198 2694 3400 2754 mystc-

1829 2772 1891 2823 rii
1912 2770 1963 2823 in
1988 2770 2116 2824 solis
2142 2769 2493 2823 humanitatis
2517 2771 2761 2826 terminis
2790 2772 3113 2829 concludere
3133 2775 3402 2829 conatur?

1827 2860 1947 2929 lpse
1973 2878 1992 2912 ι
2021 2862 2112 2930 qui
2138 2861 2189 2914 in
2227 2857 2401 2913 forma
2426 2859 2517 2914 Dei
2550 2869 2604 2914 et
2624 2860 2799 2917 Patris
2830 2872 2948 2917 erat
2972 2863 3111 2918 Deus
3136 2863 3398 2927 Verbum.

1827 2953 2120 3007 exinanivit
2153 2955 2494 3024 semetipsum
2520 2994 2533 3019 ,
2559 2953 2785 3008 formam
2824 2955 2964 3007 servi
2988 2954 3341 3023 accipiens",
3378 2975 3397 3007 ι

1830 3054 1882 3097 et
1922 3043 2063 3097 illam
2100 3045 2393 3099 secundum
2450 3060 2670 3101 carnem
2703 3046 3038 3102 nativitatem
3094 3047 3259 3102 subiit
3307 3061 3404 3115 pro

157 3139 332 3208 σάρκα
366 3136 615 3205 γέννησιν
664 3134 1045 3203 ὑπομεμένηκε
1085 3133 1150 3184 δι’
1201 3134 1347 3202 ἡμᾶς
1373 3150 1385 3161 ·
1429 3134 1591 3195 αὐτὸς
1630 3136 1725 3185 πέ-

1832 3133 2017 3194 nobis,
2060 3134 2170 3199 ipse
2214 3146 2401 3201 passus
2451 3142 2534 3188 est
2572 3149 2670 3202 pro
2727 3134 2881 3189 nobis
2940 3136 3153 3204 pr0pria
3202 3152 3401 3201 carne,

155 3227 346 3280 πονθεν
384 3226 522 3294 ὑπὲρ
558 3224 712 3293 ἡμῶν
747 3227 809 3292 τῇ
856 3224 959 3291 ἰδίει
991 3224 1173 3291 σαρκὶ,
1207 3224 1301 3274 καὶ
1336 3223 1534 3275 ἀνεϐίω
1564 3224 1724 3278 πάλιν

153 3314 227 3378 ὡς
270 3316 440 3380 Θεὸς,
474 3313 717 3376 κενώσας
758 3313 847 3365 τὸν
892 3312 1044 3382 ᾇδην,
1094 3312 1187 3363 καὶ
1228 3311 1465 3381 εἰρηκὼς
1509 3316 1621 3376 τοῖς
1669 3318 1726 3367 ὲν

152 3404 400 3475 δεσμοῖς·
432 3423 448 3455 ι
474 3404 775 3469 Ἐξέλθετε·
801 3403 893 3455 καὶ
919 3406 1029 3465 τοῖς
1055 3404 1112 3454 ὲν
1135 3402 1213 3472 τῷ
1244 3402 1425 3453 σκότει
1450 3419 1463 3433 ο
1503 3404 1729 3457 Ἀνακα-

154 3492 444 3562 λύφθητε.»
475 3494 539 3546 Τί
566 3493 740 3545 τοίνυν
781 3490 1105 3564 ἀνατρέπειν
1134 3493 1435 3561 ἐπιχειρεῖς
1462 3491 1559 3561 τὴν
1586 3491 1729 3546 οὕτω

153 3584 357 3656 σεπτὴν
394 3584 487 3638 καὶ
513 3585 841 3652 ἁξιάγαστον
871 3584 1203 3652 οἰκονομίαν,
1235 3583 1302 3635 δι’
1328 3578 1394 3653 ἦς
1430 3584 1523 3636 καὶ
1559 3586 1727 3638 σεσώ-

155 3676 353 3745 σμεθα,
388 3677 483 3729 καὶ
514 3675 710 3738 παντὸς
743 3676 872 3727 είσω
904 3674 1203 3743 γεγόναμεν
1232 3672 1473 3740 ἀγαθοῦ;
1512 3674 1575 3725 Τί
1621 3675 1729 3746 γὰρ

152 3768 217 3821 δι’
243 3769 416 3837 αὐτῆς
447 3767 837 3837 ἐκερδάναμεν,
866 3765 988 3837 εἴση
1005 3782 1085 3818 τοι
1114 3765 1208 3817 καὶ
1235 3765 1378 3835 μάλα
1406 3766 1612 3834 σαφῶς,
1635 3767 1730 3819 ὡδὶ

154 3858 489 3930 γεγραφότος
517 3857 608 3909 τοῦ
640 3855 909 3928 μακαρίου
946 3855 1158 3907 Παύλου
1180 3868 1191 3880 ’
1235 3875 1251 3906 ι
1283 3857 1389 3907 Καὶ
1418 3858 1567 3925 ἡμᾶς
1599 3874 1729 3909 ποτε

153 3948 310 4013 ὄντας
360 3948 947 4019 ἀπηλλοτριωμένους,
1000 3948 1093 3999 καὶ
1142 3946 1371 4017 ἐχθροὺς
1416 3950 1481 4017 τῇ
1521 3948 1729 4019 διανοίᾳ

153 4043 209 4093 ἂν
234 4044 345 4104 τοῖς
391 4041 573 4112 ἔργοις
600 4043 712 4102 τοῖς
740 4042 1013 4109 πονηροῖς,
1042 4040 1157 4090 νυνὶ
1184 4038 1240 4090 δὲ
1286 4038 1729 4107 ἀποκατήλλαξεν

153 4132 208 4182 ὲν
237 4132 316 4203 τῷ
351 4132 568 4202 σώματι
602 4132 700 4199 τῆς
748 4130 948 4200 σαρκὸς
982 4129 1148 4181 αὑτοῦ
1200 4129 1289 4180 διὰ
1339 4128 1432 4181 τοῦ
1468 4129 1727 4193 θανάτου,

154 4225 508 4295 παραστῆσαι
550 4225 695 4293 ἡμᾶς
725 4222 911 4290 ἁγίους
934 4261 948 4285 ,
999 4223 1094 4274 καὶ
1122 4220 1406 4291 ἀμώμους,
1435 4221 1529 4273 καὶ
1568 4222 1731 4288 ἀνεγξ

154 4313 388 4384 κλήτους
418 4313 538 4366 κατ’
572 4314 801 4366 ἐνώπιον
829 4309 1015 4377 αὑτοῦ,
1047 4312 1098 4363 εῖ
1124 4328 1185 4378 γε
1230 4312 1516 4378 ἐπιμένετε
1550 4314 1615 4381 τῇ
1648 4311 1732 4365 πί-

154 4421 289 4458 στει.
317 4423 338 4456 ι
394 4404 603 4458 Οὐκοῦν
632 4404 840 4473 ὀνίνησι
880 4403 975 4473 μὲν
1005 4404 1037 4471 ἡ
1073 4403 1252 4463 πίστις
1284 4404 1406 4464 τοὺς
1435 4403 1730 4456 ἀσάλευτον

1831 3232 1885 3279 et
1922 3225 2113 3278 iterum
2159 3233 2217 3277 ut
2252 3226 2393 3279 Deus
2443 3222 2663 3289 revixit,
2696 3225 2969 3279 evacuatis
3020 3225 3229 3289 inieris,
3280 3240 3400 3280 cum

1830 3315 2055 3369 dixisset
2082 3332 2100 3365 ‹
2126 3314 2190 3369 iis
2215 3315 2305 3384 qui
2332 3316 2385 3368 in
2413 3314 2638 3370 vinculis
2666 3324 2822 3369 erant
2851 3332 2864 3369 :
2905 3315 3060 3371 Exite
3090 3334 3105 3383 ;
3143 3327 3196 3370 et
3222 3317 3288 3371 iis
3311 3319 3404 3385 qui

1831 3405 1886 3459 in
1921 3404 2157 3459 tenebris
2181 3414 2334 3458 erant
2366 3423 2378 3458 ε
2415 3404 2747 3459 Revelamini
2772 3408 2835 3459 ¹³.
2877 3425 2894 3457 ι
2923 3406 3032 3460 Cur
3060 3408 3222 3476 igitur
3252 3422 3406 3462 ever-

1832 3507 1945 3553 tere
1986 3498 2189 3551 moliris
2240 3498 2688 3567 dispensationem
2734 3500 2868 3553 adeo
2914 3508 3193 3568 augustam
3243 3507 3405 3568 atque

1831 3587 2200 3641 admirabilem
2223 3625 2237 3650 ,
2270 3602 2365 3657 per
2395 3602 2554 3656 quam
2592 3587 2721 3639 salvi
2754 3586 2878 3640 facti
2915 3602 3130 3650 sumus,
3162 3595 3216 3641 et
3243 3601 3399 3641 omne

1832 3675 2029 3730 bonum
2081 3677 2409 3730 consecuti?
2459 3676 2594 3741 Quid
2648 3679 2789 3729 enim
2846 3676 3013 3745 ipsius
3060 3693 3162 3746 ope
3214 3678 3395 3732 lucrati

1833 3769 2019 3830 simus,
2052 3768 2389 3836 apertissime
2415 3782 2709 3836 cognosces
2732 3782 2797 3821 ex
2824 3768 2981 3822 beato
3007 3766 3170 3822 Paulo
3204 3770 3293 3837 qui
3324 3769 3398 3823 sic

1832 3859 2047 3928 scripsit
2080 3878 2092 3911 :
2132 3878 2149 3910 ι
2190 3859 2255 3912 Et
2277 3875 2374 3914 nos
2403 3875 2522 3914 cum
2557 3875 2797 3913 essemus
2838 3860 3085 3925 alienati,
3112 3872 3164 3914 et
3201 3860 3397 3915 inimici

1832 3964 2013 4016 sensu,
2050 3950 2100 4002 in
2130 3950 2384 4017 operibus
2413 3951 2566 4003 malis
2592 3965 2609 4000 :
2640 3965 2780 4004 nunc
2820 3960 2996 4004 autem
3043 3950 3404 4006 reconciliavit.

1835 4039 1886 4090 in
1915 4052 2139 4106 corpore
2162 4038 2341 4092 carnis
2374 4054 2484 4093 sua:
2514 4054 2608 4107 per
2636 4048 2882 4104 mortem,
2912 4049 2968 4092 ut
2992 4039 3271 4094 exhiberet
3309 4055 3403 4095 nos

1833 4137 2048 4183 sanctos
2080 4140 2135 4183 et
2180 4130 2550 4184 immaculatos
2586 4140 2640 4183 et
2677 4130 3179 4198 irreprehensibilcs
3218 4146 3403 4185 coram

1834 4221 1948 4289 ipso
1980 4240 1993 4277 :
2031 4222 2075 4276 si
2110 4232 2284 4274 tamen
2329 4222 2656 4287 permanetis
2688 4222 2739 4274 in
2780 4220 2882 4276 ﬁde
2911 4221 2975 4274 “.
3012 4240 3030 4271 ›
3078 4222 3222 4290 Ergo
3272 4222 3404 4278 ﬁdes

1834 4314 2048 4380 quidem
2076 4313 2225 4378 juvat
2251 4328 2343 4365 eos
2388 4314 2480 4381 qui
2515 4312 2656 4365 illam
2708 4312 2913 4365 ﬁrmam
2948 4327 3165 4368 servare
3205 4322 3398 4369 statue-

1837 4404 1989 4467 rint;
2024 4404 2115 4457 sed
2160 4406 2428 4472 quomodo
2470 4404 2653 4472 juvet,
2698 4404 2886 4457 beatus
2920 4402 3157 4459 Joannes
3212 4406 3402 4460 asserit

152 4496 317 4568 αὐτὴν
368 4496 657 4566 ἑλομένους
689 4496 873 4567 τηρεῖν
898 4512 910 4524 ·
944 4494 1149 4563 ὀνίνησι
1182 4493 1236 4545 δὲ
1282 4495 1421 4546 κατά
1456 4493 1575 4546 τίνα
1605 4496 1726 4564 τρό-

1838 4511 1956 4549 cum
2006 4496 2181 4550 dicit:
2217 4514 2235 4547 ι
2265 4496 2397 4561 Quis
2441 4505 2622 4550 autezn
2661 4507 2743 4549 est
2779 4496 2869 4563 qui
2916 4496 3085 4549 vincit
3125 4497 3405 4560 mundum,

152 4600 271 4647 πον,
297 4586 325 4636 6
358 4584 636 4651 πάνσοφος
663 4585 807 4652 ἡμᾶς
846 4583 1096 4653 Ἰωάννης
1130 4582 1484 4647 πιστώσεται,
1521 4583 1725 4650 λέγων·

158 4692 175 4724 ι
204 4674 301 4735 Τίς
333 4674 394 4727 δέ
429 4675 574 4726 ἐστιν
604 4674 631 4724 ὁ
658 4672 820 4725 νικῶν
846 4673 934 4725 τὸν
964 4674 1185 4743 κόσμον,
1217 4676 1261 4725 εί
1296 4673 1370 4742 μὴ
1398 4675 1425 4725 6
1457 4674 1728 4726 πιστεύων

150 4764 228 4817 ὃτι
265 4765 481 4833 Ἰησοῦς
520 4765 669 4817 ἐστιν
718 4764 745 4815 6
793 4764 916 4826 Υἱὸς
962 4763 1054 4815 τοῦ
1104 4762 1267 4829 Θεοῦ;
1300 4758 1468 4827 Οὗτός
1522 4766 1668 4817 ἐστιν
1701 4767 1728 4817 6

148 4854 319 4907 ἐλθὼν
349 4856 418 4909 δι’
450 4854 637 4917 ὕδατος
669 4856 762 4907 καὶ
798 4856 1048 4925 αἵματος,
1093 4856 1299 4924 Ἰησοῦς
1334 4857 1595 4925 Χριστός·
1630 4859 1729 4910 οὑκ

152 4946 206 4997 ὲν
239 4947 318 5017 τῷ
356 4946 513 4999 ὕδατι
547 4946 724 5015 μόνον,
748 4945 859 4998 ἀλλ’
883 4947 939 4997 ἐν
964 4945 1040 5015 τῷ
1074 4945 1222 4998 ὕδατι
1250 4947 1342 4999 καὶ
1382 4948 1574 5017 αἵματι
1596 4964 1607 4975 ⁸
1640 4950 1733 5001 καὶ

148 5041 206 5091 τὸ
251 5040 486 5107 Πνεῦμα
521 5042 663 5089 ἐστιν
695 5041 726 5107 ἡ
756 5036 1011 5107 ἀλήθεια,
1053 5038 1133 5087 ὅτι
1180 5039 1327 5105 τρεῖς
1370 5038 1730 5108 μαρτυροῦσι,

149 5132 207 5184 τὸ
225 5132 481 5201 Πνεῦμα,
509 5132 569 5183 τὸ
598 5130 758 5200 ὕδωρ,
789 5129 883 5183 καὶ
908 5129 965 5181 τὸ
990 5123 1145 5197 αἷμα.
1183 5130 1290 5180 Καὶ
1324 5131 1372 5181 oi
1404 5133 1552 5200 τρεῖς
1581 5132 1641 5183 τὸ
1668 5131 1726 5183 ἕν

223 5315 260 5346 ¹¹
301 5314 316 5368 l
349 5313 503 5367 Pctr.
537 5328 573 5378 ι,
611 5310 765 5368 8-12.
844 5312 885 5347 ’²
914 5309 1144 5378 Philipp.
1182 5326 1238 5373 ιι,
1264 5308 1317 5376 6,
1354 5310 1404 5364 7.

1486 5310 1527 5341 ”
1561 5312 1659 5366 Isa.
1695 5329 1841 5377 xm,
1885 5314 1935 5365 9.

1838 4589 2049 4657 nisiqni
2090 4589 2259 4643 credit
2292 4588 2435 4657 quod
2459 4586 2615 4642 Jesus
2660 4598 2745 4641 cst
2784 4585 2952 4641 Filius
2996 4588 3133 4641 Dei?
3180 4586 3279 4643 Hic
3323 4598 3404 4643 est

1836 4678 1925 4744 qui
1976 4677 2119 4729 venit
2150 4693 2243 4745 per
2270 4692 2460 4745 aquam
2503 4688 2553 4730 et
2575 4678 2884 4745 sanguinem
2923 4676 3078 4730 Jcsus
3109 4677 3386 4733 Christus:

1840 4785 1943 4822 non
1984 4769 2032 4821 in
2068 4785 2203 4836 aqua
2250 4770 2418 4823 solum
2446 4811 2458 4832 ,
2503 4771 2595 4822 scd
2646 4770 2695 4823 in
2752 4784 2890 4837 aqua
2915 4779 2966 4821 et
3002 4774 3282 4839 sanguine.
3343 4771 3409 4824 Et

1839 4860 2072 4928 Spiritus
2102 4869 2185 4914 est
2213 4860 2432 4923 veritas,
2469 4860 2592 4926 quia
2636 4869 2745 4913 tres
2783 4859 2938 4929 143
2968 4866 3091 4912 sunt
3124 4860 3213 4928 qui
3250 4861 3405 4915 testi-

1841 4951 2078 5003 monium
2115 4951 2396 5019 perhibent
2424 4991 2437 5014 ,
2474 4951 2738 5020 Spiritus,
2772 4961 2825 5003 et
2861 4966 3031 5019 aqua,
3066 4964 3117 5004 et
3142 4952 3358 5020 sanguis
3386 4968 3405 5005 :

1839 5053 1892 5095 et
1935 5041 1987 5095 hi
2032 5050 2140 5095 tres
2190 5057 2353 5095 unum
2410 5051 2555 5095 sunt.
2610 5040 2665 5095 Si
2718 5040 3084 5095 testimonium
3131 5041 3405 5096 hominum

1839 5132 2163 5202 accipimus,
2200 5132 2563 5188 testimonium
2614 5130 2704 5186 Dei
2758 5131 2932 5200 majus
2986 5141 3069 5186 est
3100 5148 3113 5197 ;
3144 5132 3269 5201 quia
3306 5132 3407 5187 hoc

2018 5312 2058 5345 ¹¹⁶
2092 5313 2296 5369 Coloss.
2335 5330 2368 5379 ι,
2404 5315 2595 5368 21-25.

1412 5463 1570 5519 ANT.
1614 5465 1885 5521 AGELLII
1928 5467 2155 5524 NOTAE.

220 5644 336 5714 ('58)
376 5645 474 5698 Sic
507 5642 779 5714 habebant
807 5640 1177 5714 coddaCyrilli
1216 5642 1357 5694 hunc
1389 5641 1565 5714 locum
1599 5642 1721 5710 Epi-

151 5711 349 5769 stolas]
381 5715 527 5769 bcati
562 5712 701 5765 Petri
736 5728 852 5778 cap.
880 5726 913 5762 ι.
952 5713 1214 5765 Caeterum
1242 5721 1295 5763 et
1320 5711 1528 5777 vulgata
1559 5715 1722 5767 editio

154 5783 368 5847 Latina,
401 5794 459 5842 et
497 5783 651 5839 codd.
706 5782 878 5837 Graeci
916 5780 1243 5838 Testamcuti
1277 5778 1428 5845 Novi,
1475 5791 1523 5834 rt
1576 5781 1717 5837 V'atn

1829 5661 2001 5700 canus
2030 5651 2195 5702 codex
2233 5648 2642 5717 antiquissimus
2671 5648 2869 5703 habent
2901 5649 3135 5702 secunda
3169 5662 3406 5718 persona

1833 5718 2107 5787 ἀνηγγέλη
2142 5718 2267 5787 ὑμῖν
2293 5730 2344 5774 ct
2374 5718 2885 5788 εύαγγέλισαμένων
2908 5719 3068 5787 ὑμᾶς.
