4078 6348
639 398 746 456 267

1625 391 1683 444 S.
1725 384 1999 443 CYRILLI
2036 377 2501 437 ALEXANDRINI
2540 374 2855 432 ARCHIEP.

3773 361 3879 413 268

638 514 724 560 est
766 500 1133 559 testimonium
1178 500 1271 554 Dei
1309 499 1434 568 quia
1469 496 1792 552 testificatus
1820 504 1905 551 est
1959 496 2027 549 de
2074 493 2211 549 Filio

2315 492 2469 544 εἰσιν.
2498 490 2562 541 Ei
2590 488 2688 557 τὴν
2718 486 3021 557 μαρτυρίαν
3047 482 3157 535 τῶν
3182 476 3484 549 ἀνθρώπων
3498 472 3879 568 Δλαμϐάνομεν,

637 612 757 653 suo.
808 594 911 661 Qui
939 593 1110 648 credit
1148 591 1201 646 in
1234 591 1426 645 Filium
1472 591 1600 654 Dei,
1640 589 1802 644 habet
1840 586 2208 643 testimonium

638 687 691 739 in
716 699 776 739 se
797 685 913 754 ipso
938 698 953 748 ;
985 682 1075 752 qui
1101 696 1203 736 non
1229 681 1400 735 credit
1423 681 1548 746 Deo,
1575 681 1886 735 mendacem
1914 679 2042 733 fecit
2062 691 2207 740 eum,

640 778 731 847 qui
770 790 875 830 non
915 776 1084 829 credit
1120 774 1172 827 in
1208 772 1572 827 testimonium
1610 769 1749 838 quod
1784 768 2100 824 testiﬁcatus
2126 775 2213 822 est

640 868 707 923 de
736 866 872 921 Filio
902 865 1079 921 suo".
1118 883 1137 916 ι
1191 864 1307 930 Quo
1354 864 1512 918 modo
1560 872 1737 917 autem
1790 861 1929 917 Deus
1958 877 2023 916 ac
2053 860 2212 915 Pater

641 956 965 1012 testiﬁcatus
986 956 1137 1009 sitde
1156 956 1294 1009 Filio
1319 969 1416 1009 suo
1436 997 1450 1021 ,
1474 956 1669 1010 beatus
1707 954 1941 1010 Joannes
1969 954 2211 1022 Baptista

641 1047 797 1103 nobis
831 1045 1161 1110 declarabit,
1191 1045 1377 1100 dicens
1405 1065 1417 1100 :
1455 1063 1472 1096 ι
1512 1046 1579 1099 Et
1607 1059 1706 1114 ego
1733 1044 2039 1099 nesciebam
2064 1058 2209 1106 eum,

642 1136 736 1192 sed
765 1138 854 1205 qui
889 1137 1035 1192 misit
1064 1151 1149 1193 me
1178 1137 1451 1207 baptizare
1490 1138 1541 1189 in
1572 1152 1742 1206 aqua,
1773 1137 1862 1190 ille
1884 1135 2016 1189 mihi
2041 1134 2205 1189 dixit:

646 1226 819 1295 Super
876 1242 1035 1298 quem
1099 1229 1301 1284 videris
1359 1227 1621 1295 Spiritum
1681 1227 2095 1281 descendentem
2157 1234 2212 1280 et

645 1326 949 1371 manentem
995 1333 1158 1387 super
1181 1333 1302 1372 eum
1326 1358 1342 1382 ,
1364 1318 1449 1372 hic
1482 1325 1564 1373 est
1598 1317 1689 1387 qui
1727 1314 1964 1384 baptizat
2003 1315 2053 1369 in
2086 1314 2211 1383 Spi-

644 1407 751 1461 ritu
792 1417 1000 1462 sancto.
1053 1409 1120 1462 Et
1158 1423 1255 1477 ego
1286 1408 1426 1472 vidi,
1457 1415 1513 1461 et
1543 1405 1904 1460 testimonium
1946 1404 2208 1473 perhibui,

645 1496 771 1566 quia
809 1498 899 1552 hic
942 1507 1026 1553 est
1064 1498 1231 1552 Filius
1275 1498 1368 1554 Dei
1400 1498 1465 1551 ¹⁶.
1513 1516 1534 1550 ι
1585 1495 1975 1550 Testimonium
2032 1495 2212 1562 itaque

643 1588 957 1654 perhibetur
1005 1588 1230 1644 Domino
1280 1596 1467 1643 nostro
1523 1586 1650 1641 Jesu
1700 1586 1915 1640 Christo
1951 1594 2005 1639 et
2038 1585 2212 1640 Patris

645 1692 813 1744 voce,
851 1677 989 1747 quod
1030 1678 1144 1746 ejus
1170 1678 1337 1733 Filius
1360 1678 1431 1732 sit
1460 1689 1647 1730 natura
1668 1686 1723 1731 et
1743 1677 2035 1730 secundum
2066 1678 2210 1729 veri-

648 1775 813 1821 tatem
839 1783 853 1819 :
882 1765 1248 1821 testimonium
1290 1780 1500 1834 quoque
1530 1764 1877 1819 nihilominus
1904 1764 2214 1834 perhibetur

2311 584 2345 651 ἡ
2385 579 2657 650 μαρτυρία
2704 577 2796 629 τοῦ
2829 576 2985 639 Θεοῦ,
3031 572 3111 625 ἔτι
3163 568 3358 639 μείζων
3393 565 3575 619 ἐστίν·
3623 565 3706 616 ὅτι
3741 560 3882 651 αὕτη

2312 650 2457 723 ἐστὶν
2489 670 2521 738 ὴ
2555 666 2829 741 μαρτυρία
2858 664 2951 718 τοῦ
2993 661 3153 727 Θεοῦ,
3185 660 3265 711 ὅτι
3306 653 3701 728 μεμαρτύρηκε
3751 650 3883 741 περὶ

2309 758 2404 811 τοῦ
2433 755 2566 809 Υίοῦ
2602 740 2795 808 αὐτοῦ·
2824 757 2853 807 6
2882 752 3153 807 πιστεύων
3194 750 3273 810 είς
3304 748 3395 799 τὸν
3426 746 3551 798 Υῐδν
3580 743 3673 796 τοῦ
3721 740 3880 803 Θεοῦ,

2311 848 2421 918 ἔχει
2468 847 2567 917 τὴν
2624 844 2929 917 μαρτυρίαν
2975 844 3033 895 ὲν
3075 838 3280 908 ἑαυτῷ⁸
3313 838 3341 889 6
3384 836 3458 907 μὴ
3498 832 3771 888 πιστεύων
3805 829 3884 899 τῷ

2310 938 2450 1009 Θεῷ,
2478 937 2719 1007 ψεύστην
2754 934 3053 1003 πεποίηκεν
3094 930 3279 994 αὐτὸν,
3322 928 3404 980 ὅτι
3434 928 3533 979 ούκ
3562 926 3881 977 ἐπίστευσεν

2311 1033 2391 1093 εἰς
2421 1031 2520 1100 τὴν
2557 1026 2885 1098 μαρτυρίαν,
2915 1026 2983 1095 ἢν
3018 1019 3443 1094 μεμαρτύρηκεν
3474 1018 3601 1086 περὶ
3628 1014 3724 1068 τοῦ
3752 1011 3882 1066 Υίοῦ

2311 1121 2530 1175 αὑτοῦ.»
2554 1116 2962 1190 Μεμαρτύρηκε
2988 1116 3045 1168 δὲ
3076 1115 3197 1168 τίνα
3223 1112 3423 1183 τρόπον
3449 1112 3477 1161 6
3500 1109 3631 1171 Θεὸς
3658 1107 3753 1160 καὶ
3774 1107 3887 1158 Πα-

2309 1213 2412 1284 τὴρ
2439 1212 2517 1282 τῷ
2543 1211 2677 1281 Υίῷ,
2702 1210 2955 1281 σαφηνιεῖ
2973 1207 3146 1273 λέγων
3171 1207 3199 1258 6
3231 1202 3515 1262 θεσπέσιος
3544 1201 3675 1269 ἡμῖν
3705 1196 3886 1251 Ἰωάνα

2310 1322 2407 1373 νης
2453 1307 2480 1357 6
2526 1302 2868 1370 Βαπτιστής·
2907 1319 2926 1351 ι
2956 1297 3124 1365 Κάγὼ
3167 1296 3268 1349 οὐκ
3304 1294 3450 1364 ᾔδειν
3498 1291 3681 1354 αὐτὸν,
3715 1287 3830 1342 ἀλλ’
3857 1290 3887 1340 6

2311 1395 2537 1465 πέμψας
2565 1411 2631 1463 με
2668 1392 2948 1463 βαπτίζειν
2985 1390 3156 1450 ὕδατι,
3184 1386 3390 1448 ἐκεῖνός
3425 1401 3514 1455 μοι
3544 1378 3730 1436 εἶπεν·
3768 1379 3884 1446 Ἐφ’

2310 1485 2370 1537 ὃν
2398 1485 2464 1538 ἂν
2506 1484 2618 1554 ἴδῃς
2652 1483 2712 1537 τὸ
2746 1480 2971 1551 Πνεῦμα
3002 1478 3324 1532 καταϐαῖνον
3354 1476 3445 1528 καὶ
3478 1473 3636 1543 μένον
3668 1473 3754 1523 ἐπ’
3785 1470 3885 1523 αύ-

2311 1578 2423 1641 τὸν,
2467 1570 2620 1639 οὗτός
2674 1576 2820 1627 ἐστιν
2863 1575 2891 1626 ὁ
2926 1570 3203 1642 βαπτίζων
3254 1570 3309 1621 ὲν
3362 1566 3438 1636 τῷ
3486 1564 3762 1633 Πνεύματι
3811 1562 3889 1630 τῷ

2313 1667 2473 1737 ἁγίῳ.
2506 1666 2613 1719 Καὶ
2640 1665 2750 1732 ἐγὼ
2779 1665 3019 1734 ἑώρακα,
3051 1663 3143 1717 καὶ
3177 1660 3597 1731 μεμαρτύρηκα,
3626 1658 3707 1709 ὅτι
3732 1650 3887 1714 οὗτός

2313 1761 2460 1811 ἐστιν
2484 1758 2512 1808 ὁ
2544 1757 2671 1819 Υἱὸς
2700 1754 2794 1807 τοῦ
2835 1754 2994 1807 Θεοῦ.
3026 1773 3044 1805 ι
3074 1753 3447 1822 Μαρτυρείται
3471 1748 3648 1799 τοίνυν
3676 1745 3770 1797 καὶ
3801 1742 3891 1794 διὰ

648 1870 786 1925 aqua
816 1864 871 1911 et
899 1856 1159 1926 sanguine
1180 1864 1236 1911 et
1263 1829 1467 1924 spiritu
1499 1870 1513 1907 :
1545 1864 1600 1909 et
1620 1866 1804 1909 sancta
1834 1829 2052 1924 quidem
2074 1869 2213 1923 aqua

2315 1850 2411 1921 τῆς
2453 1847 2549 1900 τοῦ
2596 1846 2811 1917 Πατρὺς
2862 1844 3046 1914 φωνῆς
3089 1845 3118 1895 6
3166 1840 3370 1911 Κύριος
3421 1836 3577 1907 ἡμῶν
3612 1834 3819 1904 Ἰησοῦς
3859 1835 3890 1885 6

647 1954 865 2012 peccata
909 1945 1243 2000 credentium
1284 1945 1577 2013 abstergit,
1610 1945 1845 1999 viviﬁcat
1900 1954 2077 1998 autem
2118 1945 2216 1998 ho-

648 2033 821 2089 mines
846 2036 935 2103 qui
966 2044 1095 2090 sunt
1120 2050 1291 2105 super
1313 2045 1657 2107 terram,~suo
1686 2035 1980 2105 sanguine,
2007 2050 2070 2090 ac
2104 2034 2215 2089 Deo

649 2124 943 2195 coniungit.
996 2125 1102 2179 Sed
1144 2127 1269 2194 quia
1312 2134 1396 2189 est
1424 2125 1715 2179 secundum
1764 2138 2010 2179 naturam
2052 2125 2213 2192 Deus,

649 2215 812 2268 etiam
862 2215 1035 2269 sancti
1078 2213 1316 2285 Spiritus
1365 2230 1560 2269 munus
1619 2216 1831 2271 abunde
1885 2216 2130 2285 largitur,
2164 2224 2217 2269 et

652 2312 907 2374 tanquam
944 2306 1220 2374 proprium
1250 2307 1303 2359 in
1332 2305 1541 2359 animas
1583 2306 1917 2360 credentium
1966 2306 2214 2371 effundit,

649 2405 710 2448 ut
742 2395 860 2451 illos
890 2404 1001 2450 tum
1034 2396 1230 2451 divina:
1262 2404 1469 2450 natura:
1509 2396 1686 2451 socios
1717 2396 1911 2451 eliiciat
1932 2437 1947 2462 ,
1980 2404 2091 2449 tum
2126 2411 2220 2465 spe

654 2486 955 2540 futurorum
986 2487 1249 2541 bonorum
1297 2494 1541 2541 coronet.
1591 2485 1765 2541 Unum
1796 2487 1960 2554 igitur
1994 2486 2219 2542 conﬁte-

653 2590 776 2629 mur
826 2575 1019 2630 Filium
1078 2575 1353 2631 Christum
1416 2575 1599 2631 Jesum
1649 2577 1966 2640 Dominum,
2002 2577 2057 2630 id
2112 2586 2219 2641 est,

655 2664 784 2719 illud
817 2664 911 2720 Dei
947 2664 1181 2721 Verbum
1226 2666 1499 2720 hominem
1549 2666 1747 2720 factum
1775 2674 1828 2720 et
1863 2666 2220 2733 incarnatum,

653 2769 710 2809 et
762 2756 909 2811 hunc
980 2756 1337 2823 cruciﬁxum,
1370 2765 1425 2811 et
1455 2767 1831 2826 resurgentem
1900 2772 1929 2810 a
1972 2761 2222 2823 mortuis,

655 2856 1046 2915 venturumque
1081 2861 1181 2902 suo
1221 2856 1461 2915 tempore
1504 2846 1558 2900 in
1611 2846 1777 2914 gloria
1823 2846 1917 2900 Dei
1962 2856 2017 2899 et
2054 2847 2226 2904 Patris

656 2950 777 2989 cum
821 2936 1027 2990 sanctis
1054 2935 1278 3005 angelis.
1334 2935 1435 2990 Per
1469 2936 1672 3002 ipsum,
1708 2942 1911 2989 etcum
1941 2935 2083 3003 ipso,
2115 2934 2225 2991 Deo

655 3037 710 3078 et
730 3026 875 3080 Patri
899 3026 1065 3094 gloria
1089 3040 1209 3080 cum
1237 3034 1423 3080 sancto
1446 3024 1649 3094 Spiritu
1677 3025 1730 3078 in
1762 3025 1979 3080 saecula.
2026 3028 2221 3081 Amen.

2316 1938 2570 2009 Χριστὸς,
2594 1938 2675 1989 ὅτι
2713 1936 2871 2005 φύσει
2898 1951 2959 1987 τε
2992 1934 3087 1987 καὶ
3118 1932 3259 1985 κατὰ
3290 1928 3547 2000 ἀλήθειαν
3581 1927 3706 1988 Υἱός
3743 1927 3891 1978 ἐστιν

2316 2030 2511 2084 αὑτοῦ·
2549 2031 2910 2100 μαρτυρεῖται
2935 2027 2992 2079 δὲ
3018 2025 3171 2078 οὐδὲν
3195 2018 3356 2089 ἦττον
3385 2020 3474 2073 διά
3499 2036 3558 2072 τε
3582 2018 3674 2070 τοῦ
3701 2016 3890 2078 ὓδατος

2320 2124 2411 2176 καὶ
2451 2120 2543 2173 τοῦ
2592 2121 2851 2189 αἵματος,
2901 2118 2995 2171 καὶ
3042 2115 3136 2170 τοῦ
3171 2113 3512 2183 Πνεύματος.
3542 2111 3738 2163 ’Υδατι
3791 2109 3889 2178 μὲν

2316 2210 2395 2279 τῷ
2438 2211 2579 2279 ἁγίῳ
2607 2210 2899 2279 διασμήχει
2928 2207 3037 2259 τῶν
3070 2205 3429 2259 πιστευόντων
3456 2202 3555 2265 τὰς
3588 2200 3887 2271 ἁμαρτίας,

2326 2302 2578 2366 ζωοποιεί
2605 2300 2661 2352 δὲ
2695 2300 2781 2352 διὰ
2814 2298 2906 2352 τοῦ
2937 2298 3066 2351 ίδίου
3103 2297 3333 2365 αἵματος
3364 2293 3457 2347 καὶ
3484 2292 3741 2346 συνάπτει
3773 2288 3893 2358 Θεῷ

2324 2395 2449 2457 τοὺς
2480 2394 2569 2446 ἐπὶ
2598 2392 2695 2461 τῆς
2725 2394 2848 2461 γῆς.
2889 2389 3103 2460 Ἐπειδὴ
3131 2389 3185 2440 δέ
3215 2388 3328 2440 ὲστι
3374 2385 3514 2438 κατὰ
3554 2383 3713 2451 φύσιν
3738 2380 3891 2443 Θεὸς,

2326 2485 2419 2537 καὶ⁵
2441 2485 2537 2554 τὴν
2559 2482 2651 2535 τοῦ
2679 2483 2834 2549 ἁγίου
2861 2479 2997 2533 [Ινεύ
3007 2495 3173 2548 ματος
3198 2475 3459 2546 χορηγίαν
3482 2476 3713 2529 ποιεῖται
3741 2472 3898 2525 πλου-

2329 2576 2479 2639 σίως,
2510 2574 2584 2636 ὡς
2614 2573 2740 2625 ἴδιον
2760 2572 2892 2626 αὐτὸ
2908 2573 3026 2633 ταῖς
3047 2569 3153 2622 τῶν
3173 2566 3536 2620 πιστευόντων
3564 2562 3769 2633 ἐκχέων
3792 2561 3895 2631 ψυ-

2302 2671 2447 2743 .χαῖς
2477 2667 2626 2729 Θείας
2653 2682 2712 2719 τε
2752 2665 2966 2732 φύσεως
3000 2660 3283 2720 κοινωνοὺς
3319 2655 3656 2723 ἀποφαίνων,
3689 2652 3784 2705 καὶ
3826 2653 3894 2720 τῇ

2324 2758 2432 2811 τῶν
2463 2757 2734 2827 ἐσομένων
2763 2754 2981 2824 ἀγαθῶν
3013 2751 3186 2804 ἐλπίδι
3220 2746 3517 2816 στεφανῶν.
3548 2746 3681 2798 Ἕνα
3714 2742 3895 2795 τοίνυν

2324 2846 2690 2917 ὁμολογοῦμεν
2717 2844 2842 2897 Υἱδν
2872 2842 3104 2914 Χριστὸν
3137 2839 3342 2910 Ἰησοῦν
3372 2839 3465 2892 καὶ⁸
3490 2837 3712 2907 Κύριον,
3740 2850 3898 2887 τουτ-

2326 2939 2463 3003 ἐστι,
2501 2939 2590 2990 τὸν
2619 2937 2715 2991 τοῦ
2754 2935 2889 2990 Θεοῦ
2931 2935 3102 3003 Λόγον
3138 2932 3635 3004 ἐνανθρωπήσαντα
3673 2928 3770 2981 καὶ
3806 2944 3897 2980 σε-

2327 3028 2698 3099 σαρκωμένον,
2730 3029 2825 3080 καὶ
2865 3027 3051 3080 τοῦτον
3090 3024 3516 3095 ἐσταυρωμένον,
3549 3021 3640 3073 καὶ
3670 3022 3899 3088 ἐγηγερ-

659 3115 817 3187 μένον
843 3115 908 3168 ὲκ
937 3114 1166 3183 νεκρῶν,
1191 3115 1389 3184 ἥξοντά
1412 3132 1469 3168 τε
1504 3114 1644 3167 κατὰ
1669 3118 1895 3185 καιροὺς
1954 3118 2012 3169 ὲν
2042 3119 2110 3187 τῇ
2136 3116 2260 3189 δόξῃ
2296 3118 2392 3171 τοῦ
2425 3118 2557 3171 Θεοῦ
2589 3118 2684 3171 καὶ
2747 3118 2958 3187 Πατρὸς
2997 3116 3136 3185 μετὰ
3175 3115 3282 3167 τῶν
3311 3114 3480 3181 ἁγίων
3524 3111 3792 3180 ἀγγέλων.
3821 3110 3900 3160 Δι’

658 3209 820 3265 αὑτοῦ
852 3227 910 3262 τε
937 3226 1033 3263 και
1058 3211 1152 3264 σὺν
1175 3210 1322 3280 αὐτῷ
1343 3210 1419 3279 τῷ
1443 3210 1561 3279 Θεῷ
1587 3212 1679 3264 καὶ
1701 3210 1813 3263 Πατ
1826 3212 1876 3281 pi.
1902 3213 1934 3280 ἡ
1964 3212 2087 3277 δόξα
2120 3214 2216 3267 σὺν
2254 3213 2394 3287 ἁγίῳ
2421 3214 2697 3283 Πνεύματι
2727 3213 2805 3275 εἰς
2834 3212 2959 3274 τοῦς
2988 3209 3209 3271 αἰῶνας.
3245 3208 3435 3277 Ἀμήν.

732 3361 776 3396 ⁸⁸
806 3360 828 3418 ι
857 3361 1014 3417 Joan.
1049 3378 1103 3429 ν,
1129 3364 1284 3418 5-10.
1364 3365 1405 3395 ¹⁶
1434 3362 1593 3419 Joan.
1630 3380 1667 3428 ι,
1696 3364 1785 3430 33,
1814 3366 1903 3419 54.
