4078 6348
234 394 339 447 249

1396 391 1693 446 DIALOGU
1706 389 1741 443 S
1780 389 1867 445 (Συ
1880 390 1925 441 Μ
1966 387 2332 443 NESTORIO.

3380 388 3483 443 9.50

232 539 3452 575 W

590 727 931 860 ΤΟΥ
1020 725 1591 859 ΑΥΤΟΥ
1676 724 2195 857 ΑΓΙΟΥ
2270 724 3125 858 ΚΥΡΙΛΛΟΥ

1010 1002 1520 1095 ΔΙΑΛΕΞΙΣ
1597 1008 1889 1093 ΠΡΟΣ
1965 1009 2580 1094 ΝΕΣΤΟΡΙΟΝ
2659 999 2741 1079 (1)

722 1236 840 1287 OTI
879 1236 1259 1289 ΘΕΟΤΟΚΟΣ
1296 1239 1352 1290 Η
1383 1238 1545 1291 ΑΓΙΑ
1588 1240 1987 1291 ΠΔΡΘΕΝΟΣ
2028 1240 2161 1293 ΚΑΙ
2192 1240 2290 1293 ΟΥ
2323 1240 2825 1294 ΧΡΙΣΊῸΤΟΚΟΣ
2863 1237 2964 1310 (‘2).

895 1578 1532 1694 EJUSDEM
1628 1581 2150 1695 SANCTI
2240 1584 2825 1699 CYRILLI

1044 1838 1640 1930 DIALOGUS
1716 1842 1952 1930 CUM
2037 1842 2654 1933 NESTORIO

574 2052 800 2126 QUOD
841 2056 1170 2117 SANCTA
1232 2058 1505 2119 VIRGO
1548 2059 1931 2121 DEIPARA
1973 2062 2108 2120 SIT
2153 2061 2256 2120 ET
2300 2062 2475 2121 NON
2526 2060 3145 2124 CHRISTIPARA.

802 2238 950 2299 (Aug.
984 2237 1096 2298 MAI,
1122 2236 1417 2287 Bibliotheca
1441 2252 1566 2289 nova
1592 2241 1809 2302 Patrum,
1841 2242 1902 2301 ll,
1932 2242 2037 2301 101,
2068 2255 2128 2291 ex
2152 2241 2323 2291 codice
2348 2241 2455 2293 Vat.
2481 2242 2591 2303 700,
2614 2242 2699 2293 fol.
2729 2243 2819 2293 165
2842 2242 2916 2306 b.)

1822 2416 1893 2427 ...ι-

288 2539 692 2592 ΝΕΣΤΟΡΙΟΣ.
725 2540 890 2591 Ὅταν
917 2539 949 2607 ἡ
975 2536 1094 2589 θεία
1124 2538 1313 2610 Γραφὴ
1342 2538 1656 2610 διαλέγηται
1686 2542 1803 2609 γέν-

1982 2544 2141 2615 1M
2177 2544 2589 2603 NESTORIUS.
2641 2548 2777 2602 Cum
2816 2550 2997 2604 divina
3040 2552 3318 2621 Scriptura
3360 2570 3487 2608 nar-

219 2646 375 2698 νησιν
402 2628 642 2699 Χριστοῦ
671 2631 735 2681 ὲκ
768 2627 987 2697 Μαρίας
1017 2629 1113 2697 τῆς
1147 2630 1415 2699 παρθένου
1439 2630 1521 2703 [ἢ]
1554 2631 1811 2698 θάνατον,

218 2719 456 2789 οὐδαμοῦ
488 2718 703 2771 τεθεῖσα
731 2716 978 2786 φαίνεται
1009 2718 1166 2787 Θεοῦ,
1197 2720 1331 2773 ἀλλὰ
1359 2722 1596 2791 Χριστοῦ
1622 2724 1655 2793 ἢ
1688 2726 1805 2776 Κυ-

224 2811 339 2880 ρίου
369 2811 403 2879 ἦ
446 2809 645 2880 Ἰησοῦ,
677 2810 863 2881 ἐπειδὴ
890 2810 957 2864 τὰ
985 2812 1110 2881 τρία
1138 2812 1311 2865 ταῦτα
1340 2814 1447 2865 τῶν
1473 2814 1569 2865 δύο
1593 2815 1808 2883 φύσεων

222 2902 558 2970 σημαντικά,
586 2902 715 2955 ποτὲ
751 2902 849 2971 μὲν
896 2902 1117 2971 ταύτης,
1147 2904 1276 2957 ποτὲ
1317 2904 1373 2956 δὲ
1418 2905 1631 2975 ἐκείνης
1656 2921 1668 2933 ⁸
1698 2901 1809 2959 οἷόν

218 3012 271 3045 τι
318 2994 464 3063 λέγω
487 3010 499 3022 ·
539 2994 708 3047 Ὅταν
734 2994 830 3063 τὴν
861 2995 923 3045 ἐκ
958 2993 1239 3065 Παρθένου
1276 2996 1529 3065 γέννησιν
1559 2999 1688 3066 ἡμῖν
1716 2998 1807 3049 τοῦ

219 3088 462 3158 Χριστοῦ
501 3086 691 3157 μηνύει
727 3084 870 3155 [cod.
902 3085 1147 3157 μηνύων]
1176 3090 1203 3140 6
1240 3088 1584 3153 ’Λπόστολος,
1618 3089 1804 3157 λέγει·

224 3202 243 3233 ι
284 3179 693 3246 Ἐξαπέστειλεν
723 3180 749 3230 6
774 3178 907 3241 Θεὸς
937 3180 1027 3231 τὸν
1052 3179 1245 3232 ἑαυτοῦ
1276 3180 1401 3232 Υἱὸν
1429 3181 1717 3250 γενόμενον
1744 3184 1807 3233 ἐκ

220 3270 508 3339 γυναικός·
536 3290 552 3321 ι
597 3272 696 3323 οῦκ
737 3267 858 3324 εἶπε
899 3270 977 3331 δὲ,
1010 3270 1395 3331 Ἐξαπέστειλε
1430 3272 1521 3324 τὸν
1557 3273 1688 3325 Θεὸν
1708 3273 1808 3325 Λό-

220 3382 321 3430 γον
337 3384 347 3392 ·
379 3362 647 3432 λαμϐάνει
671 3362 725 3413 δὲ
742 3362 803 3413 τὸ
820 3360 991 3431 ὄνομα
1011 3361 1071 3413 τὸ
1098 3361 1299 3431 μηνῦον
1316 3364 1414 3425 τάς
1432 3363 1524 3416 δύο
1540 3364 1805 3431 γενέσεις,

220 3459 342 3525 ἦτοι
370 3453 501 3507 Θεὸν
528 3454 670 3524 [cod.
702 3454 859 3527 Θεὸς]
907 3456 1000 3508 καὶ
1038 3456 1346 3526 ἄνθρωπον,
1371 3456 1557 3528 ἐπειδὴ
1583 3456 1804 3520 διπλοῦς

221 3551 372 3599 ἐστιν
400 3549 426 3598 6
455 3546 721 3615 Χριστός⁶
760 3548 886 3600 Υἱὸν
933 3549 1040 3620 γὰρ
1069 3548 1203 3600 Θεοῦ
1246 3549 1533 3619 ἐγέννησεν
1579 3551 1612 3620 ή
1653 3552 1803 3620 Παρ-

223 3639 396 3702 θένος,
431 3637 619 3691 καθότι
641 3639 841 3708 ἔφησεν
866 3656 878 3669 ·
917 3660 933 3689 ‹
970 3640 1163 3706 Ὑμεῖς
1193 3638 1250 3691 δὲ
1281 3639 1394 3692 θεοί
1427 3641 1550 3692 ἐστε
1580 3642 1674 3693 καὶ
1699 3643 1805 3693 υἱοὶ

233 3732 493 3799 Ὑψίστου
543 3732 741 3794 πάντες
769 3748 781 3760 ·
825 3750 842 3781 ι
873 3732 996 3784 ὅθεν
1017 3732 1379 3802 Χριστοτόκον
1399 3772 1412 3797 ,
1448 3733 1801 3803 Κυριοτόκον,

221 3822 637 3894 ἁνθρωποτόκον
693 3823 969 3894 ἐμάθομεν
1028 3824 1133 3876 ἀπὸ
1178 3823 1277 3891 τῆς
1338 3824 1559 3893 Γραφῆς
1601 3824 1801 3892 λέγειν,

219 3914 484 3968 Θεοτόκον
521 3913 577 3965 δὲ
608 3913 858 3984 οὐδαμῶς
904 3912 1260 3983 ἐδιδάχθημεν
1292 3913 1467 3981 λέγειν
1493 3914 1591 3983 τὴν
1634 3913 1795 3981 ἁγίαν

221 4005 514 4076 Παρθένον.

290 4095 660 4151 ΚΥΡῘΛΛΟΣ.
720 4095 944 4157 Ἠσαῖας
994 4094 1092 4163 βοᾷ
1140 4096 1197 4145 ὲν
1254 4095 1533 4164 Πνεύματι
1581 4095 1789 4164 λέγων·

1914 2646 1996 2688 rat
2026 2637 2229 2689 Christi
2272 2654 2335 2690 ex
2374 2638 2540 2692 Maria
2577 2638 2798 2709 Virgine
2837 2643 3200 2708 nativitatem,
3238 2645 3317 2699 vel
3344 2661 3488 2699 mor-

1910 2733 2042 2788 tem,
2094 2741 2358 2795 nusquam
2404 2730 2625 2795 apponit
2649 2731 2966 2784 vocabulum
2996 2734 3110 2799 Dei,
3162 2735 3255 2789 sed
3288 2734 3485 2789 Christi

1910 2828 2002 2869 aut
2061 2816 2274 2871 Domini
2335 2829 2427 2871 aut
2470 2818 2622 2883 Jesu,
2682 2824 2936 2889 quoniam
2974 2826 3072 2877 tria
3108 2826 3222 2879 tunc
3258 2828 3484 2880 duarum

1910 2915 2224 2959 naturarum
2276 2908 2629 2977 signiticativa
2697 2920 2843 2975 sunt,
2898 2913 3055 2965 modo
3118 2915 3295 2979 unius,
3330 2915 3487 2969 modo

1909 2996 2153 3050 alterius.
2204 2997 2448 3066 Exempli
2503 3013 2689 3064 causa,
2743 3014 2863 3053 cum
2920 3016 2983 3055 ex
3021 3003 3238 3073 Virgine
3282 3003 3483 3058 Christi

1910 3090 2241 3141 nativitatem
2303 3089 2457 3143 nobis
2514 3090 2689 3144 innuit
2748 3092 3062 3160 Apostolus,
3110 3095 3220 3149 ait:
3258 3113 3275 3145 ‹
3340 3094 3485 3150 Misit

1912 3180 2050 3233 Deus
2103 3178 2295 3231 Filium
2357 3196 2512 3233 suum
2574 3180 2775 3234 factum
2821 3198 2886 3236 ex
2935 3186 3159 3239 muliere
3195 3186 3259 3240 ¹⁷.
3305 3205 3323 3237 ι
3368 3184 3484 3241 Νοη

1908 3272 2068 3336 dixit,
2121 3270 2266 3325 Misit
2312 3270 2481 3325 Deum
2542 3271 2774 3326 Verbum
2812 3290 2825 3337 ;
2859 3279 2952 3329 sed
3012 3279 3180 3331 utitur
3227 3279 3488 3333 vocabulo

1905 3364 2005 3431 ﬁlii
2054 3366 2196 3431 quod
2232 3375 2519 3435 utramque
2576 3377 2826 3421 naturam
2863 3370 3109 3433 denotat;
3144 3371 3236 3424 Dei
3278 3373 3486 3426 scilicet

1906 3467 1959 3508 et
2012 3454 2269 3519 hominis,
2321 3457 2755 3523 quandoquidem
2814 3459 3009 3527 duplex
3062 3472 3144 3516 est
3212 3461 3481 3516 Christus.

1907 3544 2039 3597 Nam
2069 3546 2157 3598 Dei
2195 3544 2388 3599 Filium
2417 3548 2626 3616 peperit
2648 3544 2813 3617 Virgo
2832 3562 2898 3603 eo
2921 3564 3084 3603 sensu
3120 3566 3226 3620 quo
3278 3551 3482 3605 dictum

1905 3646 1987 3689 est
2026 3652 2038 3687 :
2079 3652 2096 3685 ‹
2142 3636 2248 3689 Vos
2276 3649 2456 3692 autem
2487 3639 2560 3693 dii
2609 3640 2743 3692 estis
2790 3650 2844 3694 et
2896 3641 2987 3693 lilii
3047 3642 3316 3696 Altissimi
3366 3657 3484 3695 om-

1906 3728 2078 3782 nes".
2109 3748 2127 3780 ›
2169 3728 2528 3794 Quamobrem
2582 3728 2975 3799 Christiparam
3017 3731 3131 3801 (Ξ),
3171 3732 3483 3801 Domiuipa-

1909 3836 2045 3885 ram,
2095 3822 2489 3889 liominiparam
2543 3822 2828 3878 didicimus
2876 3839 2905 3876 a
2952 3822 3231 3892 Scriptura
3276 3824 3478 3889 dicere,

1902 3912 2173 3980 deiparam
2201 3926 2327 3965 vero
2352 3928 2623 3982 nunquam
2656 3915 2796 3968 docti
2835 3914 3034 3968 luimus
3072 3923 3317 3970 sanctam
3352 3914 3477 3969 Vir-

1900 4006 2077 4074 ginem
2106 4004 2397 4072 appellare.

1970 4095 2334 4151 CYRILLUS.
2383 4095 2548 4151 Isaias
2611 4097 2811 4151 clamat
2866 4100 2919 4151 in
2976 4099 3182 4167 Spiritu
3248 4099 3472 4153 dicens:

224 4208 243 4239 ι
289 4187 420 4240 ’ἰδοῦ
454 4191 486 4257 η
527 4187 792 4257 παρθένος
818 4191 876 4241 ἐν
904 4188 1100 4257 γαστρὶ
1131 4188 1265 4253 ἕξει,
1298 4188 1392 4240 καὶ
1420 4186 1634 4251 τέξεται
1657 4190 1791 4252 υἱὸν,

1908 4210 1925 4240 ι
1955 4190 2093 4243 Ecce
2132 4190 2283 4258 virgo
2315 4189 2583 4258 concipiet
2605 4199 2660 4243 et
2694 4191 2869 4259 pariet
2899 4191 3087 4257 lilium,
3133 4199 3187 4245 et
3212 4193 3478 4246 vocabunt

216 4282 316 4335 καὶ
346 4282 631 4335 καλέσουσι
662 4283 721 4334 τὸ
762 4282 933 4353 ὄνομα
988 4283 1148 4336 αὑτοῦ
1200 4282 1564 4354 Ἐμμανουὴλ,
1610 4285 1637 4336 ὅ
1682 4286 1794 4337 ἐστι

294 4440 335 4471 ¹⁷
372 4439 545 4495 Galat.
578 4456 638 4505 ιι,
672 4441 725 4493 4.
803 4440 845 4471 ³³
878 4439 1016 4494 l’sal.
1054 4456 1239 4504 LXXXI,
1275 4441 1328 4495 6.

294 4614 656 4685 (i)Conferre
712 4616 981 4685 praestabit
1037 4616 1296 4685 Cyrillum
1354 4632 1474 4670 cum
1534 4616 1782 4671 Nestorio

214 4700 374 4753 aque
406 4687 765 4752 disputantem
798 4687 933 4753 Opp.
967 4696 1004 4739 t.
1030 4686 1117 4746 VI,
1152 4704 1204 4753 p.
1233 4686 1265 4738 6
1288 4702 1439 4754 seqq.
1473 4690 1657 4753 (supra
1685 4688 1788 4739 col.

217 4756 331 4820 18).
372 4754 556 4825 Cyrilli
611 4757 901 4823 disputatio
947 4772 1067 4809 cum
1100 4756 1368 4817 Nestorio,
1418 4757 1469 4808 iu
1510 4756 1794 4809 Arabicuni

219 4840 831 4896 sermoneuLcouversa,
874 4826 1119 4879 exstabat
1141 4828 1301 4878 etiam
1323 4827 1373 4879 in
1403 4826 1587 4881 codice
1607 4826 1792 4896 Angli-

217 4910 358 4949 cano
376 4893 481 4947 272
529 4893 746 4946 Thema:
775 4896 1019 4949 lloensis.

294 4964 373 5031 (Ξ)
406 4964 726 5017 Beatissima
760 4963 923 5033 Virgo
956 4963 1142 5030 Maria,
1176 4980 1295 5033 qua:
1318 4965 1588 5019 Christum
1622 4979 1787 5032 pepe-

217 5033 316 5093 rit,
346 5046 495 5103 recto
519 5034 699 5099 aliquo
733 5050 892 5088 sensu
936 5034 1039 5087 diei
1064 5047 1241 5103 potest
1281 5034 1656 5101 Christipara;
1694 5035 1787 5089 sed

218 5103 345 5172 quia
386 5102 662 5157 Nestorius
691 5103 741 5156 id
775 5102 1090 5158 vocabulum
1134 5106 1419 5158 ha:reticali
1464 5115 1643 5157 mente
1691 5120 1786 5156 ex-

218 5176 573 5241 cogitaverat,
628 5182 687 5226 ut
736 5175 1077 5241 prtestautius
1132 5176 1358 5228 alterum
1404 5183 1625 5243 negaret
1657 5172 1784 5225 Dei-

217 5260 374 5309 para,
415 5244 623 5313 idcircg
670 5256 855 5298 neSIer
908 5243 1142 5313 Cyrillus
1184 5246 1236 5297 in
1268 5244 1493 5311 epistola
1526 5246 1687 5297 etiam
1720 5244 1786 5295 ad

218 5313 516 5384 monachos
559 5310 861 5384 .Egyptios,
908 5310 967 5381 p.
1016 5313 1068 5377 8,
1113 5310 1350 5369 excludit
1391 5314 1622 5384 primum
1677 5327 1788 5384 pra:

216 5383 475 5447 secundo,
516 5383 640 5450 quia
668 5384 1046 5451 prophetarum
1078 5386 1239 5437 etiam
1273 5382 1496 5448 matres,
1518 5398 1613 5437 seu
1643 5382 1786 5435 chri-

215 5463 450 5515 storum,
483 5463 533 5503 ut
563 5453 936 5507 eosinterdum
974 5454 1207 5522 appellat
1228 5455 1525 5521 Scriptura,
1549 5452 1780 5506 Christi-

214 5538 363 5590 parte
393 5533 623 5592 possunt
656 5522 936 5589 appellari,
968 5539 1303 5591 nequaquam
1336 5538 1463 5576 vero
1513 5523 1772 5587 Dciparm,

213 5595 357 5660 quod
383 5600 466 5646 est
486 5593 643 5646 unius
670 5592 991 5646 beatissima:
1028 5592 1206 5647 Maria:
1230 5594 1522 5661 pr0prium.
1560 5592 1613 5644 Id
1649 5606 1776 5656 ergo

212 5664 321 5731 agit
349 5664 399 5715 in
424 5674 692 5733 praesente
728 5676 940 5730 quoque
966 5662 1177 5731 dialogo
1200 5664 1451 5733 Cyrillus.
1483 5662 1604 5715 Fuit
1631 5664 1772 5733 enim

212 5730 299 5785 hic
326 5744 488 5801 putus
526 5730 968 5785 Nestorianorum
1004 5730 1173 5798 error,
1208 5730 1265 5787 ut
1291 5732 1517 5801 allirmat
1541 5743 1694 5785 tract.
1717 5731 1769 5791 3,

212 5800 335 5873 cap.
371 5802 424 5869 ὁ,
456 5819 508 5873 p.
541 5802 664 5871 552,
698 5801 978 5861 Chaldaeus
1008 5803 1300 5860 Ebediesus
1332 5821 1345 5860 ;
1384 5800 1494 5857 Na;
1522 5818 1623 5854 non
1644 5802 1765 5867 Dei,

1903 4296 2098 4337 nomen
2157 4281 2273 4350 ejus
2326 4282 2667 4346 Emmanuel,
2727 4284 2869 4352 quod
2926 4293 3010 4338 est
3067 4284 3477 4353 interpretatum

1897 4617 1986 4669 sed
2032 4616 2225 4668 Christi
2301 4618 2474 4687 potiit:
2536 4626 2753 4687 matrem
2820 4618 3163 4687 appellamus.
3220 4616 3477 4687 Idemque

1906 4688 2099 4753 repetit
2128 4702 2181 4752 p.
2231 4686 2355 4739 δεδι.
2405 4685 2653 4738 Profecto
2682 4686 2842 4740 etiam
2886 4686 3043 4740 Joan.
3086 4685 3474 4754 Damascenus,

1904 4755 1977 4807 De
2007 4756 2109 4822 ﬁde
2143 4756 2352 4807 orthod.
2389 4756 2481 4807 lib.
2528 4772 2607 4818 Ill,
2653 4770 2772 4822 cap.
2828 4757 2914 4817 19.,
2982 4758 3247 4823 eamdem,
3311 4774 3473 4825 quam

1900 4824 2155 4897 Cyl-illus,
2202 4827 2365 4897 tradit
2414 4824 2761 4897 doctrinam;
2810 4826 3173 4897 Χριστοτᾴκον
3221 4824 3473 4897 οὐδαμῶς

1899 4911 2076 4971 φαμεν
2109 4894 2206 4964 τὴν
2234 4895 2712 4971 ἁγίανΔΠαρθένον.
2740 4893 2873 4971 διδτι
2918 4897 3003 4949 ἐπ’
3045 4895 3326 4971 ᾀναιρέσει
3349 4893 3469 4971 τῆς,

1895 4963 2171 5036 ΘεΟτᾴκοςέ
2196 4965 2377 5036 φωνῆς
2398 4966 2425 5015 6
2444 4966 2636 5036 μιαρδς
2654 4963 2702 5014 Ν
2707 4965 2947 5034 εστόριος
2966 4964 3170 5036 ταύτην
3180 4963 3281 5030 τὴν
3301 4963 3471 5036 προσ-

1893 5034 2120 5104 ηγορίαν
2183 5034 2450 5103 ὲξηύρατο
2504 5034 2577 5095 ὡς
2629 5035 3089 5104 ἐπηρεαζομένην
3128 5050 3140 5063 ·
3217 5034 3475 5089 Sanctam-

1934 5102 2171 5172 ’irginent
2199 5102 2338 5155 haud
2366 5104 2590 5156 dicimus
2614 5102 3014 5172 Christiparam,
3046 5102 3174 5169 quia
3219 5106 3287 5156 ad
3342 5104 3469 5157 abo-

1894 5172 2098 5226 lendam
2163 5172 2401 5234 Driparw
2451 5172 2871 5240 appellationem,
2920 5176 3152 5240 impurus
3189 5172 3465 5228 Nestorius

1896 5243 2198 5295 vocabulum
2228 5243 2362 5294 illud
2410 5243 2736 5295 contumelia:
2768 5243 3025 5309 facienda
3064 5258 3224 5295 causa
3254 5247 3465 5310 excogis

1895 5313 2039 5364 tavit.
2070 5312 2381 5365 Darnasceni
2416 5313 2556 5364 hunc
2579 5311 2754 5365 locum
2781 5313 3012 5366 illustrat
3038 5314 3197 5366 etiam
3234 5315 3463 5367 Allutius

1893 5381 1969 5435 De
1998 5384 2323 5448 proccssioue
2370 5380 2461 5449 Sp.
2494 5382 2556 5433 S.
2582 5383 2669 5435 ed.
2700 5382 2853 5434 Itoni.
2902 5383 2993 5437 Cr.
3033 5401 3082 5449 p.
3118 5381 3237 5436 178.
3270 5380 3458 5437 Parem

1879 5453 1949 5503 ob
1994 5467 2211 5505 causam
2264 5451 2577 5503 vocabulum
2628 5451 2920 5521 Θεοφορος,
2976 5452 3173 5515 Dei/er,
3233 5453 3335 5504 dici
3392 5453 3458 5505 de

1878 5522 2094 5574 Christo
2120 5530 2262 5573 vetat
2288 5522 2480 5573 ibidem
2525 5521 2907 5581 Damasceuus,
2948 5536 3255 5589 quanquam
3296 5522 3454 5574 divus

1876 5591 2075 5645 Christi
2121 5590 2582 5662 Basiliuscarnem
2618 5592 2827 5645 dixerat
2856 5592 3147 5662 Θεοφόρον,
3191 5592 3317 5662 quia
3354 5597 3455 5645 hoc

1878 5662 2005 5714 item
2031 5661 2289 5714 vocabulo
2314 5658 2591 5713 Nestorius
2621 5662 2820 5715 abusus
2848 5658 3042 5715 fuerat.
3069 5662 3178 5715 lmo
3203 5671 3256 5712 et
3281 5660 3453 5713 Leon-

1880 5734 1983 5783 tius
2034 5745 2183 5783 meus
2240 5741 2349 5783 toto
2405 5730 2540 5783 libro
2602 5742 2754 5785 sexto
2810 5733 3128 5787 vocabulum
3181 5729 3451 5797 Θτσωόρος

1875 5816 1971 5855 ceu
1996 5799 2370 5857 Nestoriauum
2398 5802 2714 5857 insectatur.
