4078 6348
206 410 313 463 253

1376 397 1731 454 DIALOCUS
1770 394 1914 450 CUM
1955 394 2318 450 NESTORIO.

3370 387 3480 443 254

207 519 342 573 Τίνα
372 514 464 574 οῦν
492 520 693 582 ἐσθίεις
714 561 727 583 ,
756 518 999 588 αἱρετικέ
1026 536 1039 581 ;
1069 518 1167 582 τὴν
1209 517 1458 586 θεότητα,
1493 516 1522 585 ἦ
1566 517 1664 582 τὴν
1700 516 1791 567 ἀν-

1899 524 2033 569 trem
2067 514 2135 569 ⁸⁸.
2195 513 2335 579 Quid
2372 526 2501 579 ergo
2555 509 2878 573 manducas,
2916 522 2947 563 ο
2994 504 3284 561 lueretice?
3338 503 3444 557 divi

209 612 573 681 θρωπότητας
607 612 719 662 Οὐκ
778 606 897 662 εἶπε
951 609 1059 679 γὰρ
1102 609 1130 659 ὁ
1164 608 1418 677 Χριστὸς,
1454 609 1511 659 '0
1558 606 1787 676 τρώγων

213 720 319 772 μου
353 703 450 772 τὴν
482 702 732 772 θεότητα,
766 701 901 754 ἀλλά
939 700 1072 769 ,Τὴν
1104 702 1301 769 σάρκα.

283 794 445 846 ΚΥΡ.
490 792 631 861 Ἐγὼ
687 796 787 863 μὲν
844 793 1023 846 πίστει
1086 791 1485 862 μεταλαμϐάνω
1539 794 1636 861 τὴν
1693 791 1787 842 τοῦ

206 884 480 946 ζωοποιοῦ
516 886 693 952 Λόγου
725 884 1095 948 ζωοποιοῦσαν
1137 884 1348 953 σάρκα·
1391 883 1511 936 ὃθεν
1546 885 1572 935 6
1600 883 1787 952 Σωτὴρ

206 973 347 1042 ἔφη’
386 994 404 1024 ι
452 972 515 1027 Oi
559 975 831 1037 ἐσθίοντες
880 978 944 1027 ἐκ
983 974 1170 1026 τούτου
1223 974 1315 1025 τοῦ
1367 974 1553 1044 ἀρτου,
1596 975 1655 1025 οὐ
1711 976 1787 1042 μὴ

206 1066 519 1131 γεύσωνται
551 1067 782 1121 θανάτου
823 1070 903 1129 είς
950 1069 1040 1121 τὸν
1073 1069 1280 1122 αἰῶνα·
1324 1086 1342 1117 ›
1380 1069 1428 1120 oi
1463 1069 1517 1120 δὲ
1555 1068 1790 1132 ἀναξίως

210 1158 740 1227 μεταλαμϐάνοντες,
774 1161 858 1212 διὰ
886 1160 984 1229 τῆς
1018 1160 1299 1221 ἀπειθείας
1340 1159 1714 1229 κριθήσονται.

283 1248 487 1300 ΝΕΣΤ.
523 1267 539 1298 ι
567 1248 770 1319 Κύριος
799 1250 1111 1302 ἀπέσταλκέ
1151 1266 1215 1319 με
1248 1248 1420 1301 καὶτὸ
1444 1250 1667 1319 Πνεῦμα
1695 1250 1791 1302 αῦ-

206 1338 345 1392 τοῦ·
404 1339 628 1410 Πνεῦμα
683 1342 890 1410 Κυρίου
945 1342 1032 1394 ἐπ’
1083 1342 1201 1411 ἐμὲ,
1245 1336 1303 1394 οὗ
1351 1342 1557 1394 εἵνεκεν
1608 1342 1789 1410 ἕχρισέ

212 1448 281 1500 με
304 1449 317 1462 ο
355 1450 373 1483 ι
407 1434 498 1485 καὶ
545 1433 633 1485 διὰ
678 1432 832 1485 τοῦτό
861 1450 1059 1504 φησιν·
1103 1453 1119 1483 ‹
1152 1435 1381 1503 Ἐχρισέ
1420 1452 1478 1486 σε
1513 1438 1540 1487 6
1567 1435 1721 1499 Θεὸς,
1761 1438 1788 1488 6

208 1522 345 1585 Θεός
376 1539 491 1585 σου,
519 1523 696 1577 ἔλαιον
745 1525 1122 1591 ἀγαλλιάσεως
1155 1526 1305 1595 παρά
1351 1527 1477 1588 τοὺς
1526 1527 1789 1595 μετόχους

209 1630 342 1667 σου·
394 1634 411 1665 ι
443 1616 552 1668 νόει
610 1612 701 1669 οῦν
748 1616 838 1668 τὸν
884 1617 1196 1687 χρισθέντα,
1244 1618 1496 1686 ὁμολόγει
1548 1618 1637 1669 τὸν
1673 1618 1791 1685 χρί-

208 1724 401 1770 σαντα,
434 1710 525 1761 καὶ
560 1708 852 1779 προσκύνει
886 1710 975 1762 τὸν
1010 1710 1133 1761 ναὸν
1169 1710 1254 1761 διὰ
1280 1710 1367 1762 τὸν
1387 1712 1443 1761 ὲν
1470 1709 1620 1779 αὐτῷ
1660 1728 1790 1763 κατ-

206 1816 481 1853 οικουντα.

282 1889 446 1943 ΚΥΡ.
491 1888 632 1957 Ἐγὼ
666 1891 729 1943 ἐκ
765 1890 1080 1961 Πνεῦματος
1118 1891 1274 1959 ἁγίου
1315 1891 1406 1943 καὶ
1434 1892 1651 1960 Μαρίας
1688 1894 1789 1961 τῆς

208 1981 490 2050 Παρθένου
514 1984 609 2036 ’ένα
648 1984 775 2036 Υἱὸν
806 1986 869 2036 ὲκ
906 1984 997 2036 δύο
1023 1984 1269 2053 ὁμολογῶ
1294 2002 1307 2015 ο
1345 1984 1436 2036 τὸν
1467 1984 1560 2037 ἕνα
1590 1986 1668 2047 εἰς
1698 1985 1790 2036 δύο

206 2073 269 2124 οὐ
307 2072 521 2143 διαιρῶ.

282 2164 481 2217 ΝΕΣΤ.
517 2165 643 2228 Πῶς
676 2167 893 2233 ἀγνοεῖν
947 2167 1126 2234 λέγεις
1158 2166 1253 2235 τὴν
1279 2166 1447 2237 ῶραν,
1485 2167 1551 2235 ἢν
1580 2169 1608 2219 6
1663 2168 1791 2228 Υἱὸς

206 2256 309 2307 οὐκ
343 2252 503 2323 οἶδεν,
556 2257 602 2309 εί
654 2258 729 2328 μὴ
783 2259 940 2327 μόνος
976 2262 1002 2311 6
1059 2260 1282 2328 Πατήρ;
1338 2261 1406 2311 Ἦ
1468 2260 1585 2324 πῶς
1636 2259 1790 2323 εἰδὼς

209 2349 456 2416 ἀρνεῖται
494 2348 638 2419 [cod.
684 2350 961 2421 ἄρχεταιῇ
996 2352 1064 2403 Ἢ
1098 2352 1193 2420 μὴ,
1217 2351 1392 2414 εἰδὼς,
1435 2350 1552 2413 πῶς
1587 2352 1790 2422 ἐκλήθη

211 2440 376 2505 σοφία
431 2441 525 2491 καὶ
578 2441 807 2509 δύναμις
854 2442 989 2494 Θεοῦ
1046 2445 1073 2494 6
1122 2445 1222 2513 τῆς
1275 2443 1497 2511 ἀγνοίας
1550 2443 1792 2513 μετέχων

218 2529 364 2600 (cad.
400 2530 492 2584 τὸν
526 2531 748 2599 ἀγνοίας
780 2534 1077 2603 μετέχοντα
1106 2534 1328 2604 τόπον);

281 2710 448 2763 ΚΥΡ.
480 2713 592 2765 Οὐκ
644 2714 829 2781 ἀγνοεῖ
859 2714 886 2765 6
911 2712 1037 2775 Υἱὸς
1074 2712 1169 2765 τοῦ
1215 2712 1350 2765 Θεοῦ
1382 2714 1480 2782 τὴν
1517 2711 1689 2783 ὥραν,
1724 2709 1794 2763 τὰ

209 2799 391 2853 πάντα
420 2801 578 2866 εἰδὼς
622 2805 715 2856 καὶ
745 2805 881 2873 ἔχων
910 2808 967 2857 ἐν
1002 2804 1180 2875 ἑαυτῷ
1212 2805 1302 2857 τὸν
1328 2806 1571 2875 Πατέρα,
1613 2802 1794 2865 καθὼς

209 2890 373 2953 αὐτὸς
401 2887 554 2945 εἶπεν
578 2909 591 2921 '
635 2911 653 2943 ι
692 2895 879 2957 Οὐδεὶς
911 2896 1169 2964 γινώσκει
1199 2898 1289 2951 τὸν
1318 2897 1560 2965 Πατέρα,
1591 2898 1639 2948 εἰ
1668 2896 1741 2966 μὴ
1768 2898 1795 2948 6

211 2982 376 3044 Υίός·
428 3002 446 3033 ι
488 2985 648 3053 μόνος
675 2984 774 3056 τὴν
823 2988 983 3054 φύσιν
1009 2988 1103 3040 τοῦ
1150 2989 1362 3058 Πατρὸς
1389 2988 1646 3056 γινώσκει
1696 2987 1795 3056 τὴν

210 3076 319 3144 πρὸ
349 3076 586 3139 πάντων,
624 3077 715 3131 καὶ
754 3080 815 3132 τὸ
842 3080 995 3142 τέλος
1026 3079 1118 3133 τοῦ
1165 3080 1359 3143 αἰῶνος
1391 3082 1580 3147 ἀγνοεῖ
1610 3083 1637 3132 6
1670 3081 1795 3142 Υἱὸς

206 3166 301 3219 τοῦ
332 3167 503 3231 Θεοῦ;
562 3169 652 3239 Μὴ
688 3170 931 3237 γένοιτο·
968 3170 1083 3223 ἀλλ’
1113 3172 1298 3237 ἀγνοεῖ
1330 3170 1430 3239 μὲν
1460 3172 1489 3221 ὁ
1530 3172 1670 3221 κατά
1699 3168 1791 3239 χά-

211 3277 299 3331 ριν
328 3261 476 3327 Υίὸς,
516 3261 577 3314 οὐ
627 3261 807 3333 μέντοι
842 3279 905 3330 γε
953 3265 981 3316 6
1017 3262 1158 3315 κατά
1191 3260 1385 3330 φύσινο
1442 3261 1583 3314 κατὰ
1634 3262 1796 3331 χάριν

208 3351 373 3420 ἡμεῖς
403 3356 569 3421 ἐσμεν
612 3353 935 3420 ἀγνοοῦντες
974 3353 1035 3405 τὸ
1073 3356 1201 3415 πᾶν,
1228 3354 1322 3405 καὶ
1366 3351 1533 3423 μηδὲν
1568 3352 1794 3405 ἐπιστά-

211 3460 364 3514 μενοι
396 3446 524 3514 περὶ
555 3446 621 3497 τὰ
652 3446 777 3513 τέλη
804 3446 898 3497 τοῦ
920 3446 1135 3508 αἰῶνος.

284 3532 485 3587 ΝΕΣΤ.
512 3534 757 3596 Φυσικῶς
790 3535 1066 3603 πεινῶμεν
1092 3536 1187 3587 καὶ
1210 3535 1454 3605 διψῶμεν
1480 3537 1572 3588 καὶ
1599 3536 1797 3588 καθεῦ-

208 3621 396 3692 διομεν,
434 3623 494 3674 οὐ
522 3622 713 3694 γνώμῃ
749 3623 907 3677 τοῦτο
942 3625 1263 3693 πάσχοντες,
1305 3624 1421 3677 ἀλλ’
1448 3625 1665 3695 ἀνάγκῃ
1697 3626 1797 3694 φύ-

211 3730 351 3777 σεως
401 3714 783 3783 ὑποκείμενον
818 3715 871 3766 τί
901 3710 1032 3779 οῦν;
1066 3714 1423 3786 εὑρεθήσεται
1474 3715 1604 3778 Θεὸς
1631 3717 1798 3783 ἀναγ-

208 3807 497 3869 καπικοίς
527 3806 713 3876 νόμοις
741 3806 1140 3872 ἐξακολουθῶν;
1177 3808 1267 3877 Μὴ
1292 3807 1522 3874 γένοιτο.

284 3898 452 3951 ΚΥΡ.
492 3899 681 3969 Ἡμεῖς
712 3899 809 3970 μὲν
849 3899 1091 3965 φυσικῶς
1120 3899 1395 3969 πεινῶμεν
1435 3900 1528 3951 καὶ
1554 3897 1797 3968 διψῶμεν

211 3993 309 4045 καὶ
339 3990 694 4061 καθεύδομεν,
720 3993 781 4044 οὐ
802 3991 1018 4062 γνώμῃ,
1046 3990 1161 4043 ἀλλ’
1193 3991 1408 4061 ἀνάγκῃ
1437 3990 1653 4058 φύσεως
1680 3991 1797 4042 δου-

210 4084 461 4145 λεύοντες
486 4099 499 4111 ’
546 4083 705 4144 αὐτὸς
744 4082 801 4133 δὲ
850 4083 948 4133 οὑκ
982 4083 1215 4155 ἀνάγκῃ,
1253 4081 1391 4141 ἀλλὰ
1436 4082 1629 4151 γνώμῃ
1652 4098 1663 4111 ·
1703 4082 1797 4133 καὶ

212 4176 325 4245 γὰρ
358 4176 423 4226 ὲκ
453 4175 612 4225 πέντε
650 4174 829 4243 ἄρτων
857 4173 1327 4241 πεντακισχιλίους
1356 4173 1671 4241 ὲχόρτασεν,
1704 4172 1798 4222 καί

211 4267 274 4332 ἐξ
309 4266 449 4321 ἐπτά
478 4265 640 4317 πάλιν
669 4264 1138 4334 τετρακισχιλίους
1164 4281 1175 4292 ·
1210 4263 1371 4324 αὐτὸς
1411 4257 1563 4313 εἶπεν
1589 4279 1601 4291 ·
1636 4280 1651 4311 ‹
1690 4262 1795 4312 Οὑ-

212 4362 325 4423 δεὶς
363 4357 630 4428 λαμϐάνει
661 4360 759 4427 τὴν
797 4357 977 4426 ψυχήν
1026 4373 1125 4425 μου
1176 4357 1271 4408 ἀπ’
1303 4354 1458 4422 ἐμοῦ,
1504 4352 1618 4406 ἀλλ’
1670 4355 1799 4405 ὅταν

217 4452 359 4505 θέλω
398 4448 655 4520 λαμϐάνω
682 4449 880 4517 αὑτήν·
922 4465 939 4497 ›
970 4446 1145 4508 οὐδεὶς
1170 4446 1227 4497 δὲ
1259 4444 1545 4515 ἅνθρωπος
1575 4443 1798 4496 δύναται

214 4542 378 4597 τοῦτο
418 4543 665 4614 ποιῆσαι,
699 4543 746 4594 εἰ
781 4540 856 4610 μὴ
882 4540 909 4591 ὁ
939 4539 1099 4609 μόνος
1126 4536 1384 4607 Χριστός.

295 4811 497 4867 ΝΕΣΤ.
540 4810 734 4878 Δέγεις
767 4808 848 4861 ὃτι
900 4806 1100 4860 ἔπαθεν
1146 4808 1174 4859 6
1212 4805 1379 4870 Υἱός;
1412 4802 1653 4857 Ἔπαθεν
1708 4799 1800 4854 οὖν

215 4904 317 4959 καὶ
343 4906 372 4956 6
402 4903 592 4980 Πατήρ
612 4916 626 4931 °
664 4902 714 4953 εί
738 4900 794 4954 δέ
818 4900 995 4967 λέγεις
1037 4900 1118 4951 ὅτι
1146 4900 1175 4950 6
1205 4896 1392 4968 Πατὴρ
1432 4898 1531 4949 οὐκ
1576 4894 1798 4959 ἔπαθεν,

220 4996 561 5068 ἐτεροούσιον
590 4993 753 5047 αὐτοῦ
785 4992 1089 5062 πεποίηκας
1112 4991 1203 5044 τὸν
1229 4990 1377 5043 Υίόν.

291 5087 456 5139 ΚΥΡ.
500 5083 637 5138 Οὔτε
686 5084 778 5136 τὸν
811 5082 1031 5154 Πατέρα
1072 5081 1215 5150 λέγω
1247 5080 1509 5151 παθητὸν,
1550 5078 1673 5131 οὔτε
1706 5076 1795 5131 τὸν

219 5180 353 5233 Υἱὸν
383 5177 567 5248 ἀπαθῆ
592 5194 606 5207 θ
634 5176 749 5230 ἀλλ’
768 5177 973 5238 ἀπαθὲς
1000 5175 1098 5246 μὲν
1129 5174 1189 5227 τὸ
1216 5174 1391 5237 Θεῖον,
1416 5175 1499 5225 ὅτι
1530 5173 1624 5224 καὶ
1648 5170 1795 5224 ἀσώ-

224 5286 396 5341 ματον
422 5288 435 5300 ·
464 5267 707 5339 παθητὸς
736 5266 792 5319 δὲ
822 5267 851 5318 ὁ
881 5263 1080 5335 Κύριος
1114 5262 1201 5316 διὰ
1226 5262 1324 5332 τὴν
1360 5262 1556 5333 σάρκα.

295 5445 494 5501 ΝΕΣΤ.
543 5445 683 5513 Ἐγὼ
709 5445 767 5498 οὐ
804 5444 945 5511 λέγω
966 5442 1056 5495 τὸν
1076 5441 1246 5509 Λόγον
1281 5439 1459 5510 σάρκα
1485 5437 1795 5506 γενόμενον,

221 5537 347 5591 οὐδὲ
375 5536 619 5591 παθόντα
644 5557 655 5567 ·
690 5536 901 5601 ἀπαθὲς
929 5536 1037 5606 γὰρ
1059 5535 1119 5588 τὸ
1143 5533 1317 5598 Θεῖον,
1339 5533 1430 5584 καὶ
1456 5529 1642 5583 παθῶν
1666 5527 1798 5581 ἀνῶ·

297 5743 341 5775 ⁸³
375 5740 631 5798 Joan.v1.
664 5742 750 5796 57.
826 5743 870 5773 ”
898 5741 1047 5797 Joan.
1080 5759 1150 5797 γι,
1186 5741 1269 5798 59.
1354 5740 1395 5771 ³ο
1427 5739 1527 5792 Isa.
1557 5754 1742 5795 XLVIII.
1780 5734 1793 5789 1

1941 5734 1981 5764 ³¹
2023 5731 2126 5786 isa.
2158 5748 2265 5793 tsi,
2300 5731 2320 5784 i
2366 5748 2377 5796 ;
2412 5728 2541 5783 [λεια.
2581 5744 2650 5786 ιν,
2706 5726 2785 5779 18.

222 5815 391 5871 Marc.
416 5796 550 5883 aut,
584 5796 672 5869 52.
751 5814 791 5844 ³³
822 5796 975 5869 Join.
1012 5830 1061 5881 κ,
1095 5796 1203 5869 5³5.⁷
1263 5814 1305 5845 ³⁸
1338 5811 1525 5867 Matth.
1561 5826 1633 5871 λι,
1666 5808 1753 5861 2’7.

1911 5804 2073 5861 Marc.
2108 5819 2179 5865 ri,
2220 5801 2303 5858 il.
2384 5802 2425 5832 ³⁷
2456 5799 2639 5855 Matth.
2671 5810 2758 5859 xv,
2795 5796 2881 5850 56.

1892 607 2135 668 nitatem,
2166 620 2230 656 an
2264 598 2815 657 humanitalcm?Non
2858 600 3002 653 enim
3030 595 3429 651 dixitCliristus
3457 613 3471 648 ε

1892 696 1991 762 Qui
2031 695 2319 749 manducat
2347 710 2518 747 meam
2544 693 2899 755 divinitatem,
2930 690 3047 751 sed,
3091 703 3330 742 carnem.

1961 786 2118 839 CVR.
2156 786 2264 851 Ego
2297 784 2397 837 ﬁde
2429 782 2629 849 recipio
2675 780 2998 833 vivilicantis
3032 775 3194 830 Verbi
3227 790 3470 828 carnem.

1893 878 2045 933 Unde
2070 876 2325 931 Servator
2351 876 2459 927 ait:
2505 892 2522 923 ‹
2557 872 2654 939 Qui
2697 872 3024 925 manducant
3068 884 3133 921 ex
3177 867 3277 921 hoc
3312 881 3472 934 pane,

1892 988 1995 1024 nun
2032 972 2322 1040 gustabunt
2369 976 2599 1020 mortem
2634 965 2685 1017 in
2741 975 3004 1017 aeternum
3040 962 3108 1012 ".
3153 977 3170 1010 ι
3203 958 3302 1024 Qui
3343 971 3475 1010 vero

1894 1064 2106 1132 indigne
2175 1067 2415 1122 sumunt,
2482 1064 2702 1125 propter
2757 1052 3194 1108 incredulitatem
3266 1048 3475 1116 judica-

1893 1158 2112 1211 buntur.

1964 1245 2161 1299 NEST.
2199 1262 2215 1294 ‹
2263 1243 2518 1296 Dominus
2548 1239 2694 1295 misit
2750 1251 2833 1291 me
2878 1243 2932 1289 et
2985 1233 3217 1303 Spiritus
3263 1229 3380 1297 eius
3405 1230 3470 1283 ³⁸.

1894 1336 2130 1403 Spiritus
2185 1333 2394 1387 Domini
2449 1344 2612 1399 super
2671 1342 2775 1392 me,
2840 1334 3057 1394 propter
3116 1322 3257 1390 quod
3321 1319 3474 1374 unxit

1895 1428 2061 1480 me“.
2090 1443 2107 1475 ›
2140 1425 2366 1491 Ideoque
2395 1421 2529 1475 dixit
2558 1437 2571 1472 :
2611 1438 2631 1469 ε
2678 1418 2840 1471 Unxit
2866 1427 2917 1470 te
2964 1416 3122 1473 Deus.
3156 1413 3293 1465 Deus
3322 1417 3469 1472 tuus,

1895 1520 2012 1573 oleo
2044 1518 2240 1570 lmtitiae
2290 1529 2399 1583 pra
2435 1512 2778 1567 consortibus
2810 1510 2917 1562 tuis
2947 1508 3044 1559 ".i
3076 1505 3316 1575 lntellige
3340 1518 3468 1573 ergo

1897 1620 2139 1668 unctum.
2162 1605 2419 1658 conﬁtere
2443 1610 2747 1670 ringentem,
2786 1600 2950 1653 adora
2970 1596 3224 1665 templum
3255 1604 3473 1663 propter

1897 1712 2017 1751 cum
2057 1696 2145 1763 qui
2182 1695 2233 1747 iu
2262 1695 2376 1763 ipso
2416 1691 2643 1745 habitat.

1827 1891 1864 1942 Β
1962 1874 2121 1927 CYR.
2183 1872 2290 1940 Ego
2333 1886 2395 1925 ex
2434 1879 2622 1923 sancto
2672 1865 2875 1936 Spiritu
2926 1872 2977 1917 et
3028 1862 3198 1914 Maria
3258 1860 3476 1929 Virgine

1896 1982 2059 2019 unum
2115 1963 2311 2017 Filium
2347 1976 2413 2014 ex
2470 1959 2680 2014 duobus
2733 1955 3016 2011 conﬁteor.
3053 1952 3229 2006 Unum
3257 1953 3307 2004 in
3341 1951 3476 2005 duos

1895 2073 1999 2109 non
2041 2055 2238 2108 αἰγίδι).

1965 2145 2163 2199 NEST.
2204 2143 2484 2211 Quomodo
2519 2137 2737 2211 (illum)
2769 2137 3017 2205 ignorare
3069 2136 3207 2187 dicis
3255 2135 3473 2194 horam,

1895 2254 2055 2306 quam
2122 2251 2309 2301 reapse
2363 2234 2530 2287 Filius
2591 2229 2837 2293 nescivit,
2884 2228 3049 2278 Pater
3093 2234 3274 2278 autem
3327 2224 3475 2277 solus

1895 2329 2050 2381 scivit
2077 2326 2165 2378 ’3?
2210 2326 2314 2377 Aut
2346 2324 2638 2392 quomodo,
2685 2320 2729 2371 si
2757 2318 2923 2371 Filius
2948 2315 3128 2381 scivit,
3153 2316 3203 2368 id
3233 2313 3478 2383 negavit?

1898 2418 1991 2471 Vel
2023 2419 2066 2472 si
2114 2432 2301 2471 revera
2345 2415 2594 2475 nescivit,
2635 2407 2904 2479 quomodo
2943 2405 3240 2475 appellatus
3275 2414 3357 2459 est
3383 2418 3468 2458 sa-

1897 2509 2095 2577 pientia
2130 2522 2193 2561 ac
2220 2507 2389 2561 virtus
2423 2505 2538 2568 Dei,
2568 2504 2614 2557 is
2642 2501 2731 2570 qui
2751 2497 2979 2552 inscitiae
2999 2507 3207 2563 partem
3239 2494 3477 2564 aliquam

1897 2599 2126 2653 habuit?

1975 2696 2136 2753 CVR.
2174 2693 2291 2748 Non
2332 2693 2546 2761 ignorat
2572 2688 2665 2743 Dei
2702 2686 2870 2740 Filius
2908 2686 3096 2738 horam
3121 2721 3136 2745 ,
3168 2679 3260 2748 qui
3289 2677 3478 2731 omnia

1898 2794 2049 2847 novit
2077 2785 2421 2855 liabetquein
2472 2798 2529 2836 se
2572 2783 2686 2848 ipso
2730 2779 2943 2831 Patrem
2972 2776 3038 2837 ",
3092 2782 3149 2827 ut
3197 2772 3312 2839 ipse
3356 2770 3477 2823 ait:

1903 2904 1921 2935 ι
1954 2883 2120 2937 Nemo
2150 2879 2297 2932 novit
2328 2877 2538 2928 Patrem
2567 2874 2666 2925 nisi
2691 2868 2942 2922 Filius”.
2986 2887 3003 2919 ι
3048 2865 3205 2917 Solus
3238 2863 3353 2930 ipse
3380 2875 3479 2914 na—

1900 2988 2072 3030 turam
2101 2971 2278 3024 Patris
2315 2965 2594 3035 cognoscit
2650 2980 2767 3032 qua:
2805 2972 2886 3016 est
2912 2970 3037 3013 ante
3062 2956 3268 3019 omnia,
3299 2951 3479 3007 sreculi

1898 3082 2026 3121 vero
2055 3065 2211 3117 ﬁnem
2237 3059 2406 3113 Filius
2430 3058 2517 3110 Dei
2546 3052 2801 3125 ignorat?
2830 3050 3018 3104 Absit!
3050 3049 3268 3117 Ignorat
3297 3042 3482 3110 utique

1901 3160 1950 3213 is
1994 3158 2083 3226 qui
2120 3152 2416 3209 secundum
2454 3148 2681 3219 gratiam
2711 3153 2795 3199 est
2852 3143 3015 3204 ﬁlius,
3076 3154 3179 3193 non
3242 3134 3484 3205 proiecto

1906 3251 1994 3305 ille
2047 3249 2137 3317 qui
2169 3244 2467 3300 secundum
2518 3248 2791 3292 naturain.
2838 3235 3007 3288 Porro
3038 3231 3329 3286 secundum
3358 3241 3484 3295 gra-

1906 3342 2036 3396 tiam
2074 3352 2172 3391 nos
2211 3347 2420 3396 sumus,
2450 3332 2541 3399 qui
2590 3328 2832 3381 funditus
2879 3327 3212 3393 ignoramus,
3246 3318 3486 3387 nihilque

1904 3435 1969 3488 ad
2012 3434 2171 3485 ﬁnem
2192 3426 2371 3483 saeculi
2395 3422 2672 3494 pertinens
2713 3420 2939 3474 scimus.

1976 3521 2178 3576 NEST.
2214 3516 2546 3572 Naturaliter
2578 3510 2869 3574 esurimus,
2895 3508 3133 3570 sitimus,
3170 3513 3333 3573 atque
3361 3501 3488 3556 dor-

1906 3616 2126 3676 mimus,
2189 3610 2333 3663 baud
2384 3605 2681 3660 deliberate
2736 3603 2788 3655 id
2841 3608 3078 3669 agentes,
3135 3598 3227 3650 sed
3281 3603 3488 3646 natura:

1907 3706 2232 3761 necessitate
2260 3710 2509 3768 cogente.
2538 3695 2679 3761 Quid
2722 3692 2894 3762 ergo?
2923 3688 3063 3743 Num
3088 3689 3231 3742 Deus
3268 3700 3488 3755 compe-

1909 3800 2080 3852 rietur
2114 3792 2437 3861 cogentibus
2471 3786 2680 3855 legibus
2712 3781 3131 3852 obtemperare?
3163 3779 3347 3833 Absit!

1976 3886 2139 3942 CVR.
2173 3884 2280 3937 Nos
2298 3880 2515 3951 quidem
2560 3876 2884 3932 naturaliter
2924 3874 3213 3934 esurimus,
3252 3870 3487 3935 sitimus,

1906 3993 2066 4048 atque
2094 3975 2415 4036 dormimus,
2455 3986 2560 4026 non
2586 3980 2797 4038 sponte,
2820 3966 2915 4020 sed
2945 3974 3153 4018 natura:
3178 3959 3488 4015 necessitati

1907 4066 2385 4133 servienteszipse
2440 4075 2572 4115 vero
2618 4074 2722 4113 non
2769 4066 3023 4119 coactus,
3056 4053 3149 4106 sed
3195 4061 3385 4118 sponte
3438 4050 3489 4101 id

1906 4158 2312 4226 experiebatur.
2351 4152 2493 4205 idem
2531 4150 2730 4217 quippe
2762 4155 2844 4201 est
2877 4146 2965 4213 qui
3005 4145 3243 4211 quinque
3263 4139 3491 4207 panibus

1906 4244 2144 4312 quinque
2205 4240 2370 4292 millia
2436 4237 2711 4290 hominum
2777 4233 3041 4287 saturavit
3072 4230 3135 4293 ³⁸,
3191 4240 3241 4282 et
3296 4243 3485 4280 rursus

1908 4345 2112 4403 septem
2162 4330 2389 4401 panibus
2458 4328 2619 4380 millia
2690 4334 2920 4395 quatuor
2952 4324 3017 4375 ³⁷.
3086 4322 3226 4374 Idem
3282 4318 3417 4372 dixit
3472 4335 3487 4371 :

1914 4446 1930 4477 ε
1973 4424 2145 4480 Nemo
2170 4422 2308 4475 tollit
2355 4421 2591 4473 animum
2626 4432 2800 4471 meam
2831 4431 2858 4468 a
2893 4428 2997 4479 me,
3023 4414 3138 4476 sed,
3183 4426 3302 4465 cum
3349 4409 3491 4471 volo,

1908 4531 2029 4569 eam
2089 4520 2337 4583 pono;et
2396 4524 2610 4571 rursus,
2648 4522 2769 4560 cum
2821 4505 2963 4569 volo,
3013 4519 3165 4556 sumo
3220 4516 3337 4555 eam
3370 4499 3434 4552 ⁸⁸.
3470 4516 3489 4549 ι

1909 4606 2101 4660 Nullus
2149 4614 2330 4657 autem
2387 4601 2491 4656 hoc
2533 4613 2696 4669 agere
2749 4606 2926 4667 potest
2968 4598 3149 4658 homo,
3202 4594 3304 4646 nisi
3357 4606 3495 4645 unus

1934 4696 2179 4748 Iliristus.

1907 4698 2179 4750 Christus.

1983 4783 2183 4839 NEST.
2235 4783 2332 4838 Ais
2378 4781 2574 4836 Filium
2606 4793 2825 4849 passum
2868 4775 3260 4830 esse?Passus
3314 4772 3497 4839 itaque

1907 4877 2066 4930 etiam
2093 4873 2256 4928 Pater
2289 4882 2394 4926 est.
2421 4870 2573 4936 Quod
2598 4870 2641 4924 si
2672 4882 2834 4936 negas
2859 4866 3075 4919 Patrem
3099 4878 3218 4933 esse
3237 4875 3488 4929 passum,

1909 4972 2137 5024 diversae
2169 4966 2235 5020 ab
2260 4980 2325 5019 eo
2350 4962 2669 5019 substantiae
2709 4958 2906 5013 Filium
2940 4970 3060 5011 esse
3092 4955 3311 5011 asseris.

1978 5060 2138 5115 CVR.
2173 5058 2363 5126 Neque
2408 5054 2621 5109 Patrem
2656 5050 2966 5121 passibilem
2998 5049 3146 5113 dico,
3180 5059 3357 5116 neque
3402 5039 3494 5100 Fi-

1904 5153 2031 5206 lium
2062 5148 2491 5221 iinpassibilem:
2529 5146 2623 5200 sed
2648 5141 2994 5213 impassibilis
3033 5139 3329 5203 estdeitas,
3364 5138 3490 5208 quia

1904 5245 2263 5314 incorporea;
2302 5237 2573 5309 passibilis
2617 5251 2743 5291 vero
2792 5231 3053 5287 Dominus
3104 5237 3327 5300 prepter
3370 5243 3494 5282 car-

1905 5353 2047 5391 neut.

1970 5425 2172 5480 NEST.
2207 5425 2317 5494 Ego
2346 5438 2449 5478 non
2475 5423 2561 5475 aio
2586 5419 2824 5474 Verbum
2855 5416 3059 5472 factum
3100 5428 3219 5471 esse
3240 5428 3483 5475 carnem,

1904 5534 2079 5589 neque
2136 5532 2399 5587 passum;
2434 5523 2519 5569 est
2572 5511 2712 5567 enim
2777 5506 3131 5577 impassibilis
3180 5504 3391 5569 deitas;
3433 5514 3485 5557 et

2882 5725 2923 5755 ³³
2954 5722 3094 5780 Psal.
3137 5734 3278 5779 κων,
3314 5716 3405 5769 28.
3437 5715 3484 5747 ³⁸

2986 5794 3026 5825 ³⁸
3060 5793 3214 5848 Joau.
3264 5804 3313 5842 ς.
3354 5784 3435 5841 l8.
