  <div class='ocr_page' id='page_1' title='image "/cluster/home/n/w/nwhite01/storage/ocr_20150623/76/pst.000005712755/135.png"; bbox 0 0 4078 6348; ppageno 0'>
   <div class='ocr_carea' id='block_1_1' title="bbox 625 365 727 415">
    <p class='ocr_par' dir='ltr' id='par_1_1' title="bbox 625 365 727 415">
     <span class='ocr_line' id='line_1_1' title="bbox 625 365 727 415; baseline 0.01 -1"><span class='ocrx_word' id='word_1_1' title='bbox 625 365 727 415; x_wconf 81' lang='grc'><strong>255</strong></span> 
     </span>
    </p>
   </div>
   <div class='ocr_carea' id='block_1_2' title="bbox 1628 368 2872 435">
    <p class='ocr_par' dir='ltr' id='par_1_2' title="bbox 1628 368 2872 435">
     <span class='ocr_line' id='line_1_2' title="bbox 1628 368 2872 435; baseline 0.013 -16"><span class='ocrx_word' id='word_1_2' title='bbox 1628 368 1683 419; x_wconf 87' lang='lat' dir='ltr'><strong>S.</strong></span> <span class='ocrx_word' id='word_1_3' title='bbox 1728 368 1998 422; x_wconf 75' lang='lat' dir='ltr'><strong>CYRILLI</strong></span> <span class='ocrx_word' id='word_1_4' title='bbox 2041 371 2508 431; x_wconf 70' lang='lat' dir='ltr'><strong>ALEXANDRINI</strong></span> <span class='ocrx_word' id='word_1_5' title='bbox 2550 380 2872 435; x_wconf 77' lang='lat' dir='ltr'><strong>ARCHIEP.</strong></span> 
     </span>
    </p>
   </div>
   <div class='ocr_carea' id='block_1_3' title="bbox 3779 388 3887 440">
    <p class='ocr_par' dir='ltr' id='par_1_3' title="bbox 3779 388 3887 440">
     <span class='ocr_line' id='line_1_3' title="bbox 3779 388 3887 440; baseline 0 -1"><span class='ocrx_word' id='word_1_6' title='bbox 3779 388 3887 440; x_wconf 72' lang='lat'><strong>256</strong></span> 
     </span>
    </p>
   </div>
   <div class='ocr_carea' id='block_1_4' title="bbox 621 471 2186 569">
    <p class='ocr_par' dir='ltr' id='par_1_4' title="bbox 621 471 2186 550">
     <span class='ocr_line' id='line_1_4' title="bbox 621 471 2186 550; baseline 0.011 -25"><span class='ocrx_word' id='word_1_7' title='bbox 621 473 866 541; x_wconf 79' lang='lat' dir='ltr'><strong>superior</strong></span> <span class='ocrx_word' id='word_1_8' title='bbox 888 471 1103 527; x_wconf 91' lang='lat' dir='ltr'><strong>cuilibet</strong></span> <span class='ocrx_word' id='word_1_9' title='bbox 1122 474 1359 542; x_wconf 86' lang='lat' dir='ltr'><strong>passioni</strong></span> <span class='ocrx_word' id='word_1_10' title='bbox 1388 488 1489 540; x_wconf 89' lang='lat' dir='ltr'><strong>est,</strong></span> <span class='ocrx_word' id='word_1_11' title='bbox 1518 494 1601 533; x_wconf 89' lang='lat' dir='ltr'><strong>res</strong></span> <span class='ocrx_word' id='word_1_12' title='bbox 1634 481 2001 550; x_wconf 86' lang='lat' dir='ltr'><strong>impassibilis.</strong></span> <span class='ocrx_word' id='word_1_13' title='bbox 2028 486 2186 542; x_wconf 85' lang='lat' dir='ltr'><strong>Porro</strong></span> 
     </span>
    </p>
   </div>
   <div class='ocr_carea' id='block_1_5' title="bbox 2290 471 3886 569">
    <p class='ocr_par' dir='ltr' id='par_1_5' title="bbox 2298 494 3886 569">
     <span class='ocr_line' id='line_1_5' title="bbox 2298 494 3886 569; baseline 0.005 -27"><span class='ocrx_word' id='word_1_14' title='bbox 2298 508 2454 560; x_wconf 88' lang='grc' dir='ltr'>τερος</span> <span class='ocrx_word' id='word_1_15' title='bbox 2492 496 2519 545; x_wconf 99' lang='lat'><strong>6</strong></span> <span class='ocrx_word' id='word_1_16' title='bbox 2545 494 2789 565; x_wconf 76' lang='grc' dir='ltr'>ἀπαθής·</span> <span class='ocrx_word' id='word_1_17' title='bbox 2826 494 3049 565; x_wconf 80' lang='grc' dir='ltr'>παθητὴ</span> <span class='ocrx_word' id='word_1_18' title='bbox 3096 494 3150 548; x_wconf 80' lang='grc' dir='ltr'>δὲ</span> <span class='ocrx_word' id='word_1_19' title='bbox 3186 497 3319 569; x_wconf 79' lang='grc' dir='ltr'>σὰρξ</span> <span class='ocrx_word' id='word_1_20' title='bbox 3351 499 3445 549; x_wconf 70' lang='grc' dir='ltr'><strong>καὶ</strong></span> <span class='ocrx_word' id='word_1_21' title='bbox 3473 496 3639 567; x_wconf 75' lang='grc' dir='ltr'>θνητὴ</span> <span class='ocrx_word' id='word_1_22' title='bbox 3670 496 3886 567; x_wconf 77' lang='grc' dir='ltr'>ἀνθρωο</span> 
     </span>
    </p>
   </div>
   <div class='ocr_carea' id='block_1_6' title="bbox 620 563 2047 633">
    <p class='ocr_par' dir='ltr' id='par_1_6' title="bbox 620 563 2047 633">
     <span class='ocr_line' id='line_1_6' title="bbox 620 563 2047 633; baseline 0.009 -18"><span class='ocrx_word' id='word_1_23' title='bbox 620 563 889 633; x_wconf 80' lang='lat' dir='ltr'><strong>passibilis</strong></span> <span class='ocrx_word' id='word_1_24' title='bbox 923 573 1005 617; x_wconf 89' lang='lat' dir='ltr'><strong>est</strong></span> <span class='ocrx_word' id='word_1_25' title='bbox 1028 578 1173 631; x_wconf 83' lang='lat' dir='ltr'><strong>caro,</strong></span> <span class='ocrx_word' id='word_1_26' title='bbox 1202 575 1256 619; x_wconf 85' lang='lat' dir='ltr'><strong>et</strong></span> <span class='ocrx_word' id='word_1_27' title='bbox 1289 568 1529 621; x_wconf 76' lang='lat' dir='ltr'><strong>mortalis</strong></span> <span class='ocrx_word' id='word_1_28' title='bbox 1572 570 1803 625; x_wconf 87' lang='lat' dir='ltr'><strong>humana</strong></span> <span class='ocrx_word' id='word_1_29' title='bbox 1829 583 2047 629; x_wconf 87' lang='lat' dir='ltr'><strong>natura.</strong></span> 
     </span>
    </p>
   </div>
   <div class='ocr_carea' id='block_1_7' title="bbox 687 652 2195 731">
    <p class='ocr_par' dir='ltr' id='par_1_7' title="bbox 687 652 2195 731">
     <span class='ocr_line' id='line_1_7' title="bbox 687 652 2195 731; baseline 0.008 -21"><span class='ocrx_word' id='word_1_30' title='bbox 687 652 1200 710; x_wconf 80' lang='lat' dir='ltr'><strong>CYR.Conlitemur</strong></span> <span class='ocrx_word' id='word_1_31' title='bbox 1254 673 1353 714; x_wconf 91' lang='lat' dir='ltr'><strong>nos</strong></span> <span class='ocrx_word' id='word_1_32' title='bbox 1398 674 1612 729; x_wconf 92' lang='lat' dir='ltr'><strong>quoque</strong></span> <span class='ocrx_word' id='word_1_33' title='bbox 1656 663 2045 731; x_wconf 86' lang='lat' dir='ltr'><strong>impassibilem</strong></span> <span class='ocrx_word' id='word_1_34' title='bbox 2075 682 2195 722; x_wconf 86' lang='lat' dir='ltr'><strong>esse</strong></span> 
     </span>
    </p>
   </div>
   <div class='ocr_carea' id='block_1_8' title="bbox 618 746 2191 826">
    <p class='ocr_par' dir='ltr' id='par_1_8' title="bbox 618 746 2191 826">
     <span class='ocr_line' id='line_1_8' title="bbox 618 746 2191 826; baseline 0.008 -26"><span class='ocrx_word' id='word_1_35' title='bbox 618 746 871 800; x_wconf 73' lang='lat' dir='ltr'><strong>deitatem</strong></span> <span class='ocrx_word' id='word_1_36' title='bbox 905 763 920 812; x_wconf 91' lang='lat'><strong>;</strong></span> <span class='ocrx_word' id='word_1_37' title='bbox 952 746 1043 801; x_wconf 90' lang='lat' dir='ltr'><strong>sed</strong></span> <span class='ocrx_word' id='word_1_38' title='bbox 1068 758 1248 801; x_wconf 81' lang='lat' dir='ltr'><strong>tamen</strong></span> <span class='ocrx_word' id='word_1_39' title='bbox 1295 750 1347 802; x_wconf 92' lang='lat' dir='ltr'><strong>in</strong></span> <span class='ocrx_word' id='word_1_40' title='bbox 1396 766 1561 806; x_wconf 83' lang='lat' dir='ltr'><strong>carne</strong></span> <span class='ocrx_word' id='word_1_41' title='bbox 1618 754 1924 822; x_wconf 83' lang='lat' dir='ltr'><strong>passionem</strong></span> <span class='ocrx_word' id='word_1_42' title='bbox 1960 760 2191 826; x_wconf 72' lang='lat' dir='ltr'><strong>excepit.</strong></span> 
     </span>
    </p>
   </div>
   <div class='ocr_carea' id='block_1_9' title="bbox 2299 600 2645 636">
    <p class='ocr_par' dir='ltr' id='par_1_9' title="bbox 2299 600 2645 636">
     <span class='ocr_line' id='line_1_9' title="bbox 2299 600 2645 636; baseline 0.006 -2"><span class='ocrx_word' id='word_1_43' title='bbox 2299 600 2429 636; x_wconf 82' lang='grc' dir='ltr'>πινη</span> <span class='ocrx_word' id='word_1_44' title='bbox 2463 600 2645 636; x_wconf 60' lang='lat' dir='ltr'><strong>cauam.</strong></span> 
     </span>
    </p>
   </div>
   <div class='ocr_carea' id='block_1_10' title="bbox 2371 601 3881 743">
    <p class='ocr_par' dir='ltr' id='par_1_10' title="bbox 2371 601 3881 743">
     <span class='ocr_line' id='line_1_10' title="bbox 2371 601 2645 636; baseline 0.018 -5"><span class='ocrx_word' id='word_1_45' title='bbox 2371 601 2393 631; x_wconf 88' lang='grc' dir='ltr'><strong>ν</strong></span> <span class='ocrx_word' id='word_1_46' title='bbox 2508 601 2645 636; x_wconf 63' lang='lat' dir='ltr'><strong>uer.</strong></span> 
     </span>
     <span class='ocr_line' id='line_1_11' title="bbox 2371 601 3881 743; baseline 0.006 -23"><span class='ocrx_word' id='word_1_47' title='bbox 2371 601 2530 721; x_wconf 55' lang='grc' dir='ltr'><strong>ΚηΥῗδ.</strong></span> <span class='ocrx_word' id='word_1_48' title='bbox 2578 622 2977 741; x_wconf 61' lang='grc' dir='ltr'>’ὁμολογοῦμεν</span> <span class='ocrx_word' id='word_1_49' title='bbox 3013 673 3105 726; x_wconf 74' lang='grc' dir='ltr'><strong>καὶ</strong></span> <span class='ocrx_word' id='word_1_50' title='bbox 3152 673 3312 743; x_wconf 78' lang='grc' dir='ltr'>ἡμεῖς</span> <span class='ocrx_word' id='word_1_51' title='bbox 3343 674 3553 738; x_wconf 80' lang='grc' dir='ltr'>ἀπαθὲς</span> <span class='ocrx_word' id='word_1_52' title='bbox 3592 676 3653 728; x_wconf 82' lang='grc' dir='ltr'><strong>τὸ</strong></span> <span class='ocrx_word' id='word_1_53' title='bbox 3702 676 3881 741; x_wconf 83' lang='grc' dir='ltr'>Θετον,</span> 
     </span>
    </p>
   </div>
   <div class='ocr_carea' id='block_1_11' title="bbox 2295 761 3888 839">
    <p class='ocr_par' dir='ltr' id='par_1_11' title="bbox 2295 761 3888 839">
     <span class='ocr_line' id='line_1_12' title="bbox 2295 761 3888 839; baseline 0.005 -26"><span class='ocrx_word' id='word_1_54' title='bbox 2295 762 2382 813; x_wconf 81' lang='grc' dir='ltr'>διὰ</span> <span class='ocrx_word' id='word_1_55' title='bbox 2416 761 2472 813; x_wconf 82' lang='grc' dir='ltr'>δὲ</span> <span class='ocrx_word' id='word_1_56' title='bbox 2505 761 2605 831; x_wconf 84' lang='grc' dir='ltr'>τῆς</span> <span class='ocrx_word' id='word_1_57' title='bbox 2654 763 2856 833; x_wconf 84' lang='grc' dir='ltr'>σαρκὸς</span> <span class='ocrx_word' id='word_1_58' title='bbox 2900 762 3223 828; x_wconf 79' lang='grc' dir='ltr'>κατεδέξατο</span> <span class='ocrx_word' id='word_1_59' title='bbox 3270 765 3442 830; x_wconf 81' lang='grc' dir='ltr'>πάθος</span> <span class='ocrx_word' id='word_1_60' title='bbox 3467 783 3482 796; x_wconf 76' lang='grc' dir='ltr'><strong><em>ο</em></strong></span> <span class='ocrx_word' id='word_1_61' title='bbox 3525 766 3667 826; x_wconf 85' lang='grc' dir='ltr'>ὅθεν.</span> <span class='ocrx_word' id='word_1_62' title='bbox 3698 787 3717 818; x_wconf 72' lang='grc' dir='ltr'><strong>ι</strong></span> <span class='ocrx_word' id='word_1_63' title='bbox 3749 769 3888 839; x_wconf 76' lang='grc' dir='ltr'>Χριο</span> 
     </span>
    </p>
   </div>
   <div class='ocr_carea' id='block_1_12' title="bbox 622 836 2186 928">
    <p class='ocr_par' dir='ltr' id='par_1_12' title="bbox 622 836 2185 917">
     <span class='ocr_line' id='line_1_13' title="bbox 622 836 2185 917; baseline 0.007 -26"><span class='ocrx_word' id='word_1_64' title='bbox 622 836 773 891; x_wconf 87' lang='lat' dir='ltr'><strong>Unde</strong></span> <span class='ocrx_word' id='word_1_65' title='bbox 797 838 923 891; x_wconf 91' lang='lat' dir='ltr'><strong>illud</strong></span> <span class='ocrx_word' id='word_1_66' title='bbox 953 858 966 894; x_wconf 91' lang='lat'><strong>:</strong></span> <span class='ocrx_word' id='word_1_67' title='bbox 999 857 1017 891; x_wconf 87' lang='grc'><strong>‹</strong></span> <span class='ocrx_word' id='word_1_68' title='bbox 1055 841 1271 896; x_wconf 79' lang='lat' dir='ltr'><strong>Christo</strong></span> <span class='ocrx_word' id='word_1_69' title='bbox 1300 857 1398 911; x_wconf 91' lang='lat' dir='ltr'><strong>pro</strong></span> <span class='ocrx_word' id='word_1_70' title='bbox 1429 845 1584 898; x_wconf 89' lang='lat' dir='ltr'><strong>nobis</strong></span> <span class='ocrx_word' id='word_1_71' title='bbox 1611 846 1662 898; x_wconf 90' lang='lat' dir='ltr'><strong>in</strong></span> <span class='ocrx_word' id='word_1_72' title='bbox 1696 862 1857 901; x_wconf 87' lang='lat' dir='ltr'><strong>carne</strong></span> <span class='ocrx_word' id='word_1_73' title='bbox 1891 851 2131 917; x_wconf 77' lang='lat' dir='ltr'><strong>passo”.</strong></span> <span class='ocrx_word' id='word_1_74' title='bbox 2166 870 2185 902; x_wconf 74' lang='grc' dir='ltr'><strong>ι</strong></span> 
     </span>
    </p>
   </div>
   <div class='ocr_carea' id='block_1_13' title="bbox 2290 836 3880 928">
    <p class='ocr_par' dir='ltr' id='par_1_13' title="bbox 2297 836 3880 928">
     <span class='ocr_line' id='line_1_14' title="bbox 2297 836 3880 928; baseline 0.004 -23"><span class='ocrx_word' id='word_1_75' title='bbox 2297 853 2423 906; x_wconf 86' lang='grc' dir='ltr'>στοῦ</span> <span class='ocrx_word' id='word_1_76' title='bbox 2464 853 2726 918; x_wconf 80' lang='grc' dir='ltr'><strong>παθόντος</strong></span> <span class='ocrx_word' id='word_1_77' title='bbox 2774 852 2937 924; x_wconf 78' lang='grc' dir='ltr'>σαρκὶ</span> <span class='ocrx_word' id='word_1_78' title='bbox 2968 856 3107 925; x_wconf 85' lang='grc' dir='ltr'>ὑπὲρ</span> <span class='ocrx_word' id='word_1_79' title='bbox 3156 857 3311 926; x_wconf 79' lang='grc' dir='ltr'>ἡμῶν</span> <span class='ocrx_word' id='word_1_80' title='bbox 3338 874 3351 888; x_wconf 77' lang='grc' dir='ltr'><strong>ο</strong></span> <span class='ocrx_word' id='word_1_81' title='bbox 3389 877 3407 909; x_wconf 75' lang='grc' dir='ltr'><strong>ι</strong></span> <span class='ocrx_word' id='word_1_82' title='bbox 3443 858 3504 910; x_wconf 83' lang='grc' dir='ltr'><strong>τὸ</strong></span> <span class='ocrx_word' id='word_1_83' title='bbox 3532 857 3612 921; x_wconf 75' lang='grc' dir='ltr'>δὲ,</span> <span class='ocrx_word' id='word_1_84' title='bbox 3636 836 3880 928; x_wconf 60' lang='grc' dir='ltr'>Χριστος</span> 
     </span>
    </p>
   </div>
   <div class='ocr_carea' id='block_1_14' title="bbox 619 927 2186 995">
    <p class='ocr_par' dir='ltr' id='par_1_14' title="bbox 619 927 2186 995">
     <span class='ocr_line' id='line_1_15' title="bbox 619 927 2186 995; baseline 0.009 -14"><span class='ocrx_word' id='word_1_85' title='bbox 619 927 815 981; x_wconf 82' lang='lat' dir='ltr'><strong>Christi</strong></span> <span class='ocrx_word' id='word_1_86' title='bbox 877 939 1054 984; x_wconf 85' lang='lat' dir='ltr'><strong>autem</strong></span> <span class='ocrx_word' id='word_1_87' title='bbox 1094 932 1413 987; x_wconf 73' lang='lat' dir='ltr'><strong>vocabulum</strong></span> <span class='ocrx_word' id='word_1_88' title='bbox 1479 934 1619 989; x_wconf 85' lang='lat' dir='ltr'><strong>haud</strong></span> <span class='ocrx_word' id='word_1_89' title='bbox 1672 936 1907 991; x_wconf 89' lang='lat' dir='ltr'><strong>alienum</strong></span> <span class='ocrx_word' id='word_1_90' title='bbox 1947 939 2055 993; x_wconf 88' lang='lat' dir='ltr'><strong>Deo</strong></span> <span class='ocrx_word' id='word_1_91' title='bbox 2084 950 2186 995; x_wconf 90' lang='lat' dir='ltr'><strong>est.</strong></span> 
     </span>
    </p>
   </div>
   <div class='ocr_carea' id='block_1_15' title="bbox 618 1016 2195 1097">
    <p class='ocr_par' dir='ltr' id='par_1_15' title="bbox 618 1016 2195 1097">
     <span class='ocr_line' id='line_1_16' title="bbox 618 1016 2195 1097; baseline 0.01 -28"><span class='ocrx_word' id='word_1_92' title='bbox 618 1016 906 1086; x_wconf 75' lang='lat' dir='ltr'><strong>Apostolus</strong></span> <span class='ocrx_word' id='word_1_93' title='bbox 959 1022 1103 1074; x_wconf 89' lang='lat' dir='ltr'><strong>enim</strong></span> <span class='ocrx_word' id='word_1_94' title='bbox 1155 1022 1352 1078; x_wconf 79' lang='lat' dir='ltr'><strong>Paulus</strong></span> <span class='ocrx_word' id='word_1_95' title='bbox 1396 1025 1565 1079; x_wconf 88' lang='lat' dir='ltr'><strong>dicit:</strong></span> <span class='ocrx_word' id='word_1_96' title='bbox 1608 1044 1627 1077; x_wconf 71' lang='grc' dir='ltr'><strong>ι</strong></span> <span class='ocrx_word' id='word_1_97' title='bbox 1677 1027 1751 1081; x_wconf 78' lang='lat' dir='ltr'><strong>Ex</strong></span> <span class='ocrx_word' id='word_1_98' title='bbox 1789 1030 1985 1097; x_wconf 85' lang='lat' dir='ltr'><strong>quibus</strong></span> <span class='ocrx_word' id='word_1_99' title='bbox 2038 1030 2195 1084; x_wconf 88' lang='lat' dir='ltr'><strong>Chri-</strong></span> 
     </span>
    </p>
   </div>
   <div class='ocr_carea' id='block_1_16' title="bbox 2292 945 3881 1019">
    <p class='ocr_par' dir='ltr' id='par_1_16' title="bbox 2292 945 3881 1019">
     <span class='ocr_line' id='line_1_17' title="bbox 2292 945 3881 1019; baseline 0.003 -23"><span class='ocrx_word' id='word_1_100' title='bbox 2292 946 2392 997; x_wconf 87' lang='grc' dir='ltr'><strong>ούκ</strong></span> <span class='ocrx_word' id='word_1_101' title='bbox 2424 945 2702 1013; x_wconf 77' lang='grc' dir='ltr'>ἀλλότριον</span> <span class='ocrx_word' id='word_1_102' title='bbox 2746 947 2879 998; x_wconf 84' lang='grc' dir='ltr'>Θεοῦ</span> <span class='ocrx_word' id='word_1_103' title='bbox 2923 948 3125 1017; x_wconf 75' lang='grc' dir='ltr'>ὄνομα·</span> <span class='ocrx_word' id='word_1_104' title='bbox 3155 949 3184 999; x_wconf 91' lang='lat'><strong>6</strong></span> <span class='ocrx_word' id='word_1_105' title='bbox 3217 948 3325 1019; x_wconf 81' lang='grc' dir='ltr'>γὰρ</span> <span class='ocrx_word' id='word_1_106' title='bbox 3346 949 3643 1012; x_wconf 80' lang='grc' dir='ltr'><strong>ἀπόστολος</strong></span> <span class='ocrx_word' id='word_1_107' title='bbox 3672 950 3881 1013; x_wconf 87' lang='grc' dir='ltr'>Παῦλός</span> 
     </span>
    </p>
   </div>
   <div class='ocr_carea' id='block_1_17' title="bbox 2305 1029 3875 1106">
    <p class='ocr_par' dir='ltr' id='par_1_17' title="bbox 2305 1029 3875 1106">
     <span class='ocr_line' id='line_1_18' title="bbox 2305 1029 3875 1106; baseline 0.004 -22"><span class='ocrx_word' id='word_1_108' title='bbox 2305 1050 2520 1103; x_wconf 76' lang='grc' dir='ltr'>φησιν’(</span> <span class='ocrx_word' id='word_1_109' title='bbox 2556 1034 2645 1098; x_wconf 80' lang='grc' dir='ltr'><strong>Ἐξ</strong></span> <span class='ocrx_word' id='word_1_110' title='bbox 2675 1029 2749 1088; x_wconf 85' lang='grc' dir='ltr'>ὧν</span> <span class='ocrx_word' id='word_1_111' title='bbox 2778 1038 2805 1088; x_wconf 95' lang='lat'><strong>6</strong></span> <span class='ocrx_word' id='word_1_112' title='bbox 2831 1037 3079 1106; x_wconf 86' lang='grc' dir='ltr'>Χριστὸς,</span> <span class='ocrx_word' id='word_1_113' title='bbox 3108 1039 3135 1090; x_wconf 95' lang='lat'><strong>6</strong></span> <span class='ocrx_word' id='word_1_114' title='bbox 3167 1038 3241 1089; x_wconf 82' lang='grc' dir='ltr'><strong>ὢν</strong></span> <span class='ocrx_word' id='word_1_115' title='bbox 3264 1040 3357 1093; x_wconf 73' lang='grc' dir='ltr'><strong>ἐπὶ</strong></span> <span class='ocrx_word' id='word_1_116' title='bbox 3380 1041 3595 1095; x_wconf 86' lang='grc' dir='ltr'>πάντων</span> <span class='ocrx_word' id='word_1_117' title='bbox 3623 1039 3754 1103; x_wconf 80' lang='grc' dir='ltr'>Θεὸς</span> <span class='ocrx_word' id='word_1_118' title='bbox 3784 1042 3875 1091; x_wconf 85' lang='grc' dir='ltr'>εὑ-</span> 
     </span>
    </p>
   </div>
   <div class='ocr_carea' id='block_1_18' title="bbox 622 1109 2186 1199">
    <p class='ocr_par' dir='ltr' id='par_1_18' title="bbox 622 1109 2186 1182">
     <span class='ocr_line' id='line_1_19' title="bbox 622 1109 2186 1182; baseline 0.012 -24"><span class='ocrx_word' id='word_1_119' title='bbox 622 1115 759 1172; x_wconf 80' lang='lat' dir='ltr'><strong>stus,</strong></span> <span class='ocrx_word' id='word_1_120' title='bbox 824 1109 916 1176; x_wconf 91' lang='lat' dir='ltr'><strong>qui</strong></span> <span class='ocrx_word' id='word_1_121' title='bbox 977 1120 1061 1163; x_wconf 90' lang='lat' dir='ltr'><strong>est</strong></span> <span class='ocrx_word' id='word_1_122' title='bbox 1114 1128 1276 1182; x_wconf 69' lang='lat' dir='ltr'><strong>super</strong></span> <span class='ocrx_word' id='word_1_123' title='bbox 1329 1117 1510 1171; x_wconf 85' lang='lat' dir='ltr'><strong>omnia</strong></span> <span class='ocrx_word' id='word_1_124' title='bbox 1571 1116 1710 1173; x_wconf 85' lang='lat' dir='ltr'><strong>Deus</strong></span> <span class='ocrx_word' id='word_1_125' title='bbox 1774 1122 2089 1175; x_wconf 88' lang='lat' dir='ltr'><strong>benedictus</strong></span> <span class='ocrx_word' id='word_1_126' title='bbox 2140 1124 2186 1176; x_wconf 90' lang='lat' dir='ltr'><strong>in</strong></span> 
     </span>
    </p>
   </div>
   <div class='ocr_carea' id='block_1_19' title="bbox 2290 1109 3325 1199">
    <p class='ocr_par' dir='ltr' id='par_1_19' title="bbox 2304 1125 3325 1199">
     <span class='ocr_line' id='line_1_20' title="bbox 2304 1125 3325 1199; baseline 0.008 -24"><span class='ocrx_word' id='word_1_127' title='bbox 2304 1125 2527 1194; x_wconf 76' lang='grc' dir='ltr'>λογητὸς</span> <span class='ocrx_word' id='word_1_128' title='bbox 2557 1127 2637 1189; x_wconf 72' lang='grc' dir='ltr'>εἰς</span> <span class='ocrx_word' id='word_1_129' title='bbox 2666 1127 2791 1188; x_wconf 74' lang='grc' dir='ltr'>τοὺς</span> <span class='ocrx_word' id='word_1_130' title='bbox 2821 1128 3044 1191; x_wconf 81' lang='grc' dir='ltr'><strong>αἰῶνας.</strong></span> <span class='ocrx_word' id='word_1_131' title='bbox 3088 1128 3280 1199; x_wconf 81' lang='grc' dir='ltr'>Ἀμήν.</span> <span class='ocrx_word' id='word_1_132' title='bbox 3307 1151 3325 1182; x_wconf 71' lang='grc' dir='ltr'><strong>ο</strong></span> 
     </span>
    </p>
   </div>
   <div class='ocr_carea' id='block_1_20' title="bbox 621 1197 1195 1255">
    <p class='ocr_par' dir='ltr' id='par_1_20' title="bbox 621 1197 1195 1255">
     <span class='ocr_line' id='line_1_21' title="bbox 621 1197 1195 1255; baseline 0.012 -6"><span class='ocrx_word' id='word_1_133' title='bbox 621 1197 815 1251; x_wconf 66' lang='lat' dir='ltr'><strong>saecula</strong></span> <span class='ocrx_word' id='word_1_134' title='bbox 840 1199 904 1249; x_wconf 61' lang='grc' dir='ltr'><strong>ιο.</strong></span> <span class='ocrx_word' id='word_1_135' title='bbox 934 1201 1123 1255; x_wconf 82' lang='lat' dir='ltr'><strong>Amen.</strong></span> <span class='ocrx_word' id='word_1_136' title='bbox 1178 1223 1195 1254; x_wconf 75' lang='grc' dir='ltr'><strong>ι</strong></span> 
     </span>
    </p>
   </div>
   <div class='ocr_carea' id='block_1_21' title="bbox 629 1411 3869 1461">
    <p class='ocr_par' dir='ltr' id='par_1_21' title="bbox 629 1411 3869 1461">
     <span class='ocr_line' id='line_1_22' title="bbox 629 1411 3869 1461; baseline 0.002 -22"><span class='ocrx_word' id='word_1_137' title='bbox 629 1411 3869 1461; x_wconf 43' lang='grc' dir='ltr'>Ἦ</span> 
     </span>
    </p>
   </div>
   <div class='ocr_carea' id='block_1_22' title="bbox 968 1584 3529 1730">
    <p class='ocr_par' dir='ltr' id='par_1_22' title="bbox 968 1584 3529 1730">
     <span class='ocr_line' id='line_1_23' title="bbox 968 1584 3529 1730; baseline 0.005 -15"><span class='ocrx_word' id='word_1_138' title='bbox 968 1586 1313 1719; x_wconf 88' lang='grc' dir='ltr'><strong>ΤΟΥ</strong></span> <span class='ocrx_word' id='word_1_139' title='bbox 1413 1584 1987 1721; x_wconf 87' lang='grc' dir='ltr'><strong>ΑΥΤΟΥ</strong></span> <span class='ocrx_word' id='word_1_140' title='bbox 2070 1584 2589 1721; x_wconf 88' lang='grc' dir='ltr'><strong>ΑΓΙΟΥ</strong></span> <span class='ocrx_word' id='word_1_141' title='bbox 2671 1592 3529 1730; x_wconf 83' lang='grc' dir='ltr'><strong>ΚΥΡΙΛΛΟΥ</strong></span> 
     </span>
    </p>
   </div>
   <div class='ocr_carea' id='block_1_23' title="bbox 1662 1821 2791 1877">
    <p class='ocr_par' dir='ltr' id='par_1_23' title="bbox 1662 1821 2791 1877">
     <span class='ocr_line' id='line_1_24' title="bbox 1662 1821 2791 1877; baseline 0 -2"><span class='ocrx_word' id='word_1_142' title='bbox 1662 1821 2233 1876; x_wconf 79' lang='grc' dir='ltr'><strong>ΑΡΧΙΕΠΙΣΚΟΠΟΥ</strong></span> <span class='ocrx_word' id='word_1_143' title='bbox 2270 1822 2791 1877; x_wconf 74' lang='grc' dir='ltr'><strong>ΑΛΕΞΑΝΔΡΕΙΑΣ</strong></span> 
     </span>
    </p>
   </div>
   <div class='ocr_carea' id='block_1_24' title="bbox 2056 1985 2423 2070">
    <p class='ocr_par' dir='ltr' id='par_1_24' title="bbox 2056 1985 2423 2070">
     <span class='ocr_line' id='line_1_25' title="bbox 2056 1985 2423 2070; baseline 0.003 -1"><span class='ocrx_word' id='word_1_144' title='bbox 2056 1985 2423 2070; x_wconf 89' lang='grc' dir='ltr'><strong>ΛΟΓΟΣ</strong></span> 
     </span>
    </p>
   </div>
   <div class='ocr_carea' id='block_1_25' title="bbox 762 2165 3713 2241">
    <p class='ocr_par' dir='ltr' id='par_1_25' title="bbox 762 2165 3713 2241">
     <span class='ocr_line' id='line_1_26' title="bbox 762 2165 3713 2241; baseline 0.002 -22"><span class='ocrx_word' id='word_1_145' title='bbox 762 2165 935 2219; x_wconf 79' lang='grc' dir='ltr'><strong>ΚΑΤΑ</strong></span> <span class='ocrx_word' id='word_1_146' title='bbox 982 2166 1114 2217; x_wconf 67' lang='lat' dir='ltr'><strong>NN</strong></span> <span class='ocrx_word' id='word_1_147' title='bbox 1151 2166 1262 2217; x_wconf 88' lang='grc' dir='ltr'><em>ΜΗ</em></span> <span class='ocrx_word' id='word_1_148' title='bbox 1296 2166 1805 2219; x_wconf 75' lang='grc' dir='ltr'><strong>ΒΟΥΛΟΜΕΝΩΝ</strong></span> <span class='ocrx_word' id='word_1_149' title='bbox 1842 2167 2283 2220; x_wconf 84' lang='grc' dir='ltr'><strong>ΟΜΟΛΟΓΕΙΝ</strong></span> <span class='ocrx_word' id='word_1_150' title='bbox 2325 2167 2703 2223; x_wconf 83' lang='grc' dir='ltr'><strong>ΘΕΟΤΟΚΟΝ</strong></span> <span class='ocrx_word' id='word_1_151' title='bbox 2739 2168 2882 2223; x_wconf 82' lang='grc' dir='ltr'><strong>ΤΗΝ</strong></span> <span class='ocrx_word' id='word_1_152' title='bbox 2916 2173 3153 2224; x_wconf 75' lang='grc' dir='ltr'><strong>ΑΓΙΑΝ</strong></span> <span class='ocrx_word' id='word_1_153' title='bbox 3190 2171 3579 2225; x_wconf 75' lang='grc' dir='ltr'><strong>ΠΑΡΘΕΝΟΝ</strong></span> <span class='ocrx_word' id='word_1_154' title='bbox 3610 2168 3713 2241; x_wconf 72' lang='grc'><strong>(1).</strong></span> 
     </span>
    </p>
   </div>
   <div class='ocr_carea' id='block_1_26' title="bbox 1284 2492 3204 2613">
    <p class='ocr_par' dir='ltr' id='par_1_26' title="bbox 1284 2492 3204 2613">
     <span class='ocr_line' id='line_1_27' title="bbox 1284 2492 3204 2613; baseline 0.001 -6"><span class='ocrx_word' id='word_1_155' title='bbox 1284 2492 1921 2611; x_wconf 87' lang='lat' dir='ltr'><strong>EJUSDEM</strong></span> <span class='ocrx_word' id='word_1_156' title='bbox 2014 2498 2533 2613; x_wconf 86' lang='lat' dir='ltr'><strong>SANCTI</strong></span> <span class='ocrx_word' id='word_1_157' title='bbox 2618 2496 3204 2611; x_wconf 82' lang='lat' dir='ltr'><strong>CYRILLI</strong></span> 
     </span>
    </p>
   </div>
   <div class='ocr_carea' id='block_1_27' title="bbox 1743 2714 2776 2773">
    <p class='ocr_par' dir='ltr' id='par_1_27' title="bbox 1743 2714 2776 2773">
     <span class='ocr_line' id='line_1_28' title="bbox 1743 2714 2776 2773; baseline 0.002 -4"><span class='ocrx_word' id='word_1_158' title='bbox 1743 2714 2264 2772; x_wconf 76' lang='lat' dir='ltr'><strong>ARCHIEPISCOPI</strong></span> <span class='ocrx_word' id='word_1_159' title='bbox 2302 2716 2776 2773; x_wconf 78' lang='lat' dir='ltr'><strong>ALEXANDRlNl</strong></span> 
     </span>
    </p>
   </div>
   <div class='ocr_carea' id='block_1_28' title="bbox 2049 2893 2400 2979">
    <p class='ocr_par' dir='ltr' id='par_1_28' title="bbox 2049 2893 2400 2979">
     <span class='ocr_line' id='line_1_29' title="bbox 2049 2893 2400 2979; baseline 0.003 -2"><span class='ocrx_word' id='word_1_160' title='bbox 2049 2893 2400 2979; x_wconf 71' lang='lat' dir='ltr'><strong>LIBER</strong></span> 
     </span>
    </p>
   </div>
   <div class='ocr_carea' id='block_1_29' title="bbox 847 3077 3648 3143">
    <p class='ocr_par' dir='ltr' id='par_1_29' title="bbox 847 3077 3648 3143">
     <span class='ocr_line' id='line_1_30' title="bbox 847 3077 3648 3143; baseline 0.001 -3"><span class='ocrx_word' id='word_1_161' title='bbox 847 3077 1238 3140; x_wconf 73' lang='lat' dir='ltr'><strong>ADVERSUS</strong></span> <span class='ocrx_word' id='word_1_162' title='bbox 1290 3078 1678 3141; x_wconf 86' lang='lat' dir='ltr'><strong>NOLENTES</strong></span> <span class='ocrx_word' id='word_1_163' title='bbox 1727 3081 2130 3142; x_wconf 79' lang='lat' dir='ltr'><strong>CONFITERI</strong></span> <span class='ocrx_word' id='word_1_164' title='bbox 2181 3083 2529 3142; x_wconf 81' lang='lat' dir='ltr'><strong>SANCTAM</strong></span> <span class='ocrx_word' id='word_1_165' title='bbox 2586 3081 2965 3143; x_wconf 84' lang='lat' dir='ltr'><strong>VlRGINEM</strong></span> <span class='ocrx_word' id='word_1_166' title='bbox 3008 3082 3189 3141; x_wconf 85' lang='lat' dir='ltr'><strong>ESSE</strong></span> <span class='ocrx_word' id='word_1_167' title='bbox 3239 3082 3648 3142; x_wconf 80' lang='lat' dir='ltr'><strong>DElPARAM.</strong></span> 
     </span>
    </p>
   </div>
   <div class='ocr_carea' id='block_1_30' title="bbox 914 3247 3540 3313">
    <p class='ocr_par' dir='ltr' id='par_1_30' title="bbox 914 3247 3540 3313">
     <span class='ocr_line' id='line_1_31' title="bbox 914 3247 3540 3313; baseline -0.001 -15"><span class='ocrx_word' id='word_1_168' title='bbox 914 3250 1061 3313; x_wconf 72' lang='lat' dir='ltr'><strong>(Ang.</strong></span> <span class='ocrx_word' id='word_1_169' title='bbox 1089 3250 1200 3309; x_wconf 68' lang='lat' dir='ltr'><strong>MAI,</strong></span> <span class='ocrx_word' id='word_1_170' title='bbox 1230 3250 1353 3301; x_wconf 68' lang='lat' dir='ltr'><strong>Bibl.</strong></span> <span class='ocrx_word' id='word_1_171' title='bbox 1412 3263 1537 3301; x_wconf 78' lang='lat' dir='ltr'><strong>nova</strong></span> <span class='ocrx_word' id='word_1_172' title='bbox 1573 3252 1680 3300; x_wconf 81' lang='lat' dir='ltr'><strong>PP.</strong></span> <span class='ocrx_word' id='word_1_173' title='bbox 1720 3250 1779 3307; x_wconf 85' lang='lat' dir='ltr'><strong>ll,</strong></span> <span class='ocrx_word' id='word_1_174' title='bbox 1811 3250 1886 3310; x_wconf 77' lang='lat'><strong>73,</strong></span> <span class='ocrx_word' id='word_1_175' title='bbox 1925 3264 1986 3299; x_wconf 84' lang='lat' dir='ltr'><strong>ex</strong></span> <span class='ocrx_word' id='word_1_176' title='bbox 2036 3250 2143 3298; x_wconf 88' lang='lat' dir='ltr'><strong>cod.</strong></span> <span class='ocrx_word' id='word_1_177' title='bbox 2181 3249 2290 3298; x_wconf 78' lang='lat' dir='ltr'><strong>Vat.</strong></span> <span class='ocrx_word' id='word_1_178' title='bbox 2318 3249 2357 3298; x_wconf 78' lang='grc' dir='ltr'><strong>Α</strong></span> <span class='ocrx_word' id='word_1_179' title='bbox 2389 3249 2521 3308; x_wconf 65' lang='grc'><strong>1451,</strong></span> <span class='ocrx_word' id='word_1_180' title='bbox 2547 3249 2573 3296; x_wconf 86' lang='lat' dir='ltr'><strong>f.</strong></span> <span class='ocrx_word' id='word_1_181' title='bbox 2607 3247 2711 3309; x_wconf 76' lang='lat' dir='ltr'><strong>l3l,</strong></span> <span class='ocrx_word' id='word_1_182' title='bbox 2742 3256 2795 3299; x_wconf 89' lang='lat' dir='ltr'><strong>et</strong></span> <span class='ocrx_word' id='word_1_183' title='bbox 2821 3250 2926 3298; x_wconf 91' lang='lat' dir='ltr'><strong>cod.</strong></span> <span class='ocrx_word' id='word_1_184' title='bbox 2968 3248 3131 3299; x_wconf 90' lang='lat' dir='ltr'><strong>Ottob.</strong></span> <span class='ocrx_word' id='word_1_185' title='bbox 3163 3250 3202 3298; x_wconf 87' lang='lat' dir='ltr'><strong>B</strong></span> <span class='ocrx_word' id='word_1_186' title='bbox 3230 3250 3309 3311; x_wconf 73' lang='lat'><strong>30,</strong></span> <span class='ocrx_word' id='word_1_187' title='bbox 3331 3250 3384 3312; x_wconf 82' lang='lat' dir='ltr'><strong>&#39;_f.</strong></span> <span class='ocrx_word' id='word_1_188' title='bbox 3410 3250 3540 3311; x_wconf 77' lang='lat'><em>566.)</em></span> 
     </span>
    </p>
   </div>
   <div class='ocr_carea' id='block_1_31' title="bbox 680 3542 2186 3623">
    <p class='ocr_par' dir='ltr' id='par_1_31' title="bbox 680 3549 2175 3623">
     <span class='ocr_line' id='line_1_32' title="bbox 680 3549 2175 3623; baseline -0.001 -19"><span class='ocrx_word' id='word_1_189' title='bbox 680 3550 867 3623; x_wconf 67' lang='grc' dir='ltr'><strong>14ᾼὸ</strong></span> <span class='ocrx_word' id='word_1_190' title='bbox 908 3550 959 3604; x_wconf 75' lang='grc' dir='ltr'>ι.</span> <span class='ocrx_word' id='word_1_191' title='bbox 1000 3549 1205 3605; x_wconf 81' lang='lat' dir='ltr'><strong>Norunt</strong></span> <span class='ocrx_word' id='word_1_192' title='bbox 1228 3551 1420 3607; x_wconf 86' lang='lat' dir='ltr'><strong>medici</strong></span> <span class='ocrx_word' id='word_1_193' title='bbox 1451 3552 1806 3621; x_wconf 66' lang='lat' dir='ltr'><strong>praecavenda</strong></span> <span class='ocrx_word' id='word_1_194' title='bbox 1837 3552 2049 3606; x_wconf 86' lang='lat' dir='ltr'><strong>morbos</strong></span> <span class='ocrx_word' id='word_1_195' title='bbox 2080 3550 2175 3603; x_wconf 84' lang='lat' dir='ltr'><strong>ad-</strong></span> 
     </span>
    </p>
   </div>
   <div class='ocr_carea' id='block_1_32' title="bbox 2290 3542 3873 3623">
    <p class='ocr_par' dir='ltr' id='par_1_32' title="bbox 2347 3542 3873 3615">
     <span class='ocr_line' id='line_1_33' title="bbox 2347 3542 3873 3615; baseline -0.005 -14"><span class='ocrx_word' id='word_1_196' title='bbox 2347 3556 2415 3601; x_wconf 89' lang='grc' dir='ltr'><strong>α’.</strong></span> <span class='ocrx_word' id='word_1_197' title='bbox 2452 3550 2659 3600; x_wconf 85' lang='grc' dir='ltr'>Ἰσασιν</span> <span class='ocrx_word' id='word_1_198' title='bbox 2680 3544 2878 3615; x_wconf 74' lang='grc' dir='ltr'>ἰατρῶν</span> <span class='ocrx_word' id='word_1_199' title='bbox 2900 3545 3084 3607; x_wconf 77' lang='grc' dir='ltr'>παῖδες</span> <span class='ocrx_word' id='word_1_200' title='bbox 3106 3544 3522 3614; x_wconf 73' lang='grc' dir='ltr'>προφυλακτικὰ</span> <span class='ocrx_word' id='word_1_201' title='bbox 3542 3542 3651 3595; x_wconf 86' lang='grc' dir='ltr'><strong>τῶν</strong></span> <span class='ocrx_word' id='word_1_202' title='bbox 3676 3543 3873 3597; x_wconf 85' lang='grc' dir='ltr'>παθῶν</span> 
     </span>
    </p>
   </div>
   <div class='ocr_carea' id='block_1_33' title="bbox 603 3640 2183 3711">
    <p class='ocr_par' dir='ltr' id='par_1_33' title="bbox 603 3640 2183 3711">
     <span class='ocr_line' id='line_1_34' title="bbox 603 3640 2183 3711; baseline 0 -16"><span class='ocrx_word' id='word_1_203' title='bbox 603 3640 835 3711; x_wconf 81' lang='lat' dir='ltr'><strong>jutoria;</strong></span> <span class='ocrx_word' id='word_1_204' title='bbox 897 3640 1093 3696; x_wconf 88' lang='lat' dir='ltr'><strong>etenim</strong></span> <span class='ocrx_word' id='word_1_205' title='bbox 1152 3643 1348 3710; x_wconf 63' lang='lat' dir='ltr'><strong>praevia</strong></span> <span class='ocrx_word' id='word_1_206' title='bbox 1402 3651 1518 3695; x_wconf 86' lang='lat' dir='ltr'><strong>arte</strong></span> <span class='ocrx_word' id='word_1_207' title='bbox 1564 3652 1814 3696; x_wconf 87' lang='lat' dir='ltr'><strong>avertunt</strong></span> <span class='ocrx_word' id='word_1_208' title='bbox 1869 3640 2183 3710; x_wconf 88' lang='lat' dir='ltr'><strong>impendens</strong></span> 
     </span>
    </p>
   </div>
   <div class='ocr_carea' id='block_1_34' title="bbox 608 3732 2184 3801">
    <p class='ocr_par' dir='ltr' id='par_1_34' title="bbox 608 3732 2184 3801">
     <span class='ocr_line' id='line_1_35' title="bbox 608 3732 2184 3801; baseline -0.001 -14"><span class='ocrx_word' id='word_1_209' title='bbox 608 3735 884 3799; x_wconf 88' lang='lat' dir='ltr'><strong>damnum,</strong></span> <span class='ocrx_word' id='word_1_210' title='bbox 919 3742 970 3786; x_wconf 90' lang='lat' dir='ltr'><strong>et</strong></span> <span class='ocrx_word' id='word_1_211' title='bbox 1006 3732 1343 3787; x_wconf 85' lang='lat' dir='ltr'><strong>diversarum</strong></span> <span class='ocrx_word' id='word_1_212' title='bbox 1369 3733 1759 3788; x_wconf 84' lang='lat' dir='ltr'><strong>medicinarum</strong></span> <span class='ocrx_word' id='word_1_213' title='bbox 1793 3733 2184 3801; x_wconf 85' lang='lat' dir='ltr'><strong>compositione</strong></span> 
     </span>
    </p>
   </div>
   <div class='ocr_carea' id='block_1_35' title="bbox 606 3824 2183 3893">
    <p class='ocr_par' dir='ltr' id='par_1_35' title="bbox 606 3824 2183 3893">
     <span class='ocr_line' id='line_1_36' title="bbox 606 3824 2183 3893; baseline -0.001 -15"><span class='ocrx_word' id='word_1_214' title='bbox 606 3824 920 3878; x_wconf 86' lang='lat' dir='ltr'><strong>morborum</strong></span> <span class='ocrx_word' id='word_1_215' title='bbox 955 3824 1176 3879; x_wconf 84' lang='lat' dir='ltr'><strong>vincunt</strong></span> <span class='ocrx_word' id='word_1_216' title='bbox 1207 3825 1491 3878; x_wconf 70' lang='lat' dir='ltr'><strong>saevitiam.</strong></span> <span class='ocrx_word' id='word_1_217' title='bbox 1530 3824 1838 3879; x_wconf 75' lang='lat' dir='ltr'><strong>Praevident</strong></span> <span class='ocrx_word' id='word_1_218' title='bbox 1885 3825 2045 3878; x_wconf 85' lang='lat' dir='ltr'><strong>etiam</strong></span> <span class='ocrx_word' id='word_1_219' title='bbox 2083 3838 2183 3893; x_wconf 78' lang='lat' dir='ltr'><strong>gu-</strong></span> 
     </span>
    </p>
   </div>
   <div class='ocr_carea' id='block_1_36' title="bbox 606 3916 2183 3982">
    <p class='ocr_par' dir='ltr' id='par_1_36' title="bbox 606 3916 2183 3982">
     <span class='ocr_line' id='line_1_37' title="bbox 606 3916 2183 3982; baseline -0.001 -12"><span class='ocrx_word' id='word_1_220' title='bbox 606 3916 922 3970; x_wconf 81' lang='lat' dir='ltr'><strong>bernatores</strong></span> <span class='ocrx_word' id='word_1_221' title='bbox 969 3930 1339 3982; x_wconf 68' lang='lat' dir='ltr'><strong>smpenumero</strong></span> <span class='ocrx_word' id='word_1_222' title='bbox 1383 3926 1666 3969; x_wconf 90' lang='lat' dir='ltr'><strong>ventorum</strong></span> <span class='ocrx_word' id='word_1_223' title='bbox 1720 3917 2041 3969; x_wconf 86' lang='lat' dir='ltr'><strong>mutationes</strong></span> <span class='ocrx_word' id='word_1_224' title='bbox 2086 3931 2183 3970; x_wconf 90' lang='lat' dir='ltr'><strong>usu</strong></span> 
     </span>
    </p>
   </div>
   <div class='ocr_carea' id='block_1_37' title="bbox 607 4006 2183 4075">
    <p class='ocr_par' dir='ltr' id='par_1_37' title="bbox 607 4006 2183 4075">
     <span class='ocr_line' id='line_1_38' title="bbox 607 4006 2183 4075; baseline -0.001 -15"><span class='ocrx_word' id='word_1_225' title='bbox 607 4007 805 4070; x_wconf 88' lang='lat' dir='ltr'><strong>edocti,</strong></span> <span class='ocrx_word' id='word_1_226' title='bbox 850 4015 904 4059; x_wconf 91' lang='lat' dir='ltr'><strong>et</strong></span> <span class='ocrx_word' id='word_1_227' title='bbox 950 4006 1202 4059; x_wconf 89' lang='lat' dir='ltr'><strong>idoneum</strong></span> <span class='ocrx_word' id='word_1_228' title='bbox 1249 4008 1473 4075; x_wconf 87' lang='lat' dir='ltr'><strong>tempori</strong></span> <span class='ocrx_word' id='word_1_229' title='bbox 1523 4007 1844 4061; x_wconf 85' lang='lat' dir='ltr'><strong>adhibentes</strong></span> <span class='ocrx_word' id='word_1_230' title='bbox 1879 4007 2183 4071; x_wconf 86' lang='lat' dir='ltr'><strong>consilium,</strong></span> 
     </span>
    </p>
   </div>
   <div class='ocr_carea' id='block_1_38' title="bbox 609 4095 2185 4163">
    <p class='ocr_par' dir='ltr' id='par_1_38' title="bbox 609 4095 2185 4163">
     <span class='ocr_line' id='line_1_39' title="bbox 609 4095 2185 4163; baseline 0 -14"><span class='ocrx_word' id='word_1_231' title='bbox 609 4096 905 4149; x_wconf 87' lang='lat' dir='ltr'><strong>immunem</strong></span> <span class='ocrx_word' id='word_1_232' title='bbox 936 4095 1217 4163; x_wconf 75' lang='lat' dir='ltr'><strong>naufragio</strong></span> <span class='ocrx_word' id='word_1_233' title='bbox 1248 4105 1416 4151; x_wconf 89' lang='lat' dir='ltr'><strong>ratem</strong></span> <span class='ocrx_word' id='word_1_234' title='bbox 1453 4112 1572 4150; x_wconf 90' lang='lat' dir='ltr'><strong>cum</strong></span> <span class='ocrx_word' id='word_1_235' title='bbox 1610 4098 1702 4151; x_wconf 90' lang='lat' dir='ltr'><strong>Dei</strong></span> <span class='ocrx_word' id='word_1_236' title='bbox 1734 4098 1932 4150; x_wconf 83' lang='lat' dir='ltr'><strong>auxilio</strong></span> <span class='ocrx_word' id='word_1_237' title='bbox 1966 4112 2185 4151; x_wconf 88' lang='lat' dir='ltr'><strong>conser-</strong></span> 
     </span>
    </p>
   </div>
   <div class='ocr_carea' id='block_1_39' title="bbox 610 4184 2185 4257">
    <p class='ocr_par' dir='ltr' id='par_1_39' title="bbox 610 4184 2185 4257">
     <span class='ocr_line' id='line_1_40' title="bbox 610 4184 2185 4257; baseline 0.003 -20"><span class='ocrx_word' id='word_1_238' title='bbox 610 4194 761 4239; x_wconf 85' lang='lat' dir='ltr'><strong>vant.</strong></span> <span class='ocrx_word' id='word_1_239' title='bbox 812 4184 1003 4239; x_wconf 89' lang='lat' dir='ltr'><strong>Parem</strong></span> <span class='ocrx_word' id='word_1_240' title='bbox 1049 4188 1349 4239; x_wconf 87' lang='lat' dir='ltr'><strong>animarum</strong></span> <span class='ocrx_word' id='word_1_241' title='bbox 1401 4186 1709 4242; x_wconf 89' lang='lat' dir='ltr'><strong>nostrarum</strong></span> <span class='ocrx_word' id='word_1_242' title='bbox 1763 4204 1952 4257; x_wconf 82' lang='lat' dir='ltr'><strong>gerens</strong></span> <span class='ocrx_word' id='word_1_243' title='bbox 2000 4204 2185 4243; x_wconf 89' lang='lat' dir='ltr'><strong>curam</strong></span> 
     </span>
    </p>
   </div>
   <div class='ocr_carea' id='block_1_40' title="bbox 609 4275 2188 4355">
    <p class='ocr_par' dir='ltr' id='par_1_40' title="bbox 609 4275 2188 4355">
     <span class='ocr_line' id='line_1_41' title="bbox 609 4275 2188 4355; baseline 0.002 -26"><span class='ocrx_word' id='word_1_244' title='bbox 609 4275 773 4340; x_wconf 85' lang='lat' dir='ltr'><strong>Deus,</strong></span> <span class='ocrx_word' id='word_1_245' title='bbox 824 4276 1068 4344; x_wconf 60' lang='lat' dir='ltr'><strong>praedicit</strong></span> <span class='ocrx_word' id='word_1_246' title='bbox 1125 4276 1280 4331; x_wconf 91' lang='lat' dir='ltr'><strong>nobis</strong></span> <span class='ocrx_word' id='word_1_247' title='bbox 1342 4278 1695 4332; x_wconf 86' lang='lat' dir='ltr'><strong>teutationum</strong></span> <span class='ocrx_word' id='word_1_248' title='bbox 1754 4278 2072 4355; x_wconf 83' lang='lat' dir='ltr'><strong>periculum,</strong></span> <span class='ocrx_word' id='word_1_249' title='bbox 2126 4288 2188 4332; x_wconf 91' lang='lat' dir='ltr'><strong>ut</strong></span> 
     </span>
    </p>
   </div>
   <div class='ocr_carea' id='block_1_41' title="bbox 610 4367 2189 4439">
    <p class='ocr_par' dir='ltr' id='par_1_41' title="bbox 610 4367 2189 4439">
     <span class='ocr_line' id='line_1_42' title="bbox 610 4367 2189 4439; baseline 0.001 -19"><span class='ocrx_word' id='word_1_250' title='bbox 610 4367 808 4420; x_wconf 88' lang='lat' dir='ltr'><strong>danmo</strong></span> <span class='ocrx_word' id='word_1_251' title='bbox 824 4377 947 4419; x_wconf 90' lang='lat' dir='ltr'><strong>ante</strong></span> <span class='ocrx_word' id='word_1_252' title='bbox 960 4368 1390 4434; x_wconf 82' lang='lat' dir='ltr'><strong>experimentum</strong></span> <span class='ocrx_word' id='word_1_253' title='bbox 1407 4369 1619 4438; x_wconf 79' lang='lat' dir='ltr'><strong>cognito</strong></span> <span class='ocrx_word' id='word_1_254' title='bbox 1635 4369 1790 4439; x_wconf 88' lang='lat' dir='ltr'><strong>hujus</strong></span> <span class='ocrx_word' id='word_1_255' title='bbox 1805 4370 2092 4423; x_wconf 85' lang='lat' dir='ltr'><strong>discrimen</strong></span> <span class='ocrx_word' id='word_1_256' title='bbox 2110 4378 2189 4422; x_wconf 87' lang='lat' dir='ltr'><strong>tu-</strong></span> 
     </span>
    </p>
   </div>
   <div class='ocr_carea' id='block_1_42' title="bbox 611 4454 2183 4529">
    <p class='ocr_par' dir='ltr' id='par_1_42' title="bbox 611 4454 2183 4529">
     <span class='ocr_line' id='line_1_43' title="bbox 611 4454 2183 4529; baseline 0.003 -21"><span class='ocrx_word' id='word_1_257' title='bbox 611 4466 667 4509; x_wconf 89' lang='lat' dir='ltr'><strong>to</strong></span> <span class='ocrx_word' id='word_1_258' title='bbox 692 4454 1274 4511; x_wconf 84' lang='lat' dir='ltr'><strong>vitemus.Novitenim</strong></span> <span class='ocrx_word' id='word_1_259' title='bbox 1296 4458 1433 4513; x_wconf 85' lang='lat' dir='ltr'><strong>Deus</strong></span> <span class='ocrx_word' id='word_1_260' title='bbox 1448 4470 1639 4512; x_wconf 89' lang='lat' dir='ltr'><strong>cuncta</strong></span> <span class='ocrx_word' id='word_1_261' title='bbox 1659 4469 1947 4529; x_wconf 79' lang='lat' dir='ltr'><strong>antequam</strong></span> <span class='ocrx_word' id='word_1_262' title='bbox 1974 4460 2183 4526; x_wconf 73' lang='lat' dir='ltr'><strong>ﬁant“;</strong></span> 
     </span>
    </p>
   </div>
   <div class='ocr_carea' id='block_1_43' title="bbox 613 4547 2188 4620">
    <p class='ocr_par' dir='ltr' id='par_1_43' title="bbox 613 4547 2188 4620">
     <span class='ocr_line' id='line_1_44' title="bbox 613 4547 2188 4620; baseline 0.003 -20"><span class='ocrx_word' id='word_1_263' title='bbox 613 4548 756 4601; x_wconf 90' lang='lat' dir='ltr'><strong>haud</strong></span> <span class='ocrx_word' id='word_1_264' title='bbox 789 4547 1098 4614; x_wconf 86' lang='lat' dir='ltr'><strong>conjectura</strong></span> <span class='ocrx_word' id='word_1_265' title='bbox 1136 4590 1151 4615; x_wconf 90' lang='lat'><strong>,</strong></span> <span class='ocrx_word' id='word_1_266' title='bbox 1189 4558 1247 4601; x_wconf 91' lang='lat' dir='ltr'><strong>ut</strong></span> <span class='ocrx_word' id='word_1_267' title='bbox 1288 4550 1531 4617; x_wconf 83' lang='lat' dir='ltr'><strong>praedicti</strong></span> <span class='ocrx_word' id='word_1_268' title='bbox 1574 4549 1838 4613; x_wconf 86' lang='lat' dir='ltr'><strong>homines,</strong></span> <span class='ocrx_word' id='word_1_269' title='bbox 1886 4552 2013 4620; x_wconf 85' lang='lat' dir='ltr'><strong>quid</strong></span> <span class='ocrx_word' id='word_1_270' title='bbox 2058 4551 2188 4605; x_wconf 91' lang='lat' dir='ltr'><strong>utile</strong></span> 
     </span>
    </p>
   </div>
   <div class='ocr_carea' id='block_1_44' title="bbox 611 4638 2189 4710">
    <p class='ocr_par' dir='ltr' id='par_1_44' title="bbox 611 4638 2189 4710">
     <span class='ocr_line' id='line_1_45' title="bbox 611 4638 2189 4710; baseline 0.001 -18"><span class='ocrx_word' id='word_1_271' title='bbox 611 4639 684 4692; x_wconf 80' lang='lat' dir='ltr'><strong>sit</strong></span> <span class='ocrx_word' id='word_1_272' title='bbox 716 4648 1005 4707; x_wconf 77' lang='lat' dir='ltr'><strong>reputans;</strong></span> <span class='ocrx_word' id='word_1_273' title='bbox 1044 4638 1137 4692; x_wconf 89' lang='lat' dir='ltr'><strong>sed</strong></span> <span class='ocrx_word' id='word_1_274' title='bbox 1172 4640 1490 4707; x_wconf 76' lang='lat' dir='ltr'><strong>prtevisione</strong></span> <span class='ocrx_word' id='word_1_275' title='bbox 1520 4641 1627 4693; x_wconf 90' lang='lat' dir='ltr'><strong>Deo</strong></span> <span class='ocrx_word' id='word_1_276' title='bbox 1654 4640 1814 4710; x_wconf 81' lang='lat' dir='ltr'><strong>digna</strong></span> <span class='ocrx_word' id='word_1_277' title='bbox 1860 4657 1947 4695; x_wconf 88' lang='lat' dir='ltr'><strong>res</strong></span> <span class='ocrx_word' id='word_1_278' title='bbox 1979 4642 2189 4695; x_wconf 77' lang='lat' dir='ltr'><strong>futuras</strong></span> 
     </span>
    </p>
   </div>
   <div class='ocr_carea' id='block_1_45' title="bbox 610 4728 2190 4799">
    <p class='ocr_par' dir='ltr' id='par_1_45' title="bbox 610 4728 2190 4799">
     <span class='ocr_line' id='line_1_46' title="bbox 610 4728 2190 4799; baseline 0.003 -17"><span class='ocrx_word' id='word_1_279' title='bbox 610 4744 961 4799; x_wconf 79' lang='lat' dir='ltr'><strong>cognoscens.</strong></span> <span class='ocrx_word' id='word_1_280' title='bbox 1014 4728 1103 4783; x_wconf 89' lang='lat' dir='ltr'><strong>Sic</strong></span> <span class='ocrx_word' id='word_1_281' title='bbox 1151 4731 1313 4782; x_wconf 84' lang='lat' dir='ltr'><strong>etiam</strong></span> <span class='ocrx_word' id='word_1_282' title='bbox 1360 4730 1551 4799; x_wconf 86' lang='lat' dir='ltr'><strong>judicii</strong></span> <span class='ocrx_word' id='word_1_283' title='bbox 1604 4740 1729 4784; x_wconf 83' lang='lat' dir='ltr'><strong>ante</strong></span> <span class='ocrx_word' id='word_1_284' title='bbox 1775 4740 1983 4799; x_wconf 91' lang='lat' dir='ltr'><strong>tempus</strong></span> <span class='ocrx_word' id='word_1_285' title='bbox 2036 4733 2190 4787; x_wconf 87' lang='lat' dir='ltr'><strong>nobis</strong></span> 
     </span>
    </p>
   </div>
   <div class='ocr_carea' id='block_1_46' title="bbox 612 4818 2186 4890">
    <p class='ocr_par' dir='ltr' id='par_1_46' title="bbox 612 4818 2186 4890">
     <span class='ocr_line' id='line_1_47' title="bbox 612 4818 2186 4890; baseline -0.001 -14"><span class='ocrx_word' id='word_1_286' title='bbox 612 4822 871 4890; x_wconf 83' lang='lat' dir='ltr'><strong>supplicia</strong></span> <span class='ocrx_word' id='word_1_287' title='bbox 928 4820 1273 4883; x_wconf 82' lang='lat' dir='ltr'><strong>monstravit,</strong></span> <span class='ocrx_word' id='word_1_288' title='bbox 1324 4829 1382 4874; x_wconf 93' lang='lat' dir='ltr'><strong>ut</strong></span> <span class='ocrx_word' id='word_1_289' title='bbox 1436 4818 1696 4873; x_wconf 87' lang='lat' dir='ltr'><strong>malorum</strong></span> <span class='ocrx_word' id='word_1_290' title='bbox 1748 4821 1940 4876; x_wconf 89' lang='lat' dir='ltr'><strong>timore</strong></span> <span class='ocrx_word' id='word_1_291' title='bbox 1969 4824 2186 4889; x_wconf 83' lang='lat' dir='ltr'><strong>eruditi,</strong></span> 
     </span>
    </p>
   </div>
   <div class='ocr_carea' id='block_1_47' title="bbox 2287 3633 3871 3709">
    <p class='ocr_par' dir='ltr' id='par_1_47' title="bbox 2287 3633 3871 3709">
     <span class='ocr_line' id='line_1_48' title="bbox 2287 3633 3871 3709; baseline -0.004 -18"><span class='ocrx_word' id='word_1_292' title='bbox 2287 3638 2623 3709; x_wconf 80' lang='grc' dir='ltr'>βοηθήματα,</span> <span class='ocrx_word' id='word_1_293' title='bbox 2683 3639 2748 3706; x_wconf 83' lang='grc' dir='ltr'>τῇ</span> <span class='ocrx_word' id='word_1_294' title='bbox 2804 3637 2969 3708; x_wconf 82' lang='grc' dir='ltr'>τέχνῃ</span> <span class='ocrx_word' id='word_1_295' title='bbox 3013 3635 3531 3706; x_wconf 72' lang='grc' dir='ltr'>προαναστέλλοντες</span> <span class='ocrx_word' id='word_1_296' title='bbox 3583 3633 3681 3703; x_wconf 79' lang='grc' dir='ltr'>τὴν</span> <span class='ocrx_word' id='word_1_297' title='bbox 3740 3634 3871 3705; x_wconf 68' lang='grc' dir='ltr'>μέλα</span> 
     </span>
    </p>
   </div>
   <div class='ocr_carea' id='block_1_48' title="bbox 2284 3730 3870 3802">
    <p class='ocr_par' dir='ltr' id='par_1_48' title="bbox 2284 3730 3870 3802">
     <span class='ocr_line' id='line_1_49' title="bbox 2284 3730 3870 3802; baseline -0.004 -16"><span class='ocrx_word' id='word_1_298' title='bbox 2284 3734 2478 3786; x_wconf 79' lang='grc' dir='ltr'>λουσαν</span> <span class='ocrx_word' id='word_1_299' title='bbox 2504 3731 2731 3802; x_wconf 84' lang='grc' dir='ltr'>βλάϐην,</span> <span class='ocrx_word' id='word_1_300' title='bbox 2758 3731 2852 3784; x_wconf 67' lang='grc' dir='ltr'>καὶ</span> <span class='ocrx_word' id='word_1_301' title='bbox 2880 3733 2945 3801; x_wconf 80' lang='grc' dir='ltr'>τῇ</span> <span class='ocrx_word' id='word_1_302' title='bbox 2972 3730 3079 3783; x_wconf 84' lang='grc' dir='ltr'><strong>τῶν</strong></span> <span class='ocrx_word' id='word_1_303' title='bbox 3106 3730 3377 3801; x_wconf 77' lang='grc' dir='ltr'>διαφόρων</span> <span class='ocrx_word' id='word_1_304' title='bbox 3408 3730 3715 3799; x_wconf 83' lang='grc' dir='ltr'><strong>φαρμάκων</strong></span> <span class='ocrx_word' id='word_1_305' title='bbox 3746 3745 3870 3781; x_wconf 59' lang='grc' dir='ltr'>συν-</span> 
     </span>
    </p>
   </div>
   <div class='ocr_carea' id='block_1_49' title="bbox 2287 3820 3874 3894">
    <p class='ocr_par' dir='ltr' id='par_1_49' title="bbox 2287 3820 3874 3894">
     <span class='ocr_line' id='line_1_50' title="bbox 2287 3820 3874 3894; baseline -0.004 -16"><span class='ocrx_word' id='word_1_306' title='bbox 2287 3826 2432 3878; x_wconf 77' lang='grc' dir='ltr'>θέσει</span> <span class='ocrx_word' id='word_1_307' title='bbox 2459 3824 2557 3894; x_wconf 85' lang='grc' dir='ltr'><strong>τὴν</strong></span> <span class='ocrx_word' id='word_1_308' title='bbox 2581 3823 2691 3875; x_wconf 83' lang='grc' dir='ltr'>τῶν</span> <span class='ocrx_word' id='word_1_309' title='bbox 2727 3822 2915 3875; x_wconf 82' lang='grc' dir='ltr'>παθῶν</span> <span class='ocrx_word' id='word_1_310' title='bbox 2946 3822 3203 3885; x_wconf 82' lang='grc' dir='ltr'>νικῶντες</span> <span class='ocrx_word' id='word_1_311' title='bbox 3236 3820 3560 3892; x_wconf 83' lang='grc' dir='ltr'><strong>ἀγριότητα·</strong></span> <span class='ocrx_word' id='word_1_312' title='bbox 3595 3820 3874 3891; x_wconf 82' lang='grc' dir='ltr'>προορῶσι</span> 
     </span>
    </p>
   </div>
   <div class='ocr_carea' id='block_1_50' title="bbox 2285 3910 3872 3987">
    <p class='ocr_par' dir='ltr' id='par_1_50' title="bbox 2285 3910 3872 3987">
     <span class='ocr_line' id='line_1_51' title="bbox 2285 3910 3872 3987; baseline -0.004 -18"><span class='ocrx_word' id='word_1_313' title='bbox 2285 3917 2379 3969; x_wconf 75' lang='grc' dir='ltr'><strong>καὶ</strong></span> <span class='ocrx_word' id='word_1_314' title='bbox 2408 3915 2739 3987; x_wconf 80' lang='grc' dir='ltr'>κυϐερνῆται</span> <span class='ocrx_word' id='word_1_315' title='bbox 2785 3914 3047 3976; x_wconf 78' lang='grc' dir='ltr'>πολλάκις</span> <span class='ocrx_word' id='word_1_316' title='bbox 3075 3912 3171 3975; x_wconf 87' lang='grc' dir='ltr'>τὰς</span> <span class='ocrx_word' id='word_1_317' title='bbox 3198 3912 3305 3964; x_wconf 83' lang='grc' dir='ltr'><strong>τῶν</strong></span> <span class='ocrx_word' id='word_1_318' title='bbox 3341 3910 3666 3979; x_wconf 80' lang='grc' dir='ltr'>πνευμάτων</span> <span class='ocrx_word' id='word_1_319' title='bbox 3703 3927 3872 3979; x_wconf 89' lang='grc' dir='ltr'>μετα-</span> 
     </span>
    </p>
   </div>
   <div class='ocr_carea' id='block_1_51' title="bbox 2287 4001 3871 4077">
    <p class='ocr_par' dir='ltr' id='par_1_51' title="bbox 2287 4001 3871 4077">
     <span class='ocr_line' id='line_1_52' title="bbox 2287 4001 3871 4077; baseline -0.004 -17"><span class='ocrx_word' id='word_1_320' title='bbox 2287 4009 2450 4069; x_wconf 78' lang='grc' dir='ltr'>ϐολὰς</span> <span class='ocrx_word' id='word_1_321' title='bbox 2478 4008 2582 4060; x_wconf 85' lang='grc' dir='ltr'><strong>ὑπὸ</strong></span> <span class='ocrx_word' id='word_1_322' title='bbox 2611 4008 2710 4077; x_wconf 81' lang='grc' dir='ltr'><strong>τῆς</strong></span> <span class='ocrx_word' id='word_1_323' title='bbox 2743 4006 3034 4076; x_wconf 82' lang='grc' dir='ltr'>συνηθείας</span> <span class='ocrx_word' id='word_1_324' title='bbox 3052 4003 3429 4073; x_wconf 77' lang='grc' dir='ltr'>ὁδηγούμενοι,</span> <span class='ocrx_word' id='word_1_325' title='bbox 3458 4003 3551 4055; x_wconf 79' lang='grc' dir='ltr'>καὶ</span> <span class='ocrx_word' id='word_1_326' title='bbox 3576 4001 3674 4071; x_wconf 83' lang='grc' dir='ltr'>τὴν</span> <span class='ocrx_word' id='word_1_327' title='bbox 3696 4017 3871 4071; x_wconf 74' lang='grc' dir='ltr'>προσο</span> 
     </span>
    </p>
   </div>
   <div class='ocr_carea' id='block_1_52' title="bbox 2288 4084 3873 4171">
    <p class='ocr_par' dir='ltr' id='par_1_52' title="bbox 2288 4084 3873 4171">
     <span class='ocr_line' id='line_1_53' title="bbox 2288 4084 3873 4171; baseline -0.004 -20"><span class='ocrx_word' id='word_1_328' title='bbox 2288 4101 2527 4171; x_wconf 81' lang='grc' dir='ltr'>ήκουσαν</span> <span class='ocrx_word' id='word_1_329' title='bbox 2568 4102 2630 4167; x_wconf 83' lang='grc' dir='ltr'>τῇ</span> <span class='ocrx_word' id='word_1_330' title='bbox 2674 4099 2832 4168; x_wconf 81' lang='grc' dir='ltr'>χρείᾳ</span> <span class='ocrx_word' id='word_1_331' title='bbox 2866 4096 3181 4167; x_wconf 80' lang='grc' dir='ltr'>ποιούμενοι</span> <span class='ocrx_word' id='word_1_332' title='bbox 3213 4096 3493 4165; x_wconf 83' lang='grc' dir='ltr'>πρόνοιαν,</span> <span class='ocrx_word' id='word_1_333' title='bbox 3524 4084 3873 4164; x_wconf 78' lang='grc' dir='ltr'>ἀναυάγητον</span> 
     </span>
    </p>
   </div>
   <div class='ocr_carea' id='block_1_53' title="bbox 2286 4186 3868 4259">
    <p class='ocr_par' dir='ltr' id='par_1_53' title="bbox 2286 4186 3868 4259">
     <span class='ocr_line' id='line_1_54' title="bbox 2286 4186 3868 4259; baseline -0.003 -18"><span class='ocrx_word' id='word_1_334' title='bbox 2286 4191 2347 4242; x_wconf 83' lang='grc' dir='ltr'><strong>τὸ</strong></span> <span class='ocrx_word' id='word_1_335' title='bbox 2383 4191 2588 4258; x_wconf 74' lang='grc' dir='ltr'>σκάφος</span> <span class='ocrx_word' id='word_1_336' title='bbox 2629 4192 2694 4259; x_wconf 81' lang='grc' dir='ltr'>τῇ</span> <span class='ocrx_word' id='word_1_337' title='bbox 2746 4188 2839 4240; x_wconf 87' lang='grc' dir='ltr'><strong>τοῦ</strong></span> <span class='ocrx_word' id='word_1_338' title='bbox 2889 4189 3022 4241; x_wconf 88' lang='grc' dir='ltr'>Θεοῦ</span> <span class='ocrx_word' id='word_1_339' title='bbox 3064 4190 3351 4258; x_wconf 74' lang='grc' dir='ltr'>συνεργειᾳ.</span> <span class='ocrx_word' id='word_1_340' title='bbox 3388 4186 3868 4255; x_wconf 79' lang='grc' dir='ltr'>διαφυλάττουσιν·</span> 
     </span>
    </p>
   </div>
   <div class='ocr_carea' id='block_1_54' title="bbox 2286 4276 3873 4350">
    <p class='ocr_par' dir='ltr' id='par_1_54' title="bbox 2286 4276 3873 4350">
     <span class='ocr_line' id='line_1_55' title="bbox 2286 4276 3873 4350; baseline -0.003 -17"><span class='ocrx_word' id='word_1_341' title='bbox 2286 4282 2557 4350; x_wconf 79' lang='grc' dir='ltr'>τοσαύτην</span> <span class='ocrx_word' id='word_1_342' title='bbox 2600 4279 2708 4333; x_wconf 86' lang='grc' dir='ltr'>τῶν</span> <span class='ocrx_word' id='word_1_343' title='bbox 2748 4281 3036 4349; x_wconf 78' lang='grc' dir='ltr'>ἡμετέρων</span> <span class='ocrx_word' id='word_1_344' title='bbox 3067 4280 3251 4349; x_wconf 70' lang='grc' dir='ltr'>ψυχῶν</span> <span class='ocrx_word' id='word_1_345' title='bbox 3300 4281 3329 4331; x_wconf 93' lang='lat'><strong>6</strong></span> <span class='ocrx_word' id='word_1_346' title='bbox 3370 4278 3500 4340; x_wconf 82' lang='grc' dir='ltr'>Θεὸς</span> <span class='ocrx_word' id='word_1_347' title='bbox 3544 4276 3873 4346; x_wconf 87' lang='grc' dir='ltr'>ποιούμενος</span> 
     </span>
    </p>
   </div>
   <div class='ocr_carea' id='block_1_55' title="bbox 2289 4366 3871 4444">
    <p class='ocr_par' dir='ltr' id='par_1_55' title="bbox 2289 4366 3871 4444">
     <span class='ocr_line' id='line_1_56' title="bbox 2289 4366 3871 4444; baseline -0.004 -20"><span class='ocrx_word' id='word_1_348' title='bbox 2289 4373 2564 4444; x_wconf 87' lang='grc' dir='ltr'>πρόνοιαν,</span> <span class='ocrx_word' id='word_1_349' title='bbox 2606 4370 2861 4443; x_wconf 77' lang='grc' dir='ltr'>προλέγει</span> <span class='ocrx_word' id='word_1_350' title='bbox 2911 4370 3019 4423; x_wconf 79' lang='grc' dir='ltr'>τῶν</span> <span class='ocrx_word' id='word_1_351' title='bbox 3060 4369 3382 4440; x_wconf 84' lang='grc' dir='ltr'>πειρασμῶν</span> <span class='ocrx_word' id='word_1_352' title='bbox 3414 4370 3544 4438; x_wconf 79' lang='grc' dir='ltr'>ἡμῖν</span> <span class='ocrx_word' id='word_1_353' title='bbox 3570 4367 3659 4420; x_wconf 83' lang='grc' dir='ltr'><strong>τὸν</strong></span> <span class='ocrx_word' id='word_1_354' title='bbox 3689 4366 3871 4419; x_wconf 76' lang='grc' dir='ltr'>κίνδυ-</span> 
     </span>
    </p>
   </div>
   <div class='ocr_carea' id='block_1_56' title="bbox 2287 4457 3868 4531">
    <p class='ocr_par' dir='ltr' id='par_1_56' title="bbox 2287 4457 3868 4531">
     <span class='ocr_line' id='line_1_57' title="bbox 2287 4457 3868 4531; baseline -0.005 -14"><span class='ocrx_word' id='word_1_355' title='bbox 2287 4482 2396 4529; x_wconf 86' lang='grc' dir='ltr'>νον,</span> <span class='ocrx_word' id='word_1_356' title='bbox 2459 4463 2544 4515; x_wconf 81' lang='grc' dir='ltr'><strong>ἵνα</strong></span> <span class='ocrx_word' id='word_1_357' title='bbox 2601 4461 2861 4531; x_wconf 86' lang='grc' dir='ltr'>μαθόντες</span> <span class='ocrx_word' id='word_1_358' title='bbox 2914 4461 3020 4531; x_wconf 81' lang='grc' dir='ltr'><strong>πρὸ</strong></span> <span class='ocrx_word' id='word_1_359' title='bbox 3076 4464 3175 4530; x_wconf 78' lang='grc' dir='ltr'>τῆς</span> <span class='ocrx_word' id='word_1_360' title='bbox 3230 4460 3425 4529; x_wconf 81' lang='grc' dir='ltr'>πείρας</span> <span class='ocrx_word' id='word_1_361' title='bbox 3480 4460 3577 4529; x_wconf 80' lang='grc' dir='ltr'>τὴν</span> <span class='ocrx_word' id='word_1_362' title='bbox 3638 4457 3868 4527; x_wconf 82' lang='grc' dir='ltr'>βλάϐην,</span> 
     </span>
    </p>
   </div>
   <div class='ocr_carea' id='block_1_57' title="bbox 2288 4544 3870 4621">
    <p class='ocr_par' dir='ltr' id='par_1_57' title="bbox 2288 4544 3870 4621">
     <span class='ocr_line' id='line_1_58' title="bbox 2288 4544 3870 4621; baseline -0.004 -14"><span class='ocrx_word' id='word_1_363' title='bbox 2288 4553 2545 4621; x_wconf 73' lang='grc' dir='ltr'>ἀσφαλῶς</span> <span class='ocrx_word' id='word_1_364' title='bbox 2577 4553 2666 4604; x_wconf 79' lang='grc' dir='ltr'><strong>τὸν</strong></span> <span class='ocrx_word' id='word_1_365' title='bbox 2693 4553 2756 4603; x_wconf 85' lang='grc' dir='ltr'>ὲκ</span> <span class='ocrx_word' id='word_1_366' title='bbox 2790 4550 2991 4621; x_wconf 86' lang='grc' dir='ltr'>ταύτης</span> <span class='ocrx_word' id='word_1_367' title='bbox 3033 4551 3385 4620; x_wconf 83' lang='grc' dir='ltr'>διαφύγωμεν</span> <span class='ocrx_word' id='word_1_368' title='bbox 3413 4549 3672 4602; x_wconf 81' lang='grc' dir='ltr'>κίνδυνον.</span> <span class='ocrx_word' id='word_1_369' title='bbox 3714 4544 3870 4601; x_wconf 82' lang='grc' dir='ltr'>Οἶδεν</span> 
     </span>
    </p>
   </div>
   <div class='ocr_carea' id='block_1_58' title="bbox 2290 4636 3873 4713">
    <p class='ocr_par' dir='ltr' id='par_1_58' title="bbox 2290 4636 3873 4713">
     <span class='ocr_line' id='line_1_59' title="bbox 2290 4636 3873 4713; baseline -0.003 -19"><span class='ocrx_word' id='word_1_370' title='bbox 2290 4643 2397 4713; x_wconf 77' lang='grc' dir='ltr'><strong>γὰρ</strong></span> <span class='ocrx_word' id='word_1_371' title='bbox 2429 4642 2496 4693; x_wconf 80' lang='grc' dir='ltr'>τὰ</span> <span class='ocrx_word' id='word_1_372' title='bbox 2526 4641 2701 4693; x_wconf 74' lang='grc' dir='ltr'>πάντα</span> <span class='ocrx_word' id='word_1_373' title='bbox 2733 4641 2855 4708; x_wconf 72' lang='grc' dir='ltr'>πρὶν</span> <span class='ocrx_word' id='word_1_374' title='bbox 2878 4639 3143 4706; x_wconf 79' lang='grc' dir='ltr'>γενέσεως</span> <span class='ocrx_word' id='word_1_375' title='bbox 3170 4638 3370 4702; x_wconf 77' lang='grc' dir='ltr'>αὐτῶν,</span> <span class='ocrx_word' id='word_1_376' title='bbox 3400 4640 3463 4690; x_wconf 78' lang='grc' dir='ltr'><strong>ού</strong></span> <span class='ocrx_word' id='word_1_377' title='bbox 3491 4636 3685 4707; x_wconf 84' lang='grc' dir='ltr'>στόχώ,</span> <span class='ocrx_word' id='word_1_378' title='bbox 3706 4636 3873 4690; x_wconf 81' lang='grc' dir='ltr'>καθά-</span> 
     </span>
    </p>
   </div>
   <div class='ocr_carea' id='block_1_59' title="bbox 2291 4726 3869 4803">
    <p class='ocr_par' dir='ltr' id='par_1_59' title="bbox 2291 4726 3869 4803">
     <span class='ocr_line' id='line_1_60' title="bbox 2291 4726 3869 4803; baseline -0.004 -17"><span class='ocrx_word' id='word_1_379' title='bbox 2291 4751 2397 4803; x_wconf 80' lang='grc' dir='ltr'><strong>περ</strong></span> <span class='ocrx_word' id='word_1_380' title='bbox 2422 4735 2616 4785; x_wconf 79' lang='grc' dir='ltr'>ἐκεῖνοι</span> <span class='ocrx_word' id='word_1_381' title='bbox 2648 4733 2707 4784; x_wconf 69' lang='grc' dir='ltr'><strong>τδ</strong></span> <span class='ocrx_word' id='word_1_382' title='bbox 2738 4732 3010 4801; x_wconf 77' lang='grc' dir='ltr'>χρήσιμον</span> <span class='ocrx_word' id='word_1_383' title='bbox 3042 4730 3414 4799; x_wconf 75' lang='grc' dir='ltr'>λογιζόμενος,</span> <span class='ocrx_word' id='word_1_384' title='bbox 3448 4729 3583 4781; x_wconf 77' lang='grc' dir='ltr'>ἀλλὰ</span> <span class='ocrx_word' id='word_1_385' title='bbox 3616 4726 3869 4797; x_wconf 84' lang='grc' dir='ltr'>προγνώ-</span> 
     </span>
    </p>
   </div>
   <div class='ocr_carea' id='block_1_60' title="bbox 2292 4818 3868 4892">
    <p class='ocr_par' dir='ltr' id='par_1_60' title="bbox 2292 4818 3868 4892">
     <span class='ocr_line' id='line_1_61' title="bbox 2292 4818 3868 4892; baseline -0.004 -16"><span class='ocrx_word' id='word_1_386' title='bbox 2292 4841 2373 4876; x_wconf 91' lang='grc' dir='ltr'><strong>σει</strong></span> <span class='ocrx_word' id='word_1_387' title='bbox 2406 4823 2699 4892; x_wconf 85' lang='grc' dir='ltr'>θεοπρεπεῖ</span> <span class='ocrx_word' id='word_1_388' title='bbox 2736 4820 3019 4888; x_wconf 84' lang='grc' dir='ltr'>γινώσκων</span> <span class='ocrx_word' id='word_1_389' title='bbox 3049 4821 3116 4871; x_wconf 82' lang='grc' dir='ltr'>τὰ</span> <span class='ocrx_word' id='word_1_390' title='bbox 3147 4820 3407 4889; x_wconf 77' lang='grc' dir='ltr'>μέλλοντα</span> <span class='ocrx_word' id='word_1_391' title='bbox 3428 4834 3441 4846; x_wconf 78' lang='grc'><strong><em>⁸</em></strong></span> <span class='ocrx_word' id='word_1_392' title='bbox 3476 4818 3617 4871; x_wconf 77' lang='grc' dir='ltr'>οὕτω</span> <span class='ocrx_word' id='word_1_393' title='bbox 3643 4820 3739 4871; x_wconf 74' lang='grc' dir='ltr'><strong>καὶ</strong></span> <span class='ocrx_word' id='word_1_394' title='bbox 3768 4821 3868 4888; x_wconf 80' lang='grc' dir='ltr'>τῆς</span> 
     </span>
    </p>
   </div>
   <div class='ocr_carea' id='block_1_61' title="bbox 614 4897 2186 4983">
    <p class='ocr_par' dir='ltr' id='par_1_61' title="bbox 614 4911 2186 4983">
     <span class='ocr_line' id='line_1_62' title="bbox 614 4911 2186 4983; baseline 0.001 -16"><span class='ocrx_word' id='word_1_395' title='bbox 614 4915 808 4968; x_wconf 88' lang='lat' dir='ltr'><strong>horum</strong></span> <span class='ocrx_word' id='word_1_396' title='bbox 854 4911 1010 4966; x_wconf 76' lang='lat' dir='ltr'><strong>facile</strong></span> <span class='ocrx_word' id='word_1_397' title='bbox 1059 4912 1460 4979; x_wconf 87' lang='lat' dir='ltr'><strong>perpessionem</strong></span> <span class='ocrx_word' id='word_1_398' title='bbox 1494 4911 1783 4978; x_wconf 81' lang='lat' dir='ltr'><strong>fugiamus.</strong></span> <span class='ocrx_word' id='word_1_399' title='bbox 1826 4912 2011 4983; x_wconf 89' lang='lat' dir='ltr'><strong>Neque</strong></span> <span class='ocrx_word' id='word_1_400' title='bbox 2062 4930 2186 4968; x_wconf 86' lang='lat' dir='ltr'><strong>vero</strong></span> 
     </span>
    </p>
   </div>
   <div class='ocr_carea' id='block_1_62' title="bbox 2290 4897 3866 4983">
    <p class='ocr_par' dir='ltr' id='par_1_62' title="bbox 2293 4909 3866 4982">
     <span class='ocr_line' id='line_1_63' title="bbox 2293 4909 3866 4982; baseline -0.001 -18"><span class='ocrx_word' id='word_1_401' title='bbox 2293 4912 2523 4981; x_wconf 79' lang='grc' dir='ltr'>κρίσεως</span> <span class='ocrx_word' id='word_1_402' title='bbox 2570 4913 2699 4982; x_wconf 78' lang='grc' dir='ltr'>ἡμῖν</span> <span class='ocrx_word' id='word_1_403' title='bbox 2746 4909 2989 4975; x_wconf 78' lang='grc' dir='ltr'>ἐπέδειξε</span> <span class='ocrx_word' id='word_1_404' title='bbox 3026 4910 3130 4981; x_wconf 69' lang='grc' dir='ltr'>πρὸ</span> <span class='ocrx_word' id='word_1_405' title='bbox 3173 4910 3365 4980; x_wconf 78' lang='grc' dir='ltr'>καιροῦ</span> <span class='ocrx_word' id='word_1_406' title='bbox 3404 4910 3474 4961; x_wconf 72' lang='grc' dir='ltr'>τὰ</span> <span class='ocrx_word' id='word_1_407' title='bbox 3509 4910 3866 4979; x_wconf 81' lang='grc' dir='ltr'>κολαστήρια,</span> 
     </span>
    </p>
   </div>
   <div class='ocr_carea' id='block_1_63' title="bbox 615 5000 2187 5071">
    <p class='ocr_par' dir='ltr' id='par_1_63' title="bbox 615 5000 2187 5071">
     <span class='ocr_line' id='line_1_64' title="bbox 615 5000 2187 5071; baseline 0 -14"><span class='ocrx_word' id='word_1_408' title='bbox 615 5002 793 5057; x_wconf 85' lang='lat' dir='ltr'><strong>secius</strong></span> <span class='ocrx_word' id='word_1_409' title='bbox 823 5016 983 5070; x_wconf 85' lang='lat' dir='ltr'><strong>quam</strong></span> <span class='ocrx_word' id='word_1_410' title='bbox 1014 5009 1139 5056; x_wconf 86' lang='lat' dir='ltr'><strong>ante</strong></span> <span class='ocrx_word' id='word_1_411' title='bbox 1174 5001 1314 5056; x_wconf 85' lang='lat' dir='ltr'><strong>dicta</strong></span> <span class='ocrx_word' id='word_1_412' title='bbox 1344 5000 1592 5071; x_wconf 71' lang='lat' dir='ltr'><strong>praedixit</strong></span> <span class='ocrx_word' id='word_1_413' title='bbox 1620 5000 1869 5056; x_wconf 88' lang='lat' dir='ltr'><strong>Christus</strong></span> <span class='ocrx_word' id='word_1_414' title='bbox 1906 5004 1949 5033; x_wconf 69' lang='grc' dir='ltr'>δ’</span> <span class='ocrx_word' id='word_1_415' title='bbox 1977 5004 2187 5057; x_wconf 87' lang='lat' dir='ltr'><strong>l&#39;nturos</strong></span> 
     </span>
    </p>
   </div>
   <div class='ocr_carea' id='block_1_64' title="bbox 687 5176 2172 5245">
    <p class='ocr_par' dir='ltr' id='par_1_64' title="bbox 687 5176 2172 5245">
     <span class='ocr_line' id='line_1_65' title="bbox 687 5176 2172 5245; baseline 0.001 -14"><span class='ocrx_word' id='word_1_416' title='bbox 687 5178 731 5210; x_wconf 82' lang='grc'><strong>³⁹</strong></span> <span class='ocrx_word' id='word_1_417' title='bbox 766 5178 783 5231; x_wconf 96' lang='lat' dir='ltr'><strong>l</strong></span> <span class='ocrx_word' id='word_1_418' title='bbox 813 5176 960 5233; x_wconf 85' lang='lat' dir='ltr'><strong>Petr.</strong></span> <span class='ocrx_word' id='word_1_419' title='bbox 994 5195 1064 5245; x_wconf 76' lang='lat' dir='ltr'><strong>tv,</strong></span> <span class='ocrx_word' id='word_1_420' title='bbox 1094 5179 1140 5232; x_wconf 81' lang='grc' dir='ltr'>ι.</span> <span class='ocrx_word' id='word_1_421' title='bbox 1223 5177 1266 5209; x_wconf 76' lang='grc'><strong>⁸⁸</strong></span> <span class='ocrx_word' id='word_1_422' title='bbox 1298 5177 1453 5233; x_wconf 81' lang='lat' dir='ltr'><strong>Rom.</strong></span> <span class='ocrx_word' id='word_1_423' title='bbox 1486 5194 1562 5243; x_wconf 80' lang='grc' dir='ltr'>ιι,</span> <span class='ocrx_word' id='word_1_424' title='bbox 1597 5179 1648 5232; x_wconf 88' lang='grc'><strong>5.</strong></span> <span class='ocrx_word' id='word_1_425' title='bbox 1685 5180 1725 5211; x_wconf 76' lang='grc'><strong>⁸¹</strong></span> <span class='ocrx_word' id='word_1_426' title='bbox 1764 5180 1898 5234; x_wconf 73' lang='lat' dir='ltr'><strong>Dan.</strong></span> <span class='ocrx_word' id='word_1_427' title='bbox 1935 5196 2053 5244; x_wconf 79' lang='lat' dir='ltr'><strong>xm,</strong></span> <span class='ocrx_word' id='word_1_428' title='bbox 2082 5181 2172 5233; x_wconf 67' lang='lat'><strong>42.</strong></span> 
     </span>
    </p>
   </div>
   <div class='ocr_carea' id='block_1_65' title="bbox 690 5331 2185 5407">
    <p class='ocr_par' dir='ltr' id='par_1_65' title="bbox 690 5331 2185 5407">
     <span class='ocr_line' id='line_1_66' title="bbox 690 5331 2185 5407; baseline -0.001 -18"><span class='ocrx_word' id='word_1_429' title='bbox 690 5334 917 5407; x_wconf 61' lang='lat' dir='ltr'><strong>(l)_ltgit</strong></span> <span class='ocrx_word' id='word_1_430' title='bbox 946 5336 1011 5407; x_wconf 86' lang='lat' dir='ltr'><strong>de</strong></span> <span class='ocrx_word' id='word_1_431' title='bbox 1040 5333 1264 5401; x_wconf 83' lang='lat' dir='ltr'><strong>Deipara</strong></span> <span class='ocrx_word' id='word_1_432' title='bbox 1288 5331 1517 5407; x_wconf 83' lang='lat' dir='ltr'><strong>Cyrillus</strong></span> <span class='ocrx_word' id='word_1_433' title='bbox 1539 5337 1697 5407; x_wconf 79' lang='lat' dir='ltr'><strong>etiam</strong></span> <span class='ocrx_word' id='word_1_434' title='bbox 1732 5350 1981 5389; x_wconf 90' lang='lat' dir='ltr'><strong>sermone</strong></span> <span class='ocrx_word' id='word_1_435' title='bbox 2008 5336 2029 5388; x_wconf 85' lang='lat' dir='ltr'><strong>l</strong></span> <span class='ocrx_word' id='word_1_436' title='bbox 2059 5351 2185 5390; x_wconf 85' lang='lat' dir='ltr'><strong>con-</strong></span> 
     </span>
    </p>
   </div>
   <div class='ocr_carea' id='block_1_66' title="bbox 621 5404 2183 5473">
    <p class='ocr_par' dir='ltr' id='par_1_66' title="bbox 621 5404 2183 5473">
     <span class='ocr_line' id='line_1_67' title="bbox 621 5404 2183 5473; baseline -0.001 -13"><span class='ocrx_word' id='word_1_437' title='bbox 621 5404 707 5460; x_wconf 80' lang='lat' dir='ltr'><strong>tra</strong></span> <span class='ocrx_word' id='word_1_438' title='bbox 748 5404 1094 5466; x_wconf 61' lang='lat' dir='ltr'><strong>&#39;Nestoriutn,</strong></span> <span class='ocrx_word' id='word_1_439' title='bbox 1134 5419 1340 5457; x_wconf 86' lang='lat' dir='ltr'><strong>necnon</strong></span> <span class='ocrx_word' id='word_1_440' title='bbox 1386 5405 1437 5456; x_wconf 89' lang='lat' dir='ltr'><strong>in</strong></span> <span class='ocrx_word' id='word_1_441' title='bbox 1485 5406 1709 5470; x_wconf 83' lang='lat' dir='ltr'><strong>cpistola</strong></span> <span class='ocrx_word' id='word_1_442' title='bbox 1779 5407 2076 5473; x_wconf 82' lang='lat' dir='ltr'><strong>dogmatica</strong></span> <span class='ocrx_word' id='word_1_443' title='bbox 2118 5407 2183 5459; x_wconf 86' lang='lat' dir='ltr'><strong>ad</strong></span> 
     </span>
    </p>
   </div>
   <div class='ocr_carea' id='block_1_67' title="bbox 622 5474 2183 5545">
    <p class='ocr_par' dir='ltr' id='par_1_67' title="bbox 622 5474 2183 5545">
     <span class='ocr_line' id='line_1_68' title="bbox 622 5474 2183 5545; baseline -0.002 -13"><span class='ocrx_word' id='word_1_444' title='bbox 622 5475 909 5545; x_wconf 62' lang='lat' dir='ltr'><strong>Egyptios</strong></span> <span class='ocrx_word' id='word_1_445' title='bbox 936 5474 1246 5545; x_wconf 85' lang='lat' dir='ltr'><strong>monachos,</strong></span> <span class='ocrx_word' id='word_1_446' title='bbox 1282 5488 1400 5539; x_wconf 64' lang='lat' dir='ltr'><strong>quae</strong></span> <span class='ocrx_word' id='word_1_447' title='bbox 1429 5484 1509 5545; x_wconf 86' lang='lat' dir='ltr'><strong>est</strong></span> <span class='ocrx_word' id='word_1_448' title='bbox 1543 5474 1592 5527; x_wconf 91' lang='lat' dir='ltr'><strong>in</strong></span> <span class='ocrx_word' id='word_1_449' title='bbox 1628 5475 1816 5528; x_wconf 87' lang='lat' dir='ltr'><strong>Ordine</strong></span> <span class='ocrx_word' id='word_1_450' title='bbox 1840 5477 2183 5543; x_wconf 78' lang='lat' dir='ltr'><strong>epistularum</strong></span> 
     </span>
    </p>
   </div>
   <div class='ocr_carea' id='block_1_68' title="bbox 622 5542 2188 5615">
    <p class='ocr_par' dir='ltr' id='par_1_68' title="bbox 622 5542 2188 5615">
     <span class='ocr_line' id='line_1_69' title="bbox 622 5542 2188 5615; baseline 0.001 -18"><span class='ocrx_word' id='word_1_451' title='bbox 622 5542 813 5615; x_wconf 75' lang='lat' dir='ltr'><strong>prima.</strong></span> <span class='ocrx_word' id='word_1_452' title='bbox 863 5542 1141 5615; x_wconf 71' lang='lat' dir='ltr'><strong>Magniﬁce</strong></span> <span class='ocrx_word' id='word_1_453' title='bbox 1194 5560 1321 5597; x_wconf 87' lang='lat' dir='ltr'><strong>vero</strong></span> <span class='ocrx_word' id='word_1_454' title='bbox 1376 5544 1626 5604; x_wconf 86' lang='lat' dir='ltr'><strong>celebrat,</strong></span> <span class='ocrx_word' id='word_1_455' title='bbox 1661 5555 1715 5597; x_wconf 89' lang='lat' dir='ltr'><strong>et</strong></span> <span class='ocrx_word' id='word_1_456' title='bbox 1773 5542 1929 5598; x_wconf 84' lang='lat' dir='ltr'><strong>tertio</strong></span> <span class='ocrx_word' id='word_1_457' title='bbox 1974 5561 2188 5615; x_wconf 87' lang='lat' dir='ltr'><strong>quoque</strong></span> 
     </span>
    </p>
   </div>
   <div class='ocr_carea' id='block_1_69' title="bbox 623 5613 2181 5683">
    <p class='ocr_par' dir='ltr' id='par_1_69' title="bbox 623 5613 2181 5683">
     <span class='ocr_line' id='line_1_70' title="bbox 623 5613 2181 5683; baseline 0 -18"><span class='ocrx_word' id='word_1_458' title='bbox 623 5613 788 5667; x_wconf 81' lang='lat' dir='ltr'><strong>verbo</strong></span> <span class='ocrx_word' id='word_1_459' title='bbox 819 5613 1052 5681; x_wconf 86' lang='lat' dir='ltr'><strong>appellat</strong></span> <span class='ocrx_word' id='word_1_460' title='bbox 1081 5613 1385 5679; x_wconf 78' lang='lat' dir='ltr'><strong>Deipnram,</strong></span> <span class='ocrx_word' id='word_1_461' title='bbox 1420 5614 1470 5667; x_wconf 90' lang='lat' dir='ltr'><strong>in</strong></span> <span class='ocrx_word' id='word_1_462' title='bbox 1502 5615 1745 5668; x_wconf 89' lang='lat' dir='ltr'><strong>oratione</strong></span> <span class='ocrx_word' id='word_1_463' title='bbox 1777 5616 1953 5668; x_wconf 89' lang='lat' dir='ltr'><strong>habita</strong></span> <span class='ocrx_word' id='word_1_464' title='bbox 1991 5613 2181 5683; x_wconf 84' lang='lat' dir='ltr'><strong>Ephesi</strong></span> 
     </span>
    </p>
   </div>
   <div class='ocr_carea' id='block_1_70' title="bbox 624 5684 2185 5752">
    <p class='ocr_par' dir='ltr' id='par_1_70' title="bbox 624 5684 2185 5752">
     <span class='ocr_line' id='line_1_71' title="bbox 624 5684 2185 5752; baseline 0.003 -20"><span class='ocrx_word' id='word_1_465' title='bbox 624 5698 805 5752; x_wconf 78' lang='lat' dir='ltr'><strong>c_oram</strong></span> <span class='ocrx_word' id='word_1_466' title='bbox 855 5685 1077 5752; x_wconf 87' lang='lat' dir='ltr'><strong>synodo.</strong></span> <span class='ocrx_word' id='word_1_467' title='bbox 1111 5685 1259 5737; x_wconf 83' lang='lat' dir='ltr'><strong>Adde</strong></span> <span class='ocrx_word' id='word_1_468' title='bbox 1291 5685 1462 5735; x_wconf 89' lang='lat' dir='ltr'><strong>locum</strong></span> <span class='ocrx_word' id='word_1_469' title='bbox 1518 5684 1777 5737; x_wconf 84' lang='lat' dir='ltr'><strong>orationis</strong></span> <span class='ocrx_word' id='word_1_470' title='bbox 1811 5685 1833 5736; x_wconf 81' lang='lat' dir='ltr'><strong>l</strong></span> <span class='ocrx_word' id='word_1_471' title='bbox 1872 5684 1944 5737; x_wconf 89' lang='lat' dir='ltr'><strong>De</strong></span> <span class='ocrx_word' id='word_1_472' title='bbox 1969 5686 2072 5752; x_wconf 79' lang='lat' dir='ltr'><strong>ﬁde</strong></span> <span class='ocrx_word' id='word_1_473' title='bbox 2119 5688 2185 5738; x_wconf 84' lang='lat' dir='ltr'><strong>ad</strong></span> 
     </span>
    </p>
   </div>
   <div class='ocr_carea' id='block_1_71' title="bbox 629 5750 2189 5826">
    <p class='ocr_par' dir='ltr' id='par_1_71' title="bbox 629 5750 2189 5826">
     <span class='ocr_line' id='line_1_72' title="bbox 629 5750 2189 5826; baseline 0.002 -19"><span class='ocrx_word' id='word_1_474' title='bbox 629 5750 965 5824; x_wconf 47' lang='lat' dir='ltr'><strong>Reginag&#39;p.</strong></span> <span class='ocrx_word' id='word_1_475' title='bbox 1005 5753 1069 5809; x_wconf 71' lang='grc'><strong>47</strong></span> <span class='ocrx_word' id='word_1_476' title='bbox 1104 5769 1223 5825; x_wconf 88' lang='lat' dir='ltr'><strong>sqq.</strong></span> <span class='ocrx_word' id='word_1_477' title='bbox 1267 5754 1431 5810; x_wconf 85' lang='lat' dir='ltr'><strong>l‘orro</strong></span> <span class='ocrx_word' id='word_1_478' title='bbox 1479 5762 1534 5809; x_wconf 92' lang='lat' dir='ltr'><strong>ut</strong></span> <span class='ocrx_word' id='word_1_479' title='bbox 1578 5753 1859 5810; x_wconf 73' lang='lat' dir='ltr'><strong>orthodoxi</strong></span> <span class='ocrx_word' id='word_1_480' title='bbox 1911 5750 2189 5826; x_wconf 81' lang='lat' dir='ltr'><strong>sanctique</strong></span> 
     </span>
    </p>
   </div>
   <div class='ocr_carea' id='block_1_72' title="bbox 2294 5000 3868 5073">
    <p class='ocr_par' dir='ltr' id='par_1_72' title="bbox 2294 5000 3868 5073">
     <span class='ocr_line' id='line_1_73' title="bbox 2294 5000 3868 5073; baseline -0.004 -17"><span class='ocrx_word' id='word_1_481' title='bbox 2294 5005 2368 5067; x_wconf 81' lang='grc' dir='ltr'><strong>ὡς</strong></span> <span class='ocrx_word' id='word_1_482' title='bbox 2406 5003 2470 5057; x_wconf 83' lang='grc' dir='ltr'>ἂν</span> <span class='ocrx_word' id='word_1_483' title='bbox 2517 5003 2593 5073; x_wconf 82' lang='grc' dir='ltr'><strong>τῷ</strong></span> <span class='ocrx_word' id='word_1_484' title='bbox 2625 5003 2772 5073; x_wconf 68' lang='grc' dir='ltr'>φόϐῳ</span> <span class='ocrx_word' id='word_1_485' title='bbox 2804 5002 2911 5054; x_wconf 82' lang='grc' dir='ltr'><strong>τῶν</strong></span> <span class='ocrx_word' id='word_1_486' title='bbox 2960 5002 3148 5055; x_wconf 84' lang='grc' dir='ltr'>δεινῶν</span> <span class='ocrx_word' id='word_1_487' title='bbox 3194 5002 3593 5063; x_wconf 80' lang='grc' dir='ltr'>παιδευθέντες,</span> <span class='ocrx_word' id='word_1_488' title='bbox 3643 5000 3743 5069; x_wconf 82' lang='grc' dir='ltr'>τὴν</span> <span class='ocrx_word' id='word_1_489' title='bbox 3802 5001 3868 5050; x_wconf 70' lang='grc' dir='ltr'>ἐκ</span> 
     </span>
    </p>
   </div>
   <div class='ocr_carea' id='block_1_73' title="bbox 2254 5179 2831 5245">
    <p class='ocr_par' dir='ltr' id='par_1_73' title="bbox 2254 5179 2831 5245">
     <span class='ocr_line' id='line_1_74' title="bbox 2254 5179 2831 5245; baseline 0.002 -13"><span class='ocrx_word' id='word_1_490' title='bbox 2254 5182 2294 5210; x_wconf 69' lang='grc'><strong>²¹</strong></span> <span class='ocrx_word' id='word_1_491' title='bbox 2328 5179 2516 5235; x_wconf 77' lang='lat' dir='ltr'><strong>Matth.</strong></span> <span class='ocrx_word' id='word_1_492' title='bbox 2554 5195 2703 5245; x_wconf 73' lang='lat' dir='ltr'><strong>xxrv,</strong></span> <span class='ocrx_word' id='word_1_493' title='bbox 2742 5179 2831 5233; x_wconf 57' lang='grc' dir='ltr'><strong>ΞΑ.</strong></span> 
     </span>
    </p>
   </div>
   <div class='ocr_carea' id='block_1_74' title="bbox 2292 5334 3866 5392">
    <p class='ocr_par' dir='ltr' id='par_1_74' title="bbox 2292 5334 3866 5392">
     <span class='ocr_line' id='line_1_75' title="bbox 2292 5334 3866 5392; baseline 0.002 -3"><span class='ocrx_word' id='word_1_494' title='bbox 2292 5337 2537 5389; x_wconf 88' lang='lat' dir='ltr'><strong>homines</strong></span> <span class='ocrx_word' id='word_1_495' title='bbox 2587 5335 2951 5390; x_wconf 87' lang='lat' dir='ltr'><strong>beatissimam</strong></span> <span class='ocrx_word' id='word_1_496' title='bbox 2987 5334 3211 5390; x_wconf 80' lang='lat' dir='ltr'><strong>Mariam</strong></span> <span class='ocrx_word' id='word_1_497' title='bbox 3244 5336 3391 5390; x_wconf 89' lang='lat' dir='ltr'><strong>omni</strong></span> <span class='ocrx_word' id='word_1_498' title='bbox 3424 5335 3579 5389; x_wconf 87' lang='lat' dir='ltr'><strong>laude</strong></span> <span class='ocrx_word' id='word_1_499' title='bbox 3619 5339 3866 5392; x_wconf 85' lang='lat' dir='ltr'><strong>cumula-</strong></span> 
     </span>
    </p>
   </div>
   <div class='ocr_carea' id='block_1_75' title="bbox 2293 5406 3862 5475">
    <p class='ocr_par' dir='ltr' id='par_1_75' title="bbox 2293 5406 3862 5475">
     <span class='ocr_line' id='line_1_76' title="bbox 2293 5406 3862 5475; baseline 0.001 -16"><span class='ocrx_word' id='word_1_500' title='bbox 2293 5417 2437 5470; x_wconf 90' lang='lat' dir='ltr'><strong>runt,</strong></span> <span class='ocrx_word' id='word_1_501' title='bbox 2474 5408 2542 5459; x_wconf 87' lang='lat' dir='ltr'><strong>ita</strong></span> <span class='ocrx_word' id='word_1_502' title='bbox 2575 5408 3032 5475; x_wconf 81' lang='lat' dir='ltr'><strong>perversiquiqne</strong></span> <span class='ocrx_word' id='word_1_503' title='bbox 3060 5406 3294 5461; x_wconf 58' lang='lat' dir='ltr'><strong>hatretici</strong></span> <span class='ocrx_word' id='word_1_504' title='bbox 3320 5421 3439 5460; x_wconf 85' lang='lat' dir='ltr'><strong>eam</strong></span> <span class='ocrx_word' id='word_1_505' title='bbox 3468 5407 3862 5475; x_wconf 81' lang='lat' dir='ltr'><strong>vituperarunt,</strong></span> 
     </span>
    </p>
   </div>
   <div class='ocr_carea' id='block_1_76' title="bbox 2294 5474 3864 5545">
    <p class='ocr_par' dir='ltr' id='par_1_76' title="bbox 2294 5474 3864 5545">
     <span class='ocr_line' id='line_1_77' title="bbox 2294 5474 3864 5545; baseline 0.002 -16"><span class='ocrx_word' id='word_1_506' title='bbox 2294 5490 2486 5543; x_wconf 90' lang='lat' dir='ltr'><strong>nempe</strong></span> <span class='ocrx_word' id='word_1_507' title='bbox 2537 5474 2731 5545; x_wconf 85' lang='lat' dir='ltr'><strong>praeter</strong></span> <span class='ocrx_word' id='word_1_508' title='bbox 2778 5474 3105 5539; x_wconf 84' lang='lat' dir='ltr'><strong>Nestorium,</strong></span> <span class='ocrx_word' id='word_1_509' title='bbox 3157 5475 3433 5529; x_wconf 71' lang='lat' dir='ltr'><strong>Manichmi</strong></span> <span class='ocrx_word' id='word_1_510' title='bbox 3478 5487 3531 5529; x_wconf 92' lang='lat' dir='ltr'><strong>et</strong></span> <span class='ocrx_word' id='word_1_511' title='bbox 3587 5474 3864 5531; x_wconf 84' lang='lat' dir='ltr'><strong>lconocla-</strong></span> 
     </span>
    </p>
   </div>
   <div class='ocr_carea' id='block_1_77' title="bbox 2294 5546 3858 5609">
    <p class='ocr_par' dir='ltr' id='par_1_77' title="bbox 2294 5546 3858 5609">
     <span class='ocr_line' id='line_1_78' title="bbox 2294 5546 3858 5609; baseline 0.001 -11"><span class='ocrx_word' id='word_1_512' title='bbox 2294 5554 2409 5609; x_wconf 77' lang='lat' dir='ltr'><strong>she,</strong></span> <span class='ocrx_word' id='word_1_513' title='bbox 2450 5556 2505 5598; x_wconf 91' lang='lat' dir='ltr'><strong>ut</strong></span> <span class='ocrx_word' id='word_1_514' title='bbox 2533 5548 2681 5599; x_wconf 85' lang='lat' dir='ltr'><strong>novis</strong></span> <span class='ocrx_word' id='word_1_515' title='bbox 2703 5560 2800 5606; x_wconf 89' lang='lat' dir='ltr'><strong>nos</strong></span> <span class='ocrx_word' id='word_1_516' title='bbox 2834 5547 3173 5600; x_wconf 88' lang='lat' dir='ltr'><strong>documentis</strong></span> <span class='ocrx_word' id='word_1_517' title='bbox 3196 5546 3617 5601; x_wconf 86' lang='lat' dir='ltr'><strong>demonstraturi</strong></span> <span class='ocrx_word' id='word_1_518' title='bbox 3649 5560 3858 5600; x_wconf 87' lang='lat' dir='ltr'><strong>sumus.</strong></span> 
     </span>
    </p>
   </div>
   <div class='ocr_carea' id='block_1_78' title="bbox 2295 5614 3860 5685">
    <p class='ocr_par' dir='ltr' id='par_1_78' title="bbox 2295 5614 3860 5685">
     <span class='ocr_line' id='line_1_79' title="bbox 2295 5614 3860 5685; baseline 0.001 -16"><span class='ocrx_word' id='word_1_519' title='bbox 2295 5614 2428 5669; x_wconf 74' lang='lat' dir='ltr'><strong>Nam</strong></span> <span class='ocrx_word' id='word_1_520' title='bbox 2489 5616 2615 5685; x_wconf 87' lang='lat' dir='ltr'><strong>quid</strong></span> <span class='ocrx_word' id='word_1_521' title='bbox 2674 5617 3001 5669; x_wconf 87' lang='lat' dir='ltr'><strong>recentiores</strong></span> <span class='ocrx_word' id='word_1_522' title='bbox 3055 5618 3216 5670; x_wconf 87' lang='lat' dir='ltr'><strong>etiam</strong></span> <span class='ocrx_word' id='word_1_523' title='bbox 3272 5614 3489 5670; x_wconf 89' lang='lat' dir='ltr'><strong>Lutheri</strong></span> <span class='ocrx_word' id='word_1_524' title='bbox 3543 5627 3597 5669; x_wconf 88' lang='lat' dir='ltr'><strong>et</strong></span> <span class='ocrx_word' id='word_1_525' title='bbox 3652 5614 3860 5670; x_wconf 79' lang='lat' dir='ltr'><strong>Calvini</strong></span> 
     </span>
    </p>
   </div>
   <div class='ocr_carea' id='block_1_79' title="bbox 2296 5685 3863 5753">
    <p class='ocr_par' dir='ltr' id='par_1_79' title="bbox 2296 5685 3863 5753">
     <span class='ocr_line' id='line_1_80' title="bbox 2296 5685 3863 5753; baseline 0 -12"><span class='ocrx_word' id='word_1_526' title='bbox 2296 5696 2455 5741; x_wconf 63' lang='lat' dir='ltr'><strong>sectae</strong></span> <span class='ocrx_word' id='word_1_527' title='bbox 2505 5686 2762 5741; x_wconf 84' lang='lat' dir='ltr'><strong>adversus</strong></span> <span class='ocrx_word' id='word_1_528' title='bbox 2794 5685 2853 5740; x_wconf 89' lang='grc' dir='ltr'><strong>Β.</strong></span> <span class='ocrx_word' id='word_1_529' title='bbox 2886 5685 3065 5740; x_wconf 76' lang='lat' dir='ltr'><strong>Mariae</strong></span> <span class='ocrx_word' id='word_1_530' title='bbox 3110 5688 3367 5743; x_wconf 89' lang='lat' dir='ltr'><strong>honorem</strong></span> <span class='ocrx_word' id='word_1_531' title='bbox 3413 5686 3519 5742; x_wconf 90' lang='lat' dir='ltr'><strong>sint</strong></span> <span class='ocrx_word' id='word_1_532' title='bbox 3566 5700 3729 5753; x_wconf 80' lang='lat' dir='ltr'><strong>ausae,</strong></span> <span class='ocrx_word' id='word_1_533' title='bbox 3783 5687 3863 5741; x_wconf 80' lang='lat' dir='ltr'><strong>di-</strong></span> 
     </span>
    </p>
   </div>
   <div class='ocr_carea' id='block_1_80' title="bbox 2296 5756 3139 5826">
    <p class='ocr_par' dir='ltr' id='par_1_80' title="bbox 2296 5756 3139 5826">
     <span class='ocr_line' id='line_1_81' title="bbox 2296 5756 3139 5826; baseline -0.001 -15"><span class='ocrx_word' id='word_1_534' title='bbox 2296 5772 2418 5813; x_wconf 88' lang='lat' dir='ltr'><strong>cere</strong></span> <span class='ocrx_word' id='word_1_535' title='bbox 2458 5756 2837 5826; x_wconf 83' lang='lat' dir='ltr'><strong>prOpemodum</strong></span> <span class='ocrx_word' id='word_1_536' title='bbox 2863 5756 3012 5813; x_wconf 83' lang='lat' dir='ltr'><strong>nefas</strong></span> <span class='ocrx_word' id='word_1_537' title='bbox 3040 5768 3139 5813; x_wconf 87' lang='lat' dir='ltr'><strong>est.</strong></span> 
     </span>
    </p>
   </div>
  </div>
