4078 6348
184 409 279 462 257

187 524 382 576 τούτων
438 523 673 585 εὐκόλως
729 525 997 594 τιμωρίαν
1058 526 1417 597 ἑκφύγωμεν·

183 609 339 683 ἦττον
370 614 465 666 καὶ
516 613 673 667 τοῦτο
714 616 850 683 πρὸς
897 618 1009 678 τοῖς
1062 616 1240 678 ἄλλοις
1291 618 1639 687 προείρηκεν,
1686 618 1760 679 ώς

185 706 396 758 ἐσονται
442 704 821 777 ψευδόχριστοι
866 708 960 761 καὶ
1007 708 1518 777 ψευδοδιδάσκαλοι,
1570 709 1763 772 οἵτινες

186 798 608 869 παρεισάξουσιν
655 798 899 866 αἱρέσεις
939 801 1234 863 ἀπωλείας,
1276 801 1437 855 αὐτὸν
1473 802 1565 854 τὸν
1605 802 1763 869 μόνον

186 890 462 959 Δεσπότην
491 890 586 943 καὶ
619 889 825 958 Κύριον
853 891 1012 959 ἡμῶν
1061 890 1267 960 Ἰησοῦν
1294 893 1529 963 Χριστὸν
1568 892 1761 963 ἀρνού-

187 996 378 1049 μενοι*
442 980 536 1032 καὶ
592 981 776 1033 πολλοὶ
833 979 1358 1050 ἐξακολουθήσουσιν
1417 983 1594 1035 αὐτῶν
1646 985 1762 1043 ταῖς

184 1072 513 1140 ἀσελγείαις,
566 1072 634 1125 δι’
685 1072 780 1134 οὓς
828 1073 1022 1143 ἡδόξα
1074 1075 1172 1143 τῆς
1229 1074 1486 1144 ἀληθείας
1529 1075 1767 1144 βλασφη-

187 1162 546 1232 μισθὴσεται·
605 1165 690 1216 ἵνα
742 1165 949 1217 τούτων
995 1166 1450 1235 παραγενομένων
1502 1165 1764 1234 μηδαμῶς

183 1254 553 1324 άπατώμεθα,
626 1257 738 1316 τοῖς
802 1254 1068 1325 ὀλεθρίοις
1124 1255 1301 1307 αὐτῶν
1371 1257 1765 1317 ὑποπίπτοντες

180 1343 458 1414 ᾥγμασιν.

253 1432 320 1502 β’.
379 1432 745 1503 Πεπλήρωται
796 1433 851 1485 δέ
909 1432 1011 1501 τῆς
1070 1434 1423 1505 προρρήσεως
1466 1433 1527 1485 τὸ
1571 1432 1763 1504 ἔργονο

185 1522 377 1576 πολλαὶ
412 1524 521 1594 γὰρ
572 1524 715 1576 κατὰ
760 1523 951 1595 καιρὸν
1004 1524 1376 1593 ἐπανέστησαν
1412 1523 1649 1594 αἱρέσεις
1697 1525 1763 1592 τῇ

184 1614 271 1670 τοῦ
324 1615 461 1669 Θεοῦ
525 1616 845 1687 Ἐκκλησία,
888 1618 987 1686 τὴν
1039 1616 1205 1687 ὀρθὴν
1247 1616 1548 1688 παραλύειν
1602 1616 1764 1668 πολυ-

181 1706 397 1774 τρόπως
439 1705 757 1776 βιαζόμεναι
794 1707 996 1773 πίστιν,
1035 1702 1110 1761 ὧν
1151 1710 1184 1778 ἡ
1231 1709 1331 1777 μὲν
1361 1709 1453 1760 τὸν
1488 1706 1583 1760 τοῦ
1628 1706 1763 1759 Θεοῦ

182 1800 349 1866 Λόγον
383 1799 529 1862 ξένον
564 1800 914 1851 παντάπασιν
944 1800 1041 1868 τῆς
1077 1801 1333 1871 πατρῴας
1368 1800 1554 1862 οὐσίας
1586 1799 1762 1864 λέγειν

181 1887 588 1959 τετόλμηκεν,ἠ
620 1888 677 1940 δὲ
710 1888 801 1941 τοῦ
833 1888 1148 1956 Πνεῦματος
1166 1890 1261 1959 τὴν
1290 1889 1444 1955 ἀξίαν
1472 1888 1758 1957 ἠγνόηκεν,
1797 1871 1836 1923 Β

179 1981 214 2049 ιδ
253 1979 310 2033 δὲ
352 1979 453 2049 τῆς
489 1975 783 2048 ἐπιδημίας
822 1978 916 2030 τοῦ
960 1978 1135 2046 Λόγου
1184 1980 1460 2049 ἠρνήσατο
1499 1978 1595 2047 τὴν
1630 1977 1762 2043 ἀλή-

180 2070 362 2124 θειαν*
427 2070 630 2140 ἐσχάτη
691 2069 747 2122 δὲ
812 2068 1001 2123 πασῶν
1041 2070 1297 2140 καθάπερ
1353 2068 1584 2138 τρυγίας
1616 2065 1756 2139 [cod.

180 2162 222 2212 Α
257 2161 520 2231 τρυγίος,
565 2159 606 2211 Β
644 2158 883 2230 τρυγία]
933 2160 1040 2212 τῶν
1085 2161 1308 2223 κακῶν,
1350 2162 1382 2229 ἡ
1426 2159 1521 2211 νῦν
1557 2158 1761 2211 ἀναπέ-

182 2269 379 2319 φανται
450 2252 811 2321 βλασφημία,
895 2251 969 2321 μὴ
1042 2252 1368 2321 γεγενῆσθαι
1431 2251 1523 2304 τὸν
1590 2251 1762 2318 Λόγον

178 2341 503 2413 ἄνθρωπον,
552 2341 667 2394 ἀλλ’
734 2342 791 2393 ἐν
861 2339 1135 2411 ἀνθρώπῳ
1189 2341 1503 2409 γεννηθέντι
1550 2344 1613 2395 ἐκ
1662 2358 1759 2408 γυ-

181 2433 367 2495 ναικὸς
425 2435 759 2502 ἐνῳκηκέναι
826 2431 1091 2498 λέγουσα·
1162 2432 1237 2495 ὡς
1293 2431 1477 2484 λοιπὸν
1541 2434 1619 2493 είς
1672 2432 1763 2484 δύο

178 2522 267 2573 τὸν
333 2522 432 2574 ἕνα
501 2522 733 2591 Χριστὸν
795 2522 884 2575 διὰ
940 2522 1099 2575 τοῦτο
1166 2522 1504 2591 μερίζεσθαι,
1570 2525 1649 2584 είς
1703 2541 1761 2576 τε

179 2612 329 2675 Θεὸν,
375 2611 540 2681 φημὶ,
580 2612 674 2664 καὶ
701 2611 986 2682 ἄνθρωπον
1012 2629 1025 2641 ·
1064 2612 1179 2663 ἐστι
1215 2613 1272 2663 δέ
1310 2611 1466 2664 τοῦτο
1499 2612 1599 2679 τῆς
1630 2615 1765 2666 ἀπο-

180 2702 433 2770 στολικῆς
462 2700 815 2763 διδασκαλίας
845 2701 1151 2771 ἀλλότριον,
1187 2701 1511 2772 δαιμονικῆς
1544 2702 1597 2755 δὲ
1628 2704 1764 2772 μᾶλ-

178 2794 264 2847 λον
299 2795 547 2855 ἐπινοίας
574 2794 900 2864 ἐφεύρεσις·
948 2792 1234 2862 ἄνθρωπον
1276 2794 1374 2862 μὲν
1402 2795 1510 2863 γὰρ
1553 2794 1642 2847 τὸν
1670 2794 1762 2848 τοῦ

176 2883 311 2937 Θεοῦ
344 2885 517 2951 Λόγον
562 2886 656 2937 ἐπὶ
699 2885 980 2955 συντελείᾳ
1020 2884 1128 2937 τῶν
1178 2886 1390 2939 αἰώνων
1422 2886 1709 2955 γενόμενον
1736 2891 1764 2940 6

178 2975 320 3037 θεῖος
365 2978 496 3044 ἡμῖν
541 2977 955 3042 εὐαγγελίζεται
995 2976 1169 3044 λόγος,
1221 2977 1321 3030 οὐκ
1368 2980 1446 3039 είς
1478 2977 1762 3047 ἀνθρώπου

182 3065 562 3129 μεταὸαλόντα
602 3064 783 3132 φύσιν,
819 3065 953 3118 ἀλλὰ
991 3066 1193 3135 ταύτην
1238 3068 1316 3127 είς
1369 3066 1561 3119 ἐαυτὸν
1594 3084 1763 3135 προσ-

1281 406 1469 473 QUOD
1515 408 1575 463 Β.
1620 404 1833 461 MARIA
1878 404 1983 458 SIT
2028 403 2343 461 DEIPARA.

1504 526 1655 579 οὐδὲν
1710 527 1764 578 6‘s
1799 532 1839 584 Α
1871 529 2308 594 pseudochristos
2364 534 2416 579 et
2476 523 2987 594 pseudomagistros,
3047 521 3136 589 qui
3202 522 3432 574 haereses

3328 405 3430 458 258

1866 621 2121 673 exitiosas
2163 620 2435 685 invehent,
2475 618 2645 688 ipsum
2682 616 2897 670 unicum
2939 628 3114 682 regem
3148 628 3208 667 ac
3250 613 3430 665 Domi-

1865 729 1989 766 num
2024 721 2261 767 nostrum
2291 711 2471 765 Jesnm
2504 711 2776 765 Christum
2810 718 3093 777 negantes;
3130 708 3431 775 multosque

1865 804 1979 858 fore
2001 803 2188 856 horum
2214 802 2588 870 improbitates
2609 810 2992 861 assectatnros,
3017 813 3240 865 quorum
3270 810 3432 850 causa

1865 897 2109 949 veritatis
2154 896 2317 965 gloria
2360 896 2660 948 convicium
2712 893 2965 962 patietur.
3011 890 3288 955 Prmdjxit,
3346 888 3432 941 in-

1864 989 2054 1055 quam.
2106 1001 2173 1037 ne
2206 1001 2325 1037 cum
2358 984 2409 1038 hi
2444 984 2870 1051 snpervenerint,
2906 982 3090 1035 fraude
3131 984 3434 1033 circumve-

1866 1078 2099 1140 niamur,
2134 1077 2357 1142 perditis
2397 1076 2636 1144 ipsorum
2685 1074 3024 1143 dogmatibus
3061 1081 3272 1125 nosmet
3303 1071 3433 1125 sub-

1867 1177 2161 1220 mittentes.

1936 1432 1989 1484 ‘2.
2036 1428 2359 1483 Vaticinium
2402 1435 2578 1481 autem
2622 1427 2674 1481 in
2712 1441 2822 1481 rem
2857 1425 3105 1480 collatum
3129 1434 3231 1479 est.
3263 1423 3437 1478 Multae

1866 1525 2009 1577 enim
2039 1537 2132 1588 per
2169 1530 2407 1587 tempora
2438 1525 2636 1572 exortae
2666 1526 2788 1571 sunt
2835 1519 3063 1570 haereses
3105 1514 3158 1569 in
3199 1514 3434 1569 Ecclesia

1867 1613 1983 1677 Dei,
2030 1623 2231 1667 rectam
2273 1612 2563 1665 dissolvere
2607 1610 2763 1663 fidem
2806 1609 3153 1662 multifariam
3189 1616 3432 1666 conatur:

1867 1719 2092 1772 quarum
2124 1702 2225 1755 alia
2270 1702 2362 1755 Dei
2419 1699 2647 1754 Verbum
2689 1701 2920 1753 alienum
2961 1714 3182 1768 prorsus
3214 1708 3435 1767 paterna

1870 1794 2168 1848 substantia
2199 1793 2375 1846 dicere
2406 1806 2533 1843 ausa
2562 1800 2671 1855 est;
2714 1790 2813 1842 alia
2848 1789 3080 1855 Spiritus
3120 1786 3433 1853 dignitatem

1867 1900 1968 1938 non
1994 1885 2237 1953 agnovit;
2270 1882 2369 1937 alia
2398 1880 2558 1934 Verbi
2589 1880 2849 1933 adventus
2871 1879 3152 1932 veritatem
3181 1876 3434 1945 negavit:

1865 1986 2153 2045 postrema,
2187 1975 2427 2027 omnium
2458 1971 2621 2023 veluti
2654 1972 2913 2024 malorum
2952 1970 3187 2031 sentina,
3223 1968 3436 2020 hodier-

1865 2081 1931 2117 na
1962 2064 2210 2132 apparuit
2243 2063 2596 2132 blasphemia,
2633 2077 2752 2131 qua:
2785 2062 2858 2115 ait
2907 2060 3144 2115 Verbum
3184 2073 3286 2110 non
3317 2070 3436 2111 esse

1863 2157 2130 2211 hominem
2164 2156 2382 2217 factum,
2430 2156 2522 2210 sed
2554 2160 2605 2209 in
2644 2156 2863 2208 homine
2890 2168 2955 2205 ex
3001 2151 3222 2205 muliere
3255 2149 3435 2217 genito

1864 2247 2191 2301 habitavisse
2247 2264 2260 2299 :
2318 2248 2460 2300 unde
2509 2244 2859 2312 consequitur
2910 2243 2965 2294 in
3023 2241 3157 2293 duos
3216 2239 3434 2291 unicum

1863 2338 2134 2393 Christum
2171 2339 2373 2392 ideirco
2407 2339 2592 2401 dividi,
2627 2338 2679 2389 in
2712 2336 2878 2389 Deum
2917 2335 3034 2387 dico
3068 2342 3229 2399 atque
3263 2329 3437 2383 homi-

1865 2445 2009 2483 nem.
2045 2428 2137 2482 Est
2170 2439 2343 2482 autem
2376 2430 2475 2482 hoc
2499 2428 2565 2480 ab
2589 2426 2879 2494 apostolica
2906 2423 3148 2477 doctrina
3176 2422 3431 2482 alienum,

1865 2527 1919 2573 et
1949 2518 2197 2571 diabolici
2225 2518 2401 2586 potius
2431 2518 2629 2584 ingenii
2661 2518 2955 2569 inventum.
2999 2511 3239 2579 Namque
3260 2509 3436 2563 homio

1865 2625 1988 2664 nem
2025 2610 2224 2663 factum
2255 2624 2373 2663 esse
2401 2605 2749 2661 DeiVerhnm
2783 2608 2833 2659 in
2860 2606 2965 2659 (ine
2988 2603 3327 2664 saeculorum,
3360 2600 3439 2653 di-

1864 2704 2021 2756 vinus
2053 2702 2205 2755 nobis
2239 2716 2417 2754 sermo
2457 2702 2666 2753 nuntiat
2696 2700 2764 2765 “,
2798 2714 2904 2752 non
2939 2711 3067 2752 sane
3104 2695 3248 2765 quod
3294 2708 3353 2747 se
3385 2693 3439 2745 in

1866 2794 2099 2848 hominis
2133 2804 2379 2846 naturam
2414 2793 2725 2856 mutaverit,
2758 2793 2849 2845 sed
2876 2792 3001 2859 quia
3048 2790 3186 2842 hanc
3219 2786 3319 2841 sibi
3351 2800 3440 2837 as-

1866 2884 2156 2948 sumpserit
2184 2899 2197 2935 :
2227 2892 2308 2936 est
2336 2884 2479 2937 enim
2528 2881 2762 2935 Verbum
2803 2879 3108 2933 invertibile
3148 2884 3308 2945 atque
3337 2876 3408 2929 im
3428 2903 3442 2913 -

1866 2972 2143 3026 mutabile.
2169 2972 2320 3038 Quod
2355 2974 2420 3037 si,
2459 2981 2516 3025 ut
2542 2974 2627 3026 isti
2667 2974 2837 3034 aiunt,
2874 2970 3079 3024 homini
3116 2985 3182 3023 ex
3221 2967 3445 3023 muliere

1866 3074 2020 3133 parto
2052 3066 2190 3117 Deus
2212 3063 2546 3129 supervenit,
2583 3062 2721 3115 idem
2757 3063 2859 3115 hoc
2887 3064 3097 3114 cunctis
3138 3073 3289 3127 reque
3323 3072 3446 3127 pro-

178 3153 480 3226 λαϐόμενον
502 3172 515 3185 ⁸
546 3154 815 3226 ἄτρεπτος
838 3154 947 3225 γὰρ
975 3155 1211 3224 ὑπάρχει
1251 3155 1345 3207 καλ⁸
1373 3154 1728 3218 ἀναλλοίωτος
1746 3172 1759 3184 θ

1869 3157 2045 3224 phetis
2083 3155 2282 3208 accidit
2324 3172 2336 3207 :
2373 3166 2701 3221 prorsusque
2734 3160 3028 3222 oporteret,
3073 3153 3117 3205 si
3155 3164 3239 3203 res
3270 3149 3344 3201 ita
3388 3163 3447 3201 se

178 3247 226 3299 εί
254 3247 336 3311 δέ,
368 3246 621 3317 καθάπερ
665 3245 862 3299 ἐκεῖνοί
898 3262 1082 3313 φασιν,
1130 3247 1209 3307 είς
1242 3244 1532 3315 ἄνθρωπον
1568 3247 1630 3299 ἐκ
1668 3262 1764 3313 γυ-

178 3339 366 3403 ναικὸς
400 3338 661 3409 τεχθέντα
699 3339 731 3408 ή
778 3336 898 3389 θεία
933 3335 1157 3404 γέγονεν
1193 3336 1559 3404 ἐπιφοίτησις,
1607 3335 1767 3387 τοῦτο

178 3430 269 3481 καὶ
290 3430 352 3482 ἐν
378 3432 492 3491 τοῖς
527 3428 835 3496 προφήταις
863 3428 1027 3479 πᾶσιν
1055 3426 1263 3493 ἐγίνετο
1286 3442 1301 3457 ⁸
1326 3427 1431 3478 ἔδει
1456 3427 1763 3497 τοιγαροῦν,

178 3519 333 3586 ειπερ
378 3516 555 3579 οὕτως
599 3516 838 3583 ἐγένετο,
889 3517 1309 3586 μεμερισμένως
1348 3517 1577 3569 ἑκάστου
1619 3520 1765 3586 παρὰ

177 3611 247 3679 τῇ
285 3608 410 3677 θείᾳ
445 3607 636 3677 Γραφῇ
664 3607 762 3668 τὰς
800 3606 1091 3677 ὁμολογίας
1123 3606 1475 3675 εὑρίσκεσθαι
1498 3623 1510 3635 '
1546 3608 1639 3659 καὶ
1672 3608 1765 3660 τὸν

1871 3246 2118 3307 haberet,
2149 3259 2391 3299 seorsum
2425 3245 2847 3312 uniuscujusque
2874 3245 2925 3296 in
2954 3240 3132 3296 divina
3167 3238 3446 3308 Scriptura

1872 3336 2241 3390 confessiones
2270 3335 2556 3403 comperiri
2582 3352 2594 3397 ;
2638 3345 2693 3389 et
2722 3335 2952 3388 alterum
2981 3333 3201 3402 quidem
3244 3330 3445 3400 sigilla-

1874 3428 1969 3480 tim
2016 3440 2111 3494 per
2141 3425 2381 3493 seipsum
2416 3438 2513 3477 ceu
2554 3422 2647 3476 Dei
2690 3422 2924 3477 Verbum
2966 3418 3275 3485 decantari;
3316 3418 3423 3470 alte

1873 3532 1991 3570 rum
2014 3530 2143 3568 vero
2167 3530 2262 3567 ceu
2286 3514 2588 3575 hominem,
2612 3521 2666 3566 et
2698 3528 2764 3567 ex
2795 3521 2981 3565 nostro
3011 3524 3235 3564 numero
3258 3525 3446 3571 unum,

1875 3609 2050 3662 verbis
2083 3620 2201 3674 quae
2227 3606 2498 3657 hominem
2530 3606 2744 3668 decent,
2776 3604 3097 3673 glorificare.

182 3702 279 3772 μὲν
334 3702 443 3772 ἰδίᾳ
476 3702 598 3755 καθ’
645 3701 833 3754 ἐαυτὸν
887 3702 963 3765 ὡς
1009 3700 1141 3755 Θεοῦ
1176 3703 1352 3770 Λόγον
1399 3703 1773 3773 άνυμνεῖσοαι,
1814 3706 1904 3759 τὸν
1948 3705 2004 3758 δέ
2068 3703 2142 3765 ὡς
2200 3700 2482 3771 ἄνθρωπον
2525 3702 2619 3753 καὶ
2666 3700 2763 3754 ἕνα
2808 3701 2916 3754 τῶν
2969 3700 3090 3755 καθ’
3140 3702 3287 3771 ἡμᾶς
3338 3703 3447 3762 τοῖς

177 3794 453 3865 ἀνθρώπῳ
488 3792 759 3863 πρέπουσι
796 3791 1114 3855 δοξάζεσθαι
1141 3792 1338 3859 λόγοις.

246 3892 317 3955 γ’.
377 3885 517 3939 Ἀλλ’
578 3886 677 3955 οὐχ
702 3884 871 3947 οὕτως
893 3887 924 3953 ὴ
935 3886 1025 3953 μίν
1048 3886 1096 3937 οί
1123 3885 1408 3937 ἀπόστολοι
1433 3888 1529 3957 τὴν
1557 3888 1771 3941 εὐθεῖαν

178 3976 506 4046 εὐαγγελίαν
558 3976 855 4046 ἐκήρυξαν,
892 3975 1006 4028 ἀλλ’
1046 3974 1141 4028 ἕνα
1182 3976 1419 4046 Χριστὸν
1448 3978 1581 4031 Θεὸν
1631 3980 1767 4049 ὁμοῦ

178 4070 272 4122 καὶ
306 4068 597 4138 ἄνθρωπον
636 4068 728 4119 τὸν
761 4067 923 4119 αὑτὸν
956 4066 1374 4136 παραδεδώκασι
1402 4085 1413 4095 ·
1471 4071 1563 4123 καὶ
1607 4070 1765 4124 τοῦτο

179 4158 370 4226 σαφῶς
415 4161 444 4209 6
476 4157 575 4227 μὲν
610 4156 854 4223 θεολόγος
888 4156 1139 4227 Ἰωάννης
1168 4160 1224 4210 ἐν
1253 4158 1600 4225 Εὐαγγελέοις
1627 4161 1767 4215 δεδά-

178 4261 295 4301 σκει
323 4248 504 4315 λέγων
525 4262 537 4275 ·
575 4265 592 4297 ι
626 4247 713 4299 Ἔν
758 4248 902 4317 ἀρχῇ
934 4242 1000 4317 ἦν
1028 4250 1054 4298 6
1080 4248 1274 4314 Λόγος,
1307 4251 1400 4301 καλ¹
1434 4252 1461 4301 6
1501 4252 1671 4318 Λόγος
1696 4248 1763 4321 ἦν

178 4340 313 4410 πρὸς
351 4339 449 4392 τὸν
497 4337 629 4391 Θεὸν
652 4380 667 4404 ,
716 4339 810 4391 καὶ
847 4337 979 4401 Θεὸς
1027 4334 1095 4408 ἦν
1126 4342 1153 4391 6
1190 4339 1396 4406 Λόγος’
1432 4360 1449 4392 ι
1500 4336 1599 4393 εἷθ’
1638 4342 1763 4412 ἑξῆς

177 4431 403 4497 ἐπάγων
425 4446 439 4461 ο
483 4449 499 4478 ι
522 4430 630 4482 Καὶ
654 4432 682 4482 6
702 4429 876 4496 Λόγος
898 4429 1035 4501 σὰρξ
1065 4431 1301 4497 ἐγένετο,
1343 4434 1434 4484 καὶ
1457 4433 1763 4504 ἐσκήνωσεν

175 4519 231 4570 ἐν
256 4520 413 4590 ἡμῖν.
449 4539 466 4568 ι
501 4520 558 4571 Ὀ
584 4519 639 4571 δὲ
672 4519 963 4590 ίεροκήρυξ
985 4519 1193 4583 Παῦλος
1225 4520 1497 4589 Ἑϐραίοις
1526 4525 1770 4578 ἐπιστέλ-

176 4608 254 4662 λει
302 4610 521 4677 λέγων’
597 4628 615 4660 ι
651 4610 803 4661 Ἐπεὶ
847 4605 941 4662 οὖν
993 4612 1061 4662 τὰ
1122 4612 1308 4664 παιδία
1371 4614 1761 4685 κεκοινώνηκεν

174 4699 413 4771 αἳματος
443 4702 534 4754 καὶ
571 4700 772 4770 σαρκὸς
801 4742 816 4766 ,
866 4701 961 4753 καὶ
990 4702 1151 4765 αὐτὸς
1184 4704 1583 4774 παραπλησίως
1630 4724 1761 4774 μετ-

176 4794 301 4865 έσχε
360 4792 475 4844 τῶν
538 4790 785 4844 αὐτῶν.)
855 4791 1097 4854 Ἀκούεις
1147 4794 1294 4855 ὅπως
1347 4795 1374 4845 6
1434 4795 1529 4862 μὲν
1583 4797 1761 4866 σάρκα

176 4881 511 4952 γεγενῆσθαι
542 4881 633 4933 τὸν
666 4882 857 4949 Λόγον,
891 4882 920 4933 6
958 4883 1013 4934 δὲ
1048 4883 1208 4936 πάλιν
1236 4884 1394 4937 αὐτὸν
1434 4885 1542 4937 τῶν
1581 4886 1760 4938 αὐτῶν

179 4972 525 5041 μετασχόντα
554 4970 773 5039 εἴρηκεν
802 4987 815 5035 ;
849 4972 911 5023 Εί
940 4971 996 5023 δὲ
1027 4971 1316 5043 ἄνθρωπος
1352 4974 1450 5043 μὲν
1480 4977 1543 5028 ἐκ
1575 4992 1760 5036 γυναι-

176 5064 267 5125 κὸς
308 5065 338 5115 6
375 5060 587 5131 Ἰησοῦς
619 5061 835 5131 ἐτέχθη,
871 5061 1009 5131 μετὰ
1056 5062 1111 5114 δὲ
1160 5062 1332 5117 ταῦτα
1380 5067 1413 5134 ή
1448 5064 1540 5118 τοῦ
1582 5067 1756 5133 Λόγου

173 5153 399 5219 γέγονεν
430 5148 569 5218 πρὸς
593 5149 756 5201 αὑτὸν
794 5150 1156 5219 ἐπιφοίτησις,
1196 5150 1302 5203 ἔδει
1329 5152 1576 5224 καθάπερ
1610 5153 1759 5223 εἴρη-

172 5259 284 5307 ται,
323 5241 423 5293 δύο
466 5239 561 5291 καὶ
609 5240 786 5308 πάντη
833 5240 1252 5309 μεμερισμένως
1294 5244 1429 5313 πρὸς
1482 5244 1626 5297 ἅπαν
1660 5244 1758 5307 τὰς

172 5332 473 5403 ὁμολογίας
530 5329 919 5398 εὑρίσκεσθαι·
979 5332 1094 5383 νυνὶ
1151 5333 1207 5385 δὲ
1251 5337 1352 5402 τῆς
1399 5334 1755 5389 θεοπνεύστου

172 5425 402 5497 Γῳφῆς
447 5422 865 5493 κοινολογούσης
916 5423 987 5476 τά
1030 5441 1091 5477 τε
1136 5426 1201 5494 τῇ
1250 5423 1464 5494 θεότητι
1515 5426 1757 5492 φυσικῶς

170 5517 511 5587 ἁρμόζοντα,
552 5513 647 5566 καὶ
680 5512 749 5565 τὰ
776 5516 861 5583 ⁸τῇ
910 5513 1197 5583 ἀνθρώπου
1245 5514 1524 5585 πρέποντα
1571 5516 1751 5584 φύσει,

172 5608 389 5679 καθαρὰ
416 5607 521 5675 τῆς
549 5603 795 5667 ἐνώσεως
828 5606 860 5673 ἡ
904 5605 1187 5675 οἰκονομία
1218 5606 1552 5676 εὑρίσκεται.
1583 5608 1751 5661 Ὅταν

1949 3882 2001 3936 3.
2044 3879 2206 3948 Atqui
2248 3894 2351 3932 non
2399 3878 2469 3931 ita
2507 3877 2660 3930 nobis
2700 3888 2899 3931 reetam
2951 3879 3311 3946 praedicavere
3356 3885 3441 3938 do.

1873 3976 2105 4030 ctrinam
2156 3970 2406 4039 apostoli,
2453 3970 2548 4023 sed
2593 3983 2759 4020 unum
2788 3969 3145 4037 eumdemque
3175 3972 3447 4029 Christum

1870 4063 2038 4118 Deum
2081 4060 2241 4115 simul
2286 4070 2341 4113 et
2390 4057 2663 4111 hominem
2701 4071 2821 4111 esse
2859 4058 3198 4112 tradiderunt
3243 4061 3447 4134 :idquc

1871 4167 2054 4225 aperte
2074 4152 2352 4220 theologus
2372 4148 2608 4202 Joannes
2632 4150 2683 4200 in
2705 4148 3005 4218 Evangeliis
3029 4150 3203 4215 docet,
3222 4153 3407 4208 dicens
3432 4172 3447 4208 :

1876 4266 1893 4298 ι
1926 4245 1981 4299 1η
2010 4244 2275 4315 principio
2313 4239 2502 4312 [Mc
2530 4250 2649 4293 erat
2682 4236 2938 4303 Verbum,
2971 4249 3026 4294 et
3068 4239 3299 4296 Verbum
3332 4256 3446 4297 erat

1871 4338 2010 4405 apud
2063 4334 2253 4401 Deum,
2306 4345 2359 4388 ct
2400 4334 2540 4387 Deus
2594 4340 2711 4385 erat
2770 4329 3002 4384 Verbum
3048 4332 3114 4387 “.
3158 4352 3176 4384 ι
3251 4335 3447 4391 Deinde

1870 4430 2072 4482 addens
2128 4444 2191 4480 ει
2223 4426 2289 4479 Et
2317 4423 2550 4479 Verbum
2600 4436 2728 4476 caro
2784 4421 2982 4474 factum
3031 4431 3134 4485 est,
3187 4432 3240 4478 et
3290 4425 3447 4479 hahi.

1803 4521 1845 4573 ῐ)
1878 4522 2007 4573 tavit
2062 4519 2113 4571 in
2161 4518 2385 4571 nobis.)
2432 4514 2598 4568 Sacer
2652 4526 2865 4581 quoque
2916 4528 3092 4579 praeco
3139 4512 3339 4570 Paulus
3392 4519 3446 4572 in

1870 4610 2106 4680 Epistola
2132 4612 2197 4661 ad
2224 4607 2479 4661 Hebraeos
2503 4604 2689 4657 scribit
2716 4621 2726 4655 :
2760 4621 2775 4652 ι
2801 4601 2934 4667 Quia
2957 4618 3085 4674 ergo
3114 4607 3263 4672 pueri
3295 4609 3445 4662 carni

1869 4711 1923 4756 et
1956 4698 2200 4766 sanguini
2229 4695 2789 4755 connnunicarerunt,
2836 4700 2890 4745 et
2926 4694 3039 4760 ipse
3079 4695 3328 4749 similiter
3355 4712 3447 4750 ea-

1869 4793 1988 4845 dem
2033 4788 2376 4859 participavit
2404 4785 2469 4836 ⁸⁶.
2514 4803 2533 4835 ι
2574 4782 2769 4836 Audin’
2798 4783 3066 4850 quomodo
3110 4784 3196 4838 ille
3229 4787 3445 4853 quidem

1868 4883 2103 4937 Verbum
2141 4895 2360 4936 carnem
2388 4892 2508 4932 esse
2546 4876 2771 4939 factum,
2808 4876 2897 4928 hic
2936 4886 3115 4929 autem
3152 4878 3327 4931 denuo
3369 4880 3446 4932 ait

1870 4977 2043 5042 ipsum
2082 4974 2193 5027 haec
2228 4972 2415 5026 eadem
2453 4967 2898 5039 participavisse?
2927 4966 3077 5032 Quod
3106 4970 3148 5021 si
3188 4970 3345 5023 homo
3378 4986 3443 5025 ex

1870 5066 2091 5120 muliere
2135 5064 2293 5118 Jesus
2345 5063 2523 5117 editus
2573 5070 2677 5125 est,
2733 5059 2927 5114 deinde
2985 5074 3113 5113 vero
3168 5058 3327 5114 Verbi
3389 5063 3442 5115 in

1874 5159 2047 5227 ipsum
2098 5157 2361 5211 adventus
2406 5155 2650 5224 contigit,
2713 5163 3028 5222 oporteret,
3081 5164 3136 5205 ut
3187 5155 3438 5219 diximus,

1867 5249 1997 5302 duas
2023 5248 2242 5303 omnino
2281 5248 2532 5314 omnique
2561 5247 2612 5299 in
2648 5261 2705 5300 re
2740 5246 3029 5313 separatim
3072 5244 3441 5302 confessiones

1868 5340 2150 5409 comperiri
2194 5358 2207 5394 :
2261 5354 2401 5393 nunc
2440 5346 2664 5399 contra,
2707 5350 2829 5390 cum
2879 5336 3136 5389 divinitus
3183 5336 3441 5405 inapirata

1869 5427 2147 5497 Scriptura
2179 5426 2541 5482 communiter
2576 5424 2891 5493 pronuntiet
2938 5430 3049 5477 tum
3093 5439 3210 5493 quae
3252 5426 3437 5479 deitati

1865 5520 2185 5574 naturaliter
2229 5519 2578 5582 conveniunt,
2640 5527 2750 5570 tum
2804 5517 2966 5570 etiam
3020 5531 3138 5584 qua:
3200 5517 3436 5572 hominis

1864 5618 2167 5680 congruunt
2199 5619 2426 5676 naturae,
2456 5609 2736 5680 perspicua
2763 5607 3183 5677 deprehenditur
3212 5608 3436 5663 unitatis

245 5787 289 5817 δ’
319 5784 492 5839 Hebr.
522 5799 597 5848 ιι,
628 5782 717 5836 26.
796 5782 841 5815 ⁸⁸
873 5782 1021 5837 Joan.
1060 5800 1096 5847 ι,
1136 5782 1189 5835 ί.
1218 5783 1261 5813 ⁸⁸
1291 5783 1419 5839 ibid.
1456 5783 1541 5838 Η.
1621 5784 1666 5816 ⁸⁸
1698 5782 1763 5839 ile

1898 5801 1959 5853 ιι,
2000 5787 2082 5843 Μ,
