4078 6348
599 404 704 459 259

1598 393 1653 446 S.
1695 387 1967 446 CYRlLLl
2011 381 2484 442 ALEXANDRINI
2524 380 2852 438 ARCHIEP.

3759 375 3872 431 9.60

599 514 758 571 ratio.
793 512 923 566 Cum
957 523 1084 578 ergo
1119 507 1272 561 audis
1307 504 1622 576 Apostdlum
1656 505 1920 558 dicentem
1962 518 1974 554 :
2021 520 2036 552 ι
2071 499 2173 554 Ex-

2300 499 2462 552 :olvuv
2485 499 2728 569 ἀκούσῃς
2750 499 2844 552 τοῦ
2873 496 3196 551 Ἀποστόλου
3222 495 3492 564 λέγοντος·
3524 512 3541 544 ι
3565 493 3872 562 ιιροσδεχόυ

601 615 909 678 spectantes
939 603 1150 657 beatam
1181 615 1352 670 spem,
1380 611 1435 655 et
1465 597 1961 653 manifestationem
1998 593 2182 665 gloria:

599 701 780 772 magni
810 698 902 752 Dei
928 714 990 752 ac
1020 696 1327 752 Servaturis
1358 694 1528 748 nostri
1560 690 1686 746 Jesu
1714 689 1920 747 Christi
1947 689 2046 753 ",i
2078 703 2181 741 non

594 803 654 849 te
683 793 842 861 pudet
883 805 1142 856 separare
1173 803 1203 841 a
1236 789 1412 842 Verho
1443 785 1629 840 .lesum
1655 783 1678 835 ?
1705 783 1822 836 Non
1856 785 1998 836 enim
2027 780 2180 843 dixit,

601 886 776 954 magni
809 884 900 937 Dei
941 863 993 936 in
1019 881 1141 936 Jesu
1168 881 1412 942 Christo,
1440 878 1531 933 sed
1561 878 1806 931 eumdem
1838 884 1894 929 et
1933 874 2098 926 Deum
2131 883 2185 927 et

600 978 780 1034 Jesum
833 975 1147 1045 prmdicavit
1201 991 1214 1026 :
1263 974 1488 1039 ideoque
1539 970 1753 1023 unicam
1798 981 2010 1037 quoque
2053 965 2188 1018 dixit

602 1069 1125 1122 rnanilestationem.

671 1162 725 1215 4.
769 1160 1044 1214 Interdum
1099 1173 1228 1212 vero
1275 1157 1339 1210 iis
1387 1155 1552 1210 etiam
1602 1168 1721 1223 quae
1761 1159 1887 1204 sunt
1938 1152 2186 1203 humana:

604 1261 812 1302 naturae
851 1247 1092 1317 propria,
1130 1245 1219 1298 Dei
1267 1243 1683 1314 appellationem
1731 1239 1978 1294 attribuit
2006 1241 2185 1292 divina

605 1341 908 1407 Scriptura.
954 1336 1090 1388 Nam
1129 1350 1252 1387 cum
1300 1333 1613 1387 Scrvatoris
1651 1331 1831 1398 passio
1863 1332 1929 1383 de
1973 1328 2188 1382 deitatis

604 1441 795 1485 natura
843 1427 1066 1497 intelligi
1100 1441 1325 1496 prorsus
1378 1432 1634 1494 nequeat,
1669 1431 1829 1490 atque
1869 1420 1922 1473 in
1964 1434 2190 1488 corpore

605 1519 977 1575 tantummodo
992 1519 1279 1587 passiones
1301 1523 1534 1584 peractae
1556 1512 1790 1576 fuerint;
1816 1520 2050 1564 attamen
2064 1509 2188 1576 quia

604 1628 728 1666 eum
764 1627 827 1666 eo
850 1621 935 1665 est
967 1607 1313 1678 insepara‘bili
1355 1606 1684 1660 adunatioue
1711 1603 1911 1666 deitas,
1955 1620 1974 1652 ι
2002 1601 2058 1654 Si
2093 1614 2187 1654 co-

603 1702 976 1773 gnovissent,»
1012 1699 1188 1767 inquit
1213 1696 1523 1765 Apostolus,
1562 1709 1871 1764 «nunquam
1904 1692 2186 1747 Dominum

604 1793 788 1862 gloriae
823 1790 1223 1844 cruciﬁxissent
1255 1787 1321 1840 ⁸⁸.
1365 1806 1382 1838 ι
1425 1784 1612 1841 Viden’
1655 1784 1948 1854 quomodo,
1988 1783 2190 1835 aduna-

2289 609 2440 664 μενοι
2462 594 2561 664 τὴν
2598 592 2875 664 μακαρίαν
2903 590 3120 652 ἐλπίδα,
3152 590 3246 642 καὶ
3276 588 3376 660 τὴν
3407 588 3727 656 ἐπιφάνειαν
3765 586 3872 656 τῆς

2285 685 2444 756 δόξης
2479 685 2574 738 τοῦ
2629 686 2867 755 μεγάλου
2907 681 3042 736 Θεοῦ
3071 682 3164 736 καὶ
3198 679 3450 751 Σωτῆρος
3491 677 3648 748 ἡμῶν
3688 672 3869 747 Ἰησοῦ

2286 780 2528 851 Χριστοῦ
2552 796 2566 809 ·
2610 776 2741 851 »ἆρ’
2766 780 2866 833 οὑκ
2898 777 3156 848 ἐρυθριᾷς
3177 774 3402 845 διαιρῶν
3439 771 3531 824 τοῦ
3563 771 3737 840 Λόγου
3775 769 3871 822 τὸν

2299 872 2543 941 Ἰησοῦνς
2589 872 2660 925 Οὑ
2706 870 2814 942 γὰρ
2844 866 3019 934 εἶπεν,
3059 867 3151 921 τοῦ
3205 865 3440 936 μεγάλου
3496 861 3630 916 Θεοῦ
3670 859 3764 914 τοῦ
3809 860 3871 911 ἐν

2296 962 2474 1035 Ἰησοῦ
2517 963 2760 1033 Χριστῷ,
2806 961 2942 1015 ἀλλὰ
2972 961 3074 1012 Τὸν
3114 958 3277 1011 αὐτὸν
3328 955 3459 1008 Θεὸν
3505 954 3599 1007 καὶ
3656 949 3871 1021 Ἰησοῦν

2285 1055 2552 1126 ἐκήρυξεν
2571 1073 2582 1086 ·
2613 1053 2693 1106 διὸ
2720 1057 2814 1106 καὶ
2851 1052 2977 1123 μίαν
3003 1050 3101 1121 τὴν
3131 1048 3452 1117 ἐπιφάνειαν
3480 1045 3721 1116 εἴρηκεν.

2363 1148 2428 1201 δ’.
2459 1148 2616 1200 Ἔστι
2643 1146 2698 1199 δὲ
2735 1146 2823 1199 ὅτε
2847 1143 3034 1198 καὶτὰ
3057 1143 3155 1212 τῆς
3187 1139 3606 1211 ἀνθρωπότητος
3626 1135 3764 1198 τδια,
3802 1135 3873 1203 τῇ

2287 1240 2379 1293 τοῦ
2407 1240 2541 1293 Θεοῦ
2583 1237 2926 1310 προσηγορίᾳ
2968 1239 3000 1306 ὴ
3042 1235 3160 1289 θεία
3191 1233 3450 1305 κηρύττει
3496 1231 3725 1300 Γραφή·
3773 1227 3874 1280 τοῦ

2289 1330 2398 1400 γὰρ
2426 1330 2694 1400 σωτηρίου
2726 1327 2931 1390 πάθους
2952 1329 3018 1396 τῇ
3041 1327 3136 1394 τῆς
3161 1324 3410 1393 θεότητος
3434 1319 3592 1390 φύσει
3617 1316 3877 1387 οὐδαμῶς

2290 1421 2530 1474 νοεῖσθαι
2577 1421 2900 1490 δυναμένου,
2950 1420 3028 1480 είς
3062 1417 3116 1469 δὲ
3151 1416 3210 1469 τὸ
3246 1415 3406 1484 σῶμα
3437 1409 3715 1472 παντελῶς
3765 1407 3878 1460 τῶν

2291 1512 2632 1582 παθημάτων
2649 1509 3052 1580 γεγενημένων,
3081 1507 3170 1560 διὰ
3193 1506 3253 1560 τὸ
3293 1504 3530 1558 συνεῖναι
3555 1500 3881 1570 ἀχωρίστως

2293 1604 2414 1658 καθ’
2434 1591 2633 1656 ἕνωσιν
2650 1602 2799 1670 αὑτῷ
2826 1603 2924 1671 τὴν
2947 1600 3195 1663 θεότητα,
3228 1617 3251 1649 ν(
3275 1597 3336 1650 Ei
3363 1596 3604 1665 ἔγνωσαν
3622 1631 3636 1655 ,
3651 1612 3670 1645 ι
3707 1590 3882 1659 φησὶν

2291 1698 2320 1749 6
2359 1694 2701 1758 Ἀπόστολος,
2739 1713 2757 1742 ‹
2779 1693 2878 1745 οὑκ
2917 1689 2983 1744 ἂν
3016 1691 3106 1742 τὸν
3138 1687 3341 1759 Κύριον
3367 1687 3464 1754 τῆς
3491 1681 3650 1752 δόξης
3675 1676 3883 1732 ἐσταύ-

2299 1804 2498 1857 ρωσαν.
2528 1806 2546 1836 ι
2587 1786 2749 1855 Ὁρᾷς
2773 1785 2918 1846 ὅπως
2954 1779 3269 1846 κοινολογεῑ,
3299 1779 3397 1846 τῆς
3427 1771 3670 1832 ὲνώσεως
3692 1769 3882 1837 χάριν,

605 1887 769 1939 tionis
798 1898 982 1948 causa,
1004 1896 1357 1936 communem
1385 1879 1515 1934 facit
1547 1884 1613 1933 de
1646 1877 1864 1932 Christo
1891 1872 2189 1930 confessio-

2300 1856 2392 1947 τὴν
2447 1878 2524 1940 εἰς
2568 1877 2658 1928 τὸν
2714 1875 2950 1941 Χριστὸν
3009 1869 3299 1941 ὁμολογίαν
3347 1869 3447 1936 τῆς
3511 1856 3885 1948 ἀποστολικῆς

605 1991 729 2031 nem
759 1973 1066 2042 apostolicae
1111 1973 1373 2028 doctrina:
1400 1969 1616 2024 sermo?
1644 1967 1759 2022 Non
1791 1968 1935 2022 enim
1965 1963 2195 2032 simplex

605 2066 770 2120 homo
793 2062 1087 2134 aliquando
1114 2061 1215 2116 fuit
1247 2060 1429 2124 Jesus,
1461 2070 1588 2112 ante
1615 2057 1710 2112 Dei
1739 2072 1861 2111 cum
1896 2057 2012 2124 ipso
2043 2068 2198 2107 com-

605 2158 916 2211 munionem
958 2167 1013 2210 et
1059 2154 1485 2218 adunationem;
1531 2151 1628 2207 sed
1681 2150 1825 2204 idem
1857 2147 2115 2210 Verbum,
2143 2147 2195 2199 in

607 2249 778 2320 ipsam
836 2251 1050 2302 beatam
1099 2244 1383 2316 Virginem
1441 2245 1703 2306 veniens,
1759 2240 2036 2310 proprium
2093 2236 2196 2290 sibi

609 2341 866 2412 templum
899 2356 966 2395 ex
1000 2338 1242 2408 Virginis
1270 2338 1572 2393 substantia
1599 2335 1855 2403 sumpsit,
1889 2329 2196 2401 prodiitque

606 2449 671 2488 ex
693 2447 755 2486 ea
781 2434 940 2486 homo
964 2431 1182 2498 quidem
1205 2438 1474 2497 quatenus
1497 2427 1845 2489 cernebatur,
1871 2422 2199 2478 intrinsecus

608 2535 787 2580 autem
835 2537 997 2577 verus
1030 2522 1300 2576 exsistens
1340 2520 1485 2574 Deus
1529 2537 1542 2572 :
1593 2499 1822 2586 ideoque
1867 2516 2028 2570 etiam
2078 2523 2200 2584 post

608 2627 845 2686 partum,
875 2615 1140 2685 virginem
1169 2612 1514 2668 conservavit
1536 2620 1816 2680 parentem
1845 2622 2024 2674 suam,
2055 2608 2200 2678 qu'od

607 2712 675 2766 de
708 2712 815 2765 alio
849 2710 1071 2764 nemine
1119 2718 1432 2762 sanctorum
1471 2703 1739 2759 usuvenit.
1773 2701 1906 2754 Nam
1941 2704 2066 2770 quia
2111 2701 2199 2754 isti

610 2813 800 2856 natura
835 2801 1081 2854 homines
1115 2809 1291 2863 erant,
1340 2799 1629 2849 humanam
1679 2807 1972 2862 paremque
2011 2805 2200 2844 omnes

610 2896 946 2950 nativitatem
999 2891 1174 2946 sortiti
1223 2899 1370 2944 sunt.
1431 2887 1527 2940 llle
1575 2895 1779 2945 autem,
1830 2883 1958 2952 quia
2009 2893 2200 2935 natura

609 2988 753 3042 Deus
779 2995 918 3050 erat,
952 2991 1227 3051 assumpta
1254 2981 1418 3034 etiam
1443 2977 1710 3032 extremis
1746 2973 2081 3042 temporibus
2103 2973 2200 3024 hu-

611 3079 895 3140 manitate,
942 3089 1134 3130 novam
1172 3086 1282 3142 pra:
1315 3069 1536 3139 reliquis
1567 3065 1819 3120 omnibus
1863 3064 2200 3117 nativitatem

617 3187 730 3240 pra:
765 3185 821 3223 se
877 3169 1017 3222 tulit.
1067 3167 1207 3236 Ergo
1251 3173 1396 3218 recte
1442 3171 1498 3215 et
1546 3159 1776 3226 Deipara
1825 3167 1879 3210 et
1924 3155 2200 3221 virginalis

614 3272 808 3325 mater,
837 3263 987 3313 beata
1018 3259 1132 3311 lucc
1161 3257 1283 3326 jure
1307 3254 1513 3322 optimo
1541 3250 1766 3304 dicenda
1789 3259 1890 3301 est.
1919 3245 2031 3298 Non
2054 3249 2198 3298 enim

614 3356 778 3409 homo
809 3352 1038 3420 simplex
1069 3356 1208 3413 erat,
1244 3361 1405 3416 quem
1431 3345 1545 3413 ipsa
1571 3341 1812 3412 perpcrit
1841 3337 2021 3392 Jesus.

687 3535 741 3589 5.
783 3532 882 3598 Qui
914 3531 1055 3584 enim
1083 3527 1132 3580 id
1165 3523 1358 3581 ﬁeret?
1393 3521 1660 3590 siquidem
1691 3518 1757 3571 ad
1791 3516 1952 3584 hujus
1979 3529 2198 3584 operam

618 3642 680 3683 ac
707 3633 1027 3695 potestatem
1063 3618 1154 3671 illa
1189 3616 1351 3671 etiam
1395 3628 1516 3682 qua:
1555 3619 1680 3663 ante
1724 3609 2014 3662 adventum
2056 3604 2199 3658 facta

616 3717 859 3778 fuerunt,
888 3711 1072 3764 divina
1108 3707 1390 3774 Scriptura
1430 3699 1619 3755 refert.
1654 3697 1791 3751 Ecce
1826 3698 1970 3751 enim
2011 3698 2200 3749 beatus

617 3807 915 3878 discipulus
948 3800 1114 3855 .ludas
1153 3812 1345 3868 magna
1381 3809 1511 3848 voce
1551 3792 1704 3846 nobis
1736 3791 1874 3844 hanc
1916 3789 2075 3842 fidem
2113 3788 2198 3841 in-

617 3903 835 3959 clamat.
880 3896 1015 3951 Nam
1051 3910 1253 3958 rerum,
1283 3905 1403 3959 qua:
1445 3886 1630 3941 multis
1657 3885 1906 3939 artatibus
1944 3895 2070 3937 ante
2103 3899 2199 3936 na-

620 3995 884 4050 tivitatem
909 4006 973 4043 ex
999 3986 1220 4054 Virgine
1250 3996 1387 4037 actae
1414 3990 1561 4045 sunt,
1591 3979 1799 4031 faciens
1846 3977 2196 4038 mentionem,

618 4091 698 4144 sic
725 4087 801 4140 ait
825 4101 839 4138 :
865 4101 883 4133 ι
908 4081 1266 4137 Commoncre
1297 4085 1474 4129 autem
1506 4087 1602 4125 vos
1628 4071 1769 4135 volo,
1804 4070 2041 4125 scientes
2071 4068 2200 4122 alio-

619 4181 710 4251 qui
732 4177 935 4242 omnia,
967 4172 1226 4242 quoniam
1253 4168 1411 4222 Jesus
1443 4165 1697 4236 populum
1721 4165 1785 4218 de
1810 4175 1953 4216 terra
1978 4160 2197 4230 IEgypti

620 4275 856 4336 salvaus,
881 4268 1119 4325 secundo
1152 4278 1247 4319 eos
1282 4261 1370 4331 qui
1405 4275 1508 4313 non
1543 4257 1890 4312 crediderunt
1929 4256 2197 4324 perdidit;

620 4363 842 4434 angelos
878 4375 1006 4414 vero
1049 4357 1137 4425 qui
1178 4369 1282 4408 non
1318 4359 1668 4406 servaverunt
1722 4363 1878 4402 suum
1925 4347 2198 4416 principa~

623 4473 752 4521 tum,
806 4453 900 4508 sed
956 4450 1232 4520 proprium
1285 4443 1615 4498 domicilium
1662 4425 2092 4508 dereliqueruut,
2149 4439 2197 4491 in

2296 1945 2641 2031 διδασκαλίας
2670 1969 2698 2020 6
2743 1967 2934 2035 λόγος;
2984 1963 3061 2017 Οὑ
3108 1962 3216 2031 γὰρ
3257 1957 3542 2027 ἄνθρωπος
3587 1952 3686 2021 μὲν
3723 1945 3884 2016 ψιλὸς

2311 2061 2517 2132 Ἰησοῦς
2547 2059 2787 2131 ὑπῆρξεν
2817 2074 2945 2110 ποτε
2978 2056 3083 2121 πρὸ
3113 2054 3213 2122 τῆς
3239 2050 3331 2104 τοῦ
3370 2046 3506 2101 Θεοῦ
3537 2043 3677 2114 πρὸς
3714 2040 3888 2096 αὑτὸν

2297 2152 2584 2215 κοινωνίας
2633 2169 2692 2204 τε
2740 2152 2834 2203 καὶ
2888 2148 3154 2210 ἐνώσεως,
3193 2144 3304 2198 ἀλλ’
3339 2140 3498 2203 αὑτὸς
3547 2139 3574 2189 6
3613 2135 3791 2203 Λόγος
3824 2136 3888 2187 ἐν

2299 2245 2435 2314 αὐτῇ
2463 2247 2527 2314 τῇ
2563 2241 2810 2313 μακαρίᾳ
2838 2237 3102 2311 Παρθένῳ
3129 2235 3441 2305 γενόμενος,
3475 2231 3566 2283 τὸν
3595 2227 3725 2280 ἴδιον
3753 2222 3887 2314 ναὸν

2299 2311 2603 2406 ἐαυτῷ
2655 2311 2755 2402 τῆς
2809 2331 2996 2393 ούσίας
3047 2330 3145 2400 τῆς
3184 2325 3459 2396 Παρθένου
3513 2318 3728 2382 ἔλαϐεν,
3788 2311 3889 2368 καὶ

2300 2427 2567 2500 προῆλθεν
2611 2425 2670 2490 ἐξ
2699 2425 2869 2494 αὑτῆς
2896 2423 3181 2493 ἄνθρωπος
3209 2419 3306 2488 μὲν
3338 2416 3537 2483 ἔξωθεν
3566 2407 3890 2480 ’θεωρούμε-

2301 2539 2412 2584 νος,
2455 2518 2665 2572 ἔνδοθεν
2710 2518 2767 2570 δὲ
2818 2515 2951 2578 Θεὸς
3004 2514 3266 2585 ὑπάρχων
3318 2507 3605 2580 ἀληθινός’
3663 2504 3747 2558 διὸ
3790 2503 3890 2556 καὶ

2305 2612 2441 2683 μετὰ
2464 2610 2523 2663 τὸ
2544 2609 2822 2679 τεχθῆναι,
2851 2607 3120 2675 παρθένον
3134 2604 3233 2674 τὴν
3261 2599 3525 2655 τεκοῦσαν
3554 2598 3890 2667 τετήρηκεν,

2300 2705 2436 2775 ὅπερ
2498 2702 2586 2754 ἐπ’
2647 2699 2862 2762 οὑδενδς
2922 2698 3030 2750 τῶν
3087 2695 3262 2750 ἄλλων
3325 2692 3497 2760 ἁγίων
3564 2688 3888 2757 γεγένηται.

2313 2795 2532 2865 Ἐπειδὴ
2564 2794 2673 2864 γὰρ
2714 2795 2913 2845 ἐκεῖνοι
2960 2791 3060 2860 τὴν
3097 2788 3257 2857 φύσιν
3305 2785 3552 2854 ὑπῆρχον
3582 2780 3890 2850 ἄνθρωποι,

2303 2886 2649 2956 ἀνθρωπίνην
2703 2883 2798 2936 καὶ
2833 2884 2954 2950 ἴσην
2995 2881 3096 2950 τὴν
3131 2878 3344 2946 γένεσιν
3381 2875 3572 2943 ἔλαχον
3621 2871 3890 2930 ἅπαντες.

2301 2973 2454 3040 οὗτος
2483 2977 2539 3030 δὲ
2560 2975 2747 3045 ἐπειδὴ
2769 2975 2908 3026 κατὰ
2939 2972 3099 3039 φύσιν
3117 2971 3359 3039 ὑπῆρχεν
3385 2967 3537 3029 Θεὸς,
3562 2958 3894 3036 προσλαϐὼν

2303 3073 2359 3123 ἐν
2405 3070 2581 3141 χρόνῳ
2621 3068 2835 3138 ἐσχάτῳ
2875 3065 2969 3118 καὶ
3009 3065 3071 3116 τὸ
3114 3062 3474 3134 ἀνθρώπινον,
3526 3059 3685 3128 ξένην
3736 3057 3896 3124 παρὰ

2305 3161 2516 3221 πάντας
2566 3158 2665 3228 τὴν
2717 3160 2779 3208 ἐκ
2821 3159 2918 3225 τῆς
2949 3153 3225 3222 Παρθένου
3277 3151 3492 3219 γένεσιν
3544 3146 3893 3211 ἐπεδείξατο’

2303 3249 2499 3303 οὑκοῦν
2538 3249 2763 3310 εἰκότως
2809 3243 3189 3305 καὶΘεοτόκος
3234 3243 3327 3294 καὶ
3371 3231 3818 3310 παρθενομήτωρ
3859 3239 3892 3307 ὴ

2307 3341 2554 3410 μακαρία
2583 3339 2806 3400 δικαίως
2837 3336 2902 3388 ἂν
2926 3336 3162 3403 λέγοιτο·
3189 3333 3249 3386 οὑ
3273 3333 3383 3404 γὰρ
3409 3330 3697 3401 ἄνθρωπος
3735 3330 3894 3400 ψιλὸς

2300 3429 2368 3504 ἦν
2401 3435 2428 3485 6
2455 3431 2667 3502 τεχθεὶς
2698 3431 2757 3496 ἐξ
2793 3428 2964 3498 αὐτῆς
3016 3427 3246 3498 Ἰησοῦς.

2373 3525 2432 3578 ε’.
2480 3525 2604 3588 Πῶς
2630 3525 2767 3594 γάρ;
2797 3525 2930 3576 ὅπου
2958 3522 3052 3574 καὶ
3083 3521 3189 3592 πρὸ
3217 3521 3315 3591 τῆς
3349 3520 3640 3590 ἐπιδημίας
3659 3535 3893 3587 γεγενη-

2305 3620 2463 3689 μένα,
2490 3621 2553 3688 τῇ
2581 3617 2767 3669 τούτου
2803 3615 3055 3684 ἐνεργείᾳ
3083 3615 3176 3666 καὶ
3207 3612 3427 3681 ἐξουσίᾳ.
3461 3615 3494 3680 ὴ
3521 3612 3640 3664 θεία
3677 3628 3891 3681 προσα-

2301 3710 2527 3778 ναςεέρει
2554 3709 2744 3778 Γραφή
2767 3724 2778 3736 ·
2813 3708 2907 3759 καὶ
2930 3706 3060 3774 γοῦν
3105 3704 3304 3767 Ἰούδας
3338 3707 3365 3756 6
3403 3704 3675 3773 μακάριος
3706 3702 3891 3772 μαθη-

2301 3801 2398 3870 τὴς
2455 3798 2850 3868 μεγαλοφώνως
2887 3801 3019 3869 ἡμῖν
3056 3797 3152 3867 τὴν
3191 3798 3444 3868 τοιαύτην
3505 3796 3890 3867 παραδέδωκεν

2302 3894 2482 3943 πίστιν
2507 3907 2519 3921 ⁸
2556 3891 2662 3943 τῶν
2697 3891 2804 3961 γὰρ
2837 3891 2942 3959 πρὸ
2970 3889 3177 3943 πολλῶν
3202 3889 3400 3958 γενεῶν
3432 3890 3530 3959 τῆς
3577 3892 3641 3942 ἐκ
3670 3891 3889 3960 Παρθέ-

2303 4003 2393 4037 νου
2428 3984 2653 4055 προόδου
2684 3987 3051 4054 μεμνημένος,
3082 3984 3224 4037 οὑτω
3256 3984 3452 4054 φησίνν
3490 4004 3506 4033 ι
3542 3984 3887 4053 ’Υπομνῆσαι

2303 4077 2360 4129 δὲ
2394 4078 2535 4146 ὑμᾶς
2573 4075 2855 4144 βούλομαι,
2893 4075 3101 4137 εἰδότας
3150 4076 3386 4146 ξιπαντα,
3431 4077 3512 4128 ὅτι
3556 4076 3761 4146 Ἰησοῦς
3804 4075 3883 4145 (1)

2302 4167 2425 4219 λαὸν
2463 4169 2525 4218 ἐκ
2551 4166 2654 4235 γῆς
2689 4165 2965 4234 Αἰγύπτου
2997 4166 3195 4232 σώσας,
3235 4168 3297 4220 τὸ
3341 4153 3592 4236 δεύτερον
3637 4169 3765 4231 τοὺς
3809 4170 3885 4237 μὴ

2304 4259 2702 4320 πιστεύσαντας
2734 4258 3047 4310 ἀπώλεσεν
3083 4259 3347 4327 ἀγγέλους
3382 4277 3440 4312 τε
3462 4261 3588 4322 τοὺς
3617 4259 3690 4330 μὴ
3715 4261 3888 4331 τηρὴ-

2306 4368 2504 4413 σαντας
2547 4351 2646 4420 τὴν
2678 4349 2887 4402 ἐαυτῶν
2919 4350 3117 4421 ἀρχὴν,
3161 4349 3297 4402 ἀλλὰ
3334 4349 3780 4422 ἀπολ[ε]ιπόντας
3825 4352 3888 4404 τὸ

2306 4445 2436 4497 ἴδιον
2471 4445 2812 4514 οἰκητήριον,
2842 4447 2920 4506 είς
2948 4445 3128 4514 κρίσιν
3157 4445 3398 4515 μεγάλης
3434 4446 3644 4516 ἡμέρας
3668 4445 3888 4514 δεσμοῖς

614 4546 880 4615 judicium
917 4541 1096 4611 magni
1140 4539 1268 4603 diei,
1309 4534 1540 4588 vinculis
1587 4532 1805 4587 :eternis
1831 4530 1932 4585 sub
1970 4530 2194 4598 caligine

2306 4535 2497 4598 ἀϊδίοις
2523 4536 2628 4588 ὑπὸ
2653 4535 2814 4604 ζόφον
2841 4537 3162 4605 τετήρηκεν.
3188 4555 3205 4586 ι
3245 4537 3304 4588 Εἰ
3345 4537 3401 4588 δὲ
3430 4536 3710 4607 ἄνθρωπον
3734 4537 3891 4604 ψιλὸν

623 4638 915 4696 reservavit
941 4638 1007 4688 ⁵⁸.
1036 4652 1053 4685 ι
1093 4632 1242 4698 Quod
1275 4630 1319 4684 si
1370 4626 1671 4695 simplicem
1722 4624 1994 4678 hominem
2042 4623 2198 4676 beata

626 4732 787 4799 Virgo
820 4723 1341 4798 peperissetJesum,
1371 4719 1512 4772 hunc
1543 4725 1723 4769 autem
1753 4714 1885 4768 dicit
1908 4712 2200 4780 discipulus

621 4828 686 4876 de
718 4819 1095 4889 Egyptiorum
1138 4827 1295 4867 manu
1344 4806 1600 4862 lsraelem
1649 4804 1981 4864 liberavisse,
2025 4816 2198 4870 popu-

623 4922 839 4983 tumque
868 4926 965 4980 per
993 4911 1266 4962 desertum
1299 4903 1624 4965 ductavisse,
1668 4900 1796 4969 quin
1832 4907 1886 4953 et
1923 4905 2199 4967 portento-

691 5092 734 5120 ’⁸⁷
769 5090 875 5143 Tit.
908 5102 966 5152 l‘,
1004 5088 1082 5140 13..
1157 5084 1201 5114 ⁸⁸
1234 5081 1399 5136 lCor.
1447 5096 1504 5140 lt,
1540 5079 1591 5132 8.
1671 5077 1714 5108 ‘9
1758 5077 1878 5129 .luti.
1913 5075 1965 5127 h.

694 5267 769 5336 (l)
810 5261 1213 5336 Anitnadverte__
1237 5260 1471 5336 primum
1521 5256 1674 5336 citari
1701 5270 1754 5336 ,ξι
1794 5249 2194 5336 Cy'rilloﬂludre

624 5321 945 5407 Ep‘is'tolam,
999 5321 1322 5407 quod__l'a'ci_t
1356 5329 1538 5407 etiam
1587 5329 1640 5380 in
1690 5321 2098 5407 l‘rosp/torzetico
2128 5321 2194 5371 ad

629 5391 1090 5470 ili'iteodoaiunifp.
1140 5401 1226 5454 77.
1279 5399 1478 5453 Deinde
1536 5411 1646 5470 pro
1684 5396 1960 5470 communi~
2011 5391 2197 5470 Graeca

627 5461 857 5533 lectione
892 5461 1113 5543 Κύριος,
1154 5473 1378 5524 observa
1428 5461 1747 5543 vocabulum
1790 5461 2014 5543 Ἰησοῦς,
2051 5461 2193 5538 quod

630 5530 788 5602 habet
819 5530 1003 5610 reapse
1027 5530 1269 5610 vulgatus
1300 5538 1762 5610 noster_Latin_us,_
1794 5532 2122 5610 sullragante
2145 5530 2191 5608 ci

630 5600 758 5670 cum
780 5600 979 5686 Cyrtilo
1026 5600 1422 5686 Cliirl||__00tiiCc
1452 5605 1564 5686 r.
1598 5605 1943 5686 principenap
1973 5600 2192 5686 geelebri

549 5713 552 5715 λ
633 5670 908 5746 Vaticano,
931 5694 984 5738 et
1015 5683 1282 5736 nonnullis
1306 5680 1426 5732 aliis
1446 5677 1540 5732 Cr.
1575 5670 1809 5746 a'pudcl.
1840 5670 2193 5746 Schultzium,

632 5758 798 5812 Porro
831 5756 872 5809 si
896 5741 1023 5807 Jesu
1067 5767 1161 5820 pro
1187 5750 1369 5814 Josue,
1401 5761 1458 5802 ut
1499 5741 1734 5820 nonnulli
1760 5741 2196 5820 _ex_i5timant_po-

635 5811 797 5892 nitur,
838 5827 882 5883 is
919 5811 1134 5892 quidem
1187 5823 1314 5886 dux,
1354 5811 1518 5890 ligura
1564 5814 1771 5873 Domini
1805 5811 1929 5867 Jesn
1973 5812 2197 5867 creden—

2305 4626 2490 4680 ἔτεκεν
2527 4630 2559 4697 ὴ
2597 4628 2841 4698 μακαρία
2882 4629 3155 4698 Παρθένος
3201 4629 3292 4682 τὸν
3342 4629 3569 4699 Ἰησοῦν,
3611 4629 3797 4682 τοῦτον
3829 4630 3891 4683 δέ

2308 4736 2472 4787 φησιν
2503 4721 2529 4771 6
2560 4719 2827 4788 μαθητὴς,
2851 4719 2950 4787 τῆς
2972 4718 3285 4784 Αἰγυπτίων
3325 4717 3506 4788 χειρὸς
3535 4718 3626 4770 τὸν
3671 4720 3895 4789 Ἰσραὴλ

2307 4809 2772 4881 ἐλευθερώσαντα,
2819 4810 2913 4862 καὶ
2952 4809 3254 4878 ἡγούμενον
3292 4809 3386 4861 τοῦ
3439 4807 3569 4863 λαοῦ
3614 4809 3752 4863 κατὰ
3786 4809 3896 4881 τὴν

2308 4898 2404 4969 ἐρη
2416 4917 2532 4969 μον,
2553 4899 2609 4962 ὂς
2629 4899 2722 4952 καὶ
2741 4898 2848 4952 τῶν
2867 4895 3248 4969 τεραστ[ε]ίων
3270 4898 3512 4953 ἐπετέλει
3528 4899 3592 4953 τὰ
3611 4898 3894 4968 θαύματα,

2304 5248 2401 5300 dus
2434 5260 2534 5301 εει.
2581 5247 2894 5321 Quanquam
2939 5262 3129 5321 reapse
3168 5249 3402 5320 Moyses,
3433 5266 3537 5306 non
3573 5251 3753 5315 Josue,
3787 5268 3870 5321 po

2307 5322 2487 5387 pulum
2523 5335 2583 5371 ex
2628 5315 2859 5385 zﬁgypto
2898 5315 3130 5385 eripuit;
3187 5315 3460 5389 multoque
3504 5323 3677 5376 minus
3718 5315 3896 5381 Josne

2311 5389 2535 5441 rebelles
2565 5392 2791 5462 angelus
2816 5389 3115 5462 adi-nlcros
3158 5391 3405 5444 detrusit.
3440 5391 3657 5446 Plurimi
3694 5393 3897 5462 igitur,

2304 5469 2361 5510 ut
2391 5473 2532 5510 nunc
2557 5461 2718 5510 etiam
2743 5457 3006 5529 _Cyrillus,
3036 5470 3182 5529 re_clo
3213 5476 3272 5514 ac
3307 5462 3582 5529 primitivo
3608 5457 3766 5516 sensu
3792 5457 3896 5518 in?

2306 5529 2692 5601 tellig_unt__bic
2742 5527 3039 5601 Dominum
3079 5526 3426 5601 Jesuquui
3473 5532 3646 5601 angeli
3697 5538 3894 5600 specie

2305 5599 2498 5670 populo
2554 5596 2776 5670 ilcbrreo
2834 5598 2941 5649 dux
2973 5597 3090 5650 iuit.
3139 5598 3252 5653 Nisi
3301 5596 3498 5669 potius,
3547 5596 3690 5670 quod
3725 5596 3897 5659 idem

2306 5666 2703 5736 quodammodo
2743 5675 2845 5742 est,
2899 5682 3183 5733 personam
3224 5666 3411 5726 :etérni
3461 5666 3618 5726 Verbi
3663 5673 3899 5742 angelus

2307 5744 2409 5790 dux
2457 5736 2902 5805 repraesentabat.
