4078 6348
229 421 323 477 ἳ61

1322 407 1511 473 QUOD
1549 406 1607 459 Β.
1652 401 1867 457 MARIA
1910 398 2015 456 SIT
2060 396 2349 454 DElPAR.\

3350 389 3465 449 262

231 538 333 609 πρὸ
360 535 629 590 τοσούτων
660 532 862 602 γενεῶν
905 533 1003 600 τῆς
1048 532 1110 583 ἐκ
1146 528 1421 597 Παρθένου
1451 528 1756 594 γεννήσεως
1780 542 1793 555 ·

1903 538 2018 576 rum
2054 521 2312 576 miracula
2347 529 2422 574 tot
2448 528 2571 573 ante
2599 518 2929 572 nativitatem
2952 532 3017 569 ex
3048 514 3261 584 Virgine
3290 519 3466 571 aetati-

228 628 330 683 ποῦ
356 628 543 681 τοῦτον
564 628 669 696 ἄρα
698 626 819 678 κατ’
853 622 1095 684 ἐκείνους
1121 619 1245 683 τοὺς
1279 620 1500 689 χρόνους
1538 616 1802 685 ὑπάρχειν

224 719 487 773 δώσουσιν
510 735 523 781 ;
550 718 676 769 πότε
694 716 748 768 δὲ
766 716 861 784 τῆς
880 713 1145 781 γενέσεως
1178 710 1276 782 τὴν
1304 709 1476 781 ἀρχὴν
1501 706 1797 777 ἐσχηκότα;

231 808 425 862 Οὐκέτι
455 807 562 875 γὰρ
596 807 779 867 αὐτοῖς
809 804 964 873 λόγος
1001 803 1348 872 συγχωρήσει
1380 799 1577 866 λέγειν,
1612 798 1675 849 ἐκ
1703 796 1802 865 τῆς

232 899 563 970 παρθενικῆς
604 897 833 966 προόδου
878 896 976 967 τὴν
1008 896 1181 967 ἀρχὴν
1209 892 1303 946 τοῦ
1337 885 1475 944 εἶναι
1519 888 1799 957 εἰληφότα.

230 990 642 1042 Διδασκέτωσαν
664 988 846 1040 τοίνυν
876 990 924 1039 oi
948 987 1056 1038 τῶν
1082 984 1267 1037 κακῶν
1296 982 1585 1052 ἐφευρεταὶ
1606 980 1804 1049 δογμά-

230 1096 356 1143 των,
393 1080 524 1131 πότε
546 1080 646 1148 τῆς
675 1078 945 1145 γενέσεως
972 1076 1067 1146 τήν
1093 1076 1266 1146 ἀρχὴν
1288 1090 1441 1135 ουτος
1464 1076 1490 1126 ό
1519 1072 1613 1125 ἄνθ
1623 1088 1802 1141 ρωπος

231 1170 496 1241 ἔσχηκεν,
532 1170 635 1222 ποῦ
668 1171 723 1223 δὲ
754 1170 846 1223 καὶ
880 1170 937 1220 ἐν
962 1170 1103 1221 τίσιν
1131 1167 1239 1237 ἄρα
1278 1166 1501 1218 διετέλει
1530 1161 1802 1223 τοσούτοις

230 1258 428 1311 ἐτεσιν.
468 1259 605 1311 Ἀλλ’
639 1259 737 1311 οὐκ
772 1259 851 1311 ἔτι
886 1257 1073 1310 τοῦτον
1110 1257 1394 1326 ἄνθρωπον
1424 1252 1561 1305 εἶναι
1602 1252 1709 1304 τῶν
1744 1247 1799 1303 εὗ

230 1351 573 1421 φρονούντων
606 1365 690 1412 τις
723 1352 859 1420 ἐρεῖ,
912 1350 971 1412 ὃς
1020 1350 1113 1402 καὶ
1146 1352 1256 1410 τοῖς
1288 1346 1429 1400 κατὰ
1476 1345 1535 1398 τὸ
1576 1345 1801 1398 παλαιὸν

230 1443 631 1511 ἁμαρτήσασιν,
656 1442 749 1493 καὶ
770 1442 830 1493 τὸ
852 1440 980 1492 ἴδιον
1003 1436 1442 1509 ἀπολ[ε]ιποῦσιν
1463 1436 1799 1504 οἰκητήριον,

229 1533 291 1584 ἐκ
327 1532 449 1584 τότε
491 1532 591 1594 τὰς
639 1535 907 1603 τιμωρίας
961 1530 1179 1601 ὥρισεν,
1233 1531 1325 1580 καὶ
1365 1530 1463 1598 τῆς
1492 1526 1802 1593 Αἰγυπτίων

228 1624 409 1692 χειρὸς
460 1624 673 1695 Ἰσραὴλ
706 1624 930 1690 ἐνδόξως
957 1624 1208 1693 ἐρύσατο.
1246 1624 1306 1675 Ei
1332 1622 1512 1673 τοίνυν
1538 1620 1679 1673 κατὰ
1703 1618 1801 1688 τὴν

227 1714 405 1766 αὐτῶν
436 1713 666 1779 ἔκδοσιν,
698 1715 819 1767 οὔτε
849 1718 875 1766 ὁ
910 1715 1041 1777 Θεὸς
1069 1716 1239 1782 Λόγος
1274 1712 1612 1766 ὑπονοεῖσθαι
1643 1710 1800 1763 δύνα-

225 1821 337 1868 ται,
369 1804 454 1857 διὰ
485 1805 544 1857 τὸ
566 1806 655 1857 τὸν
683 1805 745 1857 ἐκ
777 1806 873 1875 τῆς
914 1805 1190 1873 Παρθένου
1230 1803 1488 1873 τεχθέντα
1536 1797 1671 1855 εἶναι
1710 1802 1801 1853 τὸν

1906 616 2007 668 bus
2033 613 2351 683 patravisse,
2384 612 2598 665 ubinam
2616 611 2759 664 hunc
2802 610 3127 678 temporibus
3174 610 3276 665 illis
3302 614 3469 668 exsti-

1906 706 2035 761 tisse
2079 705 2420 759 concedent?
2472 706 2737 756 undenam
2794 715 2969 757 autem
3010 705 3309 760 nativitatis
3360 723 3470 762 suae

1908 796 2172 864 originem
2201 795 2467 848 traxisse?
2493 794 2674 863 Neque
2701 793 2844 848 enim
2878 796 3005 863 ipsis
3034 797 3171 850 ratio
3198 800 3472 865 permittet

1903 886 2084 941 dicere
2112 888 2257 939 illum
2282 902 2343 939 ex
2376 884 2595 953 Virgine
2620 886 2830 940 initium
2849 888 3136 941 exsistendi
3157 891 3467 959 sumpsisse.

1906 977 2292 1031 Demonstrent
2348 976 2540 1047 Iud
2592 978 2771 1045 itaque
2820 993 3108 1045 pravorum
3162 981 3469 1050 dogmatum

1906 1068 2237 1131 inventores,
2264 1068 2405 1122 unde
2439 1079 2591 1123 ortus
2620 1070 2701 1123 sui
2727 1070 3044 1140 principium
3076 1072 3164 1127 hic
3189 1073 3347 1126 homo
3374 1075 3471 1128 ha-

1904 1160 2120 1221 buerit;
2159 1160 2374 1212 ubinam
2422 1160 2683 1228 quibusve
2727 1160 2781 1213 in
2824 1160 2955 1215 locis
2987 1171 3063 1214 tot
3100 1165 3254 1217 annis
3300 1164 3384 1219 hic
3415 1179 3474 1218 se

1905 1251 2255 1304 continuerit.
2303 1249 2407 1303 Sed
2449 1251 2558 1319 jam
2606 1264 2763 1305 nemo
2809 1267 2971 1306 sanus
3008 1252 3147 1307 hunc
3194 1255 3336 1310 dicet
3378 1257 3475 1311 ho-

1906 1342 2125 1407 minem,
2159 1342 2246 1410 qui
2277 1352 2329 1395 et
2370 1342 2494 1395 olim
2542 1344 2889 1410 peccantibus
2933 1360 3196 1413 suumque
3249 1348 3475 1402 domici-

1905 1433 2032 1487 lium
2061 1434 2431 1487 deserentibus
2460 1447 2645 1501 pcenas
2667 1433 2986 1497 decreverit,
3018 1446 3068 1488 et
3098 1450 3160 1488 ex
3198 1436 3475 1507 [Egyptia-

1907 1542 2024 1579 rum
2052 1542 2209 1579 manu
2241 1526 2492 1579 lsraelem
2522 1527 2802 1595 splendide
2830 1530 3113 1595 eripuerit.
3148 1530 3203 1583 Si
3226 1546 3360 1599 ergo
3388 1547 3475 1587 se-

1905 1617 2135 1671 cundum
2163 1618 2398 1684 ipsorum
2422 1619 2846 1679 concessionem,
2878 1634 3048 1689 neque
3079 1620 3217 1675 Deus
3238 1620 3472 1677 Verbum

1906 1709 2051 1765 credi
2079 1718 2251 1779 potest
2280 1708 2454 1774 Jesus,
2484 1720 2701 1777 propter
2727 1712 2840 1778 ejus
2867 1726 2930 1765 ex
2964 1711 3183 1782 Virgine
3217 1716 3475 1770 nativita-

1907 1812 2049 1865 tem;
2090 1818 2262 1870 neque
2295 1817 2484 1855 rursus
2534 1803 2693 1855 homo
2726 1817 2845 1856 esse
2876 1814 3047 1870 potest
3085 1807 3175 1873 qui
3213 1808 3475 1876 ejusmodi

240 1892 469 1964 Ἰησοῦν,
504 1895 627 1947 ούτε
652 1895 937 1966 ἄνθρωπος
979 1895 1140 1947 πάλιν
1182 1897 1210 1945 ό
1256 1892 1428 1945 ταῦτα
1462 1892 1794 1960 θαυματουρ-

1907 1892 2149 1961 prodigia
2184 1893 2417 1945 ediderit
2450 1892 2684 1960 (ctenim
2721 1894 2787 1947 ab
2822 1894 3055 1948 hominis
3093 1907 3282 1951 natura
3316 1910 3367 1953 et
3401 1899 3478 1952 fa-

225 1985 401 2051 γήσας
457 1985 625 2053 (ξένα
674 1984 783 2053 γὰρ
834 1987 931 2055 τῆς
987 1984 1273 2054 ἀνθρώπου
1328 1984 1540 2051 φύσεώς
1591 2000 1650 2035 τε
1706 1984 1799 2035 καὶ

224 2074 505 2145 δυνάμεως
536 2078 602 2129 τὰ
636 2079 1003 2149 προειρημένα
1038 2076 1412 2145 καθέστηκεν),
1453 2076 1573 2127 τίνα
1617 2074 1800 2127 λοιπὸν

225 2166 513 2233 ἐπινοῆσαι
536 2167 721 2220 ούσίαν
754 2169 929 2237 τούτῳ
956 2168 1048 2220 καὶ
1078 2168 1229 2231 τάξιν
1262 2168 1580 2236 δυνήσονται
1609 2184 1623 2231 ;

298 2258 372 2320 ς’.
420 2259 560 2311 Ἀλλ’
585 2262 746 2328 ήμεῖς
770 2258 839 2311 τὰ
858 2258 1060 2311 τούτων
1091 2260 1307 2327 ῥήματα
1327 2258 1596 2325 τοσαύτης
1619 2257 1801 2318 ἀνοίας

224 2347 321 2397 καὶ
374 2347 797 2417 παραφροσύνης
834 2348 1067 2417 ὁρῶντες
1118 2346 1312 2417 μεστὰ,
1360 2347 1455 2399 καὶ¹
1497 2342 1692 2415 οἷάπερ
1741 2347 1797 2396 ἐν

225 2436 416 2499 ὕπνοις
444 2440 537 2489 καὶ
574 2438 711 2510 μέθῃ
739 2439 875 2508 πρὸς
910 2439 1087 2491 αὐτῶν
1119 2438 1407 2509 λεγόμενα,
1454 2437 1663 2499 τούτοις
1699 2437 1797 2506 μὲν

223 2529 367 2580 κατὰ
401 2529 497 2597 τὴν
530 2528 622 2581 τοῦ
658 2530 914 2602 Σωτῆρος
948 2529 1181 2600 ἐροῦμεν
1218 2529 1435 2598 φωνήν
1473 2546 1489 2578 ι
1516 2529 1797 2580 Πλανᾶσθε

227 2619 305 2689 μὴ
332 2620 532 2681 εἰδότες
559 2620 659 2681 τὰς
682 2622 921 2691 Γραφὰς,
948 2619 1079 2689 μηδὲ
1102 2620 1197 2688 τὴν
1220 2619 1447 2689 δύναμιν
1474 2620 1567 2672 τοῦ
1595 2619 1728 2672 Θεοῦ
1747 2637 1793 2671 Ὶ

222 2711 306 2762 διὸ
332 2711 396 2780 δὴ
428 2712 698 2781 ἐκνήψατε
728 2711 971 2776 δικαίως,
1001 2711 1092 2762 καὶ
1123 2710 1195 2779 μὴ
1231 2712 1595 2781 ἁμαρτάνετε,
1626 2713 1800 2780 ἀγνω-

224 2801 347 2853 σίαν
373 2800 509 2853 Θεοῦ
541 2803 619 2863 είς
644 2801 895 2852 τοσοῦτον
927 2801 1284 2871 νοσήσαντες’
1321 2801 1493 2871 ὀρθῶς
1526 2802 1581 2854 δὲ
1616 2802 1793 2865 πάλιν,

221 2893 321 2946 καὶ
379 2892 453 2954 ὡς
507 2892 929 2964 προαποδέδοται
971 2892 1071 2961 τῆς
1124 2892 1367 2955 ἐνώσεως
1407 2893 1651 2957 νοοῦντες
1698 2895 1795 2964 τήν

219 2982 400 3047 δόξαν,
433 2981 564 3034 Θεόν
614 2999 674 3034 τε
732 2983 817 3035 ἀεὶ
846 2981 973 3034 ὗντα
1028 2982 1244 3048 τοῦτον,
1286 2984 1572 3051 γενόμενον
1602 2984 1656 3036 δὲ
1709 2986 1795 3035 ἐπ’

220 3073 471 3143 ἐσχάτων
502 3073 598 3125 καὶ
641 3072 927 3143 ἄνθρωπον
968 3073 1355 3141 ἐπιστάμενοι,
1390 3075 1661 3143 ἁτρέπτου
1702 3076 1795 3127 καὶ

220 3163 583 3219 ἀναλλοιώτου
620 3162 984 3231 φυλαχθείσης
1015 3164 1178 3215 αὑτοῦ
1204 3163 1303 3233 τῆς
1334 3165 1606 3233 θεότητος,
1630 3167 1791 3218 αὑτὸν

1903 1981 2105 2037 cultate
2132 1997 2250 2051 qua:
2283 1998 2442 2050 supra
2472 1984 2706 2037 diximus
2732 1984 3072 2055 abhorrent),
3091 1988 3300 2055 qualem
3330 1991 3479 2044 deni-

1901 2090 2006 2144 que
2036 2084 2291 2144 poterunt
2322 2076 2479 2143 hujus
2509 2089 2628 2131 esse
2652 2075 3010 2131 substantiam
3042 2090 3096 2134 et
3118 2083 3477 2138 conditionem

1900 2168 2255 2221 existimare?

1971 2256 2023 2310 6.
2068 2258 2172 2310 Sed
2196 2258 2339 2311 enim
2376 2273 2471 2311 nos
2500 2258 2690 2312 horum
2724 2260 2885 2314 verba
2914 2263 3048 2315 adeo
3074 2264 3352 2319 dementia:
3384 2270 3478 2321 de—

1897 2346 2116 2415 liriique
2164 2350 2319 2416 plena
2367 2360 2676 2415 cernentes,
2713 2366 2776 2405 ac
2818 2352 2983 2406 veluti
3017 2369 3045 2405 a
3088 2356 3480 2411 somniantibus

1900 2436 2236 2504 ebriosisque
2282 2445 2557 2501 eructata,
2604 2440 2687 2493 his
2718 2440 2869 2506 juxta
2918 2441 3227 2496 Servatoris
3260 2444 3477 2498 eﬂ'atunt

1899 2516 2142 2579 dicemus
2168 2544 2180 2579 :
2213 2544 2231 2577 ι
2254 2527 2486 2592 Erratis,
2507 2529 2814 2583 nescientes
2840 2530 3155 2599 Scripturas
3179 2549 3350 2602 neque
3374 2538 3480 2589 vir-

1902 2626 2068 2670 tutem
2106 2616 2199 2671 Dei
2223 2617 2289 2668 '°.
2328 2637 2345 2668 ι
2384 2618 2506 2673 Ideo
2540 2630 2596 2672 ιιι
2627 2635 2723 2688 par
2750 2631 2830 2674 est
2868 2624 3134 2678 edormite
3178 2628 3475 2696 crapulam,

1900 2719 1955 2761 et
1985 2709 2150 2761 nolite
2188 2724 2432 2776 peccare,
2472 2721 2614 2764 tanta
2648 2712 2721 2765 rei
2754 2712 2951 2767 divinae
2986 2715 3289 2783 ignorantia
3334 2719 3480 2775 labo—

1900 2810 2099 2853 rantes.
2133 2799 2237 2853 Sed
2277 2810 2420 2853 recte
2464 2803 2665 2868 potius,
2712 2813 2872 2872 atque
2903 2815 2959 2860 ut
2992 2807 3101 2875 jam
3139 2810 3481 2865 demonstra—-

1900 2900 2008 2942 tum
2058 2905 2084 2942 a
2137 2892 2291 2943 nobis
2331 2891 2447 2953 fuit,
2493 2893 2836 2948 adunationis
2884 2896 3109 2963 gloriam
3154 2901 3475 2969 cogitantes;

1899 2982 2038 3034 hunc
2071 2990 2124 3034 et
2164 2982 2331 3035 Deum
2358 2998 2571 3050 semper
2599 2984 2784 3050 fuisse,
2813 2996 2864 3038 et
2897 2998 3169 3055 postremo
3206 2992 3475 3047 hominem

1895 3086 2109 3141 quoque
2156 3072 2357 3127 factum
2406 3087 2801 3143 agnoscentes,
2853 3077 2924 3130 ita
2972 3088 3153 3133 tamen
3205 3092 3261 3135 ut
3311 3082 3479 3150 ipsius

1896 3164 2276 3219 invertibiliter
2332 3175 2387 3220 et
2454 3169 2858 3223 immutabiliter
2911 3184 3231 3227 conservata
3304 3179 3476 3231 deitas

218 3258 319 3310 καὶ
349 3256 466 3308 τότε
504 3254 603 3323 τῆς
635 3254 692 3319 ἐξ
731 3253 1005 3321 Αἰγύπτου
1049 3256 1271 3325 πορείας
1304 3255 1395 3307 τοῦ
1439 3255 1653 3325 Ἰσραὴλ
1685 3257 1794 3308 Σω-

1899 3255 2090 3323 fuerit,
2128 3258 2377 3311 eumdem
2419 3269 2471 3311 et
2520 3268 2645 3314 tune
2692 3262 2901 3314 lsraelis
2952 3276 3015 3315 ex
3047 3263 3281 3335 Aigypto
3315 3283 3476 3323 exce-

218 3351 365 3419 τῆρα
393 3347 769 3416 πιστεύωμενο
812 3347 897 3399 ἀεὶ
935 3348 1032 3416 μὲν
1060 3346 1154 3399 τοῦ
1185 3348 1395 3417 Πατρὸς
1435 3349 1559 3399 ὅντα
1602 3349 1790 3413 Λόγον,

218 3440 317 3493 καὶ
352 3438 486 3507 φῶς,
516 3439 609 3491 καὶ
634 3438 994 3507 ἀπαύγασμα,
1022 3439 1112 3490 καὶ
1138 3438 1235 3508 τῆς
1271 3438 1603 3507 θεοπρεποῦς
1638 3437 1793 3508 δόξης

212 3529 321 3598 τὴν
351 3527 669 3579 δυναστείαν
695 3526 887 3596 ἔχοντα
907 3543 919 3555 ·
954 3526 1033 3577 διὸ
1066 3527 1127 3596 δὴ
1160 3528 1254 3579 καὶ
1294 3527 1476 3595 ἔλεγεν
1505 3527 1581 3597 τῷ
1613 3544 1792 3597 μακα-

222 3621 326 3689 ρίῳ
361 3621 568 3688 Μωῦσῇ
593 3637 603 3649 ·
646 3638 663 3667 ι
696 3617 836 3685 Ἐγώ
865 3621 990 3686 εἰμι.
1011 3621 1036 3670 ὁ
1064 3617 1198 3670 ὤν’»
1240 3621 1353 3682 καὶ,
1396 3640 1412 3670 ι
1439 3620 1579 3688 Ἐγὼ
1604 3623 1631 3673 ὀ
1662 3622 1793 3685 Θεὸς

231 3712 504 3782 Ἀϐραὰμ,
530 3711 623 3764 καὶ
644 3711 773 3772 Θεὸς
806 3708 1007 3771 Ἰσαὰκ,
1035 3710 1119 3761 καῖ
1149 3711 1280 3772 Θεὸς
1319 3712 1511 3764 Ἰακώὸ
1533 3729 1544 3740 ·
1570 3732 1588 3764 ι
1619 3715 1717 3783 τήν
1738 3715 1793 3766 δὲ

214 3804 315 3856 τοῦ
347 3802 476 3855 Υίοῦ
506 3800 877 3872 προσηγορίαν
916 3787 1293 3871 προσλαϐόντα
1334 3803 1430 3871 μὲν
1462 3804 1548 3855 ὅτε
1573 3804 1793 3872 γέγονεν

217 3894 531 3964 ἄνθρωπος,
563 3894 665 3963 τῆς
693 3894 748 3945 δὲ
780 3892 1025 3954 ἐνώσεως
1060 3895 1240 3961 χάριν,
1276 3896 1367 3947 καὶ
1417 3895 1502 3947 διὰ
1532 3897 1591 3947 τὸ
1630 3898 1792 3949 αὑτὸν

215 3985 507 4053 ἄνθρωπον
547 3982 896 4050 γεγενῆσθαι,
919 3981 1032 4034 ἀλλ’
1063 3982 1160 4035 οὐκ
1198 3985 1253 4035 ἐν
1296 3982 1563 4054 ἀνθρώπῳ
1592 3987 1793 4055 ἐνῳκη-

214 4076 408 4128 κέναι·
438 4076 529 4127 καὶ
562 4074 631 4126 τὰ
665 4074 808 4138 τότε,
839 4074 932 4126 καὶ
959 4074 1028 4126 τὰ
1075 4073 1168 4126 νῦν
1216 4077 1281 4144 τῇ
1321 4075 1493 4145 Ἰησοῦ
1542 4078 1632 4128 καὶ
1668 4078 1793 4145 X9:-

215 4167 347 4224 ατοῦ
390 4167 732 4238 προσηγορίᾳ
775 4166 1084 4228 ἀκολούθως
1132 4168 1234 4220 ὑπὸ
1285 4169 1385 4237 τῆς
1434 4168 1788 4223 θεοπνεύστου

213 4259 442 4329 Γραφῆς
472 4260 853 4329 δοξαζόμενον.

289 4354 353 4414 ζ’.
392 4352 499 4403 Καὶ
542 4352 670 4419 γοῦν
728 4354 825 4423 τήν
873 4356 1127 4425 τοιαύτην
1171 4355 1424 4407 ὑπόθεσιν
1478 4356 1649 4421 ἔξεστι
1702 4357 1790 4409 διὰ

210 4444 480 4496 πλειόνων
512 4443 734 4513 θεωρεῖν
772 4447 875 4497 ὑπὸ
908 4446 1017 4499 τῶν
1046 4448 1220 4513 ἁγίων·
1255 4466 1321 4517 κη
1335 4450 1665 4517 ρυττομένην
1699 4450 1791 4501 ἀν-

1898 3346 2076 3400 dentis
2129 3348 2474 3402 Servatorem
2544 3349 2866 3413 credamus,
2928 3365 3246 3423 semperque
3303 3356 3479 3411 Patris

1898 3435 2133 3491 Verbum
2170 3440 2353 3501 fuisse,
2389 3441 2567 3495 lumen
2602 3451 2765 3511 atque
2807 3443 3170 3512 splendorem,
3211 3457 3265 3500 et
3304 3448 3477 3518 dignre

1897 3528 2007 3585 Deo
2039 3531 2224 3599 glorize
2267 3542 2581 3599 potestatem
2636 3534 2874 3588 tenuisse
2908 3552 2922 3588 :
2961 3537 3190 3604 ideoque
3232 3550 3283 3594 et
3320 3542 3477 3597 beato

1898 3622 2065 3693 Moysi
2094 3625 2308 3678 dicebat
2340 3642 2351 3676 :
2389 3642 2405 3671 ι
2439 3624 2549 3695 Ego
2572 3642 2687 3680 sum
2714 3628 2803 3697 qui
2831 3644 2947 3682 sum
2973 3630 3046 3693 ";
3083 3649 3100 3681 ι
3128 3641 3180 3685 et
3213 3647 3311 3703 ego
3336 3634 3477 3691 Dens

1895 3712 2208 3775 Abrahaini,
2235 3722 2288 3767 et
2312 3713 2452 3768 Deus
2479 3716 2670 3782 lsaaci,
2705 3727 2759 3771 et
2786 3718 2927 3773 Deus
2948 3718 3133 3775 Jacobi
3157 3724 3201 3752 ⁸⁸
3233 3746 3243 3778 ;
3273 3733 3321 3777 ct
3354 3725 3475 3782 Filii

1896 3804 2109 3872 quidem
2139 3819 2330 3858 nomen
2358 3814 2485 3859 tunc
2515 3808 2808 3875 sumpsisse
2832 3823 2950 3861 cum
2986 3810 3159 3867 factus
3183 3825 3263 3867 est
3290 3818 3476 3885 homo,

1897 3897 2237 3950 adnnatiouis
2282 3898 2473 3965 gratia,
2514 3908 2567 3951 et
2620 3900 2744 3967 quia
2785 3901 3074 3955 humanam
3109 3907 3475 3964 conditionem

1896 3988 2223 4055 assumpsit,
2279 4004 2383 4041 non
2429 3990 2479 4041 in
2525 3991 2739 4046 homine
2795 3992 3055 4047 habitavit
3101 4015 3113 4049 :
3166 4008 3218 4051 ct
3256 4000 3382 4053 olim
3424 4013 3477 4055 et

1896 4094 2039 4134 nunc
2062 4082 2160 4134 sub
2200 4077 2328 4134 Jesu
2370 4080 2685 4151 Christique
2733 4086 3087 4152 appellatione
3111 4089 3177 4143 ab
3217 4090 3474 4160 inspirata

1895 4173 2153 4227 divinitus
2191 4174 2471 4244 Scriptura
2508 4185 2869 4232 consectanee
2898 4178 3207 4247 glorilicari.

1970 4348 2019 4403 7.
2062 4349 2236 4417 Atque
2264 4349 2365 4403 hoc
2401 4357 2776 4417 argumentum
2810 4348 3053 4416 pluribus
3084 4352 3263 4407 verbis
3294 4354 3475 4409 videre

1896 4440 2020 4495 licet
2048 4456 2074 4493 ιι
2096 4442 2299 4494 sanctis
2321 4440 2451 4493 viris
2480 4440 2863 4509 praedicatum;
2898 4439 3128 4499 Ieremia
3153 4446 3365 4510 quidem
3393 4448 3475 4501 di-

205 4536 359 4607 δρῶν
383 4553 395 4565 ·
425 4534 517 4589 τοῦ
566 4537 661 4605 μὲν
711 4538 981 4607 Ἰερεμίου
1014 4540 1310 4609 διαρρήδην
1344 4539 1603 4607 βοῶντος·
1644 4559 1659 4590 ι
1686 4534 1788 4592 05-

1899 4542 2037 4585 serte
2075 4532 2339 4584 clamante
2368 4549 2380 4583 :
2425 4548 2443 4581 ι
2478 4529 2574 4583 Hic
2600 4528 2741 4584 Deus
2771 4540 2956 4584 noster
2985 4543 3088 4597 est,
3125 4550 3297 4604 neque
3337 4538 3473 4594 alius

207 4644 302 4689 τος
331 4629 360 4679 ὁ
394 4628 523 4691 Θεὸς
559 4629 735 4698 ήμῶν,
778 4630 838 4681 ού
882 4631 1264 4701 λογισθήσεται
1309 4633 1493 4703 ἕτερος
1527 4633 1663 4703 πρὸς
1694 4634 1790 4685 αύ-

206 4720 339 4772 τόν·
390 4718 609 4788 ἐξεῦρεν
660 4722 840 4773 πᾶσαν
887 4722 1005 4775 ὁδὸν
1056 4725 1396 4793 ἐπιστήμης,
1435 4724 1529 4776 καὶ
1589 4724 1787 4776 ἔδωκεν

206 4810 386 4879 αὐτὴν
422 4808 636 4861 ’Ῑακὼόο
656 4810 735 4879 τῷ
775 4811 925 4863 παιδὶ
964 4812 1126 4864 αὑτοῦ
1150 4856 1162 4879 ,
1191 4818 1283 4865 καὶ
1302 4814 1519 4883 Ἰσραὴλ
1548 4814 1625 4883 τῷ
1654 4816 1789 4882 ἠγα-

205 4903 443 4971 πημένῳ
470 4902 561 4954 ὑπ’
590 4903 752 4955 αὑτοῦ
773 4920 785 4931 ·
832 4903 972 4972 μετὰ
1003 4904 1174 4957 ταῦτα
1210 4906 1301 4957 ἐπὶ
1333 4906 1433 4974 τῆς
1462 4906 1564 4975 γῆς
1608 4904 1788 4973 ὤφθη,

207 4993 308 5045 καὶ
332 4994 444 5053 τοῖς
470 4990 776 5061 ἀνθρώποις
804 4994 1212 5064 συνανεστράφη
1236 5012 1247 5023 ’
1266 5014 1281 5044 ι
1318 4992 1411 5046 τοῦ
1436 4994 1491 5045 δὲ
1516 4994 1788 5062 ύμνογρά-

203 5102 311 5152 (pou
340 5084 707 5155 μελῳδοῦντος
751 5085 969 5137 Δαϐίδοι
992 5087 1191 5155 Μήτηρ
1219 5088 1291 5153 (l)
1322 5086 1458 5137 Σιὼν
1484 5086 1627 5154 ἐρεῖ’
1664 5088 1788 5137 "Av-

290 5240 335 5275 "
371 5242 559 5297 Matth.
590 5259 724 5306 χχιι,
756 5244 843 5297 29.

922 5246 963 5275 ⁸¹
1002 5244 1170 5299 Exod.
1208 5262 1286 5309 ιιι,
1328 5245 1413 5299 ll.
1490 5244 1532 5275 ⁸⁸
1576 5245 1702 5297 ibid.
1746 5246 1796 5296 ὕ.

275 5403 353 5475 (l)
374 5400 449 5475 Ita
483 5405 667 5475 μήτηρ
689 5405 885 5475 habent
922 5404 1119 5459 Graeca:
1147 5403 1430 5475 editiones,
1455 5403 1614 5456 etiam
1638 5402 1783 5455 Vati-

200 5473 366 5530 cana.
393 5473 481 5528 Sic
510 5473 701 5541 legisse
726 5474 968 5528 videmus
987 5477 1147 5527 etiam
1170 5474 1426 5543 Cyrillum
1444 5512 1457 5533 .
1490 5488 1787 5539 magnomie

204 5560 435 5599 numero
473 5544 661 5598 Patres
682 5543 903 5597 Latinos
931 5546 1069 5612 apud
1094 5545 1454 5603 Sabaterium,
1483 5544 1571 5609 qui
1607 5552 1787 5595 vetere

204 5615 341 5669 ltala
402 5614 693 5667 utebantur
749 5614 1006 5668 editione.
1059 5614 1266 5682 Vulgati
1315 5615 1581 5680 interpres
1633 5613 1786 5664 lectio

204 5684 487 5754 numquid,
516 5698 611 5751 pro
640 5694 828 5746 muter,
873 5686 1098 5754 deducta
1138 5696 1218 5737 est
1259 5684 1439 5754 exitii]
1473 5685 1559 5751 τῇ,
1600 5683 1679 5735 vel
1710 5682 1781 5750 μή

204 5774 281 5819 τι,
321 5752 379 5807 ut
421 5755 822 5823 cognoscimus
854 5769 915 5806 ex
949 5752 1177 5823 Origene
1222 5754 1273 5806 in
1327 5752 1597 5820 "emptis,
1634 5764 1685 5804 et
1720 5769 1783 5803 ex

202 5821 540 5893 llieionyniu
598 5825 736 5894 apud
784 5821 1139 5879 Nobilium—in
1194 5825 1314 5878 adn.
1375 5825 1440 5878 ad
1496 5823 1779 5879 Sixtinam.

1897 4626 2180 4691 quisquam
2207 4638 2325 4675 cum
2353 4637 2416 4676 eo
2440 4622 2842 4691 comparabitur
2871 4639 2883 4674 :
2918 4622 3030 4691 ipse
3058 4639 3270 4680 omnem
3304 4630 3473 4684 scien-

1898 4716 1983 4768 tia:
2004 4715 2251 4768 semitam
2276 4714 2567 4777 adinvenil,
2596 4714 2923 4781 tradiditque
2949 4730 3066 4768 eam
3088 4715 3286 4773 Jacobo
3308 4735 3473 4788 puero

1894 4821 2012 4867 suo,
2042 4816 2095 4859 et
2126 4803 2306 4859 lsraeli
2345 4806 2540 4859 dilecto
2582 4821 2698 4859 suo.
2730 4804 2858 4859 Post
2903 4806 3015 4861 hzec
3049 4808 3101 4861 in
3147 4818 3285 4862 terra
3326 4812 3472 4866 visus

1893 4906 1993 4959 est,
2039 4907 2247 4951 etcum
2305 4896 2614 4951 hominibus
2672 4910 3025 4954 conversatus
3060 4909 3143 4953 est
3172 4902 3250 4964 ⁸³;
3290 4921 3306 4951 ι
3359 4911 3468 4955 ιυιιι

1892 4991 2051 5045 etiam
2095 4992 2499 5059 hymnographo
2534 5001 2764 5045 canente
2801 4991 3000 5046 Davide
3043 5009 3054 5046 :
3096 5012 3114 5043 ι
3143 4992 3310 5045 Mater
3340 4992 3467 5046 Sion

1894 5083 2036 5136 dicet
2058 5102 2071 5137 :
2095 5081 2285 5147 llomo,
2307 5091 2358 5136 et
2380 5083 2537 5135 homo
2559 5093 2714 5136 natus
2732 5083 2885 5137 estin
2910 5096 2994 5147 ea,
3014 5093 3067 5136 et
3091 5083 3202 5150 ipse
3229 5081 3469 5134 {undavit

1876 5244 1920 5274 ⁸³
1953 5243 2157 5297 Β.ιιίιςΙι
2202 5258 2279 5304 ιιι,
2318 5243 2502 5297 36-38.

1899 5402 2213 5455 Doctissime
2250 5417 2375 5454 vero
2415 5402 2649 5467 disputat
2701 5400 2765 5453 de
2798 5401 2894 5452 hac
2929 5400 3151 5453 lectione
3188 5399 3274 5469 ιο.
3310 5400 3461 5469 Bapt.

1898 5473 2122 5535 Brattea,
2186 5474 2553 5526 Ambrosianum
2606 5472 2733 5522 olim
2792 5469 3132 5523 bibliotheca:
3181 5467 3461 5523 Mediolani

1896 5542 2198 5610 pi'Iel'Cctus,
2242 5543 2289 5593 in
2326 5556 2536 5608 magno,
2572 5555 2881 5607 quanquam
2935 5540 3463 5610 imperfectn,_0pere

1894 5608 1993 5665 Suo
2043 5616 2181 5680 quod
2240 5610 2515 5679 inscripsit
2553 5610 2625 5662 De
2677 5624 2945 5661 sacrorum
2982 5609 3230 5661 librorum
3261 5608 3464 5662 Latina:

1894 5682 2114 5750 vulgum:
2145 5683 2388 5737 editionis
2418 5683 2751 5745 auctoritate,
2790 5680 2880 5735 lili.
2910 5695 2990 5741 ιιι,
3022 5689 3158 5746 part.
3194 5694 3229 5742 ι,
3257 5694 3373 5747 cap.
3404 5680 3458 5733 5.

1894 5770 1941 5822 ιι.
1980 5755 2071 5806 ιῖίτ
2115 5768 2265 5821 seqq.
