4078 6348
602 389 709 446 265

1597 389 1654 442 S.
1696 385 1965 441 (ZYBILLI
2007 381 2476 439 ALEXANDBINI
2519 385 2836 440 ARCHIEP.

3746 391 3840 443 964

599 525 714 564 eam
749 506 1051 562 Altissimus
1079 509 1145 560 ⁸⁸.
1177 525 1192 559 ι
1229 507 1341 562 Ηοο
1366 523 1492 562 vero
1521 509 1648 576 quid
1693 511 1836 562 aliud
1874 508 2166 578 significat,

2274 507 2492 576 θρωπος
2536 506 2643 575 (1)·
2682 505 2774 558 καὶ
2823 504 3110 574 ἄνθρωπος
3157 502 3388 574 ἐγενήθη
3436 503 3494 555 ὲν
3545 503 3683 575 αὐτῇ
3711 545 3725 569 ,
3762 507 3847 557 καὶ

599 602 699 656 nisi
734 601 979 655 eumdem
1010 614 1128 655 esse
1159 600 1328 655 Deum
1375 610 1430 655 et
1475 600 1791 655 hominem?
1823 601 2029 655 Etenim
2082 602 2176 655 ho-

599 695 824 756 minem,
871 692 1140 760 simulque
1170 691 1525 757 Altissimum,
1556 692 2005 760 laudatoremque
2039 690 2174 746 fate-

597 795 706 838 tur.
738 781 922 853 Neque
951 785 1149 848 secius,
1185 783 1237 836 in
1269 781 1374 837 alio
1401 796 1613 850 quoque
1645 782 1849 851 psalmo
1885 783 2174 837 indivisum

597 875 822 929 unitatis
849 889 1154 928 sermonem
1181 874 1436 938 retinens,
1476 874 1709 930 hominis
1733 874 2080 943 proprietatis
2110 873 2176 926 ad

597 965 764 1020 Deum
795 966 920 1020 item
967 964 1196 1020 Verbum
1241 965 1444 1020 referre
1475 966 1826 1034 comperitu‘r,
1858 965 1999 1019 baud
2027 966 2177 1032 equi-

597 1059 718 1112 dem
747 1058 1173 1112 substantiarum
1216 1056 1584 1111 confusionem
1623 1058 1901 1120 invehens,
1934 1058 2025 1111 sed
2052 1057 2178 1110 sub-

595 1151 916 1205 stantiarum
948 1149 1293 1203 adunationis
1338 1149 1601 1204 rationem
1651 1151 1873 1204 habens.
1926 1148 2016 1204 Sic
2045 1163 2176 1215 ergo

595 1244 671 1296 ait
705 1244 756 1296 in
787 1257 909 1297 κων
943 1242 1152 1310 psalmo
1181 1258 1194 1294 :
1227 1261 1246 1293 ι
1279 1243 1447 1297 Sedes
1487 1251 1596 1308 tua,
1639 1243 1802 1309 Deus,
1837 1244 1888 1296 in
1921 1241 2173 1297 sarculum

593 1335 778 1388 saeculi
809 1353 822 1388 :
863 1335 1012 1401 virga
1039 1332 1381 1399 directionis,
1417 1333 1570 1403 virga
1598 1335 1747 1404 regni
1783 1334 1856 1386 tui
1893 1351 1906 1387 :
1938 1322 2173 1386 dilexisti

587 1423 873 1493 justitiam,
913 1433 968 1478 et
1007 1424 1167 1478 odisti
1202 1424 1542 1493 iniquitatem
1579 1443 1591 1478 :
1621 1433 1914 1492 propterea
1945 1425 2096 1478 unxit
2125 1432 2175 1476 te

592 1517 758 1581 Deus,
779 1515 918 1569 Deus
941 1527 1080 1579 tuus,
1097 1516 1214 1570 oleo
1237 1515 1436 1570 laetitiae
1457 1531 1564 1584 prae
1584 1517 1927 1570 consortibus
1953 1515 2133 1568 tuis”.
2151 1532 2168 1565 ι

593 1604 790 1661 Viden’
820 1608 1090 1674 quomodo
1109 1606 1275 1659 Deum
1309 1603 1546 1660 Verbum
1581 1606 1881 1675 appellans,
1902 1605 2175 1673 Deumque

593 1706 647 1752 et
695 1711 874 1766 regem
911 1697 1197 1763 confitens,
1247 1712 1423 1767 neque
1465 1706 1643 1752 tamen
1686 1698 1952 1760 dividens,
2003 1710 2174 1763 neque

595 1787 820 1843 alteram
863 1802 1149 1856 personam
1199 1790 1254 1842 in
1301 1804 1423 1843 eum
1467 1789 1775 1852 conferens,
1823 1789 2174 1842 nihilominus

2288 598 2448 660 αὐτὸς
2483 596 2837 666 ὲθεμελίωσεν
2865 595 3033 664 αὐτὴν
3056 597 3082 647 6
3111 593 3371 664 ’Ύψιστος
3393 611 3406 624 ·
3439 613 3457 646 ι
3485 593 3639 648 τοῦτο
3663 595 3772 666 γὰρ
3799 597 3849 647 τί

2284 689 2350 742 ἂν
2382 689 2464 759 ε-ῐη
2505 689 2715 758 ἕτερον,
2749 687 2862 741 ἀλλ’
2902 686 2935 757 ἢ
2971 687 3054 740 ὃτι
3097 687 3259 749 αὐτὸς
3292 687 3528 756 ὑπάρχει
3563 686 3714 750 Θεὸς,
3761 688 3851 741 καὶ

2285 780 2600 852 ἅνθρωποςς
2640 779 2960 849 Ἀνθρωπον
2976 777 3104 849 γὰρ,
3129 779 3222 832 καὶ
3250 778 3534 847 ”Υῲιστον,
3573 781 3667 831 καὶ
3696 779 3852 849 θεμε-

2284 870 2480 940 λιωτὴν
2521 871 2612 923 τὸν
2645 869 2804 922 αὐτὸν
2837 869 3185 940 ὡμολόγησεν
3210 886 3224 899 ο
3272 870 3422 921 οὐδὲν
3456 869 3513 922 δὲ
3556 863 3718 940 ἧττον
3763 872 3850 923 καὶ

2279 963 2340 1014 ἑν
2363 962 2535 1031 ἑτέρῳ
2566 959 2765 1031 ψαλμῷ
2808 960 3114 1030 ἀδιαίρετον
3146 961 3247 1029 τῆς
3281 958 3527 1022 ένὼσεως
3573 959 3850 1028 φυλάττων

2281 1054 2373 1107 τὸν
2396 1053 2574 1120 λόγον,
2608 1053 2676 1105 τὰ
2699 1053 2798 1123 τῆς
2832 1051 3250 1122 άνθρωπότητος
3278 1053 3384 1105 ἴδια
3409 1051 3483 1116 ὡς
3518 1052 3666 1122 αὑτῷ
3697 1053 3850 1105 πάλιν

2281 1145 2358 1215 τῷ
2383 1144 2502 1214 Θεῷ
2549 1145 2708 1216 Λόγῳ
2735 1145 3024 1216 ἀναφέρων
3058 1145 3392 1215 εὑρίσκεται,
3419 1144 3477 1197 οὐ
3519 1144 3627 1196 τῶν
3656 1143 3852 1198 οὐσιῶν

2284 1237 2546 1306 σύγχυσιν
2581 1236 2969 1307 ἐργαζόμενος,
3015 1235 3153 1289 ἀλλὰ
3189 1237 3287 1306 τῆς
3326 1236 3570 1298 ὲνώσεως
3613 1236 3723 1288 τῶν
3762 1235 3850 1287 οὑ-

2283 1328 2414 1382 σιῶν
2465 1327 2844 1397 ἐπιγινώσκων
2872 1328 2963 1380 τὸν
3009 1328 3196 1396 λόγον·
3255 1327 3401 1395 λέγει
3428 1325 3718 1396 τοιγαροῦν
3761 1325 3850 1380 οῦ-

2281 1437 2389 1484 τως
2417 1421 2474 1472 ὲν
2512 1421 2591 1491 μδ¹
2625 1419 2856 1489 ψαλμῷι
2896 1439 2913 1470 ι
2955 1419 3010 1471 '0
3043 1419 3228 1488 θρόνος
3266 1435 3382 1480 σου,
3415 1420 3442 1470 6
3470 1417 3619 1478 Θεὸς,
3658 1419 3738 1479 εἰς
3762 1417 3851 1469 τὸν

2281 1511 2454 1564 αἰῶνα
2486 1510 2582 1564 τοῦ
2626 1511 2856 1573 αἰῶνοςο
2895 1510 3090 1580 ῥάϐδος
3134 1509 3430 1577 εὐθύτητος
3461 1509 3493 1577 ἡ
3531 1506 3725 1578 ῥάϐδος
3754 1506 3852 1575 τῆς

2283 1603 2558 1673 βασιλείας
2591 1620 2683 1655 σου
2707 1620 2718 1631 ⁸
2744 1601 3040 1672 ἠγάπησας
3060 1597 3429 1667 δικαιοσύνην,
3458 1597 3552 1650 καὶ
3585 1596 3850 1665 ἐμίσησας

2281 1697 2525 1765 ἀδικίανο·
2557 1695 2645 1747 διὰ
2666 1694 2824 1748 τοῦτο
2847 1693 3062 1763 ἔχρισέν
3085 1709 3144 1744 σε
3162 1690 3315 1754 Θεὸς,
3339 1693 3367 1742 6
3384 1688 3515 1751 Θεός
3533 1704 3651 1750 σου,
3673 1685 3851 1738 ἔλαιον

2280 1787 2654 1855 ἀγαλλιάσεως
2690 1786 2842 1858 παρὰ
2877 1787 3003 1848 τοὺς
3044 1784 3302 1855 μετόχους
3333 1799 3449 1835 σου.
3475 1800 3491 1831 ι
3513 1781 3674 1850 Ὁρᾷς
3705 1779 3852 1839 ὅπως

597 1883 824 1928 unctum
850 1876 1025 1928 dixit?
1073 1875 1360 1945 Explicent
1402 1878 1558 1933 nobis
1603 1879 1768 1946 igitur
1806 1877 1932 1947 quid
1967 1879 2036 1931 sit
2077 1877 2168 1932 hoc

2279 1878 2370 1934 τὸν
2400 1879 2569 1947 Λόγον
2605 1879 2935 1948 θεολογήσας
2959 1878 3062 1947 (2),
3091 1876 3222 1928 Θεόν
3254 1873 3427 1926 τεκαὶ
3462 1870 3686 1941 βασιλέα
3721 1871 3850 1937 ὁμο·

591 1963 809 2018 εσειιυπι
834 1979 848 2028 ;
872 1973 924 2018 et
947 1971 1216 2033 quomodo
1243 1964 1501 2029 Verbum,
1530 1983 1651 2022 cum
1684 1965 1824 2021 Deus
1860 1976 2025 2029 esset,
2069 1982 2171 2018 un-

591 2064 739 2108 ctum
767 2055 965 2114 fuerit:
1000 2056 1101 2110 nisi
1131 2058 1255 2126 quia
1295 2071 1517 2126 prorsus
1563 2057 1702 2111 idem
1731 2067 1872 2121 erat,
1907 2058 1998 2126 qui
2032 2057 2172 2110 servi

592 2144 818 2200 formam
846 2146 948 2201 sibi
973 2147 1243 2210 induerat,
1271 2148 1356 2200 cui
1384 2157 1438 2201 et
1469 2147 1705 2201 chrisma
1729 2148 2007 2211 suscipere
2037 2163 2171 2203 con-

588 2237 1057 2290 venientissimum
1085 2235 1209 2289 fuit?
1244 2236 1395 2302 Quod
1419 2237 1463 2291 si
1492 2235 1630 2290 forte
1656 2236 1918 2302 dixerint,
1944 2246 2168 2306 pr0pter

588 2341 741 2381 suam
781 2326 835 2380 in
875 2328 1130 2390 homine,
1169 2338 1227 2380 ut
1262 2328 1362 2396 ipsi
1408 2327 1844 2390 hallucinantur,
1898 2327 2171 2380 inhabita-

591 2418 816 2481 tionem,
837 2417 1000 2472 Verbi
1025 2431 1308 2486 personam
1332 2416 1646 2471 chrismatis
1669 2418 1842 2472 instar
1865 2418 2169 2484 exstitisse;

590 2508 645 2563 bi
679 2509 859 2563 sciant
885 2508 1070 2574 velim,
1107 2508 1554 2564 inhabitationem
1589 2524 1693 2562 non
1733 2511 1799 2563 de
1825 2510 2043 2564 Christo
2078 2509 2172 2564 sed

589 2601 656 2655 de
691 2601 972 2669 prophetis
1009 2600 1238 2669 aliisque
1282 2601 1484 2654 sanctis
1526 2600 1630 2655 dici
1674 2616 1690 2654 :
1727 2602 2011 2667 praedictas
2047 2617 2173 2656 vero

589 2691 893 2746 locutiones
915 2705 1241 2759 magnopere
1258 2692 1526 2746 excedere
1544 2692 1960 2746 inhabitationis
1985 2694 2172 2746 termi-

590 2795 689 2834 nos
720 2781 834 2834 sive
862 2781 997 2833 vim.
1027 2778 1215 2851 lue
1239 2779 1381 2849 Ergo
1405 2781 1507 2834 etsi
1534 2777 1747 2835 Deusin
1775 2781 1977 2836 sanctis
2000 2781 2175 2835 omni-

588 2875 691 2928 bus
717 2872 944 2936 habitat,
969 2873 1132 2941 hique
1151 2872 1472 2926 sanctificati
1500 2881 1628 2926 sunt
1652 2881 1706 2926 et
1725 2872 1890 2937 uncti,
1909 2886 2066 2926 nemo
2097 2881 2176 2925 ta-

590 2978 717 3016 men
762 2977 915 3031 :eque
963 2977 1026 3016 ac
1059 2963 1174 3032 ipse
1204 2962 1575 3016 sanctiﬁcatus
1605 2971 1909 3030 unctusque
1951 2961 2170 3017 dicitur.

591 3052 648 3108 Si
675 3068 804 3124 ergo
837 3055 948 3118 isti,
975 3055 1040 3108 ad
1070 3060 1382 3110 sanctorum
1414 3053 1849 3119 similitudinem,
1879 3056 1930 3107 in
1955 3053 2174 3108 Christo

590 3160 808 3215 quoque
845 3145 1179 3201 inhabitasse
1213 3146 1383 3201 Deum
1414 3146 1587 3209 aiunt,
1624 3147 1892 3200 constabit
1920 3146 2172 3201 omnibus

591 3240 829 3309 ipsorum
875 3240 1273 3310 irreligiositas,
1321 3241 1388 3295 ab
1436 3240 1729 3309 apostolica
1769 3241 2016 3296 doctrina
2059 3249 2171 3293 toto

589 3334 730 3388 celo
761 3334 1044 3387 aberrans.

661 3531 716 3587 8.
749 3531 962 3587 Etenim
987 3533 1051 3586 de
1072 3531 1349 3602 pr0phetis
1376 3530 1703 3600 Christoque
1727 3531 2004 3586 disserens
2031 3529 2169 3585 Pau-

592 3623 699 3688 lus,
735 3624 1025 3678 immanem
1067 3622 1226 3691 hujus
1264 3623 1332 3675 ab
1371 3621 1479 3676 illis
1527 3621 1887 3676 differentiam
1928 3638 2028 3677 nos
2069 3624 2167 3678 do-

592 3725 700 3779 cet,
729 3713 864 3784 ejus,
904 3715 1150 3783 inquam,
1179 3714 1267 3782 qui
1291 3723 1487 3768 unctus
1503 3715 1724 3769 dicitur.
1760 3713 2008 3783 Namque
2029 3715 2169 3768 hunc

593 3807 809 3878 quidem
837 3816 891 3861 et
920 3806 1113 3860 Filium
1157 3816 1211 3860 et
1236 3804 1418 3860 Patris
1442 3805 1809 3874 splendorem,
1846 3816 1900 3860 et
1939 3808 2166 3876 figuram

593 3900 907 3954 substantia:
956 3900 1160 3969 ipsius,
1216 3898 1338 3952 illos
1392 3908 1572 3952 autem
1616 3900 1910 3967 prophetas
1953 3908 2163 3951 tantum

594 3990 829 4060 appellat
861 4007 876 4044 :
910 3990 1217 4058 mirumque
1264 3998 1368 4053 est,
1410 3990 1552 4057 quod
1590 3989 1735 4043 inter
1773 3999 1852 4043 tot
1890 3987 2163 4051 sublimia,

595 4083 866 4138 unctionis
906 4096 1120 4152 quoque
1172 4082 1310 4134 idem
1357 4080 1486 4136 facit
1533 4083 1883 4135 mentionem.
1921 4100 1940 4132 ι
1985 4081 2172 4135 Multi-

594 4173 786 4227 fariam
821 4176 989 4234 enim,
1036 4173 1232 4240 inquit,
1285 4173 1576 4244 multisque
1630 4173 1804 4227 modis
1855 4172 1982 4227 olim
2025 4173 2166 4226 Deus

593 4265 804 4318 locutus
829 4264 1076 4336 patribus
1105 4279 1200 4332 per
1232 4265 1550 4331 pmphetas,
1584 4265 1899 4317 novissimis
1934 4264 2018 4317 his
2047 4267 2164 4318 die-

591 4355 691 4408 bus
713 4353 921 4407 locutus
945 4364 1028 4406 est
1047 4353 1202 4406 nobis
1219 4367 1314 4420 per
1333 4353 1549 4416 Filium,
1574 4369 1731 4422 quem
1757 4354 2039 4408 constituit
2058 4355 2163 4407 bre-

593 4443 776 4496 redem
824 4442 1202 4496 universorum
1232 4481 1245 4504 ,
1290 4456 1385 4510 per
1447 4456 1607 4509 quem
1647 4439 1773 4494 fecit
1799 4440 1988 4494 satcula
2023 4457 2036 4492 :
2073 4443 2162 4509 qui

2274 1969 2531 2037 λογήσας,
2555 1969 2615 2020 οὐ
2644 1968 2852 2029 διελὼν,
2873 1967 2993 2019 οὐδὲ
3015 1967 3101 2018 ’έτε
3113 1982 3203 2036 ρον
3223 1963 3514 2033 πρόσωπον
3537 1958 3850 2025 εἰσενέγκας

2273 2061 2441 2130 αὐτῷ,
2473 2062 2566 2114 καὶ
2596 2060 2658 2112 τὸ
2708 2058 2995 2129 κεχρῖσθαι
3028 2058 3280 2126 είρηκενς
3323 2055 3641 2121 Λεγέτωσαν
3669 2046 3762 2104 οὖν
3799 2049 3850 2100 τί

2274 2151 2418 2201 ἐστιν
2439 2149 2499 2200 τὸ
2527 2149 2821 2216 λεγόμενον
2842 2162 2856 2178 ⁶
2890 2147 3007 2209 πῶς
3027 2147 3082 2199 δὲ
3108 2146 3240 2207 Θεὸς
3264 2143 3339 2196 ὢν
3364 2145 3392 2195 6
3417 2142 3586 2208 Λόγος
3615 2141 3849 2208 ἐχρίετο,

2273 2239 2387 2293 ἀλλ’
2428 2240 2460 2310 ἢ
2494 2239 2712 2302 πάντως
2734 2241 2815 2292 ὃτι
2846 2238 3008 2299 αὐτὸς
3030 2233 3096 2307 ἦν
3118 2237 3144 2288 ό
3167 2235 3262 2305 τὴν
3290 2234 3383 2287 τοῦ
3415 2232 3600 2286 δούλου
3638 2231 3853 2301 μορφὴν

2274 2325 2710 2399 ἐνδυσάμενος,ᾖ
2742 2329 2835 2381 καὶ
2866 2329 2924 2380 τὸ
2954 2328 3163 2397 χρίσμα
3182 2324 3479 2395 λαμϐάνειν
3512 2323 3596 2392 εἵη
3625 2323 3690 2374 ἂν
3721 2337 3853 2390 πρε-

2275 2419 2653 2483 πωδέστατον;
2705 2420 2824 2471 Κᾶν
2867 2418 2976 2488 γὰρ
3023 2418 3255 2485 λέγωσιν
3293 2415 3380 2468 διὰ
3431 2414 3528 2484 τὴν
3568 2412 3707 2482 πρὸς
3760 2412 3852 2463 τὸν

2274 2507 2560 2581 ἄνθρωπον
2586 2510 2881 2578 ἐνοίκησιν,
2911 2510 2987 2571 ὼς
3012 2509 3166 2561 αὐτοὶ
3192 2507 3523 2572 πλανῶνται,
3555 2499 3648 2557 τοῦ
3677 2504 3850 2570 Λόγου

2276 2602 2566 2672 πρόσωπον
2587 2602 2648 2654 τὸ
2674 2604 2882 2673 χρίσμα
2903 2602 3176 2669 λέγεσθαι,
3205 2599 3625 2669 μανθανέτωσαν
3659 2596 3851 2663 ὅτιπερ

2274 2691 2544 2761 ὲνοίκησις
2575 2695 2675 2745 οὐκ
2724 2694 2817 2746 ἐπὶ
2864 2692 2958 2745 τοῦ
2995 2691 3254 2762 Χριστοῦ,
3289 2690 3405 2746 ἀλλ’
3439 2691 3532 2742 ἐπὶ
3576 2688 3684 2741 τῶν
3717 2704 3853 2757 προ-

2274 2782 2462 2851 φητῶν
2485 2783 2581 2835 καὶ
2608 2783 2716 2834 τῶν
2747 2782 2921 2836 ἄλλων
2951 2783 3120 2850 ἁγίων
3141 2782 3380 2849 λέγεται,
3406 2783 3498 2832 καὶ
3529 2779 3851 2849 ὑπερϐαίνει

2275 2872 2480 2944 σφόδρα
2511 2873 2638 2936 τοὺς
2662 2874 2757 2943 τῆς
2780 2874 3106 2946 ἐνοικήσεως
3135 2874 3294 2943 ὄρους
3314 2874 3375 2925 τὸ
3399 2873 3715 2942 λεγόμενον·
3755 2871 3853 2924 καὶ

2273 2963 2403 3032 γοῦν
2461 2965 2842 3035 ἐνοικήσαντος
2872 2965 2963 3018 τοῦ
3015 2965 3148 3019 Θεοῦ
3187 2967 3246 3017 ὲν
3289 2969 3398 3028 τοῖς
3439 2965 3612 3033 ἁγίοις
3661 2967 3849 3027 πᾶσιν,

2274 3055 2650 3125 ἁγιαζομένων
2689 3074 2746 3108 τε
2779 3057 2871 3109 καὶ
2897 3058 3218 3127 χρωμένων,
3251 3057 3311 3110 οὐ
3334 3058 3550 3124 λέγεται
3581 3057 3657 3120 ὠς
3687 3057 3852 3119 αὐτὸς

2275 3146 2633 3215 ἁγιαζόμενος
2665 3147 2696 3214 ἢ
2735 3147 3051 3216 χριόμενος·
3077 3149 3124 3200 εί
3160 3148 3258 3217 μὲν
3287 3144 3379 3200 οὖν
3409 3146 3529 3202 καθ’
3557 3147 3852 3217 ὁμοιότητα

2273 3236 2382 3289 τῶν
2419 3237 2610 3304 ἁγίων,
2647 3239 2742 3290 καὶ
2781 3237 2866 3290 ἐπ’
2911 3237 3074 3291 αὑτοῦ
3114 3241 3211 3309 τὴν
3250 3238 3525 3308 ἐνοίκησιν
3572 3239 3848 3306 λέγουσιν,

2273 3327 2494 3396 ἔκδηλος
2521 3327 2553 3396 ἡ
2590 3327 2814 3381 ἀσέϐεια
2839 3330 3007 3381 πᾶσιν
3035 3329 3209 3393 ἔσται,
3235 3330 3329 3382 καὶ
3357 3330 3454 3399 τῆς
3483 3328 3853 3398 ἁποστολικῆς

2270 3417 2618 3480 διδασκαλίας
2654 3420 2934 3482 παντελῶς
2966 3421 3241 3490 ἀλλοτρία.

2339 3536 2408 3598 η’.
2450 3529 2586 3599 Περὶ
2623 3530 2720 3599 μὲν
2748 3529 2854 3600 γὰρ
2882 3530 2987 3583 τῶν
3016 3532 3333 3602 προςρητῶν,
3358 3532 3451 3586 καί⁸
3474 3532 3566 3584 τοῦ
3603 3532 3851 3601 Χριστοῦ

2270 3621 2649 3690 διαλεγόμενος
2668 3623 2695 3674 6
2721 3622 2951 3684 Παῦλος,
2980 3623 3306 3694 ἀσύγκριτον
3337 3624 3526 3677 τούτου
3551 3624 3686 3695 πρὸς
3707 3626 3856 3677 ὲκεί-

2270 3728 2393 3773 νους
2425 3711 2687 3781 διαφοράν
2712 3714 2856 3782 ἡμᾶς
2881 3710 3140 3775 ἐδίδαξεν,
3167 3713 3311 3780 λέγω
3338 3712 3400 3784 δὴ
3422 3711 3517 3766 τοῦ
3550 3712 3854 3782 λεγομένου

2270 3800 2549 3872 κεχρῖσθαι
2567 3817 2578 3829 ·
2621 3801 2710 3853 τὸν
2737 3803 2836 3871 μὲν
2863 3804 2990 3873 γὰρ,
3019 3803 3147 3856 Υἱὸν
3171 3805 3265 3856 καὶ
3293 3803 3388 3857 τοῦ
3427 3804 3637 3874 Πατρὸς
3669 3804 3856 3856 ἀπαύ-

2269 3909 2460 3963 γασμα
2491 3894 2585 3946 καὶ
2626 3894 2953 3964 χαρακτῆρα
2977 3895 3078 3964 τῆς
3109 3895 3462 3958 ὑποστάσεως
3492 3894 3658 3948 αὑτοῦ
3678 3912 3690 3924 ·
3719 3897 3857 3957 τοὺς

2266 3984 2344 4048 δὲ,
2383 3986 2668 4053 προφήτας
2700 3986 2984 4054 ὠνόμασεν
3007 4004 3020 4018 ⁸
3051 3986 3142 4038 καὶ
3181 3987 3241 4038 τό
3287 4004 3350 4052 γε
3385 3986 3724 4057 θαυμαστὸν,
3767 3988 3856 4040 ὅτι

2271 4075 2427 4145 μετὰ·
2443 4076 2650 4129 τούτων
2686 4077 2795 4130 τῶν
2828 4078 3070 4148 ὑψηλῶν,
3105 4079 3198 4132 τοῦ
3241 4081 3540 4151 χρίσματος
3566 4081 3659 4131 καὶ
3685 4078 3856 4141 αὐτὸς

2266 4167 2704 4236 ἐμνημόνευσενο
2756 4189 2772 4217 ι
2808 4170 3136 4240 Πολυμερῶς
3170 4174 3300 4241 γὰρ,
3334 4171 3518 4240 φησιν,
3547 4173 3639 4224 καὶ
3680 4170 3856 4222 πολυ-

2266 4260 2483 4331 τρόπως
2511 4261 2681 4314 πάλαι
2716 4262 2744 4313 6
2779 4261 2908 4324 Θεὸς
2933 4262 3173 4332 λαλήσας
3203 4266 3312 4326 τοῖς
3343 4263 3612 4333 πατράσιν
3647 4264 3703 4315 ἐν
3736 4265 3856 4323 τοῖς

2275 4350 2595 4421 προφήταις,
2630 4352 2717 4404 ἐπ’
2749 4352 2989 4422 ἐσχάτων
3027 4353 3134 4406 τῶν
3160 4354 3380 4425 ἡμερῶν
3416 4352 3618 4406 τούτων
3653 4352 3857 4421 ὲλάληο

2268 4458 2359 4495 σεν
2388 4445 2518 4511 ἡμῖν
2545 4444 2603 4495 ἐν
2632 4442 2766 4512 Υίῷ,
2790 4443 2848 4496 ὃν
2869 4444 3031 4514 ἔθηκε
3060 4445 3398 4514 κληρονόμον
3426 4445 3662 4507 πάντων,
3694 4443 3765 4496 δι’
3787 4437 3855 4495 οὗ

591 4547 713 4585 cum
751 4533 821 4586 sit
854 4532 1108 4600 splendor
1134 4531 1321 4599 gloria:
1359 4541 1414 4585 et
1465 4535 1632 4602 figura
1680 4533 1993 4586 substantias
2022 4533 2157 4600 ejus,

2274 4533 2489 4601 εποίησε
2526 4535 2652 4597 τοὺς
2681 4535 2879 4598 αἰῶνας
2901 4553 2916 4568 ο
2944 4536 3001 4598 ὃς
3034 4535 3109 4587 ῶν
3138 4535 3480 4604 ἀπαύγασμα
3521 4533 3620 4601 τῆς
3663 4533 3855 4603 δόξης,

589 4632 923 4692 portansque
956 4624 1135 4675 omnia
1167 4624 1330 4675 verbo
1369 4623 1590 4676 vit-tutis
1620 4637 1748 4685 suae,
1801 4634 1922 4688 post
1960 4638 2148 4692 purga-

589 4715 789 4773 tionem
821 4723 1163 4782 peccatorum
1194 4713 1410 4779 factam,
1431 4714 1677 4768 consedit
1701 4714 1754 4767 in
1786 4715 2012 4768 dextera
2041 4730 2156 4765 ma-

585 4802 797 4870 iestatis
827 4802 879 4855 in
903 4802 1130 4856 excelsis
1158 4803 1225 4855 ³⁸.
1264 4821 1280 4854 ι
1315 4803 1379 4855 Et
1423 4803 1584 4871 paulo
1630 4813 1751 4872 post
1793 4804 1867 4856 ait
1896 4819 1910 4853 :
1948 4822 1966 4854 ι
1999 4804 2061 4857 Ει
2092 4805 2156 4858 ad

590 4894 810 4963 angelos
841 4895 1057 4962 quidem
1093 4895 1223 4948 dicit
1256 4913 1268 4948 :
1303 4896 1402 4960 Qui
1439 4895 1568 4949 facit
1597 4896 1818 4964 angelos
1835 4911 1962 4950 suos
1994 4897 2160 4964 spiri-

591 4996 696 5049 tus,
735 4995 788 5039 et
822 4986 1101 5040 ministros
1144 5001 1272 5041 suos
1317 4989 1591 5041 flammam
1629 4988 1800 5057 ignis;
1853 4989 1919 5042 ad
1957 4987 2152 5040 Filium

590 5087 769 5130 autem
813 5092 827 5128 :
860 5078 1114 5132 Thronus
1166 5086 1307 5138 tuus.
1345 5077 1520 5144 Deus,
1557 5079 1608 5131 in
1643 5079 1898 5133 szeculum
1929 5079 2110 5134 saculi
2143 5097 2154 5143 ;

592 5169 738 5238 virga
767 5169 1057 5237 aequitatis,
1090 5170 1238 5239 virga
1281 5170 1432 5238 regni
1468 5170 1567 5224 tui.
1601 5170 2156 5238 Dilexistijustitiam,

590 5268 644 5310 et
671 5260 831 5312 odisti
859 5260 1197 5326 iniquitatem
1227 5278 1238 5310 ε
1275 5271 1559 5329 prapterea
1589 5262 1746 5313 unxit
1773 5272 1822 5315 te
1857 5263 1995 5315 Deus
2022 5261 2160 5316 Deus

596 5359 716 5401 tuus
767 5348 887 5402 oleo
937 5351 1322 5405 exsultationis
1350 5352 1458 5419 pra:
1510 5353 1865 5421 participibus
1909 5353 2098 5407 tuis".
2137 5371 2152 5402 ›

663 5526 710 5555 ⁵⁸
749 5524 884 5577 Psal.
922 5542 1138 5593 Lxxxvt,
1167 5529 1217 5581 5.
1297 5531 1341 5558 ⁵³
1376 5530 1518 5584 Psal.
1559 5546 1699 5589 κων,
1736 5534 1784 5590 7.
1817 5533 1862 5585 3.

668 5703 835 5779 (l)lta
865 5706 1326 5779 interpungituriu
1352 5716 1580 5779 utroque
1599 5710 2004 5779 Cyrillicodice,
2034 5726 2156 5762 nrr-

602 5790 704 5830 non
736 5778 788 5830 in
821 5777 1055 5833 editione
1086 5777 1339 5834 Vaticana
1361 5777 1655 5835 liiblioruui
1678 5781 2008 5835 Grazrorum.

2263 4624 2357 4676 καὶ
2383 4623 2673 4694 χαρακτὴρ
2706 4624 2805 4690 τῆς
2843 4626 3191 4688 ὑποστάσεως
3237 4624 3425 4687 αὑτοῦ,
3465 4624 3644 4696 φέρων
3685 4641 3748 4676 τε
3781 4626 3857 4676 τὰ

2270 4716 2449 4769 πάντα
2471 4715 2550 4785 τῷ
2580 4718 2784 4787 ῥήματι
2813 4717 2913 4787 τῆς
2949 4717 3231 4787 δυνάμεως
3278 4717 3465 4781 αὐτοῦ,
3501 4715 3857 4785 καθαρισμδν

2265 4807 2374 4860 τῶν
2407 4808 2689 4878 ἁμαρτιῶν
2737 4809 3126 4879 ποιησάμενος,
3175 4808 3428 4862 ἐκάθισεν
3456 4811 3513 4861 ὲν
3548 4806 3698 4877 δεξιᾷ
3747 4807 3855 4874 τῆς

2271 4899 2667 4970 μεγαλωσύνης
2699 4902 2755 4953 ὲν
2787 4900 3029 4971 ὑψηλοῖς.
3075 4919 3092 4951 ι
3145 4900 3254 4953 Καὶ
3304 4899 3423 4969 μετ’
3454 4899 3610 4965 ὀλίγα
3643 4900 3814 4968 φησίν
3840 4915 3855 4927 ο

2273 5012 2289 5042 ι
2326 4993 2434 5044 Καὶ
2468 4993 2606 5064 πρὸς
2643 4994 2739 5064 μὲν
2773 4994 2900 5056 τοὺς
2935 4992 3199 5061 ἀγγέλους
3232 4991 3412 5060 λέγει·
3443 4991 3501 5043 ὐ
3525 4990 3693 5042 ποιῶν
3723 4991 3858 5052 τοὺς

2267 5084 2530 5152 ἀγγέλους
2559 5085 2724 5137 αὐτοῦ
2762 5085 3066 5154 πνεύματα,
3105 5083 3198 5136 καὶ
3229 5084 3353 5145 τοὺς
3381 5082 3732 5150 λειτουργοὺς
3757 5080 3858 5132 αὑο

2267 5177 2359 5227 τοῦ
2393 5177 2562 5248 πυρὸς
2597 5178 2795 5246 φλόγαε
2834 5177 2971 5247 πρὸς
2998 5177 3053 5229 δὲ
3080 5176 3169 5228 τὸν
3191 5176 3348 5228 Υἱόν’
3395 5175 3451 5226 '0
3479 5173 3666 5244 θρόνος
3699 5189 3796 5224 σου
3831 5175 3859 5223 6

2268 5267 2420 5330 Θεὸς,
2449 5270 2528 5330 εἰς
2559 5269 2647 5320 τὸν
2681 5268 2852 5322 αἰῶνα
2878 5268 2973 5320 τοῦ
3005 5267 3200 5330 αἰῶνος
3221 5284 3232 5296 ·
3270 5265 3465 5337 ῥάϐδος
3491 5263 3788 5334 εὐθύτητος
3823 5267 3858 5331 ὴ

2271 5356 2465 5423 ῥάϐδος
2507 5359 2602 5427 τῆς
2649 5359 2922 5426 βασιλείας
2958 5377 3049 5411 σου
3076 5377 3087 5388 ’
3139 5359 3436 5428 ὴγάπησας
3462 5357 3858 5428 δικαιοσύνην,

1950 5532 1993 5561 ⁵⁸
2029 5531 2194 5586 lleltr.
2230 5549 2267 5595 ι,
2305 5533 2422 5587 1-7.
2503 5534 2546 5563 ⁵⁷
2585 5533 2712 5587 ibid.
2753 5535 2806 5597 8,
2839 5533 2891 5586 9.

2341 5711 2415 5779 (9)
2446 5711 2617 5764 Simili
2665 5709 2936 5764 locutione
2985 5710 3155 5776 utitur
3207 5708 3466 5765 Eusebius
3515 5708 3567 5764 iu
3612 5711 3859 5765 secundo

2268 5781 2617 5848 Throplmniw
2658 5780 2973 5849 fragmento.
