4078 6348
171 392 266 447 265

1243 388 1431 455 QUOD
1470 389 1529 443 B.
1574 386 1788 443 MARIA
1828 382 1935 440 SIT
1978 382 2297 440 DEIPARA.

3277 376 3385 435 260

174 514 257 567 καὶ
295 510 560 579 ἐμίσησας
585 506 795 561 ἀδικίαν
819 520 834 535 ⁶
862 501 949 559 διὰ
974 505 1130 559 τοῦτο
1159 504 1370 575 ἔχρισέν
1404 520 1460 558 σε
1484 508 1512 558 6
1540 504 1671 568 Θεὸς
1696 506 1723 558 6

1835 502 2022 558 Cernis
2073 516 2237 569 quam
2297 497 2472 553 aliena
2520 495 2590 552 sit
2636 508 2665 549 a
2714 493 2931 550 Christo
2976 494 3385 552 inhabitationis

171 603 293 665 Θεός
339 616 433 653 σου
484 599 661 650 ἔλαιον
706 596 1077 665 ἀγαλλιάσεως
1112 596 1261 665 παρά
1288 598 1414 658 τοὺς
1462 596 1723 665 μετόχους

173 709 278 745 σου.
311 709 327 741 ι
367 690 602 756 Θεωρεῖς
649 687 722 749 ὡς
755 686 958 755 σφόδρα
999 684 1275 754 ἀλλότριος
1322 686 1414 738 ἐπὶ
1449 685 1545 738 τοῦ
1592 686 1725 756 Χρι-

173 778 292 831 στοῦ
321 780 347 829 ὁ
379 777 477 843 τῆς
506 776 827 843 ἐνοικήσεως
858 774 1013 842 ὅροςς
1046 774 1106 824 Ei
1134 772 1189 825 δὲ
1218 772 1462 839 λέγουσιν
1491 772 1724 825 ἐνταῦθα

171 868 261 939 τὴν
287 868 555 933 ἐνοίκησιν
590 865 662 933 μὴ
696 866 805 924 τοῖς
834 860 1006 934 ἁγίοις
1027 861 1243 931 ὁμοίως,
1275 862 1411 914 ἀλλά
1436 862 1556 915 καθ’
1590 862 1724 914 ἔνω-

173 976 249 1012 σιν
284 958 373 1009 τὸν
409 956 578 1023 Λόγον
613 954 746 1023 πρὸς
776 952 1059 1022 ἄνθρωπον
1087 956 1150 1005 ὲκ
1190 952 1286 1021 τῆς
1325 952 1599 1022 Παρθένου
1635 963 1724 1003 τε-

169 1050 359 1119 χθέντα
387 1045 739 1115 γεγενῆσθαι,
786 1046 845 1096 οὐ
876 1044 1095 1096 δυνατὸν
1133 1045 1229 1113 μὲν
1276 1043 1412 1112 μετά
1446 1042 1543 1112 τὴν
1593 1043 1727 1095 ἀπο-

169 1138 358 1208 κύησιν
405 1138 598 1188 ἓνωσιν
645 1134 821 1204 ἀληθῆ
872 1134 1143 1201 λέγεσθαι,
1177 1134 1292 1186 ἀλλ’
1344 1133 1376 1202 ἢ
1435 1134 1592 1203 μόνον
1629 1133 1727 1203 τὴν

170 1228 303 1281 κατά
332 1228 485 1297 χάριν
518 1228 612 1279 καὶ
648 1227 879 1296 μετοχὴν
911 1225 1006 1278 τοῦ
1039 1225 1194 1289 Θεοῦ,
1224 1226 1300 1286 ὡς
1340 1226 1397 1277 ὲν
1424 1228 1533 1287 τοῖς
1554 1225 1726 1293 ἁγίοις

169 1318 325 1372 πάλιν
360 1320 589 1385 ἐγένετο.

230 1411 294 1462 θ’.
322 1411 385 1464 Ei
408 1410 462 1461 δὲ
489 1408 720 1461 ἐνταῦθα
746 1409 843 1479 τὴν
871 1409 1144 1479 ἐνοίκησιν
1162 1408 1357 1462 ἕνωσιν
1380 1405 1517 1461 εἶναι
1542 1407 1727 1475 λέγου·

169 1502 387 1565 σιν,οὐκ
425 1504 482 1553 ἐν
509 1504 573 1570 τῇ
616 1502 896 1571 Παρθένῳ,
934 1501 1066 1554 ἀλλά
1105 1502 1239 1570 μετά
1282 1502 1341 1553 τὸ
1380 1501 1631 1569 τεχθῆναι
1668 1500 1725 1563 ἐξ

168 1589 355 1658 αὐτῆς,
387 1591 517 1658 φέρε
559 1592 651 1641 καὶ
693 1590 835 1641 οῦτω
861 1591 919 1642 τὸ
950 1589 1237 1658 λεγόμενον
1267 1589 1626 1655 ἐξετάσωμεν.
1663 1588 1725 1640 El

167 1680 245 1732 διὰ
269 1680 424 1732 τοῦτο
450 1682 527 1741 είς
557 1681 615 1732 τὸ
650 1680 743 1732 τοῦ
774 1681 944 1745 Λόγου
977 1680 1269 1749 πρόσωπον
1300 1678 1359 1729 τὸ
1388 1678 1610 1747 χρίσμα.
1640 1675 1728 1729 El-

170 1771 361 1840 ρῆσθαι
399 1770 668 1837 λέγουσιν,
706 1771 791 1822 διὰ
840 1770 900 1821 τὸ
949 1772 1184 1822 συνεῖναι
1214 1768 1308 1820 καὶ
1353 1767 1615 1836 ἡνῶσθαι,
1650 1767 1727 1829 ὡς

1830 592 2119 648 deﬁnitio?
2152 592 2304 658 Quod
2332 591 2378 645 si
2412 589 2495 643 hie
2529 588 2712 643 dicant
2744 587 3192 641 inhabitationem
3243 588 3384 641 haud

1829 695 2085 753 tanquam
2115 685 2166 736 in
2197 682 2402 737 sanctis
2431 720 2445 744 ,
2502 681 2593 735 sed
2642 693 2759 733 eam
2800 692 2920 746 quas
2946 677 3086 732 facta
3128 676 3290 733 fuerit
3316 690 3385 731 ex

1826 776 2204 843 conjunctione
2230 772 2389 829 Verbi
2423 788 2543 827 cum
2584 771 2805 827 homine
2858 772 2923 825 de
2977 770 3193 840 Virgine
3237 784 3387 833 nato.

1828 867 2217 934 respondemus
2246 866 2442 919 nullam
2474 865 2639 919 licere
2670 875 2790 932 post
2820 874 3037 932 partum
3066 865 3247 918 dicere
3304 865 3388 916 fa-

1833 967 1974 1012 ctam
2006 957 2467 1023 coniunctionem,
2498 956 2602 1010 nisi
2632 970 2746 1010 eam
2766 970 2886 1025 quae
2925 970 2989 1009 ex
3017 955 3185 1023 gratia
3214 961 3268 1007 et
3297 953 3390 1006 Dei

1826 1048 2238 1119 participatione
2263 1048 2340 1112 iit,
2388 1047 2693 1116 cuiusmodi
2724 1061 2912 1103 rursus
2952 1047 3038 1102 aio
3084 1045 3228 1101 illam
3263 1059 3391 1101 san-

1826 1146 2035 1193 ctorum
2058 1153 2177 1192 eum
2209 1136 2318 1192 Deo
2346 1137 2509 1191 fuisse

1896 1398 1950 1452 9.
1978 1399 2128 1465 Quod
2166 1398 2207 1453 si
2253 1394 2516 1453 vocabulo
2566 1396 2916 1452 habitationis
2959 1396 3389 1464 coniunctionem

1827 1488 2131 1556 intelligunt
2148 1504 2249 1543 non
2267 1487 2410 1543 illam
2428 1488 2568 1542 intra
2590 1487 2864 1555 Virginem
2891 1489 3108 1551 factam,
3134 1490 3225 1541 sed
3247 1498 3393 1555 post-

1825 1594 1984 1647 quam
2002 1579 2156 1634 .lesus
2183 1582 2249 1633 de
2279 1581 2391 1647 ipsa
2424 1588 2581 1633 natus
2608 1580 2804 1641 fuerat,
2838 1592 2957 1648 age,
2998 1581 3049 1634 id
3077 1594 3291 1648 quoque
3322 1580 3389 1631 ad

1832 1672 2087 1723 trutinam
2119 1673 2512 1739 expendamus.
2548 1672 2607 1726 Si
2642 1673 2844 1726 idcirco
2870 1672 2935 1728 de
2966 1670 3129 1726 Verbi
3158 1685 3392 1741 persona

1830 1762 2143 1816 unctionem
2172 1763 2519 1831 praedicatam
2544 1764 2716 1825 aiunt.
2742 1763 2869 1832 quia
2901 1762 3247 1830 coniunctum
3275 1764 3395 1816 uni-

167 1861 310 1913 αὐτοί
342 1878 497 1928 φασι,
527 1861 605 1929 τῷ
634 1860 902 1929 ἀνθρώπῳ
926 1860 1014 1911 τὸν
1037 1861 1228 1927 Λόγον,
1254 1860 1464 1921 πάντως
1495 1860 1574 1911 ὅτι
1608 1859 1726 1927 μεθ’

1835 1861 2058 1918 tumque
2087 1852 2271 1916 fuerit,
2303 1861 2363 1905 ut
2388 1854 2486 1921 ipsi
2518 1854 2691 1920 aiunt,
2747 1854 2948 1908 homini
3004 1854 3254 1918 Verbum,
3281 1868 3397 1907 om-

166 1952 353 2003 ἓνωσιν
398 1951 559 2003 αὑτὸν
612 1951 892 2019 κεχρίσθαι
939 1952 1114 2011 λέγειν
1140 1951 1199 2013 ὲξ
1220 1951 1463 2019 ἀνάγκης
1497 1952 1728 2020 ἀπαιτη-

168 2039 456 2107 θήσονται·
491 2041 578 2092 τὸν
610 2042 717 2110 γὰρ
757 2041 889 2093 Θεὸν
925 2042 1094 2108 Λόγον
1141 2045 1168 2096 6
1204 2044 1507 2112 προφήτης,
1543 2042 1620 2094 ἔτι
1665 2059 1726 2108 γε

171 2133 270 2202 μὴν
294 2134 388 2186 καὶ
414 2134 441 2183 ὁ
479 2134 799 2195 ’Λπόστολος
832 2134 1182 2202 θεολογήσας,
1221 2132 1369 2202 αὑτῷ
1402 2136 1496 2188 καὶ
1524 2133 1582 2185 τὸ
1613 2134 1729 2203 χρί-

170 2239 276 2290 σμα
314 2222 563 2292 ῳανερῶς
587 2223 877 2291 ἀνέθηκεν.
916 2222 978 2276 Εἰ
1035 2225 1214 2277 τοίνυν
1251 2224 1335 2275 διὰ
1378 2226 1476 2294 τὴν
1516 2223 1728 2287 ἕνωσιν,

166 2313 255 2364 καὶ
281 2313 342 2365 τὸ
378 2317 616 2365 συνεῖναι
642 2315 799 2366 αὑτὸν
820 2316 896 2383 τῷ
921 2314 1210 2385 ἀνθρώπῳ,
1236 2315 1296 2366 τὸ
1325 2314 1416 2366 τοῦ
1440 2314 1727 2383 ἀνθρώπου

166 2402 237 2473 τῷ
274 2405 431 2472 Λόγῳ
471 2404 879 2474 προσάπτουσιν
914 2408 960 2458 οἱ
1009 2406 1174 2472 ἆγιοι,
1211 2406 1347 2474 μετά
1389 2407 1485 2473 τὴν
1534 2406 1729 2457 ’ἐνωσιν

166 2494 293 2546 αὐτὸ
321 2494 382 2546 τὸ
411 2494 617 2564 χρίσμα
652 2495 978 2563 γεγενῆσθαι
1012 2496 1226 2557 πάντως
1264 2494 1688 2563 ὁμολογήσουσιν
1713 2511 1726 2525 ’

165 2588 209 2637 εἰ
239 2586 294 2639 δὲ
337 2587 478 2655 μετά
507 2590 605 2655 τὴν
644 2589 835 2639 ἕνωσιν
872 2586 1175 2655 κέχρισται,
1210 2586 1307 2656 τὴν
1342 2587 1398 2639 δὲ
1444 2587 1634 2639 ἕνωσιν
1667 2587 1728 2639 οὐ

167 2678 442 2746 βούλονται
497 2678 677 2745 λέγειν
712 2677 841 2745 πρὶν
890 2679 954 2729 ἐκ
986 2676 1087 2746 τῆς
1127 2676 1403 2746 Παρθένου
1438 2677 1693 2747 τεχθῆναι
1715 2716 1730 2740 ,

163 2768 280 2820 οὐδὲ
328 2768 692 2837 Χριστοτόκος
721 2768 905 2819 οὐκέτι
955 2768 1091 2836 πρὸς
1147 2766 1324 2820 αὐτῶν
1377 2768 1409 2837 ἠ
1457 2766 1733 2837 Παρθένος

161 2850 659 2919 ὁμολογηθήσεται·
716 2851 763 2901 εἰ
816 2851 924 2919 γὰρ
974 2849 1358 2918 Χριστοτόκος,
1392 2850 1608 2910 πάντως
1651 2850 1733 2902 ὅτι

164 2941 252 2992 καὶ
283 2939 575 3001 Θεοτόκος·
609 2940 656 2991 εἰ
690 2939 743 2992 δὲ
776 2941 835 2992 οὐ
873 2940 1151 3003 Θεοτὸκος,
1184 2940 1303 2991 οὐδὲ
1336 2941 1692 3008 Χριστοτόκος
1715 2979 1727 2992 .

164 3032 222 3083 Εἰ
246 3031 357 3101 γὰρ
388 3032 446 3082 τὸ
476 3032 683 3101 χρίσμα
720 3032 857 3101 μετά
891 3031 985 3101 τὴν
1020 3032 1336 3094 ἓνωσιν,καὶ
1365 3031 1451 3083 διὰ
1472 3029 1627 3082 τοῦτο
1656 3032 1734 3093 εἰς

161 3118 218 3170 τὸ
240 3120 333 3172 τοῦ
368 3121 543 3186 Λόγου
574 3121 862 3187 πρόσωπον
887 3121 1043 3173 τοῦτο
1064 3121 1305 3187 λέγεται,
1328 3121 1426 3190 τὴν
1452 3122 1506 3174 δὲ
1542 3121 1733 3173 ἕνωσιν

1830 1942 1961 1995 uino
2001 1950 2121 2008 post
2168 1941 2604 2007 coniunctionem
2643 1944 2812 2012 ipsum
2848 1955 3064 1996 unctum
3098 1942 3259 1997 fuisse
3316 1944 3398 1995 di-

1830 2046 1954 2086 cere
1986 2035 2295 2088 necessario
2322 2043 2601 2102 cogentur.
2631 2033 2765 2088 Nam
2800 2034 2966 2089 Deum
2997 2032 3229 2089 Verbum
3265 2049 3394 2103 pro-

1830 2122 2014 2190 pheta,
2047 2137 2145 2176 nee
2175 2137 2279 2176 non
2310 2122 2599 2190 Apostolus
2648 2124 2951 2193 lbeologico
2998 2138 3247 2178 sermone
3297 2124 3393 2176 de-

1831 2214 2094 2278 scribens,
2116 2214 2291 2267 eidem
2310 2214 2469 2268 etiam
2496 2215 2803 2268 unctionem
2827 2214 3111 2269 manifeste
3129 2216 3392 2269 attribuit.

1831 2303 1889 2358 Si
1926 2302 2066 2356 forte
2106 2303 2270 2372 igitur
2313 2312 2532 2373 propter
2572 2303 3031 2371 coniunctionem,
3077 2313 3131 2357 et
3176 2313 3396 2371 prepter

1830 2394 1946 2462 eius
1982 2409 2105 2447 cum
2132 2394 2351 2447 homine
2376 2395 2841 2458 coexsistentiam,
2890 2394 3030 2462 quod
3053 2404 3135 2447 est
3166 2395 3397 2447 hominis

1829 2484 2108 2552 proprium
2138 2483 2315 2538 Verbo
2336 2486 2749 2539 accommodant
2787 2484 3029 2553 praedicti
3056 2486 3254 2549 sancti,
3289 2485 3396 2537 uti-

1833 2589 1941 2643 que
1967 2582 2088 2643 post
2119 2575 2551 2641 coniunctionem
2602 2576 2775 2643 ipsum
2797 2576 3032 2630 chrisma
3058 2575 3256 2630 factum
3281 2589 3403 2629 esse

1833 2680 2057 2732 prorsus
2090 2665 2513 2720 confitebuntur.
2565 2664 2681 2720 Jam
2714 2667 2757 2721 si
2801 2682 2920 2737 pOSt
2962 2668 3396 2736 coniunctionem

1832 2755 1989 2811 Jesus
2017 2766 2214 2810 unctus
2244 2756 2362 2819 fuit,
2396 2759 2832 2826 coniunctionem
2867 2770 3046 2814 autem
3074 2760 3271 2814 nullam
3319 2761 3403 2815 di-

1840 2863 1967 2903 cere
2005 2847 2195 2903 volunt
2244 2858 2373 2902 ante
2429 2849 2549 2917 eius
2578 2864 2645 2903 ex
2691 2849 2908 2919 Virgine
2947 2861 3125 2904 ortum
3158 2890 3172 2914 ,
3220 2854 3402 2922 sequi—

1838 2948 1923 2994 tur
1979 2947 2037 2993 ut
2089 2939 2179 2993 isti
2241 2953 2307 2993 ne
2376 2937 2769 3008 Christiparam
2838 2938 3055 3009 quidem
3110 2940 3399 3012 Virginem

1837 3028 2219 3084 confiteantur.
2264 3029 2397 3081 Nam
2455 3030 2498 3083 si
2534 3029 2894 3098 Christipara,
2934 3045 3161 3098 prorsus
3196 3042 3249 3085 et
3278 3031 3405 3087 Dei—

1840 3136 1970 3190 para
2028 3137 2041 3173 :
2109 3121 2154 3176 si
2211 3122 2389 3176 minus
2454 3122 2928 3191 Deipara,utique
2967 3137 3065 3177 nec
3100 3122 3406 3193 Christipa-

165 3213 302 3280 μετὰ
338 3214 438 3281 τὴν
466 3214 527 3263 ἐκ
553 3214 649 3279 τῆς
686 3211 962 3280 Παρθένου
996 3212 1250 3282 γέννησιν
1282 3212 1605 3281 γεγενῆσθαι
1643 3211 1731 3262 λέ-

1841 3230 1920 3267 ra.
1971 3211 2107 3266 Nam
2174 3215 2217 3266 si
2254 3214 2439 3267 unctio
2500 3224 2624 3282 post
2649 3216 3086 3283 coniuncuonem
3113 3214 3232 3281 fuit,
3272 3231 3404 3285 pro-

162 3319 370 3367 γονσιν,
402 3302 522 3353 οὐδὲ
565 3303 929 3372 Χριστοτόκος
963 3303 1143 3355 οὐκέτι
1188 3302 1570 3372 εὐρεθήσεται’
1603 3304 1651 3354 εἰ
1679 3302 1734 3353 δὲ

162 3388 544 3461 Χριστοτὸκος,
571 3396 664 3446 καὶ
686 3394 948 3457 Θεοτόκος
969 3411 981 3423 ·
1015 3394 1106 3447 τοῦ
1137 3393 1245 3464 γάρ
1289 3393 1587 3465 χρίσματος
1630 3394 1735 3463 πρὸ

162 3487 257 3553 τῆς
279 3484 528 3549 ένώσεως
566 3485 638 3557 μὴ
669 3487 970 3556 δυναμένου
1004 3488 1262 3551 νοεῖσθαι,
1296 3490 1342 3539 εἰ
1372 3487 1735 3558 Χριστοτόκος

161 3578 190 3645 ὴ
229 3577 530 3645 Παρθένος,
573 3580 628 3629 ὲν
660 3580 795 3648 αὐτῇ
855 3578 917 3647 δὴ
965 3579 1063 3648 τῆς
1115 3577 1359 3640 ένώσεως
1402 3578 1732 3647 γενομένης,

160 3667 341 3719 οὐκέτι
374 3668 683 3737 ἄνθρωπον,
711 3670 784 3730 ὼς
814 3668 963 3720 αὐτοί
1005 3685 1190 3735 φασιν,
1217 3668 1332 3720 ἀλλ’
1367 3668 1635 3721 ὲνωθέντσ.
1657 3668 1735 3736 τῷ

160 3756 317 3826 Λόγῳ
342 3759 674 3826 γεννήσασα,
702 3757 958 3819 Θεοτόκος
988 3756 1206 3819 δικαίως
1232 3756 1294 3809 ἂν
1319 3757 1551 3823 λέγοιτο·
1576 3757 1627 3809 εί
1649 3775 1733 3825 γε,

162 3846 343 3909 καθὼς
376 3847 684 3917 ἔμπροσθεν
711 3846 946 3917 εἴρηται,
978 3846 1073 3916 τὴν
1108 3848 1300 3899 ἕνωσιν
1335 3848 1526 3917 ἀληθῆ,
1551 3849 1646 3900 καὶ
1674 3850 1733 3900 οὐ

162 3936 417 4004 καθάπερ
460 3938 517 3987 ἐν
560 3937 671 3999 τοῖς
711 3935 884 4003 ἁγίοις
943 3934 1212 4003 λέγουσιν.
1252 3936 1421 3987 Τοῦτο
1446 3937 1501 3987 δέ
1533 3954 1732 4005 φαμεν,

161 4024 238 4073 ὅτι
272 4025 335 4074 οὐ
364 4023 590 4075 δυνατὸν
623 4024 813 4077 ἕνωσιν
844 4024 1016 4093 ἀληθῆ
1040 4024 1216 4092 λέγειν
1250 4024 1384 4094 μετά
1416 4025 1513 4094 τὴν
1542 4025 1736 4095 γέννηι

163 4126 273 4162 σιν·
317 4113 487 4180 ἡμεῖς
535 4112 590 4164 δὲ
622 4113 721 4165 οὐκ
767 4112 1055 4182 ἄνθρωπον
1105 4112 1222 4183 Θεῷ
1270 4116 1559 4179 ἐνωθέντα,
1602 4116 1738 4169 ἀλλὰ

160 4201 291 4253 Θεὸν
321 4204 395 4255 τὰ
426 4202 742 4270 ἀνθρώπινα
774 4204 1211 4275 προσλαϐόμενον
1233 4206 1455 4276 οἴδαμεν
1478 4208 1566 4259 τὸν
1600 4209 1643 4259 Χ
1655 4224 1733 4276 ρι-

163 4293 304 4357 στὸν,
341 4294 491 4361 λέγω
534 4294 596 4365 δὴ
637 4295 813 4363 σῶμα,
862 4297 956 4348 καὶ
984 4297 1183 4366 ψυχὴν,
1234 4300 1324 4350 καὶ
1366 4298 1490 4349 νοῦν
1519 4298 1737 4359 τελείως

161 4387 331 4452 χωρὶς
386 4384 665 4452 ἁμαρτίας
718 4385 970 4437 ὲνοῦσθαι
1011 4390 1077 4456 τῇ
1140 4386 1270 4456 ἁγίᾳ.
1326 4388 1602 4457 Παρθένῳ.
1640 4391 1737 4441 Διά

158 4473 318 4527 τοῦτο
354 4475 465 4527 κᾶν
498 4474 781 4545 ἄνθρωπον
810 4476 1049 4546 ἀκούσῃς
1081 4476 1171 4528 τὸν
1205 4478 1437 4546 Χριστὸν
1475 4480 1737 4549 ὀνομαζό-

162 4580 346 4633 μενον,
385 4564 465 4633 μὴ
498 4564 847 4616 ὲπιλανθάνου
877 4568 957 4618 ὅτι
988 4567 1080 4619 καὶ
1122 4568 1251 4631 Θεὸς
1283 4570 1533 4636 γέγονεν⁵
1566 4570 1737 4635 οὕτως

160 4655 531 4724 ἐπιστάμενος
560 4657 587 4707 6
644 4657 909 4726 μακάριος
937 4657 1170 4722 Παῦλος,
1207 4661 1337 4712 ποτὲ
1369 4662 1420 4712 δὲ
1451 4661 1583 4713 Θεὸν
1612 4664 1738 4731 ἐκή-

161 4761 390 4815 ρυττεν
434 4764 454 4795 ι
490 4747 813 4817 Μνημόνευε
865 4749 996 4818 γὰρ,
1035 4750 1216 4819 φησὶν,
1265 4751 1467 4820 Ἰησοῦν
1504 4754 1737 4822 Χριστὸν

160 4838 544 4908 ἐγηγερμένον
574 4839 637 4889 ὲκ
666 4839 896 4910 νεκρῶν,
930 4841 1023 4892 καὶ
1050 4844 1112 4893 ὲκ
1155 4842 1465 4911 σπέρματος
1494 4844 1676 4895 Δαϐίδ.
1714 4864 1729 4895 ι

157 4929 266 4981 Καὶ
298 4929 470 4981 πάλιν
491 4944 504 4957 ·
547 4946 565 4979 ι
590 4929 645 4980 Ὀ
676 4930 730 4981 δὲ
754 4930 884 4993 Θεὸς
914 4933 1005 4983 καὶ
1034 4932 1125 4983 τὸν
1146 4935 1347 5003 Κύριον
1378 4934 1619 5002 ἤγειρεν,
1647 4936 1740 4986 καὶ

159 5022 306 5087 ἡμᾶς
343 5020 616 5089 ἑξεγείρει
648 5020 733 5075 διὰ
773 5022 870 5091 τῆς
906 5022 1186 5091 δυνάμεως
1227 5024 1410 5075 αὑτοῦ.
1441 5044 1458 5073 ι
1499 5024 1739 5087 Ἀκούεις

160 5112 248 5163 τὸν
277 5114 344 5165 ὲκ
372 5112 692 5181 σπέρματος
724 5113 906 5179 Δαῦὶδ,
926 5113 1019 5166 καὶ
1042 5116 1104 5166 ὲκ
1132 5114 1340 5185 νεκρῶν
1368 5117 1737 5185 ἐγηγερμένον

161 5201 346 5268 σαφῶς
378 5202 787 5272 κηρυττόμενον
810 5220 823 5268 ;

229 5470 280 5525 ι’,
314 5469 453 5521 Ὅτε
491 5469 669 5522 τοίνυν
702 5470 947 5542 ἐναργῶς
979 5474 1375 5545 ἀποδέδεικται,
1395 5479 1493 5532 οὐκ
1525 5481 1740 5552 ἀνθρω-

156 5580 276 5629 rnec,
308 5561 387 5623 ὡς
424 5562 630 5612 ἐκεῖνοι
665 5563 991 5631 νομίζουσιν,
1023 5565 1136 5618 ἀλλ’
1173 5568 1202 5618 6
1244 5570 1411 5634 ἀΐδιος
1464 5571 1557 5624 τοῦ
1592 5572 1733 5625 Θεοῦ

227 5745 275 5781 ⁸⁸
306 5746 350 5801 11
385 5743 535 5801 Tim.
572 5758 632 5808 ll,
664 5743 714 5798 8.
790 5746 834 5776 ⁸²
863 5745 902 5798 ll
925 5746 1048 5801 Cor.
1090 5764 1162 5811 tv,
1194 5749 1280 5807 Η.

566 5838 831 5898 Parnm.
877 5840 989 5899 Gn.
1033 5842 1288 5903 LXXVI.

1839 3316 2127 3373 ptereaque
2155 3304 2207 3357 in
2236 3303 2399 3359 Verbi
2426 3319 2712 3372 personam
2744 3320 2806 3358 ea
2837 3316 3141 3373 reputatur,
3178 3308 3403 3374 coniun-

1838 3397 2072 3450 ctionem
2107 3403 2290 3449 autem
2329 3407 2445 3464 post
2483 3398 2821 3451 nativitatem
2854 3411 2917 3450 ex
2948 3396 3170 3464 Virgine
3206 3397 3403 3451 factam

1839 3487 2043 3548 dicunt,
2067 3501 2134 3538 ne
2167 3485 2553 3554 Christiparam
2583 3488 2800 3554 quidem
2832 3502 2951 3542 esse
2982 3490 3403 3556 compcricmus.

1841 3574 2008 3629 Secus
2053 3575 2096 3628 si
2151 3575 2484 3645 Christipara
2523 3584 2627 3640 est,
2687 3592 2817 3631 sane
2861 3587 2916 3631 et
2968 3578 3220 3646 Deipara.
3272 3580 3405 3634 Cum

1838 3666 1981 3718 enim
2000 3667 2180 3719 unctio
2206 3676 2331 3721 ante
2358 3666 2792 3734 coniunctionem
2819 3669 3044 3737 cogitari
3069 3686 3175 3723 non
3204 3674 3407 3739 possit,

1840 3757 1883 3808 si
1912 3755 2259 3823 Christipara
2290 3765 2375 3809 est
2404 3756 2591 3825 Virgo,
2645 3758 2897 3826 intraque
2947 3775 3064 3813 eam
3097 3760 3406 3828 coniunctio

1840 3846 1986 3901 facta
2028 3848 2163 3911 fuit,
2196 3861 2255 3899 ea
2309 3863 2429 3900 cum
2482 3863 2587 3901 non
2633 3849 2904 3902 hominem
2934 3888 2947 3913 ,
2986 3860 3042 3903 ut
3087 3850 3175 3905 isti
3205 3853 3356 3905 aiunt
3392 3890 3407 3915 ,

1840 3939 1932 3990 sed
1965 3938 2177 3990 unitum
2214 3937 2390 3992 Verbo
2413 3938 2689 3992 Christum
2721 3940 3259 4009 pepererit,Dcipara
3285 3943 3410 4011 iure

1841 4029 2050 4082 dicetur
2084 4045 2098 4092 ;
2140 4028 2441 4096 siquidem,
2483 4038 2541 4082 ut
2569 4039 2726 4083 antea
2763 4030 2961 4084 dictant
3003 4040 3086 4085 est
3112 4069 3128 4094 ,
3173 4032 3240 4085 de
3284 4048 3409 4085 vera

1842 4122 2197 4183 adunationc,
2229 4125 2331 4172 non
2368 4132 2545 4173 autem
2580 4120 2645 4175 de
2691 4120 2780 4173 illa
2835 4136 2956 4189 qum
3006 4123 3056 4174 iu
3089 4124 3295 4177 sanctis
3331 4124 3408 4184 iit,

1842 4211 2155 4277 loquuntur.
2192 4209 2304 4264 Hoc
2338 4221 2517 4264 autem
2546 4211 2798 4276 dicimus,
2829 4213 2953 4280 quia
2988 4211 3101 4266 ﬁeri
3136 4215 3330 4281 nequit
3356 4223 3411 4265 ut

1841 4319 1968 4357 vera
2003 4305 2261 4359 adunatio
2291 4314 2410 4374 post
2454 4306 2793 4360 nativitatem
2837 4306 3067 4360 dicatur.
3124 4305 3230 4360 Nos
3286 4322 3413 4361 vero

1845 4410 1946 4447 non
1984 4397 2258 4449 hominem
2315 4396 2422 4449 Deo
2464 4397 2693 4462 unitum,
2725 4397 2818 4450 sed
2866 4396 3032 4450 Deum
3082 4398 3171 4465 qui
3220 4399 3413 4450 huma-

1772 4523 1814 4575 Β
1845 4486 2062 4539 nitatem
2096 4488 2403 4554 assumpsit,
2440 4489 2530 4555 qui
2559 4501 2775 4555 corpus,
2817 4488 3129 4557 inquam,et
3173 4490 3412 4543 animum

1848 4592 1911 4630 ac
1945 4586 2176 4630 mentem
2211 4577 2447 4646 perfecte
2480 4580 2530 4632 in
2577 4590 2762 4634 sancta
2820 4580 3038 4649 Virgine
3068 4580 3169 4633 sibi
3216 4582 3408 4646 univit,

1853 4673 1999 4725 hunc
2031 4673 2309 4725 Christum
2346 4688 2466 4725 esse
2491 4674 2715 4727 scimus.
2751 4675 3039 4740 Propterea
3071 4675 3281 4728 etiamsi
3316 4678 3413 4729 ho-

1848 4764 2044 4815 minem
2079 4763 2317 4816 audieris
2342 4763 2616 4817 Christum
2649 4763 2935 4825 nominari,
2976 4780 3042 4817 ne
3072 4764 3414 4819 obliviscaris

1845 4855 2093 4907 eumdem
2127 4864 2181 4907 ct
2210 4853 2376 4907 Deum
2405 4866 2543 4909 e5se.
2580 4856 2670 4909 Rei
2698 4855 2861 4923 probe
2891 4856 3139 4909 conscius
3174 4855 3371 4911 Paulus
3394 4894 3411 4919 ,

1844 4945 2000 4999 modo
2030 4946 2201 5013 ipsum
2241 4947 2405 5000 Deum
2433 4948 2798 5015 proclamabat
2830 4965 2841 4998 :
2883 4967 2900 4997 ι
2934 4946 3203 5002 Memento
3226 4949 3399 5011 enim,

1845 5035 2037 5102 inquit,
2068 5034 2251 5090 Jesunt
2287 5035 2560 5090 Christum
2609 5037 2926 5090 suscitatum
2976 5051 3042 5089 ex
3076 5036 3329 5099 mortuis,
3359 5049 3416 5091 et

1844 5125 1908 5177 de
1959 5128 2161 5180 semine
2218 5127 2430 5179 Davidis
2487 5125 2687 5199 ῙΜῙ
2722 5136 2897 5181 ortum
2937 5128 3003 5179 ⁸⁸.
3052 5126 3410 5195 Rursusque:

1852 5235 1869 5265 ς
1907 5216 2049 5270 Deus
2084 5227 2262 5271 autem
2289 5220 2379 5286 qui
2414 5218 2697 5273 Dominum
2729 5221 3032 5280 suscitavit,
3067 5234 3166 5271 nos
3198 5233 3413 5286 quoque

1845 5308 2041 5360 virtute
2071 5324 2166 5361 sua
2200 5310 2423 5363 suscitat
2470 5311 2537 5367 ⁸³.
2603 5330 2619 5359 ι
2658 5310 2851 5363 Audin‘
2889 5311 3036 5364 illum
3088 5310 3156 5362 de
3202 5311 3409 5365 semine

1847 5398 2087 5461 Davidis,
2120 5408 2174 5452 et
2204 5416 2266 5452 ex
2296 5402 2524 5455 mortuis
2550 5403 2866 5455 suscitatum
2908 5400 3273 5469 proclamari?

1921 5487 2005 5539 10.
2040 5488 2171 5542 Cum
2203 5490 2383 5558 itaque
2425 5492 2849 5545 demonstratum
2884 5492 3161 5545 evidenter
3199 5490 3269 5543 sit
3299 5505 3408 5544 non

1848 5579 2141 5649 hominem,
2175 5591 2233 5636 ut
2264 5581 2350 5637 isti
2380 5592 2588 5653 putant,
2614 5584 2707 5639 sed
2735 5585 3120 5653 sempiternum
3156 5582 3245 5637 Dei
3272 5583 3399 5639 Ver-

2978 5851 3011 5914 9
