4078 6348
659 386 761 442 967

1644 379 1702 434 S.
1737 378 2013 438 CYRILLI
2049 377 2519 435 ALEXANDRINI
2555 379 2879 440 ARCHIEP.

3800 384 3906 438 9.68

661 499 784 551 bum
815 495 1168 550 humanatum
1194 505 1260 549 ex
1298 491 1517 562 Virgine
1545 492 1838 562 prodiisse,
1877 494 2136 546 recedant
2169 491 2217 546 hi

2328 493 2499 560 Λόγος
2525 494 2957 565 ἐνανθρωπήσας
2986 495 3135 548 ἐστὶν
3167 494 3195 546 ό
3239 494 3302 545 ἐκ
3328 491 3424 561 τῆς
3458 490 3738 561 Παρθένου
3766 509 3903 558 προ-

657 590 724 644 ab
755 602 942 644 errore
957 601 1074 649 suo,
1097 584 1445 641 etJudaicam
1470 584 1738 639 insaniam
1760 585 2035 639 omittam.
2069 603 2086 635 ι
2113 583 2225 638 Nisi

655 680 796 733 enim
825 677 1072 732 conversi
1110 676 1330 740 fuerint,
1364 675 1603 745 gladium
1641 689 1800 730 suum
1828 675 2094 730 adversus
2125 689 2220 729 eos

654 768 1056 838 splendiﬁcabit
1087 767 1458 822 Dominus“.»
1489 765 1619 820 Nam
1663 766 1808 835 quod
1839 766 2052 820 illorum
2072 765 2224 820 blas-

653 861 922 930 phemiam
971 860 1087 914 sine
1115 859 1222 913 ﬁne
1257 873 1366 913 non
1397 859 1467 913 sit
1490 858 1891 928 perlaturus,et
1918 859 2060 926 quod
2085 873 2225 912 non-

651 953 755 1007 nisi
788 951 1198 1022 longanimitate
1226 966 1320 1005 sua
1379 967 1522 1006 nunc
1566 951 1734 1004 etiam
1791 950 2047 1018 patiatur,
2099 949 2224 1003 andi

649 1041 776 1109 quid
804 1055 899 1110 per
923 1041 1137 1094 beatum
1165 1041 1486 1109 prophetam
1514 1041 1682 1101 dicat,
1706 1047 1763 1091 ut
1787 1039 2044 1094 ultionem
2067 1052 2222 1092 suam

647 1138 770 1198 post
800 1130 1057 1185 toleratos
1086 1129 1179 1184 diu
1224 1129 1365 1196 illos,
1424 1129 1516 1199 qui
1557 1130 1610 1183 in
1663 1128 1865 1182 malitia
1905 1143 2222 1196 persevera-

648 1231 794 1287 runt,
828 1222 1162 1276 demonstret
1195 1236 1208 1272 :
1245 1239 1263 1272 ι
1299 1221 1490 1287 Tacui,
1537 1221 1748 1290 inquit,
1797 1222 1890 1276 sed
1926 1236 2052 1274 num
2094 1235 2221 1287 per-

646 1322 809 1382 petuo
832 1312 1021 1367 tacebo
1056 1325 1120 1366 ac
1172 1311 1460 1366 tolerabo?
1509 1311 1729 1368 Patiens
1761 1312 1834 1365 fui
1867 1312 2221 1380 parturientis

645 1407 838 1459 instar.
876 1402 1030 1457 Nunc
1076 1403 1352 1472 dissipabo
1381 1411 1436 1457 et
1473 1404 1766 1459 exsiccabo
1806 1402 1988 1470 simul,
2036 1404 2220 1458 deser-

645 1499 770 1552 tabo
804 1505 1012 1552 montes
1035 1505 1090 1550 et
1121 1496 1309 1561 colles,
1344 1505 1572 1552 etomne
1600 1511 1824 1566 gramen
1847 1495 2065 1550 illorum
2094 1511 2217 1551 are-

642 1588 858 1654 faciam,
892 1601 1087 1656 ponam
1124 1585 1346 1640 ﬂumina
1383 1587 1435 1640 in
1466 1585 1707 1652 insulas,
1757 1595 1812 1641 et
1853 1586 2074 1656 paludes
2123 1600 2219 1639 ex-

642 1693 894 1734 arescere
933 1677 1126 1732 iaciam
1175 1677 1241 1731 οι.
1283 1695 1302 1728 ι
1352 1675 1537 1746 Neque
1578 1691 1735 1732 secus
1766 1677 2216 1745 praeclarissimus

655 1767 936 1838 llymnista
967 1765 1201 1821 celerem
1234 1765 1522 1833 impiorum
1563 1767 1862 1834 perniciem
1889 1764 2009 1819 fore
2037 1766 2210 1830 docet,

2331 582 2524 650 ελθὼν,
2561 587 3119 654 μεταγινωσκέτωσαν
3142 587 3188 639 οἱ
3220 583 3648 653 πεπλανημένοι,
3682 584 3775 636 καὶ
3804 584 3904 650 τῆς

2342 674 2637 745 Ἰουδαϊκῆς
2674 677 2859 740 ἀνοίας
2901 677 3250 747 ληγέτωσαν·
3293 694 3311 726 ι
3351 674 3476 728 Ἐὰν
3507 674 3615 742 γὰρ
3665 673 3737 741 μὴ
3785 675 3903 725 ἐπι-

2330 766 2662 837 στραφῶσιν,
2697 768 2795 838 τὴν
2847 767 3122 836 ῥομφαίαν
3175 764 3339 818 αὑτοῦ
3374 765 3494 818 κατ’
3539 764 3718 816 αὐτῶν
3755 764 3904 816 στιλ-

2329 856 2492 925 βώσει
2528 855 2753 926 Κύριος.
2789 874 2806 906 ι
2837 857 2962 909 ’Ότι
2986 855 3094 924 γὰρ
3112 856 3210 908 ούκ
3234 857 3311 919 είς
3336 855 3487 918 τέλος
3519 855 3697 906 αὐτῶν
3720 854 3903 920 ἀνέξεο

2324 965 2415 1001 ται
2469 947 2954 1018 βλασφημούντων,
2997 947 3090 999 καὶ
3123 947 3210 1000 διὰ
3252 944 3634 1016 μακροθυμίαν
3673 945 3752 997 ἔτι
3809 947 3904 998 καὶ

2327 1039 2422 1092 νῦν
2461 1039 2716 1109 ἀνέχεται
2770 1037 3233 1108 βλασφημούντων
3256 1077 3270 1101 ,
3321 1038 3485 1090 ἄκουε
3514 1037 3566 1088 τί
3616 1053 3782 1106 φησιν
3815 1036 3904 1090 διὰ

2324 1130 2417 1185 τοῦ
2450 1132 2723 1202 μακαρίου
2775 1132 3077 1202 προφήτου,
3125 1131 3225 1200 τὴν
3259 1130 3324 1182 ἐκ
3366 1128 3466 1198 τῆς
3518 1129 3715 1197 ἀνοχῆς
3763 1129 3902 1199 πρὸς

2324 1225 2450 1287 τοὺς
2489 1225 2847 1294 ἐπιμένοντας
2888 1226 2954 1293 τῇ
2993 1221 3164 1292 κακίᾳ
3218 1219 3566 1290 ἐπαγομένην
3616 1220 3898 1289 ἐκδίκησιν

2321 1317 2494 1387 δηλῶν
2514 1334 2528 1348 ο
2569 1336 2586 1367 ι
2622 1316 2958 1386 Ἐσιὼπησα,
2989 1313 3142 1382 φησί·
3175 1312 3251 1382 μὴ
3276 1313 3370 1366 καὶ
3393 1311 3481 1364 ἀεὶ
3519 1311 3896 1381 σιωπήσομαι,

2322 1408 2416 1461 καὶ
2441 1407 2737 1478 ἁνέξομαι;
2773 1407 3154 1476 Ἐκαρτέρησα
3190 1403 3264 1466 ὡς
3292 1405 3325 1473 ή
3371 1403 3635 1455 τίκτουσα
3699 1401 3901 1470 ἐκστή-

2321 1515 2399 1550 σω
2442 1499 2534 1550 καί
2568 1497 2786 1567 ξηρανῶ
2819 1497 2955 1566 ἅμα,
3009 1495 3103 1547 καὶ
3152 1491 3428 1564 ἐρημὼσω
3466 1491 3566 1561 ὄρη
3614 1493 3710 1543 καὶ
3772 1489 3900 1558 βου-

2321 1591 2464 1652 νοὺς,
2489 1590 2583 1642 καὶ
2609 1589 2787 1642 πάντα
2811 1588 2899 1642 τὸν
2929 1588 3120 1659 χόρτον
3143 1584 3322 1638 αὐτῶν
3351 1582 3569 1653 ξηρανῶ
3589 1598 3601 1610 ·
3626 1582 3719 1634 καὶ
3747 1580 3899 1650 θήσω

2321 1680 2598 1748 ποταμοὺς
2651 1681 2729 1740 είς
2777 1680 2994 1748 νήσους,
3028 1677 3123 1729 καὶ
3155 1675 3249 1745 ἕλη
3297 1674 3533 1743 ξηρανῶ.
3583 1691 3602 1723 ι
3643 1671 3806 1723 Οὐδὲν
3840 1669 3899 1720 δὲ

2316 1765 2478 1841 ἦττον
2507 1771 2601 1822 καὶ
2628 1771 2656 1822 ὁ
2686 1769 2957 1830 θειότατος
2984 1765 3261 1836 ’Υμνῳδὸς
3299 1766 3518 1833 ταχεῖαν
3549 1762 3656 1815 τῶν
3685 1759 3901 1813 ἀσεϐῶν

640 1859 742 1914 etsi
773 1873 865 1913 eos
899 1857 1176 1926 aliquanto
1221 1867 1462 1925 tempore
1501 1865 1721 1926 propter
1756 1857 1851 1910 Dei
1890 1856 2216 1927 longanimi-

2323 1839 2559 1916 διδάσκει
2592 1860 2690 1929 τὴν
2722 1858 3024 1922 ἀπώλειαν,
3058 1857 3158 1911 κᾶν
3194 1857 3332 1927 πρὸς
3357 1856 3539 1923 ὀλίγον
3570 1853 3656 1906 διὰ
3691 1869 3902 1923 μακρο-

642 1959 808 2003 tatem
837 1947 1100 2003 valituros
1130 1948 1206 2002 ait
1234 1968 1251 2000 :
1283 1964 1302 1998 ι
1338 1946 1455 2001 Vidi
1481 1948 1624 2002 enim
1655 1948 1878 2016 impium
1903 1948 2216 2016 superexal-

639 2047 832 2104 tatum,
877 2048 931 2092 et
963 2038 1230 2092 elevatum
1259 2037 1398 2090 sicut
1438 2037 1631 2091 cedros
1666 2037 1855 2090 Libani
1895 2052 1909 2087 :
1943 2045 1998 2089 et
2038 2046 2216 2090 trans-

637 2130 737 2196 ivi,
773 2137 828 2184 et
889 2142 1016 2182 ecce
1053 2141 1158 2181 non
1201 2136 1318 2180 erat
1359 2144 1372 2180 :
1410 2126 1634 2195 quaesivi
1677 2141 1799 2182 eum
1828 2166 1842 2190 ,
1887 2135 1942 2181 et
1977 2140 2084 2180 non
2130 2135 2215 2181 est

638 2221 889 2275 inventus
919 2220 1071 2274 locus
1097 2220 1219 2288 eius
1250 2220 1316 2272 θ’.
1363 2239 1382 2272 ι

710 2312 799 2364 Η.
836 2311 962 2364 Haec
989 2311 1132 2365 enim
1179 2321 1233 2365 et
1281 2310 1386 2364 alia
1442 2309 1750 2379 huiusmodi
1801 2311 2108 2364 communia
2150 2310 2218 2364 iis

638 2403 892 2458 omnibus
917 2411 1064 2465 sunt,
1093 2402 1188 2472 qui
1245 2411 1406 2455 rectae
1458 2401 1580 2455 ﬁdei
1621 2401 1929 2471 dispergere
1970 2401 2218 2454 nituntur

637 2493 799 2558 ovile,
828 2491 988 2545 sicuti
1024 2500 1079 2544 ct
1128 2490 1510 2559 praedictarum
1559 2492 1838 2544 iliBl‘CSCOll
1890 2491 2075 2544 exitus
2123 2505 2216 2544 os-

641 2584 831 2638 tendit.
863 2581 1001 2648 Quid
1024 2582 1168 2635 enim
1199 2581 1429 2651 profecit
1473 2581 1589 2635 Arii
1643 2581 1792 2650 impii
1837 2581 2033 2635 error?
2078 2580 2216 2647 Quid

640 2674 914 2740 Eunomii,
944 2681 997 2728 et
1032 2673 1242 2728 illorum
1275 2674 1365 2742 qui
1398 2673 1450 2727 in
1497 2682 1746 2728 sanctum
1779 2671 2042 2741 Spiritum
2073 2674 2218 2726 blas-

638 2768 985 2836 phemarunt,
1011 2775 1067 2818 et
1130 2765 1280 2818 Pauli
1337 2764 1759 2829 Samosatensis,
1798 2773 1853 2819 et
1890 2765 2218 2834 Apollinaris

642 2857 899 2912 insania?
929 2856 1135 2925 Quippe
1168 2855 1220 2908 hi
1256 2870 1447 2910 omnes
1475 2865 1530 2909 et
1573 2856 1627 2909 in
1669 2857 1929 2925 praesenti
1967 2857 2218 2926 turpissi-

637 2964 788 3002 mum
819 2948 977 3001 linem
1008 2947 1153 3000 nacti
1202 2956 1351 3008 sunt.
1402 2955 1564 3016 atque
1617 2947 2007 3001 ecclesiasticis
2044 2949 2215 3015 septis

643 3043 800 3113 eiecti
836 3041 1049 3096 fuerunt
1074 3079 1089 3104 ,
1118 3050 1173 3093 et
1203 3052 1356 3094 extra
1401 3042 1681 3094 caelestem
1731 3039 2216 3108 primogenitorum

2320 1952 2520 2021 θυμίαν
2553 1950 2688 2004 Θεοῦ
2733 1950 3024 2020 ἰσχύσωσιν
3050 1965 3064 1978 ο
3117 1968 3134 1999 ι
3177 1947 3313 2001 Ἰδον
3345 1945 3468 2015 ,γὰρ
3516 1943 3690 2012 ἀσεϐῆ
3727 1944 3899 2010 ὑπερ-

2323 2042 2458 2110 υψού
2471 2059 2650 2112 μενον,
2685 2043 2778 2094 καὶ
2803 2041 3163 2111 ἐπαιρόμενον
3192 2041 3267 2102 ὡς
3296 2039 3395 2102 τὰς
3417 2038 3640 2107 κέδρους
3672 2034 3764 2088 τοῦ
3803 2037 3902 2087 Λι-

2320 2134 2484 2187 ϐάνου
2505 2151 2519 2164 ·
2551 2133 2647 2187 καὶ
2667 2133 2966 2204 παρῆλθον,
2999 2131 3095 2184 καὶ
3130 2130 3237 2182 ίδοὺ
3266 2130 3364 2182 ούκ
3397 2124 3495 2197 ἧν·
3531 2127 3624 2178 καὶ
3653 2126 3897 2194 ἐζήτησα

2319 2226 2503 2288 αὑτὸν,
2533 2226 2627 2277 καὶ
2648 2226 2746 2295 ούχ
2775 2225 2977 2296 εὑρέθη
3000 2226 3027 2277 ό
3055 2223 3219 2286 τόπος
3248 2219 3435 2274 αὑτοῦ.
3470 2238 3488 2270 ›

2393 2323 2481 2370 ια’.
2508 2317 2688 2370 Ταῦτα
2709 2317 2818 2386 γὰρ
2847 2318 2942 2371 καὶ
2962 2317 3032 2369 τὰ
3057 2314 3281 2368 τοιαῦτα
3304 2311 3460 2365 κοινά
3489 2310 3704 2363 πάντων
3727 2307 3899 2368 ἐστὶν,

2318 2407 2433 2460 ὅσοι
2483 2407 2583 2478 τῆς
2635 2408 2916 2471 εὐσεϐείας
2973 2405 3380 2476 διασκορπίζειν
3435 2399 3777 2470 ἐπιχειροῦσι
3836 2398 3902 2448 τὸ

2319 2502 2589 2569 ποίμνιον,
2622 2499 2812 2570 ὥσπερ
2860 2494 2953 2552 οὖν
2985 2499 3081 2551 καὶ
3135 2497 3244 2549 τῶν
3286 2492 3698 2565 προειρημένων
3747 2488 3903 2558 αἱρέ-

2322 2609 2460 2645 σεων
2487 2591 2548 2644 τὸ
2575 2592 2726 2653 τέλος
2761 2589 3056 2654 ἐπέδειξεν.
3093 2587 3159 2639 Τί
3191 2587 3299 2657 γὰρ
3325 2584 3534 2654 ὤνησεν
3560 2583 3659 2652 τῆς
3688 2582 3901 2651 Ἀρείου

2321 2681 2638 2745 δυσσεϐείας
2668 2684 2700 2752 ή
2735 2681 2947 2752 πλάνης
3005 2679 3057 2733 τί
3097 2679 3208 2747 δὲή
3245 2675 3538 2745 Εὐνομίου,
3573 2674 3667 2726 καὶ
3703 2673 3811 2724 τῶν
3838 2671 3906 2724 τὸ

2322 2775 2547 2845 Πνεῦμα
2579 2774 2638 2827 τὸ
2681 2774 2834 2843 ἆγιον
2867 2770 3329 2843 βλασφημούντων
3352 2810 3367 2834 ,
3404 2767 3496 2820 καὶ
3524 2765 3617 2818 τοῦ
3649 2766 3904 2834 Σαμοσαο

2320 2867 2457 2931 τέως
2505 2866 2739 2927 Παύλου,
2770 2866 2866 2917 καὶ
2901 2862 2996 2915 τοῦ
3043 2859 3385 2929 καλουμένου
3435 2855 3812 2923 Ἀπολιναρίου
3863 2855 3899 2922 ὴ

2323 2956 2720 3030 παραφροσύνη
2745 2974 2759 3021 ;
2788 2955 2995 3016 Πάντες
3029 2952 3138 3021 γὰρ
3165 2948 3310 3005 οὗτοι
3343 2949 3439 3001 καὶ
3469 2951 3526 3000 ἐν
3555 2947 3633 3016 τῷ
3666 2947 3903 3016 παρόντι

2323 3050 2688 3102 ἐπονείδιστον
2711 3047 2864 3109 τέλος
2905 3046 3229 3114 ἐσχήκασιν,
3261 3041 3356 3094 καὶ
3383 3039 3491 3093 τῶν
3521 3039 3908 3108 ἐκκλησιαστι-

643 3132 941 3187 Ecclesiam
971 3129 1322 3200 projicientur
1349 3145 1363 3195 ;
1392 3128 1556 3184 deleti
1587 3139 1716 3184 sunt
1753 3129 1818 3182 de
1854 3129 1996 3183 libro
2029 3131 2217 3184 vivcu-

2325 3143 2436 3197 κῶν
2493 3138 2793 3210 περιϐόλων
2828 3135 3164 3204 ἐξώσθησαν,
3199 3135 3292 3186 καὶ.
3337 3132 3435 3202 τῆς
3477 3132 3535 3184 ἐν
3566 3131 3811 3200 οὐρανοῖς
3846 3128 3907 3181 δὲ

645 3225 780 3278 tium
808 3222 872 3288 ⁸³,
919 3229 974 3276 et
1013 3235 1135 3275 cum
1185 3219 1347 3287 justis
1401 3235 1506 3275 non
1557 3221 1886 3274 scribentur.
1932 3218 2077 3274 Idem
2124 3221 2222 3275 hos

645 3329 863 3384 quoque
896 3319 1077 3366 manet
1124 3312 1286 3376 ﬁnis;
1337 3312 1442 3366 nisi
1498 3312 1638 3366 forte
1695 3313 1881 3365 statim
1929 3313 2220 3365 amentiam

646 3419 798 3461 suam
828 3412 1185 3473 agnoscentes
1217 3441 1231 3464 ,
1289 3402 1417 3456 illuc
1474 3402 1618 3456 unde
1665 3402 1986 3456 exciderunt
2025 3401 2221 3455 reverti

650 3497 977 3566 sategerint,
1021 3495 1067 3549 ii'
1094 3495 1396 3564 praesertim
1437 3494 1529 3561 qui
1574 3508 1863 3563 pravarum
1906 3495 2221 3563 Opinionum

647 3596 899 3640 auctores
929 3584 1090 3654 primi
1149 3585 1502 3639 exstiterunt.
1545 3584 1784 3639 Audient
1829 3587 1974 3639 enim
2028 3600 2221 3654 propc—

647 3677 864 3733 modum
902 3676 1095 3731 horum
1127 3675 1323 3744 singuli
1359 3675 1627 3730 dicentem
1663 3675 1774 3737 sibi,
1813 3675 2166 3730 Servatorem
2200 3693 2212 3728 :

649 3788 672 3821 ι
716 3767 1179 3834 Quemadmodum
1215 3765 1596 3821 vestimentum
1645 3782 1840 3821 cruore
1879 3767 2220 3835 inquinatum

647 3874 754 3915 non
787 3857 1159 3923 mundabitur,
1211 3857 1291 3910 sic
1339 3870 1406 3909 ne
1454 3866 1508 3910 tu
1555 3855 1771 3925 quidem
1806 3859 2039 3912 mundus
2065 3858 2218 3923 eris;

646 3951 773 4024 quia
806 3949 1078 4019 regionem
1108 3963 1282 4002 meam
1306 3949 1552 4013 vastasti,
1580 3948 1834 4017 populum
1865 3964 2043 4004 meum
2084 3951 2225 4004 occi-

645 4039 794 4102 disti,
850 4052 955 4090 non
1010 4035 1353 4104 permanebis
1404 4034 1456 4088 in
1509 4044 1776 4089 aeternum
1819 4047 2030 4107 tempus
2062 4039 2128 4093 “.
2197 4059 2214 4092 ι

643 4128 753 4185 Nos
783 4142 912 4183 vero
950 4127 1039 4196 qui
1069 4125 1223 4180 [idem
1256 4135 1499 4180 nostram
1547 4141 1711 4195 super
1758 4127 2019 4182 immobili
2065 4137 2219 4200 petra

644 4221 891 4277 stabilem
920 4219 1327 4281 mdiﬁcavitnus,
1378 4217 1447 4271 ad
1481 4218 1639 4271 ﬁnem
1677 4234 1846 4288 usque
1894 4221 2223 4290 religiosita-

647 4324 752 4368 tem
782 4325 964 4366 veram
995 4321 1377 4362 conservemus
1399 4347 1416 4374 ,
1455 4307 1759 4362 nullatenus
1797 4309 1865 4362 ab
1893 4310 2220 4365 adversariis

647 4402 876 4464 turbati,
929 4400 1021 4455 sed
1071 4413 1200 4469 erga
1260 4399 1550 4453 Dominum
1604 4400 1922 4455 charitatem
1953 4441 1967 4466 ,
2005 4402 2218 4458 invicta:

2323 3234 2432 3288 τῶν
2481 3231 2840 3302 πρωτοτόκων
2878 3226 3201 3295 Ἐκκλησίας
3251 3223 3356 3287 ἔξω
3398 3223 3720 3292 ριφήσονται
3747 3236 3760 3249 ·
3810 3219 3905 3284 ἐξ-

2323 3325 2660 3395 ηλείφθησαν
2683 3322 2796 3390 γὰρ
2825 3321 2888 3372 ἐκ
2915 3317 3098 3387 βίϐλου
3123 3316 3361 3381 ζώντων,
3393 3315 3486 3366 καὶ
3519 3313 3654 3383 μετὰ
3679 3312 3908 3365 δικαίων

2323 3417 2421 3469 οὐκ
2443 3415 2906 3483 ἐγγραφήσονται.
2933 3410 3006 3462 Τὸ
3027 3409 3082 3460 δὲ
3111 3407 3242 3460 αὐτὸ
3267 3406 3359 3458 καὶ
3386 3405 3607 3466 τούτους
3628 3404 3907 3468 ἐκδέξεται

2323 3506 2495 3568 τέλος,
2525 3505 2572 3554 εἰ
2605 3501 2678 3571 μὴ
2711 3501 2819 3569 ἀρα
2851 3499 3043 3550 θᾶττον
3071 3496 3172 3563 τῆς
3214 3494 3397 3553 ἀνοίας
3424 3492 3678 3553 λαϐόντες
3707 3489 3906 3559 αἴσθη-

2325 3612 2431 3656 σιν,
2459 3591 2776 3644 ἐπανελθεῖν
2803 3588 2924 3642 ὅθεν
2954 3587 3219 3651 ἐξέπεσαν
3248 3583 3641 3645 σπουδάσωσιν,
3670 3581 3761 3633 καὶ
3795 3581 3908 3650 μά-

2323 3688 2480 3739 λιστα
2511 3685 2635 3745 τοὺς
2669 3681 2944 3752 ἀρχηγοὺς
2974 3679 3073 3747 τῆς
3095 3673 3511 3745 κακοφροσύνης
3538 3671 3864 3741 γενομένους
3888 3688 3902 3701 ο

2313 3775 2646 3837 ἀκούσονται
2669 3772 2778 3842 γὰρ
2812 3770 3096 3841 μονονουχὶ
3135 3766 3230 3820 καὶ
3260 3766 3465 3818 τούτων
3493 3764 3725 3824 ἕκαστος
3751 3760 3910 3830 παρά

2321 3867 2415 3921 τοῦ
2472 3867 2754 3935 Σωτῆρος’
2803 3881 2821 3913 ι
2850 3864 2946 3913 Ὃν
2976 3860 3179 3930 τρόπον
3232 3858 3443 3926 ἱμάτιον
3472 3856 3529 3908 ἐν
3562 3855 3757 3922 αἵματι
3806 3872 3908 3906 πε-

2324 3958 2598 4030 φυρμένον
2634 3958 2734 4009 οὐκ
2787 3954 2940 4007 ἔσται
2997 3949 3257 4021 καθαρὸν,
3307 3946 3480 4010 οὓτως
3517 3946 3636 3999 οὐδὲ
3687 3946 3750 3998 σὺ
3802 3945 3907 4015 ἐσῃ

2321 4050 2588 4119 καθαρόςο
2625 4047 2759 4100 διότι
2792 4046 2889 4117 τὴν
2919 4047 3021 4113 γῆν
3056 4060 3157 4114 μου
3190 4040 3498 4101 ἀπώλεσας,
3527 4038 3622 4090 καὶ
3651 4039 3741 4090 τον
3770 4037 3905 4090 λαόν

2325 4161 2427 4211 μου
2463 4131 2822 4202 ἀπέκτεινας·
2870 4137 2930 4189 οὐ
2983 4137 3058 4206 μὴ
3094 4134 3281 4204 μείνῃς
3311 4133 3390 4193 είς
3434 4130 3524 4182 τὸν
3563 4129 3732 4180 αἰῶνα
3774 4129 3907 4199 χρόαι

2323 4251 2435 4286 νον.
2468 4251 2484 4283 ι
2523 4234 2716 4300 Ἡμεῖς
2738 4232 2793 4282 δὲ
2843 4231 2891 4281 οἰ
2914 4229 3011 4298 τὴν
3031 4225 3240 4281 ἑαυτῶν
3270 4221 3555 4275 πίστινέπὶ
3572 4221 3668 4290 τὴν
3685 4222 3906 4291 ἀρραγῆ

2324 4324 2532 4392 πέτραν
2579 4321 3039 4391 οἰκοδομήσαντες
3074 4317 3321 4388 βεϐαίαν,
3376 4315 3535 4386 μέχρι
3582 4314 3770 4376 τέλους
3802 4314 3906 4384 τὴν

2323 4415 2603 4467 εὐσέϐειαν
2633 4412 3087 4481 διαφυλάξωμεν,
3128 4408 3392 4479 μηδαμῶς
3435 4407 3539 4458 ὑπὸ
3589 4406 3696 4458 τῶν
3747 4408 3908 4458 ἐναν-

644 4504 935 4549 armatura:
964 4493 1137 4546 instar
1163 4490 1445 4554 habentes,
1478 4491 1532 4544 in
1581 4491 1699 4561 ipso
1757 4506 1973 4563 semper
2018 4495 2215 4565 glorie-

2323 4507 2451 4558 τίων
2487 4504 2895 4575 θορυϐούμενοι,
2922 4502 3056 4556 ἀλλά
3076 4502 3172 4571 τὴν
3205 4501 3282 4563 είς
3305 4500 3395 4552 τὸν
3431 4497 3633 4568 Κύριον
3678 4499 3907 4566 ἀγάπην

645 4603 784 4651 mur,
802 4585 1075 4654 propheta:
1095 4584 1255 4637 verba
1282 4582 1660 4649 decantantes,
1685 4593 1739 4637 et
1768 4585 2210 4640 adversariorum

643 4677 1031 4749 ignobilitatem
1055 4673 1379 4728 irridentes:
1424 4692 1441 4724 ι
1475 4672 1761 4729 Nobiscum
1793 4675 1952 4730 Deus.
1983 4676 2210 4742 Scitote,

643 4769 846 4840 populi,
883 4777 938 4822 et
963 4765 1342 4836 deprimamini
1367 4783 1380 4832 ;
1407 4766 1500 4835 qui
1532 4767 1777 4822 valuistis
1801 4807 1815 4832 ,
1865 4779 2053 4837 postea
2084 4773 2214 4826 estis

642 4860 882 4930 depressi
913 4876 926 4911 :
960 4865 1016 4911 et
1051 4858 1096 4910 si
1135 4857 1332 4911 iterum
1365 4857 1670 4922 valueritis,
1691 4873 1846 4928 aeque
1873 4860 2164 4915 vincemini
2194 4880 2210 4928 ;

642 4961 695 5003 et
726 4950 769 5003 si
795 4947 923 5016 quid
951 4945 1384 5000 deliberaveritis
1407 4985 1421 5010 ,
1454 4947 1746 5001 consilium
1778 4959 2017 5003 vestrum
2050 4951 2213 5007 dissi-

645 5041 789 5110 pabit
824 5037 1112 5102 Dominus;
1157 5043 1212 5089 et
1257 5051 1416 5104 quem
1450 5051 1754 5092 sermonem
1799 5041 2115 5108 loquemini,
2173 5043 2216 5097 is

643 5131 782 5201 apud
829 5142 927 5184 vos
968 5142 1073 5182 non
1117 5127 1454 5196 permanebit
1491 5147 1506 5194 ;
1565 5130 1689 5197 quia
1735 5131 1876 5186 Deus
1924 5134 2204 5189 nobiscum

643 5233 726 5277 est
754 5222 819 5275 ".
861 5240 880 5273 ι

714 5315 800 5368 ιε.
834 5313 941 5369 Sed
973 5329 1122 5378 ecce,
1161 5314 1212 5368 hi
1247 5313 1453 5380 dicunt,
1484 5315 1769 5385 Apostolus
1801 5329 1986 5386 aperte
2032 5321 2204 5385 ipsum

645 5405 915 5459 hominem
951 5403 1258 5457 confitetur.
1311 5402 1558 5473 Namque
1591 5406 1655 5458 ad
1688 5405 2031 5462 Timotheum
2065 5411 2202 5464 scri-

644 5499 776 5550 bens
810 5496 887 5550 sic
917 5496 1029 5549 ait:
1067 5512 1084 5544 ι
1126 5493 1294 5549 llomo
1322 5494 1571 5552 Christus
1599 5495 1756 5553 Jesus
1781 5499 1847 5556 ⁵⁸.
1892 5518 1910 5551 ι
1947 5500 2058 5556 Hoc
2082 5504 2206 5556 dum

708 5679 751 5748 ξο
786 5675 928 5731 Psal.
957 5675 1167 5748 vtt,‘l_3.
1222 5676 1316 5748 “‘7'
1358 5676 1460 5730 lsa.
1488 5693 1620 5742 xui,
1668 5680 1751 5748 Η,
1791 5684 1873 5738 ιδ.

645 5751 687 5780 6⁵
717 5746 816 5804 lsa.
850 5762 965 5813 \‘lll,
992 5745 1139 5802 8-10.
1215 5745 1259 5776 “
1291 5747 1308 5800 Ι
1342 5748 1479 5803 'l‘iut.
1515 5766 1575 5817 ιι,

1989 5687 2031 5716 ’θ’
2060 5685 2201 5743 Psal.
2240 5704 2422 5755 χχχιιι,
2451 5691 2538 5758 '55,
2575 5691 2662 5747 56.

2323 4595 2486 4648 ὅπλον
2544 4594 2800 4663 ἀνίκητον
2844 4592 3081 4661 ἔχοντες,
3141 4595 3198 4644 ὲν
3248 4589 3396 4659 αὑτῴ
3448 4586 3783 4657 καυχώμεθα
3814 4587 3908 4639 διὰ

2324 4688 2564 4751 παντὸς,
2607 4686 2857 4755 λέγοντες
2907 4684 2976 4738 τὰ
3031 4683 3125 4737 τού
3160 4684 3439 4754 προφήτου
3495 4682 3752 4752 ῥήματα,
3807 4681 3908 4733 καὶ

2324 4779 2589 4848 γελῶντες
2653 4777 2760 4829 τῶν
2821 4777 3078 4829 ἐναντίων
3132 4774 3230 4844 τὴν
3317 4772 3628 4825 εὐτέλειαν·
3686 4791 3704 4823 ι
3761 4772 3906 4825 Μεθ’

2323 4871 2480 4940 ήμῶν
2505 4872 2532 4922 ὁ
2561 4869 2727 4931 Θεός’
2763 4867 2954 4936 γνῶτε,
2997 4866 3147 4935 ἔθνη,
3192 4863 3287 4918 καὶ⁵
3320 4863 3576 4934 ἡττᾶσθε,
3621 4862 3907 4930 ίσχυκότες

2323 4961 2554 5032 ἡττᾶσθε
2580 4977 2593 4990 ο
2632 4959 2727 5012 ἐὰν
2760 4960 2867 5028 γὰρ
2911 4958 3072 5028 πάλιν
3116 4955 3403 5025 ίσχύσητε,
3448 4954 3610 5007 πάλιν
3659 4953 3904 5024 ἡττηθή-

2327 5051 2518 5104 σεσθε’
2575 5051 2668 5104 καὶ
2736 5051 2830 5102 ἐὰν
2868 5047 3256 5120 βουλεύσησθε,
3319 5045 3510 5115 βουλὴν
3554 5043 3906 5097 διασκεδάσει

2323 5144 2559 5212 Κύριος
2588 5144 2681 5196 καὶ
2716 5143 2870 5211 λόγον
2905 5143 2963 5195 ὃν
2991 5142 3085 5195 ἐὰν
3117 5141 3410 5211 λαλήσητε,
3441 5139 3512 5205 ξού
3557 5139 3630 5208 μὴ
3663 5137 3909 5208 ἐμμείνῃ

2325 5235 2382 5287 ἐν
2419 5236 2545 5304 ύμῖν
2569 5252 2580 5264 ·
2610 5236 2691 5287 ὅτι
2726 5236 2842 5304 μεθ’
2880 5233 3039 5304 ἡμῶν
3067 5233 3269 5304 Κύριος
3296 5234 3322 5285 ὁ
3352 5231 3504 5293 Θεός.
3547 5249 3564 5280 ι

2401 5326 2484 5395 ιβ’.
2535 5327 2672 5378 Ἀλλ’
2699 5327 2830 5390 ἰδοὺ,
2867 5325 3053 5395 φασὶν,
3087 5328 3114 5378 ό
3154 5324 3471 5386 Ἀπόστολος
3518 5319 3770 5390 φανερῶς
3803 5321 3902 5372 αύ-

2325 5417 2414 5470 rm
2442 5419 2724 5487 ἄνθρωπον
2757 5418 3133 5487 ὡμολόγησεν.
3163 5415 3410 5485 Τιμοθέῳ
3439 5413 3546 5483 γὰρ
3569 5411 3907 5463 ἐπιστέλλων

2324 5508 2464 5561 οὓτω
2492 5510 2673 5580 φησίνο
2718 5529 2736 5560 ι
2765 5508 3087 5578 Ἀνθρωπος
3129 5507 3362 5577 Χριστὸς
3406 5501 3635 5575 Ἰησοῦς.
3677 5522 3693 5554 ι
3729 5501 3906 5554 Τοῦτο

2774 5693 2818 5724 ⁶³
2843 5692 2990 5748 Psal.
3019 5707 3208 5755 vaut,
3244 5689 3337 5743 ‘2’).
3447 5687 3490 5718 “
3521 5686 3624 5743 lsa.
3657 5701 3770 5749 xw,
3808 5685 3902 5742 19.
