4078 6348
197 389 304 444 "269

1299 386 1487 455 QII-0D
1529 390 1588 446 Β.
1629 388 1847 445 MARIA
1887 389 1996 446 SIT
2035 390 2349 445 DElPAllA.

3335 394 3442 448 9.70

199 505 250 556 δὲ
299 503 565 570 λέγοντες,
599 502 705 554 τῶν
753 502 1157 573 ἀκεραιοτέρων
1188 502 1437 557 δοκοῦσιν
1481 505 1770 574 ταράττειν

1878 504 2041 569 aiunt,
2079 504 2474 574 simpliciorum
2508 504 2760 558 videntur
2785 511 3023 559 mentem
3061 507 3304 563 turbare.
3335 507 3439 563 Sed

198 594 287 645 τὸν
326 593 482 646 νοῦν·
518 595 566 644 εἰ
614 593 721 663 γάρ
751 611 832 657 τις
867 595 1105 658 συνετῶς
1147 594 1224 664 τῷ
1273 595 1618 666 ἀποστολικῷ
1653 598 1775 648 ἑπι-

199 685 383 736 6αλλει
430 684 598 754 ῥητῷ,
673 687 737 737 ὲκ
787 685 977 738 τούτου
1033 686 1265 755 μάλιστα
1320 685 1412 738 τοῦ
1463 685 1628 756 ῥητοῦ
1678 687 1775 756 τῆς

198 775 454 837 ἀσεϐείας
515 775 694 828 αὐτῶν
742 775 1202 846 καταψηφίσεται.
1266 775 1428 828 Ἀλλά
1483 776 1557 844 μὴ
1604 775 1775 838 οῦτως

203 866 712 935 ἀκρωτηριάζωμεν
761 866 860 936 τὴν
911 867 1084 930 λέξιν,
1121 867 1236 920 ἀλλ’
1279 866 1459 934 ὀλίγον
1511 865 1623 917 τῶν
1675 865 1773 934 ἔμ-

201 956 436 1026 προσθεν
456 955 903 1025 ἐπιμνησθέντες,
932 957 1097 1027 ὀρθὴν
1124 955 1223 1025 τῆς
1252 955 1559 1025 οἰκονομίας
1588 955 1773 1008 ὲντεῦ-

201 1047 294 1099 θεν
323 1047 420 1115 τὴν
449 1047 738 1116 ὁμολογίαν
773 1048 962 1117 νοῆσαι
995 1047 1360 1118 δυνησόμεθα.
1395 1048 1458 1100 Τί
1488 1043 1580 1099 οῦν
1611 1063 1775 1116 φησιν

198 1139 226 1188 ὁ
255 1137 520 1206 μακάριος
546 1134 752 1198 Παῦλος
775 1154 788 1200 ;
826 1155 841 1186 ‹
871 1131 962 1200 Εἷς
986 1137 1136 1200 Θεὸς,
1161 1157 1179 1189 ›
1210 1137 1372 1206 φησιν
1395 1136 1634 1207 περὶτοῦ
1664 1138 1775 1188 Πα-

199 1231 322 1300 τρός
340 1248 352 1259 ·
387 1232 478 1282 καὶ
509 1231 613 1301 εἴη·
637 1231 762 1300 περὶ
789 1230 882 1282 τοῦ
908 1231 1059 1283 Υίοῦο
1087 1250 1104 1281 ι
1133 1227 1226 1295 Εἷς
1256 1232 1350 1284 καὶ
1376 1231 1616 1299 Μεσίτης
1638 1231 1772 1283 Θεοῦ

199 1321 294 1371 καὶ
323 1319 646 1389 ἀνθρώπων.
675 1339 692 1370 ι
725 1319 786 1371 lii
817 1319 945 1390 γὰρ,
978 1321 1160 1389 φησιν,
1195 1323 1288 1374 καὶ
1317 1322 1536 1388 γέγονεν
1567 1320 1776 1390 ἄνθρω-

199 1427 318 1472 πος,
356 1411 467 1463 ἀλλ’
497 1412 557 1462 ού
594 1409 680 1462 διὰ
727 1411 883 1464 τοῦτο
921 1411 1014 1462 δύο
1048 1412 1212 1464 αὐτὸν
1267 1412 1592 1464 ὑποπτεύειν
1625 1412 1774 1480 ὀφεί-

198 1501 395 1570 λομεν·
433 1502 623 1571 ὥσπερ
664 1503 769 1573 γὰρ
810 1502 942 1565 Θεὸς
996 1498 1064 1572 ἦν
1109 1503 1216 1574 πρὸ
1246 1502 1348 1572 τῆς
1396 1503 1694 1572 ἐπιδημίας
1743 1505 1771 1555 ό

199 1589 393 1657 Λόγος,
425 1589 568 1642 οὕτω
605 1591 698 1643 καὶ
729 1593 1013 1661 γενόμενος
1041 1592 1343 1663 ἄνθρωπος,
1374 1594 1470 1645 καὶ
1519 1592 1772 1661 μεσιτεύ-

199 1693 298 1738 σας
323 1677 415 1728 καὶ
444 1680 506 1746 τῇ
530 1676 814 1746 ἀνθρώπου
849 1679 1030 1747 φύσει,
1065 1675 1142 1739 εἷς
1167 1680 1324 1732 πάλιν
1341 1681 1485 1732 ἐστίν
1505 1695 1518 1708 ·
1551 1681 1639 1733 διὰ
1665 1681 1772 1748 γὰρ

197 1766 355 1819 τοῦτο
381 1767 621 1838 Μεσίτην
651 1768 810 1820 αὑτὸν
833 1769 1020 1839 εἴρηκε
1053 1767 1187 1820 Θεοῦ
1224 1769 1316 1821 καὶ
1343 1767 1666 1840 ἀνθρώπων,
1695 1768 1768 1832 ὡς

1878 596 2020 649 enim
2057 597 2100 649 si
2132 596 2253 665 quis
2288 594 2510 651 cordate
2554 595 2908 663 apostolicum
2959 597 3158 651 dictum
3195 599 3442 654 conside-

1880 697 1982 749 ret,
2016 688 2066 741 vi
2097 687 2256 754 hujus
2278 689 2513 742 maxime
2543 687 2693 751 dicti,
2732 689 3191 757 irreligiositatem
3226 690 3438 745 illorum

1879 780 2178 834 damnabit.
2215 779 2469 833 Profecto
2512 780 2654 832 haud
2687 779 2800 833 haec
2833 781 2988 834 nobis
3029 781 3230 837 locutio
3278 781 3442 836 veluti

1878 870 2066 923 mutila
2098 870 2411 938 accipienda
2444 869 2523 923 sic
2547 879 2651 932 εει,
2687 869 2779 923 sed
2809 870 2967 938 paulo
2998 878 3144 924 retro
3173 871 3442 924 dictorum

1878 961 1944 1014 ab
1973 961 2236 1030 Apostolo
2272 971 2570 1024 memores,
2625 967 2829 1012 rectam
2875 960 2999 1012 inde
3048 961 3445 1013 incarnationis

1875 1050 2276 1106 confessionem
2306 1049 2602 1116 intelligere
2634 1048 2839 1101 licebit.
2878 1047 3014 1112 Quid
3043 1063 3169 1116 ergo
3213 1047 3288 1099 ait
3319 1047 3437 1100 bea-

1875 1149 1961 1192 tus
1995 1138 2234 1193 Paulus?
2273 1156 2289 1189 ι
2317 1137 2472 1193 Unus
2499 1139 2661 1202 Deus,
2703 1157 2721 1188 ι
2757 1138 2934 1205 inquit
2965 1137 3029 1190 de
3069 1136 3268 1202 Patre;
3304 1145 3442 1190 esto.

1876 1227 1949 1282 De
1971 1227 2107 1281 Filio
2139 1245 2152 1280 :
2191 1247 2208 1279 ι
2238 1227 2385 1284 Unus
2411 1237 2464 1282 et
2499 1228 2765 1281 Mediator
2795 1227 2888 1280 Dei
2913 1236 2967 1280 et
2999 1226 3276 1279 hominum
3306 1225 3376 1278 ⁸⁷.
3423 1245 3440 1275 ι

1877 1315 1992 1370 Etsi
2038 1317 2202 1380 enim,
2254 1317 2450 1380 inquit,
2504 1316 2680 1370 factus
2726 1323 2809 1368 est
2845 1315 3046 1378 homo,
3110 1329 3216 1368 non
3267 1323 3445 1368 tamen

1877 1408 2085 1462 idcirco
2127 1409 2262 1462 duos
2311 1408 2483 1475 ipsqu
2544 1407 2812 1475 suspicari
2881 1407 3158 1461 debemus.
3206 1405 3449 1473 Namque

1876 1499 1951 1553 uti
1980 1507 2097 1553 erat
2131 1507 2257 1553 ante
2290 1513 2450 1553 suum
2483 1498 2771 1552 adventum
2805 1496 3043 1552 Verbum
3081 1497 3221 1553 Deus
3245 1538 3259 1562 ,
3289 1497 3367 1552 sic
3396 1507 3448 1551 et

1877 1593 2039 1645 homo
2068 1590 2262 1653 factus,
2290 1601 2344 1645 et
2378 1591 2626 1643 humana:
2654 1599 2859 1643 natura:
2886 1589 3274 1656 interveniens,
3309 1604 3448 1642 unus

1874 1687 2051 1739 adhuc
2077 1695 2183 1740 est.
2216 1685 2340 1740 ldeo
2373 1684 2725 1739 Mediatorem
2763 1682 2940 1751 ipsum
2965 1684 3057 1737 Dei
3090 1691 3144 1737 et
3172 1683 3447 1738 hominum

1875 1777 2030 1842 dixit,
2084 1778 2208 1845 quia
2250 1792 2318 1831 ex
2369 1786 2598 1844 utraque
2651 1775 2952 1830 substantia
2999 1789 3136 1829 unus
3167 1784 3268 1829 est.
3307 1772 3440 1826 Nam

196 1859 257 1922 ἐξ
289 1860 613 1930 ἀμφοτέρων
641 1860 749 1912 τῶν
795 1859 992 1913 οὐσιῶν
1039 1860 1132 1913 ἕνα
1167 1860 1325 1913 δνταο
1359 1861 1419 1912 τὸ
1469 1861 1576 1931 γάρ
1617 1878 1772 1913 τινων

1882 1870 2022 1936 quod
2054 1868 2195 1922 inter
2228 1867 2409 1934 aliqua
2459 1866 2702 1921 medians
2743 1874 2869 1930 εει,
2919 1872 3204 1933 utramque
3242 1871 3446 1932 partem

201 1949 483 2016 μεσιτεῦον
539 1950 864 2021 ἀμφοτέρων
911 1949 1091 2020 ἔχεται
1132 1951 1372 2013 πάντως.
1410 1952 1564 2003 Ἔστι
1592 1952 1770 2003 τοίνυν

197 2041 435 2111 Μεσίτης
459 2041 616 2105 Θεοῦ,
645 2043 730 2095 διὰ
760 2045 820 2096 τὸ
855 2043 955 2111 τῆς
985 2045 1154 2113 αὐτῆς
1183 2045 1366 2107 οὐσίας
1398 2045 1662 2114 ὑπάρχειν
1696 2045 1772 2113 τῷ

199 2131 374 2202 Πατρί
395 2147 407 2158 ‘
441 2131 554 2184 ἑστι
586 2131 643 2184 δὲ
673 2133 834 2186 πάλιν
858 2134 951 2186 καὶ
975 2134 1278 2202 ἀνθρώπων
1302 2136 1562 2203 Μεσίτης,
1594 2136 1682 2186 διὰ
1714 2136 1772 2186 τὸ

196 2222 418 2293 καὶτῆς
465 2221 810 2292 ἀνθρωπείας
858 2224 1253 2294 μετεσχηκέναι
1297 2224 1510 2291 φύσεως
1553 2223 1772 2285 τελείως

194 2313 364 2382 χωρὶς
395 2313 670 2384 ἁμαρτίας
697 2314 794 2384 (Ι).
818 2315 1137 2386 Ἄνθρωπον
1156 2313 1247 2369 οῦν
1279 2315 1441 2369 αὑτὸν
1471 2316 1597 2368 ὅταν
1624 2315 1773 2384 λέγει

195 2404 432 2472 Χριστὸν
473 2404 700 2472 Ἰησοῦν,
753 2407 828 2477 μὴ
867 2407 955 2460 διὰ
1002 2408 1159 2461 τοῦτο
1211 2406 1770 2470 σκανδαλιζέσθωσαν,

194 2495 310 2549 ἀλλ’
362 2495 714 2548 ὲννοείτωσαν
749 2500 909 2551 αὑτὸν
954 2500 1049 2552 καὶ
1091 2500 1294 2569 Κύριον
1327 2499 1420 2550 καὶ
1473 2497 1604 2549 Θεὸν
1657 2498 1766 2549 dvo-

196 2587 502 2658 μαζόμενον
530 2585 667 2656 μετὰ
708 2586 803 2639 τοῦ
850 2587 944 2640 καὶ
971 2589 1203 2658 Χριστὸν
1243 2588 1407 2640 πάλιν
1457 2587 1634 2654 λέγειν
1678 2587 1772 2640 καὶ

207 2676 443 2746 Ἰησοῦν·
498 2677 846 2731 ἀκουέτωσαν
906 2678 1016 2748 γὰρ
1082 2678 1245 2731 αὑτοῦ
1295 2678 1388 2731 τοῦ
1448 2679 1770 2732 Ἀποστόλου

193 2769 356 2822 τοῦτο
387 2771 633 2840 φανερῶς
663 2770 805 2823 οῦτω
833 2769 1195 2840 κηρύττοντος
1215 2785 1227 2797 °
1265 2787 1283 2820 ι
1321 2770 1768 2840 Προσδεχόμενοι,

195 2864 350 2930 φητὶ.
376 2861 475 2929 τὴν
508 2862 784 2930 μακαρίαν
819 2861 1032 2924 ἐλπίδα,
1068 2863 1163 2913 καὶ
1195 2862 1515 2929 ἐπιφάνειαν
1548 2861 1646 2931 τῆς
1685 2863 1767 2915 δό-

196 2951 293 3019 ξης
315 2951 410 3002 τοῦ
439 2951 675 3020 μεγάλου
697 2949 830 3003 Θεοῦ
858 2951 952 3003 καὶ
981 2952 1228 3020 Σωτῆρος
1254 2952 1409 3021 ἡμῶν
1448 2951 1619 3022 Ἰησοῦ
1646 2953 1774 3022 Χριο

197 3041 348 3106 στοῦ,
377 3041 435 3104 ὃς
475 3042 675 3096 ἔδωκεν
713 3042 902 3097 ἑαυτὸν
933 3041 1074 3110 ὑπὲρ
1112 3041 1286 3110 ἡμῶν.
1324 3060 1341 3090 ι

286 3138 354 3200 γ’.
413 3134 572 3203 Ὁρᾷς
601 3134 747 3195 ὅπως
775 3134 888 3185 ἐκεῖ
920 3131 1018 3201 μὲν
1057 3130 1342 3202 ἄνθρωπον
1387 3131 1620 3200 Χριστὸν
1663 3132 1770 3203 Ἰη-

195 3222 324 3276 σοῦν
355 3223 503 3289 λέγει
542 3223 632 3275 τὸν
667 3224 803 3294 ὑπὲρ
856 3223 1076 3275 πάντων
1125 3223 1318 3276 ἑαυτὸν
1363 3222 1651 3286 δεδωκότα,
1689 3224 1772 3276 ἐν-

193 3313 372 3367 ταῦθα
420 3315 475 3365 δὲ
531 3316 707 3383 μέγαν
760 3313 890 3366 Θεὸν
937 3313 1172 3385 Χριστὸν
1217 3313 1443 3383 Ἰησοῦν,
1487 3314 1578 3367 τὸν
1611 3314 1772 3367 δόντα

197 3406 362 3458 πάλιν
397 3407 586 3458 ἑαυτὸν
625 3406 764 3475 ὑπὲρ
803 3405 992 3475 ἠμῶν;
1034 3407 1206 3476 Διπλῆ
1237 3407 1344 3476 γὰρ
1379 3405 1610 3460 ἐνταῦθα
1653 3408 1770 3459 κατ’

196 3498 401 3559 αὐτῶν,
445 3498 641 3567 μᾶλλον
676 3498 813 3566 ὑπὲρ
848 3497 1046 3560 αὐτῶν,
1099 3499 1147 3548 εί
1199 3496 1431 3550 ἐθέλοιεν
1467 3499 1771 3566 μεταγινώσ-

198 3607 373 3651 σκειν,
404 3589 625 3656 γέγονεν
655 3591 689 3658 ἡ
721 3589 1016 3654 ἀπόδειξις,
1049 3588 1138 3641 διὰ
1181 3589 1240 3640 τὸ
1290 3589 1470 3656 λέγειν
1519 3591 1611 3642 καὶ
1641 3590 1773 3643 Θεὸν

193 3681 293 3732 καὶ
323 3679 528 3748 Κύριον
571 3677 796 3748 Ἰησοῦν,
828 3677 884 3730 ὃν
909 3680 1085 3730 ἐκεῖσε
1121 3678 1408 3747 ἄνθρωπον
1433 3679 1645 3748 εἴρηκε,
1676 3683 1772 3733 καὶ

192 3772 287 3827 διὰ
309 3771 405 3824 τοῦ
441 3773 498 3823 ὲν
548 3771 873 3841 ἀμφοτέροις
914 3771 1106 3822 ἑαυτὸν
1141 3770 1281 3839 ὑπὲρ
1317 3770 1472 3839 ἡμῶν
1503 3770 1774 3823 δεδωκότα

196 3865 508 3935 σημαίνειν.
561 3883 578 3914 ι
622 3864 939 3933 ’Ἄνθρωπος
984 3863 1113 3933 γὰρ,
1164 3863 1350 3930 φησὶν,
1393 3863 1628 3932 Χριστὸς
1672 3864 1774 3932 Ἰη-

197 3957 348 4023 σοῦς,
389 3959 416 4010 ὁ
443 3958 566 4019 δοὺς
594 3955 783 4008 ἑαυτὸν
818 3955 958 4025 ὑπὲρ
987 3955 1207 4008 πάντων
1236 3955 1574 4025 ἀντίλυτρον.
1617 3975 1634 4007 ι
1663 3956 1774 4009 Καὶ

196 4049 395 4102 πάλιν·
435 4070 451 4100 ι
490 4047 915 4118 Προσδεχόμενοι
951 4047 1051 4116 τὴν
1103 4046 1377 4115 μακαρίαν
1415 4045 1626 4109 ἐλπίδα,
1679 4048 1776 4100 καὶ

194 4142 295 4212 τὴν
344 4142 662 4209 ἐπιφάνειαν
695 4139 796 4207 τῆς
849 4138 1005 4206 δόξης
1039 4137 1132 4188 τοῦ
1207 4137 1442 4206 μεγάλου
1492 4137 1624 4190 Θεοῦ
1680 4139 1774 4192 καὶ

195 4234 454 4303 Σωτῆρος
485 4232 641 4302 ἡμῶν
700 4230 872 4300 Ἰησοῦ
927 4229 1182 4298 Χριστοῦ,
1235 4229 1292 4291 ὃς
1339 4229 1539 4283 ἔδωκεν
1584 4231 1776 4283 ἑαυτὸν

195 4327 338 4396 ὑπὲρ
373 4324 550 4396 ἡμῶν,
575 4324 663 4376 ἵνα
699 4323 1046 4392 λυτρώσηται
1077 4322 1222 4392 ἡμᾶς
1252 4321 1359 4373 ἀπὸ
1393 4322 1572 4391 πάσης
1596 4323 1774 4392 ἁμαρ-

191 4418 340 4481 τίας,
376 4418 468 4470 καὶ
515 4415 786 4487 καθαρίσῃ
819 4414 995 4483 ἐαυτῷ
1037 4414 1164 4466 λαὸν
1195 4412 1504 4482 περιούσιον
1545 4415 1644 4484 (2),
1677 4416 1773 4483 ζη-

1876 1958 2184 2026 participat.
2222 1955 2413 2029 Iug
2444 1955 2539 2010 Est
2567 1971 2696 2025 ergo
2739 1955 2835 2009 Dei
2864 1955 3148 2018 Mediator,
3185 1961 3452 2022 quatenus

1874 2049 2118 2117 ejusdem
2149 2061 2210 2101 ac
2249 2047 2407 2101 Pater
2435 2047 2762 2101 substantia:
2798 2058 2881 2101 est
2917 2064 2930 2100 :
2982 2054 3065 2101 est
3119 2044 3246 2098 item
3279 2042 3450 2097 homi-

1878 2155 2000 2192 num
2061 2155 2274 2208 quoque
2302 2138 2572 2192 Mediator
2598 2177 2614 2202 ,
2656 2147 2921 2206 quatenus
2947 2138 3236 2190 humanam
3285 2135 3450 2190 etiam

1876 2240 2122 2284 naturam
2153 2232 2392 2299 perfecte
2440 2228 2734 2298 participat
2776 2230 2984 2298 absque
3015 2233 3262 2297 peccato.
3312 2224 3449 2279 Cum

1874 2334 2004 2387 ergo
2053 2319 2348 2390 Apostolus
2399 2320 2675 2374 hominem
2726 2320 2858 2374 dicit
2909 2317 3186 2372 Christum
3225 2315 3449 2376 Jesum.

1876 2422 2107 2466 caveant
2159 2427 2229 2465 ne
2286 2421 2571 2479 propterea
2628 2411 2944 2465 scandalum
2988 2408 3307 2477 patiantur,
3356 2399 3450 2460 sed

1880 2509 2133 2569 reputent
2162 2501 2451 2569 ipsummet
2484 2508 2539 2553 et
2581 2499 2746 2552 Deum
2772 2507 2826 2552 et
2855 2498 3137 2552 Dominum
3167 2497 3444 2567 appellari,

1875 2592 2148 2660 simulque
2188 2591 2352 2646 etiam
2381 2590 2657 2645 Christum
2684 2587 2982 2657 Jesumque
3034 2590 3163 2645 dici.
3215 2587 3450 2644 Audiant

1873 2684 2016 2737 enim
2042 2682 2291 2736 eumdem
2323 2680 2642 2750 Apostolum
2672 2680 2780 2734 hoc
2802 2689 2993 2750 aperte
3017 2681 3404 2748 przedicantem
3433 2695 3447 2730 :

1879 2792 1898 2824 ‹
1936 2769 2556 2840 Exspectantes,inquit,
2591 2769 2805 2823 beatam
2832 2782 3005 2838 spem,
3053 2776 3109 2823 et
3135 2766 3454 2822 manifesta-

1875 2865 2075 2918 tionem
2103 2863 2289 2934 gloriae
2321 2863 2499 2929 magni
2547 2861 2643 2914 Dei
2679 2869 2735 2914 et
2759 2858 3069 2914 Servatoris
3108 2860 3282 2914 nostri
3324 2858 3452 2915 Jesu

1874 2955 2100 3017 Christi,
2137 2953 2231 3024 qui
2261 2951 2411 3006 dedit
2439 2952 2795 3022 semetipsum
2823 2965 2920 3020 pro
2953 2950 3109 3006 nobis
3150 2951 3216 3003 ⁸⁸.
3252 2967 3270 3001 ι

1951 3129 2038 3183 15.
2087 3128 2272 3184 Viden’
2305 3127 2577 3198 quomodo
2611 3127 2722 3184 illic
2751 3129 2968 3200 quidem
2998 3129 3269 3186 hominem
3295 3129 3453 3186 Chri-

1877 3230 2018 3275 stum
2044 3219 2228 3276 Jesum
2259 3221 2390 3275 dicit
2422 3235 2544 3274 eum
2576 3221 2666 3289 qui
2687 3236 2784 3290 pro
2805 3223 3059 3278 omnibus
3086 3224 3322 3293 seipsum
3346 3232 3454 3278 tra-

1873 3312 2039 3377 didit,
2072 3311 2162 3365 hic
2203 3323 2385 3366 autem
2426 3323 2683 3379 magnum
2722 3310 2890 3367 Deum
2933 3313 3206 3368 Christum
3243 3313 3451 3379 Jesum,

1873 3405 1963 3472 qui
2003 3404 2240 3472 seipsum
2273 3403 2402 3458 item
2437 3417 2536 3472 pro
2586 3402 2743 3457 nobis
2787 3402 3039 3458 dedidit?
3077 3403 3279 3473 Duplex
3308 3407 3451 3460 enim

1876 3495 2003 3548 hinc
2050 3502 2240 3548 contra
2293 3494 2460 3562 ipsos,
2504 3494 2612 3548 imo
2661 3495 2839 3563 potius
2888 3511 2984 3564 pro
3027 3495 3182 3564 ipsis,
3230 3497 3274 3551 si
3322 3497 3456 3551 resl-

1877 3585 2092 3655 piscere
2116 3584 2307 3648 velint,
2339 3584 2399 3639 fit
2438 3585 2853 3652 demonstratio,
2885 3585 3010 3639 dum
3045 3587 3174 3640 dicit
3205 3596 3258 3641 et
3287 3587 3451 3643 Deum

1875 3687 1928 3731 et
1957 3677 2244 3731 Dominum
2275 3675 2481 3740 Jesum,
2527 3690 2690 3745 quem
2735 3676 2847 3730 illic
2879 3676 3154 3732 hominem
3204 3676 3452 3739 dixerat,

1876 3769 2112 3838 dumque
2142 3768 2404 3823 ambobus
2433 3769 2487 3822 in
2519 3769 2653 3824 locis
2697 3769 2874 3836 ipsum
2911 3785 3007 3838 pro
3057 3768 3215 3824 nobis
3262 3778 3456 3838 sponte

1877 3873 1936 3914 se
1971 3859 2261 3914 tradidisse
2291 3860 2580 3929 significat.
2617 3878 2635 3911 ι
2665 3858 2839 3914 Homo
2863 3861 3030 3924 enim,
3067 3858 3265 3928 inquit,
3295 3860 3456 3916 Chri-

1877 3962 1992 4006 Stus
2023 3949 2202 4016 Jesus,
2235 3951 2328 4021 qui
2359 3952 2505 4006 dedit
2539 3952 2775 4020 seipsum
2812 3966 2910 4021 pro
2959 3952 3210 4007 omnibus
3244 3955 3456 4007 redem-

1877 4044 2115 4113 ptionem
2150 4045 2214 4098 ⁶⁹.
2255 4063 2274 4094 ι
2312 4043 2630 4111 Rursusque
2675 4057 2687 4093 :
2727 4060 2745 4092 ι
2808 4042 3196 4110 Exspectantes
3239 4045 3453 4098 beatam

1878 4151 2052 4205 spem,
2075 4145 2132 4190 et
2164 4135 2656 4189 manifestationem
2685 4132 2870 4203 gloria:
2903 4134 3081 4202 magni
3109 4131 3204 4187 Dei
3245 4143 3299 4188 et
3330 4132 3455 4188 Ser-

1877 4229 2085 4282 vatoris
2133 4227 2304 4282 nostri
2341 4224 2466 4281 Jesu
2511 4224 2748 4288 Christi,
2786 4225 2878 4293 qui
2908 4225 3055 4279 dedit
3100 4225 3456 4295 semetipsum

1877 4333 1974 4388 pro
1995 4319 2170 4382 nobis,
2208 4328 2266 4372 ut
2323 4318 2469 4372 omni
2505 4332 2605 4371 nos
2638 4327 2860 4386 peccato
2909 4317 3238 4382 redimeret,
3292 4333 3455 4371 mun-

1879 4412 2136 4479 daretque
2177 4410 2280 4465 sibi
2334 4408 2589 4478 populum
2647 4406 3020 4474 peculiarem,
3081 4406 3448 4462 aemulatorem

193 4509 376 4578 λωτὴν
405 4507 584 4559 καλῶν
622 4506 817 4577 ἔργων.
858 4525 874 4555 ι
907 4506 967 4557 Εἰ
992 4505 1045 4557 δὲ
1075 4504 1360 4574 ἄνθρωπος
1397 4508 1512 4557 κατ’
1535 4507 1772 4570 ἐκείνους

1881 4502 2144 4555 bonorum
2182 4500 2493 4569 operum".
2529 4517 2548 4550 ›
2573 4498 2724 4563 Quod
2749 4500 2794 4552 si
2822 4499 3038 4553 nonnisi
3081 4497 3241 4552 homo
3280 4509 3362 4554 est
3400 4500 3454 4552 in

199 4600 364 4671 μόνον
397 4596 630 4667 Χριστὸς
693 4594 918 4664 Ἰησοῦς,
951 4596 977 4646 ὁ
1019 4594 1139 4656 δοὺς
1175 4593 1364 4646 ἑαυτὸν
1408 4594 1546 4664 ὑπὲρ
1594 4595 1770 4662 ἡμῶν,

195 4692 294 4746 καὶ
323 4688 820 4760 περιποιησάμενος
857 4687 1002 4755 ἡμᾶς
1042 4683 1218 4752 ἑαυτῷ
1263 4683 1389 4735 λαὸν
1440 4685 1771 4753 περιούσιον,

197 4775 474 4848 ἀνθρώπῳ
521 4776 629 4846 ἄρα
671 4773 1006 4844 λατρεύομεν
1039 4772 1436 4841 παραπλησίως
1480 4775 1592 4835 τοῖς
1627 4773 1772 4825 ἔθνε-

199 4885 306 4934 σιν,
341 4868 432 4920 καὶ
453 4870 516 4938 τῇ
547 4868 720 4920 κτίσει
752 4866 933 4917 λοιπὸν
964 4864 1062 4934 τὴν
1094 4867 1427 4934 Δεσποτικὴν
1461 4865 1776 4919 αύθεντείαν

199 4959 582 5026 ἀποδιδόαμεν.
634 4956 773 5010 Ἀλλ’
829 4957 928 5010 οὐκ
975 4958 1120 5009 ἐστιν
1165 4955 1366 5019 οὕτως,
1421 4957 1494 5026 μὴ
1544 4956 1772 5022 γένοιτο,

201 5049 340 5103 ἀλλά
401 5047 626 5119 [Κύριον
669 5047 762 5099 καὶ
818 5045 948 5098 Θεὸν
997 5043 1434 5112 ὲπιγινώσκομεν
1501 5043 1590 5094 τὸν
1643 5044 1776 5114 Χριο

203 5140 364 5192 στόν·
408 5138 598 5206 γέγονε
651 5137 747 5190 μὲν
801 5134 908 5204 γὰρ
951 5132 1234 5204 ἄνθρωπος
1295 5131 1361 5183 δι’
1413 5133 1558 5200 ἡμᾶς
1603 5134 1628 5184 ό
1675 5130 1769 5182 τοῦ

283 5314 523 5370 "lTim.
561 5327 622 5378 ιι,
655 5313 708 5366 5.
788 5310 829 5339 ⁶δ
859 5308 964 5364 Tit.
1003 5326 1062 5373 tt,
1099 5308 1180 5360 15.

284 5501 356 5568 (l)
395 5493 866 5568 Hemupulchram‘
896 5500 949 5545 et
991 5490 1344 5560 theologicam
1391 5486 1634 5543 vocabuli
1665 5503 1770 5541 me-

206 5563 385 5623 diator
415 5563 828 5637 explicationem
856 5563 868 5615 !
897 5631 926 5637 η
1123 5633 1134 5637 _
1667 5626 1699 5637 η

284 5641 360 5710 (‘2)
398 5627 715 5710 Περιούσιον
760 5631 1074 5710 peculiarem
1123 5633 1446 5710 interpretor
1490 5643 1611 5681 cum
1650 5627 1775 5710 divo

213 5696 564 5776 Hieronymo,
607 5696 768 5771 cujus
806 5696 1331 5776 disputationetnm—de
1363 5699 1464 5776 hoc
1515 5696 1774 5776 vocabulo

209 5781 372 5836 refert
397 5767 462 5833 ex
509 5767 684 5840 ipsius
719 5767 1119 5828 commentariis
1169 5769 1502 5825 Sabaterius.
1534 5767 1775 5822 Caetero-

1881 4607 2067 4644 eorum
2094 4590 2361 4646 sententia
2392 4589 2640 4644 Christus
2665 4587 2843 4651 Jesus,
2877 4590 2971 4657 qui
3001 4590 3224 4643 tradidit
3245 4600 3448 4644 semet-

1884 4683 2055 4750 ipsum
2085 4697 2179 4752 pro
2209 4682 2480 4743 omnibus,
2521 4681 2734 4748 sibique
2765 4694 2863 4733 nos
2895 4679 3022 4733 fecit
3056 4679 3312 4749 populum
3356 4695 3451 4748 pc-

1885 4772 2163 4836 culiarem,
2217 4771 2426 4825 homini
2456 4771 2661 4839 utique,
2710 4784 2815 4823 non
2847 4785 3006 4824 secus
3032 4779 3194 4838 atque
3223 4771 3451 4832 ethnici,

1889 4862 2089 4915 cultum
2132 4862 2472 4927 exhibemus,
2510 4870 2564 4914 et
2613 4871 2877 4913 creatura:
2923 4857 3178 4927 deinceps
3205 4859 3448 4914 Domini-

1889 4967 2008 5005 cam
2041 4953 2358 5022 dignitatem
2407 4951 2779 5005 attribuimus.
2817 4948 3201 5006 Verumtamen
3242 4967 3347 5006 non
3383 4952 3455 5006 ita

1886 5059 1943 5098 se
1969 5059 2054 5099 res
2087 5045 2269 5107 habet,
2301 5043 2474 5097 absit!
2525 5043 2622 5096 sed
2658 5041 2968 5113 [Dominum
2994 5058 3056 5097 ac
3086 5043 3252 5098 Deum
3285 5059 3454 5113 agno-

1884 5132 2082 5187 scimus
2114 5131 2412 5188 Christum.
2449 5129 2697 5185 Prufecto
2736 5131 2936 5186 factum
2989 5141 3068 5186 est
3097 5143 3320 5202 propter
3357 5149 3457 5188 nos

1260 5309 1301 5339 θ’
1338 5304 1356 5357 1
1390 5305 1530 5359 Tim.
1567 5319 1625 5369 tt,
1781 5305 1827 5336 7°
1858 5305 1968 5360 Tit.
1998 5323 2059 5372 ll,
2090 5306 2179 5370 15,
2225 5307 2310 5360 14.

1884 5489 1974 5557 qui
2001 5489 2355 5541 abundantem
2398 5489 2821 5556 interpretantur
2847 5488 3182 5557 etynmlogire
3227 5489 3330 5542 vim
3365 5505 3452 5544 sc-

1884 5569 2110 5627 quentes
2153 5559 2388 5622 Lucifer,
2423 5561 2772 5625 Augustinus,
2808 5567 2859 5610 et
2891 5557 3286 5612 Ambrosiaster
3335 5560 3454 5613 loco

1884 5630 2158 5697 praedicto.
2187 5627 2391 5694 Vulgati
2432 5630 2588 5680 lectio
2636 5627 3000 5697 acceptqbilem
3052 5630 3137 5680 vix
3173 5629 3394 5684 dissidet
3419 5646 3449 5684 a

1886 5696 2196 5770 Symmachi
2226 5713 2408 5766 sensu,
2445 5713 2606 5766 quem
2634 5697 2776 5752 idem
2805 5696 3158 5767 Hieronymus
3195 5698 3379 5754 refert.
