4078 6348
591 366 690 416 371

1539 315 1541 317 1
1611 359 1668 412 s.
1711 355 1980 412 CYRILLI
2020 353 2490 410 ALEXANDRINI
2531 352 2854 409 ARCIIIEP.

3731 355 3841 407 ετξ).

593 481 753 533 homo
781 477 869 530 Del
905 473 1161 539 Verbum,
1195 475 1440 528 humanae
1476 482 1681 528 naturae
1717 477 2155 538 communicans,

2273 471 2398 524 Θεοῦ
2448 471 2658 538 Λόγος,
2713 469 2996 540 μετασχὼν
3042 471 3141 539 τῆς
3195 471 3542 542 ἀνθρωπείας
3601 470 3842 538 φύσεως.

596 576 885 636 natumque
933 577 1036 629 est.
1066 565 1134 620 ob
1171 580 1324 620 suam
1370 565 1694 620 ineffabilem
1743 579 1869 636 erga
1912 565 2159 619 homines

595 660 938 722 ebaritntem,
968 672 1086 711 cum
1114 671 1175 711 ea
1204 665 1396 709 natura
1422 670 1485 709 ex
1526 666 1711 711 sancta
1757 668 1814 712 et
1849 658 2158 728 nuptiarum

593 763 812 818 experte
843 746 1056 818 Virgine
1085 763 1096 797 :
1128 746 1221 801 sed
1255 756 1432 801 tamen
1467 746 1545 802 sic
1573 747 1737 802 etiam
1779 747 1919 804 Deus
1964 759 2157 817 suapte

594 849 785 895 natura
816 850 953 903 erat,
987 846 1042 892 et
1086 837 1183 892 Dei
1225 838 1410 893 Filius.
1467 839 1614 894 lianc
1645 840 1810 910 igitur
1845 842 1912 895 ob
1939 856 2158 896 causam

592 944 648 988 et
677 935 837 989 homo
888 943 1134 993 vocatur,
1192 939 1246 985 et
1290 930 1452 984 simul
1512 941 1744 986 vocatur
1803 933 1940 987 Deus
1970 973 1985 998 ,
2035 947 2156 986 cum

594 1025 664 1079 sit
695 1039 836 1078 unus
889 1023 1139 1091 idemque
1176 1021 1274 1076 sub
1326 1031 1556 1091 utraque
1599 1021 1956 1092 appellatione
2004 1023 2160 1078 Chri-

593 1113 756 1186 stus.]

667 1205 750 1258 14.
788 1203 941 1272 Quod
975 1204 1117 1258 enim
1141 1201 1281 1258 haud
1307 1202 1676 1269 hominem,ut
1709 1203 1794 1257 isti
1827 1203 2158 1267 fabulantur,

593 1291 792 1348 Paulus
817 1295 1092 1348 Christum
1125 1294 1523 1363 praedicaverit,
1557 1294 1681 1349 audi
1723 1295 1776 1348 in
1807 1295 2042 1362 Epistola
2093 1294 2160 1349 ad

593 1381 901 1439 Corinthios
930 1383 1196 1436 dicentem
1225 1398 1240 1435 ;
1272 1400 1289 1434 ι
1313 1380 1427 1436 Non
1447 1381 1589 1435 enim
1628 1383 1989 1452 nosmetipsos
2026 1398 2163 1452 prae-

595 1475 859 1536 dicamus,
888 1475 981 1528 sed
1005 1473 1189 1528 Jesum
1217 1473 1494 1528 Christum
1518 1473 1824 1536 Dominum,
1856 1489 1953 1529 nos
1978 1484 2159 1529 autem

595 1579 780 1624 servos
810 1577 1018 1621 vestros
1047 1576 1262 1634 prepter
1287 1564 1467 1620 Jesnm
1496 1567 1563 1617 ”.
1592 1583 1610 1616 ι
1638 1563 1829 1619 Viden‘
1852 1567 2163 1636 apostolicae

595 1656 880 1711 sententiae
903 1655 1178 1708 definitam
1212 1653 1524 1708 nationem?
1547 1652 1728 1708 Jesum
1749 1652 2161 1720 Christum,ait,

597 1746 920 1811 Dominum,
961 1755 1173 1800 nosmet
1207 1755 1386 1799 autem
1425 1760 1612 1799 servos
1651 1746 2030 1813 praedicamus.
2081 1744 2160 1798 Ad

2267 562 2361 616 καὶ
2429 562 2752 632 γεγέννηται
2817 563 2906 616 διὰ
2962 563 3370 633 φιλανθρωπίαν
3431 564 3639 631 ἄφατον
3702 562 3846 630 μετὰ

2263 654 2469 722 ταύτης
2506 654 2570 706 ἐκ
2613 653 2713 722 τῆς
2745 654 2902 721 ἁγίας
2945 655 3038 706 καὶ
3085 655 3464 724 άπειρογάμου
3520 653 3798 723 Παρθένου
3824 671 3836 681 ·

2256 745 2378 798 ἀλλ’
2424 740 2494 815 ἧν
2536 748 2630 798 καὶ
2673 743 2814 797 οὕτω
2855 745 2996 797 κατὰ
3042 745 3204 812 φύσιν
3245 745 3376 808 Θεὸς
3415 747 3509 797 καὶ
3560 745 3654 798 τοῦ
3704 743 3844 797 Θεοῦ

2263 836 2422 898 Υἱός·
2473 836 2561 889 διὰ
2610 834 2815 905 ταύτην
2857 835 3146 906 τοιγαροῦν
3195 837 3295 905 τὴν
3352 836 3533 888 αἰτίαν
3592 836 3844 888 καλεῖται

2262 928 2353 980 καὶ
2388 926 2695 997 ἄνθρωπος,
2721 927 2964 979 καλεῖται
2991 927 3046 980 δὲ
3078 927 3170 980 καὶ
3202 928 3353 990 Θεὸς,
3386 921 3466 988 εἷς
3497 928 3589 978 καὶ
3623 929 3650 979 6
3680 927 3846 988 αὐτὸς

2263 1019 2520 1090 ὑπάρχων
2550 1021 2606 1072 ὲν
2644 1019 2877 1089 ἑκατέρᾳ
2913 1019 3254 1090 προσηγορίᾳ
3289 1018 3679 1090 Χριστός(1).]

2337 1193 2419 1246 ιδ’.
2461 1193 2582 1244 ’Ότι
2615 1192 2721 1261 γὰρ
2750 1191 2850 1244 οὐκ
2879 1191 3184 1261 ἄνθρωπον,
3217 1189 3292 1253 ὡς
3324 1186 3471 1244 οὗτοι
3514 1191 3844 1261 μυθολογοῦ-

2266 1300 2370 1346 σιν,
2405 1284 2433 1336 ό
2470 1281 2682 1344 Παῦλος
2711 1283 2977 1353 ἐκήρυττε
3023 1282 3114 1336 τὸν
3155 1283 3410 1352 Χριστὸν,
3443 1282 3606 1336 ἄκουε
3643 1284 3843 1354 Κοριν-

2265 1374 2398 1437 θίοις
2432 1374 2838 1437 ἐπιστέλλοντος
2871 1373 3036 1426 αὑτοῦ
3085 1375 3181 1427 καὶ
3227 1374 3508 1442 λέγοντος·
3550 1395 3567 1427 ι
3620 1376 3694 1429 Οὑ
3737 1375 3849 1445 γάρ

2264 1463 2492 1525 ἑαυτοὺς
2521 1461 2893 1533 κηρύσσομεν,
2941 1455 3078 1516 ἀλλὰ
3119 1463 3326 1539 Ἰησοῦν
3352 1465 3585 1535 Χριστὸν
3616 1464 3845 1536 Κύριον,

2264 1553 2488 1615 ἑαυτοὺς
2516 1552 2574 1605 δὲ
2621 1550 2840 1616 δούλους
2881 1553 3034 1623 ὑμῶν
3077 1553 3166 1608 διὰ
3210 1553 3442 1623 Ἰησοῦν.
3482 1573 3500 1606 ι
3552 1555 3714 1626 Ὁρᾷς
3749 1556 3850 1624 τῆς

2265 1643 2633 1713 ἀποστολικῆς
2675 1644 2897 1714 γνώμης
2959 1643 3051 1698 τὸν
3103 1645 3266 1715 ὅρον;
3333 1646 3540 1715 Ἰησοῦν
3590 1648 3850 1714 Χριστὸν,

2265 1737 2454 1805 φησίν,
2490 1735 2726 1806 Κύριον·
2781 1737 3007 1801 ἑαυτοὺς
3073 1736 3131 1790 δὲ
3181 1736 3402 1801 δούλους
3467 1740 3844 1810 κηρύσσομεν.

595 1837 867 1891 Romanos
903 1838 1026 1889 item
1062 1834 1301 1890 scribens
1325 1836 1436 1887 ait:
1477 1853 1493 1886 ι
1536 1836 1609 1888 Ex
1635 1837 1831 1904 quibus
1863 1836 2155 1889 secundum

2275 1805 2587 1897 Ῥωμαίοις
2614 1827 2671 1880 δὲ
2719 1827 2881 1882 πάλιν
2910 1827 3243 1882 ἐπιστέλλων
3275 1828 3417 1882 οὕτω
3452 1805 3648 1901 φησιν·
3689 1805 3733 1882 «-
3761 1832 3853 1895 Ἐξ

596 1941 812 1980 carnem
844 1922 1113 1988 Christus,
1141 1925 1231 1994 qui
1275 1933 1363 1977 est
1386 1938 1549 1993 super
1584 1925 1765 1978 omnia
1819 1925 1959 1980 Deus
1996 1925 2160 1978 bene-

597 2014 772 2069 dictus
803 2014 854 2068 in
885 2014 1100 2069 saecula.
1138 2014 1308 2066 Amen
1333 2014 1400 2064 ".
1442 2029 1462 2063 ι
1507 2012 1659 2079 Quod
1697 2012 1740 2066 si
1770 2013 1846 2066 uti
1887 2012 2159 2066 hominem

596 2104 870 2161 Christum
896 2105 1274 2173 reputavisset,
1304 2104 1593 2157 dicendum
1629 2105 1697 2157 ab
1721 2119 1786 2158 eo
1815 2103 1996 2158 fuerat
2040 2121 2052 2156 :
2083 2102 2159 2156 Ex

598 2200 792 2268 quibus
844 2197 1138 2252 secundum
1169 2210 1388 2250 carnem
1432 2192 1706 2258 Christus,
1755 2195 1807 2249 in
1851 2210 1957 2265 quo
2004 2209 2166 2264 super

596 2290 779 2346 omnia
828 2290 989 2344 Deus.
1025 2287 1177 2343 Nunc
1213 2302 1342 2342 vero
1371 2301 1477 2340 non
1525 2287 1599 2341 ita
1645 2287 1806 2351 dixit,
1865 2289 1958 2342 sed
2000 2289 2163 2342 Deum

599 2393 758 2447 super
780 2377 959 2432 omnia
977 2374 1249 2430 Christum
1280 2390 1471 2444 magna
1505 2389 1637 2430 voce
1662 2375 1981 2430 declaravit.
2008 2376 2167 2447 [Illud

599 2469 821 2538 insuper
860 2467 1289 2528 consideremus,
1325 2465 1469 2533 quod
1511 2463 1614 2518 nisi
1650 2466 1816 2520 Deum
1846 2482 1954 2520 una
1982 2476 2036 2521 et
2063 2469 2161 2521 ho-

599 2561 798 2614 minem
839 2565 1144 2627 reputasset
1195 2556 1472 2611 Christum
1529 2557 1684 2612 divus
1732 2558 2027 2626 Apostolus
2063 2574 2167 2613 non

599 2654 826 2709 dixisset
851 2669 869 2701 ι
905 2650 1200 2706 secundum
1229 2663 1470 2704 carnem.
1510 2665 1527 2699 ι
1558 2647 1670 2703 Hoc
1697 2651 1840 2703 enim
1879 2651 2171 2705 manifeste

601 2745 666 2799 de
688 2759 752 2798 eo
785 2743 874 2812 qui
905 2757 1010 2795 non
1034 2739 1206 2794 solum
1235 2748 1319 2792 est
1344 2739 1530 2803 homo,
1563 2741 1660 2794 sed
1686 2739 1750 2793 de
1775 2753 1840 2793 eo
1867 2741 1955 2807 qui
1989 2749 2043 2794 et
2068 2742 2171 2794 alia

604 2833 832 2902 quadam
856 2829 1176 2884 substantia:
1211 2828 1421 2881 ratione
1449 2828 1720 2892 subsistit,
1749 2830 1948 2883 dicitur
1967 2873 1982 2896 ,
2015 2831 2172 2886 sicuti

600 2936 790 2992 reapse
821 2920 1067 2975 addidit:
1093 2935 1110 2969 ι
1150 2916 1240 2988 qui
1272 2927 1354 2972 est
1380 2933 1541 2985 super
1562 2921 1739 2972 omnia
1761 2917 1955 2974 Deus.)
1991 2921 2175 2988 Dupli-

602 3027 719 3067 cem
745 3010 954 3065 scilicet
989 3008 1091 3062 hoc
1120 3009 1238 3062 loco
1287 3007 1351 3058 de
1399 3007 1692 3062 Serratore
1733 3019 1922 3062 nostro
1952 3011 2175 3078 protulit

602 3101 1016 3164 confessionem,
1049 3108 1098 3152 et
1128 3098 1256 3165 quid
1279 3098 1348 3152 sit
1377 3099 1674 3152 secundum
1704 3115 1924 3154 carnem
1946 3102 2172 3154 demon-
2200 3140 2241 3195 C

599 3203 804 3257 strans,
837 3200 890 3248 et
914 3191 1074 3246 simul
1106 3188 1273 3242 Deum
1311 3187 1656 3258 praedicans]
1686 3187 1820 3242 Nam
1858 3206 1949 3244 rex
1993 3201 2166 3244 terre-

602 3302 726 3350 nus,
759 3286 802 3339 si
838 3282 980 3337 forte
1026 3279 1320 3350 aliquando
1381 3278 1432 3332 in
1467 3281 1706 3333 consulis
1751 3279 1917 3349 ﬁgura
1954 3283 2172 3347 prodire

603 3375 752 3439 velit,
781 3390 887 3430 non
923 3373 1126 3428 idcirco
1157 3385 1248 3425 rex
1274 3384 1395 3424 esse
1425 3368 1621 3422 desinit
1644 3407 1658 3431 ,
1707 3386 1883 3437 neque
1930 3371 2168 3438 priorem

603 3467 920 3537 dignitatem
954 3462 1174 3524 amittit,
1213 3460 1306 3514 sed
1353 3474 1491 3514 unus
1521 3460 1770 3528 idemque
1823 3471 1928 3524 est,
1976 3470 2173 3531 praeter

605 3555 811 3626 regiam
861 3552 1202 3607 consularem
1234 3564 1451 3618 quoque
1482 3549 1799 3618 dignitatem
1833 3552 2039 3607 habens
2069 3571 2084 3607 :
2119 3561 2174 3607 et

603 3647 649 3701 si
679 3644 944 3714 quispiam
984 3641 1128 3697 hunc
1157 3637 1350 3713 155/:
1384 3655 1564 3710 regem
1607 3641 1869 3704 nominet,
1912 3644 2060 3697 novit
2100 3645 2173 3698 si-

603 3733 717 3792 mul
751 3734 996 3789 eumdem
1053 3746 1176 3787 esse
1221 3732 1311 3799 qui
1361 3730 1601 3786 consulis
1660 3731 1848 3786 habitu
1890 3745 2117 3790 ornatur
2154 3751 2168 3788 :

603 3827 953 3894 vicissimque
985 3823 1032 3878 si
1079 3822 1355 3877 consulem
1406 3821 1578 3888 ipsum
1621 3822 2011 3890 appellaverit,
2064 3840 2172 3879 non

605 3917 824 3986 ignorat
877 3915 1024 3968 hunc
1077 3909 1326 3966 eumdem
1365 3923 1484 3963 esse
1537 3924 1738 3979 regem.
1777 3910 1868 3965 Sic
1915 3911 2174 3970 Dominus

606 4014 792 4062 noster
820 4003 982 4059 Jesns
1013 4001 1268 4057 Christus
1291 4009 1410 4053 erat
1441 4000 1656 4068 quidem
1689 4000 1783 4054 Dei
1813 4004 2174 4067 sempiternus

605 4097 795 4161 Filius,
847 4094 991 4150 Deus
1061 4107 1222 4148 vcrus
1269 4091 1579 4155 exsistens;
1653 4101 1925 4160 assumpta
1993 4103 2173 4148 autem

605 4188 892 4260 postremis
914 4184 1243 4254 temporibus
1260 4184 1422 4237 etiam
1447 4184 1807 4248 humanitate,
1826 4200 1960 4238 unus
2001 4185 2172 4240 idem-

607 4293 712 4350 que
745 4289 848 4348 est,
875 4279 988 4333 sive
1021 4277 1183 4342 Deus,
1234 4277 1348 4330 sive
1389 4277 1572 4340 homo,
1616 4276 1731 4331 sive
1783 4275 1941 4331 .lesus
1986 4278 2172 4347 appel-

607 4370 770 4427 letur.

2262 1910 2337 1971 ὧν
2368 1920 2396 1971 6
2426 1916 2657 1990 Χριστὸς
2685 1918 2745 1971 τὸ
2792 1918 2934 1973 κατὰ
2968 1920 3168 1990 σάρκα,
3200 1921 3229 1973 6
3258 1919 3332 1973 ὢν
3361 1921 3454 1974 ἐπὶ
3484 1923 3698 1975 πάντων
3720 1922 3854 1984 Θεὸς

2266 2006 2562 2076 εὐλογητὸς
2601 2009 2682 2069 είς
2721 2009 2848 2070 τοὺς
2893 2008 3134 2072 αἰῶνας·
3172 2010 3339 2080 ἀμήν.
3382 2029 3399 2061 ι
3442 2012 3502 2063 Εί
3536 2012 3592 2065 δὲ
3643 2013 3855 2082 ἂνθρω⁹

2266 2112 2365 2148 πον
2397 2094 2662 2164 ἠπίστατο
2689 2097 2781 2150 τὸν
2807 2099 3061 2170 Χριστὸν,
3090 2099 3195 2152 ἔδει
3225 2101 3430 2168 λέγειν,
3460 2103 3545 2169 Ἐξ
3558 2099 3631 2156 ὧν
3661 2105 3689 2156 6
3718 2105 3856 2175 Χρι-

2268 2186 2390 2247 στος
2419 2185 2480 2237 τὸ
2517 2187 2656 2239 κατὰ
2690 2187 2888 2258 σάρκα,
2927 2189 2984 2240 έν
3024 2181 3068 2255 ᾧ
3095 2190 3126 2242 6
3155 2190 3250 2243 ἐπὶ
3280 2193 3496 2244 πάντων
3535 2192 3668 2256 Θεός
3691 2207 3704 2220 '
3755 2191 3855 2244 νῦν

2266 2276 2325 2330 δὲ
2358 2275 2516 2330 τοῦτο
2566 2278 2665 2347 μὲν
2695 2280 2796 2331 οὐκ
2843 2281 3052 2350 εἴρηκε,
3108 2281 3239 2333 Θεὸν
3273 2280 3328 2333 δὲ
3373 2282 3462 2334 τὸν
3493 2281 3731 2352 Χριστὸν
3759 2285 3857 2335 ὲπὶ

2271 2368 2492 2422 πάντων
2535 2368 2937 2438 μεγαλοφώνους
2971 2372 3271 2440 ἀπέφηνεν.
3333 2371 3430 2443 [οὑ
3467 2373 3572 2445 μὴν
3604 2375 3683 2439 δὲ,
3716 2374 3857 2427 ἀλλά

2270 2477 2334 2527 γε
2374 2461 2593 2514 κάκεῖνο
2636 2461 3076 2533 διασκεψώμεθα,
3121 2464 3197 2527 ὡς
3242 2465 3290 2516 εί
3337 2466 3412 2535 μὴ
3445 2466 3577 2518 Θεὸν
3613 2467 3728 2533 ἅμα
3761 2471 3859 2519 καὶ

2273 2550 2558 2620 ἄνθρωπον
2617 2551 2887 2620 ἠπίστατο
2951 2551 3040 2604 τὸν
3098 2553 3332 2620 Χριστὸν
3395 2558 3423 2606 6
3494 2555 3636 2617 θεῖος
3695 2557 3859 2610 Ἀπό·

2275 2639 2480 2706 στολος,
2509 2640 2610 2693 οὑκ
2658 2640 2723 2693 ἂν
2755 2640 2939 2709 ἔλεγεν
2966 2641 3033 2694 τὸ
3065 2642 3214 2695 κατὰ
3265 2643 3492 2710 σάρκα·
3543 2646 3702 2700 τοῦτο
3745 2649 3858 2720 γὰρ

2274 2729 2522 2800 φανερῶς
2570 2731 2663 2783 ὲπὶ
2715 2730 2808 2783 τοῦ
2861 2731 2937 2802 μὴ
2990 2733 3150 2800 μόνον
3197 2733 3520 2804 ἀνθρώπου,
3575 2738 3711 2791 ἀλλὰ
3761 2742 3859 2792 καὶ

2276 2821 2396 2875 καθ’
2440 2821 2625 2894 ἕτερόν
2674 2838 2727 2874 τι
2763 2822 2861 2892 τὴν
2905 2822 3090 2876 οὐσίαν
3145 2824 3297 2889 ὄντος
3351 2827 3601 2894 λέγεται·
3663 2828 3861 2899 ὥσπερ

2275 2909 2367 2966 οὖν
2421 2914 2515 2966 καὶ
2561 2914 2860 2982 ἐπήγαγεν,
2893 2917 2925 2967 ό
2957 2914 3042 2968 ὧν
3071 2916 3172 2969 ἐπὶ
3200 2917 3440 2971 πάντων
3471 2919 3630 2985 Θεός·
3661 2920 3861 2988 διπλῆν

2277 3005 2384 3075 γὰρ
2434 3003 2666 3057 ἐνταῦθα
2722 3005 2820 3070 τὴν
2877 3007 3127 3075 περὶτοῦ
3172 3010 3422 3080 Σωτῆρος
3463 3011 3618 3081 ἡμῶν
3665 3013 3863 3082 ὁμολο-

2277 3096 2401 3162 γίαν
2444 3095 2813 3162 παραδέδωκε,
2870 3098 2965 3149 καὶ
3011 3097 3073 3149 τὸ
3129 3098 3270 3150 κατὰ
3316 3101 3492 3169 σάρκα
3543 3102 3857 3168 ἐπιδείξας.

2277 3181 2371 3236 καὶ
2399 3182 2531 3235 Θεὸν
2563 3184 2909 3254 άνακηρύξας
2947 3185 3072 3258 (2).]
3109 3188 3316 3257 Ὀνπερ
3345 3191 3452 3259 γὰρ
3476 3193 3676 3263 τρόπον
3705 3197 3734 3247 6
3765 3197 3861 3249 ἐπὶ

2278 3275 2380 3343 γῆς
2415 3274 2686 3344 βασιλεὺς,
2725 3277 2779 3328 ετ
2824 3293 2951 3330 ποτε
2997 3280 3056 3330 ὲν
3109 3280 3319 3333 ὑπάτου
3371 3285 3610 3352 σχήματι
3658 3285 3859 3357 προελ-

2279 3369 2389 3421 θεῖν
2419 3367 2727 3440 βουληθείη,
2773 3370 2837 3423 οὑ
2865 3371 3134 3442 διὰτοῦτο
3162 3374 3256 3426 τοῦ
3306 3370 3442 3428 εἶναι
3468 3375 3721 3442 βασιλεὺς
3759 3378 3862 3431 1:6-

2281 3477 2505 3522 παυται,
2533 3459 2657 3512 οὗτε
2700 3461 2805 3530 μὴν
2842 3462 2940 3531 τὴν
2965 3464 3238 3535 προτέραν
3270 3465 3587 3519 αὑθεντείαν
3633 3467 3860 3520 ἀπώλεο

2283 3566 2394 3613 σεν,
2427 3550 2539 3602 ἀλλ’
2569 3547 2651 3612 εἷς
2679 3552 2772 3604 καὶ
2797 3552 2825 3604 6
2854 3550 3014 3615 αὐτὸς
3044 3555 3280 3624 ὑπάρχει
3320 3556 3456 3625 πρὸς
3493 3559 3559 3626 τῇ
3610 3556 3863 3628 βασιλείᾳ

2281 3641 2375 3693 καὶ
2399 3640 2460 3692 τὸ
2499 3639 2600 3710 τῆς
2633 3640 2897 3705 ὑπατείας
2926 3643 3064 3712 ἔχων
3083 3659 3098 3675 ·
3132 3645 3235 3697 κᾶν
3265 3645 3318 3696 εῐ
3345 3662 3427 3708 τις
3470 3647 3726 3716 ὀνομάσοι
3757 3649 3862 3717 βαρ

2283 3731 2453 3796 σιλέα,
2506 3727 2645 3785 οἶδεν
2687 3733 2763 3797 ὡς
2809 3734 2968 3797 αὑτός
3013 3738 3160 3788 ἐστιν
3202 3738 3231 3788 6
3281 3737 3373 3789 xui.
3403 3737 3462 3789 τὸ
3502 3735 3600 3790 τοῦ
3645 3737 3861 3792 ὑπάτου

2283 3826 2467 3896 σχῆμα
2499 3824 2986 3896 περιϐαλλόμενος·
3029 3825 3122 3876 καὶ
3153 3824 3312 3879 πάλιν
3340 3841 3397 3878 τε
3439 3830 3486 3878 εί
3530 3825 3735 3880 ὕπατον
3767 3826 3864 3880 τὸν

2282 3916 2442 3969 αὑτὸν
2470 3914 2745 3984 ὀνομάσοι,
2775 3914 2866 3967 τὸν
2904 3913 3063 3967 αὑτὸν
3093 3910 3232 3968 οἶδεν
3279 3917 3371 3968 καὶ
3419 3916 3643 3985 βασιλέα
3681 3917 3863 3970 ὑπάο-

2282 4023 2445 4075 χοντα
2503 4006 2579 4076 (3)
2605 4023 2617 4036 ·
2637 4005 2811 4068 οὕτως
2842 4007 2870 4059 6
2895 4005 3098 4076 Κύριος
3132 4008 3288 4077 ἡμῶν
3327 4006 3534 4077 Ἰησοῦς
3565 4009 3594 4061 6
3622 4007 3863 4079 Xptc‘t‘lc

2281 4088 2348 4163 ἦν
2390 4093 2489 4161 μὲν
2518 4092 2605 4146 ἀεὶ
2630 4093 2723 4146 τοῦ
2751 4092 2886 4146 Θεοῦ
2927 4094 3075 4159 Υἱὸς,
3106 4093 3238 4157 Θεὸς
3278 4094 3540 4166 ὑπάρχων
3581 4095 3858 4162 ἀληθινὸς,

2283 4185 2604 4257 προσλαϐὼν
2632 4186 2689 4239 δὲ
2729 4189 2786 4239 ὲν
2831 4186 3074 4257 ὑστέροις
3100 4188 3310 4258 χρόνοις
3352 4189 3447 4240 καὶ
3489 4188 3548 4240 τὸ
3579 4188 3860 4257 ἀνθρώπι-

2283 4295 2395 4342 νον,
2439 4272 2518 4340 εἴς
2568 4280 2661 4330 καὶ
2702 4279 2729 4330 ό
2777 4277 2940 4339 αὐτὸς
2986 4277 3239 4347 ὑπάρχει,
3285 4278 3386 4331 κᾶν
3426 4278 3559 4340 Θεὸς
3608 4280 3860 4350 λέγηται,

2284 4371 2386 4424 κᾶν
2413 4369 2717 4439 ἄνθρωπος,
2752 4369 2852 4422 κᾶν
2893 4367 3115 4438 ’1ῆσοῦς.

680 4464 768 4519 15.
801 4463 930 4530 Quae
964 4477 1082 4516 cum
1121 4462 1190 4514 ita
1227 4475 1284 4515 se
1311 4460 1564 4525 habeant,
1622 4461 1800 4530 agesis
1839 4461 2169 4517 Dominicum

2273 4524 2274 4529 η
2356 4467 2435 4513 ιε’.
2479 4458 2695 4512 Τούτων
2723 4460 2780 4512 δὲ
2812 4459 2983 4522 οὕτως
3014 4461 3265 4530 ἐχόντων,
3297 4461 3427 4531 φέρε
3479 4461 3572 4513 καὶ
3615 4462 3715 4531 τὴν
3745 4463 3861 4514 Ku-

611 4570 823 4625 quoque
846 4552 1060 4607 eiI'atum
1095 4553 1145 4606 in
1188 4552 1423 4604 medium
1449 4554 1831 4618 producamus,
1867 4554 2021 4624 cujus
2041 4570 2177 4622 prae-

609 4646 767 4714 cipue
823 4659 988 4697 causa
1042 4642 1299 4698 audacius
1355 4641 1509 4697 nobis
1577 4643 1783 4698 instant
1843 4646 2176 4711 adversarii;

612 4750 805 4808 nempe
828 4735 968 4804 quod
1000 4735 1114 4803 ipse
1137 4734 1187 4788 in
1217 4735 1540 4803 evangelicis
1575 4736 2049 4804 praedicationibus
2081 4737 2178 4792 ho-

612 4829 812 4883 minem
836 4841 892 4882 se
914 4825 1196 4882 confessus
1223 4827 1294 4882 sit
1333 4827 1520 4881 dicens
1550 4842 1562 4876 :
1608 4847 1625 4878 ι
1655 4828 1762 4883 Cur
1800 4843 1884 4882 me
1936 4830 2180 4897 quaeritis

611 4918 880 4983 occidere,
943 4916 1214 4973 hominem
1286 4917 1377 4984 qui
1437 4918 1716 4973 veritatem
1769 4919 1921 4974 vobis
1967 4920 2178 4975 locutus

613 5026 730 5066 sum
757 5009 838 5064 "l
867 5027 886 5060 ι
911 5005 1019 5065 Sed
1041 5009 1185 5064 enim
1214 5007 1256 5062 si
1274 5008 1395 5078 quis
1426 5008 1670 5064 veritatis
1699 5011 1976 5066 studiosus
2006 5026 2176 5065 evan-

682 5182 726 5215 "
761 5182 804 5236 11
843 5182 969 5238 Cor.
1011 5198 1084 5248 tv,
1118 5183 1171 5237 5.
1246 5181 1290 5213 "
1332 5179 1488 5235 Rom.
1520 5195 1594 5246 lx,
1631 5182 1678 5236 5.

684 5360 760 5429 (I)
787 5359 1091 5429 Recitatur_
1112 5358 1202 5429 hic
1227 5365 1430 5429 tractus
1477 5356 1791 5429 nomigatim
1826 5373 1888 5412 ex
1919 5360 2019 5413 hoc
2063 5358 2170 5428 Cy-

613 5424 720 5483 rilli
745 5424 994 5483 sermone
1019 5444 1044 5480 a
1067 5426 1370 5481 Iustiniano
1402 5428 1527 5493 imp.
1550 5425 1601 5477 in
1623 5424 1955 5481 Tractatuad
1985 5424 2171 5482 mona-

615 5500 745 5553 chos
772 5499 1162 5553 Alexandrinos
1205 5495 1624 5564 Mnnophysitas,
1652 5512 1807 5564 quem
1853 5513 1950 5550 nos
1999 5499 2170 5551 edidi-

614 5583 733 5622 mus
767 5569 963 5633 Script.
992 5578 1084 5620 vet.
1122 5577 1160 5618 t.
1199 5565 1308 5627 VII,
1344 5563 1500 5634 cujus
1516 5565 1644 5634 vide
1672 5563 1730 5634 7p.
1759 5566 1882 5620 506.
1918 5566 2168 5621 Ρθιίεἱιει·

1760 5184 1804 5213 ⁷³
1838 5181 1990 5238 .loan.
2029 5199 2144 5248 vin,
2179 5183 2267 5239 60.

2289 4551 2481 4625 ριακὴν
2513 4552 2589 4614 είς
2639 4551 2800 4619 μέσον
2835 4553 3017 4621 φωνὴν
3051 4553 3374 4622 ἀγάγωμεν,
3405 4555 3490 4620 ἐφ’
3524 4555 3590 4622 ἣν
3622 4554 3860 4621 μάλιστα

2283 4643 2376 4696 καὶ
2409 4641 2741 4712 θρασύτερον
2773 4645 2907 4712 ἡμῖν
2934 4644 3245 4710 ἐφίστανται
3276 4643 3544 4710 λέγοντες,
3575 4643 3649 4705 ὡς
3693 4644 3860 4706 αὐτὸς

2281 4739 2338 4789 ὲν
2381 4740 2492 4798 τοῖς
2532 4736 2904 4803 εὑαγγελικοῖς
2951 4736 3296 4804 κηρύγμασιν
3343 4735 3628 4806 ἄνθρωπον
3661 4737 3859 4790 ἑαυτὸν

2281 4827 2628 4898 ὡμολόγησεν
2648 4825 2828 4894 λέγων
2849 4842 2861 4854 ·
2905 4845 2922 4875 ι
2963 4826 3026 4877 Τί
3059 4843 3123 4895 με
3157 4826 3369 4895 ζητεῖτε
3398 4829 3738 4892 ἀποκτεῖναι,
3769 4830 3858 4882 άν-

2283 4920 2497 4990 θρωπον
2524 4919 2582 4981 ὃς
2610 4919 2707 4990 τὴν
2730 4919 2985 4988 ἀλήθειαν
3030 4921 3158 4989 ὑμῖν
3201 4920 3503 4990 λελάληκα;
3541 4939 3560 4972 ›
3592 4922 3653 4973 Εἰ
3681 4921 3738 4973 δέ
3771 4939 3856 4983 τις

2286 5009 2594 5080 φιλαλήθως
2624 5011 2732 5072 τοῖς
2760 5008 3131 5078 εύαγγελικοῖς
3160 5010 3437 5065 ἐπιϐάλλει
3457 5011 3695 5081 χωρίοις,
3722 5011 3854 5064 ἔνθα

2275 5359 2662 5415 inveniremus.

2344 5427 2418 5507 (ᾖ)
2449 5429 2632 5507 ΗιιῃεΔ
2655 5443 2868 5507 quoque
2912 5426 3096 5507 Cyrilli
3142 5438 3373 5507 tractum
3426 5428 3635 5507 recitat,
3677 5437 3729 5507 et
3753 5442 3854 5482 suo

2271 5497 2583 5553 testimonio
2606 5497 2734 5553 facit
2758 5497 3126 5553 a‘uthcniicum
3150 5499 3489 5552 Justinianus
3515 5498 3628 5551 loco
3655 5500 3850 5551 citato.

2346 5567 2584 5638 (5)Apte
2631 5570 2803 5622 utitur
2851 5571 2951 5623 hac
2998 5570 3347 5622 similitudine
3387 5568 3645 5638 Cyrillus,
3695 5565 3851 5638 cujus

614 5652 742 5691 vero
772 5632 926 5691 nobis
974 5637 1218 5706 contigit,
1260 5647 1318 5687 ut
1361 5632 1547 5706 Cyrilli
1585 5632 1758 5706 simul
1805 5652 1955 5705 opus,
1993 5639 2163 5704 deque
2268 5632 2425 5691 aetate
2456 5632 2631 5691 adhuc
2664 5638 3019 5706 imperatores
3043 5639 3408 5703 consulatum,
3432 5632 3562 5692 'cum
3603 5637 3683 5691 eis
3715 5632 3847 5688 libeo

613 5720 680 5762 eo
723 5706 897 5776 regale
947 5720 1013 5764 ac
1059 5702 1414 5762 certissimum
1463 5702 1752 5760 Justiniani
1801 5702 2162 5762 tésnmonium
2267 5707 2379 5773 bar,
2429 5706 2675 5762 adibant.
