4078 6348
192 392 294 448 273

1290 409 1476 476 QUOD
1517 414 1576 469 Β.
1624 416 1836 474 MARIA
1881 423 1987 477 SIT
2028 424 2344 485 DEIPARA.

3328 444 3432 501 ειη

191 508 347 562 τοῦτο
371 510 663 582 λελάληκεν
689 518 715 569 6
739 517 948 590 Σωτὴρ,
984 524 1186 595 σφόδρα
1232 533 1638 596 καταγνώσεται
1665 538 1756 604 τῆς

1867 542 2066 611 gelicos
2097 547 2261 600 adibit
2314 548 2479 617 locos,
2535 551 2620 609 hic
2675 552 2764 608 ubi
2813 552 3068 611 Servator
3102 553 3174 611 ita
3223 556 3433 616 locutus

190 600 521 669 κακοτέχνου
563 603 786 675 γνώμης
830 610 1029 675 αὐτῶν,
1061 616 1152 665 καὶ
1202 617 1642 688 φιλεγκλήμονας
1684 600 1759 674 δί-

190 690 359 751 καίως
406 690 737 747 ἀποκαλέσει
788 698 881 750 καὶ
944 704 1315 769 συκοφάντας·
1369 709 1605 762 τοσαῦτα
1651 712 1759 781 γὰρ

188 780 481 848 λελάληκεν
508 785 615 855 πρὸ
640 785 842 857 ταύτης
869 789 970 859 τῆς
994 791 1208 858 λέξεως,
1234 795 1365 849 Θεὸν
1402 799 1593 852 ἑαυτὸν
1621 780 1758 854 ἀπον-

188 871 396 937 φαίνων
453 877 547 929 καὶ
593 876 727 931 8εοῦ
779 879 923 947 Υίὸν,
968 883 1043 947 ὡς
1088 886 1177 938 καὶ
1222 888 1417 953 αὐτοὺς
1467 891 1587 945 τότε
1636 895 1760 957 τοὺς

198 964 516 1031 Ἰουδαίους,
569 969 799 1040 ἐπείπερ
856 972 1192 1041 ἑτύφλωττον
1255 982 1355 1050 τῆς
1412 981 1650 1047 διανοίας
1698 985 1761 1038 τὸ

184 1056 360 1125 ὄμμα,
390 1057 478 1109 διὰ
506 1058 664 1113 τοῦτο
696 1062 929 1130 μάλιστα
967 1064 1250 1135 βούλεσθαι
1285 1072 1445 1124 αὑτὸν
1475 1075 1717 1142 ἀναιρεῖν
1740 1115 1755 1129 .

190 1146 303 1197 Καὶ
330 1148 508 1203 πάντα
548 1152 733 1204 ἐκεῖνα
779 1158 957 1226 σιωπῇ
982 1158 1383 1228 παραδιδόντες,
1430 1165 1633 1237 ταύτην
1661 1167 1759 1237 ἀρ-

184 1238 417 1302 πάζουσι
445 1240 542 1309 τὴν
570 1243 734 1309 λέξιν,
764 1246 946 1317 ὅμοιόν
978 1266 1025 1302 τι
1052 1250 1330 1317 ποιοῦντες
1358 1258 1470 1317 τοῖς
1498 1258 1618 1311 τότε
1660 1260 1759 1312 dia.-

188 1331 418 1398 ρισαίοις
438 1346 451 1359 ·
482 1334 721 1388 κάκεῖνοι
754 1337 862 1407 γὰρ
891 1338 1294 1412 διδάσκοντιτῷ
1325 1345 1534 1415 Σωτῆρι
1587 1364 1757 1417 προσ-

184 1422 205 1472 ί
216 1437 397 1490 μενον,
429 1425 490 1477 ού
523 1426 798 1482 πιστεύειν
828 1428 1099 1495 ἐθέλοντες
1125 1435 1217 1487 καὶ
1237 1435 1599 1503 διδάσκεσθαι,
1625 1440 1758 1494 ἀλλά

183 1511 451 1580 θηρεῦσαί
483 1531 534 1567 τι
566 1517 630 1569 ὲκ
674 1516 765 1570 τοῦ
812 1519 1079 1589 στόματος
1109 1523 1272 1577 αὑτοῦ
1318 1524 1650 1595 βουλόμενοι,
1682 1529 1758 1598 ὡς

180 1604 206 1656 ὀ
236 1602 633 1678 εὐαγγελιστὴς
680 1610 916 1679 ἱστορεῖ·
968 1611 1157 1685 ὥσπερ
1202 1614 1299 1668 οὖν
1337 1618 1430 1669 καὶ
1476 1614 1620 1672 οὗτοι
1663 1618 1758 1674 νῦν

180 1692 670 1761 ἀναγινώσκουσιν,
703 1697 899 1766 μᾶλλον
920 1698 974 1752 δὲ
1013 1701 1463 1772 περιεργάζονται
1487 1706 1582 1770 τὰς
1611 1705 1761 1770 θείας

181 1785 426 1855 Γραφάς,
458 1787 545 1840 ἵνα
582 1805 635 1840 τι
670 1793 999 1860 κατηγορεῖν
1042 1791 1275 1863 εὕρωσιν
1301 1794 1394 1848 τοῦ
1438 1795 1536 1850 sitv
1581 1796 1759 1870 ψυχὴν

181 1877 324 1949 ὑπὲρ
371 1878 550 1933 αὐτῶν
594 1879 919 1946 τεθεικότος.

253 2060 351 2118 ις’.
368 2054 431 2105 Τί
444 2054 498 2106 δὲ
518 2056 572 2106 ἐν
590 2059 699 2120 τοῖς
716 2058 819 2126 πρὸ
832 2058 1032 2128 ταύτης
1048 2061 1144 2129 τῆς
1166 2063 1347 2133 φωνῆς
1366 2064 1567 2134 ἔλεγεν,
1590 2087 1761 2123 κατα-

178 2146 465 2215 νοήσωμεν
486 2163 531 2197 οσ
553 2145 609 2199 Ὀ
629 2149 815 2219 Πατήρ
840 2167 961 2219 μου,
986 2154 1171 2222 φησὶν,
1189 2153 1290 2216 ἔως
1306 2156 1429 2225 ἄρτι
1448 2160 1757 2228 ἐργάζεται,

181 2235 339 2303 κάγὼ
355 2236 679 2308 ἐργάζομαι.
710 2258 728 2291 ι
759 2240 868 2293 Καὶ
892 2241 1111 2311 Πατέρα
1138 2243 1267 2297 ἴδιον
1296 2245 1479 2313 ἔλεγεν
1498 2249 1588 2302 τὸν
1604 2251 1756 2318 Θεὸν,

179 2329 294 2379 [σον
318 2330 509 2382 ἑαυτὸν
538 2331 703 2386 ποιῶν
723 2331 800 2402 τῷ
824 2332 961 2404 Θεῷ,
984 2334 1051 2388 τά
1077 2335 1216 2389 αύτά
1247 2337 1325 2408 τῷ
1368 2338 1541 2408 Πατρὶ
1592 2358 1761 2412 παρα-

180 2420 424 2489 πλησίως
454 2422 921 2493 δημιουργοῦντα.
959 2445 977 2479 ε
1025 2429 1089 2480 Ἀ
1116 2429 1224 2500 γάρ
1253 2429 1318 2483 ἂν
1362 2431 1568 2495 ἐκεῖνος
1593 2437 1755 2498 ποιεῖ,

175 2512 350 2565 ταῦτα
383 2514 476 2565 καὶ
525 2516 553 2567 6
580 2515 705 2577 Υἱὸς
751 2518 955 2586 ὁμοίως
994 2524 1155 2573 ποιεῖ.
1198 2540 1215 2570 ι
1275 2522 1404 2584 Καὶ,
1448 2542 1465 2574 ι
1501 2524 1619 2577 ’Ότι
1660 2526 1758 2594 τὴν

176 2602 364 2671 κρίσιν
406 2604 557 2676 αὐτῷ
601 2608 783 2659 πᾶσαν
830 2608 1063 2662 δέδωκεν
1106 2612 1134 2662 6
1177 2612 1384 2681 Πατὴρ,
1422 2614 1508 2667 ῖνα
1558 2616 1758 2681 πάντες

174 2695 379 2763 τιμῶσι
405 2697 496 2748 τὸν
533 2697 681 2764 Υίὸν,
716 2698 897 2758 καθὼς
936 2700 1137 2770 τιμῶσι
1174 2702 1264 2754 τὸν
1297 2705 1533 2774 Πατέρα.
1572 2726 1591 2757 ι
1624 2709 1755 2773 Καὶ,

181 2804 198 2835 ι
237 2786 500 2855 Ἔρχεται
532 2786 670 2857 ὥρα,
705 2790 797 2842 καὶ
835 2788 930 2842 νῦν
962 2792 1131 2853 ἐστιν,
1160 2793 1248 2845 ὅτε
1280 2794 1329 2845 oi
1370 2796 1554 2865 νεκροὶ
1591 2797 1755 2850 ἀκού-

177 2893 345 2929 σωσιν
390 2880 489 2945 τῆς
518 2881 702 2949 φωνῆς
743 2880 837 2933 τοῦ
882 2882 1010 2935 Υίοῡ
1060 2884 1158 2937 τοῦ
1203 2885 1527 2955 ἀνθρώπου·
1565 2889 1658 2941 καὶ
1705 2891 1756 2943 οῖ

174 2966 511 3031 ἀκούσαντες
552 2970 827 3039 ζήσουσιν.
869 2989 886 3021 ›
924 2969 1053 3025 Εἶτα
1102 2976 1186 3027 ἵνα
1237 2977 1312 3045 μὴ
1363 2977 1430 3029 τά
1476 2976 1752 3049 θεοπρεπῆ

174 3058 350 3115 ταῦτα
377 3059 663 3124 ἀκούοντες
694 3061 1148 3126 σκανδαλίζωνται
1194 3066 1283 3118 διὰ
1306 3067 1404 3137 τὴν
1446 3068 1647 3138 σάρκα,
1674 3070 1756 3122 ὅτι

174 3150 463 3222 ἄνθρωπος
493 3152 768 3223 ὁρώμενος
807 3153 1032 3206 τοιαῦτα
1057 3155 1374 3224 ἐφθέγγετο,
1405 3155 1532 3227 ἑξῆς
1557 3158 1754 3223 ἐπάγει

177 3245 297 3312 μετ’
319 3243 495 3310 ὀλίγα,
527 3244 618 3297 καί
650 3261 831 3314 φησιν,
860 3248 940 3300 ὅτι
971 3247 1097 3310 Υἱὸς
1126 3248 1417 3319 ἀνθρώπου
1443 3250 1590 3303 ἐστίν
1610 3287 1625 3303 .
1662 3250 1754 3321 Μὴ
1782 3239 1824 3296 C

175 3335 489 3403 θαυμάζετε
518 3338 695 3399 τοῦτο,
726 3340 818 3391 καὶ
844 3338 952 3409 γάρ
988 3340 1081 3393 καὶ
1107 3340 1311 3411 ταύτης
1334 3343 1430 3411 τῆς
1458 3344 1757 3414 εἰρημένης

176 3426 386 3493 φωνῆς,
431 3426 511 3477 ὅτι
539 3426 587 3477 oi
616 3427 947 3491 ἀκούσαντες
971 3429 1207 3500 ζήσωσιν
1229 3447 1243 3460 ·
1275 3450 1294 3483 ι
1332 3433 1591 3501 Ἔρχεται
1612 3432 1752 3503 ὥρα,

173 3515 262 3566 ὅτε
293 3515 391 3568 καὶ
421 3516 618 3577 πάντες
648 3518 696 3567 oi
740 3520 796 3569 ὲν
830 3520 938 3581 τοῖς
974 3521 1257 3589 μνημείοις
1286 3522 1628 3586 ἀκούσονται,
1663 3524 1758 3577 καὶ

174 3604 543 3675 πορεύσονται
569 3608 616 3658 oi
665 3609 733 3660 τά
777 3609 954 3677 ἀγαθὰ
986 3612 1308 3682 ποιήσαντες
1354 3614 1435 3677 είς
1462 3614 1755 3669 ἀνάστασιν

176 3697 348 3769 ζωῆς,
381 3701 429 3752 oi
460 3699 516 3752 δὲ
558 3700 625 3753 τά
651 3700 829 3771 φαῦλα
868 3703 1171 3775 πράξαντες
1197 3708 1276 3770 εις
1302 3707 1596 3761 ἀνάστασιν
1636 3710 1757 3780 κρί-

176 3803 341 3852 σεως’
376 3810 394 3841 ι
422 3790 483 3843 τὸ
506 3792 605 3861 μὲν
633 3793 743 3864 γάρ
778 3795 1041 3868 πρότερον
1093 3799 1401 3869 εἰρημένον,
1435 3801 1515 3854 ὅτι
1547 3820 1565 3851 ι
1598 3801 1746 3872 ἔρχεο

174 3900 266 3935 ται
295 3882 437 3954 ὥρα,
466 3884 560 3936 καὶ
600 3884 693 3938 νῦν
738 3888 919 3940 ἐστιν’
960 3907 977 3940 ι
1018 3890 1111 3942 καὶ
1151 3890 1243 3951 τὸ,
1283 3909 1301 3941 ‹
1340 3892 1389 3943 οἱ
1428 3892 1756 3957 ἀκούσαντες

175 3974 461 4044 ζήσονται,
496 3994 514 4027 ι
549 3977 677 4046 περὶ
720 3977 827 4032 τῶν
872 3980 1013 4033 κατά
1056 3980 1146 4033 τὸν
1176 3981 1366 4052 καιρὸν
1395 3985 1601 4038 ἐκεῖνον
1627 3987 1755 4039 ἀνα-

180 4069 431 4121 στάντων
470 4069 679 4139 νεκρῶν
701 4070 986 4139 είρῆσθαι’
1027 4072 1175 4134 τὸδὲ,
1208 4090 1225 4122 ι
1258 4073 1456 4135 πάντες
1478 4075 1530 4127 oi
1561 4078 1618 4127 ὲν
1646 4077 1751 4133 τοῖς

176 4160 492 4230 μνημείοις,
530 4180 548 4213 ι
581 4162 681 4233 τὴν
699 4163 1067 4233 ἀναστάσιμον
1090 4166 1185 4233 τῆς
1210 4165 1419 4229 ἐνδόξου
1456 4168 1753 4237 παρουσίας

172 4251 345 4303 αὑτοῦ
393 4252 679 4321 σημαίνειν
723 4254 956 4325 ἡμέραν.
1000 4256 1108 4308 Καὶ
1158 4255 1276 4325 μετ’
1322 4256 1476 4325 ὀλίγα
1504 4257 1560 4310 δὲ
1594 4258 1756 4311 πάλιν

170 4342 384 4411 φησίν·
440 4362 459 4394 ι
524 4345 663 4411 Ἐγώ
706 4349 821 4415 ειμι
863 4349 891 4399 6
939 4348 1100 4417 ἄρτος
1144 4350 1241 4418 τῆς
1295 4350 1459 4420 ζωῆς.
1514 4369 1532 4403 ι
1596 4352 1759 4407 Ἀλλά

169 4434 353 4489 ταῦτα
415 4436 619 4506 πάντα,
676 4435 865 4506 ὥσπερ
912 4440 1012 4491 οὐκ
1066 4440 1387 4505 ἀκούοντες,
1448 4442 1647 4511 μᾶλλον
1697 4443 1754 4497 δὲ

1862 645 1963 697 est,
1994 652 2317 707 magnopere
2344 641 2621 699 damnabit
2644 646 2970 701 malitiosam
2998 648 3431 706 adversariorum

1861 728 2185 783 sententiam
2219 746 2422 802 eosque
2448 735 2786 793 cavillatores
2817 753 2879 791 ac
2913 741 3275 809 sycophantas
3308 742 3431 811 jure

1865 820 2161 888 meritoque
2191 823 2513 891 appellabit:
2550 826 2673 881 talia
2699 828 2841 882 enim
2865 843 2925 882 ac
2965 838 3106 882 tanta
3136 841 3263 885 ante
3282 835 3421 887 hanc

1861 910 2147 966 dictionem
2175 912 2419 970 elocutus
2454 916 2655 980 fuerat,
2682 918 2845 972 Deum
2881 933 2939 973 se
2960 918 3337 975 demonstrans
3379 934 3432 977 et

1862 1000 1953 1055 Dei
1986 1002 2200 1068 Filium,
2237 1013 2295 1059 ut
2328 1007 2427 1075 ipsi
2462 1007 2601 1062 illius
2631 1011 2888 1078 temporis
2936 1008 3125 1073 Judaei,
3175 1013 3428 1081 quoniam

1861 1095 2055 1148 mentis
2087 1095 2303 1150 oculum
2328 1110 2657 1153 excrecatum
2676 1101 2956 1167 gerebant,
3015 1103 3082 1156 ob
3121 1118 3181 1158 ea
3214 1104 3424 1173 eloquia

1860 1182 2096 1237 maxime
2122 1183 2320 1238 vellent
2350 1186 2499 1240 illum
2555 1188 2820 1242 occidere.
2878 1187 2964 1241 lsti
3010 1204 3172 1257 porro
3225 1194 3426 1261 egregii

1859 1272 2151 1328 adversarii
2178 1284 2369 1330 cuncta
2404 1276 2491 1329 illa
2519 1276 2733 1332 silcntio
2754 1287 3077 1347 prementes,
3102 1281 3239 1333 hanc
3262 1295 3419 1334 unam

1860 1360 1961 1416 sibi
1999 1365 2213 1432 rapiunt
2241 1365 2553 1432 dictionem,
2592 1368 2734 1422 haud
2786 1369 2940 1423 aliter
2993 1384 3050 1424 se
3110 1386 3267 1438 quam
3294 1374 3425 1429 olim

1859 1452 2116 1508 Pharisaei
2154 1467 2435 1526 gerentes:
2470 1473 2701 1528 namque
2738 1472 2792 1513 ct
2826 1461 2878 1514 hi
2908 1460 3120 1515 docenti
3155 1462 3426 1522 Servatori

1864 1545 2241 1610 attendebant,
2275 1562 2379 1602 non
2408 1548 2531 1617 quia
2566 1550 2784 1603 credere
2837 1560 2929 1604 aut
2957 1554 3170 1606 edoceri
3211 1554 3424 1619 vellent,

1860 1637 1957 1692 sed
1984 1638 2109 1707 quia
2143 1648 2357 1706 captare
2382 1639 2584 1709 aliquid
2602 1656 2667 1695 ex
2693 1640 2806 1709 ejus
2826 1656 2921 1696 ore
2944 1644 3194 1708 avebant,
3229 1653 3427 1697 utnar—

1861 1728 2289 1798 ratcvangelista
2318 1730 2387 1783 ".
2414 1729 2501 1784 Sic
2529 1731 2794 1800 igituristi
2827 1747 3041 1803 quoque
3071 1748 3211 1788 nunc
3244 1733 3430 1805 legunt

1862 1819 1943 1872 vel
1972 1820 2150 1890 potius
2175 1822 2388 1878 curiose
2424 1822 2683 1891 indagant
2735 1823 2945 1877 divinas
2977 1823 3302 1891 Scripturas,
3373 1834 3430 1879 ut

1864 1927 2051 1966 ansam
2087 1912 2319 1981 aliquam
2344 1916 2629 1969 accusandi
2658 1913 2809 1970 iilum
2850 1915 3129 1969 inveniant
3160 1916 3247 1985 qui
3271 1930 3424 1969 suam

1862 2019 1960 2076 pro
1990 2004 2123 2074 ipsis
2158 2004 2393 2059 animam
2426 2006 2620 2072 posuit.

1934 2096 2019 2154 16.
2064 2096 2330 2163 Quidnam
2380 2111 2508 2152 vero
2565 2107 2687 2151 ante
2732 2100 3042 2167 pratdictam
3102 2096 3426 2152 locutionem

1863 2189 2081 2250 dixerit,
2112 2189 2487 2243 observemus.
2530 2207 2546 2239 ι
2579 2188 2740 2244 Pater
2805 2204 2976 2256 meus,
3018 2190 3213 2255 inquit,
3263 2202 3431 2261 usque

1861 2280 2038 2335 adhuc
2065 2288 2339 2349 operatur,
2366 2291 2535 2350 etego
2556 2296 2772 2351 operor.
2801 2300 2818 2333 ι
2852 2282 3061 2335 Patrem
3084 2296 3238 2335 suum
3262 2280 3426 2332 Deum

1864 2370 2013 2436 dicit,
2046 2383 2228 2438 parem
2260 2384 2317 2423 se
2343 2369 2549 2425 faciens
2574 2370 2702 2436 Deo,
2730 2371 2918 2424 eadem
2956 2384 3073 2438 qua:
3124 2368 3284 2423 Pater
3314 2369 3429 2437 pari

1861 2462 2017 2516 modo
2048 2471 2344 2516 creantem.
2372 2461 2505 2515 Nam
2529 2480 2545 2513 ι
2574 2462 2701 2527 Qua:
2721 2462 2807 2516 ille
2831 2461 2977 2525 facit,
2995 2461 3179 2514 eadem
3194 2459 3431 2513 etFilius

1861 2552 2116 2606 similiter
2145 2550 2273 2605 facit
2296 2552 2362 2604 ⁷⁵.
2392 2572 2410 2602 ι
2446 2550 2668 2619 Insuper
2695 2569 2708 2604 :
2736 2570 2756 2602 ι
2800 2550 2951 2618 Quod
2984 2566 3145 2605 omne
3167 2551 3433 2619 judicium

1862 2643 1961 2710 ipsi
1992 2641 2153 2696 Pater
2188 2643 2542 2708 commiserit,
2569 2650 2625 2695 ut
2679 2658 2869 2697 omnes
2923 2643 3284 2697 honoriticent
3334 2639 3429 2695 Fi-

1861 2735 2012 2796 lium,
2047 2734 2201 2787 sicuti
2234 2733 2445 2787 Patrem
2482 2732 2841 2787 Itonoriﬁcant
2867 2732 2931 2785 7'.
2968 2750 2984 2788 ι
3012 2730 3142 2785 Item
3181 2748 3193 2784 :
3227 2751 3243 2783 ι
3275 2732 3424 2798 Quod

1858 2826 2006 2878 venit
2027 2825 2178 2888 hora,
2200 2832 2253 2877 et
2281 2838 2419 2877 nunc
2443 2831 2545 2886 cst,
2568 2837 2689 2877 cum
2747 2823 2941 2877 mortui
2991 2824 3212 2877 audient
3241 2836 3427 2876 vocem

1859 2914 1978 2968 Filii
2012 2913 2279 2978 hominis;
2315 2913 2479 2981 etqui
2515 2912 2803 2977 audierint,
2838 2914 3019 2967 vivent
3056 2914 3124 2969 ⁷⁷.
3158 2933 3175 2963 ι
3202 2913 3427 2969 Deinde.

1858 3022 1929 3059 ne
1960 3007 2073 3060 haec
2127 3005 2234 3059 Deo
2293 3013 2499 3058 tantum
2557 3002 2717 3073 digna
2772 3005 3072 3071 audientes,
3117 3014 3429 3073 paterentur

1859 3097 2169 3151 scandalum
2198 3107 2416 3167 propter
2443 3096 2561 3164 ejus
2615 3110 2855 3160 carnem,
2903 3095 3027 3164 quia
3087 3096 3139 3147 in
3193 3096 3426 3149 humana

1861 3188 2030 3241 forma
2063 3188 2185 3240 talia
2218 3188 2445 3249 diceret,
2473 3188 2630 3260 paulo
2662 3195 2782 3254 post
2833 3185 3059 3249 addidit,
3105 3184 3315 3245 dicens,
3369 3197 3429 3238 se

1859 3279 2053 3334 Filium
2087 3278 2321 3333 hominis
2350 3293 2470 3335 esse
2496 3278 2560 3332 ".
2590 3276 2776 3346 Neque
2809 3273 3113 3337 miremini,
3148 3275 3289 3340 quod
3336 3273 3424 3341 qui

1858 3370 1997 3423 hanc
2035 3382 2219 3422 vocem
2245 3368 2539 3434 audierint,
2576 3368 2767 3423 victuri
2813 3366 2959 3423 sint:
2995 3383 3012 3415 ι
3074 3363 3235 3417 Venit
3294 3365 3424 3419 hora

1857 3474 1977 3513 cum
2009 3474 2195 3515 omnes
2224 3460 2315 3529 qui
2348 3459 2401 3513 in
2423 3458 2785 3514 monumentis
2816 3456 3023 3526 jacent,
3078 3455 3299 3510 audient
3328 3474 3339 3507 :
3375 3463 3431 3507 et

1858 3547 2152 3617 procedent
2210 3547 2301 3617 qui
2336 3546 2474 3601 bona
2508 3548 2754 3601 iecerunt
2783 3548 2835 3600 in
2864 3544 3314 3599 resurrectionem
3354 3543 3426 3598 vi-

1860 3648 2003 3703 tae,et
2026 3639 2114 3707 qui
2148 3638 2286 3693 mala
2304 3646 2531 3706 egerunt
2553 3639 2604 3693 in
2633 3638 3086 3696 resurrectionem
3108 3634 3297 3707 jndicii
3317 3636 3420 3689 ".t

1856 3727 1990 3781 Nam
2022 3729 2170 3798 prius
2205 3730 2431 3793 dictum,
2450 3746 2468 3778 ι
2494 3728 2637 3797 quod
2664 3730 2810 3782 venit
2840 3728 2993 3792 hora,
3013 3737 3067 3782 et
3093 3740 3234 3779 nunc
3252 3735 3334 3780 est
3360 3742 3373 3790 ;
3402 3744 3421 3779 δ

1855 3829 1909 3875 et
1933 3821 2101 3875 illud:
2162 3838 2182 3871 ι
2224 3821 2315 3891 qui
2346 3820 2617 3874 audierint
2650 3821 2849 3883 vivent,
2889 3838 2907 3871 ι
2946 3820 3011 3875 de
3064 3818 3169 3872 illis
3199 3818 3288 3887 qui
3339 3816 3429 3878 illo

1858 3919 2099 3980 tempore
2139 3918 2559 3965 resurrexerunt
2582 3910 2810 3965 mortuis
2836 3908 3037 3963 dictum
3069 3907 3189 3964 fuit.
3250 3904 3427 3963 Verba

1855 4010 2035 4054 autem
2072 4016 2086 4051 :
2130 4019 2147 4051 ε
2184 4013 2373 4055 omnes
2396 4001 2488 4068 qui
2515 4000 2568 4052 in
2588 3999 2950 4054 monumentis
2978 3999 3181 4069 jacent,
3225 4017 3243 4052 ι
3283 3998 3428 4054 diem

1855 4091 2124 4159 generalis
2151 4088 2570 4147 resurrectionis
2629 4099 2683 4144 et
2705 4088 2955 4160 gloriosae
2974 4090 3175 4145 ϐίῃ-ἱειί
3213 4090 3426 4159 appari-

1858 4181 2018 4236 tionis
2039 4180 2368 4249 signiﬁcant.
2398 4180 2465 4235 Et
2490 4179 2647 4247 paulo
2681 4188 2802 4248 post
2830 4194 3021 4233 rursus
3055 4178 3223 4233 dicit:
3270 4197 3287 4230 ι
3313 4177 3423 4247 Ego

1857 4283 1974 4323 sum
2001 4270 2153 4337 panis
2178 4271 2298 4322 vitae
2322 4267 2393 4321 '°.
2436 4287 2453 4319 ›
2483 4267 2871 4322 Verumtamen
2919 4267 3034 4327 haec
3066 4267 3270 4332 omnia,
3330 4280 3426 4322 ceu

1858 4376 1962 4415 non
1991 4361 2290 4427 audientes,
2323 4358 2409 4414 vel
2452 4360 2630 4429 potius
2661 4360 3021 4417 voluntariam
3089 4359 3423 4415 surdidatem

1858 4451 2196 4521 proﬁtentes,
2233 4451 2606 4504 transmittunt
2630 4466 2644 4516 ;
2677 4447 2817 4503 banc
2844 4464 3003 4503 unam
3030 4463 3159 4503 vero
3184 4449 3424 4503 voculant

170 4526 1141 4599 ὲθελοκωιροῦντες,παραπέμπονται
1162 4548 1174 4561 ·
1200 4531 1403 4602 ταύτην
1428 4532 1485 4584 δὲ
1528 4534 1624 4605 τὴν
1652 4552 1755 4603 φω-

1859 4559 1977 4612 qua:
1995 4543 2069 4597 ait
2095 4560 2109 4596 :
2150 4561 2166 4593 ι
2194 4540 2347 4595 Nunc
2380 4550 2560 4595 autem
2586 4542 2827 4611 quatritis
2854 4556 2938 4595 me
2969 4541 3295 4606 interﬁcere,
3328 4541 3426 4596 lto-

169 4625 271 4691 νην
303 4620 405 4691 τὴν
428 4619 711 4687 λέγουσαν,
758 4639 777 4671 ι
817 4622 945 4681 ,Νῦν
984 4622 1041 4675 δὲ
1080 4622 1295 4692 ζητεῖτέ
1324 4641 1391 4693 με
1412 4625 1749 4693 ἀποκτεῖναι,

169 4710 467 4782 ἄνθρωπον
503 4713 562 4775 ὃς
600 4712 697 4785 τὴν
743 4714 999 4784 ἀλήθειαν
1045 4715 1173 4785 ύμῖν
1218 4715 1509 4786 λελάληκα,
1542 4737 1561 4770 ι
1606 4735 1753 4787 περι-

170 4803 436 4872 φέρουσιν
482 4803 615 4873 πρὸς
659 4804 719 4856 τὸ
764 4803 883 4855 τῶν
914 4805 1316 4875 ἀκεραιοτέρων
1372 4807 1752 4877 διαταράττειν

169 4895 265 4946 τὸν
296 4893 445 4951 νοῦν.
494 4895 691 4966 Ἐχρῆν
719 4895 777 4949 δὲ
804 4897 1020 4960 αὐτοὺς,
1052 4897 1209 4968 εἴπερ
1233 4894 1371 4969 ἦσαν
1396 4900 1566 4969 ὀρθοὶ,
1596 4899 1753 4954 τοῦτο

169 4983 510 5052 λογίζεσθαι,
543 4986 626 5038 ὅτι
665 5002 769 5056 περ
798 4988 826 5039 6
853 4987 920 5039 τά
957 4990 1328 5060 προειρημένα
1360 4991 1620 5062 λαλήσας,
1663 4993 1752 5045 αύ-

169 5078 264 5140 τὺς
298 5077 397 5130 καὶ
418 5074 622 5148 ταύτην
647 5077 836 5147 εἴρηκε
861 5079 957 5149 τὴν
986 5081 1188 5151 φωνὴν,
1216 5083 1311 5135 καὶ
1342 5082 1416 5153 μὴ
1441 5082 1527 5135 διὰ
1552 5083 1753 5154 ταύτην

170 5166 283 5220 τῶν
311 5166 584 5220 τοσούτων
619 5167 806 5240 ὥσπερ
837 5170 1357 5241 ἐπιλανθανομένους
1404 5174 1751 5237 σκανδαλίζεο

172 5259 336 5312 σθαι·
370 5260 612 5312 κάκεῖνοι
638 5260 745 5331 γὰρ
788 5260 1071 5332 ἄνθρωπον
1091 5264 1342 5335 ὁρῶντες,
1380 5266 1474 5318 καὶ
1505 5268 1603 5331 τάς
1640 5268 1754 5321 θεο-

172 5352 409 5419 πρεπεῖς
433 5351 613 5419 φωνάς
644 5351 861 5405 ἀκούειν
883 5354 980 5410 οὐκ
1001 5356 1334 5427 ἀνεχόμενοι,
1364 5358 1566 5428 ἔλεγον·
1604 5378 1623 5411 ‹
1643 5361 1752 5429 Οὐχ

171 5432 337 5501 οὗτός
362 5441 511 5492 ἐστιν
535 5443 563 5493 ὸ
603 5442 719 5505 υίὸς
756 5443 974 5513 Ἰωσὴφ,
1010 5440 1071 5499 οὗ
1098 5448 1257 5516 ἡμεῖς
1282 5448 1501 5519 οἴδαμεν
1525 5451 1616 5503 τὸν
1646 5467 1751 5503 παν

170 5532 312 5600 τέρα
336 5548 349 5596 ;
382 5551 400 5583 ι
438 5533 547 5585 Καὶ
568 5533 727 5587 πάλιν
766 5534 914 5605 αὐτῷ
945 5537 1254 5607 προσῄεσαν
1277 5538 1520 5607 λέγοντες
1541 5559 1553 5571 ·
1580 5561 1597 5593 ι
1624 5542 1755 5595 Τίνα

1860 4636 2058 4689 minem
2092 4635 2181 4703 qui
2214 4636 2491 4687 veritatem
2526 4634 2675 4687 vobis
2705 4632 2919 4689 locutus
2942 4647 3112 4694 sum,»
3140 4632 3426 4689 circumfe-

1862 4734 1988 4779 runt
2014 4724 2077 4778 ad
2109 4722 2500 4793 perturbandas
2525 4722 2912 4791 simpliciorutn
2969 4730 3199 4776 mentes.
3258 4724 3426 4789 Opor-

1862 4824 1997 4870 teret
2028 4823 2205 4868 autem
2240 4814 2381 4878 illos,
2434 4814 2477 4868 si
2536 4813 2667 4867 recti
2733 4820 2939 4877 essent,
2992 4812 3091 4866 hoc
3150 4824 3425 4881 reputare,

1860 4924 2055 4977 nempe
2085 4908 2178 4976 qui
2206 4907 2485 4977 superiora
2510 4908 2742 4971 dixerat,
2773 4905 3020 4960 eumdem
3084 4905 3224 4959 hanc
3264 4906 3426 4961 etiam

1860 4999 2149 5067 protulisse
2180 4998 2459 5061 voculam;
2493 5009 2664 5068 neque
2694 4995 2850 5064 hujus
2876 5008 3058 5060 causa,
3081 5002 3157 5049 tot
3182 4993 3270 5051 illa
3312 5004 3427 5049 tan-

1860 5099 2018 5158 taque
2049 5089 2267 5149 oblitos,
2302 5084 2679 5143 scandalizari.
2707 5082 2840 5140 Nam
2865 5092 2917 5140 et
2946 5080 3115 5137 Judaei
3152 5082 3424 5145 hominem

1858 5182 2124 5243 videntes,
2154 5190 2209 5234 et
2240 5178 2349 5235 Deo
2372 5177 2561 5248 dignas
2582 5172 2882 5230 locutiones
2905 5174 3091 5228 audire
3117 5187 3220 5225 non
3246 5172 3427 5227 fcren-

1862 5280 1960 5337 tes,
1990 5272 2239 5325 dicebant
2268 5286 2282 5323 :
2315 5289 2332 5320 ι
2366 5268 2551 5322 Nonne
2576 5268 2663 5322 hic
2690 5274 2771 5320 est
2803 5263 3024 5334 Josephi
3072 5262 3233 5329 ﬁlius,
3276 5264 3430 5334 cujus

1862 5378 1960 5418 nos
1988 5373 2196 5433 patrem
2235 5370 2567 5428 matremque
2594 5358 2840 5413 novimus
2874 5355 2957 5408 ιιι
2992 5374 3010 5409 ι
3042 5354 3332 5422 Denuoque
3362 5355 3426 5409 ad

1860 5468 1981 5508 eum
2044 5459 2387 5507 accesserunt
2440 5450 2730 5505 dicentes:
2789 5465 2807 5499 ι
2841 5446 3009 5511 Quem
3057 5446 3287 5514 teipsum
3343 5444 3425 5498 fa-

1862 5545 2039 5600 cis"?
2065 5564 2082 5596 ι
2116 5547 2181 5599 Ει
2208 5558 2394 5599 rursus
2424 5560 2437 5596 :
2473 5560 2492 5593 ι
2547 5539 2945 5611 Quinquaginta
2972 5553 3143 5593 annos
3192 5542 3425 5593 nondum

250 5733 299 5764 "
331 5731 463 5813 line.
490 5747 579 5813 at,
609 5732 704 5813 ξι.
759 5735 1007 5813 _:'_Joan.
1039 5753 1091 5803 ν,
1133 5741 1314 5813 11-19.
1393 5744 1437 5775 ⁷⁸
1467 5741 1623 5799 Joan.
1659 5760 1710 5813 v,
1746 5748 1756 5798 ‘.

1913 5748 1952 5778 "
1981 5747 2111 5803 ibid.
2146 5746 2236 5803 25.
2318 5745 2363 5781 ’⁸
2390 5746 2515 5802 ibid.
2548 5747 2615 5800 9.7
2691 5748 2735 5779 "
2766 5745 2895 5802 ibid.
2931 5746 3017 5802 29.
3098 5744 3142 5780 '°
3172 5742 3326 5801 Joatt.
3355 5760 3424 5811 vn,

179 5806 273 5859 35.
357 5803 397 5834 "
429 5801 564 5860 ibid.
597 5804 682 5858 62.
759 5805 805 5836 "
825 5804 976 5862 Joan.
1006 5801 1119 5875 vni,
1152 5811 1239 5865 53.
