4078 6348
605 435 708 490 9.75

1625 430 1683 484 S.
1725 426 1998 484 CYRILLI
2034 418 2499 479 ALEXANDRINI
2544 413 2862 473 ARClllEP.

3745 397 3853 452 2'76

605 565 665 604 es
697 555 942 612 natus,et
971 545 1332 602 Abrahamum
1363 544 1663 614 cognovisti
1689 543 1780 597 83?
1816 562 1834 595 ›
1871 542 2013 596 Sane
2038 553 2171 606 opus

2300 536 2500 589 τεαυτὸν
2553 535 2763 595 ποιεῖς;
2813 547 2830 579 ι
2887 522 2996 577 Καὶ
3036 518 3226 574 πάλιν·
3285 534 3302 567 ‹
3357 513 3697 584 Πεντήκοντα
3755 511 3855 580 έτη

603 645 746 690 esset
779 635 1048 705 praedictis
1110 635 1478 704 acquiescere,
1534 648 1708 703 neque
1757 631 1988 687 ulterius
2023 628 2175 698 quid-

609 744 771 797 quam
799 728 1097 795 requirere.
1159 727 1291 780 Nam
1319 726 1409 795 qui
1445 735 1593 781 recto
1626 725 1907 779 ratiocinio
1949 723 2024 776 uti
2060 729 2175 774 stu-

613 821 743 871 dent
767 818 818 869 in
848 817 1153 870 divinarum
1194 815 1593 883 Scripturarum
1627 812 1859 874 acroasi,
1905 810 2046 864 bona
2076 809 2178 862 (ide

605 909 806 971 dicent,
837 907 1310 976 nihilrcpugnare,
1349 907 1512 959 Deum
1568 902 1748 974 ιήω
1796 900 1953 956 simul
1991 908 2044 952 et
2083 899 2180 951 ho-

609 1000 829 1064 minem,
861 1014 981 1052 cum
1008 997 1346 1066 loquebatur,
1377 997 1535 1051 modo
1564 1009 1623 1049 se
1652 994 1838 1057 Deum,
1873 991 2031 1045 modo
2082 991 2176 1044 ho-

612 1091 807 1144 minem
832 1104 890 1142 se
924 1089 1254 1152 nominasse,
1286 1088 1413 1156 quin
1455 1096 1575 1140 utra
1615 1100 1678 1137 ex
1729 1085 1811 1138 his
1855 1081 2177 1152 appellatio-

613 1181 767 1236 nibus
796 1181 1020 1235 alteram
1051 1180 1309 1234 destruat.

683 1361 772 1414 Π.
805 1360 946 1414 Sane
962 1369 1014 1415 et
1046 1358 1264 1413 aliunde
1293 1371 1517 1412 cernere
1542 1355 1687 1420 licet,
1723 1353 1998 1409 Christum
2035 1349 2181 1405 haud

613 1451 684 1505 ita
712 1452 1114 1522 intelligendum
1164 1464 1290 1505 esse
1327 1450 1624 1512 hominem,
1649 1456 1707 1500 ut
1752 1448 1979 1500 istorum
2003 1443 2184 1512 Opinio

615 1543 733 1596 fert.
761 1541 1050 1611 Postquam
1073 1540 1242 1596 Judaei
1277 1539 1485 1593 facinus
1516 1537 1642 1590 illud
1665 1531 2050 1605 patrarunt,de
2079 1545 2185 1600 quo

612 1634 860 1689 cumillis
896 1649 1036 1688 nunc
1058 1633 1320 1689 Dominus
1377 1630 1703 1699 expostulat,
1762 1624 2186 1689 salutarem,in-

611 1739 794 1794 quam,
815 1725 1140 1793 passionem,
1158 1723 1200 1778 si
1221 1733 1472 1791 tanquam
1502 1718 1735 1774 hominis
1751 1717 2020 1771 oecisores
2037 1715 2186 1767 dam-

614 1815 728 1869 nati
759 1814 1007 1880 fuissent,
1040 1823 1169 1868 tunc
1204 1811 1344 1866 haud
1373 1826 1534 1866 sensu
1581 1824 1798 1866 cassum
1851 1806 1990 1862 foret
2042 1802 2183 1872 qbod

2288 624 2440 680 οὖπω
2467 625 2632 695 ἔχεις,
2667 621 2762 674 καὶ
2823 613 3071 685 Ἀϐραὰμ
3099 608 3421 678 γινώσκεις;
3476 624 3493 657 ι
3539 604 3648 695 καὶ
3685 601 3855 672 ἑχρῆν

2284 718 2382 790 μὲν
2432 691 2543 777 τοίς
2591 714 2689 783 ἤδη
2726 703 3141 779 προειρημένοις
3177 698 3485 769 ἀρκεῖσθαι,
3538 693 3632 746 καὶ
3689 691 3856 762 μηδὲν

2281 782 2440 862 πλέον
2479 803 2754 873 ἐπιζητεῖν
2774 817 2788 831 ·
2819 799 2868 850 οί
2898 796 3005 864 γὰρ
3035 790 3291 860 λογισμὸν
3317 786 3472 855 ὀρθὸν
3509 782 3653 854 ἔχειν
3690 799 3855 835 amu-

2280 897 2530 960 δάζοντες
2562 897 2689 962 περὶ
2722 890 2820 956 τὴν
2846 886 2953 941 τῶν
2992 883 3151 937 θείων
3181 877 3410 950 Γραφῶν
3449 876 3732 946 ἀκρόασιν,
3764 873 3858 924 εὑ-

2281 985 2575 1055 γνωμόνως
2601 961 2864 1044 λέξουσιν,
2907 975 2980 1036 ὡς
3013 972 3166 1026 οὐδὲν
3203 971 3401 1023 ἄτοπον
3435 967 3520 1035 εἴη
3561 962 3694 1016 Θεὸν
3717 961 3856 1031 ὁμοῦ

2282 1053 2375 1130 καὶ
2404 1053 2690 1145 ἀνθρωπον
2723 1070 2870 1133 ὄντα,
2918 1069 3004 1119 ὅτε
3043 1062 3356 1131 λελάληκεν,
3393 1056 3522 1109 ποτὲ
3571 1057 3668 1126 μὲν
3701 1053 3859 1117 Θεὸν,

2284 1167 2416 1222 ποτὲ
2453 1167 2508 1219 δὲ
2557 1164 2840 1235 ἄνθρωπον
2873 1154 3254 1229 ὀνομάζεσθαι,
3295 1149 3546 1218 οὐδαμῶς
3590 1145 3862 1216 ἑκατέρας

2283 1258 2654 1332 προσηγορίας
2679 1256 2778 1325 τὴν
2810 1253 3001 1324 ἑτέραν
3033 1247 3350 1316 ἀθετούσης.

2357 1352 2445 1414 ιζ’,
2475 1345 2713 1416 ,Ἐπειδὴ
2744 1344 2801 1397 δὲ
2833 1342 3006 1395 ἔνεστι
3038 1341 3132 1392 καὶ
3165 1335 3428 1407 ἑτέρωθεν
3456 1331 3612 1385 τοῦτο
3636 1329 3864 1400 θεωρεῖ-

2286 1445 2441 1506 σθαι,
2476 1441 2550 1504 ὡς
2582 1441 2681 1492 οὐκ
2713 1437 3000 1508 ἄνθρωπος
3049 1432 3288 1486 νοεῖσθαι
3332 1429 3419 1482 διὰ
3453 1425 3611 1479 τοῦτο
3654 1423 3861 1493 ὀφείλει

2284 1533 2424 1588 κατὰ
2451 1531 2548 1601 τὴν
2583 1529 2786 1582 τούτων
2837 1525 3128 1579 ὑπόνοιαν·
3188 1519 3324 1591 μετὰ
3369 1517 3431 1570 τὸ
3479 1514 3682 1586 πρᾶξαι
3736 1514 3866 1574 τοὺς

2298 1622 2580 1684 Ἰουδαίους
2612 1619 2792 1682 τοῦτο,
2825 1618 2960 1687 ὅπερ
3003 1611 3233 1668 ἐνταῦθα
3274 1609 3471 1671 αὐτοὺς
3521 1605 3798 1677 ἐμέμφετο
3835 1605 3866 1655 6

2287 1717 2512 1790 Κύριος,
2548 1713 2690 1782 λέγω
2728 1711 2792 1782 δὴ
2824 1709 2884 1763 τὸ
2920 1709 3186 1778 σωτήριον
3219 1703 3407 1768 πάθος,
3449 1703 3496 1754 εί
3530 1701 3637 1771 ἄρα
3667 1699 3741 1760 ὡς
3774 1696 3868 1750 ἄν·

2288 1808 2502 1879 θρωπον
2547 1804 2966 1863 ἀποκτείναντες
3000 1795 3427 1865 κατεκρίθησαν,
3474 1792 3594 1844 τότε
3642 1788 3755 1859 γὰρ
3798 1787 3870 1840 ἂν

614 1909 682 1964 ab
714 1906 820 1962 illis
851 1877 1148 1960 dicebatur.
1171 1903 1274 1959 Sed
1301 1917 1426 1957 cum
1462 1899 1880 1970 tanquamliege
1908 1910 1972 1950 ac
2003 1893 2186 1949 Domi—

2300 1877 2537 1968 Ξυνηθείη
2572 1894 2730 1961 λόγον
2757 1891 2900 1962 ἔχειν
2938 1890 2997 1943 τὸ
3042 1889 3130 1941 ὑπ’
3163 1885 3339 1940 αὐτῶν
3368 1883 3655 1952 λεγόμενον
3677 1896 3688 1908 ’
3723 1881 3770 1930 εἰ
3809 1879 3869 1930 δὲ

620 2013 689 2052 no
710 1999 889 2054 occiso
922 1996 1159 2052 damnati
1195 1995 1416 2057 fuerint,
1445 1993 1784 2061 exploratum
1835 1989 1895 2044 fit
1922 1987 2184 2042 adversa-

615 2087 725 2141 rios
752 2095 965 2141 nostros
988 2085 1208 2139 stultam
1236 2084 1336 2138 sibi
1365 2083 1676 2151 opinionem
1709 2093 1944 2143 creasse,
1975 2092 2094 2131 cum
2123 2075 2185 2128 il-

615 2177 724 2230 lum
754 2177 1068 2231 existimant
1091 2190 1298 2230 merum
1332 2189 1452 2228 esse
1477 2173 1771 2237 hominem,
1821 2170 2030 2224 etiamsi
2058 2168 2186 2222 Ver-

614 2270 741 2322 bum
773 2267 826 2321 in
859 2267 972 2335 ipso
1000 2265 1244 2320 habitare
1266 2264 1467 2319 dicant.
1486 2261 1646 2317 Certe
1677 2261 1870 2315 beatus
1895 2258 2094 2312 Paulus
2120 2257 2186 2311 de

616 2356 1058 2427 cruciﬁgentibus
1082 2357 1327 2426 loquens,
1355 2353 1571 2409 Domini
1623 2353 1894 2407 oecisores
1943 2350 2061 2403 illos
2109 2361 2189 2402 re-

615 2455 934 2517 pra:sentat,
964 2448 1048 2504 his
1070 2448 1248 2521 verbis
1285 2454 1474 2500 utens:
1499 2463 1518 2496 ς
1543 2442 1674 2497 Nam
1708 2443 1752 2497 si
1783 2441 2185 2511 cognovissent,

619 2554 895 2609 nunquam
934 2540 1220 2594 Dominum
1275 2537 1460 2607 gloria:
1519 2532 2007 2589 crucilixissent”.
2067 2549 2084 2583 ι
2126 2531 2189 2584 Et

619 2634 732 2698 ipse
759 2645 974 2701 quoque
1011 2630 1270 2685 Dominus
1297 2629 1348 2683 iu
1374 2628 1544 2682 vinea:
1569 2626 1820 2696 parabola
1850 2624 1921 2676 ait
1953 2632 2191 2692 patrem-

619 2723 852 2790 familias
896 2718 1112 2778 misisse
1169 2734 1359 2775 servos
1408 2733 1535 2773 suos
1584 2718 1649 2771 ad
1695 2714 1980 2785 agricolas.
2033 2715 2099 2766 At
2136 2713 2187 2766 hi

628 2830 648 2866 -.
679 2813 842 2866 alium
875 2813 1091 2882 quidem
1123 2809 1722 2878 vcrberarunt,inqnit,
1771 2807 1934 2859 alium
1980 2805 2192 2860 occide-

625 2915 770 2968 runt,
804 2905 966 2960 alium
991 2904 1255 2976 lapidibus
1281 2904 1599 2968 obruerunt,
1640 2919 1658 2952 ι
1684 2897 1932 2968 agricola:
1960 2896 2190 2950 scilicet.

621 2995 902 3052 Postremo
936 2997 1148 3051 misisse
1173 2994 1304 3050 dicit
1327 2993 1518 3058 (ilium,
1550 3006 1656 3060 quo
1689 2991 1805 3043 viso
1832 2986 2081 3057 agricola:
2107 2986 2191 3037 in-

625 3096 707 3143 tra
733 3103 792 3142 se
821 3088 1107 3142 dixerunt:
1145 3105 1164 3139 ι
1202 3085 1299 3140 Hic
1328 3093 1411 3139 est
1439 3085 1632 3146 haeres,
1661 3081 1857 3142 venite,
1882 3078 2192 3146 occidamus

623 3193 770 3243 eum,
813 3178 1036 3246 ejusque
1070 3177 1436 3233 haereditatem
1470 3187 1798 3242 occupemus
1835 3189 1846 3224 :
1900 3181 2060 3238 atque
2118 3168 2190 3221 ita

625 3284 750 3323 eum
813 3270 1262 3337 comprehensum
1323 3275 1376 3321 et
1444 3266 1598 3320 vinea
1648 3264 1878 3333 ejectum
1909 3264 2196 3316 intereme-

625 3360 837 3414 runt".
869 3379 886 3412 ι
924 3359 980 3416 Si
998 3376 1128 3429 ergo
1147 3360 1434 3431 Apostolus
1457 3359 1674 3428 quidem
1704 3357 1886 3426 gloria:
1911 3355 2196 3409 Dominum

625 3450 914 3506 conﬁtetur
943 3466 1064 3507 eum
1086 3453 1176 3522 qui
1207 3453 1497 3508 cruciﬁxus
1525 3451 1666 3513 fuit;
1701 3449 1816 3518 ipse
1846 3457 2022 3501 autem
2070 3446 2199 3500 Ser-

628 3555 786 3600 vator
818 3547 1110 3616 prophetas
1140 3547 1357 3616 quidem
1392 3557 1675 3600 servorum
1710 3543 1994 3596 missorum
2027 3537 2200 3590 nomi—

631 3649 700 3689 ne
723 3636 968 3690 tlenotari
1000 3638 1188 3700 docet,
1221 3637 1571 3704 semetipsum
1603 3648 1733 3688 vero
1767 3632 1961 3686 Filium
1992 3627 2200 3683 Domini

636 3741 912 3784 servorum
939 3729 1171 3795 illorum;
1210 3730 1328 3797 quis
1355 3729 1457 3790 iam
1478 3727 1707 3783 ulterius
1733 3725 1874 3779 ausit
1902 3724 2082 3777 dicere
2106 3723 2203 3773 ho-

638 3819 834 3873 minem
869 3820 1015 3874 illum
1047 3821 1212 3876 fuisse
1238 3821 1327 3890 qui
1363 3822 1559 3887 aiebat,
1594 3841 1612 3871 ι
1641 3818 1793 3872 Nunc
1830 3831 1916 3872 me
1964 3814 2205 3884 quaeritis

637 3912 905 3979 occidere,
943 3931 960 3963 ι
996 3923 1048 3967 et
1072 3927 1178 3967 non
1208 3915 1386 3982 potius
1415 3914 1769 3968 humanatum
1797 3907 2006 3962 Deum?
2060 3904 2206 3957 Prae-

637 4005 828 4060 sertim
876 4005 1000 4073 quia
1039 4006 1144 4060 Deo
1184 4005 1340 4076 digna
1370 4019 1555 4072 opera,
1615 4002 1714 4056 sub
1765 3997 1998 4054 hominis
2054 3996 2208 4050 titulo

636 4097 950 4173 prmdicata,
1007 4097 1189 4150 audiet
1211 4081 1488 4150 eventura.
1529 4113 1547 4146 ι
1582 4092 1742 4147 Venit
1767 4091 1909 4145 enim
1957 4091 2108 4153 hora,
2154 4094 2209 4140 et

642 4200 784 4239 nunc
820 4193 921 4252 est,
945 4200 1064 4238 cum
1097 4185 1536 4239 mortuiaudient
1561 4197 1747 4237 vocem
1782 4180 1902 4234 Filii
1936 4179 2205 4242 hominis;

639 4281 695 4326 et
720 4274 809 4341 qui
843 4272 1332 4336 audierint,vivent
1353 4271 1432 4334 ⁸⁶;
1473 4289 1490 4322 ι
1532 4279 1587 4325 et
1614 4287 1628 4322 :
1667 4287 1684 4320 ι
1709 4270 1842 4324 Cum
1869 4268 2095 4332 venerit,
2125 4268 2208 4319 in-

641 4364 777 4432 quit,
810 4362 981 4416 Filius
1026 4362 1330 4417 hominisin
1363 4376 1587 4430 regnum
1614 4375 1787 4424 suum,
1813 4368 1866 4413 et
1897 4373 2084 4413 omnes
2115 4372 2211 4410 an-

639 4456 738 4527 geli
767 4455 883 4524 ejus
908 4470 1028 4510 cum
1054 4464 1299 4521 eo,'tunc
1326 4453 1538 4508 sedebit
1566 4454 1616 4506 in
1643 4452 1836 4506 throno
1863 4451 2047 4518 gloria:
2079 4464 2207 4514 suae,

637 4549 835 4616 justam
861 4549 925 4602 de
949 4548 1198 4602 omnibus
1217 4547 1532 4602 sententiam
1560 4543 1795 4599 ferens“
1819 4559 1833 4607 ;
1857 4562 1874 4594 ι
1903 4553 1976 4606 ct,
2004 4561 2022 4592 ι
2044 4541 2211 4596 Nemo
2244 4582 2286 4636 Β

643 4639 885 4692 ascendit
911 4640 962 4693 in
988 4638 1206 4701 emtum,
1239 4637 1338 4693 nisi
1373 4635 1464 4705 qui
1493 4636 1556 4691 de
1609 4634 1745 4689 coelo
1802 4633 2081 4689 descendit
2120 4633 2210 4686 Fi-

645 4729 746 4783 lius
777 4729 1009 4784 hominis
1038 4728 1103 4780 ⁸⁸.
1142 4746 1160 4778 ι

716 4993 1002 5050 l8.Audin‘
1027 4990 1307 5046 manifeste
1325 4989 1491 5045 Deum
1524 4989 1758 5045 Verbum
1775 4991 2006 5046 hominis
2029 4992 2211 5060 appel-

645 5077 867 5152 latiOne,
925 5097 1144 5158 propter
1191 5102 1341 5141 suam
1396 5101 1516 5141 cum
1596 5102 1758 5142 carne
1808 5087 2210 5152 adunationem,

645 5174 1170 5232 nominatum?Nam
1203 5175 1325 5244 quis
1379 5174 1518 5230 alius
1567 5176 1632 5230 de
1675 5175 1818 5231 caalo
1871 5176 2214 5230 descendisse

648 5269 912 5338 putandus
945 5269 1062 5324 est?
1090 5265 1206 5322 Noli
1241 5268 1421 5339 itaque
1459 5266 1659 5322 diutius
1727 5266 2039 5322 scandalum
2081 5267 2213 5336 pati,

647 5377 768 5421 cum
794 5360 839 5414 is
886 5361 1000 5414 ait:
1039 5378 1056 5411 ι
1091 5358 1243 5413 Nunc
1276 5373 1365 5421 me
1387 5359 1626 5427 quaeritis
1656 5360 1922 5424 occidere,
1947 5360 2217 5413 hominem

647 5452 736 5518 qui
767 5453 1044 5505 veritatem
1076 5451 1228 5506 vobis
1262 5451 1368 5505 dixi
1395 5452 1461 5504 3°:
1499 5470 1519 5504 ›
1562 5452 1653 5506 sed
1686 5453 2072 5506 incarnationis
2102 5468 2217 5522 my-

649 5545 873 5599 sterium
903 5553 1181 5613 reputans,
1212 5543 1299 5613 pic
1337 5546 1538 5599 dictum
1563 5545 1805 5599 admitte.
1839 5543 2085 5613 Namque
2130 5545 2214 5598 his

720 5750 765 5780 ⁸³
793 5747 945 5802 Juan.
985 5763 1101 5811 vm,
1136 5748 1223 5810 57,
1300 5749 1342 5780 ⁸³
1373 5749 1389 5801 l
1415 5748 1534 5803 (lor.
1570 5764 1629 5815 tt,
1664 5749 1714 5804 8.

662 5821 741 5876 l5.
819 5820 860 5851 ’θ
895 5818 1048 5873 Joan.
1078 5835 1188 5884 \‘lli,
1218 5817 1306 5871 40.

1793 5750 1836 5780 ⁸⁸
1877 5748 2062 5802 Matth.
2115 5763 2225 5810 XM,
2258 5746 2344 5799 54.

2287 1991 2362 2053 ὼς
2391 1987 2533 2042 κατά
2558 1984 2824 2038 Δεσπότου
2841 1983 2936 2036 καὶ
2951 1981 3154 2050 Κυρίου
3177 1975 3545 2045 τολμήσαντες
3575 1969 3869 2023 κατεδικά-

2288 2081 2514 2150 σθησαν,
2549 2077 2711 2148 δῆλον
2754 2076 2830 2138 ὡς
2867 2073 3100 2144 ματαίαν
3150 2070 3402 2122 ὑπόνοιαν
3438 2067 3648 2127 ἑαυτοῖς
3692 2062 3868 2114 ἐπλά-

2289 2191 2471 2238 σαντο,
2505 2172 2789 2242 ἄνθρωπον
2826 2166 3145 2236 νομίσαντες
3197 2157 3358 2224 εἶναι,
3389 2159 3492 2213 κᾶν
3523 2158 3750 2211 ἐνοικεῖν
3788 2154 3870 2215 εὶς

2288 2265 2450 2319 αὑτὸν
2474 2263 2562 2315 τὸν
2590 2262 2762 2329 Λόγον
2793 2259 3044 2326 λέγωσιν.
3090 2255 3146 2308 '0
3178 2253 3273 2324 μὲν
3301 2247 3393 2305 οὖν
3426 2249 3690 2319 μακάριος
3719 2242 3874 2298 Παῦ-

2286 2357 2377 2420 λος
2402 2372 2467 2408 πε
2476 2354 2529 2424 pl.
2561 2352 2670 2405 τῶν
2696 2348 3124 2421 σταυρωσάντων
3153 2343 3551 2412 διαλεγόμενος,
3586 2335 3875 2407 κυριοκτό-

2288 2462 2411 2508 νους
2472 2443 2669 2504 αὐτοὺς
2730 2438 2978 2508 ἐναργῶς
3039 2434 3386 2505 παρίστησιν,
3418 2431 3606 2490 αὐταῖς
3660 2425 3875 2491 λέξεσιν

2289 2535 2518 2607 γράφων
2555 2533 2764 2595 οὓτως·
2807 2548 2826 2581 ‹
2872 2529 2934 2582 El
2971 2526 3080 2596 γὰρ
3113 2527 3375 2594 ἔγνωσαν,
3407 2521 3505 2574 οὐκ
3541 2519 3605 2572 ἂν
3629 2518 3720 2569 τὸν
3753 2517 3875 2568 Κύ-

2294 2606 2406 2699 ριον
2440 2627 2539 2695 τῆς
2574 2625 2730 2691 δόξης
2774 2615 3143 2688 ἐσταύρωσαν.
3193 2634 3209 2666 ι
3247 2615 3354 2665 Καὶ
3390 2611 3551 2672 αὐτὸς
3579 2609 3635 2662 δὲ
3663 2606 3875 2676 Κύριος

2291 2722 2347 2773 ἑν
2380 2720 2444 2790 τῇ
2489 2715 2582 2768 τοῦ
2619 2712 2936 2782 ἀμπελῶνος
2974 2707 3254 2779 παραϐολῇ
3292 2700 3690 2757 ἀπεσταλκέναι
3738 2698 3878 2767 φησι

2290 2811 2382 2864 τὸν
2407 2806 2792 2874 οἰκοδεσπότην
2815 2804 2940 2865 τοὺς
2968 2800 3188 2859 δούλους
3211 2795 3372 2849 αὐτοῦ
3395 2794 3528 2864 πρὸς
3550 2793 3673 2854 τοὺς
3699 2807 3880 2858 γεωρ-

2292 2904 2421 2974 γούς
2445 2922 2457 2935 ·
2495 2922 2512 2954 ι
2538 2901 2630 2955 καὶ
2649 2901 2707 2952 ὃν
2737 2899 2834 2968 μὲν
2866 2897 3095 2965 ἔδειραν,
3127 2892 3309 2962 φησιν,
3345 2889 3403 2942 ὃν
3437 2889 3492 2941 δὲ
3523 2887 3877 2945 ἀπέκτειναν,

2293 2997 2350 3049 ὃν
2399 2991 2798 3060 ἐλιθοϐόλησαν,
2834 3007 2851 3039 ›
2877 2988 2926 3040 οἱ
2947 2985 3184 3055 γεωργοὶ
3234 2981 3512 3053 δηλονότι·
3562 2974 3881 3045 ὕστερονδὲ

2293 3083 2696 3140 ἀπεσταλκέναι
2746 3080 2910 3148 φησὶν
2951 3076 3112 3130 αὑτὸν
3152 3073 3240 3127 τὸν
3286 3071 3422 3135 υἱὸν,
3467 3069 3526 3120 ὃν
3558 3069 3606 3120 οἱ
3641 3065 3883 3135 γεωργοὶ

2297 3175 2621 3246 θεασάμενοι
2655 3168 2809 3225 εἷπον
2859 3168 2994 3238 πρὸς
3041 3163 3307 3226 ἑαυτούς·
3363 3180 3380 3211 ι
3438 3151 3605 3220 Οὗτός
3654 3159 3800 3209 ἑστιν
3852 3155 3884 3206 6

2299 3266 2652 3336 κληρονόμος,
2674 3261 2846 3323 δεῦτε,
2886 3255 3295 3324 ἀποκτείνωμεν
3324 3250 3504 3315 αὐτὸν,
3536 3249 3630 3301 καὶ
3661 3247 3884 3316 σχῶμεν

2301 3356 2464 3412 αὑτοῦ
2491 3355 2590 3424 τὴν
2616 3348 3011 3421 κληρονομίαν⁹
3039 3346 3134 3400 καὶ
3161 3343 3415 3405 λαϐόντες
3440 3339 3603 3394 αὐτὸν
3625 3336 3885 3403 ἐξέϐαλον

2302 3449 2405 3517 ἔξω
2447 3446 2542 3500 τοῦ
2588 3442 2930 3514 ἀμπελῶνος,
2966 3441 3060 3493 καὶ
3102 3438 3447 3492 ἀπέκτειναν.
3493 3451 3510 3483 ι
3549 3433 3612 3484 El
3644 3429 3822 3483 τοίνυν
3855 3426 3888 3477 6

2309 3541 2409 3612 μὲν
2441 3536 2760 3597 Ἀπόστολος
2778 3533 2983 3603 Κύριον
3021 3530 3117 3598 τῆς
3148 3528 3306 3595 δόξης
3349 3524 3439 3577 τὸν
3469 3517 3888 3589 ἐσταυρωμένον

2305 3608 2573 3701 δμολογεῖ,
2607 3627 2766 3687 αὐτὸς
2796 3625 2851 3676 δὲ
2881 3625 2908 3674 6
2941 3620 3128 3690 Σωτὴρ
3162 3618 3287 3678 τοὺς
3327 3615 3426 3684 μὲν
3457 3613 3740 3682 προφήτας
3763 3608 3890 3660 δού-

2304 3722 2429 3784 λους
2463 3716 2906 3785 ἀπεσταλμένους
2938 3712 3199 3773 διδάσκει,
3235 3707 3423 3761 ἑαυτὸν
3467 3704 3523 3756 δὲ
3551 3701 3645 3755 τοῦ
3679 3699 3889 3753 Δεσπό⁴

2306 3829 2400 3863 του
2420 3809 2528 3862 τῶν
2556 3807 2756 3860 δούλων
2788 3803 2936 3868 Υίὸν,
2967 3801 3048 3862 τίς
3079 3802 3157 3852 ἔτι
3185 3798 3444 3866 τολμήσει
3469 3794 3651 3861 λέγειν
3685 3791 3759 3852 ὡς
3789 3790 3890 3842 ἆν-

2310 3901 2526 3971 θρωπος
2556 3895 2622 3968 ἦν
2665 3898 2691 3949 ὁ
2740 3895 2934 3963 λέγων,
2972 3912 2988 3942 ι
3027 3891 3140 3945 Νῦν
3177 3889 3232 3942 δὲ
3262 3885 3474 3957 ζητεῖτέ
3514 3901 3579 3952 με
3621 3883 3888 3935 ἀποκτεῖ-

2309 4009 2416 4055 ναι,
2457 3985 2479 4042 ἱ
2513 3990 2607 4043 καὶ
2642 3988 2761 4058 οὐχὶ
2816 3985 3016 4055 μᾶλλον
3065 3982 3197 4045 Θεὸς
3245 3972 3714 4048 ὲνηνθρωπηκώς;
3774 3972 3891 4024 Καὶ

2315 4083 2528 4156 μάλισθ’
2560 4083 2688 4134 ὅταν
2736 4079 2830 4131 καὶ
2863 4078 2931 4130 τὰ
2971 4072 3250 4143 θεοπρεπῆ
3304 4069 3438 4141 ἔργα
3483 4069 3547 4136 τῇ
3596 4062 3889 4133 ἀνθρώπου

2313 4153 2652 4248 προσηγορίᾳ
2708 4171 2976 4240 λεγόμενα
3031 4164 3205 4237 ἀκούῃ
3269 4161 3527 4229 μέλλοντα
3591 4153 3889 4223 γίνεσθαι·

2320 4287 2336 4319 t
2386 4269 2644 4337 Ἔρχεται
2678 4263 2786 4332 γὰρ
2815 4261 2953 4330 ὥρα,
2989 4257 3081 4310 καὶ
3130 4255 3223 4306 νῦν
3271 4253 3440 4315 ἑστιν,
3486 4250 3572 4302 ὅτε
3615 4247 3664 4299 οἱ
3703 4243 3892 4312 νεκροὶ

2311 4359 2615 4425 ἀκούσωσιν
2659 4356 2755 4425 τῆς
2791 4351 2975 4421 φωνῆς
3008 4348 3099 4402 τοῦ
3131 4345 3261 4399 Υἱοῦ
3296 4343 3387 4396 τοῦ
3423 4338 3744 4410 ἀνθρώπου·
3794 4335 3896 4387 καὶ

2312 4453 2360 4503 οἱ
2391 4448 2722 4506 ἀκούσαντες
2761 4445 3003 4513 ζὴσουσι.
3048 4459 3065 4491 ι
3094 4438 3220 4503 Καὶ,
3257 4454 3275 4487 ‹
3315 4435 3483 4488 Ὅταν
3519 4430 3668 4500 ἔλθῃ,
3700 4426 3890 4497 φησὶν,

2314 4548 2342 4598 6
2388 4543 2516 4605 Υἱὸς
2557 4540 2651 4592 τοῦ
2697 4535 2985 4607 ἀνθρώπου
3032 4532 3088 4583 ὲν
3137 4531 3203 4598 τῇ
3261 4524 3505 4596 βασιλεία
3556 4520 3750 4582 αὑτοῦ,
3798 4517 3896 4568 καὶ

2317 4635 2516 4695 πάντες
2535 4634 2581 4684 οἱ
2603 4627 2824 4698 ἄγγελοι
2856 4626 2972 4695 μετ’
2995 4619 3180 4681 αὑτοῦ,
3204 4617 3322 4669 τότε
3346 4615 3555 4668 καθίσει
3580 4611 3670 4664 ἐπὶ
3699 4608 3893 4678 θρόνου

2320 4727 2475 4795 δόξης
2509 4721 2694 4784 αὑτοῦ,
2724 4719 2821 4786 τὴν
2847 4714 3060 4768 δικαίαν
3094 4711 3294 4763 ἅπασιν
3321 4704 3595 4774 ἐπιφέρων
3622 4701 3823 4771 κρίσιν.
3871 4718 3890 4750 ι

2322 4791 2453 4878 Καὶ,
2498 4832 2514 4863 ι
2557 4811 2744 4872 Οὐδεὶς
2784 4804 3120 4874 ἀναϐέϐηκεν
3151 4802 3228 4861 είς
3267 4798 3357 4850 τὸν
3392 4795 3634 4866 οὐρανὸν,
3665 4794 3711 4844 εἰ
3746 4791 3820 4865 μὴ
3869 4793 3899 4843 6

2325 4909 2387 4959 ἐκ
2427 4905 2519 4959 τοῦ
2552 4899 2778 4974 οὐρανοῦ
2811 4895 3073 4958 καταϐὰς,
3105 4897 3132 4945 ὁ
3162 4891 3286 4953 Υἱὸς
3317 4887 3408 4941 τοῦ
3439 4883 3746 4955 ἀνθρώπου.
3800 4902 3816 4931 ι

2394 5003 2480 5065 ιη’.
2537 4971 2776 5051 Ἀκούεις
2807 4985 3054 5054 φανερῶς
3098 4982 3188 5034 τὸν
3215 4978 3346 5040 Θεὸν
3375 4977 3543 5043 Λόγον
3574 4977 3638 5043 τῇ
3685 4971 3900 5042 ἀνθρώ-

2322 5106 2422 5140 που
2451 5081 2788 5156 προσηγορίᾳ
2817 5077 2905 5130 διὰ
2927 5076 3023 5145 τὴν
3052 5073 3185 5143 πρὸς
3212 5070 3306 5140 τὴν
3337 5069 3512 5136 σάρκα
3541 5066 3733 5117 ἕνωσιν
3773 5064 3896 5115 ὀνο-

2326 5179 2655 5250 μαζόμενονς
2701 5174 2796 5234 Τίς
2832 5170 2940 5239 γὰρ
2986 5168 3050 5219 ἂν
3083 5165 3165 5232 εἰή
3199 5164 3384 5230 ἑτερος
3414 5161 3476 5210 ἐκ
3521 5155 3609 5208 τοῦ
3660 5153 3896 5224 οὐρανοῦ

2326 5268 2566 5329 καταϐάς
2588 5285 2601 5332 ;
2622 5261 2834 5334 Μηκέτι
2865 5255 2955 5312 οὖν
2987 5251 3496 5315 σκανδαλίζου,ὅταν
3527 5246 3703 5313 λέγει’
3735 5264 3751 5295 ι
3782 5244 3899 5296 Νῦν

2325 5363 2381 5414 δὲ
2413 5358 2623 5430 ζητεῖτὲ
2659 5373 2723 5426 με
2761 5353 3098 5410 ἀποκτεῖναι,
3125 5345 3406 5413 ἄνθρωπον
3432 5339 3488 5401 ὃς
3520 5338 3614 5407 τὴν
3643 5336 3896 5407 ἀλήθεια-ι

2327 5454 2456 5522 ὑμῖν
2511 5449 2815 5518 λελάληκα’
2853 5462 2869 5493 )
2920 5440 3030 5492 ἀλλ’
3073 5433 3266 5488 ἐννοῶν
3301 5431 3395 5501 τὴν
3437 5428 3772 5498 οἰκονομίαν,
3809 5428 3902 5477 εὑ-

2328 5542 2497 5604 σεϐῶς
2562 5539 2715 5607 δέχου
2774 5536 2834 5587 τὸ
2882 5531 3202 5598 λεγόμενον
3266 5525 3328 5574 ὲκ
3384 5517 3588 5572 τούτων
3633 5519 3741 5588 γὰρ
3797 5517 3901 5585 τῆς

2944 5733 2985 5763 ⁸⁷
3015 5723 3346 5785 Μιιιιὶωιπισ,
3378 5717 3464 5771 ⁸51.
3545 5717 3589 5748 ⁸⁸
3616 5713 3771 5770 Joan.
3812 5727 3901 5776 ιιι,

2422 5746 2464 5776 ⁸⁸
2497 5741 2647 5796 Joan.
2687 5755 2740 5804 ν,
2779 5736 2865 5790 25.
