4078 6348
167 403 270 458 277

1270 403 1457 469 QUOD
1497 403 1556 457 Β.
1597 402 1810 456 MARIA
1853 403 1959 458 SIT
2002 404 2320 458 DEIPARA.

3311 403 3418 460 278

170 521 416 587 ἑνώσεως
446 525 682 595 μάλιστα
717 526 748 594 ἠ
778 524 1052 594 οἰκονομία
1079 526 1350 579 δείκνυται
1369 545 1385 559 ’
1420 527 1513 581 καὶ
1542 527 1622 580 ὅτι
1648 527 1748 579 κᾶν

1861 526 2033 581 verbis
2082 526 2296 580 unionis
2316 524 2664 594 potissimum
2696 522 3029 592 dispensatio
3059 535 3415 579 monstratur:

167 612 451 682 ἄνθρωπος
482 616 829 685 ὀνομάζηται,
866 616 925 669 ού
965 618 1087 686 δίχα
1132 618 1228 685 τῆς
1264 617 1511 687 θεότητος
1541 620 1744 683 ὀφείλει

169 711 492 766 καθ’ἑαυτὸν
510 715 888 785 ὀνομάζεσθαι.
912 717 1009 779 Τίς
1038 714 1146 785 γὰρ
1167 714 1426 782 τολμήσει
1448 711 1629 777 λέγειν
1655 710 1747 763 άν-

170 805 405 872 θρωπον,
438 806 529 858 καὶ
556 806 727 861 ταῦτα
741 810 1055 877 ὲνεργήσειν
1074 806 1140 859 τὰ
1157 804 1524 875 προειρημένα
1545 819 1557 865 ;
1603 802 1747 868 λέγω

167 893 230 961 δὴ
258 892 354 963 τὴν
369 894 422 959 ἐξ
437 896 666 966 οὐρανοῦ
688 897 983 967 μέλλουσαν
996 896 1214 948 ἔσεσθαι
1234 894 1537 964 παρουσίαν
1558 892 1744 956 αὑτοῦ,

170 985 265 1035 καὶ
302 985 398 1054 τὴν
439 988 565 1055 περὶ
595 987 811 1040 πάντων
844 988 1055 1040 δικαίαν
1079 986 1289 1055 κρίσιν·
1312 984 1403 1036 τοῦ
1429 983 1746 1053 ἱεροψάλτου

173 1075 407 1142 μάλιστα
421 1077 585 1129 Δαϐἰδ
605 1077 819 1148 ᾄδοντος
838 1094 849 1106 ·
886 1096 904 1129 ι
930 1078 1019 1130 Σοὶ
1035 1077 1233 1146 πρέπει
1268 1074 1454 1143 ὒμνος,
1470 1075 1497 1125 6
1520 1072 1672 1135 Θεὸς,
1687 1075 1746 1125 ὲν

171 1166 332 1233 Σιὼν,
367 1168 457 1220 καὶ
486 1169 567 1220 σοὶ
612 1169 1005 1238 ἀποδοθήσεται
1035 1167 1171 1237 εὐχὴ
1198 1168 1255 1218 ἐν
1306 1164 1677 1236 Ἰερουσαλήμ.
1721 1181 1740 1212 ι

172 1259 511 1312 Εἰσάκουσον
552 1261 857 1331 προσευχῆς
880 1277 893 1291 '
917 1280 933 1310 ‹
956 1260 1096 1329 Πρὸς
1131 1258 1189 1310 σὲ
1233 1258 1383 1309 πᾶσα
1421 1255 1556 1325 σὰρξ
1572 1255 1742 1321 ἥξει.»

172 1349 238 1401 Τί
267 1351 375 1419 γὰρ
401 1351 584 1421 ἕτερόν
618 1353 763 1403 ἐστιν
795 1350 973 1415 τοῦτο,
1006 1350 1119 1401 ἀλλ’
1154 1350 1185 1419 ἢ
1217 1350 1352 1417 ὅπερ
1380 1348 1469 1400 τὸν
1500 1346 1624 1399 Υἰόν
1654 1344 1747 1397 τοῦ

171 1440 463 1509 ἀνθρώπου
498 1444 742 1511 ποιήσειν
776 1443 1206 1512 μεμαθήκαμεν;
1245 1460 1262 1490 ι
1305 1439 1436 1491 Τότε
1477 1437 1606 1508 γὰρ.
1649 1454 1750 1507 φτΓ

176 1530 285 1592 σίν,
332 1531 543 1584 καθίσει
578 1532 670 1583 ὲπί
708 1531 894 1602 θρόνου
922 1530 1080 1601 δόξης
1122 1528 1307 1592 αὑτοῦ,
1348 1529 1443 1581 καί
1479 1527 1752 1596 συναχθή-

177 1638 361 1673 σονται
400 1621 711 1691 ἔμπροσθεν
763 1622 924 1675 αὐτοῦ
966 1624 1142 1675 πάντα
1189 1620 1257 1672 τά
1298 1619 1450 1689 ἔθνη.
1509 1637 1526 1670 ι
1590 1618 1752 1688 Ὁρᾷς

172 1713 327 1774 ὅπως
354 1712 446 1765 τοῦ
478 1713 639 1766 Δαϐὶδ
672 1714 745 1777 ὡς
792 1714 930 1785 πρὸς
974 1713 1105 1765 Θεὸν
1132 1712 1400 1778 λέγοντος,
1441 1729 1459 1760 ι
1502 1709 1643 1778 Πρὸς
1692 1711 1751 1762 σὲ

176 1804 331 1856 πᾶσα
359 1805 497 1872 σὰρξ
523 1805 662 1873 ἥξει,
704 1824 722 1855 ι
759 1808 836 1867 εἰς
876 1807 964 1857 τὸν
1004 1805 1130 1855 Υίὸν
1162 1802 1254 1855 τοῦ
1282 1801 1567 1870 ἀνθρώπου
1592 1800 1750 1852 τοῦτο

1845 628 1899 671 et
1935 618 2095 684 quod,
2119 617 2330 672 etiamsi
2372 617 2532 670 homo
2573 615 2891 685 appelletur,
2918 629 3023 668 non
3082 625 3261 669 tamen
3290 616 3416 670 abs-

1846 718 1949 771 que
1972 703 2255 757 divinitate
2301 718 2541 757 seorsum
2602 719 2698 771 per
2736 717 2794 757 se
2832 704 2991 758 homo
3054 715 3417 772 nuncupatur.

1847 796 1975 861 Quis
2015 796 2158 849 enim
2197 796 2342 849 ausit
2369 796 2546 850 dicere
2577 795 2870 854 hominem.
2909 800 2999 863 qui
3025 794 3201 863 qualia
3257 811 3419 862 supra

1848 887 1986 941 dicta
2017 896 2142 940 sunt
2171 885 2465 941 ell‘ecturus
2495 886 2609 939 sit?
2652 884 2891 938 futurum
2916 884 3166 939 videlicet
3189 885 3255 939 de
3284 885 3422 937 casio

1846 979 2132 1033 adventum
2162 978 2298 1043 ejus,
2326 977 2645 1047 justumque
2698 978 2763 1032 de
2798 978 3050 1032 omnibus
3109 977 3419 1031 faciemlum

1840 1068 2125 1137 judicium.
2160 1068 2297 1123 Cum
2347 1069 2647 1138 praesertim
2709 1083 2864 1123 sacer
2925 1068 3206 1137 psalmista
3254 1067 3421 1121 David

1848 1172 2053 1214 canat:
2123 1176 2141 1211 ι
2199 1159 2275 1213 Te
2301 1161 2455 1214 decet
2492 1161 2747 1229 hymnus,
2813 1160 2971 1226 Deus,
3001 1161 3053 1213 in
3116 1160 3320 1223 Sione;
3371 1167 3425 1211 et

1851 1252 1944 1305 tibi
1974 1249 2230 1304 offeretur
2262 1251 2435 1305 oratio
2461 1251 2513 1304 in
2541 1249 2837 1305 Jerusalem
2866 1251 2932 1303 ’⁸.
2974 1270 2990 1302 ι
3049 1251 3188 1304 Audi
3222 1251 3424 1303 oratio-

1850 1360 1971 1397 nem
2004 1362 2017 1397 :
2059 1362 2077 1395 ι
2117 1343 2197 1397 Ad
2246 1351 2296 1397 te
2355 1343 2531 1398 omnis
2584 1358 2714 1397 caro
2765 1343 3030 1396 veniet“.
3066 1362 3084 1395 ι
3121 1342 3256 1408 Quid
3282 1342 3425 1396 enim

1850 1434 1952 1487 hoc
1986 1433 2129 1487 aliud
2146 1444 2249 1497 est,
2287 1448 2445 1502 quam
2481 1430 2623 1501 quod
2656 1431 2857 1486 Filium
2892 1432 3126 1486 hominis
3162 1431 3425 1484 facturum

1851 1539 1971 1578 esse
1996 1524 2317 1578 didicimus?
2352 1542 2369 1574 ι
2425 1524 2575 1578 Τιιιιο
2640 1524 2804 1589 enim,
2862 1524 3057 1589 inquit,
3111 1521 3319 1576 sedebit
3374 1520 3426 1572 in

1854 1616 2047 1669 throno
2079 1613 2260 1682 gloriae
2292 1629 2426 1679 suae,
2459 1622 2514 1666 et
2543 1613 3027 1681 congregabunlur
3078 1625 3261 1665 coram
3314 1610 3430 1676 ipso

1852 1718 2042 1760 omnes
2072 1714 2259 1773 gentes
2288 1705 2354 1759 ".
2394 1724 2411 1756 ι
2440 1703 2650 1767 Viden’,
2676 1702 2945 1772 quomodo
2972 1717 3092 1755 cum
3127 1700 3291 1755 David
3320 1699 3430 1752 Deo

1852 1793 2048 1845 dixerit
2083 1810 2095 1844 :
2150 1812 2166 1842 ι
2201 1794 2279 1846 Ad
2311 1804 2360 1848 te
2393 1796 2569 1847 omnis
2621 1808 2749 1847 caro
2808 1793 3005 1856 veniet,
3065 1809 3083 1842 ι
3147 1804 3259 1843 rem
3293 1788 3432 1840 hanc

176 1894 521 1964 πληροῦσθαι
548 1897 738 1964 μέλλον
766 1896 1167 1959 ἀποδέδεικται;
1196 1893 1327 1955 Θεὸς
1349 1888 1439 1945 οὖν
1470 1893 1617 1945 ἐστιν
1646 1893 1750 1960 ἄρα

1861 1882 1909 1935 in
1940 1880 2074 1935 Filio
2098 1881 2329 1935 hominis
2376 1884 2582 1936 exitum
2625 1881 2936 1935 habituram
3000 1880 3429 1932 demonstratum

173 1985 607 2055 ὲνανθρωπήσας
637 1989 664 2037 6
692 1986 755 2037 ὲκ
794 1986 1012 2054 Μαρίας
1037 1983 1268 2053 τεχθείς,
1298 1982 1407 2034 τῶν
1435 1981 1593 2034 θείων
1622 1982 1755 2051 ἡμῖν

174 2076 215 2127 Γ
221 2075 413 2145 ραφῶν
443 2074 599 2127 τοῦτο
634 2075 722 2128 διὰ
754 2076 962 2128 πολλῶν
1005 2074 1331 2138 ἀποδείξεων
1368 2071 1613 2144 ἐναργῶς
1657 2074 1756 2141 ἐμ-

174 2167 508 2234 φαινουσῶν.
548 2168 807 2231 Θεοτόκος
847 2168 901 2219 δὲ
944 2168 1158 2229 πάντως
1196 2167 1287 2219 καὶ
1332 2165 1468 2233 αὕτη
1506 2166 1537 2234 ή
1571 2163 1757 2216 καλλι-

176 2259 471 2328 πάρθενος,
507 2258 608 2312 κᾶν
646 2252 792 2311 οὗτοι
832 2258 905 2328 μὴ
956 2258 1279 2326 βούλωνται·
1312 2258 1359 2307 εἰ
1394 2257 1503 2324 γάρ
1547 2253 1758 2323 ἀνθρω-

174 2366 282 2411 πος
311 2344 380 2418 ἦν
408 2350 436 2401 6
464 2348 523 2412 ἐξ
567 2350 737 2419 αὐτῆς
780 2348 1060 2419 προελθὼν
1099 2344 1302 2411 Ἰησοῦς
1350 2343 1604 2414 Χριστὸς,
1643 2342 1758 2404 πῶς

173 2445 205 2496 ὁ
250 2441 463 2503 Παῦλος
507 2441 770 2504 Γαλάταις
821 2439 1149 2494 ἐπιστέλλων
1184 2438 1416 2505 ἔγραφε·
1460 2454 1477 2485 ι
1539 2434 1754 2495 Παῦλος

174 2532 499 2598 ἀπόστολος,
548 2533 647 2584 οὐκ
697 2534 790 2585 ἀπ’
826 2530 1149 2601 ἀνθρώπων,
1184 2528 1301 2581 οὐδὲ
1334 2528 1400 2581 δι’
1444 2526 1755 2597 ἀνθρώπου,

176 2622 322 2677 ἀλλὰ
349 2622 436 2674 διὰ
474 2621 646 2691 Ἰησοῦ
678 2620 948 2689 Χριστοῦ;
989 2639 1005 2671 ι
1039 2620 1207 2690 Δῆλον
1236 2619 1311 2680 ὡς
1342 2618 1442 2671 οὑκ
1476 2616 1761 2688 ἄνθρωπος

182 2715 371 2784 μόνον,
412 2713 546 2765 ἀλλά
585 2712 715 2774 Θεὸς
760 2711 1195 2783 ὲνηνθρωπηκώς
1236 2711 1402 2764 ἐστιν.
1450 2709 1540 2779 Μὴ
1583 2708 1760 2761 τοίνυν

182 2801 725 2864 σκανδαλιζέσθωσαν
795 2800 887 2852 ἐπὶ
948 2803 1069 2863 ταῖς
1127 2798 1403 2861 τοιαύταις
1462 2800 1667 2867 φωναῖς
1711 2800 1759 2849 οί

178 2892 520 2957 ἀπαίδευτοι,
567 2891 703 2945 ἀλλὰ
740 2890 1176 2944 διδασκέσθωσαν
1224 2890 1317 2940 τοῦ
1368 2890 1511 2942 θείου
1556 2906 1760 2959 μυστη-

184 2983 304 3054 ρίου
331 2983 429 3053 τὴν
459 2982 793 3052 οἰκονομίαν,
826 2983 919 3035 καὶ
958 2979 1433 3050 προσκυνείτωσαν
1461 2978 1645 3031 λοιπὸν
1670 2979 1760 3030 τὸν

179 3074 422 3145 Χριστὸν
480 3074 616 3143 μετὰ
670 3072 776 3123 τῶν
825 3072 1073 3138 ἀγγέλων
1123 3072 1217 3123 καὶ
1275 3069 1447 3121 αὐτοί.
1515 3085 1533 3119 ε
1594 3069 1759 3121 Ὅταν

179 3168 317 3237 γὰρ,
349 3165 534 3235 φησιν,
566 3162 838 3233 εἰσαγάγῃ
866 3162 956 3213 τὸν
979 3161 1328 3230 [Ιρωτότοκον
1363 3162 1443 3221 εἰς
1462 3159 1559 3229 τὴν
1589 3159 1759 3209 οἰκου-

1859 1972 1965 2026 sit?
1991 1971 2124 2026 Deus
2151 1981 2233 2026 est
2263 1972 2422 2041 igitur
2449 1972 2775 2026 humanatus
2804 1985 2962 2037 quem
2999 1968 3164 2022 Maria
3200 1966 3429 2035 peperit,

1858 2064 2054 2117 divinis
2085 2065 2237 2117 nobis
2283 2064 2582 2131 Scripturis
2635 2078 2747 2117 rem
2809 2064 2948 2115 hanc
2990 2068 3429 2129 argumentorum

1859 2154 2206 2208 multitudine
2227 2153 2506 2209 evidenter
2530 2154 2962 2208 ostendentibus.
2992 2151 3221 2219 Deipara
3253 2158 3432 2202 autem

1859 2246 2077 2299 omnino
2097 2254 2179 2299 est
2209 2245 2321 2311 ipsa
2353 2259 2566 2312 quoque
2596 2244 2811 2313 egregia
2852 2242 3038 2311 Virgo,
3076 2240 3427 2309 quantumvis

1860 2334 1947 2388 isti
1980 2335 2170 2388 nolint.
2202 2334 2335 2387 Nam
2354 2334 2398 2387 si
2441 2336 2602 2388 homo
2630 2335 2817 2387 fuisset
2846 2333 2935 2400 qui
2968 2347 3032 2385 ex
3087 2332 3198 2399 ipsa
3239 2330 3436 2397 prodiit

1858 2423 2011 2479 Jesus
2045 2424 2315 2489 Christus,
2346 2422 2616 2491 quomodo
2650 2421 2847 2475 Paulus
2874 2422 2925 2474 in
2961 2420 3199 2492 Epistola
3232 2420 3298 2473 ad
3327 2417 3434 2472 Gav

1861 2517 1995 2573 latas
2029 2518 2382 2587 scripsisset:
2418 2534 2435 2567 ι
2468 2515 2668 2570 Paulus
2704 2514 2997 2583 aposwlus,
3022 2530 3129 2568 non
3164 2513 3229 2568 ab
3256 2511 3436 2565 liomi-
3514 2527 3521 2532 ·

1862 2612 2041 2675 nibus,
2069 2626 2240 2680 neque
2261 2626 2358 2679 per
2411 2610 2709 2674 hominem,
2765 2609 2857 2663 sed
2923 2622 3017 2675 per
3064 2605 3246 2660 .lesum
3279 2603 3438 2659 Chri-

1863 2715 2002 2759 stum
2024 2704 2105 2756 i’3?
2141 2721 2160 2755 ι
2194 2702 2356 2755 Plane
2379 2709 2520 2768 patet
2554 2715 2660 2754 non
2688 2714 2810 2758 esse
2868 2699 3145 2752 hominem
3202 2705 3435 2750 tantum-

1864 2799 2039 2861 modo,
2064 2797 2154 2851 sed
2184 2799 2345 2850 Deum
2375 2796 2751 2849 humanatum.
2814 2791 2891 2845 Ne
2938 2804 3066 2857 ergo
3113 2788 3194 2840 his
3211 2785 3434 2839 vocibus

1862 2890 2289 2944 scandalizentur
2325 2884 2659 2950 indocti,sed
2691 2880 2853 2937 divini
2894 2878 3133 2950 mysterii
3156 2876 3439 2943 dispensa-

1867 2981 2064 3035 tionem
2096 2979 2327 3043 discant,
2360 2978 2693 3040 adorentque
2764 2973 3017 3038 deinceps
3054 2968 3327 3023 Christum
3382 2974 3445 3019 et.

1864 3070 1963 3138 ipsi
1995 3084 2114 3122 cum
2159 3067 2379 3136 angelis.
2421 3064 2622 3137 ιω]
2660 3082 2676 3115 ι
2723 3062 2854 3117 Cum
2901 3060 3066 3122 enim,
3110 3057 3304 3127 inquit,
3362 3055 3439 3109 in-

1865 3159 2096 3214 troducit
2137 3156 2559 3225 Primogenitum
2595 3156 2644 3206 in
2683 3153 2962 3213 mundum,
3025 3149 3197 3203 dicit:
3237 3146 3301 3200 Et
3352 3145 3441 3198 ad-

183 3259 394 3327 μένην,
440 3256 619 3322 λέγει·
661 3255 771 3306 Καὶ
801 3253 1334 3323 προσκυνησάτωσαν
1368 3250 1514 3319 αὐτῷ
1562 3250 1758 3311 πάντες

1862 3260 2019 3307 orent
2046 3265 2167 3305 eum
2192 3249 2367 3319 angeli
2398 3247 2575 3311 Dei“;
2611 3264 2628 3297 ι
2657 3254 2709 3300 et
2741 3258 2785 3297 τι
2808 3242 2862 3296 ln
2899 3242 3117 3296 nomine
3134 3239 3257 3294 Jesu
3279 3254 3439 3294 omne

180 3350 409 3419 ἄγγελοι
425 3347 559 3400 Θεοῦ
578 3363 589 3377 ·
619 3366 638 3399 ι
663 3349 776 3412 καὶ,
797 3366 813 3397 ι
840 3347 925 3398 Ἐν
938 3345 1013 3415 τῷ
1025 3344 1313 3415 όνόματιδὲ
1330 3342 1503 3413 Ἰησοῦ
1526 3342 1760 3412 Χριστοῦ

178 3445 295 3496 πᾶν
328 3444 456 3508 γόνυ
487 3440 694 3511 κάμψει
726 3438 1065 3509 ἐπουρανίων
1110 3436 1206 3489 καὶ
1250 3435 1503 3503 ἐπιγείων
1534 3434 1627 3488 καὶ
1668 3452 1765 3487 κα-

179 3529 509 3599 ταχθονίων·
560 3532 650 3582 καὶ
699 3530 850 3581 πᾶσα
883 3528 1103 3595 γλῶσσα
1151 3527 1627 3596 ἐξομολογήσεται,
1682 3526 1763 3579 ὅτι

180 3621 396 3693 Κύριος
443 3621 647 3692 Ἰησοῦς
694 3620 928 3689 Χριστὸς
970 3621 1048 3680 εἰς
1083 3618 1239 3685 δόξαν
1286 3617 1421 3670 Θεοῦ
1467 3617 1697 3688 Πατρός.
1740 3637 1759 3668 ι

180 3712 696 3782 Μνημονεύετωσαν
732 3710 966 3781 Χριστὸν
1013 3709 1216 3779 Ἰησοῦν
1244 3709 1445 3778 Κύριον
1477 3708 1765 3778 ὁμολογού-

185 3821 379 3873 μενον,
429 3806 524 3856 καὶ
570 3803 643 3873 μὴ
673 3801 1127 3873 ταραττὲσθωσαν
1171 3802 1298 3854 ὅταν
1346 3798 1632 3869 ἄνθρωπον
1678 3797 1766 3851 διά

181 3897 287 3965 τὴν
330 3894 637 3963 οἰκονομίαν
681 3894 969 3947 ἀκούωσιν.

262 3988 349 4039 ιθ’.
396 3985 551 4039 Οὕτω
584 3986 874 4039 νοείτωσαν
902 3986 996 4038 καὶ
1037 3984 1106 4036 τά
1134 3984 1221 4037 διά
1249 4001 1368 4037 τινα
1414 3982 1601 4053 χρείαν
1628 3981 1660 4052 ἦ
1690 3983 1766 4034 0!-

182 4078 451 4148 κονομίαν
476 4080 605 4150 περὶ
626 4079 788 4131 αὑτοῦ
816 4076 1081 4147 εἰρημένα
1100 4093 1114 4107 °
1140 4073 1250 4129 οἷόν
1276 4076 1421 4127 ἐστιν
1452 4075 1544 4127 καὶ
1570 4073 1629 4125 τὸ
1661 4072 1765 4125 ὑπὸ

182 4175 400 4240 Πέτρου
455 4173 547 4225 τοῦ
599 4169 894 4225 ἀποστόλου
945 4168 1270 4238 λεγόμενον·
1307 4185 1325 4218 ι
1374 4164 1580 4237 Ἰησοῦν
1631 4164 1758 4234 γὰρ,

181 4265 383 4334 φησὶν,
408 4264 499 4317 τὸν
522 4262 842 4332 Ναζωραῖον
866 4260 1034 4330 ἄνδρα
1055 4256 1506 4326 ἀποδεδειγμένον
1537 4255 1643 4307 ἀπὸ
1668 4254 1762 4307 τοῦ

180 4354 323 4411 Θεοῦ
358 4358 437 4420 εἰς
468 4356 631 4425 ὑμᾶς,
669 4373 687 4404 ι
725 4353 857 4423 πρὸς
899 4350 1187 4412 Ἰουδαίους
1211 4350 1590 4417 διαλεγόμενος
1614 4351 1640 4400 6
1664 4347 1765 4399 Πέ-

180 4465 317 4518 τρος
338 4465 352 4478 ·
388 4448 492 4516 χρὴ
520 4446 627 4515 γὰρ
652 4445 742 4497 τὸν
769 4447 881 4506 τοῖς
916 4441 1078 4504 θείοις
1111 4441 1303 4508 Λόγοις
1344 4439 1757 4507 ἐντυγχάνοντα,

180 4543 286 4596 καὶ
330 4541 401 4595 τὰ
430 4538 696 4610 πρόσωπα
728 4537 975 4604 θεωρεῖν,
1022 4534 1117 4587 καὶ
1159 4533 1250 4585 τὸν
1294 4531 1507 4602 χρόνον,
1541 4531 1631 4581 καὶ
1674 4528 1760 4579 διὰ

1866 3354 2000 3410 genu
2033 3337 2278 3393 ﬂectatur
2328 3336 2655 3398 caelestium,
2710 3333 3051 3387 terrestrium
3087 3339 3139 3383 et
3196 3327 3440 3383 inferno-

1866 3445 2024 3485 rum:
2059 3428 2305 3483 etomnis
2327 3428 2505 3495 lingua
2536 3427 2855 3480 conﬁteatur
2914 3424 3197 3476 Dominum
3254 3419 3438 3475 Jesum

1864 3521 2139 3577 Christum
2175 3521 2227 3575 in
2251 3518 2417 3587 gloria
2448 3531 2568 3572 esse
2612 3514 2707 3571 Dei
2739 3513 2913 3568 Patris
2940 3513 3009 3567 9".
3046 3530 3063 3564 ι
3094 3509 3440 3564 Meminerint

1865 3613 2136 3666 Christum
2176 3609 2353 3665 Iesum
2386 3606 2655 3662 communi
2702 3619 2963 3660 consensu
3022 3601 3306 3657 Dominum
3358 3600 3441 3654 di-

1866 3712 2032 3767 ctum,
2073 3717 2248 3771 neque
2288 3700 2700 3761 conturbentur,
2742 3712 2864 3751 cum
2902 3709 3023 3748 eum
3056 3693 3327 3747 hominem
3357 3705 3440 3751 se-

1867 3794 2099 3848 cundum
2129 3789 2587 3850 disnensatiouem
2625 3795 2873 3842 vocatum
2906 3784 3152 3839 audiunt.

1941 3969 2025 4024 l9.
2057 3968 2148 4023 Sic
2200 3976 2254 4024 et
2309 3968 2424 4022 aliae
2457 3964 2753 4020 locutiones
2787 3959 3147 4031 intelligenda).
3172 3966 3297 4013 sunt
3339 3970 3441 4024 pro

1870 4064 1945 4117 rei
1983 4073 2121 4116 natae
2156 4076 2252 4115 usu
2283 4070 2337 4113 et
2376 4056 2780 4127 dispensatione
2837 4054 3015 4116 dictae,
3059 4051 3221 4105 veluti
3276 4050 3441 4103 etiam

1870 4154 2014 4209 Petri
2043 4152 2168 4206 illud
2198 4149 2425 4221 apostoli
2457 4147 2674 4202 elfatum
2696 4154 2817 4200 est:
2846 4160 2863 4195 ι
2888 4141 3070 4197 Jesum
3102 4140 3246 4194 enim
3268 4136 3442 4191 Naza-

1869 4261 2056 4300 renum
2118 4244 2291 4296 virum
2336 4240 2688 4308 approbatum
2733 4253 2760 4289 a
2827 4224 2935 4288 D'eo
2981 4234 3119 4286 inter
3154 4244 3267 4296 vos,
3312 4246 3331 4279 ι
3366 4228 3441 4281 ait

1868 4335 2079 4389 Judwos
2112 4333 2387 4399 alloquens
2412 4328 2604 4382 Petrus
2644 4328 2710 4380 π.
2738 4326 2961 4395 Oportet
2983 4322 3125 4375 enim
3151 4321 3218 4374 ab
3242 4335 3325 4383 eo,
3347 4319 3439 4387 qui

1869 4426 2065 4483 divinis
2098 4425 2317 4479 Litteris
2349 4424 2538 4489 utitur,
2565 4430 2894 4489 etpersonas
2924 4414 3179 4484 spectari,
3202 4422 3257 4467 et
3310 4423 3439 4467 tem-

1871 4535 1989 4587 pus,
2020 4526 2072 4571 et
2099 4531 2258 4586 quam
2289 4516 2357 4569 ob
2389 4528 2604 4567 causam
2640 4510 2867 4579 quodvis
2897 4508 3133 4569 dicatur,
3171 4503 3426 4573 reputari.

182 4635 354 4687 ποίαν
386 4631 568 4685 αἰτίαν
593 4629 825 4682 ἕκαστον
857 4626 1094 4696 εἴρηται,
1116 4622 1428 4691 λογίζεσθαι
1450 4639 1461 4650 ·
1488 4619 1629 4672 οὕτω
1657 4618 1758 4689 γὰρ

1873 4613 1962 4665 Sic
1987 4611 2129 4664 enim
2155 4606 2382 4676 singulis
2413 4604 2570 4658 dictis
2588 4602 2995 4657 convenientem
3025 4596 3441 4651 accommodare

180 4725 410 4791 ἑκάστῳ
446 4719 592 4791 ῥητῷ
620 4718 721 4787 τὴν
744 4716 1057 4785 πρέπουσαν
1092 4712 1403 4782 ἐφαρμόσαι
1428 4709 1658 4779 θεωρίαν
1684 4725 1769 4771 τις

180 4819 255 4887 τῇ
293 4812 388 4867 τοῦ
438 4811 748 4880 Πνεύματος
780 4807 1069 4877 δυνήσεται
1121 4805 1322 4874 χάριτι.
1374 4802 1524 4853 Ἐπεὶ
1547 4796 1639 4852 οὖν
1674 4799 1768 4851 καὶ

178 4906 349 4962 τοῦτο
391 4904 453 4957 τὸ
505 4902 668 4973 ῥητὸν
718 4899 913 4951 ἐκεῖνοι
964 4895 1100 4966 πρὸς
1144 4894 1399 4945 σύστασιν
1448 4894 1546 4961 τῆς
1591 4889 1769 4943 αὐτῶν

180 4996 509 5058 δυσσεϐείας
527 4992 942 5064 προϐάλλονται,
970 4988 1201 5057 εἴδωμεν
1218 4986 1271 5037 τί
1300 4986 1495 5054 δήποτε
1514 4984 1542 5035 6
1567 4983 1768 5053 Πέτρος

181 5089 549 5158 οἰκονομῆσαι
586 5084 927 5154 βουλόμενος,
952 5080 1092 5132 οὕτω
1119 5077 1413 5145 λελάληκεν
1434 5092 1445 5103 ·
1484 5074 1682 5145 μᾶλλον
1708 5073 1764 5125 δὲ

181 5184 356 5238 αὐτὸν
399 5176 842 5248 ὲπερωτήσωμεν
872 5172 971 5241 τὴν
1002 5170 1179 5222 αἰτίαν
1213 5168 1463 5235 ἀγγεῖλαι
1496 5169 1647 5236 ἡμῖν,
1695 5165 1762 5216 δι’

185 5278 255 5345 ἢν
296 5271 441 5323 οὕτω
485 5270 663 5337 λέγειν
697 5264 944 5337 προήχθη
966 5280 978 5294 ·
1008 5262 1059 5315 τί
1094 5261 1220 5329 φὴς,
1250 5254 1293 5312 ὦ
1328 5258 1599 5327 μακάριε;
1638 5257 1765 5309 Ἀν-

184 5367 417 5431 θρωπον
451 5359 738 5428 κηρύττεις
766 5357 855 5407 τὸν
883 5351 1135 5424 Χριστὸν,
1165 5350 1257 5402 καὶ
1284 5348 1457 5418 τούτῳ
1484 5346 1763 5399 πιστεύειν

183 5454 342 5525 ἡμᾶς
391 5447 734 5511 ἀναπείθεις,
783 5446 872 5498 ἵνα
907 5443 1162 5513 κτίσματι
1190 5439 1474 5509 λατρεύειν
1513 5437 1761 5506 eadem;

188 5544 306 5598 Καὶ
342 5542 450 5611 μὴν
478 5539 662 5607 ἕτερος
693 5535 985 5597 ἀπόστολος
1026 5532 1298 5603 μέμφεται
1329 5530 1453 5591 τοὺς
1485 5530 1550 5597 τῇ
1592 5529 1762 5580 κτίσει

267 5752 314 5784 ’°
343 5747 488 5803 Psal.
515 5758 657 5809 an,
682 5743 735 5796 2.
812 5743 853 5773 “
887 5739 1011 5795 ibid.
1047 5739 1099 5791 5.
1142 5740 1185 5769 θ’
1219 5736 1406 5792 Matth.
1438 5748 1561 5809 13v,
1595 5733 1796 5803 31,52.

452 5834 507 5883 ιι,
543 5804 654 5869 “HJ
714 5813 755 5845 ⁸⁷
783 5812 937 5866 Rern.
979 5826 1016 5877 ι,
1044 5810 1113 5862 25
1143 5827 1156 5876 ;
1194 5809 1313 5864 Act.
1340 5821 1452 5874 xiv,
1478 5804 1560 5857 lli.

192 5826 248 5858 90
275 5824 350 5877 Ac
370 5859 380 5870 _

1872 4716 2087 4756 sensum
2123 4698 2385 4768 quispiam
2422 4708 2541 4748 cum
2573 4692 2807 4759 Spiritus
2848 4689 3020 4757 gratia
3056 4686 3274 4753 poterit.
3300 4684 3435 4749 Quia

1874 4794 2035 4863 igitur
2068 4793 2205 4845 hanc
2234 4800 2449 4858 quoque
2480 4784 2805 4837 locutionem
2838 4781 2912 4834 illi
2946 4779 3012 4831 ad
3045 4775 3436 4843 sumirrcligio-

1872 4885 2045 4939 sitatis
2069 4878 2532 4937 conlirmationem
2562 4874 2847 4942 objiciunt,
2874 4871 3152 4925 videamus
3181 4866 3437 4935 quidnam

1873 4975 2243 5041 Petrusjuxta
2274 4966 2691 5040 dispensationis
2736 4963 2949 5033 regulas
2984 4958 3287 5031 signiﬁcare
3344 4972 3438 5009 vo-

1873 5069 2007 5129 lens,
2041 5068 2111 5119 ita
2145 5065 2356 5119 locutus
2384 5062 2474 5115 sit.
2523 5059 2633 5112 lmo
2673 5070 2798 5109 vero
2831 5054 2898 5107 ab
2923 5066 2987 5105 eo
3031 5061 3335 5115 quaeramus
3379 5052 3438 5097 ut

1872 5175 1970 5212 nos
1996 5158 2201 5220 doceat,
2224 5167 2466 5223 quamam
2500 5164 2620 5203 eum
2642 5160 2801 5201 causa
2846 5144 2910 5197 ad
2939 5143 2989 5197 id
3044 5139 3242 5193 dictum
3270 5138 3437 5205 impu-

1870 5248 2010 5302 lerit.
2040 5246 2177 5312 Quid
2205 5244 2307 5309 ais,
2341 5258 2373 5296 ο
2403 5238 2594 5295 beate?
2633 5236 2916 5290 Hominem
2978 5230 3236 5300 prmdicas
3280 5226 3436 5315 Chri-

1870 5350 2033 5403 stum,
2068 5348 2226 5407 alque
2255 5346 2311 5389 ut
2341 5334 2463 5388 huic
2493 5334 2774 5387 credamus
2800 5327 3015 5388 suades,
3046 5332 3103 5377 ut
3131 5330 3432 5375 creaturam

1869 5434 2095 5487 adorare
2124 5443 2219 5483 nos
2250 5424 2477 5481 doceas?
2503 5422 2661 5491 Atqui
2693 5420 2829 5473 alius
2871 5413 3158 5485 Apostolus
3187 5412 3433 5477 increpat

1868 5540 1979 5588 eos,
2012 5522 2100 5591 qui
2124 5528 2384 5575 creatura:
2418 5514 2618 5571 cultum
2640 5512 2822 5567 volunt
2845 5504 3183 5564 exhibere".
3209 5500 3435 5554 Praeter-

1874 5733 1917 5763 ’³
1956 5727 2126 5785 Galat.
2158 5744 2193 5791 ι,
2228 5728 2272 5780 ι.
2351 5720 2575 5777 “Hebr.
2609 5734 2645 5783 ι,
2673 5718 2724 5772 6.
2801 5713 2845 5747 ³³
2871 5710 3097 5781 Philipp.
3123 5722 3183 5772 ιι,
3220 5705 3302 5769 l0,
3350 5702 3434 5756 11.
