4078 6348
639 386 743 441 279
1631 384 1688 440 S.
1733 383 2004 440 CYRILLI
2043 387 2509 448 ALEXANDRINI
2551 395 2870 452 ARCHIEP.
3778 395 3892 452 280

640 520 702 558 ea
760 501 1028 572 quomodo
1057 504 1175 576 ipse
1198 519 1227 557 a
1246 502 1464 561 Christo
1499 501 1884 574 interrogatus,
1909 520 2201 574 quemnam

2310 511 2594 583 λατρεύειν
2624 515 2902 580 ἐθέλοντας
2926 557 2939 569 .
2964 511 3096 571 Εἶτα
3123 519 3236 582 πῶς
3261 519 3732 592 αύτὸςέρωτηθεὶς
3756 519 3890 590 παρ’

639 595 982 650 existimares
1010 609 1129 650 esse
1158 593 1350 649 Filium
1378 595 1631 660 hominis,
1667 598 1991 666 respondisti
2025 615 2040 654 :
2084 618 2101 650 ι
2128 600 2206 653 Tu

2315 602 2504 668 αὑτοῦ,
2540 606 2662 658 τίνα
2703 607 2952 676 ἐνόμιζες
2985 605 3125 662 εἶναι
3159 610 3250 663 τὸν
3284 611 3411 668 Υίὸν
3444 611 3538 664 τοῦ
3572 610 3887 681 ἀνθρώπω,

640 702 697 740 es
727 684 894 740 Filius
907 685 998 741 Dei
1027 684 1281 740 viventis?
1308 705 1325 738 ι
1371 686 1633 755 siquidem
1657 703 1720 744 ea
1757 698 1884 744 tunc
1916 689 2206 760 interroga-

2310 695 2636 767 ἀπεκρίθης,
2669 715 2686 748 ι
2723 699 2792 750 Σὺ
2825 695 2876 752 εῐ
2898 700 3310 763 ὁΥἱὸςτοῦΘεοῦ
3332 701 3427 755 τοῦ
3447 701 3677 767 ζῶντος;
3711 722 3732 754 ι
3760 699 3887 755 καί-

638 777 715 829 tio
742 775 808 829 iis
842 775 932 842 qui
967 791 1073 831 non
1097 775 1231 831 satis
1258 777 1678 845 dispensationis
1702 780 2017 854 mysterium
2051 798 2206 838 nove-

2309 801 2388 837 τοι
2419 786 2542 840 τότε
2575 790 2607 858 ή
2642 786 2830 853 πεῦσις
2855 791 2968 852 τοῖς
2998 790 3072 861 μὴ
3124 792 3326 861 σφόδρα
3359 793 3523 844 είδόσι
3552 792 3650 860 τῆς
3677 792 3889 844 οἰκονο-

639 872 781 928 rant,
829 861 1060 918 fortasse
1129 863 1362 934 aliquam
1430 864 1742 935 hujusmodi
1820 869 2206 938 cogitationem

2312 875 2443 944 μίας
2466 878 2528 930 τὸ
2571 880 2888 950 μυστήριον,
2945 880 3082 951 τάχα
3112 881 3205 934 καί
3233 898 3353 934 τινα
3385 880 3640 951 τοιαύτην
3670 879 3887 933 ἔννοιαν

637 954 861 1022 injicere
887 963 1122 1024 poterat,
1151 969 1344 1025 nempe
1377 965 1439 1010 ut
1475 971 1599 1011 eum
1632 957 1906 1018 hominem
1939 975 2062 1017 esse
2109 977 2206 1016 ex-

2309 966 2555 1035 έμποιεῖν
2588 968 2841 1037 ἠδύνατο,
2875 968 3019 1036 λέγω
3047 969 3111 1040 δὴ
3136 970 3196 1022 τὸ
3219 968 3505 1040 ἄνθρωπον
3535 969 3696 1022 αὑτὸν
3726 969 3887 1038 νομίσ

636 1048 942 1104 istimarent
971 1067 984 1103 :
1015 1067 1035 1101 ι
1072 1049 1373 1117 Quemnam
1403 1051 1568 1116 enim,
1605 1052 1698 1118 ait,
1731 1054 1975 1111 homines
2023 1055 2206 1114 dicunt

2310 1072 2431 1113 σαι·
2464 1077 2482 1110 ι
2513 1057 2649 1115 Τίνα
2675 1060 2803 1129 γὰρ,
2831 1059 3037 1128 ἔλεγεν,
3067 1062 3114 1112 οἱ
3147 1060 3426 1130 ἄνθρωποι
3457 1061 3708 1129 λέγουσιν
3737 1053 3885 1114 εῐναι

635 1155 753 1196 esse
774 1141 966 1197 Filium
995 1142 1232 1198 hominis
1254 1143 1343 1197 ’3?
1369 1160 1388 1194 ι
1426 1142 1576 1199 Tunc
1606 1143 1768 1213 igitur
1823 1161 1948 1201 cum
1994 1147 2206 1205 audires

2309 1151 2396 1205 τὸν
2432 1151 2560 1203 Υίὸν
2590 1150 2683 1204 τοῦ
2730 1150 3053 1221 ἀνθρώπους
3090 1170 3108 1206 ι
3151 1153 3262 1206 Καὶ
3306 1152 3426 1205 τότε
3477 1153 3576 1220 μὲν
3617 1151 3748 1205 Υίὸν
3777 1152 3882 1203 ἀν-

635 1232 808 1298 ipsum
839 1246 957 1289 esse
990 1232 1184 1287 Filium
1208 1233 1468 1298 hominis,
1495 1233 1592 1288 Dei
1616 1234 1812 1288 Filium
1842 1250 1964 1291 esse
1989 1249 2206 1305 respon-

2309 1238 2523 1309 θρώπου
2551 1240 2764 1294 ἀκούων
2790 1240 2973 1304 αὑτὸν,
3006 1242 3097 1294 τὸν
3121 1241 3246 1294 Υἱὸν
3268 1241 3362 1294 τοῦ
3391 1241 3526 1294 Θεοῦ
3555 1241 3718 1294 αὐτὸν
3737 1238 3883 1293 εἶναι

634 1321 795 1389 disti;
841 1337 982 1376 nunc
1019 1337 1172 1388 vero,
1206 1333 1329 1392 post
1381 1333 1460 1378 tot
1493 1324 1723 1379 aliorum
1771 1326 1943 1380 visam
1967 1327 2202 1381 miracu-

2309 1328 2520 1396 ἔλεγες’
2557 1329 2649 1383 νῦν
2674 1331 2731 1383 δὲ
2759 1333 2896 1402 μετά
2925 1332 2985 1384 τὸ
3017 1332 3192 1386 ἄλλων
3234 1331 3441 1384 πολλῶν
3481 1330 3723 1401 σημείων
3750 1330 3882 1385 θεά·

633 1413 803 1466 lorum
837 1413 1152 1482 potentiam,
1184 1422 1466 1484 postquam
1525 1415 1698 1470 beatae
1737 1413 1976 1483 ejusdem
2025 1431 2202 1473 resur-

635 1504 890 1560 rectionis
906 1513 961 1560 et
987 1505 1041 1559 in
1072 1505 1269 1561 coalum
1302 1507 1506 1563 reditus
1537 1507 1689 1563 testis
1725 1507 1896 1575 fuisti,
1926 1509 2199 1564 hominem

633 1595 808 1664 ipsum
849 1596 1022 1650 dicis?

701 1685 791 1740 20.
827 1684 941 1742 Nec
974 1688 1260 1758 quisquam
1292 1691 1589 1756 existimet,
1615 1693 1918 1747 tuncetiam
1948 1700 2198 1763 tanquam

632 1778 697 1832 de
725 1779 940 1832 homine
956 1781 1196 1849 potuisse
1226 1781 1291 1836 de
1315 1783 1408 1838 illo
1435 1781 1638 1848 dicere,
1690 1803 1710 1835 ι
1744 1784 1822 1841 Tu
1852 1800 1910 1840 es
1951 1784 2200 1841 Christus

2309 1420 2502 1473 σασθαι
2529 1422 2757 1493 δύναμιν
2781 1463 2795 1487 ,
2851 1424 2991 1493 μετά
3038 1423 3098 1476 τὸ
3138 1424 3232 1476 καὶ
3262 1423 3360 1493 τῆς
3408 1423 3680 1493 μακαρίας
3708 1421 3877 1475 αὐτοῦ

2305 1511 2688 1577 ἀναστάσεως,
2727 1513 2944 1583 καὶτῆς
2989 1514 3069 1576 είς
3105 1513 3332 1582 οὐρανὸν
3371 1512 3557 1565 ἀνόδου
3604 1512 3660 1564 έν
3707 1511 3880 1581 πείρᾳ

2305 1604 2576 1672 γενέσθαι,
2608 1604 2894 1675 ἄνθρωπον
2918 1604 3080 1657 αὐτὸν
3107 1599 3246 1657 εἶναι
3271 1603 3451 1672 λέγεις

2375 1701 2444 1746 κ’.
2485 1691 2595 1745 Καὶ
2628 1694 2701 1763 μή
2732 1709 2815 1758 τις
2843 1693 3038 1747 οίέσθω
3069 1693 3330 1747 δύνασθαι
3361 1694 3456 1748 καὶ
3475 1693 3597 1746 τότε
3626 1692 3702 1754 ὡς
3744 1691 3878 1760 περὶ

2302 1783 2589 1855 ἀνθρώπου
2621 1783 2800 1851 λέγειν
2831 1783 2992 1836 αὑτὸν
3018 1783 3101 1848 τὸ,
3143 1801 3160 1834 ι
3192 1784 3264 1836 Σὺ
3296 1778 3348 1836 εῐ
3370 1785 3398 1838 6
3425 1783 3658 1854 Χριστὸς
3684 1783 3712 1834 6
3746 1781 3879 1844 Υίὸς

632 1871 723 1938 qui
756 1882 814 1923 es
853 1869 1023 1927 Filius
1055 1871 1150 1927 Dei
1193 1872 1448 1942 viventis,
1489 1893 1509 1928 ι
1557 1877 1992 1946 quandoquidem
2029 1879 2199 1933 sancti

2309 1874 2397 1927 τοῦ
2428 1873 2562 1927 Θεοῦ
2593 1873 2686 1926 τοῦ
2717 1872 2918 1937 ζῶντος
2943 1915 2958 1940 ,
2992 1893 3010 1924 ι
3045 1874 3120 1937 ὼς
3149 1874 3244 1927 καὶ
3275 1873 3382 1928 τῶν
3409 1874 3576 1942 ἁγίων
3605 1889 3880 1944 χρηματι-

631 1978 846 2034 quoque
869 1965 1116 2018 homines
1143 1964 1236 2018 ﬁlii
1266 1965 1357 2021 Dei
1384 1977 1528 2021 sunt.
1553 1965 1670 2022 Non
1693 1968 1838 2020 enim
1889 1967 2207 2036 simpliciter

633 2054 786 2118 dixit,
818 2053 895 2108 'l‘u
916 2069 974 2110 es
997 2054 1166 2109 Filius
1197 2055 1320 2120 Dei;
1350 2057 1466 2123 sed,
1503 2075 1522 2108 ι
1565 2055 1642 2110 Tn
1675 2071 1755 2121 es,
1779 2059 1868 2126 qui
1897 2058 2066 2115 Filius
2111 2058 2204 2116 Dei

636 2161 715 2200 es.
751 2164 769 2196 ›
814 2145 1056 2215 Namque
1092 2145 1306 2200 articuli
1335 2145 1555 2216 (Graeci)
1599 2148 1828 2218 adjectio
1879 2164 2044 2203 unum
2108 2150 2203 2204 de-

635 2246 903 2294 monstrat
927 2238 1261 2310 unicumqne
1283 2251 1468 2292 verum
1509 2237 1704 2293 Filium
1740 2238 2081 2294 confessione
2112 2239 2208 2296 Pe-

633 2331 698 2383 tri
731 2330 992 2385 denotari.
1053 2328 1189 2384 Huic
1224 2329 1437 2383 demum
1499 2330 1784 2400 objectioni
1845 2331 1958 2400 ipse
2015 2331 2204 2387 beatus

631 2421 823 2475 Petrus
857 2421 938 2476 his
958 2421 1069 2474 fere
1098 2421 1276 2476 verbis
1308 2421 1438 2478 mihi
1484 2421 1696 2476 videtur
1730 2437 2017 2478 occurrere
2063 2439 2076 2474 :
2126 2421 2204 2475 Ne

635 2528 720 2567 me
755 2514 830 2568 ita
866 2514 1098 2568 locutum
1128 2513 1350 2581 putetis,
1402 2513 1559 2583 quasi
1597 2527 1738 2568 unus
1795 2513 1860 2567 de
1925 2513 2077 2568 vobis
2133 2511 2206 2567 sit

634 2607 797 2663 homo
821 2605 1089 2660 Christus.
1119 2605 1273 2659 Haud
1320 2604 1372 2659 id
1425 2604 1676 2674 equidem
1743 2604 1886 2668 dico.
1942 2605 2036 2660 sed
2088 2619 2201 2660 rem

633 2697 824 2750 miram
876 2707 930 2751 et
973 2697 1302 2766 insperatam
1363 2697 1626 2766 prudente
1701 2710 1951 2751 sermone
2002 2697 2200 2752 revelo.

632 2787 890 2852 Quasnam
923 2802 1050 2842 vero
1069 2789 1181 2843 hrec
1212 2789 1328 2843 est?
1355 2787 1591 2858 Spiritus
1652 2788 2040 2844 descendentis
2094 2790 2204 2846 fra-

633 2894 761 2947 gore
781 2879 986 2943 audito,
1013 2878 1324 2934 Judazorum
1372 2879 1601 2949 populus
1636 2880 1703 2934 ad
1739 2896 1838 2935 nos
1866 2882 2102 2936 accurrit
2132 2883 2199 2936 ”.

633 2969 774 3039 Ergo
835 2971 1084 3028 idoneum
1141 2971 1387 3039 piscandi
1440 2971 1687 3026 homines
1740 2981 1951 3040 tempus
1988 2982 2199 3038 nactus,

635 3077 809 3132 neque
844 3071 1018 3116 tamen
1043 3062 1232 3116 valens
1284 3061 1570 3118 manifesto
1612 3063 1923 3131 directoque
1955 3079 2204 3119 sermone

631 3153 904 3208 Christum
934 3153 1096 3210 Deum
1127 3154 1445 3222 prtedicare,
1501 3153 1626 3223 quia
1682 3153 1757 3209 illi
1789 3154 1996 3208 scilicet
2043 3154 2203 3222 paulo
2227 3193 2272 3250 ο

632 3254 758 3299 ante
787 3244 928 3298 hunc
950 3245 1356 3309 crucillxerant,
1415 3243 1812 3312 molestumque
1872 3245 1980 3301 illis
2017 3246 2202 3315 hujus-

633 3335 774 3389 modi
821 3336 1092 3403 negotium
1150 3335 1458 3400 accidisset,
1521 3335 1657 3402 celo,
1701 3336 1894 3406 inquit,
1938 3336 2205 3391 sermonis

634 3428 873 3494 hamum,
910 3426 1068 3483 sicuti
1107 3425 1163 3480 fit
1192 3425 1403 3494 objecta
1427 3425 1662 3495 piscibus
1698 3441 1846 3494 esca,
1879 3427 1981 3482 sub
2011 3429 2202 3482 horum

634 3517 921 3580 verborum
962 3514 1284 3579 humilitate,
1306 3526 1359 3570 et
1385 3514 1567 3570 Jesum
1593 3513 1937 3570 Nazarenum
1981 3517 2206 3571 nomino

633 3619 794 3678 atque
837 3607 1180 3673 cruciﬁxum,
1216 3609 1440 3679 etquod
1479 3609 1622 3663 Deus
1666 3608 1840 3675 ipsum
1889 3623 1920 3662 e
1978 3609 2206 3662 mortuis

632 3699 994 3764 suscitaverit;
1018 3705 1180 3768 atque
1208 3698 1280 3752 ita
1312 3713 1418 3752 non
1449 3698 1565 3752 sine
1599 3697 1863 3752 velamine
1896 3697 2083 3767 ingero
2107 3713 2206 3754 nec

633 3794 749 3847 sine
774 3801 890 3846 arte
919 3792 1152 3862 quadam
1190 3789 1545 3859 theologicam
1584 3789 1728 3845 illius
1793 3790 2063 3844 notitiam.
2115 3790 2206 3844 Et-

632 3885 779 3939 enim
806 3882 1022 3938 Davidis
1061 3881 1226 3936 verba
1260 3881 1314 3935 in
1349 3890 1586 3936 mentem
1617 3881 1750 3950 ipsis
1800 3895 2016 3945 revoco,
2068 3896 2207 3951 quo-

634 3973 780 4028 niam
804 3973 904 4026 viri
937 3971 1079 4028 illius
1109 3971 1286 4040 potius
1338 3971 1559 4026 oracula
1601 3971 1718 4025 sine
1775 3971 2085 4038 suspicione
2119 3975 2208 4024 ad-

633 4063 952 4127 mittebant;
1016 4076 1220 4133 perque
1282 4075 1344 4115 ea
1408 4076 1534 4115 mox
1617 4061 1800 4118 omnia
1866 4060 1960 4115 Dei
2020 4061 2204 4115 virtuti

635 4152 896 4219 attribuo,
927 4161 987 4227 ut
1017 4152 1094 4209 sic
1135 4152 1394 4222 paulatim
1428 4151 1642 4208 Judaeos
1688 4151 1884 4207 faciam
1913 4151 2206 4207 salutarem

635 4246 932 4302 doctrinam
971 4246 1248 4313 recipere:
1282 4260 1389 4315 quo
1414 4243 1578 4310 facto,
1609 4244 1784 4312 iisque
1832 4244 1899 4297 ad
1946 4259 2208 4314 compun-

637 4339 870 4396 ctionem
907 4335 1205 4403 conversis,
1228 4335 1564 4392 manifestius
1587 4335 1779 4390 deinde
1825 4334 1993 4389 Deum
2029 4336 2206 4404 ipsum

636 4429 952 4486 demonstro
1007 4441 1104 4498 per
1157 4426 1315 4494 hujus
1363 4426 1618 4495 baptismi
1692 4424 1745 4480 in
1822 4425 1940 4495 ejus
1990 4429 2209 4482 nomine

2307 1964 2506 2028 ζόντων
2534 1963 2666 2016 υἱῶν
2687 1963 2842 2016 Θεοῦ
2869 1963 2930 2016 οὺ
2951 1964 3059 2034 γὰρ
3087 1963 3272 2026 ἁπλῶς
3297 1959 3471 2027 εἶπεν,
3497 1964 3568 2016 Σὺ
3593 1963 3718 2024 Υἱὸς
3739 1961 3880 2015 Θεοῦ

2306 2051 2375 2119 εῐ,
2401 2056 2557 2121 ἀλλὰ,
2578 2076 2594 2106 ι
2615 2056 2684 2108 Σὺ
2700 2051 2750 2108 εἷ
2775 2058 2802 2109 6
2827 2055 2954 2118 Υἱὸς
2987 2054 3079 2108 τοῦ
3111 2054 3264 2108 Θεοῦο
3300 2073 3317 2104 ι
3345 2057 3379 2125 ὴ
3410 2054 3519 2124 γὰρ
3547 2053 3642 2106 τοῦ
3671 2053 3878 2124 ἄρθρου

2305 2148 2587 2219 προσθήκη
2626 2148 2703 2218 (l)
2737 2147 2974 2202 δείκνυσι
3006 2148 3097 2200 τὸν
3122 2145 3220 2200 ’ἕνα
3268 2147 3361 2200 καὶ
3402 2145 3565 2217 μόνον
3621 2144 3880 2215 ἀληθινὸν

2305 2240 2434 2294 Υιὸν
2465 2239 2797 2310 ὁμολογῆσαι
2825 2239 2915 2293 τὸν
2943 2240 3168 2310 Πέτρον.
3203 2239 3348 2310 Πρὸς
3387 2237 3559 2291 ταῦτα
3605 2236 3664 2289 δὲ
3700 2235 3881 2288 τοιού-

2304 2347 2418 2394 τοις
2462 2331 2744 2401 μονονουχὶ
2777 2329 2940 2393 αὐτὸς
2966 2331 2993 2383 6
3027 2329 3295 2400 μακάριος
3329 2330 3532 2400 Πέτρος
3563 2329 3882 2397 ἀπήντησεν

2303 2421 2370 2475 ἂν
2409 2424 2679 2492 ῥήμασιν·
2712 2423 2802 2494 Μὴ
2846 2420 3009 2476 τοῦτο
3053 2421 3314 2493 νομίσητέ
3351 2437 3417 2492 με
3449 2421 3762 2490 εἰρηκέναι,
3792 2419 3882 2471 δτι

2303 2530 2410 2581 περ
2457 2513 2741 2583 ἄνθρωπος
2785 2511 2906 2565 καθ’
2935 2514 3081 2583 ἡμᾶς
3114 2507 3194 2576 εἷς
3231 2513 3378 2566 ἐστιν
3432 2512 3460 2564 6
3502 2511 3736 2582 Χριστός
3759 2528 3773 2542 ο
3812 2510 3880 2563 οὐ

2303 2602 2458 2656 τοῦτό
2494 2603 2641 2656 ἐστιν
2669 2605 2696 2657 ὅ
2728 2620 2871 2674 φημι
2891 2619 2906 2636 ο
2942 2606 3170 2674 πρᾶγμα
3198 2603 3254 2659 δέ
3280 2621 3333 2656 τι
3361 2603 3630 2673 οίκονομῶ
3661 2602 3886 2672 θαυμα-

2306 2696 2452 2759 στὸν,
2478 2696 2572 2749 καὶ
2601 2694 2904 2766 παράδοξον
2922 2713 2935 2727 ο
2966 2695 3061 2748 καὶ
3091 2698 3243 2748 ποῖον
3271 2694 3430 2749 τοῦτό
3456 2697 3605 2759 tam;
3634 2694 3712 2764 Τῇ
3739 2692 3888 2747 καθ-

2303 2787 2410 2858 ὁδῳ
2435 2787 2528 2840 τοῦ
2563 2788 2703 2844 Πνεύ
2714 2804 2880 2858 ματος
2911 2787 3269 2858 περιηχηθεὶς
3290 2787 3402 2840 τῶν
3441 2787 3708 2840 Ἰουδαίων
3727 2787 3755 2838 6
3783 2784 3889 2855 δῆ-

2307 2893 2435 2946 μος,
2498 2877 2832 2947 συνέδραμεν
2898 2876 3035 2947 πρὸς
3082 2879 3257 2949 ἡμᾶς·
3317 2875 3493 2947 εὑρὼν
3542 2873 3634 2930 οὖν
3685 2875 3887 2945 καιρὸν

2304 2969 2491 3032 ἀλείας
2536 2968 2838 3038 ἀνθρώπων
2875 2964 3013 3022 εἶναι
3057 2969 3210 3034 τότε,
3261 2964 3377 3022 εἶτα
3406 2968 3659 3038 φανερῶς
3692 2968 3890 3031 αὐτοῖς

2305 3060 2399 3112 καὶ
2424 3060 2516 3111 ἀπ’
2546 3058 2760 3122 εὐθείας
2787 3060 2846 3110 ού
2879 3058 3176 3128 δυνάμενος
3204 3058 3296 3112 τὸν
3321 3059 3557 3130 Χριστὸν
3585 3058 3716 3111 Θεὸν
3743 3059 3890 3111 ἀνα-

2304 3149 2625 3220 κηρύττειν,
2659 3149 2890 3221 ἐπείπερ
2933 3150 3094 3204 αὑτὸν
3123 3150 3229 3220 πρὸ
3261 3149 3440 3217 ὀλίγου
3467 3148 3892 3220 σταυρώσαντες

2305 3238 2466 3311 ἦσαν,
2485 3241 2579 3293 καὶ
2606 3239 2744 3311 βαρὺ
2766 3243 2949 3305 αὐτοῖς
2969 3241 3056 3295 διά
3082 3241 3240 3295 τοῦτο
3259 3242 3319 3295 τὸ
3346 3243 3578 3313 πρᾶγμα
3605 3241 3891 3311 έφαὶνετο,

2307 3332 2537 3403 κρύπτω
2565 3332 2631 3384 τὸ
2659 3333 2955 3403 ἄγκιστρον
2983 3333 3076 3386 τοῦ
3109 3333 3302 3400 λόγου,
3346 3334 3600 3404 καθάπερ
3649 3334 3739 3386 ἐπὶ
3766 3330 3897 3387 τῶν

2308 3424 2507 3494 ἰχθύων
2552 3427 2618 3494 τῇ
2663 3426 2872 3494 τροφῇ,
2907 3425 3022 3487 τοῖς
3055 3424 3475 3494 ταπεινωτέροις
3516 3424 3725 3488 τούτοις
3773 3426 3891 3494 ῥή-

2310 3533 2479 3587 μασι,
2531 3515 2626 3568 καὶ
2677 3514 2768 3568 τὸν
2821 3514 3023 3585 Ἰησοῦν
3070 3514 3392 3586 Ναζωραῖον
3449 3515 3729 3586 ιίδομάζω,
3780 3518 3896 3568 καὶ

2307 3606 2746 3676 ἐσταυρωμένον,
2783 3606 2878 3659 κα)⁵
2909 3606 2989 3659 ὅτι
3018 3608 3046 3659 6
3073 3607 3204 3668 Θεὸς
3236 3607 3459 3676 ἤγειρεν
3497 3606 3659 3659 αὑτὸν
3690 3606 3753 3660 ἐκ
3793 3623 3896 3658 νε·

2309 3698 2477 3768 κρῶν,
2536 3698 2630 3750 καὶ
2679 3697 2822 3750 οὕτω
2882 3697 3309 3768 κεκαλυμμένως
3356 3698 3595 3767 εἰσφέρω
3644 3697 3736 3750 καὶ
3778 3697 3899 3767 τὴν

2310 3789 2586 3857 θεολογίαν
2637 3787 2839 3851 αὑτοῦ,
2881 3789 2976 3841 καὶ
3019 3787 3224 3859 ταύτην
3273 3789 3412 3858 μετά
3457 3805 3600 3851 τινος
3651 3788 3896 3856 τέχνης·

2307 3881 2435 3943 τοὺς
2473 3881 2578 3951 γὰρ
2607 3880 2770 3933 Δαϐὶδ
2820 3879 3018 3942 αὐτοὺς
3065 3881 3468 3950 ὑπομιμνῄσκω
3495 3879 3706 3948 λόγους,
3737 3879 3904 3931 trra!-

2311 3989 2415 4042 περ
2454 3974 2522 4024 τὰ
2560 3971 2773 4024 ἐκείνου
2809 3970 3007 4041 μᾶλλον
3035 3972 3360 4034 ἀνυπόπτως
3391 3971 3653 4040 ἐδέχοντο,
3681 3970 3773 4024 καὶ
3817 3972 3901 4024 δι’

2311 4063 2536 4115 ἐκείνων
2582 4063 2745 4116 πάλιν
2791 4066 2858 4134 τῇ
2904 4061 2999 4116 τοῦ
3047 4062 3181 4116 Θεοῦ
3227 4061 3452 4133 δυνάμει
3496 4064 3556 4114 τὸ
3609 4064 3714 4115 πᾶν
3757 4062 3905 4116 ἀναν

2309 4154 2536 4224 τίθημι,
2571 4156 2658 4206 ἵνα
2687 4155 2828 4206 οὓτω
2866 4155 3005 4208 κατά
3037 4153 3231 4224 μικρὸν
3258 4155 3454 4218 αὐτοὺς
3487 4154 3905 4220 καταδέξασθαι

2313 4245 2522 4313 ποιήσω
2545 4244 2604 4296 τὸ
2635 4245 2903 4314 σωτήριον
2929 4245 3222 4314 κήρυγμα·
3250 4236 3310 4296 οὗ
3340 4243 3405 4316 δὴ
3438 4245 3752 4314 γενομένου,
3785 4245 3906 4297 καὶ

2311 4336 2390 4397 είς
2433 4335 2724 4399 κατάνυξιν
2780 4335 3043 4389 ἐλθόντων
3091 4334 3288 4400 αὐτῶν,
3345 4335 3724 4405 φανερώτερόν
3761 4351 3904 4399 πως

2314 4427 2478 4480 αὑτὸν
2505 4424 2691 4478 λοιπὸν
2719 4425 2850 4477 Θεὸν
2885 4426 3137 4491 ἐπιδείξω
3161 4425 3246 4480 διά
3268 4429 3366 4497 τῆς
3391 4426 3485 4480 τοῦ
3515 4426 3909 4496 βαπτίσματος

637 4519 950 4578 conferendi
985 4518 1358 4584 indictionem,
1381 4518 1579 4575 docens
1605 4517 1764 4573 simul
1791 4517 1841 4572 vi
1893 4518 2051 4588 hujus
2089 4519 2202 4574 fieri

2311 4519 2500 4574 τούτου
2523 4519 2604 4582 εις
2626 4519 2687 4572 τὸ
2704 4519 3053 4589 δνομααὺτοῦ
3083 4522 3458 4593 προστάξεως,
3486 4521 3677 4590 ἄφεσιν
3702 4522 3908 4592 ἀμαρ-

638 4623 980 4681 peccatorum
1000 4611 1400 4667 remissionem.

709 4701 805 4772 2t.
825 4699 994 4756 Porro
1023 4699 1393 4760 animadverte
1422 4700 1769 4770 apostolicam
1842 4702 2203 4771 prudentiam.

646 4811 664 4846 ι
705 4790 890 4847 Jesum
921 4790 1052 4846 dicit
1088 4790 1641 4852 Nazarenum.virum
1669 4791 2022 4860 approbatum
2052 4811 2078 4847 a
2101 4795 2207 4848 Deo

643 4883 784 4936 inter
812 4895 906 4936 vos
935 4881 1230 4936 virtutibus
1268 4889 1318 4936 et
1352 4879 1543 4953 ιήως
1560 4881 1820 4952 prodigiis
1853 4892 2015 4952 atque
2040 4886 2209 4955 signis

643 4987 763 5040 quae
802 4986 898 5040 per
927 4986 1047 5026 eum
1076 4971 1212 5027 fecit
1233 4970 1375 5027 Deus
1404 4971 1456 5026 in
1488 4973 1664 5027 medio
1721 4974 1886 5028 vestri
1913 4975 1952 5029 ί.
1985 4994 2004 5027 ι
2058 4975 2123 5030 Ει
2180 4992 2209 5030 a

643 5064 753 5118 Deo
787 5063 1140 5134 approbatum
1164 5063 1316 5129 dicit,
1341 5074 1393 5118 et
1430 5063 1595 5119 Deum
1631 5065 1742 5119 haec
1768 5079 1863 5132 per
1891 5066 2036 5120 illum
2067 5070 2209 5138 egis-

643 5170 724 5219 se,
762 5166 818 5208 ut
859 5155 1018 5211 Patre
1050 5156 1328 5211 nominato
1356 5157 1708 5224 persuaderet
1741 5157 1843 5212 illis
1896 5173 2003 5227 quo
2033 5161 2209 5229 ipsum

643 5259 857 5313 quoque
903 5242 1082 5299 Jesum
1114 5253 1277 5314 atque
1332 5243 1447 5313 ejus
1488 5259 1650 5315 opera
1689 5245 2058 5312 admitterent,
2114 5264 2210 5303 cen

645 5335 758 5402 illo,
789 5334 838 5388 id
866 5344 947 5389 est
967 5333 1143 5398 Patre,
1170 5335 1283 5390 [nec
1296 5344 1484 5406 agente
1502 5350 1595 5404 per
1616 5335 1842 5389 Filium:
1871 5355 1887 5387 ι
1911 5336 2038 5403 Qua:
2058 5337 2209 5403 fecit,

645 5425 740 5489 ait,
772 5442 867 5495 per
902 5426 1074 5494 ipsum
1109 5427 1272 5482 Deus.
1303 5446 1322 5481 ι
1349 5427 1548 5484 Deinde
1584 5439 1882 5483 memorata
1919 5444 2100 5495 cruce,
2131 5446 2212 5484 rc-

719 5607 762 5640 ⁸³
790 5606 976 5661 Matth.
1017 5622 1126 5671 tm,
1166 5607 1250 5661 l5.
1323 5610 1368 5640 "
1394 5607 1510 5661 Act.
1545 5624 1600 5673 ιι,
1635 5606 1668 5664 6
1694 5622 1844 5678 seqq.
1925 5609 2094 5664 'ihid.
2122 5611 2210 5665 9.2.

2317 4613 2444 4666 τιῶν
2494 4613 2673 4674 αὐτοῖς
2719 4612 2908 4665 τούτου
2945 4613 3261 4683 χαρίζεσθαι
3307 4614 3604 4683 δυναμένου
3644 4611 3906 4678 διδάξας.

2384 4703 2490 4757 κα’.
2533 4705 2640 4758 Καὶ
2664 4706 2765 4775 ὅρα
2794 4705 3005 4758 σύνεσιν
3037 4707 3398 4777 ἀποστολικήν
3421 4723 3433 4735 ·
3472 4725 3489 4756 ι
3529 4703 3752 4775 Ἰησοῦν,
3788 4722 3910 4773 φη.

2318 4798 2425 4861 σιν,
2453 4795 2540 4848 τὸν
2586 4797 2924 4867 Ναζωραῖον,
2958 4797 3124 4868 ἄνδρα
3163 4797 3613 4866 ἀποδεδειγμένον
3641 4796 3746 4849 ἀπὸ
3785 4798 3906 4850 τοῦ

2317 4887 2452 4939 Θεοῦ
2477 4888 2556 4949 εἰς
2587 4887 2731 4956 ὑμᾶς
2756 4887 3016 4957 δυνάμεσι
3043 4888 3137 4941 καὶ
3161 4887 3350 4958 τέρασι
3387 4889 3477 4940 καὶ
3513 4886 3778 4957 σημείοις,
3809 4880 3908 4951 οἷς

2319 4979 2574 5048 ἐποίησεν
2601 4979 2667 5031 δι’
2695 4977 2861 5032 αὑτοῦ
2893 4983 2921 5032 6
2948 4979 3078 5042 Θεὸς
3106 4982 3163 5032 ὲν
3198 4981 3347 5050 μέσῳ
3380 4979 3556 5050 ὑμῶν.
3595 4998 3612 5029 ι
3641 4975 3748 5030 Καὶ
3773 4976 3908 5030 ἀπὸ

2319 5072 2452 5125 Θεοῦ
2507 5073 2951 5144 ἀποδεδειγμένον
2985 5074 3148 5142 λέγει,
3183 5075 3274 5126 καὶ
3322 5073 3413 5126 τὸν
3452 5072 3581 5125 Θεὸν
3609 5069 3780 5125 ταῦτα
3833 5072 3907 5125 :t'

2321 5165 2484 5218 αὑτοῦ
2513 5166 2881 5235 ἐνεργήσαντα
2907 5207 2920 5227 ,
2952 5167 3039 5219 ἵνα
3064 5169 3128 5236 τῇ
3170 5166 3264 5218 τοῦ
3293 5165 3502 5235 [ἰατρὸς
3545 5167 3911 5236 προσηγορέᾳ

2324 5255 2486 5324 πείσῃ
2505 5257 2723 5320 αὐτοὺς,
2748 5256 2841 5309 καὶ
2859 5257 3019 5309 αὑτὸν
3032 5256 3121 5309 τὸν
3138 5254 3342 5327 Ἰησοῦν
3363 5256 3454 5307 καὶ
3477 5253 3546 5308 τὰ
3566 5255 3702 5326 ἔργα
3720 5253 3907 5308 αὑτοῦ

2321 5346 2732 5410 καταδέξασθαι,
2767 5348 2841 5410 ὡς
2870 5348 3078 5400 ἐκείνου
3104 5348 3170 5400 δι’
3201 5346 3365 5401 αὐτοῦ
3389 5346 3558 5399 ταῦτα
3586 5345 3904 5408 ποιοῦντος,

2319 5436 2461 5505 λέγω
2490 5437 2552 5508 δὴ
2583 5439 2673 5492 τοῦ
2712 5441 2951 5510 Πατρόςο
2991 5459 3006 5491 ι
3038 5433 3130 5503 υἷς
3152 5438 3402 5509 ἐποίησεν
3437 5437 3561 5507 γὰρ,
3597 5437 3784 5507 φησὶν,
3830 5436 3907 5490 δι’

718 5774 794 5851 υ)
831 5769 976 5826 Hanc
1024 5770 1428 5840 siguilicativam
1484 5774 1588 5825 vim
1629 5771 1786 5827 huhet
1841 5768 1940 5826 huc
1995 5771 2110 5828 loco
2151 5772 2368 5829 Graecus
2405 5771 2662 5828 articulus
2691 5773 2740 5830 6.
