4078 6348
199 393 288 447 281

1288 395 1476 462 QUOD
1509 398 1569 451 Β.
1614 398 1829 455 MARIA
1871 400 1977 454 SIT
2022 402 2345 461 DEIPARA.

3330 396 3437 451 282

198 504 360 558 αὑτοῦ
396 506 425 557 6
456 504 607 569 Θεός.
634 522 653 556 ι
687 502 818 559 Εἶτα
853 506 946 559 τοῦ
977 506 1208 579 σταυροῦ
1238 511 1640 581 μνημονεύσας,
1672 512 1767 565 καὶ

1887 518 2267 572 surrectioncm
2298 531 2511 587 quoque
2544 519 2596 571 in
2645 516 2882 571 medium
2932 513 3172 575 adducit,
3213 520 3262 566 et
3297 516 3437 564 banc

198 597 293 666 τὴν
328 595 627 648 ἀνάστασιν
676 595 916 666 εἰσφέρει
939 638 952 661 ,
990 598 1086 655 καὶ
1128 597 1328 681 ταύτην
1377 602 1452 664 ὡς
1488 602 1641 671 παρὰ
1678 600 1769 656 τοῦ

204 685 413 755 Πατρὸς
462 685 622 738 πάλιν
669 688 1079 757 γεγενημένην,
1122 688 1208 741 ἵνα
1242 690 1329 743 διὰ
1373 692 1562 743 τούτου
1611 692 1771 745 πάλιν

202 775 291 827 καὶ
325 774 495 845 αὐτὴν
534 774 731 837 αὐτοὺς
777 776 1173 842 καταδέξασθαι
1204 782 1431 849 ποιήσῃ·
1471 783 1565 833 καὶ
1590 782 1772 835 λοιπὸν

202 864 348 917 ὥσπε
359 882 389 934 ρ
414 864 842 935 κεκαλυμμὲνως
878 866 1059 929 αὐτοῖς
1088 870 1182 920 καὶ
1219 869 1319 938 τὴν
1345 869 1627 938 θεολογίαν
1656 874 1771 924 εἰσ-

203 958 379 1029 φέρει·
410 957 648 1028 είρηκὼς
679 958 807 1027 γὰρ,
831 977 848 1007 ι
866 958 961 1009 "Ov
980 960 1007 1009 6
1029 958 1158 1021 Θεὸς
1174 960 1469 1029 ἀνέστησεν
1488 961 1652 1025 λύσας
1675 963 1774 1026 τὰς

201 1049 393 1113 ὠδῖνας
413 1050 506 1102 τοῦ
528 1050 811 1111 Θανάτου.»
836 1048 1050 1116 ἐπάγει·
1090 1068 1108 1101 ι
1133 1051 1269 1105 Καθ’
1290 1052 1372 1105 ὅτι
1392 1053 1490 1104 ούκ
1520 1048 1588 1123 ἦν
1612 1054 1773 1107 δυνα-

201 1141 289 1194 τὸν
319 1140 638 1210 κρατεῖσθαι
671 1139 833 1193 αὑτὸν
869 1141 959 1192 ὑπ’
984 1141 1171 1195 αὐτοῦ.
1213 1161 1230 1194 ι
1259 1142 1455 1197 Οὐκέτι
1488 1144 1671 1197 λοιπὸν
1699 1146 1773 1209 ὡς

204 1232 333 1301 περὶ
357 1230 639 1301 ἀνθρώπου
657 1231 813 1283 τοῦτο
833 1249 845 1262 ·
862 1233 908 1285 εί
925 1233 1031 1303 γὰρ
1051 1233 1146 1287 ἄνθ
1157 1251 1334 1303 ρωπος
1352 1230 1440 1305 ἦν,
1457 1236 1673 1299 πάντως
1694 1237 1774 1289 ὅτι

204 1323 294 1373 καὶ
322 1321 635 1392 κρατεῖσθαι
665 1320 895 1391 ήδύνατο
916 1324 1020 1376 ὑπὸ
1050 1325 1142 1377 τοῦ
1172 1324 1431 1378 θανάτου·
1457 1327 1593 1380 ἀλλὰ
1617 1327 1776 1380 τοῦτο

205 1411 441 1481 είρηκὼς
468 1452 482 1475 ,
516 1411 851 1481 καταφεύγει
896 1415 1105 1483 ταχέως
1152 1416 1245 1469 ἐπὶ
1284 1416 1383 1485 τὴν
1430 1417 1775 1487 προφητικὴν

208 1500 533 1570 μαρτυρίαν,
560 1501 646 1552 ἴνα
678 1502 876 1571 μηκέτι
901 1502 976 1563 ὡς
999 1504 1130 1572 παρ’
1162 1503 1348 1567 αὑτοῦ,
1373 1506 1506 1558 ἀλλὰ
1526 1507 1601 1572 ὡς
1626 1507 1776 1578 παρὰ

204 1592 297 1645 τοῦ
332 1592 614 1663 προφήτου
650 1592 849 1661 μᾶλλον
897 1593 1208 1657 ἀκούοντες,
1241 1596 1649 1667 προθυμότερον
1688 1598 1775 1650 δέ-

206 1682 403 1748 ξωνται
438 1682 498 1735 τὸ
522 1682 844 1752 λεγόμενον·
883 1683 977 1735 καί
1013 1700 1211 1754 φησιν·
1247 1705 1264 1735 ι
1292 1684 1457 1737 Δαὸὶδ
1486 1686 1595 1756 γὰρ
1628 1686 1777 1754 λέγει

203 1774 282 1837 είς
300 1772 493 1827 αὐτόν·
518 1772 909 1843 Προεωρώμην
934 1773 1024 1825 τὸν
1058 1773 1261 1841 Κύριον
1288 1774 1516 1828 ἐνώπιόν
1550 1794 1650 1845 μου
1688 1778 1775 1831 διὰ

1873 605 1998 658 item
2032 616 2284 677 tanquam
2318 625 2345 661 a
2387 606 2548 662 Patre
2583 605 2868 672 effectam;
2908 616 2969 658 ut
3017 600 3437 659 resurrectionis

1874 711 2035 751 causa
2064 714 2279 753 crucem
2314 714 2524 767 quoque
2553 700 2620 754 ab
2644 700 2710 752 iis
2739 696 2948 751 admitti
2993 702 3229 750 curaret.
3288 692 3439 744 Dein-

1874 797 1999 851 ceps
2024 784 2303 839 veroclam
2331 786 2494 839 veluti
2546 786 2715 854 ipsius
2774 783 3133 853 theologicam
3192 780 3439 835 notitiam

1874 874 2134 931 insinuat.
2172 876 2306 930 Nam
2337 892 2459 931 cum
2486 877 2767 940 dixisset,c
2799 876 2965 941 Quem
2996 874 3137 928 Deus
3160 872 3443 926 suscitavit

1874 965 2062 1021 solutis
2097 968 2287 1021 mortis
2313 968 2614 1032 doloribus,
2642 986 2661 1021 ι
2700 966 2876 1029 addit,
2900 984 2917 1017 ι
2950 966 3087 1031 Quia
3112 961 3445 1031 impossibile

1874 1067 1992 1112 erat
2026 1059 2167 1113 hunc
2193 1060 2262 1113 ab
2292 1060 2379 1113 illa
2411 1062 2581 1114 teneri
2614 1063 2657 1117 ’.
2691 1078 2711 1111 ι
2747 1058 2883 1113 Ecce
2905 1058 3046 1111 haud
3095 1056 3208 1124 jam
3244 1053 3444 1107 diutius

1876 1158 2131 1216 tanquam
2163 1149 2230 1204 de
2253 1150 2473 1204 homine
2499 1150 2737 1219 loquitur
2770 1167 2784 1204 :
2814 1162 2934 1203 nam
2966 1148 3011 1201 si
3044 1148 3203 1200 homo
3232 1144 3443 1203 fuisset.

1876 1254 2096 1307 prorsus
2160 1256 2186 1294 a
2222 1250 2395 1295 morte
2443 1242 2664 1295 retineri
2724 1248 2933 1309 poterat
2963 1256 2975 1291 :
3009 1238 3125 1302 sed,
3156 1238 3257 1291 hoc
3279 1236 3446 1300 dicto,

1875 1329 2115 1398 confugit
2142 1331 2324 1384 statim
2351 1331 2416 1384 ad
2437 1331 2805 1400 propheticum
2843 1330 3233 1391 testimonium,
3264 1326 3446 1393 utjam

1876 1437 1981 1475 non
2045 1422 2112 1475 ab
2172 1422 2307 1490 ipso,
2336 1424 2429 1475 sed
2496 1435 2528 1477 a
2596 1422 2859 1489 propheta
2934 1421 3110 1489 potius
3146 1417 3446 1481 audientes,

1874 1514 2174 1582 promptius
2202 1514 2345 1566 dicta
2389 1512 2718 1579 exciperent,
2750 1513 2977 1581 aitque:
3015 1528 3034 1561 ‹
3086 1509 3255 1563 David
3304 1508 3447 1561 enim

1876 1603 2007 1657 dicit
2052 1606 2118 1657 de
2153 1618 2247 1657 eo:
2278 1603 2632 1660 Providebam
2667 1605 2951 1658 Dominum
2981 1616 3160 1656 coram
3192 1613 3277 1653 me
3303 1611 3448 1654 sem-

1876 1710 1971 1764 per
1989 1694 2028 1759 ⁸,
2070 1713 2088 1745 ι
2121 1703 2173 1749 et
2198 1694 2423 1763 reliqua.
2449 1694 2835 1750 Animadverte
2856 1702 3057 1762 quanto
3080 1691 3307 1745 artificio
3333 1703 3449 1743 ser‘

1878 1800 2089 1839 monem
2116 1786 2181 1838 de
2209 1786 2433 1840 Domino
2460 1789 2597 1855 apud
2635 1801 2730 1840 eos
2771 1785 2917 1839 facit.
2955 1783 3177 1847 Deinde,
3215 1780 3453 1835 testimo-

203 1864 402 1927 παντός
422 1880 436 1894 ·
472 1880 491 1912 ι
519 1864 610 1915 καὶ
639 1863 704 1915 τὰ
726 1862 872 1931 ἑξῆς.
893 1863 1032 1932 Ὀρα
1064 1862 1181 1929 μεθ’
1213 1864 1343 1934 ὅσης
1364 1866 1563 1935 τέχνης
1593 1869 1776 1932 αὐτοῖς

1887 1875 1967 1927 nio
2017 1874 2290 1939 absoluto,
2352 1892 2539 1931 rursus
2577 1878 2790 1931 illorum
2840 1875 3197 1943 cogitationes
3245 1882 3454 1934 compe-

202 1952 298 2021 τὴν
338 1951 699 2021 Κυριολογίαν
754 1953 1079 2021 είσήγαγεν·
1156 1948 1274 2008 εἶτα
1321 1955 1417 2025 τὴν
1465 1960 1773 2029 μαρτυρίαν

202 2038 518 2109 πληρώσας,
550 2040 710 2093 πάλιν
749 2040 927 2093 αὐτῶν
962 2040 1150 2111 ὥσπερ
1188 2042 1278 2095 τὸν
1312 2042 1570 2115 λογισμὸν
1606 2064 1775 2101 κατα-

207 2128 462 2193 στέλλων,
502 2130 797 2201 ἐπειδήπερ
854 2131 1227 2202 φανερώτερον
1279 2134 1440 2190 αὐτὸν
1489 2135 1776 2205 ὲθεολόγει,

203 2220 295 2272 ἐπὶ
322 2220 423 2290 τὴν
457 2220 551 2273 τοῦ
584 2222 791 2292 Πατρὸς
824 2222 985 2274 πάλιν
1026 2224 1352 2294 κατατρέχει
1387 2230 1776 2297 προσηγορίαν,

204 2311 298 2365 καί
352 2328 543 2382 φησιν·
579 2331 597 2363 ι
645 2314 928 2382 Ἀσφαλῶς
979 2309 1071 2367 οὖν
1109 2317 1422 2382 γινωσκέτω
1471 2320 1577 2379 πᾶς
1630 2316 1776 2383 οἶκος

215 2403 454 2474 Ἰσραήλ,
486 2406 565 2458 ότι
598 2407 691 2458 καὶ
714 2406 919 2474 Κύριον
946 2408 1037 2458 καὶ
1072 2407 1304 2476 Χριστὸν
1338 2408 1365 2457 6
1390 2407 1519 2471 Θεὸς
1552 2410 1776 2481 ἐποίησε

203 2493 394 2548 τοῦτον
442 2497 533 2548 τὸν
591 2495 813 2565 Ἰησοῦν,
860 2496 917 2547 δν
964 2496 1121 2564 ὑμεῖς
1168 2496 1571 2567 ἐσταυρώσατε·
1614 2520 1631 2552 ι
1686 2504 1778 2555 καὶ

206 2585 545 2655 αἰτησάντων
580 2586 759 2639 αὐτῶν
785 2586 970 2639 λοιπὸν
995 2586 1241 2648 ἐκείνων,
1277 2589 1329 2639 τί
1363 2590 1587 2659 ποιῆσαι
1618 2591 1779 2660 ὤφει-

204 2677 318 2740 λον,
364 2678 723 2746 βαπτισθῆναι
757 2679 940 2741 αὐτοῖς
966 2677 1298 2748 προσέταξεν
1332 2680 1422 2732 ἐπὶ
1450 2681 1528 2751 τῷ
1557 2682 1780 2752 ὀνόματι

205 2767 396 2833 αὑτοῦ,
430 2769 525 2820 καὶ
566 2770 758 2837 ἄφεσιν
793 2770 1075 2840 ἁμαρτιῶν
1109 2770 1194 2824 διὰ
1232 2771 1422 2823 τούτου
1449 2772 1776 2843 λαμϐάνειν·

1881 1982 2058 2031 scens,
2085 1969 2210 2037 quia
2249 1968 2521 2038 apertiore
2556 1968 2822 2037 theologia
2845 1969 2911 2022 de
2936 1964 3061 2021 Jesu
3092 1964 3301 2018 locutus
3347 1962 3456 2014 fue-

1881 2066 1983 2119 rat,
2020 2054 2085 2109 ad
2110 2056 2326 2111 Patrem
2356 2059 2530 2112 denuo
2563 2058 2818 2114 transfert
2874 2067 3200 2117 sermonem,
3228 2051 3406 2118 aitque
3437 2065 3450 2101 :

1888 2168 1906 2201 ι
1944 2149 2103 2204 Certo
2136 2149 2299 2219 igitur
2330 2150 2465 2203 sciat
2491 2151 2740 2203 universa
2765 2148 2983 2203 Israelis
3039 2146 3266 2205 domus,
3314 2140 3454 2208 quod

1882 2249 1937 2294 ct
1965 2240 2247 2295 Dominum
2275 2251 2329 2293 et
2358 2239 2634 2294 Christum
2687 2240 2827 2294 Deus
2871 2238 3065 2295 fecerit
3108 2236 3250 2289 hunc
3297 2246 3456 2299 quem

1887 2347 1985 2384 vos
2011 2332 2361 2388 crucitixistis
2397 2331 2583 2387 Jesum
2613 2334 2658 2389 ⁸,
2700 2351 2719 2385 ι
2748 2331 2860 2385 Illis
2879 2344 3010 2384 vero
3040 2335 3224 2396 postea
3275 2336 3462 2391 rogan-

1888 2423 2031 2476 tibus
2055 2425 2181 2493 quid
2211 2424 2357 2479 factu
2402 2441 2539 2495 Opus
2578 2434 2757 2488 esset,
2782 2421 3049 2492 baptizari
3071 2433 3166 2473 eos
3221 2415 3381 2485 jussit
3408 2412 3459 2467 in

1887 2512 2104 2566 nomine
2132 2513 2296 2579 illius,
2322 2524 2370 2567 et
2392 2524 2733 2583 peccatorum
2760 2512 3133 2568 remissionem
3186 2520 3281 2574 per
3307 2517 3461 2560 eum-

1886 2602 2008 2656 dem
2038 2605 2278 2671 recipere
2304 2621 2319 2671 ;
2350 2605 2669 2659 remissione
2702 2601 2948 2656 videlicet
2988 2607 3331 2669 peccaturum
3364 2607 3461 2649 att-

1888 2695 2286 2749 ctoritatemeis
2306 2696 2505 2750 Christi
2522 2695 2821 2759 suadens';
2843 2692 3023 2753 verbis
3043 2700 3246 2752 τιυιεηιι
3275 2705 3292 2738 ⁸
3320 2685 3464 2742 De“

1898 2781 2048 2849 fecit,
2079 2800 2106 2836 υ
2144 2784 2354 2837 illorum
2382 2785 2871 2839 contradictionem
2902 2780 3216 2836 excludens.

205 2861 271 2927 τῇ
302 2857 413 2910 τῶν
445 2860 725 2930 ἁμαρτιῶν
755 2861 949 2928 ἀφέσει
986 2861 1083 2931 τὴν
1138 2863 1431 2933 κυριότητα
1467 2865 1665 2927 αὐτοὺς
1710 2869 1958 2940 ἐννοῆσαι
1989 2875 2187 2929 ποιῶν·
2219 2876 2307 2929 διὰ
2358 2875 2415 2930 δὲ
2449 2874 2543 2928 τοῦ
2578 2875 2781 2943 λέγειν,
2804 2896 2820 2928 ι
2864 2875 2921 2928 ’0
2950 2874 3083 2936 Θεὸς
3116 2870 3395 2940 ἐποίησεν,
3440 2886 3461 2923 ι

204 2947 304 3019 τὴν
333 2950 554 3002 ἐκείνων
593 2951 900 3003 ἀποκλείων
928 2951 1347 3019 ὲναντιολογίαν.

278 3040 389 3109 κβ’.
435 3041 557 3093 Ὅτι
606 3041 713 3109 γὰρ
762 3043 1074 3111 πρόσφατον
1111 3046 1244 3114 ήμῖν
1292 3043 1498 3116 Κύριον
1536 3049 1563 3100 6
1608 3048 1793 3117 Πατὴρ

1972 3052 2060 3104 2‘1.
2099 3051 2251 3118 Quod
2300 3061 2480 3106 autem
2534 3051 2676 3106 haud
2727 3067 2924 3105 novum
2974 3051 3261 3106 Dominum
3310 3050 3471 3107 nobis

206 3133 307 3185 οὐκ
344 3133 618 3198 εποίησεν,
646 3132 835 3184 οὐδένα
869 3128 1021 3201 οἶμαι
1066 3135 1174 3185 τῶν
1205 3135 1610 3204 εύφρονούντων
1664 3141 1781 3189 ἀντ-

1894 3142 2054 3195 l‘atcr
2077 3142 2336 3205 effecerit,
2370 3144 2643 3196 neminem
2674 3156 2804 3196 sana
2844 3148 3025 3195 mente
3055 3139 3339 3208 praeditum
3370 3156 3465 3195 ne—

208 3225 380 3291 ερεῖν·
408 3222 499 3272 καὶ
521 3220 629 3291 γὰρ
654 3220 772 3290 οὐχ,
791 3220 865 3283 ὣς
890 3238 1032 3285 τινες
1050 3222 1289 3291 ἀνοήτως
1313 3224 1391 3287 είς
1415 3223 1510 3292 τὴν
1531 3223 1625 3276 τοῦ
1654 3224 1783 3276 Υἱοῦ

208 3311 444 3379 θεότητα
477 3310 537 3361 τὸ
571 3310 732 3380 ῥητὸν
761 3310 1218 3381 ὲκλαμϐάνουσιν,
1249 3311 1423 3375 οὕτως
1450 3313 1691 3384 εἴρηκεν·
1724 3314 1783 3365 ού

206 3402 322 3471 γὰρ
377 3400 501 3469 περὶ
550 3402 646 3470 τῆς
682 3400 965 3472 ὑπάρξεως
997 3402 1162 3455 αὑτοῦ
1199 3403 1396 3466 σκοπὸς
1435 3398 1501 3474 ἦν
1534 3403 1611 3474 τῷ
1649 3404 1787 3457 ἀπο-

210 3492 387 3560 στόλῳ
416 3491 799 3560 διαλέγεσθαι,
857 3494 991 3547 ἀλλὰ
1024 3496 1150 3565 περὶ
1194 3496 1296 3563 τῆς
1345 3497 1483 3565 μετὰ
1520 3496 1616 3568 τὴν
1655 3497 1787 3550 ἀνά-

210 3596 403 3633 στασιν
431 3579 607 3651 δόξης.
630 3583 701 3634 Τὸ
729 3580 843 3647 οὖν,
874 3601 889 3632 ι
919 3585 1123 3653 Κύριον
1150 3586 1310 3637 αὐτὸν
1334 3586 1638 3655 ἐποίησεν.»
1668 3586 1789 3639 ἀντί¹

209 3672 329 3737 τοῦ,
347 3672 655 3743 Κυριότητα
684 3674 778 3724 καὶ
795 3673 1032 3743 Χριστοῦ
1059 3673 1215 3738 δόξαν
1244 3674 1393 3742 αύτῷ
1417 3675 1666 3727 δέδωκεν·
1691 3676 1787 3746 οὐχ

209 3765 296 3818 ὃτι
336 3760 497 3826 δόξαν
532 3762 823 3833 ἐπίκτητον
852 3763 1044 3816 ἐλαϐεν
1073 3766 1100 3816 6
1132 3764 1277 3829 Υἱὸς,
1313 3765 1425 3818 ἀλλ’
1453 3766 1679 3830 ἐκείνοις
1703 3767 1790 3822 διὰ

208 3857 311 3925 τὴν
365 3854 769 3923 προειρημένην
815 3855 1127 3925 οἰκονομίαν
1169 3856 1342 3919 οὕτως
1390 3858 1788 3928 διαλεγόμενος,

208 3943 293 3995 ὅτι
324 3940 483 3995 Οὕτω
530 3941 806 3995 πιστεύειν
850 3945 930 4004 είς
963 3944 1125 3996 αὑτὸν
1162 3943 1426 4011 ὀφείλετε,
1464 3948 1539 4009 ὡς
1569 3948 1791 4018 Χριστῷ

209 4034 308 4087 καὶ
339 4034 531 4103 Κυρίῳ
549 4035 884 4106 προσιόντες.
919 4036 1041 4087 Ὅτι
1074 4036 1181 4105 γὰρ
1212 4036 1312 4090 οὐκ
1348 4038 1632 4108 ἄνθρωπος
1667 4040 1789 4093 καθ’

210 4125 368 4194 ἡμᾶς
399 4125 793 4194 γεγεννημένος
841 4126 1003 4195 χωρὶς
1055 4127 1152 4197 τῆς
1198 4127 1290 4181 τοῦ
1324 4130 1498 4198 Λόγου
1546 4130 1791 4193 ὲνώσεως

222 4216 439 4287 Ἰησοῦς
466 4221 492 4270 6
516 4217 855 4287 Ναζωραῖος,
878 4221 905 4271 6
934 4219 995 4270 τὸ
1023 4219 1150 4271 ἴδιον
1180 4221 1318 4289 ὑπὲρ
1350 4222 1505 4292 ἡμῶν
1530 4218 1666 4293 αἷμα
1696 4225 1791 4276 ὲκ-

211 4308 434 4378 χεῑσθαι
468 4309 919 4378 καταδεξάμενος,
947 4313 1110 4365 άκουε
1142 4316 1330 4381 σαφῶς
1363 4316 1456 4368 τοῦ
1491 4318 1791 4371 ἀποστόλου

214 4401 437 4455 Παύλου
489 4404 600 4465 τοῖς
655 4403 917 4471 Ἐφεσίων
950 4403 1289 4468 διδασκάλοις
1338 4407 1495 4461 τοῦτο
1541 4411 1792 4481 φανερῶς

1889 3244 2136 3301 gaturum
2168 3242 2319 3303 puto.
2351 3230 2467 3287 Non
2500 3233 2667 3295 enim,
2698 3240 2756 3285 ut
2785 3231 3002 3300 quidam
3044 3230 3361 3299 insipienter
3386 3231 3469 3284 di-

1889 3335 2032 3379 ctum
2065 3326 2166 3380 hoc
2196 3326 2261 3379 de
2290 3324 2411 3378 Filii
2450 3324 2743 3379 divinitate
2772 3321 3101 3392 intelligunt,
3146 3321 3220 3375 ita
3255 3320 3466 3376 locutus

1888 3425 1999 3472 cst:
2023 3432 2196 3486 neque
2214 3416 2281 3470 de
2304 3416 2424 3470 Filii
2454 3415 2775 3470 exsistentia
2802 3413 2945 3482 loqui
2970 3411 3258 3482 Apostolus
3276 3409 3470 3482 1M1

1890 3508 1993 3562 sibi
2022 3507 2328 3578 proposuit,
2356 3507 2449 3562 sed
2474 3509 2539 3560 de
2568 3505 2685 3575 ejus
2715 3512 2837 3572 post
2866 3504 3322 3558 resurrectionem
3351 3504 3468 3571 glo-

1890 3600 1990 3652 ria.
2025 3600 2163 3667 Ergo
2196 3600 2381 3662 verba,
2418 3617 2436 3648 ι
2462 3596 2746 3651 Dominum
2789 3610 2909 3649 eum
2958 3592 3104 3658 fecit,
3145 3611 3165 3645 ι
3216 3593 3470 3647 dicuntur

1891 3703 2024 3757 pro,
2059 3688 2406 3741 Dominatnm
2426 3694 2482 3738 et
2507 3683 2710 3737 Christi
2760 3682 2987 3751 gloriam
3036 3681 3136 3750 ipsi
3179 3678 3465 3733 attribuit:

1894 3796 2002 3834 non
2034 3781 2173 3848 quod
2226 3777 2547 3846 acquisitam
2590 3775 2816 3845 gloriam
2844 3773 3016 3827 Filius
3047 3772 3337 3840 acceperit,
3375 3770 3469 3824 sed

1892 3870 2093 3925 Judaeis
2122 3870 2420 3925 secundum
2456 3869 2775 3937 praedictam
2809 3863 3269 3934 dispensationem
3296 3862 3368 3915 ita
3394 3860 3472 3914 lo—

1893 3961 2100 4031 quitur,
2139 3960 2264 4030 quia
2300 3960 2381 4014 sic
2416 3961 2642 4014 credere
2675 3958 2724 4011 ei
2762 3956 3043 4019 deberent,
3080 3963 3139 4007 ut
3168 3951 3372 4005 Christi
3408 3965 3473 4003 ac

1894 4054 2109 4108 Domini
2150 4052 2260 4121 jam
2296 4051 2427 4105 facti
2486 4050 2730 4106 asseclze.
2780 4047 2932 4114 Quod
2976 4044 3119 4101 enim
3168 4058 3273 4098 non
3311 4043 3474 4096 homo

1895 4158 2044 4198 more
2076 4152 2261 4209 nostro
2292 4142 2524 4211 genitus,
2551 4140 2693 4193 ‘sine
2720 4138 2885 4192 Verbi
2921 4136 3141 4198 unione,
3178 4133 3334 4187 Jesus
3363 4130 3473 4184 Na-

1896 4249 2128 4288 zarenus
2182 4234 2272 4296 sit,
2315 4232 2408 4301 qui
2443 4247 2542 4301 pro
2582 4231 2741 4285 nobis
2794 4229 3117 4296 sanguinem
3154 4241 3310 4279 suum
3347 4222 3469 4276 fun-

1896 4325 2027 4378 dere
2056 4338 2164 4377 non
2200 4323 2495 4386 recusavit,
2529 4320 2652 4373 audi
2686 4317 2970 4371 manifeste
3001 4314 3304 4382 apostolum
3340 4309 3473 4364 Puu.

1900 4414 2009 4468 lum
2048 4428 2231 4468 coram
2272 4411 2627 4480 Ephesiorum
2666 4406 2941 4477 magistris
2984 4406 3159 4473 palam
3192 4402 3471 4456 aiiirman~

213 4491 625 4555 καθιστῶντος·
666 4514 683 4544 ι
719 4494 1023 4563 Προσέχετε
1054 4496 1181 4563 γὰρ,
1226 4498 1387 4566 φησὶ,
1444 4501 1656 4563 ἑαυτοῖς
1684 4479 1781 4553 -καΊ

1902 4513 2042 4557 tem:
2081 4522 2099 4553 ι
2131 4479 2437 4565 Atlendite,
2479 4499 2671 4568 inquit,
2716 4498 2870 4551 vobis
2928 4504 2982 4551 et
3014 4496 3267 4547 universo
3298 4492 3466 4561 gregi,

213 4585 386 4637 παντὶ
413 4582 490 4653 τῷ
528 4585 781 4654 ποιμνίῳ,
810 4586 867 4636 ἐν
905 4579 948 4653 ᾧ
990 4587 1131 4655 ὑμᾶς
1163 4587 1224 4639 τὸ
1273 4589 1496 4658 Πνεῦμα
1532 4590 1593 4643 τὸ
1632 4592 1789 4660 ἅγιον

210 4674 377 4729 Ξθετο
426 4675 755 4738 ἐπισκόπους
784 4716 798 4739 ,
831 4678 1141 4746 ποιμαίνειν
1175 4677 1271 4748 τὴν
1327 4679 1655 4750 Ἐκκλησίαν
1694 4683 1788 4735 τοῦ

211 4763 382 4825 Θεοῦ,
412 4765 476 4834 ἢν
509 4768 936 4835 περιεποιήσατο
964 4768 1050 4819 διὰ
1083 4768 1174 4820 τοῦ
1207 4770 1435 4837 αἵματος
1461 4771 1553 4825 τοῦ
1584 4772 1738 4827 ίδίου.
1769 4792 1786 4825 ι

225 4856 479 4921 ’Δκούεις
497 4856 627 4910 Θεὸν
644 4858 891 4929 φανερῶς
909 4858 1011 4911 ὑπὸ
1029 4859 1121 4913 τοῦ
1149 4861 1469 4914 Ἀποστόλου
1499 4862 1590 4915 τὸν
1611 4865 1795 4917 ἐσταυ-

215 4951 471 5021 ρωμένον
510 4952 944 5021 κηρυττόμενον;
995 4952 1309 5023 Ποιμαίνειν
1358 4954 1465 5025 γάρ
1504 4973 1668 5025 φησιν
1693 4956 1793 5025 τήν

226 5042 563 5113 Ἐκκλησίαν
590 5042 685 5095 τοῦ
720 5042 875 5111 Θεοῦ,
912 5045 978 5114 ἢν
1005 5046 1429 5115 περιεποιήσατο
1456 5047 1542 5101 διὰ
1570 5046 1665 5099 τοῦ
1707 5047 1766 5100 αἴ

216 5151 397 5203 ματος
447 5133 539 5185 τοῦ
564 5134 715 5186 ἰδίου·
755 5135 853 5204 οὐχ
880 5136 960 5187 ὅτι
987 5138 1052 5205 τῇ
1072 5136 1229 5205 φύσει
1254 5139 1351 5207 τῆς
1384 5137 1633 5207 θεότητος
1654 5137 1789 5190 ἔπα-

215 5241 375 5293 σχεν,
404 5223 517 5276 ἀλλ’
545 5225 624 5277 ὃτι
661 5224 728 5276 τὰ
771 5224 870 5293 τῆς
914 5226 1112 5295 σαρκὸς
1144 5226 1306 5279 αὑτοῦ
1336 5227 1480 5296 πάθη
1515 5230 1592 5291 είς
1630 5228 1790 5281 αὐτὸν

215 5316 579 5386 ἀναφέρεται,
602 5316 690 5368 διὰ
716 5317 776 5368 τὸ
808 5318 880 5386 μὴ
912 5315 1196 5386 ἀνθρώπου
1230 5320 1372 5382 τινὸς
1403 5315 1539 5372 εἷναι
1564 5320 1788 5389 ταύτην,

214 5410 337 5460 ἀλλ’
372 5410 537 5462 αὑτοῦ
574 5408 667 5460 τοῦ
713 5408 879 5476 Λόγου
918 5408 1052 5461 ἰδίαν
1080 5411 1279 5480 σάρκα.
1316 5411 1377 5463 Εἰ
1424 5412 1606 5464 τοίνυν
1654 5412 1790 5463 Θεοῦ

215 5496 361 5570 αἷμα
383 5500 444 5553 τὸ
474 5496 613 5569 αἷμα
642 5500 876 5568 λέγεται,
905 5499 1061 5568 δῆλον
1086 5503 1158 5566 ὡς
1185 5504 1315 5568 Θεὸς
1342 5500 1408 5573 ἦν
1438 5505 1615 5574 σάρκα
1637 5522 1792 5574 περι.

220 5594 495 5663 κείμενος.

295 5775 313 5801 ²
338 5772 533 5835 Λςι.ιι,
574 5770 663 5824 24.

743 5771 761 5801 ³
793 5769 917 5825 ibid.
950 5772 1038 5825 25.
1118 5772 1135 5804 ⁸
1162 5772 1287 5828 ibid.
1328 5773 1415 5828 56.
1542 5772 1669 5828 ibid.
1705 5773 1793 5837 37,

1898 4594 1950 4648 in
1984 4610 2090 4663 quo
2120 4608 2216 4648 vos
2238 4591 2477 4661 Spiritus
2503 4598 2732 4645 sanctus
2763 4587 2943 4658 posuit
2965 4586 3248 4653 episcOpus
3282 4596 3472 4650 regere

1901 4684 2198 4740 Ecclesium
2245 4683 2363 4746 Dei,
2398 4697 2558 4751 quam
2605 4679 2907 4748 acquisivit
2938 4678 3203 4746 sanguine
3239 4690 3337 4728 suo
3368 4675 3409 4727 ⁸.
3450 4691 3472 4725 ι

1901 4775 2096 4829 Audin’
2114 4777 2281 4830 Deum
2305 4771 2591 4827 manifeste
2610 4771 2677 4825 ab
2705 4769 2961 4838 Apostolo
2990 4766 3310 4821 crucifixum
3339 4782 3477 4835 pra:-

1902 4868 2113 4922 dicari?
2148 4867 2357 4935 Regere
2392 4866 2536 4919 enim
2574 4863 2793 4917 mandat
2828 4860 3130 4915 Ecclesiam
3166 4859 3283 4922 Dei,
3311 4874 3472 4926 quam

1902 4958 2192 5027 acquisivit
2216 4955 2479 5025 sanguine
2512 4969 2634 5018 suo,
2673 4968 2782 5007 non
2809 4953 2950 5021 quod
2984 4950 3037 5004 in
3075 4961 3265 5007 natura
3297 4949 3471 5003 deita-

1901 5053 1969 5105 tis
2001 5052 2069 5104 sit
2097 5063 2315 5119 passus,
2349 5048 2441 5101 sed
2484 5046 2611 5119 quia
2648 5044 2833 5100 carnis
2866 5042 3148 5111 passiones
3179 5041 3243 5093 ad
3292 5039 3470 5107 ipsum

1899 5143 2232 5207 referuntur,
2271 5149 2556 5210 propterea
2590 5136 2729 5206 quod
2777 5150 2881 5190 non
2914 5133 3150 5188 hominis
3190 5128 3473 5197 cujusdam

1900 5237 2013 5290 haec
2036 5237 2105 5289 sit
2134 5250 2285 5297 caro,
2321 5233 2413 5288 sed
2443 5231 2613 5301 ipsius
2640 5228 2799 5284 Verbi
2828 5226 3065 5297 propria.
3108 5222 3161 5276 Si
3192 5236 3320 5290 ergo
3343 5236 3473 5276 san-

1903 5328 2020 5396 guis
2068 5326 2158 5381 Dei
2206 5327 2401 5381 dicitur
2442 5324 2686 5391 sanguis,
2725 5321 2891 5374 Deum
2936 5318 3085 5372 illum
3148 5316 3334 5379 fuisse,
3382 5314 3469 5383 qui

1902 5422 2002 5475 sibi
2038 5436 2255 5475 carnem
2294 5418 2484 5480 induit,
2518 5415 2858 5483 exploratum
2894 5422 3001 5467 cst.

1829 5772 1917 5826 58.
1998 5769 2151 5824 ’Act.
2186 5784 2275 5833 xx,
2310 5762 2412 5833 28.
