4078 6348
588 374 698 432 283

1615 387 1672 441 S.
1714 383 1989 440 CYRILLI
2028 385 2492 445 ALEXANDRINI
2530 391 2846 448 ARCHIEP.

3730 390 3840 447 9.8-1

663 496 754 549 23.
802 495 922 551 Jam
967 501 1012 553 si
1060 501 1240 558 dicere
1296 516 1547 574 pergant,
1584 522 1817 575 quonam
1867 507 2150 576 Scriptura

2333 518 2438 578 κγ’.
2485 513 2546 564 Ei
2577 512 2633 564 δὲ
2664 512 2973 580 ἐπιμένοιεν
3010 511 3284 578 λέγοντες,
3319 510 3426 564 Ποῦ
3471 511 3566 581 τῆς
3613 510 3842 581 Γραφῆς

591 584 710 640 loco
746 585 903 658 Virgo
933 593 1229 659 appelletur
1253 595 1511 664 Deipara,
1570 599 1790 651 audiant
1819 602 1917 653 hoc
1946 601 2156 668 perspi-

594 691 694 730 cue
727 680 1058 736 nuntiantem
1097 687 1410 752 pastoribus
1442 689 1712 758 angelum,
1746 692 2154 758 dicentemque:

604 787 621 817 ι
658 768 792 833 Quia
827 782 983 826 natus
1010 787 1094 828 est
1125 778 1276 831 vobis
1301 778 1455 831 hodie
1476 779 1742 844 Salvator,
1772 783 1859 850 qui
1892 793 1966 835 est
2003 782 2160 836 Chri-

593 868 710 914 stus
738 859 1002 918 Dominus
1026 867 1068 919 ⁷.
1108 885 1127 918 ι
1153 866 1267 922 Non
1302 871 1452 934 dicit,
1475 871 1573 935 Qui
1610 873 1713 924 erit
1738 871 2016 932 Dominus.
2052 874 2156 938 vel,

589 948 644 1003 in
681 967 786 1019 quo
809 953 1070 1009 Dominus
1103 958 1440 1014 habitaturus
1457 962 1550 1024 sit,
1579 963 1724 1024 sed,¢
1755 963 1852 1029 Qui
1873 965 2157 1018 estDomi—

591 1056 712 1095 nus.
739 1062 758 1093 ι
794 1043 870 1097 En
907 1045 1072 1113 igitur
1100 1048 1384 1102 Dominum
1414 1053 1700 1107 manifeste
1727 1068 1875 1118 eum,
1894 1056 1983 1123 qui
2003 1067 2158 1109 natus

588 1143 722 1198 erat,
775 1137 996 1204 angelus
1057 1141 1290 1194 nuntiat.
1349 1141 1552 1195 Deinde
1613 1153 1866 1212 tanquam
1942 1147 2154 1216 signum

588 1227 865 1291 spectandi
910 1244 1031 1283 mox
1056 1230 1268 1284 Domini
1305 1231 1432 1300 ipsis
1467 1235 1752 1299 exhibens,
1790 1256 1807 1287 ‹
1849 1235 2154 1303 Invenietis,

592 1315 787 1384 inquit,
827 1318 1148 1374 infantulum
1186 1321 1371 1378 fasciis
1417 1325 1714 1380 involutum
1759 1338 1814 1381 et
1852 1329 1902 1381 in
1930 1331 2154 1400 praesepi

589 1408 823 1474 positum
845 1409 886 1465 ⁸.
916 1429 934 1461 ι
965 1410 1116 1465 Paria
1148 1413 1335 1483 angelo
1358 1415 1548 1470 Petrus
1578 1432 1792 1487 quoque
1826 1420 2150 1486 praedicans,

589 1514 712 1552 cum
746 1500 811 1553 ad
851 1501 1161 1557 Cornelium
1207 1508 1459 1572 accessit,
1490 1508 1704 1564 aiebat;
1740 1528 1756 1560 ι
1793 1510 2027 1564 Verbum
2057 1513 2155 1566 mi-

589 1591 661 1643 sit
717 1592 840 1646 ﬁliis
884 1593 1099 1649 Israelis
1127 1637 1141 1660 ,
1197 1613 1382 1665 pacem
1425 1599 1677 1653 nuntians
1721 1616 1816 1669 per
1878 1602 2153 1657 Christum

586 1678 792 1736 Jesum.
839 1681 935 1738 llic
964 1696 1046 1739 est
1083 1689 1324 1741 omnium
1382 1689 1644 1744 Dominus
1672 1693 1712 1743 '.
1754 1711 1769 1743 ι
1801 1692 1995 1747 Cernis
2025 1711 2155 1762 quo-

587 1770 746 1824 modo
810 1773 1052 1839 verbum,
1086 1776 1424 1843 prosalutari
1471 1781 1869 1847 praedicatione,
1921 1798 2016 1849 per
2061 1780 2142 1836 Je-

2263 601 2522 666 Θεοτόκος
2552 605 2583 671 ἡ
2613 603 2886 671 Παρθένος
2913 601 3221 669 ὠνόμασται
3245 619 3258 667 ;
3283 601 3631 654 ἀκουέτωσαν
3649 601 3840 668 σαφῶς

2262 691 2420 742 τοῦτο
2459 691 2552 742 τοῦ
2585 692 2813 760 ἀγγέλου
2859 696 2972 754 τοῖς
3019 693 3272 761 ποιμέσιν
3323 692 3833 760 εὐαγγελιζομένου,

2263 783 2355 834 καὶ
2384 781 2634 849 λέγοντος
2660 821 2674 845 ,
2711 801 2729 833 ι
2767 784 2887 836 "Ott
2930 783 3120 852 ἐτέχθη
3155 782 3285 852 ὑμῖν
3329 784 3568 852 σήμερον
3600 782 3792 850 Σωτὴρ
3818 821 3834 843 ,

2261 875 2315 936 ὃς
2345 876 2489 927 ἐστιν
2520 875 2751 943 Χριστὸς
2775 873 2997 944 Κύριος·
3028 895 3044 926 i
3079 877 3139 927 οὐ
3169 876 3318 942 λέγει
3341 875 3523 937 δέ,Ὃς
3551 873 3838 926 ἔσταιΚύο

2261 967 2466 1035 ριος,ἦ.
2505 966 2589 1017 Ἐν
2611 960 2655 1033 ᾧ
2681 965 2926 1034 ὁΚύριος
2947 967 3250 1036 ἐνοικήσειν
3281 964 3482 1033 μέλλει,
3513 964 3648 1027 ἀλλ’,
3681 983 3698 1013 ι
3735 963 3834 1024 ’⁷ος

2260 1060 2405 1110 ἐστιν
2426 1058 2648 1126 Κύριος.
2684 1078 2701 1109 i
2749 1059 2900 1111 Ἰίδοῦ
2931 1059 3107 1110 τοίνυν
3132 1057 3336 1126 Κύριον
3357 1053 3608 1126 φανερῶς
3635 1055 3728 1107 τὸν
3749 1071 3838 1105 τεο

2260 1149 2454 1218 χθέντα
2486 1152 2512 1201 ὁ
2541 1150 2771 1218 ἄγγελος
2817 1149 3263 1218 εὐαγγελίζεται·
3314 1143 3432 1200 εἶτα
3467 1147 3562 1200 καὶ
3607 1149 3836 1216 σημεῖον

2258 1238 2445 1308 ὥσπερ
2491 1242 2674 1303 αὐτοῖς
2725 1242 2824 1311 τῆς
2882 1242 2974 1294 τοῦ
3007 1243 3214 1314 Κυρίου
3273 1241 3398 1304 θέας
3440 1241 3835 1311 παρεχόμενος,

2263 1349 2280 1380 ι
2311 1331 2604 1402 Εὐρήσετε,
2658 1335 2848 1400 φησιν,
2905 1333 3103 1403 βρέφος
3147 1333 3679 1403 ἐσπαργανωμένον,
3739 1331 3838 1383 καὶ

2257 1422 2504 1492 κείμενον
2535 1425 2592 1477 ἐν
2621 1426 2816 1494 φάτνῃ.
2857 1444 2874 1475 ι
2913 1425 3282 1494 Παραπλήσιά
3303 1442 3360 1477 τε
3392 1423 3468 1492 τῷ
3495 1423 3712 1490 ἀγγέλῳ
3742 1424 3840 1474 καὶ

2255 1514 2282 1565 ὁ
2305 1515 2506 1584 Πέτρος
2529 1515 2830 1584 κηρύττων,
2851 1517 2937 1568 ὅτε
2958 1517 3092 1587 προς
3118 1517 3208 1569 τὸν
3231 1515 3531 1586 Κορνήλιον
3556 1513 3832 1583 εἰσῆλθεν,

2255 1604 2436 1672 ἔλεγεν
2458 1622 2469 1635 ⁸
2520 1625 2537 1656 ι
2575 1606 2679 1658 Τὸν
2712 1605 2869 1671 λόγον
2904 1606 3226 1658 ἀπέστειλεν
3269 1609 3382 1667 τοῖς
3411 1606 3546 1666 υἱοῖς
3593 1601 3832 1672 Ἰσραὴλ,

2255 1693 2742 1764 εὐαγγελιζόμενος
2777 1696 3001 1766 εἰρήνην
3031 1695 3118 1748 διὰ
3153 1694 3328 1762 Ἰησοῦ
3369 1693 3607 1764 Χριστοῦ
3629 1709 3643 1724 ⁸
3676 1684 3837 1754 οὗτός

2257 1787 2372 1838 ἐστι
2407 1786 2608 1857 Κύριος
2657 1786 2893 1840 πάντων.
2930 1806 2947 1838 i
2999 1788 3158 1856 Ὁρᾷς
3199 1787 3314 1849 πῶς
3359 1786 3449 1837 τὸν
3498 1785 3676 1854 λόγον,
3713 1783 3837 1837 ἀντὶ

585 1875 703 1913 sum
750 1860 1023 1917 Christum
1067 1866 1290 1920 missum
1336 1867 1504 1922 fuisse
1555 1870 1725 1923 dicit?
1784 1869 1994 1942 [Mm
2046 1873 2149 1925 De-

2259 1874 2349 1926 τοῦ
2389 1875 2450 1927 τὸ
2486 1877 2753 1945 σωτήριον
2800 1878 3062 1946 κήρυγμα
3093 1875 3181 1927 διὰ
3220 1874 3395 1942 Ἰησοῦ
3445 1874 3682 1946 Χριστοῦ
3725 1874 3836 1930 ὰπ-

586 1961 1001 2023 monstransque
1043 1955 1171 2020 illis,
1212 1957 1462 2025 quisnam
1499 1969 1639 2012 esset
1670 1958 1827 2013 Jesus
1877 1963 2150 2028 Christus,

590 2059 609 2093 ‹
657 2042 754 2097 Hic
783 2053 885 2110 est,
944 2048 1039 2114 ait,
1077 2052 1318 2103 omnium
1353 2050 1634 2104 Dominus.
1681 2071 1700 2101 ›
1743 2050 1932 2107 Viden‘
1968 2052 2148 2107 inlau-

587 2138 756 2191 tulum
798 2149 907 2192 tum
956 2143 1021 2195 ab
1055 2142 1246 2212 angelo
1279 2152 1387 2197 tum
1417 2159 1448 2198 a
1489 2142 1649 2199 Petro
1692 2145 1978 2201 Dominum
2008 2149 2151 2201 dici?

587 2228 729 2299 Ergo
763 2229 989 2299 Deipara
1024 2236 1248 2287 omnino
1299 2244 1382 2289 est
1436 2252 1558 2305 quae
1605 2237 1885 2291 Dominum
1921 2240 2149 2307 peperit.

582 2319 673 2375 Sic
726 2321 894 2390 ipsam
948 2322 1111 2378 etiam
1165 2325 1308 2379 beati
1359 2324 1612 2394 Baptista:
1671 2337 1892 2392 mater,
1944 2331 2149 2398 Spiritu

582 2423 770 2467 sancto
802 2423 1071 2482 permota,
1101 2416 1410 2485 appellavit.
1444 2437 1460 2468 ι
1495 2418 1716 2486 Repleta
1752 2429 1834 2472 est
1865 2422 2029 2487 enim,
2066 2422 2150 2474 iii-

582 2504 701 2573 quit
735 2504 1039 2573 Scriptura,
1075 2506 1350 2562 Elisabeth
1384 2509 1587 2578 Spiritu
1640 2519 1848 2577 sancto,
1886 2520 1941 2564 et
1969 2512 2153 2567 excla-

583 2593 1111 2650 mavit:Beuedicta
1158 2607 1211 2652 tu
1255 2600 1394 2654 inter
1429 2601 1708 2665 mulieres,
1748 2609 1802 2655 et
1838 2604 2151 2658 benedictus

583 2685 792 2740 fructus
836 2689 1044 2742 ventris
1088 2690 1185 2743 tui.
1253 2690 1318 2744 Et
1350 2693 1490 2746 unde
1529 2693 1630 2747 hoc
1677 2695 1826 2761 mibi,
1873 2703 1929 2748 ut
1978 2708 2152 2751 mater

582 2777 798 2832 Domini
845 2781 948 2834 mei
983 2780 1165 2834 veniat
1197 2781 1262 2836 ad
1311 2783 1431 2835 me?
1470 2802 1488 2835 ι
1525 2784 1655 2849 Quis
1687 2784 1798 2853 jam
1837 2790 1971 2841 adeo
2001 2788 2148 2842 insa-

583 2870 716 2931 niat,
763 2879 820 2923 ut
859 2871 992 2924 nolit
1034 2887 1158 2926 cum
1203 2873 1511 2942 Evangeliis
1547 2876 1828 2944 Deiparatn
1878 2878 2151 2946 appellare

580 2973 820 3016 sanctam
851 2960 1170 3031 Virginem?
1212 2963 1287 3019 Ne
1320 2979 1449 3035 ergo
1491 2966 1880 3036 simpliciorum
1928 2973 2152 3026 auribus

580 3055 689 3107 sint
733 3052 964 3118 molesti,
993 3055 1115 3108 dum
1162 3071 1387 3124 puerum
1429 3065 1482 3111 et
1521 3058 1847 3112 infantulum
1883 3062 2147 3127 vocitant,

583 3161 651 3199 ne
687 3144 826 3199 forte
857 3146 1114 3213 paulatim
1141 3147 1451 3201 universum
1479 3165 1695 3218 quoque
1725 3151 1840 3219 ejus
1864 3155 2146 3208 adventum

582 3247 894 3306 pernegent.
940 3236 1266 3291 Nominatus
1302 3251 1387 3293 est
1426 3239 1571 3295 enim
1620 3240 1914 3297 infantulus
1949 3243 2014 3298 ab
2049 3256 2144 3297 ait-

582 3329 720 3399 gelo,
753 3330 844 3384 sed
879 3329 1038 3384 simul
1073 3330 1355 3389 Dominus.

652 3647 744 3702 24.
781 3646 965 3714 Neque
1013 3646 1114 3700 hoc
1154 3645 1268 3699 loco
1319 3660 1508 3700 rursus
1557 3645 1989 3710 obmurmurent,
2031 3661 2153 3715 pas-

581 3739 793 3794 sionem
823 3737 1143 3806 obiicientes
1170 3745 1221 3791 et
1254 3738 1730 3803 resurrectionem,
1756 3747 1811 3790 et
1834 3739 1974 3806 quod
2004 3739 2148 3793 Deus

581 3831 730 3886 illum
766 3830 1152 3893 suscitaverit;
1175 3829 1283 3894 jam
1316 3829 1460 3882 enim
1508 3830 1560 3881 in
1597 3829 2028 3895 praacedentibus
2056 3831 2150 3884 de-

582 3933 879 3977 monstrata
934 3921 1038 3974 fuit
1093 3922 1521 3989 dispensationis
1580 3921 1740 3973 ratio.
1795 3922 2046 3975 Attamen
2105 3923 2148 3976 si

581 4015 723 4069 forte
763 4016 924 4067 velint
970 4013 1275 4068 evidentius
1314 4013 1490 4065 adhuc
1546 4011 1778 4074 discere,
1829 4013 1951 4078 quis
2007 4023 2154 4067 esset

581 4107 670 4160 ille
697 4106 1010 4168 cruciﬁxus,
1039 4105 1261 4156 audiant
1292 4102 1476 4156 mundi
1527 4102 1829 4166 doctorem,
1864 4103 1914 4156 id
1950 4102 2146 4157 Corin-

580 4197 709 4252 thiis
735 4197 1065 4251 scribentem
1105 4213 1116 4247 :
1145 4213 1161 4243 ι
1201 4195 1308 4262 Ego
1334 4194 1501 4259 enim,
1534 4192 1729 4262 inquit,
1763 4194 1945 4263 accepi
1977 4211 2005 4248 a
2039 4194 2148 4249 Do-

583 4291 751 4353 mino,
789 4297 842 4342 et
870 4288 1021 4340 vobis
1058 4287 1278 4348 tradidi,
1308 4286 1566 4354 quoniam
1607 4287 1865 4340 Dominus
1894 4286 2144 4365 Jesus'iu

581 4397 684 4447 qua
719 4390 874 4432 nocte
905 4378 1238 4436 tradebatur,
1261 4378 1470 4445 accepit
1495 4391 1686 4444 panem
1715 4377 1778 4442 “,
1813 4389 1891 4430 iet
1919 4379 2141 4445 reliqua.

579 4472 772 4526 Cernis
821 4485 942 4521 eum
993 4469 1081 4535 qui
1135 4483 1229 4534 pro
1284 4467 1440 4520 nobis
1489 4482 1680 4534 passus
1720 4476 1827 4532 est,
1862 4466 2144 4519 Dominum

581 4564 754 4631 palam
791 4559 1173 4629 prmdicalum?
1211 4558 1358 4622 Quod
1385 4559 1428 4611 si
1460 4559 1648 4620 verba,
1676 4577 1694 4607 ι
1735 4557 1880 4611 Deus
1913 4558 2082 4626 ipsum
2120 4573 2148 4610 e

583 4655 810 4707 mortuis
845 4652 1134 4706 suscitavit
1161 4651 1224 4709 ",
1245 4668 1261 4700 ι
1303 4648 1629 4702 oll'endiculo
1666 4650 1978 4701 hominibus
2003 4657 2148 4710 sunt,

583 4757 770 4815 utpote
793 4745 858 4798 de
897 4745 1115 4796 homine
1143 4741 1307 4803 dicta,
1343 4742 1513 4808 ipsum
1548 4740 1726 4794 adhuc
1754 4741 1976 4792 audiant
2003 4741 2149 4808 Apo-

582 4840 778 4894 stolum
816 4838 954 4892 hanc
981 4849 1195 4905 quoque
1230 4834 1589 4902 suspicionem
1627 4833 2010 4898 perimentem.
2050 4834 2148 4886 Se-

582 4931 816 4984 cundum
839 4928 982 4982 enim
1017 4925 1441 4995 dispensationis
1474 4924 1736 4976 rationem
1780 4924 1894 4976 hinc
1930 4923 1980 4975 in
2015 4938 2147 4976 san-

584 5024 688 5075 ctis
719 5021 864 5073 dicta
901 5026 1028 5072 sunt
1071 5015 1392 5083 Scripturis.
1428 5013 1560 5065 Nam
1593 5013 1734 5080 quod
1762 5012 2024 5066 Dominus
2058 5029 2146 5067 es—

584 5122 666 5167 set
701 5113 745 5164 is
769 5113 856 5178 qui
889 5110 940 5162 in
974 5123 1142 5161 carne
1175 5121 1366 5175 passus
1399 5114 1481 5159 est
1504 5116 1557 5156 et
1590 5106 1909 5167 resurrexit,
1941 5115 1992 5159 ct
2018 5122 2143 5169 nou,

585 5215 642 5257 ut
675 5204 757 5255 isti
783 5203 958 5263 aiunt,
987 5199 1149 5252 homo
1178 5195 1382 5249 habens
1410 5193 1646 5248 Verbum
1685 5195 2013 5255 inhabitans,
2048 5211 2145 5246 au-

587 5299 736 5350 diant
769 5292 995 5348 Paulum
1029 5289 1292 5344 Romanis
1321 5288 1393 5340 ita
1427 5286 1491 5339 de
1533 5287 1842 5340 Abrahamo
1873 5288 2148 5340 conliden-

589 5397 670 5442 ter
720 5386 1045 5440 scribentem
1085 5400 1097 5435 :
1154 5400 1172 5432 ι
1221 5380 1336 5434 Non
1393 5380 1512 5449 ejus
1561 5394 1724 5434 causa
1782 5381 2152 5433 tantummodo

591 5479 788 5546 scripta
836 5485 962 5530 sunt
1005 5474 1140 5537 haec,
1188 5473 1280 5526 sed
1330 5472 1496 5524 etiam
1551 5479 1772 5538 prOpter
1810 5485 1926 5532 nos,
1959 5470 2156 5538 quibus

594 5569 986 5639 reputabuntur
1031 5562 1380 5619 credentibus
1416 5561 1466 5616 in
1503 5577 1647 5628 eum,
1686 5563 1776 5630 qui
1818 5559 2002 5614 Jcsum
2057 5562 2158 5614 Do-

679 5801 693 5827 ⁷
721 5797 850 5850 Luc.
888 5811 944 5860 tt,
976 5793 1061 5848 Η.
1140 5793 1160 5824 ⁸
1187 5792 1314 5847 ibid.
1348 5792 1428 5846 ΙΞ.
1525 5794 1544 5822 ⁹
1570 5793 1685 5846 Aci.
1719 5806 1767 5857 κ,
1800 5791 1885 5845 56.

1989 5794 2028 5822 "’
2058 5791 2183 5847 Luc.
2223 5809 2257 5854 ι,
2293 5789 2479 5844 Η-ίὸ.

2256 1963 2510 2017 εστάλθαι
2543 1964 2706 2034 φησίς
2736 1965 2828 2018 καὶ
2864 1965 3080 2027 δεικνὺς
3135 1966 3318 2028 αὐτοῖς
3363 1966 3447 2028 τίς
3493 1965 3579 2034 εἴη
3626 1963 3833 2031 Ἰησοῦς

2254 2055 2506 2126 Χριστὸς,
2531 2075 2548 2107 ‹
2576 2049 2744 2119 Οὗτός
2770 2058 2936 2119 ἐστιν,
2961 2055 3088 2125 ἔφη,
3118 2056 3336 2108 πάντων
3357 2055 3585 2126 Κύριος.
3607 2073 3625 2106 i
3668 2054 3835 2124 Ὁρᾷς

2251 2147 2314 2198 τὸ
2340 2145 2558 2215 βρέφος,
2588 2147 2794 2218 Κύριον
2820 2148 2912 2200 καὶ
2945 2148 3048 2201 ὐπὸ
3075 2148 3168 2202 τοῦ
3200 2147 3454 2216 ἀγγέλου,
3485 2146 3580 2200 καὶ
3610 2146 3713 2199 ὐπὸ
3737 2145 3830 2198 τοῦ

2253 2236 2460 2308 Πέτρου
2496 2237 2594 2310 [ita
2625 2249 2850 2308 uterque
2875 2241 3042 2294 codex
3061 2241 3178 2294 sine
3207 2237 3434 2311 verbo];
3463 2237 3673 2292 Οὐκοῦν
3697 2237 3834 2290 Θεο-

2249 2327 2409 2391 τόκος
2439 2329 2821 2398 ἀναμφιὸόλως
2853 2331 2883 2400 ἡ
2913 2332 3006 2383 τὸν
3035 2331 3239 2398 Κύριον
3265 2332 3593 2399 γεννήσασα.
3639 2328 3832 2390 Οῦτως

2253 2421 2423 2491 αὐτὴν
2468 2421 2625 2492 καλή
2678 2422 2771 2474 τοῦ
2823 2427 3094 2492 μακαρίου
3141 2423 3446 2476 Βαπτιστοῦ
3503 2426 3683 2494 μήτηρ
3724 2423 3832 2474 ὐπὸ

2252 2513 2567 2581 Πνεύματος
2592 2514 2746 2582 ἁγίου
2778 2515 3068 2583 κινουμένη
3098 2517 3565 2586 προσηγόρευσεν·
3593 2535 3609 2566 ι
3637 2514 3836 2581 Ἐπλή-

2257 2603 2357 2675 σθη
2399 2604 2528 2674 γὰρ,
2567 2605 2813 2674 φησὶν,ἡ
2859 2605 3142 2659 Ἐλισέιΰετ
3177 2605 3496 2676 Πνεύματος
3537 2606 3832 2674 ἀγίου,καὶ

2252 2696 2543 2766 ἀνεϐόησεν
2564 2711 2575 2724 °
2609 2696 2963 2766 Εὐλογημένη
2997 2698 3060 2750 σὺ
3104 2700 3162 2750 ἐν
3211 2698 3447 2766 γυναιξὶ,
3481 2699 3572 2750 καὶ
3598 2698 3832 2766 εὐλογη-

2255 2788 2412 2856 μένος
2435 2789 2462 2839 ὁ
2484 2788 2690 2857 καρπὸς
2713 2787 2810 2856 τῆς
2835 2787 3043 2850 κοιλίας
3069 2805 3183 2840 σου·
3213 2789 3306 2841 καὶ
3336 2787 3501 2840 πόθεν
3533 2805 3621 2857 μοι
3646 2787 3828 2850 τοῦτο,

2250 2878 2338 2930 ἵνα
2377 2879 2409 2946 ἡ
2464 2879 2646 2948 μήτηρ
2684 2877 2778 2931 τοῦ
2806 2878 3013 2949 Κυρίου
3055 2896 3156 2948 μου
3191 2879 3320 2950 ἔλθῃ
3357 2878 3493 2946 πρός
3531 2896 3628 2949 με;
3667 2898 3685 2930 ι
3731 2880 3831 2942 Τίς

2253 2970 2344 3022 ἐπὶ
2391 2969 2641 3023 τοσοῦτον
2685 2971 2948 3040 μέμηνεν,
3005 2970 3080 3033 ὠς
3117 2971 3190 3041 μὴ
3219 2971 3505 3040 βούλεσθαι
3545 2971 3684 3040 μετά
3722 2972 3834 3024 τῶν

2251 3061 2602 3129 Εὐαγγελίων
2649 3061 2912 3115 Θεοτόκον
2942 3063 3238 3116 ἀποκαλεῖν
3271 3064 3369 3134 τὴν
3418 3065 3579 3131 ἁγίαν
3614 3063 3832 3134 Παρθέ-

2254 3171 2375 3219 νον;
2424 3152 2514 3223 Μὴ
2539 3153 2716 3206 τοίνυν
2746 3153 2854 3206 τῶν
2879 3155 3278 3224 ἀκεραιοτέρων
3313 3155 3412 3217 τὰς
3440 3155 3609 3219 ἀκοὰς
3666 3155 3833 3226 θορυ-

2256 3244 2542 3310 ϐείτωσαν,
2579 3244 2790 3299 παιδίον
2838 3246 2932 3297 καὶ
2976 3244 3174 3316 βρέφος
3203 3246 3558 3315 ὀνομάζοντες
3582 3289 3596 3312 ,
3629 3247 3714 3300 ἵνα
3757 3246 3834 3315 μὴ

2254 3334 2374 3384 κατ’
2407 3331 2585 3401 ὀλίγον
2617 3333 2713 3385 καὶ
2761 3335 2942 3385 πᾶσαν
2973 3333 3140 3385 αὐτοῦ
3182 3336 3280 3402 τὴν
3322 3336 3616 3404 ἐπιδημίαν
3664 3336 3834 3405 ἀρνή-

2256 3441 2484 3476 σωνται·
2521 3425 2834 3496 ὠνόμασται
2887 3425 2996 3497 γὰρ
3045 3425 3247 3496 βρέφος
3292 3425 3397 3480 ὑπὸ
3429 3425 3523 3478 τοῦ
3571 3425 3833 3494 ἀγγέλου,

2253 3515 2367 3568 ἀλλ’
2399 3515 2514 3585 ἅμα
2549 3517 2642 3570 κα)⁵
2672 3516 2894 3589 Κύριος.

2325 3647 2422 3699 κδ’.
2463 3647 2602 3717 Μηδ’
2634 3648 2690 3699 ἐν
2716 3645 2889 3717 τούτῳ
2915 3646 2972 3699 δέ
2999 3645 3159 3698 πάλιν
3179 3645 3614 3716 ψιθυριζέτωσαν
3642 3662 3702 3699 το
3733 3657 3836 3699 πα-

2256 3738 2344 3800 eo;
2380 3737 2829 3809 προϐαλλόμενοι,
2863 3737 2956 3789 καὶ
2989 3737 3088 3806 τὴν
3119 3738 3435 3798 ἀνάστασιν,
3469 3738 3561 3788 καὶ¹
3589 3739 3670 3789 ὅτι
3698 3737 3835 3801 Θεὸς

2255 3829 2417 3881 αὐτὸν
2451 3829 2670 3899 ἤγειρεν
2691 3843 2703 3857 ⁸
2736 3828 2834 3898 ἤδη
2872 3827 2969 3896 μὲν
2996 3827 3105 3897 γὰρ
3131 3827 3224 3879 κα)⁸
3247 3830 3303 3878 ἐν
3330 3829 3442 3889 τοῖς
3467 3826 3832 3896 προλαϐοῦσιν

2255 3921 2630 3973 ἀποδέδεικται
2666 3920 2768 3988 τῆς
2809 3920 3121 3988 οἰκονομίας
3164 3920 3192 3970 ὀ
3247 3918 3420 3986 λόγος.
3457 3918 3603 3986 Πλὴν
3654 3918 3702 3968 εἰ
3735 3918 3833 3970 καὶ

2257 4010 2634 4081 φανερώτερον
2666 4012 2957 4081 μανθάνειν
2978 4009 3278 4078 βούλονται,
3313 4011 3395 4072 τίς
3417 4012 3444 4061 ὁ
3477 4009 3834 4081 ἐσταυρωμὲσ-

2255 4121 2343 4166 νος
2369 4103 2637 4172 ὑπῆρχεν,
2673 4102 3024 4155 ἀκουέτωσαν
3060 4093 3153 4153 τοῦ
3191 4102 3288 4170 τῆς
3310 4099 3644 4170 ὀἰκουμένης
3681 4099 3832 4152 διδα-

2257 4194 2458 4247 σκάλου
2489 4234 2503 4256 ,
2559 4192 2716 4245 τοῦτο
2773 4191 3084 4262 Κορινθίοις
3135 4191 3576 4252 ἐπιστέλλοντος·
3631 4209 3648 4240 t
3687 4188 3834 4256 Ἐγὼ

2254 4285 2384 4356 γὰρ,
2411 4286 2565 4354 φησὶ,
2591 4283 2901 4355 παρέλαϐον
2926 4282 3032 4334 ἀπὸ
3058 4281 3152 4336 τοῦ
3176 4283 3402 4352 Κυρίου,
3422 4283 3515 4334 καί¹
3538 4280 3835 4349 παρέδωκα

2255 4379 2404 4446 ὑμῖν,
2435 4379 2518 4429 ὅτι
2564 4378 2591 4428 ὀ
2627 4375 2829 4444 Κύριος
2883 4374 3090 4442 Ἰησοῦς
3125 4375 3188 4443 τῇ
3231 4374 3385 4425 νυκτὶ
3493 4371 3832 4442 παρεδίδοτο,

2253 4471 2444 4524 ἔλαϐεν
2474 4470 2656 4538 ἄρτον,
2681 4488 2697 4518 ι
2723 4469 2814 4520 καὶ
2844 4469 2910 4521 τά
2937 4467 3082 4537 ἑξῆς.
3121 4467 3359 4536 Θεωρεῖς
3391 4466 3482 4517 τὸν
3510 4464 3650 4534 ὑπὲρ
3673 4461 3835 4531 ἡμῶν

2256 4563 2521 4626 παθόντα,
2558 4562 2762 4632 Κύριον
2809 4561 3057 4630 φανερῶς
3092 4559 3526 4629 κηρυττόμενον;
3557 4559 3619 4609 Et
3653 4555 3710 4608 δέ
3737 4557 3836 4607 καὶ

2253 4657 2334 4719 τὸ,
2377 4676 2393 4706 ι
2417 4656 2476 4708 Ὀ
2503 4655 2635 4716 Θεὸς
2669 4654 2832 4706 αὐτὸν
2877 4653 3097 4722 ἧγειρεν
3129 4653 3191 4703 ἐκ
3219 4649 3448 4720 νεκρῶν,
3481 4667 3497 4699 i
3542 4646 3835 4701 σκανδαλί-

2255 4749 2336 4810 ζει
2359 4747 2486 4808 τοὺς
2525 4742 2869 4812 ἀνθρώπους,
2908 4743 2982 4804 ὡς
3025 4742 3152 4810 περὶ
3181 4740 3474 4811 ἀνθρώπου
3514 4741 3834 4810 λεγόμενον,

2257 4837 2425 4890 αὐτοῦ
2454 4835 2618 4889 πάλιν
2650 4834 2743 4888 τοῦ
2776 4832 3102 4886 Ἀποστόλου
3125 4833 3218 4884 καὶ
3250 4830 3451 4900 ταύτην
3483 4832 3836 4884 ἀκουέτωσαν

2257 4925 2604 4996 ἀναιροῦντος
2633 4925 2730 4994 τὴν
2767 4924 3018 4977 ὑπόνοιαν
3041 4940 3053 4953 ο
3091 4921 3449 4990 οἰκονομικῶς
3488 4921 3594 4990 γὰρ
3623 4921 3688 4973 τὰ
3722 4938 3838 4973 τοι-

2257 5017 2394 5070 αῦτα
2412 5017 2469 5068 ἐν
2495 5017 2613 5077 ταῖς
2643 5014 2825 5082 ἁγίαις
2843 5013 3468 5084 εἴρηταιΓραφαῖς.”οτι
3495 5011 3601 5080 γὰρ
3625 5011 3838 5083 Κύριος

2253 5105 2319 5179 ἦν
2344 5110 2369 5161 ὁ
2386 5111 2449 5178 τῇ
2473 5106 2634 5177 σαρκὶ
2654 5106 2748 5161 καλ¹
2767 5105 2987 5174 πάσχων
3007 5107 3099 5158 καὶ
3115 5105 3598 5173 ἀνιστάμενος,καὶ
3615 5105 3734 5172 οὐχ,
3755 5103 3838 5167 ὡς

2253 5198 2405 5252 αὐτοί
2423 5215 2605 5267 φασιν,
2621 5197 2716 5250 ἀνθ
2727 5213 2902 5264 ρωπος
2917 5197 3184 5264 ἐνοίκησιν
3197 5195 3333 5263 ἔχων
3350 5194 3443 5247 τοῦ
3466 5195 3660 5262 Λόγου,
3676 5196 3841 5248 ἀκου-

2255 5292 2459 5344 ἐτωσαν
2479 5289 2573 5342 τοῦ
2595 5288 2804 5341 Παύλου
2822 5288 3112 5356 Ῥωμαίοις
3129 5287 3269 5340 οὕτω
3294 5287 3578 5357 παρρησίᾳ
3601 5289 3842 5356 γράφον-

2254 5399 2344 5445 τος
2363 5383 2488 5452 περὶ
2513 5380 2607 5433 τοῦ
2644 5379 2892 5449 Ἀϐραάμ
2912 5397 2924 5409 ’
2957 5399 2972 5430 ι
3000 5380 3111 5432 Οὐκ
3127 5379 3340 5449 ἐγράφη
3362 5380 3427 5432 δι’
3445 5380 3607 5431 αὐτὸν
3648 5381 3836 5450 μόνον,

2259 5475 2394 5527 ἀλλὰ
2411 5475 2504 5526 καὶ
2521 5473 2587 5525 δι’
2603 5473 2770 5542 ἡμᾶς,
2788 5469 2867 5534 οἷς
2886 5472 3067 5541 μέλλει
3085 5471 3394 5539 λογίζεσθαι
3412 5473 3524 5532 τοῖς
3545 5471 3837 5522 πιστεύου-

2259 5584 2342 5620 σιν
2373 5566 2464 5618 ἐπὶ
2500 5565 2590 5617 τὸν
2621 5563 2910 5634 ἐγείραντα
2947 5562 3154 5632 Ἰησοῦν
3190 5561 3281 5614 τὸν
3323 5561 3529 5632 Κύριον
3576 5561 3738 5631 ἡμῶν
3767 5562 3836 5616 ὲκ

2563 5788 2643 5842 “l
2684 5788 2806 5844 Cor.
2846 5803 2919 5852 iu,
2949 5786 3040 5841 ‘25.
3121 5788 3161 5816 ¹²
3189 5785 3308 5839 Act.
3343 5800 3401 5851 Il,
3437 5784 3526 5839 ει.
