4078 6348
181 420 286 479 285

1275 412 1466 480 QUOD
1509 410 1566 464 Β.
1611 406 1825 464 MAR“
1869 403 1975 458 SIT
2020 401 2337 456 DEIPARA.

3324 384 3426 438 ‘286

182 536 410 607 νεκρῶν.
449 555 465 585 ι
500 537 775 596 Ἤκουσας
818 531 908 585 τὸν
941 529 1318 600 ἐγειρόμενον,
1343 527 1548 597 Κύριον
1585 541 1752 594 προσ-

1880 520 2067 575 ninum
2118 527 2365 572 nostrum
2408 527 2438 568 c
2479 506 2709 563 mortuis
2734 502 3014 558 suscitavit
3055 500 3118 553 ι’.
3160 517 3177 549 ι
3219 496 3427 550 Audisti

2475 603 2492 607 ‘
2529 601 2540 607 ‘
2633 599 2665 607 "
2776 598 2786 607 '
3098 590 3130 607 II
3173 587 3323 607 -_-,_Q
3357 585 3426 607 Ν-

183 627 579 699 ἀγορευόμενον
605 641 618 688 ;
649 624 860 693 Μηκέτι
892 619 1241 682 σκανδαλίζου
1271 620 1363 670 ἐπὶ
1399 621 1510 681 τοῖς
1548 619 1752 670 οἰκονο-

187 718 362 790 μικῶς
395 717 728 784 λεγομένοις.

252 905 350 952 κε’.
376 897 485 950 Καὶ
522 894 678 948 τοῦτο
697 894 749 946 δὲ
767 895 876 954 τοῖς
903 893 1212 962 εἰρημένοις
1237 890 1550 961 προσθεῖναι
1591 889 1750 956 ἀναγο

182 995 337 1044 καῖον
367 990 618 1058 ὑπάρχει,
655 987 741 1038 ἵνα
773 987 948 1055 μήτις
982 983 1229 1055 ὑπολάϐῃ
1256 984 1436 1053 χάριτι
1458 981 1551 1032 καὶ
1572 980 1754 1043 αὐτὸν,

183 1083 439 1150 καθάπερ
469 1080 635 1148 ἡμᾶς.
674 1076 806 1129 Θεὸν
843 1077 936 1128 καὶ
975 1075 1178 1146 Κύριον
1208 1075 1300 1126 καὶ
1328 1073 1454 1124 Υἰὸν
1485 1087 1756 1141 προσαγο-

186 1175 501 1245 ρευόμενον.
550 1171 738 1239 Ἡμεῖς
776 1169 871 1238 μὲν
902 1168 1009 1236 γὰρ
1046 1169 1094 1219 εί
1134 1167 1228 1220 καὶ
1260 1163 1572 1234 καλούμεθα
1622 1161 1755 1224 θεοὶ,

183 1266 323 1319 ἀλλά
365 1265 525 1318 πάλιν
573 1261 845 1330 ἀκούομεν
893 1261 986 1312 καὶ
1030 1259 1127 1328 τῆς
1174 1257 1456 1318 ἀσθενείας
1497 1254 1652 1324 ἡμῶν
1701 1253 1760 1304 τὸ

187 1362 387 1433 μέτρον
412 1375 425 1391 ο
466 1376 485 1408 ι
524 1352 664 1421 Ἐγὼ
695 1351 803 1420 γὰρ
835 1348 983 1412 εἶπα,
1021 1350 1174 1419 φησί,
1199 1348 1322 1401 Θεοί
1357 1350 1500 1408 ἐστε,
1535 1344 1623 1396 καὶ
1654 1343 1761 1395 υἱοὶ

193 1451 478 1519 Ὑψίστου·
516 1465 535 1498 ι
568 1444 680 1497 ἀλλ’
716 1440 918 1504 εὐθέως
951 1440 1178 1507 ἐπάγει·
1216 1458 1232 1489 ι
1266 1438 1454 1505 Ὑμεῖς
1484 1436 1539 1488 δὲ
1570 1434 1643 1496 ὡς
1669 1434 1762 1486 ἀν-

184 1545 400 1614 θρωποι
441 1538 842 1606 ἀποθνήσκετε·
877 1552 894 1583 ι
933 1532 1027 1584 καὶ
1052 1531 1208 1601 δῆλον
1248 1529 1322 1592 ὡς
1356 1529 1453 1600 τὴν
1487 1542 1760 1594 προσηγο-

185 1638 314 1708 ρίαν
361 1633 500 1687 κατά
534 1630 696 1700 χάριν
731 1627 1080 1696 ἐσχήκαμεν’
1116 1622 1280 1685 αὐτὸς
1323 1622 1380 1674 δέ
1424 1620 1522 1689 οὐχ
1566 1617 1759 1680 οὕτως,

183 1725 324 1780 άλλά
365 1721 501 1793 μετά
543 1720 645 1788 τῆς
684 1714 1024 1784 θεοπρεποῦς
1085 1711 1242 1781 δόξης
1299 1711 1395 1763 καὶ.
1452 1709 1548 1778 τὴν
1597 1724 1763 1777 προσ-

181 1817 418 1889 ηγορίαν
451 1814 584 1883 ἔχει.
634 1809 895 1862 Καλεῖται
928 1806 1037 1876 γάρ
1085 1805 1180 1872 οὐχ
1229 1801 1410 1865 ἀπλῶς
1444 1800 1594 1863 Θεὸς,
1627 1796 1761 1851 ἀλλὰ

183 1910 320 1972 Θεὸς
355 1907 450 1959 ἐπὶ
485 1905 727 1963 πάντων,
767 1899 861 1952 καὶ
895 1897 1189 1980 εὐλογητὸς
1220 1897 1298 1957 εἰς
1352 1893 1476 1955 τοὺς
1521 1892 1722 1951 αἰῶνας
1748 1905 1760 1918 ·
1796 1887 1837 1942 Β

183 2002 435 2055 καλεῖται
461 1998 516 2050 δὲ
543 1995 704 2048 πάλιν
746 1993 842 2045 καὶ
888 1990 1116 2061 Κύριος,
1149 1990 1248 2041 οὐκ
1299 1986 1521 2055 ὀνόματι
1579 1983 1760 2054 μόνον,

182 2091 378 2158 ὥσπερ
421 2089 600 2157 ἡμεῖς,
634 2082 771 2136 ἀλλά
824 2080 1025 2148 Κύριος
1056 2079 1156 2146 τῆς
1206 2078 1384 2146 δόξης,
1421 2075 1515 2127 καὶ
1559 2072 1764 2143 Κύριος

183 2185 433 2243 πάντων,
479 2178 553 2240 ὼς
586 2177 614 2230 ὁ
668 2175 876 2244 Πέτρος
919 2170 1187 2236 ἐδίδαξεν·
1232 2168 1523 2237 λεγόμενος
1570 2165 1625 2217 δὲ
1673 2167 1766 2217 καὶ

184 2275 339 2338 Υἱὸς,
374 2272 494 2327 οὐδέ
542 2266 706 2322 τοῦτο
740 2264 997 2336 καθάπερ
1027 2264 1188 2334 ήμεῖς
1226 2258 1412 2321 ἁπλῶς
1443 2257 1584 2322 υἰὸς,
1630 2256 1767 2309 ἀλλὰ

182 2367 320 2428 Υἰὸς
377 2366 558 2435 μόνος,
608 2365 702 2416 καὶ
751 2358 1002 2430 ἀληθινὸς
1053 2355 1174 2408 κατ’
1201 2353 1431 2413 οὐσίαν,
1473 2349 1548 2412 ὦς
1604 2365 1770 2419 φησιν

196 2460 456 2526 Ἰωάννης
477 2474 490 2487 ·
525 2477 540 2506 ι
569 2455 679 2508 Καὶ
711 2453 876 2521 ἐσμὲν
910 2453 965 2503 ἐν
1007 2449 1085 2519 τῷ
1124 2444 1364 2516 ἀληθινῷ
1409 2441 1546 2513 Θεῷ,
1579 2443 1671 2494 καὶ
1711 2443 1768 2494 ἐν

181 2550 268 2620 τῷ
297 2547 412 2618 Υἰῷ
443 2545 609 2599 αὐτοῦ
627 2561 638 2572 ·
671 2538 822 2603 οὗτός
847 2542 993 2592 ἐστιν
1021 2541 1048 2590 ὁ
1078 2537 1333 2606 ἀληθινὸς
1359 2534 1513 2595 Θεὸς,
1537 2534 1631 2585 καὶ
1657 2531 1770 2600 ζωὴ

183 2641 431 2702 αἰώνιος.
457 2658 473 2689 ι
508 2621 889 2704 Φανερῶτερον
920 2630 977 2683 δὲ
1010 2628 1199 2682 τοῦτον
1228 2629 1255 2680 6
1285 2625 1580 2686 ἀπόστολος
1621 2622 1768 2675 Παῦ-

183 2734 280 2796 λος
306 2733 416 2786 ἀπὸ
443 2731 546 2783 τῶν
579 2726 788 2780 πολλῶν
815 2722 1036 2794 διορίζει
1067 2721 1143 2784 ὡς
1176 2719 1334 2790 μόνον
1359 2716 1612 2770 καὶκατὰ
1636 2715 1770 2784 ἀλή-

186 2827 348 2879 θειαν
369 2824 496 2876 Υἰόν
524 2840 535 2850 ο
566 2822 716 2888 λέγει
743 2818 851 2886 γάρ
873 2816 1072 2878 οὕτως·
1112 2831 1128 2863 ι
1167 2812 1279 2865 Καὶ
1313 2809 1420 2880 γάρ
1448 2809 1605 2878 εἴπερ
1635 2808 1773 2859 εἰσὶν

185 2917 478 2986 λεγόμενοι
510 2913 641 2976 θεοὶ,
680 2911 786 2964 εἴτε
833 2911 890 2961 ἐν
920 2905 1154 2978 οὐρανῷ,
1204 2905 1313 2956 εἴτε
1360 2903 1452 2955 ἐπὶ
1503 2904 1602 2971 τῆς
1645 2900 1772 2968 γῆς,

188 3007 385 3076 ὥσπερ
415 3006 552 3058 εἰσὶν
603 3003 715 3055 θεοὶ
770 2999 958 3052 πολλοὶ
1014 2999 1111 3049 καὶ
1168 2995 1349 3064 κύριοι
1392 2991 1578 3045 πολλοὶ
1614 2992 1773 3057 λεγό-

191 3117 369 3172 μενοι·
408 3117 423 3146 ι
459 3097 620 3148 πάλιν
651 3094 740 3145 ἵνα
766 3090 864 3163 [ita
895 3088 1066 3143 codex
1101 3083 1355 3153 uterque]
1387 3085 1535 3152 νοῇς,
1571 3101 1588 3132 ι
1631 3082 1774 3133 Ἀλλ’

187 3196 327 3266 ἡμῖν
355 3185 435 3253 εἷς
457 3189 588 3249 Θεὸς
620 3189 646 3240 6
679 3185 867 3255 Πατὴρ
898 3183 957 3246 ἐξ
994 3172 1056 3234 οὗ
1087 3179 1155 3230 τά
1187 3177 1384 3238 πάντα,
1416 3173 1508 3227 καὶ
1541 3167 1622 3234 εἷς
1659 3171 1775 3224 Κύ-

190 3303 311 3359 ριος
345 3283 553 3354 Ἰησοῦς
586 3280 820 3351 Χριστὸς
845 3277 908 3330 δι’
941 3268 1000 3329 οὗ
1023 3273 1089 3327 τὰ
1124 3270 1324 3324 πάντα.
1360 3286 1376 3316 ι
1420 3265 1585 3336 Ὁρᾷς
1618 3264 1692 3326 ὡς
1717 3263 1776 3315 οὐ

194 3354 346 3450 μετά
379 3378 595 3430 πάντων
621 3372 782 3434 αὐτὸς
813 3370 1016 3441 Κύριος
1048 3363 1235 3436 ἢΘεὸς
1269 3357 1614 3429 ὀνομάζεται,
1644 3354 1780 3408 ἀλλά

195 3473 363 3543 μόνος
385 3467 463 3537 τῷ
487 3466 660 3536 Πατρί
686 3459 1086 3527 συνδοξάζεται,
1115 3457 1187 3518 ὡς
1215 3455 1274 3518 ἐξ
1306 3450 1471 3504 αὐτοῦ
1505 3448 1645 3501 κατὰ
1677 3446 1780 3514 φύ-

196 3581 286 3616 σιν
322 3560 586 3628 ὑπάρχων
609 3572 623 3620 ;

271 3649 387 3717 κς’.
429 3648 632 3718 Καιρὸς
660 3646 714 3698 δὲ
744 3643 951 3705 λοιπὸν,
988 3639 1081 3694 καὶ
1122 3637 1220 3707 τὴν
1261 3636 1454 3704 ἐτέραν
1488 3630 1581 3683 τοῦ
1623 3631 1784 3682 Ἀπο-

196 3746 388 3802 στόλου
433 3740 739 3812 μαρτυρίαν
776 3739 853 3800 εἰς
891 3735 1054 3806 μέσον
1078 3731 1441 3802 παραγαγεῖν,
1478 3724 1666 3777 τοῦτον
1695 3722 1784 3774 τὸν

193 3833 456 3906 ἀληθινὸν
495 3832 625 3884 Θεὸν
653 3828 804 3902 [Θεόν
837 3831 991 3880 abest
1039 3825 1106 3878 ab
1129 3838 1236 3876 nuo
1271 3838 1299 3875 c
1322 3814 1620 3885 codicibus]
1657 3813 1784 3866 Υἱὸν

195 3926 493 3982 δεικνῦσα-ι
520 3921 663 3991 [_cod.
691 3931 917 3986 uterque
946 3913 1179 3984 δεικνύς]
1210 3912 1492 3982 ἄνθρωπον
1522 3903 1661 3958 εἶναι
1695 3904 1786 3956 τὸν

197 4021 268 4070 ἐκ
318 4017 418 4085 τῆς
464 4008 894 4080 καλλιπαρθένου
949 4002 1247 4073 τεχθέντα’
1301 4002 1411 4069 ἔχει
1465 3997 1521 4050 δὲ
1574 3997 1780 4056 οὕτως’

205 4131 224 4164 ι
263 4112 394 4163 Ὅτε
431 4108 484 4160 δὲ
507 4102 672 4176 ἦλθεν
694 4103 754 4154 τὸ
789 4101 1064 4171 πλήρωμα
1095 4094 1189 4148 τοῦ
1222 4094 1438 4163 χρόνον,
1472 4089 1789 4153 ἐξαπέστει-

199 4206 296 4254 λεν
326 4202 354 4252 6
376 4199 505 4259 Θεὸς
532 4196 623 4248 τὸν
653 4193 782 4246 Υἱὸν
819 4188 986 4242 αὐτοῦ
1028 4187 1318 4256 γενόμενον
1348 4185 1411 4234 ἐκ
1441 4179 1726 4248 γυναικός·
1765 4195 1783 4226 ›

205 4291 403 4363 μηδεὶς
450 4288 505 4340 δὲ
556 4285 716 4338 τοῦτο
756 4283 935 4350 λέγειν
983 4279 1321 4350 ἐρυθριάτω·
1374 4272 1628 4342 οὐδεμίαν
1681 4269 1790 4340 γάρ

203 4384 373 4454 ὕϐριν
410 4379 566 4433 τοῦτο
604 4376 683 4446 τῷ
713 4376 871 4445 Λόγῳ
902 4375 1079 4442 φέρει,
1115 4366 1524 4438 φιλανθρωπίαν
1566 4363 1621 4414 δὲ
1659 4361 1792 4430 μᾶλ-

202 4478 321 4542 λον,
356 4475 452 4527 καὶ
497 4471 654 4535 δόξαν
703 4468 791 4521 διὰ
836 4467 994 4520 τοῦτο
1039 4466 1264 4533 ἄπειρον
1305 4459 1398 4513 καὶ
1452 4457 1788 4528 ἀμέτρητον.

205 4570 338 4623 Ὀτι
369 4565 477 4634 γὰρ
504 4563 654 4616 οὐδὲν
691 4563 754 4613 ἐκ
783 4557 974 4611 τούτου
1006 4557 1032 4609 6
1058 4555 1230 4621 Λόγος
1267 4551 1350 4603 ἐό)
1365 4551 1584 4609 ἀπτετο,
1617 4547 1789 4614 did/au-

207 4675 339 4720 στος
373 4657 632 4725 ὑπάρχων
665 4651 764 4720 τὴν
799 4648 960 4718 φύσιν
997 4645 1090 4699 καὶ
1119 4642 1334 4711 ἀπαθὴς
1365 4641 1458 4692 καὶ
1485 4635 1791 4707 ἀπερίγρα-

207 4767 334 4820 φος,
371 4747 595 4819 ἀρρήτῳ
630 4742 685 4794 δὲ
721 4737 1102 4810 φιλανθρωπία
1147 4735 1209 4787 τὸ
1250 4733 1484 4803 πρᾶγμα
1517 4729 1790 4798 διήνυσεν,

208 4844 381 4897 ἄκουε
417 4839 577 4892 πάλιν
628 4830 792 4886 αὐτοῦ
833 4830 925 4883 τοῦ
950 4825 1162 4881 Παύλου
1199 4822 1356 4876 τοῦτο
1413 4820 1788 4878 διδάσκοντοςο

217 4954 236 4986 ι
261 4931 473 5003 Ἰησοῦς
505 4926 761 5000 Χριστὸς,
801 4922 984 4992 φησὶν,
1011 4918 1135 4989 χθὲς
1171 4916 1266 4968 καὶ
1285 4914 1546 4982 σήμερον,
1570 4911 1596 4960 ὁ
1633 4906 1795 4967 αὐτὸς

211 5025 314 5079 καὶ
337 5024 416 5085 εἰς
432 5020 557 5083 τοὺς
569 5017 790 5078 αἰῶναςο
805 5032 821 5064 t
845 5013 903 5065 τὸ
923 5011 1049 5080 γάρ,
1073 5004 1427 5077 χθές,λέγων,
1443 5001 1541 5069 τὴν
1559 4994 1795 5070 προαιώ-

211 5135 331 5171 νιον
358 5112 523 5168 αὐτοῦ
553 5108 807 5180 σημαίνει
835 5103 1020 5170 δόξαν·
1046 5099 1107 5151 τὸ
1134 5098 1191 5150 δέ
1221 5097 1478 5165 σήμερον,
1502 5087 1796 5149 ἐνεστῶτος

213 5206 418 5278 καιροῦ
466 5204 702 5256 ποιεῖται
744 5191 1115 5266 σημαντικόν·
1155 5188 1249 5240 καὶ
1290 5187 1368 5238 ὅτι
1419 5184 1518 5234 οὐκ
1559 5177 1795 5248 ἐτράπη.

215 5301 335 5357 ἀλλ’
369 5300 450 5352 ὅτι
480 5298 507 5349 6
534 5293 696 5354 αὐτὸς
726 5290 938 5359 ἔμεινεν
966 5283 1058 5337 καὶ
1087 5283 1143 5333 ἐν
1178 5277 1343 5348 σαρκὶ
1368 5273 1678 5342 γενόμενος,
1707 5267 1801 5320 καὶ

218 5393 380 5446 ἔσται
435 5390 517 5448 εἰς
544 5385 668 5446 τοὺς
696 5380 918 5442 αἰῶνας,
952 5374 1254 5442 ἐπήγαγεν,
1309 5387 1326 5418 ι
1356 5369 1383 5420 ὁ
1405 5363 1567 5426 αὐτὸς
1607 5360 1702 5413 καὶ
1724 5361 1802 5420 εἰς

218 5485 354 5546 τοὺς
389 5480 613 5539 αἰῶνας.
641 5494 658 5525 ι
693 5474 820 5526 Ὅτε
853 5467 1032 5521 τοίνυν
1048 5463 1219 5517 ταῦτα
1242 5460 1410 5521 οὕτως
1432 5457 1561 5526 ἔχει,
1609 5452 1802 5522 φιλαν-

226 5574 450 5646 θρωπίᾳ
497 5567 708 5641 μεγάλῃ
740 5563 835 5634 τὴν
894 5561 972 5623 εἰς
1026 5557 1172 5627 ἡμᾶς
1211 5553 1431 5621 ἀγάπην
1481 5545 1802 5609 ἐνεδείξατο,

967 5765 1010 5795 ίδ
1040 5764 1176 5817 Psat.
1212 5771 1396 5815 uxxt.
1428 5755 1480 5808 6.

314 5779 358 5811 ”
384 5778 540 5830 Rom,
577 5788 648 5837 ιν,
677 5771 768 5836 ‘25,
799 5767 885 5820 '21.
967 5767 1010 5795 ”
1040 5767 1176 5817 Psat.
1212 5771 1396 5815 uxxt.
1428 5767 1480 5808 υ.
1561 5767 1599 5783 υ

314 5851 322 5883 l
356 5850 463 5883 r...-
511 5860 601 5883 nn
793 5840 836 5870 ²⁰
867 5837 992 5883 ibid.
1029 5837 1080 5883 ti.
1177 5833 1218 5862 "
1246 5828 1421 5883 Galut.
1457 5840 1528 5883 tv,
1571 5824 1599 5876 ιί

1296 5840 1421 5880 atat.
1457 5840 1528 5888 tv,
1571 5840 1622 5876 ιι.

240 5852 281 5883 ¹⁹
308 5851 324 5903 1
356 5850 482 5903 Cur.
511 5860 627 5907 \‘llt,
663 5842 716 5894 5.
793 5840 836 5870 ²⁰
865 5837 992 5891 ibid.
1029 5837 1080 5888 ti.

1860 629 1982 667 eum
2011 610 2101 680 qui
2138 607 2436 662 suscitatus
2470 601 2593 666 fuit,
2633 598 2924 652 Dominum
2959 587 3323 662 appellatum?
3355 585 3428 639 Ne

1857 718 1990 774 ergo
2043 715 2162 770 qme
2216 697 2510 753 secundum
2562 690 3022 759 dispensationem
3075 691 3203 738 sunt
3258 681 3425 741 dicta,

1859 793 2119 850 seandalo
2156 790 2248 845 tibi
2277 789 2405 841 sint.

1931 886 2024 939 25.
2050 883 2160 938 Sed
2185 891 2239 936 et
2263 879 2406 932 aliud
2435 874 2712 946 praedictis
2737 868 3044 925 necessario
3069 861 3427 935 adjiciendum

1859 990 1962 1045 est,
1994 992 2062 1033 ne
2098 976 2219 1046 quis
2261 972 2571 1040 suspicetur
2624 968 2801 1036 ipsum
2850 961 3109 1032 gratiose,
3145 957 3290 1012 sicut
3331 969 3428 1007 no-

1859 1073 1941 1128 bis
1969 1045 2244 1129 usuvenit,
2282 1075 2337 1120 ct
2372 1065 2539 1118 Deum
2589 1058 2757 1112 fuisse
2782 1053 3107 1124 appellatum
3151 1058 3202 1103 et
3247 1045 3430 1099 Domi-

1859 1179 1986 1219 num
2013 1173 2174 1229 atque
2203 1157 2422 1213 Filium.
2466 1152 2575 1207 Nos
2605 1150 2802 1220 quippe
2842 1143 3056 1199 etiamsi
3089 1139 3161 1194 dii
3196 1135 3431 1206 appelle-

1861 1273 2002 1323 mur,
2035 1252 2206 1308 nihilo
2234 1259 2413 1302 tamen
2447 1244 2625 1297 minus
2657 1235 2992 1292 inﬁrmitatis
3025 1229 3184 1287 simul
3231 1235 3432 1280 nostra!

1861 1346 2136 1404 modulum
2178 1340 2453 1394 audimus.
2489 1355 2506 1386 ι
2547 1332 2658 1403 Ego
2691 1329 2833 1384 enim
2882 1325 3031 1389 dixi,
3070 1319 3246 1389 inquit
3283 1314 3428 1370 Psal-

1863 1442 2045 1501 mista,
2068 1436 2152 1490 Dii
2200 1432 2333 1488 estis
2366 1438 2420 1482 et
2447 1423 2710 1480 Altissimi
2755 1419 2850 1474 ﬁlii
2884 1417 2948 1470 ιδ.
2985 1434 3003 1468 ι
3050 1413 3154 1467 Sed
3188 1408 3435 1480 protinus

1863 1530 2047 1586 addit:
2071 1547 2088 1578 (
2111 1526 2218 1580 Vos
2240 1533 2421 1576 autem
2447 1527 2505 1570 ut
2531 1515 2779 1569 homines
2802 1519 3030 1563 mortem
3058 1499 3303 1575 patimini
3323 1498 3386 1548 ⁸⁵.
3410 1513 3431 1548 ν

1863 1625 2025 1680 Certe
2054 1625 2269 1675 constat
2300 1615 2399 1667 hac
2423 1625 2521 1664 nos
2555 1603 2918 1677 appellatione
2948 1594 3167 1652 nonnisi
3189 1607 3283 1661 per
3309 1603 3436 1658 gra-

1866 1679 1993 1770 tiam
2027 1710 2153 1766 frui.
2182 1705 2297 1760 Non
2325 1703 2403 1759 sic
2427 1701 2561 1769 ipse,
2598 1696 2692 1750 sed
2729 1706 2851 1747 cum
2888 1690 3047 1759 digna
3093 1686 3205 1738 Deo
3263 1679 3434 1750 gloria

1866 1820 2059 1861 nomen
2091 1813 2309 1872 quoque
2342 1794 2501 1866 gerit.
2529 1790 2767 1844 Vocatur
2790 1799 2894 1838 non
2930 1776 3253 1848 simpliciter
3273 1773 3438 1834 Deus,

1868 1900 1962 1955 sed
2003 1909 2165 1965 super
2193 1890 2374 1948 omnia
2424 1885 2584 1946 Deus,
2611 1888 2663 1934 et
2697 1876 3016 1933 benediCIus
3060 1870 3113 1923 in
3145 1865 3339 1921 saecula
3369 1861 3435 1914 η.

1867 1990 2109 2045 Vocatur
2138 1985 2263 2039 item
2299 1978 2582 2041 Dominus,
2610 1987 2716 2028 non
2747 1967 2965 2024 nomine
3006 1972 3188 2021 tenus,
3227 1965 3284 2009 ut
3317 1967 3437 2014 nos,

1868 2086 1960 2140 sed
2003 2079 2190 2151 gloria:
2228 2073 2512 2133 Dominus,
2551 2065 2922 2129 Dominusque
2964 2054 3226 2114 oumium,
3261 2057 3318 2101 ut
3343 2046 3443 2100 Pe—

1869 2189 1985 2230 trus
2023 2172 2206 2228 docuit
2241 2170 2303 2222 ".
2335 2165 2543 2220 Dicitur
2575 2160 2737 2215 etiam
2763 2153 2966 2215 Filius;
2997 2158 3052 2200 at
3090 2161 3158 2198 ne
3183 2142 3284 2195 hoc
3317 2138 3442 2207 qui-

1870 2269 1991 2323 dem
2027 2274 2087 2319 ut
2111 2277 2212 2316 nos
2242 2255 2582 2326 simpliciter,
2628 2248 2724 2305 sed
2765 2245 2957 2300 unicus
2998 2237 3187 2298 Filius,
3221 2242 3274 2287 et
3311 2230 3444 2285 sub-

1870 2357 2202 2416 stantialiter
2257 2364 2421 2404 verus
2449 2388 2463 2412 ,
2493 2357 2553 2400 ut
2588 2343 2666 2396 ait
2697 2337 2935 2393 Joannes
2971 2346 2987 2385 :
3021 2347 3039 2379 ι
3077 2327 3144 2380 Et
3171 2337 3357 2380 sumus
3388 2320 3444 2373 in

1872 2465 2002 2505 vero
2037 2448 2168 2510 Deo,
2211 2452 2265 2496 et
2300 2443 2352 2495 in
2393 2437 2533 2491 Filio
2571 2433 2706 2502 eius.
2739 2428 2840 2482 llic
2872 2438 3028 2479 verus
3058 2421 3202 2475 Deus
3245 2424 3349 2478 est,
3391 2422 3447 2467 et

1873 2544 1980 2596 vita
2003 2549 2204 2594 acterna
2231 2534 2300 2587 ’⁸.
2345 2551 2362 2584 ›
2405 2525 2738 2584 Manifestius
2775 2530 2953 2573 autem
2998 2515 3139 2568 hunc
3172 2507 3448 2579 apostolus

1873 2633 2073 2690 Paulus
2102 2645 2130 2682 a
2163 2626 2347 2681 multis
2382 2618 2660 2681 discernit,
2693 2621 2877 2683 utpote
2905 2606 3078 2662 solum
3115 2612 3163 2657 et
3194 2615 3322 2654 vere
3354 2596 3448 2652 Fi-

1876 2727 2025 2780 lium.
2054 2724 2144 2776 Ait
2172 2721 2316 2775 enim
2348 2716 2425 2770 sic
2465 2730 2480 2766 :
2517 2731 2534 2762 ι
2572 2707 2707 2761 Nam
2739 2704 2840 2759 etsi
2880 2707 3008 2755 sunt
3053 2696 3142 2765 qui
3189 2694 3448 2746 dicuntur

1877 2813 1972 2877 dii,
2002 2813 2115 2865 sive
2147 2810 2198 2860 in
2237 2804 2397 2867 caelo,
2429 2801 2545 2856 sive
2578 2811 2742 2865 super
2776 2803 3004 2852 terram,
3054 2783 3213 2840 sicuti
3257 2792 3447 2835 revera

1878 2912 2003 2958 sunt
2054 2902 2124 2955 dii
2177 2896 2366 2959 multi,
2404 2902 2457 2946 et
2495 2888 2645 2944 multi
2679 2886 2767 2954 qui
2799 2882 3052 2936 dicuntur
3080 2872 3282 2929 domini
3312 2870 3392 2935 ";
3425 2887 3446 2919 ν

1879 2994 2059 3050 subdit
2089 2999 2145 3044 ut
2165 2988 2466 3054 intelligas:
2493 3000 2510 3032 ι
2533 2979 2700 3034 Nobis
2736 2985 2913 3027 tamen
2940 2982 3082 3022 unus
3116 2966 3257 3019 Deus
3287 2960 3452 3014 Pater

1881 3102 1943 3142 ex
1971 3099 2079 3154 quo
2111 3080 2385 3142 omnia,et
2408 3088 2547 3128 unus
2581 3067 2843 3124 Dominus
2878 3061 3036 3117 Jesus
3075 3055 3328 3112 Christus
3356 3066 3452 3121 per

1882 3193 2039 3247 quem
2080 3175 2258 3228 omnia
2285 3171 2348 3222 ’°.
2394 3187 2410 3218 ι
2447 3163 2657 3226 Cernis,
2699 3157 2842 3228 quod
2885 3169 2992 3209 non
3039 3166 3159 3205 cum
3200 3145 3455 3202 omnibus

1882 3269 1998 3338 ipse
2042 3264 2303 3319 Dominus
2354 3258 2438 3310 vel
2479 3257 2620 3308 Deus
2666 3250 3000 3310 nominatur,
3031 3241 3125 3297 sed
3163 3252 3299 3292 unus
3331 3249 3453 3289 cum

1883 3361 2044 3416 Patre
2102 3353 2459 3427 gloriﬁcatur,
2519 3357 2777 3412 tanquam
2838 3354 2901 3393 ex
2959 3336 3078 3405 ipso
3131 3326 3457 3386 naturaliter

1883 3445 2188 3506 exsistcns?

1955 3621 2047 3676 26.
2089 3618 2347 3687 Superest
2401 3620 2457 3666 ut
2505 3607 2650 3663 aliud
2695 3603 2936 3673 Apostoli
2985 3597 3354 3654 testimonium
3403 3591 3457 3644 in

1888 3715 2122 3768 medium
2155 3707 2518 3779 proferamus,
2556 3701 2698 3769 quod
2746 3699 2889 3751 hunc
2925 3706 3112 3748 verum
3157 3689 3323 3742 Deum
3379 3681 3460 3736 Fi-

1887 3807 2019 3860 lium
2053 3775 2293 3856 ostendit
2319 3811 2440 3850 esse
2469 3793 2765 3852 hominem,
2797 3801 2955 3856 quem
2986 3781 3203 3854 egregia
3248 3775 3461 3847 peperit

1889 3898 2074 3962 Virgo.
2112 3892 2183 3945 lta
2224 3904 2356 3942 vero
2397 3900 2455 3940 se
2497 3884 2699 3937 habet:
2747 3897 2765 3929 ι
2805 3878 2941 3930 Cum
2992 3874 3141 3926 venit
3182 3865 3461 3938 plenitudo

1891 3986 2173 4056 temporis,
2205 3981 2350 4034 misit
2396 3979 2542 4030 Deus
2589 3972 2784 4026 Filium
2819 3981 2972 4022 suum
3016 3964 3215 4017 factum
3244 3975 3308 4013 ex
3346 3973 3464 4011 mu-

1890 4082 2026 4134 liere
2052 4078 2118 4129 “.
2156 4095 2174 4126 ι
2212 4071 2490 4126 Neminem
2522 4079 2688 4134 porro
2719 4063 2820 4116 hoc
2844 4060 3027 4113 dicere
3055 4055 3284 4123 pudeat;
3319 4048 3463 4103 nulla

1890 4171 2032 4224 enim
2071 4167 2193 4220 hinc
2216 4162 2412 4232 injuria
2443 4157 2617 4212 Verbo
2652 4154 2733 4216 ﬁt,
2768 4147 3076 4217 benignitas
3113 4157 3239 4196 vero
3273 4137 3466 4211 1H,:

1893 4258 2071 4329 potius
2113 4252 2365 4323 patescit,
2403 4258 2456 4302 et
2495 4244 2667 4315 gloria
2709 4239 2923 4293 inﬁnita
2957 4243 3122 4304 atque
3171 4233 3465 4284 immensu-

1894 4320 2283 4405 rabilisaNam
2326 4338 2467 4408 quod
2519 4334 2652 4389 nihil
2699 4331 2825 4387 inde
2869 4326 3105 4380 Verbum
3155 4320 3462 4379 detrimenti

1896 4443 2095 4511 capiat,
2127 4451 2247 4491 cum
2280 4434 2352 4488 sit
2387 4425 2710 4496 intaugibile
2753 4431 2945 4489 suapte
2979 4426 3195 4478 natura,
3228 4411 3469 4480 impassi-

1821 4555 1866 4611 Ι)
1896 4507 2023 4599 bile,
2058 4539 2112 4584 et
2162 4521 2692 4587 incircumscriptum
2723 4553 2737 4579 ,
2779 4514 2872 4567 sed
2900 4507 3160 4564 ineﬁ‘abili
3200 4522 3296 4560 sua
3343 4517 3468 4572 erga

1901 4625 2150 4681 homines
2187 4619 2430 4673 bonitate
2466 4613 2518 4665 id
2553 4607 2812 4668 eﬂecerit,
2850 4603 2973 4656 audi
3021 4613 3211 4652 rursus
3247 4595 3470 4649 Paulum

1905 4720 2007 4772 hoc
2058 4715 2378 4768 docentem:
2416 4724 2434 4756 ‹
2473 4703 2634 4758 Jesus
2663 4698 2944 4760 Christus,
3003 4691 3215 4760 inquit,
3259 4687 3377 4740 heri
3420 4694 3474 4738 et

1902 4807 2081 4871 hodie,
2114 4804 2253 4856 idem
2271 4807 2325 4853 et
2347 4797 2399 4849 in
2436 4791 2633 4848 szeeula
2667 4790 2733 4842 ”.
2768 4805 2785 4837 ι
2819 4785 2953 4838 Cum
2985 4783 3117 4836 dicit
3148 4779 3289 4842 heri,
3331 4791 3474 4831 sem-

1906 4902 2168 4970 piternam
2213 4892 2330 4959 ejus
2363 4887 2494 4942 dicit
2543 4881 2794 4953 gloriam.
2856 4875 3030 4929 Hodie
3072 4887 3200 4926 vero
3237 4883 3477 4940 praesens

1908 4969 2120 5058 tempus
2160 4982 2448 5051 signiﬁcat.
2500 4974 2567 5028 Et
2597 4971 2720 5042 quia
2768 4979 3043 5036 nunquam
3094 4971 3330 5017 mutatus
3368 4969 3473 5022 est,

1907 5081 2155 5146 idemque
2191 5071 2393 5126 mansit
2422 5067 2585 5122 etiam
2615 5077 2741 5117 caro
2773 5060 2971 5119 factus,
2997 5055 3210 5121 eritque
3247 5053 3298 5105 in
3330 5059 3480 5105 aeter-

1906 5187 2055 5235 nnm,
2097 5163 2300 5220 addidit
2328 5180 2346 5213 ι
2388 5160 2526 5214 idem
2567 5163 2620 5209 et
2664 5154 2717 5207 in
2761 5148 2986 5205 smcula.
3034 5165 3051 5198 ι
3089 5145 3219 5212 Quae
3247 5157 3366 5196 cum
3408 5142 3479 5193 ita

1906 5264 2033 5328 sint,
2057 5272 2247 5327 magna
2280 5251 2479 5322 oppido
2509 5244 2845 5316 benignitate
2875 5238 3197 5294 charilatem
3223 5249 3348 5303 erga
3379 5246 3478 5286 nos

1909 5371 2058 5411 suam
2101 5343 2523 5407 demonstravit,
2568 5350 2738 5406 seque
2787 5328 3214 5386 communicavit
3273 5332 3482 5378 natura:

1910 5456 2131 5506 nostraz,
2167 5449 2364 5494 utcam
2397 5433 2687 5495 relevaret,
2723 5439 2886 5495 atque
2922 5439 2951 5477 a
2983 5419 3180 5475 diaboli
3219 5415 3481 5471 servitute

1911 5539 2258 5595 subduceret.
2297 5530 2576 5588 Neminem
2629 5539 2758 5595 ergo
2801 5521 3018 5592 pudeat,
3075 5527 3198 5568 cum
3251 5523 3477 5579 puerum

1561 5753 1599 5783 ¹³
1625 5751 1754 5804 ibid.

1930 5744 2150 5797 “Rom.
2185 5755 2257 5805 Ix,
2299 5737 2349 5792 5.
2434 5692 2615 5786 "Act.
2645 5744 2698 5788 ι,
2738 5723 2825 5779 56.
2929 5719 2970 5750 ⁸⁸
3017 5715 3214 5772 lJoan.
3275 5726 3331 5774 ν,
3385 5708 3478 5764 '20.

1703 5823 1745 5850 "
1775 5818 1933 5872 llebr.
1972 5830 2088 5878 χιιι,
2122 5814 2173 5866 8.
