4078 6348
600 373 701 426 887

1590 380 1646 434 S.
1689 382 1964 438 CYRILLI
2006 385 2475 442 ALEXANDRINI
2516 390 2831 447 ARCHIEP.

3748 402 3857 462 288

606 487 713 541 dici
747 488 898 541 audit
928 499 980 543 et
1010 490 1359 559 infantulum,
1390 504 1445 551 et
1486 498 1749 569 quidquid
1788 501 1935 556 aliud
1982 503 2169 559 humav

2277 508 2369 558 καὶ
2410 506 2813 578 κεκοινώνηκεν
2840 510 2905 577 τῇ
2943 508 3188 580 ἡμετέρᾳ
3218 508 3399 579 φύσει,
3441 512 3527 567 ἴνα
3569 514 3854 590 ἀναστήσῃ

603 579 747 634 nitus
787 581 853 635 de
897 581 989 637 illo
1027 585 1288 655 scriptum
1324 598 1427 642 est.
1461 588 1667 645 Cuncta
1704 593 1848 647 enim
1887 595 2029 649 haud
2066 597 2171 662 sui,

604 672 697 725 sed
731 672 900 727 nostri
945 689 1107 730 causa
1143 677 1437 745 sustinuit,
1472 683 1613 749 quod
1668 682 1962 738 humanam
2012 694 2175 740 natu-

605 777 717 814 ram
754 764 909 817 decet
964 766 1164 834 ubique
1195 784 1546 837 conservans,
1587 789 1653 828 tte
1695 774 1833 830 forte
1873 776 2178 846 phantasia:

604 846 779 902 instar
806 849 985 906 divina
1016 852 1346 927 dispensatio
1374 862 1799 919 existimaretur.

675 1110 763 1164 27.
806 1109 972 1181 Igitur
1004 1128 1125 1169 cum
1164 1118 1403 1173 audieris
1437 1130 1746 1191 susceptum
1784 1140 1907 1181 eum
1948 1142 1977 1184 a
2018 1129 2178 1185 beato

607 1201 839 1271 Josepho
869 1205 922 1259 in
948 1203 1242 1277 Egyptum
1258 1210 1478 1279 fugisse,
1496 1230 1580 1278 ne,
1598 1230 1803 1285 quaeso,
1824 1218 2176 1289 ignominiam

608 1296 658 1349 id
705 1311 826 1352 esse
873 1308 1055 1367 putes,
1101 1301 1194 1355 sed
1242 1304 1422 1371 potius
1469 1308 1643 1375 cogita
1693 1309 2174 1378 dispensationem.

606 1384 718 1441 Hoc
745 1388 887 1442 enim
917 1404 1022 1443 non
1054 1400 1180 1444 tunc
1205 1396 1577 1449 tantummodo
1603 1397 1670 1453 de
1694 1412 1759 1453 eo
1784 1402 2043 1468 scriptum
2072 1412 2175 1469 est,

605 1479 697 1533 sed
726 1481 888 1535 etiam
918 1496 1041 1536 cum
1072 1483 1350 1540 tricesimo
1378 1488 1553 1541 aetatis
1578 1503 1719 1544 anno
1748 1491 2043 1560 praedicare
2069 1509 2179 1550 caa-

604 1572 683 1638 pit
710 1580 763 1625 et
791 1572 1005 1640 docere,
1040 1590 1104 1630 ac
1135 1578 1520 1634 miraculorum
1549 1582 1778 1637 virtutes
1805 1597 2045 1654 patrare,
2078 1588 2177 1644 ite-

604 1677 721 1715 rum
749 1663 861 1719 haec
886 1665 951 1720 de
972 1681 1035 1721 eo
1058 1669 1255 1735 scripta
1280 1673 1660 1739 comperimus.
1692 1692 1709 1725 ι
1739 1675 1975 1734 Audiens
1998 1679 2176 1747 enim,

605 1758 809 1826 inquit,
844 1760 1106 1817 Joannem
1146 1762 1313 1820 fuisse
1354 1766 1641 1832 traditum,
1678 1772 1904 1826 secessit
1940 1772 1991 1826 in
2027 1774 2176 1829 Gali-

2279 597 2468 664 αύτὴν,
2496 599 2588 651 καὶ
2623 598 2719 663 τῆς
2751 598 2853 651 ὑπὸ
2884 598 2974 651 τὸν
2995 598 3238 656 διάϐολον
3263 602 3549 677 ἀπαλλάξῃ
3575 606 3815 671 δουλείας
3836 648 3851 664 .

2277 686 2483 756 Μηδεὶς
2503 684 2595 741 οὖν
2631 688 2969 757 αἰσχυνέσθω
3004 691 3215 744 παιδίον
3246 691 3480 758 ἀκούων,
3513 697 3605 748 καὶ
3627 696 3850 768 βρέφος,

2279 778 2373 829 κο.)⁵
2418 778 2517 831 ὅσα
2574 777 3057 852 ἀνθρωπινώτερον
3111 782 3240 853 περὶ
3289 783 3454 837 αὑτοῦ
3503 786 3853 858 γέγραπται·

2280 870 2573 939 ὑπέμεινεν
2603 870 2711 941 γὰρ
2742 873 2916 926 πάντα
2950 874 3009 928 ού
3051 874 3120 927 δι’
3156 876 3368 941 ἐαυτὸν,
3402 877 3537 931 ἀλλὰ
3575 879 3643 933 δι’
3681 881 3853 951 ἡμᾶς,

2282 961 2557 1031 πανταχοῦ
2585 960 2645 1013 τὸ
2674 961 2884 1032 πρέπον
2912 963 3192 1031 φυλάττων
3230 969 3294 1037 τῇ
3321 967 3637 1041 ἀνθρωπεία
3670 971 3856 1041 φύσει,

2279 1052 2367 1104 ἵνα
2398 1052 2471 1122 μὴ
2503 1053 2775 1120 φαντασία
2807 1055 2842 1125 ἡ
2872 1054 3152 1126 οἰκονομία
3175 1059 3479 1129 νομίζηται.

2353 1142 2455 1207 κζ’.
2491 1144 2700 1198 Οὐκοῦν
2733 1145 2831 1198 κᾶν
2858 1146 3097 1218 ἀκούσῃς
3124 1150 3204 1204 ὃτι
3239 1152 3660 1223 παραλαμϐάνει
3688 1155 3855 1211 αὐτὸν

2278 1235 2307 1287 ὁ
2346 1234 2614 1306 μακάριος
2666 1236 2881 1308 Ἰωσὴφ.
2926 1242 3022 1293 καὶ
3077 1240 3267 1310 φεύγει
3299 1246 3379 1306 είς
3427 1245 3723 1313 Αἴγυπτον,
3774 1248 3855 1321 μὴ

2281 1326 2544 1397 αἰσχύνην
2574 1328 2706 1381 αὐτὸ
2736 1329 2943 1398 νόμιζε,
2973 1332 3071 1402 τὴν
3097 1334 3152 1387 δέ
3178 1335 3490 1406 οἰκονομίαν
3516 1337 3685 1392 ἐννόει
3706 1356 3720 1370 ο
3758 1342 3856 1395 καὶ

2279 1418 2389 1490 γὰρ
2415 1421 2474 1472 ού
2500 1420 2621 1474 τότε
2654 1421 2813 1491 μόνον
2832 1421 2991 1476 τοῦτο
3016 1426 3143 1494 περὶ
3170 1424 3333 1478 αὑτοῦ
3362 1427 3689 1496 γέγραπται,
3717 1429 3857 1485 ἀλλά

2280 1512 2377 1564 καὶ
2416 1511 2504 1563 ὅτε
2536 1512 2615 1575 είς
2645 1512 2737 1566 τὸν
2767 1512 2810 1565 λ’
2845 1514 3089 1568 ἐνιαυτὸν
3122 1516 3291 1570 ἐλθὼν
3318 1518 3521 1589 ήρξατο
3563 1518 3857 1591 κηρύττειν

2283 1602 2376 1655 καὶ
2405 1602 2695 1669 διδάσκειν,
2732 1603 2825 1657 καὶ
2859 1605 2969 1659 τῶν
3004 1606 3324 1677 θαυμασίων
3356 1610 3597 1663 ἐπετέλει
3635 1611 3735 1683 τὴν
3764 1612 3860 1666 δύο

2281 1712 2466 1765 ναμιν,
2499 1694 2662 1750 πάλιν
2687 1696 2911 1750 τοιαῦτα
2948 1698 3075 1768 περὶ
3113 1699 3277 1753 αὑτοῦ
3309 1701 3670 1771 γεγραμμένα
3698 1702 3857 1773 εὑρί-

2284 1801 2515 1855 σκομεν·
2548 1805 2565 1837 ι
2609 1786 2872 1850 Ἀκούσας
2905 1787 3036 1857 γὰρ,
3065 1789 3251 1858 φησὶν,
3292 1789 3375 1843 ὅτι
3420 1790 3677 1862 Ἰωάννης
3706 1806 3857 1861 παρο

605 1850 754 1905 laeum
787 1852 883 1908 η.»
913 1854 1091 1909 Etalia
1110 1856 1834 1925 bujusmodideprehendere
1858 1863 2170 1920 est.Verum

2282 1850 2459 1946 εδόθη,
2512 1876 2861 1948 ἀνεχώρησεν
2900 1850 3103 1949 είς-τὴν
3127 1850 3435 1933 Ταλιλαίαν
3458 1898 3471 1913 ο
3508 1902 3525 1935 ι
3564 1850 3859 1953 καλνέτερα

605 1941 716 1995 haec
749 1942 889 1997 haud
923 1954 1092 2009 metu,
1121 1962 1293 2017 neque
1325 1957 1451 2006 tunc
1479 1966 1655 2019 neque
1685 1962 1867 2022 postea
1902 1955 2050 2020 fecit,
2079 1957 2171 2013 sed

602 2035 727 2101 quia
757 2043 968 2105 tempus
996 2038 1245 2093 idoneum
1278 2043 1629 2110 exspectabat
1655 2045 1878 2100 salutari
1911 2048 2169 2116 passioni.

603 2124 897 2194 Oportebat
926 2130 1069 2184 enim
1102 2132 1279 2200 primo
1310 2134 1668 2192 inclarescere
1696 2138 2135 2204 prwdicationetn
2157 2180 2171 2203 ,

602 2227 655 2272 et
693 2220 870 2274 omnia
908 2236 1026 2290 quae
1059 2223 1377 2277 decreverat
1413 2225 1528 2279 ﬁeri
1551 2267 1565 2293 ,
1605 2242 1670 2281 ac
1706 2236 1815 2281 tum
1850 2227 2065 2284 demum
2104 2232 2172 2287 ad

601 2310 893 2365 salutarem
923 2313 1228 2380 passionem
1252 2315 1469 2383 venire;
1496 2317 1637 2383 quod
1661 2326 1716 2371 et
1743 2333 1931 2388 reapse
1955 2318 2171 2378 accidit.

601 2399 754 2466 Quod
793 2411 971 2457 autem
1009 2416 1115 2457 non
1157 2402 1601 2460 consternatione
1640 2409 1806 2461 animi
1844 2418 1936 2462 aut
1974 2423 2175 2478 pavore

600 2490 676 2544 ita
710 2505 769 2546 se
802 2492 1047 2560 gesserit,
1082 2505 1291 2551 constat
1323 2511 1388 2551 ex
1424 2498 1510 2552 his
1543 2514 1661 2568 quae
1696 2498 1841 2567 fecit,
1875 2515 1997 2555 cum
2036 2503 2173 2558 tradi

600 2597 659 2637 se
697 2583 867 2639 noluit
901 2603 914 2640 :
953 2601 1077 2641 nam
1111 2586 1313 2646 Judaais
1346 2590 1477 2647 dare
1510 2606 1633 2646 eum
1669 2594 2005 2663 praecipitem
2045 2603 2173 2650 tunc

600 2673 925 2739 volentibus,
959 2694 977 2729 ι
1014 2676 1153 2747 Ipse,
1188 2678 1363 2749 inquit
1391 2682 1743 2751 evangelista,
1776 2685 2047 2739 transiens
2078 2700 2175 2754 per

599 2764 833 2819 medium
879 2766 1093 2821 illorum
1138 2769 1339 2827 ibat“.
1385 2788 1403 2822 ι
1443 2772 1562 2826 Alio
1602 2773 1730 2827 item
1775 2784 2013 2843 tempore
2051 2792 2172 2831 cum

600 2854 799 2909 vellent
834 2871 957 2911 eum
994 2874 1224 2927 capere,
1259 2878 1278 2912 ι
1317 2860 1518 2927 Nemo,
1555 2864 1759 2931 inquit,
1796 2867 1981 2935 injecit
2018 2868 2069 2921 in
2108 2868 2173 2922 il-

599 2946 708 2999 lum
735 2962 950 3014 manus,
972 2951 1096 3020 quia
1123 2955 1359 3007 nondum
1381 2964 1605 3008 venerat
1630 2956 1761 3011 hora
1785 2958 1901 3027 ejus
1919 2960 1982 3010 ³⁸.
2019 2978 2037 3011 ι
2067 2958 2171 3015 Sed

598 3053 720 3092 cum
751 3040 950 3110 alioqui
984 3042 1055 3096 sit
1087 3043 1320 3100 invictus
1352 3045 1513 3111 Deus,
1545 3056 1784 3102 attamen
1818 3052 2172 3108 humanitatis

600 3145 712 3184 suae
742 3146 904 3187 causa
940 3134 1194 3199 cedebat,
1226 3145 1283 3189 ut
1314 3151 1437 3191 vere
1474 3137 1645 3194 factus
1679 3140 1844 3196 homo
1874 3144 2171 3199 videretur.

2278 1966 2335 2019 δέ
2363 1967 2591 2022 τοιαῦτα
2636 1967 2782 2023 ἔστιν
2822 1970 3003 2041 εὑρεῖν
3026 1986 3041 2000 ο
3073 1970 3185 2023 ἀλλ’
3218 1972 3277 2024 οὐ
3312 1973 3460 2042 φόϐῳ
3490 1972 3649 2029 τοῦτο
3678 1975 3859 2029 ἐποίει

2277 2058 2397 2110 οὐδὲ
2430 2059 2550 2112 τότε
2580 2059 2699 2114 οὐδὲ
2740 2059 2855 2123 νῦν,
2886 2060 3021 2114 ἀλλά
3057 2061 3147 2114 τὸν
3186 2063 3465 2132 πρέποντα
3491 2066 3682 2136 καιρὸν
3722 2067 3861 2122 ἀνα·

2282 2150 2457 2220 μένων
2486 2151 2578 2204 τοῦ
2628 2152 2897 2222 σωτηρίου
2931 2154 3137 2217 πάθους
3158 2170 3171 2184 °
3207 2154 3315 2208 ἔδει
3342 2156 3451 2227 γάρ
3482 2158 3694 2225 πρῶτον
3741 2158 3861 2213 δια-

2278 2241 2489 2310 λάμψαι
2536 2243 2598 2296 τὸ
2646 2243 2955 2312 κήρυγμα,
3014 2246 3110 2298 καὶ
3156 2246 3334 2300 πάντα
3387 2249 3701 2301 ἐπιτελέσαι
3752 2251 3861 2305 ὅσα

2279 2328 2549 2395 ἐϐούλετο,
2570 2331 2663 2384 καὶ
2684 2332 2807 2384 τότε
2836 2333 2930 2385 καὶ
2958 2335 3051 2386 ἐπὶ
3071 2334 3133 2387 τὸ
3160 2336 3424 2406 σωτήριον
3450 2337 3619 2400 πάθος
3643 2337 3822 2393 ἐλθεῖν
3842 2358 3857 2373 ’

2278 2423 2305 2475 ὃ
2343 2423 2406 2493 δὴ
2434 2425 2527 2477 καὶ
2559 2424 2803 2493 γέγονεν.
2836 2425 2958 2480 Ὅτι
3007 2425 3064 2479 δέ
3097 2425 3157 2478 ού
3198 2426 3349 2499 φόϐῳ
3375 2429 3470 2482 καὶ
3497 2429 3667 2504 δειλίᾳ
3696 2432 3863 2487 τοῦτο

2278 2516 2507 2582 ἐγίνετο,
2530 2515 2688 2586 δῆλον
2710 2516 2801 2586 ἀφ’
2818 2507 2892 2573 ὧν
2918 2516 3216 2587 πεποίηκεν
3236 2515 3325 2572 ὅτε
3354 2521 3723 2591 παραδοθῆναι
3756 2522 3862 2575 οὐκ

2279 2607 2564 2661 ἐϐούλετοο
2596 2610 2689 2662 καὶ
2728 2609 2838 2679 γάρ
2876 2609 2987 2664 τῶν
3025 2610 3298 2665 Ἰουδαίων
3338 2614 3500 2667 αὐτὸν
3529 2613 3651 2667 τότε
3684 2630 3861 2668 κατα·

2278 2701 2580 2772 κρημνίσαι
2608 2701 2977 2772 θελησάντων,
3016 2720 3035 2755 ι
3061 2704 3255 2768 Αὐτὸς,
3286 2706 3470 2774 φησιν,
3510 2705 3734 2759 διελθὼν
3766 2707 3862 2761 διὰ

2282 2792 2449 2860 μέσου
2490 2792 2669 2848 αὐτῶν
2690 2794 3013 2864 ἐπορεύετο·
3049 2812 3068 2847 ι
3107 2795 3202 2849 καὶ
3230 2795 3420 2849 ἀλλοτε
3458 2796 3514 2849 δέ
3545 2797 3739 2852 πιάσαι
3758 2800 3862 2852 αὑ-

2278 2883 2369 2935 τὸν
2391 2883 2671 2945 θελόντων,
2693 2903 2710 2934 ι
2739 2885 2945 2948 Οὐδεὶς,
2973 2885 3156 2955 φησὶν,
3182 2886 3446 2940 ἐπέϐαλεν
3467 2888 3551 2940 ἐπ’
3574 2886 3735 2941 αὐτὸν
3756 2886 3861 2950 τάς

2278 2976 2485 3043 χεῖρας,
2519 2974 2600 3028 ὅτι
2624 2974 2777 3031 οὔπω
2806 2976 3065 3046 ἐλήλυθεν
3096 2977 3468 3050 ᾑῶρααὺτοῦ.
3500 2999 3516 3032 ι
3544 2978 3689 3049 Πλὴν
3718 2978 3871 3033 ἀλλὰ

2263 3064 2375 3117 ,καὶ
2403 3065 2703 3135 ἀχείρωτος
2752 3062 2893 3121 εἶναι
2940 3070 3239 3140 δυνάμενος
3278 3071 3353 3134 ὠς
3378 3071 3529 3136 Θεὸς,
3570 3071 3728 3123 πάλιν
3766 3070 3861 3125 διὰ

2278 3154 2339 3209 τὸ
2368 3156 2707 3226 ἀνθρώπινον
2742 3158 3106 3231 ὑπανεχώρει,
3141 3161 3227 3215 ἵνα
3259 3162 3517 3233 φαίνηται
3549 3161 3689 3215 κατά
3718 3162 3859 3235 ἀλή-

599 3221 751 3286 Quod
787 3224 831 3278 si
870 3224 993 3294 quis
1021 3226 1197 3291 dicat,
1236 3227 1345 3283 Cur
1379 3245 1485 3283 non
1527 3238 1637 3285 tum
1675 3247 1889 3301 quoque
1925 3250 2045 3290 cum
2085 3238 2170 3292 in-

2277 3246 2427 3300 θειαν
2455 3221 2747 3318 γενόμενος
2788 3221 3100 3318 ἄνθρωπος.-
3129 3253 3191 3305 Εί
3238 3221 3294 3305 δέ
3342 3221 3490 3321 λέγοι
3517 3272 3620 3318 τις,
3647 3256 3751 3308 Διά
3798 3221 3859 3309 τί

599 3312 840 3368 tantulus
881 3324 1019 3378 erat,
1063 3315 1289 3373 insidias
1331 3332 1427 3386 per
1466 3334 1524 3375 se
1566 3320 1683 3389 ipse
1728 3321 2039 3391 declinavit,
2079 3328 2171 3381 sed

600 3402 927 3459 admonente
963 3407 1188 3475 angelo?
1214 3409 1370 3473 sciat,
1408 3420 1518 3464 tum
1553 3426 1767 3481 quoque
1802 3429 2022 3484 operam
2057 3416 2173 3485 ejus

599 3494 989 3562 intervenisse;
1022 3501 1115 3552 sed
1148 3515 1216 3553 ne
1245 3515 1306 3553 ea
1338 3516 1423 3555 res
1454 3501 1874 3571 dispensationis
1906 3508 2171 3563 rationem

599 3588 1007 3655 pessumdaret,
1055 3590 1237 3645 habito
1280 3593 1457 3648 aetatis
1506 3604 1754 3663 respectu
1831 3596 2033 3653 idcirco
2078 3613 2173 3669 per

600 3679 845 3749 angelum
877 3696 988 3740 rem
1020 3682 1271 3753 gessisse.

664 3862 756 3919 28.
798 3863 951 3930 Quod
985 3872 1162 3919 autem
1199 3866 1420 3921 humani
1457 3867 1617 3922 oﬂicii
1653 3884 1845 3935 causa,
1877 3883 2070 3927 cuncta
2105 3875 2173 3928 ad

600 3954 1016 4022 dispensationis
1052 3971 1293 4010 normam
1334 3959 1620 4026 dirigeret,
1658 3975 1986 4029 carnemque
2023 3975 2175 4032 pate-

599 4053 749 4099 retur
788 4046 1149 4113 proprietates
1196 4062 1322 4101 suas
1369 4048 1777 4115 demonstrare,
1828 4054 2176 4120 persuadebit

600 4134 696 4189 tibi
734 4151 921 4192 rursus
953 4136 1182 4205 ipsemet
1214 4138 1484 4193 Christus.
1518 4137 1650 4192 Nam
1684 4156 1805 4194 cum
1838 4142 2029 4197 beatus
2065 4145 2171 4198 Ba-

596 4228 762 4298 ptista
786 4230 835 4281 ei
860 4228 1068 4282 diceret
1094 4249 1105 4283 :
1138 4249 1156 4280 ι
1192 4230 1301 4299 Ego
1325 4246 1462 4299 Opus
1491 4234 1659 4287 habeo
1684 4249 1711 4285 a
1743 4243 1792 4288 te
1818 4235 2113 4302 baptizari,
2147 4257 2164 4288 ι

598 4320 879 4387 respondit
912 4320 960 4374 ei
998 4334 1011 4373 :
1053 4338 1074 4371 ι
1116 4320 1245 4375 Sine
1284 4325 1472 4388 modo;
1510 4326 1589 4377 sic
1622 4325 1762 4379 enim
1801 4336 2013 4395 Oportet
2048 4344 2169 4382 om-

596 4424 719 4463 nem
746 4410 1013 4477 justitiam
1045 4410 1257 4479 impleri
1284 4412 1351 4464 “.
1388 4430 1404 4463 ι
1436 4412 1701 4474 Videsne,
1735 4417 1876 4481 quod
1908 4426 1961 4470 et
1994 4418 2170 4487 bapti-

596 4517 769 4557 smum
802 4512 853 4557 et
886 4511 1079 4557 cuncta
1114 4503 1423 4572 hnjusmodi
1457 4503 1630 4559 oﬂicia
1666 4507 1913 4574 prudenti
1948 4510 2167 4578 dispen-

596 4596 805 4649 satione
834 4596 1135 4663 receperit?
1162 4595 1385 4660 Quoties
1410 4611 1541 4664 ergo
1566 4608 1618 4650 et
1648 4614 1869 4667 puerum
1898 4610 1952 4654 et
1981 4603 2161 4658 infan-
2201 4578 2242 4631 θ

596 4688 802 4751 tulum,
842 4697 897 4741 et
932 4685 1194 4755 quidquid
1233 4687 1465 4741 humano
1505 4705 1651 4743 more
1692 4690 1757 4743 de
1796 4706 1861 4744 eo
1902 4694 2160 4762 scriptum

594 4788 710 4842 est,
745 4780 932 4842 audis,
966 4788 1023 4831 ut
1052 4778 1161 4847 jam
1195 4779 1464 4842 diximus,
1500 4796 1773 4849 nunquam
1805 4798 1926 4837 eum
1960 4787 2162 4855 absque

595 4872 876 4928 divinitate
913 4869 1079 4925 fuisse
1110 4871 1395 4925 arbitrare.
1430 4871 1561 4925 Nam
1592 4882 1649 4927 et
1678 4887 1799 4926 cum
1834 4876 1994 4931 homo
2025 4878 2159 4932 dici-

596 4973 704 5027 tur,
735 4962 875 5015 Deus
900 4975 1021 5016 esse
1048 4962 1474 5027 demonstratur,
1507 4972 1565 5016 ut
1594 4978 1736 5030 saepe
1768 4979 1797 5017 a
1826 4966 1985 5021 nobis
2014 4984 2161 5022 com-

592 5052 878 5119 probatum
907 5051 1026 5105 fuit.
1048 5053 1287 5106 Accedet
1311 5053 1572 5106 hactenus
1602 5052 1761 5107 dictis
1791 5055 1942 5109 testis
1970 5056 2159 5112 beatus

594 5158 807 5213 quoque
838 5142 1097 5210 Baptista,
1128 5142 1206 5197 sic
1238 5143 1304 5197 de
1336 5142 1425 5197 illo
1456 5144 1718 5213 loquens:
1746 5162 1763 5195 ι
1796 5146 1925 5201 Post
1952 5162 2036 5200 me
2064 5162 2157 5202 ve-

594 5236 672 5286 nit
698 5234 805 5297 vir,
832 5233 921 5301 qui
954 5242 1081 5288 ante
1112 5248 1198 5288 me
1229 5233 1401 5289 factus
1432 5245 1536 5300 est,
1565 5237 1688 5304 quia
1722 5239 1867 5306 prior
1893 5252 1976 5292 me
2004 5247 2156 5304 erat;

592 5336 647 5380 et
686 5341 786 5394 ego
824 5342 946 5380 eum
990 5326 1296 5380 nesciebam
1323 5327 1390 5380 ".
1438 5346 1456 5377 ι
1501 5326 1779 5393 Quomodo
1818 5344 1945 5395 ergo
1982 5330 2156 5384 virum

592 5432 714 5471 eum
749 5417 953 5477 dicens,
989 5417 1224 5485 priorem
1256 5431 1315 5470 se
1349 5417 1518 5470 dicit?
1579 5419 1842 5487 siquidem
1879 5420 2158 5487 dispensa-

595 5510 755 5562 tionis
782 5518 1021 5577 tempore
1046 5509 1161 5578 ipse
1186 5510 1333 5578 prior
1354 5510 1542 5565 beatus
1564 5510 1801 5579 Baptista
1829 5520 1988 5567 natus
2010 5527 2161 5566 com—

592 5601 816 5665 peritnr.
848 5600 979 5655 Nam
1014 5614 1133 5655 cum
1167 5602 1337 5657 beata:
1370 5603 1601 5671 deiparte
1632 5602 1810 5658 Maria:
1843 5604 2158 5659 immacula-

666 5776 911 5832 "Matth.
952 5795 1022 5845 tv,
1058 5780 1138 5833 19..
1217 5778 1408 5835 "Luc.
1441 5795 1516 5844 tv,
1554 5780 1643 5835 50.

1745 5784 1789 5815 ’⁸
1815 5782 1968 5837 Ιοτηι.
1996 5797 2089 5845 vn,
2120 5782 2203 5836 30.
2286 5782 2537 5837 "Matth.
2578 5799 2657 5845 Ill,
2696 5781 2777 5845 ιι,
2806 5781 2883 5838 15.

2280 3337 2356 3405 μὴ
2389 3335 2482 3389 καὶ
2512 3337 2635 3389 τότε
2676 3338 2763 3394 ὅτε
2797 3339 3012 3393 παιδίον
3045 3335 3133 3411 ἦν,
3161 3340 3229 3394 δι’
3269 3343 3463 3400 ἐαυτοῦ
3500 3346 3597 3415 τὴν
3630 3344 3860 3400 ἐπιϐου-

2277 3426 2376 3499 λὴν
2424 3427 2719 3494 ἐξέκλινεν,
2780 3430 2897 3483 ἀλλ’
2939 3430 3172 3500 ἀγγέλου
3211 3434 3668 3504 χρηματίζοντος;
3712 3451 3857 3505 μαν-

2277 3516 2506 3583 θανέτω,
2529 3520 2605 3583 ὡς
2638 3522 2731 3573 καὶ
2758 3521 2882 3574 τότε
2912 3521 3077 3575 αὑτοῦ
3108 3518 3173 3592 ἦν
3205 3524 3263 3575 τὸ
3290 3524 3450 3594 ἔργον
3470 3541 3483 3554 ·
3511 3524 3625 3578 ἀλλ’
3658 3525 3745 3579 ῐνα
3773 3525 3855 3595 μὴ

2274 3610 2373 3678 τῆς
2427 3611 2739 3681 οἰκονομίας
2780 3610 3037 3664 τοσοῦτον
3090 3613 3380 3685 παραλύσῃ
3423 3614 3513 3667 τὸν
3560 3613 3715 3682 λόγον
3762 3615 3858 3668 διὰ

2274 3698 2373 3768 τὴν
2404 3698 2643 3769 ἡλικίαν,
2684 3699 2774 3753 διά
2805 3697 2964 3752 τοῦτο
3006 3698 3073 3751 δι’
3104 3699 3336 3767 ἀγγέλου
3371 3700 3429 3753 τὸ
3467 3701 3699 3772 πρᾶγμα
3750 3715 3857 3754 πι-

2277 3787 2527 3857 ποίηκεν.

2340 3888 2452 3950 κη’.
2511 3882 2631 3936 Ὅτι
2678 3881 2848 3937 δέτά
2908 3884 3187 3954 πρέποντα
3242 3883 3435 3947 σώζειν
3488 3882 3853 3953 βουλόμενος,

2277 3970 2458 4025 πάντα
2504 3971 2862 4043 οίκονομικῶς
2892 3972 3087 4037 ἐποίει,
3116 3974 3213 4027 καὶ
3246 3972 3540 4043 συνεχώρει
3581 3975 3646 4044 τῇ
3682 3974 3855 4043 σαρκὶ

2274 4062 2540 4115 δεικνύειν
2571 4061 2639 4115 τὰ
2673 4062 2817 4141 αὐτῇ
2838 4062 3133 4127 ἀκόλουθα,
3163 4062 3567 4134 πληροφορήσει
3596 4078 3655 4114 σε
3682 4060 3855 4114 πάλιν

2275 4154 2467 4217 αὐτός’
2499 4154 2587 4207 ὅτε
2617 4155 2726 4225 γὰρ
2754 4156 2782 4206 ὁ
2819 4156 3090 4225 μακάριος
3120 4153 3429 4224 Βαπτιστὴς
3460 4151 3606 4223 αὐτῷ
3640 4151 3852 4220 ἔλεγεν,

2279 4262 2298 4295 ι
2323 4245 2461 4311 Ἐγὼ
2481 4244 2665 4314 χρείαν
2699 4244 2806 4314 ἔχω
2828 4230 2932 4298 ύπδ
2954 4243 3047 4297 σού
3070 4244 3485 4315 βαπτισθῆναι,›
3509 4243 3853 4314 ἀπεκρίνατο

2273 4334 2410 4404 πρὸς
2442 4334 2600 4389 αὐτόν
2622 4351 2633 4363 ·
2665 4352 2682 4384 ι
2712 4335 2880 4404 Ἀφες
2908 4335 3053 4405 ἄρτι·
3101 4332 3244 4387 οὕτω
3290 4334 3397 4405 γὰρ
3448 4333 3657 4402 πρέπον
3695 4332 3853 4386 ἐστὶν

2273 4425 2565 4496 πληρῶσαι
2614 4428 2792 4479 πᾶσαν
2857 4426 3223 4496 δικαιοσύνην.
3257 4445 3275 4477 ι
3352 4427 3512 4497 Ὁρᾷς
3538 4427 3619 4479 ὅτι
3660 4426 3754 4479 καὶ
3784 4426 3851 4480 τὸ

2275 4517 2581 4587 βάπτισμα,
2618 4518 2709 4569 καὶ
2742 4517 2918 4571 πάντα
2948 4517 3015 4570 τὰ
3049 4518 3327 4587 πρέποντα
3372 4518 3671 4587 οίκονομῶν
3706 4534 3849 4571 κατ-

2270 4608 2516 4677 εδέχετο;
2543 4608 2713 4661 Ὅταν
2761 4611 2937 4661 τοίνυν
2980 4609 3217 4679 ἀκούσης
3254 4608 3463 4662 παιδίον
3505 4609 3599 4661 καὶ
3644 4609 3848 4679 βρέφος

2268 4698 2362 4750 καὶ
2410 4699 2511 4752 ὅσα
2562 4697 3045 4767 ἀνθρωπινώτερον
3097 4699 3225 4766 περὶ
3286 4696 3451 4749 αὐτοῦ
3507 4696 3846 4769 γέγραπται,

2266 4786 2446 4847 καθὼς
2478 4788 2818 4857 προείρηται,
2854 4787 3121 4856 μηδέποτε
3152 4787 3273 4856 δίχα
3304 4790 3403 4856 τῆς
3447 4785 3701 4857 θεότητος
3741 4788 3846 4841 αὺ-

2266 4874 2354 4927 τὸν
2387 4875 2518 4927 ὄντα
2554 4874 2901 4944 ὑπολάμϐανε
2925 4889 2937 4903 ·
2974 4875 3065 4928 καὶ
3100 4876 3208 4946 γὰρ
3253 4876 3341 4928 καὶ
3370 4874 3654 4943 ἀνθρωπος
3687 4873 3849 4943 λεγό-

2268 4981 2449 5033 μενος,
2482 4964 2756 5020 δείκνυται
2804 4964 2935 5029 Θεὸς
2975 4965 3257 5036 ὑπάρχων,
3297 4966 3372 5029 ὡς
3407 4966 3662 5029 πολλάκις
3701 4967 3846 5020 ἀπο-

2266 5053 2554 5107 δέδεικται.
2584 5054 3056 5125 Ἐπιμαρτυρήσει
3086 5056 3141 5110 δὲ
3181 5056 3318 5129 πρὸς
3350 5056 3508 5113 τοῦτο
3538 5058 3653 5121 τοῖς
3686 5059 3845 5129 είρηο

2268 5145 2450 5215 μένοις
2483 5145 2574 5197 καὶ
2604 5146 2631 5197 ὁ
2670 5146 2937 5219 μακάριος
2973 5147 3280 5218 Βαπτιστὴς
3323 5147 3464 5203 οὕτω
3497 5148 3668 5217 λέγων
3710 5152 3847 5220 περὶ

2266 5237 2464 5289 αὐτοῦ’
2518 5255 2535 5288 ι
2580 5236 2783 5291 Ὀπίσω
2834 5254 2934 5307 μου
2982 5238 3197 5310 ἔρχεται
3233 5239 3391 5310 ἀνὴρ,
3424 5240 3481 5303 ὃς
3527 5240 3846 5311 ἔμπροσθέν

2272 5346 2370 5399 μου
2405 5329 2645 5398 γέγονεν,
2686 5329 2767 5382 ὅτι
2822 5330 3037 5398 πρῶτός
3072 5349 3170 5400 μου
3226 5327 3319 5402 ἦν·
3357 5330 3510 5400 κάγὼ
3550 5333 3651 5388 οὐκ
3690 5333 3845 5403 ⁴ᾔδειν

2269 5420 2448 5474 αὐτόν.
2488 5440 2505 5472 ι
2536 5420 2659 5483 Πῶς
2684 5417 2777 5475 οὖν
2798 5421 2967 5493 ἄνδρα
2990 5423 3161 5485 λέγων
3187 5423 3368 5488 αὑτὸν,
3397 5423 3613 5494 πρῶτον
3639 5426 3839 5480 ἑαυτοῦ

2270 5527 2434 5579 φησιν
2464 5510 2622 5563 αὐτὸν
2646 5506 2812 5576 εἷναις
2845 5514 2938 5564 καὶ
2962 5512 3065 5582 μὴν
3097 5513 3238 5565 κατὰ
3261 5512 3349 5567 τὸν
3374 5513 3685 5583 οίκονομίας
3711 5516 3843 5585 χρό-

2270 5620 2355 5655 νον
2374 5603 2437 5654 αὖ
2448 5601 2533 5663 τὸς
2554 5604 2804 5673 πρῶτοςό
2826 5606 3089 5675 μακάριος
3111 5605 3417 5674 Βαπτιστὴς
3442 5607 3843 5678 γεγεννημένος

2964 5780 3159 5835 "10:1"
3224 5797 3258 5837 ι.
3294 5782 3382 5835 ‘37.
