4078 6348
169 409 267 464 239

1259 404 1448 470 QUOD
1488 404 1547 458 Β.
1593 401 1809 458 MARIA
1854 400 1960 455 SIT
2001 399 2301 453 DEIPARA

3310 400 3413 455 290

168 524 479 596 εὑρίσκεται
502 540 513 552 ·
568 525 656 577 ὅτε
690 524 796 592 γὰρ
830 525 859 575 6
913 522 1153 594 Γαδριὴλ
1182 524 1247 593 τῇ
1281 524 1517 595 θεοτόκῳ
1554 523 1745 593 Μαρίᾳ

1851 530 1958 574 tum
1988 527 2306 587 conceptum
2335 515 2550 571 Gabriel
2583 512 2879 579 nuntiabat,
2910 522 3061 569 sexto
3083 513 3195 584 jam
3228 530 3411 570 mense

166 619 260 687 τὴν
293 618 561 687 ἄχραντον
599 615 856 685 σύλληψιν
901 615 1314 685 εὐηγγελίζετο,
1354 616 1512 669 ἕκτον
1557 615 1740 681 ἔλεγεν

168 709 263 779 ἢδη
298 709 442 778 μῆνα
466 708 563 777 τὴν
609 705 891 759 Ἐλισάὀετ
922 705 1065 776 ἔχειν
1096 708 1475 776 συνειληφυῖαν
1506 707 1598 759 τὸν
1632 708 1737 758 Βα-

168 802 421 869 πτιστήν.
457 799 585 862 Πῶς
610 794 704 850 οὖν
731 798 901 867 ἄνδρα
922 797 1116 866 λέγων,
1141 798 1356 869 πρῶτόν
1378 815 1549 868 φησιν
1578 798 1738 851 αὑτὸν

170 894 361 948 ἑαυτοῦ
390 894 537 957 ὄντα,
571 896 618 945 εἰ
657 895 785 962 μήτι
812 893 943 944 Θεὸν
967 894 1215 962 φανερῶς
1246 893 1739 963 ἐνανθρωπὴσαντα

166 984 326 1037 αὐτὸν
367 984 671 1053 ἡπίστατος
712 1004 729 1034 it
767 984 971 1036 Ὀπίσω
999 1000 1100 1052 μου
1136 984 1265 1053 γὰρ,
1300 987 1485 1054 φησὶν,
1522 985 1737 1054 ἔρχεται

168 1073 324 1143 ἀνὴρ,
371 1073 430 1135 ὃς
479 1073 789 1143 ἔμπροσθέν
828 1090 928 1142 μου
963 1074 1207 1140 γέγονεν,
1250 1075 1331 1126 ὅτι
1380 1074 1595 1144 πρῶτός
1638 1092 1738 1142 μου

167 1157 259 1229 ἦν·
290 1180 307 1212 ι
347 1162 464 1224 πῶς
492 1163 548 1214 δὲ
576 1163 623 1213 εί
660 1162 876 1233 πρῶτος
905 1159 971 1233 ἦν
1001 1164 1329 1234 ἔμπροσθεν,
1369 1164 1595 1237 ὕστερον
1622 1166 1741 1233 ἐγέ-

169 1269 316 1317 νετο;
360 1254 437 1322 Τῇ
498 1254 825 1324 φανερώσει,
861 1257 955 1307 καὶ
1005 1258 1071 1325 τῇ
1114 1255 1313 1323 γνώσει
1347 1260 1413 1328 τῇ
1455 1260 1591 1327 πρὸς
1648 1259 1742 1309 τὸν

168 1343 323 1395 λαόν·
356 1346 486 1414 πρὶν
535 1346 631 1413 μὲν
662 1345 770 1415 γὰρ
802 1346 894 1397 ἐπὶ
938 1345 996 1397 τὸ
1045 1347 1332 1417 κηρύττειν
1377 1349 1644 1419 παρέλθῃ,
1679 1350 1739 1402 ού

170 1433 372 1503 σφόδρα
402 1429 472 1503 ἦν
510 1436 625 1497 τοῖς
680 1434 895 1498 πολλοῖς
930 1434 1206 1506 γνώριμος
1228 1453 1241 1466 ·
1277 1439 1306 1490 6
1339 1437 1395 1489 δὲ
1433 1437 1738 1507 Βαπτιστὴς

168 1526 263 1594 ᾔδη
299 1527 394 1579 καὶ
424 1527 740 1596 ἐκήρυττεν,
766 1527 859 1579 καὶ
890 1526 1177 1591 ἐϐάπτιζεν
1205 1529 1313 1598 πρὸ
1340 1528 1505 1581 αὑτοῦ
1526 1547 1538 1559 ·
1575 1529 1665 1580 ὅτε
1687 1529 1741 1581 δὲ

168 1617 355 1670 λοιπὸν
381 1619 473 1670 καὶ⁵
506 1620 531 1671 6
566 1616 771 1688 Κύριος
806 1617 1007 1691 ἤρξατο
1042 1619 1354 1690 κηρύττειν,
1384 1621 1478 1673 καὶ
1512 1621 1578 1673 τὰ
1610 1620 1741 1672 θαύ-

169 1726 316 1778 ματα
342 1711 627 1773 ἐπιτελεῖν,
651 1710 981 1780 ἔμπροσθεν,
999 1711 1504 1780 το·.›τέστιν’μᾶλλον
1523 1711 1615 1764 τοῦ
1640 1711 1744 1763 Βα-

168 1799 393 1852 πτιστοῦ
429 1800 497 1852 τά
532 1803 776 1868 πρωτεῖα
804 1800 1015 1871 ἔφερεν.
1049 1803 1157 1854 Καί
1186 1802 1266 1853 ὅτι
1312 1802 1470 1855 τοῦτό
1502 1803 1649 1854 ἐστιν
1685 1802 1744 1855 τὸ

168 1890 501 1961 ἔμπροσθεν,
551 1892 714 1945 ἀκουε
762 1890 815 1943 τί
872 1891 1009 1961 πρὸς
1058 1892 1149 1945 τὸν
1192 1892 1448 1962 Ἰωάννην
1481 1893 1531 1945 οἱ
1576 1892 1741 1946 αὑτοῦ

1851 1885 1956 1937 rint
1994 1883 2198 1953 proprii
2241 1883 2491 1953 discipuli
2538 1898 2554 1937 :

170 1984 413 2053 μαθηταὶ
468 1983 684 2051 ἔλεγον·
729 2002 746 2035 ι
779 1983 988 2049 Ῥαϐϐὶ,
1038 1984 1095 2047 ὃς
1142 1980 1210 2053 ἦν
1262 1986 1401 2053 μετά
1444 1986 1537 2038 σοῦ
1584 1988 1639 2038 ἐν
1665 1986 1742 2054 τῷ

178 2073 439 2145 Ἰορδάνῃ,
473 2067 517 2141 ᾧ
550 2076 612 2127 σὺ
652 2074 1109 2144 μεμαρτύρηκας,
1158 2074 1231 2127 ῑδε
1278 2070 1432 2139 οὗτος
1467 2074 1739 2145 βαπτίζει,

168 2166 257 2217 καὶ
294 2165 497 2229 πάντες
526 2166 778 2235 ἔρχονται
807 2167 942 2235 πρὸς
976 2168 1154 2219 αὐτόν.
1190 2189 1207 2221 ο
1242 2167 1477 2240 Θεωρεῖς
1508 2172 1624 2231 πῶς
1652 2171 1743 2223 καὶ

163 2255 355 2324 ἄνδρα,
385 2256 480 2308 καὶ
518 2255 734 2326 πρῶτον
761 2256 1061 2326 ὲκήρυξεν;

232 2349 337 2402 κθ’.
378 2349 438 2400 Et
462 2353 524 2419 τῇ
558 2348 905 2421 προλαϐούσῃ
933 2351 1313 2420 κεκαρωμένοι
1350 2352 1512 2424 μέθῃ,
1544 2352 1621 2404 ἔτι
1650 2354 1743 2404 καὶ

166 2438 257 2491 νῦν
301 2440 699 2493 ἀναϐάλλονται
747 2445 813 2513 τῇ
846 2443 1076 2514 ἀληθείᾳ
1118 2444 1403 2497 πείθεσθαι
1441 2446 1490 2496 οί
1540 2445 1744 2497 πεπλα-

166 2532 413 2601 νημένοι,
448 2532 581 2599 φέρε
620 2535 877 2603 κάκείνην
936 2538 1121 2598 αὐτοῖς
1166 2538 1265 2606 τὴν
1306 2537 1613 2607 μαρτυρίαν
1666 2540 1745 2598 είς

168 2622 337 2689 μέσον
382 2622 704 2692 ἀγάγωμεν,
739 2625 874 2693 πρὸς
916 2626 981 2695 ἧν
1016 2627 1292 2679 ἀντειπεῖν
1340 2626 1462 2679 οὔτε
1508 2628 1661 2679 αὐτοὶ
1696 2628 1744 2679 οἱ

164 2709 230 2762 τὰ
258 2711 600 2774 αύτάαύτοῖς
631 2712 991 2782 ὑπειληφότες
1022 2714 1283 2778 Ἰουδαῖοι,
1314 2718 1407 2769 καὶ
1434 2717 1745 2787 νομίζοντες

165 2799 455 2870 ἄνθρωπον
487 2801 627 2854 εἶναι
662 2802 836 2871 ψιλὸν,
883 2803 1067 2857 ούκέτι
1106 2805 1483 2875 ἠδυνήθησαν
1520 2807 1651 2858 ποία
1689 2806 1745 2857 δὲ

165 2892 302 2961 αὕτη
340 2894 517 2956 ὲστίνς
552 2894 723 2956 Αὐτός
758 2912 890 2947 ποτε
925 2895 1053 2957 τοὺς
1086 2897 1413 2966 Φαρισαίους
1460 2900 1487 2949 6
1541 2897 1746 2967 Κύριος

164 2983 452 3053 ἠρώτησεν
475 2983 649 3052 λέγων
668 3000 680 3013 ·
726 3004 742 3035 ι
769 2983 833 3037 Τί
864 2986 992 3055 ὑμῖν
1025 2987 1171 3040 δοκεῖ
1198 2988 1325 3058 περὶ
1350 2988 1443 3041 τοῦ
1474 2989 1743 3059 Χριστοῦ;

164 3074 309 3137 τίνος
344 3075 456 3138 υίός
488 3077 642 3141 ἐστις
672 3095 688 3126 t
717 3075 839 3128 Τῶν
869 3077 924 3129 δὲ
960 3081 1438 3148 ἀποκριναμένων,
1468 3098 1485 3131 t
1510 3081 1616 3133 Τοῦ
1642 3084 1745 3135 Δα-

165 3166 269 3220 δίδο
296 3186 314 3219 ι
336 3167 440 3237 ἔφη
465 3168 600 3238 πρὸς
631 3167 849 3231 αὐτούς’
883 3187 900 3219 ι
931 3169 1054 3232 Πῶς
1076 3165 1168 3221 οὖν
1190 3170 1354 3223 Δαϐὶδ
1382 3173 1439 3223 ὲν
1466 3172 1746 3241 Πνεύματι

164 3260 500 3315 καλεῖαιπὺν
528 3261 752 3332 Κύριον,
776 3262 968 3329 λέγων·
992 3257 1155 3313 Εἶπεν
1181 3264 1209 3314 6
1237 3262 1441 3331 Κύριος
1463 3262 1539 3333 τῷ
1562 3264 1751 3334 Κυρίῳ

168 3368 292 3421 μουο
329 3352 515 3406 Κάθου
547 3355 611 3405 ἐκ
640 3351 828 3418 δεξιῶν
858 3371 983 3422 μου,
1016 3354 1118 3415 ἕως
1152 3354 1218 3406 ἂν
1258 3352 1337 3406 θῶ
1364 3355 1491 3417 τοὺς
1522 3354 1751 3425 ἐχθρούς

167 3458 259 3493 σου
290 3442 587 3495 ὑποπόδιον
619 3443 726 3493 τῶν
777 3442 954 3493 ποδῶν
986 3460 1078 3494 σου
1105 3461 1119 3507 ;
1164 3442 1230 3496 Εἴ
1272 3443 1364 3497 οὖν
1388 3445 1551 3497 sum
1590 3445 1750 3498 καλεῖ

166 3529 332 3582 αὑτὸν
361 3527 588 3596 Κύριον,
619 3527 735 3589 πῶς
762 3530 877 3590 υἱὸς
918 3529 1079 3580 αὐτού
1100 3533 1280 3595 ὲστιν;
1328 3550 1344 3582 ι
1392 3534 1554 3603 Ὁρᾷς
1588 3551 1749 3601 φανε⁴

168 3618 277 3687 ρῶς
310 3617 433 3681 πῶς
462 3618 667 3687 Κύριον
710 3617 801 3670 τοῦ
851 3618 1017 3671 Δαὸὶδ
1051 3621 1244 3673 ἑαυτὸν
1277 3623 1594 3686 ἀπέδειξενς
1628 3624 1750 3683 Πῶς

163 3706 256 3763 οὖν
272 3713 301 3763 6
320 3713 383 3763 ἐκ
400 3709 712 3779 σπέρματος
736 3710 918 3776 Δαδὶδ,
936 3711 1139 3777 Κύριος
1159 3713 1324 3766 αὑτοῦ
1344 3710 1483 3766 εἶναι
1497 3715 1747 3782 ἠδύνατο,

167 3805 263 3857 καὶ
314 3802 412 3856 τοῦ
469 3804 672 3873 πατρὸς
720 3804 1033 3873 σύνθρονος,
1070 3808 1118 3857 εξ
1166 3807 1241 3875 μὴ
1290 3807 1369 3859 ὅτι
1400 3806 1533 3868 Θεὸς
1562 3804 1630 3876 ἦν
1683 3810 1750 3861 τὰ

164 3892 490 3963 ἀνθρώπινα
529 3893 989 3964 περιϐαλόμενος;
1020 3896 1146 3949 Υἱδν
1174 3897 1281 3967 γὰρ
1305 3897 1470 3949 Δαῦὶδ
1508 3899 1601 3950 καὶ
1635 3897 1748 3951 Κύ-

168 4003 306 4056 ριον,
339 3986 433 4039 τὸν
463 3988 527 4038 ἐκ
562 3986 660 4055 τῆς
688 3986 966 4056 Παρθένου
994 3989 1276 4058 τεχθέντα,
1309 3992 1589 4043 τουτέστιν
1621 3993 1750 4044 ἑαυα

166 4077 278 4137 τὸν,
300 4076 585 4139 ἀπέδειξεν
607 4093 619 4107 ο
647 4077 761 4129 ἀλλ’
788 4080 986 4131 ἐκεῖνοι
1014 4081 1109 4148 μὲν
1136 4083 1230 4134 καὶ
1256 4081 1461 4150 ταύτην
1486 4083 1586 4152 τὴν
1613 4100 1752 4151 μαρ-

166 4170 362 4239 τυρίαν
395 4169 729 4230 ἀκούσαντες
755 4169 1166 4239 ἀνετράπησαν,
1200 4174 1295 4224 xui.
1324 4172 1417 4223 τοῦ
1453 4173 1752 4239 ἀντιλέγειν

167 4259 501 4321 ἐπαύσαντο,
548 4259 623 4321 ὡς
688 4260 716 4311 6
771 4259 1161 4329 εύαγγελιστὴς
1222 4264 1452 4331 ἱστορεῖ⁸
1503 4283 1519 4313 ‹
1566 4264 1753 4327 Οὐδεὶς

165 4349 297 4418 γάρ,
334 4350 526 4418 φησὶν,
571 4348 805 4417 ἠδύνατο
840 4352 1205 4422 ἀποκριθῆναι
1246 4354 1394 4421 αύτῴ
1423 4353 1600 4420 λόγον,
1633 4354 1752 4407 οὐδὲ

166 4441 474 4510 ἐτόλμησεν
510 4441 602 4492 ἀπ’
637 4441 851 4509 ἐκείνης
892 4442 990 4512 τῆς
1024 4443 1172 4513 ὧρας
1212 4444 1558 4514 ἐπερωτῆσαι
1590 4446 1753 4501 αὑτὸν

164 4530 380 4583 οὐκέτι.
414 4548 433 4580 ›

236 4620 304 4674 λ’.
366 4620 585 4673 Γένοιτο
637 4621 691 4673 δὲ
749 4622 844 4675 καὶ
892 4624 1152 4688 τούτους,
1197 4626 1298 4680 κᾶν
1339 4628 1438 4698 ὀψέ
1479 4649 1606 4683 ποτε
1653 4632 1750 4700 τῆς

165 4708 359 4771 ἀνοίας
396 4709 761 4775 ἀποστάντας,
784 4713 1082 4780 ἐπιγνῶναι
1120 4716 1218 4785 τῆς
1252 4718 1533 4781 εὐσεϐείας
1562 4722 1621 4772 τὸ
1650 4726 1750 4789 κή-

168 4818 362 4871 ρυγμα
384 4820 397 4833 ·
436 4802 594 4871 ἡμεῖς
624 4802 679 4854 δὲ
719 4802 922 4873 ταύτης
973 4806 1227 4876 ἐχώμεθα
1264 4809 1365 4878 τῆς
1396 4811 1631 4873 πίστεως
1664 4813 1751 4865 διὰ

168 4894 400 4957 παντὸς,
432 4893 742 4959 ἀγαπητοί·
793 4896 997 4965 ταύτην
1040 4901 1131 4951 καί
1181 4902 1238 4951 ὲν
1265 4901 1473 4970 διανοίᾳ
1508 4904 1750 4972 κατέχω-

169 4994 291 5045 μεν,
330 4978 429 5028 καὶ
475 4980 540 5047 τῇ
585 4978 800 5052 γλώττῃ
830 4985 1077 5053 φανερῶς
1120 4989 1209 5039 καὶ
1261 4989 1399 5057 μετὰ
1439 4993 1753 5061 παρρησίας

166 5066 563 5138 κηρύττωμεν,
590 5070 767 5122 πάντα
797 5072 884 5124 διὰ
908 5075 1110 5144 ταύτην
1132 5079 1425 5149 ὑπομένειν
1455 5083 1751 5153 προθύμως

164 5159 519 5229 ἀνεχόμενοι.
556 5160 703 5231 Αὕτη
737 5162 835 5229 μὲν
866 5164 971 5234 γὰρ
1005 5171 1299 5238 προφητῶν
1322 5174 1469 5224 ἐστιν
1505 5175 1750 5246 πρόρρη-

166 5265 271 5314 σις,
306 5251 628 5305 ἀποστόλων
661 5253 717 5304 δὲ
766 5256 1047 5325 κήρυγμα,
1085 5261 1178 5312 καὶ
1220 5263 1320 5331 τῆς
1363 5266 1471 5316 τῶν
1505 5266 1748 5335 οὐρανῶν

168 5341 455 5409 βασιλείας
484 5343 765 5413 πρόξενος,
800 5347 935 5416 αὕτη
979 5350 1075 5417 τῆς
1106 5352 1322 5405 αἰωνίου
1354 5354 1499 5425 ζωῆς
1535 5357 1747 5426 ὀδηγὸς,

164 5435 307 5506 αὕτη
333 5436 449 5489 τῶν
486 5440 739 5505 πατέρων
768 5442 795 5492 6
815 5441 1065 5507 πλοῦτος,
1089 5444 1226 5514 αὕτη
1258 5448 1349 5499 κα)⁸
1380 5451 1534 5518 ήμῶν
1558 5453 1587 5503 6
1618 5453 1749 5523 ἀλη-

167 5526 313 5590 θινὸς
342 5528 640 5599 θησαυρὸς,
684 5531 824 5602 ὑπὲρ
848 5527 909 5586 οὗ
937 5534 1111 5589 πάντα
1139 5541 1335 5591 πωλεῖν
1361 5542 1453 5594 καὶ
1480 5544 1745 5613 προέσθαι

164 5617 417 5671 δίκαιονο
462 5620 654 5673 τοῦτον
681 5623 736 5675 εἴ
782 5641 863 5674 τι(-
916 5626 1073 5679 ’ίκιιῶν
1128 5629 1465 5699 ἀποσυλῆσαι
1507 5634 1745 5690 θελήσοι.

1846 610 1957 680 geri
1993 610 2060 664 ab
2095 608 2375 663 Elisabeth
2443 605 2738 676 Baptistam
2782 605 2833 659 in
2855 612 3007 659 utero
3032 608 3225 661 aiebat.
3265 606 3413 672 Quo-

1847 702 2003 755 modo
2042 715 2171 770 ergo
2211 712 2497 770 postquam
2538 712 2659 751 eum
2697 699 2871 751 virum
2909 698 3137 763 dixerat,
3176 699 3410 767 priorem

1846 807 1905 847 se
1938 792 2103 846 fuisse
2133 791 2461 850 affirmabat,
2492 791 2595 843 nisi
2628 791 2793 843 Deum
2827 788 3113 844 manifeste
3143 790 3413 843 humana.

1847 894 1957 938 tum
1991 886 2163 953 ipsum
2195 883 2474 937 scivisset?
2511 902 2528 933 ι
2566 881 2693 936 Post
2724 896 2808 935 me
2835 883 2975 935 enim
2996 925 3009 947 ,
3041 883 3243 949 inquit,
3270 881 3417 934 venit

1845 975 1951 1037 vir,
1980 974 2069 1041 qui
2101 982 2223 1028 ante
2255 987 2337 1028 me
2368 973 2542 1028 {actus
2573 984 2675 1038 est,
2706 975 2828 1040 quia
2859 974 3007 1041 prior
3036 988 3119 1027 me
3147 983 3264 1026 erat
3288 972 3351 1026 “.
3393 991 3409 1021 ι

1847 1062 2126 1129 Quomodo
2155 1074 2353 1125 autem,
2412 1064 2675 1130 siquidem
2707 1071 2860 1115 antea
2896 1063 3045 1128 prior
3066 1071 3202 1124 erat,
3238 1070 3417 1129 poste-

1849 1154 1959 1205 rior
1992 1154 2165 1208 factus
2200 1153 2320 1207 est?
2359 1152 2793 1207 manifestatione
2833 1152 3021 1223 1M0
3057 1152 3304 1206 videlicet
3339 1163 3419 1205 at-

1848 1260 1951 1315 que
1976 1247 2113 1315 apud
2147 1246 2396 1317 populum
2428 1246 2639 1301 notitia.
2670 1244 2804 1300 Nam
2841 1247 3153 1314 priusquam
3187 1246 3251 1298 ad
3284 1260 3419 1311 prae-

1847 1341 2133 1393 dicandum
2181 1340 2496 1401 accederet,
2541 1354 2646 1392 non
2695 1339 2982 1391 admodum
3034 1337 3215 1390 multis
3263 1348 3417 1391 notus

1849 1438 1981 1484 erat.
2018 1430 2252 1497 Baptista
2286 1444 2413 1483 vero
2444 1430 2552 1498 jam
2592 1440 2700 1482 tum
2735 1437 2791 1482 et
2825 1430 3171 1497 praedicabat,
3206 1437 3261 1481 et
3295 1437 3418 1482 ante

1849 1535 1970 1573 eum
2005 1520 2330 1588 baptizabat.
2364 1512 2624 1588 Deinceps
2654 1535 2781 1574 vero
2811 1536 2932 1574 cum
2964 1521 3126 1575 etiam
3163 1520 3421 1574 Dominus

1850 1609 2013 1675 cmpit
2055 1610 2379 1677 prmdicare,
2414 1620 2469 1662 et
2514 1611 2771 1663 miracula
2817 1611 3007 1673 edere,
3051 1623 3207 1675 ante,
3248 1611 3297 1665 id
3340 1620 3423 1666 est

1854 1701 2023 1770 magis
2066 1716 2223 1769 quam
2270 1700 2544 1770 Baptista,
2585 1702 2874 1771 primatum
2921 1703 3125 1756 retulit.
3169 1703 3235 1756 Et
3278 1704 3419 1771 quod

1851 1793 2094 1846 vocabuli
2126 1802 2248 1846 ante
2275 1794 2359 1846 hic
2387 1808 2579 1847 sensus
2607 1794 2697 1855 sit,
2731 1794 2850 1846 audi
2882 1795 3010 1863 quid
3038 1791 3233 1848 Joannl
3264 1795 3419 1850 dixe-

2604 1901 2621 1933 ‹
2669 1882 2942 1953 Magister,
2982 1885 3073 1938 ille
3113 1886 3201 1953 qui
3248 1894 3421 1939 tecum

1849 1984 1965 2029 erat
2004 1976 2053 2028 in
2094 1974 2354 2038 Jordane,
2397 1975 2481 2027 cui
2522 1984 2577 2028 tu
2620 1976 2988 2030 testimonium
3034 1976 3251 2039 dedisti,
3297 1992 3424 2030 ecce

1851 2080 1991 2118 nunc
2030 2065 2075 2118 is
2114 2066 2374 2133 baptizat,
2409 2075 2461 2119 et
2484 2066 2547 2118 ad
2574 2079 2697 2118 eum
2736 2066 2912 2119 cuncti
2935 2067 3239 2119 veniunt".
3284 2084 3301 2115 ι
3338 2065 3426 2119 Vi-

1850 2156 1980 2210 den‘
2021 2172 2126 2226 qua
2160 2156 2372 2209 ratione
2404 2164 2457 2209 et
2488 2156 2663 2208 virum
2698 2164 2753 2208 et
2787 2156 3019 2210 oriorem
3044 2157 3211 2224 ipsum
3238 2154 3426 2224 prredi-

1851 2248 2089 2301 caverit?

1919 2337 2010 2390 20.
2054 2335 2338 2390 Postremo
2380 2336 2425 2389 si
2470 2346 2658 2388 vetere
2703 2334 2911 2403 gravati
2961 2336 3204 2403 crapula,
3250 2336 3424 2391 adhuc

1853 2427 2066 2481 veritati
2104 2428 2326 2480 credere
2360 2426 2410 2479 hi
2446 2439 2673 2480 errones
2705 2423 2989 2489 differunt,
3025 2441 3121 2494 age
3149 2426 3257 2491 jam
3295 2428 3421 2481 illud

1852 2534 2062 2588 quoque
2112 2518 2479 2572 testimonium
2530 2518 2869 2586 proferamus
2923 2519 2975 2571 in
3026 2520 3297 2584 medium,
3341 2522 3424 2574 cui

1852 2609 2230 2663 contradicere
2272 2623 2338 2661 ne
2384 2608 2483 2677 ipsi
2527 2608 2745 2676 quidem
2795 2608 2947 2677 paria
2999 2610 3084 2663 his
3132 2612 3425 2665 sentientes

1852 2699 2052 2767 Judaei,
2098 2710 2152 2754 et
2191 2701 2490 2771 simplicem
2535 2702 2806 2756 hominem
2845 2703 3184 2769 judicantes,
3226 2703 3425 2756 diutius

1854 2802 2166 2862 potuerunt.
2197 2792 2349 2858 Quod
2376 2807 2507 2847 vero
2539 2793 2642 2846 hoc
2671 2792 2793 2845 est?
2822 2793 2940 2858 lpse
2969 2793 3257 2861 aliquando
3285 2793 3426 2847 Pha-

1854 2885 2040 2937 risaaos
2074 2885 2332 2937 Dominus
2368 2884 2725 2952 interrogavit
2760 2884 2946 2938 dicens
2983 2902 2994 2937 :
3039 2901 3057 2934 ι
3098 2884 3237 2949 Quid
3271 2884 3424 2937 vobis

1854 2974 2065 3027 videtur
2102 2975 2168 3026 de
2212 2972 2468 3025 Christo?
2514 2971 2792 3039 cujusnam
2842 2972 2980 3026 [ilius
3022 2972 3140 3026 est?
3180 2971 3422 3041 Respon-

1856 3062 2246 3131 dentibuslillis,
2270 3062 2570 3126 rDavidis,»
2594 3062 2794 3116 aitillis
2828 3080 2840 3116 :
2883 3080 2901 3111 ι
2937 3061 3045 3116 Cur
3084 3078 3212 3133 ergo
3258 3063 3424 3116 David

1858 3152 2059 3222 Spiritu
2110 3154 2398 3207 instinctus
2442 3160 2599 3205 vocat
2644 3168 2767 3205 eum
2821 3153 3130 3216 Dominum,
3176 3154 3362 3207 dicens
3408 3170 3422 3206 :

1779 3227 1820 3284 (ἶ
1856 3242 2279 3299 DixitDominus
2312 3244 2545 3299 Domino
2598 3258 2741 3310 meo,
2778 3243 2915 3298 Sede
2949 3258 2977 3297 a
3014 3245 3217 3297 dextris
3254 3245 3423 3310 meis,

1853 3337 2025 3390 donec
2062 3351 2254 3404 ponam
2291 3336 2542 3390 inimicos
2580 3346 2699 3390 tuos
2734 3336 3029 3389 scabellum
3066 3338 3259 3405 pedum
3304 3348 3423 3393 tuo-

1852 3428 2006 3482 rum?
2037 3426 2090 3481 Si
2123 3442 2250 3496 ergo
2278 3425 2453 3481 David
2480 3436 2635 3481 vocat
2667 3442 2789 3481 eum
2822 3427 3127 3493 Dominum,
3155 3428 3427 3496 quomodo

1851 3520 1994 3572 ﬁlius
2029 3519 2145 3587 ejus
2179 3530 2261 3573 est
2290 3519 2375 3571 ὀἳ
2415 3537 2432 3570 ι
2473 3516 2657 3571 Nonne
2694 3527 2878 3588 aperte
2913 3520 3095 3580 vides,
3137 3518 3279 3587 quod
3316 3516 3426 3571 Do-

1854 3612 2056 3665 minum
2089 3620 2259 3663 semet
2287 3610 2504 3663 Davidis
2532 3608 2959 3663 demonstravit?
2984 3608 3264 3673 Quomodo
3294 3622 3425 3677 ergo

1851 3703 1943 3772 qui
1984 3702 2052 3755 de
2094 3701 2302 3755 semine
2344 3700 2563 3754 Davidis
2607 3708 2760 3764 erat,
2802 3700 2959 3769 hujus
3003 3700 3262 3755 Dominus
3306 3716 3427 3755 esse

1853 3801 2097 3861 poterat,
2139 3802 2193 3845 et
2238 3792 2407 3860 patris
2450 3790 2504 3844 in
2554 3793 2749 3845 throno
2793 3805 3103 3855 consessor,
3147 3792 3250 3845 nisi
3295 3792 3422 3859 quia

1855 3882 1997 3935 Deus
2018 3890 2133 3933 erat
2159 3881 2391 3934 humana
2418 3891 2608 3933 natura
2634 3881 3036 3936 circumdatus?
3056 3881 3251 3934 Filium
3279 3883 3423 3935 enim

1856 3970 2073 4025 Davidis
2107 3986 2171 4024 ac
2206 3971 2512 4036 Dominum,
2543 3986 2663 4025 eum
2698 3987 2855 4039 quem
2886 3972 3043 4041 Virgo
3077 3973 3307 4042 peperit,
3340 3988 3429 4028 se-

1855 4066 2025 4134 ipsum
2069 4065 2337 4127 videlicet,
2380 4066 2795 4120 demonstravit.
2839 4064 2903 4119 Et
2948 4066 3023 4119 illi
3067 4068 3283 4134 quidem
3325 4067 3426 4122 hoc

1854 4157 2038 4211 audito
2082 4156 2414 4221 testimonio,
2457 4155 2729 4219 abierunt,
2773 4164 2827 4209 et
2871 4157 3295 4211 contradicendo
3332 4159 3429 4211 ab—

1856 4250 2145 4309 stiterunt,
2180 4256 2240 4299 ut
2269 4255 2455 4298 narrat
2486 4246 2840 4313 evangelista.
2873 4265 2891 4295 (
2928 4244 3099 4300 Nemo
3130 4246 3274 4300 enim
3298 4287 3312 4311 ,
3346 4248 3425 4302 in-

1856 4341 1993 4408 quit,
2038 4347 2251 4408 poterat
2294 4340 2342 4392 ei
2387 4340 2718 4405 respondere
2758 4340 3005 4400 verbum,
3049 4352 3223 4407 neque
3267 4354 3427 4393 ausus

1857 4431 1956 4484 fuit
1998 4431 2284 4498 quisquam
2327 4446 2393 4484 ex
2440 4430 2526 4485 illa
2569 4432 2701 4485 hora
2744 4447 2867 4485 eum
2912 4430 3146 4499 amplius
3190 4431 3427 4485 interro-

1782 4558 1830 4617 Ι)
1858 4539 1984 4592 gare
2010 4522 2074 4576 ³¹.
2118 4541 2136 4573 ι

1928 4632 2014 4685 50.
2059 4632 2274 4687 Utinam
2314 4647 2443 4686 vero
2490 4643 2545 4687 et
2586 4633 2638 4687 hi
2682 4634 2977 4689 adversarii
3026 4646 3216 4701 nostri,
3256 4652 3429 4710 quan-

1858 4737 2019 4792 quam
2051 4738 2197 4785 sero,
2227 4724 2426 4778 omissa
2460 4725 2673 4779 vesania
2707 4739 2801 4780 sua
2837 4736 2995 4783 recta:
3030 4733 3301 4799 religionis
3332 4739 3429 4788 do—

1858 4816 2088 4869 ctrinam
2116 4819 2442 4883 agnoscant!
2470 4816 2580 4871 Nos
2601 4830 2745 4875 certe
2768 4821 2887 4875 ﬁdei
2912 4823 3032 4875 huic
3056 4825 3430 4881 adhaereamus

1856 4916 2192 4970 constanter,
2218 4921 2249 4959 ο
2272 4908 2603 4961 charissimi.
2629 4909 2779 4963 Hanc
2801 4920 2855 4963 et
2879 4920 3053 4965 mente
3077 4915 3426 4979 retineamus,

1858 5004 1911 5047 et
1953 4996 2129 5065 lingua
2174 4996 2349 5063 palam
2392 4998 2837 5066 conﬁdenterque
2874 5003 3256 5068 prtedicemus,
3296 5006 3426 5058 nihil

1858 5085 2017 5148 huius
2051 5102 2211 5140 causa
2242 5087 2495 5141 alacriter
2522 5090 2726 5158 perpeti
2763 5100 3093 5146 recusantes.
3125 5093 3248 5150 llaec
3284 5099 3427 5150 enim

1858 5189 1941 5232 est
1967 5180 2350 5247 prophetarum
2379 5182 2677 5251 praedictio,
2703 5184 3062 5252 apostolorum
3092 5189 3426 5252 praedicatio,

1859 5280 1912 5325 et
1943 5272 2089 5339 regni
2125 5273 2386 5326 calorum
2420 5274 2668 5327 donatrix
2694 5319 2706 5340 ,
2742 5276 2855 5328 lucc
2885 5286 3099 5331 aeterna:
3128 5279 3248 5332 vitae
3281 5280 3382 5331 dux
3412 5321 3425 5342 ,

1856 5363 1971 5417 lucc
2016 5374 2228 5431 patrum
2273 5364 2382 5417 dite
2424 5365 2837 5431 patrimonium,
2885 5367 3000 5419 haec
3037 5382 3197 5421 verus
3242 5379 3426 5422 noster

1857 5455 2175 5520 thesaurus,
2212 5454 2365 5521 cujus
2396 5471 2554 5510 causa
2588 5458 2766 5511 omnia
2802 5458 3034 5513 vendere
3067 5474 3129 5512 ac
3162 5459 3427 5528 projicere

1854 5563 2066 5616 aequum
2126 5557 2224 5601 est.
2285 5548 2396 5601 Hoc
2451 5550 2494 5602 si
2548 5550 2677 5617 quis
2729 5550 2979 5603 thesauro
3038 5550 3271 5619 spoliare
3326 5566 3423 5605 nos

1855 5638 2116 5702 voluerit,
2158 5651 2279 5693 eum
2325 5648 2381 5693 ut
2426 5638 2625 5697 Christi
2673 5641 3039 5697 adversarium
3087 5656 3420 5707 aversemur,

236 5800 452 5857 "'an.
486 5817 525 5868 ι,
555 5804 623 5858 36
722 5806 765 5840 ²⁹
784 5805 937 5863 Joan.
965 5823 1047 5875 ιιι,
1075 5808 1162 5864 26.
1242 5812 1285 5845 ”
1308 5814 1500 5872 Matth.
1536 5833 1672 5887 xm,
1706 5824 1745 5872 4'

1851 5818 1895 5874 5.
1977 5822 2016 5853 ³¹
2043 5821 2170 5876 ibid.
2209 5820 2297 5874 46.
