4078 6348
206 402 309 459 295

1242 400 1651 456 EXPLICATIO
1691 400 2039 458 DUODECIM
2081 401 2410 459 CAPITUM.

3333 400 3441 456 εθι

225 544 3429 578 W

803 729 1316 818 ΕΠΙΛΥΣΙΣ
1390 729 1616 815 ΤΩΝ
1693 725 2139 814 ΔΩΔΕΚΑ
2213 728 2858 819 ΚΕΦΑΛΑΙΩΝ

1510 932 1784 982 meum
1821 937 1903 984 EN
1933 937 2135 1000 ΕΦΕΣῼ

966 1104 1104 1160 ΥΠΟ
1143 1103 1499 1158 ΚΥΡΙΛΛΟΥ
1535 1102 2102 1157 ΑΡΧΙΕΠῙΣΚΟΠΟΥ
2143 1101 2687 1167 ΑΛΕΞΑΝΔΡΕΙΑΣ,

301 1281 419 1352 Τῆς
447 1281 620 1351 ἁγίας
651 1283 916 1340 Συνόδου
945 1281 1295 1350 ἀξιωσάσης
1329 1281 1514 1336 αὐτὸν
1545 1279 1919 1350 σαφέστερον
1977 1279 2180 1344 αὐτοῖς
2208 1279 2646 1348 ἑκτρανωθῆναι
2686 1292 2710 1320 ι
2741 1280 2856 1347 τὴν
2885 1279 3109 1333 τούτων
3141 1278 3343 1333 λύσιν.

803 1602 1535 1694 EXPLICATIO
1613 1602 2234 1693 DUODECIM
2313 1597 2832 1689 CAPITUM

1458 1793 1688 1844 EPHESI
1733 1791 2188 1843 PRONUNTIATA

1012 1974 1060 2032 A
1099 1969 1414 2030 CYRILLO
1458 1970 2048 2028 ARCHIEPISCOPO
2085 1969 2655 2032 ALEXANDRINO.

1088 2130 1143 2178 S.
1176 2126 1373 2191 Synodo
1406 2124 1666 2176 clariorem
1690 2124 1888 2175 illorum
1909 2123 2282 2177 declarationem
2304 2120 2536 2187 exigente.

208 2273 399 2352 (Hujus
431 2277 544 2352 libri
587 2285 639 2352 set
684 2279 889 2352 duorum
935 2279 1248 2352 sequentium
1269 2275 2192 2352 sietsmretaliom_.La'tvam__92en
2212 2272 2738 2352 ,ἱοὲξξξξίξεέ.ιὲυ.¹ῗείἱίέὶὶ
2762 2269 3443 2352 attulerattratePPmtlce

405 2345 706 2403 adornatam,
733 2333 1086 2402 rejecimus,'et
1104 2352 1211 2388 eam
1235 2333 1512 2398 recepimus
1544 2352 1653 2398 quae
1690 2342 1853 2384 exstat
1877 2339 1928 2384 in
1953 2334 2180 2384 Concitiis
2209 2347 2268 2382 ex
2297 2333 2516 2381 editione
2540 2335 2740 2381 Joannis
2777 2333 3016 2382 Dominici
3045 2333 3238 2395 Mansig)

274 2671 294 2705 ι
334 2651 523 2707 Πάντα
544 2650 747 2705 ἐνώπια
771 2651 881 2711 τοῖς
903 2647 1163 2710 συνιοῦσι,
1194 2648 1286 2700 καὶ
1315 2646 1447 2718 ὀρθὰ
1476 2649 1583 2709 τοῖς
1633 2645 1778 2716 εὐρί-
1805 2700 1806 2704 η

1954 2642 2109 2714 145
2138 2662 2155 2692 ‹
2183 2641 2425 2703 Omnia,»
2463 2651 2518 2694 ut
2550 2639 2807 2708 seriptum
2832 2649 2932 2706 est,
2973 2657 2990 2691 ι
3025 2641 3182 2694 obvia
3212 2650 3336 2694 sunt
3363 2640 3449 2695 in-

203 2759 392 2794 σκουσι
446 2740 667 2807 γνῶσιν,
715 2757 733 2787 ι
780 2737 920 2790 κατὰ
968 2737 1029 2788 τὸ
1081 2736 1484 2806 γεγραμμένον.
1540 2736 1602 2787 0i.
1679 2734 1776 2804 μέν

201 2832 308 2901 γὰρ
333 2830 449 2893 ὀξεῖ
479 2847 536 2881 τε
565 2829 657 2881 καὶ
689 2827 915 2898 καθαρῷ
963 2827 1198 2888 διανοίας
1237 2827 1441 2896 ὄμματι
1468 2828 1577 2886 τοῖς
1613 2825 1776 2893 ἱεροῖς

199 2923 296 2990 τῆς
326 2920 687 2973 θεοπνεύστου
727 2919 949 2988 Γραφῆς
984 2918 1469 2987 περιτυγχάνοντες
1493 2915 1692 2981 λόγοις,
1718 2913 1777 2964 τὸ

199 3011 257 3075 ἐξ
319 3011 503 3064 αὐτῶν
553 3010 763 3078 δφελος,
815 3010 957 3062 θεῖον
1002 3009 1188 3078 ὥσπερ
1229 3007 1347 3058 τινὰ
1394 3007 1483 3059 καὶ
1531 3006 1778 3076 οὐράνιον

200 3103 479 3173 θησαυρὸν
505 3106 625 3166 ταῖς
659 3100 862 3154 ἑαυτῶν
889 3099 1235 3161 είσοικίζουσι
1264 3098 1460 3167 ψυχαῖς
1479 3113 1492 3126 ⁸
1523 3099 1570 3148 οί
1600 3097 1655 3147 δέ
1689 3096 1777 3147 τὸν

201 3193 326 3245 νοῦν
362 3194 578 3262 ἔχοντες
604 3193 680 3260 τῷ
705 3191 885 3259 ψεύδει
927 3189 1372 3260 προσνενευκότα,
1403 3189 1495 3239 καὶ
1532 3189 1650 3248 ταῖς
1696 3203 1776 3237 τι-

199 3302 308 3337 νων
352 3281 778 3352 ἀθυροστομίαις
813 3281 839 3318 b
876 3277 1204 3348 ἡττώμενον,
1245 3276 1470 3345 βεϐήλου
1524 3273 1776 3340 γνώσεως

200 3373 462 3445 ἐραστὴν,
493 3372 714 3424 ἐκείνων
741 3370 952 3422 ἔσονται
979 3368 1245 3430 κοινωνοὶ,
1279 3366 1406 3434 περὶ
1436 3359 1510 3417 ὧν
1537 3366 1564 3415 ὁ
1596 3362 1776 3431 μακά-

202 3481 316 3536 ριος
373 3463 574 3533 γράφει
614 3460 852 3522 Παῦλος·
896 3479 912 3510 ι
963 3459 1050 3511 Ἑν
1091 3453 1171 3520 οἷς
1209 3460 1237 3509 ὁ
1283 3455 1402 3518 Θεὸς
1443 3453 1534 3506 τοῦ
1585 3452 1776 3515 αἰῶνος

198 3553 394 3606 τούτου
440 3551 715 3618 ἐτύφλωσε
769 3550 838 3602 τὰ
866 3553 1113 3618 νοήματα
1139 3544 1246 3598 τῶν
1280 3545 1547 3605 ἀπίστων,
1598 3544 1676 3604 εἰς
1717 3541 1779 3593 τὸ

200 3645 274 3712 μὴ
307 3643 552 3710 αὐγάσαι
587 3642 676 3694 τὸν
707 3641 982 3710 φωτισμὸν
1024 3637 1116 3690 τοῦ
1157 3636 1472 3705 εὐαγγελίου
1501 3635 1600 3702 τῆς
1623 3634 1778 3701 δόξης

196 3732 289 3786 τοῦ
321 3732 586 3803 Χριστοῦ.
619 3751 637 3782 ›
671 3730 1050 3799 Τυψλώττουσι
1085 3729 1212 3797 γὰρ,
1265 3727 1360 3779 καὶ
1415 3726 1549 3776 είσῖν
1597 3722 1780 3791 ὁδηγοὶ

194 3824 420 3892 τυφλῶν
441 3824 752 3893 ’.τοιγάρτοι
773 3822 866 3873 καὶ
885 3823 995 3881 τοῖς
1018 3820 1114 3886 τῆς
1142 3815 1414 3877 ἀπωλείας
1446 3814 1777 3883 ἐμπίπτουσι

197 3916 440 3986 βόθροις.
472 3916 558 3975 Ὠς
614 3914 722 3982 γὰρ
768 3912 926 3973 αὐτός
977 3908 1077 3963 πού
1109 3924 1270 3978 φησιν
1310 3909 1337 3959 ὀ
1363 3904 1551 3973 Σωτὴρ
1573 3941 1587 3966 ,
1623 3921 1640 3952 ι
1673 3901 1779 3953 Tu-

1884 2735 2267 2804 telligeutibus,
2310 2743 2364 2786 et
2417 2743 2562 2786 recta
2603 2731 2997 2785 invenientibus
3035 2731 3313 2786 scientiam
3346 2734 3384 2786 ¹.
3424 2754 3441 2782 ι

1881 2827 2086 2880 Etenim
2147 2825 2235 2893 qui
2284 2839 2440 2876 sacra
2500 2824 2693 2876 divinae
2749 2823 3042 2890 Scriptum
3087 2824 3247 2876 verba
3293 2833 3450 2878 acuto

1880 2933 2120 2987 puroque
2185 2916 2342 2970 oculo
2398 2915 2697 2983 perlegunt,
2784 2915 2837 2968 hi
2893 2916 3032 2980 quod
3093 2915 3220 2968 utile
3277 2915 3328 2968 in
3381 2915 3448 2969 iis

1879 3010 2139 3070 oceurrit,
2167 3007 2326 3060 veluti
2346 3007 2583 3059 divinum
2614 3005 2898 3074 quemdam
2926 3013 2978 3057 et
3020 3005 3293 3059 caelestem
3330 3006 3448 3060 the-

1880 3116 2118 3162 saurum,
2159 3101 2210 3151 in
2238 3101 2446 3152 animos
2498 3113 2623 3151 suos
2657 3099 2990 3151 recondunt:
3019 3099 3108 3166 qui
3141 3111 3268 3151 vero
3301 3112 3448 3151 men—

1881 3201 1984 3244 tem
2027 3191 2274 3244 obtinent
2325 3191 2392 3243 ad
2427 3190 2764 3243 mendacium
2807 3203 3149 3258 propensam,
3213 3191 3445 3242 nonnul-

1880 3281 2158 3348 lorumque
2183 3279 2470 3348 uugacitati
2505 3279 2886 3344 mancipatam,
2917 3293 2978 3330 ac
3006 3277 3241 3345 profante.
3273 3279 3447 3332 scicn-

1884 3368 1969 3418 tiae
2028 3369 2264 3432 avidam,
2322 3366 2533 3420 illorum
2581 3367 2708 3419 socii
2744 3367 3128 3427 censebuntur,
3161 3367 3225 3420 de
3255 3368 3449 3436 quibus

1882 3460 2068 3513 beatus
2090 3460 2287 3512 Paulus
2331 3459 2591 3528 scriptum
2636 3457 2854 3526 reliquit
2885 3475 2897 3511 :
2934 3476 2950 3508 ι
2985 3457 3037 3510 lu
3074 3459 3270 3526 quibus
3317 3459 3448 3513 deus

1882 3551 2041 3618 hujus
2091 3549 2268 3604 surculi
2313 3550 2607 3603 exemeavit
2649 3560 2857 3602 mentes
2893 3549 3210 3613 intidelium,
3254 3561 3446 3605 utnon

1882 3641 2083 3710 fulgeat
2139 3641 2216 3694 eis
2249 3640 2566 3695 illuminatio
2601 3639 2874 3706 Evangelii
2908 3640 3089 3709 gloriae
3109 3642 3308 3695 Christi
3335 3644 3381 3696 '.
3423 3661 3441 3693 ι

1879 3730 2017 3784 Caeci
2081 3733 2222 3785 enim
2302 3741 2448 3795 sunt,
2503 3740 2557 3785 et
2628 3733 2792 3785 duces
2865 3732 3218 3785 caecorum':
3275 3748 3442 3800 quare

1881 3829 1934 3874 et
1965 3822 2014 3873 in
2051 3823 2362 3889 perditionis
2389 3822 2570 3876 foveas
2596 3831 2878 3875 corruunt.
2900 3820 3055 3885 Nam,
3087 3831 3143 3875 ut
3192 3821 3446 3877 Salvator

1885 3911 1998 3979 ipse
2045 3912 2238 3966 alicubi
2296 3921 2519 3966 monet:
2563 3931 2582 3963 ‹
2649 3912 2704 3966 Si
2768 3927 2941 3967 cacus
2997 3928 3137 3967 caeco
3191 3916 3444 3968 ducatum

195 4007 326 4074 φλὸς
371 4005 573 4072 τυφλὸν
611 4004 705 4056 ἐὰν
750 4003 938 4071 ὁδηγῇ,
982 4000 1280 4070 ἀμφότεροι
1311 4001 1388 4060 είς
1437 3996 1626 4064 βόθρον
1675 3994 1773 4061 ἐμ-

1882 4013 2114 4071 praestet,
2172 4004 2329 4056 ambo
2366 4002 2415 4056 i'n
2463 4002 2668 4057 foveam
2721 4005 2981 4059 cadent‘.
3023 4023 3040 4055 ι
3089 4006 3226 4058 Sunt
3281 4007 3445 4076 igitur

194 4096 520 4149 πεσοῦνται.
576 4115 594 4145 ι
650 4093 1105 4165 Καταφλυαροῦσι
1135 4093 1312 4143 τοίνυν
1342 4089 1484 4149 τινὲς
1522 4086 1628 4137 τῶν
1673 4087 1773 4154 τῆς

191 4187 460 4256 ἀληθείας
503 4186 805 4255 δογμάτων,
848 4188 940 4238 καὶ
985 4184 1302 4252 σκαιότητος
1350 4178 1656 4246 διαϐολικῆς
1686 4177 1775 4227 τὸν

193 4280 399 4331 οἰκεῖον
430 4279 808 4348 ἐμπλήσαντες
852 4275 997 4335 νοῦν,
1046 4272 1486 4344 παραχαράττειν
1525 4269 1776 4334 ἐπείγον-

190 4387 279 4422 ται
314 4369 378 4422 τὸ
407 4370 508 4436 τῆς
539 4369 794 4436 ἀληθείας
823 4367 1140 4436 μυστήριον,
1173 4365 1265 4415 καὶ
1290 4364 1384 4432 τῆς
1411 4359 1548 4431 μετὰ
1579 4358 1777 4428 σαρκὸς

192 4462 517 4531 οἰκονομίας
562 4459 654 4513 τοῦ
703 4457 1039 4526 Μονογενοῦς
1089 4457 1146 4508 οὑ
1198 4453 1433 4524 μετρίως
1492 4451 1774 4503 ποιοῦνται

189 4552 288 4624 τὴν
344 4552 727 4624 κατάρῤησιν,
787 4570 802 4600 ι
860 4551 932 4619 μὴ
981 4547 1223 4608 νοοῦντες
1271 4545 1408 4614 μήτε
1459 4543 1493 4596 ἃ
1539 4543 1774 4609 λέγουσι,

197 4645 338 4713 μήτε
374 4643 508 4713 περὶ
537 4643 680 4704 τίνος
714 4638 1166 4699 διαϐεϐαιοῦνται,
1212 4656 1229 4687 ι
1267 4635 1406 4689 κατὰ
1439 4633 1498 4685 τὸ
1533 4649 1778 4702 γεγραμ-

197 4737 387 4806 μένον.
439 4733 676 4804 Εὑρεταὶ
709 4731 762 4782 δὲ
797 4732 895 4800 τῆς
936 4730 1189 4796 τοιαύτης
1224 4725 1472 4787 ἀσεϐείας
1520 4722 1775 4790 γεγόνασι

191 4827 386 4880 πολλοὶ
442 4826 541 4895 μὲν
598 4825 690 4876 καὶ
741 4824 940 4891 ἕτεροι,
995 4819 1135 4873 κατὰ
1185 4819 1308 4880 τοὺς
1357 4817 1559 4870 ἄνωθεν
1619 4814 1696 4866 ἔτι
1748 4823 1769 4850 ε

191 4920 606 4992 παρῳχηκότας
653 4916 875 4987 καιρούς
897 4934 910 4946 ο
944 4917 1058 4968 νυνὶ
1079 4915 1133 4966 δὲ
1173 4915 1270 4982 τῆς
1300 4914 1521 4964 ἐκείνων
1568 4911 1774 4962 ἀνοσιό·

189 5029 358 5083 τητος
391 5009 546 5062 οὐδὲν
576 5007 914 5070 ἀποδέοντες,
948 5006 1262 5075 Νεστόριος,
1304 5004 1397 5054 καὶ
1424 5003 1471 5053 oi
1501 5003 1595 5054 σὺν
1625 5000 1773 5069 αὑτῷ

192 5103 339 5157 κατὰ
368 5101 500 5162 τοὺς
529 5099 786 5169 ἀρχαίους
815 5098 1056 5158 ἐκείνους
1085 5094 1407 5164 Φαρισαίους
1451 5093 1773 5145 ἀντανιστα-

194 5211 346 5263 μενοι
383 5191 466 5260 τῷ
496 5189 737 5258 Χριστῷ,
769 5190 862 5241 καὶ
893 5188 1084 5254 ἀνέδην
1113 5184 1546 5253 ἀνακεκραγότες
1569 5200 1581 5212 ο
1621 5202 1637 5233 ι
1677 5183 1775 5236 Διὰ

188 5283 240 5334 τί
274 5283 339 5334 σὺ
370 5280 659 5350 ἄνθρωπος
708 5279 783 5331 ὦν
814 5279 985 5338 ποιεῖς
1026 5275 1214 5328 ἐαυτὸν
1266 5274 1430 5338 Θεόνς
1469 5292 1486 5323 ι
1544 5269 1650 5324 ἾΙν
1679 5267 1772 5324 οὖν

265 5459 279 5488 ¹
307 5456 477 5512 Prov.
515 5472 631 5522 vm,
663 5457 717 5521 9,
750 5455 1042 5509 secundum
1075 5451 1237 5506 LXX.
1301 5448 1388 5504 ³11
1421 5447 1545 5503 Cor.
1584 5465 1657 5514 tv,
1684 5447 1736 5501 4.
1799 5449 1818 5478 ³
1847 5447 2032 5503 Matth.
2067 5463 2156 5514 xv,
2187 5449 2271 5504 ll.
2331 5449 2496 5504 ‘ibid.

1879 4092 2139 4156 nonnulli,
2168 4093 2257 4161 qui
2290 4103 2476 4148 contra
2510 4095 2754 4146 veritatis
2791 4095 3034 4163 dogmata
3073 4097 3338 4163 garriunt,
3391 4106 3447 4151 et

1875 4182 2135 4237 diabolica
2163 4184 2424 4252 pravitate
2441 4183 2598 4254 146
2615 4194 2844 4238 mentem
2877 4185 3131 4238 imbutam
3168 4187 3445 4249 habentes,

1878 4275 2122 4328 veritatis
2152 4277 2475 4345 mysterium
2510 4277 2620 4330 acri
2665 4277 2840 4330 studio
2882 4277 3187 4330 adulterare
3218 4288 3441 4330 conten-

1877 4366 2031 4432 dunt,
2080 4383 2175 4420 nec
2227 4368 2566 4421 mediocriter
2613 4368 2874 4420 incarnati
2914 4367 3184 4436 Unigeniti
3217 4369 3441 4436 dispen-

1877 4459 2138 4510 sationem
2187 4458 2520 4511 iusectantur
2550 4498 2564 4523 ,
2599 4476 2615 4507 ι
2653 4472 2756 4511 non
2834 4458 3213 4527 intelligenles,
3274 4475 3446 4528 neque

1879 4564 1995 4616 qua:
2029 4547 2338 4615 loquuntur,
2391 4564 2560 4615 neque
2603 4550 2666 4602 de
2701 4549 2898 4617 quibus
2933 4549 3220 4612 afﬁrmant,
3252 4568 3267 4599 ι
3306 4551 3446 4603 sicut

1878 4643 2134 4705 scriptum
2173 4648 2254 4692 est
2279 4639 2319 4691 '.
2363 4637 2675 4702 llujusmodi
2720 4651 2898 4693 autem
2932 4639 3222 4708 impietatis
3255 4643 3444 4692 inven-

1881 4741 2022 4783 tores
2064 4733 2387 4783 exstiterunt
2441 4729 2549 4796 jam
2585 4732 2710 4783 olim
2765 4739 2818 4783 et
2869 4730 3018 4783 multi
3071 4732 3284 4799 quidem
3314 4731 3440 4795 alii;

1879 4837 2017 4873 nunc
2053 4835 2177 4874 vero
2239 4820 2544 4883 Nestorius,
2574 4829 2626 4872 et
2672 4821 2762 4887 qui
2799 4835 2916 4872 cum
2948 4819 3038 4872 illo
3075 4829 3218 4882 sunt,
3255 4835 3440 4872 eorum

1879 4912 2139 4979 impietati
2202 4912 2341 4963 nulla
2397 4912 2448 4963 in
2503 4922 2656 4979 parte
2700 4913 2966 4970 cedentes,
3027 4911 3092 4964 ad
3141 4913 3439 4980 priscorum

1877 5001 2268 5054 Pharisaeorum
2300 5001 2602 5068 exemplum
2652 5001 2910 5054 adversus
2941 4999 3216 5053 Christum
3245 5016 3302 5053 se
3335 5002 3442 5052 eri-

1879 5102 2027 5160 gunt,
2051 5101 2403 5158 proterveque
2429 5092 2792 5145 vociferantur
2823 5109 2836 5144 :
2880 5109 2896 5140 ι
2939 5090 3046 5144 Cur
3076 5101 3152 5154 tu,
3189 5106 3307 5144 cum
3340 5091 3435 5143 ho-

1879 5196 1965 5234 mo
1994 5182 2087 5242 sis,
2110 5180 2240 5233 facis
2265 5182 2489 5247 teipsum
2526 5181 2689 5234 Deum
2717 5181 2781 5232 '?
2825 5199 2843 5231 ι
2875 5179 3000 5232 Erat
3031 5181 3209 5247 itaque
3250 5194 3437 5232 neces-

1881 5273 2103 5332 sarium,
2133 5281 2187 5322 ut
2214 5272 2470 5326 adversus
2504 5272 2712 5325 illorum
2745 5286 3020 5326 sermones
3062 5287 3159 5325 nos
3189 5272 3438 5339 accinge-

2585 5449 2646 5504 Ἰ
2681 5449 2818 5504 Tim.
2852 5465 2890 5516 ι,
2915 5450 2946 5502 7
3030 5448 3228 5504 ‘Joan.
3259 5464 3310 5508 ι,
3340 5449 3434 5505 21.

1222 5605 1398 5660 Varia:
1432 5603 1690 5659 lectiones
1720 5619 1786 5659 ex
1818 5603 2002 5660 codice
2034 5604 2404 5674 Seguieriano.

261 5784 288 5811 ι
319 5767 586 5822 ἐκθεῖναι.
665 5763 694 5802 δ
722 5763 821 5832 τῆς
851 5777 1010 5817 τινων
1037 5759 1464 5830 ἀθυροστομίας.

1543 5767 1563 5796 ε
1606 5757 1698 5811 καὶ
1731 5756 1832 5811 ἔτι.
