4078 6348
219 403 330 460 295

1261 401 1670 457 EXPLICATIO
1709 401 2058 459 DUODECIM
2099 403 2429 460 CAPITUM.

3351 403 3459 459 εει

242 546 3448 581 W

821 730 1335 820 ΕΠΙΛΥΣΙΣ
1409 731 1634 816 ΤΩΝ
1712 726 2158 816 ΔΩΔΕΚΑ
2231 730 2877 821 ΚΕΦΑΛΑΙΩΝ

1528 933 1802 984 meum
1839 939 1921 986 EN
1951 939 2153 1002 ΕΦΕΣῼ

983 1106 1123 1161 ΥΠΟ
1161 1105 1516 1160 ΚΥΡΙΛΛΟΥ
1554 1104 2119 1159 ΑΡΧΙΕΠΙΣΚΟΠΟΥ
2161 1102 2705 1169 ΑΛΕΞΑΝΔΡΕΙΛΣ,

320 1282 438 1353 Τῆς
466 1282 638 1352 ἁγίας
669 1284 934 1340 Συνόδου
963 1283 1314 1352 ἁξιωσάσης
1346 1283 1532 1337 αὐτὸν
1563 1282 1937 1352 σαφέστερον
1995 1281 2197 1346 αὐτοῖς
2227 1281 2664 1351 ἑκτρανωθῆναι
2704 1294 2728 1322 ι
2759 1282 2874 1350 τὴν
2903 1282 3128 1336 τούτων
3158 1281 3361 1336 λύσιν.

821 1603 1553 1696 EXPLICATIO
1630 1607 1698 1691 D
1723 1604 2252 1695 UODECIM
2331 1599 2850 1691 CAPITUM

1475 1794 1705 1845 EPHESI
1751 1793 2204 1845 PRONUNTIATA

1030 1974 1077 2032 A
1117 1970 1432 2030 CYRILLO
1475 1971 2065 2030 ARCHIEPISCOPO
2102 1971 2672 2034 ALEXANDBINO.

1106 2131 1160 2178 S.
1193 2126 1390 2192 Synodo
1424 2125 1684 2177 clariorem
1708 2125 1905 2176 illorum
1926 2125 2299 2178 declarationem
2321 2122 2554 2189 exigente.

219 2273 418 2354 (Hujus
449 2278 562 2354 libri
605 2283 656 2354 et
702 2280 907 2352 duorum
953 2280 1265 2354 sequentium
1307 2276 2032 2354 interpretationem“Latinam
2055 2289 2210 2354 quam
2229 2273 2755 2354 ‘Joan‘nesﬁu'bertuzs
2779 2270 3460 2354 admiserathparaphrastlce

423 2345 724 2403 adornatam,
749 2335 1103 2402 rejecimus,'et
1121 2353 1228 2389 eam
1252 2335 1529 2400 recepimus
1561 2351 1670 2398 quae
1707 2342 1870 2385 exstat
1895 2341 1945 2385 iu
1972 2336 2197 2386 Coneitiis
2226 2348 2284 2383 ex
2314 2335 2533 2382 editione
2557 2336 2756 2383 Joannis
2794 2335 3032 2384 Dominici
3061 2335 3255 2396 Mansig)

294 2671 314 2704 ι
356 2651 540 2706 Πάντα
561 2650 764 2705 ἐνώπια
788 2651 898 2711 τοῖς
921 2648 1180 2711 συνιοῦσι,
1210 2648 1303 2701 καὶ
1332 2647 1464 2718 ὀρθὰ
1493 2649 1600 2710 τοῖς
1650 2646 1794 2718 εὑρί-

1971 2643 2126 2715 145
2155 2663 2172 2692 ‹
2200 2643 2442 2705 Omnia,»
2479 2652 2534 2695 ut
2566 2641 2823 2710 scriptum
2849 2651 2948 2707 est,
2989 2659 3007 2693 ι
3042 2642 3198 2696 obvia
3228 2651 3353 2695 sunt
3379 2642 3466 2697 in-

213 2757 411 2794 σκουσι
463 2740 684 2806 γνῶσιν,
731 2757 751 2787 ι
798 2737 937 2790 κατὰ
986 2738 1046 2788 τὸ
1097 2736 1501 2808 γεγραμμένον.
1556 2737 1618 2788 Οἱ
1695 2735 1793 2805 μὲν

211 2831 328 2900 γὰρ
355 2829 466 2893 ὀξεῖ
495 2847 552 2881 τε
582 2829 674 2881 καὶ
707 2827 932 2898 καθαρῷ
980 2827 1215 2888 διανοίας
1255 2828 1458 2896 ὄμματι
1484 2829 1594 2888 τοῖς
1629 2827 1793 2894 ἱεροῖς

210 2923 316 2990 τῆς
348 2920 704 2973 θεοπνεύστου
745 2919 966 2989 Γραφῆς
1000 2919 1485 2988 περιτυγχάνοντες
1510 2915 1708 2982 λόγοις,
1735 2913 1794 2966 τὸ

211 3012 275 3075 ἐξ
342 3011 519 3064 αὐτῶν
570 3010 780 3078 ὄφελος,
832 3009 975 3063 θεῖον
1019 3009 1206 3078 ὥσπερ
1245 3008 1364 3059 τινὰ
1411 3008 1501 3060 καὶ
1548 3007 1795 3076 οὐράνιον

213 3103 495 3173 θησαυρὸν
523 3105 642 3166 ταῖς
676 3100 879 3154 ἑαυτῶν
906 3099 1252 3161 είσοικίζουσι
1281 3099 1476 3168 ψυχαῖς
1496 3114 1508 3126 ·
1540 3100 1587 3149 oi
1616 3097 1671 3148 δὲ
1705 3096 1794 3148 τὸν

212 3192 348 3246 νοῦν
382 3193 596 3262 ἔχοντες
621 3192 697 3260 τῷ
722 3191 902 3259 ψεύδει
943 3189 1388 3260 προσνενευκότα,
1419 3189 1512 3240 καὶ
1548 3189 1666 3248 ταῖς
1712 3203 1793 3238 τι·

212 3302 330 3338 νων
373 3281 793 3352 ἀθυροστομίαις
830 3281 856 3318 ιι
893 3278 1221 3348 ἡττώμενον,
1261 3276 1486 3345 βεϐήλου
1540 3273 1793 3340 γνώσεως

213 3373 480 3445 ἐραστὴν,
510 3372 730 3424 ἐκείνων
758 3371 968 3422 ἔσονται
997 3368 1261 3430 κοινωνοὶ,
1295 3366 1422 3434 περὶ
1452 3359 1526 3417 ὧν
1554 3366 1580 3416 ὁ
1613 3362 1792 3432 μακά-

216 3481 341 3536 ριος
394 3463 591 3532 γράφει
630 3460 868 3522 Παῦλοςο
913 3479 928 3511 ι
980 3458 1066 3511 Ἐν
1107 3453 1188 3520 οἷς
1225 3460 1253 3509 ὁ
1299 3456 1418 3518 θεὸς
1459 3453 1550 3507 τοῦ
1601 3452 1793 3516 αἰῶνος

211 3553 412 3607 τούτου
456 3550 733 3618 ἐτύφλωσε
786 3550 854 3602 τὰ
881 3553 1129 3619 νοήματα
1155 3545 1263 3598 τῶν
1297 3545 1563 3605 ἀπίστων,
1614 3544 1692 3604 εἰς
1733 3541 1795 3593 τὸ

215 3646 296 3714 μὴ
331 3642 569 3710 αὐγάσαι
603 3642 692 3694 τὸν
724 3641 999 3710 φωτισμὸν
1041 3638 1132 3690 τοῦ
1173 3637 1489 3705 εὐαγγελίου
1517 3635 1616 3703 τῆς
1639 3635 1796 3703 δόξης

210 3732 313 3786 τοῦ
346 3733 602 3802 Χριστοῦ.
635 3751 653 3782 ι
688 3731 1066 3799 Τυφλώττουσι
1101 3729 1228 3797 γὰρ,
1281 3727 1376 3779 καὶ
1431 3725 1564 3776 είσῖν
1613 3723 1796 3792 ὁδηγοὶ

209 3823 438 3892 τυφλῶν
457 3824 767 3893 ’.τοιγάρτοι
789 3821 1012 3881 καὶτοῖς
1033 3820 1131 3887 τῆς
1158 3815 1430 3877 ἀπωλείας
1461 3814 1793 3883 ἐμπίπτουσι

214 3916 457 3985 βόθροις.
489 3916 574 3975 Ὠς
630 3914 737 3982 γὰρ
784 3912 942 3973 αὑτό,⁵
994 3908 1094 3962 ποῦ
1126 3924 1287 3979 φησιν
1326 3908 1354 3960 ὁ
1379 3904 1568 3974 Σωτὴρ
1589 3943 1603 3967 ,
1639 3920 1656 3953 ι
1689 3901 1795 3953 Τυ-

1901 2736 2284 2804 tclligentibus,
2327 2743 2380 2787 et
2434 2743 2578 2787 recta
2619 2733 3014 2786 invenientibus
3052 2733 3329 2787 scientiam
3362 2736 3400 2788 ¹.
3440 2755 3457 2784 ι

1898 2828 2103 2881 Etenim
2164 2825 2251 2893 qui
2301 2839 2456 2877 sacra
2516 2825 2709 2877 divina:
2765 2824 3058 2890 Scriptura:
3103 2826 3264 2878 verba
3309 2835 3467 2880 acuto

1897 2934 2137 2988 puroque
2201 2916 2358 2970 oculo
2415 2915 2713 2984 perlegunt,
2801 2916 2853 2969 hi
2910 2917 3048 2982 quod
3109 2916 3236 2969 utile
3293 2917 3344 2970 in
3396 2917 3465 2971 iis

1897 3011 2155 3072 occurrit,
2183 3008 2343 3061 veluti
2363 3001 2599 3060 divinum
2630 3006 2914 3075 quemdam
2942 3014 2994 3059 et
3036 3006 3309 3060 caelestem
3346 3008 3464 3061 the-

1897 3117 2134 3162 saurmu,
2175 3101 2226 3152 in
2254 3101 2462 3152 animos
2514 3114 2638 3152 suos
2673 3100 3007 3152 recondunt:
3035 3101 3124 3167 qui
3158 3113 3284 3152 vero
3317 3114 3465 3152 tuen-

1898 3201 2001 3245 tem
2043 3192 2291 3245 obtinent
2341 3192 2407 3244 ad
2443 3191 2780 3244 mendacium
2823 3204 3165 3259 pr0pensam,
3229 3192 3461 3243 nonnul-

1896 3281 2174 3348 lorumque
2199 3280 2486 3349 uugacitati
2521 3279 2902 3346 mancipatam,
2933 3294 2994 3332 ac
3022 3279 3258 3346 profante.
3289 3280 3463 3333 scicn-

1900 3368 1986 3420 tia:
2044 3370 2279 3432 avidam,
2338 3367 2549 3421 illorum
2597 3368 2724 3420 socii
2760 3369 3144 3428 censebuntur,
3177 3369 3241 3422 de
3271 3369 3465 3437 quibus

1898 3460 2084 3514 beatus
2106 3461 2303 3513 Paulus
2347 3459 2607 3529 scriptum
2651 3458 2870 3528 reliquit
2901 3477 2913 3512 :
2950 3477 2967 3510 ‹
3001 3458 3054 3511 In
3090 3461 3286 3527 quibus
3333 3461 3463 3515 deus

1897 3551 2056 3619 hujus
2107 3550 2284 3604 szcculi
2329 3552 2624 3605 excaecavit
2665 3561 2874 3604 mentes
2909 3551 3226 3615 inﬁdelium,
3270 3563 3462 3607 utnon

1898 3642 2098 3710 fulgeat
2154 3642 2232 3695 eis
2265 3642 2583 3696 illuminatio
2617 3641 2890 3708 Evangelii
2924 3642 3106 3710 gloria:
3125 3644 3323 3696 Christi
3351 3646 3397 3697 '.
3438 3663 3457 3694 ι

1896 3731 2033 3785 Caeci
2096 3733 2238 3786 enim
2318 3742 2464 3796 sunt,
2518 3741 2572 3786 et
2645 3734 2808 3786 duces
2881 3734 3234 3786 czncorum':
3291 3749 3458 3802 quare

1898 3830 1950 3875 et
1981 3823 2030 3874 in
2067 3823 2377 3890 perditionis
2406 3823 2585 3877 foveas
2612 3831 2893 3876 corruunt.
2915 3821 3071 3886 Nam,
3103 3833 3159 3876 ut
3208 3822 3462 3879 Salvator

1902 3911 2014 3979 ipse
2061 3913 2254 3966 alicubi
2312 3922 2535 3967 monet:
2579 3932 2597 3964 ‹
2665 3913 2721 3967 Si
2784 3928 2956 3967 carens
3013 3930 3153 3968 caeco
3206 3918 3459 3970 ducatum

211 4006 352 4075 φλὸς
393 4004 588 4072 τυφλὸν
627 4004 721 4056 ἐὰν
766 4003 955 4071 ὁδηγῇ,
998 4001 1296 4070 ἀμφότεροι
1327 4001 1404 4061 είς
1453 3997 1643 4065 βόθρον
1691 3995 1789 4061 ἐμ-

1899 4015 2130 4072 praestet,
2188 4004 2345 4058 ambo
2382 4003 2431 4057 i'n
2479 4003 2684 4058 foveam
2737 4007 2996 4060 cadent“.
3038 4025 3055 4056 ι
3105 4007 3241 4059 Sunt
3297 4009 3460 4077 igitur

211 4095 536 4150 πεσοῦνται.
592 4115 609 4145 ι
666 4093 1121 4165 Καταφλυαροῦσι
1151 4093 1328 4144 τοίνυν
1358 4089 1500 4150 τινὲς
1538 4087 1644 4137 τῶν
1689 4087 1790 4154 τῆς

209 4185 476 4256 ἀληθείας
519 4186 820 4256 δογμάτων,
863 4188 955 4238 καὶ
1000 4184 1319 4252 σκαιότητος
1366 4178 1672 4247 διαϐολικῆς
1701 4177 1791 4228 τὸν

210 4280 418 4332 οἰκεῖον
446 4278 824 4348 ἐμπλήσαντες
868 4275 1013 4335 νοῦν,
1061 4272 1502 4345 παραχαράττειν
1541 4269 1792 4334 ἐπείγον-

207 4387 305 4423 ται
341 4368 399 4420 τὸ
425 4369 524 4437 τῆς
556 4369 808 4436 ἀληθείας
838 4367 1154 4435 μυστήριον,
1189 4364 1280 4415 καὶ
1305 4363 1400 4431 τῆς
1427 4359 1564 4430 μετὰ
1595 4358 1792 4428 σαρκὸς

210 4462 533 4530 οἰκονομίας
578 4458 671 4512 τοῦ
718 4458 1054 4526 Μονογενοῦς
1103 4457 1162 4508 οὐ
1214 4453 1449 4523 μετρίως
1508 4452 1790 4504 ποιοῦνται

208 4552 315 4623 τὴν
369 4551 742 4623 κατάρρησιν,
802 4570 818 4600 ι
876 4550 948 4619 μὴ
996 4547 1238 4608 νοοῦντες
1286 4546 1424 4615 μήτε
1475 4543 1508 4596 δι
1555 4542 1789 4610 λέγουσι,

215 4645 363 4714 μήτε
396 4642 523 4713 περὶ
553 4642 696 4703 τίνος
729 4638 1180 4700 διαϐεϐαιοῦνται,
1227 4656 1244 4687 ι
1283 4636 1422 4689 κατὰ
1455 4634 1514 4686 τὸ
1549 4649 1793 4703 γεγραμ-

217 4736 407 4805 μένον.
457 4733 692 4803 Εὑρεταὶ
724 4731 779 4782 δὲ
812 4731 910 4800 τῆς
951 4729 1204 4797 τοιαύτης
1240 4725 1488 4788 ἀσεϐείας
1536 4723 1790 4790 γεγόνασι

209 4826 408 4880 πολλοὶ
459 4825 557 4894 μὲν
613 4824 706 4876 καὶ
755 4823 956 4891 ἕτεροι,
1010 4820 1150 4873 κατὰ
1200 4819 1324 4880 τοὺς
1373 4817 1575 4870 ἄνωθεν
1634 4814 1712 4866 ἔτι
1763 4824 1784 4850 ε

211 4901 622 4990 παρῳχηκότας
669 4916 890 4986 καιρούς
912 4933 926 4946 ο
959 4917 1073 4969 νυνὶ
1095 4915 1149 4966 δὲ
1188 4914 1285 4983 τῆς
1315 4913 1537 4965 ἐκείνων
1584 4911 1789 4962 ἀνοσιό-

209 5027 382 5082 τητος
413 5008 562 5062 οὐδὲν
591 5007 930 5070 ἀποδέοντες,
964 5005 1278 5075 Νεστόριος,
1319 5003 1412 5054 καὶ
1439 5003 1486 5053 οἱ
1516 5003 1611 5054 σὺν
1640 5001 1788 5070 αὑτῷ

213 5101 363 5156 κατὰ
391 5101 516 5161 τοὺς
545 5098 800 5169 ἀρχαίους
831 5097 1071 5159 ἐκείνους
1101 5094 1422 5164 Φαρισαίους
1466 5093 1788 5145 ἀντανιστα-

214 5210 371 5263 μενοι
405 5189 482 5259 τῷ
512 5188 752 5257 Χριστῷ,
783 5189 877 5240 καὶ
908 5187 1099 5254 ἀνέδην
1128 5185 1561 5254 ἀνακεκραγότες
1584 5201 1596 5213 ·
1637 5202 1652 5234 t
1693 5184 1790 5236 Διὰ

210 5282 265 5333 τί
301 5281 363 5331 σὺ
393 5279 674 5349 ἄνθρωπος
723 5279 798 5331 ὣν
829 5279 1000 5338 ποιεῖς
1040 5275 1229 5328 ἑαυτὸν
1281 5274 1446 5338 Θεόν;
1485 5292 1501 5323 ι
1559 5269 1665 5325 ἾΙν
1695 5268 1788 5324 οῦν

291 5457 306 5485 ¹
333 5454 492 5510 Ρτον.
530 5471 647 5522 vut,
679 5456 732 5522 9,
765 5455 1057 5509 secundum
1089 5451 1253 5506 LXX.
1316 5451 1335 5480 ²
1361 5449 1402 5504 Il
1436 5448 1560 5504 Cor.
1599 5465 1673 5514 tv,
1699 5447 1751 5502 4.
1814 5449 1822 5478 ³

1895 5448 2048 5504 lattlt.
2083 5464 2171 5514 xv,
2203 5450 2286 5504 Η.
2346 5450 2512 5506 ‘ibid.

1895 4092 2154 4157 nonnulli,
2184 4094 2273 4161 qui
2306 4103 2492 4148 contra
2525 4095 2770 4147 veritatis
2806 4096 3050 4164 dogmata
3089 4098 3353 4164 garriunt,
3406 4107 3462 4152 et

1890 4182 2151 4237 diabolica
2181 4185 2440 4252 pravitate
2456 4184 2613 4255 146
2630 4195 2859 4240 mentem
2893 4186 3146 4238 imbutam
3183 4188 3461 4251 habentes,

1893 4275 2138 4328 veritatis
2168 4278 2490 4345 mysterium
2526 4277 2636 4331 acri
2681 4278 2856 4330 studio
2897 4279 3202 4332 adulterare
3232 4289 3456 4331 conten-

1893 4367 2047 4432 dunt,
2096 4382 2191 4420 nec
2243 4369 2582 4422 mediocriter
2628 4369 2890 4421 incarnati
2930 4369 3199 4437 Unigeniti
3232 4369 3456 4438 dispen-

1892 4460 2154 4510 sationem
2202 4459 2536 4511 insectantur
2565 4499 2579 4523 ,
2615 4477 2631 4508 ‹
2669 4473 2772 4512 non
2849 4460 3228 4528 iutelligentes,
3289 4476 3462 4529 neque

1893 4564 2010 4616 qum
2044 4548 2353 4615 loquuntur,
2406 4564 2576 4616 neque
2618 4550 2682 4603 de
2717 4550 2914 4618 quibus
2948 4550 3236 4615 alIirmant,
3267 4569 3282 4600 ›
3321 4552 3461 4604 sicut

1893 4643 2150 4706 scriptum
2188 4648 2270 4693 est
2294 4640 2335 4692 ⁸.
2380 4637 2691 4703 llujusmodi
2736 4653 2914 4694 autem
2947 4641 3237 4710 impietatis
3270 4644 3458 4694 inven-

1896 4740 2036 4784 tores
2079 4734 2402 4784 exstiterunt
2457 4730 2565 4797 jam
2600 4733 2725 4784 olim
2781 4741 2834 4785 et
2885 4732 3033 4784 multi
3086 4733 3299 4800 quidem
3328 4734 3456 4797 alii;

1893 4837 2032 4874 nunc
2068 4837 2192 4875 vero
2253 4821 2559 4884 Nestorius,
2589 4831 2642 4873 et
2687 4822 2778 4888 qui
2814 4837 2932 4873 cum
2964 4821 3053 4874 illo
3090 4831 3234 4884 sunt,
3269 4836 3454 4874 eorum

1895 4912 2154 4980 impietati
2217 4913 2356 4964 nulla
2412 4913 2464 4964 in
2519 4923 2672 4980 parte
2716 4914 2982 4972 cedentes,
3042 4913 3108 4966 ad
3157 4915 3454 4982 priscorum

1893 5001 2284 5054 Pharisaeorum
2315 5002 2617 5070 exemplum
2667 5003 2926 5056 adversus
2957 5001 3231 5055 Christum
3260 5017 3316 5055 se
3351 5004 3457 5054 eri-

1894 5102 2043 5161 gunt,
2067 5101 2419 5160 proterveque
2444 5093 2807 5146 vociferantur
2839 5110 2852 5145 :
2896 5111 2912 5141 ι
2955 5091 3062 5146 Cur
3091 5103 3167 5157 tu,
3203 5107 3322 5146 cum
3355 5093 3450 5145 ho-

1894 5197 1980 5235 mo
2009 5183 2102 5244 sis,
2125 5181 2255 5234 facis
2280 5183 2504 5248 teipsum
2541 5182 2704 5235 Deum
2733 5183 2796 5233 ‘?
2840 5201 2858 5232 ›
2890 5181 3015 5234 Erat
3046 5182 3224 5248 itaque
3265 5195 3452 5234 neces-

1896 5273 2118 5334 sarium,
2148 5281 2202 5324 ut
2229 5273 2485 5327 adversus
2519 5273 2728 5326 illorum
2760 5287 3034 5328 sermones
3076 5288 3174 5326 nos
3204 5274 3453 5340 accinge-

2600 5450 2662 5505 'l
2696 5450 2833 5506 Tim.
2866 5466 2905 5517 ι,
2929 5451 2960 5503 7
3045 5449 3243 5505 'Joan.
3274 5465 3325 5511 ι,
3354 5451 3449 5506 21.

1237 5605 1412 5660 Varia:
1446 5604 1705 5659 lectiones
1735 5619 1802 5659 ex
1833 5605 2017 5661 codice
2049 5604 2418 5675 Seguieriano.

290 5781 317 5808 ι
344 5766 601 5821 ἐκθεῖναι.
680 5763 708 5802 δ
736 5763 835 5832 τῆς
865 5777 1024 5816 τινων
1052 5759 1479 5830 ἀθυροστομίας.

1558 5767 1578 5796 ε
1621 5757 1713 5811 καὶ
1746 5756 1847 5812 ἔτι.
