4078 6348
619 398 724 453 293

1639 394 1695 450 S.
1737 392 2008 449 CYRILLI
2048 388 2516 450 ALEXANDBINI
2558 393 2885 451 ARCHIEP.

3755 405 3864 462 296

623 528 823 581 remus,
887 514 1200 584 impuraque
1249 529 1311 569 ac
1377 515 1603 584 profana
1651 515 1863 568 illorum
1934 513 2185 583 dogmata

2296 514 2581 582 ἀναγκαῖον
2627 517 2721 568 καὶ
2764 516 2915 586 ἡμᾶς
2947 515 3140 579 αὐτοὺς
3175 518 3286 579 τοῖς
3317 521 3446 589 παρ’
3483 521 3704 576 ἐκείνων
3733 522 3870 576 ἀντ-

622 605 1225 670 anathematizaremns,
1254 619 1520 660 memores
1560 605 1650 659 Dei
1697 620 1794 674 per
1829 618 2014 659 vocem
2059 618 2188 674 pro-

621 694 797 762 pheta:
827 694 1088 749 dicentis:
1123 713 1142 746 ι
1178 695 1392 761 Audite,
1431 697 1764 762 sacerdotes,
1803 704 1858 750 et
1915 703 2189 750 contesta-

621 781 755 834 mini
806 783 985 836 domui
1043 779 1230 847 Jacob,
1271 784 1399 838 dicit
1424 783 1682 840 Dominus
1712 785 2111 854 omnipotens".
2164 803 2183 838 ι

621 872 688 926 Et
710 874 941 927 iterum:
977 891 995 924 ι
1031 873 1377 942 lngredimini
1400 889 1496 943 per
1527 884 1714 944 portas
1746 890 1916 941 meas,
1947 885 2002 930 et
2053 876 2190 946 lapi-

622 961 716 1013 des
760 961 824 1014 de
873 960 955 1014 via
995 960 1162 1015 tollite
1189 963 1230 1015 ⁸.
1258 983 1276 1013 ι
1314 963 1542 1031 Oportet
1592 964 1733 1018 enim
1783 981 1898 1030 nos,
1957 965 2047 1035 qui
2096 980 2192 1034 pro

621 1051 867 1106 veritatis
926 1052 1177 1122 dogmate
1225 1062 1520 1121 certamus,
1581 1055 1903 1110 offendicula
1941 1072 1971 1111 e
2013 1056 2192 1111 medio

622 1143 957 1208 submovere,
977 1158 1041 1197 ne
1069 1159 1169 1211 qua
1201 1146 1412 1200 ratione
1440 1147 1618 1216 populi
1654 1149 1719 1202 ad
1747 1149 1836 1203 illa
1861 1149 2186 1219 impingam,

623 1233 715 1286 sed
743 1234 883 1288 velut
915 1251 1012 1304 per
1035 1235 1243 1304 planam
1282 1239 1530 1292 semitam
1560 1241 1626 1294 ad
1665 1256 1818 1295 sacra
1855 1242 1942 1296 illa
1982 1242 2191 1296 divina-

622 1339 728 1392 que
784 1326 921 1379 atria
978 1327 1410 1395 progrediantur,
1466 1330 1594 1385 illud
1655 1331 1768 1386 fere
1813 1347 1907 1401 per
1955 1332 2192 1402 singulas

622 1426 809 1483 portas
860 1418 1293 1487 ingeminantes:
1358 1437 1377 1471 ι
1431 1420 1556 1475 Ηωο
1615 1434 1700 1477 εει
1749 1433 1900 1492 porta
1961 1424 2190 1491 Domini,

621 1507 751 1575 justi
801 1509 1078 1564 intrabunt
1127 1511 1180 1565 in
1222 1527 1340 1566 eam
1378 1513 1422 1566 ’.
1465 1532 1484 1565 ι
1517 1514 1651 1568 Cum
1700 1515 1881 1584 itaque
1914 1515 2192 1572 Nestorius

623 1599 932 1669 dogmatum
983 1605 1386 1673 peregrinorum
1421 1615 1474 1660 et
1509 1606 1789 1675 impiarum
1829 1607 2192 1678 blasphemia-

624 1706 742 1746 rum
768 1694 978 1748 turbam
1007 1694 1158 1748 libris
1191 1697 1301 1750 suis
1346 1698 1685 1765 inseruisset,
1739 1715 1845 1754 non
1896 1702 2188 1770 potuimus,

625 1783 814 1838 salutis
845 1801 1054 1850 eorum,
1096 1785 1186 1853 qui
1222 1786 1310 1840 illa
1343 1786 1533 1843 lecturi
1572 1800 1749 1854 erant,
1781 1805 1966 1845 curam
1994 1793 2194 1847 haben-

624 1883 729 1939 tes,
758 1878 1242 1937 anathetnatismos
1283 1897 1388 1934 non
1434 1895 1759 1949 componere
1791 1898 1805 1936 :
1841 1898 1944 1936 non
1979 1884 2190 1951 quidvis

623 1966 951 2031 promiscue,
983 1968 1125 2036 quod
1172 1969 1226 2023 in
1262 1979 1493 2023 mentem
1530 1968 1830 2034 incidisset,
1855 1970 2191 2036 ρειι-ωιιειὶεεε

623 2055 862 2121 epistola:
885 2071 1046 2123 quam
1081 2057 1146 2110 ad
1186 2058 1332 2110 illum
1365 2057 1680 2127 scripsimus
1721 2057 2044 2122 inserentes,
2097 2057 2190 2110 sed

624 2143 721 2212 (ut
744 2146 900 2201 modo
930 2148 1205 2217 diximus)
1265 2150 1508 2218 germina
1553 2148 1788 2202 vesaniae
1844 2148 2010 2216 ipsius
2066 2163 2191 2217 per-

624 2236 827 2307 egrina,
857 2248 910 2290 et
944 2253 972 2292 a
1003 2239 1218 2307 pietatis
1249 2239 1586 2308 dogmatibus
1610 2253 1828 2307 prorsus
1864 2238 2038 2292 aliena
2071 2253 2192 2294 esse

623 2328 987 2383 ostendentes.
1026 2327 1192 2398 .IEgre
1241 2329 1474 2386 fortasse
1524 2329 1704 2384 ferunt
1762 2330 2026 2396 nonnulli,
2073 2344 2190 2397 quae

622 2419 938 2486 scripsimus
971 2437 986 2485 ;
1017 2421 1098 2473 vel
1154 2422 1298 2490 quod
1359 2437 1566 2485 eorum,
1617 2435 1736 2490 qua:
1789 2422 1989 2490 scripta
2045 2430 2189 2485 sunt,

622 2522 843 2564 sensum
881 2525 1009 2564 vere
1055 2526 1160 2564 non
1191 2511 1431 2579 capiant,
1465 2511 1549 2564 vel
1585 2520 1733 2565 certe
1787 2513 1928 2578 quod
1970 2513 2192 2580 impura:

622 2601 886 2656 haereseos
916 2601 1145 2656 Nestorii
1177 2613 1603 2672 propugnatores
1634 2602 1925 2668 exsistant,
1949 2603 2193 2670 impieta-

623 2691 798 2760 tisque
831 2694 1118 2762 participes
1141 2693 1269 2756 sint,
1307 2707 1370 2746 ac
1399 2694 1584 2748 eadem
1615 2707 1737 2748 cum
1766 2692 1881 2760 ipso
1930 2692 2189 2746 sentiant.

619 2782 690 2836 At
714 2782 841 2836 nulli
870 2783 1085 2837 interim
1113 2799 1177 2837 ex
1212 2784 1299 2846 iis,
1336 2783 1428 2852 qui
1479 2793 1623 2836 recte
1658 2796 1848 2850 sapere
1896 2796 2194 2835 consueve-

621 2881 769 2937 runt,
803 2873 1008 2927 veritas
1055 2882 1241 2942 operta
1291 2882 1394 2926 est.
1446 2873 1579 2938 Quia
1631 2887 1759 2927 vero
1809 2871 2065 2926 credibile
2137 2871 2197 2925 (lt

621 2978 728 3018 non
760 2964 948 3019 deesse
973 2965 1234 3034 quosdam
1266 2965 1478 3019 illorum
1503 2962 1824 3018 commentis
1853 2963 2194 3030 depravatos,

624 3053 714 3122 qui
765 3068 870 3107 non
899 3065 1279 3123 assequantur,
1338 3053 1628 3124 quomodo,
1684 3063 1777 3107 aut
1828 3067 1934 3122 qua
1990 3052 2197 3106 ratione

2291 604 2662 659 αιτοδύεσθαιε1
2682 606 3350 676 λόγοις,ἀναθεματίσαιτε
3386 611 3565 665 αὐτῶν
3601 613 3667 665 τὰ
3691 609 3870 684 μιαρὰ

2291 694 2385 747 καὶ
2436 693 2638 764 βέὅηλα
2675 695 2954 764 δόγματα,
3009 697 3389 766 μεμνημένους
3432 699 3568 754 Θεοῦ
3614 700 3868 767 λέγοντος

2292 779 2379 834 διὰ
2414 783 2597 851 φωνῆς
2640 785 2942 854 προφήτου⁹
2982 803 3000 834 ι
3050 784 3253 855 Ίερεϊς,
3292 786 3580 851 ἀκούσατε,
3616 789 3711 840 καὶ
3740 790 3867 841 ὲπι-

2295 872 2640 945 μαρτύρασθε
2673 874 2749 944 τῷ
2794 875 2928 943 οἴκῳ
2967 875 3199 945 Ἰσραὴλ,
3245 876 3392 942 λέγει
3431 877 3631 947 Κύριος
3665 895 3867 929 παντο-

2293 963 2536 1033 κράτωρ.
2595 983 2614 1014 ι
2648 965 2756 1016 Καὶ
2797 963 2993 1016 πάλιν·
3027 983 3044 1014 ι
3082 964 3382 1034 Πορεύεσθε
3426 966 3514 1019 διὰ
3540 966 3648 1018 τῶν
3679 966 3870 1018 πυλῶν

2295 1073 2418 1126 μου.
2451 1056 2546 1109 καὶ
2576 1055 2702 1117 τοὺς
2733 1054 2910 1117 λίθους
2941 1057 3004 1108 ἐκ
3044 1056 3139 1125 τῆς
3183 1055 3305 1109 ὁδοῦ
3343 1056 3682 1126 διαρρίψατε.
3723 1076 3741 1108 ι
3775 1058 3870 1108 Δεῖ

2293 1146 2401 1216 γὰρ
2432 1147 2578 1216 ἡμᾶς
2622 1145 2729 1198 τῶν
2763 1145 2858 1214 τῆς
2899 1145 3154 1214 ἀληθείας
3182 1145 3619 1216 ύπεραθλοῦντας
3654 1147 3869 1216 δογμά-

2292 1254 2398 1288 των
2431 1237 2495 1289 ex
2547 1235 2709 1306 μέσου
2761 1235 3032 1290 ποιεῖσθαι
3071 1237 3140 1289 τὰ
3187 1237 3479 1302 σκάνδαλα,
3526 1238 3602 1300 ὡς
3646 1237 3710 1290 ἂν
3744 1240 3869 1292 κατ’

2292 1327 2482 1380 οὐδένα
2533 1328 2731 1394 τρόπον
2777 1328 2962 1389 αὐτοῖς
3022 1327 3445 1396 προσπταίοντες
3498 1328 3545 1378 οἱ
3593 1326 3730 1391 λαοὶ,
3778 1327 3871 1380 διὰ

2293 1417 2442 1480 λείας
2475 1417 2663 1487 ὥσπερ
2706 1417 2950 1487 ἐρχοιντο
2988 1429 3011 1456 ε
3042 1417 3227 1487 τρίϐου
3274 1417 3408 1487 πρὸς
3438 1418 3536 1480 τὰς
3582 1417 3730 1487 ίεράς
3772 1419 3870 1470 καὶ

2294 1509 2442 1571 Θείας
2487 1509 2676 1572 αὐλὰς,
2730 1510 3007 1578 μονονουχὶ
3056 1510 3150 1561 καὶ
3201 1509 3285 1576 ἐφ’
3331 1509 3533 1580 ἑκάστῃ
3582 1508 3867 1576 λέγοντες·

2299 1624 2315 1654 ι
2340 1603 2486 1675 Λῦτη
2530 1605 2562 1674 ἡ
2595 1603 2735 1673 πύλη
2768 1603 2860 1656 τοῦ
2895 1602 3124 1673 Κυρίου,
3163 1602 3360 1655 δίκαιοι
3389 1601 3786 1654 εἰσελεύσονται
3807 1603 3870 1652 ὲν

2295 1696 2450 1765 αὐτῇ.
2483 1713 2499 1744 ι
2541 1694 2834 1764 Νεστορίου
2886 1695 3064 1746 τοίνυν
3088 1693 3252 1757 ξένιον
3281 1709 3337 1746 τε
3364 1694 3456 1746 καὶ
3486 1692 3713 1745 ἀνοσίων
3739 1693 3869 1743 δυσ-

2295 1785 2514 1855 φημιῶν
2565 1785 2717 1854 ὸχλον
2752 1787 2864 1848 τοῖς
2918 1785 3068 1847 ἰδίοις
3132 1784 3380 1846 ὲνθέντος
3431 1783 3674 1853 βιϐλίοις,
3699 1782 3873 1849 ἀναγ-

2222 1865 2262 1924 Β
2295 1879 2464 1940 καίως
2499 1876 2597 1946 τῆς
2635 1876 2740 1928 τῶν
2772 1876 3168 1946 ἐντευξομένων
3201 1877 3384 1937 αὐτοῖς
3407 1875 3680 1943 σωτηρίας
3704 1888 3872 1943 φρον-

2291 1971 2550 2031 τίζοντες,
2591 1966 3012 2036 συντεθείκαμεν
3058 1966 3554 2036 ἀναθεματισμοὺς,
3589 1965 3649 2017 οὐ
3683 1964 3746 2015 τὸ
3788 1966 3874 2023 είς

2293 2061 2414 2114 νοῦν
2444 2056 2577 2130 ἧκον
2606 2059 2791 2120 ἁπλῶς
2821 2058 3062 2119 ἐνθέντες
3109 2061 3173 2126 τῇ
3221 2058 3491 2126 γραφείσῃ
3543 2055 3677 2126 πρὸς
3706 2055 3872 2108 αὑτὸν

2293 2153 2648 2220 παραινετικῇ
2681 2150 2960 2219 ἐπιστολῇ,
2991 2149 3104 2202 ἀλλ’
3130 2149 3203 2210 ὼς
3249 2149 3458 2216 ἔφημεν
3496 2148 3718 2216 ἀρτίως,
3744 2147 3873 2210 ξένα

2293 2243 2388 2296 καὶ
2419 2243 2669 2312 ἀλλότρια
2704 2241 2812 2292 τῶν
2857 2240 2953 2308 τῆς
2996 2239 3273 2300 εὐσεϐείας
3306 2237 3591 2307 δογμάτων
3628 2239 3870 2305 ἀποφαί-

2297 2351 2482 2396 νοντες
2536 2336 2634 2401 τῆς
2668 2333 2874 2384 ἐκείνου
2912 2331 3332 2403 φρενοϐλαϐείας
3365 2329 3432 2381 τὰ
3476 2329 3788 2398 γεννήματα
3825 2327 3868 2378 ί.

2308 2423 2733 2494 Ἐπασχάλλουσι
2780 2423 2834 2474 δὲ
2872 2424 3011 2491 τάχα
3063 2421 3162 2473 πού
3199 2439 3341 2483 τινες
3389 2423 3498 2481 τοῖς
3532 2418 3661 2488 παρ’
3706 2416 3872 2487 ἡμῶν

2294 2515 2493 2584 λόγοις,
2545 2514 2577 2584 ἢ
2632 2515 2706 2584 μὴ
2758 2514 3028 2573 συνιόντες
3076 2511 3291 2582 ἀληθῶς
3324 2510 3431 2563 τῶν
3469 2507 3874 2579 γεγραμμένων

2294 2606 2391 2676 τὴν
2443 2606 2702 2674 δύναμιν,
2747 2604 2780 2672 ἢ
2841 2604 2937 2673 τῆς
2991 2601 3283 2672 Νεστορίου
3342 2601 3543 2670 μιαρᾶς
3604 2597 3872 2667 αἱρέσεως

2297 2697 2634 2750 ὑπασπισταὶ
2687 2695 3006 2762 γεγονότες,
3046 2693 3140 2746 καὶ
3197 2691 3542 2763 μεριζόμενοι
3591 2688 3690 2758 τὴν
3740 2688 3874 2739 ἀσέ-

2298 2792 2470 2854 ϐειαν,
2499 2790 2591 2843 καὶ
2627 2788 2694 2841 τὰ
2724 2789 2864 2841 αὐτὰ
2891 2786 3212 2857 φρονοῦντες
3238 2783 3448 2852 ἐκείνῳ.
3479 2772 3743 2834 Λανθάνει
3772 2779 3874 2849 μὲν

2297 2882 2389 2939 οὖν
2421 2884 2544 2936 οὺδέ
2585 2899 2706 2935 τινα
2766 2880 2872 2932 τῶν
2911 2881 2934 2918 ε
2971 2879 3039 2930 τὰ
3074 2876 3209 2946 ὀρθὰ
3245 2876 3461 2944 φρονεῖν
3499 2871 3767 2924 είωθότων
3811 2868 3874 2921 τὸ

2299 2973 2515 3044 ἀληθές.
2565 2970 2783 3037 Ἐπειδὴ
2820 2968 2875 3020 δὲ
2904 2966 3070 3028 είκὸς,
3099 2967 3217 3026 ταῖς
3247 2963 3376 3033 παρ’
3403 2961 3622 3014 ἐκείνων
3654 2961 3873 3030 εὑρεσι-

2298 3065 2505 3134 λογίαις
2549 3059 3055 3132 παρενηνεγμένους
3091 3057 3117 3097 h
3154 3055 3227 3125 μὴ
3260 3054 3498 3106 συνιέναι
3531 3052 3702 3114 τινας,
3757 3048 3874 3111 πῶς

622 3142 1132 3214 (anathematismi)
1179 3143 1250 3198 illi
1283 3144 1391 3197 sint
1433 3143 1683 3207 confecti,
1733 3157 1911 3211 opera:
1963 3143 2193 3211 pretium

2302 3156 2396 3211 καὶ
2441 3154 2560 3206 τίνα
2586 3153 2786 3221 τρόπον
2817 3149 3089 3218 γεγόνασι,
3121 3147 3230 3200 δεῖν
3265 3145 3448 3216 ᾠήθην
3490 3143 3719 3196 ἕκαστον
3765 3140 3876 3193 τῶν

624 3247 710 3287 me
730 3231 995 3288 facturum
1019 3235 1221 3304 putavi,
1247 3237 1291 3289 si
1316 3235 1552 3304 singulos
1576 3235 1810 3289 breviter
1837 3249 2192 3302 exponerem,

2301 3239 2759 3312 ἀναθεματισμῶν
2809 3236 3145 3310 ἑρμηνεῦσαι
3193 3236 3281 3289 διὰ
3328 3235 3592 3305 βραχέων,
3635 3232 3729 3284 καλ⁵
3774 3229 3877 3302 τὴν

625 3324 952 3393 illorumque
975 3325 1105 3391 vim,
1139 3333 1342 3393 quanta
1394 3323 1510 3378 lieri
1547 3332 1729 3392 posset
1785 3322 2195 3391 perspicuitate,

624 3417 896 3470 docerem.
929 3413 1133 3484 Opinor
1158 3416 1300 3470 enim
1329 3422 1580 3470 conatum
1630 3413 1772 3467 hunc
1812 3427 1916 3467 non
1971 3428 2194 3486 parvum

625 3505 919 3562 lectoribus
963 3521 1116 3561 usum
1140 3515 1194 3561 et
1226 3505 1460 3560 fructum
1501 3504 1695 3559 aﬂ'erre
1717 3519 1898 3574 posse.

961 3620 1121 3692 147
1157 3616 1800 3675 ΑΝΛΤΗΕΜΛΤΙΞΜΠΒ
1826 3617 1866 3671 Ι.

694 3735 897 3805 Siquis
950 3750 1056 3790 non
1099 3734 1390 3790 confitetur
1436 3732 1840 3787 Emmanuelem
1881 3748 2002 3788 vere
2030 3733 2195 3787 Deum

625 3841 769 3892 esse,
798 3837 855 3881 et
896 3827 965 3881 ob
1000 3827 1052 3881 id
1089 3826 1284 3880 factam
1335 3825 1611 3895 Virginem
1667 3822 1947 3895 Deiparam
1980 3826 2202 3895 (genuit

626 3918 770 3972 enim
797 3917 882 3971 illa
932 3918 1270 3971 incarnatum
1309 3918 1400 3972 Dei
1428 3917 1606 3971 Patris
1635 3916 1868 3970 Verbum
1897 3916 2197 3971 secundum

625 4023 842 4064 carnem
860 4012 900 4078 ).
930 4013 1218 4063 anathema
1249 4008 1340 4063 sit.

1151 4120 1448 4174 Declaratio
1491 4123 1679 4190 prima.

716 4232 866 4287 Beati
894 4227 1102 4297 Patres,
1136 4234 1225 4300 qui
1255 4231 1444 4287 Nicaeae
1465 4233 1592 4287 olim
1622 4243 2008 4299 convenerunt,
2042 4244 2202 4289 rectm

627 4325 1027 4393 incnlpateque
1074 4323 1195 4377 ﬁdei
1225 4322 1530 4377 doctrinam
1564 4335 1921 4393 exponentes,
1949 4325 2000 4379 in
2033 4340 2198 4378 unum

629 4413 796 4468 Deum
846 4411 1061 4467 Patrem
1117 4413 1546 4482 omnipotentem
1601 4417 1842 4469 omnium
1906 4415 2198 4470 visibilium

2297 3335 2526 3404 δύναμιν
2558 3332 2738 3386 αὐτῶν
2767 3332 2842 3393 ὡς
2892 3331 2971 3384 ἔνι
3003 3329 3207 3395 καλῶς,
3253 3324 3673 3398 ἀφηγήσασθαι·
3719 3323 3877 3376 ἔσται

2297 3426 2428 3496 γὰρ,
2454 3423 2528 3487 ὣς
2564 3440 2628 3490 γε
2657 3418 2832 3492 οἶμαι,
2867 3421 2926 3473 τὸ
2957 3420 3146 3491 χρῆμα
3174 3421 3285 3482 τοῖς
3321 3418 3742 3486 ἐντυγχάνουσιν
3773 3414 3878 3467 οὐκ

2297 3515 2587 3577 ἁσυντελὲς
2620 3516 2698 3574 είς
2729 3513 2913 3582 ὄνησιν

2731 3617 3320 3678 ΛΝΑΘΕΜΑἹΊΣΜΟΣ
3357 3619 3432 3672 Λ’.

2371 3742 2437 3795 Εἴ
2464 3757 2540 3803 τις
2566 3740 2686 3808 οὐχὶ
2719 3741 2731 3778 ἱ
2769 3738 3040 3806 ὁμολογεῖ,
3074 3735 3205 3788 Θεὸν
3249 3730 3386 3786 εἶναι
3429 3730 3570 3785 κατὰ
3613 3728 3876 3799 ἀλήθειαν

2299 3849 2388 3885 τον
2431 3829 2797 3900 Ἐμμανουήλ,
2831 3829 2924 3880 καὶ
2967 3827 3059 3879 δια
3098 3826 3256 3878 τοῦτο
3305 3823 3569 3876 Θεοτόκον
3586 3821 3683 3891 τὴν
3711 3820 3879 3888 ἁγίαν

2301 3921 2572 3992 Παρθένον
2593 3937 2606 3952 ·
2636 3920 2931 3989 γεγέννηκε
2965 3917 3071 3988 γὰρ
3097 3916 3374 3988 σαρκικῶς
3403 3915 3580 3986 σάρκα
3614 3911 3878 3980 γεγονότα

2299 4013 2390 4066 τὸν
2425 4015 2487 4066 ἐκ
2511 4012 2645 4064 Θεοῦ
2678 4011 2886 4082 [ἰατρὸς
2918 4011 3108 4078 Λόγον·
3141 4009 3388 4074 ἀνάθεμα
3417 4006 3578 4059 ἔστω.

2887 4125 3190 4187 Ἐπίλυσις
3229 4128 3300 4174 α’.

2375 4240 2438 4294 Ol
2479 4237 2738 4309 μακάριοι
2780 4236 3045 4307 Πατέρες,
3080 4237 3129 4288 οἱ
3157 4234 3297 4287 κατὰ
3328 4230 3553 4300 καιροὺς
3595 4232 3651 4283 ὲν
3681 4231 3750 4298 τῇ
3779 4227 3880 4280 Νι-

2304 4330 2483 4382 καέων
2532 4327 2683 4379 πόλει
2734 4324 3220 4394 συναγηγερμένοι,
3269 4321 3361 4374 καὶ
3407 4319 3498 4372 τὸν
3546 4318 3646 4386 τῆς
3708 4315 3882 4387 ὀρθῆς

2305 4421 2397 4474 καὶ
2433 4417 2755 4486 ἀδιαϐλήτου
2820 4415 3054 4476 πίστεως
3089 4415 3213 4483 ὅρον
3261 4410 3563 4480 ἐκθέμενοι,
3599 4406 3880 4460 πιστεύειν

626 4515 680 4557 et
709 4504 1060 4558 invisibilium
1099 4502 1364 4558 factorem
1395 4519 1457 4559 se
1477 4506 1702 4559 credere
1761 4505 1993 4575 professi
2027 4515 2154 4561 sunt
2181 4525 2194 4574 ;

2302 4512 2510 4580 ἔφασαν
2545 4510 2622 4570 είς
2655 4507 2752 4558 ἕνα
2800 4505 2952 4568 Θεὸν,
3004 4503 3221 4573 Πατέρα
3271 4499 3707 4570 παντοκράτορα,
3744 4497 3881 4550 πάν·

628 4593 756 4650 etin
785 4610 949 4648 unum
979 4595 1263 4650 Dominum
1315 4593 1495 4650 Jesum
1526 4595 1801 4650 Christum
1832 4596 2026 4651 Filium
2057 4599 2196 4667 ejus,

625 4694 682 4739 et
704 4685 756 4738 in
783 4684 1042 4754 Spiritum
1063 4697 1309 4740 sanctum
1340 4704 1353 4740 :
1388 4695 1713 4751 asserentes,
1743 4689 1913 4758 ipsum
1952 4690 2094 4759 quod
2131 4705 2197 4743 ex

627 4775 739 4830 Deo
786 4771 1022 4830 Verbum
1067 4777 1310 4842 emicuit,
1345 4793 1441 4846 per
1474 4779 1616 4847 quod
1645 4779 1826 4833 omnia
1874 4780 2016 4834 facta
2049 4790 2199 4842 sunt,

629 4867 807 4922 lumen
869 4871 936 4922 de
983 4867 1205 4934 lumine,
1266 4869 1430 4924 Deum
1460 4885 1650 4925 verum
1681 4871 1748 4925 de
1778 4872 1886 4926 Deo
1921 4886 2070 4938 vero,
2118 4872 2198 4925 in-

627 4968 931 5022 carnatum,
958 4967 1012 5013 et
1044 4959 1318 5014 hominem
1359 4976 1481 5016 esse
1523 4961 1745 5023 factum,
1792 4973 1846 5018 et
1877 4979 2119 5031 passum,
2148 4973 2201 5017 et

627 5050 1016 5104 resurrexisse.
1073 5050 1292 5104 Etenim
1345 5067 1468 5106 cum
1519 5052 1852 5121 unigenitum
1906 5054 1997 5106 Dei
2026 5053 2206 5108 Patris

628 5137 866 5191 Verbum
899 5148 1089 5192 natura
1123 5137 1265 5194 Deus
1301 5151 1468 5204 esset,
1495 5156 1679 5196 semen
1712 5141 1964 5206 Abrahae,
1993 5151 2051 5196 ut
2074 5144 2202 5196 bea-

628 5235 714 5281 tus
739 5224 937 5281 Paulus
963 5227 1095 5281 dicit
1128 5228 1191 5292 “,
1229 5230 1613 5298 apprehendit,
1644 5231 1974 5300 perindeque
1999 5246 2060 5284 ac
2084 5247 2201 5294 nos,

628 5319 812 5375 carnis
842 5329 895 5373 et
931 5322 1208 5389 sanguinis
1240 5319 1493 5377 eﬂ'ectum
1543 5333 1626 5377 est
1670 5323 1964 5392 particeps.
2005 5322 2201 5376 Natum

698 5473 717 5502 ’
741 5473 906 5529 Amos
937 5489 1016 5539 ιιι,
1045 5474 1132 5527 15.
1209 5475 1230 5506 ⁸
1253 5476 1452 5533 Jerem.
1481 5493 1574 5545 vn,
1609 5478 1662 5532 3.
1739 5477 1924 5534 ’Psal.
1963 5493 2127 5543 cxvn,
2165 5477 2256 5532 20.

2306 4617 2413 4652 των
2460 4595 2667 4666 ὁρατῶν
2696 4611 2752 4644 τε
2792 4593 2884 4646 καὶ
2925 4593 3170 4663 ἀοράτων
3215 4590 3482 4660 ποιητήν·
3533 4589 3626 4641 καὶ
3658 4588 3738 4649 εἰς
3780 4587 3881 4639 ἕνα

2307 4689 2510 4758 Κύριον
2549 4683 2755 4756 Ἰησοῦν
2785 4683 3038 4756 Χριστὸν,
3076 4683 3165 4735 τὸν
3197 4681 3323 4733 Υἱὸν
3355 4679 3518 4733 αὑτοῦ
3541 4696 3554 4709 ·
3587 4679 3679 4730 καὶ
3711 4679 3789 4740 είς
3818 4677 3880 4729 τὸ

2308 4780 2530 4848 Πνεῦμα
2563 4777 2623 4830 τὸ
2652 4777 2804 4844 ἆγιον
2827 4791 2839 4803 ⁸
2873 4775 3033 4828 αὑτὸν
3057 4775 3306 4842 λέγοντες
3327 4773 3416 4825 τὸν
3445 4772 3506 4823 ὲκ
3534 4767 3666 4823 Θεοῦ
3698 4786 3881 4838 πεφη-

2307 4871 2434 4924 νότα
2471 4869 2662 4939 Λόγον,
2692 4868 2782 4920 τὸν
2811 4868 2878 4921 δι’
2909 4859 2969 4919 οῦ
3012 4867 3081 4919 τὰ
3116 4867 3290 4919 πάντα
3326 4865 3558 4932 ἐγένετο,
3589 4861 3649 4914 τὸ
3679 4862 3792 4931 φῶς
3818 4861 3880 4913 τὸ

2309 4962 2371 5013 ἐκ
2403 4961 2595 5029 φωτὸς,
2631 4959 2719 5012 τὸν
2751 4961 2813 5011 ὲκ
2846 4957 2977 5010 Θεοῦ
3009 4956 3261 5026 ἀληθινοῦ
3290 4955 3420 5008 Θεὸν
3439 4953 3709 5024 ἀληθινὸν,
3743 4970 3879 5024 σαρ-

2305 5053 2548 5122 κωθῆναί
2577 5069 2635 5104 τε
2669 5053 2764 5105 καὶ
2808 5051 3246 5122 ὲνανθρωπῆσαι,
3288 5048 3480 5102 παθεῖν
3521 5063 3576 5099 τε
3622 5046 3716 5099 καὶ
3743 5047 3880 5098 ἀνα-

2306 5148 2517 5214 στῆναι.
2568 5143 2698 5205 Θεὸς
2743 5143 2852 5213 γὰρ
2900 5143 2973 5194 ὢν
3006 5143 3147 5195 κατά
3192 5142 3351 5211 φύσιν
3394 5144 3421 5194 ὁ
3466 5139 3760 5211 μονογενὴς
3783 5137 3880 5190 τοῦ

2304 5235 2519 5306 Πατρὸς
2550 5236 2742 5301 Λόγος,
2770 5236 3079 5304 σπέρματος
3119 5235 3366 5305 ’Λ6ραὰμ
3397 5231 3712 5292 ἐπελάϐετο,
3739 5229 3884 5282 καθά

2306 5343 2469 5395 φησιν
2497 5328 2525 5377 ό
2561 5328 2827 5396 μακάριος
2878 5325 3106 5389 Παῦλος,
3158 5327 3250 5378 καὶ
3302 5323 3699 5396 παραπλησίως
3745 5323 3882 5391 ἡμῖν

2360 5476 2404 5509 ’θ
2429 5474 2589 5534 Hebr.
2625 5494 2680 5542 ιι,
2723 5479 2809 5531 Η.

1672 5649 1836 5688 vanae
1873 5635 2136 5689 lectiones
2162 5648 2224 5688 ex
2260 5633 2443 5688 codice
2481 5631 2850 5703 Seguieriano.

698 5790 726 5831 ά
753 5792 1228 5849 ἁνταποδίσασθαι.
1309 5804 1332 5832 ο
1363 5791 1588 5861 ἔχοιντο.
1667 5790 1684 5830 ί
1719 5791 2062 5862 ἐγκλήματα.
2149 5792 2172 5830 ι
2211 5790 2393 5844 οὐδένα
2425 5789 2556 5845 τῶν.
2635 5791 2657 5828 ιι
2687 5791 3150 5862 παρενηνεγμέναι.
3234 5791 3249 5830 ί
3289 5793 3407 5862 οὐχ.
