4078 6348
200 369 298 425 297

1220 372 1636 430 EXPLICATIO
1677 370 2031 428 DUODECIM
2068 370 2393 429 CAPITUM.

3219 392 3227 401 '
3330 374 3433 428 298

198 492 454 561 μετέσχεν
479 489 728 558 αἵματος,
764 493 858 545 καὶ
886 494 1082 564 σαρκός
1103 511 1117 523 ·
1148 495 1468 564 γεγέννηται
1493 492 1600 563 γὰρ
1622 492 1754 547 κατὰ

1866 499 1951 546 est
1984 490 2130 545 enim
2171 492 2468 545 secundum
2497 504 2714 544 carnem
2744 503 2808 545 ex
2862 498 3050 545 sancta
3094 488 3333 560 Virgine,
3379 500 3437 547 et

196 583 375 653 σάρκα
423 584 488 635 ὲκ
524 584 623 653 τῆς
670 585 831 653 ἁγίας
875 587 1176 658 Παρθένου,
1221 588 1314 642 καὶ
1350 587 1633 657 ἄνθρωπος
1672 586 1764 652 γέ-

191 690 313 739 γονε
352 684 367 723 J
407 673 531 727 καθ’
568 676 733 746 ἡμᾶς,
776 678 874 730 οὑκ
904 678 1274 750 ἀπολισθήσας
1310 679 1403 732 τοῦ
1431 673 1567 732 εἶναι
1594 676 1760 740 Θεόςσ

194 762 270 832 μὴ
300 763 542 830 γένοιτο*
591 765 709 818 ἀλλ’
751 764 827 818 ὢν
872 768 1007 839 ὅπερ
1048 765 1138 839 ἦν,
1190 772 1284 822 καὶ
1329 767 1652 840 μεμενηκὼς
1706 770 1765 822 ὲν

188 856 255 923 τῇ
290 856 389 925 τῆς
420 856 672 927 θεότητος
699 858 859 927 φύσει
886 876 943 912 τε
972 862 1066 912 καὶ
1088 860 1234 933 δόξῃ.
1278 861 1461 931 Φαμὲν
1487 856 1580 914 οὖν
1604 860 1764 913 αὑτὸν

189 943 474 1015 ἄνθρωπον
510 948 857 1018 γεγενῆσθαι,
894 951 954 1002 οὑ
998 951 1205 1022 τροπὴν
1251 952 1622 1021 ὑπομείναντα
1666 953 1765 1024 τὴν

188 1036 269 1098 εἰς
300 1037 437 1107 ὅπερ
478 1038 579 1091 οὑκ
620 1034 709 1103 ἦν,
756 1042 855 1094 οὑκ
906 1041 1224 1096 ἀλλοίωσιν
1272 1043 1362 1097 ἀεὶ
1398 1044 1507 1114 γάρ
1546 1046 1694 1096 ἑστιν
1736 1045 1765 1097 6

187 1126 371 1192 αὑτὸς,
400 1128 495 1181 καὶ
524 1131 732 1201 τροπῆς
764 1133 1122 1203 ἀποσκίασμα
1151 1132 1344 1187 παθεῖν
1369 1135 1469 1187 οὑκ
1492 1136 1759 1203 ἀνέχεται.

199 1217 340 1269 Ἀλλ’
372 1220 491 1273 οὐδὲ
522 1223 767 1292 φυρμὸν,
820 1225 854 1293 ἢ
904 1225 1185 1295 ἀνάχυσιν,
1235 1226 1267 1295 ἢ
1318 1226 1621 1296 σύγκρασιν
1664 1228 1762 1297 τῆς

185 1309 373 1372 οὐσίας
418 1311 583 1364 αὑτοῦ
629 1314 766 1385 πρὸς
816 1316 912 1387 τὴν
960 1318 1140 1389 σάρκα
1167 1319 1491 1388 γεγενῆσθαι
1530 1317 1762 1388 διοριζό-

187 1400 329 1468 μεθα
351 1418 364 1431 ·
398 1405 573 1473 φαμὲν
604 1406 661 1459 δὲ
690 1408 716 1447 k
753 1409 917 1479 σαρκὶ
949 1409 1133 1480 ψυχὴν
1166 1411 1365 1483 ὲχούσῃ
1411 1414 1509 1482 τὴν
1540 1415 1763 1483 λογικὴν

184 1490 425 1558 ἡνῶσθαι
456 1494 545 1547 τὸν
571 1497 742 1565 Λόγον
762 1499 906 1570 ὑπὲρ
942 1500 1065 1553 νοῦν
1089 1519 1147 1554 τε
1173 1504 1266 1555 καὶ
1294 1506 1639 1575 ἀπορρήτως,
1670 1508 1762 1558 καὶ

182 1583 259 1646 ὡς
301 1585 461 1653 μόνος
487 1583 624 1641 οἶδεν
655 1590 838 1654 αὑτός.
880 1592 1087 1646 Οὑκοῦν
1127 1596 1401 1665 μεμένηκε
1428 1598 1557 1659 Θεὸς
1584 1598 1674 1650 καὶ
1704 1598 1760 1650 ὲν

183 1676 487 1747 προσλήψει
542 1680 774 1749 σαρκός·
834 1682 926 1735 καὶ
972 1684 1118 1737 ἐστιν
1170 1680 1253 1748 εἷς
1292 1687 1417 1749 Υίὸς
1467 1687 1561 1739 τοῦ
1598 1687 1757 1752 Θεοῦ,

181 1766 276 1817 καὶ
313 1768 547 1838 Πατρὸς,
585 1774 611 1824 6
640 1773 843 1843 Κύριος
873 1774 1033 1843 ἡμῶν
1072 1774 1279 1845 Ἰησοῦς
1307 1777 1569 1846 Χριστός’
1608 1779 1636 1829 6
1665 1780 1760 1830 αὑ-

1863 597 2014 652 αιιιιιθ
2042 596 2105 637 ac
2131 597 2250 646 nos,
2286 583 2446 638 homo
2493 582 2695 637 factum
2745 591 2848 646 est,
2885 596 2992 637 non
3034 583 3289 639 amittens
3314 596 3435 637 esse

1864 673 2030 729 Deum
2062 674 2290 743 (absit!)
2318 674 2411 729 sed
2444 674 2712 729 exsisteus
2742 674 2882 743 quod
2914 682 3053 739 erat,
3081 685 3137 728 et
3158 674 3212 728 in
3243 673 3438 727 divini-

1864 764 1989 819 tatis
2032 775 2225 819 natura
2270 775 2324 824 et
2353 766 2520 836 gloria
2576 780 2917 835 permanens.
2970 765 3210 820 Dicimus
3248 764 3435 834 igitur,

1864 854 2036 922 ipsum
2068 854 2198 923 (Dei
2231 852 2502 925 Verbum)
2546 854 2817 909 hominem
2846 868 2966 909 esse
2990 854 3214 919 factum,
3243 867 3341 907 nec
3364 856 3435 908 ob

1863 944 1915 999 id
1949 953 2128 998 tamen
2152 959 2365 999 versum
2393 946 2443 998 in
2477 946 2529 999 id
2588 945 2729 1015 quod
2759 959 2864 998 non
2918 953 3062 1010 erat,
3096 959 3203 998 non
3233 942 3435 999 altera-

1864 1036 2180 1091 tumzidem
2232 1037 2375 1091 enim
2425 1052 2641 1106 semper
2675 1044 2780 1099 est,
2839 1049 3012 1105 neque
3060 1036 3437 1092 conversionis

1862 1126 2329 1181 obumbrationem
2360 1128 2467 1197 pati
2495 1128 2725 1182 sustinet
2759 1127 2822 1181 “.
2879 1126 2985 1181 Sed
3040 1142 3217 1197 neque
3268 1127 3431 1181 ullam

1863 1217 2112 1272 essentia:
2146 1216 2285 1271 illius
2317 1232 2438 1271 cum
2477 1233 2639 1272 carne
2684 1217 3143 1282 commistionem,
3177 1226 3271 1271 aut
3298 1233 3421 1273 corr-

1863 1307 2151 1370 l'usionem,
2188 1316 2281 1362 aut
2307 1310 2709 1364 concretionem
2740 1309 2934 1364 factam
2962 1324 3081 1363 esse
3099 1310 3432 1365 statuimus:

1863 1401 2157 1455 asset-imus
2204 1408 2407 1463 autem,
2473 1398 2703 1455 Verbum
2754 1401 2904 1454 carni
2953 1401 3133 1454 anima
3183 1402 3414 1456 rational

1862 1492 2113 1561 perfectae
2142 1504 2193 1546 et
2231 1491 2557 1555 informatze,
2625 1494 2782 1546 modo
2831 1508 2991 1561 quem
3046 1493 3217 1562 ipsum
3254 1495 3416 1549 solun

1862 1585 2009 1637 novit
2048 1586 2287 1652 (nostra:
2318 1584 2459 1638 enim
2505 1585 2701 1638 mentis
2757 1594 2973 1655 captum
3009 1586 3126 1641 haec
3156 1602 3243 1642 res
3270 1602 3417 1643 cxce-

1862 1676 2003 1742 dit),
2044 1678 2255 1730 unitum
2287 1692 2427 1730 esse.
2461 1675 2657 1731 Mansit
2706 1678 2887 1746 itaque
2926 1679 3070 1733 Deus
3102 1681 3265 1734 etiam
3312 1688 3436 1749 post

1863 1766 2285 1834 assumptionem
2348 1767 2781 1834 carnis;estque
2812 1782 2952 1822 unus
3005 1766 3099 1821 Dei
3151 1778 3206 1823 et
3253 1767 3434 1823 Patris

180 1858 271 1919 τὸς
305 1862 400 1912 καὶ
429 1862 536 1931 πρὸ
567 1866 768 1928 παντὸς
794 1866 1007 1928 αἰῶνος,
1045 1868 1137 1918 καὶ
1167 1868 1379 1936 χρόνου,
1404 1868 1537 1920 καθὸ
1564 1871 1754 1922 νοεῖται

1865 1856 2030 1912 Filius
2060 1857 2316 1912 Dominus
2345 1866 2531 1910 noster
2550 1854 2709 1911 Jesus
2748 1856 3015 1922 Christus,
3053 1859 3196 1913 idem
3224 1870 3278 1913 et
3307 1869 3433 1913 ante

180 1949 375 2015 Λόγος,
416 1953 510 2005 καὶ
541 1956 827 2027 χαρακτὴρ
857 1956 955 2025 τῆς
988 1958 1339 2021 ὑποστάσεως
1372 1959 1557 2024 αὑτοῦ,
1591 1962 1683 2014 καὶ
1709 1964 1765 2016 ὲν

180 2042 435 2111 ἐσχάτοις
482 2050 691 2114 καιροῖς
742 2050 1099 2119 οξκονομικῶς
1159 2052 1442 2122 ἄνθρωπος
1494 2052 1561 2105 δι’
1620 2055 1765 2124 ἡμᾶς

179 2133 444 2200 γεγονώς.
491 2137 705 2208 Ἐπειδὴ
725 2140 781 2192 δὲ
808 2141 1094 2211 ἀναιροῦσί
1115 2160 1259 2205 τινες
1294 2143 1388 2213 τὴν
1420 2144 1560 2197 κατά
1586 2145 1764 2214 σάρκα

179 2224 439 2295 γέννησιν
475 2227 657 2293 αὑτοῦ,
694 2230 793 2299 τὴν
831 2232 897 2284 ὲκ
936 2233 1035 2301 τῆς
1077 2232 1237 2300 ἁγίας
1283 2233 1560 2303 Παρθένου
1606 2251 1765 2301 γεγε-

179 2314 424 2384 νημένην
457 2317 549 2370 ἐπὶ
582 2322 827 2393 σωτηρίᾳ
858 2322 968 2374 τῶν
1012 2323 1170 2383 ὅλων,
1202 2325 1299 2375 οὑκ
1338 2326 1416 2386 είς
1462 2324 1635 2394 ἀρχὴν
1665 2324 1761 2378 τοῦ

178 2398 323 2455 εἶναι
358 2405 626 2459 καλοῦσαν
656 2410 842 2475 αὑτὸν,
874 2411 989 2465 ἀλλ’
1020 2412 1105 2465 ἴνα
1150 2412 1296 2480 ἡμᾶς
1341 2412 1623 2483 ἀπαλλάξῃ
1669 2413 1762 2466 θα-

177 2494 365 2563 νάτου,
424 2497 519 2550 καὶ
577 2498 803 2571 φθορᾶς,
861 2500 1103 2570 γεγονὼς
1156 2500 1277 2555 καθ’
1336 2504 1481 2572 ἡμᾶς
1516 2503 1761 2574 ,ταύτης

174 2588 345 2642 ἕνεκα
380 2591 475 2661 τῆς
500 2593 679 2655 αἰτίας
710 2596 737 2645 ὁ
769 2594 985 2663 πρῶτος
1012 2595 1145 2664 ἡμῖν
1193 2594 1631 2665 ἀναθεματισμὸς
1658 2614 1762 2652 κα-

174 2682 491 2753 τακέκραγε
537 2684 636 2754 μὲν
668 2686 765 2755 τῆς
802 2684 1027 2739 ἐκείνων
1062 2689 1447 2755 κακοπιστίας,
1482 2690 1542 2741 τὸ
1584 2690 1641 2742 δὲ
1670 2690 1761 2761 ὀρ-

177 2772 287 2836 θῶς
321 2773 443 2842 έχον
478 2774 749 2843 ὁμολογεῖ,
781 2775 912 2829 Θεὸν
941 2771 1081 2830 εἶναι
1116 2778 1289 2846 λέγων
1313 2778 1453 2832 κατὰ
1500 2779 1760 2851 ἀλήθειαν

172 2864 266 2915 τὸν
303 2865 685 2936 Ἐμμανουήλ·
720 2868 814 2921 καὶ
846 2867 934 2922 διά
965 2869 1125 2922 τοῦτο
1154 2869 1415 2923 Θεοτόκον
1448 2872 1547 2941 τὴν
1597 2872 1759 2942 ἁγίαν

177 2954 477 3026 Παρθένον.

617 3174 844 3227 ΛΝΛΘΕ
854 3174 1201 3231 ΜΛΤΙΣΜΟΣ
1242 3180 1316 3232 B’.

245 3306 316 3360 Εἴ
334 3324 417 3369 τις
445 3306 545 3375 οὑχ
571 3307 823 3375 ὁμολογεῖ
850 3309 1014 3377 σαρκὶ
1045 3308 1166 3361 καθ’
1187 3310 1485 3363 ὑπόστασιν
1516 3312 1754 3380 ἡνῶσθαι

166 3400 264 3453 τὸν
312 3400 378 3451 ὲκ
426 3396 562 3451 Θεοῦ
615 3397 827 3469 Πατρὸς
857 3399 1050 3468 Λόγον,
1084 3400 1181 3454 ἕνα
1226 3417 1286 3454 τε
1337 3398 1475 3455 εἶναι
1525 3403 1755 3474 Χριστὸν

171 3489 319 3560 μετά
365 3488 468 3558 τῆς
511 3488 641 3553 [δίας
677 3490 899 3560 σαρκὸς,
930 3491 1021 3544 τὸν
1063 3491 1225 3545 αὑτὸν
1263 3492 1505 3563 δηλονότι
1535 3494 1668 3550 Θεόν
1693 3512 1754 3549 τε

165 3582 333 3646 ὁμοῦ,
382 3582 478 3635 καὶ
514 3581 820 3653 ἄνθρωπον·
860 3582 1106 3653 ἀνάθεμα
1136 3583 1295 3640 ἔστω.

758 3694 1067 3761 Ἐπίλυσις
1112 3695 1194 3758 β’.

254 3812 317 3863 '0
372 3809 659 3870 θεσπέσιος
706 3807 907 3878 γράφει
944 3805 1178 3870 Παῦλος,
1224 3807 1252 3860 6
1295 3806 1403 3861 τῶν
1454 3806 1611 3861 θείων
1652 3826 1753 3878 μυ-

168 3902 415 3973 στηρίων
469 3900 783 3969 ίερουργός·
839 3917 856 3949 ι
920 3898 1396 3969 Ὀμολογουμένως
1444 3899 1586 3968 μέγα
1634 3899 1751 3951 ἐστὶ

162 3999 228 4051 τὸ
258 3999 361 4065 τῆς
408 3994 689 4057 εὐσεϐείας
734 3993 1048 4065 μυστήριοψ
1081 3992 1213 4054 Θεὸς
1254 3994 1310 4044 ὲν
1360 3992 1522 4060 σαρκὶ
1557 3992 1750 4059 ἐφανε-

164 4088 357 4161 ρώθη·
416 4085 705 4157 ἐδικαιώθη
770 4087 828 4137 ὲν
885 4084 1200 4153 πνεύματι·
1253 4083 1408 4153 ὤφθη
1458 4083 1745 4151 ἀγγέλοις·

162 4176 455 4249 ἐκηρύχθη
482 4176 691 4230 ἔθνεσιν
714 4194 726 4208 ·
757 4174 1053 4244 ἐπιστεύθη
1100 4176 1159 4227 ὲν
1192 4174 1380 4243 κόσμῳ
1405 4190 1418 4205 ο
1472 4173 1745 4244 ἀνελήφθη

162 4275 224 4325 ἐν
252 4269 403 4341 δόξῃ.
444 4288 461 4319 ι
500 4269 564 4320 Τί
589 4264 680 4321 οὖν
714 4269 827 4320 ἐστι
851 4267 929 4329 τὸ,
970 4285 986 4315 ι
1033 4264 1461 4335 Ἐφανερὼθηξέν
1491 4265 1687 4336 σαρκί;
1722 4284 1738 4315 ι

159 4361 438 4422 τουτέστι,
472 4360 665 4427 Γέγονε
700 4358 836 4428 σὰρξ
862 4361 887 4412 6
928 4361 990 4411 ἐκ
1027 4360 1160 4411 Θεοῦ
1206 4359 1417 4426 Πιτρὸς
1458 4360 1647 4425 Λόγος,
1684 4361 1742 4411 οὑ

159 4452 309 4505 κατὰ
341 4451 692 4522 μετάστασιν,
730 4451 762 4521 ἢ
794 4450 1019 4521 τροπὴν,
1064 4454 1163 4520 τῆς
1192 4450 1383 4503 ἑαυτοῦ
1426 4450 1639 4517 φύσεως
1665 4452 1743 4515 είς

1865 1965 2023 2004 omne
2053 1948 2305 2004 saeculum
2337 1958 2392 2003 et
2426 1958 2660 2016 tempus,
2697 1958 2965 2018 quatenus
2987 1950 3219 2005 Verbum
3241 1952 3435 2006 intelli-

1866 2042 2029 2111 gitur,
2065 2053 2119 2096 et
2141 2041 2310 2111 ﬁgura
2335 2040 2661 2096 substantia:
2698 2041 2815 2110 ejus
2845 2040 2911 2107 “,
2939 2050 2992 2095 et
3026 2042 3079 2095 in
3121 2042 3434 2097 novissimis

1866 2132 2198 2200 temporibus
2219 2131 2613 2198 dispensatoria
2642 2132 2854 2186 ratione
2881 2132 3051 2187 nostri
3076 2146 3237 2187 causa
3270 2135 3434 2191 bomo

1862 2220 2059 2276 factus.
2090 2222 2223 2286 Quia
2257 2236 2385 2275 vero
2412 2221 2653 2275 nonnulli
2698 2223 3035 2278 nativitatem
3066 2224 3207 2280 illius
3235 2241 3429 2281 secun-

1861 2310 1986 2365 dum
2023 2323 2244 2365 carnem
2296 2320 2517 2379 propter
2544 2312 2783 2365 omnimn
2817 2313 3069 2379 salutem,
3120 2330 3225 2384 qua
3257 2316 3433 2372 editus

1863 2410 2032 2455 estex
2062 2409 2247 2455 saneta
2277 2401 2520 2471 Virgine,
2553 2402 2859 2457 inficiantur
2883 2405 3032 2473 (qua:
3061 2406 3312 2460 nativitas
3332 2408 3433 2462 hoc

1863 2492 1937 2546 illi
1970 2506 2072 2547 non
2104 2494 2351 2557 contulit,
2384 2503 2442 2547 ut
2479 2502 2588 2547 tum
2622 2494 2852 2563 primum
2886 2508 3004 2549 esse
3034 2495 3314 2564 inciperet,
3337 2498 3431 2553 sed

1863 2595 1923 2638 ut
1952 2585 2106 2639 nobis
2170 2586 2367 2640 similis
2432 2586 2605 2641 factus
2658 2604 2685 2638 a
2738 2596 2913 2641 morte
2973 2598 3027 2641 et
3083 2590 3433 2658 corruptione

1865 2690 1963 2731 nos
2005 2676 2329 2747 liberaret):
2359 2677 2519 2748 148
2550 2688 2831 2748 propterea
2877 2679 3083 2747 primus
3129 2681 3215 2736 hic
3249 2690 3433 2737 noster

1861 2767 2343 2821 anatltematismus
2399 2769 2450 2820 in
2496 2783 2803 2837 perversam
2850 2770 3061 2825 illorum
3092 2770 3252 2826 ﬁdem
3282 2774 3432 2827 inve-

1860 2858 2006 2913 hitur
2035 2877 2048 2913 :
2082 2869 2190 2914 tum
2227 2875 2375 2924 vero,
2402 2862 2543 2930 quod
2584 2872 2743 2916 rectae
2781 2862 2900 2916 ﬁdei
2954 2871 3059 2929 est,
3121 2864 3429 2932 conﬁtetur,

1861 2947 2267 3002 Emmanuelem
2332 2950 2626 3004 secundum
2668 2951 2948 3005 veritatem
2980 2951 3147 3005 Deum
3196 2967 3319 3010 esse
3349 2954 3431 3009 di-

1860 3034 1990 3091 cens'
2042 3047 2205 3108 atque
2246 3041 2365 3095 ideo
2398 3051 2641 3095 sanetam
2668 3040 2947 3111 Virginem
2982 3042 3288 3113 Deiparam.

2279 3173 2918 3231 ANATHEMATISMUS
2948 3174 3013 3231 ll.

1930 3308 1985 3364 Si
2024 3310 2145 3378 quis
2174 3326 2274 3363 non
2304 3309 2613 3375 conﬁtetur,
2662 3309 2755 3365 Dei
2790 3308 2966 3366 Patris
3002 3308 3239 3367 Verbum
3277 3329 3429 3372 carm

1857 3404 2149 3455 secundum
2210 3402 2539 3471 ltypostasim
2590 3402 2821 3467 unitum,
2858 3419 3131 3474 unumque
3173 3420 3277 3460 una
3301 3420 3424 3463 cum

1856 3508 1952 3546 sua
2002 3507 2164 3547 carne
2193 3508 2315 3548 esse
2344 3493 2641 3555 Christum,
2676 3494 2926 3549 eumdem
2974 3496 3229 3553 nimirum
3257 3498 3427 3556 Deum

1855 3584 2014 3638 simul
2038 3594 2093 3639 et
2124 3585 2423 3648 hominem,
2460 3584 2743 3639 anathema
2773 3585 2863 3638 sit.

2338 3698 2660 3768 Explanalio
2690 3700 2939 3751 secunda.

1925 3810 2150 3866 Divinos
2184 3811 2404 3879 Paulus,
2451 3827 2606 3867 sacer
2648 3812 2737 3866 ille
2771 3814 3073 3868 divinorum
3133 3817 3390 3885 mysterio

1854 3919 1971 3955 rum
2008 3902 2298 3972 interpres,
2358 3900 2720 3958 ita'scribit:
2767 3922 2785 3954 ι
2850 3904 3130 3960 Manifeste
3172 3922 3421 3977 magnum

1851 4006 1932 4051 est
1984 3998 2199 4064 pietatis
2254 4007 2696 4051 sacramentum:
2729 3997 2871 4053 Dens
2924 3999 3300 4056 manifestatus
3340 4010 3423 4055 est

1852 4087 1903 4139 in
1939 4087 2481 4152 carne,justilicatus
2516 4098 2597 4140 est
2624 4089 2673 4142 in
2716 4090 2932 4156 Spiritu,
2982 4092 3421 4161 apparuitange-

1850 4176 1937 4239 lis,
1971 4178 2294 4246 praedicatus
2313 4187 2395 4230 est
2418 4168 2689 4248 gentibus,
2729 4180 2968 4233 creditus
3009 4190 3091 4234 est
3114 4182 3164 4234 in
3198 4184 3418 4245 mundo,

1849 4279 2160 4339 assumptus
2207 4279 2291 4323 est
2346 4270 2398 4322 in
2438 4270 2607 4340 gloria
2634 4270 2696 4323 ”.
2738 4287 2755 4320 ι
2794 4270 2932 4336 Quid
2966 4272 3125 4342 igitur
3155 4282 3237 4325 est
3278 4274 3421 4342 quod

1848 4364 2001 4425 dicit,
2039 4383 2055 4413 ι
2090 4362 2464 4415 Manifestatus
2498 4373 2580 4415 est
2626 4364 2677 4415 in
2724 4364 2932 4417 carne!
2982 4383 2998 4414 ι
3036 4365 3138 4417 hoc
3168 4376 3275 4430 est,
3323 4366 3415 4420 Dei

1846 4454 2022 4507 Patris
2047 4452 2281 4507 Verbum
2313 4470 2442 4507 caro
2488 4454 2681 4506 factum
2729 4464 2849 4508 est:
2894 4470 2998 4508 non
3035 4456 3176 4525 quod
3224 4472 3418 4511 secun-

160 4544 349 4613 σάρκα
388 4543 923 4612 μεταπεποιημένης,
970 4542 1042 4602 ὡς
1084 4540 1182 4610 ἤδη
1226 4541 1576 4610 προείπομεν,
1611 4542 1743 4593 ἰδίαν

1857 4546 1971 4596 dum
1998 4546 2267 4613 propriam
2302 4552 2547 4598 naturam
2573 4560 2912 4610 conversum,
2949 4558 3036 4600 aut
3091 4558 3416 4601 transmuta-

158 4640 218 4691 δὲ
282 4636 483 4706 μᾶλλον
539 4633 905 4703 ποιησάμενος
950 4633 1127 4703 σάρκα
1176 4633 1272 4701 τὴν
1324 4634 1387 4683 ὲκ
1437 4634 1537 4701 τῆς
1586 4631 1744 4700 ἁγίας

161 4728 476 4799 Παρθένου,
518 4721 596 4788 εἷς
644 4727 736 4777 καὶ
777 4726 805 4776 6
836 4724 997 4786 αὑτὸς
1049 4723 1402 4793 χρηματίζων
1453 4723 1605 4786 Υἱός·
1641 4724 1746 4794 πρὸ

162 4820 269 4890 μὲν
295 4819 394 4887 τῆς
420 4815 883 4886 ὲνανθρωπήσεως
909 4815 981 4878 ὡς
1012 4815 1249 4883 ἄσαρκος
1280 4815 1357 4866 ἔτι
1389 4816 1577 4881 Λόγος,
1608 4814 1743 4883 μετὰ

156 4912 217 4963 δὲ
252 4909 350 4980 τὴν
378 4906 790 4978 ὲνανθρώπησιν
814 4906 892 4958 ἔτι
918 4907 945 4958 6
974 4905 1133 4967 αὐτὸς
1157 4906 1211 4957 ὲν
1240 4903 1451 4974 σώματι
1474 4904 1513 4957 ι.
1535 4905 1744 4974 Ταύτῃ-

155 5002 246 5056 τοί
281 5017 465 5071 φαμεν
491 4999 579 5051 τὸν
611 4999 773 5051 αὑτὸν
802 4998 1067 5068 ὑπάρχειν
1097 4997 1228 5049 Θεόν
1255 5013 1312 5047 τε
1344 4994 1479 5065 ὁμοῦ
1524 4996 1618 5048 καὶ
1644 4997 1739 5047 ἄν-

156 5095 404 5165 θρωπον,
434 5092 492 5145 οὑ
533 5090 830 5153 διιστάντες
875 5092 953 5151 είς
995 5087 1279 5156 ἄνθρωπον
1324 5087 1504 5150 ίδικῶς
1545 5104 1603 5139 τε
1645 5089 1738 5141 καὶ

156 5186 437 5255 άναμέρος
470 5183 723 5253 κείμενον
771 5180 869 5250 τὴν
913 5179 1000 5230 ἐπ’
1030 5178 1176 5249 αὑτῷ
1220 5179 1472 5247 θεωρίαν,
1536 5179 1629 5229 καὶ
1660 5180 1736 5240 εἰς

156 5277 292 5329 Θεὸν
338 5275 509 5343 Λόγον
543 5273 755 5337 ἱδικῶς·
788 5274 872 5325 ἵνα
918 5271 992 5341 μὴ
1032 5269 1124 5322 δύο
1162 5270 1369 5339 νοῶμεν
1414 5271 1581 5334 υἱοὺς,
1622 5269 1733 5321 ἁλλ’

236 5457 275 5485 ¹¹
303 5451 417 5507 Jac.
447 5468 486 5516 ι,
521 5453 607 5506 Π.
687 5454 728 5483 ¹²
754 5451 916 5505 Hebr.
952 5467 987 5511 ι,
1016 5450 1069 5503 5.
1151 5448 1231 5500 ¹³Ι
1267 5447 1408 5500 Tim.
1441 5463 1518 5510 ιιι,
1556 5446 1634 5500 16.

1847 4647 1956 4688 tum
2009 4637 2079 4690 sit
2134 4637 2184 4689 in
2209 4653 2452 4701 carnem,
2488 4646 2547 4691 ut
2580 4638 2737 4691 modo
2784 4638 3095 4691 dicebamus
3133 4655 3145 4703 ;
3197 4640 3290 4692 sed
3323 4655 3415 4705 po-

1846 4726 1950 4779 tius
2018 4726 2157 4793 quod
2223 4739 2444 4779 carnem
2513 4740 2578 4778 ex
2634 4737 2821 4779 sancta
2869 4724 3091 4795 Virgine
3145 4739 3413 4796 sumptam

1845 4816 2115 4885 propriam
2138 4818 2235 4869 sibi
2264 4816 2471 4881 fecerit,
2492 4832 2630 4870 unus
2650 4817 2897 4886 idemque
2920 4816 3086 4873 Filius
3114 4820 3409 4875 exsistens:

1844 4918 1968 4962 ante
2013 4908 2439 4962 incarnationem
2491 4910 2707 4977 quidem
2742 4920 2992 4978 tanquam
3026 4909 3259 4964 Verbum
3291 4920 3410 4965 tan-

1844 5009 1956 5052 tum
1988 5000 2166 5053 carnis
2204 5013 2395 5068 expers
2426 5015 2441 5062 ;
2476 5010 2595 5067 post
2644 5002 3068 5054 incarnationem
3106 5016 3231 5055 vero
3272 5002 3410 5055 idem

1844 5092 2003 5144 etiam
2039 5092 2089 5145 in
2112 5093 2455 5160 corpore.At
2498 5094 2624 5147 ltinc
2683 5104 2766 5147 est
2831 5104 2889 5146 ut
2946 5094 3191 5147 eumdem
3242 5092 3408 5148 Deum

1844 5181 2001 5234 simul
2040 5193 2092 5235 et
2142 5183 2410 5236 hominem
2470 5200 2589 5239 esse
2628 5186 2890 5247 dicamus,
2935 5201 3039 5238 non
3096 5186 3410 5238 divellcntes

1842 5288 1961 5325 eum
2023 5273 2072 5325 itt
2116 5273 2385 5327 hominem
2430 5291 2669 5329 seorsum
2703 5292 2796 5345 per
2839 5291 2895 5330 se
2938 5277 3191 5345 positum,
3245 5288 3299 5329 et
3356 5278 3406 5327 in

1213 5602 1384 5656 Varia:
1420 5602 1679 5655 lectiones
1703 5615 1763 5653 ex
1799 5600 1983 5651 cmlire
2012 5598 2386 5669 Segnieriano.

241 5768 253 5817 i
294 5767 523 5835 πέφηνε.
601 5764 625 5801 ιι
654 5761 782 5832 γάρ.
862 5760 879 5799 ι
916 5764 942 5813 6
976 5761 1132 5822 αὑτὸς
1168 5758 1495 5827 ἐνσώματος,

367 5863 641 5922 Ρηιιοι..
684 5859 792 5917 Gn.
854 5858 1091 5916 LXXVI

3016 5854 3083 5913 10
