  <div class='ocr_page' id='page_1' title='image "/cluster/home/n/w/nwhite01/storage/ocr_20150623/76/pst.000005712755/159.png"; bbox 0 0 4078 6348; ppageno 0'>
   <div class='ocr_carea' id='block_1_1' title="bbox 632 364 740 421">
    <p class='ocr_par' dir='ltr' id='par_1_1' title="bbox 632 364 740 421">
     <span class='ocr_line' id='line_1_1' title="bbox 632 364 740 421; baseline 0.028 -3"><span class='ocrx_word' id='word_1_1' title='bbox 632 364 740 421; x_wconf 65' lang='grc'><strong>299</strong></span> 
     </span>
    </p>
   </div>
   <div class='ocr_carea' id='block_1_2' title="bbox 1669 356 2918 416">
    <p class='ocr_par' dir='ltr' id='par_1_2' title="bbox 1669 356 2918 416">
     <span class='ocr_line' id='line_1_2' title="bbox 1669 356 2918 416; baseline 0.001 -3"><span class='ocrx_word' id='word_1_2' title='bbox 1669 360 1725 416; x_wconf 94' lang='lat' dir='ltr'><strong>S.</strong></span> <span class='ocrx_word' id='word_1_3' title='bbox 1767 357 2046 415; x_wconf 73' lang='lat' dir='ltr'><strong>CYRILLI</strong></span> <span class='ocrx_word' id='word_1_4' title='bbox 2083 356 2557 414; x_wconf 74' lang='lat' dir='ltr'><strong>ALEXANDRINI</strong></span> <span class='ocrx_word' id='word_1_5' title='bbox 2595 357 2918 416; x_wconf 79' lang='lat' dir='ltr'><strong>ARCHIEP.</strong></span> 
     </span>
    </p>
   </div>
   <div class='ocr_carea' id='block_1_3' title="bbox 3793 360 3902 419">
    <p class='ocr_par' dir='ltr' id='par_1_3' title="bbox 3793 360 3902 419">
     <span class='ocr_line' id='line_1_3' title="bbox 3793 360 3902 419; baseline 0.009 -1"><span class='ocrx_word' id='word_1_6' title='bbox 3793 360 3902 419; x_wconf 70' lang='lat'><strong>300</strong></span> 
     </span>
    </p>
   </div>
   <div class='ocr_carea' id='block_1_4' title="bbox 638 476 2218 550">
    <p class='ocr_par' dir='ltr' id='par_1_4' title="bbox 638 476 2218 546">
     <span class='ocr_line' id='line_1_4' title="bbox 638 476 2218 546; baseline 0 -15"><span class='ocrx_word' id='word_1_7' title='bbox 638 478 805 533; x_wconf 90' lang='lat' dir='ltr'><strong>Deum</strong></span> <span class='ocrx_word' id='word_1_8' title='bbox 836 476 1070 533; x_wconf 86' lang='lat' dir='ltr'><strong>Verbum</strong></span> <span class='ocrx_word' id='word_1_9' title='bbox 1113 476 1402 546; x_wconf 82' lang='lat' dir='ltr'><strong>sejunctim</strong></span> <span class='ocrx_word' id='word_1_10' title='bbox 1441 489 1538 546; x_wconf 90' lang='lat' dir='ltr'><strong>per</strong></span> <span class='ocrx_word' id='word_1_11' title='bbox 1590 490 1649 531; x_wconf 90' lang='lat' dir='ltr'><strong>se</strong></span> <span class='ocrx_word' id='word_1_12' title='bbox 1683 477 2111 541; x_wconf 78' lang='lat' dir='ltr'><strong>consideratum,</strong></span> <span class='ocrx_word' id='word_1_13' title='bbox 2157 493 2218 531; x_wconf 86' lang='lat' dir='ltr'><strong>ne</strong></span> 
     </span>
    </p>
   </div>
   <div class='ocr_carea' id='block_1_5' title="bbox 2322 476 3900 550">
    <p class='ocr_par' dir='ltr' id='par_1_5' title="bbox 2328 476 3900 550">
     <span class='ocr_line' id='line_1_5' title="bbox 2328 476 3900 550; baseline 0.004 -21"><span class='ocrx_word' id='word_1_14' title='bbox 2328 477 2421 530; x_wconf 75' lang='grc' dir='ltr'>ἕνα</span> <span class='ocrx_word' id='word_1_15' title='bbox 2457 478 2666 530; x_wconf 73' lang='grc' dir='ltr'>καὶτὸν</span> <span class='ocrx_word' id='word_1_16' title='bbox 2709 478 2872 531; x_wconf 79' lang='grc' dir='ltr'>αὑτὸν</span> <span class='ocrx_word' id='word_1_17' title='bbox 2898 476 3285 548; x_wconf 81' lang='grc' dir='ltr'>ὁμολογοῦντες</span> <span class='ocrx_word' id='word_1_18' title='bbox 3311 477 3400 532; x_wconf 89' lang='grc' dir='ltr'><strong>τὸν</strong></span> <span class='ocrx_word' id='word_1_19' title='bbox 3445 477 3608 532; x_wconf 84' lang='grc' dir='ltr'>αὑτὸν</span> <span class='ocrx_word' id='word_1_20' title='bbox 3646 479 3900 550; x_wconf 83' lang='grc' dir='ltr'>Χριστὸν,</span> 
     </span>
    </p>
   </div>
   <div class='ocr_carea' id='block_1_6' title="bbox 633 567 2215 638">
    <p class='ocr_par' dir='ltr' id='par_1_6' title="bbox 633 567 2215 638">
     <span class='ocr_line' id='line_1_6' title="bbox 633 567 2215 638; baseline -0.003 -13"><span class='ocrx_word' id='word_1_21' title='bbox 633 571 769 625; x_wconf 85' lang='lat' dir='ltr'><strong>duos</strong></span> <span class='ocrx_word' id='word_1_22' title='bbox 821 571 923 625; x_wconf 82' lang='lat' dir='ltr'><strong>hac</strong></span> <span class='ocrx_word' id='word_1_23' title='bbox 984 570 1194 624; x_wconf 80' lang='lat' dir='ltr'><strong>ratione</strong></span> <span class='ocrx_word' id='word_1_24' title='bbox 1267 568 1409 623; x_wconf 84' lang='lat' dir='ltr'><strong>lilios</strong></span> <span class='ocrx_word' id='word_1_25' title='bbox 1460 567 1986 638; x_wconf 77' lang='lat' dir='ltr'><strong>intelligamus;sed</strong></span> <span class='ocrx_word' id='word_1_26' title='bbox 2053 584 2215 621; x_wconf 90' lang='lat' dir='ltr'><strong>unum</strong></span> 
     </span>
    </p>
   </div>
   <div class='ocr_carea' id='block_1_7' title="bbox 631 657 2218 729">
    <p class='ocr_par' dir='ltr' id='par_1_7' title="bbox 631 657 2218 729">
     <span class='ocr_line' id='line_1_7' title="bbox 631 657 2218 729; baseline 0 -16"><span class='ocrx_word' id='word_1_27' title='bbox 631 660 987 729; x_wconf 76' lang='lat' dir='ltr'><strong>eamdemque</strong></span> <span class='ocrx_word' id='word_1_28' title='bbox 1017 659 1295 714; x_wconf 80' lang='lat' dir='ltr'><strong>Christum</strong></span> <span class='ocrx_word' id='word_1_29' title='bbox 1352 667 1408 712; x_wconf 93' lang='lat' dir='ltr'><strong>et</strong></span> <span class='ocrx_word' id='word_1_30' title='bbox 1453 657 1650 712; x_wconf 84' lang='lat' dir='ltr'><strong>Filium</strong></span> <span class='ocrx_word' id='word_1_31' title='bbox 1697 668 1749 712; x_wconf 92' lang='lat' dir='ltr'><strong>et</strong></span> <span class='ocrx_word' id='word_1_32' title='bbox 1791 657 2074 712; x_wconf 90' lang='lat' dir='ltr'><strong>Dominum</strong></span> <span class='ocrx_word' id='word_1_33' title='bbox 2098 672 2218 713; x_wconf 88' lang='lat' dir='ltr'><strong>esse</strong></span> 
     </span>
    </p>
   </div>
   <div class='ocr_carea' id='block_1_8' title="bbox 633 749 2215 817">
    <p class='ocr_par' dir='ltr' id='par_1_8' title="bbox 633 749 2215 817">
     <span class='ocr_line' id='line_1_8' title="bbox 633 749 2215 817; baseline -0.001 -14"><span class='ocrx_word' id='word_1_34' title='bbox 633 751 971 806; x_wconf 81' lang='lat' dir='ltr'><strong>conﬁtentes.</strong></span> <span class='ocrx_word' id='word_1_35' title='bbox 991 750 1093 817; x_wconf 87' lang='lat' dir='ltr'><strong>Qui</strong></span> <span class='ocrx_word' id='word_1_36' title='bbox 1126 759 1308 804; x_wconf 89' lang='lat' dir='ltr'><strong>autem</strong></span> <span class='ocrx_word' id='word_1_37' title='bbox 1343 750 1444 804; x_wconf 94' lang='lat' dir='ltr'><strong>hoc</strong></span> <span class='ocrx_word' id='word_1_38' title='bbox 1469 764 1628 804; x_wconf 91' lang='lat' dir='ltr'><strong>secus</strong></span> <span class='ocrx_word' id='word_1_39' title='bbox 1652 749 1857 804; x_wconf 86' lang='lat' dir='ltr'><strong>habere</strong></span> <span class='ocrx_word' id='word_1_40' title='bbox 1878 749 2215 812; x_wconf 78' lang='lat' dir='ltr'><strong>existimant,</strong></span> 
     </span>
    </p>
   </div>
   <div class='ocr_carea' id='block_1_9' title="bbox 633 840 2217 906">
    <p class='ocr_par' dir='ltr' id='par_1_9' title="bbox 633 840 2217 906">
     <span class='ocr_line' id='line_1_9' title="bbox 633 840 2217 906; baseline 0 -12"><span class='ocrx_word' id='word_1_41' title='bbox 633 853 724 895; x_wconf 81' lang='lat' dir='ltr'><strong>aut</strong></span> <span class='ocrx_word' id='word_1_42' title='bbox 773 857 878 896; x_wconf 90' lang='lat' dir='ltr'><strong>non</strong></span> <span class='ocrx_word' id='word_1_43' title='bbox 917 842 992 896; x_wconf 90' lang='lat' dir='ltr'><strong>ita</strong></span> <span class='ocrx_word' id='word_1_44' title='bbox 1035 842 1224 896; x_wconf 88' lang='lat' dir='ltr'><strong>volunt</strong></span> <span class='ocrx_word' id='word_1_45' title='bbox 1269 844 1518 906; x_wconf 86' lang='lat' dir='ltr'><strong>credere,</strong></span> <span class='ocrx_word' id='word_1_46' title='bbox 1577 842 1673 894; x_wconf 86' lang='lat' dir='ltr'><strong>sed</strong></span> <span class='ocrx_word' id='word_1_47' title='bbox 1719 855 1882 893; x_wconf 91' lang='lat' dir='ltr'><strong>unum</strong></span> <span class='ocrx_word' id='word_1_48' title='bbox 1910 840 2105 894; x_wconf 78' lang='lat' dir='ltr'><strong>Filium</strong></span> <span class='ocrx_word' id='word_1_49' title='bbox 2163 841 2217 894; x_wconf 91' lang='lat' dir='ltr'><strong>in</strong></span> 
     </span>
    </p>
   </div>
   <div class='ocr_carea' id='block_1_10' title="bbox 633 932 2217 1004">
    <p class='ocr_par' dir='ltr' id='par_1_10' title="bbox 633 932 2217 1004">
     <span class='ocr_line' id='line_1_10' title="bbox 633 932 2217 1004; baseline -0.002 -16"><span class='ocrx_word' id='word_1_50' title='bbox 633 938 768 989; x_wconf 88' lang='lat' dir='ltr'><strong>duos</strong></span> <span class='ocrx_word' id='word_1_51' title='bbox 792 934 1210 1002; x_wconf 87' lang='lat' dir='ltr'><strong>dispertiuntur,</strong></span> <span class='ocrx_word' id='word_1_52' title='bbox 1232 945 1286 990; x_wconf 90' lang='lat' dir='ltr'><strong>et</strong></span> <span class='ocrx_word' id='word_1_53' title='bbox 1324 950 1442 1004; x_wconf 73' lang='lat' dir='ltr'><strong>qua:</strong></span> <span class='ocrx_word' id='word_1_54' title='bbox 1491 947 1550 988; x_wconf 89' lang='lat' dir='ltr'><strong>re</strong></span> <span class='ocrx_word' id='word_1_55' title='bbox 1578 933 1692 1002; x_wconf 85' lang='lat' dir='ltr'><strong>ipsa</strong></span> <span class='ocrx_word' id='word_1_56' title='bbox 1738 932 2022 1002; x_wconf 78' lang='lat' dir='ltr'><strong>conjuncta</strong></span> <span class='ocrx_word' id='word_1_57' title='bbox 2071 941 2217 996; x_wconf 87' lang='lat' dir='ltr'><strong>sunt,</strong></span> 
     </span>
    </p>
   </div>
   <div class='ocr_carea' id='block_1_11' title="bbox 633 1024 2217 1096">
    <p class='ocr_par' dir='ltr' id='par_1_11' title="bbox 633 1024 2217 1096">
     <span class='ocr_line' id='line_1_11' title="bbox 633 1024 2217 1096; baseline -0.003 -15"><span class='ocrx_word' id='word_1_58' title='bbox 633 1042 663 1081; x_wconf 87' lang='lat' dir='ltr'><strong>a</strong></span> <span class='ocrx_word' id='word_1_59' title='bbox 708 1041 767 1080; x_wconf 86' lang='lat' dir='ltr'><strong>se</strong></span> <span class='ocrx_word' id='word_1_60' title='bbox 825 1026 1178 1096; x_wconf 77' lang='lat' dir='ltr'><strong>disjungum,</strong></span> <span class='ocrx_word' id='word_1_61' title='bbox 1248 1026 1505 1096; x_wconf 88' lang='lat' dir='ltr'><strong>aiuntque</strong></span> <span class='ocrx_word' id='word_1_62' title='bbox 1573 1024 1845 1080; x_wconf 82' lang='lat' dir='ltr'><strong>hominem</strong></span> <span class='ocrx_word' id='word_1_63' title='bbox 1921 1024 2217 1079; x_wconf 84' lang='lat' dir='ltr'><strong>secundum</strong></span> 
     </span>
    </p>
   </div>
   <div class='ocr_carea' id='block_1_12' title="bbox 633 1115 2219 1186">
    <p class='ocr_par' dir='ltr' id='par_1_12' title="bbox 633 1115 2219 1186">
     <span class='ocr_line' id='line_1_12' title="bbox 633 1115 2219 1186; baseline -0.003 -14"><span class='ocrx_word' id='word_1_64' title='bbox 633 1119 910 1186; x_wconf 75' lang='lat' dir='ltr'><strong>dignitatis</strong></span> <span class='ocrx_word' id='word_1_65' title='bbox 964 1118 1044 1171; x_wconf 87' lang='lat' dir='ltr'><strong>vel</strong></span> <span class='ocrx_word' id='word_1_66' title='bbox 1107 1118 1446 1172; x_wconf 82' lang='lat' dir='ltr'><strong>auctoritatis</strong></span> <span class='ocrx_word' id='word_1_67' title='bbox 1491 1116 1826 1170; x_wconf 85' lang='lat' dir='ltr'><strong>consortium</strong></span> <span class='ocrx_word' id='word_1_68' title='bbox 1887 1115 1996 1169; x_wconf 84' lang='lat' dir='ltr'><strong>Deo</strong></span> <span class='ocrx_word' id='word_1_69' title='bbox 2087 1129 2219 1169; x_wconf 85' lang='lat' dir='ltr'><strong>con-</strong></span> 
     </span>
    </p>
   </div>
   <div class='ocr_carea' id='block_1_13' title="bbox 627 1206 2218 1278">
    <p class='ocr_par' dir='ltr' id='par_1_13' title="bbox 627 1206 2218 1278">
     <span class='ocr_line' id='line_1_13' title="bbox 627 1206 2218 1278; baseline 0.002 -19"><span class='ocrx_word' id='word_1_70' title='bbox 627 1211 872 1278; x_wconf 85' lang='lat' dir='ltr'><strong>junctum</strong></span> <span class='ocrx_word' id='word_1_71' title='bbox 905 1223 1024 1263; x_wconf 90' lang='lat' dir='ltr'><strong>esse</strong></span> <span class='ocrx_word' id='word_1_72' title='bbox 1057 1227 1070 1273; x_wconf 92' lang='lat'><strong>;</strong></span> <span class='ocrx_word' id='word_1_73' title='bbox 1106 1223 1199 1262; x_wconf 91' lang='lat' dir='ltr'><strong>eos</strong></span> <span class='ocrx_word' id='word_1_74' title='bbox 1228 1223 1257 1260; x_wconf 87' lang='lat' dir='ltr'><strong>a</strong></span> <span class='ocrx_word' id='word_1_75' title='bbox 1285 1216 1432 1262; x_wconf 86' lang='lat' dir='ltr'><strong>rec-ta</strong></span> <span class='ocrx_word' id='word_1_76' title='bbox 1463 1207 1846 1278; x_wconf 88' lang='lat' dir='ltr'><strong>inculpataque</strong></span> <span class='ocrx_word' id='word_1_77' title='bbox 1878 1207 1982 1262; x_wconf 84' lang='lat' dir='ltr'><strong>ﬁde</strong></span> <span class='ocrx_word' id='word_1_78' title='bbox 2012 1206 2218 1262; x_wconf 87' lang='lat' dir='ltr'><strong>alienos</strong></span> 
     </span>
    </p>
   </div>
   <div class='ocr_carea' id='block_1_14' title="bbox 633 1297 2212 1368">
    <p class='ocr_par' dir='ltr' id='par_1_14' title="bbox 633 1297 2212 1368">
     <span class='ocr_line' id='line_1_14' title="bbox 633 1297 2212 1368; baseline -0.003 -14"><span class='ocrx_word' id='word_1_79' title='bbox 633 1301 882 1354; x_wconf 84' lang='lat' dir='ltr'><strong>dicimus.</strong></span> <span class='ocrx_word' id='word_1_80' title='bbox 939 1299 1198 1364; x_wconf 84' lang='lat' dir='ltr'><strong>Quamvis</strong></span> <span class='ocrx_word' id='word_1_81' title='bbox 1245 1313 1375 1368; x_wconf 79' lang='lat' dir='ltr'><strong>ergo</strong></span> <span class='ocrx_word' id='word_1_82' title='bbox 1437 1301 1714 1367; x_wconf 83' lang='lat' dir='ltr'><strong>apostolus</strong></span> <span class='ocrx_word' id='word_1_83' title='bbox 1777 1297 2084 1351; x_wconf 92' lang='lat' dir='ltr'><strong>nominetur</strong></span> <span class='ocrx_word' id='word_1_84' title='bbox 2116 1299 2212 1362; x_wconf 73' lang='grc' dir='ltr'>ιδ’,</span> 
     </span>
    </p>
   </div>
   <div class='ocr_carea' id='block_1_15' title="bbox 637 1388 2216 1462">
    <p class='ocr_par' dir='ltr' id='par_1_15' title="bbox 637 1388 2216 1462">
     <span class='ocr_line' id='line_1_15' title="bbox 637 1388 2216 1462; baseline -0.001 -17"><span class='ocrx_word' id='word_1_85' title='bbox 637 1403 940 1462; x_wconf 86' lang='lat' dir='ltr'><strong>unctusque</strong></span> <span class='ocrx_word' id='word_1_86' title='bbox 972 1400 1027 1447; x_wconf 83' lang='lat' dir='ltr'><strong>et</strong></span> <span class='ocrx_word' id='word_1_87' title='bbox 1053 1390 1145 1444; x_wconf 86' lang='lat' dir='ltr'><strong>Dei</strong></span> <span class='ocrx_word' id='word_1_88' title='bbox 1185 1388 1356 1445; x_wconf 86' lang='lat' dir='ltr'><strong>Filius</strong></span> <span class='ocrx_word' id='word_1_89' title='bbox 1396 1390 1710 1460; x_wconf 78' lang='lat' dir='ltr'><strong>designatus</strong></span> <span class='ocrx_word' id='word_1_90' title='bbox 1750 1389 1966 1444; x_wconf 81' lang='lat' dir='ltr'><strong>dicatur</strong></span> <span class='ocrx_word' id='word_1_91' title='bbox 2001 1390 2065 1451; x_wconf 77' lang='lat'><strong>“,</strong></span> <span class='ocrx_word' id='word_1_92' title='bbox 2111 1406 2216 1444; x_wconf 85' lang='lat' dir='ltr'><strong>non</strong></span> 
     </span>
    </p>
   </div>
   <div class='ocr_carea' id='block_1_16' title="bbox 636 1477 2216 1550">
    <p class='ocr_par' dir='ltr' id='par_1_16' title="bbox 636 1477 2216 1550">
     <span class='ocr_line' id='line_1_16' title="bbox 636 1477 2216 1550; baseline -0.003 -12"><span class='ocrx_word' id='word_1_93' title='bbox 636 1484 1010 1538; x_wconf 85' lang='lat' dir='ltr'><strong>erubescimus</strong></span> <span class='ocrx_word' id='word_1_94' title='bbox 1076 1481 1554 1550; x_wconf 88' lang='lat' dir='ltr'><strong>dispensationem.</strong></span> <span class='ocrx_word' id='word_1_95' title='bbox 1626 1477 1973 1534; x_wconf 79' lang='lat' dir='ltr'><strong>Aliirmamus</strong></span> <span class='ocrx_word' id='word_1_96' title='bbox 2035 1490 2216 1534; x_wconf 89' lang='lat' dir='ltr'><strong>autem</strong></span> 
     </span>
    </p>
   </div>
   <div class='ocr_carea' id='block_1_17' title="bbox 637 1571 2216 1640">
    <p class='ocr_par' dir='ltr' id='par_1_17' title="bbox 637 1571 2216 1640">
     <span class='ocr_line' id='line_1_17' title="bbox 637 1571 2216 1640; baseline -0.001 -14"><span class='ocrx_word' id='word_1_97' title='bbox 637 1575 730 1628; x_wconf 90' lang='lat' dir='ltr'><strong>Dei</strong></span> <span class='ocrx_word' id='word_1_98' title='bbox 759 1573 935 1627; x_wconf 85' lang='lat' dir='ltr'><strong>Patris</strong></span> <span class='ocrx_word' id='word_1_99' title='bbox 973 1572 1205 1626; x_wconf 87' lang='lat' dir='ltr'><strong>Verbum</strong></span> <span class='ocrx_word' id='word_1_100' title='bbox 1243 1582 1372 1626; x_wconf 92' lang='lat' dir='ltr'><strong>tunc</strong></span> <span class='ocrx_word' id='word_1_101' title='bbox 1420 1571 1638 1625; x_wconf 91' lang='lat' dir='ltr'><strong>demum</strong></span> <span class='ocrx_word' id='word_1_102' title='bbox 1683 1571 1984 1640; x_wconf 85' lang='lat' dir='ltr'><strong>apostolum</strong></span> <span class='ocrx_word' id='word_1_103' title='bbox 2039 1571 2216 1625; x_wconf 89' lang='lat' dir='ltr'><strong>nomi-</strong></span> 
     </span>
    </p>
   </div>
   <div class='ocr_carea' id='block_1_18' title="bbox 637 1663 2220 1731">
    <p class='ocr_par' dir='ltr' id='par_1_18' title="bbox 637 1663 2220 1731">
     <span class='ocr_line' id='line_1_18' title="bbox 637 1663 2220 1731; baseline -0.001 -12"><span class='ocrx_word' id='word_1_104' title='bbox 637 1677 845 1731; x_wconf 87' lang='lat' dir='ltr'><strong>natum,</strong></span> <span class='ocrx_word' id='word_1_105' title='bbox 893 1665 1247 1720; x_wconf 90' lang='lat' dir='ltr'><strong>etnobiscum</strong></span> <span class='ocrx_word' id='word_1_106' title='bbox 1299 1663 1597 1719; x_wconf 88' lang='lat' dir='ltr'><strong>secundum</strong></span> <span class='ocrx_word' id='word_1_107' title='bbox 1626 1663 2015 1717; x_wconf 86' lang='lat' dir='ltr'><strong>humanitatem</strong></span> <span class='ocrx_word' id='word_1_108' title='bbox 2062 1664 2220 1718; x_wconf 84' lang='lat' dir='ltr'><strong>inuu-</strong></span> 
     </span>
    </p>
   </div>
   <div class='ocr_carea' id='block_1_19' title="bbox 636 1752 2214 1825">
    <p class='ocr_par' dir='ltr' id='par_1_19' title="bbox 636 1752 2214 1825">
     <span class='ocr_line' id='line_1_19' title="bbox 636 1752 2214 1825; baseline -0.002 -14"><span class='ocrx_word' id='word_1_109' title='bbox 636 1770 780 1811; x_wconf 90' lang='lat' dir='ltr'><strong>ctum</strong></span> <span class='ocrx_word' id='word_1_110' title='bbox 812 1772 955 1820; x_wconf 84' lang='lat' dir='ltr'><strong>esse,</strong></span> <span class='ocrx_word' id='word_1_111' title='bbox 985 1760 1203 1824; x_wconf 85' lang='lat' dir='ltr'><strong>quando</strong></span> <span class='ocrx_word' id='word_1_112' title='bbox 1228 1755 1419 1809; x_wconf 87' lang='lat' dir='ltr'><strong>similis</strong></span> <span class='ocrx_word' id='word_1_113' title='bbox 1455 1752 1616 1825; x_wconf 58' lang='lat'><strong>159</strong></span> <span class='ocrx_word' id='word_1_114' title='bbox 1643 1754 1799 1809; x_wconf 85' lang='lat' dir='ltr'><strong>nobis</strong></span> <span class='ocrx_word' id='word_1_115' title='bbox 1825 1753 1986 1809; x_wconf 90' lang='lat' dir='ltr'><strong>homo</strong></span> <span class='ocrx_word' id='word_1_116' title='bbox 2017 1754 2214 1809; x_wconf 78' lang='lat' dir='ltr'><strong>factum</strong></span> 
     </span>
    </p>
   </div>
   <div class='ocr_carea' id='block_1_20' title="bbox 2321 569 3904 642">
    <p class='ocr_par' dir='ltr' id='par_1_20' title="bbox 2321 569 3904 642">
     <span class='ocr_line' id='line_1_20' title="bbox 2321 569 3904 642; baseline 0.004 -22"><span class='ocrx_word' id='word_1_117' title='bbox 2321 570 2415 620; x_wconf 71' lang='grc' dir='ltr'><strong>καὶ</strong></span> <span class='ocrx_word' id='word_1_118' title='bbox 2448 569 2595 630; x_wconf 85' lang='grc' dir='ltr'>Υἰὸν,</span> <span class='ocrx_word' id='word_1_119' title='bbox 2631 570 2725 623; x_wconf 73' lang='grc' dir='ltr'>καὶ</span> <span class='ocrx_word' id='word_1_120' title='bbox 2754 569 2980 638; x_wconf 79' lang='grc' dir='ltr'><strong>Κύριον.</strong></span> <span class='ocrx_word' id='word_1_121' title='bbox 3013 570 3151 632; x_wconf 72' lang='grc' dir='ltr'>Τοὺς</span> <span class='ocrx_word' id='word_1_122' title='bbox 3175 569 3231 622; x_wconf 77' lang='grc' dir='ltr'>δὲ</span> <span class='ocrx_word' id='word_1_123' title='bbox 3259 569 3334 642; x_wconf 77' lang='grc' dir='ltr'>μὴ</span> <span class='ocrx_word' id='word_1_124' title='bbox 3364 569 3534 634; x_wconf 75' lang='grc' dir='ltr'>οὕτως</span> <span class='ocrx_word' id='word_1_125' title='bbox 3567 571 3712 640; x_wconf 83' lang='grc' dir='ltr'>ἔχειν</span> <span class='ocrx_word' id='word_1_126' title='bbox 3750 572 3904 626; x_wconf 80' lang='grc' dir='ltr'>ὑπει-</span> 
     </span>
    </p>
   </div>
   <div class='ocr_carea' id='block_1_21' title="bbox 2321 657 3905 732">
    <p class='ocr_par' dir='ltr' id='par_1_21' title="bbox 2321 657 3905 732">
     <span class='ocr_line' id='line_1_21' title="bbox 2321 657 3905 732; baseline 0.004 -22"><span class='ocrx_word' id='word_1_127' title='bbox 2321 657 2584 728; x_wconf 78' lang='grc' dir='ltr'>ληφότας,</span> <span class='ocrx_word' id='word_1_128' title='bbox 2621 660 2785 729; x_wconf 71' lang='grc' dir='ltr'>ἧγουν</span> <span class='ocrx_word' id='word_1_129' title='bbox 2818 662 3094 713; x_wconf 81' lang='grc' dir='ltr'><strong>πιστεύειν</strong></span> <span class='ocrx_word' id='word_1_130' title='bbox 3145 659 3443 724; x_wconf 74' lang='grc' dir='ltr'>ἐθέλοντας,</span> <span class='ocrx_word' id='word_1_131' title='bbox 3477 661 3812 732; x_wconf 77' lang='grc' dir='ltr'><strong>διορίζοντας</strong></span> <span class='ocrx_word' id='word_1_132' title='bbox 3848 664 3905 717; x_wconf 71' lang='grc' dir='ltr'>δὲ</span> 
     </span>
    </p>
   </div>
   <div class='ocr_carea' id='block_1_22' title="bbox 2320 748 3905 822">
    <p class='ocr_par' dir='ltr' id='par_1_22' title="bbox 2320 748 3905 822">
     <span class='ocr_line' id='line_1_22' title="bbox 2320 748 3905 822; baseline 0.003 -21"><span class='ocrx_word' id='word_1_133' title='bbox 2320 751 2399 812; x_wconf 88' lang='grc' dir='ltr'><strong>είς</strong></span> <span class='ocrx_word' id='word_1_134' title='bbox 2423 750 2568 812; x_wconf 84' lang='grc' dir='ltr'>υἱοὺς</span> <span class='ocrx_word' id='word_1_135' title='bbox 2594 748 2687 802; x_wconf 83' lang='grc' dir='ltr'>δύο</span> <span class='ocrx_word' id='word_1_136' title='bbox 2711 751 2800 802; x_wconf 86' lang='grc' dir='ltr'><strong>τὸν</strong></span> <span class='ocrx_word' id='word_1_137' title='bbox 2827 751 2944 815; x_wconf 72' lang='grc' dir='ltr'>ἕνα,</span> <span class='ocrx_word' id='word_1_138' title='bbox 2980 751 3074 803; x_wconf 73' lang='grc' dir='ltr'><strong>καὶ</strong></span> <span class='ocrx_word' id='word_1_139' title='bbox 3104 751 3410 815; x_wconf 81' lang='grc' dir='ltr'><strong>διιστάντας</strong></span> <span class='ocrx_word' id='word_1_140' title='bbox 3440 752 3536 805; x_wconf 79' lang='grc' dir='ltr'>ἀπ’</span> <span class='ocrx_word' id='word_1_141' title='bbox 3565 751 3814 822; x_wconf 79' lang='grc' dir='ltr'>ἀλλήλων</span> <span class='ocrx_word' id='word_1_142' title='bbox 3839 753 3905 806; x_wconf 77' lang='grc' dir='ltr'>τὰ</span> 
     </span>
    </p>
   </div>
   <div class='ocr_carea' id='block_1_23' title="bbox 2321 841 3906 912">
    <p class='ocr_par' dir='ltr' id='par_1_23' title="bbox 2321 841 3906 912">
     <span class='ocr_line' id='line_1_23' title="bbox 2321 841 3906 912; baseline 0.001 -19"><span class='ocrx_word' id='word_1_143' title='bbox 2321 841 2574 911; x_wconf 76' lang='grc' dir='ltr'><strong>ἡνωμένα</strong></span> <span class='ocrx_word' id='word_1_144' title='bbox 2618 841 2761 895; x_wconf 89' lang='grc' dir='ltr'><strong>κατά</strong></span> <span class='ocrx_word' id='word_1_145' title='bbox 2790 841 3069 910; x_wconf 76' lang='grc' dir='ltr'>ἀλήθειαν,</span> <span class='ocrx_word' id='word_1_146' title='bbox 3103 842 3409 910; x_wconf 84' lang='grc' dir='ltr'>φάσκοντας</span> <span class='ocrx_word' id='word_1_147' title='bbox 3447 843 3504 896; x_wconf 80' lang='grc' dir='ltr'>δὲ</span> <span class='ocrx_word' id='word_1_148' title='bbox 3544 843 3684 895; x_wconf 86' lang='grc' dir='ltr'><strong>κατά</strong></span> <span class='ocrx_word' id='word_1_149' title='bbox 3735 843 3906 912; x_wconf 85' lang='grc' dir='ltr'>μόνην</span> 
     </span>
    </p>
   </div>
   <div class='ocr_carea' id='block_1_24' title="bbox 2320 932 3905 1004">
    <p class='ocr_par' dir='ltr' id='par_1_24' title="bbox 2320 932 3905 1004">
     <span class='ocr_line' id='line_1_24' title="bbox 2320 932 3905 1004; baseline 0.001 -19"><span class='ocrx_word' id='word_1_150' title='bbox 2320 933 2420 1003; x_wconf 82' lang='grc' dir='ltr'>τὴν</span> <span class='ocrx_word' id='word_1_151' title='bbox 2449 932 2626 998; x_wconf 79' lang='grc' dir='ltr'>ἀξίαν,</span> <span class='ocrx_word' id='word_1_152' title='bbox 2655 935 2775 1004; x_wconf 70' lang='grc' dir='ltr'>ἦτοι</span> <span class='ocrx_word' id='word_1_153' title='bbox 2817 933 3122 997; x_wconf 79' lang='grc' dir='ltr'>αὑθεντίαν,</span> <span class='ocrx_word' id='word_1_154' title='bbox 3159 933 3449 1004; x_wconf 85' lang='grc' dir='ltr'>ἀνθρώπου</span> <span class='ocrx_word' id='word_1_155' title='bbox 3484 933 3743 1002; x_wconf 84' lang='grc' dir='ltr'>γενέσθαι</span> <span class='ocrx_word' id='word_1_156' title='bbox 3778 950 3905 986; x_wconf 83' lang='grc' dir='ltr'>συν-</span> 
     </span>
    </p>
   </div>
   <div class='ocr_carea' id='block_1_25' title="bbox 2321 1023 3905 1096">
    <p class='ocr_par' dir='ltr' id='par_1_25' title="bbox 2321 1023 3905 1096">
     <span class='ocr_line' id='line_1_25' title="bbox 2321 1023 3905 1096; baseline 0.001 -20"><span class='ocrx_word' id='word_1_157' title='bbox 2321 1023 2518 1092; x_wconf 85' lang='grc' dir='ltr'>άφειαν</span> <span class='ocrx_word' id='word_1_158' title='bbox 2539 1025 2677 1095; x_wconf 83' lang='grc' dir='ltr'>πρὸς</span> <span class='ocrx_word' id='word_1_159' title='bbox 2700 1024 2853 1088; x_wconf 89' lang='grc' dir='ltr'>Θεὸν,</span> <span class='ocrx_word' id='word_1_160' title='bbox 2879 1025 2976 1095; x_wconf 83' lang='grc' dir='ltr'><strong>τῆς</strong></span> <span class='ocrx_word' id='word_1_161' title='bbox 3005 1025 3189 1095; x_wconf 77' lang='grc' dir='ltr'>ὀρθῆς,</span> <span class='ocrx_word' id='word_1_162' title='bbox 3213 1027 3306 1078; x_wconf 78' lang='grc' dir='ltr'>καὶ</span> <span class='ocrx_word' id='word_1_163' title='bbox 3328 1026 3634 1096; x_wconf 77' lang='grc' dir='ltr'>ἀμωμήτου</span> <span class='ocrx_word' id='word_1_164' title='bbox 3667 1025 3905 1087; x_wconf 82' lang='grc' dir='ltr'>πίστεως</span> 
     </span>
    </p>
   </div>
   <div class='ocr_carea' id='block_1_26' title="bbox 2320 1110 3907 1185">
    <p class='ocr_par' dir='ltr' id='par_1_26' title="bbox 2320 1110 3907 1185">
     <span class='ocr_line' id='line_1_26' title="bbox 2320 1110 3907 1185; baseline -0.002 -17"><span class='ocrx_word' id='word_1_165' title='bbox 2320 1113 2634 1185; x_wconf 83' lang='grc' dir='ltr'>ἀλλοτρίους</span> <span class='ocrx_word' id='word_1_166' title='bbox 2667 1110 2810 1167; x_wconf 76' lang='grc' dir='ltr'>εἷναί</span> <span class='ocrx_word' id='word_1_167' title='bbox 2845 1132 3048 1184; x_wconf 80' lang='grc' dir='ltr'>φαμεν.</span> <span class='ocrx_word' id='word_1_168' title='bbox 3086 1113 3247 1168; x_wconf 81' lang='grc' dir='ltr'>Ὥστε</span> <span class='ocrx_word' id='word_1_169' title='bbox 3304 1114 3409 1167; x_wconf 83' lang='grc' dir='ltr'>κᾶν</span> <span class='ocrx_word' id='word_1_170' title='bbox 3442 1113 3740 1176; x_wconf 80' lang='grc' dir='ltr'>ἀπόστολος</span> <span class='ocrx_word' id='word_1_171' title='bbox 3789 1115 3907 1165; x_wconf 84' lang='grc' dir='ltr'>ὀνο-</span> 
     </span>
    </p>
   </div>
   <div class='ocr_carea' id='block_1_27' title="bbox 2323 1203 3899 1276">
    <p class='ocr_par' dir='ltr' id='par_1_27' title="bbox 2323 1203 3899 1276">
     <span class='ocr_line' id='line_1_27' title="bbox 2323 1203 3899 1276; baseline -0.004 -16"><span class='ocrx_word' id='word_1_172' title='bbox 2323 1204 2583 1276; x_wconf 78' lang='grc' dir='ltr'>μάζηται,</span> <span class='ocrx_word' id='word_1_173' title='bbox 2621 1206 2721 1259; x_wconf 83' lang='grc' dir='ltr'><strong>κᾶν</strong></span> <span class='ocrx_word' id='word_1_174' title='bbox 2751 1206 3034 1276; x_wconf 84' lang='grc' dir='ltr'>κεχρῖσθαι</span> <span class='ocrx_word' id='word_1_175' title='bbox 3079 1205 3328 1275; x_wconf 82' lang='grc' dir='ltr'><strong>λέγηται,</strong></span> <span class='ocrx_word' id='word_1_176' title='bbox 3361 1205 3455 1258; x_wconf 82' lang='grc' dir='ltr'><strong>καὶ</strong></span> <span class='ocrx_word' id='word_1_177' title='bbox 3487 1205 3566 1268; x_wconf 88' lang='grc' dir='ltr'><strong>είς</strong></span> <span class='ocrx_word' id='word_1_178' title='bbox 3611 1204 3742 1257; x_wconf 86' lang='grc' dir='ltr'>Υίὸν</span> <span class='ocrx_word' id='word_1_179' title='bbox 3771 1203 3899 1272; x_wconf 83' lang='grc' dir='ltr'>ὡρί-</span> 
     </span>
    </p>
   </div>
   <div class='ocr_carea' id='block_1_28' title="bbox 2323 1295 3907 1366">
    <p class='ocr_par' dir='ltr' id='par_1_28' title="bbox 2323 1295 3907 1366">
     <span class='ocr_line' id='line_1_28' title="bbox 2323 1295 3907 1366; baseline -0.003 -16"><span class='ocrx_word' id='word_1_180' title='bbox 2323 1297 2446 1351; x_wconf 87' lang='grc' dir='ltr'>σθαι</span> <span class='ocrx_word' id='word_1_181' title='bbox 2487 1296 2644 1361; x_wconf 89' lang='grc' dir='ltr'>Θεοῦ,</span> <span class='ocrx_word' id='word_1_182' title='bbox 2671 1298 2770 1349; x_wconf 74' lang='grc' dir='ltr'><strong>οὐκ</strong></span> <span class='ocrx_word' id='word_1_183' title='bbox 2815 1297 3182 1366; x_wconf 82' lang='grc' dir='ltr'>αἰσχυνόμεθα</span> <span class='ocrx_word' id='word_1_184' title='bbox 3223 1296 3319 1366; x_wconf 86' lang='grc' dir='ltr'><strong>τὴν</strong></span> <span class='ocrx_word' id='word_1_185' title='bbox 3344 1295 3675 1365; x_wconf 74' lang='grc' dir='ltr'><strong>οἰκονομίαν.</strong></span> <span class='ocrx_word' id='word_1_186' title='bbox 3734 1295 3907 1348; x_wconf 79' lang='grc' dir='ltr'>Αὑτὸν</span> 
     </span>
    </p>
   </div>
   <div class='ocr_carea' id='block_1_29' title="bbox 2318 1386 3908 1460">
    <p class='ocr_par' dir='ltr' id='par_1_29' title="bbox 2318 1386 3908 1460">
     <span class='ocr_line' id='line_1_29' title="bbox 2318 1386 3908 1460; baseline -0.001 -19"><span class='ocrx_word' id='word_1_187' title='bbox 2318 1387 2377 1441; x_wconf 79' lang='grc' dir='ltr'>δέ</span> <span class='ocrx_word' id='word_1_188' title='bbox 2409 1406 2589 1460; x_wconf 87' lang='grc' dir='ltr'>φαμεν</span> <span class='ocrx_word' id='word_1_189' title='bbox 2621 1389 2712 1440; x_wconf 81' lang='grc' dir='ltr'><strong>τὸν</strong></span> <span class='ocrx_word' id='word_1_190' title='bbox 2742 1392 2806 1442; x_wconf 84' lang='grc' dir='ltr'>ὲκ</span> <span class='ocrx_word' id='word_1_191' title='bbox 2843 1388 2976 1442; x_wconf 91' lang='grc' dir='ltr'>Θεοῦ</span> <span class='ocrx_word' id='word_1_192' title='bbox 3004 1389 3217 1458; x_wconf 89' lang='grc' dir='ltr'>Πατρὸς</span> <span class='ocrx_word' id='word_1_193' title='bbox 3247 1388 3440 1456; x_wconf 83' lang='grc' dir='ltr'>Λόγον,</span> <span class='ocrx_word' id='word_1_194' title='bbox 3480 1388 3569 1440; x_wconf 81' lang='grc' dir='ltr'>ὅτε</span> <span class='ocrx_word' id='word_1_195' title='bbox 3604 1386 3727 1440; x_wconf 86' lang='grc' dir='ltr'>καθ’</span> <span class='ocrx_word' id='word_1_196' title='bbox 3759 1389 3908 1456; x_wconf 71' lang='grc' dir='ltr'>ἡμᾶς</span> 
     </span>
    </p>
   </div>
   <div class='ocr_carea' id='block_1_30' title="bbox 2321 1480 3910 1552">
    <p class='ocr_par' dir='ltr' id='par_1_30' title="bbox 2321 1480 3910 1552">
     <span class='ocr_line' id='line_1_30' title="bbox 2321 1480 3910 1552; baseline -0.002 -19"><span class='ocrx_word' id='word_1_197' title='bbox 2321 1481 2542 1548; x_wconf 82' lang='grc' dir='ltr'>γέγονεν</span> <span class='ocrx_word' id='word_1_198' title='bbox 2569 1481 2876 1552; x_wconf 78' lang='grc' dir='ltr'>ἄνθρωπος.</span> <span class='ocrx_word' id='word_1_199' title='bbox 2905 1480 3220 1551; x_wconf 86' lang='grc' dir='ltr'>ὠνομάσθαι</span> <span class='ocrx_word' id='word_1_200' title='bbox 3257 1480 3321 1550; x_wconf 85' lang='grc' dir='ltr'>δὴ</span> <span class='ocrx_word' id='word_1_201' title='bbox 3366 1481 3488 1533; x_wconf 89' lang='grc' dir='ltr'>τότε</span> <span class='ocrx_word' id='word_1_202' title='bbox 3528 1480 3622 1532; x_wconf 76' lang='grc' dir='ltr'>καὶ</span> <span class='ocrx_word' id='word_1_203' title='bbox 3673 1481 3910 1532; x_wconf 83' lang='grc' dir='ltr'>ἀπόστο-</span> 
     </span>
    </p>
   </div>
   <div class='ocr_carea' id='block_1_31' title="bbox 2320 1570 3913 1643">
    <p class='ocr_par' dir='ltr' id='par_1_31' title="bbox 2320 1570 3913 1643">
     <span class='ocr_line' id='line_1_31' title="bbox 2320 1570 3913 1643; baseline -0.003 -18"><span class='ocrx_word' id='word_1_204' title='bbox 2320 1572 2429 1636; x_wconf 92' lang='grc' dir='ltr'>λον,</span> <span class='ocrx_word' id='word_1_205' title='bbox 2461 1574 2556 1626; x_wconf 70' lang='grc' dir='ltr'><strong>καὶ</strong></span> <span class='ocrx_word' id='word_1_206' title='bbox 2590 1571 2876 1643; x_wconf 85' lang='grc' dir='ltr'>κεχρῖσθαι</span> <span class='ocrx_word' id='word_1_207' title='bbox 2914 1572 2970 1626; x_wconf 83' lang='grc' dir='ltr'>δὲ</span> <span class='ocrx_word' id='word_1_208' title='bbox 3015 1572 3135 1642; x_wconf 81' lang='grc' dir='ltr'>μεθ’</span> <span class='ocrx_word' id='word_1_209' title='bbox 3176 1571 3332 1642; x_wconf 82' lang='grc' dir='ltr'>ήμῶν</span> <span class='ocrx_word' id='word_1_210' title='bbox 3362 1575 3502 1625; x_wconf 81' lang='grc' dir='ltr'><strong>κατά</strong></span> <span class='ocrx_word' id='word_1_211' title='bbox 3528 1571 3589 1625; x_wconf 83' lang='grc' dir='ltr'><strong>τὸ</strong></span> <span class='ocrx_word' id='word_1_212' title='bbox 3629 1570 3913 1636; x_wconf 74' lang='grc' dir='ltr'>ἀνθρώπιο</span> 
     </span>
    </p>
   </div>
   <div class='ocr_carea' id='block_1_32' title="bbox 2321 1665 3914 1737">
    <p class='ocr_par' dir='ltr' id='par_1_32' title="bbox 2321 1665 3914 1737">
     <span class='ocr_line' id='line_1_32' title="bbox 2321 1665 3914 1737; baseline -0.003 -19"><span class='ocrx_word' id='word_1_213' title='bbox 2321 1684 2430 1719; x_wconf 92' lang='grc' dir='ltr'>νον.</span> <span class='ocrx_word' id='word_1_214' title='bbox 2476 1666 2536 1720; x_wconf 84' lang='grc' dir='ltr'>Ὀ</span> <span class='ocrx_word' id='word_1_215' title='bbox 2579 1667 2688 1737; x_wconf 84' lang='grc' dir='ltr'>γὰρ</span> <span class='ocrx_word' id='word_1_216' title='bbox 2719 1665 2956 1734; x_wconf 85' lang='grc' dir='ltr'>γεγονὼς</span> <span class='ocrx_word' id='word_1_217' title='bbox 3004 1665 3126 1719; x_wconf 83' lang='grc' dir='ltr'>καθ’</span> <span class='ocrx_word' id='word_1_218' title='bbox 3167 1667 3338 1736; x_wconf 82' lang='grc' dir='ltr'>ἡμᾶς,</span> <span class='ocrx_word' id='word_1_219' title='bbox 3385 1666 3430 1717; x_wconf 88' lang='grc' dir='ltr'><strong>εἰ</strong></span> <span class='ocrx_word' id='word_1_220' title='bbox 3463 1665 3553 1717; x_wconf 80' lang='grc' dir='ltr'>καὶ</span> <span class='ocrx_word' id='word_1_221' title='bbox 3600 1665 3914 1734; x_wconf 77' lang='grc' dir='ltr'>μεμένηκεν</span> 
     </span>
    </p>
   </div>
   <div class='ocr_carea' id='block_1_33' title="bbox 2321 1753 3914 1830">
    <p class='ocr_par' dir='ltr' id='par_1_33' title="bbox 2321 1753 3914 1830">
     <span class='ocr_line' id='line_1_33' title="bbox 2321 1753 3914 1830; baseline -0.003 -20"><span class='ocrx_word' id='word_1_222' title='bbox 2321 1758 2458 1830; x_wconf 82' lang='grc' dir='ltr'>ὅπερ</span> <span class='ocrx_word' id='word_1_223' title='bbox 2503 1753 2594 1828; x_wconf 78' lang='grc' dir='ltr'>ἦν,</span> <span class='ocrx_word' id='word_1_224' title='bbox 2656 1759 2718 1811; x_wconf 77' lang='grc' dir='ltr'>οὐ</span> <span class='ocrx_word' id='word_1_225' title='bbox 2765 1760 3112 1829; x_wconf 86' lang='grc' dir='ltr'>παραιτεῖται</span> <span class='ocrx_word' id='word_1_226' title='bbox 3163 1757 3231 1810; x_wconf 90' lang='grc' dir='ltr'><strong>τά</strong></span> <span class='ocrx_word' id='word_1_227' title='bbox 3282 1756 3460 1826; x_wconf 77' lang='grc' dir='ltr'>ἡμῶν.</span> <span class='ocrx_word' id='word_1_228' title='bbox 3521 1756 3812 1826; x_wconf 86' lang='grc' dir='ltr'>Προσίεται</span> <span class='ocrx_word' id='word_1_229' title='bbox 3859 1755 3914 1806; x_wconf 75' lang='grc' dir='ltr'>δὲ</span> 
     </span>
    </p>
   </div>
   <div class='ocr_carea' id='block_1_34' title="bbox 635 1817 2218 1920">
    <p class='ocr_par' dir='ltr' id='par_1_34' title="bbox 635 1844 2212 1913">
     <span class='ocr_line' id='line_1_34' title="bbox 635 1844 2212 1913; baseline -0.001 -12"><span class='ocrx_word' id='word_1_230' title='bbox 635 1860 734 1901; x_wconf 87' lang='lat' dir='ltr'><strong>est.</strong></span> <span class='ocrx_word' id='word_1_231' title='bbox 769 1846 870 1912; x_wconf 86' lang='lat' dir='ltr'><strong>Qui</strong></span> <span class='ocrx_word' id='word_1_232' title='bbox 908 1848 1053 1900; x_wconf 88' lang='lat' dir='ltr'><strong>enim</strong></span> <span class='ocrx_word' id='word_1_233' title='bbox 1110 1845 1263 1900; x_wconf 92' lang='lat' dir='ltr'><strong>nobis</strong></span> <span class='ocrx_word' id='word_1_234' title='bbox 1296 1844 1641 1899; x_wconf 82' lang='lat' dir='ltr'><strong>assimilatus</strong></span> <span class='ocrx_word' id='word_1_235' title='bbox 1672 1853 1778 1908; x_wconf 91' lang='lat' dir='ltr'><strong>est,</strong></span> <span class='ocrx_word' id='word_1_236' title='bbox 1814 1844 1941 1900; x_wconf 92' lang='lat' dir='ltr'><strong>licet</strong></span> <span class='ocrx_word' id='word_1_237' title='bbox 1983 1845 2033 1899; x_wconf 94' lang='lat' dir='ltr'><strong>id</strong></span> <span class='ocrx_word' id='word_1_238' title='bbox 2069 1847 2212 1913; x_wconf 91' lang='lat' dir='ltr'><strong>quod</strong></span> 
     </span>
    </p>
   </div>
   <div class='ocr_carea' id='block_1_35' title="bbox 2322 1817 3915 1920">
    <p class='ocr_par' dir='ltr' id='par_1_35' title="bbox 2323 1817 3915 1920">
     <span class='ocr_line' id='line_1_35' title="bbox 2323 1817 3915 1920; baseline -0.006 -17"><span class='ocrx_word' id='word_1_239' title='bbox 2323 1817 2689 1920; x_wconf 60' lang='grc' dir='ltr'>μᾶλλονόμοῦ</span> <span class='ocrx_word' id='word_1_240' title='bbox 2718 1817 2958 1920; x_wconf 35' lang='grc' dir='ltr'>τοῖςιτῆς</span> <span class='ocrx_word' id='word_1_241' title='bbox 2997 1817 3415 1918; x_wconf 77' lang='grc' dir='ltr'>ἀνθρωπότητος</span> <span class='ocrx_word' id='word_1_242' title='bbox 3463 1817 3681 1915; x_wconf 76' lang='grc' dir='ltr'>μέτροις</span> <span class='ocrx_word' id='word_1_243' title='bbox 3715 1843 3784 1896; x_wconf 88' lang='grc' dir='ltr'><strong>τά</strong></span> <span class='ocrx_word' id='word_1_244' title='bbox 3821 1845 3915 1896; x_wconf 86' lang='grc' dir='ltr'>ἀν-</span> 
     </span>
    </p>
   </div>
   <div class='ocr_carea' id='block_1_36' title="bbox 637 1938 2209 2005">
    <p class='ocr_par' dir='ltr' id='par_1_36' title="bbox 637 1938 2209 2005">
     <span class='ocr_line' id='line_1_36' title="bbox 637 1938 2209 2005; baseline -0.001 -12"><span class='ocrx_word' id='word_1_245' title='bbox 637 1949 753 1993; x_wconf 84' lang='lat' dir='ltr'><strong>erat</strong></span> <span class='ocrx_word' id='word_1_246' title='bbox 804 1938 1084 2001; x_wconf 85' lang='lat' dir='ltr'><strong>manserit,</strong></span> <span class='ocrx_word' id='word_1_247' title='bbox 1136 1952 1256 2005; x_wconf 75' lang='lat' dir='ltr'><strong>qua:</strong></span> <span class='ocrx_word' id='word_1_248' title='bbox 1300 1943 1485 1990; x_wconf 85' lang='lat' dir='ltr'><strong>nostra</strong></span> <span class='ocrx_word' id='word_1_249' title='bbox 1529 1945 1655 1990; x_wconf 90' lang='lat' dir='ltr'><strong>sunt</strong></span> <span class='ocrx_word' id='word_1_250' title='bbox 1720 1951 1824 1990; x_wconf 86' lang='lat' dir='ltr'><strong>non</strong></span> <span class='ocrx_word' id='word_1_251' title='bbox 1881 1946 2209 1991; x_wconf 85' lang='lat' dir='ltr'><strong>aversatur:</strong></span> 
     </span>
    </p>
   </div>
   <div class='ocr_carea' id='block_1_37' title="bbox 638 2028 2213 2097">
    <p class='ocr_par' dir='ltr' id='par_1_37' title="bbox 638 2028 2213 2097">
     <span class='ocr_line' id='line_1_37' title="bbox 638 2028 2213 2097; baseline 0.001 -16"><span class='ocrx_word' id='word_1_252' title='bbox 638 2031 746 2083; x_wconf 91' lang='lat' dir='ltr'><strong>imo</strong></span> <span class='ocrx_word' id='word_1_253' title='bbox 769 2043 897 2081; x_wconf 89' lang='lat' dir='ltr'><strong>vero</strong></span> <span class='ocrx_word' id='word_1_254' title='bbox 939 2036 1166 2097; x_wconf 89' lang='lat' dir='ltr'><strong>propter</strong></span> <span class='ocrx_word' id='word_1_255' title='bbox 1221 2028 1681 2097; x_wconf 84' lang='lat' dir='ltr'><strong>dispensationem</strong></span> <span class='ocrx_word' id='word_1_256' title='bbox 1735 2041 1798 2081; x_wconf 89' lang='lat' dir='ltr'><strong>ea</strong></span> <span class='ocrx_word' id='word_1_257' title='bbox 1849 2028 2050 2093; x_wconf 90' lang='lat' dir='ltr'><strong>omnia,</strong></span> <span class='ocrx_word' id='word_1_258' title='bbox 2094 2043 2213 2096; x_wconf 73' lang='lat' dir='ltr'><strong>quaa</strong></span> 
     </span>
    </p>
   </div>
   <div class='ocr_carea' id='block_1_38' title="bbox 638 2117 2210 2188">
    <p class='ocr_par' dir='ltr' id='par_1_38' title="bbox 638 2117 2210 2188">
     <span class='ocr_line' id='line_1_38' title="bbox 638 2117 2210 2188; baseline 0.001 -15"><span class='ocrx_word' id='word_1_259' title='bbox 638 2120 702 2173; x_wconf 83' lang='lat' dir='ltr'><strong>ad</strong></span> <span class='ocrx_word' id='word_1_260' title='bbox 728 2121 1020 2172; x_wconf 86' lang='lat' dir='ltr'><strong>humanam</strong></span> <span class='ocrx_word' id='word_1_261' title='bbox 1064 2127 1315 2172; x_wconf 85' lang='lat' dir='ltr'><strong>naturam</strong></span> <span class='ocrx_word' id='word_1_262' title='bbox 1354 2119 1654 2188; x_wconf 80' lang='lat' dir='ltr'><strong>pertinent,</strong></span> <span class='ocrx_word' id='word_1_263' title='bbox 1687 2132 1809 2171; x_wconf 93' lang='lat' dir='ltr'><strong>cum</strong></span> <span class='ocrx_word' id='word_1_264' title='bbox 1853 2117 2210 2174; x_wconf 83' lang='lat' dir='ltr'><strong>humanitatis</strong></span> 
     </span>
    </p>
   </div>
   <div class='ocr_carea' id='block_1_39' title="bbox 2321 1935 3915 2011">
    <p class='ocr_par' dir='ltr' id='par_1_39' title="bbox 2321 1935 3915 2011">
     <span class='ocr_line' id='line_1_39' title="bbox 2321 1935 3915 2011; baseline -0.004 -18"><span class='ocrx_word' id='word_1_265' title='bbox 2321 1940 2568 2011; x_wconf 86' lang='grc' dir='ltr'>θρώπινα</span> <span class='ocrx_word' id='word_1_266' title='bbox 2590 1941 2678 1993; x_wconf 91' lang='grc' dir='ltr'><strong>διά</strong></span> <span class='ocrx_word' id='word_1_267' title='bbox 2707 1941 2806 2010; x_wconf 82' lang='grc' dir='ltr'><strong>τὴν</strong></span> <span class='ocrx_word' id='word_1_268' title='bbox 2842 1938 3174 2008; x_wconf 86' lang='grc' dir='ltr'>οἰκονομίαν,</span> <span class='ocrx_word' id='word_1_269' title='bbox 3221 1937 3376 1990; x_wconf 83' lang='grc' dir='ltr'>οὐδὲν</span> <span class='ocrx_word' id='word_1_270' title='bbox 3426 1935 3676 1990; x_wconf 74' lang='grc' dir='ltr'>ἐντεῦθεν</span> <span class='ocrx_word' id='word_1_271' title='bbox 3703 1937 3785 1998; x_wconf 88' lang='grc' dir='ltr'><strong>είς</strong></span> <span class='ocrx_word' id='word_1_272' title='bbox 3833 1937 3915 1989; x_wconf 80' lang='grc' dir='ltr'>οἰ-</span> 
     </span>
    </p>
   </div>
   <div class='ocr_carea' id='block_1_40' title="bbox 2319 2028 3915 2102">
    <p class='ocr_par' dir='ltr' id='par_1_40' title="bbox 2319 2028 3915 2102">
     <span class='ocr_line' id='line_1_40' title="bbox 2319 2028 3915 2102; baseline -0.004 -17"><span class='ocrx_word' id='word_1_273' title='bbox 2319 2033 2472 2086; x_wconf 82' lang='grc' dir='ltr'>κείαν</span> <span class='ocrx_word' id='word_1_274' title='bbox 2503 2031 2860 2102; x_wconf 84' lang='grc' dir='ltr'>ἀδικούμενος</span> <span class='ocrx_word' id='word_1_275' title='bbox 2884 2031 3060 2096; x_wconf 81' lang='grc' dir='ltr'>δόξαν,</span> <span class='ocrx_word' id='word_1_276' title='bbox 3095 2030 3127 2099; x_wconf 76' lang='grc' dir='ltr'>ἦ</span> <span class='ocrx_word' id='word_1_277' title='bbox 3161 2028 3321 2098; x_wconf 83' lang='grc' dir='ltr'>φύσιν</span> <span class='ocrx_word' id='word_1_278' title='bbox 3353 2046 3366 2058; x_wconf 90' lang='grc'><strong>·</strong></span> <span class='ocrx_word' id='word_1_279' title='bbox 3404 2028 3520 2081; x_wconf 73' lang='grc' dir='ltr'>ἐστι</span> <span class='ocrx_word' id='word_1_280' title='bbox 3563 2030 3671 2098; x_wconf 78' lang='grc' dir='ltr'><strong>γὰρ</strong></span> <span class='ocrx_word' id='word_1_281' title='bbox 3707 2028 3792 2080; x_wconf 73' lang='grc' dir='ltr'><strong>ἔτι</strong></span> <span class='ocrx_word' id='word_1_282' title='bbox 3819 2028 3915 2082; x_wconf 80' lang='grc' dir='ltr'>καὶ</span> 
     </span>
    </p>
   </div>
   <div class='ocr_carea' id='block_1_41' title="bbox 2318 2120 3342 2190">
    <p class='ocr_par' dir='ltr' id='par_1_41' title="bbox 2318 2120 3342 2190">
     <span class='ocr_line' id='line_1_41' title="bbox 2318 2120 3342 2190; baseline -0.002 -14"><span class='ocrx_word' id='word_1_283' title='bbox 2318 2122 2461 2176; x_wconf 84' lang='grc' dir='ltr'>οῦτω</span> <span class='ocrx_word' id='word_1_284' title='bbox 2492 2123 2646 2188; x_wconf 82' lang='grc' dir='ltr'>Θεὸς,</span> <span class='ocrx_word' id='word_1_285' title='bbox 2678 2124 2774 2176; x_wconf 75' lang='grc' dir='ltr'>καὶ</span> <span class='ocrx_word' id='word_1_286' title='bbox 2801 2123 2910 2176; x_wconf 83' lang='grc' dir='ltr'>τῶν</span> <span class='ocrx_word' id='word_1_287' title='bbox 2935 2123 3073 2174; x_wconf 81' lang='grc' dir='ltr'>ὅλων</span> <span class='ocrx_word' id='word_1_288' title='bbox 3117 2120 3342 2190; x_wconf 85' lang='grc' dir='ltr'>Κύριος.</span> 
     </span>
    </p>
   </div>
   <div class='ocr_carea' id='block_1_42' title="bbox 637 2205 3908 2283">
    <p class='ocr_par' dir='ltr' id='par_1_42' title="bbox 637 2205 3908 2283">
     <span class='ocr_line' id='line_1_42' title="bbox 637 2205 3908 2283; baseline 0 -19"><span class='ocrx_word' id='word_1_289' title='bbox 637 2207 906 2264; x_wconf 84' lang='lat' dir='ltr'><strong>mensuris</strong></span> <span class='ocrx_word' id='word_1_290' title='bbox 935 2207 1095 2261; x_wconf 87' lang='lat' dir='ltr'><strong>simul</strong></span> <span class='ocrx_word' id='word_1_291' title='bbox 1158 2207 1448 2262; x_wconf 90' lang='lat' dir='ltr'><strong>admittit:</strong></span> <span class='ocrx_word' id='word_1_292' title='bbox 1503 2221 1677 2274; x_wconf 91' lang='lat' dir='ltr'><strong>neque</strong></span> <span class='ocrx_word' id='word_1_293' title='bbox 1705 2205 1873 2260; x_wconf 91' lang='lat' dir='ltr'><strong>ullum</strong></span> <span class='ocrx_word' id='word_1_294' title='bbox 1942 2208 2067 2262; x_wconf 90' lang='lat' dir='ltr'><strong>hinc</strong></span> <span class='ocrx_word' id='word_1_295' title='bbox 2105 2219 2282 2265; x_wconf 90' lang='lat' dir='ltr'><strong>tamen</strong></span> <span class='ocrx_word' id='word_1_296' title='bbox 2319 2214 2615 2267; x_wconf 90' lang='lat' dir='ltr'><strong>secundum</strong></span> <span class='ocrx_word' id='word_1_297' title='bbox 2668 2214 2940 2283; x_wconf 85' lang='lat' dir='ltr'><strong>propriam</strong></span> <span class='ocrx_word' id='word_1_298' title='bbox 2995 2221 3274 2277; x_wconf 86' lang='lat' dir='ltr'><strong>naturam,</strong></span> <span class='ocrx_word' id='word_1_299' title='bbox 3328 2208 3412 2266; x_wconf 88' lang='lat' dir='ltr'><strong>vel</strong></span> <span class='ocrx_word' id='word_1_300' title='bbox 3461 2210 3908 2282; x_wconf 79' lang='lat' dir='ltr'><strong>gloriam.detri-</strong></span> 
     </span>
    </p>
   </div>
   <div class='ocr_carea' id='block_1_43' title="bbox 638 2302 3088 2371">
    <p class='ocr_par' dir='ltr' id='par_1_43' title="bbox 638 2302 3088 2371">
     <span class='ocr_line' id='line_1_43' title="bbox 638 2302 3088 2371; baseline 0.001 -13"><span class='ocrx_word' id='word_1_301' title='bbox 638 2315 877 2359; x_wconf 89' lang='lat' dir='ltr'><strong>mentum</strong></span> <span class='ocrx_word' id='word_1_302' title='bbox 929 2302 1122 2371; x_wconf 89' lang='lat' dir='ltr'><strong>capit:</strong></span> <span class='ocrx_word' id='word_1_303' title='bbox 1162 2318 1243 2356; x_wconf 76' lang='grc' dir='ltr'><strong>εει</strong></span> <span class='ocrx_word' id='word_1_304' title='bbox 1285 2302 1432 2356; x_wconf 91' lang='lat' dir='ltr'><strong>enim</strong></span> <span class='ocrx_word' id='word_1_305' title='bbox 1485 2302 1665 2356; x_wconf 87' lang='lat' dir='ltr'><strong>adlmc</strong></span> <span class='ocrx_word' id='word_1_306' title='bbox 1701 2303 1868 2356; x_wconf 87' lang='lat' dir='ltr'><strong>etiam</strong></span> <span class='ocrx_word' id='word_1_307' title='bbox 1914 2304 2016 2358; x_wconf 90' lang='lat' dir='ltr'><strong>hoc</strong></span> <span class='ocrx_word' id='word_1_308' title='bbox 2051 2307 2212 2361; x_wconf 90' lang='lat' dir='ltr'><strong>modo</strong></span> <span class='ocrx_word' id='word_1_309' title='bbox 2252 2309 2392 2364; x_wconf 88' lang='lat' dir='ltr'><strong>Deus</strong></span> <span class='ocrx_word' id='word_1_310' title='bbox 2415 2325 2480 2364; x_wconf 87' lang='lat' dir='ltr'><strong>ac</strong></span> <span class='ocrx_word' id='word_1_311' title='bbox 2519 2310 2780 2365; x_wconf 85' lang='lat' dir='ltr'><strong>Dominus</strong></span> <span class='ocrx_word' id='word_1_312' title='bbox 2817 2309 3088 2364; x_wconf 90' lang='lat' dir='ltr'><strong>omnium.</strong></span> 
     </span>
    </p>
   </div>
   <div class='ocr_carea' id='block_1_44' title="bbox 1045 2417 1813 2477">
    <p class='ocr_par' dir='ltr' id='par_1_44' title="bbox 1045 2417 1813 2477">
     <span class='ocr_line' id='line_1_44' title="bbox 1045 2417 1813 2477; baseline 0.007 -5"><span class='ocrx_word' id='word_1_313' title='bbox 1045 2417 1690 2477; x_wconf 80' lang='lat' dir='ltr'><strong>ANATIIEMATISMUS</strong></span> <span class='ocrx_word' id='word_1_314' title='bbox 1725 2420 1813 2477; x_wconf 87' lang='grc' dir='ltr'>ιιι.</span> 
     </span>
    </p>
   </div>
   <div class='ocr_carea' id='block_1_45' title="bbox 708 2532 2213 2606">
    <p class='ocr_par' dir='ltr' id='par_1_45' title="bbox 708 2532 2213 2606">
     <span class='ocr_line' id='line_1_45' title="bbox 708 2532 2213 2606; baseline -0.001 -17"><span class='ocrx_word' id='word_1_315' title='bbox 708 2535 766 2590; x_wconf 89' lang='lat' dir='ltr'><strong>Si</strong></span> <span class='ocrx_word' id='word_1_316' title='bbox 795 2535 915 2604; x_wconf 89' lang='lat' dir='ltr'><strong>quis</strong></span> <span class='ocrx_word' id='word_1_317' title='bbox 952 2535 1004 2588; x_wconf 91' lang='lat' dir='ltr'><strong>in</strong></span> <span class='ocrx_word' id='word_1_318' title='bbox 1041 2547 1150 2587; x_wconf 89' lang='lat' dir='ltr'><strong>uno</strong></span> <span class='ocrx_word' id='word_1_319' title='bbox 1182 2532 1397 2588; x_wconf 85' lang='lat' dir='ltr'><strong>Christo</strong></span> <span class='ocrx_word' id='word_1_320' title='bbox 1429 2544 1551 2602; x_wconf 90' lang='lat' dir='ltr'><strong>post</strong></span> <span class='ocrx_word' id='word_1_321' title='bbox 1589 2534 1844 2589; x_wconf 85' lang='lat' dir='ltr'><strong>unionem</strong></span> <span class='ocrx_word' id='word_1_322' title='bbox 1885 2533 2078 2588; x_wconf 84' lang='lat' dir='ltr'><strong>dividit</strong></span> <span class='ocrx_word' id='word_1_323' title='bbox 2112 2537 2213 2606; x_wconf 84' lang='lat' dir='ltr'><strong>hy-</strong></span> 
     </span>
    </p>
   </div>
   <div class='ocr_carea' id='block_1_46' title="bbox 637 2626 2219 2697">
    <p class='ocr_par' dir='ltr' id='par_1_46' title="bbox 637 2626 2219 2697">
     <span class='ocr_line' id='line_1_46' title="bbox 637 2626 2219 2697; baseline 0.001 -17"><span class='ocrx_word' id='word_1_324' title='bbox 637 2637 905 2697; x_wconf 86' lang='lat' dir='ltr'><strong>postases,</strong></span> <span class='ocrx_word' id='word_1_325' title='bbox 945 2626 1202 2694; x_wconf 84' lang='lat' dir='ltr'><strong>ipsasque</strong></span> <span class='ocrx_word' id='word_1_326' title='bbox 1250 2639 1312 2677; x_wconf 89' lang='lat' dir='ltr'><strong>ea</strong></span> <span class='ocrx_word' id='word_1_327' title='bbox 1370 2633 1577 2678; x_wconf 89' lang='lat' dir='ltr'><strong>tantum</strong></span> <span class='ocrx_word' id='word_1_328' title='bbox 1627 2626 2017 2695; x_wconf 85' lang='lat' dir='ltr'><strong>conjunctione</strong></span> <span class='ocrx_word' id='word_1_329' title='bbox 2076 2627 2219 2682; x_wconf 89' lang='lat' dir='ltr'><strong>inter</strong></span> 
     </span>
    </p>
   </div>
   <div class='ocr_carea' id='block_1_47' title="bbox 638 2716 2219 2785">
    <p class='ocr_par' dir='ltr' id='par_1_47' title="bbox 638 2716 2219 2785">
     <span class='ocr_line' id='line_1_47' title="bbox 638 2716 2219 2785; baseline 0 -12"><span class='ocrx_word' id='word_1_330' title='bbox 638 2734 696 2773; x_wconf 92' lang='lat' dir='ltr'><strong>se</strong></span> <span class='ocrx_word' id='word_1_331' title='bbox 723 2716 1017 2778; x_wconf 91' lang='lat' dir='ltr'><strong>connectit,</strong></span> <span class='ocrx_word' id='word_1_332' title='bbox 1041 2729 1159 2783; x_wconf 71' lang='lat' dir='ltr'><strong>quae</strong></span> <span class='ocrx_word' id='word_1_333' title='bbox 1181 2724 1264 2768; x_wconf 88' lang='lat' dir='ltr'><strong>est</strong></span> <span class='ocrx_word' id='word_1_334' title='bbox 1294 2717 1592 2770; x_wconf 91' lang='lat' dir='ltr'><strong>secundum</strong></span> <span class='ocrx_word' id='word_1_335' title='bbox 1625 2716 1962 2785; x_wconf 78' lang='lat' dir='ltr'><strong>dignitatem,</strong></span> <span class='ocrx_word' id='word_1_336' title='bbox 2015 2719 2117 2772; x_wconf 89' lang='lat' dir='ltr'><strong>hoc</strong></span> <span class='ocrx_word' id='word_1_337' title='bbox 2137 2731 2219 2774; x_wconf 91' lang='lat' dir='ltr'><strong>est</strong></span> 
     </span>
    </p>
   </div>
   <div class='ocr_carea' id='block_1_48' title="bbox 637 2805 2216 2876">
    <p class='ocr_par' dir='ltr' id='par_1_48' title="bbox 637 2805 2216 2876">
     <span class='ocr_line' id='line_1_48' title="bbox 637 2805 2216 2876; baseline 0.001 -14"><span class='ocrx_word' id='word_1_338' title='bbox 637 2811 1039 2870; x_wconf 85' lang='lat' dir='ltr'><strong>auctoritatem,</strong></span> <span class='ocrx_word' id='word_1_339' title='bbox 1096 2805 1180 2859; x_wconf 91' lang='lat' dir='ltr'><strong>vel</strong></span> <span class='ocrx_word' id='word_1_340' title='bbox 1238 2816 1583 2875; x_wconf 86' lang='lat' dir='ltr'><strong>potestatem,</strong></span> <span class='ocrx_word' id='word_1_341' title='bbox 1634 2818 1692 2861; x_wconf 94' lang='lat' dir='ltr'><strong>et</strong></span> <span class='ocrx_word' id='word_1_342' title='bbox 1752 2824 1856 2862; x_wconf 91' lang='lat' dir='ltr'><strong>non</strong></span> <span class='ocrx_word' id='word_1_343' title='bbox 1910 2823 1975 2862; x_wconf 92' lang='lat' dir='ltr'><strong>eo</strong></span> <span class='ocrx_word' id='word_1_344' title='bbox 2039 2812 2216 2876; x_wconf 91' lang='lat' dir='ltr'><strong>potius</strong></span> 
     </span>
    </p>
   </div>
   <div class='ocr_carea' id='block_1_49' title="bbox 637 2899 2213 2967">
    <p class='ocr_par' dir='ltr' id='par_1_49' title="bbox 637 2899 2213 2967">
     <span class='ocr_line' id='line_1_49' title="bbox 637 2899 2213 2967; baseline -0.002 -11"><span class='ocrx_word' id='word_1_345' title='bbox 637 2915 924 2963; x_wconf 86' lang='lat' dir='ltr'><strong>concursu,</strong></span> <span class='ocrx_word' id='word_1_346' title='bbox 951 2899 1041 2967; x_wconf 89' lang='lat' dir='ltr'><strong>qui</strong></span> <span class='ocrx_word' id='word_1_347' title='bbox 1092 2907 1175 2952; x_wconf 89' lang='lat' dir='ltr'><strong>est</strong></span> <span class='ocrx_word' id='word_1_348' title='bbox 1213 2899 1510 2951; x_wconf 85' lang='lat' dir='ltr'><strong>secundum</strong></span> <span class='ocrx_word' id='word_1_349' title='bbox 1571 2900 1877 2954; x_wconf 87' lang='lat' dir='ltr'><strong>naturalem</strong></span> <span class='ocrx_word' id='word_1_350' title='bbox 1911 2901 2162 2956; x_wconf 89' lang='lat' dir='ltr'><strong>unionem</strong></span> <span class='ocrx_word' id='word_1_351' title='bbox 2200 2919 2213 2953; x_wconf 89' lang='lat'><strong>:</strong></span> 
     </span>
    </p>
   </div>
   <div class='ocr_carea' id='block_1_50' title="bbox 639 2989 1046 3044">
    <p class='ocr_par' dir='ltr' id='par_1_50' title="bbox 639 2989 1046 3044">
     <span class='ocr_line' id='line_1_50' title="bbox 639 2989 1046 3044; baseline -0.007 -1"><span class='ocrx_word' id='word_1_352' title='bbox 639 2991 926 3044; x_wconf 84' lang='lat' dir='ltr'><strong>anathema</strong></span> <span class='ocrx_word' id='word_1_353' title='bbox 959 2989 1046 3042; x_wconf 91' lang='lat' dir='ltr'><strong>sit.</strong></span> 
     </span>
    </p>
   </div>
   <div class='ocr_carea' id='block_1_51' title="bbox 1188 3100 1700 3156">
    <p class='ocr_par' dir='ltr' id='par_1_51' title="bbox 1188 3100 1700 3156">
     <span class='ocr_line' id='line_1_51' title="bbox 1188 3100 1700 3156; baseline 0.006 -3"><span class='ocrx_word' id='word_1_354' title='bbox 1188 3100 1486 3155; x_wconf 78' lang='lat' dir='ltr'><strong>Declaralio</strong></span> <span class='ocrx_word' id='word_1_355' title='bbox 1523 3104 1700 3156; x_wconf 80' lang='lat' dir='ltr'><strong>tertia.</strong></span> 
     </span>
    </p>
   </div>
   <div class='ocr_carea' id='block_1_52' title="bbox 712 3213 2218 3288">
    <p class='ocr_par' dir='ltr' id='par_1_52' title="bbox 712 3213 2218 3288">
     <span class='ocr_line' id='line_1_52' title="bbox 712 3213 2218 3288; baseline 0.004 -19"><span class='ocrx_word' id='word_1_356' title='bbox 712 3216 981 3270; x_wconf 85' lang='lat' dir='ltr'><strong>lncarnati</strong></span> <span class='ocrx_word' id='word_1_357' title='bbox 1042 3213 1314 3285; x_wconf 72' lang='lat' dir='ltr'><strong>Uuigeniti</strong></span> <span class='ocrx_word' id='word_1_358' title='bbox 1379 3215 1833 3284; x_wconf 78' lang='lat' dir='ltr'><strong>dispensatorium</strong></span> <span class='ocrx_word' id='word_1_359' title='bbox 1905 3221 2218 3288; x_wconf 88' lang='lat' dir='ltr'><strong>mysterium</strong></span> 
     </span>
    </p>
   </div>
   <div class='ocr_carea' id='block_1_53' title="bbox 641 3300 2219 3372">
    <p class='ocr_par' dir='ltr' id='par_1_53' title="bbox 641 3300 2219 3372">
     <span class='ocr_line' id='line_1_53' title="bbox 641 3300 2219 3372; baseline 0 -14"><span class='ocrx_word' id='word_1_360' title='bbox 641 3315 891 3359; x_wconf 85' lang='lat' dir='ltr'><strong>accurate</strong></span> <span class='ocrx_word' id='word_1_361' title='bbox 914 3303 1272 3372; x_wconf 88' lang='lat' dir='ltr'><strong>inquirentes,</strong></span> <span class='ocrx_word' id='word_1_362' title='bbox 1300 3301 1396 3356; x_wconf 91' lang='lat' dir='ltr'><strong>Dei</strong></span> <span class='ocrx_word' id='word_1_363' title='bbox 1435 3300 1614 3357; x_wconf 88' lang='lat' dir='ltr'><strong>Patris</strong></span> <span class='ocrx_word' id='word_1_364' title='bbox 1644 3302 1881 3358; x_wconf 82' lang='lat' dir='ltr'><strong>Verbum</strong></span> <span class='ocrx_word' id='word_1_365' title='bbox 1907 3304 2219 3359; x_wconf 85' lang='lat' dir='ltr'><strong>admirabili</strong></span> 
     </span>
    </p>
   </div>
   <div class='ocr_carea' id='block_1_54' title="bbox 644 3395 2218 3466">
    <p class='ocr_par' dir='ltr' id='par_1_54' title="bbox 644 3395 2218 3466">
     <span class='ocr_line' id='line_1_54' title="bbox 644 3395 2218 3466; baseline -0.001 -14"><span class='ocrx_word' id='word_1_366' title='bbox 644 3395 1116 3466; x_wconf 72' lang='lat' dir='ltr'><strong>inexplicabilique</strong></span> <span class='ocrx_word' id='word_1_367' title='bbox 1177 3395 1358 3460; x_wconf 86' lang='lat' dir='ltr'><strong>modo,</strong></span> <span class='ocrx_word' id='word_1_368' title='bbox 1419 3404 1613 3450; x_wconf 81' lang='lat' dir='ltr'><strong>sancto</strong></span> <span class='ocrx_word' id='word_1_369' title='bbox 1683 3396 1898 3466; x_wconf 90' lang='lat' dir='ltr'><strong>corpori</strong></span> <span class='ocrx_word' id='word_1_370' title='bbox 1980 3398 2218 3451; x_wconf 88' lang='lat' dir='ltr'><strong>animam</strong></span> 
     </span>
    </p>
   </div>
   <div class='ocr_carea' id='block_1_55' title="bbox 645 3486 2222 3558">
    <p class='ocr_par' dir='ltr' id='par_1_55' title="bbox 645 3486 2222 3558">
     <span class='ocr_line' id='line_1_55' title="bbox 645 3486 2222 3558; baseline 0.001 -16"><span class='ocrx_word' id='word_1_371' title='bbox 645 3489 872 3544; x_wconf 85' lang='lat' dir='ltr'><strong>rationis</strong></span> <span class='ocrx_word' id='word_1_372' title='bbox 902 3497 1208 3557; x_wconf 86' lang='lat' dir='ltr'><strong>compotem</strong></span> <span class='ocrx_word' id='word_1_373' title='bbox 1248 3486 1469 3542; x_wconf 85' lang='lat' dir='ltr'><strong>habenti</strong></span> <span class='ocrx_word' id='word_1_374' title='bbox 1515 3487 1723 3542; x_wconf 91' lang='lat' dir='ltr'><strong>unitum</strong></span> <span class='ocrx_word' id='word_1_375' title='bbox 1747 3489 2025 3555; x_wconf 82' lang='lat' dir='ltr'><strong>dicimus;</strong></span> <span class='ocrx_word' id='word_1_376' title='bbox 2059 3499 2222 3558; x_wconf 87' lang='lat' dir='ltr'><strong>atque</strong></span> 
     </span>
    </p>
   </div>
   <div class='ocr_carea' id='block_1_56' title="bbox 644 3579 2222 3652">
    <p class='ocr_par' dir='ltr' id='par_1_56' title="bbox 644 3579 2222 3652">
     <span class='ocr_line' id='line_1_56' title="bbox 644 3579 2222 3652; baseline 0 -16"><span class='ocrx_word' id='word_1_377' title='bbox 644 3586 714 3636; x_wconf 88' lang='lat' dir='ltr'><strong>ita</strong></span> <span class='ocrx_word' id='word_1_378' title='bbox 738 3597 949 3652; x_wconf 87' lang='lat' dir='ltr'><strong>quoque</strong></span> <span class='ocrx_word' id='word_1_379' title='bbox 982 3597 1146 3637; x_wconf 91' lang='lat' dir='ltr'><strong>unum</strong></span> <span class='ocrx_word' id='word_1_380' title='bbox 1186 3594 1306 3635; x_wconf 87' lang='lat' dir='ltr'><strong>esse</strong></span> <span class='ocrx_word' id='word_1_381' title='bbox 1339 3579 1537 3634; x_wconf 87' lang='lat' dir='ltr'><strong>Filium</strong></span> <span class='ocrx_word' id='word_1_382' title='bbox 1565 3580 1940 3651; x_wconf 80' lang='lat' dir='ltr'><strong>intelligimus;</strong></span> <span class='ocrx_word' id='word_1_383' title='bbox 1961 3583 2222 3651; x_wconf 87' lang='lat' dir='ltr'><strong>quemad-</strong></span> 
     </span>
    </p>
   </div>
   <div class='ocr_carea' id='block_1_57' title="bbox 645 3672 2216 3742">
    <p class='ocr_par' dir='ltr' id='par_1_57' title="bbox 645 3672 2216 3742">
     <span class='ocr_line' id='line_1_57' title="bbox 645 3672 2216 3742; baseline -0.001 -14"><span class='ocrx_word' id='word_1_384' title='bbox 645 3675 861 3730; x_wconf 90' lang='lat' dir='ltr'><strong>modum</strong></span> <span class='ocrx_word' id='word_1_385' title='bbox 895 3674 1148 3728; x_wconf 81' lang='lat' dir='ltr'><strong>nimirum</strong></span> <span class='ocrx_word' id='word_1_386' title='bbox 1195 3679 1248 3727; x_wconf 92' lang='lat' dir='ltr'><strong>et</strong></span> <span class='ocrx_word' id='word_1_387' title='bbox 1290 3672 1343 3725; x_wconf 92' lang='lat' dir='ltr'><strong>in</strong></span> <span class='ocrx_word' id='word_1_388' title='bbox 1389 3672 1546 3728; x_wconf 92' lang='lat' dir='ltr'><strong>nobis</strong></span> <span class='ocrx_word' id='word_1_389' title='bbox 1593 3672 1724 3742; x_wconf 88' lang='lat' dir='ltr'><strong>ipsis</strong></span> <span class='ocrx_word' id='word_1_390' title='bbox 1779 3688 2004 3729; x_wconf 90' lang='lat' dir='ltr'><strong>cernere</strong></span> <span class='ocrx_word' id='word_1_391' title='bbox 2061 3673 2216 3728; x_wconf 86' lang='lat' dir='ltr'><strong>licet:</strong></span> 
     </span>
    </p>
   </div>
   <div class='ocr_carea' id='block_1_58' title="bbox 645 3764 2222 3832">
    <p class='ocr_par' dir='ltr' id='par_1_58' title="bbox 645 3764 2222 3832">
     <span class='ocr_line' id='line_1_58' title="bbox 645 3764 2222 3832; baseline -0.001 -10"><span class='ocrx_word' id='word_1_392' title='bbox 645 3777 775 3822; x_wconf 88' lang='lat' dir='ltr'><strong>sunt</strong></span> <span class='ocrx_word' id='word_1_393' title='bbox 805 3780 934 3821; x_wconf 86' lang='lat' dir='ltr'><strong>sane</strong></span> <span class='ocrx_word' id='word_1_394' title='bbox 967 3765 1145 3819; x_wconf 87' lang='lat' dir='ltr'><strong>anima</strong></span> <span class='ocrx_word' id='word_1_395' title='bbox 1200 3773 1254 3817; x_wconf 91' lang='lat' dir='ltr'><strong>et</strong></span> <span class='ocrx_word' id='word_1_396' title='bbox 1300 3778 1496 3832; x_wconf 89' lang='lat' dir='ltr'><strong>corpus</strong></span> <span class='ocrx_word' id='word_1_397' title='bbox 1523 3773 1730 3818; x_wconf 80' lang='lat' dir='ltr'><strong>natura:</strong></span> <span class='ocrx_word' id='word_1_398' title='bbox 1761 3764 2007 3832; x_wconf 64' lang='lat' dir='ltr'><strong>diversae,</strong></span> <span class='ocrx_word' id='word_1_399' title='bbox 2032 3773 2088 3820; x_wconf 87' lang='lat' dir='ltr'><strong>at</strong></span> <span class='ocrx_word' id='word_1_400' title='bbox 2118 3766 2222 3820; x_wconf 92' lang='lat' dir='ltr'><strong>duo</strong></span> 
     </span>
    </p>
   </div>
   <div class='ocr_carea' id='block_1_59' title="bbox 646 3855 2221 3924">
    <p class='ocr_par' dir='ltr' id='par_1_59' title="bbox 646 3855 2221 3924">
     <span class='ocr_line' id='line_1_59' title="bbox 646 3855 2221 3924; baseline 0 -12"><span class='ocrx_word' id='word_1_401' title='bbox 646 3861 759 3914; x_wconf 74' lang='lat' dir='ltr'><strong>hazc</strong></span> <span class='ocrx_word' id='word_1_402' title='bbox 795 3862 937 3912; x_wconf 91' lang='lat' dir='ltr'><strong>inter</strong></span> <span class='ocrx_word' id='word_1_403' title='bbox 985 3873 1043 3911; x_wconf 89' lang='lat' dir='ltr'><strong>se</strong></span> <span class='ocrx_word' id='word_1_404' title='bbox 1077 3855 1364 3924; x_wconf 82' lang='lat' dir='ltr'><strong>conjuncta</strong></span> <span class='ocrx_word' id='word_1_405' title='bbox 1415 3870 1582 3908; x_wconf 90' lang='lat' dir='ltr'><strong>unum</strong></span> <span class='ocrx_word' id='word_1_406' title='bbox 1632 3856 1836 3909; x_wconf 86' lang='lat' dir='ltr'><strong>animal</strong></span> <span class='ocrx_word' id='word_1_407' title='bbox 1864 3859 2221 3912; x_wconf 89' lang='lat' dir='ltr'><strong>constituunt.</strong></span> 
     </span>
    </p>
   </div>
   <div class='ocr_carea' id='block_1_60' title="bbox 646 3946 2221 4016">
    <p class='ocr_par' dir='ltr' id='par_1_60' title="bbox 646 3946 2221 4016">
     <span class='ocr_line' id='line_1_60' title="bbox 646 3946 2221 4016; baseline -0.002 -12"><span class='ocrx_word' id='word_1_408' title='bbox 646 3951 842 4004; x_wconf 82' lang='lat' dir='ltr'><strong>Verum</strong></span> <span class='ocrx_word' id='word_1_409' title='bbox 883 3958 1008 4004; x_wconf 90' lang='lat' dir='ltr'><strong>sunt</strong></span> <span class='ocrx_word' id='word_1_410' title='bbox 1049 3948 1138 4016; x_wconf 85' lang='lat' dir='ltr'><strong>qui</strong></span> <span class='ocrx_word' id='word_1_411' title='bbox 1168 3948 1325 4000; x_wconf 87' lang='lat' dir='ltr'><strong>aliter</strong></span> <span class='ocrx_word' id='word_1_412' title='bbox 1361 3947 1475 4000; x_wconf 62' lang='lat' dir='ltr'><strong>hac</strong></span> <span class='ocrx_word' id='word_1_413' title='bbox 1510 3946 1712 4000; x_wconf 87' lang='lat' dir='ltr'><strong>habere</strong></span> <span class='ocrx_word' id='word_1_414' title='bbox 1748 3946 2059 4014; x_wconf 87' lang='lat' dir='ltr'><strong>opinantur.</strong></span> <span class='ocrx_word' id='word_1_415' title='bbox 2093 3946 2221 4001; x_wconf 88' lang='lat' dir='ltr'><strong>Sta-</strong></span> 
     </span>
    </p>
   </div>
   <div class='ocr_carea' id='block_1_61' title="bbox 647 4041 2224 4110">
    <p class='ocr_par' dir='ltr' id='par_1_61' title="bbox 647 4041 2224 4110">
     <span class='ocr_line' id='line_1_61' title="bbox 647 4041 2224 4110; baseline -0.001 -14"><span class='ocrx_word' id='word_1_416' title='bbox 647 4053 802 4096; x_wconf 85' lang='lat' dir='ltr'><strong>luunt</strong></span> <span class='ocrx_word' id='word_1_417' title='bbox 852 4041 903 4095; x_wconf 87' lang='lat' dir='ltr'><strong>bi</strong></span> <span class='ocrx_word' id='word_1_418' title='bbox 959 4042 1111 4095; x_wconf 85' lang='lat' dir='ltr'><strong>nobis</strong></span> <span class='ocrx_word' id='word_1_419' title='bbox 1147 4041 1424 4095; x_wconf 84' lang='lat' dir='ltr'><strong>hominem</strong></span> <span class='ocrx_word' id='word_1_420' title='bbox 1480 4051 1724 4092; x_wconf 89' lang='lat' dir='ltr'><strong>seorsum</strong></span> <span class='ocrx_word' id='word_1_421' title='bbox 1759 4052 1855 4107; x_wconf 91' lang='lat' dir='ltr'><strong>per</strong></span> <span class='ocrx_word' id='word_1_422' title='bbox 1884 4052 1964 4103; x_wconf 88' lang='lat' dir='ltr'><strong>se,</strong></span> <span class='ocrx_word' id='word_1_423' title='bbox 1990 4054 2224 4110; x_wconf 87' lang='lat' dir='ltr'><strong>eumque</strong></span> 
     </span>
    </p>
   </div>
   <div class='ocr_carea' id='block_1_62' title="bbox 647 4129 2225 4200">
    <p class='ocr_par' dir='ltr' id='par_1_62' title="bbox 647 4129 2225 4200">
     <span class='ocr_line' id='line_1_62' title="bbox 647 4129 2225 4200; baseline -0.001 -13"><span class='ocrx_word' id='word_1_424' title='bbox 647 4134 738 4187; x_wconf 91' lang='lat' dir='ltr'><strong>Dci</strong></span> <span class='ocrx_word' id='word_1_425' title='bbox 762 4131 936 4186; x_wconf 82' lang='lat' dir='ltr'><strong>Patris</strong></span> <span class='ocrx_word' id='word_1_426' title='bbox 977 4131 1153 4186; x_wconf 80' lang='lat' dir='ltr'><strong>Verbo</strong></span> <span class='ocrx_word' id='word_1_427' title='bbox 1193 4131 1488 4186; x_wconf 83' lang='lat' dir='ltr'><strong>secundum</strong></span> <span class='ocrx_word' id='word_1_428' title='bbox 1523 4129 1694 4184; x_wconf 88' lang='lat' dir='ltr'><strong>solam</strong></span> <span class='ocrx_word' id='word_1_429' title='bbox 1734 4130 2053 4200; x_wconf 75' lang='lat' dir='ltr'><strong>dignitatem</strong></span> <span class='ocrx_word' id='word_1_430' title='bbox 2109 4131 2225 4187; x_wconf 89' lang='lat' dir='ltr'><strong>sive</strong></span> 
     </span>
    </p>
   </div>
   <div class='ocr_carea' id='block_1_63' title="bbox 645 4222 2225 4293">
    <p class='ocr_par' dir='ltr' id='par_1_63' title="bbox 645 4222 2225 4293">
     <span class='ocr_line' id='line_1_63' title="bbox 645 4222 2225 4293; baseline -0.001 -15"><span class='ocrx_word' id='word_1_431' title='bbox 645 4225 1028 4278; x_wconf 87' lang='lat' dir='ltr'><strong>auctoritatem</strong></span> <span class='ocrx_word' id='word_1_432' title='bbox 1081 4223 1429 4293; x_wconf 88' lang='lat' dir='ltr'><strong>conjunctum</strong></span> <span class='ocrx_word' id='word_1_433' title='bbox 1463 4223 1652 4276; x_wconf 91' lang='lat' dir='ltr'><strong>dicunt</strong></span> <span class='ocrx_word' id='word_1_434' title='bbox 1687 4238 1702 4288; x_wconf 91' lang='lat'><strong>;</strong></span> <span class='ocrx_word' id='word_1_435' title='bbox 1745 4222 2039 4277; x_wconf 87' lang='lat' dir='ltr'><strong>secundum</strong></span> <span class='ocrx_word' id='word_1_436' title='bbox 2069 4232 2225 4277; x_wconf 89' lang='lat' dir='ltr'><strong>natu-</strong></span> 
     </span>
    </p>
   </div>
   <div class='ocr_carea' id='block_1_64' title="bbox 645 4315 2225 4380">
    <p class='ocr_par' dir='ltr' id='par_1_64' title="bbox 645 4315 2225 4380">
     <span class='ocr_line' id='line_1_64' title="bbox 645 4315 2225 4380; baseline -0.002 -9"><span class='ocrx_word' id='word_1_437' title='bbox 645 4318 811 4371; x_wconf 89' lang='lat' dir='ltr'><strong>ralem</strong></span> <span class='ocrx_word' id='word_1_438' title='bbox 865 4326 1066 4377; x_wconf 86' lang='lat' dir='ltr'><strong>autem,</strong></span> <span class='ocrx_word' id='word_1_439' title='bbox 1125 4315 1228 4368; x_wconf 92' lang='lat' dir='ltr'><strong>hoc</strong></span> <span class='ocrx_word' id='word_1_440' title='bbox 1271 4324 1375 4380; x_wconf 92' lang='lat' dir='ltr'><strong>est,</strong></span> <span class='ocrx_word' id='word_1_441' title='bbox 1436 4330 1616 4368; x_wconf 87' lang='lat' dir='ltr'><strong>veram</strong></span> <span class='ocrx_word' id='word_1_442' title='bbox 1643 4315 1922 4378; x_wconf 87' lang='lat' dir='ltr'><strong>unionem,</strong></span> <span class='ocrx_word' id='word_1_443' title='bbox 1949 4323 2003 4369; x_wconf 93' lang='lat' dir='ltr'><strong>et</strong></span> <span class='ocrx_word' id='word_1_444' title='bbox 2029 4323 2089 4367; x_wconf 91' lang='lat' dir='ltr'><strong>ut</strong></span> <span class='ocrx_word' id='word_1_445' title='bbox 2129 4330 2225 4368; x_wconf 88' lang='lat' dir='ltr'><strong>nos</strong></span> 
     </span>
    </p>
   </div>
   <div class='ocr_carea' id='block_1_65' title="bbox 644 4403 2226 4476">
    <p class='ocr_par' dir='ltr' id='par_1_65' title="bbox 644 4403 2226 4476">
     <span class='ocr_line' id='line_1_65' title="bbox 644 4403 2226 4476; baseline -0.003 -14"><span class='ocrx_word' id='word_1_446' title='bbox 644 4409 933 4472; x_wconf 84' lang='lat' dir='ltr'><strong>credimus,</strong></span> <span class='ocrx_word' id='word_1_447' title='bbox 967 4421 1331 4476; x_wconf 85' lang='lat' dir='ltr'><strong>nequaquam.</strong></span> <span class='ocrx_word' id='word_1_448' title='bbox 1378 4403 1512 4459; x_wconf 83' lang='lat' dir='ltr'><strong>Nam</strong></span> <span class='ocrx_word' id='word_1_449' title='bbox 1556 4405 1630 4459; x_wconf 86' lang='lat' dir='ltr'><strong>ita</strong></span> <span class='ocrx_word' id='word_1_450' title='bbox 1661 4407 1825 4460; x_wconf 90' lang='lat' dir='ltr'><strong>etiam</strong></span> <span class='ocrx_word' id='word_1_451' title='bbox 1866 4407 2044 4459; x_wconf 90' lang='lat' dir='ltr'><strong>divina</strong></span> <span class='ocrx_word' id='word_1_452' title='bbox 2077 4406 2226 4459; x_wconf 88' lang='lat' dir='ltr'><strong>Scri-</strong></span> 
     </span>
    </p>
   </div>
   <div class='ocr_carea' id='block_1_66' title="bbox 647 4497 2224 4570">
    <p class='ocr_par' dir='ltr' id='par_1_66' title="bbox 647 4497 2224 4570">
     <span class='ocr_line' id='line_1_66' title="bbox 647 4497 2224 4570; baseline -0.001 -18"><span class='ocrx_word' id='word_1_453' title='bbox 647 4510 801 4570; x_wconf 84' lang='lat' dir='ltr'><strong>ptura</strong></span> <span class='ocrx_word' id='word_1_454' title='bbox 828 4501 994 4554; x_wconf 89' lang='lat' dir='ltr'><strong>dicit:</strong></span> <span class='ocrx_word' id='word_1_455' title='bbox 1035 4518 1051 4550; x_wconf 77' lang='grc' dir='ltr'><strong>ι</strong></span> <span class='ocrx_word' id='word_1_456' title='bbox 1088 4499 1152 4551; x_wconf 79' lang='lat' dir='ltr'><strong>Et</strong></span> <span class='ocrx_word' id='word_1_457' title='bbox 1181 4513 1404 4552; x_wconf 91' lang='lat' dir='ltr'><strong>eramus</strong></span> <span class='ocrx_word' id='word_1_458' title='bbox 1444 4508 1633 4551; x_wconf 87' lang='lat' dir='ltr'><strong>natura</strong></span> <span class='ocrx_word' id='word_1_459' title='bbox 1684 4497 1777 4550; x_wconf 86' lang='lat' dir='ltr'><strong>lilii</strong></span> <span class='ocrx_word' id='word_1_460' title='bbox 1817 4499 1933 4562; x_wconf 76' lang='lat' dir='ltr'><strong>irae,</strong></span> <span class='ocrx_word' id='word_1_461' title='bbox 1980 4497 2124 4551; x_wconf 87' lang='lat' dir='ltr'><strong>sicut</strong></span> <span class='ocrx_word' id='word_1_462' title='bbox 2169 4507 2224 4550; x_wconf 93' lang='lat' dir='ltr'><strong>et</strong></span> 
     </span>
    </p>
   </div>
   <div class='ocr_carea' id='block_1_67' title="bbox 647 4589 2219 4658">
    <p class='ocr_par' dir='ltr' id='par_1_67' title="bbox 647 4589 2219 4658">
     <span class='ocr_line' id='line_1_67' title="bbox 647 4589 2219 4658; baseline -0.003 -11"><span class='ocrx_word' id='word_1_463' title='bbox 647 4595 831 4649; x_wconf 60' lang='grc' dir='ltr'>ταξιοιί</span> <span class='ocrx_word' id='word_1_464' title='bbox 861 4595 904 4626; x_wconf 85' lang='grc'><strong>¹³</strong></span> <span class='ocrx_word' id='word_1_465' title='bbox 939 4609 952 4656; x_wconf 90' lang='lat'><strong>;</strong></span> <span class='ocrx_word' id='word_1_466' title='bbox 989 4612 1006 4646; x_wconf 81' lang='grc' dir='ltr'><strong>ι</strong></span> <span class='ocrx_word' id='word_1_467' title='bbox 1045 4592 1195 4658; x_wconf 89' lang='lat' dir='ltr'><strong>illud,</strong></span> <span class='ocrx_word' id='word_1_468' title='bbox 1229 4601 1441 4656; x_wconf 82' lang='lat' dir='ltr'><strong>natura,</strong></span> <span class='ocrx_word' id='word_1_469' title='bbox 1491 4603 1715 4644; x_wconf 90' lang='lat' dir='ltr'><strong>sumens</strong></span> <span class='ocrx_word' id='word_1_470' title='bbox 1753 4603 1873 4658; x_wconf 91' lang='lat' dir='ltr'><strong>pro,</strong></span> <span class='ocrx_word' id='word_1_471' title='bbox 1932 4604 2078 4643; x_wconf 89' lang='lat' dir='ltr'><strong>vere.</strong></span> <span class='ocrx_word' id='word_1_472' title='bbox 2119 4589 2219 4655; x_wconf 89' lang='lat' dir='ltr'><strong>Qui</strong></span> 
     </span>
    </p>
   </div>
   <div class='ocr_carea' id='block_1_68' title="bbox 649 4679 2224 4754">
    <p class='ocr_par' dir='ltr' id='par_1_68' title="bbox 649 4679 2224 4754">
     <span class='ocr_line' id='line_1_68' title="bbox 649 4679 2224 4754; baseline -0.004 -15"><span class='ocrx_word' id='word_1_473' title='bbox 649 4689 828 4754; x_wconf 75' lang='lat' dir='ltr'><strong>itaque</strong></span> <span class='ocrx_word' id='word_1_474' title='bbox 897 4683 1276 4738; x_wconf 79' lang='lat' dir='ltr'><strong>subsistentias</strong></span> <span class='ocrx_word' id='word_1_475' title='bbox 1346 4690 1466 4751; x_wconf 90' lang='lat' dir='ltr'><strong>post</strong></span> <span class='ocrx_word' id='word_1_476' title='bbox 1531 4680 1783 4734; x_wconf 90' lang='lat' dir='ltr'><strong>unionem</strong></span> <span class='ocrx_word' id='word_1_477' title='bbox 1843 4679 2111 4745; x_wconf 89' lang='lat' dir='ltr'><strong>dividunt,</strong></span> <span class='ocrx_word' id='word_1_478' title='bbox 2169 4689 2224 4732; x_wconf 90' lang='lat' dir='ltr'><strong>et</strong></span> 
     </span>
    </p>
   </div>
   <div class='ocr_carea' id='block_1_69' title="bbox 647 4772 2219 4845">
    <p class='ocr_par' dir='ltr' id='par_1_69' title="bbox 647 4772 2219 4845">
     <span class='ocr_line' id='line_1_69' title="bbox 647 4772 2219 4845; baseline -0.004 -14"><span class='ocrx_word' id='word_1_479' title='bbox 647 4777 907 4845; x_wconf 80' lang='lat' dir='ltr'><strong>singulas,</strong></span> <span class='ocrx_word' id='word_1_480' title='bbox 953 4777 1052 4828; x_wconf 87' lang='lat' dir='ltr'><strong>hoc</strong></span> <span class='ocrx_word' id='word_1_481' title='bbox 1104 4786 1206 4838; x_wconf 74' lang='grc' dir='ltr'>εει,</span> <span class='ocrx_word' id='word_1_482' title='bbox 1267 4774 1432 4826; x_wconf 88' lang='lat' dir='ltr'><strong>Deum</strong></span> <span class='ocrx_word' id='word_1_483' title='bbox 1479 4782 1533 4826; x_wconf 87' lang='lat' dir='ltr'><strong>et</strong></span> <span class='ocrx_word' id='word_1_484' title='bbox 1585 4773 1882 4836; x_wconf 89' lang='lat' dir='ltr'><strong>hominem,</strong></span> <span class='ocrx_word' id='word_1_485' title='bbox 1929 4772 2219 4841; x_wconf 82' lang='lat' dir='ltr'><strong>separatim</strong></span> 
     </span>
    </p>
   </div>
   <div class='ocr_carea' id='block_1_70' title="bbox 647 4865 2220 4940">
    <p class='ocr_par' dir='ltr' id='par_1_70' title="bbox 647 4865 2220 4940">
     <span class='ocr_line' id='line_1_70' title="bbox 647 4865 2220 4940; baseline -0.004 -16"><span class='ocrx_word' id='word_1_486' title='bbox 647 4881 872 4940; x_wconf 84' lang='lat' dir='ltr'><strong>pcnunt,</strong></span> <span class='ocrx_word' id='word_1_487' title='bbox 903 4868 1174 4936; x_wconf 86' lang='lat' dir='ltr'><strong>talemque</strong></span> <span class='ocrx_word' id='word_1_488' title='bbox 1204 4866 1414 4919; x_wconf 88' lang='lat' dir='ltr'><strong>illarum</strong></span> <span class='ocrx_word' id='word_1_489' title='bbox 1454 4865 1699 4934; x_wconf 88' lang='lat' dir='ltr'><strong>copulam</strong></span> <span class='ocrx_word' id='word_1_490' title='bbox 1734 4865 2071 4934; x_wconf 80' lang='lat' dir='ltr'><strong>conﬁngunt,</strong></span> <span class='ocrx_word' id='word_1_491' title='bbox 2102 4880 2220 4934; x_wconf 74' lang='lat' dir='ltr'><strong>qua:</strong></span> 
     </span>
    </p>
   </div>
   <div class='ocr_carea' id='block_1_71' title="bbox 648 4957 2224 5028">
    <p class='ocr_par' dir='ltr' id='par_1_71' title="bbox 648 4957 2224 5028">
     <span class='ocr_line' id='line_1_71' title="bbox 648 4957 2224 5028; baseline -0.004 -11"><span class='ocrx_word' id='word_1_492' title='bbox 648 4961 945 5017; x_wconf 77' lang='lat' dir='ltr'><strong>secundum</strong></span> <span class='ocrx_word' id='word_1_493' title='bbox 1019 4960 1187 5014; x_wconf 87' lang='lat' dir='ltr'><strong>solam</strong></span> <span class='ocrx_word' id='word_1_494' title='bbox 1242 4959 1558 5028; x_wconf 80' lang='lat' dir='ltr'><strong>dignitatem</strong></span> <span class='ocrx_word' id='word_1_495' title='bbox 1605 4959 1891 5026; x_wconf 80' lang='lat' dir='ltr'><strong>contingit,</strong></span> <span class='ocrx_word' id='word_1_496' title='bbox 1948 4957 2020 5010; x_wconf 92' lang='lat' dir='ltr'><strong>illi</strong></span> <span class='ocrx_word' id='word_1_497' title='bbox 2090 4958 2224 5011; x_wconf 90' lang='lat' dir='ltr'><strong>duos</strong></span> 
     </span>
    </p>
   </div>
   <div class='ocr_carea' id='block_1_72' title="bbox 647 5048 2222 5113">
    <p class='ocr_par' dir='ltr' id='par_1_72' title="bbox 647 5048 2222 5113">
     <span class='ocr_line' id='line_1_72' title="bbox 647 5048 2222 5113; baseline 0 -9"><span class='ocrx_word' id='word_1_498' title='bbox 647 5054 870 5106; x_wconf 74' lang='lat' dir='ltr'><strong>numina</strong></span> <span class='ocrx_word' id='word_1_499' title='bbox 942 5051 1080 5105; x_wconf 90' lang='lat' dir='ltr'><strong>lilios</strong></span> <span class='ocrx_word' id='word_1_500' title='bbox 1150 5053 1540 5113; x_wconf 87' lang='lat' dir='ltr'><strong>constituunt;</strong></span> <span class='ocrx_word' id='word_1_501' title='bbox 1601 5065 1723 5104; x_wconf 91' lang='lat' dir='ltr'><strong>cum</strong></span> <span class='ocrx_word' id='word_1_502' title='bbox 1797 5059 1973 5104; x_wconf 90' lang='lat' dir='ltr'><strong>tamen</strong></span> <span class='ocrx_word' id='word_1_503' title='bbox 2037 5048 2222 5104; x_wconf 84' lang='lat' dir='ltr'><strong>divina</strong></span> 
     </span>
    </p>
   </div>
   <div class='ocr_carea' id='block_1_73' title="bbox 651 5140 2219 5213">
    <p class='ocr_par' dir='ltr' id='par_1_73' title="bbox 651 5140 2219 5213">
     <span class='ocr_line' id='line_1_73' title="bbox 651 5140 2219 5213; baseline -0.002 -14"><span class='ocrx_word' id='word_1_504' title='bbox 651 5147 930 5213; x_wconf 80' lang='lat' dir='ltr'><strong>Scriptura</strong></span> <span class='ocrx_word' id='word_1_505' title='bbox 955 5159 1120 5197; x_wconf 87' lang='lat' dir='ltr'><strong>unum</strong></span> <span class='ocrx_word' id='word_1_506' title='bbox 1158 5142 1353 5197; x_wconf 84' lang='lat' dir='ltr'><strong>Filium</strong></span> <span class='ocrx_word' id='word_1_507' title='bbox 1391 5152 1446 5196; x_wconf 93' lang='lat' dir='ltr'><strong>et</strong></span> <span class='ocrx_word' id='word_1_508' title='bbox 1486 5143 1770 5196; x_wconf 88' lang='lat' dir='ltr'><strong>Dominum</strong></span> <span class='ocrx_word' id='word_1_509' title='bbox 1809 5157 1929 5196; x_wconf 89' lang='lat' dir='ltr'><strong>esse</strong></span> <span class='ocrx_word' id='word_1_510' title='bbox 1968 5140 2219 5196; x_wconf 79' lang='lat' dir='ltr'><strong>alﬁrmet.</strong></span> 
     </span>
    </p>
   </div>
   <div class='ocr_carea' id='block_1_74' title="bbox 649 5231 2218 5302">
    <p class='ocr_par' dir='ltr' id='par_1_74' title="bbox 649 5231 2218 5302">
     <span class='ocr_line' id='line_1_74' title="bbox 649 5231 2218 5302; baseline -0.001 -16"><span class='ocrx_word' id='word_1_511' title='bbox 649 5235 826 5300; x_wconf 88' lang='lat' dir='ltr'><strong>Quare</strong></span> <span class='ocrx_word' id='word_1_512' title='bbox 871 5243 992 5302; x_wconf 88' lang='lat' dir='ltr'><strong>post</strong></span> <span class='ocrx_word' id='word_1_513' title='bbox 1042 5248 1296 5287; x_wconf 86' lang='lat' dir='ltr'><strong>arcanam</strong></span> <span class='ocrx_word' id='word_1_514' title='bbox 1356 5233 1501 5286; x_wconf 88' lang='lat' dir='ltr'><strong>illam</strong></span> <span class='ocrx_word' id='word_1_515' title='bbox 1556 5231 1827 5300; x_wconf 84' lang='lat' dir='ltr'><strong>copulam,</strong></span> <span class='ocrx_word' id='word_1_516' title='bbox 1885 5232 2001 5286; x_wconf 88' lang='lat' dir='ltr'><strong>sive</strong></span> <span class='ocrx_word' id='word_1_517' title='bbox 2050 5231 2218 5285; x_wconf 91' lang='lat' dir='ltr'><strong>Deum</strong></span> 
     </span>
    </p>
   </div>
   <div class='ocr_carea' id='block_1_75' title="bbox 652 5324 2219 5388">
    <p class='ocr_par' dir='ltr' id='par_1_75' title="bbox 652 5324 2219 5388">
     <span class='ocr_line' id='line_1_75' title="bbox 652 5324 2219 5388; baseline -0.003 -6"><span class='ocrx_word' id='word_1_518' title='bbox 652 5327 896 5382; x_wconf 91' lang='lat' dir='ltr'><strong>nomines</strong></span> <span class='ocrx_word' id='word_1_519' title='bbox 932 5325 1361 5388; x_wconf 83' lang='lat' dir='ltr'><strong>Emmanuelem,</strong></span> <span class='ocrx_word' id='word_1_520' title='bbox 1415 5325 1756 5378; x_wconf 86' lang='lat' dir='ltr'><strong>incarnatum</strong></span> <span class='ocrx_word' id='word_1_521' title='bbox 1798 5335 1852 5378; x_wconf 88' lang='lat' dir='ltr'><strong>et</strong></span> <span class='ocrx_word' id='word_1_522' title='bbox 1897 5324 2219 5379; x_wconf 88' lang='lat' dir='ltr'><strong>inhumana-</strong></span> 
     </span>
    </p>
   </div>
   <div class='ocr_carea' id='block_1_76' title="bbox 725 5483 2081 5551">
    <p class='ocr_par' dir='ltr' id='par_1_76' title="bbox 725 5483 2081 5551">
     <span class='ocr_line' id='line_1_76' title="bbox 725 5483 2081 5551; baseline 0.005 -16"><span class='ocrx_word' id='word_1_523' title='bbox 725 5485 788 5517; x_wconf 77' lang='lat'><strong>“°</strong></span> <span class='ocrx_word' id='word_1_524' title='bbox 815 5483 973 5541; x_wconf 82' lang='lat' dir='ltr'><strong>llcbr.</strong></span> <span class='ocrx_word' id='word_1_525' title='bbox 1004 5501 1084 5550; x_wconf 94' lang='grc' dir='ltr'>ιιι,</span> <span class='ocrx_word' id='word_1_526' title='bbox 1120 5485 1165 5539; x_wconf 91' lang='grc' dir='ltr'><strong>ι.</strong></span> <span class='ocrx_word' id='word_1_527' title='bbox 1246 5485 1288 5514; x_wconf 68' lang='grc'><strong>⁸⁸</strong></span> <span class='ocrx_word' id='word_1_528' title='bbox 1317 5485 1457 5540; x_wconf 83' lang='lat' dir='ltr'><strong>Psal.</strong></span> <span class='ocrx_word' id='word_1_529' title='bbox 1495 5501 1640 5550; x_wconf 81' lang='lat' dir='ltr'><strong>xuv,</strong></span> <span class='ocrx_word' id='word_1_530' title='bbox 1670 5485 1731 5551; x_wconf 85' lang='lat'><strong>8;</strong></span> <span class='ocrx_word' id='word_1_531' title='bbox 1763 5484 1926 5539; x_wconf 85' lang='lat' dir='ltr'><strong>llcbr.</strong></span> <span class='ocrx_word' id='word_1_532' title='bbox 1959 5499 2000 5549; x_wconf 87' lang='lat' dir='ltr'><strong>I,</strong></span> <span class='ocrx_word' id='word_1_533' title='bbox 2028 5484 2081 5539; x_wconf 89' lang='lat'><strong>9.</strong></span> 
     </span>
    </p>
   </div>
   <div class='ocr_carea' id='block_1_77' title="bbox 2755 2423 3475 2478">
    <p class='ocr_par' dir='ltr' id='par_1_77' title="bbox 2755 2423 3475 2478">
     <span class='ocr_line' id='line_1_77' title="bbox 2755 2423 3475 2478; baseline 0 -2"><span class='ocrx_word' id='word_1_534' title='bbox 2755 2423 3349 2478; x_wconf 82' lang='grc' dir='ltr'><strong>ΔΝΛΘΕΜΛΤΙΣΜΟΣ</strong></span> <span class='ocrx_word' id='word_1_535' title='bbox 3400 2423 3475 2476; x_wconf 85' lang='grc' dir='ltr'><strong>Γ’.</strong></span> 
     </span>
    </p>
   </div>
   <div class='ocr_carea' id='block_1_78' title="bbox 2390 2535 3914 2606">
    <p class='ocr_par' dir='ltr' id='par_1_78' title="bbox 2390 2535 3914 2606">
     <span class='ocr_line' id='line_1_78' title="bbox 2390 2535 3914 2606; baseline 0 -18"><span class='ocrx_word' id='word_1_536' title='bbox 2390 2537 2457 2588; x_wconf 83' lang='lat' dir='ltr'><strong>Ei’</strong></span> <span class='ocrx_word' id='word_1_537' title='bbox 2478 2553 2560 2599; x_wconf 91' lang='grc' dir='ltr'><strong>τις</strong></span> <span class='ocrx_word' id='word_1_538' title='bbox 2583 2536 2676 2589; x_wconf 71' lang='grc' dir='ltr'><strong>ἐπὶ</strong></span> <span class='ocrx_word' id='word_1_539' title='bbox 2697 2535 2790 2589; x_wconf 86' lang='grc' dir='ltr'><strong>τοῦ</strong></span> <span class='ocrx_word' id='word_1_540' title='bbox 2818 2536 2937 2600; x_wconf 81' lang='grc' dir='ltr'>ἐνὸς</span> <span class='ocrx_word' id='word_1_541' title='bbox 2967 2535 3204 2606; x_wconf 75' lang='grc' dir='ltr'>Χριστοῦ</span> <span class='ocrx_word' id='word_1_542' title='bbox 3229 2536 3429 2606; x_wconf 87' lang='grc' dir='ltr'>διαιρεῖ</span> <span class='ocrx_word' id='word_1_543' title='bbox 3446 2535 3544 2598; x_wconf 75' lang='grc' dir='ltr'>τὰς</span> <span class='ocrx_word' id='word_1_544' title='bbox 3577 2535 3914 2599; x_wconf 79' lang='grc' dir='ltr'>ὑποστάσεις</span> 
     </span>
    </p>
   </div>
   <div class='ocr_carea' id='block_1_79' title="bbox 2323 2627 3911 2700">
    <p class='ocr_par' dir='ltr' id='par_1_79' title="bbox 2323 2627 3911 2700">
     <span class='ocr_line' id='line_1_79' title="bbox 2323 2627 3911 2700; baseline -0.001 -19"><span class='ocrx_word' id='word_1_545' title='bbox 2323 2627 2461 2699; x_wconf 83' lang='grc' dir='ltr'><strong>μετά</strong></span> <span class='ocrx_word' id='word_1_546' title='bbox 2479 2629 2578 2698; x_wconf 81' lang='grc' dir='ltr'>τὴν</span> <span class='ocrx_word' id='word_1_547' title='bbox 2607 2629 2820 2693; x_wconf 69' lang='grc' dir='ltr'>ἕνωσιν,</span> <span class='ocrx_word' id='word_1_548' title='bbox 2851 2629 2985 2700; x_wconf 84' lang='grc' dir='ltr'>μόνῃ</span> <span class='ocrx_word' id='word_1_549' title='bbox 3029 2628 3314 2682; x_wconf 84' lang='grc' dir='ltr'>συνάπτων</span> <span class='ocrx_word' id='word_1_550' title='bbox 3339 2628 3508 2690; x_wconf 81' lang='grc' dir='ltr'>αῦτάς</span> <span class='ocrx_word' id='word_1_551' title='bbox 3541 2627 3810 2697; x_wconf 70' lang='grc' dir='ltr'>συναφείᾳ</span> <span class='ocrx_word' id='word_1_552' title='bbox 3845 2630 3911 2697; x_wconf 84' lang='grc' dir='ltr'><strong>τῇ</strong></span> 
     </span>
    </p>
   </div>
   <div class='ocr_carea' id='block_1_80' title="bbox 2320 2717 3914 2789">
    <p class='ocr_par' dir='ltr' id='par_1_80' title="bbox 2320 2717 3914 2789">
     <span class='ocr_line' id='line_1_80' title="bbox 2320 2717 3914 2789; baseline -0.002 -17"><span class='ocrx_word' id='word_1_553' title='bbox 2320 2719 2461 2772; x_wconf 86' lang='grc' dir='ltr'>κατὰ</span> <span class='ocrx_word' id='word_1_554' title='bbox 2488 2719 2584 2789; x_wconf 80' lang='grc' dir='ltr'>τὴν</span> <span class='ocrx_word' id='word_1_555' title='bbox 2613 2719 2790 2784; x_wconf 79' lang='grc' dir='ltr'>ἀξίαν,</span> <span class='ocrx_word' id='word_1_556' title='bbox 2829 2720 2999 2789; x_wconf 81' lang='grc' dir='ltr'>ἦγουν</span> <span class='ocrx_word' id='word_1_557' title='bbox 3029 2719 3342 2782; x_wconf 78' lang='grc' dir='ltr'>αὑθεντίαν,</span> <span class='ocrx_word' id='word_1_558' title='bbox 3376 2717 3409 2789; x_wconf 77' lang='grc' dir='ltr'>ἦ</span> <span class='ocrx_word' id='word_1_559' title='bbox 3439 2717 3782 2782; x_wconf 86' lang='grc' dir='ltr'>δυναστείαν,</span> <span class='ocrx_word' id='word_1_560' title='bbox 3818 2719 3914 2770; x_wconf 76' lang='grc' dir='ltr'>καὶ</span> 
     </span>
    </p>
   </div>
   <div class='ocr_carea' id='block_1_81' title="bbox 2323 2811 3909 2883">
    <p class='ocr_par' dir='ltr' id='par_1_81' title="bbox 2323 2811 3909 2883">
     <span class='ocr_line' id='line_1_81' title="bbox 2323 2811 3909 2883; baseline 0 -20"><span class='ocrx_word' id='word_1_561' title='bbox 2323 2811 2441 2881; x_wconf 74' lang='grc' dir='ltr'><strong>οῦχί</strong></span> <span class='ocrx_word' id='word_1_562' title='bbox 2469 2811 2533 2882; x_wconf 79' lang='grc' dir='ltr'>δὴ</span> <span class='ocrx_word' id='word_1_563' title='bbox 2561 2812 2759 2881; x_wconf 79' lang='grc' dir='ltr'>μᾶλλον</span> <span class='ocrx_word' id='word_1_564' title='bbox 2787 2812 3005 2865; x_wconf 83' lang='grc' dir='ltr'>σύνοδον</span> <span class='ocrx_word' id='word_1_565' title='bbox 3034 2812 3132 2883; x_wconf 79' lang='grc' dir='ltr'><strong>τὴν</strong></span> <span class='ocrx_word' id='word_1_566' title='bbox 3155 2828 3191 2849; x_wconf 71' lang='grc' dir='ltr'>ιη</span> <span class='ocrx_word' id='word_1_567' title='bbox 3224 2811 3343 2865; x_wconf 84' lang='grc' dir='ltr'>καθ’</span> <span class='ocrx_word' id='word_1_568' title='bbox 3366 2811 3560 2864; x_wconf 73' lang='grc' dir='ltr'>ἕνωσιν</span> <span class='ocrx_word' id='word_1_569' title='bbox 3588 2811 3829 2880; x_wconf 79' lang='grc' dir='ltr'>φυσικήν</span> <span class='ocrx_word' id='word_1_570' title='bbox 3852 2821 3909 2847; x_wconf 66' lang='grc' dir='ltr'><strong>θ’</strong></span> 
     </span>
    </p>
   </div>
   <div class='ocr_carea' id='block_1_82' title="bbox 2323 2902 2769 2973">
    <p class='ocr_par' dir='ltr' id='par_1_82' title="bbox 2323 2902 2769 2973">
     <span class='ocr_line' id='line_1_82' title="bbox 2323 2902 2769 2973; baseline 0 -16"><span class='ocrx_word' id='word_1_571' title='bbox 2323 2902 2571 2973; x_wconf 81' lang='grc' dir='ltr'>ἀνάθεμα</span> <span class='ocrx_word' id='word_1_572' title='bbox 2609 2904 2769 2957; x_wconf 76' lang='grc' dir='ltr'>ἔστω.</span> 
     </span>
    </p>
   </div>
   <div class='ocr_carea' id='block_1_83' title="bbox 2911 3010 3332 3079">
    <p class='ocr_par' dir='ltr' id='par_1_83' title="bbox 2911 3010 3332 3079">
     <span class='ocr_line' id='line_1_83' title="bbox 2911 3010 3332 3079; baseline 0.005 -17"><span class='ocrx_word' id='word_1_573' title='bbox 2911 3010 3221 3074; x_wconf 70' lang='grc' dir='ltr'>Ἐπίλυσις</span> <span class='ocrx_word' id='word_1_574' title='bbox 3261 3017 3332 3079; x_wconf 79' lang='grc' dir='ltr'>γ’.</span> 
     </span>
    </p>
   </div>
   <div class='ocr_carea' id='block_1_84' title="bbox 2250 3119 3911 3196">
    <p class='ocr_par' dir='ltr' id='par_1_84' title="bbox 2250 3119 3911 3196">
     <span class='ocr_line' id='line_1_84' title="bbox 2250 3119 3911 3196; baseline 0 -20"><span class='ocrx_word' id='word_1_575' title='bbox 2250 3119 2292 3176; x_wconf 88' lang='lat' dir='ltr'><strong><em>C</em></strong></span> <span class='ocrx_word' id='word_1_576' title='bbox 2395 3125 2507 3193; x_wconf 86' lang='grc' dir='ltr'><strong>Τῆς</strong></span> <span class='ocrx_word' id='word_1_577' title='bbox 2535 3123 2673 3195; x_wconf 89' lang='grc' dir='ltr'><strong>μετά</strong></span> <span class='ocrx_word' id='word_1_578' title='bbox 2718 3123 2921 3196; x_wconf 85' lang='grc' dir='ltr'>σαρκὸς</span> <span class='ocrx_word' id='word_1_579' title='bbox 2963 3123 3275 3194; x_wconf 72' lang='grc' dir='ltr'>οἰκονομίας</span> <span class='ocrx_word' id='word_1_580' title='bbox 3303 3122 3400 3176; x_wconf 91' lang='grc' dir='ltr'>τοῦ</span> <span class='ocrx_word' id='word_1_581' title='bbox 3433 3122 3774 3191; x_wconf 87' lang='grc' dir='ltr'>Μονογενοῦς</span> <span class='ocrx_word' id='word_1_582' title='bbox 3809 3141 3911 3176; x_wconf 65' lang='grc' dir='ltr'><strong>που</strong></span> 
     </span>
    </p>
   </div>
   <div class='ocr_carea' id='block_1_85' title="bbox 2321 3215 3914 3288">
    <p class='ocr_par' dir='ltr' id='par_1_85' title="bbox 2321 3215 3914 3288">
     <span class='ocr_line' id='line_1_85' title="bbox 2321 3215 3914 3288; baseline 0.001 -21"><span class='ocrx_word' id='word_1_583' title='bbox 2321 3215 2833 3286; x_wconf 86' lang='grc' dir='ltr'>λυπραγμονοῦντες</span> <span class='ocrx_word' id='word_1_584' title='bbox 2877 3217 2938 3269; x_wconf 82' lang='grc' dir='ltr'>τὸ</span> <span class='ocrx_word' id='word_1_585' title='bbox 2971 3218 3290 3288; x_wconf 82' lang='grc' dir='ltr'>μυστήριον,</span> <span class='ocrx_word' id='word_1_586' title='bbox 3339 3216 3654 3288; x_wconf 78' lang='grc' dir='ltr'>παραδόξως</span> <span class='ocrx_word' id='word_1_587' title='bbox 3704 3233 3764 3267; x_wconf 91' lang='grc' dir='ltr'><strong>τε</strong></span> <span class='ocrx_word' id='word_1_588' title='bbox 3814 3218 3914 3269; x_wconf 77' lang='grc' dir='ltr'><strong>καὶ</strong></span> 
     </span>
    </p>
   </div>
   <div class='ocr_carea' id='block_1_86' title="bbox 2321 3307 3913 3379">
    <p class='ocr_par' dir='ltr' id='par_1_86' title="bbox 2321 3307 3913 3379">
     <span class='ocr_line' id='line_1_86' title="bbox 2321 3307 3913 3379; baseline 0 -20"><span class='ocrx_word' id='word_1_589' title='bbox 2321 3307 2649 3378; x_wconf 76' lang='grc' dir='ltr'>ἀπορῤήτως</span> <span class='ocrx_word' id='word_1_590' title='bbox 2711 3308 2951 3378; x_wconf 85' lang='grc' dir='ltr'>ήνῶσθαί</span> <span class='ocrx_word' id='word_1_591' title='bbox 3009 3327 3191 3379; x_wconf 86' lang='grc' dir='ltr'>φαμεν</span> <span class='ocrx_word' id='word_1_592' title='bbox 3243 3310 3384 3378; x_wconf 81' lang='grc' dir='ltr'>ἁγίῳ</span> <span class='ocrx_word' id='word_1_593' title='bbox 3447 3309 3661 3378; x_wconf 83' lang='grc' dir='ltr'>σώματι</span> <span class='ocrx_word' id='word_1_594' title='bbox 3723 3307 3913 3378; x_wconf 74' lang='grc' dir='ltr'>ψυχὴν</span> 
     </span>
    </p>
   </div>
   <div class='ocr_carea' id='block_1_87' title="bbox 2322 3399 3910 3472">
    <p class='ocr_par' dir='ltr' id='par_1_87' title="bbox 2322 3399 3910 3472">
     <span class='ocr_line' id='line_1_87' title="bbox 2322 3399 3910 3472; baseline 0 -20"><span class='ocrx_word' id='word_1_595' title='bbox 2322 3399 2496 3470; x_wconf 76' lang='grc' dir='ltr'>ἔχοντι</span> <span class='ocrx_word' id='word_1_596' title='bbox 2518 3400 2764 3470; x_wconf 84' lang='grc' dir='ltr'>λογικὴν,</span> <span class='ocrx_word' id='word_1_597' title='bbox 2808 3401 2899 3453; x_wconf 86' lang='grc' dir='ltr'><strong>τὸν</strong></span> <span class='ocrx_word' id='word_1_598' title='bbox 2934 3403 2999 3454; x_wconf 81' lang='grc' dir='ltr'>ὲκ</span> <span class='ocrx_word' id='word_1_599' title='bbox 3042 3401 3176 3454; x_wconf 90' lang='grc' dir='ltr'>Θεοῦ</span> <span class='ocrx_word' id='word_1_600' title='bbox 3209 3402 3422 3472; x_wconf 82' lang='grc' dir='ltr'>Πατρὸς</span> <span class='ocrx_word' id='word_1_601' title='bbox 3445 3402 3618 3468; x_wconf 83' lang='grc' dir='ltr'>Λόγον</span> <span class='ocrx_word' id='word_1_602' title='bbox 3640 3417 3653 3430; x_wconf 81' lang='grc' dir='ltr'><strong>ο</strong></span> <span class='ocrx_word' id='word_1_603' title='bbox 3705 3401 3800 3452; x_wconf 71' lang='grc' dir='ltr'>ἕνα</span> <span class='ocrx_word' id='word_1_604' title='bbox 3849 3418 3910 3452; x_wconf 77' lang='grc' dir='ltr'><strong>τε</strong></span> 
     </span>
    </p>
   </div>
   <div class='ocr_carea' id='block_1_88' title="bbox 2322 3490 3912 3562">
    <p class='ocr_par' dir='ltr' id='par_1_88' title="bbox 2322 3490 3912 3562">
     <span class='ocr_line' id='line_1_88' title="bbox 2322 3490 3912 3562; baseline -0.001 -17"><span class='ocrx_word' id='word_1_605' title='bbox 2322 3492 2418 3545; x_wconf 80' lang='grc' dir='ltr'>καὶ</span> <span class='ocrx_word' id='word_1_606' title='bbox 2458 3490 2605 3544; x_wconf 73' lang='grc' dir='ltr'>οὕτω</span> <span class='ocrx_word' id='word_1_607' title='bbox 2649 3491 2878 3562; x_wconf 85' lang='grc' dir='ltr'>νοοῦμεν</span> <span class='ocrx_word' id='word_1_608' title='bbox 2935 3492 3083 3555; x_wconf 83' lang='grc' dir='ltr'>Υἰὸν,</span> <span class='ocrx_word' id='word_1_609' title='bbox 3139 3491 3388 3562; x_wconf 84' lang='grc' dir='ltr'>καθάπερ</span> <span class='ocrx_word' id='word_1_610' title='bbox 3444 3492 3637 3562; x_wconf 87' lang='grc' dir='ltr'>ἀμέλει</span> <span class='ocrx_word' id='word_1_611' title='bbox 3681 3493 3775 3544; x_wconf 73' lang='grc' dir='ltr'><strong>καὶ</strong></span> <span class='ocrx_word' id='word_1_612' title='bbox 3818 3493 3912 3560; x_wconf 74' lang='grc' dir='ltr'><strong>ἐφ’</strong></span> 
     </span>
    </p>
   </div>
   <div class='ocr_carea' id='block_1_89' title="bbox 2322 3582 3912 3654">
    <p class='ocr_par' dir='ltr' id='par_1_89' title="bbox 2322 3582 3912 3654">
     <span class='ocr_line' id='line_1_89' title="bbox 2322 3582 3912 3654; baseline -0.002 -16"><span class='ocrx_word' id='word_1_613' title='bbox 2322 3583 2479 3654; x_wconf 83' lang='grc' dir='ltr'>ἡμῶν</span> <span class='ocrx_word' id='word_1_614' title='bbox 2510 3583 2689 3637; x_wconf 83' lang='grc' dir='ltr'>αὐτῶν</span> <span class='ocrx_word' id='word_1_615' title='bbox 2726 3583 2933 3650; x_wconf 79' lang='grc' dir='ltr'>ἔξεστιν</span> <span class='ocrx_word' id='word_1_616' title='bbox 2963 3585 3113 3651; x_wconf 83' lang='grc' dir='ltr'>ἰδεῖν,</span> <span class='ocrx_word' id='word_1_617' title='bbox 3142 3585 3414 3654; x_wconf 72' lang='grc' dir='ltr'>ἑτεροφυᾶ</span> <span class='ocrx_word' id='word_1_618' title='bbox 3457 3583 3557 3652; x_wconf 85' lang='grc' dir='ltr'><strong>μὲν</strong></span> <span class='ocrx_word' id='word_1_619' title='bbox 3584 3582 3662 3652; x_wconf 84' lang='grc' dir='ltr'><strong>τῷ</strong></span> <span class='ocrx_word' id='word_1_620' title='bbox 3693 3582 3912 3652; x_wconf 85' lang='grc' dir='ltr'>σώματι</span> 
     </span>
    </p>
   </div>
   <div class='ocr_carea' id='block_1_90' title="bbox 2322 3673 3906 3747">
    <p class='ocr_par' dir='ltr' id='par_1_90' title="bbox 2322 3673 3906 3747">
     <span class='ocr_line' id='line_1_90' title="bbox 2322 3673 3906 3747; baseline -0.001 -19"><span class='ocrx_word' id='word_1_621' title='bbox 2322 3677 2421 3747; x_wconf 84' lang='grc' dir='ltr'>τὴν</span> <span class='ocrx_word' id='word_1_622' title='bbox 2465 3676 2663 3747; x_wconf 80' lang='grc' dir='ltr'>ψυχὴν,</span> <span class='ocrx_word' id='word_1_623' title='bbox 2706 3675 2844 3747; x_wconf 80' lang='grc' dir='ltr'>πλὴν</span> <span class='ocrx_word' id='word_1_624' title='bbox 2889 3678 2968 3740; x_wconf 87' lang='grc' dir='ltr'><strong>εἰς</strong></span> <span class='ocrx_word' id='word_1_625' title='bbox 3006 3675 3063 3728; x_wconf 81' lang='grc' dir='ltr'>ἓν</span> <span class='ocrx_word' id='word_1_626' title='bbox 3112 3676 3279 3746; x_wconf 77' lang='grc' dir='ltr'>ἄμφω</span> <span class='ocrx_word' id='word_1_627' title='bbox 3317 3673 3456 3737; x_wconf 78' lang='grc' dir='ltr'>ζῶον</span> <span class='ocrx_word' id='word_1_628' title='bbox 3496 3673 3906 3742; x_wconf 82' lang='grc' dir='ltr'>συντεθειμένα.</span> 
     </span>
    </p>
   </div>
   <div class='ocr_carea' id='block_1_91' title="bbox 2336 3765 3914 3837">
    <p class='ocr_par' dir='ltr' id='par_1_91' title="bbox 2336 3765 3914 3837">
     <span class='ocr_line' id='line_1_91' title="bbox 2336 3765 3914 3837; baseline -0.003 -17"><span class='ocrx_word' id='word_1_629' title='bbox 2336 3768 2475 3820; x_wconf 81' lang='grc' dir='ltr'>Ἀλλ’</span> <span class='ocrx_word' id='word_1_630' title='bbox 2521 3768 2620 3837; x_wconf 80' lang='grc' dir='ltr'><strong>οὐχ</strong></span> <span class='ocrx_word' id='word_1_631' title='bbox 2666 3765 2809 3820; x_wconf 83' lang='grc' dir='ltr'>οῦτω</span> <span class='ocrx_word' id='word_1_632' title='bbox 2853 3767 3006 3819; x_wconf 89' lang='grc' dir='ltr'>ταῦτ’</span> <span class='ocrx_word' id='word_1_633' title='bbox 3037 3767 3180 3836; x_wconf 81' lang='grc' dir='ltr'>ἔχειν</span> <span class='ocrx_word' id='word_1_634' title='bbox 3226 3765 3512 3819; x_wconf 84' lang='grc' dir='ltr'>ὑπονοοῦσί</span> <span class='ocrx_word' id='word_1_635' title='bbox 3564 3783 3727 3827; x_wconf 81' lang='grc' dir='ltr'>τινες.</span> <span class='ocrx_word' id='word_1_636' title='bbox 3777 3766 3914 3817; x_wconf 80' lang='grc' dir='ltr'><strong>Ἀν-</strong></span> 
     </span>
    </p>
   </div>
   <div class='ocr_carea' id='block_1_92' title="bbox 2325 3855 3912 3930">
    <p class='ocr_par' dir='ltr' id='par_1_92' title="bbox 2325 3855 3912 3930">
     <span class='ocr_line' id='line_1_92' title="bbox 2325 3855 3912 3930; baseline -0.003 -18"><span class='ocrx_word' id='word_1_637' title='bbox 2325 3859 2540 3930; x_wconf 82' lang='grc' dir='ltr'>θρωπον</span> <span class='ocrx_word' id='word_1_638' title='bbox 2580 3859 2636 3911; x_wconf 84' lang='grc' dir='ltr'>δὲ</span> <span class='ocrx_word' id='word_1_639' title='bbox 2667 3858 2974 3921; x_wconf 89' lang='grc' dir='ltr'>διιστάντες</span> <span class='ocrx_word' id='word_1_640' title='bbox 3021 3860 3151 3929; x_wconf 73' lang='grc' dir='ltr'>ἡμῖν</span> <span class='ocrx_word' id='word_1_641' title='bbox 3200 3857 3302 3910; x_wconf 88' lang='grc' dir='ltr'><strong>ἀνά</strong></span> <span class='ocrx_word' id='word_1_642' title='bbox 3347 3857 3513 3927; x_wconf 85' lang='grc' dir='ltr'>μέρος</span> <span class='ocrx_word' id='word_1_643' title='bbox 3558 3857 3651 3908; x_wconf 71' lang='grc' dir='ltr'><strong>καὶ</strong></span> <span class='ocrx_word' id='word_1_644' title='bbox 3723 3855 3912 3918; x_wconf 83' lang='grc' dir='ltr'>ἰδικῶς</span> 
     </span>
    </p>
   </div>
   <div class='ocr_carea' id='block_1_93' title="bbox 2327 3945 3910 4020">
    <p class='ocr_par' dir='ltr' id='par_1_93' title="bbox 2327 3945 3910 4020">
     <span class='ocr_line' id='line_1_93' title="bbox 2327 3945 3910 4020; baseline -0.004 -17"><span class='ocrx_word' id='word_1_645' title='bbox 2327 3949 2595 4020; x_wconf 73' lang='grc' dir='ltr'>συνῆφθαί</span> <span class='ocrx_word' id='word_1_646' title='bbox 2643 3966 2805 4016; x_wconf 84' lang='grc' dir='ltr'>φασιν</span> <span class='ocrx_word' id='word_1_647' title='bbox 2863 3949 3025 4001; x_wconf 75' lang='grc' dir='ltr'>αὐτὸν</span> <span class='ocrx_word' id='word_1_648' title='bbox 3069 3947 3148 4016; x_wconf 82' lang='grc' dir='ltr'>τῷ</span> <span class='ocrx_word' id='word_1_649' title='bbox 3196 3950 3259 4000; x_wconf 80' lang='grc' dir='ltr'>ἐκ</span> <span class='ocrx_word' id='word_1_650' title='bbox 3309 3947 3442 4000; x_wconf 86' lang='grc' dir='ltr'>Θεοῦ</span> <span class='ocrx_word' id='word_1_651' title='bbox 3486 3945 3699 4016; x_wconf 79' lang='grc' dir='ltr'>Πατρὸς</span> <span class='ocrx_word' id='word_1_652' title='bbox 3745 3946 3910 4013; x_wconf 72' lang='grc' dir='ltr'>φύντι</span> 
     </span>
    </p>
   </div>
   <div class='ocr_carea' id='block_1_94' title="bbox 2325 4038 3906 4112">
    <p class='ocr_par' dir='ltr' id='par_1_94' title="bbox 2325 4038 3906 4112">
     <span class='ocr_line' id='line_1_94' title="bbox 2325 4038 3906 4112; baseline -0.003 -16"><span class='ocrx_word' id='word_1_653' title='bbox 2325 4042 2482 4112; x_wconf 87' lang='grc' dir='ltr'>Λόγῳ</span> <span class='ocrx_word' id='word_1_654' title='bbox 2506 4040 2650 4094; x_wconf 79' lang='grc' dir='ltr'>κατὰ</span> <span class='ocrx_word' id='word_1_655' title='bbox 2683 4041 2851 4112; x_wconf 84' lang='grc' dir='ltr'>μόνην</span> <span class='ocrx_word' id='word_1_656' title='bbox 2896 4038 2992 4111; x_wconf 79' lang='grc' dir='ltr'>τὴν</span> <span class='ocrx_word' id='word_1_657' title='bbox 3038 4040 3216 4103; x_wconf 77' lang='grc' dir='ltr'>ἀξίαν,</span> <span class='ocrx_word' id='word_1_658' title='bbox 3261 4040 3426 4110; x_wconf 72' lang='grc' dir='ltr'>ἧγουν</span> <span class='ocrx_word' id='word_1_659' title='bbox 3460 4038 3557 4107; x_wconf 84' lang='grc' dir='ltr'><strong>τὴν</strong></span> <span class='ocrx_word' id='word_1_660' title='bbox 3598 4039 3906 4092; x_wconf 79' lang='grc' dir='ltr'>αὑθεντίαν’</span> 
     </span>
    </p>
   </div>
   <div class='ocr_carea' id='block_1_95' title="bbox 2325 4131 3911 4203">
    <p class='ocr_par' dir='ltr' id='par_1_95' title="bbox 2325 4131 3911 4203">
     <span class='ocr_line' id='line_1_95' title="bbox 2325 4131 3911 4203; baseline -0.002 -15"><span class='ocrx_word' id='word_1_661' title='bbox 2325 4135 2385 4188; x_wconf 78' lang='grc' dir='ltr'>οὐ</span> <span class='ocrx_word' id='word_1_662' title='bbox 2427 4134 2546 4188; x_wconf 78' lang='grc' dir='ltr'>καθ’</span> <span class='ocrx_word' id='word_1_663' title='bbox 2577 4135 2770 4186; x_wconf 71' lang='grc' dir='ltr'>ἕνωσιν</span> <span class='ocrx_word' id='word_1_664' title='bbox 2805 4132 3058 4203; x_wconf 78' lang='grc' dir='ltr'>φυσικὴν,</span> <span class='ocrx_word' id='word_1_665' title='bbox 3081 4132 3356 4185; x_wconf 85' lang='grc' dir='ltr'>τουτέστιν</span> <span class='ocrx_word' id='word_1_666' title='bbox 3382 4131 3578 4201; x_wconf 81' lang='grc' dir='ltr'>ἀληθῆ,</span> <span class='ocrx_word' id='word_1_667' title='bbox 3607 4132 3700 4184; x_wconf 77' lang='grc' dir='ltr'><strong>καὶ</strong></span> <span class='ocrx_word' id='word_1_668' title='bbox 3735 4131 3911 4185; x_wconf 80' lang='grc' dir='ltr'>καθὰο</span> 
     </span>
    </p>
   </div>
   <div class='ocr_carea' id='block_1_96' title="bbox 2327 4222 3909 4298">
    <p class='ocr_par' dir='ltr' id='par_1_96' title="bbox 2327 4222 3909 4298">
     <span class='ocr_line' id='line_1_96' title="bbox 2327 4222 3909 4298; baseline -0.003 -19"><span class='ocrx_word' id='word_1_669' title='bbox 2327 4245 2432 4296; x_wconf 91' lang='grc' dir='ltr'><strong>περ</strong></span> <span class='ocrx_word' id='word_1_670' title='bbox 2474 4229 2634 4298; x_wconf 74' lang='grc' dir='ltr'>ἡμεῖς</span> <span class='ocrx_word' id='word_1_671' title='bbox 2687 4225 3034 4294; x_wconf 79' lang='grc' dir='ltr'>πιστεύομεν.</span> <span class='ocrx_word' id='word_1_672' title='bbox 3065 4222 3221 4276; x_wconf 80' lang='grc' dir='ltr'>υῦτω</span> <span class='ocrx_word' id='word_1_673' title='bbox 3261 4224 3368 4293; x_wconf 85' lang='grc' dir='ltr'><strong>γάρ</strong></span> <span class='ocrx_word' id='word_1_674' title='bbox 3415 4222 3516 4275; x_wconf 81' lang='grc' dir='ltr'>πού</span> <span class='ocrx_word' id='word_1_675' title='bbox 3550 4240 3681 4292; x_wconf 76' lang='grc' dir='ltr'>φησι</span> <span class='ocrx_word' id='word_1_676' title='bbox 3732 4224 3828 4275; x_wconf 75' lang='grc' dir='ltr'><strong>καὶ</strong></span> <span class='ocrx_word' id='word_1_677' title='bbox 3876 4226 3909 4293; x_wconf 83' lang='grc' dir='ltr'>ὴ</span> 
     </span>
    </p>
   </div>
   <div class='ocr_carea' id='block_1_97' title="bbox 2327 4312 3912 4389">
    <p class='ocr_par' dir='ltr' id='par_1_97' title="bbox 2327 4312 3912 4389">
     <span class='ocr_line' id='line_1_97' title="bbox 2327 4312 3912 4389; baseline -0.004 -18"><span class='ocrx_word' id='word_1_678' title='bbox 2327 4319 2446 4371; x_wconf 80' lang='grc' dir='ltr'>θεία</span> <span class='ocrx_word' id='word_1_679' title='bbox 2478 4318 2668 4389; x_wconf 76' lang='grc' dir='ltr'>Γραφή</span> <span class='ocrx_word' id='word_1_680' title='bbox 2694 4335 2706 4348; x_wconf 75' lang='grc' dir='ltr'><strong>ο</strong></span> <span class='ocrx_word' id='word_1_681' title='bbox 2745 4336 2761 4367; x_wconf 86' lang='grc' dir='ltr'><strong>ι</strong></span> <span class='ocrx_word' id='word_1_682' title='bbox 2797 4318 2906 4369; x_wconf 66' lang='grc' dir='ltr'>Καὶ</span> <span class='ocrx_word' id='word_1_683' title='bbox 2944 4312 3086 4386; x_wconf 80' lang='grc' dir='ltr'>ἦμεν</span> <span class='ocrx_word' id='word_1_684' title='bbox 3114 4315 3280 4368; x_wconf 84' lang='grc' dir='ltr'>τέκνα</span> <span class='ocrx_word' id='word_1_685' title='bbox 3312 4313 3471 4382; x_wconf 78' lang='grc' dir='ltr'>φύσει</span> <span class='ocrx_word' id='word_1_686' title='bbox 3494 4314 3683 4384; x_wconf 81' lang='grc' dir='ltr'>ὀργῆς,</span> <span class='ocrx_word' id='word_1_687' title='bbox 3709 4313 3784 4377; x_wconf 81' lang='grc' dir='ltr'>ὡς</span> <span class='ocrx_word' id='word_1_688' title='bbox 3816 4316 3912 4366; x_wconf 75' lang='grc' dir='ltr'>καὶ</span> 
     </span>
    </p>
   </div>
   <div class='ocr_carea' id='block_1_98' title="bbox 2326 4403 3910 4475">
    <p class='ocr_par' dir='ltr' id='par_1_98' title="bbox 2326 4403 3910 4475">
     <span class='ocr_line' id='line_1_98' title="bbox 2326 4403 3910 4475; baseline -0.002 -15"><span class='ocrx_word' id='word_1_689' title='bbox 2326 4411 2374 4461; x_wconf 86' lang='grc' dir='ltr'><strong>οἰ</strong></span> <span class='ocrx_word' id='word_1_690' title='bbox 2420 4409 2615 4471; x_wconf 72' lang='grc' dir='ltr'>λοιποὶ,</span> <span class='ocrx_word' id='word_1_691' title='bbox 2669 4429 2687 4459; x_wconf 74' lang='grc' dir='ltr'><strong>ι</strong></span> <span class='ocrx_word' id='word_1_692' title='bbox 2734 4407 2795 4460; x_wconf 87' lang='grc' dir='ltr'><strong>τὸ</strong></span> <span class='ocrx_word' id='word_1_693' title='bbox 2826 4409 3028 4475; x_wconf 73' lang='grc' dir='ltr'>φύσει,</span> <span class='ocrx_word' id='word_1_694' title='bbox 3064 4405 3184 4458; x_wconf 78' lang='grc' dir='ltr'>ἀντὶ</span> <span class='ocrx_word' id='word_1_695' title='bbox 3223 4403 3350 4469; x_wconf 91' lang='grc' dir='ltr'>τοῦ,</span> <span class='ocrx_word' id='word_1_696' title='bbox 3399 4403 3638 4472; x_wconf 81' lang='grc' dir='ltr'>άληθῶς,</span> <span class='ocrx_word' id='word_1_697' title='bbox 3683 4403 3910 4473; x_wconf 76' lang='grc' dir='ltr'>λαμϐά-</span> 
     </span>
    </p>
   </div>
   <div class='ocr_carea' id='block_1_99' title="bbox 2329 4497 3913 4570">
    <p class='ocr_par' dir='ltr' id='par_1_99' title="bbox 2329 4497 3913 4570">
     <span class='ocr_line' id='line_1_99' title="bbox 2329 4497 3913 4570; baseline -0.004 -13"><span class='ocrx_word' id='word_1_698' title='bbox 2329 4520 2512 4557; x_wconf 88' lang='grc' dir='ltr'>νουσα.</span> <span class='ocrx_word' id='word_1_699' title='bbox 2551 4503 2613 4553; x_wconf 88' lang='grc' dir='ltr'>Οί</span> <span class='ocrx_word' id='word_1_700' title='bbox 2661 4500 2991 4570; x_wconf 86' lang='grc' dir='ltr'>διαιροῦντες</span> <span class='ocrx_word' id='word_1_701' title='bbox 3032 4499 3209 4551; x_wconf 85' lang='grc' dir='ltr'>τοίνυν</span> <span class='ocrx_word' id='word_1_702' title='bbox 3253 4498 3352 4560; x_wconf 79' lang='grc' dir='ltr'><strong>τὰς</strong></span> <span class='ocrx_word' id='word_1_703' title='bbox 3394 4497 3721 4559; x_wconf 83' lang='grc' dir='ltr'>ὑποστάσεις</span> <span class='ocrx_word' id='word_1_704' title='bbox 3770 4499 3913 4565; x_wconf 84' lang='grc' dir='ltr'><strong>μετά</strong></span> 
     </span>
    </p>
   </div>
   <div class='ocr_carea' id='block_1_100' title="bbox 2326 4589 3915 4666">
    <p class='ocr_par' dir='ltr' id='par_1_100' title="bbox 2326 4589 3915 4666">
     <span class='ocr_line' id='line_1_100' title="bbox 2326 4589 3915 4666; baseline -0.005 -18"><span class='ocrx_word' id='word_1_705' title='bbox 2326 4596 2428 4666; x_wconf 81' lang='grc' dir='ltr'><strong>τὴν</strong></span> <span class='ocrx_word' id='word_1_706' title='bbox 2457 4595 2673 4655; x_wconf 70' lang='grc' dir='ltr'>ἕνωσιν,</span> <span class='ocrx_word' id='word_1_707' title='bbox 2696 4593 2787 4646; x_wconf 69' lang='grc' dir='ltr'>καὶ</span> <span class='ocrx_word' id='word_1_708' title='bbox 2813 4592 2918 4644; x_wconf 71' lang='grc' dir='ltr'><strong>ἀνὰ</strong></span> <span class='ocrx_word' id='word_1_709' title='bbox 2961 4591 3124 4662; x_wconf 82' lang='grc' dir='ltr'>μέρος</span> <span class='ocrx_word' id='word_1_710' title='bbox 3165 4589 3401 4653; x_wconf 80' lang='grc' dir='ltr'>τιθέντες</span> <span class='ocrx_word' id='word_1_711' title='bbox 3432 4589 3723 4660; x_wconf 78' lang='grc' dir='ltr'>ἑκατέραν,</span> <span class='ocrx_word' id='word_1_712' title='bbox 3752 4605 3915 4640; x_wconf 70' lang='grc' dir='ltr'>τουτο</span> 
     </span>
    </p>
   </div>
   <div class='ocr_carea' id='block_1_101' title="bbox 2331 4681 3914 4755">
    <p class='ocr_par' dir='ltr' id='par_1_101' title="bbox 2331 4681 3914 4755">
     <span class='ocr_line' id='line_1_101' title="bbox 2331 4681 3914 4755; baseline -0.005 -16"><span class='ocrx_word' id='word_1_713' title='bbox 2331 4687 2476 4739; x_wconf 79' lang='grc' dir='ltr'>ἐστιν</span> <span class='ocrx_word' id='word_1_714' title='bbox 2514 4684 2799 4755; x_wconf 80' lang='grc' dir='ltr'>ἄνθρωπον</span> <span class='ocrx_word' id='word_1_715' title='bbox 2853 4684 2946 4737; x_wconf 71' lang='grc' dir='ltr'><strong>καὶ</strong></span> <span class='ocrx_word' id='word_1_716' title='bbox 2999 4683 3151 4748; x_wconf 81' lang='grc' dir='ltr'>Θεὸν,</span> <span class='ocrx_word' id='word_1_717' title='bbox 3217 4682 3312 4734; x_wconf 80' lang='grc' dir='ltr'>καὶ</span> <span class='ocrx_word' id='word_1_718' title='bbox 3385 4681 3727 4741; x_wconf 76' lang='grc' dir='ltr'>ἐπινοοῦντες</span> <span class='ocrx_word' id='word_1_719' title='bbox 3782 4697 3914 4732; x_wconf 78' lang='grc' dir='ltr'>συνο</span> 
     </span>
    </p>
   </div>
   <div class='ocr_carea' id='block_1_102' title="bbox 2327 4771 3912 4847">
    <p class='ocr_par' dir='ltr' id='par_1_102' title="bbox 2327 4771 3912 4847">
     <span class='ocr_line' id='line_1_102' title="bbox 2327 4771 3912 4847; baseline -0.008 -14"><span class='ocrx_word' id='word_1_720' title='bbox 2327 4780 2523 4847; x_wconf 81' lang='grc' dir='ltr'>άφειαν</span> <span class='ocrx_word' id='word_1_721' title='bbox 2553 4778 2734 4837; x_wconf 82' lang='grc' dir='ltr'>αὐτοῖς</span> <span class='ocrx_word' id='word_1_722' title='bbox 2768 4776 2865 4847; x_wconf 84' lang='grc' dir='ltr'><strong>τὴν</strong></span> <span class='ocrx_word' id='word_1_723' title='bbox 2900 4775 3040 4828; x_wconf 80' lang='grc' dir='ltr'><strong>κατά</strong></span> <span class='ocrx_word' id='word_1_724' title='bbox 3064 4792 3126 4842; x_wconf 89' lang='grc' dir='ltr'><strong>γε</strong></span> <span class='ocrx_word' id='word_1_725' title='bbox 3165 4774 3332 4843; x_wconf 85' lang='grc' dir='ltr'>μόνην</span> <span class='ocrx_word' id='word_1_726' title='bbox 3364 4773 3462 4840; x_wconf 81' lang='grc' dir='ltr'>τὴν</span> <span class='ocrx_word' id='word_1_727' title='bbox 3492 4771 3666 4837; x_wconf 80' lang='grc' dir='ltr'>ἀξίαν,</span> <span class='ocrx_word' id='word_1_728' title='bbox 3688 4771 3779 4823; x_wconf 80' lang='grc' dir='ltr'>δύο</span> <span class='ocrx_word' id='word_1_729' title='bbox 3806 4789 3912 4822; x_wconf 68' lang='grc' dir='ltr'><strong>που</strong></span> 
     </span>
    </p>
   </div>
   <div class='ocr_carea' id='block_1_103' title="bbox 2330 4861 3913 4934">
    <p class='ocr_par' dir='ltr' id='par_1_103' title="bbox 2330 4861 3913 4934">
     <span class='ocr_line' id='line_1_103' title="bbox 2330 4861 3913 4934; baseline -0.008 -9"><span class='ocrx_word' id='word_1_730' title='bbox 2330 4871 2548 4933; x_wconf 82' lang='grc' dir='ltr'>πάντως</span> <span class='ocrx_word' id='word_1_731' title='bbox 2600 4869 2818 4922; x_wconf 81' lang='grc' dir='ltr'>ἰστῶσιν</span> <span class='ocrx_word' id='word_1_732' title='bbox 2879 4867 3058 4930; x_wconf 76' lang='grc' dir='ltr'>υἱούς·</span> <span class='ocrx_word' id='word_1_733' title='bbox 3149 4865 3327 4918; x_wconf 86' lang='grc' dir='ltr'>καίτοι</span> <span class='ocrx_word' id='word_1_734' title='bbox 3379 4865 3479 4934; x_wconf 83' lang='grc' dir='ltr'>τῆς</span> <span class='ocrx_word' id='word_1_735' title='bbox 3549 4861 3913 4916; x_wconf 77' lang='grc' dir='ltr'>θεοπνεύστου</span> 
     </span>
    </p>
   </div>
   <div class='ocr_carea' id='block_1_104' title="bbox 2332 4954 3914 5034">
    <p class='ocr_par' dir='ltr' id='par_1_104' title="bbox 2332 4954 3914 5034">
     <span class='ocr_line' id='line_1_104' title="bbox 2332 4954 3914 5034; baseline -0.007 -18"><span class='ocrx_word' id='word_1_736' title='bbox 2332 4964 2552 5034; x_wconf 84' lang='grc' dir='ltr'>Γραφῆς</span> <span class='ocrx_word' id='word_1_737' title='bbox 2581 4961 2675 5014; x_wconf 72' lang='grc' dir='ltr'><strong>ἕνα</strong></span> <span class='ocrx_word' id='word_1_738' title='bbox 2701 4960 2964 5029; x_wconf 76' lang='grc' dir='ltr'>λεγούσης</span> <span class='ocrx_word' id='word_1_739' title='bbox 3013 4958 3154 5021; x_wconf 77' lang='grc' dir='ltr'>Υίὸν,</span> <span class='ocrx_word' id='word_1_740' title='bbox 3190 4957 3284 5009; x_wconf 72' lang='grc' dir='ltr'><strong>καὶ</strong></span> <span class='ocrx_word' id='word_1_741' title='bbox 3317 4956 3540 5026; x_wconf 84' lang='grc' dir='ltr'>Κύριον.</span> <span class='ocrx_word' id='word_1_742' title='bbox 3574 4955 3735 5006; x_wconf 83' lang='grc' dir='ltr'>Ὥστε</span> <span class='ocrx_word' id='word_1_743' title='bbox 3770 4954 3914 5022; x_wconf 83' lang='grc' dir='ltr'><strong>μετά</strong></span> 
     </span>
    </p>
   </div>
   <div class='ocr_carea' id='block_1_105' title="bbox 2329 5045 3914 5124">
    <p class='ocr_par' dir='ltr' id='par_1_105' title="bbox 2329 5045 3914 5124">
     <span class='ocr_line' id='line_1_105' title="bbox 2329 5045 3914 5124; baseline -0.006 -17"><span class='ocrx_word' id='word_1_744' title='bbox 2329 5052 2428 5124; x_wconf 81' lang='grc' dir='ltr'><strong>τὴν</strong></span> <span class='ocrx_word' id='word_1_745' title='bbox 2470 5053 2707 5123; x_wconf 80' lang='grc' dir='ltr'>ἄρρητον</span> <span class='ocrx_word' id='word_1_746' title='bbox 2757 5050 2969 5114; x_wconf 77' lang='grc' dir='ltr'>ἕνωσιν,</span> <span class='ocrx_word' id='word_1_747' title='bbox 3017 5049 3120 5101; x_wconf 86' lang='grc' dir='ltr'>κᾶν</span> <span class='ocrx_word' id='word_1_748' title='bbox 3167 5047 3301 5100; x_wconf 78' lang='grc' dir='ltr'>Θεὸν</span> <span class='ocrx_word' id='word_1_749' title='bbox 3341 5047 3614 5116; x_wconf 82' lang='grc' dir='ltr'>όνομάσῃς</span> <span class='ocrx_word' id='word_1_750' title='bbox 3643 5045 3734 5098; x_wconf 88' lang='grc' dir='ltr'><strong>τὸν</strong></span> <span class='ocrx_word' id='word_1_751' title='bbox 3779 5045 3914 5115; x_wconf 82' lang='grc' dir='ltr'><strong>Ἐμ-</strong></span> 
     </span>
    </p>
   </div>
   <div class='ocr_carea' id='block_1_106' title="bbox 2332 5137 3914 5215">
    <p class='ocr_par' dir='ltr' id='par_1_106' title="bbox 2332 5137 3914 5215">
     <span class='ocr_line' id='line_1_106' title="bbox 2332 5137 3914 5215; baseline -0.006 -17"><span class='ocrx_word' id='word_1_752' title='bbox 2332 5143 2592 5215; x_wconf 82' lang='grc' dir='ltr'>μανουὴλ,</span> <span class='ocrx_word' id='word_1_753' title='bbox 2626 5141 2977 5213; x_wconf 83' lang='grc' dir='ltr'>σαρκωθέντα</span> <span class='ocrx_word' id='word_1_754' title='bbox 3012 5157 3071 5192; x_wconf 86' lang='grc' dir='ltr'><strong>τε</strong></span> <span class='ocrx_word' id='word_1_755' title='bbox 3106 5139 3198 5192; x_wconf 80' lang='grc' dir='ltr'><strong>καὶ</strong></span> <span class='ocrx_word' id='word_1_756' title='bbox 3235 5137 3731 5208; x_wconf 79' lang='grc' dir='ltr'>ἐνανθρωπήσαντα</span> <span class='ocrx_word' id='word_1_757' title='bbox 3758 5137 3914 5190; x_wconf 70' lang='grc' dir='ltr'>νοοῦ-</span> 
     </span>
    </p>
   </div>
   <div class='ocr_carea' id='block_1_107' title="bbox 2331 5228 3913 5307">
    <p class='ocr_par' dir='ltr' id='par_1_107' title="bbox 2331 5228 3913 5307">
     <span class='ocr_line' id='line_1_107' title="bbox 2331 5228 3913 5307; baseline -0.005 -19"><span class='ocrx_word' id='word_1_758' title='bbox 2331 5252 2431 5307; x_wconf 90' lang='grc' dir='ltr'><strong>μεν</strong></span> <span class='ocrx_word' id='word_1_759' title='bbox 2455 5237 2615 5305; x_wconf 81' lang='grc' dir='ltr'>ἡμεῖς</span> <span class='ocrx_word' id='word_1_760' title='bbox 2640 5234 2730 5287; x_wconf 88' lang='grc' dir='ltr'><strong>τὸν</strong></span> <span class='ocrx_word' id='word_1_761' title='bbox 2761 5236 2823 5286; x_wconf 86' lang='grc' dir='ltr'>ὲκ</span> <span class='ocrx_word' id='word_1_762' title='bbox 2852 5231 2984 5285; x_wconf 86' lang='grc' dir='ltr'>Θεοῦ</span> <span class='ocrx_word' id='word_1_763' title='bbox 3012 5231 3222 5302; x_wconf 81' lang='grc' dir='ltr'>Πατρὸς</span> <span class='ocrx_word' id='word_1_764' title='bbox 3252 5230 3424 5297; x_wconf 90' lang='grc' dir='ltr'>Λόγον</span> <span class='ocrx_word' id='word_1_765' title='bbox 3445 5246 3459 5261; x_wconf 79' lang='grc'><em>’</em></span> <span class='ocrx_word' id='word_1_766' title='bbox 3494 5228 3597 5282; x_wconf 80' lang='grc' dir='ltr'><strong>κᾶν</strong></span> <span class='ocrx_word' id='word_1_767' title='bbox 3621 5229 3913 5298; x_wconf 80' lang='grc' dir='ltr'>ἄνθρωπον</span> 
     </span>
    </p>
   </div>
   <div class='ocr_carea' id='block_1_108' title="bbox 2328 5317 3914 5396">
    <p class='ocr_par' dir='ltr' id='par_1_108' title="bbox 2328 5317 3914 5396">
     <span class='ocr_line' id='line_1_108' title="bbox 2328 5317 3914 5396; baseline -0.004 -19"><span class='ocrx_word' id='word_1_768' title='bbox 2328 5325 2511 5396; x_wconf 82' lang='grc' dir='ltr'>εἴπῃς,</span> <span class='ocrx_word' id='word_1_769' title='bbox 2555 5324 2705 5377; x_wconf 82' lang='grc' dir='ltr'>οὐδὲν</span> <span class='ocrx_word' id='word_1_770' title='bbox 2738 5318 2900 5395; x_wconf 76' lang='grc' dir='ltr'>ἧττον</span> <span class='ocrx_word' id='word_1_771' title='bbox 2947 5322 3153 5374; x_wconf 76' lang='grc' dir='ltr'>ἐκεῖνον</span> <span class='ocrx_word' id='word_1_772' title='bbox 3201 5319 3384 5385; x_wconf 73' lang='grc' dir='ltr'>αὑτὸν,</span> <span class='ocrx_word' id='word_1_773' title='bbox 3425 5319 3482 5372; x_wconf 78' lang='grc' dir='ltr'>ὲν</span> <span class='ocrx_word' id='word_1_774' title='bbox 3532 5318 3645 5385; x_wconf 85' lang='grc' dir='ltr'>τοῖς</span> <span class='ocrx_word' id='word_1_775' title='bbox 3683 5317 3785 5388; x_wconf 79' lang='grc' dir='ltr'><strong>τῆς</strong></span> <span class='ocrx_word' id='word_1_776' title='bbox 3825 5317 3914 5370; x_wconf 81' lang='grc' dir='ltr'>ἀν-</span> 
     </span>
    </p>
   </div>
   <div class='ocr_carea' id='block_1_109' title="bbox 2176 5480 2625 5552">
    <p class='ocr_par' dir='ltr' id='par_1_109' title="bbox 2176 5480 2625 5552">
     <span class='ocr_line' id='line_1_109' title="bbox 2176 5480 2625 5552; baseline -0.004 -17"><span class='ocrx_word' id='word_1_777' title='bbox 2176 5482 2219 5513; x_wconf 85' lang='grc'>¹⁸</span> <span class='ocrx_word' id='word_1_778' title='bbox 2246 5480 2444 5552; x_wconf 87' lang='lat' dir='ltr'><strong>Ephes.</strong></span> <span class='ocrx_word' id='word_1_779' title='bbox 2472 5497 2533 5548; x_wconf 86' lang='lat' dir='ltr'><strong>tt,</strong></span> <span class='ocrx_word' id='word_1_780' title='bbox 2574 5480 2625 5534; x_wconf 90' lang='lat'><strong>6.</strong></span> 
     </span>
    </p>
   </div>
   <div class='ocr_carea' id='block_1_110' title="bbox 1699 5638 2879 5712">
    <p class='ocr_par' dir='ltr' id='par_1_110' title="bbox 1699 5638 2879 5712">
     <span class='ocr_line' id='line_1_110' title="bbox 1699 5638 2879 5712; baseline 0 -17"><span class='ocrx_word' id='word_1_781' title='bbox 1699 5639 1868 5695; x_wconf 81' lang='lat' dir='ltr'><strong>Variae</strong></span> <span class='ocrx_word' id='word_1_782' title='bbox 1902 5638 2165 5696; x_wconf 88' lang='lat' dir='ltr'><strong>lectiones</strong></span> <span class='ocrx_word' id='word_1_783' title='bbox 2191 5653 2257 5695; x_wconf 76' lang='lat' dir='ltr'><strong>ex</strong></span> <span class='ocrx_word' id='word_1_784' title='bbox 2281 5639 2468 5696; x_wconf 85' lang='lat' dir='ltr'><strong>codice</strong></span> <span class='ocrx_word' id='word_1_785' title='bbox 2498 5639 2879 5712; x_wconf 76' lang='lat' dir='ltr'><strong>Seguieriano.</strong></span> 
     </span>
    </p>
   </div>
   <div class='ocr_carea' id='block_1_111' title="bbox 707 5778 1462 5850">
    <p class='ocr_par' dir='ltr' id='par_1_111' title="bbox 707 5778 1462 5850">
     <span class='ocr_line' id='line_1_111' title="bbox 707 5778 1462 5850; baseline -0.001 -17"><span class='ocrx_word' id='word_1_786' title='bbox 707 5788 749 5820; x_wconf 78' lang='grc' dir='ltr'>ιι</span> <span class='ocrx_word' id='word_1_787' title='bbox 778 5778 978 5850; x_wconf 80' lang='grc' dir='ltr'>συνοόῳ</span> <span class='ocrx_word' id='word_1_788' title='bbox 1011 5781 1100 5849; x_wconf 75' lang='grc' dir='ltr'><strong>τῇ.</strong></span> <span class='ocrx_word' id='word_1_789' title='bbox 1178 5788 1201 5814; x_wconf 75' lang='grc' dir='ltr'><strong>υ</strong></span> <span class='ocrx_word' id='word_1_790' title='bbox 1236 5781 1462 5848; x_wconf 75' lang='grc' dir='ltr'>φυσικῇ.</span> 
     </span>
    </p>
   </div>
  </div>
