4078 6348
174 407 261 460 301
1196 396 1604 453 EXPIJCATIO
1645 394 1995 452 DUODECIM
2036 394 2365 450 CAPITUM.

3312 388 3416 441 502

170 519 510 589 Θρωπότητος
569 518 784 588 μέτροις
838 518 1179 588 καθηγμένον
1230 515 1584 586 οἰκονομικῶς
1630 517 1744 567 tm-

1851 523 1959 563 tnm
1988 510 2077 564 Dei
2123 510 2301 563 Patris
2331 507 2562 561 Verbum
2595 505 2897 575 accipimus
2930 521 2943 557 :
2987 503 3100 555 sive
3148 501 3417 555 hominem

167 609 522 680 γινώσκομεν.
565 610 847 678 Γεγονέναι
886 610 939 662 δέ
973 629 1153 680 φαμεν
1189 610 1349 662 αὑτὸν
1376 617 1398 641 ⁰
1432 607 1602 661 ἁπτὸν
1649 606 1741 657 τὸν

168 704 377 770 ἀναφῆ·
431 703 629 773 ὁρατὸν
673 703 764 754 τὸν
813 704 1062 769 ἀόρατον.
1113 704 1187 755 Οὐ
1218 702 1325 769 γὰρ
1353 698 1420 771 ἦν
1464 698 1743 767 ἀλλότριον

167 794 325 847 αὐτοῦ
379 794 437 845 τὸ
496 794 693 847 ὲνωθὲν
728 794 875 864 αὐτῷ
929 794 1108 864 σῶμα,
1160 793 1188 845 ὂ
1236 794 1330 845 καὶ
1379 789 1551 844 ἁπτὸν
1604 785 1742 840 εἷναί

168 901 363 953 φαμεν,
402 886 495 937 καὶ
536 886 749 954 ὁρατόν.
789 886 925 947 Τοὺς
964 886 1020 936 δὲ
1066 884 1140 955 μὴ
1180 883 1323 936 οὕτω
1363 881 1740 943 πιστεύοντας,

164 976 476 1039 διιστῶντας
513 977 604 1039 δὲ,
652 979 723 1041 ὼς
764 978 919 1047 ἔφην,
958 977 1057 1041 τὰς
1105 977 1427 1038 ὑποστάσεις
1460 974 1597 1044 μετά
1643 973 1741 1042 τὴν

166 1058 374 1131 ἕνωσιν,
432 1070 524 1120 καὶ
576 1069 739 1137 ψιλὴν
795 1071 985 1132 αὑταῖς
1044 1071 1338 1139 συνάφειαν
1394 1067 1741 1128 ἐπινοοῦντας

165 1160 303 1212 κατά
346 1160 511 1231 μόνην
541 1162 638 1233 τὴν
690 1161 865 1225 ἀξίαν,
916 1162 1084 1231 ἤγουν
1117 1162 1421 1222 αὑθεντῑαν,
1469 1160 1744 1230 ἀλλοτριοῖ

164 1251 266 1303 τῶν
305 1251 440 1320 ὀρΘά
484 1253 824 1321 φρονούντων
872 1263 897 1302 P
941 1256 969 1306 ὁ
1003 1255 1360 1324 προκείμενος
1411 1251 1741 1321 ἀναθεματι-

167 1342 315 1409 σμός.

1841 602 2066 665 dixeris,
2107 617 2205 656 nos
2243 616 2398 670 atque
2454 600 2580 653 illud
2609 600 2783 667 ipsum
2835 597 2962 667 (Dei
3005 593 3277 661 Verbum)
3326 609 3418 663 per

1842 694 2299 764 dispensationem
2338 694 2388 745 in
2430 706 2712 745 mensuras
2741 690 3095 745 humanitatis
3121 688 3418 741 demissum

1844 789 2210 856 agnoscimus.
2287 785 2527 839 Dicimus
2604 785 2784 853 itaque
2857 783 3031 851 ipsum
3094 780 3419 849 palpabilem

1844 879 2042 933 factum
2075 894 2216 943 esse,
2243 879 2333 947 qui
2373 876 2728 946 impalpabilis
2779 885 2893 940 est;
2925 884 2979 928 et
3005 874 3293 937 visibilem,
3328 873 3420 942 qui

1848 971 2153 1027 invisibilis.
2189 971 2302 1024 Non
2359 971 2501 1024 enim
2544 971 2780 1024 alienum
2825 978 2945 1023 erat
3003 968 3162 1036 150
3210 968 3276 1021 ab
3332 966 3419 1020 illo

1850 1079 2046 1131 corpus
2104 1062 2246 1131 quod
2272 1063 2376 1115 sibi
2418 1062 2612 1125 univit,
2650 1060 2787 1129 quod
2835 1061 3021 1127 utique
3065 1058 3332 1127 palpabile
3369 1065 3423 1111 et

1859 1156 2072 1210 visibile
2116 1155 2367 1209 dicimus.
2420 1153 2525 1208 Eos
2578 1169 2728 1216 vero,
2770 1154 2860 1222 qui
2906 1153 2976 1206 ita
3031 1166 3136 1204 non
3170 1150 3422 1211 credunt,

1846 1248 1937 1301 sed
1979 1245 2360 1300 subsistentias
2406 1256 2527 1312 post
2568 1244 2842 1299 unionem.
2887 1252 2944 1295 ut
2976 1242 3134 1295 modo
3189 1241 3424 1303 aiebam,

1848 1338 2370 1404 dividunt;eamque
2402 1336 2598 1388 nudam
2638 1335 2876 1402 Ipsarum
2932 1334 3182 1385 unionem
3208 1331 3424 1400 excogi-

166 1445 300 1499 tant,
331 1448 448 1502 qua
484 1436 533 1487 in
579 1434 689 1487 sola
758 1435 1020 1505 dignitate
1079 1437 1192 1490 sive
1235 1435 1558 1488 auctoritate
1624 1431 1895 1495 censistit,
1936 1437 2252 1500 propositus
2320 1428 2406 1482 hic
2494 1427 2978 1481 anathematismus
3013 1426 3081 1477 ab
3123 1425 3187 1478 iis
3221 1423 3425 1478 alienos

162 1542 279 1579 esse
312 1528 515 1596 judicat
556 1529 645 1601 qui
692 1544 810 1598 qure
854 1541 996 1584 recta
1058 1540 1182 1583 sunt
1221 1530 1424 1583 sentire
1462 1537 1886 1583 consueverunt.

605 1641 1195 1695 ΑΝΑΘΕΜΑΤΙΣΜΟΣ
1234 1645 1305 1694 Δ’.

234 1752 297 1803 Et
328 1769 412 1815 τις
448 1754 759 1823 προσώποις
784 1756 956 1819 δυσὶν,
985 1757 1151 1824 ἤγουν
1174 1755 1523 1817 ὑποστάσεσι,
1554 1755 1650 1817 τὰς
1681 1768 1740 1805 τε

2255 1630 2895 1690 ANATHEMATISMUS
2935 1630 3023 1688 IV.

1922 1749 1979 1805 Si
2024 1750 2145 1818 quis
2193 1747 2403 1802 duabus
2450 1746 2697 1815 personis
2740 1746 2856 1800 sive
2901 1743 3285 1814 hypostasibus
3329 1756 3424 1795 eas

162 1845 218 1896 ὲν
246 1846 360 1907 τοῖς
391 1845 767 1911 εὐαγγε).ικοῖς
802 1848 896 1899 καὶ
926 1848 1304 1911 ἀποστολικοῖς
1337 1846 1739 1915 Συγγράμμασι

1851 1855 2002 1896 voces
2053 1838 2323 1903 attribuit,
2372 1853 2492 1908 qua:
2536 1837 2588 1891 in
2634 1835 2961 1906 evangelicis
3012 1843 3065 1889 et
3116 1832 3426 1902 apostolicis

159 1933 406 2005 διανέμει
430 1936 684 2006 φωνὰς,ῆ
712 1938 803 1989 ἐπὶ
835 1938 1058 2008 Χριστῷ
1085 1940 1236 2008 παρά
1262 1939 1371 1990 τῶν
1396 1938 1565 2005 ἁγίων
1592 1937 1744 2003 λεγο-

164 2028 354 2095 μένας,
398 2030 431 2098 ἢ
481 2031 612 2100 παρ’
646 2029 812 2082 αὑτοῦ
854 2032 979 2101 περὶ
1015 2032 1205 2083 ἑαυτοῦ
1229 2050 1240 2060 ·
1281 2032 1374 2083 καὶ
1409 2032 1506 2090 τὰς
1543 2030 1641 2100 μὲν
1668 2028 1744 2091 ὡς

161 2117 438 2188 ἀνθρώπῳ
478 2120 629 2189 παρά
680 2120 771 2172 τὸν
806 2122 869 2172 ἐκ
914 2121 1048 2173 Θεοῦ
1097 2121 1307 2190 Πατρὸς
1350 2122 1523 2188 Λόγον
1565 2120 1744 2183 ἱδικῶς

160 2206 441 2276 νοουμένῳ
468 2209 793 2277 προσάπτει,
829 2210 925 2271 τὰς
954 2210 1009 2263 δὲ
1041 2211 1113 2273 ὡς
1146 2212 1468 2281 θεοπρεπεῐς
1499 2211 1644 2281 μόνῳ
1668 2210 1744 2281 τῷ

161 2295 223 2347 ἐκ
250 2295 389 2349 Θεοῦ
427 2296 635 2367 Πατρὸς
666 2298 852 2367 Λόγῳ·
897 2298 1146 2369 ἀνάθεμα
1174 2300 1332 2354 ἔστω.

743 2497 1054 2562 Ἐπίλυσις
1093 2497 1162 2551 δ’.

245 2604 337 2657 Ἐν
370 2608 550 2676 μορφῇ
592 2608 685 2659 καὶ
718 2608 928 2678 ἰσότητι
962 2610 1056 2662 τοῦ
1099 2609 1235 2662 Θεοῦ
1272 2611 1366 2663 καὶ
1396 2610 1607 2679 Πατρὸς
1641 2610 1745 2663 ὑπ-

160 2695 351 2766 άρχων
387 2698 414 2749 ὁ
437 2698 495 2762 ὲξ
525 2697 689 2751 αὐτοῦ
718 2699 913 2767 Λόγος,
946 2701 1045 2770 οὐχ
1071 2701 1362 2771 ἁρπαγμὸν
1410 2704 1653 2772 ἡγήσατο
1689 2702 1750 2753 τὸ

161 2783 305 2838 εἶναι
336 2782 431 2840 ἶσα
459 2787 600 2857 Θεῷ,
637 2788 821 2853 καθὼς
849 2789 1162 2861 γέγραπται
1184 2804 1197 2818 °
1224 2791 1429 2861 καθῆκε
1459 2792 1515 2844 δὲ
1550 2791 1748 2863 μᾶλλον

160 2878 359 2930 ἑαυτὸν
407 2880 487 2940 εὶς
534 2879 782 2935 ἑκούσιον
824 2882 1087 2947 κένωσιν,
1143 2881 1236 2935 καὶ
1273 2883 1747 2953 καταπεφοὶτηκεν

160 2966 451 3038 ἐθελοντὴς
476 2970 534 3021 ἐν
566 2971 679 3032 τοῖς
714 2970 833 3023 καθ’
868 2974 1037 3043 ἡμᾶς,
1062 2975 1122 3026 οὐ
1152 2974 1335 3044 μεθεὶς
1360 2975 1420 3027 τὸ
1450 2969 1589 3028 εἶναι
1612 2975 1748 3047 ὅπερ

160 3060 301 3123 ἐστὶ,
356 3061 683 3131 μεμενηκὼς
715 3062 772 3114 δὲ
816 3064 1016 3133 μᾶλλον
1057 3067 1151 3118 καὶ
1181 3066 1324 3118 οὕτω
1369 3065 1523 3128 Θεὸς,
1560 3065 1656 3119 καὶ
1688 3066 1749 3117 τὸ

1850 1932 2147 2000 Scripturis
2178 1932 2378 2001 passim
2428 1938 2759 1995 occurrunt;
2796 1942 2983 1995 quaeve
3033 1942 3061 1980 a
3112 1926 3315 1979 sanctis
3360 1926 3427 1977 de

1846 2022 2083 2086 Christo,
2122 2024 2203 2077 vel
2255 2023 2323 2075 ab
2355 2024 2470 2090 ipso
2510 2036 2726 2091 quoque
2769 2020 2990 2075 Christo
3022 2019 3085 2071 de
3134 2016 3311 2085 seipso
3340 2018 3424 2069 di-

1848 2124 1946 2168 ctze
1979 2122 2142 2177 sunt;
2178 2124 2232 2169 et
2264 2112 2397 2167 alias
2426 2113 2644 2179 quidem
2678 2110 2884 2165 homini
2919 2109 3085 2161 veluti
3125 2122 3366 2163 seorsum
3396 2122 3426 2159 a

1850 2203 1942 2257 Dei
1986 2204 2165 2258 Verbo
2208 2204 2553 2259 considerato
2602 2202 2863 2266 ascribit;
2912 2200 3047 2254 alias
3093 2213 3247 2264 vero,
3302 2208 3424 2251 tan-

1849 2310 2009 2363 quam
2046 2295 2152 2349 Dco
2183 2296 2584 2359 convenientes,
2626 2294 2727 2351 soli
2763 2294 2853 2348 Dei
2887 2291 3064 2347 Patris
3089 2291 3266 2346 Verbo
3299 2290 3424 2344 ada-

1850 2398 1997 2455 ptat:
2032 2387 2317 2442 anathema
2344 2388 2437 2441 sit.

2365 2500 2665 2554 Declaratio
2695 2510 2909 2568 quarta.

1921 2613 2014 2667 Dei
2046 2613 2223 2669 Patris
2254 2613 2487 2667 Verbum
2543 2614 2594 2666 in
2646 2612 2889 2681 ejusdem
2941 2609 3115 2664 Patris
3156 2610 3324 2663 forma
3374 2620 3429 2665 et

1850 2704 2159 2773 aequalitate
2190 2706 2478 2767 exsistens,
2526 2718 2635 2757 non
2684 2702 2931 2771 rapinam
2979 2702 3301 2755 arbitratum
3346 2710 3430 2756 est

1850 2811 1971 2850 esse
2016 2810 2073 2849 se
2118 2796 2322 2864 :equale
2365 2795 2496 2859 Deo,
2526 2804 2583 2848 ut
2610 2794 2874 2863 scriptum
2903 2792 3074 2859 est“,
3112 2793 3204 2848 sed
3250 2793 3430 2860 potius

1851 2889 2085 2957 seipsum
2143 2898 2334 2957 sponte
2373 2887 2707 2950 exinanivit,
2743 2897 2798 2940 et
2841 2886 2905 2940 ad
2938 2898 3120 2941 nostra
3165 2902 3224 2941 se
3253 2886 3427 2940 demi-

1852 2978 1942 3041 sit,
1984 2993 2089 3032 non
2138 2978 2394 3033 amittens
2429 2992 2549 3032 esse
2586 2978 2727 3046 quod
2776 2987 2881 3041 est,
2920 2978 3013 3031 sed
3062 2977 3232 3048 magis
3263 2977 3423 3031 etiam

1854 3068 1954 3122 hoc
1981 3079 2137 3138 pacto
2166 3067 2303 3123 Deus
2337 3084 2681 3136 permanens,
2720 3078 2775 3122 et
2816 3067 2948 3122 nihil
2993 3082 3178 3122 eorum
3206 3083 3328 3138 qua:
3361 3068 3427 3121 ad

160 3153 259 3221 τῆς
287 3152 711 3224 ἀνθρωπότητος
736 3154 837 3207 οὐκ
864 3155 1143 3225 ἀτιμάσας
1179 3157 1397 3226 μέτρον.
1426 3158 1611 3209 Πάντα
1647 3156 1745 3209 τοί-

1857 3160 2103 3213 Ιιιιιῐιιιηαξ
2127 3168 2332 3213 natura:
2356 3160 2723 3215 conditionem
2756 3160 3053 3228 pertinent,
3083 3169 3425 3229 aspernatus.

160 3261 254 3296 νυν
288 3242 459 3296 αὑτοῦ
493 3244 560 3297 τὰ
609 3245 888 3315 Θεοπρεπῆ
943 3248 1039 3298 καὶ
1100 3245 1435 3314 ἀνθρώπινα.
1490 3246 1599 3298 Ποῦ
1639 3247 1748 3316 γὰρ

160 3334 239 3387 ἔτι
272 3336 588 3389 κεκένωκεν
612 3337 833 3399 ἑαυτὸν,
863 3338 911 3389 εἰ
941 3339 1054 3401 τοῖς
1084 3337 1182 3407 τῆς
1207 3336 1623 3408 ἀνθρωπότητος
1653 3338 1748 3408 μέ-

158 3444 314 3497 τροις
363 3429 739 3498 ὲπερυθριᾷει;
789 3430 897 3481 Καὶ
940 3431 988 3481 εἰ
1037 3431 1376 3499 παρῃτεῖτοτ
1427 3430 1495 3483 τά
1534 3428 1747 3500 ἀνθρώ-

161 3534 297 3570 πινα
326 3558 341 3580 ,
378 3520 460 3581 τίς
491 3520 519 3569 ό
555 3519 911 3588 καταθήσαςί
945 3520 1104 3572 αὐτὸν
1151 3522 1225 3582 ὡς
1274 3521 1332 3584 ἐξ
1378 3521 1623 3589 ἀνάγκης
1655 3522 1749 3574 καὶ

164 3607 282 3675 βίας
322 3610 405 3669 εἰς
440 3608 499 3659 τὸ
532 3608 784 3675 γενέσθαι
821 3608 940 3661 καθ’
985 3609 1167 3677 ήμᾶς;
1218 3608 1401 3671 Πάσας
1434 3610 1611 3662 τοίνυν
1652 3610 1749 3672 τὰς

162 3703 219 3754 ὲν
258 3704 378 3763 τοῖς
412 3700 763 3768 Εὑαγγελίοις
789 3702 969 3769 φωνὰς
993 3740 1005 3763 ,
1044 3701 1142 3763 τάς
1170 3718 1229 3753 τε
1262 3702 1627 3770 ἀνθρωπίνας,
1654 3702 1749 3755 καὶ

165 3796 276 3863 μὴν
303 3792 403 3845 καὶ
434 3792 529 3854 τὰς
561 3792 907 3863 θεοπρεπεῖς,
938 3794 1016 3845 ἐνί
1038 3796 1313 3864 προσώπῳ
1337 3798 1745 3864 προσάπτομεν.

175 3883 400 3953 Ἐπειδὴ
434 3884 528 3936 καὶ
561 3884 656 3936 ἕνα
698 3884 1022 3954 πιστεύομεν
1052 3886 1176 3938 Υξὸν
1207 3882 1346 3938 εἶναι
1376 3885 1610 3956 Χριστὸν
1648 3886 1751 3955 Ἰη-

164 3974 329 4037 σοῦν,
360 3976 635 4027 τουτέστιν
666 3976 1166 4048 ἐνανθρωπήσαντά
1193 3996 1250 4029 τε
1277 3979 1368 4029 καὶ
1396 3978 1748 4047 σεσαρκωμέ-

160 4085 252 4120 νον
284 4068 382 4119 τὸν
419 4067 511 4118 τοῦ
546 4068 680 4119 Θεοῦ
712 4069 906 4136 Λόγον.
938 4070 1099 4122 ’Ὥστε
1130 4071 1231 4122 κᾶν
1264 4070 1397 4142 λέγῃ
1432 4088 1482 4121 τι
1513 4071 1620 4121 τῶν
1659 4070 1749 4121 ἀν-

161 4158 482 4227 Ορωπίνων,
534 4162 645 4220 τοῖς
698 4159 794 4227 τῆς
842 4159 1262 4229 ἀνθρωπότητος
1309 4162 1470 4214 αὐτοῦ
1532 4162 1749 4231 μέτροις

160 4249 643 4318 καταλογιούμεθα
665 4249 732 4301 τά
758 4250 1071 4320 ἀνθρώπινα
1089 4268 1101 4280 ·
1133 4252 1297 4303 αὑτοῦ
1329 4253 1437 4321 γὰρ
1465 4253 1625 4305 πάλιν
1657 4254 1751 4305 καὶ

158 4340 219 4391 τὸ
249 4340 595 4410 ἀνθρώπινον
621 4359 632 4372 ·
661 4341 763 4393 κάν
795 4342 867 4404 ὡς
901 4340 1031 4405 Θεὸς
1065 4343 1411 4413 διαλέγηται,
1448 4345 1581 4398 Θεὸν
1609 4341 1749 4399 εἶναι

160 4432 523 4494 πιστεύοντες
546 4432 637 4485 τὸν
663 4433 1183 4505 ὲνανθρωπήσαντα,
1211 4436 1372 4488 πάλιν
1400 4436 1474 4498 ὡς
1510 4437 1590 4487 ὲνὶ
1612 4437 1747 4506 Χρι-

1854 3250 1993 3304 Sunt
2022 3252 2203 3321 itaque
2238 3252 2382 3306 illius
2415 3253 2619 3318 omnia,
2652 3268 2759 3308 non
2795 3253 2970 3309 solum
3003 3253 3206 3318 divina,
3240 3268 3426 3305 verum

1851 3344 2013 3397 etiam
2046 3344 2303 3397 humana.
2330 3345 2443 3409 Qua
2475 3346 2616 3399 enim
2650 3346 2857 3400 ratione
2886 3360 2943 3399 se
2972 3345 3143 3413 ipsum
3176 3344 3429 3398 exinani-

1850 3435 1946 3501 vit,
1980 3436 2025 3491 si
2077 3437 2326 3491 humanae
2374 3447 2581 3492 natum
2613 3447 2796 3507 partes
2830 3438 3088 3491 erubuit?
3119 3437 3184 3491 Et
3233 3438 3277 3490 si
3326 3438 3426 3490 hu-

1853 3542 2010 3578 mana
2041 3536 2321 3581 aversatus
2358 3538 2462 3589 est,
2487 3529 2608 3598 quis
2638 3528 2783 3582 illum
2814 3537 3070 3595 tanquam
3102 3527 3429 3581 necessitate

1853 3626 1947 3669 aut
1968 3618 2021 3670 vi
2052 3618 2115 3670 ad
2144 3620 2246 3673 hoc
2274 3618 2508 3686 impulit,
2537 3627 2594 3671 ut
2619 3618 2774 3673 nobis
2796 3619 2989 3672 similis
3014 3619 3201 3672 ﬁeret?
3224 3618 3430 3673 Omnes

1855 3710 2037 3775 itaque
2086 3711 2361 3781 Evangelii
2408 3726 2590 3777 voces,
2642 3713 2755 3765 sive
2808 3711 2913 3765 illae
2959 3713 3253 3765 humanum
3296 3712 3427 3781 quid

1854 3812 2072 3865 sonant,
2105 3804 2220 3857 sive
2250 3803 2513 3866 divinum,
2550 3804 2642 3855 uni
2671 3818 2915 3872 personae
2949 3803 3238 3857 tribuimus
3263 3817 3277 3854 :
3302 3817 3426 3855 nam

1854 3902 1906 3949 et
1934 3893 2206 3947 Chrismm
2242 3890 2449 3955 Jesnm,
2482 3893 2582 3946 hoc
2614 3901 2697 3945 est
2730 3893 3139 3946 inhumanatnm
3172 3902 3226 3947 et
3252 3891 3431 3945 incar-

1852 3995 2037 4039 natum
2081 3985 2168 4038 Dei
2202 3984 2464 4046 Verbum,
2516 4000 2679 4038 unum
2720 3983 2917 4039 Filium
2966 3999 3088 4040 esse
3137 3984 3425 4039 credimus.

1853 4078 2029 4141 Quare
2062 4076 2104 4129 si
2133 4077 2257 4145 quid
2298 4075 2593 4127 humanum
2624 4076 2904 4143 praedicat,
2939 4075 3039 4129 hoc
3071 4076 3135 4128 ad
3179 4074 3430 4129 Immani-

1856 4171 1980 4223 tatis
2009 4170 2125 4235 ejus
2157 4168 2521 4222 conditionem
2555 4166 2949 4221 transferemus
2979 4166 3083 4238 (est
3115 4168 3258 4219 enim
3290 4167 3432 4220 illius

1852 4270 1907 4313 et
1959 4262 2069 4330 ipsa
2123 4275 2338 4330 quoque
2391 4258 2759 4327 humanitas);
2814 4260 2857 4312 si
2906 4273 3033 4313 vero
3074 4258 3326 4326 loquatur
3375 4268 3434 4311 ut

1856 4352 2015 4414 Deus,
2068 4354 2159 4405 uni
2212 4366 2426 4403 rursum
2480 4350 2701 4404 Christo
2748 4360 2801 4402 et
2850 4348 2987 4403 Filio
3036 4349 3434 4420 assignabimus

1857 4456 2014 4495 voces
2044 4456 2206 4511 supra
2244 4449 2491 4493 naturam
2530 4440 2786 4502 hominis,
2819 4439 2987 4493 Deum
3018 4440 3431 4494 inhumanatum

160 4524 274 4595 στῷ
324 4526 420 4576 καὶ
444 4524 559 4593 Υἱῷ
584 4525 681 4583 τὰς
707 4524 844 4594 ὑπὲρ
862 4526 1150 4596 ἀνθρώπου
1166 4526 1745 4596 φύσινπροσνεμοῦμεν

1860 4530 2005 4584 illum
2043 4546 2163 4584 esse
2212 4530 2514 4583 credentes.
2557 4529 2655 4593 Qui
2700 4544 2827 4583 vero
2872 4529 3015 4583 illum
3063 4528 3113 4583 in
3151 4530 3283 4585 duas
3314 4545 3435 4598 per-

158 4615 379 4681 φωνάς.
410 4613 475 4665 Οἱ
506 4614 561 4666 δὲ
594 4614 901 4677 διιστάντες
935 4618 1015 4679 εἰς
1061 4616 1153 4669 δύο
1206 4617 1491 4686 πρόσωπα,
1525 4618 1617 4669 δύο
1645 4635 1747 4669 που

157 4705 387 4765 πάντως
422 4702 728 4755 ἐπινοοῦσιν
758 4704 928 4766 υἱούς.
960 4706 1170 4775 Ὥσπερ
1201 4706 1309 4776 γὰρ
1343 4707 1433 4758 τὸν
1460 4706 1580 4757 καθ’
1603 4707 1749 4775 ἡμᾶς

156 4797 457 4867 ἄνθρωπον
502 4797 599 4847 οὐκ
636 4798 714 4858 εἰς
750 4796 843 4848 δύο
891 4798 1159 4867 πρόσωπα
1194 4797 1521 4868 διαιρεῖσθαι
1556 4799 1747 4867 Θέμις,

156 4889 261 4941 κᾶν
300 4890 365 4939 ἐκ
397 4887 582 4955 ψυχῆς
608 4891 784 4940 νοοῖτο
818 4888 910 4940 καὶ
942 4889 1215 4959 σώματος,
1257 4890 1371 4963 ἀλλ’
1396 4885 1476 4953 εἷς
1502 4891 1750 4952 ὲστι,κα“ι

154 4983 181 5031 ὁ
216 4980 388 5041 αὐτὸς
423 4978 709 5048 ἄνθρωπος
740 5021 753 5041 ,
790 4979 930 5033 οὕτω
970 4982 1062 5032 καὶ
1104 4983 1195 5033 ἐπὶ
1243 4981 1335 5034 τοῦ
1376 4982 1740 5052 Ἐμμανουήλ.

167 5072 398 5140 Ἐπειδὴ
432 5071 538 5141 γάρ
565 5072 713 5123 ἐστιν
747 5065 824 5132 εἷς
854 5072 979 5134 Υἱὸς
1029 5073 1121 5125 κα)⁹
1149 5073 1370 5143 Κύριος.
1405 5078 1432 5126 ό
1464 5092 1743 5143 σεσαρκω-

156 5164 332 5233 μένος
364 5163 461 5213 καὶ
520 5162 948 5233 ὲνανθρωπήσας
982 5165 1075 5217 τοῦ
1107 5165 1239 5217 Θεοῦ
1262 5166 1449 5233 Λόγος,
1483 5167 1539 5217 ἓν
1578 5167 1743 5219 αὐτοῦ

154 5256 385 5317 πάντως
406 5255 522 5306 ἐστὶ
551 5254 645 5306 καὶ
668 5256 990 5325 πρόσωπον
1030 5257 1122 5309 καὶ
1154 5258 1302 5327 αὑτῷ
1330 5260 1742 5329 προσνεμοῦμεν

257 5432 278 5461 ⁸
307 5431 541 5501 Philipp.
576 5446 637 5494 ιι,
670 5431 721 5492 6,
755 5434 807 5486 7.

1854 4637 2015 4675 sonas
2044 4622 2307 4686 dividunt,
2357 4624 2669 4675 necessario
2710 4621 2842 4675 duos
2882 4636 3097 4690 quoque
3127 4620 3263 4675 ﬁlios
3300 4636 3434 4674 con-

1855 4712 2081 4781 tingunt.
2131 4711 2283 4764 Sicut
2324 4711 2469 4765 enim
2516 4712 2677 4765 homo
2723 4726 2787 4764 ex
2840 4712 2993 4765 nobis
3022 4712 3268 4781 quilibet,
3308 4712 3435 4765 licet

1859 4804 2011 4873 151
2053 4820 2114 4857 ex
2151 4804 2330 4856 anima
2368 4813 2421 4856 et
2452 4818 2679 4872 corpore
2720 4804 3049 4857 constitutus
3079 4803 3431 4873 intelligatur,

1857 4911 1959 4949 non
1994 4895 2265 4965 geminus,
2310 4896 2403 4948 sed
2441 4910 2580 4948 unus
2625 4904 2678 4948 et
2715 4896 2854 4949 idem
2897 4896 3059 4949 homo
3102 4905 3183 4949 est
3218 4914 3229 4949 :
3266 4897 3337 4949 ita
3368 4896 3433 4948 de

1854 4986 2209 5040 Emmanuele
2256 5000 2472 5054 quoque
2526 4986 2680 5039 nobis
2744 4988 3086 5055 cogitandum
3134 4996 3238 5041 est.
3297 4986 3432 5053 Quia

1854 5092 2085 5147 namque
2124 5076 2215 5129 Dei
2251 5075 2482 5129 Verbum
2534 5075 2873 5128 incarnatum
2908 5084 2961 5130 et
3004 5076 3165 5130 homo
3210 5076 3430 5137 factum,

1854 5184 1991 5222 unus
2028 5178 2111 5223 est
2137 5168 2304 5222 Filius
2340 5175 2393 5221 et
2430 5166 2710 5231 Dominus,
2758 5182 2861 5220 una
2909 5168 3069 5221 etiam
3101 5167 3321 5221 omnino
3351 5174 3436 5221 est.

1854 5261 2022 5329 ipsius
2044 5275 2270 5330 persona
2306 5278 2317 5313 :
2353 5260 2508 5327 eique
2534 5258 2833 5313 tribuemus
2866 5268 2918 5312 et
2949 5260 3181 5313 humana
3216 5270 3435 5329 propter

1224 5585 1391 5640 νει-ιω
1421 5588 1677 5641 lectiones
1698 5603 1760 5639 ex
1792 5589 1976 5642 codice
2008 5588 2378 5657 Seguieriano.

234 5752 261 5779 ο
302 5743 651 5812 καθηγμένον
681 5742 1032 5812 οἰκονομικῶς
1057 5744 1490 5815 ἐπιγνινιὲισκομεν
1526 5742 1827 5810 γεγονέναι,
1869 5746 2050 5815 φαμὲν
2096 5749 2274 5801 τοίνυν
2318 5750 2499 5803 αὐτόν,

154 5815 422 5884 ηρυθρία.
507 5815 879 5880 τπαραιτεῖτο
979 5814 1359 5882 ⁸κατιυθήσας.
1407 5815 1735 5883 καταδήσας.

2583 5761 2607 5799 Ρ
2643 5755 2855 5822 φρονεῖν
2906 5754 3188 5807 εἰωθότων.
3269 5766 3295 5806 ιι
3334 5756 3427 5810 ἐπ·
