4078 6348
653 385 758 440 503

1634 380 1691 436 S.
1731 379 2006 436 CYRILLI
2049 379 2518 438 ALEXANDRINI
2559 380 2879 438 ARCHIEP.

3802 385 3905 440 504

653 496 798 552 illius
825 508 947 549 cum
980 507 1142 547 carne
1179 490 1666 562 dispensationem,
1698 503 1752 549 ct
1785 495 1965 550 divina
2002 504 2221 566 propter

2338 493 2392 547 ιά
2433 511 2490 547 τε
2534 495 2850 566 ἀνθρώπινα
2879 495 2967 550 διά
2991 497 3090 567 τὴν
3124 499 3438 569 οἰκονομίαν
3469 499 3568 572 τὴν
3600 502 3740 570 μετὰ
3769 519 3906 574 σαρ-

652 584 1081 658 inexplicabilem
1139 584 1379 652 ejusdem
1428 598 1495 639 ex
1567 582 1727 640 Patre
1790 587 2218 656 generationem.

649 680 914 735 Caeterum
954 677 1044 746 qui
1095 676 1239 730 illum
1289 676 1340 730 in
1375 676 1591 732 homine
1621 679 1912 746 separatim
1951 677 2217 744 dividunt,

651 777 903 836 tanquam
949 767 1037 834 qui
1079 765 1220 820 alius
1265 779 1295 818 a
1343 763 1436 818 Dei
1480 751 1659 820 Verbo
1714 765 1787 820 sit
1837 765 2027 829 Filius,
2075 775 2130 820 et
2169 767 2221 820 in

650 859 817 912 Deum
859 871 1128 924 seorsum,
1182 865 1436 926 tanquam
1470 858 1561 926 qui
1607 857 1746 912 alius
1796 859 1866 914 sit
1899 858 2061 922 ﬁlius,
2090 857 2224 914 duos

651 948 789 1002 tilios
851 957 1177 1012 asserentes,
1222 947 1480 1018 propositi
1547 949 1986 1005 anathematismi
2036 951 2222 1006 virtuti

651 1038 845 1095 merito
870 1038 1196 1094 subduntur.

1096 1155 1748 1213 ANATHEMATISMUS
1789 1156 1860 1212 V.

721 1276 779 1334 Si
811 1277 932 1348 quis
971 1274 1152 1331 dicere
1185 1272 1368 1338 audet,
1409 1272 1684 1327 Christum
1733 1273 2007 1328 hominem
2043 1271 2224 1329 Deite-

651 1387 792 1438 rum,
825 1384 890 1425 ac
919 1382 1026 1423 non
1057 1366 1235 1438 potius
1269 1379 1455 1420 verum
1501 1363 1670 1420 Deum
1701 1379 1842 1432 esse,
1875 1373 2060 1435 utpote
2106 1365 2227 1419 uni-

650 1471 774 1512 cum
813 1469 877 1510 ac
919 1451 1219 1508 naturalem
1254 1451 1461 1518 tilium;
1494 1461 1762 1522 quatenus
1804 1454 2058 1508 nimirum
2091 1451 2227 1508 Ver-

651 1547 777 1602 bum
817 1561 942 1600 caro
973 1545 1199 1612 factum,
1229 1543 1384 1598 carni
1416 1551 1469 1598 et
1496 1545 1749 1615 sanguini
1782 1545 2004 1615 perinde
2033 1559 2096 1601 ac
2131 1560 2228 1602 nos

653 1635 1078 1693 communicavit
1121 1653 1135 1688 :
1173 1633 1466 1689 anathema
1496 1634 1589 1690 sit.

1165 1743 1472 1798 Declaratio
1503 1745 1710 1814 quinta.

2323 587 2419 650 κὸς
2443 627 2456 651 ,
2494 589 2588 641 καὶ
2623 589 2730 659 μὴν
2779 590 2870 643 καὶ
2913 590 2980 643 τὰ
3011 590 3126 644 θεῖα
3151 591 3240 645 διὰ
3283 591 3382 663 τὴν
3417 593 3480 646 ὲκ
3507 593 3641 647 Θεοῦ
3692 595 3908 667 Πατρὸς

2323 676 2634 747 ἀπόρρητον
2663 676 2936 749 γέννησιν.
2965 680 3026 733 Oi
3060 679 3114 732 δὲ
3152 680 3487 748 διιστῶντες,
3513 683 3606 736 καὶ
3631 684 3908 756 ἀπομερί-

2325 767 2510 831 ζοντες
2562 769 2642 832 είς
2696 768 2982 838 ἄνθρωπον
3024 770 3242 836 ίδικῶς,
3277 772 3351 836 ὡς
3380 773 3566 844 ἕτερον
3607 775 3737 828 ὄντα
3779 777 3908 830 Υίὸν

2328 859 2480 931 παρά
2522 859 2613 913 τὸν
2647 861 2710 913 ὲκ
2754 859 2890 914 Θεοῦ
2921 862 3113 930 Λόγον,
3165 865 3258 917 καὶ
3292 865 3373 927 εἰς
3407 864 3537 918 Θεὸν
3572 865 3756 930 ίδικῶς
3777 906 3793 931 ,
3833 868 3909 931 ὡς

2325 952 2512 1022 ἕτερον
2541 951 2672 1005 ὄντα
2713 951 2848 1020 υίὸν,
2892 952 2984 1006 δύο
3031 953 3278 1022 λέγοντες
3331 956 3510 1022 υἱοὺς,
3543 957 3907 1028 ὑποφέρονται

2326 1041 2553 1107 δικαίως
2577 1045 2642 1114 τῇ
2668 1043 2896 1114 δυνάμει
2918 1044 3013 1097 τοῦ
3039 1045 3400 1116 προκειμένου
3433 1047 3906 1120 ἀναθεματισμοῦ.

2762 1159 3264 1214 ΑΝΑΘΕΜΛΤΙΣΜ
3271 1163 3351 1214 ΟΣ
3391 1161 3467 1218 Ε’.

2399 1270 2468 1325 Εἴ
2495 1288 2579 1336 τις
2607 1272 2782 1343 τολμᾷ
2810 1273 2990 1342 λέγειν
3025 1273 3282 1346 θεοφόρον
3331 1273 3620 1345 ἄνθρωπον
3652 1273 3746 1327 τὸν
3772 1274 3908 1346 Χριο

2335 1363 2478 1427 στὸν,
2515 1363 2609 1416 καὶ
2641 1364 2760 1436 οὐχὶ
2793 1365 2858 1434 δὴ
2884 1365 3081 1436 μᾶλλον
3115 1367 3246 1419 Θεὸν
3279 1363 3419 1420 εἶναι
3451 1366 3592 1420 κατὰ
3622 1365 3908 1436 ἀλήθειαν,

2329 1455 2427 1506 καὶ
2464 1453 2594 1507 Υίὸν
2627 1454 2746 1521 ἕνα,
2778 1456 2872 1508 καὶ
2898 1455 3079 1525 φύσει,
3113 1457 3248 1510 καθὸ
3270 1459 3460 1526 γέγονε
3487 1456 3621 1528 σὰρξ
3652 1458 3679 1509 6
3712 1457 3909 1525 Λόγος,

2329 1543 2424 1599 καὶ
2475 1545 2845 1616 κεκοινώνηκε
2895 1547 3294 1618 παραπλησίως
3340 1550 3472 1620 ἡμῖν
3521 1551 3775 1619 αἵματος,
3817 1549 3913 1602 καὶ

2331 1633 2533 1704 σαρκός
2559 1649 2573 1663 ·
2609 1633 2862 1704 ἀνάθεμα
2893 1633 3054 1690 ἔστω.

2908 1746 3222 1812 Ἐπίλυσις
3258 1755 3322 1800 ε’.

724 1838 956 1896 Verbum
998 1835 1090 1892 Dei
1125 1851 1344 1891 carnem
1392 1850 1514 1891 esse
1561 1835 1784 1901 factum,
1829 1837 1960 1892 dicit
2006 1852 2230 1908 magnus

2344 1913 2348 1914 γ
2401 1835 2588 1904 Σάρκα
2636 1834 2890 1903 γενέσθαι
2932 1833 3098 1905 φησῖν
3137 1838 3164 1888 6
3207 1837 3490 1903 θεσπέσιος
3519 1840 3912 1914 εὑαγγελιστὴς

655 1929 744 1984 ille
788 1929 1118 1996 evangelista
1160 1926 1398 1982 Joannes
1422 1925 1464 1958 ¹⁷
1499 1943 1513 1980 :
1546 1941 1653 1982 non
1687 1927 1828 1996 quod
1863 1929 2080 1998 pr0pria
2133 1942 2231 1983 na-

656 2032 778 2075 tura
808 2026 1191 2082 transmutata,
1236 2026 1331 2072 aut
1360 2031 1621 2073 conversa
1659 2019 1710 2072 in
1743 2032 1964 2073 carnem
2001 2020 2232 2074 transie-

655 2111 748 2175 rit,
809 2110 950 2164 sicut
989 2107 1105 2174 jam
1160 2118 1290 2160 ante
1339 2105 1647 2174 expositum
1699 2115 1782 2161 est
1829 2106 2044 2176 (expers
2086 2109 2230 2162 enim

656 2199 972 2256 mutationis
1019 2208 1102 2253 est
1144 2208 1204 2252 ut
1243 2197 1432 2264 Dens),
1481 2197 1575 2252 sed
1617 2197 1746 2266 quia
1793 2211 1947 2265 aeque
2004 2212 2068 2251 ac
2111 2212 2229 2262 nos,

656 2293 836 2348 carnis
863 2299 919 2345 et
947 2288 1226 2362 sanguinis
1251 2288 1542 2358 particeps,
1572 2295 1626 2342 et
1653 2289 1814 2343 homo
1848 2287 2102 2346 eii‘ectunt
2127 2299 2229 2344 est.

657 2385 824 2439 Sacra
857 2383 1003 2438 enim
1049 2382 1331 2450 Scriptura
1368 2381 1640 2436 hominem
1683 2395 1780 2434 suo
1829 2395 1978 2434 more
2011 2395 2232 2436 carnem

657 2475 922 2545 appellat;
979 2472 1242 2541 scriptum
1306 2481 1392 2526 est
1440 2471 1585 2527 enim
1633 2489 1646 2525 :
1713 2488 1731 2522 ι
1782 2467 1992 2525 Videbit
2059 2473 2233 2526 omnis

657 2581 786 2623 caro
847 2565 1084 2620 salutare
1131 2563 1225 2618 Dei
1253 2563 1317 2617 η.
1350 2581 1368 2614 ›
1422 2561 1530 2617 Sed
1575 2561 1860 2631 impiorum
1923 2562 2231 2632 dogmatum

657 2660 996 2720 inventores,
1034 2654 1342 2719 Nestorius,
1384 2660 1439 2708 et
1483 2652 1574 2723 qui
1619 2652 1768 2706 illum
1796 2661 2098 2717 sectantur,
2142 2661 2236 2706 aut

657 2749 846 2805 eadem
883 2762 1004 2803 cum
1053 2745 1144 2802 illo
1183 2745 1428 2814 sapiunt,
1465 2743 1864 2800 incarnationis
1894 2743 2113 2812 quidem
2141 2759 2236 2798 vo-

657 2853 775 2895 cem
827 2836 1079 2893 conﬁteri
1125 2850 1186 2892 se
1234 2833 1511 2900 simulant,
1559 2842 1797 2888 attamen
1852 2832 1945 2889 Dei
1994 2831 2232 2889 Verbum

658 2929 959 2986 secundum
989 2927 1276 2984 veritatem
1307 2928 1674 2992 incarnatum,
1705 2926 1806 2982 hoc
1832 2935 1938 2994 est,
1966 2927 2236 2981 manendo

659 3022 803 3092 quod
845 3028 1004 3085 erat,
1058 3020 1330 3075 hominem
1378 3018 1548 3073 nostri
1601 3017 1833 3072 similem
1873 3016 2072 3072 factum
2116 3031 2236 3072 esse

661 3121 881 3183 negant.
919 3111 1202 3167 AiIirmant
1250 3123 1452 3175 autem,
1496 3109 1832 3180 unigenitum
1876 3109 1970 3164 Dei
2003 3109 2232 3165 Verbum

662 3206 717 3259 in
745 3203 965 3260 homine
997 3219 1060 3257 ex
1092 3211 1277 3257 sancta
1308 3201 1525 3272 Virgine
1554 3214 1680 3254 nato
1708 3201 1928 3270 perinde
1959 3217 2021 3256 ac
2044 3203 2095 3256 in
2125 3216 2235 3254 uno
2263 3169 2304 3230 (ί

661 3298 842 3367 aliquo
867 3311 934 3350 ex
963 3295 1166 3350 sanctis
1196 3294 1547 3360 inhabitasse,
1579 3294 1652 3346 ita
1684 3305 1743 3347 ut
1768 3294 1881 3362 jam
1928 3308 2038 3348 non
2067 3309 2234 3363 opor-

661 3399 773 3444 teat
815 3388 1084 3449 conliteri,
1113 3387 1256 3456 quod
1294 3402 1433 3441 unus
1482 3387 1554 3441 sit
1592 3384 1848 3441 Christus
1887 3396 1941 3441 et
1972 3384 2144 3441 Filius
2183 3396 2238 3440 et

664 3481 924 3537 Dominus
964 3491 1019 3535 et
1052 3481 1396 3544 adorandus;
1442 3480 1535 3533 sed
1574 3487 1828 3549 tanquam
1857 3479 2017 3534 homo
2045 3493 2142 3549 per
2175 3493 2237 3534 se

663 3584 718 3629 et
750 3573 1044 3644 separatim
1091 3572 1418 3637 intellectus,
1452 3572 1522 3626 ob
1561 3571 1731 3625 solam
1760 3571 2154 3641 cepuiationem
2184 3571 2235 3624 in

665 3665 863 3720 unione
891 3664 1168 3734 dignitatis
1217 3664 1531 3727 honoratus,
1571 3661 1730 3732 152
1761 3663 1924 3717 simul
1962 3664 2235 3731 adoretur,

663 3765 720 3811 et
753 3755 1212 3826 congloriﬁcetur.
1267 3752 1483 3808 Habitat
1523 3753 1740 3823 quidem
1798 3754 1954 3810 nobis
1994 3756 2238 3810 omnium

666 3847 808 3903 Deus
839 3859 933 3915 per
963 3845 1227 3915 Spiritum
1263 3854 1538 3900 sanctum.
1569 3844 1715 3899 Dixit
1755 3844 1899 3900 enim
1922 3845 2239 3916 jamdudum

665 3955 764 4008 per
796 3952 960 3993 unum
1003 3953 1033 3994 e
1067 3938 1276 3993 sanctis
1305 3936 1588 4006 prophetis
1619 3953 1633 3990 :
1669 3953 1687 3987 ι
1719 3934 1986 4002 Quoniam
2025 3935 2240 3991 inhabi-

669 4031 794 4085 tabo
837 4030 889 4084 in
919 4029 1024 4095 eis,
1057 4040 1110 4084 et
1141 4027 1508 4092 inambulabo,
1547 4034 1603 4082 et
1647 4041 1743 4081 ero
1791 4027 1961 4096 ipsius
1989 4025 2154 4092 Deus,
2186 4033 2243 4080 et

669 4130 828 4176 erunt
864 4120 989 4174 mihi
1029 4119 1346 4188 populus".
1380 4136 1399 4170 ι
1455 4117 1658 4173 Scribit
1708 4127 1763 4173 et
1811 4120 2000 4172 beatus
2045 4118 2241 4171 Paulus

667 4225 882 4281 quoque
913 4226 930 4264 :
963 4226 983 4261 ι
1014 4209 1248 4264 Nescitis
1279 4209 1402 4277 quia
1442 4207 1697 4276 templum
1732 4208 1822 4261 Dei
1849 4209 2004 4271 estis,
2037 4219 2090 4262 ct
2122 4207 2242 4276 Spi-

669 4304 805 4358 ritus
839 4301 933 4356 Dei
962 4301 1173 4356 habitat
1207 4301 1259 4354 in
1304 4298 1564 4354 vobis"?
1593 4318 1610 4350 ι
1648 4300 1710 4352 Ει
1746 4301 1857 4368 ipse
1890 4299 2143 4354 Chrisws
2178 4299 2244 4352 de

668 4393 873 4450 sanctis
898 4393 1011 4446 suis
1042 4389 1346 4460 prophetis,
1384 4390 1496 4444 sive
1526 4389 1592 4444 de
1623 4392 1847 4454 sanctis,
1876 4388 1966 4456 qui
1991 4398 2241 4442 anteces-

2344 1913 2600 1997 Ἰωάννης
2646 1926 2738 1980 τὸν
2769 1925 2864 1979 τοῦ
2891 1925 3028 1980 Θεοῦ
3058 1928 3252 1996 Λόγον.
3287 1931 3347 1981 οὑ
3378 1931 3519 1984 κατά
3555 1913 3912 2002 μετάστασιν,

2333 2021 2366 2088 ἢ
2398 2021 2604 2091 τροπὴν
2635 2021 2733 2090 τῆς
2767 2020 2906 2082 ίδίας
2950 2019 3165 2089 φύσεως
3209 2022 3286 2083 είς
3327 2021 3504 2090 σάρκα
3540 2040 3912 2094 μεταπεποιη-

2337 2111 2517 2180 μένον,
2551 2111 2800 2180 καθάπερ
2840 2111 2942 2181 ἠδη
2970 2111 3308 2181 προείπομεν
3329 2126 3344 2140 °
3382 2112 3493 2182 ἔχει
3521 2114 3628 2185 γὰρ
3659 2114 3720 2167 τὸ
3748 2117 3916 2169 ἀναλ-

2333 2200 2557 2253 λοίωτον
2585 2202 2660 2263 ὡς
2695 2199 2827 2264 Θεός
2853 2216 2867 2230 ·
2900 2199 3017 2253 ἀλλ’
3036 2202 3118 2254 ὅτι
3148 2201 3544 2272 κεκοινώνηκεν
3576 2205 3708 2272 ἡμῖν
3735 2221 3917 2274 παρα-

2334 2291 2576 2360 πλησίως
2606 2291 2840 2361 αἵματος
2869 2332 2883 2357 ,
2915 2294 3009 2346 καὶ
3041 2294 3270 2364 σαρκὸς,
3307 2294 3402 2347 καὶ
3431 2293 3657 2361 γέγονεν
3694 2293 3917 2364 ἄνθρω-

2335 2398 2435 2444 πος
2457 2397 2469 2410 ·
2497 2380 2616 2444 ἔθος
2645 2381 2754 2451 γὰρ
2780 2385 2845 2452 τῇ
2882 2383 3224 2452 θεοπνεύστῳ
3281 2385 3470 2454 Γραφῇ
3495 2385 3672 2454 σάρκα
3703 2385 3797 2437 τὸν
3824 2386 3918 2438 άν-

2335 2471 2552 2540 θρωπον
2602 2472 2920 2543 ὀνομάζειν·
2966 2474 3275 2545 γέγραπται
3326 2475 3464 2544 γὰρ,
3509 2493 3528 2526 ι
3557 2475 3638 2527 ὃτι
3682 2475 3918 2544 Ὀψεται

2336 2565 2488 2619 πᾶσα
2532 2564 2668 2636 σὰρξ
2715 2565 2778 2618 τὸ
2823 2567 3088 2636 σωτήριον
3136 2565 3230 2619 τοῦ
3274 2566 3432 2620 Θεοῦ.
3470 2586 3489 2618 ι
3538 2568 3677 2620 Ἀλλ’
3719 2571 3770 2620 οἱ
3807 2567 3918 2621 τῶν

2336 2655 2564 2708 ἀνοσίων
2593 2655 2881 2726 δογμάτων
2918 2656 3161 2727 εὑρεταὶ,
3192 2657 3487 2728 Νεστόριός
3520 2675 3579 2710 τε
3609 2659 3701 2710 καὶ
3734 2661 3783 2710 oi
3815 2659 3918 2712 σὺν

2335 2745 2507 2817 αὑτῷ,
2534 2748 2654 2816 ἦτοι
2681 2747 2749 2802 τὰ
2777 2748 2914 2802 αὐτὰ
2940 2748 3262 2817 φρονοῦντες
3289 2749 3499 2818 ἐκείνῳ,
3530 2749 3919 2819 ὑποκρίνονται

2341 2833 2441 2904 μὲν
2468 2833 2750 2904 ὁμολογεῖν
2780 2836 2880 2905 τὴν
2908 2835 3003 2889 τοῦ
3050 2837 3430 2907 σεσαρκῶσθαι
3458 2839 3662 2908 φωνήν.
3696 2841 3772 2891 Οὑ
3810 2840 3920 2910 μὴν

2336 2923 2464 2975 ὃτε¹
2505 2923 2601 2976 καὶ
2633 2923 2980 2994 σαρκωθῆναί
3025 2942 3159 2994 φασι
3202 2926 3344 2980 κατά
3391 2926 3649 2998 ἀληθειαν
3693 2929 3786 2981 τὸν
3821 2929 3919 2982 τοῦ

2337 3012 2472 3067 Θεοῦ
2517 3013 2723 3082 Λόγον·
2775 3015 3054 3069 τουτέστιν
3099 3015 3388 3088 ἄνθρωπον
3432 3016 3737 3086 γενέσθαιιι
3793 3019 3919 3072 καθ’

2336 3104 2506 3173 ἡμᾶς,
2541 3103 2681 3174 μετὰ
2712 3103 2806 3158 τοῦ
2854 3107 3035 3174 μεῖναι
3063 3106 3092 3158 ὸ
3115 3101 3202 3176 ἦν.
3245 3106 3402 3159 Ἀλλά
3445 3107 3555 3177 γὰρ
3583 3107 3660 3170 ὡς
3697 3110 3781 3172 εἰς
3815 3111 3917 3162 ἇν-

2338 3193 2563 3264 θρωπον,
2583 3193 2694 3248 τῶν
2724 3193 2895 3262 ἁγίων
2925 3195 3043 3260 ἕνα,
3072 3196 3162 3250 τὸν
3200 3197 3265 3249 ὲκ
3304 3195 3407 3265 τῆς
3431 3197 3594 3264 ἁγίας
3635 3196 3922 3267 Παρθένου

2338 3287 2739 3357 γεγεννημένον
2791 3291 3115 3358 κατοικῆσαι
3161 3288 3586 3358 διισχυρίζονται
3625 3288 3717 3340 τὸν
3759 3307 3921 3360 μονο-

2337 3379 2470 3449 γενῆ
2500 3377 2595 3431 τοῦ
2625 3377 2762 3431 Θεοῦ
2795 3379 2967 3447 Λόγον
2988 3395 3004 3411 ·
3053 3379 3139 3432 ἵνα
3170 3380 3368 3452 μηκέτι
3412 3381 3646 3452 Χριστὸς
3684 3376 3766 3446 εἷς
3791 3385 3922 3454 δμο-

2337 3469 2564 3540 λογῆται
2616 3472 2710 3526 καὶ
2755 3472 2916 3538 Υἱὸς,
2965 3475 3060 3527 καὶ
3109 3472 3339 3543 Κύριος,
3389 3473 3485 3526 καὶ
3519 3476 3920 3545 προσκυνητός·

2338 3561 2453 3615 ἀλλ’
2478 3563 2555 3626 ὡς
2583 3561 2868 3634 ἄνθρωπος
2925 3564 3128 3629 ίδικῶς,
3152 3566 3245 3618 καὶ
3273 3565 3587 3633 καταμόνας
3605 3563 3725 3617 νοοὺ
3736 3584 3920 3634 μενος,

2342 3653 2479 3724 μόνῃ
2511 3655 2776 3725 συναφείᾳ
2800 3658 2866 3725 τῇ
2899 3657 3042 3710 κατὰ
3067 3654 3164 3724 τὴν
3201 3655 3428 3725 ἑνότητα
3457 3656 3556 3725 τῆς
3587 3655 3746 3720 ἀξίας
3772 3675 3923 3710 τετιο

2342 3745 2601 3814 μημένος,
2620 3761 2684 3797 συ
2693 3744 3124 3815 μπροσκυνῆται,
3143 3746 3234 3797 καὶ⁵
3249 3745 3928 3816 συνδοξάζηται.Κατοικεῖ

2340 3837 2492 3908 γάρ*
2531 3838 2588 3890 ὲν
2621 3839 2753 3907 ἡμῖν
2797 3839 2825 3889 ό
2852 3836 2961 3889 τῶν
2991 3836 3127 3889 ὅλων
3156 3835 3287 3899 Θεὸς
3327 3837 3413 3889 διά
3441 3836 3534 3890 τοῦ
3563 3837 3722 3904 ἁγίου
3755 3837 3923 3891 Πνεῦ-

2345 3924 2532 3998 ματος.
2580 3929 2691 3982 Καὶ
2738 3928 2869 3996 γοῦν
2910 3928 3078 3982 πάλαι
3103 3937 3129 3966 ι
3169 3929 3266 3999 μὲν
3314 3928 3518 3998 ἔφασκε
3549 3930 3615 3982 δι’
3651 3930 3773 3993 ἑνὸς
3811 3930 3925 3982 τῶν

2344 4020 2514 4087 ἁγίων
2569 4020 2898 4092 προφητῶν·
2943 4036 2961 4071 ι
2990 4020 3114 4073 Ὀτι
3155 4021 3419 4089 ὲνοικήσω
3462 4023 3519 4073 ὲν
3565 4020 3783 4082 αὐτοῖς,
3833 4022 3925 4073 καὶ

2344 4113 2804 4182 ὲμπεριπατήσω,
2839 4112 2934 4165 καὶ
2969 4111 3162 4182 ἔσομαι
3194 4113 3376 4175 αὑτοῖς
3421 4111 3586 4177 Θεὸς,
3638 4112 3734 4165 καὶ
3769 4114 3925 4165 αὑτοὶ

2343 4201 2557 4255 ἔσονταί
2590 4219 2678 4271 μοι
2718 4203 2862 4265 λαός.
2903 4220 2920 4253 ι
2957 4203 3162 4272 Γράφει
3191 4203 3247 4255 δὲ
3281 4204 3373 4256 καὶ
3402 4205 3429 4255 ό
3463 4205 3732 4274 μακάριος
3771 4204 3924 4256 Παῦ-

2344 4292 2451 4354 λος·
2479 4311 2498 4342 ι
2528 4291 2642 4344 Οὑκ
2676 4291 2874 4358 οἴδατε,
2903 4291 2983 4344 ὃτι
3017 4292 3138 4355 ναὸς
3158 4292 3293 4345 Θεοῦ
3325 4295 3579 4356 eonﬁat
3611 4295 3670 4347 τὸ
3694 4293 3926 4365 Πνεῦμα

2343 4381 2437 4435 τοῦ
2473 4381 2610 4434 Θεοῦ
2642 4383 2784 4436 οίκεῖ
2814 4383 2871 4435 ὲν
2922 4383 3085 4453 ὑμῖν;
3126 4401 3143 4435 ι
3178 4383 3323 4453 Ἔφη
3352 4384 3519 4436 δὲκαὶ
3542 4385 3758 4447 αὑτὸςό
3784 4386 3926 4455 Χρι-

669 4494 877 4546 serant,
919 4485 1040 4536 ait:
1074 4498 1094 4533 ι
1126 4481 1182 4534 Si
1235 4480 1357 4536 illos
1400 4480 1539 4533 dixit
1582 4479 1733 4542 deos,
1783 4480 1848 4533 ad
1890 4493 2026 4548 quos
2064 4493 2236 4534 sermo

2349 4474 2470 4536 στὸς
2513 4473 2642 4543 περὶ
2688 4475 2797 4528 τῶν
2846 4474 3014 4539 ἀγίων
3065 4473 3232 4527 αὑτοῦ
3281 4475 3611 4545 προφητῶν,
3657 4477 3776 4547 ἦτοι
3817 4477 3926 4530 τῶν

671 4575 768 4628 Dei
819 4574 995 4627 factus
1040 4581 1122 4626 est
1151 4589 1164 4625 :
1195 4586 1355 4640 quem
1392 4569 1549 4623 Pater
1581 4568 1957 4633 sanetiiicavit,
2004 4578 2058 4622 et
2099 4569 2246 4622 misit

672 4668 724 4720 in
770 4666 1048 4729 mundum,
1083 4677 1178 4717 vos
1231 4661 1409 4716 dicitis
1443 4677 1457 4714 :
1491 4660 1867 4727 Blasphemas;
1915 4661 2040 4729 quia
2078 4661 2187 4713 dixi
2226 4674 2242 4712 :

671 4759 839 4814 Filius
896 4757 985 4810 Dei
1043 4769 1158 4810 sum
1196 4754 1276 4818 '1;
1307 4771 1326 4803 ι
1391 4755 1482 4806 sed
1530 4767 1633 4806 non
1689 4752 1762 4806 ita
1813 4751 1949 4805 Deus
1992 4754 2041 4804 in
2085 4752 2241 4804 Chri-

670 4859 755 4904 sto
791 4848 1026 4911 habitat,
1057 4847 1196 4900 sicut
1234 4845 1286 4898 in
1319 4846 1495 4898 nobis.
1532 4843 1664 4896 Erat
1693 4843 1834 4898 enim
1871 4855 2059 4896 natura
2085 4843 2242 4906 Deus,

671 4943 832 4996 nobis
865 4940 1060 4996 similis
1093 4939 1288 5002 iactus,
1322 4951 1568 5005 unusque
1593 4949 1655 4988 ac
1685 4934 1831 4989 solus
1863 4933 2052 4998 Filius,
2082 4935 2243 4987 etiam

671 5049 794 5088 cum
844 5047 970 5086 caro
1025 5028 1204 5084 iactus
1248 5038 1351 5084 est.
1394 5028 1713 5096 Quicunque
1764 5027 1925 5095 igitur
1971 5025 2244 5080 Deiferum

673 5124 946 5178 hominem
996 5137 1119 5176 eum
1162 5135 1282 5175 esse
1319 5121 1498 5173 dicere
1541 5122 1758 5182 audent,
1809 5133 1872 5172 ac
1919 5133 2021 5171 non
2071 5117 2248 5186 potius

677 5215 842 5269 Deum
883 5214 1158 5268 hominem
1211 5213 1436 5273 factum,
1470 5209 1778 5264 necessario
1831 5211 1880 5263 in
1915 5211 2244 5279 propositum

675 5308 1185 5362 anathematismum
1216 5304 1479 5360 incidunt.

767 5513 981 5567 "Joan.
1018 5528 1056 5577 ι,
1089 5512 1174 5565 14.
1289 5510 1477 5564 "Luc.
1512 5524 1592 5571 ιιι,
1629 5507 1680 5560 6.

1797 5507 1838 5538 ¹⁰
1863 5505 2033 5559 Levit.
2067 5522 2213 5568 xxvi,
2252 5509 2350 5564 12:
2388 5511 2427 5563 il
2454 5512 2577 5566 Cor.
2620 5527 2689 5579 vr,
2725 5514 2810 5568 16.

2348 4567 2758 4635 προγεγονότων
2784 4567 2977 4634 ἁγίων·
3015 4585 3033 4618 ι
3068 4565 3129 4619 Ei
3161 4566 3403 4629 ἐκείνους
3431 4561 3552 4619 εἷπε
3583 4567 3764 4634 θεοὺς,
3785 4571 3926 4638 πρός

2343 4654 2436 4718 οὓς
2473 4657 2500 4709 6
2539 4655 2693 4723 λόγος
2725 4656 2818 4708 τοῦ
2861 4654 2997 4710 Θεοῦ
3045 4657 3281 4725 ἐγένετο,
3327 4657 3386 4710 ὃν
3416 4658 3443 4709 6
3476 4657 3666 4727 Πατὴρ
3699 4659 3924 4728 ἡγίασε,

2345 4746 2440 4798 καὶ
2472 4746 2795 4799 ἀπέστειλεν
2835 4748 2918 4809 εἰς
2959 4747 3050 4800 τὸν
3100 4747 3324 4816 κόσμον,
3374 4747 3530 4815 ὑμεῖς
3582 4745 3794 4814 λέγετε,
3846 4749 3928 4800 ὅτι

2351 4833 2722 4904 Βλασφημεῖς,
2755 4836 2840 4888 ὃτι
2871 4832 3022 4888 εἷπον
3045 4850 3058 4866 ·
3099 4835 3227 4896 Υἱὸς
3282 4834 3376 4887 τοῦ
3411 4835 3546 4888 Θεοῦ
3570 4837 3721 4906 εἰμι·
3761 4838 3929 4890 »ἀλλ’

2345 4927 2444 4995 οὑχ
2469 4925 2658 4997 ὥσπερ
2689 4929 2745 4978 ὲν
2775 4928 2907 4995 ἡμῖν
2933 4927 3071 4978 οἰκεῖ
3102 4925 3256 4990 Θεὸς,
3286 4925 3428 4979 οὑτω
3467 4930 3562 4981 καὶ
3590 4929 3647 4980 ὲν
3678 4927 3924 4998 Χριστῷ·

2349 5014 2479 5078 Θεὸς
2512 5015 2620 5086 γὰρ
2647 5015 2805 5083 φύσει
2835 5012 2901 5087 ἦν
2921 5056 2935 5080 ,
2968 5015 3221 5086 πεφηνὼς
3264 5016 3384 5070 καθ’
3411 5018 3578 5088 ἡμᾶς,
3606 5013 3687 5082 εἷς
3724 5035 3789 5071 τε
3832 5021 3927 5073 καὶ

2353 5106 2512 5174 μόνος
2541 5106 2668 5168 Υἱὸς
2688 5147 2701 5170 ,
2732 5107 2822 5159 καὶ
2849 5108 2937 5160 ὅτε
2967 5108 3158 5174 γέγονε
3201 5108 3355 5179 σάρξ.
3387 5111 3448 5162 Ui
3479 5109 3658 5162 τοίνυν
3685 5109 3930 5178 τολμῶν-

2348 5214 2437 5261 τες
2475 5197 2653 5264 λέγειν
2690 5198 2945 5267 θεοφόρον
2975 5197 3259 5268 ἄνθρωπον
3291 5198 3563 5270 ὑπάρχειν
3606 5198 3794 5264 αὐτὸν,
3839 5200 3930 5251 καὶ

2351 5288 2471 5358 οὐχὶ
2493 5287 2557 5357 δὴ
2590 5289 2787 5358 μᾶλλον
2820 5288 3317 5359 ὲνανθρωπήσαντα
3341 5289 3492 5355 Θεὸν,
3527 5290 3930 5345 ὑποπίπτουσιν

2353 5379 2666 5445 ἀναγκαίως
2695 5379 2770 5448 τῷ
2796 5381 3142 5451 προκειμένῳ
3170 5380 3618 5451 ἀναθεματισμῷ.

2923 5515 2967 5546 ὀ
2993 5514 3010 5567 l
3039 5515 3162 5571 Cor.
3196 5530 3277 5582 ill,
3313 5515 3400 5571 16.
3480 5518 3519 5548 ²¹
3547 5515 3708 5571 Joan.
3747 5533 3803 5583 κ,
3839 5516 3904 5572 35

1720 5647 1893 5702 Varim
1926 5648 2188 5701 lectiones
2217 5663 2280 5704 ex
2309 5650 2494 5705 codice
2521 5650 2894 5721 Seguieriano.

755 5793 773 5830 ί
806 5792 908 5857 ὅτι,
938 5790 1000 5862 ἦ,
1036 5787 1133 5841 ἔτι
1212 5797 1237 5824 ιι
1268 5789 1570 5857 γεγονέναι.
1649 5796 1678 5826 ν
1719 5788 1813 5857 μὲν
1837 5785 1965 5856 γάρ.
2045 5799 2070 5825 ι
2099 5786 2280 5839 πάλιν.
