4078 6348
148 399 245 455 305

570 514 1158 568 ΑΝΑΘΕΜΑΤΙΣΜΟΣ
1197 518 1288 583 q'.

216 628 283 680 Εἴ
308 645 389 690 τις
424 628 557 681 θεὸν
598 628 629 697 ἢ
660 627 935 698 Δεσπότην
976 622 1114 680 εἶναι
1150 626 1298 694 λέγει
1330 624 1423 679 τοῦ
1482 624 1720 697 Χριστοῦ

146 720 235 771 τὸν
269 722 333 772 ἐκ
362 720 495 773 Θεοῦ
535 721 747 793 Πατρὸς
779 721 973 787 Λόγον,
1010 718 1102 771 xui
1152 718 1274 787 οὐχὶ
1299 717 1363 787 δὴ
1395 717 1595 788 μᾶλλον
1632 716 1723 768 τὸν

1166 398 1577 456 ΕΧΡιιοΑἰιο
1618 397 1974 457 DUODECIM
2016 397 2265 454 CAPITU
2278 396 2341 451 Μ.

1752 521 1799 576 Α

3287 402 3397 461 306

2231 511 2867 571 ANATHEMATISMUS
2899 514 2989 570 Vl.

1904 625 1961 681 Si
2009 626 2131 695 quis
2181 625 2273 679 Dei
2318 624 2496 680 Patris
2545 622 2805 691 Verbum,
2856 624 3061 681 Christi
3102 624 3268 681 Deum
3313 626 3396 681 vel

1828 719 2113 773 Dominum
2155 733 2274 773 esse
2307 717 2543 783 dixerit;
2582 725 2635 772 et
2684 732 2787 772 non
2821 716 2999 787 potius
3027 716 3196 772 Deum
3238 717 3398 773 simul

146 807 312 860 αὑτὸν
359 809 608 879 ὁμολογεῖ
650 808 784 879 ὁμοῦ
844 826 903 861 τε
961 807 1093 861 Θεὸν
1141 810 1235 861 xui
1284 808 1603 876 ἄνθρωπον,
1650 805 1725 867 ὡς

1843 818 1882 865 at
1927 809 2202 864 hominem
2250 810 2498 864 eumdem
2544 806 2828 864 confessus
2859 807 3040 875 fuerit,
3077 818 3239 877 prout
3262 808 3397 863 Ver-

146 901 430 968 γεγονότος
453 902 656 973 σαρκὸς
684 899 777 954 τοῦ
811 902 982 969 Λόγου
1014 901 1155 955 κατά
1183 900 1279 964 τὰς
1304 900 1549 971 Γραφάς·
1593 897 1725 952 ἀνά-

146 992 290 1064 θεμα
318 992 476 1048 ἔστω.

720 1107 895 1161 Ἐπίλ
905 1122 1043 1172 ινσις
1084 1112 1158 1171 ς’.

235 1218 294 1271 ’0
340 1218 542 1288 Κύριος
572 1218 729 1288 ἡμῶν
779 1217 984 1289 Ἰησοῦς
1018 1216 1251 1289 Χριστὸς
1278 1256 1293 1281 ,
1325 1218 1351 1269 6
1402 1212 1481 1279 εἷς
1528 1234 1585 1269 τε
1632 1218 1727 1269 καὶ

150 1310 315 1379 μόνος
340 1354 353 1377 ,
390 1312 484 1363 xui.
522 1310 663 1363 κατά
696 1310 957 1379 ἀληθειαν
989 1310 1114 1371 Υἱὸς
1153 1309 1413 1379 ὑπάρχων
1464 1308 1558 1361 τοῦ
1591 1307 1725 1361 Θεοῦ

148 1404 248 1457 καὶ
272 1403 504 1473 Πατρὸς,
522 1402 711 1470 γέγονε
743 1402 878 1472 σὰρξ
900 1402 927 1452 6
956 1402 1126 1469 Λόγος
1144 1417 1158 1431 ⁸
1192 1402 1286 1454 xui.
1316 1400 1682 1469 συγκατάρχει
1700 1408 1726 1446 1

146 1494 261 1547 τῶν
286 1494 421 1548 ὅλων
450 1494 585 1565 ὁμοῦ
603 1495 677 1565 τῷ
698 1494 809 1563 ίδίῳ
832 1495 1117 1564 Γεννήτορι
1137 1512 1149 1524 ·
1177 1512 1195 1544 ι
1223 1494 1461 1563 κάμπτει
1494 1510 1552 1544 τε
1578 1492 1729 1561 αὐτῷ

150 1586 265 1638 πᾶν
304 1586 432 1653 γόνυ
469 1585 823 1657 ἐπουρανίων,
872 1587 966 1639 καὶ
993 1585 1271 1653 ἐπιγείων,
1322 1584 1418 1637 xui.
1462 1582 1728 1653 καταχθο-

147 1676 319 1727 νίων·
365 1676 459 1728 καὶ
495 1676 892 1747 ὲξομολογεῖται
943 1678 1089 1728 πᾶσα
1136 1674 1356 1743 γλῶσσα
1401 1675 1482 1727 ὅτι
1523 1674 1729 1745 Κύριος

161 1764 376 1835 Ἰησοῦς
395 1768 714 1837 Χριστὸςείς
743 1766 900 1831 δόξαν
918 1764 1051 1819 Θεοῦ
1077 1766 1308 1837 Πατρός.
1333 1784 1352 1816 ι
1381 1764 1535 1818 Ἐστι
1555 1764 1730 1819 τοίνυν

1826 902 1951 956 hum
1993 914 2120 954 caro
2163 901 2362 955 factum
2400 908 2482 955 est
2525 899 2820 956 secundum
2857 898 3169 969 Scripturas
3203 918 3221 954 :
3258 914 3397 955 ana-

1830 990 2005 1044 thema
2032 992 2121 1044 sit.

2361 1102 2670 1159 Declaratio
2703 1113 2872 1159 sexta.

1903 1215 2160 1269 Dominus
2199 1223 2381 1269 uoster
2406 1213 2567 1268 Jesus
2608 1212 2859 1270 Christus
2892 1229 3033 1269 unus
3063 1223 3120 1269 et
3148 1214 3298 1269 solus
3337 1224 3393 1269 et

1829 1309 2121 1362 secundum
2152 1307 2429 1361 veritatem
2458 1306 2552 1361 Dei
2583 1306 2760 1362 Patris
2788 1306 2979 1372 Filius,
3007 1305 3242 1363 Verbum
3268 1320 3396 1362 caro

1830 1396 2032 1451 factum
2064 1407 2168 1462 est,
2198 1406 2254 1451 et
2286 1411 2390 1450 una
2423 1411 2546 1451 eum
2584 1397 2831 1467 genitore
2877 1412 2975 1453 suo
3017 1392 3267 1453 omnibus
3305 1398 3400 1452 do-

1832 1486 2069 1539 minatur
2106 1507 2117 1541 :
2151 1486 2360 1555 ipsique
2393 1502 2411 1535 ι
2444 1484 2683 1541 nectitur
2710 1500 2871 1542 omne
2891 1501 3049 1556 genu,
3076 1484 3401 1547 caelestium,

1831 1577 2167 1632 terrestrium
2227 1587 2283 1631 et
2323 1578 2695 1644 infernorunt;
2731 1586 2789 1633 et
2814 1578 2991 1633 omnis
3025 1578 3204 1649 lingua
3235 1576 3385 1632 conti

1832 1678 1995 1733 tetur,
2030 1671 2154 1737 quia
2184 1668 2445 1725 Dominus
2481 1668 2636 1726 Jesus
2669 1668 2928 1725 Christus
2955 1669 3009 1724 in
3044 1670 3273 1738 gloriam
3306 1667 3399 1723 Dei

1831 1760 2009 1815 Patris
2031 1762 2097 1815 ”.
2130 1779 2147 1811 ι
2178 1760 2320 1815 ldem
2359 1762 2540 1830 itaque
2581 1770 2852 1831 quatenus
2875 1761 3197 1832 intelligitur
3226 1770 3281 1816 et
3320 1771 3404 1814 est

150 1859 178 1909 6
230 1858 392 1922 αὐτὸς
444 1860 543 1931 μὲν
580 1859 687 1913 τῶν
721 1860 856 1913 ὅλων
902 1861 1106 1931 Κύριος
1130 1899 1145 1923 ,
1191 1858 1328 1913 καθὸ
1362 1861 1597 1924 νοεῖται,
1636 1858 1729 1911 καὶ

1843 1852 2014 1917 Deus;
2070 1852 2195 1907 licet
2246 1860 2370 1922 post
2420 1852 2922 1909 inbumanationem
2980 1854 3163 1909 carnis
3210 1865 3405 1921 expers

150 1950 271 2001 ἔστι
302 1949 454 2013 Θεὸς,
480 1952 527 2003 εί
558 1951 650 2004 xui.
683 1951 756 2023 μὴ
788 1951 909 2021 δίχα
936 1951 1138 2020 σαρκὸς
1171 1950 1309 2020 μετά
1336 1950 1434 2019 τὴν
1458 1947 1729 2018 ὲνανθρώο

148 2056 344 2109 πησιν.
384 2040 556 2102 Αὐτὸς
586 2038 642 2092 δὲ
685 2040 877 2092 ἑαυτοῦ
911 2038 1033 2092 οὔτε
1061 2040 1193 2102 Θεὸς
1216 2079 1231 2103 ,
1264 2039 1385 2091 οὔτε
1418 2038 1727 2108 Δεσπότηςο

150 2132 251 2184 καὶ
281 2130 390 2200 γάρ
421 2132 535 2183 ἐστι
558 2130 665 2183 τῶν
686 2133 1070 2196 ἀτοπωτάτων,
1104 2130 1301 2200 μᾶλλον
1324 2130 1380 2182 δὲ
1411 2129 1731 2193 δυσσεϐείας

149 2221 376 2292 ἀπάσης
414 2221 704 2291 ὲπίμεστον
748 2221 997 2290 ἀληθῶς,
1044 2220 1104 2273 τὸ
1139 2220 1280 2273 οὕτω
1322 2223 1537 2291 φρονεῖν
1570 2222 1603 2291 ἢ
1644 2220 1730 2273 λέ-

152 2322 283 2373 γειν
305 2324 317 2337 ·
349 2309 573 2372 εἰκότως
602 2304 693 2363 οὖν
723 2311 808 2363 ἐπ’
836 2308 985 2379 αὐτῷ
1013 2306 1079 2380 δὴ
1102 2309 1276 2381 τούτῳ
1304 2310 1527 2378 γέγονεν
1550 2311 1579 2362 6
1609 2328 1736 2381 προ-

155 2396 413 2465 κείμενος
445 2398 908 2470 ἀναθεματισμός.

595 2508 1185 2560 ΑΝΑΘΕΜΑΤΙΣΜΟΣ
1222 2509 1297 2561 Z'.

227 2620 299 2673 Εῐ
335 2620 419 2683 τίς
451 2636 616 2689 φησιν
663 2620 739 2683 ὡς
778 2620 1063 2691 ἄνθρωπον
1111 2621 1450 2693 ὲνηργῆσθαι
1495 2621 1602 2675 ὑπὸ
1637 2618 1729 2675 τοῦ

153 2710 293 2763 Θεοῦ
337 2711 511 2778 Λόγου
548 2710 639 2763 τὸν
695 2710 923 2782 Ἰησοῦν,
976 2714 1068 2764 xui.
1116 2714 1216 2782 τὴν
1254 2712 1348 2765 τοῦ
1398 2713 1737 2781 Μονογενοῦς

155 2802 403 2867 εὐδοξίαν
434 2804 729 2873 περιῆφθαι
756 2804 831 2868 ὡς
862 2803 1034 2875 ἑτέρῳ
1059 2806 1187 2875 παρ’
1212 2804 1371 2858 αὐτὸν
1402 2806 1695 2875 ὑπάρχοντι
1719 2845 1733 2871 ,

155 2893 416 2962 ἀνάθεμα
449 2895 608 2947 ἔστω.

740 3010 1043 3075 Ἐπίλυσις
1083 3012 1147 3072 ζ’.

230 3125 369 3178 Ὅτε
402 3124 500 3196 τὴν
532 3126 672 3180 κατά
702 3126 880 3198 σάρκα
920 3127 1171 3198 γέννησιν
1196 3127 1289 3180 τοῦ
1322 3126 1453 3181 Υίοῦ
1486 3124 1579 3182 τοῦ
1604 3127 1740 3181 Θεοῦ

1834 1959 1940 1998 non
1986 1945 2081 2007 sit,
2132 1944 2507 1999 universorum
2548 1944 2810 2001 Dominus
2851 1954 2933 1999 est
2978 1953 3083 1998 :at
3133 1958 3264 1999 vero
3320 1944 3403 1996 sui

1833 2033 2004 2103 ipsius
2053 2048 2153 2088 nec
2184 2031 2346 2097 Deus,
2402 2048 2502 2089 nec
2532 2034 2787 2090 dominus
2817 2044 2901 2090 est
2930 2052 2945 2090 :
2976 2034 3080 2089 hoc
3124 2033 3267 2087 enim
3318 2031 3407 2085 ah-

1832 2124 2211 2178 surdissimum
2243 2134 2348 2191 est,
2397 2125 2507 2179 imo
2538 2124 2720 2195 potius
2768 2126 2916 2180 omni
2951 2125 3232 2194 impietate
3277 2137 3411 2179 vere

1833 2214 2073 2284 plenum,
2116 2216 2159 2269 si
2206 2215 2283 2270 ita
2328 2215 2533 2271 sentias
2580 2224 2675 2273 aut
2732 2216 2902 2273 dicas.
2956 2215 3147 2271 Herito
3184 2214 3413 2287 proinde

1834 2316 2026 2361 contra
2082 2307 2184 2363 hoc
2234 2308 2410 2377 ipsum
2463 2320 2705 2375 praesens
2757 2308 3251 2364 anathematismus
3294 2316 3409 2362 sta-

1835 2398 2002 2451 tuitur

2133 2508 2288 2581 153
2315 2508 2956 2568 ANATHEMATISMUS
2994 2510 3111 2568 Vll.

1909 2623 1967 2680 Si
2009 2624 2132 2694 quis
2167 2621 2351 2678 Jesum
2401 2632 2655 2693 tanquam
2706 2625 2982 2681 hominem
3030 2638 3061 2679 a
3099 2623 3192 2680 Dei
3237 2623 3410 2679 Verbo

1838 2724 2096 2785 operante
2150 2726 2352 2769 motum
2396 2715 2690 2781 habuisse,
2745 2715 3135 2786 Unlgenitique
3178 2715 3410 2785 gloriam

1838 2808 1938 2874 illi,
1978 2816 2235 2878 tanquam
2277 2808 2434 2863 alteri
2478 2808 2711 2879 cuipiam
2749 2810 2816 2864 ab
2847 2808 2966 2880 ipso
2996 2806 3199 2875 Verbo,
3244 2809 3413 2864 advo—

1842 2898 1985 2955 nisse
2016 2898 2237 2964 dixerit,
2273 2900 2561 2955 anathema
2594 2901 2684 2956 sit.

2337 3013 2640 3069 Declaratio
2674 3016 2919 3084 septima.

1914 3127 2049 3184 Cum
2094 3129 2286 3185 beatus
2326 3124 2544 3184 Gabriel
2584 3128 2844 3196 unigeniti
2899 3126 3023 3183 Filii
3056 3126 3149 3184 Dei
3184 3141 3415 3198 genera—

155 3214 251 3278 τοῦ
312 3215 635 3284 μονογενοῦς
683 3216 1068 3287 εὐηγγελίζετο
1113 3218 1179 3286 τῇ
1226 3214 1359 3286 ἁγία
1402 3213 1663 3285 Παρθένῳ
1710 3214 1738 3266 6

1844 3218 2043 3275 tionem
2085 3220 2379 3276 secundum
2407 3234 2627 3275 carnem
2666 3228 2866 3276 sancta:
2895 3218 3090 3289 virgini
3130 3220 3420 3275 annuntia-

162 3307 438 3377 μακάριος
467 3305 707 3378 Γαϐριήλ
727 3325 738 3335 ·
766 3308 956 3379 ιΤέξῃ,
988 3307 1172 3376 φησὶν,
1202 3307 1335 3371 υἱὸν,
1368 3305 1461 3359 καὶ
1488 3304 1739 3369 καλέσεις

158 3396 219 3447 τὸ
252 3396 431 3464 ὄνομα
473 3397 637 3449 αὑτοῦ
682 3398 888 3466 Ἰησοῦν
910 3415 922 3427 ’
957 3398 1117 3459 αὐτὸς
1150 3397 1258 3469 γὰρ
1288 3397 1451 3449 σώσει
1483 3397 1576 3450 τὸν
1611 3396 1739 3451 λαὸν

158 3484 333 3537 αὐτοῦ
382 3486 491 3538 ἀπὸ
534 3485 641 3539 τῶν
681 3486 969 3557 ἁμαρτιῶν
1022 3487 1220 3541 αὐτῶν,
1257 3506 1273 3537 ι
1323 3487 1648 3557 Ὠνόμασται
1684 3487 1740 3540 δὲ

160 3578 257 3630 καὶ
285 3576 558 3648 Χριστὸς,
591 3576 675 3629 διά
714 3576 776 3629 τὸ
807 3575 1091 3647 κεχρῖσθαι
1124 3576 1242 3645 μεθ’
1274 3577 1433 3647 ἡμῶν
1462 3576 1739 3648 ἀνθρωπί-

157 3686 290 3734 νως,
323 3668 467 3721 κατά
505 3668 605 3741 τὴν
636 3667 731 3721 τοῦ
758 3668 1066 3731 Ψάλ).οντος
1107 3669 1319 3739 φωνήνο
1357 3687 1374 3719 ι
1422 3666 1741 3736 Ἠγάπησας

160 3759 536 3830 δικαιοσύνην,
561 3762 654 3813 xui.
676 3762 944 3831 ἐμίσησας
969 3760 1201 3830 ἀνομίαν
1222 3777 1233 3789 ·
1261 3759 1350 3813 διὰ
1368 3758 1527 3812 τοῦτο
1556 3760 1742 3831 ἔχρισέ

160 3868 223 3903 σε
250 3852 279 3903 6
314 3850 468 3915 Θεὸς,
499 3854 527 3905 6
552 3850 687 3914 Θεός
713 3868 828 3915 σου,
848 3850 996 3905 ἔλεον
1045 3850 1417 3919 ἀγαλλιάσεως
1444 3849 1592 3919 παρά
1617 3851 1742 3913 τοὺς

162 3943 432 4013 μετόχους
476 3960 590 3995 σου.
627 3961 645 3994 t
706 3942 901 3994 Καίτοι
953 3942 1062 4013 γὰρ
1136 3942 1398 4011 ὑπάρχων
1443 3940 1603 4004 αὐτὸς
1644 3941 1739 3994 τοῦ

160 4035 321 4103 ἁγίου
348 4034 668 4103 Πνεύματος
695 4033 951 4103 χορηγὸς,
984 4033 1077 4085 καὶ
1102 4031 1201 4085 οὐκ
1244 4034 1309 4084 ὲκ
1344 4031 1541 4102 μέτρου
1568 4032 1743 4095 διδοὺς

157 4130 277 4189 τοῖς
308 4126 482 4189 ἀξίοις
507 4124 660 4179 αὐτό’
694 4126 907 4196 πλήρης
936 4126 1043 4196 γάρ
1070 4126 1205 4187 ἐστι,
1239 4144 1256 4174 ι
1284 4125 1378 4177 καὶ
1401 4124 1466 4176 ἐκ
1491 4123 1585 4176 τοῦ
1614 4123 1744 4193 πλη-

160 4218 423 4289 ρώματος
469 4216 636 4270 αὐτοῦ
684 4219 847 4288 ἡμεῖς
878 4218 1077 4280 πάντες
1110 4216 1399 4287 ἐλάϐομεν,
1437 4235 1454 4267 ι
1502 4214 1644 4269 κατά
1684 4215 1746 4269 τὸ

158 4310 574 4380 γεγραμμένον·
617 4311 977 4380 οἰκονομικῶς
1020 4311 1095 4372 ὡς
1134 4309 1416 4379 ἄνθρωπος
1457 4308 1746 4379 κεχρῖσθαι

156 4402 409 4470 λέγεται,
455 4401 679 4470 νοητῶς,
710 4403 806 4454 xui
858 4403 957 4454 οὐκ
987 4401 1342 4471 ἀνθρωπίνως
1370 4400 1747 4463 καταπτάντος

157 4493 251 4545 ἐπ’
302 4493 471 4546 αὐτὸν
504 4492 599 4545 τοῦ
645 4492 803 4560 ἀγίου
855 4493 1172 4562 Πνεύματος
1199 4533 1213 4555 ,
1250 4493 1335 4544 ἵνα
1375 4493 1467 4545 καὶ
1516 4494 1574 4545 ὲν
1614 4493 1746 4563 ἡμῖν

1843 3320 1967 3366 ret:
2004 3330 2022 3362 ι
2056 3310 2279 3375 Paries,
2329 3310 2546 3375 aiebat,
2598 3310 2800 3375 ﬁlium,
2847 3320 2903 3367 et
2956 3311 3181 3367 vocabis
3223 3325 3419 3367 nomen

1840 3402 1958 3472 ejus
1981 3401 2186 3460 .Iesum.
2230 3401 2351 3474 Ipse
2381 3403 2524 3458 enim
2551 3401 2759 3457 salvum
2790 3401 2953 3459 faciet
2978 3402 3231 3472 populum
3259 3418 3418 3457 suum

1842 3508 1871 3547 a
1900 3492 2135 3560 peccatis
2163 3506 2347 3546 eorum
2373 3494 2440 3547 ".
2477 3511 2495 3545 ι
2532 3491 2853 3547 Nominatus
2878 3501 3059 3547 autem
3086 3500 3142 3546 et
3168 3490 3421 3546 Christus

1842 3595 1927 3638 εει
1953 3584 2021 3648 ⁸⁸,
2072 3591 2361 3653 propterea
2395 3582 2541 3653 quod
2574 3585 2873 3639 secundum
2918 3583 3210 3638 humanam
3253 3592 3413 3637 natu-

1846 3690 1960 3728 ram
2001 3674 2282 3730 nobiscum
2340 3682 2537 3730 unctus
2581 3684 2685 3737 εει,
2709 3672 2864 3742 juxta
2906 3672 3036 3729 illud
3066 3672 3413 3731 Psalmistte:

1851 3782 1869 3815 ι
1900 3764 2148 3820 .Dilexisti
2189 3764 2485 3836 justitiam,
2538 3773 2592 3817 et
2639 3763 2801 3817 odisti
2848 3762 3189 3832 iniquitatem
3231 3780 3247 3817 :
3293 3776 3419 3831 pro-

1844 3864 2030 3925 pterea
2078 3854 2236 3908 unxit
2269 3862 2323 3908 te
2367 3853 2530 3915 Deus,
2570 3853 2709 3907 Deus
2738 3861 2862 3908 tuus
2890 3852 3011 3908 oleo
3038 3851 3420 3908 exsultationis

1845 3962 1956 4016 prae
1989 3946 2336 4003 consortibus
2371 3945 2479 4000 tuis
2506 3944 2572 3999 ’⁵.
2609 3962 2627 3995 ι
2667 3942 2927 4009 Quamvis
2958 3942 3101 3998 enim
3131 3942 3219 3996 ille
3254 3940 3421 4012 Spiri-

1849 4049 1959 4093 tum
1992 4047 2238 4093 sanctum
2267 4037 2534 4107 largiatur
2557 4037 2627 4101 '5,
2657 4050 2831 4105 neque
2861 4037 2927 4090 ad
2965 4050 3276 4091 mensuram
3310 4036 3415 4097 his,

1848 4132 1939 4202 qui
1971 4132 2117 4201 digni
2187 4140 2336 4195 sunt,
2391 4144 2513 4185 eum
2561 4127 2823 4197 largiatur
2868 4126 2973 4197 (est
3011 4126 3154 4182 enim
3205 4124 3418 4195 plenus,

1855 4244 1875 4277 ι
1906 4235 1961 4280 et
2005 4226 2072 4279 de
2098 4223 2432 4294 plenitudine
2464 4221 2579 4289 ejus
2609 4234 2705 4274 nos
2740 4232 2931 4273 omnes
2958 4218 3266 4287 accepimus
3286 4216 3358 4281 ",
3394 4236 3412 4268 ι

1850 4316 1994 4371 sicut
2039 4315 2301 4383 scriptum
2363 4310 2520 4381 est);
2571 4318 2809 4364 attamen
2850 4318 2911 4363 ut
2958 4309 3118 4363 homo
3166 4317 3269 4373 est,
3310 4306 3422 4362 dis-

1849 4405 2159 4476 pensatoris
2195 4412 2387 4459 unctus
2424 4402 2642 4467 dicitur,
2690 4399 3025 4470 spiritaliter,
3064 4407 3119 4452 et
3164 4411 3272 4451 non
3321 4397 3423 4449 hu.-

1854 4508 2017 4549 mano
2042 4506 2217 4557 more,
2250 4489 2534 4545 devolante
2560 4502 2723 4557 super
2758 4488 2929 4555 ipsum
2972 4485 3176 4553 Spiritu
3211 4493 3420 4548 sancto,

156 4585 506 4656 καταμείνῃ,
559 4585 735 4637 καίτοι
800 4584 889 4637 διὰ
952 4586 1051 4655 τὴν
1092 4586 1151 4637 ἐν
1214 4585 1385 4654 Ἀδὰμ
1428 4584 1738 4653 παράϐασιν

1852 4594 1910 4639 ut
1942 4592 2159 4637 maneat
2205 4581 2259 4635 in
2297 4580 2454 4635 nobis
2493 4578 2681 4642 etiam,
2728 4592 2755 4629 a
2806 4576 3003 4645 quibus
3037 4583 3255 4644 propter
3296 4572 3428 4627 Δάαι

155 4677 546 4747 ἀποφοιτῆσαν
589 4678 647 4730 ὲν
678 4678 893 4747 ἀρχαῖς.
919 4676 1089 4739 Αὐτὸς
1120 4671 1212 4728 οὖν
1256 4677 1283 4728 6
1320 4675 1610 4745 μονογενὴς
1648 4674 1741 4727 τοῦ

154 4770 299 4823 Θεοῦ
330 4770 503 4837 Λόγος
542 4768 679 4839 σὰρξ
718 4769 1026 4837 γενόμενος,
1061 4768 1319 4837 κέκληται
1358 4766 1622 4836 Χριστόςο
1652 4766 1746 4818 xui.

153 4864 262 4931 τὴν
312 4860 435 4931 Θεῷ
465 4862 784 4931 πρέπουσαν
825 4860 1053 4930 δύναμιν
1088 4858 1222 4913 ίδίαν
1251 4858 1410 4929 ἔχων,
1461 4854 1747 4927 εἰργάζετο

156 4952 476 5025 παράδοξα.
519 4954 581 5006 Oi
616 4952 794 5005 τοίνυν
820 4952 1067 5020 λέγοντες
1097 4954 1161 5021 τῇ
1195 4949 1431 5022 Χριστοῦ
1462 4946 1750 5019 δυναστείᾳ

154 5044 260 5114 τὴν
289 5042 391 5096 τοῦ
430 5042 775 5110 Μονογενοῦς
828 5042 1071 5107 εὐδοξίαν
1103 5042 1427 5113 περιῆφθαι,
1478 5040 1553 5103 ὡς
1599 5040 1749 5103 ὄντος

155 5136 363 5205 ἑτέρου
390 5134 483 5189 τοῦ
510 5134 858 5202 Μονογενοῦς
890 5134 1043 5204 παρά
1084 5135 1174 5187 τὸν
1207 5133 1461 5205 Χριστὸν,
1490 5131 1585 5185 δύο
1617 5148 1751 5201 φρο-

162 5228 355 5281 ιοῦσιν
382 5228 561 5290 υἱούς⁶
608 5228 702 5281 xui.
729 5228 819 5281 τὸν
878 5229 975 5297 μὲν
1014 5226 1359 5297 ἐνεργοῦντα,
1390 5226 1479 5279 τὸν
1517 5226 1573 5278 δὲ
1601 5226 1753 5295 ἐνερ-

161 5319 261 5388 γού
273 5335 438 5389 μενον
481 5320 558 5382 ὼς
585 5318 871 5391 ἄνθρωπον
901 5319 996 5372 ἕνα
1026 5318 1135 5372 τῶν
1170 5318 1293 5373 καθ’
1318 5319 1497 5388 ἡμᾶς·
1552 5314 1753 5386 ταύτῃ-

232 5497 285 5529 ’³
316 5496 555 5569 Philipp.
579 5511 641 5565 Il,
673 5497 761 5552 10.
840 5496 885 5528 ’³
910 5496 1041 5553 Luc.
1075 5512 1110 5564 ι,
1143 5496 1232 5551 3|.
1310 5497 1355 5527 ’δ
1377 5494 1565 5549 Matth.
1596 5508 1635 5557 ι,
1670 5491 1759 5544 21.

1854 4671 2344 4744 transgressionem
2373 4668 2526 4723 initio
2554 4675 2875 4721 recesserat.
2907 4662 3087 4731 Ipsum
3107 4662 3287 4729 itaque
3304 4658 3426 4713 uni-

1855 4767 2093 4836 genitum
2127 4762 2218 4817 Dei
2254 4761 2487 4815 V'erhum
2524 4757 2864 4811 incarnatum
2905 4754 3158 4809 Christus
3189 4750 3427 4821 appella-

1855 4867 1965 4911 tum
2014 4864 2139 4912 est:
2172 4862 2227 4909 et
2268 4866 2389 4906 cum
2434 4849 2706 4920 propriam
2742 4846 3038 4917 potentiam
3088 4846 3285 4899 habeat
3317 4842 3429 4897 Deo

1858 4947 2097 5015 dignam,
2147 4942 2391 4997 miranda
2439 4948 2721 5010 Operatum
2761 4946 2864 4993 est.
2899 4937 3000 5001 Qui
3055 4950 3184 5005 ergo
3223 4932 3430 4989 Christi

1856 5036 2112 5107 pcteutiae
2150 5032 2411 5103 uuigeniti
2440 5031 2665 5102 gloriam
2699 5029 3000 5085 accessisse
3034 5027 3242 5092 dicunt,
3272 5026 3428 5095 quasi

1858 5127 2169 5199 unigenitus
2199 5126 2338 5179 alter
2367 5124 2438 5177 sit
2475 5138 2504 5176 a
2532 5120 2772 5187 Christo,
2810 5122 2945 5175 duos
2984 5118 3123 5173 ﬁlios
3145 5132 3270 5173 esse
3300 5132 3429 5171 son-

1862 5221 2035 5286 tiunt,
2081 5217 2315 5271 alterum
2368 5215 2582 5283 quidem
2626 5220 2976 5281 operantem;
3027 5210 3255 5266 alterum
3304 5223 3431 5263 vero

1862 5312 2085 5367 alterius
2126 5309 2199 5373 vi,
2244 5318 2499 5376 tanquam
2532 5305 2803 5363 hominem
2846 5302 3001 5357 nobis
3030 5299 3284 5365 similem,
3329 5298 3431 5354 im-

1837 5490 1880 5521 ²³
1906 5487 2046 5543 Psal.
2084 5501 2233 5551 χειν,
2264 5486 2315 5541 8.
2393 5483 2613 5541 "Joan.
2650 5483 2705 5549 3,
2742 5484 2831 5539 54.
2910 5484 2952 5515 ’⁷
2978 5481 3133 5539 Joan.
3164 5497 3205 5550 ι,
3236 5481 3319 5539 l6.

1231 5654 1399 5711 Varia:
1425 5651 1684 5709 lectiones
1712 5665 1778 5706 ex
1804 5649 1989 5705 codice
2014 5646 2385 5718 Seguieriano.

237 5822 273 5866 γ
306 5812 590 5884 συνάρχει.
