4078 6348
661 398 767 446 307

1680 395 1739 448 S.
1781 395 2050 449 CYHILLI
2092 397 2556 450 ALEXANDRINI
2595 395 2914 448 ARCHIEP.

3801 386 3906 441 508

659 508 901 573 pulsum;
961 508 1010 562 in
1079 507 1234 577 huius
1307 510 1738 564 anathematismi
1802 527 2014 580 poenam
2090 514 2222 566 inci-

2340 533 2404 566 τοι
2465 516 2556 566 καὶ
2614 511 2973 580 ὑποφέρονται
3033 510 3099 578 τῇ
3150 507 3373 578 δυνάμει
3426 506 3520 558 τοῦ
3573 504 3905 571 ἀναθεματι-

656 595 810 651 dunt.

1035 711 1671 768 ANATHEMATISMHS
1716 712 1842 767 VIII.

731 821 786 876 Si
824 824 944 892 quis
981 824 1165 880 dicere
1196 827 1377 888 audet.
1433 827 1704 880 hominem
1747 836 2077 895 assumptum
2121 841 2227 880 una

659 929 782 968 cum
831 915 921 969 Dei
970 914 1143 970 Verbo
1183 918 1541 982 adorandum,
1593 927 1649 972 et
1690 918 2224 988 congloriﬁcandum,

659 1016 713 1058 et
746 1005 934 1070 Deum,
986 1016 1238 1077 tanquam
1282 1008 1513 1063 alterum
1550 1024 1672 1063 cum
1717 1009 1908 1070 altero.
1942 1009 2227 1063 connomi-

662 1097 893 1151 nandum
955 1113 1075 1153 esse
1110 1099 1277 1164 (hunc
1330 1100 1475 1155 enim
1535 1100 1867 1155 intellectum
1921 1099 2224 1169 particula,

659 1186 818 1251 Cum,
860 1190 1090 1258 adjecta,
1121 1200 1381 1259 perpetuo
1405 1207 1470 1245 ac
1502 1193 1815 1246 necessario
1841 1191 2015 1262 all'ert)
2043 1199 2095 1246 et
2122 1206 2226 1245 non

662 1278 841 1346 potius
877 1294 981 1332 una
1014 1281 1331 1336 adoratione
1357 1282 1759 1338 Emmanuelem
1788 1283 2036 1344 honorat,
2070 1281 2229 1353 155

662 1383 935 1437 unamque
983 1370 1057 1423 illi
1123 1371 1573 1441 gloriﬁcationem
1631 1374 1915 1437 attribuit,
1963 1385 2229 1442 quatenus

662 1456 895 1513 Verbum
931 1460 1128 1515 factum
1155 1474 1234 1517 est
1266 1479 1393 1516 caro
1428 1480 1443 1515 :
1481 1465 1766 1517 anathema
1797 1464 1884 1516 sit.

1161 1573 1458 1628 Dec/oratio
1510 1585 1713 1627 octava.

732 1682 996 1752 Baptizati
1031 1701 1217 1740 sumus
1250 1687 1301 1740 in
1336 1703 1499 1739 unum
1530 1687 1694 1740 Deum
1731 1685 1944 1741 Patrem
1981 1691 2226 1758 omnipo-

660 1783 884 1842 tentem,
936 1787 991 1830 et
1037 1778 1089 1830 in
1143 1794 1307 1832 unum
1344 1778 1562 1844 Filium,
1611 1790 1666 1833 et
1711 1780 1762 1832 in
1806 1797 1968 1833 unum
2015 1797 2228 1848 quoque

661 1866 923 1936 Spiritum
971 1879 1240 1924 sanctum.
1304 1889 1322 1921 ι
1353 1873 1431 1925 An
1466 1871 1725 1940 ignoratis
1751 1911 1766 1933 ,
1813 1871 2046 1936 fratres,
2087 1893 2105 1923 ι
2154 1872 2229 1927 ait

2336 625 2495 677 σμου.

2759 711 3345 768 ΔΝΑΘΕΜΑΤΙΣΜΟΣ
3384 712 3463 764 H'.

2405 831 2473 884 Ei’
2516 849 2597 894 τις
2643 829 2816 900 τολμᾷ
2857 827 3039 895 λέγειν
3069 826 3159 879 τὸν
3198 821 3576 891 ἀναληφθέντα
3619 817 3904 886 ἄνθρωπον

2336 920 2867 995 συμπροσκυνεῖσθαι
2914 921 3024 972 δεῖν
3063 916 3138 988 τῷ
3165 916 3282 986 Θεῷ
3307 915 3491 983 Λόγῳ,
3523 912 3618 965 καὶ
3649 907 3903 971 συνδοξά-

2336 1015 2544 1079 ζεσθαι,
2564 1015 2658 1067 καὶ
2689 1010 3154 1082 συγχρηματίζειν
3170 1019 3190 1045 τ
3218 1008 3369 1067 Θεὸν,
3385 1007 3460 1068 ὡς
3481 1006 3665 1074 ἕτερον
3695 1002 3869 1070 ἑτέρῳ
3889 1015 3901 1027 ·

2333 1107 2395 1160 τὸ
2411 1106 2550 1177 ¹γάρ,
2585 1105 2710 1170 Σῦν,
2743 1104 2830 1157 ἀεὶ
2861 1101 3287 1172 προστιθέμενον
3311 1098 3469 1151 τοῦτο
3493 1098 3632 1150 νοεῖν
3657 1093 3903 1160 ἀναγκά-

2337 1216 2415 1252 σει
2436 1215 2448 1226 ·
2485 1198 2578 1252 καὶ
2611 1197 2733 1267 οὐχὶ
2761 1197 2824 1266 δὴ
2867 1195 3067 1265 μᾶλλον
3099 1195 3196 1264 μιᾷ
3233 1192 3607 1262 προσκυνήσει
3643 1188 3784 1256 τιμᾷ
3811 1183 3904 1236 τὸν

2349 1287 2690 1359 Ἑμμανουὴλ
2717 1327 2730 1349 ,
2781 1287 2873 1338 καὶ
2922 1285 3050 1355 μίαν
3105 1284 3254 1352 αὑτῷ
3294 1280 3393 1351 τὴν
3440 1277 3732 1348 ὁμολογίαν
3778 1291 3902 1327 συνο

2336 1381 2496 1434 άπτει
2529 1392 2578 1446 α,
2607 1378 2742 1432 καθὸ
2769 1377 2956 1446 γέγονε
2993 1371 3127 1445 σὰρξ
3153 1377 3181 1426 6
3215 1374 3386 1441 Λόγος
3407 1389 3420 1400 ’
3457 1369 3704 1438 ἀνάθεμα
3740 1366 3904 1419 ἔστω.

2907 1579 3005 1629 Ἐπ
3015 1577 3218 1641 ίλυσις
3271 1579 3341 1638 η’.

2409 1695 2500 1757 Εἰς
2529 1694 2624 1746 ἕνα
2660 1691 2811 1752 Θεὸν,
2842 1689 3061 1758 Πατέρα
3089 1685 3526 1756 παντοκράτορα,
3562 1681 3655 1735 καὶ
3689 1681 3771 1743 είς
3809 1679 3906 1731 ἕνα

2336 1786 2499 1847 Υἱὸν,
2563 1783 2656 1835 καὶ
2707 1783 2811 1849 μὴν
2866 1769 2958 1833 καὶ
2993 1780 3069 1840 είς
3109 1777 3166 1829 ἓν
3196 1775 3419 1847 Πνεῦμα
3453 1775 3606 1842 ἅγιον
3646 1770 3905 1839 βεῦαπτί-

2338 1877 2544 1946 σμεθα⁶
2602 1869 2721 1926 εἶτά
2790 1888 2952 1941 φησιν
3023 1871 3051 1921 6
3122 1868 3387 1938 μακάριος
3435 1863 3683 1926 Παῦλος,
3735 1880 3754 1913 ι
3791 1860 3906 1915 Οὐκ

661 1957 852 2012 beatus
876 1957 1097 2024 Paulus,
1129 1978 1148 2010 ι
1177 1961 1299 2028 quia
1337 1961 1649 2043 quicunque
1679 1960 2021 2015 inChristum
2043 1959 2229 2016 Jesum

2340 1968 2544 2029 οἴδατε,
2602 1968 2683 2017 ὅτι
2745 1965 2857 2015 ὅσοι
2915 1963 2995 2023 εἰς
3047 1959 3280 2029 Χριστὸν
3330 1952 3906 2024 ὲϐαπτίσθημεν,[είς

662 2047 923 2116 baptizati
958 2065 1165 2114 sumus,
1197 2051 1250 2104 in
1282 2061 1510 2105 mortem
1537 2052 1703 2120 ipsius
1731 2052 1985 2120 baptizati
2009 2052 2229 2106 sumus?

660 2135 972 2207 Consepulti
1006 2155 1133 2211 ergo
1167 2155 1354 2194 sumus
1376 2156 1499 2195 cum
1549 2142 1642 2196 illo
1680 2157 1773 2211 per
1808 2145 2131 2210 baptismum
2175 2143 2227 2196 in

659 2239 928 2295 mortem;
971 2241 1022 2284 ut
1062 2233 1331 2298 quomodo
1363 2234 1613 2288 Christus
1657 2236 1894 2287 surrexit
1929 2250 1958 2287 a
2005 2235 2229 2289 martuis

660 2333 756 2388 per
782 2321 1007 2390 gloriam
1039 2322 1236 2387 Patris,
1269 2326 1339 2378 ita
1375 2335 1430 2380 et
1475 2341 1570 2380 nos
1601 2325 1653 2379 in
1697 2327 1935 2380 novitate
1969 2327 2088 2380 vitae
2117 2341 2227 2379 am-

659 2411 906 2467 bulemus
927 2412 992 2465 ³⁸.
1025 2431 1043 2465 ›
1077 2414 1416 2468 Credidimus
1444 2413 1645 2484 itaque,
1682 2425 1736 2469 et
1762 2415 2018 2484 baptizati
2046 2430 2230 2469 sumus

662 2503 715 2555 in
749 2519 935 2567 unum,
964 2514 1022 2557 ut
1050 2504 1182 2570 dixi,
1213 2505 1404 2559 Filium
1443 2507 1724 2560 Dominum
1766 2519 2009 2562 nostrum
2045 2506 2226 2561 Iesum

660 2593 960 2658 Christum,
1011 2595 1113 2648 hoc
1161 2606 1262 2659 est,
1302 2597 1674 2659 incarnatum,
1721 2598 2104 2665 hominemque
2147 2597 2227 2650 fa-

661 2697 809 2738 ctum
856 2683 949 2740 Dei
995 2681 1174 2741 Patris
1229 2686 1511 2752 Verbum;
1555 2704 1830 2756 unumque
1877 2688 2230 2742 exsistentem

660 2789 714 2831 et
747 2777 911 2831 Deum
939 2778 1168 2832 adorare
1201 2780 1376 2833 edocti
1435 2795 1643 2844 sunms,
1673 2797 1736 2832 ac
1773 2795 2021 2848 superna:
2057 2781 2227 2833 virtu-

663 2878 744 2922 tes
792 2868 1095 2923 nobiscum.
1141 2871 1413 2940 Scriptum
1467 2883 1550 2925 est
1593 2872 1778 2925 enim:
1817 2891 1834 2922 ‹
1865 2871 1998 2924 Cum
2050 2882 2228 2925 autem

659 2960 962 3016 introducit
1003 2961 1428 3031 Primogeuitum
1487 2964 1539 3016 in
1590 2964 1775 3016 orbem
1824 2971 2000 3026 terrae,
2053 2963 2227 3016 dicit:

660 3050 726 3105 Et
761 3054 992 3106 adorent
1041 3068 1163 3105 eum
1209 3068 1398 3108 omnes
1432 3053 1608 3121 angeli
1649 3053 1740 3106 Dei
1765 3053 1829 3103 ”.
1866 3072 1881 3103 ι
1921 3051 2114 3106 Factus
2149 3060 2231 3105 est

660 3153 842 3199 autem
872 3143 1195 3215 Unigeuitus
1233 3145 1649 3214 primogenitus,
1685 3144 1899 3212 quando
1941 3145 2103 3198 homo
2134 3159 2229 3195 nn-

664 3236 749 3291 bis
803 3236 998 3291 similis
1049 3237 1339 3306 apparuit:
1373 3246 1500 3290 tunc
1561 3237 1702 3290 enim
1755 3236 1967 3290 illorum
2014 3250 2228 3303 quoque

660 3325 833 3383 frater
882 3328 1188 3398 appellatus
1223 3339 1327 3393 est,
1377 3329 1465 3396 qui
1521 3330 1666 3383 illum
1713 3328 1964 3397 diligunt.
2011 3328 2066 3381 Si
2117 3327 2236 3395 quis
2265 3309 2305 3363 (ἶ

658 3433 790 3489 ergo
814 3418 960 3472 illum
998 3419 1157 3472 simul
1207 3421 1424 3473 adorari
1469 3420 1620 3483 dicit,
1664 3427 1915 3488 tanquam
1962 3417 2234 3471 hominem

660 3521 929 3571 seorsum,
984 3523 1106 3562 cum
1156 3509 1246 3562 Dei
1308 3509 1485 3564 Patris
1520 3508 1693 3564 Verbo
1749 3519 2002 3578 tanquam
2064 3509 2237 3562 altero

662 3598 732 3652 ab
766 3599 902 3666 ipso,
931 3607 983 3652 et
1013 3613 1120 3652 non
1174 3601 1468 3653 secundum
1502 3613 1684 3653 veram
1725 3599 1977 3652 unionem
2009 3597 2237 3667 conjuu~

663 3700 795 3757 gens
841 3686 895 3741 in
941 3703 1105 3742 unum
1152 3687 1426 3742 Christum
1476 3696 1530 3741 et
1580 3686 1773 3741 Filium
1829 3696 1883 3740 et
1929 3687 2236 3748 Dominum,

664 3793 771 3832 una
823 3778 1143 3833 adoratione
1190 3779 1441 3846 honorat,
1481 3777 1634 3847 juste
1675 3779 1860 3833 virtuti
1903 3778 2062 3849 hujus
2105 3794 2236 3832 ana-

665 3871 995 3926 thematismi
1031 3871 1335 3942 subjicitur.

1060 3984 1699 4042 ANATHEMATISMUS
1740 3985 1832 4039 IX.

735 4093 794 4150 Si
828 4096 950 4165 quis
996 4112 1158 4149 unum
1193 4097 1475 4151 Dominum
1501 4094 1684 4150 Jesum
1718 4094 1999 4149 Chriswm
2054 4112 2081 4148 a
2112 4097 2224 4164 δρία

671 4189 779 4244 ritu
823 4190 1182 4244 cIariIicatum
1235 4189 1469 4253 dixerit,
1523 4188 1739 4256 propria
1782 4188 1978 4241 virtute
2027 4189 2194 4255 ipsius
2223 4232 2237 4254 ,

676 4289 932 4348 tanquam
975 4280 1151 4333 aliena
1190 4287 1464 4343 utentem;
1493 4294 1557 4332 ac
1590 4279 1696 4332 vim
1725 4287 1778 4332 et
1828 4278 2122 4333 elﬁcaciam
2173 4282 2240 4334 ab

675 4370 864 4425 eodem
915 4371 1210 4438 accepisse,
1265 4385 1368 4437 qua
1426 4378 1614 4423 contra
1663 4369 1972 4423 immundos
2017 4372 2240 4439 spiritus

673 4472 1012 4532 operaretur,
1057 4472 1111 4516 et
1141 4463 1322 4516 divina
1379 4462 1518 4516 inter
1560 4463 1806 4516 homines
1849 4463 2109 4517 miracula
2146 4481 2238 4533 pa-

673 4563 864 4619 traret,
917 4570 980 4609 ac
1031 4570 1138 4608 non
1168 4554 1345 4624 potius
1393 4556 1565 4622 ipsum
1620 4553 1901 4623 Spiritum,
1955 4571 2049 4623 per
2081 4571 2236 4624 quem

2337 2057 2427 2110 τὸν
2499 2056 2728 2108 θάνατον
2792 2053 2956 2106 αὑτοῦ
3018 2047 3459 2119 ἐϐαπτίσθημενς
3519 2044 3911 2113 Συνετάφημεν

2337 2145 2430 2202 οὖν
2479 2146 2627 2216 αὐτῷ
2670 2145 2758 2198 διὰ
2788 2143 2880 2195 τοῦ
2916 2141 3292 2212 βαπτίσματος
3325 2136 3487 2191 αὑτοῦ
3519 2137 3598 2198 εἰς
3626 2134 3718 2188 τὸν
3748 2133 3908 2186 Oliva-

2335 2252 2458 2290 τον·
2493 2238 2578 2289 ἵνα
2620 2234 2807 2303 ὥσπερ
2832 2231 3042 2302 ἠγέρθη
3082 2227 3317 2299 Χριστὸς
3345 2227 3410 2279 ἐκ
3449 2224 3657 2294 νεκρῶν
3685 2222 3774 2276 διά
3809 2221 3907 2288 τῆς

2337 2328 2493 2398 δόξης
2518 2326 2612 2381 τοῦ
2644 2325 2878 2395 Πατρδς,
2898 2322 3039 2374 οῦτω
3062 2321 3155 2373 καὶ
3183 2321 3341 2390 ἡμεῖς
3363 2320 3420 2371 ὲν
3449 2315 3729 2383 καινότητι
3761 2311 3908 2381 ζωῆς

2342 2419 2828 2489 περιπατήσωμεν.
2857 2434 2874 2466 ι
2901 2411 3353 2480 Πεπιστεύκαμεν
3389 2407 3586 2469 τοίνυν,
3626 2405 3719 2458 καὶ
3745 2403 3908 2473 βεϐα-

2339 2508 2614 2578 πτίσμεθα
2643 2509 2722 2572 είς
2753 2506 2851 2559 ἕνα
2879 2544 2893 2567 ,
2925 2503 3176 2573 καθάπερ
3209 2499 3366 2570 ἔφην,
3407 2498 3533 2551 Υἱδν
3573 2497 3663 2549 τὸν
3701 2495 3909 2565 Κύριον

2339 2603 2493 2673 ἡμῶν
2529 2599 2736 2669 Ἰησοῦν
2767 2595 3023 2667 Χριστὸν,
3065 2593 3312 2647 τουτέστι
3337 2632 3350 2654 ,
3391 2585 3809 2659 σεσαρκωμένον
3847 2600 3908 2636 τε

2340 2697 2432 2748 καὶ
2459 2692 2953 2762 ὲνανθρωπήσαντα
2983 2687 3072 2740 τὸν
3104 2689 3168 2739 ὲκ
3189 2682 3323 2738 Θεοῦ
3356 2680 3567 2750 Πατρὸς
3594 2679 3785 2745 Λόγον,
3814 2676 3910 2728 ἕνα

2338 2806 2395 2841 τε
2442 2787 2571 2840 ὄντα
2623 2784 2804 2838 Θεδνδ
2857 2780 3180 2852 προσκυνεῖν
3225 2771 3602 2842 δεδιδάγμεθα,
3648 2771 3744 2822 καὶ
3789 2767 3910 2838 μεθ’

2339 2880 2497 2950 ἡμῶν
2524 2880 2578 2931 αἱ
2608 2877 2719 2929 ἀνω
2749 2873 3040 2942 δυνάμεις⁶
3071 2869 3382 2940 γέγραπται
3409 2865 3518 2936 γάρ
3537 2882 3550 2894 ·
3590 2881 3608 2914 ι
3644 2859 3910 2950 Ὅταν-δὲ

2339 2946 2703 3040 προσαγάγῃο
2735 2964 2825 3017 τὸν
2852 2960 3196 3034 πρωτότοκον
3214 2958 3292 3018 εἰς
3316 2955 3414 3026 τὴν
3443 2951 3793 3021 οἰκουμένην,
3823 2946 3911 3040 λέ-

2338 3036 2456 3128 γει’
2504 3057 2614 3112 Καὶ
2639 3036 3179 3127 προσκυνησάτωσαν
3226 3044 3426 3100 αὐτδνά
3462 3043 3662 3102 πάντες
3691 3036 3910 3104 ἄγγελοι

2339 3127 2496 3205 Θεοῦ.
2524 3167 2541 3199 ι
2574 3148 2771 3216 Γέγονε
2804 3145 2862 3198 δὲ
2889 3142 3233 3212 πρωτότοκος
3256 3139 3284 3191 6
3314 3131 3739 3202 Μονογενὴς,ὃτι
3766 3127 3861 3181 καὶ
3885 3138 3910 3166 ο

2342 3239 2630 3314 ἄνθρωπος
2662 3239 2869 3308 πέφηνε
2899 3235 3020 3289 καθ’
3047 3235 3226 3302 ἡμᾶς·
3275 3229 3396 3281 τότε
3429 3227 3535 3296 γὰρ
3561 3225 3655 3277 καὶ
3683 3220 3910 3314 ἀδελφὸς

2341 3313 2712 3408 κεχρημάτικε
2750 3329 2858 3384 τῶν
2895 3325 3232 3395 ἀγαπώντων
3278 3320 3459 3374 αὐτόν.
3519 3317 3584 3371 Εἰ
3607 3333 3692 3380 τις
3729 3313 3914 3365 τοίνυν

2342 3402 2938 3498 συμπροσκυνεῖσθαίί
3012 3433 3177 3486 φησιν
3236 3414 3310 3477 ὡς
3374 3410 3660 3498 ἄνθρωπον
3727 3402 3913 3498 Ιδικιῦς

2340 3493 2554 3590 ἑτέρως
2586 3516 2716 3586 παρ’
2759 3512 2922 3566 αὑτὸν
2969 3510 3266 3578 ὑπάρχοντι
3315 3503 3390 3572 τῷ
3423 3504 3485 3556 ὲκ
3527 3497 3662 3590 Θεοῦ
3695 3493 3913 3590 Πατρός

2341 3583 2519 3674 Λόγιρ,
2560 3583 2810 3669 καὶνοὺχὶ
2841 3596 2963 3651 καθ’
3003 3595 3197 3647 ἕνωσιν
3230 3590 3406 3659 ἀληθῆ
3446 3583 3782 3653 συνενέγκὼν
3831 3583 3911 3644 είς

2338 3695 2436 3748 ἕνα
2489 3692 2743 3763 Χριστὸν,
2798 3687 2890 3742 καὶ
2943 3686 3091 3750 Υἱδν,
3149 3682 3245 3735 καὶ
3299 3679 3527 3749 Κύριον,
3595 3677 3693 3747 μιᾷ
3746 3687 3913 3763 προσί

2343 3759 2562 3857 κυνήσει
2592 3783 2764 3851 τιμᾷ,
2800 3776 3133 3847 ὑποφέρεται
3166 3770 3389 3832 δικαίως
3436 3771 3502 3839 τῇ
3548 3766 3774 3836 δυνάμει
3813 3759 3916 3816 τοῦ

2338 3870 2804 3946 ἀναθεματισμοῦ.

2766 3977 3352 4037 ΑΝΑΘΕΜΑΤΙΣΜΟΣ
3387 3974 3429 4028 Θ
3453 4017 3466 4030 .

2414 4104 2480 4156 Εἰ
2517 4118 2598 4163 τις
2635 4115 2790 4167 φησι,
2835 4096 2925 4148 τὸν
2955 4094 3052 4146 ἕνα
3084 4091 3288 4160 Κύριον
3325 4085 3527 4155 Ἰησοῦν
3561 4080 3792 4153 Χριστὸν
3831 4078 3915 4130 δο-

2343 4191 2641 4260 ξάζεσθαι1³
2680 4189 2831 4262 παρά
2864 4187 2958 4240 τοῦ
2991 4185 3309 4253 Πνεῦματος
3328 4220 3342 4243 ,
3373 4181 3446 4241 ὡς
3471 4173 3724 4245 ἀλλοτρίᾳ
3747 4171 3914 4225 δυνά-

2347 4306 2436 4360 μει
2459 4290 2526 4356 τῇ
2560 4287 2666 4354 ἰδίᾳ
2692 4281 2855 4337 αὑτοῦ
2879 4279 3179 4350 χρώμενον,
3215 4275 3308 4328 καὶ
3329 4274 3458 4341 παρ’
3490 4268 3653 4360 αὐτοῦ
3678 4265 3917 4360 λαϐόντα

2342 4354 2403 4429 τὸ
2436 4354 2680 4444 ἐνεργεῖν
2724 4369 2986 4439 δύνασθαι
3017 4365 3159 4418 κατά
3204 4360 3532 4429 πνευμάτων
3562 4354 3916 4422 ἀκαθάρτων,

2344 4469 2438 4522 καὶ
2481 4442 2541 4518 τό
2567 4461 2805 4532 πληροῦν
2840 4461 2919 4522 είς
2947 4454 3264 4523 ἀνθρώπους
3306 4455 3402 4515 τὰς
3434 4447 3788 4518 θεοσημίαςί.
3817 4442 3919 4532 καλ

2344 4559 2464 4628 οὐχὶ
2493 4558 2558 4626 δὴ
2589 4528 2785 4625 μᾶλλον
2816 4551 2943 4604 [διον
2977 4546 3145 4601 αὑτοῦ
3195 4545 3255 4598 τὸ
3302 4541 3524 4612 Πνεῦμά
3559 4555 3713 4607 φησι,
3745 4534 3814 4588 δι’
3854 4528 3921 4588 οῦ

669 4641 851 4696 divina
896 4644 1048 4711 signa
1082 4643 1271 4708 edidit,
1303 4643 1446 4696 illius
1488 4643 1762 4712 prOprium
1795 4659 1915 4699 esse
1957 4644 2233 4701 confessus

2348 4653 2441 4704 καὶ
2464 4649 2736 4719 ἐνήργησε
2766 4645 2863 4706 τὰς
2893 4642 3188 4712 θεοσημίας
3215 4637 3261 4687 i°
3299 4633 3547 4702 ἀνάθεμα
3573 4629 3734 4682 ιστω.

669 4734 862 4790 fuerit:
895 4736 1183 4789 anathema
1213 4736 1304 4790 sit.

1207 4845 1364 4900 Decla
1374 4847 1506 4900 ratio
1537 4864 1693 4899 nona.

737 4955 807 5012 Et
833 4956 878 5011 si
910 4957 1244 5026 unigenitum
1289 4956 1380 5011 Dei
1414 4957 1644 5011 Verbum
1694 4959 1852 5011 homo
1885 4958 2084 5012 factum
2130 4967 2233 5022 est,

668 5049 862 5103 mansit
893 5057 1071 5102 tamen
1127 5047 1266 5100 Deus
1301 5048 1481 5101 omnia
1519 5048 1674 5117 155
1699 5059 1890 5116 prater
1927 5049 2095 5103 solam
2141 5065 2236 5117 pa-

669 5138 977 5193 tet-nitatem
1045 5151 1166 5190 cum
1221 5135 1384 5189 Patre
1426 5137 1732 5190 communia
1789 5137 2032 5192 habens:
2066 5138 2237 5207 Spiri-

671 5240 893 5297 tumque
927 5237 1197 5292 sanctum,
1234 5227 1324 5295 qui
1362 5242 1426 5280 ex
1462 5227 1578 5292 ipso
1603 5238 1704 5290 est,
1735 5229 1944 5298 ipsique
1968 5231 2234 5283 essentia-

671 5320 793 5376 Iiter
822 5319 985 5380 inest,
1019 5319 1295 5386 proprium
1322 5318 1548 5382 habens,
1579 5319 1775 5373 divina:
1800 5320 2051 5388 potentia:
2086 5320 2238 5387 signa

738 5482 782 5512 "
808 5481 965 5536 Rom.
992 5497 1068 5543 νι,
1107 5480 1142 5534 3
1171 5495 1324 5550 seqq.
1401 5482 1445 5512 "
1472 5480 1634 5534 Hebr.
1669 5495 1707 5543 ι,
1737 5479 1791 5536 6.

2920 4841 3236 4904 Ἐπιλυσις
3276 4841 3346 4891 0'.

2421 4959 2748 5029 ’Ἄνθρωπος
2780 4953 3021 5024 γεγονὼς
3053 4953 3081 5004 ὁ
3109 4948 3398 5021 μονογενὴς
3427 4947 3522 5001 τοῦ
3561 4943 3693 4998 Θεοῦ
3718 4941 3926 5010 Λόγος,

2345 5051 2738 5120 ἀπομεμὲνηκε
2775 5047 2865 5100 καὶ
2909 5045 3052 5098 οὕτω
3099 5041 3269 5106 Θεὸς,
3305 5041 3482 5093 πάντα
3521 5037 3776 5106 ὑπάρχων
3822 5035 3928 5086 ὃσα

2347 5145 2441 5197 καὶ
2475 5144 2502 5193 6
2531 5142 2740 5210 Πατὴρ,
2773 5139 2894 5209 δίχα
2931 5137 3091 5206 μόνου
3114 5134 3206 5187 τοῦ
3229 5130 3370 5187 εἶναι
3405 5132 3627 5201 Πατήρ·
3660 5125 3751 5178 καὶ
3784 5125 3927 5178 ἴδιον

2347 5233 2486 5303 ἔχων
2531 5232 2592 5284 τὸ
2634 5231 2692 5294 ὲξ
2752 5228 2937 5292 αὑτοῦ,
2977 5228 3068 5281 καὶ
3110 5224 3381 5287 οὐσιωδῶς
3413 5218 3722 5292 ἐμπεφυκὸς
3763 5216 3928 5283 αὖτῷ

2349 5323 2575 5393 Πνεῦμα
2604 5324 2778 5388 ἅγιον,
2805 5318 3092 5390 εἰργάζετο
3118 5319 3215 5381 τὰς
3240 5315 3533 5385 θεοσημίας
3551 5318 3574 5351 ι
3600 5327 3613 5340 ’
3654 5310 3800 5362 ὥστε
3835 5310 3928 5362 καὶ

1723 5616 1894 5672 Variae
1919 5619 2179 5684 lectiones
2209 5632 2274 5672 ex
2309 5617 2495 5674 codice
2527 5620 2893 5690 Seguiertano.

746 5749 768 5778 ι
807 5738 1249 5808 συσχηματίζειν.
1274 5807 1277 5808 ν
1330 5749 1355 5777 ιι
1383 5736 1689 5808 δοξολογὶαν
1716 5738 1966 5804 ἀνάπτει,
1993 5738 2147 5808 alias,
2177 5738 2532 5808 ἀναπέμπει,
2578 5738 2606 5778 b
2636 5738 2730 5790 καὶ
2759 5737 2910 5808 Θεόν.

877 5809 894 5847 ί
932 5807 1375 5878 προσκυνεῖσθαι.
1443 5810 1466 5848 ε
1499 5807 1590 5858 καὶ
1623 5808 1697 5870 ὡς
1728 5809 1916 5880 ἑτέρῳ.
1995 5807 2022 5846 ιι
2051 5807 2382 5872 δεδοξάσθαι.

675 5811 789 5865 καί.

3460 5732 3484 5772 δ
3519 5729 3684 5798 αὐτῷ.
3788 5730 3925 5789 θὸτι

3018 5736 3352 5804 εείσαγάγῃ.
3460 5736 3484 5772 ά
3519 5736 3684 5798 αὐτῷ.
3788 5741 3813 5771 ι

3018 5805 3322 5872 εοσημεξας.
3400 5805 3424 5845 ι
3457 5804 3813 5872 θεοσημείας.

2469 5810 2482 5848 ί
2519 5807 2866 5880 θεοσημείας.
2950 5805 3135 5877 ιθεοση
3148 5805 3322 5876 μεξας.
