4078 6348
192 380 291 438 309

1218 379 1631 441 EXPLICA'l'lO
1670 383 2024 444 DUODECIM
2068 392 2399 451 CAPITUM.

3332 400 3439 457 310

189 493 473 564 ἄνθίκινττθς
524 492 799 561 γεγονὼς,
852 492 1226 579 ἐπιμεμίνηκε
1277 498 1371 551 καὶ
1414 499 1751 564 eaeaeae;-

1864 510 2206 574 operabatur.
2252 509 2434 576 Quare
2482 519 2833 579 posteaquam
2878 511 3039 565 homo
3085 510 3283 566 factum
3325 524 3431 579 est,

187 584 327 637 ὥστε
360 582 467 655 ίδίᾳ⁵
491 584 717 653 δυνάμει
748 588 814 655 τῇ
843 584 933 639 διὰ
957 584 1051 639 τοῦ
1083 578 1397 659 Πνεῦματος
1423 590 1664 661 ἐπλήρου
1691 594 1758 645 τὰ

187 675 461 742 θαύματα.
492 676 555 728 Οί
582 675 643 729 δὲ
670 676 939 744 λέγοντες,
970 678 1045 739 ὡς
1078 677 1361 748 ἄνθρωπον
1393 680 1490 735 ἕνα
1517 682 1607 735 τὸν
1635 684 1756 735 καθ’

185 768 357 835 ἡμᾶς,
382 766 549 835 ἡγουν
573 765 681 819 τῶν
712 766 904 834 ἁγίων,
933 767 1243 833 δεδοξάσθαι
1276 770 1437 823 αὐτὸν
1465 774 1531 841 τῇ
1555 771 1643 825 διὰ
1661 772 1757 825 τοῦ

184 854 507 924 Πνεῦματος
555 856 824 927 ἐνεργείᾳ,
873 856 970 926 οὐχ
1025 857 1099 921 ὡς
1134 859 1240 929 ίδίᾳ
1279 859 1499 929 μᾶλλον,
1536 861 1649 915 ἀλλ’
1682 861 1757 924 ὡς

182 948 461 1018 ἀλλοτρίᾳ,
514 948 607 1002 καὶ
657 950 718 1001 οὐ
762 949 1055 1019 θεοπρεπεῑ
1082 951 1385 1021 χρώμενον,
1434 954 1528 1007 καὶ
1573 953 1649 1017 ὡς
1697 954 1757 1006 ὲν

181 1044 407 1113 χάριτος
438 1042 593 1113 μέρει
642 1042 825 1096 λαϐεῖν
876 1042 1029 1113 παρὰ
1072 1043 1166 1094 τοῦ
1199 1042 1513 1112 [Ινεύματος
1539 1044 1638 1113 τὴν
1677 1046 1757 1106 είς

178 1134 443 1204 οὐρανοὺς
469 1133 732 1204 ἀνάληψιν
753 1150 765 1163 ·
809 1133 1191 1187 ὑποκείσονται
1236 1132 1458 1195 δικαίως
1499 1135 1565 1185 τῆ
1596 1133 1754 1187 δυνά-

180 1240 277 1294 μει
306 1223 399 1277 τοῦ
434 1223 904 1295 ἀναθεματισμοῦ.

610 1364 1207 1418 ΑΝΑΘΕΜᾹΤΙΣΜΟΣ
1242 1366 1294 1419 i'.

262 1496 550 1569 Ἀρχιερέα
576 1538 589 1563 ,
642 1499 734 1551 καὶ
782 1500 1078 1552 ἀπόστολον
1118 1500 1219 1567 τῆς
1254 1500 1543 1568 ὁμολογίας
1596 1500 1756 1571 ἡμῶν

176 1589 504 1659 γεγενῆσθαι
532 1590 765 1660 Χριστὸν
793 1594 823 1661 ὴ
855 1592 974 1643 θεία
1002 1592 1150 1658 λέγει
1181 1592 1366 1661 Γραφή
1390 1607 1403 1621 ·
1451 1608 1755 1663 προσκεκοο

177 1677 403 1747 μικέναι
427 1680 483 1732 δὲ
511 1681 703 1735 ἑαυτὸν
734 1682 872 1750 ὑπὲρ
905 1681 1061 1750 ἡμῶν
1092 1683 1171 1744 είς
1198 1682 1376 1752 ὀσμὴν
1410 1683 1636 1748 εὐωδίας
1676 1683 1753 1753 τῷ

174 1768 299 1841 Θεῷ
335 1773 428 1825 καὶ
472 1772 668 1843 Πατρί.
706 1773 771 1825 Εἴ
806 1790 885 1835 τις
931 1773 1109 1825 τοίνυν
1150 1773 1447 1845 ἀρχιερέα,
1496 1775 1589 1828 καὶ
1623 1775 1749 1828 ἀπό-

1864 596 2004 651 Deus
2055 598 2218 653 etiam
2264 600 2345 653 sic
2388 600 2721 668 permansit;
2761 607 2921 667 atque
2957 601 3033 653 ita
3086 600 3298 670 propria
3344 615 3439 669 per

1861 686 2123 758 Spiritum
2174 690 2374 744 virtute
2419 689 2678 744 miracula
2731 692 3001 758 patrabat.
3044 692 3143 758 Qui
3187 706 3316 745 vero
3358 692 3439 745 di-

1857 788 2006 845 cunt,
2037 780 2211 845 illum,
2246 790 2501 849 tanquam
2536 796 2703 835 unum
2737 782 3043 852 quempiam
3073 797 3104 837 e
3133 769 3309 848 nobis,
3338 783 3439 838 hoc

1857 877 1941 923 est
1986 884 2017 924 e
2067 869 2243 925 sancti
2292 870 2533 939 Spiritus
2572 872 2887 939 operatione
2935 871 3315 937 clarificatum,
3349 888 3438 927 ea-

1858 970 1981 1028 que,
2016 973 2121 1013 non
2172 970 2229 1013 ut
2272 961 2514 1029 propria,
2566 961 2657 1015 sed
2704 969 2962 1030 tanquam
3006 962 3201 1026 aliena,
3236 973 3291 1016 et
3321 978 3440 1031 qua:

1858 1048 2027 1105 Deum
2070 1066 2175 1105 non
2238 1052 2455 1117 deceat,
2504 1069 2684 1119 usum,
2745 1068 2955 1109 necnon
3003 1056 3157 1124 quasi
3206 1055 3438 1126 Spiritus

1857 1140 2032 1210 gratia
2063 1142 2127 1195 ad
2175 1142 2347 1197 caelos
2376 1158 2496 1198 esse
2531 1154 2873 1213 assumptum
2904 1161 2921 1199 :
2958 1146 3033 1200 illi
3071 1147 3269 1201 merito
3306 1162 3438 1201 ana-

1859 1230 2187 1287 themalismi
2223 1232 2382 1301 hujus
2414 1234 2600 1288 virtuti
2643 1235 3021 1304 subjacebuut.

2271 1364 2915 1422 ANATHEMATISMUS
2955 1369 3020 1423 Χ.

1928 1497 2291 1553 Confessionis
2338 1510 2532 1555 nostra:
2572 1502 2880 1569 pontificem
2923 1513 2976 1558 et
3005 1508 3305 1571 apostolum
3350 1511 3434 1559 fa—

1858 1600 2002 1647 ctum
2056 1608 2177 1647 esse
2248 1592 2527 1649 Christum
2595 1594 2876 1663 Scriptura
2927 1597 3103 1649 diviua
3165 1598 3432 1651 docet”:

1856 1677 2115 1732 obtulisse
2138 1693 2353 1747 quoque
2394 1679 2749 1746 semetipsqu
2790 1695 2887 1749 pro
2922 1680 3077 1734 nobis
3113 1680 3219 1733 Deo
3252 1690 3301 1733 et
3334 1680 3436 1733 Pa-

1858 1770 1927 1824 tri
1955 1772 2089 1826 etin
2120 1772 2342 1826 odorem
2389 1771 2681 1826 suavitatis
2704 1772 2772 1825 ³¹.
2804 1772 2859 1826 Si
2890 1773 3012 1841 quis
3052 1786 3184 1842 ergo
3214 1772 3432 1834 dixerit,

175 1863 367 1915 στολον
414 1864 571 1933 ἡμῶν
618 1862 949 1933 γεγενῆσθαί
1002 1881 1166 1934 φησιν
1210 1866 1309 1917 οὐκ
1352 1866 1512 1918 αὑτὸν
1560 1866 1649 1919 τὸν
1689 1868 1752 1919 ὲκ

1859 1860 2166 1929 pontificem
2212 1872 2267 1916 et
2296 1862 2603 1930 apostolum
2650 1874 2893 1917 nostrum
2945 1879 3051 1918 non
3089 1877 3213 1917 esse
3259 1864 3433 1932 ipsum

172 1955 315 2007 θεοῦ
348 1956 558 2025 Πατρδς
588 1956 780 2024 Λόγον,
809 1958 896 2010 ὅτε
928 1959 1117 2025 γέγονε
1149 1956 1313 2029 σὰρξ,
1342 1959 1433 2011 καὶ
1461 1958 1585 2011 καθ’Δ
1608 1960 1754 2029 ἡμᾶς

171 2046 488 2117 ἅνθρωπος,
510 2047 628 2101 ἀλλ’
655 2047 730 2112 ὡς
753 2050 942 2118 ἕτερον
969 2050 1098 2119 παρ’
1121 2050 1302 2113 αὑτὸν,
1338 2050 1515 2113 ίδικῶς
1550 2050 1757 2121 ἀνθρω-

171 2154 277 2190 πον
307 2140 373 2190 ἐκ
395 2138 685 2207 γυναικός⁸
713 2140 744 2209 ἢ
776 2142 827 2193 ετ
853 2157 936 2203 τις
984 2140 1135 2207 λέγει
1176 2141 1314 2211 ὑπὲρ
1342 2140 1571 2194 ι’ἑαυτοῦ
1597 2158 1760 2212 προσ-

171 2233 422 2297 ενεγκεῖν
468 2230 627 2283 αὑτὸν
657 2231 754 2301 τὴν
784 2232 1122 2302 προσφορὰν,
1174 2233 1267 2285 καὶ
1296 2233 1414 2301 οὐχὶ
1447 2233 1515 2301 δὴ
1556 2233 1755 2302 μᾶλλον

172 2320 320 2391 ὑπὲρ
354 2322 526 2391 μόνων
570 2322 762 2393 ἡμῶν·
814 2324 873 2375 οὐ
909 2324 1017 2393 γὰρ
1053 2323 1119 2375 ἂν
1151 2322 1344 2392 ἐδεήθη
1373 2324 1688 2394 προσφορᾶς
1725 2324 1753 2374 ὁ

178 2413 253 2466 urb
280 2414 435 2465 είδὼ·
470 2414 776 2467 ἁααοτίαν·
812 2416 1059 2469 ἀνάθεμα
1094 2415 1253 2469 ἔστω.

774 2609 1084 2673 Ἐπίλυσις
1116 2617 1167 2665 ι’.

244 2717 465 2787 Σμικρὰ
517 2717 614 2786 μὲν
659 2718 1104 2790 ὁμολογουμένως
1148 2721 1225 2790 τῷ
1265 2723 1328 2773 ὲκ
1363 2722 1497 2774 Θεοῦ
1545 2723 1759 2794 Πατρός

170 2810 336 2877 φύντι
387 2810 545 2879 Λόγῳ
580 2809 648 2862 τὰ
670 2810 1003 2882 ἀνθρώπινα.
1035 2812 1179 2882 Πλὴν
1214 2812 1326 2865 ἀλλ’
1348 2815 1446 2866 οῦκ
1478 2815 1757 2886 ἀπόϐλητα

168 2899 258 2953 διὰ
289 2901 388 2971 τὴν
418 2902 749 2972 οἰκονομίαν.
803 2903 1005 2973 Κύριος
1038 2904 1144 2973 γὰρ
1186 2903 1261 2956 ὢν
1292 2905 1400 2956 τῶν
1438 2905 1571 2959 ὅλων
1618 2907 1759 2959 κατὰ

170 2994 359 3059 φύσιν,
404 2994 643 3063 καθῆκεν
683 2994 874 3045 ἑαυτὸν
916 2995 973 3045 ὲν
1008 2997 1119 3055 τοῖς
1155 2994 1276 3047 καθ’
1320 2996 1497 3065 ἡμᾶς,
1545 2998 1757 3067 μορφὴν

167 3083 361 3136 δούλου
407 3083 618 3137 λαϐὼν
659 3086 753 3138 καὶ
789 3086 1194 3156 κεχρημάτικεν
1232 3087 1390 3158 ἡμῶν
1432 3090 1527 3142 καὶ
1570 3092 1756 3159 ἀρχιε-

1858 1950 1950 2005 Dei
1977 1948 2238 2016 Verbum,
2259 1961 2614 2021 posteaquam
2648 1968 2776 2007 caro
2808 1962 2861 2006 et
2902 1953 3064 2008 homo
3094 1954 3249 2009 nobis
3283 1953 3433 2007 simi-

1859 2040 1923 2096 lis
1964 2040 2165 2095 factum
2197 2055 2319 2107 eSt;
2356 2046 2451 2096 sed
2485 2043 2760 2098 hominem
2792 2044 2964 2110 illum,
2998 2044 3088 2113 qui
3116 2060 3179 2099 ex
3212 2044 3436 2098 muliere

1860 2142 2021 2187 natus
2060 2142 2163 2199 est,
2196 2135 2352 2202 quasi
2390 2134 2621 2189 alterum
2656 2136 2966 2204 quempiam
3001 2135 3068 2189 ab
3118 2134 3235 2205 ipso
3270 2136 3440 2189 diver-

1856 2238 1973 2278 sum
2006 2242 2023 2277 :
2052 2235 2143 2277 aut
2192 2226 2236 2278 si
2269 2229 2388 2293 quis
2424 2225 2704 2279 Christum
2756 2241 2853 2295 pro
2904 2227 3083 2295 seipso
3114 2240 3350 2295 quoque.
3384 2236 3439 2278 et

1857 2328 1961 2368 non
2018 2315 2196 2383 potius
2243 2332 2341 2387 pro
2390 2317 2546 2371 nobis
2603 2317 2735 2371 solis
2789 2318 3118 2371 sacrificium
3174 2318 3440 2371 obtulisse

1857 2405 2057 2460 dixerit
2086 2408 2284 2477 (neque
2334 2409 2478 2463 enim
2525 2408 2798 2463 oblatione
2842 2409 3059 2477 egebat,
3092 2410 3181 2479 qui
3230 2424 3428 2478 pecca-

1859 2506 1970 2551 tum
1999 2513 2102 2551 non
2140 2500 2307 2568 novit)
2340 2517 2351 2550 :
2392 2499 2676 2553 anathema
2709 2500 2805 2553 sit.

2368 2610 2667 2665 Declaratio
2689 2613 2913 2667 decium.

1931 2726 2135 2794 Exigua
2177 2741 2308 2780 sane
2340 2735 2462 2781 sunt
2502 2726 2696 2791 Verbo,
2735 2726 2874 2795 quod
2910 2740 2974 2779 ex
3011 2724 3121 2780 Deo
3150 2725 3311 2779 Patre
3342 2742 3451 2780 oro-

1862 2827 1969 2870 tum
1995 2828 2096 2881 est,
2127 2830 2245 2886 quae
2272 2818 2501 2870 humana
2531 2828 2691 2885 sunt;
2722 2827 2956 2871 attamen
2980 2828 3198 2886 propter
3220 2820 3433 2887 dispen-

1859 2913 2121 2967 sationem
2165 2926 2267 2965 non
2314 2910 2625 2978 rejicienda.
2660 2908 2791 2963 Cum
2830 2910 2972 2962 enim
3010 2911 3301 2965 secundum
3335 2929 3433 2965 na—

1862 3007 2035 3056 turam
2083 3003 2455 3057 universorum
2501 3001 2757 3057 Dmniuus
2798 3009 2984 3066 esset,
3033 3002 3217 3056 servili
3262 3002 3433 3056 forma

1862 3101 2099 3161 accepta,
2128 3092 2178 3145 in
2219 3106 2281 3145 ea
2323 3107 2443 3160 qua:
2485 3099 2666 3146 nostra
2701 3104 2848 3154 sunt.
2884 3093 3230 3160 semetipsum
3256 3093 3434 3147 demi-

170 3178 324 3245 ρεὺς,
359 3176 453 3228 καὶ
482 3177 797 3241 ἀπόστολος,
828 3178 935 3230 τῶν
966 3180 1062 3247 τῆς
1095 3180 1506 3249 ἀνθρωπότητος
1544 3182 1755 3250 μέτρων

1868 3183 1971 3248 sit;
2007 3182 2413 3252 appellatusque
2437 3192 2519 3236 est
2555 3193 2739 3237 noster
2777 3184 3021 3252 pontifex
3049 3194 3103 3239 et
3137 3184 3431 3252 apostolus.

171 3269 269 3320 καὶ
310 3270 389 3329 είς
425 3268 583 3321 τοῦτο
627 3269 933 3323 καλούντων
975 3271 1162 3323 αὐτόν’
1206 3289 1223 3319 ι
1256 3272 1669 3343 Προσκεκόμικε
1700 3274 1754 3326 δὲ

169 3361 370 3413 ἑαυτὸν
406 3362 543 3430 ὑπὲρ
585 3362 742 3435 ἡμῶν
778 3364 856 3425 είς
900 3362 1076 3435 ὀσμὴν
1118 3364 1343 3427 εὐωδίας
1384 3366 1461 3435 τῷ
1507 3366 1625 3436 Θεῷ
1664 3369 1755 3419 καὶ

170 3451 379 3520 Ιιατρί·
415 3453 512 3522 μιᾷ
559 3453 667 3523 γὰρ
697 3456 984 3524 προσφορᾷ
1026 3456 1341 3509 τετελείωκε
1378 3458 1501 3519 τοὺς
1533 3458 1755 3525 ἁγιαζο-

171 3544 371 3611 μένους
407 3548 486 3609 ei;
510 3547 571 3599 τὸ
600 3546 865 3617 διηνεκὲς,
896 3566 913 3599 ι
948 3549 1090 3602 καθὰ
1121 3550 1445 3619 γέγραπται.
1490 3552 1630 3603 Ἀλλ’
1657 3553 1754 3604 οὐκ

163 3634 266 3690 οἷδ’
290 3639 439 3702 ὅπως
469 3649 507 3676 ω
538 3642 593 3693 οἰ»
631 3641 979 3711 ἐτερόφρονες
1028 3643 1127 3694 οὐκ
1175 3645 1335 3694 αὑτὸν
1384 3645 1472 3695 τὸν
1522 3648 1585 3697 ἐκ
1619 3646 1753 3698 Θεοῦ

167 3731 345 3798 Λόγον
362 3732 647 3803 ἄνθρωπον
672 3734 928 3799 γεγονότα
953 3734 1391 3803 διισχυρίζονται,
1421 3740 1752 3806 χρηματίσαι

164 3839 227 3873 τε
258 3824 355 3875 καὶ
381 3824 707 3889 ἀπόστολον,
725 3826 815 3877 καὶ
840 3826 1102 3895 ἀρχιερέα
1146 3827 1244 3896 τῆς
1267 3827 1552 3896 ὁμολογίας
1576 3830 1607 3898 ή
1617 3830 1752 3899 μῶν,

166 3912 287 3964 ἀλλ’
310 3912 383 3973 ὡς
414 3913 600 3982 ἔτερόν
631 3931 755 3967 τινα
782 3916 909 3982 παρ’
935 3916 1094 3968 αὐτὸν
1122 3918 1403 3987 ἄνθρωπον
1437 3919 1637 3984 ίδικῶς,
1661 3920 1752 3972 τὸν

162 4004 232 4054 ὲκ
253 4002 356 4069 τῆς
382 4004 538 4071 ἁγίας
566 4005 841 4075 Παρθένου
869 4008 1234 4077 γεγενημένον
1257 4010 1385 4076 φασὶ
1414 4012 1751 4080 χρηματίσαι

164 4095 265 4144 καὶ
299 4094 615 4159 ἀπόστολον,
642 4097 733 4149 καὶ
757 4097 1036 4168 ἀρχιερέα,
1066 4100 1161 4151 καὶ
1191 4100 1329 4152 κατά
1362 4102 1642 4170 προκοπὴν
1674 4104 1751 4164 είς

160 4184 334 4239 τοῦτο
357 4186 692 4256 ἐληλυθέναι,
721 4188 815 4241 καὶ
839 4189 937 4259 οὐχ
962 4189 1101 4257 ὑπὲρ
1123 4207 1180 4257 γε
1213 4191 1387 4259 μόνων
1414 4192 1589 4259 ἡμῶν,
1618 4192 1751 4245 ἀλλὰ

164 4279 266 4331 καὶ
318 4278 458 4348 ὑπὲρ
499 4277 689 4331 ἑαυτοῦ
726 4284 1109 4349 προσενεγκεῖν
1141 4290 1167 4316 η
1213 4282 1404 4333 ἑαυτὸν
1449 4284 1528 4343 είς
1562 4282 1752 4334 Θυσίαν

163 4369 250 4432 τῷ
286 4370 409 4440 Θεῷ
454 4372 546 4423 καὶ
579 4371 783 4442 Πατρί·
816 4373 951 4442 ὅπερ
980 4374 1095 4425 ἐστὶ
1126 4376 1221 4441 τῆς
1256 4372 1442 4442 ὀρθῆς,
1476 4375 1567 4425 καὶ
1601 4376 1754 4445 ἀμω-

164 4462 351 4531 μήτου
384 4460 616 4523 πίστεως
646 4463 920 4533 ἀλλότριον
945 4464 1219 4526 παντελῶς
1238 4481 1253 4493 ⁸
1280 4465 1339 4516 οὗ
1366 4467 1471 4536 γὰρ
1495 4466 1750 4536 ἐποίησεν

161 4552 446 4622 ἁμαρτίαν
469 4569 485 4581 δ
517 4554 544 4604 ό
588 4554 645 4607 δὲ
690 4556 951 4625 κρείττων
1001 4556 1075 4607 ὣν
1113 4555 1205 4609 τοῦ
1246 4535 1605 4625 πλημμελεῖν,
1641 4535 1747 4610 καὶ
1780 4535 1823 4589 D

158 4643 481 4711 ἀμοιρήσας
501 4644 775 4714 ἁμαρτίας
800 4645 1097 4708 παντελῶς.
1119 4645 1217 4697 οὐκ
1243 4646 1309 4698 ἂν
1337 4645 1529 4716 ἐδεήθη
1559 4646 1746 4709 θυσίας

158 4732 270 4801 τῆς
303 4732 446 4802 ὑπὲρ
468 4734 680 4786 ἑαυτοῦ.
718 4735 933 4806 Ἐπειδὴ
957 4736 1011 4786 δὲ
1044 4735 1101 4786 τὸ
1133 4736 1277 4797 είκὸς
1311 4735 1745 4805 παρωθοῦμενοι,

157 4825 264 4878 δύο
304 4824 369 4895 δὴ
405 4825 567 4878 πάλιν
596 4827 744 4888 υἱοὺς
766 4827 1065 4880 ἐπινοοῦσιν
1093 4830 1139 4880 οἱ
1171 4828 1541 4898 ἐτερόφρονες,
1576 4830 1747 4897 ἀναγ-

158 4920 345 4982 καίως
373 4918 594 4987 γέγονεν
628 4922 657 4973 ό
688 4922 1128 4991 ἀναθεματισμιὸς
1148 4963 1159 4984 ,
1208 4922 1424 4991 ἐμφανῆ
1475 4920 1749 4975 καθιστῶν

158 5010 269 5079 τὴν
310 5010 563 5064 ἀσέϐειαν
593 5012 791 5066 αὐτῶν.

600 5202 1187 5257 ΑΝΑΘΕΜΑἹΊΣΜΟΣ
1220 5206 1319 5257 ΙΛ’.

238 5314 315 5369 Εἴ
345 5330 429 5377 τις
463 5312 564 5384 οὐχ
602 5314 852 5385 ὁμολογεῖ
880 5317 978 5387 τὴν
1023 5316 1118 5369 τοῦ
1154 5317 1359 5387 Κυρίου
1398 5317 1574 5387 σάρκα
1607 5316 1742 5380 ζωο-

246 5494 299 5526 ³⁶
324 5495 489 5550 llebr.
527 5512 608 5565 ιιι,
644 5499 694 5551 1.

1861 3274 2107 3328 humanae
2137 3285 2341 3327 natura:
2376 3272 2776 3328 conditionibus
2806 3274 2873 3327 ad
2915 3274 3015 3329 hoc
3052 3275 3218 3329 etiam
3251 3275 3426 3345 ipsum

1859 3365 2193 3417 vocantibus.
2242 3382 2260 3413 ι
2300 3358 2503 3416 Obtulit
2537 3373 2715 3417 autem
2750 3364 3101 3431 semetipsum
3134 3380 3233 3434 pro
3270 3368 3426 3420 nobis

1860 3455 1967 3509 Deo
2010 3454 2155 3507 Patri
2196 3455 2247 3507 in
2270 3454 2491 3508 odorem
2523 3455 2887 3509 suavitatis".
2913 3455 3030 3511 Una
3057 3458 3251 3526 quippe
3275 3457 3428 3512 obla-

1860 3545 2791 3602 tioneconsummavitsanctificatos
2823 3548 2873 3601 in
2907 3549 3295 3617 sempiternum
3319 3549 3419 3613 ⁸³,ι

1856 3640 2003 3692 sicut
2048 3639 2305 3707 scriptum
2361 3646 2459 3691 est.
2504 3638 2571 3690 At
2612 3638 2793 3691 nescio
2842 3640 3111 3707 quomodo
3145 3640 3236 3709 qui
3272 3654 3427 3695 secus

1856 3732 2116 3795 sentiunt,
2153 3745 2255 3783 non
2284 3731 2454 3799 ipsum
2494 3729 2590 3783 Dei
2633 3728 2865 3783 Verbum
2919 3731 3188 3785 hominem
3233 3732 3429 3786 factum

1858 3822 2157 3884 exstitisse,
2188 3830 2241 3875 et
2272 3819 2574 3889 apostolum
2621 3835 2685 3874 ac
2732 3821 3039 3889 pontificem
3072 3822 3431 3877 confessionis

1858 3923 2078 3974 nostra),
2112 3913 2205 3966 sed
2248 3912 2401 3980 quasi
2439 3913 2707 3967 diversum
2737 3913 3043 3981 quempiam
3081 3914 3149 3967 ab
3183 3914 3297 3983 ipso
3331 3914 3429 3967 ho-

1857 4008 2056 4060 minem
2087 4019 2331 4059 seorsum
2366 4019 2396 4057 e
2424 4014 2609 4058 sancta
2652 4002 2872 4073 Virgine
2920 4016 3103 4058 natum
3128 4045 3143 4070 ,
3180 4014 3235 4057 et
3272 4003 3434 4075 156

1856 4097 2155 4167 apostolum
2204 4111 2267 4150 ac
2323 4096 2629 4165 pontificem
2679 4107 2929 4152 vocatum
2987 4096 3154 4152 fuisse
3200 4109 3428 4151 conten-

1856 4190 2020 4253 dunt;
2052 4198 2105 4241 et
2139 4187 2469 4255 proficiendo
2501 4188 2566 4240 ad
2600 4188 2701 4242 hoc
2732 4198 2975 4242 evectum
3008 4204 3167 4243 esse:
3204 4204 3301 4242 nec
3331 4204 3426 4256 pro

1856 4278 2009 4331 nobis
2035 4276 2165 4330 solis
2192 4277 2536 4344 semetipsum
2578 4276 2689 4330 Deo
2729 4288 2784 4330 et
2830 4276 2972 4331 Patri
3008 4278 3057 4331 in
3097 4279 3425 4333 sacrificium

1853 4369 2131 4431 obtulisse,
2171 4369 2264 4422 sed
2316 4369 2475 4422 etiam
2522 4384 2617 4436 pro
2664 4370 2885 4439 seipso:
2924 4370 2976 4423 id
3015 4372 3155 4438 quod
3203 4386 3231 4424 a
3278 4380 3423 4427 recta

1855 4459 2236 4529 inculpataque
2283 4459 2387 4513 ﬁde
2433 4460 2654 4513 omnino
2694 4470 2776 4514 est
2823 4460 3097 4527 alienum,
3144 4474 3421 4530 peccatum

1855 4550 1999 4603 enim
2030 4566 2135 4604 non
2165 4548 2389 4604 fecerat.
2424 4548 2523 4615 Qui
2566 4561 2742 4605 autem
2774 4552 2970 4607 delicto
3009 4555 3274 4622 superior,
3301 4569 3426 4624 pec-

1854 4641 2067 4709 catique
2094 4654 2317 4708 prorsus
2347 4655 2538 4707 expers
2563 4650 2715 4706 erat,
2745 4640 3019 4697 oblatione
3047 4660 3144 4712 pro
3186 4659 3244 4697 se
3278 4643 3424 4697 nullo

1854 4738 2007 4800 pacto
2036 4745 2175 4799 opus
2201 4731 2451 4785 habebat.
2492 4732 2751 4795 Quoniam
2780 4746 2907 4786 vero
2944 4736 3037 4802 qui
3081 4745 3268 4789 contra
3301 4750 3422 4788 sen~

1856 4822 2017 4884 tiunt,
2063 4820 2197 4873 duos
2238 4835 2423 4873 rursus
2462 4820 2600 4874 filios
2635 4820 2863 4874 absurde
2901 4824 3417 4887 comminiscuntur,

1852 4925 2028 4981 operte
2053 4910 2285 4979 pretium
2318 4910 2440 4971 fuit,
2474 4919 2532 4962 ut
2556 4910 2641 4964 hic
2674 4926 2889 4980 quoque
2929 4914 3415 4968 anathematismus

1851 5003 2240 5072 assignaretur.
2295 5003 2385 5070 qui
2437 5002 2768 5071 impietatem
2819 5003 3034 5059 illorum
3081 5008 3418 5075 perspicuam

1853 5093 2115 5153 redderet.

2250 5202 2886 5259 ANATHEMATISMUS
2929 5204 3018 5258 XI.

1922 5318 1976 5371 Si
1999 5317 2120 5384 quis
2145 5315 2355 5371 Domini
2380 5331 2596 5372 carnem
2625 5317 2913 5382 viviﬁcam,
2940 5318 3213 5387 ipsiusque
3238 5315 3418 5381 Verbi,

794 5498 835 5529 ³¹
866 5499 1064 5567 Ephes.
1099 5514 1148 5564 ν,
1176 5500 1229 5551 2.
1308 5501 1350 5529 ³³
1382 5498 1513 5552 Ιὺίιι.
1606 5499 1650 5530 ⁸³
1669 5501 1833 5554 Hebr.
1868 5514 1921 5565 Χ,
1956 5500 2039 5556 14.

1245 5653 1416 5707 Variae
1457 5654 1718 5710 lectiones
1746 5672 1811 5711 ex
1844 5656 2029 5712 codice
2066 5657 2438 5727 Saguieriano.

222 5804 240 5851 ι
282 5806 561 5878 καὶσὺπέρ.
639 5814 671 5835 ⁸³
704 5801 818 5862 οἶδα
846 5809 979 5871 πῶς.

1060 5821 1081 5847 η
1125 5810 1321 5879 μᾶλλον
1354 5812 1526 5881 ἡμῶν,
1564 5813 1592 5883 ἧ
1622 5813 1810 5866 ἑαυτοῦ
1846 5816 2249 5884 προσενεγκεῖν.
