4078 6348
662 381 762 439 3H

1651 388 1710 442 S.
1750 386 2029 441 (lYlllLLl
2068 385 2541 443 ΑιΕχΑΝυιιιΝι
2576 387 2904 445 ARCHIEI'.

3798 382 3902 434 512

646 496 884 565 quodex
934 495 1041 550 Deo
1085 495 1246 551 Patre
1286 507 1393 562 est,
1437 499 1708 570 pr0priam
1755 516 1874 556 esse
1922 504 2218 572 negaverit,

2333 503 2479 555 ποιὸν
2512 494 2672 567 εῖναι,
2702 503 2795 556 καὶ
2823 500 2958 554 ίδίαν
2984 498 3150 552 αὐτου
3173 496 3267 550 τοῦ
3291 497 3357 550 ὲκ
3381 494 3516 549 Θεοῦ
3558 494 3776 563 Πατρδς
3801 496 3903 546 A6-

644 587 736 640 sed
770 585 931 638 veluti
969 586 1193 642 alterius
1225 588 1522 658 cujuspiam
1566 590 1665 659 ipsi
1707 591 1884 647 Verbo
1916 594 2210 648 secundum

643 678 961 746 dignitatem
1000 679 1314 747 conjuncti,
1351 682 1453 736 hoc
1484 690 1597 745 est,
1637 692 1695 736 ut
1737 683 1973 737 divinam
2008 694 2215 738 tantum

646 764 1098 822 inhabitationem
1130 770 1329 833 sortiti,
1359 785 1421 826 ac
1455 786 1560 826 non
1601 771 1778 840 potius
1808 771 2069 827 viviﬁcam
2099 788 2219 829 esse

2323 610 2443 661 γου,
2488 593 2603 646 ἀλλ’
2643 593 2717 657 ὡς
2749 593 2936 663 ἑτέρου
2962 589 3105 654 τινός
3142 606 3252 660 παρ
3312 588 3496 650 αὐτὸν,
3544 585 3900 654 συνημμένου

2326 687 2424 756 μὲν
2443 685 2592 756 αύτῷ
2614 685 2753 739 κατά
2776 684 2873 754 τὴν
2894 684 3071 750 ἀξίαν,
3092 682 3259 753 ἧγουν
3285 681 3360 744 ὼς
3384 679 3553 749 μόνην
3577 677 3855 747 ἐνοίκησιν
3878 681 3902 707 α

2322 776 2637 846 ἐσχηκότος,
2662 775 2757 828 καὶ
2781 774 2903 845 οὐχὶ
2929 772 2993 844 δὴ
3026 770 3227 842 μᾶλλον
3260 768 3543 834 ζωοποιδν,
3568 766 3642 829 ὡς
3668 766 3900 838 ἔφημεν,

642 856 860 924 dixerit,
875 865 932 912 ut
953 860 1111 915 modo
1125 861 1486 926 meminimus,
1507 877 1572 917 eo
1591 862 1732 932 quod
1746 862 1927 930 Verbi,
1946 864 2087 934 quod
2106 879 2223 919 om-

2333 869 2403 920 Ξτι
2432 867 2657 937 γέγονεν
2685 866 2790 938 ἰδίᾳ
2821 877 2847 915 P
2870 864 2964 918 τοῦ
2986 863 3162 932 Λόγου
3193 862 3287 916 τοῦ
3318 860 3385 915 τά
3413 858 3591 912 πάντα
3616 858 3902 923 ζωοποιεῖν

643 950 730 1004 nia
765 948 1042 1007 viviﬁcare
1074 960 1270 1023 potest,
1290 953 1428 1009 facta
1447 955 1517 1010 sit
1538 955 1784 1025 propria;
1814 957 2099 1014 anathema
2124 958 2214 1012 sit.

1116 1064 1416 1123 Declaratio
1447 1068 1749 1124 undecima.

716 1171 976 1232 Sanctum
1017 1192 1080 1232 ac
1108 1178 1382 1234 viviﬁcum
1414 1180 1865 1252 incruentumque
1894 1183 1947 1238 in
1974 1182 2220 1240 ecclesiis

646 1267 978 1323 sacriﬁcium
1006 1270 1314 1341 peragimus
1338 1289 1351 1337 ;
1380 1286 1575 1341 corpus
1599 1276 1742 1342 quod
1772 1276 2109 1344 proponitur,
2143 1278 2220 1332 si-

646 1356 846 1413 militer
868 1370 922 1414 et
948 1361 1240 1430 pretiosum
1273 1364 1615 1433 sanguinem,
1643 1379 1747 1419 non
1772 1367 2098 1433 communis,
2125 1382 2219 1422 no-

646 1448 834 1518 bisque
872 1452 1065 1506 similis
1114 1452 1349 1509 hominis
1400 1456 1700 1526 cujuspiam
1745 1470 1869 1511 esse
1916 1456 2216 1521 credentes,

645 1541 737 1593 sed
786 1542 965 1611 potius
1012 1552 1267 1612 tanquam
1313 1546 1589 1614 proprium
1628 1564 1821 1617 corpus
1851 1548 2134 1615 eﬂ‘ectum,
2166 1560 2221 1605 et

647 1633 964 1700 sanguinem
995 1635 1157 1691 etiam
1182 1634 1364 1702 Verbi,
1396 1640 1536 1707 quod
1575 1641 1755 1694 omnia
1790 1640 2046 1705 vivificat,
2078 1641 2220 1696 acci-

645 1722 877 1788 pientes.
931 1725 1207 1794 Siquidem
1266 1734 1572 1785 communis
1628 1746 1754 1787 caro
1800 1733 2075 1790 viviﬁcare
2115 1750 2217 1789 non

2327 959 2600 1029 ἰσχύοντος
2616 975 2629 989 ·
2674 956 2923 1027 ἀνάθεμα
2946 954 3106 1009 ἔστω.

2894 1069 2949 1121 Ἐ
2963 1068 3215 1132 πίλυσις
3244 1070 3337 1119 ια’.

2391 1185 2502 1255 Τὴν
2532 1183 2712 1252 ἁγίαν,
2742 1183 2835 1237 καὶ
2868 1181 3153 1246 ζωοποιὸν,
3186 1180 3281 1233 καὶ
3312 1176 3652 1247 ἀναίμακτον
3690 1176 3749 1228 ὲν
3781 1176 3902 1236 ταῖς

2319 1276 2639 1346 ἐκκλησίαις
2664 1273 2924 1345 τελοῦμεν
2949 1272 3161 1335 θυσίαν,
3187 1271 3284 1340 οὐχ
3304 1268 3419 1332 ἐνὸς
3443 1268 3551 1321 τῶν
3577 1267 3697 1321 καθ’
3721 1267 3897 1335 ἡμᾶς,

2321 1367 2415 1419 καὶ
2461 1364 2751 1435 ἀνθρώπου
2802 1352 2982 1417 κοινοῦ
3041 1362 3203 1432 σῶμα
3248 1356 3389 1413 εἶναι
3436 1358 3786 1419 πιστεύοντες
3841 1354 3902 1407 τὺ

2320 1460 2700 1531 προκείμενον,
2722 1458 2923 1527 ὁμοίως
2947 1456 3003 1511 δὲ
3026 1456 3120 1509 καὶ
3146 1454 3206 1507 τὸ
3229 1454 3407 1524 τίμιον
3434 1446 3597 1521 αἷμα,
3620 1448 3902 1519 δεχόμενοι

2322 1551 2380 1604 δὲ
2426 1549 2624 1621 μᾶλλον
2666 1547 2740 1612 ὡς
2784 1547 2915 1602 ἴδιον
2950 1546 3109 1616 σῶμα
3156 1541 3409 1613 γεγονὸς,
3457 1540 3552 1595 καὶ
3590 1540 3773 1609 μέντοι
3808 1537 3901 1590 καὶ

2320 1638 2461 1713 αἷμα
2489 1640 2583 1694 τοῦ
2609 1643 2677 1694 τὰ
2698 1640 2875 1693 πάντα
2905 1635 3294 1705 ζωογονοῦντος
3320 1644 3345 1684 τι
3371 1632 3566 1701 Λόγου.
3592 1631 3763 1698 Κοινὴ
3793 1629 3903 1697 γάρ

2323 1734 2459 1805 σὰρξ
2485 1734 2765 1798 ζωοποιεῖν
2790 1732 2847 1785 ού
2871 1730 3115 1783 δύναται.
3141 1728 3248 1780 Καὶ
3272 1725 3464 1780 τούτου
3497 1725 3706 1795 μάρτυς
3734 1722 3898 1778 αὐτὸς

647 1822 843 1880 potest.
870 1815 933 1868 Et
957 1817 1056 1871 hoc
1088 1818 1336 1873 Salvator
1362 1821 1477 1889 ipse
1509 1831 1764 1877 testatum
1791 1823 1919 1879 facit
1950 1843 1964 1881 :
2004 1844 2022 1877 (
2055 1825 2216 1891 Caro,

2333 1829 2349 1880 5
2390 1825 2600 1895 Σωτὴρ,
2653 1822 2859 1891 λέγων·
2895 1839 2913 1871 ι
2952 1820 3017 1873 Ἠ
3054 1818 3191 1890 σὰρξ
3240 1818 3341 1871 οῦκ
3374 1814 3575 1886 ὠφελεῖ
3610 1813 3765 1866 οῦδὲν
3790 1827 3804 1841 ’
3845 1812 3905 1865 τὺ

648 1904 922 1973 inquiens,
963 1923 1069 1963 non
1106 1912 1325 1978 prodest
1368 1914 1699 1983 quidquam;
1742 1917 1963 1985 spiritus
2003 1928 2086 1972 est
2126 1917 2218 1987 qui

646 1996 883 2051 viviﬁcat
915 1999 979 2053 ".
1022 2020 1039 2051 ι
1076 2001 1211 2067 Quia
1246 2006 1388 2058 enim
1425 2020 1554 2061 caro
1588 2006 1746 2061 Verbi
1790 2006 1934 2062 facta
1976 2017 2059 2063 est
2108 2024 2224 2078 pro-

646 2089 786 2157 pria,
819 2091 887 2145 ob
933 2092 983 2146 id
1023 2094 1343 2165 intelligitur
1386 2106 1441 2151 et
1478 2110 1562 2152 est
1602 2099 1834 2164 viviﬁca,
1864 2101 2221 2169 quemadmo-

647 2184 771 2235 dum
824 2184 938 2252 ipse
987 2186 1236 2241 Salvator
1287 2190 1401 2243 ait:
1450 2210 1468 2242 ι
1510 2190 1662 2245 Sicut
1711 2191 1859 2245 misit
1906 2208 1992 2249 me
2035 2194 2223 2249 vivens

646 2269 827 2337 Pater,
857 2283 910 2328 et
943 2289 1040 2342 ego
1069 2278 1190 2331 vivo
1222 2288 1441 2348 propter
1473 2279 1684 2335 Patrem
1722 2300 1735 2336 :
1771 2291 1825 2336 et
1856 2284 1945 2351 qui
1989 2285 2222 2338 mandu-

648 2373 738 2417 cat
772 2379 877 2430 me,
909 2374 963 2418 et
1004 2367 1117 2435 ipse
1162 2356 1302 2422 vivet
1346 2380 1562 2440 propter
1608 2387 1693 2427 me
1712 2374 1778 2427 ³⁸.
1814 2392 1832 2425 ι
1868 2374 2001 2429 Cum
2040 2374 2225 2444 itaque

646 2450 947 2518 Nestorius,
978 2467 1033 2510 et
1065 2458 1304 2526 quicum
1347 2459 1437 2516 illo
1483 2462 1742 2528 sentiunt,
1782 2466 2025 2534 mysterii
2065 2466 2224 2534 hujus

648 2544 904 2599 virtutem
941 2556 1144 2601 temere
1190 2550 1524 2618 dissolvant;
1565 2566 1874 2622 propterea,
1920 2566 1975 2611 et
2011 2556 2062 2611 id
2105 2558 2226 2626 qui-

649 2637 770 2691 dem
804 2640 1093 2695 admodum
1126 2644 1527 2711 convenienter,
1555 2646 1732 2702 editus
1762 2657 1844 2703 est
1878 2648 1967 2703 hic
1998 2649 2224 2704 anathe-

650 2728 953 2788 matismus.

1035 2821 1678 2884 ANATHEMATISMUS
1714 2827 1828 2884 XII.

724 2930 781 2986 Si
825 2933 950 3003 quis
980 2949 1085 2989 non
1137 2937 1445 3005 conﬁtetur,
1484 2939 1578 2995 Dei
1622 2940 1858 2996 Verbum
1903 2957 2066 2999 carne
2104 2960 2229 3015 pas-

651 3038 770 3077 sum
795 3034 849 3079 et
873 3024 1189 3082 cruciﬁxum
1218 3044 1357 3095 esse,
1384 3041 1721 3103 mortemque
1747 3049 1911 3089 carne
1936 3047 2181 3106 gustasse
2210 3052 2227 3092 :

652 3130 859 3172 necnon
924 3120 1340 3191 primogenitum
1403 3123 1560 3196 157
1624 3142 1687 3180 ex
1736 3129 1961 3183 mortuis
2017 3129 2221 3186 factum

649 3221 772 3262 esse
798 3206 843 3241 "
868 3226 883 3276 ;
915 3220 1182 3281 quatenus
1208 3214 1461 3271 nimirum
1494 3224 1551 3271 ut
1571 3217 1713 3275 Deus
1733 3220 1843 3274 vita
1867 3230 1922 3275 et
1944 3221 2227 3277 viviﬁcans

651 3305 771 3365 est;
802 3302 1090 3357 anathema
1127 3304 1220 3361 sit.

1108 3418 1407 3476 Declaratio
1432 3422 1762 3477 duodecima.

725 3530 1029 3601 lmpatibile
1062 3543 1117 3587 et
1156 3534 1460 3589 immortale
1491 3545 1575 3591 est
1609 3534 1702 3592 Dei
1755 3537 1929 3594 Patris
1954 3538 2189 3595 Verbum
2211 3579 2226 3606 ,

656 3625 816 3679 altior
842 3633 924 3681 est
946 3626 1089 3680 enim
1126 3626 1302 3681 divina
1338 3626 1425 3681 illa
1470 3636 1525 3683 et
1558 3629 1981 3700 ineorruptihilis
2012 3642 2228 3697 natura,

657 3730 966 3785 quamquae
996 3716 1195 3785 aliquid
1233 3718 1341 3785 pati
1384 3717 1587 3786 possit,
1620 3734 1791 3789 eaque
1834 3721 2012 3775 omnia
2059 3721 2231 3776 viviti—

657 3816 787 3863 cat:
824 3810 954 3876 quin
997 3809 1158 3863 etiam
1199 3809 1475 3862 interitum
1500 3848 1516 3873 ,
1553 3818 1607 3863 et
1649 3810 1907 3881 quidquid
1952 3812 2227 3867 tristitiam

658 3897 853 3952 aﬂ‘erre
883 3898 1040 3965 solet,
1066 3898 1221 3967 longe
1253 3908 1560 3966 exsuperat.
1606 3900 1839 3954 Verbum
1879 3901 2003 3956 licet
2038 3917 2231 3956 secun-

658 3987 784 4041 dum
815 3989 1103 4043 essentiam
1132 3991 1232 4043 hoc
1257 3990 1327 4043 sit
1364 3988 1456 4043 Dei
1491 3989 1669 4044 Patris
1712 3989 1947 4045 Verbum
1978 4008 1991 4058 ;
2032 3992 2230 4047 nihilo-

661 4080 838 4135 minus
859 4095 1101 4143 carnem,
1133 4096 1250 4150 qum
1301 4082 1435 4135 mori
1468 4092 1679 4151 posset,
1720 4083 1820 4138 sibi
1851 4085 2125 4154 propriam
2156 4083 2229 4140 fe-

661 4169 754 4233 cit,
801 4179 859 4222 ut
907 4184 1002 4238 per
1044 4171 1166 4237 hoc,
1204 4174 1346 4240 quod
1393 4172 1499 4239 pati
1555 4172 1770 4227 solitum
1818 4184 1919 4240 est,
1952 4176 2233 4242 passiones

660 4274 759 4329 pro
792 4260 949 4317 nobis,
976 4276 1039 4315 ac
1060 4271 1287 4331 propter
1319 4279 1415 4317 nos
1448 4264 1498 4316 in
1534 4263 1766 4331 seipsum
1805 4280 2105 4331 assumens,
2136 4283 2233 4323 nos

660 4366 849 4405 omnes
877 4367 905 4403 a
939 4363 1110 4405 morte
1136 4361 1190 4405 et
1225 4354 1571 4421 corruptione
1602 4354 1899 4421 liberaret;
1929 4371 2087 4411 suum
2113 4372 2229 4411 cor-

665 4458 784 4511 pus,
809 4453 865 4497 ut
888 4443 1049 4508 Deus,
1073 4445 1369 4509 vivilicans,
1385 4446 1745 4515 pritttitimquc
1763 4446 2148 4503 dormientium
2168 4449 2233 4514 ³⁷,

2324 1917 2542 1986 πνεῦμά
2583 1916 2699 1967 ἔστι
2733 1913 2796 1966 τὸ
2831 1910 3146 1978 ζωοποιοῦν.
3176 1929 3193 1960 ι
3236 1906 3456 1977 Ἐπειδὴ
3489 1906 3596 1976 γὰρ
3630 1904 3735 1975 ίδίᾳ
3762 1912 3784 1940 τ
3816 1901 3907 1969 γέ-

2323 2026 2446 2078 γονε
2481 2006 2573 2061 τοῦ
2606 2005 2801 2074 Λόγου,
2829 2004 3082 2074 ταύτῃτοι
3112 2003 3311 2055 νοεῖται
3339 1998 3432 2051 καὶ
3466 1996 3582 2049 ἐστι
3616 1993 3905 2059 ζωοποιὸς,

2326 2100 2466 2155 καθά
2495 2116 2655 2169 φησιν
2689 2096 2849 2159 αὐτὸς
2876 2098 2903 2149 6
2936 2095 3153 2165 Σωτήρ·
3188 2113 3205 2144 t
3235 2090 3431 2153 Καθὼς
3454 2085 3742 2143 ἀπέστειλέ
3781 2102 3850 2155 με
3879 2084 3908 2136 6

2325 2190 2433 2254 ζῶν
2463 2189 2673 2260 Πατὴρ,
2705 2187 2859 2255 κάγὼ
2893 2186 2969 2251 ζῶ
2997 2185 3084 2240 διὰ
3113 2184 3206 2238 τὸν
3226 2184 3469 2254 Πατέρα.
3502 2181 3599 2234 καὶ
3626 2182 3654 2233 6
3677 2176 3907 2249 τρώγων

2330 2299 2419 2353 με,
2445 2283 2696 2344 κάκεῖνος
2725 2280 2947 2349 ζήσεται
2977 2290 2997 2317 ³
3026 2278 3092 2331 δι’
3116 2276 3238 2348 ὲμέ.
3283 2270 3498 2362 Ἐπειδὴ
3523 2273 3580 2325 δὲ
3613 2270 3908 2362 Νεστόριος

2324 2374 2421 2428 καὶ
2465 2374 2513 2425 οἱ
2556 2372 2627 2427 τὰ
2682 2371 2846 2425 αὑτοῦ
2900 2367 3223 2441 φρονοῦντες
3268 2359 3638 2434 παραλύουσιν
3683 2359 3910 2429 ἀμαθῶς

2324 2458 2418 2514 τοῦ
2454 2458 2751 2530 μυστηρίου
2776 2459 2874 2529 τὴν
2907 2458 3156 2527 δύναμιν,
3194 2456 3477 2526 ταύτῃτοι,
3521 2453 3619 2507 καὶ
3655 2451 3803 2522 μάλα
3832 2450 3909 2501 εί-

2328 2552 2522 2617 κότως,
2556 2552 2782 2620 γέγονεν
2809 2550 2838 2601 6
2879 2548 3343 2619 ἀναθεματισμός.

2758 2828 3346 2888 ΔΝΑΘΕΜΛΊΊΣΜΟΣ
3385 2826 3484 2881 IB'.

2402 2945 2469 2998 Εἴ
2519 2960 2601 3006 τις
2653 2942 2753 3011 οὐχ
2806 2939 3087 3012 ὁμολογεῖ,
3137 2938 3228 2992 τὸν
3260 2936 3355 2990 τοῦ
3395 2936 3531 2990 Θεοῦ
3576 2936 3752 3005 Λόγον
3812 2951 3918 2989 πα-

2332 3036 2491 3089 θόντα
2526 3034 2712 3103 σαρκὶ,
2742 3035 2837 3086 καὶ
2873 3028 3286 3100 ἐσταυρωμένον
3327 3026 3509 3097 σαρκὶ,
3552 3026 3647 3079 καὶ
3680 3025 3917 3078 θανάτου

2332 3128 2665 3197 γευσάμενον
2700 3122 2885 3193 σαρκὶ,
2916 3119 3181 3189 γεγονότα
3201 3118 3261 3171 δὲ
3286 3118 3306 3155 ⁸
3343 3116 3686 3189 πρωτότοκον
3720 3118 3791 3169 ὲκ
3830 3133 3917 3167 νε-

2333 3218 2503 3289 κρῶν,
2544 3216 2680 3271 καθὸ
2719 3215 2830 3285 ζωή
2862 3215 3000 3279 ἐστι,
3029 3213 3123 3266 καὶ
3152 3211 3434 3276 ζωοποιὸς,
3465 3210 3559 3264 καὶ
3587 3209 3721 3271 Θεός
3742 3226 3755 3240 ⁸
3790 3208 3921 3262 ἀνά-

2336 3311 2393 3363 θε
2404 3327 2480 3380 μα
2507 3307 2665 3361 ἔστω.

2911 3414 3227 3478 Ἐπίλυσις
3250 3412 3347 3477 ιβ’.

2418 3533 2659 3604 ’Λπαθὴς
2688 3532 2807 3602 μὲν,
2840 3530 2931 3583 καὶ
2956 3528 3220 3590 ἀθάνατος
3243 3527 3272 3579 ὁ
3301 3527 3366 3580 ὲκ
3398 3523 3534 3579 Θεοῦ
3562 3525 3776 3595 Πατρός
3802 3526 3921 3578 ἐστι

2336 3630 2529 3696 Λόγος,
2553 3627 2628 3689 ὼς
2657 3623 2910 3693 ἀνωτέρω
2943 3621 3049 3691 γὰρ
3070 3632 3096 3659 ιι
3127 3613 3223 3672 τοῦ
3254 3618 3490 3687 πάσχειν
3522 3618 3555 3687 ὴ
3581 3617 3701 3669 θεία
3730 3634 3793 3668 τε
3824 3616 3918 3667 καὶ

2336 3718 2613 3790 ἀκήρατός
2639 3721 2755 3771 ὲστι
2784 3715 2946 3784 φύσις
2965 3728 2980 3743 ’
3013 3712 3110 3765 καὶ
3140 3709 3278 3780 αὕτη
3319 3711 3387 3761 τὰ
3428 3708 3605 3762 πάντα
3636 3706 3919 3771 ζωοποιεῖ,

2338 3813 2432 3867 καὶ
2452 3811 2655 3881 φθορᾶς
2680 3808 2919 3879 ἀμείνων
2947 3805 3085 3868 ἐστὶ,
3113 3803 3205 3856 καὶ
3229 3801 3432 3865 παντὸς
3458 3798 3551 3853 τοῦ
3582 3799 3774 3851 λυπεῖν
3796 3801 3921 3851 εἰω-

2339 3906 2508 3968 θότος.
2552 3901 2733 3966 Ἀλλὰ,
2771 3900 2948 3952 καίτοι
2980 3896 3151 3950 ταῦτα
3192 3892 3463 3957 οὐσιωδῶς
3492 3894 3755 3962 ὑπάρχων
3785 3892 3814 3943 6
3857 3892 3919 3943 ὲκ

2339 3996 2472 4051 Θεοῦ
2509 3993 2721 4064 Ιῐατρὸς
2754 3991 2943 4058 Λόγος,
2986 3988 3119 4041 ἰδίαν
3148 3986 3443 4055 ἐποιήσατο
3478 3984 3659 4053 σάρκα
3690 3982 3791 4052 τὴν
3824 3982 3917 4034 τοῦ

2341 4085 2572 4140 θανάτου
2612 4083 2867 4152 δεκτικήν
2899 4098 2912 4111 ·
2940 4079 3029 4133 ἵνα
3058 4077 3134 4147 τῷ
3176 4077 3402 4145 πάσχειν
3437 4073 3648 4126 εἰωθότι
3682 4072 3753 4125 τά
3779 4072 3920 4142 ὑπὲρ

2340 4176 2518 4247 ἡμῶν,
2547 4175 2641 4228 καὶ
2668 4173 2733 4226 δι’
2755 4173 2923 4242 ἡμᾶς,
2950 4172 3030 4232 είς
3056 4168 3246 4221 ἑαυτὸν
3270 4164 3555 4220 ἀναλαϐὼν
3583 4163 3758 4232 πάθη,
3789 4164 3923 4216 παν-

2341 4287 2437 4333 τας
2474 4269 2618 4337 ἡμᾶς
2656 4263 2941 4331 ἀπαλλάξῃ
2968 4261 3063 4315 καὶ
3096 4259 3348 4320 θανάτου,
3378 4258 3471 4310 καὶ
3502 4256 3707 4327 φθορᾶς
3727 4294 3742 4317 ,
3787 4255 3923 4319 ζωο-

2343 4363 2570 4431 ποιὴσας
2603 4359 2677 4420 ὼς
2720 4355 2850 4417 Θεὸς
2880 4354 2938 4406 τὸ
2977 4353 3104 4406 ἴδιον
3142 4348 3306 4405 αὑτοῦ
3344 4348 3523 4418 σῶμα,
3558 4348 3650 4400 καὶ
3692 4346 3922 4417 ἀπαρχὴ

2343 4448 2578 4519 γεγονὼς
2612 4447 2718 4500 τῶν
2749 4442 3183 4512 κεκοιμημένων,
3213 4441 3306 4492 καὶ
3347 4438 3692 4509 πρωτότοκος
3721 4436 3788 4488 ὲκ
3825 4452 3917 4487 νε-

666 4547 729 4587 ac
784 4534 1170 4604 primogenitus
1220 4549 1287 4589 ex
1345 4537 1569 4591 mortuis
1625 4537 1876 4592 ellectum
1911 4540 1975 4593 ³⁸.
2050 4538 2226 4609 Neque

2342 4543 2516 4613 κρῶνο
2546 4540 2603 4593 οῦ
2639 4537 2745 4609 γάρ
2794 4535 3077 4605 ἄνθρωπος
3108 4529 3175 4603 ἦν
3206 4531 3403 4594 κοινὸς,
3450 4529 3555 4599 ίδίᾳ
3600 4545 3660 4581 τε
3692 4528 3788 4580 καὶ
3820 4527 3922 4580 ἀνά

664 4625 805 4678 enim
836 4626 925 4694 qui
966 4639 1185 4695 propter
1222 4642 1321 4681 nos
1365 4629 1653 4696 pretiosam
1687 4646 1972 4700 perpessus
1999 4643 2081 4687 est
2115 4648 2238 4687 eru-

666 4730 806 4779 cem,
838 4726 1173 4785 mortemque
1201 4720 1438 4787 gustavit
1462 4720 1528 4785 3’,
1567 4724 1869 4777 communis
1912 4724 2093 4789 homo,
2130 4734 2183 4779 et
2208 4739 2237 4777 a

668 4804 845 4860 Verbo
879 4808 1164 4862 distinctus
1200 4808 1544 4876 sejunctusve
1585 4821 1732 4874 erat;
1771 4814 1863 4868 sed
1903 4813 2017 4883 ipse
2056 4814 2239 4883 gloria:

670 4898 927 4953 Dominus
952 4900 997 4931 ⁵ο
1036 4914 1223 4968 passus
1268 4913 1349 4956 est
1382 4918 1545 4958 carne
1572 4903 1637 4970 ’”¹,
1663 4905 1957 4959 secundum
1989 4907 2238 4976 Scriptu-

671 5005 782 5046 ras.
806 4991 1069 5058 Quoniam
1099 5010 1247 5059 vero,
1285 4996 1376 5065 qui
1410 5012 1544 5051 vana
1580 4998 1849 5068 impiaque
1877 5000 2127 5070 dogmata
2155 5014 2239 5055 re-

671 5095 771 5138 cta:
815 5100 1063 5155 saumque
1097 5086 1215 5141 ﬁdei
1263 5088 1569 5143 immiscere
1619 5090 1867 5153 student,
1898 5105 2240 5146 communem

674 5176 939 5230 hominem
993 5193 1207 5233 crucem
1265 5195 1360 5247 pro
1415 5180 1567 5234 nobis
1633 5181 1953 5236 sustinuisse
2014 5185 2235 5247 dicunt;

673 5267 1152 5323 anathematismus
1192 5268 1299 5332 hic,
1331 5270 1421 5338 qui
1454 5271 1742 5338 impietatis
1785 5271 1998 5327 illormn
2039 5273 2240 5339 magni-

675 5357 911 5412 tudinem
946 5360 1138 5429 aperit,
1176 5359 1482 5414 necessario
1517 5362 1847 5416 constitutus
1884 5372 1988 5416 est.

2347 4638 2509 4708 μέρος
2556 4631 2843 4701 νοούμενος
2898 4625 3048 4696 παρὰ
3084 4624 3176 4678 τὸν
3215 4624 3280 4676 ὲκ
3306 4621 3440 4675 Θεοῦ
3477 4618 3689 4688 Πατρός
3724 4619 3921 4708 Λόγον,

2344 4706 2463 4780 όδι’
2492 4724 2635 4793 ἡμᾶς
2662 4720 2754 4773 τὸν
2786 4719 2963 4787 τίμιον
2995 4714 3292 4783 ὑπομείνας
3338 4708 3590 4780 σταυρὸν,
3622 4708 3715 4760 καὶ
3756 4706 3925 4761 θανά-

2342 4836 2434 4871 του
2492 4814 2860 4882 γευσάμενος·
2907 4808 3021 4861 ἀλλ’
3061 4806 3224 4868 αὐτὸς
3261 4804 3290 4855 6
3322 4803 3422 4865 τῆς
3478 4800 3635 4869 δόξης
3678 4798 3923 4869 Κύριος,

2346 4908 2508 4978 σαρκὶ
2551 4903 2784 4959 πέπονθε
2827 4900 2969 4955 κατὰ
3005 4898 3101 4959 τὰς
3135 4895 3374 4967 Γραφάς.
3420 4889 3640 4960 Ἐπειδὴ
3668 4889 3727 4942 δὲ
3768 4890 3818 4941 οἱ
3856 4889 3925 4941 τά

2344 5000 2476 5054 κενά
2507 4998 2599 5050 καὶ
2627 4994 2859 5063 δυσσεϐῆ
2880 5001 2906 5029 ν
2936 4990 3180 5059 δόγματα
3222 4990 3288 5055 τῇ
3322 4984 3457 5054 ὀρθῇ
3499 4981 3592 5035 καὶ
3633 4980 3925 5049 ἀμωμήτῳ

2348 5094 2527 5145 πίστει
2559 5085 2967 5159 παρεισκρίνειν
2994 5080 3288 5143 ἐθέλοντες,
3318 5074 3603 5145 ἄνθρωπόν
3638 5090 3775 5141 φασι
3812 5089 3923 5123 κοι-

2346 5182 2433 5235 νὸν
2462 5180 2747 5249 ὑπομεῖναι
2778 5176 2867 5227 τὸν
2896 5173 3035 5241 ὑπὲρ
3068 5166 3226 5240 ἡμῶν
3260 5166 3509 5235 σταυρὸν,
3537 5163 3763 5230 γέγονεν
3794 5162 3919 5213 ἀνα-

2348 5276 2535 5342 γκαῖος
2558 5274 2585 5324 6
2610 5263 3064 5337 ἀναθεματισμὸς,
3093 5261 3188 5330 τῆς
3213 5257 3436 5325 ἐνούσης
3462 5254 3645 5316 αὐτοῖς
3667 5250 3921 5313 ἀσεϐείας

2349 5363 2659 5435 ἐμφανίζων
2685 5359 2742 5412 τὸ
2776 5355 3024 5428 μέγεθος.

741 5520 1047 5587 “Joan.vt,
1072 5524 1159 5577 64.
1202 5523 1245 5555 ³⁵
1269 5524 1399 5579 ibid.
1427 5522 1517 5577 58.
1560 5523 1603 5555 ³⁸
1626 5525 1829 5581 Coloss.
1861 5542 1899 5590 ι,
1936 5527 2019 5581 18.
2056 5527 2136 5580 ³⁷1
2165 5526 2226 5583 (Σε

2333 5542 2409 5590 tv,
2440 5525 2530 5579 90.
2568 5522 2609 5553 ³⁸
2635 5520 2790 5573 llehr.
2832 5534 2890 5579 ιι,
2920 5516 2969 5569 0.
3005 5515 3049 5545 ³⁸
3077 5511 3233 5566 lCor.
3269 5524 3327 5572 Il,
3366 5507 3420 5560 8.
3454 5503 3541 5559 ⁸⁸1
3576 5505 3719 5561 Petr.
3756 5520 3830 5569 tv,
3870 5506 3915 5559 l.

1735 5654 1903 5725 Variae
1941 5670 2198 5725 lectiones
2228 5684 2291 5723 ex
2327 5671 2511 5724 codice
2546 5666 2916 5737 Seguieriano.

758 5806 779 5831 °
813 5799 980 5867 μόνην
1010 5796 1159 5850 θείαν
1198 5793 1487 5865 ἐνοίκησιν,
1531 5802 1555 5843 P
1590 5793 1709 5846 ἰδία.
1772 5802 1801 5841 ιι
1831 5788 2238 5857 ζωοποιοῦντος.
2295 5800 2313 5827 τ
2354 5788 2477 5844 ἰδία.
2555 5799 2576 5826 ⁵
2608 5786 2783 5858 ζήσει.
2863 5784 2881 5819 ⁸
2917 5798 2997 5835 τε.
3054 5777 3344 5845 ιιάνωτερα
3372 5786 3498 5840 γαρ·
3577 5776 3606 5806 ν
3636 5782 3910 5838 ουσφημα-
