4078 6348
180 392 275 449 Si?)
762 384 1296 447 ‘APOLOGETICUS
1331 384 1466 441 PRO
1506 384 1599 439 ΧΗ
1641 382 2005 439 CAPITIBUS
2044 378 2322 436 CONTRA
2361 373 2815 433 ORIENTALES.
3313 371 3421 432 ’516

1940 565 3405 593 mm

190 574 1821 613 W

1434 773 2131 868 ADMONlTlO

606 1001 685 1063 IN
751 950 1176 1072 UTROMQUE
1238 998 1503 1059 SANCTI
1568 999 1867 1059 CYRILLI
1934 996 2314 1057 LIBELLUM
2380 991 2985 1055 APOLOGETICUM.

1676 1196 1918 1237 SCILICET

728 1342 849 1405 Pro
890 1342 999 1401 XII
1026 1339 1333 1419 capitibus
1371 1346 1589 1400 contra
1628 1336 1992 1410 Orientales,
2035 1342 2096 1397 et
2124 1341 2340 1397 contra
2376 1335 2873 1397 Theodoretum.

911 1530 927 1591 (
953 1529 1008 1578 P.
1045 1529 1318 1579 Gsnssaws
1348 1525 1397 1574 in
1426 1528 1551 1589 Opp.
1588 1527 1724 1577 Marii
1768 1529 2076 1587 Mercatoris,
2105 1531 2200 1579 col.
2225 1529 2319 1577 955
2349 1530 2432 1584 ed,
2460 1528 2645 1592 Migne.
2670 1528 2687 1590 )

240 1829 471 1904 Cyrillus
491 1829 736 1899 epistola:
761 1846 871 1885 suae
894 1829 1067 1885 tertiae
1094 1828 1159 1883 ad
1183 1827 1488 1884 Nestorium
1518 1829 1874 1900 subjunxerat
1915 1831 2088 1898 capita
2116 1844 2364 1885 errorum
2406 1832 2713 1896 duodecim,
2736 1847 2853 1900 qua:
2875 1833 3000 1902 quia
3020 1832 3228 1902 singula
3258 1834 3439 1901 subje-

173 1933 312 1979 ctum
341 1925 545 1980 habent
569 1925 882 1987 anathema,
917 1923 1076 1994 vulgo
1112 1923 1555 1979 anathematismi
1582 1933 1864 1990 vocantur,
1916 1941 2224 1994 quanquam
2261 1936 2472 1982 veteres
2503 1927 2780 1981 malebant
2807 1926 3045 1997 capitula
3080 1929 3283 1985 dicere.
3312 1929 3437 1985 llaec

176 2034 293 2074 cum
308 2021 612 2090 accepisset
639 2019 940 2086 Nestorius,
973 2018 1259 2075 confestim
1293 2019 1632 2075 Antiochiam
1660 2021 1806 2075 misit
1829 2021 1893 2074 ad
1920 2018 2182 2075 Joannem
2215 2023 2551 2091 episcopum,
2587 2037 2785 2088 rogans
2822 2032 2931 2077 uta
2959 2025 3437 2093 praestantissimis

175 2113 378 2169 duobus
402 2129 512 2169 sua:
547 2114 798 2170 dimcesis
839 2113 1166 2179 hominibus,
1204 2114 1419 2167 Andrea
1466 2110 1825 2167 Samosateno
1880 2122 1932 2168 et
1967 2113 2312 2169 Theodoreto
2342 2114 2588 2185 Cyrensi,
2635 2114 2953 2177 refellenda.
3002 2126 3057 2171 et
3096 2117 3432 2188 Apollinarii,

174 2214 398 2283 Ariique
440 2228 692 2269 errorum
728 2214 1031 2269 damnanda
1070 2224 1307 2269 curaret.

239 2304 513 2359 Fecerunt
548 2306 710 2360 ambo
738 2307 880 2377 quod
916 2307 1269 2375 rogabantur,
1306 2306 1677 2375 scriptumque
1710 2305 1908 2375 singuli
1948 2307 2205 2361 acerbum
2254 2306 2458 2375 pariter
2489 2315 2652 2374 atque
2695 2303 3091 2359 amarulentum
3121 2301 3435 2367 ediderunt,

177 2396 423 2452 Andreas
446 2396 805 2453 Orientalium
838 2398 1077 2461 nomine,
1103 2396 1474 2449 Thcodoretus
1509 2409 1643 2460 suo;
1670 2394 1892 2463 scripsit
1921 2389 2177 2450 enimille
2201 2395 2520 2462 Antiochim,
2550 2395 2651 2450 iste
2670 2394 2815 2464 Cyri.
2843 2395 3073 2449 Andreae
3097 2392 3434 2461 obiectiones

176 2490 421 2558 probavit
452 2488 677 2545 Joannis
708 2489 982 2559 synodus;
1019 2487 1297 2555 misitque,
1332 2488 1547 2555 opinor,
1578 2486 1959 2541 Alexandriam
1999 2502 2094 2556 per
2130 2486 2506 2541 Possidonium
2543 2487 2715 2554 ipsum
2752 2485 3065 2548 diaconum,
3101 2486 3192 2555 qui
3226 2484 3440 2540 litteras

176 2585 452 2639 Caelestini
486 2599 549 2640 ac
585 2583 768 2654 Cyrilli
802 2585 868 2636 ad
905 2581 1168 2636 Joannem
1216 2580 1496 2637 attulerat.
1531 2580 1906 2637 Theodoretus
1955 2580 2407 2650 reprehensiones
2444 2591 2571 2632 suas
2606 2592 2701 2647 per
2743 2575 3083 2630 thniciam
3120 2577 3439 2645 vicinasque

179 2676 427 2747 regiones
459 2676 682 2744 sparsit,
752 2673 862 2727 imo
902 2684 955 2727 et
986 2673 1038 2726 in
1067 2672 1258 2727 urbem
1288 2674 1489 2741 regiam
1516 2673 1686 2738 misit,
1719 2672 2125 2743 gratiﬁcaturus
2154 2670 2331 2726 amico
2366 2669 2619 2724 Nestorio
2650 2687 2662 2722 :
2702 2668 2801 2723 has
2825 2683 2948 2723 cum
2977 2668 3277 2737 accepisset
3304 2667 3444 2722 Evo-

178 2772 318 2839 ptius
352 2766 710 2824 Ptolemaidis
740 2764 1101 2837 Pentapoleos
1132 2768 1370 2837 regionis
1399 2769 1705 2837 episcopus,
1738 2768 1803 2821 ad
1835 2765 2099 2836 Cyrillum
2127 2765 2293 2819 misit.

247 2857 486 2928 Uterque
514 2858 737 2929 scripsit
766 2867 891 2913 ante
916 2858 1206 2914 concilium
1236 2856 1593 2928 Ephesinum,
1620 2857 1761 2927 quod
1793 2856 1859 2912 de
1882 2871 1942 2911 se
1973 2862 2204 2911 testatur
2232 2854 2607 2910 Theodoretus
2638 2854 2690 2909 in
2726 2855 3045 2925 praefatione
3076 2854 3443 2927 Pentalogus.

181 2955 395 3023 utrique
428 2953 662 3026 Cyrillus
716 2964 843 3010 ante
873 2954 1160 3010 concilium
1197 2954 1496 3024 respondit,
1532 2953 1678 3023 quod
1709 2953 1794 3007 vel
1826 2967 1893 3007 ex
1922 2966 1986 3006 eo
2014 2960 2248 3014 constat,
2282 2954 2426 3021 quod
2464 2951 2712 3006 damnati
2735 2966 2768 3013 ,a
2804 2950 3010 3023 synodo
3042 2950 3276 3007 Nestorii
3312 2966 3442 3008 nus-
3488 2935 3496 2943 ’

176 3060 332 3111 quam
359 3046 630 3109 meminit,
657 3061 779 3100 cum
814 3055 996 3101 tamen
1024 3047 1205 3116 magni
1233 3044 1286 3099 in
1314 3058 1428 3099 rem
1460 3059 1613 3098 suam
1651 3044 1907 3099 momenti
1936 3042 2175 3097 futurum
2201 3053 2348 3099 esset
2377 3053 2583 3098 tantum
2616 3041 3054 3114 Ecclesimjudici
3076 3059 3187 3097 nm.

242 3135 369 3192 Fuit
410 3152 538 3193 vero
569 3138 816 3192 Andreas
855 3151 916 3192 ea
959 3145 1281 3207 tempestate
1316 3138 1459 3192 inter
1488 3135 1796 3191 Orientales
1828 3134 2088 3189 doctrina:
2118 3134 2261 3188 fama
2289 3134 2616 3205 pietatisque
2647 3134 2899 3190 celebris.
2940 3134 3073 3190 Tres
3116 3144 3337 3191 exstant
3376 3148 3445 3189 ad

178 3245 296 3284 eum
321 3231 648 3287 Theodoreti
673 3230 938 3301 epistolae,
964 3232 1138 3302 prima
1160 3230 1303 3287 inter
1335 3230 1512 3285 editas
1535 3244 1564 3283 a
1593 3227 1884 3284 Sirmondo
1905 3230 2168 3299 vigesimo
2191 3240 2387 3300 quarto
2417 3245 2643 3286 numero
2667 3238 2953 3295 censetur;
2982 3230 3153 3285 altera
3182 3232 3234 3286 in
3257 3232 3443 3301 quinta

194 3326 403 3395 synodo
432 3326 738 3395 reperitur;
774 3326 931 3384 tertia
956 3326 1097 3397 apud
1122 3325 1354 3381 Marium
1384 3323 1762 3389 Mercatorem,
1789 3339 1898 3394 quo
1933 3325 2228 3394 interprete
2261 3340 2404 3378 nunc
2428 3324 2662 3393 primum
2698 3325 2899 3380 editur.
2926 3323 3005 3378 Ex
3034 3325 3210 3395 prima
3239 3326 3443 3381 intelli-

181 3421 323 3490 gitur
347 3429 611 3490 quantam
646 3421 737 3478 ille
771 3424 853 3478 sui
891 3422 1202 3493 opinionem
1229 3421 1365 3491 apud
1396 3433 1587 3475 omnes
1613 3418 1851 3487 fecerat;
1884 3433 1949 3474 ex
1984 3420 2241 3485 secunda,
2275 3436 2380 3474 non
2414 3421 2627 3475 venisse
2658 3420 2723 3474 ad
2757 3421 3048 3475 concilium
3083 3419 3445 3491 Ephesiuum,

182 3521 407 3582 propter
432 3513 719 3568 adversam
755 3513 1159 3581 valetudinem;
1182 3526 1246 3567 ex
1278 3512 1462 3577 tertia,
1496 3511 1846 3581 pertinaciter
1872 3512 2164 3566 adhmsisse
2192 3511 2475 3578 Nestorio;
2511 3526 2687 3582 neque
2722 3527 2957 3580 unquam
2986 3514 3037 3567 in
3073 3513 3188 3581 ejus
3220 3518 3446 3569 damna-

183 3603 382 3657 tionem
422 3605 783 3673 consensisse,
815 3607 976 3660 etiam
1007 3611 1236 3675 cogente
1261 3619 1360 3674 per
1384 3604 1717 3659 Aristolaum
1745 3604 2020 3658 tribunum
2056 3602 2387 3660 Theodosio.

250 3698 451 3755 Mirum
484 3717 637 3766 sane,
674 3702 815 3770 quod
850 3701 1039 3757 scribit
1067 3700 1336 3756 Baronius
1370 3700 1474 3771 (Ad
1520 3718 1645 3755 αηη,
1677 3699 1803 3765 451,
1830 3715 1979 3753 num.
2013 3699 2165 3770 185),
2198 3700 2490 3767 impulsum
2523 3702 2693 3757 fuisse
2713 3701 2984 3759 Andream
3018 3718 3046 3757 a
3078 3702 3289 3759 Joanne
3320 3704 3439 3758 An-

185 3794 462 3860 tiocheno,
498 3803 617 3863 post
641 3793 878 3848 solutum
904 3792 1214 3861 concilium,
1240 3793 1308 3849 ad
1334 3792 1680 3848 scribendum
1713 3800 1900 3847 contra
1933 3790 2004 3861 Cy
2021 3791 2122 3845 rilli
2167 3792 2425 3860 capitula,
2478 3793 2776 3863 tulisseque
2826 3808 2946 3848 eam
3013 3809 3109 3863 pro
3164 3794 3448 3862 impietate

184 3891 516 3951 mercedem,
550 3897 607 3942 ut
640 3903 708 3943 ex
738 3889 1004 3943 monacho
1026 3888 1623 3957 Constantinopolitano
1654 3885 2039 3943 Samosatenus
2068 3888 2355 3957 episc0pus
2388 3887 2543 3941 fleret
2572 3903 2585 3941 :
2620 3902 2743 3940 nam
2772 3886 2945 3955 primo
2975 3886 3433 3955 Constantinopo-

182 3981 383 4038 litanus
421 3984 509 4038 ille
534 3984 852 4050 monachus,
881 3994 1002 4053 post
1033 3997 1218 4053 pacem
1244 3982 1634 4050 Ecclesiarum,
1667 3998 1790 4039 cum
1823 3985 1889 4038 ad
1913 3998 2032 4036 eum
2058 3982 2319 4037 scriberet
2342 3980 2736 4046 Theodoretus,
2765 3982 2943 4036 adhuc
2973 3992 3091 4036 erat
3117 3984 3434 4037 monachus.

186 4077 389 4130 Deinde
419 4075 709 4131 Liberatus
742 4075 928 4140 tradit,
960 4074 1142 4130 statim
1172 4075 1407 4143 acceptis
1435 4074 1621 4145 Cyrilli
1649 4076 1865 4138 litteris,
1903 4074 2212 4127 Nestorium
2241 4088 2270 4125 a
2300 4071 2510 4127 Joanne
2538 4073 2781 4141 petiisse,
2810 4082 2867 4125 ut
2892 4087 2921 4125 a
2954 4073 3066 4127 suis
3100 4073 3253 4142 argui
3293 4072 3447 4142 capi-

184 4164 291 4219 tula
319 4176 564 4227 curaret,
590 4165 937 4236 idipsumque
972 4164 1140 4221 refert
1170 4180 1234 4220 cx
1260 4164 1513 4221 Liberale
1540 4165 1806 4220 Baronius
1832 4166 1899 4219 ad
1930 4180 2057 4227 ann,
2088 4164 2215 4219 450.
2254 4164 2490 4233 Denique
2517 4162 2893 4217 Theodoretus
2918 4171 3044 4217 ante
3071 4164 3358 4218 concilium
3389 4181 3449 4218 se

185 4263 479 4331 scripsisse
514 4272 740 4317 testatus
788 4270 904 4327 est;
942 4271 996 4315 et
1025 4262 1357 4316 ostendimus
1390 4262 1602 4331 utrique
1631 4278 1661 4317 a
1697 4262 1901 4334 Cyrillo
1934 4278 2245 4331 responsum
2272 4270 2398 4316 ante
2421 4263 2597 4330 ipsum
2625 4275 2844 4329 quoque
2876 4260 3188 4315 concilium.
3214 4257 3450 4328 Cyrillus

183 4366 329 4408 certe
380 4353 712 4409 I‘heodoreto
745 4352 1043 4421 respondit,
1078 4353 1221 4408 velut
1251 4354 1456 4407 homini
1492 4355 1673 4425 ignoto
1707 4374 1719 4409 :
1755 4359 1845 4422 qui
1878 4371 2006 4409 vero
2033 4355 2221 4409 fuisset
2257 4364 2378 4424 post
2411 4352 2718 4418 concilium,
2756 4367 2878 4406 cum
2913 4350 3295 4407 Theodorctus
3321 4366 3432 4405 rem

184 4448 695 4511 schismaticorum,
735 4444 815 4499 vel
847 4460 1006 4510 unus,
1039 4446 1119 4499 vel
1151 4446 1292 4499 inter
1319 4445 1521 4515 primos
1544 4448 1913 4513 promoverit?
1952 4446 2233 4501 Pestremo
2265 4446 2538 4501 Andream
2565 4444 2606 4497 Τ
2614 4442 3067 4513 heudoretusjam
3099 4443 3447 4513 episcOpum,

184 4551 237 4596 et
264 4541 486 4608 quidem
514 4555 619 4594 non
654 4539 728 4593 ita
756 4540 964 4609 pridem
998 4537 1221 4603 factum,
1250 4538 1463 4607 Epheso
1498 4539 1692 4595 litteris
1720 4542 1995 4596 convenit.

255 4632 541 4688 Incertum
572 4649 852 4704 quousque
877 4635 1040 4686 vitam
1078 4634 1429 4701 protraxerit,
1461 4649 1584 4687 nam
1615 4635 1756 4703 quod
1786 4634 1951 4688 habet
1985 4634 2300 4688 Theodorus
2326 4636 2497 4687 lector
2532 4650 2544 4684 :
2574 4630 2839 4684 Rabbulas
2863 4631 3156 4685 Edessenus
3176 4632 3451 4700 cpiscopus

186 4744 355 4783 aecus
386 4738 542 4793 erat;
571 4728 811 4783 Andreas
838 4745 954 4781 vero
983 4728 1358 4783 Samosatenus
1398 4731 1660 4783 accusavit
1690 4745 1831 4794 eum,
1856 4730 2007 4798 quasi
2047 4738 2230 4782 contra
2275 4728 2549 4781 duodecim
2580 4728 2753 4794 capita
2804 4725 3119 4780 Theodoreti
3150 4729 3445 4797 scripsisset

187 4820 339 4890 (Lib.
370 4840 387 4877 ι
421 4821 893 4887 Collectaneorum,
934 4830 971 4874 t.
1004 4820 1044 4874 ll
1073 4820 1409 4873 Bibliotheca:
1461 4820 1684 4873 Patrum
1710 4822 1752 4890 ).
1781 4817 1925 4874 Nihil
1972 4828 2149 4890 potest
2176 4818 2244 4872 ad
2274 4819 2679 4884 chronologiam
2704 4818 3031 4882 conducere,
3059 4833 3180 4872 cum
3207 4818 3340 4871 nihil
3367 4821 3438 4874 sit

186 4914 554 4971 Collectaneis
588 4916 742 4985 hujus
789 4918 889 4971 viri
927 4916 1313 4987 perturbatius.
1345 4914 1460 4969 Non
1497 4916 1795 4984 supervixit
1827 4931 1959 4970 sane
1988 4917 2051 4969 ad
2084 4929 2286 4969 aunmn
2325 4929 2495 4982 usque
2522 4914 2648 4978 451,
2683 4928 2788 4981 quo
2821 4912 3114 4967 concilium
3142 4913 3443 4968 Chalcedo-

190 5024 357 5061 nense
395 5008 637 5063 habitum
668 5018 770 5063 est.
806 5009 861 5062 In
892 5024 957 5063 eo
993 5008 1139 5061 enim
1176 5006 1371 5075 legitur
1399 5022 1595 5061 nomen
1632 5006 1811 5060 Ruﬁni
1860 5006 2283 5065 Samosatensis.
2312 5004 2426 5070 qui,
2473 5019 2595 5056 cum
2632 5002 2934 5057 centesimo
2963 5003 3224 5072 vigesimo
3267 5004 3445 5069 primo

188 5101 305 5158 loco
341 5105 674 5160 sententiam
705 5104 923 5169 dixerit,
955 5104 1093 5157 inter
1118 5103 1296 5170 plures
1334 5103 1604 5157 sexcentis
1633 5102 1940 5172 episc0pos,
1976 5116 2078 5155 non
2104 5102 2176 5155 ita
2208 5099 2413 5169 pridem
2446 5098 2629 5152 debuit
2664 5097 3107 5150 Samosatcusem
3135 5094 3437 5150 Ecclesiam

192 5210 406 5265 regere,
442 5195 879 5264 quandoquidem
907 5195 1162 5249 credibile
1189 5204 1271 5252 est
1307 5209 1403 5264 pro
1438 5194 1645 5247 ratione
1686 5192 2047 5247 ordinationis
2086 5191 2381 5247 recensitos
2410 5204 2532 5245 esse
2565 5188 2773 5242 Patres.
2817 5189 2996 5253 Quare
3036 5189 3124 5241 vix
3166 5189 3443 5243 Andream

192 5305 312 5344 reor
339 5295 589 5358 adusque
617 5306 746 5346 ann.
774 5290 878 5344 MO
912 5292 1071 5345 vitam
1101 5291 1439 5360 produxisse.

262 5384 552 5438 Methodus
583 5398 745 5453 porro
779 5398 940 5452 quam
974 5384 1024 5436 in
1059 5384 1223 5437 hocce
1249 5398 1412 5451 opere
1445 5391 1628 5437 servat
1652 5383 1754 5439 ista
1785 5382 1899 5439 fere
1930 5393 2032 5437 est.
2068 5380 2324 5450 Cyrillum
2358 5378 2536 5449 arguit
2565 5392 2676 5430 non
2710 5387 2815 5429 tam
2850 5375 3056 5430 erroris
3097 5389 3258 5442 quam
3299 5378 3441 5442 quod

193 5479 492 5547 pugnantia
517 5478 587 5531 sit
612 5477 855 5542 locutus;
886 5479 1027 5546 quod
1051 5478 1271 5533 vocibus
1300 5478 1618 5535 inconsultis
1648 5492 1701 5534 et
1727 5478 1997 5547 ambiguis
2025 5486 2239 5543 utatur;
2268 5486 2321 5529 et
2359 5483 2503 5542 quod
2532 5473 2766 5539 maligne
2807 5470 2948 5525 forte
2988 5470 3188 5539 aliquid
3224 5469 3440 5525 latentis

195 5589 248 5623 cr
260 5574 398 5627 roris
429 5570 761 5626 dissimulet.

263 5668 341 5722 Ex
369 5669 583 5723 duobus
628 5676 804 5719 autem
854 5667 1112 5720 duntaxat
1148 5666 1405 5735 cperibus
1436 5666 1617 5735 Cyrilli
1658 5664 1927 5734 depromit
1956 5662 2097 5728 loca,
2130 5677 2246 5731 quae
2296 5657 2763 5713 anathematismis
2796 5663 3050 5725 opponat,
3091 5668 3155 5708 ex
3206 5652 3433 5723 cpistola

202 5775 398 5829 nempe
426 5759 494 5814 ad
528 5758 744 5828 Aigypti
773 5758 1090 5825 monachos,
1122 5768 1176 5813 ct
1207 5759 1423 5816 homilia
1457 5758 1694 5828 paschali
1731 5757 1816 5827 Π,
1848 5757 2103 5825 illamque
2134 5752 2293 5825 primi
2319 5752 2450 5807 tomi
2482 5751 2719 5815 nomine,
2748 5750 2908 5804 istam
2938 5746 3160 5803 secundi
3191 5745 3438 5817 appellat.
