4078 6348
633 382 740 440 315

1626 387 1686 444 S.
1726 387 2003 444 CYRILLI
2047 385 2512 443 ALEXANDRINI
2553 384 2874 441 ARCHIEP.
3784 380 3884 438 516

633 501 764 556 Nam
799 504 898 559 ista
934 505 1041 562 duo
1071 505 1296 562 fuerunt
1323 508 1493 578 aperti
1523 523 1642 562 cum
1669 507 1925 563 Nestorio
1948 509 2159 564 dissidii
2198 511 2373 580 prima
2407 507 2553 562 velut
2593 507 2816 572 indicia,
2854 513 2908 560 et
2942 507 3098 576 quasi
3130 504 3251 561 belli
3283 506 3535 571 classica,
3575 504 3797 558 fuerunt
3833 514 3883 558 et

629 597 826 664 ubique
854 600 1092 668 gentium
1121 601 1428 663 notissima,
1453 617 1572 654 cum
1605 611 1827 670 propter
1856 601 2091 655 Inomilia!
2112 603 2580 664 communitatem,
2607 609 2718 653 tum
2753 598 2988 652 maxime
3014 597 3086 651 ob
3142 597 3388 665 epistola:
3414 596 3608 652 factam
3634 598 3701 651 de
3735 594 3886 649 indu-

627 691 761 744 stria
794 707 889 760 per
917 694 1100 761 urbes,
1131 705 1184 749 et
1215 694 1678 764 Constantinopoli
1720 696 1974 760 maxime,
2015 697 2102 750 cui
2139 695 2385 750 Andreas
2418 693 2711 758 scribebat,
2748 692 3279 750 disseminationem.

696 785 1104 844 Observandum
1139 791 1240 843 sub
1285 791 1469 855 linem,
1502 792 1792 843 admodum
1841 806 2010 859 pauca
2048 792 2115 844 ab
2149 792 2365 845 Andrea
2411 789 2582 844 asseri
2618 803 2737 857 quae
2779 787 2979 841 bonum
3027 801 3245 840 sensum
3285 785 3428 840 ferre
3471 801 3577 839 non
3628 785 3878 853 possint:

626 890 797 944 quare
831 893 935 932 non
969 883 1041 933 ita
1064 883 1372 948 discrepare
1394 881 1566 950 ipsum
1595 896 1622 932 a
1656 880 1877 951 Cyrillo,
1916 883 2044 951 quin
2075 881 2252 945 facile,
2279 881 2324 935 si
2357 879 2722 936 contentionis
2741 877 2979 932 studium
2999 877 3157 942 absit,
3181 877 3461 930 conciliari
3487 884 3686 945 queat:
3717 875 3880 928 asseri

625 967 769 1032 dico,
794 969 916 1036 quia
949 971 1277 1024 sententiam
1306 971 1661 1028 Orientalium
1681 973 1823 1026 velut
1842 972 2070 1028 Nestorii
2105 974 2322 1028 nomine
2340 969 2812 1026 auathematismis
2841 969 3133 1037 appetitam
3155 969 3384 1022 subinde
3411 967 3656 1036 exponit,
3683 971 3741 1018 ut
3771 965 3882 1019 haec

626 1055 967 1112 elucubratio
997 1078 1101 1114 non
1144 1072 1253 1115 tam
1293 1063 1631 1131 impugnatio
1659 1063 1894 1116 hominis
1927 1064 2153 1132 alicujus
2182 1064 2354 1119 videri
2387 1064 2579 1134 possit,
2612 1078 2774 1131 quam
2808 1060 2891 1115 vel
2915 1060 3160 1115 defensio
3187 1058 3566 1129 iudiciumque
3593 1055 3882 1113 Orientalis

625 1153 836 1220 synodi,
878 1155 958 1208 vel
991 1159 1263 1210 sententia
1295 1159 1362 1212 de
1397 1158 1890 1221 anathematismis,
1924 1167 2183 1229 tanquam
2211 1160 2313 1215 sibi
2345 1159 2869 1214 contradicentibus.

694 1247 872 1315 Atque
900 1249 1011 1303 haec
1047 1267 1204 1304 causa
1237 1251 1340 1305 fuit
1369 1269 1467 1307 cur
1503 1251 1760 1324 Cyrillus,
1795 1254 1897 1305 etsi
1935 1254 2202 1310 interdum
2230 1255 2518 1319 irascatur,
2543 1262 2766 1324 propter
2794 1251 3265 1320 importunitatem
3296 1250 3752 1314 obtrectatorum,
3783 1249 3880 1302 mi-

625 1340 730 1392 tius
758 1353 936 1396 tamen
967 1344 1334 1399 cum'Andrea
1366 1362 1527 1416 quam
1555 1360 1677 1398 cum
1707 1343 2057 1399 Tlteodoreto
2092 1356 2258 1418 agat;
2283 1347 2336 1401 in
2362 1346 2456 1400 illo
2490 1345 2633 1400 enim
2669 1344 3005 1414 provinciam
3045 1358 3210 1396 unam
3244 1349 3439 1406 totam,
3471 1341 3524 1394 in
3561 1341 3662 1395 isto
3692 1339 3879 1409 singu-

622 1435 787 1489 larem
824 1452 1132 1506 personam,
1163 1449 1218 1494 et
1247 1456 1368 1495 eam
1404 1440 1622 1510 quidem
1653 1437 1756 1492 sibi
1793 1437 2030 1508 ignotam
2063 1441 2350 1512 spectavit.

1326 1839 1672 1973 ΤΟΥ
1749 1837 2273 1972 ΑΓΙΟΥ
2334 1835 3203 1972 ΚΥΡΙΛΛΟΥ

1648 2110 2214 2164 ΑΡΧΙΕΠΙΣΚΟΠΟΥ
2261 2109 2738 2165 ΑΔΕΞΑΝΔΡΕΙΑ

833 2289 1718 2383 ΑΠΟΛΟΓΗΤΙΚΟΣ
1791 2295 2092 2382 ΥΠΕΡ
2163 2297 2393 2382 ΤΩΝ
2472 2294 2924 2382 ΔΩΔΕΚΑ
3001 2295 3654 2383 ΚΕΦΑΛΑΙΩΝ

1469 2502 1660 2555 ΠΡΟΣ
1699 2500 1882 2554 ΊῸΥΣ
1925 2501 2066 2554 ΤΗΣ
2100 2497 2483 2554 ΑΝΑΤΟΛΗΣ
2512 2501 3006 2556 ΕΠΙΣΚΟΠΟΥΣ.

1450 2834 2139 2997 SANCTI
2237 2839 3019 2996 CYRILLI

1711 3135 2184 3193 ALEXANDRIIE
2224 3134 2750 3193 ARCHIEPISCOPI

909 3328 1820 3428 APOLOGETICUS
1898 3338 2132 3430 PRO
2210 3338 2836 3430 DUODECIM
2916 3337 3546 3429 CAPITIBUS

1525 3527 1924 3590 ADVERSUS
1980 3531 2462 3594 ORIENTALES
2513 3531 2932 3592 EPISCOPOS.

667 3852 770 3921 Qui
804 3869 954 3908 suam
1000 3865 1233 3912 mentem
1275 3859 1620 3915 sanctissimo
1652 3863 1763 3917 Deo
1802 3866 2079 3932 dicarunt,
2122 3879 2172 3923 et
2205 3873 2248 3930 Α

2351 3870 2411 3920 Οἱ
2444 3866 2521 3938 τῷ
2555 3865 2803 3936 παναγίῳ
2849 3864 2968 3936 Θεῷ
3011 3865 3109 3938 τὴν
3148 3865 3353 3918 ἑαυτῶν
3389 3866 3629 3920 διάνοιαν
3680 3884 3865 3938 παρα-

596 3944 844 4001 veritatis
873 3945 1219 4016 dogmatibus
1245 3951 1570 4016 patrocinari
1611 3953 1946 4021 delegerunt,
1982 3969 2174 4012 cavent

599 4036 823 4107 profana
859 4038 1283 4108 irreligiosorum
1322 4043 1696 4098 haereticorum
1738 4047 2044 4117 vaniloquia
2071 4067 2084 4113 ;
2112 4067 2173 4105 ac

602 4133 826 4199 ligentes
862 4131 1132 4186 internum
1166 4141 1220 4188 et
1253 4133 1628 4188 absconditum
1658 4141 1837 4192 cordis
1875 4141 2087 4195 oculum
2121 4145 2171 4196 in

600 4223 938 4291 Scripturam
969 4225 1229 4282 divinitus
1267 4227 1607 4296 inspiratam,
1635 4230 1822 4300 sicque
1853 4233 2005 4287 bonis
2033 4235 2173 4302 cogi-

600 4313 892 4366 tationibus
913 4330 1036 4367 eum
1068 4312 1271 4368 aﬂ‘atim
1298 4317 1595 4384 explentes,
1636 4320 1699 4372 iis
1730 4320 1819 4389 qui
1857 4334 2000 4375 recta
2047 4338 2170 4390 per-

597 4413 836 4467 vertunt,
863 4406 1209 4459 obluctantur
1239 4423 1496 4477 perquam
1530 4421 1775 4477 strenue,
1803 4415 1961 4480 quasi
1992 4415 2174 4470 dicen-

598 4505 721 4553 tes:
755 4515 773 4548 ι
824 4495 1059 4554 Zela‘ndo
1108 4499 1267 4553 zelati
1319 4516 1506 4556 sumus
1550 4501 1777 4557 Domino
1809 4505 1872 4558 “.
1915 4525 1933 4556 ι
1986 4504 2174 4575 Itaque

594 4602 716 4640 cum
762 4587 1044 4643 Nestorins
1087 4590 1284 4644 multas
1337 4601 1393 4645 et
1440 4594 1682 4648 diversas
1715 4594 1877 4666 158
1923 4591 2173 4665 blasphe-

598 4679 736 4734 mias
768 4690 953 4733 contra
987 4681 1260 4736 Christum
1290 4683 1625 4740 Salvatorem
1657 4689 1898 4744 omnium
1927 4699 2170 4744 nostrum

595 4768 913 4836 eﬂunderet,
943 4782 996 4828 et
1024 4777 1420 4842 quodammodo
1452 4781 1814 4833 venerandum
1842 4792 1898 4835 et
1920 4763 2168 4848 magnum

597 4863 991 4921 incarnationis
1063 4878 1464 4921 sacramentum
1542 4868 1783 4926 funditus
1834 4883 2167 4939 removeret,

598 4969 703 5010 non
765 4957 1076 5025 ignorantes
1123 4958 1188 5010 ad
1243 4958 1356 5012 haec
1408 4959 1545 5015 velle
1594 4961 1757 5016 silere
1807 4963 2169 5032 periculosum

596 5061 740 5111 esse,
778 5057 829 5102 et
877 5064 997 5102 cum
1050 5049 1346 5116 saepissime
1390 5052 1846 5109 consuluissemus
1899 5055 2000 5122 illi,
2051 5064 2168 5110 uta

600 5137 799 5193 talibus
833 5139 1185 5208 blaspliemiis
1217 5151 1490 5208 cessaret,
1529 5143 1772 5215 nihilque
1801 5148 2016 5214 penitus
2047 5161 2171 5217 pro-

2283 3963 2596 4032 στήσαντες,
2631 3960 2722 4011 κα¹ι
2749 3960 2860 4020 τοῖς
2896 3959 2990 4027 τῆς
3026 3958 3283 4029 ἀληθείας
3316 3959 3546 4028 δόγμασι
3579 3961 3863 4012 συνειπεῖν

2282 4051 2577 4121 ᾑρημένοι,
2625 4047 3013 4118 παραιτοῦνται
3051 4049 3149 4116 μὲν
3184 4049 3280 4112 τὰς
3324 4049 3585 4119 βεϐήλους
3619 4066 3865 4117 κενοφω-

2281 4142 2396 4200 νίας
2424 4148 2447 4174 ι
2473 4139 2578 4191 τῶν
2600 4140 2827 4191 ἀνοσίων
2850 4137 3162 4208 αἱρετικῶν,
3191 4139 3500 4208 ἐρείσαντες
3526 4138 3582 4192 δὲ
3609 4140 3702 4192 τὸν
3732 4141 3861 4202 ἔσω,

2282 4231 2369 4282 καὶ
2399 4227 2921 4298 κατακεκρυμμένον
2960 4227 3236 4296 ὀφθαλμὸν
3273 4228 3370 4296 τῆς
3391 4228 3617 4299 καρδίας
3643 4232 3710 4298 τῇ
3745 4228 3860 4281 θεο-

2282 4323 2529 4390 πνεύστῳ
2558 4321 2766 4392 Γραφῇ,
2793 4320 2933 4372 οὕτω
2966 4336 3024 4370 τε
3053 4320 3217 4371 αὐτὸν
3248 4320 3518 4383 πλουσίως
3545 4322 3862 4390 ἀναμεστώ-

2282 4431 2470 4476 σαντες
2513 4413 2728 4465 ἐννοιῶν
2759 4411 3001 4478 ἀγαθῶν,
3044 4412 3156 4474 τοῖς
3183 4411 3250 4464 τὰ
3278 4411 3416 4480 ὀρθὰ
3443 4412 3860 4482 διαστρέφουσιν

2281 4504 2722 4566 ἀντανίστανται,
2769 4505 2863 4555 καὶ
2901 4503 3043 4573 μάλα
3091 4503 3383 4566 νεανικῶς,
3439 4505 3723 4574 μονονουχὶ
3771 4505 3859 4556 λέ-

2280 4614 2466 4665 γοντες
2488 4614 2501 4626 ·
2547 4614 2564 4646 ι
2600 4593 2893 4665 Ζηλοῦντες
2942 4595 3298 4665 ἐζηλώκαμεν
3331 4595 3407 4660 τῷ
3443 4595 3652 4666 Κυρίῳ.
3686 4618 3704 4647 ι
3752 4598 3859 4650 Νε-

2282 4689 2496 4759 στορίου
2531 4688 2709 4740 τοίνυν
2740 4687 2937 4751 πολλάς
2964 4704 3023 4739 τε
3052 4688 3143 4740 καὶ
3171 4687 3461 4758 διαφόρους
3495 4689 3859 4758 καταχέοντος

2281 4779 2626 4849 βλασφημίας
2652 4777 2745 4830 τοῦ
2775 4778 2991 4830 πάντων
3016 4778 3173 4847 ἡμῶν
3192 4779 3443 4850 Σωτῆρος
3468 4780 3732 4851 Χριστοῦ,
3760 4782 3857 4837 καὶ

2277 4866 2387 4921 οἷον
2416 4869 2479 4920 ὲκ
2511 4866 2724 4937 βάθρων
2755 4865 3217 4936 ἀναμοχλεύοντος
3241 4867 3300 4919 τὸ
3328 4867 3544 4932 σεπτὸν,
3582 4869 3677 4920 καὶ
3715 4870 3859 4937 μέγα

2277 4960 2378 5030 τῆς
2398 4958 2554 5012 ενανο
2565 4959 2858 5030 ρωπήσεως
2887 4959 3202 5030 μυστήριον,
3225 4958 3325 5011 οὐκ
3353 4960 3631 5013 ἀκίνδυνον
3655 4960 3856 5023 ειδότες

2277 5052 2337 5103 τὸ
2357 5051 2446 5103 ἐπί
2479 5067 2540 5118 γε
2571 5050 2779 5113 τούτοις
2810 5050 3022 5103 ἑλέσθαι
3056 5052 3232 5120 σιγᾷν,
3261 5050 3769 5120 συμϐουλεύσαντές
3795 5071 3852 5106 τε

2278 5142 2597 5205 πλειστάκις
2652 5141 2801 5212 αὐτῷ
2846 5140 2954 5193 τῶν
2992 5141 3247 5194 τοιούτων
3291 5141 3591 5212 ἀπέχεσθαι
3641 5144 3850 5215 δυσφη-

599 5229 936 5295 l'ecissemus,
966 5235 1276 5288 necessario
1317 5238 1529 5291 tandem
1573 5240 1640 5293 ad
1686 5239 2019 5293 defendenda
2054 5239 2167 5304 pie-
2203 5233 2243 5286 Β

2280 5237 2434 5308 μιῶν,
2486 5237 2774 5304 ὁνήσαντες
2809 5234 2864 5287 δὲ
2912 5233 3193 5296 παντελῶς
3231 5235 3405 5297 οὐδὲν,
3446 5237 3850 5307 κεχωρήκαμεν

602 5322 728 5377 tatis
779 5323 1028 5393 dogmata
1085 5328 1436 5396 accessimus,
1483 5339 1538 5385 et
1580 5331 1795 5388 selectis
1849 5331 2171 5401 quibusdam

673 5499 714 5531 “
747 5499 807 5554 Ill
844 5499 972 5570 Reg.
1009 5519 1120 5566 χιχ,
1157 5503 1214 5555 Η

2279 5328 2590 5398 ἀναγκαίως
2633 5329 2724 5381 ἐπὶ
2767 5328 2827 5380 τὸ
2861 5328 3057 5398 χρῆναι
3096 5327 3374 5381 συναθλεῖν
3406 5329 3518 5390 τοῖς
3561 5328 3660 5397 τῆς
3695 5328 3846 5381 εὐσε-

1665 5663 1837 5721 Variac
1867 5665 2126 5722 lectiones
2148 5680 2211 5722 ex
2246 5664 2428 5723 codice
2465 5666 2832 5736 Seguieriano.

613 5818 637 5848 ι
661 5811 825 5876 ἴσως,
857 5813 1213 5881 καινοφωνίας
