4078 6348
239 370 343 430 317

836 377 1365 434 APOLOGETICUS
1404 379 1541 434 PRO
1585 380 1676 433 XII
1716 380 2081 436 CAPITIBUS
2115 381 2397 435 CONTRA
2436 378 2900 434 ORIENTALES.

3385 379 3492 431 313

237 486 386 548 θείας
411 484 696 554 δόγμασιν.
723 487 1150 560 Ἀπολεξάμενοι
1174 492 1229 543 δὲ
1259 492 1532 560 κεφάλαιά
1553 509 1672 544 τινα
1702 493 1808 545 τῶν

1922 493 2064 547 illius
2090 492 2547 561 blasphemiarum
2605 489 2892 558 capitibus,
2938 502 2999 540 ca
3035 487 3237 541 utiliter
3275 488 3494 539 anathe-

236 575 447 628 ἐκείνου
477 575 816 647 δυσφημιῶν,
867 579 1039 630 ταῦτα
1085 581 1372 650 χρησίμως
1414 582 1811 652 ἀνεθεματίσα-

238 683 360 734 μεν,
397 669 515 736 ἧτοι
557 668 684 730 τοὺς
714 672 930 737 φρονεῖν
976 668 1258 733 ἐθέλοντας
1289 671 1456 732 αὐτὰ,
1501 672 1813 741 πειθόμενοι

231 757 443 823 λέγοντι
477 756 561 826 τῷ
590 760 845 829 μακαρίῳ
883 760 1112 829 Παύλῳ·
1145 781 1160 810 ι
1197 762 1260 813 Et
1290 779 1372 824 τις
1407 764 1548 832 ὑμᾶς
1583 764 1812 830 εὐαγγε-

233 847 441 910 λίζεται
486 848 614 918 παρ’
656 849 684 899 δ
752 850 1122 919 παρελάϐετε,
1170 852 1418 922 ἀνάθεμα
1465 854 1636 905 Eatur
1679 853 1814 905 ἀλλά

231 938 338 991 κᾶν
364 942 544 1009 ἡμεῖς,
574 940 606 1010 ἢ
631 939 859 1007 ἄγγελος
889 943 947 1006 ἐξ
969 944 1027 994 οὐ
1039 942 1200 1012 ρανοῦ
1224 944 1645 1012 εὐαγγελίσηται
1669 943 1812 1013 ὑμᾶς

233 1031 364 1099 παρ’
393 1032 422 1082 ὃ
465 1031 826 1101 παρελάὁετε,
871 1033 1118 1103 ἀνάθεμα
1148 1035 1307 1088 ἔστω.
1338 1055 1354 1086 ι
1413 1035 1551 1088 Ἀλλ’
1585 1035 1684 1088 οὐκ
1717 1034 1811 1088 οἷδ’

230 1123 382 1185 ὅπως
431 1124 865 1196 δεδυσφορήκασί
897 1145 1041 1190 τινες
1085 1128 1179 1181 ἐπὶ
1212 1129 1386 1199 τούτῳ
1419 1129 1560 1194 λίαν,
1606 1129 1639 1198 ἢ
1687 1130 1814 1199 ὀμό-

229 1231 426 1281 φρονες
451 1215 621 1279 ὄντες,
648 1218 740 1270 καὶ
774 1219 1203 1290 ίσογνώμονες,ἢ
1232 1222 1682 1292 προσποιούμενοι
1715 1223 1813 1291 μὲν

228 1309 618 1377 παραιτεῖσθαι
648 1310 748 1380 τὴν
783 1312 1086 1380 όμοδοξίαν,
1127 1313 1456 1383 πειρώμενοι
1494 1315 1549 1366 δὲ
1584 1315 1670 1367 διὰ
1698 1315 1814 1385 7pc}-

229 1417 335 1452 που
377 1402 576 1466 παντὸς
624 1404 937 1474 ἐπικουρεῖν
976 1404 1153 1474 αύτῷ,
1203 1408 1297 1458 καὶ
1361 1407 1629 1459 ποιεῖσθαι
1679 1424 1810 1459 κατ-

228 1495 638 1564 εστυγημένους
673 1497 798 1556 τοὺς
828 1496 906 1564 τῷ
941 1497 1155 1565 Σωτῆρι
1193 1499 1575 1568 συναγορεύειν
1600 1499 1809 1550 ἐθέλον-

225 1603 348 1648 τας.
391 1587 530 1638 Ἀλλ’
558 1583 626 1657 ἦν
666 1587 959 1641 ἀκόλουθον
1004 1589 1222 1650 ἐννοεῖν,
1263 1590 1344 1641 ὅτι
1375 1593 1487 1652 τοῖς
1516 1589 1814 1659 ἑτεροδιδα-

225 1677 450 1738 σκάλοις
498 1678 760 1748 ἐπιτιμᾷν
817 1678 1186 1748 προύξένησεν
1239 1679 1303 1732 ἂν
1351 1681 1534 1742 αὐτοῖς
1584 1681 1681 1748 τῆς
1732 1681 1812 1742 είς

225 1767 466 1835 Χριστὸν
505 1769 725 1839 ἀγάπης
760 1772 819 1821 τὸ
852 1769 1100 1840 γνήσιον·
1143 1769 1238 1822 νῦν
1269 1770 1324 1823 δὲ
1359 1771 1673 1842 πεπράκασι
1713 1770 1809 1839 μὲν

1922 585 2320 648 matizavimus,
2350 585 2451 636 hoc
2473 591 2576 645 est,
2609 595 2702 635 eos
2741 580 2834 646 qui
2877 580 3001 632 talia
3036 579 3239 632 sentire
3289 577 3493 639 volunt,

1915 679 2349 744 obtemperantes
2380 677 2538 728 beato
2571 673 2736 726 Paulo
2763 673 2961 726 dicenti
3003 688 3014 722 :
3052 691 3069 721 ι
3112 671 3165 724 Si
3199 670 3318 738 quis
3343 670 3494 722 vobis

1915 766 2368 835 evangelizaverit
2423 773 2616 832 praeter
2673 763 2723 814 id
2786 763 2926 829 quod
2997 758 3302 825 accepistis,
3359 771 3492 808 ana-

1917 859 2092 909 thema
2134 856 2224 910 sit.
2257 855 2359 908 Sed
2395 855 2494 908 etsi
2539 868 2656 916 nos,
2687 851 2766 904 vel
2805 852 3024 920 angelus
3055 850 3118 902 de
3162 847 3301 902 caelo
3331 862 3492 900 evan-

1909 946 2226 1014 gelizaverit
2267 944 2422 998 vobis
2463 953 2660 1012 praeter
2713 944 2760 996 id
2816 941 2957 1010 quod
2999 939 3312 1008 accepistis,
3357 953 3489 991 ana-

1918 1041 2095 1094 thema
2126 1039 2197 1093 sit
2229 1038 2291 1091 “.
2331 1055 2350 1088 ι
2384 1039 2453 1089 At
2486 1037 2667 1089 nescio
2696 1049 2804 1102 quo
2833 1043 2990 1102 pacto
3023 1032 3074 1084 id
3116 1031 3331 1084 modum
3368 1044 3493 1098 gra-

1915 1143 2034 1185 vate
2077 1131 2294 1184 tuleriut
2323 1129 2510 1199 aliqui,
2539 1129 2618 1182 vel
2648 1127 2789 1198 quod
2838 1127 2947 1180 sint
2992 1124 3227 1192 ejusdem
3274 1132 3492 1176 senten-

1915 1226 2002 1277 tia:
2029 1239 2091 1276 ac
2120 1223 2389 1290 Opinionis
2429 1237 2549 1275 cum
2599 1221 2717 1285 illo;
2754 1220 2831 1272 vel
2874 1218 3014 1288 quod
3065 1215 3318 1268 simulent
3369 1214 3491 1282 qui-

1915 1315 2031 1367 dem
2064 1329 2122 1368 se
2151 1314 2318 1365 vitare
2344 1312 2613 1379 Opinionis
2642 1310 2979 1371 societatem,
3011 1315 3272 1359 attentent
3307 1313 3486 1357 autem

1917 1406 2086 1458 modis
2117 1406 2366 1457 omnibus
2403 1406 2574 1472 ipsum
2624 1401 2898 1466 adjuvare,
2933 1409 2986 1453 et
3024 1398 3244 1451 reddere
3295 1412 3490 1450 exesos

1913 1511 2005 1550 eos
2073 1497 2163 1564 qui
2216 1497 2553 1548 Salvatorem
2607 1495 2881 1548 Christum
2936 1486 3227 1544 defendere
3283 1488 3484 1540 volunt.

1916 1586 2660 1654 Verumtamencogitandqu
2710 1593 2848 1649 erat,
2893 1583 3034 1651 quod
3087 1583 3366 1647 increpare
3405 1579 3483 1631 die

1916 1694 2066 1731 versa
2102 1679 2378 1743 docentes,
2412 1677 2753 1731 conciliasset
2796 1674 2927 1742 ipsis
2979 1673 3180 1726 amoris
3229 1671 3281 1724 in
3328 1669 3487 1724 Chri-

1913 1781 2052 1823 stum
2108 1770 2520 1825 sincerilatem:
2577 1783 2717 1821 nunc
2769 1776 2948 1819 autem
2995 1770 3222 1833 egerunt
3268 1761 3484 1831 quidem

221 1861 325 1929 οὖχ
365 1862 502 1932 ὅπερ
525 1857 594 1932 ἦν
618 1861 838 1931 ἄμεινον
859 1879 871 1892 ·
906 1861 1100 1914 πολλοῦ
1131 1879 1193 1930 γε
1220 1863 1311 1916 καὶ
1339 1863 1444 1916 δεῖ·
1483 1865 1802 1932 πεποίηνται

1916 1879 2020 1916 non
2082 1865 2222 1931 quod
2267 1863 2382 1916 ﬁeri
2430 1862 2747 1930 oportebat;
2819 1856 3078 1927 quinam?
3132 1855 3256 1909 facti
3305 1862 3481 1906 autem

218 1949 276 2001 δὲ
317 1952 780 2021 πολεμιωτάτους,
812 1947 886 2005 ὧν
931 1956 980 2006 εί
1018 1953 1272 2020 γεγόνασι
1315 1953 1572 2023 ζηλωταὶ,
1615 1952 1800 2022 ἀνεδή-

224 2057 392 2094 σαντο
421 2041 486 2095 ἂν
537 2045 633 2096 σὺν
673 2047 860 2106 αὐτοῖς
900 2047 999 2113 τῆς
1034 2044 1346 2115 ἀφθαρσίας
1385 2046 1475 2098 τὸν
1520 2045 1801 2114 στέφανον.

231 2133 724 2205 Ἑπιλαμὸάνονται
749 2136 927 2189 τοίνυν
951 2136 1058 2188 τῶν
1089 2136 1566 2206 ἀναθεμάτισμῶν,
1596 2137 1669 2198 ὡς
1704 2138 1804 2188 οὐκ

213 2221 276 2278 εὗ
312 2227 649 2295 γεγονότωνο
684 2228 779 2281 καὶ
819 2228 882 2289 δὴ
925 2229 1018 2281 καὶ
1066 2227 1282 2298 ἑκάστῳ
1329 2227 1667 2301 παραθέντες
1709 2229 1802 2294 ἐγ-

210 2317 444 2386 γράφως
473 2317 543 2370 τά
565 2319 664 2387 τῆς
695 2319 904 2372 ἑαυτῶν
928 2320 1166 2382 διανοίας
1191 2321 1498 2390 εὑρήματα,
1531 2323 1621 2372 καὶ
1647 2322 1802 2372 ἀσυν-

209 2409 371 2470 έτους
414 2409 566 2471 τινὰς
609 2411 1012 2478 είκαιομυθίας,
1047 2412 1416 2481 συναρπάσειν
1442 2412 1641 2464 οἴονται
1675 2412 1800 2473 τοὺς

209 2492 651 2564 ἐντευξομένους,
685 2497 778 2548 καὶ
805 2495 1182 2561 ἀϐασανίστως
1215 2503 1327 2561 τοῖς
1355 2500 1484 2568 παρ’
1506 2499 1684 2550 αὐτῶν
1714 2502 1799 2551 ἐν-

208 2586 581 2655 τυγχάνοντας
624 2586 824 2655 λόγοις.
875 2584 982 2641 Ἦν
1031 2585 1122 2642 οὖν
1172 2591 1465 2657 ἀναγκαῖον
1505 2592 1598 2644 καὶ
1648 2593 1796 2661 ἡμᾶς

208 2677 411 2740 αὐτοὺς
451 2678 902 2749 ἀντιπαρεξάγειν
929 2679 992 2731 τὺ
1021 2680 1242 2750 ἀληθὲς,
1271 2683 1362 2734 καὶ
1395 2683 1794 2753 ἀποκρούεσθαι

205 2768 307 2837 τὴν
344 2769 703 2840 κατάρῤησιν,
726 2771 1002 2841 ἀποφῆναί
1030 2791 1086 2825 τε
1115 2772 1597 2843 φιλοσκώμμονας,
1626 2775 1794 2845 ἧγουν

205 2859 468 2929 ἀληθείας
513 2863 811 2932 ἐρευνητὰς
861 2867 986 2927 τοὺς
1014 2865 1079 2917 δι’
1120 2865 1388 2927 ἐναντίας.
1420 2867 1793 2936 Προτάξαντες

207 2952 395 3002 τοίνυν
438 2953 668 3006 ἕκαστον
694 2954 804 3006 τῶν
833 2956 1314 3026 ἀναθεματισμῶν,
1343 2953 1460 3011 εἶτα
1489 2959 1697 3022 τούτοις
1723 2961 1790 3013 τὰ

205 3045 342 3112 παρ’
367 3043 590 3097 ἐκείνων
623 3046 1008 3116 συντεθειμένα
1042 3048 1422 3113 συντάξαντες,
1452 3052 1788 3120 παρεζεύξα·
1816 3070 1857 3128 C

205 3150 311 3204 μεν
339 3135 406 3187 τὰ
437 3137 564 3207 παρ’
590 3137 818 3202 ἐαυτῶν,
848 3141 958 3202 τοῖς
987 3139 1284 3193 τῶν-θείων
1309 3141 1540 3212 Γραφῶν
1568 3144 1789 3212 ἐπιστήο

205 3243 357 3294 μοσι,
379 3228 657 3292 δικασταῖς
682 3231 842 3282 οἱονεὶ
869 3229 1158 3301 χρώμενοι,
1186 3233 1279 3284 καὶ
1306 3233 1484 3303 ψῆφον
1510 3233 1787 3298 αἰτοῦντες

202 3318 376 3387 ὀρθήν
415 3335 475 3370 τε
505 3321 597 3372 καὶ
645 3322 1047 3392 ἀνεπίπληκτον
1095 3324 1248 3394 παρά
1297 3326 1404 3378 τῶν
1438 3327 1654 3380 εἰδότων
1687 3327 1786 3381 τὴν

202 3409 484 3480 ἀλήθειαν.

641 3525 1228 3580 ΑΝΑΘΕΜΑΤΙΣΜΟΣ
1268 3533 1345 3582 A'.

271 3631 346 3686 Εἴ
366 3649 450 3697 τις
481 3633 578 3702 οὐχ
609 3633 866 3703 ὁμολογεῖ
898 3635 1031 3688 Θεὸν
1062 3633 1201 3690 εἶναι
1233 3641 1374 3692 κατά
1404 3642 1659 3712 ἀλήθειαν
1691 3647 1783 3699 τὸν

212 3726 589 3796 Ἐμμανουὴλ,
616 3727 710 3779 καὶ
738 3727 824 3780 διὰ
852 3728 1008 3782 τοῦτο
1034 3730 1297 3786 Θεοτόκον
1319 3733 1416 3802 τὴν
1451 3735 1611 3803 ἀγίαν
1637 3739 1779 3808 Παριι

198 3817 375 3871 θένον·
411 3819 707 3890 γεγέννηκε
739 3820 846 3890 γάρ
879 3824 1155 3890 σαρκικῶς
1184 3824 1365 3891 σάρκα
1397 3829 1656 3893 γεγονότα
1689 3831 1779 3884 τὸν

192 3912 264 3967 ὲκ
287 3909 424 3964 Θεοῦ
451 3912 663 3982 Πατρὸς
690 3912 861 3979 Λόγον
880 3929 893 3942 ·
915 3915 1160 3986 ἀνάθεμα
1188 3917 1328 3970 ἔστω

514 4023 871 4091 Αντίρῤησις
906 4023 1024 4075 τῶν
1069 4027 1476 4081 Ἀνατολικών.

266 4135 381 4187 Καὶ
423 4134 504 4196 τίς
557 4136 859 4206 σαρκικῶς,
897 4137 1075 4207 σάρκα
1107 4139 1366 4206 γεγονότα
1408 4140 1497 4194 τὸν
1546 4145 1608 4194 ἐκ
1639 4143 1775 4196 Θεοῦ

195 4227 393 4294 Λόγον,
417 4226 778 4296 ἀποτετέχθαι
808 4227 1326 4299 συνομολογήσειεν;
1356 4231 1418 4283 E!
1447 4231 1553 4302 γὰρ
1583 4249 1774 4303 σαρκιο

195 4319 310 4382 κῶς
343 4319 653 4389 ἐγέννησεν,
687 4320 870 4373 οὐκέτι
900 4320 1041 4372 κατὰ
1087 4321 1353 4391 παρθένον
1376 4341 1389 4353 ·
1418 4323 1511 4375 καὶ
1550 4323 1652 4376 ποῦ
1686 4325 1775 4394 θή-

1909 1965 2034 2008 sunt
2067 1954 2408 2008 infensissimi
2463 1954 2565 2016 his,
2599 1967 2826 2021 quorum
2883 1950 2926 2004 si
2975 1949 3200 2002 fuissent
3250 1945 3485 1998 imitato-

1909 2064 2015 2109 res,
2052 2046 2474 2100 immortalitatis
2514 2060 2709 2097 coroua
2762 2059 2881 2096 cum
2933 2041 3065 2108 ipsis
3115 2040 3347 2094 redimiti
3405 2037 3482 2091 Ιό⁸

1909 2146 2048 2196 rent.
2077 2135 2261 2206 Itaque
2307 2135 2794 2190 anathematismos
2844 2133 3280 2202 reprehendunt,
3325 2128 3478 2196 quasi

1909 2245 2012 2282 nou
2066 2239 2212 2282 recte
2262 2228 2540 2281 habeant:
2597 2239 2755 2295 atque
2802 2226 2963 2279 etiam
3019 2223 3311 2290 unicuique
3370 2235 3480 2274 sua:

1906 2321 2102 2374 mentis
2130 2319 2570 2381 adinveutiones,
2613 2331 2666 2371 ct
2695 2315 2894 2370 stultas
2929 2313 3189 2384 quasdam
3226 2327 3288 2364 ac
3317 2311 3480 2365 frivo-

1903 2411 1982 2466 las
2035 2410 2394 2465 fabulationes
2444 2411 2730 2464 scribendo
2792 2415 3180 2475 apposueruut,
3243 2407 3367 2468 rati,
3419 2419 3479 2458 se

1901 2515 1996 2568 per
2033 2501 2276 2555 fraudem
2327 2511 2659 2554 attracturus
2706 2499 2964 2552 librorum
3011 2511 3232 2548 suorum
3271 2495 3478 2563 impru-

1900 2591 2087 2645 dentes
2143 2591 2398 2646 lectores.
2443 2592 2628 2660 Itaque
2677 2597 2730 2643 et
2779 2588 2933 2642 nobis
2976 2585 3338 2641 necessarium
3377 2584 3478 2637 fuit

1898 2697 1930 2737 e
1960 2684 2173 2736 diverso
2217 2683 2499 2736 veritatem
2539 2694 2833 2751 opponere,
2875 2689 2927 2733 et
2972 2677 3186 2732 illorum
3230 2675 3477 2728 retellere

1896 2771 2320 2837 oblocutionem,
2358 2787 2420 2826 ac
2458 2773 2747 2826 ostendere
2784 2769 2907 2824 illos
2933 2766 3236 2822 dicacitatis
3271 2764 3480 2819 studio-

1894 2878 2005 2927 sos,
2032 2863 2133 2918 boc
2156 2872 2240 2917 est
2262 2878 2448 2917 eorum
2473 2865 2817 2917 adversarios
2840 2860 3088 2915 veritatis
3108 2860 3472 2928 indagatores.

1892 2954 2129 3010 Proinde
2148 2955 2637 3024 prazordinavimus
2670 2954 2912 3024 singulos
2955 2953 3468 3015 anatbematismos;

1894 3045 2088 3099 deinde
2120 3045 2206 3099 bis
2229 3045 2595 3114 adjunximus,
2626 3058 2744 3113 qua:
2769 3043 2837 3098 ab
2863 3043 2966 3097 illis
2991 3042 3289 3112 composita
3321 3050 3467 3104 sunt;

1888 3147 2164 3208 postremo
2205 3138 2543 3193 subdidimus
2582 3147 2637 3192 et
2665 3147 2873 3200 nostra,
2908 3136 3118 3190 divinas
3157 3133 3471 3202 Scripturas

1887 3229 2190 3284 scientibus
2215 3230 2373 3298 quasi
2394 3229 2668 3297 iudicibus
2714 3238 2950 3291 utentes,
2980 3237 3141 3297 atque
3167 3228 3235 3282 ab
3267 3228 3350 3280 his
3376 3227 3466 3295 qui

1888 3321 2174 3375 veritatem
2206 3321 2408 3386 sciunt,
2442 3329 2648 3376 rectam
2683 3329 2738 3373 et
2777 3319 3106 3389 inculpatam
3144 3321 3466 3374 sententiam

1887 3414 2237 3469 oostulantes.

2315 3529 2351 3579 Α
2363 3523 2906 3579 ΝΑΤΙΙΕΜΑΤΙΞΜΟ
2918 3523 2955 3576 S
2995 3522 3035 3575 Ι.

1954 3641 2011 3697 Si
2045 3643 2167 3712 quis
2201 3657 2305 3697 non
2345 3638 2659 3704 conﬁtetur,
2706 3635 3109 3691 Emmanuelem
3146 3632 3306 3704 159
3341 3648 3464 3687 vere

1884 3737 2052 3791 Deum
2095 3750 2238 3800 esse,
2284 3744 2340 3789 et
2383 3734 2453 3788 ob
2487 3733 2539 3786 id
2585 3739 2827 3786 sanctam
2862 3727 3139 3797 Virginem
3175 3725 3462 3793 Deiparam

1884 3828 2107 3898 (genuit
2131 3828 2275 3882 enim
2314 3825 2403 3880 illa
2438 3822 2736 3878 carnaliter
2768 3821 3109 3875 incarnatum
3153 3817 3244 3873 Dei
3286 3816 3462 3871 Patris

1881 3918 2154 3991 Verbum)
2179 3935 2193 3970 :
2232 3917 2519 3972 anathema
2561 3913 2653 3966 sit.

2333 4026 2687 4080 Orientalium
2725 4021 2998 4091 apparitio.

1947 4142 2146 4212 Ecquis
2193 4155 2413 4197 carnem
2461 4139 2664 4194 factum
2722 4138 2817 4192 Dei
2855 4137 3118 4200 Verbum,
3168 4133 3460 4190 carnaliter

1879 4244 2062 4290 natum
2079 4233 2377 4289 essesimul
2407 4232 2781 4294 conﬁtebitur;
2815 4245 2938 4282 nam
2962 4229 3006 4284 si
3041 4229 3335 4284 carnaliter
3367 4243 3460 4294 ge-

1878 4328 2017 4391 nuit,
2040 4327 2152 4396 jam
2183 4341 2289 4380 non
2317 4334 2372 4378 ut
2399 4325 2568 4393 virgo.
2605 4325 2669 4378 Et
2694 4323 2781 4378 ubi
2816 4338 3076 4392 ponemus
3099 4323 3201 4377 hoc
3232 4341 3244 4376 :
3281 4341 3298 4372 ι
3332 4321 3457 4389 8μί-

195 4426 367 4481 σομεν
410 4409 504 4461 τό⁹
544 4427 562 4459 ι
593 4407 817 4478 Πνεῦμα
851 4410 910 4461 τὸ
950 4410 1103 4478 ἆγιον
1151 4410 1504 4465 ἐπελεύσεται
1551 4414 1645 4466 ἐπὶ
1679 4415 1766 4478 σὲ,
1804 4423 1809 4476 ]

1896 4418 2014 4472 'itus
2043 4425 2265 4470 sanctus
2305 4415 2654 4483 superveniet
2690 4416 2739 4467 in
2775 4421 2848 4479 te,
2882 4423 2938 4467 et
2975 4414 3145 4466 virtus
3190 4411 3454 4466 Altissimi

193 4501 291 4554 καὶ
307 4500 535 4570 δύναμις
563 4500 816 4569 Ὑψίστου
834 4503 1140 4556 ἐπισκιάσει
1156 4505 1309 4574 σοι,Ι»
1349 4505 1630 4574 σαρκικῶς
1653 4507 1775 4558 κατ’

191 4588 359 4644 αὑτὸν
393 4592 490 4660 τῆς
518 4591 814 4662 Παρθένου,
845 4596 940 4646 καὶ
968 4596 1030 4647 ού
1059 4595 1380 4667 θεοπρεπῶς
1403 4600 1772 4668 γεννησάσηςς

193 4683 288 4734 καί
318 4681 436 4746 πῶς
465 4680 668 4750 ταύτην
689 4691 718 4730 γ
743 4683 918 4755 ἀστὴρ
952 4686 1266 4755 παραδόξως
1291 4689 1614 4757 φαινόμενος
1643 4706 1776 4742 κατ-

191 4771 441 4842 εμήνυες
495 4771 659 4841 μάγοι
714 4772 771 4825 δέ
813 4775 878 4826 ἐκ
928 4775 1189 4845 Περσίδος
1232 4777 1300 4829 δι’
1339 4777 1505 4830 αὑτοῦ
1543 4777 1772 4848 ὁδηγού-

193 4878 350 4926 μενοι
393 4868 678 4933 παρῄεσαν
705 4873 752 4928 ³,
782 4865 873 4918 τὸν
902 4866 1163 4936 τεχθέντα
1201 4866 1522 4938 ζητοῦντεςο
1555 4872 1646 4921 καὶ
1676 4871 1768 4922 εὑ-

193 4953 401 5023 ρόντες,
432 4952 625 5025 ἔφερον
658 4956 807 5028 δῶρα
837 4959 931 5010 καὶ
959 4957 1038 5028 τῷ
1080 4962 1375 5030 νοουμένῳ,
1419 4961 1513 5013 καὶ
1540 4962 1616 5032 τῷ
1647 4980 1772 5031 φαι-

189 5047 406 5115 νομένῳ
440 5048 746 5118 πρόσφορα.
774 5050 1026 5118 Ἀγγελοί
1055 5068 1112 5103 τε
1161 5051 1450 5122 οὐρανόθεν
1485 5055 1771 5108 κατελθόν-

193 5155 279 5201 τες
307 5137 405 5209 τὴν
433 5139 703 5209 γέννησιν,
740 5141 880 5210 μετὰ
905 5141 1014 5196 τῶν
1041 5145 1312 5214 ποιμένων
1339 5122 1700 5216 ἀναμιγέντεξ
1717 5161 1768 5210 ι,

194 5229 446 5299 ἐχόρευον
480 5230 760 5299 λέγοντες’
798 5252 815 5283 ι
844 5232 980 5298 Δόξα
1011 5237 1069 5288 ἐν
1100 5236 1346 5305 ὑψίστοις
1375 5239 1514 5309 Θεῷ,
1545 5241 1638 5292 καὶ
1671 5241 1765 5292 ἐπὶ

229 5319 295 5389 ἧς
345 5321 561 5391 εἰρήνη,
608 5324 666 5376 ἐν
707 5323 1013 5394 ἀνθρώποις
1060 5327 1295 5382 εὐδοκία.
1325 5349 1342 5379 ι
1393 5328 1578 5384 Ταῦτα
1623 5331 1766 5393 τίνος

263 5498 310 5531 ⁵³
336 5499 515 5554 Galat.
561 5520 598 5568 ι,
629 5507 682 5571 8,
717 5503 768 5558 9.

1876 4505 2224 4562 obumbrabit
2262 4506 2358 4560 tibi
2387 4507 2454 4572 υ,
2483 4525 2502 4558 ι
2529 4507 2597 4570 si,
2624 4507 2778 4575 juxta
2805 4505 2945 4560 illius
2975 4514 3236 4568 mentem,
3265 4517 3456 4558 carna-

1874 4599 2000 4653 liter
2022 4608 2077 4653 et
2107 4612 2212 4653 non
2245 4607 2302 4652 ut
2344 4598 2506 4652 Deum
2538 4597 2714 4661 decet,
2759 4597 2925 4666 Virgo
2963 4596 3192 4665 genuit?
3235 4605 3291 4648 et
3317 4608 3455 4662 quo-

1878 4694 2037 4747 modo
2079 4693 2222 4747 hunc
2266 4691 2422 4746 stella
2469 4691 2686 4745 insolito
2730 4689 2889 4742 modo
2931 4700 3198 4757 apparens
3227 4688 3452 4739 demon-

1873 4784 2273 4853 stravitHIagi
2305 4798 2437 4838 vero
2471 4797 2539 4837 ex
2581 4781 2825 4844 Perside,
2873 4779 2962 4833 illa
3017 4779 3174 4841 duce,
3223 4777 3456 4830 advene-

1877 4883 2022 4939 runt,
2051 4883 2237 4927 natum
2265 4881 2594 4942 quaerentes,
2627 4879 2683 4925 et
2715 4869 2936 4923 invento
2963 4868 3104 4922 dona
3137 4865 3452 4921 obtulerunt

1873 4975 1928 5020 et
1959 4966 2032 5030 ei,
2062 4965 2153 5035 qui
2183 4964 2468 5018 videbatur
2495 4961 2692 5028 oculis,
2724 4971 2778 5016 et
2806 4963 2880 5026 ei,
2923 4960 3013 5030 qui
3053 4967 3235 5013 mente
3269 4958 3448 5028 perci-

1866 5056 2138 5125 piebatur,
2208 5055 2594 5110 convenientia
2626 5054 2687 5107 ⁵⁵.
2739 5052 2952 5124 Angeli,
2997 5052 3086 5121 qui
3147 5051 3446 5106 descende-

1865 5158 1990 5202 runt
2017 5149 2085 5204 de
2117 5150 2278 5214 caelo,
2309 5165 2432 5206 cum
2467 5147 2775 5219 pastoribus
2813 5146 2980 5209 misti,
3026 5146 3091 5198 de
3138 5142 3308 5198 natali
3347 5143 3444 5195 tri-

1864 5243 2152 5313 pudiarunt
2178 5282 2195 5309 ,
2224 5242 2466 5297 dicentes
2503 5258 2517 5296 :
2568 5258 2588 5292 ι
2617 5238 2802 5294 Gloria
2849 5238 2902 5292 in
2949 5235 3182 5291 excelsis
3221 5234 3350 5298 Deo,
3389 5243 3445 5286 et

1863 5335 1915 5390 in
1955 5343 2097 5390 terra
2129 5348 2256 5402 pax,
2291 5333 2341 5386 in
2376 5332 2685 5387 hominibus
2713 5331 2853 5387 bona
2885 5327 3132 5384 voluntas
3158 5325 3228 5381 “.
3263 5343 3280 5376 ι
3317 5325 3442 5379 ΙΙιεε

852 5505 895 5534 ⁸³
927 5503 1056 5559 Luc.
1095 5523 1142 5572 ι,
1171 5507 1259 5561 55.
1337 5507 1380 5538 ιδ
1411 5509 1594 5564 Matth.
1638 5526 1707 5575 ιι,
1742 5511 1761 5563 t
1801 5526 1954 5582 seqq.
2032 5511 2076 5542 ιι
2114 5510 2248 5566 Luc.
2284 5510 2338 5575 9.,
2371 5509 2454 5564 ιι.

1243 5661 1412 5718 Varia:
1447 5663 1704 5722 lectiones
1734 5681 1794 5720 ex
1829 5665 2016 5720 codice
2045 5664 2416 5736 Seguicriano.

253 5819 287 5862 ι’
315 5816 520 5867 τοῦτον.
604 5823 623 5850 ι
653 5813 938 5884 παρίεσαν.
1016 5828 1041 5857 ι
1066 5815 1481 5886 ἀναμιγνύντες.
