4078 6348
598 401 707 456 319
1596 390 1657 446 3.
1704 389 1743 445 C
1757 386 1979 443 YRILL.
2020 383 2206 439 ALEX

2309 379 2493 435 DRINI
2531 377 2852 435 ARCHIEP.
3771 365 3876 424 520

598 519 749 586 cujus
793 516 1034 572 indicia?
1071 515 1333 579 carnalis,
1382 529 1449 568 an
1495 513 1611 582 ejus
1660 527 1781 580 qua:
1824 511 1993 564 Deum
2023 508 2180 562 decet

2309 504 2609 574 ιηνύματα;
2640 500 2938 571 Σαρκικῆς,
2961 498 2993 569 ἢ
3017 492 3352 568 θεοπρεποῦς
3378 490 3717 586 γεννήσεωςς
3750 488 3879 586 Ἀλ-

596 611 942 666 nativitatis?
977 609 1034 661 Et
1071 608 1271 676 alioqui
1310 608 1353 661 si
1392 607 1596 673 absque
1642 604 1911 668 examine,
1949 610 2004 655 et
2038 600 2186 667 judi-

2309 613 2392 658 .m;
2440 611 2499 648 τε
2531 595 2579 646 εί
2631 592 3010 676 ἀῦασανίστως
3049 591 3169 652 ταῖς
3216 586 3422 657 φωναῖς
3470 582 3805 653 ἐμϐάλοιμεν
3830 580 3877 642 b,

597 706 682 759 cio
716 706 767 757 in
806 702 924 770 ejus
957 717 1116 755 voces
1163 698 1543 759 inciderimus,
1584 707 1638 750 et
1680 695 2088 751 conversionem
2133 701 2187 745 et

603 793 1087 847 commutationem
1119 790 1279 845 Verbi
1315 790 1367 843 in
1402 803 1621 842 carnem
1655 787 2098 855 imaginabimur,
2135 793 2189 838 et

598 886 675 939 sic
708 885 871 939 etiam
899 894 1178 953 peccatum
1200 884 1245 914 ⁸⁸
1263 891 1317 937 et
1342 881 1685 936 maledictum
1718 880 1760 912 δ’
1790 880 1962 947 ipsum
1991 879 2188 931 factum

599 990 717 1030 esse
754 975 1162 1044 suSpicabimur
1190 990 1203 1027 :
1240 974 1283 1027 si
1317 974 1531 1041 quidem
1564 974 1743 1026 minus
1776 974 1843 1024 ad
1879 970 2187 1038 sequentia,

598 1066 683 1119 vel
730 1066 1092 1135 praecedentia
1129 1074 1419 1119 contextus
1463 1064 1754 1128 sermonis,
1799 1070 1854 1115 et
1903 1061 1968 1114 ad
2020 1061 2188 1128 ipsam

598 1159 1048 1212 consuetudinem
1106 1156 1403 1226 Scriptura:
1443 1156 1859 1209 attenderimns.
1918 1152 2188 1207 Caeterum

598 1264 815 1304 Carnem
857 1264 979 1304 esse
1030 1247 1228 1302 factum
1268 1246 1525 1309 Verbum,
1576 1257 1723 1299 recte
1749 1245 1902 1315 juxta
1943 1244 2192 1312 Evange-

601 1339 793 1393 liornm
833 1348 1095 1405 mentem,
1130 1337 1523 1393 habitationem
1562 1337 1614 1390 in
1646 1351 1809 1390 carne
1842 1335 2186 1404 exponimus.

1148 1466 1396 1536 Defensio
1423 1464 1637 1536 Cyrilli.

672 1598 1103 1669 Dispensationis
1135 1600 1399 1671 unigeniti
1432 1599 1552 1655 Filii
1591 1599 1682 1653 Dei
1722 1598 1775 1654 in
1807 1614 1975 1653 carne
2006 1614 2194 1654 sacra-

602 1700 842 1744 mentum
875 1692 1309 1761 sapientissimus
1337 1690 1577 1747 Joannes
1611 1692 1872 1755 declarat,
1906 1691 2189 1747 scribens:

607 1780 701 1833 ιΕι
720 1781 952 1835 Verbum
974 1796 1102 1835 caro
1119 1781 1317 1835 factum
1342 1791 1446 1848 est,
1474 1791 1528 1835 et
1550 1780 1819 1836 habitavit
1838 1783 1886 1835 iu
1912 1780 2067 1836 nobis
2087 1781 2151 1837 ".
2168 1801 2187 1833 ι

2290 689 2383 741 καὶ
2412 686 2619 756 τροπὴν
2654 684 2749 738 τοῦ
2780 672 2971 752 λόγου,
2997 682 3089 735 καὶ
3129 678 3435 750 μεταϐολὴν
3459 675 3557 747 τὴν
3587 674 3666 736 είς
3698 674 3879 742 σάρκα

2289 776 2817 849 φαντασθησόμεθα·
2843 776 2938 829 καὶ⁵
2963 772 3137 835 οὕτως
3164 771 3257 825 καὶ
3279 767 3553 840 ἁμαρτίαν
3575 766 3763 829 αὑτὸν,
3792 764 3883 816 καὶ

2290 871 2536 941 κατάραν
2588 862 2923 937 γεγενῆσθαι
2972 861 3396 935 ὑποληψόμεθα,
3441 859 3488 911 εί
3521 858 3635 919 τοῖς
3680 853 3883 924 ἑπομέ-

2288 980 2419 1026 νοις.
2451 962 2482 1032 ἢ
2525 958 2848 1031 ἡγουμένοις
2878 957 2986 1010 τῶν
3026 956 3317 1026 κειμένων,
3346 952 3441 1006 καὶ¹
3483 950 3621 1019 αὐτῇ
3653 949 3719 1017 τῇ
3759 962 3884 997 συν-

2287 1052 2449 1124 ηθείᾳ
2500 1054 2598 1122 τῆς
2646 1050 2870 1122 Γραφῆς
2908 1050 2980 1120 μὴ
3045 1048 3430 1120 προσέχωμεν.
3470 1041 3634 1097 ’Λλλά
3680 1039 3792 1109 γὰρ
3823 1037 3883 1089 τὸ

2293 1144 2551 1213 γενέσθαι
2581 1144 2760 1213 σάρκα
2786 1142 2877 1195 τὸν
2903 1141 3097 1209 Λόγον,
3126 1139 3223 1209 τὴν
3248 1140 3305 1191 ἐν
3328 1139 3394 1206 τῇ
3423 1133 3586 1206 σαρκὶ⁸
3608 1132 3884 1199 σκηνωσιν

2293 1235 2472 1297 καλῶς
2496 1234 2911 1303 ὲκλαμ”6ἀνομεν
2940 1231 3083 1287 κατὰ
3111 1230 3207 1301 τὴν
3241 1228 3348 1282 τῶν
3378 1224 3730 1294 Εὑαγγελίων
3766 1219 3882 1274 διά-

2291 1346 2457 1382 νοιαν.

2755 1458 3065 1527 Ἀπολογία
3098 1455 3428 1522 Κυρίλλου.

2365 1595 2475 1663 Τῆς
2506 1589 2645 1663 μετά
2678 1590 2878 1661 σαρκὸς
2917 1587 3227 1657 οἰκονομίας
3259 1585 3351 1639 τοῦ
3395 1583 3720 1655 μονογενοῦς
3754 1580 3885 1635 Υίοῦ

2294 1684 2387 1738 τοῦ
2418 1684 2553 1736 Θεοῦ
2584 1668 2643 1736 τὸ
2679 1683 2977 1753 μυστήριον
3006 1683 3033 1733 ὁ
3065 1681 3339 1748 πάνσοφος
3371 1677 3625 1747 Ἰωάννης
3654 1676 3883 1747 διατρα-

2295 1779 2377 1830 νοῖ
2411 1774 2813 1846 γεγραφηκώςο
2851 1791 2869 1825 ι
2902 1774 3011 1827 Καὶ
3056 1775 3084 1827 ό
3108 1772 3278 1841 Λόγος
3322 1769 3461 1841 σάρξ
3509 1771 3747 1838 ἐγένετο,
3784 1768 3881 1821 καὶ

603 1872 726 1927 Haec
759 1884 905 1927 recte
941 1873 1300 1944 intelligentes
1349 1873 1490 1929 beati
1526 1874 1713 1929 Patres
1744 1875 1872 1930 olim
1912 1874 1965 1928 in
2012 1873 2187 1929 Nicaea

2309 1867 2599 1937 ισκήνωσεν
2629 1866 2686 1917 ὲν
2718 1866 2871 1933 ἡμῖν.
2900 1881 2919 1914 ι
2956 1861 3143 1916 Ταῦτα
3178 1860 3451 1918 συνιέντες
3479 1859 3655 1929 ὀρθῶς
3685 1860 3736 1911 οἱ
3772 1875 3881 1927 μα-

602 1966 919 2035 congregati
952 1966 1229 2030 dixerunt,
1279 1966 1451 2035 ipsum
1500 1966 1737 2021 Verbum
1793 1982 1859 2021 ex
1895 1967 2003 2021 Deo
2037 1966 2196 2022 Patre

603 2068 812 2119 natum,
847 2072 943 2125 per
971 2058 1115 2127 quod
1157 2058 1337 2112 omnia
1391 2056 1519 2112 fecit
1564 2058 1742 2125 Pater,
1780 2060 1964 2112 lumen
2006 2058 2072 2112 de
2113 2058 2196 2111 lu-

603 2147 769 2211 mine,
802 2147 968 2201 Deum
1001 2163 1184 2202 verum
1217 2148 1281 2202 de
1310 2147 1418 2202 Deo
1452 2163 1603 2212 vero,
1656 2150 1995 2206 incarnatuttt
2027 2158 2081 2204 et
2111 2151 2195 2203 in-

606 2238 960 2291 humauatum
1013 2252 1155 2303 esse,
1204 2239 1307 2293 hoc
1355 2249 1460 2304 est,
1507 2241 1720 2293 unitum
1768 2242 1916 2294 carui
1962 2241 2196 2295 animam

604 2329 826 2383 habenti
885 2329 1229 2394 rationalem,
1267 2341 1322 2385 et
1366 2331 1643 2385 hominem
1694 2332 1893 2385 factum
1941 2346 2089 2397 esse;
2147 2342 2199 2387 et

602 2434 723 2472 cum
761 2418 864 2473 hoc
890 2419 1052 2473 etiam
1087 2420 1353 2475 mansisse
1382 2420 1570 2476 Deum.
1606 2421 1759 2488 Quod
1791 2432 1970 2475 autem
1996 2422 2201 2491 absque

600 2514 963 2568 conversione
988 2523 1041 2567 ct
1068 2513 1391 2570 confusione
1417 2515 1634 2571 unionis
1663 2516 1822 2586 [eo
1840 2531 1976 2585 opus
1996 2516 2198 2571 factum

603 2607 710 2666 est,
747 2611 1023 2668 manente,
1062 2612 1119 2654 ut
1159 2601 1294 2667 dixi,
1348 2602 1459 2657 Deo
1494 2603 1670 2659 Verbo
1711 2606 1760 2658 id
1805 2606 1946 2673 quod
1977 2614 2076 2669 est,
2117 2617 2199 2658 ta-

605 2694 761 2747 metsi
803 2692 1005 2748 factum
1040 2694 1112 2749 sit
1136 2710 1272 2749 caro
1302 2696 1679 2765 (immutabile
1712 2696 1856 2750 enim
1904 2699 2201 2751 secundum

606 2794 859 2839 naturam
898 2785 1044 2851 est),
1076 2785 1206 2840 nulli
1244 2786 1492 2839 dubium.
1532 2786 1666 2840 Nam
1699 2790 1841 2854 quod
1876 2786 2074 2840 dicitur
2120 2787 2203 2839 in-

606 2876 848 2940 carnari,
881 2891 985 2930 non
1022 2877 1075 2930 in
1116 2878 1300 2932 carnis
1343 2887 1592 2931 naturam
1634 2878 1883 2942 vertitur,
1925 2878 2020 2933 sed
2057 2876 2202 2931 aliud

607 2968 863 3037 quiddam
902 2969 970 3023 ab
1001 2968 1113 3033 illa,
1145 2977 1201 3023 et
1242 2970 1290 3023 ei
1325 2970 1531 3022 unitum
1566 2968 1906 3037 intelligitur.
1948 2967 2039 3022 Sic
2079 2982 2206 3021 sen-

610 3061 808 3113 tientes
850 3059 992 3114 beati
1046 3059 1239 3114 Patres
1286 3060 1381 3115 Dei
1413 3060 1732 3130 genitricem
1786 3044 2207 3113 nominavet-uni

610 3164 861 3207 sanctam
890 3152 1181 3222 virginem.
1218 3150 1583 3206 Crediderunt
1628 3151 1796 3216 enim,
1844 3150 1984 3220 quod
2022 3151 2203 3203 incar-

611 3254 799 3297 natum
836 3255 890 3298 et
928 3220 1207 3298 hominem
1247 3243 1449 3297 factum
1483 3242 1734 3311 genuerit
1785 3240 1980 3296 Filium
2025 3239 2200 3304 illum,
2231 3220 2273 3276 (ἶ

610 3350 708 3399 per
737 3340 896 3405 quem
934 3337 1116 3391 omnia
1149 3334 1279 3390 fecit
1320 3336 1503 3391 Pater.
1541 3332 1741 3390 Verum
1781 3332 2063 3388 Nestorius
2105 3348 2205 3385 no-

612 3427 875 3482 vellarum
901 3427 1355 3498 blasphemiarum
1377 3428 1629 3482 inventor
1657 3442 1779 3480 cum
1805 3427 1905 3479 hac
1930 3426 2204 3479 sententia

613 3532 883 3587 pugnans,
926 3518 1198 3584 improbat
1237 3518 1457 3587 quidem
1506 3532 1693 3573 vocem
1740 3517 1898 3580 hanc,
1932 3514 2024 3569 Dei
2056 3518 2202 3584 geni-

616 3609 746 3674 trix,
779 3611 937 3681 quasi
982 3627 1088 3664 rion
1124 3611 1197 3665 sit
1226 3627 1354 3667 vere
1386 3611 1564 3673 dicta;
1610 3609 1824 3664 dicebat
1858 3618 2038 3661 autem
2068 3610 2146 3663 sic
2191 3625 2205 3662 :

616 3699 972 3771 interrogavi,
1015 3700 1210 3770 inquit,
1254 3716 1396 3771 saepe
1434 3715 1528 3755 eos
1569 3718 1582 3755 :
1622 3700 1974 3755 Diviuitatem
2027 3709 2207 3753 natam

617 3790 797 3846 dicitis
836 3806 866 3845 e
913 3790 1070 3846 beata
1117 3790 1383 3863 Virgine?
1432 3790 1699 3844 Resiliunt
1739 3791 1921 3845 statim
1964 3791 2029 3844 ad
2073 3793 2213 3847 hanc

620 3895 831 3935 vocem.
872 3879 939 3935 Et
982 3882 1125 3952 quis,
1184 3882 1379 3953 inquit,
1429 3892 1578 3935 tanto
1622 3881 1977 3949 blasphemia:
2026 3884 2214 3937 morbo

619 3970 858 4033 laborat,
888 3980 947 4024 ut
981 3986 1103 4039 qua:
1130 3971 1316 4041 genuit
1344 3970 1627 4039 templum,
1659 3970 1710 4023 in
1745 3968 1833 4023 illa
1860 3972 2004 4026 dicat
2037 3988 2063 4022 a
2095 3969 2216 4040 Spi-

620 4064 728 4117 ritu
758 4072 949 4117 sancto
982 4061 1150 4117 Deum
1184 4071 1432 4117 creatum
1462 4060 1624 4115 esse?
1656 4060 1857 4115 Deinde
1881 4062 2098 4129 quando
2137 4062 2219 4113 in-

624 4158 895 4213 lerimus:
941 4154 1079 4222 Quid
1122 4155 1285 4223 igitur
1316 4155 1614 4209 absurdum
1662 4168 1757 4207 nos
1790 4153 2044 4217 dicimus,
2088 4167 2220 4209 con-

623 4244 863 4299 sulentes
895 4242 1200 4313 fugiendam
1228 4242 1372 4298 illam
1409 4257 1618 4305 vocem,
1643 4243 1951 4298 eteundum
1979 4244 2045 4297 ad
2073 4257 2221 4298 com-

624 4350 843 4389 munem
877 4335 1165 4402 utriusque
1196 4344 1403 4386 natura:
1435 4333 1802 4403 significatum
1822 4334 1844 4386 ‘l
1866 4334 1915 4387 id
1944 4343 2071 4388 tunc
2100 4334 2222 4389 bla-

626 4426 848 4496 Spheme
894 4425 1100 4481 dictum
1157 4435 1376 4493 putant.
1438 4426 1537 4478 Vel
1593 4426 1857 4483 confitere
1907 4426 2222 4493 manifeste,

626 4519 881 4573 deitatem
920 4531 986 4571 ex
1021 4516 1179 4571 beata
1227 4516 1395 4572 Maria
1419 4525 1598 4575 natam
1639 4532 1763 4575 esse
1792 4535 1805 4571 :
1838 4518 1949 4584 vel,
1986 4519 2033 4574 si
2077 4519 2220 4589 fugis

625 4610 767 4665 hanc
808 4608 1178 4677 blasphemam
1214 4621 1422 4674 vocem,
1470 4623 1569 4663 cur
1602 4612 1693 4679 qui
1741 4610 1929 4667 eadem
1973 4610 2139 4676 dicis,
2169 4620 2221 4663 te

633 4716 738 4755 non
771 4700 954 4753 dicere
982 4698 1249 4753 simulas?
1281 4698 1451 4769 Igitur
1490 4699 1579 4752 illo
1611 4710 1854 4768 urgente,
1906 4703 2014 4758 imo
2048 4701 2225 4755 incul-

630 4802 788 4846 cante
817 4792 1003 4861 impie,
1037 4800 1093 4845 ut
1116 4791 1151 4845 ii
1182 4800 1428 4845 sanctam
1457 4790 1733 4861 Virginem
1771 4792 1865 4849 Dei
1895 4794 2213 4862 genitricem

630 4886 841 4953 dicunt,
873 4885 1034 4940 fateri
1064 4884 1315 4951 debeant,
1340 4884 1527 4941 carnis
1550 4884 1723 4941 fuisse
1753 4885 1985 4941 fructum
2022 4885 2221 4943 nudam

632 4985 685 5032 et
710 4990 957 5031 seorsum
994 4974 1226 5045 positam
1262 4975 1479 5031 deitatis
1524 4984 1795 5039 naturam,
1833 4980 1887 5029 et
1921 4973 2220 5028 subsisten-

634 5069 719 5123 tiaa
756 5068 971 5122 initium
1000 5083 1068 5122 ex
1102 5066 1330 5123 muliere
1360 5065 1617 5121 habuisse
1658 5064 1753 5119 Dei
1785 5064 2059 5131 Verbum;
2097 5080 2217 5134 pro-

632 5162 763 5215 bare
786 5159 1052 5222 volentes,
1089 5172 1186 5214 nos
1235 5159 1303 5214 ab
1338 5158 1441 5213 hac
1468 5156 1724 5226 opinione
1754 5171 1979 5226 prorsus
2011 5156 2219 5211 alienos

631 5267 755 5305 esse
799 5265 937 5321 (ηοιι
985 5250 1128 5305 enim
1166 5250 1239 5306 ita
1293 5249 1608 5313 deliramus,
1656 5258 1714 5302 ut
1756 5247 1983 5303 velimus
2029 5263 2220 5315 sapere

632 5338 796 5402 aliud,
826 5353 987 5406 quam
1018 5340 1162 5407 quod
1199 5348 1413 5407 oportet
1452 5340 1705 5407 sapere),
1732 5337 2015 5410 Virginem
2052 5353 2219 5408 pepe-

706 5512 753 5547 ιθ
780 5512 818 5565 ll
849 5512 971 5568 Cor.
1002 5513 1167 5579 v,2l.
1246 5514 1285 5545 "
1318 5513 1493 5568 Galat.
1532 5528 1613 5582 ιιι,
1641 5513 1728 5569 l5.
1805 5514 1851 5545 ⁸⁸
1880 5513 2037 5569 Ιοιιιι.
2065 5528 2103 5579 ι,
2133 5514 2222 5571 14.

2297 1958 2475 2028 κάριον
2504 1956 2768 2027 Πατέρες,
2788 1958 2835 2009 οἱ
2874 1954 3015 2008 κατὰ
3045 1954 3271 2026 καιροὺς
3290 1954 3347 2005 ὲν
3376 1955 3442 2023 τῇ
3477 1951 3729 2005 Νικαέων
3758 1967 3885 2003 συν-

2298 2050 2622 2118 ειλεγμένοι,
2651 2047 2813 2100 αὐτὸν
2845 2047 3054 2115 ἔφασαν
3084 2045 3176 2097 τὸν
3203 2044 3268 2097 ὲκ
3300 2042 3435 2096 Θεοῦ
3466 2043 3681 2113 Πατρὸς
3712 2042 3889 2112 φύντα

2298 2137 2492 2206 Λόγον,
2530 2137 2621 2190 τὸν
2665 2136 2731 2188 δι’
2758 2130 2817 2189 οὗ
2854 2137 2923 2188 τὰ
2958 2136 3137 2189 πάντα
3180 2133 3479 2205 πεποίηκεν
3508 2136 3536 2187 ὁ
3569 2133 3794 2203 Πατὴρ,
3828 2132 3889 2184 τὸ

2300 2231 2415 2298 φῶς
2447 2230 2506 2283 τὸ
2538 2232 2603 2283 ἐκ
2650 2227 2745 2281 τοῦ
2781 2228 2989 2298 φωτὸς,
3041 2226 3133 2279 τὸν
3174 2224 3307 2277 Θεὸν
3346 2223 3601 2295 ἀληθινὸν
3643 2226 3709 2277 ἐκ
3749 2222 3888 2277 Θεοῦ

2300 2322 2579 2392 ἀληθινοῦ,
2612 2318 2963 2391 σαρκωθῆναί
2992 2335 3052 2371 τε
3084 2318 3177 2371 καλ¹
3220 2316 3642 2387 ὲνανθρωπῆσαι
3663 2332 3676 2345 ·
3723 2332 3887 2368 τουτ-

2301 2413 2448 2466 έστιν
2489 2413 2755 2482 ὲνωοῆναι
2806 2411 2973 2481 σαρκὶ
3021 2410 3199 2480 ψυχὴν
3250 2408 3450 2480 ἐχούσῃ
3495 2409 3593 2480 τὴν
3638 2408 3887 2479 λογικὴν,

2301 2507 2396 2558 καὶ
2419 2506 2705 2576 ἄνθρωπον
2732 2501 2986 2572 γενέσθαι
3019 2501 3155 2572 μετὰ
3178 2500 3273 2553 τοῦ
3298 2501 3389 2554 καὶ
3415 2502 3709 2570 ἀπομείναι
3731 2499 3885 2553 Θεόν.

2304 2599 2429 2651 Ὅτι
2455 2596 2513 2648 δὲ
2547 2596 2837 2666 ἀτρέπτως
2866 2610 2924 2647 τε
2953 2594 3045 2646 καὶ
3075 2591 3397 2661 ἀσυγχῦτως
3426 2591 3487 2644 τὸ
3512 2591 3612 2661 τῆς
3643 2589 3891 2654 ἑνώσεως

2303 2689 2616 2760 πέπρακται
2646 2687 2857 2757 χρῆμα,
2903 2686 3296 2756 μεμενηκότος,
3322 2684 3397 2745 ὡς
3430 2682 3586 2752 ἔφην,
3628 2683 3725 2735 τοῦ
3754 2682 3892 2736 Θεοῦ

2302 2781 2479 2849 Λόγου
2528 2778 2674 2831 τοῦθ’
2703 2780 2841 2847 ὅπερ
2872 2776 3022 2841 ἐστὶ,
3070 2776 3163 2828 καὶ
3191 2776 3241 2828 εί
3288 2774 3478 2843 γέγονε
3514 2773 3683 2843 σὰρξ,
3732 2773 3893 2826 ἀναλ-

2302 2872 2522 2935 λοίωτος
2550 2871 2659 2941 γὰρ
2690 2869 2830 2922 κατά
2858 2867 3019 2937 φύσιν
3051 2868 3219 2931 ἐστὶν,
3248 2864 3425 2918 οὐδενὶ
3453 2864 3562 2918 τῶν
3592 2864 3762 2917 ὄντων
3795 2865 3896 2933 ἀμ-

2306 2962 2545 3033 φίϐολον.
2571 2961 2645 3013 To
2675 2958 2783 3030 γὰρ
2820 2956 3155 3029 σαρκοῦσθαι
3187 2957 3499 3026 λεγόμενον,
3528 2957 3628 3009 οὐκ
3658 2956 3740 3019 είς
3771 2972 3898 3025 σαρς

2306 3051 2401 3113 κὸς
2432 3048 2698 3122 τρέπεται
2733 3048 2916 3117 φύσιν,
2962 3048 3075 3101 ἀλλ’
3107 3047 3294 3118 ἕτερόν
3325 3064 3377 3099 τι
3407 3048 3667 3099 ἐννοεῖται
3697 3058 3721 3085 ο
3765 3048 3896 3116 παρ’

2309 3145 2480 3215 αὐτὴν
2511 3143 2778 3214 ὑπάρχον,
2822 3140 2915 3194 καὶ
2947 3140 3145 3194 ὲνωθὲν
3176 3140 3339 3211 αὐτῇ.
3370 3138 3527 3193 Οὕτω
3573 3140 3899 3208 φρονοῦντες

2308 3238 2355 3289 οἱ
2389 3235 2646 3308 μακάριοι
2692 3233 2951 3304 Πατέρες,
2984 3232 3245 3287 Θεοτόκον
3279 3232 3569 3300 ὠνόμασαν
3600 3232 3699 3301 τὴν
3736 3233 3901 3301 ἁγίαν

2307 3328 2602 3400 Παρθένον.
2648 3324 3055 3380 Πεπιστεύκασι
3112 3323 3221 3397 γὰρ
3274 3326 3355 3378 ὅτι
3409 3324 3761 3396 σαρκωθέντα
3809 3327 3902 3379 καὶ

2308 3420 2811 3490 ὲνανθρωπήσαντα
2842 3419 3143 3487 γεγέννηκε
3187 3418 3277 3471 τὸν
3328 3419 3478 3480 Υίὸν,
3523 3419 3614 3471 τὸν
3645 3418 3711 3471 δι’
3739 3410 3801 3471 οῦ
3834 3419 3903 3471 τὰ

2311 3512 2491 3565 πάντα
2532 3511 2833 3581 πεποίηκεν
2876 3512 2904 3564 ὁ
2949 3511 3161 3580 Πατήρ.
3210 3509 3269 3562 Ὀ
3302 3510 3359 3562 δὲ
3418 3509 3527 3561 τῶν
3577 3509 3711 3561 νέων
3774 3511 3905 3579 ἡμῖν

2310 3604 2634 3674 δυσφημιῶν
2714 3603 2944 3674 εὑρετὴς
3016 3602 3314 3672 Νεστόριος
3364 3602 3540 3671 τοιᾷδε
3602 3602 3908 3672 μαχόμενος

2312 3695 2465 3767 δόξῃ,
2494 3693 2942 3764 κατακιόδηλεῦει
2975 3693 3072 3763 μὲν
3096 3692 3120 3731 ἀ
3154 3693 3229 3757 ὡς
3255 3693 3354 3747 οὐκ
3385 3689 3555 3747 οὖσαν
3588 3693 3773 3764 ἀληθῆ
3806 3696 3907 3766 τὴν

2319 3790 2582 3852 Θεότοκος
2623 3790 2840 3860 φωνήνο
2878 3788 2981 3858 ἔφη
3050 3787 3108 3839 δὲ
3152 3786 3353 3850 οὕτως’
3394 3785 3705 3858 Ἦρώτησα,
3739 3790 3907 3858 φησὶ,

2317 3881 2577 3943 πολλάκις
2617 3880 2841 3942 αὐτούς’
2878 3878 2989 3949 Τήν
3020 3878 3260 3945 Θεότητα
3310 3877 3495 3945 λέγετε
3546 3878 3909 3949 γεγεννῆσθαι

2319 3975 2383 4025 ὲκ
2402 3974 2501 4044 τῆς
2529 3955 2806 4043 μακαρίας
2833 3970 3111 4041 Παρθένου
3140 3988 3153 4035 ;
3188 3969 3568 4038 Ἀποπηδῶσιν
3588 3969 3751 4034 εὐθὺς
3775 3972 3912 4041 πρὸς

2319 4062 2380 4114 τὸ
2408 4062 2580 4131 ῥῆμα·
2607 4052 2850 4127 Καντίς,
2881 4062 3035 4131 φησὶ,
3060 4060 3331 4131 τοσαύτην
3360 4058 3713 4130 βλασφημίαν
3742 4062 3910 4125 νοσεῖ,

2320 4152 2395 4215 ὼς
2424 4153 2640 4224 ἐκείνην
2667 4154 2768 4222 τὴν
2797 4155 3137 4222 γεννήσασαν
3165 4153 3256 4206 τὸν
3281 4152 3409 4206 ναὸν
3432 4152 3613 4221 λέγειν
3638 4152 3791 4222 παρά
3819 4153 3913 4206 τοῦ

2324 4240 2642 4311 Πνεύματος
2674 4242 2764 4295 τὸν
2794 4243 2927 4297 Θεὸν
2957 4245 3013 4296 έν
3048 4244 3233 4317 ἐκείνῃ
3258 4243 3507 4297 ἐκτίσθαι
3533 4255 3591 4309 ος
3629 4240 3761 4297 Εἶτα
3786 4246 3916 4299 ὅταν

2326 4334 2697 4403 ὲπαγάγωμεν
2724 4333 2767 4372 ί·
2797 4335 2860 4387 Τί
2892 4330 2985 4387 οὖν
3014 4335 3215 4388 ἄτοπον
3260 4337 3422 4405 ἡμεῖς
3462 4334 3717 4405 λέγομεν,
3777 4353 3917 4406 συμ-

2327 4423 2676 4487 ϐουλεύοντες
2715 4426 2909 4492 φυγεῖν
2946 4425 3045 4496 τὴν
3077 4425 3280 4496 φωνὴν,
3311 4425 3405 4479 καὶ
3435 4425 3691 4497 ἔρχεσθαι
3723 4428 3819 4480 ἐπὶ
3856 4427 3917 4481 τὸ

2328 4516 2504 4570 κοινὸν
2555 4516 2955 4587 σημαινόμενον
2998 4518 3108 4571 τῶν
3141 4517 3235 4572 δύο
3276 4519 3532 4587 φύσεων;
3574 4519 3709 4573 Τότε
3757 4522 3913 4591 νομί-

2326 4604 2477 4670 ζεται
2510 4606 2723 4670 ἑαυτοῖς
2754 4603 2891 4659 εἶναι
2930 4606 3249 4678 βλάσφημον
3275 4611 3337 4663 τὸ
3364 4608 3772 4679 λεγόμενον’“Ὴ
3793 4613 3919 4682 ὁμο-

2324 4696 2558 4767 λόγησον
2611 4700 2799 4767 σαφῶς
2830 4700 3060 4770 θεότητα
3097 4701 3456 4771 γεγεννῆσθαι
3488 4705 3553 4755 ἐκ
3598 4704 3696 4774 τῆς
3732 4720 3917 4774 μακα-

2330 4787 2450 4858 ρίας
2490 4788 2730 4857 Μαρίας,
2774 4789 2807 4858 ἦ
2843 4790 3057 4857 φεύγων
3094 4790 3417 4861 βλάσφημον
3463 4793 3563 4863 τὴν
3612 4792 3821 4864 φωνὴν,
3866 4797 3917 4848 τί

2325 4878 2499 4934 ταῦτά
2536 4897 2627 4949 μοι
2665 4880 2860 4948 λέγων,
2891 4881 3161 4953 ὑποκρίνῃ
3198 4884 3273 4953 μὴ
3297 4882 3515 4950 λέγειν;
3550 4885 3918 4953 Περιστάντος

2326 4970 2501 5025 τοίνυν
2534 4971 2766 5037 ἐκείνου,
2805 4973 3004 5041 μᾶλλον
3029 4973 3086 5025 δὲ
3120 4975 3506 5038 ἀναπείθοντος
3533 4974 3768 5038 ἀνοσίως
3792 4979 3918 5040 τοὺς

2327 5061 2590 5115 Θεοτόκον
2624 5062 2881 5129 λέγοντας
2906 5064 3006 5136 τὴν
3038 5064 3313 5136 Παρθένον
3352 5067 3434 5127 εἰς
3474 5066 3533 5118 τὺ
3571 5067 3679 5119 δεῖν
3723 5067 3916 5135 ὁμολο-

2326 5156 2441 5223 γεῖν
2477 5154 2679 5225 σαρκὸς
2730 5155 2984 5222 γενέσθαι
3019 5157 3230 5227 καρπὸν
3269 5158 3484 5228 γυμνήν
3517 5175 3575 5211 τε
3615 5158 3712 5213 καὶ
3748 5177 3916 5213 κατα-

2330 5245 2496 5316 μόνας
2542 5246 2639 5316 τὴν
2672 5247 2925 5317 θεότητος
2970 5248 3151 5317 φύσιν,
3199 5248 3289 5302 καὶ
3332 5250 3431 5320 τῆς
3475 5249 3769 5321 ὑπάρξεως
3822 5250 3915 5321 τὴν

2327 5338 2503 5409 ἀρχὴν
2542 5340 2605 5392 ἐκ
2641 5340 2898 5407 γυναικὸς
2944 5341 3234 5411 ἐσχηκέναι
3278 5340 3373 5409 τὸν
3412 5342 3504 5395 τοῦ
3547 5341 3684 5395 Θεοῦ
3722 5342 3909 5411 Λόγον,

1694 5664 1866 5723 Varia:
1893 5667 2158 5726 lectiones
2181 5685 2245 5727 cx
2270 5669 2457 5725 codice
2482 5668 2853 5741 chuieriano.

721 5823 752 5866 δ
778 5822 1168 5894 συμϐάλωμεν.
1248 5833 1269 5861 ε
1303 5824 1523 5878 νοεῖται.
1600 5822 1626 5863 ά
1662 5825 1782 5879 κατ’
1820 5825 1985 5879 αὐτοῦ
2021 5819 2327 5887 meamea
2354 5824 2479 5880 μέν.
2559 5834 2583 5861 ε
2609 5822 2907 5877 κεκτίσθαι.
2988 5817 3008 5861 ί
3043 5819 3327 5891 ἐπαγάγω.
