4078 6348
191 408 290 464 521

804 400 1338 460 APOLOGETICUS
1378 401 1514 457 PRO
1555 400 1649 456 Xll
1689 395 2059 456 CAPITIBUS
2097 400 2374 458 CONTRA
2417 399 2877 459 ORIENTALES.

3365 404 3472 460 529.

189 523 558 593 πληροφορεῖν
600 520 898 583 ἐθέλοντες,
936 521 1018 572 ὅτι
1048 522 1145 582 τῆς
1189 519 1403 571 τοιᾶσδε
1430 517 1584 589 δόξης
1620 517 1763 571 ἁλλό-

1882 518 2017 571 rissc
2085 519 2318 573 dicimus
2372 520 2464 574 Dei
2520 520 2754 577 Verbum
2808 519 3106 576 secundum
3160 518 3475 590 Scripturas

186 631 328 683 τριοι
375 611 658 675 παντελῶς
693 611 1157 683 καθεστήκαμεν·”
1182 611 1244 663 οὑ
1284 612 1392 682 γὰρ
1443 611 1586 665 οὑτω
1618 610 1775 680 λελη-

191 707 464 775 ρήκαμεν,
512 703 588 766 ὡς
634 701 852 755 ἑλέσθαι
906 704 1124 773 φρονεῖν
1161 704 1291 774 παρ’
1318 702 1346 754 ὂ
1391 702 1471 754 δεῖ
1517 705 1773 772 φρονεῖν’

185 797 475 848 ἀποτεκεῖν
496 794 707 866 ἔφημεν
726 793 825 864 τὴν
848 794 1123 864 Παρθένον
1146 794 1324 865 σάρκα
1346 794 1610 862 γεγονότα
1636 795 1779 847 κατά

186 886 285 949 τάς
316 887 538 957 Γραφὰς
565 886 658 939 τὸν
703 885 797 939 τοῦ
843 884 981 938 Θεοῦ
1020 886 1213 954 Λόγον,
1244 886 1525 940 τουτέστιν
1571 886 1780 957 ἄνθρω-

185 995 322 1031 πονο
354 979 644 1031 ἀποτεκεῖν
687 977 744 1031 δὲ
779 978 942 1032 αὑτὸν
991 980 1305 1051 σαρκικῶς,
1356 978 1602 1031 τουτέστι
1639 979 1779 1031 κατά

188 1070 370 1142 σάρκα
392 1087 404 1100 ’
432 1073 461 1124 ό
493 1071 591 1141 μὲν
624 1070 734 1143 γὰρ
764 1069 897 1136 Θεὸς
956 1073 1051 1126 καὶ
1084 1071 1274 1142 Πατὴρ
1301 1071 1496 1135 θεῖκῶς
1527 1071 1779 1142 γεγέννη-

185 1181 284 1217 κεν
314 1163 375 1228 ὲξ
402 1162 569 1217 αὑτοῦ
605 1163 740 1216 Θεὸν
782 1164 912 1217 ὄντα
954 1164 1047 1218 τὸν
1090 1165 1212 1218 Υἱόν
1235 1181 1246 1193 ·
1279 1165 1468 1235 ἐπειδὴ
1500 1165 1557 1217 δὲ
1587 1164 1647 1217 τὸ
1682 1181 1776 1233 γε-

185 1256 519 1328 γεννημένον
547 1257 610 1310 ἐκ
644 1256 744 1326 τῆς
774 1257 1000 1327 σαρκὸς,
1042 1257 1179 1327 σάρξ
1207 1259 1347 1321 ἐστι,
1379 1257 1708 1327 γεγέννηκεν
1744 1256 1778 1326 ἡ

187 1347 488 1419 Παρθένος,
508 1348 584 1412 ὡς
616 1347 755 1420 σάρξ
785 1349 1124 1421 ὑπάρχουσα,
1153 1349 1430 1420 σαρκικῶς
1450 1367 1462 1378 ·
1483 1349 1545 1403 τὸ
1565 1351 1620 1402 δὲ
1647 1367 1779 1420 σαρ-

186 1441 360 1504 γικῶς
389 1440 700 1506 είπεῖν,οὑκ
733 1440 1084 1510 ἁναιροῦντός
1109 1443 1225 1494 ἐστι
1256 1442 1357 1512 τῆς
1382 1443 1690 1512 γεννήσεως
1716 1443 1778 1494 τὸ

185 1529 513 1601 παράδοξον,
543 1529 664 1583 οὔτε
693 1529 801 1600 μὴν
837 1530 1237 1601 ἀνατρέποντος
1279 1531 1371 1584 τοῦ
1406 1533 1568 1600 ἁγίου
1606 1532 1778 1585 Πνεῦ-

185 1639 358 1692 ματος
395 1623 494 1694 τὴν
535 1622 855 1696 ἐνέργειαν,
906 1623 972 1677 δι’
1003 1619 1072 1696 ἦς
1117 1625 1176 1676 ἐν
1213 1625 1395 1694 μήτρᾳ
1427 1623 1682 1677 διέπλασε
1717 1625 1779 1677 τὸ

179 1713 408 1784 τεχθέν·
443 1714 786 1779 διδάσκοντος
814 1714 874 1768 δὲ
914 1715 1139 1785 μᾶλλον,
1181 1716 1264 1768 ὅτι
1308 1715 1498 1786 ὥσπερ
1531 1715 1665 1779 Θεὸς
1696 1715 1779 1768 τί·

179 1823 307 1860 κτει
339 1806 559 1872 θεῖκῶς,
593 1808 712 1878 ἦτοι
745 1807 1070 1879 θεοπρεπῶς
1109 1808 1251 1862 κατά
1284 1807 1382 1879 τὴν
1415 1807 1551 1862 ίδίαν
1588 1807 1772 1878 φύσιν,

1882 622 2104 662 carnem
2140 609 2363 673 factum,
2395 610 2497 665 hoc
2520 620 2622 677 cst,
2654 611 2961 675 hominem;
2989 609 3262 678 peperisse
3289 613 3469 663 autem

1882 698 2030 753 illum
2073 702 2390 764 carnaliter,
2425 703 2528 757 hoc
2563 711 2668 768 est,
2719 701 3015 756 secundum
3043 715 3285 754 carnem.
3332 699 3467 753 Nam

1884 791 2023 846 Deus
2063 801 2120 846 et
2165 792 2327 846 Pater
2372 796 2666 848 secundum
2704 794 3044 848 divinitatem
3081 793 3266 862 genuit
3311 806 3376 845 cx
3417 807 3476 847 se

1885 881 2053 936 Deum
2104 885 2460 939 exsistcntetn
2511 885 2728 939 Filium.
2785 885 3052 950 Quoniam
3104 894 3283 936 autem
3331 883 3474 952 quod

1883 984 2065 1030 natum
2114 986 2197 1030 est
2233 993 2301 1031 ex
2346 993 2528 1042 carne,
2576 993 2704 1031 caro
2735 989 2817 1031 est
2844 977 2925 1042 ‘9;
2976 978 3162 1047 genuit
3195 975 3383 1045 Virgo,
3419 983 3478 1030 ut

1880 1082 2009 1121 caro
2044 1068 2336 1130 cxsistens,
2374 1068 2686 1122 carnaliter.
2714 1067 3024 1123 Carnaliter
3059 1080 3243 1121 autem
3267 1068 3471 1129 dicere,

1883 1174 1988 1213 non
2035 1170 2117 1213 cst
2171 1160 2413 1215 tollentis
2460 1159 2836 1214 admirabilem
2889 1159 3248 1223 nativitatem,
3302 1174 3476 1228 neque

1882 1251 2177 1305 evertentis
2243 1251 2480 1320 Spiritus
2541 1252 2715 1305 sancti
2784 1254 3191 1321 operationem,
3252 1265 3356 1319 qua
3419 1252 3470 1303 in

1882 1353 2035 1396 utero
2075 1343 2330 1398 formavit
2369 1354 2588 1414 partum
2633 1361 2646 1398 :
2691 1345 2784 1398 sed
2829 1344 3074 1398 docentis
3115 1344 3295 1412 potius
3330 1343 3477 1413 quod

1880 1435 2022 1490 sicut
2052 1436 2191 1490 Detts
2216 1437 2387 1508 gignit
2417 1437 2622 1498 divine,
2657 1437 2757 1489 hoc
2787 1446 2891 1501 est,
2928 1438 3086 1504 digne
3127 1437 3234 1490 Deo
3273 1449 3475 1489 secun-

1881 1525 2005 1578 dum
2048 1540 2201 1578 suam
2245 1537 2532 1589 naturam;
2583 1525 2736 1595 161
2783 1525 2853 1578 ita
2895 1534 2950 1579 et
3005 1527 3166 1579 homo
3217 1525 3472 1591 humane,

1884 1617 1984 1669 hoc
2046 1628 2160 1679 est,
2208 1631 2337 1670 caro
2383 1618 2697 1672 carnaliter.
2764 1615 2909 1671 Deus
2963 1625 3141 1672 autem
3203 1617 3474 1671 exsistcns

1879 1709 2173 1762 secundum
2209 1718 2454 1763 naturam
2487 1708 2756 1775 Verbutn,
2795 1709 3042 1777 quamvis
3072 1723 3202 1764 caro
3246 1708 3474 1773 factum,

1882 1800 2062 1855 divine
2088 1802 2386 1869 processit,
2423 1802 2525 1857 hoc
2555 1810 2673 1866 est,
2700 1810 2758 1855 ut
2790 1801 2947 1856 decet
2966 1815 3088 1856 eum
3115 1840 3130 1866 ,
3160 1801 3249 1868 qui
3276 1815 3471 1854 secun-

179 1899 329 1953 οῦτω
366 1901 461 1954 καὶ
503 1900 792 1972 ἄνθρωπος
823 1898 1200 1970 ἀνθρωπίνως,
1235 1899 1354 1970 ἦτοι
1395 1899 1533 1971 σὰρξ
1581 1917 1772 1972 σαρκι-

1879 1893 2004 1947 dum
2041 1894 2322 1950 veritatem
2347 1904 2431 1949 est
2452 1893 2611 1949 Deus.
2649 1893 2807 1950 Solus
2837 1894 2981 1949 enim
3015 1892 3208 1947 habuit
3239 1901 3470 1947 matrem

179 1991 322 2055 κῶς.
371 1992 502 2056 Θεὸς
531 1993 586 2045 δὲ
619 1991 696 2046 ὣν
728 1989 872 2044 κατά
921 1989 1083 2060 φύσιν
1131 1993 1160 2044 ό
1209 1990 1404 2058 Λόγος,
1433 1991 1550 2061 ἦτοι
1584 1993 1608 2029 ε
1633 1990 1772 2060 σὰρξ

177 2083 448 2153 γεγονὼς,
475 2085 711 2156 προῆλθε
744 2084 1086 2156 θεοπρεπῶς,
1107 2086 1406 2150 τουτέστιν,
1441 2085 1516 2149 ὡς
1542 2086 1607 2140 ἂν
1642 2086 1772 2157 πρέ-

179 2193 278 2229 ποι
307 2174 389 2244 τῷ
418 2192 481 2243 γε
514 2177 628 2228 δντι
658 2176 802 2230 κατὰ
834 2176 935 2247 τὴν
977 2176 1238 2248 ἀλήθειαν
1267 2177 1407 2248 Θεῷ,
1451 2178 1625 2240 Μόνος
1663 2179 1772 2250 γὰρ

178 2270 310 2339 ἔσχε
347 2267 563 2340 μητέρα
613 2267 712 2339 τὴν
743 2268 1154 2341 ἀπειρόγαμον,
1188 2269 1280 2323 καὶ
1311 2272 1580 2341 τετήρηκε
1631 2287 1774 2341 παρ-

181 2359 341 2412 θένον
375 2361 474 2432 τὴν
504 2358 772 2414 τεκοῦσαν
801 2360 965 2414 αὑτὸν
992 2360 1133 2414 κατὰ
1158 2361 1358 2431 σάρκα.
1386 2361 1664 2430 Θαυμὰζω
1693 2362 1768 2429 δὲ,

181 2453 269 2504 ὃτι
312 2451 581 2504 Θεοτόκον
610 2451 896 2516 ὀκνοῦντες
919 2454 1097 2506 εἰπεῖν
1123 2453 1223 2524 τὴν
1262 2453 1424 2522 ἁγίαν
1472 2455 1770 2525 Παρθένον,

179 2541 510 2612 θεοπρεπῶς
537 2542 701 2596 αὑτὸν
737 2543 1101 2613 γεγεννῆσθαί
1135 2561 1300 2612 φασιν
1327 2546 1378 2598 ιι.
1413 2546 1485 2598 Οὑ
1531 2545 1639 2617 γὰρ
1680 2547 1774 2599 ἄν·

180 2636 407 2706 θρωπος
451 2635 631 2699 κοινὸς
668 2635 911 2691 τίκτεται
945 2636 1285 2706 θεοπρεπῶς.
1326 2636 1484 2707 Δῶρα
1514 2637 1570 2690 δὲ
1609 2656 1775 2708 προσ-

179 2729 513 2800 κεκομίσθαι
547 2729 681 2798 φασὶ
708 2728 860 2800 παρὰ
895 2728 1004 2782 τῶν
1039 2729 1231 2799 μάγων
1258 2728 1329 2782 τὰ
1355 2731 1642 2801 πρόσφορα
1679 2730 1774 2784 καὶ

177 2815 259 2885 τῷ
286 2817 583 2888 νοουμένῳ,
609 2818 704 2872 καὶ
738 2817 817 2888 τῷ
847 2818 1180 2888 φαινομένῳ,
1207 2817 1544 2890 διαιροῦντες
1573 2821 1654 2882 είς
1680 2819 1774 2873 δύο

179 2902 243 2972 δὴ
272 2901 440 2956 πάλιν
468 2902 605 2973 μετά
627 2905 726 2975 τὴν
751 2904 947 2958 ἕνωσιν
976 2906 1068 2960 τὸν
1104 2905 1310 2979 Κύριον
1340 2909 1356 2947 ί
1398 2908 1605 2978 Ἰησοῦν
1635 2909 1772 2979 Χρι-

181 2994 314 3046 στόν
333 3010 347 3024 ·
378 2993 410 3046 ό
441 2994 550 3066 γὰρ
581 2994 874 3066 νοοὺμενος
912 2997 1139 3065 γέγονεν
1169 3001 1364 3069 ὁρατὸς
1409 3001 1469 3054 οὑ
1503 3000 1770 3072 μεταϐολῇ

179 3086 424 3155 φύσεως,
455 3085 570 3140 ἀλλ’
597 3085 788 3140 ἑνώσει
812 3089 876 3158 τῇ
910 3088 1046 3157 πρὸς
1077 3088 1136 3141 τὸ
1162 3089 1436 3160 ὁρώμενον
1460 3092 1638 3161 σῶμα.
1662 3095 1772 3146 Καὶ

179 3176 318 3245 γοῦν
363 3178 664 3242 αὐτόπτας,
707 3179 803 3231 καὶ
854 3179 1132 3250 ὑπηρέτας
1175 3181 1426 3248 γενέσθαι
1463 3182 1557 3235 τοῦ
1595 3183 1769 3251 Λόγου

1875 1986 2091 2055 nuptias
2136 2001 2244 2041 non
2277 1996 2598 2056 expertam;
2638 1994 2694 2041 et
2741 1985 2979 2041 servavit
3013 1985 3278 2054 virginem
3325 1999 3465 2052 eam,

1878 2091 1999 2146 quae
2051 2076 2225 2145 ipsum
2277 2076 2488 2146 peperit
2546 2075 2842 2130 secundum
2897 2089 3139 2130 carnem.
3210 2075 3472 2130 Admiror

1871 2176 2072 2232 autem,
2101 2167 2241 2236 quod
2268 2182 2372 2223 non
2401 2166 2663 2222 audentes
2693 2166 2875 2221 dicere
2905 2174 3156 2221 sanctam
3189 2163 3469 2234 Virginem

1874 2257 1964 2312 Dei
2000 2258 2350 2323 Genitricem,
2378 2273 2500 2314 cum
2525 2257 2636 2312 Deo
2665 2257 2826 2328 digne
2855 2255 3032 2326 ipsum
3069 2269 3189 2308 esse
3221 2253 3461 2322 genitum

1873 2346 2127 2401 fatentur.
2183 2345 2300 2401 Non
2335 2349 2477 2401 enim
2520 2348 2682 2401 homo
2726 2344 3034 2400 communis
3079 2343 3315 2413 gignitur
3362 2343 3472 2396 Deo

1871 2440 2051 2508 digne.
2077 2438 2222 2493 Dona
2255 2453 2382 2493 vero
2411 2437 2573 2492 allata
2606 2451 2727 2492 esse
2756 2435 2945 2491 dicunt
2976 2448 3038 2489 ac
3070 2433 3242 2504 magis
3276 2447 3472 2487 conve-

1873 2531 2076 2586 nientia
2103 2541 2153 2584 et
2180 2531 2230 2586 ei
2269 2531 2358 2597 qui
2388 2529 2823 2599 intelligebatur,
2849 2535 2906 2581 et
2941 2527 2991 2582 ei
3017 2527 3111 2596 qui
3163 2524 3469 2591 videbatur,

1873 2622 2174 2677 dividentes
2216 2625 2267 2676 in
2294 2626 2427 2677 duos
2467 2623 2658 2676 iterum
2693 2631 2816 2692 post
2842 2621 3147 2676 unitionem
3187 2620 3471 2674 Dominum

1873 2723 2118 2770 nostrum
2154 2713 2335 2770 Jesum
2358 2714 2659 2770 Christum.
2707 2711 2809 2780 Qui
2839 2715 2984 2769 enim
3011 2712 3360 2781 intelligitur,
3389 2709 3470 2764 fa-

1873 2812 1993 2860 ctus
2025 2816 2111 2860 est
2152 2806 2382 2862 visibilis
2421 2821 2527 2861 non
2558 2805 2931 2860 immutatione
2961 2813 3186 2867 naturae,
3224 2805 3318 2857 sed
3350 2802 3472 2857 uni-

1874 2895 2017 2949 tione
2033 2909 2154 2949 cum
2173 2909 2416 2962 corpore,
2442 2895 2583 2964 quod
2609 2895 2910 2950 videbatur.
2936 2893 3002 2948 Et
3033 2902 3180 2949 certe
3204 2901 3474 2961 spectato-

1873 3000 1960 3040 res
1978 2985 2320 3040 etministros
2345 2985 2514 3040 fuisse
2543 2984 2700 3040 Verbi
2741 2996 2959 3040 sanctos
2991 2985 3136 3053 ipsos
3169 2983 3466 3053 apostolos,

1873 3092 2026 3131 sacra
2047 3077 2323 3145 Scriptura
2351 3078 2587 3132 ostendit
2606 3078 2651 3109 "°
2683 3093 2696 3128 :
2731 3078 2979 3147 quamvis
2999 3077 3084 3131 cui
3113 3091 3217 3130 non
3245 3073 3470 3130 manife-

1873 3177 2014 3222 stum
2040 3177 2142 3232 est,
2163 3170 2307 3238 quod
2332 3169 2727 3237 incorporeum,
2757 3183 2819 3223 ac
2840 3167 3174 3238 intangibile,
3201 3177 3256 3222 et
3275 3165 3469 3220 invisi-

178 3240 311 3333 τοὺς
348 3270 538 3339 ἁγίους
572 3240 1018 3336 ἀποστόλους,
1049 3240 1292 3342 Γράμμα
1331 3274 1464 3344 φησὶ
1496 3275 1555 3326 τὸ
1591 3240 1732 3345 ἱερόν
1758 3291 1770 3303 ·

1879 3259 1983 3314 bile
2007 3261 2074 3315 sit
2095 3261 2270 3330 ipsum
2296 3260 2387 3315 Dei
2412 3259 2592 3315 Patris
2624 3259 2901 3315 Verbum?
2933 3260 3093 3330 Atqui
3130 3259 3350 3313 invenio
3381 3259 3464 3311 di-

178 3362 363 3416 καίτοι
393 3363 510 3427 πῶς
539 3363 602 3416 οὑ
630 3365 808 3434 πάντη
837 3364 899 3418 τὸ
925 3365 1094 3434 σαφὲς
1119 3375 1165 3428 1,
1217 3365 1290 3428 ὡς
1316 3365 1460 3418 ἔστιν
1485 3366 1774 3438 ἀσώματός

177 3470 239 3505 τε
273 3453 370 3506 καὶ
405 3454 640 3524 ἀναφὴς,
679 3455 775 3507 καὶ
821 3456 1056 3525 ἀόρατος
1094 3458 1122 3509 ὁ
1151 3457 1214 3508 ἐκ
1246 3457 1380 3510 Θεοῦ
1419 3459 1632 3530 [ἰατρὸς
1672 3459 1775 3511 Λό-

179 3561 316 3612 γος;
360 3544 502 3596 Ἀλλ’
537 3545 779 3616 εὑρίσκω
831 3546 1090 3613 λέγοντας
1137 3548 1263 3610 τοὺς
1306 3548 1493 3612 ἁγίους
1538 3549 1773 3600 ἀποστό-

179 3635 340 3698 λους·
386 3653 404 3685 ι
437 3636 502 3687 Ὃ
534 3631 603 3706 ἦν
651 3635 745 3688 ἀπ’
778 3636 975 3707 ἀρχῆς,
1008 3635 1035 3688 ὃ
1077 3636 1418 3705 ἀκηκόαμεν,
1449 3637 1476 3688 ὃ
1522 3638 1774 3705 ἑωράκα-

181 3725 372 3795 μενηὸ
419 3725 772 3796 ἐθεασάμεθα
807 3729 919 3789 τοῖς
971 3727 1269 3796 ὀφθαλμοῖς
1322 3728 1478 3798 ἡμῶν
1509 3771 1522 3792 ,
1570 3729 1663 3781 καὶ
1716 3731 1774 3782 αἱ

175 3819 366 3888 χεῖρες
392 3817 424 3888 ὴ
435 3816 551 3887 μῶν
581 3817 942 3889 ἐψηλάφησαν
967 3819 1095 3889 περὶ
1129 3816 1223 3869 τοῦ
1246 3819 1418 3886 Λόγου
1445 3818 1542 3887 τῆς
1573 3819 1768 3889 ζωῆς.»

179 3908 481 3978 Ιῐρόσφορα
504 3908 687 3962 τοίνυν
719 3909 787 3962 τὰ
825 3909 974 3982 δῶρα
1003 3909 1082 3979 τῷ
1112 3910 1210 3972 ἐνὶ,
1246 3909 1492 3961 τουτέστι
1531 3909 1608 3980 τῷ
1639 3911 1774 3982 Χρι-

178 3998 295 4070 στῷ
318 4016 330 4028 ·
357 4000 452 4053 καὶ
487 4001 594 4072 γάρ
629 4002 778 4054 ἐστιν
811 4003 870 4056 ἐν
916 4000 1100 4070 ταυτῷ
1127 4001 1260 4064 Sed;
1294 4018 1350 4053 τε
1384 4000 1520 4072 ὁμοῦ
1554 4003 1647 4054 καὶ
1680 4002 1773 4055 ἁν-

179 4093 406 4164 θρωπος
438 4095 466 4145 ὁ
513 4094 697 4157 αὑτός.
747 4093 1016 4166 Ταύτῃτοι
1068 4092 1354 4163 τεχθέντος
1398 4093 1565 4148 αὑτοῦ
1613 4112 1772 4167 χορο-

176 4184 402 4239 στασίαι
438 4185 538 4255 μὲν
578 4180 720 4256 ἦσαν
764 4185 878 4237 τῶν
919 4185 1090 4254 ἁγίων
1128 4185 1396 4254 ἀγγέλων,
1435 4189 1683 4257 στρατιαὶ
1713 4188 1773 4241 δὲ

175 4275 532 4345 πνευμάτων,
571 4277 800 4347 Σωτῆρα
843 4277 937 4329 καὶ
964 4277 1258 4347 Λυτρωτὴν
1287 4276 1552 4346 λεγόντων
1585 4279 1768 4332 αὐτόν.

187 4364 412 4436 Ἐπειδὴ
445 4367 503 4419 δὲ
554 4365 648 4418 τοῦ
691 4365 1080 4434 εὐαγγελιστοῦ
1132 4365 1408 4435 λέγοντος’
1450 4387 1467 4418 ι
1508 4368 1564 4421 Ὀ
1597 4369 1771 4437 Λόγος

173 4458 328 4529 σὰρξ
368 4459 607 4526 ἐγένετο,
643 4477 660 4507 ι
695 4458 929 4510 δεδιέναι
985 4458 1140 4526 φασὶ,
1195 4457 1271 4527 μὴ
1325 4458 1431 4531 ἄρα
1482 4477 1623 4524 πως,
1676 4459 1770 4513 τοῦ

1877 3363 2062 3409 centes
2091 3363 2312 3408 sanctos
2339 3353 2611 3424 apostolos
2638 3371 2650 3406 :
2684 3372 2701 3404 ι
2728 3352 2880 3420 Quod
2906 3352 3005 3406 fuit
3027 3354 3094 3406 ab
3117 3352 3268 3406 initio
3287 3393 3302 3419 ,
3325 3351 3468 3420 quod

1877 3445 2202 3510 audivimus,
2238 3446 2382 3517 quod
2410 3445 2645 3500 vidimus
2670 3484 2684 3510 ,
2715 3445 2859 3513 quod
2897 3444 3270 3515 perspeximus
3291 3443 3468 3498 oculis

1879 3541 2096 3602 nostris,
2118 3541 2256 3606 quod
2276 3555 2465 3593 manus
2485 3546 2682 3592 nostra:
2706 3546 3180 3592 contrectaverunt
3204 3535 3271 3591 de
3286 3533 3466 3591 Verbo

1876 3629 2000 3682 vita:
2034 3629 2101 3681 δί.
2167 3646 2185 3678 ›
2233 3626 2620 3682 Convenientin
2691 3627 2855 3696 igitur
2918 3625 3140 3680 fuerunt
3181 3625 3316 3679 dona
3373 3624 3464 3679 illa

1877 3721 1966 3774 uni
1989 3764 2002 3784 ,
2036 3722 2135 3775 hoc
2161 3731 2244 3775 cst
2263 3721 2499 3776 Christo.
2552 3719 2763 3774 Etenim
2791 3727 2872 3773 est
2897 3718 3100 3785 pariter
3128 3715 3269 3772 Deus
3295 3718 3459 3772 simul

1876 3824 1929 3868 ct
1955 3814 2114 3867 homo
2149 3813 2311 3867 idem.
2361 3810 2472 3867 llac
2505 3812 2714 3866 ratione
2737 3819 2864 3865 nato
2898 3810 3016 3879 ipso
3046 3809 3198 3864 chori
3232 3809 3453 3878 quidem

1876 3905 2188 3959 cecinerunt
2224 3914 2535 3959 sanctorum
2562 3902 2898 3972 angelorum,
2939 3901 3212 3954 exercitus
3243 3914 3461 3970 quoque

1874 3997 2158 4066 spirituum
2178 3995 2469 4050 dicentium
2494 3996 2670 4063 ipsum
2690 3994 3026 4048 Salvatorem
3053 4009 3116 4048 ac
3137 3993 3461 4063 Redempto-

1874 4107 2010 4146 rem.
2052 4090 2185 4156 Quia
2218 4103 2379 4156 porro
2404 4103 2526 4143 cum
2553 4087 2887 4158 evangelista
2926 4087 3073 4142 dicat
3107 4103 3121 4141 :
3158 4106 3176 4139 ι
3223 4087 3462 4142 Verbum

1874 4195 2000 4236 caro
2028 4180 2227 4234 factum
2252 4188 2357 4246 est;
2399 4197 2416 4229 ι
2452 4177 2748 4233 fortnidare
2774 4192 2832 4232 se
2854 4177 3059 4241 dicunt,
3084 4191 3172 4241 ne,
3204 4178 3247 4232 si
3275 4177 3461 4240 dictio,

1882 4291 1899 4324 ι
1931 4273 2154 4328 Factum
2176 4283 2283 4336 est,
2319 4290 2337 4321 ι
2365 4272 2636 4341 propriam
2655 4269 3462 4338 servetsigniﬁcationem,ver-

1875 4366 1956 4421 sio
1984 4366 2226 4435 quaedam
2263 4363 2594 4433 intelligatur
2646 4364 2790 4415 circa
2823 4361 3068 4414 divinam
3095 4358 3259 4414 Verbi
3292 4369 3453 4414 natu-

1877 4475 1990 4512 ram
2024 4457 2189 4511 fuisse
2222 4473 2237 4521 ;
2272 4455 2433 4509 laudo
2493 4455 2708 4523 quidem
2758 4463 2995 4516 metum,
3050 4452 3219 4505 miror
3254 4462 3458 4516 autem,

177 4572 195 4601 ι
229 4551 456 4619 ἐγένετο
484 4570 502 4602 ς
538 4550 634 4621 τὴν
691 4551 826 4603 ἰδίαν
863 4549 1128 4614 σώζοντος
1158 4549 1412 4617 δήλωσιν,
1446 4551 1645 4620 τρόπος
1685 4569 1769 4617 τις

1876 4551 2013 4618 quod
2038 4557 2295 4602 caventes
2335 4546 2625 4599 dictionem
2649 4584 2665 4607 ,
2698 4557 2988 4611 veramque
3013 4551 3065 4595 et
3089 4542 3456 4596 necessariam

173 4643 354 4693 νοοῖτο
414 4640 543 4710 περ)⁵
589 4639 683 4709 τὴν
725 4639 876 4693 θείαν
907 4638 998 4692 τοῦ
1051 4639 1228 4706 Λόγου
1281 4638 1532 4706 γενέσθαι
1568 4639 1763 4708 φύσιν·

172 4729 388 4782 ἐπαινῶ
427 4730 526 4800 μὲν
550 4729 610 4782 τὸ
647 4729 810 4800 δεῖμα
830 4773 844 4797 ,
879 4728 1145 4800 θαυμάζω
1167 4729 1246 4793 δὲ,
1272 4729 1352 4782 ὅτι
1394 4731 1767 4800 παραιτούμε-

171 4838 253 4873 νοι
303 4821 402 4891 τὴν
445 4820 611 4884 λέξιν,
649 4821 745 4891 τὴν
785 4820 962 4891 ἀληθῆ
1002 4838 1062 4872 τε
1105 4820 1200 4873 καὶ
1256 4820 1564 4888 ἀναγκαίαν
1592 4821 1766 4891 δήλω-

173 4929 284 4972 σιν,
318 4911 460 4963 οὑτω
489 4912 744 4978 γενέσθαι
771 4915 904 4982 φασὶ
949 4914 1126 4985 σάρκα
1159 4914 1249 4967 τὸν
1285 4916 1476 4982 Λόγον,
1509 4916 1585 4979 ὡς
1615 4917 1681 4968 ἂν
1716 4918 1764 4969 εί

169 5005 390 5072 λέγοιτο
423 5002 675 5070 γενέσθαι
723 5006 964 5076 κατάρα,
1013 5009 1107 5058 καὶ
1156 5007 1418 5076 ἁμαρτία.
1476 5003 1605 5058 Εἶτα
1648 5009 1764 5070 πῶς

164 5096 272 5147 οὑκ
328 5095 434 5147 ἔδει
477 5094 600 5148 νοῦν
645 5095 868 5166 ἔχοντας
916 5099 1048 5168 όρᾷν
1079 5099 1125 5162 ιι,
1167 5100 1248 5150 ὅτι
1300 5098 1378 5160 τὸ,
1420 5117 1436 5147 ι
1474 5098 1708 5164 ἐγένετο,
1742 5117 1758 5147 ι

164 5187 438 5251 τεθεικὼς
482 5189 510 5240 ό
540 5190 811 5260 μακάριος
847 5189 1262 5260 εὐαγγελιστὴς,
1305 5189 1520 5258 ἀπάσης
1557 5191 1765 5259 τροπῆς

167 5282 433 5334 ὑπόνοιαν
487 5281 736 5352 ἀναιρεῖ,
787 5283 1248 5354 προσεπενεγκὼν
1312 5281 1472 5345 εὐθὺς
1525 5283 1619 5333 καὶ
1669 5282 1758 5333 τόο

242 5461 290 5492 δ’
313 5460 476 5516 Joan.
514 5475 596 5526 ut,
623 5461 676 5516 6.
757 5460 801 5492 ⁵ο
825 5460 953 5516 Luc.
990 5478 1026 5528 ι,
1063 5461 1118 5515 2.
1197 5462 1238 5492 "
1274 5459 1292 5512 Ι
1327 5459 1483 5515 Joan.
1519 5460 1640 5522 1,1.

1875 4639 2323 4710 significationem
2349 4677 2363 4701 ,
2395 4637 2474 4690 sic
2524 4635 2724 4688 factum
2765 4633 2932 4687 fuisse
2963 4646 3181 4686 carnem
3220 4629 3456 4685 Verbum

1875 4735 2078 4794 dicunt,
2112 4730 2334 4798 perinde
2373 4742 2436 4782 ac
2470 4725 2512 4782 si
2543 4725 2790 4789 dicatur,
2818 4722 3022 4777 factum
3059 4721 3231 4776 fuisse
3276 4721 3452 4776 male-

1875 4825 2074 4877 dictum
2109 4831 2161 4876 ct
2194 4829 2497 4890 peccatum.
2556 4815 2760 4870 Deinde
2795 4827 2900 4881 quo
2932 4820 3090 4881 pacto
3124 4827 3228 4866 non
3276 4811 3459 4866 vident

1876 4923 2054 4969 mcntc
2101 4912 2314 4982 praediti
2365 4905 2820 4980 [prudentissimi
2853 4905 2951 4957 viri
2993 4901 3208 4973 |,quod
3266 4901 3457 4955 beatus

1873 5005 2197 5075 evangelista
2229 5016 2434 5072 ponens
2458 4999 2774 5061 dictionem,
2810 5014 2827 5046 ι
2857 4993 3081 5048 Factum
3118 5002 3221 5055 est,
3260 5011 3278 5043 ›
3321 5007 3446 5046 mox

1872 5098 2047 5150 munis
2099 5093 2471 5150 conversionis
2524 5091 2887 5157 suspicionem
2929 5089 3100 5152 tollit,
3153 5086 3450 5155 adjiciens:

1877 5208 1894 5239 ι
1943 5188 2006 5241 Et
2059 5185 2322 5240 habitavit
2369 5184 2419 5236 in
2453 5184 2608 5236 nobis
2653 5183 2676 5234 ?
2713 5203 2728 5231 ι
2769 5182 3075 5234 Absurdum
3135 5189 3312 5232 autem
3348 5179 3452 5232 alia

1873 5295 2087 5350 quoque
2120 5280 2330 5333 ratione
2362 5285 2464 5340 cst,
2503 5279 2546 5330 si
2579 5275 2700 5343 quis
2730 5275 2890 5327 audet
2914 5274 3113 5336 dicere,
3147 5271 3224 5325 sic
3252 5269 3451 5323 factum

1232 5614 1408 5672 Varize
1431 5616 1691 5672 lectiones
1715 5628 1778 5669 ex
1808 5610 1992 5667 codice
2017 5607 2388 5681 chuieriano.

244 5773 277 5815 Β
310 5772 505 5847 καίτοι.
579 5771 604 5810 ¹¹
639 5774 808 5846 αὐτὴν
847 5775 1104 5846 γεννῆσαί
1149 5795 1332 5847 φασιν.

171 5843 341 5906 ὄντας
371 5844 526 5915 ὁρᾷν.

1416 5778 1432 5817 ί
1473 5778 1564 5831 τὸν
1607 5778 1704 5830 ἕνα
1751 5775 1976 5849 Κύριον.

2059 5775 2071 5824 i
2113 5771 2288 5834 ἴσως,
2325 5766 2486 5820 παντί
2511 5782 2588 5834 τῳ
2622 5778 2810 5832 σαφες.
2914 5759 2940 5798 ¹ι
2976 5762 3438 5830 νουνεχεστὰτους
