4078 6348
615 385 721 438 523

1645 381 1704 435 S.
1747 380 2026 435 CYRllJJ
2057 382 2530 438 ALEXANDRINI
2568 385 2886 443 ARClllEl‘.

3777 397 3890 450 εει

621 518 745 558 esse
777 516 994 557 carnem
1035 503 1266 558 Verbum
1296 541 1309 566 ,
1337 511 1394 555 ut
1428 501 1624 557 factum
1651 517 1770 557 esse
1813 504 2011 556 dicitur
2035 503 2200 558 male-

2313 524 2330 554 t
2371 506 2708 574 Ἑσκήνωσεν
2737 507 2792 557 ἐν
2824 507 2987 576 ἡμῖν;
3019 525 3036 555 ›
3076 509 3310 560 Ἄτοπον
3360 507 3418 560 δὲ
3468 509 3561 562 καί
3595 508 3796 579 ἑτέρως
3832 511 3893 564 τὸ

618 597 822 649 dictum
856 604 912 649 et
952 606 1256 666 peccatum.
1301 596 1414 650 Non
1454 595 1595 649 enim
1651 595 1944 663 ipsummet
1989 595 2209 648 maledi-

614 699 763 742 ctum
788 687 872 741 vel
892 698 1170 756 peccatum
1199 689 1399 741 factum
1417 696 1519 752 est,
1552 687 1645 742 sed
1677 702 1798 741 cum
1821 687 2021 756 iniquis
2052 702 2209 756 repu-

621 793 768 834 tatus
785 779 1144 847 est",justus
1173 781 1440 834 exsistens
1468 788 1525 832 ut
1550 779 1758 834 aboleat
1791 789 2070 847 peccatum
2103 795 2116 841 ;
2153 787 2206 832 et

616 872 915 942 appellatus
954 881 1036 926 est
1068 870 1385 926 maledictus
1406 911 1420 932 ,
1455 873 1546 940 qui
1582 871 1850 926 benedicit
1879 879 2202 933 creaturam,

621 965 778 1035 162
794 974 848 1017 ut
871 964 1046 1017 solvat
1063 972 1305 1017 nostrum
1326 962 1694 1024 maledictum,
1714 970 1767 1016 et
1786 961 1976 1016 liberet
1992 978 2018 1013 a
2045 977 2202 1030 poena

617 1057 902 1109 credentes
928 1057 979 1108 in
1012 1054 1206 1123 ipsum.
1248 1053 1412 1123 lgitttr
1450 1068 1556 1106 non
1582 1060 1668 1107 est
1713 1052 1885 1105 factus
1910 1053 2202 1106 secundum

617 1147 901 1198 veritatem
945 1144 1288 1198 maledictum
1321 1152 1374 1196 et
1421 1151 1698 1209 peccatum
1733 1156 1748 1194 :
1791 1141 2092 1210 appellatus
2123 1148 2205 1194 est

619 1243 796 1287 autem
852 1233 936 1286 his
995 1233 1338 1296 numinibus,
1390 1243 1448 1286 ut
1501 1231 1716 1286 aboleat
1764 1232 2107 1284 maledictum
2151 1240 2202 1284 et

618 1337 921 1395 peccatum.
993 1325 1158 1396 Igitur
1201 1327 1244 1379 si
1281 1326 1360 1379 sic
1407 1325 1608 1378 factum
1657 1336 1740 1379 est
1779 1339 1944 1388 caro,
1972 1324 2203 1378 abolevit

618 1419 803 1489 utique
835 1433 1089 1481 carnem,
1145 1417 1286 1471 sicut
1316 1429 1371 1470 et
1402 1415 1746 1470 maledictum
1789 1427 1842 1469 et
1869 1427 2148 1484 peccatum
2181 1433 2198 1481 ;

616 1521 670 1564 et
703 1526 875 1579 neque
915 1509 1112 1563 factum
1144 1518 1230 1562 est
1279 1509 1438 1562 homo
1463 1552 1476 1574 ,
1532 1522 1707 1576 neque
1752 1509 2092 1561 incarnatum
2118 1516 2201 1562 est

619 1604 910 1656 secundum
955 1600 1236 1654 veritatem
1278 1617 1290 1652 :
1323 1599 1416 1653 sed
1443 1600 1496 1653 in
1525 1599 1931 1654 existimatione
1976 1598 2084 1652 sola
2119 1607 2199 1652 est

619 1701 1015 1749 sacramentum
1039 1732 1055 1754 ,
1083 1702 1138 1745 et
1172 1690 1222 1744 in
1259 1691 1420 1744 nudis
1453 1689 1766 1744 nominibus
1796 1689 2070 1745 invenitur
2114 1690 2196 1744 in-

2309 596 2486 663 λέγειν
2520 598 2854 667 ἀποτολμᾷν,
2887 597 3028 649 οὕτω
3054 599 3310 666 γενέσθαι
3347 599 3529 670 σάρκα
3556 599 3649 654 τὸν
3691 602 3888 670 Λόγον,

2307 686 2381 750 ὡς
2413 687 2662 753 γενέσθαι
2713 687 2934 754 λέγεται
2969 689 3207 759 κατάρα,
3243 689 3335 741 καὶ
3374 689 3652 759 ἁμαρτίαο
3693 690 3754 742 οὐ
3782 689 3892 759 γὰρ

2309 778 2633 849 αὐτόχρημα
2661 780 2853 847 γέγονε
2885 771 3278 850 κατάρα,ὀῦτε
3315 781 3422 853 μὴν
3457 781 3703 851 ἁμαρτία
3724 797 3737 809 ·
3772 781 3891 834 ἀλλ’

2308 871 2366 921 ἐν
2394 872 2507 932 τοῖς
2540 870 2766 938 ἀνόμοις
2809 871 3061 941 ἐλογίσθη
3091 872 3295 935 δίκαιος
3324 871 3422 936 ὢν,
3449 874 3537 926 ἵνα
3565 875 3894 944 καταργήσῃ

2306 959 2406 1026 τὴν
2459 959 2765 1027 ἁμαρτίαν·
2803 958 2899 1011 καὶ
2951 960 3357 1030 κεχρημάτικεν
3412 962 3816 1032 ὲπικατάρατος
3864 965 3893 1014 6

2306 1049 2543 1116 εὐλογῶν
2574 1048 2671 1119 τὴν
2706 1050 2907 1114 κτίσιν,
2945 1050 3034 1102 ἵνα
3061 1050 3199 1123 λύσῃ
3228 1053 3328 1123 τὴν
3370 1051 3491 1106 καθ’
3526 1053 3686 1122 ἡμῶν
3725 1055 3889 1124 ἀράν,

2307 1143 2400 1196 καὶ
2430 1141 2718 1214 ἀπαλλάξῃ
2750 1142 2906 1213 δίκης
2935 1143 3061 1206 τοὺς
3091 1145 3443 1208 πιστεύοντας
3469 1145 3548 1208 εἰς
3573 1146 3756 1200 αὐτόν.
3784 1147 3891 1200 Οὖ-

2305 1232 2435 1286 κοῦν
2468 1233 2530 1284 οὐ
2559 1233 2749 1300 γέγονε
2779 1233 2919 1286 κατὰ
2953 1233 3212 1305 ἀλήθειαν
3233 1237 3470 1306 κατάρα,
3501 1235 3593 1288 καὶ
3621 1237 3888 1307 ἁμαρτία·

2304 1329 2682 1396 κεχρημάτικε
2732 1326 2789 1378 δὲ
2841 1325 3053 1390 ταῦτα,
3111 1329 3198 1380 ἴνα
3246 1328 3380 1398 λύσῃ
3422 1327 3438 1366 1
3489 1328 3759 1398 κατάραν.
3798 1331 3892 1382 καὶ

2302 1417 2598 1487 ἁμαρτίαν.
2631 1413 2838 1469 Οὐκοῦν
2867 1417 2915 1468 εἰ
2949 1417 3090 1470 οὕτω
3120 1420 3308 1486 γέγονε
3347 1418 3504 1489 σὰρξ,
3541 1421 3893 1489 κατήργηκεν

2301 1509 2410 1578 ἀρα
2444 1508 2542 1580 τὴν
2588 1508 2785 1580 σάρκα,
2821 1509 2963 1562 καθὰ
2993 1511 3086 1562 καὶ
3115 1512 3212 1580 τὴν
3265 1511 3424 1581 ἀρὰν,
3455 1511 3546 1563 καὶ
3577 1511 3674 1581 τὴν
3706 1513 3893 1581 ἀμαρ-

2301 1601 2421 1652 τίαν
2446 1615 2459 1630 ⁶
2504 1602 2597 1652 καὶ
2630 1600 2754 1652 οῦτε
2800 1601 3022 1670 γέγονεν
3069 1601 3377 1671 ἄνθρωπος,
3407 1601 3534 1655 οὔτε
3585 1603 3691 1672 μὴν
3727 1605 3893 1673 ὲσαρ-

2302 1688 2454 1759 κώθη
2481 1689 2624 1742 κατά
2655 1689 2948 1761 ἀλήθειαν·
2987 1690 3102 1742 ἀλλ’
3139 1693 3195 1742 ὲν
3241 1691 3460 1762 δοκήσει
3510 1693 3647 1765 μόνῃ
3688 1693 3752 1744 τὸ
3788 1711 3890 1762 μυ-

619 1785 956 1839 ρατιιςτιίοιιὶε
1003 1783 1218 1836 modus.
1275 1780 1506 1835 Tollitur
1558 1792 1739 1836 autem
1785 1783 2005 1836 omnino
2034 1791 2088 1836 et
2114 1797 2200 1836 re-

2315 1783 2558 1853 στήριον,
2599 1783 2693 1835 καὶ
2724 1785 2783 1836 ἐν
2821 1783 2996 1852 ψιλοῖς
3029 1783 3288 1851 ὀνόμασιν
3323 1787 3351 1836 6
3400 1786 3498 1855 τῆς
3533 1785 3893 1856 ὲνανθρωπή-

619 1875 972 1930 surrectionis
1003 1888 1147 1943 spes.
1195 1873 1249 1926 In
1297 1874 1449 1943 cujus
1481 1873 1644 1941 igitur
1677 1883 1908 1928 mortem
1939 1875 2198 1942 baptizati

619 1984 804 2022 sumus
832 1969 878 1998 ⁵³
905 1967 927 2018 ?
958 1965 1058 2022 Ubi
1113 1967 1336 2020 verbum
1394 1965 1555 2030 ﬁdei,
1589 1966 1730 2035 quod
1778 1966 2140 2036 praedicamus
2181 1968 2203 2019 ’ἓ

618 2061 865 2115 Confessi
894 2061 1036 2115 enim
1060 2061 1201 2129 quod
1238 2059 1494 2114 Dominus
1522 2068 1606 2113 est
1654 2057 1815 2113 Jesus
1841 2067 1894 2112 et
1921 2059 2202 2114 credentes

620 2154 760 2222 quod
811 2155 945 2207 Dens
995 2153 1166 2221 ipsum
1193 2151 1446 2205 excitavit
1491 2165 1518 2203 a
1571 2153 1839 2215 mortuis,
1896 2153 2196 2205 salvamur.

621 2241 788 2310 Igitur
820 2245 868 2296 in
908 2259 1072 2297 unum
1106 2245 1336 2298 similem
1374 2244 1549 2307 nobis,
1583 2254 1635 2297 et
1663 2259 2001 2298 communem
2027 2244 2202 2298 homi-

619 2347 743 2386 nem
794 2335 897 2386 erit
957 2333 1121 2396 ﬁdes,
1174 2349 1271 2386 nec
1323 2334 1433 2402 jam
1487 2333 1718 2401 amplius
1761 2333 2024 2395 Verbum,
2057 2333 2199 2401 quod

621 2424 672 2476 in
710 2425 941 2476 humana
978 2424 1147 2476 forma
1177 2433 1397 2491 propter
1429 2441 1528 2478 nos
1560 2427 1830 2492 apparuit,
1865 2424 2201 2478 adoramus?

619 2516 698 2568 An
735 2530 838 2567 non
870 2515 1073 2583 accepit
1108 2516 1248 2568 servi
1283 2514 1532 2579 formam,
1567 2518 1764 2583 quiest
1799 2518 2008 2570 liberut
2031 2515 2201 2570 Deus?

621 2621 726 2658 non
763 2607 1062 2658 humiliavit
1105 2607 1336 2674 seipsum
1365 2646 1378 2670 ,
1414 2605 1500 2673 qui
1539 2605 1844 2660 divinitatis
1876 2607 2199 2660 excellentia

618 2698 941 2765 conspicuus
988 2697 1114 2751 eSI?
1165 2699 1253 2766 qui
1324 2699 1373 2749 in
1412 2696 1581 2750 forma
1631 2708 1684 2751 el
1727 2699 2034 2766 arqualitatc
2082 2697 2200 2751 Pa-

621 2791 751 2847 tris.
808 2806 910 2841 non
961 2789 1176 2842 demisit
1213 2805 1268 2843 se
1321 2792 1372 2843 in
1421 2791 1849 2843 exinanitionem
1881 2832 1894 2853 ,
1945 2793 2198 2859 quamvis

622 2881 908 2934 distribuat
965 2883 1029 2934 de
1082 2896 1177 2934 sua
1227 2881 1556 2950 plenitudine
1612 2892 1877 2937 creatura:
1937 2885 2074 2936 bona
2103 2884 2202 2936 “?

621 2971 802 3040 Apage
835 2986 861 3022 a
897 2969 1034 3022 malo
1072 2971 1175 3023 isto
1205 2971 1456 3024 consilio.
1509 2972 1682 3025 Aliter
1730 2988 1828 3027 nos
1866 2973 2201 3029 edocuerunt

623 3060 762 3111 beati
794 3058 985 3113 Patres
1024 3061 1362 3114 incarnatum
1388 3076 1512 3116 esse
1536 3101 1552 3126 ,
1587 3071 1642 3116 et
1677 3063 1949 3117 hominem
1999 3065 2196 3119 factum

622 3151 915 3205 secundum
955 3152 1230 3204 veritatem
1269 3153 1440 3220 ipsum
1479 3153 1570 3208 Dei
1603 3153 1782 3208 Patris
1840 3154 2086 3209 Verbum
2119 3157 2201 3210 di-

624 3251 842 3302 xerunt,
875 3243 1076 3309 absque
1105 3242 1455 3296 conversione
1485 3255 1537 3296 et
1564 3241 2201 3299 cenl‘usioneJneli‘abilis

625 3341 802 3382 autem
861 3331 1081 3383 omnino
1129 3340 1212 3384 est
1269 3331 1690 3400 dispensationis
1743 3337 1952 3387 modus.
2017 3333 2204 3388 Testes

626 3438 750 3475 vero
774 3438 980 3484 eorum,
1005 3437 1123 3492 quae
1148 3423 1290 3476 dicta
1316 3433 1461 3488 sunt,
1485 3438 1765 3478 sermones
1789 3426 2199 3481 illorumerunt.

868 3685 1014 3740 Petri
1056 3691 1303 3755 martyris
1340 3688 1565 3756 episcopi
1598 3688 1955 3743 Alexandriae.

697 3801 847 3857 Unde
863 3812 916 3854 et
943 3801 1271 3868 evangelista
1300 3815 1428 3854 vere
1448 3801 1719 3870 loquitur,
1750 3803 1936 3857 dicens
1969 3820 1982 3857 :
2021 3821 2040 3855 ι
2070 3801 2201 3858 Ver-

624 3893 748 3946 bum
780 3909 905 3947 caro
936 3892 1134 3946 factum
1160 3902 1261 3958 est,
1296 3904 1351 3948 et
1379 3894 1646 3948 habitavit
1675 3895 1726 3949 in
1761 3897 1918 3950 nobis
1953 3912 1968 3959 ;
2012 3915 2029 3947 ι
2073 3907 2200 3950 tunc

624 3985 902 4050 videlicet,
930 4000 995 4039 ex
1026 3999 1132 4054 quo
1188 3984 1412 4054 angelus
1465 3983 1719 4040 salutavit
1779 3985 2082 4056 Virginem,
2123 3987 2202 4041 in-

624 4079 863 4148 quiens:
905 4096 922 4129 ι
950 4079 1082 4141 Ave,
1112 4077 1284 4147 gratia
1312 4077 1488 4147 plena,
1529 4078 1786 4133 Dominus
1841 4089 2016 4133 tecum
2057 4081 2121 4134 ⁸⁸.
2179 4099 2197 4132 ι

625 4172 776 4237 Quod
819 4170 949 4224 dicit
976 4169 1192 4224 Gabriel
1229 4189 1241 4224 :
1282 4188 1302 4222 ‹
1353 4171 1611 4224 Dominus
1653 4181 1860 4235 tecum,
1907 4191 1923 4222 ι
1957 4189 2052 4238 pro
2101 4172 2203 4227 hoc

624 4271 708 4314 est
761 4262 998 4327 dictum,
1050 4261 1311 4315 Dominus
1370 4260 1607 4316 Verbum
1668 4273 1884 4326 tecum,
1934 4264 2203 4333 signiﬁcat

625 4353 769 4406 enim
804 4354 979 4422 ipsum
1026 4353 1169 4422 gigni
1214 4354 1266 4407 in
1299 4367 1485 4419 utero,
1527 4365 1580 4409 et
1636 4355 1747 4409 ﬁeri
1792 4371 2032 4420 carnem,
2066 4357 2203 4409 sicut

2305 1888 2442 1935 σεως
2491 1872 2810 1942 εὑρίσκεται
2867 1874 3150 1945 τρόποςω.
3199 1875 3491 1946 Ἀνῄρηται
3536 1876 3592 1928 δὲ
3636 1877 3718 1937 εἰς
3747 1878 3893 1929 ᾶπαν

2304 1963 2398 2016 καὶ
2429 1965 2463 2034 ἡ
2499 1967 2596 2035 τῆς
2622 1965 2976 2027 ἀναστάσεως
3009 1965 3185 2028 ὲλπίς.
3219 1966 3309 2027 Εἰς
3347 1966 3439 2017 τὸν
3474 1967 3620 2029 τίνος
3651 1963 3746 2020 οῦν
3781 1969 3890 2035 ἄρα

2303 2055 2530 2109 θάνατον
2566 2055 3012 2126 βεδαπτίσμεθας
3049 2056 3158 2108 Ποῦ
3198 2057 3259 2109 τὺ
3293 2058 3444 2128 ῥῆμα
3491 2058 3589 2127 τῆς
3622 2059 3886 2123 πίστεως,

2301 2147 2328 2198 ὃ
2375 2148 2764 2218 κηρύσσομενς
2832 2148 3297 2218 Ὀμολογήσαντες
3354 2149 3496 2219 γὰρ,
3551 2150 3632 2202 ὅτι
3681 2151 3888 2220 Κύριος

2315 2240 2545 2308 Ἰησοῦς,
2585 2242 2679 2292 καὶ
2728 2240 3121 2302 πιστεύσαντες
3179 2241 3260 2292 ὃτι
3302 2240 3431 2303 Θεὸς
3463 2241 3626 2292 αὑτὸν
3673 2242 3897 2312 ἤγειρεν

2302 2332 2365 2384 ὲκ
2412 2332 2659 2402 νεκρῶν,
2703 2331 3010 2401 σωζόμεθα.
3057 2327 3184 2402 'Ap'
3220 2327 3312 2385 οῦν
3347 2334 3425 2394 εἰς
3465 2332 3558 2383 ἕνα
3593 2331 3684 2382 τὸν
3715 2343 3740 2367 τι
3771 2332 3894 2384 καθ’

2301 2420 2471 2490 ἡμᾶς,
2507 2423 2601 2472 καὶ
2643 2422 2822 2472 κοινὸν
2852 2420 3139 2491 ἄνθρωπον
3172 2421 3204 2490 ἡ
3241 2420 3440 2482 πίστις,
3486 2418 3669 2472 οὐκέτι
3715 2420 3772 2472 δὲ
3804 2420 3894 2472 τὸν

2301 2513 2358 2562 ἐν
2390 2512 2710 2584 ἀνθρωπεία
2746 2516 2928 2584 μορφῇ
2964 2513 3242 2582 πεφηνότα
3277 2512 3342 2564 δι’
3376 2515 3523 2584 ἡμᾶς
3554 2512 3892 2585 προσκυνοῦ-

2304 2621 2402 2673 μεν
2431 2605 2605 2672 Λόγον
2635 2623 2648 2668 ;
2683 2607 2794 2657 Οὺκ
2823 2605 2981 2657 ἔλαϐε
3005 2607 3102 2675 τὴν
3124 2607 3214 2658 τοῦ
3236 2607 3423 2658 δούλου
3459 2605 3671 2676 μορφὴν
3694 2607 3723 2656 ό
3748 2606 3893 2658 ἐλεύ-

2301 2694 2458 2765 θερος
2492 2696 2566 2758 ὠς
2593 2696 2724 2758 Θεός
2754 2703 2808 2761 °;
2847 2697 2906 2748 οὺ
2943 2697 3342 2749 τεταπείνωκεν
3383 2697 3574 2750 ἑαυτὸν
3600 2700 3627 2750 6
3655 2699 3768 2765 τοῖς
3796 2698 3892 2766 τῆς

2301 2784 2554 2854 θεότητος
2595 2786 2852 2856 ὑψώμασι
2885 2789 3236 2857 διαπρέπων;
3272 2789 3298 2840 6
3326 2789 3380 2841 ὲν
3425 2792 3624 2858 μορφῇ,
3658 2789 3752 2840 καί
3785 2789 3892 2840 ἰσό-

2300 2895 2422 2948 τητι
2470 2877 2564 2929 τοῦ
2612 2880 2825 2949 Harpe;
2859 2881 2921 2931 οὐ
2977 2879 3217 2949 καθῆκεν
3264 2878 3454 2931 ἑαυτὸν
3495 2880 3573 2941 εἰς
3636 2880 3888 2940 κένωσιν,

2301 2969 2477 3021 καίτοι
2516 2969 2787 3038 διανέμων
2821 2970 2879 3033 ἐξ
2925 2970 3055 3022 ἰδίου
3100 2969 3472 3042 πληρώματος
3517 2973 3581 3041 τῇ
3621 2971 3792 3023 κτίσει
3826 2974 3893 3024 τὰ

2303 3059 2509 3125 ἀγαθά;
2548 3061 2758 3127 ’Λπαγε
2794 3061 2895 3128 τῆς
2954 3062 3315 3125 δυσϐουλίαςο
3357 3062 3558 3130 ἑτέρως
3601 3064 3750 3128 ἡμᾶς
3793 3079 3890 3128 με-

2309 3155 2806 3222 μυσταγωγήκασιν
2837 3155 2885 3204 οἰ
2916 3156 3175 3224 μακάριοι
3223 3155 3465 3224 Πατέρες
3490 3169 3501 3180 ·
3541 3155 3892 3223 σαρκωθῆναι

2305 3245 2436 3315 γὰρ,
2473 3246 2564 3296 καὶ
2594 3246 3012 3314 ὲνανθρωπῆσαι
3044 3247 3182 3299 κατά
3211 3246 3468 3315 ἀλήθειαν
3495 3247 3660 3298 αὑτὸν
3683 3247 3893 3314 ἔφασαν

2304 3336 2396 3387 τὸν
2437 3338 2499 3388 ἐκ
2529 3335 2664 3386 Θεοῦ
2709 3336 2919 3406 Πατρὸς
2944 3337 3118 3403 Λόγον
3161 3336 3470 3406 ἀτρέπτως,
3519 3337 3613 3389 καὶ
3647 3337 3890 3406 ἀσυγχύ-

2304 3444 2427 3490 τως.
2460 3423 2804 3498 ’Ἄπόρρητος
2825 3428 2880 3479 δὲ
2921 3429 3200 3492 παντελῶς
3238 3429 3338 3499 τῆς
3367 3430 3681 3500 οἰκονομίας
3707 3433 3734 3482 ό
3773 3432 3894 3498 τρόο

2306 3537 2422 3582 πος.
2456 3519 2758 3591 Μάρτυρας
2788 3521 2844 3572 δὲ
2884 3521 2994 3573 τῶν
3029 3522 3336 3592 εἰρημένων
3362 3522 3486 3585 τοὺς
3523 3522 3702 3575 αὐτῶν
3738 3526 3892 3592 ποιή-

2308 3625 2470 3677 σομαι
2506 3608 2720 3676 λόγους.

2377 3698 2599 3766 Πέτρου
2623 3699 2924 3767 μάρτυρος
2971 3701 3312 3756 ἐπισκόπου
3350 3704 3820 3773 Ἀλεξωσδρειας.

2379 3812 2540 3864 Ὅθεν
2566 3815 2657 3865 καὶ
2683 3814 2710 3864 6
2734 3815 3122 3886 εὐαγγελιστὴς
3153 3816 3406 3886 ἀληθεύει
3435 3819 3634 3886 λέγων·
3669 3840 3686 3869 ε
3714 3822 3772 3873 Ὀ
3799 3822 3894 3873 Λό-

2304 3920 2397 3970 γος
2435 3903 2570 3974 σὰρξ
2613 3905 2864 3972 ἐγένετο,
2901 3907 2995 3959 καὶ
3040 3910 3352 3978 ἐσκήνωσεν
3392 3912 3449 3962 ὲν
3495 3914 3660 3980 ἡμῖν·
3713 3928 3730 3964 δ
3775 3915 3893 3965 τότε

2310 3996 2576 4064 δηλονότι,
2605 3998 2698 4065 ἀφ’
2728 3993 2786 4051 οῦ
2814 4001 2840 4050 6
2875 3999 3103 4066 ἄγγελος
3135 4002 3424 4068 ἠσπάσατο
3462 4003 3559 4071 τὴν
3593 4004 3890 4073 Παρθένον,

2305 4087 2494 4139 εἰπὼν·
2518 4106 2534 4137 ι
2563 4089 2758 4159 Χαῖρε,
2787 4091 3229 4161 κεχαριτωμένη,
3280 4095 3308 4145 6
3331 4093 3533 4162 Κύριος
3563 4096 3701 4164 μετὰ
3729 4096 3823 4148 σοῦ
3847 4115 3889 4146 Ὶ

2303 4179 2364 4231 τὸ
2393 4179 2519 4246 γὰρ,
2558 4198 2575 4228 ε
2621 4177 2825 4250 Κύριος
2857 4181 2995 4250 μετὰ
3027 4181 3144 4245 σοῦ,
3173 4201 3190 4232 ι
3222 4182 3319 4235 νῦν
3356 4183 3503 4236 ἔστιν
3533 4185 3768 4239 ἀκοῦσαι
3803 4187 3892 4239 τοῦ

2305 4270 2568 4340 Γαϐριὴλ,
2599 4272 2720 4323 ἀντί
2748 4272 2865 4335 τοῦ,
2898 4273 2957 4325 '0
2979 4273 3108 4336 Θεὸς
3125 4275 3297 4343 Λόγος
3325 4276 3463 4346 μετά
3492 4278 3613 4330 σοῦ’
3637 4281 3893 4350 σημαίνει

2305 4363 2413 4428 γὰρ
2465 4359 2628 4412 αὐτὸν
2662 4362 3001 4434 γεννώμενον
3047 4366 3104 4417 ἐν
3142 4368 3342 4437 μήτρᾳ,
3389 4368 3486 4421 καὶ
3532 4369 3710 4440 σάρκα
3745 4375 3894 4440 γινό-

627 4445 882 4512 scriptum
920 4449 1002 4496 est
1043 4458 1055 4492 :
1097 4459 1115 4491 ι
1151 4440 1385 4510 Spiritus
1416 4453 1634 4496 sanctus
1669 4443 2014 4511 superveniet
2041 4442 2093 4494 in
2125 4452 2194 4502 te,

2308 4470 2486 4523 μενον,
2533 4454 2714 4517 καθὼς
2759 4456 3106 4524 γέγραπται·
3151 4479 3168 4509 ‹
3201 4459 3422 4529 Πνεῦμα
3471 4461 3627 4529 ἇγιον
3667 4465 3894 4518 ἐπελεύ-

626 4544 680 4587 et
709 4535 876 4586 virtus
921 4533 1182 4587 Altissizni
1241 4534 1583 4588 obumbrabit
1639 4535 1732 4588 tibi
1765 4551 1779 4587 :
1815 4534 1935 4588 ideo
1968 4543 2020 4587 et
2062 4532 2202 4601 quod

627 4639 880 4682 nascetur
905 4637 1175 4691 sanctum,
1205 4626 1482 4680 vocabitur
1516 4626 1684 4682 Filius
1715 4627 1807 4680 Dei
1829 4627 1897 4677 ".
1928 4647 1945 4677 ι

954 4743 1227 4797 Athanasii
1265 4743 1489 4813 episcOpi
1515 4743 1872 4796 Alexandrina

699 4855 850 4911 Unde
881 4865 1078 4910 etcum
1123 4865 1440 4910 nasceretur
1464 4869 1592 4909 caro
1633 4870 1696 4908 ex
1735 4853 1826 4907 Dei
1863 4853 2018 4923 163
2051 4853 2198 4922 geni-

626 4952 760 5004 trice
816 4949 1020 5013 Maria,
1074 4950 1186 5017 ipse
1243 4950 1441 5004 dicitur
1494 4957 1651 5003 natus
1707 4962 1861 5009 esse,
1936 4947 2025 5014 qui
2084 4946 2204 5000 aliis

625 5043 964 5097 nativitatem
1000 5052 1057 5094 ut
1092 5043 1201 5096 sint
1230 5042 1477 5105 exhibet,
1507 5050 1565 5094 ut
1596 5051 1834 5094 nostram
1865 5039 1914 5091 in
1948 5055 2005 5092 se
2034 5046 2210 5090 trans-

628 5131 794 5185 ferret
817 5130 1174 5185 nativitatem.

885 5243 1137 5313 Ejusdem
1163 5261 1226 5297 ea:
1255 5246 1474 5311 epistola
1515 5246 1582 5296 ad
1617 5244 1933 5312 Epictetum.

702 5357 986 5424 Quomodo
1014 5366 1068 5414 et
1101 5360 1375 5428 ambigere
1419 5359 1534 5413 ausi
1572 5370 1733 5423 sunt,
1776 5360 1865 5427 qui
1903 5358 2196 5416 Christiani

699 5513 742 5544 "
774 5511 874 5568 lsa.
902 5528 1019 5577 LIII,
1049 5512 1156 5578 19.;
1190 5510 1352 5566 Marc.
1378 5529 1464 5579 xv,
1500 5512 1590 5566 98.

1669 5514 1715 5543 "
1753 5513 1906 5566 Rom.
1941 5529 2016 5576 νι,
2048 5515 2103 5568 3.
2138 5513 2185 5544 ”
2219 5513 2455 5585 Philipp.
2494 5532 2552 5583 tt,
2597 5519 2628 5570 6
2657 5533 2807 5587 seqq.

2307 4562 2457 4598 σεται
2488 4547 2580 4598 ἐπὶ
2620 4545 2702 4612 σὲ,
2735 4549 2827 4601 καὶ
2874 4549 3103 4619 δύναμις
3131 4551 3389 4621 Ὑψίστου
3429 4552 3743 4608 ἐπισκιάσει
3777 4573 3889 4608 σοι·

2301 4637 2382 4689 διὸ
2417 4638 2510 4690 καὶ
2539 4638 2598 4690 τὸ
2618 4638 2958 4709 γεννώμενον
2986 4642 3160 4709 ἅγιον,
3184 4643 3515 4715 κληθήσεται
3546 4646 3668 4709 Υἱὸς
3693 4647 3852 4700 Θεοῦ.
3870 4667 3885 4698 ο

2455 4753 2807 4806 Ἀθανασίου
2840 4754 3180 4810 ἐπισκόπου
3209 4768 3234 4805 Ρ
3277 4757 3748 4826 Ἀλεξανδρείας.

2385 4863 2548 4916 Ὅθεν
2581 4866 2673 4916 καὶ
2709 4867 3054 4935 γεννωμένης
3088 4869 3186 4935 τῆς
3227 4869 3429 4940 σαρκὸς
3467 4871 3528 4922 ὲκ
3566 4871 3666 4939 τῆς
3701 4871 3889 4925 Θεοτό⁹

2311 4972 2406 5006 κου
2424 4954 2659 5024 Μαρίας,
2679 4955 2840 5017 αὐτὸς
2867 4956 3117 5010 λέλεκται
3138 4959 3503 5026 γεγεννῆσθαι
3527 4961 3679 5018 ότοίς
3711 4962 3888 5023 ἄλλοις

2305 5047 2518 5113 γένεσιν
2549 5049 2627 5109 εἰς
2661 5048 2717 5099 τὸ
2745 5043 2884 5100 εἶναι
2921 5050 3198 5120 παρέχων,
3232 5053 3317 5104 ἴνα
3349 5052 3443 5121 τὴν
3468 5052 3625 5122 ἡμῶν
3662 5057 3743 5115 εἰς
3767 5057 3886 5107 ἑαυ-

2303 5139 2393 5189 τὸν
2428 5139 2636 5209 μεταθῇ
2666 5138 2940 5208 γέννησιν.

2345 5250 2452 5303 Τοῦ
2482 5251 2666 5304 αὑτοῦ
2693 5252 2760 5303 ἐκ
2789 5253 2896 5319 τῆς
2928 5256 3078 5320 πρὸς
3119 5257 3471 5323 Ἑπίκτητον
3497 5257 3849 5323 ἐπιστολῆς.

2370 5361 2492 5425 Πῶς
2538 5364 2593 5416 δὲ
2628 5366 2719 5416 καὶ
2767 5365 3130 5435 ἀμφιϐάλλειν
3174 5368 3484 5440 ἐτόλμησαν
3509 5372 3558 5422 οἱ
3603 5369 3886 5441 λεγόμενοι

2885 5521 2931 5551 ⁵⁵
2967 5519 3099 5576 Luc.
3137 5537 3176 5588 ι,
3207 5521 3297 5578 28.
3373 5522 3418 5553 ⁸⁸
3449 5523 3579 5579 ibid.
3614 5523 3686 5579 55

1675 5671 1848 5725 Variae
1875 5671 2131 5726 lectiones
2156 5688 2220 5727 ex
2243 5674 2430 5728 codice
2461 5674 2835 5745 Segnieriano.

704 5829 722 5866 λ
755 5826 1053 5900 καταλύσῃ.
1129 5825 1366 5896 Ιῖῃλόγος.
1444 5835 1470 5863 ³
1506 5827 1632 5880 τῶν.

1714 5833 1739 5861 °
1771 5827 2052 5898 ἐλεύθερος
2086 5829 2236 5892 Θεός.

2318 5841 2343 5880 r
2373 5833 2829 5901 ἁρχιεπισκόπου.
