4078 6348
196 399 299 456 335

797 392 1331 451 APOLUGETICUS
1369 391 1503 446 PRO
1538 390 1631 444 XII
1674 388 2041 444 CAPITIBUS
2074 388 2354 445 CONTRA
2391 387 2851 446 OlllENTALES.

3354 394 3459 450 326

193 518 542 590 Χριστιανοὶ,
575 516 623 567 εί
661 515 689 567 ό
716 514 777 566 ὲκ
809 512 1032 584 Μαρίας
1060 510 1337 582 προελθὼν
1381 508 1605 574 Κύριος,
1646 506 1754 559 Υἱὸς

1880 515 2175 569 vocantur,
2238 521 2364 559 num
2425 507 2716 572 Dominus,
2769 507 2858 574 qui
2890 505 3112 561 eMaria
3170 512 3457 578 processit.

195 613 290 682 μὲν
317 613 383 682 τῇ
409 607 586 679 οὐσίᾳ,
618 607 713 660 καὶ
740 611 802 678 τῇ
830 606 990 676 φύσει
1013 605 1104 658 τοῦ
1129 603 1262 657 Θεοῦ
1289 606 1428 656 ἐστι’
1456 602 1517 654 τὸ
1544 601 1600 652 δὲ
1631 599 1771 652 κατὰ

194 703 395 773 σάρκα,
437 701 499 752 ἐκ
555 699 871 769 σπέρματός
918 698 1032 750 ἐστι
1084 695 1264 757 Δαυῖδ,
1304 693 1504 764 σαρκὸς
1558 693 1616 744 δὲ
1670 693 1769 761 τῆς

189 797 353 862 ἁγίας
381 793 635 863 Μαρίας
672 792 824 854 Τίνες
858 791 914 844 δὲ
942 790 1048 860 ἄρα
1079 788 1218 841 οὑτω
1249 785 1510 857 τολμηροὶ
1544 786 1771 853 γεγόναο

190 901 296 948 σιν,
326 883 464 936 ὥστε
496 883 668 934 εἰπεῖν
697 881 787 933 τὸν
819 880 1054 946 Χριστὸν
1093 879 1184 930 τὸν
1208 877 1372 947 σαρκὶ
1407 876 1649 928 παθόντα
1674 873 1770 928 καὶ

188 973 604 1046 ἐσταυρωμένον
642 971 716 1041 μὴ
768 967 907 1024 εἶναι
957 972 1187 1039 Κύριον,
1231 969 1324 1021 καὶ
1374 967 1634 1038 Σωτῆρα,
1675 965 1770 1018 καὶ

186 1065 340 1129 Θεὸν,
379 1065 474 1118 καὶ
502 1063 628 1117 Υίδν
663 1063 758 1116 τοῦ
807 1062 1054 1132 Πατρός;
1091 1061 1123 1130 ἦ
1161 1060 1277 1124 πῶς
1318 1059 1638 1131 Χριστιανοὶ
1681 1059 1768 1112 θέ-

185 1158 369 1210 λουσιν
410 1155 772 1227 ὀνομάζεσθαι
802 1156 851 1207 ol
890 1154 1140 1221 λέγοντες
1179 1155 1254 1215 εἰς
1278 1151 1563 1220 ἄνθρωπον
1589 1151 1762 1219 ἅγιον,

183 1249 259 1312 ὡς
287 1250 379 1302 ἐπὶ
410 1248 504 1302 ἕνα
537 1247 644 1302 τῶν
678 1246 970 1315 προφητῶν
996 1243 1311 1315 ἐληλυθέναι
1333 1243 1422 1295 τὸν
1456 1243 1645 1311 Λόγον,
1671 1241 1767 1295 καὶ

187 1343 260 1411 μὴ
279 1341 441 1392 αὐτὴν
470 1340 758 1410 ἄνθρωπον
787 1338 1094 1406 γεγονέναι,
1121 1336 1353 1389 λαϐόντα
1384 1338 1446 1388 ὲκ
1467 1335 1680 1405 Μαρίας
1703 1334 1765 1387 τὸ

183 1434 368 1500 σῶμα,
385 1433 498 1486 ἀλλ’
515 1432 602 1484 ἒτε
611 1449 701 1502 ρον
719 1428 857 1483 εἶναι
872 1429 962 1483 τὸν
981 1430 1024 1482 Χ
1035 1429 1235 1498 ριστὸν,
1251 1429 1343 1481 καὶ
1359 1427 1443 1480 ἓτε
1453 1444 1544 1497 ρον
1567 1427 1656 1478 τὸν
1672 1425 1764 1478 τοῦ

178 1526 317 1578 Θεοῦ
334 1526 526 1593 Λόγον,
546 1525 635 1577 τὸν
659 1526 762 1594 πρδλ
777 1524 1015 1594 Μαρίας,
1030 1522 1246 1592 καὶπρὸ
1269 1521 1478 1574 αἰώνων
1495 1521 1620 1573 Υἱδν
1639 1521 1766 1573 ὄντα

176 1617 271 1670 τοῦ
292 1619 536 1688 Πατρόςς
556 1618 588 1688 ἢ
612 1617 725 1680 πῶς
739 1614 1213 1686 εἶναιΧριστιανοὶ
1239 1613 1491 1667 δύνανται
1520 1614 1567 1666 oi
1588 1614 1766 1680 λέγον·

176 1725 267 1770 τες
286 1707 446 1760 ἄλλον
463 1703 602 1760 εἶναι
617 1707 708 1759 τὸν
726 1706 873 1769 Υἱδν,
889 1707 983 1758 καὶ
1004 1705 1162 1758 ἄλλον
1182 1705 1272 1756 τὸν
1290 1703 1384 1756 τοῦ
1406 1703 1540 1756 Θεοῦ
1557 1704 1726 1771 Λόγον
1747 1722 1759 1768 ;

248 1798 492 1861 Ταύταις
524 1801 688 1867 ἡμεῖς
715 1801 833 1859 ταῖς
858 1798 967 1849 τῶν
1010 1797 1180 1862 ἁγίων
1225 1795 1484 1864 Πατέρων
1519 1794 1763 1863 ἑψόμεθα

1874 595 2045 649 Filius
2090 595 2305 664 quidem
2362 596 2663 650 substantia
2698 605 2753 650 et
2795 607 2985 651 natura
3030 598 3123 651 Dei
3159 598 3258 661 sit,
3315 603 3458 668 quod

1873 701 1996 739 vero
2031 687 2327 740 secundum
2358 701 2600 752 carnem,
2631 702 2694 740 ex
2730 691 2932 742 semine
2963 688 3035 742 sit
3070 689 3261 754 David,
3288 701 3454 744 came

1871 787 2047 830 autem
2104 787 2308 831 sanctae
2367 778 2611 831 Mariae?
2663 778 2768 844 Qui
2833 788 3010 834 autem
3054 791 3162 834 tam
3229 784 3459 837 audaces

1873 868 2021 922 fuere
2043 908 2056 934 ,
2087 877 2147 922 ut
2176 870 2442 934 dicerent,
2475 870 2786 935 Christum,
2820 873 2911 942 qui
2955 887 3118 926 carne
3158 889 3348 942 passus
3375 884 3457 929 est

1871 969 1922 1013 et
1955 960 2284 1024 cruciﬁxus,
2318 976 2420 1015 non
2466 977 2586 1017 esse
2612 963 2894 1017 Dominum
2927 976 2979 1017 et
3003 963 3334 1020 Salvaturern
3361 1005 3375 1031 ,
3405 979 3458 1022 et

1870 1049 2035 1104 Deum
2067 1061 2119 1106 et
2147 1051 2338 1106 Filium
2365 1052 2540 1107 Patris
2577 1071 2591 1118 ;
2631 1055 2710 1108 vel
2740 1071 2845 1124 quo
2879 1067 3039 1125 pacto
3073 1057 3256 1111 volunt
3279 1061 3450 1114 nomi-

1871 1142 1987 1194 nari
2036 1142 2359 1210 Christiani,
2404 1147 2492 1213 qui
2542 1147 2726 1200 dicunt
2781 1147 2832 1200 in
2870 1150 3137 1202 hominem
3185 1162 3453 1220 sanctum,

1869 1232 2007 1286 sicut
2047 1233 2098 1285 in
2131 1249 2294 1285 unum
2351 1234 2769 1302 prophetarum,
2827 1239 3039 1292 venisse
3095 1238 3325 1295 Verbum
3352 1283 3366 1306 ,
3400 1253 3456 1297 et

1869 1338 1972 1378 non
2007 1324 2178 1394 ipsum
2212 1325 2481 1380 hominem
2521 1325 2743 1391 factum,
2772 1344 2892 1383 cum
2926 1333 3154 1399 sumpsit
3187 1347 3250 1385 ex
3280 1333 3450 1388 Maria

1868 1431 2108 1485 corpus:
2138 1417 2230 1470 sed
2289 1417 2450 1470 alium
2500 1434 2622 1472 esse
2671 1418 2985 1486 Christum,
3027 1434 3079 1475 et
3124 1423 3290 1477 alium
3358 1427 3450 1479 Dei

1869 1503 2104 1559 Verbum
2151 1508 2290 1574 quod
2343 1519 2469 1561 ante
2506 1508 2728 1562 Mariam
2797 1521 2848 1564 et
2877 1523 3002 1564 ante
3038 1515 3230 1568 saecula
3282 1515 3450 1572 Filius

1865 1607 1982 1651 erat
2018 1597 2189 1651 Patris
2219 1598 2347 1653 ivel
2380 1602 2647 1667 quomodo
2694 1599 2988 1655 Christiani
3026 1619 3144 1658 esse
3197 1618 3448 1674 possunt,

1867 1689 2109 1744 dicentes
2146 1688 2308 1742 alium
2331 1705 2450 1745 esse
2475 1690 2668 1744 Filium
2693 1730 2708 1754 ,
2744 1701 2798 1746 et
2823 1693 2986 1746 alium
3026 1694 3115 1748 Dei
3169 1695 3451 1752 Verbum?

1938 1779 2048 1833 Has
2081 1796 2181 1836 nos
2213 1792 2524 1836 sanctorum
2552 1781 2775 1838 Patrum
2809 1800 3102 1854 sequemur
3131 1792 3445 1846 sententias.

174 1889 378 1954 δόξαις.
414 1851 490 1939 Εἰ.
625 1851 709 1950 τίς
758 1851 1264 1956 ἑτεροδιδασκαλεῖ,
1303 1851 1396 1937 καὶ
1452 1851 1754 1957 ἑτερόιρρων

1872 1870 1925 1924 Si
1959 1881 2138 1925 autem
2199 1876 2322 1941 quis
2352 1874 2628 1929 diversum
2670 1876 2823 1930 docet
2849 1917 2862 1941 ,
2889 1851 2950 1931 iet
2975 1879 3247 1932 diversum
3282 1882 3445 1950 sapit,

175 1981 349 2042 ἐστὶν,
391 1980 497 2043 ἔξω
523 1980 622 2047 τῆς
658 1982 738 2041 είς
775 1980 926 2038 εὑθὺ.
965 1978 1060 2031 καὶ
1096 1976 1380 2047 βασιλικῆς
1405 1976 1629 2046 φέρεται
1655 1977 1764 2047 τρί-

175 2073 295 2124 ϐου.
332 2072 454 2124 Ὅτι
495 2071 550 2122 δὲ
581 2071 676 2123 καὶ
712 2071 772 2123 τὸ
803 2069 1082 2141 σαρκικῶς
1126 2067 1382 2136 λέγεσθαι
1435 2068 1763 2138 γεννηθῆναι

174 2164 440 2235 Χριστὸν,
499 2163 597 2214 οὑκ
629 2161 898 2232 ἀσύνηθες
933 2164 1045 2224 τοῖς
1076 2160 1252 2227 ἁγίοις
1310 2160 1610 2229 Πατράσιν,
1648 2159 1762 2212 ἐστι

171 2254 228 2306 δὲ
262 2254 331 2324 δὴ
364 2253 564 2322 μᾶλλον
610 2254 704 2305 καὶ
753 2255 963 2322 ἑτέροις
1021 2249 1274 2321 ἐντριϐὴς
1323 2252 1354 2317 ὴ
1394 2250 1558 2314 λέξις,
1611 2250 1762 2303 οὐδὲν

171 2338 339 2414 ἦττον
371 2345 500 2410 ἡμῖν
545 2341 747 2412 ἀληθὲς
789 2343 1036 2414 ὑπάρχον
1082 2339 1370 2393 ἀποφαίνει
1403 2341 1461 2391 τὸ
1497 2341 1758 2391 ὑποτετα-

171 2434 376 2504 γμένον
411 2433 574 2502 ῥητόν
593 2449 607 2464 ο
642 2432 754 2503 ἔχει
777 2433 832 2486 δὲ
860 2435 1052 2496 οὕτως.

437 2546 816 2614 Ἀμφιλοχίου
855 2545 1196 2598 ἐπισκόπου
1235 2545 1504 2596 Ἰκονίου.

241 2632 306 2682 El
344 2633 419 2701 μὴ
451 2635 561 2701 γὰρ
597 2634 811 2694 ἐκεῖνος
840 2631 1101 2701 ἐγεννήθη
1136 2632 1436 2701 σαρκικῶς,
1464 2631 1563 2684 οὑκ
1595 2631 1660 2683 ἂν
1694 2631 1758 2683 σὺ

168 2724 470 2793 ἐγεννήθης
499 2725 888 2792 πνευματικῶς
913 2741 925 2754 ⁸
957 2727 1006 2776 εἰ
1038 2725 1112 2795 μὴ
1142 2726 1347 2788 ἐκεῖνος
1375 2725 1632 2794 ἠνέσχετο
1659 2723 1759 2791 τῆς

166 2814 263 2866 τοῦ
287 2815 482 2866 δούλου
528 2815 765 2885 μορφῆς,
805 2817 906 2867 οὐκ
937 2816 1002 2869 ἂν
1035 2819 1098 2868 σὺ
1127 2817 1223 2886 τὴν
1256 2816 1413 2879 δόξαν
1444 2816 1542 2884 τῆς
1578 2813 1753 2866 υἱοθε-

169 2908 294 2967 σίας
326 2906 645 2974 ὲκέρδανας.
698 2908 862 2978 Δηλοί
900 2909 957 2960 δὲ
1007 2907 1285 2960 κάνταῦθα
1323 2907 1406 2972 τὸ,
1453 2905 1752 2975 σαρκικῶς,

166 2998 248 3060 τὸ,
283 2997 427 3051 κατὰ
480 3000 692 3070 σάρκα·
742 3000 994 3053 καθάπερ
1043 3001 1234 3052 άαέλει
1296 3000 1358 3051 τὸ
1424 2998 1640 3059 θεϊκῶς,
1671 2996 1750 3060 τὸ,

169 3087 319 3140 κατὰ
341 3089 597 3157 θεότητα.

607 3205 1194 3258 ΛΝΛΘΕΜΑΤΙΣΜΟΣ
1232 3205 1303 3258 Γ.
1358 3220 1362 3226 ·

235 3318 311 3371 Εἴ
344 3337 425 3382 τις
458 3319 550 3371 ἐπὶ
578 3318 674 3370 τοῦ
716 3319 836 3381 ἑνὸς
874 3318 1112 3388 Χριστοῦ
1154 3318 1355 3388 διαιρεῖ
1393 3319 1489 3381 τὰς
1515 3319 1752 3372 ὑποστά-

164 3425 282 3471 σεις
314 3409 452 3477 μετὰ
510 3407 608 3478 τὴν
638 3406 850 3471 ἕνωσιν,
911 3408 1050 3477 μόνῃ
1086 3408 1374 3461 συνάπτων
1424 3408 1593 3471 αὑτὰς
1631 3425 1754 3458 συν·

160 3501 337 3570 αφείᾳ
364 3504 429 3572 τῇ
465 3503 605 3554 κατὰ
636 3499 734 3570 τὴν
760 3499 916 3564 ἀξίαν
947 3539 960 3563 ,
994 3500 1159 3569 ἤγουν
1193 3501 1499 3562 αὑθεντίαν,
1530 3501 1562 3571 ἢ
1597 3498 1756 3552 δυνα-

161 3593 356 3644 στείαν
381 3633 395 3656 ,
435 3593 526 3644 καὶ
561 3593 682 3662 οὐχ).
713 3591 777 3659 δὴ
828 3590 1030 3660 μᾶλλον
1064 3591 1264 3660 συνόδῳ
1295 3593 1360 3643 τῆ
1400 3591 1520 3645 καθ’
1562 3592 1753 3644 ἕνωσιν

161 3682 410 3750 φυσικήν
433 3698 447 3712 ·
475 3682 723 3752 ἀνάθεμα
753 3681 912 3736 ἔστω.

488 3795 544 3848 Ἀ
555 3794 870 3862 ντίρῤησις
895 3792 1013 3846 τῶν
1046 3793 1454 3849 Ἀνατολικῶν.

236 3886 415 3940 Πάλιν
447 3887 610 3938 αὑτὸν
631 3885 738 3938 τῶν
769 3886 934 3938 αὑτοῦ
969 3885 1356 3954 ὑπομνήσομεν
1379 3897 1405 3934 q
1433 3885 1627 3951 λόγων,
1653 3886 1753 3938 δει-

159 3977 395 4039 κνύντες
421 3976 583 4028 αὑτὸν
621 3976 713 4028 δύο
743 3977 1069 4039 ὑποστάσεις
1099 3977 1344 4044 λέγοντα,
1382 3977 1437 4028 ἐν
1475 3971 1556 4037 οἷς
1589 3993 1751 4046 φησιν

158 4077 216 4128 ὲν
241 4071 326 4141 τῷ
350 4071 548 4140 πρώτῳ
574 4071 747 4139 τόμῳο
783 4070 988 4124 Οὐκοῦν
1011 4070 1136 4121 ὅσον
1163 4071 1237 4131 είς
1282 4068 1415 4120 ἰδίαν
1442 4069 1623 4137 φύσιν,
1653 4069 1750 4138 οὐχ

153 4165 431 4233 ἡγίασται
463 4163 620 4232 μόνος
653 4164 682 4214 ό
723 4165 788 4215 ὲκ
839 4161 974 4214 Θεοῦ
1011 4163 1226 4232 Πατρὸς
1268 4161 1438 4227 Λόγος
1463 4177 1474 4188 ·
1518 4163 1564 4213 εί
1599 4162 1655 4212 δὲ
1684 4161 1746 4232 δή

155 4272 237 4318 τις
272 4254 444 4306 οἴοιτο
473 4253 564 4306 τὸν
607 4256 670 4305 ἐκ
702 4254 798 4322 τῆς
845 4252 1008 4321 ἁγίας
1055 4253 1328 4323 Παρθένου
1354 4253 1749 4322 γεγεννημένον

155 4344 458 4414 κεχρίσθαί
509 4360 568 4394 τε
632 4343 723 4395 καὶ
773 4343 1030 4410 ὴγιάσθαι
1113 4342 1291 4412 μόνον,
1350 4343 1604 4413 ταύτῃτοι
1655 4343 1749 4395 καὶ

151 4436 484 4505 ὠνομάσθαι
535 4434 666 4486 Θεόν
692 4443 712 4471 ι’
745 4449 758 4461 ⁸
795 4433 912 4496 πῶς
955 4428 1048 4486 οῦν
1071 4434 1146 4494 ὡς
1202 4433 1590 4503 ἐπιλαθόμενος
1640 4435 1746 4486 τῶν

1866 1971 2017 2016 extra
2048 1973 2245 2019 rectam
2265 1971 2319 2018 et
2343 1965 2544 2035 regiam
2580 1967 2720 2020 viam
2749 1967 2944 2022 fertur.
3003 1969 3154 2035 Quod
3190 1980 3369 2025 autem
3393 1984 3448 2026 et

1866 2054 2160 2109 carnaliter
2187 2055 2291 2110 dici
2323 2067 2506 2110 natum
2554 2072 2677 2113 esse
2708 2057 3006 2126 Christum,
3032 2077 3136 2114 nun
3171 2063 3443 2117 insolitum

1869 2145 1942 2199 sit
1985 2148 2189 2201 sanctis
2237 2147 2525 2214 Patrihus,
2559 2151 2668 2204 imo
2711 2167 2838 2206 vero
2873 2153 3034 2207 etiam
3076 2153 3200 2208 aliis
3255 2156 3444 2210 tritum

1868 2239 2122 2301 verbum,
2171 2256 2274 2292 non
2313 2242 2491 2295 minus
2535 2258 2724 2297 verum
2777 2246 2932 2301 nobis
2979 2261 3102 2301 esse
3159 2248 3447 2319 snlijuncta

1867 2328 2026 2382 verba
2070 2331 2461 2386 demonstrant.
2505 2332 2578 2386 Ea
2607 2334 2684 2388 sic
2711 2335 2918 2391 habent

2234 2530 2586 2600 Amphiloc/tii
2619 2535 2852 2602 episcopi
2896 2534 3084 2588 lconii.

1932 2619 2046 2673 Nisi
2080 2620 2340 2674 enimille
2398 2631 2558 2676 natus
2595 2633 2740 2676 esset
2782 2626 3108 2690 carnaliter,
3161 2642 3332 2696 neque
3383 2638 3439 2684 tu

1863 2721 2017 2764 natus
2055 2726 2203 2766 esses
2237 2713 2551 2781 spiritaliter
2585 2729 2598 2766 :
2637 2714 2736 2769 nisi
2769 2715 2855 2770 ille
2884 2717 3095 2772 tulisset
3136 2722 3276 2773 servi
3327 2721 3439 2775 for-

1861 2818 2033 2868 mam,
2067 2819 2244 2873 neque
2285 2813 2337 2858 lu
2379 2806 2604 2874 gloriam
2642 2807 2946 2876 ad0ptionis
2987 2810 3214 2865 filiorum
3254 2824 3444 2868 nactus

1857 2907 2032 2947 esses.
2098 2893 2382 2964 Significat
2442 2905 2621 2950 autem
2674 2909 2727 2952 et
2782 2901 2880 2953 hoc
2939 2901 3058 2955 loco
3112 2905 3438 2969 carnaliter,

1858 2984 1998 3039 idem
2032 2986 2172 3053 quod
2203 2987 2500 3042 secundum
2531 3003 2773 3056 carnem,
2801 2992 2943 3046 sicut
2975 2993 3186 3048 scilicet
3238 2996 3439 3063 divine,

1857 3075 2160 3130 secundum
2193 3077 2554 3135 divinitatem.

2270 3189 2910 3252 ANATIIEMATISMUS
2951 3195 3041 3251 ΙΙΙ.

1929 3297 1986 3352 Si
2024 3300 2145 3368 quis
2177 3300 2227 3354 in
2271 3316 2376 3356 uno
2411 3302 2628 3358 Christo
2658 3315 2780 3374 post
2825 3309 3083 3364 unionem
3114 3311 3298 3365 dividit
3342 3313 3442 3382 hy-

1858 3399 2135 3457 postases,
2191 3393 2445 3462 ipsasque
2487 3404 2697 3450 tantum
2748 3399 3133 3468 conjunctione
3187 3403 3327 3457 inter
3381 3419 3443 3458 se

1858 3483 2152 3547 connectit,
2189 3498 2306 3552 qua:
2340 3488 2636 3540 secundum
2673 3490 3012 3558 dignitatem,
3046 3491 3160 3546 sive
3200 3495 3440 3549 auctori-

1860 3583 2047 3639 tatem,
2081 3573 2162 3627 vel
2199 3585 2545 3642 potestatem,
2574 3587 2626 3631 et
2664 3594 2765 3631 non
2801 3583 2977 3648 potius
3016 3599 3308 3650 concursu,
3347 3589 3439 3656 qui

1856 3674 1941 3717 est
1975 3665 2270 3719 secundum
2305 3666 2607 3721 naturalem
2641 3669 2922 3724 unionem:
2955 3677 3240 3729 anathema
3272 3677 3363 3734 sit.

2232 3777 2392 3850 164
2436 3777 2788 3833 Orientalium
2832 3784 3075 3852 objectio.

1927 3869 2124 3923 lterum
2146 3869 2294 3924 illum
2319 3887 2538 3925 suorum
2557 3877 3108 3932 commonefaciemus
3124 3895 3434 3946 verborum,

1854 3963 2203 4016 ostendentes
2250 3965 2423 4031 ipsum
2453 3965 2589 4018 duas
2615 3966 2994 4024 subsistentias
3030 3972 3250 4026 dixisse.
3298 3973 3437 4029 Dicit

1853 4053 1995 4105 enim
2027 4054 2078 4106 in
2101 4054 2273 4122 primo
2306 4065 2451 4109 tomo
2490 4075 2501 4108 :
2543 4056 2723 4126 Itaque
2751 4071 3012 4126 quantmn
3039 4064 3103 4115 ad
3146 4079 3297 4116 suam
3334 4082 3430 4118 na,

1857 4152 2054 4205 turam,
2087 4159 2190 4196 non
2227 4146 2629 4200 sanctificatum
2662 4157 2746 4202 est
2768 4151 2940 4204 solum
2971 4150 3062 4205 Dei
3096 4152 3273 4207 Patris
3303 4156 3434 4209 Ver-

1854 4236 2001 4288 bum.
2033 4234 2085 4288 Si
2119 4243 2298 4288 autem
2331 4238 2455 4307 quis
2491 4240 2784 4308 putaverit,
2829 4257 2976 4307 eum,
3011 4245 3099 4312 qui
3136 4260 3200 4298 ex
3246 4258 3428 4301 sancta

1853 4325 2073 4396 Virgine
2120 4328 2334 4395 genitus
2379 4338 2482 4393 est,
2517 4338 2738 4383 unctum
2774 4346 2891 4386 esse
2937 4343 2990 4386 et
3037 4337 3431 4390 sanctificatum

1852 4416 2044 4481 solum,
2066 4418 2165 4471 hac
2188 4419 2395 4474 ratione
2417 4422 2581 4474 etiam
2611 4423 2943 4477 nominatum
2962 4425 3253 4484 Christum.
3291 4428 3432 4494 Quo-

154 4527 385 4594 ἑαυτοῦ,
409 4529 488 4589 εἰς
520 4527 647 4597 μίαν
679 4527 974 4579 ὑπόστασιν
1001 4527 1218 4594 συνάγει
1246 4526 1487 4594 συγχέων
1514 4527 1609 4589 τὰς
1641 4526 1741 4594 φύε

1859 4510 2011 4564 modo
2060 4511 2244 4579 igitur,
2294 4515 2450 4581 quasi
2485 4515 2688 4570 oblitus
2734 4532 2956 4571 suorum
3010 4522 3314 4587 verborum,
3363 4524 3428 4576 ad

153 4639 301 4684 σεις,
339 4620 576 4689 φυσικὴν
607 4619 707 4688 τὴν
742 4618 892 4671 θείαν
921 4619 1112 4670 ἕνωσιν
1151 4618 1473 4681 dmum»);
1523 4619 1631 4670 Καὶ
1661 4619 1744 4680 τίς

150 4730 291 4766 ποτε
330 4711 690 4781 παραδέξεται
724 4711 957 4780 φυσικὴν
987 4710 1084 4780 τὴν
1121 4710 1269 4762 θείαν
1292 4711 1484 4762 ἕνωσιν
1513 4709 1607 4762 τοῦ
1645 4728 1743 4779 μυ-

150 4805 390 4874 στηρίου
431 4803 530 4872 τῆς
576 4802 926 4870 οἰκονομίας;
960 4801 1022 4853 Εἰ
1070 4800 1179 4871 γὰρ
1217 4803 1420 4870 φυσικὴ
1463 4803 1495 4870 ἡ
1528 4802 1739 4866 ἓνωσις,

149 4897 257 4950 ποῦ
289 4899 324 4966 ἠ
367 4895 561 4966 χάριςς
593 4894 697 4948 ποῦ
731 4895 793 4947 τὸ
847 4892 990 4946 θεῖον
1029 4895 1359 4964 μυστήριον;
1388 4896 1453 4946 Αἱ
1494 4895 1602 4964 γὰρ
1636 4895 1740 4963 φύ-

148 5008 295 5054 σεις,
331 4989 408 5051 ὡς
438 4985 818 5057 δεδιδάγμεθα,
847 4984 993 5050 ams
1023 4985 1171 5055 παρὰ
1208 4984 1302 5038 τοῦ
1319 4985 1576 5049 τάξαντος
1605 4985 1738 5038 Θεοῦ

146 5083 443 5146 παγεῖσαι,
480 5077 726 5146 ἀνάγκης
773 5076 1065 5146 ἀκολουθία
1093 5085 1112 5111 ³
1155 5076 1527 5129 δουλεύουσιν·
1579 5077 1610 5147 ἢ
1645 5078 1740 5129 καὶ

143 5175 312 5225 ἔσται
347 5171 512 5224 πάλιν
545 5169 686 5221 κατὰ
719 5167 1111 5236 ἀνακύκλησιν,
1147 5168 1239 5220 καὶ
1279 5168 1490 5235 φύσεως
1516 5168 1738 5220 ἀκολου-

144 5262 272 5314 θίαν
312 5261 375 5312 τὸ
403 5261 502 5330 τῆς
542 5261 855 5329 οἰκονομίας
898 5262 1084 5330 χρῆμα
1124 5259 1262 5310 κατὰ
1292 5259 1381 5311 τὸν
1411 5258 1592 5328 λῆρον,
1644 5260 1735 5311 καὶ

146 5351 379 5420 μυθώδη
425 5350 526 5419 τῆς
565 5349 1054 5420 χιλιονταετηρίδος
1082 5347 1178 5401 τοῦ
1212 5347 1529 5416 δυσωνύμου
1573 5347 1732 5400 Ἀπο-

142 5443 271 5497 λινα
279 5443 402 5516 ρίου
432 5441 678 5512 δόγματα
695 5459 710 5507 ;

1853 4620 2013 4656 unam
2060 4605 2371 4673 hypostasin
2420 4607 2584 4673 cogit,
2620 4617 2837 4662 naturas
2870 4609 3225 4676 confundens,
3273 4626 3430 4666 nutu-

1847 4697 2014 4752 ralem
2050 4699 2286 4752 divinam
2340 4699 2634 4754 unitionem
2683 4703 3008 4757 nominans?
3053 4704 3113 4757 Et
3165 4705 3286 4774 quis
3331 4724 3450 4762 un-.

1847 4805 2006 4857 quam
2043 4789 2291 4842 admittet
2326 4791 2626 4845 naturalem
2655 4792 2890 4846 divinam
2927 4794 3222 4848 unitionem
3261 4797 3311 4849 in
3342 4813 3428 4851 sa-

1847 4892 2125 4934 cramento
2155 4882 2616 4949 dispensationis?
2662 4884 2717 4938 Si
2756 4885 2899 4938 enim
2943 4887 3203 4939 naturalis
3233 4890 3423 4952 unitio,

1850 4973 1935 5024 nhi
1993 4973 2204 5040 gratia?
2269 4973 2357 5026 ubi
2412 4974 2651 5027 divinum
2707 4979 3148 5030 sacramentum?
3211 4976 3426 5034 Natum

1847 5063 2012 5127 enim,
2052 5072 2106 5116 ut
2135 5064 2312 5117 edocti
2349 5079 2555 5129 sumus,
2581 5065 2747 5119 semel
2779 5065 2846 5118 ab
2869 5067 3156 5122 ordinante
3191 5070 3298 5123 Deo
3329 5087 3422 5124 or-

1846 5156 2077 5218 dinatae,
2146 5156 2468 5209 necessariis
2518 5159 2919 5225 consequentiis
2967 5160 3232 5214 serviunt.
3285 5161 3420 5216 Num

1844 5249 2004 5300 etiam
2044 5246 2239 5299 iterum
2269 5247 2374 5300 erit
2407 5250 2700 5303 secundum
2731 5250 3117 5305 revolutionem
3141 5264 3194 5306 et
3218 5264 3421 5309 natura:

1842 5339 2284 5405 consequentiam
2341 5340 2760 5409 dispensationis
2821 5358 2954 5411 Opus
3010 5343 3161 5411 juxta
3221 5347 3417 5400 delira-

1844 5437 2047 5494 menta,
2082 5429 2434 5500 fabulosaque
2475 5433 2618 5486 mille
2651 5449 2913 5490 annorum
2959 5434 3179 5490 infausti
3211 5437 3417 5507 Apolli-

1845 5520 1980 5576 narii
2012 5521 2301 5592 dogmata?

1205 5661 1380 5716 Variae
1403 5663 1658 5715 lectiones
1692 5676 1754 5714 ex
1782 5659 1969 5714 codice
1995 5658 2366 5727 Seguieriano.

210 5829 240 5869 ει
276 5818 706 5888 ὑπομνήσωμεν.
791 5827 812 5854 τ
846 5818 1096 5890 Χριστόν.

1181 5828 1200 5853 ³
1235 5819 1504 5884 ταγεῖσαι,
1540 5814 1803 5883 ἀνάγκαις
1837 5813 2180 5884 ἀκολουθίας,
2207 5817 2247 5885 ἢ
2279 5817 2443 5883 ἵσως,
2489 5819 2826 5888 ἀναγκαίαις
2851 5822 3210 5886 ἀκολουθίαις.
