4078 6348
631 368 737 423 527

1184 475 1374 548 Cyriili
1415 475 1670 546 defensio.

710 590 937 646 Divinus
971 588 1189 654 Paulus,
1215 589 1484 659 quomodo
1513 588 1712 643 factum
1742 589 1813 644 sit
1840 589 2001 642 homo
2037 588 2222 659 unige-

1629 361 1690 418 S.
1729 358 2006 417 οῖιιιιιι
2046 359 2516 419 ALEXANDRINI
2553 365 2872 421 ARCHIEP.

2255 481 2302 538 Α

3791 365 3888 427 528

2796 480 3104 550 Ἀπολογία
3132 480 3454 549 Κινρίλιλου.

2405 591 2462 643 '0
2492 591 2776 656 θεσπέσιος
2823 593 3032 658 Παῦλος
3062 593 3141 658 τὺ,
3188 595 3310 648 τίνα
3341 595 3404 665 δὴ
3441 610 3644 664 τροπον
3677 595 3889 665 γέγονεν

637 685 810 738 nitum
847 681 940 737 Dei
980 681 1238 747 Verbum,
1263 693 1319 735 ut
1346 681 1516 735 ﬁdelis
1540 681 1881 750 dispensator
1917 695 2211 736 sacramen-

2324 681 2608 751 ἄνθρωπος
2663 684 2691 735 ὁ
2742 685 3040 754 μονογενὴς
3085 683 3179 736 τοῦ
3235 683 3368 738 Θεοῦ
3417 685 3618 753 Λόγος,
3673 687 3890 758 ἐναργὲς

639 786 813 828 torum
845 773 934 827 Dei
960 773 1100 836 ",et
1128 773 1298 842 ipsum
1323 771 1526 826 habens
1558 773 1608 824 in
1642 787 1702 826 se
1727 772 2033 837 laqncntem
2061 771 2221 825 Chri-

636 877 777 920 stum
805 864 872 930 ⁸⁸,
909 864 1194 919 manifeste
1225 865 1478 919 omnibus
1506 865 1803 919 ostendens
1837 883 1848 918 :
1884 883 1902 916 ι
1931 862 2047 918 Non
2075 864 2219 917 enim

636 957 856 1027 angelos
886 955 1265 1026 apprehendit,
1289 956 1488 1026 inquit,
1519 956 1612 1010 sed
1645 969 1827 1009 semen
1863 955 2096 1009 Abrahae
2125 969 2220 1024 ap-

635 1049 1007 1117 prehendit".
1039 1068 1057 1101 ι
1084 1047 1237 1104 Unde
1254 1048 1512 1116 Oportuit,
1537 1063 1660 1101 eum
1696 1062 1791 1116 per
1824 1048 2004 1101 omnia
2037 1047 2220 1101 l'ratri-

635 1143 735 1196 bus
765 1141 994 1195 similem
1029 1139 1176 1205 ﬁeri,
1207 1147 1265 1192 ut
1299 1138 1608 1193 misericors
1629 1147 1683 1192 et
1716 1138 1885 1192 ﬁdelis
1905 1137 2055 1192 ﬁeret
2091 1152 2220 1206 pon-

637 1232 766 1287 tifex
800 1232 851 1286 in
887 1231 992 1293 his,
1028 1244 1148 1299 qua:
1177 1229 1243 1282 ad
1280 1229 1448 1284 Deum
1481 1228 1546 1282 ‘°.
1585 1227 1693 1282 Nos
1719 1242 1850 1281 vero
1883 1237 1938 1279 ut
1975 1227 2218 1281 rectissi-

636 1342 723 1382 me
772 1326 1042 1394 prolatum
1076 1323 1176 1376 hoc
1211 1320 1429 1377 dictum'
1461 1329 1646 1375 nostra
1701 1320 1969 1374 sententia
2021 1319 2213 1386 proha-

634 1430 775 1480 mus,
805 1418 1095 1481 sequentes
1126 1409 1327 1478 uhique
1363 1408 1624 1463 divinitus
1652 1407 1943 1477 inspiratas
1966 1407 2217 1476 Scriptu-

634 1521 745 1570 ras,
783 1515 836 1560 et
878 1504 1033 1558 valde
1075 1501 1410 1555 admirantes
1459 1499 1832 1568 theologorum
1884 1511 2065 1561 voces,
2112 1497 2218 1550 imo

632 1613 726 1651 eas
762 1612 858 1665 pro
900 1594 1102 1649 divinis
1150 1593 1357 1663 legibus
1394 1590 1679 1656 habentes,
1720 1589 1950 1644 dicimus
1982 1587 2075 1642 Dei
2111 1586 2216 1641 Pa-

633 1687 731 1740 tris
762 1684 996 1738 Vcrhnm
1045 1696 1153 1736 non
1203 1679 1632 1750 apprehendisse
1676 1692 1855 1746 neque
1904 1687 2214 1732 sanctorum

633 1779 972 1848 angelorum,
1008 1790 1182 1847 neque
1205 1789 1357 1830 suam
1388 1784 1637 1827 naturam
1672 1791 1686 1826 :
1713 1772 1986 1827 credimus
2013 1781 2212 1835 autem,

633 1870 929 1926 secundum
954 1869 1096 1939 quod
1123 1867 1296 1923 sacris
1328 1864 1550 1920 Litteris
1586 1864 1821 1929 videtur,
1851 1863 1994 1932 quod
2023 1863 2216 1917 eburn-

632 1964 797 2018 lirans
830 1973 1030 2018 sanctae
1063 1962 1299 2030 Virgini,
1344 1969 1529 2029 utpote
1561 1958 1734 2012 virtus
1760 1957 2028 2010 exsisteus
2061 1956 2214 2009 altis-

630 2054 754 2106 simi
794 2051 989 2116 Patris,
1028 2050 1283 2104 formavit
1317 2047 1418 2103 sibi
1458 2061 1656 2114 corpus
1688 2060 1754 2099 ex
1791 2044 1903 2110 illa,
1944 2055 2214 2098 verumta-

630 2159 752 2198 men
781 2160 876 2213 per
906 2144 1279 2210 operationem
1309 2139 1483 2194 sancti
1517 2137 1782 2208 Spiritus;
1818 2148 1870 2192 et
1898 2136 2094 2193 factum
2131 2147 2214 2192 est

632 2238 812 2303 horno,
848 2234 1284 2305 appellatumque
1326 2239 1410 2286 est
1446 2230 1586 2285 ﬁlius
1616 2230 1845 2285 Abrahre
1881 2239 1935 2284 et
1964 2230 2210 2294 Davidis;

631 2344 734 2384 non
774 2328 1030 2382 amittens
1069 2335 1288 2395 prepter
1319 2322 1738 2388 humanitatem,
1764 2321 1906 2390 quod
1947 2321 2020 2376 sit
2047 2320 2213 2376 Filius

632 2421 723 2475 Dei
752 2429 805 2474 et
843 2417 1020 2471 Patris
1062 2414 1359 2470 secundum
1407 2413 1729 2476 veritatem;
1777 2426 2002 2466 manens
2031 2423 2210 2468 autem

631 2512 833 2580 potius,
867 2509 1116 2579 quamvis
1144 2505 1346 2561 factum
1379 2505 1451 2559 sit
1481 2517 1632 2565 caro,
1670 2501 1826 2572 165
1862 2502 1912 2556 in
1944 2513 2134 2557 natura
2158 2513 2214 2558 et

627 2599 918 2656 eminentia
938 2606 991 2651 et
1013 2596 1183 2666 gloria
1202 2594 1441 2648 deitatis.
1475 2591 1831 2646 lmmutabilis
1859 2592 2000 2644 enim
2035 2599 2138 2654 est,
2159 2599 2213 2645 et

627 2691 979 2748 conversione
995 2685 1288 2757 potentior,
1303 2694 1362 2739 ut
1382 2683 1542 2738 Deus.
1561 2682 1654 2736 Est
1667 2682 1829 2752 igitur
1846 2696 1985 2736 unus
2001 2691 2055 2735 et
2069 2680 2210 2736 idem

625 2791 680 2837 et
700 2779 869 2835 Filius
891 2787 945 2833 et
970 2776 1227 2831 Dominus
1255 2783 1308 2829 et
1350 2783 1477 2828 ante
1512 2782 1567 2827 et
1605 2782 1726 2841 post
1759 2772 2208 2826 incarnationem.

629 2873 878 2928 Dividere
900 2879 1080 2925 autem
1110 2882 1275 2922 unum
1313 2866 1365 2919 in
1392 2865 1528 2920 duos
1557 2863 1716 2931 ﬁlios,
1745 2873 1800 2918 et
1826 2863 2038 2918 solvere
2071 2878 2212 2918 verae

629 2964 886 3019 unitionis
930 2975 1091 3032 opus,
1124 2959 1507 3027 distinguendo
1548 2970 1815 3020 seorsum,
1865 2964 1919 3010 et
1963 2957 2210 3026 ponendo

628 3056 877 3126 privatim
899 3053 1197 3115 hominem,
1216 3060 1269 3104 et
1297 3049 1550 3118 privatim
1577 3049 1765 3116 Deum,
1790 3047 1962 3102 crime
1986 3064 2018 3100 ιι
2045 3046 2208 3102 estin

628 3151 815 3220 primis
848 3150 1090 3216 impium.
1121 3143 1290 3200 Porro
1311 3141 1593 3196 Nestorius
1621 3142 1722 3195 ista
1755 3157 1941 3210 parum
1980 3156 2206 3209 curans,

626 3242 787 3296 audet
822 3239 950 3310 ipsis
979 3236 1246 3292 verbissic
1270 3234 1454 3289 dicere
1486 3249 1500 3287 :
1535 3251 1554 3283 ι
1583 3232 1694 3286 lloe
1723 3233 1923 3286 sentite
1943 3231 1995 3286 in
2027 3233 2208 3299 vobis,

626 3335 769 3404 quod
803 3330 926 3385 etin
956 3327 1174 3383 Christo
1197 3324 1347 3389 Jesu,
1383 3322 1477 3394 qui
1499 3323 1551 3377 in
1583 3322 1754 3377 forma
1788 3322 1883 3377 Dei
1913 3323 2207 3388 exsistens,

626 3426 863 3496 seipsum
890 3419 1209 3483 exinanivit,
1240 3417 1467 3471 formam
1490 3414 1631 3470 servi
1657 3409 1931 3484 accipiens
1951 3415 2050 3468 ⁸⁸.)
2094 3414 2206 3470 Non

625 3517 764 3571 dixit
804 3532 820 3570 :
867 3513 977 3569 Hoc
1011 3513 1210 3567 sentite
1245 3510 1297 3561 in
1330 3506 1500 3572 vobis,
1525 3507 1667 3576 quod
1698 3517 1752 3561 et
1785 3507 1836 3560 in
1872 3507 1980 3561 Deo
2008 3505 2205 3572 Verbo,

624 3607 768 3677 quod
795 3605 1036 3659 informa
1063 3602 1153 3656 Dei
1174 3599 1467 3664 exsistens,
1500 3599 1641 3652 servi
1671 3598 1900 3671 formam
1934 3597 2203 3666 suscepit:

625 3703 718 3756 sed
745 3715 865 3754 cum
896 3697 1200 3764 accepisset
1231 3692 1332 3747 hoc
1355 3705 1575 3754 nomen,
1608 3689 1876 3754 Christus,
1907 3691 2204 3744 utduarum

625 3801 936 3846 naturarum
952 3786 1365 3858 appellationem
1390 3782 1826 3853 signiticativam,
1843 3782 1958 3836 sine
1971 3780 2207 3850 periculo

624 3888 798 3956 ipsum
851 3893 904 3937 et
949 3881 1088 3937 servi
1135 3881 1362 3934 formam
1403 3878 1537 3933 dicit
1585 3879 1910 3945 suscepisse,
1949 3886 2002 3930 et
2037 3877 2202 3931 Deum

627 3978 890 4038 nominat,
941 3975 1070 4028 dum
1111 3988 1199 4036 ea,
1240 3985 1356 4040 qua:
1387 3972 1664 4031 dicuntur,
1719 3969 1770 4021 in
1806 3973 1938 4022 duas
1985 3979 2205 4024 naturas

622 4070 739 4122 sine
763 4066 1182 4135 reprehensione
1203 4062 1538 4117 dividuntur.
1573 4061 1626 4114 In
1651 4061 1818 4114 altera
1843 4069 2020 4114 autem
2049 4075 2204 4114 enar-

621 4161 830 4215 ratione
876 4159 1070 4212 iternm
1118 4156 1249 4209 dicit
1306 4171 1320 4206 :
1377 4174 1394 4205 ι
1430 4153 1498 4208 Ut
1530 4155 1584 4207 in
1621 4153 1838 4207 nomine
1879 4150 2004 4207 Jesu
2045 4166 2205 4207 omne

619 4269 757 4325 genu
781 4231 1024 4306 ﬂectatur
1039 4248 1366 4313 caelestium,
1384 4247 1722 4301 terrestrium
1747 4259 1799 4300 et
1826 4245 2159 4298 infernorum
2187 4262 2200 4298 :

2323 772 2494 824 ἆπασι
2525 772 2804 838 καθιστὰς,
2842 774 2918 837 ὡς
2951 773 3231 843 οἰκονόμος
3265 777 3580 846 μυστηρίων
3612 776 3769 842 Θεοῦ,
3802 779 3890 830 καὶ

2322 863 2482 916 αὐτὸν
2531 863 2667 933 ἔχων
2702 867 2760 918 ὲν
2816 866 2994 934 ἐαυτῷ
3028 865 3292 919 λαλοῦντα
3322 867 3555 937 Χριστόν
3576 884 3588 898 ·
3629 888 3646 915 σ
3672 871 3747 922 Οὐ
3788 871 3890 940 γὰρ

2319 952 2384 1022 δή
2424 970 2522 1005 που
2553 954 2799 1022 ἀγγέλων
2849 954 3300 1024 ἐπιλαμϐάνεται,
3342 957 3528 1025 φησὶν,
3554 956 3692 1010 ἀλλά
3728 959 3888 1029 σπέρ-

2324 1061 2492 1113 ματος
2527 1045 2777 1116 Ἀϐρααμ
2817 1046 3280 1116 ἐπιλαμϐάνεται*
3324 1065 3342 1098 ι
3385 1048 3505 1100 ὅθεν
3531 1047 3728 1117 ὤφειλε
3757 1052 3889 1104 κατά

2321 1138 2496 1191 πάντα
2530 1141 2640 1201 τοῖς
2670 1139 2916 1208 ἀδελφοῖς
2943 1139 3304 1209 ὁμοιωθῆναι,
3337 1141 3422 1193 ἵνα
3452 1141 3702 1212 ἐλεήμων
3734 1145 3888 1213 γένη-

2318 1246 2426 1290 ται,
2446 1230 2540 1282 καὶ
2567 1230 2755 1294 πιστὸς
2788 1231 3077 1302 ἀρχιερεὺς
3104 1232 3173 1284 τὰ
3207 1231 3343 1301 πρὸς
3357 1233 3447 1286 τὸν
3469 1233 3618 1287 Θεόν.
3638 1234 3889 1305 Ἠμεῖςδὲ

2316 1321 2437 1381 ταῖς
2478 1322 2556 1380 εἰς
2591 1321 2860 1391 ὀρθότητα
2907 1320 3105 1390 ψήφοις
3161 1322 3548 1391 στεφανοῦντες
3579 1324 3639 1376 τὸ
3669 1327 3890 1395 εἰρημέ-

2317 1425 2427 1471 νον,
2451 1410 2709 1480 ὲπόμενοί
2737 1427 2797 1463 τε
2820 1413 3068 1482 πανταχῆ
3088 1415 3206 1475 ταῖς
3228 1411 3601 1478 Θεοπνεύστοις
3631 1415 3889 1485 Γραφαῖς,

2317 1503 2410 1555 καὶ
2441 1503 2541 1566 τὰς
2588 1502 2695 1554 τῶν
2729 1502 3008 1575 Οεηγόρων
3041 1505 3226 1572 φωνὰς
3260 1505 3353 1558 τοῦ
3391 1507 3591 1569 παντὸς
3619 1508 3891 1573 ἀξιοῦντες

2318 1593 2614 1663 θαύματος,
2649 1595 2847 1664 μᾶλλον
2885 1595 2942 1648 δὲ
2990 1596 3084 1649 καὶ
3135 1596 3312 1660 θείους
3352 1598 3642 1668 ἡγούμενοι
3676 1601 3886 1670 νόμους,

2316 1687 2379 1738 οὐ
2409 1685 2510 1754 τῆς
2553 1686 2664 1738 τῶν
2717 1689 2889 1754 ἁγίων
2942 1688 3212 1756 ἀγγέλων,
3240 1689 3364 1742 οὔτε
3407 1691 3512 1759 μὴν
3552 1694 3651 1762 τῆς
3696 1693 3889 1746 ἑαυτοῦ

2319 1775 2530 1844 φύσεως
2566 1778 2918 1831 ἐπιλαϐέσθαι
2954 1780 3134 1849 φαμὲν
3165 1780 3258 1833 τὸν
3291 1783 3355 1833 ἐκ
3384 1781 3518 1833 Θεοῦ
3550 1783 3768 1852 [la-:90;
3797 1786 3893 1838 Λό-

2318 1886 2446 1936 γονο
2495 1869 2940 1942 πεπιστεύκαμεν
3000 1871 3079 1935 δὲ,
3133 1872 3218 1924 ὅτι
3265 1872 3404 1926 κατά
3455 1872 3515 1924 τὸ
3559 1875 3669 1935 τοῖς
3731 1875 3893 1945 ἱεροῖς

2317 1963 2356 2014 Γ
2362 1963 2612 2033 ράμμασι
2641 1961 2851 2025 δοκοῦν,
2880 1964 3208 2027 ὲπισκιάσας
3231 1967 3298 2036 τῇ
3331 1965 3463 2034 ἁγίᾳ.
3490 1965 3774 2036 Παρθένῳ,
3799 1968 3892 2020 ᾶτε

2313 2056 2377 2126 δὴ
2419 2056 2510 2109 καὶ
2563 2055 2794 2126 δύναμις
2837 2054 2914 2110 ὣν
2947 2056 3042 2109 τοῦ
3099 2055 3322 2125 ὑψίστου
3378 2056 3612 2127 Πατρὸς,
3659 2059 3893 2113 ἔπλασεν

2316 2147 2494 2216 ἑαυτῷ
2527 2146 2589 2199 τὸ
2627 2147 2788 2218 σῶμα
2816 2148 2878 2200 τὸ
2911 2147 2970 2212 ἐξ
2999 2147 3192 2218 αὐτῆς,
3230 2147 3368 2220 πλὴν
3396 2147 3462 2202 δι’
3489 2150 3771 2218 ἐνεργείας
3800 2150 3892 2203 τοῦ

2316 2239 2473 2306 ἁγίου
2515 2237 2830 2307 Πνεύματος
2853 2255 2868 2269 ο
2909 2240 3004 2292 καὶ
3037 2239 3262 2306 γέγονεν
3275 2239 3582 2310 ἄνθρωπος,
3611 2241 3895 2310 κεχρημά-

2313 2332 2431 2385 τικέ
2458 2348 2515 2384 τε
2573 2331 2670 2384 καὶ
2707 2331 2820 2392 υἱὸς
2861 2329 3131 2400 Ἀϐραὰμ,
3165 2331 3258 2383 καὶ
3281 2330 3474 2383 Δαυῖδ’
3510 2330 3611 2383 οῦκ
3647 2332 3897 2399 ἀπεμπο-

2314 2424 2482 2492 λήσας
2515 2423 2603 2476 διὰ
2669 2424 2729 2475 τὸ
2773 2421 3113 2493 ἀνθρώπινον
3156 2424 3218 2476 τὸ
3272 2419 3411 2476 εῖναι
3445 2425 3585 2476 κατά
3634 2423 3894 2492 ἀλήθειαν

2315 2515 2443 2576 Υἱὸς
2474 2513 2566 2566 τοῦ
2601 2513 2761 2576 Θεοῦ,
2810 2514 2903 2565 καὶ
2950 2514 3184 2583 Πατρὸς,
3223 2515 3547 2585 μεμενηκὼς
3580 2516 3635 2568 δὲ
3666 2517 3892 2584 μᾶλλον,

2314 2605 2409 2657 καὶ
2448 2607 2498 2657 εἰ
2548 2604 2741 2673 γέγονε
2780 2605 2936 2676 σὰρξ,
2966 2607 3022 2657 ἐν
3075 2605 3237 2675 φύσει
3264 2623 3323 2659 τε
3367 2610 3463 2661 καὶ
3497 2608 3762 2678 ὑπεροχῇ,
3800 2609 3897 2662 καὶ

2311 2695 2438 2769 δόξῃ
2488 2695 2767 2765 Θεότητος·
2803 2696 3157 2759 ἀναλλοίωτος
3187 2698 3293 2768 γάρ
3344 2700 3482 2763 ἐστι,
3535 2701 3627 2752 καὶ
3683 2700 3896 2770 τροπῆς

2311 2787 2572 2857 ἀμείνων,
2600 2786 2675 2849 ὼς
2696 2787 2847 2850 Θεός.
2879 2786 3051 2853 Ἔστι,
3074 2789 3092 2823 ί
3125 2787 3304 2840 τοίνυν
3331 2784 3412 2850 εἷς
3437 2806 3496 2841 τε
3546 2791 3639 2843 καὶ
3672 2791 3702 2841 ὁ
3729 2790 3896 2853 αὐτὸς

2314 2880 2461 2945 Υἱὸς,
2490 2881 2583 2933 καὶ⁵
2611 2880 2817 2950 Κύριος
2847 2879 2940 2933 καὶ
2966 2879 3104 2947 πρὸς
3124 2879 3224 2948 τῆς
3253 2879 3602 2950 σαρκώσεως,
3623 2881 3721 2935 καὶ
3753 2881 3898 2952 μετά

2311 2972 2410 3043 τὴν
2435 2972 2732 3044 σάρκωσιν.
2756 2972 2869 3025 Καὶ
2891 2971 2954 3024 τὸ
2980 2971 3209 3042 διαιρεῖν
3240 2974 3319 3036 εἰς
3354 2972 3501 3034 υἱοὺς
3530 2972 3623 3026 δύο
3650 2973 3743 3026 τὸν
3772 2975 3895 3038 ἕνα,

2311 3064 2496 3117 καὶτὸ
2532 3064 2632 3134 τῆς
2662 3062 2896 3133 ἀληθοῦς
2928 3061 3174 3126 ἑνὼσεως
3218 3061 3520 3132 παραλύειν
3564 3063 3780 3133 χρῆμα,
3815 3065 3898 3117 δι-

2238 3152 2282 3213 C
2318 3154 2572 3216 ιστάντας
2604 3153 2717 3206 ἀνὰ·
2747 3151 2934 3223 μέρος,
2973 3151 3067 3205 καὶ
3097 3151 3345 3214 τιθέντας
3371 3150 3553 3214 ίδικῶς
3580 3152 3896 3222 ἄνθρωπον,

2312 3246 2406 3298 καὶ
2435 3242 2618 3304 ἰδικῶς
2637 3241 2792 3304 Θεὸν,
2822 3239 3142 3303 δυσσεϐείας
3171 3239 3284 3309 ἔχει
3317 3239 3419 3308 τῆς
3458 3241 3720 3293 ἀνωτάτω
3752 3257 3896 3311 γρα-

2312 3340 2438 3409 φήν.
2484 3333 2671 3402 Ὀλίγα
2694 3344 2724 3372 ιι
2755 3332 2813 3385 δὲ
2854 3332 3046 3386 τούτου
3099 3330 3478 3404 πεφροντικὼς
3502 3333 3531 3384 ὁ
3566 3332 3894 3404 Νεστόριος,

2309 3427 2644 3498 τετόλμηκεν
2665 3422 2838 3477 εἰπεῖν
2870 3423 3062 3485 αὑταῖς
3081 3422 3293 3486 λέξεσιν
3318 3422 3512 3484 οὓτως
3536 3422 3736 3476 «Τοῦτο
3756 3440 3892 3494 φρο-

2310 3519 2507 3575 νεὶσθω
2534 3519 2591 3570 ὲν
2628 3517 2776 3589 ὑμῖν,
2803 3515 2833 3568 ὃ
2866 3514 2957 3569 καὶ
2982 3515 3041 3568 ὲν
3072 3513 3296 3585 Χριστῷ
3337 3512 3511 3582 Ἰησοῦ
3537 3530 3551 3544 ο
3587 3513 3644 3578 ὃς
3674 3515 3733 3566 ὲν
3763 3531 3899 3585 μορ-

2309 3615 2384 3683 φῇ
2436 3610 2571 3664 Θεοῦ
2599 3608 2885 3680 ὑπάρχων,
2933 3606 3126 3661 ἑαυτὸν
3152 3607 3409 3670 ἐκένωσε,
3449 3606 3665 3678 μορφὴν
3696 3606 3897 3661 δούλου

2307 3704 2508 3759 λαϐών.
2539 3722 2558 3755 ι
2595 3703 2707 3756 Οὐκ
2737 3696 2879 3766 εἷπε,
2910 3698 3082 3753 Τοῦτο
3116 3699 3418 3769 φρονείσθω
3458 3701 3516 3751 ὲν
3552 3699 3701 3769 ὑμῖν,
3731 3698 3762 3751 δ
3796 3699 3897 3753 καὶ

2309 3797 2367 3848 ἐν
2400 3793 2479 3865 τῷ
2505 3793 2625 3862 Θεῷ
2655 3791 2844 3860 Λόγῳ,
2877 3788 2935 3850 ὃς
2973 3790 3030 3840 ὲν
3073 3789 3253 3858 μορφῇ
3288 3785 3423 3840 Θεοῦ
3456 3787 3742 3858 ὑαιτάρχιιυν⁹
3777 3787 3896 3841 δού-

2308 3881 2398 3933 λου
2434 3879 2648 3951 μορφὴν
2678 3878 2868 3931 ἔλαϐεν
2889 3874 3067 3928 «me
3094 3875 3274 3928 λαϐὼν
3291 3875 3373 3936 τὸ.
3404 3877 3656 3947 Χριστὸς,
3680 3876 3756 3940 ὡς
3779 3878 3895 3930 τῶν

2306 3973 2400 4026 δύο
2430 3973 2645 4041 φύσεων
2684 3970 3056 4041 προσηγορίαν
3085 3968 3446 4039 σημαντικὴν,
3467 3968 3768 4031 ἀκινδύνως
3798 3969 3897 4022 αῦ-

2306 4065 2395 4117 τὺν
2429 4065 2523 4117 καὶ
2564 4062 2751 4114 δούλου
2807 4061 3021 4132 μορφὴν
3051 4060 3257 4122 λαϐεῖν,
3291 4061 3385 4111 καὶ
3433 4059 3562 4113 Θεὸν
3588 4059 3854 4129 ὀνομάζει
3875 4076 3890 4090 ·

2306 4154 2411 4207 τῶν
2441 4155 2497 4206 δὲ
2530 4153 2848 4223 λεγομένων
2882 4162 2906 4191 '
2935 4154 3015 4216 εἰς
3043 4151 3104 4204 τὸ
3126 4150 3234 4205 τῶν
3266 4150 3480 4218 φύσεων
3507 4149 3767 4220 ἀλήπτως
3797 4167 3898 4219 μευ

2309 4244 2608 4315 ριζομένων
2629 4242 2870 4296 διπλοῦν.
2919 4243 3006 4296 Ἐν
3039 4241 3201 4312 ἑτέρᾳ
3229 4241 3283 4294 δὲ
3306 4241 3465 4293 πάλιν
3493 4240 3753 4310 ἐξηγήσει
3784 4256 3895 4309 φη-

619 4358 674 4400 et
706 4343 882 4398 onmis
909 4342 1086 4410 lingua
1112 4339 1457 4402 conﬁteatur,
1486 4339 1629 4406 quod
1655 4337 1917 4392 Dominus
1946 4346 2025 4390 est
2049 4335 2204 4390 Jesus

2311 4338 2424 4390 σίν·
2462 4355 2479 4387 ι
2510 4336 2630 4389 Ἵνα
2665 4338 2722 4388 ὲν
2772 4334 2849 4404 τῷ
2888 4334 3112 4403 ὀνόματι
3153 4332 3325 4402 Ἰησοῦ
3360 4334 3470 4385 πᾶν
3514 4333 3641 4397 γόνυ
3687 4331 3896 4403 κάμψῃ

619 4436 869 4492 Christus
891 4436 959 4485 °'.
1000 4451 1018 4484 ι
1053 4431 1280 4499 Propter
1315 4439 1644 4499 gestantem,
1682 4444 1804 4483 eum
1835 4429 1927 4497 qui
1961 4436 2203 4498 gestatur

2311 4427 2669 4496 ἐπουρανίων,
2734 4425 2829 4475 καὶ
2884 4421 3161 4489 ἐπιγείων,
3206 4422 3298 4473 καὶ
3344 4419 3744 4488 καταχθονίων,
3791 4419 3897 4471 καὶ

619 4541 847 4581 veneror
889 4542 901 4578 :
956 4531 1173 4592 propter
1217 4521 1499 4582 latentem,
1539 4521 1683 4589 quod
1731 4532 1957 4588 apparet
2005 4519 2196 4572 adoro.

2311 4488 2460 4571 πᾶσα
2498 4518 2722 4584 γλῶσσα
2766 4515 3265 4585 ἐξομολογήσηται,
3313 4513 3394 4564 ὅτι
3430 4511 3630 4582 Κύριος
3671 4509 3897 4578 Ἰησοῦς

622 4614 1006 4685 lnseparabilis
1031 4611 1132 4666 est
1177 4613 1245 4666 ab
1282 4627 1346 4666 eo
1375 4612 1468 4680 qui
1499 4611 1714 4664 videtur
1746 4608 1927 4673 Dens;
1980 4619 2203 4676 propter

2311 4608 2553 4680 Χριστός.
2595 4626 2612 4657 ι
2642 4605 2740 4658 Διά
2773 4607 2863 4657 τὸν
2894 4604 3184 4675 φοροῦντα,
3230 4604 3291 4655 τὸ
3323 4601 3657 4671 φορούμενον
3695 4599 3850 4651 σέϐω
3877 4616 3892 4628 ο

621 4713 723 4766 hoc
755 4709 891 4778 ejus,
925 4709 1016 4776 qui
1052 4722 1157 4761 non
1195 4714 1502 4776 separatur,
1537 4705 1798 4758 honorem
1833 4716 1939 4756 non
1978 4715 2199 4770 separo;

2311 4703 2389 4755 5ιά
2413 4702 2501 4755 τὸν
2529 4700 2913 4770 κεκρυμμένον
2948 4696 3239 4769 προσκυνῶ
3268 4697 3329 4750 τὸ
3359 4694 3710 4763 φαινόμενονο
3746 4693 3901 4763 ἀχώ-

619 4817 814 4871 separo
849 4812 1090 4862 naturas,
1123 4799 1216 4853 sed
1251 4799 1378 4851 unio
1423 4796 1814 4850 adorationem.
1851 4793 1953 4862 (Et
2002 4794 2197 4847 iterum

2311 4807 2480 4857 οιστος
2513 4789 2606 4841 τοῦ
2636 4788 2960 4858 φαινομένου
2986 4787 3147 4849 Θεός·
3182 4785 3268 4838 διὰ
3291 4785 3450 4838 τοῦτο
3475 4783 3568 4837 τοῦ
3608 4785 3683 4854 μὴ
3713 4801 3902 4853 χωρι-

621 4895 675 4948 ἱιι
712 4893 817 4946 alia
846 4890 1205 4960 eXpIicatione
1237 4906 1248 4941 :
1287 4887 1382 4942 Dic
1429 4889 1495 4940 de
1523 4901 1587 4940 eo
1627 4886 1718 4955 qui
1752 4884 2009 4954 suscepit,
2057 4884 2198 4951 quod

2311 4882 2530 4950 ζομένου
2569 4880 2668 4950 τὴν
2697 4881 2861 4951 τιμήν
2893 4881 2953 4932 οὑ
2988 4877 3225 4949 χωρίζω.
3265 4877 3497 4946 Χωρίζω
3525 4875 3624 4938 τὰς
3664 4876 3899 4942 φύσεις,

620 4988 690 5040 sit
721 4984 898 5049 Deus;
928 4996 1139 5051 appone
1162 4980 1311 5034 illum
1337 4979 1426 5048 qui
1459 4989 1742 5047 susceptus
1772 4986 1873 5040 est,
1903 4976 2027 5044 quia
2053 4975 2194 5030 servi

2311 4971 2420 5022 ἀλλ’
2460 4971 2562 5022 ἑνῶ
2607 4971 2706 5039 τήν
2742 4968 3132 5039 προσκύνησιν.
3164 4967 3273 5020 Καὶ
3321 4969 3379 5019 ὲν
3430 4965 3688 5036 ἐξηγήσει
3720 4964 3903 5016 πάλιν

622 5082 822 5140 l'urma;
856 5077 1028 5144 adjice
1053 5076 1290 5142 posthmc
1315 5070 1679 5126 conuexionis
1701 5069 2045 5140 dignitatem,
2069 5068 2192 5137 quia

2311 5062 2490 5131 ἑτέρᾳ·
2530 5061 2663 5113 Εἰπὲ
2695 5062 2785 5113 τὸν
2815 5060 3175 5113 ἀναλαϐόντα·
3209 5061 3290 5111 ὅτι
3322 5057 3474 5121 Θεός.
3509 5055 3755 5128 Πρόσθες
3796 5056 3905 5107 τὸν

620 5169 849 5219 duormn
888 5164 1186 5216 auctoritas
1215 5162 1539 5222 communis,
1573 5156 1697 5228 quia
1735 5159 1964 5212 duorum
2007 5159 2194 5212 eadem

2311 5155 2708 5224 ἀναληφθέντα,
2741 5155 2821 5207 ὅτι
2853 5153 3039 5205 δούλου
3070 5152 3248 5222 μορφή
3271 5168 3282 5180 ·
3323 5151 3569 5218 ὲπάγαγε
3596 5150 3736 5218 με.τά
3765 5148 3910 5201 ταῦ-

621 5258 883 5328 dignitas;
914 5255 1126 5308 naturis
1158 5251 1524 5315 manentibus,
1560 5251 1730 5305 fatere
1760 5250 2037 5319 dignitatis
2073 5251 2194 5302 uni-

2311 5265 2373 5300 τα
2407 5247 2466 5299 τὸ
2493 5246 2591 5315 τῆς
2621 5245 2912 5313 συναφείας
2935 5243 3174 5312 ἀξίωμα,
3196 5242 3279 5295 ὅτι
3312 5240 3420 5294 τῶν
3439 5240 3531 5293 δύο
3561 5243 3592 5310 ή
3624 5238 3909 5292 αῦθεντέα

693 5434 738 5465 ⁸⁷
771 5437 784 5486 ι
817 5435 940 5488 Cur.
978 5449 1027 5487 tv
1083 5433 1133 5486 1.
1210 5432 1256 5462 ⁵⁸
1288 5431 1328 5486 Il
1357 5432 1480 5487 Cor.
1515 5445 1630 5496 )‘lll,
1660 5431 1693 5484 '5
1790 5426 1834 5457 ⁸³
1865 5425 2027 5479 ilchr.
2060 5440 2118 5487 ιι,
2156 5424 2211 5477 ιιι

2318 5424 2361 5453 ⁶⁶
2388 5421 2548 5476 llebr.
2579 5437 2637 5487 ιι,
2677 5421 2762 5474 l7.
2841 5421 2881 5451 ⁶¹
2912 5419 3142 5489 Philipp.
3172 5435 3226 5484 ιι,
3274 5419 3328 5477 5.
3352 5418 3401 5474 6.
3481 5417 3524 5448 "
3555 5415 3686 5470 ibid.
3720 5415 3785 5473 8.

1670 5604 1841 5657 Varize
1866 5603 2123 5656 lectiones
2149 5616 2212 5654 ex
2247 5600 2429 5653 codice
2456 5599 2828 5667 Segnieriano.

701 5772 718 5806 ‘
752 5769 924 5824 ἔσται.
998 5775 1027 5804 η
1057 5764 1252 5834 ὀλίγον.
1319 5771 1342 5802 ν
1368 5762 1474 5816 τῶν
1502 5760 1832 5831 λεγομένων,
1865 5758 1902 5827 ἢ
1938 5757 2108 5824 ἴσως,
2137 5756 2244 5809 τῶν
2273 5753 2334 5827 δή
2371 5755 2696 5825 λεγομένων,
