4078 6348
134 386 237 441 529

743 383 1267 442 APOLOGETICUS
1304 384 1440 443 PRO
1487 387 1575 444 XII
1615 385 1982 445 CAPlTlBUS
2022 387 2301 445 CONTRA
2343 386 2807 445 ORIENTALES.

3288 389 3391 447 350

136 505 311 576 κοινὴ,
347 503 561 559 ὅτιτῶν
593 502 687 558 δύο
713 504 911 559 ταυτὸν
943 504 1006 556 τὸ
1050 502 1302 576 ἀξίωμα,
1335 508 1444 561 τῶν
1481 508 1701 577 φύσεων

1823 508 2041 579 tatem.)
2076 507 2241 563 Vides
2270 506 2467 577 ubique
2511 516 2859 575 separantem
2895 506 3113 575 quidem
3160 506 3302 561 inter
3336 526 3393 561 se

138 598 418 668 μενουσῶν
474 598 725 668 ὁμολόγει
773 598 872 668 τὴν
910 596 1008 666 τῆς
1047 596 1203 662 ἀξίας
1254 599 1499 670 ἑνότητα.
1552 602 1713 671 Ὁρᾷς

136 691 391 761 πανταχῆ
411 691 712 761 διορίζοντα
739 690 835 761 μέν
865 677 1113 764 ἀλλήλων
1138 693 1233 757 τὰς
1256 693 1464 761 φύσεις,
1490 693 1714 746 ἑνοῦντα

134 780 211 845 δὲ,
248 781 323 845 ὥς
353 801 506 852 φησι,
542 783 639 854 τὴν
666 783 1056 855 προσκύνησιν,
1084 787 1172 839 καὶ
1204 787 1388 855 κοινὴν
1429 785 1715 838 αύθεντίαν

133 874 492 946 ὀνομάζοντα,
526 877 620 930 καὶ
642 876 739 947 τὴν
770 877 867 945 τῆς
900 878 1056 943 ἀξίας
1096 878 1323 949 ἑνότητα
1348 878 1531 949 μόνης.
1556 878 1629 931 Τὸ
1659 877 1715 929 δέ

134 967 317 1019 κοινὸν
347 968 443 1037 οὑχ
479 966 556 1030 ἐν,
593 969 640 1020 εί
692 968 871 1020 κοινὸν
919 981 965 1034 ι,
1017 971 1100 1037 είη
1136 972 1200 1021 ἂν
1228 980 1276 1033 Y,
1319 970 1453 1022 ἀλλά
1484 969 1576 1021 δύο
1612 986 1713 1021 που

134 1057 381 1123 πάντως,
413 1059 443 1129 ἦ
477 1058 716 1114 πλείοσιν
754 1058 935 1122 ίδικῶς
959 1077 1016 1112 τε
1051 1061 1145 1114 καὶ
1172 1062 1274 1115 ἀνά
1298 1062 1458 1132 μέρος
1479 1063 1715 1134 θεωρου-

137 1148 345 1217 μένοις.
390 1150 530 1203 Ἀνθ’
566 1152 689 1204 ὅτου
722 1152 785 1221 δὴ
819 1149 909 1206 οὖν
937 1152 1205 1224 τοσαύτην
1255 1154 1529 1205 ποιοῦνται
1566 1162 1587 1189 ²
1618 1154 1717 1223 τὴν

133 1242 480 1313 κατάρῤησιν
522 1242 617 1296 τοῦ
662 1244 730 1297 τὰ
777 1244 956 1297 τοιάδε
998 1245 1178 1306 καλῶς
1226 1244 1717 1312 ἀναθεματίσαντος

132 1332 333 1400 λόγου;
372 1336 435 1387 Τί
473 1335 531 1387 τὸ
558 1336 776 1399 ἄτοπον,
817 1339 865 1390 εί
903 1340 1014 1401 τοῖς
1068 1337 1338 1408 βδελυροῖς
1369 1338 1463 1389 καὶ
1518 1338 1719 1406 ἀπηχει-

133 1426 354 1490 στάτοις
398 1428 692 1498 Νεστορίου
723 1428 900 1497 λόγοις
938 1430 1005 1482 τὰ
1046 1432 1144 1499 τῆς
1174 1428 1455 1491 εὐσεϐείας
1478 1428 1720 1497 άντεγεί-

134 1536 329 1589 ροντες
357 1519 623 1589 δόγματα,
649 1521 749 1591 τῆς
790 1522 899 1574 τῶν
951 1521 1194 1590 ἀδελφῶν
1226 1520 1523 1589 ἀσφαλείας
1567 1537 1720 1589 φρον-

133 1612 257 1665 τίδα
286 1612 387 1681 τὴν
410 1612 634 1665 δέουσαν
664 1612 1049 1683 πεποιήμεθα;
1098 1612 1313 1681 Ἐπειδὴ
1347 1612 1403 1665 δέ
1433 1629 1594 1680 φασιν
1619 1610 1717 1681 ἐμὲ

133 1705 248 1766 τοῖς
276 1702 441 1756 αὑτοῦ
490 1702 760 1774 μάχεσθαι
801 1704 1002 1772 λόγοις,
1028 1702 1466 1773 παρακομίζουσι
1498 1702 1553 1754 δὲ
1584 1702 1717 1773 πρὸς

132 1791 413 1855 ἀπόδειξιν
437 1794 599 1864 μέρος
624 1793 721 1862 τῆς
748 1792 1054 1861 ἐπιστολῆς,
1078 1787 1143 1863 ἧς
1163 1792 1414 1859 γέγραφα
1442 1790 1576 1860 πρὸς
1596 1792 1719 1853 τοὺς

1818 610 2059 663 naturas,
2099 600 2370 652 uuientem
2406 606 2607 661 autem,
2658 606 2716 649 ut
2753 596 2904 659 dicit,
2940 598 3313 651 adoratiouem
3341 608 3394 649 et

1818 707 2159 745 communem
2190 690 2570 744 auctoritatem
2603 689 2993 752 nominantem,
3031 698 3085 744 et
3118 689 3284 743 solius
3312 690 3393 742 di-

1817 784 2041 853 gnitatis
2068 784 2357 836 unitatem.
2389 781 2541 846 Quod
2587 790 2763 833 autem
2808 794 3115 846 commune,
3156 795 3259 833 non
3291 783 3395 832 uti.

1818 889 1923 943 que
1963 873 2052 926 uni
2080 864 2513 936 commuue'est,
2539 870 2630 925 sed
2660 871 2867 924 duobus
2899 886 3139 939 prorsus,
3173 872 3252 923 vel
3277 871 3397 939 plu-

1821 966 1986 1026 ribus,
2020 963 2109 1031 qui
2144 976 2392 1017 seorsum
2418 972 2471 1016 et
2504 961 2792 1030 separatim
2826 961 3259 1015 considerantur.
3289 960 3397 1013 Cur

1821 1057 1987 1126 igitur
2011 1061 2159 1108 tanta
2184 1053 2322 1107 facta
2349 1062 2433 1107 est
2456 1052 2780 1107 declamatio
2803 1053 3061 1107 adversus
3089 1066 3394 1107 sermonem

1822 1158 1967 1203 recte
2003 1150 2115 1201 IIIBC
2160 1146 2758 1201 anathematizantem?
2801 1144 2938 1211 Quid
2975 1145 3291 1209 absurdum,
3323 1146 3393 1209 si,

1819 1239 2243 1295 cxsecrabilibus
2269 1248 2325 1293 et
2354 1238 2763 1293 absurdissimis
2792 1237 3023 1291 Nestorii
3054 1237 3397 1291 sermonibus

1822 1332 1905 1399 pia
1936 1332 2189 1400 daguiata
2216 1339 2571 1399 opponentes,
2608 1331 2673 1383 de
2714 1328 2944 1383 fratrum
2992 1328 3163 1383 salute
3195 1328 3395 1399 justam

1820 1439 2005 1478 curam
2030 1423 2332 1494 gessimus?
2356 1422 2621 1488 Quoniam
2650 1422 2835 1476 dicunt
2882 1436 3001 1477 mea
3024 1422 3186 1477 verba
3214 1436 3396 1476 secum

1822 1530 2083 1583 pugnare,
2108 1524 2160 1569 et
2190 1513 2420 1569 aﬂ'erunt
2446 1515 2510 1568 ad
2542 1514 3061 1569 demonstrationem
3095 1513 3254 1585 166
3275 1528 3400 1582 par-

1823 1615 1928 1661 tem
1979 1606 2220 1675 epistolae
2261 1621 2422 1676 quam
2468 1606 2657 1675 scripsi
2708 1608 2774 1659 ad
2820 1616 3044 1661 sanctos
3082 1607 3399 1670 monachos,

1821 1714 1999 1769 operae
2031 1702 2263 1767 pretium
2298 1699 2539 1754 arbitror
2581 1709 2633 1754 et
2663 1700 2726 1751 ad
2761 1698 2863 1753 hoc
2906 1701 3285 1753 convenientia
3320 1700 3402 1752 di-

1821 1805 1967 1845 cere.
2004 1788 2201 1845 Dicunt
2226 1792 2373 1845 enim
2408 1791 2551 1859 quod
2601 1792 2739 1845 duas
2769 1790 2929 1844 etiam
2970 1791 3083 1859 ipse
3126 1790 3400 1844 nominavi

136 1885 332 1951 ἁγίους
364 1855 657 1952 μοναστάς,
682 1855 797 1937 ’δεῖν
833 1855 1014 1953 ᾠήθην
1042 1855 1111 1934 τά
1139 1855 1324 1935 είκότα
1353 1855 1455 1934 *καὶ
1485 1855 1620 1950 πρός
1650 1897 1713 1949 γε

1823 1881 2224 1947 subsistentias,
2273 1889 2328 1936 et
2385 1879 2630 1936 sullicere
2686 1882 2765 1936 eis
2820 1881 2887 1935 ad
2946 1881 3400 1951 redarguendutn,

131 1974 297 2027 τοῦτο
334 1976 509 2028 εἰπεῖν
530 1991 543 2005 ⁸
578 1975 711 2043 φασὶ
736 1973 844 2045 γάρ
878 1975 957 2026 ὅτι
986 1974 1077 2027 δύο
1118 1974 1210 2027 καὶ
1230 1973 1388 2035 αὐτὸς
1414 1973 1713 2045 ὼνόμασαιι

134 2068 493 2131 ὑποστάσεις·
526 2068 621 2122 καὶ
650 2069 981 2139 ἀποχρήσειν
1002 2068 1027 2106 b
1052 2068 1236 2130 αὐτοῖς
1267 2067 1346 2130 εἰς
1374 2066 1593 2137 ἔλεγχον
1621 2069 1715 2122 τοῦ

133 2161 229 2215 καὶ
262 2162 414 2230 ἡμᾶς
440 2160 654 2213 ἑλέσθαι
684 2160 846 2213 ταυτὸ
891 2161 1064 2213 εἰπεῖν
1108 2161 1218 2221 τοῖς
1244 2168 1265 2197 ε
1303 2157 1436 2212 αὐτὸ
1476 2158 1539 2230 δὴ
1564 2158 1719 2212 τοῦτο

134 2252 440 2321 νομίζουσι.
463 2250 736 2322 Παραθεὶς
766 2246 857 2304 οὖν
881 2249 1194 2317 ἀναγκαίως
1222 2249 1283 2302 τὸ
1314 2250 1413 2319 τῆς
1434 2249 1718 2320 ἐπιστολῆς

138 2340 332 2412 μέρος,
361 2340 707 2409 προσεποίσω
741 2342 881 2411 μετὰ
920 2338 1078 2392 τοῦτο
1107 2338 1172 2391 τά
1202 2338 1267 2391 δι’
1310 2331 1384 2391 ῶν
1412 2338 1478 2391 ἂν
1509 2340 1719 2406 γένοιτο

133 2431 500 2503 ψευδομυθεῖν
536 2432 847 2502 ᾑρημένους
898 2432 1173 2500 ἀποφῆναι
1229 2429 1526 2498 πανταχοῦ.
1565 2430 1718 2500 Ἔχει

132 2523 189 2576 δὲ
240 2523 449 2586 οὕτως·
490 2522 697 2575 Οὐκοῦν
744 2523 866 2575 ὅσον
907 2517 1041 2591 ἧκεν
1091 2521 1169 2581 εἰς
1230 2518 1366 2573 ίδίαν
1401 2519 1587 2587 φύσιν,
1622 2521 1720 2591 οὐχ

134 2614 402 2683 ἡγίασται
432 2614 747 2681 καταμόνας
776 2616 803 2665 ό
832 2615 893 2664 ἐκ
937 2611 1073 2663 Θεοῦ
1103 2611 1316 2681 Πατρός
1351 2612 1552 2679 Λόγος·
1583 2614 1631 2665 εί
1665 2613 1721 2667 δέ

132 2707 199 2779 δή
237 2725 324 2769 τις
351 2709 515 2760 οἴοιτο
550 2706 639 2758 τὸν
670 2706 734 2758 ἐκ
771 2706 869 2773 τῆς
898 2704 1058 2772 ἁγίας
1087 2705 1366 2777 Παρθένου
1394 2706 1723 2777 γεγεννημέ-

132 2817 227 2853 νον
255 2797 543 2867 κεχρίσθαι
572 2814 629 2850 τε
664 2797 757 2848 καὶ
789 2796 1049 2866 ἡγιάσθαι
1085 2797 1267 2866 μόνον,
1308 2797 1479 2870 ταύτῃ
1512 2814 1593 2850 τοι
1628 2800 1722 2851 καὶ

132 2888 455 2959 ὠνομάσθαι
489 2888 744 2958 Χριστὸν,
768 2888 974 2957 λεγέτω
1004 2888 1311 2959 παρελθὼν,
1341 2890 1389 2940 εί
1418 2890 1633 2961 ἀπόχρη
1664 2890 1722 2943 τὸ

132 2983 352 3054 χρίσμα
382 2981 514 3053 πρὸς
544 2981 605 3035 τὸ
630 2981 905 3049 ἀποφῆναι
934 2981 1023 3033 τὸν
1046 2981 1333 3051 χριόμενον
1368 2981 1585 3033 ίσοκλεᾶ
1630 2982 1724 3033 καὶ

133 3073 433 3142 όμόθρονον
482 3071 558 3140 τῷ
592 3073 810 3125 πάντων
868 3070 1123 3122 ἐπέκεινα
1174 3069 1311 3140 Θεῷ.
1371 3071 1587 3140 Ἐπειδὴ
1616 3070 1724 3141 γάρ

134 3165 230 3217 τὸν
257 3166 325 3215 ἐκ
356 3162 491 3215 Θεοῦ
526 3163 696 3230 Λόγον
731 3162 910 3225 ίδικῶς
936 3159 1250 3231 ὠνομάσθαι
1281 3162 1533 3232 Χριστὸν,
1564 3166 1591 3214 ὁ
1617 3162 1723 3213 τῶν

133 3255 277 3309 νέων
338 3256 468 3325 ἡμῖν
527 3253 885 3323 βλασφημιῶν
947 3253 1172 3323 εὑρετὴς
1217 3254 1508 3323 Νεστόριος
1540 3254 1721 3306 διαδε-

138 3346 395 3401 6αιοῦται
421 3344 627 3416 συχνῶς
648 3361 659 3373 ’
704 3344 885 3407 ίδικῶς
935 3345 1011 3409 δέ,
1042 3347 1137 3397 καὶ
1165 3345 1268 3398 ἀνά
1296 3346 1458 3416 μέρος
1491 3346 1723 3415 Χριστὸν

136 3441 334 3510 ἕτερον
378 3438 469 3491 τὸν
520 3441 583 3492 ἐκ
629 3439 726 3510 τῆς
765 3437 929 3507 ἁγίας
978 3435 1257 3508 Παρθένου
1298 3437 1720 3508 γεγεννημένονο

137 3529 703 3600 κατακιῦδηλεύοντες
727 3530 826 3598 τὴν
849 3528 1025 3595 δόξαν,
1061 3528 1133 3591 ὡς
1164 3527 1373 3599 ἀκαλλῆ
1424 3531 1517 3582 καὶ
1550 3528 1724 3598 ἀσύμ-

138 3617 310 3687 φυλον
331 3616 356 3656 ἀ
380 3619 475 3670 καὶ
503 3618 601 3689 τῆς
632 3617 893 3688 ἀληθείας
939 3617 1332 3687 ἐξῳκισμένην,
1353 3617 1475 3671 οὗτε
1496 3618 1547 3672 δέ
1581 3630 1603 3658 θ
1634 3619 1725 3671 τὸν

137 3709 206 3759 ἐκ
238 3706 375 3760 Θεοῦ
410 3709 622 3779 Πατρὸς
652 3709 827 3775 Λόγον
855 3709 997 3762 κατὰ
1025 3709 1192 3778 μόνας
1228 3709 1513 3780 νοούμενον
1546 3709 1725 3781 κεχρί-

142 3797 273 3850 σθαι
328 3798 409 3869 τῷ
460 3799 627 3869 ἐλαίῳ
675 3801 773 3869 τῆς
820 3800 1194 3866 ἀγαλλιάσεως
1247 3801 1722 3873 διαϐεὸαιούμεθα,

136 3888 267 3943 οὔτε
301 3890 408 3960 μὴν
448 3890 553 3961 ίδίᾳ
591 3907 651 3943 τε
683 3892 777 3943 καὶ
810 3892 953 3944 κατά
987 3892 1154 3962 μόνας
1186 3891 1258 3955 ὡς
1297 3893 1598 3964 ἄνθρωπον,
1632 3898 1725 3949 καὶ

137 3982 332 4051 ἕτερον
364 3980 491 4033 ὄντα
548 3981 676 4034 Υίὸν
708 3982 860 4052 παρὰ
910 3982 1001 4036 τὸν
1031 3985 1094 4037 ἐκ
1145 3982 1279 4037 Θεοῦ
1320 3986 1509 4053 Λόγον,
1547 3986 1635 4039 τὸν
1662 3989 1724 4040 ἐκ

136 4073 245 4142 τῆς
292 4072 452 4139 ἁγίας
489 4073 793 4147 Παρθένου.
828 4073 967 4129 Ἕνα
1017 4076 1072 4127 δέ
1108 4077 1305 4146 μᾶλλον
1342 4078 1536 4148 χρῆναι
1589 4081 1725 4150 πρὸς

134 4165 405 4220 ἁπάντων
426 4165 874 4239 διισχυριζόμεθα
900 4168 1281 4237 ὁμολογεῖσθαι
1304 4170 1559 4240 Χριστὸν,
1588 4189 1724 4243 σαρ-

136 4255 395 4309 κωθέντα
431 4257 525 4309 καὶ
572 4258 1108 4328 ἐνανθρωπὴσαντα,
1160 4261 1252 4313 τὸν
1313 4264 1574 4333 μονογενῆ
1632 4263 1723 4316 τοῦ

134 4346 282 4399 Θεοῦ
316 4347 524 4416 Λόγονο
569 4366 587 4399 ι
619 4343 709 4412 Εἷς
742 4348 852 4419 γὰρ
892 4348 1117 4419 Κύριος,
1168 4352 1265 4421 μία
1305 4352 1506 4417 πίστις,
1539 4353 1595 4405 ἓν
1632 4352 1727 4422 βά·

136 4455 380 4509 πτισμα.
415 4458 433 4492 ι
465 4440 621 4493 Ἐστι
642 4440 823 4494 τοίνυν
851 4440 1026 4494 οὐδενὶ
1059 4441 1167 4495 τῶν
1201 4442 1337 4513 ὀρθά
1356 4448 1571 4514 φρονεῖν
1606 4449 1728 4499 είω-

1819 1977 1962 2044 quod
2005 1990 2103 2029 nos
2151 1975 2291 2030 idem
2340 1986 2503 2045 atque
2541 1974 2640 2043 ipsi
2674 1975 2853 2029 dicere
2898 1989 3003 2028 non
3038 1975 3400 2039 renuerlmus,

1821 2069 1909 2137 qui
1968 2070 2111 2123 istud
2180 2070 2354 2139 ipsum
2416 2070 2625 2124 scilicet
2696 2077 2908 2137 putant.
2984 2068 3241 2137 Apposita
3304 2068 3404 2136 igi-

1824 2162 2243 2217 turuecessario
2284 2178 2348 2215 ea
2397 2174 2550 2230 parte
2600 2161 2866 2229 epistola,
2920 2160 3253 2215 subinl‘eram
3286 2171 3407 2231 post

1824 2256 1937 2308 haec
1969 2269 2053 2319 ea,
2100 2253 2295 2322 quibus
2329 2254 2529 2321 ubique
2568 2252 2705 2307 falso
2752 2253 2941 2321 nugari
2990 2253 3127 2306 velle
3175 2256 3405 2306 demon-

1822 2354 2081 2400 strentur.
2112 2345 2284 2399 liabet
2306 2355 2481 2398 autem
2507 2345 2585 2398 sic
2613 2363 2624 2397 :
2658 2343 2844 2412 Itaque
2866 2353 3127 2411 quantum
3156 2341 3221 2396 ad
3250 2358 3404 2397 suam

1824 2447 2095 2501 naturam,
2132 2452 2235 2490 non
2276 2437 2676 2490 sanctilicatum
2709 2443 2791 2489 est
2823 2435 3116 2502 separatim
3165 2435 3257 2489 Dei
3306 2433 3406 2488 Pa-

1826 2527 1922 2582 tris
1950 2525 2213 2582 Verbum.
2244 2525 2298 2580 Si
2326 2535 2505 2580 autem
2538 2526 2661 2595 quis
2693 2526 2979 2580 existimet
3026 2539 3172 2590 eum,
3200 2524 3292 2593 qui
3324 2533 3406 2579 est

1824 2633 1889 2674 ex
1922 2626 2109 2672 sancta
2146 2615 2366 2687 Virgine
2398 2626 2579 2679 natus,
2616 2627 2839 2670 unctum
2865 2630 2985 2671 esse
3016 2622 3070 2669 et
3096 2616 3407 2669 sanctitlca-

1825 2719 1935 2765 tum
1979 2709 2172 2773 solum,
2222 2719 2276 2761 et
2333 2709 2433 2763 hac
2487 2708 2696 2761 ratione
2730 2710 3069 2764 nominatum
3106 2709 3404 2772 Christum,

1826 2802 2050 2869 prodeat
2087 2809 2141 2853 et
2188 2798 2353 2862 dicat,
2407 2814 2532 2851 num
2571 2797 2799 2852 sufﬁciat
2842 2799 3026 2853 unctio
3061 2801 3127 2853 ad
3172 2800 3297 2863 hoc,
3348 2811 3408 2853 ut

1825 2893 2039 2956 elliciat,
2078 2892 2219 2960 quod
2269 2900 2463 2944 unctus
2507 2890 2730 2959 aequalis
2777 2890 2963 2960 gloriae
3007 2898 3061 2944 et
3105 2890 3406 2956 majestatis

1827 2987 1896 3039 sit
1937 2999 2057 3036 cum
2108 2997 2191 3044 en,
2226 2983 2316 3051 qui
2364 2992 2448 3035 est
2491 2996 2654 3050 super
2682 2982 2885 3045 omnia,
2939 2980 3100 3035 Deus.
3139 2982 3403 3045 Quoniam

1827 3078 1969 3130 enim
2010 3074 2103 3129 Dei
2135 3072 2369 3129 Verbum
2403 3075 2627 3129 seorsim
2654 3072 2925 3127 nominari
2960 3071 3257 3134 Christum,
3294 3068 3405 3124 Ne-

1752 3188 1795 3243 c
1828 3167 2050 3227 storius,
2102 3166 2437 3218 novellarum
2472 3164 2626 3218 nobis
2654 3162 3115 3230 blasphemiarum
3161 3163 3408 3215 inventor

1830 3258 2045 3311 assidue
2070 3254 2329 3320 allirmat;
2363 3268 2415 3311 et
2447 3256 2674 3312 seors'tm
2709 3254 2983 3308 Christum
3019 3252 3275 3318 alterum,
3311 3253 3403 3323 qui

1827 3363 1891 3401 ex
1929 3358 2113 3402 sancta
2145 3346 2367 3415 Virgine
2410 3348 2626 3417 genitus
2666 3354 2743 3398 est
2792 3362 2804 3398 :
2840 3352 2897 3397 ut
2932 3344 3069 3398 hanc
3096 3344 3404 3411 opinionem

1830 3448 2147 3493 notaremus
2192 3448 2451 3506 tauquam
2497 3436 2905 3506 improbaudam
2933 3450 2997 3489 ac
3036 3436 3404 3500 temerariam,

1828 3542 1882 3587 et
1927 3547 1955 3585 a
2008 3533 2236 3586 veritate
2270 3530 2533 3591 alienam,
2579 3542 2752 3597 neque
2804 3527 3042 3580 Verbum
3097 3529 3187 3581 Dei
3229 3528 3409 3583 Patris

1826 3639 2071 3678 seorsum
2118 3625 2545 3688 consideratam,
2585 3630 2808 3675 unctum
2853 3636 2972 3677 esse
3019 3621 3138 3674 oleo
3170 3621 3407 3674 exsulta-

1830 3715 1994 3769 tionis
2040 3713 2410 3777 allirmamus,
2448 3725 2621 3780 neque
2668 3725 2915 3765 seorsum
2957 3721 3009 3764 et
3047 3712 3298 3779 privatim
3352 3722 3410 3765 ut

1828 3805 2123 3869 hominem,
2150 3815 2203 3858 et
2227 3804 2389 3857 alium
2420 3802 2615 3856 Filium
2647 3803 2713 3856 ab
2734 3786 2822 3868 eo,
2844 3804 2933 3872 qui
2967 3813 3051 3857 est
3079 3802 3313 3857 Verbum
3340 3817 3406 3857 ex

1828 3896 1961 3960 Deo,
2005 3911 2126 3950 eum
2174 3896 2263 3964 qui
2310 3910 2340 3949 e
2375 3904 2561 3949 sancta
2607 3893 2858 3962 Virgine;
2900 3896 3193 3949 asserimus
3228 3904 3405 3950 autem

1828 3987 2196 4042 necessarium
2252 4000 2395 4051 esse,
2448 3995 2511 4039 ut
2567 4000 2760 4040 oumes
2824 3987 3184 4041 conﬁteantur
3240 4002 3405 4040 unum

1828 4078 2129 4141 Christum,
2168 4079 2507 4133 incarnatum
2550 4087 2606 4132 et
2653 4078 2927 4132 hominem
2982 4078 3181 4132 factum
3219 4080 3409 4145 unige-

1830 4169 2003 4221 nitum
2031 4166 2127 4221 Dei
2161 4165 2396 4222 Verbum
2432 4182 2447 4220 :
2507 4185 2524 4217 ι
2561 4167 2710 4223 Unus
2761 4168 2906 4221 enim
2960 4167 3241 4233 Dominus,
3300 4185 3405 4223 una

1829 4257 1980 4321 ﬁdes,
2044 4274 2207 4313 unum
2251 4260 2516 4328 baptisma
2562 4260 2627 4311 ⁸³.
2662 4277 2679 4309 ι
2726 4258 2892 4329 Igitur
2946 4260 3097 4323 nulli,
3132 4261 3221 4328 qui
3261 4270 3409 4315 recte

1831 4352 2033 4404 sentire
2073 4350 2228 4416 solet,
2284 4352 2573 4404 obscurum
2616 4360 2717 4416 est,
2779 4351 2920 4420 quod
2963 4353 3154 4405 vitiant
3190 4368 3405 4407 sensum

1830 4458 2017 4497 eorum
2070 4458 2190 4511 qua!
2238 4460 2266 4497 a
2320 4460 2403 4497 Inc
2474 4446 2674 4510 scripta
2726 4454 2870 4505 sunt,
2916 4456 2969 4499 et
3005 4447 3408 4499 calumniantur

137 4533 321 4585 θότων
373 4533 711 4603 ἀσυμφανές,
767 4534 849 4587 ὅτι
910 4536 1394 4606 παραχαράττουσι
1434 4539 1541 4590 τῶν
1595 4538 1721 4610 παρ’

1834 4536 1997 4588 etiam
2033 4534 2085 4587 iu
2124 4536 2226 4589 hoc
2259 4537 2565 4591 veritatem.
2594 4538 2698 4590 Sed
2731 4548 2783 4589 et
2806 4537 2910 4589 alio
2945 4539 3104 4590 modo
3130 4539 3283 4605 culpa
3314 4554 3406 4588 va-

136 4623 283 4695 ἐμοῦ
314 4624 722 4695 γεγραμμένων
756 4625 856 4695 τὴν
890 4624 1151 4688 διάνοιαν,
1191 4628 1285 4680 καὶ
1328 4632 1723 4698 συκοφαντοῦσι

134 4716 248 4767 κάν
282 4715 459 4786 τούτῳ
484 4716 583 4786 τὴν
621 4715 901 4787 ἀλήθειαν.
937 4717 1045 4771 Καὶ
1076 4718 1196 4771 καθ’
1227 4718 1415 4790 ἕτερον
1442 4722 1498 4774 δὲ
1528 4722 1725 4791 τρόπον

132 4804 506 4877 ἀπλημμελές
552 4806 639 4876 εῐη
671 4806 760 4869 ἂν,
802 4806 900 4861 καὶ
933 4808 1078 4876 μάλα
1123 4809 1366 4876 εἰκότως,
1406 4812 1727 4883 ἀμοιρήσειε

131 4895 179 4947 δ’
218 4891 289 4947 ἂν
319 4894 414 4947 καὶ
458 4892 652 4963 μώμου
677 4896 880 4959 παντὸς
914 4896 982 4950 τὸ.
1013 4897 1211 4953 είδέναι
1237 4900 1421 4969 τυχὸν,
1457 4902 1531 4965 ὡς
1563 4902 1726 4976 ἐτέρα

137 4992 247 5059 μὶν
278 4990 397 5044 ἐστι
431 4990 570 5045 κατά
609 4989 771 5059 φύσιν
818 4991 958 5045 ίδίαν
991 4994 1024 5062 ἡ
1068 4991 1206 5063 σάρξ
1254 4994 1405 5065 παρά
1442 5012 1505 5062 γε
1535 4996 1627 5049 τὸν
1662 4999 1727 5051 ἐκ

133 5079 281 5134 Θεοῦ
317 5080 531 5151 Πατρός
574 5078 751 5149 φύντα
778 5080 795 5123 τ
824 5082 1017 5150 Λόγον,
1049 5083 1233 5154 ἐτερος
1271 5084 1327 5137 δὲ
1374 5081 1439 5139 αὖ
1481 5088 1621 5140 κατά
1666 5105 1727 5155 γε

132 5175 233 5227 τὸν
263 5171 368 5241 τῆς
418 5172 551 5237 ιδίας
586 5172 802 5243 φύσεως
850 5174 1007 5243 λόγον
1052 5177 1080 5228 ό
1120 5178 1451 5250 Μονογενής.
1488 5180 1626 5233 Ἀλλ’
1667 5182 1726 5235 οὐ

1830 4636 1981 4680 caret
2027 4636 2081 4679 et
2136 4627 2281 4680 omni
2335 4628 2778 4695 reprehensione,
2814 4627 2973 4696 idque
3012 4628 3226 4691 inerito,
3266 4629 3408 4681 scire

1831 4717 2080 4781 forsitan,
2112 4720 2255 4787 quod
2305 4719 2407 4771 alia
2445 4719 2661 4787 quidem
2705 4726 2789 4771 est
2828 4718 3119 4772 secundum
3156 4730 3406 4771 naturam

1830 4812 2107 4880 propriam
2132 4824 2261 4864 caro
2297 4825 2324 4862 a
2364 4808 2542 4863 Verbo
2593 4808 2703 4863 Deo
2756 4809 2915 4863 Patre
2964 4818 3114 4871 nato,
3167 4819 3219 4863 et
3272 4811 3408 4863 alius

1828 4918 2024 4958 rursus
2055 4901 2385 4971 Unigeuitus
2421 4903 2717 4955 secundum
2752 4912 2956 4955 naturae
2990 4902 3217 4969 pmpria:
3240 4903 3405 4953 ratio-

1829 5012 1969 5050 nem.
2006 4994 2109 5050 Sed
2144 4995 2288 5049 scire
2318 4996 2453 5058 haéc,
2490 5010 2593 5047 non
2630 5004 2713 5047 est
2749 4995 2989 5047 dividere
3025 5004 3247 5047 naturas
3286 5002 3406 5063 post

1830 5092 2151 5146 unitioncm.
2200 5088 2317 5143 Jam
2354 5092 2397 5143 si
2446 5090 2569 5157 quis
2600 5090 2830 5143 voluerit
2879 5091 3199 5143 sacramenti
3238 5090 3407 5142 virtu-

1835 5195 1943 5239 tem
1976 5194 2167 5238 exacm
2194 5184 2391 5237 mentis
2421 5181 2578 5236 oculo
2602 5183 2967 5244 considerare,
2997 5182 3193 5235 videbit
3223 5182 3408 5250 utique

132 5268 197 5317 τὸ
236 5264 643 5331 εἰδέναιταῦτα,
681 5266 921 5337 μερίζειν
953 5268 1070 5321 ἐστὶ
1110 5268 1206 5333 τὰς
1241 5270 1432 5340 φύσεις
1461 5273 1600 5341 μετὰ

1841 5274 1982 5344 quod
2014 5273 2190 5342 (sicut
2243 5273 2350 5327 dixi
2387 5272 2438 5326 in
2476 5272 2779 5342 principio)
2825 5287 2932 5326 non
2968 5287 3117 5325 suam
3158 5283 3404 5326 naturam

212 5418 259 5449 ⁶³
290 5416 487 5485 Ephes.
526 5435 596 5481 iv,
630 5420 663 5473 5

1211 5574 1381 5629 Varia:
1416 5576 1674 5632 lectiones
1699 5593 1765 5631 cx
1792 5578 1976 5633 codice
2013 5578 2395 5650 Seguieriano.

211 5742 241 5771 ι
273 5730 331 5783 τὸ
355 5729 411 5782 δέ
442 5727 645 5797 κοινὴν,
674 5728 829 5799 -ἷσως
866 5726 963 5799 oux
996 5727 1193 5799 ἐννοεῖν
1243 5731 1443 5799 κοινήν,

134 5817 249 5856 σιν,
328 5813 349 5838 c
383 5796 588 5860 αὐτοῖς,
663 5796 686 5835 δ
719 5796 1009 5864 ἀσύφηλον.
1096 5809 1117 5835 ⁸
1152 5798 1316 5864 Ζσως,
1352 5796 1433 5870 δή.

475 5892 740 5950 l’nn0L.
777 5889 890 5947 (in.
922 5888 1186 5949 LXXVI.

1524 5740 1551 5803 ξ
1590 5770 1603 5790 ,
1630 5731 1727 5801 οὐχ
1757 5731 1836 5784 ἐνί
1870 5733 2047 5786 κοινὸν
2070 5734 2176 5803 εἴη.

1522 5801 1537 5839 ί
1579 5802 1873 5871 πεφηνότα.

2257 5744 2276 5771 ι
2310 5738 2651 5805 πεποίηνται.
2732 5751 2753 5777 ε·
2786 5740 3120 5809 ὠνόμασενῶ
3152 5742 3393 5819 ἀπόχρη.-

2930 5900 2990 5962 11
