4078 6348
662 387 757 443 3'51

1687 379 1745 435 S.
1786 375 2056 435 CYRILLI
2095 371 2562 430 ALEXANDRINI
2605 370 2921 425 ARCHIEP.

3801 374 3896 431 559

661 497 1017 569 apprehendit
1062 496 1202 552 Deus
1248 493 1518 550 exsistens
1576 491 1848 557 Verbum,
1901 491 1995 544 sed
2048 503 2229 543 semen

2334 484 2548 537 ἕνωσιν.
2578 483 2641 536 Εἰ
2674 482 2732 535 δὲ
2757 482 2820 553 δή
2852 499 2937 545 τις
2967 481 3209 552 βούλοιτο
3231 482 3330 554 τὴν
3360 482 3455 536 τοῦ
3486 485 3785 555 μυστηρίου
3812 488 3894 541 δύ-

661 590 914 645 Abrahae.
945 587 1058 642 Non
1093 595 1175 641 est
1217 595 1395 640 autem
1433 582 1892 640 consubstantiale
1945 580 2124 634 Verbo
2167 593 2236 632 ex

665 681 772 736 Deo
803 688 949 741 nato,
980 679 1121 747 quod
1155 692 1220 731 ex
1247 676 1449 732 semine
1473 674 1705 729 Abrahae
1737 681 1982 727 sanctum
2016 684 2232 738 corpus,

662 772 800 841 quod
833 770 989 840 167
1021 786 1050 823 e
1075 769 1230 824 beata
1270 765 1488 836 Virgine
1521 765 1772 832 sumpsit,
1809 763 2104 833 procedens
2135 761 2234 815 bo-

661 877 772 927 mo,
811 870 866 914 ut
905 860 1162 914 fratribus
1205 859 1396 913 similis
1433 865 1598 920 esset,
1631 866 1686 910 et
1725 854 2092 924 appellaretur
2123 854 2235 921 pri-

662 952 966 1021 mOgenitus
1003 951 1093 1020 qui
1122 960 1237 1005 erat
1262 949 1589 1020 unigenitus.
1617 947 1871 1013 Quamvis
1898 955 2076 999 autem
2107 945 2238 998 alte-

661 1043 774 1095 rius
809 1050 1012 1094 naturae
1043 1040 1111 1094 sit
1139 1054 1334 1106 corpus
1359 1053 1387 1090 a
1415 1037 1595 1092 Verbo
1630 1036 1719 1090 Dei
1752 1035 1954 1100 Patris;
1989 1049 2126 1087 unus
2153 1043 2237 1087 ta-

661 1147 781 1186 men
811 1141 893 1186 est
927 1126 1197 1196 Christus,
1233 1138 1288 1184 et
1320 1128 1510 1190 Filius,
1548 1136 1602 1183 et
1639 1128 1803 1194 Deus,
1853 1136 1903 1181 et
1953 1126 2231 1190 Dominus,

663 1221 872 1276 tametsi
923 1219 1099 1275 factus
1148 1221 1223 1273 sit
1265 1234 1416 1273 caro.
1459 1217 1574 1271 Non
1621 1226 1770 1272 caret
1804 1227 1983 1271 autem
2015 1218 2232 1280 damno,

660 1298 954 1368 dissolvere
991 1326 1133 1366 verae
1168 1310 1428 1364 unitionis
1472 1310 1712 1371 modum,
1748 1320 1803 1363 et
1840 1308 2076 1363 dividere
2109 1311 2234 1362 sub-

658 1402 940 1456 sistentias
989 1415 1017 1454 a
1068 1414 1126 1455 se
1159 1411 1345 1453 nmtuo
1396 1399 1668 1469 sejunctas
1704 1398 1755 1450 in
1800 1399 1934 1451 duos
1971 1398 2128 1462 lilios,
2181 1405 2237 1449 ut

658 1493 909 1563 privatim
945 1502 999 1547 et
1047 1505 1290 1546 seorsum
1349 1490 1482 1553 sint,
1535 1489 1797 1542 habentes
1843 1500 2019 1542 autem
2064 1489 2233 1542 solum

656 1593 938 1636 externam
967 1582 1382 1644 connexionem,
1422 1589 1476 1634 et
1530 1589 1588 1633 ut
1625 1580 1677 1632 in
1722 1579 1910 1633 ordine
1936 1580 2232 1650 dignitatis.

657 1673 811 1737 Quod
845 1671 887 1726 si
932 1671 1232 1724 naturalem
1269 1670 1524 1724 unionem
1568 1669 1889 1734 dixerimus,
1934 1684 2116 1724 veram
2153 1670 2237 1723 in-

661 1764 972 1835 telligimus.
1005 1763 1178 1817 Habet
1203 1763 1348 1816 enim
1383 1761 1662 1831 Scriptura
1689 1763 1942 1816 divinitus
1978 1762 2237 1830 inspirata

2337 593 2502 646 ναμιν
2536 575 2754 646 ἀκριϐεῖ
2786 574 3024 638 διανοίας
3056 573 3262 645 δμματι
3285 575 3778 642 κατασκέπτεσθαι,
3806 598 3898 633 καφ

2339 666 2662 736 ταθρήσειεν
2689 663 2777 727 ἂν,
2805 663 2908 726 ὅτι,
2936 662 3186 733 καθάπερ
3221 662 3355 732 ἔφην
3386 663 3443 715 ἐν
3476 664 3693 734 ἀρχαῖς,
3728 666 3787 718 ού
3808 666 3899 737 τῆς

2337 756 2500 824 αύτοῦ
2515 757 2726 826 φύσεως
2749 755 3042 808 ἐπελάϐετο
3061 755 3193 818 Θεὸς
3226 755 3300 808 ὢν
3322 759 3350 809 ὁ
3376 756 3566 824 Λόγος,
3587 755 3724 810 ἀλλὰ
3753 760 3900 830 σπέρ-

2343 865 2508 918 ματος
2542 846 2792 918 Ἀϐραάμ
2817 861 2831 876 ⁸
2863 846 2960 915 οὐχ
2985 845 3268 916 ὁμοούσιον
3293 847 3350 899 δὲ
3381 848 3459 917 τῷ
3489 851 3551 901 ὲκ
3584 848 3719 902 Θεοῦ
3754 850 3900 917 φύντι

2338 941 2513 1009 Λόγῳ,
2539 938 2598 991 τὸ
2627 941 2690 991 ἐκ
2719 938 3032 1009 σπέρματος
3067 938 3319 1009 Ἀϐραὰμ
3359 939 3512 1008 ἅγιον
3543 940 3703 1012 σῶμα
3773 943 3899 1013 ὅπερ

2339 1031 2402 1083 ὲκ
2426 1029 2523 1099 τῆς
2559 1031 2835 1097 μακαρίας
2861 1026 3138 1097 Παρθένου
3177 1026 3377 1094 λαϐὼν,
3397 1027 3665 1096 προῆλθεν
3698 1028 3900 1098 ἀνθρωο

2339 1137 2458 1184 πος,
2485 1121 2572 1172 ἵνα
2600 1121 2711 1182 τοῖς
2729 1118 2978 1187 ἀδελφοῖς
3005 1119 3265 1189 ὀμοιωθῇ,
3291 1118 3385 1171 καὶ
3421 1121 3734 1192 χρηματίσῃ
3766 1137 3903 1191 πρω-

2336 1213 2554 1276 τότοκος
2575 1213 2603 1265 ὁ
2633 1214 2948 1284 μονογενής.
2986 1214 3127 1267 Ἀλλ’
3158 1215 3206 1266 εί
3239 1214 3333 1267 καὶ
3359 1213 3503 1267 ἔστιν
3529 1213 3818 1284 ὲτεροφυὲς
3847 1213 3903 1265 τὺ

2340 1304 2498 1374 σῶμα
2534 1305 2685 1374 παρά
2712 1304 2901 1372 γε”τὺν
2942 1304 3006 1356 ὲκ
3039 1304 3176 1357 Θεοῦ
3210 1304 3423 1374 Πατρδς
3449 1304 3640 1372 Λόγον,
3674 1303 3791 1356 ἀλλ’
3819 1299 3904 1356 οῦν

2339 1391 2419 1458 εἷς
2447 1395 2702 1466 Χριστὸς,
2736 1395 2832 1449 καὶ
2857 1395 3002 1459 Υἱὸς,
3039 1396 3134 1448 καὶ
3163 1396 3316 1459 Θεὸς,
3346 1397 3440 1448 καὶ
3472 1394 3675 1465 Κύριος
3694 1435 3710 1461 ,
3745 1395 3834 1448 καὶ
3862 1395 3906 1446 εἰ

2338 1488 2529 1556 γέγονε
2571 1487 2725 1558 σάρξ.
2763 1489 2873 1540 Καί¹
2905 1487 2996 1541 τὸν
3035 1487 3134 1554 τῆς
3163 1485 3400 1558 ἀληθοῦς
3429 1486 3671 1549 ἑνώσεως
3716 1486 3908 1555 τρόπον

2341 1578 2643 1650 παραλύειν
2672 1580 2772 1631 ούκ
2800 1578 3054 1650 ἀζήμιον,
3079 1580 3386 1642 διιστάντας
3415 1580 3493 1641 είς
3519 1578 3665 1641 υἱοὺς
3695 1579 3788 1630 δύο
3815 1579 3908 1640 τὰς

2340 1671 2689 1736 ὑποστάσεις,
2731 1670 3118 1740 ἀποφοιτώσας
3176 1671 3273 1741 μὲν
3304 1670 3551 1741 ἀλλήλων
3592 1672 3670 1732 είς
3705 1669 3768 1722 τὸ
3811 1670 3911 1741 ἰδίᾳ

2340 1780 2398 1815 τε
2430 1759 2570 1815 εἶναι
2618 1763 2712 1816 καὶ
2735 1762 2840 1816 ἀνά
2864 1762 3295 1834 μέρος,ὲχούσας
3323 1762 3380 1815 δὲ
3410 1762 3578 1832 μόνην
3619 1762 3910 1829 συνάφειαν

657 1856 804 1910 hunc
833 1869 1060 1919 morem,
1088 1855 1189 1908 hac
1212 1854 1446 1909 dictione
1470 1855 1518 1908 in
1549 1855 1693 1909 hunc
1721 1870 1936 1910 sensum
1958 1856 2055 1909 uti.
2084 1855 2230 1909 Scri-

2337 1853 2434 1922 τὴν
2468 1851 2665 1917 ἔξωθέν
2695 1871 2753 1906 τε
2786 1854 2879 1907 καὶ
2911 1854 2987 1916 ώς
3023 1855 3082 1906 ἐν
3133 1853 3285 1919 τάξει
3325 1853 3514 1923 τιμῆς.
3557 1853 3620 1904 Εἰ
3649 1851 3708 1904 δὲ
3742 1851 3804 1921 δὴ
3832 1850 3914 1904 λέ-

659 1948 737 2002 bit
769 1948 912 2002 enim
964 1947 1163 2001 alicubi
1198 1947 1525 2015 quibusdam
1571 1947 1785 2001 divinus
1821 1946 2024 2000 Paulus
2058 1964 2072 2001 :
2115 1965 2135 1997 ι
2172 1947 2238 2001 Ει

655 2053 877 2094 eramus
913 2047 1105 2092 natura
1132 2037 1226 2092 lilii
1260 2037 1374 2103 irae,
1408 2037 1549 2092 sicut
1573 2045 1624 2091 et
1653 2036 1838 2092 caeteri
1861 2034 1938 2103 “;
1968 2054 1987 2088 ι
2027 2045 2081 2092 ει
2107 2051 2236 2090 neu-

657 2133 862 2198 tiquam
910 2129 1111 2184 dixerit
1139 2129 1404 2198 quispiam
1440 2129 1737 2184 subsistere
1769 2138 2016 2183 naturam
2045 2130 2237 2182 divina:

656 2221 771 2284 iraa,
821 2221 890 2274 ita
946 2230 1004 2274 ut
1056 2230 1369 2289 peceatores
1406 2220 1547 2275 illius
1575 2221 1682 2275 sint
1729 2221 1943 2275 soboles
1993 2221 2234 2289 :alioqui

646 2327 877 2381 prorsus
906 2322 962 2366 et
990 2312 1241 2366 omnibus
1276 2313 1451 2367 modis
1502 2313 1900 2366 consentiemus
1937 2311 2236 2366 laboranti-

654 2405 756 2458 bus
811 2403 1019 2457 insania
1071 2401 1515 2457 Manichteorum.
1562 2402 1665 2456 Sed
1697 2402 1792 2466 ibi,
1837 2414 2047 2466 natura,
2095 2404 2234 2455 idem

648 2500 737 2546 est
767 2491 933 2560 quod,
985 2505 1133 2546 vere.
1179 2491 1296 2546 Non
1351 2494 1514 2562 igitur
1542 2492 1939 2548 confundentes
1991 2502 2232 2556 naturas,

659 2598 834 2652 neque
863 2583 1010 2652 ipsas
1043 2588 1183 2637 inter
1216 2599 1273 2639 se
1311 2585 1622 2649 miscentes,
1655 2585 1799 2638 sicut
1825 2585 2008 2640 dicunt
2039 2587 2234 2637 adver-

657 2675 805 2739 sarii,
826 2674 1124 2730 naturalem
1149 2675 1380 2729 dicimus
1407 2673 1603 2729 factam
1623 2689 1744 2730 esse
1773 2676 2105 2741 unitionem;
2142 2675 2234 2728 sed

655 2779 721 2819 ex
759 2765 970 2818 duabus
1015 2765 1176 2818 rebus
1209 2763 1580 2830 dissimilibus,
1634 2766 1854 2830 deitate,
1894 2765 2134 2833 inquam,
2185 2774 2238 2818 et

663 2855 1026 2918 humanitate,
1062 2869 1223 2906 unum
1263 2853 1464 2906 factum
1500 2869 1621 2908 esse
1642 2853 2235 2919 Christum,etFilium,

660 2955 712 3000 et
739 2944 1044 3009 Dominum,
1072 2945 1268 3012 ubique
1291 2942 1643 3000 allii-mantus.
1677 2945 1897 3000 Demum
1922 2960 2043 2999 cum
2073 2945 2237 3013 Apol-

655 3038 836 3093 linarii
882 3039 1147 3108 dogmatis
1195 3038 1354 3107 plane
1399 3039 1532 3092 nihil
1591 3039 1744 3094 nobis
1798 3055 2082 3094 commune
2131 3051 2231 3093 est.

655 3131 836 3185 Semel
864 3133 1008 3186 enim
1044 3133 1455 3187 condemnatos.
1492 3142 1744 3201 tanquam
1776 3131 2056 3185 veritatem
2086 3131 2235 3185 adut.

659 3232 893 3276 terautes
924 3222 1160 3276 aversari
1188 3231 1424 3290 oportet.

2338 1961 2533 2014 γοιμεν
2565 1945 2800 2014 φυσικὴν
2831 1945 2930 2012 τὴν
2972 1945 3187 2010 ἕνωσιν,
3214 1946 3314 2014 τὴν
3347 1944 3523 2016 ἀληθῆ
3564 1962 3768 2014 φαμεν,
3799 1945 3914 2007 ἔθος

2338 2035 2570 2107 ἐχούσης
2599 2037 2699 2106 τῆς
2752 2037 3113 2090 θεοπνεύστου
3157 2038 3384 2107 Γραφῆς
3435 2037 3576 2091 οὕτω
3613 2036 3914 2108 κεχρῆσθαι

2336 2131 2402 2199 τῇ
2439 2127 2605 2195 λέξει.
2641 2130 2847 2200 Γράφει
2870 2129 2979 2200 γάρ
3003 2129 3103 2182 πού
3133 2146 3275 2182 τισιν
3300 2131 3327 2182 ὁ
3353 2128 3637 2190 θεσπέσιος
3669 2129 3911 2192 Παῦλος·

2345 2237 2363 2269 ι
2404 2220 2513 2273 Καὶ
2554 2215 2698 2290 ἦμεν
2726 2219 2890 2274 τέκνα
2920 2221 3081 2290 φύσει
3121 2220 3314 2290 ὀργῆς,
3345 2221 3422 2283 ὡς
3453 2221 3547 2273 καὶ
3570 2222 3618 2273 οί
3652 2219 3858 2273 λοιποί·
3893 2238 3910 2272 ι

2337 2310 2431 2364 καὶ
2474 2311 2533 2362 ού
2565 2311 2736 2383 δήπου
2765 2312 2900 2381 φαίη
2932 2329 3014 2375 τις
3040 2311 3106 2365 ἂν
3128 2311 3428 2379 ὑφεστάναι
3467 2313 3608 2366 κατά
3637 2311 3800 2380 φύσιν
3821 2312 3914 2382 τὴν

2338 2400 2487 2453 θείαν
2522 2400 2715 2470 ὀργὴν,
2774 2400 2916 2454 ὥστε
2973 2402 3067 2454 καὶ
3102 2401 3271 2471 αὐτῆς
3325 2402 3642 2472 γεννήματα
3671 2400 3914 2454 νοεῖσθαι

2336 2494 2462 2555 τοὺς
2484 2493 2905 2562 ἁμαρτάνοντας
2928 2509 2940 2522 ·
2968 2494 2999 2563 ἢ
3026 2495 3203 2563 πάντη
3227 2511 3285 2546 τε
3314 2495 3407 2547 καὶ
3437 2494 3651 2557 πάντως
3679 2494 3919 2564 ἐσόμεθα

2340 2583 2654 2653 σύμφρονες
2685 2585 2710 2623 ε
2743 2586 2856 2647 τοῖς
2904 2584 3001 2654 τὴν
3051 2584 3372 2653 Μανιχαίων
3433 2584 3646 2638 νοσοῦσι
3697 2587 3915 2655 μανίαν.

2349 2675 2510 2727 Ἀλλά
2538 2675 2618 2740 τὸ,
2651 2675 2833 2742 φύσει,
2859 2675 3011 2746 δηλοῖ
3043 2676 3105 2728 τὸ
3134 2677 3273 2730 κατά
3301 2676 3581 2748 ἀλήθειαν.
3615 2676 3829 2731 Οὐκοῦν
3858 2679 3918 2731 ού

2337 2767 2663 2836 συγχέοντες
2706 2766 2806 2830 τὰς
2851 2767 3078 2835 φύσεις,
3118 2768 3242 2822 οὔτε
3293 2769 3398 2840 μὴν
3444 2769 3702 2840 ἀλλήλαις
3747 2771 3920 2832 αύτὰς

2338 2858 2745 2928 ἀναφύροντες,
2783 2858 2927 2913 καθά
2959 2877 3121 2929 φασιν
3153 2863 3200 2914 oi
3243 2861 3310 2913 δι’
3362 2861 3629 2926 ἐναντίας,
3679 2863 3920 2932 φυσικήν

2339 2967 2518 3021 φαμεν
2550 2950 2802 3018 γενέσθαι
2827 2953 2923 3023 τὴν
2955 2951 3175 3005 ἕνωσιν·
3210 2953 3323 3005 ἀλλ’
3357 2953 3420 3006 ἐκ
3445 2953 3538 3007 δύο
3571 2955 3920 3026 πραγμάτων

2338 3041 2628 3110 ἀνομοίων,
2671 3041 2923 3110 θεότητος
2951 3059 3010 3094 τε
3067 3044 3161 3095 καὶ
3193 3043 3629 3113 ἀνθρωπότητος,
3677 3044 3771 3097 τὸν
3825 3046 3918 3096 ἕνα

2338 3132 2592 3202 γενέσθαι
2621 3134 2873 3203 Χριστὸν,
2908 3136 3000 3186 καὶ
3033 3134 3180 3197 Υἰὸν,
3211 3136 3303 3187 καὶ
3337 3135 3541 3205 Κύριον
3571 3136 3919 3189 διαϐεϐαιού-

2263 3205 2303 3259 C
2341 3223 2484 3289 μεθα
2513 3222 2808 3291 πανταχοῦ.
2852 3224 2973 3277 Τῶν
3000 3225 3054 3276 δὲ
3104 3226 3477 3297 ’Λπολιναρίου
3517 3227 3804 3299 δογμάτων
3831 3229 3920 3281 ού-

648 3319 765 3380 δεὶς
801 3318 1080 3381 παντελῶς
1148 3321 1280 3388 ἡμῖν
1310 3321 1339 3372 ὁ
1371 3318 1564 3388 λόγος·
1626 3320 1752 3383 τοὺς
1795 3320 1902 3391 γὰρ
1969 3318 2115 3384 ἅπαξ
2185 3321 2718 3390 κατακεκριμένους,
2769 3322 2844 3385 ώς
2910 3324 3432 3392 παραχαράττοντας
3480 3324 3579 3395 τὴν
3633 3324 3916 3394 ἀλήθειαν,

649 3400 1119 3482 ἀποστρέφεσθαιῑ
1141 3411 1268 3481 χρή.

1063 3501 1697 3560 ANATHEMATISMUS
1736 3505 1826 3559 Ν.

731 3617 788 3671 Si
824 3618 943 3684 quis
993 3615 1202 3670 duabus
1235 3617 1500 3683 personis,
1526 3618 1639 3672 sive
1675 3618 2080 3688 hypostasibus,
2136 3634 2229 3672 eas

657 3726 816 3765 voces
862 3708 1129 3770 attribuit,
1181 3722 1300 3775 quae
1344 3709 1395 3760 in
1449 3710 1774 3777 evangelicis
1819 3720 1874 3764 et
1915 3711 2226 3780 apostolicis

661 3802 959 3870 Scriptnris
1003 3799 1200 3868 passim
1254 3811 1569 3863 occurrunt,
1621 3817 1808 3868 qumve
1847 3817 1874 3854 a
1914 3804 2118 3855 sanctis
2163 3807 2228 3853 de

655 3894 896 3954 Christo,
927 3890 1007 3942 vel
1040 3890 1103 3941 ab
1130 3889 1244 3956 ipso
1271 3903 1485 3957 quoque
1526 3889 1744 3942 Christo
1773 3892 1838 3942 de
1869 3891 2044 3956 seipso
2074 3891 2229 3941 dictae

657 3997 818 4049 sunt;
864 3993 917 4039 et
958 3983 1091 4036 alias
1123 3981 1339 4048 quidem
1372 3979 1572 4032 homini
1622 3988 1874 4046 tanquam
1906 3994 2150 4031 seorsum
2197 3995 2227 4032 a

655 4079 767 4131 Deo
791 4077 964 4131 Verbo
985 4073 1326 4128 considerato
1356 4071 1610 4132 ascribit;
1645 4070 1777 4123 alias
1811 4085 1938 4123 vero
1971 4079 2226 4137 tanquam

659 4172 765 4224 Deo
803 4166 1207 4228 convenientes,
1257 4163 1357 4218 soli
1415 4163 1505 4217 Dei
1556 4161 1730 4216 Patris
1778 4161 1952 4216 Verbo
1974 4161 2224 4230 adaptat;

653 4261 938 4315 anathema
978 4257 1071 4312 sit.

1110 4366 1463 4420 Orientalium
1497 4367 1768 4434 opposilio.

722 4482 1094 4549 Congruenler
1155 4479 1312 4531 etiam
1367 4481 1467 4533 hoc
1522 4479 1639 4533 loco
1690 4479 1761 4530 illi
1803 4493 1895 4531 sua
1927 4479 2098 4548 ipsius
2138 4479 2228 4531 de-

651 4580 798 4625 creta
853 4568 1183 4636 suggerenda
1237 4577 1380 4621 sunt.
1418 4568 1562 4620 Dixit
1598 4569 1738 4621 enim
1789 4586 1801 4620 :
1833 4567 2090 4633 Quamvis
2127 4583 2223 4618 au~

652 4661 767 4713 :Iias
814 4658 952 4727 quod
1004 4657 1292 4725 profeCerit
1319 4667 1475 4710 astate
1507 4667 1557 4709 et
1586 4656 1846 4724 sapientia
1872 4666 1924 4708 et
1957 4656 2124 4722 gratia
2153 4656 2218 4716 ⁶⁵,

652 4766 717 4804 ne
749 4759 902 4817 putes
937 4749 1153 4815 sapiens
1197 4761 1262 4800 ex
1312 4749 1641 4801 incremento
1677 4747 1873 4800 factum
1915 4747 2074 4818 168
2107 4761 2224 4800 esse

649 4838 884 4894 Verbum
923 4837 1017 4891 Dei
1058 4854 1070 4890 :
1121 4853 1294 4904 neque
1342 4853 1527 4890 rursus
1571 4838 1697 4891 illud
1755 4840 2032 4908 nugaeiter
2076 4841 2224 4891 ausis

653 4933 850 4995 dicere,
886 4930 1046 4999 quod,
1079 4929 1339 4996 proﬁcere
1369 4929 1419 4982 in
1455 4938 1610 4982 :etate
1637 4941 1690 4983 et
1721 4931 1981 4999 sapientia
2019 4937 2070 4982 et
2102 4946 2224 4998 gra-

653 5024 749 5087 tia,
795 5023 998 5075 homini
1042 5021 1367 5087 aptabimus.
1417 5020 1645 5087 (Verum
1681 5022 1889 5074 tametsi
1931 5032 2086 5090 neget
2124 5021 2222 5073 hoc

656 5115 773 5168 loco
816 5114 1110 5180 Scriptura:
1156 5112 1549 5172 testimonium,
1588 5126 1692 5179 quo
1729 5112 2003 5175 docemur,
2046 5112 2223 5179 proie-

651 5216 797 5260 ctum
830 5204 976 5257 illum
1013 5204 1164 5272 juxta
1197 5182 1451 5254 naturaui
1483 5202 1666 5254 carnis
1698 5202 1932 5267 Domini,
1979 5217 2096 5270 qua:
2141 5203 2219 5253 vi-

653 5299 899 5361 debatur,
930 5295 1127 5360 fuisse;
1159 5309 1300 5347 nunc
1337 5301 1510 5347 tamen
1540 5307 1644 5346 non
1678 5304 1760 5348 est
1795 5304 2001 5363 tempus
2034 5295 2219 5348 redar—

723 5454 766 5485 δ¹ι
791 5453 982 5523 Ephes.
1018 5466 1077 5514 ιι,
1107 5450 1158 5503 5.
1237 5450 1280 5482 ⁸⁵
1321 5447 1448 5503 Luc.
1495 5466 1549 5516 ιι,
1592 5450 1678 5505 5‘2.

2761 3499 3355 3555 ΑΝΑΘΕΜΛΤΙΣΜΟΣ
3415 3507 3488 3557 Δ’.

2413 3611 2479 3664 Εἴ
2512 3628 2590 3674 τις
2619 3612 2932 3683 προσώποις
2959 3613 3128 3676 δυσὶν,
3161 3617 3327 3686 ἦγουν
3356 3618 3708 3687 ὑποστάσεσι,
3735 3625 3840 3688 τάς
3862 3643 3920 3679 τε

2337 3705 2395 3756 ἐν
2419 3708 2528 3767 τοῖς
2566 3705 2941 3772 εύαγγελικοῖς
2987 3708 3078 3758 καὶ
3107 3710 3481 3775 ἀποστολικοῖς
3521 3717 3923 3786 συγγράμμασι

2336 3796 2580 3864 διανέμει
2635 3797 2837 3864 φωνὰς,
2895 3800 2926 3868 ἦ
2987 3801 3078 3851 ἐπὶ
3130 3803 3351 3872 Χριστῷ
3401 3807 3549 3874 παρὰ
3586 3808 3697 3859 τῶν
3751 3811 3923 3878 ἀγίων

2339 3885 2657 3956 λεγομένας,
2693 3887 2724 3956 ἢ
2755 3889 2883 3959 παρ’
2915 3889 3081 3941 αὑτοῦ
3125 3893 3249 3959 περὶ
3293 3894 3483 3946 ἑαυτοῦ
3512 3912 3532 3934 ἰ
3565 3897 3660 3949 καὶ
3684 3901 3784 3964 τὰς
3828 3903 3923 3970 μὲν

2335 3976 2410 4038 ώς
2439 3977 2708 4046 ἀνθρώπῳ
2743 3979 2892 4049 ποιρά
2925 3979 3014 4031 τὸν
3044 3983 3107 4034 ἐκ
3137 3981 3270 4035 Θεοῦ
3305 3985 3516 4056 Πατρὸς
3542 3987 3714 4055 Λόγον
3738 3991 3925 4052 ἱδικῶς

2336 4070 2608 4138 νοουμένῳ
2648 4075 2970 4139 προσάπτει,
2999 4077 3095 4138 τὰς
3129 4076 3184 4128 δὲ
3211 4077 3286 4140 ώς
3315 4079 3637 4149 θεοπρεπεῖς
3663 4088 3817 4157 μόνῳ
3847 4087 3924 4157 τῷ

2335 4162 2399 4214 ἐκ
2437 4161 2569 4213 Θεοῦ
2602 4163 2811 4234 [ἰατρὸς
2837 4165 2994 4235 Λόγῳ
3013 4181 3026 4194 °
3053 4167 3298 4237 ἀνάθεμα
3329 4171 3485 4225 ἔστω.

2606 4363 2981 4433 Ἀντίῤῥησις
3037 4368 3156 4421 τῶν·
3221 4371 3624 4428 Ἁνατολικῶν.

2418 4473 2734 4525 Ἀκόλουθον
2811 4478 3089 4533 κάνταῦθα
3136 4482 3241 4533 τῶν
3299 4485 3462 4537 αὐτοῦ
3523 4488 3927 4561 θεσπισμάτων

2334 4564 2492 4615 αὑτὸν
2539 4566 2871 4635 ὑπομνῆσαι,
2924 4571 2979 4623 ἐν
3028 4567 3108 4635 οἷς
3146 4591 3304 4644 φησι·
3356 4577 3470 4629 Κᾶν
3519 4580 3792 4653 ἀκούσῃς,
3846 4565 3930 4638 ὄτί

2336 4655 2641 4724 προέκοπτε
2681 4658 2862 4729 σοφία,
2896 4660 2987 4712 καὶ
3020 4663 3225 4732 ἡλικίᾳ,
3264 4667 3354 4717 καὶ
3385 4667 3586 4737 χάριτι,
3623 4671 3699 4742 μὴ
3755 4675 3928 4739 σοφὸν

2327 4747 2386 4811 ἐξ
2411 4749 2700 4810 ἐπιδόσεως
2736 4752 2985 4816 γενέσθαι
3017 4757 3243 4826 νομίσῃς
3277 4758 3367 4809 τὸν
3413 4760 3506 4812 τοῦ
3540 4761 3675 4815 Θεοῦ
3707 4766 3923 4834 Λόγον·

2330 4839 2451 4908 μηδ’
2484 4835 2549 4891 αὖ
2590 4840 2767 4892 ἐκεῖνο
2821 4842 3114 4913 φληνάφως
3163 4849 3441 4920 τολμήσῃς
3482 4854 3681 4916 εἰπεῖν,
3724 4857 3816 4908 ὅτι
3867 4859 3926 4909 τὸ

2327 4932 2657 5000 προκόπτειν
2713 4934 2770 4984 ἐν
2827 4935 3033 5006 ἡλικίᾳ,
3084 4938 3177 4990 καὶ
3226 4940 3405 5011 σοφίᾳ,
3461 4944 3554 4994 καὶ
3611 4946 3807 5015 χάριτι
3850 4949 3926 5017 τῷ

2327 5020 2595 5089 ἀνθρώπῳ
2615 5022 2966 5092 προσάψομεν
2991 5042 3002 5054 ·
3028 5027 3198 5089 (Ἀλλ’
3217 5030 3263 5080 εί
3282 5031 3374 5082 καὶ
3403 5031 3644 5100 ἀρνεῖται
3678 5036 3924 5090 ἐνταῦθα

2323 5111 2422 5180 τὴν
2444 5115 2540 5180 τῆς
2570 5113 2791 5182 Γραφῆς
2817 5116 3124 5186 μαρτυρίαν
3148 5117 3504 5175 διδάσκουσαν
3535 5124 3616 5176 ὅτι
3651 5129 3801 5180 κατὰ
3828 5128 3925 5197 τὴν

2323 5205 2419 5271 τῆς
2455 5203 2786 5272 φαινομένης
2836 5207 3035 5276 σαρκὸς
3077 5208 3237 5276 φύσιν
3288 5212 3382 5265 τοῦ
3438 5215 3650 5282 Κυρίου
3701 5218 3774 5270 τὰ.
3822 5220 3923 5286 τῆς

2326 5293 2608 5364 προκοπῆς
2657 5295 2866 5364 ἐγίνετο
2928 5299 2976 5362 ιε,
3031 5299 3149 5353 ἀλλ’
3180 5302 3238 5354 ού
3277 5305 3467 5376 καιρὸς
3503 5305 3597 5360 νῦν
3627 5309 3797 5364 τοῦτο
3847 5311 3923 5362 δι-

1705 5603 1874 5658 Variae
1909 5604 2164 5660 lectiones
2195 5620 2255 5660 ex
2286 5605 2470 5662 codice
2504 5606 2876 5678 Seguieriano.

708 5762 748 5803 -ιί
772 5761 1070 5831 ίσόφρονες.
1145 5756 1168 5794 ιι
1197 5758 1413 5827 ἐγένετο
