4078 6348
179 387 278 443 335

769 384 1292 448 APOLOGETICUS
1329 389 1465 448 PRO
1502 388 1595 445 XII
1633 385 1995 447 CAPITIBUS
2028 391 2304 450 CONTRA
2345 392 2804 451 ORIENTALES.

3303 398 3407 454 3'51.

180 507 257 558 ελέ
267 522 435 575 τίειν,
457 505 828 576 ἐπειγομένοις
855 508 946 560 ἐπὶ
963 509 1023 561 τὸ
1039 510 1396 581 προκείμενον
1418 510 1732 580 κεφάλαιον·

1859 512 2031 576 μιθηῶ
2060 513 2183 579 hoc,
2221 515 2603 571 festinantibus
2646 517 2711 570 ad
2732 514 3063 585 propositum
3090 515 3398 584 capitulum.

177 597 265 649 τοῦ
299 599 408 667 γὰρ
442 597 612 663 δεῖξαι
649 597 742 650 δύο
783 599 1107 664 ὑποστάσεις
1151 601 1312 654 αὑτὸν
1352 600 1598 669 λέγοντα,
1647 600 1742 653 καὶ

178 688 350 759 ἐαυτῷ
380 689 808 758 ἐναντιούμενον,
845 691 1239 762 παρεθήκαμεν
1286 693 1355 746 τά
1395 693 1564 746 πάλαι
1594 691 1742 762 αὑτῷ

177 781 458 849 εἰρημένα.
500 781 587 842 Ὠς
612 781 666 832 δὲ
707 782 721 820 i
759 787 1066 851 προσώποις
1094 782 1267 846 δυσὶν,
1296 785 1327 852 ἢ
1362 783 1739 848 ὑποστάσεσιν,

177 875 206 944 ἦ
243 877 374 937 υἱοῖς
402 876 519 926 δυσὶ
563 874 902 945 διαιροῦντας
933 878 1030 947 τὴν
1059 879 1272 944 ἕνωσιν,
1304 881 1470 950 ἤγουν
1510 881 1600 933 τὸν
1648 880 1743 932 ἕνα

181 971 328 1033 Υἰὸν,
358 969 456 1032 τὰς
487 970 667 1038 φωνάς
697 971 1024 1040 ἐφαρμόζειν
1046 973 1106 1024 οὑ
1132 972 1234 1025 δεῖὶ
1274 989 1287 1003 ·
1319 973 1618 1043 ἀδιαίρετος
1639 974 1745 1043 γὰρ

177 1063 269 1114 καὶ
317 1061 618 1130 ἀχώριστος
665 1063 697 1129 ἡ
745 1061 886 1132 ἄκρα
930 1063 1150 1125 ἓνωσις’
1205 1065 1300 1117 καὶ
1347 1067 1375 1116 ὁ
1425 1059 1501 1127 εἷς
1550 1065 1676 1127 Υἱὸς
1717 1065 1742 1104 ι

174 1154 313 1206 κατὰ
341 1155 516 1205 πάντα
550 1155 641 1205 καὶ
666 1153 842 1220 λόγον,
887 1155 977 1207 καὶ
1005 1156 1222 1224 τρόπον,
1247 1158 1338 1209 καὶ
1371 1157 1576 1210 ἔννοιάν
1607 1158 1741 1210 ἐστι.

174 1245 283 1306 Τής
311 1246 364 1297 δὲ
393 1246 566 1314 ἄκρας
605 1245 847 1308 ένὼσεως
893 1247 1318 1318 φυλαττομένης,
1367 1251 1457 1303 καὶ
1505 1251 1595 1302 τοῦ
1631 1251 1746 1313 ένὸς

175 1335 304 1387 Υἱοῦ
352 1334 393 1398 1,
447 1336 539 1387 καὶ
579 1335 837 1404 Χριστοῦ,
896 1337 989 1389 καὶ
1041 1340 1243 1409 Κυρίου
1295 1341 1745 1411 ὁμολογουμένου,

173 1429 302 1496 περὶ
332 1427 421 1480 τὸν
449 1429 544 1481 ἕνα
603 1431 693 1481 καὶ
729 1430 816 1480 τὸν
845 1430 1004 1481 αὑτὸν
1037 1431 1160 1483 Υἰὸν
1185 1433 1620 1500 ἐκλαμϐάνεσθαι
1644 1433 1747 1505 χρὴ

172 1522 239 1572 τὰ
299 1520 583 1590 λεγόμενα.
663 1520 818 1574 Κατὰ
879 1521 1062 1589 μέντοι
1120 1522 1218 1593 τὴν
1285 1523 1394 1578 τῶν
1447 1525 1748 1577 ὲνωθεισῶν

173 1611 390 1678 φύσεων
429 1611 657 1680 δύναμιν
689 1612 1096 1682 ἐφαρμὸζεσθαι
1136 1613 1335 1683 πρέπει
1383 1613 1459 1684 τῷ
1506 1616 1584 1667 ἐνὶ
1638 1615 1750 1684 Υἱῴ

171 1705 237 1755 τὰ
270 1704 584 1772 λεγόμενα.)
609 1705 681 1755 Τὸ
711 1704 767 1756 δὲ
810 1704 883 1774 μὴ
915 1707 1060 1775 ὲρεῖν
1091 1715 1128 1742 ιη
1157 1707 1256 1770 τὰς
1285 1709 1340 1759 ὲν
1369 1711 1480 1770 τοῖς
1502 1709 1749 1776 Εὑαγγε·

173 1794 311 1857 λίοις
341 1794 546 1862 φωνὰς,
579 1795 610 1864 ἦ
639 1796 736 1858 τάς
770 1797 897 1866 παρ’
929 1796 1090 1848 αὑτοῦ
1121 1797 1212 1849 τοῦ
1246 1798 1447 1867 Κυρίου
1477 1799 1604 1869 περὶ
1629 1799 1752 1851 ἑαυ-

169 1885 265 1938 τοῦ
297 1885 610 1957 εἰρημένας,
639 1887 668 1957 ἢ
698 1886 798 1950 τάς
839 1890 895 1939 ἐν
925 1890 1036 1950 τοῖς
1064 1889 1436 1952 ἁποστολικοῖς
1467 1890 1747 1958 συγγράμ-

175 1995 310 2045 μασι
368 1981 648 2048 κειμένας,
697 1979 856 2034 ποίαν
904 1981 1206 2052 ὑπερϐολὴν
1257 1981 1605 2052 βλασφημίας
1650 1983 1748 2051 οὑχ

172 2069 497 2138 ὑπεραίρει;
549 2071 610 2122 Εἰ
640 2071 745 2140 γάρ
787 2071 860 2140 μὴ
899 2072 1214 2143 διαιροῦμεν
1251 2075 1348 2137 τὰς
1395 2074 1597 2143 φωνὰς,
1632 2075 1750 2138 πῶς

172 2162 239 2215 ἂν
269 2162 692 2231 ἀντιϐλέψαιμεν
723 2165 832 2226 τοῖς
863 2165 1123 2234 Εὑνομίου
1174 2168 1268 2220 καὶ
1301 2167 1535 2237 ’Δρείου,
1574 2168 1751 2221 πάντα

169 2254 246 2316 ὼς
305 2254 384 2316 εἰς
431 2254 557 2322 μίαν
607 2253 766 2320 φύσιν
811 2255 1080 2324 εἰρημένα
1123 2257 1487 2327 συμφὺρουσι,
1538 2258 1631 2311 καὶ
1683 2258 1752 2312 τὰ

170 2345 408 2397 ταπεινά
449 2347 549 2413 τῆς
590 2346 1009 2418 ἀνθρωπότητος
1053 2349 1131 2411 εἰς
1159 2350 1256 2419 τὴν
1287 2349 1626 2419 ὑψηλοτάτην
1655 2351 1751 2419 τῆς

171 2436 458 2506 ἀκηράτου
521 2437 786 2508 Θεὸτητος
823 2440 982 2508 φύσιν
1033 2441 1366 2511 βλασφήμως
1421 2441 1751 2508 ἁνάγουσιν;

173 2531 247 2582 “Il
275 2530 394 2591 πῶς
419 2531 682 2598 νοὴσομεν
711 2533 803 2592 τὰς
838 2530 926 2581 τοῦ
965 2532 1166 2600 Κυρίου
1199 2533 1401 2600 φωνὰς,
1425 2532 1510 2584 διὰ
1533 2532 1628 2601 τὴν
1657 2534 1755 2601 τῆς

173 2618 511 2687 φαινομένης
555 2619 754 2687 σαρκὸς
789 2619 950 2686 φύσιν
996 2620 1267 2682 εἰπόντος·
1310 2641 1326 2670 ι
1357 2623 1470 2672 Οὑκ
1507 2617 1666 2691 ἦλθον
1696 2624 1757 2675 τὸ

172 2711 311 2781 ἐμὸν
346 2712 555 2781 θέλημα
574 2711 797 2780 ποιῆσαι
828 2727 840 2773 ;
869 2730 885 2761 ι
919 2712 1010 2763 καί
1043 2711 1104 2763 τὸ
1124 2753 1138 2774 ,
1173 2732 1190 2761 ι
1216 2712 1464 2782 Ἐντολὴν
1490 2713 1682 2767 ἔλαϐον
1706 2715 1756 2768 τί

171 2804 337 2866 εἴπω,
368 2803 461 2855 καὶ
501 2802 552 2855 τί
587 2803 842 2872 λαλήσως
881 2823 897 2854 ι
936 2805 1029 2856 καὶ
1057 2802 1117 2855 τὸ
1143 2844 1156 2866 ,
1197 2823 1215 2855 ι
1261 2802 1402 2871 Ἐγὼ
1443 2805 1536 2856 ἀπ’
1583 2808 1755 2876 ἐμαυ-

170 2895 268 2946 τοῦ
323 2895 476 2946 οὑόὲν
522 2895 691 2958 ποιῶ,
726 2915 742 2946 ο
795 2897 888 2948 καὶ
923 2897 980 2948 τὸ
1007 2937 1020 2959 ,
1079 2915 1097 2947 t
1125 2898 1434 2967 Πορεύομαι
1484 2899 1621 2969 πρὸς
1667 2900 1759 2952 τὸν

173 2985 400 3051 Πατέρα
429 3002 550 3054 μου,
583 2988 676 3037 καὶ
720 2986 938 3055 Πατέρα
977 2987 1150 3054 ὑμῶν,
1187 2990 1280 3041 καὶ
1328 2989 1460 3042 Θεόν
1496 3007 1618 3060 μου,
1663 2993 1759 3044 καὶ

172 3075 314 3127 Θεὸν
340 3075 522 3144 ὑμῶν’
557 3095 574 3127 ι
608 3077 700 3128 καὶ
732 3075 797 3128 τὰ
821 3077 981 3128 λοιπὰ
1003 3078 1377 3143 ὅσατοιαῦτα;
1419 3080 1761 3152 Ἀδιαιρέτων

171 3167 284 3221 τῶν
323 3168 534 3236 φωνῶν,
566 3167 751 3240 ὥσπερ
775 3169 867 3222 καὶ
892 3169 995 3221 τῶν
1023 3168 1256 3237 φύσεων,
1289 3173 1584 3240 μενουσῶν,
1609 3173 1761 3226 ἔσται

176 3261 306 3311 κατ’
343 3260 503 3312 αὑτὸν
572 3260 663 3313 τοῦ
729 3262 1048 3330 μονογενοῦς
1085 3262 1218 3314 Θεοῦ
1259 3260 1414 3327 Θεὸς,
1456 3263 1484 3315 ὁ
1533 3264 1761 3334 Πατήρ·

175 3348 494 3420 λειτουργὸς
539 3351 594 3404 δὲ
652 3354 746 3404 καὶ
803 3352 1045 3414 διάκονος
1087 3351 1196 3405 τῶν
1254 3353 1536 3424 πατρικῶν
1594 3373 1763 3427 προσ-

172 3441 498 3509 ταγμάτων,
518 3443 544 3493 ὁ
569 3442 692 3502 Υἱὸς
710 3443 846 3494 κατὰ
863 3444 960 3512 τὴν
977 3443 1205 3514 θεότητα
1222 3461 1236 3475 ·
1263 3446 1357 3498 καὶ
1380 3449 1427 3498 ει
1449 3447 1516 3500 τά
1537 3450 1767 3502 ταπεινὰ

172 3533 254 3591 εἰς
284 3531 386 3598 τὴν
415 3533 514 3600 τῆς
537 3531 785 3599 θεότητος
814 3533 972 3599 φύσιν
1012 3533 1358 3604 ἐκλάϐοιμεν,
1387 3535 1492 3589 τίνι
1532 3538 1622 3590 καὶ
1661 3538 1720 3589 τὸ
1749 3579 1762 3603 ,

183 3641 201 3672 σ
226 3619 374 3689 Ἐγὼ
414 3621 506 3674 καὶ
538 3623 565 3674 ὁ
595 3624 781 3694 Πατὴρ
812 3624 868 3676 ’έν
901 3626 1088 3694 ἐσμεν,
1120 3643 1138 3676 ι
1172 3627 1519 3698 ἁρμόσομεν;
1562 3630 1656 3682 καὶ
1685 3631 1764 3694 τὸ,

176 3713 386 3785 ὁμοίως
443 3714 603 3766 αὑτὸν
660 3718 831 3768 ποιεῖν
867 3716 943 3785 τῷ
975 3717 1181 3786 Πατρί;
1219 3719 1314 3772 καὶ
1359 3720 1419 3773 τὸ
1442 3762 1456 3786 ,
1515 3740 1532 3772 ι
1557 3723 1766 3792 ’Ὠσπερ

175 3805 291 3876 γὰρ
330 3805 358 3856 ὀ
398 3806 588 3876 Πατὴρ
613 3807 815 3873 ἐγείρει
846 3809 972 3870 τοὺς
993 3812 1242 3880 νεκροὺς,
1279 3810 1421 3866 οὕτω
1453 3814 1545 3867 καὶ
1575 3817 1602 3868 ὁ
1640 3816 1766 3879 Υἱὸς

173 3893 273 3957 οὓς
325 3893 487 3958 Θέλει,
550 3898 643 3948 καὶ
699 3897 793 3967 οὑχ
838 3898 930 3962 οὓς
962 3901 1380 3970 προστάσσεται,
1436 3904 1759 3973 ζωοποιεῖ;›

187 3987 338 4041 Ἀλλ’
368 3988 514 4042 ἔστιν
538 3990 711 4058 ὀρθῶς
741 3993 880 4045 κατὰ
909 3993 1004 4062 τὴν
1034 3994 1198 4047 αὑτοῦ
1225 3995 1319 4048 τοῦ
1345 3998 1552 4068 Κυρίου
1582 4000 1765 4070 φωνὴν

176 4079 398 4150 Πατὴρ,
430 4081 523 4132 καὶ
553 4081 703 4144 Θεὸς,
741 4084 769 4133 ὁ
801 4084 1017 4153 Πατήρ·
1054 4085 1185 4148 Θεὸς
1220 4088 1315 4154 μὲν
1344 4088 1438 4140 τοῦ
1469 4099 1493 4126 η
1526 4092 1582 4142 ἐν
1614 4092 1766 4143 ὑστέ-

177 4188 301 4241 ροις
345 4173 556 4240 καιροῖς
600 4171 663 4222 ὲκ
708 4172 1019 4242 σπέρματος
1055 4175 1218 4226 Δαυῒδ
1271 4178 1409 4244 μετὰ
1455 4179 1652 4247 σαρκὸς
1705 4188 1760 4246 ο,

176 4264 380 4332 Πατὴρ
413 4263 467 4314 δὲ
492 4261 586 4313 τοῦ
616 4263 672 4328 ἐξ
697 4263 858 4315 αὑτοῦ
883 4263 1110 4328 ἀπαθῶς
1136 4283 1195 4318 τε
1227 4268 1321 4319 καὶ
1348 4268 1532 4330 άῐδὶως
1575 4287 1766 4340 γεννη-

175 4356 374 4419 θέντος
421 4356 553 4408 Θεοῦ
599 4357 795 4422 Λόγου,
836 4357 934 4426 τῆς
981 4358 1228 4427 υἱότητος
1265 4359 1322 4412 ἐν
1368 4359 1444 4429 τῷ
1494 4363 1764 4431 μοναδικῷ

173 4449 344 4516 τύπῳ
391 4448 794 4517 φυλαττομένης
837 4465 894 4499 τε
927 4449 1020 4501 καὶ
1047 4449 1505 4520 ὁμολογουμένης.
1551 4453 1671 4515 Πῶς
1719 4454 1762 4504 δ’

1841 599 1999 667 Nam,
2030 606 2086 656 ut
2107 607 2516 661 ostenderemus
2547 620 2670 660 eum
2700 606 2881 660 dicere
2914 607 3044 660 duas
3067 607 3408 676 hypostases,

1842 697 1896 747 et
1930 695 2026 748 sibi
2065 696 2165 766 ipsi
2195 711 2317 752 esse
2361 698 2716 761 contrarium,
2766 697 3113 766 apposuimus
3155 711 3241 762 ea,
3291 711 3411 766 quae

1845 785 1970 840 olim
2004 788 2072 841 ab
2105 789 2220 857 ipso
2248 790 2388 843 dicta
2425 799 2573 844 sunt.
2607 787 2888 860 Tanquam
2916 805 3041 844 vero
3063 790 3270 844 duabus
3292 804 3409 858 per-

1845 876 2011 941 sonis,
2050 878 2134 930 vel
2170 879 2378 932 duabus
2409 880 2748 944 substantiis,
2784 879 2867 934 vel
2913 879 3118 934 duobus
3160 879 3303 945 liliis,
3334 882 3412 932 di-

1845 968 2073 1022 videndo
2125 970 2447 1034 nnitionem,
2482 971 2583 1026 hoc
2643 981 2724 1024 est
2783 985 2948 1024 unum
2977 969 3195 1034 Filium,
3253 984 3414 1023 vaces

1847 1068 2029 1124 aptare
2060 1074 2163 1112 non
2200 1071 2416 1128 oportet
2456 1076 2470 1114 :
2508 1061 2850 1115 indivisibilis
2879 1061 3021 1113 enim
3056 1069 3110 1113 et
3141 1060 3418 1129 insepara-

1848 1149 1969 1202 bilis
2001 1161 2082 1205 est
2114 1167 2318 1204 summa
2348 1153 2554 1216 unitio;
2583 1166 2636 1204 et
2661 1167 2799 1206 unus
2830 1151 2998 1205 Filius
3031 1152 3280 1205 omnibus
3308 1166 3418 1203 mo-

1849 1243 1930 1294 dis
1959 1255 2013 1295 et
2039 1243 2334 1299 rationibus
2361 1254 2414 1298 et
2451 1245 2867 1314 cogitationibus
2892 1253 2974 1299 est
3024 1261 3036 1297 :
3071 1245 3164 1299 sed
3208 1259 3418 1297 summa

1849 1335 2090 1390 unitione
2118 1345 2351 1402 servata,
2371 1347 2422 1390 et
2442 1337 2748 1392 conﬁtendo
2773 1352 2934 1390 unum
2954 1336 3143 1389 Filium
3184 1345 3231 1390 et
3263 1335 3421 1390 Chri-

1850 1435 1989 1480 stum
2012 1436 2065 1482 et
2091 1428 2397 1490 Dominum,
2423 1428 2488 1482 de
2515 1444 2619 1483 uno
2645 1437 2698 1482 et
2721 1430 2909 1480 eodem
2947 1426 3085 1480 Filio
3110 1427 3420 1494 accipienda

1850 1530 1977 1573 sunt
2015 1535 2134 1588 quae
2170 1521 2420 1575 dicuntur
2454 1537 2467 1573 :
2503 1529 2742 1573 attamen
2776 1520 2926 1588 juxta
2965 1519 3219 1572 virtutem
3269 1530 3424 1571 natu-

1851 1624 2032 1664 rarum
2075 1611 2346 1664 unitarum
2393 1612 2651 1678 atlaplare
2687 1611 2940 1664 convenit
2984 1611 3075 1663 uni
3125 1609 3262 1664 Filio
3306 1624 3424 1676 quae

1852 1703 2165 1773 dicuntur.)
2196 1702 2466 1757 Caeterum
2501 1719 2603 1756 non
2637 1718 2894 1770 separare
2955 1717 3115 1756 voces
3151 1717 3270 1770 qua”:
3300 1712 3425 1755 sunt

1855 1791 1906 1845 in
1943 1791 2271 1861 Evangeliis,
2303 1807 2436 1860 quas
2471 1791 2552 1846 vel
2593 1792 2706 1861 ipse
2733 1792 2992 1846 Dominus
3024 1793 3090 1845 de
3117 1805 3176 1845 se
3216 1790 3424 1844 locutus

1853 1891 1959 1947 est,
2004 1881 2088 1936 vel
2122 1882 2416 1952 apostolica
2447 1882 2648 1951 scripta
2695 1883 2917 1947 habent,
2957 1897 3116 1951 quam
3159 1884 3429 1952 hyperbo-

1855 1973 1940 2028 len
1966 1973 2314 2042 blasphemiae
2345 1989 2451 2028 non
2484 1974 2860 2029 transcendit?
2891 1973 3020 2028 Nam
3053 1976 3096 2028 si
3122 1989 3284 2028 voces
3320 1990 3425 2026 non

1857 2065 2255 2132 distinguimus,
2282 2068 2552 2136 quomodo
2577 2068 2904 2124 obsistemus
2920 2068 3051 2122 Ario
3073 2075 3127 2120 et
3145 2067 3427 2131 Eunomio,

1857 2158 2036 2210 omnia
2071 2167 2323 2228 tanquam
2373 2159 2426 2214 in
2456 2175 2618 2214 unam
2646 2168 2892 2216 naturam
2920 2161 3063 2214 dicta
3089 2159 3430 2215 confunden-

1861 2249 2026 2314 tibus,
2059 2257 2113 2303 et
2146 2249 2366 2304 humilia
2399 2249 2756 2306 humanitatis
2784 2250 2842 2305 in
2875 2264 3142 2306 summam
3182 2251 3430 2306 incorru-

1860 2340 2065 2408 ptibilis
2099 2341 2317 2397 deitatis
2367 2351 2620 2396 naturam
2671 2340 2837 2411 impie
2883 2341 3284 2398 referentibus?
3341 2342 3434 2398 Vel

1860 2432 2130 2499 quomodo
2166 2433 2529 2504 intelligemus
2572 2434 2787 2490 Domini
2819 2450 3001 2499 voces,
3027 2445 3247 2506 propter
3278 2445 3439 2492 natu-

1862 2538 1978 2578 ram
2027 2525 2231 2590 carnis,
2293 2541 2414 2596 quae
2461 2528 2698 2593 videtur,
2750 2528 2978 2585 dicentis
3017 2547 3032 2584 :
3085 2547 3105 2582 ι
3146 2528 3264 2585 Non
3315 2531 3436 2586 veni

1862 2629 2038 2669 meam
2065 2619 2400 2673 voluntatem
2437 2618 2622 2674 facere
2654 2620 2732 2686 “;
2769 2638 2788 2673 ι
2822 2631 2874 2676 et
2906 2635 2921 2674 :
2959 2639 2978 2672 ι
3011 2620 3317 2676 Mandatum
3346 2637 3438 2675 ac-

1864 2707 1979 2775 cepi
2009 2708 2136 2772 quid
2176 2709 2373 2774 dicam,
2403 2719 2458 2764 et
2507 2710 2638 2780 quid
2678 2710 2872 2781 loquar
2907 2714 2988 2779 ‘7;
3029 2733 3049 2766 ι
3078 2723 3170 2769 et:
3216 2734 3233 2767 ι
3269 2715 3379 2783 Ego
3407 2736 3438 2769 ει

1865 2800 2070 2866 mcipso
2123 2801 2256 2856 nihil
2291 2802 2428 2858 iacio
2453 2803 2530 2870 ‘5;
2563 2822 2580 2855 ι
2607 2813 2698 2858 et:
2727 2804 2908 2860 «Vado
2930 2806 2996 2860 ad
3022 2805 3234 2862 Patrem
3261 2822 3439 2863 meum

1864 2898 1920 2944 et
1949 2888 2166 2945 Patrem
2200 2901 2465 2958 vestrum,
2509 2905 2565 2951 et
2601 2895 2770 2950 Deum
2811 2911 2990 2952 meum
3035 2905 3090 2953 et
3137 2897 3306 2953 Deum
3349 2913 3444 2953 vc-

1867 2988 2035 3034 strum
2070 2982 2148 3050 6’;
2183 3001 2201 3034 ι
2239 2991 2294 3038 et
2335 2994 2532 3040 caetera
2576 3001 2912 3058 quaecunque
2938 2989 3062 3043 talia
3105 2990 3273 3045 sunt?
3299 2988 3442 3045 Indi-

1868 3070 1997 3125 visis
2031 3072 2175 3125 enim
2223 3075 2466 3138 vocibus,
2511 3076 2653 3131 sicut
2699 3086 2752 3132 et
2808 3078 3020 3132 naturis
3073 3080 3442 3146 manentibus,

1791 3204 1834 3261 Ο
1869 3162 1974 3215 erit
2003 3165 2294 3218 secundum
2328 3165 2477 3220 illum
2506 3169 2768 3238 unigeniti
2808 3170 2902 3224 Dei
2939 3169 3081 3225 Deus
3123 3169 3304 3237 Pater,
3339 3175 3445 3226 mi-

1869 3254 2042 3309 nister
2064 3266 2241 3310 autem
2280 3268 2334 3312 et
2367 3269 2654 3316 exsecutor
2683 3270 3028 3330 paternorum
3066 3264 3441 3318 mandatorqu

1867 3348 2035 3402 Filius
2065 3350 2358 3404 secundum
2390 3350 2747 3408 divinitatem.
2783 3354 2852 3408 Et
2888 3356 2931 3409 si
2976 3355 3196 3409 humilia
3235 3357 3286 3410 in
3325 3359 3442 3410 dei-

1871 3441 1997 3494 tatis
2045 3453 2290 3496 naturani
2340 3445 2731 3513 acceperimus,
2783 3446 2869 3499 cui
2915 3447 3217 3514 aptabimus
3261 3446 3440 3502 illud:

1876 3550 1893 3582 ‹
1923 3531 2034 3601 Ego
2063 3544 2116 3586 et
2140 3532 2301 3587 Pater
2333 3552 2496 3590 unum
2532 3553 2718 3590 sumus
2747 3538 2833 3589 ὀἳ
2863 3557 2880 3589 ι
2911 3549 2966 3591 et
2999 3537 3147 3603 illud,
3193 3539 3445 3593 similiter

1868 3638 1931 3677 ac
1974 3623 2210 3692 Putrem,
2245 3626 2416 3695 ipsum
2459 3629 2717 3696 operari?
2749 3639 2803 3682 et
2839 3629 2969 3683 illud
3007 3647 3018 3682 :
3060 3649 3077 3680 ι
3109 3629 3262 3682 Sicut
3299 3629 3444 3684 eniut

1869 3714 2027 3769 Pater
2065 3719 2266 3771 excitat
2298 3731 2558 3786 mortuos,
2593 3723 2662 3774 ita
2707 3730 2758 3774 et
2807 3719 2974 3774 Filius
3006 3736 3142 3790 quos
3189 3721 3320 3787 vult,
3354 3731 3447 3776 iet

1871 3823 2124 3874 nonquos
2149 3810 2221 3861 illi
2249 3812 2577 3879 pracipitur,
2604 3831 2621 3862 ι
2643 3811 2934 3866 vivilicat'“
2959 3813 2982 3866 ?
3011 3831 3028 3864 ι
3063 3812 3168 3867 Sed
3192 3823 3277 3866 est
3303 3822 3449 3867 recte

1869 3899 2159 3954 secundmn
2196 3901 2363 3969 ipsius
2400 3901 2617 3956 Domini
2646 3918 2856 3966 vocem,
2891 3902 3050 3957 Pater
3083 3915 3138 3957 et
3166 3903 3307 3958 Deus
3335 3903 3450 3972 ipse

1866 3991 2045 4046 Pater.
2085 3992 2227 4046 Deus
2259 3994 2471 4062 quidem
2509 3994 2672 4056 illius,
2712 3994 2870 4064 169
2917 3995 3007 4063 qui
3046 3996 3096 4048 in
3137 3995 3449 4048 novissimis

1868 4086 2200 4154 temporibus
2232 4100 2296 4140 ex
2329 4087 2534 4139 semine
2562 4086 2728 4140 David
2758 4089 2965 4141 exstitit
3006 4092 3302 4142 secundum
3326 4102 3448 4143 car-

1867 4192 1988 4230 nem
2034 4175 2237 4229 :Pater
2279 4186 2458 4231 autem
2502 4179 2640 4247 ejus,
2683 4179 2773 4246 qui
2807 4195 2872 4232 ex
2924 4179 3042 4247 ipso
3087 4179 3290 4248 absque
3324 4194 3451 4248 pas-

1867 4269 2020 4321 sione
2051 4278 2103 4319 et
2134 4277 2337 4321 aeterne
2371 4279 2526 4321 natus
2548 4280 2649 4332 est,
2681 4269 2769 4322 Dei
2803 4269 2965 4322 Verbi
2995 4287 3007 4323 :
3042 4281 3100 4322 ut
3134 4269 3446 4324 liliationem

1868 4357 2006 4410 intra
2034 4358 2254 4411 unitatis
2278 4359 2646 4428 praescriptum
2673 4375 2948 4414 servemus
2990 4371 3044 4414 et
3068 4361 3446 4419 couliteamur.

1867 4449 2147 4514 Quomodo
2191 4460 2369 4502 autem
2407 4451 2772 4516 intelligemus
2798 4451 2926 4503 illud
2959 4468 2972 4503 :
3009 4469 3028 4501 ι
3059 4452 3255 4516 Amen,
3287 4467 3444 4506 amen

175 4541 246 4593 ἂν
301 4548 332 4586 P
365 4540 630 4607 νοήσομεν
666 4539 761 4602 τὸ,
820 4557 838 4589 t
861 4539 1032 4610 Ἀμὴν
1069 4539 1214 4609 ἀμὴν
1261 4539 1400 4606 λέγω
1439 4543 1587 4610 ὑμῖν,
1635 4543 1755 4612 πρὶν

1873 4538 1990 4590 dico
2012 4538 2186 4598 vobis,
2217 4539 2524 4607 priusquam
2559 4539 2832 4592 Abraham
2867 4540 3018 4594 fieret
3053 4555 3152 4609 ego
3173 4556 3290 4594 sum
3315 4542 3399 4595 7’?
3421 4561 3439 4592 ι

174 4628 706 4699 Ἀϐραάμγενέσθαι
728 4627 834 4696 ἐγώ
857 4630 995 4698 εἰμι;
1029 4648 1046 4680 ι
1071 4630 1164 4681 καὶ
1186 4630 1264 4694 τὸ,
1289 4649 1305 4679 ι
1332 4631 1764 4685 Πάνταδι“αὑτοῦ

173 4722 405 4788 ἐγένετο
429 4737 443 4786 ;
470 4739 488 4772 ι
541 4719 880 4792 Ἀδιαιρέτων
913 4720 1033 4773 ,τῶν
1073 4721 1265 4788 φωνῶν
1305 4722 1612 4791 μενουσῶν,
1659 4720 1766 4796 ἆρα

174 4811 531 4880 περιάψομεν
562 4820 587 4859 tl
622 4809 717 4879 τὴν
750 4813 932 4881 φωνὴν
956 4814 1022 4880 τῇ
1050 4811 1228 4879 φύσει,
1262 4814 1324 4882 τῇ
1361 4813 1423 4864 ὲκ
1453 4813 1768 4883 σπέρματος

174 4901 350 4956 Δαυῖδ
414 4903 470 4954 ὲν
526 4901 770 4972 ὑστέροις
826 4905 1034 4972 καιροῖς
1083 4903 1373 4976 γενομένῃ,
1407 4904 1467 4956 τὸ
1521 4906 1625 4974 πρὸ
1673 4906 1765 4958 τοῦ

187 4994 455 5065 Ἀδραὰμ
506 4996 599 5048 καὶ
664 4994 826 5048 Δαυῒδ
874 4990 1034 5060 εἶναι,
1087 4995 1179 5048 καὶ
1220 4998 1396 5049 πάντα
1435 4997 1501 5050 δι’
1541 4997 1709 5067 αὐτῆς
1749 5009 1768 5033 τ

175 5089 441 5157 γενέσθαι
469 5105 482 5152 ;
511 5089 543 5158 ἣ
575 5090 822 5158 φήσομεν
851 5088 1112 5153 εὐσεϐῶς,
1140 5088 1248 5141 τῶν
1280 5088 1496 5156 φύσεων
1526 5089 1765 5158 ἀσυγχύ-

172 5198 292 5232 των
327 5191 347 5216 ⁸
386 5179 683 5248 μενουσῶν,
710 5180 801 5231 καὶ
829 5180 926 5249 τῆς
956 5180 1203 5245 ὲνώσεως
1234 5181 1538 5251 ἀδιαιρέτου
1577 5182 1768 5250 ὁμολο-

257 5356 490 5409 ⁶⁶1οτιιι.
533 5372 603 5419 γι,
645 5355 731 5407 58.

175 5430 224 5461 τ’
256 5429 416 5479 Joatt.
456 5443 576 5489 vnit,
609 5427 697 5478 58.

809 5356 852 5385 ⁸⁷
898 5355 1054 5409 Joan.
1078 5373 1174 5422 xu,
1203 5357 1292 5412 49.

774 5426 819 5455 ⁷³
848 5423 1003 5479 Joau.
1031 5443 1068 5490 ι,
1097 5428 1152 5480 5.

1371 5359 1413 5388 ⁸⁸
1439 5356 1598 5411 Joan.
1634 5373 1751 5420 vtlt,
1787 5355 1875 5410 28.

1871 4638 1922 4682 et
1961 4630 2061 4682 hoc
2093 4647 2103 4680 :
2148 4646 2165 4679 ι
2207 4631 2399 4684 Omnia
2437 4647 2530 4698 per
2561 4631 2732 4699 ipsum
2780 4632 2916 4686 facta
2949 4645 3076 4686 sunt
3112 4633 3186 4697 7';
3222 4653 3238 4683 ι
3277 4633 3321 4686 si
3359 4634 3442 4687 in—

1872 4721 2118 4775 discretze
2148 4735 2402 4776 maneant
2430 4724 2630 4777 voces?
2657 4724 2791 4778 Num
2818 4725 3124 4793 aptabimus
3154 4739 3315 4781 voces
3343 4726 3442 4779 has

1872 4821 2101 4875 natura),
2128 4829 2244 4882 qua:
2267 4829 2329 4866 ex
2358 4815 2562 4868 semine
2592 4813 2756 4868 David
2784 4816 3092 4870 novissimis
3115 4817 3447 4885 temporibus

1874 4902 2012 4956 facta
2036 4913 2136 4969 est,
2171 4918 2361 4973 nempe
2389 4906 2529 4972 quod
2562 4906 2774 4961 sitante
2800 4885 3068 4960 Abraham
3101 4916 3154 4961 et
3181 4906 3369 4972 David,
3395 4918 3448 4960 et

1873 4993 2050 5046 omnia
2079 5009 2173 5062 per
2197 4995 2366 5061 ipsam
2400 4996 2535 5048 facta
2564 4996 2714 5049 sint?
2740 5011 2805 5049 an
2840 4997 3078 5050 dicemus
3106 4996 3211 5066 pie,
3241 4997 3446 5050 naturis

1875 5086 2172 5140 inconfusis
2202 5088 2562 5150 manentibus,
2592 5096 2647 5140 et
2679 5087 2920 5140 unitione
2961 5086 3310 5154 inseparabili
3354 5103 3448 5155 po-

1875 5182 2000 5243 sita,
2029 5179 2200 5247 aptari
2230 5179 2447 5248 quidem
2491 5179 2588 5232 has
2635 5194 2794 5231 voces
2841 5180 3136 5232 secundum
3175 5179 3444 5232 uuitarutn

1954 5355 1998 5386 ⁸⁸
2026 5353 2180 5408 Joan.
2218 5371 2306 5420 xx,
2339 5355 2424 5409 l7.
2501 5355 2546 5386 7°
2569 5353 2724 5410 Joan.
2754 5370 2809 5420 x,
2842 5354 2935 5410 50.
3011 5355 3053 5386 ”
3088 5353 3316 5414 Joan.v.
3348 5357 3438 5410 9i.

2501 5355 2546 5386 7°
2569 5353 2724 5410 Joan.
2754 5370 2809 5420 x,
2842 5354 2935 5410 50.

1269 5578 1440 5631 Vat-he
1475 5579 1734 5632 lectiones
1767 5592 1832 5630 ex
1861 5578 2046 5633 codice
2078 5578 2457 5648 Seguieriano.

264 5743 283 5783 ι
327 5738 466 5792 οὐδέ.
551 5737 696 5815 ινδεῖ.
746 5738 768 5775 ιι
806 5737 971 5815 ἴσως,
999 5736 1092 5789 καὶ
1124 5730 1202 5797 εἷς
1229 5737 1256 5787 ὁ
1288 5735 1434 5815 ὶςὶός..
1489 5731 1505 5772 ι
1541 5735 1631 5815 καὶ
1665 5734 1959 5815 ἑνὸςιΥἱοῦ.
2002 5752 2035 5773 η·
2066 5736 2309 5807 διαιρεῖν.
2385 5743 2411 5772 ¹
2446 5736 2539 5807 τῆς
2565 5737 2724 5792 Δαυῖδ
2754 5741 2973 5811 σαρκός.
3019 5751 3044 5779 ο
3077 5742 3215 5796 κατὰ
3247 5743 3448 5815 σάρκα.

259 5821 290 5860 P
328 5810 495 5876 ἴσως,
530 5805 620 5861 αὖ.
696 5818 722 5857 q
749 5807 1129 5876 περιάψωμεν.
1212 5815 1231 5841 τ
1272 5805 1456 5860 αὑτοῦ.

696 5818 722 5857 q
749 5822 812 5859 πε
821 5807 1004 5878 ριάψοι
1013 5823 1129 5876 μεν.

1533 5823 1555 5858 .t
1590 5804 1925 5873 άσυγχὺτως.
