4078 6348
641 396 747 451 335

1632 392 1691 449 S.
1732 387 2007 446 CYRILLI
2046 385 2521 443 ALEXANDRINI
2557 384 2879 443 ARCHIEP.

3795 382 3900 436 536

642 524 962 569 naturarum
1007 511 1113 566 vim
1160 510 1339 583 (sicut
1389 509 1706 582 praedictum
1754 510 1892 580 est).
1942 510 1995 564 in
2047 524 2208 564 unum

2327 507 2607 577 γουμένης,
2655 503 2755 567 τὰς
2784 503 2968 573 φωνάς
3026 498 3431 573 ἑφαρμόζεσθαι
3478 496 3617 552 κατά
3660 496 3757 569 τὴν
3792 497 3900 551 τῶν

641 605 860 672 Filium,
892 614 947 661 et
981 603 1289 670 Dominum,
1313 614 1366 659 et
1393 604 1691 669 Christum,
1724 604 1817 659 sed
1842 617 1948 658 non
1976 603 2027 657 in
2052 618 2212 657 unam

640 708 891 755 naturam
908 699 1089 753 omnia
1123 700 1547 763 contrahentes;
1580 698 1650 751 ita
1681 706 1739 751 ut
1761 712 1829 751 ex
1860 710 1967 750 uno
1991 704 2214 750 natura-

643 806 760 844 rum
793 791 1011 845 nomine
1038 799 1267 860 utraque
1295 790 1627 860 intelligatur
1657 799 1875 859 prepter
1912 790 2217 858 incompre-

644 881 967 936 hensibilem
1017 880 1279 935 unitionis
1325 879 1720 945 summitatem,
1766 878 2215 949 quemadmodum

642 975 823 1028 ethoc
857 992 869 1026 :
911 992 931 1024 ι
958 970 1129 1027 Nemo
1157 972 1402 1027 ascendit
1428 972 1478 1024 in
1504 970 1722 1037 caalum,
1744 972 1848 1024 nisi
1875 970 1963 1039 qui
1994 970 2216 1023 descen-

643 1065 721 1117 dit
745 1065 812 1118 de
840 1064 979 1118 coelo
1012 1062 1182 1117 Filius
1220 1062 1456 1118 hominis
1479 1061 1571 1131 qui
1608 1070 1688 1116 est
1720 1064 1770 1114 in
1803 1061 1940 1116 caelo
1963 1061 2040 1125 ";
2073 1079 2089 1112 ι
2123 1067 2212 1112 ct:

647 1172 667 1206 ι
698 1153 754 1209 Si
807 1154 971 1223 igitur
1020 1154 1263 1208 videritis
1310 1151 1507 1207 Filium
1554 1152 1790 1207 hominis
1836 1152 2214 1206 ascendentem

642 1244 734 1301 ubi
764 1246 915 1314 prius
949 1245 1170 1312 erat";
1204 1262 1224 1297 ι
1262 1259 1442 1299 nonne
1480 1258 1547 1299 ex
1579 1244 1936 1313 appellatione
1971 1242 2086 1297 Filii
2123 1244 2219 1297 ho-

644 1339 804 1392 minis
827 1339 992 1393 etiam
1019 1337 1190 1402 illum,
1216 1340 1307 1407 qui
1343 1338 1394 1391 ei
1425 1336 1711 1391 inconfuse
1748 1346 1801 1391 et
1837 1336 2219 1405 inseparabili-

644 1441 724 1484 ter
747 1431 931 1484 unitus
953 1440 1037 1484 est
1071 1428 1465 1499 intelligimus?
1499 1426 1631 1481 Nam
1661 1428 1908 1497 quamvis
1932 1439 1986 1481 et
2021 1427 2215 1482 Filium

645 1518 878 1572 hominis
926 1520 1225 1572 nominarit
1271 1527 1489 1587 pmpter
1534 1530 1829 1588 assumpta:
1885 1528 1940 1573 et
1990 1519 2218 1573 visibilis

645 1611 826 1664 carnis
852 1619 1133 1676 naturam;
1159 1617 1336 1663 tamen
1371 1624 1465 1678 per
1490 1625 1573 1674 ea,
1606 1624 1725 1678 quae
1757 1612 1824 1665 ab
1851 1608 1965 1679 ipso
1996 1610 2214 1675 ﬁebant,

639 1701 811 1755 Deum
860 1702 1096 1771 seipsum
1148 1702 1575 1757 demonstrabat.
1640 1701 1705 1755 Et
1736 1703 1975 1757 iterum:
2017 1701 2219 1758 «Jesus

639 1794 891 1849 Christus
925 1810 1022 1863 per
1062 1810 1223 1864 quem
1268 1795 1450 1849 omnia
1481 1796 1566 1860 7‘;
1600 1814 1617 1846 ι
1647 1805 1701 1849 et
1736 1795 1929 1850 iterum
1958 1812 1971 1849 :
2009 1814 2026 1846 ‹
2062 1794 2218 1850 Jesus

2322 596 2624 651 ένωθεισῶν
2671 595 2882 665 φύσεων
2911 594 3160 665 δύναμιν,
3200 594 3276 654 ὡς
3308 590 3653 662 προείρηται,
3685 590 3765 652 εἰς
3805 589 3903 642 ἕνα.

2327 691 2424 762 μὲν
2454 689 2546 742 τὸν
2575 690 2723 753 Υἱὸν,
2755 689 2847 741 καὶ
2878 686 3104 758 Κύριον,
3137 684 3231 739 καὶ
3261 681 3516 755 Χριστὸν,
3547 681 3660 734 ἀλλ’
3694 678 3794 732 οὐκ
3823 681 3904 740 εἰς

2327 783 2453 853 μίαν
2486 780 2645 851 φύσιν
2676 779 2745 833 τὰ
2778 779 2955 833 πάντα
2988 775 3367 847 συναιροῦντες
3392 789 3405 803 ·
3458 772 3533 836 ὡς
3564 770 3659 825 καὶ
3695 770 3755 836 ἐξ
3784 771 3905 833 ἑνὸς

2323 874 2432 927 τῶν
2464 875 2680 944 φύσεων
2721 872 2987 943 ὀνόματος
3031 870 3295 938 ἑκατέρας
3329 866 3566 919 νοεῖσθαι
3593 864 3680 918 διά
3712 864 3773 917 τὸ
3802 862 3906 931 τῆς

2324 965 2570 1028 ένὼσεως
2602 967 2796 1036 ἀκρον,
2828 964 2922 1017 καὶ
2947 966 3079 1034 ἡμῖν
3107 961 3494 1030 ἀκατάληπτον
3515 974 3529 989 ο
3563 957 3639 1021 ὥς
3678 974 3784 1009 που
3809 956 3905 1009 καὶ

2323 1060 2382 1113 τὸ
2406 1099 2421 1125 ,
2456 1077 2473 1110 t
2504 1056 3064 1127 Οὐδεὶς-ἀναϐέϐηκεν
3097 1057 3176 1119 εἰς
3209 1054 3301 1108 τὸν
3331 1053 3578 1123 οὐρανὸν,
3613 1053 3661 1105 εἰ
3698 1050 3773 1121 μὴ
3796 1051 3823 1101 6
3844 1052 3907 1101 ὲκ

2324 1150 2417 1204 τοῦ
2451 1149 2681 1221 ούρανοῦ
2720 1148 2988 1213 καταϐὰς,
3022 1148 3052 1200 6
3085 1146 3213 1209 Υἰδς
3254 1144 3350 1198 τοῦ
3396 1143 3707 1213 ἀνθρώπου,
3758 1144 3786 1193 6
3832 1138 3910 1190 ὢν

2324 1246 2381 1297 ὲν
2405 1241 2481 1313 τῷ
2507 1241 2720 1314 οὐρανῷ
2740 1256 2754 1271 ·
2791 1261 2810 1294 ι
2857 1242 2952 1293 καὶ
2980 1240 3073 1306 τὸ,
3129 1258 3146 1291 ι
3169 1238 3295 1292 Ἐἀν
3335 1233 3427 1292 οὖν
3458 1238 3604 1306 ἴδητε
3647 1234 3738 1287 τὸν
3782 1231 3911 1285 Υἰὸν

2324 1334 2417 1389 τοῦ
2454 1334 2740 1405 ἀνθρώπου
2775 1333 3155 1399 ἀναϐαίνοντα,
3192 1334 3328 1386 ὅπου
3356 1325 3424 1400 ἦν
3463 1329 3524 1382 τὸ
3553 1327 3821 1399 πρότερον
3842 1342 3857 1357 ο
3884 1343 3904 1375 ι

2324 1430 2445 1499 οὐχὶ
2476 1430 2540 1481 ὲκ
2564 1428 2667 1499 τῆς
2695 1428 3067 1499 προσηγορίας
3096 1427 3187 1481 τοῦ
3221 1425 3349 1480 Υἱοῦ
3378 1424 3471 1478 τοῦ
3500 1423 3788 1495 ἀνθρώπου
3818 1423 3914 1475 καὶ

2323 1521 2415 1575 τὸν
2448 1520 2599 1590 αὑτῷ
2635 1520 2962 1589 ἀσυγχύτως
2990 1537 3051 1573 τε
3084 1521 3201 1589 ἅμα
3230 1519 3323 1573 καὶ
3352 1517 3667 1588 ἀχωρίστως
3701 1532 3912 1585 συνημ-

2329 1613 2488 1684 μένον
2529 1612 2794 1683 νοοῦμεν;
2846 1612 2909 1665 Εἰ
2940 1612 3050 1682 γὰρ
3072 1610 3167 1664 καὶ
3195 1611 3322 1663 Υἰὸν
3345 1608 3631 1680 ἀνθρώπου
3661 1604 3913 1675 ὠνόμαζε

2325 1703 2411 1757 διά
2435 1703 2533 1775 τὴν
2556 1702 2656 1772 τῆς
2691 1701 3143 1773 προσληφθείσης
3210 1701 3305 1754 καὶ
3337 1698 3671 1769 φαινομένης
3710 1695 3916 1766 σαρκὸς

2329 1795 2509 1864 φύσιν,
2534 1793 2669 1847 ἀλλά
2684 1793 2772 1846 διὰ
2793 1790 2943 1864 [τῶν]
2962 1791 3056 1845 καὶ
3079 1792 3209 1861 παρ’
3231 1790 3397 1845 αὑτοῦ
3418 1788 3759 1859 τελουμένων
3781 1787 3914 1840 Θεὸν

641 1886 893 1941 Christus
924 1888 1037 1941 heri
1061 1896 1116 1941 et
1143 1887 1319 1949 hodie,
1352 1887 1472 1957 ipse
1496 1898 1551 1941 et
1588 1888 1638 1940 in
1666 1887 1943 1943 satcula".
1973 1906 1989 1940 ι
2023 1887 2079 1942 Si
2107 1889 2220 1943 heri

2330 1884 2516 1939 ἑαυτὸν
2564 1883 2913 1955 παρεδείκνυ.
2956 1882 3064 1937 Καὶ
3107 1884 3299 1937 πάλιν·
3350 1901 3368 1933 ι
3400 1881 3608 1951 Ἰησοῦς
3652 1879 3913 1952 Χριστὸς,

640 1988 696 2031 et
720 1978 902 2044 hodie,
931 1979 1203 2047 quomodo
1240 1992 1337 2046 per
1368 1978 1539 2047 ipsum
1571 1978 1792 2032 omnia?
1818 1978 1872 2032 Si
1917 1987 2097 2033 autem
2133 1994 2227 2048 per

644 2070 815 2137 ipsum
842 2071 1052 2134 onmia,
1079 2070 1351 2139 quomodo
1397 2070 1509 2124 heri
1558 2080 1613 2124 et
1659 2070 1858 2125 hodie?
1886 2070 1990 2125 Sed
2016 2083 2223 2125 certum

639 2174 725 2219 est
750 2172 805 2219 et
834 2166 974 2233 quod
1003 2184 1015 2219 :
1044 2182 1061 2217 ι
1085 2165 1275 2220 Omnia
1304 2180 1400 2235 per
1428 2167 1600 2234 ipsum
1629 2166 1698 2235 ⁷⁸,
1731 2185 1748 2218 ι
1774 2175 1827 2221 et
1856 2168 2021 2236 quod,
2053 2188 2071 2220 ι
2099 2167 2223 2222 llei-i

639 2267 695 2310 et
729 2257 907 2323 hodie,
940 2277 957 2307 ι
986 2258 1090 2311 ﬁde
1133 2258 1526 2326 recipiendum,
1556 2268 1609 2311 et
1649 2259 1750 2313 hoc
1791 2278 1804 2314 :
1841 2279 1858 2313 ι
1891 2258 2008 2329 Ipse
2039 2261 2090 2315 in
2122 2278 2223 2331 sar-5

642 2346 791 2411 cuia,
832 2367 850 2399 ι
878 2363 1085 2412 verum,
1113 2351 1157 2402 si
1191 2351 1486 2403 secundum
1514 2348 1874 2404 diﬂ'erentiam
1910 2363 2222 2407 naturarum

644 2440 925 2494 inconfuse
952 2449 1009 2495 et
1058 2439 1492 2509 inseparabiliter
1552 2440 1823 2494 unitarum
1866 2458 2023 2498 voces
2071 2454 2223 2513 apte-

645 2546 783 2597 mus,
862 2532 1243 2602 intelligentes,
1294 2534 1589 2586 secundum
1639 2532 1850 2588 \‘isibile
1921 2537 2140 2604 quidem
2208 2557 2219 2592 :

653 2638 666 2670 ι
706 2618 829 2675 lleri
859 2630 914 2676 et
942 2623 1128 2689 hodie;
1160 2642 1179 2674 ι
1217 2625 1519 2677 secundum
1551 2637 1679 2677 vero
1708 2622 2043 2695 intelligibile
2072 2646 2084 2682 :
2117 2647 2135 2679 ι
2169 2630 2221 2681 ln

644 2713 873 2778 saecula;
929 2733 947 2766 ι
998 2716 1292 2769 secundum
1356 2726 1536 2771 autem
1595 2716 1872 2775 ﬁliatlouis
1938 2721 2221 2786 unitatem,

651 2820 670 2854 ι
711 2818 875 2858 unum
902 2812 957 2859 et
983 2804 1258 2863 eumdem.
1289 2824 1309 2859 ι

1200 3111 1392 3183 Cyrilli
1416 3115 1674 3183 defensio.

2326 1978 2393 2033 δι’
2420 1970 2480 2031 οὗ
2501 1975 2569 2030 τά
2599 1976 2798 2031 πάντα.
2827 1995 2844 2028 ι
2869 1975 2983 2030 Kal
3015 1975 3197 2031 πάλινο
3232 1994 3253 2027 ι
3295 1974 3500 2046 Ἰησοῦς
3524 1973 3757 2045 Χριστὸς
3789 1970 3916 2041 χθὲς

2328 2071 2423 2124 καὶ
2454 2072 2695 2141 σήμερον
2729 2071 2757 2122 6
2785 2070 2948 2132 αὐτὸς
2976 2069 3069 2122 καὶ
3105 2070 3187 2132 εἰς
3217 2068 3346 2131 τοὺς
3388 2065 3611 2130 αἰῶνας.
3640 2083 3659 2116 ι
3697 2065 3761 2117 Εἰ
3788 2062 3917 2134 χθὲς

2328 2163 2421 2216 καὶ
2451 2162 2714 2232 σήμερον,
2748 2159 2866 2223 πῶς
2888 2158 2955 2211 δι’
2975 2158 3139 2211 αὐτοῦ
3164 2157 3234 2212 τὰ
3253 2157 3461 2221 πάντας
3491 2156 3554 2208 Εἰ
3577 2154 3632 2208 δὲ
3658 2153 3726 2207 δι’
3746 2150 3915 2206 αὑτοῦ

2326 2255 2394 2307 τὰ
2445 2254 2645 2316 πάντα,
2701 2250 2820 2314 πῶς
2867 2250 2992 2321 χθὲς
3038 2250 3134 2304 καὶ
3182 2252 3457 2321 σήμερον;
3500 2247 3660 2301 Ἀλλά
3692 2246 3786 2299 καὶ
3820 2246 3913 2307 16,

2334 2362 2350 2394 ι
2383 2345 2566 2397 Πάντα
2612 2343 2678 2395 δι’
2732 2340 2923 2407 αὑτοῦ,
2953 2360 2971 2394 ι
3015 2341 3252 2411 ἀληθές·
3304 2341 3399 2393 καὶ
3446 2340 3529 2403 τὸ,
3570 2358 3587 2390 ι
3618 2336 3779 2401 Χθὲς,
3821 2337 3919 2388 καὶ

2329 2436 2588 2506 σήμερον,
2611 2454 2627 2486 ι
2658 2435 2869 2487 πιστόν·
2896 2434 2989 2486 καί
3006 2432 3086 2497 τὸ,
3116 2452 3135 2482 ι
3159 2432 3216 2484 Ὀ
3236 2432 3396 2495 αὐτὸς
3416 2432 3495 2494 είς
3513 2431 3638 2494 τοὺς
3654 2429 3912 2491 αἰῶνας.»

2326 2525 2579 2595 ἀληθινόν
2598 2539 2615 2557 ο
2649 2524 2745 2578 ὲάν
2777 2523 2918 2577 κατά
2947 2523 3009 2575 τὸ
3040 2521 3149 2575 τῶν
3180 2522 3483 2575 ένωθεισῶν
3513 2521 3838 2591 ἀσυγχύτως
3857 2537 3916 2572 τε

2326 2615 2419 2667 καὶ
2451 2613 2773 2684 ἀχωρίστως
2802 2611 3020 2681 φύσεων
3049 2611 3305 2683 διάφορον
3332 2612 3431 2674 τάς
3457 2612 3642 2680 φωνὰς
3671 2610 3919 2680 ἐφαρμό-

2326 2703 2531 2774 ζωμεν,
2575 2703 2821 2767 νοοῦντες
2858 2703 3000 2757 κατὰ
3061 2702 3160 2773 μὲν
3191 2703 3253 2756 τὸ
3318 2702 3666 2771 φαινόμενον,
3703 2719 3722 2751 ι
3773 2700 3917 2764 Χθὲς

2327 2793 2419 2846 καὶ
2465 2796 2738 2865 σήμερον·
2769 2813 2785 2844 ι
2836 2794 2976 2847 κατὰ
3033 2793 3089 2845 δὲ
3145 2793 3207 2845 τὸ
3250 2792 3560 2862 νοούμενον,
3611 2812 3629 2844 ι
3668 2791 3762 2856 Εἰς
3791 2793 3918 2855 τοὺς

2327 2881 2561 2945 αἰῶναςσ
2593 2902 2610 2933 ι
2644 2882 2787 2935 κατά
2813 2881 2946 2934 δὲτὸ
2989 2881 3088 2952 τῆς
3114 2880 3363 2952 υἰὸτητος
3399 2879 3704 2951 μοναδικὸν,
3739 2898 3756 2930 ι
3782 2877 3917 2931 Ἕνα

2327 2974 2421 3027 καὶ
2450 2975 2539 3028 τὸν
2568 2974 2746 3028 αὐτόν.
2763 2963 2787 3024 ι’

2787 3108 3116 3178 Ἀπολογία
3157 3108 3480 3176 Κυρίλλου.

718 3223 788 3278 Ut
816 3233 1057 3295 apparet,
1086 3225 1169 3279 his
1195 3226 1288 3295 qui
1323 3230 1810 3284 anathematismos
1860 3244 1888 3283 ιι
1931 3231 2090 3302 17o
2122 3248 2220 3285 no-

2402 3230 2608 3294 Σκοπὸς
2658 3224 2768 3293 οὖν,
2812 3228 2886 3291 ὼς
2934 3230 2951 3264 ί
3005 3228 3170 3291 ἔοικε,
3233 3227 3345 3287 τοῖς
3389 3223 3671 3277 ἐθέλουσιν
3723 3222 3920 3293 ἀπερι-

649 3317 731 3371 bis
766 3317 1050 3371 utilissime
1087 3328 1140 3372 et
1172 3321 1479 3375 necessario
1525 3321 1697 3377 factos
1740 3324 2112 3392 imprudenter
2143 3342 2226 3378 rc-

651 3409 985 3477 prehendere
1020 3410 1440 3477 volunt,t'inicus
1475 3413 1563 3466 ille
1593 3428 1787 3489 scopus
1832 3425 1937 3479 est,
1988 3424 2045 3469 ut
2094 3417 2225 3471 nihil

655 3517 837 3554 verum
878 3500 956 3555 vel
984 3502 1197 3569 sapiant
1224 3504 1305 3556 vel
1335 3504 1549 3570 dicant,
1585 3505 1978 3578 declareutque
2026 3523 2085 3563 se
2110 3510 2226 3564 solo

648 3592 1012 3647 calumniandi
1044 3593 1218 3648 studio
1236 3605 1551 3665 occupatos.
1576 3595 1708 3651 Nam
1734 3600 1777 3653 si
1799 3610 2031 3655 mentem
2071 3616 2224 3656 suam

640 3681 890 3735 studiose
920 3697 982 3735 ac
1013 3681 1301 3750 diligenter
1335 3684 1559 3753 scriptis
1588 3686 1850 3741 adhibere
1879 3696 2217 3757 paterentur,

650 3789 756 3827 non
787 3774 1145 3844 ignorassent,
1185 3777 1327 3845 quod
1362 3778 1475 3832 suis
1528 3779 1813 3834 sententiis
1858 3789 1912 3835 et
1956 3783 2224 3836 sermoni-

650 3867 773 3932 bus,
802 3881 936 3935 quos
967 3866 1193 3935 faciunt,
1242 3869 1519 3924 stabiliant
1562 3872 2105 3937 anathemalismum,
2172 3886 2225 3929 et

648 3971 992 4026 nequaquam
1029 3959 1321 4011 ostendant
1351 3958 1499 4012 illum
1526 3958 1793 4014 inerudite
1832 3962 2133 4017 conditum.
2162 3964 2227 4018 Et

649 4049 943 4118 quomodo,
973 4048 1171 4102 dicam.
1195 4047 1375 4104 Bonus
1406 4049 1687 4107 Nestorius
1709 4052 1922 4106 dicebat
1947 4054 2053 4110 tale
2069 4057 2227 4125 quid-

651 4142 794 4204 dum,
826 4141 878 4193 in
914 4140 1144 4194 ecclesia
1194 4154 1482 4194 enarratis.
1523 4138 1591 4194 Ut
1621 4149 1802 4195 autem
1834 4142 2008 4211 ipsum
2055 4147 2226 4199 mani-

649 4230 840 4287 festius
890 4233 1094 4294 dicam.
1153 4240 1205 4285 et
1262 4231 1333 4283 ita
1394 4240 1451 4282 ut
1504 4246 1690 4285 omnes
1726 4230 1935 4287 facilius
1965 4236 2222 4303 capiant:

648 4324 827 4390 Arius,
863 4332 918 4375 et
950 4320 1269 4383 Eunomius,
1302 4329 1355 4373 et
1382 4319 1769 4388 Apollinarins,
1798 4330 1853 4375 et
1911 4337 2102 4377 omnes
2130 4340 2222 4379 so-

649 4414 864 4469 cietatis
898 4412 1108 4466 illorum
1134 4412 1310 4475 chori,
1377 4411 1666 4465 studebant
1720 4410 1978 4467 inducere
2025 4429 2222 4469 nomen

648 4507 771 4571 hoe,
798 4506 894 4559 Dei
930 4505 1187 4575 genitrix,
1217 4503 1339 4557 utsi
1364 4502 1671 4556 commistio
1724 4502 1897 4567 fieret,
1928 4514 1983 4559 et
2010 4516 2219 4562 natura!

654 4614 755 4652 non
795 4608 1200 4667 separarentur,
1258 4592 1393 4647 nihil
1440 4592 1719 4647 humiliter
1766 4594 1967 4649 dictum
2008 4596 2074 4650 de
2119 4597 2221 4651 hu-

656 4688 914 4742 inanitate
939 4685 1310 4756 accipiendum
1344 4695 1507 4749 esset,
1566 4683 1851 4755 locumque
1896 4680 2011 4756 jam
2063 4690 2226 4743 habe-

654 4787 771 4835 rent
804 4780 905 4851 ipsi
939 4789 1125 4834 contra
1162 4779 1455 4843 deitatem;
1502 4778 1657 4845 quasi
1686 4776 2030 4848 omnia,qum
2072 4780 2227 4833 dice-

653 4856 868 4935 bantur,
893 4872 957 4923 de
986 4886 1090 4922 uno
1122 4870 1451 4922 dicerentur.
1480 4865 1605 4921 Hmc
1630 4884 1752 4921 cum
1774 4870 1855 4923 sic
1907 4870 2050 4923 dicta
2096 4872 2226 4933 sint,

658 4962 945 5015 utilissime
977 4960 1485 5013 anathematisnnun
1533 4956 1779 5021 fecimus,
1844 4975 1948 5012 non
2006 4962 2228 5027 pennit-

662 5064 833 5107 tentes
879 5054 931 5104 in
991 5052 1125 5104 duas
1191 5051 1353 5102 dividi
1420 5064 1678 5117 personas
1718 5060 1770 5103 et
1830 5051 2210 5105 subsistentias

658 5162 821 5199 unum
854 5142 1141 5198 Dominum
1176 5140 1356 5197 Jesnm
1391 5143 1688 5196 Christum.
1722 5139 1873 5206 Quod
1936 5152 2116 5195 autem
2167 5153 2221 5195 et

656 5238 754 5306 ipsi
786 5252 908 5291 cum
934 5234 1133 5289 nostris
1147 5234 1487 5287 sermonibus
1513 5235 1856 5299 conveniant,
1880 5233 2220 5303 perspicuum

722 5416 769 5447 "
793 5414 944 5470 Joau.
976 5430 1060 5478 ιιι,
1098 5414 1187 5468 15.
1261 5412 1306 5443 ⁷⁸
1343 5409 1496 5469 Joan.
1531 5427 1611 5477 vi,
1649 5412 1734 5466 65.
1806 5411 1848 5442 ⁷⁸
1883 5411 2047 5467 Hebr.
2081 5429 2140 5480 ιι,
2174 5413 2220 5467 lt

2333 5416 2377 5445 ⁷⁷
2412 5415 2576 5470 llebr.
2616 5433 2731 5484 xm,
2766 5417 2819 5472 8.

2331 3312 2581 3381 σκέπτως
2621 3320 2885 3389 ἐπιτιμᾷν
2916 3318 3027 3380 τοῖς
3075 3315 3204 3385 παρ’
3236 3313 3391 3385 ἡμῶν
3421 3312 3830 3386 χρειωδέστατά
3862 3331 3921 3367 τε

2329 3414 2423 3467 καὶ
2467 3411 2783 3478 ἀναγκαίως
2826 3408 3109 3478 γεγονόσιν
3151 3406 3644 3477 ἀναθεματισμοίς,
3697 3409 3923 3476 φρονεῖν

2335 3506 2435 3575 μὲν
2481 3504 2514 3575 ἢ
2572 3502 2755 3570 λέγειν
2798 3501 2905 3554 τῶν
2956 3499 3225 3571 ἀληθινῶν
3279 3500 3451 3562 οὐδὲν,
3495 3498 3819 3569 φιλοψογίας
3868 3500 3923 3552 δὲ

2333 3597 2500 3668 μόνης
2536 3594 2810 3660 ἀπόδειξιν
2844 3594 3052 3666 ἐναργῆ
3086 3592 3361 3645 ποιεῖσθαι
3387 3592 3447 3645 τὺ
3471 3593 3661 3663 χρῆμα
3684 3606 3696 3619 ·
3742 3594 3790 3645 εἰ
3816 3592 3925 3663 γάρ

2328 3688 2618 3759 ἀνίσχοντα
2640 3697 2688 3749 ιι,
2710 3685 2805 3739 καὶ
2825 3684 3030 3756 ἀκριϐῆ
3051 3686 3163 3747 τοῖς
3185 3683 3591 3754 γεγραμμένοις
3610 3683 3701 3735 τὸν
3722 3685 3925 3736 οἰκεῖον

2329 3777 2703 3847 ὲνερείσαντες
2749 3773 2894 3838 νοῦν,
2943 3775 3043 3827 οὐκ
3082 3776 3389 3844 ἠγνόησαν,
3452 3774 3535 3826 ὅτι
3591 3773 3924 3843 κρατύνουσι

2328 3868 2449 3928 ταῖς
2506 3864 2636 3934 παρ’
2684 3863 2893 3917 ἑαυτῶν
2925 3872 2951 3900 ν
2977 3864 3202 3934 ψήφοις,
3240 3864 3332 3915 καὶ
3376 3862 3444 3916 δι’
3488 3857 3563 3916 ὧν
3590 3865 3926 3933 πεποίηνται

2328 3957 2525 4025 λόγων,
2591 3954 2681 4009 τὸν
2735 3954 3201 4025 ἀναθεματισμὸν,
3274 3955 3369 4008 καὶ
3422 3955 3540 4025 οὐχὶ
3592 3954 3655 4023 δὴ
3720 3955 3926 4025 μᾶλλον

2331 4048 2782 4121 ἀνεπιστημόνως
2812 4048 2976 4101 αὑτὸν
3010 4047 3277 4117 γεγονότα
3303 4046 3777 4100 καταδεικνύουσι.
3814 4049 3926 4101 Καὶ

2328 4145 2451 4198 τίνα
2477 4143 2701 4214 τρόπον,
2730 4141 2861 4214 ἐρῶ*
2910 4137 2968 4193 '0
2999 4140 3236 4211 χρηστὸς
3261 4140 3393 4209 ἡμῖν
3425 4138 3717 4211 Νεστόριος
3740 4139 3847 4211 ἔφη
3876 4159 3925 4192 τι

2328 4235 2569 4289 τοιοῦτον
2614 4238 2701 4288 ἐπ’
2744 4235 3040 4305 ἐκκλησίας
3075 4243 3101 4270 ι
3142 4233 3525 4304 ἐξηγούμενος.
3557 4233 3675 4286 Ἵνα
3702 4232 3759 4285 δὲ
3790 4234 3927 4286 αὐτὸ

2330 4328 2663 4398 σαφέστερον
2719 4326 2811 4381 καὶ
2871 4328 3038 4380 πᾶσιν
3094 4326 3491 4396 εὐληπτότερω
3581 4326 3742 4391 εῐπω,
3810 4327 3926 4389 τοῖς

2343 4416 2573 4485 Ἀρείου,
2610 4416 2705 4470 καὶ⁹
2739 4416 3029 4487 Εὐνομίου,
3066 4416 3160 4469 καὶ
3200 4415 3600 4487 Ἀπολιναρίου,
3641 4417 3737 4469 καί
3787 4418 3925 4471 πάν-

2259 4541 2298 4595 υ
2328 4525 2433 4560 των
2459 4509 2568 4568 τοῖς
2591 4509 2767 4578 χοροῖς
2794 4506 2901 4560 τῶν
2930 4506 3030 4578 τῆς
3063 4506 3318 4577 τοιαύτης
3350 4507 3581 4579 φατρίας
3600 4515 3651 4572 3',
3686 4508 3920 4579 σπουδὴ,

2329 4600 2408 4673 τὸ,
2446 4598 2734 4664 Θεοτόκος,
2767 4599 3027 4668 εἰσάγειν,
3074 4598 3150 4662 ὡς
3187 4600 3437 4671 κράσεως
3477 4600 3794 4671 γινομένης,
3832 4605 3925 4654 καὶ

2333 4691 2442 4743 τῶν
2485 4689 2700 4760 φύσεων
2742 4690 2817 4763 μὴ
2857 4689 3272 4761 διαιρουμένων,
3328 4690 3493 4760 μηδὲν
3536 4688 3645 4743 τῶν
3686 4692 3925 4744 εὐτελῶν

2333 4782 2413 4844 εἰς
2438 4781 2534 4852 τὴν
2565 4780 2959 4851 ἀνθρωπότητα
2982 4781 3375 4851 λαμὸἀνεσθαι,
3402 4781 3496 4834 καὶ
3520 4779 3705 4851 χώραν
3722 4783 3924 4845 αὐτοὺς

2334 4872 2521 4925 λοιπὸν
2570 4873 2709 4926 κατὰ
2763 4874 2862 4943 τῆς
2923 4872 3176 4940 θεότητος
3219 4873 3362 4943 ἔχειν
3390 4890 3400 4901 ·
3430 4873 3505 4936 ὼς
3551 4873 3769 4926 πάντων
3816 4874 3924 4927 τῶν

2336 4964 2645 5034 λεγομένων
2690 4966 2819 5034 παρ’
2852 4965 2969 5027 ἑνὸς
3003 4963 3328 5035 λεγομένων.
3377 4964 3595 5018 Τούτων
3620 4964 3718 5018 ὡδὶ
3763 4966 3923 5033 λεγο-

2341 5055 2537 5125 μένων,
2573 5049 2994 5126 χρειωὸέστατος
3025 5065 3045 5091 ι
3076 5059 3202 5127 παρ’
3237 5066 3255 5085 ⁸
3295 5055 3450 5127 ἡμῶν
3480 5056 3700 5125 γέγονεν
3728 5059 3757 5110 6
3790 5058 3922 5111 dva-

2338 5146 2694 5218 θεματισμὸς,
2746 5148 2844 5200 οὐκ
2885 5149 3058 5217 ἐφιεὶς
3111 5148 3191 5212 εἰς
3252 5148 3343 5201 δύο
3382 5146 3705 5219 μερίζεσθαι
3751 5150 3919 5221 πρόσ-

2332 5238 2463 5290 ωπά
2488 5256 2544 5291 τε
2580 5241 2673 5291 καὶ
2702 5240 3033 5304 ὑποστάσεις
3061 5241 3154 5295 τὸν
3187 5241 3282 5294 ἕνα
3312 5240 3514 5311 Κύριον
3545 5239 3759 5311 Ἰησοῦν
3786 5244 3917 5313 Χρι-

2899 5421 2943 5449 ⁷⁸
2970 5418 3124 5476 Joan.
3163 5436 3202 5486 I,
3249 5420 3301 5474 5.

1718 5565 1890 5622 Varia:
1926 5566 2183 5623 lectiones
2222 5587 2285 5623 ex
2311 5571 2496 5625 codice
2534 5571 2908 5640 Seguieriano.

732 5734 751 5771 ι
782 5732 1007 5795 Σκοπὸς,
1037 5730 1132 5793 ὡς.

655 5818 680 5847 ιι
714 5803 1045 5872 λελεγμένων
1075 5797 1492 5871 χρειωδὲστατα.
1574 5795 1597 5835 ἀ
1635 5795 1721 5849 ϊσ.
1760 5796 1907 5865 περί.

1244 5736 1269 5763 ιι
1306 5726 1392 5781 ἵσ.
1425 5727 1471 5779 εἰ
1506 5725 1613 5797 γὰρ
1639 5724 1915 5797 ὴνείχοντο
1962 5724 2239 5779 ἀκοδοῦν.
2317 5735 2342 5763 τ
2375 5727 2502 5795 τεῖρ’
2534 5726 2735 5779 αὐτῶν.

2855 5735 2878 5762 ι
2921 5726 3207 5796 ἐκκλησίᾳ.
3330 5736 3356 5774 γ
3394 5727 3563 5791 αὐτῆς
3602 5731 3906 5801 φρατρίας
