4078 6348
190 392 288 452 537

790 398 1319 463 APOLOGETICUS
1360 406 1498 465 PRO
1538 409 1632 465 XII
1671 409 2037 470 CAPITIBUS
2076 412 2359 470 CONTRA
2396 414 2853 475 ORIENTALES.

3317 426 3421 483 3258

188 510 319 562 στόν.
351 510 472 563 Ὅτι
495 511 550 564 δέ
575 514 668 567 καὶ
696 516 881 581 αὐτοῖς
904 522 1020 584 τοῖς
1048 525 1176 591 παρ’
1208 525 1365 595 ἡμῶν
1390 530 1729 600 συμφέροντα

1852 531 2044 587 eritex
2076 533 2162 590 bis
2202 550 2321 605 quae
2348 537 2686 607 scripserunt
2751 548 2807 594 et
2874 540 3138 601 sentiunt.
3206 544 3419 604 Habent

183 598 375 666 λόγοις,
404 602 561 673 δῆλον
590 604 655 659 ἂν
686 607 771 678 εἴη
798 608 1065 679 δήπουθεν
1098 614 1157 678 ἐξ
1195 609 1269 670 ὧν
1296 598 1625 689 γεγράφασι,
1657 625 1748 677 καὶ

182 695 391 760 φρονεῖν
428 696 730 764 ἐγνώκασιν
757 717 770 731 ’
815 701 929 773 ἔχει
969 705 1026 760 st
1070 707 1244 773 οὕτως
1268 725 1285 743 ⁸
1353 711 1441 776 Ὦς
1471 714 1528 767 δέ
1577 733 1745 788 προσ·

180 782 363 850 ώποις,
385 786 419 856 ἢ
446 788 479 827 δ
496 789 824 847 ὑποστάσεσι
845 795 1016 864 δυσὶν,
1047 799 1078 870 ἢ
1112 802 1247 866 υἱοῖς
1265 802 1386 857 δυσὶ
1409 782 1747 878 διαιροῦντας

178 875 269 947 τὴν
293 877 507 948 ἕνωσιν,
542 883 710 952 ἧγουν
740 887 828 939 τὸν
856 889 951 943 ἕνα
978 891 1124 954 Υίὸν,
1147 893 1251 958 τὰς
1284 899 1470 965 φωνὰς
1499 875 1745 973 ἐφαρμό-

178 968 289 1031 ζειν
315 970 374 1023 οὐ
400 969 512 1024 δείο
565 974 870 1067 ἀδιαίρετος
905 980 1013 1053 γὰρ
1046 985 1141 1038 καὶ
1172 986 1478 1059 ἁχώριστος
1600 968 1746 1067 ἂκρα

183 1060 371 1125 ἐνωσις
392 1076 408 1093 °
456 1066 552 1118 καὶ
580 1068 607 1120 ό
638 1063 718 1133 εἷς
753 1070 879 1135 Υἱὸς
905 1074 1048 1128 κατὰ
1092 1076 1269 1132 πάντα
1298 1082 1391 1136 καὶ
1430 1060 1605 1153 λόγον⁹
1652 1060 1747 1142 καὶ

173 1153 391 1243 τρόπον,
432 1158 528 1210 καὶ
566 1158 772 1215 ἔννοιάν
812 1164 951 1219 ἐστι.
993 1166 1104 1238 Τῆς
1158 1168 1216 1222 δέ
1277 1171 1454 1243 ἄκρας
1500 1176 1746 1242 ἐνώσεως

174 1242 602 1318 φυλαττομένης,
642 1250 737 1303 καὶ
769 1252 861 1309 τοῦ
890 1255 1007 1318 ἐνὸς
1042 1257 1194 1325 Υίοῦ,
1228 1262 1322 1315 καὶ
1349 1242 1611 1334 Χριστοῦ,
1652 1270 1745 1323 καὶ

173 1334 372 1405 Κυρίου
402 1339 860 1413 ὁμολογουμένου,
891 1349 1022 1419 περὶ
1060 1350 1152 1404 τόν
1182 1352 1278 1407 ἕνα
1331 1357 1427 1409 καὶ
1460 1358 1553 1413 τὸν
1583 1360 1743 1414 αὑτὸν

172 1424 295 1520 ἴῖίδν
321 1427 649 1520 ἐκλαϐἐσθαι
691 1445 713 1473 ο
773 1438 879 1509 χρὴ
918 1439 987 1494 τὰ
1020 1440 1321 1514 λεγόμενα·
1370 1449 1510 1503 κατὰ
1561 1450 1740 1520 μέντοι

167 1515 261 1586 τήν
306 1518 417 1573 τῶν
460 1522 762 1580 ἐνωθεισῶν
809 1530 1027 1599 φύσεων
1066 1534 1295 1606 δύναμιν
1337 1515 1742 1610 ἐφαρμόζεσθαι

169 1610 370 1679 πρέπει
430 1613 511 1685 τῷ
544 1616 625 1671 ἐνὶ
680 1619 793 1691 Υίῷ
828 1621 898 1675 τὰ
940 1624 1229 1696 λεγόμενα.
1274 1630 1481 1685 Οὐκοῦν
1514 1634 1614 1703 τῆς
1662 1637 1741 1699 είς

166 1701 331 1771 ἄκρον
391 1706 640 1774 ἐνώσεως
728 1714 1064 1786 σωζομένης,
1121 1720 1249 1775 ποία
1306 1701 1653 1793 παρείσδυσις
1707 1729 1741 1799 ἢ

164 1794 291 1861 γοῦν
344 1802 619 1864 φαντασία
669 1807 844 1873 τομῆς
881 1811 1320 1879 παρεισκρίνοιτο
1355 1813 1420 1866 ἂν
1449 1815 1562 1880 Est;
1592 1821 1683 1871 καὶ

165 1886 403 1978 μερίζειν
429 1890 751 1962 ἀποτολμῶν
774 1895 888 1959 πῶς
907 1899 1007 1952 οὐκ
1029 1899 1135 1965 ἔξω
1161 1903 1386 1973 φέρεται
1408 1908 1505 1978 τῆς
1526 1909 1741 1975 εὐθείας

161 1977 297 2042 ὁδοῦ,
350 1981 445 2033 καὶ
494 1982 604 2036 τῶν
646 1989 747 2056 τῆς
798 1989 1080 2056 εὐσεϐείας
1129 1995 1416 2066 δογμάτων
1466 1977 1546 2065 εἰς
1598 1985 1742 2058 ἷίπαν

160 2069 511 2139 ὰποφοιτῶν;
549 2076 613 2128 Τί
654 2074 748 2130 οὖν
781 2097 947 2149 φησιν
980 2086 1007 2137 ό
1048 2087 1495 2161 ἀναθεματισμός
1522 2109 1535 2158 ;
1568 2095 1635 2146 Et
1662 2112 1743 2158 τις

163 2162 384 2250 μερίζει,
407 2165 501 2228 τὰς
546 2168 728 2233 φωνὰς
758 2172 900 2225 κατά
930 2190 991 2241 γε
1019 2178 1228 2229 τουτονὶ
1264 2178 1356 2232 τὸν
1391 2182 1615 2250 τρόπον,
1648 2186 1743 2238 καὶ

159 2245 252 2307 τὰς
278 2246 305 2284 ἀ
332 2249 430 2317 μὲν
451 2250 526 2313 ὡς
554 2253 824 2327 ἀνθρώπῳ
841 2277 912 2313 πα
922 2260 991 2331 ρὰ
1017 2263 1107 2316 τὸν
1124 2266 1186 2318 ἐκ
1211 2266 1344 2319 Θεοῦ
1366 2245 1537 2338 Λόγον
1560 2245 1741 2337 ίδικῶς

159 2339 432 2435 νοουμένῳ
472 2346 832 2417 προσάπτειν,
887 2353 982 2417 τὰς
1028 2354 1084 2407 δὲ
1127 2358 1201 2421 ώς
1239 2358 1563 2430 θεοπρεπείς
1594 2366 1740 2435 μόνῳ

267 2430 332 2483 ἐκ
362 2432 499 2487 Θεοῦ
540 2438 732 2509 Λόγῳο
761 2443 1011 2515 ἀνάθεμα
1074 2447 1233 2503 ἔστω.
1284 2452 1347 2504 El
1378 2426 1498 2523 ’μὲν
1545 2426 1637 2509 οῦν
1688 2426 1741 2511 al

156 2520 460 2589 διιστάντες
488 2540 511 2566 θ
549 2532 643 2583 καὶ
667 2531 995 2603 διορίζοντες
1023 2541 1101 2601 εἰς
1132 2520 1420 2611 ἄνθρωπον
1448 2546 1630 2613 ίδικῶς
1677 2567 1740 2604 τε

159 2612 249 2663 καὶ
282 2614 389 2668 ἀνὰ
432 2618 618 2687 μέρος,
657 2624 750 2674 καὶ
795 2625 872 2685 είς
916 2625 1047 2679 Θεὸν
1100 2629 1272 2697 Λόγον
1310 2633 1492 2698 ίδικῶς
1536 2612 1739 2690 τεκαὶ

156 2700 265 2753 ἀνὰ
301 2702 492 2773 μέρος,
524 2708 583 2757 οὺ
622 2710 901 2779 μερίζουσι
934 2715 1024 2767 τὸν
1056 2717 1151 2772 ἓνα
1186 2720 1439 2790 Χριστὸν,
1473 2728 1564 2778 καὶ
1594 2726 1687 2780 δύο
1714 2728 1733 2767 ί

155 2790 407 2857 λέγουσιν
443 2796 612 2861 υἱοὺς,
662 2800 1144 2868 ἀγανακτείτωσαν
1172 2810 1293 2863 καθ’
1319 2814 1476 2883 ἡμῶν
1503 2818 1552 2868 οἰ
1612 2818 1733 2885 φιλ-

154 2882 492 2954 εγκλήμονες
518 2904 531 2917 °
563 2891 611 2943 εί
629 2890 685 2944 δὲ
706 2894 845 2966 τομὴ
868 2900 961 2951 καὶ
986 2899 1245 2968 διαίρεσις
1265 2905 1325 2957 τὸ
1351 2891 1492 2960 οῦτῶ
1519 2882 1735 2979 φρονεῖν

154 2974 288 3041 ἐστι,
315 2980 463 3033 κατὰ
495 2980 617 3037 τίνα
646 2988 846 3056 τρόπον
867 2994 981 3056 τοῖς
1010 2998 1137 3059 παρ’
1173 2999 1327 3066 ἡμῶν
1356 2974 1540 3070 λόγοις
1560 2974 1735 3058 ἐπιτι-

154 3068 260 3135 μᾷν
290 3070 587 3139 ἐγνώκασι,
632 3078 810 3132 καίτοι
838 3083 933 3133 καὶ
964 3085 1140 3149 αὐτοὶ,
1176 3090 1319 3142 καθά
1340 3109 1520 3158 φασιν,
1555 3097 1731 3149 ἀδιαίο

1849 632 2027 678 autem
2065 626 2143 680 sic
2175 643 2189 680 :
2216 626 2495 699 Tanquam
2526 644 2654 685 vero
2677 632 2923 700 personis
2951 632 3265 697 duabus,ve|
3286 642 3417 694 sub-

1848 714 2111 771 sistentiis
2144 719 2374 785 duabus,
2412 720 2495 774 vel
2549 722 2677 776 ﬁliis
2707 722 2937 788 duobus,
2990 726 3279 783 dividendo
3299 731 3419 784 uni-

1851 807 2073 871 tionem,
2100 810 2200 864 hoc
2223 819 2307 864 est
2331 828 2494 867 unum
2527 813 2913 879 Filium,voces
2944 830 3132 886 aptare
3155 835 3260 873 non
3290 836 3413 875 con-

1850 899 2011 952 venit.
2042 898 2394 956 lndivisibilis
2420 904 2562 959 enim
2602 914 2655 960 et
2686 906 3059 977 inseparabilis
3089 918 3172 964 est
3208 925 3414 964 summa

1848 988 2040 1050 unitio,
2080 996 2293 1045 ctunus
2331 991 2501 1047 Filius
2528 1003 2612 1048 est
2648 997 2943 1051 secundum
2996 1013 3211 1054 onmem
3252 1003 3419 1055 ratio-

1847 1093 1968 1132 nem
1998 1087 2052 1132 et
2083 1081 2299 1135 modum
2339 1094 2393 1137 et
2418 1086 2824 1153 cogitationem.
2869 1088 2926 1143 Si
2978 1098 3163 1145 autem
3207 1107 3416 1146 summa

1848 1171 2022 1224 nnitio
2056 1184 2321 1237 servetur,
2359 1186 2411 1229 et
2452 1193 2588 1232 unus
2619 1178 2788 1234 Filius
2808 1190 2863 1233 et
2889 1180 3135 1237 Christus
3156 1193 3212 1237 et
3235 1183 3418 1239 Domi-

1847 1278 1948 1316 nus
1983 1273 2233 1332 ponatur,
2266 1266 2332 1319 de
2366 1283 2471 1322 uno
2500 1279 2555 1322 et
2580 1271 2770 1325 eodem
2806 1270 2942 1327 Filio
2971 1274 3221 1343 accipere
3252 1289 3415 1345 Opor-

1849 1361 1945 1417 tet,
1985 1369 2104 1423 qua:
2131 1356 2387 1411 dicuntur
2416 1375 2430 1411 :
2464 1359 2557 1413 sed
2592 1369 2770 1415 tamen
2804 1364 3098 1418 secundum
3142 1367 3414 1420 unitarum

1846 1454 2159 1500 naturarum
2204 1448 2457 1504 virtutem
2490 1453 2903 1508 accommodare
2934 1457 3089 1510 decet
3138 1458 3226 1510 uni
3256 1457 3414 1520 Filio,

1844 1549 1966 1602 qua:
1994 1536 2268 1593 dicuntur.
2298 1538 2467 1609 Igitur
2500 1542 2625 1594 dum
2650 1553 2900 1597 servatur
2950 1561 3163 1601 summa
3212 1549 3413 1613 unitas,

1843 1626 2018 1693 qualis
2051 1627 2293 1697 irreptio,
2328 1631 2410 1685 vel
2438 1630 2625 1686 saltem
2657 1633 2967 1704 imaginatio
2988 1638 3414 1694 sectionisindu-

1844 1716 2094 1772 cer'etur?
2127 1719 2312 1789 Et'qui
2348 1723 2511 1778 audet
2537 1724 2803 1792 dividere,
2829 1729 3100 1796 quomodo
3124 1745 3226 1784 non
3264 1740 3416 1785 extra

1847 1814 2051 1861 rectam
2121 1810 2261 1863 viam
2320 1810 2619 1877 incedit,et
2676 1828 2706 1868 a
2748 1815 2960 1882 pietatis
2993 1817 3330 1885 dogmatibus
3360 1820 3415 1873 in

1777 1873 1816 1931 Β
1848 1899 2155 1954 universum
2197 1902 2596 1968 receditiQuid
2660 1904 2823 1974 igitur
2871 1906 3004 1959 dicit
3056 1909 3416 1963 anathemati-

1845 1991 2112 2047 smus?Si
2146 1994 2266 2062 quis
2310 1993 2503 2049 dividit
2558 2010 2737 2058 voces,
2768 1998 3063 2051 secundum
3116 1999 3258 2053 hunc
3302 2014 3416 2054 mo-

1845 2082 1993 2147 dum,
2026 2093 2084 2138 ut
2112 2085 2245 2139 alias
2283 2087 2498 2155 quidem
2530 2096 2781 2157 tanquam
2813 2090 3017 2143 homini
3055 2106 3084 2143 a
3128 2090 3239 2146 Deo
3264 2107 3416 2147 seor-

1842 2174 1945 2227 sim
1974 2176 2244 2230 intellecto
2266 2178 2501 2245 adaptct,
2532 2178 2667 2232 alias
2690 2194 2836 2245 vero,
2865 2190 2922 2233 ut
2946 2181 3050 2235 Deo
3071 2183 3282 2248 dignas,
3311 2184 3414 2238 soli

1846 2264 2020 2319 Verbo
2055 2264 2167 2331 Dei,
2207 2268 2496 2321 anathema
2534 2267 2624 2322 sit.
2681 2268 2737 2322 Si
2799 2271 2959 2339 igitur
3007 2282 3322 2339 separantes
3362 2280 3417 2328 et

1842 2353 2239 2423 distinguentes
2268 2356 2319 2409 in
2354 2358 2628 2412 hominem
2661 2362 2874 2428 proprie
2914 2371 2967 2413 et
2997 2362 3250 2424 seorsint,
3278 2372 3332 2417 et
3358 2363 3417 2417 in

1843 2443 2077 2501 Verbum
2110 2448 2200 2502 Dei
2238 2450 2453 2519 proprie
2483 2459 2536 2504 et
2559 2453 2811 2517 seorsiin,
2844 2446 2997 2522 171
3025 2467 3128 2507 non
3163 2454 3425 2521 partiun~

1841 2544 1929 2591 tur
1953 2553 2117 2592 unum
2150 2539 2447 2603 Christum,
2473 2557 2578 2595 non
2607 2542 2742 2596 duos
2765 2544 2954 2597 dicunt
2992 2543 3168 2611 ﬁlios;
3195 2559 3425 2600 succen-

1840 2643 1998 2687 seant
2033 2632 2185 2687 nobis
2213 2635 2614 2690 criminatores.
2652 2635 2710 2688 Si
2738 2647 2919 2690 autem
2952 2638 3123 2692 sectio
3158 2645 3212 2691 et
3262 2652 3427 2706 sepa-

1838 2725 1977 2779 ratio
1999 2737 2081 2778 est
2108 2726 2177 2778 ita
2210 2726 2450 2779 sentire:
2483 2727 2779 2781 secundum
2837 2741 2997 2796 quem
3040 2729 3257 2784 modum
3314 2746 3420 2784 no-

1839 2825 1985 2869 stros
2016 2830 2296 2870 sermones
2326 2817 2724 2885 reprehendere
2750 2828 3085 2885 statuerunt,
3119 2822 3335 2888 quando
3360 2830 3415 2875 et

1838 2904 1965 2974 ipsi,
1994 2908 2133 2960 sicut
2161 2907 2364 2972 dicunt,
2394 2906 2773 2963 indivisibilem
2803 2918 2859 2963 et
2910 2925 3074 2964 unum
3106 2913 3415 2967 secundum

1836 3012 2099 3051 summam
2128 2998 2426 3053 unitionem
2450 3000 2814 3056 conﬁteantur
2831 3017 2950 3057 esse
2985 3002 3418 3059 Emmanueleni'!

1837 3086 2023 3158 Itaque
2052 3092 2352 3158 prudenter
2394 3107 2833 3163 unamquamque
2858 3109 3066 3161 vocent,
3107 3098 3185 3149 vel
3248 3098 3428 3150 etiam

156 3160 306 3227 ρετόν
346 3179 410 3216 τε
464 3166 556 3219 καὶ
592 3168 688 3221 ἕνα
716 3170 859 3223 κατὰ
904 3175 1079 3247 ἄκραν
1118 3179 1308 3235 ἕνωσιν
1340 3184 1729 3252 ὁμολογοῦντες

1838 3177 1898 3230 ab
1971 3179 2084 3246 ipso
2120 3178 2258 3234 forte
2307 3180 2528 3245 dictam,
2577 3160 2954 3251 accipiendam
3014 3160 3174 3249 eSse,
3224 3186 3415 3239 lauda-

149 3252 418 3324 ὑπάρχειν
458 3257 551 3309 τὸν
588 3258 967 3335 Ἐμμανουήλ;
1027 3267 1099 3319 Τὸ
1150 3271 1247 3338 μὲν
1304 3269 1395 3325 οὖν
1446 3276 1728 3345 ἐμφρόνως

151 3345 391 3437 ἑκάστην
421 3350 629 3423 φωνὴν,
658 3354 706 3406 εί
730 3355 824 3409 καὶ
859 3357 987 3427 παρ’
1020 3359 1182 3414 αὐτοῦ
1213 3348 1373 3433 τυχὸν
1407 3367 1725 3437 εἰρημένην,

150 3435 595 3505 ἐκλαμδάνεσθαι
628 3444 757 3512 δεῖν,
799 3448 1145 3521 ἐπαινέσαιμ’
1177 3452 1243 3505 ἂν
1274 3457 1365 3509 καὶ
1399 3435 1557 3523 αὑτδς
1594 3460 1727 3529 ἐγὼ,

150 3526 240 3578 καὶ
267 3528 822 3605 ἁπαστισοῦν,οἶμαι,
854 3537 960 3591 τῶν
994 3542 1128 3611 ὀρθὰ
1161 3550 1377 3612 φρονεῖν
1423 3526 1727 3605 εἰωθότωντ

150 3619 201 3671 αἱ
244 3622 345 3689 μὲν
374 3625 486 3695 γάρ
524 3627 630 3678 είσι
673 3627 1017 3701 θεοπρεπεῖς,
1050 3636 1107 3688 αί
1146 3636 1202 3689 δὲ
1251 3642 1316 3707 τῇ
1354 3641 1492 3709 μετὰ
1531 3646 1730 3713 σαρκὸς

148 3714 432 3787 οἰκονομίᾳ
460 3718 658 3787 μᾶλλον
690 3722 1109 3798 ἀρμοδιώτεραι.
1146 3731 1361 3803 Ἐπειδὴ
1391 3734 1447 3786 δέ
1476 3736 1622 3788 ἐστιν
1652 3733 1730 3801 εἷς

148 3808 240 3861 καὶ
268 3812 296 3862 ό
330 3812 517 3875 αὐτὸς,
547 3812 679 3879 Θεὸς
711 3833 771 3869 τε
799 3818 934 3887 ὁμοῦ
972 3822 1063 3873 καὶ
1098 3822 1405 3891 ἅνθρωπος,
1446 3829 1615 3899 ταύτῃ
1652 3848 1731 3883 τοι

148 3900 238 3952 καὶ
258 3901 382 3953 λίαν
403 3901 602 3973 ὀρθῶς,
621 3907 751 3961 ποτὲ
775 3910 872 3979 μὲν
899 3910 1115 3976 θεῖκῶς,
1145 3915 1271 3967 ποτέ
1294 3916 1350 3967 δὲ
1376 3915 1730 3987 ἀνθρωπίνως

147 3995 381 4045 ποιεῖται
421 3994 548 4058 τοὺς
576 3998 768 4065 λόγους
794 4018 806 4030 ο
838 4002 977 4072 πλὴν
1001 4004 1093 4057 τοῦ
1122 4006 1235 4069 ἐνὸς
1292 4008 1463 4075 Ἰησοῦ
1488 4012 1725 4081 Χριστοῦ

145 4082 344 4146 ταύτας
398 4102 460 4139 τε
516 4089 775 4155 κάκείνας
822 4088 959 4145 εἶναι
1020 4096 1203 4164 φωνὰς
1253 4097 1727 4173 διισχυριζόμεθα·

144 4172 266 4227 οὔτε
299 4175 593 4244 ψιλοῦντες
624 4182 875 4252 θεότητος
914 4184 1005 4239 τὸν
1047 4188 1111 4239 ἐκ
1140 4186 1241 4256 τῆς
1268 4172 1727 4264 παναγίαςΠαρ·

145 4265 297 4318 θένου
348 4270 503 4332 ναὸν,
538 4269 664 4325 οὔτε
712 4273 817 4344 μὴν
854 4275 1091 4347 ἇσαρκον
1124 4279 1324 4342 εἰδότες
1364 4282 1457 4336 τὸν
1494 4286 1559 4337 ἐκ
1594 4286 1729 4359 Θεοῦ

145 4355 359 4427 [ἰατρὸς
399 4360 577 4427 Λόγον
619 4363 757 4433 μετὰ
796 4365 894 4436 τὴν
929 4367 1167 4438 ἄρρητον
1207 4370 1416 4428 ἕνωσιν.
1456 4356 1731 4445 Θαυμάζω

145 4446 197 4498 δὲ
237 4449 345 4514 ὃτι,
379 4452 565 4506 καίτοι
590 4454 1174 4527 πολυπραγμονοῦντες
1203 4462 1360 4531 ἄγαν,
1408 4467 1500 4521 καὶ
1547 4468 1620 4532 ὥς
1664 4487 1726 4536 γε

1834 3267 1934 3320 rim
1961 3268 2125 3322 etiam
2159 3283 2276 3338 ego,
2304 3280 2376 3334 et,
2403 3280 2459 3323 ut
2486 3269 2698 3339 Opinor,
2718 3272 2947 3341 quisque
2981 3282 3126 3329 recte
3150 3276 3425 3332 sentiens-

1832 3356 1966 3413 Nam
2000 3359 2121 3413 alia:
2146 3361 2363 3429 quidem
2395 3361 2649 3417 suntDeo
2678 3363 2873 3432 dignae,
2905 3365 3025 3419 aliae
3057 3381 3183 3421 vero
3200 3368 3426 3438 dispen-

1835 3449 2037 3504 sationi
2064 3466 2184 3504 cum
2234 3466 2398 3507 carne
2443 3456 2909 3522 congruentiores.
2937 3457 3199 3523 Quoniam
3231 3472 3411 3516 autem

1832 3550 1913 3597 est
1932 3559 2067 3597 unus
2085 3553 2139 3598 et
2156 3543 2292 3598 idem
2311 3544 2448 3601 Deus
2466 3545 2622 3599 simul
2636 3556 2687 3601 et
2723 3547 2902 3612 homo,
2923 3549 3024 3604 hac
3044 3550 3248 3605 ratione
3267 3562 3424 3607 recte

1834 3635 2121 3704 aliquando
2164 3636 2358 3704 divine,
2394 3640 2679 3707 aliquando
2734 3639 2966 3694 humane
3014 3640 3249 3710 loquitur
3285 3659 3419 3698 :ve-

1836 3739 2140 3784 rumtamen
2164 3729 2320 3783 unius
2346 3727 2470 3783 Jesu
2502 3730 2697 3785 Christi
2718 3739 2769 3783 et
2799 3730 2896 3785 has
2914 3741 2966 3785 et
2983 3732 3098 3787 illas
3118 3749 3275 3789 voces
3293 3750 3427 3789 essc—

1834 3821 2149 3886 asserimns,
2174 3836 2272 3875 nec
2302 3820 2587 3875 divinitate
2622 3822 2922 3891 spoliantes
2954 3825 3234 3893 templum,
3264 3829 3414 3895 quod,

1835 3922 1899 3961 ex
1934 3918 2119 3961 sancta
2152 3908 2376 3979 Virgine
2407 3920 2509 3973 est,
2541 3926 2639 3963 nec
2669 3912 2785 3965 sine
2805 3927 2972 3965 carne
3031 3923 3285 3981 putantes
3315 3914 3405 3968 Dei

1837 3996 2012 4052 Patris
2042 3997 2273 4052 Verbum
2319 4010 2437 4068 post
2472 4000 2795 4055 inellabilem
2852 4004 3171 4058 nnilionem.
3222 4007 3407 4059 Admi-

1837 4105 1926 4143 ror
1946 4101 2123 4145 autem
2151 4091 2314 4160 quod,
2352 4093 2595 4160 quamvis
2618 4093 2769 4147 valde
2793 4097 3006 4148 curiose
3043 4096 3403 4165 inquirentes,

1833 4190 1908 4244 et,
1939 4190 1995 4234 ut
2046 4183 2404 4247 arbitrantur,
2457 4184 2729 4238 subtiliter
2799 4186 3171 4242 examinantes
3253 4205 3406 4243 meas

1835 4272 2112 4341 epistulas,
2150 4290 2489 4344 qnmcunquc
2510 4276 2560 4328 in
2584 4276 2662 4330 eis
2694 4288 2819 4330 sunt
2840 4278 2988 4331 utilia
3020 4288 3073 4333 et
3102 4281 3400 4334 necessaria

1834 4360 1900 4413 ad
1930 4362 2400 4414 demonstrandam
2432 4364 2740 4430 dogmatnm
2768 4365 3144 4419 rectitudinem
3190 4377 3243 4419 et
3292 4367 3407 4422 dili-

1835 4453 2090 4519 gentiam,
2174 4454 2416 4507 volentes
2490 4464 2844 4522 praetereunt;
2920 4456 3163 4511 insiliunt
3222 4469 3401 4513 autem

143 4538 454 4606 νομίζουσι,
491 4541 703 4608 λεπτῶς
754 4545 1131 4615 βασανίζοντες
1149 4552 1244 4615 τὰς
1260 4554 1396 4623 ἐμὰς
1417 4556 1723 4621 ἐπιστολὰς,

1838 4543 2253 4611 promptissime,
2286 4544 2328 4595 si
2356 4559 2457 4611 qua
2510 4544 2639 4611 ipsis
2670 4545 2750 4597 vel
2793 4546 3073 4599 minimam
3127 4547 3405 4616 conjectu-

144 4627 207 4678 τὰ
244 4630 347 4698 μὲν
384 4633 488 4684 ὅσα
512 4633 658 4686 ἐστὶν
684 4636 742 4687 ἐν
759 4637 948 4700 αὐταῖς
970 4640 1214 4710 χρήσιμά
1244 4658 1300 4693 τε
1330 4644 1423 4696 καὶ
1451 4645 1724 4713 ἀναγκαῖα

145 4721 278 4790 πρὸς
309 4723 595 4788 ἀπόδειξιν
630 4727 728 4797 τῆς
750 4727 856 4780 τῶν
896 4729 1181 4800 δογμάτων
1214 4732 1503 4804 ὀρθότητός
1536 4754 1594 4789 τε
1632 4738 1723 4789 καὶ

143 4810 460 4879 ἁκριόείας,
502 4814 775 4881 ἐθέλοντες
814 4817 1272 4892 παρατρέχουσιν,
1326 4826 1632 4897 ἐπιπηδῶσι
1668 4829 1723 4881 δὲ

144 4904 232 4955 καὶ
252 4905 405 4974 μάλα
422 4906 641 4975 γοργῶς
677 4910 789 4972 τοῖς
817 4910 922 4964 κᾶν
962 4911 1091 4980 γοῦν
1120 4915 1303 4985 ἰσχνὴν
1359 4916 1569 4987 ἔχουσιν
1618 4920 1722 4971 ὑπο

141 4994 321 5062 οψίαν,
366 4997 516 5050 κατά
552 5014 615 5066 γε
636 4998 695 5053 τὸ
733 5000 913 5065 αὐτοῖς
941 5002 1148 5064 δοκοῦν,
1177 5006 1255 5067 είς
1285 5007 1345 5058 τὸ
1373 5006 1628 5061 δύνασθαι
1661 5010 1727 5061 δι’

143 5085 321 5138 αὐτῶν
414 5086 518 5149 τὰς
581 5088 702 5142 καθ’
776 5090 929 5160 ἡμῶν
1011 5092 1280 5145 ποιεῖσθαι
1342 5098 1722 5163 συκοφαντίας.

144 5176 519 5249 Μεμνήσομαι
545 5178 601 5231 δὲ
627 5180 734 5232 τῶν
756 5181 990 5251 ἐμαυτοῦ
1033 5183 1211 5253 ῥητῶν
1244 5193 1288 5236 κ.
1338 5186 1591 5257 Γέγραφα
1617 5188 1725 5258 γὰρ

144 5266 315 5332 οὕτως
355 5270 417 5322 ἐν
448 5272 518 5340 τῇ
550 5270 684 5341 πρὸς
706 5271 995 5341 Νεστόριον
1034 5275 1320 5345 ἐπιστολῇ·
1344 5277 1452 5340 Τὰς
1484 5278 1539 5330 δέ
1574 5296 1635 5347 γε
1664 5282 1720 5333 ἐν

141 5362 247 5423 τοῖς
315 5362 676 5431 Εὑαγγελίοις
728 5364 819 5416 τοῦ
868 5366 1115 5435 Σωτῆρος
1174 5367 1328 5436 ἡμῶν
1373 5369 1554 5437 φωνὰς
1597 5370 1719 5425 οὔτε

1837 4649 1947 4685 ram
1974 4634 2212 4702 prmbere
2247 4636 2554 4700 vidcantur,
2588 4652 2653 4688 ex
2691 4636 2819 4703 ipsis
2838 4649 3027 4691 contra
3064 4655 3163 4694 nos
3196 4640 3402 4694 calum-

1836 4726 1953 4778 nias
2000 4726 2211 4779 contexi
2247 4742 2422 4795 posse.
2452 4728 2900 4783 Conttnetnorabo
2929 4741 3106 4783 autem
3174 4742 3230 4785 et
3286 4749 3403 4785 mea

1835 4818 2020 4881 verba,
2050 4833 2168 4887 qua:
2192 4819 2268 4872 sic
2299 4819 2351 4872 in
2378 4820 2604 4887 cpistola
2663 4821 2729 4874 ad
2749 4831 2761 4845 '
2788 4822 3097 4875 Nestorium
3154 4825 3340 4892 scripsi
3380 4842 3394 4875 :

1838 4910 2005 4964 \‘oces
2024 4922 2198 4965 autem
2226 4913 2519 4967 Salvatoris
2551 4916 2717 4968 nostri
2746 4916 2797 4969 in
2851 4916 3174 4985 Evangeliis,
3230 4934 3403 4986 nequc

1837 5004 2154 5057 substantiis
2188 5006 2414 5065 duabus.
2451 5021 2623 5072 neque
2687 5019 2835 5060 certe
2889 5009 3094 5062 duabus
3158 5011 3403 5078 personis

1834 5094 2207 5150 distribuimus
2270 5097 2399 5165 (nun
2428 5099 2570 5151 enim
2606 5099 2799 5168 duplex
2826 5110 2909 5154 est
2964 5117 3101 5155 unus
3154 5112 3207 5155 et
3253 5105 3399 5157 solus

1830 5184 2102 5250 Christus,
2131 5188 2341 5242 etiamsi
2371 5204 2435 5242 ex
2470 5191 2675 5244 duabus
2702 5202 2754 5244 et
2782 5193 3010 5247 diversis
3048 5194 3204 5248 rebus
3244 5195 3398 5249 intel-

1830 5277 2023 5342 ligatnr
2059 5278 2109 5331 in
2135 5282 2388 5333 unitatem
2411 5282 2788 5337 indivisibilem
2817 5286 3188 5351 coadunatus;
3216 5302 3399 5355 quem-

1826 5370 2112 5423 admodum
2171 5374 2376 5431 scilicet
2425 5386 2477 5429 et
2508 5377 2663 5431 homo
2705 5392 2771 5431 ex
2796 5379 2973 5432 anima
3004 5380 3317 5450 intelligitur
3344 5393 3399 5434 ει

1221 5584 1389 5638 Varia:
1417 5583 1673 5639 lectiones
1699 5601 1760 5638 cx
1795 5588 1978 5642 codice
2012 5589 2377 5660 Seguieriauo.

237 5784 264 5823 δ
304 5782 624 5853 προσώποις
661 5781 827 5850 δυσὶν,
987 5793 1008 5822 ε
1040 5782 1286 5854 Υἱὸνικαὶ
1322 5781 1774 5853 ἐκλαμῆἀνεσθιι.
1840 5784 1865 5823 ἀ
1903 5785 1973 5847 Cu;
2000 5804 2107 5850 τις.
2179 5799 2199 5827 ο
2235 5789 2293 5842 οὐ
2325 5790 2636 5855 διιστάντες.
2685 5792 2705 5831 ί
2732 5794 2790 5845 οὐ
2830 5792 2938 5847 δύο.
3024 5797 3047 5835 3
3084 5798 3364 5866 ῥημάτων.
