4078 6348
634 395 743 453 339

1629 396 1687 452 S.
1731 395 2002 454 CYRILLI
2041 396 2513 454 ALEXANDRINI
2551 396 2873 456 ARCHIEP.

3792 393 3889 448 540

637 527 885 583 corpore,
918 521 972 569 et
1008 529 1112 570 non
1137 513 1356 586 duplex,
1388 515 1482 572 sed
1515 519 1688 587 magis
1724 533 1864 572 unus
1915 515 2000 589 (ex
2052 519 2214 572 utris-

2319 519 2653 574 ὑποστάσεσι
2691 522 2864 582 δυσιν,
2886 515 3010 571 οὔτε
3036 514 3142 588 μὴν
3171 513 3486 587 προσώποις
3503 511 3624 566 δυσὶ
3653 525 3888 580 καταμε-

636 607 786 677 que),
811 608 904 663 sed
941 608 1207 664 humanas
1233 617 1290 663 et
1319 610 1530 666 divinas
1557 626 1774 680 quoque
1799 611 1866 665 ah
1904 627 2012 667 uno
2042 611 2215 666 dictas

635 707 757 752 esse
781 701 1183 767 cognoscimus,
1202 710 1350 756 recte
1375 702 1668 769 sapientes.
1698 701 1925 768 Quando
1956 703 2128 767 enim,
2152 711 2211 757 ut

637 787 804 842 Deum
837 789 1011 857 decet,
1045 792 1113 848 de
1141 807 1201 848 se
1227 792 1466 862 loquitur
1502 808 1517 844 :
1547 810 1569 847 ι
1605 791 1705 858 Qui
1744 793 1877 847 vidit
1921 808 2028 860 me,
2081 793 2218 848 vidit

635 890 692 935 et
746 880 964 938 Patrem
994 885 1076 951 ";
1115 905 1135 938 ι
1194 894 1300 940 et:
1373 903 1393 938 ι
1435 885 1547 957 Ego
1605 895 1661 941 et
1719 885 1876 940 Pater
1921 902 2086 940 unum
2119 901 2214 940 su-

638 971 849 1040 mus”;
885 989 908 1028 ι
950 973 1186 1029 divinam
1225 975 1397 1046 ipsius
1421 974 1822 1031 etineﬂ'abilem
1859 976 2216 1046 intelligimus

639 1069 912 1133 naturam,
945 1067 1240 1121 secundum
1273 1083 1438 1136 quam
1480 1078 1563 1123 est
1613 1067 1794 1123 Patris
1848 1069 1952 1134 sui,
1993 1077 2217 1138 propter

637 1156 974 1212 identitatem
1008 1158 1346 1224 substantiae,
1385 1169 1442 1215 et
1500 1161 1673 1232 imago
1720 1171 1773 1216 et
1828 1161 2113 1215 character
2163 1169 2217 1215 et

637 1248 892 1318 splendor
917 1250 1100 1321 gloriae
1131 1251 1298 1322 ipsius
1318 1254 1384 1308 ει.
1406 1254 1564 1323 172
1582 1255 1802 1321 Quando
1825 1263 2002 1308 autem
2022 1254 2214 1308 huma-

636 1341 827 1396 nitatis
851 1357 1160 1399 mensuram
1189 1347 1699 1402 observanthukeis
1729 1348 1998 1417 loquitur:
2022 1367 2040 1400 ι
2066 1347 2216 1404 Nunc

636 1440 817 1488 autem
855 1449 942 1490 me
972 1437 1213 1504 quaeritis
1244 1438 1500 1492 occidere
1531 1439 1831 1505 hominem,
1890 1438 1978 1507 qui
2015 1437 2215 1493 verita-

639 1535 746 1580 tem
781 1525 934 1582 vobis
960 1527 1173 1585 locutus
1220 1544 1340 1586 sum
1392 1531 1468 1598 3‘;
1516 1551 1534 1583 ι
1596 1549 1810 1585 rursum
1870 1531 2219 1587 nihilominus

637 1619 812 1687 ipsum
841 1620 893 1674 in
925 1623 1240 1690 aequalitate
1307 1631 1364 1679 et
1411 1624 1766 1680 similitudine
1825 1623 2000 1680 Patris
2050 1623 2216 1678 Deum

635 1710 896 1780 Verbum,
935 1725 991 1770 et
1015 1730 1078 1769 ex
1103 1715 1465 1770 humanitatis
1502 1732 1612 1772 suae
1656 1718 1929 1772 mensuris
1964 1716 2220 1783 agnosci-

635 1819 780 1860 mus.
808 1803 945 1860 Nam
980 1807 1023 1860 si
1055 1807 1429 1862 necessarium
1457 1817 1542 1864 est
1605 1811 1830 1865 credere
1873 1810 2018 1878 quod
2077 1807 2218 1862 Deus

2319 611 2544 683 ρίζομεν
2564 629 2576 641 ·
2611 611 2672 664 οὐ
2713 611 2822 682 γάρ
2858 610 2976 663 ἐστι
3030 608 3252 672 διπλοῦς
3280 609 3309 660 ό
3334 601 3417 671 εἷς
3445 605 3541 660 καὶ
3578 605 3736 676 μόνος
3765 604 3890 673 Χρι-

2318 707 2463 768 στὸς,
2485 703 2590 758 κᾶν
2607 704 2671 758 ἐκ
2702 702 2795 757 δύο
2807 702 2995 773 νοῆται
3021 702 3115 755 καὶ
3148 700 3422 773 διαφόρων
3449 697 3791 771 πραγμάτων
3817 698 3892 758 εἰς

2317 798 2546 870 ἑνότητα
2590 797 2686 869 τὴν
2748 795 3039 867 ἀμέριστον
3101 792 3592 864 συνενηνεγμένος·
3646 788 3892 856 καθάπερ

2315 889 2508 961 ἀμέλει
2537 889 2630 942 καὶ
2651 887 2938 961 ἄνθρωπός
2961 889 3025 940 ἐκ
3050 885 3226 958 ψυχῆς
3245 889 3444 940 νοεῖται
3487 883 3582 937 καὶ
3616 882 3888 952 σώματος·

2316 984 2411 1036 καὶ
2435 982 2495 1035 οὐ
2540 980 2763 1045 διπλοῦς
2797 980 3018 1052 μᾶλλον,
3067 978 3185 1032 ἀλλ’
3221 972 3346 1042 εἴςιι
3384 977 3443 1041 ἐξ
3475 976 3676 1046 ἀμφοῖν
3700 990 3714 1003 ⁸
3765 971 3894 1026 ἀλλά

2313 1075 2412 1139 τάς
2444 1091 2502 1127 τε
2535 1073 2903 1145 ἀνθρωπίνας,
2952 1072 3046 1125 καὶ
3083 1071 3223 1143 πρός
3265 1087 3330 1139 γε
3363 1067 3538 1138 τούτῳ
3575 1066 3676 1130 τὰς
3714 1065 3894 1127 eam;

2315 1167 2446 1236 παρ’
2485 1165 2604 1229 ἐνὸς
2636 1164 2910 1236 εἰρῆσθαι,
2934 1162 3324 1234 διακεισὸμεθα
3350 1158 3674 1232 φρονοῦντες
3703 1156 3890 1228 ὀρθῶς.

2318 1259 2486 1312 Ὅταν
2530 1257 2627 1329 μὲν
2666 1257 2774 1328 γὰρ
2811 1256 3131 1329 θεοπρεπῶς
3173 1255 3306 1326 λέγῃ
3355 1252 3483 1323 περὶ
3511 1250 3708 1305 ἐαυτοῦ
3740 1267 3754 1280 θ
3799 1247 3894 1300 (⁸0

2317 1351 2576 1423 ἑωρακὼς
2624 1350 2748 1420 ἐμὲ,
2794 1348 3008 1420 ἑώρακε
3040 1349 3132 1402 τὸν
3165 1347 3387 1418 Πατέρα
3408 1361 3422 1374 ·
3445 1364 3463 1396 ι
3514 1345 3608 1397 καὶ
3630 1381 3646 1408 ,
3709 1361 3728 1394 ι
3761 1340 3896 1410 Ἐγὼ

2316 1447 2412 1500 καὶ
2435 1446 2464 1497 ὁ
2495 1443 2684 1515 Πατὴρ
2717 1442 2775 1495 ἐν
2813 1443 2983 1512 ἐσμεν
3003 1458 3015 1471 ’
3044 1461 3062 1494 ι
3093 1441 3192 1513 τὴν
3227 1440 3374 1494 θείαν
3407 1436 3574 1491 αὐτοῦ
3603 1435 3698 1490 καὶ
3725 1434 3897 1506 ἀπόρ-

2321 1541 2481 1609 ρητον
2522 1535 2808 1606 ἐννοοῦμεν
2853 1534 3036 1606 φύσιν,
3085 1533 3206 1587 καθ’
3257 1533 3324 1603 ἦν
3383 1533 3504 1584 ἐστι
3543 1531 3560 1571 ί
3617 1529 3756 1600 πρὸς
3811 1527 3900 1580 τὸν

2317 1629 2539 1700 Πατέρα
2583 1628 2675 1680 τὸν
2718 1625 2911 1681 ἐαυτοῦ
2959 1625 3046 1679 διὰ
3095 1625 3191 1696 τὴν
3234 1623 3553 1695 ταυτότητα⁸
3572 1622 3673 1692 τῆς
3719 1619 3901 1682 οὐσίας

2318 1720 2484 1774 εἰκών
2525 1737 2584 1788 τε
2616 1720 2709 1773 καὶ
2744 1716 3051 1789 χαρακτὴρ,
3086 1717 3181 1770 καὶ
3229 1714 3576 1785 ἀπαύγασμα
3612 1713 3711 1783 τῆς
3745 1710 3902 1781 δόξης

2319 1814 2686 1869 αὑτοῦ.“οταν
2733 1811 2791 1866 δὲ
2837 1809 2898 1865 τὸ
2931 1811 3032 1880 τῆς
3079 1808 3502 1881 ἀνθρωπότητος
3557 1805 3758 1878 μέτρον
3806 1803 3903 1856 οὐκ

635 1903 905 1957 exsistens
948 1910 1142 1958 natura
1195 1903 1396 1960 factum
1431 1914 1516 1958 est
1557 1920 1724 1970 caro,
1770 1909 1872 1960 hoc
1913 1914 1998 1959 est
2030 1905 2209 1966 homo.

2319 1907 2621 1980 ἀτιμάζων,
2673 1909 2788 1970 τοῖς
2831 1905 3109 1968 Ἰουδαίοις
3156 1901 3468 1975 σιτροσλαλῇ⁹
3525 1919 3543 1952 ι
3571 1898 3688 1952 Νῦν
3729 1897 3788 1950 δέ
3837 1913 3902 1966 με

635 2003 800 2043 carne
837 1989 1077 2046 animata
1111 1992 1292 2048 anima
1324 1992 1580 2048 rationali
1617 2011 1629 2046 :
1670 1995 1916 2062 quamam
1949 1994 2084 2049 ratio
2137 1992 2218 2047 le-

635 2089 741 2146 rat,
765 2089 824 2135 ut
852 2082 974 2151 quis
997 2099 1156 2140 voces
1181 2086 1300 2154 ejus
1353 2086 1665 2151 erubescat,
1706 2087 1752 2141 si
1783 2087 1935 2141 factae
1963 2094 2088 2141 sunt
2124 2086 2216 2141 ho-

635 2170 766 2227 mini
801 2175 1193 2244 congruentes?
1219 2176 1356 2231 Nam
1385 2175 1428 2231 si
1461 2188 1732 2246 respueret
1798 2192 2078 2232 sermones
2121 2178 2213 2246 qni

635 2260 946 2318 hominibus
971 2276 1301 2334 congruunt,
1332 2267 1455 2336 quis
1490 2267 1754 2334 compulit
1783 2277 1840 2319 ut
1871 2268 2029 2321 homo
2059 2266 2216 2322 ﬁeret

632 2352 828 2409 similis
847 2354 1041 2410 nobis?
1086 2356 1187 2424 Qui
1219 2366 1399 2412 autem
1432 2373 1492 2412 se
1522 2356 1744 2411 demisit
1775 2371 1998 2427 propter
2032 2374 2130 2412 nos
2156 2360 2211 2412 in

631 2447 991 2502 voluntariam
1015 2450 1467 2516 exinanitionem,
1497 2460 1718 2520 propter
1763 2466 1925 2521 quam
1989 2465 2210 2506 causam

635 2550 915 2609 respueret
945 2555 1227 2598 sermones
1258 2557 1372 2597 suae
1400 2544 1768 2599 exinanilioni
1798 2543 2216 2599 convenientes?

634 2631 802 2702 Igitur
826 2633 917 2688 uni
951 2649 1198 2704 personae
1217 2649 1408 2690 omnes
1441 2636 1678 2691 vocesin
1721 2633 2049 2706 Evangeliis,
2086 2635 2216 2689 sub-

632 2724 918 2791 sistentia,
956 2725 1202 2796 inquam,
1237 2727 1330 2781 uni
1363 2726 1529 2783 Verbi
1585 2726 1852 2782 incantati
1912 2727 2217 2782 tribuenda:

634 2824 760 2872 sunt
815 2816 1097 2888 (Dominus
1131 2819 1277 2874 enim
1336 2834 1477 2875 unus
1512 2817 1671 2875 Jesus
1706 2818 1981 2882 Christus,
2023 2833 2217 2873 secun-

634 2909 758 2962 dum
788 2904 1146 2979 Scripturas).
1186 2907 1376 2980 Igitur,
1402 2920 1667 2980 quantum
1695 2924 1760 2964 ex
1786 2923 1898 2976 1am
1936 2918 2061 2963 ante
2086 2909 2217 2964 scri-

635 3000 763 3069 ptis,
793 3017 898 3056 non
931 3001 1211 3070 ignorasse
1258 2999 1717 3070 deprehendimur
1735 3000 2215 3070 dispensationem,

633 3102 689 3146 et
719 3108 845 3148 suas
879 3095 1164 3163 utriusque
1186 3103 1395 3150 natura;
1425 3097 1718 3161 voces,sed
1749 3097 1930 3166 potius
1965 3109 2070 3149 non
2093 3108 2216 3164 per-

2319 1999 2530 2071 ζητεῖτε
2559 1998 2878 2051 ἀποκτεῖναι
2937 1993 3243 2065 ἄνθρωπον,
3281 1992 3337 2055 δς
3370 1992 3470 2062 τὴν
3496 1988 3753 2061 ἀλήθειαν
3779 1987 3904 2056 ὑμῖν

2317 2090 2592 2161 λελάληκα
2620 2106 2635 2121 ο
2673 2107 2691 2140 ι
2729 2088 2892 2143 πάλιν
2920 2086 3072 2139 οὐδὲν
3106 2079 3269 2157 ἦττον
3298 2083 3460 2136 αὑτὸν
3489 2081 3582 2134 τὸν
3613 2082 3672 2133 ἐν
3701 2078 3906 2146 ἰσότητί

2317 2200 2376 2235 τε
2408 2182 2500 2235 καὶ
2523 2180 2802 2252 ὁμοιότητι
2829 2177 2924 2233 τοῦ
2953 2176 3166 2248 Πατρδς
3197 2174 3330 2228 Θεὸν
3360 2174 3551 2242 Λόγον,
3575 2172 3671 2225 καὶ
3701 2173 3767 2223 ἐκ
3798 2169 3904 2223 τῶν

2318 2276 2417 2344 τῆς
2447 2272 2865 2343 άνθρωπότητος
2899 2268 3063 2322 αὐτοῦ
3095 2265 3310 2338 μέτρων
3351 2261 3811 2332 ἐπιγινώσκομεν.
3844 2260 3904 2311 Ιέί

2319 2365 2429 2435 γάρ
2459 2364 2608 2416 ἐστιν
2655 2363 2952 2432 ἀναγκαῖον
2998 2359 3060 2412 τὸ
3101 2356 3400 2420 πιστεύειν,
3434 2357 3516 2409 ὅτι
3543 2354 3674 2417 Θεὸς
3702 2351 3778 2407 ὢν
3812 2350 3908 2420 φύ-

2322 2474 2433 2524 σει,
2485 2456 2682 2524 γέγονε
2729 2452 2902 2525 σὰρξ,
2955 2453 3123 2524 ἤγουν
3176 2443 3908 2520 ἀνθρωπος,ἐμψυχωμένης

2317 2549 2462 2620 ψυχῇ
2495 2547 2686 2618 λογικῇ
2721 2546 2822 2616 τῆς
2861 2543 3097 2614 σαρκός·
3135 2539 3323 2596 ποῖονὶ
3385 2541 3451 2594 ἂν
3496 2539 3608 2609 ἔχοι
3655 2537 3813 2605 λόγον
3845 2534 3908 2587 τὸ

2319 2639 2739 2711 ἐπαισχύνεσθαι
2755 2656 2876 2692 τινα
2895 2638 3015 2700 ταῖς
3033 2636 3163 2707 παρ’
3180 2633 3345 2689 αὑτοῦ
3369 2635 3593 2702 φωναῖς,
3616 2631 3663 2683 εί
3679 2628 3908 2699 γεγόναο

2322 2750 2405 2787 σιν
2430 2730 2947 2805 ἀνθρωποπρεπῶς;
2984 2728 3047 2782 El
3081 2727 3191 2798 γὰρ
3223 2728 3522 2797 παρῃτεῖτο
3545 2725 3669 2786 τοὺς
3698 2719 3909 2791 ἀνθρώ-

2323 2842 2409 2896 πῳ
2437 2826 2744 2896 πρέποντας
2766 2822 2977 2890 λόγους,
3002 2820 3083 2885 τίς
3107 2823 3134 2873 ὁ
3156 2820 3473 2887 ἀναγκάσας
3495 2815 3749 2886 γενέσθαι
3776 2813 3882 2867 καθ
3899 2811 3912 2830 ⁹

2321 2919 2467 2988 ἡμᾶς
2511 2915 2838 2987 ἀνθρωπον;
2882 2913 2939 2966 Ὀ
2970 2913 3026 2966 δέ
3062 2911 3251 2974 καθεὶς
3296 2911 3487 2964 ἐαυτὸν
3536 2909 3604 2961 δι’
3635 2908 3785 2977 ἡμᾶς
3833 2909 3910 2969 εἰς

2322 3009 2568 3065 ἑκούσιον
2620 3007 2871 3072 κένωσιν,
2903 3005 2991 3059 διὰ
3039 3006 3202 3057 ποίαν
3257 3003 3442 3058 αἰτίαν
3494 3003 3796 3072 παρῃτεῖτο
3844 2999 3910 3052 ἂν

2320 3107 2447 3170 τοὺς
2491 3105 2556 3174 τῇ
2592 3099 2820 3155 κενώσει
2869 3099 3178 3170 πρέποντας
3208 3095 3442 3164 λόγους;
3485 3094 3598 3146 Ἑνὶ
3619 3091 3912 3164 τοιγαροῦν

634 3187 852 3242 mittere
906 3187 1255 3253 animalibus,
1315 3198 1368 3243 et
1413 3189 1664 3258 spiritum
1710 3205 1815 3244 non
1861 3188 2214 3252 habentibus,

2332 3196 2609 3270 προσώπῳ
2641 3192 2740 3257 τὰς
2775 3195 2832 3246 ἐν
2863 3193 2976 3254 τοῖς
3011 3189 3363 3257 Εὐαγγελίοις
3403 3187 3583 3250 πάσας
3620 3183 3912 3239 ἀναθετέον

635 3281 772 3336 duos
793 3281 1038 3350 cogitare
1065 3281 1148 3336 vel
1173 3282 1354 3337 dicere
1381 3282 1569 3346 Filios,
1603 3283 1677 3336 ita
1708 3292 1766 3335 ut
1790 3282 2036 3335 dividant
2066 3283 2211 3335 inter

634 3387 695 3428 se
739 3372 1126 3428 subsistentias
1175 3383 1294 3443 post
1334 3374 1656 3429 indivulsam
1718 3375 2039 3429 unitionem.
2096 3373 2205 3428 Sed

633 3463 763 3534 quia
797 3479 987 3533 parum
1020 3463 1150 3536 quid
1174 3480 1239 3520 ex
1300 3476 1486 3522 nostra
1547 3465 1777 3536 epistola
1811 3472 2113 3534 posuerunt
2159 3463 2212 3517 in

634 3555 910 3626 principio
968 3571 1190 3613 suorum
1260 3571 1598 3623 sermonum,
1628 3566 1686 3612 et
1739 3556 2211 3619 minanturnobis,

634 3649 780 3715 quod
819 3647 872 3702 in
907 3655 1151 3718 tempore
1175 3649 1679 3720 sintredarguturi,
1737 3650 1890 3720 quasi
1945 3663 2049 3703 non
2102 3663 2217 3702 me-

634 3738 894 3794 diocriter
926 3741 1332 3808 peccaverimus
1357 3742 1410 3796 in
1436 3741 1672 3797 Verbum
1700 3758 1765 3796 ex
1792 3741 1902 3796 Deo
1932 3740 2098 3795 Patre
2119 3782 2134 3806 ,
2160 3751 2216 3797 et

634 3831 1030 3887 incrementum
1061 3846 1126 3887 ac
1152 3834 1577 3901 profectum,qui
1606 3833 1674 3887 ad
1704 3848 1925 3889 carnem
1955 3833 2211 3904 pertinet,

634 3934 843 3980 natura:
872 3925 1040 3991 ipsius
1067 3924 1517 3995 lusipientissime
1566 3925 1968 3981 tribuerimus:
2013 3940 2114 3996 age
2161 3934 2217 3981 et

633 4018 702 4074 ad
730 4018 833 4073 hoc
847 4017 1231 4073 convenientia
1255 4017 1523 4081 dicamus,
1558 4015 1861 4084 adiiciendo
1891 4026 2060 4072 totam
2087 4018 2208 4087 epi-

634 4108 787 4163 stolae
821 4117 1051 4177 partem.
1104 4105 1211 4175 Ipsi
1270 4108 1415 4162 enim
1463 4115 1765 4162 metuentes
1810 4109 2121 4175 veritatem,
2159 4117 2216 4164 et

634 4199 912 4254 auditores
954 4197 1224 4265 fallentes,
1280 4207 1485 4267 partem
1531 4200 1821 4268 quamdam
1892 4212 2211 4268 posuerunt,

633 4308 753 4348 eam
780 4291 1062 4361 quaeipsis
1098 4291 1389 4345 utilissima
1425 4304 1547 4345 esse
1589 4289 1872 4344 videbatur
1891 4291 1957 4344 ad
1995 4291 2118 4356 hoc,
2155 4302 2218 4348 ul

636 4385 760 4439 inde
819 4391 1040 4454 possent
1067 4397 1132 4437 ac
1155 4382 1640 4452 viderenturjuste
1664 4382 1962 4436 calumnias
2007 4383 2059 4437 in
2116 4400 2213 4440 nos

634 4489 872 4534 struere.
906 4476 1085 4530 Habet
1108 4484 1290 4530 autem
1313 4475 1391 4530 sic
1441 4476 1583 4544 quod
1630 4475 1835 4530 dictum
1880 4485 2009 4533 est:
2047 4477 2113 4532 Et
2168 4477 2213 4532 si

2318 3291 2521 3365 φωνὰς,
2555 3285 2850 3341 ὑποστάσει
2881 3284 3071 3354 μιᾷμτῇ
3103 3280 3197 3334 τοῦ
3221 3279 3396 3349 Λόγου
3421 3277 3824 3352 σεσαρκωμένῃ
3851 3276 3875 3314 κ
3895 3292 3909 3305 ·

2317 3385 2520 3453 Κύριος
2552 3378 2662 3451 γὰρ
2692 3371 2773 3440 εἷς
2806 3374 3012 3446 Ἰησοῦς
3039 3372 3274 3445 Χριστὸς
3292 3371 3335 3437 1,
3360 3372 3501 3426 κατὰ
3527 3371 3627 3434 τὰς
3662 3371 3703 3422 Γ
3707 3369 3911 3441 ραφάς.

2316 3477 2527 3534 Οὐκοῦν
2562 3474 2690 3538 dicm
2722 3471 2830 3526 ἀπό
2862 3486 2926 3540 γε
2954 3467 3063 3522 τῶν
3095 3467 3195 3538 ῆδη
3226 3464 3739 3538 προγεγραμμένων
3761 3504 3774 3526 ,
3813 3463 3915 3515 οὐκ

2314 3568 2645 3641 ἠγνοηκότες
2699 3565 2796 3636 μὲν
2835 3560 3156 3632 ἀλωσόμεθα
3183 3561 3284 3631 τὴν
3313 3561 3648 3629 οἰκονομίαν,
3681 3555 3780 3609 καὶ
3813 3554 3915 3624 τὴν

2317 3664 2522 3735 ἑκάστῃ
2576 3659 2736 3729 φύσει
2799 3655 3116 3728 πρέπουσαν
3167 3651 3368 3722 φωνὴν,
3418 3650 3518 3705 οὐκ
3562 3647 3810 3717 ἐφιέντες
3861 3646 3916 3698 δέ

2319 3754 2520 3826 μᾶλλον
2573 3755 2688 3815 τοῖς
2731 3750 3002 3820 ψυχικοῖς,
3031 3745 3126 3799 καὶ
3155 3745 3373 3815 πνεῦμα
3420 3744 3496 3813 μὴ
3531 3741 3737 3812 έχουσι,
3774 3742 3917 3794 νοεῖν

2316 3847 2409 3902 δύο
2435 3846 2606 3909 υἱοὺς,
2639 3845 2672 3914 ἢ
2704 3843 2907 3911 λέγειν,
2939 3837 3283 3910 διαιροῦντας
3333 3833 3584 3904 ἀλλήλων
3629 3831 3730 3895 τὰς
3777 3833 3915 3885 ὑπο-

2318 3938 2539 4000 στάσεις
2588 3933 2726 4006 μετά
2763 3932 2862 4004 τὴν
2905 3931 3320 3985 ἀδιάσπαστονιι
3349 3923 3812 3994 ἕνωσιν.⁴Επειδὴ
3858 3922 3916 3974 δὲ

2317 4030 2491 4102 βραχύ
2543 4047 2597 4081 τι
2649 4027 2814 4098 μέρος
2845 4023 3103 4085 λαϐόντες
3154 4019 3214 4086 ἐξ
3265 4019 3542 4092 ἡμετέρας
3591 4016 3914 4085 ἐπιστολῆς,

2314 4120 2624 4175 τεθείκασι-δ
2677 4120 2734 4170 ἐν
2783 4117 2924 4188 ἀρχῇ
2975 4113 3084 4167 τῶν
3138 4111 3284 4165 ἰδίων
3334 4109 3528 4179 λόγων,
3556 4106 3918 4169 ἀπειλοῦντες

2317 4214 2465 4283 ἡμᾶς
2497 4211 2590 4263 ἐπὶ
2619 4207 2810 4277 καιροῦ
2844 4206 3162 4275 διελέγχειν,
3187 4202 3264 4266 ὡς
3291 4201 3353 4256 οὐ
3390 4199 3626 4272 μετρίως
3655 4200 3919 4269 ἡμαρτη-

2316 4305 2480 4367 κότας
2509 4303 2587 4364 είς
2620 4300 2712 4352 τὸν
2758 4301 2821 4352 ἐκ
2858 4296 2994 4351 Θεοῦ
3031 4294 3244 4366 Πατρὸς
3277 4293 3468 4361 Λόγον,
3500 4291 3593 4344 καὶ
3625 4293 3693 4361 τῇ
3744 4288 3916 4342 αὐτοῦ

2317 4392 2473 4462 φύσει
2501 4390 2597 4461 τὴν
2623 4391 2689 4459 τῇ
2721 4387 2885 4457 σαρκὶ
2917 4386 3237 4455 πρέπουσαν
3273 4380 3504 4452 αὔξησίν
3542 4397 3601 4434 τε
3634 4380 3731 4433 καὶ
3777 4397 3917 4451 προ·⁸

2317 4476 2491 4547 κοπὴν
2520 4474 2858 4530 ἀϐουλότατα
2883 4473 3430 4544 προσνενεμηκότας·
3476 4470 3609 4541 φέρε
3639 4468 3737 4522 καὶ
3776 4470 3920 4540 πρός

634 4571 873 4625 audieris
916 4569 1058 4638 quod
1095 4566 1568 4637 profeceritJesus
1602 4576 1763 4623 aetate
1786 4579 1840 4622 et
1862 4569 2129 4639 sapientia
2156 4580 2211 4625 et

2318 4585 2375 4638 γε
2405 4569 2579 4621 ταῦτα
2617 4567 2684 4620 τὰ
2731 4566 2918 4620 εἰκότα
2958 4564 3228 4634 λέγωμεν,
3263 4565 3381 4617 ὅλον
3419 4561 3764 4631 παραθέντες
3816 4560 3920 4629 τῆς

634 4662 806 4733 gratia
840 4660 906 4723 ⁸³,
944 4674 1012 4714 ne
1036 4668 1192 4727 putes
1244 4657 1479 4712 Verbum
1546 4658 1641 4714 Dei
1707 4661 1924 4728 sapiens
1969 4660 2214 4730 profectu

634 4753 884 4808 ell‘ecttnn
900 4766 1042 4807 esse.
1077 4749 1526 4806 Commemorabo
1547 4759 1724 4805 autem
1759 4754 1949 4822 magis,
1977 4753 2118 4822 quod
2139 4752 2219 4807 sic

637 4846 852 4899 divinus
903 4835 1101 4898 Paulus
1149 4843 1432 4912 scripserit
1470 4858 1482 4894 :
1525 4860 1543 4892 ι
1579 4841 1847 4899 Christus.
1879 4844 1974 4898 Dei
2019 4845 2214 4908 virtus,

636 4949 691 4992 et
727 4937 817 4993 Dei
845 4935 1107 5005 sapientia
1137 4933 1204 4989 ⁸⁸.
1249 4953 1268 4987 ι
1310 4933 1496 5003 Neque
1529 4950 1717 4989 rursus
1747 4935 1874 4990 illud
1936 4939 2217 5007 nugaciter

637 5029 786 5082 ansis
815 5026 1018 5091 dicere,
1044 5025 1184 5095 quod
1207 5025 1474 5094 proﬁcere
1507 5027 1561 5080 in
1579 5037 1738 5080 aztate
1768 5027 2127 5095 etsapientia,
2161 5036 2216 5082 et

639 5119 835 5190 gratia,
867 5117 1068 5172 homini
1099 5117 1458 5172 attribuamus
1492 5135 1505 5173 :
1537 5117 1640 5172 hoc
1676 5117 1832 5188 173
1850 5118 2079 5182 euim,ut
2110 5120 2218 5187 opi-

641 5227 762 5273 nor,
797 5208 931 5264 nihil
955 5207 1099 5262 aliud
1129 5217 1234 5270 est,
1266 5223 1426 5276 quam
1481 5208 1722 5263 dividere
1776 5209 1828 5262 in
1872 5210 2007 5263 duos
2053 5226 2214 5262 unum

638 5301 913 5355 Christum
945 5317 960 5355 :
991 5302 1109 5365 sed,
1128 5299 1268 5354 sicut
1292 5299 1450 5369 paqu
1477 5309 1603 5354 ante
1640 5301 1775 5367 dixi,
1799 5298 1989 5368 Filius,
2014 5300 2103 5371 qui
2136 5310 2218 5355 est

707 5461 753 5491 το
783 5458 936 5513 Ioan.
970 5473 1081 5522 xrv,
1109 5457 1162 5511 9.
1240 5458 1285 5489 ⁸ο
1316 5456 1467 5521 Joan,
1496 5473 1529 5511 ι
1579 5459 1666 5512 30.
1741 5457 1784 5488 ⁸⁸
1813 5457 1976 5512 llehr.
2009 5475 2045 5524 I,
2079 5459 2134 5512 5.

2318 4660 2610 4729 ἐπιστολῆς
2633 4659 2693 4713 τὸ
2726 4659 2909 4730 μέρος.
2945 4657 3250 4719 Δεδοικότες
3271 4666 3297 4692 ⁸
3324 4656 3432 4726 γὰρ
3466 4656 3620 4708 αὐτοὶ
3645 4654 3750 4724 τὴν
3781 4652 3921 4722 ἁλή-

2319 4749 2490 4815 θειαν,
2521 4751 2616 4803 καὶ
2646 4749 3086 4822 συναρπάζοντες
3131 4747 3258 4810 τοὺς
3307 4745 3712 4816 ἀκροωμένους,
3746 4744 3921 4815 μέρος

2316 4859 2369 4894 τι
2399 4841 2732 4906 τεθείκασιν,
2765 4843 2902 4910 ὅπερ
2935 4839 3116 4902 αὐτοῖς
3159 4838 3332 4890 ἐδόκει
3366 4835 3803 4907 χρειωδέστατον
3841 4833 3920 4888 εἴ·

2326 4951 2407 4986 θαι
2441 4934 2576 5003 πρὸς
2596 4935 2659 4986 τὸ
2687 4932 2947 4986 δύνασθαί
2982 4949 3043 4984 τε
3085 4933 3224 4986 καὶρ
3261 4930 3365 5001 μὴν
3397 4931 3492 4982 καὶ
3529 4928 3708 4981 δοκεῖν
3754 4929 3916 4982 εὐλό-

2321 5035 2492 5091 γουςτι
2523 5025 2620 5088 τὰς
2651 5021 2772 5075 καθ’
2799 5021 2956 5093 ἡμῶν
2983 5020 3251 5075 ποιεῖσθαι
3282 5018 3644 5086 συκοφαντίας
3663 5033 3678 5046 ο
3714 5016 3836 5087 ἔχει
3860 5017 3919 5070 δέ

2322 5115 2494 5178 οὕτως
2532 5115 2592 5167 τὸ
2630 5115 2919 5186 εἰρημένον
2945 5129 2958 5142 ⁸
2996 5112 3115 5167 Κᾶν
3149 5111 3409 5184 ἀκούσῃς,
3438 5113 3518 5164 ὅτι
3565 5109 3918 5180 προέκοπτεν

2322 5211 2349 5261 ὁ
2387 5207 2591 5278 Ἰησοῦς
2637 5207 2840 5277 ἡλικίᾳ,
2876 5206 2969 5261 καὶ
3019 5207 3199 5274 σοφία,
3233 5206 3328 5258 καὶ
3371 5204 3572 5274 χάριτι,
3616 5203 3693 5273 μὴ
3743 5205 3916 5272 σοφὸν

2323 5301 2382 5366 ἐξ
2416 5300 2705 5362 ἐπιδόσεως
2735 5299 2960 5369 νομίσῃς
2994 5297 3242 5367 γενέσθαι
3276 5297 3367 5350 τὸν
3395 5295 3486 5348 τοῦ
3522 5295 3658 5348 Θεοῦ
3692 5296 3876 5364 Λόγον
3898 5313 3910 5323 ·

2213 5458 2256 5490 ⁸²
2293 5457 2448 5513 Joan.
2489 5474 2600 5520 \‘lll.
2634 5458 2722 5512 «50.
2801 5456 2845 5489 ⁸³
2875 5456 3001 5512 Luc.
3037 5473 3096 5524 ιι,
3120 5455 3209 5513 52.
3284 5455 3330 5486 ⁸⁵
3361 5453 3523 5511 lCor.
3564 5473 3597 5517 ι,
3634 5454 3725 5508 24.

1709 5613 1878 5668 Varia!
1907 5615 2165 5670 lectiones
2197 5631 2260 5669 ex
2296 5615 2479 5670 codice
2513 5614 2882 5686 Seguieriano.

724 5769 753 5812 ἱ
777 5771 1015 5835 διπλοῦς,
1060 5771 1258 5842 μᾶλλον
1288 5771 1402 5824 ἀλλ’
1425 5766 1524 5835 εἷς.
1612 5773 1626 5812 ί

659 5841 737 5901 Ῑό
769 5843 1023 5918 Χριστός.
1063 5841 1067 5842 ί
1100 5852 1135 5874 ⁸
1164 5843 1253 5897 καὶ
1287 5843 1380 5907 ὡς·

1667 5773 1789 5826 καθ’
1815 5775 1883 5843 ἣν
1915 5775 2008 5827 καὶ
2033 5774 2093 5825 ἓν
2123 5775 2258 5826 ἐστι.

1461 5854 1486 5882 τ’
1515 5843 1867 5898 ἀδιάστατον.
1951 5852 1975 5879 °
1999 5846 2250 5909 δεδιότες.

2349 5786 2362 5823 ι
2402 5774 2797 5844 ἐμψυχωμένος
2836 5772 2990 5846 ψυχῇ
3025 5773 3238 5846 λογικῇ.
3317 5769 3342 5811 δ
3379 5773 3836 5846 σεσαρκωμὲντυ.

2337 5857 2362 5896 ιι
2395 5846 2480 5904 ϊσ,
2523 5847 2634 5900 ναί.
2714 5855 2743 5896 ιι
2765 5845 3028 5914 εὐδοκεῖν,
3059 5844 3314 5914 εὐλόγως.
