4078 6348
638 396 748 458 343

710 513 758 569 F
760 514 908 570 elicis
940 511 1258 567 sanctissimi
1284 512 1511 580 episcopi
1558 509 1756 575 Romus,
1781 522 1826 566 et
1861 511 2132 580 martyris.

708 687 782 743 De
803 685 966 742 Verbi
994 694 1172 740 autem
1204 683 1578 740 incarnatione
1608 695 1663 740 et
1697 682 1822 748 iide,
1854 684 2127 740 credimus
2157 685 2209 740 in

638 782 925 836 Dominum
951 787 1194 835 nostrum
1223 777 1406 833 Jesum
1434 775 1712 832 Christum
1749 793 1811 832 ex
1854 776 2072 847 Virgine
2101 777 2211 832 Ma-

639 873 720 924 ria
755 879 960 936 natum,
985 870 1128 938 quod
1157 869 1273 939 ipse
1302 877 1386 923 est
1414 868 1783 938 sempiternus
1807 867 1901 946 Dei
1955 868 2124 924 Filius
2157 878 2211 923 et

639 963 916 1032 Verbum,
973 977 1080 1019 non
1133 971 1312 1017 autem
1361 963 1521 1016 homo
1563 977 1592 1015 a
1635 960 1746 1017 Deo
1805 971 2133 1029 assumptus,
2155 970 2212 1016 ut

635 1055 776 1110 alius
809 1054 881 1111 sit
918 1054 1125 1111 abillo.
1160 1053 1344 1122 Neque
1403 1055 1546 1108 enim
1607 1054 1881 1108 hominem
1919 1053 2213 1121 assumpsit

638 1150 731 1204 Dei
759 1149 1013 1215 Filius,ut
1038 1149 1176 1204 alius
1205 1151 1272 1202 ab
1300 1147 1418 1218 ipso
1443 1147 1676 1201 exsistat
1709 1163 1721 1199 :
1754 1147 1847 1200 sed
1888 1162 2010 1202 cum
2037 1145 2214 1215 perfe-

636 1253 755 1298 ctus
778 1243 918 1298 Deus
936 1253 1100 1307 esset,
1132 1241 1304 1296 factus
1335 1249 1420 1295 est
1439 1239 1600 1296 simul
1645 1249 1700 1294 et
1727 1240 1887 1295 homo
1916 1238 2211 1310 perfectus,

634 1351 702 1390 ex
731 1334 944 1408 Virgine
977 1337 1311 1392 incarnatus.

1033 1534 1680 1592 ANATHEMATISMUS
1704 1531 1813 1588 Vll.

719 1647 778 1704 Si
812 1648 934 1718 quis
971 1645 1156 1702 Jesum
1195 1655 1451 1716 tanquam
1485 1646 1761 1701 hominem
1810 1660 1840 1700 a
1900 1643 1992 1700 Dei
2037 1643 2215 1700 Verbo

638 1741 882 1809 agitante
914 1748 1120 1794 motum
1155 1738 1430 1801 habuisse,
1457 1735 1845 1806 Uuigeuitique
1876 1736 2102 1806 gloriam
2139 1735 2215 1791 illi

636 1839 893 1899 tauquam
941 1829 1092 1884 alteri
1123 1827 1356 1898 cuipiam
1414 1829 1482 1884 ab
1537 1830 1652 1898 ipso
1708 1828 1905 1896 Verbo,
1931 1829 2217 1885 advenisse

638 1922 840 1979 dixerit
873 1937 886 1974 :
924 1922 1210 1977 anathema
1236 1920 1327 1978 sit.

1093 2034 1447 2091 Orientalium
1467 2036 1714 2106 objectio.

709 2148 1031 2207 Posseasum
1063 2149 1231 2207 fuisse
1253 2151 1540 2208 Dominum
1568 2159 1816 2206 nostrum
1837 2149 2022 2207 Jesum
2056 2150 2217 2209 Chri-

638 2253 785 2297 ctum
807 2257 836 2297 a
875 2241 1077 2313 Spiritu
1115 2243 1356 2313 agitante
1379 2252 1438 2298 ut
1461 2243 1739 2299 hominem
1771 2244 2114 2314 simpliciter,
2131 2245 2216 2302 vel

642 2346 698 2389 ut
729 2335 1070 2406 prophetam,
1103 2335 1186 2391 vel
1226 2346 1283 2390 ut
1315 2336 1642 2404 apostolum,
1692 2336 1872 2393 nullus
1927 2337 2217 2393 coutltebi~

640 2437 730 2482 tur
766 2430 903 2482 :sed
933 2436 1112 2482 tamen
1143 2427 1475 2496 apostolicas
1531 2443 1692 2484 voces
1743 2427 1810 2483 de
1843 2427 1934 2485 illo
1992 2439 2217 2500 propter

638 2516 866 2572 visibilis
888 2517 1072 2571 carnis
1106 2528 1359 2572 naturam
1383 2519 1576 2581 dictas,
1647 2532 1821 2588 neque
1875 2521 2212 2589 negabimus,

642 2620 815 2676 neque
845 2620 1254 2677 expungemus,
1301 2608 1544 2663 dicentes
1598 2609 1816 2679 quidem
1874 2609 2212 2678 aliquando:

645 2716 663 2749 ι
702 2696 1010 2752 Secundum
1046 2698 1416 2767 operationem
1448 2698 1657 2754 roboris
1674 2700 1888 2756 virtutis
1909 2703 2213 2770 ejus,quam

637 2799 897 2858 operatus
926 2799 1010 2844 est
1048 2789 1102 2843 in
1129 2790 1368 2854 Christo,
1417 2792 1686 2846 suscitans
1735 2792 1908 2861 ipsum
1950 2808 2015 2847 ex
2063 2811 2212 2849 mor-

641 2883 765 2946 tuis,
795 2881 1010 2936 solvens
1037 2881 1253 2937 dolores
1277 2883 1468 2938 mortis
1496 2883 1619 2924 ⁹¹-⁸¹
1648 2893 1762 2951 μοι
1787 2884 1981 2939 iterum
2010 2905 2022 2942 :
2055 2885 2213 2941 «Vir-

642 2981 755 3027 tute
773 2972 865 3026 Dei
893 2973 1162 3028 exaltatus
1195 2974 1279 3042 ⁸¹;
1317 2993 1334 3027 ι
1358 2984 1411 3030 et
1438 2990 1775 3045 quzecunque
1808 2977 1956 3032 talia.
2015 2977 2213 3033 Verum

639 3065 888 3132 quamvis
913 3065 1030 3120 haec
1065 3066 1238 3136 posita
1300 3067 1408 3122 sint
1438 3078 1662 3137 propter
1697 3068 1767 3131 id,
1805 3069 1948 3139 quod
1986 3079 2106 3124 erat
2136 3070 2214 3124 vi-

639 3155 816 3220 sibile,
845 3171 1005 3212 nemo
1033 3167 1213 3212 tamen
1243 3158 1314 3212 ita
1341 3159 1591 3228 accipiet,
1634 3174 1697 3214 ac
1722 3161 1765 3217 si
1805 3160 1884 3215 vel
1940 3171 1996 3215 ut
2054 3162 2215 3215 homo

639 3250 960 3320 simpliciter
982 3262 1128 3308 esset
1170 3253 1362 3309 alienae
1393 3255 1726 3324 Operationis
1784 3255 1835 3308 vi
1897 3264 2102 3319 motus,
2134 3253 2217 3307 vel
2245 3238 2286 3295 (ἶ

642 3352 700 3395 ιιι
720 3342 919 3413 justus,
945 3343 1028 3398 vel
1062 3353 1118 3399 ut
1149 3339 1435 3416 propheta,
1463 3346 1545 3401 vel
1575 3356 1631 3400 nt
1681 3347 1992 3415 apostolus:
2047 3359 2220 3414 neque

643 3448 831 3489 rursus
860 3434 1074 3491 divinas
1105 3451 1264 3492 voces
1295 3446 1388 3490 aut
1430 3437 1672 3494 delemus
1714 3447 1807 3492 aut
1872 3437 2216 3502 inliciamur;

642 3538 818 3593 neque
852 3525 1100 3594 imperite
1126 3527 1287 3582 simul
1321 3537 1375 3583 et
1408 3529 1727 3598 blaspheme
1782 3529 2219 3582 anathematiza-

643 3633 762 3672 mus
795 3616 968 3673 dictas
1007 3629 1061 3674 et
1087 3619 1247 3691 175
1276 3620 1484 3690 positas
1508 3629 1729 3690 propter
1761 3619 1990 3674 visibilis
2039 3620 2218 3674 carnis

643 3723 926 3778 naturam;
953 3727 1131 3782 neque
1155 3721 1213 3767 ut
1246 3715 1518 3769 hominem
1546 3713 1886 3784 simpliciter,
1919 3713 1998 3768 vel
2038 3722 2094 3767 ut
2124 3712 2217 3782 ju-

639 3811 808 3868 stum,
838 3800 920 3856 vel
947 3801 1288 3872 prophetam,
1339 3805 1419 3858 vel
1485 3804 1813 3873 apostolum,
1871 3803 2220 3873 Operationes

640 3894 816 3949 aliena
848 3895 1047 3950 virtute
1073 3899 1382 3951 exercuisse
1405 3897 1670 3952 dicemus.
1734 3895 1848 3949 Non
1901 3895 2045 3949 enim
2074 3896 2221 3951 dice-

637 3984 768 4042 bat:
810 3984 934 4040 Haec
971 3986 1100 4040 dicit
1126 3985 1422 4050 Dominus;
1450 3987 1542 4042 sed
1590 3996 1647 4042 ut
1682 3983 1850 4041 Filius
1891 3983 2167 4054 legislatur
2201 4003 2216 4040 :

646 4094 667 4129 ι
700 4075 813 4147 Ego
843 4087 1023 4134 autem
1055 4079 1175 4134 dico
1195 4080 1347 4133 vobis
1380 4077 1447 4133 ⁸³.
1477 4098 1496 4131 ι

1156 4189 1345 4262 Cyrilli
1385 4191 1640 4260 defensio.

1633 388 1689 445 S.
1732 387 2006 446 CYRILLI
2045 382 2517 442 ALEXANDRINI
2553 380 2873 442 ARCHIEP.

2233 512 2283 567 Α
2352 507 2613 575 Φήλικος
2641 504 2750 561 τοῦ
2781 496 3110 575 ἀτιωτάέοὺ
3137 498 3474 555 ἐπισκόπου
3500 495 3739 566 Ῥώμης.
3760 498 3848 550 καὶ

3787 378 3886 435 ω

2945 573 3262 642 μάρτυρος.

2388 691 2524 764 Περὶ
2573 689 2632 744 δὲ
2671 689 2770 760 τῆς
2819 686 3149 760 σαρκώσεως
3180 681 3275 738 τοῦ
3303 681 3499 750 Λόγου,
3539 677 3634 733 καὶ
3671 677 3770 748 τῆς
3798 678 3883 731 πί-

2322 801 2533 850 στεως,
2577 783 2908 857 πιστεύομεν
2959 781 3040 843 εἰς
3087 777 3178 831 τὸν
3229 772 3441 847 Κύριον
3487 771 3648 844 ἡμῶν
3690 769 3885 842 Ἰησοῦν

2318 877 2576 948 Χριστὸν,
2609 878 2700 932 τὸν
2733 878 2797 930 ὲκ
2831 874 2928 945 τῆς
2964 868 3244 943 Παρθένου
3283 865 3502 938 Μαρίας
3544 862 3883 935 γεννηθέντα,

2317 972 2400 1025 ὅτι
2443 967 2605 1033 αὑτός
2649 968 2798 1021 ἐστιν
2837 968 2865 1020 ό
2898 962 2991 1020 τοῦ
3027 959 3163 1016 Θεοῦ
3199 958 3368 1022 ἀΐδιος
3395 956 3522 1019 Υἱὸς
3554 954 3650 1008 καὶ
3702 954 3882 1023 Λόγος,

2318 1065 2536 1120 καὶούκ
2561 1063 2846 1135 ἄνθρωπος
2873 1058 2977 1112 ὑπὸ
3009 1053 3143 1110 θεοῦ
3175 1050 3524 1122 ἀναληφθεὶς,
3551 1048 3619 1102 ἵν’
3647 1046 3829 1118 ἕτερος

2320 1160 2448 1230 παρ’
2473 1159 2698 1211 ἐκεῖνον.
2719 1153 2852 1208 Οὐδὲ
2879 1152 2988 1222 γὰρ
3013 1148 3298 1221 ἄνθρωπον
3317 1142 3576 1199 ἀνέλαϐεν
3596 1142 3625 1195 ό
3645 1139 3741 1194 τοῦ
3761 1139 3888 1193 Θεοῦ

2321 1252 2468 1315 Υἱὸς,
2491 1250 2581 1304 ἴνα
2671 1247 2856 1317 ἕτερος
2879 1242 3009 1313 παρ’
3040 1240 3201 1295 αὐτόν
3221 1255 3234 1270 ·
3264 1235 3400 1291 ἀλλὰ
3422 1233 3556 1298 Θεδς
3579 1232 3653 1286 ὣν
3671 1230 3888 1297 τέλειος,

2319 1343 2542 1414 γέγονεν
2581 1340 2696 1413 ἅμα
2747 1341 2840 1391 καὶ
2889 1335 3092 1398 τέλειος
3142 1329 3449 1403 ἄνθρωπος,
3481 1324 3786 1397 σαρκωθεὶς
3832 1324 3893 1378 ἐκ

2320 1435 2620 1509 Παρθένου.

2761 1533 3355 1598 ΔΝΑΘΕΜΑΤΙΣΜΟΣ
3392 1533 3466 1587 Z'.

2393 1664 2462 1719 Ei
2499 1660 2582 1725 τίς
2621 1675 2806 1730 φησιν,
2841 1654 2917 1717 ὡς
2951 1649 3237 1721 ἄνθρωπον
3271 1641 3607 1717 ὲνηργῆσθαι
3651 1640 3758 1730 duo
3802 1634 3893 1692 τοῦ

2322 1756 2458 1814 Θεοῦ
2489 1729 2662 1824 Λόγου
2687 1749 2779 1804 τὸν
2817 1743 3045 1817 Ἰησοῦν,
3075 1740 3171 1795 καὶ
3199 1739 3300 1811 τὴν
3331 1735 3425 1791 τοῦ
3451 1729 3790 1803 Μονογενοῦς
3810 1729 3897 1784 εῦ-

2322 1849 2502 1914 δοξίαν
2531 1840 2834 1917 περιῆφθαι
2880 1838 2955 1903 ὡς
2997 1831 3323 1906 ἑτέρῳπαρ⁹
3360 1827 3523 1883 αὐτὸν
3561 1825 3857 1896 ὑπάρχοντι
3879 1836 3893 1853 ·

2323 1939 2575 2011 ἀνάθεμα
2607 1934 2768 1988 ἔστω.

2625 2047 2998 2117 Ἀντίρῤησις
3036 2040 3156 2096 τῶν
3206 2030 3617 2094 Ἀνατολικῶν.

2407 2161 2775 2238 Ἐνηργῆσθαι
2817 2161 2909 2214 τὸν
2961 2156 3166 2229 Κύριον
3214 2151 3372 2226 ήμῶν
3414 2144 3622 2219 Ἰησοῦν
3665 2141 3901 2214 Χριστὸν

2323 2264 2430 2321 ὑπὸ
2463 2261 2559 2316 τοῦ
2599 2257 2917 2328 Πνεῦματος
2945 2253 3021 2318 ὼς
3054 2251 3340 2321 ἄνθρωπον
3371 2241 3578 2306 ἁπλῶς,
3608 2238 3641 2305 ἢ
3672 2239 3749 2301 ὼς
3769 2251 3903 2328 προσ

2323 2358 2522 2429 φὴτην,
2551 2353 2586 2426 ἦ
2616 2352 2692 2416 ὡς
2727 2326 3048 2410 ἀπόστολον,
3082 2342 3259 2405 οὐδεὶς
3287 2333 3733 2429 ἃνᾷὁμῗλςῖγῄσεξε
3754 2345 3768 2358 .
3805 2326 3901 2429 ,εἴς

2325 2417 2518 2520 μέντοι.
2553 2417 2916 2503 ἀποστολικὰς
2949 2433 3132 2507 φωνὰς
3163 2431 3291 2502 περὶ
3317 2425 3481 2482 αὐτοῦ
3528 2421 3756 2520 διὰτὴν
3804 2417 3903 2520 της

2323 2510 2655 2610 ξραινομένης
2705 2531 2905 2604 σαρκδς
2951 2527 3112 2599 φύσιν
3165 2521 3495 2610 εἰρημένας,
3531 2510 3902 2610 οῦτὰρνησό-

2325 2604 2500 2705 μεθα,
2534 2604 2645 2683 οὔτ’
2683 2626 2748 2682 ἂν
2785 2623 3171 2694 ὲξαλείψαιμεν
3195 2618 3239 2683 ι,
3273 2613 3400 2667 ποτὲ
3592 2604 3903 2705 λεγούσαςὶ

2328 2693 2347 2774 .I
2378 2693 2533 2775 Κατὰ
2563 2718 2660 2790 τὴν
2696 2693 2987 2786 ἐνέργειαν
3013 2710 3107 2764 τοῦ
3137 2707 3373 2780 κράτους
3403 2703 3502 2772 τῆς
3539 2697 3719 2768 ἰσχύος
3739 2693 3906 2750 αὑτοῦ

2321 2814 2387 2886 ἣν
2411 2812 2718 2882 ἐνήργησεν
2765 2808 2824 2861 ὲν
2853 2805 2932 2877 τῷ
2963 2799 3206 2875 Χριστῷ,
3241 2796 3463 2866 ἐγείρας
3504 2791 3665 2886 αὑτὸν
3711 2791 3906 2886 ite-vs-

2321 2880 2694 2972 atpt'bv,“).tioaq
2728 2899 2825 2963 τὰς
2851 2897 3042 2959 ὀδύνας
3071 2893 3164 2947 τοῦ
3198 2891 3458 2944 θανάτου·
3499 2905 3516 2936 ι
3573 2883 3669 2936 καὶ
3709 2880 3906 2972 πάλιν,

2328 2970 2456 3064 «in)
2487 2992 2714 3063 δυνάμει
2746 2989 2842 3044 τοῦ
2876 2986 3012 3041 Θεοῦ
3040 2983 3306 3055 ύψωθείς·
3341 3001 3359 3033 ι
3396 2980 3490 3032 καὶ
3523 2979 3622 3030 ὃσα
3656 2970 3909 3064 τοιαῦτα.

2335 3063 2472 3139 Ἀλλ’
2505 3088 2553 3140 ει
2599 3085 2694 3138 καὶ
2742 3081 2919 3137 ταῦτα
2967 3081 3287 3153 πρόσκειται
3336 3071 3424 3125 διὰ
3464 3069 3525 3120 τὸ
3560 3063 3908 3134 φαινόμενον,

2321 3177 2496 3239 οὐδεὶς
2539 3175 2605 3229 ἂν
2655 3173 2877 3226 ὲκλάὸοι
2926 3172 2960 3243 ἦ
3019 3171 3091 3232 ὡς
3139 3165 3425 3237 ἄνθρωπον
3459 3158 3644 3221 ἁπλῶς
3677 3155 3911 3209 ἑαυτὸν·

2321 3264 2732 3335 ὲνεργούμενον,
2764 3263 2798 3336 ἦ
2840 3263 2915 3325 ὡς
2958 3262 3191 3321 δίκαιον,
3224 3257 3258 3328 ἢ
3295 3256 3370 3318 ὡς
3413 3252 3726 3325 προφήτην,
3768 3247 3803 3320 ἦ
3836 3247 3914 3309 ὡς

2323 3357 2647 3410 ἀπόστολον·
2701 3354 2813 3410 οὔτ’
2842 3348 2908 3408 αὖ
2944 3353 3082 3418 τὰς*
3117 3352 3266 3414 θείας
3308 3347 3493 3418 φωνὰς
3527 3342 3911 3411 ἐξαλείφομεν.

2321 3448 2353 3519 ἢ
2398 3446 2730 3520 ἀρνούμεθα,
2775 3445 3074 3518 ῆάμαθῶς
3125 3461 3183 3497 τε
3226 3439 3365 3512 όμοῦ
3421 3438 3513 3492 καὶ
3571 3434 3916 3505 βλασφήμως

2320 3539 2814 3612 ἀναθεματίζομεν,
2877 3535 3176 3608 εἰρημένας
3218 3534 3314 3587 καὶ
3371 3529 3628 3601 κειμένας
3676 3525 3767 3579 διὰ
3817 3524 3916 3594 τὴν

2319 3633 2417 3702 τῆς
2466 3631 2803 3700 φαινομένης
2848 3629 3053 3698 σαρκὸς
3105 3626 3287 3696 φύσιν,
3324 3623 3449 3677 οὔτε
3496 3622 3570 3685 ὡς
3625 3619 3917 3690 ἄνθρωπον

2319 3722 2526 3787 ἁπλῶς,
2556 3722 2589 3794 ἢ
2619 3723 2694 3786 ὡς
2723 3722 2954 3785 δίκαιον,
2990 3721 3021 3790 ἢ
3057 3720 3133 3782 ὡς
3163 3718 3473 3788 προφήτην,
3510 3714 3542 3785 ἦ
3571 3714 3645 3776 ὡς
3679 3712 3919 3766 ἀπόστο-

2319 3814 2409 3867 λον
2448 3813 2782 3885 ὲνηργῆσθαι
2829 3812 3102 3882 φήσομεν·
3136 3809 3197 3861 ού
3227 3808 3337 3878 γὰρ
3368 3806 3544 3872 ἔλεγε·
3587 3803 3729 3856 Τάδε
3763 3801 3918 3868 λέγει

2323 3906 2557 3979 Κύριος·
2592 3905 2707 3962 ἀλλ’
2737 3904 2813 3970 ὡς
2861 3904 2990 3967 Υἱὸς
3036 3899 3377 3974 νομοθετῶν·
3428 3895 3612 3966 «Ἐγὼ
3658 3895 3717 3948 δὲ
3769 3893 3921 3963 λέγω

2322 4018 2351 4052 υ
2361 4018 2472 4070 μιν.
2505 4018 2525 4052 ι

2777 4192 3106 4261 Ἀπολογία
3133 4189 3462 4259 Κυρίλλου.

713 4307 777 4362 Et
807 4322 950 4361 nunc
978 4321 1193 4376 quoque
1241 4306 1435 4360 iisdem
1484 4306 1829 4361 sermonibus
1887 4307 2219 4362 defensionis

2391 4308 2502 4362 Καὶ
2534 4307 2629 4362 νῦν
2674 4307 2807 4379 ἡμῖν
2856 4306 3009 4361 οὐδὲν
3037 4301 3200 4378 ἦττον
3237 4302 3329 4356 διὰ
3375 4299 3487 4354 τῶν
3526 4297 3658 4352 ἴσων
3689 4297 3923 4369 ἔρχεται

644 4401 836 4454 modus
867 4399 1099 4453 incedet.
1137 4397 1270 4452 Nam
1309 4412 1447 4451 unus
1471 4398 1688 4466 quidem
1731 4407 1814 4452 est
1834 4399 2037 4468 absque
2064 4400 2220 4454 dubi-

2320 4400 2621 4471 λόγωνντῆς
2665 4398 3020 4468 ἀπολογίαςό
3051 4396 3280 4469 τρόπος·
3331 4388 3411 4458 εἷς
3461 4393 3559 4465 μὲν
3605 4391 3718 4462 γάρ
3767 4392 3925 4444 ἐστιν

646 4493 848 4545 latione
876 4490 1139 4545 Dominus
1165 4499 1348 4544 noster
1398 4486 1555 4543 Jesus
1610 4488 1882 4554 Christus,
1919 4492 2012 4561 qui
2075 4491 2216 4546 idem

2321 4492 2766 4563 ὁμολογουμένως
2819 4493 2847 4545 ὁ
2895 4489 3100 4562 Κύριος
3146 4489 3303 4561 ἡμῶν
3339 4485 3550 4559 Ἰησοῦς
3597 4483 3868 4556 Χριστὸς,
3898 4484 3926 4534 ὁ

641 4582 879 4636 creditus
905 4591 1127 4636 estesse
1157 4587 1212 4634 et
1246 4594 1312 4635 ex
1345 4577 1454 4634 Deo
1488 4579 1646 4634 Patre
1687 4580 1923 4635 Verbum
1955 4592 2218 4638 aeternum

2323 4582 2484 4647 αὐτὸς
2532 4577 2720 4636 εἷναιι
2769 4582 3201 4653 πεπιστευμένος
3241 4580 3336 4634 καὶ
3388 4579 3453 4631 ὲκ
3504 4574 3640 4629 Θεοῦ
3696 4575 3926 4645 Πατρδς

643 4681 845 4727 ctante
866 4671 1169 4733 smcula;et
1203 4671 1254 4724 in
1307 4671 1615 4725 novissimis
1654 4672 1834 4726 smculi
1885 4676 2216 4744 temporibus

2321 4675 2492 4745 Λόγος
2522 4673 2692 4739 ἀϊδιὸς
2723 4692 2781 4728 τε
2808 4665 2904 4729 καὶ
2925 4672 3277 4746 ,προαιὼνιος,
3320 4671 3418 4724 καὶ
3449 4670 3505 4722 ὲν
3532 4667 3794 4737 ἐσχάτοις
3825 4665 3924 4719 τοῦ

645 4763 809 4819 homo
837 4778 899 4817 ex
922 4763 1168 4827 muliere,
1205 4761 1294 4830 qui
1353 4761 1726 4816 admirabilem
1787 4765 1967 4818 habuit
2026 4781 2218 4821 secun-

2321 4764 2516 4828 αἰῶνος
2564 4766 2774 4836 καιροῖς
2826 4763 3108 4834 ἄνθρωπος
3159 4764 3224 4816 ὲκ
3264 4759 3560 4830 γυναικὸς,
3607 4756 3928 4828 παράδοξον

647 4858 771 4909 ιΙιιιιι
805 4868 1023 4909 carnem
1060 4853 1420 4906 nativitatem.
1460 4848 1845 4909 Verumtamen
1900 4871 2016 4910 cum
2082 4873 2219 4913 unus

2319 4855 2568 4928 ἐσχηκὼς
2599 4856 2694 4927 τὴν
2728 4855 2871 4911 κατὰ
2920 4855 3102 4926 σάρκα
3149 4847 3586 4922 γέννησιν.Ἀλλ’
3618 4842 3700 4911 εἷς
3733 4848 3929 4918 ὑπάρ-

645 4957 786 5001 esset
826 4942 994 4999 Filius
1026 4955 1082 5000 et
1122 4944 1262 5000 Deus
1290 4954 1344 4999 et
1381 4944 1658 5013 Dominus,
1707 4950 2036 5016 operabatur
2063 4949 2215 5019 signa

2319 4965 2430 5018 χων
2461 4948 2607 5014 Υἱὸς,
2639 4949 2731 5001 καὶ
2776 4947 2931 5013 Θεὸς,
2964 4948 3058 5000 καὶ
3097 4945 3324 5017 Κύριος,
3352 4939 3641 5015 εἰργάξετο
3665 4939 3771 5004 τὰς
3805 4939 3929 4993 Oeo-

646 5055 740 5108 pur
777 5039 1030 5092 virtutem
1097 5037 1383 5107 plusquam
1442 5038 1768 5104 humanam;
1831 5041 2222 5097 suiiicientibus

2324 5041 2558 5110 σημείας
2596 5040 2684 5094 διὰ
2729 5043 2830 5111 τῆς
2878 5040 3021 5112 ὑπὲρ
3053 5037 3344 5108 ἄνθρωπον
3381 5033 3598 5106 ἰσχύοςο
3632 5031 3927 5103 πληροφο-

645 5130 978 5198 argumentis
1008 5129 1230 5191 docens,
1267 5129 1411 5197 quod
1441 5131 1687 5199 quamvis
1744 5129 1919 5189 iactus
1951 5133 2023 5188 sit
2068 5148 2219 5197 caro,

2327 5132 2436 5203 ρῶν
2465 5132 2567 5198 ὃτι,
2601 5133 2693 5185 καὶ
2737 5135 2785 5186 εἰ
2829 5132 3025 5201 γέγονε
3065 5130 3222 5200 σὰρξ,
3263 5127 3378 5183 ἀλλ’
3414 5126 3566 5182 οὐδὲν
3596 5118 3768 5196 ἧττόν
3801 5127 3927 5179 ἐστι

649 5222 1000 5277 nihilominus
1024 5231 1201 5275 tamen
1235 5223 1304 5275 sit
1329 5222 1492 5275 etiam
1529 5223 1606 5276 sic
1641 5222 1779 5277 Deus
1820 5240 2004 5291 verus,
2035 5236 2087 5280 et
2115 5227 2222 5279 vir-

2326 5224 2419 5278 καὶ
2462 5223 2603 5278 οὓτω
2640 5224 2771 5288 Θεὸς
2803 5224 3059 5296 ἀληθινὸς
3092 5225 3186 5278 καὶ
3236 5222 3472 5292 δύναμις
3521 5218 3615 5271 τοῦ
3651 5219 3883 5290 Πατρός
3906 5233 3921 5248 ⁶

652 5322 737 5366 tus
771 5311 969 5366 Patris.
1004 5310 1118 5366 Non
1158 5312 1300 5366 enim
1332 5313 1680 5368 destititesse
1701 5316 1842 5381 quod
1880 5326 2017 5380 erat,
2050 5317 2222 5372 lactus

2325 5318 2386 5370 οὐ
2423 5317 2530 5390 γὰρ
2561 5316 2833 5371 πέπαυται
2871 5316 2964 5372 τοῦ
3000 5312 3139 5371 εἶναι
3182 5314 3211 5368 ὃ
3251 5309 3340 5386 ἦν,
3373 5310 3668 5382 γενόμενος
3695 5308 3923 5382 ἄνθρωο

709 5487 832 5527 ﬂ-“
859 5486 1057 5557 Ephcs.
1094 5505 1131 5552 I,
1160 5488 1247 5543 19.
1310 5489 1354 5520 ⁸²
1389 5491 1509 5542 Act.
1551 5504 1609 5551 II,
1644 5490 1724 5543 55.
1811 5491 1856 5522 ⁸³
1890 5491 2076 5545 Matth.
2118 5507 2173 5557 v,
2201 5492 2291 5550 ‘29..

1712 5647 1885 5703 Variae
1921 5650 2180 5706 lectiones
2210 5667 2275 5703 cx
2312 5652 2495 5709 codice
2521 5649 2890 5724 chuicriuuo.

721 5796 743 5835 ⁸
771 5790 839 5851 αὖ
867 5795 1240 5868 ὲξαλειψομεν.
1317 5809 1342 5839 υ
1380 5802 1462 5856 ϊσ.
1496 5804 1674 5859 αὐτόν.
1748 5815 1771 5843 ν
1806 5801 1895 5858 οὖν
1925 5804 2042 5870 τάς.
2123 5812 2145 5840 ι
2177 5799 2290 5857 οὖν.
