4078 6348
232 369 335 430 545

834 377 1363 441 APOLOGETICUS
1401 384 1537 443 PRO
1571 384 1671 441 XII
1709 385 2074 445 CAPITIBUS
2111 390 2389 446 CONTRA
2433 391 2886 449 ORIENTALES.

3370 393 3477 450 546

229 491 634 563 πος.Ἐπλήρου
673 496 960 567 τοιγαροῦν
1015 500 1080 552 τὰ
1129 504 1434 573 παράδοξα’
1488 499 1647 559 τοῦτο
1703 504 1777 575 μὲ·

1909 507 2088 562 homo.
2116 508 2372 563 Faciebat
2402 509 2566 578 igitur
2596 509 2835 575 insolita,
2888 518 3000 562 tum
3046 510 3186 576 quod
3208 510 3474 562 dannouia

224 582 519 652 δαιμονίοις
565 586 850 656 ἐπιτιμῶν,
880 589 972 642 καὶ
1023 594 1319 663 συντρίόων
1364 596 1451 648 τὸν
1512 598 1790 651 Σατανᾶν·

226 675 381 728 τοῦτο
410 676 466 729 δὲ
494 677 713 747 τυφλοῖς
740 680 801 732 τὸ
830 682 943 749 φῶς
976 684 1165 748 ὲνιείς·
1200 689 1435 760 νεκροὺς,
1472 688 1701 743 ἀνιστῶν
1722 697 1748 736 γ
1778 704 1790 719 ·

226 768 498 823 Θάλασσαν
530 771 918 842 ἀγριαίνουσαν
960 776 1040 828 ἑνὶ
1069 780 1413 845 κατευνάζων
1443 784 1663 850 ῥήματι·
1692 782 1789 851 οὑχ

223 859 297 921 ὡς
327 860 611 928 ἄνθρωπόν
642 880 782 930 τινα,
814 868 908 920 καὶ
945 867 1127 940 ἕτερον
1158 870 1285 925 ὄντα
1316 874 1625 941 καταμόνας
1658 876 1790 944 Χρι-

224 951 369 1017 στὸν,
405 952 718 1017 δοξάζεσθαι
750 956 937 1023 ποιῶν,
957 961 1207 1033 καθάπερ
1224 963 1414 1030 ἀμέλει
1445 966 1535 1017 καὶ
1566 965 1659 1017 ἕνα
1684 964 1789 1017 τῶν

220 1042 393 1110 ἁγίων
436 1046 747 1117 προφητῶν,
790 1048 823 1119 ἢ
871 1049 996 1117 γοῦν
1040 1053 1417 1108 ἀποστόλων²’
1474 1056 1586 1109 ἀλλ’
1618 1056 1792 1125 ἑαυτῷ

220 1134 319 1202 τὴν
368 1134 522 1202 δόξαν
565 1142 1109 1212 πραγματευόμενος,
1147 1146 1230 1198 ἵνα
1269 1147 1419 1217 παρὰ
1453 1148 1669 1201 πάντων
1701 1166 1791 1201 πι-

222 1224 477 1297 στεύηται
521 1228 653 1293 Θεὸς
698 1229 774 1283 ὣν
815 1232 995 1300 φύσει,
1028 1237 1123 1290 καὶ
1158 1238 1205 1289 εί
1238 1238 1456 1306 γέγονεν
1485 1239 1786 1309 ἄνθρωπος.

221 1311 328 1369 Ἦν
359 1314 451 1371 οὑν
481 1318 590 1389 ἄρα
630 1320 739 1373 τῶν
782 1322 1169 1379 ἐκτοπωτάτων
1218 1329 1546 1398 ἀνασχέσθαι
1590 1330 1791 1383 Νεστο-

219 1406 336 1477 ρίου
367 1408 613 1477 λέγοντος
632 1426 645 1438 ο
674 1412 865 1466 Κοινα)⁵
895 1413 1003 1485 γὰρ
1035 1416 1090 1469 αἱ
1111 1416 1210 1487 τῆς
1243 1419 1467 1489 Τριὰδος
1494 1420 1785 1491 ἐνέργειαι,

216 1496 313 1549 καὶ
345 1498 533 1566 μόναις
560 1500 885 1557 ὑποστάσεσι
921 1504 1019 1576 τὴν
1043 1506 1305 1579 διαίρεσιν
1334 1509 1551 1581 ἔχουσαι
1577 1529 1588 1541 ·
1620 1513 1788 1583 ἧγουν

214 1586 310 1640 τοῦ
337 1588 676 1658 Μονογενοῦς
707 1596 739 1664 ή
774 1594 982 1660 εὐδοξία
1008 1598 1135 1651 ποτὲ
1172 1599 1271 1669 μὲν
1303 1601 1380 1671 τῷ
1429 1603 1602 1673 natsz
1630 1621 1786 1675 περι-

210 1677 407 1747 ἦπται,
438 1682 567 1734 ποτέ
594 1682 649 1735 δέ
678 1684 755 1754 τῷ
788 1686 1081 1757 Πνεῦματι,
1106 1691 1235 1743 ποτέ
1260 1690 1315 1743 δὲ
1344 1694 1408 1762 τῇ
1432 1692 1522 1745 τοῦ
1552 1693 1786 1764 Χριστοῦ

211 1768 516 1844 δυναστείᾳ.
551 1774 757 1829 Οὐκοῦν
806 1777 837 1848 ἢ
885 1778 1337 1848 δεικνύτωσαν,οί
1384 1785 1642 1855 ἐπιτιμᾷν
1672 1786 1786 1839 ἐθέ-

1898 602 2232 669 increpabat,
2260 612 2314 657 et
2361 601 2617 657 Satanam
2678 602 2996 657 conterebat
3034 602 3118 665 “;
3177 612 3286 655 tum
3333 605 3475 671 quod

1896 694 2051 748 caecis
2083 694 2257 748 lumen
2287 695 2577 764 praestabat
2607 695 2676 762 ⁸⁸,
2703 704 2946 751 mortuos
3000 695 3365 750 resuscitabat
3403 695 3473 758 ",

1898 798 2046 837 mare
2070 784 2423 852 procellosum
2446 801 2554 840 uno
2584 788 2751 842 verbo
2795 787 3021 841 sedabat
3044 786 3129 853 ";
3177 801 3284 840 non
3335 787 3478 840 sicut

1899 875 2165 929 hominem
2184 877 2574 947 quempiam,et
2592 878 2819 932 alterum
2843 878 3193 932 exsistentem
3246 877 3474 930 seorsim

1893 960 2165 1017 Christum
2186 964 2470 1033 glorilicari
2539 966 2768 1030 faciens,
2800 968 3266 1036 quemadmodum
3326 967 3475 1020 scili-

1892 1061 1979 1107 cet
2007 1064 2061 1108 et
2109 1071 2268 1119 unum
2305 1072 2369 1111 ex
2400 1059 2601 1113 sanctis
2630 1060 2906 1127 prophetis
2944 1058 3026 1113 vel
3064 1058 3354 1125 apostolis:
3379 1060 3473 1113 sed

1891 1146 1989 1199 sibi
2009 1146 2230 1217 gloriam
2258 1164 2576 1217 procurans,
2612 1160 2669 1205 ut
2716 1151 2784 1205 ab
2850 1150 3108 1205 omnibus
3155 1151 3475 1205 crederetur

1892 1236 2032 1292 Deus
2064 1240 2330 1294 exsistens
2360 1252 2573 1307 natura,
2601 1241 2819 1296 tametsi
2865 1242 3041 1295 factus
3098 1251 3243 1295 esset
3283 1242 3470 1295 homo.

1892 1328 2283 1400 Fuissetigitur
2307 1332 2758 1387 absurdissimum
2831 1333 2977 1387 ferre
3040 1332 3345 1386 Nestorium
3387 1332 3474 1387 di-

1888 1431 2096 1477 centeni
2134 1441 2147 1477 :
2189 1424 2515 1479 Communes
2541 1426 2684 1479 enim
2713 1425 3003 1479 Trinitatis
3038 1435 3165 1478 sunt
3201 1426 3474 1493 operatio-

1888 1531 2005 1580 nes,
2039 1526 2091 1571 et
2116 1518 2245 1571 solis
2293 1518 2668 1573 subsistentiis
2712 1518 3123 1571 distinctionem
3180 1518 3469 1570 habentes.

1888 1604 2117 1659 Proinde
2145 1604 2418 1675 Unigeniti
2450 1607 2622 1677 gloria
2660 1608 2936 1661 interdum
2973 1604 3119 1660 Patri
3153 1605 3470 1673 adaptatur,

1888 1698 2155 1751 interdum
2190 1696 2434 1767 Spiritui,
2473 1699 2742 1753 interdum
2776 1698 2975 1752 Christi
3040 1698 3319 1766 potentiae.
3382 1693 3470 1749 ld-

1890 1788 2035 1842 eirco
2064 1790 2153 1857 qui
2192 1789 2589 1859 reprehendere
2627 1788 2835 1853 volunt,
2866 1788 2948 1842 vel
2982 1788 3276 1842 ostendant
3314 1785 3471 1839 nobis

211 1858 414 1930 λοντες,
453 1865 636 1938 ἕτερον
668 1868 796 1939 ἡμῖν
830 1870 1061 1939 Χριστὸν
1095 1872 1198 1943 ἰδία
1232 1874 1320 1926 καὶ
1346 1875 1451 1928 ἀνὰ
1489 1878 1652 1947 μέρος
1682 1878 1777 1929 ὑτι-

1889 1876 2051 1931 alium
2077 1858 2374 1944 Christum,
2404 1880 2495 1948 qui
2526 1879 2777 1947 privatim
2839 1878 3069 1932 seorsim
3121 1877 3354 1930 exsistat
3416 1886 3472 1929 et

209 1952 447 2023 άρχοντα
502 1959 595 2010 καλ⁸
636 1960 955 2030 νοούμενον,
984 1954 1028 2028 ᾧ
1073 1963 1170 2032 τὴν
1220 1964 1412 2017 ἑαυτοῦ
1470 1967 1785 2021 δυναστείαν

208 2045 481 2115 περιῆψεν
503 2050 531 2099 6
566 2053 857 2121 μονογενὴς
886 2052 980 2106 τοῦ
1013 2052 1147 2107 Θεοῦ
1180 2054 1373 2124 Λόγος,
1400 2056 1474 2119 ὡς
1501 2058 1685 2129 ἕτερος
1709 2061 1785 2113 ὢν

206 2136 338 2207 παρ’
370 2138 529 2191 αὑτὸν
562 2139 740 2204 ίδικῶς
769 2143 798 2194 6
826 2142 947 2207 Υἱός
966 2162 979 2177 ο
1011 2147 1103 2199 καὶ
1130 2146 1161 2216 ἢ
1188 2148 1276 2199 εί⁸
1304 2153 1377 2219 μή
1407 2152 1551 2204 ἐστιν
1575 2150 1781 2221 ἕτερος,

206 2232 299 2282 καὶ
334 2229 541 2299 ἕτερος,
570 2231 683 2284 ἀλλ’
712 2226 792 2296 εἷς
825 2250 884 2286 τε
914 2238 1005 2287 καὶ
1046 2238 1073 2289 6
1116 2239 1298 2305 αὐτὸς,
1335 2243 1426 2293 καὶ
1464 2242 1527 2295 ἐκ
1572 2243 1784 2314 [ἰατρὸς

205 2321 520 2391 μονογενὴς,
552 2324 644 2377 καὶ
674 2327 932 2394 γυναικὸς
962 2327 1243 2398 ἀνθρωπος
1277 2333 1417 2385 κατά
1442 2334 1635 2402 σάρκα,
1666 2336 1782 2399 πῶς

198 2405 268 2483 ἦν
296 2412 588 2469 ἀκόλουθον
618 2416 830 2470 ἑλέσθαι
857 2420 1033 2489 σιγᾷν,
1060 2422 1152 2473 καὶ
1185 2423 1305 2491 οὐχὶ
1327 2424 1390 2492 δὴ
1424 2424 1620 2491 μᾶλλον
1652 2426 1782 2476 άντ-

196 2505 538 2576 αναστῆναιδ
586 2506 748 2560 πάλιν
791 2510 891 2579 τῆς
936 2513 1193 2582 ἀληθείας
1237 2516 1333 2583 τὴν
1383 2514 1608 2583 δύναμιν
1673 2520 1782 2581 τοῖς

198 2597 333 2668 παρ’
374 2596 584 2654 ἐκείνου
640 2598 1049 2672 βατταρισμοτς,
1079 2605 1185 2664 τῶν
1238 2607 1336 2672 τῆς
1384 2606 1663 2669 εὐσεϐείας
1696 2608 1782 2660 δο-

195 2691 426 2760 γμάτων
450 2690 511 2744 τὸ
533 2691 726 2756 κάλλος
756 2709 973 2765 παραση
985 2695 1232 2765 μαίνουσι
1254 2715 1268 2762 ;
1294 2694 1399 2750 Ἦν
1431 2698 1528 2767 μὲν
1552 2695 1643 2750 οὖν
1689 2701 1780 2752 καὶ⁵

194 2777 311 2832 ἐστι
346 2779 477 2844 Θεὸς
503 2784 530 2835 6
566 2782 713 2847 Υίός.
733 2783 949 2856 Ἐπειδὴ
976 2786 1031 2839 δὲ
1062 2785 1205 2853 ἀπαξ
1228 2788 1287 2841 τὸ
1310 2791 1405 2859 τῆς
1430 2789 1781 2861 ἀνθρωπότη-

191 2885 287 2932 τος
335 2872 501 2925 ὑπέδυ
556 2873 773 2944 μέτρον,
813 2877 905 2929 καὶ
954 2878 1095 2930 οὑκε
1146 2880 1451 2952 ἀπόϐλητον
1490 2883 1796 2953 ἐποιήσατο.

191 2959 291 3029 τὴν
321 2963 651 3033 οἰκονομίαν,
687 2967 943 3035 ὑπέμεινε
984 2969 1039 3022 δὲ
1070 2972 1243 3024 πάντα
1281 2973 1366 3025 διὰ
1405 2974 1502 3044 τὴν
1550 2975 1778 3028 κένωσιν

192 3052 475 3108 ἐθελοντὶά
528 3056 596 3110 δι’
626 3059 773 3129 ἡμᾶς
795 3076 807 3088 ·
864 3061 1037 3132 ταύτῃ
1068 3080 1171 3126 τοι,
1230 3064 1409 3117 καίτοι
1449 3066 1586 3118 κατὰ
1618 3066 1777 3133 φύσιν

192 3147 456 3219 ὑπάρχων
485 3146 619 3221 ζωὴ,
652 3151 1030 3216 ζωοποιείσθαι
1062 3154 1275 3222 λέγεται
1324 3156 1474 3227 παρά
1522 3157 1616 3210 τοῦ
1662 3160 1777 3211 Παο

190 3240 351 3311 τρόςο
390 3241 481 3295 καὶ
523 3242 623 3309 τῆς
653 3242 808 3315 δόξης
841 3244 1043 3315 Κύριος
1081 3245 1177 3308 ὢν,
1213 3248 1369 3312 δόξαν
1416 3248 1635 3317 λέγεται
1680 3250 1776 3303 λα-

192 3330 329 3383 6εῖν.
351 3332 493 3401 Ἔφη
523 3331 654 3399 γοῦν
682 3334 711 3385 6
744 3334 987 3405 Ἐϐραῖος
1012 3336 1073 3400 ἐξ
1102 3335 1385 3407 Ἐϐραίων,
1412 3339 1440 3390 6
1463 3338 1777 3410 νομομαθὴς

189 3421 433 3490 ἀληθῶς,
468 3424 561 3477 καὶ
591 3426 655 3476 ἐκ
681 3427 852 3495 φυλῆς
883 3426 1168 3496 Βενιαμίψ
1206 3446 1223 3478 ι
1252 3428 1458 3490 Παῦλος
1481 3430 1776 3495 ἀπόστολος

188 3511 291 3565 οὑκ
325 3513 420 3565 ἀπ’
459 3512 781 3583 ἀνθρώπων,
817 3515 935 3567 οὑδὲ
964 3515 1028 3568 δι’
1052 3516 1359 3587 ἀνθρώπου,
1388 3519 1519 3571 ά).λά
1548 3520 1634 3573 διὰ
1670 3521 1775 3591 Ἰη-

190 3604 286 3657 σοῦ
327 3605 372 3657 Χ
387 3605 592 3675 ριστοῦ,
632 3607 726 3659 καὶ
769 3606 903 3660 Θεοῦ
943 3609 1175 3679 Πατρὸς,
1206 3608 1296 3662 τοῦ
1328 3612 1639 3681 ἐγείραντος
1678 3614 1777 3666 αὑ-

185 3695 278 3747 τὸν
306 3697 375 3748 ἐκ
412 3696 639 3767 νεκρῶν,
669 3696 762 3749 καὶ⁵
790 3696 944 3761 δόξαν
975 3698 1122 3769 αὑτῴ
1150 3699 1349 3762 δόντος.
1388 3719 1405 3751 ι
1446 3701 1605 3754 Ἀλλά
1652 3703 1773 3756 καί·

184 3801 269 3838 τοι
314 3785 609 3855 λεγόμενος
660 3785 813 3852 δόξαν
852 3786 1035 3841 λαϐεῖν
1083 3788 1234 3859 παρὰ
1279 3789 1371 3842 τοῦ
1424 3790 1654 3860 Πατρὸς,
1689 3792 1771 3844 διο

184 3876 418 3947 ήκοντος
463 3876 557 3930 τοῦ
605 3878 930 3951 πράγματος
985 3880 1077 3932 ἐπὶ
1125 3880 1184 3933 τὸ
1228 3880 1325 3951 τῆς
1351 3882 1771 3953 ἀνθρωπότητος

186 3967 409 4039 μέτρον,
436 3964 578 4023 οἶδεν
610 3972 798 4024 ἐαυτὸν
848 3972 1058 4041 ἔχοντα,
1090 3971 1225 4025 καθὸ
1271 3975 1473 4027 νοεῖται
1525 3975 1614 4027 καὶ
1656 3974 1771 4029 ἐστι

182 4060 342 4124 Θεὸς,
386 4060 448 4113 τὸ
495 4062 635 4129 ὑπὲρ
686 4063 860 4116 κτίσιν
907 4064 1294 4136 damianqu
1338 4065 1498 4133 γοῦν·
1538 4084 1555 4117 ι
1588 4068 1769 4120 Πάντα

184 4169 276 4222 μοι
311 4152 583 4224 παρεδόθη
613 4153 764 4224 παρά
787 4154 881 4207 τοῦ
912 4156 1123 4227 Πατρός
1159 4172 1260 4225 μου
1280 4173 1293 4187 ·
1324 4159 1417 4210 κα)⁸
1448 4156 1625 4220 οὐδεὶς
1650 4161 1770 4211 ἐπι-

179 4242 448 4311 γινώσκει
480 4244 564 4308 τις
594 4248 741 4299 ἐστιν
768 4249 796 4300 6
826 4246 971 4311 Υἱὸς,
1019 4248 1067 4299 ει
1112 4248 1189 4319 μὴ
1218 4251 1246 4302 6
1276 4250 1465 4320 Πατήρ
1488 4268 1500 4279 ο
1534 4252 1653 4305 οὑδέ
1679 4253 1769 4305 τὸν

179 4336 407 4407 Πατέρα
438 4354 522 4401 τις
551 4339 905 4408 ἐπιγινώσκει
935 4340 1015 4404 τίς
1054 4342 1223 4403 ἐστιν,
1254 4344 1303 4395 si
1333 4344 1405 4414 μὴ
1440 4346 1468 4397 6
1491 4344 1636 4408 Υίὸς,
1671 4346 1767 4398 καὶ

176 4419 223 4494 ᾧ
268 4427 339 4481 ἂν
368 4430 397 4480 6
426 4428 552 4492 Υίὸς
596 4430 940 4503 ἀποκαλύψῃ.
975 4451 992 4483 i
1030 4433 1167 4486 Ἀλλ’
1197 4432 1325 4497 ἴσως
1376 4438 1490 4505 ἐρεῖ
1530 4454 1614 4498 τις
1657 4437 1765 4490 τῶν

1887 1967 2239 2037 intelligatur,
2268 1970 2353 2023 cui
2379 1984 2530 2023 suam
2564 1969 2863 2037 potentiam
2896 1967 3224 2037 applicuerit
3278 1965 3471 2036 unige-

1886 2059 2058 2113 nitum
2081 2059 2171 2113 Dei
2192 2058 2453 2125 Verbum,
2499 2062 2655 2129 quasi
2703 2061 2937 2115 seorsim
2994 2059 3245 2112 diversus
3276 2060 3349 2112 sit
3403 2058 3472 2110 ah

1886 2151 2003 2219 ipso
2030 2149 2236 2217 Filius;
2267 2150 2470 2207 velnisi
2505 2151 2578 2205 sit
2606 2151 2746 2205 alius
2773 2160 2827 2204 et
2885 2151 3046 2213 alios,
3092 2149 3187 2203 sed
3231 2161 3371 2202 unus
3417 2155 3473 2202 et

1887 2238 2027 2292 idem
2058 2247 2112 2291 et
2131 2254 2198 2293 ex
2238 2238 2396 2294 Patre
2421 2241 2753 2308 unigenitus,
2784 2248 2838 2293 et
2871 2254 2937 2293 ex
2974 2248 3145 2292 matre
3198 2238 3360 2292 homo
3384 2252 3473 2292 se-

1882 2328 2387 2393 cundnmcarnem,
2423 2330 2694 2398 quomodo
2733 2330 2930 2383 silendi
2982 2329 3133 2383 locus
3189 2337 3359 2394 esset,
3411 2338 3469 2381 et

1884 2436 1988 2473 non
2020 2420 2189 2488 magis
2217 2421 2461 2475 veritatis
2484 2421 2724 2490 potentia
2758 2421 2906 2475 illius
2939 2420 3095 2489 nugis
3120 2419 3467 2488 Opponenda,

1884 2510 2101 2577 pulchra
2128 2509 2346 2578 pietatis
2399 2512 2653 2579 dogmata
2720 2511 3235 2577 corrumpentibus‘l
3284 2508 3471 2579 Itaque

1884 2601 2233 2669 eratquidem
2270 2615 2324 2656 et
2348 2611 2430 2656 est
2462 2603 2601 2656 Deus
2626 2603 2740 2671 ipse
2785 2601 2945 2672 I73
2981 2600 3171 2655 Filius.
3201 2600 3467 2667 Quoniam

1882 2702 2059 2746 autem
2090 2692 2253 2747 semel
2281 2692 2446 2747 subiit
2482 2694 2833 2747 humanitatis
2881 2708 3217 2755 mensuram,
3246 2700 3301 2745 et
3355 2691 3471 2747 dis-

1882 2782 2248 2848 pensationem
2303 2782 2443 2837 liautl
2475 2781 2829 2851 rejieiendam
2881 2781 3119 2847 censuit,
3173 2781 3242 2834 ob
3282 2780 3472 2834 exina-

1881 2873 2139 2927 nitionem
2172 2880 2353 2927 antem
2379 2873 2639 2927 sustinuit
2703 2874 2888 2927 omnia
2942 2872 3252 2927 voluntarie
3284 2873 3466 2926 nostri

1879 2980 2041 3021 causa
2069 2965 2113 2997 ⁸⁸
2140 2981 2153 3017 :
2181 2975 2468 3035 eapropter
2496 3004 2511 3030 ,
2555 2966 2803 3035 quamvis
2853 2967 2926 3019 sit
2984 2965 3284 3020 secundum
3311 2976 3470 3019 natu-

1880 3072 1994 3110 ram
2027 3058 2160 3119 vita,
2198 3058 2464 3111 viviﬁcari
2489 3057 2688 3111 dicitur
2720 3072 2747 3109 a
2780 3056 2982 3111 Patre:
3020 3066 3218 3111 etcum
3248 3058 3323 3110 sit
3354 3058 3469 3125 glo-

1882 3148 1973 3201 ria:
2009 3147 2270 3203 Dominus
2293 3148 2362 3211 ⁸⁹,
2384 3148 2582 3202 dicitur
2605 3148 2834 3218 gloriam
2862 3148 3158 3217 accepisse.
3202 3147 3338 3201 Hinc
3362 3147 3469 3201 He-

1884 3240 2059 3292 braens
2081 3254 2144 3293 ex
2182 3237 2444 3306 Hebraeis,
2470 3253 2597 3292 vere
2628 3238 2823 3293 doctus
2862 3240 2915 3293 in
2944 3240 3080 3309 lege,
3110 3246 3164 3293 et
3222 3253 3289 3292 ex
3320 3238 3465 3292 tribu

1879 3330 2185 3399 Benjamin,
2214 3330 2429 3386 diccbat
2466 3348 2479 3385 :
2519 3349 2536 3380 ε
2574 3330 2773 3385 Paulus
2799 3332 3083 3399 apostolus
3114 3345 3222 3384 non
3261 3331 3327 3383 ab
3364 3330 3464 3384 ho-

1878 3423 2137 3488 minibus,
2175 3437 2348 3493 neque
2371 3437 2466 3491 per
2499 3421 2797 3485 hominem,
2833 3420 2931 3476 sed
2959 3436 3053 3490 per
3092 3420 3278 3474 .lesum
3307 3420 3467 3476 Chri-

1878 3523 2042 3577 stum,
2076 3525 2127 3566 εει
2162 3513 2325 3566 Deum
2354 3511 2592 3577 Patrem,
2626 3512 2716 3581 qui
2747 3512 3033 3565 suscitavit
3075 3526 3200 3566 eum
3251 3526 3280 3565 a
3318 3528 3465 3566 mor-

1878 3608 2079 3671 tuis",
2112 3616 2166 3660 et
2200 3606 2425 3675 gloriam
2448 3605 2523 3659 illi
2560 3604 2710 3658 dedit
2739 3605 2841 3657 “.i
2876 3603 3074 3656 Verum
3102 3603 3350 3672 quamvis
3383 3603 3465 3657 di-

1874 3711 2030 3755 catur
2057 3699 2287 3768 gloriam
2348 3697 2624 3766 accepisse
2676 3710 2705 3749 a
2764 3693 2944 3758 Patre,
2996 3710 3119 3748 cum
3171 3708 3231 3747 ea
3268 3710 3354 3748 res
3395 3693 3465 3749 ad

1876 3790 2225 3843 humanitatis
2261 3804 2568 3844 mensuram
2599 3787 2906 3857 perveniat,
2945 3787 3094 3840 novit
3149 3797 3329 3840 tamen
3383 3798 3465 3840 se-

1872 3878 2047 3947 ipsum
2110 3880 2310 3932 habere
2337 3877 2652 3945 dignitatem
2695 3877 2834 3929 ultra
2888 3886 3221 3938 creaturam,
3260 3889 3461 3929 secun-

1871 3970 1995 4024 dum
2030 3970 2173 4038 quod
2211 3968 2522 4038 intelligitur
2555 3978 2610 4023 et
2642 3978 2724 4021 est
2754 3966 2916 4023 Deus.
2948 3966 3181 4021 Proinde
3208 3967 3458 4022 dicebat:

1876 4080 1895 4113 ε
1925 4062 2119 4117 Omnia
2161 4062 2290 4114 mihi
2321 4060 2521 4115 tradita
2556 4069 2683 4113 sunt
2714 4077 2742 4113 a
2804 4058 2961 4112 Patre
2995 4074 3153 4114 meo:
3186 4067 3243 4113 et
3300 4072 3461 4114 nemo

1870 4151 2146 4217 cognoscit
2172 4153 2293 4220 quis
2322 4150 2394 4205 sit
2427 4148 2622 4213 Filius,
2652 4149 2755 4202 nisi
2804 4146 2968 4201 Pater
2995 4165 3009 4214 ;
3039 4163 3215 4218 neque
3241 4146 3457 4203 Patrem

1868 4247 1989 4313 quis
2012 4245 2253 4314 agnoscit
2281 4244 2404 4313 quis
2439 4243 2528 4307 sit,
2562 4241 2665 4295 nisi
2700 4240 2889 4302 Filius,
2930 4251 2982 4293 et
3033 4240 3117 4293 cui
3146 4238 3316 4293 Filius
3360 4254 3451 4293 re-

1868 4336 2129 4390 velaverit
2164 4337 2256 4392 "'.
2301 4354 2318 4385 ι
2356 4333 2607 4389 Fortasse
2641 4332 2911 4400 quispiam
2949 4331 3338 4385 studiosiorum
3370 4332 3456 4385 in-

1867 4428 2204 4497 terrogabit:
2260 4426 2315 4481 Si
2369 4427 2548 4481 omnia
2611 4425 2705 4478 tibi
2752 4424 2950 4478 tradita
3005 4432 3137 4476 sunt
3193 4437 3221 4475 a
3262 4422 3447 4489 Patre,

180 4518 659 4591 φιλομαθεστέρων
680 4537 693 4552 ·
745 4522 805 4574 Ei
853 4523 1031 4577 πάντα
1062 4540 1143 4576 σοι
1174 4525 1443 4596 παρεδόθη
1492 4527 1644 4598 παρὰ
1673 4526 1765 4581 τοῦ

1880 4520 2023 4589 quasi
2084 4519 2131 4573 ei
2169 4520 2257 4588 qui
2295 4518 2466 4588 gloria
2505 4516 2831 4585 indigneris,
2867 4526 2922 4570 et
2975 4514 3228 4569 debueris
3255 4516 3456 4569 habere

177 4609 419 4682 Πατρδς,
443 4611 517 4675 ὡς
539 4612 693 4684 δόξης
722 4613 1045 4685 δεδεημένῳ,
1074 4616 1168 4668 καί
1195 4616 1342 4669 δοτὸν
1368 4618 1509 4687 ἔχειν
1527 4618 1766 4687 ὀφείλον-

174 4719 230 4755 τι
268 4703 333 4756 τὸ
362 4703 503 4757 κατά
533 4704 788 4757 πάντωνε
819 4707 1018 4777 κράτος
1047 4707 1132 4761 διὰ
1154 4708 1215 4761 τὸ
1239 4708 1576 4780 ἀνθρώπινον
1595 4727 1609 4741 ·
1646 4711 1763 4774 πῶς

176 4792 473 4862 ἀνέφικτον
496 4795 615 4855 ταῖς
659 4793 960 4865 ἀνθρώπων
992 4796 1251 4860 διανοίαις
1283 4792 1421 4849 εἶναι
1452 4797 1560 4865 φὴς
1594 4797 1654 4848 τὸ
1686 4797 1763 4848 εἰ·

174 4884 328 4938 δέναι
378 4900 459 4947 σε,
487 4884 735 4954 καθάπερ
786 4886 979 4954 ἀμέλει
1025 4888 1117 4940 καὶ
1157 4887 1247 4940 τὸν
1293 4887 1543 4958 Πατέρα;
1602 4887 1762 4941 Ἀλλά

175 4975 289 5040 ναὶ,
334 4976 523 5045 φησὶν,
548 4976 607 5029 οὑ
648 4977 807 5047 μέχρι
858 4976 965 5029 τῶν
1011 4978 1359 5049 όρωμένωνὴ
1395 4979 1479 5030 ἐπ’
1514 4979 1636 5047 ἐμοὶ
1664 4996 1759 5031 συ-

177 5066 464 5121 στέλλεται
501 5066 718 5135 γνῶσις.
750 5069 880 5137 Εἰμὶ
928 5069 1035 5140 γὰρ
1084 5068 1214 5132 Θεὸς
1249 5071 1306 5121 ἐν
1340 5070 1502 5136 σαρκὶ
1549 5070 1640 5122 καὶ
1672 5068 1758 5122 αἴ-

179 5177 335 5229 ματι,
372 5159 510 5213 κατά
564 5159 663 5230 μὲν
712 5162 810 5229 τὴν
846 5161 1021 5231 σάρκα
1063 5162 1481 5231 γινωσκόμενος,
1518 5161 1657 5214 κατά
1702 5162 1758 5213 δὲ

176 5252 275 5323 τὴν
303 5251 560 5322 θεότητος
601 5251 760 5321 φύσιν
788 5270 847 5307 τε
875 5255 969 5307 καὶ
998 5253 1157 5317 δόξαν
1187 5253 1483 5323 ίσομέτρως
1514 5253 1649 5321 ἔχων
1682 5251 1758 5321 τῷ

1867 4612 2051 4666 datum
2084 4611 2371 4680 imperium
2408 4611 2461 4664 in
2490 4626 2681 4664 omnes
2748 4618 2980 4677 propter
3014 4606 3450 4669 humanitatem;

1864 4703 2134 4772 quomodo
2162 4704 2411 4756 humanis
2438 4702 2710 4755 mentibus
2749 4698 3087 4770 impossibile
3148 4713 3271 4751 esse
3315 4697 3451 4751 dicis

1864 4794 2005 4849 scire
2031 4804 2099 4857 te,
2130 4794 2583 4861 quemadmodum
2641 4793 2783 4847 scire
2838 4801 2889 4845 et
2956 4790 3213 4843 Patrem?
3265 4787 3446 4855 Certe,

1865 4885 2056 4955 inquit,
2086 4886 2187 4939 mei
2214 4884 2452 4953 cognitio
2484 4900 2591 4938 non
2628 4898 2800 4953 usque
2835 4883 2901 4935 ad
2963 4881 3235 4935 visibilem
3285 4890 3448 4934 natu-

1868 4994 1980 5032 ram
2002 4987 2332 5034 coarctatur.
2366 4975 2501 5030 Nam
2524 4977 2663 5030 Dens
2687 4991 2804 5029 sum
2827 4975 2876 5028 in
2902 4990 3065 5028 carne
3089 4982 3142 5027 et
3159 4973 3443 5041 sanguine,

1865 5080 1919 5125 et
1948 5071 2244 5125 secundum
2274 5084 2493 5123 carnem
2523 5070 2739 5138 quidem
2765 5081 3094 5134 cognoscor,
3140 5065 3441 5120 secundum

1867 5170 2112 5213 naturam
2144 5170 2323 5214 autem
2355 5159 2653 5229 etgloriam
2691 5158 3297 5227 divinitatis,aequalem
3320 5172 3441 5211 cum

1868 5253 1975 5306 Deo
1999 5262 2051 5306 et
2080 5252 2238 5306 Patre
2277 5267 2583 5307 mensuram
2620 5252 2813 5315 habeo,
2850 5252 3092 5306 omnium
3135 5258 3370 5305 mentem
3388 5260 3441 5304 et

232 5409 281 5438 ν·
320 5406 510 5460 Mulli.
558 5424 628 5471 Iv,
660 5410 692 5462 4
727 5426 879 5478 seqq.
950 5409 994 5441 ”
1018 5407 1172 5463 Joan.
1212 5424 1283 5461 ιτ.
1322 5407 1339 5460 l
1374 5423 1524 5475 seqq.
1596 5408 1639 5438 ⁸⁶
1670 5405 1777 5458 .lnal

1880 5409 1992 5478 uti
2028 5421 2183 5477 seqq.
2256 5408 2298 5478 37
2330 5407 2514 5461 Matth.
2555 5422 2663 5469 xiv,
2695 5405 2763 5458 26
2790 5422 2941 5477 seqq.
3009 5404 3055 5435 ⁸⁸
3086 5402 3314 5473 Philipp.
3353 5417 3437 5472 tu,

176 5479 297 5532 5-7.

376 5479 419 5506 ’"
448 5478 465 5531 l
492 5480 619 5534 Cor.
657 5476 815 5544 ",8.‘
846 5476 912 5511 ὀ
937 5480 1110 5534 Galat.
1140 5496 1177 5545 t,
1216 5480 1261 5532 Ι.
1295 5480 1335 5510 ’ί
1370 5478 1383 5530 l
1418 5478 1556 5532 Petr.
1596 5496 1630 5542 ι,
1656 5479 1743 5532 2|.
1825 5478 1887 5507 "'
1924 5476 2116 5531 Matth.
2150 5476 2209 5542 ll,
2239 5477 2331 5530 Ἦ.

1261 5639 1434 5695 Varia:
1466 5640 1722 5696 lectiones
1751 5654 1813 5694 es
1852 5639 2037 5694 codice
2074 5638 2445 5709 Seguieriano.

220 5810 250 5853 1
281 5799 528 5865 ἀνιστάς,
610 5808 633 5836 ⁸
662 5798 695 5871 ἦ
722 5797 1049 5853 ἀποστόλων.
1094 5810 1117 5839 δ
1156 5796 1335 5861 ἰδικῶς
1362 5797 1506 5861 Υἱός·
1539 5796 1570 5868 ἢ
1606 5798 1673 5851 εὶ.

1753 5796 1779 5836 ιι
1814 5795 2238 5863 ἀνταναστῆσαι.

2320 5805 2341 5833 ο
2376 5793 2571 5867 μέτρον
2601 5794 2719 5853 οὐκ.
2787 5792 3138 5867 ὶέθελοντής.
3185 5808 3208 5835 ο
3236 5798 3429 5857 πάντα.
