4078 6348
591 383 699 440 347

1627 382 1685 439 S.
1713 381 1990 439 CYRlLLI
2045 376 2515 435 ALEXANDRINI
2545 373 2864 431 ARCHIEP.

3748 358 3851 414 548

592 518 898 557 sermonem
937 504 1275 559 transcendo.
1315 504 1544 559 Proinde
1586 505 1856 572 (revertor
1906 503 2048 558 enim
2103 503 2167 557 ad

2284 498 2394 569 Ξ)εῷ
2428 498 2520 552 καὶ
2552 496 2747 566 Πατρὶ,
2781 495 2874 548 καὶ
2903 492 2994 545 νοῦ
3059 489 3153 543 καὶ
3181 487 3339 556 λόγου
3368 483 3570 547 παντὸς
3600 480 3853 534 ἐπέκεινα

595 595 887 661 propositae
918 594 989 647 rei
1019 595 1368 664 sententiam)
1400 608 1575 662 neque
1619 592 1950 661 apostolicae
2009 605 2171 643 voces

596 683 852 751 tollimus,
915 687 1098 740 absit!
1167 702 1340 756 neque
1385 688 1506 740 dum
1556 685 1659 738 alia
1721 685 1964 754 quazdam
1999 683 2176 736 minus

593 787 957 831 consentanea
991 779 1304 842 sentientes,
1345 779 1425 831 vel
1460 779 1763 846 loquentes,
1785 774 2174 830 incarnationis

595 871 898 925 rationibus
965 872 1338 924 adversamur.
1401 869 1690 938 Sequimur
1731 880 1911 922 autem
1979 869 2175 933 ubique

593 975 781 1015 saeras
813 961 1205 1029 Scripturas.et
1237 964 1611 1032 theologorum
1649 962 1871 1016 vocibus
1902 974 2172 1014 summum

589 1053 677 1122 jus
695 1057 1082 1117 concedentes,
1111 1057 1428 1110 obsistimus
1460 1057 1591 1111 solis
1621 1057 1760 1121 istis,
1781 1057 1868 1124 qui
1900 1065 2044 1108 recta
2075 1053 2175 1108 Ec-

593 1145 778 1199 clesiae
819 1147 1068 1215 dogmata
1117 1158 1450 1216 pervertunt.
1483 1149 1633 1214 Quod
1678 1159 1856 1201 autem
1898 1147 2059 1200 Pater
2108 1161 2174 1198 ex

595 1237 824 1290 mortuis
849 1237 1205 1292 resuscitasse
1227 1240 1516 1293 Dominum
1541 1249 1784 1294 nostrum
1805 1238 1986 1293 Jesum
2013 1238 2164 1292 Chri-

593 1338 733 1380 stum
775 1330 995 1392 dicitur,
1032 1345 1095 1384 eo
1125 1346 1290 1398 opere
1316 1331 1521 1385 scilicet
1568 1333 1716 1386 circa
1777 1331 1895 1401 ejus
1949 1345 2171 1384 carnem

593 1419 810 1487 elTecto,
835 1438 992 1477 nemo
1019 1432 1102 1477 est
1134 1423 1225 1493 qui
1264 1423 1526 1494 ambigat.
1552 1423 1670 1494 Ipse
1704 1431 1909 1484 autem.
1940 1439 2060 1476 cum
2103 1424 2177 1475 sit

594 1514 724 1576 vita,
747 1522 800 1567 et
838 1515 1158 1580 vivificator,
1183 1524 1237 1569 et
1264 1519 1570 1584 operatoria
1595 1520 1774 1571 virtus
1804 1516 2173 1578 Patris,suum

593 1603 908 1660 viviﬁcabat
945 1607 1224 1675 templum,
1250 1607 1404 1677 juxta
1431 1610 1558 1663 illud
1586 1628 1600 1664 :
1646 1629 1663 1661 ι
1693 1609 1897 1664 Solvite
1921 1609 2177 1676 templum

594 1696 720 1759 hoc,
752 1708 803 1751 et
828 1697 879 1750 in
907 1699 1078 1754 tribus
1113 1700 1302 1754 diebus
1337 1702 1588 1756 excitabo
1650 1702 1778 1756 illud
1812 1705 1885 1752 θ’.
1928 1721 1946 1753 ι
1987 1701 2176 1771 Itaque

593 1790 737 1858 quod
775 1790 1173 1857 viviﬁcabatur,
1209 1810 1316 1848 non
1348 1805 1463 1848 erat
1496 1795 1753 1857 alienum,
1792 1810 1966 1864 neque
2007 1794 2177 1847 alicu-

2276 589 2504 660 τρέχων.
2539 587 2747 641 Οὐκοῦν
2779 583 3093 654 (ἀνθέξομαι
3128 581 3235 651 γὰρ
3277 579 3378 647 τῆς
3408 575 3517 628 τῶν
3557 571 3852 642 προκειμέο

2276 699 2382 735 νων
2415 678 2642 749 ἐννοίας)
2677 677 2798 730 οὔτε
2853 677 2950 739 τὰς
2997 672 3358 732 ἁποστολικάς
3388 666 3716 737 ἀναιροῦμεν
3744 682 3851 733 ιρω⁸

2277 774 2391 835 νὰς,
2425 772 2498 844 μὴ
2526 773 2754 839 γένοιτο,
2782 768 2904 822 οὗτε
2937 767 3040 839 μὴν
3073 767 3235 837 ἕτερα
3270 766 3404 818 ἄττα
3443 760 3593 831 παρὰ
3615 760 3676 812 τὸ
3711 757 3853 819 εἰκὸς

2277 865 2308 935 ἢ
2351 862 2695 934 φρονοῦντες,
2731 861 2763 931 ἣ
2797 860 3064 929 λέγοντες,
3097 860 3209 920 τοῖς
3251 859 3348 926 τῆς
3391 852 3854 922 ὲνανθρωπήσεως

2276 953 2714 1024 ἁντιπράττομεν
2759 951 2970 1017 λόγοις·
3019 949 3273 1018 ἑπόμενοι
3317 946 3374 998 δὲ
3422 938 3693 1010 πανταχοῦ
3745 941 3856 998 τοῖς

2281 1045 2446 1114 ἱεροῖς
2478 1044 2791 1112 Γράμμασι,
2821 1045 2915 1094 καὶ
2953 1044 3070 1104 ταῖς
3111 1040 3218 1092 τῶν
3257 1038 3532 1108 θεηγόρων
3563 1035 3768 1102 φωναῖς
3797 1031 3857 1080 τὸ

2279 1135 2476 1210 χρῆναι
2523 1137 2745 1202 κρατεῖν
2788 1134 3175 1203 ἀπονέμοντες,
3211 1124 3646 1190 ἀντανιστάμεθα
3677 1124 3858 1193 μόνοις

2276 1231 2388 1289 τοῖς
2420 1225 2488 1279 τὰ
2516 1225 2650 1297 όρθά
2673 1228 2771 1296 τῆς
2802 1224 3123 1295 Ἐκκλησίας
3151 1223 3396 1291 δόγματα
3419 1218 3855 1287 διαστρέφουσιν.

2280 1319 2400 1371 ’Ότι
2431 1319 2485 1370 δὲ
2533 1320 2561 1370 ό
2607 1319 2795 1386 Πατὴρ
2830 1319 2892 1370 ἐκ
2938 1317 3148 1387 νεκρῶν
3190 1313 3490 1383 ἀναστῆσαι
3524 1309 3613 1362 τὸν
3653 1307 3858 1378 Κύριον

2278 1410 2434 1481 ἡμῶν
2471 1409 2676 1480 Ἰησοῦν
2703 1409 2937 1480 Χριστὸν
2982 1407 3222 1475 λέγεται,
3259 1402 3648 1474 ὲνεργουμένου
3675 1398 3858 1468 δηλον-

2277 1503 2359 1554 ότι
2400 1503 2525 1570 περὶ
2555 1503 2654 1571 τὴν
2688 1503 2868 1572 σάρκα
2911 1498 3076 1554 αὐτοῦ
3123 1499 3216 1550 τοῦ
3268 1498 3614 1568 πράγματος,
3645 1494 3747 1545 οὐκ
3793 1493 3860 1544 ἂν

2280 1593 2570 1647 ὲνδοιάσειέ
2604 1609 2705 1655 τις.
2741 1591 2911 1654 Αὐτὸς
2958 1590 3015 1642 δὲ
3051 1589 3310 1658 ὑπάρχων
3365 1589 3396 1657 ή
3429 1585 3563 1656 ζωὴ.
3597 1582 3861 1648 ζωοποιρς

2278 1703 2335 1737 τε
2369 1687 2460 1738 καὶ
2513 1684 2740 1755 ἐνεργὴς
2768 1682 2994 1752 δύναμις
3023 1680 3116 1733 τοῦ
3147 1679 3379 1748 Πατρὸς,
3410 1677 3502 1730 τὸν
3535 1676 3665 1728 ἴδιον
3695 1675 3860 1738 ἐζωο-

2281 1779 2420 1830 ποίει
2455 1777 2608 1829 ναόν⁶
2643 1796 2660 1827 ι
2692 1773 3088 1829 Καταλύσατεί
3137 1774 3227 1826 τὸν
3272 1773 3396 1824 ναὺν
3451 1770 3658 1834 τοῦτον,
3705 1769 3859 1839 φησὶ,

602 1840 627 1858 τ
677 1840 736 1844 -_
1209 1840 1316 1848 ην..
1351 1840 1463 1848 -.-η
1793 1840 1965 1864 -.-.,.--
2007 1840 2145 1847 ,ην-

590 1883 679 1949 jus
714 1883 871 1953 177
901 1899 962 1938 ex
994 1885 1302 1940 hominibus
1370 1887 1526 1941 nobis
1570 1887 1857 1951 similibus,
1908 1888 2002 1940 sed
2048 1902 2172 1950 pro-

2284 1870 2374 1920 καὶ
2407 1870 2462 1919 ὲν
2489 1867 2669 1937 τρισὶν
2700 1867 2935 1938 ἡμέραις
2965 1864 3138 1935 ἐγερῶ
3177 1864 3357 1916 αὐτόν.
3393 1840 3527 1919 »Ἷιν
3552 1855 3643 1913 οὖν
3667 1858 3778 1930 ἀρα
3800 1858 3863 1911 τὸ

594 1974 771 2044 prium
803 1976 970 2047 ipsius
994 1975 1157 2032 Verbi
1186 1992 1401 2047 corpus.

967 2293 1623 2354 ANATHEMATISMUS
1663 2292 1801 2347 Vl".

670 2410 726 2464 Si
758 2409 879 2480 quis
912 2411 1092 2464 dicere
1125 2410 1288 2463 audet
1343 2406 1622 2461 hominem
1687 2413 2026 2470 assmnptum
2071 2417 2176 2454 una

593 2517 716 2556 cum
759 2503 850 2556 Dei
889 2501 1071 2557 Verbo
1094 2498 1452 2562 adorandum,
1505 2506 1560 2552 et
1624 2494 2174 2564 cenglorilicandum,

594 2602 646 2649 et
672 2595 860 2660 Deum,
893 2604 1146 2663 tanquam
1182 2592 1411 2647 alterum
1441 2604 1566 2644 cum
1587 2588 1758 2642 altero
1788 2587 2178 2641 connominan-

593 2685 722 2739 dum
757 2700 879 2739 esse
905 2684 1069 2755 (hunc
1099 2684 1243 2739 enim
1286 2680 1622 2736 intellectum
1681 2677 1966 2747 particula,
2028 2690 2173 2738 cum,

593 2775 828 2844 adjecta,
855 2784 1116 2844 perpetuo
1144 2789 1208 2828 ac
1232 2772 1540 2828 necessario
1572 2769 1751 2839 affert)
1779 2778 1832 2822 et
1860 2783 1964 2822 non
1999 2768 2176 2836 potius

596 2885 702 2922 una
750 2870 1067 2923 adoratione
1109 2866 1519 2921 Emmanuelem
1573 2865 1833 2928 honorat,
1900 2875 2178 2929 unamque

597 2954 675 3008 illi
735 2954 1187 3024 gloriﬁcationem
1263 2953 1534 3016 attribuit,
1605 2963 1871 3023 quatenus
1938 2949 2175 3005 Verbum

597 3045 797 3102 factum
832 3056 917 3103 est
944 3063 1113 3113 caro;
1150 3048 1440 3101 anathema
1470 3048 1559 3100 sit.

1056 3157 1411 3212 Orientalium
1448 3157 1725 3226 oppositio.

669 3267 964 3323 Coadorari
1025 3277 1080 3322 et
1114 3267 1537 3335 congloriﬂcari,
1571 3267 1726 3336 quasi
1785 3265 1853 3320 de
1905 3265 2175 3334 personis,

597 3359 683 3415 vel
707 3359 1093 3422 subsistentiis,
1169 3359 1254 3414 vel
1313 3359 1436 3412 ﬁliis
1504 3360 1714 3412 duobus
1773 3372 1878 3410 non
1924 3358 2176 3423 dicimus,

599 3453 752 3522 quasi
808 3452 967 3506 aliter
1016 3451 1108 3504 liat
1153 3451 1401 3506 adoratio
1456 3453 1565 3504 Deo
1628 3448 1841 3513 Verbo,
1896 3459 1948 3504 et
2023 3449 2182 3503 aliter

600 3546 783 3611 carni;
813 3544 906 3600 sed
941 3560 1101 3598 unam
1127 3545 1307 3614 potius
1348 3543 1743 3607 adorationem,
1792 3553 1844 3597 et
1879 3551 2072 3598 czetera
2124 3550 2183 3596 ut

602 3638 698 3692 uni
734 3637 872 3693 Filio
915 3638 1212 3701 offerimus,
1245 3648 1299 3693 et
1342 3639 1514 3707 ipsum
1568 3639 1878 3702 coadorari,
1923 3639 2064 3692 sicut
2129 3645 2185 3689 et

601 3729 717 3796 ipse
748 3729 801 3782 in
827 3729 1005 3798 primo
1034 3739 1180 3785 torno
1210 3730 1362 3785 dicit.
1390 3729 1520 3783 Nam
1572 3730 1821 3798 quamvis
1867 3743 2083 3797 semper
2127 3739 2186 3783 ut

601 3817 840 3873 Verbum
873 3837 995 3875 cum
1019 3821 1183 3878 Patre
1212 3836 1312 3877 suo
1343 3820 1646 3888 eousideat,
1680 3829 1735 3876 et
1764 3836 1828 3875 ex
1872 3821 1989 3888 ipso
2045 3831 2099 3875 et
2131 3823 2182 3874 in

603 3913 720 3983 ipso
748 3913 1044 3970 secundum
1104 3924 1350 3970 naturam
1389 3914 1640 3978 exsistat,
1695 3924 1874 3967 tamen
1933 3913 2187 3968 audiebat

601 4005 766 4059 etiam
812 4021 934 4058 cum
989 4020 1153 4059 carne
1219 4006 1491 4060 exsistens
1541 4005 1864 4058 dicentem:
1903 4023 1921 4056 ι
1961 4002 2101 4058 Sede
2153 4020 2182 4058 a

603 4097 809 4151 dextris
850 4098 1005 4163 meis,
1037 4098 1209 4151 donec
1235 4079 1428 4166 ponant
1466 4098 1716 4152 inimicos
1741 4107 1860 4151 tuos
1889 4095 2182 4152 scabellum

602 4192 798 4258 pedum
824 4201 1040 4244 tit-orum
1058 4191 1125 4244 ".
1172 4210 1191 4241 ι
1219 4190 1298 4244 Ita
1332 4199 1385 4244 et
1409 4191 1623 4245 adorari
1663 4191 1896 4244 dicimus
1933 4191 2106 4256 ipsum
2133 4197 2186 4242 et

606 4298 638 4335 a
671 4283 827 4336 nobis
856 4282 990 4352 ipsis
1037 4292 1088 4337 et
1117 4299 1144 4336 a
1165 4284 1370 4337 sanctis
1405 4283 1632 4352 angelis.
1686 4283 1918 4336 Proinde
1948 4282 2013 4334 ad
2072 4281 2187 4335 lucc

605 4374 874 4437 dicimus,
907 4374 1049 4441 quod
1074 4374 1211 4428 scite
1269 4373 1558 4427 admodum
1615 4373 1872 4443 praacepit
1926 4372 2034 4434 bis,
2095 4371 2185 4440 qui

606 4479 729 4519 cum
751 4478 916 4518 carne
941 4479 1106 4518 unum
1142 4472 1196 4519 et
1222 4464 1468 4518 eumdem
1497 4462 1691 4517 Filium
1719 4464 1947 4518 adorare
1974 4462 2182 4525 volunt,

610 4565 862 4624 tanquam
925 4555 1069 4610 aliud
1122 4557 1376 4626 quiddam
1439 4557 1506 4609 sit
1551 4556 1716 4626 μετὰ,
1770 4570 1934 4626 quam
1982 4556 2102 4618 σὺν,
2131 4555 2178 4608 id

2292 4535 2472 4586 κυνεῖν
2517 4530 2595 4600 τῷ
2647 4531 2673 4582 ὲ

610 4647 751 4714 quod
773 4646 961 4715 etipse
1006 4649 1209 4716 posuit,
1256 4648 1397 4700 sicut
1445 4648 1760 4715 praedictum
1809 4653 1916 4710 est,
1974 4647 2182 4709 dicens,

611 4736 785 4803 ipsum
816 4750 938 4790 cum
966 4751 1134 4791 carne
1150 4737 1505 4800 adorandum,
1529 4754 1732 4808 negans
1766 4749 1946 4792 autem
1980 4737 2181 4791 coado-

611 4830 837 4883 randam
870 4843 992 4882 cum
1020 4827 1302 4883 divinitate
1325 4844 1569 4886 carnem.

1156 5029 1344 5101 Cyr-illi
1380 5031 1633 5101 defensio.

687 5147 868 5202 Mente
918 5146 1280 5202 attentissima
1351 5162 1448 5201 nos
1510 5161 1633 5201 esse
1687 5146 1935 5200 hortatur
1977 5145 2196 5200 divinus

622 5240 840 5302 Paulus,
870 5239 1111 5304 dicens:
1151 5257 1170 5289 ι
1208 5238 1441 5293 Probate
1465 5254 1560 5293 vos
1604 5239 1775 5307 ipsos,
1816 5253 1942 5290 num
1987 5237 2106 5291 sitis
2141 5237 2193 5290 iu

621 5332 813 5389 ﬁde“.
878 5349 897 5383 ι
953 5329 1086 5385 Nam
1127 5346 1280 5385 mens
1319 5332 1578 5397 luunana,
1625 5329 1750 5386 licet
1798 5342 2188 5397 nonnunquam

691 5516 738 5546 "
765 5510 927 5567 Joan.
973 5527 1036 5579 tt,
1068 5513 1150 5569 19.
1229 5513 1274 5544 "
1307 5512 1449 5567 Psal.
1479 5527 1587 5576 etx,
1624 5512 1676 5574 l,
1717 5511 1772 5567 Ξ.

2206 3197 2253 3259 C

2281 1959 2713 2029 ζωοποιούμενον
2758 1959 2856 2010 οὐκ
2907 1957 3208 2026 ἀλλότριον,
3257 1955 3383 2007 οὔτε
3429 1955 3533 2024 μὴν
3586 1952 3705 2015 ἑνὸς
3753 1951 3863 2004 τῶν

2280 2049 2399 2101 καθ’
2439 2050 2585 2118 ἡμᾶς
2634 2045 2967 2117 ἀνθρώπων,
3009 2045 3123 2100 ἀλλ’
3152 2045 3282 2097 ἴδιον
3335 2042 3502 2096 αὑτοῦ
3549 2041 3644 2096 τοῦ
3686 2040 3862 2110 Λόγου

2283 2141 2463 2211 σῶμα.

2717 2269 3311 2323 ΑΝΑΘΕΜΛΤΙΣΜΟΣ
3351 2268 3431 2320 H'.

2351 2387 2419 2440 Εῖ
2461 2404 2545 2450 τις
2593 2386 2768 2456 τολμᾷ
2809 2386 2987 2452 λέγειν
3021 2383 3110 2436 τὸν
3152 2379 3534 2449 ἀναληφθέντα
3579 2376 3868 2448 ἄνθρωπον

2283 2479 2816 2551 συμπροσκυνεῖσθαι
2845 2477 2954 2528 δεῖν
2981 2474 3057 2544 τῷ
3091 2473 3209 2543 Θεῷ
3257 2475 3434 2542 Λόγῳ,
3467 2471 3561 2524 καὶ
3611 2468 3865 2533 συνδοξα-

2279 2549 2488 2636 ζεσθαι,
2525 2572 2620 2624 καὶ
2650 2566 3116 2639 συγχρηματίζειν
3149 2565 3314 2628 Θεὸν,
3360 2549 3434 2625 ὡς
3465 2562 3650 2630 ἕτερον
3694 2559 3867 2630 ἑτέρῳ

2281 2666 2360 2735 (τὸ
2390 2664 2500 2734 γὰρ
2531 2664 2673 2726 σὺν,
2700 2663 2788 2716 ἀεὶ.
2809 2658 3233 2732 προστιθέμενον
3265 2655 3421 2710 τοῦτο
3449 2657 3587 2707 νοεῖν
3614 2652 3863 2718 ἀναγκά-

2281 2754 2384 2826 σει)
2415 2773 2431 2787 ·
2468 2755 2561 2807 καὶ
2595 2754 2714 2822 οὐχὶ
2746 2753 2809 2822 δὴ
2848 2750 3047 2822 μᾶλλον
3082 2749 3177 2817 μιᾷ
3205 2746 3569 2818 προσκυνήσει
3603 2761 3651 2794 τι
3663 2744 3738 2814 μᾷ
3777 2742 3869 2794 τὸν

2293 2845 2678 2916 Ἐμμανουὴλ,
2729 2843 2824 2897 καὶ
2877 2842 3005 2913 μίαν
3055 2838 3203 2909 αὐτῷ
3251 2839 3350 2907 τὴν
3395 2835 3688 2907 ὁμολογίαν
3739 2850 3864 2886 συν-

2280 2937 2505 3001 ἁπτειε,
2544 2934 2679 2989 καθὸ
2709 2934 2897 3002 γέγονε
2938 2927 3076 2999 σὰρξ
3112 2932 3140 2981 ό
3168 2929 3336 2996 Λόγος
3360 2943 3374 2958 ⁸
3417 2926 3665 2996 ἀνάθεμα
3702 2925 3865 2976 ἔστω.

2593 3137 2960 3204 Ἄντίρῤησις
2997 3131 3115 3187 τῶν
3163 3125 3576 3184 Ἀνατολικῶν.

2353 3252 2428 3306 Τὸ
2457 3245 3015 3320 συμπροσκυνεῖσθαι,
3051 3243 3146 3296 καὶ
3175 3236 3614 3304 συνδοξάζεσθαι,
3634 3235 3710 3299 ώς
3736 3251 3868 3305 περ.

2281 3341 2610 3416 προσώπων,
2643 3340 2675 3410 ἦ
2711 3337 3061 3391 ὑποστάσεων
3114 3334 3147 3405 ἢ
3191 3331 3323 3385 υἱῶν
3371 3329 3464 3383 δύο
3500 3329 3562 3382 οὐ
3612 3326 3868 3396 λέγομεν,

2282 3439 2357 3501 ὼς
2404 3438 2470 3507 τῇ
2513 3433 2679 3504 σαρκὶ
2720 3431 2921 3503 ἑτέρως
2976 3427 3398 3499 προσκυνήσεως
3430 3422 3746 3494 γινομένης,
3777 3418 3874 3472 καὶ

2282 3530 2359 3600 τῷ
2387 3526 2506 3598 Θεῴ
2543 3527 2700 3596 Λόγῳ
2731 3523 2963 3594 ἑτέρως’
2993 3520 3128 3574 ἀλλὰ
3160 3518 3362 3590 μᾶλλον
3394 3516 3524 3586 μίαν
3559 3511 3877 3584 προσκύνη-

2286 3637 2389 3682 σιν,
2422 3620 2516 3671 xui.
2542 3618 2608 3670 τὰ
2635 3615 2798 3668 λοιπά
2824 3614 2900 3675 ὡς
2944 3613 3026 3665 ἑνὶ
3083 3609 3198 3680 Υιῷ
3249 3608 3653 3680 προσφέρομεν,
3689 3605 3785 3658 καὶ
3814 3603 3877 3656 τὸ

2287 3707 2847 3784 συμπροσκυνεῖσθαι,
2876 3706 2950 3768 ὡς
2981 3705 3077 3758 καὶ
3103 3702 3264 3765 αὐτὸς
3298 3702 3356 3753 ὲν
3381 3699 3458 3771 τῷ
3492 3697 3695 3770 πρώτῳ
3718 3696 3878 3766 τόμῳ

2289 3806 2458 3874 λέγει.
2502 3803 2696 3857 Καίτοι
2723 3801 2832 3870 γὰρ
2860 3799 2948 3851 ἀεὶ
2979 3795 3314 3867 συνεδρεύων
3338 3793 3414 3856 ὡς
3443 3793 3615 3859 Λόγος
3646 3790 3725 3860 τῷ
3761 3790 3880 3858 ἰδίῳ

2287 3897 2485 3967 Πατρὶ,
2513 3896 2607 3948 καὶ
2649 3893 2709 3956 ἐξ
2733 3889 2899 3945 αὑτοῦ
2928 3905 2986 3942 τε
3021 3888 3116 3941 καὶ
3143 3888 3200 3938 ὲν
3227 3882 3377 3953 αὐτῷ
3400 3881 3543 3937 κατά
3577 3880 3740 3950 φύσιν
3773 3881 3880 3933 ὑπ-

2288 3989 2493 4058 άρχων,
2533 3985 2694 4040 πάλιν
2743 3985 2910 4054 ἤκουε
2954 3979 3240 4050 λέγοντοςὶι
3303 3977 3391 4033 καὶ
3444 3973 3582 4046 μετά
3631 3973 3835 4043 σαρκός
3861 3989 3876 4004 ο

2295 4098 2313 4130 ι
2347 4077 2530 4132 Κάθου
2560 4078 2624 4128 ὲκ
2661 4071 2849 4138 δεξιῶν
2884 4088 3005 4142 μου,
3039 4069 3141 4131 ’ἑως
3175 4067 3238 4120 ἂν
3263 4064 3340 4118 θῶ
3362 4064 3488 4126 τοὺς
3519 4058 3750 4132 ἐχθρούς
3779 4076 3878 4112 σου

2289 4169 2580 4223 ὑποπόδιον
2611 4164 2719 4218 τῶν
2768 4162 2944 4216 ποδῶν
2993 4178 3110 4213 σου.
3150 4178 3168 4208 ι
3233 4155 3390 4210 Οὕτω
3427 4154 3521 4206 καὶ
3552 4154 3884 4223 προσκυνεῖ-

2291 4261 2415 4314 σθαι
2463 4276 2642 4329 φαμεν
2679 4256 2841 4310 αὑτὸν
2891 4253 3027 4324 πρός
3077 4267 3135 4302 τε
3190 4246 3348 4318 ἡμῶν
3389 4243 3591 4306 αὐτῶν,
3622 4243 3719 4296 καὶ
3769 4242 3883 4295 τῶν

2291 4351 2461 4420 ἁγίων
2510 4348 2777 4417 ἀγγέλων.
2813 4343 2958 4414 Πρὸς
3004 4335 3096 4395 οὖν
3147 4336 3323 4391 ταῦτα
3374 4351 3576 4404 φαμεν,
3606 4333 3684 4396 ὼς
3732 4333 3880 4386 πάνυ

2292 4436 2729 4510 ἐπιστημονικῶς
2764 4432 3048 4502 ἐπέσκηψε
3093 4432 3204 4493 τοῖς
3245 4428 3342 4481 σὺν
3380 4429 3443 4496 τῇ
3498 4424 3664 4493 σαρκὶ
3705 4439 3882 4493 προσ-

2678 4529 2727 4581 vi
2789 4526 2884 4580 καὶ
2929 4524 3007 4595 τῷ
3052 4521 3203 4590 αὐτῷ
3236 4518 3353 4590 Υἱῷ
3385 4515 3728 4588 βουλομένοις
3752 4530 3765 4544 ·
3807 4514 3884 4578 ώς

2296 4627 2486 4695 ἑτέρου
2519 4622 2664 4686 τινὸς
2718 4620 2873 4682 ὄντος
2902 4617 3053 4688 παρὰ
3101 4614 3156 4667 τὸ
3199 4613 3340 4675 σὺν,
3371 4610 3466 4664 τοῦ
3507 4606 3696 4677 μετὰ,
3743 4607 3883 4675 ὅπερ

2294 4719 2456 4780 αὐτὸς
2507 4714 2735 4785 ἔθηκεν,
2773 4710 2848 4774 ὡς
2897 4708 3242 4779 προείρηται,
3292 4703 3465 4770 λέγων
3519 4697 3684 4751 αὑτὸν
3743 4696 3886 4767 μετά

2297 4812 2499 4881 σαρκὸς
2524 4811 2632 4863 δεῖν
2661 4803 3100 4877 προσκυνεῖσθαι,
3119 4797 3478 4868 ἀπαγορεύων
3504 4795 3562 4848 δὲ
3593 4810 3885 4865 συμπροσ-

2299 4905 2575 4961 κυνεῖσθαι
2613 4904 2680 4973 τῇ
2709 4900 2941 4969 Θεότητι
2972 4895 3071 4966 τὴν
3110 4893 3310 4962 σάρκα.

2766 5008 3075 5078 Ἀπολογία
3107 5004 3429 5072 Κυρίλλου.

2374 5127 2840 5201 Νουνεχεστάτους
2867 5137 2881 5164 ι
2916 5123 3060 5195 ἡμᾶς
3100 5122 3128 5173 ὁ
3161 5117 3444 5180 θεσπέσιος
3492 5114 3708 5177 Παῦλος
3742 5117 3884 5170 ἀπο-

2303 5228 2502 5296 φαίνει,
2523 5222 2724 5290 λέγων’
2764 5239 2781 5271 ι
2821 5215 3077 5277 Ἑαυτοὺς
3107 5210 3453 5282 δοκιμάζετε,
3481 5208 3527 5260 εἰ
3557 5206 3687 5258 ἐστὲ
3717 5207 3780 5259 ὲν
3814 5207 3885 5279 τῇ

2300 5321 2500 5372 πίστει.
2529 5335 2547 5369 ι
2584 5313 2725 5376 Νοῦς
2762 5311 2858 5382 μὲν
2898 5307 3006 5378 γὰρ
3034 5308 3061 5360 ὁ
3093 5300 3432 5377 ἀνθρώπινος
3462 5297 3565 5352 ὑπὸ
3593 5298 3883 5369 φιλαυτίας

1851 5510 1898 5542 ⁸⁸
1930 5507 1969 5560 ΙΙ
2003 5507 2129 5561 Cor.
2159 5520 2258 5560 xm
2281 5549 2294 5572 ,

1677 5667 1851 5722 Variae
1883 5665 2139 5720 lectiones
2172 5680 2238 5717 ex
2265 5661 2450 5719 codice
2480 5655 2856 5730 Segnieriauo.

702 5828 724 5871 ί
769 5828 908 5884 κατά
934 5830 1027 5896 τὸς
1051 5828 1249 5887 λύσατε
1278 5831 1368 5888 τὸν
1389 5831 1534 5888 ναόν.
1614 5831 1639 5872 ⁸
1669 5829 1917 5894 ἀνάπτει,
1955 5825 1988 5895 ἣ
2019 5823 2355 5894 ἀναπέμπει.
2433 5821 2461 5863 ιι
2491 5817 2736 5889 λέγοντα.
2818 5815 2834 5856 ί
2866 5810 3294 5884 Νοννεχέστατα.
