4078 6348
202 375 305 433 3ι9

813 370 1353 429 APOLOGETICUS
1391 371 1527 429 PRO
1570 372 1659 427 ΧΠ
1699 373 2065 433 CAPITIBUS
2104 374 2389 431 CONTRA
2430 373 2890 432 ORIENTAIES.

3358 371 3463 429 350

203 492 316 546 ἔσθ’
345 493 458 555 ὅτε,
499 490 600 544 κᾶν
643 491 689 543 εί
724 488 829 555 ἔξω
863 492 1081 563 φέροιτο
1109 492 1208 562 τῆς
1244 492 1458 556 εὐθείας
1498 494 1642 559 ὀδοῦ,
1688 494 1773 547 καὶ

1884 506 2107 565 prepter
2153 511 2393 551 amorem
2450 496 2529 551 sui
2569 512 2598 551 a
2647 506 2795 552 recta
2840 495 2921 549 via
2980 494 3309 565 egrediatur,
3345 506 3398 546 et
3428 509 3457 545 τι

200 583 305 636 τῶν
338 584 437 654 τῆς
483 582 741 653 ἀληθείας
771 582 1056 653 δογμάτων
1105 584 1488 653 ἀποφοιτῶσαν
1520 585 1632 654 ἔχοι
1678 586 1777 657 τὴν

199 676 434 747 κίνησιν,
475 674 586 729 τῶν
636 674 780 729 ίδίων
831 676 1051 728 ἐννοιῶν
1106 676 1412 747 καθορίζειν
1456 677 1518 729 τὸ
1569 678 1778 749 ἀπηχὲς

196 771 346 823 ὀκνεί
376 786 498 832 πως
524 768 612 823 ἀεὶ
638 767 733 820 καὶ
760 767 930 821 δέδιεν
950 784 963 797 ·
998 768 1188 821 ἑαυτόν
1220 786 1283 836 γε
1320 769 1425 841 μήν
1468 768 1779 839 ἐπανορθώ-

199 876 352 912 σεται
396 859 493 913 καὶ
527 858 671 929 μάλα
707 858 936 929 ῥᾳδίως,
981 858 1109 921 τοὺς
1158 858 1267 911 τῶν
1299 859 1472 925 ἁγίων
1520 859 1778 928 Πατέρων

197 952 736 1025 πολυπραγμονήσας
787 953 1016 1017 πόνους,
1060 954 1109 1005 οἳ
1140 954 1235 1007 καὶ
1288 955 1376 1007 ἐπ’
1424 954 1676 1025 ὀρθότητι
1719 971 1778 1007 τε

204 1048 291 1101 καὶ
320 1046 575 1118 ἀκριϐείᾳ
610 1046 895 1117 δογμάτων
933 1046 1218 1118 διαϐόητον
1244 1047 1426 1117 ἔχουσι
1464 1047 1614 1119 παρά
1644 1048 1777 1101 πάν-

194 1155 305 1191 των
337 1139 435 1209 τὴν
478 1138 774 1210 εὐφημίαν.
801 1138 935 1192 Τότε
964 1139 1060 1211 τὴν
1088 1141 1295 1193 οἰκείαν
1327 1140 1594 1210 εὐτέχνως
1636 1139 1778 1192 δοκι-

197 1232 362 1300 μάσει
404 1232 613 1285 πίστιν·
650 1231 849 1296 σκοπὸς
899 1234 1007 1302 γὰρ
1056 1232 1225 1286 ἀπασι
1268 1235 1381 1296 τοῖς
1437 1234 1645 1304 ἀρτίοις
1681 1233 1779 1303 τὴν

195 1322 398 1391 φρένα,
436 1325 555 1385 ταῖς
605 1322 829 1375 ἐκείνων
874 1323 1104 1377 ἔπεσθαι
1137 1323 1348 1388 δόξαις·
1378 1324 1461 1376 ὃτι
1501 1323 1595 1377 καὶ
1627 1322 1780 1375 αὐτοὶ

191 1415 293 1483 τῆς
340 1432 397 1467 τε
448 1416 811 1485 ἀποπολικῆς
872 1414 967 1467 καὶ
1011 1415 1372 1485 εὐαγγελικῆς
1427 1414 1780 1484 παραδόσεως

192 1503 285 1557 τὸν
314 1506 510 1558 οἰκεῖον
539 1506 921 1577 ἐμπλήσαντες
951 1505 1097 1570 νοῦν,
1124 1507 1218 1559 καὶ
1245 1506 1353 1559 τῶν
1385 1506 1477 1559 ἐπὶ
1504 1508 1569 1576 τῇ
1600 1504 1779 1557 πίστει

192 1597 367 1665 λόγων
392 1596 406 1647 i
440 1598 617 1671 ὀρθῶς
644 1616 703 1652 τε
734 1600 827 1653 καὶ
852 1602 1167 1671 ἀμωμήτως
1190 1602 1253 1653 ἐκ
1278 1600 1387 1653 τῶν
1411 1600 1571 1671 ἱερῶν
1596 1601 1779 1671 Γραμ-

195 1688 383 1757 μάτων
426 1683 483 1741 εὖ
523 1688 670 1759 μάλα
720 1689 1168 1759 κατωρθωκότες,
1204 1692 1488 1760 φωστῆρες
1536 1686 1679 1760 ἦσαν
1719 1692 1779 1743 ἐν

193 1778 407 1848 κόσμῳ,
436 1778 594 1846 λόγον
611 1778 757 1850 ζωῆς
787 1780 1094 1850 ἐπέχοντες,
1127 1782 1267 1833 κατά
1284 1782 1344 1833 τὸ
1365 1782 1772 1851 γεγραμμένον.

1881 588 2025 644 veris
2055 589 2395 659 dogmatibus
2429 592 2693 652 discedat.
2738 604 2962 644 suarum
3022 598 3203 644 tamen
3258 589 3461 656 cogita-

1882 680 2084 734 tionum
2143 681 2538 736 aheurditatem
2597 692 2836 737 statuere
2900 680 3302 751 quodammodo
3353 695 3459 732 non

1880 771 2061 825 audet.
2097 770 2204 825 Sed
2240 782 2417 827 tamen
2447 774 2679 841 seipsam
2707 772 2862 827 iacile
2884 773 3143 841 corriget,
3173 771 3216 824 si
3244 772 3460 823 labores

1879 872 2118 916 scrutata
2176 862 2339 917 fuerit
2403 874 2714 919 sanctorum
2774 864 3018 924 Patrum,
3065 863 3227 932 178
3265 864 3352 928 qui
3393 864 3460 912 ah

1880 955 2134 1010 omnibus
2193 958 2260 1011 de
2325 960 2652 1013 reetilndine
2687 970 2739 1011 et
2768 958 3095 1013 certitmline
3146 959 3458 1020 dugniatnnt

1882 1048 2247 1111 celebrantur,
2311 1060 2424 1101 tum
2477 1066 2628 1103 suam
2677 1062 2880 1105 rectam
2927 1050 3083 1101 tidem
3136 1047 3458 1113 explorabit.

1881 1140 2082 1195 Omnes
2103 1144 2267 1205 enim,
2298 1144 2495 1211 quibus
2528 1145 2795 1213 integrum
2822 1158 2917 1196 cor
2953 1154 3057 1206 est,
3096 1141 3310 1193 illorum
3336 1155 3462 1192 scn-

1880 1234 2079 1288 tentias
2107 1235 2257 1303 sequi
2313 1237 2651 1288 contendunt
2688 1253 2701 1287 :
2744 1236 2871 1303 quia
2914 1244 2969 1287 et
3020 1232 3117 1301 ipsi
3162 1230 3458 1301 apostolica

1882 1334 1937 1378 et
1965 1324 2274 1395 evangelica
2328 1326 2621 1378 traditione
2653 1341 2805 1379 suam
2842 1334 3079 1377 mentem
3106 1337 3229 1376 cum
3268 1322 3465 1389 impleo

1883 1416 2107 1483 vissent,
2134 1425 2188 1470 et
2215 1431 2280 1470 ex
2309 1417 2480 1470 sacris
2512 1415 2812 1485 Scripturis
2849 1429 3134 1486 sermones
3165 1413 3285 1467 lidei
3316 1423 3463 1468 recte

1886 1516 1940 1560 et
1974 1509 2112 1561 citra
2167 1507 2645 1575 reprehensionem
2686 1512 3041 1568 tractassent,
3080 1502 3265 1556 mundi
3309 1501 3462 1556 luere

1882 1596 2247 1660 lmninariam,
2275 1611 2580 1651 sermonem
2612 1597 2737 1649 vita:
2766 1593 3460 1664 continentes,proutscri-

1880 1693 2027 1756 ptum
2067 1695 2150 1740 est
2180 1688 2247 1740 ".
2280 1684 2465 1754 Itaque
2508 1686 2698 1741 scribit
2731 1697 2947 1739 aeternae
2986 1685 3263 1740 memoriae
3300 1678 3463 1738 Pater

1883 1787 2065 1831 noster
2100 1786 2152 1830 et
2182 1779 2471 1847 episc0pus
2508 1778 2839 1833 Athanasius
2875 1780 2941 1833 de
3000 1777 3173 1832 nostri
3217 1775 3462 1830 omnium

187 1867 396 1937 Γράφει
416 1868 593 1922 τοίνυν
613 1871 640 1921 ό
657 1868 758 1938 τῆς
779 1869 950 1923 ἀϊδίου
996 1871 1213 1941 μνήμης
1237 1871 1263 1909 ι
1287 1869 1474 1941 Πατὴρ
1496 1850 1655 1941 ἡμῶν
1679 1872 1771 1925 καὶ

1882 1867 2163 1923 Salvatore
2208 1867 2426 1923 Christo
2472 1869 2524 1922 in
2568 1869 2723 1922 libris
2759 1870 2823 1922 de
2861 1869 3234 1923 incarnatione
3265 1884 3278 1921 :
3314 1866 3463 1920 Con-

187 1960 493 2025 ἐπίσκοπος
546 1962 865 2026 Ἀθανάσιος
927 1962 1055 2033 περὶ
1091 1961 1185 2015 τοῦ
1232 1962 1448 2016 πάντων
1477 1964 1635 2035 ἡμῶν
1661 1965 1775 2017 Σω-

186 2051 351 2123 τῆρος
377 2054 614 2124 Χριστοῦ
642 2056 701 2108 ἐν
721 2057 834 2121 τοῖς
859 2054 990 2127 περὶ
1019 2056 1120 2127 τῆς
1156 2056 1513 2127 σαρκώσεωςο
1554 2057 1773 2129 Ὁμολο-

185 2143 281 2211 γοῦ
290 2161 393 2214 μεν
422 2145 516 2197 καὶ
541 2141 681 2199 εἷναι
706 2148 868 2201 αὑτὸν
893 2148 1021 2202 Υίὸν
1047 2147 1140 2201 τοῦ
1172 2147 1331 2211 Θεοῦ,
1357 2148 1449 2200 καὶ
1478 2146 1609 2199 Θεὸν
1632 2148 1775 2202 κατά

185 2234 405 2305 πνεῦμα
424 2278 439 2302 ,
481 2237 593 2290 υίὸν
622 2238 914 2309 ἀνθρώπου
944 2239 1084 2293 κατὰ
1113 2239 1313 2309 σάρκα.
1343 2239 1418 2291 Οὐ
1455 2237 1548 2290 δύο
1584 2238 1775 2307 φύσεις

183 2326 273 2379 τὸν
304 2328 402 2381 ἐνα
434 2328 585 2394 Υίὸν,
616 2330 745 2398 μίαν
778 2330 1185 2400 προσκυνητὴν,
1211 2331 1305 2382 καὶ
1337 2329 1466 2399 μίαν
1496 2328 1771 2400 ἀπροσκύ-

183 2436 365 2489 νητον,
394 2418 531 2473 ἀλλά
571 2420 700 2489 μίαν
731 2421 891 2489 φύσιν
915 2420 1009 2473 τοῦ
1042 2420 1178 2473 Θεοῦ
1205 2421 1382 2488 Λόγου
1420 2420 1772 2492 σεσαρκωμέ·

182 2528 303 2579 νην,
332 2512 428 2563 καὶ
456 2512 928 2582 προσκυνούμενον
966 2511 1105 2581 μετά
1128 2513 1225 2583 τῆς
1252 2514 1452 2585 σαρκὸς
1478 2512 1642 2565 αὑτοῦ
1676 2514 1773 2584 μιᾷ

183 2602 595 2672 προσκυνήσει·
627 2603 747 2655 οὐδὲ
787 2602 883 2656 δύο
912 2605 1080 2669 υίοὺς,
1122 2605 1280 2657 ἄλλον
1328 2605 1426 2676 μὲν
1470 2604 1598 2657 Υίὸν
1640 2605 1773 2657 Θεοῦ

182 2691 440 2759 ἀληθινὸν
468 2694 561 2743 καὶ
591 2693 1084 2763 προσκυνούμενον,
1107 2695 1265 2749 ἄλλον
1287 2695 1343 2749 δὲ
1365 2697 1427 2747 ἐκ
1448 2695 1668 2765 Μαρίας
1690 2696 1777 2749 ἄν·

184 2784 407 2851 θρωπον
433 2783 506 2853 μὴ
537 2785 1027 2855 προσκυνούμενον,
1052 2787 1193 2840 κατά
1221 2788 1382 2859 χάριν
1407 2787 1463 2839 δὲ
1491 2788 1616 2841 Υίὸν
1638 2788 1772 2841 Θεοῦ

184 2876 499 2944 γενόμενον,
527 2877 601 2940 ὼς
630 2879 721 2930 καὶ
759 2878 1055 2950 ἄνθρωποι.
1084 2881 1193 2933 Καὶ
1239 2880 1356 2950 μεθ’
1386 2882 1551 2951 ἔτερα
1591 2882 1771 2934 πάλιν·

197 2963 253 3017 Ὀ
296 2966 482 3021 τοίνυν
510 2970 792 3037 γεννηθεὶς
822 2974 886 3025 ἐκ
916 2972 1018 3041 τῆς
1045 2972 1329 3043 Παρθένου
1362 2974 1602 3044 Μαρίας,
1650 2972 1775 3036 Υἱὸς

184 3055 321 3109 Θεοῦ
350 3056 527 3124 φύσει,
548 3060 640 3112 καὶ
656 3060 789 3123 Θεὸς
818 3063 1088 3130 ἀληθινὸς,
1109 3065 1201 3117 καὶ
1228 3065 1289 3116 οὐ
1308 3065 1495 3134 χάριτι
1525 3064 1616 3117 καὶ
1643 3080 1774 3134 μετ·

182 3149 394 3248 ουσίμῖι
425 3151 563 3203 κατά
595 3153 773 3221 σάρκα
806 3154 973 3222 μόνην
999 3154 1098 3225 τὴν
1128 3157 1191 3206 ἐκ
1215 3157 1436 3227 Μαρίας
1466 3157 1771 3226 ἄνθρωπος,
1802 3190 1845 3248 C

183 3241 327 3293 κατά
348 3241 406 3294 δὲ
428 3242 643 3310 πνεῦμα
665 3242 825 3306 αὐτὸς
844 3243 969 3307 Υἱὸς
988 3245 1123 3298 Θεοῦ
1171 3248 1265 3299 καὶ
1285 3248 1417 3310 Θεός
1434 3264 1446 3277 ·
1470 3249 1564 3300 καὶ
1584 3248 1769 3302 πάλιν·

182 3332 246 3385 Et
276 3334 334 3387 δέ
359 3349 445 3394 τις
470 3332 619 3402 παρὰ
649 3332 819 3386 ταῦτα
845 3334 906 3388 ἐκ
933 3335 1041 3389 τῶν
1067 3336 1227 3389 θείων
1256 3338 1488 3409 Γραφῶν
1508 3339 1772 3403 διδάσκει,

184 3422 375 3493 ἓτερον
412 3421 587 3491 λέγων
619 3424 745 3477 Υίὸν
770 3427 863 3478 τοῦ
906 3426 1065 3491 Θεοῦ,
1106 3430 1195 3482 καὶ
1229 3428 1413 3501 ἕτερον
1446 3430 1535 3483 τὸν
1568 3432 1633 3484 ἐκ
1675 3430 1775 3501 τῆς

183 3515 429 3586 Μαρίας,
457 3516 596 3569 κατὰ
623 3518 785 3589 χάριν
806 3519 1188 3589 υίοποιηθέντα
1207 3520 1281 3585 ὡς
1307 3523 1471 3591 ἡμεῖς
1489 3538 1504 3553 ’
1530 3523 1604 3587 ὡς
1634 3518 1774 3577 εἶναι

180 3602 273 3654 δύο
300 3605 471 3667 υἱοὺς,
499 3604 594 3657 ἕνα
620 3607 761 3659 κατὰ
786 3606 946 3676 φύσιν
972 3608 1097 3662 Υίὸν
1124 3608 1280 3673 Θεοῦ,
1310 3612 1403 3664 τὸν
1426 3615 1489 3665 ἐκ
1507 3612 1665 3677 Θεοῦ,
1684 3615 1774 3666 καὶ

181 3694 277 3747 ἕνα
298 3696 443 3748 κατά
472 3698 629 3766 χάριν
653 3698 744 3749 τὸν
770 3701 834 3751 ὲκ
860 3699 1078 3768 Μαρίας
1102 3700 1387 3773 ἄνθρωπον
1403 3716 1417 3731 °
1440 3703 1472 3773 ἢ
1502 3703 1554 3756 εί
1570 3720 1654 3767 τις
1675 3706 1773 3775 τὴν

182 3786 273 3838 τοῦ
306 3788 511 3858 Κυρίου
534 3788 691 3857 ἡμῶν
722 3790 902 3861 σάρκα
926 3789 1130 3844 ἄνωθεν
1154 3791 1323 3860 λέγει,
1352 3793 1445 3846 καὶ
1475 3795 1549 3864 μὴ
1580 3796 1644 3848 ἐκ
1673 3794 1773 3865 τῆς

183 3878 463 3949 Παρθένου
479 3880 696 3949 Μαρίας
713 3898 725 3909 ·
746 3882 778 3952 ἢ
795 3888 1096 3954 τραπεῖσαν
1110 3887 1209 3957 τήν
1228 3887 1454 3958 θεότητα
1471 3889 1549 3949 είς
1570 3888 1768 3959 σάρκα,

181 3968 214 4036 ἢ
258 3970 708 4043 συγχυθεῖσαν,ῆ
743 3973 1149 4041 ἀλλοιωθείσαν,
1190 3977 1224 4047 ἢ
1270 3976 1519 4049 παθητὴν
1546 3976 1644 4048 τὴν
1676 3977 1769 4031 τοῦ

182 4061 389 4130 Κυρίου
438 4062 704 4135 θεότητα·
747 4065 779 4136 ἢ
836 4067 1249 4138 ἀπροσκύνητον
1296 4071 1395 4140 τὴν
1423 4070 1517 4123 τοῦ
1562 4070 1769 4140 Κυρίου

182 4153 336 4221 ἡμῶν
370 4155 549 4225 σάρκα
581 4156 655 4219 ὡς
688 4157 998 4227 ἀνθρώπου,
1030 4162 1126 4214 καὶ
1158 4161 1233 4232 μὴ
1266 4163 1667 4233 προσκυνητὴν,
1694 4163 1770 4225 ὡς

181 4245 384 4312 Κυρίου
440 4246 534 4299 καὶ
554 4246 689 4300 Θεοῦ
710 4249 887 4319 σάρκα
909 4267 920 4277 ·
947 4250 1135 4303 τοῦτον
1158 4252 1543 4321 ἀναθεματίζει
1565 4254 1595 4321 ἡ
1618 4254 1766 4320 ἁγία,

181 4338 273 4387 καὶ
308 4337 572 4410 γαθο).ικὴ
607 4339 904 4411 Ἐκκλησία
927 4383 941 4407 ,
992 4344 1289 4414 πειθομένη
1330 4345 1407 4413 τῷ
1439 4346 1569 4416 θείῳ
1601 4346 1767 4397 Ἀπο-

182 4423 353 4493 στόλῳ
387 4423 632 4493 λέγοντι·
671 4445 687 4476 ι
722 4428 790 4480 Εἴ
826 4448 911 4493 τις
947 4433 1089 4501 ὑμᾶς
1135 4434 1549 4501 εὐαγγελίζεται
1584 4436 1714 4506 παρ’
1740 4436 1768 4488 ὂ

1876 1960 2097 2018 ﬁtentur
2147 1961 2311 2016 etiam
2338 1975 2460 2015 esse
2510 1960 2658 2015 illuni
2705 1959 2900 2014 Filium
2935 1960 3050 2026 Dei,
3079 1969 3133 2013 et
3166 1959 3332 2014 Deum
3374 1974 3462 2011 se-

1876 2056 2110 2111 cundum
2144 2056 2419 2125 spiritum,
2458 2052 2655 2108 Filium
2716 2054 2955 2109 hominis
3009 2055 3302 2107 secundum
3336 2067 3454 2105 car-

1877 2161 2023 2209 nem,
2052 2161 2158 2200 non
2199 2147 2334 2199 duas
2371 2154 2617 2211 naturas,
2657 2161 2822 2199 unum
2860 2144 3055 2199 Filium
3088 2161 3104 2212 ;
3146 2157 3309 2197 unam
3340 2157 3461 2210 qua:

1876 2238 2155 2301 adoretur,
2190 2246 2245 2290 et
2266 2237 2494 2291 alteram
2534 2252 2653 2303 qua:
2680 2251 2783 2289 non
2820 2236 3076 2290 adoretur
3106 2252 3121 2293 :
3164 2234 3259 2289 sed
3297 2249 3459 2287 unam

1876 2339 2128 2383 naturam
2162 2326 2255 2381 Dei
2297 2326 2458 2381 Verbi
2503 2327 2841 2380 incantatam
2872 2336 2927 2381 et
2956 2326 3290 2378 adorandam
3337 2339 3459 2377 cum

1874 2436 2041 2475 carne
2082 2436 2177 2475 sua
2208 2436 2313 2473 una
2346 2420 2695 2473 adoratione:
2720 2433 2895 2487 neque
2932 2420 3066 2472 duos
3100 2417 3460 2484 ﬁlios;alinm

1876 2515 2095 2583 quidem
2150 2511 2347 2566 Filium
2415 2510 2508 2564 Dei
2555 2526 2740 2565 verum
2784 2521 2839 2564 et
2869 2511 3255 2574 adorandum;
3294 2510 3459 2562 alium

1877 2618 2007 2658 vero
2040 2618 2107 2657 ex
2145 2602 2315 2656 Maria
2371 2601 2640 2655 hominem
2676 2616 2779 2653 non
2823 2601 3157 2654 adorandum
3199 2617 3213 2665 ;
3251 2599 3461 2653 scilicet

1876 2695 2171 2749 secundum
2210 2694 2445 2763 gratiam
2488 2692 2686 2746 Filium
2722 2691 2815 2744 Dei
2859 2690 3059 2744 factum
3110 2692 3251 2744 sicut
3274 2700 3329 2744 et
3358 2691 3460 2743 ho-

1880 2788 2051 2839 niines
2092 2785 2219 2855 (1).
2264 2784 2330 2838 Ει
2359 2794 2478 2854 post
2532 2784 2635 2847 alia
2672 2785 2867 2835 iterum
2906 2803 2919 2837 :
2960 2784 3129 2852 Igitur
3178 2784 3268 2851 qui
3299 2792 3459 2836 natus

1877 2892 1947 2932 ex
1984 2876 2210 2947 Virgine
2264 2875 2454 2941 Maria,
2516 2886 2710 2929 natura
2748 2875 2917 2928 Filius
2969 2875 3058 2926 Dei
3095 2882 3201 2935 est,
3237 2882 3291 2927 et
3317 2873 3460 2928 Deus

1878 2985 2058 3034 verus,
2100 2981 2155 3022 et
2209 2985 2312 3023 non
2347 2970 2516 3037 gratia
2570 2978 2621 3021 et
2669 2966 3111 3036 participatione,
3159 2966 3457 3017 secundum

1878 3076 2099 3117 carnem
2134 3062 2304 3116 solam
2335 3076 2398 3112 ex
2419 3060 2587 3113 Maria
2618 3060 2778 3113 homo
2812 3075 2825 3123 ;
2869 3057 3167 3112 secundum
3204 3056 3455 3125 Spiritum

1879 3163 2083 3218 autem,
2127 3153 2239 3222 ipse
2308 3152 2477 3206 Filius
2533 3152 2621 3219 Dei
2681 3160 2733 3204 et
2785 3153 2944 3203 Deus.
3012 3148 3077 3201 Et
3118 3150 3364 3202 iterum:
3403 3146 3462 3201 Si

1878 3244 2000 3313 quis
2040 3254 2219 3299 autem
2252 3253 2447 3310 praeter
2486 3243 2597 3295 hanc
2624 3256 2687 3294 es
2725 3240 2921 3293 divinis
2960 3239 3257 3307 Scripturis
3280 3241 3463 3304 docet,

1879 3334 2043 3389 alium
2085 3334 2271 3389 dicens
2313 3332 2507 3387 Filium
2538 3332 2655 3395 Dei,
2686 3334 2848 3387 alium
2878 3349 2943 3387 ex
2968 3332 3133 3390 Maria
3166 3334 3462 3386 secundum

1877 3424 2105 3494 gratiam
2149 3422 2317 3476 lilium
2363 3423 2705 3491 adoptatum,
2762 3422 2902 3474 sicut
2946 3435 3065 3483 nos,
3119 3428 3178 3471 ut
3220 3418 3327 3471 sint
3356 3418 3463 3471 duo

1879 3519 1995 3583 ﬁlii,
2030 3532 2169 3571 unus
2220 3516 2514 3571 secundum
2556 3524 2805 3567 naturain
2856 3512 3026 3565 Filius
3086 3512 3201 3572 Dei,
3262 3510 3351 3579 qui
3396 3524 3461 3562 ex

1878 3611 1987 3664 Deo
2011 3627 2026 3673 ;
2054 3620 2107 3662 et
2150 3624 2289 3662 unus
2336 3608 2635 3662 secundum
2670 3606 2925 3674 gratiam,
2954 3606 3114 3658 homo
3147 3619 3215 3658 ex
3253 3604 3461 3656 Maria:

1877 3702 1961 3757 vel
1984 3702 2029 3757 si
2059 3702 2179 3769 quis
2206 3700 2421 3753 Domini
2445 3699 2617 3752 nostri
2653 3714 2873 3752 carnem
2900 3713 3134 3763 superne
3160 3711 3284 3750 esse
3305 3698 3456 3757 dicit,

1875 3805 1930 3850 et
1976 3808 2083 3847 non
2111 3807 2174 3845 ex
2208 3788 2429 3860 Virgine
2481 3787 2687 3853 Maria;
2726 3787 2807 3841 vel
2846 3802 3164 3840 conversam
3204 3786 3461 3837 divinita-

1878 3897 1981 3941 tem
2015 3886 2067 3938 in
2098 3898 2343 3949 carnem,
2381 3892 2469 3936 aut
2504 3880 2809 3944 confusam,
2848 3890 2940 3933 aut
2978 3882 3353 3944 immutatam;
3381 3878 3462 3932 ιρι

1876 3977 2183 4047 passibiletn
2232 3974 2442 4029 Domini
2489 3974 2792 4037 deitatem;
2830 3972 2910 4025 vel
2964 3987 3069 4025 non
3126 3973 3458 4025 adoramlam

1875 4068 2085 4123 Domini
2112 4067 2281 4121 nostri
2316 4080 2561 4131 carnem,
2601 4074 2658 4117 ut
2683 4064 2939 4125 hominis,
2988 4072 3041 4115 et
3068 4077 3172 4115 non
3223 4065 3460 4113 adoran-

1874 4164 1994 4216 dam
2032 4170 2089 4213 ut
2116 4159 2325 4215 Doinini
2358 4167 2411 4212 et
2444 4157 2537 4211 Dei
2585 4172 2808 4212 Carnem
2841 4172 2855 4220 ;
2891 4156 3034 4208 hunc
3089 4153 3457 4207 anathemati-

1873 4261 2171 4307 zatsancta
2229 4258 2285 4305 et
2327 4249 2604 4303 catholica
2665 4245 2909 4301 Ecclesia
2959 4246 3145 4297 divino
3196 4244 3457 4313 Aposmlo

1872 4343 2275 4410 obtemperans,
2328 4340 2420 4408 qui
2462 4340 2593 4393 dicit
2625 4356 2638 4393 :
2682 4357 2701 4390 ι
2754 4336 2810 4391 Si
2847 4337 2969 4406 quis
3002 4336 3155 4389 vobis
3180 4336 3455 4404 evangelio

1872 4437 2074 4490 zaverit
2100 4442 2295 4504 praeter
2316 4433 2392 4499 id,
2411 4432 2553 4501 quod
2582 4430 2899 4499 accepistis,
2926 4429 3215 4481 anathema
3239 4427 3393 4482 sit“.
3431 4446 3450 4479 ι

182 4511 545 4580 παρελὰὅετε,
576 4514 825 4584 ἀνάθεμα
858 4518 1018 4573 ἔστω.
1043 4540 1059 4571 ι
1097 4522 1279 4575 Ταῦτα
1309 4526 1632 4594 φρονοῦντος
1669 4528 1759 4579 καὶ

1876 4528 2024 4597 [Πωο
2063 4542 2183 4581 cum
2209 4526 2292 4578 vir
2325 4525 2413 4580 ille
2445 4522 2683 4579 senserit
2716 4533 2772 4577 et
2799 4522 3083 4591 scripserit
3132 4520 3312 4582 nobis,
3347 4516 3454 4572 Ne-

181 4605 485 4674 γράφοντος
515 4606 531 4643 1
566 4608 695 4677 ἡμῖν
719 4610 814 4663 τοῦ
846 4611 1057 4680 ἀνδρὸς,
1088 4615 1115 4666 ὁ
1140 4617 1204 4684 τῇ
1238 4616 1473 4686 Χριστοῦ
1507 4617 1633 4687 δόξῃ
1664 4636 1761 4669 πο-

179 4697 368 4767 λεμεῖν
411 4700 725 4769 ᾑρημένος,
778 4705 874 4755 καὶ
922 4705 1205 4761 ἀπύλωτον
1258 4710 1344 4761 ἐπ’
1392 4708 1603 4779 αὑτῷιιιι
1662 4710 1760 4781 τὴν

178 4785 436 4853 γλῶσσαν
466 4789 617 4850 ἀνεὶς
661 4790 953 4861 Νεστόριος
975 4835 990 4859 ,
1038 4794 1181 4849 οὕτω
1215 4816 1317 4851 που
1354 4799 1517 4852 πάλιν
1556 4801 1720 4869 φησίν
1745 4818 1757 4830 ·

192 4879 594 4950 Ὀμολογοῦμεν
613 4883 703 4936 τὸν
725 4886 782 4937 ἐν
804 4885 1075 4958 ἀνθρώπῳ
1097 4888 1248 4953 Θεὸν,
1272 4891 1501 4962 σέϐομεν
1550 4897 1613 4963 τῇ
1643 4894 1761 4965 θείᾳ

183 4972 454 5042 συναφείᾳ
481 4971 558 5041 τῷ
590 4971 706 5043 Θεῴ
736 4974 895 5044 Λόγῳ
939 4980 1521 5051 συμπροσκυνςύμενον
1554 4984 1762 5053 ἄνθρω-

183 5080 280 5115 πον
297 5103 311 5116 .
337 5058 464 5135 Ἀρ⁹
489 5064 590 5115 οὐκ
616 5065 864 5136 ἐναργῶς
914 5067 1173 5139 θεοφόρον
1198 5073 1481 5143 ἄνθρωπον
1506 5076 1763 5146 ὀνομάζει

181 5154 439 5225 Χριστὸν,
476 5156 569 5208 καὶ
618 5158 910 5227 συνάφειαν
941 5161 1126 5227 ἁπλῶς
1175 5164 1460 5237 ἀνθρώπου
1505 5168 1637 5239 φησὶ
1668 5184 1761 5236 γε-

250 5316 297 5349 ιι
320 5315 557 5388 Philipp.
600 5317 783 5383 ",15.
858 5318 903 5351 ³·
944 5317 1120 5374 ουιδι.
1157 5336 1195 5386 ι,
1223 5319 1276 5375 9.

1867 4620 2067 4674 storius
2089 4619 2311 4689 gloriam
2332 4617 2534 4673 Christi
2566 4630 2884 4687 oppugnare
2907 4615 3115 4679 volens,
3143 4622 3197 4667 et
3223 4609 3456 4665 elirena-

1870 4721 1976 4765 tam
2018 4711 2257 4782 linguam
2292 4713 2503 4777 laxans,
2533 4728 2751 4766 rursum
2786 4712 2865 4765 sic
2908 4708 3082 4763 dicit:
3119 4704 3456 4762 Conﬁtemur

1869 4805 1921 4859 in
1980 4805 2199 4859 homine
2266 4803 2434 4859 Deum
2476 4824 2490 4872 ;
2535 4804 2697 4876 179
2718 4804 2943 4858 colimus
2996 4801 3178 4855 divina
3222 4796 3452 4863 conjun-

1867 4898 2050 4953 ctione
2083 4899 2191 4951 Deo
2223 4896 2401 4952 Verbo
2451 4897 2856 4951 coadorandum
2903 4889 3233 4960 hominem.)
3263 4887 3455 4942 Nonne

1867 4990 1955 5045 hic
1984 4990 2267 5045 manifeste
2299 4991 2572 5045 hominem
2597 4988 2859 5043 deiferum
2886 4988 3128 5041 nominat
3153 4983 3447 5047 Christum,

1866 5089 1919 5134 et
1952 5078 2388 5146 coniunctionem
2423 5080 2747 5147 simpliciter
2799 5078 2929 5131 dicit
2965 5074 3200 5129 hominis
3245 5072 3447 5125 factam

1868 5186 1990 5226 esse
2014 5187 2133 5226 cum
2164 5171 2295 5237 Deo,
2320 5172 2615 5226 secundum
2645 5169 2771 5223 illud
2814 5167 3086 5233 fortassis,
3126 5165 3266 5236 quod
3306 5173 3388 5218 est
3418 5178 3450 5218 a

1244 5457 1418 5514 Varia:
1453 5460 1716 5513 lectiones
1738 5478 1799 5515 ex
1842 5462 2023 5517 codice
2055 5461 2427 5532 chnieriann.

255 5590 271 5645 ἱ
312 5591 485 5658 ῐσως,
521 5591 612 5645 τὸν
646 5591 738 5645 ἐπὶ
763 5595 829 5664 τῇ
873 5595 1052 5647 πίστει
1085 5593 1259 5661 λόγον.
1338 5596 1361 5634 II
1399 5594 1665 5666 ἀοιδίμου.
1752 5595 1769 5635 ι
1803 5598 2160 5670 γεγραφότος.
2239 5610 2277 5638 πυ
2311 5598 2503 5671 αὑτήν.

252 5748 331 5815 (ι)
374 5748 448 5801 De
478 5747 562 5824 his
593 5748 804 5824 dicendi
837 5748 1009 5805 modis
1040 5748 1177 5819 apud
1238 5747 1425 5806 Patres
1457 5766 1594 5821 saepe
1630 5751 1869 5817 usitatis,
1928 5752 2049 5808 vide
2104 5751 2343 5823 Magistr.
2380 5753 2555 5820 Sent.,
2580 5752 2672 5808 lib.
2697 5768 2781 5820 in,
2809 5753 2933 5809 dist.
2960 5752 3027 5822 5;
3052 5761 3105 5809 et
3134 5751 3191 5807 S.
3218 5751 3388 5810 Thom
3418 5790 3437 5824 ,

190 5832 270 5885 ιιι,
308 5838 358 5889 p.
384 5834 438 5889 q.
476 5818 531 5884 3,
563 5827 663 5873 at‘t.
706 5819 764 5877 9,
