4078 6348
602 389 706 449 351

1610 387 1674 446 S.
1713 384 1989 447 CYRILLI
2028 386 2500 443 ALEXANDRINI
2540 384 2861 442 ARCHIEP.

3781 377 3885 435 352

606 505 776 561 Paulo
808 507 1014 564 dictum
1049 524 1063 562 :
1108 526 1126 559 ι
1158 505 1260 575 Qui
1284 507 1532 565 adhaeret
1560 508 1787 566 Domino
1804 526 1945 566 unus
1975 512 2187 583 spiritus

2303 510 2488 564 νέσθαι
2523 510 2660 581 πρὸς
2696 508 2851 571 Θεὸν,
2885 506 3004 560 κατ’
3046 504 3221 557 ἐκεῖνο
3272 502 3411 572 τάχα
3442 518 3545 553 που
3575 499 3635 553 τὸ
3663 498 3752 552 διὰ
3785 502 3883 567 τῆς

602 599 807 655 est"?
848 618 867 652 ι
905 598 1162 666 Quamvis
1198 600 1473 669 quomodo
1514 617 1622 658 non
1648 611 1730 658 est
1792 618 2020 666 verum,
2049 610 2192 676 quod

605 692 721 760 ipse
749 691 914 747 luerit
955 694 1136 764 potius
1165 694 1305 747 Deus
1355 692 1517 748 simul
1547 702 1602 748 et
1642 694 1807 749 homo
1834 737 1849 761 ,
1880 703 1934 750 et
1959 710 2063 751 non
2093 696 2192 750 lio-

604 799 696 839 mo
729 782 971 854 quidam,
1035 784 1125 855 qui
1168 786 1401 839 seorsim
1432 800 1497 840 ac
1525 785 1777 855 privatim
1835 786 2193 857 intelligatur,

605 876 1046 945 conjunctionem
1105 891 1227 931 cum
1290 877 1405 932 Deo
1457 877 1758 932 secundum
1813 877 2192 934 habitudinem

610 967 860 1023 habens?
894 966 1106 1023 Etenim
1157 977 1279 1039 post
1336 968 1665 1025 ineﬁ’abilem
1723 971 2048 1033 unitionem.
2079 973 2195 1028 sive

605 1060 729 1129 quis
786 1060 931 1114 dicat
988 1061 1155 1114 Deum
1205 1060 1618 1117 Emmanuelem
1667 1064 1944 1119 hominem
1989 1063 2189 1120 factum

605 1159 661 1205 et
686 1150 1050 1213 lncarnatum,
1090 1150 1183 1205 Dei
1226 1151 1463 1208 Verbum
1497 1153 1721 1226 intelligi
1749 1158 2049 1220 convenit;
2078 1156 2193 1212 sive

605 1244 881 1300 hominem
912 1246 1173 1308 nominet.
1212 1247 1419 1303 scimus
1444 1257 1645 1314 tamen,
1677 1266 1800 1304 cum
1829 1250 1928 1306 hoc
1942 1262 1996 1305 et
2016 1252 2189 1319 ipsum

604 1350 727 1390 esse
787 1335 880 1389 Dei
915 1335 1096 1391 Patris
1144 1336 1404 1394 Verbum.
1454 1340 1552 1396 Est
1608 1342 1772 1412 igitur
1826 1343 1993 1408 aliud,
2026 1360 2188 1399 unum

604 1426 793 1482 dicere
821 1426 1016 1483 Filium
1055 1443 1177 1484 cum
1204 1440 1355 1485 unita
1385 1432 1490 1487 sibi
1516 1447 1681 1487 carne
1713 1431 1805 1489 Dei
1838 1433 2019 1490 Patris
2056 1431 2191 1489 Ver-

606 1518 757 1585 bum,
811 1529 867 1576 et
922 1520 1176 1577 similiter
1200 1523 1368 1590 aliud,
1428 1525 1481 1580 in
1545 1525 1765 1582 homine
1826 1526 2010 1583 dicere
2068 1541 2190 1584 esse

603 1610 1276 1683 Deum,quemadmodum
1305 1616 1565 1673 videlicet
1608 1618 1661 1672 in
1705 1619 1992 1688 prophetis
2046 1630 2186 1688 erat,

603 1703 718 1759 sive
765 1706 929 1760 etiam
983 1707 1035 1762 in
1070 1708 1226 1763 nobis
1276 1708 1412 1779 ipsis
1468 1724 1567 1779 per
1618 1708 1885 1779 Spiritum
1914 1722 2182 1768 sanctum.

603 1792 811 1864 itaque,
837 1810 896 1851 ut
919 1798 1049 1854 mihi
1076 1800 1313 1866 videtur,
1384 1801 1521 1856 citra
1557 1803 1857 1872 periculum
1892 1814 1947 1859 et
1975 1804 2186 1876 culpam

2297 602 2511 658 Παύλου
2534 602 2714 669 φωνῆς
2733 617 2746 631 ·
2776 618 2795 650 ι
2818 597 2878 654 '0
2899 594 3238 666 κολλώμενος
3256 593 3334 663 τῷ
3354 592 3561 662 Κυρίῳ,
3586 590 3644 644 ἓν
3664 588 3885 658 πνεῦμά

2296 696 2451 759 tam;
2484 711 2502 745 ›
2541 692 2734 746 Καίτοι
2799 689 2913 750 πῶς
2943 688 3044 741 οὐκ
3079 684 3297 755 ἀληθὲς,
3329 684 3408 736 ὃτι
3444 681 3644 753 μᾶλλον
3671 684 3700 734 ό
3724 690 3751 717 ιι
3785 680 3885 732 αὑ-

2295 785 2389 849 τὸς
2424 784 2557 846 Θεός
2587 800 2645 835 τε
2683 780 2817 851 όμοῦ
2861 779 2955 834 καὶ
2983 777 3077 833 ἄνθ
3091 794 3289 849 ρωπος,
3318 775 3412 828 καὶ
3449 775 3549 827 οὐκ
3596 772 3884 844 ἄνθρωπός

2297 898 2380 944 τις
2426 878 2529 932 ἀνὰ
2576 876 2741 947 μέρος
2787 890 2845 926 τε
2889 872 2984 926 καὶ
3041 870 3226 932 ιδικῶς
3266 868 3577 937 νοούμενος,
3620 866 3714 919 καὶ
3754 882 3878 935 σχε-

2294 971 2455 1041 τικὴν
2486 969 2625 1038 ἔχων
2655 966 2952 1035 συνάφειαν
2988 964 3124 1035 πρὸς
3151 961 3319 1026 Θεόν;
3352 960 3506 1014 Μετὰ
3531 959 3640 1030 γάρ
3671 975 3755 1011 τοι
3782 958 3882 1029 τὴν

2297 1063 2575 1133 ἄφραστον
2611 1059 2824 1119 ἕνωσιν,
2858 1056 2963 1111 κᾶν
2986 1054 3039 1109 εῐ
3076 1072 3161 1118 τις
3195 1053 3326 1126 λέγῃ
3371 1051 3504 1105 Θεὸν
3535 1052 3629 1105 τὸν
3663 1051 3879 1120 Ἐμμα-

2296 1154 2457 1226 νουὴλ
2504 1152 3002 1224 ὲνανθρωπήσαντα
3037 1148 3130 1201 καὶ
3175 1146 3616 1216 σεσαρκωμένον,
3667 1143 3761 1196 τὸν
3786 1141 3881 1195 τοῦ

2294 1248 2431 1303 Θεοῦ
2456 1248 2629 1315 Λόγον
2655 1244 2892 1298 νοεῖσθαι
2919 1241 3119 1312 πρέπει
3136 1255 3149 1269 ⁸
3176 1238 3279 1293 κᾶν
3304 1237 3587 1314 ἄνθρωπον
3613 1234 3879 1306 ὀνομάσῃ,

2296 1343 2409 1398 ἀλλ’
2436 1343 2656 1411 οἴδαμεν
2692 1338 2830 1409 μετὰ
2867 1337 3057 1390 τούτου
3090 1332 3184 1389 καὶ
3216 1332 3387 1398 Λόγον
3421 1329 3551 1382 ὄντα
3582 1327 3748 1382 αὐτὸν
3788 1326 3884 1379 τοῦ

2295 1435 2531 1507 Πατρός.
2556 1434 2713 1486 Ἐστι
2740 1431 2918 1483 τοίνυν
2947 1428 3133 1498 ἕτερον
3164 1424 3224 1477 τὸ
3257 1424 3353 1475 ἕνα
3378 1421 3557 1489 λέγειν
3583 1419 3715 1472 Υίὸν
3745 1417 3883 1488 μετὰ

2292 1528 2393 1599 τῆς
2441 1525 2736 1594 ἑνωθείσης
2785 1521 2932 1592 αὐτῷ
2984 1516 3187 1589 σαρκὸς
3235 1515 3327 1569 τὸν
3366 1516 3429 1568 ὲκ
3478 1510 3613 1567 Θεοῦ
3665 1510 3883 1581 Πατρὸς

2295 1622 2487 1690 Λόγον,
2515 1622 2608 1673 καὶ
2631 1619 2831 1689 ὁμοίως
2856 1616 2941 1669 ἓτε
2952 1631 3041 1686 ρον
3066 1612 3125 1666 τὸ
3150 1613 3206 1665 ὲν
3233 1608 3506 1681 ἀνθρώπῳ
3533 1607 3713 1674 λέγειν
3741 1600 3881 1658 εἶναι

2293 1714 2445 1775 Θεὸν,
2493 1711 2744 1781 καθάπερ
2778 1707 2969 1777 ἀμέλει
3012 1705 3106 1758 καὶ
3138 1707 3196 1758 ὲν
3236 1703 3545 1773 προφήταις
3585 1695 3673 1770 ἦν,
3709 1698 3883 1769 ήγουν

2295 1805 2389 1859 καὶ
2421 1806 2480 1858 ὲν
2513 1805 2645 1874 ήμῐν
2675 1802 2857 1863 αὐτοῖς
2888 1797 2976 1851 διὰ
3009 1795 3103 1850 τοῦ
3137 1795 3294 1863 ἁγίου
3330 1792 3663 1862 Πνεύματος.
3700 1792 3880 1843 Ἀκιν-

603 1890 803 1944 dixerit
830 1894 974 1962 quis,
999 1892 1143 1963 quod
1183 1893 1526 1949 incarnatum
1572 1892 1665 1950 Dei
1704 1893 1962 1962 Verbum,
2006 1872 2187 1967 utpote

2293 1895 2463 1959 δύνως
2497 1872 2553 1947 δὲ
2596 1895 2691 1947 καὶ
2746 1891 3033 1961 άλήπτως,
3063 1887 3139 1951 ὣς
3180 1904 3244 1955 γε
3279 1882 3465 1957 οἶμαι,
3500 1884 3631 1955 φαίη
3667 1900 3753 1945 τις
3790 1882 3879 1944 ἂν,

604 1997 743 2037 unus
787 1984 1062 2040 exsistens
1103 1986 1295 2049 Filius,
1347 2001 1453 2040 non
1491 1987 1698 2058 absque
1735 2002 1834 2042 sua
1867 2002 2055 2055 carne,
2092 1989 2189 2045 sed

603 2088 725 2128 cum
769 2074 854 2129 illa
882 2077 1059 2147 potius
1079 2077 1415 2132 adorandum
1446 2079 1518 2133 sit
1550 2098 1563 2134 :
1594 2082 2052 2149 quemadmodum
2076 2083 2190 2135 sci-

604 2166 732 2221 licet
758 2168 924 2223 etiam
957 2170 1192 2225 hominis
1226 2172 1406 2225 anima
1442 2186 1564 2225 cum
1613 2187 1713 2227 suo
1752 2187 1984 2240 corpore
2014 2175 2189 2229 hono-

606 2267 803 2325 ratur;
840 2273 944 2312 una
974 2268 1156 2314 autem
1206 2260 1596 2331 appellatione,
1638 2264 1779 2331 quod
1824 2279 1888 2318 ex
1941 2266 2189 2335 utrisque

604 2356 837 2414 constat,
869 2358 926 2403 ut
957 2365 1122 2404 unum
1148 2352 1370 2416 animal,
1407 2352 1770 2418 signiﬁcatur.
1810 2353 1980 2425 Igitur
2016 2370 2189 2424 quan-

603 2440 673 2494 do
703 2439 769 2495 de
797 2442 1039 2496 omnium
1076 2452 1321 2497 nostrum
1351 2443 1632 2500 Salvatore
1662 2446 1883 2501 Christo
1904 2462 2186 2504 sermones

603 2530 785 2587 facere
811 2543 1035 2603 paratus
1072 2536 1325 2592 diviseris
1351 2536 1403 2590 in
1436 2537 1542 2593 duo
1583 2553 1746 2592 unum
1780 2554 1794 2605 ;
1828 2546 1883 2593 et
1912 2540 2184 2595 hominem

605 2622 860 2691 privatim
890 2639 955 2681 ac
984 2628 1213 2681 seorsim
1274 2627 1689 2699 intelligendum
1726 2631 2185 2700 pronuntiaveris,

605 2715 799 2771 deinde
820 2715 970 2771 illum
999 2718 1402 2773 coadoranduzn
1434 2728 1489 2774 et
1516 2720 1959 2789 coappellandum
1995 2721 2183 2789 Deum,

604 2810 758 2879 quasi
798 2809 888 2865 ille
919 2810 1057 2867 alius
1086 2811 1153 2865 sit
1188 2828 1215 2864 a
1257 2812 1475 2867 Christo
1509 2826 1576 2865 ex
1608 2813 1715 2866 Deo
1767 2812 2065 2866 secundum
2090 2828 2186 2867 na-

606 2912 782 2957 turam
822 2904 1027 2972 genito,
1062 2904 1246 2959 dicere
1268 2903 1438 2960 fueris
1467 2905 1666 2970 ausus;
1695 2905 1816 2975 quis
1857 2903 1999 2959 ferre
2033 2916 2188 2974 pote-

607 2995 703 3060 rit,
732 3004 785 3049 et
818 3003 926 3049 tam
959 2997 1300 3066 perspicuam
1336 3007 1527 3052 contra
1567 2998 1715 3051 illum
1751 2998 2186 3053 criminationem

607 3084 826 3140 silentio
873 3088 1200 3157 praeterire?
1232 3086 1417 3143 Potius
1470 3088 1614 3141 enim
1680 3088 1967 3143 dicendum
2025 3101 2185 3145 erat:

2292 1990 2373 2043 ὅτι
2414 1988 2441 2040 ό
2475 1984 2779 2056 σαρκωθεὶς
2811 1982 2904 2036 τοῦ
2940 1980 3077 2035 Θεοῦ
3108 1980 3314 2048 Λόγος,
3359 1978 3434 2041 ὼς
3485 1971 3565 2040 εἷς
3614 1977 3882 2045 ὑπάρχων

2294 2079 2440 2143 Υἱὸς,
2484 2078 2605 2147 οὐχὶ
2634 2078 2758 2147 δίχα
2794 2076 2891 2145 τῆς
2923 2071 3118 2127 ἑαυτοῦ
3149 2070 3372 2141 σαρκὸς,
3413 2068 3552 2139 μετὰ
3582 2067 3791 2137 ταύτης
3823 2068 3881 2119 δὲ

2294 2171 2516 2241 μᾶλλον,
2556 2170 2673 2221 ἐστὶ
2708 2163 3106 2238 προσκυνητός.
3151 2162 3421 2230 Καθάπερ
3458 2160 3651 2229 ἀμέλει
3701 2160 3798 2212 καὶ
3846 2160 3880 2228 ή

2289 2264 2383 2319 τοῦ
2429 2261 2718 2334 ἀνθρώπου
2752 2260 2898 2329 ψυχὴ
2933 2259 3067 2328 μετὰ
3100 2256 3193 2309 τοῦ
3232 2255 3364 2309 ἰδίου
3413 2256 3640 2323 τιμᾶται
3691 2250 3882 2319 σώμα-

2287 2376 2400 2423 τος,
2432 2357 2622 2425 κλήσει
2643 2355 2701 2407 δὲ
2736 2356 2833 2424 μιᾷ
2859 2354 2920 2405 τὸ
2953 2350 3012 2415 ea
3039 2352 3261 2421 ἀμφοῖν,
3289 2348 3362 2411 ὡς
3394 2346 3450 2399 ἓν
3477 2345 3637 2411 ζῶον,
3676 2346 3883 2415 σημαί-

2288 2467 2460 2505 νεται.
2486 2450 2653 2501 Ὀταν
2685 2445 2863 2498 τοίνυν
2902 2445 3031 2515 περὶ
3061 2442 3155 2493 τοῦ
3188 2440 3404 2493 πάντων
3434 2439 3591 2509 ἡμῶν
3621 2438 3881 2507 Σωτῆρος

2286 2539 2523 2612 Χριστοῦ
2547 2542 2673 2600 τοὺς
2696 2537 2887 2602 λόγους
2916 2532 3185 2586 ποιεῖσθαι
3204 2529 3672 2601 προθυμούμενος,
3692 2527 3881 2598 διέλῃς

2287 2632 2369 2695 εις
2396 2630 2489 2683 δύο
2517 2628 2606 2683 τὸν
2639 2627 2755 2691 ἕνα,
2778 2626 2871 2679 καὶ
2898 2623 3184 2694 ἄνθρωπον
3221 2621 3405 2684 ίδικῶς
3438 2621 3533 2673 καὶ
3572 2619 3673 2672 ἀνά
3707 2618 3884 2690 μέρος

2288 2722 2577 2793 νοούμενον
2607 2720 2918 2790 ἀποφήνῃς,
2949 2713 3067 2769 εἶτα
3104 2712 3293 2767 τοῦτον
3331 2730 3392 2765 συ
3405 2710 3885 2783 μπροσκυνείσθαι

2288 2815 2397 2868 δεῖν
2450 2815 2542 2867 καὶ
2570 2809 3033 2882 συγχρηματίζειν
3063 2808 3217 2871 Θεὸν,
3240 2806 3316 2869 ὡς
3345 2806 3516 2874 ἑτέρῳ
3552 2805 3678 2874 παρ’
3711 2803 3887 2857 αὑτὸν

2292 2908 2588 2979 ὑπάρχοντι
2618 2902 2839 2975 Χριστῷ
2868 2900 2944 2972 τῷ
2976 2904 3040 2952 ὲκ
3070 2898 3203 2952 Θεοῦ
3234 2899 3373 2951 κατὰ
3404 2897 3562 2966 φύσιν
3587 2896 3719 2965 Υίῷ,
3750 2895 3888 2947 το).-

2295 3003 2474 3072 μήσῃς
2506 3001 2703 3059 εἰπεῖν,
2743 2997 2826 3059 τίς
2850 2996 2878 3046 ὁ
2916 2992 3259 3063 καρτερῆσαι
3297 2990 3617 3057 δυνάμενος,
3650 2988 3741 3039 καὶ
3770 2989 3890 3057 τὴν

2290 3094 2432 3147 οὕτω
2464 3090 2717 3163 προφανῆ
2747 3084 3126 3158 γλωσσαλγίαν
3163 3083 3283 3137 κατ’
3307 3081 3474 3136 αὐτοῦ
3508 3084 3681 3150 σιωπῇ
3709 3088 3731 3114 °
3764 3097 3891 3132 πι-

604 3177 737 3234 Colo
787 3178 1006 3249 quidem
1051 3180 1286 3236 Verbum
1332 3180 1425 3237 Dei
1455 3180 1658 3235 factum
1708 3181 2005 3246 hominem,
2038 3183 2181 3252 quod

2298 3184 2606 3258 ρατρέχων;
2636 3182 2783 3233 Ἔδει
2818 3180 2927 3248 γάρ
2967 3176 3164 3247 μᾶλλον
3205 3176 3411 3227 εἰπεῖν’
3454 3172 3689 3241 Σέϐομεν
3720 3182 3743 3220 Ρ
3782 3170 3895 3270 τὸν

607 3269 911 3339 appellatur
945 3270 1110 3338 Deus,
1146 3284 1202 3326 et
1237 3273 1292 3326 in
1353 3274 1691 3328 humanitate
1734 3274 1991 3328 adoratur
2018 3292 2032 3340 ;
2060 3277 2185 3343 quia

608 3372 801 3417 natura
836 3364 976 3420 Deus
1006 3374 1109 3430 est,
1148 3374 1203 3420 et
1230 3380 1292 3419 ex
1313 3365 1422 3419 Deo
1447 3365 1608 3421 Patre
1639 3367 1910 3434 apparuit.
1945 3366 2018 3420 At
2042 3368 2188 3423 enim

607 3454 794 3510 dicunt
842 3456 1139 3511 adversarii
1172 3476 1185 3512 :
1213 3456 1376 3513 Certe
1431 3459 1852 3525 deprehenderis
1903 3469 1957 3513 et
1993 3460 2107 3527 ipse
2134 3462 2187 3515 in

607 3548 839 3617 epistola
882 3551 1150 3614 scribens,
1204 3551 1346 3621 quod
1397 3552 1602 3605 sederit
1656 3550 1825 3606 Filius
1872 3567 1994 3605 cum
2029 3552 2191 3606 Patre

597 3648 732 3694 leum
773 3644 990 3712 pr0pria
1016 3658 1205 3699 carne:
1229 3645 1503 3714 quomodo
1547 3660 1678 3715 ergo
1714 3645 2069 3712 reprehendis
2109 3646 2190 3699 di-

609 3743 844 3799 centem,
885 3736 1028 3805 quod
1084 3751 1206 3791 cum
1261 3738 1369 3791 Deo
1398 3736 1578 3791 Verbo
1627 3737 1899 3791 hominem
1948 3739 2188 3803 adorari,

607 3835 663 3880 et
696 3827 857 3882 simul
886 3828 1054 3884 Deum
1082 3830 1263 3884 vocari
1291 3839 1542 3897 oporteat
1571 3829 1594 3883 ?
1630 3829 1773 3883 Idem
1800 3830 1943 3883 enim
1983 3840 2067 3885 est
2109 3832 2192 3885 di-

607 3933 733 3974 cere
762 3920 881 3986 σὺν,
917 3932 972 3976 ει
1003 3924 1157 3993 μετὰ.
1210 3923 1443 3978 Proinde
1475 3925 1867 3991 redarguamus
1912 3938 2007 3978 eos
2035 3924 2191 3993 igno-

607 4025 733 4066 rare
790 4013 1059 4068 dictorum
1102 4016 1229 4079 vim,
1262 4024 1318 4069 et
1352 4030 1533 4069 rerum
1569 4022 1820 4069 naturam
1867 4031 1973 4070 non
2017 4017 2191 4087 inspi-

2292 3276 2385 3331 τοῦ
2415 3273 2552 3329 Θεοῦ
2581 3273 2774 3340 Λόγον,
2809 3270 3097 3338 γενόμενον
3138 3265 3440 3334 ἄνθρωπον,
3472 3263 3567 3317 καὶ
3604 3263 3898 3333 χρηματί-

2292 3372 2453 3436 ζοντα
2482 3368 2636 3431 Θεὸν,
2666 3366 2762 3418 καὶ
2790 3366 2846 3416 ὲν
2878 3360 3228 3431 ἀθρωπότητι
3267 3356 3758 3428 προσκυνούμενον,
3795 3356 3899 3409 ὅτι

2293 3464 2386 3516 καὶ
2422 3463 2581 3529 φύσει
2620 3458 2751 3519 Θεός
2792 3458 2908 3508 ἐστι
2932 3495 2946 3519 ,
2985 3453 3079 3507 καὶ
3113 3452 3177 3503 ἐκ
3212 3448 3346 3503 Θεοῦ
3388 3448 3597 3518 πέφηνε
3638 3448 3896 3517 Πατρός.

2306 3553 2467 3607 Ἀλλὰ
2507 3553 2615 3622 γὰρ
2659 3550 2746 3603 ναὶ
2767 3588 2781 3612 ,
2822 3547 2988 3615 φασιν
3014 3547 3063 3599 οἱ
3112 3543 3180 3597 δι’
3205 3541 3478 3605 ἐναντίας,
3512 3540 3690 3610 άλώσῃ
3722 3556 3841 3592 που
3864 3551 3899 3592 «ι

2293 3648 2385 3700 καὶ
2412 3644 2575 3707 αὐτὸς
2616 3646 2672 3696 ὲν
2704 3638 2958 3709 ἐπιστολῇ
2991 3632 3309 3705 γεγραφὼς,
3348 3634 3431 3686 ὅτι
3462 3632 3830 3703 συνήδρευσεν
3868 3636 3901 3685 ὁ

2294 3739 2421 3801 Υἱὸς
2473 3736 2551 3806 τῷ
2598 3733 2778 3803 Πατρὶ
2820 3731 2957 3802 μετά
2998 3731 3097 3801 τῆς
3133 3729 3266 3789 ἰδίας
3300 3728 3530 3798 σαρκός.
3579 3722 3704 3779 Εἶτα
3752 3728 3899 3791 πῶς

2294 3828 2639 3899 ἐπιλαμϐάνῃ
2663 3824 2757 3878 τοῦ
2787 3824 3056 3892 λέγοντος,
3082 3822 3163 3875 ὃτι
3196 3819 3301 3892 χρὴ
3336 3818 3897 3891 συμπροσκυνείσθαι

2294 3922 2382 3975 τὸν
2433 3919 2720 3990 ἄνθρωπον
2770 3915 2848 3986 τῷ
2886 3913 3005 3985 Θεῷ
3040 3913 3220 3981 Λόγῳ,
3271 3912 3365 3963 καὶ
3410 3909 3897 3981 συγχρηματίζειν

2293 4015 2459 4081 Θεόν;
2490 4012 2699 4066 Ταυτὸν
2726 4010 2834 4079 γάρ
2860 4010 3006 4061 ἐστιν
3035 4008 3209 4059 εἰπεῖν
3251 4004 3345 4058 καὶ
3373 4003 3434 4057 τὸ
3477 4004 3619 4069 σὺν,
3678 4002 3772 4057 καὶ
3822 4006 3898 4057 τὸ

607 4117 753 4157 cere.
817 4103 980 4174 180
1031 4104 1245 4160 Etenim
1307 4108 1524 4176 quando
1564 4107 1617 4160 in
1664 4123 1769 4161 una
1842 4123 2077 4177 persona
2138 4120 2187 4165 et

2293 4106 2457 4179 μετά.
2488 4105 2696 4159 Οὐκοῦν
2723 4100 3060 4173 ἠγνοηκότας
3088 4100 3402 4169 ὲλὲγχωμεν
3428 4097 3537 4150 τῶν
3567 4095 3896 4167 εἰρημένων

610 4205 825 4258 natura,
855 4196 959 4252 boo
994 4207 1097 4264 est,
1132 4198 1487 4255 subsistentia
1532 4215 1658 4263 una,
1699 4215 1878 4255 sermo
1904 4203 2187 4270 diligenter

2294 4201 2392 4272 τὴν
2423 4198 2675 4269 δύναμιν,
2724 4196 2818 4250 καὶ
2848 4197 2915 4264 τῇ
2942 4203 2963 4231 τ
2993 4192 3103 4245 τῶν
3134 4190 3478 4261 πραγμάτων
3516 4189 3615 4242 οὐκ
3644 4188 3896 4259 ἐνορῶν-

606 4289 929 4344 examinans
957 4306 1042 4356 ea,
1074 4306 1141 4345 ex
1162 4293 1358 4362 quibus
1380 4303 1485 4355 est,
1513 4292 1616 4347 hoc
1640 4301 1747 4355 est,
1788 4303 2004 4348 constat
2036 4305 2187 4349 natu-

2293 4310 2391 4357 τας
2460 4291 2618 4361 φύσει
2646 4300 2690 4346 ε.
2755 4288 2925 4341 Ὅταν
2980 4282 3215 4354 μὲνγὰρ
3265 4284 3351 4351 ἐφ’
3406 4281 3524 4345 ἑνὸς
3554 4278 3893 4350 προσώπου,

608 4383 817 4448 raliter,
853 4385 1130 4457 subjungit
1162 4390 1600 4458 praepositionem
1644 4390 1741 4442 σὺν
1770 4388 1852 4443 vel
1888 4388 2047 4459 μετὰ,
2076 4403 2187 4442 ser-

2294 4385 2389 4440 xai.
2424 4384 2666 4454 φύσεως,
2702 4380 2871 4449 ήγουν
2917 4375 3267 4438 ὑποστάσεως
3318 4374 3467 4444 μιᾶς,
3496 4371 3804 4443 βασανίζων
3862 4377 3897 4427 ό

606 4475 753 4529 vavit
786 4476 950 4532 etiam
1002 4480 1081 4533 sic
1135 4480 1187 4534 in
1252 4496 1310 4535 re
1355 4480 1682 4550 signiﬁcata,
1752 4482 1892 4550 quod
1922 4497 2086 4534 unum
2121 4480 2187 4534 sit

2294 4478 2449 4547 λόγος
2486 4476 2553 4529 τὰ
2586 4474 2644 4539 ὲξ
2674 4466 2748 4526 ὧν
2782 4470 2947 4532 ἔστιν,
2984 4471 3102 4530 ἦτοι
3133 4466 3417 4535 σύγκειται
3451 4463 3711 4533 φυσικῶς,
3752 4464 3899 4517 tm-

605 4568 904 4623 secundum
930 4572 1403 4642 compositionem,
1433 4582 1487 4627 et
1538 4590 1647 4628 non
1690 4573 1743 4627 in
1772 4574 1879 4628 duo
1929 4574 2186 4629 distincte

2293 4572 2433 4642 φέρῃ
2460 4569 2520 4622 τὸ
2549 4567 2689 4628 σὺν,
2716 4565 2833 4635 ήτοι
2867 4563 2927 4616 τὸ
2978 4560 3128 4629 μετὰ
3148 4600 3161 4625 ,
3209 4560 3477 4629 τετήρηκε
3506 4557 3581 4627 τῷ
3613 4572 3900 4627 σημαινο-

609 4656 893 4714 discernit.
914 4660 1140 4726 Quando
1169 4675 1349 4718 autem
1379 4673 1504 4719 ante
1527 4666 1797 4721 distinctis
1821 4666 2187 4721 subsistentiis

2297 4666 2463 4735 μένῳ,
2492 4662 2584 4714 καὶ
2617 4659 2760 4713 οὕτω
2796 4657 2856 4709 τὸ
2900 4656 2959 4709 ἓν
2987 4652 3127 4709 εἶναι
3167 4652 3310 4706 κατὰ
3337 4650 3607 4714 σύνθεσιν,
3650 4648 3743 4702 καὶ
3772 4651 3897 4704 οὐκ

611 4746 665 4801 in
700 4750 827 4816 duo,
852 4761 907 4805 et
935 4761 992 4806 ut
1040 4769 1286 4810 seorsum
1337 4768 1625 4829 utrumque
1662 4768 1716 4813 et
1746 4759 1999 4827 privatim
2022 4758 2187 4813 intel-

2293 4760 2372 4821 εἰς
2410 4756 2502 4808 δύο
2549 4751 2891 4825 διῃρημένως
2940 4748 3129 4818 διοριεί
3157 4746 3209 4781 ί·
3250 4746 3376 4797 ὅταν
3409 4743 3465 4795 δὲ
3503 4743 3895 4815 προδιῃρημέ-

611 4839 833 4911 1⁵8³1υῆ
888 4849 1202 4915 Ρνκβοεὶιὶο
1282 4851 1400 4917 σὺν,
1457 4852 1540 4905 vel
1607 4852 1746 4923 μετὰ
1794 4853 2011 4917 dicitur,
2066 4862 2191 4905 tunc
2293 4868 2397 4903 νων
2423 4862 2449 4888 υ
2483 4846 2837 4901 ύποστάσεων
2867 4844 2944 4904 εἰς
2974 4839 3088 4914 δύο,
3116 4838 3212 4894 καὶ
3242 4837 3377 4908 πρός
3412 4852 3474 4904 γε
3512 4836 3573 4889 τὸ
3614 4837 3723 4888 δεῖν
3766 4836 3897 4893 ἀνὰ

610 4932 741 5001 duo,
788 4935 874 4990 vel
932 4938 1093 4993 etiam
1143 4942 1318 5009 plura,
1375 4956 1431 4997 et
1491 4960 1597 4999 non
1663 4961 1827 4998 unum
1894 4945 2187 4999 secundum

610 5029 1062 5098 compositionem
1094 5035 1387 5104 signiﬁcari
1420 5036 1946 5106 dicimus..Excmpli
1971 5038 2139 5105 gratia
2171 5077 2185 5101 ,

610 5124 652 5179 si
692 5122 829 5177 forte
860 5124 1127 5189 dicamus,
1159 5129 1479 5183 cohonorari
1513 5130 1749 5184 animam
1788 5130 2022 5184 hominis
2065 5143 2185 5181 cnm

610 5232 707 5271 suo
744 5232 997 5285 corpore,
1041 5218 1085 5273 si
1135 5221 1258 5287 quis
1292 5221 1466 5276 honor
1497 5231 1644 5276 certe
1690 5222 1845 5275 ﬁeret
1870 5236 1897 5273 a
1929 5220 2186 5289 quopiam

608 5325 737 5378 erga
764 5325 927 5366 unum
958 5312 1255 5378 hominem,
1293 5314 1490 5384 quiest
1518 5330 1581 5369 cx
1617 5315 1863 5382 utrisque
1889 5330 1901 5366 :
1936 5313 2036 5367 hoc
2065 5325 2171 5373 est,

677 5471 722 5503 ⁸⁷
762 5473 775 5526 l
812 5472 939 5529 Cor.
969 5490 1042 5537 vi,
1080 5475 1158 5528 l7.

2298 4941 2463 5012 μέρος
2495 4938 2752 5007 ἑκάτερον
2786 4931 3026 4985 νοεῖσθαι
3054 4931 3147 4983 καὶ
3181 4928 3361 4991 ίδικῶς
3391 4927 3450 4980 τὸ
3492 4927 3631 4988 σὺν,
3654 4928 3837 4997 ἤγουν
3863 4939 3893 4968 ν

2298 5035 2357 5085 τὸ
2417 5031 2564 5101 μετὰ
2604 5029 2862 5097 λέγηται,
2908 5023 3028 5077 τότε
3062 5020 3293 5090 δυοῖν,ἢ
3344 5020 3436 5073 καὶ
3480 5019 3559 5071 ἔτι
3612 5018 3894 5074 πλειόνων

2296 5124 2447 5185 αὐτὸ,
2479 5123 2571 5175 καὶ
2601 5123 2698 5191 οὺχ
2744 5118 2858 5181 ἑνὸς
2900 5133 3040 5170 κατα
3089 5113 3339 5167 σύνθεσιν
3382 5110 3652 5164 ποιεῖσθαί
3694 5127 3891 5180 φαμεν

2297 5216 2394 5286 τὴν
2423 5213 2671 5285 δήλωσιν.
2706 5204 2849 5271 Οἷον,
2872 5208 2919 5260 εί
2951 5206 3203 5277 λέγοιμεν
3230 5203 3392 5273 τυχὸν
3412 5201 3768 5271 συντιμᾶσθαι
3804 5204 3894 5273 τῷ

2286 5310 2399 5377 ἰδίῳ
2436 5306 2645 5375 σώματι
2679 5301 2775 5371 τὴν
2804 5298 2894 5354 τοῦ
2924 5297 3211 5369 ἀνθρώπου
3240 5295 3439 5366 ψυχὴν,
3473 5294 3523 5345 εἴ
3548 5311 3631 5356 τις
3661 5295 3896 5361 γένοιτο

1679 5605 1851 5658 Variae
1890 5604 2144 5659 lectiones
2177 5620 2241 5657 ex
2272 5604 2457 5659 codice
2487 5601 2864 5671 chuieriano.

675 5772 704 5802 ³
728 5767 794 5834 ἢν
833 5768 879 5822 ὁ.

612 5845 635 5879 ν
670 5837 806 5905 ἤτοι.

962 5776 984 5802 ο
1018 5771 1165 5839 σιγῇ.
1241 5777 1269 5818 Ρ
1304 5765 1445 5821 σέϐω
1472 5766 1588 5836 μέν.
1692 5766 1719 5816 ιι
1749 5763 1821 5828 ὥς
1851 5780 1973 5817 που.

2084 5771 2106 5799 ι’
2138 5760 2222 5813 id.
2257 5761 2371 5830 τήν.

2489 5770 2508 5798 ³
2546 5758 2629 5813 ἵσ.
2669 5756 2865 5827 φύσιν.ξ
2947 5759 2962 5792 ί
3001 5755 3215 5827 διαιρεῖ.
3296 5762 3320 5789 ¹¹
3354 5751 3897 5825 προσὸιῃρημένων.
