4078 6348
179 399 285 457 555

776 396 1300 455 APOLOGETICUS
1340 397 1472 454 PRO
1516 398 1611 455 ΧΠ
1652 398 2020 456 CAPITIBUS
2058 400 2337 458 CONTRA
2378 399 2836 460 ORIENTALES.

3329 407 3435 465 354

180 518 309 589 παρ’
340 516 499 571 αὑτοῦ
529 527 551 553 ι
585 519 716 589 τιμὴ
766 519 892 590 περὶ
924 519 1013 572 τὸν
1044 521 1138 571 ἕνα
1171 519 1478 590 ἄνθρωπον,
1508 522 1563 584 ὃς
1611 522 1759 573 ἐστιν

1865 523 1908 577 si
1956 523 2078 593 quis
2119 524 2345 587 diceret,
2414 523 2651 576 animam
2715 539 2839 577 cum
2889 538 2989 578 suo
3042 534 3270 596 σοι-νοτε
3316 545 3438 587 esse

179 612 238 679 ἐξ
284 613 521 681 ἀμφοῖν·
559 610 746 681 ἤγουν,
783 612 835 663 εἴ
865 629 947 674 τις
994 611 1139 680 λέγει
1186 612 1241 664 ἓν
1272 614 1408 677 ζῶον
1440 607 1579 667 εἶναι
1619 615 1756 683 μετά

177 702 271 756 τοῦ
311 702 441 756 ἰδίου
472 702 744 772 σώματος,
791 703 911 773 οὐχὶ
950 705 1167 766 πάντως
1196 707 1274 767 εἰς
1313 703 1631 774 ἀνθρώπους
1664 704 1759 757 δύο

178 796 368 867 διοριεῖ
404 796 496 847 τὸν
529 795 655 848 ἕνα·
704 796 955 864 φαίνεται
1006 798 1061 849 δὲ
1100 797 1302 867 μᾶλλον
1342 798 1441 850 οὐκ
1472 796 1758 868 ὴγνοηκὼς

179 890 249 941 τά
283 890 341 955 ἐξ
376 883 449 942 ὧν
483 888 649 954 ἔστιν,
686 891 805 961 ἤτοι
840 890 1169 943 συντέθειται
1215 890 1480 961 φυσικῶς.
1504 892 1671 944 Ὅταν
1702 890 1758 944 δὲ

181 979 320 1031 εῖπω
340 997 352 1008 ·
385 980 587 1049 Πέτρος
612 998 670 1034 τε
699 982 791 1035 καὶ
820 981 1072 1051 Ἰωάννης
1106 981 1638 1053 συγχρηματίζουσιν
1668 982 1759 1035 ἀν-

181 1070 412 1141 θρωποι,
443 1072 474 1142 ἢ
512 1071 661 1139 γοῦν,
701 1074 782 1125 ὅτι
810 1072 965 1126 Μετὰ
1000 1073 1209 1144 Πέτρου
1256 1076 1348 1126 καὶ
1382 1074 1629 1144 Ἰωάννης
1662 1075 1757 1127 ἀν-

182 1161 395 1216 έὸαινεν
423 1164 501 1226 εις
522 1164 580 1216 τὸ
610 1164 772 1234 ἱερὸν,
801 1164 983 1217 οὐκέτι
1005 1164 1066 1217 τὸ
1084 1164 1224 1228 σὺν,
1248 1165 1280 1234 ἢ
1310 1165 1440 1233 γοῦν
1481 1166 1541 1217 τὸ
1586 1166 1757 1234 μετὰ,

178 1252 279 1322 τὴν
309 1253 428 1316 ἐνὸς
456 1258 691 1308 ποιεῖται
727 1255 978 1326 δήλωσιν.
1025 1257 1098 1308 Uti
1148 1254 1256 1325 γὰρ
1290 1257 1625 1310 συντέθειται
1660 1256 1761 1310 Πέ-

176 1359 309 1412 τρος
348 1342 591 1414 Ἰωάννῃ,
634 1343 747 1397 ἀλλ’
772 1344 890 1396 οὐδὲ
926 1346 1004 1406 εἰς
1032 1343 1149 1407 ἐνὸς
1180 1343 1470 1415 ἀνθρώπου
1502 1344 1760 1397 σύστασιν

177 1438 423 1491 τελοῦσιν
448 1441 768 1510 ἀμφότεροι.
805 1440 868 1493 Τί
896 1440 1073 1492 τοίνυν
1102 1440 1410 1509 σοφίζονται
1434 1448 1462 1487 1
1496 1439 1592 1511 τὴν
1632 1439 1762 1511 ἀλή-

179 1530 350 1596 θειαν,
379 1532 711 1601 διαιροῦντες
742 1531 967 1601 ἀμαθῶς
994 1533 1073 1595 εις
1102 1531 1194 1583 δύο
1224 1532 1491 1602 Χριστοὺς
1523 1532 1613 1584 τὸν
1634 1532 1759 1595 ἕνας

181 1624 314 1675 Εἰδὲ
350 1624 683 1693 νομίζουσιν,
708 1625 813 1687 ὃτι,
842 1622 1177 1691 συνεδρεύειν
1203 1622 1453 1690 λέγοντες
1483 1622 1560 1694 τῷ
1589 1624 1763 1692 Πατρὶ

178 1716 270 1766 τὸν
306 1715 433 1767 Υῑὸν
483 1716 619 1785 μετά
649 1715 742 1769 τοῦ
782 1715 910 1768 ἰδίου
945 1715 1228 1786 σώματος,
1273 1714 1364 1767 δύο
1406 1714 1643 1768 νοεῖσθαι
1674 1714 1760 1765 δε·

175 1805 432 1878 δώκαμεν
486 1808 670 1872 υἱοὺς,
724 1808 1133 1877 ὲρευνάτωσαν,
1176 1809 1224 1860 εἰ
1264 1806 1337 1878 μὴ
1373 1807 1467 1860 ἕνα
1513 1806 1762 1875 λέγοντες

182 1899 329 1960 Υἰὸν,
364 1901 459 1970 μιᾷ
488 1900 828 1967 συνεδρεύσει
855 1900 1179 1969 τετιμῆσθαί
1206 1917 1404 1970 φαμεν,
1432 1900 1526 1953 καὶ
1551 1900 1611 1952 οὑ
1637 1900 1755 1953 δυσὶ
1791 1883 1835 1941 Β

179 1992 417 2057 μᾶλλον
447 1992 521 2054 ὡς
573 1993 700 2061 μίαν
746 1993 844 2062 μὲν
886 1994 980 2046 καὶ
1015 1993 1187 2063 ῖδικὴν
1238 1992 1636 2063 ὲκνενεμῆσθαι
1683 1990 1760 2060 τῷ

177 2083 413 2151 σώματι,
454 2085 644 2154 ἑτέραν
681 2084 736 2137 δὲ
777 2085 939 2137 πάλιν
972 2088 1066 2139 καὶ
1100 2086 1269 2155 ιδικὴν
1300 2086 1375 2155 τῷ
1408 2086 1585 2156 Λόγῳ.
1621 2085 1760 2136 Ἀλλ’

173 2175 278 2226 οὐκ
325 2174 389 2228 ἂν
426 2174 599 2245 ἔχοιεν
645 2176 908 2243 ἐπιδεῖξαι
950 2177 1139 2229 τοῦτο’
1174 2177 1291 2239 πῶς
1325 2178 1452 2247 γὰρ,
1492 2178 1525 2248 ἣ
1564 2176 1759 2241 πόθεν;

176 2266 319 2321 Ἕνα
346 2268 453 2339 γὰρ
496 2269 623 2322 ὂντα
659 2269 785 2321 Υιὸν
818 2269 954 2339 μετά
986 2270 1085 2338 τῆς
1122 2270 1257 2331 ιδίας
1288 2270 1487 2339 σαρκὸς
1519 2269 1610 2321 τὸν
1635 2268 1762 2321 Υἱὺν

174 2356 310 2411 Θεὸν
341 2377 397 2412 τε
428 2361 562 2429 ὁμοῦ
588 2362 679 2415 καὶ
706 2362 991 2431 ἄνθρωπον
1018 2361 1110 2413 τὸν
1143 2362 1328 2422 αὐτὸν,
1357 2364 1453 2433 μιᾷ
1484 2361 1761 2431 συνεδρεύ-

178 2464 263 2499 σει
290 2453 355 2519 τῇ
388 2452 521 2519 πρὸς
548 2452 638 2503 τὸν
671 2452 887 2521 Πατέρα
916 2452 1237 2522 διαπρέπειν
1267 2454 1723 2523 διαϐεϐαιούμεθα
1745 2469 1759 2483 ·

175 2541 234 2591 τό
272 2557 334 2608 γε
372 2542 478 2611 μὴν
523 2543 1060 2612 συμπροσκυνείσθαι
1094 2544 1270 2611 λέγειν
1302 2545 1589 2616 ἄνθρωπον
1620 2545 1757 2614 Θεῷ,

175 2634 273 2685 καὶ
300 2635 763 2705 συγχρηματίζειν
794 2637 947 2701 Θεὸν,
970 2637 1061 2689 δύο
1087 2653 1191 2689 που
1233 2636 1449 2699 πάντως
1482 2638 1765 2706 ὁμολογεῖν

175 2727 297 2777 ἐστι
323 2728 447 2789 τοὺς
474 2728 998 2798 προσκυνουμένους,
1023 2728 1055 2798 ἢ
1088 2729 1175 2781 καὶ
1204 2737 1223 2763 ι
1246 2728 1491 2797 ἀλλήλοις
1530 2744 1765 2798 τυγχρη-

179 2816 528 2885 ματὶζοντας.
570 2818 785 2890 Εὑήθης
827 2820 881 2872 δὲ
912 2819 1051 2883 λὶαν,
1102 2820 1196 2872 καὶ
1235 2818 1341 2870 τῶν
1374 2820 1453 2880 εἰς
1497 2817 1763 2887 ὀρθότητα

175 2912 275 2963 καὶ
322 2909 579 2980 ἀλήθειαν
614 2910 831 2965 ἐννοιῶν
862 2911 1142 2981 ἀλλότριος
1182 2909 1458 2972 παντελῶς
1485 2911 1512 2961 ὁ
1557 2907 1763 2960 τοιόσδε

174 3001 357 3068 λόγος.
400 3003 594 3070 Γέγονε
635 3004 811 3056 τοίνυν
844 3004 1285 3073 ἀναθεματισμὸς
1334 3002 1474 3055 κατά
1507 2999 1614 3052 τῶν
1648 2999 1758 3051 ὀλο-

175 3092 396 3162 τρόπως
435 3093 774 3164 διοριζόντων
819 3096 908 3149 τὸν
956 3094 1304 3165 Ἑμμανουὴλ
1351 3096 1428 3155 εἰς
1476 3092 1762 3162 ἄνθρωπον

180 3185 390 3248 ἰδικῶς,
425 3188 517 3239 καὶ⁸
546 3187 676 3240 Θεὸν
706 3188 877 3256 Λόγον
910 3188 1123 3250 ἱδικῶς·
1155 3187 1252 3239 ἕνα
1282 3186 1389 3257 γάρ
1430 3188 1562 3255 ἡμῖν
1598 3184 1760 3237 αὑτὸν

174 3278 201 3329 ὁ
226 3277 338 3330 τῶν
365 3277 640 3349 θεηγόρων
666 3280 897 3350 ἐκήρυξε
930 3280 1105 3347 λόγος,
1135 3280 1229 3332 καὶ
1254 3278 1361 3331 τῶν
1390 3278 1548 3349 ἱερῶν
1574 3278 1757 3348 Γραμ-

180 3370 373 3435 μὰτων
402 3371 436 3439 ἡ
466 3369 848 3440 ἀκιὸδήλευτος
878 3370 1097 3437 γνῶσις.

619 3481 1208 3535 ΑΝΑΘΕΜΑΤΙΣΜΟΣ
1248 3482 1322 3535 Θ¹.

248 3596 317 3648 Et
353 3595 435 3658 τίς
472 3612 602 3665 φησι
643 3596 734 3648 τὸν
772 3596 865 3649 ἕνα
906 3599 1109 3667 Κύριον
1144 3598 1351 3668 Ἰησοῦν
1404 3599 1638 3669 Χριστὸν
1671 3600 1759 3652 δο-

175 3687 489 3753 ξάζεσθαιι
523 3688 672 3759 παρά
714 3688 808 3741 τοῦ
857 3689 1205 3759 Ιινεύματος,
1251 3690 1325 3753 ὼς
1370 3690 1626 3763 ἀλλοτρίᾳ
1671 3693 1759 3744 δν-

175 3781 345 3851 νάμει
372 3783 440 3851 τῇ
473 3780 577 3851 ἰδίᾳ
604 3781 767 3833 αὑτοῦ
791 3781 817 3819 δ
847 3779 1147 3850 χρώμενον,
1185 3783 1278 3834 καὶ
1309 3782 1439 3851 παρ’
1469 3782 1633 3835 αὐτοῦ
1665 3784 1761 3835 λαο

175 3873 344 3925 δόντα
362 3872 422 3925 τὸ
447 3874 687 3942 ἐνεργεῖν
713 3872 969 3925 δύνασθαι
997 3873 1137 3925 κατά
1166 3874 1492 3942 πνευμάτων
1512 3874 1759 3944 ἀκαθάρ-

174 3981 306 4027 των,
327 3964 425 4017 καὶ
456 3965 516 4017 τὸ
547 3965 786 4037 πληροῦν
815 3968 890 4029 εἰς
916 3965 1235 4036 ἀνθρώπους
1265 3966 1364 4029 τὰς
1399 3965 1724 4037 θεοσημείας
1745 3985 1757 3997 ·

176 4059 272 4111 καὶ
300 4059 423 4128 οὐχὶ
456 4058 519 4129 δὴ
555 4059 755 4128 μᾶλλον
796 4058 923 4111 ῐδιον
962 4059 1126 4111 αὑτοῦ
1155 4060 1216 4111 τὸ
1248 4059 1473 4129 Πνεῦμά
1506 4077 1661 4130 φησι,
1693 4061 1759 4111 δι’

174 4142 238 4204 οὖ
266 4151 363 4204 καὶ
402 4151 673 4221 ἐνήργησε
703 4150 800 4211 τὰς
833 4150 1184 4219 θεοσημείας·
1217 4150 1467 4220 ἀνάθεμα
1492 4150 1651 4204 ἔστω.

492 4350 855 4417 Ἀντίρῤησις
887 4348 1007 4403 τῶν
1049 4348 1458 4404 Ἀνατολικῶν.

246 4460 418 4527 Αὖθις
469 4464 632 4517 καλὸν
661 4464 729 4517 τά
774 4465 940 4518 πάλαι
981 4464 1130 4535 αὑτῷ
1177 4466 1447 4534 εἰρημένα
1481 4466 1559 4528 εἰς
1598 4465 1760 4534 μέσον

1860 630 2022 669 unum
2046 614 2266 678 animal.
2298 629 2404 668 non
2432 626 2714 683 propterea
2746 616 2797 669 in
2831 614 2965 671 duos
2995 616 3242 673 homines
3270 637 3434 675 unum

1860 705 2088 771 dividit;
2116 705 2326 759 videtur
2356 715 2534 758 autem
2560 705 2738 772 potius
2792 721 2897 759 non
2951 706 3199 775 ignorare
3232 726 3317 771 ea,
3367 725 3432 763 cx

1860 797 2057 866 quibus
2108 809 2209 858 est,
2250 797 2353 851 hoc
2395 806 2500 863 est,
2548 798 2907 866 compositum
2954 806 3038 852 est
3084 800 3432 853 naturaliter.

1861 888 2085 955 Quando
2113 903 2240 942 vero
2275 889 2417 953 dico,
2445 887 2633 942 Petrus
2663 899 2716 942 et
2750 886 2991 943 Joannes
3028 890 3437 959 coappellautur

1861 980 2131 1043 homines,
2188 979 2271 1032 vel
2298 981 2487 1045 etiam,
2522 980 2657 1033 Cum
2696 979 2857 1034 Petro
2909 978 3148 1035 Joannes
3190 984 3435 1036 ascendit

1862 1072 1913 1127 in
1958 1071 2259 1142 templum:
2294 1088 2397 1125 non
2452 1071 2562 1138 jam
2610 1073 2726 1137 σὺν,
2772 1072 2855 1127 vel
2906 1072 3066 1143 μετὰ,
3099 1074 3151 1127 id
3183 1085 3266 1127 est
3294 1091 3433 1141 cum,

1862 1178 2026 1215 unum
2068 1164 2321 1232 quiddam
2348 1164 2637 1233 significat.
2682 1162 2797 1218 Non
2836 1166 2980 1219 enim
3017 1164 3255 1219 Joannes
3282 1182 3437 1221 com-

1863 1256 2067 1324 positus
2101 1266 2181 1308 est
2206 1271 2325 1309 cum
2358 1255 2535 1320 Petro,
2570 1256 2663 1310 sed
2702 1272 2875 1325 neque
2899 1258 2964 1310 ad
3014 1258 3173 1313 Unius
3202 1259 3439 1313 hominis

1862 1347 2306 1400 constitutionem
2332 1347 2493 1401 ambo
2528 1347 2878 1401 conveniunt.
2920 1348 3029 1403 Cur
3064 1363 3194 1417 ergo
3224 1350 3436 1403 veritati

1865 1440 2111 1501 illudnut,
2153 1440 2454 1494 dividentes
2505 1439 2754 1509 imperite
2801 1456 2963 1494 unum
3006 1441 3056 1493 in
3107 1441 3243 1495 duos
3283 1440 3441 1495 Chri-

1864 1530 2017 1585 stos?
2049 1529 2105 1583 Si
2140 1541 2317 1584 autem
2360 1541 2571 1599 putant,
2620 1532 2763 1601 quod
2811 1533 3042 1587 dicendo
3082 1532 3277 1586 Filium
3314 1547 3438 1588 cum

1864 1624 2082 1689 proprio
2115 1637 2343 1691 corpore
2367 1623 2651 1676 considere
2684 1622 2854 1687 Patri,
2892 1625 3026 1679 duos
3060 1624 3442 1693 intelligendos

1869 1714 2032 1769 Filius
2124 1717 2557 1770 concesserimus
2605 1732 2619 1782 ;
2676 1716 2973 1783 inquirant,
3043 1732 3115 1770 an
3173 1717 3441 1782 dicamus,

1867 1822 2030 1860 unum
2060 1804 2253 1859 Filium
2289 1809 2446 1860 unica
2480 1808 2813 1862 considentia
2866 1810 3187 1864 honoratum
3218 1824 3362 1871 esse,
3388 1820 3443 1865 et

1868 1916 1969 1953 non
2002 1899 2233 1960 duabus.
2278 1902 2351 1955 ita
2381 1910 2438 1953 ut
2479 1916 2583 1953 una
2618 1911 2670 1954 et
2712 1902 2965 1969 privatim
2999 1902 3198 1955 trilutta
3221 1901 3291 1954 sit
3322 1916 3443 1953 cur-

1866 1993 2006 2063 pori,
2033 1994 2200 2047 altera
2223 2009 2351 2047 vero
2378 2008 2589 2047 rursum
2625 2002 2679 2047 et
2714 1994 2964 2062 privatim
3018 1994 3213 2048 Verbo.
3243 1991 3441 2047 Verum

1870 2084 1973 2137 hoc
2020 2099 2127 2137 non
2164 2093 2421 2152 poterunt
2462 2084 2769 2139 ostendere.
2823 2084 3105 2150 Quomodo
3151 2085 3319 2148 enim,
3362 2083 3445 2138 vel

1866 2175 2054 2228 unde?
2086 2173 2219 2229 Nam
2250 2191 2413 2227 uumn
2448 2176 2770 2228 eteumdem
2806 2174 2973 2228 Deum
3007 2174 3237 2227 simulet
3266 2175 3445 2228 homi-

1868 2280 1989 2318 nem
2044 2281 2145 2317 una
2185 2267 2522 2320 considentia
2560 2268 2700 2335 apud
2744 2265 2957 2320 Patrem
2992 2266 3267 2320 honestari
3302 2266 3446 2319 auir-

1868 2371 2097 2411 mutnus.
2142 2355 2416 2410 Caeterum
2492 2358 2673 2411 dicere
2713 2358 2987 2411 hominem
3045 2358 3257 2411 adorari
3322 2375 3443 2411 ctttn

1866 2450 1999 2514 Deo,
2033 2460 2087 2505 et
2133 2450 2459 2519 cuappellari
2526 2450 2720 2517 Deum,
2794 2452 3017 2505 oumino
3071 2462 3153 2505 est
3198 2451 3444 2507 conﬁteri

1868 2546 2000 2597 duos
2029 2542 2353 2608 adoraudos,
2405 2542 2485 2597 vel
2527 2545 2691 2596 etiam
2729 2544 2872 2597 inter
2923 2558 2982 2597 se
3007 2543 3440 2613 coappellandos.

1866 2636 2029 2702 Atqui
2080 2634 2232 2688 valde
2271 2635 2470 2699 fatuus,
2513 2646 2567 2688 et
2610 2650 2637 2687 a
2682 2636 2846 2689 rectis
2882 2643 2937 2689 et
2971 2636 3115 2689 veris
3160 2637 3448 2705 cegitatio-

1868 2726 2025 2779 nibus
2062 2728 2284 2779 omnino
2338 2726 2548 2781 alienus
2592 2735 2675 2779 est
2718 2725 2986 2794 ejusmodi
3033 2741 3234 2781 sermo.
3281 2727 3448 2797 Igitur

1868 2814 2044 2869 factus
2088 2826 2170 2869 est
2206 2816 2696 2869 anathematismns
2746 2825 2935 2869 contra
2973 2829 3086 2879 eos,
3121 2814 3212 2884 qui
3269 2816 3446 2879 modis

1866 2908 2119 2961 omnibus
2172 2908 2417 2960 dividunt
2466 2908 2869 2961 Emmanuelem
2906 2909 2957 2961 in
2991 2907 3264 2962 hominem
3296 2923 3447 2961 seor-

1867 3001 1993 3065 ttim,
2034 3009 2087 3053 et
2130 3000 2315 3053 Deum.
2358 2998 2522 3053 Nobis
2565 3000 2707 3053 enim
2761 3016 2926 3053 unum
2980 3000 3153 3069 ipsum
3196 3001 3443 3051 eumdem

1870 3092 2241 3163 theologorum
2275 3106 2455 3145 sermo
2490 3092 2824 3159 praedicavit,
2869 3106 3258 3162 sacrarumque
3298 3090 3447 3145 Scri-

1868 3195 2146 3255 pturarutn
2179 3182 2540 3238 inadulterata
2577 3184 2831 3254 c0gnitio.

2170 3478 2326 3548 181
2364 3473 3012 3530 ANATHEMATISMUS
3046 3473 3134 3529 IX.

1938 3592 1995 3649 Si
2037 3590 2161 3659 quis
2189 3606 2355 3643 unum
2381 3587 2670 3641 Dominum
2708 3587 2890 3641 Jesum
2938 3586 3217 3642 Christum
3246 3602 3273 3639 a
3318 3588 3445 3657 Spi-

1862 3686 1969 3742 ritu
2008 3683 2363 3741 clariﬁcatum
2388 3681 2607 3745 dixerit,
2635 3679 2852 3749 pr0pria
2896 3679 3097 3734 virtute
3138 3680 3303 3750 ipsius
3328 3690 3447 3735 tan-

1864 3792 2027 3845 quam
2092 3774 2266 3828 aliena
2327 3780 2617 3835 utentem;
2666 3783 2730 3822 ac
2779 3768 2886 3822 vim
2944 3778 2998 3823 et
3045 3767 3338 3824 ellicaciam
3378 3770 3447 3823 ab

1864 3868 2053 3922 eodem
2092 3864 2387 3933 accepisse,
2437 3863 2563 3930 quia
2615 3871 2807 3914 contra
2857 3861 3165 3915 immundos
3216 3865 3445 3931 spiritus

1864 3967 2206 4028 operaretur,
2253 3964 2309 4010 et
2357 3955 2538 4008 divina
2594 3954 2737 4007 inter
2772 3952 3022 4006 homines
3056 3953 3315 4007 miracula
3353 3968 3447 4022 pa-

1866 4058 2053 4108 traret,
2102 4061 2165 4099 ac
2197 4059 2303 4099 non
2344 4044 2525 4112 potius
2573 4042 2751 4110 ipsum
2812 4041 3094 4110 Spiritum,
3140 4057 3237 4112 per
3282 4058 3444 4112 quem

1864 4140 2043 4195 divina
2072 4139 2225 4205 signa
2248 4136 2436 4199 edidit,
2485 4133 2629 4187 illius
2679 4132 2958 4202 proprium
2993 4146 3115 4186 esse
3160 4131 3446 4187 confessus

1865 4230 2026 4284 fuerit
2050 4249 2063 4295 ;
2083 4229 2370 4283 anathema
2403 4227 2492 4279 sit.

2316 4339 2672 4393 Orientalium
2709 4336 2987 4405 opposilio.

1937 4455 2135 4507 lterum
2169 4465 2347 4520 operae
2377 4449 2603 4519 pretium
2641 4446 2802 4500 fuerit
2828 4460 2913 4514 ea,
2955 4460 3075 4515 qua}
3103 4446 3231 4499 olim
3262 4446 3329 4499 ab
3352 4447 3445 4502 illo

174 4561 432 4629 ἀγαγεῖν,
470 4560 563 4613 καὶ
598 4559 726 4623 ἴσως
768 4559 1192 4631 ἐπιλελησμένον
1246 4558 1339 4612 τοῦ
1366 4570 1387 4598 ο
1422 4560 1586 4613 αὑτοῦ
1625 4561 1758 4612 ὑπο-

1868 4546 2006 4600 dicta
2038 4550 2185 4607 sunt,
2210 4542 2262 4595 in
2334 4539 2568 4594 medium
2606 4538 2897 4600 adducere,
2945 4550 3000 4590 et
3033 4551 3251 4589 suorum
3278 4538 3445 4591 dicto-

178 4627 391 4724 μνῆσαι
438 4652 600 4705 αὐτόν
622 4667 635 4681 ·
669 4653 729 4706 οὑ
760 4653 869 4723 γὰρ
903 4627 1062 4723 μόνον
1090 4653 1179 4705 τὸν
1211 4652 1417 4722 Κύριον
1449 4651 1517 4705 τά
1560 4656 1761 4722 σημεῖα

1870 4654 1985 4692 rum
2021 4636 2270 4690 fortassis
2296 4634 2521 4687 oblitum
2563 4632 2877 4683 admoaere.
2938 4627 3055 4682 Non
3088 4629 3232 4681 enim
3272 4628 3443 4681 solum

174 4748 232 4797 ὲν
271 4744 557 4813 Πνεύματι
604 4746 775 4800 ποιεῖν
818 4746 1156 4815 ἀπεφήνατο,
1198 4744 1333 4796 ἀλλά
1376 4743 1441 4814 δὴ
1476 4744 1567 4796 καὶ
1602 4744 1763 4795 αὑτὸν

171 4836 265 4889 τὸν
292 4833 538 4889 τεθνῶτα
560 4834 587 4874 ἀ
617 4835 1012 4905 ζωοποιηθῆναι
1057 4833 1356 4904 Πνεῦματι,
1394 4836 1450 4886 ὲν
1488 4827 1574 4910 οἷς,
1599 4850 1763 4903 φησιν

173 4930 232 4980 ὲν
265 4927 348 4996 τῷ
379 4925 582 4997 πρώτῳ
610 4926 787 4997 τόμῳ*
824 4928 885 4980 El
914 4927 1089 4980 τοίνυν
1119 4926 1181 4978 οὐ
1216 4925 1449 4978 πέπονθε
1479 4925 1541 4977 τὸ
1574 4923 1763 4976 τεθνάο

173 5036 262 5073 ναι
298 5018 581 5089 σαρκικῶς
625 5020 764 5072 κατά
800 5021 897 5083 τὰς
946 5019 1203 5089 Γραφάς,
1251 5017 1371 5070 οὐδὲ
1418 5015 1759 5085 ὲζωοποιήθη

176 5106 485 5176 ῐινεύματι.
534 5107 763 5160 Σκοπεῖν
803 5108 859 5161 δὲ
899 5108 977 5159 δεῖ
1009 5108 1106 5176 τὴν
1151 5104 1342 5159 ἑαυτοῦ
1396 5105 1531 5176 πρὸς
1567 5105 1757 5157 ἑαυτὸν

175 5198 556 5271 ἐναντιότητα,
582 5201 640 5253 ὲν
673 5202 769 5270 μὲν
797 5202 906 5263 τοῖς
936 5198 1403 5268 ἀναθεματισμοίς
1434 5196 1598 5249 αὐτοῦ
1656 5197 1757 5249 ἀπο

174 5290 583 5360 ἀγορεύσαντος
611 5292 701 5344 τὸν
727 5292 929 5362 Κύριον
947 5292 1005 5343 ὲν
1036 5288 1465 5360 ΠνεύματιΘεοῦ
1499 5288 1758 5357 δαίμονας

176 5382 489 5445 ἐκϐάλλειν,
530 5386 623 5437 καὶ
654 5385 721 5437 τὰ
765 5383 900 5440 ἄλλα
954 5384 1159 5454 σημεῖα
1199 5382 1397 5445 ποιεῖν,
1442 5382 1533 5435 καὶ
1566 5380 1665 5451 τὴν
1702 5381 1759 5431 ὲν

175 5475 288 5536 τοῖς
322 5472 673 5542 Εὑαγγελίοις
702 5474 961 5546 κειμένην
990 5474 1267 5545 ἔγγραφον
1297 5471 1389 5524 τοῦ
1418 5472 1620 5541 Κυρίου
1649 5488 1759 5539 φω-

1868 4731 2158 4785 Dominum
2194 4728 2344 4798 signa
2370 4726 2419 4779 in
2442 4724 2645 4793 Spiritu
2691 4722 2882 4775 fecisse
2922 4720 3290 4789 pronuntiavit
3316 4721 3444 4783 ;sed

1866 4824 2029 4879 etiam
2062 4824 2238 4893 ipsum
2274 4827 2543 4872 mortuum
2572 4814 2904 4867 viviﬁcatum
2929 4826 3050 4865 esse
3076 4808 3281 4879 Spiritu
3312 4812 3446 4865 dixit

1866 4917 2040 4987 primo
2074 4925 2239 4978 torno,
2279 4912 2363 4965 his
2405 4907 2618 4961 verbis:
2644 4904 2813 4974 igitur
2851 4902 2895 4956 si
2927 4917 3028 4956 non
3062 4903 3282 4971 pertulit
3309 4903 3443 4957 mori

1866 5007 2160 5065 carnaliter
2220 5002 2513 5058 secundum
2565 4997 2901 5066 Scripturas,
2954 5010 3057 5047 non
3108 4995 3235 5048 item
3272 4995 3444 5049 viviﬁ-

1866 5110 2021 5155 catus
2049 5108 2131 5151 est
2167 5094 2393 5163 Spiritu.
2424 5090 2523 5144 Hic
2549 5088 2736 5142 videre
2782 5086 2931 5149 licet,
2973 5096 3231 5154 quantum
3261 5099 3442 5139 secum

1869 5193 1982 5261 ipse
2045 5196 2266 5259 pugnet,
2301 5199 2423 5238 cum
2459 5184 2509 5235 in
2548 5177 3020 5233 anathematismis
3075 5176 3306 5245 negarit,
3342 5175 3443 5229 Do-

1869 5286 2072 5337 minum
2127 5282 2178 5333 in
2220 5278 2423 5345 Spiritu
2480 5275 2753 5327 daemones
2805 5270 3022 5336 ejicere,
3070 5277 3123 5322 et
3155 5269 3257 5320 alia
3292 5272 3441 5339 signa

1869 5374 2067 5433 facere,
2110 5381 2166 5424 et
2228 5369 2486 5437 scriptam
2542 5365 2595 5417 in
2639 5361 2946 5431 Evangeliis
2990 5374 3176 5413 vocem
3233 5358 3443 5413 Domini

1868 5464 2185 5535 exploserit,
2232 5459 2494 5515 dicentis:
2531 5477 2547 5507 ι
2584 5456 2639 5510 Si
2672 5466 2851 5509 autem
2885 5454 2934 5507 in
2976 5451 3182 5521 Spiritu
3218 5451 3308 5505 Dei
3344 5467 3444 5521 ego

1263 5650 1433 5704 Varia:
1462 5648 1725 5703 lectiones
1765 5661 1827 5699 ex
1860 5643 2045 5699 codice
2080 5638 2456 5711 Segnieriano.

197 5831 207 5851 ε
244 5812 334 5866 ῖσ.
368 5810 519 5881 παρά
543 5827 656 5862 του.
737 5817 761 5855 γ
795 5808 1057 5876 σοφίζετε.

1160 5816 1180 5842 ι
1219 5822 1412 5875 προσκ.
1459 5804 1550 5857 καί
1652 5815 1674 5842 ε
1712 5798 2039 5865 δεδοξάσθαι,
2119 5796 2147 5835 ι)
2178 5794 2243 5846 δι’
2279 5792 2463 5847 αὑτοῦ.
2543 5803 2563 5830 ο
2600 5793 2682 5844 Ia’.
2717 5806 2843 5843 των.
2887 5785 2911 5825 δ
2944 5785 3105 5841 αὑτὸν
3144 5782 3437 5838 τεθνεῶτα.
