4078 6348
629 381 736 441 355
1647 378 1704 435 S.
1743 377 2016 434 CYRILIJ
2055 372 2522 434 ALEXANDRINI
2563 370 2881 428 ARCIIIEP.
3757 370 3863 428 556

627 501 790 568 ejicio
853 495 1116 550 daemonia
1143 495 1208 550 ’°.
1259 513 1277 546 ι
1329 494 1397 549 At
1450 509 1546 550 nos
1598 495 1884 550 Dominum
1948 499 2267 558 nostrumA

2309 495 2391 565 μὴν
2420 491 2757 554 ἀθετοῦντος,
2789 488 3036 552 εἰπόντος
3058 502 3071 517 ⁸
3109 505 3127 539 ι
3156 487 3220 542 Εἰ
3252 486 3308 542 δὲ
3337 487 3394 540 ἐν
3427 486 3700 558 Πνεῦματι
3732 489 3866 543 θεοῦ

629 590 812 644 Jesum
849 587 1125 642 Christum
1165 595 1220 640 et
1267 601 1362 639 sua
1414 586 1614 640 virtute
1660 594 1712 640 et
1743 585 1977 656 Spiritus
2005 601 2196 656 opera-

2309 585 2412 655 ἐγὼ
2454 583 2794 638 ἐκϐάλλω-τά
2832 583 3103 653 δαιμόνια.
3131 601 3148 634 ι
3188 582 3328 634 Ἀλλ’
3353 585 3514 653 ἡμεῖς
3542 583 3633 636 τὸν
3667 586 3873 653 Κύριον

633 684 775 737 tione
816 679 1112 751 perfecisse
1164 679 1314 748 signa
1346 677 1694 732 confitemur.
1727 679 1844 732 Non
1866 681 2006 734 enim
2042 679 2195 748 quasi

2309 679 2458 750 ἡμῶν
2490 678 2696 749 Ἰησοῦν
2729 677 2819 731 τὸν
2857 678 3110 748 Χριστὸν,
3157 676 3249 730 καὶ
3279 677 3345 747 τῇ
3392 677 3568 747 οἰκείᾳ
3609 676 3869 746 δυνάμει,

631 781 815 826 careat
858 770 1073 840 pr0pria
1109 770 1328 832 virtute,
1387 771 1458 823 uti
1505 769 1733 824 dicimus
1777 772 1974 826 virtute
2027 770 2200 839 Spiri-

2309 772 2396 824 καὶ
2423 773 2486 840 τῇ
2518 769 2611 822 τοῦ
2638 768 2950 838 Πνεύματος
2973 767 3219 839 ἐνεργείᾳ
3241 767 3551 820 ἐπιτελέσαι
3574 767 3644 819 τὰ
3671 771 3875 837 σημεῖα

634 873 720 917 tus
763 863 955 916 sancti.
1016 860 1129 915 Non
1169 871 1344 914 autem
1401 861 1660 929 Spiritum
1735 871 1978 916 sanctum
2039 862 2200 917 simul

2309 861 2671 932 ὁμολογοῦμεν
2694 878 2708 892 ο
2744 862 2805 912 o6
2857 859 2966 930 γὰρ
3006 859 3079 922 ὡς
3125 859 3225 912 οὐκ
3258 858 3447 928 ἔχοντα
3480 860 3575 930 τὴν
3613 860 3750 912 ἰδίαν
3782 859 3874 911 δύο

633 955 823 1008 adesse
858 954 1058 1016 dicere,
1102 967 1286 1007 eorum
1337 962 1420 1007 est
1461 954 1716 1018 arbitror,
1747 955 1838 1022 qui
1890 953 2200 1024 Scripturas

2309 951 2732 1022 ναμιν,χρῆσοαι
2751 954 2816 1021 τῇ
2843 951 3067 1020 δυνάμει
3091 949 3184 1002 τοῦ
3221 950 3396 1018 ἁγίου,
3416 949 3731 1019 Πνεύματος
3748 967 3761 979 ·
3801 950 3875 1019 μὴ

636 1055 854 1098 sanctas
908 1051 1123 1114 negant.
1184 1042 1316 1096 Nam
1371 1046 1617 1113 quamvis
1674 1045 1869 1100 alicubi
1920 1045 2202 1115 Scriptura

2309 1045 2544 1095 συνεῖναι
2573 1041 2630 1095 δὲ
2659 1042 2719 1095 τὸ
2757 1040 2981 1111 Πνεῦμα
3010 1041 3069 1092 τὸ
3104 1040 3279 1109 ἅγιον,
3305 1041 3654 1111 ἀρνουμένων
3697 1043 3871 1104 ἐστὶν,

631 1140 798 1202 dicat,
842 1137 1055 1191 Patrem
1097 1137 1358 1206 perficere
1403 1152 1563 1206 opera
1613 1138 2018 1202 miraculorum,
2077 1138 2199 1192 dum

2309 1134 2378 1197 ῶς
2417 1130 2592 1204 οἶμαι,
2619 1136 2718 1196 τὰς
2766 1132 2917 1195 θείας
2946 1133 3187 1203 Γραφάς.
3231 1132 3350 1185 Κᾶν
3401 1133 3508 1202 γάρ
3550 1149 3650 1185 που
3681 1135 3714 1201 ἡ
3755 1132 3876 1186 θεία

634 1230 763 1282 dicit
797 1246 809 1282 :
849 1247 867 1279 ι
899 1228 1058 1281 Pater
1098 1228 1188 1297 qui
1235 1238 1414 1282 manet
1444 1229 1494 1281 in
1531 1244 1636 1290 me,
1672 1230 1785 1297 ipse
1857 1230 1984 1283 facit
2035 1244 2199 1299 opera

2309 1227 2495 1297 Γραφὴ
2525 1226 2678 1296 λέγῃ,
2697 1225 2787 1278 τὸν
2823 1226 3039 1295 Πατέρα
3071 1224 3335 1277 ἐπιτελεῖν
3366 1224 3433 1276 τὰ
3451 1224 3585 1294 ἔργα
3611 1223 3718 1276 τῶν
3747 1223 3877 1276 θαυ-

632 1336 751 1389 qua:
769 1335 866 1388 ego
901 1319 1140 1384 facio";
1182 1339 1200 1372 ι
1241 1319 1409 1373 Filius
1468 1329 1642 1375 tamen
1682 1330 1763 1374 est
1792 1323 1878 1388 qui
1916 1321 2043 1374 facit
2087 1338 2203 1376 om-

2309 1315 2512 1385 μάτων,
2549 1315 2616 1366 δι’
2651 1308 2725 1366 ὧν
2761 1329 2953 1382 φησιν’
2994 1334 3010 1364 ι
3051 1315 3108 1366 '0
3143 1314 3331 1383 Πατὴρ
3359 1316 3386 1366 6
3423 1314 3597 1382 μένων
3628 1316 3684 1365 ἐν
3728 1315 3874 1383 ἐμοὶ,

635 1413 720 1466 nia
757 1426 919 1479 opera
972 1409 1271 1464 Patris:et
1322 1412 1450 1464 licet
1474 1426 1637 1478 opera
1686 1410 1804 1464 Filii
1849 1411 2084 1479 Spiritus
2119 1415 2202 1465 di-

2309 1405 2468 1468 αὑτὺς
2500 1407 2640 1457 ποιεῖ
2671 1404 2738 1457 τὰ
2763 1405 2928 1474 ἔργα,
2962 1404 2996 1457 ὃ.
3024 1404 3134 1472 ἐγὼ
3178 1404 3315 1456 ποιῶ
3347 1421 3358 1432 ·
3393 1423 3410 1455 ι
3447 1407 3474 1456 6
3507 1404 3630 1465 Υἱός
3663 1407 3812 1456 ἐστιν
3851 1407 3878 1456 ό

634 1510 789 1554 eatur
822 1500 1016 1562 facere,
1051 1500 1330 1552 dumdicit
1360 1517 1372 1552 :
1414 1516 1432 1548 ι
1477 1499 1532 1551 Si
1567 1508 1741 1552 autem
1788 1515 1885 1568 ego
1913 1500 1962 1552 in
2003 1500 2203 1566 Spiritu

2309 1499 2476 1551 ποιῶν
2519 1499 2693 1551 πάντα
2723 1497 2790 1550 τὰ
2823 1497 2958 1566 ἔργα
2991 1497 3084 1548 τοῦ
3121 1498 3360 1568 Πατρός·
3390 1497 3493 1550 κᾶν
3526 1499 3593 1551 τὰ
3621 1497 3716 1550 τοῦ
3751 1496 3879 1550 Υἰοῦ

635 1583 728 1644 Dei
767 1590 925 1658 ejicio
943 1589 1204 1643 daemonia
1241 1591 1290 1655 ¹;
1322 1608 1338 1640 ι
1377 1590 1635 1644 Dominus
1658 1600 1832 1643 tamen
1863 1591 2046 1658 estqui
2077 1590 2206 1643 facit

2309 1589 2366 1643 τὸ
2397 1589 2615 1659 Πνεῦμα
2645 1588 2776 1658 λέγῃ
2813 1590 3004 1652 ποιεῖν,
3036 1588 3101 1640 δι’
3130 1582 3202 1640 ὧν
3243 1605 3404 1656 φησιν
3429 1606 3443 1619 ο
3471 1608 3488 1637 ι
3522 1588 3582 1641 Εἰ
3615 1588 3669 1640 δὲ
3695 1588 3805 1656 ἐγὼ
3823 1591 3879 1640 ὲν

637 1679 692 1734 in
727 1679 954 1748 Spiritu.
1005 1678 1124 1732 Non
1160 1678 1306 1733 enim
1338 1678 1601 1732 alienatus
1648 1689 1726 1732 est
1765 1679 1926 1734 Filius
1957 1697 1983 1730 ει
2022 1678 2200 1743 Patre,

2309 1680 2583 1749 Πνεύματι
2638 1680 2772 1733 Θεοῦ
2827 1680 3070 1732 ἐκϐάλλω
3117 1681 3184 1733 τὰ
3236 1679 3517 1749 δαιμόνια·
3551 1699 3571 1730 ι
3605 1683 3633 1733 6
3677 1681 3883 1751 Κύριός

639 1772 722 1824 vel
761 1770 967 1839 Spiritu
995 1789 1008 1834 ;
1035 1785 1209 1838 neque
1241 1780 1488 1838 separata
1543 1780 1594 1824 et
1652 1773 1877 1824 scorsion
1937 1771 2202 1839 disjum-ta
2239 1839 2272 1844 _

2309 1777 2455 1826 ἐστιν
2483 1776 2510 1826 6
2540 1773 2703 1825 ποιῶν
2756 1775 2812 1827 ἐν
2852 1772 3144 1842 Πνεῦματι.
3191 1773 3325 1824 Οὐδὲ
3384 1773 3491 1844 γὰρ
3523 1773 3882 1843 ἠλλοτρίωται

635 1874 762 1921 sunt
801 1866 1083 1919 Trinitatis
1125 1880 1289 1934 opera
1321 1883 1333 1919 :
1368 1867 1461 1920 sed
1525 1868 1739 1935 propria
1801 1865 2085 1918 Trinitatis
2126 1877 2208 1919 est
2239 1839 2279 1892 Β

639 1959 1059 2028 uniuscujusque
1081 1959 1464 2022 subsistentia).
1485 1974 1604 2028 quae
1633 1959 1683 2012 in
1708 1958 1983 2026 Scriptura
2010 1960 2207 2012 dicitur

2311 1959 2505 2026 σμέναι
2535 1957 2628 2010 κα)⁵
2665 1954 2957 2020 ἰδιάζουσαί
2981 1973 3080 2007 που
3109 1957 3164 2008 αἰ
3189 1955 3288 2025 τῆς
3322 1954 3550 2025 Τριάδος
3582 1954 3881 2025 ἐνέργειαι,

635 2052 880 2118 operatio
916 2068 929 2104 :
977 2050 1134 2119 182
1192 2061 1251 2103 ut
1280 2050 1559 2119 Scriptura
1593 2051 1724 2104 dicit
1768 2051 2059 2118 aliquando
2090 2067 2206 2105 om-

2309 2053 2423 2105 ἀλλ’
2451 2053 2624 2104 οἰκεία
2657 2052 2754 2121 τῆς
2783 2053 2825 2103 Τ
2833 2052 3011 2121 ριάδος
3039 2053 3070 2121 ἡ
3098 2053 3334 2123 ἑκάστης
3361 2051 3709 2114 ὑποστάσεως
3736 2053 3792 2104 ἐν
3819 2055 3886 2123 τῇ

637 2158 757 2195 nem
788 2153 1098 2196 creaturam
1123 2142 1246 2195 Filii
1275 2157 1428 2210 opus,
1451 2143 1638 2198 dicens
1669 2162 1681 2196 :
1722 2163 1740 2194 ι
1787 2144 1960 2198 Verbo
1997 2145 2205 2198 Domini

2309 2146 2497 2215 Γραφῇ
2535 2143 2802 2213 λεγομένη
2843 2143 3130 2213 ἐνέργεια·
3163 2144 3348 2212 ὥσπερ
3377 2157 3399 2183 ο
3434 2146 3527 2198 καὶ
3563 2145 3748 2197 πᾶσαν
3781 2145 3884 2214 τὴν

648 2234 770 2288 εωίὶ
797 2234 994 2286 firmati
1027 2243 1186 2299 sunt;
1222 2253 1241 2285 ο
1267 2234 1553 2302 aliquando
1587 2243 1762 2290 autem
1793 2235 2047 2305 Spiritus,
2077 2236 2204 2290 dum

2309 2237 2485 2289 κτίσιν
2519 2235 2649 2288 ποτέ
2687 2236 2785 2306 μέν
2814 2235 2961 2303 λέγει
2985 2238 3018 2306 ἡ
3059 2236 3250 2306 Γραφὴ
3275 2236 3369 2288 τοῦ
3407 2236 3537 2288 Υἰοῦ
3578 2235 3762 2306 ἔργον,
3795 2235 3885 2288 λέ-

635 2326 825 2379 infert:
854 2343 871 2376 ι
896 2326 961 2378 Ει
987 2325 1194 2393 Spiritu
1222 2326 1335 2379 oris
1366 2324 1482 2393 ejus
1498 2327 1673 2380 omnis
1698 2327 1869 2380 virtus
1893 2330 2139 2380 eorum'.
2180 2346 2200 2380 ι

2309 2344 2505 2395 γουσα’
2547 2346 2566 2378 ι
2597 2327 2686 2395 Τῷ
2735 2328 2891 2397 Λόγῳ
2938 2329 3143 2399 Κυρίου
3187 2330 3235 2380 οἰ
3281 2329 3499 2397 οὐρανοὶ
3539 2328 3884 2398 ἐστερεώθη-

637 2417 744 2474 Sed
780 2433 883 2471 non
908 2420 1058 2485 quasi
1086 2417 1245 2471 Pater
1278 2433 1381 2471 non
1409 2418 1580 2485 possit
1621 2418 1798 2472 omnia
1843 2419 2042 2482 facere,
2077 2434 2207 2489 ope-

2309 2435 2437 2472 σαν·
2465 2439 2482 2470 ι
2520 2418 2649 2470 ποτέ
2682 2419 2737 2471 δὲ
2770 2419 2864 2471 τοῦ
2893 2419 3230 2488 Πνεύματος,
3264 2420 3330 2472 δι’
3354 2413 3428 2471 ὧν
3455 2419 3679 2487 ἐπάγει·
3719 2438 3737 2471 ι
3770 2421 3886 2473 Καὶ

636 2519 787 2564 ratur
809 2509 974 2562 etiam
1013 2508 1214 2562 Filius:
1267 2518 1321 2562 et
1378 2508 1614 2577 Spiritus
1663 2525 1874 2578 quoque
1909 2512 2207 2564 assumitur

2309 2511 2384 2580 τῷ
2433 2511 2712 2580 Πνεὺματι
2771 2509 2866 2562 τοῦ
2902 2511 3169 2580 στόματος
3200 2510 3365 2564 αὑτοῦ
3397 2513 3548 2565 πᾶσα
3579 2514 3611 2581 ὴ
3649 2511 3884 2580 δύναμις

633 2605 704 2655 ad
759 2600 1076 2666 creandum,
1136 2616 1241 2655 nou
1285 2605 1438 2669 quasi
1470 2600 1711 2654 infirmus
1751 2604 1820 2655 sit
1850 2601 2205 2672 Filiustvere

2309 2602 2508 2655 αὐτῶν.
2536 2621 2553 2652 ι
2595 2601 2731 2653 Ἀλλ’
2753 2601 2851 2669 οὐχ
2881 2602 2954 2663 ὡς
3002 2600 3396 2662 ἀδυνατοῦντος
3441 2601 3534 2653 τοῦ
3569 2602 3780 2671 Πατρδς
3811 2603 3886 2653 ’τά

633 2694 775 2746 enim
799 2694 1001 2747 dictum
1020 2701 1121 2755 est,
1147 2692 1289 2760 quod
1311 2707 1404 2760 per
1423 2693 1598 2761 ipsum
1623 2693 1762 2747 facta
1781 2704 1902 2748 sunt
1925 2696 2104 2748 omnia
2127 2694 2201 2764 ³),

2309 2695 2487 2747 πάντα
2519 2695 2764 2763 ποιῆσαι,
2795 2693 3120 2763 δημιουργεῖ
3173 2694 3265 2746 καὶ
3290 2695 3317 2744 6
3353 2693 3477 2755 Υἱός
3498 2709 3512 2721 ’
3548 2692 3656 2744 οὐδ’
3680 2689 3746 2745 αὖ
3779 2695 3890 2746 πά-

634 2784 728 2837 sed
762 2794 819 2836 ut
842 2783 1128 2838 Trinitatis
1155 2783 1346 2837 eadem
1381 2785 1703 2850 substantia,
1752 2785 1891 2838 idem
1926 2786 2116 2846 honor,
2152 2795 2206 2838 et

2309 2787 2412 2850 λιν,
2448 2787 2524 2848 ὡς
2555 2785 2900 2848 ἀσθενοῦντος
2928 2784 3021 2838 τοῦ
3055 2784 3183 2838 Υίοῦ
3229 2786 3308 2848 εἰς
3353 2784 3451 2853 τὴν
3501 2785 3886 2855 δημιουργίαν,

633 2875 821 2928 eadem
855 2875 1028 2928 virtus
1063 2876 1495 2938 commendetur,
1525 2876 1656 2928 dicit
1691 2876 1878 2928 eadem
1934 2877 2202 2930 interdum

2309 2876 2914 2948 συμπαραλαμϐάνεται
2964 2877 3026 2931 τὸ
3079 2877 3302 2947 Πνεῦμα
3345 2877 3580 2947 (ἀληθὲς
3621 2877 3728 2946 γάρ
3775 2877 3888 2940 τὸ,

635 2985 661 3020 a
695 2967 873 3030 Patre,
901 2967 1167 3020 interdum
1189 2983 1214 3019 a
1245 2967 1402 3031 Filio,
1435 2967 1701 3020 interdum
1734 2982 1761 3018 a
1791 2967 1990 3034 Spiritu
2019 2976 2206 3021 sancto

2314 2991 2331 3023 ι
2365 2971 2551 3023 Πάντα
2581 2971 2645 3023 δι’
2669 2971 2833 3024 αὑτοῦ
2856 2971 3074 3039 ἐγένετο
3105 2971 3150 3039 ι)
3171 2989 3180 3000 ·
3203 2971 3317 3023 ἀλλ’
3351 2971 3436 3022 ἵνα
3453 2971 3513 3023 τὸ
3530 2970 3628 3038 τῆς
3651 2969 3892 3038 Τριάδος

633 3075 751 3112 esse
801 3059 961 3113 facta.
1003 3057 1092 3112 Sic
1159 3059 1301 3110 enim
1351 3067 1404 3112 et
1451 3059 1518 3112 ab
1566 3075 1668 3110 una
1707 3058 2204 3111 substantiadivina

2309 3062 2612 3132 ὁμοούσιον,
2637 3068 2728 3116 καὶ
2755 3063 3035 3133 ὁμότιμον,
3068 3064 3158 3116 καὶ
3188 3062 3529 3132 ὀμοδύναμον
3550 3063 3675 3130 ἡμῖν
3700 3079 3774 3114 πα
3787 3077 3896 3129 ραο

635 3149 868 3217 pendere
896 3149 1075 3201 munia
1106 3149 1474 3216 intelligimus.
1508 3148 1639 3201 Nam
1667 3162 1723 3202 ut
1756 3147 1987 3202 Verbum
2016 3166 2205 3204 cssen-
2232 3168 2274 3224 ε

2310 3155 2505 3225 στήσῃ1
2533 3153 2679 3222 λέγει
2707 3154 2773 3207 τά
2799 3154 2940 3207 αὐτὰ
2960 3155 3090 3206 ποτέ
3128 3154 3226 3223 μὲν
3246 3153 3352 3205 ὑπὸ
3370 3152 3462 3204 τοῦ
3485 3152 3712 3222 Πατρὶς,
3749 3153 3901 3204 ποτὲ

636 3237 761 3291 tiale
787 3249 838 3290 et
871 3237 1178 3291 subsistens
1201 3239 1315 3305 ipse
1367 3237 1685 3304 Unigenitus
1719 3241 1920 3307 absque
1950 3242 2203 3308 passione

2309 3245 2365 3297 δὲ
2405 3244 2507 3297 ὑπὸ
2554 3245 2647 3297 τοῦ
2682 3244 2833 3308 Υίοῦ,
2876 3246 3004 3297 ποτὲ
3034 3246 3092 3297 δὲ
3130 3245 3233 3297 ὑπὸ
3253 3245 3345 3297 τοῦ
3377 3244 3530 3310 ἁγίου
3570 3243 3902 3312 Πνεύματος

632 3345 695 3382 ex
767 3345 832 3383 co
883 3330 1096 3398 genitus
1136 3338 1346 3394 est;ct
1407 3330 1639 3398 Spiritus
1694 3343 1911 3384 sam-tus
1962 3347 2026 3385 cx
2089 3333 2204 3401 ipso

2310 3336 2656 3405 γεγενῆσθαι.
2679 3336 2833 3389 Οὕτω
2847 3337 2953 3406 γὰρ
2973 3337 3065 3388 καὶ
3093 3338 3221 3406 μιᾶς
3245 3352 3388 3398 τινος
3406 3335 3590 3397 οὐσίας
3613 3335 3756 3398 Θείας
3790 3336 3905 3403 ἡρ-

634 3423 950 3498 procedens,
1021 3421 1072 3475 in
1126 3422 1341 3491 propria
1429 3423 1782 3475 subsistentia
1842 3425 2204 3489 exsistit;ita

2309 3426 2504 3496 τῆσθαι
2545 3427 2721 3480 πάντα
2766 3426 3014 3496 νοοῦμεν.
3054 3427 3143 3490 Ὠς
3179 3426 3285 3496 γὰρ
3328 3425 3612 3488 ἐνούσιοςί
3663 3425 3751 3477 καί
3804 3429 3906 3476 ἐν-

634 3525 689 3564 nt
721 3529 772 3566 in
799 3515 969 3565 tribus
998 3513 1366 3566 subsistentiis
1416 3528 1518 3566 una
1550 3513 1855 3567 substantia
1890 3527 2129 3580 notetur,
2153 3525 2207 3571 et

2313 3521 2613 3582 υπόστατος
2645 3518 2995 3590 όΜονογενὴς
3038 3518 3096 3582 ἐξ
3129 3519 3294 3572 αὑτοῦ
3321 3517 3580 3579 εάπαθῶς
3599 3517 3906 3586 ἐγεννήθη,

632 3605 780 3658 nulla
818 3607 1056 3673 ipsarum
1094 3605 1146 3657 in
1175 3607 1383 3660 ratione
1443 3607 1757 3662 substantiae
1807 3609 1980 3662 aliena
2024 3612 2204 3665 consi-

2314 3613 2406 3664 καὶ
2437 3611 2497 3662 τὸ
2527 3611 2751 3679 Πνεῦμα
2779 3611 2834 3662 δέ
2872 3611 2963 3662 καὶ
2997 3610 3127 3662 αὐτὸ
3160 3610 3219 3673 ἐξ
3263 3608 3427 3662 αὑτοῦ
3454 3610 3480 3648 h
3521 3607 3911 3676 ἐκπορευόμε-

632 3693 1041 3761 deretur;so|is
1091 3706 1270 3748 autem
1331 3699 1752 3765 proprietatibus
1801 3701 2203 3767 denotantibus,

2310 3715 2422 3764 νον,
2450 3701 2506 3753 ἐν
2537 3699 2642 3770 ἰδίᾳ
2672 3699 2968 3751 ὑποστάσει
2993 3698 3280 3767 τυγχάνει*
3319 3697 3460 3749 ὥστε
3493 3697 3618 3765 μίαν
3649 3697 3662 3735 ί
3695 3695 3912 3747 οὐσίαν

634 3787 749 3841 sive
776 3787 1234 3856 distinguentibus
1277 3788 1418 3841 inter
1452 3789 1593 3857 ipsas
1625 3789 2012 3858 intelligantur.
2062 3794 2208 3857 Quo-

2309 3792 2367 3843 ἐν
2415 3791 2592 3861 τρισὶν
2648 3790 2981 3843 ὑποστάσεσι
3040 3788 3564 3859 χαρακτηρίζεσθαι,
3612 3785 3701 3838 καὶ
3745 3788 3901 3855 μηδι

635 3878 792 3932 mu’do
819 3879 978 3948 igitur
1012 3880 1113 3932 erit
1137 3880 1350 3948 propria
1402 3881 1670 3947 operatio,
1719 3896 1949 3948 quorum
1993 3900 2095 3936 una
2122 3893 2204 3939 est

2309 3881 2500 3951 ετέραν
2546 3881 2724 3934 αὐτῶν
2773 3881 2850 3951 τῷ
2888 3881 2987 3949 τῆς
3029 3881 3215 3942 οὐσίας
3254 3880 3395 3948 λόγῳ
3447 3877 3909 3948 ὴλλοτριωμένην

631 3972 889 4034 essentia,
926 3980 977 4022 et
1002 3969 1328 4038 potentia,et
1361 3969 1651 4023 voluntas?
1681 3971 1813 4024 Nam
1853 3974 2047 4040 quibus
2087 3975 2202 4029 haec

2309 3971 2648 4042 θεωρεῖσθαι,
2678 3973 2868 4041 μόναις
2891 3972 2946 4024 δὲ
2974 3973 3196 4042 ἰδιότησι
3218 3970 3756 4041 χαρακτηριστικαῖς,
3793 3971 3912 4019 εἶτ·

633 4058 1108 4122 suntcommunia,
1147 4070 1331 4108 eorum
1369 4073 1469 4108 una
1501 4072 1721 4124 prorsus
1748 4066 1829 4111 est
1856 4059 2121 4125 operatio.

2309 4059 2393 4115 οὖν
2431 4064 2809 4134 διοριστικαῖς,
2847 4062 3092 4132 ἀλλήλων
3129 4063 3384 4116 νοεῖσθαι.
3445 4060 3564 4122 Πῶς
3609 4055 3698 4112 οὖν
3747 4058 3909 4110 iaci-

631 4147 799 4216 ζουσα
840 4149 1109 4217 ἐνέργεια,
1150 4140 1224 4200 ὧν
1264 4146 1361 4217 μία
1394 4146 1489 4199 καὶ
1538 4149 1571 4218 ή
1608 4147 1786 4215 οὐσία,
1832 4149 1924 4201 καὶ
1959 4149 2249 4220 ὴδύναμις,
2290 4155 2385 4206 καὶ
2422 4158 2454 4226 η
2514 4155 2803 4226 βούλησις;
2831 4148 2906 4207 ὧν
2937 4155 3045 4224 γὰρ
3104 4154 3279 4206 ταῦτα
3310 4151 3500 4215 κοινὰ,
3535 4149 3629 4221 μία
3665 4149 3907 4211 πάντως

630 4243 898 4314 ἐνέργεια.

2309 1867 2337 1918 ὁ
2367 1866 2487 1928 Υἱὸς
2513 1865 2606 1917 τοῦ
2637 1865 2868 1935 Πατρὸς,
2893 1867 2926 1935 ἢ
2957 1864 3051 1918 τοῦ
3087 1864 3400 1934 Πνεύματος
3421 1881 3432 1894 ·
3466 1865 3586 1917 οὐδὲ
3644 1881 3881 1934 κεχωρι-

1184 4357 1370 4426 Cyrilli
1398 4357 1651 4424 defensio.
2235 4363 2279 4418 D

2763 4359 3077 4428 Ἀπολογία
3115 4357 3440 4425 Κυρίλλου.

704 4470 978 4540 Numquid
1020 4470 1147 4524 milii
1181 4472 1394 4523 testium
1453 4485 1584 4523 voce
1623 4484 1758 4537 opus
1798 4468 1901 4521 erit
1951 4466 2014 4520 ad
2057 4481 2206 4520 com-

2382 4469 2529 4541 'Ap&
2565 4489 2653 4540 μοι
2687 4471 2978 4542 μαρτύρων
3018 4471 3199 4540 δεήσει
3237 4468 3422 4537 φωνῆς
3468 4467 3600 4537 πρὸς
3643 4467 3703 4518 τὸ
3740 4467 3905 4521 ἀπο-

632 4564 1063 4625 munstrandum,
1118 4562 1457 4615 adversarios
1531 4575 1665 4612 vana
1730 4558 1873 4626 loqui
1933 4557 2087 4622 velle,
2152 4565 2205 4610 et

2313 4569 2478 4637 φῆναι
2531 4566 2655 4624 τοὺς
2696 4565 2762 4615 δι’
2819 4562 3064 4624 ἐναντίας
3114 4562 3480 4628 εἰκαιολόγους
3525 4558 3816 4620 ἐθέλοντας
3851 4559 3903 4621 5,

631 4658 920 4709 adversum
955 4668 1051 4707 nos
1101 4662 1304 4707 temere
1337 4650 1684 4718 blasphemiis
1717 4651 1792 4702 uti
1819 4651 1840 4701 ?
1879 4650 2071 4703 Verum
2102 4649 2204 4702 hoc

2312 4655 2406 4707 καὶ
2436 4656 2556 4715 ταῖς
2593 4652 2713 4706 καθ’
2740 4653 2898 4721 ήμῶν
2924 4650 3253 4720 δυσφημίαις
3291 4647 3705 4718 ἀπερισκέπτως
3736 4665 3910 4716 χρω-

632 4745 781 4800 solus
820 4745 1035 4797 illorum
1076 4758 1275 4806 sermo,
1313 4752 1371 4795 ut
1409 4741 1622 4810 opinor,
1665 4741 1947 4795 indicabit.
1977 4740 2108 4793 Nam
2149 4741 2201 4792 iu

2316 4743 2541 4813 μένους;
2579 4740 2740 4805 Ἀλλ’,
2772 4737 2946 4809 οἶμαι,
2976 4739 3126 4791 τουτὶ
3172 4738 3266 4790 καὶ
3305 4738 3460 4806 μόνος
3489 4739 3516 4788 ὁ
3550 4737 3674 4804 παρ’
3703 4735 3909 4788 αὐτῶν

633 4836 912 4904 proposito
954 4835 1410 4888 anathematismo
1455 4831 1843 4886 allirtuavimus
1895 4832 2201 4895 manifeste,

2309 4832 2560 4896 διαδείξει
2589 4833 2612 4871 Ι(
2641 4832 2816 4899 λόγος.
2861 4832 2949 4883 Ἐν
2993 4831 3089 4899 μὲν
3129 4830 3235 4901 γάρ
3264 4829 3341 4898 τῷ
3379 4827 3721 4898 προκειμένῳ
3750 4828 3904 4880 ἁνα-

634 4929 910 4999 proprium
966 4942 1083 4982 esse
1130 4927 1251 4980 Filii
1315 4928 1579 4995 Spiritum
1631 4938 1879 4981 sanctum
1914 4942 1928 4990 ;
1969 4937 2023 4980 et
2061 4925 2204 4995 quod

2312 4919 2634 4990 θεματισμῷ
2677 4921 3138 4989 διισχυρισάμεθα
3189 4918 3374 4987 σαφῶς
3429 4917 3558 4969 ἴδιον
3599 4913 3736 4969 εἶναι
3793 4919 3906 4971 τοῦ

635 5036 730 5090 per
758 5021 992 5089 seipsum
1045 5019 1334 5088 perfecerit
1373 5020 1552 5073 divina
1585 5019 1757 5087 signa.
1796 5020 1865 5072 At
1893 5019 1987 5083 illi,
2013 5033 2203 5086 quam-

2313 5014 2442 5066 Υίοῦ
2457 5013 2515 5065 τὸ
2543 5012 2763 5082 Πνεῦμα
2776 5013 2834 5064 τὸ
2857 5014 3031 5080 ὅιγιον,
3064 5013 3160 5064 καὶ
3192 5011 3316 5080 μὴν,
3343 5010 3421 5061 ὅτι
3451 5009 3517 5060 δι’
3544 5006 3705 5060 αὑτοῦ
3733 5012 3907 5062 τετέ-

636 5115 716 5166 vis
740 5125 879 5181 smpe
906 5110 1195 5177 allirment,
1228 5126 1312 5164 me
1348 5111 1576 5164 oblitum
1630 5125 1751 5164 esse
1813 5125 2058 5164 meorum
2090 5125 2205 5163 ser-

2311 5107 2434 5158 λεκε
2456 5106 2555 5168 τὰς
2587 5105 2940 5175 θεοσημείας.
2967 5107 3028 5158 Oi
3056 5105 3136 5169 δέ,
3162 5103 3333 5156 καίτοι
3363 5101 3623 5162 πολλάκις
3649 5098 3665 5136 ι
3696 5101 3909 5172 ἐπιλή-

637 5216 874 5266 uionum,
927 5201 978 5254 in
1010 5214 1129 5255 eam
1171 5201 1586 5271 progrediuntur
1635 5201 2023 5270 stupiditatem,
2095 5199 2204 5255 into

2312 5199 2486 5268 σμονά
2513 5215 2579 5268 με
2601 5197 2708 5250 τῶν
2737 5195 2972 5267 ἐμαυτοῦ
2998 5205 3035 5231 ω
3063 5197 3236 5262 λόγων
3269 5193 3520 5262 γενέσθαι
3559 5192 3910 5263 διισχυριζόο

706 5373 750 5406 ⁸⁸
771 5371 961 5427 Matth.
1005 5389 1080 5439 xi,
1106 5371 1197 5426 28.
1274 5373 1318 5404 ”
1350 5370 1640 5436 Joannw,
1673 5369 1767 5425 10.
1845 5372 1860 5401 ⁸
1884 5370 2071 5425 Matth.
2099 5385 2197 5435 xu,
2220 5369 2307 5423 9.8.
2388 5371 2406 5399 ³
2432 5367 2577 5422 Psal.
2619 5381 2791 5431 xxxn,
2823 5363 2875 5418 6.
2955 5364 2974 5394 ³
3009 5359 3164 5416 Joan.
3198 5378 3233 5428 I,
3263 5361 3314 5415 ὅ.

1700 5528 1872 5580 Varia:
1904 5527 2159 5580 lectiones
2188 5540 2254 5579 ex
2285 5523 2470 5578 codice
2499 5521 2882 5592 Seguieriano.

710 5711 732 5738 ε
763 5699 836 5760 ὧς
864 5716 986 5752 που.
1068 5696 1084 5734 ί
1116 5697 1189 5759 ὡς
1224 5695 1329 5764 γὰρ
1353 5695 1537 5764 Λόγος.
1616 5701 1639 5738 ε
1673 5698 1859 5767 αὐτῆς.
1937 5697 1960 5736 h
1996 5694 2182 5765 αὐτῆς.
2267 5695 2279 5733 i
2317 5692 2390 5754 ὡς
2420 5692 2516 5761 τὴν
2551 5689 2695 5761 μίαν.
2780 5687 2792 5737 i
2839 5685 3202 5752 εἰκαιολογεῖν
3227 5682 3528 5744 ἐθέλοντας.
3611 5682 3631 5719 ιι
3659 5681 3852 5750 διεὰξε
3867 5705 3907 5740 ι.

643 5768 659 5809 ¹
695 5769 1014 5832 πλειστάκις
1109 5779 1147 5806 th
1179 5764 1393 5818 ἑαυτοῦ.
