4078 6348
226 421 332 474 55⁸1

837 407 1371 469 APOLOGETICUS
1412 406 1550 461 PRO
1593 405 1684 461 XII
1723 402 2090 461 CAPITIBUS
2129 407 2409 464 CONTRA
2448 409 2912 470 ORIENTALES.

3394 423 3498 481 358

228 556 404 610 μενοι,
428 539 762 607 προήκουσιν
788 537 866 598 εἰς
902 535 1062 590 τοῦτο
1078 537 1305 598 νωθείας
1325 535 1500 597 αὐτοὶ,
1534 529 1673 604 [καὶ]
1702 529 1789 602 μὴπ

1915 542 2040 584 vero
2081 531 2434 598 dementiam,
2473 541 2530 588 ut
2589 544 2778 604 putent
2808 554 2895 594 me
2920 539 3122 607 dicere,
3164 543 3305 612 quod
3336 545 3495 604 Jesus

225 635 323 685 καὶ
355 629 709 700 άϐελτηρίας,
728 628 802 691 ὡς
821 628 1027 682 οἴεσθαί
1047 645 1115 698 με
1146 628 1326 695 λέγειν
1343 627 1402 679 οὐ
1419 624 1509 679 διὰ
1523 624 1616 677 τοῦ
1635 622 1806 676 Ilvati-

226 739 399 790 ματος
442 720 726 774 ἐκϐάλλειν
764 719 854 773 τὸν
892 719 1102 789 Ἰησοῦν
1145 719 1212 772 τά
1241 717 1514 787 δαιμόνια.
1547 711 1671 786 ⁷Αρ’
1707 714 1806 768 οὐκ

225 814 467 884 ἐναργὴς
517 809 849 878 συκοφαντία
904 810 1063 863 τοῦτό
1113 825 1215 876 γε;
1260 810 1320 860 El
1370 809 1444 878 μὴ
1493 807 1657 878 γὰριλ
1705 806 1807 859 οὐκ

222 903 468 966 ἀξιοῦσιν
498 903 778 972 ὁμολογεῖν
818 902 1140 972 θεοσημείας
1177 897 1313 953 εἶναι
1361 902 1562 970 τρόπον
1599 900 1661 952 τὺ
1709 901 1804 951 ὲκ-

222 994 518 1047 ϐάλλεσθαι
545 995 612 1046 τά
639 994 909 1062 δαιμόνια,
943 993 1208 1060 λεγόντων
1238 993 1272 1044 ἃ
1304 991 1604 1062 βούλονται,
1631 991 1803 1043 ποιεί-

221 1103 406 1139 τωσαν
432 1087 554 1138 κατ’
585 1085 720 1155 ἐμοῦ
739 1093 762 1118 ο
792 1085 852 1136 τὸ
880 1085 1066 1154 χρῆμα
1112 1084 1352 1154 γραφὴν,
1397 1082 1804 1150 ἐγκαλείτωσαν

218 1175 304 1227 ὃτι
356 1175 429 1244 μὴ
476 1175 634 1227 τοῦτο
663 1174 802 1244 ἔφην
834 1173 1081 1240 ἐναργῶς
1107 1212 1121 1236 ,
1172 1174 1457 1241 σιωπήσας
1486 1171 1582 1233 τὰς
1611 1171 1802 1240 θεοση-

225 1267 409 1336 μείας.
446 1268 506 1319 Εἰ
536 1266 589 1318 δὲ
613 1265 748 1336 ὁμοῦ
785 1268 897 1327 τοῖς
934 1263 1114 1326 ἄλλοις
1146 1265 1241 1318 καὶ
1265 1264 1324 1316 τὸ
1354 1263 1711 1316 ἐκϐάλλεσθαι
1735 1261 1803 1315 τὰ

218 1359 476 1428 δαιμόνια
502 1398 516 1422 ,
551 1358 750 1428 τρόπος
793 1355 856 1408 ἂν
907 1357 1012 1426 εἴη,
1039 1358 1132 1408 καὶ
1175 1358 1274 1408 οὐκ
1307 1355 1681 1425 ἁθαύμαστος,
1701 1354 1803 1421 τῆς

221 1450 591 1520 θεοσημείας,
653 1449 705 1501 τί
751 1449 952 1518 δήποτε
1019 1448 1278 1516 μεθέντες
1333 1447 1407 1510 ὼς
1456 1447 1685 1518 ἀκερδὲς
1741 1445 1803 1499 τὸ

219 1541 439 1594 ἑλέσθαι
477 1541 677 1609 μᾶλλον
702 1542 1014 1610 εὐστομεῖν,
1050 1540 1227 1592 καὶτὸ
1250 1541 1446 1608 χρῆναι
1483 1538 1665 1592 λαλεῖν
1702 1538 1801 1607 τὴν

219 1637 484 1707 ἀλήθειαν
525 1634 597 1696 ὼς
644 1634 812 1686 ἕωλον
860 1633 1292 1703 παραιτούμενοι
1320 1671 1334 1694 ,
1387 1632 1447 1683 τὸ
1489 1635 1632 1703 τῆςρ
1679 1630 1800 1684 καθ’

215 1728 376 1796 ἡμῶν
407 1726 808 1796 ἀθυροστομίας
855 1725 1182 1791 τετιμήκασι
1207 1722 1394 1790 χρῆμα
1415 1731 1463 1784 1,
1498 1723 1592 1773 καὶ
1614 1721 1714 1773 οῦκ
1743 1723 1800 1773 ἐν

216 1817 405 1888 μικρῷ
429 1818 753 1885 πεποίηνται
787 1815 928 1882 λόγῳ
953 1813 1012 1864 τὸ
1039 1813 1182 1865 οῦτω
1216 1813 1619 1882 κατεψεγμένον
1649 1812 1799 1882 παρά

1911 623 2175 678 daemonia
2237 641 2341 681 non
2386 627 2610 696 ejecerit
2666 644 2763 699 per
2827 631 3114 703 Spiritum.
3161 637 3352 693 Annon
3411 650 3494 694 est

1912 714 2197 770 manifesta
2231 718 2501 774 calumnia
2529 720 2642 776 hac
2673 721 2696 774 ?
2745 722 2879 776 Nam
2919 725 2965 778 sl
2993 725 3266 798 refugiunt
3316 729 3491 784 confi—

1912 805 2053 870 teri,
2079 807 2382 862 divinorum
2436 810 2710 879 signorum
2761 827 2929 882 genus
2962 830 3081 872 esse
3120 818 3242 888 ejici
3282 821 3492 873 daemo-

1909 897 2018 962 nia,
2089 899 2269 952 dicant
2295 916 2414 968 qua:
2451 903 2652 968 volunt,
2689 904 2738 958 id
2769 907 2896 959 mihi
2932 924 3029 975 pro
3061 911 3288 966 crimine
3321 913 3494 966 ascri-

1909 987 2055 1053 bant,
2103 1005 2354 1046 accusent
2413 997 2554 1063 quod
2607 996 2708 1050 hoc
2753 1013 2857 1053 non
2910 1001 3197 1056 manifeste
3234 1003 3488 1070 dixerim,

1907 1081 2196 1150 divinaque
2227 1084 2378 1152 signa
2412 1087 2631 1141 silentio
2664 1089 3040 1156 prreterieritn.
3081 1091 3137 1146 Si
3173 1103 3354 1148 autem
3399 1097 3490 1148 in-

1910 1180 1987 1225 ter
2017 1184 2211 1228 caetera
2241 1174 2440 1242 ejicere
2475 1179 2738 1232 dzemonla
2773 1181 2929 1251 183
2961 1197 3130 1252 genus
3166 1194 3250 1239 est
3276 1187 3486 1240 divino-

1907 1279 2025 1316 rum
2081 1266 2351 1332 signorum
2410 1271 2768 1325 admiratione
2819 1273 3076 1340 dignum,
3143 1290 3240 1329 cur
3291 1277 3487 1347 liugtue

1906 1361 2213 1422 temperare
2246 1366 2500 1425 tanquam
2533 1374 2647 1412 rem
2685 1362 2933 1415 inutilem
2965 1374 3395 1432 contemnentes,
3433 1375 3488 1421 et

1905 1445 2048 1514 loqui
2087 1447 2375 1502 veritatem
2407 1459 2661 1518 tanquam
2712 1467 2825 1506 rt-m
2856 1453 3097 1522 putidam
3131 1457 3484 1528 refugientes,

1904 1539 2115 1592 dicendi
2145 1538 2578 1608 intemperantia
2608 1543 2895 1596 adversum
2924 1560 3021 1598 nos
3051 1546 3126 1599 uti
3157 1549 3483 1616 maluerunt,

1903 1637 1957 1682 et
1992 1645 2102 1683 rem
2141 1640 2423 1697 tantopere
2456 1635 2600 1700 apud
2639 1633 2802 1687 Deum
2846 1644 2900 1688 et
2931 1637 3179 1692 homines
3211 1639 3482 1709 vitupera-

1907 1730 2011 1774 tam
2047 1720 2180 1773 nihil
2242 1722 2510 1777 interesse
2543 1725 2902 1790 putaverunt?
2940 1727 3045 1782 Sed
3076 1729 3323 1783 videntur
3354 1731 3483 1786 mihi

1903 1825 2026 1864 esse
2070 1812 2222 1865 obliti
2255 1812 2458 1867 Christi
2487 1815 2718 1870 dicentis
2747 1834 2759 1870 :
2792 1837 2809 1869 ι
2839 1818 3119 1884 Quomodo
3147 1822 3292 1877 dices
3323 1822 3482 1877 fratri

209 1927 274 1962 τε
300 1909 419 1977 Θεῷ
445 1910 539 1961 καὶ
591 1905 928 1976 ἀνθρώποις;
963 1903 1346 1972 Ἐπιλελῆσθαι
1377 1903 1432 1955 δέ
1462 1920 1550 1973 μοι
1580 1903 1789 1955 δοκοῦσι

1905 1903 1996 1948 tuo
2027 1912 2040 1948 :
2073 1896 2289 1962 Frater,
2327 1899 2448 1953 sine
2481 1901 2692 1969 ejiciatn
2719 1904 2978 1959 festucam
3010 1908 3073 1961 de
3100 1911 3254 1964 oculo
3285 1919 3395 1975 tuo,
3428 1922 3484 1966 et

207 1999 468 2068 λέγοντος
497 1997 589 2050 τοῦ
620 1997 859 2066 Χριστοῦ
886 2013 896 2024 ·
937 2015 953 2046 t
993 1996 1118 2058 Πῶς
1153 1999 1294 2066 ἐρεῖς
1323 1995 1401 2064 τῷ
1436 1995 1650 2065 ἀδελφῷ
1677 2011 1790 2047 σου·

222 2089 470 2157 ’Δδελφέ,
506 2088 642 2156 ἄφες
675 2087 890 2140 ἐκϐάλω
918 2097 938 2123 τ
967 2087 1026 2138 τὸ
1063 2086 1272 2156 κάρφος
1303 2088 1367 2138 ὲκ
1394 2085 1486 2138 τοῦ
1511 2085 1792 2154 ὀφθαλμοῦ

209 2199 331 2243 σου,
353 2182 448 2234 καὶ
473 2181 581 2233 ἰδοῦ
613 2180 818 2250 ἡδοκδς
849 2182 904 2232 ἐν
928 2179 1004 2250 τῷ
1034 2179 1110 2249 σῷ
1138 2177 1438 2248 ὀφθαλμῷ;
1469 2178 1791 2249 ’λ’ποκριτά,

205 2273 407 2326 ἔκϐαλε
440 2272 655 2342 πρῶτον
682 2273 778 2340 τὴν
803 2271 958 2324 δοκὸν
995 2274 1056 2323 ἐκ
1086 2271 1180 2323 τοῦ
1220 2269 1501 2340 ὀφθαλμοῦ
1545 2288 1660 2336 σου,
1700 2272 1793 2323 καὶ

204 2365 331 2417 τότε
363 2363 656 2433 ὲμϐλέψεις
682 2374 702 2401 ³
759 2362 1011 2415 ἐκϐαλεῖν
1042 2363 1102 2414 τὸ
1136 2362 1346 2432 κάρφος
1376 2364 1438 2412 ἐκ
1472 2360 1566 2412 τοῦ
1596 2361 1794 2428 09:01),-

206 2457 318 2526 μοῦ
346 2458 438 2510 τοῦ
481 2457 708 2524 ἀδελφοῦ
743 2474 860 2509 σου.
900 2477 918 2508 ι
957 2458 1077 2508 ’Ὁτι
1111 2457 1209 2526 μὲν
1237 2455 1343 2523 γάρ
1403 2454 1690 2524 ὀμοούσιός
1729 2453 1788 2506 τὲ

202 2551 362 2599 ἐστιν
387 2553 403 2582 ί
430 2548 463 2617 ἡ
499 2548 629 2614 ἁγία
660 2547 852 2617 Τριὰς,
889 2546 1168 2615 ἰσοσθενής
1199 2563 1280 2609 τε,
1306 2546 1397 2596 καὶ
1433 2545 1700 2614 ἰσουργός,
1733 2545 1792 2597 οὐ

130 2634 143 2644 “
200 2638 298 2690 διά
327 2654 391 2705 γε
439 2636 534 2690 τοῦ
567 2638 697 2707 παρ’
733 2637 887 2705 ὑμῶν
917 2635 1238 2704 ἐγνώκαμεν
1273 2634 1434 2701 λόγου
1457 2652 1468 2664 ·
1513 2635 1792 2706 πεπληρο-

202 2726 501 2796 φορήμεθα
547 2725 603 2778 δὲ
651 2725 850 2795 μᾶλλον
895 2726 957 2775 ἐκ
992 2723 1089 2792 τῆς
1141 2723 1501 2777 θεοπνεύστου
1546 2726 1788 2796 Γραφῆς.

202 2820 333 2868 Ὀτι
365 2818 420 2868 δὲ
447 2818 564 2868 κατ’
600 2815 788 2868 οὐδένα
819 2815 1019 2884 τρόπον
1058 2819 1170 2878 τοῖς
1209 2816 1310 2885 τῆς
1340 2816 1507 2888 ὀρθῆς
1556 2817 1791 2879 πίστεως

197 2908 613 2976 διαλυμανεῖται
654 2905 850 2974 λόγοις,
884 2905 1089 2975 ὀνίνησι
1120 2906 1175 2958 δέ
1208 2907 1410 2977 μᾶλλον
1439 2911 1466 2961 ὁ
1500 2908 1792 2978 προκείμε-

197 3016 294 3062 νος
326 2997 793 3069 ἀναθεματισμός,
821 3000 1208 3068 ἀταλαίπωρον
1242 3000 1388 3053 ἰδεῖν.
1410 3001 1546 3064 Τοὺς
1575 3001 1683 3070 γάρ
1711 3017 1788 3052 τοι

196 3091 551 3160 διαιροῦντας
583 3090 672 3143 τὸν
703 3091 799 3143 ἕνα
844 3091 1051 3162 Κύριον
1095 3092 1303 3163 Ἰησοῦν
1342 3095 1596 3164 Χριστὸν,
1635 3095 1790 3164 μερί-

197 3185 400 3248 ζοντάς
428 3202 485 3236 τε
516 3184 697 3246 αὑτὸν,
731 3183 802 3244 ὡς
850 3183 948 3252 ἤδη
998 3184 1318 3247 πλειστάκις
1350 3188 1673 3256 εἰρήκαμεν,
1710 3188 1788 3247 εἰς

196 3274 771 3348 ἄνθρωπον,ἰδικῶς,
819 3275 913 3326 καὶ
960 3277 1038 3336 εἰς
1071 3275 1202 3328 Θεὸν
1245 3277 1419 3344 Λόγον
1462 3277 1663 3340 ἰδικώς,
1713 3279 1787 3338 ὡς

194 3369 344 3422 δύου
371 3367 607 3420 νοεῖσθαι
635 3368 905 3438 πρόσωπά
930 3385 987 3419 τε
1027 3369 1120 3419 καὶ
1150 3368 1477 3430 ὑποστάσεις
1523 3369 1788 3439 διισχυρι-

197 3461 442 3531 ζομένας
475 3461 568 3512 ἀπ’
592 3459 840 3530 ἀλλήλων
855 3469 904 3525 τ,
923 3459 1081 3513 τοῦτο
1105 3461 1239 3530 δρᾷν
1265 3460 1365 3513 οὐκ
1398 3461 1463 3530 ἐᾷ
1485 3477 1496 3490 ο
1530 3459 1651 3513 οὔτε
1681 3460 1785 3531 μὴν

197 3554 392 3624 ἐφίησι
439 3552 618 3621 λέγειν
665 3554 738 3616 ὡς
783 3553 879 3605 ἕνα
930 3553 1426 3623 κοινονιᾶνθρωπον
1461 3553 1787 3622 ἐνηργῆσθαι

200 3646 360 3718 παρὰ
401 3645 496 3698 τοῦ
547 3645 864 3714 Πνεῦμα-ξος
888 3645 978 3697 τὸν
1020 3645 1247 3714 Ἰησοῦν,
1279 3645 1414 3714 πρός
1447 3662 1508 3711 γε
1543 3647 1602 3696 τὸ
1631 3644 1787 3697 δύνα-

199 3740 334 3790 σθαι
386 3737 686 3808 κατορθοῦν
737 3736 834 3798 τὰς
869 3735 1199 3805 θεοσημεὶας
1225 3753 1236 3765 ’
1283 3736 1404 3787 ἐπεὶ
1443 3737 1562 3787 κατ’
1597 3736 1787 3788 οὐδένα

191 3830 623 3910 διοίσειντρόπον
652 3828 758 3880 τῶν
785 3827 955 3894 ἁγίων
985 3827 1378 3898 ἀποστόλων,ἢ
1412 3825 1543 3894 γοῦν
1571 3843 1784 3897 προφη-

189 3924 330 3984 τῶν,
369 3921 417 3974 οἳ
463 3921 550 3972 διὰ
588 3921 685 3989 τῆς
719 3918 926 3972 ἄνωθεν
972 3919 1313 3990 ἡμερότητος
1355 3919 1465 3971 τῶν
1496 3920 1656 3972 θείων
1692 3938 1784 3989 κα-

191 4014 487 4083 ρισμάτων
515 4011 997 4082 ἀναπιμπλάμενοι
1017 4015 1174 4079 φαῖεν
1201 4012 1265 4064 ἂν
1292 4011 1535 4074 εἰκότως·
1559 4013 1784 4080 «Χάριτι

189 4104 333 4160 Θεοῦ
377 4106 544 4172 ἐσμεν
569 4103 596 4154 ὅ
625 4103 811 4172 ἐσμεν.
849 4123 866 4154 ι
914 4102 1076 4156 Ἀλλὰ
1105 4106 1215 4166 τοῖς
1251 4104 1347 4172 μὲν
1380 4104 1553 4172 ἁγίοις
1583 4105 1782 4174 ἀνδρά-

187 4214 304 4256 σιν,
361 4190 443 4256 οἷς
485 4195 518 4264 ὴ
568 4193 676 4245 τῶν
719 4193 870 4264 παρά
919 4192 1054 4246 Θεοῦ
1103 4193 1458 4264 χαρισμάτων
1506 4195 1781 4264 ἐμπρέπει

185 4284 467 4353 διανομὴ,
522 4285 813 4354 άρμόσειεν
859 4283 924 4336 ἂν
970 4284 1245 4346 εὶκότωςι
1301 4287 1332 4355 ή
1376 4285 1554 4338 τοιάδε
1602 4289 1778 4355 φωνὴ,

185 4373 424 4444 Χριστῷ
449 4373 504 4425 δὲ
534 4373 736 4427 οὐκέτι.
770 4373 928 4424 Ἰδιον
958 4372 1065 4443 γὰρ
1096 4372 1244 4440 αὑτῷ
1269 4382 1297 4420 Υ
1325 4373 1384 4426 τὸ
1411 4375 1636 4444 Πνεῦμα
1664 4379 1778 4428 ἐστι

185 4467 251 4519 τὸ
282 4466 461 4532 ἆγιον,
495 4465 748 4534 καθάπερ
779 4463 972 4532 ἀμέλει
999 4466 1092 4516 καὶ
1116 4464 1209 4515 τοῦ
1238 4464 1373 4516 Θεοῦ
1406 4466 1499 4517 καὶ⁹
1531 4468 1742 4537 Πατρός
1763 4485 1775 4496 ·

1901 1997 2030 2038 ecce
2080 1985 2226 2040 trabs
2276 1997 2357 2041 est
2408 1990 2459 2042 in
2494 1991 2651 2045 oculo
2693 1995 2823 2048 tuo?
2852 1995 3175 2066 Hypocrita,
3210 2001 3345 2070 ejice
3378 2005 3483 2072 pri-

1901 2088 2048 2127 mum
2086 2077 2294 2130 trabem
2338 2079 2405 2132 de
2443 2081 2600 2136 oculo
2643 2091 2754 2148 tuo,
2799 2095 2851 2140 et
2893 2097 3019 2140 tunc
3047 2089 3253 2145 videbis
3281 2093 3480 2161 ejicere

1900 2165 2166 2222 festucam
2207 2171 2273 2223 de
2305 2171 2464 2225 oculo
2497 2172 2682 2250 fratris
2713 2177 2785 2230 tui
2813 2178 2851 2231 δ.
2885 2197 2903 2228 ι
2938 2179 3070 2234 Nam
3107 2185 3249 2251 quod
3291 2198 3477 2240 sancta

1899 2257 2144 2313 Trinitas
2190 2258 2429 2326 ejusdem
2485 2265 2554 2316 sit
2603 2268 2942 2337 substantize,
2976 2271 3217 2341 ejusdem
3270 2276 3480 2332 roboris

1896 2358 1950 2402 et
1996 2351 2352 2418 Operationis,
2397 2368 2503 2406 non
2536 2370 2633 2423 per
2669 2372 2907 2412 vestrum
2946 2362 3232 2420 didicimus
3274 2382 3481 2421 sermo-

1897 2451 2041 2504 nem,
2082 2439 2176 2492 sed
2216 2455 2403 2495 sumus
2432 2444 2607 2497 edocti
2647 2447 2825 2513 potius
2870 2464 2932 2503 ex
2966 2466 3121 2505 sacra
3169 2454 3475 2525 Scriptura.

1897 2527 2051 2594 Quod
2083 2539 2264 2584 autem
2288 2533 2597 2600 propositus
2623 2540 3114 2596 anathematismus
3137 2545 3284 2600 nullo
3317 2551 3476 2605 modo

1898 2629 2062 2674 rectte
2118 2621 2239 2673 fidei
2290 2624 2636 2678 sermonibus
2685 2625 2851 2690 obsit,
2893 2631 2986 2682 sed
3034 2631 3208 2698 prosit
3251 2635 3472 2702 potius,

1898 2712 2016 2765 sine
2045 2713 2231 2766 labore
2261 2714 2446 2768 videre
2469 2715 2612 2770 licet.
2645 2715 2777 2771 Nam
2803 2734 2895 2774 eos
2916 2721 3007 2791 qui
3035 2722 3284 2778 dividunt
3311 2743 3474 2783 unum

1896 2802 2182 2856 Dominum
2224 2801 2405 2856 Jestun
2439 2805 2748 2874 Christum,
2797 2821 2850 2864 et
2894 2813 3139 2869 dividunt
3187 2817 3382 2884 ipsum,
3419 2833 3478 2874 ut

1888 2894 1998 2960 jam
2030 2895 2330 2961 saepissime
2365 2895 2618 2960 diximus,
2656 2899 2706 2951 in
2741 2901 3012 2957 hominem
3050 2911 3303 2974 seorsim,
3334 2925 3386 2964 et
3421 2913 3472 2966 in

1897 2985 2063 3038 Deum
2115 2986 2350 3040 Verbum
2409 2989 2661 3052 seorsim,
2721 2992 2792 3045 ita
2847 3005 2898 3046 ttt
2941 2996 3059 3050 dua:
3105 3000 3474 3071 intelligantur

1893 3092 2136 3144 persona:
2187 3089 2240 3132 et
2291 3079 2664 3135 subsistentia:
2718 3084 2857 3139 inter
2903 3102 2960 3140 se
3009 3089 3310 3157 disjunctm,
3371 3096 3474 3150 hoc

1901 3171 2077 3225 facere
2134 3188 2238 3226 non
2293 3175 2419 3226 sinit
2457 3190 2675 3242 :ueque
2728 3178 2996 3244 permittit
3053 3183 3277 3247 dicere,
3329 3189 3471 3254 quod

1839 3262 1856 3281 ‘
1900 3271 2152 3328 tanquam
2184 3279 2323 3317 unus
2355 3264 2661 3316 communis
2691 3266 2852 3320 homo
2878 3269 3034 3323 Jesus
3066 3273 3244 3325 divina
3281 3276 3327 3328 vi
3359 3277 3473 3344 agi-

1897 3363 2045 3406 tante
2085 3366 2262 3407 motus
2298 3356 2461 3410 fuerit
2491 3375 2516 3412 a
2546 3359 2750 3429 Spirittt
2784 3372 2996 3425 sancto,
3030 3371 3086 3413 ul
3127 3365 3298 3430 possit
3327 3368 3473 3420 scili-

1893 3455 1976 3498 cet
2032 3447 2215 3498 tlivina
2266 3449 2419 3516 signa
2512 3454 2814 3519 perficere;
2860 3453 3057 3522 alioqui
3115 3456 3262 3510 nullo
3311 3460 3470 3513 modo

1892 3533 2104 3589 dili‘cret
2141 3553 2170 3591 a
2225 3541 2429 3594 sanctis
2473 3543 2733 3610 apostolis
2768 3545 2848 3596 vel
2893 3547 3193 3613 pr0phetis,
3237 3551 3324 3616 qui
3375 3566 3471 3620 per

1891 3629 2128 3682 divinam
2165 3630 2555 3701 benignitatem
2591 3635 2789 3690 divinis
2823 3637 3026 3705 impleti
3060 3640 3236 3701 donis,
3274 3643 3469 3697 merito

1891 3718 2074 3774 dicere
2141 3735 2408 3788 possunt:
2449 3743 2466 3774 ι
2501 3726 2686 3780 Gratia
2743 3729 2838 3781 Dei
2901 3745 3122 3794 sumus,
3178 3735 3321 3800 quod
3378 3750 3469 3788 su-

1890 3827 2009 3868 mus
2032 3814 2074 3866 ⁵.
2112 3832 2127 3863 ι
2169 3815 2275 3868 Sed
2313 3819 2516 3870 sanctis
2548 3821 2765 3886 quidem
2799 3822 2954 3885 viris,
2992 3823 3042 3875 in
3069 3825 3263 3890 quibus
3295 3828 3468 3880 dono-

1892 3920 2009 3958 rum
2043 3909 2216 3961 sancti
2251 3908 2490 3977 Spiritus
2517 3912 2830 3966 distributio
2863 3914 3145 3982 praecellit,
3179 3919 3312 3970 bene
3334 3934 3464 3972 cou-

1887 3998 2031 4066 gruit
2075 3999 2186 4052 hac
2227 4014 2353 4064 vox,
2387 4001 2608 4056 Christo
2650 4016 2828 4057 autem
2864 4021 2970 4059 non
3019 4007 3170 4062 item.
3210 4008 3468 4077 Proprius

1886 4090 2030 4142 enim
2069 4101 2151 4144 est
2183 4089 2297 4157 ejus
2333 4089 2574 4158 Spiritus
2603 4105 2843 4158 sanctus,
2873 4099 3326 4165 quemadmodum
3360 4103 3466 4154 sci-

1885 4179 2012 4234 licet
2059 4192 2141 4235 est
2189 4184 2279 4236 Dei
2333 4183 2514 4238 Patris
2548 4203 2559 4238 :
2590 4199 2847 4254 operatur
2895 4199 3075 4242 autem
3123 4192 3264 4244 sicut
3303 4191 3468 4245 Pater

1883 4288 1982 4341 per
2017 4272 2301 4342 Spiritum,
2350 4277 2422 4330 ita
2472 4288 2526 4331 et
2574 4278 2706 4348 ipse.
2746 4278 2933 4348 Itaque
2969 4283 3219 4347 quamvis
3256 4283 3464 4336 diceret

1883 4364 2082 4418 Judaeis
2120 4383 2132 4418 :
2167 4384 2186 4414 ι
2221 4366 2382 4420 Multa
2418 4368 2558 4422 bona
2592 4384 2753 4436 opera
2788 4370 3000 4424 ostendi
3035 4371 3188 4425 vobis
3227 4387 3254 4425 a
3302 4373 3464 4429 Patre

1884 4471 2007 4508 meo
2033 4456 2081 4519 ‘;
2116 4474 2134 4506 ι
2162 4467 2216 4510 et
2250 4476 2261 4511 :
2297 4475 2314 4507 ι
2347 4459 2383 4510 Α
2416 4460 2620 4527 meipsu
2677 4475 2780 4514 non
2821 4461 3051 4528 loquor:
3079 4461 3240 4516 Pater
3282 4475 3460 4518 autent

187 4560 414 4626 ἐνεργεῖ
440 4557 494 4609 δὲ
522 4556 710 4628 ὥσπερ
745 4558 772 4609 ὀ
811 4556 999 4625 Πατὴρ
1029 4556 1113 4608 διὰ
1148 4556 1238 4608 τοῦ
1279 4557 1774 4626 ῐῐνεὺματος,οΰτω

1894 4552 1938 4602 in
1982 4564 2068 4602 me
2115 4564 2360 4613 manens,
2395 4551 2506 4618 ipse
2547 4551 2672 4603 facit
2723 4567 2883 4621 opera
2911 4552 2970 4616 ';
3005 4571 3022 4604 ι
3059 4569 3246 4606 rursus
3282 4565 3460 4608 tamen

184 4649 287 4700 καὶ
312 4647 498 4709 αὑτός.
520 4648 630 4700 Καὶ
654 4646 806 4714 γοῦν,
834 4647 1008 4698 καίτοι
1037 4647 1207 4713 λέγων
1224 4646 1497 4713 Ἰουδαίοις
1520 4664 1530 4676 ·
1560 4667 1576 4696 ι
1604 4647 1777 4701 Πολλὰ

184 4739 340 4793 καλὰ
371 4739 542 4802 ἔδειξα
571 4739 702 4806 ὑμῖν
733 4737 869 4808 ἔργα
894 4737 1044 4806 παρὰ
1075 4737 1167 4788 τοῦ
1202 4739 1413 4806 Πατρός
1451 4755 1550 4807 μου
1573 4757 1618 4789 ἰ
1655 4741 1776 4805 καὶ,

190 4853 207 4884 ι
257 4830 383 4883 Ἀπ’
424 4829 664 4900 ἐμαυτοῦ
697 4830 755 4882 οὺ
786 4829 932 4882 λαλῶ
953 4845 964 4857 ’
997 4832 1024 4882 ὀ
1061 4829 1117 4882 δὲ
1153 4828 1339 4899 Πατὴρ
1385 4831 1412 4881 ὁ
1445 4832 1500 4882 ἐν
1529 4833 1649 4900 ἐμοὶ
1683 4833 1780 4901 μὲ-

182 4939 322 4986 νων,
357 4923 501 4973 ποιεῖ
521 4920 589 4973 τά
621 4921 759 4991 ἔργα
792 4920 953 4981 αὐτός
979 4929 1022 4954 ι’
1047 4939 1063 4970 ι
1096 4919 1198 4989 ἔφη
1227 4921 1282 4972 δέ
1315 4937 1416 4971 που
1453 4921 1630 4973 πάλιν·
1670 4940 1686 4970 ι
1716 4923 1778 4974 Εἰ

179 5016 243 5068 δὲ
281 5015 397 5081 ἐγὼ
427 5015 484 5065 ἐν
529 5014 807 5082 Πνεῦματι
846 5010 980 5064 Θεοῦ
1031 5011 1276 5064 ἐκϐάλλω
1324 5011 1393 5065 τὰ
1441 5013 1710 5082 δαιμόνια»
1749 5033 1765 5063 ι

177 5108 290 5174 τὴν
316 5105 406 5156 διὰ
432 5103 524 5156 τοῦ
559 5105 877 5174 Πνεῦματος
901 5104 1182 5172 ἐνέργειαν
1214 5104 1486 5166 ἀνατιθεὶς
1513 5105 1687 5173 ἐαυτῷ
1711 5123 1769 5158 τε

177 5197 283 5251 καὶ
319 5194 399 5262 τῷ
449 5194 625 5262 Πατρὶ
655 5195 743 5246 διὰ
779 5194 876 5264 τὴν
932 5193 1235 5264 ταυτότητά
1269 5194 1366 5263 τῆς
1410 5195 1615 5257 οὐσίας.
1660 5197 1771 5248 Καὶ

180 5286 362 5347 πολὺς
400 5283 467 5337 ἂν
496 5285 702 5352 γένοιτο
739 5286 832 5337 καὶ
865 5285 1071 5356 μακρὸς
1104 5287 1132 5338 ό
1177 5286 1306 5356 περὶ
1342 5287 1545 5340 τούτων
1572 5287 1727 5356 λόγος
1750 5304 1764 5319 ο

252 5448 278 5474 ⁵
319 5441 509 5496 Matth.
560 5458 654 5506 vtt,
684 5441 739 5505 4,
777 5443 830 5496 5.
908 5442 928 5473 ⁵
958 5442 976 5496 l
1009 5444 1230 5510 Cor.xv,
1268 5444 1354 5496 10.

1435 5445 1454 5476 ⁶
1480 5443 1635 5499 Joan.
1677 5461 1728 5510 ιι,
1759 5445 1848 5499 '52.

1881 4640 2078 4694 alicubi
2113 4639 2322 4694 dicebat
2356 4655 2369 4694 :
2407 4662 2426 4690 ‹
2463 4643 2518 4693 Si
2561 4652 2739 4696 autem
2786 4658 2884 4711 ego
2915 4644 2964 4696 in
3000 4641 3203 4712 Spiritu
3238 4645 3326 4697 Dei
3362 4646 3461 4711 eji-

1879 4733 1965 4786 cio
2007 4732 2349 4797 daemonia“;
2389 4751 2406 4783 ι
2441 4735 2810 4801 operationem
2861 4749 2956 4802 per
3007 4731 3270 4803 Spiritum
3319 4739 3461 4791 refe-

1882 4839 2008 4878 rens
2039 4826 2089 4877 in
2125 4840 2182 4878 se
2220 4834 2273 4878 et
2300 4824 2537 4890 Patrem,
2569 4837 2790 4894 pr0pter
2817 4829 3156 4880 identitatem
3192 4827 3449 4880 substan-

1881 4920 1986 4972 tia).
2032 4919 2096 4971 Et
2150 4919 2351 4972 multus
2398 4919 2610 4986 quidem
2663 4935 2726 4971 ac
2779 4920 3019 4987 prolixus
3071 4929 3218 4972 esset
3265 4922 3329 4971 de
3374 4919 3457 4974 his

1883 5015 2043 5068 rebus
2103 5029 2320 5067 sermo:
2359 5012 2519 5082 184
2548 5015 2638 5065 sed
2682 5013 2827 5065 illum
2879 5013 3107 5066 dilatare
3154 5013 3457 5067 volentibus

1881 5108 2222 5161 convenienti
2279 5115 2538 5172 tempore,
2593 5113 2647 5157 ut
2686 5115 2832 5172 pulo,
2877 5120 3010 5170 Opus
3062 5114 3224 5157 esset.
3271 5103 3455 5172 Itaque

1881 5214 1984 5252 non
2016 5198 2169 5266 quasi
2215 5198 2390 5249 aliena
2425 5197 2622 5249 virtute
2651 5212 2742 5262 per
2776 5195 3038 5262 Spiritum
3074 5206 3277 5248 motum
3322 5197 3455 5248 dici-

1879 5305 1998 5342 mus
2055 5288 2504 5349 Emmannelem,
2546 5288 2638 5338 sed
2691 5286 2776 5337 illa
2835 5287 3010 5354 potius
3067 5287 3247 5340 divino
3304 5301 3454 5340 more

1929 5444 1948 5473 ⁷
1983 5441 2140 5496 Joan.
2190 5459 2300 5506 xw,
2341 5442 2427 5494 10.
2525 5441 2545 5470 ⁸
2580 5440 2768 5494 Matth.
2811 5457 2906 5506 xu,
2946 5441 3036 5496 9.8.

1256 5599 1432 5652 Variae
1476 5599 1734 5653 lectiones
1767 5612 1832 5652 ex
1858 5597 2045 5653 codice
2086 5597 2460 5666 Segnieriano.

255 5767 286 5793 "
319 5760 365 5810 εἰ
395 5757 496 5830 μὲν
529 5754 658 5825 γάρ.
737 5761 761 5790 ο
793 5752 1167 5808 ποιείσθωσαν
1211 5753 1265 5805 δὲ
1301 5753 1420 5806 κατ’
1451 5753 1606 5822 ἐμοῦ.
1686 5765 1712 5802 ρ
1739 5753 1813 5830 τῷ
1835 5752 1958 5830 τῆς.
2036 5761 2061 5800 q
2093 5751 2360 5830 χρήματι.
2445 5758 2469 5830 ξ
2496 5747 2729 5830 ἐκϐαλῶ.
2770 5827 2787 5830 4
2808 5755 2827 5782 ³
2855 5747 3225 5828 περιϐλέψεις.
3309 5752 3324 5785 ί
3355 5744 3450 5804 οὖν

175 5806 722 5898 ὀδμοοῦνσῖαϋτὲἶστιν.
800 5806 827 5864 illi
863 5828 940 5885 εἰς
978 5823 1090 5877 δυο.
1171 5834 1192 5860 ν
1231 5806 1692 5892 διετχοινισμένας
1725 5806 1986 5892 αλλήλων.
2069 5834 2091 5860 ι
2123 5823 2367 5882 εἰκότως.
2445 5827 2470 5865 3'
2501 5819 2685 5873 αὑτοῦ.
2768 5827 2788 5854 κ
2825 5817 3012 5870 αὑτοῦ.
