4078 6348
612 393 717 450 359

1640 388 1699 444 S.
1741 386 2014 443 CYRILLI
2054 383 2521 441 ALEXANDRINI
2565 381 2886 440 ARCIIIEP.

3775 381 3880 437 560

611 517 792 566 usum,
827 509 882 556 et
923 501 1200 571 propriam
1242 500 1504 556 habuisse
1541 501 2021 557 consubstantialis
2051 500 2184 570 Spi-

2299 499 2383 565 Βῶ,
2428 495 2657 570 οἷμαια,
2708 496 2901 570 καιροῦ
2952 494 3047 550 τοῦ
3098 494 3433 584 καθήκοντος
3479 495 3592 559 τοῖς
3636 494 3878 550 ἐθέλουσι

612 597 748 651 ritus
793 594 1071 648 virtutem.
1123 590 1259 647 Nam
1307 593 1452 648 beati
1489 592 1708 663 quidem
1756 591 2003 663 discipuli
2041 592 2194 661 signa

613 688 875 741 facientes
922 685 1230 741 dicebant:
1272 703 1290 736 ι
1330 685 1463 749 Viri,
1513 683 1641 754 quid
1689 684 1844 739 nobis
1895 684 2195 748 attenditis,

613 777 765 845 quasi
809 776 1027 844 propria
1085 775 1287 830 virtute
1332 783 1426 828 aut
1459 775 1660 844 pietate
1695 773 1980 827 fecerimus
2006 773 2196 826 ambu-

615 868 728 922 lare
779 868 1051 938 Speciosm
1109 877 1280 937 portae
1339 868 1671 922 assidentem
1725 866 2008 920 claudum?
2071 864 2194 918 Pro-

613 959 764 1028 prius
799 971 979 1013 autem
1013 959 1220 1014 Christi
1278 969 1361 1013 est
1394 958 1630 1028 Spiritus
1679 957 1853 1024 ejus’.
1889 975 1907 1009 i
1941 956 2049 1010 Illis
2096 972 2194 1009 au-

616 1059 719 1104 tem
760 1052 850 1119 qui
901 1061 1083 1106 nostra
1115 1051 1467 1114 cavillantur,
1520 1050 1621 1103 hoc
1657 1049 1930 1103 dicimus:
1968 1048 2024 1102 Si
2069 1047 2192 1117 qni-

613 1143 734 1196 dem
769 1157 873 1196 non
903 1142 1152 1212 displicet
1192 1142 1408 1197 illorum
1447 1141 1717 1195 mentibus
1752 1140 1916 1193 dividi
1953 1139 2196 1194 indivisi-

614 1231 870 1298 bilem,et
888 1234 1090 1295 dicere,
1114 1235 1258 1288 sicut
1279 1247 1619 1287 communem
1647 1232 1918 1286 hominem
1940 1232 2194 1300 operandi

614 1327 911 1397 impulsum
945 1327 1128 1380 Jesutn
1178 1327 1458 1392 accepisse
1487 1339 1582 1393 per
1607 1323 1865 1392 Spiritum
1894 1340 1907 1375 :
1935 1336 2038 1376 non
2083 1336 2194 1376 ma-

613 1434 848 1488 gnopere
876 1419 1179 1473 curandum
1240 1417 1351 1471 erit
1381 1415 1449 1469 de
1483 1415 1549 1468 iis
1585 1413 1675 1482 qui
1726 1412 1806 1467 sic
1835 1409 2014 1466 affecti
2048 1420 2192 1466 sunt.

615 1508 708 1562 Sin
761 1508 1034 1562 Christum
1089 1522 1258 1560 unum
1319 1513 1376 1560 et
1408 1503 1603 1558 Filium
1650 1511 1706 1556 et
1749 1501 2031 1556 Dominum
2075 1515 2196 1557 esse

614 1598 973 1662 confitentur,
1024 1598 1392 1666 eumdemque
1434 1610 1556 1651 esse
1596 1594 1758 1650 simul
1801 1593 1967 1649 Deum
1999 1603 2055 1651 et
2097 1594 2196 1651 ho-

614 1691 855 1751 minem;
889 1689 1114 1743 credant
1163 1689 1473 1750 nobiscum,
1501 1685 1645 1755 quod
1695 1701 1801 1739 non
1833 1687 2028 1756 accipit
2068 1701 2196 1757 ope-

613 1781 764 1835 randi
803 1781 1116 1835 facultatem
1156 1780 1316 1849 quasi
1354 1795 1382 1832 a
1415 1778 1640 1832 meliore
1670 1778 1902 1848 quadam
1938 1787 1993 1833 et
2021 1777 2192 1834 aliena

2300 590 2699 662 κατευρύνεινι³
2748 589 2931 644 αὐτόν.
2969 585 3177 642 Οὐκοῦν
3204 587 3302 658 οὐχ
3331 587 3407 650 ὡς
3436 585 3696 659 ἀλλοτρίᾳ
3719 586 3878 642 δυνά-

2302 699 2392 753 μει
2417 684 2481 754 τῇ
2511 681 2597 736 διὰ
2620 681 2933 752 Πνεύματος
2965 678 3299 752 ὲνηργῆσθαί
3329 697 3510 750 φαμεν
3531 679 3623 734 τὸν
3662 680 3875 751 Ἐμμα-

2299 772 2498 842 νουήλ,
2535 771 2951 844 ἀποκιχρῆσθαι
2984 770 3043 824 δὲ
3089 769 3289 842 μᾶλλον
3332 770 3468 841 αὐτῇ
3515 769 3733 836 θεῖκῶς,
3781 771 3877 825 καὶ

2303 864 2438 917 ίδίαν
2469 862 2614 933 ἔχειν
2657 863 2757 935 τὴν
2789 862 2885 917 τοῦ
2929 861 3216 934 ὁμοουσίου
3260 861 3577 933 Πνεύματος
3619 863 3872 934 δύναμιν.

2299 955 2360 1009 Οί
2392 954 2492 1026 μὲν
2539 955 2650 1028 γάρ
2690 956 2948 1028 μακάριοι
2997 954 3239 1026 μαθηταὶ
3267 954 3335 1009 τὰ
3369 958 3570 1026 σημεῖα
3597 955 3877 1017 ποιοῦντες

2297 1045 2517 1116 ελεγονο
2563 1067 2581 1099 ι
2621 1048 2870 1118 Ἀνδρες,
2918 1047 2971 1100 τί
3002 1050 3132 1119 ἡμῖν
3166 1049 3489 1121 προσέχετε,
3537 1047 3611 1112 ὡς
3648 1047 3755 1119 ίδίᾳ
3788 1047 3878 1101 δυ-

2297 1139 2461 1210 νάμει
2492 1139 2525 1211 ἦ
2564 1139 2816 1211 εὐσεϐείᾳ
2848 1139 3180 1211 πεποιηκόσι
3205 1141 3298 1194 τοῦ
3329 1143 3652 1212 περιπατεῖν
3677 1140 3771 1194 τὸν
3806 1141 3875 1210 τῇ

2309 1229 2501 1301 Ὡραίᾳ
2520 1230 2660 1302 πύλῃ
2681 1231 2879 1303 προῐξή
2891 1248 3061 1284 σαντα
3079 1242 3101 1270 ε
3126 1232 3297 1302 χωλόν
3318 1249 3332 1299 ;
3369 1233 3530 1288 Ἰδιον
3555 1233 3613 1287 δὲ
3636 1230 3878 1306 Χριστοῦ

2297 1321 2358 1375 τὸ
2404 1321 2632 1392 Πνεῦμα
2674 1322 2862 1377 αὐτοῦ.
2913 1342 2930 1375 ι
2990 1324 3114 1388 Τοῖς
3170 1341 3234 1393 γε
3295 1323 3401 1396 μὴν
3453 1322 3877 1378 κατασκοπεϊνει

2298 1413 2542 1467 ἐθέλουσι
2589 1413 2658 1468 τὰ
2701 1416 2831 1486 παρ’
2879 1415 3057 1487 ⁴ἡμῶν,
3092 1417 3272 1472 ἐκεῖνό
3300 1433 3512 1487 φαμενο
3545 1418 3607 1470 Ei
3639 1418 3739 1487 μὲν
3767 1416 3878 1487 γὰρ

2297 1503 2399 1558 οὐκ
2429 1505 2626 1577 ἀπᾴδει
2665 1508 2784 1571 ταῖς
2815 1507 2997 1560 αὐτῶν
3024 1507 3282 1588 διανοίαις
3311 1508 3372 1561 τὸ
3399 1508 3718 1580 μερίζεσθαι
3761 1508 3821 1560 τὸ
3852 1520 3876 1547 ε

2291 1597 2623 1669 ἀμέριστον,
2655 1602 2749 1653 καὶ
2775 1601 2851 1665 ὡς
2880 1603 3055 1657 κοινὸν
3096 1604 3382 1675 ἄνθρωπον
3412 1600 3753 1673 ὲνηργῆσθαι
3791 1601 3876 1653 λέ-

2298 1703 2417 1756 γειν
2462 1687 2551 1741 διὰ
2593 1689 2688 1744 τοῦ
2738 1691 3056 1763 Πνεύματος
3099 1694 3191 1748 τὸν
3234 1693 3461 1766 Ἰησυῦν,
3506 1691 3720 1756 πολὺςῐ
3766 1691 3876 1745 τῶν

2298 1778 2443 1834 οὕτω
2470 1780 2836 1853 διακειμένων
2883 1786 2911 1837 6
2957 1785 3132 1854 λόγος.
3178 1786 3242 1838 Et
3275 1785 3332 1838 δὲ
3366 1783 3602 1856 Χριστὸν
3641 1783 3739 1837 ἕνα
3780 1783 3878 1836 καὶ

611 1873 800 1927 abillo
835 1875 1068 1938 virtute;
1119 1873 1240 1941 ipse
1287 1881 1470 1924 autem
1510 1871 1686 1940 potius
1727 1878 1983 1937 operatur
2013 1870 2194 1924 divina

2302 1870 2450 1938 Υἱὸν,
2475 1875 2568 1926 καὶ⁵
2584 1873 2788 1944 Κύριον
2818 1875 3226 1946 ὁμολογούντων
3247 1884 3271 1923 8
3295 1875 3579 1946 ὑπάρχειν,
3599 1872 3689 1926 τὸν
3715 1870 3879 1925 αὑτὸν

610 1967 760 2036 signa
789 1967 940 2035 quasi
971 1981 1066 2035 per
1091 1964 1374 2034 proprium
1402 1961 1689 2031 Spiritum,
1717 1963 1769 2015 in
1801 1977 1910 2030 quo
1936 1970 1990 2017 et
2015 1962 2192 2017 oumis

2299 1962 2425 2017 ὄντα
2471 1964 2606 2018 Θεόν
2655 1983 2714 2018 τε
2765 1966 2899 2037 ὁμοῦ
2972 1969 3064 2020 καὶ
3111 1966 3418 2038 ἄνθρωπον,
3472 1963 3880 2017 πιστευέτωσαν

609 2071 791 2110 rerum
821 2057 1088 2109 factarum
1121 2057 1297 2108 virtus
1323 2053 1390 2106 ιθ.
1421 2051 1555 2105 Nam
1599 2053 1676 2105 sic
1704 2051 1956 2106 desinent
1986 2051 2188 2106 frustra

2299 2056 2416 2126 μεθ’
2450 2057 2627 2128 ἡμῶν,
2662 2061 2737 2126 ὼς
2773 2061 2874 2112 οὐκ
2921 2060 3174 2130 ἐνεργείᾳ
3196 2061 3223 2099 h
3257 2059 3456 2130 μᾶλλον
3503 2056 3579 2119 ὡς
3609 2055 3880 2127 κρείττονι

611 2161 710 2200 nos
738 2147 987 2210 irridere,
1023 2155 1076 2200 et
1118 2144 1340 2198 invidia:
1368 2141 1621 2196 dentibus
1653 2142 1704 2194 iu
1740 2156 1838 2194 nos
1871 2140 2184 2197 infremere.

2299 2148 2424 2218 παρ’
2453 2151 2614 2204 αὑτὸν
2647 2154 2742 2206 καὶ
2767 2152 3020 2223 ἀλλοτρίᾳ
3046 2152 3271 2222 δυνάμει
3292 2154 3360 2222 τῇ
3382 2150 3469 2205 διὰ
3498 2149 3591 2203 τοῦ
3622 2147 3880 2218 Πνεῦμαο

607 2254 720 2300 τος,
750 2237 999 2308 ἐνεργείᾳ
1024 2236 1080 2289 δὲ
1109 2237 1122 2276 i
1164 2235 1361 2306 μᾶλλον
1389 2234 1551 2287 αὑτὸν
1581 2233 1680 2303 τῆς
1707 2234 1720 2282 i
1797 2232 2148 2303 θεοσημείας,
2189 2236 2264 2301 ὡς
2303 2240 2370 2293 δι’
2405 2242 2534 2296 ἰδίου
2564 2245 2883 2314 Πνεύματος
2903 2288 2916 2311 ,
2953 2246 3014 2297 έν
3041 2237 3085 2312 ᾧ
3118 2246 3210 2298 καὶ
3238 2246 3388 2297 πᾶσα
3418 2243 3527 2296 τῶν
3551 2239 3829 2312 γεννητῶν
3852 2239 3879 2279 κ

607 2330 642 2398 ἡ
673 2329 919 2398 δύναμις.
969 2328 1348 2380 Πεπαύσονται
1390 2327 1499 2396 γὰρ
1527 2325 1669 2378 οῦτω
1700 2323 2187 2396 διαλοιδορούμενοι
2231 2331 2428 2405 μάτην,
2478 2337 2574 2390 καὶ
2622 2338 2748 2401 τοὺς
2787 2340 2918 2408 »τῆς
2967 2336 3266 2407 βασκανίας
3331 2336 3548 2399 ὀδόντας
3580 2335 3715 2405 ἡμῖν
3757 2333 3881 2386 tm-

610 2422 954 2494 στηρίζοντες
982 2420 1023 2476 ι.

1024 2529 1673 2586 ANATIIEMATISMUS
1710 2528 1778 2584 Χ.

678 2645 1053 2701 Confessionis
1092 2654 1293 2700 nostrae
1331 2645 1643 2715 pontificem
1687 2654 1741 2697 et
1782 2643 2082 2712 apostolum
2113 2643 2196 2699 fa-

609 2749 754 2794 ctum
809 2754 932 2792 esse
981 2739 1299 2800 Christum,
1356 2737 1638 2806 Scriptura
1691 2736 1870 2790 divina
1919 2736 2193 2791 docet“:

609 2830 872 2885 obtulisse
901 2845 1121 2898 quoque
1146 2830 1502 2896 semetipsum
1531 2843 1627 2894 pro
1660 2827 1812 2880 nobis
1841 2828 1948 2881 Deo
1970 2838 2020 2881 et
2048 2827 2193 2881 Patri

610 2922 666 2978 in
704 2923 924 2976 odorem
964 2922 1253 2976 suavitatis
1283 2922 1348 2975 ¹¹.
1388 2921 1443 2973 Si
1489 2921 1611 2988 quis
1637 2934 1768 2989 ergo
1805 2919 2006 2972 dixerit
2052 2933 2189 2987 pou-

614 3015 810 3068 tificem
847 3021 900 3066 et
948 3012 1252 3082 apostolum
1292 3025 1533 3065 nosu'uut
1589 3028 1692 3065 nou
1725 3026 1847 3064 esse
1882 3011 2054 3079 ipsum
2098 3010 2190 3064 Dei

2745 2533 3337 2586 ΔΝΑΘΕΜΑΤΙΣΜΟΣ
3377 2531 3430 2586 l'.

2385 2641 2667 2713 Ἀρχιερέα
2690 2643 2783 2696 καλ⁵
2799 2643 3095 2698 ἀπόστολον
3128 2645 3226 2716 τῆς
3263 2645 3556 2715 ὁμολογίας
3585 2647 3745 2718 ήμῶν
3784 2666 3882 2718 γε·

2299 2732 2562 2804 γενῆσθαι
2590 2734 2824 2804 Χριστὸν
2860 2737 2892 2806 ή
2931 2735 3049 2789 θεία
3077 2736 3227 2806 λέγει
3261 2738 3474 2810 Γραφὴ,
3506 2758 3881 2814 προσκεκομιο

2299 2826 2452 2879 κέναι
2497 2827 2556 2880 δὲ
2599 2827 2788 2881 ἑαυτὸν
2821 2828 2960 2898 ὑπὲρ
2993 2828 3150 2899 ἡμῶν
3195 2829 3274 2892 είς
3313 2829 3490 2900 ὀσμὴν
3537 2833 3763 2896 εὐωδίας
3800 2833 3883 2903 τῷ

2297 2919 2418 2990 Θεῷ
2448 2919 2544 2973 καὶ
2573 2919 2767 2990 Πατρί.
2803 2921 2870 2973 Ετ
2895 2937 2977 2983 τις
3005 2921 3184 2975 τοίνυν
3218 2923 3475 2993 ἀρχιερέα
3505 2923 3598 2976 καὶ
3647 2925 3886 2979 ἀπόστο-

2299 3013 2391 3068 λον
2419 3013 2574 3085 ὴμῶν
2618 3013 2942 3083 γεγενῆσθαί
2993 3029 3159 3082 φησιν
3204 3014 3303 3066 οὐκ
3336 3015 3498 3066 αὑτὸν
3525 3015 3616 3068 τὸν
3644 3017 3708 3068 ὲκ
3741 3018 3882 3070 Θεοῦ

612 3105 870 3168 Verbum,
909 3115 1258 3175 posteaquam
1306 3120 1434 3158 caro
1478 3113 1531 3158 et
1578 3105 1740 3157 homo
1795 3103 1949 3156 nobis
1997 3103 2190 3157 similis

2299 3104 2512 3175 Πατρὺς
2539 3104 2732 3171 Λόγον,
2783 3105 2870 3157 ὅτε
2896 3115 2933 3142 ω
2962 3105 3151 3172 γέγονε
3199 3103 3372 3175 σὰρξ,
3424 3105 3517 3158 καὶ
3569 3106 3692 3159 καθ’
3732 3109 3886 3176 ἡμᾶς

613 3196 813 3250 factum
865 3207 977 3261 est;
1016 3198 1106 3249 sed
1158 3197 1434 3249 hominem
1491 3195 1657 3258 illum,
1715 3195 1803 3264 qui
1852 3209 1917 3248 ex
1971 3194 2196 3249 muliere

613 3298 782 3364 natus
818 3299 918 3354 est,
962 3288 1114 3357 quasi
1165 3288 1395 3341 alterum
1432 3286 1741 3356 quempiain
1781 3288 1848 3340 ab
1878 3286 1992 3356 ipso
2021 3287 2198 3340 diver-

612 3393 730 3432 sum
759 3392 774 3430 :
805 3389 896 3431 aut
930 3379 974 3432 si
1016 3379 1137 3446 quis
1172 3378 1321 3431 illum
1363 3393 1464 3444 pro
1513 3379 1693 3445 seipse
1725 3391 1960 3443 quoque,
2005 3386 2060 3428 et
2091 3389 2194 3429 nou

615 3469 792 3538 potius
823 3484 919 3539 pro
955 3470 1112 3522 nobis
1160 3471 1293 3523 solis
1343 3469 1675 3522 sacrificium
1712 3469 1972 3522 obtulisse
2000 3468 2200 3521 dixerit

615 3560 811 3629 (neque
845 3561 986 3616 enim
1043 3561 1326 3616 oblatione
1373 3562 1588 3628 egebat,
1640 3561 1728 3629 qui
1771 3569 2049 3630 peccatqu
2093 3574 2196 3615 non

615 3652 786 3723 novit)
817 3669 829 3706 :
865 3653 1151 3707 anathema
1195 3653 1286 3706 sit.

1091 3762 1447 3817 Orientalium
1492 3762 1736 3832 objectio.

688 3875 744 3931 Si
779 3876 918 3930 Deus
954 3877 1193 3931 Verbum
1245 3888 1329 3931 est
1374 3893 1620 3931 summus
1652 3878 1929 3940 sacerdos,
1973 3876 2056 3930 cui
2093 3875 2201 3930 Deo

616 3983 736 4032 suo,
771 3967 855 4021 vel
891 3967 1035 4034 quali
1079 3969 1444 4022 ministerium
1497 3984 1652 4023 suum
1700 3968 1896 4022 offert?
1930 3969 2036 4022 Sed
2065 3967 2200 4021 obli-

619 4071 706 4115 tus
731 4070 814 4114 est
853 4061 994 4114 beati
1040 4059 1192 4114 Pauli
1241 4063 1519 4115 dicentis:
1556 4081 1574 4112 ι
1610 4061 1723 4116 Non
1769 4062 1910 4115 cnim
1941 4062 2202 4115 habemus

619 4152 962 4221 pontificem,
1007 4152 1098 4218 qui
1150 4166 1257 4205 non
1309 4153 1480 4218 possit
1529 4153 1761 4221 compati
1797 4150 2202 4205 infirmitatibus

822 4243 1061 4306 neStris,
1105 4243 1197 4295 sed
1236 4253 1500 4295 tentatum
1549 4258 1643 4310 per
1675 4243 1856 4296 omnia
1902 4244 2200 4296 secundum

2298 3196 2602 3267 ἄνθρωπος,
2637 3195 2752 3248 ἀλλ’
2773 3195 2848 3258 ὡς
2871 3195 2956 3249 ἒτε
2969 3213 3059 3266 ρον
3089 3195 3219 3267 παρ’
3251 3196 3434 3261 αὑτὸν,
3461 3197 3645 3260 ίδικῶς
3671 3198 3885 3269 ἀνθρω-

2300 3305 2400 3342 πον
2443 3289 2507 3340 ὲκ
2554 3286 2843 3356 γυναικός·
2889 3287 2922 3358 ἢ
2985 3287 3040 3339 εί
3082 3305 3164 3351 τις
3238 3286 3383 3355 λέγει
3441 3287 3633 3359 ύπὲριι
3686 3290 3886 3343 ἑαυτοῦ

2299 3380 2685 3447 προσενεγκεῖν
2735 3377 2897 3431 αὑτὸν
2944 3380 3042 3449 τὴν
3095 3379 3434 3450 προσφορὰν,
3499 3381 3590 3433 καὶ
3635 3381 3760 3451 ούχὶ
3817 3381 3887 3451 δὴ

2304 3470 2502 3541 μᾶλλον
2543 3471 2682 3540 ὑπὲρ
2733 3470 2908 3539 μόνων
2943 3469 3098 3540 ἡμῶν
3130 3470 3211 3539 (οὐ
3244 3470 3354 3542 γὰρ
3386 3469 3452 3524 ἂν
3481 3471 3676 3543 ἐδεήθη
3707 3489 3886 3543 προσ-

2303 3563 2474 3634 φορᾶς
2501 3563 2528 3616 6
2560 3561 2634 3634 μὴ
2664 3560 2820 3625 είδὼς
2851 3560 3150 3633 ἁμαρτίαν)
3206 3561 3459 3632 ἀνάθεμα
3494 3561 3654 3616 ἔστω.

2611 3763 2978 3832 Ἀντίῤῥησις
3014 3761 3133 3814 τῶν
3178 3761 3587 3818 Ἀνατολικῶν.

2376 3881 2438 3933 El
2488 3878 2780 3949 ἀρχιερεὺς
2813 3879 2841 3931 6
2878 3876 3008 3942 Θεὸς
3073 3875 3237 3945 Λόγος
3262 3916 3278 3942 ,
3319 3875 3425 3930 τίνι
3470 3876 3588 3947 Θεῷ
3629 3878 3799 3932 αὐτοῦ
3860 3881 3893 3946 ἥ

2303 3970 2442 4039 ποίῳ
2461 3967 2529 4020 τὰ
2549 3968 2648 4037 τῆς
2675 3965 2970 4035 θεραπείας
3001 3964 3333 4036 προσφέρει;
3375 3965 3513 4019 Ἀλλ’
3545 3967 3847 4020 ἐπελάθετο
3869 3979 3896 4005 ο

2304 4060 2396 4113 τοῦ
2429 4057 2700 4130 μακαρίου
2724 4057 2940 4112 Παύλου
2969 4058 3221 4122 εἰπόντος
3239 4074 3252 4088 ·
3291 4078 3308 4110 ι
3335 4059 3410 4112 Οὐ
3432 4058 3540 4130 γὰρ
3562 4058 3764 4129 ἔχομεν
3792 4062 3896 4130 ἁρ-

2305 4149 2492 4222 χιερέα
2529 4150 2604 4219 μὴ
2653 4149 2954 4219 δυνάμενον
3006 4149 3364 4221 συμπαθῆσαι
3412 4152 3530 4212 ταῖς
3580 4150 3896 4212 ἀσθενείαις

2304 4239 2483 4309 ἡμῶν,
2517 4239 2924 4310 πεπειραμένον
2958 4239 3016 4293 δὲ
3062 4239 3204 4294 κατὰ
3233 4241 3411 4295 πάντα
3438 4240 3559 4294 καθ’
3595 4243 3897 4312 ὁμοιότητα

617 4332 1032 4387 similitudinem
1093 4332 1303 4400 absque
1346 4343 1570 4400 peccato
1597 4332 1660 4384 ".
1695 4351 1712 4384 ι
1751 4332 1883 4397 Quis
1920 4332 2083 4400 igitur
2120 4339 2195 4383 est

2306 4333 2474 4403 χωρὶς
2501 4331 2800 4403 ἁμαρτίας.
2839 4349 2859 4383 ι
2893 4331 2990 4395 Τίς
3018 4327 3110 4386 οῦν
3145 4335 3291 4386 ἔστιν
3319 4334 3348 4386 6
3382 4335 3826 4404 πεπειραμένοςς
3868 4339 3896 4388 6

610 4431 862 4477 tentatus
892 4423 1014 4475 ille?
1042 4439 1166 4476 num
1202 4422 1346 4476 Deus
1375 4423 1723 4488 Verlmm,au
1757 4424 1984 4476 humana
2012 4432 2195 4475 natura

2309 4423 2439 4485 Θεὸς
2490 4422 2699 4490 Λόγος,
2749 4422 2781 4492 ἢ
2831 4422 2866 4492 ἡ
2911 4423 3224 4494 ἀνθρωπεία
3272 4425 3434 4494 φύσις
3474 4425 3535 4479 τὸ
3579 4427 3673 4480 τοῦ
3728 4428 3897 4480 Δαυῖδ

620 4528 804 4567 semen
863 4512 1066 4567 David?
1126 4513 1190 4567 Et
1245 4515 1440 4567 iterum
1492 4532 1562 4569 ει
1601 4513 1768 4568 Nemo
1815 4515 1914 4568 sibi
1973 4513 2195 4566 assumit

2311 4513 2570 4583 σπέρμα;
2605 4513 2716 4566 Καὶ
2751 4511 2915 4566 πάλιν
2938 4529 2952 4544 ·
2985 4531 3004 4565 ι
3032 4514 3143 4584 Οὐχ
3170 4517 3346 4588 ἑαυτῷ
3374 4533 3457 4581 τις
3486 4517 3757 4588 λαμϐάνει
3795 4519 3896 4588 τὴν

622 4605 906 4670 honorem,
958 4606 1052 4658 sed
1085 4616 1308 4659 vocatus
1343 4622 1370 4658 a
1415 4605 1546 4669 Deo,
1581 4607 1722 4660 sicut
1766 4615 1818 4660 et
1864 4606 2043 4659 Aaron
2081 4624 2092 4658 :
2128 4604 2195 4658 ita

2307 4603 2495 4673 τιμὴν,
2526 4600 2662 4655 ἀλλά
2684 4611 2709 4650 P
2739 4601 3070 4674 καλούμενος
3094 4605 3197 4659 ὑπὸ
3229 4605 3388 4671 Θεοῦ,
3423 4606 3720 4678 καθώσπερ
3770 4610 3896 4662 Ἀα-

620 4706 674 4748 et
705 4697 954 4750 Christus
999 4712 1102 4749 non
1139 4698 1382 4768 scipsuttt
1417 4699 1766 4768 glorificavit,
1807 4708 1862 4751 ut
1891 4699 2040 4752 fieret
2070 4713 2195 4766 pou-

2310 4690 2491 4764 ρώνιι·
2529 4691 2672 4745 οὕτω
2703 4690 2798 4746 καὶ
2843 4694 2871 4746 6
2916 4693 3154 4764 Χριστὸς
3184 4696 3282 4766 οὐχ
3313 4696 3505 4749 ἑαυτὸν
3540 4697 3762 4764 ὲδόξασε
3797 4714 3893 4766 γε·-

623 4784 841 4838 tifex“.
878 4803 895 4834 ι
931 4784 1064 4850 Quis
1113 4786 1276 4854 igitur
1323 4787 1432 4851 ille,
1470 4788 1561 4864 qui
1615 4796 1963 4854 comparatur
2009 4801 2195 4840 secun-

2307 4783 2496 4838 νέσθαι
2526 4784 2804 4856 ἀρχιερέα.
2842 4803 2859 4835 ι
2891 4785 2987 4848 Τίς
3015 4781 3107 4840 οὖν
3135 4789 3162 4839 6
3192 4786 3267 4856 τῷ
3302 4786 3510 4859 Ἀαρὼν
3545 4790 3683 4841 κατά
3707 4790 3770 4843 τὸ
3795 4790 3896 4858 τῆς

623 4876 749 4929 dum
805 4875 1094 4929 sacerdotii
1145 4876 1463 4944 dignitatem
1519 4877 1617 4944 ipsi
1662 4879 1867 4940 Aaron,
1917 4886 1970 4929 et
2016 4891 2119 4931 non
2169 4889 2195 4929 a

2310 4877 2610 4949 ἱερωσύνης
2650 4878 2867 4948 ἀξίωμα
2889 4920 2904 4943 ,
2947 4878 3041 4931 καὶ
3087 4877 3165 4949 τῷ
3197 4880 3271 4951 μὴ
3310 4880 3401 4949 ἀφ’
3432 4880 3596 4933 αὑτοῦ
3618 4891 3641 4920 ι’
3675 4881 3893 4951 λαμὸαο

624 4967 806 5036 seipse
838 4969 1096 5022 honorem
1128 4968 1452 5032 assumenti,
1493 4970 1586 5022 sed
1615 4983 1802 5022 vocato
1832 4985 1859 5021 a
1892 4968 2023 5030 Deo,
2050 4978 2104 5022 et
2134 4967 2195 5023 ad

2308 4984 2451 5020 νοντι
2475 4979 2496 5007 ε
2543 4968 2642 5040 τὴν
2683 4969 2866 5040 τιμὴν,
2899 4968 3036 5022 ἀλλὰ
3065 4969 3387 5040 καλουμένῳ
3417 4971 3434 5006 ί
3472 4971 3575 5026 ὑπὸ
3606 4971 3700 5024 τοῦ
3733 4973 3892 5036 θεοῦ,

627 5059 940 5128 dignitatem
976 5059 1278 5113 sacerdotis
1321 5060 1682 5114 ascendenti?
1728 5076 1853 5114 num
1882 5062 2059 5114 divina
2102 5077 2195 5113 na-

2311 5061 2404 5112 xatl.
2428 5062 2506 5124 είς
2527 5061 2624 5131 τὴν
2649 5061 2806 5125 ἀξίαν
2830 5061 2928 5131 τῆς
2956 5060 3254 5132 ἱερωσύνης
3287 5061 3631 5117 ἀναϐαίνοντι
3665 5080 3896 5134 συγκρι-

693 5233 714 5264 ⁹
751 5235 870 5289 Act.
909 5251 992 5298 ιιι,
1025 5233 1208 5296 12,13.
1277 5235 1318 5265 ¹⁰
1353 5234 1490 5287 Psal.
1525 5250 1696 5300 xxxii,
1731 5233 1784 5287 6.
1861 5237 1900 5267 ¹¹
1938 5235 2098 5289 llebr.
2136 5252 2193 5291 ιιι

2360 5239 2402 5270 η
2441 5238 2774 5307 Ephes.v,2.
2841 5239 2882 5270 ⁸³
2917 5238 3079 5294 Hebr.
3120 5254 3192 5307 tv,
3230 5240 3314 5295 15.
3366 5241 3409 5272 “
3441 5241 3605 5297 Hebr.
3645 5259 3698 5308 v,
3741 5243 3795 5309 ι,
3840 5245 3894 5299 5.

1677 5392 1853 5445 Variae
1877 5392 2134 5446 leCIioncs
2159 5407 2220 5446 ex
2253 5393 2441 5447 codice
2470 5393 2840 5462 Seguieriano.

705 5581 729 5609 ³
765 5567 843 5640 δεῖ
865 5569 940 5632 δὲ,
982 5567 1154 5640 οἶμαι.
1248 5569 1275 5609 ι)
1303 5569 1670 5622 κατευθύνειν.
1777 5581 1798 5608 ο
1837 5570 2263 5640 προσιζήσαντα,
2296 5569 2330 5636 ἢ
2365 5570 2643 5640 ίζήσαντα.
2724 5566 2748 5640 εξ
2780 5567 3223 5640 κατασκώπτειν.
3260 5639 3276 5640 η
3309 5581 3330 5607 ε
3365 5569 3476 5640 τόν.
3564 5571 3670 5623 τοῦ
3706 5574 3893 5626 πολύς.

637 5643 662 5680 8
692 5637 1062 5708 ὁμολογοῦσιν.
1139 5642 1164 5680 δ
1200 5642 1536 5711 ὲνεργεῖταιη
1620 5642 1633 5679 ί
1681 5637 1894 5711 ἐνεργεῖ
1917 5641 1994 5692 δέ.
2061 5637 2067 5639 ’
2098 5639 2110 5688 i
2161 5641 2322 5703 αὐτὸς
2349 5637 2469 5701 τὰς,
2493 5637 2551 5703 ἡ,
2590 5639 2901 5711 αὑτοῦᾼτάς.
3010 5638 3339 5711 κῳγενητῴν.
3373 5709 3416 5711 ’ν
3454 5639 3466 5677 ι
3497 5642 3893 5711 ὲπιτρίςοντες.

633 5719 672 5747 ω
699 5707 797 5762 ὃτι.
873 5718 899 5745 η
927 5713 1018 5764 καὶ
1053 5711 1214 5782 ὑπέρ.
1291 5707 1315 5746 ἀι
1342 5710 1651 5763 ἐπελάϐετο.
1729 5707 1896 5764 μάλλ’
1927 5713 1972 5762 6.
2051 5721 2076 5758 τι
2108 5711 2198 5763 καὶ
2241 5711 2469 5778 ἱλαρῶν.
2575 5717 2592 5743 τ
2625 5710 2724 5759 οὐκ
2753 5709 2844 5776 ἀφ’
2873 5707 3095 5764 ἑαυτοῦ.
3196 5707 3219 5748 ὶ
3244 5708 3559 5780 λαμϐάνων.
3631 5707 3661 5747 ἰ
3700 5714 3895 5764 πιιαλού⁹

636 5794 813 5850 μενος.
