4078 6348
170 384 257 438 561

168 500 413 569 νόμενοςς
458 501 519 553 Ἦ
548 499 672 555 θεία
703 499 865 570 φύσις
890 543 906 565 .

170 593 339 646 πάντα
366 591 433 645 τὰ
459 591 553 645 τοῦ
572 590 787 661 Πατρὸς
821 590 928 643 ἴδια
958 590 1187 659 ἔχουσας
1216 591 1295 647 εἰς
1336 592 1483 643 ποῖον
1514 591 1730 661 ἀξίωμα

174 682 348 752 μεῖζον
382 682 575 750 ἑαυτῆς
617 680 903 738 άνέϐαινε;
952 680 1058 731 Καὶ
1089 680 1377 749 φήσομαιιι
1423 679 1522 750 τὴν
1574 681 1733 751 ἱερω-

171 773 329 841 σύνην
375 771 676 842 ἀξιωτέραν
707 771 805 839 τῆς
838 770 985 831 θείας
1016 769 1230 837 φύσεως
1262 770 1551 839 ὑπάρχειν,
1593 770 1731 841 πρὸς

170 865 229 932 ἣν
259 866 358 915 οὐκ
392 865 481 929 ἀφ’
512 863 728 928 ἑαυτοῦ,
780 862 915 916 ἀλλὰ
963 861 1295 929 καλούμενος
1330 861 1433 914 ὑπὸ
1464 860 1557 913 τοῦ
1596 861 1731 915 Θεοῦ

170 954 284 1005 κατ’
328 955 500 1024 αὐτὴν
525 964 547 990 ν
581 954 852 1017 ἀνέϐαινε,
889 954 983 1005 καὶ
1021 952 1088 1005 δι’
1129 952 1297 1022 αὐτῆς
1344 951 1653 1019 έδοξάζετος
1697 952 1729 1023 ἢ

169 1050 225 1101 ἐκ
264 1049 578 1117 σπέρματος
623 1046 783 1101 Δαυῖδ
908 1047 1173 1116 γενομένη
1216 1047 1307 1099 καὶ
1359 1046 1656 1117 όρισθεῖσα,

169 1139 259 1192 καὶ
294 1141 368 1201 ὡς
398 1138 609 1209 ῶμοσεν
628 1149 649 1176 ι
681 1142 708 1192 6
728 1138 875 1202 Θεὸς,
911 1139 1053 1192 κατὰ
1076 1139 1166 1191 τὸν
1196 1138 1523 1207 Ψαλμῳδὸν,
1542 1138 1734 1193 δώσειν

168 1232 241 1291 εἰς
286 1227 376 1281 τὸν
417 1227 588 1283 αἰῶνα
631 1227 692 1280 τὸ
731 1228 829 1296 τῆς
876 1227 1257 1297 ἰερωσύνηςγ;
1295 1246 1312 1277 ι
1352 1228 1555 1296 Ὤμοσε
1603 1229 1731 1298 γὰρ,

168 1320 321 1390 φησι,
367 1320 591 1390 Κύριος,
638 1321 732 1371 καὶ
770 1320 828 1372 οὑ
882 1318 1416 1388 μεταμεληθήσεται·
1454 1320 1524 1370 Σὺ
1559 1320 1735 1389 ἱερεὺς

168 1413 243 1474 εἰς
270 1411 360 1463 τὸν
387 1409 557 1464 αἰῶνα
584 1410 723 1464 κατὰ
754 1411 852 1481 τὴν
875 1410 1027 1473 τάξιν
1046 1409 1397 1478 Μελχισεδέκ.
1426 1428 1443 1459 t
1467 1409 1526 1461 Ἦ
1548 1410 1738 1479 θεότης

168 1496 259 1549 τοῦ
280 1496 615 1564 Μονογενοῦς
641 1498 942 1567 ἐνωμότους
972 1498 1292 1565 ὑποσχέσεις
1324 1499 1473 1565 παρὰ
1492 1498 1584 1549 τοῦ
1602 1498 1737 1551 Θεοῦ

169 1588 462 1669 ἐλάμϐανε,
511 1588 777 1659 λήψεσθαι
824 1590 923 1657 τὴν
954 1590 1253 1659 ἱερωσύνην
1297 1591 1375 1651 εἰς
1423 1590 1514 1642 τὸν
1546 1590 1736 1655 αἰῶνα,

169 1680 261 1731 καὶ
292 1680 417 1751 παρ’
450 1681 586 1749 αὐτῇ
616 1689 635 1715 τ
670 1679 1128 1749 δοξασθήσεσθαις
1174 1678 1281 1730 Καὶ
1316 1679 1395 1741 τίς
1422 1677 1579 1748 ἡμῶν
1608 1680 1737 1732 άνά-

172 1787 288 1840 σχοι
313 1784 337 1811 ι
362 1771 537 1825 ταῦτα
564 1770 845 1838 λεγόντων,
889 1770 921 1839 ἢ
956 1769 1236 1833 νοούντων,
1284 1770 1375 1822 καὶ
1407 1772 1503 1821 οὐκ
1542 1771 1741 1823 εὐτελί-

764 378 1286 436 APOLOGETICUS
1324 379 1461 436 PRO
1503 381 1593 437 Xll
1633 333 1999 440 CAPITIBIIJS
2039 383 2319 439 CONTRA
2359 384 2821 441 ORIENTALES.

3300 388 3403 446 362

954 501 986 568 ἡ
1038 498 1114 569 τῷ
1146 500 1322 569 Πατρὶ
1374 500 1664 566 σνναῖδιος,
1698 504 1728 571 ἡ

1856 518 1978 567 .ura,
2025 518 2144 572 qua:
2189 514 2271 559 est
2311 504 2457 559 Patri
2512 515 2804 570 comterna,
2862 501 2946 558 cui
2994 506 3174 560 omnia
3224 505 3403 563 Patris

1842 604 1969 649 sunt
1998 596 2257 664 propria?
2314 606 2363 651 et
2396 597 2447 649 in
2496 611 2656 663 quam
2705 596 3023 667 dignitatem
3052 612 3115 651 se
3149 598 3403 666 majorem

1840 686 2119 739 ascendit?
2169 684 2489 739 Dicemusne
2544 685 2908 739 sacerdotium
2964 686 3143 740 divina
3209 698 3400 741 natura

1841 775 2074 842 dignius,
2106 777 2171 829 ad
2208 777 2347 843 quod
2380 791 2483 830 non
2513 791 2543 829 a
2578 776 2780 844 seipso,
2823 776 2914 830 sed
2940 790 3033 843 per
3076 776 3203 830 illud
3234 795 3262 830 a
3299 778 3409 833 Deo

1842 875 2062 920 vocatus
2105 867 2367 929 ascendit,
2401 876 2453 919 et
2495 880 2589 935 per
2623 866 2749 919 illud
2794 874 2877 919 est
2926 865 3258 934 gloriﬁcatus
3285 908 3300 932 ,
3339 883 3406 921 an

1841 969 1969 1010 vero
2012 962 2201 1009 natura
2252 969 2317 1009 ex
2368 957 2576 1009 semine
2628 954 2791 1009 David
2846 954 2987 1011 facta
3037 965 3090 1010 et
3120 957 3406 1027 praedesti-

1842 1056 2003 1109 nata,
2043 1045 2129 1099 cui
2164 1044 2324 1099 etiam
2370 1043 2572 1111 iuravit
2607 1045 2769 1109 Deus,
2818 1048 3111 1100 secundum
3146 1046 3406 1111 Psaltem,

1845 1136 2095 1188 daturum
2151 1148 2210 1189 se
2269 1136 2629 1190 sacerdotium
2690 1135 2741 1188 in
2800 1137 3100 1190 aeternum?
3153 1137 3413 1191 «Iuravit

1841 1224 2012 1290 enim,
2040 1224 2234 1293 inquit,
2259 1224 2542 1290 Dominus,
2578 1235 2631 1280 et
2668 1241 2774 1280 non
2817 1228 3107 1304 paenitebit
3148 1243 3268 1282 eunt
3297 1228 3412 1282 :Tu

1845 1330 1903 1367 es
1952 1315 2205 1369 sacerdos
2256 1315 2305 1369 in
2357 1326 2616 1371 aeternum
2659 1320 2951 1372 secundum
2988 1319 3232 1373 ordinem
3284 1319 3437 1373 Mel--

1846 1404 2133 1459 cltisedecb
2161 1406 2222 1458 ".
2258 1424 2275 1457 ι
2314 1404 2450 1461 Nunt
2482 1408 2652 1461 deitas
2682 1408 2951 1478 Unigeniti
2979 1424 3005 1460 a
3031 1411 3136 1463 Deo
3177 1410 3415 1478 promis-

1849 1495 2029 1549 siones
2058 1510 2177 1551 cum
2204 1496 2517 1565 juramento
2558 1501 2785 1568 accepit,
2828 1511 3201 1569 suscepturant
3236 1517 3294 1555 se
3326 1516 3415 1555 sa-

1848 1587 2144 1639 cerdotium
2194 1589 2245 1641 in
2279 1598 2560 1652 aeternum,
2595 1603 2689 1657 per
2730 1591 2873 1658 quod
2920 1593 2989 1643 sit
3022 1591 3416 1660 gloriﬁcanda?

1852 1674 1916 1726 Et
1971 1674 2092 1741 quis
2132 1686 2375 1730 nostrum
2419 1676 2555 1731 feret
2599 1678 2724 1732 talia
2763 1679 3002 1735 dicentes
3052 1680 3133 1733 vel
3167 1680 3417 1749 cogitan-

1852 1764 1973 1818 tes?
2002 1765 2131 1831 Quis
2171 1782 2273 1820 uou
2307 1776 2614 1823 contemnet
2643 1784 2739 1823 nos
2784 1770 2947 1823 Deum
2988 1770 3414 1834 iutrodueentes,

173 1864 302 1916 UEt‘b
340 1864 526 1931 ἡμᾶς,
577 1862 710 1915 Θεὸν
764 1861 1081 1927 εἰσάγοντας
1132 1859 1603 1930 χειροτονούμενον
1644 1862 1743 1932 ἀρ-

1856 1854 1936 1920 qui
1989 1854 2227 1922 pontifex
2288 1859 2589 1921 ordinetur,
2638 1870 2691 1911 et
2744 1869 2895 1925 pacta
2947 1874 3068 1912 cunt
3103 1859 3416 1927 jurantento

170 1954 379 2023 χιερέα,
414 1955 503 2006 καὶ
532 1952 797 2021 ὲνωμὸσει
834 1952 1158 2021 ὑποσχέσεις
1183 1964 1203 1989 ε
1246 1952 1611 2021 λαμϐάνοντα,
1642 1970 1747 2005 κα-

172 2045 378 2098 λεῖσθαὶ
412 2062 468 2100 τε
510 2046 589 2108 εἰς
632 2044 693 2095 τὸ
729 2044 827 2112 τῆς
876 2043 1174 2115 ἱερωσύνης
1224 2043 1474 2113 ἀξίωμα,
1516 2044 1607 2097 καὶ
1649 2046 1745 2113 οὑχ

173 2137 350 2206 ἑαυτῷ
398 2136 744 2207 λαμϐάνοντα
790 2136 888 2205 τὴν
930 2138 1117 2205 τιμὴν,
1170 2136 1287 2188 ἀλλ’
1316 2138 1393 2197 εἰς
1417 2136 1621 2208 ταύτην
1653 2156 1748 2189 κα-

173 2228 454 2297 λούμενον,
486 2230 580 2281 καὶ
613 2227 1036 2297 συγκρινόμενον
1081 2225 1156 2297 τῷ
1207 2228 1407 2297 πρώτῳ
1451 2226 1549 2297 τὴν
1594 2229 1750 2298 ἱερω-

176 2322 341 2391 σύνην
370 2320 585 2372 λαϐόντι
605 2337 618 2384 ;
642 2322 751 2373 Καὶ
778 2320 940 2373 πάλιν
970 2321 1123 2389 φησὶ,
1166 2319 1351 2381 καθὼς
1378 2320 1470 2371 καὶ
1498 2321 1552 2371 ὲν
1579 2320 1747 2389 ἑτέρῳ

174 2411 357 2479 λέγει’
401 2432 417 2463 t
452 2413 523 2464 Σὺ
577 2414 755 2483 ἱερεὺς
795 2414 873 2476 εἰς
925 2413 1014 2464 τὸν
1062 2411 1230 2464 αἰῶνα
1282 2410 1420 2464 κατὰ
1460 2410 1558 2480 τὴν
1598 2410 1749 2475 τάξιν

177 2505 532 2574 Μελχισεδέκ.
572 2523 590 2555 ι
633 2506 741 2556 Καὶ
787 2503 870 2565 τίς
907 2504 1069 2555 πάλιν
1125 2502 1264 2554 κατὰ
1300 2503 1398 2571 τὴν
1451 2500 1751 2571 ἱερωσύνην

179 2596 514 2665 Μελχισεδὲκ
568 2596 933 2657 ἁπείκασται;
961 2589 1107 2660 ’Λρα
1150 2592 1296 2644 ὅσιον
1329 2593 1418 2644 τὸν
1456 2592 1587 2644 Θεὸν
1620 2592 1751 2644 ὑπο-

176 2686 499 2757 λαμϐάνειν,
551 2686 583 2754 ἢ
626 2686 724 2753 τὴν
758 2683 817 2747 ἐξ
862 2683 1019 2753 ἡμῶν
1068 2682 1361 2752 ληφθεῖσαν
1414 2684 1611 2753 σάρκα,
1653 2684 1751 2752 τὴν

178 2774 473 2827 ὲνωθείσαν
524 2772 844 2842 ἀχωρίστως
908 2772 1060 2841 ἅμα,
1106 2774 1200 2824 καὶ
1251 2774 1572 2842 ἀσυγχύτως
1624 2789 1749 2824 συν-

178 2866 471 2935 ημμένην;
511 2866 618 2918 Καὶ
636 2864 807 2917 πάλιν
850 2863 1045 2933 φησίν*
1087 2884 1103 2914 ι
1140 2866 1234 2926 "U;
1278 2865 1333 2915 ὲν
1363 2867 1484 2927 ταῖς
1514 2864 1750 2934 ἡμέραις

177 2959 277 3027 τῆς
323 2956 526 3027 σαρκὸς
568 2956 733 3009 αὑτοῦ
768 2955 983 3026 δεήσεις
1007 2971 1086 3017 τε,
1114 2955 1207 3007 καὶ
1250 2954 1525 3024 ἱκετηρίας
1549 2953 1573 2992 (1
1616 2953 1751 3023 πρὸς

176 3050 266 3101 τὸν
296 3049 596 3117 δυνάμενον
631 3046 820 3110 σώζειν
854 3047 1015 3099 αὑτὸν
1060 3047 1124 3097 ὲκ
1158 3045 1390 3099 θανάτου
1420 3045 1557 3115 μετὰ
1582 3062 1752 3115 κραυ-

177 3139 281 3209 γῆς
340 3138 565 3207 ἰσχυρᾶς
613 3136 704 3188 καὶ
756 3134 1007 3204 δακρύων
1060 3136 1453 3204 προσενέγκας,
1500 3136 1594 3186 καὶ
1641 3136 1753 3186 εἰσ-

176 3229 473 3290 ακουσθεὶς
515 3227 624 3280 άπὸ
665 3228 763 3295 τῆς
792 3224 1094 3289 εὐλαϐείας.
1135 3244 1152 3275 t
1181 3221 1329 3295 τΑρα
1353 3226 1381 3277 6
1411 3224 1545 3285 Θεὸς
1584 3226 1753 3291 Λόγος

174 3320 398 3391 διήσεις
427 3320 518 3370 καὶ
565 3316 842 3388 ἱκετηρίας
862 3327 910 3381 ο,
938 3316 1031 3369 καὶ
1067 3316 1206 3385 μετὰ
1247 3317 1493 3387 κραυγῆς
1530 3317 1751 3384 ἰσχυρᾶς

176 3412 320 3482 πρός
369 3427 493 3461 τινα
553 3409 847 3479 δυνάμενον
900 3406 1095 3471 σώζειν
1148 3408 1343 3472 αὑτὸν,
1406 3408 1752 3478 προσφέρων,

176 3499 511 3571 εἰσηκούσθη
566 3500 674 3552 ἀπὸ
708 3500 809 3569 τῆς
839 3499 1145 3563 εὐλαϐείας,
1192 3500 1285 3552 καὶ
1324 3498 1526 3569 ἔμαθεν
1556 3500 1648 3568 ἀφ’
1682 3494 1755 3551 ὧν

176 3591 352 3645 ἔπαθε
385 3591 480 3661 τὴν
510 3591 782 3659 ὑπακοήν;
821 3591 889 3642 Εἰ
923 3590 1103 3642 τοίνυν
1147 3592 1173 3641 6
1201 3589 1332 3652 Θεὸς
1356 3590 1528 3656 Λόγος
1568 3590 1755 3660 ἀρχιε-

177 3684 459 3753 ρεὺς,-καὶ
485 3681 689 3751 ἔμαθεν
717 3681 809 3748 ἀφ’
840 3674 912 3733 ὧν
946 3679 1148 3733 ἔπαθεν
1169 3678 1352 3742 αὐτὸς,
1387 3680 1481 3731 καὶ
1507 3680 1754 3732 ἐτελειώ-

176 3772 267 3841 θη.
336 3771 499 3825 Ἀλλὰ
544 3771 618 3839 μὴ
662 3769 1020 3840 ταρασσέσθω
1057 3769 1209 3840 ὑμῶν
1253 3770 1285 3839 ἡ
1332 3769 1587 3823 διάνοιαί
1630 3772 1757 3839 περὶ

174 3862 271 3916 τοῦ
311 3862 582 3923 παθόντος
628 3860 944 3913 άκούσασα’
1002 3878 1020 3909 ι
1051 3862 1268 3930 Καίπερ
1320 3861 1393 3911 ῶν
1430 3861 1576 3923 Υἱός.
1613 3880 1629 3910 ι
1680 3862 1754 3913 Οὑ

174 3955 287 4025 γὰρ
319 3953 413 4006 δύο
446 3952 595 4014 υἱούς
618 3968 817 4023 φαμεν,
841 3951 933 4005 τόν
952 3969 1011 4004 τε
1044 3951 1303 4016 παθόντα,
1335 3952 1429 4004 καὶ
1453 3953 1543 4004 τὸν
1570 3952 1755 4020 άπαθῆ

180 4048 479 4115 μείνανταο
530 4046 595 4098 οὗ
642 4047 750 4115 γὰρ
801 4046 1268 4115 κεχωρισμένωςυκ
1309 4045 1402 4098 καὶ
1450 4043 1757 4108 ἰδιαζόντως

174 4140 275 4209 τῆς
289 4138 557 4209 θεότητος
579 4138 607 4189 6
629 4140 691 4191 ὲκ
709 4134 737 4174 ¹ι
761 4138 1071 4211 σττέρματος
1100 4135 1259 4190 Δαυῒδ
1286 4136 1405 4198 Υἱὸς
1423 4136 1755 4205 ὠνόμασται,

175 4232 253 4295 ὡς
279 4231 416 4285 οὐδὲ
466 4234 497 4301 ἡ
545 4231 733 4299 θεότης
776 4229 911 4298 μετὰ
939 4228 1037 4296 τὴν
1067 4229 1259 4280 ἕνωσιν
1292 4229 1417 4280 ἄνευ
1443 4228 1539 4297 τῆς
1570 4245 1759 4295 φαινο-

178 4323 356 4393 μένης
393 4320 595 4391 σαρκὸς
626 4320 754 4381 Υἱὸς
780 4318 1248 4388 προσηγόρευται·
1284 4318 1343 4370 τὸ
1377 4318 1484 4388 γὰρ
1524 4318 1620 4386 τῆς
1649 4317 1760 4368 υἱό-

175 4430 345 4483 τητσς
378 4412 515 4483 μετὰ
565 4410 663 4481 τὴν
694 4410 897 4463 ’ἕνωσιν
946 4410 1234 4479 ἑκατέραις
1256 4411 1380 4471 ταῖς
1411 4409 1637 4478 φύσεσιν
1678 4408 1757 4471 ἓν,

1850 1945 2099 2013 accipiat,
2148 1957 2477 2015 voceturque
2526 1950 2591 2001 ad
2639 1948 3020 2013 sacerdotium,
3054 1959 3107 2002 et
3155 1965 3259 2002 non
3312 1950 3417 2003 sibi

1852 2036 1951 2104 ipsi
2013 2046 2257 2092 assumat
2302 2038 2580 2105 honorem,
2629 2041 2722 2094 sed
2774 2040 2838 2093 ad
2887 2040 3031 2093 illum
3082 2049 3323 2105 vocetur,
3366 2051 3420 2094 et

1853 2138 2195 2196 comparetur
2229 2130 2402 2197 primo
2432 2132 2521 2200 qui
2553 2132 2913 2186 sacerdotium
2944 2131 3185 2199 accepit?
3225 2132 3290 2185 Et
3321 2132 3422 2185 ite-

1856 2236 1969 2272 rum
2000 2240 2011 2273 :
2049 2238 2066 2269 (
2099 2221 2556 2284 Quemadmodum
2594 2233 2647 2275 et
2681 2224 2730 2277 in
2764 2223 2868 2276 alio
2910 2223 3030 2277 loco
3061 2224 3227 2278 dicit:
3254 2222 3329 2276 Tu
3362 2238 3421 2278 es

1852 2309 2108 2361 sacerdos
2141 2308 2194 2362 iu
2242 2318 2501 2363 mternutn
2543 2311 2837 2365 secundum
2869 2312 3114 2365 ordinem
3142 2310 3422 2365 Melchise-

1854 2400 1988 2454 declt
2011 2400 2073 2455 ¹⁶.
2100 2419 2118 2452 t
2157 2400 2222 2454 Et
2249 2402 2371 2470 quis
2400 2416 2588 2455 rursus
2614 2412 2953 2469 comparatus
2968 2401 3169 2469 estipsi
3202 2400 3421 2456 Melchi-

1853 2487 2049 2541 sedech
2088 2491 2385 2543 secundum
2436 2490 2836 2543 sacerdotium?
2874 2506 3002 2544 num
3043 2492 3217 2560 ipsum
3252 2491 3419 2547 Deum

1856 2577 2089 2632 Verbum
2140 2580 2447 2633 existimare
2489 2578 2569 2632 l‘as
2619 2589 2720 2644 est,
2768 2594 2836 2633 an
2882 2595 3101 2636 carnem
3152 2598 3218 2636 ex
3270 2583 3424 2637 nobis

1856 2678 2209 2737 assumptam,
2255 2670 2353 2739 ipsi
2404 2670 2841 2741 inseparabiliter
2876 2683 2931 2727 et
2978 2673 3259 2730 inconfuse
3300 2676 3423 2731 uui-

1859 2770 1988 2815 Iam.
2035 2761 2098 2814 Et
2135 2760 2326 2813 iterum
2359 2760 2526 2814 dicit:
2559 2778 2577 2810 ι
2614 2762 2715 2827 Qui
2752 2764 2805 2817 in
2841 2764 3031 2819 diebus
3062 2767 3246 2821 carnis
3288 2783 3423 2832 altae,

1858 2865 2044 2918 preces
2075 2861 2129 2905 et
2163 2851 2584 2919 supplicationes
2616 2853 2681 2906 ad
2720 2869 2865 2918 eum,
2897 2857 2987 2924 qui
3014 2858 3186 2924 possit
3211 2860 3424 2916 salvarc

1858 2940 2005 2993 illum
2038 2956 2067 2994 a
2110 2951 2301 3007 morte,
2336 2958 2459 2996 cum
2497 2942 2733 2998 clamore
2764 2944 2941 2998 valido
2970 2955 3024 3000 et
3058 2946 3313 3019 lacryntis
3342 2952 3425 3006 of-

1860 3030 2058 3096 ferens,
2084 3032 2367 3087 exauditus
2395 3042 2480 3087 est
2502 3048 2597 3102 pro
2630 3049 2727 3088 sua
2756 3038 3059 3091 reverentia
3089 3038 3171 3091 ¹⁶·.
3205 3057 3223 3090 t
3259 3038 3427 3095 Num-

1859 3124 1985 3189 quid
2027 3124 2119 3179 Dei
2160 3124 2391 3181 Verbum
2422 3127 2842 3198 supplicationes
2880 3138 2934 3183 et
2965 3144 3178 3198 preces,
3219 3140 3425 3188 etcum

1860 3216 2095 3272 clamore
2143 3217 2319 3272 valido
2362 3220 2426 3273 ad
2470 3220 2845 3289 aliquem,qui
2889 3223 3057 3290 possit
3097 3224 3271 3293 ipsum
3317 3226 3426 3280 sal-

1858 3324 1986 3363 vare
2040 3309 2288 3374 oﬂ‘erens,
2345 3312 2657 3366 exauditum
2718 3321 2801 3368 est
2852 3327 2949 3380 pro
2993 3319 3320 3384 reverentia,
3374 3328 3429 3373 et

1859 3399 2041 3452 didicit
2070 3414 2135 3454 ex
2165 3401 2267 3464 ltis,
2301 3415 2416 3469 qua:
2438 3417 2653 3468 passum
2672 3414 2773 3467 est,
2807 3406 3207 3482 obedientiam?
3244 3408 3301 3462 Si
3334 3410 3431 3476 igi-

1863 3500 1947 3545 tur
1976 3490 2117 3545 Deus
2148 3490 2379 3547 Verbum
2416 3505 2497 3546 est
2520 3494 2782 3562 pontifex,
2817 3497 2979 3551 etiam
3008 3498 3197 3553 didicit
3224 3515 3289 3554 ex
3323 3502 3427 3566 liis,

1860 3597 1979 3651 qua:
2028 3598 2219 3652 passus
2266 3593 2349 3639 est
2400 3587 2534 3653 ipse,
2587 3596 2641 3640 et
2683 3600 3089 3645 consummatus
3129 3602 3230 3645 est.
3272 3593 3433 3665 186

1862 3673 2060 3729 Verum
2098 3690 2163 3729 ne
2192 3677 2437 3731 turbetur
2461 3692 2612 3732 mens
2635 3689 2835 3742 vestra,
2867 3680 3090 3736 audiens
3126 3682 3190 3736 de
3219 3700 3282 3737 eo
3334 3686 3426 3751 qui

1865 3777 2164 3838 passusest
2194 3787 2207 3823 :
2238 3786 2257 3820 ι
2298 3768 2361 3822 Ει
2394 3770 2608 3837 quidem
2653 3784 2774 3824 cum
2808 3782 2950 3826 esset
2983 3773 3229 3829 Filius”.
3264 3796 3280 3827 ι
3312 3774 3429 3829 Non

1861 3862 2003 3916 enim
2053 3862 2184 3916 duos
2213 3861 2351 3917 ﬁlios
2393 3863 2681 3932 ponimus,
2722 3877 2843 3917 eum
2881 3866 2969 3933 qui
3005 3882 3200 3936 passus
3237 3877 3344 3929 εει,
3381 3878 3432 3921 et

1862 3952 1952 4019 qui
1994 3953 2195 4005 mansit
2218 3954 2565 4021 impassibilis
2596 3973 2607 4007 :
2638 3970 2808 4024 neque
2835 3958 2974 4009 enim
2999 3972 3027 4008 a
3058 3958 3256 4013 deitate
3288 3974 3435 4012 seor-

1862 4044 1963 4098 sim
1990 4054 2365 4115 sequestratus
2390 4047 2455 4113 is,
2484 4048 2574 4115 qui
2608 4057 2688 4101 est
2719 4064 2784 4102 ex
2818 4049 3021 4102 semine
3046 4048 3234 4111 David,
3268 4049 3437 4104 Filius

1866 4138 2175 4191 nominatus
2221 4146 2337 4203 est;
2390 4146 2446 4192 ut
2496 4153 2669 4210 neque
2706 4140 2877 4193 deitas
2929 4149 3052 4209 post
3108 4142 3430 4205 unitionem,

1865 4228 1983 4282 sine
2010 4242 2175 4281 carne
2206 4229 2401 4283 visibili
2438 4228 2607 4285 Filius
2634 4231 2899 4299 appellata
2931 4242 3009 4284 est
3039 4249 3050 4282 :
3085 4246 3209 4285 nam
3250 4232 3438 4285 ﬁliatio

1868 4329 1986 4386 post
2030 4320 2327 4373 unitionem
2375 4322 2589 4388 utrique
2637 4331 2841 4375 natura:
2890 4338 2991 4375 una
3024 4334 3125 4387 est,
3155 4338 3276 4378 cum
3310 4340 3337 4376 a
3378 4339 3437 4377 se

1867 4421 2175 4465 ntutuonuu
2204 4413 2313 4465 sint
2344 4423 2622 4481 separata}.
2654 4413 2770 4467 Non
2804 4415 2948 4467 enim
2977 4426 3099 4482 post
3131 4418 3430 4471 unitionem

174 4509 237 4561 οὐ
271 4504 712 4575 κεχωρισμέναις
736 4503 1000 4573 ἀλλήλων.
1031 4504 1105 4555 Οὐ
1140 4502 1246 4573 γάρ
1280 4501 1417 4572 μετὰ
1440 4502 1535 4571 τὴν
1564 4500 1747 4553 ἓνωσικ

1867 4501 2139 4569 separatio
2191 4502 2333 4557 facta
2384 4513 2466 4556 est
2499 4522 2509 4557 :
2544 4513 2724 4557 manet
2763 4506 2903 4559 enim
2942 4517 3196 4575 perpetua
3245 4509 3432 4560 unitio.

176 4596 464 4669 χωρισμὸς
498 4595 820 4663 ὲπεγένετο’
875 4595 1023 4664 μένει
1063 4595 1170 4667 γὰρ
1216 4593 1491 4664 αἰώνιοςή
1540 4594 1751 4655 ἕνωσις.

188 4688 358 4742 Ἀλλὰ
394 4686 502 4757 γὰρ
534 4686 628 4739 καὶ
656 4688 713 4738 ἐν
748 4687 861 4748 τοῖς
900 4686 1093 4739 πάθεσι
1127 4686 1223 4751 τῆς
1270 4685 1468 4756 σαρκὸς
1494 4688 1528 4755 ἡ
1570 4684 1757 4754 θεότης

176 4781 491 4851 ἀχώριστος
515 4818 529 4842 ,
562 4777 776 4846 ἀπαθὴς
812 4778 1075 4847 μένουσαο
1124 4778 1215 4829 καὶ
1244 4776 1310 4828 τὰ
1356 4776 1631 4846 θεοπρεπῆ
1670 4777 1758 4828 διὰ

176 4872 276 4942 τῆς
312 4872 519 4942 σαρκὸς
554 4868 859 4923 ὲπετελεῖτο
880 4886 893 4899 ·
924 4869 1049 4921 ὅθεν
1075 4868 1169 4920 ’ἐνα
1198 4868 1291 4919 καὶ
1324 4868 1413 4919 τὸν
1438 4868 1604 4920 αὑτὸν
1634 4867 1761 4919 Υἰὸν

177 4963 576 5032 ὁμολογοῦμεν,
627 4962 949 5030 ἀσυγχύτων
998 4960 1107 5012 τῶν
1172 4961 1385 5027 φύσεων
1444 4960 1758 5028 μενουσῶν·

178 5058 280 5108 οὐκ
314 5055 477 5109 ἄλλον
509 5055 606 5106 καὶ
636 5053 801 5108 ¹ἄλλον
830 5054 1102 5120 λέγοντες,
1140 5052 1212 5121 μὴ
1252 5053 1484 5118 γένοιτο,
1518 5052 1632 5105 ἀλλ’
1667 5054 1759 5104 ἕνα

181 5149 274 5197 καὶ
310 5147 404 5197 τὸν
452 5146 631 5197 αὐτόν.
677 5146 961 5215 Ἀρχιερέα
1007 5140 1099 5196 οὖν
1136 5145 1229 5196 καὶ
1257 5145 1558 5196 ἀπόστολον
1594 5146 1760 5214 ἡμῶν

257 5330 301 5359 ¹⁸
341 5327 483 5381 Psal.
517 5326 693 5389 ειμι.
776 5327 816 5354 ¹⁶
849 5324 1006 5378 Hebr.
1038 5342 1089 5385 v,
1136 5324 1184 5385 7,
1227 5326 1289 5354 ιδ’
1326 5327 1455 5375 ibid.

1538 5325 1575 5352 ⁸⁷
1617 5324 1741 5375 ibid.
1780 5320 1830 5371 3.

1867 4596 2003 4661 Quin
2031 4605 2089 4649 et
2129 4595 2179 4648 in
2215 4595 2554 4664 passionibus
2587 4597 2767 4651 carnis
2801 4596 2973 4652 deitas
3006 4608 3123 4652 erat
3158 4600 3433 4668 insepara-

1869 4688 2007 4751 bilis,
2054 4702 2275 4742 manens
2326 4687 2703 4755 impassibilis;
2743 4699 2795 4743 et
2841 4704 2958 4758 qua:
3001 4690 3164 4743 Deum
3220 4694 3434 4753 decent,

1870 4794 1963 4845 per
1986 4793 2204 4831 carnem
2239 4778 2695 4846 perﬁciebautur:
2730 4781 2871 4831 unde
2901 4795 3062 4830 unum
3107 4788 3159 4831 et
3190 4781 3435 4833 eumdem

1872 4872 2064 4925 Filium
2097 4872 2438 4934 conﬁtemur,
2484 4873 2694 4923 naturis
2733 4870 3030 4924 inconfusis
3058 4871 3433 4931 manentibus;

1874 4980 1976 5017 non
2013 4964 2175 5017 alium
2208 4972 2261 5016 et
2312 4963 2471 5016 alium
2523 4964 2785 5028 dicentes,
2822 4963 2987 5015 absit!
3029 4963 3120 5016 sed
3170 4979 3341 5016 unum
3385 4975 3437 5015 et

1871 5054 2140 5105 muudem.
2185 5052 2367 5118 Itaque
2409 5050 2713 5119 pontiﬁcem
2745 5060 2795 5102 et
2841 5050 3137 5118 apostolum
3192 5062 3434 5104 nostrum

1870 5143 2050 5196 Jesunt
2106 5142 2381 5195 Christum
2435 5142 2728 5195 secundum
2778 5142 2987 5194 divinas
3060 5141 3435 5211 Scripturas"

1916 5320 1954 5348 ¹¹¹
1989 5317 2149 5371 Hebr.
2185 5336 2261 5382 ιιι,
2305 5321 2352 5373 1.

1260 5480 1428 5534 Varia:
1468 5482 1724 5533 lectiones
1757 5496 1817 5532 ex
1851 5479 2035 5531 codice
2065 5478 2435 5545 Seguierianu.

257 5654 282 5683 ιι
320 5640 589 5709 φήσομεν.
667 5647 693 5673 ν
725 5638 901 5690 αὐτόν.
982 5648 1004 5674 ι
1102 5636 1192 5689 καὶ
1224 5634 1454 5693 ῶμοσεν.
1533 5646 1557 5682 Y
1590 5638 1627 5701 Ῑ.
1664 5639 1800 5688 deest
1836 5637 2067 5706 ἀξίωμα,

257 5714 393 5743 ποθ.
458 5709 485 5743 ἃ
542 5709 601 5743 Λνί
627 5709 975 5743 νηφςιιοελΐηιλ
1078 5719 1097 5743 c
1129 5708 1427 5743 ἐυιινιέοηιιο
1456 5708 1719 5743 minae-11-
1818 5706 1840 5743 ἀ
1878 5710 2049 5743 ὖνςιγῖιιι

1878 5723 2104 5769 ικεσιας.

192 5708 418 5773 εελίσει,
458 5709 511 5777 ἢ,
542 5709 601 5761 οὑ
627 5709 996 5779 κατευτελίσῃ.
1044 5708 1049 5709 ⁷
1078 5719 1097 5745 ο
1129 5708 1427 5773 ἐνωμότους
1456 5708 1652 5775 σννθῄκ
1668 5724 1741 5767 1;.

188 5785 215 5822 ιι
252 5786 316 5835 τὸ
351 5785 436 5832 ἐκ.

480 5872 748 5930 ΡΑτιιοι..
794 5864 907 5924 Gn.
949 5862 1199 5923 LXXVI.

2624 5651 2640 5669 ·
2679 5636 2986 5701 ἀνάσχοιτο.
3074 5634 3097 5670 δ
3130 5637 3188 5686 οὐ
3224 5652 3435 5687 κατευ-

2585 5706 2843 5773 ίκαρῖία.
2927 5708 2948 5742 ε
2989 5707 3434 5773 κεχωρισμένος.

2152 5649 2169 5675 ι
2202 5638 2325 5704 παρ⁸
2354 5636 2543 5703 sibi];

2189 5720 2207 5745 ο
2242 5709 2470 5767 ἱκεσίας.

3007 5866 3071 5925 12
