  <div class='ocr_page' id='page_1' title='image "/cluster/home/n/w/nwhite01/storage/ocr_20150623/76/pst.000005712755/191.png"; bbox 0 0 4078 6348; ppageno 0'>
   <div class='ocr_carea' id='block_1_1' title="bbox 638 378 746 438">
    <p class='ocr_par' dir='ltr' id='par_1_1' title="bbox 638 378 746 438">
     <span class='ocr_line' id='line_1_1' title="bbox 638 378 746 438; baseline -0.046 0"><span class='ocrx_word' id='word_1_1' title='bbox 638 378 746 438; x_wconf 72' lang='lat'><strong>365</strong></span> 
     </span>
    </p>
   </div>
   <div class='ocr_carea' id='block_1_2' title="bbox 1595 366 2838 428">
    <p class='ocr_par' dir='ltr' id='par_1_2' title="bbox 1595 366 2838 428">
     <span class='ocr_line' id='line_1_2' title="bbox 1595 366 2838 428; baseline -0.003 -3"><span class='ocrx_word' id='word_1_2' title='bbox 1595 369 1656 425; x_wconf 87' lang='lat' dir='ltr'><strong>S.</strong></span> <span class='ocrx_word' id='word_1_3' title='bbox 1696 367 1974 425; x_wconf 77' lang='lat' dir='ltr'><strong>CYRILLI</strong></span> <span class='ocrx_word' id='word_1_4' title='bbox 2014 369 2485 428; x_wconf 72' lang='lat' dir='ltr'><strong>ALEXANDRINI</strong></span> <span class='ocrx_word' id='word_1_5' title='bbox 2521 366 2838 425; x_wconf 79' lang='lat' dir='ltr'><strong>ARCHIEP.</strong></span> 
     </span>
    </p>
   </div>
   <div class='ocr_carea' id='block_1_3' title="bbox 3780 363 3882 417">
    <p class='ocr_par' dir='ltr' id='par_1_3' title="bbox 3780 363 3882 417">
     <span class='ocr_line' id='line_1_3' title="bbox 3780 363 3882 417; baseline -0.02 0"><span class='ocrx_word' id='word_1_6' title='bbox 3780 363 3882 417; x_wconf 71' lang='grc'><strong>564</strong></span> 
     </span>
    </p>
   </div>
   <div class='ocr_carea' id='block_1_4' title="bbox 644 488 2225 566">
    <p class='ocr_par' dir='ltr' id='par_1_4' title="bbox 644 492 2216 558">
     <span class='ocr_line' id='line_1_4' title="bbox 644 492 2216 558; baseline -0.003 -6"><span class='ocrx_word' id='word_1_7' title='bbox 644 501 850 554; x_wconf 81' lang='lat' dir='ltr'><strong>factum</strong></span> <span class='ocrx_word' id='word_1_8' title='bbox 898 510 1019 552; x_wconf 87' lang='lat' dir='ltr'><strong>esse</strong></span> <span class='ocrx_word' id='word_1_9' title='bbox 1069 494 1246 550; x_wconf 89' lang='lat' dir='ltr'><strong>nullus</strong></span> <span class='ocrx_word' id='word_1_10' title='bbox 1304 509 1411 551; x_wconf 90' lang='lat' dir='ltr'><strong>non</strong></span> <span class='ocrx_word' id='word_1_11' title='bbox 1461 492 1842 558; x_wconf 72' lang='lat' dir='ltr'><strong>conﬁtebitur;</strong></span> <span class='ocrx_word' id='word_1_12' title='bbox 1895 507 1998 547; x_wconf 85' lang='lat' dir='ltr'><strong>non</strong></span> <span class='ocrx_word' id='word_1_13' title='bbox 2038 503 2216 548; x_wconf 82' lang='lat' dir='ltr'><strong>tamen</strong></span> 
     </span>
    </p>
   </div>
   <div class='ocr_carea' id='block_1_5' title="bbox 2327 488 3880 566">
    <p class='ocr_par' dir='ltr' id='par_1_5' title="bbox 2327 488 3880 566">
     <span class='ocr_line' id='line_1_5' title="bbox 2327 488 3880 566; baseline -0.006 -16"><span class='ocrx_word' id='word_1_14' title='bbox 2327 495 2678 566; x_wconf 80' lang='grc' dir='ltr'>γεγεννῆσθαι</span> <span class='ocrx_word' id='word_1_15' title='bbox 2707 493 2797 547; x_wconf 74' lang='grc' dir='ltr'><strong>τὸν</strong></span> <span class='ocrx_word' id='word_1_16' title='bbox 2827 490 3030 562; x_wconf 83' lang='grc' dir='ltr'><strong>Κύριον</strong></span> <span class='ocrx_word' id='word_1_17' title='bbox 3063 489 3217 560; x_wconf 77' lang='grc' dir='ltr'>ἡμῶν</span> <span class='ocrx_word' id='word_1_18' title='bbox 3255 488 3459 561; x_wconf 74' lang='grc' dir='ltr'>Ἰησοῦν</span> <span class='ocrx_word' id='word_1_19' title='bbox 3482 489 3715 562; x_wconf 73' lang='grc' dir='ltr'>Χριστὸν</span> <span class='ocrx_word' id='word_1_20' title='bbox 3741 490 3880 542; x_wconf 74' lang='grc' dir='ltr'>κατὰ</span> 
     </span>
    </p>
   </div>
   <div class='ocr_carea' id='block_1_6' title="bbox 644 583 2212 657">
    <p class='ocr_par' dir='ltr' id='par_1_6' title="bbox 644 583 2212 657">
     <span class='ocr_line' id='line_1_6' title="bbox 644 583 2212 657; baseline -0.005 -11"><span class='ocrx_word' id='word_1_21' title='bbox 644 598 953 657; x_wconf 79' lang='lat' dir='ltr'><strong>separatum</strong></span> <span class='ocrx_word' id='word_1_22' title='bbox 996 587 1223 642; x_wconf 79' lang='lat' dir='ltr'><strong>seorsim</strong></span> <span class='ocrx_word' id='word_1_23' title='bbox 1259 584 1529 640; x_wconf 83' lang='lat' dir='ltr'><strong>hominem</strong></span> <span class='ocrx_word' id='word_1_24' title='bbox 1569 598 1632 639; x_wconf 81' lang='lat' dir='ltr'><strong>ex</strong></span> <span class='ocrx_word' id='word_1_25' title='bbox 1673 584 1895 639; x_wconf 75' lang='lat' dir='ltr'><strong>muliere</strong></span> <span class='ocrx_word' id='word_1_26' title='bbox 1921 600 1949 636; x_wconf 91' lang='lat' dir='ltr'><strong>a</strong></span> <span class='ocrx_word' id='word_1_27' title='bbox 1983 583 2075 638; x_wconf 86' lang='lat' dir='ltr'><strong>Dei</strong></span> <span class='ocrx_word' id='word_1_28' title='bbox 2110 585 2212 639; x_wconf 88' lang='lat' dir='ltr'><strong>Pa-</strong></span> 
     </span>
    </p>
   </div>
   <div class='ocr_carea' id='block_1_7' title="bbox 649 671 2216 743">
    <p class='ocr_par' dir='ltr' id='par_1_7' title="bbox 649 671 2216 743">
     <span class='ocr_line' id='line_1_7' title="bbox 649 671 2216 743; baseline -0.004 -10"><span class='ocrx_word' id='word_1_29' title='bbox 649 681 743 734; x_wconf 85' lang='lat' dir='ltr'><strong>tris</strong></span> <span class='ocrx_word' id='word_1_30' title='bbox 770 676 972 741; x_wconf 89' lang='lat' dir='ltr'><strong>Verbo,</strong></span> <span class='ocrx_word' id='word_1_31' title='bbox 1002 677 1075 730; x_wconf 87' lang='lat' dir='ltr'><strong>ita</strong></span> <span class='ocrx_word' id='word_1_32' title='bbox 1100 684 1157 730; x_wconf 92' lang='lat' dir='ltr'><strong>ut</strong></span> <span class='ocrx_word' id='word_1_33' title='bbox 1179 674 1321 743; x_wconf 91' lang='lat' dir='ltr'><strong>quod</strong></span> <span class='ocrx_word' id='word_1_34' title='bbox 1347 689 1413 728; x_wconf 81' lang='lat' dir='ltr'><strong>ex</strong></span> <span class='ocrx_word' id='word_1_35' title='bbox 1444 674 1652 727; x_wconf 81' lang='lat' dir='ltr'><strong>semine</strong></span> <span class='ocrx_word' id='word_1_36' title='bbox 1685 671 1851 725; x_wconf 82' lang='lat' dir='ltr'><strong>David</strong></span> <span class='ocrx_word' id='word_1_37' title='bbox 1883 673 2094 726; x_wconf 86' lang='lat' dir='ltr'><strong>unitum</strong></span> <span class='ocrx_word' id='word_1_38' title='bbox 2131 683 2216 727; x_wconf 89' lang='lat' dir='ltr'><strong>est</strong></span> 
     </span>
    </p>
   </div>
   <div class='ocr_carea' id='block_1_8' title="bbox 645 759 2213 829">
    <p class='ocr_par' dir='ltr' id='par_1_8' title="bbox 645 759 2213 829">
     <span class='ocr_line' id='line_1_8' title="bbox 645 759 2213 829; baseline -0.006 -8"><span class='ocrx_word' id='word_1_39' title='bbox 645 766 952 829; x_wconf 83' lang='lat' dir='ltr'><strong>inconfuse,</strong></span> <span class='ocrx_word' id='word_1_40' title='bbox 990 762 1334 818; x_wconf 69' lang='lat' dir='ltr'><strong>ineﬂabiliter</strong></span> <span class='ocrx_word' id='word_1_41' title='bbox 1365 769 1418 815; x_wconf 87' lang='lat' dir='ltr'><strong>et.</strong></span> <span class='ocrx_word' id='word_1_42' title='bbox 1477 759 1912 829; x_wconf 75' lang='lat' dir='ltr'><strong>inseparabiliter</strong></span> <span class='ocrx_word' id='word_1_43' title='bbox 1936 760 2112 815; x_wconf 90' lang='lat' dir='ltr'><strong>Verbo</strong></span> <span class='ocrx_word' id='word_1_44' title='bbox 2148 774 2213 813; x_wconf 83' lang='lat' dir='ltr'><strong>ex</strong></span> 
     </span>
    </p>
   </div>
   <div class='ocr_carea' id='block_1_9' title="bbox 646 851 2214 924">
    <p class='ocr_par' dir='ltr' id='par_1_9' title="bbox 646 851 2214 924">
     <span class='ocr_line' id='line_1_9' title="bbox 646 851 2214 924; baseline -0.003 -14"><span class='ocrx_word' id='word_1_45' title='bbox 646 857 808 910; x_wconf 84' lang='lat' dir='ltr'><strong>Patre</strong></span> <span class='ocrx_word' id='word_1_46' title='bbox 837 855 1038 924; x_wconf 83' lang='lat' dir='ltr'><strong>genito,</strong></span> <span class='ocrx_word' id='word_1_47' title='bbox 1071 854 1141 908; x_wconf 87' lang='lat' dir='ltr'><strong>sit</strong></span> <span class='ocrx_word' id='word_1_48' title='bbox 1182 851 1422 923; x_wconf 75' lang='lat' dir='ltr'><strong>pontifex</strong></span> <span class='ocrx_word' id='word_1_49' title='bbox 1473 859 1711 906; x_wconf 86' lang='lat' dir='ltr'><strong>tentatus</strong></span> <span class='ocrx_word' id='word_1_50' title='bbox 1749 865 1842 919; x_wconf 87' lang='lat' dir='ltr'><strong>per</strong></span> <span class='ocrx_word' id='word_1_51' title='bbox 1875 852 2054 905; x_wconf 78' lang='lat' dir='ltr'><strong>omnia</strong></span> <span class='ocrx_word' id='word_1_52' title='bbox 2089 852 2214 906; x_wconf 90' lang='lat' dir='ltr'><strong>abs-</strong></span> 
     </span>
    </p>
   </div>
   <div class='ocr_carea' id='block_1_10' title="bbox 645 940 2214 1017">
    <p class='ocr_par' dir='ltr' id='par_1_10' title="bbox 645 940 2214 1017">
     <span class='ocr_line' id='line_1_10' title="bbox 645 940 2214 1017; baseline -0.005 -15"><span class='ocrx_word' id='word_1_53' title='bbox 645 963 750 1017; x_wconf 86' lang='lat' dir='ltr'><strong>que</strong></span> <span class='ocrx_word' id='word_1_54' title='bbox 783 956 1003 1016; x_wconf 84' lang='lat' dir='ltr'><strong>peccato</strong></span> <span class='ocrx_word' id='word_1_55' title='bbox 1028 946 1093 1010; x_wconf 82' lang='grc'><strong>¹⁹,</strong></span> <span class='ocrx_word' id='word_1_56' title='bbox 1135 952 1189 999; x_wconf 89' lang='lat' dir='ltr'><strong>et</strong></span> <span class='ocrx_word' id='word_1_57' title='bbox 1233 943 1454 998; x_wconf 91' lang='lat' dir='ltr'><strong>edoctus</strong></span> <span class='ocrx_word' id='word_1_58' title='bbox 1503 956 1568 996; x_wconf 80' lang='lat' dir='ltr'><strong>ex</strong></span> <span class='ocrx_word' id='word_1_59' title='bbox 1606 940 1709 1004; x_wconf 86' lang='lat' dir='ltr'><strong>bis,</strong></span> <span class='ocrx_word' id='word_1_60' title='bbox 1744 956 1859 1008; x_wconf 82' lang='lat' dir='ltr'><strong>quae</strong></span> <span class='ocrx_word' id='word_1_61' title='bbox 1895 957 2082 1009; x_wconf 81' lang='lat' dir='ltr'><strong>passus</strong></span> <span class='ocrx_word' id='word_1_62' title='bbox 2116 950 2214 1004; x_wconf 87' lang='lat' dir='ltr'><strong>est,</strong></span> 
     </span>
    </p>
   </div>
   <div class='ocr_carea' id='block_1_11' title="bbox 644 1031 2218 1106">
    <p class='ocr_par' dir='ltr' id='par_1_11' title="bbox 644 1031 2218 1106">
     <span class='ocr_line' id='line_1_11' title="bbox 644 1031 2218 1106; baseline -0.003 -16"><span class='ocrx_word' id='word_1_63' title='bbox 644 1037 1036 1103; x_wconf 89' lang='lat' dir='ltr'><strong>obedientiam;</strong></span> <span class='ocrx_word' id='word_1_64' title='bbox 1088 1037 1179 1106; x_wconf 85' lang='lat' dir='ltr'><strong>qui</strong></span> <span class='ocrx_word' id='word_1_65' title='bbox 1220 1033 1480 1090; x_wconf 84' lang='lat' dir='ltr'><strong>obtulerit</strong></span> <span class='ocrx_word' id='word_1_66' title='bbox 1520 1031 1628 1087; x_wconf 91' lang='lat' dir='ltr'><strong>Deo</strong></span> <span class='ocrx_word' id='word_1_67' title='bbox 1681 1045 1734 1086; x_wconf 89' lang='lat' dir='ltr'><strong>et</strong></span> <span class='ocrx_word' id='word_1_68' title='bbox 1769 1031 1911 1086; x_wconf 81' lang='lat' dir='ltr'><strong>Patri</strong></span> <span class='ocrx_word' id='word_1_69' title='bbox 1969 1048 2071 1086; x_wconf 93' lang='lat' dir='ltr'><strong>non</strong></span> <span class='ocrx_word' id='word_1_70' title='bbox 2122 1046 2218 1101; x_wconf 88' lang='lat' dir='ltr'><strong>pro</strong></span> 
     </span>
    </p>
   </div>
   <div class='ocr_carea' id='block_1_12' title="bbox 648 1122 2217 1202">
    <p class='ocr_par' dir='ltr' id='par_1_12' title="bbox 648 1122 2217 1202">
     <span class='ocr_line' id='line_1_12' title="bbox 648 1122 2217 1202; baseline -0.008 -16"><span class='ocrx_word' id='word_1_71' title='bbox 648 1132 849 1202; x_wconf 83' lang='lat' dir='ltr'><strong>seipse,</strong></span> <span class='ocrx_word' id='word_1_72' title='bbox 880 1131 974 1186; x_wconf 88' lang='lat' dir='ltr'><strong>sed</strong></span> <span class='ocrx_word' id='word_1_73' title='bbox 1007 1143 1102 1200; x_wconf 88' lang='lat' dir='ltr'><strong>pro</strong></span> <span class='ocrx_word' id='word_1_74' title='bbox 1137 1128 1269 1184; x_wconf 86' lang='lat' dir='ltr'><strong>solis</strong></span> <span class='ocrx_word' id='word_1_75' title='bbox 1292 1126 1449 1181; x_wconf 87' lang='lat' dir='ltr'><strong>nobis</strong></span> <span class='ocrx_word' id='word_1_76' title='bbox 1475 1139 1625 1180; x_wconf 86' lang='lat' dir='ltr'><strong>suam</strong></span> <span class='ocrx_word' id='word_1_77' title='bbox 1659 1138 1900 1180; x_wconf 81' lang='lat' dir='ltr'><strong>carnem.</strong></span> <span class='ocrx_word' id='word_1_78' title='bbox 1928 1122 2042 1176; x_wconf 86' lang='lat' dir='ltr'><strong>Non</strong></span> <span class='ocrx_word' id='word_1_79' title='bbox 2074 1123 2217 1176; x_wconf 88' lang='lat' dir='ltr'><strong>enim</strong></span> 
     </span>
    </p>
   </div>
   <div class='ocr_carea' id='block_1_13' title="bbox 648 1212 2220 1288">
    <p class='ocr_par' dir='ltr' id='par_1_13' title="bbox 648 1212 2220 1288">
     <span class='ocr_line' id='line_1_13' title="bbox 648 1212 2220 1288; baseline -0.008 -13"><span class='ocrx_word' id='word_1_80' title='bbox 648 1222 893 1288; x_wconf 85' lang='lat' dir='ltr'><strong>imperite</strong></span> <span class='ocrx_word' id='word_1_81' title='bbox 944 1220 1185 1273; x_wconf 89' lang='lat' dir='ltr'><strong>dicemus</strong></span> <span class='ocrx_word' id='word_1_82' title='bbox 1245 1215 1412 1270; x_wconf 90' lang='lat' dir='ltr'><strong>Deum</strong></span> <span class='ocrx_word' id='word_1_83' title='bbox 1466 1212 1702 1268; x_wconf 80' lang='lat' dir='ltr'><strong>Verbum</strong></span> <span class='ocrx_word' id='word_1_84' title='bbox 1758 1212 2103 1283; x_wconf 89' lang='lat' dir='ltr'><strong>pontiticem,</strong></span> <span class='ocrx_word' id='word_1_85' title='bbox 2165 1219 2220 1264; x_wconf 93' lang='lat' dir='ltr'><strong>et</strong></span> 
     </span>
    </p>
   </div>
   <div class='ocr_carea' id='block_1_14' title="bbox 647 1303 2212 1378">
    <p class='ocr_par' dir='ltr' id='par_1_14' title="bbox 647 1303 2212 1378">
     <span class='ocr_line' id='line_1_14' title="bbox 647 1303 2212 1378; baseline -0.006 -12"><span class='ocrx_word' id='word_1_86' title='bbox 647 1311 907 1366; x_wconf 87' lang='lat' dir='ltr'><strong>obtulisse</strong></span> <span class='ocrx_word' id='word_1_87' title='bbox 939 1309 1174 1378; x_wconf 89' lang='lat' dir='ltr'><strong>seipsum</strong></span> <span class='ocrx_word' id='word_1_88' title='bbox 1195 1306 1302 1362; x_wconf 92' lang='lat' dir='ltr'><strong>Deo</strong></span> <span class='ocrx_word' id='word_1_89' title='bbox 1329 1317 1382 1360; x_wconf 92' lang='lat' dir='ltr'><strong>et</strong></span> <span class='ocrx_word' id='word_1_90' title='bbox 1412 1305 1558 1360; x_wconf 88' lang='lat' dir='ltr'><strong>Patri</strong></span> <span class='ocrx_word' id='word_1_91' title='bbox 1585 1324 1597 1358; x_wconf 89' lang='lat'>:</span> <span class='ocrx_word' id='word_1_92' title='bbox 1628 1320 1752 1359; x_wconf 85' lang='lat' dir='ltr'><strong>nam</strong></span> <span class='ocrx_word' id='word_1_93' title='bbox 1789 1303 2060 1373; x_wconf 86' lang='lat' dir='ltr'><strong>Unigeniti</strong></span> <span class='ocrx_word' id='word_1_94' title='bbox 2103 1303 2212 1359; x_wconf 89' lang='lat' dir='ltr'><strong>dei-</strong></span> 
     </span>
    </p>
   </div>
   <div class='ocr_carea' id='block_1_15' title="bbox 651 1393 1905 1471">
    <p class='ocr_par' dir='ltr' id='par_1_15' title="bbox 651 1393 1905 1471">
     <span class='ocr_line' id='line_1_15' title="bbox 651 1393 1905 1471; baseline -0.007 -15"><span class='ocrx_word' id='word_1_95' title='bbox 651 1402 778 1457; x_wconf 87' lang='lat' dir='ltr'><strong>tatis</strong></span> <span class='ocrx_word' id='word_1_96' title='bbox 813 1401 925 1471; x_wconf 87' lang='lat' dir='ltr'><strong>ipse</strong></span> <span class='ocrx_word' id='word_1_97' title='bbox 953 1397 1116 1454; x_wconf 80' lang='lat' dir='ltr'><strong>Pater</strong></span> <span class='ocrx_word' id='word_1_98' title='bbox 1150 1413 1255 1453; x_wconf 90' lang='lat' dir='ltr'><strong>non</strong></span> <span class='ocrx_word' id='word_1_99' title='bbox 1286 1407 1369 1452; x_wconf 90' lang='lat' dir='ltr'><strong>est</strong></span> <span class='ocrx_word' id='word_1_100' title='bbox 1407 1395 1574 1462; x_wconf 84' lang='lat' dir='ltr'><strong>Deus,</strong></span> <span class='ocrx_word' id='word_1_101' title='bbox 1599 1396 1691 1451; x_wconf 89' lang='lat' dir='ltr'><strong>sed</strong></span> <span class='ocrx_word' id='word_1_102' title='bbox 1721 1393 1905 1450; x_wconf 84' lang='lat' dir='ltr'><strong>Pater.</strong></span> 
     </span>
    </p>
   </div>
   <div class='ocr_carea' id='block_1_16' title="bbox 1196 1686 1670 1757">
    <p class='ocr_par' dir='ltr' id='par_1_16' title="bbox 1196 1686 1670 1757">
     <span class='ocr_line' id='line_1_16' title="bbox 1196 1686 1670 1757; baseline -0.006 -16"><span class='ocrx_word' id='word_1_103' title='bbox 1196 1686 1381 1757; x_wconf 77' lang='lat' dir='ltr'><strong>Cyrilli</strong></span> <span class='ocrx_word' id='word_1_104' title='bbox 1411 1686 1670 1754; x_wconf 73' lang='lat' dir='ltr'><strong>defensio.</strong></span> 
     </span>
    </p>
   </div>
   <div class='ocr_carea' id='block_1_17' title="bbox 718 1791 2217 1866">
    <p class='ocr_par' dir='ltr' id='par_1_17' title="bbox 718 1791 2217 1866">
     <span class='ocr_line' id='line_1_17' title="bbox 718 1791 2217 1866; baseline -0.009 -9"><span class='ocrx_word' id='word_1_105' title='bbox 718 1801 920 1858; x_wconf 86' lang='lat' dir='ltr'><strong>lterum</strong></span> <span class='ocrx_word' id='word_1_106' title='bbox 951 1797 1278 1854; x_wconf 85' lang='lat' dir='ltr'><strong>adversariis</strong></span> <span class='ocrx_word' id='word_1_107' title='bbox 1303 1807 1605 1866; x_wconf 88' lang='lat' dir='ltr'><strong>opportune</strong></span> <span class='ocrx_word' id='word_1_108' title='bbox 1642 1794 1882 1850; x_wconf 89' lang='lat' dir='ltr'><strong>dicemus</strong></span> <span class='ocrx_word' id='word_1_109' title='bbox 1912 1807 1925 1845; x_wconf 89' lang='lat'><strong>:</strong></span> <span class='ocrx_word' id='word_1_110' title='bbox 1957 1809 1975 1842; x_wconf 80' lang='grc' dir='ltr'><strong>ι</strong></span> <span class='ocrx_word' id='word_1_111' title='bbox 2011 1791 2217 1860; x_wconf 83' lang='lat' dir='ltr'><strong>Usque-</strong></span> 
     </span>
    </p>
   </div>
   <div class='ocr_carea' id='block_1_18' title="bbox 649 1856 2293 1959">
    <p class='ocr_par' dir='ltr' id='par_1_18' title="bbox 649 1856 2293 1959">
     <span class='ocr_line' id='line_1_18' title="bbox 649 1856 2293 1959; baseline -0.009 -14"><span class='ocrx_word' id='word_1_112' title='bbox 649 1904 759 1959; x_wconf 89' lang='lat' dir='ltr'><strong>quo</strong></span> <span class='ocrx_word' id='word_1_113' title='bbox 810 1888 1129 1943; x_wconf 89' lang='lat' dir='ltr'><strong>claudicatis</strong></span> <span class='ocrx_word' id='word_1_114' title='bbox 1191 1856 1453 1940; x_wconf 77' lang='lat' dir='ltr'><strong>ambobus</strong></span> <span class='ocrx_word' id='word_1_115' title='bbox 1503 1883 1794 1954; x_wconf 85' lang='lat' dir='ltr'><strong>peplitibus</strong></span> <span class='ocrx_word' id='word_1_116' title='bbox 1854 1881 2052 1935; x_wconf 88' lang='lat' dir='ltr'><strong>vestris</strong></span> <span class='ocrx_word' id='word_1_117' title='bbox 2076 1856 2164 1932; x_wconf 62' lang='grc' dir='ltr'><strong>’δι</strong></span> <span class='ocrx_word' id='word_1_118' title='bbox 2195 1899 2211 1930; x_wconf 76' lang='grc' dir='ltr'><strong>ι</strong></span> <span class='ocrx_word' id='word_1_119' title='bbox 2250 1856 2293 1916; x_wconf 73' lang='grc' dir='ltr'>Β</span> 
     </span>
    </p>
   </div>
   <div class='ocr_carea' id='block_1_19' title="bbox 647 1969 2221 2048">
    <p class='ocr_par' dir='ltr' id='par_1_19' title="bbox 647 1969 2221 2048">
     <span class='ocr_line' id='line_1_19' title="bbox 647 1969 2221 2048; baseline -0.008 -15"><span class='ocrx_word' id='word_1_120' title='bbox 647 1978 876 2048; x_wconf 85' lang='lat' dir='ltr'><strong>Oportet</strong></span> <span class='ocrx_word' id='word_1_121' title='bbox 922 1979 1063 2032; x_wconf 90' lang='lat' dir='ltr'><strong>enim</strong></span> <span class='ocrx_word' id='word_1_122' title='bbox 1111 1990 1206 2030; x_wconf 93' lang='lat' dir='ltr'><strong>vos</strong></span> <span class='ocrx_word' id='word_1_123' title='bbox 1252 1974 1454 2028; x_wconf 83' lang='lat' dir='ltr'><strong>habere</strong></span> <span class='ocrx_word' id='word_1_124' title='bbox 1502 1988 1686 2027; x_wconf 86' lang='lat' dir='ltr'><strong>sanam</strong></span> <span class='ocrx_word' id='word_1_125' title='bbox 1734 1981 1789 2025; x_wconf 88' lang='lat' dir='ltr'><strong>et</strong></span> <span class='ocrx_word' id='word_1_126' title='bbox 1843 1971 2107 2039; x_wconf 81' lang='lat' dir='ltr'><strong>integram</strong></span> <span class='ocrx_word' id='word_1_127' title='bbox 2156 1969 2221 2021; x_wconf 89' lang='lat' dir='ltr'><strong>ad</strong></span> 
     </span>
    </p>
   </div>
   <div class='ocr_carea' id='block_1_20' title="bbox 651 2063 2220 2140">
    <p class='ocr_par' dir='ltr' id='par_1_20' title="bbox 651 2063 2220 2140">
     <span class='ocr_line' id='line_1_20' title="bbox 651 2063 2220 2140; baseline -0.006 -16"><span class='ocrx_word' id='word_1_128' title='bbox 651 2071 1024 2140; x_wconf 82' lang='lat' dir='ltr'><strong>cognoscenda</strong></span> <span class='ocrx_word' id='word_1_129' title='bbox 1059 2078 1204 2122; x_wconf 90' lang='lat' dir='ltr'><strong>recte</strong></span> <span class='ocrx_word' id='word_1_130' title='bbox 1241 2066 1360 2121; x_wconf 88' lang='lat' dir='ltr'><strong>[idei</strong></span> <span class='ocrx_word' id='word_1_131' title='bbox 1408 2067 1657 2136; x_wconf 77' lang='lat' dir='ltr'><strong>dogmata</strong></span> <span class='ocrx_word' id='word_1_132' title='bbox 1703 2073 1961 2127; x_wconf 87' lang='lat' dir='ltr'><strong>mentem,</strong></span> <span class='ocrx_word' id='word_1_133' title='bbox 1994 2077 2100 2116; x_wconf 91' lang='lat' dir='ltr'><strong>non</strong></span> <span class='ocrx_word' id='word_1_134' title='bbox 2127 2063 2220 2115; x_wconf 91' lang='lat' dir='ltr'><strong>du-</strong></span> 
     </span>
    </p>
   </div>
   <div class='ocr_carea' id='block_1_21' title="bbox 650 2153 2218 2233">
    <p class='ocr_par' dir='ltr' id='par_1_21' title="bbox 650 2153 2218 2233">
     <span class='ocr_line' id='line_1_21' title="bbox 650 2153 2218 2233; baseline -0.01 -15"><span class='ocrx_word' id='word_1_135' title='bbox 650 2163 897 2233; x_wconf 87' lang='lat' dir='ltr'><strong>plicitate</strong></span> <span class='ocrx_word' id='word_1_136' title='bbox 929 2161 1094 2215; x_wconf 90' lang='lat' dir='ltr'><strong>animi</strong></span> <span class='ocrx_word' id='word_1_137' title='bbox 1138 2159 1557 2223; x_wconf 88' lang='lat' dir='ltr'><strong>claudicantem,</strong></span> <span class='ocrx_word' id='word_1_138' title='bbox 1599 2166 1653 2211; x_wconf 90' lang='lat' dir='ltr'><strong>et</strong></span> <span class='ocrx_word' id='word_1_139' title='bbox 1694 2155 1847 2208; x_wconf 84' lang='lat' dir='ltr'><strong>valde</strong></span> <span class='ocrx_word' id='word_1_140' title='bbox 1878 2153 2218 2219; x_wconf 88' lang='lat' dir='ltr'><strong>imbecillem,</strong></span> 
     </span>
    </p>
   </div>
   <div class='ocr_carea' id='block_1_22' title="bbox 649 2244 2221 2313">
    <p class='ocr_par' dir='ltr' id='par_1_22' title="bbox 649 2244 2221 2313">
     <span class='ocr_line' id='line_1_22' title="bbox 649 2244 2221 2313; baseline -0.006 -6"><span class='ocrx_word' id='word_1_141' title='bbox 649 2264 707 2307; x_wconf 87' lang='lat' dir='ltr'><strong>et</strong></span> <span class='ocrx_word' id='word_1_142' title='bbox 759 2263 905 2308; x_wconf 89' lang='lat' dir='ltr'><strong>recte</strong></span> <span class='ocrx_word' id='word_1_143' title='bbox 958 2251 1207 2306; x_wconf 87' lang='lat' dir='ltr'><strong>incedere</strong></span> <span class='ocrx_word' id='word_1_144' title='bbox 1255 2264 1360 2303; x_wconf 91' lang='lat' dir='ltr'><strong>non</strong></span> <span class='ocrx_word' id='word_1_145' title='bbox 1423 2247 1688 2302; x_wconf 81' lang='lat' dir='ltr'><strong>valentem</strong></span> <span class='ocrx_word' id='word_1_146' title='bbox 1737 2264 1750 2300; x_wconf 86' lang='lat'><strong>:</strong></span> <span class='ocrx_word' id='word_1_147' title='bbox 1791 2264 1808 2296; x_wconf 80' lang='grc' dir='ltr'><strong>ι</strong></span> <span class='ocrx_word' id='word_1_148' title='bbox 1839 2244 1971 2298; x_wconf 86' lang='lat' dir='ltr'><strong>Nam</strong></span> <span class='ocrx_word' id='word_1_149' title='bbox 2027 2244 2221 2313; x_wconf 80' lang='lat' dir='ltr'><strong>duplex</strong></span> 
     </span>
    </p>
   </div>
   <div class='ocr_carea' id='block_1_23' title="bbox 651 2337 2219 2400">
    <p class='ocr_par' dir='ltr' id='par_1_23' title="bbox 651 2337 2219 2400">
     <span class='ocr_line' id='line_1_23' title="bbox 651 2337 2219 2400; baseline -0.006 -3"><span class='ocrx_word' id='word_1_150' title='bbox 651 2345 831 2400; x_wconf 85' lang='lat' dir='ltr'><strong>animo</strong></span> <span class='ocrx_word' id='word_1_151' title='bbox 870 2344 1183 2397; x_wconf 84' lang='lat' dir='ltr'><strong>inconstans</strong></span> <span class='ocrx_word' id='word_1_152' title='bbox 1226 2351 1310 2393; x_wconf 88' lang='lat' dir='ltr'><strong>est</strong></span> <span class='ocrx_word' id='word_1_153' title='bbox 1341 2339 1394 2391; x_wconf 91' lang='lat' dir='ltr'><strong>in</strong></span> <span class='ocrx_word' id='word_1_154' title='bbox 1434 2339 1689 2392; x_wconf 89' lang='lat' dir='ltr'><strong>omnibus</strong></span> <span class='ocrx_word' id='word_1_155' title='bbox 1731 2337 1832 2390; x_wconf 84' lang='lat' dir='ltr'><strong>viis</strong></span> <span class='ocrx_word' id='word_1_156' title='bbox 1863 2337 1997 2399; x_wconf 88' lang='lat' dir='ltr'><strong>suis,</strong></span> <span class='ocrx_word' id='word_1_157' title='bbox 2035 2345 2089 2390; x_wconf 90' lang='lat' dir='ltr'><strong>et</strong></span> <span class='ocrx_word' id='word_1_158' title='bbox 2117 2351 2219 2388; x_wconf 89' lang='lat' dir='ltr'><strong>non</strong></span> 
     </span>
    </p>
   </div>
   <div class='ocr_carea' id='block_1_24' title="bbox 651 2425 2222 2505">
    <p class='ocr_par' dir='ltr' id='par_1_24' title="bbox 651 2425 2222 2505">
     <span class='ocr_line' id='line_1_24' title="bbox 651 2425 2222 2505; baseline -0.01 -15"><span class='ocrx_word' id='word_1_159' title='bbox 651 2436 885 2505; x_wconf 86' lang='lat' dir='ltr'><strong>accip&#39;iet</strong></span> <span class='ocrx_word' id='word_1_160' title='bbox 936 2430 1140 2500; x_wconf 88' lang='lat' dir='ltr'><strong>aliquid</strong></span> <span class='ocrx_word' id='word_1_161' title='bbox 1183 2446 1211 2483; x_wconf 93' lang='lat' dir='ltr'><strong>a</strong></span> <span class='ocrx_word' id='word_1_162' title='bbox 1267 2429 1494 2482; x_wconf 74' lang='lat' dir='ltr'><strong>Domino</strong></span> <span class='ocrx_word' id='word_1_163' title='bbox 1521 2428 1588 2479; x_wconf 79' lang='grc'><strong>³⁸.</strong></span> <span class='ocrx_word' id='word_1_164' title='bbox 1623 2445 1641 2477; x_wconf 77' lang='grc' dir='ltr'><strong>ι</strong></span> <span class='ocrx_word' id='word_1_165' title='bbox 1693 2425 1859 2493; x_wconf 86' lang='lat' dir='ltr'><strong>quue</strong></span> <span class='ocrx_word' id='word_1_166' title='bbox 1905 2426 2024 2479; x_wconf 90' lang='lat' dir='ltr'><strong>dico</strong></span> <span class='ocrx_word' id='word_1_167' title='bbox 2069 2425 2222 2477; x_wconf 88' lang='lat' dir='ltr'><strong>valde</strong></span> 
     </span>
    </p>
   </div>
   <div class='ocr_carea' id='block_1_25' title="bbox 654 2513 2223 2584">
    <p class='ocr_par' dir='ltr' id='par_1_25' title="bbox 654 2513 2223 2584">
     <span class='ocr_line' id='line_1_25' title="bbox 654 2513 2223 2584; baseline -0.006 -7"><span class='ocrx_word' id='word_1_168' title='bbox 654 2523 948 2584; x_wconf 82' lang='lat' dir='ltr'><strong>admirans,</strong></span> <span class='ocrx_word' id='word_1_169' title='bbox 998 2517 1339 2572; x_wconf 84' lang='lat' dir='ltr'><strong>adversarios</strong></span> <span class='ocrx_word' id='word_1_170' title='bbox 1368 2524 1475 2568; x_wconf 89' lang='lat' dir='ltr'><strong>tam</strong></span> <span class='ocrx_word' id='word_1_171' title='bbox 1528 2513 1869 2582; x_wconf 84' lang='lat' dir='ltr'><strong>impudenter</strong></span> <span class='ocrx_word' id='word_1_172' title='bbox 1912 2528 1974 2565; x_wconf 91' lang='lat' dir='ltr'><strong>ac</strong></span> <span class='ocrx_word' id='word_1_173' title='bbox 2024 2522 2223 2567; x_wconf 86' lang='lat' dir='ltr'><strong>temere</strong></span> 
     </span>
    </p>
   </div>
   <div class='ocr_carea' id='block_1_26' title="bbox 653 2602 2224 2682">
    <p class='ocr_par' dir='ltr' id='par_1_26' title="bbox 653 2602 2224 2682">
     <span class='ocr_line' id='line_1_26' title="bbox 653 2602 2224 2682; baseline -0.01 -15"><span class='ocrx_word' id='word_1_174' title='bbox 653 2613 984 2682; x_wconf 87' lang='lat' dir='ltr'><strong>propositum</strong></span> <span class='ocrx_word' id='word_1_175' title='bbox 1030 2610 1324 2664; x_wconf 89' lang='lat' dir='ltr'><strong>etiamnum</strong></span> <span class='ocrx_word' id='word_1_176' title='bbox 1384 2603 1915 2660; x_wconf 83' lang='lat' dir='ltr'><strong>anatbematismum</strong></span> <span class='ocrx_word' id='word_1_177' title='bbox 1971 2602 2224 2671; x_wconf 87' lang='lat' dir='ltr'><strong>perstrin-</strong></span> 
     </span>
    </p>
   </div>
   <div class='ocr_carea' id='block_1_27' title="bbox 653 2690 2224 2774">
    <p class='ocr_par' dir='ltr' id='par_1_27' title="bbox 653 2690 2224 2774">
     <span class='ocr_line' id='line_1_27' title="bbox 653 2690 2224 2774; baseline -0.01 -16"><span class='ocrx_word' id='word_1_178' title='bbox 653 2717 781 2774; x_wconf 82' lang='lat' dir='ltr'><strong>gere</strong></span> <span class='ocrx_word' id='word_1_179' title='bbox 808 2701 961 2757; x_wconf 77' lang='lat' dir='ltr'><strong>velle.</strong></span> <span class='ocrx_word' id='word_1_180' title='bbox 1002 2698 1113 2753; x_wconf 82' lang='lat' dir='ltr'><strong>Nec</strong></span> <span class='ocrx_word' id='word_1_181' title='bbox 1156 2698 1468 2759; x_wconf 90' lang='lat' dir='ltr'><strong>absurdum,</strong></span> <span class='ocrx_word' id='word_1_182' title='bbox 1506 2695 1649 2763; x_wconf 92' lang='lat' dir='ltr'><strong>quod</strong></span> <span class='ocrx_word' id='word_1_183' title='bbox 1689 2693 1875 2748; x_wconf 89' lang='lat' dir='ltr'><strong>nolunt</strong></span> <span class='ocrx_word' id='word_1_184' title='bbox 1913 2690 2009 2744; x_wconf 89' lang='lat' dir='ltr'><strong>Dei</strong></span> <span class='ocrx_word' id='word_1_185' title='bbox 2048 2690 2224 2744; x_wconf 86' lang='lat' dir='ltr'><strong>Patris</strong></span> 
     </span>
    </p>
   </div>
   <div class='ocr_carea' id='block_1_28' title="bbox 655 2783 2224 2855">
    <p class='ocr_par' dir='ltr' id='par_1_28' title="bbox 655 2783 2224 2855">
     <span class='ocr_line' id='line_1_28' title="bbox 655 2783 2224 2855; baseline -0.008 -9"><span class='ocrx_word' id='word_1_186' title='bbox 655 2793 889 2849; x_wconf 86' lang='lat' dir='ltr'><strong>Verbum</strong></span> <span class='ocrx_word' id='word_1_187' title='bbox 924 2808 952 2845; x_wconf 91' lang='lat' dir='ltr'><strong>a</strong></span> <span class='ocrx_word' id='word_1_188' title='bbox 991 2791 1144 2845; x_wconf 90' lang='lat' dir='ltr'><strong>nobis</strong></span> <span class='ocrx_word' id='word_1_189' title='bbox 1169 2786 1438 2843; x_wconf 82' lang='lat' dir='ltr'><strong>nominari</strong></span> <span class='ocrx_word' id='word_1_190' title='bbox 1473 2786 1630 2855; x_wconf 76' lang='lat'><strong>187</strong></span> <span class='ocrx_word' id='word_1_191' title='bbox 1673 2783 1973 2853; x_wconf 87' lang='lat' dir='ltr'><strong>apostolum</strong></span> <span class='ocrx_word' id='word_1_192' title='bbox 2005 2791 2058 2836; x_wconf 90' lang='lat' dir='ltr'><strong>et</strong></span> <span class='ocrx_word' id='word_1_193' title='bbox 2091 2797 2224 2851; x_wconf 89' lang='lat' dir='ltr'><strong>pon-</strong></span> 
     </span>
    </p>
   </div>
   <div class='ocr_carea' id='block_1_29' title="bbox 655 2873 2225 2945">
    <p class='ocr_par' dir='ltr' id='par_1_29' title="bbox 655 2873 2225 2945">
     <span class='ocr_line' id='line_1_29' title="bbox 655 2873 2225 2945; baseline -0.009 -6"><span class='ocrx_word' id='word_1_194' title='bbox 655 2884 852 2940; x_wconf 80' lang='lat' dir='ltr'><strong>tiﬁcem</strong></span> <span class='ocrx_word' id='word_1_195' title='bbox 907 2881 1266 2938; x_wconf 83' lang='lat' dir='ltr'><strong>confessionis</strong></span> <span class='ocrx_word' id='word_1_196' title='bbox 1326 2887 1561 2942; x_wconf 66' lang='lat' dir='ltr'><strong>nostrae,</strong></span> <span class='ocrx_word' id='word_1_197' title='bbox 1617 2877 1832 2945; x_wconf 87' lang='lat' dir='ltr'><strong>quando</strong></span> <span class='ocrx_word' id='word_1_198' title='bbox 1884 2873 2084 2928; x_wconf 83' lang='lat' dir='ltr'><strong>factum</strong></span> <span class='ocrx_word' id='word_1_199' title='bbox 2143 2881 2225 2926; x_wconf 89' lang='lat' dir='ltr'><strong>est</strong></span> 
     </span>
    </p>
   </div>
   <div class='ocr_carea' id='block_1_30' title="bbox 650 2965 2224 3043">
    <p class='ocr_par' dir='ltr' id='par_1_30' title="bbox 650 2965 2224 3043">
     <span class='ocr_line' id='line_1_30' title="bbox 650 2965 2224 3043; baseline -0.008 -12"><span class='ocrx_word' id='word_1_200' title='bbox 650 2979 840 3031; x_wconf 79' lang='lat' dir='ltr'><strong>homo.</strong></span> <span class='ocrx_word' id='word_1_201' title='bbox 884 2973 1019 3028; x_wconf 79' lang='lat' dir='ltr'><strong>Nam</strong></span> <span class='ocrx_word' id='word_1_202' title='bbox 1049 2974 1138 3043; x_wconf 90' lang='lat' dir='ltr'><strong>qui</strong></span> <span class='ocrx_word' id='word_1_203' title='bbox 1169 2985 1393 3042; x_wconf 88' lang='lat' dir='ltr'><strong>prorsus</strong></span> <span class='ocrx_word' id='word_1_204' title='bbox 1425 2976 1696 3023; x_wconf 89' lang='lat' dir='ltr'><strong>attentant</strong></span> <span class='ocrx_word' id='word_1_205' title='bbox 1741 2966 2075 3021; x_wconf 86' lang='lat' dir='ltr'><strong>nativitatem</strong></span> <span class='ocrx_word' id='word_1_206' title='bbox 2108 2965 2224 3033; x_wconf 82' lang='lat' dir='ltr'><strong>ejus</strong></span> 
     </span>
    </p>
   </div>
   <div class='ocr_carea' id='block_1_31' title="bbox 653 3057 2223 3127">
    <p class='ocr_par' dir='ltr' id='par_1_31' title="bbox 653 3057 2223 3127">
     <span class='ocr_line' id='line_1_31' title="bbox 653 3057 2223 3127; baseline -0.01 -5"><span class='ocrx_word' id='word_1_207' title='bbox 653 3066 954 3122; x_wconf 83' lang='lat' dir='ltr'><strong>secundum</strong></span> <span class='ocrx_word' id='word_1_208' title='bbox 996 3077 1215 3117; x_wconf 89' lang='lat' dir='ltr'><strong>carnem</strong></span> <span class='ocrx_word' id='word_1_209' title='bbox 1248 3058 1589 3122; x_wconf 85' lang='lat' dir='ltr'><strong>calumniari,</strong></span> <span class='ocrx_word' id='word_1_210' title='bbox 1618 3067 1672 3111; x_wconf 88' lang='lat' dir='ltr'><strong>et</strong></span> <span class='ocrx_word' id='word_1_211' title='bbox 1702 3057 1858 3127; x_wconf 89' lang='lat' dir='ltr'><strong>quasi</strong></span> <span class='ocrx_word' id='word_1_212' title='bbox 1894 3071 2000 3109; x_wconf 89' lang='lat' dir='ltr'><strong>non</strong></span> <span class='ocrx_word' id='word_1_213' title='bbox 2041 3070 2223 3110; x_wconf 86' lang='lat' dir='ltr'><strong>veram</strong></span> 
     </span>
    </p>
   </div>
   <div class='ocr_carea' id='block_1_32' title="bbox 657 3145 2221 3224">
    <p class='ocr_par' dir='ltr' id='par_1_32' title="bbox 657 3145 2221 3224">
     <span class='ocr_line' id='line_1_32' title="bbox 657 3145 2221 3224; baseline -0.009 -12"><span class='ocrx_word' id='word_1_214' title='bbox 657 3156 883 3224; x_wconf 80' lang='lat' dir='ltr'><strong>rejicere</strong></span> <span class='ocrx_word' id='word_1_215' title='bbox 932 3155 1155 3220; x_wconf 85' lang='lat' dir='ltr'><strong>audent,</strong></span> <span class='ocrx_word' id='word_1_216' title='bbox 1205 3166 1303 3206; x_wconf 91' lang='lat' dir='ltr'><strong>nec</strong></span> <span class='ocrx_word' id='word_1_217' title='bbox 1356 3150 1592 3203; x_wconf 84' lang='lat' dir='ltr'><strong>ferentes</strong></span> <span class='ocrx_word' id='word_1_218' title='bbox 1644 3157 1886 3202; x_wconf 85' lang='lat' dir='ltr'><strong>sanctam</strong></span> <span class='ocrx_word' id='word_1_219' title='bbox 1951 3145 2221 3216; x_wconf 78' lang='lat' dir='ltr'><strong>Virginem</strong></span> 
     </span>
    </p>
   </div>
   <div class='ocr_carea' id='block_1_33' title="bbox 659 3238 2224 3316">
    <p class='ocr_par' dir='ltr' id='par_1_33' title="bbox 659 3238 2224 3316">
     <span class='ocr_line' id='line_1_33' title="bbox 659 3238 2224 3316; baseline -0.008 -13"><span class='ocrx_word' id='word_1_220' title='bbox 659 3249 760 3304; x_wconf 90' lang='lat' dir='ltr'><strong>dici</strong></span> <span class='ocrx_word' id='word_1_221' title='bbox 802 3247 894 3301; x_wconf 88' lang='lat' dir='ltr'><strong>Dei</strong></span> <span class='ocrx_word' id='word_1_222' title='bbox 941 3245 1280 3316; x_wconf 77' lang='lat' dir='ltr'><strong>genitricem,</strong></span> <span class='ocrx_word' id='word_1_223' title='bbox 1311 3242 1578 3312; x_wconf 88' lang='lat' dir='ltr'><strong>quomodo</strong></span> <span class='ocrx_word' id='word_1_224' title='bbox 1613 3255 1724 3293; x_wconf 89' lang='lat' dir='ltr'><strong>non</strong></span> <span class='ocrx_word' id='word_1_225' title='bbox 1763 3249 1816 3292; x_wconf 91' lang='lat' dir='ltr'><strong>et</strong></span> <span class='ocrx_word' id='word_1_226' title='bbox 1860 3238 2224 3306; x_wconf 79' lang='lat' dir='ltr'><strong>dispensatio~</strong></span> 
     </span>
    </p>
   </div>
   <div class='ocr_carea' id='block_1_34' title="bbox 657 3328 2227 3401">
    <p class='ocr_par' dir='ltr' id='par_1_34' title="bbox 657 3328 2227 3401">
     <span class='ocr_line' id='line_1_34' title="bbox 657 3328 2227 3401; baseline -0.006 -10"><span class='ocrx_word' id='word_1_227' title='bbox 657 3339 745 3392; x_wconf 85' lang='lat' dir='ltr'><strong>nis</strong></span> <span class='ocrx_word' id='word_1_228' title='bbox 799 3337 985 3390; x_wconf 89' lang='lat' dir='ltr'><strong>modos</strong></span> <span class='ocrx_word' id='word_1_229' title='bbox 1033 3331 1319 3401; x_wconf 86' lang='lat' dir='ltr'><strong>rejicient?</strong></span> <span class='ocrx_word' id='word_1_230' title='bbox 1383 3331 1616 3384; x_wconf 81' lang='lat' dir='ltr'><strong>Audiant</strong></span> <span class='ocrx_word' id='word_1_231' title='bbox 1698 3329 1862 3398; x_wconf 86' lang='lat' dir='ltr'><strong>igitur</strong></span> <span class='ocrx_word' id='word_1_232' title='bbox 1929 3328 2031 3382; x_wconf 88' lang='lat' dir='ltr'><strong>hoc</strong></span> <span class='ocrx_word' id='word_1_233' title='bbox 2085 3329 2227 3394; x_wconf 89' lang='lat' dir='ltr'><strong>quod</strong></span> 
     </span>
    </p>
   </div>
   <div class='ocr_carea' id='block_1_35' title="bbox 658 3418 2220 3488">
    <p class='ocr_par' dir='ltr' id='par_1_35' title="bbox 658 3418 2220 3488">
     <span class='ocr_line' id='line_1_35' title="bbox 658 3418 2220 3488; baseline -0.008 -6"><span class='ocrx_word' id='word_1_234' title='bbox 658 3428 827 3484; x_wconf 83' lang='lat' dir='ltr'><strong>Isaias</strong></span> <span class='ocrx_word' id='word_1_235' title='bbox 857 3426 992 3487; x_wconf 67' lang='lat' dir='ltr'><strong>dixit</strong></span> <span class='ocrx_word' id='word_1_236' title='bbox 1019 3441 1034 3479; x_wconf 87' lang='lat'><strong>:</strong></span> <span class='ocrx_word' id='word_1_237' title='bbox 1067 3442 1086 3476; x_wconf 75' lang='grc' dir='ltr'><strong>ι</strong></span> <span class='ocrx_word' id='word_1_238' title='bbox 1118 3423 1230 3477; x_wconf 82' lang='lat' dir='ltr'><strong>Nisi</strong></span> <span class='ocrx_word' id='word_1_239' title='bbox 1253 3421 1616 3483; x_wconf 85' lang='lat' dir='ltr'><strong>credideritis,</strong></span> <span class='ocrx_word' id='word_1_240' title='bbox 1649 3434 1753 3473; x_wconf 91' lang='lat' dir='ltr'><strong>non</strong></span> <span class='ocrx_word' id='word_1_241' title='bbox 1784 3418 2172 3488; x_wconf 80' lang='lat' dir='ltr'><strong>intelligetis&quot;.</strong></span> <span class='ocrx_word' id='word_1_242' title='bbox 2203 3437 2220 3469; x_wconf 76' lang='grc' dir='ltr'><strong>ι</strong></span> 
     </span>
    </p>
   </div>
   <div class='ocr_carea' id='block_1_36' title="bbox 660 3509 2229 3582">
    <p class='ocr_par' dir='ltr' id='par_1_36' title="bbox 660 3509 2229 3582">
     <span class='ocr_line' id='line_1_36' title="bbox 660 3509 2229 3582; baseline -0.009 -9"><span class='ocrx_word' id='word_1_243' title='bbox 660 3518 872 3574; x_wconf 84' lang='lat' dir='ltr'><strong>Etenim</strong></span> <span class='ocrx_word' id='word_1_244' title='bbox 901 3517 1110 3570; x_wconf 74' lang='lat' dir='ltr'><strong>divinus</strong></span> <span class='ocrx_word' id='word_1_245' title='bbox 1148 3512 1473 3582; x_wconf 76' lang='lat' dir='ltr'><strong>evangelista</strong></span> <span class='ocrx_word' id='word_1_246' title='bbox 1513 3509 1746 3565; x_wconf 84' lang='lat' dir='ltr'><strong>Joannes</strong></span> <span class='ocrx_word' id='word_1_247' title='bbox 1782 3524 2036 3576; x_wconf 81' lang='lat' dir='ltr'><strong>magnum</strong></span> <span class='ocrx_word' id='word_1_248' title='bbox 2077 3509 2229 3576; x_wconf 89' lang='lat' dir='ltr'><strong>quid-</strong></span> 
     </span>
    </p>
   </div>
   <div class='ocr_carea' id='block_1_37' title="bbox 659 3600 2228 3666">
    <p class='ocr_par' dir='ltr' id='par_1_37' title="bbox 659 3600 2228 3666">
     <span class='ocr_line' id='line_1_37' title="bbox 659 3600 2228 3666; baseline -0.008 -2"><span class='ocrx_word' id='word_1_249' title='bbox 659 3611 784 3664; x_wconf 88' lang='lat' dir='ltr'><strong>dam</strong></span> <span class='ocrx_word' id='word_1_250' title='bbox 819 3619 873 3662; x_wconf 89' lang='lat' dir='ltr'><strong>et</strong></span> <span class='ocrx_word' id='word_1_251' title='bbox 915 3606 1188 3660; x_wconf 89' lang='lat' dir='ltr'><strong>insolitum</strong></span> <span class='ocrx_word' id='word_1_252' title='bbox 1227 3603 1535 3658; x_wconf 80' lang='lat' dir='ltr'><strong>hominibus</strong></span> <span class='ocrx_word' id='word_1_253' title='bbox 1579 3601 1831 3666; x_wconf 83' lang='lat' dir='ltr'><strong>intonuit,</strong></span> <span class='ocrx_word' id='word_1_254' title='bbox 1879 3600 2064 3654; x_wconf 89' lang='lat' dir='ltr'><strong>dicens</strong></span> <span class='ocrx_word' id='word_1_255' title='bbox 2098 3600 2228 3653; x_wconf 88' lang='lat' dir='ltr'><strong>Ver-</strong></span> 
     </span>
    </p>
   </div>
   <div class='ocr_carea' id='block_1_38' title="bbox 663 3684 2227 3749">
    <p class='ocr_par' dir='ltr' id='par_1_38' title="bbox 663 3684 2227 3749">
     <span class='ocr_line' id='line_1_38' title="bbox 663 3684 2227 3749; baseline -0.007 -2"><span class='ocrx_word' id='word_1_256' title='bbox 663 3694 792 3747; x_wconf 89' lang='lat' dir='ltr'><strong>bum</strong></span> <span class='ocrx_word' id='word_1_257' title='bbox 846 3705 1064 3744; x_wconf 86' lang='lat' dir='ltr'><strong>carncm</strong></span> <span class='ocrx_word' id='word_1_258' title='bbox 1115 3702 1235 3742; x_wconf 83' lang='lat' dir='ltr'><strong>esse</strong></span> <span class='ocrx_word' id='word_1_259' title='bbox 1278 3685 1478 3742; x_wconf 70' lang='lat' dir='ltr'><strong>factum</strong></span> <span class='ocrx_word' id='word_1_260' title='bbox 1505 3684 1571 3737; x_wconf 82' lang='lat'><strong>&quot;.</strong></span> <span class='ocrx_word' id='word_1_261' title='bbox 1613 3685 1711 3749; x_wconf 77' lang='lat' dir='ltr'><strong>Qui</strong></span> <span class='ocrx_word' id='word_1_262' title='bbox 1756 3696 1934 3740; x_wconf 84' lang='lat' dir='ltr'><strong>autem</strong></span> <span class='ocrx_word' id='word_1_263' title='bbox 1977 3685 2227 3738; x_wconf 85' lang='lat' dir='ltr'><strong>virtutem</strong></span> 
     </span>
    </p>
   </div>
   <div class='ocr_carea' id='block_1_39' title="bbox 660 3775 2229 3845">
    <p class='ocr_par' dir='ltr' id='par_1_39' title="bbox 660 3775 2229 3845">
     <span class='ocr_line' id='line_1_39' title="bbox 660 3775 2229 3845; baseline -0.003 -12"><span class='ocrx_word' id='word_1_264' title='bbox 660 3783 904 3838; x_wconf 80' lang='lat' dir='ltr'><strong>veritatis</strong></span> <span class='ocrx_word' id='word_1_265' title='bbox 936 3780 1286 3845; x_wconf 70' lang='lat' dir='ltr'><strong>suﬂurantur,</strong></span> <span class='ocrx_word' id='word_1_266' title='bbox 1321 3779 1393 3832; x_wconf 84' lang='lat' dir='ltr'><strong>ita</strong></span> <span class='ocrx_word' id='word_1_267' title='bbox 1423 3792 1640 3831; x_wconf 86' lang='lat' dir='ltr'><strong>carnem</strong></span> <span class='ocrx_word' id='word_1_268' title='bbox 1669 3777 1845 3845; x_wconf 88' lang='lat' dir='ltr'><strong>ipsum</strong></span> <span class='ocrx_word' id='word_1_269' title='bbox 1877 3775 2076 3830; x_wconf 77' lang='lat' dir='ltr'><strong>factum</strong></span> <span class='ocrx_word' id='word_1_270' title='bbox 2109 3790 2229 3829; x_wconf 86' lang='lat' dir='ltr'><strong>esse</strong></span> 
     </span>
    </p>
   </div>
   <div class='ocr_carea' id='block_1_40' title="bbox 661 3868 2229 3937">
    <p class='ocr_par' dir='ltr' id='par_1_40' title="bbox 661 3868 2229 3937">
     <span class='ocr_line' id='line_1_40' title="bbox 661 3868 2229 3937; baseline -0.005 -10"><span class='ocrx_word' id='word_1_271' title='bbox 661 3875 864 3937; x_wconf 90' lang='lat' dir='ltr'><strong>dicunt,</strong></span> <span class='ocrx_word' id='word_1_272' title='bbox 897 3871 1037 3926; x_wconf 86' lang='lat' dir='ltr'><strong>sicut</strong></span> <span class='ocrx_word' id='word_1_273' title='bbox 1083 3879 1138 3924; x_wconf 88' lang='lat' dir='ltr'><strong>et</strong></span> <span class='ocrx_word' id='word_1_274' title='bbox 1185 3869 1529 3923; x_wconf 88' lang='lat' dir='ltr'><strong>maledictum</strong></span> <span class='ocrx_word' id='word_1_275' title='bbox 1553 3868 1620 3932; x_wconf 74' lang='lat'><strong>&quot;,</strong></span> <span class='ocrx_word' id='word_1_276' title='bbox 1652 3877 1705 3921; x_wconf 88' lang='lat' dir='ltr'><strong>et</strong></span> <span class='ocrx_word' id='word_1_277' title='bbox 1738 3878 2015 3936; x_wconf 85' lang='lat' dir='ltr'><strong>peccatum</strong></span> <span class='ocrx_word' id='word_1_278' title='bbox 2039 3868 2084 3898; x_wconf 77' lang='lat'>&quot;</span> <span class='ocrx_word' id='word_1_279' title='bbox 2111 3879 2229 3920; x_wconf 87' lang='lat' dir='ltr'><strong>esse</strong></span> 
     </span>
    </p>
   </div>
   <div class='ocr_carea' id='block_1_41' title="bbox 662 3959 2227 4030">
    <p class='ocr_par' dir='ltr' id='par_1_41' title="bbox 662 3959 2227 4030">
     <span class='ocr_line' id='line_1_41' title="bbox 662 3959 2227 4030; baseline -0.004 -13"><span class='ocrx_word' id='word_1_280' title='bbox 662 3965 860 4019; x_wconf 75' lang='lat' dir='ltr'><strong>factum</strong></span> <span class='ocrx_word' id='word_1_281' title='bbox 907 3961 1240 4030; x_wconf 76' lang='lat' dir='ltr'><strong>intelligitur.</strong></span> <span class='ocrx_word' id='word_1_282' title='bbox 1290 3959 1354 4012; x_wconf 84' lang='lat' dir='ltr'><strong>Et</strong></span> <span class='ocrx_word' id='word_1_283' title='bbox 1389 3959 1453 4013; x_wconf 88' lang='lat' dir='ltr'><strong>de</strong></span> <span class='ocrx_word' id='word_1_284' title='bbox 1503 3960 1583 4012; x_wconf 87' lang='lat' dir='ltr'><strong>his</strong></span> <span class='ocrx_word' id='word_1_285' title='bbox 1636 3959 1749 4028; x_wconf 86' lang='lat' dir='ltr'><strong>jam</strong></span> <span class='ocrx_word' id='word_1_286' title='bbox 1793 3968 1916 4011; x_wconf 89' lang='lat' dir='ltr'><strong>ante</strong></span> <span class='ocrx_word' id='word_1_287' title='bbox 1967 3959 2227 4022; x_wconf 80' lang='lat' dir='ltr'><strong>diximus,</strong></span> 
     </span>
    </p>
   </div>
   <div class='ocr_carea' id='block_1_42' title="bbox 663 4048 2230 4124">
    <p class='ocr_par' dir='ltr' id='par_1_42' title="bbox 663 4048 2230 4124">
     <span class='ocr_line' id='line_1_42' title="bbox 663 4048 2230 4124; baseline -0.005 -15"><span class='ocrx_word' id='word_1_288' title='bbox 663 4071 758 4124; x_wconf 88' lang='lat' dir='ltr'><strong>per</strong></span> <span class='ocrx_word' id='word_1_289' title='bbox 783 4068 900 4122; x_wconf 65' lang='lat' dir='ltr'><strong>quae</strong></span> <span class='ocrx_word' id='word_1_290' title='bbox 926 4069 1021 4122; x_wconf 87' lang='lat' dir='ltr'><strong>par</strong></span> <span class='ocrx_word' id='word_1_291' title='bbox 1044 4060 1161 4105; x_wconf 87' lang='lat' dir='ltr'><strong>erat</strong></span> <span class='ocrx_word' id='word_1_292' title='bbox 1189 4051 1450 4119; x_wconf 86' lang='lat' dir='ltr'><strong>ejusmodi</strong></span> <span class='ocrx_word' id='word_1_293' title='bbox 1487 4063 1767 4103; x_wconf 84' lang='lat' dir='ltr'><strong>sermones</strong></span> <span class='ocrx_word' id='word_1_294' title='bbox 1800 4048 1959 4101; x_wconf 79' lang='lat' dir='ltr'><strong>falsos</strong></span> <span class='ocrx_word' id='word_1_295' title='bbox 1985 4058 2038 4102; x_wconf 90' lang='lat' dir='ltr'><strong>et</strong></span> <span class='ocrx_word' id='word_1_296' title='bbox 2068 4063 2230 4116; x_wconf 82' lang='lat' dir='ltr'><strong>vanos</strong></span> 
     </span>
    </p>
   </div>
   <div class='ocr_carea' id='block_1_43' title="bbox 662 4138 2230 4206">
    <p class='ocr_par' dir='ltr' id='par_1_43' title="bbox 662 4138 2230 4206">
     <span class='ocr_line' id='line_1_43' title="bbox 662 4138 2230 4206; baseline -0.006 -7"><span class='ocrx_word' id='word_1_297' title='bbox 662 4145 967 4199; x_wconf 90' lang='lat' dir='ltr'><strong>ostendere.</strong></span> <span class='ocrx_word' id='word_1_298' title='bbox 999 4141 1103 4196; x_wconf 91' lang='lat' dir='ltr'><strong>Sed</strong></span> <span class='ocrx_word' id='word_1_299' title='bbox 1143 4143 1397 4194; x_wconf 86' lang='lat' dir='ltr'><strong>adversus</strong></span> <span class='ocrx_word' id='word_1_300' title='bbox 1438 4139 1859 4204; x_wconf 78' lang='lat' dir='ltr'><strong>calumniatores</strong></span> <span class='ocrx_word' id='word_1_301' title='bbox 1907 4138 1969 4189; x_wconf 91' lang='lat' dir='ltr'><strong>ad</strong></span> <span class='ocrx_word' id='word_1_302' title='bbox 1997 4151 2230 4206; x_wconf 60' lang='lat' dir='ltr'><strong>praesens</strong></span> 
     </span>
    </p>
   </div>
   <div class='ocr_carea' id='block_1_44' title="bbox 664 4222 2228 4293">
    <p class='ocr_par' dir='ltr' id='par_1_44' title="bbox 664 4222 2228 4293">
     <span class='ocr_line' id='line_1_44' title="bbox 664 4222 2228 4293; baseline -0.006 -7"><span class='ocrx_word' id='word_1_303' title='bbox 664 4233 791 4287; x_wconf 91' lang='lat' dir='ltr'><strong>illud</strong></span> <span class='ocrx_word' id='word_1_304' title='bbox 818 4233 1047 4286; x_wconf 90' lang='lat' dir='ltr'><strong>dicimus</strong></span> <span class='ocrx_word' id='word_1_305' title='bbox 1077 4248 1089 4282; x_wconf 91' lang='lat'><strong>:</strong></span> <span class='ocrx_word' id='word_1_306' title='bbox 1125 4228 1325 4282; x_wconf 88' lang='lat' dir='ltr'><strong>Discite</strong></span> <span class='ocrx_word' id='word_1_307' title='bbox 1353 4225 1560 4290; x_wconf 90' lang='lat' dir='ltr'><strong>audire,</strong></span> <span class='ocrx_word' id='word_1_308' title='bbox 1600 4224 1927 4293; x_wconf 86' lang='lat' dir='ltr'><strong>angustiati,</strong></span> <span class='ocrx_word' id='word_1_309' title='bbox 1969 4222 2228 4291; x_wconf 88' lang='lat' dir='ltr'><strong>suscipite</strong></span> 
     </span>
    </p>
   </div>
   <div class='ocr_carea' id='block_1_45' title="bbox 664 4312 2226 4378">
    <p class='ocr_par' dir='ltr' id='par_1_45' title="bbox 664 4312 2226 4378">
     <span class='ocr_line' id='line_1_45' title="bbox 664 4312 2226 4378; baseline -0.012 0"><span class='ocrx_word' id='word_1_310' title='bbox 664 4324 1069 4378; x_wconf 77' lang='lat' dir='ltr'><strong>fundamentum</strong></span> <span class='ocrx_word' id='word_1_311' title='bbox 1128 4317 1450 4371; x_wconf 86' lang='lat' dir='ltr'><strong>sacramenti</strong></span> <span class='ocrx_word' id='word_1_312' title='bbox 1526 4317 1822 4369; x_wconf 85' lang='lat' dir='ltr'><strong>secundum</strong></span> <span class='ocrx_word' id='word_1_313' title='bbox 1914 4312 2226 4372; x_wconf 86' lang='lat' dir='ltr'><strong>Christum,</strong></span> 
     </span>
    </p>
   </div>
   <div class='ocr_carea' id='block_1_46' title="bbox 663 4402 2229 4485">
    <p class='ocr_par' dir='ltr' id='par_1_46' title="bbox 663 4402 2229 4485">
     <span class='ocr_line' id='line_1_46' title="bbox 663 4402 2229 4485; baseline -0.009 -17"><span class='ocrx_word' id='word_1_314' title='bbox 663 4416 834 4485; x_wconf 87' lang='lat' dir='ltr'><strong>prima</strong></span> <span class='ocrx_word' id='word_1_315' title='bbox 867 4409 1279 4480; x_wconf 86' lang='lat' dir='ltr'><strong>dispensationis</strong></span> <span class='ocrx_word' id='word_1_316' title='bbox 1313 4407 1556 4469; x_wconf 81' lang='lat' dir='ltr'><strong>exordia,</strong></span> <span class='ocrx_word' id='word_1_317' title='bbox 1605 4415 1658 4460; x_wconf 89' lang='lat' dir='ltr'><strong>et</strong></span> <span class='ocrx_word' id='word_1_318' title='bbox 1688 4407 1885 4475; x_wconf 89' lang='lat' dir='ltr'><strong>ipsum,</strong></span> <span class='ocrx_word' id='word_1_319' title='bbox 1942 4414 2000 4457; x_wconf 90' lang='lat' dir='ltr'><strong>ut</strong></span> <span class='ocrx_word' id='word_1_320' title='bbox 2042 4405 2113 4456; x_wconf 86' lang='lat' dir='ltr'><strong>ita</strong></span> <span class='ocrx_word' id='word_1_321' title='bbox 2149 4402 2229 4456; x_wconf 89' lang='lat' dir='ltr'><strong>di-</strong></span> 
     </span>
    </p>
   </div>
   <div class='ocr_carea' id='block_1_47' title="bbox 665 4494 2230 4572">
    <p class='ocr_par' dir='ltr' id='par_1_47' title="bbox 665 4494 2230 4572">
     <span class='ocr_line' id='line_1_47' title="bbox 665 4494 2230 4572; baseline -0.008 -13"><span class='ocrx_word' id='word_1_322' title='bbox 665 4519 806 4567; x_wconf 85' lang='lat' dir='ltr'><strong>cam,</strong></span> <span class='ocrx_word' id='word_1_323' title='bbox 851 4505 1204 4572; x_wconf 89' lang='lat' dir='ltr'><strong>ingressum:</strong></span> <span class='ocrx_word' id='word_1_324' title='bbox 1251 4499 1453 4554; x_wconf 89' lang='lat' dir='ltr'><strong>credite</strong></span> <span class='ocrx_word' id='word_1_325' title='bbox 1505 4498 1783 4551; x_wconf 89' lang='lat' dir='ltr'><strong>nobiscum</strong></span> <span class='ocrx_word' id='word_1_326' title='bbox 1820 4537 1835 4562; x_wconf 90' lang='lat'><strong>,</strong></span> <span class='ocrx_word' id='word_1_327' title='bbox 1895 4496 2005 4549; x_wconf 88' lang='lat' dir='ltr'><strong>imo</strong></span> <span class='ocrx_word' id='word_1_328' title='bbox 2059 4494 2230 4548; x_wconf 88' lang='lat' dir='ltr'><strong>sacris</strong></span> 
     </span>
    </p>
   </div>
   <div class='ocr_carea' id='block_1_48' title="bbox 669 4582 2230 4661">
    <p class='ocr_par' dir='ltr' id='par_1_48' title="bbox 669 4582 2230 4661">
     <span class='ocr_line' id='line_1_48' title="bbox 669 4582 2230 4661; baseline -0.008 -15"><span class='ocrx_word' id='word_1_329' title='bbox 669 4593 996 4661; x_wconf 87' lang='lat' dir='ltr'><strong>Scripturis;</strong></span> <span class='ocrx_word' id='word_1_330' title='bbox 1037 4591 1182 4652; x_wconf 81' lang='lat' dir='ltr'><strong>date,</strong></span> <span class='ocrx_word' id='word_1_331' title='bbox 1209 4589 1333 4642; x_wconf 84' lang='lat' dir='ltr'><strong>date</strong></span> <span class='ocrx_word' id='word_1_332' title='bbox 1376 4586 1620 4639; x_wconf 85' lang='lat' dir='ltr'><strong>veritatis</strong></span> <span class='ocrx_word' id='word_1_333' title='bbox 1647 4584 1938 4649; x_wconf 72' lang='lat' dir='ltr'><strong>cztlculum,</strong></span> <span class='ocrx_word' id='word_1_334' title='bbox 1970 4582 2230 4636; x_wconf 85' lang='lat' dir='ltr'><strong>conﬁten-</strong></span> 
     </span>
    </p>
   </div>
   <div class='ocr_carea' id='block_1_49' title="bbox 667 4672 2229 4752">
    <p class='ocr_par' dir='ltr' id='par_1_49' title="bbox 667 4672 2229 4752">
     <span class='ocr_line' id='line_1_49' title="bbox 667 4672 2229 4752; baseline -0.008 -15"><span class='ocrx_word' id='word_1_335' title='bbox 667 4697 750 4739; x_wconf 83' lang='lat' dir='ltr'><strong>tes</strong></span> <span class='ocrx_word' id='word_1_336' title='bbox 784 4683 927 4752; x_wconf 88' lang='lat' dir='ltr'><strong>quod</strong></span> <span class='ocrx_word' id='word_1_337' title='bbox 971 4682 1086 4750; x_wconf 83' lang='lat' dir='ltr'><strong>ipse</strong></span> <span class='ocrx_word' id='word_1_338' title='bbox 1132 4679 1451 4748; x_wconf 83' lang='lat' dir='ltr'><strong>Unigenitus</strong></span> <span class='ocrx_word' id='word_1_339' title='bbox 1493 4677 1585 4731; x_wconf 90' lang='lat' dir='ltr'><strong>Dei</strong></span> <span class='ocrx_word' id='word_1_340' title='bbox 1636 4677 1894 4736; x_wconf 82' lang='lat' dir='ltr'><strong>Verbum,</strong></span> <span class='ocrx_word' id='word_1_341' title='bbox 1931 4674 2022 4742; x_wconf 92' lang='lat' dir='ltr'><strong>qui</strong></span> <span class='ocrx_word' id='word_1_342' title='bbox 2060 4681 2142 4726; x_wconf 89' lang='lat' dir='ltr'><strong>est</strong></span> <span class='ocrx_word' id='word_1_343' title='bbox 2177 4672 2229 4724; x_wconf 92' lang='lat' dir='ltr'><strong>in</strong></span> 
     </span>
    </p>
   </div>
   <div class='ocr_carea' id='block_1_50' title="bbox 667 4763 2228 4841">
    <p class='ocr_par' dir='ltr' id='par_1_50' title="bbox 667 4763 2228 4841">
     <span class='ocr_line' id='line_1_50' title="bbox 667 4763 2228 4841; baseline -0.011 -10"><span class='ocrx_word' id='word_1_344' title='bbox 667 4776 790 4831; x_wconf 88' lang='lat' dir='ltr'><strong>sinu</strong></span> <span class='ocrx_word' id='word_1_345' title='bbox 833 4773 1032 4837; x_wconf 87' lang='lat' dir='ltr'><strong>Patris,</strong></span> <span class='ocrx_word' id='word_1_346' title='bbox 1067 4787 1162 4841; x_wconf 91' lang='lat' dir='ltr'><strong>per</strong></span> <span class='ocrx_word' id='word_1_347' title='bbox 1195 4785 1353 4840; x_wconf 91' lang='lat' dir='ltr'><strong>quem</strong></span> <span class='ocrx_word' id='word_1_348' title='bbox 1396 4770 1596 4832; x_wconf 89' lang='lat' dir='ltr'><strong>omnia,</strong></span> <span class='ocrx_word' id='word_1_349' title='bbox 1633 4777 1683 4822; x_wconf 88' lang='lat' dir='ltr'><strong>et</strong></span> <span class='ocrx_word' id='word_1_350' title='bbox 1722 4769 1772 4821; x_wconf 88' lang='lat' dir='ltr'><strong>in</strong></span> <span class='ocrx_word' id='word_1_351' title='bbox 1816 4782 1923 4834; x_wconf 87' lang='lat' dir='ltr'><strong>quo</strong></span> <span class='ocrx_word' id='word_1_352' title='bbox 1959 4765 2139 4819; x_wconf 81' lang='lat' dir='ltr'><strong>omnia</strong></span> <span class='ocrx_word' id='word_1_353' title='bbox 2161 4763 2228 4827; x_wconf 82' lang='grc'><strong>³⁸,</strong></span> 
     </span>
    </p>
   </div>
   <div class='ocr_carea' id='block_1_51' title="bbox 669 4855 2231 4926">
    <p class='ocr_par' dir='ltr' id='par_1_51' title="bbox 669 4855 2231 4926">
     <span class='ocr_line' id='line_1_51' title="bbox 669 4855 2231 4926; baseline -0.009 -8"><span class='ocrx_word' id='word_1_354' title='bbox 669 4865 842 4920; x_wconf 78' lang='lat' dir='ltr'><strong>factus</strong></span> <span class='ocrx_word' id='word_1_355' title='bbox 866 4863 937 4917; x_wconf 90' lang='lat' dir='ltr'><strong>sit</strong></span> <span class='ocrx_word' id='word_1_356' title='bbox 965 4876 1111 4923; x_wconf 86' lang='lat' dir='ltr'><strong>caro,</strong></span> <span class='ocrx_word' id='word_1_357' title='bbox 1149 4874 1252 4912; x_wconf 92' lang='lat' dir='ltr'><strong>non</strong></span> <span class='ocrx_word' id='word_1_358' title='bbox 1284 4873 1476 4926; x_wconf 88' lang='lat' dir='ltr'><strong>passus</strong></span> <span class='ocrx_word' id='word_1_359' title='bbox 1504 4858 1944 4919; x_wconf 84' lang='lat' dir='ltr'><strong>conversionem,</strong></span> <span class='ocrx_word' id='word_1_360' title='bbox 1973 4855 2054 4908; x_wconf 80' lang='lat' dir='ltr'><strong>vel</strong></span> <span class='ocrx_word' id='word_1_361' title='bbox 2087 4868 2231 4906; x_wconf 90' lang='lat' dir='ltr'><strong>com-</strong></span> 
     </span>
    </p>
   </div>
   <div class='ocr_carea' id='block_1_52' title="bbox 669 4945 2228 5020">
    <p class='ocr_par' dir='ltr' id='par_1_52' title="bbox 669 4945 2228 5020">
     <span class='ocr_line' id='line_1_52' title="bbox 669 4945 2228 5020; baseline -0.008 -10"><span class='ocrx_word' id='word_1_362' title='bbox 669 4956 1006 5018; x_wconf 89' lang='lat' dir='ltr'><strong>mistionem,</strong></span> <span class='ocrx_word' id='word_1_363' title='bbox 1051 4952 1143 5006; x_wconf 90' lang='lat' dir='ltr'><strong>sed</strong></span> <span class='ocrx_word' id='word_1_364' title='bbox 1191 4964 1402 5020; x_wconf 88' lang='lat' dir='ltr'><strong>semper</strong></span> <span class='ocrx_word' id='word_1_365' title='bbox 1451 4950 1718 5004; x_wconf 78' lang='lat' dir='ltr'><strong>exsistens</strong></span> <span class='ocrx_word' id='word_1_366' title='bbox 1771 4949 1873 5002; x_wconf 88' lang='lat' dir='ltr'><strong>hoc</strong></span> <span class='ocrx_word' id='word_1_367' title='bbox 1933 4945 2228 5001; x_wconf 90' lang='lat' dir='ltr'><strong>secundum</strong></span> 
     </span>
    </p>
   </div>
   <div class='ocr_carea' id='block_1_53' title="bbox 670 5039 2230 5112">
    <p class='ocr_par' dir='ltr' id='par_1_53' title="bbox 670 5039 2230 5112">
     <span class='ocr_line' id='line_1_53' title="bbox 670 5039 2230 5112; baseline -0.008 -12"><span class='ocrx_word' id='word_1_368' title='bbox 670 5056 949 5106; x_wconf 86' lang='lat' dir='ltr'><strong>naturam,</strong></span> <span class='ocrx_word' id='word_1_369' title='bbox 977 5044 1121 5112; x_wconf 87' lang='lat' dir='ltr'><strong>quod</strong></span> <span class='ocrx_word' id='word_1_370' title='bbox 1157 5053 1295 5107; x_wconf 90' lang='lat' dir='ltr'><strong>erat,</strong></span> <span class='ocrx_word' id='word_1_371' title='bbox 1345 5050 1400 5095; x_wconf 88' lang='lat' dir='ltr'><strong>et</strong></span> <span class='ocrx_word' id='word_1_372' title='bbox 1430 5051 1534 5106; x_wconf 85' lang='lat' dir='ltr'><strong>est,</strong></span> <span class='ocrx_word' id='word_1_373' title='bbox 1565 5050 1616 5095; x_wconf 93' lang='lat' dir='ltr'><strong>et</strong></span> <span class='ocrx_word' id='word_1_374' title='bbox 1647 5041 1772 5093; x_wconf 88' lang='lat' dir='ltr'><strong>erit.</strong></span> <span class='ocrx_word' id='word_1_375' title='bbox 1812 5039 2009 5092; x_wconf 81' lang='lat' dir='ltr'><strong>Factus</strong></span> <span class='ocrx_word' id='word_1_376' title='bbox 2051 5047 2230 5092; x_wconf 89' lang='lat' dir='ltr'><strong>autem</strong></span> 
     </span>
    </p>
   </div>
   <div class='ocr_carea' id='block_1_54' title="bbox 669 5129 2234 5200">
    <p class='ocr_par' dir='ltr' id='par_1_54' title="bbox 669 5129 2234 5200">
     <span class='ocr_line' id='line_1_54' title="bbox 669 5129 2234 5200; baseline -0.007 -9"><span class='ocrx_word' id='word_1_377' title='bbox 669 5149 753 5191; x_wconf 75' lang='lat' dir='ltr'><strong>est</strong></span> <span class='ocrx_word' id='word_1_378' title='bbox 794 5152 954 5200; x_wconf 84' lang='lat' dir='ltr'><strong>caro,</strong></span> <span class='ocrx_word' id='word_1_379' title='bbox 1006 5135 1342 5190; x_wconf 80' lang='lat' dir='ltr'><strong>nativitatem</strong></span> <span class='ocrx_word' id='word_1_380' title='bbox 1393 5134 1570 5187; x_wconf 80' lang='lat' dir='ltr'><strong>ferens</strong></span> <span class='ocrx_word' id='word_1_381' title='bbox 1622 5146 1689 5187; x_wconf 79' lang='lat' dir='ltr'><strong>ex</strong></span> <span class='ocrx_word' id='word_1_382' title='bbox 1749 5141 1935 5186; x_wconf 83' lang='lat' dir='ltr'><strong>saneta</strong></span> <span class='ocrx_word' id='word_1_383' title='bbox 1980 5129 2234 5198; x_wconf 85' lang='lat' dir='ltr'><strong>Virgine,</strong></span> 
     </span>
    </p>
   </div>
   <div class='ocr_carea' id='block_1_55' title="bbox 744 5286 1188 5351">
    <p class='ocr_par' dir='ltr' id='par_1_55' title="bbox 744 5286 1188 5351">
     <span class='ocr_line' id='line_1_55' title="bbox 744 5286 1188 5351; baseline -0.005 -10"><span class='ocrx_word' id='word_1_384' title='bbox 744 5288 786 5320; x_wconf 81' lang='grc'><strong>¹⁹</strong></span> <span class='ocrx_word' id='word_1_385' title='bbox 817 5287 978 5342; x_wconf 89' lang='lat' dir='ltr'><strong>Hebr.</strong></span> <span class='ocrx_word' id='word_1_386' title='bbox 1007 5303 1077 5351; x_wconf 84' lang='lat' dir='ltr'><strong>tv,</strong></span> <span class='ocrx_word' id='word_1_387' title='bbox 1105 5286 1188 5340; x_wconf 73' lang='grc'><strong>15.</strong></span> 
     </span>
    </p>
   </div>
   <div class='ocr_carea' id='block_1_56' title="bbox 672 5352 1710 5417">
    <p class='ocr_par' dir='ltr' id='par_1_56' title="bbox 672 5352 1710 5417">
     <span class='ocr_line' id='line_1_56' title="bbox 672 5352 1710 5417; baseline -0.008 -7"><span class='ocrx_word' id='word_1_388' title='bbox 672 5358 716 5389; x_wconf 78' lang='grc'><strong>’⁸</strong></span> <span class='ocrx_word' id='word_1_389' title='bbox 749 5356 788 5411; x_wconf 94' lang='lat' dir='ltr'><strong>ll</strong></span> <span class='ocrx_word' id='word_1_390' title='bbox 819 5356 943 5410; x_wconf 84' lang='lat' dir='ltr'><strong>Cor.</strong></span> <span class='ocrx_word' id='word_1_391' title='bbox 971 5372 999 5407; x_wconf 77' lang='grc' dir='ltr'><strong>ν</strong></span> <span class='ocrx_word' id='word_1_392' title='bbox 1056 5356 1145 5408; x_wconf 69' lang='lat'><strong>‘21.</strong></span> <span class='ocrx_word' id='word_1_393' title='bbox 1235 5355 1280 5385; x_wconf 77' lang='lat'>“</span> <span class='ocrx_word' id='word_1_394' title='bbox 1310 5354 1324 5407; x_wconf 89' lang='grc' dir='ltr'><strong>ἰ</strong></span> <span class='ocrx_word' id='word_1_395' title='bbox 1351 5354 1475 5407; x_wconf 78' lang='lat' dir='ltr'><strong>Cor.</strong></span> <span class='ocrx_word' id='word_1_396' title='bbox 1511 5367 1625 5417; x_wconf 80' lang='lat' dir='ltr'><strong>VIII,</strong></span> <span class='ocrx_word' id='word_1_397' title='bbox 1657 5352 1710 5404; x_wconf 89' lang='lat'><strong>6.</strong></span> 
     </span>
    </p>
   </div>
   <div class='ocr_carea' id='block_1_57' title="bbox 2316 582 3879 655">
    <p class='ocr_par' dir='ltr' id='par_1_57' title="bbox 2316 582 3879 655">
     <span class='ocr_line' id='line_1_57' title="bbox 2316 582 3879 655; baseline -0.004 -14"><span class='ocrx_word' id='word_1_398' title='bbox 2316 589 2412 651; x_wconf 84' lang='grc' dir='ltr'>τὰς</span> <span class='ocrx_word' id='word_1_399' title='bbox 2456 587 2605 648; x_wconf 85' lang='grc' dir='ltr'>θείας</span> <span class='ocrx_word' id='word_1_400' title='bbox 2639 583 2860 655; x_wconf 86' lang='grc' dir='ltr'>Γραφάς</span> <span class='ocrx_word' id='word_1_401' title='bbox 2891 582 3068 645; x_wconf 75' lang='grc' dir='ltr'>οὐδεὶς</span> <span class='ocrx_word' id='word_1_402' title='bbox 3099 582 3178 635; x_wconf 82' lang='grc' dir='ltr'><strong>·ἂν</strong></span> <span class='ocrx_word' id='word_1_403' title='bbox 3224 582 3322 651; x_wconf 81' lang='grc' dir='ltr'><strong>οὐχ</strong></span> <span class='ocrx_word' id='word_1_404' title='bbox 3365 582 3780 653; x_wconf 78' lang='grc' dir='ltr'>ὁμολογήσειεν·</span> <span class='ocrx_word' id='word_1_405' title='bbox 3820 582 3879 634; x_wconf 84' lang='grc' dir='ltr'>οὐ</span> 
     </span>
    </p>
   </div>
   <div class='ocr_carea' id='block_1_58' title="bbox 2318 673 3882 748">
    <p class='ocr_par' dir='ltr' id='par_1_58' title="bbox 2318 673 3882 748">
     <span class='ocr_line' id='line_1_58' title="bbox 2318 673 3882 748; baseline -0.005 -16"><span class='ocrx_word' id='word_1_406' title='bbox 2318 677 2722 748; x_wconf 79' lang='grc' dir='ltr'><strong>κεχωρισμένον</strong></span> <span class='ocrx_word' id='word_1_407' title='bbox 2770 674 2952 745; x_wconf 89' lang='grc' dir='ltr'>μέντοι</span> <span class='ocrx_word' id='word_1_408' title='bbox 3005 673 3183 736; x_wconf 83' lang='grc' dir='ltr'>ἰδικῶς</span> <span class='ocrx_word' id='word_1_409' title='bbox 3217 673 3498 743; x_wconf 83' lang='grc' dir='ltr'>ἄνθρωπον</span> <span class='ocrx_word' id='word_1_410' title='bbox 3525 675 3588 725; x_wconf 87' lang='grc' dir='ltr'>ὲκ</span> <span class='ocrx_word' id='word_1_411' title='bbox 3626 674 3882 740; x_wconf 78' lang='grc' dir='ltr'>γυναικὸς</span> 
     </span>
    </p>
   </div>
   <div class='ocr_carea' id='block_1_59' title="bbox 2317 759 3883 838">
    <p class='ocr_par' dir='ltr' id='par_1_59' title="bbox 2317 759 3883 838">
     <span class='ocr_line' id='line_1_59' title="bbox 2317 759 3883 838; baseline -0.003 -17"><span class='ocrx_word' id='word_1_412' title='bbox 2317 769 2410 821; x_wconf 89' lang='grc' dir='ltr'><strong>τοῦ</strong></span> <span class='ocrx_word' id='word_1_413' title='bbox 2445 767 2579 820; x_wconf 83' lang='grc' dir='ltr'>Θεοῦ</span> <span class='ocrx_word' id='word_1_414' title='bbox 2609 766 2819 838; x_wconf 82' lang='grc' dir='ltr'>Πατρδς</span> <span class='ocrx_word' id='word_1_415' title='bbox 2851 764 3044 833; x_wconf 84' lang='grc' dir='ltr'><strong>Λόγου,</strong></span> <span class='ocrx_word' id='word_1_416' title='bbox 3093 765 3166 826; x_wconf 85' lang='grc' dir='ltr'>ὡς</span> <span class='ocrx_word' id='word_1_417' title='bbox 3215 759 3353 817; x_wconf 81' lang='grc' dir='ltr'>εἶναι</span> <span class='ocrx_word' id='word_1_418' title='bbox 3391 764 3450 816; x_wconf 81' lang='grc' dir='ltr'>τὸ</span> <span class='ocrx_word' id='word_1_419' title='bbox 3477 767 3540 817; x_wconf 83' lang='grc' dir='ltr'>ὲκ</span> <span class='ocrx_word' id='word_1_420' title='bbox 3571 765 3883 834; x_wconf 84' lang='grc' dir='ltr'>σπέρματος</span> 
     </span>
    </p>
   </div>
   <div class='ocr_carea' id='block_1_60' title="bbox 2318 855 3882 930">
    <p class='ocr_par' dir='ltr' id='par_1_60' title="bbox 2318 855 3882 930">
     <span class='ocr_line' id='line_1_60' title="bbox 2318 855 3882 930; baseline -0.004 -16"><span class='ocrx_word' id='word_1_421' title='bbox 2318 860 2479 914; x_wconf 82' lang='grc' dir='ltr'>Δαυῖδ</span> <span class='ocrx_word' id='word_1_422' title='bbox 2520 859 2799 930; x_wconf 81' lang='grc' dir='ltr'><strong>ἡνωμένον</strong></span> <span class='ocrx_word' id='word_1_423' title='bbox 2827 857 3167 928; x_wconf 84' lang='grc' dir='ltr'>ἀσυγχύτως,</span> <span class='ocrx_word' id='word_1_424' title='bbox 3213 858 3526 926; x_wconf 82' lang='grc' dir='ltr'><strong>ἀφράστως,</strong></span> <span class='ocrx_word' id='word_1_425' title='bbox 3558 855 3653 909; x_wconf 72' lang='grc' dir='ltr'>καὶ</span> <span class='ocrx_word' id='word_1_426' title='bbox 3682 857 3882 926; x_wconf 86' lang='grc' dir='ltr'>ἀχωρί-</span> 
     </span>
    </p>
   </div>
   <div class='ocr_carea' id='block_1_61' title="bbox 2321 944 3882 1021">
    <p class='ocr_par' dir='ltr' id='par_1_61' title="bbox 2321 944 3882 1021">
     <span class='ocr_line' id='line_1_61' title="bbox 2321 944 3882 1021; baseline -0.005 -17"><span class='ocrx_word' id='word_1_427' title='bbox 2321 969 2459 1014; x_wconf 87' lang='grc' dir='ltr'>στως</span> <span class='ocrx_word' id='word_1_428' title='bbox 2504 950 2582 1021; x_wconf 80' lang='grc' dir='ltr'>τῷ</span> <span class='ocrx_word' id='word_1_429' title='bbox 2615 953 2679 1003; x_wconf 81' lang='grc' dir='ltr'>ἐκ</span> <span class='ocrx_word' id='word_1_430' title='bbox 2712 948 2923 1021; x_wconf 73' lang='grc' dir='ltr'>Πατρός</span> <span class='ocrx_word' id='word_1_431' title='bbox 2954 946 3145 1018; x_wconf 80' lang='grc' dir='ltr'>Λόγῳ,</span> <span class='ocrx_word' id='word_1_432' title='bbox 3183 947 3442 1018; x_wconf 83' lang='grc' dir='ltr'>ἀρχιερέα</span> <span class='ocrx_word' id='word_1_433' title='bbox 3481 944 3882 1014; x_wconf 83' lang='grc' dir='ltr'><strong>πεπειραμένον</strong></span> 
     </span>
    </p>
   </div>
   <div class='ocr_carea' id='block_1_62' title="bbox 2320 1026 3885 1109">
    <p class='ocr_par' dir='ltr' id='par_1_62' title="bbox 2320 1026 3885 1109">
     <span class='ocr_line' id='line_1_62' title="bbox 2320 1026 3885 1109; baseline -0.006 -16"><span class='ocrx_word' id='word_1_434' title='bbox 2320 1041 2459 1093; x_wconf 87' lang='grc' dir='ltr'>κατὰ</span> <span class='ocrx_word' id='word_1_435' title='bbox 2503 1040 2682 1092; x_wconf 84' lang='grc' dir='ltr'>πάντα</span> <span class='ocrx_word' id='word_1_436' title='bbox 2727 1040 2895 1109; x_wconf 63' lang='grc' dir='ltr'>χωρὶς</span> <span class='ocrx_word' id='word_1_437' title='bbox 2935 1037 3210 1108; x_wconf 88' lang='grc' dir='ltr'>ἁμαρτίας</span> <span class='ocrx_word' id='word_1_438' title='bbox 3239 1075 3252 1099; x_wconf 92' lang='grc'><strong>,</strong></span> <span class='ocrx_word' id='word_1_439' title='bbox 3283 1037 3377 1088; x_wconf 83' lang='grc' dir='ltr'>καὶ</span> <span class='ocrx_word' id='word_1_440' title='bbox 3409 1035 3648 1105; x_wconf 81' lang='grc' dir='ltr'><strong>μαθόντα</strong></span> <span class='ocrx_word' id='word_1_441' title='bbox 3677 1035 3772 1100; x_wconf 85' lang='grc' dir='ltr'><strong>ἀφ’</strong></span> <span class='ocrx_word' id='word_1_442' title='bbox 3812 1026 3885 1086; x_wconf 78' lang='grc' dir='ltr'>ὧν</span> 
     </span>
    </p>
   </div>
   <div class='ocr_carea' id='block_1_63' title="bbox 2321 1123 3888 1200">
    <p class='ocr_par' dir='ltr' id='par_1_63' title="bbox 2321 1123 3888 1200">
     <span class='ocr_line' id='line_1_63' title="bbox 2321 1123 3888 1200; baseline -0.006 -17"><span class='ocrx_word' id='word_1_443' title='bbox 2321 1131 2487 1183; x_wconf 80' lang='grc' dir='ltr'>ἔπαθε</span> <span class='ocrx_word' id='word_1_444' title='bbox 2520 1132 2620 1200; x_wconf 79' lang='grc' dir='ltr'>τὴν</span> <span class='ocrx_word' id='word_1_445' title='bbox 2648 1129 2916 1198; x_wconf 84' lang='grc' dir='ltr'>ὑπακοὴν,</span> <span class='ocrx_word' id='word_1_446' title='bbox 2945 1128 3426 1198; x_wconf 85' lang='grc' dir='ltr'>προσκεκομικότα</span> <span class='ocrx_word' id='word_1_447' title='bbox 3455 1127 3510 1180; x_wconf 82' lang='grc' dir='ltr'>δὲ</span> <span class='ocrx_word' id='word_1_448' title='bbox 3542 1125 3617 1195; x_wconf 81' lang='grc' dir='ltr'>τῷ</span> <span class='ocrx_word' id='word_1_449' title='bbox 3648 1124 3767 1194; x_wconf 83' lang='grc' dir='ltr'><strong>Θεῷ</strong></span> <span class='ocrx_word' id='word_1_450' title='bbox 3794 1123 3888 1175; x_wconf 79' lang='grc' dir='ltr'><strong>καὶ</strong></span> 
     </span>
    </p>
   </div>
   <div class='ocr_carea' id='block_1_64' title="bbox 2322 1213 3887 1293">
    <p class='ocr_par' dir='ltr' id='par_1_64' title="bbox 2322 1213 3887 1293">
     <span class='ocr_line' id='line_1_64' title="bbox 2322 1213 3887 1293; baseline -0.007 -18"><span class='ocrx_word' id='word_1_451' title='bbox 2322 1223 2496 1293; x_wconf 76' lang='grc' dir='ltr'>Πατρί</span> <span class='ocrx_word' id='word_1_452' title='bbox 2523 1222 2618 1289; x_wconf 82' lang='grc' dir='ltr'><strong>οὐχ</strong></span> <span class='ocrx_word' id='word_1_453' title='bbox 2651 1219 2792 1290; x_wconf 82' lang='grc' dir='ltr'>ὑπὲρ</span> <span class='ocrx_word' id='word_1_454' title='bbox 2829 1219 3059 1283; x_wconf 77' lang='grc' dir='ltr'>ἑαυτοῦ,</span> <span class='ocrx_word' id='word_1_455' title='bbox 3097 1217 3210 1271; x_wconf 82' lang='grc' dir='ltr'>ἀλλ’</span> <span class='ocrx_word' id='word_1_456' title='bbox 3240 1217 3377 1288; x_wconf 81' lang='grc' dir='ltr'>ὑπὲρ</span> <span class='ocrx_word' id='word_1_457' title='bbox 3407 1214 3560 1288; x_wconf 76' lang='grc' dir='ltr'>ἡμῶν</span> <span class='ocrx_word' id='word_1_458' title='bbox 3592 1216 3767 1286; x_wconf 89' lang='grc' dir='ltr'>μόνων</span> <span class='ocrx_word' id='word_1_459' title='bbox 3790 1213 3887 1281; x_wconf 73' lang='grc' dir='ltr'><strong>τὴν</strong></span> 
     </span>
    </p>
   </div>
   <div class='ocr_carea' id='block_1_65' title="bbox 2323 1305 3888 1382">
    <p class='ocr_par' dir='ltr' id='par_1_65' title="bbox 2323 1305 3888 1382">
     <span class='ocr_line' id='line_1_65' title="bbox 2323 1305 3888 1382; baseline -0.005 -17"><span class='ocrx_word' id='word_1_460' title='bbox 2323 1314 2499 1366; x_wconf 76' lang='grc' dir='ltr'>ἰδίανί</span> <span class='ocrx_word' id='word_1_461' title='bbox 2540 1313 2736 1382; x_wconf 86' lang='grc' dir='ltr'>σάρκα.</span> <span class='ocrx_word' id='word_1_462' title='bbox 2790 1312 2865 1362; x_wconf 86' lang='grc' dir='ltr'>υύ</span> <span class='ocrx_word' id='word_1_463' title='bbox 2911 1310 3019 1381; x_wconf 91' lang='grc' dir='ltr'><strong>γάρ</strong></span> <span class='ocrx_word' id='word_1_464' title='bbox 3064 1309 3291 1380; x_wconf 80' lang='grc' dir='ltr'><strong>ἀμαθῶς</strong></span> <span class='ocrx_word' id='word_1_465' title='bbox 3345 1310 3588 1379; x_wconf 77' lang='grc' dir='ltr'>φήσομεν</span> <span class='ocrx_word' id='word_1_466' title='bbox 3624 1307 3717 1361; x_wconf 83' lang='grc' dir='ltr'>τὸν</span> <span class='ocrx_word' id='word_1_467' title='bbox 3757 1305 3888 1359; x_wconf 75' lang='grc' dir='ltr'>Θεὸν</span> 
     </span>
    </p>
   </div>
   <div class='ocr_carea' id='block_1_66' title="bbox 2318 1397 3889 1472">
    <p class='ocr_par' dir='ltr' id='par_1_66' title="bbox 2318 1397 3889 1472">
     <span class='ocr_line' id='line_1_66' title="bbox 2318 1397 3889 1472; baseline -0.008 -14"><span class='ocrx_word' id='word_1_468' title='bbox 2318 1406 2492 1472; x_wconf 84' lang='grc' dir='ltr'>Λόγον</span> <span class='ocrx_word' id='word_1_469' title='bbox 2543 1402 2802 1472; x_wconf 82' lang='grc' dir='ltr'>ἀρχιερέα</span> <span class='ocrx_word' id='word_1_470' title='bbox 2829 1441 2844 1467; x_wconf 94' lang='grc'><strong>,</strong></span> <span class='ocrx_word' id='word_1_471' title='bbox 2893 1401 2990 1455; x_wconf 71' lang='grc' dir='ltr'><strong>καὶ</strong></span> <span class='ocrx_word' id='word_1_472' title='bbox 3035 1400 3529 1472; x_wconf 84' lang='grc' dir='ltr'><strong>προσκεκομικέναι</strong></span> <span class='ocrx_word' id='word_1_473' title='bbox 3573 1399 3764 1452; x_wconf 80' lang='grc' dir='ltr'>ἑαυτὸν</span> <span class='ocrx_word' id='word_1_474' title='bbox 3812 1397 3889 1465; x_wconf 84' lang='grc' dir='ltr'>τῷ</span> 
     </span>
    </p>
   </div>
   <div class='ocr_carea' id='block_1_67' title="bbox 2321 1489 3889 1566">
    <p class='ocr_par' dir='ltr' id='par_1_67' title="bbox 2321 1489 3889 1566">
     <span class='ocr_line' id='line_1_67' title="bbox 2321 1489 3889 1566; baseline -0.006 -17"><span class='ocrx_word' id='word_1_475' title='bbox 2321 1495 2438 1565; x_wconf 80' lang='grc' dir='ltr'><strong>Θεῷ</strong></span> <span class='ocrx_word' id='word_1_476' title='bbox 2462 1495 2554 1549; x_wconf 75' lang='grc' dir='ltr'><strong>καί</strong></span> <span class='ocrx_word' id='word_1_477' title='bbox 2584 1493 2757 1566; x_wconf 89' lang='grc' dir='ltr'>Πατρί</span> <span class='ocrx_word' id='word_1_478' title='bbox 2777 1507 2790 1520; x_wconf 75' lang='grc'><strong>⁸</strong></span> <span class='ocrx_word' id='word_1_479' title='bbox 2813 1494 2873 1546; x_wconf 73' lang='grc' dir='ltr'><strong>ού</strong></span> <span class='ocrx_word' id='word_1_480' title='bbox 2895 1491 3003 1564; x_wconf 85' lang='grc' dir='ltr'>γὰρ</span> <span class='ocrx_word' id='word_1_481' title='bbox 3031 1493 3128 1563; x_wconf 85' lang='grc' dir='ltr'>τῆς</span> <span class='ocrx_word' id='word_1_482' title='bbox 3152 1491 3245 1544; x_wconf 86' lang='grc' dir='ltr'><strong>τοῦ</strong></span> <span class='ocrx_word' id='word_1_483' title='bbox 3276 1489 3611 1559; x_wconf 83' lang='grc' dir='ltr'>Μονογενοῦς</span> <span class='ocrx_word' id='word_1_484' title='bbox 3639 1490 3889 1558; x_wconf 76' lang='grc' dir='ltr'><strong>θεότητος</strong></span> 
     </span>
    </p>
   </div>
   <div class='ocr_carea' id='block_1_68' title="bbox 2321 1584 3151 1654">
    <p class='ocr_par' dir='ltr' id='par_1_68' title="bbox 2321 1584 3151 1654">
     <span class='ocr_line' id='line_1_68' title="bbox 2321 1584 3151 1654; baseline -0.001 -17"><span class='ocrx_word' id='word_1_485' title='bbox 2321 1585 2452 1648; x_wconf 83' lang='grc' dir='ltr'>Θεὸς</span> <span class='ocrx_word' id='word_1_486' title='bbox 2481 1589 2508 1638; x_wconf 96' lang='lat'><strong>6</strong></span> <span class='ocrx_word' id='word_1_487' title='bbox 2534 1585 2742 1654; x_wconf 78' lang='grc' dir='ltr'>Πατὴρ,</span> <span class='ocrx_word' id='word_1_488' title='bbox 2780 1584 2914 1637; x_wconf 87' lang='grc' dir='ltr'>ἁλλά</span> <span class='ocrx_word' id='word_1_489' title='bbox 2944 1585 3151 1654; x_wconf 79' lang='grc' dir='ltr'>Πατήρ.</span> 
     </span>
    </p>
   </div>
   <div class='ocr_carea' id='block_1_69' title="bbox 2782 1712 3443 1781">
    <p class='ocr_par' dir='ltr' id='par_1_69' title="bbox 2782 1712 3443 1781">
     <span class='ocr_line' id='line_1_69' title="bbox 2782 1712 3443 1781; baseline -0.003 -15"><span class='ocrx_word' id='word_1_490' title='bbox 2782 1712 3089 1781; x_wconf 74' lang='grc' dir='ltr'><strong>Ἀπολογία</strong></span> <span class='ocrx_word' id='word_1_491' title='bbox 3122 1713 3443 1781; x_wconf 72' lang='grc' dir='ltr'>Κυρίλλου.</span> 
     </span>
    </p>
   </div>
   <div class='ocr_carea' id='block_1_70' title="bbox 2405 1823 3894 1900">
    <p class='ocr_par' dir='ltr' id='par_1_70' title="bbox 2405 1823 3894 1900">
     <span class='ocr_line' id='line_1_70' title="bbox 2405 1823 3894 1900; baseline -0.006 -16"><span class='ocrx_word' id='word_1_492' title='bbox 2405 1832 2528 1884; x_wconf 81' lang='grc' dir='ltr'>Ἐπὶ</span> <span class='ocrx_word' id='word_1_493' title='bbox 2562 1828 2750 1900; x_wconf 89' lang='grc' dir='ltr'>καίρου</span> <span class='ocrx_word' id='word_1_494' title='bbox 2795 1828 2859 1898; x_wconf 82' lang='grc' dir='ltr'>δὴ</span> <span class='ocrx_word' id='word_1_495' title='bbox 2913 1825 3071 1879; x_wconf 87' lang='grc' dir='ltr'>πάλιν</span> <span class='ocrx_word' id='word_1_496' title='bbox 3105 1826 3386 1897; x_wconf 87' lang='grc' dir='ltr'>εἰρήσεται</span> <span class='ocrx_word' id='word_1_497' title='bbox 3420 1824 3553 1896; x_wconf 82' lang='grc' dir='ltr'>πρὸς</span> <span class='ocrx_word' id='word_1_498' title='bbox 3583 1823 3742 1895; x_wconf 78' lang='grc' dir='ltr'>ἡμῶν</span> <span class='ocrx_word' id='word_1_499' title='bbox 3781 1826 3894 1886; x_wconf 88' lang='grc' dir='ltr'>τοῖς</span> 
     </span>
    </p>
   </div>
   <div class='ocr_carea' id='block_1_71' title="bbox 2319 1908 3895 1992">
    <p class='ocr_par' dir='ltr' id='par_1_71' title="bbox 2319 1908 3895 1992">
     <span class='ocr_line' id='line_1_71' title="bbox 2319 1908 3895 1992; baseline -0.007 -12"><span class='ocrx_word' id='word_1_500' title='bbox 2319 1928 2384 1980; x_wconf 83' lang='grc' dir='ltr'><strong>δι’</strong></span> <span class='ocrx_word' id='word_1_501' title='bbox 2418 1925 2664 1988; x_wconf 78' lang='grc' dir='ltr'><strong>ἐναντίας</strong></span> <span class='ocrx_word' id='word_1_502' title='bbox 2685 1942 2697 1956; x_wconf 88' lang='grc'><strong>·</strong></span> <span class='ocrx_word' id='word_1_503' title='bbox 2740 1944 2756 1976; x_wconf 84' lang='grc' dir='ltr'><strong>ι</strong></span> <span class='ocrx_word' id='word_1_504' title='bbox 2781 1925 2927 1987; x_wconf 85' lang='grc' dir='ltr'><strong>Ἕως</strong></span> <span class='ocrx_word' id='word_1_505' title='bbox 2957 1923 3085 1976; x_wconf 87' lang='grc' dir='ltr'>πότε</span> <span class='ocrx_word' id='word_1_506' title='bbox 3121 1921 3410 1992; x_wconf 82' lang='grc' dir='ltr'>χωλανεϊτε</span> <span class='ocrx_word' id='word_1_507' title='bbox 3439 1920 3523 1972; x_wconf 77' lang='grc' dir='ltr'><strong>ἐπ’</strong></span> <span class='ocrx_word' id='word_1_508' title='bbox 3557 1908 3895 1989; x_wconf 69' lang='grc' dir='ltr'>ἀμφοτέραις</span> 
     </span>
    </p>
   </div>
   <div class='ocr_carea' id='block_1_72' title="bbox 2319 2009 3895 2086">
    <p class='ocr_par' dir='ltr' id='par_1_72' title="bbox 2319 2009 3895 2086">
     <span class='ocr_line' id='line_1_72' title="bbox 2319 2009 3895 2086; baseline -0.008 -16"><span class='ocrx_word' id='word_1_509' title='bbox 2319 2021 2439 2082; x_wconf 86' lang='grc' dir='ltr'>ταῖς</span> <span class='ocrx_word' id='word_1_510' title='bbox 2488 2016 2695 2084; x_wconf 81' lang='grc' dir='ltr'><strong>ἰγνύαις</strong></span> <span class='ocrx_word' id='word_1_511' title='bbox 2750 2014 2932 2086; x_wconf 85' lang='grc' dir='ltr'><strong>ὐμῶν;</strong></span> <span class='ocrx_word' id='word_1_512' title='bbox 2971 2032 2989 2064; x_wconf 70' lang='grc' dir='ltr'><strong>ι</strong></span> <span class='ocrx_word' id='word_1_513' title='bbox 3033 2013 3153 2084; x_wconf 87' lang='grc' dir='ltr'><strong>Χρὴ</strong></span> <span class='ocrx_word' id='word_1_514' title='bbox 3207 2012 3315 2082; x_wconf 79' lang='grc' dir='ltr'>γὰρ</span> <span class='ocrx_word' id='word_1_515' title='bbox 3364 2011 3508 2080; x_wconf 81' lang='grc' dir='ltr'>ὑμᾶς</span> <span class='ocrx_word' id='word_1_516' title='bbox 3564 2009 3735 2080; x_wconf 69' lang='grc' dir='ltr'>ὐγιῆί</span> <span class='ocrx_word' id='word_1_517' title='bbox 3801 2009 3895 2061; x_wconf 72' lang='grc' dir='ltr'><strong>καὶ</strong></span> 
     </span>
    </p>
   </div>
   <div class='ocr_carea' id='block_1_73' title="bbox 2320 2100 3895 2182">
    <p class='ocr_par' dir='ltr' id='par_1_73' title="bbox 2320 2100 3895 2182">
     <span class='ocr_line' id='line_1_73' title="bbox 2320 2100 3895 2182; baseline -0.009 -17"><span class='ocrx_word' id='word_1_518' title='bbox 2320 2112 2522 2182; x_wconf 81' lang='grc' dir='ltr'><strong>ἀρτίως</strong></span> <span class='ocrx_word' id='word_1_519' title='bbox 2553 2110 2744 2180; x_wconf 82' lang='grc' dir='ltr'>ἔχοντα</span> <span class='ocrx_word' id='word_1_520' title='bbox 2771 2110 2905 2179; x_wconf 85' lang='grc' dir='ltr'>πρὸς</span> <span class='ocrx_word' id='word_1_521' title='bbox 2936 2107 3140 2178; x_wconf 84' lang='grc' dir='ltr'>εἰ¹δησιν</span> <span class='ocrx_word' id='word_1_522' title='bbox 3166 2104 3371 2176; x_wconf 79' lang='grc' dir='ltr'>ἀκριὸῆ</span> <span class='ocrx_word' id='word_1_523' title='bbox 3403 2105 3505 2175; x_wconf 82' lang='grc' dir='ltr'>τῆς</span> <span class='ocrx_word' id='word_1_524' title='bbox 3535 2103 3753 2165; x_wconf 82' lang='grc' dir='ltr'>εὐθείας</span> <span class='ocrx_word' id='word_1_525' title='bbox 3785 2100 3895 2153; x_wconf 83' lang='grc' dir='ltr'><strong>τῶν</strong></span> 
     </span>
    </p>
   </div>
   <div class='ocr_carea' id='block_1_74' title="bbox 2321 2192 3896 2273">
    <p class='ocr_par' dir='ltr' id='par_1_74' title="bbox 2321 2192 3896 2273">
     <span class='ocr_line' id='line_1_74' title="bbox 2321 2192 3896 2273; baseline -0.008 -17"><span class='ocrx_word' id='word_1_526' title='bbox 2321 2203 2604 2273; x_wconf 84' lang='grc' dir='ltr'>δογμάτων</span> <span class='ocrx_word' id='word_1_527' title='bbox 2632 2202 2775 2272; x_wconf 74' lang='grc' dir='ltr'>ἔχειν</span> <span class='ocrx_word' id='word_1_528' title='bbox 2804 2201 2894 2253; x_wconf 87' lang='grc' dir='ltr'><strong>τὸν</strong></span> <span class='ocrx_word' id='word_1_529' title='bbox 2927 2199 3071 2261; x_wconf 92' lang='grc' dir='ltr'>νοῦν,</span> <span class='ocrx_word' id='word_1_530' title='bbox 3131 2199 3189 2250; x_wconf 84' lang='grc' dir='ltr'><strong>ού</strong></span> <span class='ocrx_word' id='word_1_531' title='bbox 3233 2200 3352 2260; x_wconf 88' lang='grc' dir='ltr'>ταῖς</span> <span class='ocrx_word' id='word_1_532' title='bbox 3387 2195 3658 2267; x_wconf 73' lang='grc' dir='ltr'>διψυχίαις</span> <span class='ocrx_word' id='word_1_533' title='bbox 3688 2192 3896 2263; x_wconf 86' lang='grc' dir='ltr'>χωλεύ-</span> 
     </span>
    </p>
   </div>
   <div class='ocr_carea' id='block_1_75' title="bbox 2322 2282 3896 2358">
    <p class='ocr_par' dir='ltr' id='par_1_75' title="bbox 2322 2282 3896 2358">
     <span class='ocr_line' id='line_1_75' title="bbox 2322 2282 3896 2358; baseline -0.01 -10"><span class='ocrx_word' id='word_1_534' title='bbox 2322 2312 2468 2358; x_wconf 84' lang='grc' dir='ltr'>οντα,</span> <span class='ocrx_word' id='word_1_535' title='bbox 2500 2295 2592 2347; x_wconf 73' lang='grc' dir='ltr'>καὶ</span> <span class='ocrx_word' id='word_1_536' title='bbox 2624 2293 2759 2346; x_wconf 79' lang='grc' dir='ltr'>πολὺ</span> <span class='ocrx_word' id='word_1_537' title='bbox 2792 2290 3048 2344; x_wconf 83' lang='grc' dir='ltr'>νοσοῦντα</span> <span class='ocrx_word' id='word_1_538' title='bbox 3071 2289 3130 2341; x_wconf 82' lang='grc' dir='ltr'>τὸ</span> <span class='ocrx_word' id='word_1_539' title='bbox 3159 2288 3373 2352; x_wconf 79' lang='grc' dir='ltr'>ἆναλκι,</span> <span class='ocrx_word' id='word_1_540' title='bbox 3402 2287 3496 2340; x_wconf 76' lang='grc' dir='ltr'><strong>καί</strong></span> <span class='ocrx_word' id='word_1_541' title='bbox 3525 2285 3660 2357; x_wconf 85' lang='grc' dir='ltr'>ὀρθὰ</span> <span class='ocrx_word' id='word_1_542' title='bbox 3692 2282 3896 2353; x_wconf 76' lang='grc' dir='ltr'>βαίνειν</span> 
     </span>
    </p>
   </div>
   <div class='ocr_carea' id='block_1_76' title="bbox 2322 2375 3898 2454">
    <p class='ocr_par' dir='ltr' id='par_1_76' title="bbox 2322 2375 3898 2454">
     <span class='ocr_line' id='line_1_76' title="bbox 2322 2375 3898 2454; baseline -0.01 -15"><span class='ocrx_word' id='word_1_543' title='bbox 2322 2387 2421 2439; x_wconf 80' lang='grc' dir='ltr'>οὐκ</span> <span class='ocrx_word' id='word_1_544' title='bbox 2463 2386 2820 2454; x_wconf 78' lang='grc' dir='ltr'>ἀνεχόμενονσ</span> <span class='ocrx_word' id='word_1_545' title='bbox 2867 2379 3309 2441; x_wconf 81' lang='grc' dir='ltr'>ι’Λκατάστατος</span> <span class='ocrx_word' id='word_1_546' title='bbox 3357 2379 3464 2449; x_wconf 84' lang='grc' dir='ltr'><strong>γὰρ</strong></span> <span class='ocrx_word' id='word_1_547' title='bbox 3512 2380 3539 2429; x_wconf 96' lang='lat'><strong>6</strong></span> <span class='ocrx_word' id='word_1_548' title='bbox 3584 2376 3804 2444; x_wconf 77' lang='grc' dir='ltr'>δίψυχος</span> <span class='ocrx_word' id='word_1_549' title='bbox 3840 2375 3898 2425; x_wconf 78' lang='grc' dir='ltr'><strong>ὲν</strong></span> 
     </span>
    </p>
   </div>
   <div class='ocr_carea' id='block_1_77' title="bbox 2325 2464 3900 2538">
    <p class='ocr_par' dir='ltr' id='par_1_77' title="bbox 2325 2464 3900 2538">
     <span class='ocr_line' id='line_1_77' title="bbox 2325 2464 3900 2538; baseline -0.008 -10"><span class='ocrx_word' id='word_1_550' title='bbox 2325 2479 2525 2538; x_wconf 79' lang='grc' dir='ltr'>πάσαις</span> <span class='ocrx_word' id='word_1_551' title='bbox 2559 2478 2678 2537; x_wconf 86' lang='grc' dir='ltr'>ταῖς</span> <span class='ocrx_word' id='word_1_552' title='bbox 2706 2476 2844 2538; x_wconf 80' lang='grc' dir='ltr'>ὁδοῖς</span> <span class='ocrx_word' id='word_1_553' title='bbox 2879 2473 3066 2535; x_wconf 80' lang='grc' dir='ltr'>αὐτοῦ,</span> <span class='ocrx_word' id='word_1_554' title='bbox 3097 2474 3191 2525; x_wconf 67' lang='grc' dir='ltr'><strong>καὶ</strong></span> <span class='ocrx_word' id='word_1_555' title='bbox 3230 2472 3328 2523; x_wconf 85' lang='grc' dir='ltr'>οὐκ</span> <span class='ocrx_word' id='word_1_556' title='bbox 3377 2470 3440 2524; x_wconf 81' lang='grc' dir='ltr'><strong>ἀν</strong></span> <span class='ocrx_word' id='word_1_557' title='bbox 3472 2487 3521 2520; x_wconf 86' lang='grc' dir='ltr'><strong>τι</strong></span> <span class='ocrx_word' id='word_1_558' title='bbox 3558 2467 3710 2520; x_wconf 75' lang='grc' dir='ltr'>λάϐοι</span> <span class='ocrx_word' id='word_1_559' title='bbox 3747 2464 3900 2534; x_wconf 83' lang='grc' dir='ltr'><strong>παρά</strong></span> 
     </span>
    </p>
   </div>
   <div class='ocr_carea' id='block_1_78' title="bbox 2323 2556 3899 2637">
    <p class='ocr_par' dir='ltr' id='par_1_78' title="bbox 2323 2556 3899 2637">
     <span class='ocr_line' id='line_1_78' title="bbox 2323 2556 3899 2637; baseline -0.008 -19"><span class='ocrx_word' id='word_1_560' title='bbox 2323 2567 2415 2618; x_wconf 87' lang='grc' dir='ltr'><strong>τοῦ</strong></span> <span class='ocrx_word' id='word_1_561' title='bbox 2443 2566 2668 2637; x_wconf 83' lang='grc' dir='ltr'>Κυρίου.</span> <span class='ocrx_word' id='word_1_562' title='bbox 2703 2583 2720 2614; x_wconf 69' lang='grc' dir='ltr'><strong>ι</strong></span> <span class='ocrx_word' id='word_1_563' title='bbox 2750 2565 2858 2618; x_wconf 75' lang='grc' dir='ltr'><strong>Καὶ</strong></span> <span class='ocrx_word' id='word_1_564' title='bbox 2905 2562 3079 2616; x_wconf 84' lang='grc' dir='ltr'>ταῦτά</span> <span class='ocrx_word' id='word_1_565' title='bbox 3116 2579 3256 2632; x_wconf 88' lang='grc' dir='ltr'>φημι</span> <span class='ocrx_word' id='word_1_566' title='bbox 3279 2599 3293 2621; x_wconf 87' lang='grc'><strong>,</strong></span> <span class='ocrx_word' id='word_1_567' title='bbox 3343 2556 3706 2627; x_wconf 82' lang='grc' dir='ltr'>τεθαυμακὼς</span> <span class='ocrx_word' id='word_1_568' title='bbox 3757 2557 3899 2622; x_wconf 72' lang='grc' dir='ltr'>ἄγαν</span> 
     </span>
    </p>
   </div>
   <div class='ocr_carea' id='block_1_79' title="bbox 2322 2647 3896 2722">
    <p class='ocr_par' dir='ltr' id='par_1_79' title="bbox 2322 2647 3896 2722">
     <span class='ocr_line' id='line_1_79' title="bbox 2322 2647 3896 2722; baseline -0.007 -11"><span class='ocrx_word' id='word_1_569' title='bbox 2322 2659 2446 2720; x_wconf 74' lang='grc' dir='ltr'>τοὺς</span> <span class='ocrx_word' id='word_1_570' title='bbox 2483 2658 2508 2696; x_wconf 76' lang='grc' dir='ltr'><strong>ιι</strong></span> <span class='ocrx_word' id='word_1_571' title='bbox 2546 2658 2611 2709; x_wconf 79' lang='grc' dir='ltr'>δι’</span> <span class='ocrx_word' id='word_1_572' title='bbox 2640 2657 2886 2718; x_wconf 75' lang='grc' dir='ltr'>ἐναντίας</span> <span class='ocrx_word' id='word_1_573' title='bbox 2938 2651 3202 2722; x_wconf 82' lang='grc' dir='ltr'><strong>ἀναίδην1</strong></span> <span class='ocrx_word' id='word_1_574' title='bbox 3251 2650 3393 2704; x_wconf 76' lang='grc' dir='ltr'>οὕτω</span> <span class='ocrx_word' id='word_1_575' title='bbox 3446 2651 3538 2702; x_wconf 79' lang='grc' dir='ltr'><strong>καὶ</strong></span> <span class='ocrx_word' id='word_1_576' title='bbox 3585 2647 3896 2718; x_wconf 85' lang='grc' dir='ltr'>προαλῶς¹¹</span> 
     </span>
    </p>
   </div>
   <div class='ocr_carea' id='block_1_80' title="bbox 2325 2738 3898 2818">
    <p class='ocr_par' dir='ltr' id='par_1_80' title="bbox 2325 2738 3898 2818">
     <span class='ocr_line' id='line_1_80' title="bbox 2325 2738 3898 2818; baseline -0.008 -16"><span class='ocrx_word' id='word_1_577' title='bbox 2325 2748 2677 2818; x_wconf 77' lang='grc' dir='ltr'>ἐπιπλήττειν</span> <span class='ocrx_word' id='word_1_578' title='bbox 2719 2747 3000 2808; x_wconf 74' lang='grc' dir='ltr'>ἐθέλοντας</span> <span class='ocrx_word' id='word_1_579' title='bbox 3027 2743 3105 2813; x_wconf 82' lang='grc' dir='ltr'>τῷ</span> <span class='ocrx_word' id='word_1_580' title='bbox 3140 2742 3488 2814; x_wconf 80' lang='grc' dir='ltr'>προκειμένῳ</span> <span class='ocrx_word' id='word_1_581' title='bbox 3520 2740 3612 2792; x_wconf 71' lang='grc' dir='ltr'>καὶ</span> <span class='ocrx_word' id='word_1_582' title='bbox 3640 2738 3737 2792; x_wconf 89' lang='grc' dir='ltr'><strong>νῦν</strong></span> <span class='ocrx_word' id='word_1_583' title='bbox 3766 2739 3898 2790; x_wconf 88' lang='grc' dir='ltr'>ἀνα-</span> 
     </span>
    </p>
   </div>
   <div class='ocr_carea' id='block_1_81' title="bbox 2327 2829 3899 2908">
    <p class='ocr_par' dir='ltr' id='par_1_81' title="bbox 2327 2829 3899 2908">
     <span class='ocr_line' id='line_1_81' title="bbox 2327 2829 3899 2908; baseline -0.008 -16"><span class='ocrx_word' id='word_1_584' title='bbox 2327 2838 2667 2908; x_wconf 81' lang='grc' dir='ltr'>θεματισμῷ.</span> <span class='ocrx_word' id='word_1_585' title='bbox 2697 2838 2807 2890; x_wconf 76' lang='grc' dir='ltr'><strong>Καὶ</strong></span> <span class='ocrx_word' id='word_1_586' title='bbox 2835 2837 2895 2888; x_wconf 86' lang='grc' dir='ltr'>τὸ</span> <span class='ocrx_word' id='word_1_587' title='bbox 2933 2834 3160 2896; x_wconf 86' lang='grc' dir='ltr'>ἀπεικὸς</span> <span class='ocrx_word' id='word_1_588' title='bbox 3195 2833 3368 2897; x_wconf 78' lang='grc' dir='ltr'>οὐδὲν,</span> <span class='ocrx_word' id='word_1_589' title='bbox 3399 2834 3446 2883; x_wconf 87' lang='grc' dir='ltr'><strong>εἰ</strong></span> <span class='ocrx_word' id='word_1_590' title='bbox 3486 2830 3560 2901; x_wconf 81' lang='grc' dir='ltr'>μὴ</span> <span class='ocrx_word' id='word_1_591' title='bbox 3583 2829 3899 2899; x_wconf 77' lang='grc' dir='ltr'>βούλοιντο⁸</span> 
     </span>
    </p>
   </div>
   <div class='ocr_carea' id='block_1_82' title="bbox 2324 2917 3899 2998">
    <p class='ocr_par' dir='ltr' id='par_1_82' title="bbox 2324 2917 3899 2998">
     <span class='ocr_line' id='line_1_82' title="bbox 2324 2917 3899 2998; baseline -0.012 -12"><span class='ocrx_word' id='word_1_592' title='bbox 2324 2933 2415 2986; x_wconf 80' lang='grc' dir='ltr'><strong>τὸν</strong></span> <span class='ocrx_word' id='word_1_593' title='bbox 2447 2935 2508 2984; x_wconf 82' lang='grc' dir='ltr'>ὲκ</span> <span class='ocrx_word' id='word_1_594' title='bbox 2546 2929 2678 2983; x_wconf 87' lang='grc' dir='ltr'>Θεοῦ</span> <span class='ocrx_word' id='word_1_595' title='bbox 2713 2928 2923 2998; x_wconf 75' lang='grc' dir='ltr'>Πατρὸς</span> <span class='ocrx_word' id='word_1_596' title='bbox 2953 2927 3123 2993; x_wconf 83' lang='grc' dir='ltr'>Λόγον</span> <span class='ocrx_word' id='word_1_597' title='bbox 3171 2922 3526 2992; x_wconf 77' lang='grc' dir='ltr'>ὀνομάζεσθαι</span> <span class='ocrx_word' id='word_1_598' title='bbox 3570 2921 3706 2990; x_wconf 79' lang='grc' dir='ltr'>πρὸς</span> <span class='ocrx_word' id='word_1_599' title='bbox 3742 2917 3899 2989; x_wconf 77' lang='grc' dir='ltr'>ἡμῶν</span> 
     </span>
    </p>
   </div>
   <div class='ocr_carea' id='block_1_83' title="bbox 2327 3010 3896 3090">
    <p class='ocr_par' dir='ltr' id='par_1_83' title="bbox 2327 3010 3896 3090">
     <span class='ocr_line' id='line_1_83' title="bbox 2327 3010 3896 3090; baseline -0.01 -12"><span class='ocrx_word' id='word_1_600' title='bbox 2327 3023 2621 3079; x_wconf 83' lang='grc' dir='ltr'>ἀπόστολον</span> <span class='ocrx_word' id='word_1_601' title='bbox 2662 3023 2755 3073; x_wconf 70' lang='grc' dir='ltr'>καὶ</span> <span class='ocrx_word' id='word_1_602' title='bbox 2807 3018 3066 3090; x_wconf 83' lang='grc' dir='ltr'>ἀρχιερέα</span> <span class='ocrx_word' id='word_1_603' title='bbox 3100 3017 3199 3086; x_wconf 78' lang='grc' dir='ltr'>τῆς</span> <span class='ocrx_word' id='word_1_604' title='bbox 3227 3016 3513 3086; x_wconf 75' lang='grc' dir='ltr'>ὁμολογίας</span> <span class='ocrx_word' id='word_1_605' title='bbox 3547 3011 3725 3082; x_wconf 76' lang='grc' dir='ltr'>ἡμῶν,</span> <span class='ocrx_word' id='word_1_606' title='bbox 3757 3010 3846 3062; x_wconf 85' lang='grc' dir='ltr'>ὅτε</span> <span class='ocrx_word' id='word_1_607' title='bbox 3872 3017 3896 3044; x_wconf 87' lang='grc'>⁰</span> 
     </span>
    </p>
   </div>
   <div class='ocr_carea' id='block_1_84' title="bbox 2326 3096 3900 3183">
    <p class='ocr_par' dir='ltr' id='par_1_84' title="bbox 2326 3096 3900 3183">
     <span class='ocr_line' id='line_1_84' title="bbox 2326 3096 3900 3183; baseline -0.012 -16"><span class='ocrx_word' id='word_1_608' title='bbox 2326 3114 2549 3183; x_wconf 90' lang='grc' dir='ltr'>γέγονεν</span> <span class='ocrx_word' id='word_1_609' title='bbox 2597 3108 2898 3179; x_wconf 84' lang='grc' dir='ltr'>ἄνθρωπος.</span> <span class='ocrx_word' id='word_1_610' title='bbox 2941 3108 3004 3159; x_wconf 81' lang='grc' dir='ltr'><strong>Οἱ</strong></span> <span class='ocrx_word' id='word_1_611' title='bbox 3051 3105 3158 3175; x_wconf 79' lang='grc' dir='ltr'><strong>γάρ</strong></span> <span class='ocrx_word' id='word_1_612' title='bbox 3203 3105 3340 3167; x_wconf 84' lang='grc' dir='ltr'>ὅλως</span> <span class='ocrx_word' id='word_1_613' title='bbox 3377 3102 3475 3173; x_wconf 82' lang='grc' dir='ltr'>τὴν</span> <span class='ocrx_word' id='word_1_614' title='bbox 3522 3101 3661 3153; x_wconf 87' lang='grc' dir='ltr'><strong>κατά</strong></span> <span class='ocrx_word' id='word_1_615' title='bbox 3718 3096 3900 3168; x_wconf 88' lang='grc' dir='ltr'>σάρκα</span> 
     </span>
    </p>
   </div>
   <div class='ocr_carea' id='block_1_85' title="bbox 2327 3190 3902 3274">
    <p class='ocr_par' dir='ltr' id='par_1_85' title="bbox 2327 3190 3902 3274">
     <span class='ocr_line' id='line_1_85' title="bbox 2327 3190 3902 3274; baseline -0.01 -16"><span class='ocrx_word' id='word_1_616' title='bbox 2327 3208 2578 3274; x_wconf 84' lang='grc' dir='ltr'>γέννησιν</span> <span class='ocrx_word' id='word_1_617' title='bbox 2629 3201 2789 3254; x_wconf 77' lang='grc' dir='ltr'>αὑτοῦ</span> <span class='ocrx_word' id='word_1_618' title='bbox 2829 3199 3181 3267; x_wconf 75' lang='grc' dir='ltr'>συκοφαντεῖν</span> <span class='ocrx_word' id='word_1_619' title='bbox 3217 3194 3584 3264; x_wconf 83' lang='grc' dir='ltr'>πειρώμενοι,</span> <span class='ocrx_word' id='word_1_620' title='bbox 3625 3193 3720 3244; x_wconf 74' lang='grc' dir='ltr'>καὶ</span> <span class='ocrx_word' id='word_1_621' title='bbox 3763 3190 3902 3244; x_wconf 85' lang='grc' dir='ltr'>ἀπό-</span> 
     </span>
    </p>
   </div>
   <div class='ocr_carea' id='block_1_86' title="bbox 2328 3283 3902 3369">
    <p class='ocr_par' dir='ltr' id='par_1_86' title="bbox 2328 3283 3902 3369">
     <span class='ocr_line' id='line_1_86' title="bbox 2328 3283 3902 3369; baseline -0.011 -18"><span class='ocrx_word' id='word_1_622' title='bbox 2328 3299 2542 3369; x_wconf 74' lang='grc' dir='ltr'>ϐλητον,</span> <span class='ocrx_word' id='word_1_623' title='bbox 2578 3297 2653 3358; x_wconf 81' lang='grc' dir='ltr'>ὡς</span> <span class='ocrx_word' id='word_1_624' title='bbox 2701 3295 2799 3345; x_wconf 85' lang='grc' dir='ltr'><strong>ούκ</strong></span> <span class='ocrx_word' id='word_1_625' title='bbox 2847 3291 3059 3361; x_wconf 81' lang='grc' dir='ltr'>ἀληθῆ,</span> <span class='ocrx_word' id='word_1_626' title='bbox 3109 3288 3332 3358; x_wconf 82' lang='grc' dir='ltr'>ποιῆσαι</span> <span class='ocrx_word' id='word_1_627' title='bbox 3366 3286 3766 3356; x_wconf 84' lang='grc' dir='ltr'>τολμήσαντες,</span> <span class='ocrx_word' id='word_1_628' title='bbox 3802 3283 3902 3335; x_wconf 78' lang='grc' dir='ltr'>οὐκ</span> 
     </span>
    </p>
   </div>
   <div class='ocr_carea' id='block_1_87' title="bbox 2327 3374 3902 3458">
    <p class='ocr_par' dir='ltr' id='par_1_87' title="bbox 2327 3374 3902 3458">
     <span class='ocr_line' id='line_1_87' title="bbox 2327 3374 3902 3458; baseline -0.011 -15"><span class='ocrx_word' id='word_1_629' title='bbox 2327 3386 2641 3458; x_wconf 83' lang='grc' dir='ltr'>ἀνεχόμενοί</span> <span class='ocrx_word' id='word_1_630' title='bbox 2669 3402 2727 3436; x_wconf 88' lang='grc' dir='ltr'><strong>τε</strong></span> <span class='ocrx_word' id='word_1_631' title='bbox 2758 3382 3015 3435; x_wconf 86' lang='grc' dir='ltr'>Θεοτόκον</span> <span class='ocrx_word' id='word_1_632' title='bbox 3044 3381 3215 3432; x_wconf 88' lang='grc' dir='ltr'>εἰπεῖν</span> <span class='ocrx_word' id='word_1_633' title='bbox 3257 3378 3353 3447; x_wconf 82' lang='grc' dir='ltr'>τὴν</span> <span class='ocrx_word' id='word_1_634' title='bbox 3399 3378 3559 3445; x_wconf 84' lang='grc' dir='ltr'>ἁγίαν</span> <span class='ocrx_word' id='word_1_635' title='bbox 3596 3374 3902 3446; x_wconf 83' lang='grc' dir='ltr'>Παρθένον,</span> 
     </span>
    </p>
   </div>
   <div class='ocr_carea' id='block_1_88' title="bbox 2329 3467 3902 3546">
    <p class='ocr_par' dir='ltr' id='par_1_88' title="bbox 2329 3467 3902 3546">
     <span class='ocr_line' id='line_1_88' title="bbox 2329 3467 3902 3546; baseline -0.01 -14"><span class='ocrx_word' id='word_1_636' title='bbox 2329 3481 2444 3542; x_wconf 79' lang='grc' dir='ltr'>πῶς</span> <span class='ocrx_word' id='word_1_637' title='bbox 2473 3479 2531 3530; x_wconf 85' lang='grc' dir='ltr'><strong>ού</strong></span> <span class='ocrx_word' id='word_1_638' title='bbox 2557 3477 2986 3546; x_wconf 79' lang='grc' dir='ltr'>παραιτήσονται</span> <span class='ocrx_word' id='word_1_639' title='bbox 3016 3472 3113 3540; x_wconf 85' lang='grc' dir='ltr'>τῆς</span> <span class='ocrx_word' id='word_1_640' title='bbox 3139 3469 3447 3538; x_wconf 81' lang='grc' dir='ltr'>οἰκονομίας</span> <span class='ocrx_word' id='word_1_641' title='bbox 3477 3468 3600 3528; x_wconf 75' lang='grc' dir='ltr'>τοὺς</span> <span class='ocrx_word' id='word_1_642' title='bbox 3629 3467 3902 3534; x_wconf 84' lang='grc' dir='ltr'>τρόπους;</span> 
     </span>
    </p>
   </div>
   <div class='ocr_carea' id='block_1_89' title="bbox 2341 3556 3900 3629">
    <p class='ocr_par' dir='ltr' id='par_1_89' title="bbox 2341 3556 3900 3629">
     <span class='ocr_line' id='line_1_89' title="bbox 2341 3556 3900 3629; baseline -0.01 -6"><span class='ocrx_word' id='word_1_643' title='bbox 2341 3569 2708 3623; x_wconf 87' lang='grc' dir='ltr'>Ἀκουέτωσαν</span> <span class='ocrx_word' id='word_1_644' title='bbox 2761 3566 2938 3618; x_wconf 80' lang='grc' dir='ltr'>τοίνυν</span> <span class='ocrx_word' id='word_1_645' title='bbox 3000 3562 3061 3614; x_wconf 84' lang='grc' dir='ltr'>τὸ</span> <span class='ocrx_word' id='word_1_646' title='bbox 3104 3561 3190 3614; x_wconf 89' lang='grc' dir='ltr'><strong>διά</strong></span> <span class='ocrx_word' id='word_1_647' title='bbox 3240 3560 3341 3629; x_wconf 82' lang='grc' dir='ltr'>τῆς</span> <span class='ocrx_word' id='word_1_648' title='bbox 3401 3559 3582 3629; x_wconf 82' lang='grc' dir='ltr'>φωνῆς</span> <span class='ocrx_word' id='word_1_649' title='bbox 3636 3556 3900 3610; x_wconf 76' lang='grc' dir='ltr'>Ἡσαΐου·</span> 
     </span>
    </p>
   </div>
   <div class='ocr_carea' id='block_1_90' title="bbox 2336 3645 3903 3730">
    <p class='ocr_par' dir='ltr' id='par_1_90' title="bbox 2336 3645 3903 3730">
     <span class='ocr_line' id='line_1_90' title="bbox 2336 3645 3903 3730; baseline -0.013 -15"><span class='ocrx_word' id='word_1_650' title='bbox 2336 3682 2353 3714; x_wconf 81' lang='grc' dir='ltr'><strong>ι</strong></span> <span class='ocrx_word' id='word_1_651' title='bbox 2400 3663 2525 3714; x_wconf 75' lang='grc' dir='ltr'><strong>Ἐὰν</strong></span> <span class='ocrx_word' id='word_1_652' title='bbox 2563 3660 2635 3730; x_wconf 83' lang='grc' dir='ltr'>μὴ</span> <span class='ocrx_word' id='word_1_653' title='bbox 2664 3656 3009 3724; x_wconf 81' lang='grc' dir='ltr'>πιστεύσητε,</span> <span class='ocrx_word' id='word_1_654' title='bbox 3039 3653 3146 3705; x_wconf 77' lang='grc' dir='ltr'>οὐδ’</span> <span class='ocrx_word' id='word_1_655' title='bbox 3179 3652 3239 3704; x_wconf 75' lang='grc' dir='ltr'>οὐ</span> <span class='ocrx_word' id='word_1_656' title='bbox 3275 3656 3347 3720; x_wconf 77' lang='grc' dir='ltr'>μὴ</span> <span class='ocrx_word' id='word_1_657' title='bbox 3381 3649 3600 3719; x_wconf 78' lang='grc' dir='ltr'>συνῆτε.</span> <span class='ocrx_word' id='word_1_658' title='bbox 3640 3667 3659 3698; x_wconf 76' lang='grc' dir='ltr'><strong>ι</strong></span> <span class='ocrx_word' id='word_1_659' title='bbox 3707 3647 3767 3700; x_wconf 88' lang='lat'><strong>&#39;0</strong></span> <span class='ocrx_word' id='word_1_660' title='bbox 3803 3645 3903 3714; x_wconf 83' lang='grc' dir='ltr'>μὲν</span> 
     </span>
    </p>
   </div>
   <div class='ocr_carea' id='block_1_91' title="bbox 2329 3738 3904 3823">
    <p class='ocr_par' dir='ltr' id='par_1_91' title="bbox 2329 3738 3904 3823">
     <span class='ocr_line' id='line_1_91' title="bbox 2329 3738 3904 3823; baseline -0.011 -16"><span class='ocrx_word' id='word_1_661' title='bbox 2329 3755 2439 3823; x_wconf 78' lang='grc' dir='ltr'>γὰρ</span> <span class='ocrx_word' id='word_1_662' title='bbox 2485 3751 2766 3812; x_wconf 80' lang='grc' dir='ltr'>θεσπέσιος</span> <span class='ocrx_word' id='word_1_663' title='bbox 2814 3743 3204 3815; x_wconf 76' lang='grc' dir='ltr'>εὖαγγελιστὴς</span> <span class='ocrx_word' id='word_1_664' title='bbox 3237 3743 3490 3811; x_wconf 81' lang='grc' dir='ltr'>Ἰωάννης</span> <span class='ocrx_word' id='word_1_665' title='bbox 3527 3740 3667 3810; x_wconf 84' lang='grc' dir='ltr'>μέγα</span> <span class='ocrx_word' id='word_1_666' title='bbox 3695 3756 3748 3790; x_wconf 88' lang='grc' dir='ltr'><strong>τι</strong></span> <span class='ocrx_word' id='word_1_667' title='bbox 3807 3738 3904 3791; x_wconf 75' lang='grc' dir='ltr'><strong>καὶ</strong></span> 
     </span>
    </p>
   </div>
   <div class='ocr_carea' id='block_1_92' title="bbox 2330 3826 3902 3908">
    <p class='ocr_par' dir='ltr' id='par_1_92' title="bbox 2330 3826 3902 3908">
     <span class='ocr_line' id='line_1_92' title="bbox 2330 3826 3902 3908; baseline -0.011 -13"><span class='ocrx_word' id='word_1_668' title='bbox 2330 3842 2561 3906; x_wconf 81' lang='grc' dir='ltr'>ἐξαίσιον</span> <span class='ocrx_word' id='word_1_669' title='bbox 2595 3837 2993 3908; x_wconf 79' lang='grc' dir='ltr'>κατεϐρόντησε</span> <span class='ocrx_word' id='word_1_670' title='bbox 3025 3836 3136 3895; x_wconf 86' lang='grc' dir='ltr'>τοῖς</span> <span class='ocrx_word' id='word_1_671' title='bbox 3171 3831 3261 3884; x_wconf 83' lang='grc' dir='ltr'><strong>ὑπ’</strong></span> <span class='ocrx_word' id='word_1_672' title='bbox 3308 3829 3552 3900; x_wconf 80' lang='grc' dir='ltr'>οὐρανὸν,</span> <span class='ocrx_word' id='word_1_673' title='bbox 3595 3828 3776 3899; x_wconf 80' lang='grc' dir='ltr'>σάρκα</span> <span class='ocrx_word' id='word_1_674' title='bbox 3815 3826 3902 3879; x_wconf 86' lang='grc' dir='ltr'><strong>λέ-</strong></span> 
     </span>
    </p>
   </div>
   <div class='ocr_carea' id='block_1_93' title="bbox 2331 3917 3904 4001">
    <p class='ocr_par' dir='ltr' id='par_1_93' title="bbox 2331 3917 3904 4001">
     <span class='ocr_line' id='line_1_93' title="bbox 2331 3917 3904 4001; baseline -0.011 -16"><span class='ocrx_word' id='word_1_675' title='bbox 2331 3951 2440 4001; x_wconf 90' lang='grc' dir='ltr'><strong>γων</strong></span> <span class='ocrx_word' id='word_1_676' title='bbox 2482 3928 2810 3998; x_wconf 79' lang='grc' dir='ltr'>γεγενῆσθαι</span> <span class='ocrx_word' id='word_1_677' title='bbox 2847 3926 2938 3978; x_wconf 85' lang='grc' dir='ltr'>τὸν</span> <span class='ocrx_word' id='word_1_678' title='bbox 2970 3925 3158 3991; x_wconf 83' lang='grc' dir='ltr'>Λόγον.</span> <span class='ocrx_word' id='word_1_679' title='bbox 3195 3923 3255 3974; x_wconf 90' lang='grc' dir='ltr'><strong>Οἱ</strong></span> <span class='ocrx_word' id='word_1_680' title='bbox 3286 3922 3342 3974; x_wconf 83' lang='grc' dir='ltr'>δὲ</span> <span class='ocrx_word' id='word_1_681' title='bbox 3374 3920 3474 3990; x_wconf 82' lang='grc' dir='ltr'>τῆς</span> <span class='ocrx_word' id='word_1_682' title='bbox 3509 3918 3768 3987; x_wconf 84' lang='grc' dir='ltr'>ἀληθείας</span> <span class='ocrx_word' id='word_1_683' title='bbox 3800 3917 3904 3986; x_wconf 84' lang='grc' dir='ltr'>τὴν</span> 
     </span>
    </p>
   </div>
   <div class='ocr_carea' id='block_1_94' title="bbox 2329 4007 3904 4089">
    <p class='ocr_par' dir='ltr' id='par_1_94' title="bbox 2329 4007 3904 4089">
     <span class='ocr_line' id='line_1_94' title="bbox 2329 4007 3904 4089; baseline -0.01 -16"><span class='ocrx_word' id='word_1_684' title='bbox 2329 4021 2556 4089; x_wconf 83' lang='grc' dir='ltr'>δύναμιν</span> <span class='ocrx_word' id='word_1_685' title='bbox 2595 4015 3044 4078; x_wconf 85' lang='grc' dir='ltr'>ὑποκλέπτοντες,</span> <span class='ocrx_word' id='word_1_686' title='bbox 3074 4012 3216 4064; x_wconf 76' lang='grc' dir='ltr'>οὕτω</span> <span class='ocrx_word' id='word_1_687' title='bbox 3243 4010 3422 4080; x_wconf 88' lang='grc' dir='ltr'>σάρκα</span> <span class='ocrx_word' id='word_1_688' title='bbox 3447 4007 3697 4076; x_wconf 79' lang='grc' dir='ltr'>γενέσθαι</span> <span class='ocrx_word' id='word_1_689' title='bbox 3734 4007 3904 4076; x_wconf 76' lang='grc' dir='ltr'>φασὶν</span> 
     </span>
    </p>
   </div>
   <div class='ocr_carea' id='block_1_95' title="bbox 2333 4096 3902 4174">
    <p class='ocr_par' dir='ltr' id='par_1_95' title="bbox 2333 4096 3902 4174">
     <span class='ocr_line' id='line_1_95' title="bbox 2333 4096 3902 4174; baseline -0.01 -9"><span class='ocrx_word' id='word_1_690' title='bbox 2333 4113 2511 4174; x_wconf 75' lang='grc' dir='ltr'>αὐτὸν,</span> <span class='ocrx_word' id='word_1_691' title='bbox 2546 4110 2619 4172; x_wconf 79' lang='grc' dir='ltr'>ὡς</span> <span class='ocrx_word' id='word_1_692' title='bbox 2666 4109 2730 4161; x_wconf 86' lang='grc' dir='ltr'>ἂν</span> <span class='ocrx_word' id='word_1_693' title='bbox 2764 4108 2933 4158; x_wconf 83' lang='grc' dir='ltr'>νοοῖτο</span> <span class='ocrx_word' id='word_1_694' title='bbox 2962 4102 3216 4172; x_wconf 87' lang='grc' dir='ltr'>γενέσθαι</span> <span class='ocrx_word' id='word_1_695' title='bbox 3252 4101 3464 4170; x_wconf 83' lang='grc' dir='ltr'>κατάρα</span> <span class='ocrx_word' id='word_1_696' title='bbox 3494 4100 3588 4151; x_wconf 86' lang='grc' dir='ltr'>καὶ</span> <span class='ocrx_word' id='word_1_697' title='bbox 3631 4096 3902 4168; x_wconf 80' lang='grc' dir='ltr'>ἁμαρτία.</span> 
     </span>
    </p>
   </div>
   <div class='ocr_carea' id='block_1_96' title="bbox 2332 4189 3908 4272">
    <p class='ocr_par' dir='ltr' id='par_1_96' title="bbox 2332 4189 3908 4272">
     <span class='ocr_line' id='line_1_96' title="bbox 2332 4189 3908 4272; baseline -0.01 -17"><span class='ocrx_word' id='word_1_698' title='bbox 2332 4206 2442 4256; x_wconf 72' lang='grc' dir='ltr'><strong>Καὶ</strong></span> <span class='ocrx_word' id='word_1_699' title='bbox 2472 4201 2602 4272; x_wconf 76' lang='grc' dir='ltr'>περὶ</span> <span class='ocrx_word' id='word_1_700' title='bbox 2635 4199 2732 4268; x_wconf 82' lang='grc' dir='ltr'>μὲν</span> <span class='ocrx_word' id='word_1_701' title='bbox 2761 4196 2964 4249; x_wconf 88' lang='grc' dir='ltr'>τούτων</span> <span class='ocrx_word' id='word_1_702' title='bbox 2995 4195 3096 4264; x_wconf 75' lang='grc' dir='ltr'>ἤδη</span> <span class='ocrx_word' id='word_1_703' title='bbox 3131 4193 3434 4262; x_wconf 82' lang='grc' dir='ltr'>φθάσαντες</span> <span class='ocrx_word' id='word_1_704' title='bbox 3462 4192 3684 4260; x_wconf 79' lang='grc' dir='ltr'>εἴπομεν</span> <span class='ocrx_word' id='word_1_705' title='bbox 3707 4230 3723 4254; x_wconf 92' lang='grc'><strong>,</strong></span> <span class='ocrx_word' id='word_1_706' title='bbox 3759 4189 3908 4258; x_wconf 76' lang='grc' dir='ltr'>ἅπερ</span> 
     </span>
    </p>
   </div>
   <div class='ocr_carea' id='block_1_97' title="bbox 2330 4280 3904 4368">
    <p class='ocr_par' dir='ltr' id='par_1_97' title="bbox 2330 4280 3904 4368">
     <span class='ocr_line' id='line_1_97' title="bbox 2330 4280 3904 4368; baseline -0.011 -19"><span class='ocrx_word' id='word_1_707' title='bbox 2330 4295 2396 4368; x_wconf 77' lang='grc' dir='ltr'>ἦν</span> <span class='ocrx_word' id='word_1_708' title='bbox 2428 4296 2573 4356; x_wconf 83' lang='grc' dir='ltr'>εἰκὸς</span> <span class='ocrx_word' id='word_1_709' title='bbox 2605 4293 2769 4346; x_wconf 74' lang='grc' dir='ltr'>ἕωλον</span> <span class='ocrx_word' id='word_1_710' title='bbox 2798 4292 2978 4352; x_wconf 75' lang='grc' dir='ltr'>αὐτοῖς</span> <span class='ocrx_word' id='word_1_711' title='bbox 3003 4288 3321 4357; x_wconf 77' lang='grc' dir='ltr'>ἀποφαίνειν</span> <span class='ocrx_word' id='word_1_712' title='bbox 3347 4284 3602 4338; x_wconf 90' lang='grc' dir='ltr'>δύνασθαι</span> <span class='ocrx_word' id='word_1_713' title='bbox 3637 4281 3728 4334; x_wconf 76' lang='grc' dir='ltr'><strong>τὸν</strong></span> <span class='ocrx_word' id='word_1_714' title='bbox 3754 4280 3813 4334; x_wconf 72' lang='grc' dir='ltr'>ἐν</span> <span class='ocrx_word' id='word_1_715' title='bbox 3842 4296 3904 4348; x_wconf 90' lang='grc' dir='ltr'><strong>γε</strong></span> 
     </span>
    </p>
   </div>
   <div class='ocr_carea' id='block_1_98' title="bbox 2330 4371 3909 4451">
    <p class='ocr_par' dir='ltr' id='par_1_98' title="bbox 2330 4371 3909 4451">
     <span class='ocr_line' id='line_1_98' title="bbox 2330 4371 3909 4451; baseline -0.013 -9"><span class='ocrx_word' id='word_1_716' title='bbox 2330 4388 2566 4442; x_wconf 68' lang='grc' dir='ltr'>τουτοισὶ</span> <span class='ocrx_word' id='word_1_717' title='bbox 2613 4385 2788 4451; x_wconf 84' lang='grc' dir='ltr'>λόγον.</span> <span class='ocrx_word' id='word_1_718' title='bbox 2829 4381 2969 4450; x_wconf 86' lang='grc' dir='ltr'>Πρὸς</span> <span class='ocrx_word' id='word_1_719' title='bbox 2999 4380 3055 4432; x_wconf 87' lang='grc' dir='ltr'><strong>δέ</strong></span> <span class='ocrx_word' id='word_1_720' title='bbox 3097 4395 3160 4446; x_wconf 87' lang='grc' dir='ltr'><strong>γε</strong></span> <span class='ocrx_word' id='word_1_721' title='bbox 3197 4378 3323 4438; x_wconf 78' lang='grc' dir='ltr'>τοῦς</span> <span class='ocrx_word' id='word_1_722' title='bbox 3369 4374 3668 4443; x_wconf 85' lang='grc' dir='ltr'>φιλαιτίους</span> <span class='ocrx_word' id='word_1_723' title='bbox 3716 4372 3797 4433; x_wconf 87' lang='grc' dir='ltr'><strong>εἰς</strong></span> <span class='ocrx_word' id='word_1_724' title='bbox 3846 4371 3909 4422; x_wconf 83' lang='grc' dir='ltr'>τὸ</span> 
     </span>
    </p>
   </div>
   <div class='ocr_carea' id='block_1_99' title="bbox 2334 4463 3910 4550">
    <p class='ocr_par' dir='ltr' id='par_1_99' title="bbox 2334 4463 3910 4550">
     <span class='ocr_line' id='line_1_99' title="bbox 2334 4463 3910 4550; baseline -0.01 -19"><span class='ocrx_word' id='word_1_725' title='bbox 2334 4480 2506 4550; x_wconf 76' lang='grc' dir='ltr'>παρὸν</span> <span class='ocrx_word' id='word_1_726' title='bbox 2540 4475 2713 4529; x_wconf 80' lang='grc' dir='ltr'>ἐκεῖνό</span> <span class='ocrx_word' id='word_1_727' title='bbox 2762 4489 2975 4541; x_wconf 83' lang='grc' dir='ltr'>φαμεν·</span> <span class='ocrx_word' id='word_1_728' title='bbox 3012 4471 3227 4524; x_wconf 87' lang='grc' dir='ltr'>Μάθετε</span> <span class='ocrx_word' id='word_1_729' title='bbox 3269 4467 3506 4534; x_wconf 80' lang='grc' dir='ltr'>ἀκούειν,</span> <span class='ocrx_word' id='word_1_730' title='bbox 3541 4463 3910 4534; x_wconf 85' lang='grc' dir='ltr'>στενοχωρού-</span> 
     </span>
    </p>
   </div>
   <div class='ocr_carea' id='block_1_100' title="bbox 2342 4557 3910 4644">
    <p class='ocr_par' dir='ltr' id='par_1_100' title="bbox 2342 4557 3910 4644">
     <span class='ocr_line' id='line_1_100' title="bbox 2342 4557 3910 4644; baseline -0.011 -19"><span class='ocrx_word' id='word_1_731' title='bbox 2342 4587 2518 4644; x_wconf 87' lang='grc' dir='ltr'>μενοι·</span> <span class='ocrx_word' id='word_1_732' title='bbox 2540 4563 2901 4629; x_wconf 80' lang='grc' dir='ltr'>καταδέξασθε</span> <span class='ocrx_word' id='word_1_733' title='bbox 2925 4563 3018 4616; x_wconf 89' lang='grc' dir='ltr'><strong>τοῦ</strong></span> <span class='ocrx_word' id='word_1_734' title='bbox 3053 4563 3195 4617; x_wconf 81' lang='grc' dir='ltr'>κα.τά</span> <span class='ocrx_word' id='word_1_735' title='bbox 3222 4561 3457 4632; x_wconf 82' lang='grc' dir='ltr'>Χριστὸν</span> <span class='ocrx_word' id='word_1_736' title='bbox 3491 4558 3793 4630; x_wconf 83' lang='grc' dir='ltr'>μυστηρίου</span> <span class='ocrx_word' id='word_1_737' title='bbox 3819 4557 3910 4607; x_wconf 80' lang='grc' dir='ltr'><strong>τὸν</strong></span> 
     </span>
    </p>
   </div>
   <div class='ocr_carea' id='block_1_101' title="bbox 2338 4647 3911 4731">
    <p class='ocr_par' dir='ltr' id='par_1_101' title="bbox 2338 4647 3911 4731">
     <span class='ocr_line' id='line_1_101' title="bbox 2338 4647 3911 4731; baseline -0.011 -17"><span class='ocrx_word' id='word_1_738' title='bbox 2338 4661 2607 4731; x_wconf 77' lang='grc' dir='ltr'>θεμέλιον,</span> <span class='ocrx_word' id='word_1_739' title='bbox 2653 4656 2753 4724; x_wconf 82' lang='grc' dir='ltr'>τῆς</span> <span class='ocrx_word' id='word_1_740' title='bbox 2791 4654 3099 4724; x_wconf 82' lang='grc' dir='ltr'>οἰκονομίας</span> <span class='ocrx_word' id='word_1_741' title='bbox 3146 4653 3244 4714; x_wconf 83' lang='grc' dir='ltr'>τὰς</span> <span class='ocrx_word' id='word_1_742' title='bbox 3289 4650 3513 4722; x_wconf 86' lang='grc' dir='ltr'>πρώτας</span> <span class='ocrx_word' id='word_1_743' title='bbox 3562 4647 3775 4719; x_wconf 81' lang='grc' dir='ltr'>ἀρχὰς,</span> <span class='ocrx_word' id='word_1_744' title='bbox 3819 4647 3911 4698; x_wconf 71' lang='grc' dir='ltr'><strong>καὶ</strong></span> 
     </span>
    </p>
   </div>
   <div class='ocr_carea' id='block_1_102' title="bbox 2337 4737 3910 4822">
    <p class='ocr_par' dir='ltr' id='par_1_102' title="bbox 2337 4737 3910 4822">
     <span class='ocr_line' id='line_1_102' title="bbox 2337 4737 3910 4822; baseline -0.011 -16"><span class='ocrx_word' id='word_1_745' title='bbox 2337 4752 2524 4822; x_wconf 82' lang='grc' dir='ltr'>αὐτὴν,</span> <span class='ocrx_word' id='word_1_746' title='bbox 2572 4750 2638 4801; x_wconf 80' lang='grc' dir='ltr'>ἵν’</span> <span class='ocrx_word' id='word_1_747' title='bbox 2688 4747 2860 4809; x_wconf 72' lang='grc' dir='ltr'>οὕτως</span> <span class='ocrx_word' id='word_1_748' title='bbox 2906 4747 3063 4810; x_wconf 83' lang='grc' dir='ltr'>είπω,</span> <span class='ocrx_word' id='word_1_749' title='bbox 3112 4743 3210 4813; x_wconf 82' lang='grc' dir='ltr'><strong>τὴν</strong></span> <span class='ocrx_word' id='word_1_750' title='bbox 3249 4743 3528 4810; x_wconf 76' lang='grc' dir='ltr'>εἰσϐολήν·</span> <span class='ocrx_word' id='word_1_751' title='bbox 3580 4737 3910 4792; x_wconf 85' lang='grc' dir='ltr'>πιστεύσατε</span> 
     </span>
    </p>
   </div>
   <div class='ocr_carea' id='block_1_103' title="bbox 2340 4827 3910 4916">
    <p class='ocr_par' dir='ltr' id='par_1_103' title="bbox 2340 4827 3910 4916">
     <span class='ocr_line' id='line_1_103' title="bbox 2340 4827 3910 4916; baseline -0.012 -19"><span class='ocrx_word' id='word_1_752' title='bbox 2340 4845 2456 4916; x_wconf 84' lang='grc' dir='ltr'>μεθ’</span> <span class='ocrx_word' id='word_1_753' title='bbox 2491 4842 2665 4914; x_wconf 79' lang='grc' dir='ltr'>ἡμῶν,</span> <span class='ocrx_word' id='word_1_754' title='bbox 2703 4839 2900 4910; x_wconf 85' lang='grc' dir='ltr'>μᾶλλον</span> <span class='ocrx_word' id='word_1_755' title='bbox 2925 4835 2979 4889; x_wconf 80' lang='grc' dir='ltr'>δὲ</span> <span class='ocrx_word' id='word_1_756' title='bbox 3004 4838 3112 4898; x_wconf 88' lang='grc' dir='ltr'>τοῖς</span> <span class='ocrx_word' id='word_1_757' title='bbox 3147 4836 3308 4905; x_wconf 88' lang='grc' dir='ltr'>ἰεροίς</span> <span class='ocrx_word' id='word_1_758' title='bbox 3343 4833 3637 4902; x_wconf 87' lang='grc' dir='ltr'>Γράμμασι</span> <span class='ocrx_word' id='word_1_759' title='bbox 3658 4845 3670 4858; x_wconf 76' lang='grc'><strong><em>⁸</em></strong></span> <span class='ocrx_word' id='word_1_760' title='bbox 3697 4828 3819 4881; x_wconf 85' lang='grc' dir='ltr'>δότε</span> <span class='ocrx_word' id='word_1_761' title='bbox 3847 4827 3910 4896; x_wconf 86' lang='grc' dir='ltr'>δὴ</span> 
     </span>
    </p>
   </div>
   <div class='ocr_carea' id='block_1_104' title="bbox 2337 4917 3912 5007">
    <p class='ocr_par' dir='ltr' id='par_1_104' title="bbox 2337 4917 3912 5007">
     <span class='ocr_line' id='line_1_104' title="bbox 2337 4917 3912 5007; baseline -0.014 -16"><span class='ocrx_word' id='word_1_762' title='bbox 2337 4939 2434 5007; x_wconf 81' lang='grc' dir='ltr'>τῆς</span> <span class='ocrx_word' id='word_1_763' title='bbox 2467 4933 2727 5004; x_wconf 91' lang='grc' dir='ltr'>ἀληθείας</span> <span class='ocrx_word' id='word_1_764' title='bbox 2764 4932 2860 5000; x_wconf 84' lang='grc' dir='ltr'>τὴν</span> <span class='ocrx_word' id='word_1_765' title='bbox 2892 4928 3093 4998; x_wconf 65' lang='grc' dir='ltr'>ψῆφον,</span> <span class='ocrx_word' id='word_1_766' title='bbox 3146 4922 3531 4994; x_wconf 83' lang='grc' dir='ltr'>ὁμολογοῦντες</span> <span class='ocrx_word' id='word_1_767' title='bbox 3568 4922 3649 4973; x_wconf 83' lang='grc' dir='ltr'>ὅτι</span> <span class='ocrx_word' id='word_1_768' title='bbox 3680 4917 3846 4980; x_wconf 77' lang='grc' dir='ltr'>αὐτὸς</span> <span class='ocrx_word' id='word_1_769' title='bbox 3883 4919 3912 4970; x_wconf 92' lang='lat'><strong>6</strong></span> 
     </span>
    </p>
   </div>
   <div class='ocr_carea' id='block_1_105' title="bbox 2342 5010 3910 5100">
    <p class='ocr_par' dir='ltr' id='par_1_105' title="bbox 2342 5010 3910 5100">
     <span class='ocr_line' id='line_1_105' title="bbox 2342 5010 3910 5100; baseline -0.013 -17"><span class='ocrx_word' id='word_1_770' title='bbox 2342 5027 2634 5100; x_wconf 84' lang='grc' dir='ltr'>μονογενὴς</span> <span class='ocrx_word' id='word_1_771' title='bbox 2667 5024 2760 5077; x_wconf 87' lang='grc' dir='ltr'><strong>τοῦ</strong></span> <span class='ocrx_word' id='word_1_772' title='bbox 2787 5021 2921 5076; x_wconf 82' lang='grc' dir='ltr'>Θεοῦ</span> <span class='ocrx_word' id='word_1_773' title='bbox 2951 5021 3141 5088; x_wconf 85' lang='grc' dir='ltr'>Λόγος,</span> <span class='ocrx_word' id='word_1_774' title='bbox 3176 5020 3204 5070; x_wconf 85' lang='lat'><strong>6</strong></span> <span class='ocrx_word' id='word_1_775' title='bbox 3232 5019 3288 5070; x_wconf 79' lang='grc' dir='ltr'><strong>ὲν</strong></span> <span class='ocrx_word' id='word_1_776' title='bbox 3317 5015 3534 5077; x_wconf 84' lang='grc' dir='ltr'>κόλποις</span> <span class='ocrx_word' id='word_1_777' title='bbox 3562 5012 3635 5065; x_wconf 78' lang='grc' dir='ltr'>ὢν</span> <span class='ocrx_word' id='word_1_778' title='bbox 3663 5010 3758 5064; x_wconf 85' lang='grc' dir='ltr'><strong>τοῦ</strong></span> <span class='ocrx_word' id='word_1_779' title='bbox 3798 5011 3910 5065; x_wconf 84' lang='grc' dir='ltr'><strong>Πα-</strong></span> 
     </span>
    </p>
   </div>
   <div class='ocr_carea' id='block_1_106' title="bbox 2347 5101 3908 5192">
    <p class='ocr_par' dir='ltr' id='par_1_106' title="bbox 2347 5101 3908 5192">
     <span class='ocr_line' id='line_1_106' title="bbox 2347 5101 3908 5192; baseline -0.015 -17"><span class='ocrx_word' id='word_1_780' title='bbox 2347 5123 2490 5192; x_wconf 76' lang='grc' dir='ltr'>τρὸς,</span> <span class='ocrx_word' id='word_1_781' title='bbox 2520 5122 2547 5172; x_wconf 93' lang='lat'><strong>6</strong></span> <span class='ocrx_word' id='word_1_782' title='bbox 2580 5120 2647 5171; x_wconf 83' lang='grc' dir='ltr'><strong>δι’</strong></span> <span class='ocrx_word' id='word_1_783' title='bbox 2677 5111 2736 5170; x_wconf 75' lang='grc' dir='ltr'>οὗ</span> <span class='ocrx_word' id='word_1_784' title='bbox 2761 5115 2829 5168; x_wconf 90' lang='grc' dir='ltr'><strong>τά</strong></span> <span class='ocrx_word' id='word_1_785' title='bbox 2858 5114 3035 5166; x_wconf 86' lang='grc' dir='ltr'>πάντα</span> <span class='ocrx_word' id='word_1_786' title='bbox 3056 5150 3070 5176; x_wconf 87' lang='grc'><strong>,</strong></span> <span class='ocrx_word' id='word_1_787' title='bbox 3098 5111 3191 5164; x_wconf 73' lang='grc' dir='ltr'><strong>καὶ</strong></span> <span class='ocrx_word' id='word_1_788' title='bbox 3225 5111 3281 5163; x_wconf 80' lang='grc' dir='ltr'>ἐν</span> <span class='ocrx_word' id='word_1_789' title='bbox 3305 5101 3350 5176; x_wconf 81' lang='grc' dir='ltr'>ᾧ</span> <span class='ocrx_word' id='word_1_790' title='bbox 3381 5109 3451 5160; x_wconf 76' lang='grc' dir='ltr'>τὰ</span> <span class='ocrx_word' id='word_1_791' title='bbox 3491 5107 3686 5170; x_wconf 90' lang='grc' dir='ltr'>πάντα,</span> <span class='ocrx_word' id='word_1_792' title='bbox 3721 5102 3908 5171; x_wconf 79' lang='grc' dir='ltr'>γέγο.ε</span> 
     </span>
    </p>
   </div>
   <div class='ocr_carea' id='block_1_107' title="bbox 1290 5257 2225 5350">
    <p class='ocr_par' dir='ltr' id='par_1_107' title="bbox 1290 5277 2225 5350">
     <span class='ocr_line' id='line_1_107' title="bbox 1290 5277 2225 5350; baseline -0.007 -13"><span class='ocrx_word' id='word_1_793' title='bbox 1290 5285 1333 5314; x_wconf 81' lang='grc' dir='ltr'><strong>ὀ</strong></span> <span class='ocrx_word' id='word_1_794' title='bbox 1361 5282 1423 5336; x_wconf 90' lang='lat' dir='ltr'><strong>lll</strong></span> <span class='ocrx_word' id='word_1_795' title='bbox 1461 5283 1590 5350; x_wconf 83' lang='lat' dir='ltr'><strong>Reg.</strong></span> <span class='ocrx_word' id='word_1_796' title='bbox 1630 5297 1784 5345; x_wconf 83' lang='lat' dir='ltr'><strong>xvut,</strong></span> <span class='ocrx_word' id='word_1_797' title='bbox 1827 5280 1916 5334; x_wconf 77' lang='lat'><strong>9.1.</strong></span> <span class='ocrx_word' id='word_1_798' title='bbox 1989 5280 2029 5310; x_wconf 84' lang='grc'>²¹</span> <span class='ocrx_word' id='word_1_799' title='bbox 2061 5277 2178 5331; x_wconf 82' lang='lat' dir='ltr'><strong>Jac.</strong></span> <span class='ocrx_word' id='word_1_800' title='bbox 2213 5293 2225 5330; x_wconf 91' lang='grc' dir='ltr'><strong>ι</strong></span> 
     </span>
    </p>
   </div>
   <div class='ocr_carea' id='block_1_108' title="bbox 2327 5257 3905 5350">
    <p class='ocr_par' dir='ltr' id='par_1_108' title="bbox 2332 5257 3905 5335">
     <span class='ocr_line' id='line_1_108' title="bbox 2332 5257 3905 5335; baseline -0.014 -5"><span class='ocrx_word' id='word_1_801' title='bbox 2332 5315 2345 5330; x_wconf 93' lang='grc'><strong>.</strong></span> <span class='ocrx_word' id='word_1_802' title='bbox 2423 5277 2466 5306; x_wconf 83' lang='grc'>¹²</span> <span class='ocrx_word' id='word_1_803' title='bbox 2498 5273 2598 5327; x_wconf 86' lang='lat' dir='ltr'><strong>lsa.</strong></span> <span class='ocrx_word' id='word_1_804' title='bbox 2638 5288 2737 5335; x_wconf 84' lang='lat' dir='ltr'><strong>vn,</strong></span> <span class='ocrx_word' id='word_1_805' title='bbox 2771 5271 2823 5325; x_wconf 87' lang='lat'><strong>9.</strong></span> <span class='ocrx_word' id='word_1_806' title='bbox 2901 5268 2947 5300; x_wconf 78' lang='lat'>”</span> <span class='ocrx_word' id='word_1_807' title='bbox 2974 5266 3128 5321; x_wconf 83' lang='lat' dir='ltr'><strong>Joan.</strong></span> <span class='ocrx_word' id='word_1_808' title='bbox 3163 5283 3199 5329; x_wconf 86' lang='grc' dir='ltr'><strong>ι,</strong></span> <span class='ocrx_word' id='word_1_809' title='bbox 3238 5264 3327 5318; x_wconf 79' lang='lat' dir='ltr'><strong>M.</strong></span> <span class='ocrx_word' id='word_1_810' title='bbox 3407 5262 3453 5291; x_wconf 71' lang='lat'><strong><em>“</em></strong></span> <span class='ocrx_word' id='word_1_811' title='bbox 3490 5258 3667 5314; x_wconf 87' lang='lat' dir='ltr'><strong>Galat.</strong></span> <span class='ocrx_word' id='word_1_812' title='bbox 3702 5273 3786 5318; x_wconf 84' lang='lat' dir='ltr'><strong>Ill,</strong></span> <span class='ocrx_word' id='word_1_813' title='bbox 3823 5257 3905 5310; x_wconf 76' lang='grc'><strong>13.</strong></span> 
     </span>
    </p>
   </div>
   <div class='ocr_carea' id='block_1_109' title="bbox 1730 5487 2907 5561">
    <p class='ocr_par' dir='ltr' id='par_1_109' title="bbox 1730 5487 2907 5561">
     <span class='ocr_line' id='line_1_109' title="bbox 1730 5487 2907 5561; baseline -0.012 -4"><span class='ocrx_word' id='word_1_814' title='bbox 1730 5502 1905 5558; x_wconf 64' lang='lat' dir='ltr'><strong>Variae</strong></span> <span class='ocrx_word' id='word_1_815' title='bbox 1932 5501 2197 5555; x_wconf 88' lang='lat' dir='ltr'><strong>lectiones</strong></span> <span class='ocrx_word' id='word_1_816' title='bbox 2229 5512 2295 5553; x_wconf 82' lang='lat' dir='ltr'><strong>ex</strong></span> <span class='ocrx_word' id='word_1_817' title='bbox 2318 5495 2506 5551; x_wconf 92' lang='lat' dir='ltr'><strong>codice</strong></span> <span class='ocrx_word' id='word_1_818' title='bbox 2536 5487 2907 5561; x_wconf 82' lang='lat' dir='ltr'><strong>Seguieriano.</strong></span> 
     </span>
    </p>
   </div>
   <div class='ocr_carea' id='block_1_110' title="bbox 738 5655 2244 5799">
    <p class='ocr_par' dir='ltr' id='par_1_110' title="bbox 738 5655 2244 5799">
     <span class='ocr_line' id='line_1_110' title="bbox 738 5655 2244 5799; baseline -0.009 -74"><span class='ocrx_word' id='word_1_819' title='bbox 738 5678 768 5799; x_wconf 62' lang='grc' dir='ltr'><strong>ἑ</strong></span> <span class='ocrx_word' id='word_1_820' title='bbox 798 5669 1022 5727; x_wconf 88' lang='grc' dir='ltr'>οἰκείαν.</span> <span class='ocrx_word' id='word_1_821' title='bbox 1104 5683 1116 5718; x_wconf 84' lang='grc' dir='ltr'><strong>ι</strong></span> <span class='ocrx_word' id='word_1_822' title='bbox 1159 5668 1304 5735; x_wconf 80' lang='grc' dir='ltr'>ὑγιᾶ.</span> <span class='ocrx_word' id='word_1_823' title='bbox 1381 5667 1405 5705; x_wconf 64' lang='grc' dir='ltr'><em>κ</em></span> <span class='ocrx_word' id='word_1_824' title='bbox 1438 5661 1759 5732; x_wconf 84' lang='grc' dir='ltr'>τεθαύμακα</span> <span class='ocrx_word' id='word_1_825' title='bbox 1787 5659 1894 5729; x_wconf 76' lang='grc' dir='ltr'>γὰρ</span> <span class='ocrx_word' id='word_1_826' title='bbox 1933 5658 2070 5727; x_wconf 83' lang='grc' dir='ltr'>ἄγαν</span> <span class='ocrx_word' id='word_1_827' title='bbox 2101 5655 2244 5720; x_wconf 80' lang='grc' dir='ltr'>τούς.</span> 
     </span>
     <span class='ocr_line' id='line_1_111' title="bbox 771 5760 845 5797; baseline -0.014 0"><span class='ocrx_word' id='word_1_828' title='bbox 771 5760 845 5797; x_wconf 91' lang='grc' dir='ltr'><strong>τι.</strong></span> 
     </span>
    </p>
   </div>
   <div class='ocr_carea' id='block_1_111' title="bbox 676 5755 845 5797">
    <p class='ocr_par' dir='ltr' id='par_1_111' title="bbox 676 5755 845 5797">
     <span class='ocr_line' id='line_1_112' title="bbox 676 5755 845 5797; baseline -0.012 1"><span class='ocrx_word' id='word_1_829' title='bbox 676 5755 702 5781; x_wconf 74' lang='grc'><strong><em>⁸</em></strong></span> <span class='ocrx_word' id='word_1_830' title='bbox 738 5755 845 5797; x_wconf 75' lang='grc' dir='ltr'>δτι.</span> 
     </span>
    </p>
   </div>
   <div class='ocr_carea' id='block_1_112' title="bbox 2330 5639 3904 5723">
    <p class='ocr_par' dir='ltr' id='par_1_112' title="bbox 2330 5639 3904 5723">
     <span class='ocr_line' id='line_1_113' title="bbox 2330 5639 3904 5723; baseline -0.009 -16"><span class='ocrx_word' id='word_1_831' title='bbox 2330 5653 2346 5693; x_wconf 76' lang='grc' dir='ltr'>ι</span> <span class='ocrx_word' id='word_1_832' title='bbox 2380 5653 2596 5723; x_wconf 81' lang='grc' dir='ltr'>ἀνέδην.</span> <span class='ocrx_word' id='word_1_833' title='bbox 2674 5661 2710 5690; x_wconf 82' lang='grc' dir='ltr'>ιι</span> <span class='ocrx_word' id='word_1_834' title='bbox 2736 5649 3036 5721; x_wconf 78' lang='grc' dir='ltr'>προδήλως,</span> <span class='ocrx_word' id='word_1_835' title='bbox 3065 5647 3096 5718; x_wconf 86' lang='grc' dir='ltr'>ἢ</span> <span class='ocrx_word' id='word_1_836' title='bbox 3136 5645 3447 5718; x_wconf 81' lang='grc' dir='ltr'>προφανῶς.</span> <span class='ocrx_word' id='word_1_837' title='bbox 3525 5651 3551 5678; x_wconf 79' lang='grc' dir='ltr'><strong>η</strong></span> <span class='ocrx_word' id='word_1_838' title='bbox 3583 5639 3904 5711; x_wconf 83' lang='grc' dir='ltr'>βούλωνται.</span> 
     </span>
    </p>
   </div>
  </div>
