4078 6348
169 402 268 460 365

769 401 1296 459 APOLOGETICUS
1338 401 1471 456 PRO
1512 401 1602 454 xu
1643 400 2004 455 CAPI'I‘IBUS
2045 390 2322 455 CONTRA
2367 401 2827 460 ontENTALES.

3296 410 3401 464 366

172 517 332 587 σάρξ’
364 517 425 570 οὑ
461 517 686 588 τροπὴν,
715 517 748 586 ἢ
791 519 1000 588 φυρμὸν
1032 518 1324 586 ὑπομείνας
1351 557 1364 580 ,
1403 517 1512 569 ἀλλ’
1546 517 1620 568 ὢν
1648 517 1731 570 ἀεὶ

1846 518 2132 572 secundum
2169 533 2412 583 carnem,
2448 520 2690 589 inquam,
2741 531 2795 575 et
2837 521 3134 590 appellatus
3179 522 3399 594 [factusl

168 607 319 660 τοῦτο
368 606 506 661 κατά
547 606 727 674 φύσιν,
766 607 901 674 ὅπερ
929 602 997 676 ἦν
1026 623 1106 670 τε,
1147 607 1236 658 καὶ
1271 606 1406 667 ἔστι,
1441 607 1534 657 καὶ
1561 605 1732 658 ἔσται.

168 699 356 766 Γέγονε
395 696 451 751 δὲ
489 694 662 768 σάρξ,
713 697 964 767 γέννησιν
1017 698 1314 767 ὑπομείνας
1349 700 1412 750 ἐκ
1439 701 1535 767 τῆς
1578 697 1735 764 ἁγίας

168 789 465 859 Παρθένου,
491 790 588 857 τὴν
620 788 760 841 κατὰ
788 790 966 858 σάρκα
995 790 1168 858 φημί·
1201 791 1294 840 καὶ
1329 789 1736 858 κεχρημάτικεν

171 880 291 942 Υἱὸς
314 879 623 948 ἀνθρώπου,
651 882 743 932 καὶ
774 880 1171 950 παραπλησίως
1204 882 1335 949 ἡμῖν
1369 881 1630 950 μετέσχεν
1663 879 1737 931 αἴ-

171 986 337 1038 ματος
383 971 476 1023 καὶ
516 972 734 1041 σαρκός.
787 970 943 1023 Οὕτω
991 970 1385 1039 διατιθεμένοις
1409 981 1457 1037 ι’,
1506 971 1600 1023 καὶ
1637 971 1737 1038 τὴν

167 1059 306 1113 οὕτω
350 1061 551 1132 σεπτὴν
586 1063 676 1115 καὶ
704 1061 1074 1132 ἀληθεστάτην
1103 1061 1282 1114 πίστιν
1315 1061 1734 1131 είσδεξαμένοις,

168 1155 342 1206 πάντα
368 1159 610 1222 φανεῖται
647 1156 714 1210 τὰ
736 1156 930 1224 ἐφεξῆς
969 1155 1177 1224 βάσιμά
1207 1172 1285 1217 τε,
1319 1156 1410 1208 καὶ
1439 1155 1733 1224 ίππήλατα,

169 1243 260 1297 καὶ
282 1243 430 1298 οὐδὲν
460 1245 686 1312 ἄναντες
712 1247 742 1316 ἢ
773 1246 968 1317 τραχύ.
991 1244 1302 1317 Γέγραπται
1325 1246 1428 1316 γὰρ
1456 1247 1536 1298 ὅτι
1560 1247 1735 1298 πάντα

167 1335 372 1390 ἐνώπια
421 1341 533 1401 τοῖς
589 1339 868 1399 συνιοῦσι,
920 1339 1013 1390 καὶ
1062 1337 1197 1408 ὀρθὰ
1249 1340 1362 1401 τοῖς
1423 1337 1736 1407 εὑρίσκουσι

168 1428 386 1495 γνῶσιν.
424 1431 632 1500 Χρῆναι
671 1430 727 1482 δὲ
775 1423 927 1500 οἶμαι
980 1430 1072 1482 καὶ
1103 1429 1195 1482 νῦν
1229 1431 1374 1498 ἡμᾶς
1424 1427 1520 1498 τὴν
1561 1429 1736 1482 αἰτίαν

165 1523 358 1584 εἰπεῖν,
388 1521 454 1574 δι’
483 1523 546 1592 ἦν
577 1521 754 1575 αἰτίαν
779 1521 999 1590 γέγονεν
1023 1523 1050 1574 0
1072 1521 1529 1592 ἀναθεματισμός.
1548 1522 1605 1574 Ὀ
1631 1522 1737 1590 γάρ

166 1627 252 1665 τοι
287 1613 458 1666 πάντα
505 1615 816 1684 διακινήσας
842 1653 856 1677 ,
889 1613 1000 1667 ἀνω
1041 1630 1098 1666 τε
1136 1614 1228 1666 και
1273 1615 1422 1667 κάτω
1456 1616 1523 1667 τὰ
1562 1613 1737 1666 πάντα

167 1706 406 1776 συγχέας
435 1707 732 1777 Νεστόριος
761 1706 863 1775 ἔφη
887 1723 939 1758 τι
970 1707 1206 1759 τοιοῦτον
1244 1707 1370 1776 περί
1395 1705 1487 1758 τοῦ
1521 1705 1735 1759 πάντων

165 1799 325 1869 ἡμῶν
358 1797 610 1869 Σωτῆρος
644 1797 910 1869 Χριστοῦ·
948 1798 1284 1867 (Ἀπεστάλη
1320 1796 1548 1868 κηρύξαι
1580 1799 1738 1868 αἰχμ-

163 1887 392 1952 αλώτοις
431 1888 639 1957 ἄφεσιν,
660 1884 809 1951 οὗτος
843 1889 869 1941 0
905 1888 1092 1949 πιστὸς
1121 1887 1196 1957 τῷ
1230 1887 1347 1956 Θεῷ
1379 1887 1738 1958 πεποιημένος

165 1978 480 2048 ἀρχιερεύς.
525 1979 770 2046 Ἐγένετο
799 1979 907 2050 γὰρ
938 1972 1108 2042 οὗτος,
1139 1979 1237 2030 οὑκ
1261 1978 1443 2040 ἀϊδίως
1465 1972 1550 2048 ἦν’
1585 1973 1738 2039 οὗτος

165 2069 194 2121 0
250 2071 394 2122 κατά
437 2072 629 2140 μικρὸν
655 2073 733 2134 είς
780 2072 1110 2141 ἀρχιερέως,
1159 2070 1422 2140 αἱρετικὲ,
1459 2070 1738 2140 προκόξας

167 2162 433 2231 ἀξίωμα.)
469 2163 668 2230 Ἕτερα
691 2172 714 2210 ιι
745 2162 799 2214 δὲ
846 2162 1055 2222 τούτοις
1082 2160 1315 2228 ἀδελφὴν
1346 2160 1603 2212 ὠδίνοντα
1641 2159 1738 2226 τὴν

166 2250 424 2304 ἀσέϐειαν
456 2251 790 2319 προσεπάγει
824 2250 1012 2303 πολλά.
1045 2248 1138 2311 Τίς
1183 2245 1273 2302 οὖν
1297 2249 1404 2319 ἀρα
1434 2249 1539 2300 τῶν
1570 2246 1741 2309 οὑτως

164 2340 410 2413 αἰσχρῶν
446 2341 752 2406 ἐπακούσας
781 2342 977 2410 λόγων,
1024 2340 1084 2394 οὑ
1146 2340 1319 2394 πάντα
1351 2341 1415 2394 ἂν
1444 2337 1614 2392 ἕλοιτο
1647 2357 1741 2390 πα-

167 2429 300 2498 θεῖν,
334 2435 365 2503 ἦ
403 2436 496 2505 τὴν
543 2435 618 2504 τῷ
649 2436 766 2505 Θεῷ
800 2433 1281 2504 κατεστνγημένην
1333 2434 1614 2501 ἀγαπῆσαι
1657 2450 1738 2483 σι-

164 2527 304 2597 γήν;
349 2528 640 2579 Ἀπέθανεν
700 2528 839 2596 ὑπὲρ
884 2526 1039 2595 ἡμῶν
1083 2527 1110 2576 0
1157 2527 1426 2596 Χριστὸς,
1481 2523 1741 2594 αἰσχύνης

167 2620 623 2688 καταφρονήσας·
678 2617 907 2687 σταυρὸν
963 2616 1257 2685 ὑπέμεινε,
1309 2617 1400 2666 καὶ
1457 2615 1548 2666 τὸν
1602 2617 1742 2667 κατᾶ

170 2711 352 2780 σάρκα
385 2710 634 2762 θάνατον.
666 2706 798 2762 Εἶτα
829 2709 988 2777 ἡμεῖς
1017 2707 1134 2759 οὑδὲ
1162 2708 1284 2768 ταῖς
1312 2707 1392 2768 είς
1423 2705 1612 2772 λόγους
1653 2706 1740 2756 εὑ-

168 2799 342 2860 νοίαις
375 2797 716 2868 ἀμειψόμεθα
761 2797 852 2850 τὸν
878 2795 1207 2866 εὑεργέτην;
1256 2794 1368 2848 ἀλλ’
1406 2795 1580 2864 ἡσυχῆ
1620 2788 1743 2846 καθ-

169 2889 572 2958 εδούμεθα,τῶν
594 2890 763 2951 οὑτως
782 2889 1024 2941 ἐκτόπων
1045 2886 1363 2957 δυσφημιῶν
1382 2885 1739 2956 ἀκροώμενοι,

168 2975 200 3048 ἢ
231 2981 374 3049 τάχα
405 2998 504 3032 που
527 2981 621 3032 καὶ
648 2979 992 3050 μεριζόμενοι
1013 2980 1107 3048 τῆς
1133 2980 1252 3032 κατ’
1277 2977 1436 3031 αὑτοῦ
1462 2979 1740 3046 γλωσσαλ-

173 3071 297 3136 γίας
319 3070 386 3122 τὰ
409 3069 760 3139 έγκλήματας
792 3068 856 3120 Τί
880 3067 1003 3136 φὴς,
1029 3061 1072 3119 ὦ
1093 3059 1278 3130 οὗτος
1305 3065 1644 3136 Προέκοπτεν
1666 3068 1743 3128 εἰς

169 3159 435 3229 ἀρχιερέα
490 3156 843 3228 καταϐραχὺς
896 3156 1004 3208 Καί
1068 3172 1149 3207 τοι
1195 3155 1498 3207 κεκένωκεν
1554 3155 1742 3207 ἑαυτὸν

169 3249 304 3311 Θεὸς
345 3248 418 3300 ὢν
447 3251 473 3301 ὀ
509 3247 676 3316 Λόγος
697 3265 711 3279 ·
741 3246 899 3300 ἔλαϐε
942 3240 1129 3298 δούλου
1164 3244 1376 3315 μορφὴν
1401 3246 1427 3296 0
1460 3243 1742 3313 ἐλεύθερος

169 3343 314 3392 κατὰ
343 3340 500 3408 φύσιν
519 3358 531 3370 ·
557 3339 953 3392 τεταπείνωκεν
980 3335 1168 3389 ἑαυτὸν
1203 3337 1230 3389 0
1257 3336 1455 3398 παντὸς
1488 3336 1744 3389 ἐπέκεινα

168 3431 460 3500 γεννητοῦ,
489 3431 583 3483 καὶ
615 3432 724 3492 τοῖς
747 3430 843 3498 τῆς
870 3429 1119 3498 θεότητος
1149 3428 1400 3497 ἐπαυχῶν
1433 3426 1740 3497 ὑψώμασιν.

170 3522 231 3573 El
267 3522 325 3574 δὲ
361 3519 648 3590 προέκοψε,
679 3519 818 3571 κατά
845 3519 963 3572 τίνα
987 3520 1282 3572 κεκένωται
1307 3518 1506 3587 τρόπον
1531 3535 1543 3580 ;
1567 3516 1598 3587 ἢ
1632 3518 1746 3578 πῶς

169 3612 368 3666 ἑαυτὸν
424 3613 661 3680 καθῆκεν
714 3612 791 3672 εἰς
852 3612 1207 3675 ταπείνωσινς
1263 3611 1437 3680 Τιμῆς
1489 3609 1596 3681 ἄρα
1652 3608 1746 3661 καὶ

167 3705 332 3773 δόξης
360 3702 508 3770 αὑτῴ
535 3706 945 3772 προμνήστριαν
975 3701 1231 3764 γενέσθαι
1264 3699 1398 3768 φαίη
1428 3717 1512 3761 τις
1548 3700 1611 3752 ἂν
1646 3700 1744 3768 τὴν

167 3795 438 3857 κένωσιν;
474 3787 606 3846 Εἶτα
637 3792 750 3854 πῶς
785 3792 864 3843 ἔτι
918 3788 1145 3852 κένωσις
1184 3790 1483 3861 πρόχρημά
1511 3800 1529 3824 τ
1565 3791 1746 3851 ὲστιν;

182 3883 372 3947 Ἀλλὰ,
421 3883 529 3947 ναὶ,
587 3882 774 3952 φησιν,
825 3883 872 3933 εἰ
925 3881 1087 3942 αὑτὸς
1141 3882 1168 3932 0
1225 3882 1289 3932 ἐκ
1342 3879 1475 3932 Θεοῦ
1535 3879 1747 3948 [ἰατρὸς

166 3976 348 4042 Λόγος
381 3975 601 4042 γέγονεν
650 3971 938 4043 ἀρχιερεὺς
962 4011 975 4033 ,
1025 3971 1107 4032 τίς
1152 3970 1261 4040 ἄρα
1311 3971 1458 4022 ἐστὶν
1489 3971 1514 4020 0
1546 3967 1748 4037 μείζων

167 4067 376 4129 αὑτοῦ,
422 4065 515 4117 καὶ
556 4064 655 4132 τῆς
715 4062 1020 4131 ἱερουργίας
1069 4059 1385 4130 λειτουργία
1450 4059 1748 4129 θεραπευό⁹

171 4174 366 4226 μενος;
425 4154 631 4207 Οὐκοῦν
683 4152 792 4222 ὲρῶ
845 4152 907 4220 δὴ
967 4167 1018 4202 τι
1070 4151 1260 4202 πάλιν⁹
1319 4151 1612 4202 Πίστευσον
1670 4151 1748 4201 ὅτι

169 4250 359 4301 καίτοι
407 4245 537 4307 Θεὸς
602 4244 744 4297 κατὰ
795 4241 955 4310 φύσιν
1002 4241 1291 4311 ὑπάρχων,
1337 4243 1428 4293 καὶ
1471 4241 1528 4291 ὲν
1569 4241 1750 4308 μορφῇ

165 4339 266 4392 τοῦ
327 4338 536 4405 Πατρὺς
581 4337 608 4387 0
661 4335 822 4397 Υἱὸς,
874 4335 970 4402 οὑχ
1036 4333 1326 4403 ἁρπαγμὸν
1384 4331 1629 4401 ἡγήσατο
1694 4329 1753 4379 τὸ

168 4424 318 4481 εἶναι
395 4429 482 4478 ἴσα
540 4425 702 4494 Θεῷ,
767 4424 880 4476 ἀλλ’
941 4423 1129 4476 ἑαυτὸν
1190 4421 1464 4484 έκένωσε,
1541 4419 1753 4489 μορφὴν

167 4515 366 4571 δούλου
416 4513 613 4568 λαϐὼν.
667 4511 729 4566 Εἰ
767 4511 823 4564 δὲ
857 4511 1077 4579 γέγονεν
1119 4512 1400 4581 ἄνθρωπος
1426 4551 1439 4574 ,
1493 4509 1650 4562 ἔλαϐε
1696 4506 1752 4559 δὲ

168 4609 271 4662 καὶ
306 4605 497 4660 δούλου
543 4604 777 4674 μορφὴν,
819 4604 935 4666 πῶς
965 4604 1231 4674 ἡγήσεται
1276 4601 1488 4671 μικρὸν,
1515 4601 1750 4660 καὶτοῖς

170 4703 278 4771 τῆς
327 4697 635 4766 οἰκονομίας
675 4696 852 4764 λόγοις
899 4697 1258 4765 ἀνάρμοστον,
1307 4693 1367 4746 τὸ
1414 4693 1751 4762 χρηματίσαι

172 4793 275 4846 καὶ
315 4788 609 4849 ἀπόστολος
642 4788 735 4838 καὶ
767 4787 1087 4855 άρχιερεὺς;
1124 4785 1229 4837 Καὶ
1270 4785 1297 4835 0
1330 4783 1426 4852 τῆς
1457 4781 1578 4833 καθ’
1610 4782 1755 4850 ἡμᾶς

171 4883 276 4936 ἀνθ
289 4880 601 4952 ρωπότητος
620 4877 680 4930 τὸ
717 4877 909 4948 μέτρον
940 4879 1037 4928 οὑκ
1068 4876 1359 4946 ἀτιμάσας,
1383 4875 1499 4937 πῶς
1525 4875 1590 4926 ἂν
1623 4870 1756 4925 άπὸ-

170 4973 361 5040 ϐλητα
394 4970 614 5037 ποιήσαι
657 4977 678 5003 ³
720 4966 787 5019 τά
829 4963 1174 5034 ἀνθρώπινα;
1227 4965 1335 5017 Καὶ
1381 4961 1447 5033 ἦν
1496 4963 1592 5032 μὲν
1627 4963 1755 5022 ἴσως

169 5063 419 5136 χαλεπὸν
450 5058 603 5113 οὑδὲν
656 5059 749 5112 καὶ
793 5057 880 5109 διὰ
927 5056 1186 5108 πλειόνων
1233 5056 1309 5108 ἔτι
1343 5054 1516 5122 λόγων
1558 5053 1752 5114 ἐλθεῖν,

169 5161 271 5211 καὶ
313 5153 658 5226 μακροτέραν
691 5153 769 5213 εις
801 5149 957 5201 τοῦτο
988 5150 1300 5201 κατατεῖναι
1329 5147 1425 5216 τὴν
1459 5147 1750 5216 ἀφήγησιν.

168 5248 386 5308 Μεθεὶς
432 5247 487 5299 δὲ
517 5243 674 5297 τοῦτο
710 5241 844 5312 πρὸς
878 5239 937 5292 τὸ
988 5239 1180 5309 παρὸν,
1230 5240 1353 5300 τοὺς
1399 5237 1526 5307 παρ’
1574 5237 1753 5288 αὑτῶν

169 5339 478 5409 γεγονότας
531 5333 776 5403 παροίσω
833 5331 1042 5398 λόγους.
1099 5330 1406 5399 Γεγράφασι
1455 5329 1562 5398 γάρ
1616 5328 1745 5379 ὡδί·

1324 5510 1365 5537 "
1401 5512 1496 5566 lsa.
1530 5510 1616 5572 6|,
1658 5509 1704 5570 l;

249 5519 299 5550 ’⁷
337 5517 498 5573 Hebr.
539 5533 576 5581 ι,
615 5519 700 5570 14.
777 5517 820 5547 ’⁸
851 5517 1004 5571 Prov.
1039 5528 1148 5572 vm,
1181 5511 1232 5562 9.

1771 5506 1896 5559 Luc.
1932 5519 2003 5571 tv,
2037 5507 2117 5558 19.

1839 619 1922 663 est
1955 609 2123 664 Filius
2149 610 2402 675 hominis,
2435 621 2487 664 et
2518 612 2769 666 similiter
2796 621 2850 665 ιιι
2879 627 2975 667 nos
3002 613 3274 683 particeps
3303 614 3402 667 fuit

1839 701 2116 770 sanguinis
2147 710 2197 754 et
2245 704 2427 754 carnis
2450 702 2517 754 ⁸⁷.
2571 703 2659 756 Sic
2695 703 3035 767 habentibus,
3072 712 3125 759 et
3171 715 3279 758 tam
3312 720 3401 758 rea

1841 792 2170 856 neraudam,
2226 792 2674 862 verissitnamque
2725 794 2881 848 (idem
2928 795 3402 865 amplexantibus,

1839 883 2018 934 oninia
2053 882 2306 952 deinceps
2339 885 2670 952 apparebunt
2705 888 2885 954 pervia
2933 896 2988 942 et
3018 885 3197 957 plana,
3231 897 3285 942 et
3321 889 3402 941 ni-

1840 971 1912 1024 hil
1947 986 2166 1038 prorsus
2210 988 2458 1041 asperum
2484 982 2537 1027 et
2567 976 2812 1028 arduum.
2843 975 3113 1044 Scriptum
3142 987 3222 1032 est
3257 978 3401 1032 enim

1839 1062 1978 1129 quod
2011 1064 2188 1118 omnia
2218 1066 2496 1134 perspicua
2537 1075 2660 1118 sunt
2697 1066 3141 1136 intelligentibus,
3179 1077 3233 1121 et
3257 1076 3403 1132 recta

1841 1151 2238 1209 invenientibus
2303 1157 2582 1211 scientiam
2613 1159 2676 1210 ³⁸.
2733 1158 2936 1227 Opinor
2984 1168 3163 1212 autem
3227 1175 3406 1228 operte

1841 1245 2068 1312 pretium
2131 1245 2266 1310 fore,
2314 1248 2356 1302 si
2403 1264 2545 1303 nunc
2577 1264 2789 1318 quoque
2821 1264 3037 1303 causam
3075 1265 3408 1318 exponamus

1840 1346 2056 1404 propter
2082 1352 2237 1404 quam
2270 1338 2440 1392 factus
2471 1350 2551 1392 est
2584 1341 3096 1396 anathematismus.
3125 1340 3406 1396 Nestorius

1841 1424 2008 1486 enim,
2041 1426 2130 1493 qui
2171 1427 2350 1478 omnia
2391 1427 2744 1495 perturbavit,
2778 1437 2830 1482 et
2869 1429 3050 1482 omnia
3087 1445 3285 1498 susque
3315 1431 3410 1484 de-

1840 1530 1945 1582 quc
1994 1515 2253 1581 confudit,
2310 1518 2413 1571 tale
2457 1517 2708 1586 quiddam
2750 1519 2816 1573 de
2868 1522 3108 1573 omnium
3160 1530 3406 1574 nostrum

1843 1600 2121 1657 Salvatore
2165 1605 2379 1660 Christo
2423 1606 2678 1660 dicebat:
2723 1607 2941 1678 (Missus
2971 1619 3051 1664 est
3098 1609 3162 1663 ad
3218 1610 3409 1678 pracdi-

1842 1691 2070 1745 randum
2123 1693 2352 1762 captivis
2409 1696 2885 1764 remissionem",
2940 1699 3026 1753 hic
3080 1700 3249 1754 ﬁdelis
3303 1700 3410 1755 Deo

1844 1780 2013 1838 factus
2041 1784 2300 1852 pontifex.
2330 1786 2526 1842 Factus
2560 1796 2642 1841 est
2692 1789 2836 1843 enim
2868 1789 2973 1856 hic,
3018 1805 3122 1844 non
3152 1798 3412 1860 perpetuo

1771 1881 1811 1934 Β
1842 1884 1958 1927 crat
1992 1893 2005 1927 :
2035 1877 2121 1930 hic
2145 1878 2401 1944 paulatim
2442 1879 2506 1932 ad
2538 1880 2810 1948 pontificis
2857 1881 3181 1950 dignitatem
3215 1897 3407 1951 prove-

1842 1977 1980 2030 ctus,
2013 1969 2309 2039 baeretice.)
2359 1970 2630 2039 Multaque
2673 1970 2774 2023 alia
2825 1972 2908 2026 bis
2948 1973 3282 2026 consimilem
3326 1988 3410 2041 pa-

1843 2060 2033 2113 rientia
2096 2061 2423 2130 impietatem
2480 2062 2740 2132 adjungit.
2795 2063 2927 2130 Quis
2976 2065 3160 2134 igitur,
3212 2065 3413 2120 auditis

1845 2158 1950 2201 tam
2002 2148 2156 2206 ftedis
2203 2152 2563 2214 sermonibus,
2624 2153 2786 2221 188
2829 2169 2932 2207 non
2994 2153 3175 2206 mallet
3229 2153 3412 2207 omnia

1845 2239 1974 2306 pati,
2022 2255 2181 2308 quam
2241 2241 2507 2295 silentium
2545 2239 2656 2297 Deo
2698 2259 2921 2298 exosum
2970 2244 3230 2314 diligere?
3272 2243 3412 2297 Mor-

1845 2339 1965 2379 tuus
1998 2335 2078 2381 est
2109 2343 2206 2397 pro
2241 2330 2394 2384 nobis
2438 2332 2707 2394 Christus,
2744 2332 3115 2387 confusionem
3168 2345 3412 2388 contem-

1845 2418 1949 2486 psit
1969 2419 2032 2482 ³ο,
2055 2435 2269 2473 crucem
2293 2431 2346 2472 et
2367 2431 2596 2475 mortem
2629 2422 2749 2475 tulit
2773 2425 3068 2478 secundum
3093 2441 3334 2491 carnem,
3358 2437 3413 2481 et

1845 2523 1942 2562 nos
1978 2508 2304 2562 benefactori
2337 2520 2519 2564 nostro
2548 2525 2612 2565 nc
2643 2513 2908 2566 sermonis
2937 2512 3150 2581 quidem
3178 2513 3411 2570 ofﬁcium

1845 2608 1997 2667 grato
2050 2605 2228 2652 animo
2290 2602 2663 2668 rcpendemns,
2720 2602 2812 2655 sed
2866 2601 3034 2671 quieti
3083 2605 3416 2671 sedebimns,

1848 2697 1953 2740 tam
1996 2689 2258 2743 absurdas
2303 2692 2584 2744 audientes
2635 2691 3019 2760 blasphemias,
3052 2694 3132 2747 vel
3164 2691 3414 2750 fortassis

1847 2779 2010 2832 etiam
2045 2780 2289 2832 criminis
2322 2781 2556 2835 incitata:
2589 2782 2849 2836 adversus
2893 2797 3014 2836 eum
3059 2783 3254 2853 lingua:
3294 2801 3418 2855 par-

1851 2869 2040 2935 ticipes
2076 2869 2317 2921 erimus?
2364 2867 2506 2922 lleus
2565 2880 2644 2934 tu,
2693 2871 2822 2939 quid
2865 2868 3035 2926 dicis?
3077 2871 3312 2927 Profecit
3361 2874 3416 2927 in

1846 2972 2114 3011 Summum
2168 2959 2500 3014 sacerdotem
2555 2959 2854 3028 paulatim?
2903 2963 3064 3030 Atqui
3117 2962 3418 3016 exinanivit

1845 3051 2079 3119 seipsum
2116 3050 2372 3114 Verbum,
2422 3067 2539 3104 cum
2593 3051 2734 3106 Deus
2770 3053 3021 3108 esset":
3075 3065 3124 3106 et
3157 3056 3249 3124 qui
3300 3060 3421 3110 erat

1849 3141 1981 3195 liber
2016 3142 2310 3196 secundum
2345 3153 2587 3197 naturam
2621 3145 2833 3214 accepit
2875 3146 3016 3199 servi
3063 3144 3288 3199 formam
3318 3160 3330 3199 :
3365 3153 3420 3200 et

1849 3235 1939 3303 qui
1976 3235 2113 3288 ultra
2144 3249 2356 3288 omnem
2388 3241 2692 3290 creatdram
2725 3245 2828 3302 est,
2861 3247 2916 3292 et
2953 3236 3254 3292 divinitatis
3283 3239 3419 3293 emi-

1848 3336 1938 3378 net
1975 3325 2164 3394 gloria,
2204 3323 2508 3380 bumiliavit
2554 3326 2814 3396 seipsum.
2859 3325 2914 3380 Si
2947 3335 3124 3382 autem
3160 3327 3415 3397 profecit,

1846 3431 2078 3485 quonam
2112 3419 2267 3471 modo
2296 3419 2604 3473 exinanitus
2639 3427 2744 3483 est,
2778 3418 2859 3472 vel
2903 3433 3007 3488 quo
3048 3429 3206 3489 pacto
3237 3435 3294 3474 se
3323 3420 3421 3474 de-

1849 3510 1994 3560 misit
2029 3510 2092 3561 ad
2135 3509 2600 3564 lnnniliationem?
2647 3509 2881 3565 Honoris
2933 3510 3095 3578 igitur
3138 3521 3192 3566 et
3235 3511 3420 3583 gloria!

1848 3601 1946 3668 ipsi
1974 3601 2396 3654 cont-iliatricem
2426 3601 2590 3656 fuisse
2617 3604 2813 3657 dixerit
2837 3603 3032 3673 aliquis
3059 3606 3200 3658 hanc
3226 3605 3420 3660 exina-

1851 3693 2146 3746 IIlllOliClll?
2178 3692 2374 3747 Deinde
2415 3707 2570 3763 quem
2607 3693 2781 3750 locum
2826 3695 3046 3753 habebit
3081 3696 3420 3751 exinanitio?

1849 3784 1918 3835 At
1957 3784 2122 3848 enim,
2167 3784 2361 3852 inquit,
2410 3785 2453 3838 si
2492 3785 2667 3854 ipsum
2717 3785 2808 3840 Dei
2861 3785 3037 3840 Patris
3069 3782 3301 3841 Verbum
3339 3785 3422 3838 fa-

1854 3883 1997 3927 ctum
2026 3883 2107 3926 est
2141 3873 2406 3940 pontifex,
2442 3875 2584 3943 quis,
2619 3891 2736 3939 oro,
2773 3877 2943 3943 major
2974 3886 3056 3931 est
3087 3876 3196 3938 illo,
3245 3885 3301 3930 et
3335 3877 3422 3930 cui

1850 3963 2169 4018 sacerdotali
2235 3964 2537 4020 ministerio
2606 3967 2820 4020 servit?
2879 3967 3047 4036 Igitur
3102 3967 3278 4022 dicam
3323 3968 3424 4022 ite-

1853 4071 1968 4108 rnm
2027 4073 2038 4107 :
2095 4053 2264 4109 Crede
2333 4057 2513 4123 quod,
2587 4058 2835 4126 quamvis
2912 4057 3053 4112 Deus
3126 4059 3422 4113 secundum

1853 4156 2097 4200 naturain
2176 4157 2320 4202 esset
2415 4158 2468 4202 et
2555 4147 2604 4201 in
2704 4149 2876 4202 forma
2953 4144 3132 4202 Patris
3211 4147 3422 4213 Filius,

1856 4252 1956 4289 non
1993 4239 2235 4305 rapinam
2281 4239 2576 4292 arbitratus
2602 4248 2685 4293 est
2728 4254 2846 4293 esse
2877 4254 2934 4292 se
2968 4239 3227 4306 aequalem
3273 4239 3422 4302 Deo;

1855 4329 1946 4380 sed
1977 4333 2211 4397 seipsum
2262 4330 2581 4393 exinanivit,
2624 4329 2851 4382 formam
2904 4329 3042 4383 servi
3108 4343 3418 4382 assumens.

1857 4419 1911 4470 Si
1939 4429 2113 4471 autem
2151 4417 2323 4472 factus
2343 4427 2426 4472 est
2461 4418 2638 4482 homo,
2679 4419 2969 4486 assumpsit
3001 4427 3182 4471 autem
3209 4417 3423 4471 etservi

1786 4533 1829 4586 ι)
1862 4508 2086 4560 fortnam
2114 4523 2128 4569 ;
2169 4505 2437 4574 quomodo
2469 4509 2712 4561 censebit
2745 4521 2992 4574 parvum,
3044 4516 3097 4562 et
3146 4508 3426 4576 dispensa-

1860 4596 2022 4649 tionis
2088 4596 2381 4649 rationibus
2433 4595 2832 4662 incongruum,
2892 4596 3151 4664 appellari
3205 4605 3258 4650 et
3304 4611 3429 4650 esse

1863 4686 2159 4754 apostolum
2191 4694 2243 4738 et
2270 4685 2576 4754 pontiﬁcem
2602 4686 2623 4737 ?
2650 4697 2704 4739 et
2735 4686 2826 4754 qui
2870 4700 3177 4739 mensuram
3229 4686 3424 4739 huma-

1867 4778 2050 4830 nitatis
2082 4785 2278 4829 nostrai
2303 4791 2407 4828 non
2449 4776 2769 4841 dedignatus
2798 4786 2902 4839 est,
2947 4779 3215 4842 quomodo
3251 4790 3418 4844 repu-

1865 4868 2059 4920 dianda
2117 4868 2341 4920 duceret
2385 4867 2664 4920 humana?
2725 4862 2973 4921 Forsitan
3019 4867 3156 4920 haud
3212 4865 3426 4920 diﬂicile

1865 4959 2003 5014 foret
2039 4960 2088 5012 id
2115 4958 2356 5026 pluribus
2391 4969 2631 5012 tractare
2661 4957 3026 5020 sermonibus,
3085 4966 3137 5010 et
3165 4956 3427 5024 prolixio-

1865 5066 1973 5104 rem
2001 5051 2065 5103 ad
2086 5050 2185 5104 hoc
2215 5049 2580 5101 narrationem
2601 5049 2934 5116 protrahere.
2957 5047 3081 5113 Sed,
3104 5048 3187 5101 bis
3207 5048 3271 5100 ad
3302 5063 3431 5114 prae-

1863 5157 1987 5193 sens
2014 5139 2416 5209 przetermissis,
2453 5139 2690 5206 ipsorum
2717 5137 2936 5192 aﬂeram
2957 5153 3256 5193 sermones.
3287 5139 3428 5192 Scri-

1865 5240 2086 5300 pserunt
2113 5231 2256 5284 enim
2291 5229 2368 5282 sic
2403 5244 2415 5279 :
2451 5227 2652 5281 Verum
2682 5245 2747 5282 ne
2782 5230 3027 5283 turbetur
3057 5240 3232 5282 vestra
3265 5244 3416 5284 mens

1865 5325 2083 5376 audiens
2111 5321 2178 5375 de
2218 5335 2301 5383 eo,
2341 5322 2440 5389 qui
2475 5335 2669 5389 passus
2716 5329 2799 5374 est
2835 5341 2844 5374 :
2889 5341 2906 5372 ‹
2943 5321 3007 5374 Ει
3053 5323 3268 5391 quidem
3305 5336 3424 5375 Clltlt

2191 5506 2233 5533 ³ο
2261 5505 2419 5560 Hebr.
2455 5519 2550 5563 xu,
2582 5503 2632 5556 ‘2.

2711 5503 2748 5534 δι
2783 5502 3012 5571 Philipp.
3055 5520 3110 5567 ιι,
3146 5503 3196 5556 7.

1279 5668 1443 5720 Varia'
1485 5667 1736 5720 lectiones
1765 5680 1827 5717 ex
1860 5663 2042 5715 codice
2071 5662 2436 5729 Seguiet‘iuno.

257 5822 287 5862 Ρ
325 5811 760 5881 διατεθειμένοις.
838 5825 862 5862 ιι
901 5814 990 5865 καὶ
1024 5814 1204 5881 ἕτερα.
1286 5821 1304 5846 τ
1337 5811 1394 5862 τὸ
1420 5809 1625 5880 χρῆμα.

1706 5819 1724 5845 ³
1766 5807 2066 5879 ποιήσαιτε.
