4062 6340
665 363 772 423 865

1619 363 1680 418 S.
1721 362 1998 420 CYRILLI
2037 366 2508 428 ALEXANDRINI
2544 370 2860 426 ARCHIEP.

3800 375 3897 429 εει

669 486 874 540 factum
923 497 1044 540 esse
1094 484 1270 540 nullus
1327 500 1434 542 non
1484 485 1865 553 conﬁtebitur;
1919 504 2021 543 non
2061 500 2225 547 tamet

2343 497 2700 567 γεγεννῆσθαι
2729 495 2818 550 τὸν
2849 494 3052 566 Κύριον
3084 496 3238 566 ἡμῶν
3277 496 3479 570 Ἰησοῦν
3503 499 3735 573 Χριστὸν
3760 503 3893 554 κατὰ

668 585 977 642 separatum
1020 577 1246 631 seorsim
1282 575 1552 631 hominem
1591 591 1655 632 ex
1696 579 1917 634 muliere
1943 596 1972 633 a
2005 580 2096 635 Dei
2132 582 2234 637 Pa-

672 667 766 718 tris
794 663 994 729 Verbo,
1025 665 1098 718 ita
1123 673 1180 718 ut
1202 665 1343 733 quod
1370 680 1436 719 ex
1466 667 1674 720 semine
1707 665 1872 720 David
1904 669 2116 723 unitum
2152 681 2236 725 est

669 752 974 817 inconfuse,
1012 751 1356 806 iiieﬂabiliter
1386 761 1440 806 et
1498 753 1932 822 inseparabiliter
1957 756 2132 812 Verbo
2169 772 2234 811 ex

667 843 830 896 Patre
859 843 1059 911 genito,
1093 843 1162 896 sit
1203 842 1441 913 pontifex
1493 852 1731 898 tentatus
1769 860 1863 913 per
1895 849 2074 901 omnia
2108 849 2234 903 abs-

666 948 770 1002 que
804 944 1023 1002 peecato
1049 933 1113 999 ",
1155 942 1210 988 et
1253 933 1474 988 edoctus
1522 949 1587 988 ex
1625 934 1728 998 liis,
1763 950 1878 1002 qua:
1914 953 2102 1004 passus
2135 947 2232 1002 est,

664 1025 1056 1091 obedientiam;
1108 1027 1200 1094 qui
1239 1024 1500 1080 obtulerit
1539 1024 1648 1080 Deo
1700 1038 1753 1080 et
1787 1025 1929 1081 Patri
1987 1045 2089 1082 non
2140 1045 2236 1099 pro

667 1118 868 1187 seipse,
899 1118 992 1173 sed
1025 1132 1121 1188 pro
1156 1117 1287 1173 solis
1311 1117 1467 1172 nobis
1493 1132 1643 1172 suam
1677 1133 1917 1174 carnem.
1945 1119 2060 1172 Non
2092 1121 2234 1173 enim

666 1208 911 1274 imperite
963 1207 1202 1261 dicemus
1263 1204 1430 1260 Deum
1485 1204 1720 1261 Verbum
1774 1208 2120 1277 pontiﬁcem,
2182 1217 2236 1262 et

665 1296 924 1350 obtulisse
956 1297 1191 1366 seipsum
1212 1295 1318 1352 Deo
1345 1307 1399 1351 et
1429 1297 1574 1352 Patri
1601 1316 1614 1352 :
1645 1313 1768 1352 nam
1806 1298 2076 1368 Unigeniti
2118 1301 2228 1356 dei-

667 1387 794 1442 tatis
830 1388 942 1458 ipse
969 1385 1132 1442 Pater
1166 1402 1272 1442 non
1302 1397 1385 1443 est
1423 1386 1589 1454 Deus,
1614 1389 1707 1444 sed
1738 1387 1920 1445 Pater.

1210 1676 1395 1747 Cyrilti
1423 1677 1683 1746 defensio.

733 1787 933 1843 lterum
963 1786 1291 1842 adversariis
1316 1797 1617 1857 opportune
1654 1787 1894 1843 dicemus
1923 1802 1936 1840 :
1969 1805 1987 1838 ι
2023 1788 2228 1857 Usque-

662 1889 771 1942 quo
823 1875 1141 1930 claudicatis
1203 1855 1464 1931 ambobus
1514 1876 1805 1946 poplitibus
1866 1877 2063 1931 vestris
2087 1855 2222 1928 '5?»
2261 1855 2304 1914 Β

658 1963 887 2033 Oportet
934 1967 1075 2019 enim
1123 1979 1217 2019 vos
1262 1963 1465 2018 habere
1513 1980 1696 2019 sanam
1745 1974 1800 2019 et
1854 1966 2117 2035 integram
2166 1967 2230 2019 ad

662 2058 1035 2125 cognoscenda
1069 2066 1214 2110 recte
1251 2055 1371 2110 ﬁdei
1418 2057 1667 2127 dogmata
1713 2068 1970 2123 mentem,
2003 2073 2110 2112 non
2136 2060 2230 2112 du-

660 2148 906 2217 plicitate
938 2149 1104 2202 animi
1149 2148 1566 2215 claudicantem,
1607 2158 1662 2204 et
1703 2150 1856 2202 valde
1887 2149 2227 2216 imbecillem,

658 2248 716 2292 et
769 2249 914 2294 recte
967 2238 1216 2294 incedere
1263 2253 1368 2293 non
1432 2239 1696 2294 valentem
1745 2257 1758 2293 :
1799 2258 1816 2290 ι
1847 2239 1979 2292 Nam
2035 2241 2227 2309 duplex

660 2329 840 2385 animo
878 2330 1192 2383 inconstans
1234 2340 1318 2382 est
1348 2329 1401 2382 in
1441 2331 1696 2384 omnibus
1739 2331 1839 2384 viis
1870 2332 2004 2395 suis,
2042 2341 2096 2385 et
2125 2349 2226 2385 non

659 2420 892 2490 aceip'iet
943 2418 1146 2486 aliquid
1191 2434 1219 2471 a
1275 2419 1500 2472 Domino
1529 2419 1596 2471 ".
1631 2437 1647 2469 ι
1700 2418 1866 2486 quue
1911 2421 2030 2474 dico
2075 2421 2228 2474 valde

661 2507 955 2571 admirans,
1005 2506 1345 2560 adversarios
1375 2514 1480 2559 tam
1534 2506 1875 2574 impudenter
1917 2522 1980 2560 ac
2030 2518 2227 2564 temere

659 2598 990 2667 propositum
1036 2597 1330 2651 etiamnum
1389 2596 1920 2650 anatliematismum
1976 2599 2228 2666 perstrin-

659 2702 786 2757 gere
813 2686 966 2744 velle.
1007 2685 1118 2741 Nec
1161 2688 1472 2751 absurdum,
1511 2687 1652 2755 quod
1693 2687 1880 2741 nolunt
1917 2685 2013 2740 Dei
2052 2686 2228 2741 Patris

660 2778 894 2832 Verbum
928 2794 957 2831 a
995 2779 1148 2833 nobis
1173 2777 1442 2832 nominari
1477 2777 1634 2847 187
1676 2778 1976 2846 apostolum
2008 2787 2060 2831 et
2094 2793 2226 2847 pon-

659 2869 856 2924 tificem
911 2869 1270 2924 confessionis
1329 2878 1564 2932 nostrae,
1620 2870 1835 2938 quando
1886 2868 2086 2924 factum
2144 2878 2226 2923 cst

654 2963 843 3015 homo.
887 2959 1021 3014 Nam
1051 2960 1141 3030 qui
1172 2974 1395 3030 prorsus
1427 2968 1698 3014 attentant
1743 2961 2077 3015 nativitatem
2109 2961 2225 3029 ejus

655 3051 957 3105 secundum
998 3065 1216 3104 carnem
1250 3049 1590 3112 calumniari,
1619 3059 1673 3103 et
1703 3051 1860 3119 quasi
1895 3066 2000 3104 non
2041 3066 2223 3106 veram

659 3141 885 3209 rejicere
934 3142 1156 3208 audent,
1206 3155 1303 3195 nec
1356 3140 1592 3194 ferentes
1644 3150 1885 3195 sanctam
1951 3140 2220 3210 Virginem

659 3232 761 3288 dici
803 3231 895 3286 Dei
942 3233 1280 3302 genitricem,
1311 3233 1577 3301 quomodo
1612 3247 1723 3286 non
1763 3243 1814 3286 et
1860 3232 2223 3301 dispensatio-

656 3323 745 3376 nis
799 3322 984 3375 modos
1034 3320 1318 3388 rejicient?
1383 3321 1615 3375 Audiant
1696 3322 1860 3390 igitur
1927 3323 2029 3376 hoc
2083 3325 2225 3390 quod

659 3411 826 3468 Isaias
856 3412 991 3473 dixit
1017 3428 1033 3464 :
1066 3429 1084 3462 ι
1116 3411 1228 3465 Nisi
1251 3411 1614 3474 credideritis,
1647 3427 1751 3465 non
1782 3413 2168 3483 intelligetis".
2199 3433 2216 3465 ι

659 3502 870 3557 Etenim
899 3502 1109 3556 divinus
1146 3501 1470 3571 evangelista
1511 3499 1743 3555 Joannes
1778 3518 2033 3570 magnum
2073 3505 2225 3572 quid-

657 3594 781 3647 dam
817 3603 871 3646 et
913 3592 1185 3646 insolitum
1224 3592 1531 3646 hominibus
1575 3592 1827 3659 intonuit,
1875 3595 2060 3649 dicens
2094 3596 2224 3649 Ver-

660 3677 789 3730 bum
843 3691 1060 3729 carnem
1112 3690 1231 3730 esse
1275 3674 1474 3730 factum
1501 3675 1567 3728 ’³.
1608 3677 1706 3741 Qui
1751 3689 1928 3733 autem
1973 3680 2221 3734 virtutem

656 3766 899 3822 veritatis
931 3767 1281 3833 sulfurantur,
1317 3769 1388 3821 ita
1417 3782 1635 3822 carnem
1664 3768 1840 3838 ipsum
1872 3769 2070 3824 factum
2103 3786 2222 3825 esse

657 3858 860 3921 dicunt,
892 3857 1032 3911 sicut
1078 3866 1133 3911 et
1180 3857 1522 3911 maledictum
1547 3859 1614 3923 ν’,
1646 3869 1698 3913 et
1731 3871 2009 3928 peccatum
2033 3862 2077 3892 ²⁸
2103 3875 2222 3916 esse

657 3947 853 4002 factum
901 3947 1234 4017 intelligitur.
1283 3948 1348 4001 Et
1383 3949 1446 4002 de
1497 3950 1576 4002 liis
1629 3949 1742 4019 jam
1785 3961 1909 4005 ante
1961 3953 2219 4018 diximus,

656 4054 751 4107 per
777 4053 893 4106 quae
919 4054 1014 4107 par
1037 4047 1154 4092 erat
1182 4038 1443 4107 ejusmodi
1479 4055 1758 4096 sermones
1791 4041 1951 4095 falsos
1977 4052 2030 4096 et
2060 4059 2221 4097 vanos

655 4129 960 4182 ostendere.
992 4127 1095 4182 Sed
1135 4130 1389 4182 adversus
1430 4129 1850 4194 calumniatores
1898 4132 1960 4184 ad
1988 4147 2220 4200 praesens

656 4216 783 4270 illud
809 4217 1038 4270 dicimus
1068 4235 1081 4268 :
1116 4215 1316 4269 Discite
1344 4216 1550 4280 audire,
1591 4217 1917 4284 angustiati,
1959 4218 2217 4285 suscipite

655 4307 1060 4361 fundamentum
1119 4307 1440 4358 Sacramenti
1516 4309 1812 4359 secundum
1903 4306 2215 4369 Christum,

653 4398 824 4467 prima
857 4397 1269 4465 dispensationis
1303 4397 1545 4460 exordia,
1593 4405 1646 4451 et
1677 4398 1874 4466 ipsum,
1930 4408 1988 4451 ut
2030 4399 2100 4451 ita
2137 4398 2217 4452 di-

654 4502 796 4550 eam,
841 4490 1142 4556 ingressum
1180 4506 1194 4541 :
1239 4489 1441 4542 credite
1493 4489 1770 4542 nobiscum
1808 4529 1823 4554 ,

657 4575 984 4644 Seripturis;
1025 4576 1170 4639 date,
1197 4576 1320 4629 date
1364 4577 1607 4628 veritatis
1634 4576 1925 4642 calculum,
1957 4577 2217 4630 confiten-

656 4679 738 4721 tes
772 4667 914 4736 quod
959 4667 1073 4735 ipse
1119 4666 1438 4734 Unigenitus
1480 4667 1571 4720 Dei
1623 4667 1880 4729 Verbum,
1917 4669 2008 4735 qui
2047 4677 2128 4720 est
2163 4668 2214 4719 in

655 4758 776 4813 sinu
820 4757 1018 4821 Patris,
1055 4773 1148 4827 per
1181 4774 1339 4827 quem
1383 4760 1582 4822 omnia,
1618 4768 1668 4812 et
1707 4760 1758 4812 in
1801 4774 1908 4826 quo
1945 4759 2212 4823 omnia",

654 4847 828 4902 factus
852 4847 922 4901 sit
951 4862 1097 4909 caro,
1135 4861 1237 4899 non
1269 4861 1461 4914 passus
1489 4849 1928 4912 conversionem,
1958 4849 2039 4902 vel
2071 4862 2215 4901 com-

655 4939 991 5003 mistionem,
1036 4939 1128 4991 sed
1176 4951 1388 5006 semper
1435 4939 1702 4994 exsislens
1756 4940 1857 4993 hoc
1917 4940 2211 4994 secundum

655 5038 933 5090 naturam,
962 5030 1105 5097 quod
1141 5040 1279 5092 erat,
1329 5039 1384 5081 et
1414 5039 1517 5095 est,
1548 5039 1600 5084 et
1630 5032 1755 5084 erit.
1794 5031 1992 5085 Factus
2035 5041 2213 5086 autem

653 5130 736 5173 est
777 5135 937 5185 caro,
989 5121 1325 5176 nativitatem
1376 5123 1552 5176 ferens
1605 5137 1672 5178 ex
1731 5133 1917 5178 sancta
1963 5124 2216 5192 Virgine,

726 5270 768 5302 ¹⁹
800 5270 960 5324 Hebr.
989 5288 1059 5336 tv,
1087 5271 1170 5324 15.

654 5340 698 5370 ’⁸
731 5339 770 5393 ll
801 5339 925 5393 Cor.
954 5357 980 5390 v
1038 5341 1127 5394 Ἡ.
1216 5342 1261 5371 ¹⁶
1291 5341 1305 5394 1
1332 5342 1456 5395 Cor.
1492 5355 1605 5406 vm,
1637 5341 1690 5394 6.

1271 5272 1315 5301 ὀ
1343 5270 1405 5323 lll
1443 5271 1572 5338 Reg.
1611 5287 1765 5336 xvnt,
1809 5272 1897 5326 2|.
1969 5273 2009 5303 ¹¹
2041 5271 2158 5326 Jac.
2195 5288 2225 5337 I,

2403 5274 2447 5303 ²²
2479 5271 2578 5326 lsa.
2618 5287 2716 5335 vn,
2751 5271 2802 5325 9.
2881 5271 2926 5302 “
2954 5269 3107 5324 Joan.
3143 5287 3178 5334 ι,
3217 5268 3304 5322 14.

2338 589 2434 650 τὰς
2477 587 2626 651 θείας
2661 587 2882 658 Γραφάς
2912 587 3089 650 οὐδεὶς
3120 588 3199 642 -ἂν
3245 590 3342 659 οὐχ
3385 591 3798 662 ὁμολογήσειεν
3836 595 3892 646 ού

2339 679 2742 750 κεχωρισμένον
2790 679 2972 750 μέντοι
3025 679 3203 742 ίδικῶς
3236 680 3517 750 ἄνθρωπον
3544 685 3609 735 ὲκ
3645 685 3894 750 γυναικὸς

2337 769 2430 821 τοῦ
2465 767 2598 822 Θεοῦ
2629 769 2839 840 Πατρὸς
2869 769 3062 838 Λόγου,
3112 771 3186 833 ὡς
3233 766 3371 825 εἶναι
3409 772 3468 825 τὸ
3495 776 3558 826 ὲκ
3589 776 3895 845 σπέρματος

2337 860 2499 914 Δαυῒδ
2540 861 2818 931 ἡνωμένον
2845 862 3185 932 ἀσυγχύτως,
3231 865 3543 934 ἀφράστως,
3574 866 3670 919 καὶ
3700 869 3894 938 ἀχωρί-

2340 969 2477 1015 στως
2522 951 2600 1022 τῷ
2633 955 2698 1005 ἐκ
2729 953 2940 1024 Πάτρὸς
2972 952 3162 1023 Λόγῳ,
3201 955 3458 1024 ἀρχιερέα
3498 955 3893 1024 πεπειραμένον

2337 1041 2477 1093 κατὰ
2521 1041 2699 1094 πάντα
2744 1044 2912 1113 χωρὶς
2952 1043 3227 1112 ἁμαρτίας
3255 1083 3269 1106 ,
3299 1045 3393 1096 καὶ
3426 1043 3664 1114 μαθόντα
3693 1045 3788 1111 ἀφ’
3827 1037 3896 1098 ὧν

2338 1131 2504 1183 ἔπαθε
2537 1134 2637 1202 τὴν
2665 1133 2932 1202 ὑπακοὴν,
2961 1136 3441 1204 προσκεκομικότα
3470 1136 3525 1188 δὲ
3557 1135 3632 1204 τῷ
3663 1135 3783 1204 Θεῷ
3809 1135 3899 1187 καὶ

2338 1223 2512 1294 Πατρί
2538 1223 2634 1291 οὐχ
2667 1222 2808 1293 ὑπὲρ
2844 1224 3074 1289 ἑαυτοῦ,
3111 1225 3226 1276 ἀλλ’
3255 1224 3392 1295 ὑπὲρ
3423 1223 3574 1295 ἡμῶν
3607 1227 3782 1296 μόνων
3805 1225 3896 1293 τὴν

2338 1313 2515 1366 ίδίανί
2556 1314 2750 1384 σάρκα.
2804 1316 2880 1366 υὺ
2925 1315 3033 1385 γὰρ
3079 1316 3306 1386 ἀμαθῶς
3359 1319 3602 1388 φήσομεν
3638 1318 3731 1372 τὸν
3771 1317 3898 1370 Θεὸν

2332 1405 2506 1471 Λόγον
2557 1404 2816 1474 ἀρχιερέα
2843 1445 2858 1471 ,
2907 1406 3004 1459 καί⁸
3049 1409 3542 1478 προσκεκομικέναι
3586 1409 3777 1462 ἑαυτὸν
3824 1409 3898 1476 τῷ

2335 1495 2452 1564 Θεῷ
2475 1495 2567 1549 καί
2597 1497 2770 1567 Πατρί
2791 1511 2802 1523 ·
2826 1498 2886 1550 οὐ
2908 1496 3016 1567 γὰρ
3044 1499 3141 1568 τῆς
3165 1498 3257 1551 τοῦ
3289 1499 3623 1568 Μονογενοῦς
3651 1501 3897 1569 θεότητος

2334 1585 2465 1648 Θεὸς
2494 1589 2521 1638 ὁ
2547 1587 2754 1657 Πατὴρ,
2792 1587 2926 1640 ἀλλὰ
2956 1590 3162 1660 Πατήρ.

2794 1715 3100 1785 Ἀπολογία
3133 1720 3454 1787 Κυρίλλου.

2415 1831 2538 1884 Ἐπί
2573 1830 2760 1902 καίρου
2805 1831 2869 1901 δὴ
2923 1830 3082 1884 πάλιν
3115 1832 3396 1903 εἰρήσεται
3429 1832 3562 1904 πρὸς
3592 1832 3752 1905 ἡμῶν
3791 1838 3899 1898 τοῖς

2330 1927 2394 1979 δι’
2429 1926 2674 1991 ἐναντίας
2694 1944 2707 1958 ο
2748 1946 2765 1978 ι
2791 1928 2937 1991 Ἕως
2966 1928 3094 1980 πότε
3130 1927 3418 1997 χωλανεϊτε
3447 1928 3532 1980 ἐπ’
3564 1918 3900 1999 ἀμφοτέραις

2328 2021 2448 2081 ταῖς
2497 2017 2704 2084 ἰγνύαις
2758 2017 2941 2088 ύμῶν;
2980 2037 2997 2068 ι
3042 2019 3161 2088 Χρὴ
3215 2019 3323 2089 γὰρ
3372 2019 3515 2088 ὑμᾶς
3571 2019 3743 2090 ὑγιῆί
3809 2022 3899 2072 καὶ

2329 2112 2530 2180 ἀρτίως
2561 2111 2751 2181 ἔχοντα
2779 2113 2912 2181 πρὸς
2944 2112 3147 2183 είδησιν
3173 2111 3378 2182 ἀκριϐῆ
3410 2113 3511 2184 τῆς
3542 2113 3760 2175 εὐθείας
3793 2112 3899 2164 τῶν

2329 2203 2611 2273 δογμάτων
2639 2204 2782 2274 ἔχειν
2811 2204 2900 2257 τὸν
2935 2203 3078 2266 νοῦν,
3138 2205 3196 2256 οὐ
3240 2207 3358 2268 ταῖς
3393 2204 3664 2275 διψυχίαις
3695 2203 3900 2272 χωλεύσ

2329 2310 2474 2358 οντα,
2507 2295 2599 2347 καὶ
2630 2295 2764 2347 πολὺ
2798 2293 3054 2348 νοσοῦντα
3077 2294 3135 2346 τὸ
3165 2294 3378 2360 ἄναλκι,
3407 2295 3500 2348 καί
3530 2294 3666 2365 ὀρθὰ
3698 2293 3900 2362 βαίνειν

2328 2385 2426 2437 οὑκ
2468 2386 2826 2455 ἀνεχόμενον*
2873 2384 3316 2448 ι’Λκατάστατος
3362 2387 3468 2457 γὰρ
3516 2388 3543 2438 ό
3588 2385 3809 2454 δίψυχος
3845 2387 3901 2436 ὲν

2330 2478 2529 2538 πάσαις
2563 2480 2682 2539 ταῖς
2710 2478 2849 2540 ὁδοῖς
2884 2478 3069 2540 αὐτοῦ,
3102 2479 3194 2530 καὶ
3233 2479 3332 2530 οὐκ
3380 2478 3443 2531 ἀν
3475 2495 3524 2529 τι
3561 2477 3715 2528 λάϐοι
3751 2476 3902 2545 παρά

2327 2565 2419 2617 τοῦ
2447 2567 2671 2638 Κυρίου.
2707 2584 2724 2616 ›
2755 2568 2862 2621 Καὶ
2909 2567 3082 2620 ταῦτά
3119 2585 3296 2638 φημι,
3346 2565 3710 2635 τεθαυμακὼς
3761 2568 3902 2634 ἄγαν

2325 2659 2450 2719 τοὺς
2486 2657 2511 2696 ιι
2549 2658 2614 2710 δι’
2643 2659 2889 2720 ἐναντίας
2941 2657 3204 2727 ἀναίδηνι
3254 2657 3396 2710 οὕτω
3448 2660 3540 2710 καὶ
3587 2658 3900 2728 προαλῶς³

2327 2748 2679 2818 ἐπιπλήττειν
2721 2749 3002 2812 ἐθέλοντας
3029 2749 3106 2818 τῷ
3142 2749 3488 2819 προκειμένῳ
3521 2749 3614 2801 καὶ
3642 2748 3738 2802 νῦν
3768 2750 3900 2802 ἀνα-

2329 2838 2669 2908 θεματισμῷ.
2699 2840 2809 2892 Καὶ
2836 2840 2895 2891 τὸ
2933 2839 3160 2902 ἀπεικὸς
3195 2840 3369 2904 οὐδὲν,
3399 2841 3447 2891 εἰ
3486 2839 3559 2910 μὴ
3583 2839 3901 2908 βούλοιντο1³

2325 2932 2416 2985 τὸν
2448 2934 2510 2984 ἐκ
2546 2931 2680 2983 Θεοῦ
2714 2931 2923 3001 Πατρὸς
2954 2930 3123 2998 Λόγον
3171 2930 3525 2998 ὀνομάζεσθαι
3569 2930 3708 2999 πρὸς
3741 2929 3900 2999 ἡμῶν

2327 3023 2620 3077 ἀπόστολον
2661 3024 2755 3074 καὶ
2806 3022 3066 3092 ἀρχιερέα
3099 3022 3198 3091 τῆς
3226 3023 3512 3092 ὁμολογίας
3545 3021 3724 3091 ἡμῶν,
3756 3021 3847 3074 ὅτε
3872 3028 3898 3057 ο

2326 3113 2549 3180 γέγονεν
2597 3110 2896 3180 ἄνθρωπος.
2941 3111 3003 3162 Οἰ
3050 3110 3156 3180 γὰρ
3201 3111 3338 3173 ὅλως
3375 3109 3472 3181 τὴν
3519 3110 3658 3161 κατά
3717 3106 3900 3178 σάρκα

2327 3206 2576 3273 γέννησιν
2627 3202 2788 3254 αὑτοῦ
2827 3205 3179 3270 συκοφαντεῖν
3215 3201 3580 3271 πειρώμενοι,
3622 3203 3718 3254 καὶ
3761 3202 3901 3255 ἀπό-

2326 3298 2539 3368 ϐλητον,
2576 3297 2650 3358 ὡς
2699 3296 2796 3346 οὐκ
2844 3295 3057 3365 ἀληθῆ,
3106 3293 3328 3364 ποιῆσαι
3362 3293 3763 3364 τολμήσαντες,
3799 3294 3900 3346 οὐχ

2325 3386 2638 3457 ἀνεχόμενοί
2666 3403 2722 3437 τε
2755 3385 3012 3437 Θεοτόκον
3040 3385 3211 3436 εἰπεῖν
3254 3384 3349 3454 τὴν
3395 3386 3554 3452 ἁγίαν
3593 3384 3899 3456 Παρθένον,

2325 3480 2440 3540 πῶς
2469 3478 2527 3529 οὐ
2553 3478 2982 3547 παραιτήσονται
3012 3475 3108 3545 τῆς
3135 3476 3443 3545 οἰκονομίας
3472 3476 3596 3537 τοὺς
3623 3477 3899 3544 τρόπους;

2337 3569 2703 3621 Ἀκουέτωσαν
2756 3568 2933 3620 τοίνυν
2995 3566 3056 3618 τὸ
3098 3565 3185 3618 διὰ
3235 3566 3335 3636 τῆς
3395 3568 3576 3637 φωνῆς
3631 3567 3895 3620 Ἡσαΐου·

2331 3680 2348 3711 t
2395 3662 2519 3712 Ἐὰν
2557 3660 2629 3730 μὴ
2658 3658 3003 3727 πιστεύσητε,
3033 3657 3139 3709 οὐδ’
3172 3658 3232 3709 ού
3268 3662 3340 3727 μὴ
3374 3657 3593 3727 συνῆτε.
3634 3675 3652 3707 ι
3701 3657 3760 3711 '0
3798 3657 3898 3725 μὲν

2323 3753 2433 3821 γὰρ
2479 3751 2759 3813 θεσπέσιος
2807 3747 3197 3818 εὖαγγελιστὴς
3230 3749 3482 3819 Ἰωάννης
3519 3748 3660 3819 μέγα
3689 3766 3741 3800 τι
3801 3750 3897 3802 καὶ

2323 3840 2554 3904 ἐξαίσιον
2588 3839 2986 3908 κατεδρόντησε
3017 3840 3128 3900 τοῖς
3163 3837 3254 3890 ὑπ’
3299 3836 3544 3908 οὐρανὸν,
3587 3837 3768 3908 σάρκα
3807 3837 3895 3890 λέ-

2323 3949 2433 3998 γων
2474 3929 2802 3998 γεγενῆσθαι
2839 3929 2929 3980 τὸν
2961 3928 3149 3995 Λόγον.
3186 3929 3246 3979 Οἱ
3278 3929 3334 3980 δὲ
3365 3927 3466 3997 τῆς
3500 3927 3759 3996 ἀληθείας
3791 3928 3895 3998 τὴν

2321 4019 2546 4088 δύναμιν
2586 4017 3034 4082 ὑποκλέπτοντες,
3065 4016 3206 4069 οὓτω
3234 4017 3412 4086 σάρκα
3437 4017 3688 4084 γενέσθαι
3724 4018 3894 4086 φασὶν

2323 4111 2501 4172 αὑτὸν,
2536 4110 2609 4171 ὡς
2656 4109 2720 4162 ἂν
2755 4111 2923 4159 νοοῖτο
2952 4107 3205 4175 γενέσθαι
3242 4107 3454 4176 κατάρα
3484 4109 3577 4160 καὶ
3621 4109 3891 4178 ἁμαρτία,

2322 4203 2431 4253 Καὶ
2462 4201 2592 4272 περὶ
2624 4200 2722 4267 μὲν
2751 4198 2952 4250 τούτων
2984 4199 3085 4268 ἤδη
3119 4198 3422 4266 φθάσαντες
3451 4201 3672 4268 εἴπομεν
3695 4239 3711 4262 ,
3747 4199 3895 4269 ἅπερ

2318 4291 2385 4365 ῆν
2417 4295 2562 4355 εἰκὸς
2595 4293 2757 4346 ἕωλον
2787 4294 2967 4356 αὐτοῖς
2990 4293 3308 4362 ἀποφαίνειν
3335 4292 3590 4344 δύνασθαι
3625 4291 3716 4344 τὸν
3742 4291 3800 4344 ἐν
3829 4307 3893 4359 γε

2319 4387 2553 4439 τουτοισὶ
2601 4385 2776 4452 λόγον.
2817 4383 2957 4453 Πρὸς
2986 4383 3042 4435 δέ
3085 4399 3147 4450 γε
3184 4383 3310 4444 τοῦς
3356 4382 3655 4450 φιλαιτίους
3703 4382 3785 4444 εἰς
3833 4382 3896 4434 τὸ

1883 4489 1993 4542 imo
2047 4490 2217 4543 sacris
2247 4526 2295 4582 Β
2321 4478 2492 4547 παρὸν
2527 4476 2700 4527 ἐκεῖνό
2749 4491 2962 4542 φαμεν·
2999 4475 3213 4528 Μάθετε
3255 4474 3492 4542 ἀκούειν,
3527 4474 3896 4544 στενοχωρούο

2328 4586 2504 4640 μενοι·
2526 4565 2887 4630 καταδέξασθε
2911 4565 3003 4618 τοῦ
3040 4567 3180 4620 κατά
3207 4567 3443 4638 Χριστὸν
3476 4567 3778 4638 μυστηρίου
3804 4567 3895 4618 τὸν

2323 4658 2592 4728 θεμέλιον,
2639 4657 2738 4724 τῆς
2776 4656 3084 4726 οἰκονομίας
3130 4657 3228 4719 τὰς
3274 4657 3497 4728 πρώτας
3547 4656 3759 4728 ἀρχὰς,
3804 4657 3896 4709 καὶ

2321 4749 2509 4820 αὐτὴν,
2557 4749 2623 4800 ἵν’
2672 4747 2845 4810 οὕτως
2890 4749 3047 4812 εἴπω,
3095 4747 3193 4818 τὴν
3232 4749 3512 4816 εἰσϐολήν·
3564 4748 3893 4800 πιστεύσατε

2323 4843 2440 4912 μεθ’
2475 4841 2649 4912 ἡμῶν,
2686 4840 2883 4910 μᾶλλον
2909 4837 2963 4891 δὲ
2988 4842 3096 4901 τοῖς
3129 4840 3291 4909 ἱεροῖς
3325 4839 3364 4890 Γ
3372 4840 3618 4908 ράμμασι
3641 4853 3652 4866 ·
3680 4837 3802 4891 δότε
3829 4837 3892 4907 δὴ

2320 4935 2418 5004 τῆς
2450 4932 2711 5003 ἀληθείας
2747 4932 2843 5001 τὴν
2875 4930 3075 5000 ψῆφον,
3128 4928 3512 4999 ὁμολογοῦντες
3549 4929 3630 4981 ὅτι
3663 4928 3829 4990 αὐτὸς
3865 4930 3894 4981 ὁ

2324 5026 2616 5097 μονογενὴς
2649 5024 2741 5077 τοῦ
2769 5024 2903 5076 Θεοῦ
2933 5024 3122 5090 Λόγος,
3157 5024 3185 5074 ό
3213 5025 3269 5075 ὲν
3298 5022 3514 5084 κόλποις
3542 5020 3616 5074 ὦν
3644 5019 3740 5073 τοῦ
3779 5021 3892 5074 Ila-

2329 5121 2470 5189 τρὸς,
2501 5121 2528 5170 ὁ
2561 5119 2628 5170 δι’
2657 5111 2716 5169 οὗ
2742 5116 2810 5169 τά
2839 5115 3016 5168 πάντα
3037 5153 3051 5179 ,
3079 5115 3171 5167 καί
3205 5116 3261 5169 ὲν
3286 5107 3330 5181 ᾧ
3361 5116 3430 5167 τὰ
3471 5114 3666 5178 πάντα,
3701 5112 3889 5180 γέγο.ς

3386 5268 3431 5297 ³⁸
3469 5265 3645 5321 Galat.
3679 5282 3765 5327 ιιι,
3802 5268 3887 5320 15.

1710 5493 1884 5548 Varia:
1911 5493 2176 5548 lectiones
2207 5507 2273 5548 ex
2296 5492 2483 5547 codice
2513 5488 2884 5560 Seguieriano.

717 5660 747 5781 ἔ
778 5652 1001 5710 οἰκείαν.
1083 5668 1094 5704 ι
1137 5655 1283 5721 ὑγιᾶ.
1360 5655 1383 5692 κ
1416 5651 1736 5722 τεθαύμακα
1765 5650 1872 5720 γὰρ
1911 5650 2048 5720 ἄγαν
2079 5649 2221 5714 τούς.

749 5742 823 5779 τι.

655 5736 681 5762 ⁸
717 5736 823 5779 δτι.

2307 5649 2323 5690 1
2356 5651 2572 5721 ἀνέδην.
2650 5661 2686 5688 ι·
2712 5650 3012 5722 προδήλως,
3041 5651 3071 5720 ἢ
3112 5650 3422 5722 προφανῶς.

3500 5658 3526 5685 η
3558 5648 3880 5719 βούλωνται.
