4062 6340
164 401 269 461 365

769 402 1297 459 APOLOGETICUS
1338 402 1471 458 PRO
1511 402 1602 456 xu
1643 401 2003 456 (:API'l‘IBliS
2044 391 2320 456 CONTRA
2365 401 2824 460 ORIEN'I‘ALES.

3293 411 3398 465 366

169 518 300 587 σάρξ
323 536 334 545 ·
366 517 427 571 οὐ
463 517 685 588 τροπὴν,
716 518 748 587 ἢ
791 520 1000 589 φυρμὸν
1033 519 1323 588 ὑπομείνας
1351 558 1364 581 ,
1403 518 1512 570 ἀλλ’
1546 518 1620 569 ὢν
1648 518 1731 572 ἀεὶ

1846 519 2130 572 secundum
2167 534 2410 584 carnem,
2447 521 2687 590 inquam,
2738 532 2793 576 et
2835 522 3132 591 appellatus
3176 523 3396 594 [factusl

164 607 321 660 τοῦτο
370 607 506 661 κατά
547 605 728 674 φύσιν,
766 607 902 674 ὅπερ
930 603 998 676 ἦν
1027 624 1106 670 τε,
1147 609 1237 659 καὶ
1271 607 1406 668 ἔστι,
1442 608 1534 659 καὶ
1561 606 1731 660 ἔσται.

164 700 358 766 Γέγονε
397 698 452 752 δὲ
490 695 664 768 σάρξ,
713 699 965 768 γέννησιν
1017 699 1314 768 ὑπομείνας
1350 701 1412 751 ἐκ
1439 701 1535 768 τῆς
1577 699 1734 764 ἀγίας

165 789 466 859 Παρθένου,
493 790 589 858 τὴν
621 788 760 841 κατὰ
789 791 967 860 σάρκα
995 791 1169 860 φημί·
1201 793 1294 841 καὶ
1331 789 1735 859 κεχρημάτικεν

167 879 292 941 Υίὸς
316 879 624 949 ἀνθρώπου,
652 882 744 932 καὶ
775 881 1172 950 παραπλησίως
1204 883 1335 950 ἡμῖν
1369 881 1629 950 μετέσχεν
1662 879 1737 932 αἴ-

168 986 338 1038 ματος
385 971 477 1023 καὶ
517 972 735 1042 σαρκός.
787 971 944 1023 Οὖτω
992 971 1385 1040 ὃιατιθεμένοις
1409 981 1456 1037 Ρ,
1506 971 1600 1023 καὶ
1637 972 1736 1040 τὴν

164 1059 308 1112 οὕτω
352 1061 551 1132 σεπτὴν
587 1063 678 1115 καὶ
705 1062 1074 1132 ἀληθεστάτην
1103 1063 1282 1114 πίστιν
1315 1061 1733 1132 είσδεξαμένοις,

165 1153 343 1206 πάντα
370 1159 612 1222 φανεῖται
648 1157 715 1210 τὰ
737 1157 931 1225 ἑφεξῆς
969 1156 1177 1225 βάσιμά
1207 1173 1285 1218 τε,
1318 1157 1410 1208 καὶ
1438 1155 1732 1224 ἱππήλατα,

166 1243 259 1297 καὶ
282 1241 432 1298 οὐδὲν
460 1246 687 1312 ἄναντες
713 1248 743 1316 ἢ
775 1247 968 1318 τραχύ.
991 1244 1302 1318 Γέγραπται
1325 1246 1428 1316 γὰρ
1456 1247 1535 1299 ὅτι
1560 1248 1734 1299 πάντα

164 1335 374 1389 ἐνώπια
423 1341 535 1400 τοῖς
591 1339 869 1400 συνιοῦσι,
921 1339 1013 1390 καὶ
1063 1338 1197 1408 ὀρθὰ
1249 1340 1361 1401 τοῖς
1423 1337 1735 1407 εὑρίσκουσι

166 1428 387 1495 γνῶσιν.
425 1429 634 1500 Χρῆναι
672 1430 728 1482 δὲ
777 1424 928 1500 οἶμαι
980 1430 1071 1482 καὶ
1102 1429 1195 1482 νῦν
1228 1431 1373 1499 ἡμᾶς
1423 1428 1520 1498 τὴν
1561 1430 1736 1482 αἰτίαν

162 1522 360 1583 εἰπεῖν,
389 1521 456 1574 δι’
484 1522 548 1591 ἢν
578 1521 755 1575 αἰτίαν
780 1521 999 1591 γέγονεν
1023 1523 1050 1574 6
1072 1522 1528 1592 άναθεματισμός.
1547 1523 1604 1574 '0
1630 1521 1736 1591 γάρ

161 1626 253 1664 τοι
287 1613 460 1666 πάντα
505 1615 817 1684 διακινήσας
843 1653 857 1677 ,
890 1613 1000 1667 ἀνω
1041 1631 1098 1666 τε
1137 1614 1228 1666 καὶ
1272 1615 1421 1667 κάτω
1455 1616 1522 1667 τὰ
1561 1613 1735 1666 πάντα

163 1705 406 1775 συγχέας
435 1707 733 1777 Νεστόριος
762 1705 864 1774 ἔφη
887 1723 940 1758 τι
970 1707 1205 1758 τοιοῦτον
1243 1723 1307 1757 πε
1320 1707 1369 1776 ρ¹ι
1394 1705 1487 1758 τοῦ
1521 1705 1734 1760 πάντων

160 1800 195 1868 ἡ
207 1798 326 1868 μῶν
359 1797 612 1868 Σωτῆρος
645 1797 911 1868 Χριστοῦ·
949 1797 1284 1866 (Ἀπεστάλη
1319 1796 1548 1868 κηρύξαι
1579 1799 1737 1867 αἰχμ-

158 1886 393 1951 αλώτοις
432 1887 640 1956 ἄφεσιν,
661 1884 811 1950 οὗτος
843 1889 869 1940 6
905 1888 1092 1948 πιστὸς
1121 1886 1196 1957 τῷ
1230 1886 1347 1956 Θεῴ
1378 1887 1737 1957 πεποιημένος

160 1978 481 2048 ἀρχιερεύς.
525 1979 772 2045 Ἐγένετο
801 1978 907 2049 γάρ
939 1973 1108 2042 οὗτος,
1138 1979 1237 2030 οὑκ
1260 1977 1442 2040 ἀϊδίως
1465 1971 1550 2047 ἦν·
1585 1972 1736 2039 οὗτος

159 2069 193 2121 ὁ
253 2071 394 2122 κατά
437 2071 630 2140 μικρὸν
656 2073 734 2133 εἰς
780 2071 1110 2140 ἀρχιερέως,
1159 2069 1422 2140 αἱρετικὲ,
1458 2070 1737 2139 προκόζιας

162 2161 433 2231 ἀξίωμα.)
469 2162 668 2230 Ἕτερα
691 2171 715 2210 q
745 2161 800 2214 δὲ
847 2161 1054 2222 τούτοις
1082 2160 1315 2228 ἀδελφὴν
1345 2159 1602 2211 ὠδίνοντα
1640 2159 1737 2226 τὴν

160 2249 424 2304 ἀσέϐειαν
456 2250 791 2319 προσεπάγει
825 2249 1012 2303 πολλά.
1045 2248 1138 2310 Τίς
1184 2245 1273 2302 οὖν
1297 2249 1404 2319 ἄρα
1433 2248 1538 2300 τῶν
1569 2245 1740 2308 οὕτως

159 2339 410 2412 αἰσχρῶν
446 2341 752 2405 ἐπακούσας
782 2342 978 2410 λόγων,
1025 2339 1085 2393 οὐ
1145 2339 1318 2393 πάντα
1351 2341 1414 2393 ἂν
1443 2337 1613 2392 ἕλοιτο
1646 2356 1740 2390 πα-

161 2429 301 2497 θεῖν,
334 2435 365 2502 ἦ
404 2435 496 2504 τὴν
543 2435 618 2504 τῷ
649 2435 766 2504 Θεῷ
801 2433 1280 2504 κατεστυγημένην
1332 2433 1614 2502 ἀγαπῆσαι
1656 2449 1737 2483 σι-

158 2526 305 2596 γήν;
348 2527 641 2578 Ἀπέθανεν
700 2527 839 2595 ὑπὲρ
885 2526 1040 2594 ἡμῶν
1083 2527 1110 2575 ὁ
1157 2526 1426 2594 Χριστὸς,
1480 2523 1740 2594 αἰσχύνης

161 2619 624 2686 καταφρονήσας·
678 2615 908 2685 σταυρὸν
964 2615 1257 2684 ὑπέμεινε,
1308 2616 1400 2666 καὶ
1457 2614 1546 2666 τὸν
1601 2617 1740 2667 κατὰ

165 2710 352 2779 σάρκα
385 2708 634 2761 θάνατον.
666 2705 798 2760 Εἶτα
829 2708 988 2776 ἡμεῖς
1017 2706 1134 2758 οὐδὲ
1162 2707 1283 2768 ταῖς
1312 2706 1391 2767 είς
1423 2704 1612 2771 λόγους
1653 2705 1739 2755 εὑ-

163 2797 341 2859 νοίαις
375 2796 715 2866 ἀμειψόμεθα
761 2796 852 2848 τὸν
878 2793 1207 2865 εὐεργέτην;
1256 2793 1368 2848 ἀλλ’
1405 2795 1580 2863 ἡσυχῆ
1619 2788 1742 2846 καο-

164 2889 288 2940 εδού
299 2889 573 2956 μεθα,τῶν
593 2888 763 2951 οὓτως
783 2888 1024 2941 ἐκτόπων
1044 2885 1362 2956 δυσφημιῶν
1381 2885 1738 2956 ἀκροώμενοι,

164 2976 198 3048 ἢ
232 2979 373 3048 τάχα
404 2996 504 3031 που
526 2979 620 3031 καὶ
648 2978 991 3049 μεριζόμενοι
1013 2979 1107 3047 τῆς
1133 2979 1252 3031 κατ’
1277 2976 1436 3030 αὐτοῦ
1461 2977 1739 3045 γλωσσαλ-

170 3069 297 3136 γίας
319 3070 386 3121 τά
410 3068 761 3138 ὲγκλήματας
792 3067 856 3118 Τί
880 3065 1003 3135 φὴς,
1029 3061 1072 3118 ὦ
1093 3058 1277 3129 0610;;
1303 3065 1643 3135 Προέκοπτεν
1665 3066 1742 3126 εἰς

165 3158 435 3228 ἀρχιερέα
491 3155 844 3227 καταϐραχύ;
896 3155 1004 3207 Καί
1067 3171 1148 3206 τοι
1195 3154 1496 3207 κεκένωκεν
1553 3153 1741 3207 ἑαυτὸν
1772 3200 1810 3228 Δ,

166 3249 304 3310 Θεὸς
344 3247 418 3299 ὢν
448 3250 474 3299 ὁ
509 3245 711 3316 Λόγος·
741 3244 898 3299 ἔλαϐε
942 3240 1128 3297 δούλου
1163 3243 1375 3314 μορφὴν
1401 3245 1426 3296 6
1460 3242 1740 3312 ἐλεύθερος

167 3341 314 3393 κατά
343 3339 500 3407 φύσιν
519 3357 531 3370 ·
557 3338 952 3391 τεταπείνωκεν
980 3334 1168 3389 ἑαυτὸν
1202 3336 1230 3388 6
1258 3336 1454 3397 παντὸς
1487 3335 1743 3388 ἐπέκεινα

166 3431 459 3500 γεννητοῦ,
488 3431 582 3482 καὶ
615 3431 724 3491 τοῖς
747 3429 843 3497 τῆς
870 3428 1120 3497 θεότητος
1148 3427 1399 3497 ἐπαυχῶν
1432 3426 1739 3496 ὑψώμασιν.

168 3521 234 3574 Ei
269 3521 326 3573 δὲ
361 3519 648 3589 προέκοψε,
678 3519 818 3570 κατὰ
845 3519 962 3571 τίνα
987 3519 1281 3571 κεκένωται
1307 3518 1505 3587 τρόπον
1530 3534 1542 3579 ;
1566 3515 1597 3586 ἢ
1631 3517 1745 3576 πῶς

168 3612 369 3666 ἑαυτὸν
424 3612 661 3680 καθῆκεν
714 3611 792 3671 εἰς
852 3611 1207 3674 ταπείνωσιν;
1262 3610 1437 3680 Τιμῆς
1487 3608 1595 3680 ἄρα
1651 3607 1745 3660 καὶ

167 3705 333 3772 δόξης
360 3701 508 3770 αὑτῴ
535 3705 944 3771 προμνήστριαν
974 3699 1230 3764 γενέσθαι
1263 3699 1396 3767 φαίη
1427 3717 1510 3760 τις
1546 3699 1610 3751 ἂν
1645 3699 1743 3767 τὴν

168 3794 438 3856 κένωσιν;
474 3786 606 3844 Εἶτα
637 3791 750 3853 πῶς
785 3791 864 3842 ἔτι
917 3787 1144 3851 κένωσις
1184 3790 1482 3860 πρόχρημά
1510 3798 1528 3823 τ
1564 3789 1744 3850 ἑστιν;

183 3881 372 3945 Ἀλλὰ,
421 3883 529 3945 ναὶ,
587 3881 774 3951 φησὶν,
825 3882 872 3932 εἰ
925 3879 1087 3941 αὐτὸς
1140 3881 1167 3931 6
1225 3881 1288 3931 ἐκ
1341 3878 1474 3930 Θεοῦ
1534 3877 1745 3946 Πατρὸς

169 3975 349 4041 Λόγος
381 3973 601 4040 γέγονεν
649 3970 975 4042 ἀρχιερεὺς,
1025 3970 1106 4031 τίς
1151 3969 1260 4038 ἄρα
1310 3969 1457 4020 ἐστὶν
1487 3969 1513 4019 6
1545 3965 1746 4036 μείζων

169 4065 376 4128 αὑτοῦ,
422 4064 514 4115 καὶ
556 4063 655 4130 τῆς
714 4060 1020 4130 ἱερουργίας
1069 4058 1383 4129 λειτουργία⁴
1448 4057 1747 4127 θεραπευό⁹

175 4172 367 4226 μενος,
426 4153 630 4206 Οὐκοῦν
683 4151 792 4221 ἐρῶ
845 4151 907 4218 δή
966 4166 1017 4200 τι
1069 4149 1259 4201 πάλιν·
1318 4149 1610 4200 Πίστευσον
1668 4149 1747 4200 ὅτι

173 4248 359 4301 καίτοι
407 4243 537 4306 Θεὸς
602 4243 743 4295 κατὰ
795 4240 954 4309 φύσιν
1001 4240 1290 4309 ὑπάρχων,
1335 4241 1427 4292 καὶ
1469 4239 1527 4289 έν
1568 4239 1749 4306 μορφῇ

170 4338 271 4391 τοῦ
328 4337 535 4404 Πατρὺς
580 4335 608 4385 6
661 4333 822 4396 Υἱὸς,
874 4333 969 4401 οὐχ
1036 4331 1325 4401 ἁρπαγμὸν
1382 4329 1628 4399 ἡγήσατο
1692 4327 1752 4377 16

173 4423 319 4480 εἶναι
395 4427 482 4476 ἶσα
540 4423 702 4493 Θεῷ,
766 4422 880 4474 ἀλλ’
939 4421 1128 4474 ἑαυτὸν
1189 4420 1463 4482 ὲκένωσε,
1540 4417 1751 4487 μορφὴν

1839 621 1922 664 est
1954 611 2122 664 Filius
2147 611 2401 677 hominis,
2433 621 2485 664 et
2516 613 2766 666 similiter
2794 621 2848 666 ut
2876 628 2972 668 nos
2999 614 3270 684 particeps
3299 615 3398 667 fuit

1838 701 2115 771 sanguinis
2146 710 2196 755 et
2244 704 2426 756 carnis
2449 703 2516 754 ’⁷.
2568 704 2657 757 Sic
2693 704 3032 768 habentibus,
3069 713 3122 760 et
3168 715 3276 759 tam
3309 722 3397 758 ve-

1840 793 2126 844 nerandam
2154 832 2169 856 ,
2225 793 2672 863 verissimamque
2722 795 2878 848 ﬁdem
2925 795 3398 866 amplexantibus,

1838 884 2017 934 omnia
2052 883 2305 952 deinceps
2337 886 2668 953 apparebunt
2703 888 2882 954 pervia
2931 897 2986 942 et
3015 886 3194 958 plana,
3229 899 3282 942 et
3318 889 3399 942 ni-

1839 971 1911 1025 hil
1946 986 2164 1040 prorsus
2209 988 2456 1042 asperum
2482 984 2535 1028 et
2565 977 2809 1028 arduum.
2840 977 3110 1045 Scriptum
3139 988 3219 1033 est
3253 979 3397 1033 enim

1838 1063 1976 1130 quod
2011 1064 2187 1117 omnia
2216 1066 2494 1133 perspicua
2535 1076 2658 1119 sunt
2695 1067 3138 1137 intelligentibus,
3175 1079 3230 1122 et
3254 1077 3400 1134 recta

1839 1151 2236 1210 invenientibus
2301 1158 2580 1211 scientiam
2610 1160 2674 1210 ³⁸.
2730 1159 2933 1228 Opinor
2981 1168 3159 1213 autem
3223 1175 3402 1228 operae

1840 1246 2066 1312 pretium
2129 1246 2265 1311 fore,
2312 1249 2354 1302 si
2401 1264 2543 1304 nunc
2574 1264 2786 1319 quoque
2818 1265 3034 1304 causam
3071 1266 3404 1318 exponamus

1839 1347 2054 1404 propter
2081 1352 2236 1405 quam
2269 1339 2438 1392 factus
2469 1350 2549 1393 est
2582 1341 3092 1397 anntbematismus.
3121 1341 3402 1396 Nestorius

1841 1425 2007 1486 enim,
2040 1427 2129 1493 qui
2170 1428 2348 1479 omnia
2389 1427 2742 1495 perturbavit,
2775 1438 2828 1483 et
2867 1430 3046 1482 omnia
3083 1445 3281 1499 susque
3312 1431 3406 1485 deo

1839 1530 1944 1582 que
1993 1516 2252 1581 confudit,
2308 1517 2411 1571 tale
2455 1518 2706 1586 quiddam
2748 1520 2814 1573 de
2865 1522 3104 1573 omnium
3157 1530 3402 1574 nostrum

1842 1599 2119 1658 Salvatore
2164 1605 2377 1660 Christo
2421 1606 2676 1660 dicebat:
2720 1607 2938 1678 (Missus
2968 1619 3048 1664 est
3094 1609 3159 1663 ad
3215 1610 3406 1678 pracdi-

1841 1691 2068 1745 randum
2121 1693 2350 1761 captivis
2408 1696 2882 1764 remissionem",
2936 1699 3022 1753 bic
3077 1700 3246 1754 ﬁdelis
3299 1700 3406 1755 Deo

1843 1780 2011 1838 factus
2040 1784 2298 1852 pontifex.
2328 1786 2524 1842 Factus
2558 1796 2639 1841 est
2690 1790 2833 1843 enim
2865 1789 2970 1856 hic,
3015 1806 3118 1844 non
3148 1799 3408 1860 perpetuo

1769 1880 1810 1934 Β
1841 1884 1957 1927 crat
1991 1893 2004 1928 :
2034 1876 2120 1930 hic
2143 1878 2400 1944 paulatim
2440 1879 2504 1932 ad
2536 1880 2808 1948 pontiﬁcis
2855 1881 3177 1950 dignitatem
3211 1897 3403 1951 prove-

1841 1977 1979 2030 ctus,
2012 1969 2307 2038 beeretice.)
2357 1970 2627 2038 Multaque
2670 1970 2771 2023 alia
2822 1972 2905 2026 bis
2945 1973 3278 2026 consimilem
3322 1988 3406 2041 pa-

1842 2059 2031 2112 rientia
2094 2061 2421 2130 impietatem
2478 2062 2738 2131 adjungit.
2793 2064 2924 2130 Quis
2973 2064 3157 2134 igitur,
3209 2065 3410 2120 auditis

1843 2157 1948 2200 tam
2000 2148 2155 2206 [tedis
2202 2151 2561 2214 sermonibus,
2621 2152 2783 2221 188
2827 2168 2929 2206 non
2991 2152 3172 2206 mallet
3227 2154 3408 2207 omnia

1844 2239 1972 2306 pati,
2020 2255 2179 2308 quam
2239 2241 2504 2295 silentium
2542 2241 2654 2297 Deo
2695 2258 2918 2298 exosum
2967 2244 3226 2314 diligere?
3268 2243 3408 2297 Mor-

1843 2338 1964 2379 tuus
1997 2335 2076 2381 est
2107 2342 2204 2396 pro
2239 2330 2392 2383 nobis
2436 2331 2704 2394 Christus,
2742 2331 3112 2387 confusionem
3165 2345 3409 2388 conteru-

1844 2418 1947 2486 psit
1967 2418 2031 2482 3°,
2053 2434 2267 2472 crucem
2291 2431 2343 2472 et
2365 2431 2593 2475 mortem
2627 2422 2746 2474 tulit
2770 2425 3064 2477 secundum
3089 2441 3330 2491 carnem,
3354 2437 3409 2480 et

1844 2523 1941 2560 nos
1976 2508 2302 2562 benefactori
2335 2520 2517 2564 nostro
2545 2524 2610 2565 ne
2640 2512 2904 2566 sermonis
2934 2512 3146 2580 quidem
3175 2512 3408 2570 oﬂicium

1843 2607 1996 2667 grato
2048 2604 2226 2652 animo
2287 2602 2660 2668 rependemus,
2717 2601 2809 2655 sed
2863 2601 3031 2670 quieti
3081 2605 3412 2671 sedebimus,

1847 2697 1951 2740 tam
1994 2689 2256 2742 absurdas
2301 2691 2580 2744 audientes
2633 2691 3015 2760 blaspltemias,
3049 2694 3128 2746 vel
3161 2691 3410 2750 fortassis

1845 2778 2008 2831 etiam
2044 2779 2286 2832 criminis
2320 2781 2553 2835 incitata:
2586 2781 2846 2836 adversus
2890 2797 3011 2836 eum
3055 2783 3250 2853 lingua:
3290 2801 3414 2854 par-

1849 2867 2038 2935 ticipes
2073 2869 2315 2921 erimus?
2361 2866 2504 2922 Heus
2563 2879 2641 2934 ιιι,
2691 2871 2819 2938 quid
2862 2869 3032 2926 dicis?
3073 2871 3308 2927 Profecit
3357 2875 3412 2927 in

1844 2972 2111 3010 Summum
2165 2958 2497 3013 sacerdotem
2553 2959 2851 3027 paulatim?
2901 2963 3061 3030 Atqui
3113 2963 3414 3016 exinanivit

1844 3051 2077 3118 seipsum
2114 3049 2371 3114 Verbum,
2419 3066 2537 3104 eum
2591 3050 2731 3106 Deus
2767 3052 2970 3107 esset“
3004 3071 3017 3107 :
3072 3064 3121 3106 et
3154 3055 3246 3124 qui
3297 3060 3417 3110 erat

1848 3140 1979 3194 liber
2015 3141 2308 3195 secundum
2343 3153 2584 3196 naturam
2619 3145 2830 3214 accepit
2872 3145 3013 3198 servi
3060 3143 3284 3199 formam
3314 3161 3326 3198 :
3361 3153 3415 3199 et

1848 3235 1938 3303 qui
1974 3234 2111 3287 ultra
2142 3249 2354 3287 omnem
2386 3240 2690 3289 creaturam
2722 3245 2825 3301 est,
2858 3246 2913 3291 et
2950 3235 3251 3291 divinitatis
3279 3239 3415 3293 emi-

1847 3335 1937 3378 net
1973 3325 2162 3393 gloria,
2202 3323 2505 3378 hutniliavit
2551 3325 2812 3395 seipsum.
2856 3325 2911 3380 Si
2943 3334 3120 3381 autem
3156 3327 3411 3396 profecit,

1845 3431 2076 3484 quonam
2110 3418 2264 3470 modo
2294 3417 2601 3472 exinanitus
2637 3426 2742 3482 est,
2776 3417 2856 3471 vel
2900 3433 3004 3486 quo
3044 3429 3202 3488 pacto
3234 3434 3290 3473 se
3319 3419 3417 3473 de-

1847 3509 1991 3559 misit
2027 3509 2090 3560 ad
2132 3508 2596 3562 humiliationem?
2645 3507 2878 3563 Honoris
2931 3509 3092 3577 igitur
3135 3520 3189 3565 et
3231 3511 3416 3582 gloria:

1846 3600 1945 3667 ipsi
1972 3600 2393 3654 conriliatricem
2423 3600 2587 3655 fuisse
2614 3603 2810 3656 dixerit
2835 3602 3029 3672 aliquis
3056 3605 3196 3657 hanc
3222 3605 3416 3659 exina-

1849 3692 2143 3744 nitionem?
2177 3691 2372 3746 Deinde
2413 3706 2568 3762 quem
2604 3692 2778 3748 locum
2824 3694 3043 3752 habebit
3077 3695 3416 3750 exinanitio?

1847 3783 1916 3834 At
1955 3783 2120 3846 enim,
2165 3783 2358 3850 inquit,
2407 3784 2450 3837 si
2489 3785 2664 3853 ipsum
2713 3784 2805 3840 Dei
2858 3785 3033 3839 Patris
3065 3780 3297 3840 Verbum
3335 3784 3417 3837 fa-

1853 3882 1995 3926 ctum
2024 3882 2105 3925 est
2139 3871 2404 3938 pantifex,
2439 3874 2581 3942 quis,
2616 3890 2733 3938 oro,
2769 3876 2940 3942 major
2971 3885 3052 3930 est
3083 3875 3192 3936 illo,
3242 3884 3298 3929 et
3331 3876 3418 3929 cui

1849 3963 2166 4017 sacerdotali
2233 3963 2534 4019 ministerio
2603 3966 2818 4018 servit?
2876 3965 3044 4034 Igitur
3098 3966 3274 4020 dicam
3319 3967 3420 4020 ite-

1851 4070 1967 4106 rum
2025 4071 2036 4105 :
2093 4052 2262 4108 Crede
2330 4056 2510 4122 quod,
2585 4057 2832 4124 quamvis
2909 4056 3050 4110 Deus
3123 4058 3418 4111 secundum

1851 4155 2095 4198 naturam
2174 4155 2317 4200 esset
2412 4156 2466 4200 et
2552 4146 2601 4200 in
2701 4147 2873 4201 forma
2950 4143 3128 4201 Patris
3207 4145 3418 4212 Filius,

1854 4251 1954 4287 non
1991 4237 2233 4304 rapinam
2279 4237 2574 4290 arbitratus
2598 4245 2682 4292 est
2725 4252 2842 4291 esse
2874 4253 2931 4290 se
2965 4238 3224 4305 aequalem
3269 4238 3419 4302 Deo;

1853 4327 1944 4378 sed
1975 4331 2209 4395 seipsum
2259 4328 2578 4391 exinanivit,
2621 4328 2847 4380 formam
2900 4329 3039 4381 servi
3105 4342 3414 4381 assumens.

1855 4417 1909 4469 Si
1937 4427 2110 4468 autem
2150 4416 2320 4471 factus
2340 4425 2424 4469 est
2458 4417 2635 4480 homo,
2676 4417 2965 4484 assumpsit
2997 4425 3178 4470 autem
3205 4416 3419 4470 etservi

173 4514 366 4570 δούλου
416 4512 612 4567 λαϐών.
667 4509 728 4564 El
767 4511 822 4562 δὲ
856 4510 1076 4578 γέγονεν
1119 4510 1399 4578 ἄνθρωπος
1425 4549 1438 4572 ,
1492 4507 1648 4559 ἔλαϐε
1694 4505 1742 4557 δὲ

1860 4506 2126 4568 formam;
2167 4504 2434 4572 quomodo
2466 4507 2709 4559 censebit
2742 4520 2989 4573 parvum,
3040 4515 3093 4560 et
3142 4507 3422 4575 dispensa-

174 4607 276 4661 καὶ⁵
309 4604 497 4658 δούλου
543 4603 776 4673 μορφὴν,
818 4602 934 4664 πῶς
964 4603 1230 4672 ἡγήσεται
1275 4599 1487 4669 μικρὸν,
1513 4599 1608 4651 καὶ
1636 4599 1749 4658 τοῖς

176 4700 282 4769 τῆς
329 4695 634 4764 οἰκονομίας
674 4695 851 4762 λόγοις
898 4695 1257 4763 ἀνάρμοστον,
1305 4691 1366 4744 16
1412 4691 1749 4760 χρηματίσαι

179 4790 280 4844 καὶ
317 4787 608 4847 ἀπόστολος
641 4786 735 4837 καὶ
767 4785 1086 4853 άρχιερεύςς
1122 4784 1227 4836 Καὶ
1269 4783 1296 4834 6
1328 4780 1424 4850 τῆς
1455 4779 1577 4831 καθ’
1609 4780 1753 4848 ἡμᾶς

179 4878 600 4950 ἀνῦρωπότητος
620 4875 679 4928 16
716 4876 908 4946 μέτρον
939 4877 1036 4927 οὐκ
1067 4874 1357 4943 ἀτιμάσας,
1382 4873 1498 4935 πῶς
1524 4873 1588 4925 ἀν
1622 4868 1754 4923 ἀπό-

179 4971 360 5037 ϐλητα
394 4968 614 5035 ποιήσαι
656 4975 677 5002 ³
719 4964 787 5017 τὰ
829 4961 1174 5032 ἀνθρώπινα;
1226 4963 1334 5015 Καὶ
1379 4959 1446 5031 ἦν
1494 4961 1591 5031 μὲν
1625 4961 1753 5020 ἴσως

177 5061 419 5134 χαλεπὸν
450 5056 602 5112 οὐδὲν
655 5056 749 5111 καὶ⁴
793 5055 880 5107 διά
927 5055 1185 5106 πλειόνων
1231 5054 1307 5105 ἔτι
1342 5053 1514 5120 λόγων
1557 5051 1751 5112 ἐλθεῖν,

177 5158 278 5209 καὶ
317 5151 658 5223 μακροτέραν
691 5151 768 5210 εἰς
802 5147 956 5199 τοῦτο
987 5148 1298 5199 κατατεῖναι
1327 5145 1424 5214 τὴν
1457 5145 1749 5213 ἀφήγησιν.

178 5245 385 5307 Μεθε“ις
432 5244 488 5296 δὲ
517 5241 674 5294 τοῦτο
710 5239 844 5310 πρὸς
877 5237 937 5289 16
987 5237 1178 5306 παρὸν,
1229 5237 1352 5298 τοὺς
1398 5235 1524 5305 παρ’
1572 5234 1752 5286 αὐτῶν

178 5337 478 5406 γεγονότας
531 5331 776 5401 παροίσω
832 5329 1042 5395 λόγους.
1098 5327 1404 5396 Γεγράφασι
1453 5327 1560 5396 γὰρ
1614 5325 1743 5377 ὡδί·

1323 5507 1364 5534 ’³
1399 5509 1493 5562 lsa.
1529 5507 1614 5570 6|,
1657 5507 1703 5568 l;

256 5516 304 5546 "
338 5514 498 5570 Hebr.
539 5531 576 5579 ι,
614 5516 700 5568 14.
777 5514 820 5545 ’⁸
851 5515 1003 5568 Prov.
1038 5525 1148 5569 VIN.
1181 5507 1232 5560 9ο

1770 5503 1894 5557 Luc.
1929 5517 2000 5569 tv,
2035 5504 2114 5555 19.

1858 4595 2020 4647 tionis
2086 4594 2378 4647 rationibus
2430 4593 2780 4660 incongruum
2814 4634 2828 4658 ,
2889 4595 3147 4662 appellari
3201 4603 3255 4649 et
3300 4609 3425 4650 esse

1860 4684 2156 4753 apostolum
2189 4692 2240 4736 et
2267 4684 2573 4752 pontiﬁcem
2599 4684 2620 4735 ?
2647 4695 2701 4737 et
2731 4685 2822 4752 qui
2867 4699 3173 4738 mensuram
3225 4685 3420 4738 buma-

1865 4776 2048 4828 nitatis
2080 4783 2276 4827 nostra:
2300 4788 2404 4826 non
2446 4774 2766 4839 dedignatus
2795 4783 2899 4837 est,
2943 4778 3211 4841 quomodo
3248 4789 3414 4842 repu-

1863 4866 2057 4918 dianda
2113 4866 2338 4918 duceret
2383 4865 2662 4918 humana?
2722 4861 2969 4920 Forsitan
3015 4866 3152 4918 haud
3208 4863 3422 4918 difﬁcile

1863 4957 2001 5012 foret
2037 4958 2086 5010 id
2113 4956 2353 5024 pluribus
2388 4966 2628 5010 tractare
2658 4956 3022 5019 sermonibus,
3081 4964 3133 5009 et
3162 4955 3423 5023 prolixio-

1863 5065 1971 5101 rem
1999 5049 2063 5101 ad
2083 5049 2182 5102 hoc
2213 5047 2577 5100 narrationem
2598 5047 2931 5113 protrahere.
2953 5046 3077 5111 Sed,
3101 5046 3183 5099 his
3202 5046 3266 5098 ad
3298 5061 3427 5113 prae-

1861 5154 1984 5191 sens
2012 5137 2413 5207 przelermissis,
2450 5137 2687 5204 ipsorum
2713 5135 2933 5190 aﬁeram
2953 5151 3252 5191 sermones.
3282 5137 3424 5190 Scri-

1863 5238 2083 5297 pserunt
2111 5229 2253 5282 enim
2289 5227 2365 5281 sic
2401 5243 2412 5277 :
2448 5225 2649 5279 Verum
2679 5243 2743 5280 ne
2779 5228 3023 5281 turbetur
3053 5238 3228 5280 vestra
3261 5242 3412 5282 mens

1863 5323 2081 5375 audiens
2109 5320 2176 5374 de
2215 5333 2298 5381 eo,
2337 5320 2436 5387 qui
2472 5333 2665 5387 passus
2713 5327 2796 5372 est
2831 5339 2841 5372 :
2885 5339 2902 5370 ‹
2939 5318 3004 5372 Ει
3050 5321 3264 5388 quidem
3301 5335 3420 5373 cum

2188 5503 2230 5531 ³ο
2257 5502 2416 5557 "chr.
2452 5517 2547 5561 XII,
2578 5501 2628 5553 9..

2708 5501 2744 5531 ³ι
2780 5500 3008 5569 Philipp.
3051 5518 3106 5565 ιι,
3143 5501 3192 5553 7.

1277 5666 1441 5718 Varia'
1484 5664 1734 5717 lectiones
1764 5677 1825 5714 ex
1859 5661 2039 5713 codice
2068 5660 2433 5727 Segnieriano.

264 5819 293 5859 Ρ
327 5809 760 5881 διατεθειμένοις.
838 5823 861 5860 ιι
900 5812 988 5863 καὶ
1022 5811 1203 5878 ἕτερα.
1285 5819 1302 5845 ι’
1335 5809 1393 5860 16
1417 5807 1623 5877 χρῆμα.

1705 5817 1723 5843 ³
1765 5805 2063 5875 ποιήσαιτε.
