4062 6340
644 389 747 447 εετ
842 465 845 469 η

1625 378 1685 433 S.
1728 374 2010 432 CYRILLI
2051 371 2522 432 ALEXANDRINI
2563 376 2886 435 ARCHIEP.

3793 381 3894 436 368

647 516 790 564 esset
816 505 1041 560 Filius.»
1071 501 1188 561 Non
1213 502 1356 559 enim
1382 502 1517 559 duos
1539 503 1676 560 ﬁlios
1695 505 1946 570 dicimus;
1980 519 2101 560 eum
2128 503 2217 574 qui

2340 504 2495 559 Ἀλλὰ
2535 506 2610 577 μὴ
2658 506 3010 576 ταραττέσθω
3062 505 3213 576 ὑμῶν
3262 507 3295 577 ἡ
3345 504 3572 568 διάνοια,
3625 506 3753 577 περὶ
3801 507 3893 560 τοῦ

647 615 833 668 passus
865 608 967 663 est,
1003 607 1055 651 et
1091 611 1213 652 eum
1261 596 1351 666 qui
1379 597 1583 651 mansit
1613 597 1992 666 impassibilis.
2029 597 2215 666 Neque

644 689 787 743 enim
820 704 846 740 a
878 688 1080 742 deitate
1113 687 1340 742 seorsim
1375 696 1777 756 sequestratum
1836 687 1886 742 id
1940 687 2084 757 quod
2136 695 2218 741 est

644 795 711 833 ex
746 780 953 836 semine
1006 778 1174 834 David
1211 777 1383 833 Filius
1429 778 1741 833 nominatus
1785 788 1898 843 est,
1936 788 1995 832 ut
2043 791 2218 846 neque

646 871 821 926 deitas
843 881 963 940 post
1001 871 1302 925 unitionem
1331 871 1448 926 sine
1480 871 1675 925 visibili
1705 885 1869 924 carne
1898 869 2073 925 Filius
2109 885 2207 938 ap-

646 960 865 1030 pellata.
896 961 964 1015 Et
994 960 1228 1015 iterum:
1266 945 1418 1015 Unde
1456 974 1618 1012 unum
1653 968 1708 1013 et
1743 960 1988 1014 eumdem
2023 959 2215 1013 Filium

645 1051 968 1112 conﬁtemur
987 1050 1285 1107 inconfusis
1310 1053 1515 1105 naturis
1534 1051 1900 1116 manentibus,
1931 1067 2034 1104 non
2055 1050 2216 1105 alium

643 1152 699 1196 et
727 1142 888 1197 alium
914 1143 1178 1206 dicentes;
1205 1143 1376 1197 absitl
1410 1142 1507 1198 sed
1534 1158 1698 1196 unum
1733 1151 1782 1196 el
1808 1143 2056 1197 eumdem
2086 1157 2220 1210 pon-

646 1233 890 1300 tiﬁcem;
967 1247 1097 1304 ergo
1119 1240 1173 1290 et
1207 1235 1509 1303 apostolum
1563 1243 1808 1290 nostrum
1861 1233 2060 1287 factum
2100 1247 2220 1287 esse

649 1324 809 1395 189
826 1324 1110 1380 Dominum
1135 1335 1373 1380 nostrum
1393 1323 1574 1379 Jesum
1600 1324 1896 1386 Christum,
1923 1323 2218 1378 secundum

645 1419 856 1470 divinas
889 1415 1230 1485 Scripturas,
1272 1415 1453 1470 nullus
1504 1431 1609 1470 non
1663 1415 2058 1480 conlitebitur;
2114 1431 2218 1468 non

645 1517 824 1561 tamen
847 1514 1158 1574 separatum
1184 1506 1412 1561 seorsim
1446 1507 1720 1561 hominem
1735 1522 1801 1560 ex
1826 1506 2051 1561 muliere
2078 1521 2105 1559 a
2127 1505 2219 1560 Dei

644 1597 825 1653 Patris
855 1597 1050 1653 Verbo.
1093 1596 1280 1668 Itaque
1334 1598 1377 1652 si
1410 1614 1573 1652 unum
1602 1598 1790 1653 dicunt
1814 1597 2033 1662 Filium,
2075 1597 2221 1652 nullo

648 1687 810 1744 modo
833 1691 1130 1758 partientes
1159 1690 1214 1744 in
1247 1689 1384 1745 duos
1419 1708 1432 1743 :
1469 1705 1638 1744 ttnum
1668 1705 1736 1745 ex
1789 1691 1997 1746 semine
2026 1687 2219 1754 David,

643 1790 697 1835 et
729 1780 893 1835 alium
928 1796 993 1835 ex
1017 1779 1127 1835 Deo
1158 1779 1318 1836 Patre
1342 1779 1605 1850 Verbum;
1642 1782 1920 1853 quomodo
1968 1799 2078 1837 non
2131 1783 2221 1837 Iae-

644 1873 781 1928 dunt
801 1880 1208 1929 sacramentum
1221 1914 1234 1940 ,
1252 1874 1547 1942 partientes
1564 1875 2018 1946 dispensationem
2034 1875 2144 1930 Deo
2167 1884 2221 1927 et

643 1966 937 2032 hominiet;
971 1982 1075 2022 non
1107 1966 1286 2036 potius
1310 1981 1474 2020 unum
1498 1976 1552 2020 et
1580 1967 1826 2021 eumdem
1861 1969 2026 2023 Deum
2046 1979 2100 2021 et
2123 1969 2221 2023 ho-

643 2055 844 2112 minem
864 2055 1199 2122 essedicunt,
1216 2057 1586 2112 utsintomnia
1611 2056 1747 2126 ejus,
1767 2065 1954 2127 etqua:
1966 2058 2144 2113 divina
2167 2069 2220 2114 ct

643 2162 764 2217 qua:
788 2147 1060 2201 humana?
1084 2146 1215 2202 Nam
1248 2149 1460 2217 quando
1483 2147 1706 2217 aliquid,
1731 2149 1872 2219 quod
1898 2149 2067 2204 Deum
2100 2165 2219 2204 ma-

642 2241 787 2296 xime
815 2242 1000 2305 decet,
1024 2240 1091 2295 de
1119 2239 1236 2310 ipso
1266 2240 1482 2301 dicitur,
1513 2241 1615 2294 hoc
1640 2251 1786 2295 certe
1817 2241 2130 2295 omnimodo
2164 2247 2218 2295 et

641 2343 831 2384 verum
854 2343 974 2382 esse
997 2327 1246 2392 dicimus,
1274 2328 1440 2381 Deum
1465 2329 1607 2381 enim
1639 2327 1813 2397 ipsum
1854 2343 1970 2382 csse
1994 2329 2216 2382 scimus.

643 2419 782 2475 Etsi
823 2419 1057 2474 humane
1085 2418 1363 2488 quidpiam
1417 2417 1621 2471 dictum
1674 2417 1859 2484 fuerit,
1910 2419 2073 2473 etiam
2117 2419 2219 2475 hoc

642 2512 1012 2567 admittemus.
1062 2509 1400 2565 Conﬁtemur
1449 2510 1592 2563 enim
1647 2512 1791 2578 quod
1838 2509 1983 2567 Deus
2037 2518 2120 2565 est
2165 2511 2217 2564 in

643 2617 810 2660 carne
851 2611 904 2657 et
937 2603 1220 2666 sanguine,
1275 2609 1331 2658 et
1363 2601 1724 2657 humanitatis
1762 2616 2071 2656 mensuram
2120 2617 2218 2670 per

640 2693 878 2750 humana
914 2692 1280 2762 agnoscimus.
1335 2691 1500 2746 Millia
1547 2691 1692 2746 enim
1727 2691 1956 2745 millium
2007 2705 2219 2746 sanctu-

641 2799 766 2840 rum
818 2783 1132 2851 angelorum
1185 2782 1502 2838 ministrant
1560 2782 1652 2849 ei;
1719 2791 1774 2836 et
1813 2782 2059 2835 divinum
2103 2783 2220 2852 ejus

643 2875 901 2932 thronum
979 2875 1340 2929 circumstant
1386 2872 1696 2943 Seraphim.
1758 2871 1986 2939 Quando
2035 2885 2215 2929 autem

643 2967 822 3024 factus
855 2975 938 3022 est
963 2965 1145 3029 homo,
1174 2972 1404 3019 vocatus
1447 2973 1530 3018 est
1554 2964 1718 3018 etiam
1764 2961 2046 3032 pontifex;
2110 2979 2216 3018 non

643 3058 790 3132 quod
830 3066 1083 3126 tanquam
1117 3054 1307 3125 majori
1340 3051 1451 3109 Deo
1483 3052 1704 3108 oﬁ‘erret
1731 3053 2085 3117 sacriﬁcium,
2118 3056 2212 3108 sed

2318 596 2581 660 παθόντος
2634 597 2906 650 ἀκούουσα
2944 601 2995 662 ί,
3037 617 3053 647 ι
3085 597 3303 665 Καίπερ
3330 595 3405 648 ὣν
3437 595 3582 658 Υἱός.
3625 615 3641 646 ι
3679 594 3755 650 Ού
3788 597 3894 666 γὰρ

2316 687 2409 741 δύο
2450 687 2600 752 υἱούς
2633 705 2834 758 φαμεν,
2869 690 2960 742 τόν
3008 705 3065 740 τε
3101 688 3359 750 παθόντα,
3411 689 3506 741 καὶ
3555 689 3646 739 τὸν
3703 689 3892 757 ἀπαθῆ

2321 780 2600 849 μείναντα.
2635 780 2709 832 Οὐ
2740 778 2849 849 γὰρ
2878 779 3298 851 κεχωρισμένως
3333 779 3426 832 καὶ
3453 778 3768 842 ἰδιαζόντως
3798 778 3894 847 τῆς

2320 872 2570 944 θεότητος
2593 874 2653 927 τὸ
2681 877 2744 928 ἐκ
2772 875 3084 944 σπέρματος
3112 872 3272 927 Δαυῖδ
3299 871 3424 936 Υἱὸς
3449 872 3762 942 ὠνόμασται
3783 888 3794 900 ⁸
3825 871 3895 931 ὠς

2319 964 2437 1018 οὐδὲ
2467 965 2498 1035 ὴ
2534 965 2722 1038 θεότης
2756 967 2895 1036 μετὰ
2922 965 3019 1036 τὴν
3048 965 3238 1017 ’ἐνωσιν
3270 964 3394 1018 ἄνευ
3425 962 3525 1033 τῆς
3569 961 3897 1032 φαινομένης

2323 1055 2523 1125 σαρκὸς
2553 1056 2680 1121 Υίδς
2713 1057 3168 1128 προσηγόρευται.
3216 1054 3329 1109 Καὶ
3372 1055 3532 1107 πάλιν
3554 1070 3566 1084 ’
3607 1055 3771 1108 Ὅθεν
3805 1055 3900 1106 Eva

2321 1148 2414 1200 καὶ
2465 1148 2557 1202 τὸν
2607 1149 2765 1203 αὐτὸν
2801 1151 2928 1202 Υἱδν
2975 1148 3365 1219 ὁμολογοῦμεν,
3420 1146 3746 1217 ἀσυγχύτων
3792 1146 3899 1198 τῶν

2321 1239 2536 1306 φύσεων
2570 1240 2863 1311 μενουσῶν,
2892 1241 2992 1296 οὒκ
3019 1240 3175 1295 ἄλλον
3204 1241 3297 1291 καὶ
3330 1239 3487 1292 ἄλλον
3517 1239 3791 1307 λέγοντες,
3827 1239 3899 1307 μὴ

2321 1330 2550 1399 γένοιτο,
2583 1331 2696 1385 ἀλλ’
2730 1332 2825 1385 ἕνα
2859 1332 2953 1385 κιῦ⁵
2981 1334 3072 1385 τὸν
3104 1331 3284 1386 αὐτόν.
3339 1330 3624 1402 ’Λρχιερέα
3659 1326 3754 1383 οὖν
3807 1330 3899 1382 καὶ

2322 1421 2620 1474 ἀπόστολον
2662 1421 2822 1492 ἡμῶν
2869 1417 3195 1493 γεγενῆσθαι
3230 1423 3320 1475 τὸν
3349 1421 3557 1493 Κύριον
3590 1421 3748 1491 ἡμῶν
3803 1421 3900 1490 Ἰη-

2324 1512 2449 1565 σοῦν
2480 1513 2714 1582 Χριστὸν
2748 1512 2884 1566 κατὰ
2915 1513 3011 1576 τὰς
3041 1514 3190 1576 θείας
3221 1513 3464 1583 Γραφὰς,
3501 1513 3677 1575 οὐδεὶς
3714 1510 3782 1564 ἂν
3806 1510 3900 1579 οὐχ

2321 1605 2727 1676 ὁμολογήσειεν,
2773 1605 2833 1657 οὐ
2868 1605 3240 1676 χωριζόμενον
3274 1605 3454 1674 μέντοι
3487 1603 3669 1667 ίδικῶς
3693 1603 3903 1675 ἂνθρω-

2324 1712 2422 1747 πον
2451 1695 2514 1748 ὲκ
2539 1694 2793 1762 γυναικὸς
2825 1693 2918 1746 τοῦ
2952 1695 3015 1747 ὲκ
3058 1693 3192 1746 Θεοῦ
3225 1694 3435 1767 Πατρδς
3464 1694 3659 1762 Λόγου.
3692 1694 3902 1749 Οὐκοῦν

2323 1785 2372 1838 εί
2409 1785 2505 1839 ἕνα
2539 1785 2700 1855 φασὶν
2737 1784 2884 1848 Υίδν,
2927 1785 3048 1839 κατ’
3095 1784 3282 1837 οὐδένα
3320 1785 3518 1855 τρόπον
3565 1783 3903 1856 διαιροῦντες

2323 1879 2402 1942 είς
2420 1877 2532 1945 δύο,
2565 1878 2656 1931 τόν
2674 1894 2732 1930 τε
2763 1878 2828 1930 ὲκ
2858 1876 3168 1947 σπέρματος
3199 1876 3382 1940 Δαυῒδ,
3415 1879 3510 1929 καὶ
3537 1876 3628 1929 τὸν
3667 1878 3732 1929 ὲκ
3769 1875 3905 1929 Θεοῦ

2322 1969 2536 2040 Πατρδς
2586 1970 2778 2038 Λόγον,
2842 1968 2958 2032 πῶς
3013 1969 3113 2021 οὐκ
3161 1967 3405 2022 ἀδικοῦσι
3457 1967 3519 2019 τὸ
3579 1969 3904 2040 μυστήριον,

2324 2062 2640 2132 μερίζοντες
2672 2061 2770 2132 τὴν
2809 2058 3121 2130 οἰκονομίαν
3170 2058 3290 2129 Θεῷ
3332 2058 3426 2112 καὶ
3467 2058 3760 2129 ἀνθρώπῳ,
3816 2060 3909 2113 καὶ

2319 2155 2440 2225 οὐχὶ
2469 2156 2533 2225 δὴ
2569 2142 2768 2225 μᾶλλον
2797 2154 2886 2208 τὸν
2912 2154 3030 2217 ⁹ἐνα,
3065 2152 3267 2207 καὶτὸν
3297 2151 3461 2204 αὑτὸν
3489 2152 3582 2204 καὶ
3601 2151 3736 2204 Θεὸν
3767 2147 3910 2204 εἷναί

2321 2261 2473 2313 φασι,
2509 2245 2603 2298 καὶ
2635 2243 2943 2314 ἄνθρωπον,
2987 2244 3061 2306 ὡς
3112 2238 3250 2296 εῖναι
3294 2242 3472 2294 πάντα
3527 2239 3711 2306 αὐτοῦ,
3749 2243 3823 2296 τά
3851 2260 3906 2294 τε

2321 2335 2622 2407 θεοπρεπῆ,
2656 2336 2749 2388 καὶ
2781 2336 2849 2410 τὰ
2875 2333 3223 2405 ἀνθρώπινα;
3253 2332 3420 2386 Ὅταν
3453 2331 3561 2402 γάρ
3591 2348 3642 2384 τι
3677 2331 3787 2383 τῶν
3827 2332 3908 2384 ὅτι

2325 2429 2559 2497 μάλιστα
2592 2426 3080 2497 θεοπρεττεστάτων
3112 2424 3335 2494 λέγηται
3366 2424 3492 2493 περὶ
3527 2422 3716 2488 αὐτοῦ,
3747 2423 3911 2477 τοῦτο

2319 2517 2383 2588 δὴ
2413 2517 2631 2578 πάντως
2673 2515 2765 2568 καὶ
2802 2513 3000 2582 ἀληθὲς
3027 2508 3166 2565 εἷναί
3198 2528 3402 2581 φαμεν
3432 2511 3563 2563 Θεὸν
3603 2512 3712 2580 γὰρ
3747 2511 3910 2580 ἴσμεν

2322 2605 2506 2661 αὐτόν.
2536 2604 2655 2658 Κᾶν
2683 2600 3025 2672 ἀνθρώπινόν
3048 2618 3101 2653 τι
3121 2599 3181 2653 τδ
3211 2599 3538 2668 λαλούμενον
3563 2594 3618 2673 ᾖ,
3649 2600 3742 2652 καὶ
3763 2599 3912 2653 οὕτω

2324 2695 2720 2766 συννεύσομενι
2772 2691 3144 2763 ὁμολογοῦμεν
3190 2690 3300 2761 γὰρ
3345 2691 3426 2743 ὄτι
3471 2691 3604 2753 Θεός
3648 2692 3800 2744 ἐστιν
3853 2693 3913 2744 ὲν

2323 2789 2488 2860 σαρκὶ
2528 2788 2621 2841 καὶ
2646 2787 2876 2856 αἵματι·
2911 2785 3005 2837 καὶ
3033 2783 3093 2836 τὸ
3125 2783 3222 2853 τῆς
3254 2783 3353 2836 ἀνθ
3365 2783 3676 2853 ρωπότητος
3708 2783 3914 2853 μέτρον

2320 2881 2408 2935 διὰ
2434 2867 2555 2934 τῶν
2573 2877 2929 2949 ἀνθρωπίνων
2953 2873 3409 2944 ὲπιγινὼσκομεν.
3444 2874 3629 2928 Χίλιαι
3663 2876 3765 2946 μὲν
3800 2878 3912 2945 γὰρ

2321 2970 2554 3043 χιλιάδες
2579 2969 2748 3038 ἁγίων
2774 2967 3020 3035 ἀγγέλων
3050 2966 3459 3036 λειτουργοῦσιν
3482 2967 3654 3036 αὐτῷ,
3689 2968 3785 3020 καὶ
3819 2970 3913 3021 τὸν

2323 3063 2464 3117 θεῖον
2493 3057 2660 3114 αὑτοῦ
2690 3058 2877 3128 θρόνον
2912 3057 3221 3127 περιιστᾶσι
3250 3054 3320 3107 τὰ
3360 3053 3630 3124 Σεραφίμ.
3683 3055 3912 3127 Ἐπειδὴ

644 3151 788 3224 quod
834 3149 1040 3219 sibiipsi
1095 3157 1148 3202 et
1203 3146 1349 3202 Patri
1396 3145 1518 3200 ﬁdei
1562 3154 1759 3200 nostrae
1813 3145 2211 3201 confessionem

2323 3156 2376 3212 δὲ
2404 3152 2625 3222 γέγονεν
2649 3149 2952 3219 ἄνθρωπος.
2979 3145 3358 3216 κεχρημάτικε
3386 3146 3477 3198 καὶ
3500 3145 3779 3215 ἀχιερεὺς,
3813 3147 3911 3216 οὐχ

642 3251 979 3312 procuraret.
1011 3239 1249 3293 Audiens
1279 3236 1422 3306 quod
1459 3237 1638 3290 dictus
1660 3247 1743 3291 est
1794 3236 2057 3292 sacerdos
2083 3253 2214 3308 pro—

641 3342 766 3406 pter
787 3331 1198 3395 humanitatem,
1240 3328 1546 3385 erubescis?
1569 3328 1771 3384 Deinde
1797 3331 2074 3399 quomodo
2107 3346 2212 3385 non

646 3423 948 3478 admiratus
976 3435 1056 3486 es,
1083 3419 1229 3488 quod
1274 3423 1382 3474 non
1412 3422 1706 3474 secundum
1730 3419 2075 3475 sacerdotum
2105 3437 2219 3477 mo-

646 3529 784 3580 rem,
816 3513 970 3567 alteri
1007 3511 1259 3568 detulerit
1289 3511 1541 3566 sacriﬁcii
1579 3512 1819 3578 modum,
1861 3513 1957 3566 sed
2004 3514 2218 3582 sibiipsi

647 3607 827 3678 potius
861 3616 916 3662 et
941 3603 1120 3671 Patri,
1162 3614 1224 3660 ut
1262 3603 1417 3659 dixi?
1461 3604 1692 3670 Quando
1744 3604 1883 3658 dicis
1941 3605 2217 3673 indignum

647 3711 769 3752 esse
829 3696 938 3752 Deo
980 3706 1038 3750 ut
1090 3695 1382 3761 sacriﬁcet,
1447 3690 1709 3762 astipulor
1760 3705 1815 3748 et
1845 3709 1966 3764 ego.
2020 3695 2124 3750 Sed
2175 3697 2221 3752 si

647 3787 822 3844 solum
853 3797 1000 3843 esset
1046 3797 1101 3841 et
1132 3786 1341 3855 absque
1381 3799 1546 3840 carne
1589 3786 1850 3852 Verbum,
1903 3788 2045 3843 recte
2075 3790 2223 3843 dice-

646 3892 778 3933 res:
809 3885 862 3931 at
890 3890 1016 3930 vero
1037 3877 1160 3944 quia
1196 3875 1398 3929 factum
1438 3883 1521 3928 est
1577 3889 1729 3939 caro,
1783 3868 1916 3930 vide'
1953 3887 2008 3929 et
2044 3877 2219 3932 sacri-

648 3969 900 4023 ﬁcantem
950 3977 1170 4036 propter
1208 3964 1638 4031 humanitatem;
1668 3974 1723 4020 et
1764 3965 1816 4019 in
1869 3966 2222 4037 dignitatibus

646 4061 793 4115 ultra
824 4068 1174 4123 creaturam,
1208 4057 1346 4111 sicut
1375 4056 1541 4111 Deum
1587 4071 1601 4108 :
1637 4057 1880 4112 considet
1915 4059 2058 4112 enim
2101 4074 2222 4113 cum

650 4152 761 4210 Deo
789 4158 844 4205 et
871 4149 1050 4205 Patre.
1100 4147 1292 4218 Itaque
1343 4157 1398 4202 et
1439 4147 1560 4203 vide
1605 4147 1778 4217 ipsum
1818 4148 2220 4204 sacriﬁcantem

648 4241 943 4298 secundum
995 4240 1386 4295 humanitatem
1419 4281 1434 4304 ,
1501 4240 1872 4294 considentem
1928 4251 2112 4296 autem
2163 4251 2221 4295 ut

648 4332 840 4388 Deum.
887 4329 1026 4397 Quid
1060 4331 1204 4383 enim
1254 4329 1384 4382 dicit
1430 4329 1622 4384 beatus
1670 4327 1867 4385 Paulus
1895 4332 1983 4400 ἲν(
2036 4331 2221 4386 Talem

649 4425 912 4479 habemus
949 4419 1282 4490 pontiﬁcetn,
1317 4419 1405 4490 qui
1426 4419 1675 4474 consedit
1705 4422 1756 4474 in
1780 4421 2006 4475 dextera
2041 4423 2220 4478 throni

649 4509 1040 4585 magnitudinis
1073 4513 1126 4566 in
1158 4513 1384 4568 excelsis
1414 4512 1479 4564 θ’.
1518 4531 1535 4563 ι
1591 4513 1838 4569 Scieutes
1866 4514 2032 4584 igitur
2077 4519 2220 4587 quod

649 4600 826 4661 factus
851 4615 934 4660 est
958 4607 1139 4668 homo,
1167 4618 1289 4658 cum
1320 4604 1459 4657 Deus
1507 4613 1650 4656 esset
1701 4611 1805 4673 (est
1845 4614 2024 4660 autem
2085 4623 2223 4663 unus

651 4709 706 4750 et
733 4697 873 4751 idem
901 4692 1115 4764 Filius),
1147 4691 1220 4746 illi
1249 4694 1428 4747 omnia
1461 4693 1777 4758 tribuemus,
1803 4705 1863 4750 ut
1891 4697 2001 4762 uni;
2031 4708 2084 4752 et
2115 4699 2224 4753 dis-

649 4787 985 4858 pensationls
1044 4784 1234 4839 modos
1278 4799 1384 4838 non
1425 4786 1833 4855 ignorabimus,
1875 4789 2223 4858 cogitationis

650 4879 762 4932 vim
810 4889 1024 4945 semper
1064 4874 1288 4945 provide
1327 4885 1381 4930 et
1423 4877 1698 4945 sapienter
1747 4880 1812 4933 ad
1855 4880 2222 4936 obedientiam

653 4968 773 5038 eius
804 4975 1192 5021 convertentes.

2321 3247 2395 3311 ὼς
2432 3243 2638 3314 μείζονι
2675 3238 2794 3308 Θεῷ
2844 3235 3228 3308 προσκομίζων
3272 3235 3370 3304 τὴν
3420 3235 3762 3305 ἱερουργίαν,
3791 3235 3910 3288 ἀλλ’

2323 3336 2499 3407 ἐαυτῷ
2535 3351 2596 3388 τε
2629 3332 2721 3386 καὶ
2748 3330 2825 3401 τῷ
2867 3329 3045 3402 Harp).
3073 3328 3175 3397 τῆς
3203 3326 3437 3390 πίστεως
3465 3327 3620 3397 ἡμῶν
3653 3326 3751 3398 τὴν
3783 3329 3914 3398 ὁμο-

2322 3432 2508 3502 λογίαν
2569 3425 3112 3500 πραγματευόμενος.
3193 3418 3484 3490 Ἐρυθριᾷς
3544 3419 3760 3473 ἁκούων
3821 3413 3912 3472 ’ὅτι

2324 3522 2734 3596 κεχρημάτικεν
2779 3519 2955 3586 ἱερεὺς
2986 3513 3075 3567 διὰ
3117 3513 3179 3565 τὸ
3211 3512 3588 3584 ἀνθρώπινον;
3623 3508 3757 3565 Εἶτα
3797 3512 3913 3575 πῶς

2323 3619 2383 3670 οὑ
2404 3612 2754 3683 τεθαύμακας
2783 3611 2863 3662 ὅτι
2898 3605 2971 3677 μὴ
3000 3605 3140 3659 κατὰ
3167 3604 3228 3659 τὸ
3246 3603 3355 3657 τῶν
3382 3603 3570 3674 ἱερέων
3594 3602 3715 3665 ἔθος
3735 3603 3914 3673 ἑτέρῳ

2323 3705 2545 3775 ποιῆται
2578 3713 2604 3740 ιι
2634 3701 2731 3771 τῆς
2762 3696 3070 3769 ἱερουργίας
3101 3696 3191 3748 τὸν
3222 3694 3441 3764 τρόπον,
3473 3692 3651 3761 ἑαυτῷ
3681 3692 3739 3744 δὲ
3774 3693 3913 3762 μᾶλ-

2323 3795 2433 3857 λον,
2464 3791 2539 3854 ὡς
2569 3791 2728 3858 ἔφην,
2749 3788 2844 3839 καὶ
2874 3785 2952 3854 τῷ
2982 3785 3155 3853 Πατρί
3181 3801 3195 3849 ;
3233 3783 3401 3835 Ὅταν
3436 3781 3593 3854 εἴπῃς
3625 3782 3727 3835 οὐκ
3757 3781 3912 3846 ἄξιον

2325 3874 2466 3932 εἶναι
2498 3876 2593 3931 τοῦ
2625 3877 2759 3929 Θεοῦ
2793 3875 2854 3928 τὸ
2891 3875 3211 3944 ἱερουργεῖν,
3246 3872 3498 3943 σύμφημι
3538 3871 3716 3940 κάγώ.
3767 3872 3914 3924 Ἀλλ’

2325 3973 2373 4023 εί
2407 3971 2566 4041 μόνος
2608 3963 2698 4039 ἦν,
2730 3966 2823 4020 καὶ
2870 3964 2993 4034 δίχα
3022 3963 3226 4033 σαρκὸς
3260 3965 3288 4016 ό
3317 3963 3508 4032 Λόγος,
3547 3961 3684 4034 ἔφης
3714 3961 3781 4016 ἂν
3822 3965 3915 4033 op-

2327 4061 2434 4126 θῶς
2454 4077 2466 4088 ·
2501 4060 2687 4130 ἐπειδὴ
2717 4059 2773 4112 δὲ
2804 4058 3027 4127 γέγονεν
3071 4054 3384 4126 ἅνθρωπος,
3415 4056 3519 4126 ὅρα
3560 4055 3654 4107 καὶ
3692 4053 3914 4124 ἱερουρ-

2325 4152 2525 4222 γοῦντα
2554 4151 2643 4206 διὰ
2687 4151 2747 4204 τὸ
2791 4147 3152 4218 ἀνθρώπινον,
3183 4147 3282 4200 καὶ
3333 4146 3389 4198 ὲν
3420 4147 3532 4208 τοῖς
3563 4145 3704 4214 ὑπὲρ
3728 4145 3918 4198 κτίσιν

2325 4244 2654 4314 ἀξιώμασιν,
2706 4242 2781 4304 ὡς
2833 4240 3002 4292 Θεόνο
3056 4236 3363 4308 συνεδρεύει
3398 4236 3506 4306 γὰρ
3550 4234 3627 4305 τῷ
3662 4235 3785 4305 Θεῷ
3822 4238 3914 4290 καὶ

2326 4338 2520 4408 Πατρί,
2561 4337 2699 4406 Ὅρα
2732 4334 2909 4386 τοίνυν
2957 4330 3302 4402 ίερατεύοντα
3336 4328 3434 4398 μὲν
3465 4328 3627 4380 αὐτὸν
3663 4327 3809 4382 κατὰ
3857 4329 3915 4381 τὸ

2328 4427 2688 4498 ἀνθρώπινον,
2721 4421 3106 4493 συνεδρεύοντα
3144 4420 3201 4472 δὲ
3226 4419 3302 4482 ὡς
3331 4418 3482 4471 Θεόν.
3518 4415 3582 4470 Τί
3614 4417 3725 4488 γάρ
3750 4434 3915 4488 φησιν

2329 4522 2357 4572 ὁ
2396 4517 2660 4590 μακάριος
2694 4514 2933 4578 Παῦλοςς
2971 4532 2990 4565 ι
3027 4512 3283 4566 Τοιοῦτον
3311 4510 3508 4581 ἔχομεν
3539 4510 3834 4581 ἀρχιερέα,
3862 4511 3917 4572 ὃς

2334 4609 2584 4663 ἐκάθισεν
2615 4610 2672 4660 ὲν
2717 4605 2866 4676 δεξιᾷ
2907 4603 3001 4658 τοῦ
3039 4603 3230 4675 θρόνου
3273 4601 3374 4671 τῆς
3419 4601 3815 4671 μεγαλωσύνης
3865 4605 3917 4653 ὲν

2333 4702 2447 4762 τοῖς
2481 4699 2722 4768 ὑψηλοῖς.
2765 4716 2783 4748 ι
2821 4694 3035 4757 Είδότες
3066 4694 3245 4748 τοίνυν
3291 4693 3373 4746 ὅτι
3405 4692 3539 4755 Θεὸς
3578 4690 3655 4744 ὢν
3691 4693 3919 4760 γέγονεν

2335 4791 2642 4862 ἅνθρωπος,
2671 4789 2784 4840 ἔστι
2817 4788 2873 4840 δὲ
2902 4785 2981 4850 εἷς
3005 4788 3096 4839 καὶ
3131 4788 3158 4838 ὁ
3187 4785 3346 4847 αὐτὸς
3376 4781 3523 4849 Υἱὸς,
3560 4779 3712 4853 αὑτῷ
3739 4786 3917 4838 πάντα

2334 4874 2750 4950 προσνεμοῢμεν
2778 4874 2854 4936 ὼς
2898 4873 3009 4926 ἐνί·
3047 4870 3139 4926 καὶ
3174 4874 3301 4936 τοὺς
3337 4872 3437 4942 τῆς
3473 4871 3792 4941 οἰκονομίας
3820 4873 3918 4925 οὐκ

2335 4970 2656 5040 ὲννοήσομεν
2679 4975 2704 5006 τ
2735 4967 2991 5037 τρόπους,
3021 4964 3121 5034 τὴν
3157 4965 3266 5017 τῶν
3301 4963 3517 5018 ἐννοιῶν
3548 4963 3789 5034 ’δύναμιν
3828 4966 3917 5016 εὐ·

653 5053 854 5125 τέχνως
897 5054 989 5107 καὶ
1025 5054 1310 5125 ἐμφρόνως
1348 5054 1433 5107 ἀεὶ
1484 5055 1903 5126 περιτρέποντες
1937 5067 1962 5094 ι
1995 5061 2074 5123 είς
2121 5061 2220 5132 τὴν
2265 5061 2511 5132 ὑπακοὴν
2546 5056 2731 5112 αὐτοῦ.

941 5165 1098 5236 190
1127 5165 1761 5223 ANATHEMATISMUS
1800 5168 1890 5223 XI.

728 5277 786 5330 Si
812 5277 932 5345 quis
953 5277 1163 5330 Domini
1192 5292 1411 5332 carnem
1440 5277 1728 5345 viviﬁcam,
1752 5278 2026 5348 ipsiusque
2050 5278 2232 5344 Verbi,

657 5369 800 5437 quod
842 5383 906 5422 ex
947 5371 1051 5424 Deo
1083 5368 1243 5426 Patre
1279 5380 1380 5435 est,
1429 5371 1705 5441 propriam
1737 5386 1858 5426 esse
1894 5375 2181 5442 negaverit
2215 5390 2226 5438 ;

733 5546 775 5578 "
803 5545 963 5600 Hebr.
998 5562 1116 5614 vtn,
1144 5547 1200 5601 I.

2747 5167 3343 5225 ΛΝΛΘΕΜΛΤΙΣΜΟΣ
3378 5169 3464 5222 ιΑο

2406 5285 2473 5338 Εἴ
2495 5303 2577 5348 τις
2598 5285 2694 5354 οὐχ
2718 5283 2968 5354 ὁμολογεῖ
2989 5282 3088 5352 τὴν
3107 5280 3202 5334 τοῦ
3224 5280 3431 5351 Κυρίου
3453 5280 3632 5351 σάρκα
3656 5280 3918 5344 ζωοποιδν

2334 5372 2494 5441 εἶναι,
2531 5377 2624 5430 xat
2657 5375 2790 5428 ἰδίαν
2834 5374 2997 5428 αὑτοῦ
3030 5372 3124 5427 τοῦ
3172 5375 3235 5425 ὲκ
3268 5371 3402 5426 Θεοῦ
3455 5373 3670 5444 Πατρὸς
3719 5373 3917 5444 Λόγου,

1745 5633 1919 5688 Varia:
1952 5633 2209 5689 lectiones
2233 5650 2293 5688 ex
2321 5634 2508 5690 codice
2542 5635 2909 5708 Seguieriann.

737 5732 754 5769 ⁸
787 5729 1082 5786 ἀκούσασα.
1159 5739 1186 5766 ιι
1212 5729 1459 5781 ποιεῖται.
1537 5734 1563 5765 τ
1597 5724 1956 5795 ἀγνοήσομεν.
2037 5732 2061 5761 ι
2089 5724 2526 5798 περιϐλέποντες,
2553 5729 2614 5797 ἢ,
2651 5731 3024 5802 περιέποντες.
