4062 6340
162 403 264 457 569

774 402 1299 460 APOLOIIE’I'ICUS
1343 400 1473 458 PRO
1517 403 1603 457 ΧΗ
1649 404 1735 457 CA

1843 404 2013 461 ‘lBUS
2052 402 2333 458 CONTRA
2374 397 2828 457 OlilENTALES.

3310 392 3410 444 570

160 520 275 570 ἀλλ’
312 518 386 580 ὡς
434 520 619 589 ἑτέρου
655 522 796 583 τινὸς
843 525 968 593 παρ’
1017 522 1195 584 αὑτὸν,
1250 522 1597 591 συνημμένου
1646 523 1740 590 μὲν

1848 523 1941 576 sed
1978 522 2136 576 veluti
2171 522 2395 575 alterius
2435 518 2733 587 Cujuspiam
2768 514 2865 583 ipsi
2911 512 3082 566 Vetbo
3122 511 3411 563 secundum

162 609 309 677 αὑτῷ
346 611 485 663 κατά
519 612 616 681 τὴν
666 611 841 677 ἀξίαν,
878 615 1043 682 ἤγουν
1070 614 1145 676 ὠς
1182 614 1348 684 μόνην
1396 614 1546 669 Θείαν
1601 616 1735 667 ἐνοί-

161 717 324 769 κησιν
375 702 689 771 ἐσχηκότος,
722 706 814 756 καὶ
845 705 962 773 οὐχὶ
1009 704 1073 775 δὴ
1109 705 1311 774 μᾶλλον
1349 705 1627 769 ζωοποιὸν,
1661 706 1735 770 ὼς

159 792 394 862 ἔφημεν,
425 794 507 847 ὃτι
540 794 758 863 γέγονεν
797 796 900 867 ἰδία
929 806 954 843 γ
986 796 1078 848 τοῦ
1119 797 1289 863 Λόγου
1322 797 1415 849 τοῦ
1455 797 1522 850 τὰ
1559 799 1733 852 πάντα

162 883 445 944 ζωοποιεῖν
480 884 769 955 ἰσχύοντοςθ
800 886 1046 956 ἀνάθεμα
1082 886 1242 940 ἔστω.

482 1078 855 1146 Ἀντὶρῤησις
890 1078 1006 1133 τῶν
1034 1078 1423 1133 ἀνατολικῶν.

243 1190 398 1244 Ίδίαν
441 1193 689 1259 γενέσθαι
722 1194 816 1265 τὴν
847 1195 1181 1266 Δεσποτικὴν
1216 1194 1393 1266 σάρκα
1430 1192 1522 1247 τοῦ
1563 1196 1733 1261 Λόγου

157 1284 242 1335 διὰ
276 1284 373 1353 τῆς
403 1283 667 1349 ἐνώσεως,
694 1287 1072 1356 ὁμολογεῖσθαι
1098 1288 1280 1352 καλὸν,
1316 1284 1571 1347 νοοῦντας
1607 1287 1735 1355 μέν-

158 1393 241 1428 τοι
296 1376 355 1442 ἐξ
410 1376 564 1447 ἡμῶν
605 1378 775 1448 αὐτὴν
830 1379 1247 1449 προσειλῆφθαι.
1303 1376 1559 1447 Περιττὸν
1589 1376 1644 1428 δὲ
1677 1376 1737 1429 τὸ

158 1468 423 1536 ἐπάγειν·
474 1471 584 1522 Καὶ
611 1470 708 1539 οὐχ
757 1470 944 1540 ἑτέρου
977 1470 1119 1534 τινὸς
1163 1470 1295 1541 παρ’
1343 1468 1534 1522 αὐτόν·
1564 1469 1611 1521 εἰ
1661 1469 1735 1538 μὴ

159 1562 269 1632 ἄρα
321 1559 525 1632 ἐξαίρει
570 1562 740 1631 αὐτὴν
777 1561 871 1615 τοῦ
914 1560 973 1625 ἐξ
1017 1561 1173 1632 ἡμῶν
1204 1561 1476 1630 εἰλῆφθαι.
1525 1559 1598 1611 Τὸ
1630 1560 1736 1629 γὰρ

161 1652 401 1719 συνεχῶς
439 1652 617 1721 λέγειν
662 1652 830 1723 αὐτὴν
885 1652 1041 1716 ἰδίαν,
1091 1651 1433 1722 ὲξαιροῦντὸς
1474 1653 1590 1703 ἐστι
1639 1651 1737 1717 τὴν

156 1744 497 1815 Δεσποτικὴν
532 1745 708 1816 σάρκα
744 1740 882 1798 εἶναι
925 1744 1024 1814 τῆς
1061 1745 1333 1815 ἡμετέρας
1364 1742 1594 1810 φύσεως.
1630 1742 1738 1795 Καὶ

161 1836 261 1889 ποῦ
292 1836 355 1889 τὸ
400 1836 661 1906 καύχημα
702 1836 891 1906 ἡμῶν;
940 1834 1039 1888 Διά
1071 1834 1233 1901 τίνος,
1264 1834 1411 1902 λέγει
1441 1837 1467 1886 ὁ
1503 1832 1732 1896 Παῦλος,

159 1928 481 1997 συνήγειρεν
514 1929 678 1997 ἡμᾶς,
706 1929 800 1981 καὶ
823 1928 1172 1981 συνεκάθισεν
1197 1928 1374 1997 ὴμᾶς;
1408 1928 1514 1979 Καὶ
1544 1934 1564 1961 ι
1594 1925 1735 1987 τίνος

156 2019 267 2089 γὰρ
308 2018 418 2071 τῶν
460 2016 763 2089 ἀνθρώπων
807 2018 992 2089 ἑτέρου
1027 2021 1060 2087 ἡ
1111 2018 1339 2071 ἑκάστου
1390 2016 1563 2086 σάρξ;
1602 2017 1733 2084 Οὐχὶ

156 2112 388 2175 ἕκαστος
422 2110 519 2181 μὲν
544 2110 703 2182 ἡμῶν
734 2111 916 2182 κοινὴν
937 2111 1048 2181 ἔχει
1079 2110 1256 2179 σάρκα
1288 2109 1501 2177 ἑκάστῳ
1524 2108 1601 2178 τῷ
1637 2108 1732 2159 τοῦ

154 2203 448 2273 ὁμοουσίου
475 2203 639 2272 λόγῳ,
671 2203 807 2255 ἰδίαν
841 2219 899 2255 τε
928 2202 1005 2272 τῷ
1031 2202 1129 2272 τὴν
1163 2202 1393 2254 ἑκάστου
1430 2212 1454 2239 ιι
1487 2199 1561 2270 μὴ
1595 2195 1736 2252 εἶναι

153 2294 371 2364 ἑτέρου,
401 2294 434 2364 ἢ
466 2296 627 2365 μόνου
654 2289 712 2348 οῦ
739 2297 856 2347 ἐστι
890 2294 1057 2364 σάρξς
1094 2294 1158 2345 Τί
1187 2289 1278 2347 οῦν
1307 2293 1453 2363 αὺτῷ
1488 2292 1735 2361 βούλεται

149 2384 233 2454 τῷ
277 2386 433 2450 ἰδίαν,
487 2386 563 2449 ὡς
607 2386 794 2455 ἔτερόν
836 2403 888 2438 τι
935 2385 1181 2453 λέγοντι;
1234 2387 1294 2438 Εἰ
1328 2384 1436 2455 γὰρ
1480 2386 1589 2437 νοεῖ
1636 2384 1735 2453 τὴν

152 2478 498 2545 Δεσποτικὴν
538 2478 714 2547 σάρκα
761 2477 823 2527 ὲκ
853 2476 950 2545 τῆς
981 2476 1255 2545 ἡμετέρας
1310 2474 1584 2543 εἰλῆφθαι,
1626 2475 1735 2525 νοεῖ

147 2567 210 2617 δὲ
252 2566 329 2627 ὡς
442 2566 668 2619 ἑκάστου
716 2564 853 2632 σὰρξ
898 2566 1107 2616 ἐκείνου
1166 2566 1309 2615 ἐστὶν
1362 2564 1466 2616 ἰδία
1510 2556 1569 2615 οῦ
1621 2564 1737 2614 ἐστι

152 2655 319 2725 σὰρξ,
350 2655 443 2707 καὶ
475 2656 572 2722 οὐχ
606 2654 813 2723 ἐτέρου,
854 2655 907 2705 τί
930 2654 1005 2715 ὡς
1043 2654 1101 2705 οὐ
1134 2653 1283 2716 ξένου
1316 2653 1364 2717 δ,
1389 2651 1535 2717 λέγει
1569 2651 1735 2721 αὐτὴν

153 2749 298 2801 ἰδίαν
324 2743 496 2810 εἷναι;
525 2742 599 2797 Ἥ
632 2745 787 2812 δῆλον
819 2746 899 2797 ὅτι
935 2756 956 2778 θ
989 2743 1055 2795 δι’
1084 2742 1531 2812 ὲπικαλύμματος
1560 2742 1620 2793 οὐ
1652 2740 1737 2792 λέ-

151 2855 245 2905 γει
282 2836 452 2906 αὐτὴν
494 2836 559 2889 ἐκ
609 2835 708 2905 τῆς
754 2837 1026 2906 ἡμετέρας
1082 2836 1297 2903 φύσεως
1339 2834 1613 2903 εἰλῆφθαι,
1661 2835 1737 2895 ὼς

153 2930 495 3001 σαφέστερον
519 2928 666 2996 λέγει
704 2930 761 2981 ὲν
790 2928 867 2997 τῷ
899 2928 1099 2998 πρώτῳ
1126 2926 1288 2980 αὐτοῦ
1319 2928 1471 2996 τόμῳ
1491 2943 1502 2955 ·
1538 2927 1645 2980 Καὶ
1676 2927 1737 2978 τὸ

155 3021 382 3092 βρέφος,
424 3021 608 3090 φησὶν,
641 3015 707 3089 ἦν
742 3014 799 3071 εὖ
852 3018 969 3072 καθ’
1014 3017 1039 3057 ά
1076 3019 1222 3088 ἡμᾶς
1245 3035 1257 3046 ·
1307 3018 1600 3080 τουτέστιν,
1638 3018 1737 3070 οὐκ

152 3118 215 3168 ἐν
244 3114 376 3183 ψιλῇ
410 3112 503 3165 κα)⁸
550 3113 687 3184 μόνῃ
733 3114 798 3181 τῇ
840 3111 974 3180 πρὸς
1005 3111 1153 3180 ἡμᾶς
1202 3110 1503 3178 ὁμοιότητι,
1536 3109 1649 3161 ἀλλ⁹
1679 3110 1735 3160 ὲν

1838 613 2152 682 dignitatem
2181 611 2475 678 conjuncti,
2520 608 2775 662 nimirum
2810 604 2965 674 quasi
3004 602 3239 655 divinam
3288 613 3405 651 tau-

1841 713 1950 758 tum
1980 704 2427 758 inliabitatiouem
2455 699 2657 762 sortiti,
2695 712 2755 749 ac
2790 711 2892 748 non
2931 693 3107 761 potius
3142 689 3411 743 viviﬂcam

1838 808 1959 849 esse
1990 795 2213 859 dixerit,
2279 802 2338 846 ut
2386 793 2541 845 modo
2573 788 2915 843 memininms
2961 800 3025 838 eo
3055 782 3196 850 quod
3226 779 3406 840 Verbi,

1837 886 1978 954 quod
2006 885 2184 939 omnia
2203 885 2476 939 viviticarc
2509 890 2705 952 potest,
2742 880 2878 934 facta
2904 879 2975 931 sit
3003 877 3247 945 propria;
3282 887 3411 926 aua-

1838 976 2018 1030 thema
2054 976 2140 1030 sit.

2286 1086 2635 1139 Orientalium
2674 1082 2948 1151 oppositio.

1912 1199 2188 1269 Propriam
2224 1198 2418 1252 factam
2463 1195 2796 1249 Dominicam
2842 1207 3061 1247 carnem
3112 1189 3272 1243 Verbi
3314 1203 3411 1257 per

1838 1292 2092 1345 unionem
2126 1289 2369 1345 conﬁteri
2401 1288 2538 1342 bene
2568 1287 2767 1355 ;ltabet.
2826 1284 3185 1351 intelligentes
3228 1290 3406 1333 tamen

1837 1398 1954 1436 eam
2011 1398 2072 1437 ex
2128 1382 2283 1436 nobis
2323 1388 2679 1446 assumptam.
2728 1372 3070 1443 Superﬂuum
3110 1382 3285 1425 autem
3327 1379 3410 1423 est

1839 1474 2072 1543 adjicere
2110 1490 2123 1527 :
2163 1473 2226 1526 Et
2274 1488 2376 1526 non
2414 1470 2636 1524 alterius
2683 1465 2985 1533 cujuspiatn
3027 1471 3224 1530 praeter
3260 1475 3407 1519 eum,

1840 1566 1942 1619 nisi
1987 1564 2126 1618 forte
2149 1573 2307 1633 negat
2330 1576 2446 1616 eam
2472 1576 2538 1614 ex
2568 1558 2723 1612 nobis
2742 1563 3093 1621 assumptam.
3117 1551 3249 1605 Nam
3270 1564 3410 1618 saepe

1838 1658 2015 1711 dicere
2054 1657 2326 1725 propriam
2366 1653 2611 1721 negantis
2653 1661 2768 1715 est,
2814 1646 3146 1702 Dominicam
3192 1654 3407 1696 carnem

1840 1756 2034 1800 nostra:
2064 1760 2183 1801 esse
2218 1754 2444 1798 naturae.
2494 1742 2560 1797 Et
2610 1741 2698 1796 ubi
2744 1737 3218 1809 gloriatiornostra
3278 1733 3411 1786 est?

1849 1837 1951 1891 Per
1984 1852 2167 1906 quem,
2201 1837 2331 1890 dicit
2370 1834 2591 1895 Paulus,
2635 1830 3082 1886 conresuscitavit
3130 1836 3183 1881 et
3215 1841 3405 1881 conse-

1840 1931 1970 1985 dere
2002 1932 2131 1986 fecit
2161 1946 2261 1984 nos
2290 1928 2375 1981 ”?
2422 1928 2590 1996 Cujus
2623 1926 2768 1983 enim
2798 1926 3023 1980 alterius
3059 1920 3289 1976 hominis
3326 1928 3410 1970 cst

1837 2033 1931 2073 sua
1984 2020 2245 2088 cujusque
2278 2019 2457 2074 caro?
2508 2016 2698 2071 Nonne
2743 2015 3112 2084 unusquisque
3165 2020 3406 2066 nostrum

1837 2123 2181 2164 connnunem
2238 2109 2458 2179 quidem
2515 2107 2680 2163 habet
2719 2119 2940 2161 carnem
3006 2118 3130 2157 cum
3170 2113 3409 2166 unoquo-

1837 2212 1943 2265 que
2018 2196 2599 2251 cousubstantialitatis
2675 2193 2921 2257 ratione;
3005 2199 3060 2243 et
3135 2190 3408 2255 propriam

1845 2304 1910 2344 eo
1960 2293 2102 2357 quod
2152 2303 2269 2357 qua:
2306 2297 2389 2342 est
2437 2286 2863 2355 uniuscujusque
2910 2299 3012 2337 non
3061 2281 3132 2335 sit
3166 2279 3409 2337 alterius.

1837 2380 1941 2433 nisi
1977 2379 2187 2442 solius,
2236 2378 2392 2447 cujus
2442 2387 2525 2433 est
2569 2377 2739 2431 caro?
2784 2376 2922 2441 Quid
2969 2387 3096 2441 ergo
3126 2371 3227 2424 sibi
3278 2369 3407 2428 vult.

1838 2486 1959 2523 cum
1989 2469 2121 2523 dicit
2155 2469 2451 2538 propriam,
2503 2475 2763 2535 tanquam
2815 2464 2958 2517 aliud
2994 2462 3122 2531 quid
3175 2459 3413 2514 dicens?

1846 2558 1904 2613 Si
1949 2559 2095 2612 enim
2156 2558 2432 2626 intelligit,
2473 2555 2803 2609 Dominicam
2850 2566 3068 2606 carnem
3110 2565 3173 2603 ex
3229 2558 3409 2601 nostra

1838 2660 2192 2718 assumptam,
2224 2658 2279 2702 et
2314 2648 2587 2715 intelligit,
2628 2646 2770 2715 quod
2822 2642 3251 2709 uniuscujusque
3281 2655 3413 2693 caro

1839 2740 1985 2795 illius
2024 2749 2107 2795 est
2161 2739 2379 2808 propria
2413 2739 2567 2807 cujus
2596 2747 2679 2791 est
2723 2749 2871 2797 caro,
2924 2744 3107 2787 etnon
3137 2730 3363 2784 alterius
3393 2745 3409 2790 ς

1838 2848 1955 2894 cur,
1984 2842 2238 2899 tanquam
2271 2847 2375 2884 non
2415 2831 2486 2882 sit
2517 2827 2787 2889 extranei,
2828 2825 2960 2879 dicit
2984 2822 3254 2892 propriam
3290 2835 3410 2873 eam

1838 2924 2005 2977 esse?
2033 2923 2114 2975 An
2142 2932 2351 2976 certum
2400 2928 2502 2981 cst,
2545 2918 2686 2985 quod
2746 2898 2933 2983 aperte
2982 2923 3140 2981 negat
3184 2927 3300 2965 eam
3343 2926 3409 2963 ex

1841 3026 2024 3070 nostra
2051 3023 2384 3081 assumptam
2411 3027 2533 3068 esse
2561 3019 2771 3072 natura,
2812 3008 2952 3061 sicut
2980 3004 3179 3059 clarius
3203 3003 3330 3057 dicit
3357 3001 3409 3053 in

1838 3107 2011 3176 primo
2037 3120 2134 3159 suo
2163 3113 2314 3157 tonio
2348 3120 2361 3155 :
2395 3100 2460 3154 Et
2489 3098 2686 3160 infans,
2711 3097 2902 3166 inquit,
2932 3102 3050 3149 erat
3083 3107 3187 3146 non
3215 3105 3410 3145 secun-

151 3182 543 3275 ἀνθρωπότητι
574 3182 691 3274 μὲν,
729 3204 815 3256 διὰ
841 3204 940 3273 τὴν
968 3203 1167 3273 σάρκα,
1205 3202 1343 3254 θεῖον
1373 3202 1449 3265 δὲ,
1495 3202 1568 3264 ὡς
1598 3202 1736 3271 ὑπὲρ

1843 3200 1964 3251 dum
2018 3211 2146 3260 nos,
2195 3195 2295 3249 hoc
2332 3202 2447 3253 est,
2480 3206 2583 3245 non
2637 3191 2688 3243 in
2740 3203 2873 3257 pura
2898 3197 2951 3241 et
2982 3185 3095 3241 sola
3133 3183 3300 3237 nostri
3336 3182 3411 3237 si-

153 3299 333 3367 ἡμᾶς,
379 3297 473 3347 καὶ⁸
506 3295 563 3360 ἐξ
608 3294 872 3365 οὐρανοῦ;
923 3294 1032 3346 Καὶ
1081 3292 1240 3345 πάλιν
1290 3294 1345 3344 ὲν
1383 3291 1458 3361 τῷ
1505 3290 1740 3360 δευτέρῳ

152 3390 333 3458 τὸμῳ,
374 3386 519 3440 καθά
566 3403 736 3457 φησι·
774 3385 942 3455 Σῶμα
988 3384 1095 3454 γὰρ
1126 3381 1194 3455 ἦν
1228 3385 1324 3453 οὐχ
1364 3382 1549 3453 ἑτέρου
1600 3382 1740 3443 τινὸς

155 3483 270 3536 τῶν
296 3480 421 3533 καθ’
448 3481 618 3549 ἡμᾶς,
654 3477 781 3531 ἴδιον
807 3478 863 3530 δὲ
891 3477 1089 3549 μᾶλλον
1118 3476 1281 3530 αὑτοῦ
1317 3475 1411 3529 τοῦ
1445 3478 1506 3527 ὲκ
1532 3475 1742 3544 [ἰατρὸς

152 3573 317 3637 δντος
349 3572 521 3640 Λόγου
568 3571 628 3623 τὸ
672 3569 931 3639 γεννηθὲν
979 3570 1037 3635 ἐξ
1087 3568 1279 3637 αὐτῆς.
1321 3567 1416 3628 Τίς
1466 3567 1576 3634 γὰρ
1621 3560 1741 3616 εἰπέ

157 3678 318 3725 ποτε,
352 3662 433 3714 ὅτι
478 3659 664 3727 ἑτέρου
712 3658 854 3717 τινὸς
888 3656 994 3709 τῶν
1027 3656 1121 3709 ἀπ’
1153 3654 1347 3715 αἰῶνος
1386 3654 1604 3720 γέγονεν
1646 3651 1741 3702 ἁν-

156 3753 402 3825 ορώπων
450 3752 483 3820 ἡ
529 3749 830 3818 Δεσποτικὴ
878 3747 1032 3818 σὰρξ,
1082 3745 1241 3816 τυχὸν
1284 3742 1438 3815 ἢτοῦ
1474 3742 1657 3805 Ἅϐελ,
1707 3740 1740 3811 ἢ

157 3846 313 3911 Νῶε,
350 3844 382 3915 ἢ
444 3843 617 3906 Ἠλία,
649 3844 681 3910 ἦ
718 3858 858 3903 τινος
893 3841 1001 3893 τῶν
1045 3841 1137 3893 ἀπ’
1171 3837 1364 3898 αἰῶνος
1401 3834 1739 3905 ἀνθρώπων;

156 3940 237 3992 UO
275 3938 437 4007 μόνον
471 3934 526 3987 δὲ
564 3934 692 4003 περὶ
723 3934 823 4002 τῆς
856 3929 1190 3999 Δεσποτικῆς
1220 3928 1422 3998 σαρκὸς
1453 3925 1742 3993 ἀποφαινό-

156 4029 330 4101 μεθα,
375 4028 450 4089 ὡς
499 4027 557 4079 οὑ
601 4025 823 4092 γέγονεν
868 4024 1055 4092 ἑτέρου
1098 4021 1246 4083 τινὸς
1276 4019 1384 4072 τῶν
1416 4017 1510 4071 ἀπ’
1551 4017 1741 4079 αἰῶνος

150 4118 488 4191 ἀνθρώπων,
518 4116 631 4172 ἀλλ’
678 4115 840 4170 αὑτοῦ
867 4114 959 4168 τοῦ
991 4114 1191 4183 Κυρίου
1227 4111 1352 4173 ἰδία,
1386 4111 1479 4163 καὶ
1522 4109 1677 4179 μόνη,
1707 4109 1741 4177 ἡ

151 4211 506 4283 ἁσυγχύτως,
536 4211 629 4264 καὶ
661 4208 978 4279 ἀχωρίστως
1008 4204 1267 4257 ένωθείσα
1294 4202 1370 4271 τῷ
1400 4199 1518 4270 Θεῴ
1546 4199 1701 4267 Λόγῳ
1726 4215 1740 4228 υ

150 4305 276 4360 ἀλλ’
310 4304 417 4356 οὐδ’
445 4305 477 4371 ἡ
513 4302 628 4363 ἑνὸς
658 4301 887 4352 ἑκάστου
922 4296 1076 4366 ἡμῶν
1112 4293 1245 4364 σὰρξ
1269 4292 1458 4361 γέγονέ
1486 4307 1636 4353 ποτε,
1669 4290 1744 4351 ὡς

154 4398 398 4465 ἔφαμεν,
448 4392 637 4461 ἑτέρου
686 4388 852 4449 τινὸς,
884 4387 1025 4455 πλὴν
1072 4384 1277 4436 ἐκείνου
1340 4376 1399 4434 οῦ
1433 4384 1548 4434 ἐστι
1590 4379 1740 4450 σάρξ.

156 4490 370 4543 Τούτου
399 4486 578 4538 τοίνυν
610 4482 757 4552 παρά
791 4483 923 4533 πᾶσι
965 4482 1077 4540 τοῖς
1116 4478 1215 4547 τῆς
1258 4474 1581 4545 Ἐκκλησίας
1614 4476 1743 4542 ὁμο-

1843 3289 2170 3350 militudine,
2206 3288 2299 3341 sed
2329 3286 2381 3338 in
2431 3275 2765 3339 tnnnanitate
2793 3280 3008 3349 quidem
3038 3284 3257 3345 propter
3294 3289 3413 3329 car-

1843 3396 1985 3443 nem,
2020 3380 2235 3433 divinus
2257 3387 2436 3431 autem
2463 3388 2716 3442 tanquam
2737 3387 2896 3441 supra
2920 3385 3037 3432 nos,
3066 3379 3119 3423 et
3150 3369 3213 3421 de
3236 3366 3413 3421 caelo?

1843 3472 1906 3525 Et
1968 3473 2164 3525 iterum
2203 3470 2254 3523 in
2290 3469 2529 3524 secundo
2559 3477 2706 3519 tmno
2737 3466 2817 3518 sic
2851 3464 2928 3515 ait
2962 3481 2974 3516 :
3009 3461 3218 3529 Corpus
3267 3459 3411 3511 enim

1842 3562 1958 3631 ejus
1989 3578 2095 3615 non
2144 3569 2263 3615 erat
2305 3559 2527 3614 alterius
2561 3557 2791 3626 alicujus
2822 3571 2851 3609 e
2904 3554 3075 3607 nostri
3124 3550 3409 3611 similibus,

1843 3653 1935 3706 sed
1997 3651 2175 3721 potius
2232 3650 2509 3719 proprium
2563 3648 2731 3716 ipsius
2788 3644 3105 3701 exsistcntis
3140 3657 3204 3694 ex
3252 3641 3412 3693 Patro

1849 3740 2009 3795 Verbi
2036 3756 2098 3794 ex
2129 3754 2191 3792 ea
2233 3748 2440 3791 natum.
2469 3737 2604 3801 Quis
2632 3736 2773 3792 enim
2800 3732 3089 3801 aliquando
3118 3730 3253 3783 dixit
3288 3729 3413 3796 quia

1844 3831 2070 3885 alterius
2104 3827 2329 3894 alicujus
2358 3842 2388 3880 a
2428 3827 2627 3880 saecqu
2663 3824 2939 3877 hominum
2986 3821 3123 3874 facta
3163 3829 3248 3873 est
3288 3833 3414 3872 caro

1847 3919 2151 3984 Dominica,
2178 3919 2341 3971 veluti
2378 3916 2531 3981 Abel,
2572 3924 2665 3969 aut
2694 3914 2823 3978 Noe,
2869 3922 2965 3966 aut
2994 3913 3140 3976 Elite,
3179 3921 3270 3963 aut
3316 3924 3409 3963 cu-

1840 4013 2071 4081 juspiam
2107 4026 2136 4063 a
2167 4009 2363 4063 sacculo
2414 4006 2733 4062 hominum?
2764 4004 2878 4057 Non
2915 4003 3085 4057 solum
3136 4011 3316 4055 autem
3352 4002 3418 4052 de

1848 4103 2122 4157 Dominica
2152 4115 2313 4155 carne
2346 4100 2634 4153 deliniinus
2679 4097 2801 4165 quia
2838 4095 2977 4149 facta
3032 4109 3137 4146 non
3186 4102 3273 4147 cst
3314 4107 3412 4145 cu-

1839 4194 2076 4263 juspiam
2098 4192 2322 4263 alterius
2348 4191 2503 4260 191
2534 4206 2561 4242 a
2586 4188 2781 4244 saeculo
2805 4186 3213 4247 hominum,sed
3246 4184 3415 4251 ipsius

1848 4284 2058 4339 Domini
2091 4283 2308 4351 propria
2333 4292 2386 4334 et
2412 4282 2549 4342 sola,
2585 4293 2704 4347 qua:
2730 4273 3019 4330 inconfuse
3060 4284 3112 4327 et
3140 4274 3413 4339 insepara-

1848 4374 2029 4429 biliter
2059 4373 2209 4426 unita
2234 4380 2315 4426 est.
2344 4371 2449 4424 Dco
2483 4369 2657 4423 Verbo
2687 4390 2698 4423 :
2732 4367 2824 4421 sed
2857 4379 3031 4433 neque
3077 4361 3418 4427 uniuscujus-

1849 4480 1955 4535 que
1982 4478 2112 4518 caro
2142 4465 2285 4517 facta
2315 4471 2396 4513 cst
2428 4459 2743 4527 aliquando,
2797 4457 2933 4510 sicut
2972 4454 3307 4515 dicebamus,
3346 4453 3421 4504 al-

156 4579 518 4649 λογουμένου,
549 4576 596 4629 τί
625 4574 772 4644 αὐτῷ
810 4573 1055 4643 βούλεται
1100 4571 1162 4623 τὸ
1192 4568 1427 4638 συνεχῶς
1476 4568 1609 4619 ἰδίαν
1644 4566 1740 4618 αὑ-

1853 4558 2022 4611 tcrius
2050 4553 2304 4621 alicujus,
2344 4553 2445 4606 nisi
2496 4552 2640 4605 illius
2669 4550 2824 4615 cujus
2860 4556 2944 4602 cst
2983 4561 3135 4600 caro.
3169 4544 3283 4597 Hoc
3320 4546 3421 4597 ita-

155 4674 266 4742 τὴν
307 4670 509 4737 λέγειν,
546 4669 592 4719 εἰ
629 4667 703 4736 μὴ
734 4666 840 4735 ἄρα
874 4663 1079 4733 ἐξαίρει
1124 4662 1292 4731 αὐτὴν
1324 4659 1417 4713 τοῦ
1465 4654 1602 4711 εἶναι
1644 4656 1746 4725 τῆς

160 4763 443 4833 ἡμετέρας
484 4760 735 4828 φύσεωςς
772 4757 894 4818 liii);
933 4756 989 4808 δὲ
1032 4756 1126 4807 καὶ
1168 4753 1497 4823 ἀπαγορεύει
1534 4750 1607 4820 μὴ
1639 4750 1746 4801 δεῖν

158 4853 427 4921 λέγεσθαι
471 4848 822 4920 συνημμένην
856 4848 953 4916 μὲν
979 4844 1127 4913 αὐτῷ
1162 4844 1302 4898 κατὰ
1324 4844 1420 4913 τὴν
1448 4841 1621 4904 ἀξίαν,
1657 4839 1749 4891 καὶ

159 4943 485 5006 αὑθεντίαν,
513 4941 675 5002 αὐτὸς
713 4938 887 5007 λέγων
916 4934 1079 5004 ἐντῷ
1120 4933 1319 5003 πρώτῳ
1360 4932 1545 5001 τόμῳο
1593 4928 1749 4981 Οῦτω

162 5038 279 5106 γὰρ
315 5036 411 5087 καὶ
438 5036 599 5103 ἡμεῖς
627 5032 694 5101 τῇ
745 5029 952 5083 ἐκείνου
981 5026 1223 5093 πτωχείᾳ
1264 5022 1742 5089 πεπλουτήκαμεν,
1800 5076 1801 5079 η

159 5124 635 5193 ἀνακομισθείσης
667 5123 723 5173 ὲν
751 5117 898 5187 αὐτῷ
928 5116 1025 5185 τῆς
1059 5113 1399 5183 ἀνθρωπείας
1431 5111 1641 5177 φύσεως
1668 5110 1745 5170 εἰς

161 5219 391 5285 ἀξίωμα
443 5213 502 5265 τὸ
545 5209 864 5281 θεοπρεπέα
927 5206 1063 5259 Ἀλλ’
1110 5206 1269 5273 ἡμεῖς
1318 5204 1559 5269 εἴπωμεν
1601 5198 1748 5267 αὐτῷ

162 5306 573 5375 ἐναντιουμένῳ
608 5300 934 5369 καί.ὲαυτῷ·
971 5298 1032 5352 Εἰ
1057 5298 1237 5351 τοίνυν
1266 5296 1320 5347 αἰ
1348 5294 1533 5362 φύσεις
1568 5292 1755 5361 μένου-

165 5420 256 5454 σιν
311 5399 623 5467 άσυγχυτοι,
663 5396 808 5465 μένει
840 5393 894 5445 δὲ
931 5391 1022 5443 καὶ
1067 5392 1097 5458 ἡ
1129 5390 1350 5449 ἓνωσις·
1391 5385 1567 5453 φαμὲν
1598 5382 1651 5434 δὲ
1687 5381 1753 5433 τὰ

246 5581 293 5610 ³⁸
329 5579 523 5647 ['Ipltes.
556 5592 613 5637 II,
644 5575 694 5626 6.

1849 4663 1953 4717 que
1983 4660 2104 4699 cum
2128 4646 2471 4712 apudpmucs
2505 4640 2757 4693 Ecclesia:
2790 4637 2925 4689 lilios
2958 4635 3028 4688 sit
3055 4636 3107 4686 in
3147 4632 3419 4697 confesso,

1848 4737 1975 4805 quid
2011 4736 2111 4789 sibi
2148 4733 2285 4798 vult,
2317 4732 2458 4802 quod
2487 4746 2629 4799 saepe
2659 4728 2930 4797 propriam
2959 4740 3079 4780 eam
3106 4724 3273 4787 dicit,
3320 4723 3421 4775 nisi

1851 4830 1991 4882 [οι-ιο
2036 4826 2247 4895 excepit
2281 4841 2401 4878 eam
2433 4840 2463 4878 a
2494 4832 2675 4875 nostra
2708 4830 2901 4872 natura
2931 4818 2953 4869 ’ἔ
3012 4814 3291 4880 Quomodo
3326 4827 3422 4864 au-

1854 4930 1957 4974 tctn
1999 4918 2162 4972 etiam
2209 4916 2485 4969 interdicit
2513 4952 2529 4978 ,
2585 4926 2651 4965 ne
2713 4911 2925 4963 dicatur
2974 4920 3268 4960 connexatn
3303 4918 3425 4956 esse

1850 5011 1898 5063 ei
1938 5009 2231 5063 secundum
2270 5006 2588 5074 dignitatem
2632 5010 2686 5053 ct
2719 4998 3125 5059 auctoritatem,
3159 5010 3281 5047 cum
3310 4993 3424 5059 ipse

1852 5102 1993 5155 dicat
2025 5102 2077 5153 in
2114 5101 2286 5169 primo
2316 5106 2457 5149 tomo
2490 5114 2503 5148 :
2544 5094 2633 5147 Sic
2658 5093 2801 5145 cnim
2842 5101 2896 5144 ct
2952 5104 3048 5143 nos
3109 5086 3250 5141 illius
3295 5102 3424 5155 pau-

1856 5201 2066 5261 perlate
2104 5190 2254 5245 diluti
2285 5202 2494 5251 smnus,
2536 5186 2749 5239 elevata
2781 5183 2835 5235 in
2869 5198 2933 5236 co
2963 5182 3202 5236 ltuutana
3232 5188 3423 5231 natura

1857 5283 1909 5335 in
1944 5282 2259 5351 dignitatem
2293 5280 2400 5333 Deo
2427 5275 2837 5332 convenientem
2862 5276 2883 5325 ’ί
2913 5272 3018 5326 Sed
3051 5287 3146 5324 nos
3182 5269 3424 5322 dicamus

1859 5380 1928 5445 ci,
1954 5379 2042 5446 qui
2074 5378 2393 5430 adversatur
2420 5374 2580 5428 etiam
2612 5368 2713 5423 sibi
2742 5369 2842 5437 ipsi
2884 5384 2895 5417 :
2928 5367 2984 5420 Si
3017 5365 3177 5432 igitur
3221 5370 3425 5414 natura:

1245 5716 1412 5769 Varia:
1444 5715 1702 5767 lectiones
1730 5727 1792 5767 ex
1826 5710 2013 5765 codice
2040 5707 2411 5778 Seguierianu.

252 5835 278 5874 3
322 5822 441 5875 ἱόία.
523 5827 541 5854 ι
575 5815 923 5872 συνεκάθισεν
949 5827 963 5874 ',
994 5813 1105 5865 καί.
1183 5820 1207 5853 ιι
1242 5808 1299 5862 τὸ
1340 5806 1431 5875 τὴν
1457 5806 1707 5859 ἑκάστου.

1788 5804 1812 5843 ιθ
1852 5802 1922 5864 ὡς
1958 5801 2125 5867 ξένου.

2203 5813 2221 5837 τ
2248 5796 2505 5868 δηλονότι.
2582 5792 2607 5833 ἀ
2643 5795 2805 5859 ἴσως,
2847 5793 2902 5846 ου
2932 5789 3072 5843 καθ’.
