4062 6340
693 396 790 452 37!

1672 397 1726 452 S.
1779 396 2058 454 CYRILLI
2097 396 2562 454 ALEXANDRINI
2602 397 2918 453 ARCHIEP.

3817 399 3922 455 372

690 505 982 562 inconfusm
1009 516 1247 574 manent,
1271 520 1447 568 manet
1472 521 1648 566 autem
1679 523 1734 569 et
1768 517 1944 570 unitas
1971 534 1984 582 ;
2017 516 2237 572 dicimus

2349 516 2450 586 τῆς
2499 519 2942 586 προσκυνήσεως.
2995 515 3088 569 καὶ
3132 517 3429 588 δυνάμεως,
3470 532 3562 570 και
3605 514 3781 580 ἀξίας,
3829 521 3921 571 καὶ

689 611 818 653 vero
839 597 1231 666 adorationem,
1253 609 1307 655 et
1335 601 1610 668 virtutem,
1632 616 1688 657 et
1704 605 2046 675 dignitatem,
2073 617 2125 663 et
2143 624 2241 661 au-

690 688 1019 754 ctoritatem,
1049 697 1299 759 tauquam
1321 694 1409 747 uni
1430 692 1564 747 Filio
1586 695 1766 750 ofl‘erri
1785 697 2003 762 debere,
2024 712 2244 752 manen-

692 776 835 830 tibus
871 778 1081 833 naturis
1120 779 1172 834 in
1209 783 1414 838 unitate
1457 784 1755 841 inconfusis
1787 803 1801 838 :
1838 787 1885 841 si
1915 789 2042 857 quid
2079 797 2247 843 restat

689 866 853 932 aliud,
892 870 1033 936 quod
1061 871 1347 926 certiorem
1388 875 1650 930 unitatem
1682 878 1951 946 exprimat
1999 889 2054 933 et
2096 880 2245 935 dabi-

690 971 831 1022 mus,
865 967 918 1012 et
947 962 1368 1030 consentienius,
1400 976 1551 1020 extra
1598 967 1969 1024 confusionem
2001 971 2245 1027 videlicet

689 1056 1028 1103 naturarum.
1061 1048 1166 1105 Sed
1200 1053 1543 1122 perspicuum
1579 1063 1662 1110 est
1699 1057 1823 1125 quia
1857 1058 1905 1112 ei
1939 1059 2074 1114 nihil
2105 1061 2246 1116 sulli-

687 1134 760 1190 cit
793 1137 860 1190 ad
891 1153 1158 1194 summam
1191 1142 1472 1209 unitatem,
1504 1146 1608 1199 nisi
1655 1154 1713 1200 ut
1749 1154 1971 1202 naturas
2021 1150 2244 1205 confun-

686 1224 794 1279 dat.
831 1224 934 1281 Sed
963 1242 1063 1283 nos
1093 1239 1314 1286 naturas
1338 1234 1554 1302 quidem
1582 1237 1906 1292 exsislentes
1934 1239 2245 1296 inconfusas

686 1316 1044 1384 servabimus,
1076 1320 1444 1391 unitatemque
1481 1339 1767 1395 summam,
1809 1338 1860 1382 et
1890 1329 2123 1385 divinam
2145 1374 2158 1398 ,
2189 1344 2244 1388 et

689 1403 841 1459 nobis
876 1405 1471 1478 incomprehensibilem
1519 1416 1879 1486 conﬁtemur;
1936 1423 2118 1476 omnia
2175 1425 2242 1478 ad

687 1493 1125 1561 glorificationem
1152 1509 1404 1570 tanquam
1426 1505 1532 1560 Deo
1555 1515 1607 1561 et
1637 1510 1725 1562 uni
1755 1509 1896 1563 Filio
1925 1510 2241 1580 oiIerentes,

687 1592 741 1636 et
765 1585 1006 1642 dicentes
1037 1590 1084 1642 ei
1121 1590 1262 1645 beati
1289 1591 1433 1648 Petri
1464 1610 1650 1652 vocem
1703 1618 1715 1654 :
1772 1618 1789 1650 ι
1848 1599 1927 1654 Tu
1976 1616 2032 1657 es
2077 1603 2241 1658 Chri-

685 1680 799 1730 stus
826 1675 994 1734 Filius
1025 1679 1118 1736 Dei
1149 1681 1251 1736 vivi
1277 1682 1345 1737 “.
1380 1703 1398 1735 ι

1198 1790 1383 1862 Cyrilli
1411 1797 1658 1866 defensio.

754 1897 1168 1959 Exacuebantur
1189 1906 1479 1976 aliquando
1503 1912 1568 1964 ad
1594 1913 1929 1970 iracundiam
1955 1919 2240 1974 scelestam

682 1987 926 2046 infelices
956 1991 1164 2061 Judaei,
1215 2001 1397 2054 animo
1452 2003 1717 2059 vulnerati
1765 2007 1981 2064 invidia:
2024 2010 2239 2078 jaculis.

681 2079 819 2144 Quia
849 2096 976 2138 vero
1007 2099 1170 2155 super
1209 2088 1322 2144 hac
1365 2091 1528 2146 etiam
1563 2095 1753 2164 impias
1785 2098 2088 2157 inferebant
2128 2119 2243 2158 ma-

679 2182 782 2223 nus
809 2169 1024 2227 Christo
1063 2177 1304 2231 omnium
1329 2190 1570 2237 nostrum
1595 2184 1894 2252 Salvatori,
1945 2198 2107 2246 tanta:
2148 2209 2243 2248 au-

679 2258 846 2313 daciae
869 2276 1064 2318 causas
1083 2279 1176 2320 eos
1200 2267 1651 2336 jubebatedicere
1674 2293 1685 2329 :
1709 2294 1726 2327 ι
1768 2277 1950 2342 Multa,
1969 2281 2238 2349 inquiens,

678 2347 818 2402 bona
845 2365 1006 2417 opera
1036 2357 1244 2409 ostendi
1299 2361 1448 2414 vobis
1482 2377 1547 2416 ex
1595 2364 1755 2418 Patre
1806 2383 1926 2422 meo
1957 2411 1969 2435 ,
2023 2347 2241 2444 propter

679 2441 822 2505 quod
844 2441 1036 2496 horum
1065 2459 1200 2514 opus
1223 2462 1305 2501 me
1333 2448 1581 2518 lapidatis
1606 2455 1693 2508 ⁸⁵2
1725 2459 1794 2510 At
1827 2460 1899 2514 illi
1933 2466 1999 2517 ad
2034 2441 2239 2520 tan-tam

681 2532 1039 2589 temeritatem
1065 2546 1118 2590 et
1160 2538 1488 2607 impietatem
1527 2550 1918 2616 cogitationum
1952 2567 2235 2624 venerunt,

679 2629 737 2674 ut
779 2624 942 2678 etiam
993 2629 1312 2687 criminibus
1351 2635 1698 2705 blasphemia!
1749 2661 1869 2698 eum
1925 2649 2240 2704 molirentur

676 2710 1032 2780 obstringere.
1065 2716 1324 2776 Dicebant
1348 2724 1491 2778 enim
1533 2745 1545 2780 :
1590 2746 1608 2779 ι
1649 2729 1724 2785 De
1759 2731 1901 2789 bono
1940 2751 2102 2805 opere
2134 2755 2238 2794 non

677 2797 975 2866 lapidamus
1004 2813 1076 2868 te,
1093 2809 1184 2861 sed
1218 2811 1281 2864 de
1308 2813 1655 2881 blasphemia,
1681 2820 1802 2880 quia
1829 2831 1904 2888 tu,
1938 2797 2095 2880 homo
2118 2842 2238 2882 cum

677 2887 772 2954 sis,
804 2890 937 2945 facis
967 2896 1194 2963 teipsum
1253 2899 1423 2955 Deum
1472 2903 1535 2956 ³⁸.
1577 2922 1595 2956 ›
1645 2908 1791 2962 Dixit
1826 2887 2006 2966 autem
2038 2917 2104 2970 ad
2148 2930 2241 2972 eos

677 2975 958 3038 Salvator:
985 3000 1004 3034 ι
1046 2984 1202 3054 192
1223 2986 1408 3044 Nonne
1425 2993 1684 3062 scriptum
1708 3008 1790 3052 est
1811 3001 1858 3052 iu
1882 3000 1996 3070 lege
2025 3015 2236 3059 vestra:

675 3068 788 3139 Ego
824 3073 932 3127 dixi
972 3089 989 3128 :
1037 3078 1117 3131 Dii
1166 3080 1336 3135 estis?
1379 3082 1435 3137 Si
1469 3083 1588 3140 illos
1616 3087 1754 3143 dixit
1804 3068 1956 3156 deos,
1988 3094 2054 3149 ad
2106 3111 2239 3165 quos

2348 608 2653 674 αὐθεντίας,
2684 609 2759 672 ὼς
2782 608 2861 662 ἑνὶ
2879 608 2992 679 Υίῷ
3024 607 3422 681 προσφέρεσθαι
3450 609 3616 672 ἄξιον,
3650 610 3922 678 μενουσῶν

2343 698 2452 750 τῶν
2497 696 2712 766 φύσεων
2750 699 2808 749 ὲν
2839 700 2903 767 τῇ
2937 696 3124 750 ὲνώσει
3154 697 3505 767 ἀσυγχύτων·
3555 699 3606 752 τί
3643 710 3666 737 ε
3709 698 3924 751 ὑπολεί-

2347 803 2505 840 πεται
2553 786 2760 856 ἕτερον,
2795 787 2826 857 ἢ
2880 786 3270 858 ἀκριϐέστερον
3299 787 3398 858 τὴν
3433 787 3452 827 ί
3511 789 3704 842 ἕνωσιν
3746 807 3918 860 χαρα-

2345 877 2616 949 κτηρίζει,
2642 879 2734 932 καὶ
2761 879 3025 948 δώσομεν,
3061 879 3153 933 καὶ
3201 879 3598 951 συνθησόμεθα,
3633 879 3794 940 ἐκτὸς
3823 881 3920 948 τῆς

2345 968 2453 1022 τῶν
2485 969 2698 1037 φύσεων
2747 970 3075 1040 συγχύσεως.
3133 971 3294 1024 Ἀλλὰ
3328 970 3595 1041 πρόδηλον
3647 971 3723 1034 ὠς
3771 970 3920 1023 οὐδὲν

2347 1058 2493 1129 αὑτῷ
2517 1059 2737 1130 ἐξαρκεῖ
2759 1060 2818 1112 τὸ
2841 1061 2938 1131 τῆς
2983 1061 3227 1126 ὲνώσεως
3271 1062 3458 1130 ἄκρον,
3491 1061 3564 1133 μὴ
3591 1061 3688 1125 τάς
3729 1059 3919 1130 φύσεις

2347 1148 2645 1218 συγχέοντι.
2692 1149 2828 1202 Ἀλλ’
2862 1152 3018 1221 ἡμεῖς
3050 1151 3148 1214 τὰς
3185 1152 3283 1222 μὲν
3322 1152 3513 1222 φύσεις
3557 1152 3719 1216 οὔσας
3746 1154 3917 1221 ἀσυγ-

2345 1238 2537 1308 χύτους
2591 1239 2894 1310 φυλάξομεν
2941 1245 2998 1308 ε’,
3050 1243 3144 1297 καὶ
3185 1244 3285 1315 τὴν
3334 1243 3528 1297 ἕνωσιν
3575 1244 3776 1315 ἄκραν,
3830 1246 3919 1297 καί

2347 1330 2516 1396 θείαν,
2563 1332 2655 1384 καὶ
2707 1333 2836 1402 ἡμῖν
2878 1333 3259 1405 ἀκατάληπτον
3298 1332 3689 1403 ὁμολογοῦμεν,
3743 1333 3920 1386 πάντα

2346 1423 2424 1487 είς
2468 1422 2770 1492 δοξολογίαν
2803 1424 2876 1485 ὡς
2924 1425 3041 1494 Θεῷ
3075 1426 3168 1478 καὶ
3217 1425 3297 1478 ἐνὶ
3341 1424 3452 1494 Υἰῷ
3496 1423 3918 1494 προσφέροντες,

2347 1512 2437 1565 καὶ
2465 1512 2712 1579 λέγοντες
2741 1513 2889 1583 αὐτῷ
2919 1513 3014 1583 τὴν
3043 1514 3135 1567 τοῦ
3163 1516 3429 1584 μακαρίου
3462 1513 3670 1582 Πέτρου
3702 1512 3917 1582 φωνήνδ

2352 1621 2369 1653 ι
2407 1603 2477 1656 Σὺ
2505 1597 2556 1656 εἷ
2582 1605 2608 1656 6
2639 1604 2866 1674 Χριστός
2895 1605 2922 1658 6
2955 1605 3077 1668 Υἱὸς
3104 1603 3197 1657 τοῦ
3227 1604 3361 1658 Θεοῦ
3399 1604 3490 1658 τοῦ
3522 1604 3742 1669 ζῶντος.
3788 1622 3809 1655 ι

2799 1811 3120 1880 Ἀπολογία
3145 1812 3468 1880 Κυρίλλου.

2415 1923 2789 1994 Κατεθήγοντό
2812 1943 2939 1978 ποτε
2967 1927 3100 1996 πρὸς
3124 1926 3369 1991 ἀνοσίους
3390 1927 3564 1999 ὀργὰς
3579 1928 3628 1980 οἱ
3657 1928 3767 1980 τῶν
3793 1930 3922 1981 ’ἰούς-

2341 2012 2502 2066 δαίων
2530 2014 2710 2083 δῆμοι,
2741 2018 2851 2078 τοῖς
2878 2016 2905 2056 h
2940 2016 3032 2069 τοῦ
3055 2015 3247 2085 φθόνου
3285 2015 3460 2086 βέλεσι
3491 2016 3580 2069 τὸν
3617 2016 3745 2070 νοῦν
3782 2035 3918 2071 κατ-

2341 2103 2729 2174 ηκοντισμένοι.
2751 2105 2966 2176 Ἐπειδὴ
2987 2105 3060 2173 δὲ,
3083 2106 3211 2176 πρὸς
3231 2106 3407 2172 τοῦτο,
3426 2107 3634 2171 καὶτὰς
3657 2107 3922 2178 βεϐήλους

2344 2193 2609 2263 ἐπέφερον
2637 2196 2824 2264 χεῖρας
2861 2194 2940 2264 τῷ
2972 2196 3186 2250 πάντων
3229 2197 3385 2269 ήμῶν
3425 2198 3639 2269 Σωτῆρι
3671 2199 3916 2268 Χριστῷ.

2343 2287 2449 2338 τῶν
2477 2286 2730 2339 τοιούτων
2760 2287 2956 2349 αὐτοὺς
2982 2287 3347 2358 τολμημάτων
3392 2289 3487 2352 τὰς
3526 2289 3707 2351 αἰτίας
3739 2291 3920 2341 εἰπεῖν

2339 2379 2691 2444 διεκελεύετο,
2721 2379 2893 2451 λέγων
2918 2397 2930 2410 ·
2969 2399 2988 2432 ι
3023 2381 3203 2434 Πολλά
3230 2379 3370 2434 καλὰ
3410 2380 3543 2452 ἔργα
3571 2381 3747 2445 ἔδειξα
3787 2382 3919 2452 ὑμῖν

2342 2471 2404 2522 ὲκ
2433 2470 2527 2523 τοῦ
2574 2470 2788 2542 Πατρός
2823 2486 2948 2541 μου,
2982 2470 3068 2523 διὰ
3101 2473 3252 2525 ποῖον
3295 2471 3472 2524 αὐτῶν
3503 2471 3663 2543 ἔργον
3689 2472 3792 2541 ἐμὲ
3835 2473 3914 2524 λι-

2342 2557 2561 2623 θάζετες
2597 2579 2614 2611 ι
2647 2562 2708 2612 Ui
2737 2560 2791 2612 δὲ
2817 2556 2950 2631 ἦκον
2977 2562 3055 2623 είς
3083 2560 3240 2613 τοῦτο
3264 2561 3579 2625 δυσϐουλίας
3606 2581 3664 2615 τε
3695 2563 3837 2631 ὁμοῦ
3869 2565 3915 2624 ί,

2340 2650 2434 2700 καὶ⁵
2472 2650 2816 2718 ἀνοσιότητος
2847 2650 3086 2714 ἐννοιῶν,
3121 2650 3259 2704 ῶστε
3306 2653 3397 2705 καὶ¹
3429 2656 3540 2715 τοῖς
3572 2654 3671 2722 τῆς
3708 2653 3918 2724 δυσφη-

2344 2739 2472 2808 μίας
2499 2741 2809 2810 ἐγκλήμασι
2835 2742 3180 2812 περιϐάλλειν
3211 2743 3527 2814 ἐπεχείρουν
3546 2743 3564 2793 -i
3583 2786 3596 2800 .
3634 2746 3919 2812 Ἔφασκον

2339 2829 2480 2901 γάρ’
2537 2849 2555 2880 ι
2602 2831 2737 2901 Περὶ
2776 2831 2940 2885 καλοῦ
2989 2833 3152 2903 ἔργου
3205 2835 3266 2887 οὐ
3311 2834 3601 2905 λιθάζομέν
3649 2852 3730 2899 σε,
3778 2837 3915 2889 ἀλλά

2340 2920 2467 2990 περὶ
2498 2918 2862 2991 βλασφημίας,
2894 2922 2974 2975 ὅτι
3013 2923 3098 2989 σὺ,
3123 2922 3404 2994 ἄνθρωπος
3424 2924 3520 2988 ῶν,
3548 2928 3719 2988 ποιεῖς
3752 2943 3918 2979 σεαυο

2339 3010 2431 3062 τὸν
2477 3011 2627 3064 Θεὸν.
2672 3031 2689 3063 ι
2743 3012 2885 3082 Ἔφη
2934 3012 2992 3064 δέ
3046 3031 3147 3066 που
3184 3015 3320 3084 πρὸς
3355 3016 3552 3078 αὐτοὺς
3602 3018 3630 3068 6
3684 3017 3911 3086 Σωτήρσ

2347 3117 2364 3149 t
2419 3098 2533 3152 Οὐκ
2580 3099 3109 3170 ἐπιγεγραμμένον
3143 3103 3200 3155 ὲν
3231 3102 3309 3170 τῷ
3344 3103 3492 3172 νόμῳ
3534 3103 3719 3172 ὑμῶν·
3771 3102 3917 3172 Ἐγὼ

675 3176 854 3219 sermo
886 3166 977 3221 Dei
1012 3167 1186 3224 factus
1216 3181 1319 3239 est,
1341 3183 1394 3228 et
1420 3190 1525 3231 non
1550 3189 1725 3246 p0test
1753 3183 1887 3237 solvi
1915 3185 2230 3255 Scriptura:

2342 3187 2490 3254 εἶπα;
2520 3190 2640 3243 Θεοί
2669 3166 2789 3244 ἐστε
2953 3166 3195 3255 έκείνους
3221 3166 3341 3245 εἷπε
3368 3166 3543 3255 θεοῦς,
3570 3166 3710 3261 πρὸς
3747 3166 3856 3255 οὓς.
3886 3195 3914 3244 6

673 3268 831 3321 quem
867 3256 1024 3313 Pater
1061 3265 1438 3330 sanctiﬁcavit,
1471 3279 1524 3323 et
1553 3272 1699 3326 misit
1731 3273 1782 3327 in
1825 3277 2107 3345 mundum,
2141 3295 2236 3334 vos

674 3346 854 3403 dicitis
923 3351 1051 3419 quia
1101 3353 1451 3424 Blaspbemas
1483 3396 1500 3422 ,
1548 3362 1673 3429 quia
1730 3364 1876 3428 dixi,
1933 3367 2099 3422 Filius
2144 3369 2234 3423 Dei

675 3451 792 3491 sum
807 3439 889 3492 '7?
917 3459 935 3491 ›
960 3439 1065 3496 Nos
1086 3458 1214 3498 vero
1236 3446 1522 3516 diligenter
1546 3464 1949 3518 perscrutantes
1965 3458 2236 3515 missionis

679 3527 904 3584 fortnam
931 3571 945 3597 ,
982 3534 1050 3588 de
1097 3549 1202 3602 qua
1236 3536 1322 3592 hic
1352 3539 1551 3596 dicitur
1604 3559 1634 3596 e
1687 3548 1858 3601 sacris
1897 3546 2195 3618 Scripturis
2219 3593 2236 3618 ,

674 3619 791 3687 ejus
817 3623 1202 3680 reiscientiam
1232 3629 1552 3698 colligimus.
1591 3635 1730 3689 Dicit
1783 3639 1945 3705 igitur
1980 3641 2091 3710 ipse
2142 3660 2238 3712 per

676 3724 861 3765 vocem
890 3712 1043 3769 Isaias
1071 3731 1085 3770 :
1123 3736 1142 3769 ι
1168 3719 1400 3787 Spiritus
1433 3722 1637 3779 Domini
1661 3741 1822 3796 super
1851 3745 1935 3784 me
1969 3748 1982 3783 :
2019 3744 2237 3803 propter

675 3801 815 3865 quod
846 3804 998 3856 unxit
1022 3819 1124 3870 me,
1159 3809 1527 3877 evangelizare
1572 3815 1898 3882 pauperibus
1943 3820 2088 3875 misit
2119 3801 2233 3886 ine,

676 3900 728 3942 et
768 3893 1059 3958 praedicare
1085 3898 1310 3962 captivis
1354 3901 1749 3968 remissionem,
1805 3917 1860 3960 et
1890 3911 2047 3963 caecis
2079 3914 2236 3966 resti-

678 3983 938 4037 tutionem
973 3985 1120 4040 visus
1157 3989 1223 4043 ⁸⁸.
1264 4008 1281 4040 ι
1326 3989 1546 4046 Missum
1594 4010 1723 4049 vero
1763 3997 1997 4054 dicimus
2039 3999 2233 4057 Filium

673 4088 702 4125 a
733 4072 920 4139 Patre,
959 4075 1158 4132 factum
1186 4082 1478 4139 hominem.
1525 4085 1696 4143 Valde
1737 4089 1881 4142 cnim
1931 4102 2235 4160 congruunt

671 4165 1054 4220 exittanitiouis
1071 4171 1337 4224 mensuris
1363 4174 1637 4230 missionis
1661 4191 1856 4231 nomen
1882 4185 1936 4232 et
1965 4193 2075 4234 res.
2108 4178 2235 4235 Mis-

670 4271 788 4309 sum
823 4259 1007 4325 itaque
1036 4270 1154 4324 est,
1198 4262 1355 4317 sicuti
1404 4265 1536 4330 dixi,
1585 4282 1688 4321 non
1716 4269 1915 4323 nudum
1950 4279 2002 4324 et
2033 4273 2236 4341 absque

670 4360 830 4400 carne
853 4345 1107 4414 Verbum,
1124 4351 1262 4416 quod
1281 4361 1443 4408 estex
1465 4355 1571 4408 Deo
1596 4354 1772 4419 Patre;
1793 4358 1885 4410 sed
1903 4359 2235 4414 nativitatem

677 4437 852 4500 p0tius
885 4439 1176 4492 secundum
1215 4455 1431 4496 carnem
1461 4445 1700 4509 subiens,
1735 4446 1786 4499 id
1815 4458 1917 4508 est,
1947 4463 2142 4517 corpus
2170 4465 2234 4503 ex

2336 3281 2492 3349 λόγος
2534 3281 2627 3334 τοῦ
2661 3281 2793 3334 Θεοῦ
2839 3282 3073 3350 ἐγένετο,
3122 3283 3214 3336 καὶ
3245 3283 3306 3335 οὐ
3347 3282 3569 3335 δύναται
3609 3282 3844 3351 λυθῆναι
3879 3288 3911 3354 ή

2338 3372 2547 3441 Γραφὴ.
2591 3371 2650 3423 ὃν
2681 3373 2709 3424 6
2739 3372 2926 3444 Πατὴρ
2955 3373 3173 3444 ἡγίασε,
3220 3374 3311 3427 καὶ
3354 3373 3671 3428 ἀπέστειλεν
3713 3376 3796 3438 είς
3823 3377 3916 3428 τὸν

2337 3464 2570 3535 κόσμον,
2612 3465 2767 3535 ὑμεῖς
2810 3465 3033 3534 λέγετε,
3064 3467 3146 3520 ὅτι
3191 3465 3567 3536 Βλασφημεῖς,
3598 3467 3680 3520 ὅτι
3734 3463 3914 3531 εἷπον,

2340 3556 2465 3619 Υἱὸς
2506 3555 2642 3609 Θεοῦ
2672 3558 2821 3626 eiut;
2860 3576 2877 3610 ι
2910 3558 3402 3628 Περιεργαζὸμενοι
3431 3559 3488 3611 δὲ
3511 3560 3672 3630 ἡμεῖς
3701 3559 3803 3626 τῆς
3830 3560 3916 3611 ὲν-

2337 3643 2462 3697 θὰδε
2494 3646 2792 3715 λεγομένης
2829 3646 3130 3715 ἀποστολῆς
3156 3646 3246 3699 τὸν
3268 3647 3488 3717 τρόπον,
3519 3650 3582 3700 ἑκ
3600 3646 3721 3699 -τῶν
3748 3649 3914 3718 ἱερῶν

2336 3734 2681 3809 Γραμμάτων
2712 3734 2808 3805 τὴν
2837 3736 2928 3788 ἐπὶ
2961 3735 3095 3806 τῷδε
3122 3736 3318 3804 γνῶσιν
3345 3735 3727 3807 ὲρανιζόμεθα.
3762 3739 3912 3809 Ἔφη

2336 3824 2511 3878 τοίνυν
2546 3805 2707 3888 αὐτὸς
2733 3825 2821 3878 διὰ
2852 3828 3032 3896 φωνῆς
3079 3826 3299 3879 Ἡσαΐου
3322 3843 3335 3855 ⁸
3448 3805 3670 3897 Πνεῦμα
3702 3805 3915 3898 Κυρίου

2338 3916 2422 3966 ἐπ’
2455 3914 2590 3983 ἐμέ·
2621 3909 2680 3968 οὗ
2709 3915 2894 3967 ἕνεκεν
2922 3914 3105 3986 ἔχρισέ
3149 3933 3216 3985 με
3236 3931 3248 3943 ·
3279 3915 3732 3982 εὐαγγελίσασθαι
3766 3932 3914 3969 πτω-

2337 4009 2450 4076 χοῖς
2488 4006 2794 4060 ἀπέσταλκέ
2852 4023 2952 4075 με,
2999 4005 3231 4076 κηρύξαι
3281 4005 3642 4074 αἰχμαλώτοις
3693 4005 3912 4073 ἄφεσιν,

2339 4096 2432 4149 καὶ
2461 4097 2679 4162 τυφλοῖς
2709 4094 3019 4162 ἀνάϐλεψιν.
3057 4112 3073 4146 t
3119 4094 3474 4147 ’Δπεστὰλθαι
3506 4093 3562 4146 δέ
3609 4110 3795 4162 φαμεν
3821 4096 3913 4146 τὸν

2338 4185 2465 4238 Υίὸν
2486 4185 2636 4254 παρὰ
2661 4185 2751 4237 τοῦ
2785 4187 3016 4254 Πατρὸς,
3043 4186 3330 4255 γενόμενον
3358 4185 3639 4256 ἄνθρωπον
3659 4204 3672 4216 ·
3709 4187 3911 4258 πρέποι

2338 4277 2445 4345 γάρ
2473 4275 2539 4328 ἂν
2567 4277 2659 4328 καὶ
2689 4276 2830 4345 μάλα
2861 4274 3033 4346 ὀρθῶς
3074 4278 3186 4338 τοῖς
3223 4277 3322 4346 τῆς
3365 4275 3648 4338 κενώσεως
3691 4278 3912 4349 μέτροις

2337 4366 2518 4434 τὸτῆς
2547 4366 2848 4435 ἀποστολῆς
2896 4365 3064 4435 ὄνομά
3109 4383 3165 4419 τε
3210 4369 3302 4419 καὶ
3340 4367 3548 4437 χρῆμα.
3599 4367 3910 4438 ’Δπεστάλη

2339 4457 2414 4521 δὲ,
2447 4457 2520 4519 ὼς
2547 4457 2704 4526 έφην,
2732 4457 2791 4510 ού
2827 4457 3051 4527 γυμνὸς,
3093 4459 3186 4512 καὶ
3211 4459 3450 4528 ἄσαρκος
3475 4460 3504 4510 6
3535 4458 3600 4510 ὲκ
3635 4458 3774 4511 Θεοῦ
3804 4461 3910 4513 Πα-

675 4534 863 4580 sancta
891 4525 1105 4598 Virgine
1129 4543 1464 4600 assumptum
1498 4534 1842 4593 ineﬂabiliter
1869 4549 1924 4593 et
1955 4540 2234 4596 inconfuse

2341 4549 2463 4618 τρὸς
2494 4525 2685 4614 Λόγος,
2716 4525 2967 4618 γέννησιν
2993 4548 3049 4600 δὲ
3082 4548 3278 4616 μᾶλλον
3309 4525 3606 4618 ῦπομείνας
3637 4548 3738 4620 τὴν
3772 4550 3910 4603 κατά

670 4618 770 4670 sibi
803 4618 1018 4683 uniens,
1043 4621 1184 4675 sicut
1219 4624 1519 4691 saepissime
1552 4627 1784 4684 diximus
1808 4671 1822 4695 ,
1869 4651 1886 4681 ι
1926 4632 2101 4686 illuxit
2133 4649 2230 4686 no-

670 4709 758 4764 bis
797 4710 935 4765 Deus
967 4711 1250 4780 Dominus,
1289 4733 1308 4766 ›
1345 4720 1636 4773 secundum
1663 4721 1973 4791 Scripturas
1996 4725 2059 4777 ³⁸.
2103 4725 2233 4780 Pro-

673 4801 848 4867 prium
877 4804 1042 4870 igitur
1073 4820 1268 4875 corpus
1291 4809 1520 4865 dicimus
1569 4812 1767 4868 factum
1800 4831 1920 4871 esse
1953 4817 2130 4882 Verbi,
2177 4829 2235 4872 et

673 4907 778 4945 non
837 4894 1071 4949 hominis
1129 4897 1354 4964 alicujus
1399 4905 1626 4958 seorsim
1679 4915 1734 4959 et
1786 4917 2067 4973 separate,
2117 4918 2236 4962 tan-

671 4998 832 5048 quam
874 4984 1010 5038 alius
1043 4996 1240 5054 pratter
1271 4989 1418 5042 illum
1455 4993 1702 5049 Christus
1732 5005 1786 5050 et
1830 4997 1996 5052 Filius
2037 5000 2235 5053 intelli-

677 5084 858 5140 gatur.
914 5075 1377 5140 Quemadmodum
1421 5093 1598 5137 autem
1653 5087 2075 5158 uniuscujusque
2141 5109 2234 5147 no-

675 5173 844 5218 strum
877 5167 1150 5235 proprium
1182 5169 1377 5225 dicitur
1425 5187 1641 5241 corpus,
1675 5178 1815 5243 quod
1865 5182 2078 5249 proprie
2117 5182 2233 5249 ejus

673 5264 775 5319 est,
811 5255 883 5308 ita
911 5265 964 5308 et
994 5258 1044 5310 in
1082 5273 1188 5313 uno
1221 5259 1438 5317 Christo
1481 5273 1562 5319 est
1603 5264 2031 5337 intelligendum.
2089 5271 2220 5326 Nam

2344 4639 2693 4709 σάρκα,.ἧτοι
2737 4639 2894 4707 σῶμα
2939 4638 3114 4692 λαϐὼν
3148 4641 3211 4691 ἐκ
3256 4639 3352 4708 τῆς
3396 4639 3556 4707 ἁγίας
3602 4639 3907 4708 Παρθένου,

2341 4727 2498 4782 τοῦτὸ
2534 4745 2593 4780 τε
2640 4729 2930 4797 ἀφράστως
2972 4729 3067 4781 καὶ⁵
3100 4728 3415 4797 ἀσυγχύτους
3464 4728 3670 4791 ὲνώσας
3708 4729 3907 4798 ἑαυτῷ,

2343 4820 2486 4873 καθὰ
2517 4821 2831 4882 πλειστάκις
2852 4823 3172 4891 εἰρήκαμεν,
3208 4840 3224 4871 ι
3257 4819 3525 4888 ὲπέφανεν
3548 4821 3680 4890 ἡμῖν
3720 4823 3748 4875 6
3778 4822 3909 4884 Θεὸς

2343 4911 2563 4981 Κύριος,
2618 4931 2635 4962 ι
2693 4912 2832 4965 κατὰ
2881 4911 2978 4976 τὰς
3018 4913 3258 4982 Γραφάς.
3314 4912 3474 4965 Ἴδιον
3511 4907 3603 4964 οὖν
3641 4912 3704 4964 τὸ
3748 4913 3908 4983 σῶμά

2344 5019 2522 5070 φαμεν
2552 5002 2806 5070 γενέσθαι
2833 5002 2926 5055 τοῦ
2969 5003 3161 5071 Λόγου,
3193 5003 3286 5055 καὶ
3312 5003 3412 5055 οὐκ
3444 5001 3735 5072 ἀνθρώπου
3766 5004 3907 5066 τινος

2344 5092 2544 5157 ὶδικῶς,
2577 5095 2670 5146 καὶ
2702 5094 3116 5163 κεχωρισμένως
3152 5094 3336 5163 ἑτέρου
3386 5095 3515 5162 παρ’
3557 5093 3719 5146 αὐτὸν
3754 5112 3905 5147 νοου-

2344 5186 2502 5254 μένου
2555 5183 2786 5254 Χριστοῦ
2837 5184 2930 5236 καὶ
2986 5183 3134 5237 Υίοῦ.
3196 5186 3402 5255 Ὥσπερ
3457 5184 3514 5235 δὲ
3568 5184 3698 5236 ἴδιον
3745 5186 3905 5254 ἡμῶν

2331 5273 2557 5324 ἑκάστου
2605 5271 2820 5341 λέγεται
2859 5271 3017 5340 σῶμα
3069 5272 3128 5325 τὸ
3177 5271 3357 5335 ίδικῶς
3386 5270 3574 5336 αὐτοῦ,
3619 5270 3765 5324 οὕτω
3814 5275 3906 5324 καὶ

743 5411 787 5504 'I:
827 5413 1014 5504 λίθων.
1049 5433 1177 5504 xvi;
1207 5418 1288 5473 l6.
1369 5419 1412 5451 ³⁸
1446 5417 1600 5476 1mm,
1632 5439 1693 5489 χ’
1724 5425 1810 5479 52,
1902 5427 1945 5457 ει
1975 5428 2102 5504 γωδ·
2131 5429 2218 5482 53.

2341 5430 2505 5485 'ibid.
2543 5430 2726 5485 54-36.
2821 5429 2866 5461 ³⁸
2895 5432 2996 5486 lsa.
3029 5443 3144 5493 LXI,
3178 5428 3195 5481 I
3224 5467 3238 5492 ,
3273 5426 3341 5493 2;
3381 5424 3512 5483 Luc.
3537 5442 3622 5492 tv,
3659 5426 3722 5482 18
3746 5466 3764 5490 ,
3819 5429 3901 5482 19.

678 5480 721 5511 ³³
748 5479 886 5535 Psal.
916 5500 1077 5550 cxm,
1109 5489 1196 5540 ‘27.

1735 5623 1904 5679 Variae
1932 5624 2187 5680 lectiones
2214 5640 2274 5680 cx
2307 5626 2489 5683 codice
2518 5624 2884 5697 Seguieriuno.

801 5757 884 5811 ϊσ.
917 5758 1052 5809 εἴτι.

1135 5758 1152 5795 ί
1191 5758 1216 5810 ὃ
1249 5760 1635 5832 ἀκριϐεστέραν
1668 5763 1780 5834 τήν.
1861 5765 1884 5802 ε
1914 5763 2250 5834 φυλάξωμεν.

2329 5767 2355 5806 h
2384 5766 2604 5830 τάλανες
2645 5767 2907 5833 Ἰουδαῖοι,
2931 5769 3057 5830 τοῖς.
3141 5767 3155 5809 ί
3189 5767 3318 5839 ἃμα.
3401 5765 3413 5818 i
3449 5768 3768 5840 smxctpsiv.
