4062 6340
165 389 269 445 375

767 399 1298 459 APOLOGETICUS
1336 402 1473 459 PRO
1513 402 1604 457 XII
1639 400 2006 460 CAPITIBUS
2046 406 2321 463 CONTRA
2363 406 2816 464 ORIENTALES.

3292 399 3398 455 δη

164 507 255 559 ἐπὶ
285 508 377 560 τοῦ
398 509 514 573 ἐνὸς
548 512 782 583 Χριστοῦ
804 518 1041 585 νοητέον.
1069 518 1258 571 Καίτοι
1287 518 1393 588 γὰρ
1413 518 1654 588 ὑπάρχον
1676 519 1736 571 τὸ

1855 523 2083 591 luamvis
2112 526 2181 576 sit
2241 524 2444 578 nostris
2477 523 2791 593 corporibus
2820 526 3127 590 cognatum,
3170 518 3270 570 hoc
3311 526 3395 572 est

162 599 272 658 τοῖς
300 599 589 670 ἡμετέροις
636 604 882 672 σώμασιν
924 609 1202 675 ὁμογενὲς,
1234 609 1401 677 ἤγουν
1450 608 1735 678 ὀμοούσιον

166 688 508 759 (γεγέννηται
540 693 647 763 γὰρ
676 694 737 746 ἐκ
765 697 1061 763 γυναικὸς),
1103 698 1229 751 τδιον
1256 700 1439 761 αὐτοῦ,
1467 700 1540 763 ὡς
1573 700 1729 769 ἔφην.

166 781 364 831 νοεῖται
416 781 509 833 καὶ
555 780 789 850 λέγεται.
856 786 1071 855 Ἐπειδὴ
1117 788 1174 840 δέ
1221 787 1334 858 ζωὴ
1378 788 1520 842 κατά
1570 791 1733 857 φύσιν

166 866 313 920 ἐστὶν
354 868 381 919 6
423 870 485 921 ἐκ
533 872 668 924 Θεοῦ
714 874 924 945 [ἰατρὸς
963 876 1153 943 Λόγος,
1184 877 1443 940 ζωοποιὸν
1489 880 1733 949 ἀπέφηνε

163 958 263 1027 τὴν
294 959 485 1013 ἐαυτοῦ
534 963 739 1032 σάρκα·
782 966 1033 1037 ταύτῃτοι
1069 968 1288 1035 γέγονεν
1328 971 1460 1039 ἡμῖν
1515 971 1733 1036 εὐλογία

167 1046 447 1112 ζωοποιός.
492 1051 599 1103 Καὶ
644 1053 772 1120 γοῦν
809 1054 1047 1124 ἔφασκεν
1093 1060 1122 1111 6
1166 1060 1433 1129 Χριστός·
1472 1079 1491 1111 ι
1538 1062 1731 1133 Ἀμὴν,

164 1137 312 1204 ἀμὴν
342 1136 484 1205 ὶέγω
526 1139 675 1208 ὑμῖν,
711 1142 820 1210 ἐγώ
846 1144 961 1213 εξμι
988 1146 1015 1197 6
1045 1146 1208 1215 ἄρτος
1243 1150 1271 1201 6
1316 1148 1443 1216 ζῶν,
1479 1149 1507 1201 6
1535 1151 1598 1202 ἐκ
1639 1149 1734 1202 τοῦ

165 1227 395 1297 οὐρανοῦ
443 1230 701 1295 καταϐὰς,
754 1234 847 1285 καὶ
892 1234 1035 1306 ζωὴν
1089 1236 1263 1300 διδοὺς
1308 1238 1384 1308 τῷ
1431 1239 1655 1308 κόσμῳ·
1711 1257 1728 1289 ι

165 1321 262 1372 καὶ
292 1321 483 1375 πάλιν·
535 1342 552 1373 ι
590 1326 697 1378 Καὶ
723 1328 751 1378 6
787 1326 947 1397 ἄρτος
981 1328 1057 1393 δὲ,
1088 1329 1146 1381 ὃν
1186 1328 1293 1396 ἐγὼ
1325 1329 1501 1396 δώσω,
1536 1333 1568 1401 ἡ
1602 1330 1737 1399 σάρξ

168 1410 270 1478 μού
296 1412 461 1479 ἐστιν,
497 1415 632 1486 ὑπὲρ
657 1416 755 1486 τῆς
794 1417 885 1470 τοῦ
934 1418 1138 1489 κόσμου
1167 1420 1361 1489 ζωῆς.»
1398 1423 1507 1473 Καὶ
1537 1422 1698 1474 πάλιν
1718 1437 1731 1450 ·

170 1520 189 1551 ι
249 1502 307 1555 Ὀ
352 1502 583 1574 τρώγων
627 1523 727 1577 μου
773 1507 869 1579 τὴν
924 1511 1134 1580 σάρκα,
1178 1512 1272 1562 καὶ
1315 1510 1486 1563 πίνων
1532 1527 1634 1580 μου
1677 1510 1739 1563 τὸ

163 1588 325 1663 αἷμα,
351 1598 407 1649 ἐν
436 1597 559 1667 ἐμοὶ
594 1598 766 1668 μένει,
791 1599 945 1668 κάγὼ
975 1601 1032 1653 ἐν
1074 1600 1241 1670 αὐτῷ.
1281 1619 1298 1651 ι
1330 1601 1517 1671 ’Λθρει
1549 1602 1613 1673 δὴ
1646 1597 1739 1655 οὖν

163 1688 316 1749 ὅπως
355 1688 627 1758 πανταχοῦ
657 1692 847 1744 ἑαυτοῦ
878 1692 1036 1761 σῶμα
1064 1692 1123 1745 τὸ
1153 1696 1215 1745 ἐκ
1242 1692 1496 1759 γυναικὸς
1540 1694 1738 1763 ὀνομά-

163 1778 249 1840 ζει
285 1778 373 1830 διὰ
413 1780 509 1849 τὴν
554 1782 634 1844 εἰς
676 1782 842 1853 ἀκρον
883 1782 1091 1835 ἕνωσιν.
1140 1781 1339 1835 Τοῦτον
1384 1782 1598 1853 ἔχοντος
1642 1783 1736 1837 τοῦ

1835 612 2287 668 consubstantiale
2308 613 2515 682 (natum
2546 614 2688 670 enim
2726 628 2788 667 ex
2810 610 3035 666 muliere
3060 617 3141 661 est
3164 607 3398 677 “),pro-

1835 704 2006 772 prium
2039 704 2175 772 ejus,
2225 716 2282 759 ut
2320 707 2473 774 dixi,
2537 706 2861 776 intelligitur
2904 711 2956 757 et
2997 702 3215 756 dicitur.
3263 701 3395 768 Quia

1837 804 2012 849 autem
2046 796 2155 849 vita
2192 799 2491 852 secundum
2528 807 2774 853 naturam
2806 806 2889 851 est
2922 797 3156 852 Verbum
3185 834 3200 859 ,
3250 794 3395 862 quod

1836 899 1902 939 ex
1919 884 2027 939 Deo
2050 884 2211 940 Patre
2227 897 2331 952 est,
2349 888 2751 942 viviﬁcatricem
2777 887 2939 942 edicit
2958 901 3112 941 suam
3133 896 3349 938 carnem
3379 898 3392 932 :

1836 985 1889 1029 et
1918 977 2015 1029 hac
2052 978 2261 1031 ratione
2296 977 2495 1032 factum
2516 988 2599 1034 est
2632 979 2787 1033 nobis
2818 975 3127 1031 benedictio
3162 969 3401 1026 vivifica-

1840 1066 1964 1123 trix.
1990 1066 2220 1121 Proinde
2246 1066 2493 1121 Christus
2524 1059 2775 1122 dicebati
2816 1085 2835 1119 ι
2872 1068 3064 1129 Amen,
3095 1078 3250 1117 amen
3282 1060 3403 1114 dico

1838 1156 2007 1221 vobis,
2030 1173 2128 1227 ego
2151 1173 2265 1211 sum
2287 1161 2439 1227 panis
2464 1160 2636 1225 vivus,
2678 1158 2766 1228 qui
2798 1158 2863 1212 de
2887 1155 3023 1213 caelo
3044 1152 3320 1216 descendi,
3348 1160 3402 1204 et

1838 1247 2001 1300 vitam
2020 1248 2151 1301 dans
2172 1251 2367 1302 mundo
2392 1249 2432 1280 “
2466 1267 2479 1313 ;
2524 1268 2543 1300 ι
2604 1258 2657 1303 et
2689 1264 2875 1304 rursus
2910 1266 2924 1302 :
2967 1268 2984 1298 ι
3024 1246 3187 1299 Panis
3239 1256 3397 1311 Quem

1838 1347 1938 1402 ego
1958 1335 2113 1399 dabo,
2132 1349 2261 1389 caro
2284 1350 2396 1389 mea
2411 1345 2513 1398 est,
2534 1351 2632 1404 pro
2657 1335 2837 1389 mundi
2860 1336 2965 1388 vita
2983 1334 3049 1400 “;
3064 1352 3081 1385 ι
3103 1333 3360 1387 etiterum
3386 1352 3399 1385 :

1844 1442 1861 1474 ι
1898 1424 1997 1490 Qui
2025 1426 2311 1480 manducat
2341 1441 2513 1480 meam
2538 1440 2781 1493 carnem,
2812 1426 3018 1481 etbibit
3046 1438 3221 1478 meum
3248 1420 3404 1490 193

1839 1517 2157 1585 sanguinem
2186 1556 2202 1581 ,
2238 1517 2291 1571 in
2325 1531 2408 1570 me
2449 1525 2672 1581 manet,
2723 1526 2779 1570 et
2804 1530 2901 1584 ego
2934 1516 2984 1569 in
3016 1529 3080 1569 eo
3112 1514 3182 1567 “.
3217 1532 3237 1563 ι
3271 1510 3405 1564 Vide

1842 1605 2309 1674 igitur,quomodo
2338 1606 2537 1673 ubique
2563 1620 2714 1660 suum
2747 1618 2945 1673 corpus
2971 1602 3099 1656 illud
3133 1616 3163 1655 e
3184 1598 3407 1653 muliere

1842 1705 2175 1763 assumptum
2194 1696 2435 1749 nominat
2452 1707 2671 1764 propter
2689 1709 2954 1750 summam
2973 1692 3255 1747 unitatem.
3284 1688 3409 1743 Haec

1841 1771 1963 1839 cum
1998 1788 2068 1840 sit
2109 1786 2353 1855 mysterii
2400 1788 2556 1849 ratio,
2590 1786 2641 1840 in
2695 1784 3031 1854 expositione
3080 1795 3177 1834 sua
3220 1790 3407 1832 rursus

166 1868 471 1936 μυστηρίου
504 1869 593 1921 τὸν
639 1871 812 1937 λόγον,
847 1872 904 1923 ἐν
952 1872 1208 1942 ἐξηγήσει
1243 1872 1403 1925 πάλιν
1438 1874 1541 1944 ἰδίᾳ
1576 1876 1739 1944 φησὶν

1855 1877 1917 1929 tit
1946 1875 2227 1930 Nestorius
2260 1893 2272 1926 :
2312 1876 2551 1946 (Audite,
2588 1876 2784 1944 inquit,
2819 1874 3156 1927 attendentes
3200 1870 3360 1923 verba
3390 1883 3406 1921 :

164 1962 194 2010 6
235 1958 560 2028 Νεστόριος·
602 1961 931 2029 (Ἃκούσατε
982 1963 1183 2027 τοίνυν,
1219 1965 1574 2035 προσέχοντες
1628 1968 1740 2028 τοῖς

165 2052 387 2119 ρητοῖςσ
425 2068 445 2100 ι
500 2048 558 2106 Ὀ
591 2052 817 2122 τρώγων
850 2071 973 2123 μου,
1008 2056 1159 2124 φησὶ,
1197 2058 1294 2125 τὴν
1324 2057 1519 2127 σάρκα.
1554 2076 1573 2109 ι
1595 2058 1743 2126 Μνη-

167 2142 428 2209 μονεύετε
456 2143 536 2196 ὅτι
568 2146 692 2213 περὶ
715 2146 814 2215 τῆς
846 2149 1047 2218 σαρκός
1077 2150 1191 2201 ἐστι
1221 2150 1281 2202 τὸ
1309 2149 1621 2219 λεγόμενον,
1648 2149 1745 2202 καὶ

164 2234 253 2285 ὅτι
280 2233 340 2284 οῦ
361 2235 489 2302 παρ’
520 2234 655 2304 ἐμοῦ
689 2238 1062 2308 προστέθειται
1092 2240 1151 2292 τὸ
1193 2240 1292 2309 τῆς
1324 2241 1525 2309 σαρκὸς
1552 2240 1743 2309 ὄνομα,

166 2324 314 2376 ὥστε
351 2324 424 2395 μὴ
464 2324 638 2378 δοκεῖν
672 2328 900 2392 ἐκείνοις
940 2331 1396 2401 παρερμηνεύειν.
1440 2349 1459 2381 ‹
1509 2332 1565 2383 '0
1600 2330 1745 2400 τρώ-

168 2433 287 2482 γων
335 2434 436 2485 μου
468 2418 565 2487 τὴν
607 2421 807 2490 σάρκα,
859 2422 953 2475 καὶ
983 2423 1149 2475 πίνων
1186 2440 1286 2490 μου
1317 2422 1377 2474 τὸ
1406 2416 1561 2490 αἷμα..
1602 2442 1620 2473 ι
1654 2423 1744 2492 Μὴ

168 2505 366 2562 εἶπενο
438 2509 495 2562 '0
542 2510 767 2580 τρώγων
818 2529 917 2581 μου
966 2514 1065 2581 τὴν
1118 2512 1377 2583 θεότητα,
1427 2514 1520 2566 καὶ
1576 2514 1746 2566 πίνων

173 2612 281 2665 μου
318 2596 413 2664 τὴν
437 2596 700 2664 θεότητα;
740 2615 757 2646 ι
809 2598 865 2649 Ὀ
906 2597 1131 2667 τρώγων
1165 2616 1264 2668 μου
1303 2600 1400 2669 τὴν
1433 2601 1630 2670 σάρκα,
1658 2603 1751 2655 καὶ

172 2690 353 2741 πίνων
390 2705 491 2757 μου
535 2689 595 2740 τὸ
622 2684 777 2757 αἷμα,
819 2691 874 2740 ἐν
909 2690 1031 2759 ἐμοὶ
1064 2690 1235 2757 μένει,
1267 2690 1420 2758 κάγὼ
1445 2692 1501 2743 ἐν
1527 2692 1692 2760 αὐτῷ.
1726 2712 1743 2742 ι

172 2778 561 2847 Μνημονεύετε
617 2780 697 2831 ὅτι
750 2780 877 2849 περ)¹
919 2783 1017 2851 τῆς
1074 2782 1273 2852 σαρκὸς
1322 2782 1382 2835 τὸ
1440 2782 1749 2851 λεγόμενον.

188 2871 339 2923 Ἀλλ’
398 2870 568 2924 ἐνίοτε
631 2872 1054 2943 παρερμηνεύω.
1127 2874 1471 2942 Ἀκούσωμεν
1526 2876 1587 2926 ἐκ
1645 2874 1754 2925 τῶν

176 2961 425 3031 ἐφεξῆςο
491 2981 509 3013 ι
547 2962 742 3027 Καθὼς
792 2965 1079 3017 ἀπέστειλέ
1134 2983 1200 3036 με
1250 2967 1278 3015 6
1328 2964 1438 3026 ζῶν
1483 2965 1693 3035 Πατήρ.
1732 2983 1748 3015 ι

187 3051 433 3116 Ἐκεῖνος
465 3054 611 3123 λέγει
640 3057 737 3125 τὴν
786 3055 1032 3125 θεότητα,
1062 3056 1172 3122 ἐγὼ
1203 3056 1300 3125 τὴν
1343 3056 1752 3125 ἀνθρωπότητα.

181 3140 420 3210 Ἵδωμεν
453 3142 535 3206 τίς
583 3147 610 3196 6
658 3144 1125 3213 παρερμηνεῦων·
1180 3164 1197 3195 ‹
1247 3144 1439 3207 Καθὼς
1471 3145 1756 3197 ἀπέστειλέ

1849 1985 1868 2019 ι
1902 1968 2001 2033 Qui
2030 1968 2337 2033 manducat,
2375 1967 2568 2035 inquit,
2608 1980 2778 2019 meam
2804 1977 3047 2017 carnem.
3093 1980 3110 2011 ι
3146 1958 3409 2013 Memores

1844 2069 2036 2125 estote,
2069 2061 2209 2130 quod
2238 2062 2304 2114 de
2326 2074 2491 2114 carne
2517 2068 2601 2114 est
2631 2071 2832 2120 sermo,
2867 2065 2921 2109 et
2952 2053 3093 2123 quod
3130 2067 3235 2106 non
3261 2066 3290 2104 a
3325 2064 3411 2103 me

1846 2151 2115 2218 adjectum
2135 2161 2213 2205 est
2246 2151 2425 2205 carnis
2450 2164 2667 2213 nomen,
2704 2163 2768 2203 ne
2810 2148 2913 2202 illis
2938 2148 3124 2201 videar
3160 2154 3411 2211 perverse

1849 2242 2195 2309 interpretari
2228 2259 2239 2293 :
2279 2258 2296 2290 ι
2327 2240 2426 2306 Qui
2454 2240 2742 2293 manducat
2770 2253 2941 2292 meam
2971 2248 3215 2297 carnem,
3245 2242 3298 2284 et
3327 2230 3413 2283 bi-

1848 2330 1925 2383 bit
1960 2345 2135 2383 meum
2165 2332 2502 2399 sanguinem.
2548 2348 2566 2381 »
2600 2329 2735 2382 Num
2781 2330 2915 2382 dixit
2951 2346 2963 2379 :
2996 2326 3095 2391 Qui
3124 2322 3416 2377 manducet

1850 2434 2025 2474 meam
2049 2420 2483 2482 divinitatem,el
2507 2419 2828 2472 bibitmeam
2850 2412 3223 2470 divinitatem?
3264 2430 3280 2459 ι
3312 2410 3415 2476 Qui

1852 2513 2136 2566 manducat
2167 2526 2340 2567 meam
2363 2524 2603 2576 carnem,
2638 2509 2831 2579 inquit,
2852 2517 2906 2562 et
2934 2506 3071 2561 bibit
3093 2519 3268 2558 meum
3294 2517 3415 2556 san-

1853 2601 2091 2671 guinem,
2114 2602 2167 2655 in
2202 2617 2287 2656 me
2313 2612 2493 2655 manet
2524 2609 2579 2655 et
2606 2615 2705 2669 ego
2733 2601 2786 2653 in
2816 2613 2932 2655 eo.»
2958 2597 3222 2651 Memores
3240 2602 3413 2649 estote

1855 2692 1995 2757 quod
2027 2693 2092 2744 de
2121 2705 2284 2743 carne
2316 2692 2384 2744 sit
2413 2691 2613 2744 dictum
2644 2728 2659 2742 .
2694 2692 2765 2743 At
2796 2689 2940 2744 enim
2975 2700 3231 2757 perverse
3270 2699 3414 2737 non-

1855 2796 2127 2849 nunquam
2184 2782 2531 2848 interpretor.
2571 2780 2866 2834 Audiamus
2896 2779 3062 2848 igitur
3091 2790 3157 2831 ex
3185 2790 3420 2844 sequen—

1857 2872 1997 2924 tibus
2032 2889 2045 2925 :
2080 2888 2097 2920 ι
2138 2869 2288 2924 Sicut
2320 2870 2465 2925 misit
2491 2883 2575 2923 me
2611 2869 2797 2923 vivens
2818 2866 2979 2921 Pater
3010 2866 3077 2919 “.
3102 2884 3121 2918 ι
3150 2865 3243 2918 Ille
3290 2864 3423 2917 dicit

1858 2962 2217 3027 divinitatem,
2247 2977 2349 3031 ego
2386 2962 2799 3016 humanitatem.
2832 2957 3125 3012 Videamus
3164 2956 3418 3023 quisnam

1858 3070 2110 3123 perverse
2130 3055 2512 3125 interpretetur
2528 3072 2570 3106 ιι
2586 3053 2735 3108 Sicut
2752 3052 2898 3106 misit
2913 3065 2996 3105 me
3010 3050 3193 3103 vivens
3207 3046 3383 3100 Pater.
3398 3062 3416 3095 ι

1862 3145 2005 3198 Dicit
2043 3147 2145 3199 hoc
2188 3144 2308 3199 loco
2357 3146 2644 3200 hmreticus
2677 3144 3030 3199 divinitatem.
3079 3139 3214 3194 Num
3251 3138 3418 3193 dicit:

180 3249 253 3301 με
289 3235 318 3285 6
352 3233 459 3296 ζῶν
499 3235 703 3304 Πατήρ.
750 3254 768 3284 ι
806 3236 968 3303 Λέγει
1004 3235 1236 3288 ἐνταῦθα
1279 3240 1307 3289 6
1337 3238 1610 3307 αἱρετικὸς
1659 3238 1751 3305 τὴν

1862 3234 2003 3287 Misit
2040 3248 2123 3287 me
2158 3234 2324 3288 Deum
2357 3233 2590 3287 Verbum
2616 3234 2803 3287 vivens
2821 3231 3003 3295 Pater,
3026 3239 3083 3283 ut
3112 3229 3186 3283 illi
3212 3234 3421 3297 putant,

180 3323 435 3392 θεότητα.
489 3323 579 3393 Μὴ
627 3323 793 3391 λέγει,
828 3326 908 3376 ὅτι
955 3324 1296 3378 Ἀπέστειλεν
1342 3327 1442 3396 ἐμὲ
1486 3328 1575 3378 τὸν
1624 3326 1754 3379 Θεὸν

178 3416 359 3482 Λόγον
384 3417 412 3467 6
446 3415 551 3479 ζῶν
590 3417 775 3488 Πατήρ
801 3434 815 3482 ;
854 3420 969 3472 κατ’
1001 3420 1258 3486 ἐκείνους,
1290 3420 1444 3489 κάγὼ
1472 3421 1547 3486 ζῶ
1570 3424 1596 3472 ὀ
1626 3421 1755 3485 Θεὸς

180 3507 361 3572 Λόγος
388 3506 475 3559 διὰ
499 3508 588 3561 τὸν
620 3511 838 3581 Πατέρα
859 3528 874 3575 ;
899 3507 1029 3564 Εἶτα
1064 3512 1201 3582 μετὰ
1230 3513 1403 3576 τοῦτο,
1437 3514 1530 3567 καὶ
1561 3514 1708 3567 πάλικ
1740 3530 1753 3543 '

186 3618 205 3647 ι
259 3598 319 3651 ⁸0
351 3599 576 3668 τρώγων
628 3620 715 3671 με,
764 3605 1012 3666 κάκεῖνος
1053 3602 1295 3674 ζήσεται.
1342 3624 1358 3655 ι
1407 3607 1537 3659 Τίνα
1588 3606 1761 3659 ἐσθίο-

184 3705 329 3756 μεν;
358 3689 455 3759 τὴν
486 3691 731 3763 θεότητα,
768 3695 799 3764 ἠ
831 3694 928 3765 τὴν
961 3696 1137 3765 σάρκα
1162 3702 1201 3767 ;)
1234 3698 1364 3768 Περὶ
1393 3698 1490 3767 μὲν
1534 3694 1626 3752 οὖν
1654 3699 1759 3751 τῶν

180 3780 361 3842 οὕτως
396 3782 660 3844 ἐκτόπων,
708 3785 798 3836 καὶ
847 3786 1132 3855 ἀτημελῶς
1168 3788 1315 3859 αὑτῷ
1369 3789 1763 3860 πεφλυαρημέ·

183 3888 319 3931 νων,
360 3872 566 3942 μακρὸς
599 3872 697 3942 ήδη
730 3877 859 3947 παρ’
887 3877 1042 3946 ἡμῶν
1074 3880 1362 3949 πεποίηται
1408 3880 1583 3946 λόγος.
1630 3880 1692 3931 Τί
1718 3881 1760 3931 δ’

182 3961 254 4015 ἂν
284 3962 527 4031 βούλοιτο
554 3965 715 4029 νοεῖν,
743 3966 805 4018 οὐ
838 3970 928 4021 τὸν
953 3968 1085 4021 Θεὸν
1115 3970 1288 4036 Λόγον
1314 3969 1650 4023 ἀπεστάλθαι
1681 3970 1765 4021 λέ-

181 4068 328 4117 γων,
382 4050 734 4120 σαρκωθέντα
780 4056 874 4109 καὶ
924 4058 1447 4129 ἐνανθρωπήσαντα·
1495 4059 1664 4123 τιθεὶς
1709 4060 1764 4112 δὲ

182 4143 355 4197 πάλιν
399 4139 503 4212 ἰδίᾳ
549 4159 608 4195 τε
654 4144 746 4196 καὶ
793 4146 895 4199 ἀνὰ
937 4148 1121 4217 μέρος,
1165 4151 1239 4212 ώς
1285 4149 1446 4212 αὐτός
1505 4168 1658 4219 φησι,
1706 4152 1766 4203 τὸ

180 4231 537 4301 φαινόμενον,
581 4236 679 4287 οὐκ
716 4236 823 4305 ἔχω
865 4237 1058 4305 λέγειν.
1090 4240 1305 4293 Μᾶλλον
1340 4241 1395 4293 δέ
1424 4243 1513 4293 καὶ
1541 4243 1767 4311 ἐναργὲς

181 4327 291 4395 ἤδη
321 4324 383 4376 τὸ
406 4324 665 4397 σόφισμα.
701 4329 803 4380 Τὸν
826 4330 933 4399 γὰρ
960 4332 1057 4400 τῆς
1080 4332 1325 4396 ἐνώσεως
1354 4333 1619 4402 παραλύει
1646 4335 1767 4403 τρό-

180 4436 313 4480 πον,
348 4417 437 4469 ἳνα
475 4420 652 4472 κοινὸν
695 4420 1016 4492 εὑρίσκηται
1062 4424 1121 4476 τὸ
1171 4425 1330 4493 σῶμα
1370 4424 1462 4477 τοῦ
1506 4426 1765 4496 Χριστοῦ,

1856 3336 1910 3380 et
1941 3341 2042 3396 ego
2077 3328 2217 3383 Deus
2249 3326 2625 3381 Vcrbumvivo
2649 3333 2868 3395 propter
2916 3322 3178 3377 Patrem?
3222 3318 3426 3374 Deinde

1860 3428 1979 3488 post
2012 3420 2135 3483 hoc,
2170 3429 2223 3473 et
2259 3419 2450 3472 iterum
2486 3438 2497 3471 :
2536 3438 2552 3469 ι
2584 3418 2649 3470 Ει
2675 3418 2764 3486 qui
2798 3415 3085 3471 manducat
3118 3428 3223 3477 me,
3246 3421 3299 3465 et
3338 3410 3427 3465 ille

1863 3513 2001 3565 vivet
2029 3510 2096 3563 ".
2127 3529 2145 3561 ι
2167 3508 2302 3577 Quid
2321 3512 2582 3564 manduca
2596 3524 2712 3562 mus
2731 3510 2752 3562 ?
2770 3509 3182 3561 divinitatemne
3218 3519 3284 3557 an
3303 3517 3425 3557 ear-

1862 3602 2043 3673 nem?)
2079 3605 2155 3656 Ac
2190 3603 2258 3657 de
2291 3614 2396 3656 tam
2428 3602 2702 3664 absurdis,
2739 3610 2794 3655 et
2841 3600 2977 3653 adeo
3026 3609 3228 3652 temere
3260 3595 3327 3647 ab
3359 3608 3427 3647 eo

1863 3693 2045 3747 emisis
2074 3693 2253 3763 nugis,
2277 3694 2467 3762 longus
2500 3708 2526 3745 a
2555 3693 2709 3745 nobis
2736 3693 2847 3760 jam
2872 3700 2956 3744 est
2984 3703 3165 3744 sermo
3194 3684 3427 3740 habitus.

1864 3786 2001 3851 Quid
2035 3796 2211 3839 autem
2245 3788 2347 3840 sibi
2371 3785 2519 3850 velit,
2546 3799 2665 3837 cum
2693 3786 2832 3837 haud
2854 3784 3017 3836 Deum
3045 3781 3275 3836 Verbum
3300 3778 3430 3831 mis-

1866 3892 1983 3930 sum
2008 3891 2127 3931 esse
2151 3876 2305 3940 dicit,
2340 3876 2679 3930 incarnatum
2706 3886 2760 3929 et
2794 3875 3067 3928 hominem
3103 3870 3299 3925 {aetum
3327 3886 3340 3934 ;
3375 3876 3430 3923 et

1868 3983 2081 4021 rursum
2108 3968 2249 4037 quod
2274 3968 2486 4022 visibile
2515 3977 2618 4033 est,
2670 3977 2728 4019 ut
2776 3967 2889 4034 ipse
2916 3966 3067 4027 dicit,
3105 3963 3334 4017 seorsim
3380 3971 3435 4013 et

1867 4060 2076 4113 divisim
2106 4059 2285 4127 ponit;
2317 4074 2420 4111 non
2454 4058 2625 4112 habeo
2655 4058 2867 4120 dicere,
2925 4056 3033 4108 imo
3074 4068 3203 4108 vero
3254 4052 3431 4105 mani-

1870 4147 2063 4201 festum
2097 4148 2205 4217 jam
2232 4146 2481 4201 cavillum
2515 4155 2616 4201 est.
2650 4144 2779 4198 Nam
2822 4143 3032 4197 unionis
3080 4143 3295 4195 modum
3336 4143 3433 4195 de»

1868 4238 2050 4298 struit,
2087 4247 2146 4289 ut
2169 4251 2455 4290 commune
2485 4235 2788 4288 inveniatur
2821 4246 3017 4299 corpus
3060 4231 3286 4294 Christi,
3320 4244 3425 4282 non

1863 4326 1974 4392 jam
2011 4341 2138 4379 vere
2171 4328 2445 4395 proprium
2483 4325 2641 4379 Verbi
2668 4325 2847 4376 omnia
2876 4321 3153 4375 vivilicare
3182 4320 3432 4373 valentis.

1872 4417 2245 4473 indubitanter
2267 4418 2483 4487 quidem
2519 4417 2696 4470 omnia
2727 4417 2960 4469 humana
2991 4428 3150 4482 parva
3175 4422 3296 4467 sunt
3328 4410 3437 4464 Deo

180 4508 373 4560 οὐκέτι
402 4510 458 4562 δὲ
495 4510 621 4563 ἴδιον
656 4510 870 4579 ἀληθῶς
900 4513 993 4566 τοῦ
1022 4516 1197 4569 πάντα
1238 4517 1517 4580 ζωοποιεῖν
1557 4518 1751 4586 ἰσχύον-

1880 4511 2091 4575 Verbo;
2122 4512 2212 4565 sed
2242 4511 2364 4577 quia
2412 4509 2657 4577 dignatus
2712 4514 2797 4561 est
2841 4516 3056 4575 prapter
3095 4518 3191 4556 nos
3236 4500 3437 4555 mundo

180 4615 301 4659 τος.
340 4600 526 4672 Μικρὰ
575 4601 672 4671 μὲν
721 4603 1164 4675 ὁμολογουμένως
1198 4610 1312 4660 ἐστὶ
1350 4607 1426 4678 τῷ
1454 4609 1572 4678 Θεῷ
1607 4611 1766 4679 Λόγῳ

182 4689 375 4741 πάντα
404 4690 471 4743 τὰ
504 4690 846 4760 ἀνθρώπινα·
884 4696 1067 4767 ἐπειδὴ
1100 4698 1156 4750 δὲ
1189 4698 1487 4769 κατηξίωσε
1515 4699 1582 4751 δι’
1622 4702 1764 4769 ἡμᾶς

176 4780 283 4849 τὴν
336 4780 412 4849 τῷ
458 4782 647 4853 κόσμῳ
699 4787 965 4855 σωτήριον
1016 4789 1305 4858 ὑπομεῖναι
1351 4792 1598 4854 κένωσιν,
1659 4791 1764 4843 κᾶν

178 4870 528 4925 ἀπεστάλθαι
579 4874 806 4943 λέγηται
858 4878 1087 4947 κηρύξαι
1136 4879 1499 4946 αἰχμαλώτοις
1548 4882 1760 4949 ἄφεσιν,

180 4966 282 5015 καὶ
321 4965 541 5032 τυφλοῖς
558 4965 868 5035 ἀνάϐλεψιν,
902 4966 1179 5032 δοξάζεται
1210 4970 1405 5039 μᾶλλον
1436 4970 1509 5032 ώς
1544 4973 1765 5039 ἐπενεγ-

180 5055 301 5107 κὼν
365 5057 462 5123 τῆς
498 5057 635 5125 μετὰ
695 5058 895 5129 σαρκὸς
930 5061 1242 5129 οἰκονομίας
1269 5062 1329 5113 τὸ
1358 5063 1646 5114 ταπεινόν·
1681 5064 1774 5115 καὶ

178 5146 285 5199 οὐκ
315 5146 402 5209 ἂν,
429 5144 695 5215 οἷμαι,τὶς
713 5149 1119 5220 διαμωμήσειεν
1138 5149 1161 5187 ’ί
1193 5152 1297 5203 τῶν
1324 5148 1380 5205 εὖ
1412 5152 1772 5221 φρονούντων,

177 5240 267 5290 ὅτι
288 5236 533 5305 καθῆκεν
556 5240 748 5291 ἑαυτὸν
767 5242 821 5291 ἐν
845 5244 953 5303 τοῖς
972 5242 1090 5294 καθ’
1110 5244 1253 5310 ἡμᾶς
1270 5242 1335 5293 δι’
1354 5244 1517 5311 ἡμᾶς.
1536 5238 1664 5312 'Ap'
1685 5239 1776 5295 οῦν

178 5330 257 5393 ὡς
288 5330 379 5381 ita
391 5330 479 5396 ρόν
506 5347 624 5382 τινα
647 5330 770 5383 Υἰὸν
802 5331 894 5383 καὶ
924 5333 1155 5403 Χριστὸν
1176 5333 1320 5405 παρὰ
1338 5334 1427 5386 τὸν
1445 5335 1507 5385 ἐκ
1526 5333 1657 5385 Θεοῦ
1676 5334 1777 5385 Λό-

260 5489 312 5519 ⁸⁰
346 5484 518 5541 Galat.
559 5503 630 5552 tv,
654 5487 706 5541 4.
784 5492 824 5520 δι
860 5489 1013 5546 Juan.
1052 5507 1121 5552 vt,
1154 5492 1241 5545 55.
1319 5493 1361 5523 δ’
1388 5492 1515 5546 ibid.
1550 5490 1637 5545 5‘2.

1720 5490 1761 5520 ³³
1805 5489 1933 5543 ibid.
1969 5488 2058 5541 55.
2135 5487 2181 5518 “
2210 5486 2332 5539 ibid.
2364 5486 2450 5540 58.

1874 4603 2168 4656 salutarem
2196 4600 2619 4654 exinanitionem
2656 4600 2946 4660 sustinere,
2982 4597 3193 4652 etiamsi
3231 4595 3432 4649 miSSus

1872 4708 1993 4745 esse
2022 4691 2253 4751 dicatur,
2289 4701 2347 4743 ut
2371 4690 2623 4757 prmdicet
2671 4689 2900 4757 captivis
2953 4688 3349 4751 remissionem,
3387 4696 3441 4738 et

1873 4782 2031 4835 czccis
2061 4782 2462 4835 restitutionem
2490 4782 2656 4843 visus,
2692 4781 3027 4850 glorificatur
3053 4780 3230 4848 potius
3257 4787 3439 4847 utpote

1871 4874 1961 4940 qui
1993 4872 2351 4925 humilitatem
2386 4872 2808 4940 dispensationis
2845 4872 2897 4923 in
2948 4885 3111 4923 carne
3146 4885 3325 4923 secum
3358 4878 3438 4921 at-

1873 4964 2055 5017 tulerit
2094 4982 2106 5017 :
2142 4973 2192 5017 et
2223 4963 2420 5029 nullus,
2448 4966 2659 5032 Opinor,
2690 4963 2778 5031 qui
2830 4963 3024 5030 sapiat,
3079 4963 3438 5030 reprehende-

1872 5055 1941 5106 rit
1991 5054 2135 5121 quod
2172 5052 2467 5105 humiliarit
2498 5066 2556 5105 se
2589 5052 2640 5103 in
2684 5052 2891 5104 nostris
2928 5060 3146 5119 propter
3188 5064 3306 5103 nos.
3354 5051 3435 5103 An

1874 5159 1999 5197 vero
2027 5144 2117 5210 qui
2154 5144 2417 5196 visibilem
2449 5142 2620 5204 illum,
2656 5152 2911 5210 tanquam
2954 5141 3113 5194 alium
3139 5141 3425 5209 quemdam

1874 5251 1992 5289 esse
2036 5234 2228 5286 Filium
2262 5243 2314 5286 et
2351 5234 2623 5287 Christum
2651 5245 2847 5301 prseter
2884 5232 3011 5284 illud
3045 5247 3107 5283 ex
3151 5232 3257 5284 Deo
3306 5230 3435 5283 Ver-

1875 5328 2001 5380 bum
2032 5327 2244 5391 asserit,
2283 5325 2368 5379 cui
2398 5325 2558 5377 etiam
2584 5325 2683 5379 soli
2718 5323 2990 5377 missionis
3018 5333 3071 5377 et
3104 5322 3435 5392 apostolatus

2530 5485 2568 5513 ⁵⁵
2596 5474 2726 5539 ibid.

1255 5646 1424 5701 Varia:
1463 5647 1719 5700 lectiones
1741 5660 1803 5701 ex
1838 5642 2023 5698 codice
2052 5640 2417 5711 Seguieriano.

268 5779 301 5823 λ
328 5779 777 5850 διαμωμήσηται.
