  <div class='ocr_page' id='page_1' title='image "/cluster/home/n/w/nwhite01/storage/ocr_20150623/76/pst.000005712755/199.png"; bbox 0 0 4062 6340; ppageno 0'>
   <div class='ocr_carea' id='block_1_1' title="bbox 629 377 804 436">
    <p class='ocr_par' dir='ltr' id='par_1_1' title="bbox 629 377 804 436">
     <span class='ocr_line' id='line_1_1' title="bbox 629 377 804 436; baseline -0.029 0"><span class='ocrx_word' id='word_1_1' title='bbox 629 377 733 436; x_wconf 83' lang='grc'><strong>575</strong></span> <span class='ocrx_word' id='word_1_2' title='bbox 784 377 804 386; x_wconf 76' lang='grc'><strong>”</strong></span> 
     </span>
    </p>
   </div>
   <div class='ocr_carea' id='block_1_2' title="bbox 1655 379 2889 440">
    <p class='ocr_par' dir='ltr' id='par_1_2' title="bbox 1655 379 2889 440">
     <span class='ocr_line' id='line_1_2' title="bbox 1655 379 2889 440; baseline 0.003 -6"><span class='ocrx_word' id='word_1_3' title='bbox 1655 379 1711 435; x_wconf 93' lang='lat' dir='ltr'><strong>S.</strong></span> <span class='ocrx_word' id='word_1_4' title='bbox 1753 380 2028 438; x_wconf 80' lang='lat' dir='ltr'><strong>CYRILLI</strong></span> <span class='ocrx_word' id='word_1_5' title='bbox 2067 382 2531 440; x_wconf 76' lang='lat' dir='ltr'><strong>ALEXANDRINI</strong></span> <span class='ocrx_word' id='word_1_6' title='bbox 2569 381 2889 438; x_wconf 79' lang='lat' dir='ltr'><strong>ARCHIEP.</strong></span> 
     </span>
    </p>
   </div>
   <div class='ocr_carea' id='block_1_3' title="bbox 3769 385 3890 438">
    <p class='ocr_par' dir='ltr' id='par_1_3' title="bbox 3769 385 3890 438">
     <span class='ocr_line' id='line_1_3' title="bbox 3769 385 3890 438; baseline 0 -1"><span class='ocrx_word' id='word_1_7' title='bbox 3769 385 3890 438; x_wconf 74' lang='lat'><strong>576</strong></span> 
     </span>
    </p>
   </div>
   <div class='ocr_carea' id='block_1_4' title="bbox 633 497 2203 576">
    <p class='ocr_par' dir='ltr' id='par_1_4' title="bbox 633 498 2199 572">
     <span class='ocr_line' id='line_1_4' title="bbox 633 498 2199 572; baseline 0.006 -21"><span class='ocrx_word' id='word_1_8' title='bbox 633 513 830 552; x_wconf 89' lang='lat' dir='ltr'><strong>munus</strong></span> <span class='ocrx_word' id='word_1_9' title='bbox 864 498 1256 564; x_wconf 86' lang='lat' dir='ltr'><strong>tribuerit,non</strong></span> <span class='ocrx_word' id='word_1_10' title='bbox 1290 499 1340 554; x_wconf 92' lang='lat' dir='ltr'><strong>is</strong></span> <span class='ocrx_word' id='word_1_11' title='bbox 1383 509 1626 554; x_wconf 87' lang='lat' dir='ltr'><strong>nostrum</strong></span> <span class='ocrx_word' id='word_1_12' title='bbox 1645 505 1956 572; x_wconf 86' lang='lat' dir='ltr'><strong>mysterium</strong></span> <span class='ocrx_word' id='word_1_13' title='bbox 1983 507 2199 560; x_wconf 84' lang='lat' dir='ltr'><strong>anthro-</strong></span> 
     </span>
    </p>
   </div>
   <div class='ocr_carea' id='block_1_5' title="bbox 2308 497 3890 576">
    <p class='ocr_par' dir='ltr' id='par_1_5' title="bbox 2308 497 3890 576">
     <span class='ocr_line' id='line_1_5' title="bbox 2308 497 3890 576; baseline -0.003 -17"><span class='ocrx_word' id='word_1_14' title='bbox 2308 521 2417 574; x_wconf 89' lang='grc' dir='ltr'>γον,</span> <span class='ocrx_word' id='word_1_15' title='bbox 2436 504 2527 558; x_wconf 78' lang='grc' dir='ltr'><strong>τὸν</strong></span> <span class='ocrx_word' id='word_1_16' title='bbox 2545 501 2864 576; x_wconf 80' lang='grc' dir='ltr'>φαινόμενον</span> <span class='ocrx_word' id='word_1_17' title='bbox 2882 500 3017 559; x_wconf 76' lang='grc' dir='ltr'>εἷναι</span> <span class='ocrx_word' id='word_1_18' title='bbox 3039 505 3345 559; x_wconf 77' lang='grc' dir='ltr'>διαϐεϐαιού</span> <span class='ocrx_word' id='word_1_19' title='bbox 3356 522 3531 575; x_wconf 85' lang='grc' dir='ltr'>μενος,</span> <span class='ocrx_word' id='word_1_20' title='bbox 3545 497 3586 573; x_wconf 79' lang='grc' dir='ltr'>ᾧ</span> <span class='ocrx_word' id='word_1_21' title='bbox 3604 507 3694 558; x_wconf 69' lang='grc' dir='ltr'><strong>καὶ</strong></span> <span class='ocrx_word' id='word_1_22' title='bbox 3722 505 3890 574; x_wconf 72' lang='grc' dir='ltr'>μένῳ</span> 
     </span>
    </p>
   </div>
   <div class='ocr_carea' id='block_1_6' title="bbox 640 588 2196 666">
    <p class='ocr_par' dir='ltr' id='par_1_6' title="bbox 640 588 2196 666">
     <span class='ocr_line' id='line_1_6' title="bbox 640 588 2196 666; baseline 0.008 -25"><span class='ocrx_word' id='word_1_23' title='bbox 640 589 958 658; x_wconf 77' lang='lat' dir='ltr'><strong>popliagiam</strong></span> <span class='ocrx_word' id='word_1_24' title='bbox 1005 588 1184 655; x_wconf 72' lang='lat' dir='ltr'><strong>allicit,</strong></span> <span class='ocrx_word' id='word_1_25' title='bbox 1231 599 1392 660; x_wconf 89' lang='lat' dir='ltr'><strong>atque</strong></span> <span class='ocrx_word' id='word_1_26' title='bbox 1440 591 1505 645; x_wconf 90' lang='lat' dir='ltr'><strong>ad</strong></span> <span class='ocrx_word' id='word_1_27' title='bbox 1556 592 1798 650; x_wconf 77' lang='lat' dir='ltr'><strong>exoletas</strong></span> <span class='ocrx_word' id='word_1_28' title='bbox 1841 597 2196 666; x_wconf 84' lang='lat' dir='ltr'><strong>cogitationes</strong></span> 
     </span>
    </p>
   </div>
   <div class='ocr_carea' id='block_1_7' title="bbox 633 677 2197 752">
    <p class='ocr_par' dir='ltr' id='par_1_7' title="bbox 633 677 2197 752">
     <span class='ocr_line' id='line_1_7' title="bbox 633 677 2197 752; baseline 0.009 -23"><span class='ocrx_word' id='word_1_29' title='bbox 633 687 863 729; x_wconf 88' lang='lat' dir='ltr'><strong>mentem</strong></span> <span class='ocrx_word' id='word_1_30' title='bbox 899 677 1133 731; x_wconf 85' lang='lat' dir='ltr'><strong>ﬁdelium</strong></span> <span class='ocrx_word' id='word_1_31' title='bbox 1183 678 1388 734; x_wconf 77' lang='lat' dir='ltr'><strong>nefarie</strong></span> <span class='ocrx_word' id='word_1_32' title='bbox 1421 681 1708 750; x_wconf 83' lang='lat' dir='ltr'><strong>perducit,</strong></span> <span class='ocrx_word' id='word_1_33' title='bbox 1751 699 1920 752; x_wconf 90' lang='lat' dir='ltr'><strong>eaque</strong></span> <span class='ocrx_word' id='word_1_34' title='bbox 1946 687 2197 744; x_wconf 87' lang='lat' dir='ltr'><strong>humanis</strong></span> 
     </span>
    </p>
   </div>
   <div class='ocr_carea' id='block_1_8' title="bbox 632 765 2199 838">
    <p class='ocr_par' dir='ltr' id='par_1_8' title="bbox 632 765 2199 838">
     <span class='ocr_line' id='line_1_8' title="bbox 632 765 2199 838; baseline 0.009 -20"><span class='ocrx_word' id='word_1_35' title='bbox 632 765 900 834; x_wconf 83' lang='lat' dir='ltr'><strong>subjicere</strong></span> <span class='ocrx_word' id='word_1_36' title='bbox 920 766 1220 822; x_wconf 77' lang='lat' dir='ltr'><strong>rationibus</strong></span> <span class='ocrx_word' id='word_1_37' title='bbox 1250 777 1500 832; x_wconf 89' lang='lat' dir='ltr'><strong>conatur,</strong></span> <span class='ocrx_word' id='word_1_38' title='bbox 1519 784 1637 838; x_wconf 71' lang='lat' dir='ltr'><strong>qua:</strong></span> <span class='ocrx_word' id='word_1_39' title='bbox 1683 772 1794 826; x_wconf 92' lang='lat' dir='ltr'><strong>sola</strong></span> <span class='ocrx_word' id='word_1_40' title='bbox 1815 772 1917 828; x_wconf 87' lang='lat' dir='ltr'><strong>lide</strong></span> <span class='ocrx_word' id='word_1_41' title='bbox 1951 776 2199 832; x_wconf 86' lang='lat' dir='ltr'><strong>omnise-</strong></span> 
     </span>
    </p>
   </div>
   <div class='ocr_carea' id='block_1_9' title="bbox 631 851 2201 935">
    <p class='ocr_par' dir='ltr' id='par_1_9' title="bbox 631 851 2201 935">
     <span class='ocr_line' id='line_1_9' title="bbox 631 851 2201 935; baseline 0.01 -26"><span class='ocrx_word' id='word_1_42' title='bbox 631 859 805 926; x_wconf 90' lang='lat' dir='ltr'><strong>posita</strong></span> <span class='ocrx_word' id='word_1_43' title='bbox 821 851 1131 914; x_wconf 84' lang='lat' dir='ltr'><strong>curiositate</strong></span> <span class='ocrx_word' id='word_1_44' title='bbox 1145 862 1466 929; x_wconf 86' lang='lat' dir='ltr'><strong>capiuntur?</strong></span> <span class='ocrx_word' id='word_1_45' title='bbox 1481 862 1665 933; x_wconf 86' lang='lat' dir='ltr'><strong>Neque</strong></span> <span class='ocrx_word' id='word_1_46' title='bbox 1679 865 1818 918; x_wconf 88' lang='lat' dir='ltr'><strong>enim</strong></span> <span class='ocrx_word' id='word_1_47' title='bbox 1838 867 1961 935; x_wconf 92' lang='lat' dir='ltr'><strong>quia</strong></span> <span class='ocrx_word' id='word_1_48' title='bbox 1980 869 2201 924; x_wconf 89' lang='lat' dir='ltr'><strong>minime</strong></span> 
     </span>
    </p>
   </div>
   <div class='ocr_carea' id='block_1_10' title="bbox 631 950 2202 1023">
    <p class='ocr_par' dir='ltr' id='par_1_10' title="bbox 631 950 2202 1023">
     <span class='ocr_line' id='line_1_10' title="bbox 631 950 2202 1023; baseline 0.01 -23"><span class='ocrx_word' id='word_1_49' title='bbox 631 950 812 1001; x_wconf 83' lang='lat' dir='ltr'><strong>editur</strong></span> <span class='ocrx_word' id='word_1_50' title='bbox 835 951 1132 1006; x_wconf 78' lang='lat' dir='ltr'><strong>divinitatis</strong></span> <span class='ocrx_word' id='word_1_51' title='bbox 1159 963 1348 1006; x_wconf 89' lang='lat' dir='ltr'><strong>natura</strong></span> <span class='ocrx_word' id='word_1_52' title='bbox 1375 965 1659 1023; x_wconf 84' lang='lat' dir='ltr'><strong>propterea</strong></span> <span class='ocrx_word' id='word_1_53' title='bbox 1689 971 1976 1013; x_wconf 81' lang='lat' dir='ltr'><strong>commune</strong></span> <span class='ocrx_word' id='word_1_54' title='bbox 2005 960 2202 1016; x_wconf 85' lang='lat' dir='ltr'><strong>dixerit</strong></span> 
     </span>
    </p>
   </div>
   <div class='ocr_carea' id='block_1_11' title="bbox 632 1039 2202 1119">
    <p class='ocr_par' dir='ltr' id='par_1_11' title="bbox 632 1039 2202 1119">
     <span class='ocr_line' id='line_1_11' title="bbox 632 1039 2202 1119; baseline 0.011 -30"><span class='ocrx_word' id='word_1_55' title='bbox 632 1039 898 1107; x_wconf 85' lang='lat' dir='ltr'><strong>quispiam</strong></span> <span class='ocrx_word' id='word_1_56' title='bbox 922 1051 1168 1096; x_wconf 90' lang='lat' dir='ltr'><strong>sanctum</strong></span> <span class='ocrx_word' id='word_1_57' title='bbox 1189 1042 1391 1099; x_wconf 87' lang='lat' dir='ltr'><strong>Christi</strong></span> <span class='ocrx_word' id='word_1_58' title='bbox 1409 1059 1625 1115; x_wconf 90' lang='lat' dir='ltr'><strong>corpus.</strong></span> <span class='ocrx_word' id='word_1_59' title='bbox 1648 1046 1800 1103; x_wconf 88' lang='lat' dir='ltr'><strong>Scire</strong></span> <span class='ocrx_word' id='word_1_60' title='bbox 1821 1060 2000 1105; x_wconf 91' lang='lat' dir='ltr'><strong>autem</strong></span> <span class='ocrx_word' id='word_1_61' title='bbox 2026 1065 2202 1119; x_wconf 72' lang='lat' dir='ltr'><strong>opera:</strong></span> 
     </span>
    </p>
   </div>
   <div class='ocr_carea' id='block_1_12' title="bbox 633 1130 2200 1211">
    <p class='ocr_par' dir='ltr' id='par_1_12' title="bbox 633 1130 2200 1211">
     <span class='ocr_line' id='line_1_12' title="bbox 633 1130 2200 1211; baseline 0.01 -31"><span class='ocrx_word' id='word_1_62' title='bbox 633 1130 866 1196; x_wconf 91' lang='lat' dir='ltr'><strong>pretium</strong></span> <span class='ocrx_word' id='word_1_63' title='bbox 897 1140 978 1184; x_wconf 87' lang='lat' dir='ltr'><strong>est</strong></span> <span class='ocrx_word' id='word_1_64' title='bbox 1011 1135 1151 1200; x_wconf 91' lang='lat' dir='ltr'><strong>quod</strong></span> <span class='ocrx_word' id='word_1_65' title='bbox 1172 1174 1188 1200; x_wconf 90' lang='lat'><strong>,</strong></span> <span class='ocrx_word' id='word_1_66' title='bbox 1221 1135 1358 1190; x_wconf 80' lang='lat' dir='ltr'><strong>sicut</strong></span> <span class='ocrx_word' id='word_1_67' title='bbox 1413 1151 1570 1205; x_wconf 85' lang='lat' dir='ltr'><strong>supra</strong></span> <span class='ocrx_word' id='word_1_68' title='bbox 1612 1139 1846 1194; x_wconf 78' lang='lat' dir='ltr'><strong>diximus</strong></span> <span class='ocrx_word' id='word_1_69' title='bbox 1869 1181 1884 1205; x_wconf 92' lang='lat'><strong>,</strong></span> <span class='ocrx_word' id='word_1_70' title='bbox 1926 1142 2200 1211; x_wconf 92' lang='lat' dir='ltr'><strong>proprium</strong></span> 
     </span>
    </p>
   </div>
   <div class='ocr_carea' id='block_1_13' title="bbox 633 1223 2200 1299">
    <p class='ocr_par' dir='ltr' id='par_1_13' title="bbox 633 1223 2200 1299">
     <span class='ocr_line' id='line_1_13' title="bbox 633 1223 2200 1299; baseline 0.008 -25"><span class='ocrx_word' id='word_1_71' title='bbox 633 1229 717 1274; x_wconf 84' lang='lat' dir='ltr'><strong>est</strong></span> <span class='ocrx_word' id='word_1_72' title='bbox 749 1236 942 1290; x_wconf 86' lang='lat' dir='ltr'><strong>corpus</strong></span> <span class='ocrx_word' id='word_1_73' title='bbox 971 1223 1087 1292; x_wconf 68' lang='lat' dir='ltr'><strong>eius</strong></span> <span class='ocrx_word' id='word_1_74' title='bbox 1121 1225 1308 1293; x_wconf 87' lang='lat' dir='ltr'><strong>Verbi,</strong></span> <span class='ocrx_word' id='word_1_75' title='bbox 1344 1227 1485 1296; x_wconf 89' lang='lat' dir='ltr'><strong>quod</strong></span> <span class='ocrx_word' id='word_1_76' title='bbox 1515 1231 1693 1283; x_wconf 84' lang='lat' dir='ltr'><strong>omnia</strong></span> <span class='ocrx_word' id='word_1_77' title='bbox 1731 1231 1986 1287; x_wconf 82' lang='lat' dir='ltr'><strong>vivificat.</strong></span> <span class='ocrx_word' id='word_1_78' title='bbox 2054 1232 2200 1299; x_wconf 83' lang='lat' dir='ltr'><strong>Quo-</strong></span> 
     </span>
    </p>
   </div>
   <div class='ocr_carea' id='block_1_14' title="bbox 633 1308 2200 1390">
    <p class='ocr_par' dir='ltr' id='par_1_14' title="bbox 633 1308 2200 1390">
     <span class='ocr_line' id='line_1_14' title="bbox 633 1308 2200 1390; baseline 0.008 -28"><span class='ocrx_word' id='word_1_79' title='bbox 633 1308 778 1362; x_wconf 85' lang='lat' dir='ltr'><strong>niam</strong></span> <span class='ocrx_word' id='word_1_80' title='bbox 820 1318 999 1365; x_wconf 90' lang='lat' dir='ltr'><strong>autem</strong></span> <span class='ocrx_word' id='word_1_81' title='bbox 1037 1322 1119 1367; x_wconf 84' lang='lat' dir='ltr'><strong>est</strong></span> <span class='ocrx_word' id='word_1_82' title='bbox 1151 1326 1349 1384; x_wconf 89' lang='lat' dir='ltr'><strong>corpus</strong></span> <span class='ocrx_word' id='word_1_83' title='bbox 1398 1317 1546 1380; x_wconf 65' lang='lat' dir='ltr'><strong>vitaz,</strong></span> <span class='ocrx_word' id='word_1_84' title='bbox 1584 1318 1854 1373; x_wconf 84' lang='lat' dir='ltr'><strong>vivilicum</strong></span> <span class='ocrx_word' id='word_1_85' title='bbox 1909 1329 1994 1373; x_wconf 86' lang='lat' dir='ltr'><strong>est</strong></span> <span class='ocrx_word' id='word_1_86' title='bbox 2027 1336 2042 1374; x_wconf 88' lang='lat'><strong>:</strong></span> <span class='ocrx_word' id='word_1_87' title='bbox 2074 1335 2200 1390; x_wconf 86' lang='lat' dir='ltr'><strong>pro-</strong></span> 
     </span>
    </p>
   </div>
   <div class='ocr_carea' id='block_1_15' title="bbox 632 1407 2204 1483">
    <p class='ocr_par' dir='ltr' id='par_1_15' title="bbox 632 1407 2204 1483">
     <span class='ocr_line' id='line_1_15' title="bbox 632 1407 2204 1483; baseline 0.008 -30"><span class='ocrx_word' id='word_1_88' title='bbox 632 1407 1080 1473; x_wconf 75' lang='lat' dir='ltr'><strong>ptereanamque</strong></span> <span class='ocrx_word' id='word_1_89' title='bbox 1110 1408 1427 1464; x_wconf 86' lang='lat' dir='ltr'><strong>mortalibus</strong></span> <span class='ocrx_word' id='word_1_90' title='bbox 1455 1410 1654 1464; x_wconf 80' lang='lat' dir='ltr'><strong>nostris</strong></span> <span class='ocrx_word' id='word_1_91' title='bbox 1683 1410 1998 1478; x_wconf 89' lang='lat' dir='ltr'><strong>corporibus</strong></span> <span class='ocrx_word' id='word_1_92' title='bbox 2038 1412 2204 1483; x_wconf 81' lang='lat' dir='ltr'><strong>largi-</strong></span> 
     </span>
    </p>
   </div>
   <div class='ocr_carea' id='block_1_16' title="bbox 636 1495 2200 1572">
    <p class='ocr_par' dir='ltr' id='par_1_16' title="bbox 636 1495 2200 1572">
     <span class='ocr_line' id='line_1_16' title="bbox 636 1495 2200 1572; baseline 0.009 -26"><span class='ocrx_word' id='word_1_93' title='bbox 636 1503 723 1547; x_wconf 93' lang='lat' dir='ltr'><strong>tur</strong></span> <span class='ocrx_word' id='word_1_94' title='bbox 775 1495 961 1562; x_wconf 87' lang='lat' dir='ltr'><strong>vitam,</strong></span> <span class='ocrx_word' id='word_1_95' title='bbox 1013 1507 1068 1552; x_wconf 92' lang='lat' dir='ltr'><strong>et</strong></span> <span class='ocrx_word' id='word_1_96' title='bbox 1119 1501 1309 1555; x_wconf 86' lang='lat' dir='ltr'><strong>mortis</strong></span> <span class='ocrx_word' id='word_1_97' title='bbox 1383 1502 1669 1570; x_wconf 88' lang='lat' dir='ltr'><strong>imperium</strong></span> <span class='ocrx_word' id='word_1_98' title='bbox 1735 1500 1894 1572; x_wconf 54' lang='lat'><strong>19¢</strong></span> <span class='ocrx_word' id='word_1_99' title='bbox 1954 1515 2200 1560; x_wconf 90' lang='lat' dir='ltr'><strong>evacuat.</strong></span> 
     </span>
    </p>
   </div>
   <div class='ocr_carea' id='block_1_17' title="bbox 636 1585 2204 1667">
    <p class='ocr_par' dir='ltr' id='par_1_17' title="bbox 636 1585 2204 1667">
     <span class='ocr_line' id='line_1_17' title="bbox 636 1585 2204 1667; baseline 0.01 -29"><span class='ocrx_word' id='word_1_100' title='bbox 636 1585 882 1642; x_wconf 75' lang='lat' dir='ltr'><strong>Viviticat</strong></span> <span class='ocrx_word' id='word_1_101' title='bbox 913 1599 1090 1646; x_wconf 87' lang='lat' dir='ltr'><strong>autem</strong></span> <span class='ocrx_word' id='word_1_102' title='bbox 1117 1607 1214 1648; x_wconf 86' lang='lat' dir='ltr'><strong>nos</strong></span> <span class='ocrx_word' id='word_1_103' title='bbox 1235 1594 1428 1663; x_wconf 68' lang='lat' dir='ltr'><strong>arquali</strong></span> <span class='ocrx_word' id='word_1_104' title='bbox 1453 1595 1611 1650; x_wconf 91' lang='lat' dir='ltr'><strong>modo</strong></span> <span class='ocrx_word' id='word_1_105' title='bbox 1634 1603 1690 1650; x_wconf 89' lang='lat' dir='ltr'><strong>et</strong></span> <span class='ocrx_word' id='word_1_106' title='bbox 1712 1607 1939 1653; x_wconf 90' lang='lat' dir='ltr'><strong>sanctus</strong></span> <span class='ocrx_word' id='word_1_107' title='bbox 1971 1597 2204 1667; x_wconf 88' lang='lat' dir='ltr'><strong>Spiritus</strong></span> 
     </span>
    </p>
   </div>
   <div class='ocr_carea' id='block_1_18' title="bbox 632 1668 2199 1756">
    <p class='ocr_par' dir='ltr' id='par_1_18' title="bbox 632 1668 2199 1756">
     <span class='ocr_line' id='line_1_18' title="bbox 632 1668 2199 1756; baseline 0.007 -24"><span class='ocrx_word' id='word_1_108' title='bbox 632 1676 834 1734; x_wconf 87' lang='lat' dir='ltr'><strong>Christi</strong></span> <span class='ocrx_word' id='word_1_109' title='bbox 879 1699 892 1734; x_wconf 88' lang='lat'><strong>:</strong></span> <span class='ocrx_word' id='word_1_110' title='bbox 948 1697 968 1730; x_wconf 76' lang='grc' dir='ltr'><strong>ι</strong></span> <span class='ocrx_word' id='word_1_111' title='bbox 1014 1682 1248 1750; x_wconf 90' lang='lat' dir='ltr'><strong>Spiritus</strong></span> <span class='ocrx_word' id='word_1_112' title='bbox 1293 1687 1434 1739; x_wconf 92' lang='lat' dir='ltr'><strong>enim</strong></span> <span class='ocrx_word' id='word_1_113' title='bbox 1487 1697 1570 1740; x_wconf 91' lang='lat' dir='ltr'><strong>est</strong></span> <span class='ocrx_word' id='word_1_114' title='bbox 1621 1687 1710 1756; x_wconf 87' lang='lat' dir='ltr'><strong>qui</strong></span> <span class='ocrx_word' id='word_1_115' title='bbox 1765 1668 2006 1743; x_wconf 43' lang='lat' dir='ltr'><strong>viv&#39;iﬂcat</strong></span> <span class='ocrx_word' id='word_1_116' title='bbox 2043 1691 2124 1753; x_wconf 73' lang='lat'><strong>&quot;,</strong></span> <span class='ocrx_word' id='word_1_117' title='bbox 2179 1709 2199 1743; x_wconf 71' lang='grc' dir='ltr'><strong>ι</strong></span> 
     </span>
    </p>
   </div>
   <div class='ocr_carea' id='block_1_19' title="bbox 632 1773 2204 1851">
    <p class='ocr_par' dir='ltr' id='par_1_19' title="bbox 632 1773 2204 1851">
     <span class='ocr_line' id='line_1_19' title="bbox 632 1773 2204 1851; baseline 0.008 -26"><span class='ocrx_word' id='word_1_118' title='bbox 632 1773 925 1827; x_wconf 90' lang='lat' dir='ltr'><strong>secundum</strong></span> <span class='ocrx_word' id='word_1_119' title='bbox 966 1773 1205 1843; x_wconf 80' lang='lat' dir='ltr'><strong>ejusdem</strong></span> <span class='ocrx_word' id='word_1_120' title='bbox 1263 1775 1559 1831; x_wconf 87' lang='lat' dir='ltr'><strong>Salvatoris</strong></span> <span class='ocrx_word' id='word_1_121' title='bbox 1587 1793 1790 1833; x_wconf 87' lang='lat' dir='ltr'><strong>vocem.</strong></span> <span class='ocrx_word' id='word_1_122' title='bbox 1853 1779 2034 1851; x_wconf 82' lang='lat' dir='ltr'><strong>Neque</strong></span> <span class='ocrx_word' id='word_1_123' title='bbox 2075 1796 2204 1838; x_wconf 82' lang='lat' dir='ltr'><strong>vero</strong></span> 
     </span>
    </p>
   </div>
   <div class='ocr_carea' id='block_1_20' title="bbox 2299 595 3890 668">
    <p class='ocr_par' dir='ltr' id='par_1_20' title="bbox 2299 595 3890 668">
     <span class='ocr_line' id='line_1_20' title="bbox 2299 595 3890 668; baseline -0.002 -19"><span class='ocrx_word' id='word_1_124' title='bbox 2299 597 2399 666; x_wconf 85' lang='grc' dir='ltr'><strong>τῆς</strong></span> <span class='ocrx_word' id='word_1_125' title='bbox 2421 597 2727 667; x_wconf 78' lang='grc' dir='ltr'><strong>ἀποστολῆς</strong></span> <span class='ocrx_word' id='word_1_126' title='bbox 2752 597 3156 668; x_wconf 80' lang='grc' dir='ltr'>προσνενέμηκε</span> <span class='ocrx_word' id='word_1_127' title='bbox 3171 596 3380 667; x_wconf 85' lang='grc' dir='ltr'>χρῆμα,</span> <span class='ocrx_word' id='word_1_128' title='bbox 3404 596 3501 649; x_wconf 77' lang='grc' dir='ltr'><strong>οὐκ</strong></span> <span class='ocrx_word' id='word_1_129' title='bbox 3515 595 3890 666; x_wconf 69' lang='grc' dir='ltr'>ἀνθρωποφα-</span> 
     </span>
    </p>
   </div>
   <div class='ocr_carea' id='block_1_21' title="bbox 2301 684 3892 757">
    <p class='ocr_par' dir='ltr' id='par_1_21' title="bbox 2301 684 3892 757">
     <span class='ocr_line' id='line_1_21' title="bbox 2301 684 3892 757; baseline -0.003 -19"><span class='ocrx_word' id='word_1_130' title='bbox 2301 687 2425 755; x_wconf 89' lang='grc' dir='ltr'>γίαν</span> <span class='ocrx_word' id='word_1_131' title='bbox 2457 687 2610 756; x_wconf 79' lang='grc' dir='ltr'>ἡμῶν</span> <span class='ocrx_word' id='word_1_132' title='bbox 2626 689 2914 756; x_wconf 81' lang='grc' dir='ltr'>ἀποφαίνει</span> <span class='ocrx_word' id='word_1_133' title='bbox 2932 688 2992 740; x_wconf 85' lang='grc' dir='ltr'><strong>τὸ</strong></span> <span class='ocrx_word' id='word_1_134' title='bbox 3019 689 3333 757; x_wconf 85' lang='grc' dir='ltr'>μυστήριον,</span> <span class='ocrx_word' id='word_1_135' title='bbox 3349 685 3618 755; x_wconf 77' lang='grc' dir='ltr'><strong>παριστὰς</strong></span> <span class='ocrx_word' id='word_1_136' title='bbox 3641 684 3892 744; x_wconf 79' lang='grc' dir='ltr'><strong>ἀνοσίως</strong></span> 
     </span>
    </p>
   </div>
   <div class='ocr_carea' id='block_1_22' title="bbox 2302 772 3888 848">
    <p class='ocr_par' dir='ltr' id='par_1_22' title="bbox 2302 772 3888 848">
     <span class='ocr_line' id='line_1_22' title="bbox 2302 772 3888 848; baseline -0.004 -19"><span class='ocrx_word' id='word_1_137' title='bbox 2302 779 2382 840; x_wconf 89' lang='grc' dir='ltr'><strong>είς</strong></span> <span class='ocrx_word' id='word_1_138' title='bbox 2419 776 2695 848; x_wconf 78' lang='grc' dir='ltr'>ἐξιτήλους</span> <span class='ocrx_word' id='word_1_139' title='bbox 2731 780 2936 841; x_wconf 76' lang='grc' dir='ltr'>ἐννοίας</span> <span class='ocrx_word' id='word_1_140' title='bbox 2972 777 3077 830; x_wconf 84' lang='grc' dir='ltr'>τῶν</span> <span class='ocrx_word' id='word_1_141' title='bbox 3122 776 3517 830; x_wconf 76' lang='grc' dir='ltr'><strong>πιστευσάντων</strong></span> <span class='ocrx_word' id='word_1_142' title='bbox 3554 772 3571 812; x_wconf 84' lang='grc' dir='ltr'>ι</span> <span class='ocrx_word' id='word_1_143' title='bbox 3604 773 3693 828; x_wconf 79' lang='grc' dir='ltr'><strong>τὸν</strong></span> <span class='ocrx_word' id='word_1_144' title='bbox 3722 773 3888 835; x_wconf 75' lang='grc' dir='ltr'>νοῦν,</span> 
     </span>
    </p>
   </div>
   <div class='ocr_carea' id='block_1_23' title="bbox 2303 864 3894 940">
    <p class='ocr_par' dir='ltr' id='par_1_23' title="bbox 2303 864 3894 940">
     <span class='ocr_line' id='line_1_23' title="bbox 2303 864 3894 940; baseline -0.004 -17"><span class='ocrx_word' id='word_1_145' title='bbox 2303 869 2396 923; x_wconf 72' lang='grc' dir='ltr'><strong>καὶ</strong></span> <span class='ocrx_word' id='word_1_146' title='bbox 2410 869 2802 939; x_wconf 76' lang='grc' dir='ltr'>λογισμοῖςὰνθ</span> <span class='ocrx_word' id='word_1_147' title='bbox 2812 871 3065 940; x_wconf 84' lang='grc' dir='ltr'>ρωπίνοις</span> <span class='ocrx_word' id='word_1_148' title='bbox 3083 868 3376 937; x_wconf 82' lang='grc' dir='ltr'>ὑποφέρειν</span> <span class='ocrx_word' id='word_1_149' title='bbox 3395 866 3705 936; x_wconf 78' lang='grc' dir='ltr'><strong>ἐπιχειρῶν,</strong></span> <span class='ocrx_word' id='word_1_150' title='bbox 3725 865 3759 918; x_wconf 75' lang='grc' dir='ltr'><strong>ὃ.</strong></span> <span class='ocrx_word' id='word_1_151' title='bbox 3791 864 3894 933; x_wconf 74' lang='lat' dir='ltr'><strong>p.6-</strong></span> 
     </span>
    </p>
   </div>
   <div class='ocr_carea' id='block_1_24' title="bbox 2303 957 3890 1034">
    <p class='ocr_par' dir='ltr' id='par_1_24' title="bbox 2303 957 3890 1034">
     <span class='ocr_line' id='line_1_24' title="bbox 2303 957 3890 1034; baseline -0.012 -9"><span class='ocrx_word' id='word_1_152' title='bbox 2303 978 2408 1024; x_wconf 87' lang='grc' dir='ltr'><strong>νως</strong></span> <span class='ocrx_word' id='word_1_153' title='bbox 2429 970 2490 1027; x_wconf 71' lang='grc' dir='ltr'>ω,</span> <span class='ocrx_word' id='word_1_154' title='bbox 2517 961 2613 1015; x_wconf 76' lang='grc' dir='ltr'>καὶ</span> <span class='ocrx_word' id='word_1_155' title='bbox 2641 961 2892 1034; x_wconf 77' lang='grc' dir='ltr'>ἀζητήτῳ</span> <span class='ocrx_word' id='word_1_156' title='bbox 2928 961 3105 1016; x_wconf 85' lang='grc' dir='ltr'>πίστει</span> <span class='ocrx_word' id='word_1_157' title='bbox 3134 958 3636 1030; x_wconf 74' lang='grc' dir='ltr'>προσλαμϐάνεταις</span> <span class='ocrx_word' id='word_1_158' title='bbox 3665 957 3735 1009; x_wconf 82' lang='grc' dir='ltr'><strong>Οὐ</strong></span> <span class='ocrx_word' id='word_1_159' title='bbox 3763 959 3890 1022; x_wconf 82' lang='grc' dir='ltr'><strong>γὰρ</strong></span> 
     </span>
    </p>
   </div>
   <div class='ocr_carea' id='block_1_25' title="bbox 2303 1049 3888 1124">
    <p class='ocr_par' dir='ltr' id='par_1_25' title="bbox 2303 1049 3888 1124">
     <span class='ocr_line' id='line_1_25' title="bbox 2303 1049 3888 1124; baseline -0.005 -20"><span class='ocrx_word' id='word_1_160' title='bbox 2303 1051 2486 1122; x_wconf 84' lang='grc' dir='ltr'>ἐπειδή</span> <span class='ocrx_word' id='word_1_161' title='bbox 2495 1069 2597 1124; x_wconf 90' lang='grc' dir='ltr'><strong>περ</strong></span> <span class='ocrx_word' id='word_1_162' title='bbox 2611 1053 2709 1105; x_wconf 78' lang='grc' dir='ltr'><strong>οὐκ</strong></span> <span class='ocrx_word' id='word_1_163' title='bbox 2724 1053 2959 1106; x_wconf 82' lang='grc' dir='ltr'>ἐσθίεται</span> <span class='ocrx_word' id='word_1_164' title='bbox 2972 1053 3220 1123; x_wconf 87' lang='grc' dir='ltr'>θεότητος</span> <span class='ocrx_word' id='word_1_165' title='bbox 3241 1052 3420 1122; x_wconf 80' lang='grc' dir='ltr'>φύσις,</span> <span class='ocrx_word' id='word_1_166' title='bbox 3434 1049 3683 1103; x_wconf 88' lang='grc' dir='ltr'>διάτοῦτο</span> <span class='ocrx_word' id='word_1_167' title='bbox 3695 1049 3888 1100; x_wconf 72' lang='grc' dir='ltr'>κοινὸν</span> 
     </span>
    </p>
   </div>
   <div class='ocr_carea' id='block_1_26' title="bbox 2304 1136 3888 1212">
    <p class='ocr_par' dir='ltr' id='par_1_26' title="bbox 2304 1136 3888 1212">
     <span class='ocr_line' id='line_1_26' title="bbox 2304 1136 3888 1212; baseline -0.004 -18"><span class='ocrx_word' id='word_1_168' title='bbox 2304 1137 2441 1194; x_wconf 70' lang='grc' dir='ltr'>εἶναι</span> <span class='ocrx_word' id='word_1_169' title='bbox 2470 1143 2600 1212; x_wconf 85' lang='grc' dir='ltr'><strong>φαίη</strong></span> <span class='ocrx_word' id='word_1_170' title='bbox 2631 1159 2712 1207; x_wconf 88' lang='grc' dir='ltr'><strong>τις</strong></span> <span class='ocrx_word' id='word_1_171' title='bbox 2740 1142 2803 1195; x_wconf 85' lang='grc' dir='ltr'><strong>ἂν</strong></span> <span class='ocrx_word' id='word_1_172' title='bbox 2829 1142 2888 1196; x_wconf 81' lang='grc' dir='ltr'><strong>τὸ</strong></span> <span class='ocrx_word' id='word_1_173' title='bbox 2922 1142 3072 1210; x_wconf 75' lang='grc' dir='ltr'>ἅγιον</span> <span class='ocrx_word' id='word_1_174' title='bbox 3109 1142 3267 1212; x_wconf 78' lang='grc' dir='ltr'>σῶμα</span> <span class='ocrx_word' id='word_1_175' title='bbox 3297 1142 3392 1195; x_wconf 90' lang='grc' dir='ltr'><strong>τοῦ</strong></span> <span class='ocrx_word' id='word_1_176' title='bbox 3424 1139 3679 1212; x_wconf 86' lang='grc' dir='ltr'>Χριστοῦ.</span> <span class='ocrx_word' id='word_1_177' title='bbox 3715 1136 3888 1189; x_wconf 80' lang='grc' dir='ltr'>Είδέ-</span> 
     </span>
    </p>
   </div>
   <div class='ocr_carea' id='block_1_27' title="bbox 2304 1229 3890 1302">
    <p class='ocr_par' dir='ltr' id='par_1_27' title="bbox 2304 1229 3890 1302">
     <span class='ocr_line' id='line_1_27' title="bbox 2304 1229 3890 1302; baseline -0.003 -18"><span class='ocrx_word' id='word_1_178' title='bbox 2304 1250 2391 1285; x_wconf 88' lang='grc' dir='ltr'><strong>ναι</strong></span> <span class='ocrx_word' id='word_1_179' title='bbox 2419 1232 2476 1285; x_wconf 85' lang='grc' dir='ltr'>δὲ</span> <span class='ocrx_word' id='word_1_180' title='bbox 2509 1234 2823 1302; x_wconf 83' lang='grc' dir='ltr'>ἀναγκαῖον,</span> <span class='ocrx_word' id='word_1_181' title='bbox 2847 1235 2948 1297; x_wconf 85' lang='grc' dir='ltr'>ὃτι,</span> <span class='ocrx_word' id='word_1_182' title='bbox 2973 1234 3114 1287; x_wconf 80' lang='grc' dir='ltr'>καθὰ</span> <span class='ocrx_word' id='word_1_183' title='bbox 3145 1233 3447 1302; x_wconf 84' lang='grc' dir='ltr'>φθάσαντες</span> <span class='ocrx_word' id='word_1_184' title='bbox 3472 1234 3715 1300; x_wconf 78' lang='grc' dir='ltr'>εἰπομεν,</span> <span class='ocrx_word' id='word_1_185' title='bbox 3743 1229 3890 1282; x_wconf 74' lang='grc' dir='ltr'>ἴδιόν</span> 
     </span>
    </p>
   </div>
   <div class='ocr_carea' id='block_1_28' title="bbox 2305 1316 3888 1392">
    <p class='ocr_par' dir='ltr' id='par_1_28' title="bbox 2305 1316 3888 1392">
     <span class='ocr_line' id='line_1_28' title="bbox 2305 1316 3888 1392; baseline -0.005 -16"><span class='ocrx_word' id='word_1_186' title='bbox 2305 1325 2420 1376; x_wconf 76' lang='grc' dir='ltr'>ἐστι</span> <span class='ocrx_word' id='word_1_187' title='bbox 2453 1322 2609 1392; x_wconf 85' lang='grc' dir='ltr'>σῶμα</span> <span class='ocrx_word' id='word_1_188' title='bbox 2637 1321 2730 1376; x_wconf 89' lang='grc' dir='ltr'><strong>τοῦ</strong></span> <span class='ocrx_word' id='word_1_189' title='bbox 2750 1323 2819 1377; x_wconf 90' lang='grc' dir='ltr'><strong>τὰ</strong></span> <span class='ocrx_word' id='word_1_190' title='bbox 2848 1326 3021 1379; x_wconf 84' lang='grc' dir='ltr'>πάντα</span> <span class='ocrx_word' id='word_1_191' title='bbox 3042 1321 3429 1389; x_wconf 79' lang='grc' dir='ltr'>ζωοποιοῦντος</span> <span class='ocrx_word' id='word_1_192' title='bbox 3453 1322 3626 1390; x_wconf 83' lang='grc' dir='ltr'>Λόγου</span> <span class='ocrx_word' id='word_1_193' title='bbox 3643 1337 3656 1351; x_wconf 89' lang='grc'><strong>·</strong></span> <span class='ocrx_word' id='word_1_194' title='bbox 3687 1316 3888 1386; x_wconf 80' lang='grc' dir='ltr'>ἐπειδὴ</span> 
     </span>
    </p>
   </div>
   <div class='ocr_carea' id='block_1_29' title="bbox 2304 1408 3889 1485">
    <p class='ocr_par' dir='ltr' id='par_1_29' title="bbox 2304 1408 3889 1485">
     <span class='ocr_line' id='line_1_29' title="bbox 2304 1408 3889 1485; baseline -0.004 -18"><span class='ocrx_word' id='word_1_195' title='bbox 2304 1414 2362 1467; x_wconf 80' lang='grc' dir='ltr'>δέ</span> <span class='ocrx_word' id='word_1_196' title='bbox 2414 1415 2529 1466; x_wconf 77' lang='grc' dir='ltr'>ἐστι</span> <span class='ocrx_word' id='word_1_197' title='bbox 2575 1413 2732 1484; x_wconf 87' lang='grc' dir='ltr'>σῶμα</span> <span class='ocrx_word' id='word_1_198' title='bbox 2774 1414 2936 1485; x_wconf 82' lang='grc' dir='ltr'>ζωῆς,</span> <span class='ocrx_word' id='word_1_199' title='bbox 2964 1414 3227 1477; x_wconf 79' lang='grc' dir='ltr'>ζωοποιόν</span> <span class='ocrx_word' id='word_1_200' title='bbox 3256 1416 3406 1467; x_wconf 80' lang='grc' dir='ltr'>ἐστι’</span> <span class='ocrx_word' id='word_1_201' title='bbox 3443 1413 3529 1464; x_wconf 83' lang='grc' dir='ltr'><strong>διά</strong></span> <span class='ocrx_word' id='word_1_202' title='bbox 3571 1410 3727 1463; x_wconf 85' lang='grc' dir='ltr'>τοῦτο</span> <span class='ocrx_word' id='word_1_203' title='bbox 3764 1408 3889 1478; x_wconf 84' lang='grc' dir='ltr'><strong>γάρ</strong></span> 
     </span>
    </p>
   </div>
   <div class='ocr_carea' id='block_1_30' title="bbox 2303 1502 3891 1576">
    <p class='ocr_par' dir='ltr' id='par_1_30' title="bbox 2303 1502 3891 1576">
     <span class='ocr_line' id='line_1_30' title="bbox 2303 1502 3891 1576; baseline -0.003 -20"><span class='ocrx_word' id='word_1_204' title='bbox 2303 1509 2416 1567; x_wconf 83' lang='grc' dir='ltr'>τοϊς</span> <span class='ocrx_word' id='word_1_205' title='bbox 2463 1504 2672 1575; x_wconf 81' lang='grc' dir='ltr'>Θνητοῖς</span> <span class='ocrx_word' id='word_1_206' title='bbox 2718 1505 2872 1575; x_wconf 84' lang='grc' dir='ltr'>ήμῶν</span> <span class='ocrx_word' id='word_1_207' title='bbox 2917 1504 3161 1573; x_wconf 78' lang='grc' dir='ltr'>σώμασιν</span> <span class='ocrx_word' id='word_1_208' title='bbox 3189 1506 3407 1576; x_wconf 65' lang='grc' dir='ltr'>ἐνίησιε</span> <span class='ocrx_word' id='word_1_209' title='bbox 3442 1505 3536 1574; x_wconf 77' lang='grc' dir='ltr'><strong>τὴν</strong></span> <span class='ocrx_word' id='word_1_210' title='bbox 3572 1502 3746 1572; x_wconf 77' lang='grc' dir='ltr'>ζωὴν,</span> <span class='ocrx_word' id='word_1_211' title='bbox 3806 1502 3891 1562; x_wconf 79' lang='grc' dir='ltr'>ὡς</span> 
     </span>
    </p>
   </div>
   <div class='ocr_carea' id='block_1_31' title="bbox 2305 1593 3890 1666">
    <p class='ocr_par' dir='ltr' id='par_1_31' title="bbox 2305 1593 3890 1666">
     <span class='ocr_line' id='line_1_31' title="bbox 2305 1593 3890 1666; baseline -0.004 -17"><span class='ocrx_word' id='word_1_212' title='bbox 2305 1597 2397 1649; x_wconf 85' lang='grc' dir='ltr'><strong>καί</strong></span> <span class='ocrx_word' id='word_1_213' title='bbox 2441 1600 2706 1666; x_wconf 78' lang='grc' dir='ltr'>καταργεϊ</span> <span class='ocrx_word' id='word_1_214' title='bbox 2752 1596 2843 1650; x_wconf 89' lang='grc' dir='ltr'><strong>τοῦ</strong></span> <span class='ocrx_word' id='word_1_215' title='bbox 2898 1595 3128 1649; x_wconf 85' lang='grc' dir='ltr'>θανάτου</span> <span class='ocrx_word' id='word_1_216' title='bbox 3176 1596 3236 1649; x_wconf 83' lang='grc' dir='ltr'>τὸ</span> <span class='ocrx_word' id='word_1_217' title='bbox 3283 1595 3501 1665; x_wconf 84' lang='grc' dir='ltr'>κράτος.</span> <span class='ocrx_word' id='word_1_218' title='bbox 3534 1595 3794 1647; x_wconf 81' lang='grc' dir='ltr'>Ζωοποιεῖ</span> <span class='ocrx_word' id='word_1_219' title='bbox 3827 1593 3890 1644; x_wconf 81' lang='grc' dir='ltr'>δὲ</span> 
     </span>
    </p>
   </div>
   <div class='ocr_carea' id='block_1_32' title="bbox 2306 1682 3892 1758">
    <p class='ocr_par' dir='ltr' id='par_1_32' title="bbox 2306 1682 3892 1758">
     <span class='ocr_line' id='line_1_32' title="bbox 2306 1682 3892 1758; baseline -0.004 -17"><span class='ocrx_word' id='word_1_220' title='bbox 2306 1688 2453 1758; x_wconf 79' lang='grc' dir='ltr'>ἡμᾶς</span> <span class='ocrx_word' id='word_1_221' title='bbox 2485 1687 2626 1741; x_wconf 86' lang='grc' dir='ltr'><strong>κατά</strong></span> <span class='ocrx_word' id='word_1_222' title='bbox 2652 1688 2744 1740; x_wconf 75' lang='grc' dir='ltr'><strong>τὸν</strong></span> <span class='ocrx_word' id='word_1_223' title='bbox 2777 1687 2889 1741; x_wconf 75' lang='grc' dir='ltr'>ἴσον</span> <span class='ocrx_word' id='word_1_224' title='bbox 2921 1691 3123 1758; x_wconf 84' lang='grc' dir='ltr'>τρόπον</span> <span class='ocrx_word' id='word_1_225' title='bbox 3151 1687 3247 1740; x_wconf 77' lang='grc' dir='ltr'><strong>καὶ</strong></span> <span class='ocrx_word' id='word_1_226' title='bbox 3273 1687 3338 1739; x_wconf 87' lang='grc' dir='ltr'><strong>τὸ</strong></span> <span class='ocrx_word' id='word_1_227' title='bbox 3362 1686 3516 1754; x_wconf 81' lang='grc' dir='ltr'>άγιον</span> <span class='ocrx_word' id='word_1_228' title='bbox 3541 1683 3758 1754; x_wconf 78' lang='grc' dir='ltr'>Πνεῦμα</span> <span class='ocrx_word' id='word_1_229' title='bbox 3786 1682 3892 1736; x_wconf 77' lang='grc' dir='ltr'><strong>τοῦ</strong></span> 
     </span>
    </p>
   </div>
   <div class='ocr_carea' id='block_1_33' title="bbox 2306 1773 3897 1850">
    <p class='ocr_par' dir='ltr' id='par_1_33' title="bbox 2306 1773 3897 1850">
     <span class='ocr_line' id='line_1_33' title="bbox 2306 1773 3897 1850; baseline -0.004 -19"><span class='ocrx_word' id='word_1_230' title='bbox 2306 1777 2543 1849; x_wconf 84' lang='grc' dir='ltr'>Χριστοῦ</span> <span class='ocrx_word' id='word_1_231' title='bbox 2565 1795 2578 1810; x_wconf 74' lang='grc'><strong><em>⁸</em></strong></span> <span class='ocrx_word' id='word_1_232' title='bbox 2613 1778 2674 1831; x_wconf 83' lang='grc' dir='ltr'><strong>τὸ</strong></span> <span class='ocrx_word' id='word_1_233' title='bbox 2705 1778 2812 1850; x_wconf 86' lang='grc' dir='ltr'><strong>γὰρ</strong></span> <span class='ocrx_word' id='word_1_234' title='bbox 2846 1777 3072 1849; x_wconf 88' lang='grc' dir='ltr'>Πνεῦμά</span> <span class='ocrx_word' id='word_1_235' title='bbox 3119 1779 3236 1831; x_wconf 88' lang='grc' dir='ltr'>ἐστι</span> <span class='ocrx_word' id='word_1_236' title='bbox 3285 1777 3346 1830; x_wconf 85' lang='grc' dir='ltr'><strong>τὸ</strong></span> <span class='ocrx_word' id='word_1_237' title='bbox 3398 1774 3709 1842; x_wconf 76' lang='grc' dir='ltr'>ζωοποιοῦν,</span> <span class='ocrx_word' id='word_1_238' title='bbox 3739 1773 3897 1826; x_wconf 73' lang='grc' dir='ltr'>κατὰ</span> 
     </span>
    </p>
   </div>
   <div class='ocr_carea' id='block_1_34' title="bbox 633 1861 2203 1943">
    <p class='ocr_par' dir='ltr' id='par_1_34' title="bbox 633 1861 2198 1940">
     <span class='ocr_line' id='line_1_34' title="bbox 633 1861 2198 1940; baseline 0.006 -25"><span class='ocrx_word' id='word_1_239' title='bbox 633 1861 915 1918; x_wconf 89' lang='lat' dir='ltr'><strong>molestum</strong></span> <span class='ocrx_word' id='word_1_240' title='bbox 945 1865 1067 1929; x_wconf 91' lang='lat' dir='ltr'><strong>erit,</strong></span> <span class='ocrx_word' id='word_1_241' title='bbox 1102 1880 1168 1920; x_wconf 92' lang='lat' dir='ltr'><strong>ne</strong></span> <span class='ocrx_word' id='word_1_242' title='bbox 1194 1865 1376 1921; x_wconf 89' lang='lat' dir='ltr'><strong>videar</strong></span> <span class='ocrx_word' id='word_1_243' title='bbox 1413 1882 1511 1937; x_wconf 80' lang='lat' dir='ltr'><strong>ego</strong></span> <span class='ocrx_word' id='word_1_244' title='bbox 1536 1867 1683 1922; x_wconf 82' lang='lat' dir='ltr'><strong>solus</strong></span> <span class='ocrx_word' id='word_1_245' title='bbox 1707 1871 1983 1938; x_wconf 91' lang='lat' dir='ltr'><strong>proprium</strong></span> <span class='ocrx_word' id='word_1_246' title='bbox 2014 1871 2198 1940; x_wconf 53' lang='lat' dir='ltr'><strong>appelv</strong></span> 
     </span>
    </p>
   </div>
   <div class='ocr_carea' id='block_1_35' title="bbox 2308 1861 3894 1943">
    <p class='ocr_par' dir='ltr' id='par_1_35' title="bbox 2308 1864 3894 1943">
     <span class='ocr_line' id='line_1_35' title="bbox 2308 1864 3894 1943; baseline -0.008 -18"><span class='ocrx_word' id='word_1_247' title='bbox 2308 1871 2400 1942; x_wconf 84' lang='grc' dir='ltr'>τὴν</span> <span class='ocrx_word' id='word_1_248' title='bbox 2429 1869 2594 1925; x_wconf 87' lang='grc' dir='ltr'>αὑτοῦ</span> <span class='ocrx_word' id='word_1_249' title='bbox 2620 1870 2711 1924; x_wconf 90' lang='grc' dir='ltr'><strong>τοῦ</strong></span> <span class='ocrx_word' id='word_1_250' title='bbox 2744 1871 2996 1943; x_wconf 77' lang='grc' dir='ltr'>Σωτῆρος</span> <span class='ocrx_word' id='word_1_251' title='bbox 3023 1871 3224 1941; x_wconf 81' lang='grc' dir='ltr'>φωνήν.</span> <span class='ocrx_word' id='word_1_252' title='bbox 3256 1870 3429 1922; x_wconf 82' lang='grc' dir='ltr'><strong>Λυπεῖ</strong></span> <span class='ocrx_word' id='word_1_253' title='bbox 3451 1868 3507 1920; x_wconf 81' lang='grc' dir='ltr'>δὲ</span> <span class='ocrx_word' id='word_1_254' title='bbox 3533 1867 3703 1929; x_wconf 80' lang='grc' dir='ltr'>οὐδὲν,</span> <span class='ocrx_word' id='word_1_255' title='bbox 3736 1864 3849 1915; x_wconf 83' lang='grc' dir='ltr'><strong>ὐπὲ</strong></span> <span class='ocrx_word' id='word_1_256' title='bbox 3859 1881 3894 1932; x_wconf 82' lang='grc' dir='ltr'><strong>ρ</strong></span> 
     </span>
    </p>
   </div>
   <div class='ocr_carea' id='block_1_36' title="bbox 631 1952 2204 2023">
    <p class='ocr_par' dir='ltr' id='par_1_36' title="bbox 631 1952 2204 2023">
     <span class='ocr_line' id='line_1_36' title="bbox 631 1952 2204 2023; baseline 0.008 -18"><span class='ocrx_word' id='word_1_257' title='bbox 631 1952 746 2007; x_wconf 85' lang='lat' dir='ltr'><strong>lare</strong></span> <span class='ocrx_word' id='word_1_258' title='bbox 771 1968 968 2023; x_wconf 88' lang='lat' dir='ltr'><strong>corpus</strong></span> <span class='ocrx_word' id='word_1_259' title='bbox 998 1953 1182 2023; x_wconf 80' lang='lat' dir='ltr'><strong>Verbi,</strong></span> <span class='ocrx_word' id='word_1_260' title='bbox 1213 1956 1376 2010; x_wconf 90' lang='lat' dir='ltr'><strong>etiam</strong></span> <span class='ocrx_word' id='word_1_261' title='bbox 1407 1968 1719 2013; x_wconf 90' lang='lat' dir='ltr'><strong>sanctorum</strong></span> <span class='ocrx_word' id='word_1_262' title='bbox 1761 1960 1981 2014; x_wconf 85' lang='lat' dir='ltr'><strong>Patrum</strong></span> <span class='ocrx_word' id='word_1_263' title='bbox 2008 1963 2204 2017; x_wconf 76' lang='lat' dir='ltr'><strong>all&#39;erre</strong></span> 
     </span>
    </p>
   </div>
   <div class='ocr_carea' id='block_1_37' title="bbox 631 2043 2203 2115">
    <p class='ocr_par' dir='ltr' id='par_1_37' title="bbox 631 2043 2203 2115">
     <span class='ocr_line' id='line_1_37' title="bbox 631 2043 2203 2115; baseline 0.006 -21"><span class='ocrx_word' id='word_1_264' title='bbox 631 2043 950 2109; x_wconf 83' lang='lat' dir='ltr'><strong>sententias,</strong></span> <span class='ocrx_word' id='word_1_265' title='bbox 985 2053 1044 2096; x_wconf 90' lang='lat' dir='ltr'><strong>ut</strong></span> <span class='ocrx_word' id='word_1_266' title='bbox 1071 2044 1247 2098; x_wconf 85' lang='lat' dir='ltr'><strong>sciant</strong></span> <span class='ocrx_word' id='word_1_267' title='bbox 1277 2046 1596 2112; x_wconf 82' lang='lat' dir='ltr'><strong>adversarii,</strong></span> <span class='ocrx_word' id='word_1_268' title='bbox 1624 2049 1763 2115; x_wconf 90' lang='lat' dir='ltr'><strong>quod</strong></span> <span class='ocrx_word' id='word_1_269' title='bbox 1794 2047 1992 2103; x_wconf 80' lang='lat' dir='ltr'><strong>frustra</strong></span> <span class='ocrx_word' id='word_1_270' title='bbox 2014 2057 2203 2103; x_wconf 88' lang='lat' dir='ltr'><strong>contra</strong></span> 
     </span>
    </p>
   </div>
   <div class='ocr_carea' id='block_1_38' title="bbox 632 2133 2199 2206">
    <p class='ocr_par' dir='ltr' id='par_1_38' title="bbox 632 2133 2199 2206">
     <span class='ocr_line' id='line_1_38' title="bbox 632 2133 2199 2206; baseline 0.004 -20"><span class='ocrx_word' id='word_1_271' title='bbox 632 2146 732 2186; x_wconf 86' lang='lat' dir='ltr'><strong>nos</strong></span> <span class='ocrx_word' id='word_1_272' title='bbox 752 2133 1077 2198; x_wconf 87' lang='lat' dir='ltr'><strong>declamant,</strong></span> <span class='ocrx_word' id='word_1_273' title='bbox 1117 2136 1210 2204; x_wconf 91' lang='lat' dir='ltr'><strong>qui</strong></span> <span class='ocrx_word' id='word_1_274' title='bbox 1242 2137 1442 2205; x_wconf 89' lang='lat' dir='ltr'><strong>ubique</strong></span> <span class='ocrx_word' id='word_1_275' title='bbox 1478 2137 1690 2191; x_wconf 90' lang='lat' dir='ltr'><strong>illorum</strong></span> <span class='ocrx_word' id='word_1_276' title='bbox 1711 2153 1874 2193; x_wconf 89' lang='lat' dir='ltr'><strong>voces</strong></span> <span class='ocrx_word' id='word_1_277' title='bbox 1895 2139 2199 2206; x_wconf 87' lang='lat' dir='ltr'><strong>sequimur.</strong></span> 
     </span>
    </p>
   </div>
   <div class='ocr_carea' id='block_1_39' title="bbox 631 2222 2206 2299">
    <p class='ocr_par' dir='ltr' id='par_1_39' title="bbox 631 2222 2206 2299">
     <span class='ocr_line' id='line_1_39' title="bbox 631 2222 2206 2299; baseline 0.005 -22"><span class='ocrx_word' id='word_1_278' title='bbox 631 2222 775 2279; x_wconf 88' lang='lat' dir='ltr'><strong>Dicit</strong></span> <span class='ocrx_word' id='word_1_279' title='bbox 819 2239 948 2296; x_wconf 81' lang='lat' dir='ltr'><strong>ergo</strong></span> <span class='ocrx_word' id='word_1_280' title='bbox 980 2225 1363 2282; x_wconf 88' lang='lat' dir='ltr'><strong>celeberrimus</strong></span> <span class='ocrx_word' id='word_1_281' title='bbox 1411 2226 1572 2283; x_wconf 89' lang='lat' dir='ltr'><strong>Pater</strong></span> <span class='ocrx_word' id='word_1_282' title='bbox 1612 2241 1796 2284; x_wconf 88' lang='lat' dir='ltr'><strong>noster</strong></span> <span class='ocrx_word' id='word_1_283' title='bbox 1828 2239 1882 2284; x_wconf 89' lang='lat' dir='ltr'><strong>et</strong></span> <span class='ocrx_word' id='word_1_284' title='bbox 1921 2230 2206 2299; x_wconf 86' lang='lat' dir='ltr'><strong>episcopus</strong></span> 
     </span>
    </p>
   </div>
   <div class='ocr_carea' id='block_1_40' title="bbox 631 2313 2206 2372">
    <p class='ocr_par' dir='ltr' id='par_1_40' title="bbox 631 2313 2206 2372">
     <span class='ocr_line' id='line_1_40' title="bbox 631 2313 2206 2372; baseline 0.004 -6"><span class='ocrx_word' id='word_1_285' title='bbox 631 2313 959 2368; x_wconf 81' lang='lat' dir='ltr'><strong>Athanasius</strong></span> <span class='ocrx_word' id='word_1_286' title='bbox 1023 2313 1074 2366; x_wconf 91' lang='lat' dir='ltr'><strong>in</strong></span> <span class='ocrx_word' id='word_1_287' title='bbox 1132 2327 1380 2370; x_wconf 90' lang='lat' dir='ltr'><strong>sermone</strong></span> <span class='ocrx_word' id='word_1_288' title='bbox 1421 2317 1489 2370; x_wconf 86' lang='lat' dir='ltr'><strong>de</strong></span> <span class='ocrx_word' id='word_1_289' title='bbox 1529 2326 1714 2372; x_wconf 89' lang='lat' dir='ltr'><strong>sancta</strong></span> <span class='ocrx_word' id='word_1_290' title='bbox 1747 2316 2010 2372; x_wconf 89' lang='lat' dir='ltr'><strong>Trinitate</strong></span> <span class='ocrx_word' id='word_1_291' title='bbox 2051 2335 2063 2371; x_wconf 91' lang='lat'><strong>:</strong></span> <span class='ocrx_word' id='word_1_292' title='bbox 2096 2339 2112 2369; x_wconf 84' lang='grc' dir='ltr'><strong>ι</strong></span> <span class='ocrx_word' id='word_1_293' title='bbox 2143 2320 2206 2372; x_wconf 86' lang='lat' dir='ltr'><strong>Et</strong></span> 
     </span>
    </p>
   </div>
   <div class='ocr_carea' id='block_1_41' title="bbox 632 2409 2201 2478">
    <p class='ocr_par' dir='ltr' id='par_1_41' title="bbox 632 2409 2201 2478">
     <span class='ocr_line' id='line_1_41' title="bbox 632 2409 2201 2478; baseline 0.004 -21"><span class='ocrx_word' id='word_1_294' title='bbox 632 2409 1065 2473; x_wconf 86' lang='lat' dir='ltr'><strong>monstrabatur,</strong></span> <span class='ocrx_word' id='word_1_295' title='bbox 1097 2410 1240 2478; x_wconf 90' lang='lat' dir='ltr'><strong>quod</strong></span> <span class='ocrx_word' id='word_1_296' title='bbox 1293 2422 1397 2460; x_wconf 91' lang='lat' dir='ltr'><strong>non</strong></span> <span class='ocrx_word' id='word_1_297' title='bbox 1427 2418 1747 2476; x_wconf 84' lang='lat' dir='ltr'><strong>apparenter</strong></span> <span class='ocrx_word' id='word_1_298' title='bbox 1769 2446 1784 2472; x_wconf 91' lang='lat'><strong>,</strong></span> <span class='ocrx_word' id='word_1_299' title='bbox 1810 2409 1902 2463; x_wconf 90' lang='lat' dir='ltr'><strong>sed</strong></span> <span class='ocrx_word' id='word_1_300' title='bbox 1931 2423 2056 2464; x_wconf 88' lang='lat' dir='ltr'><strong>vere</strong></span> <span class='ocrx_word' id='word_1_301' title='bbox 2102 2410 2201 2465; x_wconf 80' lang='lat' dir='ltr'><strong>ha-</strong></span> 
     </span>
    </p>
   </div>
   <div class='ocr_carea' id='block_1_42' title="bbox 630 2497 2206 2566">
    <p class='ocr_par' dir='ltr' id='par_1_42' title="bbox 630 2497 2206 2566">
     <span class='ocr_line' id='line_1_42' title="bbox 630 2497 2206 2566; baseline 0.002 -15"><span class='ocrx_word' id='word_1_302' title='bbox 630 2497 810 2552; x_wconf 85' lang='lat' dir='ltr'><strong>buerit</strong></span> <span class='ocrx_word' id='word_1_303' title='bbox 826 2512 1039 2566; x_wconf 90' lang='lat' dir='ltr'><strong>corpus.</strong></span> <span class='ocrx_word' id='word_1_304' title='bbox 1057 2497 1288 2553; x_wconf 82' lang='lat' dir='ltr'><strong>Docebat</strong></span> <span class='ocrx_word' id='word_1_305' title='bbox 1307 2507 1483 2552; x_wconf 91' lang='lat' dir='ltr'><strong>autem</strong></span> <span class='ocrx_word' id='word_1_306' title='bbox 1499 2499 1770 2553; x_wconf 88' lang='lat' dir='ltr'><strong>Christum</strong></span> <span class='ocrx_word' id='word_1_307' title='bbox 1788 2500 2094 2555; x_wconf 87' lang='lat' dir='ltr'><strong>induentem</strong></span> <span class='ocrx_word' id='word_1_308' title='bbox 2115 2503 2206 2556; x_wconf 83' lang='lat' dir='ltr'><strong>hu-</strong></span> 
     </span>
    </p>
   </div>
   <div class='ocr_carea' id='block_1_43' title="bbox 633 2591 2205 2661">
    <p class='ocr_par' dir='ltr' id='par_1_43' title="bbox 633 2591 2205 2661">
     <span class='ocr_line' id='line_1_43' title="bbox 633 2591 2205 2661; baseline 0.006 -23"><span class='ocrx_word' id='word_1_309' title='bbox 633 2601 846 2641; x_wconf 86' lang='lat' dir='ltr'><strong>manam</strong></span> <span class='ocrx_word' id='word_1_310' title='bbox 891 2603 1130 2655; x_wconf 89' lang='lat' dir='ltr'><strong>carnem,</strong></span> <span class='ocrx_word' id='word_1_311' title='bbox 1161 2591 1300 2644; x_wconf 91' lang='lat' dir='ltr'><strong>hanc</strong></span> <span class='ocrx_word' id='word_1_312' title='bbox 1318 2604 1439 2643; x_wconf 90' lang='lat' dir='ltr'><strong>cum</strong></span> <span class='ocrx_word' id='word_1_313' title='bbox 1467 2592 1696 2661; x_wconf 89' lang='lat' dir='ltr'><strong>propriis</strong></span> <span class='ocrx_word' id='word_1_314' title='bbox 1718 2593 2054 2660; x_wconf 88' lang='lat' dir='ltr'><strong>passionibus</strong></span> <span class='ocrx_word' id='word_1_315' title='bbox 2089 2594 2205 2661; x_wconf 84' lang='lat' dir='ltr'><strong>ejus</strong></span> 
     </span>
    </p>
   </div>
   <div class='ocr_carea' id='block_1_44' title="bbox 634 2677 2203 2755">
    <p class='ocr_par' dir='ltr' id='par_1_44' title="bbox 634 2677 2203 2755">
     <span class='ocr_line' id='line_1_44' title="bbox 634 2677 2203 2755; baseline 0.006 -25"><span class='ocrx_word' id='word_1_316' title='bbox 634 2677 780 2733; x_wconf 88' lang='lat' dir='ltr'><strong>indui</strong></span> <span class='ocrx_word' id='word_1_317' title='bbox 817 2689 979 2734; x_wconf 91' lang='lat' dir='ltr'><strong>totam</strong></span> <span class='ocrx_word' id='word_1_318' title='bbox 1019 2691 1121 2744; x_wconf 87' lang='lat' dir='ltr'><strong>;ut</strong></span> <span class='ocrx_word' id='word_1_319' title='bbox 1146 2685 1285 2738; x_wconf 90' lang='lat' dir='ltr'><strong>sicut</strong></span> <span class='ocrx_word' id='word_1_320' title='bbox 1327 2685 1602 2755; x_wconf 90' lang='lat' dir='ltr'><strong>proprium</strong></span> <span class='ocrx_word' id='word_1_321' title='bbox 1635 2683 1750 2750; x_wconf 72' lang='lat' dir='ltr'><strong>eius</strong></span> <span class='ocrx_word' id='word_1_322' title='bbox 1805 2684 2034 2738; x_wconf 88' lang='lat' dir='ltr'><strong>dicimus</strong></span> <span class='ocrx_word' id='word_1_323' title='bbox 2081 2699 2203 2739; x_wconf 87' lang='lat' dir='ltr'><strong>esse</strong></span> 
     </span>
    </p>
   </div>
   <div class='ocr_carea' id='block_1_45' title="bbox 633 2772 2202 2845">
    <p class='ocr_par' dir='ltr' id='par_1_45' title="bbox 633 2772 2202 2845">
     <span class='ocr_line' id='line_1_45' title="bbox 633 2772 2202 2845; baseline 0.003 -21"><span class='ocrx_word' id='word_1_324' title='bbox 633 2783 830 2838; x_wconf 85' lang='lat' dir='ltr'><strong>corpus</strong></span> <span class='ocrx_word' id='word_1_325' title='bbox 847 2812 862 2838; x_wconf 88' lang='lat'><strong>,</strong></span> <span class='ocrx_word' id='word_1_326' title='bbox 885 2772 955 2826; x_wconf 88' lang='lat' dir='ltr'><strong>ita</strong></span> <span class='ocrx_word' id='word_1_327' title='bbox 976 2782 1028 2828; x_wconf 92' lang='lat' dir='ltr'><strong>et</strong></span> <span class='ocrx_word' id='word_1_328' title='bbox 1048 2774 1174 2843; x_wconf 74' lang='lat' dir='ltr'><strong>ipsa:</strong></span> <span class='ocrx_word' id='word_1_329' title='bbox 1199 2778 1477 2845; x_wconf 88' lang='lat' dir='ltr'><strong>passiones</strong></span> <span class='ocrx_word' id='word_1_330' title='bbox 1499 2777 1739 2844; x_wconf 89' lang='lat' dir='ltr'><strong>corporis</strong></span> <span class='ocrx_word' id='word_1_331' title='bbox 1775 2776 2007 2845; x_wconf 76' lang='lat' dir='ltr'><strong>propria:</strong></span> <span class='ocrx_word' id='word_1_332' title='bbox 2030 2776 2202 2830; x_wconf 88' lang='lat' dir='ltr'><strong>solum</strong></span> 
     </span>
    </p>
   </div>
   <div class='ocr_carea' id='block_1_46' title="bbox 633 2861 2202 2938">
    <p class='ocr_par' dir='ltr' id='par_1_46' title="bbox 633 2861 2202 2938">
     <span class='ocr_line' id='line_1_46' title="bbox 633 2861 2202 2938; baseline 0.005 -25"><span class='ocrx_word' id='word_1_333' title='bbox 633 2861 750 2928; x_wconf 86' lang='lat' dir='ltr'><strong>ejus</strong></span> <span class='ocrx_word' id='word_1_334' title='bbox 764 2862 1034 2928; x_wconf 89' lang='lat' dir='ltr'><strong>dicantur,</strong></span> <span class='ocrx_word' id='word_1_335' title='bbox 1063 2868 1307 2934; x_wconf 89' lang='lat' dir='ltr'><strong>quamvis</strong></span> <span class='ocrx_word' id='word_1_336' title='bbox 1338 2885 1444 2924; x_wconf 91' lang='lat' dir='ltr'><strong>non</strong></span> <span class='ocrx_word' id='word_1_337' title='bbox 1472 2871 1843 2938; x_wconf 78' lang='lat' dir='ltr'><strong>contingerent</strong></span> <span class='ocrx_word' id='word_1_338' title='bbox 1864 2867 1980 2936; x_wconf 72' lang='lat' dir='ltr'><strong>eius</strong></span> <span class='ocrx_word' id='word_1_339' title='bbox 2003 2867 2202 2921; x_wconf 89' lang='lat' dir='ltr'><strong>divini-</strong></span> 
     </span>
    </p>
   </div>
   <div class='ocr_carea' id='block_1_47' title="bbox 633 2954 2206 3017">
    <p class='ocr_par' dir='ltr' id='par_1_47' title="bbox 633 2954 2206 3017">
     <span class='ocr_line' id='line_1_47' title="bbox 633 2954 2206 3017; baseline 0.004 -13"><span class='ocrx_word' id='word_1_340' title='bbox 633 2959 819 3009; x_wconf 89' lang='lat' dir='ltr'><strong>tatem.</strong></span> <span class='ocrx_word' id='word_1_341' title='bbox 836 2954 936 3008; x_wconf 78' lang='grc' dir='ltr'><strong>»Ει</strong></span> <span class='ocrx_word' id='word_1_342' title='bbox 960 2955 1152 3012; x_wconf 89' lang='lat' dir='ltr'><strong>iterum</strong></span> <span class='ocrx_word' id='word_1_343' title='bbox 1179 2972 1191 3006; x_wconf 86' lang='lat'><strong>:</strong></span> <span class='ocrx_word' id='word_1_344' title='bbox 1220 2958 1344 3014; x_wconf 62' lang='lat' dir='ltr'><strong>Haec</strong></span> <span class='ocrx_word' id='word_1_345' title='bbox 1369 2963 1676 3017; x_wconf 89' lang='lat' dir='ltr'><strong>necessario</strong></span> <span class='ocrx_word' id='word_1_346' title='bbox 1693 2972 1848 3016; x_wconf 88' lang='lat' dir='ltr'><strong>antea</strong></span> <span class='ocrx_word' id='word_1_347' title='bbox 1872 2961 2206 3016; x_wconf 81' lang='lat' dir='ltr'><strong>examinavi-</strong></span> 
     </span>
    </p>
   </div>
   <div class='ocr_carea' id='block_1_48' title="bbox 636 3046 2200 3119">
    <p class='ocr_par' dir='ltr' id='par_1_48' title="bbox 636 3046 2200 3119">
     <span class='ocr_line' id='line_1_48' title="bbox 636 3046 2200 3119; baseline -0.006 -9"><span class='ocrx_word' id='word_1_348' title='bbox 636 3056 775 3109; x_wconf 71' lang='grc' dir='ltr'><strong>ιηυε,</strong></span> <span class='ocrx_word' id='word_1_349' title='bbox 805 3055 860 3096; x_wconf 78' lang='grc' dir='ltr'><strong>ιιι</strong></span> <span class='ocrx_word' id='word_1_350' title='bbox 883 3083 899 3108; x_wconf 70' lang='grc'><strong>9</strong></span> <span class='ocrx_word' id='word_1_351' title='bbox 925 3046 966 3098; x_wconf 90' lang='lat' dir='ltr'><strong>si</strong></span> <span class='ocrx_word' id='word_1_352' title='bbox 995 3047 1273 3103; x_wconf 88' lang='lat' dir='ltr'><strong>videamus</strong></span> <span class='ocrx_word' id='word_1_353' title='bbox 1300 3050 1469 3117; x_wconf 88' lang='lat' dir='ltr'><strong>ipsum</strong></span> <span class='ocrx_word' id='word_1_354' title='bbox 1508 3065 1603 3118; x_wconf 91' lang='lat' dir='ltr'><strong>per</strong></span> <span class='ocrx_word' id='word_1_355' title='bbox 1626 3066 1780 3105; x_wconf 93' lang='lat' dir='ltr'><strong>suum</strong></span> <span class='ocrx_word' id='word_1_356' title='bbox 1818 3066 2013 3119; x_wconf 86' lang='lat' dir='ltr'><strong>corpus</strong></span> <span class='ocrx_word' id='word_1_357' title='bbox 2047 3050 2200 3118; x_wconf 88' lang='lat' dir='ltr'><strong>quasi</strong></span> 
     </span>
    </p>
   </div>
   <div class='ocr_carea' id='block_1_49' title="bbox 636 3136 2203 3211">
    <p class='ocr_par' dir='ltr' id='par_1_49' title="bbox 636 3136 2203 3211">
     <span class='ocr_line' id='line_1_49' title="bbox 636 3136 2203 3211; baseline 0.006 -24"><span class='ocrx_word' id='word_1_358' title='bbox 636 3149 733 3203; x_wconf 90' lang='lat' dir='ltr'><strong>per</strong></span> <span class='ocrx_word' id='word_1_359' title='bbox 789 3136 1206 3194; x_wconf 81' lang='lat' dir='ltr'><strong>instrumentum</strong></span> <span class='ocrx_word' id='word_1_360' title='bbox 1265 3141 1447 3196; x_wconf 86' lang='lat' dir='ltr'><strong>divino</strong></span> <span class='ocrx_word' id='word_1_361' title='bbox 1512 3143 1672 3197; x_wconf 91' lang='lat' dir='ltr'><strong>modo</strong></span> <span class='ocrx_word' id='word_1_362' title='bbox 1725 3154 2067 3211; x_wconf 85' lang='lat' dir='ltr'><strong>operantem,</strong></span> <span class='ocrx_word' id='word_1_363' title='bbox 2121 3143 2203 3196; x_wconf 80' lang='lat' dir='ltr'><strong>vel</strong></span> 
     </span>
    </p>
   </div>
   <div class='ocr_carea' id='block_1_50' title="bbox 2305 1955 3896 2033">
    <p class='ocr_par' dir='ltr' id='par_1_50' title="bbox 2305 1955 3896 2033">
     <span class='ocr_line' id='line_1_50' title="bbox 2305 1955 3896 2033; baseline -0.008 -17"><span class='ocrx_word' id='word_1_364' title='bbox 2305 1979 2368 2032; x_wconf 89' lang='grc' dir='ltr'><strong>γε</strong></span> <span class='ocrx_word' id='word_1_365' title='bbox 2401 1961 2495 2016; x_wconf 89' lang='grc' dir='ltr'><strong>τοῦ</strong></span> <span class='ocrx_word' id='word_1_366' title='bbox 2547 1962 2622 2033; x_wconf 80' lang='grc' dir='ltr'>μὴ</span> <span class='ocrx_word' id='word_1_367' title='bbox 2665 1963 2840 2016; x_wconf 85' lang='grc' dir='ltr'>δοκεῖν</span> <span class='ocrx_word' id='word_1_368' title='bbox 2867 1963 2968 2033; x_wconf 83' lang='grc' dir='ltr'>ἐμέ</span> <span class='ocrx_word' id='word_1_369' title='bbox 3001 1979 3059 2016; x_wconf 85' lang='grc' dir='ltr'><strong>τε</strong></span> <span class='ocrx_word' id='word_1_370' title='bbox 3093 1962 3189 2016; x_wconf 78' lang='grc' dir='ltr'>καὶ</span> <span class='ocrx_word' id='word_1_371' title='bbox 3223 1962 3384 2032; x_wconf 86' lang='grc' dir='ltr'>μόνον</span> <span class='ocrx_word' id='word_1_372' title='bbox 3443 1960 3572 2011; x_wconf 73' lang='grc' dir='ltr'>ἴδιον</span> <span class='ocrx_word' id='word_1_373' title='bbox 3597 1955 3896 2027; x_wconf 76' lang='grc' dir='ltr'>ὀνομάζειν</span> 
     </span>
    </p>
   </div>
   <div class='ocr_carea' id='block_1_51' title="bbox 2305 2046 3900 2122">
    <p class='ocr_par' dir='ltr' id='par_1_51' title="bbox 2305 2046 3900 2122">
     <span class='ocr_line' id='line_1_51' title="bbox 2305 2046 3900 2122; baseline -0.005 -17"><span class='ocrx_word' id='word_1_374' title='bbox 2305 2052 2366 2106; x_wconf 84' lang='grc' dir='ltr'>τὸ</span> <span class='ocrx_word' id='word_1_375' title='bbox 2414 2052 2572 2122; x_wconf 85' lang='grc' dir='ltr'>σῶμα</span> <span class='ocrx_word' id='word_1_376' title='bbox 2615 2052 2709 2105; x_wconf 91' lang='grc' dir='ltr'><strong>τοῦ</strong></span> <span class='ocrx_word' id='word_1_377' title='bbox 2753 2052 2948 2121; x_wconf 83' lang='grc' dir='ltr'>Λόγου,</span> <span class='ocrx_word' id='word_1_378' title='bbox 2979 2054 3075 2105; x_wconf 74' lang='grc' dir='ltr'><strong>καὶ</strong></span> <span class='ocrx_word' id='word_1_379' title='bbox 3121 2051 3218 2115; x_wconf 76' lang='grc' dir='ltr'><strong>τὰς</strong></span> <span class='ocrx_word' id='word_1_380' title='bbox 3263 2051 3371 2103; x_wconf 83' lang='grc' dir='ltr'><strong>τῶν</strong></span> <span class='ocrx_word' id='word_1_381' title='bbox 3405 2049 3573 2118; x_wconf 80' lang='grc' dir='ltr'>ἁγίων</span> <span class='ocrx_word' id='word_1_382' title='bbox 3621 2046 3900 2116; x_wconf 80' lang='grc' dir='ltr'>Πατέρων</span> 
     </span>
    </p>
   </div>
   <div class='ocr_carea' id='block_1_52' title="bbox 2309 2135 3894 2212">
    <p class='ocr_par' dir='ltr' id='par_1_52' title="bbox 2309 2135 3894 2212">
     <span class='ocr_line' id='line_1_52' title="bbox 2309 2135 3894 2212; baseline -0.004 -18"><span class='ocrx_word' id='word_1_383' title='bbox 2309 2140 2632 2212; x_wconf 87' lang='grc' dir='ltr'>παραθεῖναι</span> <span class='ocrx_word' id='word_1_384' title='bbox 2656 2142 2903 2212; x_wconf 80' lang='grc' dir='ltr'>χρήσεις,</span> <span class='ocrx_word' id='word_1_385' title='bbox 2945 2142 3012 2194; x_wconf 80' lang='grc' dir='ltr'><strong>ἵν’</strong></span> <span class='ocrx_word' id='word_1_386' title='bbox 3042 2141 3200 2194; x_wconf 75' lang='grc' dir='ltr'>ἴδοιεν</span> <span class='ocrx_word' id='word_1_387' title='bbox 3229 2141 3278 2193; x_wconf 80' lang='grc' dir='ltr'><strong>οἱ</strong></span> <span class='ocrx_word' id='word_1_388' title='bbox 3311 2140 3376 2192; x_wconf 89' lang='grc' dir='ltr'>δι’</span> <span class='ocrx_word' id='word_1_389' title='bbox 3405 2138 3650 2201; x_wconf 77' lang='grc' dir='ltr'>ἐναντίας</span> <span class='ocrx_word' id='word_1_390' title='bbox 3673 2137 3745 2199; x_wconf 85' lang='grc' dir='ltr'>ὡς</span> <span class='ocrx_word' id='word_1_391' title='bbox 3778 2135 3894 2206; x_wconf 81' lang='grc' dir='ltr'>μά-</span> 
     </span>
    </p>
   </div>
   <div class='ocr_carea' id='block_1_53' title="bbox 2307 2225 3892 2305">
    <p class='ocr_par' dir='ltr' id='par_1_53' title="bbox 2307 2225 3892 2305">
     <span class='ocr_line' id='line_1_53' title="bbox 2307 2225 3892 2305; baseline -0.005 -19"><span class='ocrx_word' id='word_1_392' title='bbox 2307 2251 2406 2303; x_wconf 88' lang='grc' dir='ltr'><strong>την</strong></span> <span class='ocrx_word' id='word_1_393' title='bbox 2456 2233 2612 2302; x_wconf 79' lang='grc' dir='ltr'>ἡμῶν</span> <span class='ocrx_word' id='word_1_394' title='bbox 2669 2234 3186 2305; x_wconf 84' lang='grc' dir='ltr'>κατακεκράγασιν,</span> <span class='ocrx_word' id='word_1_395' title='bbox 3226 2232 3554 2301; x_wconf 81' lang='grc' dir='ltr'>ἐπομένωνο</span> <span class='ocrx_word' id='word_1_396' title='bbox 3605 2225 3892 2296; x_wconf 72' lang='grc' dir='ltr'>πανταχοῦ</span> 
     </span>
    </p>
   </div>
   <div class='ocr_carea' id='block_1_54' title="bbox 2307 2319 3893 2395">
    <p class='ocr_par' dir='ltr' id='par_1_54' title="bbox 2307 2319 3893 2395">
     <span class='ocr_line' id='line_1_54' title="bbox 2307 2319 3893 2395; baseline -0.004 -19"><span class='ocrx_word' id='word_1_397' title='bbox 2307 2326 2425 2388; x_wconf 85' lang='grc' dir='ltr'>ταῖς</span> <span class='ocrx_word' id='word_1_398' title='bbox 2448 2326 2671 2378; x_wconf 76' lang='grc' dir='ltr'>ἐκείνων</span> <span class='ocrx_word' id='word_1_399' title='bbox 2695 2323 3072 2395; x_wconf 82' lang='grc' dir='ltr'>φωναίς.Ἐφη</span> <span class='ocrx_word' id='word_1_400' title='bbox 3094 2323 3270 2377; x_wconf 85' lang='grc' dir='ltr'>τοίνυν</span> <span class='ocrx_word' id='word_1_401' title='bbox 3291 2325 3318 2376; x_wconf 98' lang='lat'><strong>6</strong></span> <span class='ocrx_word' id='word_1_402' title='bbox 3345 2322 3697 2392; x_wconf 83' lang='grc' dir='ltr'>πανεύφημος</span> <span class='ocrx_word' id='word_1_403' title='bbox 3723 2319 3893 2388; x_wconf 80' lang='grc' dir='ltr'>ἡμῶν</span> 
     </span>
    </p>
   </div>
   <div class='ocr_carea' id='block_1_55' title="bbox 2307 2410 3893 2487">
    <p class='ocr_par' dir='ltr' id='par_1_55' title="bbox 2307 2410 3893 2487">
     <span class='ocr_line' id='line_1_55' title="bbox 2307 2410 3893 2487; baseline 0.002 -19"><span class='ocrx_word' id='word_1_404' title='bbox 2307 2415 2515 2487; x_wconf 84' lang='grc' dir='ltr'>Πατὴρ,</span> <span class='ocrx_word' id='word_1_405' title='bbox 2552 2416 2646 2469; x_wconf 77' lang='grc' dir='ltr'>καὶ</span> <span class='ocrx_word' id='word_1_406' title='bbox 2691 2415 2986 2480; x_wconf 76' lang='grc' dir='ltr'>ἐπίσκοπος</span> <span class='ocrx_word' id='word_1_407' title='bbox 3019 2415 3333 2478; x_wconf 85' lang='grc' dir='ltr'>Ἀθανάσιος</span> <span class='ocrx_word' id='word_1_408' title='bbox 3381 2416 3436 2467; x_wconf 81' lang='grc' dir='ltr'><strong>ἐν</strong></span> <span class='ocrx_word' id='word_1_409' title='bbox 3487 2412 3564 2479; x_wconf 87' lang='grc' dir='ltr'>τῷ</span> <span class='ocrx_word' id='word_1_410' title='bbox 3613 2411 3737 2480; x_wconf 76' lang='grc' dir='ltr'>περὶ</span> <span class='ocrx_word' id='word_1_411' title='bbox 3780 2410 3893 2478; x_wconf 72' lang='grc' dir='ltr'><strong>τῆς</strong></span> 
     </span>
    </p>
   </div>
   <div class='ocr_carea' id='block_1_56' title="bbox 2307 2501 3895 2578">
    <p class='ocr_par' dir='ltr' id='par_1_56' title="bbox 2307 2501 3895 2578">
     <span class='ocr_line' id='line_1_56' title="bbox 2307 2501 3895 2578; baseline -0.006 -18"><span class='ocrx_word' id='word_1_412' title='bbox 2307 2506 2529 2578; x_wconf 89' lang='grc' dir='ltr'>Τριάδος</span> <span class='ocrx_word' id='word_1_413' title='bbox 2555 2507 2698 2578; x_wconf 86' lang='grc' dir='ltr'>λόγῳ</span> <span class='ocrx_word' id='word_1_414' title='bbox 2713 2524 2727 2540; x_wconf 86' lang='grc'><strong>·</strong></span> <span class='ocrx_word' id='word_1_415' title='bbox 2765 2526 2783 2559; x_wconf 79' lang='grc' dir='ltr'><strong>ι</strong></span> <span class='ocrx_word' id='word_1_416' title='bbox 2806 2509 2915 2562; x_wconf 78' lang='grc' dir='ltr'>Καὶ</span> <span class='ocrx_word' id='word_1_417' title='bbox 2931 2508 3200 2561; x_wconf 82' lang='grc' dir='ltr'>ἐδείκνυτο</span> <span class='ocrx_word' id='word_1_418' title='bbox 3225 2508 3305 2559; x_wconf 84' lang='grc' dir='ltr'>ὅτι</span> <span class='ocrx_word' id='word_1_419' title='bbox 3339 2507 3411 2576; x_wconf 84' lang='grc' dir='ltr'><strong>μὴ</strong></span> <span class='ocrx_word' id='word_1_420' title='bbox 3433 2504 3722 2572; x_wconf 74' lang='grc' dir='ltr'>φαντασίᾳ,</span> <span class='ocrx_word' id='word_1_421' title='bbox 3744 2501 3895 2553; x_wconf 69' lang='grc' dir='ltr'>ἀλλὰ</span> 
     </span>
    </p>
   </div>
   <div class='ocr_carea' id='block_1_57' title="bbox 2305 2590 3896 2668">
    <p class='ocr_par' dir='ltr' id='par_1_57' title="bbox 2305 2590 3896 2668">
     <span class='ocr_line' id='line_1_57' title="bbox 2305 2590 3896 2668; baseline -0.006 -17"><span class='ocrx_word' id='word_1_422' title='bbox 2305 2598 2520 2668; x_wconf 81' lang='grc' dir='ltr'>ἀληθῶς</span> <span class='ocrx_word' id='word_1_423' title='bbox 2552 2598 2690 2666; x_wconf 75' lang='grc' dir='ltr'>ἔχων</span> <span class='ocrx_word' id='word_1_424' title='bbox 2739 2593 2806 2666; x_wconf 80' lang='grc' dir='ltr'>ἦν</span> <span class='ocrx_word' id='word_1_425' title='bbox 2852 2596 3294 2665; x_wconf 85' lang='grc' dir='ltr'>σῶμα.”Επρεπε</span> <span class='ocrx_word' id='word_1_426' title='bbox 3349 2593 3457 2662; x_wconf 82' lang='grc' dir='ltr'>γὰρ</span> <span class='ocrx_word' id='word_1_427' title='bbox 3494 2593 3583 2644; x_wconf 83' lang='grc' dir='ltr'><strong>τὸν</strong></span> <span class='ocrx_word' id='word_1_428' title='bbox 3609 2602 3635 2640; x_wconf 78' lang='lat' dir='ltr'><strong>P</strong></span> <span class='ocrx_word' id='word_1_429' title='bbox 3679 2590 3896 2656; x_wconf 77' lang='grc' dir='ltr'>Κύριον</span> 
     </span>
    </p>
   </div>
   <div class='ocr_carea' id='block_1_58' title="bbox 2307 2679 3898 2753">
    <p class='ocr_par' dir='ltr' id='par_1_58' title="bbox 2307 2679 3898 2753">
     <span class='ocr_line' id='line_1_58' title="bbox 2307 2679 3898 2753; baseline -0.003 -16"><span class='ocrx_word' id='word_1_430' title='bbox 2307 2685 2742 2752; x_wconf 84' lang='grc' dir='ltr'>ἐνδιδυσκόμενον</span> <span class='ocrx_word' id='word_1_431' title='bbox 2770 2683 3113 2752; x_wconf 80' lang='grc' dir='ltr'>ἀνθρωπίνην</span> <span class='ocrx_word' id='word_1_432' title='bbox 3146 2683 3345 2753; x_wconf 82' lang='grc' dir='ltr'>σάρκα,</span> <span class='ocrx_word' id='word_1_433' title='bbox 3371 2681 3574 2752; x_wconf 83' lang='grc' dir='ltr'>ταύτην</span> <span class='ocrx_word' id='word_1_434' title='bbox 3614 2679 3749 2750; x_wconf 79' lang='grc' dir='ltr'>μετὰ</span> <span class='ocrx_word' id='word_1_435' title='bbox 3774 2679 3898 2732; x_wconf 81' lang='grc' dir='ltr'>τῶν</span> 
     </span>
    </p>
   </div>
   <div class='ocr_carea' id='block_1_59' title="bbox 2310 2772 3898 2846">
    <p class='ocr_par' dir='ltr' id='par_1_59' title="bbox 2310 2772 3898 2846">
     <span class='ocr_line' id='line_1_59' title="bbox 2310 2772 3898 2846; baseline -0.003 -18"><span class='ocrx_word' id='word_1_436' title='bbox 2310 2776 2454 2828; x_wconf 87' lang='grc' dir='ltr'>ίδίων</span> <span class='ocrx_word' id='word_1_437' title='bbox 2485 2775 2670 2829; x_wconf 84' lang='grc' dir='ltr'>παθῶν</span> <span class='ocrx_word' id='word_1_438' title='bbox 2699 2776 2868 2844; x_wconf 79' lang='grc' dir='ltr'>αὐτῆς</span> <span class='ocrx_word' id='word_1_439' title='bbox 2897 2775 3024 2846; x_wconf 86' lang='grc' dir='ltr'>ὃλην</span> <span class='ocrx_word' id='word_1_440' title='bbox 3058 2775 3402 2828; x_wconf 64' lang='grc' dir='ltr'>ἐνδύσασθαυ</span> <span class='ocrx_word' id='word_1_441' title='bbox 3435 2775 3502 2827; x_wconf 82' lang='grc' dir='ltr'><strong>ἵν’</strong></span> <span class='ocrx_word' id='word_1_442' title='bbox 3536 2774 3723 2843; x_wconf 81' lang='grc' dir='ltr'>ὥσπερ</span> <span class='ocrx_word' id='word_1_443' title='bbox 3751 2772 3898 2826; x_wconf 72' lang='grc' dir='ltr'>ἴδιον</span> 
     </span>
    </p>
   </div>
   <div class='ocr_carea' id='block_1_60' title="bbox 2306 2861 3896 2937">
    <p class='ocr_par' dir='ltr' id='par_1_60' title="bbox 2306 2861 3896 2937">
     <span class='ocr_line' id='line_1_60' title="bbox 2306 2861 3896 2937; baseline -0.003 -17"><span class='ocrx_word' id='word_1_444' title='bbox 2306 2866 2470 2920; x_wconf 78' lang='grc' dir='ltr'>αὐτοῦ</span> <span class='ocrx_word' id='word_1_445' title='bbox 2506 2867 2734 2935; x_wconf 80' lang='grc' dir='ltr'>λέγομεν</span> <span class='ocrx_word' id='word_1_446' title='bbox 2765 2861 2903 2920; x_wconf 75' lang='grc' dir='ltr'>εἶναι</span> <span class='ocrx_word' id='word_1_447' title='bbox 2933 2867 2994 2920; x_wconf 81' lang='grc' dir='ltr'>τὸ</span> <span class='ocrx_word' id='word_1_448' title='bbox 3021 2867 3200 2937; x_wconf 82' lang='grc' dir='ltr'>σῶμα,</span> <span class='ocrx_word' id='word_1_449' title='bbox 3233 2867 3375 2920; x_wconf 77' lang='grc' dir='ltr'>οὕτω</span> <span class='ocrx_word' id='word_1_450' title='bbox 3405 2868 3501 2920; x_wconf 80' lang='grc' dir='ltr'>καὶ·</span> <span class='ocrx_word' id='word_1_451' title='bbox 3544 2868 3612 2919; x_wconf 85' lang='grc' dir='ltr'><strong>τά</strong></span> <span class='ocrx_word' id='word_1_452' title='bbox 3640 2865 3732 2918; x_wconf 86' lang='grc' dir='ltr'><strong>τοῦ</strong></span> <span class='ocrx_word' id='word_1_453' title='bbox 3778 2864 3896 2917; x_wconf 81' lang='grc' dir='ltr'><strong>σὼ-</strong></span> 
     </span>
    </p>
   </div>
   <div class='ocr_carea' id='block_1_61' title="bbox 2311 2953 3900 3027">
    <p class='ocr_par' dir='ltr' id='par_1_61' title="bbox 2311 2953 3900 3027">
     <span class='ocr_line' id='line_1_61' title="bbox 2311 2953 3900 3027; baseline -0.004 -18"><span class='ocrx_word' id='word_1_454' title='bbox 2311 2973 2479 3027; x_wconf 86' lang='grc' dir='ltr'>ματος</span> <span class='ocrx_word' id='word_1_455' title='bbox 2527 2957 2671 3026; x_wconf 86' lang='grc' dir='ltr'>πάθη</span> <span class='ocrx_word' id='word_1_456' title='bbox 2722 2956 2827 3009; x_wconf 86' lang='grc' dir='ltr'>ίδια</span> <span class='ocrx_word' id='word_1_457' title='bbox 2878 2956 3036 3026; x_wconf 85' lang='grc' dir='ltr'>μόνον</span> <span class='ocrx_word' id='word_1_458' title='bbox 3086 2955 3251 3008; x_wconf 78' lang='grc' dir='ltr'>αὑτοῦ</span> <span class='ocrx_word' id='word_1_459' title='bbox 3303 2956 3552 3025; x_wconf 86' lang='grc' dir='ltr'>λέγηται,</span> <span class='ocrx_word' id='word_1_460' title='bbox 3585 2956 3633 3006; x_wconf 88' lang='grc' dir='ltr'><strong>εί</strong></span> <span class='ocrx_word' id='word_1_461' title='bbox 3665 2953 3757 3006; x_wconf 82' lang='grc' dir='ltr'>καὶ</span> <span class='ocrx_word' id='word_1_462' title='bbox 3815 2954 3900 3023; x_wconf 83' lang='grc' dir='ltr'>μὴ</span> 
     </span>
    </p>
   </div>
   <div class='ocr_carea' id='block_1_62' title="bbox 2307 3044 3901 3121">
    <p class='ocr_par' dir='ltr' id='par_1_62' title="bbox 2307 3044 3901 3121">
     <span class='ocr_line' id='line_1_62' title="bbox 2307 3044 3901 3121; baseline -0.001 -21"><span class='ocrx_word' id='word_1_463' title='bbox 2307 3049 2507 3120; x_wconf 70' lang='grc' dir='ltr'>ἥπτετο</span> <span class='ocrx_word' id='word_1_464' title='bbox 2523 3049 2661 3102; x_wconf 87' lang='grc' dir='ltr'><strong>κατά</strong></span> <span class='ocrx_word' id='word_1_465' title='bbox 2678 3050 2772 3121; x_wconf 87' lang='grc' dir='ltr'><strong>τὴν</strong></span> <span class='ocrx_word' id='word_1_466' title='bbox 2789 3049 3015 3119; x_wconf 87' lang='grc' dir='ltr'>θεότητα</span> <span class='ocrx_word' id='word_1_467' title='bbox 3044 3047 3228 3100; x_wconf 81' lang='grc' dir='ltr'>αὑτοῦ.</span> <span class='ocrx_word' id='word_1_468' title='bbox 3254 3065 3271 3098; x_wconf 76' lang='grc' dir='ltr'><strong>ι</strong></span> <span class='ocrx_word' id='word_1_469' title='bbox 3297 3046 3408 3098; x_wconf 75' lang='grc' dir='ltr'><strong>Καὶ</strong></span> <span class='ocrx_word' id='word_1_470' title='bbox 3433 3047 3594 3098; x_wconf 76' lang='grc' dir='ltr'>πάλιν</span> <span class='ocrx_word' id='word_1_471' title='bbox 3615 3062 3627 3076; x_wconf 87' lang='grc'><strong>·</strong></span> <span class='ocrx_word' id='word_1_472' title='bbox 3658 3063 3675 3095; x_wconf 80' lang='grc' dir='ltr'><strong>ι</strong></span> <span class='ocrx_word' id='word_1_473' title='bbox 3701 3044 3901 3098; x_wconf 80' lang='grc' dir='ltr'>Ταῦτα</span> 
     </span>
    </p>
   </div>
   <div class='ocr_carea' id='block_1_63' title="bbox 2309 3137 3900 3212">
    <p class='ocr_par' dir='ltr' id='par_1_63' title="bbox 2309 3137 3900 3212">
     <span class='ocr_line' id='line_1_63' title="bbox 2309 3137 3900 3212; baseline -0.004 -18"><span class='ocrx_word' id='word_1_474' title='bbox 2309 3142 2620 3210; x_wconf 83' lang='grc' dir='ltr'>ἀναγκαίως</span> <span class='ocrx_word' id='word_1_475' title='bbox 2665 3141 3114 3212; x_wconf 80' lang='grc' dir='ltr'>προεξητάσαμεν</span> <span class='ocrx_word' id='word_1_476' title='bbox 3130 3149 3177 3200; x_wconf 80' lang='grc' dir='ltr'><strong>ει,</strong></span> <span class='ocrx_word' id='word_1_477' title='bbox 3226 3139 3313 3192; x_wconf 82' lang='grc' dir='ltr'><strong>ἵνα</strong></span> <span class='ocrx_word' id='word_1_478' title='bbox 3350 3139 3443 3190; x_wconf 81' lang='grc' dir='ltr'>ἐὰν</span> <span class='ocrx_word' id='word_1_479' title='bbox 3478 3139 3674 3206; x_wconf 70' lang='grc' dir='ltr'>ἴδωμεν</span> <span class='ocrx_word' id='word_1_480' title='bbox 3722 3137 3900 3189; x_wconf 71' lang='grc' dir='ltr'>αὑτὸν</span> 
     </span>
    </p>
   </div>
   <div class='ocr_carea' id='block_1_64' title="bbox 637 3216 2203 3301">
    <p class='ocr_par' dir='ltr' id='par_1_64' title="bbox 637 3223 2203 3300">
     <span class='ocr_line' id='line_1_64' title="bbox 637 3223 2203 3300; baseline 0.01 -26"><span class='ocrx_word' id='word_1_481' title='bbox 637 3223 902 3279; x_wconf 89' lang='lat' dir='ltr'><strong>dicentem</strong></span> <span class='ocrx_word' id='word_1_482' title='bbox 929 3266 944 3292; x_wconf 88' lang='lat'><strong>,</strong></span> <span class='ocrx_word' id='word_1_483' title='bbox 979 3243 1365 3297; x_wconf 79' lang='lat' dir='ltr'><strong>cognoscamus</strong></span> <span class='ocrx_word' id='word_1_484' title='bbox 1419 3233 1558 3300; x_wconf 85' lang='lat' dir='ltr'><strong>quod</strong></span> <span class='ocrx_word' id='word_1_485' title='bbox 1596 3234 1737 3288; x_wconf 90' lang='lat' dir='ltr'><strong>Deus</strong></span> <span class='ocrx_word' id='word_1_486' title='bbox 1782 3235 2050 3288; x_wconf 80' lang='lat' dir='ltr'><strong>exsistens</strong></span> <span class='ocrx_word' id='word_1_487' title='bbox 2094 3239 2203 3289; x_wconf 83' lang='lat' dir='ltr'><strong>haec</strong></span> 
     </span>
    </p>
   </div>
   <div class='ocr_carea' id='block_1_65' title="bbox 2308 3216 3898 3301">
    <p class='ocr_par' dir='ltr' id='par_1_65' title="bbox 2308 3225 3898 3301">
     <span class='ocr_line' id='line_1_65' title="bbox 2308 3225 3898 3301; baseline -0.003 -19"><span class='ocrx_word' id='word_1_488' title='bbox 2308 3231 2381 3294; x_wconf 78' lang='grc' dir='ltr'>ὡς</span> <span class='ocrx_word' id='word_1_489' title='bbox 2408 3232 2472 3284; x_wconf 79' lang='grc' dir='ltr'>δι’</span> <span class='ocrx_word' id='word_1_490' title='bbox 2499 3231 2727 3301; x_wconf 83' lang='grc' dir='ltr'>ὀργάνου</span> <span class='ocrx_word' id='word_1_491' title='bbox 2759 3229 2853 3284; x_wconf 87' lang='grc' dir='ltr'><strong>τοῦ</strong></span> <span class='ocrx_word' id='word_1_492' title='bbox 2887 3230 3014 3282; x_wconf 78' lang='grc' dir='ltr'>ἰδίου</span> <span class='ocrx_word' id='word_1_493' title='bbox 3049 3227 3297 3298; x_wconf 84' lang='grc' dir='ltr'>σώματος</span> <span class='ocrx_word' id='word_1_494' title='bbox 3333 3226 3527 3290; x_wconf 87' lang='grc' dir='ltr'>θεῖκῶς</span> <span class='ocrx_word' id='word_1_495' title='bbox 3556 3225 3898 3297; x_wconf 85' lang='grc' dir='ltr'>πράττοντα,</span> 
     </span>
    </p>
   </div>
   <div class='ocr_carea' id='block_1_66' title="bbox 636 3320 2205 3383">
    <p class='ocr_par' dir='ltr' id='par_1_66' title="bbox 636 3320 2205 3383">
     <span class='ocr_line' id='line_1_66' title="bbox 636 3320 2205 3383; baseline 0.007 -15"><span class='ocrx_word' id='word_1_496' title='bbox 636 3326 910 3383; x_wconf 87' lang='lat' dir='ltr'><strong>operetur.</strong></span> <span class='ocrx_word' id='word_1_497' title='bbox 967 3320 1034 3374; x_wconf 89' lang='lat' dir='ltr'><strong>Et</strong></span> <span class='ocrx_word' id='word_1_498' title='bbox 1064 3321 1176 3375; x_wconf 58' lang='lat' dir='ltr'><strong>haec</strong></span> <span class='ocrx_word' id='word_1_499' title='bbox 1209 3322 1398 3377; x_wconf 85' lang='lat' dir='ltr'><strong>beatus</strong></span> <span class='ocrx_word' id='word_1_500' title='bbox 1441 3323 1602 3379; x_wconf 86' lang='lat' dir='ltr'><strong>Pater</strong></span> <span class='ocrx_word' id='word_1_501' title='bbox 1641 3334 1825 3380; x_wconf 90' lang='lat' dir='ltr'><strong>noster</strong></span> <span class='ocrx_word' id='word_1_502' title='bbox 1856 3325 2205 3380; x_wconf 86' lang='lat' dir='ltr'><strong>Athanasius.</strong></span> 
     </span>
    </p>
   </div>
   <div class='ocr_carea' id='block_1_67' title="bbox 637 3407 2210 3486">
    <p class='ocr_par' dir='ltr' id='par_1_67' title="bbox 637 3407 2210 3486">
     <span class='ocr_line' id='line_1_67' title="bbox 637 3407 2210 3486; baseline 0.004 -24"><span class='ocrx_word' id='word_1_503' title='bbox 637 3407 1024 3468; x_wconf 80' lang='lat' dir='ltr'><strong>Verumtamen</strong></span> <span class='ocrx_word' id='word_1_504' title='bbox 1057 3417 1304 3484; x_wconf 89' lang='lat' dir='ltr'><strong>quamvis</strong></span> <span class='ocrx_word' id='word_1_505' title='bbox 1339 3418 1612 3486; x_wconf 83' lang='lat' dir='ltr'><strong>proprium</strong></span> <span class='ocrx_word' id='word_1_506' title='bbox 1643 3417 1854 3472; x_wconf 91' lang='lat' dir='ltr'><strong>dicatur</strong></span> <span class='ocrx_word' id='word_1_507' title='bbox 1885 3416 2044 3472; x_wconf 86' lang='lat' dir='ltr'><strong>Verbi</strong></span> <span class='ocrx_word' id='word_1_508' title='bbox 2091 3433 2210 3472; x_wconf 90' lang='lat' dir='ltr'><strong>cor-</strong></span> 
     </span>
    </p>
   </div>
   <div class='ocr_carea' id='block_1_68' title="bbox 637 3508 2204 3578">
    <p class='ocr_par' dir='ltr' id='par_1_68' title="bbox 637 3508 2204 3578">
     <span class='ocr_line' id='line_1_68' title="bbox 637 3508 2204 3578; baseline 0.001 -21"><span class='ocrx_word' id='word_1_509' title='bbox 637 3518 758 3573; x_wconf 90' lang='lat' dir='ltr'><strong>pus,</strong></span> <span class='ocrx_word' id='word_1_510' title='bbox 814 3515 895 3559; x_wconf 91' lang='lat' dir='ltr'><strong>est</strong></span> <span class='ocrx_word' id='word_1_511' title='bbox 944 3514 1122 3561; x_wconf 89' lang='lat' dir='ltr'><strong>tamen</strong></span> <span class='ocrx_word' id='word_1_512' title='bbox 1173 3523 1235 3561; x_wconf 74' lang='lat' dir='ltr'><strong>ex</strong></span> <span class='ocrx_word' id='word_1_513' title='bbox 1279 3508 1504 3563; x_wconf 87' lang='lat' dir='ltr'><strong>muliere</strong></span> <span class='ocrx_word' id='word_1_514' title='bbox 1550 3517 1604 3563; x_wconf 92' lang='lat' dir='ltr'><strong>et</strong></span> <span class='ocrx_word' id='word_1_515' title='bbox 1647 3510 1845 3563; x_wconf 90' lang='lat' dir='ltr'><strong>nostris</strong></span> <span class='ocrx_word' id='word_1_516' title='bbox 1895 3516 2204 3578; x_wconf 84' lang='lat' dir='ltr'><strong>cognatum,</strong></span> 
     </span>
    </p>
   </div>
   <div class='ocr_carea' id='block_1_69' title="bbox 638 3596 2206 3670">
    <p class='ocr_par' dir='ltr' id='par_1_69' title="bbox 638 3596 2206 3670">
     <span class='ocr_line' id='line_1_69' title="bbox 638 3596 2206 3670; baseline 0.001 -21"><span class='ocrx_word' id='word_1_517' title='bbox 638 3596 932 3650; x_wconf 86' lang='lat' dir='ltr'><strong>secundum</strong></span> <span class='ocrx_word' id='word_1_518' title='bbox 990 3599 1133 3664; x_wconf 92' lang='lat' dir='ltr'><strong>quod</strong></span> <span class='ocrx_word' id='word_1_519' title='bbox 1185 3613 1312 3652; x_wconf 86' lang='lat' dir='ltr'><strong>caro</strong></span> <span class='ocrx_word' id='word_1_520' title='bbox 1389 3599 1728 3668; x_wconf 84' lang='lat' dir='ltr'><strong>intelligitur.</strong></span> <span class='ocrx_word' id='word_1_521' title='bbox 1803 3599 1941 3654; x_wconf 86' lang='lat' dir='ltr'><strong>Dicit</strong></span> <span class='ocrx_word' id='word_1_522' title='bbox 1989 3601 2206 3670; x_wconf 89' lang='lat' dir='ltr'><strong>quidem</strong></span> 
     </span>
    </p>
   </div>
   <div class='ocr_carea' id='block_1_70' title="bbox 636 3679 2206 3755">
    <p class='ocr_par' dir='ltr' id='par_1_70' title="bbox 636 3679 2206 3755">
     <span class='ocr_line' id='line_1_70' title="bbox 636 3679 2206 3755; baseline 0.002 -16"><span class='ocrx_word' id='word_1_523' title='bbox 636 3685 827 3742; x_wconf 85' lang='lat' dir='ltr'><strong>beatus</strong></span> <span class='ocrx_word' id='word_1_524' title='bbox 873 3687 1107 3743; x_wconf 85' lang='lat' dir='ltr'><strong>Paulus:</strong></span> <span class='ocrx_word' id='word_1_525' title='bbox 1152 3708 1170 3741; x_wconf 84' lang='grc' dir='ltr'><strong>ι</strong></span> <span class='ocrx_word' id='word_1_526' title='bbox 1199 3679 1418 3744; x_wconf 85' lang='lat' dir='ltr'><strong>Primus</strong></span> <span class='ocrx_word' id='word_1_527' title='bbox 1450 3691 1609 3746; x_wconf 87' lang='lat' dir='ltr'><strong>homo</strong></span> <span class='ocrx_word' id='word_1_528' title='bbox 1646 3705 1712 3745; x_wconf 84' lang='lat' dir='ltr'><strong>ex</strong></span> <span class='ocrx_word' id='word_1_529' title='bbox 1753 3701 1893 3746; x_wconf 88' lang='lat' dir='ltr'><strong>terra</strong></span> <span class='ocrx_word' id='word_1_530' title='bbox 1939 3703 2206 3755; x_wconf 90' lang='lat' dir='ltr'><strong>terrenus,</strong></span> 
     </span>
    </p>
   </div>
   <div class='ocr_carea' id='block_1_71' title="bbox 636 3774 2208 3851">
    <p class='ocr_par' dir='ltr' id='par_1_71' title="bbox 636 3774 2208 3851">
     <span class='ocr_line' id='line_1_71' title="bbox 636 3774 2208 3851; baseline 0.002 -18"><span class='ocrx_word' id='word_1_531' title='bbox 636 3779 902 3834; x_wconf 82' lang='lat' dir='ltr'><strong>secundus</strong></span> <span class='ocrx_word' id='word_1_532' title='bbox 941 3795 969 3834; x_wconf 90' lang='lat' dir='ltr'><strong>e</strong></span> <span class='ocrx_word' id='word_1_533' title='bbox 994 3781 1134 3837; x_wconf 82' lang='lat' dir='ltr'><strong>coelo</strong></span> <span class='ocrx_word' id='word_1_534' title='bbox 1166 3782 1232 3835; x_wconf 82' lang='lat'><strong>&quot;.</strong></span> <span class='ocrx_word' id='word_1_535' title='bbox 1296 3801 1314 3833; x_wconf 75' lang='grc' dir='ltr'><strong>ι</strong></span> <span class='ocrx_word' id='word_1_536' title='bbox 1375 3783 1448 3836; x_wconf 81' lang='lat' dir='ltr'><strong>Et.</strong></span> <span class='ocrx_word' id='word_1_537' title='bbox 1500 3785 1611 3851; x_wconf 88' lang='lat' dir='ltr'><strong>ipse</strong></span> <span class='ocrx_word' id='word_1_538' title='bbox 1657 3774 1904 3838; x_wconf 88' lang='lat' dir='ltr'><strong>Christus</strong></span> <span class='ocrx_word' id='word_1_539' title='bbox 1939 3801 1950 3836; x_wconf 92' lang='lat'>:</span> <span class='ocrx_word' id='word_1_540' title='bbox 1990 3803 2007 3834; x_wconf 81' lang='grc' dir='ltr'><strong>ι</strong></span> <span class='ocrx_word' id='word_1_541' title='bbox 2039 3781 2208 3836; x_wconf 81' lang='lat' dir='ltr'><strong>Nemo</strong></span> 
     </span>
    </p>
   </div>
   <div class='ocr_carea' id='block_1_72' title="bbox 637 3870 2207 3941">
    <p class='ocr_par' dir='ltr' id='par_1_72' title="bbox 637 3870 2207 3941">
     <span class='ocr_line' id='line_1_72' title="bbox 637 3870 2207 3941; baseline 0 -19"><span class='ocrx_word' id='word_1_542' title='bbox 637 3871 878 3923; x_wconf 84' lang='lat' dir='ltr'><strong>ascendit</strong></span> <span class='ocrx_word' id='word_1_543' title='bbox 902 3870 950 3923; x_wconf 94' lang='lat' dir='ltr'><strong>in</strong></span> <span class='ocrx_word' id='word_1_544' title='bbox 979 3872 1196 3932; x_wconf 78' lang='lat' dir='ltr'><strong>cmlum,</strong></span> <span class='ocrx_word' id='word_1_545' title='bbox 1228 3872 1435 3941; x_wconf 84' lang='lat' dir='ltr'><strong>inquit,</strong></span> <span class='ocrx_word' id='word_1_546' title='bbox 1467 3873 1568 3925; x_wconf 91' lang='lat' dir='ltr'><strong>nisi</strong></span> <span class='ocrx_word' id='word_1_547' title='bbox 1595 3875 1682 3939; x_wconf 92' lang='lat' dir='ltr'><strong>qui</strong></span> <span class='ocrx_word' id='word_1_548' title='bbox 1714 3873 1776 3925; x_wconf 89' lang='lat' dir='ltr'><strong>de</strong></span> <span class='ocrx_word' id='word_1_549' title='bbox 1801 3873 1938 3926; x_wconf 72' lang='lat' dir='ltr'><strong>cmlo</strong></span> <span class='ocrx_word' id='word_1_550' title='bbox 1979 3871 2207 3924; x_wconf 89' lang='lat' dir='ltr'><strong>descen-</strong></span> 
     </span>
    </p>
   </div>
   <div class='ocr_carea' id='block_1_73' title="bbox 636 3960 2207 4027">
    <p class='ocr_par' dir='ltr' id='par_1_73' title="bbox 636 3960 2207 4027">
     <span class='ocr_line' id='line_1_73' title="bbox 636 3960 2207 4027; baseline -0.001 -12"><span class='ocrx_word' id='word_1_551' title='bbox 636 3963 713 4015; x_wconf 89' lang='lat' dir='ltr'><strong>dit</strong></span> <span class='ocrx_word' id='word_1_552' title='bbox 737 3961 905 4014; x_wconf 84' lang='lat' dir='ltr'><strong>Filius</strong></span> <span class='ocrx_word' id='word_1_553' title='bbox 935 3962 1168 4014; x_wconf 84' lang='lat' dir='ltr'><strong>hominis</strong></span> <span class='ocrx_word' id='word_1_554' title='bbox 1195 3963 1260 4016; x_wconf 64' lang='grc' dir='ltr'><strong>η.</strong></span> <span class='ocrx_word' id='word_1_555' title='bbox 1318 3980 1335 4012; x_wconf 77' lang='grc' dir='ltr'><strong>ι</strong></span> <span class='ocrx_word' id='word_1_556' title='bbox 1375 3962 1480 4014; x_wconf 90' lang='lat' dir='ltr'><strong>Sed</strong></span> <span class='ocrx_word' id='word_1_557' title='bbox 1515 3971 1690 4014; x_wconf 90' lang='lat' dir='ltr'><strong>tamen</strong></span> <span class='ocrx_word' id='word_1_558' title='bbox 1721 3963 2037 4024; x_wconf 86' lang='lat' dir='ltr'><strong>asserimus,</strong></span> <span class='ocrx_word' id='word_1_559' title='bbox 2066 3960 2207 4027; x_wconf 91' lang='lat' dir='ltr'><strong>quod</strong></span> 
     </span>
    </p>
   </div>
   <div class='ocr_carea' id='block_1_74' title="bbox 636 4053 2209 4120">
    <p class='ocr_par' dir='ltr' id='par_1_74' title="bbox 636 4053 2209 4120">
     <span class='ocr_line' id='line_1_74' title="bbox 636 4053 2209 4120; baseline 0 -14"><span class='ocrx_word' id='word_1_560' title='bbox 636 4066 741 4106; x_wconf 89' lang='lat' dir='ltr'><strong>non</strong></span> <span class='ocrx_word' id='word_1_561' title='bbox 761 4067 823 4106; x_wconf 82' lang='lat' dir='ltr'><strong>ex</strong></span> <span class='ocrx_word' id='word_1_562' title='bbox 845 4054 981 4107; x_wconf 67' lang='lat' dir='ltr'><strong>coelo</strong></span> <span class='ocrx_word' id='word_1_563' title='bbox 1003 4068 1198 4120; x_wconf 88' lang='lat' dir='ltr'><strong>corpus</strong></span> <span class='ocrx_word' id='word_1_564' title='bbox 1222 4055 1429 4106; x_wconf 91' lang='lat' dir='ltr'><strong>unitum</strong></span> <span class='ocrx_word' id='word_1_565' title='bbox 1450 4053 1547 4108; x_wconf 88' lang='lat' dir='ltr'><strong>sibi</strong></span> <span class='ocrx_word' id='word_1_566' title='bbox 1574 4053 1818 4108; x_wconf 84' lang='lat' dir='ltr'><strong>deferens</strong></span> <span class='ocrx_word' id='word_1_567' title='bbox 1841 4053 2070 4108; x_wconf 84' lang='lat' dir='ltr'><strong>Verbum</strong></span> <span class='ocrx_word' id='word_1_568' title='bbox 2096 4053 2209 4107; x_wconf 70' lang='lat' dir='ltr'><strong>haec</strong></span> 
     </span>
    </p>
   </div>
   <div class='ocr_carea' id='block_1_75' title="bbox 637 4144 2211 4213">
    <p class='ocr_par' dir='ltr' id='par_1_75' title="bbox 637 4144 2211 4213">
     <span class='ocr_line' id='line_1_75' title="bbox 637 4144 2211 4213; baseline -0.001 -15"><span class='ocrx_word' id='word_1_569' title='bbox 637 4145 816 4209; x_wconf 86' lang='lat' dir='ltr'><strong>dicat;</strong></span> <span class='ocrx_word' id='word_1_570' title='bbox 864 4158 1049 4197; x_wconf 86' lang='lat' dir='ltr'><strong>verum</strong></span> <span class='ocrx_word' id='word_1_571' title='bbox 1092 4159 1214 4197; x_wconf 82' lang='lat' dir='ltr'><strong>cum</strong></span> <span class='ocrx_word' id='word_1_572' title='bbox 1264 4144 1547 4197; x_wconf 87' lang='lat' dir='ltr'><strong>desursum</strong></span> <span class='ocrx_word' id='word_1_573' title='bbox 1584 4144 1852 4199; x_wconf 78' lang='lat' dir='ltr'><strong>exsistens</strong></span> <span class='ocrx_word' id='word_1_574' title='bbox 1901 4144 2071 4213; x_wconf 90' lang='lat' dir='ltr'><strong>ipsum</strong></span> <span class='ocrx_word' id='word_1_575' title='bbox 2104 4155 2211 4197; x_wconf 89' lang='lat' dir='ltr'><strong>ete</strong></span> 
     </span>
    </p>
   </div>
   <div class='ocr_carea' id='block_1_76' title="bbox 634 4217 2211 4305">
    <p class='ocr_par' dir='ltr' id='par_1_76' title="bbox 634 4217 2211 4305">
     <span class='ocr_line' id='line_1_76' title="bbox 634 4217 2211 4305; baseline -0.001 -15"><span class='ocrx_word' id='word_1_576' title='bbox 634 4237 794 4301; x_wconf 64' lang='lat' dir='ltr'><strong>caelo,</strong></span> <span class='ocrx_word' id='word_1_577' title='bbox 824 4251 1024 4305; x_wconf 90' lang='lat' dir='ltr'><strong>corpus</strong></span> <span class='ocrx_word' id='word_1_578' title='bbox 1046 4238 1318 4305; x_wconf 89' lang='lat' dir='ltr'><strong>proprium</strong></span> <span class='ocrx_word' id='word_1_579' title='bbox 1344 4235 1527 4291; x_wconf 81' lang='lat' dir='ltr'><strong>fecerit</strong></span> <span class='ocrx_word' id='word_1_580' title='bbox 1551 4237 1622 4291; x_wconf 89' lang='lat' dir='ltr'><strong>ita</strong></span> <span class='ocrx_word' id='word_1_581' title='bbox 1648 4238 1746 4292; x_wconf 91' lang='lat' dir='ltr'><strong>sibi</strong></span> <span class='ocrx_word' id='word_1_582' title='bbox 1776 4238 2004 4304; x_wconf 88' lang='lat' dir='ltr'><strong>unitmn,</strong></span> <span class='ocrx_word' id='word_1_583' title='bbox 2033 4245 2090 4290; x_wconf 92' lang='lat' dir='ltr'><strong>ut</strong></span> <span class='ocrx_word' id='word_1_584' title='bbox 2112 4217 2211 4291; x_wconf 77' lang='lat' dir='ltr'><strong>nec</strong></span> 
     </span>
    </p>
   </div>
   <div class='ocr_carea' id='block_1_77' title="bbox 635 4325 2215 4395">
    <p class='ocr_par' dir='ltr' id='par_1_77' title="bbox 635 4325 2215 4395">
     <span class='ocr_line' id='line_1_77' title="bbox 635 4325 2215 4395; baseline -0.001 -15"><span class='ocrx_word' id='word_1_585' title='bbox 635 4325 736 4381; x_wconf 87' lang='lat' dir='ltr'><strong>dici</strong></span> <span class='ocrx_word' id='word_1_586' title='bbox 772 4341 870 4381; x_wconf 90' lang='lat' dir='ltr'><strong>nec</strong></span> <span class='ocrx_word' id='word_1_587' title='bbox 900 4327 1121 4395; x_wconf 78' lang='lat' dir='ltr'><strong>intelligi</strong></span> <span class='ocrx_word' id='word_1_588' title='bbox 1165 4326 1358 4390; x_wconf 88' lang='lat' dir='ltr'><strong>valeat,</strong></span> <span class='ocrx_word' id='word_1_589' title='bbox 1383 4329 1514 4381; x_wconf 90' lang='lat' dir='ltr'><strong>citra</strong></span> <span class='ocrx_word' id='word_1_590' title='bbox 1541 4329 1946 4381; x_wconf 82' lang='lat' dir='ltr'><strong>conversionem</strong></span> <span class='ocrx_word' id='word_1_591' title='bbox 1967 4327 2215 4381; x_wconf 86' lang='lat' dir='ltr'><strong>etconl&#39;u-</strong></span> 
     </span>
    </p>
   </div>
   <div class='ocr_carea' id='block_1_78' title="bbox 634 4412 2210 4481">
    <p class='ocr_par' dir='ltr' id='par_1_78' title="bbox 634 4412 2210 4481">
     <span class='ocr_line' id='line_1_78' title="bbox 634 4412 2210 4481; baseline -0.002 -11"><span class='ocrx_word' id='word_1_592' title='bbox 634 4417 837 4470; x_wconf 86' lang='lat' dir='ltr'><strong>sionem</strong></span> <span class='ocrx_word' id='word_1_593' title='bbox 871 4433 883 4479; x_wconf 89' lang='lat'><strong>;</strong></span> <span class='ocrx_word' id='word_1_594' title='bbox 917 4415 1018 4468; x_wconf 93' lang='lat' dir='ltr'><strong>hac</strong></span> <span class='ocrx_word' id='word_1_595' title='bbox 1046 4417 1252 4467; x_wconf 89' lang='lat' dir='ltr'><strong>ratione</strong></span> <span class='ocrx_word' id='word_1_596' title='bbox 1277 4414 1343 4467; x_wconf 90' lang='lat' dir='ltr'><strong>de</strong></span> <span class='ocrx_word' id='word_1_597' title='bbox 1373 4413 1510 4467; x_wconf 71' lang='lat' dir='ltr'><strong>caelo</strong></span> <span class='ocrx_word' id='word_1_598' title='bbox 1540 4414 1672 4466; x_wconf 91' lang='lat' dir='ltr'><strong>dicit</strong></span> <span class='ocrx_word' id='word_1_599' title='bbox 1697 4427 1754 4466; x_wconf 91' lang='lat' dir='ltr'><strong>se</strong></span> <span class='ocrx_word' id='word_1_600' title='bbox 1785 4412 1967 4476; x_wconf 89' lang='lat' dir='ltr'><strong>etiam,</strong></span> <span class='ocrx_word' id='word_1_601' title='bbox 1993 4413 2210 4481; x_wconf 88' lang='lat' dir='ltr'><strong>quando</strong></span> 
     </span>
    </p>
   </div>
   <div class='ocr_carea' id='block_1_79' title="bbox 635 4502 2206 4560">
    <p class='ocr_par' dir='ltr' id='par_1_79' title="bbox 635 4502 2206 4560">
     <span class='ocr_line' id='line_1_79' title="bbox 635 4502 2206 4560; baseline 0 -4"><span class='ocrx_word' id='word_1_602' title='bbox 635 4507 834 4560; x_wconf 77' lang='lat' dir='ltr'><strong>factum</strong></span> <span class='ocrx_word' id='word_1_603' title='bbox 892 4515 973 4559; x_wconf 91' lang='lat' dir='ltr'><strong>est</strong></span> <span class='ocrx_word' id='word_1_604' title='bbox 1031 4505 1199 4559; x_wconf 83' lang='lat' dir='ltr'><strong>Filius</strong></span> <span class='ocrx_word' id='word_1_605' title='bbox 1260 4505 1517 4560; x_wconf 87' lang='lat' dir='ltr'><strong>hominis.</strong></span> <span class='ocrx_word' id='word_1_606' title='bbox 1574 4502 1810 4556; x_wconf 87' lang='lat' dir='ltr'><strong>Proinde</strong></span> <span class='ocrx_word' id='word_1_607' title='bbox 1875 4519 1997 4557; x_wconf 92' lang='lat' dir='ltr'><strong>cum</strong></span> <span class='ocrx_word' id='word_1_608' title='bbox 2061 4511 2206 4556; x_wconf 88' lang='lat' dir='ltr'><strong>recte</strong></span> 
     </span>
    </p>
   </div>
   <div class='ocr_carea' id='block_1_80' title="bbox 633 4594 2203 4662">
    <p class='ocr_par' dir='ltr' id='par_1_80' title="bbox 633 4594 2203 4662">
     <span class='ocr_line' id='line_1_80' title="bbox 633 4594 2203 4662; baseline -0.003 -13"><span class='ocrx_word' id='word_1_609' title='bbox 633 4595 826 4649; x_wconf 86' lang='lat' dir='ltr'><strong>habeat</strong></span> <span class='ocrx_word' id='word_1_610' title='bbox 859 4610 1036 4649; x_wconf 90' lang='lat' dir='ltr'><strong>sermo</strong></span> <span class='ocrx_word' id='word_1_611' title='bbox 1064 4604 1267 4660; x_wconf 85' lang='lat' dir='ltr'><strong>noster,</strong></span> <span class='ocrx_word' id='word_1_612' title='bbox 1307 4603 1359 4648; x_wconf 92' lang='lat' dir='ltr'><strong>ct</strong></span> <span class='ocrx_word' id='word_1_613' title='bbox 1390 4594 1808 4662; x_wconf 88' lang='lat' dir='ltr'><strong>reprehensione</strong></span> <span class='ocrx_word' id='word_1_614' title='bbox 1840 4601 2014 4657; x_wconf 86' lang='lat' dir='ltr'><strong>vacet,</strong></span> <span class='ocrx_word' id='word_1_615' title='bbox 2044 4607 2203 4660; x_wconf 88' lang='lat' dir='ltr'><strong>quam</strong></span> 
     </span>
    </p>
   </div>
   <div class='ocr_carea' id='block_1_81' title="bbox 633 4686 2204 4756">
    <p class='ocr_par' dir='ltr' id='par_1_81' title="bbox 633 4686 2204 4756">
     <span class='ocr_line' id='line_1_81' title="bbox 633 4686 2204 4756; baseline -0.002 -16"><span class='ocrx_word' id='word_1_616' title='bbox 633 4689 798 4756; x_wconf 81' lang='lat' dir='ltr'><strong>igitur</strong></span> <span class='ocrx_word' id='word_1_617' title='bbox 858 4703 970 4742; x_wconf 65' lang='lat' dir='ltr'><strong>suae</strong></span> <span class='ocrx_word' id='word_1_618' title='bbox 1017 4688 1278 4742; x_wconf 90' lang='lat' dir='ltr'><strong>adversus</strong></span> <span class='ocrx_word' id='word_1_619' title='bbox 1341 4702 1438 4740; x_wconf 90' lang='lat' dir='ltr'><strong>nos</strong></span> <span class='ocrx_word' id='word_1_620' title='bbox 1488 4686 1792 4741; x_wconf 88' lang='lat' dir='ltr'><strong>dicacitatis</strong></span> <span class='ocrx_word' id='word_1_621' title='bbox 1861 4686 2204 4739; x_wconf 88' lang='lat' dir='ltr'><strong>occasionem</strong></span> 
     </span>
    </p>
   </div>
   <div class='ocr_carea' id='block_1_82' title="bbox 633 4776 2203 4845">
    <p class='ocr_par' dir='ltr' id='par_1_82' title="bbox 633 4776 2203 4845">
     <span class='ocr_line' id='line_1_82' title="bbox 633 4776 2203 4845; baseline -0.003 -15"><span class='ocrx_word' id='word_1_622' title='bbox 633 4780 942 4832; x_wconf 84' lang='lat' dir='ltr'><strong>obtrectare</strong></span> <span class='ocrx_word' id='word_1_623' title='bbox 971 4781 1126 4833; x_wconf 85' lang='lat' dir='ltr'><strong>nobis</strong></span> <span class='ocrx_word' id='word_1_624' title='bbox 1159 4779 1404 4832; x_wconf 85' lang='lat' dir='ltr'><strong>volentes</strong></span> <span class='ocrx_word' id='word_1_625' title='bbox 1448 4778 1741 4843; x_wconf 86' lang='lat' dir='ltr'><strong>habebunt;</strong></span> <span class='ocrx_word' id='word_1_626' title='bbox 1776 4778 1820 4831; x_wconf 89' lang='lat' dir='ltr'><strong>si</strong></span> <span class='ocrx_word' id='word_1_627' title='bbox 1847 4776 2203 4845; x_wconf 87' lang='lat' dir='ltr'><strong>quorumdam</strong></span> 
     </span>
    </p>
   </div>
   <div class='ocr_carea' id='block_1_83' title="bbox 633 4867 2204 4939">
    <p class='ocr_par' dir='ltr' id='par_1_83' title="bbox 633 4867 2204 4939">
     <span class='ocr_line' id='line_1_83' title="bbox 633 4867 2204 4939; baseline -0.001 -17"><span class='ocrx_word' id='word_1_628' title='bbox 633 4869 985 4935; x_wconf 82' lang='lat' dir='ltr'><strong>blasphemiis</strong></span> <span class='ocrx_word' id='word_1_629' title='bbox 1011 4872 1499 4924; x_wconf 80' lang='lat' dir='ltr'><strong>anathornatismus</strong></span> <span class='ocrx_word' id='word_1_630' title='bbox 1535 4882 1839 4939; x_wconf 79' lang='lat' dir='ltr'><strong>repugnans</strong></span> <span class='ocrx_word' id='word_1_631' title='bbox 1865 4907 1878 4930; x_wconf 85' lang='lat'><strong>,</strong></span> <span class='ocrx_word' id='word_1_632' title='bbox 1922 4867 2204 4921; x_wconf 86' lang='lat' dir='ltr'><strong>mendacio</strong></span> 
     </span>
    </p>
   </div>
   <div class='ocr_carea' id='block_1_84' title="bbox 632 4959 2204 5027">
    <p class='ocr_par' dir='ltr' id='par_1_84' title="bbox 632 4959 2204 5027">
     <span class='ocr_line' id='line_1_84' title="bbox 632 4959 2204 5027; baseline 0 -15"><span class='ocrx_word' id='word_1_633' title='bbox 632 4959 917 5014; x_wconf 71' lang='lat' dir='ltr'><strong>veritatem</strong></span> <span class='ocrx_word' id='word_1_634' title='bbox 951 4961 1230 5027; x_wconf 83' lang='lat' dir='ltr'><strong>opponat?</strong></span> <span class='ocrx_word' id='word_1_635' title='bbox 1287 4960 1489 5026; x_wconf 81' lang='lat' dir='ltr'><strong>Opinor</strong></span> <span class='ocrx_word' id='word_1_636' title='bbox 1538 4972 1716 5014; x_wconf 86' lang='lat' dir='ltr'><strong>autem</strong></span> <span class='ocrx_word' id='word_1_637' title='bbox 1752 4973 1835 5012; x_wconf 91' lang='lat' dir='ltr'><strong>me</strong></span> <span class='ocrx_word' id='word_1_638' title='bbox 1877 4976 1902 5012; x_wconf 92' lang='lat' dir='ltr'><strong>a</strong></span> <span class='ocrx_word' id='word_1_639' title='bbox 1931 4969 2072 5014; x_wconf 81' lang='lat' dir='ltr'><strong>recta</strong></span> <span class='ocrx_word' id='word_1_640' title='bbox 2119 4961 2204 5012; x_wconf 87' lang='lat' dir='ltr'><strong>via</strong></span> 
     </span>
    </p>
   </div>
   <div class='ocr_carea' id='block_1_85' title="bbox 634 5049 2203 5120">
    <p class='ocr_par' dir='ltr' id='par_1_85' title="bbox 634 5049 2203 5120">
     <span class='ocr_line' id='line_1_85' title="bbox 634 5049 2203 5120; baseline 0 -17"><span class='ocrx_word' id='word_1_641' title='bbox 634 5051 780 5105; x_wconf 88' lang='lat' dir='ltr'><strong>nullo</strong></span> <span class='ocrx_word' id='word_1_642' title='bbox 808 5050 966 5106; x_wconf 91' lang='lat' dir='ltr'><strong>modo</strong></span> <span class='ocrx_word' id='word_1_643' title='bbox 990 5050 1278 5111; x_wconf 80' lang='lat' dir='ltr'><strong>excidisse,</strong></span> <span class='ocrx_word' id='word_1_644' title='bbox 1306 5051 1447 5118; x_wconf 86' lang='lat' dir='ltr'><strong>quod</strong></span> <span class='ocrx_word' id='word_1_645' title='bbox 1469 5049 1738 5103; x_wconf 80' lang='lat' dir='ltr'><strong>Christum</strong></span> <span class='ocrx_word' id='word_1_646' title='bbox 1769 5053 1876 5105; x_wconf 80' lang='lat' dir='ltr'><strong>dixi</strong></span> <span class='ocrx_word' id='word_1_647' title='bbox 1901 5067 2060 5120; x_wconf 86' lang='lat' dir='ltr'><strong>supra</strong></span> <span class='ocrx_word' id='word_1_648' title='bbox 2088 5067 2203 5105; x_wconf 92' lang='lat' dir='ltr'><strong>nos.</strong></span> 
     </span>
    </p>
   </div>
   <div class='ocr_carea' id='block_1_86' title="bbox 633 5140 2203 5207">
    <p class='ocr_par' dir='ltr' id='par_1_86' title="bbox 633 5140 2203 5207">
     <span class='ocr_line' id='line_1_86' title="bbox 633 5140 2203 5207; baseline 0 -12"><span class='ocrx_word' id='word_1_649' title='bbox 633 5140 766 5196; x_wconf 86' lang='lat' dir='ltr'><strong>Nam</strong></span> <span class='ocrx_word' id='word_1_650' title='bbox 795 5144 917 5198; x_wconf 85' lang='lat' dir='ltr'><strong>licet</strong></span> <span class='ocrx_word' id='word_1_651' title='bbox 952 5143 1182 5197; x_wconf 90' lang='lat' dir='ltr'><strong>Verbum</strong></span> <span class='ocrx_word' id='word_1_652' title='bbox 1219 5142 1311 5196; x_wconf 89' lang='lat' dir='ltr'><strong>Dei</strong></span> <span class='ocrx_word' id='word_1_653' title='bbox 1349 5140 1548 5193; x_wconf 77' lang='lat' dir='ltr'><strong>factum</strong></span> <span class='ocrx_word' id='word_1_654' title='bbox 1582 5143 1648 5195; x_wconf 84' lang='lat' dir='ltr'><strong>sit</strong></span> <span class='ocrx_word' id='word_1_655' title='bbox 1683 5145 1841 5194; x_wconf 86' lang='grc' dir='ltr'>Ιιυιιιο</span> <span class='ocrx_word' id='word_1_656' title='bbox 1875 5161 1886 5207; x_wconf 88' lang='grc'>;</span> <span class='ocrx_word' id='word_1_657' title='bbox 1919 5156 2001 5198; x_wconf 86' lang='lat' dir='ltr'><strong>CSl</strong></span> <span class='ocrx_word' id='word_1_658' title='bbox 2028 5153 2203 5195; x_wconf 70' lang='lat' dir='ltr'><strong>tamen</strong></span> 
     </span>
    </p>
   </div>
   <div class='ocr_carea' id='block_1_87' title="bbox 639 5231 2204 5302">
    <p class='ocr_par' dir='ltr' id='par_1_87' title="bbox 639 5231 2204 5302">
     <span class='ocr_line' id='line_1_87' title="bbox 639 5231 2204 5302; baseline -0.003 -13"><span class='ocrx_word' id='word_1_659' title='bbox 639 5235 799 5289; x_wconf 83' lang='lat' dir='ltr'><strong>etiam</strong></span> <span class='ocrx_word' id='word_1_660' title='bbox 855 5238 932 5291; x_wconf 86' lang='lat' dir='ltr'><strong>sic</strong></span> <span class='ocrx_word' id='word_1_661' title='bbox 984 5251 1086 5290; x_wconf 90' lang='lat' dir='ltr'><strong>non</strong></span> <span class='ocrx_word' id='word_1_662' title='bbox 1133 5249 1290 5302; x_wconf 78' lang='lat' dir='ltr'><strong>supra</strong></span> <span class='ocrx_word' id='word_1_663' title='bbox 1349 5249 1446 5288; x_wconf 90' lang='lat' dir='ltr'><strong>nos</strong></span> <span class='ocrx_word' id='word_1_664' title='bbox 1499 5231 1743 5287; x_wconf 73' lang='lat' dir='ltr'><strong>homines</strong></span> <span class='ocrx_word' id='word_1_665' title='bbox 1810 5240 2052 5295; x_wconf 78' lang='lat' dir='ltr'><strong>tantum,</strong></span> <span class='ocrx_word' id='word_1_666' title='bbox 2111 5235 2204 5285; x_wconf 89' lang='lat' dir='ltr'><strong>sed</strong></span> 
     </span>
    </p>
   </div>
   <div class='ocr_carea' id='block_1_88' title="bbox 706 5405 1742 5481">
    <p class='ocr_par' dir='ltr' id='par_1_88' title="bbox 706 5405 1742 5481">
     <span class='ocr_line' id='line_1_88' title="bbox 706 5405 1742 5481; baseline 0.003 -15"><span class='ocrx_word' id='word_1_667' title='bbox 706 5416 751 5446; x_wconf 74' lang='grc'><strong>⁸⁸</strong></span> <span class='ocrx_word' id='word_1_668' title='bbox 780 5412 933 5471; x_wconf 79' lang='lat' dir='ltr'><strong>Joan.</strong></span> <span class='ocrx_word' id='word_1_669' title='bbox 973 5417 1146 5480; x_wconf 74' lang='lat'><strong>\&#39;|,63.</strong></span> <span class='ocrx_word' id='word_1_670' title='bbox 1229 5405 1324 5468; x_wconf 53' lang='lat' dir='ltr'><strong>&quot;.l</strong></span> <span class='ocrx_word' id='word_1_671' title='bbox 1363 5418 1488 5473; x_wconf 81' lang='lat' dir='ltr'><strong>Cor.</strong></span> <span class='ocrx_word' id='word_1_672' title='bbox 1524 5430 1611 5481; x_wconf 68' lang='grc' dir='ltr'>ιν,</span> <span class='ocrx_word' id='word_1_673' title='bbox 1653 5413 1742 5469; x_wconf 69' lang='grc'><strong>47.</strong></span> 
     </span>
    </p>
   </div>
   <div class='ocr_carea' id='block_1_89' title="bbox 1821 5408 2276 5471">
    <p class='ocr_par' dir='ltr' id='par_1_89' title="bbox 1821 5408 2276 5471">
     <span class='ocr_line' id='line_1_89' title="bbox 1821 5408 2276 5471; baseline -0.007 -9"><span class='ocrx_word' id='word_1_674' title='bbox 1821 5410 1864 5440; x_wconf 64' lang='grc' dir='ltr'><strong>δ’*</strong></span> <span class='ocrx_word' id='word_1_675' title='bbox 1896 5409 2045 5462; x_wconf 78' lang='lat' dir='ltr'><strong>Joan.</strong></span> <span class='ocrx_word' id='word_1_676' title='bbox 2087 5425 2166 5471; x_wconf 84' lang='grc' dir='ltr'>ιιι,</span> <span class='ocrx_word' id='word_1_677' title='bbox 2198 5408 2276 5461; x_wconf 73' lang='grc'><strong>15.</strong></span> 
     </span>
    </p>
   </div>
   <div class='ocr_carea' id='block_1_90' title="bbox 2313 3316 3903 3390">
    <p class='ocr_par' dir='ltr' id='par_1_90' title="bbox 2313 3316 3903 3390">
     <span class='ocr_line' id='line_1_90' title="bbox 2313 3316 3903 3390; baseline -0.003 -18"><span class='ocrx_word' id='word_1_678' title='bbox 2313 3322 2344 3390; x_wconf 83' lang='grc' dir='ltr'>ἦ</span> <span class='ocrx_word' id='word_1_679' title='bbox 2381 3321 2626 3390; x_wconf 82' lang='grc' dir='ltr'>λέγοντα,</span> <span class='ocrx_word' id='word_1_680' title='bbox 2661 3320 3016 3389; x_wconf 86' lang='grc' dir='ltr'>γινώσκωμεν</span> <span class='ocrx_word' id='word_1_681' title='bbox 3047 3320 3128 3372; x_wconf 87' lang='grc' dir='ltr'>ὅτι</span> <span class='ocrx_word' id='word_1_682' title='bbox 3163 3318 3293 3383; x_wconf 85' lang='grc' dir='ltr'>Θεὸς</span> <span class='ocrx_word' id='word_1_683' title='bbox 3320 3317 3396 3371; x_wconf 86' lang='grc' dir='ltr'><strong>ὢν</strong></span> <span class='ocrx_word' id='word_1_684' title='bbox 3438 3316 3612 3370; x_wconf 88' lang='grc' dir='ltr'>ταῦτα</span> <span class='ocrx_word' id='word_1_685' title='bbox 3650 3317 3903 3386; x_wconf 65' lang='grc' dir='ltr'>ἐργάζευ</span> 
     </span>
    </p>
   </div>
   <div class='ocr_carea' id='block_1_91' title="bbox 2311 3409 3908 3480">
    <p class='ocr_par' dir='ltr' id='par_1_91' title="bbox 2311 3409 3908 3480">
     <span class='ocr_line' id='line_1_91' title="bbox 2311 3409 3908 3480; baseline -0.002 -17"><span class='ocrx_word' id='word_1_686' title='bbox 2311 3429 2421 3465; x_wconf 81' lang='grc' dir='ltr'>ται.</span> <span class='ocrx_word' id='word_1_687' title='bbox 2455 3431 2473 3463; x_wconf 72' lang='grc' dir='ltr'><strong>ι</strong></span> <span class='ocrx_word' id='word_1_688' title='bbox 2508 3413 2616 3464; x_wconf 69' lang='grc' dir='ltr'><strong>Καὶ</strong></span> <span class='ocrx_word' id='word_1_689' title='bbox 2646 3412 2821 3465; x_wconf 90' lang='grc' dir='ltr'>ταῦτα</span> <span class='ocrx_word' id='word_1_690' title='bbox 2850 3411 2946 3480; x_wconf 81' lang='grc' dir='ltr'>μὲν</span> <span class='ocrx_word' id='word_1_691' title='bbox 2976 3412 3003 3461; x_wconf 92' lang='lat'><strong>6</strong></span> <span class='ocrx_word' id='word_1_692' title='bbox 3031 3410 3298 3480; x_wconf 79' lang='grc' dir='ltr'>μακάριος</span> <span class='ocrx_word' id='word_1_693' title='bbox 3327 3410 3518 3480; x_wconf 77' lang='grc' dir='ltr'>Πατὴρ</span> <span class='ocrx_word' id='word_1_694' title='bbox 3545 3409 3700 3478; x_wconf 81' lang='grc' dir='ltr'>ἡμῶν</span> <span class='ocrx_word' id='word_1_695' title='bbox 3730 3409 3908 3460; x_wconf 76' lang='grc' dir='ltr'>Ἀθα-</span> 
     </span>
    </p>
   </div>
   <div class='ocr_carea' id='block_1_92' title="bbox 2311 3499 3903 3573">
    <p class='ocr_par' dir='ltr' id='par_1_92' title="bbox 2311 3499 3903 3573">
     <span class='ocr_line' id='line_1_92' title="bbox 2311 3499 3903 3573; baseline -0.003 -19"><span class='ocrx_word' id='word_1_696' title='bbox 2311 3503 2513 3565; x_wconf 81' lang='grc' dir='ltr'>νάσιος.</span> <span class='ocrx_word' id='word_1_697' title='bbox 2557 3503 2722 3573; x_wconf 79' lang='grc' dir='ltr'>Πλὴν,</span> <span class='ocrx_word' id='word_1_698' title='bbox 2756 3501 2856 3555; x_wconf 83' lang='grc' dir='ltr'><strong>κᾶν</strong></span> <span class='ocrx_word' id='word_1_699' title='bbox 2885 3503 3012 3554; x_wconf 76' lang='grc' dir='ltr'>ἴδιον</span> <span class='ocrx_word' id='word_1_700' title='bbox 3042 3501 3265 3569; x_wconf 78' lang='grc' dir='ltr'>λέγηται</span> <span class='ocrx_word' id='word_1_701' title='bbox 3294 3499 3390 3551; x_wconf 90' lang='grc' dir='ltr'><strong>τοῦ</strong></span> <span class='ocrx_word' id='word_1_702' title='bbox 3422 3501 3594 3566; x_wconf 86' lang='grc' dir='ltr'>Λόγου</span> <span class='ocrx_word' id='word_1_703' title='bbox 3619 3499 3677 3550; x_wconf 77' lang='grc' dir='ltr'>τὸ</span> <span class='ocrx_word' id='word_1_704' title='bbox 3703 3499 3903 3568; x_wconf 82' lang='grc' dir='ltr'>σῶμα,</span> 
     </span>
    </p>
   </div>
   <div class='ocr_carea' id='block_1_93' title="bbox 2313 3589 3869 3660">
    <p class='ocr_par' dir='ltr' id='par_1_93' title="bbox 2313 3589 3869 3660">
     <span class='ocr_line' id='line_1_93' title="bbox 2313 3589 3869 3660; baseline -0.003 -14"><span class='ocrx_word' id='word_1_705' title='bbox 2313 3595 2425 3647; x_wconf 83' lang='grc' dir='ltr'>ἀλλ’</span> <span class='ocrx_word' id='word_1_706' title='bbox 2455 3589 2547 3646; x_wconf 80' lang='grc' dir='ltr'>οὖν</span> <span class='ocrx_word' id='word_1_707' title='bbox 2577 3595 2722 3645; x_wconf 85' lang='grc' dir='ltr'>ἐστιν</span> <span class='ocrx_word' id='word_1_708' title='bbox 2754 3594 2816 3645; x_wconf 84' lang='grc' dir='ltr'><strong>ἐκ</strong></span> <span class='ocrx_word' id='word_1_709' title='bbox 2840 3593 3118 3660; x_wconf 68' lang='grc' dir='ltr'>γυναικὸς,</span> <span class='ocrx_word' id='word_1_710' title='bbox 3152 3592 3247 3642; x_wconf 75' lang='grc' dir='ltr'><strong>καὶ</strong></span> <span class='ocrx_word' id='word_1_711' title='bbox 3284 3593 3396 3652; x_wconf 84' lang='grc' dir='ltr'>τοῖς</span> <span class='ocrx_word' id='word_1_712' title='bbox 3434 3590 3721 3658; x_wconf 78' lang='grc' dir='ltr'>ἡμετέροις</span> <span class='ocrx_word' id='word_1_713' title='bbox 3754 3606 3869 3656; x_wconf 71' lang='grc' dir='ltr'><strong>συγ</strong></span> 
     </span>
    </p>
   </div>
   <div class='ocr_carea' id='block_1_94' title="bbox 2310 3681 3903 3756">
    <p class='ocr_par' dir='ltr' id='par_1_94' title="bbox 2310 3681 3903 3756">
     <span class='ocr_line' id='line_1_94' title="bbox 2310 3681 3903 3756; baseline -0.005 -17"><span class='ocrx_word' id='word_1_714' title='bbox 2310 3688 2483 3756; x_wconf 79' lang='grc' dir='ltr'>γενὲς,</span> <span class='ocrx_word' id='word_1_715' title='bbox 2516 3684 2650 3739; x_wconf 85' lang='grc' dir='ltr'>καθὸ</span> <span class='ocrx_word' id='word_1_716' title='bbox 2684 3688 2883 3737; x_wconf 84' lang='grc' dir='ltr'>νοεῖται</span> <span class='ocrx_word' id='word_1_717' title='bbox 2916 3683 3070 3755; x_wconf 78' lang='grc' dir='ltr'>σάρξ.</span> <span class='ocrx_word' id='word_1_718' title='bbox 3105 3682 3213 3735; x_wconf 72' lang='grc' dir='ltr'>Καὶ</span> <span class='ocrx_word' id='word_1_719' title='bbox 3241 3684 3268 3734; x_wconf 92' lang='lat'><strong>6</strong></span> <span class='ocrx_word' id='word_1_720' title='bbox 3297 3683 3394 3751; x_wconf 84' lang='grc' dir='ltr'><strong>μὲν</strong></span> <span class='ocrx_word' id='word_1_721' title='bbox 3437 3682 3706 3751; x_wconf 79' lang='grc' dir='ltr'>μακάριος</span> <span class='ocrx_word' id='word_1_722' title='bbox 3743 3681 3903 3732; x_wconf 75' lang='grc' dir='ltr'>Παῦ-</span> 
     </span>
    </p>
   </div>
   <div class='ocr_carea' id='block_1_95' title="bbox 2310 3774 3903 3848">
    <p class='ocr_par' dir='ltr' id='par_1_95' title="bbox 2310 3774 3903 3848">
     <span class='ocr_line' id='line_1_95' title="bbox 2310 3774 3903 3848; baseline -0.003 -19"><span class='ocrx_word' id='word_1_723' title='bbox 2310 3777 2399 3840; x_wconf 86' lang='grc' dir='ltr'><strong>λος</strong></span> <span class='ocrx_word' id='word_1_724' title='bbox 2419 3794 2432 3806; x_wconf 86' lang='grc'><strong>·</strong></span> <span class='ocrx_word' id='word_1_725' title='bbox 2464 3797 2480 3829; x_wconf 86' lang='grc' dir='ltr'><strong>ι</strong></span> <span class='ocrx_word' id='word_1_726' title='bbox 2502 3779 2560 3830; x_wconf 90' lang='lat'><strong>&#39;0</strong></span> <span class='ocrx_word' id='word_1_727' title='bbox 2587 3777 2800 3846; x_wconf 83' lang='grc' dir='ltr'>πρῶτος</span> <span class='ocrx_word' id='word_1_728' title='bbox 2833 3775 3135 3848; x_wconf 79' lang='grc' dir='ltr'>ἄνθρωπος,</span> <span class='ocrx_word' id='word_1_729' title='bbox 3167 3775 3318 3846; x_wconf 66' lang='grc' dir='ltr'>φησι,</span> <span class='ocrx_word' id='word_1_730' title='bbox 3349 3774 3553 3844; x_wconf 83' lang='grc' dir='ltr'>χοϊκός·</span> <span class='ocrx_word' id='word_1_731' title='bbox 3583 3777 3610 3826; x_wconf 92' lang='lat'><strong>6</strong></span> <span class='ocrx_word' id='word_1_732' title='bbox 3637 3774 3903 3838; x_wconf 77' lang='grc' dir='ltr'>δεύτερος</span> 
     </span>
    </p>
   </div>
   <div class='ocr_carea' id='block_1_96' title="bbox 2310 3863 3866 3935">
    <p class='ocr_par' dir='ltr' id='par_1_96' title="bbox 2310 3863 3866 3935">
     <span class='ocr_line' id='line_1_96' title="bbox 2310 3863 3866 3935; baseline -0.001 -18"><span class='ocrx_word' id='word_1_733' title='bbox 2310 3866 2368 3931; x_wconf 79' lang='grc' dir='ltr'>ἐξ</span> <span class='ocrx_word' id='word_1_734' title='bbox 2415 3866 2664 3935; x_wconf 74' lang='grc' dir='ltr'>οὐρανοῦ.</span> <span class='ocrx_word' id='word_1_735' title='bbox 2696 3885 2714 3916; x_wconf 72' lang='grc' dir='ltr'><strong>ι</strong></span> <span class='ocrx_word' id='word_1_736' title='bbox 2750 3865 2919 3928; x_wconf 83' lang='grc' dir='ltr'>Αὐτὸς</span> <span class='ocrx_word' id='word_1_737' title='bbox 2947 3865 3002 3919; x_wconf 83' lang='grc' dir='ltr'>δὲ</span> <span class='ocrx_word' id='word_1_738' title='bbox 3045 3867 3072 3918; x_wconf 88' lang='lat'><strong>6</strong></span> <span class='ocrx_word' id='word_1_739' title='bbox 3102 3865 3333 3935; x_wconf 81' lang='grc' dir='ltr'>Χριστός</span> <span class='ocrx_word' id='word_1_740' title='bbox 3355 3880 3368 3893; x_wconf 76' lang='grc' dir='ltr'><strong>ο</strong></span> <span class='ocrx_word' id='word_1_741' title='bbox 3404 3880 3422 3913; x_wconf 77' lang='grc' dir='ltr'><strong>ι</strong></span> <span class='ocrx_word' id='word_1_742' title='bbox 3453 3863 3644 3924; x_wconf 72' lang='grc' dir='ltr'>Οὐδεὶς</span> <span class='ocrx_word' id='word_1_743' title='bbox 3689 3863 3866 3917; x_wconf 80' lang='grc' dir='ltr'>ἀναϐἑ</span> 
     </span>
    </p>
   </div>
   <div class='ocr_carea' id='block_1_97' title="bbox 2310 3950 3898 4026">
    <p class='ocr_par' dir='ltr' id='par_1_97' title="bbox 2310 3950 3898 4026">
     <span class='ocr_line' id='line_1_97' title="bbox 2310 3950 3898 4026; baseline -0.002 -20"><span class='ocrx_word' id='word_1_744' title='bbox 2310 3955 2477 4024; x_wconf 70' lang='grc' dir='ltr'>δηκεν</span> <span class='ocrx_word' id='word_1_745' title='bbox 2506 3957 2583 4019; x_wconf 79' lang='grc' dir='ltr'><strong>είς</strong></span> <span class='ocrx_word' id='word_1_746' title='bbox 2611 3955 2702 4007; x_wconf 84' lang='grc' dir='ltr'><strong>τὸν</strong></span> <span class='ocrx_word' id='word_1_747' title='bbox 2727 3955 2971 4026; x_wconf 72' lang='grc' dir='ltr'>οὐρανὸν,</span> <span class='ocrx_word' id='word_1_748' title='bbox 2998 3954 3180 4024; x_wconf 70' lang='grc' dir='ltr'>φησὶν,</span> <span class='ocrx_word' id='word_1_749' title='bbox 3209 3955 3256 4006; x_wconf 82' lang='grc' dir='ltr'><strong>εί</strong></span> <span class='ocrx_word' id='word_1_750' title='bbox 3293 3952 3366 4023; x_wconf 82' lang='grc' dir='ltr'>μὴ</span> <span class='ocrx_word' id='word_1_751' title='bbox 3397 3954 3423 4004; x_wconf 93' lang='lat'><strong>6</strong></span> <span class='ocrx_word' id='word_1_752' title='bbox 3453 3953 3514 4003; x_wconf 83' lang='grc' dir='ltr'><strong>ἐκ</strong></span> <span class='ocrx_word' id='word_1_753' title='bbox 3541 3950 3632 4002; x_wconf 85' lang='grc' dir='ltr'><strong>τοῦ</strong></span> <span class='ocrx_word' id='word_1_754' title='bbox 3657 3952 3898 4020; x_wconf 62' lang='grc' dir='ltr'>οὐρα-ιοί</span> 
     </span>
    </p>
   </div>
   <div class='ocr_carea' id='block_1_98' title="bbox 2310 4042 3900 4116">
    <p class='ocr_par' dir='ltr' id='par_1_98' title="bbox 2310 4042 3900 4116">
     <span class='ocr_line' id='line_1_98' title="bbox 2310 4042 3900 4116; baseline -0.002 -17"><span class='ocrx_word' id='word_1_755' title='bbox 2310 4046 2552 4108; x_wconf 74' lang='grc' dir='ltr'>καταϐὰς</span> <span class='ocrx_word' id='word_1_756' title='bbox 2582 4047 2707 4108; x_wconf 80' lang='grc' dir='ltr'>Υἱὸς</span> <span class='ocrx_word' id='word_1_757' title='bbox 2743 4046 2837 4098; x_wconf 87' lang='grc' dir='ltr'><strong>τοῦ</strong></span> <span class='ocrx_word' id='word_1_758' title='bbox 2880 4043 3185 4116; x_wconf 79' lang='grc' dir='ltr'>ἀνθρώπου.</span> <span class='ocrx_word' id='word_1_759' title='bbox 3221 4065 3239 4098; x_wconf 72' lang='grc' dir='ltr'><strong>ι</strong></span> <span class='ocrx_word' id='word_1_760' title='bbox 3274 4044 3457 4115; x_wconf 79' lang='grc' dir='ltr'>Φαμὲν</span> <span class='ocrx_word' id='word_1_761' title='bbox 3483 4042 3540 4096; x_wconf 78' lang='grc' dir='ltr'>δὲ</span> <span class='ocrx_word' id='word_1_762' title='bbox 3567 4044 3648 4095; x_wconf 85' lang='grc' dir='ltr'><strong>ὅτι</strong></span> <span class='ocrx_word' id='word_1_763' title='bbox 3685 4045 3784 4096; x_wconf 68' lang='grc' dir='ltr'>οὐκ</span> <span class='ocrx_word' id='word_1_764' title='bbox 3837 4046 3900 4111; x_wconf 81' lang='grc' dir='ltr'>ἐξ</span> 
     </span>
    </p>
   </div>
   <div class='ocr_carea' id='block_1_99' title="bbox 2308 4133 3898 4209">
    <p class='ocr_par' dir='ltr' id='par_1_99' title="bbox 2308 4133 3898 4209">
     <span class='ocr_line' id='line_1_99' title="bbox 2308 4133 3898 4209; baseline 0.001 -20"><span class='ocrx_word' id='word_1_765' title='bbox 2308 4137 2538 4208; x_wconf 85' lang='grc' dir='ltr'>οὐρανοῦ</span> <span class='ocrx_word' id='word_1_766' title='bbox 2566 4137 2626 4190; x_wconf 85' lang='grc' dir='ltr'><strong>τὸ</strong></span> <span class='ocrx_word' id='word_1_767' title='bbox 2661 4138 2821 4209; x_wconf 84' lang='grc' dir='ltr'>σῶμα</span> <span class='ocrx_word' id='word_1_768' title='bbox 2847 4137 2906 4190; x_wconf 83' lang='grc' dir='ltr'><strong>τὸ</strong></span> <span class='ocrx_word' id='word_1_769' title='bbox 2945 4137 3141 4189; x_wconf 82' lang='grc' dir='ltr'>ἐνωθὲν</span> <span class='ocrx_word' id='word_1_770' title='bbox 3178 4137 3326 4207; x_wconf 83' lang='grc' dir='ltr'><strong>αὑτῷ</strong></span> <span class='ocrx_word' id='word_1_771' title='bbox 3358 4133 3701 4202; x_wconf 84' lang='grc' dir='ltr'>κατενεγκὼν</span> <span class='ocrx_word' id='word_1_772' title='bbox 3735 4135 3762 4186; x_wconf 89' lang='lat'><strong>6</strong></span> <span class='ocrx_word' id='word_1_773' title='bbox 3786 4139 3898 4190; x_wconf 82' lang='lat' dir='ltr'><strong>A6-</strong></span> 
     </span>
    </p>
   </div>
   <div class='ocr_carea' id='block_1_100' title="bbox 2309 4224 3895 4298">
    <p class='ocr_par' dir='ltr' id='par_1_100' title="bbox 2309 4224 3895 4298">
     <span class='ocr_line' id='line_1_100' title="bbox 2309 4224 3895 4298; baseline -0.002 -16"><span class='ocrx_word' id='word_1_774' title='bbox 2309 4246 2424 4297; x_wconf 88' lang='grc' dir='ltr'>γος,</span> <span class='ocrx_word' id='word_1_775' title='bbox 2456 4229 2631 4283; x_wconf 82' lang='grc' dir='ltr'>τοιάδε</span> <span class='ocrx_word' id='word_1_776' title='bbox 2677 4229 2871 4298; x_wconf 76' lang='grc' dir='ltr'>φησιν’</span> <span class='ocrx_word' id='word_1_777' title='bbox 2919 4227 3107 4296; x_wconf 78' lang='grc' dir='ltr'>ἐπειδὴ</span> <span class='ocrx_word' id='word_1_778' title='bbox 3154 4227 3210 4280; x_wconf 86' lang='grc' dir='ltr'>δὲ</span> <span class='ocrx_word' id='word_1_779' title='bbox 3256 4227 3461 4282; x_wconf 81' lang='grc' dir='ltr'>ἄνωθεν</span> <span class='ocrx_word' id='word_1_780' title='bbox 3492 4224 3567 4278; x_wconf 78' lang='grc' dir='ltr'>ὢν</span> <span class='ocrx_word' id='word_1_781' title='bbox 3603 4225 3764 4287; x_wconf 72' lang='grc' dir='ltr'>αὐτὸς</span> <span class='ocrx_word' id='word_1_782' title='bbox 3795 4228 3895 4279; x_wconf 71' lang='grc' dir='ltr'>καὶ</span> 
     </span>
    </p>
   </div>
   <div class='ocr_carea' id='block_1_101' title="bbox 2310 4313 3894 4388">
    <p class='ocr_par' dir='ltr' id='par_1_101' title="bbox 2310 4313 3894 4388">
     <span class='ocr_line' id='line_1_101' title="bbox 2310 4313 3894 4388; baseline -0.001 -17"><span class='ocrx_word' id='word_1_783' title='bbox 2310 4319 2368 4384; x_wconf 78' lang='grc' dir='ltr'>ἐξ</span> <span class='ocrx_word' id='word_1_784' title='bbox 2418 4319 2666 4388; x_wconf 75' lang='grc' dir='ltr'>οὐρανοῦ,</span> <span class='ocrx_word' id='word_1_785' title='bbox 2719 4319 2845 4371; x_wconf 75' lang='grc' dir='ltr'>ἴδιον</span> <span class='ocrx_word' id='word_1_786' title='bbox 2897 4319 3190 4387; x_wconf 85' lang='grc' dir='ltr'>ἐποιήσατο</span> <span class='ocrx_word' id='word_1_787' title='bbox 3219 4318 3280 4369; x_wconf 84' lang='grc' dir='ltr'><strong>τὸ</strong></span> <span class='ocrx_word' id='word_1_788' title='bbox 3307 4317 3504 4371; x_wconf 84' lang='grc' dir='ltr'>ἐνωθὲν</span> <span class='ocrx_word' id='word_1_789' title='bbox 3549 4313 3696 4383; x_wconf 73' lang='grc' dir='ltr'>αὐτῷ</span> <span class='ocrx_word' id='word_1_790' title='bbox 3727 4316 3894 4384; x_wconf 78' lang='grc' dir='ltr'>σῶμα</span> 
     </span>
    </p>
   </div>
   <div class='ocr_carea' id='block_1_102' title="bbox 2313 4409 3894 4480">
    <p class='ocr_par' dir='ltr' id='par_1_102' title="bbox 2313 4409 3894 4480">
     <span class='ocr_line' id='line_1_102' title="bbox 2313 4409 3894 4480; baseline -0.001 -18"><span class='ocrx_word' id='word_1_791' title='bbox 2313 4410 2604 4479; x_wconf 79' lang='grc' dir='ltr'>ἀφράστως</span> <span class='ocrx_word' id='word_1_792' title='bbox 2647 4427 2729 4472; x_wconf 89' lang='grc' dir='ltr'><strong>τε,</strong></span> <span class='ocrx_word' id='word_1_793' title='bbox 2783 4410 2874 4461; x_wconf 79' lang='grc' dir='ltr'><strong>καὶ</strong></span> <span class='ocrx_word' id='word_1_794' title='bbox 2921 4410 3314 4480; x_wconf 84' lang='grc' dir='ltr'>ἀπερινοήτως,</span> <span class='ocrx_word' id='word_1_795' title='bbox 3351 4409 3634 4479; x_wconf 81' lang='grc' dir='ltr'>ἀτρέπτως</span> <span class='ocrx_word' id='word_1_796' title='bbox 3677 4423 3760 4473; x_wconf 87' lang='grc' dir='ltr'><strong>τε,</strong></span> <span class='ocrx_word' id='word_1_797' title='bbox 3793 4409 3894 4460; x_wconf 81' lang='grc' dir='ltr'>καὶ</span> 
     </span>
    </p>
   </div>
   <div class='ocr_carea' id='block_1_103' title="bbox 2313 4498 3892 4570">
    <p class='ocr_par' dir='ltr' id='par_1_103' title="bbox 2313 4498 3892 4570">
     <span class='ocr_line' id='line_1_103' title="bbox 2313 4498 3892 4570; baseline -0.004 -16"><span class='ocrx_word' id='word_1_798' title='bbox 2313 4502 2649 4570; x_wconf 81' lang='grc' dir='ltr'>ἁσυγχύτως,</span> <span class='ocrx_word' id='word_1_799' title='bbox 2699 4501 2955 4570; x_wconf 74' lang='grc' dir='ltr'>ταύτῃτοι</span> <span class='ocrx_word' id='word_1_800' title='bbox 2990 4501 3082 4554; x_wconf 68' lang='grc' dir='ltr'><strong>καὶ</strong></span> <span class='ocrx_word' id='word_1_801' title='bbox 3124 4499 3182 4565; x_wconf 77' lang='grc' dir='ltr'><strong>ἐξ</strong></span> <span class='ocrx_word' id='word_1_802' title='bbox 3213 4498 3441 4568; x_wconf 77' lang='grc' dir='ltr'>οὐρανοῦ</span> <span class='ocrx_word' id='word_1_803' title='bbox 3481 4516 3641 4568; x_wconf 82' lang='grc' dir='ltr'>φησιν</span> <span class='ocrx_word' id='word_1_804' title='bbox 3673 4499 3892 4563; x_wconf 71' lang='grc' dir='ltr'>ἑαυτὸν,</span> 
     </span>
    </p>
   </div>
   <div class='ocr_carea' id='block_1_104' title="bbox 2315 4590 3895 4663">
    <p class='ocr_par' dir='ltr' id='par_1_104' title="bbox 2315 4590 3895 4663">
     <span class='ocr_line' id='line_1_104' title="bbox 2315 4590 3895 4663; baseline -0.001 -19"><span class='ocrx_word' id='word_1_805' title='bbox 2315 4592 2407 4644; x_wconf 76' lang='grc' dir='ltr'><strong>καὶ</strong></span> <span class='ocrx_word' id='word_1_806' title='bbox 2452 4593 2538 4644; x_wconf 81' lang='grc' dir='ltr'><strong>ὅτε</strong></span> <span class='ocrx_word' id='word_1_807' title='bbox 2583 4592 2804 4659; x_wconf 83' lang='grc' dir='ltr'>γέγονεν</span> <span class='ocrx_word' id='word_1_808' title='bbox 2837 4591 2962 4654; x_wconf 75' lang='grc' dir='ltr'>Υίδς</span> <span class='ocrx_word' id='word_1_809' title='bbox 3010 4590 3541 4663; x_wconf 80' lang='grc' dir='ltr'>ἀνθρώπου.’ορθῶς</span> <span class='ocrx_word' id='word_1_810' title='bbox 3597 4590 3895 4660; x_wconf 74' lang='grc' dir='ltr'>τοιγαροῦν</span> 
     </span>
    </p>
   </div>
   <div class='ocr_carea' id='block_1_105' title="bbox 2315 4680 3898 4752">
    <p class='ocr_par' dir='ltr' id='par_1_105' title="bbox 2315 4680 3898 4752">
     <span class='ocr_line' id='line_1_105' title="bbox 2315 4680 3898 4752; baseline -0.001 -17"><span class='ocrx_word' id='word_1_811' title='bbox 2315 4684 2405 4735; x_wconf 73' lang='grc' dir='ltr'><strong>καὶ</strong></span> <span class='ocrx_word' id='word_1_812' title='bbox 2427 4683 2742 4752; x_wconf 80' lang='grc' dir='ltr'>ἀμωμήτως</span> <span class='ocrx_word' id='word_1_813' title='bbox 2780 4681 2990 4752; x_wconf 76' lang='grc' dir='ltr'>ἔχοντος</span> <span class='ocrx_word' id='word_1_814' title='bbox 3020 4685 3148 4752; x_wconf 77' lang='grc' dir='ltr'>ἡμῖν</span> <span class='ocrx_word' id='word_1_815' title='bbox 3180 4682 3273 4736; x_wconf 90' lang='grc' dir='ltr'><strong>τοῦ</strong></span> <span class='ocrx_word' id='word_1_816' title='bbox 3304 4680 3479 4748; x_wconf 81' lang='grc' dir='ltr'>λόγου,</span> <span class='ocrx_word' id='word_1_817' title='bbox 3506 4682 3633 4734; x_wconf 81' lang='grc' dir='ltr'>ποία</span> <span class='ocrx_word' id='word_1_818' title='bbox 3668 4698 3750 4743; x_wconf 80' lang='grc' dir='ltr'><strong>τις</strong></span> <span class='ocrx_word' id='word_1_819' title='bbox 3781 4680 3898 4751; x_wconf 77' lang='grc' dir='ltr'>ἄρα</span> 
     </span>
    </p>
   </div>
   <div class='ocr_carea' id='block_1_106' title="bbox 2312 4772 3898 4844">
    <p class='ocr_par' dir='ltr' id='par_1_106' title="bbox 2312 4772 3898 4844">
     <span class='ocr_line' id='line_1_106' title="bbox 2312 4772 3898 4844; baseline 0.004 -22"><span class='ocrx_word' id='word_1_820' title='bbox 2312 4773 2422 4833; x_wconf 84' lang='grc' dir='ltr'>τοῖς</span> <span class='ocrx_word' id='word_1_821' title='bbox 2472 4773 2782 4840; x_wconf 72' lang='grc' dir='ltr'>φιλοψογεῖν</span> <span class='ocrx_word' id='word_1_822' title='bbox 2846 4772 3120 4824; x_wconf 79' lang='grc' dir='ltr'>ἐθέλουσιν</span> <span class='ocrx_word' id='word_1_823' title='bbox 3187 4772 3559 4843; x_wconf 78' lang='grc' dir='ltr'>εὑρεσιλογίας</span> <span class='ocrx_word' id='word_1_824' title='bbox 3606 4775 3703 4844; x_wconf 74' lang='grc' dir='ltr'>τῆς</span> <span class='ocrx_word' id='word_1_825' title='bbox 3759 4774 3898 4827; x_wconf 78' lang='grc' dir='ltr'>καθ’</span> 
     </span>
    </p>
   </div>
   <div class='ocr_carea' id='block_1_107' title="bbox 2316 4861 3898 4935">
    <p class='ocr_par' dir='ltr' id='par_1_107' title="bbox 2316 4861 3898 4935">
     <span class='ocr_line' id='line_1_107' title="bbox 2316 4861 3898 4935; baseline 0.001 -22"><span class='ocrx_word' id='word_1_826' title='bbox 2316 4861 2525 4930; x_wconf 77' lang='grc' dir='ltr'><strong>ἡμῶνὴ</strong></span> <span class='ocrx_word' id='word_1_827' title='bbox 2557 4864 2845 4931; x_wconf 69' lang='grc' dir='ltr'>πρόφασις,</span> <span class='ocrx_word' id='word_1_828' title='bbox 2874 4866 2919 4915; x_wconf 84' lang='grc' dir='ltr'>εἰ</span> <span class='ocrx_word' id='word_1_829' title='bbox 2951 4866 3180 4933; x_wconf 85' lang='grc' dir='ltr'>μάχεται</span> <span class='ocrx_word' id='word_1_830' title='bbox 3215 4866 3333 4924; x_wconf 82' lang='grc' dir='ltr'>ταῖς</span> <span class='ocrx_word' id='word_1_831' title='bbox 3371 4880 3528 4915; x_wconf 80' lang='grc' dir='ltr'>τινων</span> <span class='ocrx_word' id='word_1_832' title='bbox 3554 4865 3898 4935; x_wconf 73' lang='grc' dir='ltr'>δυσφημίαις</span> 
     </span>
    </p>
   </div>
   <div class='ocr_carea' id='block_1_108' title="bbox 2314 4948 3894 5020">
    <p class='ocr_par' dir='ltr' id='par_1_108' title="bbox 2314 4948 3894 5020">
     <span class='ocr_line' id='line_1_108' title="bbox 2314 4948 3894 5020; baseline 0 -18"><span class='ocrx_word' id='word_1_833' title='bbox 2314 4953 2341 5002; x_wconf 89' lang='lat'><strong>6</strong></span> <span class='ocrx_word' id='word_1_834' title='bbox 2369 4948 2829 5020; x_wconf 68' lang='grc' dir='ltr'>ἁναθεματισμὸς,</span> <span class='ocrx_word' id='word_1_835' title='bbox 2862 4952 2938 5020; x_wconf 77' lang='grc' dir='ltr'><strong>τῷ</strong></span> <span class='ocrx_word' id='word_1_836' title='bbox 2977 4951 3161 5018; x_wconf 69' lang='grc' dir='ltr'>ψεύδει</span> <span class='ocrx_word' id='word_1_837' title='bbox 3197 4951 3256 5001; x_wconf 78' lang='grc' dir='ltr'><strong>τὸ</strong></span> <span class='ocrx_word' id='word_1_838' title='bbox 3289 4948 3486 5018; x_wconf 74' lang='grc' dir='ltr'>ἀληθὲς</span> <span class='ocrx_word' id='word_1_839' title='bbox 3533 4951 3852 5018; x_wconf 75' lang='grc' dir='ltr'>ἀντεξάγων</span> <span class='ocrx_word' id='word_1_840' title='bbox 3879 4969 3894 5017; x_wconf 86' lang='lat'><strong>;</strong></span> 
     </span>
    </p>
   </div>
   <div class='ocr_carea' id='block_1_109' title="bbox 2313 5039 3897 5114">
    <p class='ocr_par' dir='ltr' id='par_1_109' title="bbox 2313 5039 3897 5114">
     <span class='ocr_line' id='line_1_109' title="bbox 2313 5039 3897 5114; baseline -0.002 -16"><span class='ocrx_word' id='word_1_841' title='bbox 2313 5042 2480 5114; x_wconf 76' lang='grc' dir='ltr'>Οἶμαι</span> <span class='ocrx_word' id='word_1_842' title='bbox 2515 5047 2571 5098; x_wconf 80' lang='grc' dir='ltr'>δὲ</span> <span class='ocrx_word' id='word_1_843' title='bbox 2604 5045 2777 5112; x_wconf 74' lang='grc' dir='ltr'>ἔγωγε</span> <span class='ocrx_word' id='word_1_844' title='bbox 2804 5046 2920 5095; x_wconf 83' lang='grc' dir='ltr'>κατ’</span> <span class='ocrx_word' id='word_1_845' title='bbox 2946 5043 3134 5096; x_wconf 70' lang='grc' dir='ltr'>οὐδένα</span> <span class='ocrx_word' id='word_1_846' title='bbox 3163 5039 3362 5110; x_wconf 82' lang='grc' dir='ltr'>τρόπον</span> <span class='ocrx_word' id='word_1_847' title='bbox 3391 5040 3785 5110; x_wconf 79' lang='grc' dir='ltr'>ἡμαρτηκέναι·</span> <span class='ocrx_word' id='word_1_848' title='bbox 3800 5043 3897 5095; x_wconf 81' lang='grc' dir='ltr'><strong>τοῦ</strong></span> 
     </span>
    </p>
   </div>
   <div class='ocr_carea' id='block_1_110' title="bbox 2316 5131 3900 5207">
    <p class='ocr_par' dir='ltr' id='par_1_110' title="bbox 2316 5131 3900 5207">
     <span class='ocr_line' id='line_1_110' title="bbox 2316 5131 3900 5207; baseline -0.01 -19"><span class='ocrx_word' id='word_1_849' title='bbox 2316 5138 2638 5207; x_wconf 81' lang='grc' dir='ltr'>πρέποντος,</span> <span class='ocrx_word' id='word_1_850' title='bbox 2662 5135 2959 5206; x_wconf 50' lang='grc' dir='ltr'>εζΧριστδν</span> <span class='ocrx_word' id='word_1_851' title='bbox 2979 5135 3114 5205; x_wconf 73' lang='grc' dir='ltr'>ἔφην</span> <span class='ocrx_word' id='word_1_852' title='bbox 3143 5131 3282 5200; x_wconf 79' lang='grc' dir='ltr'>ὑπὲρ</span> <span class='ocrx_word' id='word_1_853' title='bbox 3304 5131 3449 5199; x_wconf 76' lang='grc' dir='ltr'>ἡμᾶς</span> <span class='ocrx_word' id='word_1_854' title='bbox 3494 5131 3680 5201; x_wconf 73' lang='grc' dir='ltr'>Είγάρ</span> <span class='ocrx_word' id='word_1_855' title='bbox 3699 5135 3791 5186; x_wconf 67' lang='grc' dir='ltr'><strong>καὶ</strong></span> <span class='ocrx_word' id='word_1_856' title='bbox 3813 5137 3900 5200; x_wconf 64' lang='grc' dir='ltr'><strong>τέ-</strong></span> 
     </span>
    </p>
   </div>
   <div class='ocr_carea' id='block_1_111' title="bbox 2316 5223 3893 5302">
    <p class='ocr_par' dir='ltr' id='par_1_111' title="bbox 2316 5223 3893 5302">
     <span class='ocr_line' id='line_1_111' title="bbox 2316 5223 3893 5302; baseline -0.003 -19"><span class='ocrx_word' id='word_1_857' title='bbox 2316 5249 2468 5298; x_wconf 85' lang='grc' dir='ltr'>γονεν</span> <span class='ocrx_word' id='word_1_858' title='bbox 2491 5232 2772 5302; x_wconf 79' lang='grc' dir='ltr'>ἄνθρωπος</span> <span class='ocrx_word' id='word_1_859' title='bbox 2790 5233 2817 5281; x_wconf 84' lang='grc' dir='ltr'>ὀ</span> <span class='ocrx_word' id='word_1_860' title='bbox 2834 5229 2926 5280; x_wconf 77' lang='grc' dir='ltr'><strong>τοῦ</strong></span> <span class='ocrx_word' id='word_1_861' title='bbox 2956 5227 3089 5278; x_wconf 82' lang='grc' dir='ltr'>Θεοῦ</span> <span class='ocrx_word' id='word_1_862' title='bbox 3103 5224 3292 5292; x_wconf 72' lang='grc' dir='ltr'>Λόγος,</span> <span class='ocrx_word' id='word_1_863' title='bbox 3319 5223 3430 5276; x_wconf 84' lang='grc' dir='ltr'>ἀλλ’</span> <span class='ocrx_word' id='word_1_864' title='bbox 3459 5224 3572 5278; x_wconf 75' lang='grc' dir='ltr'>ἐστι</span> <span class='ocrx_word' id='word_1_865' title='bbox 3597 5230 3694 5281; x_wconf 67' lang='grc' dir='ltr'><strong>καὶ</strong></span> <span class='ocrx_word' id='word_1_866' title='bbox 3716 5228 3893 5288; x_wconf 68' lang='grc' dir='ltr'>οὕτως</span> 
     </span>
    </p>
   </div>
   <div class='ocr_carea' id='block_1_112' title="bbox 1707 5586 2876 5653">
    <p class='ocr_par' dir='ltr' id='par_1_112' title="bbox 1707 5586 2876 5653">
     <span class='ocr_line' id='line_1_112' title="bbox 1707 5586 2876 5653; baseline -0.012 -3"><span class='ocrx_word' id='word_1_867' title='bbox 1707 5597 1880 5650; x_wconf 79' lang='lat' dir='ltr'><strong>Varia:</strong></span> <span class='ocrx_word' id='word_1_868' title='bbox 1907 5594 2161 5648; x_wconf 80' lang='lat' dir='ltr'><strong>lectiones</strong></span> <span class='ocrx_word' id='word_1_869' title='bbox 2194 5605 2257 5643; x_wconf 74' lang='lat' dir='ltr'><strong>ex</strong></span> <span class='ocrx_word' id='word_1_870' title='bbox 2293 5587 2473 5641; x_wconf 81' lang='lat' dir='ltr'><strong>codice</strong></span> <span class='ocrx_word' id='word_1_871' title='bbox 2511 5586 2876 5653; x_wconf 77' lang='lat' dir='ltr'><strong>Seguicriauo.</strong></span> 
     </span>
    </p>
   </div>
   <div class='ocr_carea' id='block_1_113' title="bbox 1581 5778 1893 5847">
    <p class='ocr_par' dir='ltr' id='par_1_113' title="bbox 1581 5778 1893 5847">
     <span class='ocr_line' id='line_1_113' title="bbox 1581 5778 1893 5847; baseline 0.006 -18"><span class='ocrx_word' id='word_1_872' title='bbox 1581 5787 1607 5815; x_wconf 77' lang='grc' dir='ltr'><strong>ιι</strong></span> <span class='ocrx_word' id='word_1_873' title='bbox 1637 5778 1893 5847; x_wconf 80' lang='grc' dir='ltr'>ἐντίθησι.</span> 
     </span>
    </p>
   </div>
   <div class='ocr_carea' id='block_1_114' title="bbox 719 5779 1499 5850">
    <p class='ocr_par' dir='ltr' id='par_1_114' title="bbox 719 5779 1499 5850">
     <span class='ocr_line' id='line_1_114' title="bbox 719 5779 1499 5850; baseline -0.008 -13"><span class='ocrx_word' id='word_1_874' title='bbox 719 5784 736 5828; x_wconf 76' lang='grc' dir='ltr'>ὶ</span> <span class='ocrx_word' id='word_1_875' title='bbox 767 5785 1145 5837; x_wconf 79' lang='grc' dir='ltr'>πιστευόντων.</span> <span class='ocrx_word' id='word_1_876' title='bbox 1225 5789 1262 5818; x_wconf 75' lang='grc' dir='ltr'><strong>πη</strong></span> <span class='ocrx_word' id='word_1_877' title='bbox 1284 5780 1316 5833; x_wconf 70' lang='grc' dir='ltr'>ἃ</span> <span class='ocrx_word' id='word_1_878' title='bbox 1348 5779 1499 5850; x_wconf 78' lang='grc' dir='ltr'>μόνῃ.</span> 
     </span>
    </p>
   </div>
   <div class='ocr_carea' id='block_1_115' title="bbox 1972 5776 2410 5846">
    <p class='ocr_par' dir='ltr' id='par_1_115' title="bbox 1972 5776 2410 5846">
     <span class='ocr_line' id='line_1_115' title="bbox 1972 5776 2410 5846; baseline -0.005 -16"><span class='ocrx_word' id='word_1_879' title='bbox 1972 5777 1992 5800; x_wconf 86' lang='grc'><strong>⁹</strong></span> <span class='ocrx_word' id='word_1_880' title='bbox 2029 5776 2410 5846; x_wconf 78' lang='grc' dir='ltr'>ἐπιμενόντων.</span> 
     </span>
    </p>
   </div>
   <div class='ocr_carea' id='block_1_116' title="bbox 2493 5767 3339 5839">
    <p class='ocr_par' dir='ltr' id='par_1_116' title="bbox 2493 5767 3339 5839">
     <span class='ocr_line' id='line_1_116' title="bbox 2493 5767 3339 5839; baseline -0.002 -18"><span class='ocrx_word' id='word_1_881' title='bbox 2493 5782 2516 5821; x_wconf 82' lang='lat' dir='ltr'><strong>t&#39;</strong></span> <span class='ocrx_word' id='word_1_882' title='bbox 2548 5769 2607 5822; x_wconf 64' lang='grc' dir='ltr'>δι</span> <span class='ocrx_word' id='word_1_883' title='bbox 2632 5767 2735 5823; x_wconf 78' lang='grc' dir='ltr'>τόν.</span> <span class='ocrx_word' id='word_1_884' title='bbox 2813 5778 2838 5818; x_wconf 71' lang='grc'><strong>«1</strong></span> <span class='ocrx_word' id='word_1_885' title='bbox 2872 5767 3339 5839; x_wconf 79' lang='grc' dir='ltr'>προεζητήσαμεν.</span> 
     </span>
    </p>
   </div>
  </div>
