4062 6340
84 469 92 476 ι
184 390 278 442 377

775 388 1306 447 APOLOCETICUS
1343 388 1484 443 PRO
1524 388 1610 443 XII
1653 389 2012 447 CAPITIBUS
2052 392 2321 450 CONTRA
2362 393 2812 452 ORIENTALES.

3310 397 3413 452 578

182 509 274 575 οὐχ
297 507 434 578 ὺπέρ
457 524 518 574 γε
553 508 746 578 μόνους
778 512 943 581 ἡμᾶς,
975 513 1109 565 ἀλλά
1138 513 1230 564 καὶ
1262 511 1390 582 ὑπὲρ
1439 513 1615 564 πᾶσαν
1649 511 1752 582 τὴν

1859 515 2011 568 etiam
2058 532 2218 582 supra
2270 531 2482 570 omnem
2515 531 2837 572 creaturam.
2909 514 3020 568 Non
3051 514 3192 567 enim
3232 514 3403 569 solum

183 597 352 656 κτίσιν
375 613 388 626 °
407 600 467 650 οὐ
486 601 592 668 γὰρ
615 599 773 660 μόνον
797 601 1077 672 ἄνθρωπος
1098 604 1300 655 νοεῖται
1326 603 1418 666 καὶ
1437 602 1555 654 καθ’
1575 604 1744 672 ἡμᾶς,

185 686 293 737 ἀλλ’
323 689 351 740 ὁ
377 688 536 751 αὐτὸς
562 690 721 744 πάλιν
748 691 880 755 Θεὸς
912 692 1137 758 ἄνωθεν,
1173 694 1266 747 καὶ
1299 693 1358 758 ἐξ
1383 694 1634 763 οὐρανοῦ.

602 799 1186 856 ΑΝΑΘΕΜΑΤΙΣΜΟΣ
1226 805 1324 856 lB’.

249 908 318 961 El’
345 927 426 973 τις
459 911 556 981 οὑχ
596 914 848 982 ὁμολογεῖ
881 915 967 967 τὸν
1000 913 1091 967 τοῦ
1137 914 1270 968 Θεοῦ
1305 917 1474 983 Λόγον
1507 915 1748 969 παθόντα

189 1000 370 1069 σαρκὶ,
401 1003 495 1054 καὶ
538 1003 946 1074 ἐσταυρωμένον
999 1007 1182 1075 σαρκὶ,
1214 1007 1308 1060 καὶ
1358 1007 1587 1059 θανάτου
1620 1024 1749 1074 γευ-

186 1091 420 1160 σάμενον
457 1095 639 1163 σαρκὶ,
671 1098 927 1164 γεγονότα
962 1114 1020 1149 τε
1059 1099 1401 1169 πρωτότοκον
1428 1101 1490 1152 ὲκ
1519 1101 1745 1168 νεκρῶν,

184 1182 312 1236 mea
367 1184 477 1256 ζωή
534 1185 667 1249 ἐστι,
707 1187 800 1239 καὶ
841 1186 1121 1250 ζωοποιὸς,
1165 1187 1242 1251 ὼς
1288 1188 1450 1250 Θεός·
1504 1187 1748 1259 ἀνάθεμα

183 1273 340 1328 ἔστω.

487 1389 854 1458 Ἀντίῤῥησις
895 1390 1010 1444 τῶν
1047 1393 1445 1450 ἀνατολικῶν.

251 1498 420 1552 Πάλιν
452 1499 683 1554 ἐνταῦθα
710 1502 817 1555 τῶν
845 1504 1006 1558 αὐτοῦ
1032 1506 1202 1573 λόγων
1235 1507 1397 1559 αὐτὸν
1441 1507 1750 1578 ὑπομιμνή-

186 1606 406 1661 σκομεν,
435 1593 507 1656 ὼς
557 1597 732 1666 πάντη
774 1598 962 1668 ἀπαθῆ
1009 1600 1106 1671 τὴν
1150 1600 1300 1654 θείαν
1331 1600 1489 1670 φύσιν
1519 1601 1664 1670 λέγει
1693 1603 1751 1655 ἐν

181 1680 259 1750 τῷ
284 1683 482 1754 πρώτῳ
512 1688 660 1756 τόμῳ
689 1689 911 1754 φάσκων
959 1689 1132 1754 οῦτως
1152 1709 1167 1723 ·
1219 1687 1312 1755 Εἷς
1347 1688 1437 1746 οῦν
1475 1695 1504 1747 ὁ
1536 1694 1750 1746 πάντων

183 1773 474 1845 ἀξιώτερος
495 1777 591 1847 τὴν
619 1777 752 1831 ἰδίαν
775 1779 914 1848 ὑπὲρ
943 1784 1160 1836 πάντων
1187 1784 1397 1837 τέθεικε
1420 1784 1598 1856 ψυχήν
1622 1802 1634 1813 ·
1658 1785 1750 1838 καὶ

184 1868 457 1932 συγχωρεῖ
501 1868 858 1935 οἰκονομικῶς
906 1871 1366 1938 καταὸιϐάζεσθαι
1408 1873 1542 1944 πρὸς
1578 1872 1749 1944 βραχὺ

180 1953 257 2020 τῷ
304 1954 514 2025 θανάτῳ
557 1958 654 2028 τὴν
707 1959 913 2028 σάρκα·
961 1963 1276 2034 κατήργηκε
1309 1964 1365 2016 δὲ
1402 1963 1560 2017 πάλιν
1591 1965 1751 2017 αὑτὸν

179 2045 253 2108 ὡς
271 2048 405 2118 ζωὴ,
427 2049 613 2101 παθεῖν
631 2051 730 2102 οὐκ
748 2053 1112 2124 ἀνασχόμενος
1142 2057 1201 2108 τὸ
1219 2056 1369 2125 παρὰ
1411 2056 1570 2124 φύσιν
1597 2057 1750 2112 ἰδίαν.

183 2134 438 2205 Εῖπωμεν
484 2134 576 2190 οῦν
625 2139 772 2210 αὐτῷ
803 2142 1254 2213 ὲναντιολογοῦντι
1275 2164 1286 2175 ·
1331 2146 1456 2209 Πῶς
1481 2143 1573 2200 οὖν
1603 2150 1631 2203 ὁ
1653 2149 1754 2219 τὴν

181 2229 363 2297 σάρκα
395 2232 690 2301 συγχιιιρῶν
725 2235 858 2305 πρὸς
904 2235 1075 2307 βραχὺ
1109 2239 1184 2310 τῷ
1215 2240 1427 2310 θανάτῳ
1459 2242 1755 2296 καταϐιϐά-

179 2312 385 2379 ζεσθαι,
416 2320 508 2370 καὶ
554 2322 845 2392 καταργῶν
869 2325 958 2378 τὸν
989 2326 1214 2381 θάνατον
1243 2329 1317 2391 ὡς
1347 2329 1479 2400 ζωὴ,
1513 2332 1609 2384 οὐκ
1655 2333 1753 2384 ἀν-

179 2409 433 2477 εχόμενος
481 2409 672 2465 παθεῖν
715 2415 776 2467 τὸ
809 2416 957 2487 παρὰ
1001 2419 1158 2485 φύσιν
1201 2421 1354 2484 ἰδίαν,
1389 2421 1481 2474 νῦν
1520 2423 1660 2475 κατὰ
1695 2425 1752 2477 σὲ

181 2498 378 2568 πάσχει
406 2501 491 2554 διὰ
517 2503 617 2573 τῆς
645 2508 845 2576 σαρκός
871 2527 884 2574 ;
929 2509 1069 2562 Ἀλλ’
1095 2512 1194 2564 οὐκ
1224 2511 1434 2565 ἔπαθεν.
1455 2517 1482 2567 ό
1516 2514 1646 2577 Θεὸς
1685 2518 1749 2585 τῇ

181 2593 347 2655 σαρκὶ
399 2595 762 2662 συνημμένος,
810 2596 981 2668 ἀλλ’ἢ
1037 2601 1172 2669 σὰρξ
1224 2603 1472 2672 ἡνωμένη
1519 2605 1595 2674 τῷ
1635 2605 1754 2676 Θεῷ

179 2675 342 2746 Λόγῳ
373 2680 510 2730 κατὰ
538 2683 635 2752 τὴν
659 2684 824 2738 αὐτοῦ
851 2689 1198 2760 συγχώρησιν
1226 2691 1294 2744 τὰ
1325 2695 1498 2746 οἰκεῖα
1530 2695 1755 2767 ὑπέμει-

178 2780 290 2818 νεν.
321 2766 395 2817 Οὐ
441 2769 549 2839 γὰρ
597 2773 670 2840 μὴ
708 2775 873 2827 αὑτοῦ
912 2781 1342 2850 συγχωροῦντος,
1373 2785 1564 2849 πάθος,
1599 2766 1755 2858 ἠθά-

178 2872 341 2919 νατος
372 2858 674 2926 ἐπεγένετο.
713 2865 774 2917 Εἰ
807 2867 913 2938 γὰρ
938 2868 1114 2939 ψυχῆς
1148 2875 1428 2946 παρούσης
1455 2878 1555 2931 οὐκ
1577 2882 1755 2948 ἐπιγί-

179 2961 333 3000 νεται
365 2949 612 3018 θάνατος,
648 2953 763 3017 πῶς
791 2955 855 3008 ἂν
880 2956 1017 3010 Θεοῦ
1057 2963 1340 3031 παρόντος,
1374 2968 1468 3020 καὶ
1497 2971 1557 3022 ού
1593 2971 1752 3040 μόνον

181 3042 448 3109 παρόντος
479 3042 686 3110 ἁπλῶς,
716 3046 851 3100 ἀλλὰ
892 3048 988 3101 καὶ
1034 3053 1377 3122 συνημμένου
1424 3061 1546 3110 κατ’
1577 3060 1751 3129 ἄκραν

177 3130 305 3182 τινὰ
353 3133 562 3198 ἕνωσιν,
591 3135 684 3188 καὶ
726 3138 873 3209 αὐτῷ
923 3140 1067 3211 μόνῳ
1113 3145 1485 3216 καταληπτὴν,
1523 3150 1750 3220 ἠνώχλει

177 3219 258 3287 τῷ
287 3221 472 3291 οἰκείῳ
504 3224 636 3291 ναῷ,
676 3227 750 3296 μὴ
777 3231 1179 3300 συγχωροῦντος
1203 3235 1388 3298 αὐτοῦ,
1433 3237 1474 3308 ῆι
1498 3219 1684 3305 παθος,
1720 3245 1751 3316 ἢ

182 3310 453 3405 θάνατος-ς
498 3313 657 3367 Ἀλλά
690 3318 798 3388 γάρ
836 3321 932 3392 οὐχ
966 3325 998 3394 ἡ
1031 3324 1230 3397 Θεότης
1260 3329 1325 3398 τῇ
1357 3332 1520 3400 σαρκὶ
1557 3310 1755 3405 συνημλ

185 3403 322 3474 μένη
376 3403 610 3490 ἑπαθενξ
642 3408 816 3480 άλλ’ή
865 3413 998 3484 σὰρξ
1042 3421 1424 3492 συγχωρούσης
1474 3424 1640 3495 αὐτῆς
1686 3403 1754 3482 τὰ

180 3497 360 3590 οἰκεῖα
400 3498 710 3568 ὑπέμεινεν.
758 3502 896 3556 Ἀλλ’
927 3507 1004 3560 ὅτι
1037 3512 1360 3583 κακούργως
1399 3518 1544 3590 αὐτῷ
1577 3525 1753 3576 κεῖται

180 3587 243 3640 τὸ
283 3588 500 3683 ,Ἔπαθε
534 3592 713 3661 σαρκὶ,
739 3597 874 3664 πρὸς
922 3598 1170 3672 πλάνηντ
1217 3605 1326 3658 τῶν
1360 3587 1754 3683 ἀφελεστέρων,

183 3682 454 3780 πρόδηλον
490 3685 739 3780 αὐτόθεν·
778 3689 838 3780 go
891 3691 1000 3763 γάρ
1049 3696 1280 3763 ἐφύλαξε
1328 3702 1388 3754 τὸ
1432 3682 1639 3768 ἀπαθὲς
1688 3712 1753 3780 τῇ

184 3773 308 3846 θείᾳ
361 3777 537 3844 φύσει.
587 3778 643 3830 Ὀ
674 3779 866 3848 εἰπὼν,
915 3786 1124 3840 Ἔπαθε
1174 3794 1358 3863 σαρκὶ,
1400 3793 1548 3847 οὐδὲν
1572 3773 1755 3867 ἕτερον

182 3866 312 3958 ἔφη,
347 3867 379 3938 ἢ
417 3869 555 3937 μετὰ
601 3870 801 3939 σαρκὸς
828 3876 1038 3929 παθεῖν.
1068 3878 1185 3931 Κᾶν
1215 3880 1308 3935 οὖν
1336 3886 1472 3952 μετὰ
1501 3888 1597 3956 τῆς
1629 3866 1756 3958 σαρ-

181 3957 277 4021 ab;
303 3958 494 4021 ἔπαθε,
525 3958 762 4029 παθητὸς
794 3963 1238 4038 ὡμολόγηται.Ἦ
1274 3976 1382 4045 γὰρ
1432 3979 1571 4030 κατὰ
1598 3957 1756 4048 φύσιν

182 4050 326 4120 ἔχων
356 4051 414 4104 τὸ
441 4049 631 4138 παθεῖν
655 4062 700 4118 ⁸,
736 4053 956 4124 ἔπαθεν,
989 4062 1020 4131 ἢ
1052 4062 1200 4132 παρὰ
1227 4064 1405 4130 φύσιν.
1443 4070 1550 4122 Καὶ
1578 4074 1624 4123 εἰ
1658 4073 1755 4143 μὲν

183 4141 329 4194 κατὰ
381 4140 540 4209 φύσιν
587 4141 807 4208 ἔπαθεν,
840 4147 991 4203 ἔσται
1041 4154 1131 4204 καὶ
1177 4154 1204 4205 6
1253 4155 1440 4226 Πατὴρ
1494 4140 1753 4230 παθητὸς,

179 4230 469 4298 ὁμοούσιος
500 4227 573 4281 ὢν
607 4231 682 4301 τῷ
718 4235 828 4306 Υἰῷ
848 4253 863 4268 δ
895 4241 1104 4311 ἀνάγκη
1152 4242 1259 4313 γάρ
1309 4251 1587 4315 προσεῖναι
1619 4227 1754 4305 πάνε

179 4337 289 4383 τως
339 4319 415 4388 τῷ
466 4326 833 4394 γεγεννηκότι,
869 4329 966 4381 ὃσα
1001 4331 1075 4400 τῷ
1105 4332 1413 4401 γεννηθέντι
1443 4340 1750 4408 πρόσεστιν.

181 4413 246 4465 Ἥ
300 4411 671 4482 ὁμολογοῦμεν
705 4416 863 4471 αὑτὸν
915 4422 1012 4489 μὲν
1063 4421 1404 4489 πεπονθέναι,
1437 4429 1755 4499 ἐπιτηδείως

1851 606 2010 660 homo
2037 606 2389 675 intelligitur,
2417 617 2470 662 et
2498 609 2636 662 sicut
2668 621 2766 660 nos
2797 623 2812 671 ;
2840 605 2935 662 sed
2976 606 3112 660 idem
3140 605 3251 674 ipse
3294 619 3411 658 rur-

1849 712 1945 752 sus
1969 697 2110 773 Deus
2139 700 2445 764 desursum,
2478 709 2533 754 et
2569 699 2635 755 de
2667 698 2828 755 coelo.

2131 830 2287 901 195
2316 827 2950 887 ANATH'EMATISMUS
2983 827 3096 882 XII.

1922 936 1975 991 Si
2004 939 2124 1007 quis
2161 955 2263 993 non
2289 940 2582 994 confitetur
2611 939 2702 997 Dei
2739 937 2972 994 Verbum
3010 953 3170 991 carne
3199 951 3413 1006 passum

1851 1041 1903 1085 et
1945 1031 2258 1084 cruciﬁxum
2293 1047 2447 1098 esse,
2475 1041 2809 1101 mortemque
2857 1045 3019 1084 carne
3053 1039 3298 1100 gustasse
3333 1027 3412 1092 ”,

1851 1134 1951 1174 nec
1988 1135 2089 1174 non
2121 1124 2535 1192 primogenitum
2572 1139 2635 1177 ex
2679 1122 2902 1177 mortuis
2937 1122 3133 1176 factum
3169 1136 3289 1177 esse
3317 1120 3363 1152 “
3397 1159 3412 1181 .

1850 1221 2114 1280 quatenus
2157 1214 2407 1269 nimirum
2440 1226 2498 1270 ut
2531 1216 2670 1271 Deus
2704 1215 2809 1269 vita
2856 1225 2912 1270 et
2946 1214 3229 1270 vivificans
3283 1221 3366 1271 est
3399 1230 3414 1266 :

1851 1302 2135 1356 anathema
2169 1302 2258 1356 sit.
2873 1361 2896 1400 ο

2297 1408 2645 1465 Orientalium
2694 1413 2974 1481 oppositio.

1922 1521 2116 1577 lterum
2143 1523 2229 1578 hic
2257 1538 2380 1578 eum
2416 1523 2933 1579 eommonel'acimus
2963 1536 3270 1577 sermonum
3301 1536 3421 1576 suo-

1854 1627 1971 1666 rum
2001 1614 2050 1667 in
2083 1626 2229 1670 tomo
2259 1618 2455 1683 primo,
2501 1617 2735 1683 qualiter
2765 1617 2987 1671 omnino
3036 1612 3419 1684 impassibilem

1853 1708 2088 1762 divinam
2123 1718 2369 1764 naturam
2402 1711 2533 1764 dicit
2573 1711 2655 1765 his
2690 1711 2872 1765 verbis
2908 1729 2921 1765 :
2957 1707 3107 1764 Unus
3131 1708 3293 1778 igitur
3330 1705 3417 1762 Ille

1853 1801 2102 1855 omnibus
2130 1803 2435 1871 pretiosior,
2473 1802 2744 1872 propriam
2788 1817 2886 1871 pro
2916 1801 3072 1856 nobis
3099 1799 3276 1869 posuit
3305 1799 3425 1854 ani-

1857 1905 1996 1944 mam
2027 1892 2117 1957 “;
2171 1903 2224 1947 et
2277 1895 2521 1962 permisit
2576 1892 2939 1961 dispensative
2995 1905 3212 1946 carnem
3269 1905 3422 1945 suam

1856 1981 2003 2036 brevi
2047 1991 2286 2052 tempore
2315 2000 2343 2037 a
2380 1994 2553 2039 morte
2588 1983 2836 2052 deprimi,
2867 1991 2923 2037 et
2958 1997 3144 2036 rursus
3193 1992 3422 2035 mortem

1856 2074 2136 2129 evacuavit
2169 2084 2223 2130 ut
2250 2076 2356 2130 vita
2381 2117 2395 2142 ,
2436 2091 2538 2130 non
2572 2077 2845 2130 sustinens
2873 2077 3018 2144 pati,
3053 2074 3194 2143 quod
3230 2083 3423 2143 praeter

1859 2177 2104 2222 naturam
2151 2183 2302 2223 suam
2353 2177 2454 2225 est.
2509 2169 2760 2223 Dicamus
2824 2168 2987 2239 igitur
3018 2166 3117 2234 ipsi
3152 2163 3425 2220 contraria

1859 2259 2099 2328 loquenti
2128 2278 2140 2313 :
2177 2260 2459 2328 Quomodo
2485 2275 2611 2331 ergo
2635 2263 2724 2330 qui
2753 2261 2996 2330 permisit
3022 2272 3239 2313 carnem
3265 2271 3424 2312 suam

1857 2350 2004 2403 brevi
2065 2360 2304 2420 tempore
2342 2367 2370 2405 a
2412 2364 2585 2407 morte
2630 2351 2893 2422 deprimi,
2946 2359 3002 2405 et
3052 2351 3143 2420 qul
3197 2358 3426 2402 mortem

1855 2450 2101 2502 evacuat,
2135 2451 2318 2509 utpote
2343 2443 2470 2508 vita,
2506 2457 2610 2495 non
2635 2443 2908 2496 sustinens
2931 2443 3038 2509 pati
3067 2443 3206 2508 quod
3234 2451 3429 2507 preter

1859 2539 2104 2584 naturam
2147 2546 2299 2586 suam
2335 2541 2437 2597 est,
2465 2547 2606 2587 nunc
2627 2573 2641 2597 ,
2677 2541 2736 2587 ut
2766 2543 2818 2586 tu
2849 2533 3070 2596 asseris,
3106 2531 3311 2600 patitur
3333 2545 3431 2598 per

1858 2633 2075 2673 carnem
2110 2621 2133 2674 ?
2165 2619 2270 2675 Sed
2309 2636 2411 2675 non
2447 2631 2529 2675 est
2582 2637 2770 2690 passus
2820 2623 2962 2677 Deus
3009 2621 3156 2676 carni
3204 2619 3425 2684 unitus;

1859 2713 1955 2765 sed
1983 2725 2112 2766 caro
2150 2713 2446 2781 conjuncta.
2467 2714 2582 2768 Deo
2614 2712 2788 2768 Verbo
2811 2755 2826 2780 ,
2856 2713 2974 2784 ejus
3000 2714 3265 2782 permissu
3299 2725 3428 2780 pro-

1859 2802 1971 2869 pria
1989 2802 2264 2856 sustinuit.
2286 2801 2398 2856 Non
2421 2803 2568 2857 enim
2602 2802 2681 2855 vel
2717 2803 2898 2871 passio
2919 2842 2934 2867 ,
2964 2800 3046 2854 vel
3089 2812 3235 2852 mors
3265 2798 3430 2851 adve-

1860 2891 2088 2956 nissent,
2109 2892 2208 2945 nisi
2236 2893 2352 2959 ipse
2379 2890 2882 2962 permisisset.Nam
2897 2891 2940 2946 si
2965 2890 3142 2944 anima
3164 2896 3431 2958 praesente

1858 2996 1963 3035 non
1979 2982 2294 3044 venitmors,
2313 2985 2577 3050 quomodo
2599 2982 2702 3036 Deo
2722 2990 2985 3050 praesente
3001 2995 3099 3036 nec
3109 2980 3279 3035 solum
3295 2994 3432 3049 prae-

1858 3081 2008 3128 sente
2033 3073 2369 3141 simpliciter,
2383 3074 2475 3128 sed
2493 3075 2655 3130 etiam
2669 3073 2955 3142 conjuncto
2977 3073 3270 3127 secundum
3285 3083 3432 3122 sum-

1860 3180 1999 3218 mam
2037 3167 2323 3233 quamdam
2355 3174 2406 3220 et
2446 3167 2543 3234 ipsi
2570 3165 2667 3221 soli
2701 3164 3244 3235 comprehensibilem
3278 3162 3432 3216 unio-

1864 3269 2008 3318 nem,
2045 3257 2290 3311 turbaret
2326 3259 2441 3326 ejus
2474 3257 2751 3324 templum,
2779 3257 2895 3324 ipso
2925 3270 3030 3309 non
3061 3253 3430 3322 permittente,

1861 3344 1943 3398 vel
2001 3344 2216 3414 passio,
2266 3347 2347 3400 vel
2406 3362 2550 3400 mors
2578 3346 2610 3399 ’ἲ
2675 3345 2836 3414 Atqui
2893 3359 2998 3398 non
3051 3343 3221 3397 deitas
3281 3341 3429 3395 carni

1863 3435 2009 3488 unita
2048 3451 2202 3504 passa
2250 3436 2384 3502 fuit;
2418 3440 2507 3490 sed
2552 3451 2682 3492 caro
2705 3477 2719 3500 ,
2754 3437 2872 3505 ipso
2900 3433 3267 3504 permittente,
3305 3446 3431 3500 pro-

1861 3526 1975 3597 pria
2015 3528 2290 3582 sustinuit.
2333 3528 2594 3582 Cteterttm
2648 3529 2790 3596 quod
2853 3525 3084 3596 maligne
3135 3523 3202 3578 ab
3245 3537 3311 3578 eo
3331 3521 3431 3574 ad-

1860 3619 2028 3673 ditum
2072 3621 2144 3675 sit
2187 3620 2309 3685 hoc,
2348 3620 2565 3675 Passum
2603 3630 2685 3675 est
2717 3620 2918 3683 carne,
2955 3616 3021 3669 ad
3062 3614 3434 3670 seductionem

1862 3711 2280 3778 simpliciorum,
2319 3712 2549 3766 indidem
2585 3707 3054 3764 eritntanifcstttm
3091 3725 3104 3761 :
3143 3719 3245 3758 non
3287 3700 3430 3756 enim

1863 3800 2094 3856 servavit
2137 3800 2520 3868 impassibilem
2548 3799 2786 3852 divinam
2813 3808 3081 3851 naturam.
3122 3793 3224 3861 Qui
3254 3791 3423 3854 dixit,

1863 3894 2086 3948 Passum
2133 3901 2215 3946 est
2260 3907 2456 3957 carne,
2504 3891 2634 3945 nihil
2689 3889 2831 3943 aliud
2886 3887 3057 3952 dixit,
3105 3899 3266 3954 quam
3310 3895 3432 3935 cum

1863 3998 2024 4037 carne
2056 3981 2224 4036 fuisse
2270 3998 2505 4051 passum.
2563 3980 2818 4046 Quamvis
2850 3993 2979 4048 ergo
3017 3993 3138 4032 cum
3177 3988 3343 4029 carne
3365 3971 3434 4026 sit

1862 4088 2078 4142 passus,
2111 4072 2458 4126 nihilominus
2488 4072 2758 4139 passibilis
2814 4069 3097 4124 asset-itur.
3140 4068 3248 4119 Aut
3286 4063 3432 4118 enim

1861 4165 2156 4218 secundum
2195 4173 2442 4217 naturam
2476 4163 2678 4218 habens
2709 4172 2765 4216 ιιι
2795 4169 3091 4231 pateretur,
3115 4168 3197 4212 est
3220 4169 3432 4224 passus,

1861 4265 1953 4307 aut
1977 4263 2169 4324 pra'tcr
2195 4265 2464 4309 naturam.
2507 4255 2584 4308 Ac
2615 4255 2660 4307 si
2685 4253 2979 4307 secundum
3026 4259 3276 4304 naturam
3305 4260 3432 4314 pas-

1861 4362 1951 4399 sus
2001 4359 2114 4403 est.
2159 4346 2262 4400 erit
2306 4356 2361 4400 et
2398 4345 2559 4400 Pater
2599 4343 2906 4414 passibilis,
2953 4337 3434 4396 consubstantialis

1861 4439 2126 4495 exsistcns
2177 4437 2331 4491 Filio.
2381 4437 2613 4491 Necesse
2677 4444 2760 4490 cst
2799 4434 2942 4488 enint
3010 4433 3191 4486 ontnia
3241 4430 3434 4483 adesse

179 4506 379 4575 ἔχοντα
409 4504 542 4573 πρὸς
576 4507 636 4558 τὸ
672 4509 860 4574 πάθος,
884 4512 971 4565 τὸν
1000 4514 1054 4566 δὲ
1080 4514 1295 4586 Πατέρα
1319 4517 1508 4570 παθεῖν
1536 4521 1610 4592 μὴ
1632 4523 1753 4575 ἐπι-

1859 4529 2086 4599 genitori
2127 4543 2245 4597 quae
2291 4525 2458 4580 soboli
2490 4526 2703 4578 adsunt.
2747 4525 2852 4577 Ant
2883 4520 3264 4576 conﬁtebimur
3307 4531 3432 4569 eum

177 4595 453 4667 δέχεσθαι.
473 4597 608 4648 Ἀλλ’
623 4597 764 4650 οὕτω
780 4600 1024 4670 λέγοντες
1047 4606 1425 4676 συναινέσομεν
1447 4611 1756 4679 αἱρετικοῖς,

179 4687 404 4754 λέγουσι
443 4686 542 4756 τὴν
581 4687 808 4761 θεότητα
841 4695 932 4747 τοῦ
972 4696 1290 4764 μονογενοῦς
1322 4699 1447 4753 Υἰοῦ
1487 4704 1756 4776 παθητὴν,

178 4781 278 4846 τὴν
323 4777 378 4828 δὲ
413 4777 505 4829 τοῦ
539 4780 750 4851 Πατρός
781 4786 855 4856 μὴ
883 4789 1218 4857 ἐπιδέχεσθαι
1265 4791 1465 4854 πάθοςο
1503 4794 1623 4846 ὅθεν
1667 4799 1761 4850 καὶ

178 4873 239 4922 τὸ
287 4869 626 4936 ἑτεροούσιον
657 4873 924 4941 λέγουσιν.
961 4880 1021 4930 Εἰ
1051 4881 1104 4930 δὲ
1136 4880 1364 4948 φήσουσι
1415 4885 1564 4952 παρὰ
1598 4886 1756 4952 φύσιν

179 4960 347 5013 αὑτὸν
376 4962 720 5030 πεπονθέναι,
752 4968 984 5038 ἐροῦμεν
1003 4986 1015 4999 ·
1048 4971 1153 5021 Καὶ
1176 4973 1325 5023 ποῖον
1353 4973 1519 5036 πάθος
1548 4977 1663 5045 ίσχυ
1675 4979 1757 5047 ρό-

179 5069 340 5120 τερον
368 5051 470 5120 τῆς
500 5053 649 5119 θείας
674 5059 904 5126 φύσεως,
933 5060 1070 5112 ὥστε
1099 5061 1177 5125 εἰς
1206 5063 1264 5114 τὸ
1299 5065 1446 5135 παρὰ
1474 5067 1629 5133 φύσιν
1657 5068 1759 5121 πά·

181 5142 272 5204 θος
305 5143 531 5197 ἑλκύσαι
564 5149 654 5201 τὸν
697 5152 835 5204 κατὰ
881 5150 1040 5219 φύσιν
1087 5153 1305 5224 uitelli};
1349 5157 1508 5209 ’Λλλά
1555 5177 1716 5229 φησιν
1742 5176 1756 5190 ’

180 5233 358 5287 Αὑτοῦ
409 5234 685 5308 βούλησις.
747 5243 907 5295 Ἀλλά
937 5261 1145 5312 φαμεν·
1191 5245 1253 5297 'll
1291 5246 1451 5299 αὐτοῦ
1506 5250 1758 5321 βούλησις

181 5324 424 5395 ἀπαθής.
466 5330 835 5402 Ζητοῦμεν-δὲ
869 5336 1039 5399 πάθος
1070 5337 1128 5390 τὸ
1157 5338 1254 5408 τὴν
1283 5341 1464 5410 ἅπαθῆ
1495 5342 1653 5410 φύσιν
1679 5346 1757 5404 εἰς

257 5482 299 5510 δ’
340 5479 500 5534 llcbr.
532 5501 592 5547 ll,
619 5484 672 5539 9.
753 5490 798 5520 ⁵⁰
840 5491 1045 5546 Coloss.
1084 5510 1118 5557 t,
1160 5495 1237 5548 l8.

1316 5497 1355 5525 ⁵¹
1386 5497 1539 5551 Joatt.
1578 5513 1651 5556 ιιι,
1700 5494 1779 5547 16.

1861 4621 2075 4688 quidem
2123 4635 2336 4688 passum
2374 4633 2529 4682 esse,
2563 4627 2747 4683 utpote
2789 4626 2975 4683 aptum
3013 4612 3078 4665 ad
3101 4610 3433 4680 passionem,

1867 4710 2025 4781 196
2043 4709 2258 4762 Patrem
2284 4723 2413 4761 vero
2435 4725 2538 4761 non
2564 4705 2847 4760 admittere
2870 4702 3196 4770 passionem.
3231 4695 3431 4750 Verum

1860 4803 1939 4855 sic
2012 4803 2251 4855 dicentes
2298 4799 2702 4852 consenticmus
2767 4793 3038 4848 haereticis
3106 4786 3430 4849 dicentibus,

1861 4895 2113 4948 deitatem
2167 4891 2427 4958 unigeniti
2489 4888 2607 4944 Filii
2659 4887 3009 4955 passibilem,
3076 4881 3252 4934 Patris
3300 4893 3430 4932 vero

1863 4985 2116 5038 deitatem
2144 5000 2245 5036 non
2274 4983 2559 5034 admittere
2585 4977 2886 5044 passionem
2919 4993 2932 5028 ι
2957 4975 3094 5026 unde
3129 4971 3273 5022 illam
3297 4970 3431 5023 alte-

1866 5075 1974 5127 rius
2037 5073 2347 5128 substantizu
2396 5084 2517 5122 esse
2567 5067 2777 5123 dicunt.
2839 5067 2895 5121 Si
2945 5073 3120 5118 autem
3171 5061 3426 5123 dixerint,

1861 5173 2054 5232 praeter
2101 5171 2343 5213 naturam
2398 5159 2569 5227 ipsum
2615 5173 2828 5227 passum
2873 5168 2990 5206 esse
3013 5195 3024 5217 ,
3051 5153 3291 5204 dicemus
3323 5171 3334 5206 :
3364 5150 3427 5204 Et

1862 5269 1977 5321 quae
2011 5252 2186 5319 passio
2223 5250 2412 5305 fortior
2443 5261 2524 5305 est
2557 5251 2729 5304 divina
2763 5257 2951 5299 natura
2980 5284 2994 5308 ,
3031 5244 3100 5298 ita
3134 5254 3192 5297 ut
3235 5255 3424 5297 natura

1864 5340 2250 5409 iinpassibilem
2276 5343 2506 5411 passioni
2528 5349 2720 5411 praeter
2736 5347 2983 5391 naturam
3004 5333 3289 5406 subjiciat?
3320 5333 3423 5388 Sed

1250 5647 1417 5701 νηιὰ-
1448 5647 1700 5703 lectiones
1726 5662 1790 5701 ex
1821 5645 2006 5704 codice
2029 5649 2400 5720 Segtticriano.

263 5784 286 5814 τ
319 5774 602 5842 πλάνησιν.
684 5784 703 5811 ³
740 5775 921 5840 πάθος.
