4062 6340
625 386 729 444 3Ἱ9

1624 392 1681 445 S.
1726 390 2003 447 CYRILLI
2044 392 2517 450 ALEXANDRINI
2560 395 2882 452 ARCHIEP.

3768 401 3866 458 380

624 505 756 558 dicit
794 523 806 557 :
846 503 973 573 Ejus
1015 503 1280 559 voluntas.
1344 508 1412 560 At
1458 522 1557 562 nos
1608 509 1838 564 dicimus
1881 529 1892 562 :
1935 510 2195 567 Voluntas

2303 512 2394 582 τὴν
2428 512 2593 566 αὑτοῦ
2624 515 2931 583 ὲμπάθειαν
2964 512 3539 584 μετενέγκαν.”Αλλως
3592 532 3648 567 τε
3697 516 3806 569 καί
3835 517 3865 585 ἡ

625 593 742 661 ejus
775 595 1121 663 impassibilis
1171 607 1251 651 est
1279 616 1293 661 ;
1324 612 1421 652 nos
1451 607 1629 653 autem
1662 602 1951 670 querimus
1985 606 2188 671 passio-

625 699 769 748 nem,
790 699 908 753 qua:
928 686 1311 755 impassibilem
1337 696 1579 743 naturam
1615 691 1664 743 in
1689 707 1842 745 suam
1869 692 2192 760 passibilita-

624 788 726 829 tem
758 778 1112 832 transtulerit.
1141 779 1352 849 Alioqui
1382 792 1437 835 et
1465 781 1645 835 divina
1674 783 1920 838 voluntas
1948 783 2034 839 illa
2082 784 2194 838 vult

620 883 740 934 quas
774 882 831 921 se
860 868 1072 924 decent.
1126 868 1191 923 Et
1234 872 1382 939 quid,
1431 871 1631 940 inquit,
1677 862 1988 938 decentius,
2031 889 2190 944 quam

620 957 830 1010 salvare
877 959 1150 1012 hominum
1220 962 1448 1028 genus?
1491 963 1555 1016 Ει
1612 978 1718 1030 quo
1774 972 1929 1031 pacto
1980 964 2189 1018 salvum

618 1057 761 1099 esset
781 1046 1073 1101 humanum
1100 1062 1269 1118 genus
1289 1051 1352 1103 ad
1379 1051 1865 1118 impassibilitatem
1898 1054 2188 1119 transiens,

619 1138 664 1191 si
704 1138 940 1191 divinam
983 1148 1039 1193 et
1075 1140 1455 1210 impassibilem
1512 1149 1754 1198 naturam
1794 1146 1844 1197 in
1886 1147 2190 1215 passionem

619 1229 940 1297 pertrahit?
992 1229 1223 1285 Omnino
1276 1232 1419 1285 enim
1460 1243 1517 1286 ut
1563 1232 1752 1287 fortior
1806 1235 2078 1287 transtulit
2124 1234 2189 1287 ad

620 1333 770 1372 suam
791 1318 1200 1387 passibilitatem
1242 1322 1291 1375 id
1313 1322 1456 1390 quod
1478 1333 1592 1377 erat
1609 1322 1960 1393 impassibile.
1984 1323 2049 1377 Et
2068 1340 2194 1393 quae

619 1406 821 1461 utilitas
860 1408 1096 1474 passibili
1122 1447 1137 1471 ,
1179 1410 1222 1462 si
1262 1420 1315 1463 et
1352 1411 1679 1479 impassibile
1729 1412 1984 1480 passibile
2041 1414 2131 1467 ﬂat
2172 1415 2194 1467 ?

619 1496 775 1551 Salus
800 1508 976 1552 autem
1021 1499 1291 1568 passibilis
1322 1511 1527 1557 naturae
1554 1519 1658 1557 non
1692 1514 1774 1557 est
1806 1504 1918 1572 ipsa
1960 1505 2192 1560 societas

618 1587 962 1656 impassihilis
1006 1589 1059 1643 in
1108 1593 1355 1657 passione
1393 1611 1408 1659 ;
1442 1593 1543 1648 hoc
1588 1608 1819 1663 namque
1864 1596 2031 1666 magis
2088 1598 2193 1652 erit

617 1693 993 1752 argumentum
1052 1686 1210 1750 mali,
1259 1702 1362 1741 non
1401 1688 1598 1743 ablatio
1636 1707 1648 1742 :
1693 1689 1920 1744 alterum
1974 1692 2118 1747 enim
2160 1709 2190 1747 a

616 1774 778 1829 simili
802 1792 905 1829 non
951 1777 1196 1831 aufertur
1218 1819 1233 1841 ,
1268 1779 1361 1832 sed
1392 1788 1638 1848 augetur.
1694 1781 1823 1847 Quae
1861 1783 2021 1852 igitur
2045 1786 2191 1841 salus

2298 602 2418 655 θεία
2468 603 2723 672 βούλησις
2752 607 2931 657 ἐκεῖνα
2963 605 3127 667 θέλει,
3157 605 3225 658 τὰ
3263 606 3402 677 αύτῇ
3434 604 3734 675 πρέποντα.
3766 606 3868 657 Καὶ

2295 695 2368 758 τί,
2400 698 2551 763 φησὶ,
2587 696 3033 766 πρεπωδέστερον
3079 694 3169 748 τοῦ
3224 696 3397 748 σῶσαι
3430 694 3492 748 τὸ
3520 694 3627 748 τῶν
3668 693 3868 765 ἀνθρὼσ

2296 806 2411 841 πων
2440 788 2625 856 γένος;
2656 788 2765 841 Καὶ
2794 787 2909 850 πῶς
2936 786 3136 857 ἧμελλε
3163 787 3224 838 τὸ
3247 786 3356 839 τῶν
3389 785 3693 855 ἀνθρώπων
3721 786 3868 853 γένος

2297 874 2718 945 περισώζεσθαι,
2756 877 2882 929 αὐτὸ
2926 878 3003 938 εἰς
3040 874 3310 928 ἀπάθειαν
3343 874 3687 943 μεταϐαῖνον,
3715 876 3747 941 ἡ
3776 874 3870 944 τὴν

2296 966 2509 1033 θείανί,
2562 968 2655 1019 καὶ
2703 966 2887 1037 ἀπαθῆ
2941 966 3101 1037 φύσιν
3152 968 3232 1030 είς
3284 966 3456 1029 πάθος
3498 965 3868 1028 κατασπῶσας

2294 1058 2518 1121 Πάντως
2563 1058 2668 1129 γὰρ
2717 1057 2791 1119 ὡς
2845 1056 3168 1128 ίσχυροτέρα
3195 1058 3273 1119 είς
3302 1056 3363 1109 τὸ
3398 1056 3598 1124 ἑαυτῆς
3634 1052 3871 1124 ἐμπαθὲς

2299 1148 2597 1217 μετέστησε
2624 1147 2685 1200 τὸ
2713 1146 2941 1208 ἀπαθές.
2973 1147 3081 1199 Καὶ
3110 1145 3191 1209 τίς
3227 1146 3411 1215 ὄνησις
3442 1144 3520 1215 τῷ
3549 1142 3799 1214 παθητῷ,
3825 1144 3870 1195 εἰ

2296 1241 2388 1293 καὶ
2422 1240 2481 1293 τὸ
2506 1240 2714 1304 ἀπαθὲς
2751 1241 2991 1311 παθητὸν
3022 1238 3266 1307 γένοιτο;
3297 1237 3547 1307 Σωτηρία
3568 1235 3625 1289 δὲ
3650 1234 3745 1287 τοῦ
3772 1252 3871 1288 πα-

2295 1331 2457 1401 θητοῦ
2489 1332 2587 1402 οὐχ
2617 1333 2650 1402 ἡ
2689 1331 2784 1385 τοῦ
2823 1330 3065 1394 ἀπαθοῦς
3097 1330 3232 1403 πρὸς
3263 1329 3394 1382 αὐτὸ
3427 1326 3516 1381 διὰ
3541 1326 3635 1382 τοῦ
3672 1325 3871 1387 πάθους

2296 1424 2548 1477 κοινωνία
2569 1440 2581 1451 ·
2612 1423 2769 1477 τοῦτο
2803 1424 2911 1495 γάρ
2942 1424 3141 1493 μᾶλλον
3172 1421 3398 1492 αὔξησις
3429 1420 3522 1473 τοῦ
3554 1418 3748 1481 κακοῦ,
3778 1419 3872 1471 οῦκ

2293 1518 2606 1588 ἀναίρεσιςο
2639 1517 2716 1588 τῷ
2751 1518 2860 1588 γὰρ
2905 1518 3076 1588 ὁμοίῳ
3119 1517 3180 1568 τὸ
3215 1515 3402 1585 ἕτερον
3431 1514 3529 1567 οὐκ
3573 1514 3872 1582 ἀναιρεῖται

2294 1609 2429 1662 ἀλλά
2455 1609 2766 1673 αὐξάνεται.
2804 1610 2900 1673 Τίς
2936 1604 3029 1662 οῦν
3077 1611 3107 1678 ἡ
3161 1607 3403 1679 σωτηρία
3449 1604 3540 1658 τοῦ
3585 1601 3871 1671 παθητοῦ;

2307 1699 2393 1761 Ὧς
2423 1699 2655 1767 ἔφημεν,
2690 1699 2787 1767 οὐχ
2816 1699 2849 1768 ή
2878 1697 2971 1749 τοῦ
2999 1694 3243 1759 ἀπαθοῦς
3272 1695 3409 1765 πρὸς
3440 1692 3571 1745 αὐτὸ
3604 1689 3859 1743 κοινωνία

2295 1791 2412 1844 ἀλλ’
2439 1793 2470 1861 ἠ
2506 1790 2670 1844 αὑτοῦ
2702 1790 2838 1859 πρὸς
2867 1789 2927 1841 τὸ
2953 1788 3161 1852 ἀπαθὲς
3192 1788 3551 1858 μετάστασις·
3590 1783 3617 1836 ὃ
3657 1783 3752 1835 καὶ
3781 1797 3876 1833 πε-

618 1865 886 1934 passibilis
909 1877 991 1922 est
1021 1875 1227 1922 naturas
1255 1870 1277 1922 ?
1326 1868 1393 1925 Ut
1420 1870 1673 1936 diximus,
1707 1888 1808 1925 non
1844 1874 2191 1943 impassibilis

2303 1884 2522 1952 ποίηκεν
2566 1885 2594 1937 ὁ
2636 1882 2912 1953 Δεσπότης
2958 1881 3212 1953 Χριστὸς,
3242 1881 3341 1932 οὐκ
3387 1876 3546 1940 αὐτὸς
3596 1875 3737 1929 κατά
3779 1872 3876 1943 τὴν

616 1972 801 2013 secum
846 1959 896 2013 in
938 1961 1186 2027 passione
1220 1962 1483 2027 societas,
1519 1965 1611 2017 sed
1644 1966 1925 2019 translatio
1973 1966 2089 2034 ejus
2121 1970 2187 2022 ad

618 2050 709 2114 id,
743 2053 883 2118 quod
933 2061 1016 2107 est
1066 2054 1395 2123 impassibile
1427 2071 1440 2107 :
1476 2057 1616 2124 quod
1670 2066 1724 2111 et
1767 2057 1894 2111 fecit
1931 2058 2189 2114 Dominus

616 2139 885 2204 Christus,
915 2143 1038 2196 dum
1065 2140 1180 2197 non
1211 2144 1322 2214 ipse
1352 2146 1648 2200 secundum
1682 2148 2013 2203 divinitatem
2042 2149 2192 2219 deje-

615 2243 733 2286 ctus
767 2241 849 2288 est
878 2235 944 2288 ad
970 2234 1406 2302 passionem,sed
1440 2251 1654 2291 omnem
1685 2238 2073 2294 humanitatem
2098 2256 2192 2310 per

615 2339 769 2379 suam
821 2335 1060 2379 sanctam
1094 2341 1314 2379 carnem
1350 2329 1402 2380 in
1442 2328 1675 2383 sublime
1709 2330 1923 2393 evexit,
1959 2340 2011 2383 et
2044 2330 2191 2385 humi

610 2415 878 2483 iacentem
906 2416 960 2468 in
990 2416 1157 2469 cmlos
1197 2418 1397 2481 traxit,
1426 2428 1479 2470 et
1511 2418 1714 2487 pridem
1752 2420 1898 2473 omni
1939 2420 2191 2478 libertate

616 2506 928 2559 desdtutam
974 2506 1262 2574 adoptione
1309 2506 1541 2561 ﬂliorum
1594 2508 1845 2577 dignatus
1898 2520 2001 2565 est.
2061 2512 2190 2579 Quis

616 2606 793 2651 autem
815 2596 1028 2650 debitor
1052 2605 1171 2650 erat
1197 2597 1385 2650 mortis
1406 2636 1419 2661 ,
1454 2611 1573 2667 qua":
1598 2609 1764 2652 estex
1794 2598 2191 2655 inobedientia?

2296 1976 2527 2043 θεότητα
2554 1977 2633 2037 είς
2666 1974 2835 2037 πάθος
2871 1972 3316 2035 καταϐιϐασθεὶς,
3356 1969 3491 2023 ἀλλά
3521 1969 3613 2022 καὶ
3643 1966 3744 2037 τὴν
3778 1966 3873 2018 ἀνι

2297 2068 2624 2140 θρωπότητα
2672 2070 2850 2121 πᾶσαν
2883 2067 2973 2121 διὰ
3022 2066 3121 2135 τῆς
3168 2065 3327 2133 ἁγίας
3372 2064 3571 2132 σαρκὸς
3614 2060 3694 2122 είς
3745 2057 3878 2126 ὕψος

2298 2159 2541 2229 ἐγείρας,
2575 2158 2670 2211 καὶ
2706 2158 2817 2229 τὴν
2835 2156 3011 2227 χαμαὶ
3038 2153 3300 2224 κειμένην
3323 2154 3401 2216 είς
3432 2148 3696 2220 οὐρανοὺς
3726 2147 3879 2199 ἀνελ-

2294 2249 2507 2312 κύσας,
2562 2248 2657 2301 καὶ
2707 2249 2805 2319 τὴν
2856 2246 3302 2319 ἀπαρρησίαστον
3355 2240 3545 2313 πρώην
3609 2236 3882 2298 υἱοθεσίας

2294 2338 2554 2405 ἀξιώσας.
2591 2339 2684 2403 Τίς
2715 2340 2771 2393 δὲ
2806 2339 3099 2411 ὲχρεώστει
3129 2338 3349 2400 πάντως
3381 2335 3471 2388 τὸν
3511 2335 3574 2387 ἑκ
3603 2331 3705 2399 τῆς
3743 2346 3881 2398 παρ-

2294 2429 2462 2498 ακοῆς
2489 2428 2719 2483 θάνατον
2747 2446 2759 2495 ;
2806 2429 2869 2481 'H
2896 2428 3059 2497 φύσις
3096 2420 3713 2495 πάπωςήάνθρωπεία,
3734 2419 3831 2488 οὐχ
3849 2420 3881 2485 ἡ

2294 2517 2437 2572 θεία.
2470 2519 2603 2571 Τίνα
2648 2515 2741 2571 οὖν
2774 2518 3066 2571 ἀκόλουθον
3101 2513 3167 2586 ἦν
3206 2514 3495 2569 ἀποδοῦναι
3544 2512 3634 2564 τὸν
3672 2511 3737 2562 ὲκ
3783 2509 3883 2575 τῆς

2293 2612 2580 2682 παρακοῆς
2607 2612 2837 2664 θάνατον
2855 2627 2868 2674 ;

615 2691 850 2748 Omnino
882 2694 1113 2749 humana
1150 2704 1339 2748 natura
1364 2732 1378 2759 ,
1403 2708 1509 2752 non
1542 2694 1744 2750 divina.
1808 2694 1980 2762 Quam
2028 2697 2190 2767 igitur
2229 2714 2651 2760 consentaneum
2720 2713 2836 2759 erat
2868 2702 3175 2774 persolvere
3238 2708 3462 2754 mortem
3487 2713 3549 2752 ex
3579 2693 3888 2751 iuobedien-

620 2786 692 2839 tia
735 2786 1081 2840 exsistentem
1111 2786 1135 2841 ’ί

1175 2895 1360 2969 Cyrilli
1393 2898 1647 2966 defensio.

692 3017 1019 3071 Admiranda
1082 3016 1324 3085 profecto
1383 3016 1625 3070 veritatis
1688 3015 1924 3085 potentia
1970 3025 2097 3070 est:
2146 3018 2197 3070 id

2756 2904 3069 2974 Ἀπολογία
3107 2906 3159 2956 Κ
3162 2902 3433 2968 υρίλλου.

2386 3016 2735 3083 Ἀξιάγαστος
2761 3014 2834 3078 ὼς
2863 3013 3079 3080 ἀληθῶς
3120 3012 3216 3082 τῆς
3264 3009 3522 3082 ἀληθείας
3549 3010 3582 3079 ἡ
3616 3008 3845 3078 δύναμις
3870 3026 3882 3039 ν

628 3108 772 3177 quod
806 3107 1137 3176 experientia
1173 3116 1423 3161 testatur.
1478 3105 1593 3161 Non
1646 3107 1788 3161 enim
1842 3108 1971 3160 mihi
2030 3109 2197 3165 multo

2306 3112 2398 3163 καὶ
2432 3112 2640 3179 μάρτυς
2671 3112 2910 3180 ὴπεῖρα.
2948 3108 3022 3160 Ού
3051 3107 3159 3177 γάρ
3205 3122 3294 3175 μοι
3329 3102 3539 3174 μακροῦ
3584 3101 3771 3170 δεήσει
3802 3100 3887 3153 λό-

623 3215 873 3255 scrmone
904 3201 969 3255 ad
995 3200 1363 3255 defensionem
1401 3214 1534 3268 opus
1563 3211 1666 3263 est,
1686 3200 1752 3254 ad
1767 3202 2197 3269 persuadendum

624 3292 833 3348 scilicet
890 3292 1196 3360 oppositum
1255 3294 1512 3361 deceptis,
1560 3300 1618 3344 ut
1694 3292 2004 3361 Opinantur,
2061 3294 2200 3361 quod

628 3384 942 3453 passibilem
965 3398 1086 3438 esse
1144 3384 1390 3438 dicamus
1455 3385 1695 3438 divinam
1744 3385 1900 3439 Verbi
1933 3393 2199 3448 naturam,

627 3493 749 3531 Cum
783 3476 946 3530 semel
970 3476 1264 3530 adversarii
1299 3476 1437 3531 ultro
1465 3475 1698 3531 confessi
1722 3477 1851 3541 sint,
1888 3478 2047 3546 idque
2070 3477 2203 3531 satis

629 3567 933 3637 perspicue,
965 3581 1068 3621 non
1107 3565 1173 3619 ab
1209 3566 1312 3620 illis
1340 3567 1659 3621 criminibus
1690 3581 1810 3621 esse
1841 3567 2069 3621 alienos.
2095 3568 2201 3623 Sed

630 3659 757 3727 quia
818 3667 1110 3727 sumptum,
1149 3658 1288 3727 quod
1320 3658 1688 3728 suppositione
1721 3658 1879 3728 197
1925 3674 2027 3713 non
2061 3661 2206 3714 indi-

632 3759 775 3817 geat,
801 3750 866 3802 ad
923 3764 1080 3803 suum
1138 3750 1349 3804 libitum
1402 3750 1706 3806 inconsulte
1769 3762 2094 3820 proponunt,
2155 3761 2207 3806 et

633 3842 852 3896 acribus
885 3842 1269 3910 cogitationum
1293 3842 1525 3895 inventis
1555 3852 1821 3897 conantur
1849 3844 1951 3895 vim
1975 3859 2085 3897 suae
2111 3859 2202 3897 sa-

631 3932 881 4001 gacitatis
907 3934 1208 3995 ostendere,
1277 3948 1340 3986 ac
1364 3935 1710 3987 vehementer
1769 3933 2057 3986 admodum
2113 3935 2207 3986 ad-

632 4031 943 4088 struunt,ut
965 4024 1337 4077 demonstrent
1369 4024 1701 4092 impossibile
1727 4024 2024 4078 secumlum
2056 4040 2205 4079 suam

634 4120 884 4166 naturam
912 4128 1033 4167 esse
1060 4113 1153 4167 Dei
1179 4113 1447 4179 Verbum;
1480 4115 1704 4167 audiant
1770 4130 1798 4166 a
1838 4115 2016 4181 nobis,
2065 4118 2207 4184 quod

632 4202 833 4257 frustra
870 4214 1129 4274 pugnant,
1186 4218 1475 4274 acremque
1520 4207 1826 4271 verberant,
1881 4194 2097 4260 nem-ine
2156 4210 2207 4261 in

635 4296 733 4348 hoc
764 4296 842 4348 eis
873 4310 929 4348 se
958 4306 1285 4363 opponente,
1334 4297 1416 4348 vel
1472 4297 1681 4350 diversa
1736 4296 2019 4350 sentiente.
2074 4298 2210 4362 Quid

633 4385 793 4454 igitur
829 4386 1029 4440 frustra
1070 4387 1359 4453 insudant,
1396 4396 1448 4439 et
1508 4386 1777 4441 incassum
1839 4389 2211 4444 contendunt?

632 4477 763 4544 Quis
794 4478 928 4531 adeo
982 4478 1250 4546 stupidus,
1307 4488 1365 4531 ut
1418 4479 1906 4532 eminentissimam
1962 4481 2202 4534 omnium

632 4568 993 4624 substantiam
1026 4570 1338 4638 passibilem
1367 4586 1488 4624 esse
1523 4570 1759 4636 definiat,
1811 4581 1864 4625 et
1890 4587 2029 4635 eam,
2086 4588 2204 4641 qua:

633 4671 717 4715 est
750 4661 886 4714 ultra
920 4677 1082 4716 omne
1117 4662 1381 4730 genitum,
1410 4670 1463 4714 et
1496 4663 1834 4731 incorporea,
1868 4671 1921 4716 et
1976 4664 2204 4716 inlirmi-

636 4762 797 4805 tatem
832 4752 1139 4821 passionum
1192 4754 1479 4807 detrudere
1501 4754 1737 4807 audeat?
1806 4752 2024 4817 Verum,
2077 4757 2201 4823 quia

635 4843 959 4895 sacramenti
992 4845 1127 4897 ratio
1150 4846 1415 4913 agnoscit,
1452 4846 1644 4898 Filium
1677 4862 1739 4899 ex
1767 4846 1875 4900 Deo
1929 4846 2087 4901 Patre
2122 4863 2205 4901 se-

634 4931 864 4985 cundum
902 4942 1145 4986 naturam
1180 4936 1534 5002 unigenitum,
1570 4939 1844 4991 hominem
1878 4954 1940 4991 es
1978 4941 2203 4993 muliere

636 5024 834 5077 factum
871 5023 1258 5093 dispensative,
1295 5026 1569 5095 ipsiusque
1590 5030 1866 5095 proprium
1899 5045 2021 5084 esse
2053 5030 2195 5083 amr-

638 5131 793 5169 mans
822 5126 1065 5169 sanctum
1104 5118 1231 5171 illud
1263 5132 1461 5186 corpus
1487 5133 1547 5171 ex
1584 5120 1737 5172 beata
1774 5120 1992 5190 Virgine
2058 5136 2204 5175 smu-

638 5216 809 5275 ptum,
833 5223 950 5261 eam
976 5208 1044 5263 ob
1074 5224 1292 5263 causam
1315 5209 1436 5277 jure
1466 5210 1669 5278 optimo
1721 5214 1900 5264 carnis
1930 5214 2208 5279 passiones

638 5299 755 5367 ejus
782 5313 901 5353 esse
935 5301 1161 5354 dicimus
1189 5302 1483 5355 secundum
1538 5301 1957 5370 dispensativant
2013 5318 2205 5369 appro-

640 5391 981 5458 priationem,
1020 5402 1229 5447 servata
1267 5393 1463 5462 ubique
1492 5403 1679 5446 natura
1717 5393 1834 5463 ejus
1862 5393 2203 5462 impassibili:

2302 3221 2396 3271 γου
2426 3202 2559 3273 πρὸς
2583 3201 2903 3269 ἀπολογίαν·
2935 3200 3101 3269 ἧγουν
3132 3195 3447 3249 ἀναπείθειν
3481 3194 3730 3246 οίόνται¹²ι
3762 3193 3887 3253 τοὺς

2302 3294 2706 3363 ἠπατημένους,
2760 3292 3040 3361 οἰομένους
3086 3289 3168 3342 ὃτι
3216 3286 3466 3357 παθητὴν
3517 3279 3656 3337 εἷναί
3706 3300 3889 3353 φαμεν

2302 3385 2399 3455 τὴν
2442 3384 2590 3438 θείαν
2634 3384 2727 3437 τοῦ
2768 3384 2941 3450 Λόγου
2988 3381 3169 3450 φύσιν,
3200 3379 3347 3441 ἅπαξ
3390 3376 3498 3430 τῶν
3542 3376 3608 3428 δι’
3635 3374 3891 3436 ἐναντίας

2304 3476 2752 3545 καταϐεϐηκότων
2769 3485 2814 3539 ν,
2850 3473 3075 3527 αὐτόθεν
3101 3469 3588 3540 διωμολογηκῶτων
3622 3468 3716 3519 καὶ
3739 3465 3889 3535 μάλα

2306 3569 2513 3639 σαφῶς,
2544 3568 2615 3630 ὡς
2643 3566 2921 3637 ἀλλότριον
2936 3574 2983 3628 ι,
3015 3565 3107 3617 καὶ
3137 3563 3240 3628 ἔξω
3269 3579 3369 3614 που
3405 3559 3512 3613 τῶν
3542 3558 3633 3612 ἐπί
3667 3574 3729 3625 γε
3762 3556 3889 3611 τού-

2303 3678 2414 3723 τοις
2448 3660 2905 3729 καθεστήκαμιεν)⁹
2934 3656 3317 3726 ἐγκλημάτων.
3356 3650 3572 3721 Ἐπειδὴ
3602 3649 3658 3703 δὲ
3688 3648 3892 3701 ἀνυπόο

2307 3752 2459 3805 θετον
2493 3751 2684 3819 λῆμμα
2710 3748 2851 3801 κατὰ
2880 3746 2938 3799 τὸ
2970 3745 3151 3806 αὐτοῖς
3180 3742 3369 3795 δοκοῦν
3400 3739 3693 3811 προθέντες
3721 3736 3890 3790 ἀϐου-

2306 3844 2542 3912 λήτωςι,
2584 3842 2796 3909 πικροῖς
2845 3836 3063 3891 ἐννοιῶν
3108 3835 3385 3906 εὑρήμασι
3430 3828 3724 3901 χρώμενοι,
3764 3845 3888 3880 πει-

2309 3934 2507 4005 ρῶνται
2540 3931 2806 3985 δεικνύειν
2846 3931 2942 3999 τῆς
2986 3927 3211 3993 ἐνούσης
3256 3926 3438 3985 αὐτοῖς
3479 3921 3760 3991 ἀγχινοίας
3793 3918 3893 3987 τὴν

2306 4027 2570 4090 δείνωσιν,
2602 4022 3069 4085 κατασκευάζουσι
3102 4020 3157 4073 δὲ
3191 4018 3285 4071 καὶ
3314 4016 3459 4087 μάλα
3485 4012 3719 4083 γοργῶς,
3748 4014 3892 4065 ἀπο-

2310 4118 2590 4185 φαίνοντες
2622 4116 2805 4185 ἀπαθῆ
2840 4114 2957 4167 κατ’
2997 4112 3132 4165 ἰδίαν
3161 4109 3321 4177 φύσιν
3355 4107 3445 4160 τὸν
3477 4106 3569 4159 τοῦ
3610 4103 3745 4157 Θεοῦ
3790 4103 3895 4155 Λό-

2309 4226 2421 4276 γον,
2452 4207 2820 4268 ἀκουὲτωσαν,
2857 4204 3082 4275 μηδενὸς
3112 4203 3296 4264 αὐτοῖς
3324 4198 3731 4266 ἀντεξάγοντος,
3753 4196 3894 4265 πρὸς

2311 4300 2486 4369 ημῶν,
2521 4300 2601 4351 ὅτι
2625 4298 2952 4349 πυκτεύουσι
2998 4295 3196 4365 μάτην,
3230 4294 3323 4347 καὶ
3348 4292 3559 4364 δέρουσι
3592 4290 3728 4360 πρὸς
3755 4291 3897 4359 ἀέρα

2313 4394 2390 4455 είς
2420 4391 2594 4452 τοῦτο,
2631 4390 2768 4460 μήτε
2800 4390 2903 4458 μὴν
2930 4387 3247 4458 φρονοῦντος
3276 4387 3343 4440 τά
3367 4385 3605 4438 ἐναντία.
3629 4384 3693 4435 Τί
3714 4385 3897 4436 τοίνυν

2316 4482 2501 4552 ἱδρῶσι
2537 4482 2732 4550 μάτην,
2768 4483 2859 4533 καὶ
2891 4481 3246 4533 διατείνονται
3292 4479 3556 4547 περιττά;
3593 4476 3689 4538 Τίς
3720 4475 3897 4538 οὕτως

2314 4570 2700 4642 ἐμϐρόντητος,
2732 4569 2806 4631 ὡς
2849 4569 2947 4638 τῆς
2977 4568 3235 4621 ἀνωτάτω
3269 4566 3457 4619 πασῶν
3488 4564 3677 4627 οὐσίας
3703 4564 3766 4615 τὸ
3799 4566 3899 4632 ἐμ-

2314 4664 2484 4725 παθὲς
2507 4660 2814 4731 καθορίζειν
2834 4701 2849 4725 ,
2879 4662 2969 4712 καὶ
2992 4661 3071 4721 είς
3100 4658 3198 4729 τὴν
3227 4657 3333 4711 τῶν
3362 4655 3702 4725 παθημάτων
3730 4654 3895 4706 ἀσθέ-

2312 4772 2457 4806 νειαν
2486 4755 2790 4807 κατασείειν
2815 4753 3128 4822 ἀποτολμᾷν
3163 4753 3223 4803 τὸ
3261 4749 3457 4811 παντὸς
3487 4748 3743 4801 ἐπέκεινα
3773 4762 3899 4814 γεν-

2311 4845 2493 4915 νητοῦ,
2532 4846 2625 4898 καὶ
2673 4845 2995 4914 domuum);
3041 4842 3256 4902 Ἐπειδὴ
3285 4842 3339 4895 δὲ
3386 4843 3414 4893 ὁ
3463 4838 3553 4892 τοῦ
3589 4839 3896 4909 μυστηρίου

2313 4936 2487 5003 λόγος,
2520 4936 2804 5005 ἄνθρωπον
2844 4932 2952 4987 οἶδε
2992 4935 3281 5003 γενόμενον
3308 4930 3664 5001 οἰκονομικῶς
3698 4931 3763 4981 ἐκ
3794 4946 3894 4995 γυ-

2315 5026 2499 5088 ναικὸς
2529 5025 2616 5076 τὸν
2650 5027 2711 5077 ὲκ
2738 5024 2869 5077 θεοῦ
2906 5025 3045 5077 κατά
3091 5024 3249 5092 φύσιν
3286 5023 3412 5075 Υἰὸν
3444 5017 3729 5091 μονογενῆ,
3764 5017 3897 5069 ἴδιόν

2316 5134 2372 5167 τε
2402 5116 2666 5186 ὑπάρχειν
2699 5116 2863 5169 αὑτοῦ
2897 5114 3353 5184 διαϐεϐαιούμεθα
3388 5112 3448 5165 τὸ
3477 5113 3541 5163 ἐκ
3570 5110 3669 5179 τῆς
3712 5125 3897 5177 μακα-

2322 5206 2439 5275 ρίας
2481 5206 2755 5276 Παρθένου
2780 5220 2805 5247 ιι
2841 5206 3041 5278 ληφθὲν
3079 5208 3231 5273 ἅγιον
3281 5205 3470 5273 σῶμα·
3503 5202 3761 5271 ταύτῃτοι
3803 5200 3895 5251 καὶ

2320 5300 2463 5367 μάλα
2496 5299 2669 5369 ὀρθῶς
2702 5301 2817 5352 κατ’
2856 5301 3129 5353 οίκείωσιν
3153 5296 3501 5369 οἰκονομικὴν
3540 5293 3707 5348 αὑτοῦ
3739 5293 3895 5359 λέγε-

2320 5393 2440 5445 σθαί
2468 5410 2645 5461 φαμεν
2668 5392 2735 5443 τά
2762 5393 2857 5462 τῆς
2883 5392 3081 5462 σαρκὸς
3108 5391 3275 5461 πάθη,
3297 5388 3659 5459 τετηρηκότες
3691 5404 3893 5439 πάντα·

1708 5551 1879 5603 \'ari'.e
1911 5552 2166 5605 lectiones
2195 5568 2256 5603 ex
2286 5550 2470 5605 codice
2498 5550 2866 5619 Seguieriano.

725 5713 739 5745 '
783 5711 866 5764 ἴσ.
907 5726 937 5773 η
974 5711 1087 5778 τὴν,
1117 5711 1313 5779 δηλαδὴ
1345 5709 1551 5778 παθητὴ
1589 5709 1768 5776 φύσις.

645 5775 892 5848 έστηκεν.
991 5775 1312 5844 κ’ἐιϐοὔλωςί
1378 5794 1399 5820 ι
1433 5775 1703 5848 Παρθένον
1746 5782 1977 5848 Μαρίας.

1846 5724 1868 5747 ἰ
1906 5712 2068 5779 ἴσως,
2108 5714 2179 5779 ὡς
2214 5718 2433 5770 οἴονται.

2518 5727 2535 5753 ν
2572 5712 3077 5783 καταϐεϐληκότων.
3157 5719 3180 5745 ι
3209 5708 3281 5770 ῶς
3315 5704 3601 5761 ἀλλότοιοι.
3696 5711 3723 5751 1
3756 5698 3887 5755 καθ-
