4062 6340
178 395 272 452 381

769 392 1295 451 APOLOGE'I‘ICUS
1347 393 1480 449 PRO
1518 394 1610 448 Xll
1652 392 2012 449 CAPITIBUS
2044 391 2323 449 CONTRA
2362 388 2813 447 ORIENTALES.

3308 385 3417 442 382

179 514 273 583 χοῦ
326 517 389 584 τῇ
441 514 605 568 αὑτοῦ
655 515 811 583 φύσει
862 516 919 568 τὸ
946 517 1172 581 ἀπαθές.
1203 519 1334 583 Θεὸς
1370 521 1477 591 γάρ
1511 520 1654 572 ἔστιν
1689 521 1749 571 ἐκ

1862 518 1995 571 Deus
2022 520 2162 571 enim
2196 527 2278 573 est
2308 533 2372 572 ex
2408 516 2533 572 Deo.
2555 515 2777 582 Quando
2811 512 2973 582 igitur
3002 524 3163 565 carne
3218 510 3417 565 dicitur

178 604 506 660 Θεοῦ.Ὂταν
540 605 715 658 τοίνυν
743 608 904 677 σαρκὶ
935 607 1155 677 λέγηται
1201 611 1414 674 παθεῖν,
1450 612 1547 663 οὐκ
1579 610 1741 673 αὐτὸς

177 697 254 758 εἰς
288 696 419 749 ίδίαν
447 695 605 764 φύσιν
634 699 829 749 νοεῖται
862 698 1068 761 παθὼν,
1096 700 1227 753 καθὸ
1254 701 1382 765 Θεός
1408 705 1555 754 ἐστιν
1577 719 1590 732 ·
1621 702 1743 754 ἰδιο-

179 787 494 857 ποιούμενος
525 787 582 841 δὲ
613 789 811 858 μᾶλλον
837 790 895 842 τὸ
926 791 1094 854 πάθος
1116 808 1129 821 ’
1159 793 1321 846 αὑτοῦ
1347 794 1453 864 γὰρ
1476 784 1662 862 γέγονε
1685 793 1745 845 τὸ

178 878 371 929 ἑνωθὲν
401 876 550 947 αὐτῷ
576 879 754 949 σῶμα,
782 880 1031 951 καθάπερ
1057 881 1192 953 ἔφην
1222 885 1443 953 ἀρτίως.
1469 884 1567 937 Διὰ
1588 883 1745 936 τοῦτο

178 968 269 1019 καὶ
304 970 331 1019 6
362 968 645 1032 θεσπέσιος
676 968 884 1033 Παῦλος
925 971 1088 1025 αὐτὸν
1122 973 1213 1024 τὸν
1256 974 1323 1025 δι’
1356 969 1415 1027 οῦ
1444 975 1511 1027 τά
1546 975 1742 1039 πάντα,

176 1060 269 1110 καὶ
300 1060 357 1109 ὲν
392 1050 436 1125 ᾧ
462 1058 532 1111 τὰ
557 1060 732 1114 πάντα
764 1060 1062 1133 πεποίηκεν
1104 1067 1131 1117 6
1166 1064 1374 1134 Πατὴρ,
1408 1066 1745 1135 πρωτότοκον

176 1150 239 1201 ὲκ
276 1150 483 1218 νεκρῶν
514 1152 835 1223 γεγενῆσθαί
866 1172 1015 1223 φησι.
1042 1157 1246 1227 Γράφει
1280 1158 1334 1209 δὲ
1362 1157 1534 1220 οὔτως
1554 1174 1565 1187 ·
1601 1178 1617 1209 ι
1646 1159 1747 1210 Εὐ-

176 1238 558 1308 χαριστοῦντες
580 1240 661 1311 τῷ
692 1244 865 1313 Πατρὶ
899 1244 975 1313 τῷ
1011 1246 1334 1301 ἱκανώσαντι
1366 1249 1512 1317 ἡμᾶς
1539 1250 1618 1312 είς
1647 1248 1745 1319 τὴν

179 1328 372 1401 μερίδα
396 1330 489 1383 τοῦ
522 1332 723 1403 κλήρου
750 1334 855 1387 τῶν
886 1336 1053 1403 ἁγίων
1099 1338 1155 1390 ὲν
1187 1338 1264 1408 τῷ
1306 1341 1463 1407 φωτὶ,
1496 1340 1552 1402 ὃς
1584 1339 1747 1410 appo-

178 1437 309 1474 σατο
337 1423 481 1493 ἡμᾶς
511 1424 573 1477 ὲκ
601 1425 695 1494 τῆς
717 1425 961 1490 ἐξουσίας
980 1428 1072 1480 τοῦ
1094 1432 1335 1494 σκότους,
1363 1431 1454 1483 καὶ
1484 1432 1745 1501 μετέστηο

178 1529 271 1566 σεν
316 1516 395 1577 είς
442 1515 540 1586 τὴν
584 1515 856 1585 βασιλείαν
885 1520 976 1572 τοῦ
1007 1520 1135 1574 Υίοῦ
1164 1522 1261 1593 τῆς
1290 1522 1507 1593 ἀγάπης
1543 1524 1705 1576 αὐτοῦ
1732 1541 1745 1555 ⁸

177 1604 236 1657 ὲν
261 1598 307 1671 ᾧ
328 1604 523 1677 ἔχομεν
545 1608 640 1680 τὴν
662 1611 1037 1680 ἀπολύτρωσιν
1064 1613 1171 1666 τῶν
1198 1615 1505 1685 ἁμαρτιῶν,
1526 1617 1583 1679 ὃς
1605 1617 1749 1671 ἐστιν

177 1695 342 1749 εἰκὼν
369 1697 463 1751 τοῦ
496 1698 628 1752 Θεοῦ
658 1702 750 1754 τοῦ
776 1703 1028 1772 ἀοράτου,
1060 1706 1399 1775 πρωτότοκος
1430 1709 1608 1777 πάσης
1634 1707 1750 1761 κτί-

181 1802 343 1851 σεως,
371 1789 453 1841 ὅτι
498 1791 555 1842 ὲν
598 1792 745 1861 αὐτῷ
778 1795 998 1866 ἐκτίσθη
1035 1796 1103 1848 τά
1140 1797 1315 1851 πάντα
1341 1798 1409 1851 τά
1437 1800 1493 1851 ὲν
1520 1802 1631 1863 τοῖς
1657 1801 1750 1853 οὐ·

1853 626 2060 679 passus,
2090 626 2193 663 non
2222 610 2334 679 ipse
2367 610 2418 663 in
2447 607 2658 678 propria
2686 614 2901 670 natura,
2948 618 3053 673 qua
3108 601 3250 658 Deus
3308 613 3411 667 est,

1850 700 2169 767 intelligitur
2198 715 2408 768 passus,
2441 700 2534 754 sed
2566 698 2745 767 potius
2781 696 2880 751 sibi
2912 694 3258 765 appropriare
3293 709 3415 763 pas-

1845 792 2077 846 sionem.
2111 790 2283 858 Ipsius
2312 790 2458 842 enim
2494 788 2694 841 factum
2726 796 2805 841 est
2830 786 3037 839 unitum
3064 783 3162 839 sibi
3194 798 3411 853 corpus,

1848 884 1988 937 sicut
2016 882 2215 935 dudum
2254 880 2388 933 dixi.
2422 878 2761 947 Quapropter
2783 886 2836 931 et
2858 876 3074 931 divinus
3100 873 3294 928 Paulus
3330 874 3413 941 ip-

1848 989 1990 1035 sum,
2030 986 2122 1040 per
2149 986 2305 1037 quem
2351 968 2529 1023 omnia
2562 979 2615 1022 et
2646 969 2697 1023 in
2722 982 2826 1035 quo
2856 967 3035 1020 omnia
3065 964 3193 1021 fecit
3233 964 3413 1027 Pater,

1850 1063 2122 1117 dicitesse
2153 1059 2351 1113 factum
2384 1058 2799 1127 primogenitum
2833 1069 2897 1109 ex
2924 1055 3169 1108 mortuis.
3208 1052 3413 1107 Scribit

1848 1165 2027 1208 autem
2060 1153 2137 1207 sic
2167 1170 2180 1205 :
2223 1170 2240 1201 ι
2276 1149 2490 1205 Gratias
2522 1157 2743 1219 agentes
2769 1144 3039 1214 Patri,qui
3065 1160 3164 1201 nos
3193 1144 3419 1200 idoneos

1849 1247 1976 1301 fecit
2014 1246 2065 1299 in
2099 1255 2303 1313 partem
2362 1241 2529 1295 sortis
2584 1250 2892 1295 sanctorum
2958 1239 3011 1294 in
3059 1236 3295 1301 lumine;
3325 1236 3415 1305 qui

1850 1338 2046 1408 eripuit
2070 1349 2167 1389 nos
2192 1334 2259 1389 de
2286 1340 2549 1402 potestate
2583 1331 2951 1393 tenebrarum,
3023 1338 3079 1383 et
3142 1324 3420 1381 transtulit

1853 1432 1905 1484 in
1941 1442 2162 1498 regnum
2200 1425 2319 1479 Filii
2378 1422 2682 1477 dilectionis
2739 1435 2885 1486 sum;
2923 1420 2975 1473 in
3003 1434 3109 1489 qun
3160 1418 3422 1473 habemus

1854 1518 2225 1573 remissionem
2262 1523 2613 1584 peccatorum
2653 1528 2667 1564 :
2709 1512 2801 1581 qui
2831 1519 2913 1567 est
2944 1511 3121 1581 imago
3149 1508 3242 1564 Dei
3283 1508 3423 1563 invi-

1853 1610 2041 1670 sibilis,
2067 1606 2457 1677 primogenitus
2484 1604 2663 1660 omnis
2700 1613 2961 1659 creatura;
2993 1617 3007 1654 :
3064 1600 3189 1669 quia
3222 1600 3274 1655 in
3307 1600 3425 1670 ipso

1854 1714 2033 1760 creata
2070 1700 2416 1764 suntomnia,
2448 1713 2565 1766 quae
2602 1697 2654 1750 in
2716 1695 2867 1749 caelis
2900 1702 2955 1749 et
2987 1708 3108 1763 qua:
3156 1692 3208 1746 in
3252 1698 3419 1757 terra,

1856 1794 2087 1850 visibilia
2110 1803 2164 1847 et
2191 1790 2503 1853 invisibilia,
2539 1787 2652 1843 sive
2681 1785 2882 1849 throni,
2935 1783 3049 1840 sive
3101 1782 3422 1838 dominatio-

180 1883 383 1947 ρανοῖς,
417 1883 511 1936 καὶ
535 1883 602 1937 τά
621 1856 839 1957 ἐπὶ-τῆς
869 1856 998 1958 γῆς,
1014 1890 1079 1943 τά
1107 1891 1294 1962 ὁρατά,
1319 1893 1411 1946 καὶ
1433 1894 1499 1945 τά
1522 1856 1745 1964 ἀόρατα,

1862 1902 1971 1951 ncs,
2000 1884 2116 1941 sive
2145 1882 2506 1953 principatus,
2538 1879 2651 1933 sive
2690 1885 3018 1948 potestates;
3066 1872 3247 1929 omnia
3330 1885 3427 1940 per

177 1976 289 2030 εἴτε
327 1977 523 2048 θρόνοι,
560 1982 668 2034 εῖτε
705 1985 1053 2055 κυριότητες,
1088 1986 1198 2039 εἴτε
1232 1988 1427 2057 ἀρχαὶ,
1460 1990 1568 2041 εἴτε
1603 1988 1749 2052 ἐξου-

180 2067 295 2121 σίαι
318 2087 330 2099 ·
362 2070 430 2122 τὰ
459 2072 631 2125 πάντα
655 2073 721 2125 δι’
742 2075 927 2140 αὑτοῦ,
954 2078 1045 2129 καὶ
1071 2079 1149 2141 είς
1179 2076 1339 2131 αὐτὸν
1362 2079 1623 2134 ἔκτισται.
1643 2079 1752 2132 Καὶ

177 2157 344 2221 αὐτός
379 2162 493 2212 ἐστι
527 2162 632 2232 πρὸ
660 2164 904 2229 πάντων,
940 2167 1033 2218 καὶ
1064 2168 1132 2219 τὰ
1161 2167 1334 2220 πάντα
1363 2172 1418 2220 ὲν
1450 2169 1596 2238 αὐτῷ
1628 2187 1753 2222 συν-

179 2241 401 2315 ἐστηκε,
434 2248 530 2301 καὶ
561 2249 725 2313 αὐτός
761 2251 907 2305 ἔστιν
939 2253 970 2322 ὴ
1002 2254 1209 2325 κεφαλὴ
1246 2255 1336 2308 τοῦ
1377 2255 1626 2326 σώματος
1659 2258 1755 2328 τῆς

194 2334 545 2407 Ἐκκλησίας,
576 2340 635 2403 ὅς
672 2342 819 2395 ἐστιν
849 2344 1012 2414 ἀρχὴ,
1043 2346 1382 2415 πρωτότοκος
1429 2349 1492 2400 ὲκ
1530 2348 1638 2399 τῶν
1670 2366 1755 2400 νε-

181 2426 354 2494 κρῶν,
389 2429 477 2483 ἵνα
503 2432 725 2502 γένηται
755 2435 812 2488 ὲν
838 2436 1001 2488 πᾶσιν
1031 2436 1191 2499 αὐτὸς
1220 2438 1671 2507 πρωτεύων.”οτι
1702 2442 1757 2492 ὲν

183 2517 337 2587 αῦτῷ
368 2522 634 2593 ηὑδόκησε
687 2527 795 2577 πᾶν
830 2525 892 2578 τὸ
924 2528 1197 2597 πλήρωμα
1225 2532 1324 2598 τῆς
1350 2529 1601 2600 θεότητος
1630 2548 1759 2583 κατ-

181 2607 405 2676 οικῆσαι
436 2615 781 2681 σωματικῶς,
818 2616 912 2690 καὶ
936 2614 1001 2666 δι’
1033 2616 1197 2669 αὐτοῦ
1226 2618 1664 2685 ἀποκαταλλάξαι
1693 2623 1761 2673 τὰ

185 2699 368 2752 πάντα
398 2701 475 2763 εἰς
505 2703 686 2767 αὐτὸν,
714 2705 1130 2776 εἰρηνοποιήσας
1156 2707 1242 2761 διά
1268 2708 1360 2774 τοῦ
1404 2711 1631 2779 αἵματος
1666 2712 1759 2764 τοῦ

184 2792 423 2862 σταυροῦ
451 2794 637 2858 αὐτοῦ,
671 2796 778 2850 εἴτε
805 2797 874 2850 τά
909 2798 999 2850 ὲπ¹ι
1038 2799 1137 2868 τῆς
1164 2802 1284 2870 γῆς,
1323 2799 1432 2853 εῐτε
1462 2800 1531 2855 τὰ
1561 2804 1618 2855 ὲν
1650 2805 1760 2866 τοῖς

181 2882 451 2956 οὐρανοῖς.
482 2902 499 2934 ι
531 2885 721 2956 ¹Ἀθρει
745 2887 807 2957 δὴ
838 2885 949 2951 οὖν,
980 2891 1127 2953 ὅπως
1173 2891 1238 2944 δι’
1272 2890 1437 2945 αὑτοῦ
1475 2893 1544 2946 τά
1586 2894 1762 2947 πάντα

184 2974 517 3043 πεποιῆσθαι
551 2976 739 3044 λέγων,
783 2980 972 3050 όρατά,
1008 2982 1103 3034 καὶ
1153 2983 1377 3053 ἀόρατα,
1414 2984 1631 3055 θρόνους
1680 3004 1760 3052 τε,

184 3066 283 3119 καὶ
318 3065 582 3130 ἐξουσίας,
608 3068 767 3122 αὑτὸν
800 3070 1043 3124 δεδόσθαι
1072 3075 1202 3143 φησὶ
1232 3078 1297 3145 τῇ
1347 3076 1644 3148 Ἐκκλησία
1674 3096 1765 3131 κε-

1853 1983 2024 2051 ipsum
2076 1986 2131 2033 et
2162 1977 2214 2031 in
2251 1977 2364 2043 ipso
2395 1980 2576 2028 creata
2612 1978 2770 2036 sunt;
2807 1976 2861 2022 et
2887 1968 3002 2037 ipse
3024 1975 3107 2020 est
3166 1972 3291 2019 ante
3311 1977 3428 2017 om-

1852 2074 1965 2138 nia,
2001 2079 2055 2125 et
2088 2067 2267 2124 omnia
2294 2066 2349 2119 in
2403 2065 2518 2132 ipso
2552 2067 2835 2124 constant,
2868 2067 2923 2113 et
2969 2058 3085 2127 ipse
3130 2063 3214 2110 est
3270 2060 3429 2123 caput

1854 2160 2097 2229 corporis
2115 2155 2393 2220 Ecclesiae,
2422 2153 2512 2223 qui
2542 2159 2620 2206 est
2645 2148 3007 2218 principium,
3042 2142 3429 2217 primogenitus

1856 2270 1918 2308 ex
1943 2252 2171 2307 mortuis
2192 2290 2206 2315 ,
2239 2256 2296 2303 ut
2322 2247 2392 2303 sit
2419 2247 2470 2300 in
2502 2242 2754 2299 omnibus
2821 2242 2934 2310 ipse
2987 2239 3274 2307 primatum
3350 2244 3429 2287 te-

1859 2359 2011 2398 nens.
2040 2341 2174 2408 Quia
2210 2341 2263 2393 in
2295 2339 2412 2407 ipso
2434 2334 2758 2405 complacuit
2794 2345 3008 2388 omnem
3042 2328 3429 2399 plenitudinem

1858 2432 2159 2491 divinitatis
2192 2428 2499 2484 inhabitare
2531 2424 2906 2492 corporaliter,
2946 2430 3002 2474 et
3058 2434 3155 2488 per
3180 2434 3302 2474 eum
3340 2431 3433 2472 re-

1858 2523 2152 2580 conciliare
2179 2520 2361 2576 omnia
2392 2518 2447 2573 in
2514 2520 2712 2587 ipsum,
2746 2513 3040 2583 paciﬁcans
3089 2526 3185 2580 per
3214 2509 3435 2581 sangui-

1863 2632 1981 2672 nem
2000 2615 2180 2671 crucis
2212 2613 2352 2682 ejus,
2372 2612 2485 2664 sive
2508 2623 2627 2679 quae
2663 2607 2716 2662 in
2750 2605 2932 2668 terris,
2952 2605 3065 2659 sive
3086 2617 3205 2672 quae
3231 2602 3281 2655 in
3315 2616 3432 2655 cm-

1863 2710 1927 2765 lis
1957 2717 2082 2762 sunt
2106 2708 2172 2761 ".
2215 2724 2233 2757 ι
2272 2704 2433 2774 198
2485 2700 2782 2757 Considera
2822 2697 3115 2767 quomodo,
3164 2708 3285 2748 cum
3340 2708 3437 2762 pcr

1864 2804 2035 2870 ipsum
2068 2800 2246 2857 omnia
2279 2797 2423 2851 dicat
2452 2810 2572 2850 esse
2599 2790 3002 2856 facta,visibilia
3030 2798 3085 2842 et
3116 2780 3433 2849 invisibilia,

1865 2897 2087 2950 thronos
2118 2900 2169 2946 ct
2196 2896 2509 2962 potestates,
2542 2885 2720 2956 ipsum
2756 2886 2940 2939 datum
2971 2879 3227 2935 Ecclesiae
3250 2886 3434 2947 caput,

1864 2997 1917 3041 et
1950 2981 2365 3054 primogenitum
2396 2993 2459 3035 ex
2500 2976 2726 3032 mortuis
2761 2973 2964 3029 factum
2995 2986 3120 3027 esse
3178 2969 3435 3035 aﬂirmet,

1866 3075 2321 3141 reconciliataque
2354 3070 2534 3124 omnia
2562 3083 2656 3138 per
2695 3069 2871 3137 ipsum
2905 3064 2959 3119 in
2996 3063 3192 3133 ipsum,
3232 3069 3287 3116 et
3340 3076 3436 3130 pa-

189 3157 385 3229 ραλὴν,
417 3159 510 3211 καί⁵
537 3160 878 3231 πρωτότοκον
905 3164 967 3217 ἐκ
988 3165 1194 3236 νεκρῶν
1212 3168 1536 3237 γεγενῆσθαι
1560 3170 1761 3239 διισχυ-

1866 3168 2075 3223 cilicata
2104 3178 2200 3235 per
2221 3164 2536 3233 sanguinem
2582 3161 2761 3215 crucis
2789 3159 2927 3229 ejus,
2961 3158 3075 3212 sive
3114 3168 3233 3226 qua
3277 3169 3441 3223 super

188 3250 422 3321 ρίζεται,
450 3252 993 3326 ἀποκαταλλαχθῆναί
1019 3273 1077 3309 τε
1108 3257 1174 3311 τὰ
1202 3258 1377 3311 πάντα
1399 3260 1464 3312 δι’
1487 3260 1648 3313 αὑτοῦ
1685 3263 1761 3325 εἰς

1870 3269 2093 3321 terram,
2129 3258 2243 3311 sive
2270 3270 2389 3323 quae
2422 3254 2473 3308 in
2502 3252 2673 3308 caelis.
2701 3251 2867 3321 Igitur
2907 3248 3116 3303 dubitet
3149 3247 3438 3316 quisquam

183 3343 371 3404 αὐτὸν.
408 3346 500 3397 καὶ
546 3346 858 3416 είρηνεῦσαι
902 3348 987 3402 διὰ
1016 3349 1105 3402 τοῦ
1143 3352 1373 3421 αἵματος
1406 3352 1500 3406 τοῦ
1529 3354 1764 3425 σταυροῦ

185 3436 357 3487 αὐτοῦ
388 3438 495 3489 εῖτε
526 3437 593 3490 τά
624 3437 716 3489 ἐπὶ
757 3440 858 3508 τῆς
891 3441 1013 3511 γῆς,
1047 3445 1154 3496 εῖτε
1183 3444 1249 3497 τὰ
1278 3446 1336 3498 ὲν
1362 3448 1473 3510 τοῖς
1498 3448 1763 3519 οὐρανοῖς.

187 3521 328 3577 Εἶτά
357 3542 438 3588 τις
470 3526 797 3591 ὲνδοιάζωνὶ»
827 3531 921 3582 καὶ
952 3532 1087 3600 μετά
1117 3533 1268 3586 τοῦτο
1292 3535 1489 3601 {simul
1520 3538 1766 3601 δεδοικὼς

188 3615 339 3683 είκῆ,
376 3616 451 3685 μὴ
479 3615 586 3686 ἄρα
617 3635 733 3682 πως
764 3620 1013 3692 παθητὴν
1038 3623 1134 3693 τὴν
1161 3624 1254 3676 τοῦ
1284 3626 1411 3679 Υἱοῦ
1445 3628 1605 3696 φύσιν
1626 3630 1653 3680 6
1675 3628 1765 3680 τοῦ

194 3709 503 3777 μυστηρίου
551 3709 707 3777 λόγος
746 3711 1024 3783 ἀποφήνῃ,
1056 3714 1183 3768 ὅταν
1214 3716 1437 3788 λέγηται
1472 3720 1635 3786 σαρκὶ
1667 3738 1767 3773 πα-

190 3796 313 3849 θεῖν
336 3814 350 3862 ;
385 3797 737 3853 Ἰδιοποιεῖται
764 3801 892 3873 γάρ,
917 3805 992 3866 ὡς
1017 3805 1174 3874 ἔφην,
1204 3806 1273 3859 τὰ
1299 3807 1392 3859 τοῦ
1427 3809 1557 3861 ίδίου
1589 3809 1770 3880 σώμα-

190 3907 286 3952 τος
319 3890 486 3962 πάθη.
529 3893 695 3946 Τοῦτο
727 3898 940 3963 φρονεῖν
967 3896 1139 3950 ἐδόκει
1172 3898 1251 3967 τῷ
1275 3898 1544 3969 θεσπεσίῳ
1581 3901 1771 3972 Πέτρῳ

191 3980 443 4048 λέγοντι·
479 4001 497 4033 ι
527 3984 762 4053 Χριστοῦ
790 3982 879 4038 οὖν
901 3986 1161 4050 παθόντος
1187 3990 1322 4061 ὑπὲρ
1357 3991 1512 4059 ἡμῶν
1539 3994 1719 4063 σαρκί.
1746 4012 1763 4044 ι

194 4071 427 4142 Ἕτερον
478 4072 535 4125 δὲ
582 4074 643 4126 τὸ
692 4077 852 4144 σαρκὶ
903 4077 1091 4129 παθεῖν
1140 4078 1410 4147 λέγεσθαι,
1445 4083 1536 4135 καὶ
1586 4084 1770 4155 ἕτερον

192 4161 401 4230 ὁμοίως
428 4162 490 4213 τὸ
532 4163 721 4215 παθεῖν
768 4165 1019 4232 λέγεσθαι
1064 4170 1128 4237 τῇ
1169 4170 1266 4238 τῇς
1295 4170 1545 4241 θεότητος
1591 4175 1770 4241 φύσει.

208 4250 430 4322 Ἐπειδὴ
465 4253 571 4322 γάρ
602 4253 746 4306 ἐστιν
770 4255 799 4305 6
827 4256 987 4317 αὐτὸς
1016 4256 1145 4320 Θεός
1174 4274 1230 4309 τε
1261 4260 1418 4329 ὁμοῦ,
1448 4264 1541 4314 καὶ
1569 4264 1775 4336 ἄνθρω-

196 4359 327 4406 πος,
356 4344 570 4415 ἀπαθὴς
624 4344 742 4415 μὲν,
774 4345 834 4398 τό
879 4362 939 4413 γε
974 4341 1107 4417 ἧκον
1138 4349 1216 4411 εἰς
1245 4348 1342 4419 τὴν
1388 4352 1487 4420 τῆς
1525 4352 1775 4423 θεότητος

197 4433 390 4502 φύσιν,
411 4433 647 4504 παθητὸς
668 4434 724 4486 δὲ
748 4435 889 4487 κατά
912 4436 972 4488 τὸ
996 4437 1332 4507 ἀνθρώπινον
1348 4455 1360 4469 ⁶
1394 4442 1447 4493 τί
1472 4442 1529 4495 τὸ
1552 4443 1772 4508 ἄτοπον,

1867 3361 1986 3424 post
2010 3352 2143 3415 hare,
2180 3359 2233 3403 et
2263 3348 2463 3402 frustra
2514 3344 2787 3409 formidet,
2841 3356 2908 3398 ne
2957 3341 3268 3412 passibilem
3316 3339 3439 3394 Filii

1867 3450 2115 3495 naturam
2147 3436 2472 3494 sacramenti
2505 3449 2685 3490 sermo
2740 3434 3001 3495 declaret,
3058 3429 3273 3500 quando
3305 3429 3442 3484 dici-

1871 3542 2133 3585 turcarne
2166 3529 2310 3598 pati?
2334 3528 2587 3596 Proprias
2621 3525 2765 3580 enim
2795 3524 2944 3588 facit,
2973 3532 3033 3578 ut
3066 3523 3201 3585 dixi,
3236 3523 3440 3591 proprii

1870 3623 2110 3691 corporis
2145 3620 2441 3689 passiones.
2473 3617 2585 3671 Hoc
2648 3618 2851 3671 sentire
2918 3615 3123 3683 placuit
3172 3624 3226 3668 et
3251 3623 3443 3668 sancto

1870 3716 2029 3771 Petro
2059 3712 2298 3768 dicenti:
2351 3728 2368 3761 ι
2415 3709 2629 3764 Christo
2662 3707 2825 3777 igitur
2894 3720 3053 3775 passo
3135 3720 3232 3772 pro
3288 3704 3442 3757 nobis

1872 3810 1923 3863 in
1958 3823 2120 3863 carne
2142 3807 2210 3861 ⁸³.
2255 3824 2272 3857 ι
2313 3804 2474 3859 Aliud
2506 3802 2649 3856 enim
2679 3815 2761 3855 est
2792 3802 2994 3863 dicere,
3019 3798 3125 3867 pati
3162 3797 3216 3851 in
3254 3811 3440 3861 carne,

1871 3914 1926 3958 et
1957 3902 2101 3955 aliud
2138 3897 2389 3954 similiter
2426 3897 2628 3960 dicere,
2659 3895 2766 3963 pati
2801 3897 2852 3948 in
2886 3892 3185 3947 divinitatis
3221 3900 3438 3945 natura.

1874 3992 2010 4060 Quia
2041 3993 2183 4047 enim
2213 3990 2354 4044 idem
2388 3986 2529 4040 Deus
2558 3986 2717 4040 simul
2748 3995 2830 4039 est
2884 3994 2938 4037 et
2962 3984 3143 4047 homo,
3194 3983 3447 4050 impassi-

1874 4086 1993 4140 bilis
2018 4083 2231 4153 quidem
2255 4119 2270 4141 ,
2310 4088 2572 4148 quantum
2600 4077 2665 4129 ad
2718 4074 3021 4129 divinitatis
3078 4071 3312 4141 pertinet
3346 4090 3443 4125 na-

1875 4185 2072 4238 turam,
2124 4168 2394 4240 passibilis
2446 4180 2575 4220 vero
2638 4162 2933 4219 secundum
3015 4161 3445 4225 humanitatem;

1877 4268 2000 4336 quid
2027 4264 2112 4319 hic
2135 4260 2376 4325 ahsurdi,
2406 4259 2450 4315 si
2476 4259 2689 4313 dicatur
2722 4256 2831 4336 pati
2868 4256 2922 4308 in
2955 4268 3018 4307 eo
3042 4253 3184 4322 quod
3219 4252 3327 4321 pati
3350 4268 3447 4321 ap-

1877 4334 1986 4412 tum
2021 4354 2245 4424 e5t,‘qui
2307 4350 2506 4405 mansit
2550 4334 2897 4417 impassibilis
2952 4345 3003 4398 in
3032 4358 3100 4399 eo
3132 4343 3274 4413 quod
3338 4344 3447 4411 pati

1879 4465 1981 4504 non
2012 4446 2226 4517 potest?
2254 4443 2407 4510 Quod
2443 4449 2619 4495 autem
2656 4441 2706 4492 in
2741 4439 2831 4492 tali
2862 4438 2963 4491 lide
2986 4444 3297 4490 sanctorum
3318 4450 3451 4503 quo-

196 4525 248 4576 εί
300 4522 376 4592 τῷ
426 4523 615 4577 παθεῖν
668 4526 931 4593 πεφυκότι
976 4526 1190 4595 λέγεται
1225 4529 1436 4593 παθεῖν,
1473 4531 1547 4601 τῷ
1583 4533 1761 4589 παθεῖη

1880 4556 1985 4610 que
2012 4539 2228 4591 Patrum
2259 4532 2569 4591 excelluerit
2603 4532 2824 4591 chorus,
2885 4544 2950 4581 ex
3012 4527 3097 4580 his
3152 4540 3449 4594 cognosce-

194 4616 305 4670 οὐκ
333 4616 491 4669 εἰδότι
529 4616 851 4687 μεμενηκὼς
884 4617 1096 4687 ἀπαθής
1119 4636 1132 4684 ;
1170 4619 1290 4672 Ὀτι
1316 4621 1371 4672 δὲ
1397 4624 1573 4693 τοιᾷδε
1596 4626 1772 4680 πίστει

195 4709 298 4761 καὶ
334 4708 362 4759 ό
394 4707 501 4759 τῶν
527 4707 698 4775 ἁγίων
729 4708 983 4779 Πατέρων
1011 4709 1268 4780 διέπρεψε
1300 4712 1479 4781 χορὸς,
1505 4715 1564 4778 ἐξ
1594 4717 1774 4770 αὐτῶν

196 4798 483 4867 είσόμεθα,
514 4791 588 4852 ὧν
631 4799 971 4869 γεγράφασιν
1020 4802 1200 4867 αὐτοὶ,
1241 4801 1336 4872 τὴν
1385 4803 1478 4854 τοῦ
1526 4806 1774 4877 Σωτῆρος

195 4891 541 4960 τηρήσαντες
604 4890 842 4959 ἐντολήν.
897 4892 1264 4961 Διεμέμνηντο
1325 4892 1433 4964 γὰρ
1488 4894 1769 4963 λέγοντος-

205 4997 224 5033 ι
256 4977 479 5049 Δωρεάν
512 4977 752 5045 ἐλάϐετε,
782 4978 988 5048 δωρεὰν
1013 4980 1151 5034 δότε.
1185 4999 1204 5031 ι

492 5114 816 5184 Γρηγοριου
852 5115 1187 5170 ἐπισκόπου
1222 5118 1492 5185 Nudam.

332 5242 505 5297 Τοῦτο
547 5243 654 5314 γὰρ
700 5246 1019 5315 φρονείσθω,
1061 5249 1242 5316 φησὶν,
1271 5248 1327 5299 ἐν
1362 5248 1510 5318 ὑμῖν,
1541 5247 1568 5300 ὃ
1598 5247 1687 5301 καὶ
1719 5249 1775 5302 ἐν

202 5334 431 5405 Χριστῷ
472 5334 644 5405 Ἰησοῦ
669 5352 682 5365 ·
719 5336 775 5398 ὃς
808 5337 865 5387 ἐν
898 5340 1078 5407 μορφῇ
1108 5336 1242 5389 Θεοῦ
1270 5338 1525 5408 ὑπάρχων
1558 5339 1655 5409 οὐχ
1676 5340 1774 5409 ἁρ-

1883 4648 2001 4685 nins
2022 4644 2143 4699 qua:
2172 4624 2271 4696 ipsi
2298 4625 2651 4693 scripserunt,
2670 4622 2980 4675 mandatum
3009 4617 3310 4673 Salvatoris
3332 4629 3449 4669 scr-

1881 4734 2087 4775 vantes.
2132 4717 2486 4770 Meminerant
2533 4711 2676 4766 enim
2729 4709 2844 4777 ejus
2902 4707 3172 4763 dicentis:
3220 4722 3237 4756 ι
3271 4702 3452 4761 Gratis

1882 4812 2188 4879 accepistis,
2223 4807 2388 4879 gratis
2415 4806 2536 4859 date
2577 4803 2642 4855 ".
2682 4822 2699 4853 ι

2275 5106 2511 5176 Gregorii
2540 5106 2769 5175 episcapi
2802 5104 2853 5158 Ν
2858 5105 3052 5174 yssem'.

1958 5261 1976 5296 ι
2018 5241 2131 5297 lloc
2158 5241 2300 5295 enim
2332 5239 2531 5308 sapite,
2563 5237 2760 5307 inquit,
2785 5236 2837 5291 in
2873 5236 3044 5301 vobis,
3088 5236 3229 5307 quod
3288 5246 3343 5291 et
3391 5236 3444 5291 in

1880 5336 2099 5393 Christo
2124 5331 2249 5388 Jesu
2287 5348 2301 5385 :
2341 5333 2429 5403 qui
2466 5346 2583 5388 cum
2626 5332 2679 5386 in
2731 5330 2900 5385 forma
2958 5330 3051 5386 Dei
3098 5337 3260 5398 esset,
3335 5344 3442 5382 non

280 5492 329 5523 υ
358 5490 561 5546 Culoss.
600 5505 639 5556 ι,
680 5492 867 5547 ίει-εο.
944 5493 1033 5547 ιιι
1068 5493 1207 5549 Petr.
1236 5511 1304 5559 ιγ,
1340 5465 1391 5552 ι’.
1468 5496 1510 5527 ει
1542 5496 1731 5549 Μδιιιι.
1770 5513 1820 5561 x,
1848 5497 1899 5551 8.

1266 5649 1436 5707 Varia:
1466 5651 1720 5709 lectiones
1743 5669 1802 5707 ex
1835 5654 2019 5709 codice
2052 5646 2422 5720 Seguicriano.

289 5778 316 5823 δ
348 5779 515 5847 ἴσως,
554 5782 582 5833 ὁ
608 5778 912 5845 ἐνδοιάζων.
