4062 6340
639 387 744 442 383

1632 386 1687 444 S.
1728 386 1999 442 (LYHILIJ
2044 385 2515 440 ALEXANDHINI
2557 389 2872 444 AliClllEP.

3806 388 3903 446 384

639 499 882 568 rapinam
921 498 1213 551 arbitratus
1234 508 1317 552 est
1342 515 1460 552 esse
1498 516 1555 555 se
1619 501 1880 570 aequalem
1921 503 2058 565 Deo;
2111 505 2203 557 sed

2308 507 2525 574 παγμον
2575 509 2819 576 ἡγήσατο
2853 508 2912 559 16
2944 504 3080 561 εἶναι
3121 504 3212 560 ἱσα
3243 505 3379 576 Θεῷ,
3413 505 3527 558 ἀλλ’
3557 507 3748 561 ἑαυτὸν
3776 511 3890 564 ὲκὲ-

635 591 982 657 semetipsnm
1019 590 1341 656 exinanivit,
1371 591 1596 645 fortnam
1630 595 1768 646 servi
1799 595 2074 663 accipiens
2106 596 2207 649 ⁸⁸.»

635 683 770 746 Quid
801 682 940 734 servi
968 682 1142 734 forma
1170 681 1235 735 de
1267 681 1374 736 Deo
1396 683 1499 737 dici
1535 693 1712 754 potest
1740 687 2040 755 abjectius?
2067 689 2207 755 Quid

635 773 701 826 de
735 772 1125 840 omniumrege
1186 774 1464 841 humilius,
1522 790 1683 843 quam
1732 778 1871 846 quod
1929 788 2121 848 sponte
2146 782 2209 834 ad

634 860 861 930 abjeetaa
901 871 1104 917 natura:
1136 874 1334 918 nosmn
1369 867 1756 920 commercium
1821 870 2067 923 venerit?
2095 870 2204 925 Rex

631 967 836 1020 regum,
881 952 1136 1008 Dominus
1170 955 1563 1011 dominantium
1590 957 1772 1011 servili
1830 961 1999 1013 forma
2033 962 2211 1016 indui-

632 1047 1024 1099 tur-muluium
1076 1046 1244 1114 judex
1308 1049 1645 1118 principibus
1696 1053 1972 1122 vectigalis
2040 1054 2207 1111 cilici-

631 1144 715 1187 tnr
739 1137 818 1201 ³⁶;
873 1148 1138 1192 creatura:
1168 1138 1425 1193 Dominus
1465 1141 1517 1194 in
1554 1153 1710 1196 antro
1739 1145 2080 1210 diversatur;
2117 1151 2204 1215 qui

629 1227 806 1280 omnia
831 1229 1006 1298 palmo
1027 1232 1381 1296 concludit",
1402 1232 1574 1289 locum
1605 1237 1656 1290 in
1681 1239 1980 1292 diversorio
2003 1242 2204 1295 nulltmt

630 1319 854 1384 invenit,
873 1324 963 1376 sed
989 1324 1039 1376 in
1070 1326 1351 1382 brutorttm
1375 1330 1729 1385 attinntntinm
1764 1334 1992 1402 praescpi
2049 1333 2206 1386 recli-

629 1413 854 1464 natur“I
881 1432 892 1466 :
925 1416 1159 1470 mundus
1187 1429 1241 1473 et
1310 1421 1631 1488 purissimus
1689 1424 1938 1477 humana:
1993 1434 2203 1479 natura:

625 1503 814 1558 sordes
838 1521 943 1560 non
964 1520 1269 1575 aversatur,
1294 1521 1348 1566 et
1375 1499 1592 1569 omnem
1647 1516 2052 1570 mendicitatem
2106 1533 2202 1570 no-

625 1603 792 1647 stram
817 1603 1384 1671 transgressus,ipsam
1423 1606 1638 1659 domum
1673 1615 1903 1661 mortem
1961 1611 2202 1676 perpeti-

625 1691 754 1736 tnr:
798 1687 1117 1743 voluntariae
1183 1692 1338 1760 ltujns
1385 1697 1719 1765 paupertatis
1763 1708 1818 1751 et
1879 1698 2201 1765 abjectionis

625 1790 932 1832 mensuram
966 1785 1298 1850 perpendite.
1328 1786 1442 1839 Vita
1475 1787 1721 1856 degustat
1747 1799 1971 1842 mortem
1995 1809 2008 1852 ;
2031 1789 2195 1858 judex

631 1865 792 1938 199
816 1869 865 1922 in
894 1876 1204 1940 prmtorium
1238 1877 1562 1944 adducitur;
1611 1881 1716 1935 vita
1775 1883 2069 1938 viventium
2100 1886 2198 1940 Do-

624 1960 802 2016 minus
831 1961 1032 2028 jndicis
1059 1969 1340 2024 sententia:
1371 1970 1657 2039 subjicitur
1691 1973 1775 2038 ";
1811 1976 2052 2028 omnium
2091 1989 2205 2030 cte-

625 2050 836 2106 lestium
866 2056 1125 2112 virtutum
1190 2077 1280 2115 rex
1346 2065 1666 2119 carniﬁcum
1719 2082 1911 2122 manus
1969 2069 2202 2139 experiri

624 2158 730 2195 non
759 2156 1036 2213 gravatur.
1064 2151 1142 2204 Ad
1169 2152 1292 2218 boc,
1344 2154 1543 2223 inquit.
1589 2159 1899 2228 exemplum
1945 2161 2205 2229 respiciat

624 2235 948 2295 humilitatis
980 2252 1174 2296 vestra:
1203 2260 1475 2300 mensura.

1027 2439 1215 2494 Basilii
1249 2441 1506 2497 επιστ-ιω
1523 2444 1774 2509 episcoui.

690 2546 806 2601 Non
838 2549 983 2602 enim
1017 2549 1214 2603 caalunt
1242 2559 1295 2605 et
1324 2562 1496 2618 terra,
1523 2569 1585 2608 ac
1618 2557 1848 2609 marium
1905 2560 2118 2627 spatia,
2148 2568 2201 2611 et

617 2656 737 2710 qua:
767 2640 818 2695 in
878 2642 1035 2696 terris
1090 2652 1143 2697 et
1195 2645 1248 2698 in
1290 2646 1448 2710 aquis
1503 2647 1706 2718 degunt
1765 2649 2091 2716 animantes,
2145 2661 2199 2704 et

618 2735 832 2803 plantae,
872 2743 925 2786 et
961 2734 1150 2800 stellae,
1176 2744 1229 2791 et
1259 2751 1374 2802 aer,
1398 2748 1451 2792 et
1477 2741 1602 2792 anni
1641 2748 1902 2810 tempora,
1927 2751 1982 2796 et
2017 2744 2199 2798 varius

621 2827 788 2880 tutius
837 2829 1213 2885 universitatis
1259 2841 1513 2896 ornatus,
1554 2840 1761 2886 tantum
1810 2837 2063 2904 potentim
2104 2852 2200 2890 ex-

619 2919 920 2974 celletttiam
949 2922 1467 2992 ostenditquantum
1508 2923 1833 2978 immensum
1880 2925 2026 2979 illum
2076 2927 2198 2981 inii--

621 3011 898 3080 nitutnque
944 3011 1108 3066 Demn
1176 3015 1583 3084 impassibiliter
1627 3032 1723 3085 per
1777 3031 1996 3071 carnem
2049 3035 2199 3073 com-

619 3102 835 3171 plexum
866 3117 984 3158 esse
1009 3116 1260 3172 mortem,
1299 3123 1406 3174 quo
1466 3108 1718 3162 nimirum
1773 3125 1867 3179 per
1922 3115 2195 3181 pr0priam

2319 613 2455 647 νωσε
2523 598 2736 668 μορφὴν
2783 599 2972 651 δούλου
3019 599 3218 652 λαόών.
3257 618 3274 647 ι
3315 598 3380 651 Τί
3421 598 3766 672 πτωχότερον
3808 603 3893 653 ἐπὶ

2316 686 2451 739 Θεοῦ
2495 688 2594 757 τῆς
2641 689 2733 742 τοῦ
2781 690 2965 743 δούλου
3021 688 3274 762 μορφῆςς
3305 691 3359 742 τί
3385 691 3774 762 ταπεινότερον
3806 694 3892 744 ἐπὶ

2315 778 2408 831 τοῦ
2437 779 2698 849 βασιλέως
2730 783 2836 835 τῶν
2862 783 3020 845 ὅλων,
3050 784 3081 854 ἢ
3108 784 3169 835 16
3198 785 3278 846 είς
3306 785 3594 836 κοινωνίαν
3625 786 3723 854 τῆς
3756 801 3891 838 πτω-

2316 871 2415 940 χῆς
2450 871 2605 941 ἡμῶν
2649 857 2860 941 φύσεως
2915 875 3220 936 ἑκουσίωςε
3265 873 3472 936 ἐλθεῖν;
3537 875 3594 927 Ὀ
3646 875 3891 943 βασιλεὺς

2311 964 2419 1016 τῶν
2461 963 2874 1032 βασιλευόντων,
2939 967 3030 1019 καὶ
3077 968 3105 1019 6
3141 965 3343 1034 Κύριος
3392 965 3499 1018 τῶν
3533 967 3891 1037 κυριευόντων

2311 1056 2409 1124 τὴν
2462 1055 2554 1108 τοῦ
2604 1056 2791 1110 δούλου
2849 1058 3062 1126 μορφὴν
3113 1055 3442 1109 ὑποδύεται·
3483 1057 3511 1107 6
3562 1054 3754 1126 κριτὴς
3804 1056 3890 1108 τοῦ

2312 1148 2513 1212 παντὸς
2563 1148 2835 1220 ὑπόφορος
2880 1151 2992 1212 τοῖς
3029 1146 3417 1202 δυναστεύουσι
3447 1147 3657 1216 γίνεται
3683 1163 3694 1173 ”
3732 1149 3761 1198 6
3798 1151 3891 1216 τῆς

2311 1241 2541 1303 κτίσεως
2562 1240 2765 1311 Κύριος
2788 1241 2845 1292 ὲν
2874 1240 3128 1312 σπηλαίῳ
3159 1239 3493 1308 κατάγεται·
3524 1240 3552 1291 6
3577 1240 3669 1293 τοῦ
3695 1241 3891 1303 παντὸς

2312 1331 2803 1402 περιδεδραγμένος
2835 1333 2932 1401 οὐχ
2966 1331 3212 1402 εὑρίσκει
3249 1331 3415 1384 τόπον
3446 1331 3504 1384 ὲν
3546 1330 3625 1400 τῷ
3655 1330 3890 1383 καταλύο

2311 1441 2463 1493 ματι,
2498 1423 2613 1476 ἀλλ’
2644 1423 2702 1476 ὲν
2758 1422 2934 1494 φάτνῃ
2979 1422 3089 1475 τῶν
3145 1422 3354 1490 ἀλόγων
3403 1421 3888 1494 παραρῤίπτεται’

2307 1519 2334 1568 6
2363 1515 2622 1585 καθαρὸς,
2653 1515 2746 1568 καὶ
2775 1515 3076 1584 ἀκήρατος,
3111 1514 3203 1566 τὸν
3249 1513 3349 1584 τῆς
3397 1512 3744 1584 ἀνθρωπίνης
3794 1514 3888 1581 φύ-

2307 1625 2446 1672 σεως
2473 1607 2829 1677 καταδέχεται
2854 1606 3043 1677 ρὗον,
3071 1607 3165 1660 καὶ
3184 1605 3272 1659 διά
3301 1606 3478 1676 πάσης
3495 1605 3595 1675 τῆς
3623 1606 3890 1674 πτωχείας

2302 1705 2333 1770 ἡ
2345 1701 2458 1772 μῶν
2484 1700 2789 1768 διεξελθὼν,
2823 1699 2985 1771 μέχρι
3016 1700 3116 1770 τῆς
3143 1699 3236 1752 τοῦ
3274 1698 3508 1753 θανάτου
3535 1700 3753 1769 πρόεισι
3779 1699 3892 1750 πεί⁶

2312 1796 2640 1865 ρας-,Ὁρᾶτε
2687 1794 2787 1865 τῆς
2841 1793 3090 1845 ἑκουσίου
3144 1791 3422 1862 πτωχείας
3470 1792 3531 1844 16
3580 1791 3809 1861 μέτρον·
3855 1792 3887 1858 ἡ

2308 1886 2419 1957 ζωὴ
2445 1885 2676 1940 θανάτου
2705 1884 2955 1953 γεύεται·
2980 1885 3008 1937 6
3031 1883 3225 1954 κριτὴς
3255 1884 3336 1945 εἰς
3359 1885 3648 1952 κριτήριον
3675 1883 3886 1949 ἄγεται·

2306 1983 2334 2032 6
2363 1979 2462 2049 τῆς
2493 1979 2636 2047 ζωῆς
2664 1976 2774 2029 τῶν
2801 1976 2971 2029 όντων
2999 1976 3203 2047 Κύριος
3227 1975 3319 2028 ἐπὶ
3349 1975 3609 2055 τῇίγψήφῳ
3625 1972 3721 2026 τοῦ
3744 1972 3888 2026 δικά-

2307 2071 2487 2135 ζοντος
2514 2068 2739 2137 ἄγεταιά
2762 2085 2773 2098 ⁸
2803 2071 2832 2120 ὀ
2865 2068 3046 2138 πάσης
3078 2068 3177 2136 τῆς
3207 2066 3580 2135 ὑπερκοσμίου
3610 2064 3887 2132 δυνάμεως

2308 2161 2559 2232 βασιλεὺς
2607 2160 2705 2222 τὰς
2761 2159 2872 2212 τῶν
2921 2160 3132 2228 δημίων
3180 2159 3281 2210 οὐκ
3328 2159 3627 2211 ἀπωθεῖται
3677 2158 3884 2226 χεῖρας.

2307 2248 2451 2318 Ιιδρδς
2473 2245 2627 2299 τοῦτό
2666 2262 2770 2307 σοι,
2796 2247 2952 2315 φησὶ,
2980 2246 3042 2298 16
3079 2245 3385 2315 ὑπόδειγμα
3403 2249 3503 2316 τῆς
3532 2260 3887 2313 ταπεινοφρο·

2309 2337 2475 2407 σύνης
2503 2336 2750 2405 βλεπέτω
2782 2336 2842 2388 τὸ
2880 2335 3102 2406 μέτρον.

2541 2452 2864 2505 Βιῑσιλείου
2901 2451 3238 2505 ἐπισκόπου
3276 2451 3654 2518 Καισαρείας.

2374 2563 2449 2615 06
2491 2562 2600 2632 γὰρ
2625 2561 2876 2615 τοσοῦτον
2905 2562 3153 2629 οὐρανὸς,
3179 2563 3274 2613 καὶ
3319 2563 3410 2629 γῆ,
3438 2562 3528 2613 καὶ
3567 2561 3633 2614 τὰ
3680 2561 3886 2630 μεγέθη

2301 2653 2409 2706 τῶν
2445 2652 2719 2720 πελαγῶν,
2750 2653 2843 2703 καὶ
2891 2650 2959 2702 τὰ
3009 2652 3066 2702 ἐν
3121 2651 3275 2702 ὕδασι
3308 2648 3659 2719 διαιτώμενα,
3700 2649 3796 2702 καὶ
3825 2650 3890 2702 τὰ

2302 2746 2533 2815 χερσαῖα
2568 2742 2677 2795 τῶν
2709 2741 2888 2807 ζώων,
2920 2742 3015 2794 καὶ
3038 2739 3200 2810 φυτὰ,
3233 2740 3327 2792 καὶ
3353 2739 3602 2810 ἀστέρες,
3633 2740 3726 2793 καὶ
3757 2739 3888 2812 ἀὴρ,

2303 2837 2393 2889 καὶ
2425 2830 2588 2906 ὧραι,
2624 2835 2717 2888 καὶ
2745 2836 2778 2904 ἡ
2810 2833 3030 2901 ποικίλη
3063 2831 3157 2885 τοῦ
3184 2831 3385 2893 παντὸς
3413 2831 3798 2900 διακόσμησις
3829 2832 3890 2883 τὸ

2303 2927 2567 3000 ὑπερέχον
2602 2925 2700 2995 τῆς
2746 2925 2927 2995 ἰσχύος
2968 2924 3301 2992 συνίστησιν,
3337 2923 3461 2975 ὅσον
3498 2923 3559 2975 τὸ
3587 2922 3888 2994 δυνηθῆναι

2301 3020 2391 3073 τὸν
2429 3020 2562 3072 Θεὸν
2601 3019 2690 3072 τὸν
2720 3018 3006 3089 ἀχὼρητον
3037 3016 3262 3080 ἀπαθῶς
3293 3015 3379 3068 διὰ
3415 3015 3617 3084 σαρκὸς
3641 3016 3891 3084 συμπλα-

2301 3105 2462 3175 κῆναι
2490 3104 2569 3176 τῷ
2608 3104 2842 3173 θανάτῳ,
2886 3105 2974 3158 ἵνα
3013 3106 3144 3174 ἡμῖν
3172 3104 3249 3154 τῶ
3280 3103 3394 3154 ἰδίω
3425 3102 3587 3156 πάθει
3615 3103 3714 3170 τὴν
3742 3103 3888 3156 ἀπά-

619 3193 928 3261 passionem
968 3207 1121 3249 suam
1175 3196 1330 3252 nobis
1365 3197 1851 3268 impassibilitatem
1895 3179 2199 3271 impertire—

2307 3195 2451 3248 θειαν
2482 3194 2796 3267 χαρίσηται.

620 3292 673 3339 tu
682 3300 726 3339 l'.

925 3381 1208 3435 Athanasii
1238 3383 1467 3450 episcopi
1505 3383 1866 3438 Alexandria.

658 3472 756 3526 .Et
782 3472 1191 3536 ostendebatur,
1226 3477 1366 3545 quod
1409 3492 1510 3530 non
1548 3490 1897 3546 apparenter.
1945 3483 2038 3538 sed
2076 3495 2202 3536 vere

620 3563 872 3617 imbuerit
917 3578 1135 3632 corpus.
1191 3565 1429 3621 Decebat
1477 3569 1620 3623 enim
1675 3570 1963 3627 Dominum
2011 3576 2204 3628 Imma-

621 3671 743 3708 nam
789 3656 930 3710 hanc
957 3671 1175 3712 carnem
1213 3658 1551 3725 induentem,
1584 3678 1706 3716 cum
1751 3664 1866 3718 suis
1929 3668 2202 3735 passioni-
2267 3718 2272 3722 .

619 3749 722 3802 bus
751 3749 921 3818 ipsam
952 3757 1118 3804 totant
1153 3750 1416 3806 induere:
1454 3762 1510 3806 ut
1537 3754 1678 3808 sicut
1721 3757 2001 3826 proprium
2034 3759 2204 3828 ipsius

617 3850 741 3893 esse
775 3838 1004 3893 dicimus
1025 3854 1244 3909 corpus,
1276 3841 1345 3895 ita
1375 3852 1430 3897 et
1467 3845 1711 3912 corporis
1754 3849 2039 3915 passiones
2076 3865 2200 3919 pro-

621 3931 750 3996 prite
777 3939 984 3984 tantum
1010 3931 1125 3999 ejus
1167 3934 1437 3996 dicantur,
1468 3937 1683 3990 etiamsi
1732 3954 1837 3991 non
1869 3941 2200 4008 contigerint

620 4022 955 4076 divinitatem
980 4023 1113 4090 ejus.
1153 4022 1286 4078 Nam
1312 4029 1356 4080 si
1385 4028 1611 4083 alterius
1632 4039 1776 4084 esset
1800 4045 2016 4099 corpus,
2057 4032 2201 4088 illius

617 4115 781 4168 etiam
803 4115 1114 4170 dicerentur
1137 4117 1438 4185 passiones.
1469 4118 1524 4173 Si
1549 4131 1730 4176 autem
1759 4121 1918 4177 Verbi
1946 4134 2027 4178 est
2045 4140 2194 4181 caro.

619 4209 878 4276 (Verbum
910 4210 1053 4264 enim
1077 4225 1207 4264 caro
1224 4211 1423 4267 factum
1451 4223 1539 4268 est
1571 4214 1660 4283 ⁸ο),
1684 4217 2053 4271 necessarium
2085 4227 2196 4285 est,

623 4311 682 4352 nt
719 4310 771 4352 et
793 4301 973 4356 carnis
1010 4303 1292 4370 passiones
1326 4306 1444 4375 ejus
1475 4320 1598 4361 esse
1624 4308 1900 4372 dicantur,
1934 4309 2090 4378 cujus
2142 4316 2198 4363 et

616 4407 745 4445 caro
775 4403 879 4445 est.
902 4392 1066 4460 Cujus
1095 4396 1238 4448 enim
1269 4396 1524 4449 dicuntur
1557 4400 2050 4466 passiones,qnales
2072 4410 2201 4453 sunt

620 4486 877 4553 maxime,
913 4489 1289 4552 condemnari,
1315 4487 1597 4560 ﬂagellari,
1652 4491 1826 4556 sitire,
1868 4500 1921 4546 et
1967 4507 2121 4559 crux,
2147 4500 2202 4547 et
2235 4517 2278 4570 ο

622 4592 789 4642 mors,
825 4589 877 4633 et
911 4580 1028 4633 aliae
1053 4581 1300 4650 corporis
1335 4582 1697 4646 infirmitates,
1716 4581 1833 4650 ejus
1862 4591 1913 4637 et
1943 4584 2194 4636 meritum

615 4680 667 4722 et
694 4671 862 4736 gratia
891 4679 995 4726 est.
1034 4671 1238 4727 Idcirco
1265 4683 1414 4727 recte
1443 4689 1507 4726 ac
1539 4673 1793 4728 decenter
1811 4689 1916 4726 non
1949 4672 2196 4739 alterius,

616 4761 712 4813 sed
742 4762 950 4818 Domini
977 4763 1230 4818 dicuntur
1253 4780 1372 4819 esse
1415 4764 1724 4836 ltujusmodi
1765 4765 2084 4834 passiones;
2140 4775 2198 4819 ttt

618 4858 671 4898 et
702 4848 873 4917 gratia
917 4849 986 4903 ab
1011 4850 1128 4916 ipso
1158 4851 1248 4914 sit,
1283 4862 1338 4907 et
1368 4869 1474 4906 ttou
1512 4853 1816 4908 eﬂicianmr
1869 4854 2193 4918 idololatrat,

618 4939 712 4992 sed
742 4953 865 4993 vere
892 4939 1057 4992 Detnn
1082 4941 1341 5000 colentes.
1363 4945 1490 5009 quia
1520 4945 1721 4998 nullam
1744 4956 2072 5007 creaturam,
2101 4960 2195 4998 ne-

617 5046 724 5098 que
745 5043 1088 5086 cotnmunem
1113 5034 1350 5101 aliquem
1392 5035 1690 5098 hominem,
1744 5036 1838 5091 sed
1888 5037 2192 5090 naturalem

618 5130 673 5172 et
703 5135 887 5175 verum
918 5121 1010 5177 Dei
1071 5123 1290 5188 Filium,
1353 5123 1625 5178 hominem
1670 5126 1899 5190 factum,
1946 5127 2197 5181 enmdent

623 5212 978 5268 nihilominus
1009 5212 1293 5268 Dominum
1320 5223 1371 5270 et
1406 5213 1576 5271 Deum
1610 5230 1674 5270 ac
1726 5214 2065 5269 Sulvatorcut
2111 5216 2196 5271 itt-

626 5313 904 5356 ιόοιιηιυε.

700 5539 744 5570 ⁸⁸
779 5535 1007 5610 Philipp.
1069 5558 1127 5606 ll,
1167 5543 1282 5599 5-7.

630 5630 674 5660 ⁶⁰
715 5631 861 5686 Joan.
913 5650 949 5697 ι,
986 5634 1064 5689 ιι.

1337 5579 1351 5591 ς
1391 5549 1436 5579 ⁸⁸
1467 5546 1656 5602 Matth.
1711 5565 1821 5602 xvu
1848 5589 1860 5611 ,
1918 5548 2007 5603 QG.

2116 5551 2160 5580 ‘"
2193 5546 2295 5602 Isa.
2347 5562 2411 5598 at.
2438 5586 2449 5602 .
2493 5538 2575 5593 l2?»

2480 3369 2831 3424 Ἀθανασίου
2863 3367 3202 3422 ἐπισκόπου
3247 3367 3720 3435 Ἀλεξανδρείας.

2377 3462 2488 3514 Καὶ
2541 3461 2835 3522 ἐδείκνυτο,
2871 3459 2951 3511 ὅτι
3005 3459 3078 3528 μὴ
3135 3459 3407 3527 φαντασία
3433 3499 3448 3524 ,
3491 3456 3628 3512 ἀλλά
3672 3457 3890 3528 ἀληθῶς

2306 3555 2444 3624 ἔχων
2475 3549 2544 3624 ἦν
2573 3552 2633 3605 16
2664 3551 2843 3621 σῶμα.
2879 3550 3128 3620 ’Ἑπρεπε
3155 3550 3210 3601 δὲ
3243 3549 3335 3601 τὸν
3367 3549 3555 3620 κύριον
3588 3549 3892 3603 ὲνδιδυσκό·

2309 3663 2468 3716 μενον
2517 3645 2617 3714 τὴν
2664 3642 3015 3714 ἀνθρωπίνην
3071 3641 3253 3711 σάρκα
3302 3640 3542 3711 ταύτην,
3587 3643 3727 3712 μετά
3786 3644 3892 3698 τῶν

2309 3737 2455 3790 ίδίων
2482 3720 2669 3790 παθῶν
2693 3736 2821 3805 ὅλην
2850 3734 3020 3803 αὐτὴν
3049 3733 3372 3786 ἐνδύσασθαι
3395 3747 3408 3760 ⁸
3435 3733 3522 3799 ἶν’,
3548 3734 3737 3805 ὥσπερ
3765 3736 3894 3789 ίδιον

2305 3828 2471 3884 αὑτοῦ
2500 3828 2732 3898 λέγομεν
2764 3823 2902 3878 εἷναι
2939 3826 3002 3877 τὸ
3034 3826 3215 3894 σῶμα,
3247 3824 3393 3878 οὕτω
3427 3825 3524 3877 καὶ
3560 3824 3628 3878 τά
3656 3825 3751 3878 τοῦ
3787 3825 3892 3878 σώ-

2309 3940 2477 3994 ματος
2512 3920 2658 3991 πάθη
2709 3918 2817 3971 ῐδια
2853 3917 3013 3987 μόνον
3060 3915 3227 3969 αὐτοῦ
3280 3915 3530 3984 λέγηται,
3569 3917 3618 3968 εί
3676 3917 3774 3969 καὶ
3819 3918 3894 3988 μὴ

2304 4017 2508 4086 ἥπτετο
2533 4012 2672 4066 κατὰ
2704 4011 2803 4078 τὴν
2855 4008 3087 4078 θεότητα
3123 4007 3310 4061 αὑτοῦ.
3348 4007 3410 4060 Εἰ
3466 4007 3566 4077 μὲν
3607 4009 3800 4080 ἐτέρου
3835 4010 3895 4062 τδ

2308 4109 2488 4177 σῶμα,
2513 4103 2722 4158 ἐκείνου
2755 4101 2822 4154 ἂν
2862 4100 3074 4168 λέγοιτο
3109 4101 3203 4152 καὶ
3251 4099 3320 4152 τὰ
3366 4097 3549 4168 πάθη·
3608 4101 3656 4151 εί
3700 4096 3760 4154 δὲ
3798 4101 3894 4154 τοῦ

2306 4198 2482 4264 Λόγου
2511 4198 2544 4265 ἡ
2580 4191 2736 4263 σάρξ,
2771 4191 2801 4242 ὁ
2846 4188 2956 4260 γὰρ
2999 4187 3172 4257 Λόγος
3214 4187 3352 4257 σὰρξ
3403 4186 3640 4254 ἐγένετο,
3675 4190 3894 4260 ἀνάγκη

2306 4290 2400 4342 καὶ
2428 4287 2496 4338 τὰ
2524 4285 2622 4353 τῆς
2671 4282 2872 4352 σαρκὸς
2905 4279 3054 4348 πάθη
3110 4277 3367 4346 λέγεσθαι
3429 4277 3595 4331 αὑτοῦ
3630 4272 3692 4332 οὗ
3735 4281 3834 4333 καὶ
3863 4284 3896 4352 ἡ

2307 4371 2444 4443 σάρξ
2471 4373 2648 4423 ἐστιν·
2678 4361 2738 4421 οὗ
2773 4367 2880 4438 γὰρ
2933 4366 3152 4434 λέγεται
3195 4368 3262 4418 τὰ
3296 4365 3466 4436 πάθη,
3495 4361 3585 4419 οἷά
3624 4368 3740 4420 ἐστι
3784 4370 3896 4439 μά-

2308 4466 2488 4527 λιστα,
2517 4462 2577 4514 16
2625 4459 3040 4529 κατακριθῆναι,
3065 4459 3127 4510 τὸ
3152 4458 3584 4528 μαστιγωθῆναι,
3613 4460 3674 4512 16
3707 4459 3896 4531 διψᾷν,

2307 4559 2401 4611 καὶ
2434 4560 2461 4609 ὀ
2490 4555 2742 4622 σταυρὸς,
2776 4552 2869 4604 καὶ
2910 4553 2937 4602 6
2975 4550 3224 4616 θάνατος,
3254 4552 3347 4603 καὶ
3374 4551 3430 4604 αί
3457 4550 3614 4604 ἄλλαι
3645 4551 3744 4604 τοῦ
3786 4553 3896 4605 σῶ-

2309 4668 2476 4722 ματος
2511 4647 2807 4707 ἀσθένειαι,
2843 4642 3032 4696 τούτου
3081 4643 3175 4696 καὶ
3218 4644 3279 4697 16
3310 4643 3665 4714 κατόρθωμα,
3718 4646 3816 4698 καὶ
3863 4647 3896 4714 ἡ

2304 4744 2462 4813 χάρις
2511 4737 2646 4794 ἐστί.
2679 4737 2777 4789 Διά
2824 4732 2984 4787 τοῦτο
3029 4736 3210 4787 τοίνυν
3259 4733 3590 4797 ἀκολούθως,
3631 4736 3728 4787 καὶ
3757 4751 3898 4803 πρε-

2306 4836 2516 4894 πόντως
2545 4831 2643 4883 οὐκ
2663 4829 2847 4888 ἄλλου,
2890 4825 3024 4878 ἀλλὰ
3057 4824 3150 4878 τοῦ
3180 4827 3385 4897 Κυρίου
3420 4826 3642 4894 λέγεται
3671 4827 3743 4879 τὰ
3778 4844 3895 4881 τοι·

2304 4922 2446 4976 αὕτα
2476 4920 2623 4990 πάθη
2647 4935 2661 4949 ·
2691 4919 2777 4972 ἵνα
2804 4916 2896 4968 καὶ
2923 4919 2954 4986 ἡ
2989 4917 3150 4986 χάρις
3188 4919 3314 4987 παρ’
3343 4915 3510 4969 αὑτοῦ
3544 4918 3652 4988 είη,
3688 4920 3785 4972 καὶ
3817 4921 3894 4988 μὴ

2307 5015 2690 5084 εἰδωλολάτραι
2720 5009 2982 5078 γινόμεθα
3032 5021 3077 5074 ο,
3123 5010 3262 5063 ἀλλά
3313 5009 3528 5080 ἀληθῶς
3587 5011 3892 5074 θεοσεϐεῖς,

2305 5110 2386 5161 ὃτι
2425 5105 2627 5176 μηδένα
2668 5101 2776 5154 τῶν
2823 5102 3095 5171 γεννητῶν
3127 5101 3170 5164 τ,
3212 5103 3348 5172 μηδὲ
3395 5103 3574 5155 κοινόν
3618 5120 3743 5158 τινα
3795 5106 3892 5158 dy-

2306 5203 2544 5271 Opwmv,
2567 5195 2704 5249 ἀλλὰ
2732 5195 2826 5246 τὸν
2867 5194 2931 5246 ὲκ
2962 5194 3096 5248 Θεοῦ
3127 5195 3285 5264 φύσει
3316 5197 3410 5249 καὶ
3441 5196 3694 5266 ἀληθινὸν
3734 5198 3890 5260 Υίὸν,

2305 5291 2494 5344 τοῦτον
2543 5287 2835 5356 γενόμενον
2873 5287 2898 5325 ε
2945 5285 3254 5357 ἄνθρωπον,
3288 5287 3439 5340 οὐδὲν
3479 5283 3640 5360 ἦττον
3680 5290 3892 5361 Κύριον

2310 5383 2492 5447 αὑτὸν,
2527 5379 2620 5434 καὶ
2642 5377 2798 5441 Θεὸν,
2829 5377 2921 5428 καὶ
2957 5377 3185 5448 Σωτῆρα
3219 5377 3634 5449 ἐπικαλούμεθα,
3655 5379 3708 5435 ὴ,

2678 5533 2723 5565 ⁵⁸
2762 5533 2893 5586 Luc.
2950 5549 3024 5597 ιι,
3057 5534 3110 5588 7.
3181 5533 3226 5564 δι’
3255 5531 3412 5586 Joan.
3457 5548 3577 5598 xtx,
3619 5533 3688 5587 l3
3728 5551 3884 5601 seqq.

1694 5702 1863 5753 Variae
1893 5702 2147 5755 lectiones
2168 5719 2231 5755 es
2262 5700 2447 5754 codice
2481 5694 2851 5762 St'guiet'iatto.

707 5824 735 5855 ⁸
769 5818 1036 5887 πτωχείας
1072 5817 1224 5888 ἡμῶν
1272 5815 1550 5880 ἐκούσιως.
1630 5813 1652 5850 ἀ
1688 5815 1890 5879 γίνεται

1975 5829 1994 5848 "
2028 5814 2323 5886 γινώμεθα.

2438 5811 2452 5849 ί
2493 5807 2750 5878 γενητῶν.
2847 5810 2870 5846 8
2901 5807 2991 5859 καὶ
3024 5804 3330 5874 γινόμενον.
3424 5805 3450 5844 h
3488 5806 3878 5878 ἐπικαλοῦμαι.
