4062 6340
168 415 273 471 585

727 410 1256 467 APOLOCETICUS
1294 408 1577 466 CONTRA
1620 409 2148 467 TIIEODORETCM
2190 410 2322 467 PRO
2362 411 2457 468 XII
2501 412 2889 472 CAPITIBUS.

3312 418 3416 473 386

250 527 493 599 ’Λπόχρη
528 526 705 595 τοίνυν
763 530 843 592 εἰς
879 527 1275 599 πληροφορίαν,
1315 526 1388 589 ὥς
1419 543 1481 595 γε
1517 528 1530 565 ί
1573 522 1749 596 οἶμαι,

1929 527 2213 582 Sufﬁciunt
2248 528 2433 597 igitur,
2472 539 2529 582 ut
2561 529 2773 598 opinor,
2830 528 2895 581 ad
2932 528 3300 597 probationem
3333 546 3422 584 sa-

166 623 279 685 τοῖς
299 622 590 693 ὰρτίφροσι
629 621 699 675 τὰ
732 622 1063 695 προτεθέντα
1092 621 1250 692 ῥητὰ,
1283 620 1374 673 τοῦ
1407 620 1549 672 θείου
1583 622 1746 688 νόμου

166 714 464 785 διαρρήδην
494 714 741 783 λέγοντος
765 734 776 744 ·
810 735 826 767 ι
862 714 984 768 Ἐπὶ
1029 716 1295 784 στόματος
1328 714 1422 766 δύο
1452 712 1747 784 μαρτύρων

168 807 261 859 κα.)⁸
281 806 447 878 τριῶν
478 807 806 878 σταθήσεται
834 809 940 860 πᾶν
969 807 1140 877 ῥῆμα.
1172 826 1189 856 ι
1227 804 1289 859 Ei
1317 805 1372 858 δὲ
1411 806 1472 877 δή
1510 823 1590 870 τις
1626 806 1749 876 βού-

166 897 311 950 λοιτο
342 897 433 950 καὶ
473 898 612 968 μετὰ
642 898 801 951 τοῦτο
834 898 912 951 ἔτι
944 899 1290 966 φιλονεικεῖν,
1328 898 1575 950 ἀκουέτω
1611 898 1746 967 πρὸς

166 988 346 1058 ἡμῶν·
385 989 487 1041 Ἴθι
536 989 634 1059 τὴν
682 991 823 1042 κατὰ
865 990 1089 1044 σαυτόν·
1132 992 1296 1059 ἡμεῖς
1344 990 1399 1043 δὲ
1434 992 1543 1052 τοῖς
1576 989 1753 1060 ὀρθοῖς

167 1078 488 1149 Γράμμασι,
523 1081 616 1134 καὶ
660 1084 727 1152 τῇ
777 1082 886 1134 τῶν
922 1081 1093 1146 ἁγίων
1144 1082 1403 1153 Πατέρων
1452 1080 1693 1151 ὀψόμεθα
1725 1078 1738 1127 i

166 1169 385 1222 πίστει·
418 1170 823 1241 κερδανεῖ>μεν1ί
870 1171 977 1243 γὰρ
1010 1173 1153 1224 οὓτω
1195 1172 1292 1242 τῆς
1340 1172 1452 1223 ἄνω
1508 1170 1750 1240 κλήσεως

166 1261 225 1312 τὸ
291 1261 593 1332 βραϐεῖονι
642 1261 896 1333 Χριστῷ·
963 1264 1031 1315 δι’
1096 1256 1197 1327 οὗ,
1256 1264 1347 1315 καὶ
1386 1262 1502 1333 μεθ’
1553 1255 1614 1314 οὗ
1672 1260 1750 1329 τῷ

166 1351 289 1422 Θεῷ
318 1354 415 1406 καὶ
443 1354 616 1426 Ilath
655 1355 688 1423 ὴ
722 1352 850 1417 δόξα
887 1355 981 1407 σὺν
1018 1354 1167 1425 -ἆγίῳ
1197 1353 1475 1424 ῐῐνεύματι
1509 1354 1589 1415 εις
1625 1353 1751 1414 τοὺς

168 1442 395 1505 αἰῶνας.
448 1446 642 1514 Ἀμήν.

1855 622 2127 691 pientihns
2154 622 2435 676 sententiae
2459 623 2960 691 propositte,divina
2990 620 3106 689 lege
3136 621 3428 675 manifeste

1856 713 2067 768 dicente
2103 730 2115 765 :
2160 731 2178 764 ι
2222 717 2278 767 lu
2308 729 2401 767 ore
2433 716 2657 769 duorum
2706 714 2789 768 vel
2833 718 2990 767 trium
3028 714 3240 768 testium
3260 714 3429 768 stabit

1854 818 2015 858 omne
2059 804 2275 858 verbum
2305 804 2368 856 “.
2415 824 2432 854 ›
2478 803 2533 858 Si
2594 804 2756 874 200
2785 804 2905 872 quis
2952 814 3132 857 autem
3193 804 3428 860 voluerit

1856 896 2018 950 etiam
2052 905 2171 964 post
2200 897 2311 950 haec
2339 896 2514 949 adhuc
2548 898 2895 960 contendere,
2932 898 3114 951 audiat
3142 913 3169 949 a
3221 896 3376 950 nobis
3412 912 3427 949 :

1858 984 1976 1041 Tuo
2003 1001 2164 1057 perge
2198 986 2430 1052 itinere;
2458 1002 2553 1041 nos
2606 998 2788 1041 autem
2850 988 3065 1041 divinas
3091 988 3425 1056 Scripturas,

1857 1089 1910 1133 et
1937 1088 2245 1135 sanctorum
2266 1094 2558 1149 sequemur
2581 1079 2760 1133 (idem.
2805 1081 2894 1135 Sic
2928 1082 3070 1135 enim
3096 1081 3431 1135 lucrabimut‘

1858 1188 2105 1242 superna:
2134 1173 2428 1226 vocationis
2464 1172 2706 1225 bravium
2741 1173 2792 1225 in
2826 1172 3049 1227 Christo
3080 1186 3214 1241 :per
3242 1186 3429 1240 quem,

1859 1274 2053 1319 etcum
2079 1279 2207 1334 quo,
2241 1267 2347 1320 Deo
2378 1274 2431 1320 et
2460 1264 2601 1319 Patri
2631 1264 2802 1335 gloria
2825 1279 2946 1319 cum
2970 1273 3164 1319 sancto
3217 1264 3426 1332 Spiritu

1860 1356 1913 1410 in
1944 1357 2158 1412 sacula.
2190 1358 2383 1413 Anien.

172 1631 3399 1660 πωπω

878 1795 1221 1929 ΤΟΥ
1296 1790 1818 1927 ΑΓΙΟΥ
1890 1792 2754 1927 ΚΥΡΙΛΛΟΥ

1238 2024 1805 2079 ΛΡΧΙΕΠΙΣΚΟΠΟΥ
1858 2024 2382 2079 ΑΛΕΞΑΝΔΡΕιΑΣ

1624 2177 1979 2233 ΕΠΙΣΤΟΛΗ

1373 2342 1663 2429 ΠΡΟΣ
1738 2340 2317 2426 ΕΥΟΠΤΙΟΝ

674 2532 829 2596 Πρὸς
862 2547 976 2594 την
1016 2528 1174 2593 παρὰ
1209 2526 1575 2595 Θεοδωρίτου
1608 2525 1757 2579 κατὰ
1787 2523 1905 2578 τῶν
1936 2523 2166 2579 δώδεκα
2197 2523 2543 2594 ’κεφαλαίων
2566 2522 2945 2591 ἀντίρῤησιγ.

1756 2707 1830 2721 _

519 2851 614 2939 S.
690 2849 1172 2940 CYRILLI
1253 2849 2077 2940 ALEXANDBIIE
2147 2851 3082 2946 ARCHIEPISCOPI

1339 3040 1701 3100 EPISTOLA
1745 3041 1842 3100 AD
1884 3043 2271 3104 EUOPTIUM

613 3210 919 3273 Adversus
954 3206 1493 3288 impugnationem
1532 3204 1869 3269 duodecim
1914 3208 2187 3287 capitum
2237 3224 2273 3268 a
2314 3206 2712 3271 Theodoreto
2749 3208 3000 3272 editam.

173 3524 476 3593 Κύριλλος
530 3523 612 3588 τῷ
684 3525 1143 3592 εὐλαϐεστάτῳ»,
1205 3526 1307 3579 καὶ
1362 3526 1753 3589 «castratam

1864 3524 2311 3579 Reverendiuimo
2340 3524 2867 3578 etdesideratiuimo
2924 3524 3079 3592 fratri
3138 3534 3187 3579 et
3220 3521 3439 3579 commi-

242 3614 512 3684 ἁόελςρῷ,
533 3614 631 3667 καὶ
657 3616 1106 3686 (magnova
1133 3617 1428 3682 Εὺοπτίφ,
1454 3617 1535 3671 ἐν,
1557 3617 1756 3684 Κυρίῳ

245 3709 502 3775 χαίρειν.

258 3821 547 3892 Ἑνέτυχον
573 3822 682 3883 τοῖς
716 3819 869 3889 παρά
888 3820 991 3889 τῆς
1026 3821 1123 3891 σῆς
1154 3820 1467 3883 θεοσεϐείας
1500 3820 1759 3872 ἐπεσταλ-

173 3915 386 3985 μένοις,
414 3911 737 3981 τεθαύμακά
764 3928 822 3964 τε
851 3911 950 3982 τὴν
981 3910 1238 3976 διάθεσιν,
1277 3912 1371 3964 καὶ
1401 3910 1503 3980 τῆς
1530 3911 1590 3963 ὲν
1623 3912 1758 3981 Χρι-

170 4008 287 4078 στῷ
314 4007 534 4075 ἀγάπης
568 4006 629 4056 τὸ
661 4004 912 4074 γνήσιον·
938 4005 1134 4074 χρῆναι
1164 4003 1217 4055 δὲ
1262 4003 1633 4073 ὑπολαμϐάνω
1662 4005 1755 4056 καὶ

169 4094 269 4148 νῦν
318 4095 510 4159 εἰπεῖν,
566 4092 640 4154 ὠς
694 4090 840 4144 ἔστιν
890 4091 1087 4161 ἀληθὲς
1130 4093 1192 4145 τὸ
1225 4094 1284 4145 ὲν
1337 4095 1403 4163 τῇ
1437 4093 1603 4163 βίϐλῳ
1647 4094 1756 4146 τῶν

170 4183 498 4254 Παροιμιῶν
550 4181 905 4252 εἰρημένονιη
938 4196 952 4211 ·
1006 4200 1024 4230 ι
1076 4181 1327 4250 ’Λδελφὸς
1378 4184 1473 4234 ὑπ’
1524 4184 1755 4253 ἀδελφοῦ

170 4276 563 4349 βοηθούμενος,
597 4276 673 4339 ὼς
708 4275 863 4338 πόλις
906 4274 1113 4344 ὀχυρά·
1150 4292 1169 4323 ο
1220 4275 1317 4327 καί
1352 4291 1441 4345 μοι
1484 4275 1630 4326 δοκεῖ
1658 4276 1757 4345 τῆς

168 4370 401 4439 ἃγάπης
426 4368 485 4421 τὸ
510 4368 710 4437 χρῆμα
747 4364 844 4419 τοῦ
877 4365 1080 4427 παντὸς
1113 4364 1264 4429 ἄξιον
1302 4364 1557 4433 γενέσθαι
1595 4364 1755 4433 λόγου

168 4461 335 4532 παρὰ
361 4463 427 4530 τῇ
451 4458 792 4527 θεοπνεύστῳ
815 4458 1025 4529 Γραφῇ,
1053 4458 1145 4511 καὶ
1169 4458 1312 4527 μάλα
1332 4457 1555 4518 εἰκότως
1574 4474 1588 4485 ·
1621 4455 1758 4524 πλή-

172 4566 351 4619 ρωσιν
398 4547 512 4617 ἔχει
551 4557 580 4583 η
616 4545 709 4599 τοῦ
764 4547 931 4617 νόμου
958 4589 972 4613 ,
1012 4547 1106 4600 καὶ
1154 4544 1382 4616 προύχει
1434 4545 1542 4597 τῶν
1581 4544 1756 4599 ἄλλων

170 4636 416 4708 ἀρετῶν,
445 4636 538 4690 καὶ
573 4640 631 4690 ὲν
674 4636 855 4705 πολλῷ
902 4640 1083 4690 κεῖται
1136 4636 1375 4707 θαύματι
1428 4636 1580 4706 παρὰ
1636 4638 1757 4698 ταῖς

168 4734 286 4787 τῶν
323 4732 491 4798 ἁγίων
528 4732 744 4801 ψυχαῖς.
770 4729 1116 4800 Πληροῦσθαί
1142 4747 1204 4799 γε
1240 4730 1344 4799 μὴν
1376 4731 1546 4799 αὑτήν
1577 4745 1757 4797 φαμεν

170 4828 280 4880 οὐκ
313 4825 371 4877 ὲν
394 4824 577 4893 ψιλαῖς
620 4840 678 4875 τε
757 4823 849 4874 καὶ
899 4822 1091 4888 μόναις
1142 4821 1401 4890 ῥημάτων
1433 4824 1753 4889 προφοραίς,

1928 3614 2097 3667 m'stro
2154 3611 2384 3680 Euoptio
2432 3612 2542 3682 (l)
2598 3611 2853 3682 Cyrinus,
2898 3616 2952 3667 in
3005 3612 3239 3669 Domino
3291 3618 3437 3670 satu-

1927 3718 2049 3761 tem.

1928 3818 2109 3872 Lectis
2139 3817 2335 3871 litteris
2358 3830 2386 3869 a
2410 3816 2607 3884 pietate
2626 3826 2711 3869 tua
2740 3818 2807 3869 ad
2840 3832 2922 3871 me
2946 3818 3112 3884 datis,
3140 3819 3437 3875 admiratus

1860 3922 1976 3961 sum
2002 3916 2056 3960 et
2083 3905 2459 3970 affectionem,
2498 3915 2552 3960 et
2586 3906 2872 3961 charitatis
2914 3909 2964 3960 in
2993 3908 3214 3963 Christo
3258 3912 3436 3965 since-

1860 3997 2115 4061 ritatem;
2171 3989 2334 4064 atque
2386 3995 2520 4050 adeo
2590 3993 2717 4048 illud
2765 3994 2883 4049 libri
2964 3994 3377 4051 Proverbiorum
3419 4015 3433 4049 :

1865 4106 1883 4140 ι
1918 4088 2107 4143 Frater
2132 4088 2222 4158 qui
2256 4101 2286 4141 a
2311 4087 2479 4142 fratre
2525 4086 2832 4157 adjuvatur,
2877 4087 3016 4141 sicut
3049 4089 3241 4144 civitas
3269 4090 3437 4145 muni-

1861 4190 1914 4233 ta
1949 4182 2029 4247 ⁶²;
2068 4200 2086 4231 ι
2127 4190 2184 4235 ut
2217 4180 2500 4240 verissime
2537 4180 2820 4248 scriptum,
2880 4195 3023 4233 nunc
3064 4195 3279 4249 quoque
3330 4181 3437 4236 dici

1860 4272 2056 4326 debere
2085 4286 2280 4327 censeo
2306 4287 2320 4323 :
2352 4270 2671 4338 videturque
2694 4270 2823 4323 mihi
2853 4269 3138 4323 charltatis
3169 4273 3438 4338 possessio

1862 4364 2082 4415 maximi
2117 4362 2230 4417 ﬁeri
2262 4363 2313 4416 in
2348 4361 2644 4430 Scripturis
2673 4362 2936 4417 divinitus
2992 4362 3293 4430 inspiratis,
3351 4364 3436 4417 id-

1860 4468 1964 4523 que
1990 4454 2111 4521 jure
2142 4454 2347 4523 optimo
2384 4470 2397 4505 :
2424 4453 2810 4523 plenitudinem
2835 4455 2977 4508 enim
3005 4455 3136 4524 legis
3173 4456 3437 4521 continet,

1859 4546 2101 4615 aliasque
2132 4547 2359 4601 virtutes
2389 4547 2683 4609 antecellit,
2711 4548 2837 4601 etin
2864 4549 3096 4601 maxima
3125 4549 3437 4603 admiratio-

1859 4653 1926 4691 ne
1947 4648 2029 4691 est
2052 4638 2190 4705 apud
2222 4637 2435 4691 animas
2466 4645 2800 4693 sanctorum.
2840 4639 3034 4691 Verum
3089 4652 3210 4692 eam
3241 4654 3344 4692 non
3382 4640 3435 4691 in

1861 4728 2019 4783 nudis
2054 4729 2289 4797 solisque
2324 4729 2504 4782 verbis
2537 4729 2793 4797 compleri
2828 4728 3083 4793 dicimus,
3132 4729 3228 4783 sed
3265 4729 3438 4783 facto-

1863 4835 1979 4873 rum
2014 4818 2325 4875 testimonio
2367 4818 2701 4873 confirmatis
2740 4818 2806 4889 [ι’.
2865 4817 3223 4890 confirmari].
3282 4820 3437 4875 Sicut

171 4914 322 4971 ἀλλὰ
354 4892 423 4966 ac
455 4910 632 4966 αὐτῶν
666 4910 775 4964 τῶν
819 4909 1162 4979 πραγμάτων
1200 4908 1675 4978 μαρτυρουμέναις
1705 4915 1753 4962 ο,

1862 4910 2007 4963 enim
2056 4910 2481 4979 pretiosissimas
2558 4923 2823 4976 gemmas,
2873 4922 3007 4976 quas
3058 4907 3267 4963 Indicas
3313 4923 3435 4963 esse

172 5010 397 5077 ’Ὠσπερ
447 5004 555 5074 γὰρ
593 5002 650 5055 αἱ
704 4999 1158 5053 πολυτελέσταται
1202 4999 1310 5051 τῶν
1350 4998 1531 5061 λίθων,
1562 4996 1626 5060 ἃς
1661 4998 1757 5049 καὶ

183 5095 423 5159 Ἰνδικάς
453 5090 594 5147 εἷναί
620 5110 805 5162 φασιν,
828 5092 927 5143 οὐκ
958 5092 1017 5157 ἐξ
1037 5083 1110 5143 ὧν
1143 5090 1207 5143 ἄν
1234 5108 1315 5153 τις
1343 5090 1588 5160 ἐξηγοῖτο
1628 5090 1756 5159 περὶ

173 5186 385 5253 αὐτῶν,
406 5186 521 5241 ἀλλ’
545 5186 602 5254 ἐξ
631 5178 705 5239 ὧν
733 5187 837 5239 εἱσι
857 5184 1016 5256 παρὰ
1036 5187 1147 5248 τοῖς
1170 5184 1336 5255 ὁρῶσι
1363 5182 1758 5253 θαυμάζονται,

170 5282 268 5335 τὸν
298 5280 483 5345 αὑτὸν,
522 5276 698 5349 οἶμαι,
734 5278 934 5348 τρόπον
967 5276 1061 5330 καὶ
1093 5276 1151 5329 τὸ
1197 5275 1445 5347 λαμπρὸν
1482 5276 1579 5346 τῆς
1620 5276 1759 5343 ἀγά-

212 5414 259 5444 ⁶¹
295 5411 451 5465 Deut.
484 5426 615 5475 xvn,
651 5410 726 5475 6;
769 5408 959 5463 Matth.
989 5424 1143 5473 xvm,
1180 5406 1266 5461 16.

1861 5003 2033 5064 aiunt,
2061 5018 2164 5056 non
2188 5017 2251 5055 ex
2278 5002 2385 5064 his,
2417 5014 2536 5069 quae
2579 5000 2645 5053 de
2674 4998 2777 5051 illis
2810 5010 3120 5062 narrantur,
3161 5002 3253 5055 sed
3278 5017 3343 5055 ex
3367 5016 3432 5055 eo

1862 5091 2003 5160 quod
2036 5102 2182 5156 sunt,
2206 5092 2239 5143 ii
2268 5090 2360 5158 qui
2386 5088 2569 5142 vident
2603 5088 2943 5142 admirantur
2973 5104 2985 5139 :
3022 5090 3092 5142 ita
3132 5090 3296 5142 etiam
3322 5088 3432 5142 cla-

1866 5196 1977 5234 ram
2009 5180 2313 5233 dilectionis
2346 5177 2800 5247 pulchritudinem
2829 5187 2939 5231 tum
2982 5176 3237 5247 effulgere
3280 5178 3428 5232 arbi-

1868 5281 2003 5334 tror,
2033 5286 2155 5323 eum
2195 5270 2247 5323 in
2290 5269 2498 5324 cunctis
2525 5270 2686 5323 rebus
2712 5270 2933 5339 optimis
2993 5270 3061 5323 ab
3089 5270 3217 5339 ipsis
3286 5278 3432 5324 recte

1366 5406 1410 5435 ⁸¹
1455 5404 1615 5460 Prov.
1644 5401 1911 5470 “111,19.

1247 5536 1419 5592 Variae
1447 5537 1707 5593 lectiones
1729 5552 1795 5593 ex
1821 5538 2004 5591 codice
2030 5535 2405 5607 Seguieriano.

185 5682 205 5724 ι
241 5679 319 5739 ὡς
345 5677 421 5730 δέ.
502 5676 515 5726 i
552 5676 807 5745 ἑψόμεθα.
887 5678 913 5716 ιε
940 5676 1321 5747 κερδανοῦμεν.
1404 5674 1418 5713 ι
1452 5674 1519 5727 τὰ
1551 5673 1793 5744 βραὸεἶα.
1872 5686 1909 5712 ω
1945 5676 2350 5745 γεγρκμμέλον.
2429 5681 2456 5710 ³
2507 5673 2611 5741 γὰρ
2638 5672 2769 5742 ἔχει.
2826 5681 2873 5729 ,⁸
2907 5689 3230 5744 μιρωρουμ
3269 5670 3417 5745 όνην.

253 5790 339 5857 (ι)
369 5790 633 5859 Episcopo
658 5790 1022 5848 Ptolemaidis.
