4062 6340
629 406 735 464 887

1651 400 1706 455 S.
1751 400 2024 455 CYRlLLl
2067 398 2531 454 ALEXANDRINI
2571 399 2884 454 ARCHIEP.

3765 404 3864 459 388

633 521 788 575 factis
829 517 1196 573 testimonium
1249 514 1426 570 habet.
1487 515 1631 572 lianc
1674 519 1848 584 pietas
1901 527 1988 570 tua
2025 516 2201 584 magni

2310 535 2414 586 πης
2458 517 2778 585 ἐμφαίνεται
2812 525 2836 563 P
2871 513 3084 575 κάλλος,
3118 512 3181 564 δι’
3232 512 3408 565 αὐτῶν
3440 513 3546 564 τῶν
3579 516 3867 585 κατορθου-

633 613 780 677 facit,
801 611 926 666 dum
947 625 1042 679 per
1057 610 1354 679 prudentia:
1378 616 1688 662 sanctorum
1717 609 1939 677 vestigia
1969 607 2192 669 incedit,

632 712 946 771 rectumque
973 702 1097 755 vitae
1135 700 1349 753 illorum
1384 698 1686 751 institutum
1733 701 1797 750 ad
1846 698 2070 766 gloriam
2099 711 2194 749 ex-

630 793 1005 864 primitsuam.
1044 790 1419 846 Abundantius
1442 800 1622 843 autem
1655 790 2066 857 comprobatum
2115 796 2198 840 cst

631 884 764 937 tnihi
794 892 898 936 tuae
931 882 1146 951 pietatis
1166 896 1292 950 erga
1322 895 1406 934 me
1439 880 1696 943 studium,
1728 881 1864 934 libro
1889 881 1983 933 abs
2017 888 2067 932 te
2099 878 2196 930 mi-

630 973 683 1026 hi
716 971 976 1036 exhibito,
1009 985 1167 1038 quem
1195 967 1564 1036 composuisse
1604 968 1801 1022 dicitur
1838 975 2026 1021 contra
2063 981 2196 1018 ana-

631 1063 1002 1118 thematismos
1035 1061 1405 1116 Theodoretus
1445 1060 1570 1130 Cyri
1600 1076 1612 1110 :
1647 1061 1801 1129 201
1838 1063 1906 1113 ita
1940 1059 2086 1113 enim
2120 1058 2196 1111 ci-

631 1158 907 1213 vitatulam
939 1157 1118 1212 vocari
1155 1157 1364 1212 dicunt.
1401 1154 1580 1209 Lectis
1632 1165 1809 1207 autem
1863 1153 1945 1206 his
1976 1167 2095 1221 quae
2143 1151 2195 1203 iu

629 1264 694 1303 eo
725 1251 1008 1312 habentur,
1042 1248 1246 1317 gratias
1274 1247 1380 1302 Deo
1418 1247 1498 1316 egi
1534 1262 1653 1300 cum
1685 1245 1919 1315 hymnis,
1951 1242 2068 1298 sine
2115 1242 2198 1295 in-

631 1340 972 1396 termissione
1005 1339 1129 1394 illud
1148 1339 1386 1393 addens:
1424 1357 1441 1389 ι
1479 1338 1720 1399 Domine,
1771 1336 1937 1388 libera
1962 1334 2196 1387 animant

629 1447 802 1488 meam
829 1447 857 1485 a
887 1431 1046 1485 labiis
1082 1429 1304 1498 iniquis,
1346 1437 1398 1482 et
1433 1444 1461 1482 a
1495 1428 1674 1497 lingua
1710 1426 1897 1481 dolosa
1931 1425 1997 1477 ⁸⁸.
2043 1443 2061 1475 ι
2089 1423 2197 1477 lle-

629 1522 778 1591 perio
811 1523 952 1576 enim
992 1537 1078 1576 me
1109 1523 1302 1589 ubique
1350 1520 1635 1574 calumniis
1669 1518 1871 1588 impeti,
1899 1516 2058 1586 idque
2097 1512 2194 1583 pe'r

627 1612 835 1683 singula
857 1614 1049 1680 capita.
1090 1611 1330 1664 Intellexi
1369 1621 1546 1663 autent
1571 1611 1743 1663 virum
1770 1610 1954 1671 istum,
1992 1621 2196 1674 quant-

631 1703 711 1756 vis
735 1704 788 1757 iu
820 1701 1044 1758 dicendo
1083 1704 1464 1767 exercitatum,
1501 1710 1558 1753 ut
1613 1698 1911 1754 familiares
1952 1694 2194 1750 nonnulli

629 1795 840 1858 dicunt,
862 1803 916 1847 et
938 1809 1042 1846 nou
1069 1792 1324 1846 mediocri
1356 1805 1629 1846 sacrarum
1662 1789 2068 1860 Scripturarum
2101 1803 2194 1841 co-

2308 609 2481 678 μένων
2512 619 2537 656 τι
2590 608 2672 676 ἐφ’
2729 608 2899 661 ἅπασι
2935 607 3048 667 τοῖς
3105 604 3350 674 ἀρίστοις
3400 605 3866 675 μαρτυρούμενον.

2304 700 2579 769 Ταύτηνὴ
2617 700 2682 768 σὴ
2734 698 3012 752 θεοσέϐεια
3067 699 3302 749 ποιεῖται
3340 697 3466 763 περὶ
3515 696 3730 761 πολλοῦ,
3772 698 3869 766 τῆς

2305 793 2408 844 τῶν
2443 793 2611 858 ἁγίων
2647 790 2841 860 φρενὸς
2868 789 3020 842 ἰοῦσα
3050 791 3169 850 κατ’
3204 788 3364 856 ἴχνος,
3407 789 3500 840 καὶ
3526 789 3698 858 τὸτῆς
3732 789 3871 840 ἐκεί-

2305 902 2408 936 νων
2438 883 2667 946 εύζωῖας
2712 883 2791 944 εἱς
2821 882 2881 933 τὸ
2909 881 3107 948 ἑαυτῆς
3161 880 3580 950 ἀναματτομένη
3615 889 3635 915 τ
3671 878 3871 949 καύχη-

2309 993 2404 1045 μα.
2437 975 2705 1043 Δέδεγμαι
2746 972 2803 1025 δὲ
2843 974 2936 1024 καὶ
2966 972 3060 1025 νῦν
3089 974 3165 1034 εἰς
3194 971 3567 1042 πληροφορίαν
3602 973 3699 1039 τῆς
3725 971 3870 1023 ἑνού-

2308 1084 2404 1136 σης
2438 1065 2727 1126 διαθέσεως
2768 1067 2833 1134 τῇ
2885 1067 2950 1134 σῇ
3002 1063 3281 1133 θεοσεϐείᾳ
3311 1063 3401 1115 τὸν
3452 1062 3864 1131 διαπεμφθέντα

2303 1160 2487 1228 τόμον,
2522 1157 2579 1210 ὃν
2627 1156 2897 1209 συνθεῖναι
2945 1156 3159 1223 λέγεται
3206 1156 3346 1208 κατὰ
3387 1155 3494 1208 τῶν
3544 1156 3872 1224 άναθεματι-

2309 1249 2461 1319 σμῶν
2487 1247 2814 1318 Θεοδὼριτος
2843 1249 2870 1299 ὁ
2911 1245 3117 1316 Κύρου·
3142 1246 3424 1298 καλεῖσθαι
3447 1245 3554 1314 γὰρ
3581 1244 3723 1297 οὕτω
3747 1246 3876 1312 φασὶ

2306 1343 2366 1392 τὸ
2401 1339 2689 1408 πολίχνιον.
2734 1338 3000 1408 Ἐντυχὼν
3030 1337 3087 1391 δὲ
3113 1341 3224 1400 τοῖς
3250 1337 3608 1405 ὲγκειμένοις,
3638 1335 3876 1403 ἀνέθηκα

2305 1431 2382 1501 τῷ
2408 1429 2525 1500 Θεῷ
2573 1430 2670 1492 τὰς
2714 1430 3104 1500 χαριστηρίους
3145 1429 3324 1498 ᾠδάς·
3370 1428 3429 1480 ού
3476 1426 3789 1478 διαλέλοιπα
3820 1425 3877 1476 δὲ

2308 1524 2526 1575 κάκεῖνο
2552 1521 2725 1588 λέγων
2745 1537 2758 1550 ·
2797 1539 2814 1570 ι
2839 1517 3034 1590 Κύριε,
3091 1519 3248 1588 ῥῦσαι
3279 1517 3376 1586 τὴν
3404 1517 3584 1585 ψυχήν
3635 1531 3736 1583 μου
3773 1514 3877 1566 άπὸ

2307 1615 2527 1683 χειλέων
2555 1614 2777 1678 ἀδίκων,
2807 1611 2902 1664 καὶ
2937 1611 3043 1662 ἀπὸ
3065 1609 3315 1678 γλώσσης
3343 1608 3541 1669 δολίας.
3575 1625 3592 1656 ι
3627 1605 3879 1675 Εὑρίσκω

2309 1708 2413 1775 γὰρ
2465 1707 2695 1777 ἐμαυτὸν
2747 1705 3249 1775 συκοφαντούμενον
3315 1698 3613 1768 πανταχοῦ,
3649 1698 3742 1751 καὶ
3796 1695 3878 1762 ἐφ’

2310 1801 2539 1853 ἑκάστου
2569 1797 2675 1851 τῶν
2729 1797 3041 1866 κεφαλαίων
3090 1793 3426 1863 ὑπομένοντα
3474 1790 3651 1842 τοῦτο.
3707 1788 3880 1841 Ἐννε-

631 1884 870 1953 guitionc
898 1881 1143 1936 fortassis
1178 1880 1669 1950 locupletatum,ab
1705 1880 1927 1934 istorum
1959 1879 2196 1946 capitum

2310 1894 2472 1962 νὸηκα
2505 1903 2525 1930 ⁸
2571 1892 2647 1955 δὲ,
2686 1891 2767 1944 ὅτι
2808 1889 2900 1942 καί
2949 1906 3051 1953 τοι,
3095 1887 3236 1940 καθά
3266 1902 3399 1953 φασι
3443 1883 3550 1935 τῶν
3586 1880 3878 1950 γνωρίμων

631 1975 983 2044 intelligentia
1017 1982 1224 2028 tantum
1256 1973 1565 2036 aberrasse,
1595 1981 1654 2024 ut
1675 1971 1743 2024 de
1773 1985 1837 2024 eo
1870 1969 1980 2037 jam
2012 1969 2201 2024 existi-

633 2082 772 2122 mem
800 2081 861 2121 ac
894 2073 1096 2133 putem,
1129 2064 1270 2133 quod
1302 2063 1658 2130 quorumdam
1705 2060 1987 2115 desideriis
2039 2059 2205 2114 indul-

631 2171 763 2225 gens
780 2155 1022 2226 fingatse
1046 2155 1404 2226 ignorantem,
1430 2161 1487 2205 ut
1513 2167 1616 2205 nou
1656 2151 1987 2219 ineleganter
2023 2159 2081 2204 et
2114 2164 2205 2204 su-

632 2263 979 2322 pervacanee,
1012 2250 1106 2302 sed
1129 2255 1426 2316 opportune
1453 2254 1504 2297 et
1541 2242 1782 2312 apposite
1815 2242 1991 2310 potius
2019 2241 2201 2295 convi-

630 2341 728 2396 ciis
758 2341 811 2394 in
845 2354 929 2394 me
951 2355 1079 2395 usus
1104 2349 1339 2408 putetur,
1366 2351 1487 2389 cum
1514 2343 1694 2386 tamen
1722 2335 1772 2384 in
1801 2332 1961 2385 dictis
1983 2331 2203 2392 nostris,

632 2441 688 2487 ut
719 2441 864 2502 puto,
907 2428 1037 2482 nihil
1066 2428 1288 2482 omnino
1341 2426 1411 2479 sit
1459 2423 1703 2487 difficile,
1761 2423 1892 2476 nihil
1949 2421 2201 2482 arduum,

630 2523 764 2577 nihil
791 2521 931 2591 quod
962 2517 1446 2588 apprehensionem
1500 2513 1877 2582 subterfugiat.
1940 2512 2204 2578 Quoniam

629 2631 781 2680 vero,
820 2611 1072 2682 licetjam
1131 2619 1256 2663 ante
1313 2606 1383 2662 de
1434 2605 1520 2660 his
1573 2605 1971 2675 scripserimus,
2033 2618 2202 2671 pauca

632 2708 794 2761 etiam
818 2706 1074 2760 adversus
1106 2703 1279 2770 ipsum
1337 2698 1481 2767 loqui
1549 2698 1918 2751 necessarium
1984 2705 2088 2758 est,
2143 2709 2207 2745 ne

631 2801 753 2868 quis
793 2798 1043 2850 damnata
1070 2791 1335 2847 sententia
1374 2789 1648 2844 silentimn
1686 2788 1886 2855 eligere
1919 2800 2003 2837 me
2033 2793 2199 2853 patet,

631 2901 834 2961 quanta
859 2888 1068 2942 licuerit
1105 2884 1369 2940 sermonis
1395 2881 1658 2936 brevitate
1684 2879 2054 2934 defensionem
2080 2875 2208 2930 affe-

635 2999 768 3037 ram.
811 2982 1110 3049 Oportebat
1147 2990 1278 3030 sane
1313 2975 1487 3044 ipsqu
1523 2974 1573 3026 in
1623 2973 1796 3025 sacris
1851 2971 2206 3024 exercitatum

634 3075 950 3142 Scripturis,
1016 3068 1279 3138 siquidem
1324 3065 1546 3119 omnino
1596 3063 1670 3116 illi
1715 3062 2051 3132 pr0positum
2093 3071 2210 3115 crat

635 3168 700 3220 tle
716 3165 909 3220 divinis
931 3160 1208 3232 mysteriis
1244 3156 1523 3213 uobiscum
1554 3169 1740 3225 agere,
1772 3155 1838 3207 de
1897 3152 2070 3206 sacris
2117 3165 2206 3205 so-

636 3258 744 3311 lum
777 3255 999 3310 Litteris
1051 3251 1378 3308 mentionem
1414 3247 1615 3314 facere,

636 3365 792 3406 suam
827 3349 1069 3418 religiose
1103 3353 1413 3406 contexere,
1441 3356 1545 3395 non
1575 3339 1783 3410 priscas
1813 3337 1968 3392 nobis
1998 3336 2208 3390 fabulas

636 3456 692 3498 et
719 3443 933 3513 putidas
965 3441 1016 3494 in
1048 3439 1277 3495 medium
1312 3435 1529 3491 aﬂ'erre.
1579 3433 1724 3486 Meos
1753 3430 1896 3484 enim
1933 3442 2210 3484 sermones

637 3551 762 3589 cum
812 3547 972 3602 pomo
1008 3530 1290 3585 discordia!
1343 3525 1552 3581 confert
1613 3522 1858 3577 fortassis
1920 3528 1978 3572 ut
2028 3533 2090 3571 ea
2155 3532 2213 3571 re

637 3635 892 3688 ostentet,
915 3635 1172 3694 quantum
1204 3621 1306 3676 sibi
1339 3617 1620 3687 sapientiae
1680 3609 2026 3680 compararit.
2060 3607 2213 3663 Unde

639 3729 694 3773 et
724 3734 842 3781 nos,
864 3732 982 3787 qua:
1010 3715 1075 3770 ad
1092 3728 1215 3769 eum
1251 3711 1547 3782 pertinent,
1582 3706 1818 3759 maxima
1855 3699 2215 3756 admiratione

641 3809 1023 3880 prosequimur
1054 3824 1066 3859 :
1102 3820 1228 3858 nam
1251 3813 1305 3857 et
1334 3797 1839 3871 eloquentissimum
1861 3807 1919 3848 se
1953 3793 2211 3853 declarat,

639 3910 697 3954 et
727 3898 1074 3954 multifariam
1105 3895 1397 3958 eruditum,
1421 3900 1603 3959 utpote
1642 3888 1730 3956 qui
1753 3899 1969 3954 pomum
2003 3884 2211 3936 discor-

638 3992 743 4044 diae
767 4005 870 4044 non
900 3990 1131 4058 ignoret,
1159 3998 1331 4053 neque
1361 3982 1526 4034 lilimn
1555 3975 1760 4030 Priami
1781 3971 2053 4029 Paridem.
2093 3970 2210 4024 Cte-

641 4093 836 4145 terunt,
861 4082 944 4135 his
974 4080 1129 4135 modo
1147 4076 1411 4140 dimissis,
1444 4075 1499 4127 in
1525 4086 1635 4125 rem
1671 4067 2003 4140 propositam
2033 4063 2212 4133 potius

642 4175 1038 4228 iucumbemus.

2304 1984 2466 2046 τινες,
2497 1984 2595 2034 ούκ
2629 1981 2733 2045 ἔξω
2763 1979 2980 2051 τριῆἧς,
3017 1979 3114 2048 τῆς
3143 1976 3203 2029 τό
3251 1993 3314 2043 γε
3360 1970 3494 2046 ἧκον
3530 1973 3610 2035 εἰς
3652 1971 3806 2037 λόγον
3830 1969 3877 2032 ⁸,

2306 2075 2567 2144 ὑπάρχων
2589 2075 2615 2125 ὁ
2633 2074 2731 2142 άνὴ
2740 2090 2790 2141 ρ,
2808 2087 3079 2141 συναγηγε
3089 2067 3230 2139 ρκὼς
3243 2067 3298 2120 δὲ
3319 2068 3455 2137 τάχα
3471 2066 3564 2118 καὶ
3583 2063 3691 2116 τῶν
3723 2060 3882 2131 ἱερῶν

2307 2165 2654 2233 Γραμμάτων
2676 2163 2734 2214 οὑ
2766 2162 2994 2231 μετρίαν
3017 2159 3240 2230 εἴδησιν,
3263 2155 3608 2226 ἀπεκομίσθη
3633 2151 3883 2206 τοσοῦτον

2304 2253 2398 2306 τοῦ
2442 2252 2677 2305 συνιέναι
2719 2252 2829 2303 τῶν
2868 2251 3180 2320 κεφαλαίων
3211 2249 3308 2320 τὴν
3337 2249 3596 2316 δύναμιν,
3637 2243 3777 2296 ὥστε
3817 2258 3883 2310 με

2306 2342 2490 2394 λοιπὸν
2518 2341 2727 2394 οἴεσθαί
2753 2359 2810 2393 τε
2834 2343 2927 2395 καὶ
2955 2343 3194 2412 φρονεῖν,
3232 2341 3311 2391 ὅτι
3348 2341 3465 2398 ταῖς
3493 2353 3655 2389 τινων
3697 2329 3886 2384 ἐπιθυ·

2311 2437 2461 2505 μίαις
2491 2435 2552 2487 τὸ
2569 2435 2746 2488 δοκεῖν
2769 2433 3101 2503 ἠγνοηκέναι
3129 2431 3430 2502 χαρίζεται,
3471 2430 3558 2480 ἵνα
3601 2427 3674 2498 μὴ
3714 2426 3886 2495 άκόμο

2305 2531 2420 2598 ψως
2461 2527 2554 2580 καὶ
2593 2525 2884 2596 περιττῶς,
2917 2525 3242 2589 εὑαφόρμως
3273 2522 3330 2574 δὲ
3360 2521 3582 2589 μᾶλλον,
3610 2521 3725 2580 ταῖς
3762 2514 3884 2568 καθ’

2309 2618 2463 2687 ἡμῶν
2509 2614 2796 2684 λοιδορίαις
2828 2610 3130 2680 κεχρῆσθαι
3190 2608 3477 2676 νομίζηται
3503 2621 3516 2634 ⁸
3548 2605 3724 2656 καίτοι
3760 2603 3885 2654 δυσ-

2308 2707 2485 2778 χερὲς,
2530 2705 2563 2773 ἢ
2600 2704 2827 2766 ἄναντες
2861 2702 3012 2754 οὐδὲν
3049 2696 3329 2758 παντελῶς
3355 2738 3368 2760 ,
3407 2693 3479 2756 ὣς
3513 2710 3576 2761 γε
3616 2687 3794 2761 οἶμαι,
3829 2691 3885 2742 ἐν

2308 2802 2416 2860 τοῖς
2457 2797 2583 2866 παρ’
2630 2795 2787 2865 ἡμῶν
2843 2791 3158 2863 εἰρημένοις
3209 2788 3392 2850 ἐστὶν,
3434 2783 3556 2837 οὕτε
3609 2782 3713 2851 μὴν
3762 2781 3886 2833 δυσ-

2309 2892 2528 2959 έφικτον
2567 2889 2680 2957 ἔχει
2722 2877 2821 2955 τὴν
2871 2881 3196 2953 προσϐολήν.
3249 2875 3467 2944 Ἐπειδὴ
3507 2874 3562 2927 δὲ
3593 2869 3659 2942 ἦν
3715 2872 3885 2935 ἀναγ,

2309 2984 2482 3044 καῖον,
2512 2980 2604 3031 καί
2652 2995 2733 3029 τοι
2785 2975 3132 3045 γεγραφότας
3161 2971 3263 3040 ἤδη
3301 2969 3430 3038 περὶ
3465 2965 3670 3018 τούτων
3716 2963 3886 3031 ἡμᾶς.

2308 3070 2462 3136 ὀλίγα
2496 3068 2588 3121 καὶ
2620 3067 2753 3138 πρὸς
2784 3065 2946 3119 αὐτὸν
2982 3065 3177 3125 εἰπεῖν,
3212 3061 3300 3112 ἵνα
3338 3059 3409 3128 μή
3443 3074 3522 3118 τις
3553 3057 3729 3123 οἴηται
3761 3069 3889 3102 σιω·

2311 3161 2418 3230 πᾷν
2448 3158 2664 3211 ἑλέσθαι
2692 3154 3201 3224 κατεγνωσμένους,
3235 3151 3532 3220 ποιήσομαι
3559 3145 3656 3215 τὴν
3690 3143 3890 3196 ἀπολο-

1703 3245 2208 3316 expositionemque
2237 3239 2278 3294 C
2312 3253 2456 3320 γίαν,
2491 3246 2904 3321 βραχυλογήσας
2929 3245 3003 3308 ὼς
3025 3244 3124 3297 ἔνι.
3159 3243 3308 3296 Ἔδει
3342 3239 3438 3311 μὲν
3464 3235 3555 3292 οὖν
3580 3236 3738 3289 αὑτὸν
3770 3236 3892 3292 ταῖς

2315 3341 2696 3403 θεοπνεύστοις
2753 3338 3121 3409 ὲνησκημένον
3157 3335 3423 3405 Γραφαῖς,
3459 3330 3619 3398 εἴπερ
3647 3323 3714 3396 ἦν
3749 3324 3888 3384 ὅλως

2318 3433 2518 3496 σκοπὸς
2544 3432 2692 3503 αὐτῷ
2739 3433 2866 3494 τοὺς
2900 3430 3024 3498 περὶ
3068 3427 3177 3481 τῶν
3207 3427 3366 3480 θείων
3398 3426 3526 3494 ἡμῖν
3575 3416 3892 3490 μυστηρίων

2319 3527 2588 3579 ποιεῖσθαι
2619 3526 2834 3592 λόγους,
2864 3525 2971 3576 τῶν
3010 3522 3170 3592 ἱερῶν
3207 3516 3556 3589 Γραμμάτων
3589 3507 3895 3579 διαμεμνῆ-

2324 3619 2446 3672 σθαι
2489 3618 2671 3687 μὸνον,
2721 3615 3029 3684 ὲξυφαίνειν
3061 3631 3118 3665 τε
3168 3612 3339 3671 οὓτως
3383 3601 3739 3675 ἁγιοπρεπῶς
3795 3600 3894 3668 τὴν

2317 3710 2619 3778 ἀφήγησιν,
2649 3709 2743 3760 καὶ
2780 3707 2853 3777 μὴ
2891 3705 3094 3776 μύθους
3133 3703 3263 3772 ἡμῖν
3307 3698 3588 3771 ἀρχαίους,
3627 3692 3721 3745 καὶ
3763 3690 3895 3741 ὀδω-

2314 3799 2472 3861 δότας
2495 3798 2895 3868 παρακομίζειν
2921 3799 2999 3859 εἰς
3028 3796 3211 3865 μέσον.
3237 3787 3596 3861 Παρεικάζειν
3623 3785 3730 3852 γὰρ
3755 3781 3899 3844 ἀξιοῖ

2319 3891 2444 3950 τοὺς
2471 3890 2640 3958 ἐμοὺς
2689 3889 2880 3956 λόγους
2919 3887 2997 3957 τῷ
3031 3886 3184 3957 μήλῳ
3237 3883 3336 3952 τῆς
3367 3880 3558 3950 ἔριδος,
3603 3875 3742 3943 τάχα
3794 3888 3897 3922 που

2321 3980 2414 4032 καὶ
2468 3980 2689 4045 ἔνδειξιν
2747 3980 2843 4049 τῆς
2885 3977 3109 4047 ἐνούσης
3153 3974 3299 4042 αὑτῷ
3353 3970 3542 4038 σοφίας
3601 3964 3663 4018 τδ
3706 3962 3898 4032 itm-ill“

2323 4068 2676 4137 ποιούμενος·
2711 4069 2832 4123 ὅθεν
2869 4069 2960 4120 καὶ
3010 4069 3168 4136 ἡμεῖς
3199 4067 3253 4116 ἐν
3298 4060 3533 4127 πλείστῳ
3569 4072 3624 4108 τε
3662 4055 3774 4118 ὅσῳ
3800 4050 3898 4102 καὶ

2324 4159 2542 4229 μεγάλῳ
2573 4159 2829 4228 θαύματι,
2862 4160 2930 4210 τά
2959 4160 3076 4210 κατ’
3119 4155 3279 4208 αὐτὸν
3309 4148 3679 4220 πεποιήμεθα.
3705 4143 3899 4197 Φαίνε-

638 4282 728 4316 ται
757 4266 862 4335 γὰρ
887 4267 948 4316 ὲκ
978 4262 1176 4331 πολλῆς
1227 4261 1364 4328 ἄγαν
1435 4253 1846 4324 ὲλλογιμότητος
1911 4249 2004 4300 καὶ
2045 4248 2386 4318 φιλομαθίας,
2417 4251 2478 4302 τὸ
2531 4250 2699 4319 μῆλον
2750 4251 2846 4318 τῆς
2913 4248 3090 4319 ἔριδος
3164 4247 3262 4298 οὐκ
3293 4239 3601 4312 ἠγνοηκὼς,
3635 4235 3760 4289 οὔτε
3795 4233 3901 4302 μὴν

639 4355 729 4407 τὸν
767 4329 1008 4424 Πριάμου
1061 4329 1252 4422 Πάριν.
1296 4351 1440 4420 Πλὴν
1488 4351 1557 4400 τὰ
1587 4345 1763 4398 τοιάδε
1818 4344 2071 4412 μεθέντες
2121 4343 2199 4401 εἰς
2239 4341 2296 4391 τὸ
2357 4342 2547 4413 παρὸν,
2596 4339 2931 4411 ἀνθεξόμεθα
2977 4331 3178 4409 μᾶλλον
3238 4339 3331 4389 τοῦ
3366 4329 3737 4403 προκειμένου
3770 4341 3897 4376 σκο-

641 4449 744 4502 ποῦ

719 4631 764 4660 ⁸³
793 4627 931 4682 Psal.
965 4641 1112 4688 oux,
1140 4624 1196 4678 2.

1717 4769 1890 4822 Varia:
1917 4765 2172 4821 lectiones
2199 4777 2264 4815 ex
2289 4761 2472 4815 codice
2499 4759 2869 4828 Seguieriano.

718 4973 749 5014 ν
771 4958 1107 5032 ἔκφαίνεται,
1182 4966 1208 5004 q
1242 4967 1711 5024 κατορυωματων.

1791 4963 1812 4991 ι’
1849 4949 2046 5018 ἑαυτὴν
2069 4942 2505 5016 ἀναματτομένη.

2584 4953 2604 4978 ³
2643 4938 2998 5010 ὲννενοηκώς.
3087 4938 3106 4975 ί
3143 4937 3335 5005 λόγους
