4062 6340
189 389 291 447 389

755 392 1287 452 APOLOGETICUS
1324 397 1604 454 CONTRA
1644 397 2164 456 THEODORETUM
2204 400 2343 457 PRO
2378 399 2467 456 XII
2508 402 2891 465 CAPITIBUS.

3336 405 3446 465 390

1035 561 1611 615 ΘΕΟΔΩΡΗΤΟΥ
1655 561 2191 616 ΕΙΙΙΣΚΟΠΟΥ
2238 566 2541 617 ΚΥΡΟΥ

1630 718 1999 770 ΕΠΙΣΤΟΛΗ

1170 874 1327 940 Πρὸς
1375 872 1660 941 Ἰωάννην
1712 875 2061 943 Ἀντιοχείας
2093 876 2447 929 ἐπίσκοπον.

1186 1186 1298 1245 ΤΗ
1306 1187 1357 1245 Ε
1364 1186 1649 1246 ODORE
1662 1189 1747 1247 TI
1789 1190 1848 1248 E
1853 1190 1939 1249 PI
1943 1190 1987 1249 S
1994 1191 2039 1251 C
2047 1190 2187 1251 ΟΡ]
2235 1190 2282 1251 C
2298 1191 2437 1249 YRI

973 1350 1262 1428 Epistola
1298 1352 1380 1411 ad
1437 1355 1741 1412 Joannem
1778 1353 2227 1413 Antiochenam
2276 1356 2643 1433 episcopum.

244 1666 385 1721 Δίαν
437 1668 673 1739 ἠλγησα,
711 1673 823 1734 τοῖς
858 1671 1319 1744 ἀναθεματισμοῖς
1371 1677 1628 1746 ἐντυχων,
1662 1677 1754 1741 οὓς

1934 1678 2093 1747 202
2119 1676 2287 1731 Valde
2306 1674 2475 1743 dolui,
2503 1691 2626 1730 cum
2656 1675 3137 1729 anatltemalismos
3158 1674 3431 1747 legissem,

173 1759 532 1825 ἀπέστειλας,
574 1762 874 1833 ἀνατρέψαι
902 1765 1126 1827 τούτους
1170 1768 1459 1837 ἐγγράφως
1500 1770 1631 1837 ἡμῖν
1660 1786 1752 1821 κε-

172 1850 396 1915 λεύσας,
453 1854 548 1905 καὶ
598 1855 695 1925 τὴν
729 1855 1011 1925 αἱρετικὴν
1065 1858 1243 1909 αὐτῶν
1297 1858 1504 1912 ἔννοιαν
1540 1860 1749 1930 γυμνὴν

172 1944 348 1996 ἆπασι
385 1949 744 2017 καταστῆσαι.
776 1948 1027 2018 Ἥλγησα
1054 1948 1130 2013 δὲ,
1166 1951 1245 2001 ὅτι
1278 1950 1416 2021 ἀνὴρ
1442 1953 1751 2022 ποιμαίνειν

169 2036 371 2105 λαχὼν,
401 2038 493 2090 καὶ
519 2039 751 2110 ποίμνην
775 2040 1043 2110 τοσαύτην
1070 2045 1523 2113 πεπιστευμένος,
1550 2046 1640 2097 καὶ
1664 2044 1750 2097 θε-

170 2128 437 2197 ραπεύειν
467 2130 533 2183 τά
556 2130 757 2201 ἀσθενῆ
797 2133 904 2186 τῶν
938 2134 1223 2204 προϐάτων
1252 2137 1745 2205 προστεταγμένος,

167 2221 317 2271 νοσεῖ
350 2220 451 2288 μὲν
492 2224 675 2286 αὐτὸς,
711 2225 802 2277 καὶ
833 2225 951 2277 λίαν
1006 2226 1272 2296 σφοδρῶς,
1305 2228 1655 2296 ἀναπιμπλᾷν
1695 2231 1749 2281 δὲ

165 2313 437 2381 πειρᾶται
483 2313 582 2383 τῆς
637 2317 794 2369 νόσου
844 2320 934 2369 καὶ
992 2319 1061 2371 τὰ
1121 2319 1441 2389 θρέμματα,
1502 2319 1594 2370 καὶ
1641 2319 1747 2369 τῶν

165 2403 379 2473 ἀγρίων
463 2403 666 2476 θηρίων
752 2408 1104 2480 χαλεπώτερα
1198 2410 1263 2461 τὰ
1352 2411 1747 2479 ποιμαινόμενα

166 2496 513 2564 καθίστησιν.
563 2499 623 2550 Ol
689 2500 786 2565 μὲν
830 2502 938 2567 γὰρ
974 2502 1039 2553 τὰ
1078 2500 1480 2571 διεσπαρμένα,
1516 2502 1608 2553 καὶ
1651 2505 1746 2572 τῆς

165 2584 405 2654 ποίμνης
455 2589 838 2655 κεχωρισμένα
884 2588 1183 2640 διασπῶσιν
1230 2590 1587 2659 ἁρπάζοντες,
1616 2596 1642 2645 ὁ
1689 2594 1744 2645 δὲ

163 2676 218 2726 ἐν
252 2674 407 2743 μέσῳ
440 2673 645 2743 ταύτης
696 2676 1012 2746 τυγχάνων,
1047 2678 1140 2731 καὶ
1192 2679 1379 2750 Σωτὴρ
1433 2677 1607 2745 εἶναι,
1652 2684 1744 2734 καὶ

164 2765 339 2835 φύλαξ
384 2766 791 2837 νενομισμένος,
822 2769 1089 2841 λαθραίαν
1128 2774 1225 2843 τὴν
1258 2773 1465 2842 πλάνην
1496 2777 1606 2837 τοῖς
1635 2792 1745 2826 πει-

163 2863 415 2935 θομένοις
460 2865 657 2933 ἐνίησι.
700 2864 771 2915 Τὸ
808 2863 905 2933 μὲν
956 2864 1064 2934 γὰρ
1108 2864 1402 2933 προφανῶς
1450 2865 1740 2935 πολεμοῦν,

161 2957 390 3011 δυνατὸν
436 2959 531 3010 καὶ
572 2955 936 3027 φυλάξασθαι,
975 2956 1033 3007 τὸ
1071 2954 1114 3008 δ’
1164 2957 1221 3007 ὲν
1268 2957 1505 3026 σχήματι
1563 2957 1741 3024 φιλίας

162 3050 261 3120 τὴν
298 3048 593 3120 ἐπιϐουλὴν
625 3047 956 3118 προσφέρον,
1004 3047 1312 3115 ἀφύλακτον
1358 3048 1598 3119 εὑρίσκει
1651 3050 1740 3103 τὸν

162 3139 611 3209 πολεμούμενον,
656 3140 746 3191 καὶ⁹
787 3138 978 3208 ῥᾳδίαν
1017 3139 1165 3208 αὐτῷ
1215 3140 1310 3208 τὴν
1356 3139 1555 3210 βλάϐην
1604 3142 1741 3192 ἐντί-

158 3228 319 3299 θησι·
364 3229 445 3281 διὸ
484 3229 719 3281 καὶτῶν
764 3228 962 3293 ἔξωθεν
1012 3228 1393 3297 πολεμούντων
1435 3232 1482 3280 οί
1531 3230 1738 3282 ἔνδοθεν

159 3319 529 3389 πολεμοῦντές
589 3320 693 3369 εισι
747 3317 1137 3388 χαλεπώτεροι.
1172 3319 1332 3370 Τουτί
1371 3336 1436 3389 με
1477 3320 1737 3389 μειζόνως

157 3409 374 3475 ⁴ἡνίασε,
400 3408 461 3460 τὸ
490 3410 547 3460 ὲν
580 3407 861 3470 εὐσεϐείας
892 3407 1120 3477 ὀνόματί
1144 3425 1199 3460 τε
1228 3409 1320 3461 καὶ
1355 3411 1609 3479 σχήματι,
1644 3412 1736 3462 καὶ

156 3500 211 3549 ἐν
263 3497 526 3568 ποιμένος
576 3496 846 3569 ἀξιώματι
885 3500 1257 3568 τυγχάνοντα,
1306 3501 1402 3562 τὰς
1457 3500 1735 3571 αἱρετικάς

155 3592 249 3643 καὶ
299 3590 659 3663 βλασφήμους
693 3591 854 3662 ῥῆξαι
901 3592 1115 3668 φωνάς’
1150 3593 1242 3645 καὶ
1288 3594 1386 3661 τὴν
1415 3593 1579 3646 πάλαι
1614 3593 1735 3645 σϐε-

155 3680 378 3734 σθεῖσαν
424 3681 802 3751 Ἀπολιναρίου
850 3681 1130 3753 φλήναφον
1174 3683 1308 3753 ὁμοῦ
1357 3684 1453 3735 καὶ
1500 3684 1730 3754 δυσσεϐῆ

152 3772 508 3826 διδασκαλίαν
545 3773 975 3826 ἀνανεώσασθαι.
1015 3775 1157 3843 Πρὸς
1214 3775 1267 3826 δὲ
1303 3775 1514 3836 τούτοις
1560 3776 1619 3827 τὸ
1656 3776 1731 3845 μὴ

156 3864 318 3933 μόνον
347 3862 521 3916 ταῦτα
556 3863 912 3933 πρεσϐεῦσαι,
960 3864 1095 3917 ἀλλὰ
1146 3866 1238 3916 καὶ
1270 3868 1394 3927 τοὺς
1445 3867 1518 3935 μὴ
1549 3867 1729 3918 πειθο-

156 3956 355 4022 μένους
389 3952 537 4025 αύτῷ
576 3954 1054 4025 συμϐλασφημεῖν,
1092 3956 1489 4025 ἀναθεματίσαι
1529 3957 1731 4027 τολμῆ-

154 4060 241 4095 σαι
263 4058 276 4072 ⁸
319 4042 481 4114 εἴπερ
513 4044 729 4113 ἀληθῶς
758 4046 919 4099 αὑτοῦ
958 4045 1131 4099 ταῦτα
1162 4046 1229 4099 τὰ
1265 4047 1599 4117 γεννήματα,
1635 4048 1730 4100 καὶ

150 4134 209 4186 ού
244 4135 357 4189 τῶν
381 4137 589 4208 ἐχθρῶν
619 4157 699 4201 τις
717 4140 815 4209 τῆς
842 4139 1118 4208 ἀληθείας,
1143 4140 1217 4203 ὡς
1242 4140 1297 4205 ἐξ
1326 4142 1533 4193 ἐκείνου
1557 4140 1727 4195 ταῦτα

153 4228 541 4291 συντεθεικὼς,
570 4230 790 4299 ἔρριψεν
814 4232 868 4280 ὲν
899 4230 1067 4298 μέσῳ,
1106 4231 1241 4283 κατὰ
1267 4232 1328 4282 τὸ
1362 4232 1726 4300 μυθευόμενον

150 4319 328 4369 ὲκετνο
364 4319 533 4388 μῆλον
564 4322 660 4389 τῆς
689 4319 883 4390 ἔριδος,
928 4323 1005 4384 εἰς
1031 4320 1164 4390 ὕψος
1209 4322 1434 4391 ἐγείρων
1460 4323 1560 4391 τὴν
1602 4324 1727 4391 φλό-
1756 4366 1799 4423 C

150 4427 241 4475 γα.
285 4410 430 4477 Ἐγὼ
462 4412 664 4477 τοίνυν,
695 4414 792 4465 εἴτ’
826 4416 1049 4478 ἐκεῖνος,
1088 4416 1183 4466 εἴτ’
1219 4413 1378 4477 ἄλλος
1417 4433 1521 4479 τις,
1553 4416 1627 4480 ὡς
1672 4417 1728 4482 ἐξ

147 4501 388 4566 ἐκείνου,
421 4502 594 4557 ταῦτα
652 4504 979 4570 συντέθεικε,
1030 4506 1105 4576 τῷ
1146 4507 1287 4574 φωτὶ
1334 4507 1427 4559 τοῦ
1460 4510 1727 4576 παναγίου

149 4593 475 4663 Πνεύματος
508 4595 752 4664 συνεργῷ
778 4596 912 4665 πρὸς
934 4597 1032 4667 τὴν
1063 4597 1289 4667 ἔρευναν
1321 4599 1419 4668 τῆς
1448 4601 1728 4671 αἱρετικῆς

150 4682 477 4745 κακοδοξίας
502 4684 869 4754 χρησάμενος,
893 4687 1032 4739 κατά
1057 4688 1115 4738 τὸ
1140 4687 1337 4757 μέτρον
1358 4690 1456 4758 τῆς
1482 4690 1727 4759 δοθείσης

152 4786 240 4837 μοι
279 4769 593 4841 δυνάμεως,
642 4773 895 4842 διήλεγξα
931 4775 1123 4837 ταῦτα,
1159 4777 1231 4837 ὼς
1261 4771 1405 4849 οἷόνῇ
1453 4797 1509 4831 τε
1543 4797 1601 4829 ν·
1634 4780 1727 4831 καὶ

148 4860 521 4929 εύαγγελικάς
540 4863 635 4916 καὶ
662 4863 1027 4927 ἀποστολικάς
1050 4864 1323 4934 ἀντέθηκα
1352 4866 1691 4930 διδασκαλίας
1710 4882 1722 4893 ·

149 4952 245 5004 καὶ
269 4952 335 5005 τὸ
368 4952 659 5007 ἀλλόκοτον
682 4954 776 5007 τοῦ
802 4954 1070 5025 δόγματος
1096 4955 1272 5020 ἔδειξα
1292 4974 1305 4986 ·
1335 4960 1426 5010 καὶ
1454 4960 1583 5028 ὅσην
1614 4959 1725 5028 ἔχει

148 5044 451 5113 διαφωνίαν
478 5046 612 5116 πρὸς
638 5047 707 5100 τὰ
737 5047 855 5100 θεῖα
877 5047 1124 5117 δόγματα
1156 5048 1429 5119 πεποίηκα
1457 5052 1687 5121 φανερόν
1706 5069 1720 5083 ο

149 5137 533 5207 παρεξετάσας
565 5137 704 5191 αύτά
733 5141 845 5203 τοῖς
877 5139 969 5192 τοῦ
1005 5140 1148 5193 θείου
1180 5141 1491 5212 Πνεύματος
1522 5143 1721 5210 λόγοις,

150 5229 242 5280 καὶ
291 5229 517 5294 διδάξας
560 5231 705 5293 ὅπως
748 5232 1075 5302 ἀσύμφωνα,
1106 5235 1337 5287 καὶτῶν
1382 5235 1539 5287 θείων
1566 5236 1721 5289 ἁλλό-

148 5333 294 5387 τρια.
338 5319 486 5389 Πρὸς
534 5320 590 5372 δὲ
630 5318 725 5390 τὴν
759 5320 852 5372 τοῦ
888 5322 1326 5393 ἀναθεματισμοῦ
1372 5325 1573 5395 τόλμαν
1602 5343 1723 5378 τοσ-

150 5412 303 5464 οῦτον
338 5410 473 5480 ἐρῶ,
513 5413 595 5463 ὅτι
632 5402 837 5475 Παῦλος
869 5416 895 5465 ὁ
932 5414 1442 5483 μεγαλοφωνότατος
1470 5416 1572 5485 τῆς
1600 5418 1723 5488 ἀλη-

151 5504 300 5565 θείας
329 5501 512 5572 κήρυξ
535 5504 660 5566 τοὺς
684 5504 1160 5577 παραφθείραντας
1183 5507 1249 5559 ca
1280 5508 1608 5576 εὐαγγελικὰ
1629 5510 1720 5562 καὶ

150 5595 485 5648 ἀποστολικά
520 5594 843 5667 διδάγματα,
884 5599 1262 5670 ἁνεθεμὰτισε,
1296 5602 1388 5654 καὶ
1420 5602 1527 5655 τῶν
1557 5603 1719 5671 ἀγγέ-

220 5770 269 5803 “
303 5771 479 5828 Galat.
518 5789 555 5839 t,
580 5776 630 5827 8.

1859 1784 1994 1837 quos
2030 1768 2304 1831 direxisti,
2344 1768 2494 1821 nobis
2519 1768 2835 1837 praecipiens
2866 1776 2921 1818 ut
2963 1782 3053 1820 eos
3085 1768 3286 1837 scripto
3335 1770 3429 1823 rie—

1856 1869 2207 1921 strueremus,
2242 1867 2294 1909 et
2327 1866 2379 1909 ut
2402 1858 2711 1911 ltmreticum
2770 1872 2952 1909 eorum
2981 1872 3197 1909 sensum
3230 1859 3428 1910 nudum

1855 1951 2107 2004 omnibus
2147 1949 2546 2003 intimaremus.
2583 1947 2733 2001 Dolui
2768 1951 2947 2001 autem
2976 1949 3118 2015 quod
3175 1949 3293 2011 vir,
3335 1963 3430 2015 pa-

1854 2043 2036 2097 scendi
2066 2043 2289 2095 sortitus
2317 2040 2569 2106 oﬂicium,
2604 2050 2659 2095 et
2693 2042 2777 2094 cui
2812 2055 2943 2109 grex
2990 2050 3170 2095 tantus
3200 2052 3283 2096 est
3309 2056 3427 2095 cre-

1854 2135 2019 2198 ditus,
2073 2142 2128 2185 et
2156 2148 2286 2187 oves
2316 2133 2554 2186 infirmas
2583 2146 2775 2187 curare
2804 2142 3155 2200 przeceptum,
3202 2149 3308 2188 non
3340 2149 3424 2187 so-

1852 2224 1959 2275 lunt
1989 2225 2218 2291 languet
2250 2225 2383 2291 ipse,
2409 2234 2458 2278 et
2486 2224 2700 2292 quidem
2732 2224 3095 2283 vehementer.
3123 2227 3216 2278 sed
3238 2225 3427 2278 nititur

1851 2315 2012 2376 etiam
2042 2327 2169 2365 oves
2188 2314 2507 2379 aegritudine
2528 2315 2769 2380 implere,
2792 2326 2844 2366 et
2871 2314 2999 2367 feris
3020 2316 3205 2367 bestiis
3232 2316 3427 2369 saevius

1849 2417 1912 2456 ea
1941 2417 2061 2471 quae
2120 2410 2245 2455 sunt
2294 2403 2559 2470 pascenda
2595 2404 2871 2470 discerpit.
2911 2404 3016 2456 Illae
3047 2420 3281 2473 namque
3340 2421 3425 2472 ea,

1849 2506 1966 2559 qua:
2002 2500 2125 2543 sunt
2149 2491 2390 2560 dispersa
2440 2500 2494 2545 et
2523 2506 2549 2543 a
2580 2507 2740 2561 grege
2784 2493 2977 2554 divisa,
3016 2494 3294 2563 rapientes
3351 2497 3428 2550 di-

1853 2583 2090 2636 lacerant
2118 2599 2132 2641 :
2158 2583 2243 2638 hic
2277 2594 2455 2636 autem
2489 2585 2539 2636 in
2591 2585 2765 2637 medio
2793 2588 2972 2654 gregis
3022 2586 3319 2651 exsistens,
3374 2599 3427 2642 et

1852 2674 2092 2727 salvator
2145 2685 2422 2741 reputatus
2475 2685 2523 2728 et
2582 2686 2767 2729 custos
2812 2675 3066 2730 latentem
3096 2693 3336 2733 errorem
3371 2682 3425 2734 in

1852 2783 1971 2827 eos.
1999 2770 2090 2837 qui
2130 2768 2201 2820 illi
2236 2776 2445 2834 parent.
2484 2767 2794 2821 introducit.
2844 2767 2994 2833 Quod
3055 2771 3196 2823 enim
3242 2780 3427 2839 aperte

1847 2869 2139 2929 oppugnat,
2166 2860 2445 2913 observari
2478 2859 2632 2911 facile
2662 2870 2743 2911 est
2773 2877 2786 2925 ;
2818 2864 2958 2927 quod
2994 2876 3120 2916 vero
3151 2864 3248 2916 sub
3293 2864 3425 2917 arni-

1847 2954 1989 3006 citize
2038 2952 2216 3018 specie
2272 2951 2498 3003 insidias
2566 2961 2742 3018 parat,
2786 2952 2991 3003 invenit
3046 2967 3201 3019 eum;
3237 2966 3423 3008 contra

1849 3061 2006 3114 quem
2042 3053 2263 3114 pugnat,
2296 3043 2595 3109 incautum,
2638 3045 2795 3112 eique
2835 3042 2987 3097 facile
3029 3044 3191 3098 infert
3244 3044 3422 3099 lmsio-

1851 3152 1993 3197 nem,
2050 3138 2191 3188 unde
2259 3135 2322 3186 iis
2374 3135 2462 3201 qui
2517 3137 2755 3189 exterius
2817 3145 3145 3205 Oppugnant,
3197 3137 3422 3191 interius

1848 3236 2145 3295 pugnantes
2172 3237 2294 3279 sunt
2324 3227 2596 3280 saeviores.
2627 3228 2740 3280 Hoc
2772 3241 2855 3279 me
2890 3228 3057 3280 multo
3092 3229 3259 3298 magis
3284 3242 3420 3283 con-

1849 3318 2045 3378 tristat,
2071 3319 2211 3385 quod
2240 3318 2335 3370 sub
2364 3316 2581 3384 pietatis
2612 3316 2828 3369 nomine
2850 3328 3011 3385 atque
3048 3316 3219 3383 figura
3274 3329 3327 3373 et
3362 3320 3415 3374 in

1846 3408 2079 3475 pastoris
2119 3407 2379 3475 dignitate
2411 3407 2732 3471 consistens,
2769 3406 2818 3458 in
2870 3408 3147 3461 lttcreticas
3194 3421 3244 3461 et
3277 3409 3419 3463 blas-

1874 3499 2093 3565 phemas
2121 3513 2278 3551 voces
2306 3498 2559 3565 erumpit;
2591 3507 2645 3551 et
2677 3498 2875 3550 dudum
2899 3500 3222 3554 exstinctam
3251 3501 3417 3569 Apol-

1846 3590 2027 3643 linurii
2059 3591 2276 3644 inanem
2305 3590 2464 3643 simul
2498 3591 2826 3659 impiamun
2848 3592 3144 3644 doctrinam
3170 3602 3414 3649 renovat.

1845 3680 2016 3747 Super
2041 3682 2152 3735 haec
2181 3691 2359 3735 autem
2394 3698 2498 3735 non
2552 3681 2723 3735 solum
2760 3682 2885 3735 talia
2940 3685 3166 3749 sentire,
3218 3686 3310 3737 sed
3361 3692 3417 3738 et

1841 3771 1952 3825 suis
1974 3770 2325 3839 blasphemiis
2354 3788 2457 3826 non
2486 3774 2892 3827 consentientes
2948 3776 3415 3829 auathematizare

1838 3864 2243 3929 praesumpserit
2276 3881 2287 3915 :
2349 3864 2394 3918 si
2428 3874 2603 3917 tamen
2636 3865 2803 3932 ipsius
2838 3866 2938 3918 ista
2982 3874 3107 3917 sunt
3146 3867 3411 3934 germina,

1838 3960 1889 4003 et
1921 3966 2023 4003 non
2060 3952 2402 4006 inimicorum
2435 3953 2700 4021 quispiam
2751 3955 3016 4019 veritatis,
3043 3965 3295 4024 tanquam
3345 3972 3410 4011 ev

1838 4039 1928 4093 illo
1951 4039 2064 4093 haec
2095 4055 2443 4109 componens,
2474 4044 2699 4110 projecit
2731 4044 2780 4095 iu
2823 4045 3077 4110 medium,
3111 4047 3411 4101 secundum

1839 4134 1987 4195 illud,
2015 4136 2152 4201 quod
2178 4145 2258 4189 est
2293 4136 2345 4188 in
2392 4135 2591 4199 fabula,
2618 4153 2835 4206 pomum
2877 4139 3180 4204 discordiae,
3229 4141 3281 4194 in
3334 4141 3413 4195 al-

1840 4232 1949 4277 tum
2000 4225 2268 4280 flammam
2317 4228 2583 4282 exultans.
2620 4227 2730 4297 Ego
2762 4230 3005 4297 proinde,
3034 4230 3148 4283 sive
3196 4231 3261 4295 is,
3296 4232 3412 4286 sive

1835 4318 1969 4369 alius
2005 4320 2271 4385 quispiam
2299 4320 2438 4371 velut
2473 4335 2538 4372 ex
2572 4320 2714 4373 illius
2749 4335 2976 4388 persona
3044 4321 3158 4375 haec
3188 4336 3406 4391 compo-

1835 4410 2029 4473 suerit,
2059 4409 2261 4461 auxilio
2287 4408 2423 4463 lucis
2460 4411 2787 4463 sanctissimi
2822 4410 3057 4477 Spiritus
3088 4412 3153 4465 ad
3191 4412 3410 4481 inquisi-

1834 4507 2032 4557 tionem
2056 4518 2240 4572 prava:
2268 4513 2319 4557 et
2346 4504 2611 4556 haeretica:
2640 4504 2911 4573 opinionis
2949 4520 3096 4567 usus,
3129 4521 3226 4574 pro
3251 4508 3406 4561 modo

1832 4610 2105 4649 concessae
2138 4594 2266 4648 mihi
2296 4592 2586 4655 facultatis,
2630 4594 2803 4663 quoad
2848 4594 2961 4647 fieri
3004 4596 3193 4663 potuit,
3222 4610 3283 4649 ea
3321 4612 3405 4651 re-

1832 4684 2023 4747 futavi,
2088 4684 2468 4751 doctrinasque
2538 4683 2877 4752 evangelicas
2960 4693 3013 4736 et
3074 4684 3404 4753 apostolicas

1830 4776 2075 4843 opposui,
2109 4774 2268 4843 203
2296 4790 2357 4826 ac
2381 4773 2645 4842 dogmatis
2703 4774 3088 4828 absurditatem
3147 4773 3399 4842 patefeci,

1829 4878 1881 4921 et
1906 4876 2165 4935 quantmn
2194 4869 2462 4933 diserepet
2495 4882 2522 4918 a
2546 4866 2743 4919 divinis
2773 4864 3136 4931 dogmatibus,
3181 4866 3398 4933 planum

1829 4960 1955 5025 feci,
1983 4974 2043 5013 ea
2078 4960 2142 5011 ad
2175 4959 2344 5011 sancti
2375 4957 2607 5025 Spiritus
2646 4956 2857 5024 eloquia
2892 4956 3253 5023 perpendens,
3305 4959 3400 5012 do-

1828 5065 2066 5119 censque
2090 5051 2369 5119 qualitera
2394 5046 2591 5100 divinis
2617 5046 2788 5099 aliena
2824 5046 2929 5099 sint
2952 5054 3006 5099 et
3031 5047 3392 5102 dissentanea.

1828 5145 2101 5199 Adversus
2134 5151 2309 5192 autem
2338 5137 2616 5191 audaciam
2644 5138 3079 5191 anathematismi
3118 5139 3217 5193 hoc
3245 5140 3397 5193 dixe-

1828 5236 1949 5295 rim,
1982 5244 2174 5299 nempe
2206 5228 2430 5281 Paulum
2465 5228 2827 5281 clarissimum
2877 5228 3123 5282 veritatis
3187 5244 3394 5297 praeco-

1828 5340 1945 5379 nem
1983 5338 2170 5376 ausum
2191 5322 2351 5374 etiam
2385 5321 2641 5373 adversus
2674 5318 3050 5385 angelos,illos
3078 5319 3395 5372 anathema-

1828 5420 2041 5478 tizasse,
2114 5414 2202 5481 qui
2266 5412 2570 5481 evangelica
2622 5420 2675 5463 et
2722 5410 3018 5478 apostolica
3074 5411 3390 5463 documenta

1827 5514 2184 5574 corruperant
2214 5504 2278 5566 ⁸⁵,
2347 5510 2727 5571 permanentes
2780 5508 2958 5554 autem
3011 5500 3062 5553 in
3109 5499 3326 5552 traditis
3360 5514 3387 5549 τι

1828 5600 2085 5668 theologis
2146 5594 2383 5651 decretis
2453 5609 2557 5647 non
2619 5592 2786 5656 item;
2854 5589 2986 5645 tales
3035 5589 3175 5645 enim
3226 5588 3387 5643 etiam
