4062 6340
651 379 751 438 391

1671 379 1728 436 S.
1772 378 2050 437 CYRILLI
2089 377 2561 436 ALEXANDRINI
2605 377 2924 434 ARCHIEP.

3791 376 3896 433 592

655 491 1120 549 benedictionibus
1185 493 1460 548 munivit:
1517 492 1742 549 dicens:
1807 512 1826 547 ι
1902 494 2221 564 Quicunque

2340 511 2429 548 ιων
2464 492 2904 563 κατατολμήσας,
2927 489 2987 542 οὐ
3011 489 3136 550 τοὺς
3167 485 3503 558 ἐμμένοντας
3527 477 3638 549 τοῖς
3666 487 3895 541 δοθεῖσιν

655 587 795 640 lianc
821 582 1057 654 regulam
1082 592 1402 653 sequuntur,
1439 598 1540 652 pax
1570 599 1733 654 super
1777 585 1946 653 ipsos,
1973 593 2029 640 et
2065 587 2220 640 mise-

655 674 907 738 ricordia,
951 682 1006 727 et
1060 688 1222 743 super
1264 673 1424 728 Israel
1472 673 1562 729 Dei
1593 674 1660 728 “.
1693 693 1711 725 ι
1763 674 1990 746 Colligat
2057 680 2220 745 igitur

654 765 958 820 istiusmodi
994 779 1304 819 sermonum
1333 775 1520 820 auctor
1554 780 1620 819 cx
1643 766 1934 834 apostolica
1969 782 2222 822 exsecra-

657 857 802 911 tione
823 855 1064 910 laborum
1090 870 1309 910 suorum
1329 856 1631 924 przemia,et
1659 856 2030 913 haereticorum
2047 861 2220 915 semi-

657 959 784 997 num
813 943 1135 1011 manipulos.
1157 941 1266 997 Nos
1285 959 1411 998 vero
1431 943 1877 1012 conquiescemus
1897 946 1949 998 in
1972 947 2221 1002 doctrina

653 1044 964 1088 sanctorum
992 1033 1232 1088 Patrum.
1279 1033 1545 1090 Car-terum
1606 1035 1732 1090 huic
1797 1036 2042 1105 epistolae
2093 1037 2223 1092 sub-

657 1128 929 1181 texuimus
947 1124 1400 1195 oppugnationes.
1427 1133 1487 1180 ut
1514 1139 1579 1180 ex
1605 1126 1722 1195 ipsa
1747 1125 1981 1182 lectione
2016 1129 2224 1198 perspi-

657 1219 790 1285 cias,
817 1233 882 1272 an
916 1218 1169 1272 haeretica
1220 1218 1555 1288 problemata
1616 1231 1838 1273 strenue
1883 1219 2219 1275 diluerimus.

655 1311 735 1366 Ad
766 1310 1004 1381 singulos
1026 1319 1204 1366 autem
1232 1310 1714 1366 anathematismos
1745 1325 1991 1366 seorsum
2023 1312 2225 1380 positos

657 1398 854 1468 protuli
881 1398 1288 1466 refutationem,
1313 1410 1368 1453 ut
1398 1401 1635 1456 lectores
1663 1398 1878 1454 facilius
1903 1400 2220 1471 intelligant,

659 1503 721 1542 ac
754 1490 1031 1560 perspicua
1067 1489 1137 1542 sit
1169 1491 1476 1559 dogmatum
1515 1491 1842 1558 redargutio.

2324 584 2471 653 ὅροις
2519 583 2624 637 ὑπὸ
2671 581 2780 635 τῶν
2825 579 3089 648 θεολόγων
3137 578 3371 648 ἀνδρῶν·
3407 578 3627 641 τούτους
3656 579 3763 650 γὰρ
3801 581 3897 632 καὶ

2327 675 2599 743 εὐλογίαις
2623 673 2938 744 ὠχύρωσεν,
2964 671 3151 723 εἰπών’
3181 689 3199 721 ι
3229 670 3385 724 Ὅσοι
3411 669 3488 741 τῷ
3517 673 3696 724 κανόνι
3721 672 3898 740 τούτῳ

2329 767 2703 836 στοιχήσουσιν
2738 776 2786 827 ιι,
2835 763 3026 834 εἰρήνη
3061 765 3145 815 ἐπ’
3181 763 3398 825 αὐτοὺς,
3449 766 3542 816 καὶ
3591 763 3757 827 ἕλεος,
3801 767 3897 817 καὶ

2323 855 2420 908 ἐπὶ
2448 855 2538 908 τὸν
2578 854 2790 926 Ἰσραὴλ
2827 853 2921 907 τοῦ
2953 852 3108 908 Θεοῦ.
3147 873 3165 904 ›
3199 853 3492 922 Δρεπέσθω
3521 854 3701 907 τοίνυν
3733 857 3760 907 ό
3787 855 3896 907 τῶν

2328 946 2500 1014 λόγων
2536 946 2740 999 τούτων
2783 947 2963 1017 πατὴρ
2991 947 3055 998 ἐκ
3097 945 3196 1017 τῆς
3223 945 3584 1015 ἀποπολικῆς
3613 947 3750 1016 ἀρᾶς
3787 947 3896 998 τῶν

2329 1036 2542 1090 οἰκείων
2564 1035 2739 1088 πόνων
2769 1036 2834 1088 τὰ
2856 1036 3125 1106 ἐπίχειρα,
3154 1036 3246 1088 καὶ
3272 1037 3379 1088 τῶν
3411 1035 3701 1106 αἱρετικῶν
3731 1052 3898 1104 σπερ-

2335 1126 2520 1196 μάτων
2555 1126 2621 1178 τὰ
2654 1124 2946 1196 δράγματα
2967 1127 3158 1196 ’ἡμεῖς
3193 1125 3250 1178 δὲ
3287 1128 3354 1197 τῇ
3388 1126 3497 1179 τῶν
3527 1126 3695 1194 ἁγίων
3728 1127 3898 1178 Πατέ-

2332 1235 2442 1288 ρων
2485 1216 2833 1288 ἐμμενοῦμεν
2881 1217 3220 1288 διδασκαλίᾳ.
3263 1217 3534 1282 ’Υπέταξα
3574 1218 3630 1270 δέ
3684 1217 3901 1279 καὶτὰς

2328 1309 2703 1380 γεγενημένας
2734 1311 3080 1381 ἀντιρρήσεις
3109 1307 3234 1379 τῇδέ
3266 1326 3366 1379 μου
3394 1311 3458 1381 τῇ
3511 1309 3791 1378 ἐπιστολῇ,
3815 1309 3900 1360 ἵνα

2330 1403 2597 1468 ἀναγνοὺς
2655 1402 2955 1471 δοκιμάσας
2982 1409 3030 1464 ν,
3066 1401 3114 1453 εί
3155 1401 3397 1465 δυνατῶς
3444 1401 3552 1454 τῶν
3612 1400 3902 1469 αἱρετικῶν

2332 1492 2735 1563 προὸλημάτων
2773 1493 2869 1562 τὴν
2915 1493 3066 1544 λύσιν
3115 1493 3510 1564 ἐποιησάμεθα.
3541 1493 3812 1547 Ἕκαστον
3845 1491 3902 1542 δὲ

655 1584 765 1637 τῶν
787 1582 1238 1654 ἀναθεματισμῶν
1268 1583 1388 1636 καθ’
1417 1584 1606 1636 ἐαυτὸν
1631 1582 1917 1647 τεθεικὼς,
1953 1583 2224 1654 ἐξήγαγον
2264 1586 2363 1653 τὴν
2433 1587 2774 1656 ἀντίρρησιν,
2809 1587 2953 1648 ὅπως
2985 1584 3050 1638 ἂν
3116 1586 3324 1658 ῥᾳδίως
3345 1589 3457 1650 τοῖς
3486 1585 3903 1656 ἐντυγχάνουσιν

657 1678 694 1749 ὴ
725 1676 1051 1748 κατανόησις
1076 1679 1322 1748 γένηται,
1372 1678 1466 1730 καὶ
1517 1679 1693 1750 σαφὴς
1732 1679 1840 1732 τῶν
1882 1681 2168 1750 δογμάτων
2210 1685 2237 1735 6
2273 1682 2517 1751 ἐλεγχος.

1263 1867 1834 1957 ΚΥΡΙΑΛΟΥ
1886 1871 2328 1956 ΑΡΧΙΕΠ.
2403 1862 3232 1961 ΑΛΕΞΑΝΔΡΕΙΑΣ

1009 2045 1168 2118 Πρὸς
1194 2046 1338 2117 τοὺς
1370 2051 1713 2125 τολμῶντας
1736 2054 2097 2126 συνηγορεῖν
2130 2055 2255 2122 τοῖς
2281 2055 2610 2123 Νεστοριου
2641 2053 2957 2125 δόγμασιν,
2993 2053 3074 2121 ὠς
3106 2053 3292 2124 ὀρθῶς
3314 2053 3546 2122 ἔχουσι,

2049 2210 2394 2264 ΚΕΦΑΛΑΙΑ
2436 2210 2538 2263 IB'.

1075 2532 1560 2624 CYRILLI
1638 2530 2563 2623 ABCHIEPISCOPI
2658 2532 3473 2621 ALEXANDRIIE

953 2728 1265 2792 «Adversus
1324 2743 1434 2790 eos
1495 2729 1598 2808 qui
1664 2725 1897 2789 audent
1951 2726 2220 2789 Nestorii
2283 2725 2719 2805 dogmatibus,
2789 2731 2859 2789 ut
2920 2724 3142 2799 rectis,
3209 2723 3630 2806 patrocinari,

1922 2889 2194 2950 CAPITA
2233 2889 2641 2951 DUODECIM.

1084 3208 1722 3267 ANATHEMATISMUS
1763 3210 1801 3266 Ι.

733 3351 792 3409 8i
827 3349 948 3420 quis
977 3361 1082 3401 non
1113 3343 1402 3400 conﬁtetur
1449 3342 1858 3398 Emmanuelem
1904 3358 2037 3399 vere
2070 3343 2234 3402 Deum

664 3459 812 3509 esse,
842 3451 896 3495 et
923 3440 994 3495 ob
1021 3439 1071 3493 id
1123 3447 1362 3490 sanctam
1400 3432 1676 3505 Virginem
1717 3435 2005 3506 Deiparam
2031 3435 2239 3507 (genuit

664 3534 808 3590 enim
830 3531 916 3586 illa
942 3528 1232 3586 carnaliter
1254 3528 1589 3583 iucarnatum
1619 3526 1710 3581 Dei
1733 3526 1910 3583 Patris
1932 3524 2191 3598 Verbum)
2219 3543 2234 3581 :

667 3621 955 3676 anathema
983 3619 1073 3674 sit.

666 3730 830 3804 205
857 3728 1403 3798 Theodoretiepiswpi
1426 3726 1553 3807 Cyri
1589 3729 1921 3797 reprehensio
1962 3726 2240 3783 duodecim

1335 3811 1584 3866 capitum.

739 3911 847 3968 Nos
884 3920 1066 3966 autem
1115 3911 1427 3980 quicunque
1460 3925 1620 3965 voces
1682 3911 2023 3980 evangelieas
2055 3912 2240 3982 sequi-

664 4020 813 4067 mur.
865 4019 974 4058 non
1022 4017 1247 4058 «carnem
1311 4001 1635 4056 naturaliter
1683 4000 1908 4070 factum,
1964 4017 2139 4072 neque
2184 4005 2238 4058 in

667 4111 886 4152 carnem
922 4109 1239 4151 conversum
1267 4092 1436 4148 Deum
1467 4093 1706 4148 Verbum
1731 4093 1972 4150 .dicimns
2005 4110 2019 4158 ;
2055 4095 2241 4149 incon-

668 4187 956 4245 vertibilis.
1011 4196 1098 4242 est
1160 4186 1306 4240 enim
1379 4185 1842 4253 immutabilisque
1913 4185 2170 4240 divinitas
2225 4205 2238 4241 :

669 4279 814 4332 unde
861 4286 915 4330 et
963 4275 1222 4346 propheta
1254 4275 1420 4330 David
1463 4277 1640 4331 dicit:
1687 4296 1704 4327 ι
1748 4276 1826 4329 Tn
1873 4287 2054 4331 autem
2099 4278 2241 4331 idem

693 4383 787 4437 pse
815 4381 898 4433 es,
934 4374 988 4421 et
1025 4367 1149 4421 an‘ni
1193 4366 1266 4421 tui
1313 4380 1417 4420 non
1460 4365 1717 4419 delicieut
1747 4367 1831 4429 ";
1869 4385 1887 4418 ι
1921 4369 2065 4436 quod
2105 4367 2244 4421 Pau-

671 4459 756 4512 lus
815 4472 1039 4527 magnus
1095 4456 1342 4512 veritatis
1390 4471 1568 4526 praeco
1608 4457 1672 4510 tle
1714 4455 1856 4512 Filio
1906 4458 2132 4521 dictum,
2188 4457 2240 4512 in

2762 3200 3352 3261 ΑΝΑΘΕΜΑΤΙΣΜΟΣ
3407 3203 3484 3255 Λ’.

2410 3343 2476 3396 Εἴ
2500 3358 2582 3404 τις
2620 3341 2718 3411 οὐχ
2747 3340 3019 3410 ὁμολογεῖ,
3045 3335 3177 3391 Θεὸν
3202 3331 3340 3390 εἶναι
3375 3337 3515 3388 κατά
3539 3332 3803 3404 ἀλήθειαν
3829 3334 3921 3390 τὸν

2352 3431 2723 3504 Ἐμμανουήλ,
2754 3431 2847 3483 καὶ
2869 3428 2958 3482 διὰ
2985 3427 3144 3480 τοῦτο
3178 3425 3436 3477 Θεοτόκον
3456 3424 3551 3494 τὴν
3579 3425 3747 3492 ἁγίαν
3772 3427 3921 3497 [ἰαρ-

2348 3524 2522 3590 θένον,
2549 3522 2846 3591 γεγέννηκε
2881 3519 2988 3590 γὰρ
3021 3515 3298 3590 σαρκικῶς
3329 3516 3502 3587 σάρκα
3532 3516 3801 3585 γεγονότα
3833 3519 3920 3568 τὸν

2330 3620 2405 3672 ἐκ
2433 3615 2569 3670 Θεοῦ
2593 3615 2808 3686 Πατρὸς
2827 3614 2997 3682 Λόγον
3014 3627 3027 3641 ⁸
3053 3611 3302 3682 ἀνάθεμα
3329 3609 3490 3664 ἔστω.

2343 3727 2608 3798 Θεοδωρή
2619 3745 2722 3782 του
2738 3725 3073 3798 ἐπισςκόιτου
3103 3725 3299 3798 Κύρου
3333 3722 3641 3790 ἀνατροπὴ
3666 3721 3790 3776 τῶν
3815 3721 3924 3775 δώ·-

2858 3794 3004 3846 δεκα
3036 3792 3398 3860 κεφαλαίων.

2424 3912 2614 3981 Ἡμεῖς
2646 3909 2724 3974 δέ,
2754 3907 2871 3961 ὅσοι.
2917 3907 3036 3969 ταῖς
3082 3903 3467 3973 εὐαγγελικαϊς
3515 3902 3925 3973 ἀκολουθοῦμεν

2328 4007 2569 4074 ¹φωναῖς,
2601 4002 2662 4054 οὐ
2694 3999 2874 4071 σάρκα
2919 3997 3076 4066 φύσει
3121 3995 3425 4064 γεγονέναι,
3460 3993 3583 4047 οὺδέ
3608 3995 3690 4056 εἱς
3734 3995 3918 4065 σάρκα

2347 4094 2753 4168 μεταὸληθῆναι
2781 4092 2870 4144 τὸν
2905 4090 3036 4144 Θεὸν
3062 4088 3233 4153 Λόγον
3265 4087 3448 4156 φαμέν
3466 4103 3480 4116 ·
3508 4086 3784 4156 ἄτρεπτον
3819 4087 3924 4155 γὰρ

2341 4187 2403 4240 τὸ
2429 4185 2583 4237 Θεῖον
2607 4185 2707 4235 καὶ
2729 4180 3091 4233 ἀναλλοίωτον
3113 4195 3125 4207 °
3153 4177 3233 4230 διὸ
3263 4178 3358 4229 καὶ
3387 4176 3550 4228 Δαυῒδ
3568 4179 3596 4229 6
3627 4178 3924 4246 προφήτης

2342 4275 2518 4344 λέγει·
2543 4293 2570 4325 -ι
2603 4272 2674 4324 Σὺ
2701 4271 2760 4339 δὲ
2786 4272 2824 4323 6
2853 4269 3016 4334 αὐτὸς
3046 4265 3118 4336 εἷ,
3146 4271 3242 4322 καὶ
3267 4269 3336 4322 τὰ
3367 4268 3461 4341 ἐτη
3490 4286 3581 4322 σου
3612 4269 3713 4322 οὐκ
3739 4269 3926 4322 ἐκλεί-

2343 4367 2534 4436 ψουσιν
2557 4384 2569 4396 ·
2605 4386 2621 4417 ι
2651 4365 2788 4434 ὅπερ
2801 4363 3022 4423 ,Παῦλος
3063 4363 3093 4414 6
3123 4363 3315 4432 μέγας,
3339 4362 3366 4414 6
3395 4362 3493 4430 τῆς
3537 4360 3800 4430 ἀληθείας
3829 4363 3926 4429 κή-

2350 4457 2467 4529 ρυξ,
2505 4456 2585 4517 εἰς
2611 4455 2699 4507 τὸν
2723 4453 2848 4504 Υίον
2877 4452 3127 4522 εἰρῆσθαι
3153 4454 3210 4504 ἐν
3243 4453 3310 4522 τῇ
3337 4450 3471 4519 πρὸς
3510 4449 3798 4520 Ἐϐραίους
3825 4450 3926 4502 ἐδί-

673 4551 913 4619 Ιεὶρίειοῑο
941 4551 1006 4603 nd
1039 4549 1296 4604 Hebrans
1327 4548 1511 4604 docuit
1543 4549 1584 4580 ⁸⁷
1615 4565 1629 4612 ;
1656 4558 1709 4603 et
1730 4550 1855 4604 alibi
1894 4565 1989 4618 per
2017 4551 2233 4620 prophe‘

2348 4543 2494 4608 δαξε.
2523 4541 2631 4593 Καὶ
2651 4537 2875 4610 ἑτέρωθι
2902 4539 2958 4592 δὲ
2987 4538 3075 4593 διὰ
3101 4538 3194 4592 τοῦ
3218 4540 3495 4610 προφήτου
3521 4539 3684 4624 φησιν
3710 4541 3736 4590 6
3760 4538 3920 4599 Θεός·

672 4651 782 4696 tam
808 4642 884 4696 ait
904 4641 1046 4695 Deus
1073 4659 1088 4694 :
1119 4637 1267 4710 «Ego
1296 4656 1438 4704 sum,
1463 4651 1513 4694 et
1533 4655 1637 4695 non
1664 4650 1840 4695 mutor
1861 4643 1958 4695 ⁸⁸.»
1993 4643 2049 4696 Si
2082 4644 2245 4712 igitur

674 4731 1101 4786 inconvertibilis
1145 4740 1226 4784 est
1263 4730 1724 4799 immutabilisque
1763 4730 2032 4785 Divinitas
2059 4769 2074 4795 ,
2110 4745 2241 4784 con-

674 4819 941 4874 versionis
966 4830 1020 4872 et
1050 4821 1426 4874 tnutabilitatis
1451 4835 1557 4874 non
1592 4831 1675 4874 est
1718 4836 1910 4889 capax.
1971 4821 2027 4875 Si
2064 4832 2242 4876 autem

677 4907 1008 4978 impossibile
1061 4915 1145 4960 est
1184 4894 1427 4960 converti
1488 4909 1976 4974 inconvertibilcm,
2017 4928 2122 4966 non
2165 4922 2248 4967 est

665 4997 878 5070 ‘facturn
918 5010 1048 5051 caro
1085 4995 1226 5049 Deus
1261 4993 1518 5055 Verbum,
1570 4996 1644 5046 ita
1679 5005 1735 5048 ut
1775 4997 1847 5051 sit
1893 5013 2241 5062 conversum,

678 5087 771 5141 sed
805 5086 1102 5153 assumpsit
1148 5081 1806 5149 carnem,.etinhabitavit
1834 5087 1886 5138 in
1943 5089 2117 5151 nobis,
2159 5101 2243 5142 se-

678 5177 913 5233 cundum
946 5175 1312 5248 evangelicam
1371 5191 1557 5233 vocem
1582 5179 1648 5234 ⁶⁹.
1685 5179 1754 5234 Et
1810 5181 1910 5233 hoc
1964 5180 2242 5248 explicans

680 5267 1080 5324 sacratissimus
1114 5268 1312 5324 Paulus
1364 5270 1416 5324 in
1471 5269 1708 5340 Epistola
1747 5272 1813 5325 ad
1868 5269 2243 5338 Pliilippcnses

751 5445 799 5478 ε’
839 5443 1012 5501 ϐιιιιιι.
1047 5461 1118 5512 VI,
1151 5445 1234 5502 16.

2359 4653 2376 4685 ι
2417 4631 2555 4701 Ἐγὼ
2589 4631 2726 4700 εἰμὶ,
2761 4630 2855 4684 καὶ
2883 4631 2981 4683 οὑκ
3020 4629 3339 4700 ὴλλοίωμαι.
3367 4648 3384 4678 ι
3418 4630 3478 4682 Εἰ
3520 4623 3612 4681 οῦν
3652 4629 3922 4698 ἄτρεπτον

2352 4725 2411 4777 τὸ
2439 4725 2591 4776 Θείον
2643 4723 2734 4775 καὶ
2773 4722 3145 4786 ἀναλλοίωτον,
3197 4721 3406 4792 τροπῆς
3434 4723 3570 4785 ἐστι,
3612 4722 3712 4774 καὶ
3743 4739 3925 4791 ,μετα-

2353 4815 2511 4884 ϐολῆς
2534 4813 2880 4867 ἀνεπίδεκτον
2905 4827 2918 4843 ·
2951 4815 3003 4866 εί
3029 4813 3085 4865 δέ
3110 4814 3367 4866 ἀδύνατον
3389 4816 3663 4884 τραπῆναι
3683 4813 3746 4866 τὸ
3764 4814 3924 4882 ἄτρεο

2355 4925 2505 4969 πτον,
2541 4907 2639 4959 οὐκ
2681 4906 2897 4973 ἐγένετο
2932 4904 3070 4975 σὰρξ
3097 4908 3127 4958 6
3159 4905 3288 4970 Θεὸς
3315 4904 3482 4974 Λόγος
3519 4905 3771 4976 τραπεὶς,
3811 4903 3921 4956 ἀλλ’

2350 4997 2576 5050 ἀνέλαϐε
2630 4997 2830 5068 σάρκα,
2861 4997 2954 5050 καὶ
2988 4997 3299 5068 ἐσκήνωσεν
3330 4999 3387 5049 ἐν
3433 4999 3581 5067 ἡμῖν,
3629 4993 3780 5050 κατὰ
3823 4995 3918 5065 τὴν

2350 5087 2458 5140 τῶν
2489 5087 2837 5156 Εὐαγγελίων
2865 5089 3069 5159 φωνήν.
3107 5090 3213 5141 Καὶ
3241 5088 3396 5140 τοῦτο
3429 5087 3614 5156 σαφῶς
3651 5089 3681 5140 6
3713 5085 3916 5139 θειότα-

2350 5198 2437 5243 τος
2473 5179 2680 5242 Παῦλος
2723 5180 2894 5248 λέγων
2921 5181 2980 5231 ἐν
3027 5181 3090 5249 τῇ
3137 5180 3270 5248 προς
3310 5179 3701 5248 Φιλιππησίους
3735 5177 3911 5248 ,φησί’

2359 5290 2375 5320 ι
2414 5270 2580 5323 Τοῦτο
2612 5271 2911 5341 φρονείσθω
2932 5272 2989 5324 ἐν
3015 5272 3161 5342 ὑμῖν,
3181 5271 3208 5324 ὃ
3239 5273 3330 5325 καὶ
3357 5272 3414 5324 ἐν
3445 5270 3664 5342 Χριστῷ
3696 5265 3870 5339 Ἰησοῦ
3897 5283 3907 5296 '

1365 5446 1408 5478 “
1440 5447 1578 5503 Psal.
1601 5463 1672 5512 Cl,
1706 5449 1795 5503 28.
1870 5450 1912 5480 ⁸⁷
1945 5449 2104 5504 liebr.
2143 5467 2177 5513 ι,
2217 5449 2233 5500 1

2380 5449 2424 5480 ⁸⁸
2468 5447 2704 5504 Malacli.
2735 5465 2830 5516 ιιι,
2861 5451 2915 5506 6.
2991 5451 3032 5482 ⁶⁹
3056 5449 3206 5506 Joan.
3241 5466 3278 5514 ι,
3309 5449 3420 5504 14.

1733 5597 1900 5654 Variae
1930 5599 2184 5656 lectiones
2208 5616 2270 5655 cx
2301 5601 2481 5657 codice
2504 5600 2886 5670 Seguicriauo.

755 5764 782 5794 θ
821 5751 1105 5824 στοιχοῦτι.
1183 5760 1207 5789 τ
1238 5753 1320 5807 Ia.
1349 5753 1690 5824 δοκιμάσαις.
