4062 6340
141 377 235 431 593

694 376 1221 432 APOLOGETICUS
1254 375 1528 432 CONTRA
1567 375 2088 433 THEODORETUM
2135 380 2265 436 PRO
2304 382 2395 436 XII
2434 383 2815 440 CAPITIBUS.

3237 388 3343 445 594

139 494 191 554 ὸς
210 494 268 543 ὲν
303 497 480 562 μορφῇ
503 491 636 544 Θεοῦ
675 493 955 562 ὑπάρχων,
990 492 1086 561 οὐχ
1125 491 1416 562 ἁρπαγμὸν
1449 492 1688 560 ἡγήσατο

1793 489 1909 542 ait:
1950 511 1966 542 ι
2014 492 2122 547 Hoc
2181 497 2374 549 sentite
2423 497 2474 550 in
2512 500 2682 562 vobis,
2735 500 2875 566 quod
2927 508 2980 552 et
3019 500 3072 555 in
3128 501 3346 558 Christo

135 585 192 634 τὸ
222 579 360 636 εἶναι
395 583 484 635 ῐσα
515 583 650 652 Θεῷ,
681 583 792 635 ἀλλ’
821 583 1010 636 ἑαυτὸν
1040 582 1294 642 έκένωσε,
1325 581 1536 652 μορφὴν
1566 579 1686 632 δού-

136 675 220 726 λου
249 674 444 728 λαϐὡν.
487 693 505 725 ›
533 675 698 744 Δῆλον
725 675 902 726 τοίνυν
937 674 1002 726 ὲκ
1050 673 1156 727 τῶν
1184 674 1511 742 εἰρημένων,
1541 672 1615 734 ὡς
1655 671 1687 738 ὴ

134 763 221 815 τοῦ
266 763 399 815 Θεοῦ
464 763 653 832 μορφὴν
701 764 801 815 οὐκ
840 762 1048 832 ἐτράπη
1090 763 1168 824 εἰς
1217 761 1402 814 δούλου
1452 759 1686 830 μορφὴν,

134 847 263 900 ἀλλὰ
296 849 529 916 μένουσα
569 849 596 900 ὃ
638 844 726 918 ἦν,
759 849 917 902 ἔλαϐε
959 850 1056 916 τὴν
1088 848 1180 900 τοῦ
1223 848 1414 900 δούλου
1449 849 1684 918 μορφήν.

131 936 323 989 Τοίνυν
369 939 430 989 ού
459 938 646 1006 γέγονε
694 938 827 1008 σὰρξ
860 940 887 990 6
932 939 1065 1000 Θεὸς
1100 939 1291 1004 Λόγος,
1346 938 1480 990 ἀλλὰ
1510 938 1688 1005 σάρκα

133 1025 312 1090 ζῶσαν
343 1029 437 1080 καὶ
495 1029 716 1098 λογικὴν
749 1029 1009 1082 ἀνέλαϐεν
1031 1047 1042 1058 ·
1100 1030 1197 1082 οὐκ
1227 1029 1389 1090 αὐτὸς
1427 1028 1586 1096 φύσει
1624 1029 1687 1079 ὲκ

129 1118 227 1186 τῆς
267 1118 542 1189 Παρθένου
592 1121 878 1189 γεγένηται
933 1120 1277 1190 συλληφθεὶς,
1311 1120 1406 1173 καὶ
1461 1120 1687 1171 διαπλα-

131 1209 300 1271 σθεὶς,
340 1210 432 1261 καὶ
463 1209 790 1280 μορφωθεὶς,
817 1211 912 1263 καὶ
953 1209 1126 1279 ἀρχὴν
1160 1210 1366 1262 ἐκεῖθεν
1413 1208 1505 1261 τοῦ
1544 1204 1683 1262 εἶναι

129 1298 327 1361 λαϐὼν,
363 1301 390 1353 6
417 1301 524 1366 πρὸ
553 1301 660 1353 τῶν
706 1301 916 1355 αἰώνων
951 1303 1230 1372 ὑπάρχων,
1277 1304 1370 1354 καὶ
1420 1300 1550 1363 Θεὸς
1590 1301 1685 1363 ὢν,

129 1390 389 1459 καὶπρὸς
419 1391 508 1442 τὸν
556 1391 686 1444 Θεὸν
732 1391 828 1455 ὢν,
874 1394 970 1445 καὶ
1023 1394 1100 1461 τῷ
1139 1392 1312 1461 Πατρ“ι
1356 1390 1548 1454 συνὼν,
1594 1389 1687 1442 καὶ

131 1480 265 1545 μετὰ
296 1481 504 1550 Πατρὸς
550 1483 947 1553 γνωριζόμενός
975 1501 1032 1535 τε
1065 1484 1156 1535 καὶ
1182 1481 1651 1553 προσκυνούμενος
1670 1498 1682 1511 ·

127 1568 240 1620 ἀλλ’
281 1569 458 1640 ἑαυτῷ
483 1571 607 1625 ναὸν
639 1571 696 1622 ὲν
721 1575 785 1642 τῇ
821 1571 1120 1642 παρθενικῇ
1147 1572 1342 1641 γαστρὶ
1364 1571 1684 1632 διαπλάσας,

127 1660 293 1728 συνῆν
331 1659 409 1730 τῷ
457 1661 746 1715 πλασθέντι
793 1664 887 1716 καὶ
922 1662 1254 1731 γεννηθέντι.
1291 1657 1365 1713 Οῦ
1401 1660 1558 1730 χάριν
1593 1659 1686 1711 καὶ

123 1749 220 1819 τὴν
253 1750 414 1817 ἁγίαν
446 1752 658 1823 ἐκείνην
681 1753 952 1823 Παρθένον
974 1753 1232 1806 Θεοτόκον
1273 1750 1683 1819 προσαγορεύο-

128 1855 246 1904 μεν,
280 1841 378 1909 οὐχ
406 1842 479 1904 ὡς
503 1841 635 1894 Θεὸν
662 1842 819 1909 φύσει
849 1844 1207 1912 γεννήσασαν,
1240 1841 1352 1893 ἀλλ’
1375 1843 1448 1902 ὼς
1477 1840 1685 1910 ἄνθρω-

128 1944 225 1977 πον
257 1925 335 1993 τῷ
365 1925 718 1978 διαπλάσαντι
751 1933 910 1986 αὑτὸν
933 1932 1209 2000 ἡνωμένον
1237 1930 1372 2000 Θεῷ.
1401 1932 1461 1983 Et
1492 1931 1545 1983 δὲ
1587 1932 1686 1982 οὐκ

126 2014 413 2083 ἄνθρωπος
459 2015 486 2066 6
518 2013 574 2066 ὲν
607 2016 804 2084 γαστρὶ
855 2016 953 2084 τῆς
998 2017 1272 2083 Παρθένου
1321 2019 1684 2082 διαπλασθεὶς,

124 2106 262 2159 ἀλλὰ.
293 2105 425 2169 Θεὸς
463 2107 654 2173 Λόγος,
690 2108 718 2159 6
763 2106 870 2177 πρὸ
913 2106 1146 2169 αἰώνων,
1185 2106 1397 2174 ποίημα
1438 2107 1544 2174 ἄρα
1595 2103 1686 2157 τοῦ

126 2196 445 2267 Πνεύματος
474 2200 500 2249 6
542 2197 673 2259 Θεὸς
700 2197 871 2264 Λόγος
894 2213 906 2226 ·
946 2216 963 2246 ι
1001 2197 1074 2248 Τὸ
1099 2195 1206 2265 γὰρ
1238 2197 1293 2246 ὲν
1323 2196 1457 2264 αὐτῇ
1498 2211 1690 2262 γεννη-

125 2289 238 2352 θὲν,
273 2290 434 2358 φησὶν
464 2291 492 2341 6
523 2289 790 2358 Γαϐριὴλ,
822 2289 887 2341 ὲκ
920 2288 1235 2356 Πνεύματός
1273 2289 1417 2338 ἐστιν
1453 2285 1630 2350 ἁγίου.
1665 2302 1683 2333 ι

125 2381 186 2431 Εἰ
209 2379 266 2432 δὲ
299 2379 548 2442 ἄκτιστος
580 2381 607 2432 6
637 2381 932 2448 μονογενὴς
961 2378 1053 2430 τοῦ
1086 2377 1221 2429 Θεοῦ
1254 2378 1444 2443 Λόγος,
1478 2377 1570 2428 καὶ
1612 2375 1686 2444 τῷ

125 2470 303 2537 Πατρὶ
327 2470 608 2540 όμοούσιός
644 2487 704 2521 τε
733 2470 826 2522 καὶ
861 2467 1147 2530 συναῖδιος,
1182 2467 1363 2518 οὐκέτι
1406 2465 1686 2534 πλάσμα-ἢ

127 2563 436 2631 κτίσματοῦ
452 2562 784 2630 Πνεύματος.
801 2562 859 2612 Et
873 2559 926 2610 δὲ
945 2559 1003 2611 οὑ
1023 2558 1110 2610 τὸν
1125 2557 1253 2609 Θεὸν
1269 2558 1438 2623 Λόγον
1454 2557 1514 2608 τὸ
1527 2557 1690 2609 Πνεῦ-

131 2670 205 2721 μα
228 2653 288 2705 τὸ
309 2653 460 2719 ἆγιον
494 2655 550 2704 ὲν
575 2656 640 2721 τῇ
668 2650 862 2718 γαστρὶ⁵
878 2649 973 2718 τῆς
995 2646 1269 2716 Παρθένου
1300 2646 1692 2702 διέπλασε.λεί-

130 2762 288 2797 πεται
306 2747 442 2798 νοεῖν
459 2745 556 2813 τὴν
575 2741 667 2796 τοῦ
684 2741 867 2793 δούλου
891 2740 1102 2810 μορφὴν
1125 2740 1217 2792 καὶ
1238 2739 1568 2807 πλασθῆναι,
1594 2740 1689 2792 καὶ

132 2835 506 2904 μορφωθῆναι,
536 2834 628 2886 καὶ
676 2831 964 2902 κυηθῆναι,
1015 2833 1108 2884 καὶ
1138 2833 1462 2900 γεννηθῆναι
1507 2830 1686 2897 φύσει.

142 2927 360 2996 Ἐπειδὴ
393 2925 448 2978 δὲ
476 2928 536 2978 ού
570 2925 752 2994 γυμνὴ
779 2920 843 2992 ἦν
872 2925 968 2993 τῆς
1003 2925 1091 2975 τοῦ
1124 2922 1256 2975 Θεοῦ
1288 2923 1520 2991 μορφῆς,
1557 2921 1689 2973 ἀλλὰ

127 3020 255 3082 ναὸς
292 3015 382 3089 ἦν,
413 3019 615 3072 ἔνοικον
643 3018 730 3070 τὸν
754 3017 884 3069 Θεὸν
912 3017 1080 3083 Λόγον
1107 3017 1262 3086 ἔχων,
1299 3016 1437 3068 κατὰ
1468 3016 1563 3082 τὴν
1596 3012 1688 3068 τοῦ

1790 575 1954 633 Jesu:
1988 583 2080 649 qui
2124 599 2242 637 cum
2267 585 2318 636 in
2365 585 2536 640 forma
2595 587 2684 639 Dei
2736 598 2894 648 esset.
2953 604 3058 643 non
3103 592 3344 660 rapinam

1791 669 2085 725 arbitratus
2124 683 2208 725 est
2247 687 2364 728 esse
2423 690 2480 728 se
2534 677 2792 744 aequalem
2835 678 2990 733 Deo:
3040 679 3133 732 sed
3151 686 3350 732 semet.

1790 760 1962 827 ipsum
1989 763 2304 826 exinanivit.
2342 763 2565 818 fortnam
2601 767 2741 820 servi
2786 767 3057 834 accipiens
3082 766 3146 824 ’°.
3187 785 3206 818 ›
3239 765 3345 820 Pa-

1790 849 1893 903 lam
1927 851 2090 918 igitur
2131 862 2216 906 est
2265 868 2332 908 ex
2383 854 2487 918 his,
2538 869 2656 921 qua:
2705 853 2849 907 dicta
2883 865 3027 918 sunt,
3080 857 3205 924 quia
3247 854 3344 912 Dei

1788 939 1958 994 forma
1977 951 2180 996 mutata
2207 957 2308 996 non
2343 954 2426 996 est
2455 942 2509 997 in
2543 944 2680 1000 servi
2712 943 2936 998 formam
2963 961 2976 1008 ;
3002 949 3096 998 sed
3125 959 3346 1001 manens

1789 1030 1928 1096 quod
1962 1040 2096 1096 erat,
2133 1033 2426 1101 assumpsit
2455 1032 2680 1087 formam
2718 1034 2880 1087 servi.
2932 1033 3099 1102 Igitur
3125 1049 3230 1089 non
3261 1044 3344 1088 est

1791 1117 1984 1173 factum
2017 1135 2143 1173 caro
2184 1120 2323 1176 Deus
2346 1121 2598 1184 Verbum.
2643 1124 2736 1177 sed
2788 1138 3003 1177 carnem
3076 1125 3343 1178 viventem

1787 1217 1842 1262 et
1870 1211 2077 1264 ratione
2113 1211 2385 1279 praeditam
2443 1214 2735 1280 assumpsit
2761 1230 2773 1266 :
2805 1229 2911 1267 non
2941 1214 3057 1282 ipse
3085 1215 3345 1269 natura|i~

1791 1309 1869 1353 ter
1892 1314 1922 1353 e
1951 1298 2169 1368 Virgine
2204 1311 2383 1368 natus,
2414 1309 2467 1355 et
2495 1313 2808 1370 conceptus,
2844 1316 2899 1358 et
2952 1306 3227 1374 figuratus,
3264 1315 3340 1359 at-

1788 1406 1892 1459 que
1958 1394 2240 1458 formatus,
2299 1406 2352 1447 et
2408 1394 2702 1448 exsistendi
2766 1396 3087 1463 principium
3153 1397 3347 1449 exinde

1789 1498 2088 1548 assumens,
2130 1487 2218 1553 qui
2265 1497 2390 1538 ante
2434 1485 2626 1540 saecula
2660 1494 2714 1538 et
2758 1486 2896 1540 Deus
2955 1496 3056 1546 est,
3113 1496 3168 1539 et
3205 1485 3346 1554 apud

1790 1571 1977 1634 Deum.
2007 1584 2058 1626 et
2087 1590 2207 1627 cum
2241 1573 2397 1628 Patre
2426 1585 2528 1636 est,
2557 1583 2608 1628 et
2634 1589 2754 1629 cum
2787 1574 2949 1629 Patre
3000 1576 3347 1644 cognoscitur

1788 1671 1842 1715 et
1877 1663 2134 1716 adorator
2163 1680 2176 1727 ;
2206 1666 2319 1729 sed,
2361 1664 2613 1732 templum
2649 1664 2750 1717 sibi
2801 1664 2853 1716 in
2900 1676 3051 1717 utero
3099 1662 3348 1733 virginali

1791 1750 2048 1813 formans,
2112 1762 2229 1805 erat
2269 1767 2390 1804 cum
2443 1750 2674 1804 formato
2701 1761 2752 1804 et
2788 1761 2931 1803 nato.
2987 1752 3345 1815 Quamobrem

1788 1848 1842 1894 et
1889 1851 2128 1894 sanctam
2159 1831 2299 1893 illam
2337 1840 2605 1908 Virginem
2635 1840 2724 1894 Dei
2751 1840 3078 1896 Genitricem
3109 1841 3346 1911 appella-

1790 1947 1928 1995 mus,
1959 1946 2059 1984 non
2089 1932 2239 1999 quasi
2268 1931 2434 1984 Deum
2469 1939 2656 1984 natura
2700 1931 3063 1999 generaverit.
3107 1932 3199 1985 sed
3230 1940 3349 1983 tan-

1790 2037 1947 2090 quam
2014 2023 2283 2076 hominem
2346 2023 2550 2074 unitum
2608 2021 2735 2086 Deo,
2773 2023 2862 2090 qui
2913 2022 3064 2076 tinxit
3110 2037 3253 2076 eum.
3292 2021 3349 2075 Si

1791 2115 1966 2158 autem
2016 2124 2120 2158 non
2159 2120 2242 2160 est
2274 2113 2456 2169 homo,
2486 2112 2576 2173 qui
2608 2113 2657 2159 in
2699 2121 2850 2162 utero
2884 2109 3120 2178 Virginis
3152 2109 3350 2163 forma-

1793 2207 1878 2250 tus
1911 2207 2014 2257 est.
2043 2201 2135 2250 sed
2177 2198 2316 2251 Dens
2343 2197 2597 2261 Verbum,
2658 2200 2799 2266 quod
2831 2207 2953 2253 ante
3001 2200 3194 2255 sacula
3223 2210 3299 2255 es'
3332 2218 3346 2266 ;

1793 2287 1997 2342 factura
2030 2288 2190 2355 igitur
2222 2286 2456 2356 Spiritus
2483 2288 2586 2341 erit
2629 2288 2765 2342 Deus
2808 2287 3042 2344 Verbum
3079 2307 3093 2344 :
3133 2309 3152 2342 ι
3193 2291 3347 2359 Quod

1789 2379 1931 2433 enim
1977 2378 2028 2432 in
2071 2392 2130 2430 ea
2159 2389 2341 2431 natum
2373 2386 2475 2441 est,
2531 2380 2702 2446 inquit
2743 2378 2981 2444 Gabriel,
3035 2396 3097 2433 ex
3145 2379 3350 2450 Spiritu

1791 2479 1977 2522 sancto
2005 2469 2170 2522 est“.
2207 2488 2226 2519 ι
2262 2467 2317 2521 Si
2357 2478 2534 2522 autem
2571 2469 2864 2521 iucreatum
2906 2478 2990 2523 est
3014 2471 3346 2540 unigenitum

1791 2561 1883 2614 Dei
1909 2559 2165 2626 Verbum,
2213 2559 2466 2628 Patrique
2517 2561 2977 2615 consubstantiale
3020 2570 3074 2616 et
3125 2571 3348 2616 coaeter-

1792 2666 1940 2713 num,
1981 2665 2085 2705 non
2119 2661 2201 2704 est
2227 2650 2537 2711 formatum,
2588 2660 2678 2703 aut
2722 2662 2958 2705 creatum
2988 2667 3014 2704 a
3043 2650 3268 2718 Spiritu.
3293 2651 3351 2706 Si

1791 2758 1919 2797 vero
1976 2744 2139 2798 Deum
2195 2742 2426 2797 Verbum
2488 2742 2538 2792 in
2597 2749 2748 2796 utero
2832 2743 3066 2811 Virginis
3119 2743 3353 2810 Spiritus

1793 2846 2012 2891 sanctus
2049 2852 2152 2888 non
2209 2835 2479 2901 formavit,
2508 2835 2666 2904 205
2726 2819 2894 2887 restat
2946 2833 3176 2900 intelligi
3206 2833 3348 2887 servi

1793 2926 2018 2979 fortnam
2050 2937 2104 2979 et
2140 2926 2336 2989 ﬁctam,
2366 2935 2421 2978 et
2472 2925 2778 2984 formatam,
2812 2929 2864 2972 et
2940 2929 3350 2987 conceptam,et

1794 3024 1976 3067 natam
2005 3029 2122 3066 esse
2156 3011 2490 3065 naturaliter.
2538 3011 2670 3077 Quia
2709 3025 2838 3064 vero
2891 3026 2993 3063 non
3038 3019 3155 3064 erat
3209 3011 3351 3065 nuda

129 3110 345 3162 Παύλου
395 3110 610 3178 φωνήν’
654 3125 671 3156 ι
715 3105 799 3158 Ἐν
841 3105 986 3174 αὐτῷ
1025 3107 1153 3176 γάρ,
1199 3106 1380 3175 φησὶν,
1424 3105 1689 3172 ηύδόκησε

1796 3120 1824 3158 a
1859 3105 1947 3159 Dei
1999 3104 2192 3168 forma,
2242 3105 2338 3158 sed
2374 3105 2627 3171 templum
2683 3111 2799 3156 erat
2859 3102 3210 3156 inhabitantis
3262 3102 3356 3157 Dei

127 3202 240 3252 πᾶν
268 3200 328 3250 τὸ
365 3199 634 3266 πλήρωμα
672 3199 770 3265 τῆς
801 3196 1048 3264 θεότητος
1090 3197 1409 3266 κατοικῆσαι
1451 3211 1690 3261 σωματι-

129 3293 272 3354 κῶς’
305 3310 322 3342 ι
372 3291 470 3343 ούκ
499 3288 932 3358 άνθρωποτόκον,
966 3286 1102 3340 ἀλλὰ
1136 3287 1395 3338 Θεοτόκον
1425 3286 1521 3353 τὴν
1543 3285 1691 3352 Παρ-

130 3382 285 3434 θένον
316 3379 820 3449 προσαγορεύομεν·
850 3379 948 3445 τὴν
991 3379 1088 3445 μὲν
1138 3378 1202 3442 τῇ
1250 3374 1554 3430 διαπλάσει,
1600 3373 1694 3422 καὶ

133 3469 434 3539 μορφώσει,
470 3467 562 3520 καὶ
596 3465 787 3519 ἐνώσει
817 3479 865 3528 ι,
896 3466 993 3534 τὴν
1021 3464 1076 3516 δὲ
1111 3467 1176 3533 τῇ
1221 3461 1408 3514 ένὼσει
1457 3460 1694 3521 τιθέντες

133 3558 524 3628 προσηγορίαν.
558 3556 656 3608 Διὰ
697 3555 853 3607 τοῦτο
891 3555 984 3606 καὶ
1020 3553 1078 3605 τὸ
1111 3552 1299 3621 τεχθὲν
1335 3552 1530 3620 βρέφος
1571 3551 1695 3619 Ἐμ-

137 3649 379 3720 μανουὴλ
407 3645 890 3718 προσαγορεύεται,
919 3643 1040 3697 οὔτε
1067 3643 1194 3704 Θεὸς
1231 3642 1574 3711 ἀνθρωπείας
1599 3641 1692 3708 φύ-

137 3760 273 3803 σεως
314 3739 733 3809 κεχωρισμένος,
788 3736 910 3789 οὔτε
950 3735 1230 3805 ἄνθρωπος
1273 3735 1695 3803 γεγυμνωμένος

135 3832 417 3898 θεότητος·
462 3829 524 3880 τὸ
561 3829 667 3895 γάρ
710 3827 1052 3896 Ἐμμανουὴλ
1080 3827 1140 3878 τὸ
1185 3826 1300 3894 μεθ’
1333 3827 1486 3894 ἡμῶν
1526 3827 1697 3894 ἑρμη-

133 3921 282 3972 νεύει
315 3915 456 3970 εἶναι
484 3917 636 3980 Θεὸν,
669 3917 806 3968 κατὰ
839 3915 935 3984 τὴν
968 3915 1076 3966 τῶν
1112 3915 1453 3981 Εὐαγγελὶων
1482 3915 1694 3982 φωνήνο

131 4012 192 4063 τὸ
213 4011 294 4071 δὲ,
320 4028 337 4059 ι
358 4007 662 4076 Μεθ’ήμῶν
677 4007 868 4072 ὀΘεὸς,
887 4024 905 4057 ι
924 4007 1017 4058 καὶ
1032 4007 1120 4059 τὸν
1138 4006 1196 4072 ἐξ
1217 4006 1368 4076 ἡμῶν
1385 4007 1520 4076 ὑπὲρ
1543 4006 1697 4075 ἡμῶν

133 4100 411 4170 ληφθέντα
443 4097 610 4168 δηλοῖ,
638 4099 728 4149 καὶ
768 4097 858 4149 τὸν
884 4096 1207 4164 ἀνειληφότα
1241 4096 1370 4148 Θεὸν
1396 4098 1566 4163 Λόγον
1601 4114 1698 4164 κη-

135 4191 345 4260 ρύττει.
375 4188 583 4242 Οὐκοῦν
615 4188 676 4239 τὸ
707 4187 902 4256 βρέφος
937 4185 1279 4263 Ἑμμανουὴλ
1317 4185 1403 4238 διὰ
1430 4187 1519 4237 τὸν
1554 4188 1698 4238 ἀνει-

133 4279 348 4350 ληφότα
380 4277 531 4337 Θεὸν,
564 4275 658 4326 καλ⁵
679 4274 935 4336 Θεοτόκος
963 4276 996 4342 ἡ
1028 4272 1300 4342 Παρθένος
1325 4272 1413 4325 διὰ
1443 4273 1544 4340 τὴν
1567 4272 1700 4343 πρὸς

1799 3192 1980 3255 Verbi,
2047 3193 2339 3247 secundum
2391 3191 2541 3246 Pauli
2599 3206 2832 3246 vocem:
2867 3209 2885 3241 ι
2923 3191 2978 3244 ln
3022 3192 3138 3260 ipso
3189 3192 3354 3255 enim,

1799 3283 1993 3351 inquit,
2027 3283 2352 3350 complacuit
2380 3297 2594 3336 omnem
2628 3282 3016 3349 plenitudinem
3053 3280 3358 3336 divinitatis

1797 3370 2100 3422 inhabitare
2134 3371 2487 3436 corporaliter
2508 3372 2553 3404 τ’
2596 3388 2610 3432 ;
2651 3389 2668 3419 ι
2705 3386 2810 3424 non
2855 3371 3092 3424 hominis
3132 3370 3357 3438 genitri-

1796 3471 1934 3521 cem,
1989 3457 2081 3509 sed
2137 3455 2230 3508 Dei
2276 3455 2603 3510 Genitricem
2635 3457 2921 3527 Virginem
2958 3462 3305 3529 appellamus
3338 3475 3356 3523 ;

1798 3547 1940 3600 illam
1972 3546 2185 3614 quidem
2220 3545 2495 3614 ﬁgmento,
2531 3554 2585 3599 et
2614 3545 2941 3614 formationi,
2972 3559 3023 3601 et
3053 3549 3358 3616 coiiceptui,

1799 3639 1937 3690 hanc
1992 3647 2171 3689 autem
2230 3636 2459 3690 unitioni
2516 3637 2852 3705 imponentes
2923 3638 3354 3705 appellationem.

1799 3723 2093 3794 PrOpterea
2119 3733 2172 3778 et
2196 3731 2354 3779 natus
2386 3725 2562 3778 infans
2577 3724 2890 3778 Emmanuel
2931 3725 3250 3793 appellatur,
3272 3742 3361 3781 ne-

1797 3830 1900 3882 que
1959 3815 2100 3868 Deus
2140 3816 2207 3868 ab
2275 3815 2508 3868 humana
2569 3822 2764 3866 natura
2820 3826 3124 3881 separatus,
3186 3829 3359 3883 neque

1800 3907 1958 3959 homo
2004 3905 2286 3959 divinitate
2339 3905 2592 3958 nudatus.
2637 3903 2953 3957 Emmanuel
3003 3905 3144 3957 enim
3177 3905 3362 3959 nobis-

1798 4010 1916 4049 cutn
1945 3994 2324 4063 interpretatur
2349 4006 2469 4048 esse
2511 3992 2701 4056 Deum,
2753 3994 3047 4046 secundant
3093 3993 3362 4061 evangeli-

1798 4099 1914 4137 catn
1958 4098 2166 4138 vocem.
2216 4082 2350 4138 Illud
2388 4091 2608 4136 autem:
2645 4100 2665 4133 ι
2717 4081 3006 4136 Nobiscum
3063 4083 3204 4138 Deus
3234 4085 3300 4150 ⁷³,
3336 4103 3354 4134 ι

1799 4182 1851 4226 et
1901 4187 1964 4225 ex
2027 4172 2182 4226 nobis
2231 4186 2327 4238 pro
2379 4172 2532 4226 nobis
2578 4179 2906 4239 assumptum
2963 4172 3248 4241 signiﬁcat.
3309 4183 3364 4228 et

1803 4270 2164 4317 assumentem
2215 4261 2383 4314 Deum
2434 4261 2666 4315 Verbum
2706 4264 2979 4332 praedicat.
3015 4262 3152 4329 Ergo
3185 4263 3362 4317 infans

130 4370 230 4440 τὴν
256 4367 555 4435 κυηθεῖσαν
602 4364 786 4417 δούλου
837 4364 1050 4433 μορφὴν
1082 4365 1272 4416 ἕνωσιν
1307 4364 1408 4431 τῆς
1436 4363 1528 4414 τοῦ
1566 4362 1689 4414 Θεοῐ

1805 4353 2120 4406 Emmanuel
2168 4353 2363 4406 dicitur
2408 4361 2627 4423 propter
2662 4364 3023 4407 assumentetn
3071 4353 3270 4418 Deum;
3306 4364 3362 4408 et

136 4430 390 4529 μορφῆς-ν’
449 4455 510 4507 οὐ
556 4454 666 4523 γὰρ
709 4455 788 4516 εις
821 4430 1067 4521 σάρκα-ὁ
1097 4453 1227 4513 Θεὸς
1273 4430 1440 4517 Λόγος
1468 4453 1689 4521 ἐτράπη,

1810 4443 1901 4497 Dei
1926 4442 2171 4496 Genitrix
2207 4441 2387 4511 Virgo,
2406 4453 2622 4513 propter
2649 4444 2941 4496 unitionem
2962 4444 3147 4498 formae
3180 4444 3270 4498 Dei
3293 4445 3360 4497 ad

131 4552 249 4605 ἀλλ’
296 4551 330 4618 ἡ
372 4547 464 4600 τοῦ
497 4545 631 4600 Θεοῦ
667 4544 848 4614 μορφὴ
884 4544 1041 4596 έλαϐε
1085 4545 1183 4614 τὴν
1213 4543 1304 4596 τοῦ
1350 4545 1534 4598 δούλου
1568 4562 1701 4614 μορ-

132 4643 265 4712 φήν.

589 4855 893 4923 Ἀπολογία
947 4856 1266 4921 Κυρίλλου.

203 4990 480 5058 Πλείστην
544 4988 671 5056 ὅσην
721 4984 1070 5055 πεποιήμεθα
1121 4987 1217 5049 τὴν
1279 4980 1548 5048 καταϐοὴν
1595 4977 1701 5030 τῶν

1809 4543 2124 4599 conceptam
2150 4535 2288 4587 servi
2325 4533 2577 4588 formam.
2607 4533 2720 4587 Non
2748 4534 2890 4588 enim
2914 4536 2964 4586 in
2990 4549 3205 4586 carnem
3226 4535 3365 4586 Deus

1810 4621 2042 4676 Verbum
2076 4635 2393 4676 conversum
2437 4627 2540 4680 est,
2579 4617 2672 4669 sed
2713 4615 2804 4669 Dei
2855 4617 3026 4671 forma
3075 4621 3365 4687 assumpsit

1808 4712 1948 4765 servi
1985 4711 2230 4763 formam.

2352 4839 2534 4906 Cyrilli
2566 4840 2815 4907 defensio.

1879 4975 2044 5029 Valde
2079 4976 2300 5028 multum
2351 4975 2771 5026 declamat-imus
2830 4974 3089 5026 adversus
3139 4987 3230 5026 eos
3272 4974 3360 5040 qui

134 5084 424 5153 ὁμολογεῖν
446 5080 545 5132 ούκ
574 5078 911 5148 ἀνεχομένων
955 5077 1084 5128 Θεὸν
1111 5071 1247 5126 εἶναι
1278 5073 1414 5125 κατὰ
1450 5071 1689 5140 ἁλήθειαη

1810 5067 2050 5120 confiteri
2108 5083 2210 5118 non
2263 5065 2536 5132 patiuntur
2609 5063 3008 5116 Emmanuelem
3068 5078 3194 5116 vere
3247 5077 3367 5117 esse

136 5171 228 5223 τὸν
281 5165 650 5237 Ἐμμανουὴλ,
682 5169 776 5218 καὶ
815 5166 919 5234 μὴν
951 5164 1030 5214 ὅτι
1056 5163 1310 5223 Θεοτόκος
1335 5161 1478 5211 ἐστὶν
1509 5160 1540 5226 ἡ
1577 5158 1689 5223 ἁγία

1812 5157 1900 5209 Dei
1923 5155 2174 5218 Verbum,
2211 5167 2259 5207 et
2302 5166 2538 5208 sanctam
2570 5153 2836 5221 Virginem
2867 5155 2957 5208 Dei
3009 5153 3361 5218 Genitricem,

140 5259 444 5331 Παρθένος,
491 5259 571 5310 ὅτι
605 5258 898 5326 γεγέννηκε
933 5253 1071 5306 κατὰ
1118 5252 1290 5322 σάρκα
1338 5253 1425 5301 τὸν
1455 5249 1545 5300 τοῦ
1572 5246 1689 5299 Θεοὶ

1811 5246 1951 5316 quod
2022 5248 2112 5299 Dei
2167 5245 2395 5298 Verbum
2471 5243 2759 5298 secundum
2827 5259 3040 5297 carnem
3101 5243 3363 5313 genuerit,

210 5414 258 5444 "
299 5410 530 5479 Philipp.
561 5425 623 5474 ll,
648 5409 759 5462 5-7.
838 5409 884 5440 “
921 5406 1104 5459 Matth.
1138 5422 1176 5468 t,
1209 5405 1298 5457 90.
1375 5405 1416 5433 τ’
1445 5402 1650 5456 Coloss.
1678 5416 1715 5463 l,
1751 5400 1816 5454 l9
1846 5416 1859 5464 ;
1894 5415 1930 5454 ll
1962 5440 1974 5464 ,
2007 5398 2058 5451 9.
2135 5399 2180 5428 ⁷⁸
2208 5397 2390 5452 Matth.
2430 5413 2464 5460 t,
2497 5395 2586 5448 ‘25.

1203 5561 1370 5614 Varia:
1407 5559 1658 5613 lectiones
1686 5572 1748 5611 ex
1780 5557 1960 5612 codice
1997 5555 2367 5624 Segnieriano.

217 5715 244 5744 ³
269 5707 356 5758 la.
391 5701 606 5769 κυήσει,
629 5698 666 5764 ἢ
701 5698 925 5763 γενέσει.

463 5793 732 5851 Parnm.
779 5791 886 5851 Gn.
941 5788 1185 5848 LXXVI.

2907 5780 2976 5846 13
