4062 6340
680 386 780 441 395

1663 372 1718 426 S.
1758 369 2026 426 CYRILLI
2071 364 2542 421 ALEXANDRINI
2585 367 2908 424 ARCIIIEP.

3827 373 3920 427 596

680 501 895 570 quando
938 499 1134 552 factum
1166 504 1246 553 est
1295 509 1444 558 caro,
1479 495 1576 547 hoc
1615 499 1695 544 est
1724 493 1904 544 homo.
1961 490 2246 542 Accusator

2356 487 2547 552 Λόγον,
2585 488 2664 540 ὅτι
2690 495 2720 536 1
2748 486 2938 554 γέγονε
2973 485 3127 556 σὰρξ,
3152 486 3425 538 τουτέστιν
3453 485 3754 556 ἄνθρωπος.
3793 485 3848 536 ’0
3871 487 3919 537 δὲ

679 607 806 647 vero
830 593 1017 643 horum
1048 589 1125 640 sic
1151 596 1294 640 recte
1323 585 1607 644 dictorum.
1637 585 1681 637 si
1701 597 1805 636 non
1833 580 1999 642 novit,
2033 577 2249 631 Emma-

681 681 890 734 nuelem
921 692 1045 731 vere
1077 677 1241 730 Deum
1283 687 1423 739 esse,
1455 674 1498 726 si
1541 687 1644 725 nou
1692 669 1986 726 secundum
2033 680 2249 720 carnem

682 787 745 827 ex
782 781 968 826 sancta
1008 768 1224 837 Virgine
1253 780 1471 821 carnem
1501 765 1704 817 factum
1746 761 1839 817 Dei
1889 758 2144 822 Verbum,
2194 767 2252 809 ut

681 862 940 930 scriptum
972 868 1076 920 est,
1109 871 1209 910 cur
1241 871 1344 908 non
1380 854 1557 922 potius
1577 852 1720 905 clare
1751 851 1918 904 dixit:
1951 848 2088 915 Quid
2113 846 2248 915 agis,

681 955 764 1007 vir
785 951 1044 1020 egregie?
1072 947 1335 1002 absurdas
1378 955 1431 999 et
1469 945 1768 999 contrarias
1807 941 2012 995 evomis
2050 951 2246 993 voces:

679 1057 778 1096 cur
821 1037 1165 1108 dogmatibus
1217 1034 1460 1088 veritatis
1508 1031 1814 1099 iuveniliter
1853 1026 2248 1084 insultas?Non

681 1140 767 1185 est
811 1128 1104 1184 secundum
1173 1125 1457 1179 veritatem
1510 1123 1652 1176 Deus
1699 1118 2034 1182 Emmanuel,
2079 1129 2251 1184 neque

685 1221 776 1277 Dei
818 1219 1066 1274 Genitrix
1095 1227 1280 1270 sancta
1310 1215 1508 1283 Virgo:
1543 1222 1672 1266 utet
1725 1227 1822 1265 nos
1869 1213 1939 1263 ita
1994 1207 2248 1263 clamanti

687 1327 848 1381 atque
880 1309 1099 1370 dicenti,
1135 1323 1166 1362 e
1201 1307 1478 1375 Scriptura
1535 1305 1712 1359 divina
1763 1304 2076 1356 resistentes
2125 1315 2251 1370 pru-

688 1406 895 1464 denter,
923 1413 976 1456 et
1004 1399 1311 1469 apostolica:
1361 1407 1520 1466 atque
1561 1394 1884 1465 evangelica:
1918 1392 2038 1446 fidei
2083 1390 2250 1444 tradi-

681 1497 884 1548 tionem
926 1491 1252 1559 Patrumque
1297 1487 1713 1552 confessionem,
1747 1485 1837 1554 qui
1889 1485 2017 1538 olim
2054 1483 2246 1537 Nicmaa

682 1581 993 1652 congregati
1051 1588 1201 1639 sunt,
1259 1587 1443 1632 contra
1500 1575 1857 1646 proferentes,
1898 1574 2249 1628 convincere-

681 1692 821 1738 mus,
855 1689 974 1727 eum
1057 1671 1255 1726 nostris
1325 1669 1485 1723 dictis
1550 1667 2020 1737 reprehensionem
2075 1678 2248 1733 neque

681 1777 850 1829 recte,
913 1781 1086 1835 neque
1153 1765 1376 1819 honeste
1445 1760 1644 1824 moliri,
1697 1759 1866 1829 magis
1909 1768 2094 1813 autem
2125 1773 2245 1810 cum

679 1859 842 1928 206
873 1857 1068 1910 divinis
1106 1853 1402 1922 Scripturis
1438 1853 1776 1920 impudenter
1820 1864 2084 1920 pugnare.
2141 1848 2245 1902 Sed

680 1950 895 2018 sapiens
923 1955 978 2001 et
1024 1954 1234 1999 astutus
1276 1952 1580 2005 enarrator,
1636 1955 1754 2007 qua:
1806 1941 2022 2009 quidem
2070 1940 2251 1994 dicere

679 2039 905 2092 decebat
963 2045 1017 2088 et
1077 2035 1441 2089 necessarium
1499 2041 1638 2096 erat,
1701 2031 2139 2100 pra'termittens,
2196 2040 2249 2084 et

678 2123 900 2178 omnino
951 2122 1016 2175 de
1062 2119 1259 2172 talibus
1288 2118 1424 2170 nihil
1477 2116 1744 2184 cogitans,
1780 2116 1884 2166 alia
1938 2114 2250 2181 aggreditur

680 2216 788 2268 via.
822 2210 1118 2267 Confestim
1152 2207 1295 2261 enim
1349 2219 1407 2259 se
1455 2205 1720 2259 convertit
1755 2206 1822 2258 ad
1872 2204 2247 2259 necessitatem

683 2303 956 2359 astruendi
1003 2297 1354 2354 conversione
1397 2297 1647 2365 superius
1693 2309 1815 2351 esse
1853 2296 1948 2350 Dei
1986 2296 2247 2359 Verbum,

681 2411 780 2449 nec
813 2397 864 2447 in
902 2403 1152 2446 naturam
1204 2389 1388 2443 carnis
1436 2386 1878 2442 transformatum
1904 2401 2024 2442 esse
2050 2405 2063 2440 :
2093 2389 2247 2456 quasi

681 2501 809 2538 vero
864 2481 1348 2538 anathematismus
1404 2480 1455 2534 id
1491 2479 1799 2541 confirmet,
1852 2494 1915 2533 ac
1963 2480 2251 2534 ostendere

681 2576 832 2630 velit.
897 2574 1095 2627 Audiat
1157 2571 1357 2638 itaque,
1402 2569 1500 2638 qui
1548 2583 1838 2623 occurrere
1889 2569 1991 2635 his,
2056 2572 2252 2639 quibus

681 2665 1025 2728 contradicit,
1065 2662 1210 2716 nullo
1247 2661 1406 2716 modo
1453 2660 1603 2714 novit
1635 2672 1648 2711 :
1683 2658 1962 2728 Superﬂue
1989 2660 2250 2731 loqueris,

683 2758 862 2819 homo,
891 2761 947 2809 et
983 2767 1248 2822 repugnas
1303 2751 1587 2806 sententiae
1643 2751 1846 2804 odiosae
1899 2752 2061 2805 etiam
2110 2753 2252 2821 apud

681 2861 801 2900 nos.
838 2844 1096 2898 Novimus
1166 2843 1311 2894 cnim
1359 2842 1501 2910 quod
1544 2842 1915 2898 conversionis
1959 2844 2252 2898 obumbra-

683 2939 881 2990 tionem
943 2933 1215 2988 sustinere
1256 2929 1436 2985 divina
1488 2942 1544 2984 et
1596 2947 1847 2998 suprema
1902 2941 2096 2988 natura
2144 2949 2249 2987 non

683 3030 925 3098 patitur:
951 3028 1043 3080 sed
1081 3038 1254 3093 neque
1283 3023 1375 3076 Dei
1413 3019 1650 3076 Verbum
1702 3037 1822 3076 esse
1865 3022 2122 3078 desinens
2150 3026 2253 3078 hoc

2353 577 2462 628 τῶν
2495 576 2667 638 οὕτως
2695 575 2873 646 ὀρθῶς
2911 577 3218 646 εἰρημένων
3252 577 3574 646 κατήγορος,
3609 579 3654 626 εί
3695 577 3766 645 μὴ
3797 577 3920 628 Θεὸν

2352 662 2460 719 οἶδε
2519 668 2660 719 κατὰ
2719 667 2979 736 ἀλήθειαν
3027 667 3156 719 ὄντα
3205 667 3296 720 τὸν
3360 666 3724 737 Ἐμμανουήλ,
3771 669 3818 717 εί
3852 666 3921 734 μὴ

2353 757 2680 826 γεγέννηται
2737 759 2879 810 κατὰ
2934 758 3112 826 σάρκα
3159 758 3222 810 ὲκ
3263 757 3362 826 τῆς
3415 759 3576 825 ἁγίας
3630 756 3921 826 Παρθένου,

2353 849 2490 918 σὰρξ
2522 849 2783 918 γεγονὼς,
2832 851 2861 902 6
2909 849 3045 903 Θεοῦ
3079 850 3251 916 Λόγος
3291 848 3431 901 κατὰ
3465 849 3566 911 τὰς
3598 847 3840 918 Γραφάς,
3875 847 3922 898 τί

2355 941 2428 1010 μὴ
2461 941 2662 1010 μᾶλλον
2690 942 2930 1009 ἔφασκεν
2970 939 3214 1010 ἐναργῶς
3238 958 3251 970 ·
3297 938 3363 990 Τί
3408 938 3559 1009 δρᾷς.
3593 931 3637 990 ὦ
3671 939 3917 1003 γεννατες

2350 1031 2530 1094 δεινάς
2558 1049 2616 1086 τε
2657 1032 2751 1085 κα)⁸
2785 1031 3040 1101 παλιμφή
3051 1048 3185 1101 μους
3207 1029 3410 1102 ἐρεύγῃ
3452 1029 3668 1096 φωνάς;
3701 1027 3807 1080 τῶν
3831 1027 3924 1094 τῆς

2352 1125 2609 1194 ἀληθείας
2669 1126 3062 1196 κατανεανιεύῃ
3123 1124 3441 1195 δογμάτων;
3483 1123 3594 1175 Οὐκ
3646 1121 3762 1173 ἔστι
3798 1119 3924 1179 Θεὸς

2351 1219 2493 1270 κατά
2523 1218 2784 1288 ἀλήθειαν
2830 1220 2858 1272 6
2909 1219 3278 1289 Ἐμμανουὴλ,
3311 1216 3434 1270 οὔτε
3473 1217 3578 1286 μὴν
3609 1214 3863 1275 Θεοτόκος
3890 1215 3921 1282 ή

2351 1310 2482 1376 ἁγία
2523 1311 2830 1381 Παρθένος’
2883 1312 2970 1364 ἵνα
3019 1311 3113 1364 καὶ
3159 1313 3322 1380 ἡμεῖς
3361 1307 3529 1362 ταῦτα
3571 1305 3783 1376 βοῶντι,
3836 1304 3924 1356 καὶ

2349 1403 2584 1470 λέγοντι,
2613 1403 2682 1454 τά
2711 1403 2773 1455 ἐκ
2803 1403 2902 1472 τῆς
2937 1400 3298 1456 θεοπνεύστου
3329 1397 3548 1469 Γραφῆς
3581 1392 3924 1448 ἀντανιστάν-

2348 1509 2440 1554 τες
2461 1492 2772 1561 ἐμφρόνως,
2805 1493 2900 1544 καὶ
2928 1491 3027 1558 τῆς
3053 1487 3416 1557 ἀποστολικῆς
3444 1503 3502 1538 τε
3524 1485 3616 1538 καὶ
3643 1481 3925 1550 εὐαγγελιο

2357 1580 2460 1649 κῆς
2499 1581 2734 1642 πίστεως
2767 1579 2864 1649 τὴν
2896 1578 3212 1648 παράδοσιν,
3256 1576 3349 1628 καὶ
3393 1575 3492 1644 τήν
3532 1573 3638 1625 τῶν
3672 1572 3925 1640 Πατέρων

2357 1671 2648 1741 ὁμολογίαν
2685 1670 2795 1724 τῶν
2846 1673 2988 1724 κατά
3035 1670 3261 1740 καιροὺς
3295 1669 3352 1720 ἐν
3385 1670 3449 1737 τῇ
3481 1663 3734 1718 Νικαέων
3759 1677 3927 1713 συνει-

2350 1763 2633 1832 λεγμένων
2697 1761 3126 1830 ἀντεξάγοντες,
3191 1759 3624 1828 δυσωπήσωμεν,
3683 1754 3760 1817 ὡς
3806 1750 3923 1804 οὔτε

2352 1854 2548 1924 ὀρθῶς,
2577 1852 2701 1905 οὔτε
2743 1852 2847 1922 μὴν
2879 1854 2936 1904 ἐν
2971 1851 3161 1919 κόσμῳ
3189 1853 3302 1912 τοῖς
3345 1849 3476 1920 παρ’
3508 1846 3666 1917 ήμῶν
3707 1844 3928 1913 είρημέ-

2351 1962 2462 2007 νοις
2507 1944 2865 2014 ἐπιπλήττειν
2912 1945 3195 2005 ἐπιχειρεῖ,
3236 1939 3436 2002 μᾶλλον
3474 1933 3530 1986 δὲ
3571 1934 3765 1986 ἀνέδυν
3805 1937 3924 1994 ταῖς

2351 2037 2525 2092 θείαις
2560 2036 2791 2097 μάχεται
2819 2029 3077 2098 Γραφαῖς.
3126 2026 3265 2078 Ἀλλ’
3292 2026 3319 2077 6
3359 2025 3517 2092 σοφὸς
3548 2025 3644 2077 καλ⁵
3672 2025 3922 2094 ἀγχίνους

2354 2119 2645 2190 ἐξηγητὴς,
2687 2119 2722 2170 ἀ
2768 2118 2865 2187 μὲν
2891 2113 2957 2188 ἦν
2988 2118 3133 2179 εἰκός
3160 2133 3216 2169 τε
3257 2116 3350 2169 καὶ
3389 2117 3688 2182 ἀναγκαῖον
3730 2117 3923 2175 εἰπεῖν,

2351 2210 2634 2282 παρήλασε
2653 2249 2666 2272 ,
2714 2207 3086 2279 πεφροντικὼς
3134 2208 3188 2260 δὲ
3230 2206 3366 2269 ὅλως
3393 2206 3501 2258 τῶν
3531 2205 3806 2264 τοιούτων
3836 2205 3926 2256 οὑ-

2349 2303 2518 2365 δενδς,
2552 2302 2636 2370 ἐφ’
2674 2303 2866 2371 ἑτέραν
2899 2302 3037 2353 ἵεται
3071 2299 3275 2370 τρίϐον.
3320 2299 3615 2369 Ἑτράπετο
3640 2300 3749 2369 γάρ
3770 2297 3928 2359 εὐθὺς

2353 2394 2445 2448 ἐπὶ
2482 2395 2541 2446 τὸ
2576 2393 2685 2446 δεῖν
2711 2393 3052 2461 ἀποφαίνειν,
3085 2392 3164 2444 ὅτι
3199 2392 3404 2462 τροπῆς
3436 2392 3684 2461 ἀμείνων
3717 2391 3866 2443 ἐστὶν
3902 2391 3928 2442 6

2351 2485 2445 2539 τοῦ
2481 2484 2616 2537 Θεοῦ
2647 2485 2840 2551 Λόγος,
2869 2484 2962 2536 καὶ
2989 2483 3088 2534 οὐκ
3126 2483 3205 2544 είς
3233 2481 3394 2548 φύσιν
3432 2479 3766 2550 μετεποιήθη
3795 2495 3926 2549 σαρ-

2350 2577 2467 2640 κὸς,
2512 2577 2586 2640 ὡς
2620 2576 2778 2629 τοῦτο
2823 2574 3205 2646 κρατύνοντος,
3245 2574 3337 2626 καὶ
3372 2572 3570 2642 ἀληθὲς
3607 2571 3928 2640 ἀποφαίνειν

2351 2669 2630 2730 ἐθέλοντος
2697 2666 2791 2719 τοῦ
2861 2663 3326 2734 ἀναθεματισμοῦ.
3401 2663 3671 2715 Ἀκουέτω
3727 2661 3927 2722 τοίνυν,

2352 2760 2595 2828 ὐπαντᾷν
2633 2752 2716 2819 οἷς
2763 2755 3032 2822 ἀντιλέγει
3088 2755 3208 2806 κατ’
3247 2753 3436 2806 οὐδένα
3481 2754 3683 2823 τρόπον
3729 2750 3884 2812 εἰδώς
3913 2770 3926 2780 ·

2351 2849 2743 2916 Εἰκαιολογεῖς,
2767 2846 3042 2916 ἄνθρωπε,
3075 2845 3168 2897 καὶ
3202 2846 3348 2914 μάχῃ
3378 2845 3932 2913 φρονήματιμεμιση-

2354 2941 2499 3010 μένῳ
2535 2941 2628 2992 καὶ
2677 2937 2813 3008 πρὸς
2837 2938 3014 3007 ήμῶν.
3053 2937 3242 3004 Ἴσμεν
3276 2935 3406 3004 γάρ,
3438 2936 3517 2988 ὅτι
3560 2933 3772 3003 τροπῆς
3805 2934 3927 2985 ἐπι-

2355 3033 2597 3098 σκίασμα
2638 3031 2832 3082 παθεῖν
2866 3031 2897 3098 ή
2934 3028 3052 3081 θεία
3084 3045 3141 3081 τε
3186 3029 3278 3081 καὶ
3327 3026 3601 3096 ὑπερτάτη
3635 3025 3800 3095 φύσις
3831 3025 3928 3076 οὑκ

681 3119 826 3188 quod
857 3127 958 3177 est,
986 3117 1038 3169 iu
1073 3123 1320 3168 naturam
1365 3111 1581 3167 transiit
1607 3111 1966 3178 carnis.Quia
2020 3127 2147 3168 vero
2175 3114 2246 3166 ait

2354 3121 2641 3190 ἀνέχεται·
2701 3119 2825 3172 οὕτε
2890 3119 2994 3188 μὴν
3053 3119 3082 3170 6
3132 3118 3225 3171 τοῦ
3261 3117 3396 3171 Θεοῦ
3445 3117 3636 3184 Λόγος,
3686 3116 3750 3168 τὸ
3792 3112 3930 3169 εἶναι

682 3228 709 3261 a
741 3209 832 3263 Dei
886 3207 1057 3262 forma
1098 3212 1429 3272 assumptam
1473 3201 1616 3257 servi
1670 3201 1922 3266 formam,
1979 3201 2170 3255 doceat
2197 3203 2247 3255 in

683 3299 916 3350 medium
950 3294 1269 3362 procedens,
1303 3291 1347 3344 si
1389 3289 1590 3359 absque
1647 3289 2020 3344 subsistentiis
2044 3289 2171 3344 solae
2198 3299 2251 3343 et

680 3405 775 3456 per
809 3403 867 3440 se
893 3386 1078 3439 fornue
1127 3394 1499 3436 convenerunt
1531 3383 1672 3434 inter
1705 3396 1785 3433 se.
1809 3380 1939 3442 Sed,
1972 3381 2247 3444 existimo,

680 3480 795 3537 ipse
823 3491 878 3528 se
900 3475 1080 3527 statim
1113 3480 1341 3526 evertet.
1366 3469 1480 3524 NOII
1518 3471 1662 3524 enim
1692 3468 2073 3523 similitudines
2121 3470 2252 3522 sim-

681 3566 893 3632 pliciter
941 3579 1042 3617 non
1100 3561 1482 3624 subsistentes,
1545 3569 1599 3613 et
1640 3559 1823 3613 forma!
1880 3567 2249 3614 convenerunt

681 3656 822 3709 inter
869 3670 927 3707 se
969 3669 1064 3722 per
1103 3653 1355 3706 unionem
1406 3651 1880 3721 dispensatoriam,
1915 3651 2009 3704 sed
2066 3664 2250 3704 rerum

679 3750 794 3802 sive
843 3745 1272 3800 substantiarum
1325 3758 1622 3798 concursus
1651 3751 1733 3798 est
1766 3743 1961 3808 factus,
1996 3753 2054 3796 ut
2086 3743 2249 3796 inlut-

681 3835 1005 3892 manationis
1035 3835 1173 3888 ratio
1205 3847 1332 3888 vere
1365 3833 1506 3886 facta
1539 3833 1810 3887 credatur.
1840 3834 1979 3904 Ergo
2017 3834 2065 3888 si
2103 3835 2250 3888 dice-

679 3941 799 3979 mus
850 3939 1066 3978 carnem
1110 3922 1312 3978 factum
1373 3921 1634 3989 Verbum,
1692 3938 1795 3977 non
1851 3923 2244 3988 confusionem,

679 4029 785 4068 non
842 4015 1146 4076 misturam,
1197 4027 1304 4067 non
1359 4014 1792 4076 conversionem,
1847 4022 1937 4065 aut
1998 4013 2251 4065 immuta-

679 4107 878 4159 tionem
908 4104 1200 4172 contigisse
1224 4102 1454 4158 dicimus
1485 4103 1627 4156 circa
1672 4104 1868 4171 ipsum,
1905 4102 1998 4156 sed
2037 4103 2245 4156 unitum

675 4197 854 4264 potius
915 4193 1258 4250 'meﬂabiliter
1306 4204 1358 4248 et
1396 4194 1830 4248 inenarrabiliter
1877 4197 2092 4262 corpori
2132 4195 2250 4246 aui-

677 4301 820 4340 mam
878 4287 1097 4339 habenti
1163 4285 1564 4340 iutellectivam.
1636 4287 1787 4351 Quod
1862 4295 2039 4340 autem
2108 4287 2246 4339 ιιιιὶΓί

675 4377 891 4440 dicitur,
918 4392 1020 4430 non
1057 4376 1238 4430 statim
1271 4375 1637 4439 confunditur,
1672 4375 1763 4430 sed
1802 4377 1978 4445 potius
2013 4378 2238 4431 alterum

675 4469 920 4521 assumit.
955 4467 1296 4520 Allirmamus
1339 4467 1498 4535 igitur
1538 4466 1795 4532 Verbum,
1829 4470 1969 4537 quod
2026 4485 2091 4524 ex
2133 4471 2242 4524 Deo

673 4557 834 4611 Patre
860 4567 963 4620 est,
1001 4558 1358 4622 assumpsisse
1412 4567 1652 4609 sanctam
1690 4569 1742 4612 et
1781 4560 2079 4613 animatam
2118 4577 2240 4615 car-

678 4660 823 4705 nem,
880 4645 1194 4709 unitumque
1251 4641 1545 4694 secundum
1603 4645 1881 4696 veritatem
1938 4645 2240 4710 inconfuse,

676 4750 739 4788 ex
785 4743 938 4786 utero
972 4733 1088 4798 ipso
1144 4730 1471 4796 processisse
1527 4729 1824 4792 hominem,
1877 4737 2242 4797 permansisse

673 4831 852 4875 autem
903 4821 1067 4873 etiam
1097 4819 1174 4871 sic
1205 4818 1368 4870 Deum
1422 4832 1606 4868 verum
1631 4833 1644 4870 :
1665 4816 1892 4884 ideoque
1921 4825 1974 4869 et
2004 4816 2096 4871 Dei
2137 4816 2241 4871 Ge-

673 4909 836 4963 nitrix
876 4917 959 4961 est
983 4919 1168 4959 sancta
1207 4903 1392 4973 Virgo.
1426 4903 1772 4972 Superﬂuum
1803 4914 1980 4958 autem
2007 4907 2240 4960 arbitror

673 5000 1006 5061 existimare,
1073 4997 1309 5050 hominis
1360 4999 1519 5048 etiam
1575 4995 1892 5063 genitricem
1960 5009 2078 5049 eam
2133 4998 2236 5049 dici

673 5102 943 5161 oportere.
988 5088 1115 5141 Nam
1150 5089 1192 5140 si
1237 5088 1449 5155 quidem
1510 5095 1694 5140 essent
1746 5087 1911 5157 aliqui
1960 5103 2025 5142 ex
2076 5090 2239 5142 multa

672 5183 886 5237 vesania
922 5182 1179 5241 dicentes,
1234 5177 1328 5231 Dei
1378 5176 1537 5231 Verbi
1568 5188 1814 5231 naturam
1848 5179 2012 5234 veluti
2039 5181 2239 5234 fontem

671 5273 960 5343 quemdam
1007 5281 1057 5323 et
1121 5269 1349 5337 pr0priae
1398 5269 1728 5322 exsistentiaa
1771 5271 2094 5338 principium
2140 5273 2241 5324 ha-

668 5361 851 5414 buisse
893 5374 1147 5424 carnem;
1176 5361 1312 5411 forte
1350 5358 1536 5411 fuisset
1577 5359 1755 5428 aliqua
1787 5376 1891 5414 non
1917 5364 2151 5416 absurda
2186 5373 2242 5417 et

670 5451 1062 5505 contemnenda
1114 5447 1250 5503 ratio
1283 5448 1610 5511 volentibus,
1644 5465 1763 5504 eam
1796 5452 1957 5504 etiam
1995 5453 2231 5508 hominis

2356 3215 2543 3283 μεθεὶς
2567 3215 2702 3282 ὅπερ
2728 3213 2894 3274 ἐστὶν,
2915 3213 2995 3273 είς
3018 3210 3114 3280 τὴν
3145 3211 3244 3279 τῆς
3271 3208 3472 3278 σαρκὸς
3502 3206 3930 3277 μετακεχώρηκε

2352 3304 2533 3370 φύσιν.
2574 3301 2795 3371 Ἐπειδὴ
2823 3301 2878 3352 δέ
2911 3317 3064 3368 φησι,
3097 3298 3248 3367 παρὰ
3284 3297 3384 3366 τῆς
3411 3295 3506 3347 τοῦ
3541 3294 3677 3346 Θεοῦ
3713 3295 3932 3364 μορφῆς

2354 3393 2570 3461 μορφὴν
2606 3387 2982 3456 ἀναληφθῆναι
3027 3386 3234 3447 δούλου,
3276 3385 3572 3437 διδασκέτω
3618 3383 3928 3452 παρελθὼν,

2351 3483 2540 3551 είδίχα
2567 3481 2677 3532 τῶν
2711 3478 3063 3531 ὑποστάσεων
3120 3476 3279 3544 μόναι
3325 3477 3419 3527 καὶ
3465 3473 3587 3526 καθ’
3627 3475 3836 3536 ἑαυτάς
3875 3474 3931 3525 αἱ

2354 3571 2561 3642 μορφαὶ
2603 3568 2865 3637 συνῆλθον
2894 3566 3172 3635 ἀλλήλαις.
3217 3566 3380 3630 ’Λλλ’,
3420 3561 3594 3634 οἶμαι,
3626 3565 3932 3617 καταϐαλεῖ

2351 3664 2445 3714 καὶ
2472 3660 2633 3723 αὐτὸς
2659 3658 2851 3711 ἐαυτὸν
2886 3657 3114 3710 αὐτόθεν
3183 3656 3242 3708 οὐ
3269 3656 3376 3723 γάρ
3396 3655 3714 3726 ὁμοιότητες
3745 3655 3932 3716 ἁπλῶς

2351 3753 2736 3814 ἀνυπόστατοι,
2784 3750 2876 3801 καὶ
2920 3748 3128 3818 μορφαὶ
3174 3748 3476 3816 συνέϐησαν
3511 3747 3776 3816 ἀλλήλαις
3809 3746 3931 3800 καθ’

2350 3843 2542 3895 ἕνωσιν
2570 3839 2939 3910 οἰκονομικὴν,
2960 3840 3094 3892 ἀλλά
3113 3838 3472 3909 πραγμάτων,
3494 3841 3663 3908 ήγουν
3691 3840 3932 3892 ὑποστά-

2352 3951 2489 3986 σεων
2520 3935 2709 4000 γέγονε
2738 3931 2976 3995 σύνοδος,
3015 3931 3103 3983 ἵνα
3133 3931 3228 3983 καὶ
3257 3932 3285 3982 ὁ
3325 3930 3427 3998 τῆς
3460 3930 3932 4000 ἐνανθρωπήσεως

2349 4026 2502 4091 λόγος
2525 4023 2736 4092 ἀληθῶς
2763 4020 3015 4090 γενέσθαι
3046 4019 3392 4091 πιστεύηται.
3437 4019 3646 4072 Οὐκοῦν
3673 4022 3720 4071 εί
3751 4019 3930 4086 λέγοι-

2352 4132 2450 4184 μεν
2494 4114 2670 4183 σάρκα
2713 4111 2965 4179 γενέσθαι
3012 4111 3104 4162 τὸν
3149 4110 3342 4178 Λόγον,
3400 4109 3461 4161 οὐ
3526 4107 3812 4177 σύγχυσιν,
3870 4111 3929 4159 οὐ

2349 4203 2583 4274 φυρμὸν,
2626 4203 2686 4254 οὐ
2717 4200 2942 4271 τροπὴν,
2983 4200 3082 4252 οὐκ
3123 4199 3407 4253 ἀλλοίωσιν
3469 4198 3746 4268 συμϐῆναι
3804 4201 3931 4266 περὶ

2347 4296 2506 4348 αὐτόν
2563 4311 2763 4364 φαμεν,
2817 4291 3057 4364 ήνῶσθαι
3108 4291 3164 4342 δὲ
3221 4290 3420 4359 μᾶλλον
3474 4290 3773 4359 ἀφράστως
3837 4292 3932 4341 καὶ

2352 4385 2678 4452 ἀπορρήτοις
2734 4381 2945 4448 σώματι
2991 4379 3169 4447 ψυχὴν
3227 4379 3404 4446 ἔχοντι
3457 4380 3670 4447 νοεράν.
3735 4381 3814 4430 T6
3877 4380 3931 4430 δὲ

2355 4472 2600 4527 ἐνοῦσθαι
2631 4470 2922 4538 λεγόμενον
2955 4469 3014 4519 οὐ
3051 4470 3331 4536 συγχεῖται
3375 4469 3610 4528 πάντως,
3646 4469 3704 4520 ἐν
3758 4486 3930 4537 προσ-

2350 4563 2507 4632 λήψει
2552 4561 2608 4613 δὲ
2660 4558 2858 4628 μᾶλλον
2916 4555 3101 4626 ἐτέρου
3163 4556 3390 4622 γίνεται.
3456 4557 3930 4625 Διαϐεϐαιούμεθα

2347 4654 2525 4705 τοίνυν
2561 4652 2651 4702 τὸν
2699 4654 2763 4703 ἐκ
2813 4651 2946 4704 Θεοῦ
2995 4651 3208 4720 Πατρὸς
3253 4654 3444 4718 Λόγον,
3499 4653 3558 4703 ἐν
3617 4654 3930 4723 προσλήψει

2347 4743 2608 4810 γεγονότα
2644 4742 2744 4809 τῆς
2783 4743 2947 4809 ἁγίας
2994 4759 3052 4794 τε
3103 4744 3196 4795 καὶ
3233 4743 3478 4812 ἐμψύχου
3517 4744 3744 4811 σαρκὸς,
3800 4748 3932 4797 ἐνω-

2349 4831 2507 4884 θέντα
2536 4850 2594 4883 τε
2619 4833 2758 4885 κατὰ
2782 4832 3037 4902 ἀλήθειαν
3063 4833 3400 4901 άσυγχύτως,
3431 4837 3492 4886 ἐκ
3518 4835 3731 4902 μήτρας
3755 4836 3931 4900 αὐτῆς

2348 4921 2630 4990 προελθεῖν
2664 4922 2968 4990 ἄνθρωπον,
3009 4925 3375 4992 μεμενηκέναι
3421 4925 3475 4975 δὲ
3505 4925 3594 4976 καὶ
3622 4926 3769 4976 οὕτω
3797 4927 3930 4976 Θεὸν

2346 5009 2598 5079 ἀληθινόν
2619 5027 2630 5039 ·
2663 5009 2833 5080 ταύτῃ
2854 5029 2934 5063 τοι
2959 5013 3054 5064 καὶ
3083 5013 3340 5075 Θεοτόκος
3365 5015 3509 5065 ἐστὶν
3546 5016 3576 5081 ἡ
3613 5014 3744 5079 ἁγία
3781 5015 3931 5081 Παρ-

2347 5099 2517 5160 θένος.
2552 5100 2813 5169 Περιττὸν
2845 5101 2899 5152 δὲ
2923 5098 3074 5170 οἶμαι
3114 5103 3174 5154 τὸ
3217 5103 3326 5154 δεῖν
3349 5102 3552 5154 οἴεσθαι
3585 5104 3678 5154 καὶ
3710 5103 3928 5154 ἀνθοω-

2347 5191 2574 5244 ποτόκον
2620 5193 2795 5243 εἰπεῖν
2845 5193 3032 5258 αὑτήν.
3085 5194 3146 5245 Et
3198 5195 3298 5261 μὲν
3330 5193 3437 5263 γὰρ
3484 5189 3624 5263 ἦσάν
3673 5211 3824 5256 τινες
3866 5196 3927 5244 ἐκ

2344 5281 2544 5350 πολλῆς
2582 5281 2721 5347 ἄγαν
2749 5282 3168 5350 φρενοϐλαϐείας
3203 5282 3469 5349 λέγοντες,
3496 5283 3593 5352 τὴν
3624 5284 3718 5335 τοῦ
3746 5286 3924 5349 Λόγου

2344 5370 2526 5438 φύσιν,
2575 5373 2756 5440 πηγὴν
2788 5372 2978 5442 ὥσπερ
3010 5373 3150 5437 τινὰ,
3182 5374 3277 5425 καὶ⁵
3315 5374 3412 5442 τῆς
3455 5370 3594 5436 ἰδίας
3629 5375 3919 5444 ὑπάρξεως

2341 5461 2514 5530 ἀρχὴν
2558 5461 2850 5529 ἐσχηκέναι
2885 5464 2980 5530 τὴν
3015 5463 3213 5533 σάρκα,
3261 5465 3400 5532 τάχα
3434 5481 3512 5526 τις
3558 5460 3624 5532 ἦν
3667 5466 3765 5516 οὐκ
3808 5465 3916 5517 άπδ

1725 5585 1902 5640 Variae
1939 5587 2200 5645 lectiones
2228 5607 2291 5646 ex
2330 5593 2512 5647 codice
2553 5595 2921 5662 Seguiertaun.

737 5725 764 5768 7
794 5718 877 5769 ισ.
905 5717 1014 5770 ὅτε.
