4062 6340
159 356 258 412 597

724 351 1248 410 APOLOGETICUS
1287 350 1563 408 CONTRA
1605 348 2123 405 THEODORETUM
2167 351 2298 406 PRO
2341 351 2428 406 XII
2470 349 2851 406 CAPlTlBUS.

3277 349 3384 404 598

165 468 365 522 σκοποῦ
397 471 489 521 καὶ
520 469 821 538 ἀπόϐλητος
867 470 1022 538 λόγος
1054 473 1163 532 τοῖς
1205 472 1480 525 ἐθέλουσιν
1523 471 1720 540 ὀνομά-

1854 471 2141 534 ;enitricem
2179 474 2443 527 nominari
2479 482 2747 541 oportere.
2787 471 2920 536 Quia
2953 485 3078 523 vero
3110 470 3388 522 abomina-

161 561 345 624 ζεσθαι
401 562 508 612 δεῖν
553 562 643 612 καὶ
690 560 1100 630 ἁνθρωποτόκον
1151 561 1336 632 αὐτήν.
1405 561 1617 629 Ἐπειδὴ
1664 560 1721 613 δὲ

165 649 392 718 βδελυρὰ
426 650 514 702 καὶ
541 650 903 718 ἀπηχθημένη
923 651 1072 720 παρὰ
1098 651 1260 704 πᾶσίν
1283 651 1428 703 ἐστιν
1449 652 1482 720 ἡ
1499 651 1719 721 τοιαύτη

163 740 309 804 δόξα,
341 743 540 792 νοεῖται
573 741 627 792 δὲ
658 741 753 808 οὐχ
787 740 988 811 ἑτέρως
1031 743 1291 804 Θεοτὸκος
1330 745 1361 812 ἡ
1396 743 1525 810 ἁγία
1575 744 1720 812 Παρ-

171 830 349 893 θέιαος,
381 832 426 882 εί
465 832 538 900 μὴ
574 831 979 902 παρεισδέξαιτό
1027 851 1106 894 τις
1150 834 1246 903 τὴν
1281 834 1458 887 πίστιν
1487 833 1603 897 τοῦ,
1641 836 1721 887 ὃτι

163 922 352 986 γέγονε
382 921 534 990 σὰρξ,
563 922 836 974 τουτέστιν
867 923 1166 991 ἄνθρωπος,
1193 925 1219 975 ὁ
1251 925 1313 976 ἐκ
1339 924 1472 978 Θεοῦ
1514 925 1724 994 [ἰατρὸς

163 1013 330 1080 Λόγος
355 1029 366 1041 ·
400 1014 458 1064 οὺ
494 1013 600 1082 γάρ
625 1029 726 1066 που
753 1014 980 1080 θεότητα
1007 1016 1236 1084 γυμνὴν,
1277 1017 1350 1078 ὡς
1391 1016 1546 1085 ἔφην,
1576 1016 1724 1068 ἐκτέο

163 1118 320 1152 τοκεν
353 1103 382 1169 ἡ
412 1103 538 1168 ἁγία
571 1101 842 1173 ιΙαρθένος
866 1119 878 1130 ·
921 1103 971 1153 τί
1010 1103 1068 1153 τὸ
1095 1102 1193 1170 τῆς
1217 1105 1513 1167 ἐνστάσεως
1539 1103 1724 1170 ὄφελος

164 1190 271 1240 τῶν
319 1192 512 1260 χρῆναι
560 1191 824 1257 λεγόντων
863 1192 1223 1260 ὀνομάζεσθαι
1253 1193 1360 1245 δεῖν
1393 1195 1485 1247 καὶ
1516 1194 1726 1264 ἀνορω-

166 1281 396 1334 ποτόκον
423 1283 622 1351 αῦτὴν;
663 1283 822 1345 Ἀλλ’,
845 1283 918 1346 ὡς
941 1283 1132 1346 ἔοικεν,
1160 1283 1442 1355 ἐξεύρηταί
1463 1303 1512 1338 τι
1537 1286 1727 1353 πικρὸν

166 1370 350 1433 αὐτοῖς
379 1371 519 1424 κατὰ
549 1371 785 1440 Χριστοῦ
820 1371 1168 1443 σκαιὼρημα.
1200 1375 1272 1426 Οὐ
1306 1377 1413 1444 γὰρ
1448 1375 1727 1443 ἀνέχονται

166 1465 408 1530 φρονεῖν,
462 1463 492 1531 ἢ
545 1462 722 1529 λέγειν
770 1463 930 1515 αὑτὸν
981 1464 1070 1515 τὸν
1124 1465 1186 1515 ἐκ
1234 1463 1366 1516 Θεοῦ
1396 1465 1490 1516 καὶ
1521 1465 1728 1532 Πατρὺς

166 1552 497 1622 προαιώνιον
544 1553 690 1617 Υίὸν,
735 1556 792 1605 ἐν
832 1554 1078 1622 ἐσχάτοις
1129 1553 1220 1606 τοῦ
1262 1555 1454 1616 αίῶνος
1498 1557 1728 1624 καιροῖς,

165 1643 509 1710 ἀσυγχύτως,
553 1645 869 1713 ἀτρέπτως.
913 1647 974 1697 ἐκ
1006 1645 1220 1715 μήτρας
1263 1646 1524 1716 ἐνωοῆναι
1569 1648 1734 1716 σαρκὶ

163 1736 346 1805 ψυχὴν
376 1736 573 1805 ἐχούσῃ
601 1736 696 1804 τὴν
727 1736 970 1805 λογικὴν,
1017 1736 1158 1788 οὕτω
1205 1753 1262 1788 τε
1319 1737 1568 1802 γενέσθαι
1610 1737 1730 1790 καθ’

1828 559 1952 614 bilis
1984 570 2039 615 et
2085 564 2268 618 odiosa
2300 564 2519 632 quidem
2561 565 2696 631 apud
2743 575 2932 615 omnes
2968 569 3049 615 est
3077 559 3383 628 hujusmodi

1828 650 2030 718 opinio,
2084 667 2258 720 neque
2302 653 2457 706 aliter
2517 651 2845 718 intelligitur,
2903 649 2996 703 Dei
3054 647 3385 703 Genitricent

1828 756 1948 797 esse
1987 752 2230 796 sanctam
2268 743 2563 810 Virginem,
2605 742 2706 796 nisi
2759 741 2992 808 primum
3023 739 3144 807 quis
3177 736 3385 798 credat,

1830 833 1970 900 quod
2004 831 2261 894 Verbum,
2309 834 2450 902 quod
2485 847 2550 886 ex
2588 834 2694 886 Deo
2735 831 2912 894 Patre,
2951 829 3148 883 {aetum
3191 828 3262 882 sit
3295 841 3390 880 ca-

1833 940 1913 991 ro,
1965 925 2067 979 hoc
2091 935 2172 979 est
2207 927 2366 978 homo
2395 924 2553 993 207
2601 925 2730 990 (non
2759 923 2901 975 enim
2947 930 3094 974 certe
3137 918 3388 972 divinita-

1836 1027 1939 1071 tem
1970 1016 2189 1079 nudam,
2226 1015 2382 1069 siculi
2414 1017 2544 1075 dixi,
2575 1015 2781 1082 peperit
2813 1020 2999 1066 sancta
3029 1009 3213 1078 Virgo)
3240 1022 3391 1074 mute

1833 1107 2096 1173 esthujus
2143 1106 2408 1159 instantiae
2437 1105 2658 1167 utilitas,
2693 1103 2983 1158 dicentium
3000 1111 3248 1170 oportere
3292 1114 3390 1152 no-

1835 1196 2026 1250 minari
2055 1211 2171 1250 eam
2199 1205 2249 1250 et
2279 1197 2511 1250 hominis
2537 1194 2895 1263 genitricem?
2923 1193 3027 1247 Sed
3059 1194 3199 1248 sicut
3225 1206 3391 1259 appa-

1837 1299 1935 1354 ret,
1997 1290 2208 1342 inventa
2239 1290 2304 1342 ab
2332 1289 2410 1342 eis
2455 1298 2538 1342 est
2581 1299 2768 1342 contra
2825 1286 3098 1340 Christum
3125 1284 3391 1336 virulenta

1836 1380 2076 1448 quaedam
2134 1378 2486 1432 machinatio.
2538 1377 2652 1431 Non
2705 1378 2848 1432 enim
2897 1377 3177 1446 patiuntur
3205 1387 3395 1443 sapere

1838 1472 1918 1523 vel
1972 1471 2168 1533 dicere,
2207 1458 2402 1536 ipsum,
2437 1473 2528 1538 qui
2587 1483 2648 1522 ex
2703 1469 2809 1522 Deo
2856 1478 2908 1521 et
2949 1466 3110 1520 Patre
3143 1473 3226 1518 est
3273 1471 3396 1516 ante

1839 1559 2032 1614 saacula
2089 1557 2277 1621 Filius,
2341 1559 2393 1610 in
2459 1557 2772 1610 novissimis
2825 1555 3005 1610 saeculi
3067 1550 3400 1620 temporibus

1842 1651 2143 1714 inconiuse,
2175 1649 2678 1714 im:0uvertibi|iter,
2703 1664 2765 1702 ex
2821 1659 2972 1701 utero
3003 1648 3211 1699 unitum
3245 1643 3396 1697 carni

1843 1742 2075 1794 animam
2145 1739 2363 1794 habenti
2408 1738 2749 1800 rationalem,
2791 1737 2976 1804 sicque
3011 1734 3209 1789 factum
3251 1733 3401 1786 simi-

166 1827 319 1894 ἡμᾶς
370 1826 684 1892 ἄνθρωπον⁸
742 1826 854 1878 ἀλλ’
900 1826 974 1889 ὡς
1015 1827 1106 1878 ἕνα
1166 1827 1272 1880 τῶν
1315 1829 1484 1895 ἁγίων
1533 1828 1737 1881 ἐνοικον

1857 1843 1940 1883 em
1975 1827 2128 1882 nobis
2165 1829 2436 1881 hominem
2466 1843 2478 1877 :
2515 1825 2629 1889 sed,
2679 1833 2934 1892 tanquam
2969 1836 3133 1876 unum
3178 1828 3400 1873 sancto-

168 1916 366 1981 ἔχοντα
402 1913 533 1965 Θεὸν
577 1913 956 1982 διακηρύττειν
997 1916 1325 1977 ἐπείγονται,
1382 1921 1474 1970 καὶ
1527 1921 1740 1986 φρονεῖν

168 2003 582 2062 ἀναπείθουσιν,
615 2003 713 2054 οὐκ
759 2000 1084 2064 ἐννοοῦντες,
1121 2002 1202 2052 ὄτι
1232 2003 1321 2054 καὶ
1368 2005 1426 2054 ὲν
1467 2011 1596 2071 ημιν
1625 2009 1741 2059 tam

168 2092 262 2142 διὰ
292 2092 383 2143 τοῦ
419 2091 760 2159 Πνεύματος,
793 2091 868 2152 ὼς
899 2092 957 2141 ἐν
994 2091 1171 2156 ἁγίοις
1211 2094 1376 2156 ναοῖς,
1406 2093 1433 2143 ὁ
1466 2092 1572 2144 τῶν
1608 2093 1743 2145 ὅλων

170 2182 328 2244 Θεός.
367 2182 679 2251 Γέγραπται
723 2182 853 2250 γὰρ,
908 2183 993 2234 ὅτι
1051 2182 1201 2234 tl)th
1241 2182 1445 2243 οἴδατε,
1488 2185 1569 2236 ὅτι
1619 2184 1744 2245 ναὸς

172 2273 316 2326 Θεοῦ
346 2276 487 2336 ἐστε,
524 2275 616 2326 καὶ
648 2275 707 2326 τὸ
735 2274 960 2343 Πνεῦμα
998 2273 1091 2324 τοῦ
1131 2273 1265 2326 Θεοῦ
1302 2276 1441 2326 οἰκεῖ
1477 2277 1534 2325 ἐν
1581 2275 1741 2342 ὑμῖν;

175 2363 246 2414 Ei
266 2381 347 2425 τις
375 2359 467 2416 οὖν
498 2363 588 2414 τὸν
615 2365 740 2416 ναὸν
771 2365 862 2416 τοῦ
896 2364 1028 2416 Θεοῦ
1055 2364 1273 2432 φθείρῃ,
1303 2363 1493 2432 φθερεῖ
1519 2363 1701 2415 τοῦτον
1721 2367 1747 2414 ὁ

173 2453 314 2513 Θεός
334 2470 347 2484 ο
375 2455 403 2506 ὁ
427 2455 537 2523 γὰρ
571 2455 694 2516 ναὸς
721 2456 810 2507 τοῦ
835 2455 970 2508 Θεοῦ
999 2456 1151 2523 ἅγιός
1176 2457 1342 2518 ἐστιν,
1379 2456 1433 2507 οῖ
1458 2456 1599 2517 τινές
1625 2457 1748 2506 ἐστε

178 2544 361 2612 ὑμεῖς.
396 2563 412 2593 ι
463 2545 597 2596 Ἀλλ’
640 2546 686 2596 εἰ
722 2545 814 2598 καὶ
845 2543 1209 2614 ώνομάσμεθα
1257 2546 1375 2597 ναοὶ
1422 2543 1578 2606 Θεοῦ,
1620 2543 1749 2596 Θεὸν

176 2632 396 2702 ἔχοντες
419 2633 507 2683 τὸν
527 2632 835 2685 ἐνοικοῦντα
855 2633 941 2685 διὰ
959 2633 1052 2686 τοῦ
1076 2631 1214 2684 Πνεύ
1223 2649 1412 2701 ματος,
1428 2631 1541 2683 ἀλλ’
1565 2632 1651 2683 ἓτε
1663 2648 1750 2699 ρον

180 2725 346 2795 ἴσμεν
405 2727 496 2780 τοῦ
547 2727 688 2780 κατὰ
727 2729 960 2798 Χριστὸν
1016 2727 1316 2797 μυστηρίου
1371 2727 1462 2778 τὸν
1517 2724 1748 2795 τρόπον’

179 2817 425 2884 ἡνῶσθαι
453 2818 562 2884 γὰρ
589 2817 664 2885 τῷ
689 2817 807 2886 Θεῷ
835 2819 989 2887 Λόγῳ
1007 2819 1148 2871 κατὰ
1173 2817 1429 2888 ἀλήθειαν
1452 2818 1550 2887 τὴν
1579 2817 1754 2887 σάρκα

180 2905 387 2972 φαμὲν,
435 2905 610 2973 ψυχῆς
665 2906 907 2974 δηλονότι
937 2908 1034 2974 τῆς
1061 2908 1280 2975 λογικῆς
1327 2907 1550 2977 ἐνούσης
1594 2909 1750 2974 αὐτῇ.

195 2993 510 3063 Ἐπυθόμην
542 2994 585 3046 δ’
605 2995 669 3048 ἂν
696 2995 867 3064 ἡδέως
893 2997 1055 3048 αὐτοῦ
1078 3013 1091 3026 ·
1124 2997 1325 3066 πότερα
1359 2996 1422 3066 δὴ
1444 2997 1540 3066 τὴν
1565 2997 1756 3049 ἕνωσιν

1843 1934 1980 1984 rum,
2036 1918 2426 1971 inhabitantem
2455 1916 2709 1970 habuisse
2764 1913 2931 1967 Deum
2986 1911 3284 1980 praedicare
3309 1923 3401 1961 co-

1843 2019 2059 2069 nantur,
2092 2018 2145 2063 et
2175 2010 2275 2062 hoc
2315 2007 2650 2061 sentiendum
2708 2005 2958 2062 suadent,
3005 2017 3109 2053 non
3157 1998 3404 2051 conside-

1845 2103 2050 2156 rantes,
2103 2095 2244 2161 quod
2281 2102 2334 2146 et
2369 2094 2419 2144 in
2454 2092 2608 2146 nobis
2671 2099 2754 2146 est
2813 2105 2910 2159 per
2953 2088 3234 2157 Spiritum,
3267 2088 3406 2142 sicut

1847 2184 1897 2236 in
1936 2184 2140 2237 sanctis
2199 2181 2427 2248 templis,
2480 2179 2720 2234 omnium
2775 2179 2935 2232 Deus.
2999 2177 3270 2245 Scriptum
3325 2187 3407 2229 est

1847 2277 1987 2330 enim
2020 2299 2030 2328 :
2069 2294 2085 2326 ι
2126 2273 2376 2335 Nescitis,
2405 2272 2528 2340 quia
2563 2269 2818 2338 templum
2858 2270 2946 2323 Dei
2978 2270 3130 2333 estis,
3153 2277 3206 2322 et
3230 2267 3404 2336 Spiri-

1851 2377 1935 2420 tus
1964 2366 2053 2420 Dei
2087 2365 2292 2418 habitat
2343 2363 2394 2416 in
2450 2361 2655 2416 vobis?
2706 2361 2761 2415 Si
2790 2361 2912 2429 quis
2958 2374 3087 2429 ergo
3149 2357 3406 2426 templum

1851 2456 1942 2508 Dei
1995 2453 2319 2522 corruperit,
2372 2462 2683 2522 corrumpet
2740 2451 2888 2504 illum
2932 2450 3116 2504 Deus:
3153 2447 3408 2517 templum

1851 2547 1994 2599 enim
2014 2545 2106 2598 Dei
2141 2554 2383 2598 sanctum
2410 2552 2514 2606 est,
2540 2543 2681 2610 quod
2711 2542 2844 2596 estis
2869 2555 2964 2595 vos
2990 2541 3056 2593 ⁷⁸.
3095 2558 3113 2590 ι
3151 2538 3256 2594 Sed
3289 2538 3414 2592 licet

1855 2636 2197 2689 nominentur
2232 2634 2428 2703 templa
2466 2633 2582 2698 Dei,
2617 2647 2737 2687 cum
2773 2632 2938 2686 Deum
2981 2631 3277 2686 habeamus
3330 2629 3412 2682 in-

1855 2728 2189 2781 habitantem
2220 2742 2316 2794 per
2371 2725 2669 2794 Spiritum;
2707 2734 2942 2778 attamen
2999 2723 3225 2777 alterum
3259 2721 3414 2775 novi-

1855 2833 1974 2871 mus
2023 2818 2236 2870 modum
2266 2814 2588 2869 sacramenti
2619 2814 2912 2868 secundum
2943 2811 3236 2866 Christum.
3277 2810 3417 2864 Vere

1857 2909 2001 2961 enim
2061 2907 2264 2960 unitam
2321 2920 2441 2960 esse
2492 2904 2601 2958 Deo
2633 2904 2818 2958 Verbo
2853 2917 3068 2956 carnem
3101 2903 3414 2966 asserimus,

1859 2996 2035 3049 anima
2085 2995 2275 3064 utique
2320 2992 2568 3047 rationali
2616 2992 2917 3061 praeditam.
2955 2990 3210 3044 Libenter
3237 3001 3417 3044 autem

181 3081 282 3134 τοῦ
313 3082 489 3157 Λόγρυ
530 3084 664 3154 πρὸς
693 3084 752 3136 τὸ
787 3085 1146 3155 ἀνθρώπινον,
1203 3087 1369 3155 ῆγουν
1396 3085 1493 3154 τὴν
1529 3085 1665 3156 πρὸς
1696 3087 1747 3138 τὲ

1860 3099 1980 3139 eum
2033 3095 2404 3154 percontarer,
2438 3092 2618 3136 utrum
2659 3083 2907 3136 unionem
2940 3081 3097 3135 Verbi
3130 3081 3195 3133 ad
3226 3081 3417 3136 imma—

181 3171 342 3237 ἆγιον
381 3173 558 3242 σῶμα,
611 3174 671 3227 τὸ
720 3175 814 3228 καὶ
872 3176 1117 3244 ψυχωθέν
1169 3176 1390 3245 νοερώς,
1444 3176 1757 3245 πεπρᾶχθαί

182 3279 354 3330 φησιν
390 3265 527 3316 κατὰ
553 3265 829 3334 ἀλήθειαν.
863 3267 893 3334 ἢ
944 3269 1056 3328 τοῖς
1085 3266 1263 3328 ἄλλοις
1291 3265 1427 3333 ὁμοῦ
1473 3267 1566 3317 καὶ
1598 3266 1759 3325 αὐτὸς

182 3353 333 3405 κατὰ
372 3354 662 3420 συνάφειαν
694 3356 947 3422 σχετικὴν
977 3355 1373 3424 δουλοπρεποῦς
1416 3357 1508 3407 καὶ
1557 3357 1756 3409 ἀνυπο-

185 3442 389 3494 στάτου
423 3444 636 3510 μορφῆς
665 3445 800 3511 πρὸς
828 3445 1191 3496 ἐνυπόστατον
1221 3449 1312 3498 καὶ
1343 3447 1491 3498 θείαν
1524 3449 1756 3517 μορφὴν,

183 3532 220 3598 ἦ
256 3531 376 3582 καθ’
412 3533 598 3601 ἕτερον
628 3532 847 3601 τρόπον,
885 3535 1022 3586 κατὰ
1065 3536 1231 3604 μόνην
1259 3537 1356 3604 τῆς
1387 3539 1631 3606 υἱὸτητος
1664 3539 1760 3606 τὴν

184 3621 531 3688 ὁμωνυμίαν,
556 3623 649 3674 καὶ
678 3623 815 3674 κατὰ
840 3624 938 3692 τὴν
972 3634 992 3660 ι
1028 3626 1245 3693 ἰσότητα
1275 3623 1759 3698 τὼν’ἁξιωμὰτων;

185 3713 352 3779 εἴπερ
379 3727 461 3773 τις
491 3711 648 3767 ἄλλος
678 3725 702 3752 ³
735 3715 1032 3780 συναφείας
1081 3718 1260 3769 οὐτοσὶ
1300 3722 1497 3772 νοεῖται
1539 3722 1757 3790 τρόπος.

203 3802 369 3853 Ἀλλὰ
398 3804 526 3872 γὰρ,
557 3803 632 3866 ὡς
665 3803 828 3870 ἔοικε,
861 3807 1174 3877 παρενοχλῶ
1214 3810 1418 3878 μάτην·
1459 3812 1760 3881 πεποίημαι

186 3896 248 3947 δὲ
279 3893 543 3962 περιττῶς
574 3895 670 3966 τὴν
694 3894 906 3958 πεῦσιν,
937 3898 1074 3967 ἔχων
1104 3899 1267 3950 αὑτοῦ
1300 3899 1480 3967 φωνὰς
1507 3901 1600 3952 καὶ
1621 3902 1759 3969 σαφῆ

188 3987 293 4053 τὴν
324 3985 631 4054 ὁμολογίαν.
687 3987 774 4038 Ἐν
812 3988 919 4057 γάρ
976 4005 1058 4040 τοι
1110 3989 1186 4057 τῷ
1236 3989 1435 4059 πρώτῳ
1485 3992 1761 4060 κεφαλαίῳ

191 4078 364 4147 φησὶν
417 4077 602 4137 αὐταῖς
654 4075 864 4140 λέξεσιν
925 4070 1060 4129 ὧδε·
1117 4079 1213 4130 Διὰ
1263 4080 1418 4131 τοῦτο
1466 4081 1526 4132 τὸ
1580 4081 1762 4150 τεχθὲν

192 4166 399 4234 βρέφος
459 4167 920 4235 προσαγορεύεται
988 4169 1371 4239 Ἐμμανουὴλ,
1443 4171 1565 4223 οὕτε
1633 4173 1762 4235 Θεὸς

190 4251 543 4321 ἀνθρωπείας
592 4253 995 4321 κεχωρισμένος
1039 4255 1280 4323 φύσεως,
1321 4255 1442 4309 οὔτε
1480 4258 1760 4328 ἄνθρωπος

190 4341 624 4408 γεγυμνωμένος
650 4340 917 4410 θεότητος.
947 4345 1090 4395 Ἔδει
1119 4346 1218 4413 μὲν
1244 4342 1337 4398 οὖν
1365 4347 1526 4399 αὑτὸν
1559 4349 1759 4419 ἀκριΰῆ

1868 3174 2114 3238 nitatem,
2141 3176 2254 3228 sive
2287 3175 2349 3227 ad
2381 3183 2629 3228 sanctum
2673 3186 2868 3241 corpus
2918 3173 3211 3227 animatum
3263 3172 3422 3227 intel-

1861 3263 2052 3316 lectiva
2099 3266 2300 3328 anima,
2342 3279 2466 3318 vere
2505 3263 2696 3318 factam
2731 3264 2895 3328 dicat,
2927 3277 2994 3318 an
3023 3279 3144 3318 cum
3187 3263 3309 3319 aliis
3348 3266 3422 3318 si-

1862 3353 1970 3405 mul
2008 3361 2061 3406 et
2105 3353 2216 3420 ipse
2275 3354 2439 3416 dicat,
2495 3355 2792 3408 secundum
2836 3354 3252 3422 copulationem,
3303 3370 3424 3424 quae

1863 3457 1958 3511 per
2010 3445 2377 3498 habitudinem
2421 3453 2524 3508 est,
2577 3444 2794 3498 servilis
2824 3454 2876 3497 et
2922 3459 3024 3498 non
3075 3445 3423 3499 subsistentis

1863 3535 2049 3589 forma:
2109 3539 2170 3588 ad
2227 3536 2614 3590 subsistentem
2670 3545 2720 3588 et
2766 3535 3000 3588 divinam
3033 3535 3304 3601 formam;
3333 3548 3425 3589 aut

1864 3626 1973 3679 alio
2010 3628 2190 3691 modo,
2241 3627 2535 3679 secundum
2585 3625 2752 3679 solam
2792 3624 3066 3678 filiat'ionis
3117 3627 3422 3693 mquivoca-

1867 3719 2088 3778 tionem,
2149 3726 2203 3769 et
2226 3717 2523 3769 secundum
2561 3715 2922 3783 arqualilatem
2967 3715 3287 3785 dignitatum
3319 3716 3341 3766 ἲ
3379 3718 3422 3769 si

1867 3819 2044 3861 tamen
2103 3807 2189 3860 hic
2253 3821 2372 3861 esse
2405 3807 2626 3861 omnino
2656 3807 3020 3874 copulationis
3046 3809 3234 3860 modus
3268 3808 3425 3860 intel-

1865 3897 2067 3965 ligitur.
2097 3895 2202 3949 Sed
2255 3897 2421 3956 enim,
2454 3895 2598 3948 sicut
2638 3902 2880 3962 apparet,
2937 3893 3135 3946 frustra
3165 3892 3425 3947 molestus

1865 4004 2004 4051 sum,
2039 3997 2092 4040 et
2131 3985 2607 4054 interrogationem
2656 3983 2982 4053 superﬂuam
3026 3984 3185 4046 facio,
3219 3983 3425 4037 habens

1865 4078 1978 4145 ejus
2032 4091 2191 4130 voces
2243 4086 2592 4144 apertamque
2644 4075 3059 4130 confessionem.
3126 4075 3182 4126 ln
3251 4075 3428 4143 primo

1867 4180 2102 4233 namque
2159 4165 2393 4234 capitulo
2447 4165 2578 4232 ipsis
2632 4164 2811 4218 verbis
2859 4164 2939 4218 sic
2976 4165 3094 4217 ait:
3132 4162 3426 4230 Pmpterea

1869 4266 2026 4310 natus
2050 4256 2227 4310 infans
2272 4255 2586 4309 Emmanuel
2620 4255 2942 4324 appellatur,
2974 4267 3148 4321 neque
3181 4253 3321 4307 Deus
3363 4255 3428 4306 ab

1869 4333 2104 4398 humana
2146 4353 2340 4397 natura
2397 4355 2701 4413 separatus,
2749 4358 2923 4411 neque
2960 4346 3119 4397 homo
3149 4343 3429 4396 divinitate

191 4435 294 4484 καὶ
346 4431 769 4503 τετορνευμένην
810 4433 909 4500 τὴν
962 4435 1086 4502 περί
1130 4452 1192 4502 γε
1242 4437 1444 4489 τούτων
1490 4442 1747 4509 ἀφήγησιι

1873 4436 2119 4489 nudatus.
2181 4433 2476 4502 Oportebat
2532 4449 2683 4497 sane,
2733 4447 2854 4487 eum
2903 4441 3207 4486 accuratam
3247 4440 3301 4484 et
3332 4446 3428 4484 ex-

191 4521 474 4574 ποιεῖσθαι
503 4521 697 4590 φιλεῖν.
759 4522 903 4590 Πλὴν
946 4524 1122 4577 ἐκεῖνο
1162 4527 1298 4589 τέως
1331 4531 1769 4599 ἐπισημήνασθαι

192 4613 310 4682 χρή
341 4628 354 4640 ⁸
387 4612 493 4664 ίδοῖ)
526 4610 631 4681 γὰρ
658 4611 844 4664 ἐνθάδε
880 4613 970 4664 καὶ
1001 4615 1144 4682 μάλα
1181 4618 1367 4684 σαφῶς
1401 4620 1769 4688 διερμηνεύων

190 4701 362 4762 αὐτὸς
382 4701 477 4770 τὴν
503 4702 714 4764 ἕνωσιν,
747 4701 958 4768 φύσεως
985 4703 1327 4775 ἀνθρωπίνης
1359 4707 1418 4758 οὑ
1444 4709 1771 4778 κεχωρίσθαι

192 4793 342 4862 φησὶ
377 4791 468 4842 τὸν
499 4791 664 4843 Θεόνο
712 4792 1106 4860 προσομολογεῖ
1143 4793 1218 4856 δὲ,
1268 4795 1348 4846 ὅτι
1385 4797 1476 4846 καὶ
1514 4797 1606 4848 ἕνα
1652 4795 1771 4846 καθ’

190 4887 397 4937 ἕνωσιν
447 4882 793 4950 οίκονομικὴν
842 4881 978 4935 οἶδεν
1031 4885 1158 4935 ὄντα
1218 4886 1309 4936 τὸν
1362 4887 1612 4955 Χριστὸν,
1677 4887 1766 4937 τὸν

193 4975 366 5028 αὑτὸν
389 4973 631 5042 δηλονότι
647 4972 778 5024 Θεόν
797 4990 854 5025 τε
873 4973 1006 5042 ὁμοῦ
1039 4975 1130 5026 καὶ
1160 4975 1461 5044 ἄνθρωπον.
1492 4973 1623 5028 Εἶτα
1654 4975 1768 5038 πῶς

190 5067 300 5119 οὐκ
335 5065 584 5134 ἐρυθριᾷ,
616 5068 726 5128 τοῖς
759 5066 890 5134 παρ’
932 5066 1088 5134 ἡμῶν
1116 5069 1393 5133 γεγονόσιν
1423 5069 1768 5138 ἐπιπλήττων

192 5159 408 5224 λόγοις;

274 5402 322 5432 ⁷⁸
353 5401 370 5455 l
399 5400 522 5454 Cor.
563 5413 643 5461 ιιι,
679 5398 764 5461 l6,
792 5400 877 5452 l7.

1869 4537 2044 4581 actam
2097 4525 2524 4592 explanationem
2550 4525 2633 4575 his
2662 4525 2726 4574 de
2765 4523 2922 4576 rebus
2954 4520 3182 4575 ellicere.
3213 4521 3432 4574 Verum-

1872 4629 2052 4670 tamen
2118 4615 2246 4667 illud
2315 4611 2528 4664 interim
2607 4611 2897 4665 observare
2973 4612 3267 4665 convenit:
3305 4627 3432 4666 ecce

1873 4708 2016 4758 enim
2078 4705 2179 4757 hoc
2208 4702 2323 4756 loco
2356 4713 2410 4756 et
2456 4702 2670 4770 quidem
2731 4703 2875 4755 clare
2925 4702 3285 4768 interpretans
3322 4702 3434 4771 ipse

1879 4794 2151 4858 unionem,
2180 4793 2248 4845 ab
2281 4793 2509 4845 humana
2539 4801 2726 4845 natura
2753 4809 2858 4846 non
2909 4803 3213 4860 separatum
3270 4793 3435 4847 fuisse

1877 4883 2192 4938 dicitDeum
2225 4900 2238 4946 ;
2271 4883 2429 4936 simul
2465 4885 2626 4936 etiam
2667 4883 2953 4937 confitetur
2994 4885 3116 4952 quia
3157 4893 3211 4937 et
3272 4900 3434 4937 unum

1876 4975 2168 5028 secundum
2211 4974 2464 5027 unionem
2501 4973 2947 5042 dispensatoriam
2984 4974 3133 5026 novit
3173 4974 3437 5027 exsistere

1878 5066 2176 5128 Christum,
2233 5065 2479 5118 eumdem
2512 5065 2763 5118 videlicet
2788 5075 2841 5118 et
2876 5065 3037 5118 Deum
3067 5065 3221 5117 simul
3253 5075 3306 5118 et
3338 5067 3434 5117 ho-

1881 5158 2100 5211 minem.
2151 5158 2314 5227 208
2361 5158 2643 5223 Quomodo
2692 5172 2819 5224 ergo
2860 5172 2962 5210 non
2990 5156 3280 5222 erubescit,
3311 5157 3434 5208 dum

1881 5263 1965 5313 ea,
1994 5263 2112 5318 quae
2145 5249 2402 5313 diximus,
2429 5249 2814 5319 reprehendit?

1264 5513 1436 5570 Variae
1471 5515 1723 5572 lectiones
1749 5529 1817 5570 ex
1844 5517 2026 5572 codice
2061 5514 2410 5583 Seguieriano

737 5691 760 5718 ⁸
787 5691 939 5754 ὅλως.

286 5702 308 5731 ι
337 5691 507 5764 μόνην
539 5691 659 5762 τήν.
