4062 6340
641 390 748 446 399

1050 496 1688 554 ANATIIEMATISMUS
1724 497 1786 552 ll.

713 612 771 666 Si
811 610 931 679 quis
963 624 1067 662 non
1124 608 1436 672 confitetur,
1464 606 1556 661 Dei
1591 607 1765 659 Patris
1791 606 2024 660 Verbum
2059 604 2210 660 carni

1637 384 1694 439 S.
1736 384 2010 440 CYRILLI
2053 383 2518 442 ALEXANDRINI
2558 387 2878 444 ARCHIEP.

3774 391 3875 445 400

2750 500 3335 554 ΑΝΑΘΕΜΑΤΙΣΜΟΣ
3374 502 3446 554 B'.

2383 610 2450 662 El’
2477 627 2560 672 τις
2594 611 2691 680 οὑχ
2717 612 2971 680 ὁμολογεῖ
2993 615 3159 683 σαρκὶ
3184 615 3304 667 καθ’
3324 616 3620 668 ὑπόστασιν
3642 615 3874 684 ἡνῶσθαι

644 701 937 757 secundum
987 699 1304 768 bypostasin
1365 699 1596 760 unitum,
1649 712 1918 765 unumque
1958 713 2060 750 una
2089 711 2210 750 cum

2330 703 2403 756 τὸν
2449 704 2511 754 ὲκ
2559 703 2692 756 Θεοῦ
2740 704 2951 773 Πατρὸς
3004 705 3194 772 Λόγον,
3231 706 3326 758 ’ἐνα
3374 724 3430 757 τε
3467 702 3603 759 εἶναι
3650 706 3878 775 Χριστὸν

645 807 741 848 sua
774 804 936 853 carne
959 802 1079 843 esse
1142 787 1444 850 Christum,
1481 787 1730 840 eumdem
1766 787 2018 840 nimirum
2043 785 2210 840 Deum

646 883 803 938 simul
839 891 892 936 et
936 880 1247 944 hominem;
1283 882 1568 932 anathema
1604 881 1697 932 sit.

1077 1015 1390 1068 Theodomi
1434 1017 1780 1082 reprehensio.

745 1129 918 1184 Unum
977 1127 1194 1196 quidem
1264 1125 1541 1181 Christum
1605 1124 1952 1186 confitemur.
2006 1126 2214 1179 sanctis

647 1222 1012 1291 apostolorum
1045 1216 1309 1272 doctrinis
1347 1215 1652 1281 credentes,
1705 1217 2062 1284 eumdemque
2090 1231 2218 1285 pro-

649 1325 768 1383 pter
823 1313 1080 1368 unionem
1120 1322 1177 1367 et
1217 1312 1384 1366 Deum
1417 1319 1473 1364 et
1523 1310 1796 1363 hominem
1849 1309 2216 1375 nominamus,

649 1403 946 1458 secundum
1004 1401 1324 1473 bypostasin
1363 1414 1492 1454 vero
1546 1399 1800 1453 unionem
1839 1399 2014 1453 modis
2043 1399 2219 1452 omni-

651 1496 748 1546 bus
779 1495 1113 1563 ignoramus,
1157 1500 1416 1559 tanquam
1450 1490 1786 1559 peregrinam
1823 1499 1876 1542 et
1917 1489 2145 1543 alienam
2187 1504 2216 1542 a

657 1585 856 1638 divinis
895 1583 1214 1652 Scripturis,
1246 1592 1301 1637 et
1343 1580 1596 1635 Patribus
1631 1580 1720 1648 qui
1748 1594 1842 1634 eas
1883 1579 2219 1648 interpretati

652 1683 797 1728 sunt.
833 1674 888 1728 Si
916 1684 1092 1727 autem
1122 1687 1216 1740 per
1274 1672 1526 1724 unionem
1579 1670 1877 1724 secundum
1925 1669 2222 1724 subsisten—

653 1763 782 1817 tiam
815 1762 917 1816 hoc
954 1761 1066 1815 vult
1090 1761 1272 1815 dicere
1311 1760 1357 1814 is
1393 1773 1421 1812 a
1454 1774 1561 1825 quo
1610 1760 1724 1814 haec
1754 1769 1870 1813 orta
1902 1768 2048 1820 sunt,
2080 1758 2221 1827 quod

2317 794 2455 864 μετά
2505 798 2602 865 τῆς
2657 796 2793 858 ἰδίας
2836 796 3054 866 σαρκὸς,
3085 796 3174 848 τὸν
3206 797 3366 849 αὑτὸν
3397 798 3635 866 δηλονότι
3665 797 3794 848 Θεόν
3823 813 3877 847 τε

2314 885 2450 955 ὁμοῦ
2510 887 2603 938 καὶ
2636 886 2921 957 ἄνθρωπον
2943 903 2954 914 ·
2988 886 3236 954 ἀνάθεμα
3267 887 3426 940 ἔστω.

2720 1019 3096 1088 Θεοδωρήτου
3135 1019 3438 1086 ἀνατροπὴ
3450 1058 3462 1069 .

2390 1131 2525 1183 Ἕνα
2580 1130 2679 1198 μὲν
2727 1131 2962 1201 Χριστὸν
3004 1130 3396 1200 ὁμολογοῦμεν,
3427 1131 3544 1191 ταῖς
3575 1129 3746 1192 θείαις
3779 1130 3882 1182 τῶν

2318 1221 2630 1276 ἀποστόλων
2662 1221 3028 1285 διδασκαλίαις
3057 1223 3367 1290 πειθόμενοι
3387 1222 3412 1260 b
3433 1239 3445 1250 ·
3479 1221 3571 1272 καὶ
3606 1220 3698 1272 τὸν
3729 1223 3884 1274 αὑτὸν

2318 1310 2407 1363 διὰ
2429 1312 2528 1382 τὴν
2547 1311 2744 1363 ἕνωσιν
2774 1310 2905 1363 Θεόν
2933 1328 2990 1362 τε
3027 1313 3120 1363 καὶ
3145 1321 3166 1349 ε
3205 1309 3488 1380 ἄνθρωπον
3523 1309 3882 1378 ὀνομάζομεν⁹

2318 1403 2419 1471 τὴν
2467 1401 2524 1454 δὲ
2571 1402 2694 1454 καθ’
2725 1402 3020 1454 ὑπόστασιν
3069 1401 3263 1454 ἕνωσιν
3295 1401 3638 1453 παντάπασιν
3664 1398 3886 1466 ἀγνοοῦο

2324 1509 2442 1560 μεν,
2485 1492 2559 1555 ὼς
2609 1491 2768 1561 ξένην
2804 1493 2898 1545 καὶ
2942 1491 3234 1560 ἀλλόφυλον
3280 1490 3386 1544 τῶν
3437 1492 3594 1543 θείων
3635 1489 3886 1559 Γραφῶν,

2321 1583 2416 1634 καὶ
2445 1581 2552 1634 τῶν
2578 1583 2782 1644 ταύτας
2813 1583 3234 1653 ἡρμηνευκότων
3270 1583 3544 1651 Πατέρων.
3566 1583 3626 1633 Εἰ
3649 1581 3704 1633 δὲ
3737 1580 3890 1632 τοῦτο

2324 1671 2573 1742 βούλεται
2606 1671 2786 1739 λέγειν
2815 1671 2902 1724 διὰ
2940 1672 3040 1741 τῆς
3086 1671 3206 1724 καθ’
3239 1672 3532 1724 ὑπόστασιν
3577 1671 3820 1732 ὲνώσεως
3864 1680 3891 1722 ο

2321 1761 2490 1814 ταῦτα
2534 1763 2834 1830 γεννήσας,
2880 1761 2954 1824 ὡς
3010 1762 3205 1830 κρᾶσις
3257 1761 3455 1833 σαρκὸς
3502 1761 3595 1812 καὶ
3641 1760 3893 1828 θεότητος

655 1861 1137 1919 temperamentum
1197 1853 1380 1906 carnis
1425 1861 1481 1906 et
1528 1849 1832 1904 divinitatis
1873 1849 1942 1903 sit
1995 1849 2218 1910 factum,

2330 1852 2565 1918 γέγονεν,
2601 1850 2934 1921 ἀντεροῦμεν
2983 1851 3080 1903 σὺν
3125 1850 3275 1921 πάσῃ
3323 1849 3618 1920 προθυμίᾳ,
3661 1849 3756 1899 καὶ
3797 1847 3894 1914 τὴν

654 1943 1089 1997 contradicemus
1131 1943 1278 1996 omni
1322 1958 1444 1996 cum
1497 1940 1800 2004 alacritate,
1837 1951 1893 1995 et
1933 1941 2220 2008 redargue-

655 2045 773 2082 mus
800 2029 1214 2096 blasphemiam.
1269 2028 1498 2083 Necesse
1553 2029 1696 2082 enim
1744 2038 1829 2083 est
1858 2030 1922 2081 ad
1953 2037 2222 2095 tempera-

657 2130 892 2174 mentum
925 2119 1076 2184 sequi
1121 2117 1493 2171 confusionem
1524 2132 1538 2178 ;
1569 2117 1921 2182 ingressaque
1973 2112 2222 2166 confusio

656 2210 832 2263 aufert
891 2207 1315 2276 uniuscujusque
1373 2216 1583 2258 natum
1631 2204 2041 2273 proprietatem.
2094 2201 2224 2265 Quae

655 2297 799 2352 enim
823 2303 1212 2364 temperantur,
1228 2307 1332 2346 non
1357 2300 1693 2360 permanent,
1719 2299 1773 2344 ut
1790 2289 1963 2358 primo
1985 2288 2219 2341 fuerunt.

657 2385 771 2442 Hoc
797 2395 976 2441 autem
1009 2384 1076 2438 de
1116 2383 1223 2436 Deo
1252 2381 1448 2444 Verbo,
1479 2390 1532 2435 et
1562 2396 1647 2445 eo,
1671 2380 1759 2450 qui
1791 2395 1850 2433 ex
1883 2380 2088 2432 semine
2121 2379 2220 2432 Da-

657 2474 746 2528 vid
767 2482 870 2536 est,
891 2471 1074 2527 dicere
1126 2469 1579 2524 absurdissimum
1625 2478 1728 2525 est.
1761 2467 1987 2536 Oportet
2043 2478 2221 2520 autem

657 2568 881 2623 credere
942 2565 1170 2619 Domino
1233 2563 1538 2617 ostendenti
1601 2563 1732 2617 duas
1781 2573 2020 2619 naturas.
2067 2571 2224 2629 atque

659 2658 856 2711 dicenti
885 2655 1084 2710 Iudaeis
1113 2672 1126 2707 :
1164 2672 1182 2704 ‹
1226 2653 1428 2707 Solvite
1465 2656 1717 2722 templum
1747 2654 1867 2718 hoc,
1891 2662 1944 2706 et
1975 2654 2026 2706 iu
2053 2655 2224 2706 tribus

661 2748 849 2802 diebus
900 2746 1173 2799 susi:itabo
1236 2745 1366 2798 illud
1392 2745 1459 2796 ⁷⁸.
1505 2762 1524 2794 ι
1576 2743 1631 2798 Si
1687 2754 1864 2796 autem
1907 2744 2225 2810 temperatio

659 2835 802 2890 facta
841 2835 1053 2898 fuisset,
1130 2850 1302 2904 neque
1344 2834 1481 2888 Deus
1522 2834 1907 2902 permansisset
1941 2835 2098 2896 Deus,
2135 2848 2226 2886 ne.

658 2941 762 2994 que
809 2925 1063 2993 templum
1115 2924 1386 2993 cognitum
1433 2923 1626 2977 fuisset
1677 2925 1952 2991 templum,
2025 2925 2118 2976 sed
2173 2932 2225 2977 et

663 3014 918 3081 templum
967 3013 1128 3077 Deus,
1153 3024 1208 3066 et
1240 3012 1382 3066 Deus
1415 3012 1670 3081 templum
1711 3012 1842 3079 (huc
1877 3013 2019 3066 enim
2061 3013 2227 3082 exigit

659 3106 797 3158 ratio
828 3104 1281 3170 temperamenti),
1317 3110 1368 3155 et
1403 3101 1670 3170 superflue
1710 3103 1968 3157 Dominus
2006 3103 2227 3158 dixisset

2332 1941 2680 2013 βλασφημίαν
2705 1940 3013 2009 έλέγξομεν.
3034 1941 3268 2003 ’Δνάγκη
3293 1935 3400 2004 γάρ
3443 1939 3506 2003 τῇ
3548 1936 3743 2004 κράσει
3770 1937 3895 1986 ἀκο-

2329 2031 2586 2094 λουθῆσαι
2642 2031 2740 2094 τὴν
2795 2024 3084 2092 σύγχυσιν”
3139 2023 3380 2076 είσιοῦσα
3429 2023 3484 2074 δὲ
3533 2025 3566 2092 ὴ
3633 2021 3892 2089 σύγχυσις

2328 2118 2552 2184 ἀφαιρεῖ
2582 2115 2681 2184 τῆς
2717 2115 2953 2184 ἑκάστης
2981 2114 3194 2182 φύσεως
3241 2113 3338 2184 τὴν
3391 2114 3643 2182 ἰδιότητα.
3679 2113 3759 2165 Τὰ
3788 2113 3895 2180 γὰρ

2330 2207 2703 2277 κεραννύμενα
2733 2206 2793 2257 ού
2827 2205 3007 2274 μένει,
3039 2205 3073 2257 ἃ
3104 2205 3366 2274 πρότερον
3401 2199 3488 2272 ἦν.
3521 2202 3691 2254 Τοῦτο
3717 2202 3774 2253 δὲ
3804 2203 3894 2253 ἐπὶ

2328 2299 2423 2352 τοῦ
2453 2297 2588 2351 Θεοῦ
2613 2297 2812 2363 Λόγου,
2838 2297 2933 2349 καὶ
2955 2295 3043 2348 τοῦ
3076 2296 3141 2346 ὲκ
3174 2295 3482 2363 σπέρματος
3507 2291 3669 2344 Δαυῒδ
3694 2291 3893 2357 λέγειν,

2328 2388 2436 2440 τῶν
2457 2388 2817 2440 ἀτοπωτάτων
2843 2387 2908 2439 ἂν
2941 2385 3047 2454 είη.
3079 2384 3199 2454 Χρὴ
3221 2383 3276 2435 δὲ
3307 2381 3582 2436 πείθεσθαι
3607 2381 3684 2450 τῷ
3707 2380 3896 2450 Κυρίῳ

2329 2478 2594 2531 δεικνύντι
2627 2477 2725 2540 τὰς
2751 2477 2844 2530 δύο
2875 2475 3086 2545 φύσεις,
3113 2475 3207 2528 καὶ
3235 2475 3572 2541 λέγοντιτοῖς
3601 2472 3891 2532 Ἰουδαίοις

2337 2587 2355 2618 r
2385 2566 2592 2620 Λύσατε
2640 2566 2731 2619 τὸν
2776 2565 2900 2620 ναὸν
2943 2563 3164 2627 τοῦτον,
3213 2564 3303 2616 καὶ
3348 2565 3406 2614 ἐν
3439 2562 3613 2633 τρισὶν
3664 2563 3895 2630 ἡμέραις

2331 2658 2508 2726 ἐγερῶ
2554 2657 2736 2709 αὐτόν.
2769 2675 2785 2705 ι
2827 2656 2886 2708 El
2933 2655 2988 2707 δὲ
3041 2656 3236 2724 κρᾶσις
3279 2653 3557 2720 ἐγεγόνει,
3596 2651 3716 2703 οὔτε
3765 2649 3898 2709 Θεὸς

2331 2750 2663 2820 ὲμεμενήκει
2693 2746 2842 2811 Θεὸς,
2886 2745 3010 2798 οὔτε
3041 2745 3165 2807 ναὸς
3209 2743 3533 2813 ὲγνωρίζετο
3565 2743 3720 2803 ναός’
3763 2741 3898 2793 άλλά

2331 2839 2423 2890 καὶ
2449 2839 2477 2890 ὁ
2501 2838 2625 2899 ναὸς
2661 2836 2812 2899 Θεὸς,
2849 2837 2942 2888 καὶ
2986 2836 3014 2886 ό
3050 2835 3183 2896 Θεὸς
3211 2833 3334 2894 ναός
3358 2850 3370 2863 ·
3405 2832 3562 2885 τοῦτο
3603 2831 3711 2899 γὰρ
3739 2832 3768 2883 ό
3799 2831 3898 2898 τῆς

2331 2928 2574 2997 κράσεως
2601 2925 2845 2994 βούλεται
2870 2925 3022 2991 λόγος
3042 2939 3055 2954 ο
3083 2923 3178 2976 καὶ
3205 2921 3469 2993 περιττῶς
3495 2923 3522 2974 ὁ
3551 2920 3752 2989 Κύριος
3777 2914 3898 2971 εἷπε

2330 3020 2441 3079 τοῖς
2477 3016 2774 3079 Ἰουδαίοις·
2818 3034 2836 3066 ι
2869 3017 3082 3069 Λύσατε
3131 3015 3222 3067 τὸν
3273 3013 3398 3066 ναὸν
3446 3013 3653 3073 τοῦτον,
3695 3011 3790 3064 καὶ
3844 3011 3901 3061 ὲν

2331 3109 2506 3178 τρισὶν
2541 3108 2774 3176 ἡμέραις
2824 3105 3000 3176 ἐγερῶ
3042 3104 3239 3157 αὑτόνο
3272 3122 3290 3154 ι
3329 3104 3494 3173 ἐχρῆν
3540 3102 3648 3172 γὰρ
3694 3101 3897 3168 φάναι·

657 3193 860 3249 Judaeis
891 3210 904 3246 :
938 3211 956 3244 ε
990 3191 1194 3247 Solvite
1227 3193 1480 3260 templum
1505 3192 1626 3256 hoc,
1658 3202 1708 3246 et
1732 3195 1782 3247 in
1835 3195 2008 3248 tribus
2038 3195 2227 3251 diebus

2332 3195 2540 3250 Λύσατέ
2571 3213 2658 3262 με,
2683 3197 2772 3248 καὶ
2801 3197 2859 3247 ὲν
2881 3195 3057 3265 τρισὶν
3080 3194 3310 3264 ἡμέραις
3331 3192 3719 3262 ὲγερθήσομαι,
3745 3189 3904 3257 εἴπερ

659 3285 933 3340 suscitabo
961 3285 1111 3338 illud.
1154 3303 1171 3334 ι
1203 3282 1500 3351 Oportebat
1549 3285 1692 3336 enim
1755 3285 1936 3339 dicere
1973 3302 1986 3337 :
2026 3285 2230 3339 Solvite

663 3388 766 3439 me,
797 3384 850 3428 et
905 3374 958 3427 in
994 3374 1166 3426 tribus
1198 3373 1387 3425 diebus
1422 3374 1767 3436 suscitabor;
1793 3372 2056 3439 siquidem
2106 3387 2232 3427 vere

661 3461 875 3529 aliquod
911 3469 1392 3528 temperamentum
1431 3457 1632 3512 factum
1667 3460 1856 3514 fuisset
1913 3470 2074 3527 atque
2103 3476 2229 3514 con-

663 3551 1009 3605 fusioznunc
1063 3561 1242 3605 autem
1291 3550 1527 3603 05teudit
1573 3551 1896 3604 solvendum
1946 3552 2228 3620 templum,

661 3648 716 3694 et
762 3641 1111 3694 suscitantem
1149 3639 1336 3694 Deum.
1392 3640 1671 3710 Superflua
1717 3641 1895 3707 itaque
1936 3643 2230 3695 secundum

662 3727 1070 3783 subsistentiam
1103 3729 1252 3789 unio,
1289 3743 1449 3795 quam
1481 3744 1578 3798 pro
1605 3737 2030 3796 temperamento
2053 3729 2231 3792 nobis,

662 3818 823 3872 sicuti
853 3829 1000 3888 puto,
1042 3829 1366 3887 pr0pununt.
1415 3816 1624 3872 Sufficit
1655 3827 1833 3871 autem
1867 3819 2046 3872 dicere
2073 3819 2228 3872 unio-

663 3924 814 3975 nem,
873 3924 991 3978 quaa
1038 3919 1092 3962 et
1144 3921 1457 3962 naturarum
1495 3911 1850 3978 proprietates
1880 3911 2134 3974 ostendit,
2182 3920 2234 3965 et

664 4013 828 4052 unum
855 4001 1041 4053 edocet
1067 4000 1302 4053 adorare
1329 4001 1625 4054 Christum.

1210 4109 1395 4179 Cyrilli
1436 4110 1691 4177 defensio.

749 4220 888 4276 Ecce
942 4235 1130 4275 rursus
1187 4225 1441 4292 egregius
1510 4222 1596 4275 hic
1649 4236 1988 4276 oceasronem
2043 4233 2229 4276 contra

665 4309 828 4380 209
853 4324 948 4364 nos
977 4312 1086 4364 oris
1142 4311 1387 4364 effrenati
1425 4311 1686 4381 quidquid
1731 4325 1791 4365 se
1846 4311 2124 4375 obtulerit,
2157 4311 2234 4365 fa-

675 4415 798 4456 cere
819 4404 1040 4455 studens
1071 4401 1305 4455 detrahit
1331 4403 1467 4465 voci,
1499 4401 1781 4455 secundum
1826 4403 2230 4456 subsistentiam.

2331 3285 2542 3352 ἀληθῶς
2572 3285 2766 3353 κρᾶσίς
2810 3299 2894 3345 τις
2941 3281 3182 3349 ἐγεγόνει
3237 3281 3332 3333 καὶ
3360 3280 3656 3347 σύγχυσις·
3706 3277 3804 3331 νῦν
3845 3275 3903 3328 δὲ

2330 3373 2570 3424 δείκνυσι
2594 3372 2683 3422 τὸν
2710 3371 2970 3439 λυόμενον
2996 3371 3140 3432 ναὸν,
3169 3369 3264 3421 καὶ
3289 3369 3379 3420 τὸν
3413 3367 3713 3420 ἀνιστῶντα
3749 3364 3905 3418 Θεόν.

2333 3460 2566 3530 Περιττὴ
2609 3461 2788 3512 τοίνυν
2838 3462 2871 3529 ἡ
2919 3458 3039 3512 καθ’
3071 3459 3368 3511 ὑπόστασιν
3414 3457 3626 3520 ἓνωσις,
3673 3457 3741 3525 ἢν
3787 3456 3908 3508 ἀντὶ

2333 3552 2581 3621 κράσεως
2631 3552 2783 3620 ἡμῖν,
2812 3550 2886 3612 ὼς
2935 3543 3108 3618 οἶμαι,
3143 3547 3576 3618 προϐάλλονταιά
3599 3563 3612 3578 ο
3662 3549 3822 3618 ἀρκεῖ
3851 3547 3908 3598 δὲ

2332 3642 2509 3708 λέγειν
2555 3640 2650 3710 τὴν
2688 3641 2899 3704 ἕνωσιν,
2930 3640 3048 3709 ἥτις
3081 3639 3173 3692 καὶ
3198 3638 3293 3700 τὰς
3320 3637 3428 3689 τῶν
3452 3636 3666 3704 φύσεων
3711 3637 3908 3705 ἰδιότη-

2332 3749 2430 3794 τας
2456 3732 2696 3784 δείκνυσι
2747 3731 2842 3785 καὶ
2889 3731 2980 3783 τὸν
3012 3731 3107 3784 ἕνα
3149 3731 3470 3799 προσκυνεῖν
3497 3729 3741 3783 διδάσκει
3772 3731 3908 3799 Χριο

2337 3822 2459 3875 στόν
2481 3834 2525 3874 θ.

2787 4120 3103 4189 Ἀπολογία
3140 4121 3462 4188 Κυρίλλου.

2418 4230 2547 4284 ’1δοὺ
2595 4230 2658 4301 δὴ
2709 4230 2869 4283 πάλιν
2920 4233 2947 4284 ὁ
2987 4231 3247 4300 γεννάδας
3295 4231 3474 4284 οὑτοσὶ
3503 4229 3779 4300 πρόφασιν
3813 4229 3912 4298 τῆς

2337 4318 2458 4371 καθ’
2507 4319 2663 4386 ήμῶν
2715 4319 3112 4390 ἀθυροστομίας
3159 4321 3220 4372 τὸ
3275 4321 3589 4390 παρατυχὸν
3639 4319 3914 4372 ποιεῖσθαι

2339 4406 2671 4469 σπουδάζων,
2697 4407 2940 4476 διασύρει
2966 4409 3063 4476 τὴν
3090 4407 3255 4470 λέξιν,
3287 4408 3385 4476 τὴν
3416 4411 3544 4461 καθ’
3565 4408 3915 4460 ὑπόστασιν

665 4490 896 4544 Damnat
925 4506 1102 4544 autem
1137 4506 1255 4545 eam
1283 4491 1559 4555 novitatis,
1583 4502 1634 4545 et
1659 4493 1941 4563 peregrine
1965 4493 2227 4562 prolatam

2336 4499 2511 4566 λέγω’
2562 4497 2842 4567 καθορίζει
2879 4498 2933 4550 δὲ
2966 4498 3025 4550 τὸ
3055 4498 3321 4567 ἀσύνηθες
3350 4498 3538 4567 αὑτῆς,
3577 4499 3669 4551 καὶ
3710 4498 3779 4569 δὴ
3823 4499 3918 4550 καὶ

665 4578 914 4645 affirmat,
948 4595 1050 4633 non
1081 4582 1455 4642 considerans,
1510 4583 1633 4648 quia
1691 4583 1976 4650 impiorum
2014 4583 2230 4637 haereti-

664 4682 850 4722 corum
896 4669 1371 4723 adinventionibus
1403 4669 1699 4723 dietiouum
1735 4673 1908 4725 virtus
1943 4673 2229 4726 veritatem

665 4769 963 4826 opponens,
1013 4757 1297 4812 destruere
1344 4759 1553 4823 nititur,
1600 4760 1741 4827 quod
1790 4760 1857 4812 ab
1895 4759 1973 4812 eis
2022 4763 2238 4813 videtur

671 4849 1002 4916 oppositum.
1052 4847 1300 4903 Nestorio
1341 4850 1505 4917 igitur
1533 4850 1732 4918 ubique
1779 4851 2080 4918 perimente
2142 4850 2233 4905 Dei

666 4935 828 4991 Verbi
900 4939 1191 4991 secundum
1258 4953 1476 4992 carnem
1517 4939 1878 5001 nativitatem,
1936 4950 1989 4994 et
2062 4943 2233 4994 solam

667 5027 820 5080 nobis
897 5027 1218 5094 dignitatum
1304 5029 1564 5082 unitatem
1633 5040 2008 5092 asseverante,
2055 5031 2232 5085 homi-

666 5129 898 5181 nemque
954 5115 1062 5168 Deo
1119 5117 1423 5184 c0pulatum
1480 5132 1600 5172 esse
1664 5118 1897 5183 dicente,
1957 5120 2233 5176 filiationis

669 5206 1094 5272 azqnivoeatiouc
1154 5207 1496 5271 bonoraturn,
1543 5209 1851 5264 necessario
1908 5225 2006 5264 nos
2073 5212 2232 5266 dictis

667 5293 811 5348 illius
845 5305 1224 5363 repugnantes,
1251 5300 1545 5352 secundum
1601 5299 2006 5353 subsistentiam
2061 5301 2219 5354 ιιιιίοδ

743 5429 785 5460 ⁷⁸
823 5429 976 5484 Joan.
1008 5445 1070 5495 ll,
1103 5429 1192 5483 l9.

2335 4589 2499 4654 ξένως
2523 4589 2690 4659 αὐτὴν
2717 4588 3046 4657 πεποιῆσθαι
3070 4589 3479 4658 διῖσχυρίζεται,
3507 4589 3606 4642 οὑκ
3627 4590 3913 4658 ἐννοήσας,

2335 4677 2416 4729 ὅτι
2465 4681 2584 4738 ταῖς
2637 4678 2744 4730 τῶν
2792 4679 3018 4730 ἀνοσίων
3069 4679 3404 4748 αίρεσιωτῶν
3448 4678 3853 4748 εύρεσιλογίαις
3883 4681 3917 4748 ή

2335 4767 2444 4817 τῶν
2472 4767 2668 4830 λέξεων
2693 4767 2921 4835 δύναμις
2961 4767 3021 4819 τὸ
3063 4767 3260 4838 ἀληθὲς
3304 4769 3698 4836 ἀντεξάγουσα,
3733 4787 3918 4839 παρα-

2337 4854 2484 4908 λύειν
2513 4859 2778 4926 ὲπιχειρεῖ
2804 4858 2864 4908 τὸ
2894 4859 3205 4928 ἀντιτάχθαι
3236 4859 3448 4915 δοκοῦν.
3480 4860 3781 4935 Νεστορίου
3812 4878 3920 4914 τοι·

2339 4947 2542 5017 γαροῦν
2576 4949 2922 5017 ἀναιροῦντος
2957 4950 3228 5018 πανταχοῦ
3274 4951 3366 5003 τοῦ
3419 4951 3554 5004 Θεοῦ
3604 4954 3782 5020 Λογου
3818 4953 3917 5022 τὴν

2341 5037 2480 5088 κατά
2535 5038 2710 5106 σάρκα
2760 5037 3032 5105 γέννησιν,
3062 5040 3157 5091 καὶ
3208 5039 3375 5107 μόνην
3422 5041 3551 5108 ἡμῖν
3585 5039 3917 5108 ἀξιωμάτων

2339 5126 2566 5193 ἑνότητα
2611 5127 3128 5197 παρεισκρίνοντος,
3176 5127 3460 5199 ἄνθρωπόν
3509 5144 3568 5178 τε
3613 5126 3736 5196 Θεῷ
3793 5143 3917 5178 συν·

2338 5213 2507 5283 ἧφθαι
2554 5215 2823 5282 λέγοντος,
2852 5218 2915 5285 τῇ
2945 5218 3042 5284 τῆς
3075 5216 3315 5284 υἱότητος
3358 5215 3646 5284 ὁμωνυμίᾳ
3689 5231 3919 5283 τετιμη-

2341 5302 2517 5368 μένον,
2550 5302 2856 5369 ἀναγκαίως
2883 5305 3041 5372 ἡμεῖς
3071 5306 3182 5367 τοίς
3209 5303 3414 5356 ἐκείνου
3458 5304 3785 5375 μαχόμενοι,
3820 5305 3918 5374 τὴν

1720 5559 1896 5614 Variae
1926 5560 2182 5616 lectiones
2209 5576 2275 5615 ex
2304 5564 2490 5618 codice
2526 5566 2899 5637 Seguicriano.

752 5684 1074 5759 1θεώμενοι.
1150 5700 1172 5728 ⁸
1211 5689 1389 5752 ίδικῶς
1410 5688 1521 5744 καί.
1596 5689 1622 5730 ά
1659 5691 2033 5760 προϐάλλεται.
2115 5705 2138 5733 ο
2173 5694 2322 5747 Θεόν.
