4062 6340
185 380 277 436 ιοί

742 386 1269 443 APOLOCETICUS
1304 384 1583 442 CONTRA
1623 384 2145 443 THEODORETUM
2186 385 2321 441 PRO
2365 388 2451 441 XII
2488 388 2871 444 CAPITIBUS.

3293 390 3398 445 402

186 498 303 550 καθ’
339 500 631 555 ὑπόστασιν
682 504 875 557 ἕνωσιν
930 505 1180 572 γενέσθαι
1232 507 1429 576 φαμὲν,
1461 524 1552 558 του
1601 508 1729 558 καθ⁴

1842 518 1959 557 Item
1986 505 2211 557 dicimus
2266 504 2483 567 factam,
2529 506 2692 559 verbo
2744 507 2862 567 hoc,
2904 504 3187 555 sectutdunt
3234 503 3402 555 subsi-

184 590 540 655 ὐπόστασιν,
595 594 745 645 οὐδὲν
796 597 979 665 ἕτερον
1024 599 1429 665 ἀποφαίνοντος,
1481 599 1617 669 πλὴν
1659 601 1739 653 ὃτι

186 676 340 742 μόνον
363 680 393 747 ἡ
424 679 516 731 τοῦ
542 683 711 748 Λόγου
744 685 922 750 φύσις,
948 687 1109 756 ἤγουν
1136 690 1163 756 ἡ
1196 689 1509 753 ὑπόστασις,
1537 692 1565 743 ὃ
1594 693 1739 745 ἐστιν

182 765 341 828 αὑτὸς
392 770 419 821 ὁ
464 772 668 838 Λόγος,
720 776 1031 848 ἀνθρωπείῳ⁵
1082 780 1239 846 φύσει
1292 781 1429 833 κατά
1484 782 1740 852 ἀλήθειαν

182 853 426 921 ὲνωθεὶς,
478 862 683 930 τροπῆς
728 882 867 927 τινος
915 867 1034 935 δίχα
1082 869 1171 921 καὶ
1219 871 1551 940 συγχύσεως,
1602 873 1741 926 καθά

182 946 492 1013 πλειστάκις
531 957 845 1027 εἰρήκαμεν,
879 956 955 1024 εἷς
985 965 1183 1016 νοεῖται
1211 966 1305 1016 καὶ
1337 966 1451 1018 ἔστι
1483 968 1736 1037 Χριστὸς,

181 1040 206 1089 ὁ
227 1042 387 1104 αὑτὸς
416 1044 547 1107 Θεὸς
590 1050 680 1099 καὶ
722 1050 1023 1120 ἄνθρωπος.
1059 1055 1227 1108 Τοῦτο
1259 1056 1334 1118 δὲ,
1368 1057 1441 1120 ὥς
1474 1075 1534 1125 γε
1565 1056 1735 1128 οἶμαι.

181 1132 268 1182 καὶ
314 1134 461 1203 αὑτῷ
507 1137 817 1209 Θεωδορίτῳ
864 1143 1028 1205 δοκεῖ,
1065 1146 1277 1212 φύσεως
1306 1148 1648 1217 ἀνθρωπίνης
1677 1152 1737 1203 οὑ

180 1226 503 1293 κεχωρίσθαι
530 1228 740 1296 λέγοντι
767 1233 857 1284 τὸν
878 1233 1031 1299 Θεὸν,
1057 1236 1177 1288 οὕτε
1210 1237 1315 1307 μὴν
1343 1238 1592 1308 θεότητος
1617 1241 1739 1309 δίχα

176 1312 407 1365 νοεῖσθαι
440 1316 497 1367 τὸ
538 1318 892 1387 ἀνθρώπινον,
924 1324 1130 1376 Οὐκοῦν
1158 1325 1280 1379 οὗτε
1320 1326 1439 1396 δίχα
1467 1330 1573 1381 τῶν
1608 1332 1737 1382 ὑπο-

176 1400 415 1489 στάσεων
444 1404 630 1458 δούλου
664 1427 719 1461 τε
744 1412 837 1464 καί⁵
858 1413 992 1465 Θεοῦ
1024 1416 1237 1485 μορφὴν
1267 1418 1503 1487 ἡνῶσθαι
1535 1438 1732 1489 φαμεν,

172 1484 293 1538 οὔτε
324 1489 430 1557 μὴν
463 1495 636 1547 κοινὸν
675 1498 956 1567 ἄνθρωπον
982 1542 995 1564 ,
1030 1484 1233 1572 ἰσότητι
1273 1484 1405 1576 μόνῃ
1441 1484 1737 1572 unianim-

176 1576 359 1667 μάτων
405 1587 782 1654 τετιμημένον,
822 1594 1084 1660 σχετικῶς
1138 1596 1401 1663 συνῆφθαι
1454 1596 1531 1664 τῷ
1579 1599 1736 1667 Λόγῳ

170 1665 534 1739 διοριζόμεθα,
567 1676 679 1728 ἀλλ’
710 1679 890 1745 αὑτὸν,
923 1684 995 1745 ὡς
1025 1683 1176 1751 ἔφην,
1208 1685 1298 1737 τὸν
1335 1687 1459 1738 my
1483 1688 1575 1739 τοῦ
1597 1665 1733 1741 9...:

170 1756 259 1848 τόν
299 1765 582 1831 μονογενῆ,
616 1770 871 1833 γεγονότα
907 1772 1044 1823 κατά
1072 1774 1325 1843 ἀλήθειαν
1354 1776 1410 1827 ἐν
1432 1778 1734 1848 προσλήψει

168 1844 581 1937 τῆςὲνωθείσης
611 1858 757 1926 αὑτῷ
791 1860 1013 1928 σαρκὸς,
1045 1861 1221 1933 ψυχὴν
1255 1844 1486 1937 ἐχούσης
1521 1844 1734 1937 τὴνήλο-

167 1936 349 2004 γικὴν,
381 1937 663 2007 ἄνθρωπον
693 1946 941 2008 γενέσθαι
972 1952 1107 2014 μετὰ
1138 1954 1229 2005 τοῦ
1259 1936 1445 2023 μεῖναι
1468 1958 1561 2009 καὶ
1576 1936 1732 2012 γΘεόν.

179 2024 319 2075 Ἀλλ’
353 2028 381 2078 ὁ
417 2028 587 2091 δεινὸς
632 2033 711 2093 εἰς
760 2032 968 2101 λόγους,
1004 2039 1097 2090 καί
1133 2041 1334 2103 πυκνὸς
1364 2045 1441 2104 εἰς
1484 2049 1735 2113 θεωρίας,

166 2116 412 2183 κράσεως
447 2114 583 2170 εἶναι
620 2125 959 2194 σημαντικὴν
993 2127 1088 2197 τὴν
1118 2128 1260 2195 λέξιν
1296 2130 1605 2200 διορίζεται,
1646 2136 1736 2187 καὶ

166 2202 342 2268 λέγειν
388 2206 687 2277 ἀποτολμᾷ,
724 2214 815 2265 διξαί⁵
843 2214 912 2266 τὰ
937 2217 1001 2267 ὲκ
1030 2218 1126 2285 τῆς
1151 2217 1168 2255 ί
1208 2218 1301 2270 τοῦ
1330 2222 1733 2291 συγκεκρᾶσθαι

165 2295 261 2354 τὰς
290 2293 481 2361 φύσεις
510 2302 876 2368 παρακομίζει
899 2303 1100 2374 βλάὁης
1119 2308 1163 2370 ε,
1194 2306 1266 2369 ὼς
1288 2308 1443 2375 ἡμῶν
1474 2310 1733 2379 ἠγνοηκό-

165 2399 271 2435 των
297 2401 309 2413 ⁸
348 2386 380 2453 ἢ
419 2387 557 2455 τάχα
586 2392 989 2459 περιαυτίζεται
1038 2396 1131 2448 καὶ
1162 2396 1517 2465 φιλοκομπεῖ·
1563 2401 1731 2453 οἴεται

165 2470 220 2522 δὲ
252 2473 382 2537 ἴσως
426 2478 516 2528 καὶ
564 2478 747 2548 ἓτερον
774 2481 943 2545 οὐδὲν,
977 2483 1008 2551 ἢ
1050 2488 1417 2555 μακρηγορεῖν
1450 2487 1727 2553 δύνασθαι,

164 2565 223 2613 τὸ
254 2565 385 2633 παρ’
413 2568 623 2630 οὐδενὸς
651 2572 955 2639 εἰρημένον,
984 2572 1057 2635 ὡς
1090 2574 1285 2643 ἀληθὲς
1310 2576 1612 2646 δεχόμενος,
1645 2581 1730 2633 ἵνα

164 2669 245 2709 τις
277 2650 415 2705 εἶναι
445 2656 573 2725 δοκῇ
606 2658 754 2727 παρά
785 2676 847 2725 γε
874 2664 985 2723 τοῖς
1015 2664 1111 2715 οὑκ
1132 2665 1295 2717 εἰδόσι
1322 2665 1614 2737 διακρίνειν
1644 2670 1731 2739 όρ-

165 2739 295 2803 θῶς,
333 2741 413 2802 τίς
448 2742 548 2809 μὲν
580 2746 919 2814 είκαιομυθεί
948 2748 1038 2799 καὶ
1077 2749 1352 2817 ψεύδεται,
1387 2752 1469 2815 τίς
1511 2755 1565 2806 δὲ
1604 2756 1733 2806 κατ’

164 2829 294 2880 εὐθὺ
316 2831 413 2900 τῆς
432 2832 687 2902 ἀληθείας
710 2836 947 2907 ἔρχεται,
966 2840 1057 2891 καὶ
1081 2842 1278 2908 σοφῶν,
1305 2844 1395 2894 καὶ
1420 2846 1731 2911 ἀναγκαίων

164 2915 393 2971 ἆπτεται
424 2921 805 2995 λόγων.”ῼμην
853 2929 951 2995 μὲν
982 2926 1073 2981 οὖν
1124 2933 1181 2983 ἐν
1216 2933 1427 3002 ἀρχαῖς,
1461 2935 1726 3004 ὁμολογῶ,

161 3007 266 3058 τῶν
300 3013 604 3079 κεφαλαίων
634 3017 731 3085 τὴν
758 3018 984 3089 δύναμιν
1013 3021 1111 3073 οὑκ
1136 3022 1397 3092 ἀγνοῆσαι
1428 3026 1523 3093 μὲν
1546 3024 1724 3092 αὑτὸν,

1841 596 2113 659 stantiam,
2146 596 2279 648 nihil
2311 595 2452 649 aliud
2474 598 2899 657 demoustraute,
2935 595 3034 646 nisi
3067 594 3237 646 solum
3271 592 3401 645 Ver-

1842 684 1893 737 bi
1941 696 2213 750 naturam,
2260 687 2377 740 sive
2424 686 2850 747 subsistentlam,
2904 686 3043 751 quod
3096 694 3179 737 est
3227 683 3398 750 ipsum

1842 772 2100 838 Verbum,
2150 776 2399 830 humana:
2462 785 2664 828 natura:
2714 789 2837 828 vere
2884 775 3085 826 unitam
3136 775 3254 827 sine
3295 772 3400 826 ulla

1842 867 2193 920 conversione
2265 875 2426 937 atque
2485 866 2822 930 confusione,
2878 866 3035 919 sicuti
3102 864 3401 933 szepissime

1842 956 2096 1022 diximus,
2143 972 2305 1011 unum
2340 956 2562 1025 intelligi
2597 964 2651 1010 et
2676 970 2795 1011 esse
2832 954 3108 1019 Chrisum,
3151 956 3397 1009 eumdem

1844 1046 2007 1099 Deum
2036 1058 2089 1101 et
2118 1047 2410 1102 hominem.
2471 1048 2581 1102 lloc
2624 1056 2828 1111 autem,
2869 1057 2927 1100 ut
2974 1047 3185 1115 Opinor,
3236 1045 3398 1098 etiam

1844 1138 1939 1204 ipsi
1973 1137 2311 1192 Theodoreto
2330 1139 2584 1207 probatur
2607 1137 2828 1200 dicenti,
2862 1137 2929 1190 ab
2954 1136 3185 1188 humana
3208 1145 3397 1187 natura

1846 1226 2009 1279 Deum
2075 1242 2177 1279 non
2242 1244 2361 1281 esse
2416 1239 2744 1297 separatum,
2796 1240 2969 1293 neque
3013 1225 3398 1279 humanitatem

1840 1315 2044 1382 absque
2083 1317 2280 1370 deitate
2330 1317 2577 1386 intelligi.
2624 1315 2791 1384 Igitur
2834 1329 3005 1382 neque
3030 1314 3245 1367 exclusa
3274 1312 3399 1365 sub-

1838 1404 2087 1458 sistentia
2122 1406 2264 1459 servi
2302 1417 2354 1460 et
2388 1406 2477 1462 Dei
2520 1408 2748 1459 formam
2805 1406 3006 1457 unitam
3044 1418 3187 1469 esse,
3226 1418 3401 1471 neque

1838 1506 1966 1545 sane
2000 1507 2338 1548 communem
2387 1496 2654 1549 hominem
2704 1494 2815 1548 sola
2856 1496 3174 1563 dignitatum
3211 1508 3396 1561 aequa—

1839 1583 1988 1638 litate
2013 1586 2445 1651 cohonestatum,
2484 1588 2778 1641 secundum
2831 1587 3192 1640 habitudinem
3228 1584 3400 1639 Verbo

1836 1674 2142 1742 copulatum
2198 1691 2317 1731 esse
2359 1677 2633 1740 dicimus;
2670 1693 2854 1731 verum
2911 1679 3105 1745 ipsum,
3153 1686 3210 1730 ut
3265 1677 3397 1737 dixi,

1840 1765 2031 1819 Filium
2059 1766 2147 1820 Dei
2204 1768 2540 1834 unigenitum
2575 1769 2628 1821 in
2665 1770 3035 1834 assumptione
3079 1772 3180 1822 sibi
3241 1770 3401 1822 unita:

1842 1855 2024 1907 carnis
2048 1854 2284 1907 animam
2316 1855 2563 1909 habentis
2606 1855 2943 1915 rationalem,
2975 1870 3096 1907 vere
3128 1854 3399 1909 hominem

1845 1942 2044 1996 factum
2073 1957 2195 1996 esse
2220 1959 2338 1997 cum
2376 1944 2495 2005 hoc,
2539 1944 2682 2011 quod
2707 1945 2867 1997 etiam
2896 1943 3032 1998 Deus
3067 1955 3299 1998 maneat.
3336 1945 3403 1998 At

1842 2033 1926 2085 vir
1958 2032 2046 2086 ille
2073 2033 2414 2087 sermonibus
2468 2034 2729 2096 disertus,
2760 2043 2812 2086 et
2853 2034 2905 2086 in
2938 2034 3404 2102 speculationibus

1844 2126 2123 2180 versatus,
2202 2122 2549 2184 vocabulum,
2617 2119 2902 2171 secundum
2986 2121 3398 2182 subsistentiam,

1843 2204 2013 2257 ﬁnivit
2050 2220 2167 2258 esse
2195 2210 2598 2273 temperamenti
2654 2208 3091 2275 signiﬁcativum,
3121 2220 3176 2263 et
3220 2210 3401 2264 dicere

1840 2293 2025 2355 audet,
2062 2305 2115 2345 et
2145 2292 2302 2346 aﬂert
2345 2295 2705 2358 inconunoda,
2750 2310 2867 2364 quae
2911 2310 2976 2349 ex
3028 2304 3403 2364 contempera-

1841 2381 1987 2436 tione
2035 2392 2355 2452 sequuntur,
2396 2384 2545 2452 quasi
2586 2400 2682 2438 uos
2732 2386 3141 2455 ignoraremus:
3168 2387 3249 2441 vel
3291 2386 3401 2440 for-

1843 2483 1984 2526 tassc
2006 2473 2107 2526 sibi
2143 2474 2241 2541 ipsi
2268 2475 2462 2543 placet,
2499 2484 2551 2529 et
2588 2476 2871 2528 verborum
2892 2475 3215 2529 abundantia
3241 2487 3401 2544 atque

1842 2571 2033 2613 ornatu
2070 2564 2301 2630 gaudet;
2328 2561 2565 2629 nihilque
2610 2562 2750 2615 aliud
2800 2562 2939 2617 forte
2982 2563 3199 2631 cogitat,
3238 2579 3398 2632 quam

1838 2650 2144 2717 Opinionem
2180 2653 2320 2719 quod
2354 2652 2523 2720 possit
2550 2651 2757 2718 prolixe
2808 2651 2949 2719 loqui
2977 2670 2992 2717 ;
3024 2656 3164 2721 quod
3199 2668 3225 2705 a
3252 2653 3399 2706 nullo

1839 2740 2038 2793 dictum
2088 2750 2189 2804 est,
2241 2749 2493 2807 tanquam
2548 2757 2732 2795 verum
2779 2744 3073 2811 accipiens,
3108 2752 3163 2795 ut
3207 2743 3401 2811 aliquis

1837 2846 1956 2884 esse
1988 2832 2229 2885 videatur
2248 2832 2386 2899 apud
2404 2846 2497 2885 eos
2524 2831 2616 2899 qui
2645 2840 2789 2886 recte
2813 2832 3109 2899 dijudicare
3128 2834 3398 2896 nesciunt,

1838 2922 2084 2988 quisnam
2118 2932 2319 2975 temere
2375 2920 2643 2975 fabuletur
2680 2931 2734 2976 et
2776 2924 3087 2986 mentiatur,
3137 2931 3227 2975 aut
3277 2925 3407 2992 quis

1839 3023 1983 3067 recta
2038 3013 2284 3067 veritatis
2315 3014 2397 3066 via
2444 3013 2677 3075 incedat,
2732 3021 2784 3065 et
2810 3012 3149 3066 sermonibus
3186 3014 3399 3080 sapien-

162 3100 597 3195 Ox‘onlftrsceat
633 3106 721 3171 δὲ,
755 3109 830 3171 ὡς
874 3109 1043 3180 ἔφην,
1078 3113 1137 3165 τὸ
1169 3114 1345 3167 δοκεῖν
1380 3117 1725 3184 ἠγνοηκέναι,

1838 3104 1980 3158 tibus
2003 3113 2056 3158 et
2086 3104 2402 3158 necessariis
2434 3114 2639 3156 utatur.
2668 3102 2844 3165 Initio,
2888 3102 3081 3168 lateor,
3113 3103 3393 3156 existima-

160 3189 253 3238 καὶ
280 3188 439 3241 τοῦτο
465 3194 783 3261 χαρίζεσθαί
812 3214 982 3248 τισιν’
1020 3201 1325 3270 ὴγνοηκότα
1347 3219 1407 3271 γε
1435 3203 1539 3273 μὴν
1569 3206 1729 3260 αὑτὸν

161 3280 302 3334 κατά
326 3282 585 3350 ἀλήθειαν
622 3286 859 3356 εὑρίσκω
890 3288 1094 3343 λοιπόν.

591 3570 1177 3625 ΑΝΑΘΕΜΑΤΙΣΜΟΣ
1216 3573 1290 3627 1".

223 3678 297 3735 Εῐ
337 3700 423 3745 τις
467 3683 561 3736 ὲπί
598 3685 689 3736 τού
721 3684 836 3747 ἐνὸς
866 3686 1101 3755 Χριστοῦ
1135 3687 1335 3758 διαιρεῖ
1366 3689 1461 3751 τάς
1490 3690 1725 3744 ὑποστά-

154 3787 269 3835 σεις
312 3775 455 3843 μετά
489 3775 587 3844 τὴν
620 3776 833 3837 ἕνωσιν.
884 3777 1020 3849 μόνῃ
1065 3779 1348 3832 συνάπτων
1394 3781 1561 3842 αὑτάς
1600 3799 1727 3833 συν-

152 3864 322 3930 αφείᾳ
354 3862 419 3931 τῇ
451 3865 589 3917 κατά
625 3866 721 3937 τὴν
750 3866 928 3933 ἀξίαν,
957 3868 1121 3936 ἡγουν
1152 3867 1457 3932 αὑθεντίαν,
1491 3872 1522 3941 ἢ
1570 3872 1726 3923 Bova-

152 3951 360 4013 στείαν,
397 3952 489 4003 καὶ
519 3954 637 4023 οὑχὶ
665 3956 727 4025 δὴ
753 3955 950 4024 μᾶλλον
973 3954 1186 4008 σύνοδον
1218 3956 1312 4029 τὴν
1331 3957 1359 3998 h
1389 3959 1507 4012 καθ’
1532 3959 1724 4012 ἕνωσιν

150 4044 396 4112 φυσικήν
420 4045 434 4083 ί
462 4061 475 4072 ⁸
514 4046 759 4115 ἀνάθεμα
796 4048 954 4101 ἔστω.

571 4244 946 4311 Θεοδωρήτου
984 4245 1311 4314 ἀνατροπὴ.

218 4351 485 4421 Σκοτεινὴ
526 4355 618 4405 καὶ
668 4354 911 4423 ζοφώδης
958 4356 1065 4407 τῶν
1109 4356 1413 4427 εἰρημένων
1440 4358 1471 4427 ἠ
1502 4358 1719 4411 ἔννοια⁶

1834 3193 1976 3255 bam,
2025 3207 2241 3246 sensum
2277 3190 2637 3259 capitulorum
2680 3204 2800 3243 eum
2855 3204 2958 3243 non
2994 3191 3264 3260 ignorate,
3297 3192 3395 3241 lino

1831 3297 1957 3348 gere
2000 3290 2200 3343 autem,
2224 3288 2280 3334 ut
2303 3282 2434 3343 dixi,
2461 3295 2518 3333 se
2565 3280 2834 3348 ignorare,
2882 3289 2933 3332 et
2968 3279 3019 3332 in
3048 3280 3147 3333 hoc
3174 3279 3395 3346 quibus-

1831 3372 1952 3419 dam
2020 3384 2224 3421 morcm
2280 3384 2466 3434 gerere
2499 3385 2511 3419 ;
2543 3369 2687 3433 atqui
2767 3383 2907 3421 nunc
2963 3382 3087 3421 vere
3136 3366 3281 3421 illum
3330 3382 3406 3419 ea.

1833 3458 2082 3529 ignorare
2127 3460 2421 3527 comperio.

2135 3569 2296 3637 210
2338 3567 2974 3624 ANATHEMATISMUS
3007 3568 3090 3622 Ill.

1903 3680 1956 3733 Si
1986 3680 2107 3747 quis
2140 3681 2189 3731 iu
2222 3697 2327 3732 uno
2352 3680 2569 3734 Christo
2602 3692 2719 3748 post
2740 3681 2990 3734 unionem
3015 3680 3202 3733 dividit
3233 3682 3393 3751 hypo-

1830 3784 2024 3836 stases,
2074 3772 2326 3838 ipsasque
2359 3788 2421 3826 ea
2474 3781 2677 3825 tantum
2734 3771 3109 3837 conjunctione
3160 3773 3300 3827 inter
3333 3789 3392 3828 se

1828 3862 2118 3926 connectit,
2153 3876 2269 3929 quze
2303 3862 2385 3915 est
2430 3861 2724 3914 secundum
2776 3861 3113 3927 dignitatem,
3168 3862 3268 3915 hoc
3306 3874 3391 3917 est

1827 3952 2234 4013 auctoritatem,
2278 3950 2359 4004 vel
2416 3959 2757 4019 potestatem,
2809 3960 2862 4003 et
2925 3966 3027 4003 non
3085 3964 3151 4007 eo
3212 3954 3389 4020 potius

1825 4059 2115 4107 concursu,
2162 4042 2253 4111 qui
2290 4052 2371 4096 est
2406 4042 2697 4097 secundum
2746 4042 3041 4098 naturalem
3090 4044 3381 4111 unionem;

1827 4136 2110 4190 anathema
2140 4133 2231 4188 sit.

2248 4242 2561 4297 Theodoreti
2606 4242 2956 4310 reprehensio.

1899 4354 2257 4409 Tenebricosa
2284 4354 2499 4422 quidem
2555 4362 2609 4406 et
2649 4352 2947 4419 caliginosa
2996 4361 3080 4408 est
3118 4353 3383 4408 dictorum

147 4440 251 4493 τίνι
281 4441 395 4512 γάρ
428 4442 527 4495 οὑκ
553 4442 789 4512 εὔδηλον,
819 4444 893 4505 ὡς
918 4446 1175 4511 συνάφεια
1204 4446 1295 4497 καὶ
1317 4446 1529 4511 σύνοδος
1553 4449 1723 4500 οὑδενὶ

1835 4446 2185 4516 intelligentia
2244 4444 2368 4515 (piis
2424 4452 2603 4497 autem
2677 4443 2963 4498 manifesta
3015 4454 3098 4499 est
3146 4445 3383 4512 ipsorum

144 4532 538 4601 διαφέρουσιν;
570 4533 643 4584 Ἤ
670 4550 723 4583 τε
754 4533 861 4601 γάρ
892 4534 1105 4595 σύνοδος
1150 4535 1256 4587 τῶν
1301 4538 1719 4607 κεχωρισμένων

145 4623 265 4675 ἐστὶ
308 4623 530 4685 σύνοδος
554 4639 567 4651 ·
618 4624 651 4692 ἧ
684 4640 741 4675 τε
793 4625 1053 4691 συνάφεια
1086 4625 1192 4676 τῶν
1225 4626 1563 4697 διῃρημένων
1595 4647 1720 4681 συν-

147 4714 335 4781 άφεια.
355 4715 417 4766 '0
445 4715 501 4765 δὲ
528 4714 833 4782 σοφώτατος
864 4716 971 4768 τῶν
1000 4716 1171 4781 λόγων
1200 4717 1400 4770 τούτων
1430 4720 1611 4790 πατὴρ
1641 4720 1717 4782 ὡς

145 4804 370 4856 ἐναντία
428 4804 495 4856 τὰ
547 4803 809 4873 σύμφωνα
867 4806 1124 4857 τέθεικεν.
1158 4807 1229 4857 Οὑ
1271 4807 1375 4876 χρὴ
1406 4808 1534 4877 γὰρ,
1568 4808 1719 4877 φησὶ,

148 4897 453 4949 συνάπτειν
491 4895 589 4959 τὰς
638 4897 965 4959 ὑποστάσεις
1005 4901 1287 4967 συνάφεια,
1319 4897 1452 4950 ἀλλὰ
1493 4901 1716 4968 συνόδῳ,

146 4986 239 5038 καὶ
273 4988 486 5056 συνόδῳ
512 4990 711 5057 φυσικῇ
738 5004 751 5017 ο
803 4988 833 5055 ἢ
881 4988 1091 5055 ἀγνοῶν
1140 4989 1267 5049 ἴσως
1298 4988 1325 5039 ὃ
1364 4988 1531 5055 λέγει,
1582 4990 1613 5058 ἢ
1662 4992 1721 5042 ὲν

144 5077 349 5142 γνώσει
395 5076 877 5147 βλασφημῶνι.Ἥ
904 5082 1009 5151 γὰρ
1045 5081 1203 5149 φύσις
1240 5082 1637 5148 ἀναγκαστικόν
1668 5083 1719 5135 τί

144 5171 285 5232 ἔστι,
324 5172 425 5222 καὶ
460 5169 756 5239 ἀϐούλητον
791 5173 975 5243 χρῆμα
998 5190 1011 5204 ·
1047 5170 1155 5227 οἶόν
1184 5192 1236 5227 τι
1268 5175 1409 5242 λέγω
1431 5192 1443 5205 ⁸
1478 5175 1719 5243 φυσικῶς

146 5260 452 5328 πεινῶμεν,
482 5262 544 5313 οὑ
573 5263 765 5333 γνώμῃ
795 5263 950 5316 τοῦτο
974 5265 1294 5333 πάσχοντες,
1330 5263 1463 5317 ἀλλά
1485 5264 1715 5333 ἀνάγκῃ·

143 5347 177 5418 ἦ
206 5350 315 5420 γὰρ
346 5348 417 5401 ἂν
443 5351 491 5401 οἱ
520 5352 759 5420 πτωχεία
794 5353 1058 5415 συζῶντες
1088 5352 1178 5405 τοῦ
1210 5357 1522 5423 προσαιτεῖν
1545 5354 1719 5422 ἀπηλ-

141 5441 414 5509 λᾶι-ίησαν.
447 5440 539 5492 τοῦ
585 5442 662 5510 μὴ
715 5446 902 5512 πεινῇν
950 5444 1047 5512 τὴν
1092 5444 1338 5507 ἐξουσίαν
1370 5446 1427 5496 ὲν
1455 5447 1521 5513 τῇ
1556 5443 1716 5513 βουλῇ

1824 4537 2068 4607 ineptia).
2101 4536 2199 4591 Cui
2252 4536 2395 4588 enim
2447 4550 2551 4587 non
2594 4545 2675 4587 est
2713 4536 3077 4601 perspicuum,
3109 4537 3251 4603 quod
3294 4551 3385 4591 co-

1824 4630 2030 4697 pulatio
2097 4636 2150 4680 et
2201 4638 2500 4679 concursus
2550 4622 2682 4675 nihil
2728 4621 3026 4677 ουτοι-ωιιῖ
3092 4640 3215 4679 nam
3252 4642 3385 4682 con-

1824 4734 2021 4773 cursus
2060 4722 2432 4783 separatorum
2469 4722 2547 4767 est
2579 4729 2914 4781 concursus;
2957 4715 3226 4784 copulatio
3258 4731 3386 4772 vero

1829 4817 1912 4862 est
1952 4808 2309 4860 discretorum
2342 4806 2632 4872 copulatio.
2666 4804 2735 4859 At
2780 4805 3211 4874 sapientissimus
3255 4808 3387 4863 isto-

1831 4913 1947 4951 rum
1981 4898 2268 4950 verborum
2319 4910 2513 4963 parens
2574 4896 2732 4963 quasi
2770 4897 3039 4951 contraria
3106 4900 3284 4967 posuit
3323 4914 3385 4954 ea

1828 5004 1946 5057 quae
1976 4995 2293 5041 consonant.
2326 4986 2534 5040 Etenim
2582 5002 2686 5040 non
2733 4995 2963 5057 Oportet,
2992 4988 3184 5057 inquit,
3216 5004 3382 5054 copu—

1826 5080 2026 5133 latione
2068 5078 2447 5132 subsistentias
2494 5078 2839 5147 conjungere,
2872 5077 2966 5132 sed
3007 5094 3295 5143 concursu,
3329 5092 3384 5135 et

1824 5183 2091 5224 concursu
2128 5169 2404 5222 naturali:
2458 5169 2541 5222 vel
2586 5169 2841 5237 ignorans
2884 5168 3027 5223 forte
3062 5171 3188 5238 quid
3227 5173 3379 5237 dicit,

1824 5260 1924 5324 vel,
1952 5260 1994 5312 si
2024 5260 2193 5325 novit,
2219 5260 2618 5329 blasphemans.
2649 5258 2789 5313 Natu
2808 5274 2865 5314 ra
2889 5259 3032 5315 enim
3059 5270 3141 5315 est
3174 5261 3254 5316 vis
3290 5278 3380 5317 ne-

1822 5348 2059 5404 cessario
2092 5350 2444 5420 compellens,
2490 5360 2542 5405 et
2584 5351 2787 5421 alisque
2848 5348 3147 5404 voluntate.
3191 5350 3381 5407 Excms

1823 5442 1895 5509 pli
1926 5442 2099 5511 gratia
2134 5460 2146 5495 :
2185 5452 2377 5497 natura
2405 5442 2693 5511 esurimus,
2737 5456 2843 5499 non
2878 5442 2977 5497 hoc
3008 5442 3255 5506 arbitrio,
3287 5444 3379 5498 sed

1215 5597 1387 5651 Variae
1426 5596 1684 5652 lectiones
1706 5611 1769 5649 ex
1801 5596 1983 5653 codice
2008 5594 2381 5665 Seguieriauo.

216 5728 237 5770 ί
273 5733 340 5787 ἐκ
370 5732 484 5786 τοῦ.
571 5732 598 5774 ⁸
631 5732 817 5803 βλάϐη.
895 5731 923 5771 ιδ
959 5734 1154 5804 συνόδῳ
1184 5738 1268 5805 τῇ.
1353 5737 1369 5775 ῑ
1409 5739 1629 5807 φυσικῇ.

1713 5748 1726 5787 ι
1770 5736 1829 5790 δυ
1839 5735 2086 5807 σφημῶν.
