4056 6334
711 405 845 459 H59

1710 407 1766 463 S.
1806 407 2071 463 CYRILLI
2109 408 2570 465 ALEXANDRINI
2609 409 2923 466 ARCHIEP.

3818 417 3945 472 ιιιο

708 525 934 591 sceptris
979 536 1250 596 perpetua:
1297 530 1656 584 successionis
1689 545 1838 598 spem
1871 527 2066 592 all‘ert;
2104 528 2265 582 altera

2377 529 2682 594 Couoaﬁcal.
2711 529 2806 593 τὰς
2840 533 2949 600 τῆς⁴
2968 529 3357 601 εὖκλεεστάτης
3386 531 3541 601 ὑμῶν
3567 532 3847 601 βασιλείας
3873 537 3939 586 οἰ-

709 628 861 677 \ero,
897 627 1036 670 inter
1066 619 1331 688 virgineas
1362 635 1600 689 gemmas
1622 622 1957 683 adolescens.
1993 621 2140 688 regni
2177 637 2269 674 ve-

707 706 802 755 stri
858 707 1253 772 praeclarissimi
1310 728 1470 766 curas
1521 713 1794 767 vobiscum
1832 726 2145 766 communes
2177 712 2272 766 ha-

707 793 813 846 bet.
889 797 1052 863 Igitur
1108 815 1166 854 ut
1219 806 1521 858 veneranda
1578 805 1751 873 capita
1785 813 2051 859 exornant
2105 803 2267 858 Indici

705 886 967 952 unioncs,
1027 892 1098 944 ita
1160 894 1418 960 spiritalis
1463 896 1654 948 anima:
1703 895 2004 962 mentisque
2049 905 2270 949 ornatus

705 975 810 1028 erit
857 993 1022 1043 recta,
1050 982 1105 1054 4
1131 986 1338 1039 sincera
1399 986 1778 1056 inculpataque
1837 987 1886 1039 in
1920 986 2085 1040 Deum
2119 988 2269 1040 lides.

704 1065 873 1128 Quam
902 1075 1118 1141 quidem
1167 1075 1344 1139 ﬁdem,
1391 1079 1515 1146 quia
1549 1094 1641 1132 vos
1677 1089 2090 1135 conservaturos
2116 1079 2270 1150 plane

705 1166 935 1229 conﬁdo,
1000 1183 1236 1235 praesens
1312 1170 1413 1224 hoc
1460 1173 1716 1240 scriptum
1783 1174 1948 1226 veluti
2004 1173 2268 1241 quoddam

704 1258 899 1311 mentis
951 1258 1369 1323 firmamentum,
1421 1262 1717 1332 animmque
1750 1263 1949 1323 lumen,
1986 1273 2036 1318 et
2089 1263 2269 1318 cordis

702 1362 958 1401 coronam
996 1347 1184 1402 offero.
1227 1350 1495 1419 Scriptum
1547 1363 1628 1407 est
1671 1353 1814 1408 enim
1865 1373 1878 1408 :
1919 1375 1935 1406 ι
1976 1355 2163 1409 Melior
2187 1367 2271 1410 est

700 1441 959 1509 sapientia
1007 1441 1276 1508 lapidibus
1315 1444 1599 1512 pretiosis;
1632 1453 1684 1498 ct
1714 1461 1872 1499 omne
1913 1446 2269 1502 desiderabile

699 1529 748 1583 ei
798 1547 901 1584 non
955 1541 1128 1600 potest
1172 1537 1475 1600 comparari
1517 1536 1559 1589 ⁷.
1593 1554 1611 1586 ι
1662 1536 1732 1589 De
1783 1537 2049 1604 Unigcuiti
2090 1537 2272 1606 itaque

701 1625 1072 1678 incarnatione
1120 1623 1356 1681 breviter
1398 1630 1558 1679 verba
1608 1627 1866 1691 facturus,
1904 1643 2146 1697 quaenam
2181 1645 2269 1684 sa-

699 1718 970 1772 cramenti
1004 1719 1162 1788 hujus
1207 1720 1342 1773 ratio
1371 1721 1616 1784 exsistat,
1659 1732 1858 1788 quanta
1893 1722 2108 1790 quidem
2145 1738 2270 1791 per-

699 1812 980 1878 spicuitate
1021 1812 1085 1864 ab
1138 1812 1203 1865 iis
1264 1812 1313 1864 id
1363 1811 1476 1864 fieri
1527 1812 1722 1879 poterit
1785 1813 1876 1880 qui
1938 1813 1989 1864 in
2051 1814 2271 1881 speculo

2375 621 2679 697 xatoupév'q
2699 621 3000 692 φροντίδας.
3031 620 3182 673 Λίθοι
3219 621 3316 690 μὲν
3354 616 3446 674 οὖν
3475 621 3689 674 Ἰνδικοὶ
3706 623 3809 684 τὰς
3838 625 3937 675 ἀοι-

2373 714 2559 783 δίμους
2602 713 2755 783 ὑμῶν
2802 713 3290 785 καταφαιδρύνουσι
3348 714 3619 784 κεφαλὰς,
3670 715 3853 783 ψυχῆς
3889 716 3938 766 δὲ

2377 805 2468 856 καὶ
2501 803 2598 856 νοῦ
2627 805 2813 872 νοητὸς
2844 803 2910 857 ἂν
2943 803 3190 871 γένοιτοί
3229 805 3448 874 κόσμος,
3479 805 3661 868 πίστις
3693 804 3835 875 ὀρθὴ
3857 805 3939 855 καὶ

2377 893 2768 964 ἀκαπήλευτος.
2800 896 2902 948 Ἦν
2934 895 3014 946 ὅτι
3049 894 3316 963 τηρήσετε
3349 892 3728 964 τεθαρσηκὼς,
3775 909 3936 963 προσ-

2374 985 2491 1052 άγω
2556 987 2647 1038 τὸν
2705 985 2896 1053 λόγον,
2951 986 3025 1048 ὡς
3079 985 3310 1056 ἔρεισμα
3384 985 3513 1046 νοῦ,
3602 987 3695 1039 καὶ
3769 985 3940 1053 ψυχῆς

2372 1079 2676 1148 ἀγλὰἷσμα,
2717 1080 2811 1132 καὶ
2841 1079 3065 1149 καρδίας
3115 1079 3396 1146 στέφανον.
3445 1078 3760 1148 Γέγραπται
3802 1078 3936 1145 γὰρ.

2373 1171 2457 1223 ὅτι
2497 1191 2512 1220 ι
2558 1171 2842 1240 Κρείσσων
2882 1171 3040 1238 σοφία
3066 1171 3228 1224 λίθων
3258 1169 3588 1224 πολυτελῶν·
3623 1163 3732 1223 πᾶν
3777 1169 3835 1221 δὲ
3867 1168 3942 1220 τί-

2377 1278 2497 1330 μιον
2526 1261 2627 1313 οὐκ
2671 1259 2820 1324 ἀξιον
2851 1261 3015 1330 αὐτῆς
3062 1262 3226 1316 ἐστιν.
3257 1279 3274 1310 i
3318 1259 3522 1312 Οὐκοῦν
3556 1259 3644 1312 διὰ
3691 1258 3947 1328 βραχέων

2373 1355 2545 1406 είπεῖν
2581 1353 2911 1423 πειράσομαι
2943 1352 3009 1405 ea.
3039 1355 3167 1424 περὶ
3201 1353 3302 1421 τῆς
3342 1351 3806 1420 ὲνανθρωπήσεως
3847 1349 3947 1400 τοῦ

2373 1443 2729 1513 Μονογενοῦς,
2764 1445 2853 1496 καὶ
2883 1445 2912 1496 ὃ
2943 1443 2995 1496 τί
3031 1445 3160 1497 ποτέ
3190 1443 3304 1495 ἐστι
3344 1443 3403 1512 τὸ
3438 1443 3520 1495 ἐπ’
3552 1439 3698 1508 αὑτῷ
3733 1440 3944 1507 μυστή-

2374 1553 2510 1607 ριον,
2550 1534 2835 1604 διαρθροῦν
2866 1536 2946 1587 ὅτι
2981 1535 3211 1603 μάλιστα
3249 1533 3457 1600 σαφῶς,
3489 1533 3626 1586 κατά
3656 1550 3716 1600 γε
3747 1533 3814 1583 τὸ
3852 1533 3945 1598 ὲγο

2373 1623 2582 1694 χωροῦν
2608 1626 2718 1688 τοῖς
2749 1624 2806 1675 ὲν
2831 1624 3077 1693 ἐσόπτρῳ
3111 1626 3203 1676 καὶ
3229 1624 3507 1692 αἰνίγματι
3541 1623 3820 1692 βλέπουσι,
3852 1638 3944 1673 και

2372 1715 2436 1766 ἐκ
2469 1713 2664 1785 μέρους
2702 1712 3050 1781 γινώσκουσι,
3095 1713 3235 1767 κατά
3265 1714 3324 1766 τὸ
3363 1715 3558 1783 μέτρον
3600 1715 3698 1782 τῆς
3727 1714 3941 1782 δωρεᾶς

2371 1805 2469 1873 τῆς
2517 1805 2870 1875 ἐπιχορηγίας
2900 1805 2991 1858 τοῦ
3026 1806 3354 1874 Πνεύματος,
3386 1806 3525 1858 καθὰ
3561 1806 3647 1858 καὶ
3683 1809 3708 1858 ὁ
3741 1807 3940 1858 θεσπέ-

702 1911 911 1955 tantum
938 1911 990 1954 et
1021 1900 1304 1971 :euigmate
1347 1901 1749 1969 conspicantur,
1797 1911 1850 1954 et
1892 1916 1955 1956 ex
1992 1916 2142 1968 parte
2177 1916 2265 1956 so-

2368 1912 2480 1958 σιος
2513 1896 2709 1975 γράφει
2740 1897 2968 1961 Παῦλος⁶
3011 1913 3030 1948 ι
3062 1897 3247 1960 Οὐδεὶς
3278 1897 3385 1968 γὰρ
3408 1897 3554 1964 λέγει
3593 1897 3802 1966 Κύριον
3839 1899 3942 1964 Ἰη-

701 1993 812 2045 lum
835 1991 879 2055 ⁸,
911 2007 1099 2059 nempe
1123 1992 1415 2046 secundum
1454 2007 1759 2045 mensuram
1802 1992 2111 2046 donationis
2140 1992 2265 2062 Spi-

700 2083 836 2138 ritus
879 2085 1071 2146 sancti,
1103 2093 1162 2136 ut
1196 2084 1407 2137 divinus
1459 2081 1657 2135 Paulus
1684 2081 1918 2150 loquitur
1966 2084 2009 2147 ',
2064 2097 2266 2151 cogno-

2367 1987 2512 2050 σοῦν,
2541 1989 2590 2039 εἰ
2625 1987 2698 2058 μὴ
2725 1989 2788 2040 ὲν
2810 1990 3082 2059 Πνεύματι
3113 1990 3284 2059 ἀγίῳ;
3311 1991 3403 2042 καὶ
3430 1990 3600 2052 οὐδεὶς
3629 1990 3779 2058 λέγει
3809 1991 3940 2043 ἀνά-

2367 2080 2508 2150 θεμα
2544 2081 2770 2150 Ἰησοῦν,
2802 2082 2850 2133 εί
2886 2083 3045 2162 μὴίὲν
3078 2079 3418 2143 Βεελζεόούλ.
3445 2100 3463 2132 ι

697 2185 854 2229 scunt
884 2176 928 2243 (ι
962 2173 1131 2228 Nemo
1168 2175 1308 2227 enim
1360 2174 1489 2225 dicit
1528 2171 1806 2225 Dominum
1838 2172 2042 2236 Jesum,
2077 2174 2176 2227 nisi
2217 2187 2314 2242 per
2352 2171 2610 2240 Spiritum
2645 2183 2889 2226 sanctum
2922 2192 2934 2226 :
2970 2174 3108 2226 sicut
3147 2187 3303 2226 nemo
3367 2190 3576 2227 rursum
3624 2174 3756 2227 dicit
3814 2191 3941 2228 ana-

700 2269 876 2321 thema
902 2265 1107 2332 .lesum,
1155 2265 1254 2318 nisi
1284 2265 1336 2317 in
1381 2262 1681 2318 Beelzebub
1709 2264 1754 2294 “
1786 2262 1831 2332 ι)
1867 2264 2140 2334 explicare
2177 2263 2412 2318 tentabo.

767 2359 832 2413 V.
883 2359 1086 2413 Dixerit
1113 2369 1291 2411 autem
1351 2356 1438 2411 hic
1486 2357 1788 2425 quispiam:
1819 2356 2260 2426 Quandoquidem

694 2451 852 2516 hujus
881 2452 957 2503 rei
990 2463 1152 2501 causa
1183 2448 1234 2500 in
1275 2462 1494 2502 arenam
1525 2446 1879 2512 descendere,
1915 2447 2261 2515 laboremque

696 2554 863 2609 usque
908 2540 1040 2592 adeo
1086 2537 1350 2593 dillicilem
1393 2547 1558 2605 atque.
1612 2538 1838 2590 arduum
1873 2537 2054 2591 subire
2095 2535 2264 2602 libet:

695 2646 813 2700 age,
850 2629 894 2682 si
929 2628 1123 2697 placet,
1171 2626 1419 2680 oratione
1468 2624 1687 2679 minime
1726 2625 1790 2677 ad
1836 2625 2012 2676 fucum
2046 2639 2261 2691 compa-

695 2731 830 2784 rata,
866 2721 959 2774 sed
989 2734 1133 2781 vera,
1164 2719 1257 2770 sed
1284 2716 1521 2778 sincera,
1553 2715 1645 2767 sed
1679 2714 1745 2765 ab
1775 2713 1920 2765 omni
1950 2723 2075 2765 nota
2111 2712 2262 2766 vitin-

694 2827 797 2879 que
823 2811 1010 2874 libera,
1043 2807 1243 2861 Christi
1276 2806 1587 2874 mysterium
1615 2803 1826 2868 expedi.
1858 2801 1990 2855 Nam
2023 2804 2261 2869 oracula,

693 2917 812 2971 quae
838 2916 958 2954 cum
990 2900 1043 2952 in
1080 2897 1246 2962 Nova,
1279 2906 1387 2950 tum
1425 2897 1476 2950 in
1515 2896 1690 2949 Veteri
1731 2910 1945 2964 quoque
1977 2894 2259 2964 Scriptura

694 3011 756 3049 ea
785 2993 850 3048 de
876 3009 933 3047 re
956 2990 1152 3062 passim
1186 2996 1499 3051 occurrunt,
1526 3002 1586 3042 ea
1619 2987 1836 3056 quidam
1868 2987 2032 3040 variis
2053 2987 2261 3054 opinio-

695 3086 853 3139 nibus
885 3085 1020 3138 ebrii
1064 3098 1090 3137 a
1131 3097 1261 3135 vero
1296 3095 1660 3150 germanoque
1689 3093 1846 3134 sensu
1887 3079 1938 3130 in
1971 3088 2259 3146 praeposte-

697 3193 813 3230 rmn
850 3177 1187 3242 detorquent.
1239 3173 1350 3224 Non
1400 3171 1529 3239 fugit
1577 3180 1676 3223 nos
1705 3184 1833 3222 sane
1875 3169 2002 3221 nihil
2052 3176 2263 3222 exstare
2292 3165 2333 3220 C

697 3279 806 3321 tam
834 3268 1145 3326 absurdum,
1173 3265 1312 3331 quod
1344 3264 1657 3332 insipientes
1696 3278 1801 3315 non
1831 3271 2100 3314 attentent
2128 3277 2141 3312 :
2177 3276 2263 3313 re-

699 3374 817 3411 rum
851 3367 1109 3410 corruunt
1143 3355 1215 3408 illi
1245 3355 1396 3424 proni
1439 3356 1490 3406 in
1522 3353 1842 3420 profundum
1881 3351 2094 3411 inferni,
2125 3352 2262 3408 sicut

696 3448 955 3515 scriptum
985 3455 1065 3499 est
1094 3447 1158 3507 “,
1192 3455 1244 3496 et
1275 3445 1326 3495 in
1366 3442 1580 3512 pedicas
1617 3441 1841 3504 mortis;
1876 3457 1897 3489 ι
1929 3457 2030 3492 non
2067 3438 2262 3492 intelli-

697 3547 883 3607 gentes
924 3553 1095 3606 neque
1118 3537 1247 3605 quid
1278 3535 1585 3603 loquantur,
1614 3546 1784 3600 neque
1816 3533 1880 3584 de
1907 3531 2101 3600 quibus
2128 3529 2262 3582 amr-

698 3640 846 3684 ment
880 3630 943 3682 ¹².
979 3647 997 3679 ›
1033 3626 1298 3680 Retulcrit
1334 3635 1510 3678 autem
1567 3637 1741 3687 nosse,
1780 3630 1832 3674 et
1872 3635 2116 3688 qumnam
2161 3620 2263 3673 ill.e

698 3719 1156 3789 sintsingulorum
1199 3731 1352 3784 nugae
1382 3715 1696 3782 stolatazque
1739 3712 1950 3765 fabulw.

769 3811 855 3867 Vl.
885 3810 1112 3875 Quidam
1165 3809 1326 3877 igitur
1376 3804 1608 3860 Verbum
1641 3820 1707 3859 ex
1749 3803 1857 3857 Deo
1892 3813 1944 3857 et
1985 3802 2140 3855 Patre
2171 3810 2258 3871 ge”-

697 3906 866 3959 nitum
920 3904 972 3956 in
1035 3902 1270 3956 hominis
1328 3900 1498 3953 forma
1550 3897 1883 3965 apparuisse,
1934 3899 2074 3950 haud
2111 3894 2261 3949 inviti

697 3994 1025 4060 concedunt;
1054 4003 1106 4047 at
1135 4008 1262 4047 vero
1289 4007 1354 4045 ex
1387 4006 1539 4043 sacra
1572 3999 1626 4042 et
1657 3987 1870 4056 deipara
1903 3985 2121 4055 Virgine
2147 4000 2264 4038 car-

697 4103 817 4144 nem
860 4086 1175 4155 sumpsisse,
1226 4083 1278 4137 id
1304 4080 1492 4136 audaci
1561 4079 1861 4135 temeritate
1911 4078 2258 4130 inﬁciantur:

696 4179 962 4247 siquidem
1007 4186 1171 4230 totam
1203 4170 1528 4228 sacramenti
1562 4169 1722 4237 hujus
1763 4169 2021 4221 rationem
2067 4166 2118 4219 in
2148 4163 2262 4218 solo

694 4281 918 4324 externo
954 4268 1230 4322 schemate
1275 4263 1500 4332 positam
1550 4261 1720 4315 fuisse
1773 4258 2033 4328 sacrilege
2077 4271 2260 4311 emen-

697 4363 923 4414 tiuntur.
979 4358 1080 4412 Alii
1132 4367 1286 4424 turpe
1321 4353 1734 4424 pudendumque
1763 4350 1888 4416 rati,
1916 4351 1960 4403 si
1991 4349 2258 4402 hominem

699 4453 928 4506 adorare
993 4449 1298 4508 videantur,
1355 4456 1730 4510 terrenamque
1778 4456 1994 4495 carnem
2051 4453 2261 4494 summo

695 4543 901 4597 honore
936 4537 1202 4601 alliciant,
1263 4537 1386 4589 dum
1430 4534 1574 4588 ιωιιο
1621 4534 1720 4586 hoc
1772 4531 1998 4585 inscitia:
2051 4530 2257 4592 morbo,

698 4647 968 4702 pravaque
996 4639 1048 4683 et
1083 4629 1377 4683 adulterina
1428 4625 1685 4695 religione
1723 4622 1986 4683 laborant,
2027 4619 2257 4676 Verbum

694 4741 759 4779 ex
809 4724 913 4777 Deo
954 4730 1134 4776 natum
1193 4721 1245 4772 iu
1298 4718 1524 4782 ossium,
1553 4725 1606 4770 et
1649 4715 1938 4768 nervorum
1977 4713 2261 4783 carnisque

699 4826 947 4870 naturam
1001 4815 1330 4868 detnutatum
1394 4809 1681 4863 allirmant.
1729 4805 1906 4874 Atque
1957 4807 2028 4860 ita
2078 4805 2259 4859 miseri

699 4909 797 4973 illi,
828 4906 1192 4961 Emnianuelis
1214 4920 1276 4958 ex
1304 4902 1518 4970 Virgine
1539 4910 1715 4955 ortum
1739 4899 2023 4952 ludibrium
2060 4897 2262 4951 haben-

699 5010 798 5062 tes,
845 4999 1102 5068 optimam
1150 4996 1293 5049 illam
1352 4993 1848 5059 divinissimamque
1901 4988 2258 5043 (Bconomiam

699 5093 1006 5144 indecorum
1030 5089 1291 5156 iudicant.
1327 5085 1464 5138 Sunt
1489 5083 1576 5151 qui
1615 5090 1940 5135 comternum
1979 5080 2084 5134 Deo
2116 5079 2258 5131 Patri

699 5182 934 5235 Verbum
970 5179 1117 5232 tarde
1160 5185 1363 5237 natum,
1393 5174 1497 5228 hoc
1529 5182 1656 5234 est,
1685 5182 1791 5224 tum
1823 5173 2035 5223 demum
2069 5171 2263 5234 produ-

699 5280 842 5324 ctum
875 5269 1123 5329 credunt,
1149 5280 1270 5319 eum
1301 5263 1593 5317 secundum
1623 5276 1839 5315 carnem
1872 5262 1920 5311 in
1954 5259 2127 5312 lucem
2157 5259 2263 5312 edi-

703 5369 812 5411 tum
847 5356 896 5427 5
925 5365 1025 5410 est.
1053 5353 1169 5409 Non
1198 5356 1398 5408 desunt
1427 5367 1638 5406 rursum
1691 5350 1781 5418 qui
1813 5350 1864 5402 in
1904 5360 2104 5402 tantum
2128 5349 2262 5402 stul-

773 5512 790 5542 ⁷
818 5511 977 5565 Preti.
1007 5525 1124 5572 vm,
1166 5508 1249 5560 ll.
1341 5507 1402 5559 ⁸1
1439 5506 1562 5559 Cor.
1606 5520 1724 5566 xm,
1758 5503 1844 5559 12.

2298 4496 2340 4548 D

1921 5501 1978 5555 Ἰ
2011 5502 2134 5557 Cor.
2168 5519 2261 5569 xu,
2297 5505 2381 5570 ll,

2441 2357 2515 2420 E'.
2537 2357 2693 2428 ,Φαίη
2729 2357 2772 2410 δ’
2799 2357 2886 2423 ἀν,
2914 2355 3097 2427 οἷμαιν
3114 2359 3221 2421 τὶς,
3263 2356 3470 2411 Οὐκοῦν
3502 2357 3685 2428 ἐπειδή
3706 2373 3811 2410 ‘mt
3834 2377 3936 2412 ·και

2365 2446 2466 2515 τῆς
2499 2448 2590 2500 ἐπὶ
2627 2447 2801 2518 τούτῳ
2840 2449 3036 2510 κόνεως
3071 2447 3301 2517 ἅψεσθαι
3332 2447 3496 2510 δοκεῖ,
3527 2447 3620 2500 καὶ
3663 2448 3753 2500 τὸν
3797 2448 3940 2500 οὕτω

2366 2537 2613 2609 διαϐριθῆ
2650 2540 2742 2591 καὶ
2782 2538 3053 2591 δύσοιστον
3094 2539 3388 2607 ἀνατλῆναι
3420 2539 3599 2601 πόνον,
3632 2540 3936 2592 ἀοκνότατα

2364 2629 2616 2694 διασάφει
2653 2629 2743 2680 τὸν
2769 2629 2966 2696 ἀκριϐῆ
2994 2646 3054 2679 τε
3081 2629 3176 2680 καὶ
3199 2629 3599 2696 ἀκιόδήλευτον,
3631 2631 3726 2682 καὶ
3755 2624 3934 2696 πάσης

2367 2719 2543 2780 αίτίας
2584 2717 3002 2787 ἀπηλλαγμένον
3036 2717 3128 2769 ἐπὶ
3173 2718 3392 2787 Χριστῷ
3435 2717 3613 2784 λόγον.
3649 2720 3937 2789 Διατρόροις

2365 2810 2471 2881 γὰρ
2501 2809 2678 2874 δόξαις
2711 2808 3114 2877 καταμεθύουσί
3146 2826 3307 2870 τινες,
3342 2809 3824 2878 παραπλάττοντες
3859 2812 3935 2871 εἰς

2364 2901 2422 2952 τὸ
2490 2900 2718 2962 ἀκαλλὲς
2763 2900 2829 2952 τά
2867 2900 2951 2951 ἐπ’
2993 2899 3138 2969 αὐτῷ
3191 2899 3692 2969 κεχρησμῳδημένα
3720 2901 3743 2938 ε
3790 2904 3936 2967 παρά

2363 3010 2421 3045 τε
2453 2992 2552 3061 τῆς
2589 2992 2732 3054 Νέας
2767 2992 2860 3044 καλ⁸
2898 2991 3276 3061 ’Λρχαιοτέρας
3306 2991 3546 3061 Γραφῆς.
3586 2993 3700 3044 Οὐκ
3736 2993 3936 3061 ἠγνοή-

2364 3101 2538 3153 καμεν
2582 3078 2695 3146 οὖν,
2726 3083 2801 3146 ὡς
2830 3083 2928 3134 οὐκ
2969 3083 3385 3152 ἀνεπιτήδευτόν
3419 3085 3533 3136 ἐστι
3567 3083 3674 3135 τῶν
3719 3085 3937 3136 ἀτόπων

2365 3179 2478 3238 τοῖς
2515 3175 2790 3236 ἀσυνέτοις
2819 3175 2969 3226 οὐδέν
2990 3191 3003 3203 °
3034 3174 3291 3226 πίπτουσι
3325 3173 3382 3225 δὲ
3422 3176 3515 3226 καὶ
3552 3175 3671 3226 λίαν
3705 3176 3940 3244 ἑτοίμως

2365 3271 2444 3332 είς
2486 3270 2752 3338 πέταύρον
2805 3266 2953 3337 ᾅδου,
2988 3265 3127 3319 κατά
3167 3266 3228 3319 τὸ
3266 3267 3672 3337 γεγραμμένον,
3718 3270 3813 3320 καὶ
3861 3271 3938 3330 εἰς

2367 3361 2566 3428 παγίδα
2600 3359 2850 3420 θανάτου,
2885 3379 2900 3408 ι
2935 3357 3009 3427 μὴ
3035 3358 3276 3420 νοοῦντες
3309 3360 3444 3427 μήτε
3467 3357 3767 3424 ἀλέγουσι,
3799 3363 3934 3427 μήτε

2365 3453 2492 3522 περὶ
2525 3452 2685 3503 τίνων
2713 3449 3161 3502 διαὸεόαιοῦνται.
3193 3469 3208 3499 ι
3243 3449 3399 3511 Τίνες
3425 3449 3468 3501 δ’
3493 3449 3556 3501 ἂν
3587 3444 3698 3502 εἷεν
3725 3451 3776 3501 oi
3810 3468 3919 3518 παρ

2365 3544 2577 3612 ἑκάστῳ
2619 3541 2832 3613 θρύλλοι
2890 3543 2979 3595 καὶ
3030 3542 3101 3594 τὰ
3147 3543 3320 3610 σεμνά
3391 3541 3659 3611 μυθάρια,
3710 3541 3936 3592 διειπεῖν

2364 3637 2674 3705 ἀναγκαῖον.

2442 3812 2533 3880 ς’.
2578 3813 2639 3863 0i
2679 3811 2775 3880 μὲν
2808 3809 2934 3880 γὰρ,
2982 3811 3062 3862 ὅτι
3103 3810 3308 3878 πέφηνε
3353 3811 3450 3879 μὲν
3490 3810 3777 3880 ἄνθρωπος
3807 3813 3835 3864 ό
3875 3815 3936 3863 ἐκ

2364 3904 2496 3957 Θεοῦ
2527 3904 2739 3974 Πατρδς
2768 3904 2958 3971 Λόγος,
2983 3904 3042 3954 οὐ
3079 3904 3183 3972 μὴν
3207 3905 3288 3955 ὅτι
3311 3904 3404 3955 καὶ
3438 3903 3720 3973 πεφόρηκε
3748 3905 3849 3973 τὴν
3875 3906 3933 3956 ὲκ

2362 3993 2460 4064 τῆς
2489 3994 2644 4061 ἁγίας
2680 3994 2951 4062 Παρθένου
2987 3998 3080 4045 καὶ
3103 3993 3368 4045 Θεοτόκου
3399 3993 3600 4060 σάρκα,
3635 3997 3856 4062 φρονεῖν
3880 4011 3933 4046 τε

2364 4087 2459 4136 καὶ
2492 4084 2668 4149 λέγειν
2691 4085 3076 4157 τετολμήκασι,
3105 4083 3524 4150 καταψεύδονται
3556 4083 3612 4135 δὲ
3646 4084 3817 4154 μόνην
3843 4085 3932 4136 τοῦ

2367 4173 2665 4245 μυστηρίου
2715 4172 2813 4242 τὴν
2863 4173 3099 4241 δόκησιν·
3127 4173 3344 4242 Ἐτεροι
3371 4174 3415 4224 δ’
3446 4168 3513 4225 αὖ
3563 4175 3934 4243 κατερυθριᾷν

2367 4265 2718 4333 σκεπτόμενοι
2755 4264 2781 4302 h
2840 4263 2900 4315 τὸ
2932 4263 3110 4316 δοκεῖν
3152 4261 3420 4332 ἀνθρώπῳ
3462 4250 3816 4332 προσκυνεῖν,
3847 4267 3930 4315 καὶ

2365 4356 2462 4426 τὴν
2499 4355 2605 4408 ἀπὸ
2637 4354 2740 4423 γῆς
2778 4355 2955 4424 σάρκα
2982 4357 3102 4418 ταῖς
3127 4355 3385 4409 ἀνωτάτω
3418 4354 3597 4419 δόξαις
3633 4357 3933 4423 στεφανοῦν

2367 4445 2810 4517 παραιτούμενοι,
2840 4448 2903 4499 ἐκ
2928 4447 3025 4515 τῆς
3053 4448 3190 4514 ἄγαν
3227 4447 3464 4515 ἀμαθίας
3499 4447 3664 4517 νόθην
3689 4451 3816 4501 τινὰ
3846 4453 3928 4502 καί

2372 4540 2831 4610 παρεφθαρμένην
2881 4538 3161 4602 νοσοῦντες
3217 4541 3533 4602 εὐλάϐειαν,
3582 4545 3926 4613 παρατετραο

2371 4630 2502 4697 φθαι
2567 4631 2698 4700 φασὶ
2754 4631 2844 4688 τὸν
2887 4632 2950 4682 ὲκ
3018 4629 3151 4683 Θεοῦ
3185 4631 3392 4700 Πατρὸς
3426 4629 3600 4699 φύντα
3643 4632 3824 4698 Λόγον
3858 4636 3928 4693 εἰς

2368 4720 2568 4772 ὀστέων
2615 4737 2674 4772 τε
2725 4722 2818 4773 καὶ
2856 4719 3060 4789 νεύρων
3106 4719 3199 4771 καὶ
3247 4717 3446 4788 σαρκὸς
3503 4717 3690 4786 φύσιν,
3737 4722 3837 4784 τὴν
3871 4721 3929 4770 ὲκ

2371 4798 2646 4879 Παρθένου
2678 4811 2928 4880 γέννησιν
2953 4809 3046 4863 τοῦ
3083 4809 3424 4879 Ἐμμανουὴλ
3458 4809 3635 4863 πλατὺ
3666 4811 3929 4877 γελῶντες

2367 4901 2414 4951 οἱ
2461 4899 2706 4964 τάλανες,
2741 4901 2834 4952 καὶ
2862 4900 2920 4952 τὸ
2949 4895 3676 4972 ἀπρεπὲςκαταγράφοντες
3713 4903 3814 4970 τῆς
3843 4903 3928 4954 0'3-

2367 5007 2471 5050 τως
2507 4989 2736 5058 ἀρίστης
2769 4991 2861 5042 καί
2897 4989 3232 5060 Θεοπρεποῦς
3264 4991 3594 5059 οἰκονομίας.
3635 4991 3699 5043 Οί
3735 4991 3792 5044 δὲ
3841 4995 3929 5044 καὶ

2365 5077 2591 5147 ὀψιγενῆ
2638 5080 2726 5130 τὸν
2775 5081 3041 5132 συναῒδιον
3073 5081 3150 5151 τῷ
3204 5082 3377 5151 Ila-cpi.
3411 5081 3541 5135 Θεὸν
3575 5082 3750 5148 Λόγον
3793 5079 3929 5136 εἶναι

2369 5171 2782 5235 πεπιστεύκασι,
2811 5173 2901 5225 καὶ
2923 5175 3000 5235 εἰς
3026 5175 3084 5226 τὸ
3115 5175 3263 5244 μόλις
3287 5174 3523 5245 ὑπάρξαι
3543 5175 3929 5244 διακεκλῆσθαι

2366 5261 2508 5322 τότε,
2538 5261 2623 5313 ὅτε
2659 5263 2749 5315 καὶ
2780 5265 3045 5334 τῆς.κατά
3086 5266 3262 5335 σάρκα
3305 5267 3609 5337 γεννήσεως
3644 5267 3803 5336 ἔλαχε
3832 5271 3928 5336 τὴν

2367 5352 2559 5421 ἀρχήν.
2600 5352 2717 5405 Εἰσὶ
2755 5355 2811 5407 δὲ
2849 5358 2895 5407 oi
2935 5357 3026 5409 καὶ
3063 5357 3198 5428 πρὸς
3223 5357 3380 5414 τοῦτο
3422 5358 3615 5426 μανίας
3649 5358 3927 5423 δυσσεδὼς

2463 5506 2740 5561 “mitts.
2822 5507 3290 5578 “Psal.Ltv,16.
3371 5510 3619 5566 "l'l'im.
3651 5527 3692 5577 ι,

1795 5635 1962 5688 Varia:
1997 5635 2250 5689 lectiones
2279 5635 2480 5691 codicis
2509 5634 2857 5705 Seguicrtani.

776 5779 795 5819 ί
830 5778 1057 5845 λέγοιτο.
1138 5787 1160 5825 ε
1190 5771 1754 5847 κεχρησμοδοτημένα.
1830 5767 1856 5806 δ
1887 5770 2269 5841 σκηπτόμενοι.
