4056 6334
176 389 302 445 ΗΠ

1122 403 1216 457 DE
1250 403 1477 461 RECTA
1518 407 1696 474 FIDE,
1738 408 1829 463 AD
1870 408 2316 471 THEODOSIUM
2356 415 2494 472 IMP.

3268 421 3404 476 ιιιε

173 507 417 605 ἡῠγμένοι,
448 510 588 566 ὥστε
629 519 719 568 καὶ
766 518 1135 574 ἀνυπόστατον
1168 524 1265 575 τὸν
1303 525 1366 577 ἐκ
1400 524 1534 577 Θεοῦ
1584 543 1727 593 φασιπ

1850 529 2022 583 titiam
2069 543 2123 585 et
2153 532 2482 601 impietatem
2520 534 2754 605 prolapsi
2782 543 2929 601 sunt,
2958 546 3015 591 ut
3043 536 3135 592 Dei
3168 537 3401 594 Verbum

170 593 306 651 εἶναι
333 602 525 669 Λόγον,
556 605 707 675 ῥῆμα
734 608 787 660 δὲ
823 610 1007 673 ἀπλῶς
1038 612 1096 663 τὺ
1129 613 1267 666 κατὰ
1311 614 1479 684 μόνην
1509 616 1733 686 νοούμε-

170 702 257 775 νον
293 694 575 762 προφορὰν
608 697 665 749 ὲν
693 697 965 770 ἀνθρώπῳ
999 702 1283 769 γενέσθαι.
1334 706 1648 775 Μάρκελλος
1678 707 1734 761 δὲ

169 771 310 831 οὗτοι
346 782 438 835 καὶ
474 784 754 850 Φωτεινός.
787 792 943 846 Δοκεί
972 809 1035 859 γε
1066 794 1173 865 μὴν
1204 795 1297 845 καὶ
1326 771 1532 863 ἑτέροις
1581 798 1734 850 ἐναν-

1839 621 2255 691 anhypostaton,
2316 626 2416 680 hoc
2455 636 2556 690 est,
2610 628 2807 681 nullam
2848 628 3049 685 habens
3101 630 3400 685 subsisten-

1839 713 1965 768 tiam
2009 715 2397 783 (cuiuscemodi
2438 718 2564 773 illud
2602 727 2703 781 est,
2746 718 2888 785 quod
2933 729 3058 774 tunc
3096 720 3266 774 solum
3320 728 3405 776 est

1836 813 1891 858 et
1924 804 2257 874 intelligitur,
2298 808 2421 861 dum
2452 822 2544 862 ore
2574 808 2887 876 profertur),
2935 809 3114 863 dicere
3144 810 3397 873 audeant,

169 867 453 965 θρωπῇσαι
490 874 589 942 μὲν
637 876 849 946 ἀληθῶς
875 881 967 934 τὸν
996 883 1304 954 Μονογενῆ,
1338 886 1431 938 καὶ
1474 887 1534 938 ἐν
1572 890 1727 958 σαρκὶ

1840 897 2052 965 taleque
2086 897 2316 952 Verbum
2363 899 2414 952 in
2460 900 2674 952 homine
2715 899 2915 952 factum
2955 899 3302 953 contendunt.
3336 898 3400 952 lli

167 960 415 1025 γενέσθαι
461 967 750 1034 πιστεύειν,
786 972 859 1041 μὴ
896 972 1001 1042 μὴν
1026 973 1104 1026 ἔτι
1142 976 1234 1027 καὶ
1262 978 1616 1046 έμψυχῶσθαι
1641 997 1731 1033 τε-

168 1048 322 1139 λεζως
365 1054 461 1121 τὴν
506 1056 907 1129 ἀναληφθεῖσαν
948 1063 1126 1134 σάρκα
1170 1066 1313 1137 ψυχῇ
1356 1068 1582 1139 λογικῇ,
1637 1073 1732 1125 καὶ

166 1138 286 1191 νοῦν
318 1141 517 1217 ἐχούσῃ
546 1147 636 1200 τὸν
669 1149 791 1202 καθ’
828 1153 1009 1222 ἡμᾶς’
1040 1157 1120 1219 εἰς
1153 1156 1378 1227 ἑνότητα
1423 1159 1480 1211 δὲ
1512 1138 1612 1231 τὴν
1654 1165 1734 1227 εις

166 1231 328 1299 ἆπαν,
363 1235 552 1311 ὥσπερ
580 1236 673 1294 οὖν
702 1244 921 1311 οἷονται,
954 1250 1419 1318 κατασφίγγοντες
1445 1255 1537 1306 τόν
1575 1272 1634 1307 τε
1667 1257 1733 1308 ὲκ

165 1322 295 1376 Θεοῦ
336 1328 528 1396 Λόγον,
558 1333 651 1385 καὶ
685 1336 777 1387 τὸν
816 1338 881 1389 ὲκ
927 1339 1026 1409 τῆς
1075 1342 1238 1409 ἀγεας
1269 1344 1546 1414 Παρθένου
1581 1348 1731 1413 ναὸν,

165 1420 483 1489 κατοικῆσαί
513 1440 677 1492 φασιν
705 1428 763 1479 ὲν
794 1430 941 1501 αὑτῷ
966 1432 1055 1484 τὸν
1086 1435 1257 1501 Λόγον
1279 1452 1294 1465 ·
1332 1438 1428 1489 καὶ
1471 1439 1601 1493 ι’διον
1634 1441 1731 1509 μὲν

164 1510 491 1579 ποιήσασθαι
533 1516 593 1568 τὸ
628 1517 786 1587 σῶμα
824 1521 885 1573 τὸ
915 1524 1237 1594 ἀναληφθὲν,
1266 1526 1443 1598 ψυχῆς
1478 1529 1533 1581 δὲ
1571 1530 1733 1583 αὑτὸν

162 1600 255 1667 τῆς
300 1602 525 1675 λογικῆς
565 1625 623 1660 τε
666 1611 759 1662 καὶ
802 1615 992 1682 νοερᾶς
1029 1615 1377 1688 ἀναπληροῦν
1409 1620 1500 1673 τὸν
1542 1621 1727 1676 τόπον.

165 1690 376 1761 Ἔτεροι
425 1696 470 1747 δ’
510 1692 575 1750 αὗ
612 1700 977 1768 πρεσϐεύουσι
1029 1705 1126 1773 μὲν
1165 1710 1286 1771 ταῖς
1313 1710 1519 1763 τούτων
1551 1712 1730 1777 δόξαις

160 1778 225 1831 τὰ
270 1783 519 1849 ἐναντία,
566 1791 659 1842 καὶ
692 1791 1071 1863 ἀντιφέρονται
1115 1800 1228 1861 τοῖς
1264 1802 1624 1870 φρονήμασιν,
1666 1804 1729 1857 ἐκ

162 1888 214 1923 τε
247 1873 381 1927 Θεοῦ
410 1878 582 1946 Λόγου
618 1883 711 1933 καὶ
736 1882 913 1956 ψυχῆς
943 1887 1042 1956 τῆς
1074 1888 1297 1959 λογικῆς
1330 1894 1422 1945 καὶ
1456 1894 1725 1964 σώματος,

162 1963 275 2031 ἦτοι
322 1966 536 2031 τελείας
588 1972 773 2037 ἁπλῶς
808 1976 1248 2050 ἀνθρωπότητος,
1297 1986 1618 2039 συνεστάναι
1667 2005 1725 2039 τε

161 2055 251 2148 καὶ
276 2056 684 2148 άναπεπλέχθαι
710 2065 1178 2140 διαϐεϐαιούμενοι
1206 2073 1297 2127 τὸν
1341 2075 1690 2148 Ἐμμανουήλ
1711 2096 1723 2108 ³

159 2144 358 2239 ούᾷμὴν
403 2148 484 2202 ἔτι
524 2154 618 2205 καὶ
667 2156 795 2223 ὑγιᾶ
838 2159 933 2210 καὶ
976 2159 1277 2231 ἀμώμητον
1310 2144 1591 2231 παντελῶς

160 2237 240 2329 et?
279 2240 427 2307 αὐτῷ
472 2248 813 2316 τετηρήκασι·
835 2249 1013 2314 δόξαν.
1064 2254 1460 2309 Καταδιιστᾶσι
1494 2258 1602 2329 γὰρ
1649 2237 1729 2321 εἷς

158 2326 245 2381 δύο
297 2332 389 2385 τὸν
441 2334 535 2388 ἕνα
585 2338 841 2407 Χριστόν,
895 2344 988 2395 καὶ
1038 2347 1271 2414 παχεῖαν
1309 2348 1497 2418 ὥσπερ
1545 2326 1730 2413 αὐτοῖς

160 2421 385 2487 ἐνιέντες
434 2425 530 2496 τὴν
577 2426 857 2502 διατομὴν,
902 2432 1005 2485 ἀνὰ
1042 2434 1204 2505 μέρος
1233 2438 1492 2508 ἑκάτερον
1540 2456 1729 2509 μονον·

159 2513 272 2582 ουχὶ
318 2516 412 2567 καὶ
444 2518 656 2571 ἑστῶτα
687 2521 1205 2590 παραδεικνύουσιν·
1236 2525 1423 2597 ἕτερον
1456 2527 1553 2596 μὲν
1588 2525 1727 2582 εἶναι

158 2602 540 2675 διατεινόμενοι
569 2609 659 2659 τὸν
693 2610 757 2660 ὲκ
786 2611 1065 2678 Παρθένου
1103 2615 1361 2681 τεχθέντα
1390 2618 1609 2679 τελείως
1639 2620 1729 2671 ἄν·
1782 2606 1783 2609 Ἴ

160 2689 389 2759 θρωπον,
417 2694 601 2763 ἕτερον
631 2696 675 2747 δ’
698 2692 764 2749 αὖ
796 2698 885 2749 τὸν
912 2700 975 2751 ὲκ
1003 2700 1138 2752 Θεοῦ
1158 2702 1375 2772 Πατρὸς
1395 2705 1567 2772 Λόγον
1589 2724 1600 2736 ·
1630 2708 1728 2776 οὐχ

158 2783 183 2834 ὃ
206 2784 254 2835 τί
286 2786 417 2837 ποτέ
445 2787 592 2839 ἐστιν
620 2787 654 2857 ἦ
687 2805 745 2841 τε
777 2788 871 2842 τοῦ
916 2789 1051 2843 Θεοῦ
1083 2790 1095 2828 ί
1130 2792 1309 2862 φύσις,
1343 2796 1436 2848 καὶ
1464 2799 1561 2867 τῆς
1598 2814 1728 2868 σαρ-

160 2880 267 2943 κὸς,
302 2882 688 2953 διακρίνοντες,
717 2888 839 2941 οὐδὲ
881 2889 1071 2959 μόναις
1108 2895 1229 2957 ταῖς
1254 2895 1334 2957 εἰς
1361 2895 1519 2949 τοῦτο
1548 2896 1729 2966 διαφο-

161 2974 277 3037 ραῖς
314 2974 714 3046 ὲμφιλοχωρεῖν
763 2976 1055 3044 ἐθέλοντες.
1090 2983 1222 3036 Οὐδὲ
1266 2984 1375 3054 γάρ
1408 2986 1473 3038 ἂν
1521 2987 1729 3051 ἑννοίας

158 3063 248 3140 τῆς
282 3064 519 3133 ἀληθοῦς
548 3069 626 3131 εἰς
660 3068 816 3122 τοῦτο
854 3069 1174 3143 διήμαρτον,
1216 3076 1335 3127 ἐπεὶ
1383 3076 1459 3147 μὴ
1504 3079 1665 3148 φύσις
1690 3082 1731 3150 ἠ

1835 1003 1962 1043 vero
1987 998 2114 1042 sunt
2140 988 2422 1044 Marcellus
2451 1001 2504 1043 et
2534 989 2813 1044 Photinus.
2844 990 3262 1058 Comperiuntur
3310 988 3402 1042 alii

1834 1080 1949 1149 qui,
1980 1079 2082 1134 etsi
2110 1081 2438 1149 unigenitum
2474 1081 2565 1135 Dei
2596 1080 2823 1136 Verbum
2857 1096 2982 1135 vere
3025 1080 3294 1134 hominem
3326 1078 3403 1131 la-

1835 1180 1977 1224 etum
2010 1180 2063 1224 et
2098 1170 2436 1224 iucarnatum
2470 1186 2572 1223 non
2605 1181 2821 1239 negent,
2880 1171 3057 1225 induci
3096 1180 3273 1223 tamen
3309 1184 3402 1222 ne-

1834 1270 2056 1329 queunt,
2086 1269 2145 1314 ut
2168 1276 2408 1323 carnem,
2437 1277 2597 1331 quam
2634 1263 2943 1329 assumpsit,
2975 1262 3155 1315 anima
3192 1262 3401 1315 ratione

1832 1359 1885 1403 et
1931 1360 2109 1404 mente
2129 1359 2324 1405 nostras
2370 1351 2528 1404 simili
2576 1352 2797 1420 praedita
2854 1353 3142 1422 perfectam
3194 1350 3401 1403 anima-

1835 1449 2052 1509 tamque
2106 1441 2272 1496 fuisse
2312 1443 2558 1496 credant.
2614 1442 2821 1497 Etenim
2879 1442 3111 1496 Verbum
3152 1440 3292 1509 quod
3333 1455 3397 1492 ex

1832 1531 2011 1596 Patre,
2037 1542 2090 1587 et
2120 1534 2375 1602 templum
2405 1533 2547 1603 quod
2573 1548 2636 1588 ex
2671 1549 2826 1588 sacra
2850 1532 3068 1601 Virgine
3089 1542 3265 1585 ortum
3293 1540 3396 1593 est,

1832 1621 1887 1675 in
1919 1639 2076 1677 unam
2108 1625 2396 1692 perlectam
2436 1626 2701 1680 unitatem
2722 1626 3128 1687 contrahentes,
3163 1622 3395 1676 Verbum

1832 1712 1885 1765 in
1917 1713 2005 1767 illo
2053 1713 2397 1779 inhabitasse,
2444 1730 2749 1785 corpusque
2794 1723 3130 1783 assumptum
3162 1714 3226 1765 ad
3274 1728 3395 1765 eum

1832 1806 2047 1859 modum
2072 1805 2172 1859 sibi
2196 1808 2466 1876 proprium
2493 1807 2737 1862 eﬂ‘ecisse
2760 1806 3095 1873 contingunt,
3127 1814 3185 1857 ut
3206 1803 3398 1856 anima:

1831 1897 2039 1952 ratione
2097 1898 2295 1953 utentis
2362 1898 2535 1952 locum
2583 1913 2677 1967 per
2732 1913 2789 1953 se
2842 1898 3014 1967 ipsum
3064 1894 3389 1963 expleverit.

1831 1988 1969 2042 Sunt
2006 1989 2238 2058 denique
2300 1991 2415 2058 qui,
2467 1991 2657 2044 horum
2714 1990 2953 2043 omnium
3000 1985 3397 2056 opinationihus

1830 2081 2175 2135 adversantes
2201 2081 2591 2150 sententiisque
2621 2081 2974 2149 refragantes,
2995 2094 3059 2132 ex
3084 2076 3177 2130 Dei
3199 2075 3396 2141 Verbo,

1831 2170 2117 2239 animaque
2156 2170 2507 2239 intelligente,
2544 2181 2597 2224 et
2624 2185 2869 2239 corpore,
2904 2171 3007 2225 hoc
3032 2179 3137 2236 est,
3165 2170 3395 2222 humana

1832 2270 2017 2313 natura
2051 2262 2293 2314 numeris
2316 2261 2565 2315 omnibus
2590 2262 2821 2330 perfeCta
2866 2260 3242 2329 absolutaque,
3269 2259 3397 2313 Em-

1833 2350 2131 2403 manuelem
2180 2351 2531 2405 constitutum
2577 2351 3039 2421 compositumque
3084 2359 3395 2405 constanter

1832 2440 2132 2508 allirment;
2191 2453 2363 2511 neque
2417 2444 2595 2497 adhuc
2674 2453 2849 2496 tamen
2928 2456 3115 2494 sanam
3175 2456 3395 2509 prorsus

1828 2533 2115 2600 omnisque
2144 2533 2258 2585 vitii
2287 2544 2562 2600 expertem
2595 2533 2921 2586 sententiam
2952 2541 3185 2585 tuentur.
3214 2530 3395 2595 Quan-

1830 2626 2114 2690 doquidem
2162 2639 2325 2677 unum
2360 2624 2634 2677 Christum
2683 2626 2736 2677 in
2788 2624 2919 2675 duos
2977 2632 3285 2685 secernunt,
3320 2634 3394 2689 ει,

1830 2728 2012 2767 crassa
2061 2714 2290 2779 quadam
2337 2714 2676 2782 separatione
2700 2713 2840 2767 inter
2873 2713 3014 2767 hunc
3045 2723 3099 2768 et
3135 2714 3280 2766 illum
3315 2714 3394 2766 in-

1831 2805 2013 2865 ducta,
2069 2814 2357 2873 utrumque
2400 2818 2642 2858 seorsum
2697 2819 2760 2858 ae
2804 2804 2959 2872 quasi
3004 2818 3097 2873 per
3142 2818 3202 2859 se
3249 2813 3394 2858 stare

1829 2893 2161 2946 contendunt
2192 2909 2206 2944 :
2242 2903 2296 2946 et
2323 2892 2545 2947 alterum
2581 2894 2818 2961 quidem,
2857 2908 2978 2947 eum
3011 2894 3261 2946 nimirum
3300 2893 3390 2960 qui

1828 3000 1895 3039 ex
1931 2984 2149 3053 Virgine
2176 2996 2331 3038 natus
2360 2997 2462 3047 ρει,
2496 2984 2791 3053 perfectum
2824 2983 3129 3047 hominem;
3159 2982 3387 3036 alterum

1830 3089 2042 3129 rursum
2078 3074 2248 3142 ipsum
2283 3073 2373 3127 Dei
2402 3072 2581 3128 Patris
2614 3073 2845 3128 Verbum
2886 3088 3003 3127 esse
3029 3073 3244 3137 dicunt;
3284 3086 3390 3126 non

157 3153 284 3250 αῦτὴ
321 3157 526 3227 σαρκός
551 3176 609 3211 τε
638 3162 731 3215 καὶ
758 3162 1029 3234 θεότητος.
1072 3165 1231 3220 Ἀλλά
1261 3167 1352 3221 τὸν
1389 3171 1487 3239 μὲν
1519 3173 1593 3235 ὡς
1632 3174 1724 3226 ἄνα

1829 3166 1957 3235 quid
2000 3166 2139 3219 inter
2189 3165 2279 3219 Dei
2337 3178 2392 3219 et
2435 3167 2617 3220 carnis
2664 3178 2908 3219 naturam
2953 3165 3163 3218 intersit
3202 3162 3392 3217 distin-

158 3243 361 3313 θρωπον
394 3248 500 3319 ἰδίᾳ
526 3250 765 3315 τιθέντες
787 3256 882 3307 καὶ
911 3255 1014 3309 ἀνὰ
1044 3258 1230 3327 μέρος,
1261 3261 1351 3314 τὸν
1380 3262 1457 3326 δὲ,
1492 3264 1567 3326 ὡς
1590 3264 1720 3316 Θεὸν

158 3335 306 3400 φύσει
353 3356 413 3391 τε
463 3342 557 3392 καὶ
603 3341 819 3411 ἀληθῶς
864 3346 1221 3415 ὀνομάζουσι,
1258 3352 1435 3405 καίτοι
1474 3353 1721 3419 θέλοντες

157 3423 282 3480 εἷναι
313 3431 649 3501 Χριστιανοὶ·
674 3435 782 3487 Καὶ
810 3435 873 3506 δὴ
907 3439 997 3492 καὶ
1016 3440 1223 3509 λογίδια
1257 3442 1393 3497 ἄττα
1429 3447 1557 3516 περὶ
1598 3448 1723 3499 τού-

157 3536 254 3570 ¹ιων
284 3522 720 3591 συγγράφοντες,
759 3527 934 3579 εἰπεῖν
962 3531 1361 3602 τετολμήκασιν
1404 3535 1595 3599 αὑταῖς
1637 3536 1723 3590 λέ-

160 3608 292 3672 ξεσιν
317 3607 418 3666 ὧδε
440 3630 451 3641 ·
508 3614 565 3666 '0
599 3616 696 3683 μὲν
728 3617 837 3687 γάρ
864 3618 1021 3686 φύσει
1062 3622 1155 3675 καὶ
1186 3623 1399 3691 άληθῶς
1435 3626 1559 3686 Υἱὸς
1590 3627 1618 3678 6
1657 3627 1720 3680 ὲκ

156 3700 279 3753 Θεοῦ
312 3703 528 3773 Πατρὸς
569 3705 739 3772 Λόγος
786 3708 953 3771 ἐστὶν,
986 3712 1014 3762 6
1049 3711 1125 3776 δὲ,
1164 3712 1469 3785 ὁμωνύμως
1496 3715 1573 3788 τῷ
1606 3717 1720 3789 Υἱῷ

157 3794 292 3857 Υἱός.
322 3798 429 3849 Καὶ
466 3798 583 3867 μεθ’
611 3799 771 3868 ἔτερα
800 3801 990 3855 πάλινο
1014 3802 1157 3874 Σάρξ
1186 3804 1215 3856 6
1242 3792 1337 3858 τοῦ
1363 3806 1497 3860 Θεοῦ
1524 3810 1717 3877 Λόγος,

155 3884 281 3938 ἀλλὰ
320 3888 606 3957 ἄνθρωπον
652 3890 984 3960 ἀνειληφώς.
1030 3894 1086 3948 '0
1128 3895 1224 3964 μὲν
1256 3897 1364 3968 γὰρ
1410 3900 1720 3970 Μονογενὴς

156 3977 569 4046 προηγουμένως
608 3978 707 4029 καὶ.
734 3979 855 4031 καθ’
886 3981 1103 4046 ἑαυτὸν,
1142 3983 1271 4046 Υἱὸς
1298 3984 1397 4037 τοῦ
1427 3986 1561 4038 Θεοῦ
1605 3989 1718 4040 ἐστι

154 4073 238 4126 τοῦ
270 4075 486 4129 πάντων
513 4075 847 4146 δημιουργοῦ
871 4091 884 4105 ⁸
916 4077 974 4130 ὃν
1018 4078 1073 4131 δὲ
1102 4080 1368 4133 ἀνέλαϐεν.
1409 4083 1715 4152 ἄνθρωπον,

154 4164 213 4215 οὐν
235 4164 392 4232 φύσει
414 4166 547 4227 Θεὸς
580 4165 676 4228 ὣν.
703 4167 791 4221 διὰ
823 4167 915 4220 τὸν
947 4169 1287 4225 ἀναλαϐόντα
1314 4172 1478 4225 αὑτὸν
1501 4173 1717 4244 ἀληθῶς

156 4254 272 4307 Υἰδν
296 4257 453 4322 Θεοῦ,
476 4258 782 4329 ὁμωνύμως
808 4259 955 4330 αὐτῷ
985 4262 1333 4332 χρηματίζει.
1356 4264 1429 4317 Τὸ
1457 4264 1556 4333 μὲν
1575 4266 1682 4336 γὰρ
1700 4308 1714 4331 ,

159 4364 175 4396 ι
202 4347 380 4410 Οὐδεὶς
409 4348 550 4417 ἔγνω
585 4349 687 4403 τὸν-
708 4350 851 4414 Υἱὸν,
883 4351 932 4402 εἰ
966 4352 1041 4423 μὴ
1077 4355 1104 4404 6
1144 4354 1355 4424 Πατὴρ,
1396 4373 1413 4404 ι
1440 4356 1529 4408 τὸν
1558 4356 1716 4424 φύσει

154 4437 344 4491 τέλειον
369 4439 466 4493 καὶ
497 4440 725 4511 ἀληθείᾳ
752 4440 903 4511 δηλοῖ
924 4442 990 4494 ὲκ
1022 4438 1114 4495 τοῦ
1141 4444 1353 4513 Πατρὸς
1381 4444 1527 4499 Υἰόν.
1552 4447 1623 4499 Τὸ
1659 4447 1715 4501 δὲ

1825 3266 2070 3327 guentes,
2107 3271 2279 3326 neque
2302 3257 2442 3310 intra
2464 3256 2604 3311 solos
2629 3257 3044 3327 discrepantium
3078 3264 3391 3309 naturarum

1824 3349 2080 3403 terminos
2126 3350 2502 3405 consistentes.
2560 3347 2637 3401 Ita
2708 3349 2851 3403 enim
2914 3365 2942 3401 a
2994 3348 3217 3402 veritate
3286 3360 3389 3399 non

1822 3436 2180 3505 aberrarent;
2229 3437 2330 3491 alia
2382 3439 2525 3492 enim
2580 3439 2783 3503 carnis,
2840 3438 2941 3491 alia
2996 3452 3181 3491 rursus
3232 3436 3388 3489 Verbi

1820 3534 1903 3578 est
1929 3533 2143 3579 natura.
2193 3526 2263 3579 At
2308 3527 2359 3580 hi
2389 3527 2620 3581 alterum
2662 3541 2906 3581 seorsum
2940 3540 3000 3581 ac
3034 3539 3129 3594 per
3155 3540 3235 3589 se,
3270 3534 3390 3578 tan-

1820 3632 1982 3686 quam
2020 3632 2226 3673 merum
2264 3619 2535 3673 hominem
2582 3628 2863 3685 statuunt;
2911 3617 3137 3672 alterum
3174 3631 3299 3672 vero
3334 3626 3385 3669 ut

1820 3724 2005 3763 verum
2060 3709 2464 3780 naturalemque
2504 3712 2669 3766 Deum
2720 3710 3039 3776 nominant,
3085 3724 3205 3763 cum
3253 3710 3390 3762 inte-

1819 3800 1922 3854 rim
1960 3811 2011 3855 et
2036 3801 2344 3856 Christiano
2377 3802 2594 3855 nomine
2618 3800 2717 3855 sibi
2747 3781 3110 3863 blandiantur,
3140 3808 3194 3852 et
3224 3813 3387 3865 quos-

1820 3892 1941 3945 dam
1970 3908 2181 3962 quoque
2210 3894 2356 3948 hisce
2386 3894 2451 3948 de
2478 3892 2638 3948 rebus
2675 3892 2885 3946 libellos
2942 3891 3384 3958 conseripserint.

1818 3984 1901 4039 Ad
1948 3987 2169 4039 verbum
2221 3996 2400 4040 autem
2451 3987 2591 4039 hunc
2638 3986 2695 4041 in,
2734 3985 2949 4038 modum
2993 3984 3229 4039 scribere
3271 3983 3386 4035 ausi

1819 4084 1991 4129 sunt:
2035 4076 2134 4129 Hic
2170 4077 2435 4145 siquidem
2486 4078 2715 4144 (nempe
2769 4076 2859 4130 Dei
2909 4076 3083 4130 Patris
3112 4073 3386 4142 Verbum)

1820 4176 1981 4217 verus
2007 4172 2061 4217 et
2087 4165 2346 4218 naturalis
2367 4175 2448 4218 est
2474 4164 2641 4216 Filius
2672 4182 2685 4216 :
2721 4164 2807 4217 ille
2838 4180 2963 4218 vero
2989 4165 3137 4234 (puta
3153 4162 3389 4231 Virginis

1821 4255 2019 4323 natus)
2068 4254 2338 4321 :chuivoce
2382 4251 2473 4306 Dei
2517 4251 2684 4306 Filius
2731 4252 2951 4307 dicitur.
2984 4253 3050 4305 Et
3083 4252 3236 4320 paulo
3268 4263 3390 4320 post

1820 4346 2057 4400 iterum:
2115 4347 2311 4415 Utique
2362 4345 2455 4399 Dei
2506 4340 2741 4399 Verbum
2789 4360 2892 4399 non
2942 4355 3023 4398 est
3065 4344 3245 4409 homo,
3294 4343 3387 4398 sed

1821 4436 2092 4491 hominem
2160 4435 2474 4504 assumpsit.
2548 4434 2991 4502 Quandoquidem
3070 4431 3388 4501 Unigenitus

154 4527 426 4599 λεγόμενον
471 4532 575 4585 ὑπὸ
616 4532 713 4585 τοῦ
756 4533 1011 4605 Γαϐριὴλ,
1049 4553 1067 4585 ι
1098 4534 1187 4606 Μὴ
1221 4536 1417 4604 φοϐοῦ,
1454 4539 1705 4608 Μαριάμ’

1827 4530 1919 4579 ‘am
1958 4526 2082 4579 inde
2116 4526 2183 4580 ab
2212 4524 2365 4578 initio
2393 4539 2487 4593 per
2512 4538 2591 4587 se,
2621 4522 2711 4576 Dei
2731 4522 2966 4576 onmium
2985 4521 3193 4592 opiﬁcis
3221 4519 3388 4575 Filius

157 4615 299 4690 εὗρες
326 4624 443 4696 γὰρ.
468 4624 623 4693 χάριν
651 4624 800 4693 παρὰ
828 4625 905 4695 τῷ
931 4626 1050 4697 Θεῷ
1072 4644 1087 4658 ·
1122 4630 1215 4681 καὶ
1246 4629 1354 4681 ἰδοὺ
1386 4629 1629 4701 συλλήψῃ
1656 4631 1713 4683 ὲν

156 4713 357 4781 γαστρὶ,
392 4714 488 4766 καὶ
515 4712 644 4785 τέξῃ
684 4714 817 4778 υἱὸν,
851 4717 944 4768 καὶ
973 4716 1223 4780 καλέσεις
1252 4718 1312 4770 τὸ
1342 4719 1511 4789 ὄνομα
1546 4719 1725 4772 αὑτοῦ

167 4802 384 4869 Ἰησοῦν⁹
408 4823 428 4855 ι
456 4804 533 4875 τῷ
567 4804 840 4877 ἀνθρώπῳ
864 4806 1185 4879 ἐφαρμόζει.
1218 4809 1381 4862 Ἀλλά
1405 4811 1560 4863 ταυτὶ
1590 4811 1709 4879 μὲν,

156 4892 357 4948 ἐκεῖνοι.
378 4896 723 4966 Φρονήσομεν
746 4897 801 4951 δὲ
823 4899 983 4968 ἡμεῖς
1005 4899 1106 4971 οὐχ
1123 4894 1253 4957 ὧδε,
1282 4886 1583 4955 ’Λναπεισει
1608 4902 1713 4972 γὰρ

156 4982 390 5054 οὐδαμῶς
433 4986 545 5039 τῶν
578 4988 898 5059 ἑτεροδόξων
939 4991 966 5042 6
1001 4991 1157 5058 λόγος
1177 5032 1191 5056 ,
1224 4992 1445 5062 τροχιάν
1478 4993 1714 5061 ἀφέντας

156 5072 243 5140 τὴν
266 5075 347 5126 ἐπ’
364 5078 578 5131 εὐθεῖαν
600 5076 613 5127 i
635 5076 976 5149 ,διατρέχειν
995 5078 1019 5117 ιτ
1047 5079 1239 5150 ἑτέραν
1259 5080 1355 5151 τὴν
1375 5080 1479 5146 ἔξω
1508 5082 1710 5136 σκοποῦ

158 5165 241 5216 καὶ
265 5166 715 5241 διεστραμμένην.

1819 4627 1903 4673 est
1931 4637 1944 4671 :
1984 4618 2145 4672 homo
2177 4627 2378 4680 autem,
2402 4630 2563 4683 quem
2587 4617 2847 4685 suscepit,
2880 4631 3000 4670 cum
3027 4624 3218 4671 natura
3247 4615 3391 4668 Deus

1823 4727 1926 4766 non
1961 4711 2048 4776 sit,
2096 4718 2313 4780 propter
2357 4710 2413 4779 6
2445 4724 2568 4763 eum
2604 4725 2631 4763 a
2668 4725 2773 4779 quo
2813 4720 3114 4777 assumptus
3160 4717 3262 4773 est,
3296 4709 3383 4776 qui

1823 4815 1978 4855 verus
2001 4802 2101 4854 Dei
2125 4799 2295 4854 Filius
2320 4810 2422 4864 est,
2455 4801 2645 4855 eodem
2672 4816 2791 4855 cum
2820 4802 2935 4868 ipso
2962 4801 3177 4855 nomine
3205 4800 3386 4871 appel~

1823 4892 1982 4946 latnr.
2034 4893 2212 4959 Quare
2257 4894 2358 4946 hoc
2400 4891 2604 4946 Christi
2656 4892 2935 4946 oraculum
2968 4909 2981 4946 :
3020 4910 3038 4942 ι
3071 4891 3238 4945 Νειηο
3281 4892 3385 4944 scit

1820 4985 1941 5055 quis
1971 4985 2039 5037 sit
2070 4983 2258 5048 Filius,
2297 4984 2399 5037 nisi
2436 4983 2595 5037 Pater
2633 4985 2695 5046 ¹³,
2737 5002 2755 5036 ι
2785 5000 2972 5038 verum
2998 4994 3052 5038 et
3085 4984 3383 5037 naturalem

1819 5079 1912 5134 Dei
1942 5078 2118 5135 Patris
2138 5080 2335 5133 Filium
2366 5080 2619 5134 ostendit.
2660 5080 2727 5133 Λι
2760 5079 2886 5133 illud
2918 5094 3047 5132 vero
3077 5095 3105 5132 a
3136 5078 3384 5133 Gabi-iere

1817 5171 2261 5241 pronuntiatum:
2307 5170 2425 5225 «Ne
2474 5172 2681 5234 timeas,
2729 5169 2914 5235 Maria,
2960 5170 3209 5225 invenisti
3235 5171 3377 5223 enim

159 5261 367 5327 gratiam
404 5267 544 5334 apud
586 5264 792 5329 Deum;
836 5272 889 5319 et
936 5280 1063 5335 ecce
1112 5266 1383 5335 concrpies
1421 5266 1473 5321 in
1526 5277 1701 5335 utero,
1742 5274 1796 5319 et
1824 5266 2005 5334 paries
2069 5264 2234 5318 lilium
2283 5273 2335 5319 et
2412 5265 2630 5319 vocabis
2664 5279 2856 5318 nomen
2890 5264 3005 5335 ejus
3034 5262 3214 5319 Jesum
3251 5265 3313 5327 “',
3357 5284 3374 5317 ι

160 5349 205 5402 in
234 5347 495 5407 hominem
526 5356 772 5423 quadrat.
803 5354 868 5408 Et
913 5355 1027 5411 hare
1081 5356 1154 5411 illi
1186 5356 1465 5411 hactenus.
1497 5354 1604 5409 Nos
1632 5364 1808 5409 autem
1875 5355 1989 5425 ejus
2053 5357 2335 5413 sententia:
2386 5371 2720 5427 nequaquam
2762 5371 2969 5412 sumus.
3029 5356 3375 5421 Absitenim,

239 5502 427 5560 “Luc.
461 5521 516 5568 κ,
551 5506 641 5561 22.
742 5508 785 5539 εδ
807 5506 937 5562 Luc.
972 5524 1009 5573 ι,
1048 5510 1136 5564 50.

1204 5620 1377 5675 Variae
1402 5621 1659 5675 lectiones
1684 5620 1888 5675 codicis
1932 5619 2286 5691 chuieriani.

230 5760 245 5796 ί
276 5760 308 5829 ἦ
336 5777 393 5814 τε
426 5762 516 5818 τοῦ
547 5763 719 5832 Λόγου
750 5762 929 5833 φύσις.
1010 5762 1029 5813 Ῑ
1071 5764 1159 5818 ἐπ’
1195 5764 1342 5818 εὐθύ.
1423 5766 1445 5805 ll
1474 5764 1821 5836 διαστείχειν.
