4056 6334
646 388 776 450 1145

637 610 801 662 scopo
826 597 1172 658 abducentem
1211 604 1352 657 viam
1389 603 1754 675 ingrediantur
1783 606 1821 657 ⁸.

1614 394 1671 447 S.
1713 391 1985 450 CXRILLI
2030 393 2494 450 ALEXANDRINI
2531 395 2852 452 ARClllEP.

637 515 696 558 ιιι
725 507 880 563 aliter
905 510 1254 566 sentientium
1285 514 1459 568 oratio
1503 514 1604 567 huc
1627 529 1724 567 nos
1790 514 2008 568 inducat
2063 525 2118 569 ut
2185 527 2333 571 recta
2366 518 2555 570 semita
2608 518 2816 579 relicta,

3730 385 3866 442 illi

2894 516 3201 577 distortam,
3232 521 3286 566 ct
3327 527 3355 566 ιι
3415 517 3562 566 recto
3619 508 3864 567 veritatis

711 687 816 742 Vll.
857 687 1006 754 Quod
1039 691 1082 744 si
1120 691 1243 760 quis
1278 694 1544 761 prolixum
1577 695 1644 748 de
1681 694 1918 764 qualibet
1961 695 2183 752 istarum

2361 699 2435 749 Z'.
2481 698 2588 751 Καὶ
2633 701 2680 750 εἰ
2727 697 2826 765 μέν
2874 714 2956 758 τις
3000 695 3169 748 ἕλοιτο
3215 693 3420 764 μακρὸν
3459 691 3543 760 ἐφ’
3583 687 3864 742 ἕκαστον1

638 778 947 852 opinionum
1010 797 1370 851 sermonem,
1420 787 1729 859 iustumque
1769 797 1818 841 et
1881 798 2191 843 accuratum

637 883 864 922 examen
897 870 1180 930 instituere
1221 876 1415 938 vellet,
1449 892 1529 930 nae
1565 877 1882 933 immensum
1921 879 2009 936 ille
2059 888 2192 932 tem-

639 973 738 1026 pus
789 962 1104 1029 insumeret,
1157 967 1448 1034 laboreque
1500 971 1763 1028 exhausto
1812 972 2096 1038 praearduo
2131 986 2193 1026 ac

638 1047 836 1108 diliicili
869 1056 1194 1126 superabili,
1242 1059 1327 1116 vix
1374 1061 1651 1128 quidpiam
1697 1061 1873 1118 adhuc
1907 1061 2065 1117 laude
2109 1061 2192 1114 di-

638 1155 799 1207 gnum
830 1155 1129 1210 praestaret.
1173 1147 1340 1216 Nugis
1381 1154 1604 1219 proinde
1662 1153 2028 1220 orationisque
2065 1153 2181 1208 lon-

636 1231 872 1298 gitudine
904 1237 1299 1304 praetertttissis,
1354 1243 1579 1310 agedum
1613 1243 1926 1309 perhrevem
1969 1243 2194 1312 singulis

636 1334 915 1375 censuram
947 1325 1320 1382 adhibeamus.
1349 1331 1411 1384 Et
1434 1333 1606 1402 primo
1630 1330 1847 1399 quidem
1876 1332 1990 1386 istis
2027 1334 2194 1406 phan-

639 1417 922 1470 tasntatum
954 1416 1264 1471 architecns
1301 1420 1422 1487 jure
1452 1422 1554 1474 dici
1604 1433 1765 1490 queat
1811 1439 1824 1476 :
1876 1442 1894 1477 ι
1943 1424 2148 1480 Erratis
2175 1465 2190 1490 ,

638 1502 937 1558 nescientes
969 1506 1275 1571 Scripturas
1305 1510 1387 1573 “’,
1447 1529 1620 1579 neque
1671 1529 1920 1581 magnum
1978 1515 2193 1583 pietatis

637 1595 978 1660 mysterium,
1009 1597 1110 1650 hoc
1131 1610 1212 1654 est
1239 1601 1532 1668 Christum,
1571 1606 1662 1672 qui
1693 1605 2080 1663 tnattil'estatus
2113 1615 2195 1661 est

637 1682 688 1733 in
727 1699 910 1750 rat-ue,
959 1686 1285 1752 justilieatus
1305 1703 1388 1749 est
1425 1694 1475 1747 in
1524 1695 1714 1760 spiritu
1743 1735 1757 1757 ,
1811 1698 2056 1765 apparuit
2101 1714 2192 1750 an-

636 1774 801 1839 gelis,
862 1779 1181 1845 praedicatus
1232 1793 1313 1840 est
1370 1787 1658 1851 gentibus,
1695 1789 1934 1843 creditus
1991 1800 2071 1843 est
2129 1790 2180 1842 in

635 1871 853 1935 mundo,
885 1884 1191 1939 assumptus
1251 1885 1334 1928 est
1381 1875 1432 1928 in
1488 1877 1656 1944 gloria
1719 1877 1782 1930 ¹⁸.
1821 1899 1837 1929 ι
1881 1879 2189 1933 Adverserii

633 1970 812 2012 autem
847 1962 926 2014 vel
963 1973 1170 2030 turpem
1206 1976 1380 2016 notam
1407 1969 1647 2034 antiquis
1680 1967 2042 2034 scriptoribus
2103 1968 2184 2021 in-

2298 789 2566 840 ποιεῖσθαι
2599 787 2776 855 λόγον,
2833 789 2925 840 καὶ
2973 785 3169 856 διαρκῆ
3198 785 3296 854 τὴν
3345 783 3596 852 βάσανον,
3631 783 3732 833 οὐκ
3773 782 3867 832 εὑ-

2297 879 2600 949 αρίθμητον
2629 880 2726 948 μὲν
2754 877 3050 947 δαπανήσει
3075 875 3283 946 χρόνον.
3304 873 3553 942 Δυσαχθῆ
3580 872 3635 924 δὲ
3664 869 3868 939 ἱδρῶτα

2296 974 2388 1027 καὶ
2416 961 2810 1040 δυσδιάφυιὲτον
2847 969 3102 1030 ἀνατλὰς,
3135 965 3469 1037 κατορθώσει
3501 965 3670 1034 μόλις.
3714 963 3867 1030 Παρ-

2298 1062 2446 1125 έντες
2475 1062 2541 1131 δὴ
2568 1058 2660 1116 οῦν
2696 1062 2755 1114 τὸ
2786 1061 2895 1116 δεῖν
2924 1058 3130 1114 οἴεσθαι
3175 1057 3359 1127 μακρὰ
3389 1056 3483 1108 καὶ
3514 1055 3715 1124 σφόδρα
3744 1069 3868 1105 m-

2295 1153 2588 1222 νολεσχεῖν,
2634 1153 2729 1205 καὶ
2765 1152 2952 1220 ὀλίγην
2979 1149 3175 1219 κομιδῇ
3215 1149 3317 1218 τὴν
3363 1147 3589 1217 βάσανον
3646 1145 3866 1215 ὲπιρῥι-

2297 1243 2551 1307 πτοῦντες
2587 1242 2821 1312 ἑκάστῳ,
2889 1241 3019 1310 φέρε
3054 1240 3302 1308 λέγωμεν
3349 1237 3442 1290 καὶ
3485 1235 3588 1311 πρό
3629 1250 3692 1301 γε
3751 1234 3866 1290 τῶν

2296 1333 2470 1388 ἄλλων
2497 1336 2608 1397 τοῖς
2647 1335 2941 1406 Δοκηταῖςο
2996 1351 3013 1382 ι
3053 1331 3361 1398 Πλανᾶσθε,
3414 1328 3489 1400 μὴ
3531 1326 3724 1389 εἰδὸτες
3761 1327 3867 1388 τὰς

2296 1424 2537 1500 Γραφὰς,
2581 1426 2715 1492 μήτε
2765 1423 2870 1492 μὴν
2925 1422 2985 1473 τὸ
3024 1422 3169 1490 μέγα
3209 1420 3304 1489 τῆς
3342 1417 3616 1479 εὐσεϐείας
3649 1417 3866 1486 μυστή-

2301 1532 2434 1584 ριον,
2454 1515 2704 1568 τουτέστι
2730 1513 2983 1584 Χριστὸν,
3009 1514 3065 1575 ὃς
3093 1508 3410 1579 ἐφανερώθη
3433 1511 3490 1560 ἐν
3537 1509 3717 1576 σαρκὶ,
3753 1506 3866 1559 ἐδι-

2295 1605 2507 1680 καιώθη
2557 1607 2615 1658 ὲν
2659 1607 2954 1674 πνεύματι,
2997 1603 3153 1672 ὤφθη
3184 1601 3456 1671 ἀγγέλοις,
3490 1598 3765 1668 ἐκηρύχθη
3806 1599 3869 1651 ἐν

2295 1695 2524 1759 ἔθνεσιν,
2565 1696 2857 1764 ἐπιστεύθη
2909 1696 2965 1747 ὲν
3017 1694 3204 1762 κόσμῳ
3233 1730 3249 1752 ,
3295 1689 3567 1759 ἀνελήφθη
3605 1690 3660 1740 ἐν
3702 1689 3864 1758 δόξῃ.

2282 1789 2412 1847 ⁷Δεῖν
2451 1786 2508 1839 δὲ
2551 1782 2704 1856 οἶμαι
2748 1788 2871 1848 τοὺς
2911 1787 2974 1838 δι’
3028 1784 3273 1845 ἐναντίας
3320 1784 3353 1851 ἦ
3403 1782 3576 1850 ψῆφον
3626 1781 3868 1844 ἐπάγειν

2293 1880 2389 1947 τὴν
2420 1878 2614 1947 αἰσχίω
2642 1880 2754 1938 τοῖς
2798 1876 2986 1939 πάλαι,
3030 1878 3126 1928 καὶ
3167 1874 3530 1944 ψευδηγὸρους
3566 1871 3867 1924 ἀποκαλεῖν

2294 1970 2420 2031 τοὺς
2465 1969 2562 2037 τῆς
2603 1969 2927 2036 οἰκουμένης
2983 1966 3398 2036 μυσταγωγοὺς,
3427 1961 3506 2026 οἷς
3563 1963 3715 2023 αὐτὸς
3753 1961 3864 2029 ἔφη

634 2060 792 2106 urant
824 2061 1064 2119 oportet;
1099 2054 1351 2121 orbisque
1376 2032 1659 2118 doctores,
1712 2032 1905 2122 quibus
1948 2055 2193 2109 Christus

2300 2058 2564 2128 Χριστόςο
2619 2077 2637 2108 ι
2679 2057 3038 2129 Πορευθέντες
3116 2056 3487 2126 μαθητεύσατε
3548 2054 3719 2108 πάντα
3790 2052 3864 2106 τὰ

635 2141 748 2209 ipse
777 2144 1050 2211 praecepit,
1106 2163 1123 2194 ι
1168 2145 1367 2200 Euntes
1397 2147 1604 2199 'doeete
1649 2161 1841 2201 omnes
1880 2157 2067 2216 gentes
2100 2149 2141 2177 ¹⁷
2176 2189 2191 2211 ,

637 2235 902 2287 mendacii
939 2238 1302 2304 redarguunt;
1345 2238 1423 2293 vel
1449 2245 1593 2292 certe
1624 2237 1667 2292 si
1707 2239 1756 2291 id
1796 2239 1975 2292 facere
1995 2239 2192 2292 exhor-

636 2335 809 2388 reant,
843 2335 896 2378 ut
927 2339 1126 2378 reeiam
1169 2329 1231 2378 de
1278 2326 1496 2384 Christo
1544 2327 1858 2382 sententiam
1910 2327 2191 2395 complexi,

634 2430 758 2465 suas
799 2414 1042 2466 inscitius
1096 2415 1274 2467 valere
1323 2414 1589 2481 jubeant;
1672 2416 1976 2483 divinisque
2046 2413 2193 2468 Scri-

635 2506 804 2570 pturis
828 2505 1100 2558 mordicus
1119 2506 1456 2559 :tdltazrentes
1473 2546 1487 2565 ,
1527 2521 1732 2558 necnon
1769 2517 1936 2559 tutam
1956 2507 2190 2560 erroris-

634 2612 736 2661 que
771 2606 1042 2661 CXpCI‘lt‘Ill
1065 2607 1375 2649 Sanctorum
1403 2600 1542 2649 viam
1567 2599 1812 2665 ingressi,
1843 2607 1987 2652 recta
2014 2599 2079 2651 ad
2111 2599 2192 2664 ip-

636 2701 750 2740 sam
780 2687 1051 2739 veritatem
1084 2687 1421 2740 contendant.

711 2775 841 2829 Vlll.
877 2777 1042 2830 Porro
1070 2788 1256 2830 autem
1283 2778 1409 2830 illml
1445 2776 1657 2845 pietatis
1696 2775 2004 2844 mysterium
2050 2775 2194 2827 aliud

636 2867 837 2920 nullum
872 2879 951 2920 est
977 2868 1147 2927 nobis,
1174 2877 1229 2920 ιιι
1261 2868 1470 2935 opinor,
1502 2881 1660 2933 quant
1689 2865 1862 2932 ipsum
1892 2863 1984 2916 Dei
2021 2864 2192 2916 [’atris

639 2957 893 3020 Verbum,
915 2961 1052 3024 quod
1077 2959 1468 3010 manifestatum
1495 2968 1574 3009 est
1605 2957 1654 3006 in
1682 2969 1878 3008 carne:
1901 2954 2187 3022 siquidem,

638 3048 818 3103 servili
851 3049 1019 3101 forma
1045 3059 1339 3114 assumpta,
1369 3064 1430 3101 ex
1460 3063 1615 3104 sacra
1641 3055 1696 3100 et
1733 3048 1946 3114 deipara
1976 3045 2194 3115 Virgine

638 3149 820 3191 natum
839 3138 1135 3193 rst.Visum
1163 3149 1312 3192 estet
1333 3140 1554 3206 angelis,
1587 3154 1707 3190 nam
1730 3147 1782 3191 et
1801 3152 1984 3192 recens
2012 3147 2193 3193 natun

635 3233 874 3284 venerati
905 3242 1050 3297 suut,
1089 3241 1142 3285 et
1171 3231 1504 3299 doxologiam
1535 3231 1676 3282 illam
1707 3249 1723 3279 ι
1751 3229 1932 3284 Gloria
1958 3229 2007 3281 in
2047 3229 2196 3281 altis-

2296 2151 2444 2220 ἔθνηο
2481 2169 2497 2201 ι
2549 2152 2579 2218 ἢ
2624 2151 2779 2218 εἰπερ
2824 2147 2980 2205 τοῦτο
3033 2151 3474 2218 καταπεφρξκασι
3507 2145 3656 2213 δρᾷν,
3715 2141 3866 2213 ὀρθά

2301 2241 2396 2311 μὲν
2428 2241 2641 2293 ἑλέσθαι
2683 2243 2896 2308 φρονεῖν
2928 2243 2995 2292 τὰ
3029 2243 3120 2291 ἐπὶ
3172 2237 3414 2308 Χριστῷ,
3445 2236 3755 2304 φράσαντας
3805 2233 3866 2288 δὲ

2297 2332 2355 2384 τὸ
2385 2332 2798 2402 ἐρρῶσθαιοδεῖν
2829 2335 2947 2393 ταῖς
2990 2332 3136 2399 σφῶν
3165 2330 3341 2382 αὐτῶν
3373 2327 3652 2397 ἀμαθίαις,
3688 2324 3865 2392 ἀπρὶξ

2301 2422 2396 2490 μὲν
2430 2422 2647 2491 ἔχεσθαι
2675 2422 2781 2473 τῶν
2830 2422 2988 2490 ἱερῶν
3021 2421 3390 2490 Γραμμάτων,
3421 2418 3518 2486 τὴν
3550 2415 3602 2468 δὲ
3642 2412 3869 2480 ἀπλανῆ

2297 2513 2403 2566 τῶν
2449 2515 2620 2581 ἁγίων
2667 2513 2948 2580 διάγοντας
2988 2511 3171 2581 τρίϐον
3197 2550 3212 2575 ,
3267 2510 3352 2561 ἐπ’
3394 2506 3559 2574 αὐτὴν
3595 2505 3728 2557 ἰέναι
3759 2503 3867 2571 τὴν

2299 2604 2572 2673 ἀλήθειαν.

2369 2775 2448 2827 Π’.
2469 2776 2564 2843 Εἴη
2590 2775 2696 2842 γὰρ
2733 2773 2796 2825 ἂν
2829 2772 2926 2840 οὐχ
2958 2773 3162 2842 ἕτερον,
3201 2766 3374 2838 οἶμαι,
3399 2769 3448 2820 τί
3478 2767 3536 2817 τὸ
3566 2765 3663 2833 τῆς
3706 2762 3863 2813 εὐσε-

2300 2867 2449 2928 εείας
2501 2864 2878 2936 μυστήριον,ἣ
2932 2861 3092 2923 αὐτὸς
3141 2863 3271 2930 ἡμῖν
3302 2862 3328 2912 ὁ
3371 2861 3434 2910 ὲκ
3465 2854 3599 2909 Θεοῦ
3649 2853 3862 2920 Harpe;

2301 2957 2491 3023 Λόγος,
2531 2955 2587 3015 ὃς
2624 2951 2937 3020 ἐφανερώθη
2970 2954 3026 3002 ὲν
3057 2950 3217 3018 σαρκί
3243 2963 3254 2975 '
3289 2945 3607 3014 γεγέννηται
3634 2943 3742 3010 γὰρ
3772 2940 3863 2992 διὰ

2299 3053 2391 3120 τῆς
2421 3051 2578 3117 ἁγίας
2628 3047 2896 3117 Παρθένου
2943 3046 3033 3098 καὶ
3084 3044 3364 3103 Θεοτύκου,
3411 3037 3622 3109 μορφὴν
3672 3034 3861 3086 δούλου

2298 3140 2498 3195 λαϐὼν.
2534 3139 2709 3208 Ὠφθη
2740 3139 2797 3192 δὲ
2836 3141 2926 3190 καὶ
2972 3131 3318 3201 ἁγγέ).οις,-οἳ
3344 3128 3672 3198 γεννηθέντα
3698 3141 3864 3177 κατα-

2301 3233 2612 3304 γεραὶρουσι
2638 3248 2650 3260 ’
2683 3249 2700 3281 ι
2732 3229 2865 3292 Δόξα
2900 3245 2979 3288 τε,
3013 3226 3192 3294 φασὶν,
3226 3226 3280 3276 ἐν
3309 3222 3552 3289 ὑψίστοις
3595 3216 3738 3285 Θεῷ,
3771 3216 3865 3267 καὶ

639 3322 792 3376 simis
825 3321 954 3384 Deo,
983 3324 1109 3376 etin
1149 3334 1287 3375 terra
1323 3338 1443 3392 pax.
1492 3322 1542 3389 in
1577 3321 1883 3374 hominibus
1912 3321 2052 3373 bona
2107 3334 2193 3372 vo-

2303 3327 2394 3378 ὲπ“ι
2422 3327 2523 3394 γῆς
2550 3325 2758 3394 εἰρήνη,
2783 3324 2837 3374 ὲν
2860 3319 3164 3392 ἀνθρώποις
3191 3316 3424 3370 εὐδοκία.
3454 3333 3471 3364 ι
3498 3313 3611 3365 Καὶ
3642 3311 3748 3380 μὴν
3771 3311 3866 3362 καὶ

639 3413 816 3465 lunias
844 3413 908 3475 ¹⁸,
949 3413 1252 3466 ediderunt.
1310 3414 1470 3464 iidem
1503 3413 1575 3466 illi
1635 3413 1940 3481 pastoribus
1983 3426 2195 3480 quoque

639 3505 803 3558 Deum
838 3505 1068 3560 Verbum
1098 3516 1314 3574 propter
1351 3522 1444 3558 nos
1490 3507 1540 3558 in
1587 3521 1803 3558 Carnem
1851 3504 2060 3557 venisse
2109 3504 2196 3555 de-

639 3595 956 3649 nuntiarunt
995 3613 1007 3647 :
1047 3612 1064 3644 ι
1126 3594 1302 3658 liceo,
1351 3595 1640 3662 inquiunt,
1696 3603 1854 3645 natus
1913 3591 1997 3644 est
2045 3591 2196 3644 vobis

640 3687 795 3740 hodie
827 3687 1097 3748 Salvator,
1127 3689 1323 3754 quiest
1355 3686 1602 3739 Christus
1642 3685 1901 3738 Dominus
1931 3673 2034 3747 ,lin
2067 3683 2201 3735 civi-

642 3788 748 3830 tate
785 3777 968 3830 David.
995 3779 1056 3829 Et
1091 3778 1191 3830 hoc
1229 3778 1332 3829 erit
1360 3777 1508 3829 vobis
1543 3777 1753 3843 signum
1777 3775 1825 3843 7
1858 3793 1869 3828 :
1912 3773 2198 3827 Invenietis

640 3869 898 3922 infantem
933 3871 1122 3936 pﬂtlltls
1149 3870 1444 3923 involutum
1475 3909 1486 3932 ,
1537 3879 1589 3920 et
1619 3869 1849 3933 positum
1893 3867 1943 3918 in
1997 3881 2193 3932 prmse-

641 3963 730 4029 pio
755 3964 819 4012 ‘9.
862 3981 879 4012 ι
901 3962 1030 4015 Cum
1053 3963 1310 4026 ejusmodi
1344 3977 1470 4028 ergo
1509 3960 1596 4012 Dei
1617 3970 1768 4011 ortus
1798 3974 1891 4025 per
1925 3957 2195 4026 Virginem

643 4053 932 4117 exstiterit,
972 4054 1199 4120 talisque
1238 4053 1475 4120 ejusdem
1510 4053 1558 4103 in
1605 4066 1766 4103 carne
1811 4049 2196 4108 manifestatio,

637 4145 906 4211 quomodo
953 4160 1054 4197 non
1093 4160 1280 4211 magna
1342 4140 1582 4204 vanitas,
1631 4153 1886 4205 moraque
1931 4138 2202 4190 temeritas

637 4245 749 4298 est;
783 4235 887 4285 into
914 4249 1037 4285 vero
1061 4233 1325 4300 quomodo
1359 4247 1460 4283 non
1507 4238 1686 4296 aperta
1715 4228 1938 4291 insania,
1970 4241 2200 4278 merum-

639 4341 744 4395 que
792 4325 1041 4378 delirium
1100 4334 1202 4386 est,
1259 4334 1362 4375 tam
1426 4322 1647 4383 illustri,
1711 4331 1924 4386 tamque
1970 4317 2199 4372 evidenti

644 4418 956 4471 ιηιεοιιοηιίευ
987 4417 1307 4485 apparentia:
1330 4430 1523 4467 nomen
1568 4413 1842 4481 imponere
1869 4414 1888 4463 ’ἒ
1920 4411 2206 4463 Enimvero

645 4511 688 4564 si
721 4507 877 4562 Verbi
907 4507 1206 4560 incarnatio
1233 4505 1418 4556 umbra
1450 4514 1550 4568 est,
1582 4513 1671 4554 aut
1711 4517 1794 4554 res
1828 4510 2031 4553 tantum
2067 4500 2200 4550 ima-

646 4601 870 4668 ginaria.
903 4612 999 4652 nee
1026 4596 1186 4661 Virgo
1220 4611 1344 4649 vere
1373 4596 1527 4647 enixa
1557 4604 1660 4653 est,
1700 4608 1828 4660 ergo
1872 4606 2041 4657 neque
2065 4588 2199 4642 Ver-

2302 3418 2412 3476 τοῖς
2443 3413 2662 3482 ποιμέσι
2700 3408 3197 3480 κατασημαίνοντες
3222 3406 3310 3456 τὸν
3345 3403 3408 3455 δι’
3433 3402 3577 3471 ἡμᾶς
3609 3400 3664 3450 ὲν
3701 3398 3866 3466 σαρκὶ

2302 3504 2431 3554 Θεὸν
2454 3502 2645 3569 Λόγον,
2691 3520 2707 3549 ι
2747 3499 2876 3551 Ἰδοὺ
2908 3499 2991 3564 δὴ,
3021 3497 3201 3564 φασὶν,
3239 3490 3501 3559 ἐγεννήθη
3536 3490 3664 3556 ὑμῖν
3699 3489 3867 3554 σήμε-

2306 3609 2395 3662 ρον
2432 3590 2641 3659 Σωτὴρ,
2668 3590 2724 3650 ὃς
2760 3577 2875 3638 ἐστι
2904 3583 3138 3653 Χριστὸς
3163 3581 3384 3651 Κύριος,
3417 3580 3472 3629 ὲν
3497 3577 3649 3627 πόλει
3678 3570 3863 3626 Δαυῖδ.

2303 3684 2410 3735 Καὶ
2429 3681 2584 3734 τοῦτο
2604 3681 2730 3750 ὑμῖν
2754 3679 2813 3730 τὸ
2843 3677 3066 3746 σημεῖον
3088 3692 3099 3704 ·
3134 3673 3408 3743 Εὑρήσετε
3435 3669 3634 3738 βρέφος
3656 3668 3866 3734 ἐσπαρ-

2303 3772 2638 3842 γανωμένον,
2686 3771 2780 3823 καὶ
2815 3769 3066 3837 κείμενον
3111 3767 3165 3817 ὲν
3206 3765 3399 3832 φάτνῃ.
3440 3778 3456 3809 ι
3506 3759 3567 3809 Εἰ
3619 3754 3756 3807 Θεοῦ
3811 3754 3869 3804 δὲ

2302 3864 2457 3924 τόκος
2487 3861 2573 3914 διὰ
2602 3859 2894 3930 παρθένου,
2936 3857 3031 3908 καὶ
3060 3855 3363 3923 φανέρωσις
3400 3852 3456 3900 ἐν
3507 3845 3692 3915 σαρκὶ,
3753 3843 3870 3901 πῶς

2303 3956 2400 4007 οὐκ
2439 3953 2672 4023 ἀδρανὴς
2727 3947 3094 4016 εἰκαιομυθία,
3148 3945 3263 4006 πῶς
3315 3943 3370 3994 δὲ
3403 3941 3519 4008 οὐχὶ
3557 3936 3728 4023 μανία
3775 3935 3872 3987 καὶ

2302 4045 2484 4110 λῆρος,
2515 4041 2574 4091 τὸ
2617 4041 2714 4105 τῆς
2743 4038 3011 4104 δοκήσεως
3038 4034 3206 4097 ὄνομα
3251 4028 3350 4096 τῆς
3382 4026 3524 4078 οὕτω
3558 4021 3770 4089 σαφοῦς
3810 4036 3869 4071 τε

2304 4132 2396 4183 καὶ
2430 4125 2690 4198 ἐναργοῦς
2718 4123 3088 4192 καταγράφειν
3122 4118 3468 4188 οἰκονομίαςς
3512 4115 3572 4166 Εἰ
3601 4114 3712 4182 γὰρ
3747 4111 3872 4163 σκιά

2305 4223 2398 4274 καὶ
2447 4219 2666 4286 δόκησις
2725 4212 2812 4284 ἦν,
2855 4215 2945 4266 καὶ
2993 4210 3115 4264 οὔτε
3151 4210 3427 4279 σάρκωσις
3475 4203 3714 4273 άληθῶς,
3747 4199 3868 4252 οὔτε

2309 4312 2414 4381 μὴν
2444 4308 2721 4377 τέτοκενὴ
2775 4304 3068 4374 Παρθένος,
3103 4301 3202 4353 οὐκ
3232 4296 3524 4350 ἐπελάϐετο
3557 4293 3870 4362 σπέρματος

2319 4402 2567 4471 Ἀϐραὰμ
2588 4403 2614 4452 ὸ
2640 4401 2702 4450 ὲκ
2729 4397 2861 4449 Θεοῦ
2888 4395 3099 4463 Πατρὸς
3127 4393 3315 4458 Λόγος,
3348 4389 3443 4457 οὐχ
3470 4383 3732 4454 ὡμοιώθη
3759 4383 3871 4440 τοῖς

2306 4493 2569 4558 ἀδελφοῖς.
2602 4489 2735 4541 Σκιὰ
2758 4495 2852 4527 ἰ’-ο
2883 4487 3092 4555 γὰρ,οὺ
3130 4483 3299 4543 τύπος
3356 4481 3423 4531 τὰ
3474 4477 3596 4531 καθ’
3628 4475 3802 4544 ἡμᾶς,
3836 4471 3868 4538 ἦ

2305 4586 2544 4653 δόκησις·
2580 4583 2692 4634 ἀλλ’
2719 4591 2742 4617 ο
2777 4581 2942 4649 ὲσμὲν
2957 4580 3012 4630 ὲν
3032 4577 3278 4646 σώμασιν
3309 4574 3499 4633 ἁπτοῖς
3525 4585 3584 4621 τε
3621 4567 3718 4617 καὶ
3746 4567 3869 4632 ὁρα-

650 4689 797 4751 bmn,
837 4688 974 4755 quod
1017 4702 1078 4738 ex
1128 4687 1231 4738 Deo
1283 4683 1439 4737 Patre
1477 4683 1694 4750 prodiit,
1737 4697 1916 4734 semen
1972 4678 2193 4731 Abrahn:

2306 4678 2450 4736 τοῖς,
2495 4674 2587 4726 καὶ
2628 4672 2727 4742 τὴν
2773 4671 2976 4738 γηγενῆ
3014 4669 3078 4735 δὴ
3126 4665 3548 4733 ταύτην⁹σὰρκα
3589 4675 3870 4727 κατημφι·

644 4776 992 4844 apprehendit
1027 4816 1040 4836 .
1099 4790 1271 4842 neque
1319 4772 1575 4827 fratribus
1616 4769 1972 4824 assimilatum
2017 4777 2099 4821 est
2130 4768 2196 4819 9°.

2307 4767 2540 4835 εσμένοι,
2574 4765 2667 4816 καὶ
2692 4762 2892 4832 φθορᾶς
2925 4761 3016 4813 καὶ
3047 4759 3232 4814 παθῶν
3265 4753 3573 4826 ἡττώμεθα.

643 4872 853 4924 Etenim
885 4888 1001 4941 quae
1029 4872 1077 4922 in
1109 4871 1260 4922 nobis
1290 4878 1602 4929 cernuntur,
1637 4880 1696 4916 ea
1738 4879 1835 4916 nec
1878 4875 2050 4931 typus,
2089 4876 2185 4912 nec
2227 4864 2434 4925 umbra,
2470 4875 2567 4913 nec
2624 4866 2892 4926 spectrum
2939 4865 3082 4918 sunt,
3150 4853 3242 4907 sed
3277 4851 3494 4909 veritas,
3530 4855 3580 4901 et
3610 4861 3701 4898 res
3735 4846 3868 4910 ipsa.

649 4964 891 5016 Vivimus
935 4977 1164 5030 namque
1207 4963 1258 5014 in
1302 4960 1616 5026 corporibus
1646 4997 1658 5019 ,
1703 4970 1821 5024 qum
1859 4965 1913 5007 et
1964 4954 2103 5023 tangi
2153 4963 2205 5007 et
2245 4952 2413 5007 videii
2485 4961 2737 5020 possunt;
2782 4959 3099 5015 terrenaque
3167 4960 3331 4999 carne
3387 4939 3584 5001 vestiti,
3632 4938 3873 4991 interitui

657 5055 977 5120 cretei-isque
1003 5054 1348 5121 passionibus
1387 5049 1606 5117 subjecti
1632 5061 1836 5101 sumus.

720 5147 806 5202 IX.
852 5147 1014 5214 Igitur
1051 5149 1092 5199 si
1128 5147 1216 5199 Dei
1258 5145 1488 5200 Verbum
1524 5158 1649 5196 caro
1699 5143 1896 5193 factum
1941 5155 2041 5192 non
2079 5148 2159 5192 est
2189 5179 2203 5202 ,

648 5256 768 5296 cum
823 5254 920 5290 nee
951 5240 998 5290 in
1046 5253 1111 5290 e0
1138 5238 1281 5304 quod
1324 5236 1597 5297 StISIinuit,
1653 5243 1912 5284 tentatum
1951 5231 2055 5291 sit,
2098 5247 2199 5282 non

724 5398 764 5426 ⁸⁵
790 5396 969 5446 Matth.
1013 5395 1262 5453 xxn,‘l9.
1377 5393 1414 5419 ’θ
1475 5392 1488 5441 l
1551 5388 1691 5441 Tim.
1747 5405 1827 5451 ιιι,
1890 5389 1971 5438 lli.

649 5468 695 5500 ¹⁰
725 5467 880 5520 llebr.
919 5482 973 5525 ιι,
1015 5464 1192 5525 16,17

2081 5386 2121 5416 ”
2151 5384 2332 5436 Matth.
2369 5399 2558 5447 xxvuu,
2616 5382 2699 5434 19.

3839 5116 3864 5138 τ

2384 5140 2457 5190 Θ’.
2503 5136 2714 5208 Οὐκοῦν
2750 5137 2797 5186 εἰ
2826 5135 2899 5203 μὴ
2929 5133 3117 5200 γέγονε
3158 5131 3290 5200 σὰρξ
3328 5133 3355 5181 ὁ
3383 5127 3573 5194 Λόγος,
3596 5126 3721 5178 οὐδὲ
3744 5127 3800 5176 ἐν
3832 5126 3876 5189 ᾤ

2316 5228 2579 5281 πέπονθεν
2630 5225 2787 5287 αὐτὸς
2838 5223 3172 5293 πειρασθεὶς,
3209 5222 3430 5273 δύναται
3465 5221 3577 5279 τοῖς
3615 5217 3874 5286 πειραζο·

2806 5381 2847 5410 ¹⁸
2909 5379 3035 5434 Luc.
3072 5394 3128 5442 ιι,
3159 5376 3242 5432 M.
3361 5373 3400 5405 "
3458 5374 3584 5426 ibid.
3646 5373 3732 5436 Η,
3787 5373 3870 5427 19..

1729 5590 1896 5644 Varia:
1925 5592 2178 5644 lectiones
2202 5593 2399 5646 codicis
2429 5589 2773 5662 Seguieriani.

725 5755 744 5795 λ
775 5758 1003 5822 ἐκὰπτῳ.
1082 5761 1116 5785 ἠ
1151 5758 1172 5784 η
1212 5751 1370 5813 ἴσως,
1395 5748 1451 5798 οὔ
1487 5747 1623 5799 σκιά.

1710 5754 1730 5774 ο
1769 5748 1889 5799 37‘5-
1919 5750 2021 5817 Ἰάρ
2053 5747 2165 5800 "51'-
2206 5767 2303 5801 που
2345 5749 2410 5800 τὰ
2447 5748 2561 5800 καθ’
2595 5747 2759 5815 ἡμᾶς,
2797 5743 2931 5796 ἀλλ’.
