4056 6334
173 379 311 435 1115

1119 381 1204 436 DE
1241 379 1469 436 RECTA.
1507 378 1685 444 FIDE,
1728 378 1822 434 AD
1860 379 2310 438 THEODOSIUM
2348 379 2488 436 IMP.

3265 389 3399 444 1116

170 493 352 559 μένοις
380 491 664 562 βοηθῆσαι.
691 495 825 547 Οὐδέ
852 495 957 565 γὰρ
986 494 1049 548 ἄν
1077 513 1127 548 τι
1151 497 1313 551 πάθοι
1346 497 1493 560 σκιὰ,
1520 497 1714 564 οἴχεται

1825 507 2000 568 potest
2021 499 2100 554 iis
2131 500 2221 568 qui
2248 507 2526 553 tentantur
2549 511 2708 567 opem
2735 496 2902 555 ferre.
2937 499 3223 572 Siquidem
3254 507 3399 561 nulla

167 583 230 651 δὴ
265 580 360 635 οῦν
393 583 450 637 τὸ
482 583 704 653 σύμπαν
739 586 869 655 ἡμῖν
898 587 977 650 είς
1004 587 1064 639 τὸ
1095 587 1260 658 μηδὲν
1304 587 1540 656 ἀληθῶς.
1573 589 1730 640 Ποῖον

167 674 272 743 γὰρ
312 674 392 726 ἔτι
436 674 604 728 νῶτον
651 675 880 730 δέδωκεν
923 679 1060 750 ὑπὲρ
1094 680 1280 751 ήμῶν;
1336 681 1371 750 ἢ
1413 682 1571 734 ποίαν
1618 685 1730 742 τοῖς

167 766 389 820 παίουσι
421 767 656 838 παρειὰν
688 769 1065 841 ὑποστρώσας,
1099 773 1235 843 πρὸς
1261 773 1358 836 τὰς
1386 775 1448 826 ἐκ
1468 773 1572 826 τῶν
1607 775 1730 827 Ἰου-

163 856 331 909 δαίων
368 857 707 929 διεκαρτέρει
755 860 1000 932 πληγάςς
1059 863 1210 933 ἥλοις
1254 865 1310 917 δὲ
1361 864 1729 934 διαπεπάρθαι

164 947 353 1016 χεῖράς
380 965 440 1002 τε
469 950 565 1004 καὶ
593 951 758 1014 πόδας
776 952 866 1004 τὸν
894 953 993 1005 οὐκ
1014 955 1070 1006 ἐν
1095 957 1260 1023 σαρκὶ
1285 955 1582 1023 πεφηνότα,
1608 956 1728 1008 τίνα

165 1037 228 1108 δὴ
255 1039 458 1107 τρόπον
485 1041 692 1112 οίηθείη
719 1061 800 1106 τις
829 1043 928 1108 ᾶνς
979 1043 1012 1114 ἦ
1046 1045 1224 1106 ποίαν,
1255 1046 1378 1099 εἰπέ
1414 1063 1528 1116 μοι,
1569 1047 1728 1098 πλευ-

167 1126 267 1194 ράν
311 1129 689 1193 διανύττοντες
718 1133 767 1186 οἱ
825 1133 1059 1188 Πιλάτου
1086 1135 1396 1207 δορυφόροι,
1438 1137 1498 1188 τὸ
1548 1136 1726 1205 τίμιον

164 1212 301 1286 αἷμα
331 1221 729 1285 συναναϐλύζον
749 1221 901 1277 ὕδατι
923 1228 1033 1288 τοῖς
1059 1225 1350 1296 θεωμένοις
1372 1227 1722 1298 παρέδειξανς

164 1311 273 1364 Καὶ
313 1314 363 1364 εί
396 1313 500 1383 χρὴ
536 1314 741 1368 τούτων
774 1316 834 1368 τὸ
858 1317 1113 1370 ἐπέκεινα
1141 1317 1340 1389 λέγειν,
1366 1317 1490 1372 οὔτε
1523 1319 1724 1372 ἀπέθα-

163 1419 249 1454 νεν
281 1403 423 1475 ὑπὲρ
456 1405 634 1476 ἡμῶν,
677 1405 799 1458 οὔτε
841 1407 946 1476 μὴν
983 1409 1324 1480 ἐγήγερταιό
1357 1411 1610 1480 Χριστός.
1649 1406 1724 1465 06

161 1493 594 1562 παραᾶχθέντος
639 1497 719 1558 εἰς
756 1496 1033 1566 ἀλήθειαν,
1080 1498 1376 1552 κεκένωται
1419 1499 1516 1567 μὲν
1564 1500 1595 1567 ἡ
1635 1501 1723 1552 πί-

163 1599 299 1645 στις,
337 1585 544 1654 οἴχεται
581 1585 637 1637 δὲ
685 1588 714 1637 ὁ
751 1588 1007 1654 σταυρὸς,
1033 1589 1066 1656 ή
1101 1588 1194 1639 τοῦ
1243 1590 1444 1658 κόσμου
1482 1591 1722 1659 σωτηρία

163 1675 250 1724 καὶ
286 1673 425 1743 ζωὴ,
449 1677 538 1726 καὶ
567 1676 779 1729 διόλωλε
807 1677 1086 1739 παντελῶς
1121 1681 1153 1747 ὴ
1186 1679 1293 1730 τῶν
1327 1683 1383 1732 ἐν
1418 1680 1596 1734 πίστει
1629 1698 1721 1733 κε-

162 1765 512 1833 κοιμημένων
537 1767 710 1830 ἐλπίς.
742 1763 812 1821 Εῦ
863 1769 968 1838 γὰρ
1009 1763 1110 1822 ὧδε
1148 1770 1289 1839 ἔχειν
1320 1773 1489 1824 ἐδόκει
1528 1773 1620 1825 καὶ
1646 1771 1722 1839 τῷ

163 1854 418 1924 μακαρίῳ
458 1855 688 1926 Παύλῳο
727 1875 743 1907 ι
775 1859 1072 1928 Παρέδωκα
1111 1859 1220 1928 γὰρ
1261 1861 1406 1930 ὑμῖν,
1441 1861 1626 1930 φησιν,
1663 1863 1720 1913 ἐν

160 1941 417 2009 πρώτοις,
463 1944 491 1996 ὃ
536 1947 628 1998 καὶ
675 1947 1003 2017 παρέλαϐον,
1045 1950 1126 2002 ὅτι
1178 1951 1409 2020 Χριστὸς
1451 1951 1720 2005 ἀπέθανεν

161 2033 296 2104 ὑπὲρ
331 2033 442 2085 τῶν
495 2037 777 2107 ἁμαρτιῶν
813 2040 969 2108 ἡμῶν
1006 2041 1143 2094 κατά
1190 2041 1287 2106 τὰς
1338 2044 1578 2112 Γραφὰς,
1627 2045 1721 2096 καὶ

157 2124 236 2173 ὅτι
264 2123 460 2194 ἐτάφη,
515 2127 607 2178 καὶ
657 2127 738 2180 ὅτι
789 2129 1079 2199 ἐγήγερται
1124 2133 1192 2201 τῇ
1235 2132 1415 2202 ἡμέρᾳ
1459 2135 1524 2202 τῇ
1563 2133 1718 2201 τρίτῃ

157 2215 296 2266 κατὰ
333 2214 432 2279 τὰς
465 2217 705 2286 Γραφάς,
759 2221 850 2273 καὶ
896 2221 976 2272 ὅτι
1007 2221 1160 2293 ὤφθη
1214 2225 1398 2292 Κηφᾷ,
1443 2220 1560 2276 εἶτα
1606 2229 1719 2288 τοῖς

154 2303 364 2358 δώδεκα
385 2324 396 2336 ·
434 2306 626 2361 ἔπειτα
657 2308 810 2380 ὤφθη
851 2311 1036 2364 ἐπάνω
1071 2315 1441 2377 πεντακοσίοις
1471 2316 1719 2385 ἀδελφοῖς

154 2395 392 2460 ἐφάπαξ,
424 2399 481 2463 ἐξ
521 2393 594 2453 ὧν
633 2402 681 2452 oi
726 2401 941 2465 πλείους
977 2403 1224 2472 μένουσιν
1265 2404 1368 2467 ἕως
1400 2407 1543 2474 ἄρτι,
1578 2409 1720 2470 τινὲς

151 2486 204 2536 δὲ
240 2489 334 2539 καὶ
369 2490 770 2559 ἐκοιμήθησαν·
803 2491 989 2545 ἔπειτα
1028 2493 1184 2562 ὤφθη
1231 2494 1488 2564 Ἰακώϐῳ,
1529 2496 1718 2550 ἔπειτα.

156 2580 264 2639 τοῖς
299 2582 622 2642 ἀποστόλοις
653 2587 816 2635 πᾶσιν
836 2601 850 2615 ·
883 2586 1108 2651 ἔσχατον
1139 2586 1196 2634 δὲ
1235 2586 1449 2636 πάντων
1481 2587 1718 2654 ὡσπερεὶ

152 2671 223 2739 τῷ
249 2673 584 2743 ἐκτρώματι,
611 2674 764 2746 ὤφθη
791 2677 976 2743 κάμοί.
1011 2697 1028 2727 ι
1055 2676 1164 2728 Καὶ
1195 2675 1312 2746 μεθ’
1340 2677 1501 2747 ἐτερα
1526 2678 1716 2729 πάλινο

159 2783 174 2811 ι
213 2763 270 2814 1⁸21
304 2764 359 2814 δὲ
394 2765 626 2834 Χριστὸς
652 2766 1004 2837 κηρύσσεται,
1030 2767 1113 2819 ὅτι
1158 2769 1220 2819 ἐκ
1249 2768 1456 2837 νεκρῶν
1491 2769 1719 2841 ἐγήγερ-

149 2867 256 2915 ται,
302 2852 421 2913 πῶς
459 2853 706 2921 λέγουσιν
740 2857 795 2906 ἐν
828 2856 957 2924 ὑμῖν
986 2873 1154 2918 τινες,
1193 2856 1274 2908 ὅτι
1308 2857 1600 2919 ἀνάστασις
1631 2875 1717 2910 νε-

153 2941 296 3007 κρῶν
327 2943 428 2995 οὐκ
462 2943 646 3010 ἔστιν;
693 2947 740 2997 εί
769 2946 826 2998 δὲ
861 2946 1157 3009 ἀνάστασις
1188 2947 1397 3017 νεκρῶν
1423 2948 1521 3001 οὐκ
1551 2947 1718 3010 ἐστιν,

147 3037 260 3087 οὐδὲ
294 3036 529 3106 Χριστός
555 3039 849 3107 ἐγήγερται
877 3055 889 3067 ·
931 3040 978 3090 εἰ
1006 3038 1061 3090 δὲ
1097 3038 1329 3108 Χριστὸς
1355 3039 1453 3092 οὐκ
1483 3041 1718 3111 ἐγήγερ-

1835 592 1886 646 in
1919 592 2163 645 umbram
2213 591 2392 659 passio
2420 590 2617 646 cadere
2667 601 2862 659 petest,
2900 594 3069 662 atque
3105 596 3176 648 ita
3211 598 3394 651 omnia

1831 697 1950 750 qua:
1975 681 2163 736 salutis
2203 690 2400 734 nostra:
2427 695 2589 736 causa
2624 681 2763 736 facta
2807 695 2952 746 sunt,
2985 701 3112 739 vere
3167 687 3222 739 in
3257 688 3400 739 nihi-

1831 774 1939 828 lum
1973 772 2232 826 recident.
2261 769 2392 824 Nam
2419 771 2576 840 quale
2611 771 2857 836 dorsum,
2889 791 3096 842 quaeso,
3120 790 3218 844 pro
3243 778 3402 831 nobis

1828 862 2138 918 cmdendum
2189 859 2416 930 przebuit
2455 862 2548 916 "7
2595 871 2686 916 aut
2728 864 2918 932 quales
2972 867 3401 933 pereutientibus

1828 952 2290 1022 genasexhibuit?
2329 962 2421 1005 aut
2473 955 2742 1020 quomodo
2787 955 2854 1009 ad
2916 954 3226 1012 Judmorum
3281 973 3400 1012 ver-

1827 1042 1954 1096 bera
1990 1041 2204 1096 fortiter
2233 1043 2516 1111 perstitit?
2581 1054 2676 1098 aut
2733 1044 3032 1112 cuiusmodi
3082 1063 3272 1102 manus
3308 1059 3403 1104 aut

1825 1133 1990 1203 pedes
2017 1133 2184 1188 clavis
2221 1134 2436 1201 pervios
2469 1135 2652 1189 habuit
2685 1135 2708 1188 ?
2747 1147 2839 1190 aut
2876 1138 3034 1205 quale
3062 1138 3202 1193 latus
3239 1137 3400 1192 Pilati

1826 1226 2087 1280 satellites
2150 1225 2516 1292 perfodientes
2568 1227 2866 1294 pretiosum
2927 1231 3246 1298 sanguinem
3294 1247 3400 1287 una

1825 1332 1944 1370 cum
1979 1330 2115 1384 aqua
2158 1315 2412 1370 liuentem
2449 1318 2802 1371 cernentibus
2832 1321 3186 1374 ostenderunt
3214 1322 3260 1352 ”
3290 1322 3313 1374 ?
3339 1323 3402 1375 Et

1824 1417 1881 1459 ut
1918 1407 1998 1460 his
2037 1406 2266 1474 amplius
2305 1407 2561 1476 quiddam
2607 1408 2780 1459 dicam
2817 1422 2832 1460 :
2866 1408 2976 1462 Nec
3023 1425 3148 1463 vere
3187 1426 3400 1478 quoque

1823 1513 1919 1564 pro
1946 1498 2096 1550 nobis
2121 1509 2346 1551 mortem
2378 1498 2603 1566 oppetiit
2635 1498 2886 1552 Christus
2913 1500 3192 1566 Dominus,
3225 1516 3400 1569 neque

1821 1600 1884 1638 ex
1903 1585 2127 1638 mortuis
2142 1587 2505 1640 exsuscitatus
2523 1598 2622 1641 cst.
2646 1587 2755 1640 lloc
2770 1597 2946 1641 autem
2963 1605 3247 1651 concesso,
3265 1591 3398 1644 ﬁdes

1824 1686 2005 1730 nostra
2056 1677 2210 1743 plane
2252 1678 2569 1743 evanescit;
2627 1681 2691 1730 ad
2749 1679 2861 1732 haec
2910 1694 3041 1733 crux
3071 1721 3087 1745 ,
3151 1698 3272 1750 quae
3313 1692 3398 1735 est

1826 1769 2008 1820 mundi
2057 1766 2203 1820 salus
2255 1776 2309 1821 et
2356 1768 2462 1818 vita
2499 1807 2514 1830 ,
2567 1769 2791 1831 interit;
2837 1771 3021 1824 interit
3067 1772 3301 1840 denique
3342 1783 3397 1826 et

1825 1859 2315 1926 uuiversaquoquc
2351 1857 2560 1910 illorum
2625 1858 2817 1911 fiducia
2871 1861 2960 1927 qui
3013 1863 3064 1913 iu
3111 1861 3214 1915 fide
3268 1864 3395 1917 dor-

1826 1950 2079 2002 inierunt.
2124 1949 2234 2003 Hoc
2273 1964 2502 2016 namque
2542 1959 2688 2002 recte
2737 1951 2858 2003 hinc
2905 1953 3200 2022 consequi,
3232 1962 3286 2007 et
3315 1955 3395 2008 di-

1824 2043 1946 2092 vino
1976 2056 2186 2109 quoque
2217 2040 2382 2094 Paulo
2405 2040 2575 2092 visunt
2614 2040 2747 2106 fuit;
2780 2042 2853 2094 ait
2885 2057 3118 2111 namque
3146 2059 3158 2095 :
3192 2063 3210 2095 ι
3253 2044 3393 2098 Tra-

1823 2131 1929 2181 didi
1957 2132 2099 2182 enim
2128 2131 2276 2181 vobis
2307 2131 2356 2181 iu
2393 2129 2601 2195 primis,
2633 2132 2775 2195 quod
2809 2140 2864 2183 et
2891 2133 3070 2200 accepi
3098 2148 3111 2184 :
3139 2134 3392 2202 quoniam

1821 2221 2068 2275 Christus
2121 2231 2366 2273 mortuus
2418 2230 2502 2274 est
2543 2236 2636 2287 pro
2659 2222 2894 2290 peccatis
2945 2224 3148 2277 nostris
3200 2239 3393 2278 secun-

1822 2315 1944 2366 dum
1971 2311 2307 2378 Scripturas;
2355 2320 2409 2364 ct
2447 2313 2572 2378 quia
2622 2312 2864 2379 sepultus
2909 2322 3028 2377 est,
3062 2323 3118 2367 et
3154 2315 3277 2384 quia
3302 2329 3390 2367 re-

1821 2406 2059 2456 surrexit
2111 2404 2266 2456 tertia
2305 2403 2392 2457 die
2438 2403 2732 2457 secundum
2787 2403 3132 2472 Scripturas;
3175 2415 3229 2459 et
3266 2405 3391 2472 quia

1822 2497 1968 2548 visus
1999 2506 2078 2548 est
2099 2495 2312 2564 (Iephte,
2339 2507 2392 2549 ct
2422 2505 2541 2563 post
2569 2496 2672 2548 hoc
2699 2496 2946 2547 undecim
2975 2513 2988 2548 :
3017 2496 3210 2550 deinde
3247 2499 3394 2552 visus

1820 2596 1903 2636 est
1933 2586 2213 2650 plusquam
2237 2583 2547 2649 quingentis
2579 2583 2839 2634 fratribus
2867 2582 3064 2649 simul;
3095 2597 3160 2636 ex
3184 2585 3386 2652 quibus

1821 2671 1970 2725 multi
2011 2680 2230 2724 manent
2264 2685 2435 2738 usque
2467 2671 2662 2732 adhuc,
2693 2673 2909 2740 quidam
2936 2684 3118 2728 autem
3157 2676 3394 2730 dormie-

1821 2772 1946 2817 runt
1981 2779 1994 2814 :
2031 2761 2226 2814 deinde
2272 2761 2415 2814 visus
2476 2771 2556 2816 est
2612 2771 2668 2815 et
2710 2761 2952 2826 .lacobo,
3016 2765 3211 2819 deinde
3262 2780 3394 2835 apo-

1821 2851 1974 2906 stolis
1995 2851 2246 2903 omnibus
2279 2867 2291 2901 :
2323 2849 2613 2902 novissime
2645 2860 2824 2902 autem
2854 2850 3096 2904 omnium
3135 2861 3390 2920 tanquam

1823 2939 2073 2995 abortivo
2108 2938 2256 2992 visus
2284 2947 2366 2990 est
2409 2946 2464 2989 et
2511 2938 2640 2990 mihi
2684 2939 2752 2992 ³³.
2803 2957 2820 2988 ι
2878 2938 2944 2992 Et
2993 2940 3181 3006 paucis
3225 2941 3392 2993 inter-

1817 3033 2014 3103 iectis:
2056 3050 2074 3081 ‹
2130 3030 2186 3084 Si
2236 3039 2414 3083 autem
2455 3028 2705 3082 Christus
2756 3030 3080 3096 prazdicatur
3141 3032 3198 3101 8
3245 3031 3388 3100 quod

148 3145 254 3189 ται,
292 3129 452 3180 κενὸν
505 3129 610 3200 ἆρα
655 3129 715 3181 τὸ
749 3131 1008 3200 κήρυγμα
1054 3129 1228 3199 ἡμῶν.
1265 3130 1411 3201 Κενὴ
1447 3132 1505 3185 δὲ
1540 3135 1630 3185 καὶ
1677 3137 1711 3203 ἡ

1822 3123 2123 3182 resurrexit
2151 3140 2179 3174 a
2225 3122 2476 3185 mortuis,
2533 3121 2802 3188 quomodo
2852 3123 3067 3191 quidam
3113 3125 3303 3177 dicunt
3338 3123 3390 3176 in

149 3221 324 3283 πίστις
356 3222 531 3292 ἡμῶν,
561 3223 930 3292 εὑρισκόμεθα
956 3222 1012 3274 δὲ
1036 3223 1129 3274 καὶ
1149 3222 1590 3294 ψευδομάρτυρες
1616 3225 1708 3277 τοῦ

147 3311 296 3375 Θεοῦ,
319 3312 402 3364 ὅτι
436 3314 894 3384 ἐμαρτυρήσαμεν
927 3313 1067 3367 κατά
1093 3312 1184 3365 τοῦ
1215 3311 1370 3376 Θεοῦ,
1406 3315 1486 3368 ὅτι
1522 3316 1708 3386 ἡγειρε

146 3400 231 3451 τὸν
259 3402 512 3470 Χριστὸν,
548 3403 606 3453 ὃν
648 3404 748 3454 οὐκ
781 3404 1023 3472 ἤγειρεν,
1064 3404 1222 3472 είπερ
1257 3403 1366 3474 ἄρα
1394 3407 1577 3474 νεκροὶ
1611 3407 1710 3458 οὐκ

147 3490 460 3560 ἐγείρονται.
499 3512 516 3542 ι
552 3493 782 3562 Τεθναίη
813 3493 922 3563 γὰρ
950 3492 1036 3559 ἂν,
1057 3495 1178 3546 εἰπέ
1205 3510 1314 3561 μοι,
1342 3494 1462 3547 τίνα
1489 3494 1552 3564 δὴ
1584 3496 1708 3564 τρό-

146 3595 238 3654 πον
268 3582 299 3650 ἡ
336 3581 494 3646 σκιά;
529 3582 646 3647 πῶς
674 3580 766 3637 οὖν
799 3583 1063 3654 ἀνέστησε
1092 3584 1182 3637 τὸν
1210 3585 1442 3653 Χριστὸν
1465 3587 1491 3636 ό
1520 3586 1710 3653 Πατὴρ

148 3651 295 3727 σκιὰν
318 3676 452 3729 ὄντα
487 3678 580 3728 καὶ
628 3675 867 3746 δόκησιν,
911 3676 1004 3728 καὶ
1049 3677 1162 3738 τοῖς
1203 3675 1298 3728 τοῦ
1350 3675 1581 3728 θανάτου
1623 3675 1708 3728 δε-

146 3769 294 3831 σμοῖς
323 3767 424 3835 οὐχ
455 3766 758 3836 ἀλώσιμον;
789 3767 1029 3836 Οξχέσθω
1057 3767 1120 3836 δὴ
1151 3763 1243 3820 οὖν
1270 3768 1299 3819 ὁ
1325 3769 1547 3822 ἐκείνων
1578 3771 1707 3838 ἐμε-

144 3852 245 3917 τὸς,
281 3855 454 3926 μύθου
487 3856 542 3908 δέ
571 3857 766 3918 ἄλλως,
804 3858 897 3908 καὶ
947 3856 1161 3909 ἀνοσίου
1216 3855 1411 3926 βουλῆς
1447 3859 1702 3926 ’ἀποδρά-

145 3924 315 4016 σματᾶ
354 3948 424 4000 τά
454 3949 581 4015 παρ’
625 3949 804 4007 αὐτοῖς
834 3959 860 3994 ι)
885 3947 1186 4016 ἡγούμεθα.
1219 3948 1355 4009 Τοὺς
1387 3948 1493 4016 γὰρ
1529 3951 1703 4002 τοιού-

142 4053 257 4099 τους
304 4039 439 4106 ἡμῖν
494 4035 940 4106 προκαταμηνύει
988 4035 1212 4104 γράφων
1261 4038 1354 4086 τοῦ
1385 4039 1637 4105 Σωτῆρος
1671 4042 1702 4090 ὀ

145 4128 404 4198 μαθητής·
443 4145 463 4179 ι
500 4129 618 4181 Ὀτι
642 4126 824 4180 πολλοὶ
850 4126 1292 4197 ψευδοπροφῆται
1318 4126 1700 4194 ἐξεληλύθασιν

144 4222 217 4282 εἰς
248 4221 336 4272 τὸν
387 4221 605 4289 κόσμον.
657 4221 744 4272 Ἐν
785 4220 958 4288 τούτῳ
1002 4221 1324 4287 γινώσκεται
1363 4219 1422 4272 τὸ
1478 4220 1698 4290 Πνεῦμα

141 4312 227 4363 τοῦ
261 4313 417 4376 Θεοῦ.
463 4314 576 4365 Πᾶν
617 4311 829 4381 πνεῦμα
861 4311 888 4363 ὃ
918 4312 1166 4379 ὁμολογεί
1228 4309 1431 4380 Ἰησοῦν
1466 4311 1698 4381 Χριστὸν

142 4405 194 4454 ἐν
239 4404 402 4474 σαρκὶ
448 4402 762 4471 ἐληλυθότα,
821 4405 884 4454 ὲκ
923 4400 1013 4454 τοῦ
1073 4402 1210 4453 Θεοῦ
1266 4403 1401 4454 ἐστι.
1437 4403 1542 4454 Καὶ
1587 4403 1694 4457 πᾶν

1813 3220 1990 3281 vobis,
2028 3215 2294 3284 quoniam
2345 3213 2674 3267 resurrectio
2722 3223 3059 3268 mortuorum
3109 3230 3214 3268 non
3256 3216 3390 3269 est?

1814 3317 1908 3370 Sin
1940 3322 2122 3367 autem
2149 3311 2480 3364 resurrectio
2513 3318 2848 3363 mortuorqu
2885 3325 2986 3362 non
3045 3319 3168 3372 est,
3216 3325 3390 3380 neque

1810 3407 2060 3464 Christus
2091 3404 2410 3457 resurrexit.
2443 3401 2498 3454 Si
2551 3411 2731 3456 autem
2764 3401 3015 3456 Christus
3063 3419 3170 3456 non
3206 3416 3388 3456 resur-

1813 3499 1976 3559 rexit,
2029 3496 2202 3548 inanis
2241 3503 2322 3547 est
2361 3493 2678 3558 przedicutio
2715 3503 2896 3545 nostra
2923 3533 2936 3556 ,
2974 3495 3153 3547 inanis
3205 3505 3288 3548 est
3332 3505 3388 3548 et

1811 3588 1942 3642 ﬁdes
1973 3595 2156 3638 nostra
2185 3600 2198 3646 ;
2235 3583 2542 3634 invenimur
2595 3593 2774 3635 autem
2807 3593 2861 3636 et
2905 3583 3023 3636 falsi
3073 3591 3238 3637 testes
3268 3584 3383 3650 Dei,

1809 3677 2065 3745 quoniam
2091 3673 2458 3728 testimonium
2481 3673 2712 3727 diximus
2739 3676 3004 3728 adversus
3023 3674 3212 3739 Deum,
3241 3679 3385 3744 quod

1808 3767 2154 3823 suscitaverit
2221 3765 2537 3828 Christum,
2582 3781 2740 3834 quem
2793 3782 2896 3820 non
2957 3767 3282 3829 suscitavit,
3339 3770 3382 3823 si

1809 3858 2004 3913 mortui
2038 3873 2140 3908 non
2183 3865 2468 3923 resurgunt
2510 3856 2576 3909 “.
2618 3873 2636 3905 ι
2673 3855 2770 3909 llic
2816 3871 2916 3926 ego
2957 3857 3066 3923 jam
3109 3866 3161 3909 te
3216 3858 3385 3910 inter-

1811 3963 1979 4017 rogo:
2012 3945 2326 4014 Ecquouam
2362 3944 2520 3998 modo
2549 3949 2738 3998 umbra
2777 3947 3088 3999 moriatur?
3128 3963 3234 4015 quo
3265 3964 3386 4004 rur-

1803 4053 1921 4090 sum
1957 4047 2115 4102 paeto
2155 4035 2394 4088 cmlcstis
2426 4035 2589 4089 Pater
2621 4037 2896 4090 Christum
2943 4040 3008 4091 ad
3053 4039 3219 4092 vitam
3282 4055 3372 4094 re-

1805 4126 2038 4187 vocavit,
2069 4123 2244 4191 utqui
2277 4123 2519 4185 quaedam
2552 4132 2760 4176 tantum
2796 4127 2984 4181 umbra
3014 4141 3070 4183 et
3117 4146 3213 4183 rex
3247 4132 3386 4184 ima-

1800 4216 2046 4286 ginaria,
2093 4230 2212 4282 qua:
2263 4214 2456 4268 mortis
2521 4215 2760 4270 vinculis
2808 4219 2927 4286 capi
2977 4234 3081 4272 non
3153 4232 3331 4290 potest
3363 4263 3377 4287 ,

1799 4307 2117 4363 exstiterit?
2161 4305 2453 4359 Facessant
2479 4306 2706 4374 proinde
2726 4309 3094 4363 istiuseemodi
3128 4311 3340 4380 ineptia‘
3363 4355 3379 4375 ,

1801 4400 2118 4453 insanorum
2161 4397 2320 4465 plane
2379 4396 2731 4450 consiliorum
2779 4411 2834 4453 et
2879 4399 3181 4455 fabularum
3227 4405 3381 4457 ebul-

143 4491 348 4560 πνεῦμα
398 4492 426 4544 ὃ
471 4492 546 4562 μὴ
591 4492 841 4561 ὁμολογεῖ
883 4493 972 4545 τὸν
1029 4492 1254 4560 Ἰησοῦν,
1309 4494 1372 4543 ἐκ
1424 4492 1518 4543 τοῦ
1562 4493 1695 4544 Θεοῦ

1827 4491 2022 4542 intenta
2069 4489 2210 4541 dicta
2261 4487 2476 4540 illorum
2514 4488 2797 4542 habemus.
2850 4489 3162 4558 llujusmodi
3209 4510 3378 4560 nuga-

140 4584 230 4636 οὐκ
271 4584 405 4642 ἐστι,
459 4586 568 4638 Καὶ
619 4585 776 4637 τοῦτό
831 4587 945 4636 ἐστι
995 4586 1055 4636 τὸ
1103 4584 1194 4636 τοῦ
1255 4585 1620 4655 ’Λντιχρίστου
1670 4585 1699 4636 ὃ

141 4677 424 4746 ἀκηκόατε,
457 4678 536 4730 ὅτι
573 4676 809 4746 ἔρχεται,
843 4677 933 4728 καὶ
983 4675 1076 4728 νῦν
1108 4678 1164 4728 ἐν
1219 4676 1294 4746 τῷ
1328 4676 1518 4746 κόσμῳ
1551 4678 1696 4729 ἐστὶν

139 4767 254 4836 ἤδη.
287 4769 346 4822 Εί
379 4769 486 4836 γὰρ
521 4769 592 4837 μὴ
631 4768 854 4836 γέγονεν
891 4768 1198 4838 ἄνθρωπος,
1236 4768 1371 4836 μήτε
1409 4767 1514 4837 μὴν
1563 4768 1696 4820 ἀνα-

139 4857 358 4928 ϐέϐηκεν
387 4863 446 4913 ἐν
476 4860 638 4926 σαρκὶ
683 4859 817 4930 πρὸς
850 4860 938 4912 τὸν
971 4861 1027 4912 ἐν
1057 4859 1304 4928 οὐρανοῖς
1343 4859 1556 4928 Πατέρα
1606 4859 1699 4910 καὶ

137 4948 280 5014 Θεὸν,
317 4952 424 5005 οὐδ’
449 4952 513 5006 ἂν
541 4951 854 5022 ὑποστρέψῃ
880 4952 938 5017 ἐξ
974 4953 1205 5023 οὐρανοῦ
1249 4951 1367 5005 καθ’
1403 4951 1570 5020 ἡμᾶς,
1607 4951 1698 5003 ἇν-

139 5039 342 5111 θρωπος
366 5044 609 5112 δηλονότι
645 5045 734 5095 καὶ
765 5046 822 5095 ἐν
854 5046 1036 5115 σαρκί.

1798 4591 1942 4636 tores
1994 4579 2302 4633 exorituros
2372 4578 2600 4632 dilectus
2655 4580 2956 4635 Salvatoris
3002 4569 3174 4637 nostri
3212 4585 3376 4637 disci;

1799 4673 1954 4741 pulus
2005 4687 2100 4724 uos
2141 4680 2265 4722 autc
2295 4669 2662 4736 praztnonuit:
2721 4690 2739 4720 ι
2787 4671 3051 4737 Quoniam
3083 4712 3098 4736 ,
3156 4675 3374 4744 inquit,

1801 4761 1952 4816 mulli
1986 4760 2462 4828 pseudoprophetue
2490 4761 2742 4814 exierunt
2779 4764 2830 4814 in
2867 4764 3148 4817 mundum.
3183 4765 3238 4817 lu
3273 4766 3378 4820 hoc

1801 4853 2146 4922 cognoscitur
2175 4850 2410 4918 Spiritus
2435 4850 2528 4905 Dei
2569 4870 2581 4904 :
2613 4852 2804 4908 Omnis
2832 4855 3054 4921 spiritus
3085 4856 3175 4922 qui
3213 4856 3374 4909 conti;

1803 4954 1946 4998 tctur
1988 4942 2175 4996 Jesum
2217 4940 2490 4995 Christum
2536 4942 2590 4995 iu
2648 4959 2812 4997 carne
2845 4945 3090 5008 venisse,
3135 4962 3200 4998 ex
3265 4944 3376 4999 Deo

1799 5046 1914 5099 cst;
1969 5047 2024 5088 et
2072 5033 2247 5086 oumis
2286 5033 2505 5100 spiritus
2558 5036 2647 5101 qui
2700 5035 2860 5088 solvit
2899 5035 3118 5099 Jcsum,
3154 5052 3220 5089 ex
3267 5037 3374 5092 Deo

138 5153 233 5190 non
282 5151 383 5193 est.
464 5139 528 5194 Et
596 5141 681 5196 hic
731 5140 1130 5202 Antichrislus,
1193 5141 1257 5193 de
1315 5155 1420 5208 quo
1467 5136 1714 5197 audistis,
1751 5131 2008 5201 quoniam
2067 5128 2238 5191 venit,
2271 5138 2326 5180 et
2362 5129 2581 5182 nuncin
2623 5131 2822 5183 mundo
2860 5143 2942 5186 est
2969 5125 3036 5186 ”.
3076 5152 3094 5184 ι
3137 5131 3192 5185 Si
3227 5133 3369 5186 enim

138 5246 239 5300 inse
307 5245 466 5288 natus
496 5249 600 5286 non
664 5245 765 5298 est,
843 5250 1016 5303 neque
1093 5249 1252 5287 carne
1296 5233 1513 5284 indutus
1582 5230 1647 5283 ad
1705 5226 1982 5282 cozlcstem
2044 5221 2253 5274 Patrem
2308 5230 2362 5274 et
2419 5222 2583 5275 Deum
2637 5224 2922 5288 ascendit;
2987 5239 3160 5292 neque
3212 5228 3371 5280 homo

138 5335 335 5390 quoque
405 5323 628 5392 perinde
683 5338 746 5378 ac
775 5337 873 5377 nos
929 5337 1092 5378 carne
1112 5321 1334 5376 vestitus
1354 5321 1417 5373 de
1449 5319 1601 5373 ccelis
1657 5316 1784 5370 olim
1829 5324 2145 5366 reversurus
2176 5317 2280 5363 est.

199 5483 235 5510 "
262 5481 363 5535 lsn.
400 5499 450 5546 L,
476 5483 529 5535 6.
610 5486 651 5514 ’³
676 5483 830 5539 Joan.
872 5500 981 5550 xu,
1021 5484 1110 5538 51.
1190 5483 1272 5535 ’³1
1305 5481 1428 5536 Cor.
1463 5496 1550 5545 xv,
1580 5481 1699 5534 5-8.

1791 5478 1838 5509 ’⁵
1879 5477 2005 5532 ibid.
2045 5478 2222 5531 19.45.

2301 5477 2344 5507 ’⁵
2386 5473 2403 5526 1
2434 5471 2588 5527 Joan.
2624 5488 2695 5537 tv,
2732 5473 2835 5526 [-3.

1202 5615 1371 5670 Varia!
1397 5616 1649 5670 lectiones
1681 5612 1879 5668 codicis
1904 5610 2256 5679 Srguieriani.

204 5760 226 5799 Ρ
251 5752 481 5806 ἐκείνων.
