4056 6334
662 372 801 428 1147

654 578 918 631 lidissime
956 580 1271 634 existimant
1304 592 1357 636 et
1382 583 1679 650 praedicant
1709 585 1971 656 (Verbum
2015 605 2080 644 ex
2119 590 2231 646 Deo

652 667 914 733 genitum,
939 678 1060 721 ortu
1079 684 1144 723 ex
1163 684 1319 724 sacra
1343 671 1561 740 Virgine
1595 675 1882 743 repudiato
1912 689 2232 750 natumque

653 769 852 815 nostra
883 760 1092 814 ratione
1115 771 1442 832 contempta,
1472 764 1525 817 in
1559 776 1829 821 terrenam
1856 785 2078 826 carnem
2109 785 2230 826 esse

650 849 984 904 demutatum
1007 892 1022 915 ,
1054 854 1104 906 id
1140 853 1285 908 aliud
1315 855 1576 924 nihilest,
1609 874 1770 927 quam
1801 862 2230 932 dispensationis

650 953 1050 997 sacramentum
1080 956 1264 1012 aperte
1303 946 1716 1017 blaspltemare,
1752 952 2069 1025 divinisque
2103 972 2231 1012 con-

650 1031 788 1086 siliis
823 1041 1025 1088 temere
1055 1036 1341 1093 insultare.
1388 1039 1604 1094 Etenim
1651 1043 2033 1113 universorum
2085 1049 2229 1104 Con-

649 1123 830 1188 ditor,
888 1133 943 1178 et
990 1127 1214 1181 multutn
1259 1129 1315 1183 in
1373 1130 1744 1187 misericordia
1797 1135 1892 1190 Dei
1945 1137 2224 1204 Verbum,

649 1226 869 1284 pr0pter
890 1231 989 1270 nos
1021 1219 1180 1272 homo
1204 1213 1408 1274 factum'
1429 1223 1495 1289 ",
1520 1234 1654 1278 etex
1689 1226 1915 1282 muliere
1947 1240 2127 1283 natum
2155 1231 2225 1296 ’⁷,

646 1306 997 1374 semetipsum
1051 1310 1468 1368 exinanivit”:
1508 1333 1525 1364 ι
1576 1315 1647 1371 Ut
1677 1319 1933 1386 quoniam
1973 1321 2145 1389 pueri,
2187 1339 2207 1373 ι

650 1396 752 1448 hoc
787 1406 870 1450 est
904 1413 1022 1463 nos,
1058 1419 1076 1450 ‹
1119 1404 1819 1462 communicaverantcarni
1843 1419 1900 1464 et
1935 1412 2209 1480 sanguini,

646 1494 700 1539 et
729 1487 842 1554 ipse
878 1489 1132 1544 similiter
1156 1493 1508 1562 participaret
1538 1498 1740 1552 eisdem
1773 1515 1789 1553 :
1839 1509 1898 1552 ut
1943 1517 2040 1570 per
2073 1519 2221 1558 mor-

647 1583 754 1628 tem
784 1578 1084 1633 destrueret
1121 1595 1244 1635 eunt
1281 1586 1368 1650 qui
1403 1585 1639 1640 habebat
1670 1591 1867 1644 mortis
1904 1591 2218 1662 imperium,

648 1665 747 1719 hoc
770 1677 852 1722 est
878 1670 1148 1725 diabolum
1169 1712 1185 1738 ,
1221 1682 1274 1728 et
1302 1674 1558 1731 liberaret
1607 1693 1702 1733 eos
1735 1681 1826 1749 qui
1855 1683 2054 1735 timore
2082 1701 2222 1739 mor-

648 1755 716 1808 tis
745 1770 840 1824 per
857 1767 1019 1811 totam
1041 1759 1204 1812 vitam
1225 1763 1613 1819 obno'xiierant
1632 1769 1965 1838 servitutil".
1982 1789 1999 1821 ι
2023 1772 2085 1824 Et
2109 1773 2222 1825 haec

645 1846 862 1915 quidem
881 1849 1056 1902 divina
1072 1849 1374 1920 Scriptura.
1391 1855 1471 1908 Illi
1493 1867 1669 1910 autem
1689 1867 1793 1912 tam
1813 1830 2016 1915 salubri
2035 1863 2223 1917 decen-
2254 1830 2293 1886 Β

646 1939 791 2004 tique
819 1939 1044 1994 consilio
1093 1941 1410 1998 indecentite
1439 1956 1618 2000 notam
1673 1949 1931 2016 inurunt,
1977 1960 2033 2006 et
2067 1954 2217 2020 quasi

643 2025 701 2096 9
727 2026 919 2094 majori
945 2031 1207 2098 sapientia
1235 2034 1468 2101 praediti,
1498 2036 1668 2104 ipsius
1686 2054 1900 2108 quoque
1937 2042 2221 2111 sapientiae

642 2121 858 2174 decreta
891 2124 1513 2201 reprehenduntrAiunt
1553 2131 1694 2184 enim
1732 2119 1838 2187 non
1874 2135 2066 2189 decere
2089 2177 2104 2202 ,
2161 2147 2219 2191 ut

646 2211 986 2282 Unigenitum
1044 2231 1166 2272 cum
1215 2219 1401 2274 dolore
1439 2231 1626 2290 partus
1665 2240 1727 2278 ex
1777 2227 1999 2281 muliere
2034 2239 2216 2282 natum

640 2314 983 2372 astruamus;
1007 2307 1184 2375 potius
1215 2317 1393 2365 autem
1415 2312 1840 2370 existimandum
1871 2318 2033 2371 divini
2054 2319 2216 2374 Verbi

641 2402 890 2447 naturam
931 2396 984 2449 in
1012 2406 1285 2452 terrenum
1314 2400 1416 2454 hoc
1440 2401 1820 2472 inﬁrmumque
1857 2420 2054 2475 corpus
2089 2423 2217 2462 con-

637 2498 850 2538 versam
865 2486 1198 2554 esse.Atque
1221 2490 1294 2542 ita
1326 2505 1446 2544 eum
1465 2493 1751 2559 quiomnis
1773 2498 2090 2553 mutationis
2120 2514 2214 2554 ex-

639 2590 765 2645 pers
786 2585 901 2641 est,
957 2577 1240 2632 mutationi
1278 2578 1579 2645 subjectum
1602 2583 1938 2651 contingunt.
1975 2585 2212 2639 Firmata

639 2679 722 2723 est
748 2683 980 2738 namque
1004 2670 1097 2724 Dei
1127 2679 1320 2725 natura
1350 2672 1401 2724 in
1430 2673 1667 2741 propriis
1686 2673 1843 2727 bonis
1874 2675 2210 2746 immoteque

641 2759 693 2812 in
713 2760 908 2829 quibus
923 2770 1006 2814 est
1025 2763 1322 2817 commodis
1338 2777 1554 2831 semper
1583 2765 1846 2832 persistit.
1875 2770 1946 2821 At
1969 2784 2097 2824 vero
2117 2787 2214 2825 na-

640 2857 759 2901 tura
786 2859 1088 2917 procreata,
1117 2859 1170 2905 et
1191 2852 1244 2905 in
1276 2863 1516 2922 tempore
1543 2857 1904 2912 utexsisteret
1928 2862 2208 2927 producta,

639 2955 745 2994 non
780 2950 955 3009 potest
982 2944 1267 2998 mutationi
1303 2961 1410 2999 non
1443 2961 1568 3001 esse
1604 2948 1869 3017 subjecta.
1921 2951 2031 3007 Nec
2057 2953 2210 3008 lirma

638 3029 794 3084 nobis
833 3033 1152 3088 assertionis
1189 3033 1349 3103 hujus
1386 3036 1734 3092 fundamenta
1803 3041 2211 3114 verissimmque

639 3121 875 3177 rationes
907 3123 1123 3177 desunt.
1158 3124 1291 3180 Nam
1325 3142 1488 3182 omne
1518 3130 1661 3196 quod
1709 3130 1789 3183 sui
1831 3146 1951 3187 esse
2005 3134 2212 3205 simpli-

638 3213 778 3268 citer
805 3214 1020 3268 initium
1055 3215 1266 3286 habuit,
1293 3217 1402 3284 jam
1440 3222 1839 3287 quodammodo
1870 3225 2032 3286 simul
2074 3227 2209 3280 insi-

638 3311 751 3358 tam
781 3305 943 3360 habet
982 3310 1418 3365 mutabilitatem.
1451 3312 1520 3364 At
1551 3328 1678 3368 vero
1713 3314 1856 3371 Deus
1879 3357 1892 3380 ,
1928 3319 2020 3387 qui
2065 3319 2211 3372 omni

635 3406 837 3463 mente,
871 3409 925 3452 et
954 3408 1167 3465 natura,
1189 3411 1241 3455 et
1265 3405 1638 3472 generatione,
1663 3414 1715 3458 et
1744 3409 2091 3476 corruptione
2118 3426 2212 3464 su—

637 3493 822 3559 perior
847 3502 949 3558 est,
981 3496 1339 3550 substantiam
1387 3502 1532 3553 omni
1585 3503 1890 3558 mutatione
1923 3507 2209 3563 sublimio-

636 3597 772 3648 rem,
798 3585 1158 3651 potentiorem
1185 3588 1557 3659 majoremque
1612 3593 1796 3647 habet.
1848 3595 1913 3648 Et
1957 3599 2212 3665 quemad-

638 3674 863 3727 modum
915 3676 960 3729 is
1022 3686 1228 3732 naturte
1275 3695 1387 3734 suae
1432 3682 1697 3750 qualitate
1750 3687 2004 3742 omnibus
2049 3691 2210 3745 rebus

634 3766 836 3821 creatis
877 3777 1116 3836 praestat,
1151 3770 1525 3840 immensoque
1551 3773 1836 3830 intervallo
1866 3787 1986 3846 post
2030 3795 2089 3834 se
2120 3797 2208 3834 re—

633 3858 831 3928 linquit
860 3869 978 3914 orta
1018 3863 1200 3916 omnia
1234 3883 1245 3916 :
1278 3864 1350 3917 ita
1382 3879 1444 3916 ea
1477 3866 1838 3930 incommoda,
1899 3885 2018 3937 quae
2050 3872 2210 3926 rebus

634 3950 695 4005 al;
740 3950 831 4003 illo
852 3951 1371 4007 conditis-accidere
1411 3956 1604 4019 solent,
1660 3957 1796 4011 adeo
1854 3964 2206 4024 transcendit,

633 4049 692 4093 ut
719 4041 852 4094 nihil
894 4043 1120 4106 abillis,
1162 4043 1374 4096 tametsi
1426 4055 1620 4095 natura
1676 4059 1771 4097 sua
1827 4047 2001 4099 noxia:
2047 4049 2159 4101 sint
2190 4087 2206 4112 ,

631 4133 741 4199 pati
775 4141 959 4200 queat.
1002 4132 1142 4185 Deus
1176 4148 1408 4200 namque
1461 4134 1514 4187 in
1547 4135 1703 4189 bonis
1733 4145 1814 4189 est
1861 4137 1990 4190 nulli
2036 4149 2211 4192 muta—

633 4219 766 4272 tioni
815 4219 1126 4287 subjectus;
1175 4232 1442 4277 creaturae
1476 4234 1657 4277 autem
1695 4228 1746 4278 in
1796 4228 2030 4294 quadam
2081 4245 2206 4297 per-

628 4321 790 4381 petua
817 4314 1118 4366 mutatione
1148 4328 1213 4366 ac
1260 4314 1641 4368 vicissitudine
1690 4325 2002 4371 versantur.
2046 4315 2210 4384 Cujus

631 4403 709 4458 rei
741 4403 1002 4471 praplteta
1035 4401 1303 4458 Jeremias
1329 4419 1670 4474 nequaquam
1709 4409 1964 4476 ignarus,
2005 4410 2207 4478 optime

1655 379 1715 435 S.
1755 381 2034 438 CYRILLI
2071 383 2542 442 ALEXANDRINI
2580 388 2901 448 ARCHIEP.

725 487 792 543 X.
831 486 997 542 Porro
1023 495 1201 543 autem
1231 487 1546 546 existimare
1597 493 1679 564 (ut
1709 496 1802 550 alii
1840 497 2060 564 quidam
2113 508 2227 554 sto.
2256 503 2306 560 Α

3786 400 3923 453 {HS

2405 502 2462 553 ιν.
2504 501 2578 553 Τὸ
2607 501 2663 555 δὲ
2687 502 2751 574 δὴ
2782 504 2876 558 καὶ
2906 505 3123 576 ἑτέρους
3155 507 3364 560 οἴεσθαί
3398 526 3454 560 τε
3485 526 3578 562 και
3605 514 3836 579 φρονεῖν
3867 515 3923 567 ἐξ

2334 590 2648 662 ἀμετρήτου
2680 594 2910 658 νωθείας
2935 596 3187 668 γέννησιν
3213 597 3318 667 μὲν
3339 601 3636 669 ἀνήνασθαι
3688 603 3798 672 τὴν
3837 602 3913 655 διᾶ

2333 679 2432 750 τῆς
2462 682 2626 750 ἁγίας
2658 685 2936 755 Παρθένου
2977 687 3071 740 τὸν
3113 689 3176 741 ὲκ
3207 689 3342 742 Θεοῦ
3375 690 3549 758 φύντα
3594 693 3793 759 Λόγον,
3827 697 3917 746 καὶ

2335 773 2498 841 φύσιν
2529 775 2631 844 μὲν
2659 778 2931 847 ἀτιμάσαι·
2949 780 3050 849 τὴν
3087 780 3210 834 καθ’
3241 783 3410 851 ἡμᾶς,
3459 785 3918 854 παρατετράφθαι

2331 865 2387 918 δὲ
2420 865 2623 934 μᾶλλον
2652 868 2816 921 αὑτὸν
2851 869 2930 932 εἰς
2954 871 3053 941 τὴν
3078 871 3186 924 ἀπὸ
3218 872 3320 941 τῆς
3343 874 3445 943 γῆς
3467 877 3665 943 σάρκα,
3701 875 3916 945 δυσφη-

2334 957 2580 1024 μούντων
2611 959 2728 1011 ἐστὶ
2758 959 2858 1030 τὴν
2889 963 3223 1032 οἰκονομίαν,
3253 966 3349 1016 καὶ⁵
3383 968 3494 1029 τοῖς
3529 966 3694 1030 θείοις
3733 969 3915 1037 σκέμ-

2334 1062 2501 1114 μασιν
2546 1050 2806 1118 ἐπιτιμᾷν
2861 1051 3169 1120 ῂρημένων.
3212 1053 3269 1105 '0
3320 1054 3417 1122 μὲν
3461 1054 3569 1123 γὰρ
3605 1055 3713 1108 τῶν
3774 1056 3915 1108 ὅλων

2329 1138 2695 1208 Δημιουργὸς,
2729 1140 2822 1192 καὶ
2850 1142 3015 1205 πολὺς
3038 1143 3118 1206 εὶς
3140 1143 3286 1196 ἔλεον
3317 1144 3410 1199 τοῦ
3433 1147 3568 1199 Θεοῦ
3612 1149 3787 1215 Λόγος
3817 1165 3912 1201 κε-

2329 1229 2571 1285 κένωκεν
2604 1234 2798 1288 ἑαυτὸν
2825 1235 2890 1288 δι’
2914 1238 3084 1307 ἡμᾶς,
3106 1239 3396 1309 γενόμενος
3421 1243 3516 1295 ἄνθ
3526 1260 3724 1312 ρωπος,
3756 1245 3916 1311 γενόο

2332 1337 2494 1390 μενος
2526 1325 2589 1376 ἐκ
2614 1327 2892 1392 γυναικός·
2933 1348 2951 1379 ι
2987 1331 3081 1381 Ἴν’
3113 1331 3342 1402 ἐπείπερ
3379 1333 3605 1404 αἵματος
3645 1337 3738 1387 καὶ
3773 1354 3913 1404 σαρ-

2326 1411 2422 1475 κὸς
2443 1415 2805 1487 κεκοινώνηκε
2825 1419 2892 1472 τὰ
2924 1421 3131 1483 παιδία,
3171 1441 3190 1472 ι
3225 1425 3503 1478 τουτέστιν
3533 1429 3718 1496 ἡμεῖς,
3752 1447 3771 1478 ι
3814 1431 3910 1480 καὶ

2327 1503 2491 1567 αὐτὸς
2535 1507 2935 1579 παραπλησίως
2987 1515 3233 1584 μετασχῇ
3285 1515 3395 1567 τῶν
3431 1517 3643 1569 αὐτῶν·
3695 1519 3782 1570 ἵνα
3825 1520 3914 1572 διὰ

2324 1591 2421 1644 τοῦ
2453 1594 2709 1661 θανάτου,
2748 1603 3067 1674 καταργήσῃ
3107 1603 3198 1656 τὸν
3239 1605 3300 1658 τὸ
3333 1608 3529 1676 κράτος
3577 1608 3773 1678 ἔχοντα
3817 1611 3912 1663 τοῦ

2326 1685 2584 1750 θανάτου,
2613 1691 2859 1744 τουτέστι
2898 1693 2988 1746 τὸν
3015 1694 3281 1760 διάσολον,
3333 1700 3425 1751 καὶ
3463 1701 3750 1771 ἀπαλλάξῃ
3787 1704 3885 1755 τού

2323 1791 2467 1839 τους,
2501 1778 2614 1830 ὅσοι
2643 1780 2794 1850 φόϐῳ
2835 1782 3065 1837 θανάτου
3098 1786 3183 1838 διὰ
3232 1790 3430 1852 παντὸς
3467 1791 3559 1843 τοῦ
3595 1793 3697 1861 ζῇν
3731 1795 3910 1862 ἔνοχοι

2327 1864 2469 1938 ἦσαν
2502 1872 2764 1938 δουλείας.
2800 1896 2818 1927 ι
2856 1873 2983 1929 Ὧδε
3015 1879 3123 1951 γὰρ
3147 1880 3248 1950 ἔφη
3281 1882 3343 1934 τὸ
3371 1883 3609 1954 Γράμμα
3642 1885 3704 1936 τὸ
3737 1887 3905 1956 ἱερόν.

2329 1963 2389 2012 Ol
2441 1962 2496 2013 δὲ
2544 1965 2645 2032 τῆς
2672 1965 2814 2018 οὕτω
2857 1970 3137 2036 παγκάλου
3185 1973 3279 2023 καὶ
3330 1973 3556 2043 ἀρίστης
3603 1974 3804 2044 βουλῆς
3849 1979 3909 2028 τό

2327 2050 2575 2119 ἀπρεπὲς
2623 2055 2996 2125 καθορίςουσι,
3039 2061 3132 2110 καὶ
3190 2060 3380 2130 ὥσπερ
3423 2063 3541 2114 ὲνὸν
3599 2065 3784 2126 αὐτοῖς
3842 2065 3908 2115 τὰ

2324 2140 2536 2209 ἀμείνω
2568 2149 2807 2214 φρονεῖν,
2828 2148 3051 2212 καὶτοῖς
3080 2151 3178 2218 τῆς
3199 2153 3388 2220 σοφίας
3416 2154 3713 2223 ἐπιτιμῶσι
3742 2156 3909 2224 σκέμ-

2328 2250 2480 2302 μασι.
2521 2237 2611 2306 Μὴ
2641 2238 2749 2309 γὰρ
2775 2238 2837 2309 δὴ
2867 2239 3064 2309 χρῆναι
3109 2242 3359 2309 λέγουσιν
3404 2244 3566 2298 ὠδῖνα
3612 2246 3708 2297 καὶ
3743 2247 3904 2298 τόκον

2322 2327 2388 2379 ὲκ
2414 2329 2671 2395 γυναικὸς
2703 2332 3075 2400 καταγράφειν
3098 2335 3244 2403 ἡμᾶς
3269 2337 3362 2389 τοῦ
3392 2336 3760 2404 Μονογενοῦς,
3796 2340 3907 2390 οἶε-

2325 2415 2449 2470 σθαι
2479 2417 2535 2470 δὲ
2568 2420 2765 2489 μᾶλλον
2794 2422 2892 2491 τὴν
2943 2423 3030 2475 τοῦ
3064 2424 3239 2492 Λόγου
3277 2426 3436 2493 φύσιν
3472 2429 3551 2489 είς
3597 2426 3660 2479 τὸ
3702 2426 3902 2497 σαθρὸν

2320 2511 2384 2580 δὴ
2424 2511 2582 2564 τοῦτο
2633 2513 2724 2566 καὶ⁵
2775 2515 3005 2583 γηγενὲς
3037 2517 3548 2586 μετεστοιχειῶσθαι
3583 2519 3768 2586 σῶμα,
3807 2519 3899 2571 καὶ

2320 2597 2528 2664 τροπὴν
2551 2600 2918 2664 φαντάζεσθαι
2945 2602 3040 2652 τοῦ
3064 2606 3268 2670 τροπὴν
3288 2607 3386 2656 οὐκ
3406 2606 3628 2668 εἰδότος.
3648 2609 3782 2675 Ἐρή
3793 2625 3899 2676 ρει-

2323 2701 2444 2737 σται
2493 2686 2601 2756 γὰρ
2635 2688 2667 2756 ἡ
2715 2686 2808 2739 τοῦ
2841 2687 2972 2740 Θεοῦ
3004 2688 3165 2757 φύσις
3224 2693 3282 2744 ἐν
3319 2693 3466 2754 ἰδίοις
3517 2695 3767 2764 ἀγαθοῖς,
3807 2701 3896 2750 καὶ

2318 2776 2714 2829 ἀκατάσειστον
2740 2778 2849 2848 ἔχει
2885 2780 2981 2832 σὺν
3009 2780 3094 2848 ἐφ’
3124 2791 3149 2830 τι
3177 2777 3257 2846 οἷς
3289 2785 3404 2836 ἐστι
3427 2785 3710 2857 διαμονήν.
3731 2788 3896 2851 Φύσις

2323 2867 2422 2936 μὲν
2469 2869 2578 2940 γὰρ
2609 2870 2640 2939 ἡ
2687 2869 2909 2940 γενητὴ,
2958 2873 3050 2924 καὶ
3091 2872 3268 2944 χρόνῳ
3316 2876 3713 2946 παρενεχθεῖσα
3762 2879 3895 2947 πρὸς

2318 2957 2533 3024 γένεσιν
2564 2969 2606 3023 τ,
2654 2961 2815 3012 πάθοι
2865 2961 2930 3014 ἂν
2977 2963 3075 3032 τὴν
3127 2963 3431 3018 ἀλλοίωσιν.
3483 2966 3593 3018 Καὶ
3639 2967 3742 3019 οὐκ
3794 2968 3895 3031 ἔξω

2318 3049 2476 3117 λόγου
2528 3051 2620 3104 τοῦ
2674 3053 3004 3122 καθήκοντός
3051 3073 3108 3106 τε
3161 3057 3253 3108 καὶ
3310 3057 3542 3125 ἀληθοῦς
3584 3058 3649 3109 τὸ
3705 3059 3892 3127 χρῆμα

2319 3143 2580 3197 κείσεται.
2609 3145 2682 3197 Τὸ
2714 3147 2821 3216 γὰρ
2855 3146 3028 3218 ἀρχὴν
3060 3147 3195 3210 ὅλως
3223 3149 3316 3201 τοῦ
3342 3145 3478 3203 εἶναι
3513 3151 3692 3218 λαχὸν,
3727 3151 3893 3202 οἱονεί

2317 3255 2437 3300 πως
2482 3239 2580 3308 ἤδη
2633 3242 2727 3292 καὶ
2786 3241 3227 3310 συνεσπαρμένον
3277 3242 3388 3312 ἔχει
3433 3243 3492 3294 τὸ
3543 3241 3890 3294 ἀλλοιοῦσθαι

2313 3329 2439 3382 δεῖν.
2471 3330 2602 3392 Θεὸς
2635 3329 2688 3382 δὲ
2732 3332 2759 3382 ὁ
2801 3332 3004 3393 παντὸς
3051 3331 3310 3384 ἐπέκεινα
3356 3332 3469 3397 νοῦ,
3518 3333 3612 3385 καὶ
3650 3333 3887 3400 φύσεως,

2314 3422 2408 3473 καὶ
2439 3421 2721 3487 γενέσεως,
2760 3423 2854 3474 καὶ
2883 3421 3110 3492 φθορᾶς,
3135 3423 3231 3492 τὴν
3259 3423 3488 3494 ὕπαρξιν
3518 3423 3655 3493 ἔχων
3689 3424 3890 3496 ἐξῃρη-

2317 3511 2484 3581 μένην
2518 3512 2613 3564 καὶ
2651 3512 3049 3582 ὑπερίσχουσαν
3074 3525 3119 3577 ³,
3153 3513 3391 3582 ἀμείνων
3434 3513 3584 3566 ἔσται
3636 3516 3730 3565 καὶ
3766 3532 3891 3584 τρο⁹

2315 3602 2440 3670 πῆς.
2493 3601 2604 3653 Καὶ
2655 3599 2842 3670 ὥσπερ
2885 3599 2961 3670 τῷ
2990 3601 3089 3670 τῆς
3126 3601 3260 3663 ἰδίας
3295 3601 3506 3669 φύσεως
3551 3602 3690 3670 λόγῳ
3746 3620 3886 3656 παν-

2311 3695 2401 3756 τὸς
2451 3692 2546 3745 τοῦ
2587 3692 2908 3762 κεκλιμένου
2958 3693 3093 3763 πρὸς
3127 3693 3337 3761 γένεσιν
3377 3694 3784 3764 ὑπερανέστηκέ
3830 3711 3888 3746 τε

2313 3784 2406 3837 καὶ
2461 3785 2858 3853 ὑπερφέρεται,
2921 3786 3014 3836 καὶ
3069 3783 3227 3836 τοῦτο
3293 3786 3641 3855 ἀσυγκρίτοις
3689 3784 3887 3853 διαφο-

2314 3877 2466 3941 ραῖς·
2519 3873 2662 3925 οὓτω
2722 3873 2816 3926 καὶ
2877 3875 2932 3925 ἐν
2986 3875 3098 3936 τοῖς
3160 3874 3374 3926 εἰωθόσι
3423 3874 3736 3942 συμϐαίνειν
3775 3879 3889 3936 τοῖς

2309 3963 2376 4015 δι’
2427 3964 2589 4016 αὐτοῦ
2642 3962 2919 4027 γεγονόσιν
2968 3963 3390 4031 ὑπερανεστὴξει
3443 3965 3598 4015 πάλιν
3651 3966 3882 4026 παθεῖν,

2309 4051 2408 4103 οὐκ
2453 4050 2608 4112 εἰδὼς
2662 4051 2723 4101 τὸ
2777 4051 3020 4117 πεφυκὸς
3083 4052 3308 4105 ἀδικεῖν.
3365 4053 3568 4105 Οὐκοῦν
3621 4054 3678 4104 ἐν
3745 4056 3886 4123 ἁγα-

2314 4141 2429 4204 θοίς
2461 4141 2560 4212 μὲν
2593 4141 2653 4194 τὸ
2682 4142 2836 4195 Θεῖον
2876 4141 3291 4211 ἀμεταπτώτοις
3330 4144 3444 4195 έστί
3467 4161 3478 4174 ·
3511 4145 3578 4196 τὰ
3605 4145 3659 4196 δέ
3689 4162 3755 4211 γε
3787 4147 3886 4214 τῆς

2312 4234 2544 4295 κτίσεως
2595 4233 2653 4285 ὲν
2699 4232 2983 4286 ἀλλοιώσει
3014 4235 3107 4285 καὶ
3149 4237 3408 4304 τροπαῖς,
3455 4236 3546 4287 καὶ
3582 4237 3883 4308 ἀγχίθυροι

2311 4324 2503 4394 ἔχοντα
2563 4325 2659 4392 τὴν
2711 4324 3036 4395 παραφορὰν
3068 4325 3108 4376 ί.
3145 4325 3256 4377 Καὶ
3288 4326 3444 4377 τοῦτο
3493 4327 3778 4390 γινώσκων
3823 4325 3880 4380 εὖ

2316 4416 2479 4484 μάλα,
2508 4415 2601 4467 καὶ
2640 4415 2715 4477 ὡς
2749 4416 2945 4486 ἄριστα
2984 4415 3289 4484 φιλοσοφῶν
3320 4418 3350 4467 ὁ
3395 4418 3676 4487 προφήτης
3708 4419 3879 4487 Ἰερε-

631 4497 1062 4564 philosophatus,
1097 4494 1268 4548 Deum
1312 4496 1385 4548 ita
1427 4499 1760 4566 compellat:
1801 4518 1818 4550 ι
1873 4499 1951 4552 Tu
1983 4501 2202 4569 quidem

2319 4505 2460 4573 μίας,
2505 4503 2769 4573 ἁνεφώνει
2807 4505 2942 4574 πρὸς
2970 4505 3060 4557 τὸν
3087 4505 3250 4569 Θεὸν,
3279 4508 3360 4558 ὅτι
3402 4526 3418 4556 ι
3452 4507 3520 4557 Σὺ
3569 4506 3880 4574 καθήμενος

633 4594 683 4645 in
712 4592 967 4646 saeculum
995 4606 1318 4660 permanes;
1353 4608 1450 4646 nos
1495 4601 1676 4646 autem
1711 4607 1817 4645 una
1849 4608 1970 4647 cum
2006 4594 2204 4647 saeculo

631 4682 916 4735 interimus
941 4683 1006 4738 ³ο.
1045 4700 1063 4732 ι
1101 4681 1265 4735 Sedet
1293 4683 1438 4736 enim
1472 4683 1615 4736 Deus
1647 4693 1902 4751 tanquam
1948 4685 1999 4737 in
2044 4685 2201 4747 solio,

633 4788 850 4841 semper
886 4787 1138 4842 regnans,
1195 4783 1247 4827 et
1279 4774 1330 4826 in
1358 4789 1547 4827 omnes
1595 4775 1879 4843 imperium
1917 4791 2202 4840 exercens,

631 4879 807 4932 neque
834 4863 955 4918 ullis
988 4880 1223 4932 unquam
1257 4865 1760 4932 perturbationibus
1788 4866 2025 4947 agitatur
2056 4883 2068 4918 :
2103 4883 2201 4921 nos

631 4964 838 5018 autem,
877 4965 1129 5010 naturam
1174 4958 1238 5009 ad
1284 4959 1643 5013 mutationem
1686 4959 2206 5029 conversionemqnc

637 5045 1119 5113 propensissiniam
1171 5048 1375 5112 sortiti,
1419 5047 1580 5101 simul
1625 5064 1746 5102 cum
1797 5049 1995 5102 smculo
2041 5051 2205 5104 inter-

639 5135 779 5190 imus
801 5175 815 5199 ,
851 5135 951 5189 hoc
979 5148 1081 5202 est,
1108 5139 1349 5206 quolibet
1381 5148 1638 5208 tempore,
1671 5141 2036 5208 temporisque
2066 5145 2197 5194 arti-

629 5226 755 5279 culo
823 5226 1176 5282 vicissitudini
1261 5229 1606 5298 interituique
1661 5232 1948 5285 obnoxiam
2033 5233 2197 5285 vitam

631 5315 896 5385 «legimus.
929 5314 1114 5386 Neque
1141 5332 1270 5386 ergo
1299 5319 1554 5375 divinitas
1587 5321 2058 5389 perturbationum
2098 5324 2201 5376 int-

701 5472 746 5503 “
782 5470 936 5527 Joan.
966 5488 1004 5538 ι,
1039 5473 1124 5528 14.
1224 5474 1265 5506 ³⁷
1305 5475 1482 5529 Galat.
1518 5491 1590 5541 tv,
1619 5478 1673 5531 4.

1750 5477 1796 5508 ³⁸
1834 5477 2064 5548 Philipp.
2096 5496 2152 5543 ιι,
2190 5481 2240 5531 7.

2308 4599 2387 4658 είς
2410 4595 2501 4648 τὸν
2534 4594 2729 4659 αἰῶνα,
2761 4596 2856 4647 καὶ
2891 4597 3052 4665 ἡμεῖς
3089 4595 3451 4665 ἀπολλύμενοι
3491 4595 3580 4647 τὸν
3613 4595 3874 4648 αἰῶνα..)

2308 4685 2628 4738 Καθεδεῖται
2657 4685 2764 4752 γὰρ
2799 4683 2986 4754 ὥσπερ
3014 4685 3070 4737 ὲν
3111 4685 3258 4747 ἰδίοις
3291 4684 3485 4746 θώκοις
3520 4685 3578 4735 τὸ
3599 4683 3755 4737 Θεῖον
3790 4686 3878 4736 ἀεὶ

2311 4774 2591 4845 βμσιλεῦον
2623 4776 2715 4827 καὶ
2746 4774 3124 4844 κατακρατοῦν
3147 4775 3252 4827 τῶν
3278 4775 3432 4838 ὅλων,
3467 4777 3557 4827 καὶ
3580 4774 3686 4826 ὑπὸ
3709 4775 3876 4844 μηδε-

2308 4867 2397 4928 νὸς
2447 4865 2553 4917 τῶν
2587 4865 2776 4918 παθῶν
2826 4865 3255 4935 τυραννούμενον
3277 4884 3290 4895 ·
3323 4867 3484 4936 ἡμεῖς
3507 4865 3562 4917 δὲ
3589 4863 3688 4934 τὴν
3714 4865 3876 4932 φύσιν

2302 4957 2713 5026 εὐτροχωτάτην
2738 4957 2831 5008 καὶ
2852 4957 3235 5026 εὐπαράφορον
3265 4956 3460 5026 κομιδῇ
3490 4955 3623 5025 πρὸς
3654 4956 3876 5008 ἀλλοίω-

2305 5036 2634 5118 σινέχοντες
2660 5048 2756 5099 καὶ
2776 5049 3003 5118 τροπὴν,
3030 5047 3382 5116 ἀπολλύμεθα
3402 5048 3491 5099 τὸν
3513 5047 3703 5111 αἰῶνα,
3727 5064 3878 5099 τουτ-

2305 5142 2452 5194 έστιν
2478 5141 2536 5192 ἐν
2580 5139 2743 5192 παντί
2772 5156 2831 5190 τε
2885 5139 3061 5209 καιρῷ
3092 5140 3186 5192 καὶ
3221 5140 3398 5210 χρόνῳ
3443 5140 3671 5210 φθαρτοί
3705 5143 3875 5209 ἐσμεν

2305 5233 2398 5284 καὶ
2427 5230 2661 5302 τρεπτοί.
2714 5229 2840 5282 Ούτ“
2886 5227 2978 5283 οὗν
3008 5232 3066 5283 τὸ
3100 5231 3253 5283 Θεῖον
3303 5231 3498 5297 γένοιτ’
3539 5231 3766 5285 avaros:
3819 5234 3874 5284 ἐν

2309 5325 2635 5393 παρατροπῇ
2665 5322 2764 5392 τῆς
2796 5322 2932 5386 ἰδίας
2964 5322 3330 5392 έδραιότητος,
3365 5325 3598 5389 ἑξωσθὲν
3626 5326 3730 5378 ὑπὸ
3769 5327 3874 5379 τῶν

2320 5480 2362 5512 ³ο
2402 5477 2566 5533 llebr.
2603 5495 2660 5546 ιι,
2695 5479 2781 5533 id.
2858 5480 2904 5512 ³ο
2943 5480 3173 5536 Baruch.
3210 5496 3288 5547 ιιι,
3323 5481 3374 5536 5.

1711 5615 1884 5670 Varia:
1909 5615 2167 5672 lectiones
2191 5618 2392 5672 codicis
2420 5616 2775 5687 Seguieriani.

707 5751 733 5791 τι
772 5742 868 5812 τὴν
898 5745 999 5812 ἐφ’.
1082 5754 1102 5783 τ
1142 5745 1392 5814 ὓπαρξιν.
1474 5759 1493 5786 ⁸
1538 5748 1987 5820 ὑπερισχύουσαν.

2077 5756 2092 5792 ί
2131 5759 2506 5831 παραφθορὰν.
