  <div class='ocr_page' id='page_1' title='image "/cluster/home/n/w/nwhite01/storage/ocr_20150623/76/pst.000005712755/598.png"; bbox 0 0 4056 6334; ppageno 0'>
   <div class='ocr_carea' id='block_1_1' title="bbox 258 391 399 450">
    <p class='ocr_par' dir='ltr' id='par_1_1' title="bbox 258 391 399 450">
     <span class='ocr_line' id='line_1_1' title="bbox 258 391 399 450; baseline 0 -1"><span class='ocrx_word' id='word_1_1' title='bbox 258 391 399 450; x_wconf 68' lang='grc'><strong>1149</strong></span> 
     </span>
    </p>
   </div>
   <div class='ocr_carea' id='block_1_2' title="bbox 253 505 1822 582">
    <p class='ocr_par' dir='ltr' id='par_1_2' title="bbox 253 505 1822 582">
     <span class='ocr_line' id='line_1_2' title="bbox 253 505 1822 582; baseline 0.004 -23"><span class='ocrx_word' id='word_1_2' title='bbox 253 506 477 561; x_wconf 79' lang='grc' dir='ltr'>παθῶν·</span> <span class='ocrx_word' id='word_1_3' title='bbox 507 505 619 560; x_wconf 71' lang='grc' dir='ltr'>οὔτ’</span> <span class='ocrx_word' id='word_1_4' title='bbox 652 506 719 560; x_wconf 77' lang='grc' dir='ltr'>ἂν</span> <span class='ocrx_word' id='word_1_5' title='bbox 747 509 778 577; x_wconf 84' lang='grc' dir='ltr'><strong>ὴ</strong></span> <span class='ocrx_word' id='word_1_6' title='bbox 811 507 1020 577; x_wconf 77' lang='grc' dir='ltr'>φθαρτή</span> <span class='ocrx_word' id='word_1_7' title='bbox 1045 525 1099 559; x_wconf 86' lang='grc' dir='ltr'><strong>τε</strong></span> <span class='ocrx_word' id='word_1_8' title='bbox 1130 510 1219 561; x_wconf 75' lang='grc' dir='ltr'>καὶ</span> <span class='ocrx_word' id='word_1_9' title='bbox 1253 511 1608 582; x_wconf 82' lang='grc' dir='ltr'>ἀλλοιουμένη</span> <span class='ocrx_word' id='word_1_10' title='bbox 1639 515 1822 581; x_wconf 78' lang='grc' dir='ltr'>φύσις,</span> 
     </span>
    </p>
   </div>
   <div class='ocr_carea' id='block_1_3' title="bbox 252 598 1821 673">
    <p class='ocr_par' dir='ltr' id='par_1_3' title="bbox 252 598 1821 673">
     <span class='ocr_line' id='line_1_3' title="bbox 252 598 1821 673; baseline 0.004 -24"><span class='ocrx_word' id='word_1_11' title='bbox 252 598 536 650; x_wconf 71' lang='grc' dir='ltr'><strong>τουτέστιν</strong></span> <span class='ocrx_word' id='word_1_12' title='bbox 582 599 614 666; x_wconf 88' lang='grc' dir='ltr'>ἡ</span> <span class='ocrx_word' id='word_1_13' title='bbox 666 599 921 665; x_wconf 81' lang='grc' dir='ltr'>γεννητὴ,</span> <span class='ocrx_word' id='word_1_14' title='bbox 950 600 1442 669; x_wconf 77' lang='grc' dir='ltr'>καταπλουτήσειεν</span> <span class='ocrx_word' id='word_1_15' title='bbox 1477 601 1541 653; x_wconf 84' lang='grc' dir='ltr'><strong>ἂν</strong></span> <span class='ocrx_word' id='word_1_16' title='bbox 1591 603 1821 673; x_wconf 79' lang='grc' dir='ltr'>ούσιώδη</span> 
     </span>
    </p>
   </div>
   <div class='ocr_carea' id='block_1_4' title="bbox 252 687 1821 761">
    <p class='ocr_par' dir='ltr' id='par_1_4' title="bbox 252 687 1821 761">
     <span class='ocr_line' id='line_1_4' title="bbox 252 687 1821 761; baseline 0.004 -21"><span class='ocrx_word' id='word_1_17' title='bbox 252 688 357 759; x_wconf 80' lang='grc' dir='ltr'><strong>τὴν</strong></span> <span class='ocrx_word' id='word_1_18' title='bbox 385 688 668 758; x_wconf 77' lang='grc' dir='ltr'>ἀτρεψίαν,</span> <span class='ocrx_word' id='word_1_19' title='bbox 732 688 838 740; x_wconf 74' lang='grc' dir='ltr'>οὐδ’</span> <span class='ocrx_word' id='word_1_20' title='bbox 892 687 957 741; x_wconf 84' lang='grc' dir='ltr'><strong>ἂν</strong></span> <span class='ocrx_word' id='word_1_21' title='bbox 997 690 1324 758; x_wconf 84' lang='grc' dir='ltr'>ἐπαυχήσειε</span> <span class='ocrx_word' id='word_1_22' title='bbox 1368 695 1480 754; x_wconf 84' lang='grc' dir='ltr'>τοῖς</span> <span class='ocrx_word' id='word_1_23' title='bbox 1527 696 1625 761; x_wconf 78' lang='grc' dir='ltr'>τῆς</span> <span class='ocrx_word' id='word_1_24' title='bbox 1674 693 1821 757; x_wconf 84' lang='grc' dir='ltr'>θείας</span> 
     </span>
    </p>
   </div>
   <div class='ocr_carea' id='block_1_5' title="bbox 256 778 1822 855">
    <p class='ocr_par' dir='ltr' id='par_1_5' title="bbox 256 778 1822 855">
     <span class='ocr_line' id='line_1_5' title="bbox 256 778 1822 855; baseline 0.004 -23"><span class='ocrx_word' id='word_1_25' title='bbox 256 778 475 846; x_wconf 84' lang='grc' dir='ltr'>φύσεως</span> <span class='ocrx_word' id='word_1_26' title='bbox 504 779 746 845; x_wconf 75' lang='grc' dir='ltr'>ἀγαθοῖς,</span> <span class='ocrx_word' id='word_1_27' title='bbox 781 781 856 839; x_wconf 79' lang='grc' dir='ltr'>ὼς</span> <span class='ocrx_word' id='word_1_28' title='bbox 892 780 1059 851; x_wconf 72' lang='grc' dir='ltr'>ἰδίοις,</span> <span class='ocrx_word' id='word_1_29' title='bbox 1090 784 1121 849; x_wconf 82' lang='grc' dir='ltr'>ἠ</span> <span class='ocrx_word' id='word_1_30' title='bbox 1167 783 1363 845; x_wconf 78' lang='grc' dir='ltr'><strong>κτίσις·</strong></span> <span class='ocrx_word' id='word_1_31' title='bbox 1398 784 1687 837; x_wconf 80' lang='grc' dir='ltr'>ἀκούσεται</span> <span class='ocrx_word' id='word_1_32' title='bbox 1715 787 1822 855; x_wconf 73' lang='grc' dir='ltr'><strong>γὰρ</strong></span> 
     </span>
    </p>
   </div>
   <div class='ocr_carea' id='block_1_6' title="bbox 256 871 1822 940">
    <p class='ocr_par' dir='ltr' id='par_1_6' title="bbox 256 871 1822 940">
     <span class='ocr_line' id='line_1_6' title="bbox 256 871 1822 940; baseline 0.004 -17"><span class='ocrx_word' id='word_1_33' title='bbox 256 872 520 937; x_wconf 78' lang='grc' dir='ltr'><strong>εὐλόγως·</strong></span> <span class='ocrx_word' id='word_1_34' title='bbox 555 892 572 922; x_wconf 78' lang='grc' dir='ltr'><strong>ι</strong></span> <span class='ocrx_word' id='word_1_35' title='bbox 595 873 780 940; x_wconf 76' lang='grc' dir='ltr'>Τίγὰρ</span> <span class='ocrx_word' id='word_1_36' title='bbox 802 871 988 940; x_wconf 76' lang='grc' dir='ltr'><strong>ἔχειςὸ</strong></span> <span class='ocrx_word' id='word_1_37' title='bbox 1020 874 1115 925; x_wconf 71' lang='grc' dir='ltr'><strong>οὐκ</strong></span> <span class='ocrx_word' id='word_1_38' title='bbox 1139 874 1362 939; x_wconf 77' lang='grc' dir='ltr'>ἑλαϐεςς</span> <span class='ocrx_word' id='word_1_39' title='bbox 1392 895 1409 924; x_wconf 75' lang='grc' dir='ltr'><strong>ι</strong></span> <span class='ocrx_word' id='word_1_40' title='bbox 1447 876 1643 929; x_wconf 73' lang='grc' dir='ltr'>Ὀτιδέ</span> <span class='ocrx_word' id='word_1_41' title='bbox 1677 880 1822 931; x_wconf 84' lang='grc' dir='ltr'>ἐστιν</span> 
     </span>
    </p>
   </div>
   <div class='ocr_carea' id='block_1_7' title="bbox 254 963 1821 1037">
    <p class='ocr_par' dir='ltr' id='par_1_7' title="bbox 254 963 1821 1037">
     <span class='ocr_line' id='line_1_7' title="bbox 254 963 1821 1037; baseline 0.005 -23"><span class='ocrx_word' id='word_1_42' title='bbox 254 963 526 1032; x_wconf 76' lang='grc' dir='ltr'><strong>ἄτρεπτος</strong></span> <span class='ocrx_word' id='word_1_43' title='bbox 552 964 647 1032; x_wconf 82' lang='grc' dir='ltr'>μὲν</span> <span class='ocrx_word' id='word_1_44' title='bbox 682 964 772 1015; x_wconf 78' lang='grc' dir='ltr'><strong>καὶ</strong></span> <span class='ocrx_word' id='word_1_45' title='bbox 796 963 1153 1027; x_wconf 74' lang='grc' dir='ltr'><strong>ἀναλλοίωτος</strong></span> <span class='ocrx_word' id='word_1_46' title='bbox 1176 967 1452 1030; x_wconf 80' lang='grc' dir='ltr'>παντελῶς</span> <span class='ocrx_word' id='word_1_47' title='bbox 1480 969 1511 1037; x_wconf 81' lang='grc' dir='ltr'><strong>ἡ</strong></span> <span class='ocrx_word' id='word_1_48' title='bbox 1533 968 1625 1021; x_wconf 88' lang='grc' dir='ltr'><strong>τοῦ</strong></span> <span class='ocrx_word' id='word_1_49' title='bbox 1650 970 1821 1037; x_wconf 83' lang='grc' dir='ltr'>Λόγου</span> 
     </span>
    </p>
   </div>
   <div class='ocr_carea' id='block_1_8' title="bbox 255 1052 1822 1128">
    <p class='ocr_par' dir='ltr' id='par_1_8' title="bbox 255 1052 1822 1128">
     <span class='ocr_line' id='line_1_8' title="bbox 255 1052 1822 1128; baseline 0.004 -23"><span class='ocrx_word' id='word_1_50' title='bbox 255 1053 441 1121; x_wconf 84' lang='grc' dir='ltr'>φύσις,</span> <span class='ocrx_word' id='word_1_51' title='bbox 478 1053 738 1123; x_wconf 76' lang='grc' dir='ltr'>ἀλλοιωτὴ</span> <span class='ocrx_word' id='word_1_52' title='bbox 766 1053 820 1104; x_wconf 81' lang='grc' dir='ltr'>δὲ</span> <span class='ocrx_word' id='word_1_53' title='bbox 848 1052 1024 1122; x_wconf 82' lang='grc' dir='ltr'><strong>πάντη</strong></span> <span class='ocrx_word' id='word_1_54' title='bbox 1050 1056 1081 1123; x_wconf 89' lang='grc' dir='ltr'>ή</span> <span class='ocrx_word' id='word_1_55' title='bbox 1109 1055 1329 1125; x_wconf 80' lang='grc' dir='ltr'>γενητὴ,</span> <span class='ocrx_word' id='word_1_56' title='bbox 1367 1057 1707 1128; x_wconf 83' lang='grc' dir='ltr'>καταθρήσαι</span> <span class='ocrx_word' id='word_1_57' title='bbox 1738 1077 1822 1123; x_wconf 85' lang='grc' dir='ltr'><strong>τις</strong></span> 
     </span>
    </p>
   </div>
   <div class='ocr_carea' id='block_1_9' title="bbox 253 1144 1820 1219">
    <p class='ocr_par' dir='ltr' id='par_1_9' title="bbox 253 1144 1820 1219">
     <span class='ocr_line' id='line_1_9' title="bbox 253 1144 1820 1219; baseline 0.004 -22"><span class='ocrx_word' id='word_1_58' title='bbox 253 1144 324 1197; x_wconf 76' lang='grc' dir='ltr'>ἂν</span> <span class='ocrx_word' id='word_1_59' title='bbox 361 1146 453 1198; x_wconf 67' lang='grc' dir='ltr'><strong>καὶ</strong></span> <span class='ocrx_word' id='word_1_60' title='bbox 483 1146 603 1197; x_wconf 93' lang='grc' dir='ltr'>λίαν</span> <span class='ocrx_word' id='word_1_61' title='bbox 641 1144 895 1209; x_wconf 81' lang='grc' dir='ltr'>εὐκόλως,</span> <span class='ocrx_word' id='word_1_62' title='bbox 924 1146 1395 1215; x_wconf 82' lang='grc' dir='ltr'>ἁναμελῳδοῦντος</span> <span class='ocrx_word' id='word_1_63' title='bbox 1432 1149 1490 1199; x_wconf 79' lang='grc' dir='ltr'>ὲν</span> <span class='ocrx_word' id='word_1_64' title='bbox 1537 1150 1820 1219; x_wconf 87' lang='grc' dir='ltr'>Πνεύματι</span> 
     </span>
    </p>
   </div>
   <div class='ocr_carea' id='block_1_10' title="bbox 253 1234 1821 1306">
    <p class='ocr_par' dir='ltr' id='par_1_10' title="bbox 253 1234 1821 1306">
     <span class='ocr_line' id='line_1_10' title="bbox 253 1234 1821 1306; baseline 0.004 -20"><span class='ocrx_word' id='word_1_65' title='bbox 253 1234 352 1286; x_wconf 85' lang='grc' dir='ltr'><strong>τοῦ</strong></span> <span class='ocrx_word' id='word_1_66' title='bbox 387 1235 652 1305; x_wconf 81' lang='grc' dir='ltr'><strong>μακαρίου</strong></span> <span class='ocrx_word' id='word_1_67' title='bbox 678 1234 839 1287; x_wconf 82' lang='grc' dir='ltr'><strong>Δαυῖδ</strong></span> <span class='ocrx_word' id='word_1_68' title='bbox 858 1252 871 1265; x_wconf 86' lang='grc'><strong>·</strong></span> <span class='ocrx_word' id='word_1_69' title='bbox 911 1255 927 1285; x_wconf 80' lang='grc' dir='ltr'><strong>ι</strong></span> <span class='ocrx_word' id='word_1_70' title='bbox 950 1238 1013 1287; x_wconf 83' lang='lat' dir='ltr'><strong>Ol</strong></span> <span class='ocrx_word' id='word_1_71' title='bbox 1037 1236 1257 1306; x_wconf 76' lang='grc' dir='ltr'>οὐρανοὶ</span> <span class='ocrx_word' id='word_1_72' title='bbox 1291 1236 1638 1302; x_wconf 81' lang='grc' dir='ltr'>ἀπολοῦνται,</span> <span class='ocrx_word' id='word_1_73' title='bbox 1674 1240 1736 1291; x_wconf 82' lang='grc' dir='ltr'><strong>σὺ</strong></span> <span class='ocrx_word' id='word_1_74' title='bbox 1766 1240 1821 1292; x_wconf 82' lang='grc' dir='ltr'><strong>δὲ</strong></span> 
     </span>
    </p>
   </div>
   <div class='ocr_carea' id='block_1_11' title="bbox 252 1326 1818 1406">
    <p class='ocr_par' dir='ltr' id='par_1_11' title="bbox 252 1326 1818 1406">
     <span class='ocr_line' id='line_1_11' title="bbox 252 1326 1818 1406; baseline 0.009 -29"><span class='ocrx_word' id='word_1_75' title='bbox 252 1326 535 1395; x_wconf 78' lang='grc' dir='ltr'><strong>διαμένεις</strong></span> <span class='ocrx_word' id='word_1_76' title='bbox 558 1345 569 1357; x_wconf 80' lang='grc'><em>’</em></span> <span class='ocrx_word' id='word_1_77' title='bbox 599 1330 694 1383; x_wconf 80' lang='grc' dir='ltr'><strong>καὶ</strong></span> <span class='ocrx_word' id='word_1_78' title='bbox 724 1333 922 1395; x_wconf 87' lang='grc' dir='ltr'>πάντες</span> <span class='ocrx_word' id='word_1_79' title='bbox 955 1334 1029 1394; x_wconf 77' lang='grc' dir='ltr'>ὡς</span> <span class='ocrx_word' id='word_1_80' title='bbox 1075 1336 1290 1405; x_wconf 79' lang='grc' dir='ltr'>ἱμάτιον</span> <span class='ocrx_word' id='word_1_81' title='bbox 1328 1336 1818 1406; x_wconf 78' lang='grc' dir='ltr'>παλαιωθήσονται,</span> 
     </span>
    </p>
   </div>
   <div class='ocr_carea' id='block_1_12' title="bbox 255 1417 1815 1497">
    <p class='ocr_par' dir='ltr' id='par_1_12' title="bbox 255 1417 1815 1497">
     <span class='ocr_line' id='line_1_12' title="bbox 255 1417 1815 1497; baseline 0.009 -29"><span class='ocrx_word' id='word_1_82' title='bbox 255 1417 354 1469; x_wconf 74' lang='grc' dir='ltr'>καὶ</span> <span class='ocrx_word' id='word_1_83' title='bbox 383 1420 513 1471; x_wconf 75' lang='grc' dir='ltr'>ὡσεὶ</span> <span class='ocrx_word' id='word_1_84' title='bbox 568 1421 914 1492; x_wconf 87' lang='grc' dir='ltr'>περιϐόλαιον</span> <span class='ocrx_word' id='word_1_85' title='bbox 949 1424 1139 1490; x_wconf 78' lang='grc' dir='ltr'>ἑλίξεις</span> <span class='ocrx_word' id='word_1_86' title='bbox 1178 1429 1397 1490; x_wconf 75' lang='grc' dir='ltr'>αὐτοὺς,</span> <span class='ocrx_word' id='word_1_87' title='bbox 1440 1429 1532 1480; x_wconf 78' lang='grc' dir='ltr'><strong>καὶ</strong></span> <span class='ocrx_word' id='word_1_88' title='bbox 1584 1424 1815 1497; x_wconf 60' lang='grc' dir='ltr'>ἀλλαγή-</span> 
     </span>
    </p>
   </div>
   <div class='ocr_carea' id='block_1_13' title="bbox 256 1511 1821 1589">
    <p class='ocr_par' dir='ltr' id='par_1_13' title="bbox 256 1511 1821 1589">
     <span class='ocr_line' id='line_1_13' title="bbox 256 1511 1821 1589; baseline 0.01 -30"><span class='ocrx_word' id='word_1_89' title='bbox 256 1524 443 1560; x_wconf 86' lang='grc' dir='ltr'>σονται</span> <span class='ocrx_word' id='word_1_90' title='bbox 464 1525 476 1537; x_wconf 80' lang='grc'><strong>’</strong></span> <span class='ocrx_word' id='word_1_91' title='bbox 511 1511 573 1562; x_wconf 76' lang='grc' dir='ltr'><strong>σὺ</strong></span> <span class='ocrx_word' id='word_1_92' title='bbox 605 1512 659 1564; x_wconf 80' lang='grc' dir='ltr'><strong>δὲ</strong></span> <span class='ocrx_word' id='word_1_93' title='bbox 698 1516 725 1565; x_wconf 87' lang='grc' dir='ltr'><strong>ό</strong></span> <span class='ocrx_word' id='word_1_94' title='bbox 755 1515 918 1577; x_wconf 78' lang='grc' dir='ltr'>αὐτὸς</span> <span class='ocrx_word' id='word_1_95' title='bbox 949 1511 1018 1579; x_wconf 79' lang='grc' dir='ltr'><strong>εί,</strong></span> <span class='ocrx_word' id='word_1_96' title='bbox 1046 1517 1140 1568; x_wconf 75' lang='grc' dir='ltr'><strong>καὶ</strong></span> <span class='ocrx_word' id='word_1_97' title='bbox 1166 1518 1235 1569; x_wconf 86' lang='grc' dir='ltr'>τὰ</span> <span class='ocrx_word' id='word_1_98' title='bbox 1264 1518 1355 1589; x_wconf 78' lang='grc' dir='ltr'>ἐτη</span> <span class='ocrx_word' id='word_1_99' title='bbox 1390 1536 1483 1571; x_wconf 89' lang='grc' dir='ltr'><strong>σου</strong></span> <span class='ocrx_word' id='word_1_100' title='bbox 1515 1520 1615 1572; x_wconf 88' lang='grc' dir='ltr'><strong>οὐκ</strong></span> <span class='ocrx_word' id='word_1_101' title='bbox 1644 1520 1821 1573; x_wconf 85' lang='grc' dir='ltr'>ἐκλεί-</span> 
     </span>
    </p>
   </div>
   <div class='ocr_carea' id='block_1_14' title="bbox 250 1597 1819 1677">
    <p class='ocr_par' dir='ltr' id='par_1_14' title="bbox 250 1597 1819 1677">
     <span class='ocr_line' id='line_1_14' title="bbox 250 1597 1819 1677; baseline 0.01 -29"><span class='ocrx_word' id='word_1_102' title='bbox 250 1597 435 1663; x_wconf 72' lang='grc' dir='ltr'>ψουσι.</span> <span class='ocrx_word' id='word_1_103' title='bbox 477 1619 493 1651; x_wconf 76' lang='grc' dir='ltr'><strong>ι</strong></span> <span class='ocrx_word' id='word_1_104' title='bbox 529 1602 637 1654; x_wconf 87' lang='grc' dir='ltr'>Ποῦ</span> <span class='ocrx_word' id='word_1_105' title='bbox 666 1604 955 1674; x_wconf 74' lang='grc' dir='ltr'>τοιγαροῦν</span> <span class='ocrx_word' id='word_1_106' title='bbox 995 1607 1301 1677; x_wconf 82' lang='grc' dir='ltr'>μεμένηκεν</span> <span class='ocrx_word' id='word_1_107' title='bbox 1332 1611 1360 1661; x_wconf 90' lang='grc' dir='ltr'>ὁ</span> <span class='ocrx_word' id='word_1_108' title='bbox 1401 1611 1563 1672; x_wconf 81' lang='grc' dir='ltr'>αὐτὸς</span> <span class='ocrx_word' id='word_1_109' title='bbox 1593 1610 1673 1662; x_wconf 79' lang='grc' dir='ltr'><strong>ἑτι</strong></span> <span class='ocrx_word' id='word_1_110' title='bbox 1702 1614 1729 1664; x_wconf 86' lang='grc' dir='ltr'>ὁ</span> <span class='ocrx_word' id='word_1_111' title='bbox 1758 1613 1819 1663; x_wconf 85' lang='grc' dir='ltr'><strong>ἐκ</strong></span> 
     </span>
    </p>
   </div>
   <div class='ocr_carea' id='block_1_15' title="bbox 251 1687 1819 1770">
    <p class='ocr_par' dir='ltr' id='par_1_15' title="bbox 251 1687 1819 1770">
     <span class='ocr_line' id='line_1_15' title="bbox 251 1687 1819 1770; baseline 0.009 -32"><span class='ocrx_word' id='word_1_112' title='bbox 251 1687 391 1739; x_wconf 84' lang='grc' dir='ltr'>Θεοῦ</span> <span class='ocrx_word' id='word_1_113' title='bbox 445 1690 635 1758; x_wconf 81' lang='grc' dir='ltr'>Λόγος,</span> <span class='ocrx_word' id='word_1_114' title='bbox 686 1693 847 1764; x_wconf 80' lang='grc' dir='ltr'>εἴπερ</span> <span class='ocrx_word' id='word_1_115' title='bbox 878 1695 1025 1748; x_wconf 70' lang='grc' dir='ltr'>ἐστὶν</span> <span class='ocrx_word' id='word_1_116' title='bbox 1076 1698 1272 1766; x_wconf 85' lang='grc' dir='ltr'>ἀληθὲς</span> <span class='ocrx_word' id='word_1_117' title='bbox 1305 1700 1497 1761; x_wconf 84' lang='grc' dir='ltr'>είπείν,</span> <span class='ocrx_word' id='word_1_118' title='bbox 1523 1701 1603 1753; x_wconf 83' lang='grc' dir='ltr'><strong>ὅτι</strong></span> <span class='ocrx_word' id='word_1_119' title='bbox 1639 1701 1819 1770; x_wconf 80' lang='grc' dir='ltr'>μεθεὶς</span> 
     </span>
    </p>
   </div>
   <div class='ocr_carea' id='block_1_16' title="bbox 249 1780 1818 1859">
    <p class='ocr_par' dir='ltr' id='par_1_16' title="bbox 249 1780 1818 1859">
     <span class='ocr_line' id='line_1_16' title="bbox 249 1780 1818 1859; baseline 0.009 -29"><span class='ocrx_word' id='word_1_120' title='bbox 249 1780 317 1832; x_wconf 86' lang='grc' dir='ltr'><strong>τὸ</strong></span> <span class='ocrx_word' id='word_1_121' title='bbox 344 1782 825 1853; x_wconf 78' lang='grc' dir='ltr'>ἐρηρεισμένωςτε</span> <span class='ocrx_word' id='word_1_122' title='bbox 853 1788 945 1839; x_wconf 76' lang='grc' dir='ltr'><strong>καὶ</strong></span> <span class='ocrx_word' id='word_1_123' title='bbox 970 1788 1278 1859; x_wconf 77' lang='grc' dir='ltr'>ἀκλονήτως</span> <span class='ocrx_word' id='word_1_124' title='bbox 1302 1789 1462 1858; x_wconf 75' lang='grc' dir='ltr'>ἔχειν,</span> <span class='ocrx_word' id='word_1_125' title='bbox 1484 1792 1818 1859; x_wconf 84' lang='grc' dir='ltr'>καταπεφοί-</span> 
     </span>
    </p>
   </div>
   <div class='ocr_carea' id='block_1_17' title="bbox 249 1874 1824 1949">
    <p class='ocr_par' dir='ltr' id='par_1_17' title="bbox 249 1874 1824 1949">
     <span class='ocr_line' id='line_1_17' title="bbox 249 1874 1824 1949; baseline 0.008 -28"><span class='ocrx_word' id='word_1_126' title='bbox 249 1887 390 1938; x_wconf 86' lang='grc' dir='ltr'>τηκε</span> <span class='ocrx_word' id='word_1_127' title='bbox 431 1874 529 1942; x_wconf 83' lang='grc' dir='ltr'><strong>μὲν</strong></span> <span class='ocrx_word' id='word_1_128' title='bbox 555 1876 631 1937; x_wconf 90' lang='grc' dir='ltr'><strong>είς</strong></span> <span class='ocrx_word' id='word_1_129' title='bbox 661 1876 796 1946; x_wconf 84' lang='grc' dir='ltr'>ὅπερ</span> <span class='ocrx_word' id='word_1_130' title='bbox 821 1878 920 1929; x_wconf 76' lang='grc' dir='ltr'><strong>οὐκ</strong></span> <span class='ocrx_word' id='word_1_131' title='bbox 953 1874 1040 1948; x_wconf 83' lang='grc' dir='ltr'>ἦν,</span> <span class='ocrx_word' id='word_1_132' title='bbox 1086 1881 1517 1949; x_wconf 82' lang='grc' dir='ltr'>μεταπεποίηται</span> <span class='ocrx_word' id='word_1_133' title='bbox 1541 1882 1596 1933; x_wconf 83' lang='grc' dir='ltr'><strong>δὲ</strong></span> <span class='ocrx_word' id='word_1_134' title='bbox 1625 1883 1715 1934; x_wconf 79' lang='grc' dir='ltr'><strong>καὶ</strong></span> <span class='ocrx_word' id='word_1_135' title='bbox 1745 1884 1824 1944; x_wconf 86' lang='grc' dir='ltr'><strong>είς</strong></span> 
     </span>
    </p>
   </div>
   <div class='ocr_carea' id='block_1_18' title="bbox 252 1964 1815 2041">
    <p class='ocr_par' dir='ltr' id='par_1_18' title="bbox 252 1964 1815 2041">
     <span class='ocr_line' id='line_1_18' title="bbox 252 1964 1815 2041; baseline 0.006 -27"><span class='ocrx_word' id='word_1_136' title='bbox 252 1964 459 2032; x_wconf 84' lang='grc' dir='ltr'>σαρκὸς</span> <span class='ocrx_word' id='word_1_137' title='bbox 499 1964 679 2033; x_wconf 77' lang='grc' dir='ltr'>φύσιν,</span> <span class='ocrx_word' id='word_1_138' title='bbox 714 1969 804 2019; x_wconf 78' lang='grc' dir='ltr'>καὶ</span> <span class='ocrx_word' id='word_1_139' title='bbox 837 1969 915 2028; x_wconf 81' lang='grc' dir='ltr'><strong>είς</strong></span> <span class='ocrx_word' id='word_1_140' title='bbox 938 1968 1000 2020; x_wconf 82' lang='grc' dir='ltr'><strong>τὸ</strong></span> <span class='ocrx_word' id='word_1_141' title='bbox 1036 1969 1355 2041; x_wconf 77' lang='grc' dir='ltr'>φθείρεσθαι</span> <span class='ocrx_word' id='word_1_142' title='bbox 1385 1971 1658 2039; x_wconf 84' lang='grc' dir='ltr'>πεφυκός;</span> <span class='ocrx_word' id='word_1_143' title='bbox 1692 1967 1815 2040; x_wconf 67' lang='grc' dir='ltr'><strong>’Ἆρ’</strong></span> 
     </span>
    </p>
   </div>
   <div class='ocr_carea' id='block_1_19' title="bbox 248 2052 1816 2131">
    <p class='ocr_par' dir='ltr' id='par_1_19' title="bbox 248 2052 1816 2131">
     <span class='ocr_line' id='line_1_19' title="bbox 248 2052 1816 2131; baseline 0.005 -25"><span class='ocrx_word' id='word_1_144' title='bbox 248 2052 347 2109; x_wconf 81' lang='grc' dir='ltr'><strong>οῦν</strong></span> <span class='ocrx_word' id='word_1_145' title='bbox 374 2058 491 2127; x_wconf 78' lang='grc' dir='ltr'>οὐχὶ</span> <span class='ocrx_word' id='word_1_146' title='bbox 512 2058 675 2129; x_wconf 81' lang='grc' dir='ltr'>λῆρός</span> <span class='ocrx_word' id='word_1_147' title='bbox 701 2078 758 2113; x_wconf 88' lang='grc' dir='ltr'><strong>τε</strong></span> <span class='ocrx_word' id='word_1_148' title='bbox 798 2061 898 2130; x_wconf 77' lang='grc' dir='ltr'><strong>ἥδη</strong></span> <span class='ocrx_word' id='word_1_149' title='bbox 922 2062 1014 2113; x_wconf 66' lang='grc' dir='ltr'><strong>καὶ</strong></span> <span class='ocrx_word' id='word_1_150' title='bbox 1049 2062 1212 2131; x_wconf 84' lang='grc' dir='ltr'>μανία</span> <span class='ocrx_word' id='word_1_151' title='bbox 1240 2064 1429 2128; x_wconf 86' lang='grc' dir='ltr'>ταυτί;</span> <span class='ocrx_word' id='word_1_152' title='bbox 1463 2063 1639 2116; x_wconf 86' lang='grc' dir='ltr'>καίτοι</span> <span class='ocrx_word' id='word_1_153' title='bbox 1700 2064 1816 2125; x_wconf 82' lang='grc' dir='ltr'><strong>πῶς</strong></span> 
     </span>
    </p>
   </div>
   <div class='ocr_carea' id='block_1_20' title="bbox 248 2145 806 2213">
    <p class='ocr_par' dir='ltr' id='par_1_20' title="bbox 248 2145 806 2213">
     <span class='ocr_line' id='line_1_20' title="bbox 248 2145 806 2213; baseline 0.018 -18"><span class='ocrx_word' id='word_1_154' title='bbox 248 2145 318 2198; x_wconf 80' lang='grc' dir='ltr'>ἂν</span> <span class='ocrx_word' id='word_1_155' title='bbox 345 2146 635 2200; x_wconf 79' lang='grc' dir='ltr'>ἐνδοιάσειὲ</span> <span class='ocrx_word' id='word_1_156' title='bbox 674 2166 758 2211; x_wconf 85' lang='grc' dir='ltr'><strong>τις</strong></span> <span class='ocrx_word' id='word_1_157' title='bbox 791 2168 806 2213; x_wconf 89' lang='grc'>;</span> 
     </span>
    </p>
   </div>
   <div class='ocr_carea' id='block_1_21' title="bbox 1213 396 2570 465">
    <p class='ocr_par' dir='ltr' id='par_1_21' title="bbox 1213 396 2570 465">
     <span class='ocr_line' id='line_1_21' title="bbox 1213 396 2570 465; baseline 0.005 -15"><span class='ocrx_word' id='word_1_158' title='bbox 1213 397 1299 451; x_wconf 83' lang='lat' dir='ltr'><strong>DE</strong></span> <span class='ocrx_word' id='word_1_159' title='bbox 1340 396 1567 453; x_wconf 77' lang='lat' dir='ltr'><strong>RECTA</strong></span> <span class='ocrx_word' id='word_1_160' title='bbox 1608 398 1781 465; x_wconf 76' lang='lat' dir='ltr'><strong>FIDE,</strong></span> <span class='ocrx_word' id='word_1_161' title='bbox 1823 400 1914 455; x_wconf 79' lang='lat' dir='ltr'><strong>AD</strong></span> <span class='ocrx_word' id='word_1_162' title='bbox 1953 400 2390 457; x_wconf 83' lang='lat' dir='ltr'><strong>THEUDOSIUM</strong></span> <span class='ocrx_word' id='word_1_163' title='bbox 2433 402 2570 457; x_wconf 79' lang='lat' dir='ltr'><strong>IMP.</strong></span> 
     </span>
    </p>
   </div>
   <div class='ocr_carea' id='block_1_22' title="bbox 3348 406 3484 465">
    <p class='ocr_par' dir='ltr' id='par_1_22' title="bbox 3348 406 3484 465">
     <span class='ocr_line' id='line_1_22' title="bbox 3348 406 3484 465; baseline 0.037 -5"><span class='ocrx_word' id='word_1_164' title='bbox 3348 406 3484 465; x_wconf 82' lang='lat' dir='ltr'><strong>H50</strong></span> 
     </span>
    </p>
   </div>
   <div class='ocr_carea' id='block_1_23' title="bbox 1926 516 3482 587">
    <p class='ocr_par' dir='ltr' id='par_1_23' title="bbox 1926 516 3482 587">
     <span class='ocr_line' id='line_1_23' title="bbox 1926 516 3482 587; baseline 0.003 -20"><span class='ocrx_word' id='word_1_165' title='bbox 1926 516 2173 584; x_wconf 83' lang='lat' dir='ltr'><strong>pulsione</strong></span> <span class='ocrx_word' id='word_1_166' title='bbox 2195 526 2346 571; x_wconf 80' lang='lat' dir='ltr'><strong>extra</strong></span> <span class='ocrx_word' id='word_1_167' title='bbox 2373 518 2604 586; x_wconf 70' lang='lat' dir='ltr'><strong>propria:</strong></span> <span class='ocrx_word' id='word_1_168' title='bbox 2621 516 2931 572; x_wconf 67' lang='lat' dir='ltr'><strong>stabilitatis</strong></span> <span class='ocrx_word' id='word_1_169' title='bbox 2959 517 3159 571; x_wconf 91' lang='lat' dir='ltr'><strong>limites</strong></span> <span class='ocrx_word' id='word_1_170' title='bbox 3189 517 3482 587; x_wconf 83' lang='lat' dir='ltr'><strong>aliquando</strong></span> 
     </span>
    </p>
   </div>
   <div class='ocr_carea' id='block_1_24' title="bbox 1924 607 3481 677">
    <p class='ocr_par' dir='ltr' id='par_1_24' title="bbox 1924 607 3481 677">
     <span class='ocr_line' id='line_1_24' title="bbox 1924 607 3481 677; baseline 0.001 -17"><span class='ocrx_word' id='word_1_171' title='bbox 1924 607 2345 673; x_wconf 82' lang='lat' dir='ltr'><strong>cxturbahilur;</strong></span> <span class='ocrx_word' id='word_1_172' title='bbox 2386 623 2558 676; x_wconf 86' lang='lat' dir='ltr'><strong>neque</strong></span> <span class='ocrx_word' id='word_1_173' title='bbox 2592 609 2957 677; x_wconf 83' lang='lat' dir='ltr'><strong>corruptibilis</strong></span> <span class='ocrx_word' id='word_1_174' title='bbox 2999 624 3212 661; x_wconf 90' lang='lat' dir='ltr'><strong>rursum</strong></span> <span class='ocrx_word' id='word_1_175' title='bbox 3245 619 3299 662; x_wconf 89' lang='lat' dir='ltr'><strong>et</strong></span> <span class='ocrx_word' id='word_1_176' title='bbox 3342 609 3481 662; x_wconf 88' lang='lat' dir='ltr'><strong>alte-</strong></span> 
     </span>
    </p>
   </div>
   <div class='ocr_carea' id='block_1_25' title="bbox 1927 696 3482 765">
    <p class='ocr_par' dir='ltr' id='par_1_25' title="bbox 1927 696 3482 765">
     <span class='ocr_line' id='line_1_25' title="bbox 1927 696 3482 765; baseline 0.001 -17"><span class='ocrx_word' id='word_1_177' title='bbox 1927 696 2109 749; x_wconf 89' lang='lat' dir='ltr'><strong>rahilis</strong></span> <span class='ocrx_word' id='word_1_178' title='bbox 2142 707 2352 759; x_wconf 90' lang='lat' dir='ltr'><strong>natura,</strong></span> <span class='ocrx_word' id='word_1_179' title='bbox 2393 698 2494 751; x_wconf 91' lang='lat' dir='ltr'><strong>hoc</strong></span> <span class='ocrx_word' id='word_1_180' title='bbox 2526 708 2610 752; x_wconf 90' lang='lat' dir='ltr'><strong>est</strong></span> <span class='ocrx_word' id='word_1_181' title='bbox 2654 708 2860 765; x_wconf 87' lang='lat' dir='ltr'><strong>creata,</strong></span> <span class='ocrx_word' id='word_1_182' title='bbox 2902 698 3248 752; x_wconf 87' lang='lat' dir='ltr'><strong>essentialem</strong></span> <span class='ocrx_word' id='word_1_183' title='bbox 3288 700 3482 750; x_wconf 90' lang='lat' dir='ltr'><strong>immu-</strong></span> 
     </span>
    </p>
   </div>
   <div class='ocr_carea' id='block_1_26' title="bbox 1924 788 3482 857">
    <p class='ocr_par' dir='ltr' id='par_1_26' title="bbox 1924 788 3482 857">
     <span class='ocr_line' id='line_1_26' title="bbox 1924 788 3482 857; baseline 0.001 -17"><span class='ocrx_word' id='word_1_184' title='bbox 1924 788 2243 841; x_wconf 84' lang='lat' dir='ltr'><strong>tabilitatetn</strong></span> <span class='ocrx_word' id='word_1_185' title='bbox 2306 789 2626 855; x_wconf 79' lang='lat' dir='ltr'><strong>quandoque</strong></span> <span class='ocrx_word' id='word_1_186' title='bbox 2686 790 3058 857; x_wconf 85' lang='lat' dir='ltr'><strong>adipiscetur;</strong></span> <span class='ocrx_word' id='word_1_187' title='bbox 3129 804 3302 856; x_wconf 89' lang='lat' dir='ltr'><strong>neque</strong></span> <span class='ocrx_word' id='word_1_188' title='bbox 3377 788 3482 841; x_wconf 85' lang='lat' dir='ltr'><strong>ulla</strong></span> 
     </span>
    </p>
   </div>
   <div class='ocr_carea' id='block_1_27' title="bbox 1920 879 3475 945">
    <p class='ocr_par' dir='ltr' id='par_1_27' title="bbox 1920 879 3475 945">
     <span class='ocr_line' id='line_1_27' title="bbox 1920 879 3475 945; baseline -0.003 -11"><span class='ocrx_word' id='word_1_189' title='bbox 1920 880 2139 934; x_wconf 79' lang='lat' dir='ltr'><strong>oinniuo</strong></span> <span class='ocrx_word' id='word_1_190' title='bbox 2173 893 2422 932; x_wconf 83' lang='lat' dir='ltr'><strong>creatura</strong></span> <span class='ocrx_word' id='word_1_191' title='bbox 2454 880 2648 934; x_wconf 77' lang='lat' dir='ltr'><strong>divina:</strong></span> <span class='ocrx_word' id='word_1_192' title='bbox 2682 890 2885 935; x_wconf 73' lang='lat' dir='ltr'><strong>natura:</strong></span> <span class='ocrx_word' id='word_1_193' title='bbox 2917 880 3072 933; x_wconf 93' lang='lat' dir='ltr'><strong>bonis</strong></span> <span class='ocrx_word' id='word_1_194' title='bbox 3125 879 3290 932; x_wconf 86' lang='lat' dir='ltr'><strong>veluti</strong></span> <span class='ocrx_word' id='word_1_195' title='bbox 3346 893 3475 945; x_wconf 76' lang='lat' dir='ltr'><strong>pro-</strong></span> 
     </span>
    </p>
   </div>
   <div class='ocr_carea' id='block_1_28' title="bbox 1921 968 3483 1040">
    <p class='ocr_par' dir='ltr' id='par_1_28' title="bbox 1921 968 3483 1040">
     <span class='ocr_line' id='line_1_28' title="bbox 1921 968 3483 1040; baseline -0.003 -16"><span class='ocrx_word' id='word_1_196' title='bbox 1921 971 2053 1040; x_wconf 87' lang='lat' dir='ltr'><strong>priis</strong></span> <span class='ocrx_word' id='word_1_197' title='bbox 2110 968 2401 1037; x_wconf 75' lang='lat' dir='ltr'><strong>aliquando</strong></span> <span class='ocrx_word' id='word_1_198' title='bbox 2447 971 2833 1035; x_wconf 88' lang='lat' dir='ltr'><strong>coronabitur;</strong></span> <span class='ocrx_word' id='word_1_199' title='bbox 2882 972 3064 1025; x_wconf 88' lang='lat' dir='ltr'><strong>audiet</strong></span> <span class='ocrx_word' id='word_1_200' title='bbox 3124 971 3290 1038; x_wconf 84' lang='lat' dir='ltr'><strong>enim,</strong></span> <span class='ocrx_word' id='word_1_201' title='bbox 3337 981 3389 1021; x_wconf 90' lang='lat' dir='ltr'><strong>et</strong></span> <span class='ocrx_word' id='word_1_202' title='bbox 3432 970 3483 1021; x_wconf 92' lang='lat' dir='ltr'><strong>id</strong></span> 
     </span>
    </p>
   </div>
   <div class='ocr_carea' id='block_1_29' title="bbox 1921 1060 3486 1132">
    <p class='ocr_par' dir='ltr' id='par_1_29' title="bbox 1921 1060 3486 1132">
     <span class='ocr_line' id='line_1_29' title="bbox 1921 1060 3486 1132; baseline -0.001 -20"><span class='ocrx_word' id='word_1_203' title='bbox 1921 1061 2133 1129; x_wconf 78' lang='lat' dir='ltr'><strong>quidem</strong></span> <span class='ocrx_word' id='word_1_204' title='bbox 2174 1061 2369 1113; x_wconf 89' lang='lat' dir='ltr'><strong>merito</strong></span> <span class='ocrx_word' id='word_1_205' title='bbox 2423 1079 2436 1115; x_wconf 91' lang='lat'>:</span> <span class='ocrx_word' id='word_1_206' title='bbox 2496 1079 2513 1110; x_wconf 78' lang='grc' dir='ltr'><strong>ι</strong></span> <span class='ocrx_word' id='word_1_207' title='bbox 2570 1060 2705 1125; x_wconf 88' lang='lat' dir='ltr'><strong>Quid</strong></span> <span class='ocrx_word' id='word_1_208' title='bbox 2758 1062 2922 1117; x_wconf 85' lang='lat' dir='ltr'><strong>habes</strong></span> <span class='ocrx_word' id='word_1_209' title='bbox 2961 1064 3104 1132; x_wconf 90' lang='lat' dir='ltr'><strong>quod</strong></span> <span class='ocrx_word' id='word_1_210' title='bbox 3169 1077 3272 1114; x_wconf 92' lang='lat' dir='ltr'><strong>non</strong></span> <span class='ocrx_word' id='word_1_211' title='bbox 3336 1075 3486 1113; x_wconf 86' lang='lat' dir='ltr'><strong>acce-</strong></span> 
     </span>
    </p>
   </div>
   <div class='ocr_carea' id='block_1_30' title="bbox 1922 1149 3486 1221">
    <p class='ocr_par' dir='ltr' id='par_1_30' title="bbox 1922 1149 3486 1221">
     <span class='ocr_line' id='line_1_30' title="bbox 1922 1149 3486 1221; baseline -0.001 -18"><span class='ocrx_word' id='word_1_212' title='bbox 1922 1149 2135 1218; x_wconf 82' lang='lat' dir='ltr'><strong>pisti&quot;?</strong></span> <span class='ocrx_word' id='word_1_213' title='bbox 2160 1170 2178 1201; x_wconf 75' lang='grc' dir='ltr'><strong>ι</strong></span> <span class='ocrx_word' id='word_1_214' title='bbox 2208 1150 2360 1217; x_wconf 87' lang='lat' dir='ltr'><strong>Quod</strong></span> <span class='ocrx_word' id='word_1_215' title='bbox 2392 1160 2566 1203; x_wconf 87' lang='lat' dir='ltr'><strong>autem</strong></span> <span class='ocrx_word' id='word_1_216' title='bbox 2590 1152 2755 1221; x_wconf 90' lang='lat' dir='ltr'><strong>ipsius</strong></span> <span class='ocrx_word' id='word_1_217' title='bbox 2771 1151 2929 1207; x_wconf 81' lang='lat' dir='ltr'><strong>Verbi</strong></span> <span class='ocrx_word' id='word_1_218' title='bbox 2953 1163 3141 1206; x_wconf 88' lang='lat' dir='ltr'><strong>natura</strong></span> <span class='ocrx_word' id='word_1_219' title='bbox 3169 1153 3338 1205; x_wconf 85' lang='lat' dir='ltr'><strong>modis</strong></span> <span class='ocrx_word' id='word_1_220' title='bbox 3370 1168 3486 1203; x_wconf 84' lang='lat' dir='ltr'><strong>ont-</strong></span> 
     </span>
    </p>
   </div>
   <div class='ocr_carea' id='block_1_31' title="bbox 1923 1242 3485 1308">
    <p class='ocr_par' dir='ltr' id='par_1_31' title="bbox 1923 1242 3485 1308">
     <span class='ocr_line' id='line_1_31' title="bbox 1923 1242 3485 1308; baseline 0.001 -14"><span class='ocrx_word' id='word_1_221' title='bbox 1923 1242 2078 1295; x_wconf 87' lang='lat' dir='ltr'><strong>nibus</strong></span> <span class='ocrx_word' id='word_1_222' title='bbox 2102 1243 2171 1296; x_wconf 88' lang='lat' dir='ltr'><strong>sit</strong></span> <span class='ocrx_word' id='word_1_223' title='bbox 2200 1243 2576 1305; x_wconf 91' lang='lat' dir='ltr'><strong>immutabilis,</strong></span> <span class='ocrx_word' id='word_1_224' title='bbox 2620 1256 2673 1297; x_wconf 91' lang='lat' dir='ltr'><strong>et</strong></span> <span class='ocrx_word' id='word_1_225' title='bbox 2718 1244 3053 1298; x_wconf 81' lang='lat' dir='ltr'><strong>invariahilis</strong></span> <span class='ocrx_word' id='word_1_226' title='bbox 3080 1286 3094 1308; x_wconf 93' lang='lat'><strong>,</strong></span> <span class='ocrx_word' id='word_1_227' title='bbox 3138 1244 3315 1297; x_wconf 90' lang='lat' dir='ltr'><strong>omnis</strong></span> <span class='ocrx_word' id='word_1_228' title='bbox 3356 1257 3485 1296; x_wconf 90' lang='lat' dir='ltr'><strong>vero</strong></span> 
     </span>
    </p>
   </div>
   <div class='ocr_carea' id='block_1_32' title="bbox 1922 1334 3483 1403">
    <p class='ocr_par' dir='ltr' id='par_1_32' title="bbox 1922 1334 3483 1403">
     <span class='ocr_line' id='line_1_32' title="bbox 1922 1334 3483 1403; baseline 0.001 -19"><span class='ocrx_word' id='word_1_229' title='bbox 1922 1342 2097 1385; x_wconf 81' lang='lat' dir='ltr'><strong>creata</strong></span> <span class='ocrx_word' id='word_1_230' title='bbox 2128 1335 2345 1385; x_wconf 90' lang='lat' dir='ltr'><strong>omnino</strong></span> <span class='ocrx_word' id='word_1_231' title='bbox 2380 1334 2652 1387; x_wconf 82' lang='lat' dir='ltr'><strong>mutabilis</strong></span> <span class='ocrx_word' id='word_1_232' title='bbox 2684 1335 2805 1403; x_wconf 76' lang='grc' dir='ltr'><strong>ιο,</strong></span> <span class='ocrx_word' id='word_1_233' title='bbox 2836 1335 2887 1387; x_wconf 89' lang='lat' dir='ltr'><strong>id</strong></span> <span class='ocrx_word' id='word_1_234' title='bbox 2921 1350 2985 1388; x_wconf 82' lang='lat' dir='ltr'><strong>ex</strong></span> <span class='ocrx_word' id='word_1_235' title='bbox 3027 1335 3208 1388; x_wconf 88' lang='lat' dir='ltr'><strong>divino</strong></span> <span class='ocrx_word' id='word_1_236' title='bbox 3260 1334 3483 1397; x_wconf 85' lang='lat' dir='ltr'><strong>Davide,</strong></span> 
     </span>
    </p>
   </div>
   <div class='ocr_carea' id='block_1_33' title="bbox 1921 1422 3487 1492">
    <p class='ocr_par' dir='ltr' id='par_1_33' title="bbox 1921 1422 3487 1492">
     <span class='ocr_line' id='line_1_33' title="bbox 1921 1422 3487 1492; baseline 0.001 -18"><span class='ocrx_word' id='word_1_237' title='bbox 1921 1423 2155 1476; x_wconf 87' lang='lat' dir='ltr'><strong>suaviter</strong></span> <span class='ocrx_word' id='word_1_238' title='bbox 2174 1424 2224 1474; x_wconf 92' lang='lat' dir='ltr'><strong>in</strong></span> <span class='ocrx_word' id='word_1_239' title='bbox 2248 1422 2447 1491; x_wconf 82' lang='lat' dir='ltr'><strong>Spiritu</strong></span> <span class='ocrx_word' id='word_1_240' title='bbox 2470 1424 2800 1487; x_wconf 89' lang='lat' dir='ltr'><strong>modulante,</strong></span> <span class='ocrx_word' id='word_1_241' title='bbox 2824 1424 2967 1477; x_wconf 89' lang='lat' dir='ltr'><strong>nullo</strong></span> <span class='ocrx_word' id='word_1_242' title='bbox 2986 1424 3201 1492; x_wconf 82' lang='lat' dir='ltr'><strong>negotio</strong></span> <span class='ocrx_word' id='word_1_243' title='bbox 3221 1423 3487 1491; x_wconf 86' lang='lat' dir='ltr'><strong>perspici-</strong></span> 
     </span>
    </p>
   </div>
   <div class='ocr_carea' id='block_1_34' title="bbox 1924 1501 3479 1581">
    <p class='ocr_par' dir='ltr' id='par_1_34' title="bbox 1924 1501 3479 1581">
     <span class='ocr_line' id='line_1_34' title="bbox 1924 1501 3479 1581; baseline -0.001 -16"><span class='ocrx_word' id='word_1_244' title='bbox 1924 1524 2010 1565; x_wconf 87' lang='lat' dir='ltr'><strong>tur</strong></span> <span class='ocrx_word' id='word_1_245' title='bbox 2038 1528 2053 1565; x_wconf 90' lang='lat'><strong>:</strong></span> <span class='ocrx_word' id='word_1_246' title='bbox 2088 1530 2105 1561; x_wconf 79' lang='grc' dir='ltr'><strong>ι</strong></span> <span class='ocrx_word' id='word_1_247' title='bbox 2137 1512 2290 1575; x_wconf 80' lang='lat' dir='ltr'><strong>Coeli,</strong></span> <span class='ocrx_word' id='word_1_248' title='bbox 2319 1516 2464 1567; x_wconf 83' lang='lat' dir='ltr'><strong>canit</strong></span> <span class='ocrx_word' id='word_1_249' title='bbox 2492 1514 2557 1579; x_wconf 89' lang='lat' dir='ltr'><strong>is,</strong></span> <span class='ocrx_word' id='word_1_250' title='bbox 2584 1501 2857 1581; x_wconf 76' lang='lat' dir='ltr'><strong>peribunt,</strong></span> <span class='ocrx_word' id='word_1_251' title='bbox 2882 1522 2934 1567; x_wconf 91' lang='lat' dir='ltr'><strong>tu</strong></span> <span class='ocrx_word' id='word_1_252' title='bbox 2954 1524 3131 1566; x_wconf 89' lang='lat' dir='ltr'><strong>autem</strong></span> <span class='ocrx_word' id='word_1_253' title='bbox 3161 1526 3479 1581; x_wconf 88' lang='lat' dir='ltr'><strong>permanes;</strong></span> 
     </span>
    </p>
   </div>
   <div class='ocr_carea' id='block_1_35' title="bbox 1921 1604 3478 1668">
    <p class='ocr_par' dir='ltr' id='par_1_35' title="bbox 1921 1604 3478 1668">
     <span class='ocr_line' id='line_1_35' title="bbox 1921 1604 3478 1668; baseline -0.003 -9"><span class='ocrx_word' id='word_1_254' title='bbox 1921 1616 1974 1659; x_wconf 90' lang='lat' dir='ltr'><strong>et</strong></span> <span class='ocrx_word' id='word_1_255' title='bbox 2002 1620 2190 1659; x_wconf 90' lang='lat' dir='ltr'><strong>omnes</strong></span> <span class='ocrx_word' id='word_1_256' title='bbox 2224 1606 2363 1659; x_wconf 89' lang='lat' dir='ltr'><strong>sicut</strong></span> <span class='ocrx_word' id='word_1_257' title='bbox 2394 1609 2769 1659; x_wconf 90' lang='lat' dir='ltr'><strong>vestimentum</strong></span> <span class='ocrx_word' id='word_1_258' title='bbox 2801 1612 3143 1659; x_wconf 87' lang='lat' dir='ltr'><strong>veterascent</strong></span> <span class='ocrx_word' id='word_1_259' title='bbox 3169 1644 3184 1668; x_wconf 95' lang='lat'><strong>,</strong></span> <span class='ocrx_word' id='word_1_260' title='bbox 3242 1613 3296 1656; x_wconf 89' lang='lat' dir='ltr'><strong>et</strong></span> <span class='ocrx_word' id='word_1_261' title='bbox 3340 1604 3478 1655; x_wconf 86' lang='lat' dir='ltr'><strong>sicut</strong></span> 
     </span>
    </p>
   </div>
   <div class='ocr_carea' id='block_1_36' title="bbox 1920 1696 3478 1766">
    <p class='ocr_par' dir='ltr' id='par_1_36' title="bbox 1920 1696 3478 1766">
     <span class='ocr_line' id='line_1_36' title="bbox 1920 1696 3478 1766; baseline -0.005 -16"><span class='ocrx_word' id='word_1_262' title='bbox 1920 1697 2255 1766; x_wconf 87' lang='lat' dir='ltr'><strong>opertorium</strong></span> <span class='ocrx_word' id='word_1_263' title='bbox 2292 1696 2532 1750; x_wconf 88' lang='lat' dir='ltr'><strong>involves</strong></span> <span class='ocrx_word' id='word_1_264' title='bbox 2569 1713 2683 1759; x_wconf 84' lang='lat' dir='ltr'><strong>eos,</strong></span> <span class='ocrx_word' id='word_1_265' title='bbox 2717 1698 3144 1751; x_wconf 90' lang='lat' dir='ltr'><strong>etmutabuutur</strong></span> <span class='ocrx_word' id='word_1_266' title='bbox 3177 1713 3189 1749; x_wconf 92' lang='lat'><strong>:</strong></span> <span class='ocrx_word' id='word_1_267' title='bbox 3220 1704 3273 1747; x_wconf 93' lang='lat' dir='ltr'><strong>tu</strong></span> <span class='ocrx_word' id='word_1_268' title='bbox 3299 1703 3478 1746; x_wconf 90' lang='lat' dir='ltr'><strong>autem</strong></span> 
     </span>
    </p>
   </div>
   <div class='ocr_carea' id='block_1_37' title="bbox 1921 1783 3482 1855">
    <p class='ocr_par' dir='ltr' id='par_1_37' title="bbox 1921 1783 3482 1855">
     <span class='ocr_line' id='line_1_37' title="bbox 1921 1783 3482 1855; baseline -0.005 -13"><span class='ocrx_word' id='word_1_269' title='bbox 1921 1788 2064 1842; x_wconf 81' lang='lat' dir='ltr'><strong>idem</strong></span> <span class='ocrx_word' id='word_1_270' title='bbox 2109 1787 2221 1855; x_wconf 87' lang='lat' dir='ltr'><strong>ipse</strong></span> <span class='ocrx_word' id='word_1_271' title='bbox 2259 1799 2339 1849; x_wconf 84' lang='lat' dir='ltr'><strong>es,</strong></span> <span class='ocrx_word' id='word_1_272' title='bbox 2372 1794 2426 1838; x_wconf 87' lang='lat' dir='ltr'><strong>et</strong></span> <span class='ocrx_word' id='word_1_273' title='bbox 2463 1787 2587 1839; x_wconf 90' lang='lat' dir='ltr'><strong>anni</strong></span> <span class='ocrx_word' id='word_1_274' title='bbox 2632 1790 2704 1840; x_wconf 92' lang='lat' dir='ltr'><strong>tui</strong></span> <span class='ocrx_word' id='word_1_275' title='bbox 2752 1804 2855 1840; x_wconf 88' lang='lat' dir='ltr'><strong>non</strong></span> <span class='ocrx_word' id='word_1_276' title='bbox 2882 1786 3218 1841; x_wconf 80' lang='lat' dir='ltr'><strong>deﬁcient&quot;.</strong></span> <span class='ocrx_word' id='word_1_277' title='bbox 3262 1785 3365 1836; x_wconf 77' lang='grc' dir='ltr'><strong>»Αι</strong></span> <span class='ocrx_word' id='word_1_278' title='bbox 3390 1783 3482 1851; x_wconf 90' lang='lat' dir='ltr'><strong>qui</strong></span> 
     </span>
    </p>
   </div>
   <div class='ocr_carea' id='block_1_38' title="bbox 1928 1873 3478 1947">
    <p class='ocr_par' dir='ltr' id='par_1_38' title="bbox 1928 1873 3478 1947">
     <span class='ocr_line' id='line_1_38' title="bbox 1928 1873 3478 1947; baseline -0.004 -18"><span class='ocrx_word' id='word_1_279' title='bbox 1928 1878 2041 1931; x_wconf 83' lang='lat' dir='ltr'><strong>ﬁeri</strong></span> <span class='ocrx_word' id='word_1_280' title='bbox 2075 1885 2272 1947; x_wconf 84' lang='lat' dir='ltr'><strong>potest,</strong></span> <span class='ocrx_word' id='word_1_281' title='bbox 2302 1885 2357 1929; x_wconf 93' lang='lat' dir='ltr'><strong>ut</strong></span> <span class='ocrx_word' id='word_1_282' title='bbox 2391 1876 2480 1931; x_wconf 90' lang='lat' dir='ltr'><strong>Dei</strong></span> <span class='ocrx_word' id='word_1_283' title='bbox 2509 1876 2741 1931; x_wconf 81' lang='lat' dir='ltr'><strong>Verbum</strong></span> <span class='ocrx_word' id='word_1_284' title='bbox 2777 1879 2913 1932; x_wconf 90' lang='lat' dir='ltr'><strong>idem</strong></span> <span class='ocrx_word' id='word_1_285' title='bbox 2940 1891 3164 1947; x_wconf 85' lang='lat' dir='ltr'><strong>prorsus</strong></span> <span class='ocrx_word' id='word_1_286' title='bbox 3194 1873 3478 1933; x_wconf 89' lang='lat' dir='ltr'><strong>manserit,</strong></span> 
     </span>
    </p>
   </div>
   <div class='ocr_carea' id='block_1_39' title="bbox 1924 1968 3484 2035">
    <p class='ocr_par' dir='ltr' id='par_1_39' title="bbox 1924 1968 3484 2035">
     <span class='ocr_line' id='line_1_39' title="bbox 1924 1968 3484 2035; baseline -0.005 -12"><span class='ocrx_word' id='word_1_287' title='bbox 1924 1970 1968 2023; x_wconf 85' lang='lat' dir='ltr'><strong>si</strong></span> <span class='ocrx_word' id='word_1_288' title='bbox 1993 1984 2115 2021; x_wconf 76' lang='lat' dir='ltr'><strong>vere</strong></span> <span class='ocrx_word' id='word_1_289' title='bbox 2140 1968 2404 2022; x_wconf 86' lang='lat' dir='ltr'><strong>asseritur</strong></span> <span class='ocrx_word' id='word_1_290' title='bbox 2426 1968 2722 2021; x_wconf 84' lang='lat' dir='ltr'><strong>stabilitate</strong></span> <span class='ocrx_word' id='word_1_291' title='bbox 2744 1969 3295 2035; x_wconf 89' lang='lat' dir='ltr'><strong>imtnutabilitateque</strong></span> <span class='ocrx_word' id='word_1_292' title='bbox 3321 1980 3484 2033; x_wconf 88' lang='lat' dir='ltr'><strong>quam</strong></span> 
     </span>
    </p>
   </div>
   <div class='ocr_carea' id='block_1_40' title="bbox 1930 2059 3487 2127">
    <p class='ocr_par' dir='ltr' id='par_1_40' title="bbox 1930 2059 3487 2127">
     <span class='ocr_line' id='line_1_40' title="bbox 1930 2059 3487 2127; baseline -0.004 -15"><span class='ocrx_word' id='word_1_293' title='bbox 1930 2061 2179 2122; x_wconf 79' lang='lat' dir='ltr'><strong>habebat,</strong></span> <span class='ocrx_word' id='word_1_294' title='bbox 2220 2060 2431 2121; x_wconf 84' lang='lat' dir='ltr'><strong>relicta,</strong></span> <span class='ocrx_word' id='word_1_295' title='bbox 2480 2060 2529 2111; x_wconf 93' lang='lat' dir='ltr'><strong>in</strong></span> <span class='ocrx_word' id='word_1_296' title='bbox 2564 2060 2693 2113; x_wconf 89' lang='lat' dir='ltr'><strong>illud</strong></span> <span class='ocrx_word' id='word_1_297' title='bbox 2750 2060 3052 2122; x_wconf 86' lang='lat' dir='ltr'><strong>transiisse,</strong></span> <span class='ocrx_word' id='word_1_298' title='bbox 3103 2059 3245 2127; x_wconf 90' lang='lat' dir='ltr'><strong>quod</strong></span> <span class='ocrx_word' id='word_1_299' title='bbox 3296 2067 3487 2125; x_wconf 89' lang='lat' dir='ltr'><strong>suapte</strong></span> 
     </span>
    </p>
   </div>
   <div class='ocr_carea' id='block_1_41' title="bbox 1933 2152 3483 2220">
    <p class='ocr_par' dir='ltr' id='par_1_41' title="bbox 1933 2152 3483 2220">
     <span class='ocr_line' id='line_1_41' title="bbox 1933 2152 3483 2220; baseline -0.003 -16"><span class='ocrx_word' id='word_1_300' title='bbox 1933 2162 2122 2206; x_wconf 88' lang='lat' dir='ltr'><strong>natura</strong></span> <span class='ocrx_word' id='word_1_301' title='bbox 2162 2166 2267 2205; x_wconf 91' lang='lat' dir='ltr'><strong>non</strong></span> <span class='ocrx_word' id='word_1_302' title='bbox 2300 2163 2458 2215; x_wconf 89' lang='lat' dir='ltr'><strong>erat,</strong></span> <span class='ocrx_word' id='word_1_303' title='bbox 2507 2161 3037 2220; x_wconf 85' lang='lat' dir='ltr'><strong>transmutatumque</strong></span> <span class='ocrx_word' id='word_1_304' title='bbox 3076 2165 3193 2205; x_wconf 89' lang='lat' dir='ltr'><strong>esse</strong></span> <span class='ocrx_word' id='word_1_305' title='bbox 3222 2152 3273 2202; x_wconf 90' lang='lat' dir='ltr'><strong>iu</strong></span> <span class='ocrx_word' id='word_1_306' title='bbox 3325 2156 3483 2201; x_wconf 91' lang='lat' dir='ltr'><strong>natu-</strong></span> 
     </span>
    </p>
   </div>
   <div class='ocr_carea' id='block_1_42' title="bbox 252 2238 3483 2313">
    <p class='ocr_par' dir='ltr' id='par_1_42' title="bbox 252 2238 3483 2313">
     <span class='ocr_line' id='line_1_42' title="bbox 252 2238 3483 2313; baseline 0.001 -25"><span class='ocrx_word' id='word_1_307' title='bbox 252 2251 397 2301; x_wconf 84' lang='lat' dir='ltr'><strong>rain,</strong></span> <span class='ocrx_word' id='word_1_308' title='bbox 435 2238 535 2292; x_wconf 91' lang='lat' dir='ltr'><strong>hoc</strong></span> <span class='ocrx_word' id='word_1_309' title='bbox 566 2250 669 2303; x_wconf 90' lang='lat' dir='ltr'><strong>est,</strong></span> <span class='ocrx_word' id='word_1_310' title='bbox 722 2243 771 2294; x_wconf 92' lang='lat' dir='ltr'><strong>in</strong></span> <span class='ocrx_word' id='word_1_311' title='bbox 838 2244 889 2295; x_wconf 89' lang='lat' dir='ltr'><strong>id</strong></span> <span class='ocrx_word' id='word_1_312' title='bbox 950 2244 1091 2313; x_wconf 88' lang='lat' dir='ltr'><strong>quod</strong></span> <span class='ocrx_word' id='word_1_313' title='bbox 1135 2245 1405 2312; x_wconf 87' lang='lat' dir='ltr'><strong>corrumpi</strong></span> <span class='ocrx_word' id='word_1_314' title='bbox 1460 2253 1641 2297; x_wconf 86' lang='lat' dir='ltr'><strong>natum</strong></span> <span class='ocrx_word' id='word_1_315' title='bbox 1686 2254 1789 2297; x_wconf 89' lang='lat' dir='ltr'><strong>est.</strong></span> <span class='ocrx_word' id='word_1_316' title='bbox 1854 2243 2070 2304; x_wconf 89' lang='lat' dir='ltr'><strong>Annon,</strong></span> <span class='ocrx_word' id='word_1_317' title='bbox 2129 2244 2381 2307; x_wconf 90' lang='lat' dir='ltr'><strong>obsecro,</strong></span> <span class='ocrx_word' id='word_1_318' title='bbox 2454 2242 2639 2297; x_wconf 72' lang='lat' dir='ltr'><strong>iSlltiBC</strong></span> <span class='ocrx_word' id='word_1_319' title='bbox 2683 2257 2829 2296; x_wconf 88' lang='lat' dir='ltr'><strong>mera</strong></span> <span class='ocrx_word' id='word_1_320' title='bbox 2863 2252 2988 2296; x_wconf 85' lang='lat' dir='ltr'><strong>sunt</strong></span> <span class='ocrx_word' id='word_1_321' title='bbox 3018 2242 3250 2296; x_wconf 89' lang='lat' dir='ltr'><strong>deliria?</strong></span> <span class='ocrx_word' id='word_1_322' title='bbox 3277 2254 3483 2304; x_wconf 89' lang='lat' dir='ltr'><strong>annon,</strong></span> 
     </span>
    </p>
   </div>
   <div class='ocr_carea' id='block_1_43' title="bbox 250 2333 2565 2407">
    <p class='ocr_par' dir='ltr' id='par_1_43' title="bbox 250 2333 2565 2407">
     <span class='ocr_line' id='line_1_43' title="bbox 250 2333 2565 2407; baseline 0.003 -27"><span class='ocrx_word' id='word_1_323' title='bbox 250 2339 442 2398; x_wconf 88' lang='lat' dir='ltr'><strong>aperte</strong></span> <span class='ocrx_word' id='word_1_324' title='bbox 491 2342 642 2386; x_wconf 83' lang='lat' dir='ltr'><strong>sunt.</strong></span> <span class='ocrx_word' id='word_1_325' title='bbox 671 2333 938 2395; x_wconf 71' lang='lat' dir='ltr'><strong>insaniae?</strong></span> <span class='ocrx_word' id='word_1_326' title='bbox 997 2339 1135 2390; x_wconf 87' lang='lat' dir='ltr'><strong>Sunt</strong></span> <span class='ocrx_word' id='word_1_327' title='bbox 1186 2341 1432 2406; x_wconf 85' lang='lat' dir='ltr'><strong>equidem</strong></span> <span class='ocrx_word' id='word_1_328' title='bbox 1467 2339 1599 2391; x_wconf 87' lang='lat' dir='ltr'><strong>citra</strong></span> <span class='ocrx_word' id='word_1_329' title='bbox 1650 2337 1810 2390; x_wconf 86' lang='lat' dir='ltr'><strong>ullam</strong></span> <span class='ocrx_word' id='word_1_330' title='bbox 1854 2351 2077 2407; x_wconf 89' lang='lat' dir='ltr'><strong>prorsus</strong></span> <span class='ocrx_word' id='word_1_331' title='bbox 2106 2335 2565 2390; x_wconf 87' lang='lat' dir='ltr'><strong>controversiam.</strong></span> 
     </span>
    </p>
   </div>
   <div class='ocr_carea' id='block_1_44' title="bbox 329 2424 1822 2501">
    <p class='ocr_par' dir='ltr' id='par_1_44' title="bbox 329 2424 1822 2501">
     <span class='ocr_line' id='line_1_44' title="bbox 329 2424 1822 2501; baseline 0.005 -28"><span class='ocrx_word' id='word_1_332' title='bbox 329 2424 431 2474; x_wconf 84' lang='lat' dir='ltr'><strong>lA’.</strong></span> <span class='ocrx_word' id='word_1_333' title='bbox 476 2424 615 2501; x_wconf 81' lang='grc' dir='ltr'>Ὦρα</span> <span class='ocrx_word' id='word_1_334' title='bbox 646 2427 755 2495; x_wconf 78' lang='grc' dir='ltr'><strong>γὰρ</strong></span> <span class='ocrx_word' id='word_1_335' title='bbox 786 2428 959 2480; x_wconf 84' lang='grc' dir='ltr'>εἰπεῖν</span> <span class='ocrx_word' id='word_1_336' title='bbox 986 2431 1105 2493; x_wconf 80' lang='grc' dir='ltr'>ταῖς</span> <span class='ocrx_word' id='word_1_337' title='bbox 1136 2430 1359 2481; x_wconf 75' lang='grc' dir='ltr'>ἐκείνων</span> <span class='ocrx_word' id='word_1_338' title='bbox 1388 2430 1649 2498; x_wconf 63' lang='grc' dir='ltr'>ἀμαθίαις</span> <span class='ocrx_word' id='word_1_339' title='bbox 1670 2432 1822 2481; x_wconf 79' lang='grc' dir='ltr'>’ἀντι-</span> 
     </span>
    </p>
   </div>
   <div class='ocr_carea' id='block_1_45' title="bbox 251 2511 1820 2587">
    <p class='ocr_par' dir='ltr' id='par_1_45' title="bbox 251 2511 1820 2587">
     <span class='ocr_line' id='line_1_45' title="bbox 251 2511 1820 2587; baseline 0.004 -24"><span class='ocrx_word' id='word_1_340' title='bbox 251 2513 528 2577; x_wconf 78' lang='grc' dir='ltr'>τείνοντας</span> <span class='ocrx_word' id='word_1_341' title='bbox 578 2516 971 2587; x_wconf 83' lang='grc' dir='ltr'>ἀμαθέστερον,</span> <span class='ocrx_word' id='word_1_342' title='bbox 1020 2519 1095 2581; x_wconf 83' lang='grc' dir='ltr'><strong>ὡς</strong></span> <span class='ocrx_word' id='word_1_343' title='bbox 1130 2519 1277 2571; x_wconf 78' lang='grc' dir='ltr'>ἔστιν</span> <span class='ocrx_word' id='word_1_344' title='bbox 1320 2522 1418 2572; x_wconf 82' lang='grc' dir='ltr'><strong>οὑκ</strong></span> <span class='ocrx_word' id='word_1_345' title='bbox 1457 2521 1681 2582; x_wconf 85' lang='grc' dir='ltr'>ἀπεικὸς</span> <span class='ocrx_word' id='word_1_346' title='bbox 1726 2511 1820 2571; x_wconf 69' lang='grc' dir='ltr'><strong>καί</strong></span> 
     </span>
    </p>
   </div>
   <div class='ocr_carea' id='block_1_46' title="bbox 251 2601 1821 2674">
    <p class='ocr_par' dir='ltr' id='par_1_46' title="bbox 251 2601 1821 2674">
     <span class='ocr_line' id='line_1_46' title="bbox 251 2601 1821 2674; baseline 0.003 -23"><span class='ocrx_word' id='word_1_347' title='bbox 251 2601 357 2664; x_wconf 80' lang='grc' dir='ltr'>τὴν</span> <span class='ocrx_word' id='word_1_348' title='bbox 409 2602 509 2652; x_wconf 82' lang='grc' dir='ltr'><strong>οὐκ</strong></span> <span class='ocrx_word' id='word_1_349' title='bbox 542 2603 649 2653; x_wconf 82' lang='grc' dir='ltr'>ἀπὸ</span> <span class='ocrx_word' id='word_1_350' title='bbox 678 2604 784 2670; x_wconf 79' lang='grc' dir='ltr'><strong>γῆς</strong></span> <span class='ocrx_word' id='word_1_351' title='bbox 831 2606 1007 2671; x_wconf 83' lang='grc' dir='ltr'>σάρκα</span> <span class='ocrx_word' id='word_1_352' title='bbox 1052 2606 1185 2671; x_wconf 76' lang='grc' dir='ltr'>πρὸς</span> <span class='ocrx_word' id='word_1_353' title='bbox 1212 2615 1237 2639; x_wconf 80' lang='grc' dir='ltr'><strong>ιι</strong></span> <span class='ocrx_word' id='word_1_354' title='bbox 1281 2608 1379 2672; x_wconf 78' lang='grc' dir='ltr'><strong>τὴν</strong></span> <span class='ocrx_word' id='word_1_355' title='bbox 1422 2609 1519 2669; x_wconf 84' lang='grc' dir='ltr'>τῆς</span> <span class='ocrx_word' id='word_1_356' title='bbox 1567 2608 1821 2674; x_wconf 79' lang='grc' dir='ltr'>Θεότητος</span> 
     </span>
    </p>
   </div>
   <div class='ocr_carea' id='block_1_47' title="bbox 253 2688 1819 2760">
    <p class='ocr_par' dir='ltr' id='par_1_47' title="bbox 253 2688 1819 2760">
     <span class='ocr_line' id='line_1_47' title="bbox 253 2688 1819 2760; baseline 0.003 -22"><span class='ocrx_word' id='word_1_357' title='bbox 253 2688 421 2754; x_wconf 69' lang='grc' dir='ltr'>φύσιν</span> <span class='ocrx_word' id='word_1_358' title='bbox 464 2688 759 2757; x_wconf 74' lang='grc' dir='ltr'>ἀναφοιτᾷν</span> <span class='ocrx_word' id='word_1_359' title='bbox 813 2689 1069 2742; x_wconf 83' lang='grc' dir='ltr'>δύνασθαί</span> <span class='ocrx_word' id='word_1_360' title='bbox 1101 2707 1250 2754; x_wconf 84' lang='grc' dir='ltr'>ποτε,</span> <span class='ocrx_word' id='word_1_361' title='bbox 1287 2692 1381 2742; x_wconf 72' lang='grc' dir='ltr'><strong>καὶ</strong></span> <span class='ocrx_word' id='word_1_362' title='bbox 1413 2692 1512 2760; x_wconf 80' lang='grc' dir='ltr'>τῆς</span> <span class='ocrx_word' id='word_1_363' title='bbox 1563 2692 1819 2744; x_wconf 79' lang='grc' dir='ltr'>ἀνωτάτω</span> 
     </span>
    </p>
   </div>
   <div class='ocr_carea' id='block_1_48' title="bbox 1994 2422 3485 2494">
    <p class='ocr_par' dir='ltr' id='par_1_48' title="bbox 1994 2422 3485 2494">
     <span class='ocr_line' id='line_1_48' title="bbox 1994 2422 3485 2494; baseline -0.006 -15"><span class='ocrx_word' id='word_1_364' title='bbox 1994 2427 2085 2481; x_wconf 82' lang='lat' dir='ltr'><strong>XI.</strong></span> <span class='ocrx_word' id='word_1_365' title='bbox 2123 2427 2334 2494; x_wconf 83' lang='lat' dir='ltr'><strong>Alioqui</strong></span> <span class='ocrx_word' id='word_1_366' title='bbox 2367 2436 2536 2480; x_wconf 86' lang='lat' dir='ltr'><strong>restat</strong></span> <span class='ocrx_word' id='word_1_367' title='bbox 2568 2434 2623 2477; x_wconf 81' lang='grc' dir='ltr'><strong>ιιι</strong></span> <span class='ocrx_word' id='word_1_368' title='bbox 2654 2425 2921 2487; x_wconf 80' lang='lat' dir='ltr'><strong>dicamus,</strong></span> <span class='ocrx_word' id='word_1_369' title='bbox 2957 2425 3169 2477; x_wconf 88' lang='lat' dir='ltr'><strong>illorum</strong></span> <span class='ocrx_word' id='word_1_370' title='bbox 3198 2422 3485 2478; x_wconf 87' lang='lat' dir='ltr'><strong>stuliditati</strong></span> 
     </span>
    </p>
   </div>
   <div class='ocr_carea' id='block_1_49' title="bbox 1920 2516 3475 2588">
    <p class='ocr_par' dir='ltr' id='par_1_49' title="bbox 1920 2516 3475 2588">
     <span class='ocr_line' id='line_1_49' title="bbox 1920 2516 3475 2588; baseline -0.004 -13"><span class='ocrx_word' id='word_1_371' title='bbox 1920 2520 2166 2575; x_wconf 84' lang='lat' dir='ltr'><strong>stolidius</strong></span> <span class='ocrx_word' id='word_1_372' title='bbox 2200 2519 2480 2588; x_wconf 84' lang='lat' dir='ltr'><strong>quidpiam</strong></span> <span class='ocrx_word' id='word_1_373' title='bbox 2512 2528 2868 2585; x_wconf 90' lang='lat' dir='ltr'><strong>opponentes,</strong></span> <span class='ocrx_word' id='word_1_374' title='bbox 2902 2516 3191 2568; x_wconf 87' lang='lat' dir='ltr'><strong>absurdum</strong></span> <span class='ocrx_word' id='word_1_375' title='bbox 3224 2529 3325 2567; x_wconf 93' lang='lat' dir='ltr'><strong>non</strong></span> <span class='ocrx_word' id='word_1_376' title='bbox 3356 2530 3475 2569; x_wconf 88' lang='lat' dir='ltr'><strong>esse</strong></span> 
     </span>
    </p>
   </div>
   <div class='ocr_carea' id='block_1_50' title="bbox 1924 2603 3475 2670">
    <p class='ocr_par' dir='ltr' id='par_1_50' title="bbox 1924 2603 3475 2670">
     <span class='ocr_line' id='line_1_50' title="bbox 1924 2603 3475 2670; baseline -0.003 -9"><span class='ocrx_word' id='word_1_377' title='bbox 1924 2619 1980 2661; x_wconf 94' lang='lat' dir='ltr'><strong>ut</strong></span> <span class='ocrx_word' id='word_1_378' title='bbox 2009 2618 2217 2660; x_wconf 84' lang='lat' dir='ltr'><strong>terrena</strong></span> <span class='ocrx_word' id='word_1_379' title='bbox 2247 2606 2411 2658; x_wconf 89' lang='lat' dir='ltr'><strong>etiam</strong></span> <span class='ocrx_word' id='word_1_380' title='bbox 2444 2622 2571 2658; x_wconf 91' lang='lat' dir='ltr'><strong>caro</strong></span> <span class='ocrx_word' id='word_1_381' title='bbox 2613 2607 2781 2670; x_wconf 88' lang='lat' dir='ltr'><strong>possit</strong></span> <span class='ocrx_word' id='word_1_382' title='bbox 2807 2606 2856 2657; x_wconf 92' lang='lat' dir='ltr'><strong>in</strong></span> <span class='ocrx_word' id='word_1_383' title='bbox 2886 2603 3186 2658; x_wconf 80' lang='lat' dir='ltr'><strong>divinitatis</strong></span> <span class='ocrx_word' id='word_1_384' title='bbox 3227 2614 3475 2657; x_wconf 57' lang='lat' dir='ltr'><strong>naturain</strong></span> 
     </span>
    </p>
   </div>
   <div class='ocr_carea' id='block_1_51' title="bbox 1922 2693 3482 2764">
    <p class='ocr_par' dir='ltr' id='par_1_51' title="bbox 1922 2693 3482 2764">
     <span class='ocr_line' id='line_1_51' title="bbox 1922 2693 3482 2764; baseline -0.002 -17"><span class='ocrx_word' id='word_1_385' title='bbox 1922 2695 2211 2764; x_wconf 88' lang='lat' dir='ltr'><strong>aliquando</strong></span> <span class='ocrx_word' id='word_1_386' title='bbox 2257 2694 2541 2756; x_wconf 88' lang='lat' dir='ltr'><strong>converti,</strong></span> <span class='ocrx_word' id='word_1_387' title='bbox 2590 2693 2815 2761; x_wconf 82' lang='lat' dir='ltr'><strong>ﬁerique</strong></span> <span class='ocrx_word' id='word_1_388' title='bbox 2874 2693 3175 2747; x_wconf 85' lang='lat' dir='ltr'><strong>substantia</strong></span> <span class='ocrx_word' id='word_1_389' title='bbox 3238 2694 3482 2746; x_wconf 77' lang='lat' dir='ltr'><strong>omnium</strong></span> 
     </span>
    </p>
   </div>
   <div class='ocr_carea' id='block_1_52' title="bbox 257 2778 1820 2854">
    <p class='ocr_par' dir='ltr' id='par_1_52' title="bbox 257 2778 1820 2851">
     <span class='ocr_line' id='line_1_52' title="bbox 257 2778 1820 2851; baseline 0.001 -20"><span class='ocrx_word' id='word_1_390' title='bbox 257 2779 451 2831; x_wconf 79' lang='grc' dir='ltr'>πασῶν</span> <span class='ocrx_word' id='word_1_391' title='bbox 481 2780 667 2840; x_wconf 76' lang='grc' dir='ltr'>οὐσίας</span> <span class='ocrx_word' id='word_1_392' title='bbox 709 2778 957 2846; x_wconf 75' lang='grc' dir='ltr'>γενέσθαι</span> <span class='ocrx_word' id='word_1_393' title='bbox 1004 2781 1277 2834; x_wconf 84' lang='grc' dir='ltr'>σύστασιν.</span> <span class='ocrx_word' id='word_1_394' title='bbox 1320 2783 1381 2833; x_wconf 85' lang='grc' dir='ltr'>Εἰ</span> <span class='ocrx_word' id='word_1_395' title='bbox 1426 2782 1530 2851; x_wconf 78' lang='grc' dir='ltr'><strong>γὰρ</strong></span> <span class='ocrx_word' id='word_1_396' title='bbox 1564 2782 1701 2851; x_wconf 80' lang='grc' dir='ltr'>αὐτὴ</span> <span class='ocrx_word' id='word_1_397' title='bbox 1729 2782 1820 2851; x_wconf 80' lang='grc' dir='ltr'>τῆς</span> 
     </span>
    </p>
   </div>
   <div class='ocr_carea' id='block_1_53' title="bbox 1923 2778 3484 2854">
    <p class='ocr_par' dir='ltr' id='par_1_53' title="bbox 1923 2782 3484 2854">
     <span class='ocr_line' id='line_1_53' title="bbox 1923 2782 3484 2854; baseline -0.004 -15"><span class='ocrx_word' id='word_1_398' title='bbox 1923 2800 2169 2853; x_wconf 89' lang='lat' dir='ltr'><strong>suprema</strong></span> <span class='ocrx_word' id='word_1_399' title='bbox 2201 2784 2299 2854; x_wconf 78' lang='lat' dir='ltr'><strong>(ll.</strong></span> <span class='ocrx_word' id='word_1_400' title='bbox 2331 2782 2462 2836; x_wconf 83' lang='lat' dir='ltr'><strong>Nam</strong></span> <span class='ocrx_word' id='word_1_401' title='bbox 2494 2784 2541 2837; x_wconf 91' lang='lat' dir='ltr'><strong>si</strong></span> <span class='ocrx_word' id='word_1_402' title='bbox 2571 2784 2750 2836; x_wconf 86' lang='lat' dir='ltr'><strong>divina</strong></span> <span class='ocrx_word' id='word_1_403' title='bbox 2779 2784 2891 2850; x_wconf 86' lang='lat' dir='ltr'><strong>ipsa</strong></span> <span class='ocrx_word' id='word_1_404' title='bbox 2925 2794 3138 2848; x_wconf 88' lang='lat' dir='ltr'><strong>natura,</strong></span> <span class='ocrx_word' id='word_1_405' title='bbox 3168 2783 3321 2845; x_wconf 77' lang='lat' dir='ltr'><strong>juxta</strong></span> <span class='ocrx_word' id='word_1_406' title='bbox 3367 2792 3484 2837; x_wconf 86' lang='lat' dir='ltr'><strong>stn-</strong></span> 
     </span>
    </p>
   </div>
   <div class='ocr_carea' id='block_1_54' title="bbox 255 2868 1820 2943">
    <p class='ocr_par' dir='ltr' id='par_1_54' title="bbox 255 2868 1820 2943">
     <span class='ocr_line' id='line_1_54' title="bbox 255 2868 1820 2943; baseline 0.004 -23"><span class='ocrx_word' id='word_1_407' title='bbox 255 2868 513 2936; x_wconf 80' lang='grc' dir='ltr'>θεότητος</span> <span class='ocrx_word' id='word_1_408' title='bbox 547 2870 725 2936; x_wconf 78' lang='grc' dir='ltr'>φύσις,</span> <span class='ocrx_word' id='word_1_409' title='bbox 757 2870 897 2921; x_wconf 82' lang='grc' dir='ltr'>κατά</span> <span class='ocrx_word' id='word_1_410' title='bbox 929 2888 989 2937; x_wconf 79' lang='grc' dir='ltr'>γε</span> <span class='ocrx_word' id='word_1_411' title='bbox 1035 2871 1131 2941; x_wconf 83' lang='grc' dir='ltr'>τὴν</span> <span class='ocrx_word' id='word_1_412' title='bbox 1178 2873 1401 2924; x_wconf 79' lang='grc' dir='ltr'>ἐκείνων</span> <span class='ocrx_word' id='word_1_413' title='bbox 1434 2873 1820 2943; x_wconf 82' lang='grc' dir='ltr'>ἐμϐροντησίαν</span> 
     </span>
    </p>
   </div>
   <div class='ocr_carea' id='block_1_55' title="bbox 1923 2868 3481 2943">
    <p class='ocr_par' dir='ltr' id='par_1_55' title="bbox 1923 2874 3481 2943">
     <span class='ocr_line' id='line_1_55' title="bbox 1923 2874 3481 2943; baseline 0 -16"><span class='ocrx_word' id='word_1_414' title='bbox 1923 2876 2103 2943; x_wconf 88' lang='lat' dir='ltr'><strong>pidum</strong></span> <span class='ocrx_word' id='word_1_415' title='bbox 2143 2875 2357 2929; x_wconf 87' lang='lat' dir='ltr'><strong>illorunt</strong></span> <span class='ocrx_word' id='word_1_416' title='bbox 2381 2888 2621 2936; x_wconf 87' lang='lat' dir='ltr'><strong>sensum,</strong></span> <span class='ocrx_word' id='word_1_417' title='bbox 2657 2875 2874 2927; x_wconf 87' lang='lat' dir='ltr'><strong>transiit</strong></span> <span class='ocrx_word' id='word_1_418' title='bbox 2908 2874 2955 2926; x_wconf 90' lang='lat' dir='ltr'><strong>in</strong></span> <span class='ocrx_word' id='word_1_419' title='bbox 2988 2876 3171 2928; x_wconf 89' lang='lat' dir='ltr'><strong>carnis</strong></span> <span class='ocrx_word' id='word_1_420' title='bbox 3209 2884 3481 2936; x_wconf 83' lang='lat' dir='ltr'><strong>naturain,</strong></span> 
     </span>
    </p>
   </div>
   <div class='ocr_carea' id='block_1_56' title="bbox 254 2958 1820 3033">
    <p class='ocr_par' dir='ltr' id='par_1_56' title="bbox 254 2958 1820 3033">
     <span class='ocr_line' id='line_1_56' title="bbox 254 2958 1820 3033; baseline 0.003 -23"><span class='ocrx_word' id='word_1_421' title='bbox 254 2962 342 3021; x_wconf 83' lang='grc' dir='ltr'>εἰς</span> <span class='ocrx_word' id='word_1_422' title='bbox 368 2958 466 3027; x_wconf 76' lang='grc' dir='ltr'>τὴν</span> <span class='ocrx_word' id='word_1_423' title='bbox 493 2962 590 3029; x_wconf 79' lang='grc' dir='ltr'>τῆς</span> <span class='ocrx_word' id='word_1_424' title='bbox 627 2963 827 3030; x_wconf 83' lang='grc' dir='ltr'>σαρκὸς</span> <span class='ocrx_word' id='word_1_425' title='bbox 862 2963 1301 3033; x_wconf 78' lang='grc' dir='ltr'>μετακεχώ-ρηκε</span> <span class='ocrx_word' id='word_1_426' title='bbox 1328 2963 1510 3031; x_wconf 78' lang='grc' dir='ltr'>φύσιν,</span> <span class='ocrx_word' id='word_1_427' title='bbox 1549 2964 1719 3026; x_wconf 72' lang='grc' dir='ltr'>οὐδὲν,</span> <span class='ocrx_word' id='word_1_428' title='bbox 1753 2965 1820 3027; x_wconf 84' lang='grc' dir='ltr'>ὡς</span> 
     </span>
    </p>
   </div>
   <div class='ocr_carea' id='block_1_57' title="bbox 1923 2958 3489 3033">
    <p class='ocr_par' dir='ltr' id='par_1_57' title="bbox 1924 2965 3489 3033">
     <span class='ocr_line' id='line_1_57' title="bbox 1924 2965 3489 3033; baseline -0.001 -13"><span class='ocrx_word' id='word_1_429' title='bbox 1924 2965 2055 3020; x_wconf 87' lang='lat' dir='ltr'><strong>nihil</strong></span> <span class='ocrx_word' id='word_1_430' title='bbox 2079 2967 2298 3021; x_wconf 90' lang='lat' dir='ltr'><strong>obstare</strong></span> <span class='ocrx_word' id='word_1_431' title='bbox 2329 2965 2562 3027; x_wconf 88' lang='lat' dir='ltr'><strong>videtur,</strong></span> <span class='ocrx_word' id='word_1_432' title='bbox 2588 2965 2874 3033; x_wconf 90' lang='lat' dir='ltr'><strong>quominus</strong></span> <span class='ocrx_word' id='word_1_433' title='bbox 2902 2979 3048 3029; x_wconf 86' lang='lat' dir='ltr'><strong>caro,</strong></span> <span class='ocrx_word' id='word_1_434' title='bbox 3098 2965 3407 3019; x_wconf 84' lang='lat' dir='ltr'><strong>inferiorem</strong></span> <span class='ocrx_word' id='word_1_435' title='bbox 3435 2976 3489 3019; x_wconf 87' lang='lat' dir='ltr'><strong>et</strong></span> 
     </span>
    </p>
   </div>
   <div class='ocr_carea' id='block_1_58' title="bbox 256 3051 1820 3125">
    <p class='ocr_par' dir='ltr' id='par_1_58' title="bbox 256 3051 1820 3124">
     <span class='ocr_line' id='line_1_58' title="bbox 256 3051 1820 3124; baseline 0.003 -23"><span class='ocrx_word' id='word_1_436' title='bbox 256 3051 431 3115; x_wconf 78' lang='grc' dir='ltr'>ἔοικε,</span> <span class='ocrx_word' id='word_1_437' title='bbox 470 3053 528 3103; x_wconf 74' lang='grc' dir='ltr'>τὸ</span> <span class='ocrx_word' id='word_1_438' title='bbox 576 3053 837 3123; x_wconf 78' lang='grc' dir='ltr'>ἀπεῖργον</span> <span class='ocrx_word' id='word_1_439' title='bbox 875 3054 974 3115; x_wconf 81' lang='grc' dir='ltr'>ἔτι,</span> <span class='ocrx_word' id='word_1_440' title='bbox 1001 3054 1097 3124; x_wconf 78' lang='grc' dir='ltr'>τὴν</span> <span class='ocrx_word' id='word_1_441' title='bbox 1127 3055 1224 3122; x_wconf 84' lang='grc' dir='ltr'><strong>μὲν</strong></span> <span class='ocrx_word' id='word_1_442' title='bbox 1273 3055 1423 3107; x_wconf 78' lang='grc' dir='ltr'>κάτω</span> <span class='ocrx_word' id='word_1_443' title='bbox 1454 3072 1512 3106; x_wconf 87' lang='grc' dir='ltr'><strong>τε</strong></span> <span class='ocrx_word' id='word_1_444' title='bbox 1553 3056 1647 3107; x_wconf 77' lang='grc' dir='ltr'><strong>καὶ</strong></span> <span class='ocrx_word' id='word_1_445' title='bbox 1690 3055 1820 3107; x_wconf 85' lang='grc' dir='ltr'>ίδίαν</span> 
     </span>
    </p>
   </div>
   <div class='ocr_carea' id='block_1_59' title="bbox 1923 3051 3490 3125">
    <p class='ocr_par' dir='ltr' id='par_1_59' title="bbox 1923 3054 3490 3125">
     <span class='ocr_line' id='line_1_59' title="bbox 1923 3054 3490 3125; baseline -0.001 -18"><span class='ocrx_word' id='word_1_446' title='bbox 1923 3056 2200 3125; x_wconf 84' lang='lat' dir='ltr'><strong>prapriam</strong></span> <span class='ocrx_word' id='word_1_447' title='bbox 2254 3054 2646 3107; x_wconf 87' lang='lat' dir='ltr'><strong>trauscendens</strong></span> <span class='ocrx_word' id='word_1_448' title='bbox 2711 3061 3004 3119; x_wconf 84' lang='lat' dir='ltr'><strong>naturam,</strong></span> <span class='ocrx_word' id='word_1_449' title='bbox 3074 3054 3490 3107; x_wconf 80' lang='lat' dir='ltr'><strong>transformetnr</strong></span> 
     </span>
    </p>
   </div>
   <div class='ocr_carea' id='block_1_60' title="bbox 256 3141 1820 3215">
    <p class='ocr_par' dir='ltr' id='par_1_60' title="bbox 256 3143 1820 3215">
     <span class='ocr_line' id='line_1_60' title="bbox 256 3143 1820 3215; baseline 0.002 -21"><span class='ocrx_word' id='word_1_450' title='bbox 256 3143 424 3209; x_wconf 76' lang='grc' dir='ltr'>φύσιν</span> <span class='ocrx_word' id='word_1_451' title='bbox 480 3143 889 3211; x_wconf 82' lang='grc' dir='ltr'>ύπερπέτασθαι</span> <span class='ocrx_word' id='word_1_452' title='bbox 944 3144 1041 3214; x_wconf 82' lang='grc' dir='ltr'>τὴν</span> <span class='ocrx_word' id='word_1_453' title='bbox 1102 3145 1298 3215; x_wconf 83' lang='grc' dir='ltr'>σάρκα,</span> <span class='ocrx_word' id='word_1_454' title='bbox 1355 3145 1820 3214; x_wconf 81' lang='grc' dir='ltr'>μεταπλὰττεσθαι</span> 
     </span>
    </p>
   </div>
   <div class='ocr_carea' id='block_1_61' title="bbox 1923 3141 3483 3215">
    <p class='ocr_par' dir='ltr' id='par_1_61' title="bbox 1926 3144 3483 3210">
     <span class='ocr_line' id='line_1_61' title="bbox 1926 3144 3483 3210; baseline -0.001 -11"><span class='ocrx_word' id='word_1_455' title='bbox 1926 3146 2090 3199; x_wconf 79' lang='lat' dir='ltr'><strong>etiam</strong></span> <span class='ocrx_word' id='word_1_456' title='bbox 2143 3147 2194 3199; x_wconf 91' lang='lat' dir='ltr'><strong>in</strong></span> <span class='ocrx_word' id='word_1_457' title='bbox 2254 3145 2509 3198; x_wconf 84' lang='lat' dir='ltr'><strong>deitatem</strong></span> <span class='ocrx_word' id='word_1_458' title='bbox 2552 3154 2607 3196; x_wconf 91' lang='lat' dir='ltr'><strong>et</strong></span> <span class='ocrx_word' id='word_1_459' title='bbox 2644 3159 2910 3197; x_wconf 89' lang='lat' dir='ltr'><strong>summam</strong></span> <span class='ocrx_word' id='word_1_460' title='bbox 2966 3144 3274 3197; x_wconf 87' lang='lat' dir='ltr'><strong>essentiam.</strong></span> <span class='ocrx_word' id='word_1_461' title='bbox 3321 3144 3483 3210; x_wconf 71' lang='lat' dir='ltr'><strong>Atqui</strong></span> 
     </span>
    </p>
   </div>
   <div class='ocr_carea' id='block_1_62' title="bbox 252 3232 1821 3306">
    <p class='ocr_par' dir='ltr' id='par_1_62' title="bbox 252 3232 1821 3306">
     <span class='ocr_line' id='line_1_62' title="bbox 252 3232 1821 3306; baseline 0.001 -20"><span class='ocrx_word' id='word_1_462' title='bbox 252 3234 314 3286; x_wconf 82' lang='grc' dir='ltr'><strong>δὲ</strong></span> <span class='ocrx_word' id='word_1_463' title='bbox 360 3234 451 3285; x_wconf 74' lang='grc' dir='ltr'>καὶ</span> <span class='ocrx_word' id='word_1_464' title='bbox 502 3234 636 3304; x_wconf 66' lang='grc' dir='ltr'>πρὸς</span> <span class='ocrx_word' id='word_1_465' title='bbox 690 3232 959 3304; x_wconf 80' lang='grc' dir='ltr'>θεότητα,</span> <span class='ocrx_word' id='word_1_466' title='bbox 1018 3237 1112 3288; x_wconf 84' lang='grc' dir='ltr'><strong>καί</strong></span> <span class='ocrx_word' id='word_1_467' title='bbox 1154 3238 1233 3298; x_wconf 85' lang='grc' dir='ltr'><strong>είς</strong></span> <span class='ocrx_word' id='word_1_468' title='bbox 1281 3236 1465 3288; x_wconf 80' lang='grc' dir='ltr'>οὐσίαν</span> <span class='ocrx_word' id='word_1_469' title='bbox 1522 3236 1618 3306; x_wconf 85' lang='grc' dir='ltr'>τὴν</span> <span class='ocrx_word' id='word_1_470' title='bbox 1680 3237 1821 3288; x_wconf 85' lang='grc' dir='ltr'>ἀνω-</span> 
     </span>
    </p>
   </div>
   <div class='ocr_carea' id='block_1_63' title="bbox 252 3324 1823 3387">
    <p class='ocr_par' dir='ltr' id='par_1_63' title="bbox 252 3324 1823 3387">
     <span class='ocr_line' id='line_1_63' title="bbox 252 3324 1823 3387; baseline 0.001 -11"><span class='ocrx_word' id='word_1_471' title='bbox 252 3325 424 3377; x_wconf 80' lang='grc' dir='ltr'>τάτω.</span> <span class='ocrx_word' id='word_1_472' title='bbox 475 3324 612 3375; x_wconf 78' lang='grc' dir='ltr'>Ἀλλ’</span> <span class='ocrx_word' id='word_1_473' title='bbox 662 3325 721 3375; x_wconf 85' lang='grc' dir='ltr'><strong>ού</strong></span> <span class='ocrx_word' id='word_1_474' title='bbox 778 3328 896 3386; x_wconf 84' lang='grc' dir='ltr'>ταῖς</span> <span class='ocrx_word' id='word_1_475' title='bbox 972 3325 1190 3377; x_wconf 75' lang='grc' dir='ltr'>ἐκείνων</span> <span class='ocrx_word' id='word_1_476' title='bbox 1242 3325 1554 3387; x_wconf 80' lang='grc' dir='ltr'>ἀσυνεσίαις</span> <span class='ocrx_word' id='word_1_477' title='bbox 1624 3324 1683 3376; x_wconf 85' lang='grc' dir='ltr'><strong>τὸ</strong></span> <span class='ocrx_word' id='word_1_478' title='bbox 1734 3326 1823 3377; x_wconf 76' lang='grc' dir='ltr'>εὑ-</span> 
     </span>
    </p>
   </div>
   <div class='ocr_carea' id='block_1_64' title="bbox 256 3415 1820 3487">
    <p class='ocr_par' dir='ltr' id='par_1_64' title="bbox 256 3415 1820 3487">
     <span class='ocr_line' id='line_1_64' title="bbox 256 3415 1820 3487; baseline 0.002 -21"><span class='ocrx_word' id='word_1_479' title='bbox 256 3415 444 3477; x_wconf 79' lang='grc' dir='ltr'>πειθὲς</span> <span class='ocrx_word' id='word_1_480' title='bbox 506 3416 877 3485; x_wconf 81' lang='grc' dir='ltr'>χαριούμεθα,</span> <span class='ocrx_word' id='word_1_481' title='bbox 944 3416 1184 3486; x_wconf 65' lang='grc' dir='ltr'>ἑψόμεθα</span> <span class='ocrx_word' id='word_1_482' title='bbox 1228 3427 1254 3453; x_wconf 70' lang='grc' dir='ltr'><strong>ν</strong></span> <span class='ocrx_word' id='word_1_483' title='bbox 1305 3417 1361 3469; x_wconf 86' lang='grc' dir='ltr'><strong>δὲ</strong></span> <span class='ocrx_word' id='word_1_484' title='bbox 1436 3418 1635 3487; x_wconf 83' lang='grc' dir='ltr'>μᾶλλον</span> <span class='ocrx_word' id='word_1_485' title='bbox 1702 3420 1820 3481; x_wconf 86' lang='grc' dir='ltr'>ταῖς</span> 
     </span>
    </p>
   </div>
   <div class='ocr_carea' id='block_1_65' title="bbox 256 3506 1819 3579">
    <p class='ocr_par' dir='ltr' id='par_1_65' title="bbox 256 3506 1819 3579">
     <span class='ocr_line' id='line_1_65' title="bbox 256 3506 1819 3579; baseline 0.004 -22"><span class='ocrx_word' id='word_1_486' title='bbox 256 3506 430 3569; x_wconf 86' lang='grc' dir='ltr'>θείαις</span> <span class='ocrx_word' id='word_1_487' title='bbox 456 3507 715 3576; x_wconf 75' lang='grc' dir='ltr'>1“ραφαίς,</span> <span class='ocrx_word' id='word_1_488' title='bbox 752 3509 849 3560; x_wconf 76' lang='grc' dir='ltr'>καὶ</span> <span class='ocrx_word' id='word_1_489' title='bbox 881 3510 1164 3579; x_wconf 81' lang='grc' dir='ltr'>Προφήτου</span> <span class='ocrx_word' id='word_1_490' title='bbox 1199 3510 1296 3579; x_wconf 83' lang='grc' dir='ltr'><strong>μὲν</strong></span> <span class='ocrx_word' id='word_1_491' title='bbox 1333 3510 1579 3579; x_wconf 80' lang='grc' dir='ltr'>λέγοντος</span> <span class='ocrx_word' id='word_1_492' title='bbox 1603 3527 1615 3539; x_wconf 73' lang='grc'><strong>⁸</strong></span> <span class='ocrx_word' id='word_1_493' title='bbox 1652 3529 1670 3562; x_wconf 77' lang='grc' dir='ltr'><strong>ι</strong></span> <span class='ocrx_word' id='word_1_494' title='bbox 1692 3511 1819 3564; x_wconf 82' lang='grc' dir='ltr'>Ἰδοὺ</span> 
     </span>
    </p>
   </div>
   <div class='ocr_carea' id='block_1_66' title="bbox 254 3598 1822 3671">
    <p class='ocr_par' dir='ltr' id='par_1_66' title="bbox 254 3598 1822 3671">
     <span class='ocr_line' id='line_1_66' title="bbox 254 3598 1822 3671; baseline 0.004 -22"><span class='ocrx_word' id='word_1_495' title='bbox 254 3600 293 3671; x_wconf 83' lang='grc' dir='ltr'><strong>ή</strong></span> <span class='ocrx_word' id='word_1_496' title='bbox 330 3598 594 3669; x_wconf 83' lang='grc' dir='ltr'>παρθένος</span> <span class='ocrx_word' id='word_1_497' title='bbox 638 3600 695 3651; x_wconf 80' lang='grc' dir='ltr'><strong>ἐν</strong></span> <span class='ocrx_word' id='word_1_498' title='bbox 744 3601 942 3670; x_wconf 76' lang='grc' dir='ltr'>γαστρὶ</span> <span class='ocrx_word' id='word_1_499' title='bbox 989 3602 1119 3667; x_wconf 70' lang='grc' dir='ltr'>ἔξει,</span> <span class='ocrx_word' id='word_1_500' title='bbox 1163 3604 1256 3655; x_wconf 77' lang='grc' dir='ltr'><strong>καὶ</strong></span> <span class='ocrx_word' id='word_1_501' title='bbox 1290 3602 1501 3669; x_wconf 80' lang='grc' dir='ltr'>τέξεται</span> <span class='ocrx_word' id='word_1_502' title='bbox 1549 3604 1683 3667; x_wconf 80' lang='grc' dir='ltr'>υἱὸν,</span> <span class='ocrx_word' id='word_1_503' title='bbox 1728 3605 1822 3656; x_wconf 76' lang='grc' dir='ltr'><strong>καὶ</strong></span> 
     </span>
    </p>
   </div>
   <div class='ocr_carea' id='block_1_67' title="bbox 256 3690 1821 3765">
    <p class='ocr_par' dir='ltr' id='par_1_67' title="bbox 256 3690 1821 3765">
     <span class='ocr_line' id='line_1_67' title="bbox 256 3690 1821 3765; baseline 0.004 -21"><span class='ocrx_word' id='word_1_504' title='bbox 256 3690 551 3744; x_wconf 82' lang='grc' dir='ltr'>καλέσουσι</span> <span class='ocrx_word' id='word_1_505' title='bbox 602 3691 661 3743; x_wconf 85' lang='grc' dir='ltr'><strong>τὸ</strong></span> <span class='ocrx_word' id='word_1_506' title='bbox 714 3692 879 3761; x_wconf 78' lang='grc' dir='ltr'>ὄνομα</span> <span class='ocrx_word' id='word_1_507' title='bbox 920 3692 1080 3745; x_wconf 81' lang='grc' dir='ltr'>αὐτοῦ</span> <span class='ocrx_word' id='word_1_508' title='bbox 1144 3695 1514 3765; x_wconf 75' lang='grc' dir='ltr'>Ἐμμανουήλ·</span> <span class='ocrx_word' id='word_1_509' title='bbox 1571 3714 1589 3746; x_wconf 84' lang='grc'><strong><em>›</em></strong></span> <span class='ocrx_word' id='word_1_510' title='bbox 1651 3713 1821 3750; x_wconf 87' lang='grc' dir='ltr'>κατα-</span> 
     </span>
    </p>
   </div>
   <div class='ocr_carea' id='block_1_68' title="bbox 258 3780 1817 3858">
    <p class='ocr_par' dir='ltr' id='par_1_68' title="bbox 258 3780 1817 3858">
     <span class='ocr_line' id='line_1_68' title="bbox 258 3780 1817 3858; baseline 0.004 -24"><span class='ocrx_word' id='word_1_511' title='bbox 258 3780 651 3851; x_wconf 72' lang='grc' dir='ltr'>σφραγίξοντος</span> <span class='ocrx_word' id='word_1_512' title='bbox 684 3783 740 3835; x_wconf 83' lang='grc' dir='ltr'><strong>δέ</strong></span> <span class='ocrx_word' id='word_1_513' title='bbox 777 3784 874 3853; x_wconf 86' lang='grc' dir='ltr'>τὴν</span> <span class='ocrx_word' id='word_1_514' title='bbox 909 3786 1364 3855; x_wconf 80' lang='grc' dir='ltr'>προαναφώνησιν</span> <span class='ocrx_word' id='word_1_515' title='bbox 1409 3786 1500 3839; x_wconf 89' lang='grc' dir='ltr'><strong>τοῦ</strong></span> <span class='ocrx_word' id='word_1_516' title='bbox 1550 3788 1817 3858; x_wconf 85' lang='grc' dir='ltr'>μακαρίου</span> 
     </span>
    </p>
   </div>
   <div class='ocr_carea' id='block_1_69' title="bbox 257 3873 1822 3949">
    <p class='ocr_par' dir='ltr' id='par_1_69' title="bbox 257 3873 1822 3949">
     <span class='ocr_line' id='line_1_69' title="bbox 257 3873 1822 3949; baseline 0.003 -23"><span class='ocrx_word' id='word_1_517' title='bbox 257 3873 518 3944; x_wconf 83' lang='grc' dir='ltr'>Γαϐριὴλ,</span> <span class='ocrx_word' id='word_1_518' title='bbox 548 3875 641 3925; x_wconf 82' lang='grc' dir='ltr'>καὶ</span> <span class='ocrx_word' id='word_1_519' title='bbox 661 3874 757 3944; x_wconf 80' lang='grc' dir='ltr'>τὴν</span> <span class='ocrx_word' id='word_1_520' title='bbox 785 3875 987 3927; x_wconf 73' lang='grc' dir='ltr'>ἄνωθεν</span> <span class='ocrx_word' id='word_1_521' title='bbox 1020 3876 1197 3945; x_wconf 70' lang='grc' dir='ltr'>ψῆφον</span> <span class='ocrx_word' id='word_1_522' title='bbox 1227 3880 1290 3945; x_wconf 81' lang='grc' dir='ltr'>τῇ</span> <span class='ocrx_word' id='word_1_523' title='bbox 1330 3877 1583 3947; x_wconf 85' lang='grc' dir='ltr'>παρθένῳ</span> <span class='ocrx_word' id='word_1_524' title='bbox 1605 3878 1822 3949; x_wconf 83' lang='grc' dir='ltr'>διερμη-</span> 
     </span>
    </p>
   </div>
   <div class='ocr_carea' id='block_1_70' title="bbox 255 3964 1820 4038">
    <p class='ocr_par' dir='ltr' id='par_1_70' title="bbox 255 3964 1820 4038">
     <span class='ocr_line' id='line_1_70' title="bbox 255 3964 1820 4038; baseline 0.004 -22"><span class='ocrx_word' id='word_1_525' title='bbox 255 3964 504 4026; x_wconf 84' lang='grc' dir='ltr'>νεύοντος</span> <span class='ocrx_word' id='word_1_526' title='bbox 526 3982 537 3992; x_wconf 92' lang='grc'><strong>·</strong></span> <span class='ocrx_word' id='word_1_527' title='bbox 575 3984 591 4014; x_wconf 82' lang='grc' dir='ltr'><strong>ι</strong></span> <span class='ocrx_word' id='word_1_528' title='bbox 619 3966 710 4034; x_wconf 82' lang='grc' dir='ltr'><strong>Μὴ</strong></span> <span class='ocrx_word' id='word_1_529' title='bbox 751 3965 915 4031; x_wconf 81' lang='grc' dir='ltr'>φοϐοῦ</span> <span class='ocrx_word' id='word_1_530' title='bbox 954 3967 1077 4033; x_wconf 80' lang='grc' dir='ltr'>γὰρ,</span> <span class='ocrx_word' id='word_1_531' title='bbox 1108 3968 1234 4033; x_wconf 79' lang='grc' dir='ltr'>ἐφη,</span> <span class='ocrx_word' id='word_1_532' title='bbox 1277 3969 1511 4038; x_wconf 79' lang='grc' dir='ltr'>Μαριάμ</span> <span class='ocrx_word' id='word_1_533' title='bbox 1533 3985 1545 3999; x_wconf 81' lang='grc'><strong>⁸</strong></span> <span class='ocrx_word' id='word_1_534' title='bbox 1577 3971 1659 4022; x_wconf 85' lang='grc' dir='ltr'><strong>ὅτι</strong></span> <span class='ocrx_word' id='word_1_535' title='bbox 1711 3972 1820 4023; x_wconf 74' lang='grc' dir='ltr'>ἰδοὺ</span> 
     </span>
    </p>
   </div>
   <div class='ocr_carea' id='block_1_71' title="bbox 260 4054 1821 4124">
    <p class='ocr_par' dir='ltr' id='par_1_71' title="bbox 260 4054 1821 4124">
     <span class='ocr_line' id='line_1_71' title="bbox 260 4054 1821 4124; baseline 0.003 -19"><span class='ocrx_word' id='word_1_536' title='bbox 260 4054 507 4124; x_wconf 62' lang='lat' dir='ltr'><strong>man</strong></span> <span class='ocrx_word' id='word_1_537' title='bbox 542 4056 598 4105; x_wconf 88' lang='grc' dir='ltr'><strong>ἐν</strong></span> <span class='ocrx_word' id='word_1_538' title='bbox 626 4054 842 4123; x_wconf 81' lang='grc' dir='ltr'>γαστρὶ,</span> <span class='ocrx_word' id='word_1_539' title='bbox 882 4054 973 4105; x_wconf 78' lang='grc' dir='ltr'>καὶ</span> <span class='ocrx_word' id='word_1_540' title='bbox 1006 4054 1134 4123; x_wconf 78' lang='grc' dir='ltr'>τέξῃ</span> <span class='ocrx_word' id='word_1_541' title='bbox 1166 4055 1301 4117; x_wconf 65' lang='grc' dir='ltr'>υἱον,</span> <span class='ocrx_word' id='word_1_542' title='bbox 1342 4059 1435 4107; x_wconf 80' lang='grc' dir='ltr'>καὶ</span> <span class='ocrx_word' id='word_1_543' title='bbox 1486 4059 1734 4121; x_wconf 77' lang='grc' dir='ltr'>καλέσεις</span> <span class='ocrx_word' id='word_1_544' title='bbox 1761 4062 1821 4111; x_wconf 88' lang='grc' dir='ltr'><strong>τὸ</strong></span> 
     </span>
    </p>
   </div>
   <div class='ocr_carea' id='block_1_72' title="bbox 256 4144 1821 4221">
    <p class='ocr_par' dir='ltr' id='par_1_72' title="bbox 256 4144 1821 4221">
     <span class='ocr_line' id='line_1_72' title="bbox 256 4144 1821 4221; baseline 0.004 -25"><span class='ocrx_word' id='word_1_545' title='bbox 256 4146 430 4214; x_wconf 74' lang='grc' dir='ltr'>ὄνομα</span> <span class='ocrx_word' id='word_1_546' title='bbox 480 4144 648 4197; x_wconf 80' lang='grc' dir='ltr'>αὐτοῦ</span> <span class='ocrx_word' id='word_1_547' title='bbox 694 4145 921 4213; x_wconf 77' lang='grc' dir='ltr'>Ἰησοῦν.</span> <span class='ocrx_word' id='word_1_548' title='bbox 963 4164 979 4196; x_wconf 70' lang='grc' dir='ltr'><strong>ι</strong></span> <span class='ocrx_word' id='word_1_549' title='bbox 1028 4146 1121 4197; x_wconf 83' lang='grc' dir='ltr'>Ἐκ</span> <span class='ocrx_word' id='word_1_550' title='bbox 1174 4149 1431 4212; x_wconf 79' lang='grc' dir='ltr'>γυναικὸς</span> <span class='ocrx_word' id='word_1_551' title='bbox 1475 4144 1568 4201; x_wconf 77' lang='grc' dir='ltr'><strong>οῦν</strong></span> <span class='ocrx_word' id='word_1_552' title='bbox 1606 4150 1821 4221; x_wconf 81' lang='grc' dir='ltr'>ἀληθῶς</span> 
     </span>
    </p>
   </div>
   <div class='ocr_carea' id='block_1_73' title="bbox 257 4236 1822 4311">
    <p class='ocr_par' dir='ltr' id='par_1_73' title="bbox 257 4236 1822 4311">
     <span class='ocr_line' id='line_1_73' title="bbox 257 4236 1822 4311; baseline 0.004 -24"><span class='ocrx_word' id='word_1_553' title='bbox 257 4237 618 4305; x_wconf 81' lang='grc' dir='ltr'>γεγεννῆσθαι</span> <span class='ocrx_word' id='word_1_554' title='bbox 672 4236 1000 4305; x_wconf 83' lang='grc' dir='ltr'>πιστεύομεν</span> <span class='ocrx_word' id='word_1_555' title='bbox 1058 4237 1147 4290; x_wconf 85' lang='grc' dir='ltr'><strong>τὸν</strong></span> <span class='ocrx_word' id='word_1_556' title='bbox 1199 4240 1566 4311; x_wconf 68' lang='grc' dir='ltr'>Ἐμμανουήλ,</span> <span class='ocrx_word' id='word_1_557' title='bbox 1621 4243 1713 4295; x_wconf 81' lang='grc' dir='ltr'><strong>καὶ</strong></span> <span class='ocrx_word' id='word_1_558' title='bbox 1760 4241 1822 4293; x_wconf 84' lang='grc' dir='ltr'><strong>τὸ</strong></span> 
     </span>
    </p>
   </div>
   <div class='ocr_carea' id='block_1_74' title="bbox 258 4328 1820 4401">
    <p class='ocr_par' dir='ltr' id='par_1_74' title="bbox 258 4328 1820 4401">
     <span class='ocr_line' id='line_1_74' title="bbox 258 4328 1820 4401; baseline 0.004 -22"><span class='ocrx_word' id='word_1_559' title='bbox 258 4328 513 4397; x_wconf 87' lang='grc' dir='ltr'>λαμπρόν</span> <span class='ocrx_word' id='word_1_560' title='bbox 542 4346 601 4381; x_wconf 90' lang='grc' dir='ltr'><strong>τε</strong></span> <span class='ocrx_word' id='word_1_561' title='bbox 630 4329 722 4383; x_wconf 78' lang='grc' dir='ltr'>καὶ</span> <span class='ocrx_word' id='word_1_562' title='bbox 757 4329 1083 4396; x_wconf 75' lang='grc' dir='ltr'>ἀξιάγαστον</span> <span class='ocrx_word' id='word_1_563' title='bbox 1123 4332 1221 4399; x_wconf 82' lang='grc' dir='ltr'>τῆς</span> <span class='ocrx_word' id='word_1_564' title='bbox 1260 4332 1468 4384; x_wconf 84' lang='grc' dir='ltr'>ἐαυτῶν</span> <span class='ocrx_word' id='word_1_565' title='bbox 1499 4333 1714 4401; x_wconf 80' lang='grc' dir='ltr'>φύσεως</span> <span class='ocrx_word' id='word_1_566' title='bbox 1759 4334 1820 4385; x_wconf 87' lang='grc' dir='ltr'><strong>ού</strong></span> 
     </span>
    </p>
   </div>
   <div class='ocr_carea' id='block_1_75' title="bbox 260 4422 1823 4497">
    <p class='ocr_par' dir='ltr' id='par_1_75' title="bbox 260 4422 1823 4497">
     <span class='ocr_line' id='line_1_75' title="bbox 260 4422 1823 4497; baseline 0.004 -24"><span class='ocrx_word' id='word_1_567' title='bbox 260 4422 568 4489; x_wconf 84' lang='grc' dir='ltr'>διωσόμεθα</span> <span class='ocrx_word' id='word_1_568' title='bbox 624 4422 917 4493; x_wconf 82' lang='grc' dir='ltr'>καύχημα,</span> <span class='ocrx_word' id='word_1_569' title='bbox 958 4424 1277 4493; x_wconf 85' lang='grc' dir='ltr'>φρονοῦντες</span> <span class='ocrx_word' id='word_1_570' title='bbox 1316 4426 1509 4495; x_wconf 80' lang='grc' dir='ltr'>ὀρθῶς.</span> <span class='ocrx_word' id='word_1_571' title='bbox 1566 4427 1823 4497; x_wconf 84' lang='grc' dir='ltr'><strong>Ἐπεδρά-</strong></span> 
     </span>
    </p>
   </div>
   <div class='ocr_carea' id='block_1_76' title="bbox 266 4511 1820 4586">
    <p class='ocr_par' dir='ltr' id='par_1_76' title="bbox 266 4511 1820 4586">
     <span class='ocr_line' id='line_1_76' title="bbox 266 4511 1820 4586; baseline 0.002 -24"><span class='ocrx_word' id='word_1_572' title='bbox 266 4511 396 4575; x_wconf 81' lang='grc' dir='ltr'>ξατο</span> <span class='ocrx_word' id='word_1_573' title='bbox 425 4524 448 4550; x_wconf 75' lang='grc' dir='ltr'><strong>ι</strong></span> <span class='ocrx_word' id='word_1_574' title='bbox 480 4512 586 4581; x_wconf 84' lang='grc' dir='ltr'><strong>γὰρ</strong></span> <span class='ocrx_word' id='word_1_575' title='bbox 611 4512 639 4563; x_wconf 85' lang='grc' dir='ltr'><strong>ό</strong></span> <span class='ocrx_word' id='word_1_576' title='bbox 672 4512 977 4582; x_wconf 80' lang='grc' dir='ltr'>Μονογενὴς</span> <span class='ocrx_word' id='word_1_577' title='bbox 1023 4513 1143 4581; x_wconf 70' lang='grc' dir='ltr'>οὐχὶ</span> <span class='ocrx_word' id='word_1_578' title='bbox 1178 4512 1276 4581; x_wconf 83' lang='grc' dir='ltr'>τῆς</span> <span class='ocrx_word' id='word_1_579' title='bbox 1324 4514 1459 4577; x_wconf 82' lang='grc' dir='ltr'>ἰδίας</span> <span class='ocrx_word' id='word_1_580' title='bbox 1484 4515 1701 4583; x_wconf 85' lang='grc' dir='ltr'>φύσεως</span> <span class='ocrx_word' id='word_1_581' title='bbox 1728 4513 1820 4586; x_wconf 81' lang='grc' dir='ltr'><strong>(ἦν</strong></span> 
     </span>
    </p>
   </div>
   <div class='ocr_carea' id='block_1_77' title="bbox 260 4598 1821 4677">
    <p class='ocr_par' dir='ltr' id='par_1_77' title="bbox 260 4598 1821 4677">
     <span class='ocr_line' id='line_1_77' title="bbox 260 4598 1821 4677; baseline 0.004 -26"><span class='ocrx_word' id='word_1_582' title='bbox 260 4598 373 4677; x_wconf 83' lang='grc' dir='ltr'>γὰρ</span> <span class='ocrx_word' id='word_1_583' title='bbox 406 4598 470 4651; x_wconf 85' lang='grc' dir='ltr'><strong>ἂν</strong></span> <span class='ocrx_word' id='word_1_584' title='bbox 498 4601 650 4653; x_wconf 82' lang='grc' dir='ltr'>οὐδέν</span> <span class='ocrx_word' id='word_1_585' title='bbox 675 4618 727 4653; x_wconf 85' lang='grc' dir='ltr'><strong>τι</strong></span> <span class='ocrx_word' id='word_1_586' title='bbox 758 4600 954 4670; x_wconf 82' lang='grc' dir='ltr'>μᾶλλον</span> <span class='ocrx_word' id='word_1_587' title='bbox 981 4601 1049 4653; x_wconf 75' lang='grc' dir='ltr'>τὰ</span> <span class='ocrx_word' id='word_1_588' title='bbox 1070 4601 1189 4653; x_wconf 85' lang='grc' dir='ltr'>καθ’</span> <span class='ocrx_word' id='word_1_589' title='bbox 1228 4604 1376 4671; x_wconf 79' lang='grc' dir='ltr'>ἡμᾶς</span> <span class='ocrx_word' id='word_1_590' title='bbox 1405 4604 1462 4655; x_wconf 88' lang='grc' dir='ltr'><strong>ἐν</strong></span> <span class='ocrx_word' id='word_1_591' title='bbox 1492 4605 1821 4673; x_wconf 83' lang='grc' dir='ltr'>ἀμείνοσιν).</span> 
     </span>
    </p>
   </div>
   <div class='ocr_carea' id='block_1_78' title="bbox 259 4690 1819 4766">
    <p class='ocr_par' dir='ltr' id='par_1_78' title="bbox 259 4690 1819 4766">
     <span class='ocr_line' id='line_1_78' title="bbox 259 4690 1819 4766; baseline 0.005 -24"><span class='ocrx_word' id='word_1_592' title='bbox 259 4690 377 4742; x_wconf 84' lang='grc' dir='ltr'>ἀλλ’</span> <span class='ocrx_word' id='word_1_593' title='bbox 394 4691 510 4743; x_wconf 73' lang='grc' dir='ltr'>οὐδὲ</span> <span class='ocrx_word' id='word_1_594' title='bbox 532 4693 629 4761; x_wconf 82' lang='grc' dir='ltr'>τῆς</span> <span class='ocrx_word' id='word_1_595' title='bbox 656 4694 925 4761; x_wconf 70' lang='grc' dir='ltr'>ἀγγέλωνο</span> <span class='ocrx_word' id='word_1_596' title='bbox 946 4693 1099 4758; x_wconf 73' lang='grc' dir='ltr'>ἀλλὰ,</span> <span class='ocrx_word' id='word_1_597' title='bbox 1128 4713 1145 4743; x_wconf 77' lang='grc' dir='ltr'><strong>ι</strong></span> <span class='ocrx_word' id='word_1_598' title='bbox 1177 4694 1493 4762; x_wconf 77' lang='grc' dir='ltr'>σπέρματος</span> <span class='ocrx_word' id='word_1_599' title='bbox 1517 4696 1819 4766; x_wconf 61' lang='grc' dir='ltr'>’Λϐραὰμρ</span> 
     </span>
    </p>
   </div>
   <div class='ocr_carea' id='block_1_79' title="bbox 260 4781 1821 4858">
    <p class='ocr_par' dir='ltr' id='par_1_79' title="bbox 260 4781 1821 4858">
     <span class='ocr_line' id='line_1_79' title="bbox 260 4781 1821 4858; baseline 0.004 -24"><span class='ocrx_word' id='word_1_600' title='bbox 260 4782 408 4835; x_wconf 81' lang='grc' dir='ltr'>καθὰ</span> <span class='ocrx_word' id='word_1_601' title='bbox 452 4783 779 4855; x_wconf 75' lang='grc' dir='ltr'>γέγραπται.</span> <span class='ocrx_word' id='word_1_602' title='bbox 806 4781 913 4837; x_wconf 87' lang='grc' dir='ltr'>Ἦν</span> <span class='ocrx_word' id='word_1_603' title='bbox 958 4784 1066 4853; x_wconf 78' lang='grc' dir='ltr'><strong>γὰρ</strong></span> <span class='ocrx_word' id='word_1_604' title='bbox 1116 4785 1284 4848; x_wconf 76' lang='grc' dir='ltr'>οὕτω,</span> <span class='ocrx_word' id='word_1_605' title='bbox 1321 4789 1416 4838; x_wconf 75' lang='grc' dir='ltr'><strong>καὶ</strong></span> <span class='ocrx_word' id='word_1_606' title='bbox 1458 4786 1553 4855; x_wconf 85' lang='grc' dir='ltr'>οὐχ</span> <span class='ocrx_word' id='word_1_607' title='bbox 1596 4788 1821 4858; x_wconf 82' lang='grc' dir='ltr'>ἑτέρως,</span> 
     </span>
    </p>
   </div>
   <div class='ocr_carea' id='block_1_80' title="bbox 257 4873 1676 4971">
    <p class='ocr_par' dir='ltr' id='par_1_80' title="bbox 257 4873 1676 4971">
     <span class='ocr_line' id='line_1_80' title="bbox 257 4873 1676 4971; baseline 0.003 -46"><span class='ocrx_word' id='word_1_608' title='bbox 257 4875 321 4926; x_wconf 87' lang='grc' dir='ltr'><strong>τὸ</strong></span> <span class='ocrx_word' id='word_1_609' title='bbox 353 4873 700 4943; x_wconf 80' lang='grc' dir='ltr'>διολισθῆσαν</span> <span class='ocrx_word' id='word_1_610' title='bbox 727 4877 809 4938; x_wconf 77' lang='grc' dir='ltr'>εἰς</span> <span class='ocrx_word' id='word_1_611' title='bbox 840 4876 1044 4945; x_wconf 83' lang='grc' dir='ltr'>φθορὰν</span> <span class='ocrx_word' id='word_1_612' title='bbox 1083 4874 1469 4928; x_wconf 83' lang='grc' dir='ltr'>ἀνασώσασθαι</span> <span class='ocrx_word' id='word_1_613' title='bbox 1499 4878 1676 4971; x_wconf 61' lang='grc' dir='ltr'>ἴένος.</span> 
     </span>
    </p>
   </div>
   <div class='ocr_carea' id='block_1_81' title="bbox 334 5052 1820 5123">
    <p class='ocr_par' dir='ltr' id='par_1_81' title="bbox 334 5052 1820 5123">
     <span class='ocr_line' id='line_1_81' title="bbox 334 5052 1820 5123; baseline 0.001 -20"><span class='ocrx_word' id='word_1_614' title='bbox 334 5052 432 5103; x_wconf 85' lang='lat' dir='ltr'><strong>IB’.</strong></span> <span class='ocrx_word' id='word_1_615' title='bbox 474 5052 539 5103; x_wconf 90' lang='grc' dir='ltr'>Τί</span> <span class='ocrx_word' id='word_1_616' title='bbox 583 5052 672 5116; x_wconf 64' lang='lat' dir='ltr'><strong>es;</strong></span> <span class='ocrx_word' id='word_1_617' title='bbox 706 5052 825 5122; x_wconf 76' lang='grc' dir='ltr'>οὐχὶ</span> <span class='ocrx_word' id='word_1_618' title='bbox 868 5054 1083 5105; x_wconf 85' lang='grc' dir='ltr'>κάκεῖνο</span> <span class='ocrx_word' id='word_1_619' title='bbox 1129 5052 1265 5123; x_wconf 73' lang='grc' dir='ltr'>πρὸς</span> <span class='ocrx_word' id='word_1_620' title='bbox 1304 5054 1486 5107; x_wconf 86' lang='grc' dir='ltr'>τοῖσδε</span> <span class='ocrx_word' id='word_1_621' title='bbox 1544 5053 1820 5107; x_wconf 82' lang='grc' dir='ltr'>καταθαυ-</span> 
     </span>
    </p>
   </div>
   <div class='ocr_carea' id='block_1_82' title="bbox 260 5143 1827 5217">
    <p class='ocr_par' dir='ltr' id='par_1_82' title="bbox 260 5143 1827 5217">
     <span class='ocr_line' id='line_1_82' title="bbox 260 5143 1827 5217; baseline 0.004 -25"><span class='ocrx_word' id='word_1_622' title='bbox 260 5143 459 5213; x_wconf 69' lang='grc' dir='ltr'>μάζειν</span> <span class='ocrx_word' id='word_1_623' title='bbox 493 5143 675 5208; x_wconf 76' lang='grc' dir='ltr'>ἄξιον;</span> <span class='ocrx_word' id='word_1_624' title='bbox 714 5146 992 5215; x_wconf 76' lang='grc' dir='ltr'>μονονουχὶ</span> <span class='ocrx_word' id='word_1_625' title='bbox 1022 5145 1128 5216; x_wconf 84' lang='grc' dir='ltr'><strong>γὰρ</strong></span> <span class='ocrx_word' id='word_1_626' title='bbox 1172 5146 1264 5197; x_wconf 80' lang='grc' dir='ltr'>καὶ</span> <span class='ocrx_word' id='word_1_627' title='bbox 1303 5146 1365 5199; x_wconf 78' lang='grc' dir='ltr'><strong>τὸ</strong></span> <span class='ocrx_word' id='word_1_628' title='bbox 1392 5146 1663 5217; x_wconf 78' lang='grc' dir='ltr'>ἐρρῶσθαι</span> <span class='ocrx_word' id='word_1_629' title='bbox 1695 5146 1827 5214; x_wconf 82' lang='grc' dir='ltr'>φρά-</span> 
     </span>
    </p>
   </div>
   <div class='ocr_carea' id='block_1_83' title="bbox 330 5298 1420 5365">
    <p class='ocr_par' dir='ltr' id='par_1_83' title="bbox 330 5298 1420 5365">
     <span class='ocr_line' id='line_1_83' title="bbox 330 5298 1420 5365; baseline 0.001 -12"><span class='ocrx_word' id='word_1_630' title='bbox 330 5299 371 5329; x_wconf 90' lang='grc'><strong>³¹</strong></span> <span class='ocrx_word' id='word_1_631' title='bbox 415 5300 428 5352; x_wconf 96' lang='grc' dir='ltr'><strong>Ι</strong></span> <span class='ocrx_word' id='word_1_632' title='bbox 466 5300 591 5353; x_wconf 79' lang='lat' dir='ltr'><strong>Cor.</strong></span> <span class='ocrx_word' id='word_1_633' title='bbox 629 5314 699 5361; x_wconf 85' lang='lat' dir='ltr'><strong>IV,</strong></span> <span class='ocrx_word' id='word_1_634' title='bbox 728 5300 782 5352; x_wconf 83' lang='grc'><strong>7.⁴</strong></span> <span class='ocrx_word' id='word_1_635' title='bbox 856 5299 899 5330; x_wconf 81' lang='lat'><strong>&quot;</strong></span> <span class='ocrx_word' id='word_1_636' title='bbox 939 5298 1078 5353; x_wconf 89' lang='lat' dir='ltr'><strong>Psal.</strong></span> <span class='ocrx_word' id='word_1_637' title='bbox 1110 5314 1183 5365; x_wconf 79' lang='lat' dir='ltr'><strong>cr,</strong></span> <span class='ocrx_word' id='word_1_638' title='bbox 1216 5298 1420 5363; x_wconf 79' lang='grc'><strong>17,18.</strong></span> 
     </span>
    </p>
   </div>
   <div class='ocr_carea' id='block_1_84' title="bbox 1495 5299 1953 5367">
    <p class='ocr_par' dir='ltr' id='par_1_84' title="bbox 1495 5299 1953 5367">
     <span class='ocr_line' id='line_1_84' title="bbox 1495 5299 1953 5367; baseline 0.007 -16"><span class='ocrx_word' id='word_1_639' title='bbox 1495 5299 1541 5329; x_wconf 85' lang='grc'><strong>³⁸</strong></span> <span class='ocrx_word' id='word_1_640' title='bbox 1582 5300 1683 5354; x_wconf 89' lang='lat' dir='ltr'><strong>Isa.</strong></span> <span class='ocrx_word' id='word_1_641' title='bbox 1740 5315 1835 5367; x_wconf 85' lang='lat' dir='ltr'><strong>vn,</strong></span> <span class='ocrx_word' id='word_1_642' title='bbox 1868 5299 1953 5354; x_wconf 76' lang='lat' dir='ltr'><strong>M.</strong></span> 
     </span>
    </p>
   </div>
   <div class='ocr_carea' id='block_1_85' title="bbox 1924 3235 3482 3303">
    <p class='ocr_par' dir='ltr' id='par_1_85' title="bbox 1924 3235 3482 3303">
     <span class='ocr_line' id='line_1_85' title="bbox 1924 3235 3482 3303; baseline -0.006 -12"><span class='ocrx_word' id='word_1_643' title='bbox 1924 3252 2029 3292; x_wconf 91' lang='lat' dir='ltr'><strong>non</strong></span> <span class='ocrx_word' id='word_1_644' title='bbox 2068 3238 2139 3289; x_wconf 89' lang='lat' dir='ltr'><strong>ita</strong></span> <span class='ocrx_word' id='word_1_645' title='bbox 2179 3235 2493 3303; x_wconf 89' lang='lat' dir='ltr'><strong>desipimus,</strong></span> <span class='ocrx_word' id='word_1_646' title='bbox 2540 3250 2639 3288; x_wconf 89' lang='lat' dir='ltr'><strong>nec</strong></span> <span class='ocrx_word' id='word_1_647' title='bbox 2688 3244 2831 3287; x_wconf 87' lang='lat' dir='ltr'><strong>tanta</strong></span> <span class='ocrx_word' id='word_1_648' title='bbox 2889 3235 3109 3288; x_wconf 89' lang='lat' dir='ltr'><strong>levitate</strong></span> <span class='ocrx_word' id='word_1_649' title='bbox 3158 3249 3367 3296; x_wconf 77' lang='lat' dir='ltr'><strong>smnus,</strong></span> <span class='ocrx_word' id='word_1_650' title='bbox 3404 3244 3482 3295; x_wconf 89' lang='grc' dir='ltr'>ιιι,</span> 
     </span>
    </p>
   </div>
   <div class='ocr_carea' id='block_1_86' title="bbox 1923 3324 3487 3398">
    <p class='ocr_par' dir='ltr' id='par_1_86' title="bbox 1923 3324 3487 3398">
     <span class='ocr_line' id='line_1_86' title="bbox 1923 3324 3487 3398; baseline -0.006 -15"><span class='ocrx_word' id='word_1_651' title='bbox 1923 3328 2251 3398; x_wconf 84' lang='lat' dir='ltr'><strong>posthabitis</strong></span> <span class='ocrx_word' id='word_1_652' title='bbox 2283 3336 2488 3380; x_wconf 74' lang='lat' dir='ltr'><strong>sancta:</strong></span> <span class='ocrx_word' id='word_1_653' title='bbox 2518 3327 2816 3395; x_wconf 75' lang='lat' dir='ltr'><strong>Scriptura:</strong></span> <span class='ocrx_word' id='word_1_654' title='bbox 2851 3326 3070 3387; x_wconf 90' lang='lat' dir='ltr'><strong>litteris,</strong></span> <span class='ocrx_word' id='word_1_655' title='bbox 3110 3326 3311 3378; x_wconf 65' lang='lat' dir='ltr'><strong>insanae</strong></span> <span class='ocrx_word' id='word_1_656' title='bbox 3366 3324 3487 3376; x_wconf 82' lang='lat' dir='ltr'><strong>illu-</strong></span> 
     </span>
    </p>
   </div>
   <div class='ocr_carea' id='block_1_87' title="bbox 1927 3416 3487 3477">
    <p class='ocr_par' dir='ltr' id='par_1_87' title="bbox 1927 3416 3487 3477">
     <span class='ocr_line' id='line_1_87' title="bbox 1927 3416 3487 3477; baseline -0.005 -3"><span class='ocrx_word' id='word_1_657' title='bbox 1927 3436 2043 3474; x_wconf 87' lang='lat' dir='ltr'><strong>rum</strong></span> <span class='ocrx_word' id='word_1_658' title='bbox 2098 3418 2384 3473; x_wconf 77' lang='lat' dir='ltr'><strong>sententia:</strong></span> <span class='ocrx_word' id='word_1_659' title='bbox 2438 3427 2544 3470; x_wconf 88' lang='lat' dir='ltr'><strong>tam</strong></span> <span class='ocrx_word' id='word_1_660' title='bbox 2621 3416 2812 3471; x_wconf 89' lang='lat' dir='ltr'><strong>leviter</strong></span> <span class='ocrx_word' id='word_1_661' title='bbox 2874 3417 3316 3477; x_wconf 87' lang='lat' dir='ltr'><strong>subscribamus,</strong></span> <span class='ocrx_word' id='word_1_662' title='bbox 3369 3431 3487 3468; x_wconf 89' lang='lat' dir='ltr'><strong>cum</strong></span> 
     </span>
    </p>
   </div>
   <div class='ocr_carea' id='block_1_88' title="bbox 1924 3505 3491 3577">
    <p class='ocr_par' dir='ltr' id='par_1_88' title="bbox 1924 3505 3491 3577">
     <span class='ocr_line' id='line_1_88' title="bbox 1924 3505 3491 3577; baseline -0.004 -16"><span class='ocrx_word' id='word_1_663' title='bbox 1924 3511 2184 3577; x_wconf 87' lang='lat' dir='ltr'><strong>propheta</strong></span> <span class='ocrx_word' id='word_1_664' title='bbox 2230 3508 2429 3562; x_wconf 84' lang='lat' dir='ltr'><strong>diserte</strong></span> <span class='ocrx_word' id='word_1_665' title='bbox 2482 3507 2665 3561; x_wconf 88' lang='lat' dir='ltr'><strong>dicat:</strong></span> <span class='ocrx_word' id='word_1_666' title='bbox 2706 3525 2723 3556; x_wconf 77' lang='grc' dir='ltr'><strong>ι</strong></span> <span class='ocrx_word' id='word_1_667' title='bbox 2768 3506 2906 3560; x_wconf 88' lang='lat' dir='ltr'><strong>Ecce</strong></span> <span class='ocrx_word' id='word_1_668' title='bbox 2954 3506 3104 3574; x_wconf 78' lang='lat' dir='ltr'><strong>virgo</strong></span> <span class='ocrx_word' id='word_1_669' title='bbox 3128 3505 3399 3571; x_wconf 87' lang='lat' dir='ltr'><strong>concipiet</strong></span> <span class='ocrx_word' id='word_1_670' title='bbox 3437 3513 3491 3555; x_wconf 84' lang='lat' dir='ltr'><strong>et</strong></span> 
     </span>
    </p>
   </div>
   <div class='ocr_carea' id='block_1_89' title="bbox 1924 3596 3490 3669">
    <p class='ocr_par' dir='ltr' id='par_1_89' title="bbox 1924 3596 3490 3669">
     <span class='ocr_line' id='line_1_89' title="bbox 1924 3596 3490 3669; baseline -0.005 -16"><span class='ocrx_word' id='word_1_671' title='bbox 1924 3600 2094 3669; x_wconf 89' lang='lat' dir='ltr'><strong>pariet</strong></span> <span class='ocrx_word' id='word_1_672' title='bbox 2151 3599 2351 3664; x_wconf 86' lang='lat' dir='ltr'><strong>ﬁlium,</strong></span> <span class='ocrx_word' id='word_1_673' title='bbox 2398 3607 2454 3652; x_wconf 79' lang='lat' dir='ltr'><strong>et</strong></span> <span class='ocrx_word' id='word_1_674' title='bbox 2503 3598 2782 3653; x_wconf 86' lang='lat' dir='ltr'><strong>vocabitur</strong></span> <span class='ocrx_word' id='word_1_675' title='bbox 2838 3611 3031 3649; x_wconf 89' lang='lat' dir='ltr'><strong>nomen</strong></span> <span class='ocrx_word' id='word_1_676' title='bbox 3099 3597 3215 3663; x_wconf 82' lang='lat' dir='ltr'><strong>ejus</strong></span> <span class='ocrx_word' id='word_1_677' title='bbox 3270 3596 3490 3649; x_wconf 83' lang='lat' dir='ltr'><strong>Emma-</strong></span> 
     </span>
    </p>
   </div>
   <div class='ocr_carea' id='block_1_90' title="bbox 1923 3686 3489 3759">
    <p class='ocr_par' dir='ltr' id='par_1_90' title="bbox 1923 3686 3489 3759">
     <span class='ocr_line' id='line_1_90' title="bbox 1923 3686 3489 3759; baseline -0.004 -13"><span class='ocrx_word' id='word_1_678' title='bbox 1923 3693 2045 3746; x_wconf 93' lang='lat' dir='ltr'><strong>nuel</strong></span> <span class='ocrx_word' id='word_1_679' title='bbox 2074 3692 2148 3759; x_wconf 86' lang='grc'><strong>³³;</strong></span> <span class='ocrx_word' id='word_1_680' title='bbox 2174 3710 2193 3742; x_wconf 74' lang='grc' dir='ltr'><strong>ι</strong></span> <span class='ocrx_word' id='word_1_681' title='bbox 2235 3691 2533 3758; x_wconf 88' lang='lat' dir='ltr'><strong>beatusque</strong></span> <span class='ocrx_word' id='word_1_682' title='bbox 2574 3688 2785 3742; x_wconf 89' lang='lat' dir='ltr'><strong>Domini</strong></span> <span class='ocrx_word' id='word_1_683' title='bbox 2823 3687 3047 3755; x_wconf 77' lang='lat' dir='ltr'><strong>angelus</strong></span> <span class='ocrx_word' id='word_1_684' title='bbox 3088 3686 3331 3750; x_wconf 89' lang='lat' dir='ltr'><strong>Gabriel,</strong></span> <span class='ocrx_word' id='word_1_685' title='bbox 3361 3701 3489 3753; x_wconf 88' lang='lat' dir='ltr'><strong>pro-</strong></span> 
     </span>
    </p>
   </div>
   <div class='ocr_carea' id='block_1_91' title="bbox 1921 3778 3488 3851">
    <p class='ocr_par' dir='ltr' id='par_1_91' title="bbox 1921 3778 3488 3851">
     <span class='ocr_line' id='line_1_91' title="bbox 1921 3778 3488 3851; baseline -0.007 -15"><span class='ocrx_word' id='word_1_686' title='bbox 1921 3784 2095 3851; x_wconf 75' lang='lat' dir='ltr'><strong>pheta:</strong></span> <span class='ocrx_word' id='word_1_687' title='bbox 2128 3781 2407 3836; x_wconf 90' lang='lat' dir='ltr'><strong>oraculum</strong></span> <span class='ocrx_word' id='word_1_688' title='bbox 2454 3780 2791 3835; x_wconf 82' lang='lat' dir='ltr'><strong>conﬁrmans</strong></span> <span class='ocrx_word' id='word_1_689' title='bbox 2840 3778 3169 3845; x_wconf 72' lang='lat' dir='ltr'><strong>caelesteque</strong></span> <span class='ocrx_word' id='word_1_690' title='bbox 3210 3780 3488 3829; x_wconf 87' lang='lat' dir='ltr'><strong>decretum</strong></span> 
     </span>
    </p>
   </div>
   <div class='ocr_carea' id='block_1_92' title="bbox 1927 3866 3485 3942">
    <p class='ocr_par' dir='ltr' id='par_1_92' title="bbox 1927 3866 3485 3942">
     <span class='ocr_line' id='line_1_92' title="bbox 1927 3866 3485 3942; baseline -0.006 -17"><span class='ocrx_word' id='word_1_691' title='bbox 1927 3872 2123 3942; x_wconf 80' lang='lat' dir='ltr'><strong>Virgini</strong></span> <span class='ocrx_word' id='word_1_692' title='bbox 2146 3886 2441 3941; x_wconf 80' lang='lat' dir='ltr'><strong>exponens,</strong></span> <span class='ocrx_word' id='word_1_693' title='bbox 2470 3871 2540 3925; x_wconf 91' lang='lat' dir='ltr'><strong>ita</strong></span> <span class='ocrx_word' id='word_1_694' title='bbox 2569 3869 2823 3938; x_wconf 85' lang='lat' dir='ltr'><strong>praedicet</strong></span> <span class='ocrx_word' id='word_1_695' title='bbox 2851 3884 2865 3921; x_wconf 89' lang='lat'><strong>:</strong></span> <span class='ocrx_word' id='word_1_696' title='bbox 2897 3887 2913 3918; x_wconf 82' lang='grc' dir='ltr'><strong>ι</strong></span> <span class='ocrx_word' id='word_1_697' title='bbox 2939 3868 3014 3921; x_wconf 84' lang='grc' dir='ltr'>Νε</span> <span class='ocrx_word' id='word_1_698' title='bbox 3044 3869 3254 3931; x_wconf 88' lang='lat' dir='ltr'><strong>timeas,</strong></span> <span class='ocrx_word' id='word_1_699' title='bbox 3285 3866 3485 3918; x_wconf 84' lang='lat' dir='ltr'><strong>Maria:</strong></span> 
     </span>
    </p>
   </div>
   <div class='ocr_carea' id='block_1_93' title="bbox 1922 3943 3486 4029">
    <p class='ocr_par' dir='ltr' id='par_1_93' title="bbox 1922 3943 3486 4029">
     <span class='ocr_line' id='line_1_93' title="bbox 1922 3943 3486 4029; baseline -0.005 -10"><span class='ocrx_word' id='word_1_700' title='bbox 1922 3980 2045 4019; x_wconf 89' lang='lat' dir='ltr'><strong>ecce</strong></span> <span class='ocrx_word' id='word_1_701' title='bbox 2078 3966 2348 4029; x_wconf 85' lang='lat' dir='ltr'><strong>concipies</strong></span> <span class='ocrx_word' id='word_1_702' title='bbox 2375 3965 2425 4017; x_wconf 93' lang='lat' dir='ltr'><strong>in</strong></span> <span class='ocrx_word' id='word_1_703' title='bbox 2448 3972 2622 4025; x_wconf 88' lang='lat' dir='ltr'><strong>utero,</strong></span> <span class='ocrx_word' id='word_1_704' title='bbox 2648 3970 2701 4015; x_wconf 86' lang='lat' dir='ltr'><strong>et</strong></span> <span class='ocrx_word' id='word_1_705' title='bbox 2723 3943 2901 4029; x_wconf 72' lang='lat' dir='ltr'><strong>paries</strong></span> <span class='ocrx_word' id='word_1_706' title='bbox 2936 3960 3123 4021; x_wconf 84' lang='lat' dir='ltr'><strong>tilium,</strong></span> <span class='ocrx_word' id='word_1_707' title='bbox 3179 3969 3233 4011; x_wconf 88' lang='lat' dir='ltr'><strong>et</strong></span> <span class='ocrx_word' id='word_1_708' title='bbox 3264 3957 3486 4012; x_wconf 89' lang='lat' dir='ltr'><strong>vocabis</strong></span> 
     </span>
    </p>
   </div>
   <div class='ocr_carea' id='block_1_94' title="bbox 1924 4048 3485 4118">
    <p class='ocr_par' dir='ltr' id='par_1_94' title="bbox 1924 4048 3485 4118">
     <span class='ocr_line' id='line_1_94' title="bbox 1924 4048 3485 4118; baseline -0.002 -15"><span class='ocrx_word' id='word_1_709' title='bbox 1924 4067 2113 4104; x_wconf 89' lang='lat' dir='ltr'><strong>nomen</strong></span> <span class='ocrx_word' id='word_1_710' title='bbox 2150 4053 2264 4118; x_wconf 84' lang='lat' dir='ltr'><strong>ejus</strong></span> <span class='ocrx_word' id='word_1_711' title='bbox 2307 4052 2488 4105; x_wconf 84' lang='lat' dir='ltr'><strong>Jesutn</strong></span> <span class='ocrx_word' id='word_1_712' title='bbox 2518 4052 2582 4102; x_wconf 67' lang='lat'><strong>&quot;.</strong></span> <span class='ocrx_word' id='word_1_713' title='bbox 2633 4068 2651 4100; x_wconf 82' lang='lat'><strong>(</strong></span> <span class='ocrx_word' id='word_1_714' title='bbox 2690 4050 3095 4103; x_wconf 86' lang='lat' dir='ltr'><strong>Emmanuelem</strong></span> <span class='ocrx_word' id='word_1_715' title='bbox 3134 4048 3359 4116; x_wconf 76' lang='lat' dir='ltr'><strong>proin‘de</strong></span> <span class='ocrx_word' id='word_1_716' title='bbox 3418 4061 3485 4100; x_wconf 80' lang='lat' dir='ltr'><strong>ex</strong></span> 
     </span>
    </p>
   </div>
   <div class='ocr_carea' id='block_1_95' title="bbox 1923 4139 3488 4206">
    <p class='ocr_par' dir='ltr' id='par_1_95' title="bbox 1923 4139 3488 4206">
     <span class='ocr_line' id='line_1_95' title="bbox 1923 4139 3488 4206; baseline -0.003 -12"><span class='ocrx_word' id='word_1_717' title='bbox 1923 4141 2147 4195; x_wconf 89' lang='lat' dir='ltr'><strong>muliere</strong></span> <span class='ocrx_word' id='word_1_718' title='bbox 2170 4155 2296 4195; x_wconf 86' lang='lat' dir='ltr'><strong>vere</strong></span> <span class='ocrx_word' id='word_1_719' title='bbox 2354 4152 2539 4194; x_wconf 87' lang='lat' dir='ltr'><strong>natum</strong></span> <span class='ocrx_word' id='word_1_720' title='bbox 2573 4146 2737 4203; x_wconf 70' lang='lat' dir='ltr'><strong>,certo</strong></span> <span class='ocrx_word' id='word_1_721' title='bbox 2776 4140 3090 4200; x_wconf 88' lang='lat' dir='ltr'><strong>credimus;</strong></span> <span class='ocrx_word' id='word_1_722' title='bbox 3142 4154 3314 4206; x_wconf 85' lang='lat' dir='ltr'><strong>neque</strong></span> <span class='ocrx_word' id='word_1_723' title='bbox 3362 4139 3488 4190; x_wconf 84' lang='lat' dir='ltr'><strong>illu-</strong></span> 
     </span>
    </p>
   </div>
   <div class='ocr_carea' id='block_1_96' title="bbox 1922 4227 3493 4298">
    <p class='ocr_par' dir='ltr' id='par_1_96' title="bbox 1922 4227 3493 4298">
     <span class='ocr_line' id='line_1_96' title="bbox 1922 4227 3493 4298; baseline -0.004 -13"><span class='ocrx_word' id='word_1_724' title='bbox 1922 4241 2089 4286; x_wconf 84' lang='lat' dir='ltr'><strong>strem</strong></span> <span class='ocrx_word' id='word_1_725' title='bbox 2121 4231 2286 4293; x_wconf 91' lang='lat' dir='ltr'><strong>illam,</strong></span> <span class='ocrx_word' id='word_1_726' title='bbox 2333 4245 2653 4298; x_wconf 85' lang='lat' dir='ltr'><strong>summaque</strong></span> <span class='ocrx_word' id='word_1_727' title='bbox 2700 4227 3058 4281; x_wconf 85' lang='lat' dir='ltr'><strong>admiratione</strong></span> <span class='ocrx_word' id='word_1_728' title='bbox 3094 4228 3309 4295; x_wconf 79' lang='lat' dir='ltr'><strong>dignam</strong></span> <span class='ocrx_word' id='word_1_729' title='bbox 3336 4235 3493 4279; x_wconf 54' lang='lat' dir='ltr'><strong>natu-</strong></span> 
     </span>
    </p>
   </div>
   <div class='ocr_carea' id='block_1_97' title="bbox 1927 4316 3488 4392">
    <p class='ocr_par' dir='ltr' id='par_1_97' title="bbox 1927 4316 3488 4392">
     <span class='ocr_line' id='line_1_97' title="bbox 1927 4316 3488 4392; baseline -0.006 -15"><span class='ocrx_word' id='word_1_730' title='bbox 1927 4338 1997 4377; x_wconf 74' lang='lat' dir='ltr'><strong>ne</strong></span> <span class='ocrx_word' id='word_1_731' title='bbox 2019 4330 2215 4375; x_wconf 73' lang='lat' dir='ltr'><strong>nostrae</strong></span> <span class='ocrx_word' id='word_1_732' title='bbox 2235 4322 2481 4392; x_wconf 77' lang='lat' dir='ltr'><strong>gloriam,</strong></span> <span class='ocrx_word' id='word_1_733' title='bbox 2512 4321 2557 4374; x_wconf 89' lang='lat' dir='ltr'><strong>si</strong></span> <span class='ocrx_word' id='word_1_734' title='bbox 2583 4328 2730 4373; x_wconf 88' lang='lat' dir='ltr'><strong>certe</strong></span> <span class='ocrx_word' id='word_1_735' title='bbox 2756 4318 3015 4387; x_wconf 86' lang='lat' dir='ltr'><strong>sapimus,</strong></span> <span class='ocrx_word' id='word_1_736' title='bbox 3040 4316 3488 4385; x_wconf 86' lang='lat' dir='ltr'><strong>aspernabimur;</strong></span> 
     </span>
    </p>
   </div>
   <div class='ocr_carea' id='block_1_98' title="bbox 1925 4411 3491 4482">
    <p class='ocr_par' dir='ltr' id='par_1_98' title="bbox 1925 4411 3491 4482">
     <span class='ocr_line' id='line_1_98' title="bbox 1925 4411 3491 4482; baseline -0.005 -14"><span class='ocrx_word' id='word_1_737' title='bbox 1925 4415 2163 4481; x_wconf 89' lang='lat' dir='ltr'><strong>suscepit</strong></span> <span class='ocrx_word' id='word_1_738' title='bbox 2202 4428 2433 4481; x_wconf 88' lang='lat' dir='ltr'><strong>namque</strong></span> <span class='ocrx_word' id='word_1_739' title='bbox 2471 4411 2801 4482; x_wconf 80' lang='lat' dir='ltr'><strong>Unigeuitus</strong></span> <span class='ocrx_word' id='word_1_740' title='bbox 2851 4425 2960 4467; x_wconf 89' lang='lat' dir='ltr'><strong>non</strong></span> <span class='ocrx_word' id='word_1_741' title='bbox 3005 4411 3275 4478; x_wconf 84' lang='lat' dir='ltr'><strong>propriam</strong></span> <span class='ocrx_word' id='word_1_742' title='bbox 3326 4417 3491 4461; x_wconf 60' lang='lat' dir='ltr'><strong>natua</strong></span> 
     </span>
    </p>
   </div>
   <div class='ocr_carea' id='block_1_99' title="bbox 1925 4502 3493 4575">
    <p class='ocr_par' dir='ltr' id='par_1_99' title="bbox 1925 4502 3493 4575">
     <span class='ocr_line' id='line_1_99' title="bbox 1925 4502 3493 4575; baseline -0.004 -16"><span class='ocrx_word' id='word_1_743' title='bbox 1925 4522 2037 4560; x_wconf 89' lang='lat' dir='ltr'><strong>ram</strong></span> <span class='ocrx_word' id='word_1_744' title='bbox 2080 4506 2205 4575; x_wconf 89' lang='lat' dir='ltr'><strong>(hac</strong></span> <span class='ocrx_word' id='word_1_745' title='bbox 2252 4506 2395 4557; x_wconf 91' lang='lat' dir='ltr'><strong>enim</strong></span> <span class='ocrx_word' id='word_1_746' title='bbox 2435 4506 2643 4559; x_wconf 87' lang='lat' dir='ltr'><strong>ratione</strong></span> <span class='ocrx_word' id='word_1_747' title='bbox 2680 4504 2811 4556; x_wconf 91' lang='lat' dir='ltr'><strong>nihil</strong></span> <span class='ocrx_word' id='word_1_748' title='bbox 2862 4502 3108 4555; x_wconf 87' lang='lat' dir='ltr'><strong>utilitatis</strong></span> <span class='ocrx_word' id='word_1_749' title='bbox 3152 4512 3353 4555; x_wconf 77' lang='lat' dir='ltr'><strong>natura:</strong></span> <span class='ocrx_word' id='word_1_750' title='bbox 3396 4515 3493 4554; x_wconf 90' lang='lat' dir='ltr'><strong>no-</strong></span> 
     </span>
    </p>
   </div>
   <div class='ocr_carea' id='block_1_100' title="bbox 1920 4596 3489 4665">
    <p class='ocr_par' dir='ltr' id='par_1_100' title="bbox 1920 4596 3489 4665">
     <span class='ocr_line' id='line_1_100' title="bbox 1920 4596 3489 4665; baseline -0.005 -12"><span class='ocrx_word' id='word_1_751' title='bbox 1920 4608 2046 4653; x_wconf 62' lang='lat' dir='ltr'><strong>stra:</strong></span> <span class='ocrx_word' id='word_1_752' title='bbox 2078 4597 2441 4665; x_wconf 88' lang='lat' dir='ltr'><strong>accessisset),</strong></span> <span class='ocrx_word' id='word_1_753' title='bbox 2467 4597 2558 4651; x_wconf 91' lang='lat' dir='ltr'><strong>sed</strong></span> <span class='ocrx_word' id='word_1_754' title='bbox 2590 4610 2765 4663; x_wconf 88' lang='lat' dir='ltr'><strong>neque</strong></span> <span class='ocrx_word' id='word_1_755' title='bbox 2790 4596 3086 4664; x_wconf 83' lang='lat' dir='ltr'><strong>angelicam</strong></span> <span class='ocrx_word' id='word_1_756' title='bbox 3115 4608 3327 4663; x_wconf 88' lang='lat' dir='ltr'><strong>quoque</strong></span> <span class='ocrx_word' id='word_1_757' title='bbox 3370 4604 3489 4645; x_wconf 85' lang='lat' dir='ltr'><strong>sus-</strong></span> 
     </span>
    </p>
   </div>
   <div class='ocr_carea' id='block_1_101' title="bbox 1923 4685 3491 4759">
    <p class='ocr_par' dir='ltr' id='par_1_101' title="bbox 1923 4685 3491 4759">
     <span class='ocr_line' id='line_1_101' title="bbox 1923 4685 3491 4759; baseline -0.005 -15"><span class='ocrx_word' id='word_1_758' title='bbox 1923 4690 2103 4759; x_wconf 89' lang='lat' dir='ltr'><strong>cepit;</strong></span> <span class='ocrx_word' id='word_1_759' title='bbox 2149 4705 2356 4749; x_wconf 85' lang='lat' dir='ltr'><strong>vernm,</strong></span> <span class='ocrx_word' id='word_1_760' title='bbox 2388 4699 2445 4741; x_wconf 93' lang='lat' dir='ltr'><strong>ut</strong></span> <span class='ocrx_word' id='word_1_761' title='bbox 2480 4690 2744 4758; x_wconf 90' lang='lat' dir='ltr'><strong>scriptum</strong></span> <span class='ocrx_word' id='word_1_762' title='bbox 2791 4698 2910 4754; x_wconf 88' lang='lat' dir='ltr'><strong>est,</strong></span> <span class='ocrx_word' id='word_1_763' title='bbox 2942 4706 2959 4737; x_wconf 81' lang='grc' dir='ltr'><strong>ι</strong></span> <span class='ocrx_word' id='word_1_764' title='bbox 3020 4685 3249 4738; x_wconf 84' lang='lat' dir='ltr'><strong>Abralue</strong></span> <span class='ocrx_word' id='word_1_765' title='bbox 3306 4698 3491 4737; x_wconf 87' lang='lat' dir='ltr'><strong>semen</strong></span> 
     </span>
    </p>
   </div>
   <div class='ocr_carea' id='block_1_102' title="bbox 1926 4776 3490 4850">
    <p class='ocr_par' dir='ltr' id='par_1_102' title="bbox 1926 4776 3490 4850">
     <span class='ocr_line' id='line_1_102' title="bbox 1926 4776 3490 4850; baseline -0.006 -15"><span class='ocrx_word' id='word_1_766' title='bbox 1926 4782 2283 4850; x_wconf 84' lang='lat' dir='ltr'><strong>apprehendit</strong></span> <span class='ocrx_word' id='word_1_767' title='bbox 2315 4781 2383 4833; x_wconf 83' lang='lat'><strong>&quot;.</strong></span> <span class='ocrx_word' id='word_1_768' title='bbox 2419 4799 2436 4830; x_wconf 77' lang='grc' dir='ltr'><strong>ι</strong></span> <span class='ocrx_word' id='word_1_769' title='bbox 2482 4779 2595 4833; x_wconf 85' lang='grc' dir='ltr'><strong>ΙΙοε</strong></span> <span class='ocrx_word' id='word_1_770' title='bbox 2628 4780 2795 4839; x_wconf 90' lang='lat' dir='ltr'><strong>enim,</strong></span> <span class='ocrx_word' id='word_1_771' title='bbox 2825 4794 2927 4830; x_wconf 87' lang='lat' dir='ltr'><strong>non</strong></span> <span class='ocrx_word' id='word_1_772' title='bbox 2954 4777 3060 4831; x_wconf 86' lang='lat' dir='ltr'><strong>alio</strong></span> <span class='ocrx_word' id='word_1_773' title='bbox 3098 4777 3252 4828; x_wconf 87' lang='lat' dir='ltr'><strong>modo</strong></span> <span class='ocrx_word' id='word_1_774' title='bbox 3298 4776 3490 4826; x_wconf 86' lang='lat' dir='ltr'><strong>huma-</strong></span> 
     </span>
    </p>
   </div>
   <div class='ocr_carea' id='block_1_103' title="bbox 1928 4866 3491 4943">
    <p class='ocr_par' dir='ltr' id='par_1_103' title="bbox 1928 4866 3491 4943">
     <span class='ocr_line' id='line_1_103' title="bbox 1928 4866 3491 4943; baseline -0.006 -17"><span class='ocrx_word' id='word_1_775' title='bbox 1928 4890 2053 4927; x_wconf 92' lang='lat' dir='ltr'><strong>num</strong></span> <span class='ocrx_word' id='word_1_776' title='bbox 2091 4888 2261 4943; x_wconf 80' lang='lat' dir='ltr'><strong>genus</strong></span> <span class='ocrx_word' id='word_1_777' title='bbox 2293 4874 2345 4928; x_wconf 92' lang='lat' dir='ltr'><strong>in</strong></span> <span class='ocrx_word' id='word_1_778' title='bbox 2381 4872 2659 4925; x_wconf 90' lang='lat' dir='ltr'><strong>interitum</strong></span> <span class='ocrx_word' id='word_1_779' title='bbox 2708 4870 3017 4941; x_wconf 89' lang='lat' dir='ltr'><strong>prolapsum</strong></span> <span class='ocrx_word' id='word_1_780' title='bbox 3055 4866 3342 4921; x_wconf 87' lang='lat' dir='ltr'><strong>instaurari</strong></span> <span class='ocrx_word' id='word_1_781' title='bbox 3390 4880 3491 4931; x_wconf 89' lang='lat' dir='ltr'><strong>po—</strong></span> 
     </span>
    </p>
   </div>
   <div class='ocr_carea' id='block_1_104' title="bbox 1928 4972 2088 5016">
    <p class='ocr_par' dir='ltr' id='par_1_104' title="bbox 1928 4972 2088 5016">
     <span class='ocr_line' id='line_1_104' title="bbox 1928 4972 2088 5016; baseline 0 -1"><span class='ocrx_word' id='word_1_782' title='bbox 1928 4972 2088 5016; x_wconf 88' lang='lat' dir='ltr'><strong>terat.</strong></span> 
     </span>
    </p>
   </div>
   <div class='ocr_carea' id='block_1_105' title="bbox 1991 5047 3487 5123">
    <p class='ocr_par' dir='ltr' id='par_1_105' title="bbox 1991 5047 3487 5123">
     <span class='ocr_line' id='line_1_105' title="bbox 1991 5047 3487 5123; baseline -0.007 -14"><span class='ocrx_word' id='word_1_783' title='bbox 1991 5055 2102 5111; x_wconf 81' lang='lat' dir='ltr'><strong>XII.</strong></span> <span class='ocrx_word' id='word_1_784' title='bbox 2138 5056 2277 5123; x_wconf 87' lang='lat' dir='ltr'><strong>Quid</strong></span> <span class='ocrx_word' id='word_1_785' title='bbox 2309 5056 2529 5111; x_wconf 90' lang='lat' dir='ltr'><strong>autem?</strong></span> <span class='ocrx_word' id='word_1_786' title='bbox 2578 5057 2769 5108; x_wconf 87' lang='lat' dir='ltr'><strong>Annon</strong></span> <span class='ocrx_word' id='word_1_787' title='bbox 2808 5068 3043 5113; x_wconf 84' lang='lat' dir='ltr'><strong>summa,</strong></span> <span class='ocrx_word' id='word_1_788' title='bbox 3070 5064 3274 5117; x_wconf 71' lang='lat' dir='ltr'><strong>qumso,</strong></span> <span class='ocrx_word' id='word_1_789' title='bbox 3310 5047 3487 5100; x_wconf 85' lang='lat' dir='ltr'><strong>admi-</strong></span> 
     </span>
    </p>
   </div>
   <div class='ocr_carea' id='block_1_106' title="bbox 1925 5145 3487 5218">
    <p class='ocr_par' dir='ltr' id='par_1_106' title="bbox 1925 5145 3487 5218">
     <span class='ocr_line' id='line_1_106' title="bbox 1925 5145 3487 5218; baseline -0.008 -17"><span class='ocrx_word' id='word_1_790' title='bbox 1925 5148 2135 5202; x_wconf 85' lang='lat' dir='ltr'><strong>ratione</strong></span> <span class='ocrx_word' id='word_1_791' title='bbox 2163 5149 2383 5218; x_wconf 80' lang='lat' dir='ltr'><strong>dignum</strong></span> <span class='ocrx_word' id='word_1_792' title='bbox 2416 5157 2519 5213; x_wconf 87' lang='lat' dir='ltr'><strong>est,</strong></span> <span class='ocrx_word' id='word_1_793' title='bbox 2566 5145 2853 5215; x_wconf 87' lang='lat' dir='ltr'><strong>quosdam,</strong></span> <span class='ocrx_word' id='word_1_794' title='bbox 2886 5145 3012 5197; x_wconf 85' lang='lat' dir='ltr'><strong>dum</strong></span> <span class='ocrx_word' id='word_1_795' title='bbox 3052 5150 3284 5195; x_wconf 89' lang='lat' dir='ltr'><strong>mentem</strong></span> <span class='ocrx_word' id='word_1_796' title='bbox 3335 5152 3487 5191; x_wconf 87' lang='lat' dir='ltr'><strong>suam</strong></span> 
     </span>
    </p>
   </div>
   <div class='ocr_carea' id='block_1_107' title="bbox 2032 5295 2978 5367">
    <p class='ocr_par' dir='ltr' id='par_1_107' title="bbox 2032 5295 2978 5367">
     <span class='ocr_line' id='line_1_107' title="bbox 2032 5295 2978 5367; baseline -0.003 -13"><span class='ocrx_word' id='word_1_797' title='bbox 2032 5302 2078 5332; x_wconf 60' lang='grc'><strong>³⁸</strong></span> <span class='ocrx_word' id='word_1_798' title='bbox 2118 5299 2247 5355; x_wconf 91' lang='lat' dir='ltr'><strong>Luc.</strong></span> <span class='ocrx_word' id='word_1_799' title='bbox 2279 5316 2317 5367; x_wconf 87' lang='grc' dir='ltr'><strong>ι,</strong></span> <span class='ocrx_word' id='word_1_800' title='bbox 2346 5300 2437 5356; x_wconf 84' lang='lat'><strong>&#39;50.</strong></span> <span class='ocrx_word' id='word_1_801' title='bbox 2514 5301 2558 5333; x_wconf 86' lang='grc'><strong>³³</strong></span> <span class='ocrx_word' id='word_1_802' title='bbox 2600 5298 2763 5355; x_wconf 85' lang='lat' dir='ltr'><strong>Hebr.</strong></span> <span class='ocrx_word' id='word_1_803' title='bbox 2797 5314 2856 5363; x_wconf 88' lang='lat' dir='ltr'><strong>tt,</strong></span> <span class='ocrx_word' id='word_1_804' title='bbox 2898 5295 2978 5351; x_wconf 85' lang='lat'><strong>16.</strong></span> 
     </span>
    </p>
   </div>
   <div class='ocr_carea' id='block_1_108' title="bbox 1336 5451 2392 5522">
    <p class='ocr_par' dir='ltr' id='par_1_108' title="bbox 1336 5451 2392 5522">
     <span class='ocr_line' id='line_1_108' title="bbox 1336 5451 2392 5522; baseline 0.001 -17"><span class='ocrx_word' id='word_1_805' title='bbox 1336 5451 1507 5507; x_wconf 82' lang='lat' dir='ltr'><strong>Variae</strong></span> <span class='ocrx_word' id='word_1_806' title='bbox 1528 5453 1779 5515; x_wconf 85' lang='lat' dir='ltr'><strong>lectiones</strong></span> <span class='ocrx_word' id='word_1_807' title='bbox 1810 5453 2011 5509; x_wconf 88' lang='lat' dir='ltr'><strong>codicis</strong></span> <span class='ocrx_word' id='word_1_808' title='bbox 2036 5453 2392 5522; x_wconf 76' lang='lat' dir='ltr'><strong>Seguieriani.</strong></span> 
     </span>
    </p>
   </div>
   <div class='ocr_carea' id='block_1_109' title="bbox 361 5586 1565 5657">
    <p class='ocr_par' dir='ltr' id='par_1_109' title="bbox 361 5586 1565 5657">
     <span class='ocr_line' id='line_1_109' title="bbox 361 5586 1565 5657; baseline -0.002 -14"><span class='ocrx_word' id='word_1_809' title='bbox 361 5600 385 5626; x_wconf 70' lang='grc' dir='ltr'>α</span> <span class='ocrx_word' id='word_1_810' title='bbox 421 5593 523 5652; x_wconf 78' lang='grc' dir='ltr'>είς.</span> <span class='ocrx_word' id='word_1_811' title='bbox 603 5596 629 5624; x_wconf 74' lang='grc' dir='ltr'><strong>ν</strong></span> <span class='ocrx_word' id='word_1_812' title='bbox 656 5586 1108 5657; x_wconf 76' lang='grc' dir='ltr'>προσκεισόμεθα.</span> <span class='ocrx_word' id='word_1_813' title='bbox 1188 5602 1212 5628; x_wconf 78' lang='grc' dir='ltr'><strong>ι</strong></span> <span class='ocrx_word' id='word_1_814' title='bbox 1253 5587 1565 5641; x_wconf 80' lang='grc' dir='ltr'>ἐπελάϐετο.</span> 
     </span>
    </p>
   </div>
   <div class='ocr_carea' id='block_1_110' title="bbox 322 5739 2161 5813">
    <p class='ocr_par' dir='ltr' id='par_1_110' title="bbox 322 5739 2161 5813">
     <span class='ocr_line' id='line_1_110' title="bbox 322 5739 2161 5813; baseline -0.001 -16"><span class='ocrx_word' id='word_1_815' title='bbox 322 5745 399 5813; x_wconf 82' lang='grc' dir='ltr'><strong>(ι)</strong></span> <span class='ocrx_word' id='word_1_816' title='bbox 435 5742 500 5795; x_wconf 89' lang='lat' dir='ltr'><strong>Al</strong></span> <span class='ocrx_word' id='word_1_817' title='bbox 550 5749 597 5794; x_wconf 73' lang='lat' dir='ltr'><strong>et</strong></span> <span class='ocrx_word' id='word_1_818' title='bbox 634 5755 887 5810; x_wconf 77' lang='lat' dir='ltr'><strong>suprema:</strong></span> <span class='ocrx_word' id='word_1_819' title='bbox 917 5741 1147 5793; x_wconf 73' lang='lat' dir='ltr'><strong>omnium</strong></span> <span class='ocrx_word' id='word_1_820' title='bbox 1171 5741 1479 5795; x_wconf 70' lang='lat' dir='ltr'><strong>substantia:</strong></span> <span class='ocrx_word' id='word_1_821' title='bbox 1510 5739 1806 5809; x_wconf 78' lang='lat' dir='ltr'><strong>subjectum</strong></span> <span class='ocrx_word' id='word_1_822' title='bbox 1845 5756 1951 5795; x_wconf 76' lang='lat' dir='ltr'><strong>esse</strong></span> <span class='ocrx_word' id='word_1_823' title='bbox 1980 5741 2161 5809; x_wconf 76' lang='lat' dir='ltr'><strong>possit.</strong></span> 
     </span>
    </p>
   </div>
  </div>
