4056 6334
586 369 717 422 ΗΜ

1573 362 1632 417 S.
1671 361 1946 418 ογιιιιιι
1987 360 2453 417 ALEXANDRINI
2491 360 2810 418 ARCIlIEP.

3706 359 3844 414 “52

583 499 832 538 errorum
861 481 1145 549 spiritibus
1181 482 1613 543 accommodant,
1653 479 1960 547 divinaeque
2000 477 2149 534 Scri-

2272 493 2450 538 ταντες
2480 478 2545 546 τῇ
2573 473 2916 542 θεοπνεύστῳ
2952 473 3163 542 Γραφῇ,
3200 472 3292 524 καὶ
3321 471 3595 542 πνεύματι
3631 472 3842 541 πλάνης

577 587 752 644 ptum
787 575 888 641 11
917 583 1124 627 tanle
1159 588 1261 626 non
1290 572 1537 625 nuntium
1566 572 1807 634 mittunt,
1845 573 1895 624 in
1922 586 2040 625 eam
2080 581 2153 624 te-

584 668 888 720 meritath
914 704 928 728 ,
993 665 1357 732 pnerilemque
1393 664 1676 716 stultitiam
1730 663 2009 718 devenisse
2035 707 2049 727 ,
2100 673 2157 717 ut

586 755 909 809 saeculorum
940 754 1188 821 Opificem
1247 753 1410 807 Deum
1448 752 1729 818 Verbum,
1766 755 1875 808 Deo
1909 763 1963 808 et
2007 754 2155 809 Patri

583 857 938 906 romternum,
977 860 1071 912 per
1091 845 1275 898 carnis
1301 846 1568 913 originem
1598 844 1829 913 primum
1855 846 2156 900 exsistendi

586 937 801 988 initium
852 937 1105 1003 adeptum
1154 949 1277 989 esse
1327 937 1700 1002 arbitrentur;
1740 935 2003 1007 illumque
2041 937 2154 1005 jam

585 1042 726 1080 mmc
759 1027 972 1080 demum
1014 1038 1200 1079 natum
1254 1026 1639 1094 imaginentur,
1687 1027 1778 1096 qui
1819 1042 1980 1082 onme
2023 1038 2158 1083 tem-

585 1129 684 1182 pus
731 1126 786 1168 et
816 1131 988 1168 :evnm
1024 1116 1318 1176 antecedit,
1359 1125 1414 1168 u-t
1469 1115 1607 1168 Deus
1640 1117 1726 1170 vix
1777 1119 1995 1172 tandem
2046 1118 2155 1172 ali-

583 1206 825 1273 quando,
858 1219 1052 1271 nctnpe
1093 1205 1353 1257 extremis
1391 1205 1538 1258 hisee
1583 1207 1977 1262 incarnationis
2019 1218 2155 1262 teut-

586 1295 810 1364 poribns
847 1294 1019 1348 factus
1049 1296 1120 1348 sit
1157 1295 1350 1361 Pater;
1407 1307 1459 1350 et
1509 1298 1574 1361 is,
1625 1313 1720 1366 per
1762 1315 1919 1368 quem
1952 1302 2155 1365 onmia,

585 1396 638 1438 et
669 1387 718 1438 in
755 1401 862 1454 quo
892 1387 1093 1448 omnia,
1122 1396 1298 1440 sumat
1327 1389 1626 1442 exsistendi
1657 1391 1866 1444 initium
1902 1409 2006 1445 una
2037 1408 2158 1446 eum

587 1460 812 1543 templo,
874 1476 1017 1542 quod
1048 1476 1221 1528 edidit
1255 1474 1459 1544 Virgo?
1489 1479 1678 1530 Annon
1708 1479 1871 1546 igitur
1900 1481 1965 1533 ad
2013 1495 2160 1535 Slllll-

587 1581 733 1616 mum
769 1565 1035 1618 malorum
1078 1565 1356 1633 fastigium
1390 1581 1801 1636 pervenerunt,
1835 1570 1925 1638 qui
1965 1574 2161 1625 tuentis

588 1665 809 1724 stupore
841 1657 1080 1724 oppressi
1109 1696 1123 1720 ,
1160 1656 1354 1711 fabula:
1386 1659 1522 1712 adeo
1558 1659 1778 1713 animali
1815 1671 1871 1714 et
1900 1677 2154 1716 exsecra-

590 1748 680 1802 bili
729 1759 837 1801 tam
879 1758 1130 1817 prompto
1167 1751 1351 1802 animo
1393 1751 1701 1805 inhaerent?
1737 1770 1754 1802 ι
1801 1752 1941 1807 Vere
1976 1755 2160 1821 sepul-

2262 570 2354 621 τὸν
2389 569 2588 621 οἰκεῖόν
2631 583 2775 628 τινες
2806 565 3170 634 ἀπονέμοντες
3212 562 3357 626 νοῦν,
3387 565 3468 626 εἰς
3503 563 3666 616 τοῦτο
3712 565 3843 616 καθ-

2268 660 2442 712 ίκοντο
2465 657 2805 720 δυσϐουλίας,
2840 657 2932 708 καὶ
2967 654 3358 725 μειρακιώδους
3387 655 3744 725 ἀδελτηρίας,
3770 655 3842 717 ώς

2263 749 2468 802 οἴεσθαι
2503 750 2633 810 δεῖν,
2664 748 2755 801 τὸν
2799 747 2904 799 τῶν
2939 745 3152 799 αἰώνων
3197 747 3547 818 δημιουργὸν,
3584 745 3680 797 τὸν
3724 763 3841 798 συν-

2263 841 2433 893 αῒδιον
2465 839 2541 910 τῷ
2584 839 2703 907 Θεῴ
2735 838 2827 890 καὶ
2873 836 3048 904 Πατρὶ
3078 836 3210 888 Θεὸν
3249 837 3441 905 Λόγον,
3473 841 3537 908 τῇ
3566 837 3670 907 τῆς
3710 855 3843 907 σαρ-

2266 933 2359 995 κὸς
2390 932 2598 1000 γενέσει
2631 927 3214 999 συμπαρομαρτοῦσαν
3255 928 3397 996 ἔχειν
3423 931 3522 999 τῆς
3553 930 3841 1000 ὑπάρξεως

2265 1025 2365 1093 τὴν
2400 1023 2594 1092 ἀρχὴν,
2640 1023 2737 1073 καὶ
2787 1021 3012 1089 ὀψιγενῆ
3047 1019 3411 1088 φαντάζεσθαι
3444 1021 3535 1073 τὸν
3581 1022 3844 1073 ἐπέκεινα

2270 1116 2470 1176 παντὸς
2495 1113 2691 1175 αἰῶνος
2725 1113 2822 1165 καὶ
2853 1112 3048 1181 χρόνου
3068 1130 3081 1140 ·
3101 1111 3176 1172 ὡς
3207 1111 3264 1162 ἐν
3289 1111 3543 1180 ἐσχάτοις
3571 1114 3669 1165 καὶ
3695 1113 3845 1182 μόλις

2268 1205 2488 1274 τοῖςτῆς
2509 1204 2662 1257 ἐνανθ
2674 1203 2969 1272 ρωπήσεως
2993 1205 3224 1272 καιροῖς,
3249 1203 3580 1272 Πατέραμὲν
3593 1203 3845 1270 γενέσθαι

2267 1295 2357 1347 τὸν
2384 1295 2546 1347 θεόν’
2582 1293 2958 1347 συνεισϐαλεῖν
2986 1293 3046 1345 δὲ
3075 1291 3265 1362 ὥσπερ
3292 1293 3372 1354 εἰς
3394 1293 3454 1344 τὸ
3479 1289 3625 1346 εἷναί
3660 1310 3720 1345 τε
3759 1294 3847 1345 καὶ

2271 1385 2566 1452 ὑφεστάναι
2612 1383 2690 1452 τῷ
2733 1386 2796 1435 ἐκ
2844 1383 2944 1451 τῆς
2990 1381 3265 1453 Παρθένου
3295 1382 3426 1447 ναῷ,
3468 1382 3560 1436 τὸν
3589 1384 3658 1436 δι’
3689 1379 3751 1435 οῦ
3783 1385 3843 1436 τά

2270 1476 2468 1539 πάντα,
2496 1475 2590 1528 καὶ
2624 1475 2680 1526 ἐν
2704 1467 2748 1540 ᾧ
2771 1473 2838 1526 τὰ
2863 1474 3058 1526 πάντα.
3087 1468 3212 1543 ⁷Λρ¹
3246 1467 3337 1525 οὖν
3369 1473 3491 1540 οὐχὶ
3523 1473 3663 1543 πρὸς
3696 1473 3847 1543 λῆξιν

2270 1565 2367 1635 ἤδη
2396 1565 2493 1634 τὴν
2525 1564 2786 1617 ἀνωτάτω
2814 1563 3164 1633 διεληλάκασι
3215 1561 3321 1615 τῶν
3354 1563 3562 1625 κακῶν,
3592 1564 3644 1615 οἱ
3682 1563 3846 1634 μῦθον

2269 1655 2412 1708 οὕτω
2446 1656 2665 1726 γραώδη
2701 1656 2793 1708 καὶ
2833 1654 3086 1724 βδελυρὸν
3131 1655 3531 1725 προχειρότατα
3560 1657 3845 1726 προσηκά-

2275 1764 2445 1817 μενοι,
2469 1748 2562 1799 καὶ
2598 1748 2697 1816 τῆς
2728 1748 2968 1817 ἀκράτου
2998 1746 3227 1808 νωθείας
3263 1747 3352 1797 τὸν
3376 1747 3576 1798 οἰκεῖον
3603 1747 3849 1815 ἀναπλη.

590 1856 741 1892 erum
780 1849 972 1908 patens
1005 1849 1087 1893 est
1117 1851 1302 1910 guttur
1329 1857 1513 1896 eorum
1541 1858 1555 1908 ;
1588 1854 1644 1896 et
1681 1844 1878 1914 linguis
1917 1847 2030 1901 suis
2067 1848 2162 1902 do-

2272 1837 2541 1906 ρώσαντες
2581 1836 2737 1902 νοῦν;
2779 1856 2796 1887 ι
2833 1837 3014 1905 Τάφος
3061 1835 3275 1904 ἀληθῶς
3309 1835 3663 1905 ἀνεῳγμένος
3690 1839 3716 1888 ό
3751 1836 3844 1889 λά-

593 1932 706 1984 lose
731 1942 894 1999 agunt
922 1956 932 1986 ;
967 1945 1231 1985 venenum
1270 1935 1516 2001 aspidum
1545 1937 1645 1989 sub
1675 1935 1832 1989 labiis
1861 1951 2046 1990 eorum
2070 1955 2083 2002 ;
2106 1954 2165 1993 os

590 2033 776 2072 eorum
814 2018 1197 2074 maledictione
1227 2029 1280 2074 et
1303 2023 1666 2076 amaritudine
1692 2024 1904 2091 plemnn
1936 2037 2018 2081 est
2041 2028 2105 2080 ³⁸.
2142 2049 2159 2081 ι

593 2109 741 2162 illum
778 2127 1045 2180 namque,
1083 2127 1182 2181 per
1217 2128 1376 2181 quem
1431 2114 1736 2169 subsistunt
1783 2120 1986 2185 omnia,
2041 2132 2166 2175 ante

591 2203 768 2254 omnia
799 2203 1072 2258 exstitisse
1122 2206 1434 2258 necessario
1469 2208 1876 2274 intelligendum
1922 2223 2024 2265 est.
2059 2211 2164 2266 Sed

593 2293 723 2360 quid
779 2303 1031 2361 agerent,
1066 2310 1188 2348 eum
1236 2294 1478 2350 Joannes
1513 2299 1759 2352 scribat:
1796 2317 1814 2349 ι
1869 2301 1924 2353 1η
1962 2303 2162 2370 princi-

594 2383 681 2446 pio
720 2395 838 2437 erat
883 2383 1138 2450 Verbum,
1169 2397 1221 2440 et
1256 2385 1490 2442 Verbum
1525 2400 1643 2442 erat
1683 2394 1821 2457 apud
1858 2390 2066 2458 Deum;
2112 2402 2166 2446 et

600 2473 736 2526 Deus
771 2483 888 2525 erat
942 2475 1219 2530 Verbum:
1277 2479 1378 2532 hoc
1429 2490 1548 2533 erat
1607 2482 1658 2533 in
1709 2483 1973 2551 principio
2023 2486 2163 2552 apud

598 2562 804 2618 Deum?
839 2560 1029 2619 Omnia
1067 2582 1162 2634 per
1197 2567 1369 2634 ipsum
1412 2568 1553 2621 facta
1605 2577 1751 2630 sunt,
1792 2579 1846 2622 et
1879 2572 1999 2631 sine
2047 2574 2164 2640 ipso

597 2656 797 2709 factum
833 2667 916 2711 est
950 2672 1121 2726 neque
1154 2674 1345 2721 unum,
1383 2660 1524 2726 quod
1566 2657 1765 2712 factum
1817 2669 1900 2713 est
1927 2660 1992 2714 ³⁷.
2031 2680 2048 2713 ι
2104 2662 2169 2716 Et

597 2747 703 2799 alio
733 2763 946 2802 rursum
977 2747 1094 2801 loco
1123 2766 1135 2800 :
1178 2765 1196 2797 ι
1235 2747 1388 2813 Quod
1439 2748 1535 2801 fuit
1568 2749 1635 2801 ab
1666 2750 1840 2815 initio,
1880 2753 2020 2820 quod
2072 2765 2166 2805 au-

595 2837 854 2902 divimus,
904 2841 1043 2906 quod
1078 2841 1310 2893 vidimus
1343 2841 1521 2895 oculis
1580 2844 1805 2906 nostris,
1851 2843 1990 2911 quod
2040 2859 2166 2912 per-

598 2929 910 2995 speximus,
965 2939 1018 2985 et
1072 2947 1264 2986 manus
1320 2944 1520 2987 nostra:
1575 2942 2057 2990 contrectaverunt
2105 2936 2169 2990 de

599 3019 777 3076 Verbo
804 3024 924 3075 vita:
952 3041 965 3078 :
991 3034 1043 3077 et
1064 3024 1169 3076 vita
1203 3027 1540 3078 Immitestata
1575 3035 1699 3092 est;
1730 3036 1783 3080 et
1815 3027 2048 3081 vidimus
2073 3069 2087 3092 ,
2116 3037 2170 3082 et

602 3128 884 3177 resmmur,
918 3125 971 3167 et
1007 3117 1392 3169 anmmtimnns
1452 3118 1603 3170 vobis
1649 3118 1816 3170 vitam
1881 3128 2164 3180 mternam,

598 3221 716 3274 qua:
747 3217 864 3258 erat
895 3209 1035 3274 apud
1071 3206 1308 3270 Patrem,
1339 3218 1393 3261 et
1413 3210 1663 3275 apparuit
1691 3209 1847 3262 nobis
1877 3209 1942 3260 ³⁸.
1972 3228 1990 3259 ι
2027 3209 2166 3275 Quin

597 3306 653 3352 et
705 3298 818 3365 ipse
853 3315 1065 3367 quoque
1111 3299 1364 3353 Christus
1411 3299 1612 3355 Iudaeis
1661 3309 1767 3355 tam
1817 3302 2165 3369 spectabilem

598 3389 913 3442 substantim
937 3404 1047 3444 sua:
1078 3391 1456 3456 antiquitatem
1485 3392 1800 3461 neutiquam
1826 3395 2056 3448 obscure
2077 3395 2128 3447 in
2153 3424 2160 3430 -

601 3478 801 3533 sinuat.
836 3480 969 3534 Cum
997 3482 1140 3535 enim
1170 3483 1418 3538 dicerent
1456 3500 1469 3536 :
1513 3501 1532 3534 ι
1567 3482 1964 3551 Quinquaginta
2000 3499 2170 3539 annos

601 3571 837 3623 nondum
870 3572 1061 3637 habes,
1094 3583 1148 3627 et
1182 3575 1453 3646 Abraham
1499 3575 1682 3628 vidisti
1711 3575 1802 3627 '9?
1834 3594 1851 3625 ι
1895 3574 2168 3642 Ejusmodi

602 3677 919 3731 responsum
941 3674 1126 3734 aperte
1151 3665 1387 3718 tulerunt
1415 3683 1427 3695 ·
1463 3684 1481 3715 ι
1515 3667 1705 3728 Amen,
1735 3680 1892 3718 amen
1920 3664 2045 3718 dico
2073 3680 2168 3718 vo-

601 3754 704 3816 bis,
740 3766 1028 3824 antequam
1079 3756 1350 3810 Abraham
1403 3758 1577 3824 fieret,
1616 3773 1713 3824 ego
1750 3772 1868 3812 sum
1893 3755 1958 3812 “.
1996 3777 2013 3807 ι
2050 3756 2170 3810 Jam

601 3863 720 3898 eum
749 3849 974 3900 verbum
1008 3849 1137 3902 illttd
1179 3847 1573 3914 substantiale,
1615 3858 1766 3910 ενιιι,
1813 3858 1868 3901 et
1904 3865 2040 3913 sum,
2079 3850 2172 3902 ab-

602 3937 777 3993 solute
830 3939 934 3994 hoc
1001 3940 1122 3993 loco
1182 3950 1474 4007 ponantur,
1532 3941 1601 3993 ita
1655 3941 1893 4007 quidem,
1940 3949 1997 3993 ut
2041 3942 2172 3993 nihil

603 4045 824 4096 prorsus
859 4031 1126 4082 inferatur
1157 4048 1169 4092 ;
1203 4032 1562 4093 ecquodnam,
1586 4030 1834 4091 obsecro,
1867 4029 2172 4096 generatio-

604 4119 686 4170 nis
720 4118 931 4169 initinm
985 4116 1268 4183 imaginari
1313 4117 1398 4170 hic
1453 4118 1723 4186 quispiam
1775 4121 2016 4188 poterit?
2069 4125 2175 4175 Aut

600 4222 706 4274 qua
753 4210 967 4260 tandem
1023 4209 1232 4261 ratione
1284 4209 1399 4263 lieri
1450 4219 1734 4276 potest,ut
1780 4211 1824 4264 is
1868 4214 1955 4281 qui
2012 4227 2171 4281 Supra

600 4311 818 4348 omnem
871 4304 1104 4349 mentem
1149 4305 1204 4349 et
1255 4311 1473 4350 sensum
1521 4299 1572 4350 in
1626 4299 1889 4368 principio
1935 4311 2073 4365 erat,
2121 4303 2172 4354 itt

603 4397 844 4452 tempore
875 4395 931 4438 ut
983 4387 1330 4449 subsisteret,
1367 4388 1656 4442 inclinatus
1699 4390 1904 4445 fuerit?
1943 4394 2093 4457 Quod
2126 4393 2169 4445 si

2272 1930 2404 1999 ρυγξ
2451 1930 2631 1982 αὐτῶν
2655 1971 2668 1994 ,
2702 1932 2821 1992 ταῖς
2872 1927 3141 1996 γλώσσαις
3176 1927 3352 1980 αὐτῶν
3385 1927 3727 1980 ἐδολιοῦσαν
3773 1930 3843 1991 ib;

2268 2019 2508 2073 ἀσπίδων
2543 2021 2646 2072 ὑπὸ
2677 2020 2746 2072 τὰ
2792 2021 2942 2089 χείλη
2993 2020 3190 2083 αὐτῶν,
3237 2013 3310 2071 ὧν
3360 2019 3533 2088 στόμα
3575 2021 3716 2089 ἀρᾶς
3755 2021 3844 2072 καὶ

2273 2112 2501 2180 πικρίας
2543 2113 2724 2181 γέμει.
2758 2133 2774 2162 ι
2811 2112 2910 2164 Τὸν
2937 2111 3044 2182 γάρ
3078 2129 3159 2164 τοι
3195 2112 3262 2164 δι’
3291 2105 3351 2163 οῦ
3395 2111 3462 2164 τὰ
3497 2113 3676 2164 πάντα
3698 2151 3714 2174 ,
3755 2112 3844 2163 καὶ

2271 2205 2679 2273 προϋφεστάναι
2710 2205 2818 2256 τῶν
2854 2205 3115 2258 πάντων]
3152 2206 3363 2274 ἀνάγκη
3396 2207 3555 2257 νοεῖν.
3591 2204 3660 2255 Τί
3683 2203 3740 2254 δὲ
3781 2202 3843 2272 δὴ

2271 2297 2365 2347 καὶ¹
2391 2296 2564 2365 δρῷεν
2592 2296 2690 2361 ἄν;
2731 2297 2978 2350 Ἰωάννου
3014 2298 3111 2366 μὲν
3144 2297 3480 2367 γράφοντος·
3524 2315 3543 2346 ι
3584 2297 3672 2348 Ἐν
3702 2296 3842 2362 ἀρχῇ

2266 2384 2335 2458 ἦν
2367 2388 2394 2440 ὁ
2428 2389 2617 2456 Λόγος,
2648 2390 2740 2440 καὶ
2770 2390 2796 2440 ὁ
2825 2389 2995 2455 Λόγος
3027 2384 3093 2458 ἦν
3136 2388 3268 2456 πρὸς
3304 2387 3392 2439 τὸν
3420 2387 3571 2450 Θεὸν,
3595 2387 3688 2437 καὶ
3714 2386 3843 2445 Θεὸς

2267 2476 2334 2549 ἦν
2354 2483 2382 2532 ὁ
2403 2481 2571 2547 Λόγος
2591 2497 2604 2510 ⁸
2637 2472 2791 2542 οὗτος
2824 2476 2892 2549 ἦν
2933 2482 2990 2532 ἐν
3023 2481 3165 2551 ἀρχῇ
3198 2478 3335 2548 πρὸς
3366 2478 3456 2530 τὸν
3484 2477 3636 2530 Θεόν·
3669 2477 3845 2528 πάντα

2268 2572 2332 2619 δι’
2369 2571 2535 2619 αὑτοῦ
2571 2572 2808 2633 ἐγένετο,
2841 2571 2934 2618 καὶ
2960 2572 3126 2635 χωρὶς
3160 2569 3326 2619 αὐτοῦ
3364 2569 3580 2634 ἐγένετο
3608 2566 3732 2618 οὐδὲ
3765 2567 3842 2628 ἐν,

2268 2659 2295 2711 ὃ
2333 2659 2547 2726 γέγονε.
2585 2677 2602 2708 ι
2637 2659 2744 2709 Καὶ
2785 2658 2945 2710 πάλιν
2967 2677 2978 2687 ·
3014 2676 3032 2708 ι
3068 2660 3130 2710 Ὃ
3159 2652 3228 2726 ἦν
3255 2657 3350 2710 ἀπ’
3394 2658 3566 2726 ἀρχῆς
3593 2699 3608 2721 ,
3641 2659 3672 2709 ὃ
3707 2658 3843 2726 ἀκη-

2271 2750 2494 2819 κόαμεν,
2527 2749 2554 2800 ὃ
2584 2748 2911 2818 ἑωράκαμεν
2945 2749 3060 2809 τοῖς
3091 2747 3390 2816 ὀφθαλμοῖς
3419 2749 3599 2817 ἡμῶν,
3634 2749 3664 2801 ὃ
3690 2749 3841 2801 ἐθεαο

2272 2840 2504 2909 σάμεθα,
2539 2841 2631 2893 καὶ
2669 2841 2724 2891 αἱ
2757 2841 2935 2908 χεῖρες
2981 2837 3139 2908 ἡμῶν
3170 2838 3554 2908 ἐψηλάφησαν,
3591 2841 3720 2908 περὶ
3749 2839 3843 2891 τοῦ

2269 2931 2444 2998 Λόγου
2476 2932 2570 3000 τῆς
2609 2931 2756 2998 ζωῆς
2777 2947 2791 2960 -
2830 2930 2922 2982 καὶ
2953 2930 2986 2998 ή
3021 2930 3133 2999 ζωὴ
3159 2928 3502 2999 ἐφανερώθη,
3532 2931 3628 2982 καὶ
3667 2932 3843 2999 ἐωρά-

2272 3040 2445 3091 καμεν
2471 3064 2485 3085 ,
2532 3023 2624 3074 καὶ
2662 3020 3067 3091 μαρτυροῦμεν,
3118 3021 3212 3072 καὶ
3263 3022 3676 3091 ἀπαγγέλλομεν
3715 3024 3842 3091 ὑμῖν

2271 3114 2369 3182 τὴν
2416 3113 2558 3182 ζωὴν
2599 3112 2698 3182 τὴν
2745 3113 2982 3175 αἰώνιον,
3019 3113 3140 3181 ἥτις
3182 3107 3250 3181 ἧν
3298 3112 3433 3181 πρὸς
3468 3113 3558 3164 τὸν
3600 3114 3841 3182 Πατέρα,

2277 3206 2367 3258 καὶ
2401 3204 2720 3274 ἐφανερώθη
2754 3204 2906 3272 ἡμῖν.
2946 3221 2962 3252 ι
3011 3202 3185 3255 Αὑτοῦ
3219 3204 3276 3256 δὲ
3306 3203 3542 3273 Χριστοῦ
3577 3205 3676 3273 τῆς
3713 3205 3844 3267 ἰδίας

2276 3295 2562 3365 ὑπάρξεως
2602 3297 2700 3362 τὴν
2744 3295 2986 3348 ἄποπτον
3033 3296 3366 3365 ἀρχαιότητα
3409 3298 3520 3359 τοῖς
3573 3296 3844 3359 Ἰουδαίοις

2276 3389 2786 3457 κατασημήναντος.
2855 3387 3074 3458 Ἐπειδὴ
3121 3388 3226 3457 γὰρ
3269 3388 3535 3457 ἔφασκονο
3585 3409 3603 3440 ι
3653 3391 3846 3459 Πεντή-

2276 3495 2439 3533 κοντα
2485 3478 2579 3546 ἕτη
2624 3477 2777 3530 οῦπω
2821 3477 2996 3546 ἔχεις,
3051 3481 3143 3531 καὶ
3198 3479 3448 3549 ’Λὸραάμ
3502 3480 3787 3549 ἐώρακας;
3821 3501 3838 3531 ι

2274 3572 2612 3639 ἀντήκουσαν
2683 3569 2995 3639 ἐναργῶς·”
3024 3588 3043 3621 ι
3088 3569 3259 3640 ’Λμὴν
3308 3569 3449 3638 λέγω
3495 3571 3662 3639 ὑμῖν,
3718 3573 3847 3639 πρὶν

2288 3661 2535 3732 Ἀϐραὰμ
2575 3661 2865 3728 γενέσθαι,
2904 3662 3013 3729 ἐγώ
3050 3664 3185 3731 είμι.
3224 3681 3243 3712 ι
3289 3657 3363 3715 Οὖ
3395 3662 3450 3715 δὲ
3483 3662 3542 3714 τὸ
3574 3659 3653 3732 ἦν
3700 3665 3846 3715 ἐστιν

2276 3751 2710 3819 ἐπενηνεγμένου
2746 3751 2992 3821 μηδενὸς,
3029 3751 3119 3803 ναὶ
3152 3753 3260 3819 μὴν
3285 3751 3377 3802 καὶ
3405 3751 3486 3812 τὸ,
3519 3753 3660 3820 εἰμί,
3689 3753 3846 3805 τέτα-

2277 3859 2400 3893 κται
2440 3842 2646 3909 σαφῶς,
2677 3843 2797 3894 τίνα
2832 3843 2930 3910 τῆς
2973 3842 3239 3908 γενέσεως
3274 3842 3482 3895 κατίδοι
3513 3860 3598 3905 τις
3648 3844 3715 3895 ἂν
3750 3849 3846 3913 τῖ’,ν

2275 3933 2474 4000 ἀρχήνς
2515 3933 2584 3983 “il
2625 3932 2745 3982 τίνα
2785 3933 2849 3996 δὴ
2879 3933 3078 3998 τρόπον
3117 3933 3145 3980 ὁ
3177 3931 3250 3981 ὢν
3283 3933 3340 3982 ἐν
3381 3933 3522 4000 ἀρχῇ
3555 3936 3620 4000 τῇ
3651 3936 3846 3996 παντὸς

2275 4019 2532 4070 ἐπέκεινα
2561 4017 2678 4080 νοῦ,
2699 4010 3064 4087 παραδέξαιτο
3084 4018 3150 4072 ἂν
3178 4019 3238 4072 τὸ
3266 4021 3323 4071 ὲν
3357 4022 3532 4090 καιρῷ
3563 4024 3847 4077 κεκλίσθαι

2279 4108 2411 4176 πρὸς
2443 4107 2704 4180 ὓπαρξιν;
2751 4110 2813 4161 Et
2847 4110 2945 4178 μὲν
2973 4104 3066 4162 οὖν
3091 4126 3173 4171 τις
3214 4109 3387 4162 ἕλοιτο
3412 4119 3433 4146 ³
3480 4111 3693 4175 τούτοις
3729 4130 3848 4182 σχο-

2279 4200 2550 4270 λαιότερον
2600 4200 2983 4270 ἀντιφέρεθαι,
3041 4201 3271 4271 χαλεπὸν
3329 4202 3500 4264 οὐδὲν,
3559 4207 3690 4267 τοὺς
3752 4206 3847 4274 τῆς

2280 4294 2634 4347 θεοπνεύστου
2677 4295 2898 4364 Γραφῆς
2937 4297 3410 4365 παρακομίζοντας
3435 4297 3650 4364 λόγους,
3686 4300 3754 4350 τά
3787 4301 3846 4350 ἐκ

2279 4387 2376 4453 τῆς
2408 4386 3041 4457 ἐκείνωνὶὲμϐροντησίας
3073 4389 3472 4459 ἀποκρούεσθαι
3506 4389 3659 4459 βέλη.
3683 4391 3766 4442 Τά
3786 4408 3845 4457 γε

601 4476 726 4543 quis
754 4475 912 4543 paulo
936 4475 1141 4529 diutius
1175 4477 1376 4529 \crsari
1432 4477 1485 4529 in
1529 4478 1628 4532 bac
1657 4478 2023 4547 disputatione
2059 4484 2164 4534 rel-

2285 4477 2391 4547 μὴν
2419 4477 2589 4540 οὕτως
2634 4477 2838 4548 ἐναργῆ
2883 4467 3270 4533 νοσοῦντααὸν
3298 4480 3538 4549 ἔλεγχον,
3584 4482 3680 4535 καὶ
3717 4483 3846 4535 πολὺ

603 4565 698 4629 let,
731 4564 947 4619 dillieile
971 4583 1075 4620 non
1111 4578 1278 4632 esset,
1308 4568 1635 4622 testimoniis
1666 4569 1971 4624 divinarum
2003 4571 2171 4625 Litte-

603 4675 784 4712 rarum
820 4660 922 4729 12
967 4661 1020 4713 in
1064 4661 1298 4714 medium
1351 4660 1617 4724 adductis,
1659 4663 1896 4715 vesania:
1947 4663 2172 4731 hujusce

605 4753 708 4805 tela
744 4753 1027 4819 repellere.
1075 4751 1272 4806 Verum
1316 4767 1781 4819 supervacaneum
1817 4754 1977 4818 duco,
2015 4755 2080 4808 de
2107 4755 2173 4808 iis

603 4859 722 4910 qum
752 4853 861 4898 tam
890 4851 1078 4911 aperta
1108 4842 1442 4912 turpitudine
1474 4843 1748 4907 laborant,

2281 4568 2398 4621 λίαν
2431 4568 2620 4637 ἔχοντα
2667 4568 2728 4620 τὸ
2771 4571 3038 4633 ἀκαλλὲς,
3100 4572 3350 4640 περιττὸν
3392 4567 3549 4642 οἶμαί
3614 4589 3720 4625 που
3761 4574 3847 4625 καὶ

2281 4661 2560 4740 φροντίδος
2608 4659 2811 4725 ἀξιοῦν.
2861 4663 3068 4716 Οὐκοῦν
3115 4664 3202 4716 ἐπ’
3243 4667 3418 4718 ἐκεῖνο
3465 4663 3669 4734 ἴωμεν,
3716 4666 3847 4735 ὅπερ

2280 4755 2396 4805 ἐστὶ
2432 4753 2540 4804 τῶν
2571 4755 3028 4825 κατεγνωσμένων
3059 4756 3337 4823 συγγενές.

1824 4852 2080 4912 tantaque
2149 4845 2409 4898 facilitate
2487 4845 3000 4914 redarguipossunt,
3046 4848 3271 4902 omnino
3333 4861 3548 4902 curare.
3575 4846 3755 4912 Quare
3782 4846 3844 4900 ad

605 4941 656 4993 id
698 4939 838 5004 quod
872 4937 1164 5003 damnatis,
1198 4936 1351 4991 hisce
1377 4935 1723 5004 opinionibus
1751 4947 2036 5005 cognatum
2069 4946 2172 5003 est,
2205 4937 2315 5003 jam
2351 4954 2492 4991 nunc
2524 4940 2825 4993 orationem
2891 4953 3291 4996 conrertamns.

675 5018 813 5083 Xllll.
851 5026 989 5080 Sunt
1021 5028 1109 5081 alii
1143 5028 1306 5098 igitur
1335 5070 1350 5095 ,
1399 5030 1490 5096 qui
1534 5029 1776 5082 veritatis
1817 5029 2167 5097 pulchritudi-

607 5139 728 5176 nem
768 5123 1097 5183 obscurant,
1150 5121 1505 5188 eamdemque
1551 5121 1770 5186 perinde
1807 5137 1869 5173 ac
1906 5122 2167 5174 nnmisma

609 5213 875 5281 quoddam
931 5212 1335 5274 adulterantes,
1396 5212 1827 5279 extollentesque
1896 5214 1945 5264 in
2003 5214 2166 5266 altum

608 5319 799 5369 cornu,
842 5302 1182 5370 iniquitatem
1217 5314 1317 5364 ,ιιι
1357 5305 1616 5370 scriptum
1665 5313 1749 5357 est
1793 5305 1861 5368 “,
1912 5305 2171 5360 adversus

673 5461 716 5490 3"
739 5459 876 5514 Psal.
914 5475 1031 5525 xm,
1055 5461 1110 5525 '5,
1144 5461 1194 5515 4.

2355 5030 2447 5080 ll".
2491 5031 2974 5101 Παρασημαίνουσι
3023 5033 3129 5105 γάρ
3159 5051 3305 5096 τινες
3343 5032 3441 5100 τῆς
3491 5031 3751 5101 ἀληθείας
3787 5032 3843 5084 τὸ

2282 5121 2504 5186 κάλλος,
2555 5125 2802 5194 καθάπερ
2840 5142 2891 5176 τι
2922 5127 3160 5195 νόμισμα
3212 5123 3619 5194 κιϐδηλεύοντες
3643 5165 3657 5185 ,
3691 5125 3842 5177 ἐπαί-

2282 5211 2463 5278 ροντές
2491 5228 2549 5261 τε
2575 5213 2653 5274 εἰς
2685 5211 2818 5280 ὕψος
2846 5212 2904 5264 τὸ
2935 5213 3100 5282 κέρας
3121 5255 3136 5280 ,
3185 5215 3279 5266 καὶ⁸
3307 5212 3521 5267 ἀδικίαν
3556 5211 3841 5275 λαλοῦντες

2282 5305 2418 5358 κατά
2454 5307 2546 5358 τοῦ
2577 5307 2732 5371 Θεοῦ,
2772 5306 2911 5360 κατά
2943 5307 3002 5359 τὸ
3026 5309 3430 5378 γεγραμμένον.
3471 5306 3839 5377 ’Λνύπαρκτόν

1273 5464 1315 5493 ³⁷
1347 5460 1500 5516 Joan.
1541 5480 1577 5529 ι,
1616 5464 1716 5518 1-5.
1758 5462 1837 5514 5“l
1877 5463 2089 5527 .loau.t,
2127 5464 2164 5528 1,

2305 5469 2348 5497 ’³³
2372 5463 2522 5518 Joan.
2555 5481 2670 5530 VIII,
2700 5465 2787 5518 57.
2829 5465 2874 5497 ‘°
2915 5466 3022 5520 ibid
3075 5467 3161 5521 58.
3230 5465 3270 5497 ⁸³
3312 5463 3451 5521 Psal.
3487 5479 3670 5530 LXXIV,
3704 5465 3755 5527 5,
3787 5463 3832 5517 6.

1694 5619 1861 5675 Varia:
1885 5621 2140 5678 lectiones
2167 5621 2364 5678 codicis
2389 5621 2744 5691 Seguieriani.

679 5759 702 5797 7
733 5751 916 5806 ὄντων.
999 5761 1016 5787 ²
1050 5750 1286 5818 βούλοιτο
1308 5755 1386 5806 vel
1415 5753 1521 5806 ἕλοι
1550 5754 1624 5806 τό.
