4056 6334
181 371 324 427 1153

1139 368 1228 424 DE
1263 368 1489 425 RECTA
1531 368 1713 427 FIDE.
1757 369 1845 422 Al)
1886 369 2329 427 TIIEON)SIUM
2368 371 2506 428 IMP.

3300 383 3436 439 H54

184 506 242 541 τε
311 493 405 541 καὶ
459 486 641 550 ίδικῶς
692 486 786 555 οὑχ
847 485 1192 555 ὑφεστηκότα
1254 485 1609 555 φαντάζονται
1665 498 1755 538 τον

1864 488 2028 540 Deum
2083 487 2395 555 loquuntur.
2461 491 2833 558 Imagiuantur
2878 495 3021 549 enim
3093 495 3463 568 UltigCllilllm-

184 579 490 648 Μονογενῆ·
527 581 620 633 καὶ
649 579 747 630 οὑκ
775 575 914 632 εἶναι
952 578 1050 648 μὲν
1094 580 1152 631 ἐν
1195 578 1488 631 ὑποστάσει
1519 580 1584 647 τῇ
1638 578 1755 629 καθ’

187 672 400 732 ἑαυτὸν,
430 670 582 743 ῥῆμα
608 670 664 721 δὲ
696 669 884 731 ἁπλῶς
909 711 922 734 ,
965 672 1058 722 καὶ
1088 669 1243 737 λόγον
1288 668 1378 721 τὸν
1410 670 1553 721 κατὰ
1594 669 1759 738 μόνην

181 763 280 831 τὴν
316 761 596 833 προφορὰν
625 760 878 828 γενέσθαι
924 760 1076 831 παρὰ
1128 758 1285 812 Θεοῦ.
1325 761 1412 822 Ὠς
1458 761 1551 812 καὶ
1580 762 1637 811 ὲν
1676 760 1760 811 ἀν-

187 852 389 922 θρώπῳ
419 852 740 920 κατοικῆσαί
783 869 946 919 φασιν
995 855 1043 903 οἱ
1084 851 1332 914 τάλανες.
1381 851 1670 914 ΣυνΟὲντες
1703 851 1758 904 δὲ

185 945 326 999 οὕτω
353 944 444 998 τὸν
479 944 705 1015 Ἰησοῦν,
739 944 911 1010 ἁγίων
942 943 1039 1014 μὲν
1074 939 1214 995 εἷναί
1247 961 1411 1011 φασιν
1437 943 1755 1013 ἁγιώτερον,

185 1039 245 1090 οὑ
277 1037 382 1107 μὴν
409 1035 490 1088 ἔτι
524 1038 616 1088 καὶ⁴
637 1035 789 1092 Θεόν.
815 1035 1024 1089 Οὐκοῦν
1050 1034 1192 1089 καθὰ
1215 1037 1308 1088 καὶ
1342 1038 1369 1088 6
1389 1034 1483 1088 τοῦ
1509 1036 1759 1106 Σωτῆρος

189 1129 490 1182 ἐπιστέλλει
526 1127 775 1200 μαθητὴς
799 1168 812 1192 ,
845 1129 928 1192 τίς
976 1129 1127 1182 ἐστιν
1159 1130 1186 1181 6
1216 1127 1476 1197 ψεύστης,
1526 1129 1574 1180 εἰ
1626 1128 1698 1197 μὴ
1730 1129 1758 1180 6

186 1221 538 1292 ἀρνούμενος,
569 1222 649 1274 ὅτι
692 1220 898 1292 Ἰησοῦς
925 1223 1024 1274 οὐκ
1064 1221 1212 1274 ἔστιν
1246 1223 1274 1274 6
1300 1221 1570 1291 Χριστόςς
1605 1214 1759 1284 οὗτός

186 1315 332 1367 ἐστιν
377 1320 404 1367 6
440 1314 825 1383 Ἀντίχριστος,
868 1317 895 1366 6
923 1313 1257 1383 ἀρνούμενος
1291 1313 1382 1364 τὸν
1411 1312 1630 1381 Πατέρα
1665 1312 1760 1377 καὶ

183 1405 273 1458 τὸν
308 1405 446 1456 ι’ίόν.
481 1404 594 1465 Πᾶς
628 1406 656 1455 6
686 1402 1016 1472 ἀρνούμενος
1049 1403 1138 1454 τὸν
1169 1401 1318 1462 Υίόν,
1371 1401 1492 1452 οὐδὲ
1525 1401 1614 1453 τὸν
1649 1403 1759 1452 Πα-

183 1496 314 1564 τέρα
356 1495 498 1563 ἔχει·
542 1496 570 1546 6
616 1495 892 1564 ὁμολογῶν
933 1493 1022 1545 τὸν
1066 1494 1220 1556 Υἱὸν,
1263 1494 1356 1545 καὶ
1402 1494 1492 1546 τὸν
1539 1494 1758 1564 Πατέρα

183 1587 318 1654 ἔχει-
373 1587 575 1653 Ἄμφω
621 1585 729 1654 γὰρ
783 1586 875 1637 καὶ
925 1584 992 1635 δι’
1048 1585 1285 1654 ἀμφοῖν,
1349 1586 1444 1637 καὶ
1503 1583 1760 1656 ἐκῒᾱιτερος

185 1679 240 1729 ὲν
273 1677 518 1748 ἐκατέρῳ
543 1717 556 1741 ,
594 1677 731 1748 πρός
778 1695 836 1730 τε
879 1677 1038 1746 ἡμῶν
1084 1677 1266 1729 αὐτῶν
1329 1678 1421 1729 καὶ
1453 1676 1558 1728 τῶν
1591 1677 1758 1743 ἁγίων

185 1772 433 1837 ἀγγέλων
479 1771 953 1839 ὲπιγινώσκονται.
986 1773 1059 1823 υὺ
1091 1771 1197 1842 γὰρ
1237 1773 1302 1825 ἄν
1333 1789 1415 1835 τις
1465 1773 1756 1841 ἁναμάθοι,

1865 578 1954 632 Dei
2011 579 2241 633 Verhnm
2277 584 2698 651 anhypostaton,
2737 587 2839 640 hoc
2889 599 2991 653 est,
3041 591 3435 655 subsistentia,

1863 671 1943 723 vel
1976 671 2274 741 hypostasi,
2305 688 2406 740 qua
2450 691 2544 744 per
2571 692 2631 730 se
2660 692 2786 731 vero
2815 693 2880 732 ac
2905 681 3125 748 proprie
3155 683 3436 745 subsistat,

1861 762 2221 829 destitutum;
2265 768 2465 818 nudum
2513 781 2693 823 autem
2735 772 2985 837 verbum,
3040 789 3104 827 ac
3137 775 3438 844 simplicem

1861 871 2167 910 sermonem
2201 859 2310 910 sola
2347 862 2790 925 pronuntiatione
2822 878 2850 916 a
2897 863 3004 917 Deo
3045 866 3250 918 editum
3291 880 3435 920 esse.

1862 948 1972 1002 Hoc
2003 965 2164 1018 porro
2191 950 2526 1017 prolatitium
2562 953 2785 1007 verbum
2820 956 3004 1011 miseri
3035 957 3110 1010 illi
3143 960 3191 1011 itt
3222 960 3439 1015 homine

1863 1040 2197 1094 inhabitasse
2227 1040 2518 1096 affirmant.
2546 1043 2619 1096 Ita
2647 1048 3005 1114 compositum
3043 1049 3231 1104 Jesum
3264 1063 3429 1106 easte-

1861 1133 1936 1185 ris
1967 1133 2174 1186 sanctis
2199 1147 2321 1186 esse
2343 1134 2490 1186 aiunt
2520 1137 2870 1200 sanctiorem,
2899 1154 3002 1193 non
3030 1151 3209 1196 tamen
3245 1144 3436 1198 Deum.

1860 1223 1930 1277 At
1972 1225 2114 1292 quis,
2171 1235 2229 1277 ut
2282 1224 2580 1279 Sztlratoris
2641 1231 2807 1282 nostri
2863 1232 3165 1300 discipulus
3227 1237 3437 1298 scribit,

1864 1318 2088 1370 mendax
2119 1327 2223 1380 est,
2263 1319 2362 1370 nisi
2406 1319 2449 1372 is
2481 1321 2571 1388 qui
2645 1327 3087 1391 negatgquoniam
3130 1327 3289 1383 Jcsus
3333 1346 3439 1384 non

1861 1421 1944 1463 cst
1969 1412 2236 1464 Christus.
2274 1411 2373 1466 llic
2429 1423 2513 1466 est
2565 1412 2954 1480 Antichristns,
2987 1419 3077 1486 qui
3131 1430 3289 1488 negat
3338 1420 3437 1472 Pa-

1867 1510 1998 1553 trem
2046 1513 2098 1553 ιιι
2148 1503 2365 1556 Fliium.
2419 1502 2612 1558 Omnis
2665 1507 2754 1573 qui
2807 1518 2969 1576 negat
3019 1508 3234 1575 Filium,
3267 1528 3441 1580 neque

1863 1590 2078 1643 Patrem
2135 1593 2341 1646 habet:
2381 1594 2469 1661 qui
2518 1595 2807 1649 (-nut‘ttctur
2853 1596 3068 1660 Filium,
3121 1610 3171 1652 et
3219 1599 3439 1654 Patrem

1864 1683 2044 1736 habet.
2073 1682 2309 1753 Uterque
2340 1693 2420 1738 est.
2446 1687 2590 1738 enim
2628 1703 2725 1755 per
2756 1698 3044 1755 utrumque
3079 1709 3090 1755 ;
3127 1701 3179 1742 ct
3214 1702 3441 1760 uterque

1863 1791 2075 1828 rursum
2104 1792 2224 1828 cunt
2258 1779 2324 1832 ab
2360 1779 2588 1845 angelis,
2630 1789 2738 1832 tum
2784 1796 2810 1831 ιι
2855 1782 3013 1834 nobis
3060 1783 3191 1850 ipsis
3227 1800 3442 1852 quoque.

184 1864 234 1915 τί
267 1866 384 1914 ἐστι
416 1862 626 1933 Πατὴρ,
666 1865 714 1915 εί
749 1863 822 1933 μὴ
855 1863 981 1915 Υίὸν
1017 1863 1305 1928 ὑφεστῶτά
1338 1880 1396 1915 τε
1445 1864 1537 1915 καὶ
1568 1880 1755 1929 γεγεν-

1865 1865 1916 1916 in
1957 1865 2132 1920 altero
2188 1880 2320 1919 esse
2376 1869 2734 1937 dignoscitur.
2772 1867 2920 1922 llattd
2975 1873 3116 1923 enim
3174 1875 3440 1942 quist'tiam

184 1957 416 2026 νημένον
473 1957 772 2021 εἰσδέξαιτο
818 1957 960 2010 κατὰ
1003 1956 1148 2010 νοῦν.
1193 1956 1330 2010 Ἀλλ’
1362 1957 1470 2010 οὐδ’
1531 1958 1596 2010 ἂν
1634 1958 1662 2009 ὅ
1709 1957 1761 2009 τί

184 2049 312 2101 ’ποτε
345 2050 493 2102 ἐστιν
523 2052 550 2102 6
578 2050 703 2112 Υἱὸς
731 2050 999 2119 ἁναμάὓοι
1032 2050 1214 2113 πάλιν,
1244 2051 1291 2102 εἰ
1319 2050 1413 2118 μὴ,
1433 2051 1513 2102 ὅτι
1545 2052 1762 2101 τέτοκεν

183 2143 210 2192 6
253 2141 467 2210 Πατὴρ,
504 2140 838 2211 διενθυμοῖτο
872 2140 1077 2207 σαφῶς.
1115 2140 1324 2193 Οὐκοῦν
1359 2141 1650 2207 ἀναγκαῖον
1686 2136 1762 2192 οἴ-

187 2233 281 2301 μαί
308 2249 412 2284 που
443 2232 537 2284 καὶ
563 2232 800 2299 ἀσφαλὲς
834 2235 1025 2294 simil,
1055 2233 1129 2292 ὡς
1158 2233 1314 2302 εἴπερ
1345 2234 1492 2284 ἐστὶν
1525 2232 1764 2300 ἀνύπαρ-

186 2341 308 2387 κτος
341 2328 372 2378 6
399 2325 545 2388 Υἱὸς,
595 2325 704 2377 οὐδ’
755 2326 817 2378 ἂν
857 2326 948 2378 τὸν
1008 2326 1228 2396 Πατέρα
1263 2325 1476 2394 πατέρα
1526 2326 1666 2376 κατὰ
1703 2325 1761 2376 τὸ

183 2416 381 2486 alnos;
404 2417 682 2487 νοήσωμεν
709 2417 791 2470 ἄν.
829 2417 935 2470 Ποῦ
964 2417 1068 2485 γάρ
1094 2418 1210 2469 ἐστι
1254 2416 1455 2485 πατὴρ,
1490 2417 1537 2468 εἰ
1571 2416 1644 2486 μὴ
1677 2418 1762 2467 τέ-

182 2525 336 2578 τοκεν
380 2509 624 2576 ἀληθῶς;
677 2509 710 2576 ἢ
742 2511 900 2576 εἴπερ
937 2511 1233 2578 γεγέννηκε
1274 2509 1334 2560 τὸ
1374 2508 1448 2576 μὴ
1492 2509 1758 2575 ὑφεστὼς,

187 2597 317 2666 μηδὲ
367 2598 609 2666 ὑπάρχον
657 2597 812 2659 ὅλως,
854 2597 914 2647 τὸ
964 2596 1223 2666 γεννηθὲν
1262 2596 1412 2648 ἔσται
1460 2596 1520 2648 τὸ
1575 2596 1756 2664 μηδέν.

183 2689 252 2740 Τὸ
291 2687 402 2758 γάρ
431 2706 512 2739 τοι
549 2688 624 2758 μὴ
648 2688 894 2755 ὑφεστὼς
921 2729 934 2751 ,
968 2689 1023 2739 ἐν
1058 2689 1158 2756 ἴσῳ
1188 2688 1263 2756 τῷ
1298 2687 1506 2756 μηδενὶ,
1559 2688 1758 2756 μᾶλλον

182 2779 233 2830 δὲ
261 2776 540 2839 παντελῶς
573 2776 723 2829 οὐδέν
745 2794 757 2806 ·
785 2771 904 2828 εἶτα
936 2774 1028 2828 τοῦ
1065 2774 1289 2845 μηδενὸς
1327 2775 1478 2827 ἔσται
1515 2773 1701 2843 Πατὴρ
1731 2775 1758 2825 ὁ

181 2869 330 2931 Θεὸς.

247 3127 345 3180 1Δ’.
404 3125 542 3178 Ἀλλ’
591 3118 636 3177 ὦ
675 3124 962 3194 βέλτιστοι,
1007 3123 1172 3193 φαίην
1213 3124 1279 3175 ἂν
1314 3123 1486 3192 ἔγωγε
1523 3129 1658 3192 προς
1692 3139 1754 3189 γε
1783 3158 1823 3212 C

180 3217 302 3280 τοὺς
331 3217 438 3269 τῶν
459 3214 714 3270 τοιούτων
767 3215 1060 3285 ἐξηγητὰς,
1106 3214 1259 3278 ὕθλος
1286 3216 1490 3276 εἰκαῖος
1521 3214 1587 3265 τὰ
1623 3215 1751 3282 παρ’

182 3307 350 3377 ὑμῶν.
381 3310 453 3361 ’Ἠ
487 3307 618 3375 γοῦν
650 3308 896 3377 ἐρομένῳ
943 3307 1174 3378 φράζετε
1197 3345 1210 3368 ,
1249 3306 1364 3368 πῶς
1410 3304 1684 3374 ἐξαίρετος
1719 3305 1752 3373 ἡ

181 3402 256 3463 εἰς
285 3401 434 3470 ἡμᾶς
462 3401 738 3469 ἀγάπησις
765 3399 857 3451 τοῦ
882 3398 1014 3451 Θεοῦ
1048 3399 1140 3450 καὶ
1188 3398 1420 3466 Πατρός.
1453 3399 1560 3449 Καὶ
1589 3400 1635 3450 εἰ
1665 3397 1749 3448 δέ-

178 3487 346 3539 δωκεν
371 3488 511 3555 ὑπὲρ
545 3488 700 3556 ἡμῶν
741 3488 831 3539 τὸν
872 3487 1019 3545 Υἱὸν,
1052 3489 1141 3539 τὸν
1174 3488 1292 3539 καθ’
1338 3488 1479 3556 ὑμᾶς
1527 3488 1624 3557 οὑχ
1655 3491 1750 3554 ὑφ-

181 3576 465 3647 εστηκότα,
510 3576 570 3628 τὸ
606 3576 772 3646 μηδὲν
821 3577 925 3646 ἄρα
969 3578 1202 3628 δέδοικεν
1235 3577 1373 3647 ὑπὲρ
1421 3577 1597 3646 ἡμῶν.
1643 3580 1752 3630 Καὶ

180 3668 296 3721 οὔτε
328 3669 468 3740 σὰρξ
495 3670 523 3721 6
549 3670 719 3736 Λόγος
749 3670 993 3737 γέγονεν,
1026 3669 1151 3721 οὔτε
1200 3670 1292 3721 τὸν
1327 3671 1507 3738 τίμιον
1541 3669 1750 3738 ὑπέστη

182 3761 432 3833 σταυρὸν,
470 3760 594 3814 οὔτε
627 3764 947 3830 κατήργηκε
994 3761 1090 3814 τοῦ
1141 3761 1371 3814 Θανάτου
1426 3761 1486 3814 76
1530 3763 1749 3829 κράτος,

178 3852 296 3906 οὗτε
326 3854 433 3924 μὴν
460 3853 721 3906 ἁνεϐίωσε
752 3844 933 3908 πάλιν.
967 3854 1026 3905 Εἰ
1061 3852 1170 3921 γάρ
1212 3855 1324 3904 ἐστι
1357 3853 1418 3904 τὸ
1463 3855 1627 3923 μηδὲν
1658 3853 1752 3906 καὶ

179 3942 543 4010 ἀνύπαρκτος,
584 3938 706 3989 καθ’
738 3938 883 4004 ὑμᾶς
904 3975 918 3998 ,
945 3937 1061 3999 πῶς
1118 3939 1173 3987 ἕν
1214 3955 1275 4001 γε
1308 3938 1518 3998 τούτοις
1554 3939 1751 4004 γένοιτ’

179 4030 272 4093 iv;
305 4027 679 4096 Πεφενάκικεν
723 4020 814 4077 οὖν
848 4025 956 4094 ἄρα
993 4026 1090 4094 τῆς
1143 4023 1302 4090 ἁγίας
1344 4023 1566 4092 Γραφῆς
1605 4025 1631 4075 6
1667 4024 1752 4074 λό-

181 4138 270 4188 γος
298 4121 426 4184 τοὺς
456 4119 911 4179 πεπιστευκότας,
947 4117 1042 4168 καὶ
1079 4117 1110 4184 ή
1137 4117 1235 4183 τῆς
1277 4117 1508 4178 πίστεως
1537 4115 1748 4184 ἑδραιό-

180 4231 272 4284 της
319 4214 532 4283 οῐχεται
566 4210 702 4282 πρὸς
749 4210 808 4261 τὸ
859 4209 1045 4277 μηδέν.
1094 4209 1155 4260 Τί
1187 4209 1277 4272 δέ;
1339 4208 1437 4259 οὑκ
1472 4210 1528 4260 ἐν
1567 4210 1746 4277 μορφῇ

180 4304 308 4356 Θεοῦ
339 4304 606 4372 ὑπάρχειν
639 4301 728 4353 τὸν
760 4301 907 4364 Υἱὸν,
951 4301 1010 4352 τὸ
1043 4301 1184 4373 ἱερὸν
1227 4302 1358 4370 ἡμῖν
1404 4303 1748 4371 κατεσὴμανε

181 4393 434 4463 Γρὰμμα,
477 4393 662 4446 εἰκόνα
701 4408 760 4442 τε
790 4389 952 4442 αὑτὸν
988 4391 1083 4442 καὶ
1117 4390 1444 4460 χαρακτῆρά
1487 4409 1618 4459 φησι
1651 4392 1745 4443 τοῦ

180 4484 605 4556 Γεγεννηκότος;
636 4483 826 4535 Καίτοι
862 4483 991 4562 πῶς
1014 4480 1172 4534 τοῦτό
1211 4484 1358 4534 ἐστιν
1404 4484 1500 4553 οὐχ
1544 4487 1747 4537 ἅπασιν

1858 4522 1959 4559 ιιοιι
1986 4508 2260 4564 chitoris
2297 4513 2586 4583 imaginem
2629 4527 2681 4570 et
2718 4520 2911 4573 rltarat-

178 4574 418 4643 ὲναργὲς,
459 4575 528 4627 Δί
575 4574 631 4625 δὲ
675 4573 900 4635 εἰκόνες,
949 4572 1023 4635 ὡς
1053 4573 1120 4624 τὰ
1167 4575 1478 4642 ἀρχέτυπα;
1510 4575 1589 4626 δεῖ
1619 4576 1745 4645 γὰρ,

177 4664 341 4729 οὕτως
385 4666 558 4728 αὑτὰς
602 4667 696 4717 καὶ
733 4665 831 4734 οὑχ
879 4665 1079 4734 ἑτέρως
1115 4667 1275 4736 ἔχειν.
1312 4667 1541 4730 Οὐκοῦν,
1591 4671 1640 4720 εί
1673 4671 1747 4738 μὴ

177 4758 534 4820 ἑνυπόστατος
585 4759 618 4826 ἠ
655 4756 838 4820 εἰκὼν,
895 4758 1031 4827 μήτε
1081 4759 1186 4828 μὴν
1225 4762 1281 4810 ἐν
1314 4760 1544 4828 ὑπάρξει
1579 4765 1750 4813 νοοῖτο

175 4851 234 4918 τῇ
261 4849 377 4902 καθ’
394 4849 596 4902 ἑαυτὸν
642 4851 669 4901 6
697 4851 984 4920 χαρακτήρ
1007 4867 1023 4879 ·
1064 4851 1434 4906 ἀνυπόστατον
1475 4850 1614 4905 εἶναι
1646 4854 1747 4905 δώ-

182 4957 379 5004 σουσιν,
419 4941 495 5003 ὡς
534 4941 592 5008 ἐξ
630 4942 930 5008 ἀναγκαίου
966 4943 1144 5010 )όγου,
1175 4944 1267 4996 καὶ
1307 4945 1396 4996 τὸν
1427 4941 1598 5014 οὗπέρ
1632 4949 1745 4998 ἐστι

176 5035 478 5103 χαρακτὴρ,
509 5035 603 5086 καὶ
628 5034 685 5086 7.6
715 5035 812 5105 τῆς
844 5036 1048 5097 εἰκόνος
1083 5037 1312 5099 ἀκαλλὲς
1350 5040 1742 5116 ἀναδραμεῖται

175 5125 382 5188 πάντως
405 5125 501 5177 ἐπὶ
530 5124 588 5176 τὸ
619 5126 947 5195 ἀρχέτυπον.

239 5301 334 5354 ΙΕ’.
375 5295 514 5354 Εἶτα
564 5302 688 5366 εἰπέ
740 5320 873 5372 μοι,
924 5302 1192 5366 Φίλιππος
1245 5311 1614 5382 χριστομαθὴς
1665 5315 1742 5368 ὣν

174 5395 324 5460 ἄγαν,
368 5394 464 5447 τὸν
510 5393 643 5446 ὄντα
697 5399 790 5448 καὶ
836 5396 1178 5465 ὑφεστηκότα
1229 5403 1447 5471 Πατέρα
1500 5406 1740 5461 κατιδεῖν

173 5483 337 5548 ἠξίου,
371 5484 547 5552 λέγων
571 5499 583 5513 ο
625 5502 642 5534 ι
671 5485 867 5555 Κύριε,
897 5487 1066 5553 δεῖξον
1096 5491 1226 5558 ἡμῖν
1249 5493 1339 5545 τὸν
1375 5495 1612 5566 Πατέρα,
1645 5505 1738 5554 καὶ

175 5570 322 5640 ἀρκεῖ
353 5576 522 5644 ἡμῖν;
555 5592 572 5624 ι
627 5573 657 5639 ἢ
710 5576 838 5643 γοῦν
885 5578 976 5629 τὸν
1019 5579 1117 5632 οὑκ
1156 5581 1284 5635 ὄντα
1317 5587 1411 5646 καὶ
1439 5588 1737 5643 ἀνυπόστα-

175 5676 283 5726 τον;
317 5659 665 5734 Ἀλλ’,οἷμαι,
693 5667 826 5735 φαίη
847 5685 928 5730 τις
950 5669 1015 5720 ἂν
1048 5671 1320 5741 μελλήσας
1349 5677 1518 5741 οὐδὲν,
1541 5681 1620 5731 ὅτι
1645 5685 1734 5736 τὸν

242 5801 283 5828 ⁸³
325 5799 558 5873 Philipp.
592 5820 649 5871 ιι,
686 5802 737 5858 6.
817 5806 860 5836 ⁸³
903 5805 1066 5862 llebr.
1099 5826 1153 5873 tt,
1191 5812 1240 5864 5.
1324 5815 1367 5845 ii
1406 5814 1562 5874 Joan.
1601 5839 1708 5893 ur,
1743 5830 1793 5880 δ.

1863 1957 1992 2024 quid
2052 1959 2122 2010 sit
2183 1957 2344 2010 Pater
2381 1959 2651 2024 didicerit,
2711 1962 2812 2015 nisi
2875 1961 3066 2015 Filium
3126 1975 3330 2031 natum,
3388 1977 3441 2020 et

1860 2059 2242 2117 euypostaton,
2280 2051 2382 2102 hoc
2416 2061 2498 2103 cst
2546 2066 2640 2120 per
2695 2068 2753 2106 sc
2805 2053 3217 2119 subsistentem,
3264 2071 3441 2112 Il:t‘lllt‘.

1861 2141 2156 2209 concipiat.
2197 2139 2300 2194 Sed
2335 2155 2508 2211 neque
2538 2145 2665 2210 quid
2695 2146 2764 2197 sit
2795 2146 2986 2210 Filius,
3026 2165 3238 2200 rut-sum
3277 2151 3432 2203 inn-I»

1864 2232 1955 2301 Iigi
2009 2248 2034 2283 ιι
2085 2246 2357 2301 qquuam
2415 2237 2761 2310 qucal,_nisi
2798 2241 2936 2306 quod
2980 2239 3137 2294 l‘ater
3169 2246 3437 2310 genuerit,

1869 2321 2070 2389 liquido
2101 2323 2241 2390 apud
2273 2337 2394 2378 sese
2431 2303 2746 2381 constiiual.
2784 2328 3147 2393 Quamobrem
3183 2349 3438 2386 net-essa-

1869 2413 2006 2466 rium
2040 2425 2168 2483 puto
2202 2429 2264 2468 ac
2293 2431 2544 2470 securum
2599 2417 2714 2473 lore
2757 2420 2938 2473 dicere
2971 2424 3134 2488 quod,
3186 2426 3228 2475 si
3274 2425 3441 2478 Filius

1864 2519 1968 2555 non
2007 2503 2277 2566 subsistit,
2315 2521 2489 2573 neque
2518 2507 2684 2561 Pater
2721 2524 2932 2575 quoque
2961 2525 3087 2562 vere
3118 2512 3278 2564 l’ater
3312 2517 3433 2568 erit.

1862 2591 1964 2645 Ubi
1999 2590 2143 2643 enim
2176 2594 2280 2644 erit
2323 2603 2497 2660 pater,
2556 2596 2600 2649 si
2639 2610 2765 2652 rere
2798 2615 2900 2652 non
2948 2604 3172 2668 genuit?
3206 2603 3436 2662 Rursum

1859 2681 1902 2733 si
1939 2682 1988 2733 id
2036 2683 2176 2749 quod
2207 2685 2414 2749 genuit,
2461 2701 2564 2739 non
2607 2689 2874 2754 subsistit,
2935 2704 3026 2745 aut
3075 2701 3294 2749 omnino
3335 2718 3436 2754 non

1859 2771 2111 2836 exsistit,
2173 2773 2344 2840 ipsum
2421 2777 2660 2842 genitum
2735 2781 2870 2833 nihil
2933 2785 3228 2853 quidquam
3291 2792 3434 2844 erit:

1862 2863 2298 2931 quandoquidem
2339 2865 2482 2932 quod
2529 2883 2632 2920 non
2688 2870 2964 2931 subsistit,
3002 2891 3153 2943 atque
3187 2894 3247 2930 ac
3287 2882 3436 2944 ttihil,

1861 2964 1950 3004 aut
1978 2953 2060 3022 (ut
2099 2956 2278 3007 verius
2324 2957 2522 3027 dicam)
2555 2960 2684 3013 nihil
2730 2974 2810 3016 est
2843 2979 3063 3032 prorsus
3092 2985 3103 3020 :
3134 2986 3263 3038 ergo
3302 2971 3440 3024 lli-us

1861 3045 2040 3098 nullus
2065 3046 2224 3099 Pater
2252 3049 2378 3102 erit.

1929 3137 2072 3190 XIV.
2137 3140 2334 3192 Verum
2398 3141 2702 3209 ltujnsmodi
2764 3147 3013 3203 doctores
3071 3154 3258 3206 merito
3308 3171 3437 3208 sane

1859 3245 2085 3297 magnos
2136 3241 2432 3299 litigatores
2485 3238 2892 3303 appellaverint.
2935 3243 3146 3312 Alioqui
3205 3263 3437 3315 percun-

1855 3321 2002 3372 canti
2059 3323 2192 3374 tttilti
2226 3325 2569 3392 respondete,
2603 3344 2905 3397 ecquonam
2944 3348 3098 3401 pacto
3130 3337 3219 3389 ilei
3254 3351 3308 3392 et
3339 3341 3429 3393 Ι¹ιιΔ

1859 3413 1956 3463 tris
1979 3427 2105 3482 erga
2141 3429 2237 3467 nos
2289 3415 2503 3470 dilectio
2531 3420 2727 3478 eximia
2758 3426 3048 3478 exstiterit.
3085 3427 3215 3481 Nam
3269 3433 3312 3484 si
3350 3433 3437 3484 Fi

1859 3501 2006 3566 liutn,
2076 3505 2166 3572 qui
2207 3516 2392 3560 vestra
2435 3511 2702 3562 sententia
2753 3529 2855 3566 non
2896 3517 3174 3581 subsistit,
3213 3533 3307 3588 pro
3344 3543 3436 3575 nn-

1858 3594 1938 3647 his
1970 3597 2216 3662 tradidit,
2254 3599 2386 3652 nihil
2426 3600 2608 3669 utique
2637 3605 2860 3658 omnino
2906 3610 3074 3662 nostri
3111 3627 3271 3664 causa
3326 3625 3436 3668 Ira--

1858 3687 2011 3740 didit.
2049 3687 2154 3742 Sed
2189 3705 2365 3758 neque
2413 3691 2648 3746 Verbum
2681 3712 2895 3765 quoque
2931 3701 3128 3753 factum
3164 3715 3249 3756 est
3283 3722 3434 3771 earn,

1858 3794 2032 3845 neque
2059 3781 2355 3847 pretiosam
2386 3783 2486 3852 13
2511 3801 2726 3839 crucem
2759 3790 3041 3858 sustinuit,
3074 3810 3249 3864 neque
3282 3815 3429 3850 ltt()I'~

1858 3872 1922 3923 tis
1953 3872 2238 3939 imperium
2279 3875 2500 3940 delevit,
2538 3893 2722 3946 neque
2762 3881 2812 3932 ιιι
2861 3884 3048 3948 vitam,
3077 3902 3236 3956 quant
3271 3891 3434 3958 depo-

1855 3973 2058 4026 suerat,
2096 3965 2273 4015 denuo
2307 3982 2583 4021 reversum
2633 3983 2734 4027 est.
2774 3973 2906 4027 Nam
2945 3978 3011 4039 si,
3055 3990 3108 4030 ttt
3141 3995 3231 4033 res
3263 3999 3400 4050 nuga

1856 4049 2006 4111 tnitti,
2040 4051 2171 4102 nihil
2202 4063 2305 4112 est,
2345 4071 2518 4121 neque
2577 4063 2626 4110 in
2679 4081 2858 4115 rerum
2909 4080 3098 4122 natura
3149 4074 3432 4138 subsistit;

1853 4156 1960 4205 quo
2000 4154 2154 4210 pacto
2205 4147 2314 4198 iure
2359 4148 2410 4200 itt
2461 4150 2605 4201 illuni
2652 4155 3022 4210 conveniunt?
3060 4157 3264 4213 [lirium
3307 4179 3434 4233 erga

1855 4232 2147 4302 Scriptura:
2188 4239 2269 4291 his
2301 4240 2388 4307 qui
2426 4243 2772 4297 crediderunt
2820 4246 3146 4313 imposuere,
3206 4232 3435 4324 tideiqne

1853 4327 2083 4380 tirmitas
2126 4335 2337 4383 redacta
2369 4343 2450 4385 est
2501 4335 2550 4385 itt
2591 4336 2763 4388 nihilu
2794 4359 2844 4390 ιτ.
2889 4342 3082 4397 Annon
3123 4360 3293 4398 sat-ra:
3323 4346 3428 4402 Lit—

1855 4426 1983 4470 tera:
2011 4417 2203 4472 Filium
2249 4422 2298 4473 ιιι
2337 4423 2505 4476 forma
2562 4425 2652 4478 Dei
2705 4445 2823 4481 esse
2866 4446 2962 4484 nos
3010 4435 3204 4489 docent
3247 4438 3431 4494 “'Zan

2921 4532 3086 4576 tcrem
3141 4527 3287 4580 illum
3338 4547 3424 4598 ap.

1853 4600 2118 4665 pellantM3
2144 4602 2166 4653 ?
2193 4602 2255 4654 At
2293 4606 2377 4657 cui
2417 4607 2638 4660 dubium
2672 4624 2790 4664 esse
2848 4626 3023 4680 pnzest
3069 4619 3328 4687 imagines
3359 4625 3429 4676 it:l

1851 4704 1946 4755 per
1985 4692 2165 4746 omnia
2203 4694 2424 4750 atTectas
2449 4715 2570 4753 esse
2602 4716 2874 4770 epertere,
2912 4709 3046 4763 sicut
3087 4712 3197 4780 ipsa
3235 4731 3432 4782 prota—

1852 4784 2021 4850 typa?
2060 4786 2132 4839 ita
2160 4789 2331 4853 enim,
2368 4807 2467 4845 nec
2498 4794 2656 4848 aliter
2708 4813 2928 4854 necesse
2962 4815 3042 4856 est
3077 4806 3193 4862 illas
3225 4827 3282 4863 se
3328 4813 3425 4865 ha-

1851 4874 1999 4929 bere.
2039 4877 2094 4930 Si
2131 4894 2260 4948 ergo
2290 4883 2469 4951 imago
2505 4902 2606 4939 non
2635 4891 2907 4955 subsistit,
2939 4911 3110 4963 neque
3145 4903 3431 4956 character

1855 4983 1951 5034 per
1979 4984 2038 5021 se
2078 4973 2326 5037 essistit;
2367 4987 2418 5026 et
2452 4977 2597 5029 illum
2630 4979 2802 5046 ipstttn
2841 5001 3074 5053 quoque,
3111 4992 3260 5059 cujus
3291 4996 3426 5047 iuta-

1851 5074 1917 5122 gn
1956 5059 2034 5112 rel
2088 5063 2375 5116 character
2421 5077 2526 5131 est,
2587 5085 2689 5122 non
2741 5075 3040 5132 subsistere
3087 5097 3343 5150 (ηιιιι-ιιιιε
3385 5093 3425 5141 si

1851 5150 2064 5208 quidem
2102 5153 2351 5218 imaginis
2387 5157 2572 5211 \‘itiutn
2606 5161 2659 5214 ιιι
2700 5162 2873 5232 ipsum
2927 5171 3276 5243 archetypum
3315 5196 3426 5231 tutt-

1847 5241 1975 5292 nitto
2009 5243 2292 5297 redundat.

1918 5329 2034 5385 XV.
2061 5332 2330 5388 l’t'aaterca
2365 5337 2471 5402 dic,
2508 5345 2721 5405 amabo,
2760 5363 2880 5402 cum
2915 5349 3192 5422 Philippus
3222 5359 3420 5415 Christi

1846 5422 2161 5491 discipulus,
2195 5425 2395 5491 Patris,
2431 5433 2520 5500 qui
2568 5446 2649 5488 cst
2677 5447 2728 5490 et
2758 5440 3029 5509 subsistit,
3059 5449 3272 5504 videndi
3301 5471 3423 5522 pcr-

1845 5513 2070 5581 eupidus
2099 5518 2276 5570 aiebat
2311 5536 2321 5571 ε
2363 5538 2378 5569 ι
2414 5521 2658 5591 Domine,
2700 5535 2926 5588 ostende
2973 5538 3127 5594 nobis
3183 5513 3417 5606 Patrem,

1841 5612 1893 5654 et
1925 5605 2116 5660 sutlieit
2149 5610 2301 5663 nobis
2324 5610 2402 5677 u;
2439 5633 2456 5664 ι
2492 5615 2754 5682 ejusmodi
2787 5632 3032 5683 contueri
3076 5633 3308 5701 volebat,
3331 5643 3418 5707 qui

1844 5711 2015 5765 neque
2048 5702 2354 5768 exsisteret,
2393 5723 2567 5779 neque
2613 5715 2971 5775 scbsisteret?
3002 5723 3135 5782 Puto
3165 5743 3294 5785 sane
3327 5702 3420 5788 nc-

3448 743 3462 785 ι
