4056 6334
629 359 761 413 “5'3

1593 357 1649 410 S.
1693 355 1965 412 CYRILLI
2007 358 2474 414 ALEXANDRINI
2514 359 2830 415 ARClllEP.

3722 361 3859 415 “56

623 472 820 524 minem
881 469 1139 534 futurum,
1189 471 1279 540 qui
1347 485 1448 523 non
1509 471 1772 540 intrepide
1843 475 2177 543 respondeat,

2288 476 2412 528 ὄντα
2448 493 2507 528 τε
2544 477 2637 529 καὶ
2673 474 3033 546 ὑφεστηκότα.
3069 476 3238 544 Εἴπερ
3281 469 3371 528 οὖν
3401 474 3516 526 ἐστι
3545 476 3606 526 τὸ
3638 477 3807 545 μηδὲν
3834 480 3861 530 6

623 562 766 615 illum
793 563 971 616 videre
997 563 1333 617 desiderasse
1377 561 1467 632 qui
1512 564 1800 619 exsisteret
1839 577 1892 620 et
1926 567 2189 623 subsiste-

623 663 722 706 ret.
776 652 830 707 Si
878 669 1026 718 ergo,
1069 655 1219 723 juxta
1249 653 1561 709 effrenatam
1613 655 1823 709 illorum
1882 659 2185 723 audaciam,

621 744 792 799 Filius
843 747 974 798 nihil
1033 756 1134 809 est,
1161 756 1219 799 ut
1278 747 1370 815 qui
1413 763 1514 801 non
1553 749 1846 815 subsistat;
1884 766 1982 803 cur
2025 751 2188 820 igitur

620 853 714 905 per
746 850 802 890 se
857 837 1048 903 ipsum,
1081 845 1139 889 ut
1179 837 1490 905 imaginem,
1528 838 1590 890 ad
1648 838 1824 892 Patris
1854 842 2182 910 agnitionem

619 927 885 980 adducere
917 942 1013 980 nos
1067 926 1280 981 voluit?
1330 929 1420 980 Ait
1450 929 1590 981 enim
1626 946 1639 981 :
1677 947 1695 976 α
1737 929 1912 984 Tanto
1948 942 2186 1000 tempore

616 1017 896 1071 vobiscum
925 1033 1066 1083 sum,
1102 1027 1283 1071 etnon
1318 1021 1613 1088 cognovisti
1650 1037 1754 1084 me,
1789 1021 2068 1092 Philippe?
2096 1026 2184 1092 qui

617 1107 758 1161 videt
798 1123 902 1172 me,
937 1109 1079 1161 videt
1111 1117 1164 1161 et
1194 1108 1425 1162 Patrem.
1461 1109 1572 1162 Non
1609 1114 1806 1176 credis,
1845 1115 1968 1180 quia
1999 1129 2098 1183 ego
2132 1116 2184 1169 in

617 1199 796 1264 Patre,
831 1212 884 1254 et
932 1199 1090 1254 Pater
1124 1201 1175 1254 in
1232 1216 1316 1254 me
1347 1213 1428 1255 est
1455 1203 1538 1256 "ll
1574 1204 1684 1272 Ego
1716 1216 1768 1258 et
1814 1206 1973 1260 Pater
2019 1224 2180 1261 unmn

617 1308 802 1345 sumus
823 1293 890 1344 “.
926 1313 945 1344 ι
977 1292 1114 1358 Jam,
1149 1304 1205 1346 ut
1231 1307 1327 1361 ego
1354 1295 1564 1362 opinor,
1604 1312 1758 1350 nemo
1786 1311 1904 1350 eum
1932 1299 2018 1365 qui
2051 1301 2182 1353 sub-

615 1385 776 1448 sistit,
795 1385 846 1437 in
874 1400 936 1439 eo
954 1386 1044 1452 qui
1063 1401 1166 1439 non
1187 1387 1448 1450 subsistit,
1477 1390 1652 1441 videre
1670 1401 1848 1458 queat.
1872 1389 1977 1444 Nec
2003 1392 2179 1460 aliqua

615 1490 828 1528 rursum
863 1476 1068 1530 ratione
1126 1477 1348 1546 intelligi
1408 1489 1603 1546 potest,
1629 1482 1898 1547 quomodo
1941 1482 2076 1534 idem
2111 1485 2182 1537 sit

612 1580 706 1632 per
727 1566 926 1628 omnia,
951 1568 1090 1634 quod
1121 1583 1223 1621 non
1261 1570 1496 1629 exsistit,
1531 1585 1650 1622 cum
1687 1585 1750 1622 co
1780 1573 2175 1638 quodcxsistit.

612 1657 889 1722 Quomodo
921 1673 1046 1712 vero
1077 1658 1235 1713 Pater
1261 1662 1364 1714 erit
1397 1662 1446 1713 in
1479 1661 1632 1722 Filio,
1665 1672 1720 1716 et
1744 1663 1910 1718 Filius
1939 1666 2174 1720 vicissim

613 1747 665 1798 in
715 1745 916 1800 Patre?
952 1749 1141 1800 Annon
1196 1751 1519 1817 respondere
1570 1751 1621 1803 in
1690 1765 1938 1821 promptu
1988 1765 2090 1818 est,
2129 1755 2172 1808 si

2293 569 2437 629 Υἱὸς,
2476 568 2569 621 ἀτε
2626 568 2690 636 δὴ
2717 567 2810 638 μὴ
2862 565 3204 636 ὑφεστηκὼς,
3251 566 3392 619 κατά
3426 583 3488 634 γε
3534 563 3595 616 τὸ
3637 567 3862 618 ἐκείνων

2290 660 2541 728 ἀχάλινον
2587 659 2806 730 Θράσος⁹
2836 660 2915 721 εἰς
2959 659 3140 712 εἰκόνα
3171 659 3266 712 καὶ
3298 659 3499 727 γνῶσιν
3528 659 3735 728 ἀκριϐῆ
3770 658 3858 711 τοῦ

2289 749 2500 819 Πατρὸς
2545 749 2734 802 ἑαυτὸν
2784 752 2914 819 ἡμῖν
2960 749 3186 801 ἀνθότου
3240 749 3602 821 παρεκόμιζε,
3646 749 3856 815 λέγων·

2293 859 2311 891 ι
2341 841 2604 895 Τοσοῦτον
2634 841 2821 910 χρόνον
2856 840 2974 909 μεθ’
3000 841 3156 912 ὑμῶν
3193 842 3328 910 είμι,
3357 842 3452 893 καὶ
3486 843 3587 895 οὑκ
3614 840 3861 908 ἔγνωκάς

2289 949 2378 1002 με,
2405 933 2664 998 Φίλιππε;
2701 936 2728 986 6
2757 932 3014 1005 ἑωρακὼς
3053 935 3174 1002 ἐμὲ,
3208 931 3420 1002 ἑώρακε
3465 933 3561 985 καὶ
3614 932 3706 984 τὸν
3755 933 3862 983 Πα-

2287 1022 2439 1093 τέρα.
2479 1025 2553 1076 Οὑ
2581 1025 2878 1088 πιστεύεις,
2908 1025 2990 1077 ὅτι
3021 1024 3130 1091 ὲγὼ
3159 1025 3217 1076 ὲν
3247 1023 3324 1094 τῷ
3368 1025 3544 1093 Πατρὶ
3569 1025 3666 1078 καὶ
3692 1027 3720 1076 6
3750 1025 3860 1076 Παο

2284 1115 2388 1185 τὴρ
2436 1116 2494 1168 ὲν
2543 1116 2664 1185 ἐμοί
2696 1117 2878 1179 ὲστιν;
2922 1115 3061 1183 Ἐγὼ
3089 1116 3181 1167 καὶ
3209 1116 3237 1166 6
3265 1116 3455 1184 Πατὴρ
3481 1118 3540 1168 ’ἐν
3572 1116 3748 1186 ἐσμεν
3780 1133 3795 1179 ;
3839 1135 3854 1165 ι

2297 1206 2435 1258 Ἀλλ’
2465 1207 2564 1258 οὑκ
2584 1207 2669 1268 ἂν,
2697 1202 2852 1274 οἶμαί
2875 1223 2999 1271 που,
3018 1206 3106 1258 τὸν
3125 1206 3464 1274 ὑφεστηκότα
3491 1203 3740 1274 καταθρή
3752 1206 3858 1256 σειέ

2282 1312 2366 1356 τις
2405 1294 2460 1345 ἔν
2493 1311 2556 1362 γε
2597 1295 2674 1363 τῷ
2705 1295 2779 1363 μὴ
2811 1294 3172 1362 ῡφεστηκότιο
3207 1294 3314 1345 οὐδ’
3355 1294 3420 1346 ἂν
3458 1295 3687 1346 ὲννοοῖτό
3726 1309 3857 1344 ποτε

2283 1385 2377 1436 καὶ
2409 1384 2604 1436 ταυτὸν
2631 1386 2709 1447 εἰς
2745 1385 2892 1438 ἅπαν
2919 1383 2996 1453 τῷ
3042 1384 3114 1454 μὴ
3163 1383 3459 1453 ὑπάρχοντι
3488 1385 3545 1435 16
3583 1384 3855 1452 ὑπάρχον.

2285 1476 2476 1526 Ἔσται
2507 1475 2562 1526 δὲ
2593 1475 2739 1536 ὅπως
2774 1476 2833 1526 ὲν
2862 1473 2976 1542 Υίῴ
3009 1475 3104 1542 μὲν
3135 1475 3162 1524 ὁ
3191 1474 3401 1542 Πατὴρ,
3427 1475 3454 1524 ό
3485 1473 3609 1534 Υἱὸς
3635 1472 3677 1522 δ’
3703 1467 3775 1522 αὖ
3802 1474 3857 1521 ἐν

2279 1565 2353 1634 τῷ
2385 1567 2586 1634 Πατρί;
2625 1567 2693 1616 Ἦ
2728 1565 2825 1633 οὑχ
2869 1565 3085 1634 ἕτοιμον
3118 1565 3311 1628 εἰπεῖν,
3345 1564 3418 1626 ὠς
3450 1567 3496 1616 εί
3534 1565 3606 1633 μή
3638 1567 3792 1614 ἐστιν
3830 1563 3857 1612 6

2280 1657 2447 1723 Λόγος
2492 1658 2546 1707 ὲν
2587 1655 2816 1724 ὑπάρξει
2845 1659 2908 1725 τῇ
2942 1654 3064 1707 καθ’
3094 1654 3304 1718 ἑαυτὸν,
3345 1655 3742 1706 κινδυνεύσειεν
3791 1653 3856 1705 ἂν

2278 1747 2370 1799 καὶ
2416 1747 2576 1808 αὐτὸς
2621 1749 2647 1798 ό
2696 1747 2906 1816 Πατὴρ,
2935 1747 3075 1815 ἔχων
3117 1746 3214 1815 μὲν
3261 1748 3318 1797 ἐν
3364 1746 3538 1815 ἐαυτῷ
3569 1746 3628 1797 τὸ
3655 1745 3854 1814 μηδὲν,

618 1834 842 1888 Verbum
877 1839 1088 1904 propria
1115 1839 1456 1892 subsistentia
1483 1842 1809 1906 destituitur,
1839 1844 2007 1911 ipsum
2042 1859 2173 1911 quo-

2280 1838 2563 1906 νοούμενος
2589 1837 2644 1888 δὲ
2674 1837 2935 1905 ὑπάρχειν
2971 1838 3027 1888 ἐν
3062 1837 3136 1905 τῷ
3169 1837 3384 1906 μηδενί;
3418 1837 3487 1888 Τὸ
3515 1837 3620 1906 γάρ
3653 1838 3761 1888 οὑκ
3795 1837 3856 1888 ὃν

611 1942 715 1995 que
754 1927 965 1981 Patrem
1023 1929 1071 1982 in
1104 1932 1391 1984 discrimen
1440 1932 1729 1986 adductum
1782 1935 1866 1994 iri,
1907 1944 1960 1987 ut
1995 1936 2083 2004 qui
2124 1936 2172 1989 id

612 2020 662 2070 in
692 2035 748 2072 se
779 2020 967 2073 habeat
994 2021 1138 2087 quod
1180 2021 1310 2078 nihil
1342 2033 1444 2085 est,
1479 2033 1638 2092 atque
1667 2026 1735 2076 ita
1765 2027 1813 2078 in
1841 2026 1984 2080 nullo
2021 2043 2174 2094 pror-

610 2124 702 2161 sus
745 2123 864 2161 csse
922 2109 1285 2177 intelligatur?
1311 2112 1442 2165 Nam
1480 2117 1619 2182 quod
1655 2118 1874 2169 omnino
1911 2133 2012 2169 non
2068 2129 2168 2180 est,

611 2198 660 2249 id
698 2199 960 2252 nihiICSsc
990 2201 1209 2268 intelligi
1238 2203 1413 2257 debet.
1443 2205 1577 2258 Sunt
1615 2222 1745 2259 sane
1780 2208 1964 2262 istlunc
1996 2211 2171 2261 omnia

609 2289 1000 2356 spinosissima,
1055 2295 1344 2362 nmltisque
1391 2307 1442 2349 et
1493 2301 1700 2365 magnis
1755 2301 2172 2354 absurditatibns

610 2378 783 2444 plena.
822 2379 1017 2431 Verum
1068 2383 1497 2438 adversariorum
1539 2387 1730 2456 dogma
1766 2389 1815 2439 in
1857 2392 2032 2440 omnia
2062 2393 2172 2443 hmo

610 2469 838 2521 absurda
895 2480 1070 2536 urget.
1134 2469 1263 2525 Jure
1329 2492 1459 2530 sane
1517 2480 1817 2545 meritoque
1874 2481 2172 2534 admiretur

607 2562 896 2630 quispiam,
927 2579 1030 2632 qua
1081 2567 1289 2620 ratione
1345 2566 1504 2619 Pater
1538 2569 1714 2619 omnia
1757 2584 1874 2637 qurc
1911 2571 1961 2622 in
1993 2586 2169 2622 rcrmn

611 2652 710 2703 hac
745 2654 1091 2707 universitate
1133 2668 1447 2722 cernuntur,
1484 2675 1577 2724 per
1607 2656 1799 2710 Filium
1842 2661 2171 2724 condiderit,

607 2739 650 2790 si
711 2741 906 2793 nullam
969 2743 1055 2795 ille
1136 2760 1367 2812 unquam
1428 2746 1647 2800 sortitus
1709 2758 1792 2800 est
1848 2751 2173 2819 hypostasin.

612 2830 714 2901 14
744 2831 890 2896 Quod
925 2833 968 2884 si
999 2833 1118 2901 quis
1156 2835 1533 2902 interrogetur,
1569 2849 1746 2890 utrum
1788 2840 1854 2893 iis
1889 2855 2006 2907 qua:
2030 2850 2171 2905 sunt,

606 2939 723 2974 esse
749 2924 810 2974 sit
841 2925 1055 2988 bonum,
1076 2940 1141 2977 an
1178 2923 1316 2978 forte
1345 2942 1449 2979 non
1472 2943 1611 2991 csse,
1639 2930 1820 2982 statim
1851 2930 1987 2982 haud
2021 2932 2176 2984 dubie

609 3015 953 3080 respondebit
1003 3017 1172 3070 satius
1217 3033 1337 3072 esse
1365 3018 1627 3074 exsistere
1693 3035 1854 3088 quam
1899 3037 2001 3074 non
2037 3023 2178 3074 exsi-

608 3115 774 3169 stere,
795 3106 933 3160 unde
961 3106 1137 3176 opifex
1164 3108 1252 3162 ille
1291 3124 1495 3173 rerum,
1518 3111 1607 3180 qui
1636 3111 1739 3166 illis
1756 3128 1873 3181 quae
1892 3113 2174 3182 aliquando

2277 1930 2432 1992 ὅλως,
2464 1929 2613 1980 οὐδὲν
2647 1929 2710 1980 ἂν
2739 1931 2908 1981 νοοῖτο
2942 1914 3146 1981 λοιπόν.
3181 1929 3289 1979 Καὶ
3338 1929 3436 1980 οὑκ
3469 1929 3703 1998 ἀτραχυς
3746 1928 3853 1998 μὲν

2275 2022 2303 2072 ό
2335 2022 2485 2086 λόγος
2506 2035 2518 2046 ·
2560 2020 2817 2088 πλείστην
2843 2019 2948 2088 γὰρ
2978 2019 3108 2086 ὅσην
3159 2020 3215 2070 ὲν
3266 2019 3439 2088 ἑαυτῷ
3470 2020 3567 2088 τὴν
3612 2020 3853 2073 ἀτοπίαν

2276 2117 2440 2163 νοσεῖ·
2479 2112 2822 2180 περιίστησιν
2864 2106 2954 2162 οὖν
3001 2110 3148 2180 ὅμως
3183 2112 3262 2172 εἰς
3292 2109 3349 2162 16
3382 2111 3586 2179 ἀπηχὲς
3623 2111 3733 2161 τῶν
3770 2111 3854 2162 δι’

2276 2202 2520 2263 ἐναντίας
2553 2203 2614 2253 16
2646 2203 2838 2270 δόγμα.
2874 2200 3255 2270 Κατατεθήποι
3289 2201 3330 2252 δ’
3362 2201 3425 2254 ἄν
3467 2218 3548 2264 τις
3592 2201 3850 2264 εἰκότως,

2275 2293 2393 2345 τίνα
2422 2292 2484 2361 δὴ
2518 2293 2715 2362 τρόπον
2764 2294 2821 2342 ἐν
2856 2289 2932 2359 τῷ
2963 2289 3072 2359 Υίῴ
3106 2289 3182 2359 τῷ
3229 2289 3303 2359 μὴ
3333 2289 3550 2359 ὶαχόντι
3588 2288 3648 2341 τό
3677 2285 3849 2351 εἶναι,

2273 2385 2342 2436 τὰ
2390 2385 2515 2436 ὅντα
2564 2384 2862 2451 πεποίηκεν
2909 2383 2937 2432 6
2989 2383 3194 2450 Πατήρ.
3241 2382 3300 2432 El
3336 2381 3390 2432 δὲ
3428 2379 3490 2450 δή
3527 2397 3605 2443 τις
3639 2379 3848 2450 ἔροιτο,

2275 2477 2477 2545 πότερα
2506 2478 2616 2536 τοῖς
2653 2471 2770 2526 οὖσι
2797 2473 2857 2524 τὸ
2889 2469 3024 2524 εἶναι
3047 2471 3230 2533 καλὸν,
3266 2471 3298 2538 ἢ
3333 2470 3465 2537 γοῦν
3502 2471 3561 2523 16
3593 2471 3666 2538 μὴ
3699 2466 3850 2523 εἶναι

2274 2565 2432 2630 τυχόν
2455 2576 2470 2590 ο
2504 2563 2637 2629 φαίη
2683 2577 2765 2622 τις
2803 2560 2867 2610 ἂν
2902 2559 3081 2620 εὐθὺς.
3117 2559 3196 2610 ὅτι
3229 2560 3290 2608 τὸ
3326 2555 3557 2610 εἷναι.’0
3585 2560 3690 2628 γάρ
3729 2561 3853 2622 τοῖς

2275 2654 2373 2706 οὑκ
2419 2649 2535 2704 οὖδί
2583 2669 2710 2703 ποτε
2762 2652 2820 2703 τὸ
2867 2646 3005 2703 εἶναι
3056 2649 3199 2712 δοὺς,
3232 2647 3436 2715 ἀγαθὸς
3479 2649 3562 2700 ὅτι
3612 2651 3851 2719 μάλιστα

2277 2743 2648 2813 κεχρημάτικέ
2699 2761 2755 2794 τε
2789 2744 2881 2794 καὶ
2926 2742 3071 2794 ἐστιν
3119 2742 3146 2792 6
3188 2741 3564 2810 Δημιουργός·
3596 2742 3706 2811 ἒχοι
3737 2743 3852 2811 γὰρ

2278 2837 2341 2889 ἂν
2387 2831 2485 2889 ὧδε
2521 2837 2580 2888 16
2613 2837 2800 2906 χρῆμα
2831 2839 2896 2906 τῇ
2925 2836 3102 2904 φύσει.
3135 2835 3343 2887 Οὐκοῦν
3386 2837 3443 2888 ἐν
3483 2837 3766 2904 ἀμείνοσιν
3817 2838 3849 2905 ή

2277 2927 2466 2987 κτίσις,
2499 2927 2638 2996 ἥπερ
2667 2929 2693 2979 6
2719 2926 2784 2977 δι’
2811 2921 2870 2979 οὗ
2899 2927 2966 2978 τὰ
2996 2927 3170 2978 πάντα
3206 2926 3461 2996 παρήχθη
3510 2926 3645 2996 πρὸς
3693 2927 3852 2992 γένε-

2280 3034 2359 3068 σιν
2381 3033 2392 3045 ·
2431 3019 2455 3068 ὁ
2489 3017 2586 3086 μὲν
2630 3017 2736 3086 γὰρ
2767 3018 2862 3085 οὑχ
2894 3017 3256 3084 ὑφεστηκέναι
3287 3018 3524 3085 λέγεται,
3558 3018 3625 3070 τά
3652 3019 3706 3070 δὲ
3741 3019 3849 3085 ὑφ-

2278 3108 2494 3176 έστηκε,
2537 3111 2626 3160 καί⁶
2655 3110 2712 3158 ἐν
2745 3107 2820 3176 τῷ
2853 3104 2987 3160 εἶναι
3015 3109 3306 3160 νοεῖται.“Ω
3336 3109 3434 3177 τῆς
3475 3111 3585 3162 τῶν
3630 3110 3850 3163 ἐννοιῶν

609 3210 713 3249 non
744 3207 921 3262 erant,
949 3213 1070 3253 esse
1094 3198 1402 3269 impertitus
1441 3211 1543 3268 est,
1575 3203 1811 3270 optimus
1853 3204 2168 3273 appellatur,

2280 3199 2502 3259 ἀτοπίας
2528 3201 2539 3251 !
2582 3200 2760 3266 ἄπαγε
2786 3202 2883 3268 τῆς
2915 3199 3254 3269 δυσφημίαςῐ
3299 3219 3315 3250 ι
3348 3176 3464 3253 Ζῶν
3493 3201 3602 3273 γὰρ
3625 3203 3654 3254 6
3677 3201 3852 3268 Λόγος

609 3296 662 3338 et
691 3298 792 3340 est.
816 3287 967 3353 Quod
1007 3289 1052 3344 si
1100 3289 1168 3343 ita
1214 3307 1298 3347 res
1344 3293 1522 3358 habet,
1566 3303 1623 3347 ut
1686 3295 1929 3363 profecto
1988 3296 2171 3360 habet,

609 3381 982 3446 consequitur,
1020 3393 1076 3434 ut.
1133 3383 1339 3437 meliori
1400 3386 1709 3439 conditione
1747 3386 1853 3439 sint
1888 3395 2172 3451 creaturae,

609 3486 768 3538 quam
812 3473 900 3527 ille
933 3474 1065 3542 ipse,
1094 3490 1189 3543 per
1220 3490 1380 3544 quem
1408 3477 1588 3531 omnia
1612 3489 1795 3532 creata
1826 3486 1984 3531 sunt:
2011 3493 2178 3546 quan-

611 3563 895 3630 doquidem
940 3566 985 3617 is
1009 3566 1301 3620 subsistere
1325 3577 1573 3635 negatur,
1608 3568 1694 3622 illa
1728 3582 1854 3622 vero
1879 3569 2179 3622 subsistunt

615 3657 996 3724 propriamque
1030 3668 1276 3713 naturam
1305 3661 1496 3714 sortita
1553 3671 1967 3730 cognoscuntur.
2003 3660 2047 3714 Ο
2072 3661 2168 3714 ah-

614 3745 804 3800 surdas
859 3750 1242 3816 cogitationes!
1283 3751 1530 3806 facessite
1560 3767 1682 3806 cum
1736 3752 1857 3806 istis
1889 3759 2171 3804 contume-

613 3834 762 3888 liosis
813 3839 1058 3892 vocibus.
1093 3858 1110 3890 ι
1151 3839 1343 3894 Vivum
1393 3851 1477 3895 est
1516 3843 1656 3895 enim
1704 3841 1796 3895 Dei
1836 3840 2096 3900 Verbum,
2122 3849 2175 3892 et

610 3923 816 3987 efﬁcax,
857 3946 874 3978 ι
903 3937 956 3979 ιιι
981 3929 1239 3995 scriptum
1279 3943 1359 3984 est
1384 3932 1445 3985 ⁵⁷.
1488 3933 1664 3996 Quare
1714 3943 1767 3984 et
1817 3932 1931 3998 ipse
1957 3946 2172 3999 quoque

613 4012 869 4068 Dominus
893 4017 1118 4070 aiebat':
1159 4034 1178 4067 ι
1222 4019 1329 4081 Ego
1359 4033 1475 4067 sum
1503 4019 1607 4069 vita
1639 4018 1704 4069 ⁵⁸.
1741 4035 1759 4067 ι
1799 4015 1964 4084 Atqui
1997 4016 2039 4067 si
2066 4030 2169 4068 non

610 4103 875 4165 subsistit,
916 4105 1185 4170 quomodo
1248 4105 1350 4158 vita
1395 4106 1498 4159 dici
1549 4117 1641 4159 aut
1694 4108 1918 4176 cogitari
1948 4107 2175 4176 potest?

2273 3291 2365 3342 τοῦ
2395 3289 2549 3355 Θεοῦ,
2583 3292 2674 3343 καὶ
2704 3292 2951 3360 ἐνεργὴς,
2976 3311 2994 3340 ι
3022 3292 3163 3344 καθά
3191 3293 3520 3363 γέγραπται.
3555 3292 3850 3363 Τοιγάρτοι

2276 3383 2365 3434 καὶ
2398 3382 2651 3450 ξ’ςασκεν·
2683 3402 2699 3432 ι
2725 3383 2862 3450 Ἑγὼ
2893 3386 3005 3454 ειμι
3034 3385 3066 3454 ἡ
3097 3383 3232 3454 ζωή.
3261 3403 3280 3435 ι
3304 3384 3559 3437 Ἀλλόὺκ
3589 3384 3654 3437 ἂν
3678 3388 3852 3437 νοοῖτο

2277 3471 2408 3540 ζωὴ,
2453 3471 2526 3543 μὴ
2563 3471 2909 3540 ὑφεστηκώς·
2947 3472 3060 3542 ζωὴ
3107 3473 3162 3525 δέ
3202 3475 3316 3526 ἐστι
3347 3473 3489 3526 κατὰ
3514 3473 3701 3543 φύσιν·
3737 3473 3852 3527 δια-

2275 3560 2532 3628 ψεὺσεται
2560 3560 2664 3630 γὰρ
2700 3561 2966 3630 οὐδαμῶς.
3000 3562 3071 3613 Τὸ
3101 3561 3208 3630 ἄρα
3245 3561 3318 3632 μὴ
3348 3563 3643 3630 ὑφεστάναι
3670 3561 3866 3632 λέγειν.

2277 3651 2366 3702 16v
2401 3653 2463 3703 ἐκ
2497 3652 2630 3702 Θεοῦ
2666 3654 2937 3721 πεφηνότα
2966 3653 3157 3719 Λόγον,
3182 3653 3574 3723 ψευδηγόρημα
3625 3654 3850 3724 σαθρὸν,

2277 3749 2370 3799 καὶ
2416 3749 2610 3817 φρενὸς
2657 3749 2987 3817 ἀπόδρασμα
3028 3750 3124 3816 τῆς
3172 3748 3483 3810 λιθώδουςι.
3513 3750 3707 3802 Μωσεῖ
3742 3750 3852 3818 γὰρ

2277 3838 2510 3905 ἔφασκεν
2543 3840 2700 3901 αὑτός
2726 3856 2736 3866 ·
2775 3859 2790 3888 ι
2816 3838 2956 3902 Ἐγώ
2987 3840 3102 3905 εἰμι
3129 3840 3155 3890 6
3189 3839 3282 3892 ὢν.
3311 3858 3327 3888 ι
3359 3839 3429 3890 T6
3456 3839 3511 3891 δὲ
3539 3838 3598 3890 ὃν
3631 3840 3850 3909 ἀληθῶς

2278 3933 2333 3978 ὲν
2381 3929 2670 3976 ὑποστάσει
2719 3931 2783 3992 τῇ
2835 3929 2955 3976 καθ’
3011 3925 3172 3977 ἑαυτὸ
3228 3927 3559 3993 σωζόμενον,
3617 3931 3735 3990 πῶς
3786 3931 3850 3980 ἂν

2277 4015 2448 4067 νοοῖτό
2477 4032 2603 4066 ποτε
2641 4014 2712 4083 μὴ
2746 4015 3085 4084 ὑφεστηκόςς
3119 4006 3327 4068 Οὐκοῦν
3353 4016 3458 4091 τῶν
3485 4018 3610 4086 τῇδε
3653 4020 3852 4088 διειλη-

2281 4107 2454 4173 φότων
2487 4105 2849 4176 καθοριοῦμεν
2885 4106 3108 4169 εἰκότως
3139 4107 3198 4158 16
3223 4109 3302 4169 είς
3332 4109 3498 4177 ἀκρον
3535 4109 3772 4177 ἀμαθές.

614 4193 703 4246 Est
732 4206 907 4247 autem
938 4199 1040 4248 vita
1083 4209 1267 4266 suapte
1315 4210 1528 4264 natura,
1581 4200 1726 4253 nullo
1753 4201 1894 4252 enim
1937 4195 2091 4268 pacto
2135 4199 2407 4251 mentitur.
2455 4197 2605 4251 Unde
2647 4200 2954 4267 quicunque
2998 4197 3254 4264 Verbum,
3307 4201 3446 4268 quod
3485 4216 3550 4254 ex
3592 4202 3706 4256 Deo
3753 4219 3850 4255 na-

612 4295 721 4338 tmn
749 4289 1219 4350 est,su!)sisteutia
1243 4290 1496 4360 spoliant,
1536 4291 1607 4344 illi
1637 4292 1978 4345 mendacium
2047 4289 2202 4358 longe
2279 4288 2677 4356 putidissimutn
2736 4288 3007 4354 effutiunt,
3062 4289 3640 4358 stolidissimarumque
3691 4309 3847 4344 men-

613 4377 742 4429 timn
773 4378 960 4431 sordes
988 4389 1265 4433 evomunt.
1293 4380 1372 4433 Ad
1406 4379 1618 4451 Moysen
1675 4381 1817 4434 enim
1856 4383 2027 4449 ipsum
2062 4380 2170 4430 ait:
2221 4395 2238 4426 ι
2272 4376 2380 4445 Ego
2440 4392 2555 4430 sum
2615 4377 2702 4445 qui
2762 4394 2878 4431 sum
2915 4377 2980 4430 ⁸⁹.
3020 4396 3037 4428 ›
3072 4377 3224 4442 Quod
3265 4386 3444 4432 autem
3479 4393 3607 4432 vere
3653 4395 3751 4446 per
3791 4397 3849 4434 se

611 4480 713 4533 est,
773 4469 1040 4537 quomodo
1079 4471 1129 4522 id
1176 4471 1390 4540 pr0pria
1445 4471 1794 4526 subsistentia
1853 4471 2169 4525 deSIitutum
2212 4467 2441 4533 confingi
2509 4483 2649 4535 quan
2675 4469 2828 4537 loque
2852 4468 3198 4538 petestll‘los
3230 4470 3412 4538 itaque
3448 4469 3541 4538 qui
3613 4471 3686 4524 ita
3721 4487 3851 4524 sen-

613 4566 768 4626 tiunt,
805 4564 927 4632 jure
982 4579 1204 4618 summa:
1249 4565 1528 4635 cujusdam
1576 4567 1805 4620 inscitia:
1848 4563 2347 4620 condemnabimus.

679 4656 818 4711 XVI.
859 4659 964 4714 Sed
994 4674 1164 4726 neque
1190 4658 1307 4713 illos
1332 4674 1562 4728 quoque,
1593 4674 1688 4713 uos
1714 4660 1802 4728 qui
1837 4658 2019 4712 sedula
2047 4657 2168 4710 dili-
2205 4663 2245 4713 ι)

612 4749 865 4818 gentique
895 4750 1308 4817 investigatione
1335 4750 1616 4802 veritatem
1664 4748 1936 4816 inquirere
1985 4746 2175 4799 didici-

612 4856 755 4904 mus,
803 4839 958 4894 facile
1012 4839 1534 4903 commendabimus,
1589 4839 1679 4907 qui
1723 4853 1939 4892 carnem
1998 4836 2176 4890 Verbo

615 4930 818 4982 unitam
846 4930 1022 4982 anima
1048 4930 1271 4984 rationis
1299 4930 1557 5000 participe
1578 4928 1888 4983 destitutam
1907 4929 2177 4991 arbitrati,

615 5018 849 5070 Verbum
913 5032 1095 5082 carne,
1127 5033 1244 5086 quae
1290 5019 1511 5072 vitalem
1568 5029 1770 5072 tantum
1820 5028 1874 5072 et
1926 5019 2177 5072 sensilem

615 5112 902 5163 motionem
931 5111 1120 5162 sortita
1157 5110 1245 5172 sit,
1281 5108 1523 5163 indutum
1577 5110 1926 5163 introducunt
1960 5129 1972 5162 :
2011 5119 2177 5162 totam

615 5215 742 5253 vero
770 5200 961 5252 mentis
979 5209 1031 5252 et
1054 5199 1401 5268 intelligentis
1436 5201 1626 5253 anima:
1657 5201 1770 5252 vim
1791 5201 2175 5270 energiamque

619 5291 902 5361 Unigeuito
934 5292 1266 5356 attribuunt;
1314 5292 1470 5346 fateri
1505 5293 1672 5356 enim,
1697 5295 1879 5348 nescio
1907 5293 2176 5363 quomodo

683 5448 729 5479 "
766 5445 922 5501 Joan.
947 5464 1056 5514 xw,
1092 5449 1144 5502 9.
1220 5448 1263 5478 “
1301 5447 1453 5506 Joan.
1490 5463 1545 5513 x,
1577 5448 1662 5502 30.

1766 5450 1808 5479 ’⁸⁷
1854 5448 2015 5503 llebr.
2049 5465 2118 5511 tv,
2156 5449 2241 5504 12.

2342 4655 2455 4720 ις’.
2499 4652 2577 4705 Ui)
2610 4655 2713 4724 μὴν
2735 4656 2761 4694 b
2793 4657 2913 4709 οὑδὲ
2937 4657 3175 4719 ἐκείνους
3207 4659 3588 4728 ἐπαινέσομεν,
3631 4659 3851 4730 φιλοθη-

2285 4749 2396 4815 ρεῖν
2430 4742 2487 4798 εὖ
2533 4747 2675 4816 μάλα
2705 4747 3069 4814 δεδιδαγμένοι
3114 4749 3175 4800 τὸ
3217 4748 3433 4816 ἀληθὲς,
3482 4749 3530 4800 οἳ
3579 4753 3848 4818 τητᾶσθαι

2282 4839 2495 4907 λέγουσι
2556 4841 2728 4910 ψυχῆς
2791 4841 3010 4910 λογικῆς
3064 4842 3162 4912 τὴν
3213 4842 3501 4893 ὲνωθεῖσαν
3553 4843 3635 4911 τῷ
3692 4845 3851 4914 Λόγῳ

2286 4932 2483 5001 σάρκα.
2513 4932 2684 5000 Σαρκὶ
2734 4922 2840 4999 γάρ
2886 4948 2985 4983 που
3035 4933 3200 5001 μόνην
3247 4931 3345 5001 τὴν
3389 4931 3628 5002 ζωτικὴν
3667 4952 3724 4986 τε
3759 4939 3853 4987 καὶ

2282 5021 2601 5092 αἰσθητικὴν
2629 5022 2867 5091 λαχούσῃ
2890 5022 3101 5091 κίνησιν
3129 5025 3519 5091 ἀμφιεννύντες
3540 5024 3632 5076 τὸν
3658 5027 3850 5093 Λόγον,

2282 5115 2688 5183 παραφέρουσιν
2717 5116 2792 5174 εἰς
2825 5116 3050 5182 κόσμον,
3081 5115 3179 5182 τὴν
3216 5114 3306 5165 νοῦ
3339 5116 3434 5167 καὶ
3469 5114 3651 5185 ψυχῆς
3701 5118 3856 5187 ἐνέρ.

2281 5221 2436 5270 γειαν
2486 5204 2845 5272 ἀπονέμοντες
2893 5205 2970 5273 τῷ
3032 5207 3341 5273 Μονογενεῖ.
3392 5207 3856 5277 Καταπεςερίκασι

2281 5293 2410 5364 γὰρ,
2449 5294 2546 5347 οὑκ
2575 5292 2668 5347 οἷδ’
2702 5296 2868 5359 ὅπως,
2900 5296 3214 5367 ψυχωθείσῃ
3265 5297 3454 5367 λογικῇ
3480 5299 3628 5368 ψυχῇ
3661 5303 3724 5369 τῇ
3761 5303 3854 5353 ἀν-

2319 5449 2362 5480 ⁸⁸
2403 5448 2555 5505 Joan.
2591 5466 2699 5516 xw,
2729 5449 2781 5502 6.
2861 5451 2904 5480 δ’
2947 5451 3115 5506 Exod.
3154 5470 3234 5519 ιιι,
3269 5453 3356 5508 14.

1713 5605 1879 5660 Varia:
1915 5606 2167 5659 lectiones
2201 5605 2400 5660 codicis
2432 5604 2782 5677 Seguieriani.

688 5724 716 5754 ⁸
753 5722 1128 5796 ἠλιθιωτάτης.

1207 5723 1234 5763 δ
1266 5723 1479 5779 οὑκοῦν.
