4056 6334
134 374 256 429 1157

1051 371 1137 424 DE
1175 368 1398 424 RECTA
1443 370 1617 436 FIDE,
1661 371 1751 423 AD
1794 369 2235 425 TllEODOSlUM
2276 368 2412 425 IMP.

3211 373 3347 429 H58

132 489 362 562 Ορωπίνῃ
422 495 586 559 σαρκὶ
646 497 786 541 κατα
841 497 1000 557 φυσιν
1065 488 1302 558 ἡνῶσθαι
1363 489 1452 540 τὸν
1512 490 1681 554 Λόγον

1800 495 2062 552 terentur,
2085 487 2315 540 Verbum
2340 488 2488 541 carni
2524 487 2786 550 humanae,
2817 485 2993 540 anima
3021 485 3350 556 intelligente

131 582 392 650 ἐμολογεῖν
414 595 427 608 ’
466 584 563 650 τῆς
616 579 714 649 μὲν
747 579 951 631 ἄνωθέν
981 596 1040 631 τε
1073 581 1165 632 καὶ
1195 578 1679 647 ἀρχαιοτάτης-πί-

133 689 287 734 στεως
345 673 441 741 τὴν
493 672 787 740 παράδοσιν
842 671 1018 738 ὀλίγου
1081 670 1356 732 παντελῶς
1408 670 1681 732 ἀξιοῦντες

131 765 294 828 λόγου,
328 763 542 830 θελήσει
590 762 645 813 δὲ
696 762 830 834 μόνῃ
881 766 944 832 τῇ
981 761 1120 814 κατά
1169 763 1308 829 σφᾶς
1354 762 1548 822 αὐτοὺς
1592 766 1683 813 καὶ

131 855 231 915 τοῖς
280 851 638 920 ἀνθρωπίνοις
688 853 796 904 δεῖν
846 853 1074 906 ἕπεσθαι
1123 851 1423 919 λογισμοῖς,
1454 851 1682 918 ἀμαθῶς

132 945 404 1011 ᾑρημένοι,
431 944 524 994 καὶ
547 940 863 1012 φρονοῦντες
888 942 1101 1012 ἀληθῶς
1129 942 1257 1010 παρ’
1291 940 1318 992 ὃ
1347 941 1425 992 δεῖ
1445 944 1680 1011 φρονεῖν.

133 1037 230 1088 Καὶ
277 1037 357 1098 τίς
390 1039 416 1088 ό
461 1036 614 1103 λόγος
647 1036 828 1098 αὐτοῖς
861 1034 952 1087 τοῦ
1000 1033 1204 1086 τοιοῦδε
1248 1033 1534 1102 δόγματος,
1576 1032 1685 1100 ἐγὼ

134 1129 328 1198 φράσω.
359 1129 462 1181 Τὸν
494 1128 628 1181 Θεοῦ
664 1129 888 1198 μεσίτην
917 1128 1011 1180 καὶ
1041 1126 1362 1198 ἀνθρώπιον,
1401 1128 1538 1179 κατὰ
1587 1126 1685 1189 τὰς

133 1220 360 1289 Γραφάς,
395 1220 711 1288 συγκεῖσθαί
755 1237 933 1290 φαμεν
966 1219 1028 1271 ἔκ
1058 1236 1115 1271 τε
1149 1218 1244 1288 τῆς
1280 1219 1399 1270 καθ’
1429 1220 1576 1288 ἡμᾶς
1593 1220 1686 1271 ἀν-

134 1313 467 1382 θρωπότητος
506 1312 723 1373 τελείως
752 1311 982 1381 ἐχούσης
1015 1310 1157 1363 κατά
1205 1311 1293 1362 τὸν
1329 1310 1457 1363 ἴδιον
1506 1311 1682 1377 λόγον,

135 1406 218 1456 καὶ
263 1407 322 1456 ὲκ
374 1403 467 1456 τοῦ
526 1404 824 1472 πεφηνότος
873 1403 938 1454 ὲκ
985 1401 1119 1453 Θεοῦ
1169 1401 1307 1454 κατὰ
1339 1403 1497 1469 φύσιν
1532 1401 1684 1465 Υίοῦ,

135 1495 360 1548 τουτέστι
385 1495 479 1546 τοῦ
508 1493 862 1561 Μονογενοῦς.
897 1494 1358 1562 Διαδεϐαιούμεθα
1390 1495 1443 1546 δὲ
1476 1494 1688 1547 σύνοδον

137 1587 226 1655 μέν
255 1604 388 1650 τινα,
421 1587 514 1638 καὶ
556 1586 652 1654 τὴν
700 1586 836 1654 ὑπὲρ
869 1586 1024 1650 λόγον
1048 1586 1370 1654 συνδρομὴν,
1398 1588 1474 1648 είς
1498 1586 1688 1637 ἕνωσιν

135 1681 319 1732 ἀνίσων
359 1695 418 1730 τε
456 1677 547 1730 καὶ
576 1677 838 1745 ἀνομοίων
868 1677 1179 1746 πεπρᾶχθαι
1219 1677 1594 1745 φύσεων.⁹Ενα
1633 1679 1690 1730 δ’

135 1766 218 1821 οῦν
265 1769 410 1836 ὅμως
478 1765 732 1836 Χριστὸν,
775 1768 867 1818 καὶ
913 1767 1113 1837 Κύριον
1152 1768 1375 1836 Ἰησοῦν,
1417 1768 1506 1819 καὶ
1563 1769 1688 1820 Υίὸν

1788 580 2023 648 perfecte
2073 586 2127 632 et
2170 579 2453 633 informate
2499 578 2790 634 secundum
2839 587 3087 632 naturam
3143 580 3349 633 unitum

1786 685 1925 724 esse.
1964 669 2183 734 Verum,
2216 671 2341 723 dum
2395 672 2465 723 ita
2519 670 2982 738 philosophantur,
3008 669 3238 737 antiqua:
3300 679 3351 723 et

1788 762 1910 814 olim
1948 761 2157 814 traditae
2207 761 2327 813 ﬁdei
2381 760 2642 813 rationem
2697 760 2918 814 omnino
2965 759 3262 829 negligunt,
3296 769 3352 813 et

1790 856 2079 906 voluntatis
2109 868 2219 906 sum
2244 853 2442 920 judicio
2468 852 2602 905 male
2646 868 2776 906 sano
2806 855 2891 930 (ιιι
2918 852 3056 920 quod
3089 853 3352 906 humanas

1792 953 1995 996 tantum
2020 945 2254 998 rationes
2291 954 2340 997 et
2385 943 2718 1011 conjecturas
2754 945 2904 1013 sequi
2942 943 3145 1009 soleat)
3190 954 3353 1010 prave

1793 1035 1978 1098 innixi,
2012 1050 2167 1088 secus
2217 1051 2378 1104 quam
2427 1050 2610 1087 revera
2667 1044 2998 1104 oportuerat,
3046 1037 3260 1102 sapiunt
3299 1043 3354 1086 et

1791 1131 2046 1181 sentiunt.
2080 1128 2144 1179 Et
2178 1142 2448 1194 qmenam,
2475 1125 2722 1188 obsecro,
2761 1126 3024 1194 dogmatis
3067 1125 3224 1193 hujus
3271 1131 3356 1176 est

1793 1219 1964 1272 ratio?
1999 1219 2199 1272 Dicam.
2257 1217 2605 1271 Mediatorcm
2651 1216 2740 1270 Dei
2769 1227 2822 1270 et
2853 1218 3126 1271 hominum
3159 1216 3225 1280 '°,
3253 1216 3354 1268 hoc

1791 1321 1874 1364 est
1904 1311 2200 1374 Christum,
2230 1327 2294 1364 ex
2328 1310 2661 1363 humanitate
2710 1308 2948 1361 numeris
2987 1308 3237 1361 omnibus
3269 1320 3356 1358 se-

1793 1403 2023 1454 cundum
2069 1405 2337 1469 propriam
2395 1402 2655 1456 rationem
2718 1404 2952 1468 perlecta
3009 1409 3062 1452 et
3111 1398 3354 1452 absoluta

1796 1492 2131 1559 naturalique
2179 1493 2268 1544 Dei
2306 1492 2463 1557 Filio,
2510 1494 2608 1546 hoc
2650 1501 2730 1544 est
2763 1489 3070 1559 Unigenito,
3095 1490 3356 1542 constitu-

1798 1595 1932 1644 tum,
1972 1584 2267 1652 Scripturis
2303 1584 2683 1638 convenienter
2712 1585 3082 1652 praedicamus.
3112 1579 3359 1633 Allirnta-

1797 1690 1915 1728 mus
1953 1683 2132 1727 autem
2161 1685 2379 1727 naturas
2405 1676 2667 1743 dispares,
2696 1689 2758 1727 ac
2785 1674 2924 1726 inter
2963 1686 3021 1725 se
3047 1670 3355 1733 dissimiles,

1797 1769 2027 1834 quadam
2083 1768 2317 1821 coitione
2364 1776 2414 1820 et
2458 1781 2720 1819 concursu
2751 1767 2838 1834 qui
2889 1764 3067 1817 verbis
3101 1764 3358 1832 explicari

136 1859 484 1928 ὀνομάζεσθαι
541 1859 992 1927 ἐπιγινώσκομεν,
1031 1861 1087 1909 ἐν
1145 1859 1327 1928 ταυτῷ
1374 1861 1466 1911 καὶ
1522 1860 1694 1929 ὑπάρ-

1800 1875 1900 1910 ηοιι
1933 1867 2129 1926 potest,
2157 1859 2206 1909 in
2236 1872 2399 1910 unum
2431 1857 2769 1910 convenisse.
2796 1855 3152 1924 Agnoscimus
3183 1863 3358 1907 tamen

136 1969 304 2021 χοντα,
338 1952 432 2003 καὶ
481 1950 766 2018 νοούμενον
811 1950 943 2002 Θεόν
987 1967 1044 2002 τε
1093 1948 1228 2018 ὁμοῦ
1261 1951 1352 2001 καὶ
1387 1950 1690 2020 ἄνθρωπον.

148 2044 524 2113 ’Λδεάσπαστον
562 2043 617 2093 δὲ
657 2041 936 2102 παντελῶς
965 2040 1061 2109 τὴν
1093 2042 1284 2094 ἕνωσιν
1313 2042 1586 2111 διατηρεῖν
1615 2045 1694 2101 εἰ·

138 2132 376 2201 θίσμεθα,
407 2132 497 2184 τὸν
526 2131 687 2184 αὑτὸν
723 2127 860 2183 εἶναι
895 2131 986 2184 καὶ
1017 2132 1299 2200 Μονογενῆ
1327 2133 1694 2195 πιστεύοντες,

139 2225 222 2274 καὶ
269 2222 633 2290 πρωτότοκον·
688 2222 960 2291 Μονογενῆ
1015 2221 1131 2289 μὲν,
1164 2221 1237 2282 ῶς
1294 2219 1426 2273 Θεοῦ
1489 2223 1698 2290 Πατρὸς

136 2315 314 2380 Λόγον,
357 2315 452 2366 καὶ
479 2315 544 2364 ἐκ
573 2313 673 2382 τῆς
702 2313 886 2375 οὐσίας
922 2313 1085 2364 αὑτοῦ
1127 2313 1405 2382 πεφηνότα
1428 2331 1440 2343 -
1476 2315 1690 2383 πρωτό-

135 2424 281 2458 τοκον
318 2407 360 2457 δ’
393 2402 482 2468 αῦ,
516 2405 647 2458 καθὸ
681 2407 904 2472 γέγονεν
933 2404 1236 2473 ἄνθρωπος,
1274 2405 1366 2455 καὶ
1396 2406 1452 2456 ἐν
1478 2404 1694 2465 πολλοῖς

137 2497 610 2566 ἀδελφοῖς.”Ωσπερ
645 2497 753 2565 γὰρ
787 2491 864 2558 εἷς
911 2499 1026 2547 ἐστι
1059 2495 1191 2557 Θεὸς
1220 2498 1247 2547 ό
1279 2495 1486 2565 Πατὴρ,
1531 2497 1589 2558 ἐξ
1631 2489 1692 2546 οῦ

136 2584 196 2635 τὰ
227 2586 399 2635 πάντα
422 2601 433 2613 ·
468 2585 610 2634 οὕτω
635 2587 727 2634 καὶ
754 2582 833 2643 εἷς
867 2585 1068 2648 Κύριος
1108 2581 1312 2640 Ἰησοῦς
1342 2579 1594 2648 Χριστὸς,
1623 2580 1700 2632 δι’

137 2671 189 2728 οῦ
213 2676 276 2727 τὰ
303 2676 499 2727 πάντα.
527 2673 659 2725 Θεὸν
687 2673 794 2740 γὰρ
824 2672 951 2724 ὄντα
981 2671 1120 2723 κατά
1150 2671 1307 2737 φύσιν
1339 2672 1696 2737 ἐπιγινώσκο-

141 2783 231 2832 μεν
265 2766 354 2818 τὸν
395 2765 461 2817 δι’
495 2759 555 2817 οῦ
581 2763 648 2816 τὰ
679 2763 875 2826 πάντα,
905 2762 1097 2830 Λόγον,
1128 2764 1219 2814 καὶ
1251 2764 1297 2814 εἰ
1325 2763 1510 2830 γέγονε
1542 2763 1696 2832 σὰρξ,

139 2854 403 2906 τουτέστιν
430 2852 526 2907 ἄνθ
538 2868 734 2919 ρωπος.

140 2945 268 3012 quod
312 2944 489 2997 omnia
540 2946 861 3008 consistunt,
895 2943 1190 2996 secundum
1233 2950 1478 2994 naturam
1522 2942 1683 2994 Deum
1726 2955 1844 2994 esse
1867 2942 2136 3006 novimus,
2169 2944 2379 2998 etiamsi
2421 2959 2568 3011 caro,

141 3048 234 3091 ρει.

1793 1964 1958 2002 unum
2001 1948 2100 2017 15
2131 1949 2498 2011 Christum,et
2523 1947 2803 2000 Dominum
2835 1946 3039 2010 .lesum,
3072 1957 3125 1997 et
3160 1945 3356 1998 Filium

1795 2048 2080 2102 vocatum;
2122 2040 2316 2108 quippe
2347 2053 2466 2092 cum
2490 2037 2647 2090 simul
2677 2035 2817 2090 Deus
2841 2047 2894 2090 et
2931 2038 3089 2090 homo
3133 2036 3363 2089 exsistat

1797 2132 2070 2201 mentique
2119 2148 2176 2186 se
2232 2132 2444 2185 oll'erat.
2473 2130 2685 2184 Etenim
2729 2131 2855 2184 unio
2911 2132 2995 2184 illa
3043 2143 3360 2184 naturarqu

1799 2241 1967 2292 usque
2025 2226 2158 2277 adeo
2213 2225 2483 2279 individua
2547 2226 2918 2294 indivulsaque
2970 2234 3053 2278 est
3095 2235 3153 2277 nt
3197 2240 3363 2278 unum

1801 2315 2155 2380 cumdemque
2217 2316 2550 2383 unigenitum
2611 2317 2770 2370 simul
2832 2327 2886 2369 et
2949 2315 3362 2385 primogenitum

1801 2404 2121 2456 credamus:
2158 2405 2488 2471 unigenitum
2525 2406 2762 2472 quidem,
2789 2416 3040 2469 tanquam
3075 2404 3165 2454 Dei
3192 2401 3364 2454 Patris

1801 2493 2058 2550 Verbum.
2085 2510 2146 2545 ex
2177 2495 2319 2546 illius
2346 2495 2645 2547 substantia
2690 2505 2908 2556 natum;
2945 2492 3361 2560 primogenitum

1799 2594 1944 2645 vero,
1981 2590 2242 2646 quatenus
2290 2582 2430 2634 inter
2465 2583 2657 2640 multos
2686 2583 2882 2636 fratres
2930 2585 3088 2637 homo
3117 2584 3362 2637 exstitit:

1798 2670 2226 2738 quamloquidem
2277 2682 2332 2722 ul.
2390 2687 2526 2725 unus
2585 2682 2667 2726 est
2720 2673 2861 2727 Deus
2912 2672 3095 2737 Pater,
3141 2688 3203 2728 ex
3261 2690 3367 2741 quo

1796 2760 2007 2825 Omnia;
2043 2761 2110 2812 ita
2153 2777 2290 2813 unus
2321 2777 2536 2829 quoque
2570 2773 2653 2817 est
2693 2764 2950 2818 Dominus
3002 2765 3160 2818 Jesus
3214 2764 3369 2818 Chri-

1798 2860 1930 2912 stus,
1962 2865 2056 2918 per
2104 2866 2260 2919 quem
2315 2853 2493 2906 omnia
2518 2854 2583 2906 ⁶¹.
2618 2852 2750 2907 Nam
2805 2853 3040 2908 Verbum
3088 2857 3238 2918 illud,
3275 2871 3368 2924 per

2641 2945 2742 2999 hoe
2760 2955 2779 2975 '
2796 2955 2878 3000 est
2950 2947 3110 3002 homo
3166 2947 3366 3002 factum

201 3127 297 3185 lZ'.
350 3129 491 3181 Ἀλλ’
523 3127 638 3181 οῦτι
667 3145 767 3179 που
798 3127 997 3196 σφόδρα
1026 3130 1144 3190 ταῖς
1170 3128 1227 3177 ἐν
1252 3129 1381 3196 ἡμῖν
1411 3127 1535 3194 περὶ
1574 3123 1692 3176 τοῦ-

1866 3123 2028 3178 XVll.
2081 3125 2584 3189 Czetcrum,eorum
2637 3129 2777 3181 dicta
2825 3144 2945 3181 cum
3016 3132 3214 3184 nostris
3265 3146 3368 3184 non

141 3241 223 3274 του
268 3222 451 3287 δόξαις
498 3224 566 3274 τὰ
612 3221 835 3272 ἐκείνων
891 3220 1389 3288 συμφέρεται.Ἕνα
1440 3219 1537 3288 μὲν
1590 3218 1697 3287 γὰρ

141 3313 576 3383 ὁμολογουμένως
644 3312 1038 3381 παραδέχονται
1103 3311 1196 3363 καὶ
1258 3310 1411 3361 αὐτοὶ

141 3406 384 3475 Χριστὸν,
416 3403 795 3473 παρωθοῦνται
827 3404 882 3455 δὲ
913 3403 1052 3464 λίαν,
1086 3402 1158 3463 ὠς
1189 3401 1441 3462 δυσσεϐὲς
1468 3401 1546 3453 ὅτι
1595 3400 1697 3468 μά-

1493 3308 1696 3378 Ἰησοῦν

143 3496 304 3560 λιστα,
335 3496 684 3564 καταδιιστᾷν
727 3497 805 3555 εἰς
848 3493 941 3545 δύο
986 3493 1076 3545 τὸν
1111 3493 1474 3562 Ἐμμανουήλ.
1509 3493 1700 3562 Ψυχῆς

143 3585 182 3638 δ’
206 3581 294 3638 οῦν
321 3586 471 3654 ὅμως
501 3583 600 3652 τῆς
629 3583 974 3653 ἀνθρωπίνης
1021 3583 1115 3634 καὶ
1142 3583 1364 3652 λογικῆς
1393 3584 1492 3653 τὴν
1524 3583 1699 3652 σάρκα

145 3673 469 3743 χωρίσαντες
513 3671 606 3724 καὶ
648 3671 1049 3740 γυμνώσαντες,
1088 3671 1325 3742 ἡνῶσθαί
1367 3690 1528 3739 φασιν
1562 3674 1696 3744 αὑτῇ

145 3766 224 3817 τὸν
251 3768 312 3818 ὲκ
341 3764 479 3817 Θεοῦ
509 3764 705 3832 Λόγον·
734 3763 1022 3833 ἐξεύρηται
1047 3764 1104 3816 δέ
1137 3782 1218 3826 τις
1254 3765 1434 3826 αὐτοῖς
1483 3766 1574 3816 καὶ
1616 3784 1702 3817 πι-

146 3853 308 3917 θανὸς,
355 3853 431 3915 ὡς
477 3852 702 3915 οἴονται,
741 3852 874 3921 πρὸς
909 3852 1066 3903 τοῦτο
1104 3852 1280 3919 λόγος.
1317 3852 1396 3904 Τά
1443 3853 1549 3922 γάρ
1597 3870 1699 3918 τοι,

144 3948 296 4011 φασὶ,
342 3945 484 3994 κατά
538 3939 786 3991 σύνθεσιν
838 3941 972 4007 πρὸς
1023 3943 1140 4000 ἑνὸς
1187 3944 1391 3996 τελείου
1446 3947 1702 3997 σύστασιν

145 4029 647 4102 συνδεδραμηκότα,
687 4029 827 4098 μέρη
855 4045 913 4079 τε
953 4040 974 4066 ο
1005 4029 1098 4081 καὶ
1125 4027 1183 4092 ἐξ
1226 4030 1429 4082 ἀτελῶν
1474 4031 1701 4100 ὁρᾶσθαι

146 4123 300 4192 φιλεῖ·
330 4121 424 4174 τοῦ
463 4122 684 4183 τελείως
733 4121 946 4190 ἔχοντος
994 4120 1116 4173 καθ’
1146 4120 1339 4180 ἑαυτὸ,
1376 4122 1470 4173 καὶ
1521 4121 1593 4184 ὡς
1646 4123 1701 4172 ὲν

149 4215 245 4284 ἰδία
276 4213 458 4282 φύσει,
496 4214 595 4282 τῆς
633 4212 699 4263 ὲκ
729 4209 907 4280 μερῶν
937 4209 1238 4274 συνθέσεως
1271 4211 1331 4263 οὐ
1360 4211 1698 4280 δεδεημένου.

148 4305 447 4374 Τοιγάρτοι,
490 4302 642 4370 φασὶ,
707 4299 1066 4370 παραιτητέον
1132 4299 1372 4363 εἰκότως,
1419 4300 1702 4367 ἄνθρωπον
1735 4334 1778 4386 D

146 4393 314 4446 δοῦναι
348 4394 576 4455 τέλειον,
607 4394 698 4444 τὸν
729 4389 1092 4442 συνενωθέντα
1123 4389 1203 4459 τῷ
1236 4391 1391 4460 Λόγῳ
1435 4391 1581 4456 ναὸν,
1616 4390 1704 4444 ἵνα

145 4488 230 4538 καὶ
262 4488 293 4554 ἡ
327 4483 586 4547 ἓνωσιςά,
621 4484 764 4554 ἥπερ
796 4482 860 4535 ἂν
906 4483 1000 4533 ἐπὶ
1032 4482 1254 4551 Χριστῷ
1300 4484 1471 4534 νοοῖτο
1517 4481 1702 4550 τυχὸν,

147 4576 338 4646 ἀκριϐῆ
366 4593 429 4627 τε
481 4574 575 4627 καὶ
609 4573 927 4643 ἀδιάϐλητον
975 4572 1066 4625 τὸν
1123 4574 1208 4624 ἐπ’
1235 4573 1401 4641 αὐτῆς
1430 4571 1703 4635 ἀποσώζοι

143 4666 308 4733 λόγον.
351 4667 461 4719 Καὶ
517 4665 623 4734 μὴν
669 4666 886 4718 κάκεῖνο
938 4662 1220 4733 προσθεῖεν
1267 4663 1352 4726 ἂν,
1383 4663 1569 4734 ῶσπερ
1612 4659 1704 4715 οῦν

143 4759 367 4827 ἡγοῦμαι
396 4769 442 4823 ε,
468 4756 647 4810 πάλιν.
679 4757 738 4808 El
766 4754 871 4824 γὰρ
903 4753 960 4816 ἐξ
990 4753 1277 4823 ἀνθρώπου
1298 4753 1524 4816 τελείου,
1546 4756 1701 4822 φασὶ,

143 4848 228 4898 καὶ
256 4847 346 4899 τοῦ
384 4847 449 4900 ἐκ
480 4845 572 4898 τοῦ
606 4845 815 4914 Πατρὸς
853 4844 1001 4906 ὄντος
1028 4844 1202 4911 Λόγου
1233 4844 1520 4914 φήσομενῖ
1559 4840 1697 4896 εἶναι

141 4939 223 4990 τὸν
255 4936 624 5008 Ἐμμανουήλ,
658 4937 717 4989 οὐ
783 4936 953 5006 βραχὺ
1011 4936 1069 4986 τὸ
1125 4935 1318 5004 δεῖμα,
1381 4936 1577 5004 μᾶλλον
1640 4936 1696 4988 δὲ

140 5028 461 5097 ἀδιάφυκτον
528 5028 626 5097 ἤδη
668 5043 782 5088 πως
847 5027 1197 5093 ἀναφανεῖται
1257 5025 1462 5087 λοιπὸν,
1496 5025 1555 5075 τὸ
1601 5024 1694 5076 καὶ

141 5116 444 5188 ἀῦουλήτως
490 5117 601 5168 δεῖν
647 5115 739 5168 δύο
787 5116 882 5184 μὲν
913 5115 1080 5178 υἱοὺς,
1127 5115 1394 5181 Χριστοὺς
1436 5115 1480 5167 δ’
1504 5110 1568 5168 αὖ
1605 5115 1696 5166 δύο

143 5211 344 5276 φρονεῖν
388 5225 449 5260 τε
500 5207 592 5259 καὶ
643 5207 840 5274 λέγειν.
873 5202 1005 5258 Εἶτα
1036 5206 1089 5258 τί
1115 5206 1323 5267 τούτοις
1367 5205 1696 5276 ἀντεροῦμεν

142 5299 317 5367 ἡμεῖς
367 5297 594 5368 Πρῶτον
625 5299 743 5367 μὲν,
773 5298 852 5351 ὅτι
879 5297 980 5367 τῆς
1012 5298 1244 5359 πίστεως
1271 5296 1370 5366 τὴν
1394 5295 1563 5359 οὕτως
1594 5298 1696 5366 ἀρ-

204 5456 245 5486 ³⁰
287 5456 302 5508 l
333 5458 474 5513 Tim.
507 5471 568 5520 ιι,
599 5457 651 5509 5.
727 5455 771 5486 ⁸¹
813 5453 829 5506 l
860 5454 981 5509 Cor.
1012 5469 1128 5520 vut,
1161 5454 1215 5509 6.

1805 3217 1937 3270 satis
1970 3225 2290 3285 congruunt.
2337 3216 2466 3270 Nam
2515 3227 2570 3272 et
2608 3219 2704 3286 ipsi
2732 3235 2944 3289 quoque
2981 3237 3144 3274 unum
3197 3222 3368 3277 solum

1805 3308 2074 3362 Christum
2141 3321 2325 3378 aperte
2391 3314 2744 3374 constituunt,
2807 3322 2857 3364 et
2917 3328 3079 3365 unum
3159 3313 3371 3366 Emma-

1807 3399 2015 3455 nueletn
2066 3402 2116 3454 in
2172 3402 2305 3455 duos
2359 3401 2635 3465 divellere,
2690 3414 2939 3470 tanquam
2990 3419 3098 3458 rem
3161 3419 3371 3458 summa

1806 3506 1925 3545 cum
1969 3492 2248 3559 impietate
2289 3491 2651 3559 cenjunctam,
2695 3508 3039 3561 summopere
3083 3508 3373 3548 exsecran-

1809 3590 1897 3634 tur
1930 3600 1942 3636 :
1975 3583 2068 3636 sed
2103 3582 2337 3636 Verbum
2393 3585 2606 3637 interim
2638 3587 2810 3647 carni,
2845 3600 2963 3654 quas
2990 3585 3246 3650 humana,
3269 3589 3372 3641 hoc

1807 3686 1906 3738 est,
1937 3676 2145 3729 ratione
2177 3677 2397 3744 praedita
2451 3676 2627 3729 anima
2680 3687 2839 3729 exuta
2891 3677 3252 3745 destitutaque
3280 3679 3370 3739 Sil,

1809 3766 2014 3818 unitum
2044 3767 2367 3835 prmdicant;
2399 3777 2450 3820 et
2481 3784 2578 3820 cur
2619 3770 2756 3821 istud
2804 3769 3098 3836 prwdicare
3117 3769 3370 3832 debeant,

1810 3855 2069 3908 rationem
2105 3856 2388 3908 admodum
2417 3856 2752 3924 plausibilem
2785 3859 3115 3927 comperisse
3133 3874 3190 3912 se
3217 3868 3374 3912 autu-

1811 3955 1978 3998 mant.
2010 3946 2176 3997 Aiunt
2203 3946 2507 4013 enim,quzc
2539 3949 2603 3999 ad
2654 3950 2810 4001 unius
2854 3947 3075 4016 perfecti
3115 3951 3375 4002 constitu-

1812 4030 2011 4082 tionem
2057 4043 2155 4094 per
2201 4033 2644 4096 compositionem
2702 4047 3056 4098 concurrunt,
3087 4052 3148 4090 ea
3198 4047 3376 4104 partes

1809 4134 1928 4174 esse
1945 4131 1998 4174 et
2021 4121 2456 4191 imperfectorum
2485 4127 2743 4178 rationem
2779 4125 3023 4181 obtinere
3047 4144 3059 4190 ;
3088 4143 3210 4181 nam
3235 4130 3375 4196 quod

1809 4211 2105 4278 perfectum
2139 4224 2222 4267 est
2249 4230 2340 4283 per
2379 4230 2455 4280 se,
2488 4225 2646 4285 atque
2675 4227 2732 4268 ut
2784 4217 2836 4269 in
2893 4218 3104 4286 propria
3161 4230 3373 4282 natura,

1810 4317 1914 4354 non
1958 4317 2091 4370 opus
2151 4305 2329 4366 habet,
2370 4315 2427 4358 ut
2481 4305 2547 4358 ad
2599 4305 2874 4373 partialem
2931 4306 3373 4372 compositionem

1805 4393 1985 4446 Veniat
2016 4411 2030 4446 :
2065 4403 2226 4462 atque
2252 4394 2371 4448 ideo
2397 4395 2695 4449 cavendum
2724 4410 2845 4449 esse
2896 4398 3085 4450 sedulo
3137 4413 3202 4451 ne
3242 4407 3376 4451 tem-

1805 4486 1973 4554 plum,
2003 4486 2146 4552 quod
2179 4485 2356 4540 Verbo
2385 4487 2596 4540 unitum
2632 4499 2736 4551 est,
2773 4489 3070 4557 perlectum
3103 4487 3372 4542 hominem

1804 4577 2078 4630 exstitisse
2126 4579 2502 4643 concedentes,
2526 4591 2772 4634 exactam
2829 4582 2972 4634 illam
3021 4583 3181 4636 unius
3209 4586 3376 4636 ratio-

1805 4680 1946 4730 nem,
1976 4681 2096 4734 qua:
2137 4669 2187 4720 in
2212 4669 2426 4724 Christo
2474 4673 2736 4725 accidisse
2783 4674 3138 4740 dignoscitur,
3169 4677 3374 4728 merita:

1804 4756 2083 4810 calumnia:
2130 4774 2483 4828 exponamus.
2519 4763 2656 4827 Quin
2713 4773 2766 4815 et
2817 4764 2943 4817 illud
2996 4780 3210 4832 quoque
3273 4767 3376 4819 huc

1809 4847 2112 4916 adjecturos
2145 4852 2421 4916 suspicor;
2463 4866 2674 4919 nempe,
2701 4854 2743 4905 si
2774 4869 2837 4906 ex
2870 4854 3082 4907 homine
3116 4856 3374 4922 perfecto,

1808 4947 1862 4991 et
1886 4937 1977 4992 Dei
2010 4938 2186 4994 Patris
2222 4939 2394 4995 Verbo
2452 4943 2858 4998 Emmanuclem
2911 4945 3180 4997 coaluisse
3227 4945 3377 4996 dira-

1800 5043 1940 5091 mus,
1976 5028 2029 5082 iu
2062 5029 2189 5084 illud
2223 5048 2317 5085 nos
2365 5043 2415 5086 et
2463 5050 2734 5102 magnum,
2769 5045 2815 5087 et
2855 5035 3011 5102 plane
3064 5037 3376 5091 inevitabile

1797 5117 2093 5184 periculum
2121 5128 2377 5173 venturos
2408 5135 2545 5182 esse,
2571 5133 2626 5174 ut
2658 5123 2738 5174 vel
2774 5124 2922 5175 inviti
2949 5125 3079 5177 duos
3103 5125 3371 5192 Christos,

1797 5218 1850 5262 et
1882 5209 2016 5263 duos
2071 5211 2253 5265 itidem
2299 5211 2434 5266 ﬁlios
2489 5224 2673 5267 tenere
2718 5225 2770 5268 et
2820 5216 3060 5283 proﬁteri
3094 5232 3370 5286 cogamur.

1795 5298 1961 5366 Cedo,
1994 5302 2120 5368 quid
2179 5318 2278 5357 nos
2337 5305 2401 5357 ad
2461 5305 2572 5359 haec
2618 5307 3375 5378 respondebimus?Apprime

1218 5595 1388 5653 Variae
1418 5597 1676 5654 lectiones
1707 5600 1908 5655 codicis
1948 5600 2307 5669 Seguieriani.

208 5741 228 5768 ε
269 5731 406 5802 μέρη
435 5732 490 5786 τέ
518 5732 644 5786 είσι.
719 5730 744 5770 δ
785 5730 1049 5794 σύνθεσις.
1133 5743 1155 5771 ο
1195 5726 1438 5803 ἐγῷμαι.

1524 5733 1542 5772 ί
1575 5736 1896 5806 συντίθεμεν
1927 5737 2017 5791 τὸν
2060 5737 2425 5809 Ἐμμανουήλ.
