4056 6334
627 367 759 420 1155

1591 363 1647 417 S.
1691 361 1963 418 CYRILLI
2005 364 2473 420 ALEXANDRINI
2512 365 2828 421 ARCIIIEP.

3723 365 3870 420 “56

621 479 818 531 minem
880 477 1138 542 futurum,
1187 477 1278 546 qui
1345 492 1446 530 non
1507 478 1770 547 intrepide
1842 481 2178 550 respondeat,

2286 482 2411 534 ὄντα
2446 499 2505 534 τε
2542 483 2636 535 καὶ
2671 480 3032 552 ὑφεστηκότα.
3067 481 3236 550 Εἴπερ
3279 474 3369 532 οὖν
3399 480 3512 532 ἐστι
3542 481 3599 532 τὸ
3629 481 3816 551 μηδὲν
3845 484 3871 534 ὁ

621 569 764 622 illum
792 571 969 624 videre
996 570 1332 625 desiderasse
1375 568 1465 638 qui
1511 571 1798 626 exsisteret
1838 584 1890 626 et
1924 573 2188 629 subsiste-

621 670 720 714 ret.
775 660 829 714 Si
876 677 1024 726 ergo,
1067 662 1218 731 juxta
1247 660 1560 716 effrenatam
1611 662 1822 715 illorum
1881 665 2184 730 audaciam,

621 751 790 806 Filius
842 753 973 806 nihil
1031 764 1134 816 est,
1161 763 1218 806 ut
1277 755 1368 822 qui
1411 769 1514 808 non
1552 755 1844 822 subsistat;
1883 772 1981 810 cur
2024 757 2187 826 igitur

619 860 713 913 per
745 853 810 897 se
855 844 1047 911 ipsum,
1080 852 1138 896 ut
1178 844 1488 912 imaginem,
1526 845 1590 896 ad
1647 844 1823 899 Patris
1853 848 2182 917 agnitionem

619 934 884 988 adducere
916 949 1011 988 nos
1066 933 1279 988 voluit?
1329 935 1418 987 Ait
1449 936 1590 988 enim
1625 953 1638 988 :
1675 953 1693 982 ι
1737 935 1912 990 Tanto
1947 948 2185 1007 tempore

614 1024 894 1079 vobiscum
923 1040 1064 1091 sum,
1101 1034 1156 1077 et
1180 1040 1282 1078 non
1317 1027 1612 1095 cognovisti
1649 1043 1752 1090 me,
1787 1028 2067 1098 Philippe?
2094 1032 2183 1098 qui

615 1115 757 1168 videt
797 1129 900 1180 me,
934 1116 1079 1168 videt
1111 1124 1164 1168 et
1193 1115 1425 1169 Patrem.
1459 1116 1571 1169 Non
1609 1120 1806 1182 credis,
1844 1121 1966 1187 quia
1998 1134 2096 1189 ego
2131 1122 2182 1174 in

616 1206 795 1271 Patre,
830 1219 883 1260 et
930 1207 1089 1261 Pater
1123 1209 1174 1261 in
1231 1223 1316 1261 me
1347 1220 1428 1262 est
1455 1209 1537 1262 δεῖ
1573 1211 1683 1280 Ego
1715 1223 1767 1264 et
1812 1211 1972 1266 Pater
2018 1230 2179 1267 unum

616 1315 802 1352 sumus
822 1300 890 1352 “.
925 1319 944 1351 ι
976 1299 1114 1366 Jam,
1148 1310 1204 1352 ιιι
1230 1313 1326 1368 ego
1353 1301 1563 1369 opinor,
1603 1318 1757 1357 nemo
1785 1318 1903 1356 eum
1931 1306 2017 1371 qui
2051 1307 2180 1359 sub—

615 1391 775 1456 sistit,
794 1392 846 1444 in
873 1407 935 1446 eo
953 1393 1044 1459 qui
1063 1408 1166 1446 non
1187 1393 1448 1457 subsistit,
1477 1396 1651 1447 videre
1670 1407 1848 1464 queat.
1871 1395 1976 1450 Nec
2002 1397 2178 1466 aliqua

615 1497 828 1535 rursum
862 1482 1068 1537 ratione
1126 1484 1348 1552 intelligi
1408 1495 1603 1552 potest,
1628 1488 1897 1554 quomodo
1940 1488 2076 1540 idem
2110 1491 2182 1542 sit

612 1587 706 1639 per
727 1574 925 1635 omnia,
950 1574 1089 1640 quod
1120 1589 1223 1627 non
1261 1577 1496 1636 exsistit,
1531 1591 1649 1628 cum
1685 1591 1749 1629 eo
1779 1578 1920 1644 quod
1941 1580 2174 1634 exsistit.

612 1664 889 1728 Quomodo
921 1680 1046 1719 vero
1077 1665 1235 1720 Pater
1260 1669 1364 1720 erit
1397 1669 1446 1719 in
1479 1667 1631 1730 Filio,
1664 1678 1719 1722 et
1743 1669 1909 1725 Filius
1938 1672 2173 1726 vicissim

613 1755 666 1805 in
714 1751 916 1808 Patre?
953 1755 1141 1807 Annon
1195 1758 1518 1824 respondere
1569 1757 1621 1809 in
1689 1771 1937 1827 promptu
1987 1772 2090 1823 est,
2128 1761 2171 1815 si

2292 575 2435 636 Υἱὸς,
2474 574 2568 627 ἆτε
2625 573 2687 642 δὴ
2737 573 2809 644 μὴ
2861 571 3202 642 ὑφεστηκὼς,
3249 571 3391 624 κατὰ
3425 588 3484 638 γε
3529 570 3588 621 τὸ
3629 571 3871 623 ἐκείνων

2288 665 2539 734 ἀχάλινον
2586 664 2804 736 Θράσος·
2834 666 2913 727 είς
2957 665 3139 717 εἰκόνα
3170 665 3264 716 καὶ
3296 665 3495 732 γνῶσιν
3523 665 3730 733 ἀκριϐῆ
3774 664 3868 716 τοῦ

2288 756 2498 825 Πατρός
2544 755 2732 808 ἑαυτὸν
2782 757 2912 824 ἡμῖν
2959 753 3185 807 ἁνθότου
3239 754 3594 826 παρεκόμιζε,
3638 755 3865 820 λέγων·

2291 865 2309 898 ι
2339 847 2603 900 Τοσοῦτον
2631 847 2820 916 χρόνον
2854 845 2972 914 μεθ’
2999 846 3155 917 ὑμῶν
3193 848 3326 915 εἰμι,
3355 847 3450 898 καὶ
3483 848 3580 899 οὑκ
3606 846 3870 914 ἔγνωκάς

2289 955 2377 1008 με,
2404 938 2663 1004 Φίλιππε;
2699 942 2727 992 6
2756 937 3012 1011 ἑωρακὼς
3052 940 3173 1008 ἐμὲ,
3207 936 3418 1007 ἑώρακε
3462 937 3556 990 καὶ
3607 937 3695 989 τὸν
3751 939 3872 989 Πα-

2285 1029 2437 1099 τέρα.
2477 1031 2552 1082 Οὑ
2580 1031 2877 1093 πιστεύεις,
2907 1031 2988 1082 ὃτι
3021 1029 3129 1097 ἐγὼ
3159 1030 3216 1082 ὲν
3246 1029 3323 1099 τῷ
3367 1031 3539 1098 Πατρὶ
3565 1029 3658 1083 καὶ
3680 1032 3711 1081 6
3744 1030 3868 1082 Ha.-

2283 1120 2386 1191 τὴρ
2435 1121 2492 1173 ὲν
2542 1122 2664 1190 ἐμοί
2695 1123 2878 1186 currv;
2921 1120 3060 1188 Ἐγὼ
3088 1121 3181 1173 καὶ
3209 1121 3236 1172 6
3264 1122 3453 1190 Πατὴρ
3479 1123 3537 1172 ’ἐν
3567 1122 3744 1191 ἐσμεν
3781 1139 3796 1185 ;
3843 1141 3860 1172 ι

2295 1211 2434 1264 Ἀλλ’
2464 1212 2563 1263 οὑκ
2583 1212 2668 1273 ἂν,
2696 1207 2855 1279 οἶμαί
2874 1229 2997 1276 που,
3018 1211 3104 1263 τὸν
3123 1211 3462 1280 ὑφεστηκότα
3489 1210 3735 1279 καταθρὴ
3747 1211 3864 1262 σειὲ

2281 1317 2365 1362 τις
2404 1299 2459 1351 ἐν
2492 1316 2555 1368 γε
2595 1301 2673 1368 τῷ
2704 1301 2778 1369 μὴ
2809 1299 3170 1368 ὑφεστηκότι·
3206 1299 3314 1350 οὐδ’
3354 1300 3419 1351 ἂν
3457 1299 3683 1351 ὲννοοῖτό
3720 1314 3862 1349 ποτε

2281 1391 2376 1441 καὶ
2407 1389 2603 1441 ταυτὸν
2630 1391 2708 1452 εἰς
2745 1390 2890 1442 ἅπαν
2918 1389 2996 1458 τῷ
3041 1389 3114 1459 μὴ
3161 1389 3458 1458 ὑπάρχοντι
3486 1390 3544 1440 16
3581 1389 3859 1457 ὑπάρχον.

2284 1481 2476 1532 Ἔσται
2506 1480 2561 1532 δὲ
2592 1481 2738 1541 ὅπως
2774 1481 2832 1532 ὲν
2861 1478 2975 1548 Υίῴ
3009 1479 3104 1548 μὲν
3134 1481 3160 1530 6
3191 1479 3400 1547 Πατὴρ,
3427 1479 3454 1530 6
3484 1477 3608 1539 Υἱὸς
3636 1477 3678 1527 δ’
3700 1472 3774 1527 αὖ
3802 1479 3860 1527 ὲν

2277 1570 2352 1640 τῷ
2384 1572 2586 1640 Πατρί;
2625 1573 2692 1622 Ἦ
2727 1570 2825 1638 οὑχ
2868 1571 3084 1639 ἕτοιμον
3118 1571 3310 1635 εἰπεῖν,
3344 1569 3418 1630 ὼς
3449 1571 3496 1620 εἰ
3533 1569 3606 1638 μή
3640 1571 3792 1619 ἐστιν
3831 1567 3859 1616 6

2279 1662 2447 1729 Λόγος
2491 1663 2546 1713 ὲν
2585 1661 2815 1730 ὑπάρξει
2844 1663 2908 1731 τῇ
2941 1660 3064 1713 καθ’
3094 1660 3304 1723 ἑαυτὸν,
3343 1660 3739 1711 κινδυνεύσειεν
3789 1658 3858 1710 ἂν

2277 1753 2370 1805 καὶ
2416 1753 2576 1814 αὑτὸς
2619 1755 2647 1803 ό
2695 1753 2906 1822 Πατὴρ,
2935 1752 3075 1820 ἔχων
3117 1751 3214 1820 μὲν
3261 1753 3317 1802 ἐν
3363 1751 3539 1820 ἑαυτῷ
3570 1751 3631 1802 τὸ
3659 1750 3854 1819 μηδὲν,

618 1841 842 1895 Verbum
877 1846 1087 1911 propria
1114 1845 1455 1899 subsistentia
1482 1848 1809 1911 destituitur,
1839 1851 2007 1917 ipsum
2042 1865 2172 1916 quo-

2280 1843 2562 1912 νοούμενος
2588 1843 2643 1894 δὲ
2673 1843 2935 1911 ὑπάρχειν
2970 1844 3027 1893 ὲν
3061 1842 3136 1910 τῷ
3169 1842 3384 1911 μηδενί;
3417 1843 3487 1893 Τὸ
3515 1843 3623 1911 γὰρ
3660 1843 3761 1894 οὑκ
3795 1842 3856 1893 ὃν

611 1948 715 2002 que
755 1933 965 1988 Patrem
1023 1936 1071 1988 in
1103 1938 1390 1991 discrimen
1439 1938 1728 1992 adductum
1781 1941 1866 2000 iri,
1907 1942 2083 2009 utqui
2124 1942 2172 1995 id

613 2028 662 2078 in
693 2042 747 2079 se
780 2027 967 2079 habeat
995 2028 1138 2094 quod
1180 2028 1310 2083 nihil
1341 2040 1445 2091 est,
1479 2039 1637 2098 atque
1666 2031 1735 2083 ita
1764 2033 1813 2084 in
1840 2032 1983 2085 nullo
2021 2049 2174 2100 pror-

610 2131 702 2167 sus
745 2129 864 2168 esse
921 2116 1285 2184 intelligatur?
1311 2118 1442 2171 Nam
1479 2122 1619 2188 quod
1655 2124 1874 2175 omnino
1911 2139 2012 2175 non
2068 2134 2168 2186 est,

611 2205 661 2256 id
698 2206 961 2259 nihilesse
990 2207 1209 2274 intelligi
1238 2209 1412 2263 debet.
1442 2211 1577 2264 Sunt
1614 2228 1745 2266 sane
1780 2214 1964 2268 isthaec
1996 2217 2171 2268 omnia

609 2297 1000 2364 spiuosissima,
1056 2301 1345 2369 multisque
1391 2313 1442 2356 et
1494 2307 1700 2371 magnis
1755 2307 2172 2360 absurditatibus

610 2385 783 2451 plena.
821 2386 1017 2438 Verum
1069 2389 1496 2445 adversariorum
1539 2393 1730 2462 dogma
1767 2395 1816 2446 in
1857 2399 2032 2447 omnia
2062 2399 2172 2449 haec

610 2477 838 2528 ahSurda
895 2487 1069 2543 urget.
1134 2476 1262 2531 Jure
1329 2499 1459 2536 sane
1517 2486 1818 2552 meritoque
1875 2488 2173 2540 admiretur

608 2569 896 2637 quispiam,
926 2586 1029 2638 qua
1081 2573 1289 2626 ratione
1344 2573 1504 2625 Pater
1538 2575 1715 2626 omnia
1757 2590 1875 2643 quae
1912 2577 1962 2628 in
1993 2593 2170 2628 rerum

611 2659 710 2710 hac
745 2660 1091 2714 universitate
1132 2674 1448 2730 cernuntur,
1484 2681 1578 2732 per
1606 2662 1800 2717 Filium
1843 2667 2172 2730 condiderit,

607 2747 650 2797 si
711 2748 906 2800 nullam
968 2748 1055 2802 ille
1136 2767 1367 2818 unquam
1429 2753 1648 2807 sortitus
1709 2764 1792 2807 est
1849 2757 2174 2825 hypostasin.

612 2837 716 2908 14
743 2837 891 2903 Quod
925 2840 968 2892 si
999 2840 1118 2909 quis
1156 2842 1534 2909 interrogetur,
1570 2855 1746 2897 utrum
1788 2846 1854 2899 iis
1889 2862 2007 2913 quae
2031 2857 2171 2911 sunt,

607 2945 723 2982 esse
750 2931 811 2981 sit
840 2932 1055 2995 bonum,
1077 2946 1141 2984 an
1179 2930 1316 2984 forte
1345 2949 1449 2987 non
1473 2949 1612 2999 esse,
1640 2936 1820 2988 statim
1851 2937 1988 2989 haud
2021 2938 2177 2990 duhie

610 3022 953 3087 respondebit
1003 3024 1172 3077 satius
1217 3039 1338 3079 esse
1366 3025 1628 3080 exsistere
1693 3042 1854 3094 quam
1900 3043 2002 3081 non
2037 3029 2179 3080 exsi-

609 3122 774 3176 stere,
795 3113 934 3166 unde
961 3113 1137 3182 opifex
1164 3114 1252 3169 ille
1292 3130 1496 3179 rerum,
1519 3118 1608 3186 qui
1637 3117 1740 3172 illis
1756 3135 1874 3187 qua:
1892 3119 2175 3188 aliquando

2276 1935 2431 1997 ὅλως,
2463 1935 2613 1986 οὐδὲν
2646 1934 2710 1986 ἂν
2738 1937 2908 1986 νοοῖτο
2942 1919 3146 1987 λοιπόν.
3181 1935 3290 1985 Καὶ
3337 1934 3436 1985 οὑκ
3468 1933 3708 2003 ἄτραχυς
3746 1933 3852 2002 μὲν

2275 2028 2302 2078 6
2335 2028 2484 2092 λόγος
2506 2040 2518 2052 '
2560 2025 2816 2094 πλείστην
2843 2024 2948 2094 γὰρ
2977 2025 3108 2092 ὅσην
3159 2026 3215 2076 ὲν
3265 2025 3440 2092 ἑαυτῷ
3470 2025 3569 2093 τὴν
3615 2025 3852 2078 ἀτοπίαν

2276 2123 2440 2169 νοσεῐ’
2478 2117 2822 2186 περιίστησιν
2864 2111 2953 2168 οὖν
3001 2116 3148 2185 ὅμως
3183 2117 3262 2177 εἰς
3292 2114 3349 2167 16
3383 2116 3590 2184 ἀπηχὲς
3627 2116 3737 2167 τῶν
3770 2116 3853 2168 δι’

2275 2208 2520 2269 ἐναντίας
2553 2208 2614 2260 τὸ
2646 2207 2839 2276 δόγμα.
2873 2205 3254 2275 Κατατεοήττοι
3289 2206 3330 2258 δ’
3362 2205 3425 2259 ἄν
3467 2223 3550 2268 τις
3597 2207 3849 2269 εἰκότως,

2275 2299 2393 2351 τίνα
2422 2298 2484 2367 δὴ
2517 2299 2715 2369 τρόπον
2763 2300 2821 2349 ὲν
2857 2295 2932 2365 τῷ
2962 2295 3073 2364 Υἱῷ
3105 2294 3181 2363 τῷ
3230 2294 3303 2364 μὴ
3333 2293 3551 2364 ὶαχόντι
3593 2294 3654 2346 16
3686 2290 3848 2357 εἶναι,

2274 2391 2342 2442 τὰ
2390 2391 2516 2442 ὄντα
2564 2390 2862 2457 πεποίηκεν
2909 2389 2936 2439 6
2987 2389 3194 2455 Πατήρ.
3242 2387 3301 2438 Ei
3335 2386 3391 2437 δὲ
3428 2385 3491 2456 δή
3527 2402 3610 2448 τις
3643 2385 3847 2455 ἔροιτο,

2276 2483 2477 2551 πότερα
2506 2483 2617 2542 τοῖς
2653 2477 2770 2532 οὖσι
2797 2479 2857 2530 τὸ
2889 2474 3024 2530 εἶναι
3048 2477 3231 2539 καλὸν,
3266 2475 3298 2545 ἢ
3334 2476 3465 2542 γοῦν
3503 2476 3562 2528 τὸ
3596 2476 3673 2543 μὴ
3709 2471 3850 2528 εἶναι

2274 2570 2433 2636 τυχόν
2455 2582 2470 2596 ’
2504 2568 2637 2635 φαίη
2683 2584 2764 2628 τις
2803 2566 2866 2617 ἂν
2902 2565 3081 2626 εὐθὺς,
3117 2565 3197 2615 ὅτι
3229 2566 3290 2614 τὸ
3325 2560 3481 2616 εἶναι.
3500 2564 3558 2614 '0
3587 2564 3699 2634 γὰρ
3737 2566 3852 2627 τοῖς

2277 2660 2373 2712 οὑκ
2419 2654 2536 2710 οὖοί
2583 2675 2710 2709 ποτε
2762 2657 2820 2709 τὸ
2866 2653 3005 2708 εἶναι
3056 2654 3199 2718 δοὺς,
3232 2652 3435 2720 ἀγαθὸς
3479 2654 3564 2706 ὅτι
3616 2656 3851 2724 μάλιστα

2278 2749 2648 2819 κεχρημάτικέ
2699 2766 2755 2800 τε
2790 2750 2880 2800 καὶ
2927 2747 3071 2799 ἐστιν
3119 2748 3146 2798 6
3189 2746 3565 2816 Δημιουργός’
3599 2747 3714 2817 ἔχοι
3744 2747 3852 2816 γὰρ

2279 2843 2342 2895 ἂν
2387 2837 2486 2895 ὧδε
2521 2844 2581 2894 τὸ
2613 2842 2800 2911 χρῆμα
2831 2845 2896 2911 τῇ
2925 2842 3103 2910 φύσει.
3135 2839 3343 2894 Οὐκοῦν
3386 2843 3443 2893 ἐν
3483 2841 3770 2910 ἀμείνοσιν
3817 2843 3849 2910 ἠ

2278 2933 2467 2994 κτίσις,
2499 2933 2638 3002 ἢπερ
2668 2934 2694 2984 6
2720 2931 2785 2983 δι’
2811 2926 2870 2985 οὗ
2899 2933 2966 2983 τὰ
2996 2933 3170 2984 πάντα
3206 2931 3460 3001 παρήχθη
3511 2932 3648 3001 πρὸς
3698 2932 3854 2998 γένε-

2280 3041 2359 3074 σιν
2381 3040 2393 3051 ·
2431 3025 2456 3075 ὁ
2490 3024 2587 3092 μὲν
2630 3022 2736 3092 γὰρ
2767 3023 2862 3091 οὑχ
2894 3022 3256 3090 ὑφεστηκέναι
3287 3023 3525 3089 λέγεται,
3558 3023 3628 3076 τὰ
3655 3024 3713 3074 δὲ
3748 3025 3850 3090 ὑφ-

2279 3114 2495 3182 έστηκε,
2538 3117 2627 3166 καὶ
2656 3115 2713 3164 ἐν
2746 3113 2820 3182 τῷ
2853 3109 2988 3164 εἶναι
3016 3114 3306 3166 νοεῖται.’Ὡ
3336 3114 3436 3183 τῆς
3475 3116 3586 3167 τῶν
3633 3115 3850 3168 ἐννοιῶν

610 3217 713 3255 ιιοιι
744 3213 922 3269 erant,
949 3220 1070 3260 csse
1095 3205 1403 3276 impertitus
1442 3218 1544 3274 est,
1576 3209 1812 3276 optimus
1853 3211 2169 3280 appellatur,

2280 3205 2503 3264 ἀτοπίας
2529 3206 2539 3256 !
2583 3206 2760 3272 ἄπαγε
2786 3208 2884 3274 τῆς
2915 3205 3255 3274 δυσφημίαςῑ
3299 3225 3316 3255 ι
3348 3182 3464 3258 Ζῶν
3495 3196 3604 3277 γὰρ
3628 3209 3656 3260 6
3679 3206 3852 3273 Λόγος

609 3303 663 3346 et
692 3304 793 3347 est.
817 3294 967 3360 Quod
1008 3297 1053 3351 si
1101 3297 1169 3350 ita
1214 3313 1298 3354 res
1345 3300 1522 3365 habet,
1567 3309 1624 3354 ut
1686 3301 1930 3370 profecto
1989 3302 2173 3367 habet,

611 3388 982 3454 consequitur,
1021 3400 1077 3441 ιιι
1134 3389 1340 3444 meliori
1402 3392 1710 3446 conditione
1748 3393 1854 3446 sint.
1889 3402 2173 3457 creatura',

610 3493 768 3546 quam
812 3480 900 3535 ille
934 3481 1066 3549 ipse,
1096 3497 1190 3550 per
1221 3497 1382 3551 quem
1409 3483 1588 3537 omnia
1613 3495 1796 3539 creata
1827 3492 1985 3538 sunt:
2012 3499 2180 3552 quan-

612 3570 895 3637 doquidem
940 3573 986 3624 is
1009 3573 1302 3627 subsistere
1326 3585 1574 3642 negatur,
1609 3575 1696 3629 illa
1729 3589 1856 3629 vero
1880 3576 2180 3629 subsistunt

616 3665 997 3731 propriamque
1031 3675 1277 3720 naturam
1306 3668 1498 3721 sortita
1553 3677 1969 3736 cognoscuntur.
2005 3666 2048 3721 Ο
2073 3667 2168 3720 ab-

615 3753 805 3807 surdas
860 3757 1244 3823 COgitationes!
1284 3757 1531 3813 facessite
1561 3773 1684 3813 cum
1737 3758 1858 3813 istis
1891 3765 2172 3811 contume-

613 3842 762 3896 liosis
815 3845 1058 3899 vocibus.
1094 3865 1112 3897 ‹
1152 3846 1344 3900 Vivum
1395 3857 1478 3902 est
1517 3850 1657 3902 enim
1705 3848 1797 3902 Dei
1837 3846 2096 3906 Verbum,
2124 3855 2176 3898 et

611 3930 817 3995 efficax,
859 3953 875 3984 ι
905 3936 1240 4003 utscriptum
1280 3950 1360 3991 est
1384 3939 1446 3992 ⁵⁵⁷.
1489 3940 1666 4004 Quare
1716 3949 1769 3990 et
1818 3939 1933 4005 ipse
1959 3952 2174 4005 quoque

614 4020 870 4075 Dominus
894 4024 1118 4077 aiebat':
1160 4041 1179 4074 α
1223 4025 1331 4089 Ego
1361 4040 1476 4075 sunt
1505 4025 1608 4076 vita
1640 4025 1705 4076 ⁸⁸.
1743 4042 1760 4074 ι
1800 4021 1966 4090 Alqui
1999 4022 2040 4074 si
2067 4036 2171 4073 non

611 4111 876 4172 subsistit,
918 4112 1186 4178 quomodo
1249 4112 1352 4165 vita
1396 4113 1498 4166 dici
1551 4124 1642 4166 aut
1696 4115 1919 4182 cogitari
1949 4113 2177 4182 potest?

2274 3297 2366 3348 τοῦ
2396 3295 2550 3360 Θεοῦ,
2583 3297 2674 3348 καὶ
2705 3298 2951 3366 ἐνεργὴς,
2977 3316 2994 3346 ι
3023 3297 3163 3350 καθὰ
3192 3298 3522 3368 γέγραπται.
3556 3297 3850 3369 Τοιγάρτοι

2277 3389 2365 3440 καὶ
2399 3388 2652 3455 ἕρξασκενο
2683 3407 2700 3438 ι
2725 3389 2864 3456 Ἐγώ
2894 3392 3005 3459 εἰμι
3035 3391 3066 3459 ἠ
3097 3389 3232 3459 ζωή.
3261 3407 3280 3440 ‹
3304 3389 3560 3442 Ἀλλόὺκ
3589 3389 3657 3442 ἂν
3681 3393 3852 3442 νοοῖτο

2278 3477 2409 3546 ζωὴ,
2454 3477 2527 3549 μὴ
2564 3477 2910 3546 ὑφεστηκώς·
2948 3477 3060 3548 ζωὴ
3107 3479 3163 3531 δέ
3202 3481 3316 3532 ἐστι
3348 3478 3489 3532 κατὰ
3515 3478 3703 3548 φύσιν·
3739 3478 3852 3532 δια-

2275 3566 2533 3634 ψεύσεται
2560 3565 2665 3636 γὰρ
2701 3566 2966 3636 οὐδαμῶς.
3000 3567 3072 3618 Τὸ
3102 3567 3208 3636 ἄρα
3246 3566 3318 3636 μὴ
3348 3568 3647 3635 ὑφεστάναι
3671 3566 3867 3638 λέγειν,

2279 3657 2367 3709 τὸν
2401 3659 2464 3708 ἐκ
2499 3657 2631 3708 Θεοῦ
2667 3659 2938 3727 πεφηνότα
2967 3658 3158 3725 Λόγον,
3183 3658 3575 3728 ψευδηγόρημα
3628 3659 3848 3729 σαθρὸν,

2279 3755 2371 3805 καὶ
2417 3755 2611 3823 φρενὸς
2658 3755 2987 3822 ἀπόϐρασμα
3029 3755 3125 3823 τῆς
3173 3753 3484 3815 λιθώδουςε.
3514 3755 3708 3806 Musei
3745 3754 3851 3821 γὰρ

2279 3844 2511 3911 ἔφασκεν
2544 3845 2702 3907 αὑτός
2727 3861 2738 3873 ’
2775 3864 2791 3893 ι
2817 3843 2957 3908 Ἐγώ
2988 3845 3103 3911 εἰμι
3129 3845 3156 3895 6
3189 3844 3282 3897 ὢν.
3311 3863 3327 3892 ι
3360 3843 3430 3895 Τὸ
3457 3844 3511 3896 δὲ
3541 3843 3600 3895 ὃν
3634 3844 3848 3913 ἀληθῶς

2280 3939 2334 3984 ἐν
2382 3935 2671 3982 ὑποστάσει
2720 3936 2784 3998 ’τῇ
2836 3934 2956 3981 καθ’
3011 3931 3173 3982 ἑαυτὸ
3228 3931 3561 3999 σωζόμενον,
3618 3935 3737 3993 πῶς
3788 3935 3849 3984 ἂν

2278 4021 2449 4073 νοοῖτό
2478 4037 2604 4072 ποτε
2643 4020 2714 4089 μὴ
2747 4020 3085 4089 ὑφεστηκόςς
3119 4011 3327 4073 Οὐκοῦν
3353 4021 3459 4096 τῶν
3485 4022 3611 4092 τῇδε
3655 4025 3848 4093 διειλη-

2282 4112 2455 4179 φότων
2489 4110 2851 4182 καθοριοῦμεν
2886 4111 3109 4174 εἰκότως
3139 4112 3199 4163 16
3223 4113 3302 4175 είς
3332 4113 3499 4182 ἄκρον
3537 4114 3773 4182 ἀμαθές.

615 4201 704 4253 Est
733 4213 908 4254 autem
940 4205 1043 4255 vita
1083 4216 1269 4274 suapte
1315 4217 1529 4271 natura,
1582 4207 1728 4260 nullo
1753 4207 1896 4259 enim
1939 4203 2093 4274 pacto
2136 4205 2408 4257 mentitur.
2457 4203 2606 4258 Unde
2648 4205 2955 4273 quicunque
2999 4203 3254 4268 Verbum,
3307 4206 3448 4273 quod
3485 4221 3553 4259 ex
3593 4207 3709 4260 Deo
3756 4223 3844 4260 na-

614 4302 722 4346 tum
751 4296 1220 4357 est,subsi3tentia
1245 4298 1497 4367 spoliant,
1537 4298 1608 4352 illi
1639 4299 1980 4352 mendacium
2049 4295 2204 4364 longe
2280 4294 2678 4362 putidissimum
2737 4293 3008 4360 effutiunt,
3062 4294 3642 4363 stolidissimarumque
3694 4313 3843 4349 men-

615 4385 744 4437 tium
774 4386 961 4438 sordes
989 4397 1267 4441 evomunt.
1293 4387 1373 4440 Ad
1407 4386 1619 4457 Moysen
1676 4388 1819 4440 enim
1858 4389 2029 4455 ipsum
2063 4385 2172 4437 ait:
2223 4401 2241 4432 (
2273 4382 2383 4450 Ego
2441 4397 2556 4436 sum
2615 4383 2704 4450 qui
2763 4399 2879 4436 sum
2916 4383 2981 4436 ".
3021 4401 3038 4433 ι
3073 4382 3224 4447 Quod
3266 4391 3446 4437 autem
3480 4397 3608 4437 vere
3655 4400 3753 4452 per
3791 4401 3845 4439 se

613 4488 715 4541 est,
775 4477 1041 4544 quomodo
1079 4477 1130 4530 id
1177 4478 1392 4547 prOpria
1447 4478 1795 4533 subsistentia
1855 4477 2170 4532 destitutum
2213 4473 2443 4539 confingi
2511 4488 2651 4541 quan
2677 4475 2830 4542 loque
2853 4473 3199 4543 patestillos
3231 4475 3413 4543 itaque
3450 4474 3542 4543 qui
3613 4475 3689 4529 ita
3725 4491 3847 4530 sen-

615 4574 771 4634 tiunt,
807 4571 929 4640 jure
983 4586 1205 4626 summae
1251 4573 1529 4642 cujusdam
1578 4574 1807 4626 inscitia:
1850 4570 2348 4626 condemnabimus.

681 4664 820 4718 XVI.
861 4666 966 4721 Sed
995 4681 1166 4733 neque
1192 4666 1309 4720 illos
1333 4681 1563 4735 quoque,
1594 4681 1690 4720 nos
1715 4667 1804 4735 qui
1839 4664 2021 4719 sedula
2049 4664 2170 4716 dili-
2208 4669 2247 4719 ι)

614 4756 868 4827 gentique
897 4757 1310 4824 investigatione
1337 4757 1618 4809 veritatem
1666 4754 1938 4823 inquirere
1987 4752 2177 4806 didici-

614 4864 757 4911 mus,
804 4847 960 4902 facile
1014 4847 1535 4910 commendabimus,
1591 4845 1681 4914 qui
1725 4860 1941 4899 carnem
2001 4842 2178 4896 Verbo

617 4937 819 4989 unitam
849 4937 1024 4990 anima
1050 4936 1274 4990 rationis
1301 4937 1559 5006 participe
1580 4936 1889 4990 destitutam
1909 4935 2179 4996 arbitrati,

617 5025 851 5078 Verbum
915 5040 1097 5089 carne,
1129 5040 1246 5093 quae
1292 5026 1513 5079 vitalem
1569 5035 1772 5079 tantum
1823 5035 1876 5079 et
1928 5025 2180 5079 sensilem

616 5119 905 5170 motionem
933 5118 1122 5170 sortita
1158 5117 1247 5180 sit,
1282 5116 1525 5170 indutum
1578 5116 1928 5170 introducant
1962 5135 1975 5169 ε
2012 5126 2179 5170 I0lam

617 5222 744 5261 vero
771 5208 963 5260 mentis
981 5216 1033 5260 et
1056 5206 1403 5276 intelligentis
1438 5207 1629 5260 animre
1659 5208 1774 5259 vim-
1794 5207 2178 5277 energiamque

621 5299 904 5368 Unigenito
936 5300 1268 5365 attribuunt;
1315 5299 1472 5353 fateri
1507 5300 1674 5364 enim,
1699 5302 1881 5355 nescio
1909 5300 2178 5370 quomodo

685 5456 731 5486 “
768 5453 924 5508 Joan.
949 5471 1058 5521 xw,
1093 5456 1146 5509 9.
1222 5455 1265 5487 “
1302 5454 1456 5513 Joan.
1492 5471 1547 5520 x,
1579 5456 1664 5510 50.

1769 5457 1810 5487 ⁵⁷
1856 5455 2017 5510 Hebr.
2051 5472 2121 5518 tv,
2158 5455 2243 5510 ιε.

2343 4662 2457 4726 ΚΓ.
2501 4658 2579 4712 Ui)
2612 4661 2762 4730 μηνὶ)
2794 4662 2914 4714 οὐδὲ
2939 4661 3176 4724 ἐκείνους
3209 4664 3590 4732 ὲπαινέσομεν,
3630 4664 3848 4734 φιλοθη-

2287 4755 2398 4822 ρεῖν
2432 4747 2489 4804 εὖ
2535 4754 2677 4821 μάλα
2707 4752 3070 4820 δεδιδαγμένοι
3115 4753 3176 4805 τὸ
3219 4751 3434 4821 ἀληθὲς,
3484 4753 3532 4804 οἳ
3580 4757 3846 4823 τητᾶσθαι

2284 4846 2497 4913 λέγουσι
2557 4846 2730 4916 ψυχῆς
2793 4845 3011 4916 λογικῆς
3066 4847 3164 4918 τὴν
3215 4846 3502 4899 ὲνωθεῖσαν
3555 4847 3635 4916 τῷ
3695 4850 3848 4918 Λόγῳ

2288 4938 2484 5007 σάρκα.
2515 4937 2687 5005 Σαρκὶ
2736 4927 2842 5004 γάρ
2887 4954 2987 4988 που
3037 4939 3202 5007 μόνην
3249 4936 3346 5007 τὴν
3391 4935 3628 5007 ζωτικὴν
3667 4957 3726 4990 τε
3759 4943 3849 4992 καὶ

2285 5027 2603 5098 αἰσθητικὴν
2630 5027 2869 5097 λαχούσῃ
2892 5028 3103 5096 κίνησιν
3131 5031 3520 5097 ἀμφιεννύντες
3540 5030 3630 5081 τὸν
3655 5032 3847 5097 Λόγον,

2285 5119 2690 5189 παραφέρουσιν
2719 5122 2794 5180 εἰς
2827 5121 3052 5188 κόσμον,
3083 5121 3181 5187 τὴν
3218 5119 3308 5171 νοῦ
3341 5121 3436 5172 καὶ
3471 5119 3648 5189 ψυχῆς
3700 5122 3851 5192 ἐνέρ-

2284 5227 2438 5277 γειαν
2488 5210 2847 5278 ἀπονέμοντες
2895 5210 2972 5279 τῷ
3034 5212 3344 5278 Move-(avsi.
3395 5211 3851 5282 Καταπεφρίκασι

2284 5298 2412 5370 γὰρ,
2451 5300 2549 5353 οὐκ
2577 5298 2671 5352 οἷδ’
2704 5301 2870 5365 ὅπως,
2903 5301 3217 5373 ψυχωθείσῃ
3267 5302 3454 5372 λογικῇ
3482 5304 3626 5372 ψυχῇ
3657 5307 3722 5373 τῇ
3755 5306 3848 5356 ἁν-

2321 5455 2365 5487 "
2406 5454 2558 5510 Joan.
2593 5471 2702 5521 xrv,
2731 5455 2784 5508 6.
2863 5457 2906 5486 δ’
2949 5456 3117 5511 Exod.
3156 5474 3236 5524 ιιι,
3271 5457 3357 5512 14.

1715 5612 1880 5668 νοτία
1918 5613 2169 5666 lectiones
2204 5611 2403 5666 codicis
2434 5610 2785 5682 Seguieriaui.

1209 5731 1236 5769 δ
1269 5729 1482 5786 οὐκοῦν.

690 5732 718 5761 ⁸
755 5729 1130 5802 ἡλιθιωτάτης.
