4056 6334
127 372 260 426 “57

1057 369 1142 422 DE
1181 367 1404 422 RECTA
1449 369 1622 435 FIDE,
1666 369 1756 422 AD
1799 367 2241 424 TIlEODOSlUM
2281 367 2417 424 1MP.

3216 372 3352 428 H58

125 487 369 561 θρωπίνῃ
429 494 592 558 σαρκὶ
652 495 791 540 κατὰ
846 496 1006 555 φύσιν
1070 488 1307 557 ἡνῶσθαι.
1369 488 1458 539 τὸν
1517 489 1686 553 Λόγον

1805 494 2067 551 verentur,
2092 485 2320 539 Verbum
2345 487 2493 540 carni
2529 487 2792 549 humanm,
2823 484 2999 539 anima
3027 484 3356 555 intelligente

124 581 399 648 ὁμολογεῖν
421 593 434 608 ⁸
473 583 570 648 τῆς
622 578 720 648 μὲν
753 578 957 630 ἄνωθέν
987 595 1045 630 τε
1078 580 1171 630 καὶ
1201 577 1684 646 ἀρχαιοτάτης-πί-

127 688 292 732 στεως
350 671 447 739 τὴν
500 670 792 740 παράδοσιν
847 669 1024 736 ὀλίγου
1086 669 1362 730 παντελῶς
1413 669 1686 731 ἀξιοῦντες

124 763 299 826 λόγου,
334 762 548 829 θελήσει
596 761 651 812 δὲ
701 760 837 832 μόνῃ
887 765 950 830 τῇ
986 760 1126 813 κατά
1175 761 1313 828 σφᾶς
1359 761 1554 821 αὐτοὺς
1597 765 1688 812 καὶ

125 854 232 914 τοῖς
284 851 643 920 ἀνθρωπίνοις
693 852 802 902 δεῖν
853 851 1079 904 ἕπεσθαι
1129 850 1428 918 λογισμοῖς,
1460 850 1687 917 ἀμαθῶς

125 943 410 1010 ᾑρημένοι,
437 943 531 993 καὶ
553 939 870 1011 φρονοῦντες
894 941 1106 1011 ἀληθῶς
1135 941 1262 1009 παρ’
1297 939 1322 990 ὂ
1351 940 1430 991 δεῖ
1451 943 1685 1010 φρονεῖν.

127 1036 230 1086 Καὶ
281 1036 364 1097 τίς
396 1038 422 1087 ό
466 1035 621 1101 λόγος
653 1035 833 1097 αὐτοῖς
867 1033 958 1086 τοῦ
1007 1032 1209 1084 τοιοῦδε
1253 1032 1539 1101 δόγματος,
1581 1031 1690 1098 ἐγὼ

128 1127 335 1197 φράσω.
367 1128 467 1180 Τὸν
500 1127 633 1180 Θεοῦ
669 1128 894 1197 μεσίτην
923 1127 1016 1179 καὶ
1047 1125 1367 1197 ἀνθρώπιον,
1406 1126 1544 1178 κατά
1592 1124 1690 1188 τὰς

126 1219 366 1288 Γραφάς,
401 1220 717 1287 συγκεῖσθαί
761 1236 939 1288 φαμεν
971 1219 1032 1270 ἐκ
1064 1234 1120 1270 τε
1155 1217 1250 1287 τῆς
1285 1217 1404 1268 καθ’
1434 1219 1581 1286 ἡμᾶς
1599 1219 1690 1269 ἀν·

128 1312 474 1381 θρωπότητος
511 1310 730 1372 τελείως
758 1311 988 1380 ἐχούσης
1021 1309 1162 1362 κατὰ
1210 1309 1298 1361 τὸν
1334 1309 1462 1362 ἴδιον
1510 1309 1686 1376 λόγον,

130 1405 217 1455 καὶ
265 1406 328 1456 ἐκ
381 1403 473 1455 τοῦ
531 1403 829 1472 πεφηνότος
879 1403 943 1453 ὲκ
991 1400 1124 1452 Θεοῦ
1173 1401 1312 1453 κατὰ
1343 1401 1502 1468 φύσιν
1537 1399 1688 1464 Υίοῦ,

129 1493 367 1548 τουτέστι
392 1495 485 1546 τοῦ
514 1492 868 1560 Μονογενοῦς.
901 1493 1363 1561 Διαΰεόαιούμεθα
1394 1494 1447 1544 δὲ
1481 1493 1692 1546 σύνοδον

133 1587 225 1654 μέν
256 1603 395 1648 τινα,
427 1586 519 1637 καὶ
562 1585 658 1652 τὴν
706 1585 842 1653 ὑπὲρ
875 1585 1028 1649 λόγον
1053 1585 1375 1654 συνδρομὴν,
1402 1586 1480 1646 είς
1502 1585 1693 1636 ἕνωσιν

129 1680 324 1730 ἀνίσων
367 1695 424 1729 τε
461 1676 552 1729 καὶ
580 1677 844 1744 ἀνομοίων
873 1676 1184 1744 πεπρᾶχθαι
1224 1677 1599 1744 φύσεων.Ἐνα
1639 1678 1696 1729 δ’

130 1765 217 1820 οὖν
267 1768 416 1836 ὅμως
484 1765 738 1834 Χριστὸν,
779 1767 872 1817 καὶ
919 1767 1118 1836 Κύριον
1157 1767 1381 1834 Ἰησοῦν,
1422 1767 1512 1818 καὶ
1569 1768 1694 1819 Υἰὸν

1793 578 2028 647 perfecte
2079 585 2133 631 et
2175 578 2458 632 informate
2503 577 2796 632 secundum
2844 586 3092 630 naturam
3149 579 3354 631 unitum

1791 684 1930 723 esse.
1970 667 2188 731 Verum,
2221 669 2346 721 dum
2400 671 2470 721 ita
2525 669 2987 737 philosophantur,
3013 668 3244 736 antiqua:
3306 678 3358 722 et

1793 760 1916 812 olim
1954 760 2162 813 tradita:
2212 759 2332 811 ﬁdei
2386 759 2647 811 rationein
2703 759 2923 812 omnino
2971 758 3267 828 negligunt,
3302 767 3357 811 et

1795 855 2084 905 voluntatis
2115 866 2223 904 sua-
2249 851 2447 918 judicio
2473 851 2607 904 male
2652 867 2783 905 sano
2811 853 2897 928 (ιιι
2923 851 3062 919 quod
3095 853 3358 904 humanas

1798 951 2000 995 tantum
2025 944 2260 997 rationes
2296 953 2344 996 et
2391 942 2724 1010 conjecturas
2760 943 2909 1011 sequi
2947 942 3150 1008 soleat)
3196 953 3358 1008 prave

1797 1033 1982 1097 innixi,
2017 1049 2172 1087 secus
2223 1049 2384 1103 quam
2432 1048 2616 1086 revera
2672 1042 3003 1102 oportuerat,
3051 1036 3265 1102 sapiunt
3304 1042 3359 1084 et

1797 1129 2051 1179 sentiunt.
2085 1126 2149 1178 Et
2184 1141 2452 1193 quamam,
2479 1124 2728 1187 obsecro,
2767 1124 3030 1192 dogmatis
3073 1124 3230 1191 hujus
3277 1130 3362 1174 est

1797 1217 1969 1270 ratio?
2004 1217 2204 1271 Dicam.
2263 1217 2610 1270 Mediatorem
2656 1215 2746 1269 Dei
2775 1225 2827 1269 et
2859 1217 3131 1270 hominum
3164 1215 3230 1280 '°,
3259 1215 3360 1267 hoc

1797 1320 1880 1363 est
1909 1310 2206 1375 Christum,
2235 1326 2300 1362 ex
2332 1309 2666 1363 humanitate
2716 1307 2954 1360 numeris
2993 1307 3243 1359 omnibus
3274 1318 3362 1357 se-

1799 1403 2029 1454 cundum
2074 1404 2342 1469 propriam
2401 1401 2661 1455 rationem
2723 1403 2958 1467 perfecta
3015 1408 3068 1451 et
3117 1397 3360 1451 absoluta

1802 1491 2136 1558 naturalique
2184 1492 2274 1544 Dei
2311 1491 2469 1556 Filio,
2515 1493 2614 1544 hoc
2655 1500 2735 1544 est
2769 1489 3075 1558 Unigenito,
3101 1489 3362 1541 constitu-

1803 1594 1938 1644 tum,
1977 1584 2272 1651 Scripturis
2308 1583 2688 1638 convenienter
2717 1584 3088 1651 praedicamus.
3117 1578 3364 1632 Allirma-

1803 1689 1920 1728 mus
1959 1682 2138 1727 autem
2167 1684 2384 1726 naturas
2410 1675 2673 1742 dispares,
2702 1688 2763 1725 ac
2790 1673 2930 1725 inter
2968 1685 3026 1724 se
3053 1669 3361 1731 dissimiles,

1802 1768 2032 1833 quadarn
2088 1767 2322 1820 coitione
2369 1775 2419 1819 et
2463 1780 2725 1818 concursu
2756 1766 2844 1832 qui
2895 1763 3072 1816 verbis
3107 1763 3364 1831 explicari

130 1857 489 1927 ὀνομάζεσθαι
546 1858 998 1926 ἐπιγινώσκομεν,
1037 1861 1092 1908 ἐν
1151 1858 1332 1927 ταυτῷ
1379 1861 1472 1910 καὶ
1527 1860 1698 1928 ὑπάρ-

1805 1874 1906 1910 ηοιι
1939 1867 2134 1925 potest,
2163 1858 2211 1908 in
2241 1871 2404 1909 unum
2437 1855 2774 1909 convenisse.
2802 1854 3158 1923 Agnoscimus
3188 1862 3364 1906 tamen

131 1968 308 2019 κοντα,
345 1950 438 2002 καὶ
487 1949 772 2018 νοούμενον
816 1949 948 2001 Θεόν
992 1967 1050 2000 τε
1098 1948 1232 2017 ὁμοῦ
1265 1950 1357 2000 καὶ
1392 1950 1694 2019 ἄνθρωπον.

143 2042 530 2112 ’Λδεάσπαστον
568 2041 623 2092 δὲ
662 2041 941 2101 παντελῶς
970 2039 1067 2108 τὴν
1099 2041 1289 2093 ἕνωσιν
1317 2041 1592 2110 διατηρεῖν
1621 2044 1700 2093 εἰ-

133 2131 383 2200 θίσμεθα,
412 2131 502 2183 τὸν
532 2131 691 2182 αὑτὸν
728 2126 865 2182 εἶναι
899 2131 992 2183 καὶ
1023 2131 1305 2200 Μονογενῆ
1333 2132 1700 2194 πιστεύοντες,

133 2223 221 2273 καὶ
269 2221 639 2289 πρωτότοκον·
693 2221 966 2289 Μονογενῆ
1019 2221 1137 2288 μὲν,
1170 2220 1243 2282 ὡς
1300 2219 1431 2272 Θεοῦ
1494 2222 1703 2289 Πατρὸς

131 2314 318 2379 Λόγον,
363 2315 458 2364 καὶ
486 2314 549 2364 ἐκ
578 2311 678 2381 τῆς
707 2311 890 2374 οὐσίας
927 2312 1091 2364 αὑτοῦ
1133 2312 1411 2381 πεφηνότα.
1434 2330 1446 2342 ·
1482 2314 1695 2382 πρωτό-

130 2423 282 2457 τοκον
321 2407 368 2456 δ’
400 2400 488 2467 αὖ,
521 2404 652 2457 καθὸ
687 2406 909 2471 γέγονεν
939 2403 1242 2472 ἄνθρωπος,
1280 2405 1372 2455 καὶ
1402 2405 1457 2455 ἐν
1484 2403 1699 2464 πολλοῖς

133 2497 615 2565 ὰόελιροῖς.”Ωσπερ
650 2495 758 2565 γὰρ
791 2491 869 2557 εἷς
917 2497 1031 2547 ἐστι
1065 2494 1196 2557 Θεὸς
1225 2497 1252 2546 ό
1283 2494 1491 2564 Πατὴρ,
1537 2495 1594 2557 ἐξ
1637 2487 1697 2545 οὗ

131 2584 193 2635 τὰ
227 2585 405 2635 πάντα
427 2600 440 2612 ·
473 2584 615 2634 οὕτω
640 2586 732 2633 καὶ
759 2581 838 2643 εἷς
872 2585 1074 2648 Κύριος
1115 2580 1317 2639 Ἰττσοῦς
1347 2579 1598 2647 Χριστὸς,
1628 2579 1705 2630 δι’

132 2672 187 2728 οὗ
213 2676 278 2726 τὰ
305 2674 504 2726 πάντα.
533 2672 664 2724 Θεὸν
693 2672 800 2739 γὰρ
830 2672 956 2723 ὄντα
986 2670 1126 2722 κατὰ
1155 2670 1313 2736 φύσιν
1345 2671 1701 2736 ἐπιγινώσκο-

137 2783 230 2832 μεν
266 2765 359 2817 τὸν
402 2765 467 2816 δι’
501 2758 561 2817 οὗ
586 2762 654 2815 τὰ
685 2763 881 2826 πάντα,
912 2762 1102 2829 Λόγον,
1133 2763 1224 2813 καὶ
1256 2763 1303 2813 εἰ
1330 2761 1516 2828 γέγονε
1547 2761 1701 2831 σὰρξ,

135 2854 410 2906 τουτέστιν
437 2851 532 2906 ἄνθ
543 2868 740 2918 ρωπος.

1799 1963 1963 2001 ιιιιυιιι
2006 1947 2106 2016 15
2136 1947 2503 2010 Christum,et
2528 1945 2808 1999 Dominum
2840 1945 3045 2009 Jesum,
3078 1955 3129 1996 et
3165 1943 3362 1996 Filium

1801 2047 2085 2103 vocatum;
2128 2039 2320 2107 quippe
2353 2052 2470 2091 cum
2496 2037 2653 2089 simul
2682 2034 2823 2089 Deus
2847 2046 2900 2088 et
2936 2036 3094 2089 homo
3139 2035 3368 2088 exsistat

1802 2131 2075 2200 mentique
2124 2147 2182 2185 se
2238 2129 2690 2184 oll'erat.Etenim
2735 2130 2861 2183 unio
2917 2131 3000 2183 illa
3048 2141 3366 2183 naturarum

1804 2239 1972 2291 usque
2030 2225 2163 2277 adeo
2217 2225 2488 2278 individua
2552 2225 2924 2292 inilivulsaque
2976 2233 3058 2277 est
3100 2234 3158 2276 ιιι
3203 2239 3368 2276 unum

1807 2314 2160 2380 eumdemqne
2222 2315 2555 2382 unigenitum
2615 2316 2776 2369 simul
2837 2326 2892 2368 et
2955 2315 3368 2384 primogenitum

1807 2403 2126 2455 credamus:
2163 2403 2494 2470 unigenitum
2530 2405 2766 2471 quidem,
2795 2414 3045 2468 tanquam
3081 2403 3170 2453 Dei
3197 2400 3370 2453 Patris

1806 2493 2062 2549 Verbum.
2091 2509 2151 2544 ex
2183 2494 2324 2545 illius
2351 2494 2650 2546 substantia
2696 2503 2913 2555 natum;
2950 2491 3366 2559 primogenitum

1804 2593 1950 2644 rem,
1986 2589 2247 2645 quatenus
2295 2580 2435 2633 inter
2470 2581 2662 2640 multos
2691 2582 2887 2635 fratres
2935 2584 3092 2636 homo
3123 2583 3368 2636 exstitit:

1804 2669 2232 2736 quandoquidem
2282 2681 2337 2720 ιιι
2395 2686 2530 2724 unus
2590 2681 2673 2726 est
2726 2673 2867 2726 Deus
2918 2671 3100 2736 Pater,
3147 2687 3208 2726 ex
3266 2688 3371 2740 quo

1802 2759 2012 2824 Omnia;
2048 2760 2115 2811 ita
2158 2776 2296 2812 unus
2326 2775 2540 2829 quoque
2574 2772 2658 2816 est
2698 2763 2955 2817 Dominus
3007 2763 3166 2817 Jesus
3219 2762 3373 2816 Citri-

1803 2859 1935 2912 stus,
1967 2865 2062 2917 per
2109 2865 2266 2918 quem
2319 2853 2498 2905 omnia
2523 2853 2588 2905 ⁸¹.
2623 2851 2755 2906 Nam
2811 2852 3045 2907 Verbum
3094 2855 3244 2916 illud,
3280 2869 3374 2922 per

135 2945 268 3013 quod
314 2943 495 2997 omnia
545 2946 867 3005 coasistuut,
901 2941 1195 2995 secundum
1239 2949 1483 2992 natumut
1527 2941 1688 2994 Deum
1731 2941 2142 3005 essenovimus,
2174 2943 2384 2997 etiamsi
2426 2958 2574 3010 caro,
2646 2945 2883 2999 hoe'est
2955 2947 3114 3000 homo
3172 2946 3371 3000 factum

137 3047 233 3091 €51.

199 3126 299 3184 lZ'.
355 3127 496 3180 Ἀλλ’
529 3127 642 3180 οὔτι
673 3144 772 3178 που
803 3126 1002 3195 σφόδρα
1031 3129 1148 3188 ταῖς
1175 3126 1232 3175 ἐν
1257 3127 1386 3194 ἡμῖν
1417 3125 1541 3193 περὶ
1579 3122 1698 3175 τού-

1871 3123 2034 3176 XVII.
2087 3124 2588 3188 Caeterum,eorum
2641 3128 2782 3181 dicta
2831 3143 2951 3180 cum
3021 3131 3219 3183 nostris
3270 3145 3373 3183 non

138 3241 222 3274 του
270 3221 456 3286 δόξαις
502 3222 571 3272 τὰ
617 3220 840 3271 ἐκείνων
896 3218 1394 3287 συμφέρεταιίἙνα
1445 3218 1542 3286 μὲν
1596 3217 1702 3286 γὰρ

137 3312 581 3383 ὁμολογουμένως
649 3311 1043 3380 παραδέχονται
1108 3310 1202 3362 καὶ
1263 3309 1416 3360 αὐτοὶ
1498 3307 1702 3378 Ἰησοῦν

138 3405 388 3475 Χριστὸν,
421 3402 800 3472 παρωθοῦνται
833 3403 888 3454 δὲ
919 3401 1057 3463 λίαν,
1091 3401 1163 3462 ὡς
1193 3400 1446 3461 δυσσεϐὲς
1473 3401 1551 3451 ὅτι
1600 3399 1702 3467 μάο

139 3496 306 3559 λιστα,
339 3494 688 3563 καταδιιστᾷν
732 3495 810 3554 εἰς
853 3492 946 3544 δύο
992 3493 1082 3544 τὸν
1116 3492 1479 3561 Ἐμμανουήλ.
1514 3493 1705 3562 Ψυχῆς

139 3585 180 3638 δ’
205 3580 295 3638 οῦν
325 3585 477 3653 ὅμως
507 3582 606 3651 τῆς
634 3582 980 3652 ἀνθρωπίνης
1027 3582 1120 3633 καὶ
1148 3582 1369 3652 λογικῆς
1398 3583 1497 3652 τὴν
1528 3582 1705 3651 σάρκα

141 3672 474 3742 χωρίσαντες
518 3671 610 3723 καὶ
653 3670 1054 3739 γυμνώσαντες,
1093 3670 1330 3741 ἡνῶσθαί
1372 3689 1533 3738 φασιν
1567 3673 1702 3743 αὐτῇ

141 3767 224 3817 τὸν
252 3768 314 3817 ἐκ
345 3763 484 3817 Θεοῦ
514 3763 710 3831 Λόγον·
740 3762 1027 3832 ἐξεύρηται
1052 3763 1108 3816 δέ
1142 3780 1224 3824 τις
1260 3764 1439 3826 αὐτοῖς
1487 3765 1579 3816 καὶ
1621 3783 1708 3817 πι-

142 3853 310 3916 θανὸς,
358 3853 435 3914 ὡς
483 3851 707 3914 οἴονται,
747 3851 879 3920 πρὸς
914 3851 1070 3902 τοῦτο
1109 3851 1286 3918 λόγος.
1323 3852 1402 3904 Τά
1448 3852 1554 3922 γάρ
1602 3869 1705 3916 τοι,

141 3948 298 4011 φασὶ,
345 3944 490 3993 κατά
544 3939 792 3991 σύνθεσιν
844 3941 979 4006 πρὸς
1028 3943 1145 3999 ἑνὸς
1193 3943 1396 3996 τελείου
1451 3946 1707 3996 σύστασιν

143 4029 652 4101 συνδεδραμηκότα,
691 4028 832 4098 μέρη
860 4044 918 4078 τε
957 4038 979 4065 ο
1009 4028 1103 4080 καὶ
1130 4027 1188 4091 ἐξ
1231 4029 1434 4081 ἀτελῶν
1479 4030 1707 4099 ὁρᾶσθαι

143 4123 302 4192 φιλεῖ⁸
333 4120 429 4173 τοῦ
468 4120 690 4182 τελείως
739 4119 952 4188 ἔχοντος
1000 4119 1120 4172 καθ’
1151 4119 1345 4180 ἑαυτὸ,
1381 4121 1475 4173 καὶ
1526 4120 1598 4183 ὡς
1651 4122 1707 4172 ἐν

146 4215 244 4284 ibi;
278 4213 464 4281 φύσει,
501 4213 601 4280 τῆς
639 4211 704 4262 ὲκ
733 4208 913 4278 μερῶν
942 4208 1243 4273 συνθέσεως
1276 4209 1336 4262 οὐ
1365 4209 1703 4279 δεδεημένου.

1810 3216 1943 3269 satis
1976 3224 2295 3285 congruunt.
2342 3215 2471 3270 Nam
2521 3226 2575 3271 et
2613 3218 2709 3286 ipsi
2737 3234 2949 3288 quoque
2987 3237 3150 3273 unum
3202 3221 3374 3276 solum

1811 3307 2079 3361 Christum
2146 3320 2330 3377 aperte
2397 3313 2750 3375 censtituunt,
2812 3322 2863 3364 et
2922 3327 3084 3364 unum
3163 3312 3376 3365 Emma-

1812 3399 2021 3454 nueletn
2071 3401 2122 3453 in
2177 3402 2310 3454 duos
2365 3400 2640 3464 divellere,
2694 3413 2945 3469 tauquam
2995 3418 3104 3457 rem
3166 3419 3377 3458 summa

1812 3505 1930 3544 cum
1974 3491 2253 3558 impietate
2294 3491 2656 3558 coniunctam,
2699 3507 3044 3561 summopere
3088 3508 3378 3547 exsecran-

1814 3590 1902 3634 tur
1936 3599 1948 3636 :
1981 3582 2074 3635 sed
2108 3581 2342 3635 Verbum
2398 3584 2610 3636 interim
2643 3586 2815 3647 carni,
2851 3599 2967 3653 quas.
2996 3585 3252 3649 humana,
3275 3588 3378 3640 hoc

1812 3685 1912 3738 est,
1941 3676 2150 3728 ratione
2183 3676 2403 3743 prmdita
2456 3676 2632 3728 anima
2685 3687 2844 3729 exuta
2896 3677 3258 3744 destitutaqne
3285 3678 3375 3738 sit,

1814 3765 2018 3818 unitunt
2049 3766 2372 3834 praedicant;
2404 3777 2455 3819 et
2487 3783 2583 3819 cur
2624 3769 2762 3821 istud
2810 3768 3104 3836 pra-dicare
3123 3768 3375 3831 debeant,

1816 3854 2074 3907 rationein
2110 3855 2394 3907 admodum
2423 3855 2758 3923 plausibilem
2791 3858 3120 3926 comperisse
3138 3873 3194 3911 se
3222 3868 3379 3911 autu-

1817 3954 1983 3997 mant.
2015 3945 2181 3996 Aiunt
2209 3945 2512 4012 enim,qu:e
2545 3948 2608 3998 ad
2659 3949 2816 4001 unius
2859 3946 3080 4015 perfecti
3121 3950 3381 4001 constitu-

1817 4029 2016 4082 tionem
2062 4042 2160 4093 per
2207 4033 2649 4096 compositionem
2708 4046 3061 4097 concurrunt,
3092 4051 3153 4089 ea
3203 4047 3381 4103 partes

1815 4133 1934 4173 esse
1951 4131 2003 4174 et
2027 4121 2460 4190 imperfectorutn
2491 4127 2749 4178 rationem
2785 4125 3028 4181 obtinere
3053 4144 3065 4190 ;
3093 4143 3215 4180 nam
3240 4129 3380 4195 quod

1814 4210 2111 4276 perfectum
2145 4223 2226 4266 est
2254 4229 2345 4282 per
2384 4230 2460 4279 se,
2493 4225 2652 4284 atque
2681 4226 2737 4267 ιιι
2789 4216 2842 4268 in
2899 4217 3109 4285 propria
3165 4229 3378 4282 natura,

146 4305 453 4373 Τοιγάρτοι,
496 4301 648 4368 φασὶ,
712 4298 1071 4368 παραιτητέον
1137 4298 1378 4362 εἰκότως,
1425 4298 1698 4366 ἄνθρωποι

1816 4317 1919 4353 non
1963 4316 2096 4368 opus
2156 4304 2335 4365 habet,
2375 4315 2433 4357 ut
2487 4304 2553 4357 ad
2605 4305 2880 4372 partialem
2937 4306 3378 4372 compositionem

143 4393 318 4446 δοῦναι
352 4392 582 4453 τέλειον,
612 4393 703 4442 τὸν
735 4387 1096 4441 συνενωθέντα
1129 4388 1209 4457 τῷ
1241 4390 1396 4458 Λόγῳ
1440 4389 1587 4454 ναὸν,
1622 4390 1710 4442 ἵνα.

142 4488 230 4538 καὶ
263 4487 294 4553 ὴ
330 4482 592 4546 ἓνωσιςά,
627 4483 769 4553 ἤπερ
801 4481 866 4534 ἂν
912 4481 1004 4532 ἐπὶ
1038 4481 1259 4550 Χριστῷ
1306 4483 1477 4533 νοοῖτο
1523 4480 1708 4549 τυχὸν,

146 4576 341 4646 ἀκριϐῆ
371 4592 434 4626 τε
486 4573 580 4626 καὶ
615 4572 932 4641 ἀδιάϐλητον
981 4571 1072 4624 τὸν
1127 4573 1212 4622 ἐπ’
1240 4572 1406 4640 αὐτῆς
1436 4570 1709 4633 ἀποσώζοι

141 4666 311 4733 λόγον.
353 4665 466 4719 Καὶ
523 4664 628 4733 μὴν
674 4665 891 4717 κάκεῖνο
944 4661 1226 4733 προσθεῖεν
1272 4662 1357 4724 ἂν,
1389 4661 1574 4733 ῶσπερ
1617 4657 1709 4715 οὖν

142 4759 371 4827 ἡγοῦμαι
401 4768 447 4822 ε,
474 4755 653 4809 πάλιν.
684 4755 743 4807 Εἰ
771 4753 877 4823 γὰρ
908 4753 965 4815 ἐξ
995 4752 1282 4822 ἀνθρώπου
1303 4753 1530 4814 τελείου,
1551 4755 1707 4821 φασὶ,

141 4848 229 4898 καὶ
257 4847 349 4899 τοῦ
388 4847 454 4898 ἐκ
486 4843 579 4897 τοῦ
611 4844 821 4913 Πατρὸς
859 4842 1006 4904 ὄντος
1033 4843 1207 4911 Λόγου
1239 4843 1525 4912 φήσομενῖ
1565 4839 1703 4895 εἶναι

140 4940 224 4991 τὸν
257 4936 630 5008 Ἐμμανουὴλ,
663 4937 722 4988 οῦ
788 4935 959 5005 βραχὺ
1016 4935 1074 4985 τὸ
1131 4934 1323 5003 δεῖμα,
1387 4934 1583 5003 μᾶλλον
1646 4935 1702 4986 δὲ

139 5028 467 5096 ὰδιὰφυκτον
534 5027 632 5096 ἤδη
673 5043 787 5088 πως
852 5026 1202 5092 ἀναφανεῖται
1263 5023 1468 5086 λοιπὸν,
1501 5024 1561 5074 τὸ
1607 5024 1700 5075 καὶ

141 5117 449 5188 ἀϐουλήτως
496 5116 606 5167 δεῖν
653 5114 745 5167 δύο
792 5115 888 5183 μὲν
918 5115 1084 5178 υἱοὺς,
1132 5114 1400 5180 Χριστοὺς
1442 5109 1574 5166 δἀῦ
1611 5113 1702 5164 δύο

142 5211 348 5277 φρονεῖν
392 5224 454 5259 τε
504 5206 598 5258 καὶ
648 5206 846 5274 λέγειν.
878 5201 1010 5257 Εἶτα
1041 5205 1094 5256 τί
1120 5205 1328 5266 τούτοις
1372 5204 1701 5275 ἁντεροῦμεν

143 5300 321 5368 ἡμεῖςς
371 5297 600 5367 Πρῶτον
631 5298 748 5366 μὲν,
778 5297 858 5350 ὃτι
884 5296 985 5366 τῆς
1017 5297 1250 5358 πίστεως
1276 5296 1376 5365 τὴν
1399 5295 1568 5358 οὕτως
1599 5297 1701 5366 ἀρ-

205 5457 248 5486 '°
289 5455 304 5508 Ι
338 5457 480 5511 Tim.
513 5470 574 5518 ιι,
605 5455 656 5507 5.
732 5454 776 5485 ’ί
819 5452 834 5504 l
865 5453 986 5508 Cor.
1017 5468 1134 5519 vni,
1167 5453 1220 5508 6.

1811 4392 1990 4444 veniat
2021 4411 2035 4445 :
2070 4401 2230 4461 atque
2258 4393 2377 4447 ideo
2403 4395 2700 4448 cavendum
2729 4410 2850 4449 esse
2901 4397 3091 4450 sedulo
3142 4413 3208 4451 ne
3247 4407 3381 4450 tem-

1811 4484 1978 4552 plum,
2009 4486 2152 4551 quod
2184 4483 2362 4539 Verbo
2390 4487 2602 4540 unitum
2638 4499 2741 4551 est,
2778 4488 3076 4556 perfectum
3108 4487 3378 4542 hominem

1809 4576 2083 4629 exstitisse
2131 4579 2508 4643 concedentes,
2531 4591 2778 4633 exactam
2835 4582 2978 4634 illam
3027 4583 3186 4636 unius
3214 4585 3381 4636 ratio-

1810 4679 1951 4728 netn,
1981 4681 2101 4733 qute
2142 4668 2192 4719 in
2218 4667 2432 4723 Christo
2480 4672 2741 4724 accidisse
2789 4673 3143 4739 dignoscitur,
3175 4676 3380 4727 merita:

1809 4755 2088 4810 calumnia:
2135 4773 2488 4827 exponamus.
2526 4761 2661 4826 Quin
2719 4772 2771 4814 et
2822 4763 2949 4816 illud
3002 4779 3215 4832 quoque
3278 4765 3381 4818 huc

1815 4846 2118 4915 adjecturos
2151 4851 2427 4914 suspicor;
2469 4865 2680 4918 nempe,
2707 4852 2749 4904 si
2779 4868 2842 4905 ex
2876 4854 3088 4906 homine
3122 4855 3379 4922 perfecto,

1813 4947 1868 4990 et
1892 4935 1982 4990 Dei
2015 4937 2192 4993 Patris
2227 4939 2399 4994 Verbo
2459 4941 2864 4997 Emmanuelem
2917 4944 3186 4996 coaluisse
3233 4944 3382 4996 dira-

1805 5043 1946 5090 tnus,
1982 5027 2034 5080 in
2068 5029 2194 5082 illud
2229 5047 2323 5084 nos
2371 5042 2420 5085 et
2469 5048 2740 5100 maguum,
2775 5044 2821 5086 et
2861 5034 3016 5102 plane
3069 5036 3382 5090 inevitabile

1803 5116 2098 5182 periculum
2127 5127 2382 5172 venturos
2414 5134 2551 5182 esse,
2576 5132 2632 5173 ut
2664 5122 2744 5173 vel
2779 5123 2928 5174 inviti
2954 5125 3084 5176 duos
3109 5124 3376 5190 Christos,

1802 5217 1855 5261 et
1888 5209 2021 5262 duos
2076 5211 2259 5264 itidem
2304 5210 2440 5265 ﬁlios
2494 5223 2679 5266 tenere
2724 5225 2776 5267 et
2825 5215 3065 5282 proﬁteri
3099 5231 3376 5284 cogamur.

1800 5297 1967 5365 Cedo,
2000 5301 2125 5368 quid
2185 5317 2284 5355 nos
2342 5305 2407 5356 ad
2466 5305 2577 5358 haec
2624 5306 3380 5376 respondebimus?Apprime

1223 5594 1394 5652 Varias
1423 5595 1681 5652 lectiones
1712 5599 1914 5654 codicis
1954 5599 2312 5668 Seguieriani.

724 5729 749 5769 δ
790 5729 1054 5794 σύνθεσις.

210 5741 230 5768 ε
271 5731 410 5801 μέρη
440 5731 496 5784 τέ
524 5731 649 5784 είσι.
724 5729 749 5769 δ
790 5729 1054 5794 σύνθεσις,
1137 5743 1160 5770 ο
1201 5725 1444 5802 ἐγῷμαι.

1527 5733 1547 5770 τ
1581 5734 1901 5805 συντίθεμεν
1932 5737 2022 5789 τὸν
2066 5736 2431 5808 Ἐμμανουήλ.
